{"id": "gen9randombattle-2631454030", "format": "[Gen 9] Random Battle", "players": ["Austin316SayYess", "Vile038"], "log": "|j|\u2606Austin316SayYess\n|j|\u2606Vile038\n|t:|1781386616\n|gametype|singles\n|player|p1|Austin316SayYess|norman|1309\n|player|p2|Vile038|265|1262\n|gen|9\n|tier|[Gen 9] Random Battle\n|rated|\n|rule|Species Clause: Limit one of each Pok\u00e9mon\n|rule|HP Percentage Mod: HP is shown in percentages\n|rule|Sleep Clause Mod: Limit one foe put to sleep\n|rule|Illusion Level Mod: Illusion disguises the Pok\u00e9mon's true level\n|\n|t:|1781386616\n|teamsize|p1|6\n|teamsize|p2|6\n|start\n|switch|p1a: Bellossom|Bellossom, L84, F|263/263\n|switch|p2a: Gurdurr|Gurdurr, L85, F|283/283\n|turn|1\n|\n|t:|1781386632\n|move|p1a: Bellossom|Quiver Dance|p1a: Bellossom\n|-boost|p1a: Bellossom|spa|1\n|-boost|p1a: Bellossom|spd|1\n|-boost|p1a: Bellossom|spe|1\n|move|p2a: Gurdurr|Bulk Up|p2a: Gurdurr\n|-boost|p2a: Gurdurr|atk|1\n|-boost|p2a: Gurdurr|def|1\n|\n|upkeep\n|turn|2\n|\n|t:|1781386643\n|move|p1a: Bellossom|Strength Sap|p2a: Gurdurr\n|-unboost|p2a: Gurdurr|atk|1\n|move|p2a: Gurdurr|Bulk Up|p2a: Gurdurr\n|-boost|p2a: Gurdurr|atk|1\n|-boost|p2a: Gurdurr|def|1\n|\n|upkeep\n|turn|3\n|\n|t:|1781386652\n|move|p1a: Bellossom|Moonblast|p2a: Gurdurr\n|-supereffective|p2a: Gurdurr\n|-damage|p2a: Gurdurr|97/283\n|move|p2a: Gurdurr|Bulk Up|p2a: Gurdurr\n|-boost|p2a: Gurdurr|atk|1\n|-boost|p2a: Gurdurr|def|1\n|\n|upkeep\n|turn|4\n|\n|t:|1781386665\n|-terastallize|p2a: Gurdurr|Steel\n|move|p1a: Bellossom|Moonblast|p2a: Gurdurr\n|-resisted|p2a: Gurdurr\n|-damage|p2a: Gurdurr|54/283\n|move|p2a: Gurdurr|Drain Punch|p1a: Bellossom\n|-damage|p1a: Bellossom|91/263\n|-heal|p2a: Gurdurr|140/283|[from] drain|[of] p1a: Bellossom\n|\n|-heal|p1a: Bellossom|107/263|[from] item: Leftovers\n|upkeep\n|turn|5\n|\n|t:|1781386678\n|move|p2a: Gurdurr|Mach Punch|p1a: Bellossom\n|-damage|p1a: Bellossom|22/263\n|move|p1a: Bellossom|Strength Sap|p2a: Gurdurr\n|-unboost|p2a: Gurdurr|atk|1\n|-heal|p1a: Bellossom|263/263\n|\n|upkeep\n|turn|6\n|\n|t:|1781386689\n|move|p1a: Bellossom|Strength Sap|p2a: Gurdurr\n|-unboost|p2a: Gurdurr|atk|1\n|move|p2a: Gurdurr|Drain Punch|p1a: Bellossom\n|-damage|p1a: Bellossom|175/263\n|-heal|p2a: Gurdurr|184/283|[from] drain|[of] p1a: Bellossom\n|\n|-heal|p1a: Bellossom|191/263|[from] item: Leftovers\n|upkeep\n|turn|7\n|\n|t:|1781386699\n|move|p1a: Bellossom|Strength Sap|p2a: Gurdurr\n|-unboost|p2a: Gurdurr|atk|1\n|-heal|p1a: Bellossom|263/263\n|move|p2a: Gurdurr|Bulk Up|p2a: Gurdurr\n|-boost|p2a: Gurdurr|atk|1\n|-boost|p2a: Gurdurr|def|1\n|\n|upkeep\n|turn|8\n|\n|t:|1781386707\n|move|p1a: Bellossom|Strength Sap|p2a: Gurdurr\n|-unboost|p2a: Gurdurr|atk|1\n|move|p2a: Gurdurr|Bulk Up|p2a: Gurdurr\n|-boost|p2a: Gurdurr|atk|1\n|-boost|p2a: Gurdurr|def|1\n|\n|upkeep\n|turn|9\n|\n|t:|1781386716\n|move|p1a: Bellossom|Giga Drain|p2a: Gurdurr\n|-resisted|p2a: Gurdurr\n|-damage|p2a: Gurdurr|130/283\n|move|p2a: Gurdurr|Bulk Up|p2a: Gurdurr\n|-boost|p2a: Gurdurr|atk|1\n|-boost|p2a: Gurdurr|def|1\n|\n|upkeep\n|turn|10\n|\n|t:|1781386724\n|move|p1a: Bellossom|Giga Drain|p2a: Gurdurr\n|-resisted|p2a: Gurdurr\n|-damage|p2a: Gurdurr|73/283\n|move|p2a: Gurdurr|Drain Punch|p1a: Bellossom\n|-damage|p1a: Bellossom|143/263\n|-heal|p2a: Gurdurr|133/283|[from] drain|[of] p1a: Bellossom\n|\n|-heal|p1a: Bellossom|159/263|[from] item: Leftovers\n|upkeep\n|turn|11\n|\n|t:|1781386734\n|move|p1a: Bellossom|Strength Sap|p2a: Gurdurr\n|-unboost|p2a: Gurdurr|atk|1\n|-heal|p1a: Bellossom|263/263\n|move|p2a: Gurdurr|Drain Punch|p1a: Bellossom\n|-damage|p1a: Bellossom|176/263\n|-heal|p2a: Gurdurr|177/283|[from] drain|[of] p1a: Bellossom\n|\n|-heal|p1a: Bellossom|192/263|[from] item: Leftovers\n|upkeep\n|turn|12\n|\n|t:|1781386745\n|move|p1a: Bellossom|Strength Sap|p2a: Gurdurr\n|-unboost|p2a: Gurdurr|atk|1\n|-heal|p1a: Bellossom|263/263\n|move|p2a: Gurdurr|Knock Off|p1a: Bellossom\n|-damage|p1a: Bellossom|218/263\n|-enditem|p1a: Bellossom|Leftovers|[from] move: Knock Off|[of] p2a: Gurdurr\n|\n|upkeep\n|turn|13\n|\n|t:|1781386754\n|move|p1a: Bellossom|Strength Sap|p2a: Gurdurr\n|-unboost|p2a: Gurdurr|atk|1\n|-heal|p1a: Bellossom|263/263\n|move|p2a: Gurdurr|Bulk Up|p2a: Gurdurr\n|-boost|p2a: Gurdurr|atk|1\n|-boost|p2a: Gurdurr|def|0\n|\n|upkeep\n|turn|14\n|\n|t:|1781386765\n|move|p1a: Bellossom|Giga Drain|p2a: Gurdurr\n|-resisted|p2a: Gurdurr\n|-damage|p2a: Gurdurr|125/283\n|move|p2a: Gurdurr|Bulk Up|p2a: Gurdurr\n|-boost|p2a: Gurdurr|atk|1\n|-boost|p2a: Gurdurr|def|0\n|\n|upkeep\n|turn|15\n|\n|t:|1781386772\n|move|p1a: Bellossom|Strength Sap|p2a: Gurdurr\n|-unboost|p2a: Gurdurr|atk|1\n|move|p2a: Gurdurr|Bulk Up|p2a: Gurdurr\n|-boost|p2a: Gurdurr|atk|1\n|-boost|p2a: Gurdurr|def|0\n|\n|upkeep\n|turn|16\n|\n|t:|1781386780\n|move|p1a: Bellossom|Strength Sap|p2a: Gurdurr\n|-unboost|p2a: Gurdurr|atk|1\n|move|p2a: Gurdurr|Bulk Up|p2a: Gurdurr\n|-boost|p2a: Gurdurr|atk|1\n|-boost|p2a: Gurdurr|def|0\n|\n|upkeep\n|turn|17\n|\n|t:|1781386787\n|move|p1a: Bellossom|Strength Sap|p2a: Gurdurr\n|-unboost|p2a: Gurdurr|atk|1\n|move|p2a: Gurdurr|Bulk Up|p2a: Gurdurr\n|-boost|p2a: Gurdurr|atk|1\n|-boost|p2a: Gurdurr|def|0\n|\n|upkeep\n|turn|18\n|\n|t:|1781386801\n|move|p1a: Bellossom|Strength Sap|p2a: Gurdurr\n|-unboost|p2a: Gurdurr|atk|1\n|move|p2a: Gurdurr|Bulk Up|p2a: Gurdurr\n|-boost|p2a: Gurdurr|atk|1\n|-boost|p2a: Gurdurr|def|0\n|\n|upkeep\n|turn|19\n|\n|t:|1781386808\n|move|p1a: Bellossom|Quiver Dance|p1a: Bellossom\n|-boost|p1a: Bellossom|spa|1\n|-boost|p1a: Bellossom|spd|1\n|-boost|p1a: Bellossom|spe|1\n|move|p2a: Gurdurr|Bulk Up|p2a: Gurdurr\n|-boost|p2a: Gurdurr|atk|1\n|-boost|p2a: Gurdurr|def|0\n|\n|upkeep\n|turn|20\n|\n|t:|1781386816\n|move|p1a: Bellossom|Strength Sap|p2a: Gurdurr\n|-unboost|p2a: Gurdurr|atk|1\n|move|p2a: Gurdurr|Drain Punch|p1a: Bellossom\n|-damage|p1a: Bellossom|187/263\n|-heal|p2a: Gurdurr|163/283|[from] drain|[of] p1a: Bellossom\n|\n|upkeep\n|turn|21\n|\n|t:|1781386825\n|move|p1a: Bellossom|Giga Drain|p2a: Gurdurr\n|-resisted|p2a: Gurdurr\n|-damage|p2a: Gurdurr|89/283\n|-heal|p1a: Bellossom|224/263|[from] drain|[of] p2a: Gurdurr\n|move|p2a: Gurdurr|Bulk Up|p2a: Gurdurr\n|-boost|p2a: Gurdurr|atk|1\n|-boost|p2a: Gurdurr|def|0\n|\n|upkeep\n|turn|22\n|\n|t:|1781386833\n|move|p1a: Bellossom|Strength Sap|p2a: Gurdurr\n|-unboost|p2a: Gurdurr|atk|1\n|-heal|p1a: Bellossom|263/263\n|move|p2a: Gurdurr|Bulk Up|p2a: Gurdurr\n|-boost|p2a: Gurdurr|atk|1\n|-boost|p2a: Gurdurr|def|0\n|\n|upkeep\n|turn|23\n|\n|t:|1781386842\n|move|p1a: Bellossom|Quiver Dance|p1a: Bellossom\n|-boost|p1a: Bellossom|spa|1\n|-boost|p1a: Bellossom|spd|1\n|-boost|p1a: Bellossom|spe|1\n|move|p2a: Gurdurr|Bulk Up|p2a: Gurdurr\n|-boost|p2a: Gurdurr|atk|1\n|-boost|p2a: Gurdurr|def|0\n|\n|upkeep\n|turn|24\n|\n|t:|1781386851\n|move|p1a: Bellossom|Giga Drain|p2a: Gurdurr\n|-resisted|p2a: Gurdurr\n|-damage|p2a: Gurdurr|3/283\n|move|p2a: Gurdurr|Drain Punch|p1a: Bellossom\n|-damage|p1a: Bellossom|110/263\n|-heal|p2a: Gurdurr|80/283|[from] drain|[of] p1a: Bellossom\n|\n|upkeep\n|turn|25\n|\n|t:|1781386860\n|move|p1a: Bellossom|Giga Drain|p2a: Gurdurr\n|-resisted|p2a: Gurdurr\n|-damage|p2a: Gurdurr|0 fnt\n|-heal|p1a: Bellossom|150/263|[from] drain|[of] p2a: Gurdurr\n|faint|p2a: Gurdurr\n|\n|upkeep\n|\n|t:|1781386871\n|switch|p2a: Glimmora|Glimmora, L75, M|248/248\n|turn|26\n|\n|t:|1781386877\n|move|p1a: Bellossom|Giga Drain|p2a: Glimmora\n|-damage|p2a: Glimmora|38/248\n|-heal|p1a: Bellossom|255/263|[from] drain|[of] p2a: Glimmora\n|move|p2a: Glimmora|Sludge Wave|p1a: Bellossom\n|-supereffective|p1a: Bellossom\n|-damage|p1a: Bellossom|177/263\n|\n|upkeep\n|turn|27\n|\n|t:|1781386889\n|move|p1a: Bellossom|Giga Drain|p2a: Glimmora\n|-damage|p2a: Glimmora|0 fnt\n|-heal|p1a: Bellossom|196/263|[from] drain|[of] p2a: Glimmora\n|faint|p2a: Glimmora\n|\n|upkeep\n|\n|t:|1781386907\n|switch|p2a: Grumpig|Grumpig, L92, M|297/297\n|turn|28\n|\n|t:|1781386914\n|move|p1a: Bellossom|Giga Drain|p2a: Grumpig\n|-crit|p2a: Grumpig\n|-damage|p2a: Grumpig|74/297\n|-heal|p1a: Bellossom|263/263|[from] drain|[of] p2a: Grumpig\n|move|p2a: Grumpig|Psychic|p1a: Bellossom\n|-damage|p1a: Bellossom|221/263\n|\n|-heal|p2a: Grumpig|92/297|[from] item: Leftovers\n|upkeep\n|turn|29\n|\n|t:|1781386927\n|move|p1a: Bellossom|Giga Drain|p2a: Grumpig\n|-damage|p2a: Grumpig|0 fnt\n|-heal|p1a: Bellossom|263/263|[from] drain|[of] p2a: Grumpig\n|faint|p2a: Grumpig\n|\n|upkeep\n|\n|t:|1781386934\n|switch|p2a: Morpeko|Morpeko, L88, M|245/245\n|turn|30\n|\n|t:|1781386946\n|move|p2a: Morpeko|Protect|p2a: Morpeko\n|-singleturn|p2a: Morpeko|Protect\n|move|p1a: Bellossom|Moonblast|p2a: Morpeko\n|-activate|p2a: Morpeko|move: Protect\n|\n|-formechange|p2a: Morpeko|Morpeko-Hangry||[from] ability: Hunger Switch\n|upkeep\n|turn|31\n|\n|t:|1781386957\n|-terastallize|p1a: Bellossom|Fairy\n|move|p1a: Bellossom|Moonblast|p2a: Morpeko\n|-supereffective|p2a: Morpeko\n|-damage|p2a: Morpeko|0 fnt\n|faint|p2a: Morpeko\n|\n|upkeep\n|\n|t:|1781386966\n|switch|p2a: Haxorus|Haxorus, L77, M|244/244\n|-ability|p2a: Haxorus|Mold Breaker\n|turn|32\n|\n|t:|1781386971\n|move|p1a: Bellossom|Moonblast|p2a: Haxorus\n|-supereffective|p2a: Haxorus\n|-damage|p2a: Haxorus|0 fnt\n|faint|p2a: Haxorus\n|\n|upkeep\n|-message|Vile038 forfeited.\n|\n|win|Austin316SayYess\n|raw|Austin316SayYess's rating: 1309 &rarr; <strong>1326</strong><br />(+17 for winning)\n|raw|Vile038's rating: 1262 &rarr; <strong>1240</strong><br />(-22 for losing)\n|l|\u2606Vile038\n|player|p2|\n", "inputlog": ">version a8376a258c1d4662feba110a92103f3664a72141\n>start {\"formatid\":\"gen9randombattle\",\"seed\":\"sodium,e2648e23e30f4ee504d161a5f3699926\",\"rated\":\"Rated battle\"}\n>player p1 {\"name\":\"Austin316SayYess\",\"avatar\":\"norman\",\"rating\":1309,\"seed\":\"sodium,d8032e808b424794e19511c76aa7a07f\"}\n>player p2 {\"name\":\"Vile038\",\"avatar\":\"265\",\"rating\":1262,\"seed\":\"sodium,97fdf267c2f41df1afd1347605ebdd4f\"}\n>p1 move quiverdance\n>p2 move bulkup\n>p1 move strengthsap\n>p2 move bulkup\n>p1 move moonblast\n>p2 move bulkup\n>p1 move moonblast\n>p2 move drainpunch terastallize\n>p1 move strengthsap\n>p2 move machpunch\n>p1 move strengthsap\n>p2 move drainpunch\n>p1 move strengthsap\n>p2 move bulkup\n>p1 move strengthsap\n>p2 move bulkup\n>p1 move gigadrain\n>p2 move bulkup\n>p1 move gigadrain\n>p2 move drainpunch\n>p1 move strengthsap\n>p2 move drainpunch\n>p1 move strengthsap\n>p2 move knockoff\n>p1 move strengthsap\n>p2 move bulkup\n>p1 move gigadrain\n>p2 move bulkup\n>p1 move strengthsap\n>p2 move bulkup\n>p1 move strengthsap\n>p2 move bulkup\n>p1 move strengthsap\n>p2 move bulkup\n>p1 move strengthsap\n>p2 move bulkup\n>p1 move quiverdance\n>p2 move bulkup\n>p1 move strengthsap\n>p2 move drainpunch\n>p1 move gigadrain\n>p2 move bulkup\n>p1 move strengthsap\n>p2 move bulkup\n>p1 move quiverdance\n>p2 move bulkup\n>p1 move gigadrain\n>p2 move drainpunch\n>p1 move gigadrain\n>p2 move drainpunch\n>p2 switch 6\n>p1 move gigadrain\n>p2 move sludgewave\n>p1 move gigadrain\n>p2 move sludgewave\n>p2 switch 5\n>p1 move gigadrain\n>p2 move psychic\n>p1 move gigadrain\n>p2 move shadowball\n>p2 switch 3\n>p1 move moonblast\n>p2 move protect\n>p1 move moonblast terastallize\n>p2 move aurawheel\n>p2 switch 2\n>p1 move moonblast\n>p2 move ironhead\n>forcelose p2", "uploadtime": 1781386979, "views": 14, "formatid": "gen9randombattle", "rating": 1240, "private": 0, "password": null}