{"id": "gen9randombattle-2631684124", "format": "[Gen 9] Random Battle", "players": ["zegaaagalaaa", "yusei1789"], "log": "|j|\u2606zegaaagalaaa\n|j|\u2606yusei1789\n|t:|1781421225\n|gametype|singles\n|player|p1|zegaaagalaaa|169|2133\n|player|p2|yusei1789|1|2149\n|gen|9\n|tier|[Gen 9] Random Battle\n|rated|\n|rule|Species Clause: Limit one of each Pok\u00e9mon\n|rule|HP Percentage Mod: HP is shown in percentages\n|rule|Sleep Clause Mod: Limit one foe put to sleep\n|rule|Illusion Level Mod: Illusion disguises the Pok\u00e9mon's true level\n|\n|t:|1781421225\n|teamsize|p1|6\n|teamsize|p2|6\n|start\n|switch|p1a: Toxicroak|Toxicroak, L84, M|277/277\n|switch|p2a: Crawdaunt|Crawdaunt, L84, F|243/243\n|turn|1\n|inactive|Battle timer is ON: inactive players will automatically lose when time's up. (requested by zegaaagalaaa)\n|\n|t:|1781421257\n|switch|p2a: Virizion|Virizion, L82|283/283\n|move|p1a: Toxicroak|Knock Off|p2a: Virizion\n|-resisted|p2a: Virizion\n|-damage|p2a: Virizion|243/283\n|-ability|p2a: Virizion|Justified|boost\n|-boost|p2a: Virizion|atk|1\n|-enditem|p2a: Virizion|Life Orb|[from] move: Knock Off|[of] p1a: Toxicroak\n|\n|upkeep\n|turn|2\n|\n|t:|1781421277\n|switch|p1a: Seviper|Seviper, L93, F|287/287\n|move|p2a: Virizion|Swords Dance|p2a: Virizion\n|-boost|p2a: Virizion|atk|2\n|\n|upkeep\n|turn|3\n|\n|t:|1781421287\n|move|p2a: Virizion|Stone Edge|p1a: Seviper|[miss]\n|-miss|p2a: Virizion|p1a: Seviper\n|move|p1a: Seviper|Trailblaze|p2a: Virizion\n|-resisted|p2a: Virizion\n|-damage|p2a: Virizion|215/283\n|-boost|p1a: Seviper|spe|1\n|\n|upkeep\n|turn|4\n|\n|t:|1781421302\n|-terastallize|p2a: Virizion|Rock\n|move|p1a: Seviper|Gunk Shot|p2a: Virizion\n|-resisted|p2a: Virizion\n|-damage|p2a: Virizion|128/283\n|move|p2a: Virizion|Stone Edge|p1a: Seviper\n|-damage|p1a: Seviper|14/287\n|\n|-heal|p1a: Seviper|31/287|[from] item: Leftovers\n|upkeep\n|turn|5\n|\n|t:|1781421321\n|switch|p2a: Gogoat|Gogoat, L88, M|360/360\n|move|p1a: Seviper|Earthquake|p2a: Gogoat\n|-resisted|p2a: Gogoat\n|-damage|p2a: Gogoat|306/360\n|\n|-heal|p1a: Seviper|48/287|[from] item: Leftovers\n|-heal|p2a: Gogoat|328/360|[from] item: Leftovers\n|upkeep\n|turn|6\n|\n|t:|1781421330\n|move|p1a: Seviper|Gunk Shot|p2a: Gogoat|[miss]\n|-miss|p1a: Seviper|p2a: Gogoat\n|move|p2a: Gogoat|Rock Slide|p1a: Seviper\n|-damage|p1a: Seviper|0 fnt\n|faint|p1a: Seviper\n|\n|-heal|p2a: Gogoat|350/360|[from] item: Leftovers\n|upkeep\n|\n|t:|1781421345\n|switch|p1a: Entei|Entei, L78|307/307\n|turn|7\n|\n|t:|1781421351\n|switch|p2a: Milotic|Milotic, L83, M|293/293\n|move|p1a: Entei|Sacred Fire|p2a: Milotic\n|-resisted|p2a: Milotic\n|-damage|p2a: Milotic|206/293\n|\n|-heal|p2a: Milotic|224/293|[from] item: Leftovers\n|upkeep\n|turn|8\n|\n|t:|1781421362\n|switch|p1a: Toxicroak|Toxicroak, L84, M|277/277\n|move|p2a: Milotic|Dragon Tail|p1a: Toxicroak\n|-damage|p1a: Toxicroak|241/277\n|drag|p1a: Cresselia|Cresselia, L80, F|323/323\n|\n|-heal|p2a: Milotic|242/293|[from] item: Leftovers\n|upkeep\n|turn|9\n|\n|t:|1781421374\n|move|p1a: Cresselia|Calm Mind|p1a: Cresselia\n|-boost|p1a: Cresselia|spa|1\n|-boost|p1a: Cresselia|spd|1\n|move|p2a: Milotic|Dragon Tail|p1a: Cresselia\n|-damage|p1a: Cresselia|298/323\n|drag|p1a: Entei|Entei, L78|307/307\n|\n|-heal|p2a: Milotic|260/293|[from] item: Leftovers\n|upkeep\n|turn|10\n|\n|t:|1781421387\n|move|p1a: Entei|Sacred Fire|p2a: Milotic\n|-resisted|p2a: Milotic\n|-damage|p2a: Milotic|179/293\n|move|p2a: Milotic|Dragon Tail|p1a: Entei\n|-damage|p1a: Entei|277/307\n|drag|p1a: Toxicroak|Toxicroak, L84, M|241/277\n|\n|-heal|p2a: Milotic|197/293|[from] item: Leftovers\n|upkeep\n|turn|11\n|\n|t:|1781421399\n|move|p1a: Toxicroak|Knock Off|p2a: Milotic\n|-damage|p2a: Milotic|113/293\n|-enditem|p2a: Milotic|Leftovers|[from] move: Knock Off|[of] p1a: Toxicroak\n|move|p2a: Milotic|Ice Beam|p1a: Toxicroak\n|-damage|p1a: Toxicroak|166/277\n|\n|upkeep\n|turn|12\n|\n|t:|1781421411\n|switch|p1a: Cresselia|Cresselia, L80, F|298/323\n|move|p2a: Milotic|Recover|p2a: Milotic\n|-heal|p2a: Milotic|260/293\n|\n|-heal|p1a: Cresselia|318/323|[from] item: Leftovers\n|upkeep\n|turn|13\n|\n|t:|1781421421\n|move|p1a: Cresselia|Thunderbolt|p2a: Milotic\n|-supereffective|p2a: Milotic\n|-damage|p2a: Milotic|188/293\n|move|p2a: Milotic|Dragon Tail|p1a: Cresselia\n|-damage|p1a: Cresselia|293/323\n|drag|p1a: Wigglytuff|Wigglytuff, L96, M|424/424\n|\n|upkeep\n|turn|14\n|\n|t:|1781421438\n|switch|p2a: Garganacl|Garganacl, L80, F|291/291\n|move|p1a: Wigglytuff|Thunder Wave|p2a: Garganacl\n|-immune|p2a: Garganacl|[from] ability: Purifying Salt\n|\n|upkeep\n|turn|15\n|\n|t:|1781421450\n|move|p1a: Wigglytuff|Alluring Voice|p2a: Garganacl\n|-damage|p2a: Garganacl|186/291\n|move|p2a: Garganacl|Stealth Rock|p1a: Wigglytuff\n|-sidestart|p1: zegaaagalaaa|move: Stealth Rock\n|\n|-heal|p2a: Garganacl|204/291|[from] item: Leftovers\n|upkeep\n|turn|16\n|\n|t:|1781421459\n|move|p1a: Wigglytuff|Wish|p1a: Wigglytuff\n|move|p2a: Garganacl|Recover|p2a: Garganacl\n|-heal|p2a: Garganacl|291/291\n|\n|upkeep\n|turn|17\n|\n|t:|1781421464\n|switch|p1a: Toxicroak|Toxicroak, L84, M|166/277\n|-damage|p1a: Toxicroak|149/277|[from] Stealth Rock\n|move|p2a: Garganacl|Salt Cure|p1a: Toxicroak\n|-resisted|p1a: Toxicroak\n|-damage|p1a: Toxicroak|126/277\n|-start|p1a: Toxicroak|Salt Cure\n|\n|-heal|p1a: Toxicroak|277/277|[from] move: Wish|[wisher] Wigglytuff\n|-damage|p1a: Toxicroak|243/277|[from] Salt Cure\n|upkeep\n|turn|18\n|\n|t:|1781421489\n|switch|p2a: Milotic|Milotic, L83, M|188/293\n|move|p1a: Toxicroak|Close Combat|p2a: Milotic\n|-damage|p2a: Milotic|38/293\n|-unboost|p1a: Toxicroak|def|1\n|-unboost|p1a: Toxicroak|spd|1\n|\n|-damage|p1a: Toxicroak|209/277|[from] Salt Cure\n|upkeep\n|turn|19\n|\n|t:|1781421499\n|move|p1a: Toxicroak|Close Combat|p2a: Milotic\n|-damage|p2a: Milotic|0 fnt\n|-unboost|p1a: Toxicroak|def|1\n|-unboost|p1a: Toxicroak|spd|1\n|faint|p2a: Milotic\n|\n|-damage|p1a: Toxicroak|175/277|[from] Salt Cure\n|upkeep\n|\n|t:|1781421518\n|switch|p2a: Virizion|Virizion, L82, tera:Rock|128/283\n|turn|20\n|\n|t:|1781421532\n|move|p1a: Toxicroak|Close Combat|p2a: Virizion\n|-supereffective|p2a: Virizion\n|-damage|p2a: Virizion|0 fnt\n|-unboost|p1a: Toxicroak|def|1\n|-unboost|p1a: Toxicroak|spd|1\n|faint|p2a: Virizion\n|\n|-damage|p1a: Toxicroak|141/277|[from] Salt Cure\n|upkeep\n|\n|t:|1781421540\n|switch|p2a: Gogoat|Gogoat, L88, M|350/360\n|turn|21\n|\n|t:|1781421549\n|switch|p1a: Wo-Chien|Wo-Chien, L83|277/277\n|-damage|p1a: Wo-Chien|243/277|[from] Stealth Rock\n|-ability|p1a: Wo-Chien|Tablets of Ruin\n|move|p2a: Gogoat|Bulk Up|p2a: Gogoat\n|-boost|p2a: Gogoat|atk|1\n|-boost|p2a: Gogoat|def|1\n|\n|-heal|p2a: Gogoat|360/360|[from] item: Leftovers\n|-heal|p1a: Wo-Chien|260/277|[from] item: Leftovers\n|upkeep\n|turn|22\n|\n|t:|1781421562\n|move|p2a: Gogoat|Bulk Up|p2a: Gogoat\n|-boost|p2a: Gogoat|atk|1\n|-boost|p2a: Gogoat|def|1\n|move|p1a: Wo-Chien|Knock Off|p2a: Gogoat\n|-damage|p2a: Gogoat|299/360\n|-enditem|p2a: Gogoat|Leftovers|[from] move: Knock Off|[of] p1a: Wo-Chien\n|\n|-heal|p1a: Wo-Chien|277/277|[from] item: Leftovers\n|upkeep\n|turn|23\n|\n|t:|1781421573\n|switch|p1a: Wigglytuff|Wigglytuff, L96, M|424/424\n|-damage|p1a: Wigglytuff|371/424|[from] Stealth Rock\n|move|p2a: Gogoat|Rock Slide|p1a: Wigglytuff|[miss]\n|-miss|p2a: Gogoat|p1a: Wigglytuff\n|\n|-heal|p1a: Wigglytuff|397/424|[from] item: Leftovers\n|upkeep\n|turn|24\n|\n|t:|1781421585\n|move|p2a: Gogoat|Horn Leech|p1a: Wigglytuff\n|-damage|p1a: Wigglytuff|168/424\n|-heal|p2a: Gogoat|360/360|[from] drain|[of] p1a: Wigglytuff\n|move|p1a: Wigglytuff|Thunder Wave|p2a: Gogoat\n|-status|p2a: Gogoat|par\n|\n|-heal|p1a: Wigglytuff|194/424|[from] item: Leftovers\n|upkeep\n|turn|25\n|\n|t:|1781421595\n|move|p1a: Wigglytuff|Alluring Voice|p2a: Gogoat\n|-damage|p2a: Gogoat|264/360 par\n|cant|p2a: Gogoat|par\n|\n|-heal|p1a: Wigglytuff|220/424|[from] item: Leftovers\n|upkeep\n|turn|26\n|\n|t:|1781421603\n|move|p1a: Wigglytuff|Alluring Voice|p2a: Gogoat\n|-damage|p2a: Gogoat|170/360 par\n|move|p2a: Gogoat|Horn Leech|p1a: Wigglytuff\n|-damage|p1a: Wigglytuff|0 fnt\n|-heal|p2a: Gogoat|280/360 par|[from] drain|[of] p1a: Wigglytuff\n|faint|p1a: Wigglytuff\n|\n|upkeep\n|\n|t:|1781421612\n|switch|p1a: Entei|Entei, L78|277/307\n|-damage|p1a: Entei|201/307|[from] Stealth Rock\n|turn|27\n|\n|t:|1781421620\n|switch|p2a: Garganacl|Garganacl, L80, F|291/291\n|move|p1a: Entei|Flare Blitz|p2a: Garganacl\n|-resisted|p2a: Garganacl\n|-damage|p2a: Garganacl|219/291\n|-damage|p1a: Entei|177/307|[from] Recoil\n|\n|-heal|p2a: Garganacl|237/291|[from] item: Leftovers\n|upkeep\n|turn|28\n|\n|t:|1781421639\n|switch|p1a: Wo-Chien|Wo-Chien, L83|277/277\n|-damage|p1a: Wo-Chien|243/277|[from] Stealth Rock\n|-ability|p1a: Wo-Chien|Tablets of Ruin\n|move|p2a: Garganacl|Salt Cure|p1a: Wo-Chien\n|-crit|p1a: Wo-Chien\n|-damage|p1a: Wo-Chien|197/277\n|-start|p1a: Wo-Chien|Salt Cure\n|\n|-heal|p1a: Wo-Chien|214/277|[from] item: Leftovers\n|-heal|p2a: Garganacl|255/291|[from] item: Leftovers\n|-damage|p1a: Wo-Chien|180/277|[from] Salt Cure\n|upkeep\n|turn|29\n|\n|t:|1781421653\n|switch|p2a: Gogoat|Gogoat, L88, M|280/360 par\n|move|p1a: Wo-Chien|Ruination|p2a: Gogoat\n|-damage|p2a: Gogoat|140/360 par\n|\n|-heal|p1a: Wo-Chien|197/277|[from] item: Leftovers\n|-damage|p1a: Wo-Chien|163/277|[from] Salt Cure\n|upkeep\n|turn|30\n|\n|t:|1781421668\n|switch|p1a: Cresselia|Cresselia, L80, F|293/323\n|-damage|p1a: Cresselia|253/323|[from] Stealth Rock\n|move|p2a: Gogoat|Rock Slide|p1a: Cresselia|[miss]\n|-miss|p2a: Gogoat|p1a: Cresselia\n|\n|-heal|p1a: Cresselia|273/323|[from] item: Leftovers\n|upkeep\n|turn|31\n|\n|t:|1781421684\n|switch|p2a: Crawdaunt|Crawdaunt, L84, F|243/243\n|move|p1a: Cresselia|Calm Mind|p1a: Cresselia\n|-boost|p1a: Cresselia|spa|1\n|-boost|p1a: Cresselia|spd|1\n|\n|-heal|p1a: Cresselia|293/323|[from] item: Leftovers\n|upkeep\n|turn|32\n|\n|t:|1781421693\n|switch|p1a: Toxicroak|Toxicroak, L84, M|141/277\n|-damage|p1a: Toxicroak|124/277|[from] Stealth Rock\n|move|p2a: Crawdaunt|Dragon Dance|p2a: Crawdaunt\n|-boost|p2a: Crawdaunt|atk|1\n|-boost|p2a: Crawdaunt|spe|1\n|\n|upkeep\n|turn|33\n|\n|t:|1781421701\n|switch|p2a: Gogoat|Gogoat, L88, M|140/360 par\n|move|p1a: Toxicroak|Close Combat|p2a: Gogoat\n|-damage|p2a: Gogoat|0 fnt\n|-unboost|p1a: Toxicroak|def|1\n|-unboost|p1a: Toxicroak|spd|1\n|faint|p2a: Gogoat\n|\n|upkeep\n|\n|t:|1781421714\n|switch|p2a: Malamar|Malamar, L82, F|275/275\n|turn|34\n|\n|t:|1781421724\n|move|p1a: Toxicroak|Close Combat|p2a: Malamar\n|-damage|p2a: Malamar|146/275\n|-unboost|p1a: Toxicroak|def|1\n|-unboost|p1a: Toxicroak|spd|1\n|move|p2a: Malamar|Superpower|p1a: Toxicroak\n|-resisted|p1a: Toxicroak\n|-damage|p1a: Toxicroak|23/277\n|-boost|p2a: Malamar|atk|1\n|-boost|p2a: Malamar|def|1\n|\n|-heal|p2a: Malamar|163/275|[from] item: Leftovers\n|upkeep\n|turn|35\n|inactive|zegaaagalaaa has 120 seconds left.\n|\n|t:|1781421762\n|switch|p1a: Entei|Entei, L78|177/307\n|-damage|p1a: Entei|101/307|[from] Stealth Rock\n|move|p2a: Malamar|Superpower|p1a: Entei\n|-damage|p1a: Entei|0 fnt\n|-boost|p2a: Malamar|atk|1\n|-boost|p2a: Malamar|def|1\n|faint|p1a: Entei\n|\n|-heal|p2a: Malamar|180/275|[from] item: Leftovers\n|upkeep\n|\n|t:|1781421774\n|switch|p1a: Wo-Chien|Wo-Chien, L83|163/277\n|-damage|p1a: Wo-Chien|129/277|[from] Stealth Rock\n|-ability|p1a: Wo-Chien|Tablets of Ruin\n|turn|36\n|\n|t:|1781421782\n|move|p2a: Malamar|Knock Off|p1a: Wo-Chien\n|-resisted|p1a: Wo-Chien\n|-damage|p1a: Wo-Chien|63/277\n|-enditem|p1a: Wo-Chien|Leftovers|[from] move: Knock Off|[of] p2a: Malamar\n|move|p1a: Wo-Chien|Leech Seed|p2a: Malamar\n|-start|p2a: Malamar|move: Leech Seed\n|\n|-heal|p2a: Malamar|197/275|[from] item: Leftovers\n|-damage|p2a: Malamar|163/275|[from] Leech Seed|[of] p1a: Wo-Chien\n|-heal|p1a: Wo-Chien|97/277|[silent]\n|upkeep\n|turn|37\n|inactive|zegaaagalaaa has 120 seconds left.\n|\n|t:|1781421793\n|move|p1a: Wo-Chien|Protect|p1a: Wo-Chien\n|-singleturn|p1a: Wo-Chien|Protect\n|move|p2a: Malamar|Superpower|p1a: Wo-Chien\n|-activate|p1a: Wo-Chien|move: Protect\n|\n|-heal|p2a: Malamar|180/275|[from] item: Leftovers\n|-damage|p2a: Malamar|146/275|[from] Leech Seed|[of] p1a: Wo-Chien\n|-heal|p1a: Wo-Chien|131/277|[silent]\n|upkeep\n|turn|38\n|inactive|zegaaagalaaa has 120 seconds left.\n|\n|t:|1781421803\n|-terastallize|p1a: Wo-Chien|Poison\n|move|p2a: Malamar|Superpower|p1a: Wo-Chien\n|-resisted|p1a: Wo-Chien\n|-damage|p1a: Wo-Chien|80/277\n|-boost|p2a: Malamar|atk|1\n|-boost|p2a: Malamar|def|1\n|move|p1a: Wo-Chien|Knock Off|p2a: Malamar\n|-damage|p2a: Malamar|106/275\n|-enditem|p2a: Malamar|Leftovers|[from] move: Knock Off|[of] p1a: Wo-Chien\n|\n|-damage|p2a: Malamar|72/275|[from] Leech Seed|[of] p1a: Wo-Chien\n|-heal|p1a: Wo-Chien|114/277|[silent]\n|upkeep\n|turn|39\n|inactive|zegaaagalaaa has 120 seconds left.\n|\n|t:|1781421822\n|move|p2a: Malamar|Rest|p2a: Malamar\n|-status|p2a: Malamar|slp|[from] move: Rest\n|-heal|p2a: Malamar|275/275 slp|[silent]\n|move|p1a: Wo-Chien|Knock Off|p2a: Malamar\n|-damage|p2a: Malamar|248/275 slp\n|\n|-damage|p2a: Malamar|214/275 slp|[from] Leech Seed|[of] p1a: Wo-Chien\n|-heal|p1a: Wo-Chien|148/277|[silent]\n|upkeep\n|turn|40\n|\n|t:|1781421832\n|cant|p2a: Malamar|slp\n|move|p2a: Malamar|Sleep Talk|p2a: Malamar\n|move|p2a: Malamar|Rest||[from] move: Sleep Talk|[still]\n|-fail|p2a: Malamar\n|move|p1a: Wo-Chien|Ruination|p2a: Malamar\n|-damage|p2a: Malamar|107/275 slp\n|\n|-damage|p2a: Malamar|73/275 slp|[from] Leech Seed|[of] p1a: Wo-Chien\n|-heal|p1a: Wo-Chien|182/277|[silent]\n|upkeep\n|turn|41\n|\n|t:|1781421845\n|cant|p2a: Malamar|slp\n|move|p2a: Malamar|Sleep Talk|p2a: Malamar\n|move|p2a: Malamar|Rest||[from] move: Sleep Talk|[still]\n|-fail|p2a: Malamar\n|move|p1a: Wo-Chien|Knock Off|p2a: Malamar\n|-damage|p2a: Malamar|45/275 slp\n|\n|-damage|p2a: Malamar|11/275 slp|[from] Leech Seed|[of] p1a: Wo-Chien\n|-heal|p1a: Wo-Chien|216/277|[silent]\n|upkeep\n|turn|42\n|\n|t:|1781421856\n|-curestatus|p2a: Malamar|slp|[msg]\n|move|p2a: Malamar|Rest|p2a: Malamar\n|-status|p2a: Malamar|slp|[from] move: Rest\n|-heal|p2a: Malamar|275/275 slp|[silent]\n|move|p1a: Wo-Chien|Ruination|p2a: Malamar\n|-damage|p2a: Malamar|138/275 slp\n|\n|-damage|p2a: Malamar|104/275 slp|[from] Leech Seed|[of] p1a: Wo-Chien\n|-heal|p1a: Wo-Chien|250/277|[silent]\n|upkeep\n|turn|43\n|\n|t:|1781421869\n|cant|p2a: Malamar|slp\n|move|p2a: Malamar|Sleep Talk|p2a: Malamar\n|move|p2a: Malamar|Knock Off|p1a: Wo-Chien|[from] move: Sleep Talk\n|-damage|p1a: Wo-Chien|147/277\n|move|p1a: Wo-Chien|Knock Off|p2a: Malamar\n|-damage|p2a: Malamar|79/275 slp\n|\n|-damage|p2a: Malamar|45/275 slp|[from] Leech Seed|[of] p1a: Wo-Chien\n|-heal|p1a: Wo-Chien|181/277|[silent]\n|upkeep\n|turn|44\n|\n|t:|1781421881\n|cant|p2a: Malamar|slp\n|move|p2a: Malamar|Sleep Talk|p2a: Malamar\n|move|p2a: Malamar|Superpower|p1a: Wo-Chien|[from] move: Sleep Talk\n|-resisted|p1a: Wo-Chien\n|-damage|p1a: Wo-Chien|114/277\n|-boost|p2a: Malamar|atk|1\n|-boost|p2a: Malamar|def|1\n|move|p1a: Wo-Chien|Knock Off|p2a: Malamar\n|-damage|p2a: Malamar|24/275 slp\n|\n|-damage|p2a: Malamar|0 fnt|[from] Leech Seed|[of] p1a: Wo-Chien\n|-heal|p1a: Wo-Chien|138/277|[silent]\n|faint|p2a: Malamar\n|upkeep\n|\n|t:|1781421886\n|switch|p2a: Crawdaunt|Crawdaunt, L84, F|243/243\n|turn|45\n|inactive|zegaaagalaaa has 120 seconds left.\n|\n|t:|1781421909\n|switch|p2a: Garganacl|Garganacl, L80, F|255/291\n|move|p1a: Wo-Chien|Leech Seed|p2a: Garganacl|[miss]\n|-miss|p1a: Wo-Chien|p2a: Garganacl\n|\n|-heal|p2a: Garganacl|273/291|[from] item: Leftovers\n|upkeep\n|turn|46\n|\n|t:|1781421920\n|move|p1a: Wo-Chien|Leech Seed|p2a: Garganacl\n|-start|p2a: Garganacl|move: Leech Seed\n|move|p2a: Garganacl|Salt Cure|p1a: Wo-Chien\n|-damage|p1a: Wo-Chien|111/277\n|-start|p1a: Wo-Chien|Salt Cure\n|\n|-heal|p2a: Garganacl|291/291|[from] item: Leftovers\n|-damage|p2a: Garganacl|255/291|[from] Leech Seed|[of] p1a: Wo-Chien\n|-heal|p1a: Wo-Chien|147/277|[silent]\n|-damage|p1a: Wo-Chien|113/277|[from] Salt Cure\n|upkeep\n|turn|47\n|\n|t:|1781421930\n|switch|p2a: Crawdaunt|Crawdaunt, L84, F|243/243\n|move|p1a: Wo-Chien|Ruination|p2a: Crawdaunt\n|-damage|p2a: Crawdaunt|122/243\n|\n|-damage|p1a: Wo-Chien|79/277|[from] Salt Cure\n|upkeep\n|turn|48\n|\n|t:|1781421939\n|move|p1a: Wo-Chien|Leech Seed|p2a: Crawdaunt\n|-start|p2a: Crawdaunt|move: Leech Seed\n|move|p2a: Crawdaunt|Dragon Dance|p2a: Crawdaunt\n|-boost|p2a: Crawdaunt|atk|1\n|-boost|p2a: Crawdaunt|spe|1\n|\n|-damage|p2a: Crawdaunt|92/243|[from] Leech Seed|[of] p1a: Wo-Chien\n|-heal|p1a: Wo-Chien|109/277|[silent]\n|-damage|p1a: Wo-Chien|75/277|[from] Salt Cure\n|upkeep\n|turn|49\n|inactive|zegaaagalaaa has 120 seconds left.\n|\n|t:|1781421968\n|move|p1a: Wo-Chien|Protect|p1a: Wo-Chien\n|-singleturn|p1a: Wo-Chien|Protect\n|move|p2a: Crawdaunt|Knock Off|p1a: Wo-Chien\n|-activate|p1a: Wo-Chien|move: Protect\n|\n|-damage|p2a: Crawdaunt|62/243|[from] Leech Seed|[of] p1a: Wo-Chien\n|-heal|p1a: Wo-Chien|105/277|[silent]\n|-damage|p1a: Wo-Chien|71/277|[from] Salt Cure\n|upkeep\n|turn|50\n|-message|yusei1789 forfeited.\n|\n|win|zegaaagalaaa\n|raw|zegaaagalaaa's rating: 2133 &rarr; <strong>2154</strong><br />(+21 for winning)\n|raw|yusei1789's rating: 2149 &rarr; <strong>2128</strong><br />(-21 for losing)\n", "inputlog": ">version a8376a258c1d4662feba110a92103f3664a72141\n>start {\"formatid\":\"gen9randombattle\",\"seed\":\"sodium,a2dca616696f1542f9cb9189b9ab61ce\",\"rated\":\"Rated battle\"}\n>player p1 {\"name\":\"zegaaagalaaa\",\"avatar\":\"169\",\"rating\":2133,\"seed\":\"sodium,e1bb2a3ea50c294d57666831d1ecc177\"}\n>player p2 {\"name\":\"yusei1789\",\"avatar\":\"1\",\"rating\":2149,\"seed\":\"sodium,7ca123632307ad8455d6786e8b24e632\"}\n>p1 move knockoff\n>p2 switch 5\n>p1 switch 4\n>p2 move swordsdance\n>p1 move trailblaze\n>p2 move stoneedge\n>p1 move gunkshot\n>p2 move stoneedge terastallize\n>p1 move earthquake\n>p2 switch 3\n>p1 move gunkshot\n>p2 move rockslide\n>p1 switch 6\n>p1 move sacredfire\n>p2 switch 4\n>p1 switch 4\n>p2 move dragontail\n>p1 move calmmind\n>p2 move dragontail\n>p1 move sacredfire\n>p2 move dragontail\n>p1 move knockoff\n>p2 move icebeam\n>p1 switch 4\n>p2 move recover\n>p1 move thunderbolt\n>p2 move dragontail\n>p1 move thunderwave\n>p2 switch 6\n>p1 move alluringvoice\n>p2 move stealthrock\n>p1 move wish\n>p2 move recover\n>p1 switch 4\n>p2 move saltcure\n>p1 move closecombat\n>p2 switch 6\n>p1 move closecombat\n>p2 move icebeam\n>p2 switch 3\n>p1 move closecombat\n>p2 move closecombat\n>p2 switch 4\n>p1 switch 3\n>p2 move bulkup\n>p1 move knockoff\n>p2 move bulkup\n>p1 switch 4\n>p2 move rockslide\n>p1 move thunderwave\n>p2 move hornleech\n>p1 move alluringvoice\n>p2 move hornleech\n>p1 move alluringvoice\n>p2 move hornleech\n>p1 switch 2\n>p1 move flareblitz\n>p2 switch 6\n>p1 switch 4\n>p2 move saltcure\n>p1 move ruination\n>p2 switch 6\n>p1 switch 5\n>p2 move rockslide\n>p1 move calmmind\n>p2 switch 5\n>p1 switch 3\n>p2 move dragondance\n>p1 move closecombat\n>p2 switch 5\n>p2 switch 2\n>p1 move closecombat\n>p2 move superpower\n>p1 switch 4\n>p2 move superpower\n>p1 switch 5\n>p1 move leechseed\n>p2 move knockoff\n>p1 move protect\n>p2 move superpower\n>p1 move knockoff terastallize\n>p2 move superpower\n>p1 move knockoff\n>p2 move rest\n>p1 move ruination\n>p2 move sleeptalk\n>p1 move knockoff\n>p2 move sleeptalk\n>p1 move ruination\n>p2 move rest\n>p1 move knockoff\n>p2 move sleeptalk\n>p1 move knockoff\n>p2 move sleeptalk\n>p2 switch 5\n>p1 move leechseed\n>p2 switch 6\n>p1 move leechseed\n>p2 move saltcure\n>p1 move ruination\n>p2 switch 6\n>p1 move leechseed\n>p2 move dragondance\n>p1 move protect\n>p2 move knockoff\n>forcelose p2", "uploadtime": 1781421977, "views": 4, "formatid": "gen9randombattle", "rating": 2128, "private": 0, "password": null}