{"id": "gen9randombattle-2631788917", "format": "[Gen 9] Random Battle", "players": ["grabschaender", "nhlist"], "log": "|j|\u2606grabschaender\n|j|\u2606nhlist\n|t:|1781439861\n|gametype|singles\n|player|p1|grabschaender|candice|2237\n|player|p2|nhlist|266|2190\n|gen|9\n|tier|[Gen 9] Random Battle\n|rated|\n|rule|Species Clause: Limit one of each Pok\u00e9mon\n|rule|HP Percentage Mod: HP is shown in percentages\n|rule|Sleep Clause Mod: Limit one foe put to sleep\n|rule|Illusion Level Mod: Illusion disguises the Pok\u00e9mon's true level\n|\n|t:|1781439861\n|teamsize|p1|6\n|teamsize|p2|6\n|start\n|switch|p1a: Meowscarada|Meowscarada, L78, F|247/247\n|switch|p2a: Oinkologne|Oinkologne-F, L92, F|361/361\n|turn|1\n|j| firered27\n|inactive|Battle timer is ON: inactive players will automatically lose when time's up. (requested by grabschaender)\n|\n|t:|1781439886\n|move|p1a: Meowscarada|Knock Off|p2a: Oinkologne\n|-start|p1a: Meowscarada|typechange|Dark|[from] ability: Protean\n|-damage|p2a: Oinkologne|261/361\n|-enditem|p2a: Oinkologne|Leftovers|[from] move: Knock Off|[of] p1a: Meowscarada\n|move|p2a: Oinkologne|Double-Edge|p1a: Meowscarada\n|-damage|p1a: Meowscarada|69/247\n|-damage|p2a: Oinkologne|202/361|[from] Recoil\n|\n|upkeep\n|turn|2\n|\n|t:|1781439898\n|switch|p1a: Volbeat|Volbeat, L90, M|263/263\n|move|p2a: Oinkologne|Lash Out|p1a: Volbeat\n|-damage|p1a: Volbeat|202/263\n|\n|upkeep\n|turn|3\n|\n|t:|1781439906\n|switch|p2a: Swalot|Swalot, L90, F|326/326\n|move|p1a: Volbeat|Thunder Wave|p2a: Swalot\n|-status|p2a: Swalot|par\n|\n|upkeep\n|turn|4\n|\n|t:|1781439914\n|move|p1a: Volbeat|U-turn|p2a: Swalot\n|-resisted|p2a: Swalot\n|-damage|p2a: Swalot|293/326 par\n|\n|t:|1781439916\n|switch|p1a: Wyrdeer|Wyrdeer, L87, F|321/321|[from] U-turn\n|-ability|p1a: Wyrdeer|Intimidate|boost\n|-unboost|p2a: Swalot|atk|1\n|move|p2a: Swalot|Gunk Shot|p1a: Wyrdeer\n|-damage|p1a: Wyrdeer|227/321\n|\n|-heal|p2a: Swalot|313/326 par|[from] item: Leftovers\n|upkeep\n|turn|5\n|\n|t:|1781439931\n|move|p1a: Wyrdeer|Body Slam|p2a: Swalot\n|-damage|p2a: Swalot|217/326 par\n|cant|p2a: Swalot|par\n|\n|-heal|p2a: Swalot|237/326 par|[from] item: Leftovers\n|upkeep\n|turn|6\n|\n|t:|1781439935\n|switch|p2a: Oinkologne|Oinkologne-F, L92, F|202/361\n|move|p1a: Wyrdeer|Psychic Noise|p2a: Oinkologne\n|-damage|p2a: Oinkologne|126/361\n|-start|p2a: Oinkologne|move: Heal Block\n|\n|upkeep\n|turn|7\n|\n|t:|1781439940\n|switch|p1a: Volbeat|Volbeat, L90, M|202/263\n|move|p2a: Oinkologne|Double-Edge|p1a: Volbeat\n|-damage|p1a: Volbeat|58/263\n|-damage|p2a: Oinkologne|78/361|[from] Recoil\n|\n|-end|p2a: Oinkologne|move: Heal Block\n|upkeep\n|turn|8\n|\n|t:|1781439944\n|move|p1a: Volbeat|Roost|p1a: Volbeat\n|-heal|p1a: Volbeat|190/263\n|-singleturn|p1a: Volbeat|move: Roost\n|move|p2a: Oinkologne|Double-Edge|p1a: Volbeat\n|-damage|p1a: Volbeat|28/263\n|-damage|p2a: Oinkologne|25/361|[from] Recoil\n|\n|upkeep\n|turn|9\n|\n|t:|1781439947\n|switch|p2a: Swalot|Swalot, L90, F|237/326 par\n|move|p1a: Volbeat|U-turn|p2a: Swalot\n|-resisted|p2a: Swalot\n|-damage|p2a: Swalot|204/326 par\n|\n|t:|1781439950\n|switch|p1a: Wyrdeer|Wyrdeer, L87, F|227/321|[from] U-turn\n|-ability|p1a: Wyrdeer|Intimidate|boost\n|-unboost|p2a: Swalot|atk|1\n|\n|-heal|p2a: Swalot|224/326 par|[from] item: Leftovers\n|upkeep\n|turn|10\n|inactive|nhlist has 120 seconds left.\n|\n|t:|1781439988\n|move|p1a: Wyrdeer|Psychic Noise|p2a: Swalot\n|-supereffective|p2a: Swalot\n|-damage|p2a: Swalot|56/326 par\n|-start|p2a: Swalot|move: Heal Block\n|move|p2a: Swalot|Knock Off|p1a: Wyrdeer\n|-supereffective|p1a: Wyrdeer\n|-damage|p1a: Wyrdeer|127/321\n|-enditem|p1a: Wyrdeer|Assault Vest|[from] move: Knock Off|[of] p2a: Swalot\n|\n|upkeep\n|turn|11\n|inactive|nhlist has 120 seconds left.\n|\n|t:|1781439997\n|switch|p2a: Oranguru|Oranguru, L92, F|315/315\n|move|p1a: Wyrdeer|Body Slam|p2a: Oranguru\n|-damage|p2a: Oranguru|212/315\n|-status|p2a: Oranguru|par\n|\n|-heal|p2a: Oranguru|231/315 par|[from] item: Leftovers\n|upkeep\n|turn|12\n|\n|t:|1781440001\n|move|p1a: Wyrdeer|Megahorn|p2a: Oranguru|[miss]\n|-miss|p1a: Wyrdeer|p2a: Oranguru\n|move|p2a: Oranguru|Thunderbolt|p1a: Wyrdeer\n|-crit|p1a: Wyrdeer\n|-damage|p1a: Wyrdeer|15/321\n|\n|-heal|p2a: Oranguru|250/315 par|[from] item: Leftovers\n|upkeep\n|turn|13\n|\n|t:|1781440007\n|move|p1a: Wyrdeer|Megahorn|p2a: Oranguru\n|-supereffective|p2a: Oranguru\n|-damage|p2a: Oranguru|54/315 par\n|move|p2a: Oranguru|Thunderbolt|p1a: Wyrdeer\n|-damage|p1a: Wyrdeer|0 fnt\n|faint|p1a: Wyrdeer\n|\n|-heal|p2a: Oranguru|73/315 par|[from] item: Leftovers\n|upkeep\n|\n|t:|1781440021\n|switch|p1a: Meowscarada|Meowscarada, L78, F|69/247\n|turn|14\n|\n|t:|1781440027\n|move|p1a: Meowscarada|Knock Off|p2a: Oranguru\n|-start|p1a: Meowscarada|typechange|Dark|[from] ability: Protean\n|-supereffective|p2a: Oranguru\n|-damage|p2a: Oranguru|0 fnt\n|-enditem|p2a: Oranguru|Leftovers|[from] move: Knock Off|[of] p1a: Meowscarada\n|faint|p2a: Oranguru\n|\n|upkeep\n|\n|t:|1781440032\n|switch|p2a: Floatzel|Floatzel, L86, F|286/286\n|turn|15\n|\n|t:|1781440053\n|move|p2a: Floatzel|Wave Crash|p1a: Meowscarada\n|-damage|p1a: Meowscarada|0 fnt\n|faint|p1a: Meowscarada\n|-damage|p2a: Floatzel|263/286|[from] Recoil\n|\n|-heal|p2a: Floatzel|280/286|[from] item: Leftovers\n|upkeep\n|\n|t:|1781440056\n|switch|p1a: Thundurus|Thundurus, L80, M|258/258\n|turn|16\n|\n|t:|1781440065\n|move|p2a: Floatzel|Ice Spinner|p1a: Thundurus\n|-supereffective|p1a: Thundurus\n|-damage|p1a: Thundurus|98/258\n|move|p1a: Thundurus|Thunderbolt|p2a: Floatzel\n|-supereffective|p2a: Floatzel\n|-damage|p2a: Floatzel|0 fnt\n|faint|p2a: Floatzel\n|\n|upkeep\n|\n|t:|1781440079\n|switch|p2a: Arceus|Arceus-Fire, L72|291/291\n|turn|17\n|\n|t:|1781440085\n|move|p1a: Thundurus|U-turn|p2a: Arceus\n|-resisted|p2a: Arceus\n|-damage|p2a: Arceus|269/291\n|\n|t:|1781440086\n|switch|p1a: Volbeat|Volbeat, L90, M|28/263|[from] U-turn\n|move|p2a: Arceus|Swords Dance|p2a: Arceus\n|-boost|p2a: Arceus|atk|2\n|\n|upkeep\n|turn|18\n|\n|t:|1781440093\n|move|p2a: Arceus|Extreme Speed|p1a: Volbeat\n|-damage|p1a: Volbeat|0 fnt\n|faint|p1a: Volbeat\n|\n|upkeep\n|\n|t:|1781440094\n|switch|p1a: Rampardos|Rampardos, L90, M|321/321\n|turn|19\n|\n|t:|1781440099\n|move|p1a: Rampardos|Rock Slide|p2a: Arceus\n|-supereffective|p2a: Arceus\n|-damage|p2a: Arceus|0 fnt\n|faint|p2a: Arceus\n|\n|upkeep\n|l| firered27\n|\n|t:|1781440118\n|switch|p2a: Swalot|Swalot, L90, F|56/326 par\n|turn|20\n|\n|t:|1781440121\n|move|p1a: Rampardos|Rock Slide|p2a: Swalot\n|-damage|p2a: Swalot|0 fnt\n|faint|p2a: Swalot\n|\n|upkeep\n|\n|t:|1781440123\n|switch|p2a: Oinkologne|Oinkologne-F, L92, F|25/361\n|turn|21\n|\n|t:|1781440125\n|move|p1a: Rampardos|Rock Slide|p2a: Oinkologne\n|-damage|p2a: Oinkologne|0 fnt\n|faint|p2a: Oinkologne\n|\n|upkeep\n|\n|t:|1781440127\n|switch|p2a: Espathra|Espathra, L80, M|283/283\n|turn|22\n|\n|t:|1781440130\n|move|p1a: Rampardos|Rock Slide|p2a: Espathra\n|-damage|p2a: Espathra|36/283\n|move|p2a: Espathra|Calm Mind|p2a: Espathra\n|-boost|p2a: Espathra|spa|1\n|-boost|p2a: Espathra|spd|1\n|\n|-heal|p2a: Espathra|53/283|[from] item: Leftovers\n|-ability|p2a: Espathra|Speed Boost|boost\n|-boost|p2a: Espathra|spe|1\n|upkeep\n|turn|23\n|\n|t:|1781440134\n|move|p2a: Espathra|Calm Mind|p2a: Espathra\n|-boost|p2a: Espathra|spa|1\n|-boost|p2a: Espathra|spd|1\n|move|p1a: Rampardos|Rock Slide|p2a: Espathra\n|-damage|p2a: Espathra|0 fnt\n|faint|p2a: Espathra\n|\n|win|grabschaender\n", "inputlog": ">version a8376a258c1d4662feba110a92103f3664a72141\n>start {\"formatid\":\"gen9randombattle\",\"seed\":\"sodium,a34197a69bc1b457f4733c077c2accbf\",\"rated\":\"Rated battle\"}\n>player p1 {\"name\":\"grabschaender\",\"avatar\":\"candice\",\"rating\":2237,\"seed\":\"sodium,359bea6285d11ae327729170e734a2ee\"}\n>player p2 {\"name\":\"nhlist\",\"avatar\":\"266\",\"rating\":2190,\"seed\":\"sodium,8aa85af90dd9d4a3684a04750a195d20\"}\n>p1 move knockoff\n>p2 move doubleedge\n>p1 switch 2\n>p2 move lashout\n>p1 move thunderwave\n>p2 switch 3\n>p1 move uturn\n>p2 move gunkshot\n>p1 switch 3\n>p1 move bodyslam\n>p2 move knockoff\n>p1 move psychicnoise\n>p2 switch 3\n>p1 switch 3\n>p2 move doubleedge\n>p1 move roost\n>p2 move doubleedge\n>p1 move uturn\n>p2 switch 3\n>p1 switch 3\n>p1 move psychicnoise\n>p2 move knockoff\n>p1 move bodyslam\n>p2 switch 2\n>p1 move megahorn\n>p2 move thunderbolt\n>p1 move megahorn\n>p2 move thunderbolt\n>p1 switch 2\n>p1 move knockoff\n>p2 move psychic\n>p2 switch 4\n>p1 move flowertrick\n>p2 move wavecrash\n>p1 switch 6\n>p1 move thunderbolt\n>p2 move icespinner\n>p2 switch 6\n>p1 move uturn\n>p2 move swordsdance\n>p1 switch 3\n>p1 move encore\n>p2 move extremespeed\n>p1 switch 4\n>p1 move rockslide\n>p2 move earthquake\n>p2 switch 2\n>p1 move rockslide\n>p2 move earthquake\n>p2 switch 3\n>p1 move rockslide\n>p2 move highhorsepower\n>p2 switch 5\n>p1 move rockslide\n>p2 move calmmind\n>p1 move rockslide\n>p2 move calmmind", "uploadtime": 1781439863, "views": 5, "formatid": "gen9randombattle", "rating": null, "private": 0, "password": null}