{"id": "gen9randombattle-2631752015", "format": "[Gen 9] Random Battle", "players": ["SmolVersion", "Crinjal"], "log": "|j|\u2606SmolVersion\n|j|\u2606Crinjal\n|t:|1781433886\n|gametype|singles\n|player|p1|SmolVersion|102|1963\n|player|p2|Crinjal|veteran|1986\n|gen|9\n|tier|[Gen 9] Random Battle\n|rated|\n|rule|Species Clause: Limit one of each Pok\u00e9mon\n|rule|HP Percentage Mod: HP is shown in percentages\n|rule|Sleep Clause Mod: Limit one foe put to sleep\n|rule|Illusion Level Mod: Illusion disguises the Pok\u00e9mon's true level\n|\n|t:|1781433886\n|teamsize|p1|6\n|teamsize|p2|6\n|start\n|switch|p1a: Noctowl|Noctowl, L95, F|344/344\n|switch|p2a: Victreebel|Victreebel, L90, M|290/290\n|turn|1\n|inactive|Battle timer is ON: inactive players will automatically lose when time's up. (requested by SmolVersion)\n|j| mrbird077\n|\n|t:|1781433924\n|switch|p2a: Dragalge|Dragalge, L88, F|258/258\n|move|p1a: Noctowl|Hurricane|p2a: Dragalge|[miss]\n|-miss|p1a: Noctowl|p2a: Dragalge\n|\n|upkeep\n|turn|2\n|\n|t:|1781433943\n|move|p1a: Noctowl|Nasty Plot|p1a: Noctowl\n|-boost|p1a: Noctowl|spa|2\n|move|p2a: Dragalge|Toxic|p1a: Noctowl\n|-status|p1a: Noctowl|tox\n|\n|-damage|p1a: Noctowl|323/344 tox|[from] psn\n|upkeep\n|turn|3\n|\n|t:|1781433957\n|switch|p2a: Houndstone|Houndstone, L86, F|264/264\n|move|p1a: Noctowl|Hurricane|p2a: Houndstone|[miss]\n|-miss|p1a: Noctowl|p2a: Houndstone\n|\n|-damage|p1a: Noctowl|281/344 tox|[from] psn\n|upkeep\n|turn|4\n|\n|t:|1781433978\n|move|p1a: Noctowl|Hurricane|p2a: Houndstone\n|-damage|p2a: Houndstone|9/264\n|-start|p2a: Houndstone|confusion\n|-activate|p2a: Houndstone|confusion\n|move|p2a: Houndstone|Rest|p2a: Houndstone\n|-status|p2a: Houndstone|slp|[from] move: Rest\n|-heal|p2a: Houndstone|264/264 slp|[silent]\n|\n|-damage|p1a: Noctowl|218/344 tox|[from] psn\n|upkeep\n|turn|5\n|\n|t:|1781433993\n|switch|p1a: Skuntank|Skuntank, L84, M|310/310\n|cant|p2a: Houndstone|slp\n|-end|p2a: Houndstone|confusion\n|move|p2a: Houndstone|Sleep Talk|p2a: Houndstone\n|move|p2a: Houndstone|Body Press|p1a: Skuntank|[from] move: Sleep Talk\n|-damage|p1a: Skuntank|229/310\n|\n|upkeep\n|turn|6\n|inactive|Crinjal has 120 seconds left.\n|\n|t:|1781434025\n|switch|p2a: Dragalge|Dragalge, L88, F|258/258\n|move|p1a: Skuntank|Knock Off|p2a: Dragalge\n|-damage|p2a: Dragalge|136/258\n|-enditem|p2a: Dragalge|Leftovers|[from] move: Knock Off|[of] p1a: Skuntank\n|-damage|p1a: Skuntank|198/310|[from] item: Life Orb\n|\n|upkeep\n|turn|7\n|\n|t:|1781434041\n|move|p1a: Skuntank|Knock Off|p2a: Dragalge\n|-damage|p2a: Dragalge|58/258\n|-damage|p1a: Skuntank|167/310|[from] item: Life Orb\n|move|p2a: Dragalge|Draco Meteor|p1a: Skuntank\n|-damage|p1a: Skuntank|0 fnt\n|-unboost|p2a: Dragalge|spa|2\n|faint|p1a: Skuntank\n|\n|upkeep\n|\n|t:|1781434059\n|switch|p1a: Lucario|Lucario, L84, M|255/255\n|turn|8\n|inactive|Crinjal has 120 seconds left.\n|\n|t:|1781434064\n|move|p1a: Lucario|Nasty Plot|p1a: Lucario\n|-boost|p1a: Lucario|spa|2\n|move|p2a: Dragalge|Focus Blast|p1a: Lucario\n|-supereffective|p1a: Lucario\n|-damage|p1a: Lucario|149/255\n|\n|upkeep\n|turn|9\n|inactive|Crinjal has 120 seconds left.\n|\n|t:|1781434075\n|move|p1a: Lucario|Flash Cannon|p2a: Dragalge\n|-damage|p2a: Dragalge|0 fnt\n|faint|p2a: Dragalge\n|-damage|p1a: Lucario|124/255|[from] item: Life Orb\n|\n|upkeep\n|inactive|Crinjal has 120 seconds left.\n|\n|t:|1781434091\n|switch|p2a: Indeedee|Indeedee, L84, M|238/238\n|-fieldstart|move: Psychic Terrain|[from] ability: Psychic Surge|[of] p2a: Indeedee\n|turn|10\n|l|\u2606SmolVersion\n|inactive|SmolVersion disconnected and has a minute to reconnect!\n|player|p1|\n|c|\u2606Crinjal|who are you bird\n|inactive|SmolVersion has 30 seconds to reconnect!\n|c|\u2606Crinjal|smol's friend?\n|inactive|SmolVersion has 20 seconds to reconnect!\n|inactive|SmolVersion has 15 seconds to reconnect!\n|inactive|SmolVersion has 10 seconds to reconnect!\n|inactive|SmolVersion has 5 seconds to reconnect!\n|-message|SmolVersion lost due to inactivity.\n|\n|win|Crinjal\n", "uploadtime": 1781433888, "views": 5, "formatid": "gen9randombattle", "rating": null, "private": 0, "password": null}