{"id": "gen9randombattle-2631968371", "format": "[Gen 9] Random Battle", "players": ["marper8", "f91swdg"], "log": "|j|\u2606marper8\n|j|\u2606f91swdg\n|t:|1781461003\n|gametype|singles\n|player|p1|marper8|265|2071\n|player|p2|f91swdg|biker-gen4|2248\n|gen|9\n|tier|[Gen 9] Random Battle\n|rated|\n|rule|Species Clause: Limit one of each Pok\u00e9mon\n|rule|HP Percentage Mod: HP is shown in percentages\n|rule|Sleep Clause Mod: Limit one foe put to sleep\n|rule|Illusion Level Mod: Illusion disguises the Pok\u00e9mon's true level\n|\n|t:|1781461003\n|teamsize|p1|6\n|teamsize|p2|6\n|start\n|switch|p1a: Minun|Minun, L95, M|268/268\n|switch|p2a: Pecharunt|Pecharunt, L77|262/262\n|turn|1\n|inactive|Battle timer is ON: inactive players will automatically lose when time's up. (requested by f91swdg)\n|\n|t:|1781461007\n|move|p1a: Minun|Nasty Plot|p1a: Minun\n|-boost|p1a: Minun|spa|2\n|move|p2a: Pecharunt|Malignant Chain|p1a: Minun\n|-damage|p1a: Minun|199/268\n|-status|p1a: Minun|tox\n|-start|p1a: Minun|confusion|[from] ability: Poison Puppeteer|[of] p2a: Pecharunt\n|\n|-damage|p1a: Minun|183/268 tox|[from] psn\n|upkeep\n|turn|2\n|\n|t:|1781461014\n|switch|p2a: Dugtrio|Dugtrio-Alola, L84, F|196/196\n|-activate|p1a: Minun|confusion\n|move|p1a: Minun|Thunderbolt|p2a: Dugtrio\n|-immune|p2a: Dugtrio\n|\n|-damage|p1a: Minun|151/268 tox|[from] psn\n|upkeep\n|turn|3\n|\n|t:|1781461019\n|switch|p1a: Volbeat|Volbeat, L90, M|263/263\n|move|p2a: Dugtrio|Earthquake|p1a: Volbeat\n|-resisted|p1a: Volbeat\n|-damage|p1a: Volbeat|177/263\n|\n|upkeep\n|turn|4\n|\n|t:|1781461034\n|switch|p2a: Pecharunt|Pecharunt, L77|262/262\n|move|p1a: Volbeat|Thunder Wave|p2a: Pecharunt\n|-status|p2a: Pecharunt|par\n|\n|upkeep\n|turn|5\n|\n|t:|1781461039\n|switch|p1a: Victreebel|Victreebel, L90, M|290/290\n|move|p2a: Pecharunt|Malignant Chain|p1a: Victreebel\n|-damage|p1a: Victreebel|200/290\n|\n|upkeep\n|turn|6\n|\n|t:|1781461060\n|move|p1a: Victreebel|Swords Dance|p1a: Victreebel\n|-boost|p1a: Victreebel|atk|2\n|move|p2a: Pecharunt|Parting Shot|p1a: Victreebel\n|-unboost|p1a: Victreebel|atk|1\n|-unboost|p1a: Victreebel|spa|1\n|\n|t:|1781461062\n|switch|p2a: Probopass|Probopass, L91, F|257/257|[from] Parting Shot\n|\n|upkeep\n|turn|7\n|\n|t:|1781461065\n|move|p1a: Victreebel|Power Whip|p2a: Probopass\n|-damage|p2a: Probopass|62/257\n|-damage|p1a: Victreebel|171/290|[from] item: Life Orb\n|move|p2a: Probopass|Iron Defense|p2a: Probopass\n|-boost|p2a: Probopass|def|2\n|\n|-heal|p2a: Probopass|78/257|[from] item: Leftovers\n|upkeep\n|turn|8\n|\n|t:|1781461069\n|move|p1a: Victreebel|Power Whip|p2a: Probopass\n|-damage|p2a: Probopass|0 fnt\n|faint|p2a: Probopass\n|-damage|p1a: Victreebel|142/290|[from] item: Life Orb\n|\n|upkeep\n|\n|t:|1781461074\n|switch|p2a: Dugtrio|Dugtrio-Alola, L84, F|196/196\n|turn|9\n|\n|t:|1781461079\n|move|p1a: Victreebel|Sucker Punch|p2a: Dugtrio\n|-damage|p2a: Dugtrio|27/196\n|-ability|p2a: Dugtrio|Tangling Hair\n|-unboost|p1a: Victreebel|spe|1\n|-damage|p1a: Victreebel|113/290|[from] item: Life Orb\n|move|p2a: Dugtrio|Iron Head|p1a: Victreebel\n|-damage|p1a: Victreebel|0 fnt\n|faint|p1a: Victreebel\n|\n|upkeep\n|\n|t:|1781461082\n|switch|p1a: Morpeko|Morpeko, L88, M|245/245\n|turn|10\n|\n|t:|1781461097\n|switch|p2a: Sunflora|Sunflora, F|312/312\n|move|p1a: Morpeko|Parting Shot|p2a: Sunflora\n|-unboost|p2a: Sunflora|atk|1\n|-unboost|p2a: Sunflora|spa|1\n|\n|t:|1781461099\n|switch|p1a: Volbeat|Volbeat, L90, M|177/263|[from] Parting Shot\n|\n|upkeep\n|turn|11\n|\n|t:|1781461106\n|switch|p1a: Morpeko|Morpeko, L88, M|245/245\n|switch|p2a: Dugtrio|Dugtrio-Alola, L84, F|27/196\n|\n|-formechange|p1a: Morpeko|Morpeko-Hangry||[from] ability: Hunger Switch\n|upkeep\n|turn|12\n|\n|t:|1781461112\n|move|p1a: Morpeko|Protect|p1a: Morpeko\n|-singleturn|p1a: Morpeko|Protect\n|move|p2a: Dugtrio|Stone Edge|p1a: Morpeko\n|-activate|p1a: Morpeko|move: Protect\n|\n|-formechange|p1a: Morpeko|Morpeko||[from] ability: Hunger Switch\n|upkeep\n|turn|13\n|\n|t:|1781461122\n|switch|p2a: Sunflora|Sunflora, F|312/312\n|move|p1a: Morpeko|Aura Wheel|p2a: Sunflora\n|-resisted|p2a: Sunflora\n|-damage|p2a: Sunflora|237/312\n|-boost|p1a: Morpeko|spe|1\n|\n|-formechange|p1a: Morpeko|Morpeko-Hangry||[from] ability: Hunger Switch\n|upkeep\n|turn|14\n|\n|t:|1781461130\n|move|p1a: Morpeko|Parting Shot|p2a: Sunflora\n|-unboost|p2a: Sunflora|atk|1\n|-unboost|p2a: Sunflora|spa|1\n|\n|t:|1781461132\n|switch|p1a: Volbeat|Volbeat, L90, M|177/263|[from] Parting Shot\n|move|p2a: Sunflora|Leaf Storm|p1a: Volbeat\n|-resisted|p1a: Volbeat\n|-damage|p1a: Volbeat|81/263\n|-unboost|p2a: Sunflora|spa|2\n|\n|upkeep\n|turn|15\n|\n|t:|1781461137\n|switch|p2a: Dugtrio|Dugtrio-Alola, L84, F|27/196\n|move|p1a: Volbeat|Roost|p1a: Volbeat\n|-heal|p1a: Volbeat|213/263\n|-singleturn|p1a: Volbeat|move: Roost\n|\n|upkeep\n|turn|16\n|\n|t:|1781461141\n|move|p1a: Volbeat|Roost|p1a: Volbeat\n|-heal|p1a: Volbeat|263/263\n|-singleturn|p1a: Volbeat|move: Roost\n|move|p2a: Dugtrio|Iron Head|p1a: Volbeat\n|-damage|p1a: Volbeat|118/263\n|\n|upkeep\n|turn|17\n|\n|t:|1781461147\n|switch|p1a: Morpeko|Morpeko, L88, M|245/245\n|move|p2a: Dugtrio|Iron Head|p1a: Morpeko\n|-resisted|p1a: Morpeko\n|-damage|p1a: Morpeko|158/245\n|\n|-formechange|p1a: Morpeko|Morpeko-Hangry||[from] ability: Hunger Switch\n|upkeep\n|turn|18\n|\n|t:|1781461150\n|move|p2a: Dugtrio|Iron Head|p1a: Morpeko\n|-resisted|p1a: Morpeko\n|-damage|p1a: Morpeko|80/245\n|move|p1a: Morpeko|Aura Wheel|p2a: Dugtrio\n|-damage|p2a: Dugtrio|0 fnt\n|-boost|p1a: Morpeko|spe|1\n|faint|p2a: Dugtrio\n|\n|-formechange|p1a: Morpeko|Morpeko||[from] ability: Hunger Switch\n|upkeep\n|\n|t:|1781461153\n|switch|p2a: Sunflora|Sunflora, F|237/312\n|turn|19\n|\n|t:|1781461158\n|move|p1a: Morpeko|Protect|p1a: Morpeko\n|-singleturn|p1a: Morpeko|Protect\n|move|p2a: Sunflora|Dazzling Gleam|p1a: Morpeko\n|-activate|p1a: Morpeko|move: Protect\n|\n|-formechange|p1a: Morpeko|Morpeko-Hangry||[from] ability: Hunger Switch\n|upkeep\n|turn|20\n|\n|t:|1781461163\n|switch|p1a: Lugia|Lugia, L73|275/275\n|move|p2a: Sunflora|Dazzling Gleam|p1a: Lugia\n|-damage|p1a: Lugia|225/275\n|\n|upkeep\n|turn|21\n|\n|t:|1781461167\n|switch|p2a: Pecharunt|Pecharunt, L77|262/262 par\n|move|p1a: Lugia|Calm Mind|p1a: Lugia\n|-boost|p1a: Lugia|spa|1\n|-boost|p1a: Lugia|spd|1\n|\n|upkeep\n|turn|22\n|\n|t:|1781461171\n|move|p1a: Lugia|Earth Power|p2a: Pecharunt\n|-supereffective|p2a: Pecharunt\n|-crit|p2a: Pecharunt\n|-damage|p2a: Pecharunt|26/262 par\n|move|p2a: Pecharunt|Shadow Ball|p1a: Lugia\n|-supereffective|p1a: Lugia\n|-damage|p1a: Lugia|159/275\n|\n|-heal|p2a: Pecharunt|42/262 par|[from] item: Leftovers\n|upkeep\n|turn|23\n|\n|t:|1781461178\n|move|p1a: Lugia|Earth Power|p2a: Pecharunt\n|-supereffective|p2a: Pecharunt\n|-damage|p2a: Pecharunt|0 fnt\n|faint|p2a: Pecharunt\n|\n|upkeep\n|\n|t:|1781461184\n|switch|p2a: Mesprit|Mesprit, L85|275/275\n|turn|24\n|\n|t:|1781461188\n|switch|p1a: Volbeat|Volbeat, L90, M|118/263\n|-terastallize|p2a: Mesprit|Electric\n|move|p2a: Mesprit|Thunderbolt|p1a: Volbeat\n|-damage|p1a: Volbeat|0 fnt\n|faint|p1a: Volbeat\n|\n|upkeep\n|\n|t:|1781461192\n|switch|p1a: Minun|Minun, L95, M|151/268 tox\n|turn|25\n|\n|t:|1781461198\n|switch|p2a: Sunflora|Sunflora, F|237/312\n|move|p1a: Minun|Nasty Plot|p1a: Minun\n|-boost|p1a: Minun|spa|2\n|\n|-damage|p1a: Minun|135/268 tox|[from] psn\n|upkeep\n|turn|26\n|\n|t:|1781461204\n|move|p1a: Minun|Alluring Voice|p2a: Sunflora\n|-damage|p2a: Sunflora|110/312\n|-damage|p1a: Minun|109/268 tox|[from] item: Life Orb\n|move|p2a: Sunflora|Dazzling Gleam|p1a: Minun\n|-damage|p1a: Minun|2/268 tox\n|\n|-damage|p1a: Minun|0 fnt|[from] psn\n|faint|p1a: Minun\n|upkeep\n|\n|t:|1781461209\n|switch|p1a: Morpeko|Morpeko, L88, M|80/245\n|turn|27\n|\n|t:|1781461212\n|move|p1a: Morpeko|Protect|p1a: Morpeko\n|-singleturn|p1a: Morpeko|Protect\n|move|p2a: Sunflora|Dazzling Gleam|p1a: Morpeko\n|-activate|p1a: Morpeko|move: Protect\n|\n|-formechange|p1a: Morpeko|Morpeko-Hangry||[from] ability: Hunger Switch\n|upkeep\n|turn|28\n|\n|t:|1781461214\n|move|p1a: Morpeko|Parting Shot|p2a: Sunflora\n|-unboost|p2a: Sunflora|atk|1\n|-unboost|p2a: Sunflora|spa|1\n|\n|t:|1781461215\n|switch|p1a: Lugia|Lugia, L73|159/275|[from] Parting Shot\n|move|p2a: Sunflora|Dazzling Gleam|p1a: Lugia\n|-damage|p1a: Lugia|98/275\n|\n|upkeep\n|turn|29\n|\n|t:|1781461220\n|switch|p2a: Mesprit|Mesprit, L85, tera:Electric|275/275\n|move|p1a: Lugia|Calm Mind|p1a: Lugia\n|-boost|p1a: Lugia|spa|1\n|-boost|p1a: Lugia|spd|1\n|\n|upkeep\n|turn|30\n|\n|t:|1781461223\n|-terastallize|p1a: Lugia|Steel\n|move|p1a: Lugia|Recover|p1a: Lugia\n|-heal|p1a: Lugia|236/275\n|move|p2a: Mesprit|Thunderbolt|p1a: Lugia\n|-damage|p1a: Lugia|155/275\n|-status|p1a: Lugia|par\n|\n|upkeep\n|turn|31\n|\n|t:|1781461230\n|switch|p2a: Calyrex|Calyrex, L93|337/337\n|-ability|p2a: Calyrex|Unnerve\n|cant|p1a: Lugia|par\n|\n|upkeep\n|turn|32\n|\n|t:|1781461235\n|move|p2a: Calyrex|Body Press|p1a: Lugia\n|-supereffective|p1a: Lugia\n|-damage|p1a: Lugia|47/275 par\n|move|p1a: Lugia|Aeroblast|p2a: Calyrex\n|-supereffective|p2a: Calyrex\n|-damage|p2a: Calyrex|107/337\n|\n|-heal|p2a: Calyrex|128/337|[from] item: Leftovers\n|upkeep\n|turn|33\n|\n|t:|1781461237\n|move|p2a: Calyrex|Body Press|p1a: Lugia\n|-supereffective|p1a: Lugia\n|-damage|p1a: Lugia|0 fnt\n|faint|p1a: Lugia\n|\n|-heal|p2a: Calyrex|149/337|[from] item: Leftovers\n|upkeep\n|\n|t:|1781461240\n|switch|p1a: Morpeko|Morpeko, L88, M|80/245\n|turn|34\n|\n|t:|1781461246\n|move|p1a: Morpeko|Aura Wheel|p2a: Calyrex\n|-resisted|p2a: Calyrex\n|-damage|p2a: Calyrex|89/337\n|-boost|p1a: Morpeko|spe|1\n|move|p2a: Calyrex|Body Press|p1a: Morpeko\n|-supereffective|p1a: Morpeko\n|-damage|p1a: Morpeko|0 fnt\n|faint|p1a: Morpeko\n|\n|-heal|p2a: Calyrex|110/337|[from] item: Leftovers\n|upkeep\n|\n|t:|1781461249\n|switch|p1a: Dodrio|Dodrio, L85, M|241/241\n|turn|35\n|\n|t:|1781461253\n|move|p1a: Dodrio|Swords Dance|p1a: Dodrio\n|-boost|p1a: Dodrio|atk|2\n|move|p2a: Calyrex|Psyshock|p1a: Dodrio\n|-damage|p1a: Dodrio|139/241\n|\n|-heal|p2a: Calyrex|131/337|[from] item: Leftovers\n|upkeep\n|turn|36\n|\n|t:|1781461255\n|move|p1a: Dodrio|Knock Off|p2a: Calyrex\n|-supereffective|p2a: Calyrex\n|-damage|p2a: Calyrex|0 fnt\n|-enditem|p2a: Calyrex|Leftovers|[from] move: Knock Off|[of] p1a: Dodrio\n|faint|p2a: Calyrex\n|\n|upkeep\n|\n|t:|1781461257\n|switch|p2a: Mesprit|Mesprit, L85, tera:Electric|275/275\n|turn|37\n|\n|t:|1781461260\n|move|p1a: Dodrio|Knock Off|p2a: Mesprit\n|-damage|p2a: Mesprit|143/275\n|-enditem|p2a: Mesprit|Choice Specs|[from] move: Knock Off|[of] p1a: Dodrio\n|move|p2a: Mesprit|Thunderbolt|p1a: Dodrio\n|-supereffective|p1a: Dodrio\n|-damage|p1a: Dodrio|0 fnt\n|faint|p1a: Dodrio\n|\n|win|f91swdg\n", "uploadtime": 1781461004, "views": 3, "formatid": "gen9randombattle", "rating": null, "private": 0, "password": null}