{"id": "gen9randombattle-2631529259", "format": "[Gen 9] Random Battle", "players": ["biscit_sama", "pokemonepic111"], "log": "|j|\u2606biscit_sama\n|j|\u2606pokemonepic111\n|t:|1781397100\n|gametype|singles\n|player|p1|biscit_sama|psychic-gen4|2083\n|player|p2|pokemonepic111|170|1981\n|gen|9\n|tier|[Gen 9] Random Battle\n|rated|\n|rule|Species Clause: Limit one of each Pok\u00e9mon\n|rule|HP Percentage Mod: HP is shown in percentages\n|rule|Sleep Clause Mod: Limit one foe put to sleep\n|rule|Illusion Level Mod: Illusion disguises the Pok\u00e9mon's true level\n|\n|t:|1781397100\n|teamsize|p1|6\n|teamsize|p2|6\n|start\n|switch|p1a: Carbink|Carbink, L90|236/236\n|switch|p2a: Heatran|Heatran, L79, F|273/273\n|-item|p2a: Heatran|Air Balloon\n|turn|1\n|inactive|Battle timer is ON: inactive players will automatically lose when time's up. (requested by biscit_sama)\n|\n|t:|1781397106\n|switch|p1a: Poliwrath|Poliwrath, L88, F|302/302\n|move|p2a: Heatran|Heavy Slam|p1a: Poliwrath\n|-resisted|p1a: Poliwrath\n|-damage|p1a: Poliwrath|256/302\n|\n|-heal|p1a: Poliwrath|274/302|[from] item: Leftovers\n|upkeep\n|turn|2\n|\n|t:|1781397112\n|switch|p2a: Dragalge|Dragalge, L88, F|258/258\n|move|p1a: Poliwrath|Bulk Up|p1a: Poliwrath\n|-boost|p1a: Poliwrath|atk|1\n|-boost|p1a: Poliwrath|def|1\n|\n|-heal|p1a: Poliwrath|292/302|[from] item: Leftovers\n|upkeep\n|turn|3\n|\n|t:|1781397118\n|switch|p1a: Solgaleo|Solgaleo, L74|325/325\n|move|p2a: Dragalge|Draco Meteor|p1a: Solgaleo\n|-resisted|p1a: Solgaleo\n|-damage|p1a: Solgaleo|215/325\n|-unboost|p2a: Dragalge|spa|2\n|\n|upkeep\n|turn|4\n|\n|t:|1781397125\n|move|p1a: Solgaleo|Sunsteel Strike|p2a: Dragalge\n|-damage|p2a: Dragalge|149/258\n|move|p2a: Dragalge|Dragon Tail|p1a: Solgaleo\n|-resisted|p1a: Solgaleo\n|-crit|p1a: Solgaleo\n|-damage|p1a: Solgaleo|157/325\n|drag|p1a: Overqwil|Overqwil, L82, M|274/274\n|-ability|p1a: Overqwil|Intimidate|boost\n|-unboost|p2a: Dragalge|atk|1\n|\n|upkeep\n|turn|5\n|\n|t:|1781397135\n|switch|p2a: Donphan|Donphan, L84, F|288/288\n|move|p1a: Overqwil|Scale Shot|p2a: Donphan\n|-damage|p2a: Donphan|271/288\n|-damage|p2a: Donphan|256/288\n|-damage|p2a: Donphan|239/288\n|-damage|p2a: Donphan|224/288\n|-hitcount|p2a: Donphan|4\n|-unboost|p1a: Overqwil|def|1\n|-boost|p1a: Overqwil|spe|1\n|\n|upkeep\n|turn|6\n|\n|t:|1781397144\n|switch|p1a: Poliwrath|Poliwrath, L88, F|292/302\n|move|p2a: Donphan|Earthquake|p1a: Poliwrath\n|-damage|p1a: Poliwrath|174/302\n|\n|-heal|p1a: Poliwrath|192/302|[from] item: Leftovers\n|upkeep\n|turn|7\n|\n|t:|1781397152\n|switch|p2a: Ambipom|Ambipom, L84, F|263/263\n|move|p1a: Poliwrath|Liquidation|p2a: Ambipom\n|-damage|p2a: Ambipom|145/263\n|\n|-heal|p1a: Poliwrath|210/302|[from] item: Leftovers\n|upkeep\n|turn|8\n|\n|t:|1781397158\n|switch|p1a: Carbink|Carbink, L90|236/236\n|move|p2a: Ambipom|Double-Edge|p1a: Carbink\n|-resisted|p1a: Carbink\n|-damage|p1a: Carbink|178/236\n|-damage|p2a: Ambipom|126/263|[from] Recoil\n|\n|upkeep\n|turn|9\n|\n|t:|1781397165\n|switch|p2a: Dragalge|Dragalge, L88, F|149/258\n|move|p1a: Carbink|Body Press|p2a: Dragalge\n|-resisted|p2a: Dragalge\n|-damage|p2a: Dragalge|109/258\n|\n|upkeep\n|turn|10\n|\n|t:|1781397171\n|switch|p1a: Solgaleo|Solgaleo, L74|157/325\n|move|p2a: Dragalge|Sludge Wave|p1a: Solgaleo\n|-immune|p1a: Solgaleo\n|\n|upkeep\n|turn|11\n|\n|t:|1781397177\n|move|p1a: Solgaleo|Knock Off|p2a: Dragalge\n|-damage|p2a: Dragalge|40/258\n|-enditem|p2a: Dragalge|Assault Vest|[from] move: Knock Off|[of] p1a: Solgaleo\n|move|p2a: Dragalge|Focus Blast|p1a: Solgaleo\n|-damage|p1a: Solgaleo|55/325\n|\n|upkeep\n|turn|12\n|\n|t:|1781397183\n|move|p1a: Solgaleo|Earthquake|p2a: Dragalge\n|-supereffective|p2a: Dragalge\n|-crit|p2a: Dragalge\n|-damage|p2a: Dragalge|0 fnt\n|faint|p2a: Dragalge\n|\n|upkeep\n|\n|t:|1781397186\n|switch|p2a: Ambipom|Ambipom, L84, F|126/263\n|turn|13\n|\n|t:|1781397198\n|switch|p1a: Carbink|Carbink, L90|178/236\n|move|p2a: Ambipom|Double-Edge|p1a: Carbink\n|-resisted|p1a: Carbink\n|-damage|p1a: Carbink|114/236\n|-damage|p2a: Ambipom|105/263|[from] Recoil\n|\n|upkeep\n|turn|14\n|\n|t:|1781397208\n|switch|p2a: Mismagius|Mismagius, L86, F|243/243\n|move|p1a: Carbink|Body Press|p2a: Mismagius\n|-immune|p2a: Mismagius\n|\n|upkeep\n|turn|15\n|\n|t:|1781397215\n|move|p2a: Mismagius|Nasty Plot|p2a: Mismagius\n|-boost|p2a: Mismagius|spa|2\n|move|p1a: Carbink|Moonblast|p2a: Mismagius\n|-damage|p2a: Mismagius|185/243\n|\n|-heal|p2a: Mismagius|200/243|[from] item: Leftovers\n|upkeep\n|turn|16\n|\n|t:|1781397219\n|move|p2a: Mismagius|Substitute|p2a: Mismagius\n|-start|p2a: Mismagius|Substitute\n|-damage|p2a: Mismagius|140/243\n|move|p1a: Carbink|Moonblast|p2a: Mismagius\n|-end|p2a: Mismagius|Substitute\n|\n|-heal|p2a: Mismagius|155/243|[from] item: Leftovers\n|upkeep\n|turn|17\n|\n|t:|1781397226\n|move|p2a: Mismagius|Substitute|p2a: Mismagius\n|-start|p2a: Mismagius|Substitute\n|-damage|p2a: Mismagius|95/243\n|move|p1a: Carbink|Moonblast|p2a: Mismagius\n|-crit|p2a: Mismagius\n|-end|p2a: Mismagius|Substitute\n|\n|-heal|p2a: Mismagius|110/243|[from] item: Leftovers\n|upkeep\n|turn|18\n|\n|t:|1781397231\n|move|p2a: Mismagius|Shadow Ball|p1a: Carbink\n|-crit|p1a: Carbink\n|-damage|p1a: Carbink|0 fnt\n|faint|p1a: Carbink\n|\n|-heal|p2a: Mismagius|125/243|[from] item: Leftovers\n|upkeep\n|\n|t:|1781397234\n|switch|p1a: Gallade|Gallade, L80, M|240/240\n|turn|19\n|\n|t:|1781397238\n|move|p1a: Gallade|Psycho Cut|p2a: Mismagius\n|-crit|p2a: Mismagius\n|-damage|p2a: Mismagius|0 fnt\n|faint|p2a: Mismagius\n|\n|upkeep\n|\n|t:|1781397242\n|switch|p2a: Armarouge|Armarouge, L80, M|267/267\n|turn|20\n|\n|t:|1781397248\n|switch|p1a: Solgaleo|Solgaleo, L74|55/325\n|move|p2a: Armarouge|Psyshock|p1a: Solgaleo\n|-resisted|p1a: Solgaleo\n|-damage|p1a: Solgaleo|19/325\n|\n|upkeep\n|turn|21\n|\n|t:|1781397256\n|move|p1a: Solgaleo|Knock Off|p2a: Armarouge\n|-supereffective|p2a: Armarouge\n|-damage|p2a: Armarouge|143/267\n|-ability|p2a: Armarouge|Weak Armor|boost\n|-unboost|p2a: Armarouge|def|1\n|-boost|p2a: Armarouge|spe|2\n|-enditem|p2a: Armarouge|Choice Specs|[from] move: Knock Off|[of] p1a: Solgaleo\n|move|p2a: Armarouge|Psyshock|p1a: Solgaleo\n|-resisted|p1a: Solgaleo\n|-damage|p1a: Solgaleo|0 fnt\n|faint|p1a: Solgaleo\n|\n|upkeep\n|\n|t:|1781397266\n|switch|p1a: Overqwil|Overqwil, L82, M|274/274\n|-ability|p1a: Overqwil|Intimidate|boost\n|-unboost|p2a: Armarouge|atk|1\n|turn|22\n|\n|t:|1781397274\n|move|p2a: Armarouge|Armor Cannon|p1a: Overqwil\n|-damage|p1a: Overqwil|94/274\n|-unboost|p2a: Armarouge|def|1\n|-unboost|p2a: Armarouge|spd|1\n|move|p1a: Overqwil|Scale Shot|p2a: Armarouge\n|-damage|p2a: Armarouge|104/267\n|-ability|p2a: Armarouge|Weak Armor|boost\n|-unboost|p2a: Armarouge|def|1\n|-boost|p2a: Armarouge|spe|2\n|-damage|p2a: Armarouge|55/267\n|-ability|p2a: Armarouge|Weak Armor|boost\n|-unboost|p2a: Armarouge|def|1\n|-boost|p2a: Armarouge|spe|2\n|-damage|p2a: Armarouge|2/267\n|-ability|p2a: Armarouge|Weak Armor|boost\n|-unboost|p2a: Armarouge|def|1\n|-damage|p2a: Armarouge|0 fnt\n|faint|p2a: Armarouge\n|-hitcount|p2: Armarouge|4\n|-unboost|p1a: Overqwil|def|1\n|-boost|p1a: Overqwil|spe|1\n|\n|upkeep\n|\n|t:|1781397278\n|switch|p2a: Donphan|Donphan, L84, F|224/288\n|turn|23\n|\n|t:|1781397288\n|move|p1a: Overqwil|Crunch|p2a: Donphan\n|-damage|p2a: Donphan|157/288\n|move|p2a: Donphan|Earthquake|p1a: Overqwil\n|-supereffective|p1a: Overqwil\n|-damage|p1a: Overqwil|0 fnt\n|faint|p1a: Overqwil\n|\n|upkeep\n|\n|t:|1781397290\n|switch|p1a: Poliwrath|Poliwrath, L88, F|210/302\n|turn|24\n|\n|t:|1781397298\n|move|p1a: Poliwrath|Bulk Up|p1a: Poliwrath\n|-boost|p1a: Poliwrath|atk|1\n|-boost|p1a: Poliwrath|def|1\n|move|p2a: Donphan|Earthquake|p1a: Poliwrath\n|-crit|p1a: Poliwrath\n|-damage|p1a: Poliwrath|30/302\n|\n|-heal|p1a: Poliwrath|48/302|[from] item: Leftovers\n|upkeep\n|turn|25\n|\n|t:|1781397304\n|move|p1a: Poliwrath|Liquidation|p2a: Donphan\n|-supereffective|p2a: Donphan\n|-damage|p2a: Donphan|0 fnt\n|faint|p2a: Donphan\n|\n|-heal|p1a: Poliwrath|66/302|[from] item: Leftovers\n|upkeep\n|\n|t:|1781397306\n|switch|p2a: Ambipom|Ambipom, L84, F|105/263\n|turn|26\n|\n|t:|1781397311\n|switch|p1a: Greedent|Greedent, L86, F|347/347\n|move|p2a: Ambipom|Double-Edge|p1a: Greedent\n|-damage|p1a: Greedent|173/347\n|-enditem|p1a: Greedent|Sitrus Berry|[eat]\n|-heal|p1a: Greedent|259/347|[from] item: Sitrus Berry\n|-heal|p1a: Greedent|347/347|[from] ability: Cheek Pouch\n|-damage|p2a: Ambipom|48/263|[from] Recoil\n|\n|upkeep\n|turn|27\n|\n|t:|1781397315\n|move|p2a: Ambipom|Double-Edge|p1a: Greedent\n|-damage|p1a: Greedent|157/347\n|-damage|p2a: Ambipom|0 fnt|[from] Recoil\n|faint|p2a: Ambipom\n|move|p1a: Greedent|Body Slam|p2: Ambipom|[notarget]\n|-fail|p1a: Greedent\n|\n|upkeep\n|\n|t:|1781397319\n|switch|p2a: Heatran|Heatran, L79, F|273/273\n|-item|p2a: Heatran|Air Balloon\n|turn|28\n|\n|t:|1781397340\n|move|p2a: Heatran|Heavy Slam|p1a: Greedent\n|-damage|p1a: Greedent|55/347\n|move|p1a: Greedent|Body Slam|p2a: Heatran\n|-resisted|p2a: Heatran\n|-damage|p2a: Heatran|226/273\n|-status|p2a: Heatran|par\n|-enditem|p2a: Heatran|Air Balloon\n|\n|upkeep\n|turn|29\n|\n|t:|1781397346\n|move|p1a: Greedent|Earthquake|p2a: Heatran\n|-supereffective|p2a: Heatran\n|-damage|p2a: Heatran|0 fnt\n|faint|p2a: Heatran\n|\n|win|biscit_sama\n", "inputlog": ">version a8376a258c1d4662feba110a92103f3664a72141\n>start {\"formatid\":\"gen9randombattle\",\"seed\":\"sodium,f9fe6ca73532d6a59fbe319c6018cac4\",\"rated\":\"Rated battle\"}\n>player p1 {\"name\":\"biscit_sama\",\"avatar\":\"psychic-gen4\",\"rating\":2083,\"seed\":\"sodium,e4d962f4e7288432fac0ddd570c0689a\"}\n>player p2 {\"name\":\"pokemonepic111\",\"avatar\":\"170\",\"rating\":1981,\"seed\":\"sodium,6ebdc4b08bb56fe3f8577c4e9c3e9328\"}\n>p1 switch 2\n>p2 move heavyslam\n>p1 move bulkup\n>p2 switch 3\n>p1 switch 6\n>p2 move dracometeor\n>p1 move sunsteelstrike\n>p2 move dragontail\n>p1 move scaleshot\n>p2 switch 6\n>p1 switch 6\n>p2 move earthquake\n>p1 move liquidation\n>p2 switch 4\n>p1 switch 2\n>p2 move doubleedge\n>p1 move bodypress\n>p2 switch 6\n>p1 switch 5\n>p2 move sludgewave\n>p1 move knockoff\n>p2 move focusblast\n>p1 move earthquake\n>p2 move focusblast\n>p2 switch 6\n>p1 switch 5\n>p2 move doubleedge\n>p1 move bodypress\n>p2 switch 5\n>p1 move moonblast\n>p2 move nastyplot\n>p1 move moonblast\n>p2 move substitute\n>p1 move moonblast\n>p2 move substitute\n>p1 move moonblast\n>p2 move shadowball\n>p1 switch 3\n>p1 move psychocut\n>p2 move shadowball\n>p2 switch 2\n>p1 switch 5\n>p2 move psyshock\n>p1 move knockoff\n>p2 move psyshock\n>p1 switch 6\n>p1 move scaleshot\n>p2 move armorcannon\n>p2 switch 4\n>p1 move crunch\n>p2 move earthquake\n>p1 switch 2\n>p1 move bulkup\n>p2 move earthquake\n>p1 move liquidation\n>p2 move earthquake\n>p2 switch 5\n>p1 switch 4\n>p2 move doubleedge\n>p1 move bodyslam\n>p2 move doubleedge\n>p2 switch 3\n>p1 move bodyslam\n>p2 move heavyslam\n>p1 move earthquake\n>p2 move heavyslam", "uploadtime": 1781397102, "views": 5, "formatid": "gen9randombattle", "rating": null, "private": 0, "password": null}