{"id": "gen9randombattle-2631530204", "format": "[Gen 9] Random Battle", "players": ["46455i", "tofumeats"], "log": "|j|\u260646455i\n|j|\u2606tofumeats\n|t:|1781397229\n|gametype|singles\n|player|p1|46455i|fisherman-gen4|2143\n|player|p2|tofumeats|n|2178\n|gen|9\n|tier|[Gen 9] Random Battle\n|rated|\n|rule|Species Clause: Limit one of each Pok\u00e9mon\n|rule|HP Percentage Mod: HP is shown in percentages\n|rule|Sleep Clause Mod: Limit one foe put to sleep\n|rule|Illusion Level Mod: Illusion disguises the Pok\u00e9mon's true level\n|\n|t:|1781397229\n|teamsize|p1|6\n|teamsize|p2|6\n|start\n|switch|p1a: Greninja|Greninja, L80, M|246/246\n|switch|p2a: Registeel|Registeel, L81|262/262\n|turn|1\n|inactive|Battle timer is ON: inactive players will automatically lose when time's up. (requested by tofumeats)\n|\n|t:|1781397241\n|move|p1a: Greninja|U-turn|p2a: Registeel\n|-start|p1a: Greninja|typechange|Bug|[from] ability: Protean\n|-resisted|p2a: Registeel\n|-damage|p2a: Registeel|233/262\n|-damage|p1a: Greninja|222/246|[from] item: Life Orb\n|\n|t:|1781397247\n|switch|p1a: Sandy Shocks|Sandy Shocks, L80|267/267|[from] U-turn\n|move|p2a: Registeel|Thunder Wave|p1a: Sandy Shocks\n|-immune|p1a: Sandy Shocks\n|\n|-heal|p2a: Registeel|249/262|[from] item: Leftovers\n|upkeep\n|turn|2\n|j| mewhoisplayinghere\n|\n|t:|1781397261\n|switch|p2a: Bombirdier|Bombirdier, L85, M|258/258\n|move|p1a: Sandy Shocks|Thunder Wave|p2a: Bombirdier\n|-status|p2a: Bombirdier|par\n|\n|upkeep\n|turn|3\n|l| mewhoisplayinghere\n|inactive|tofumeats has 120 seconds left.\n|\n|t:|1781397296\n|switch|p2a: Jolteon|Jolteon, L84, M|246/246\n|move|p1a: Sandy Shocks|Volt Switch|p2a: Jolteon\n|-immune|p2a: Jolteon|[from] ability: Volt Absorb\n|\n|upkeep\n|turn|4\n|inactive|tofumeats has 120 seconds left.\n|\n|t:|1781397313\n|move|p2a: Jolteon|Calm Mind|p2a: Jolteon\n|-boost|p2a: Jolteon|spa|1\n|-boost|p2a: Jolteon|spd|1\n|move|p1a: Sandy Shocks|Earth Power|p2a: Jolteon\n|-supereffective|p2a: Jolteon\n|-damage|p2a: Jolteon|108/246\n|\n|upkeep\n|turn|5\n|inactive|tofumeats has 120 seconds left.\n|\n|t:|1781397326\n|-terastallize|p2a: Jolteon|Fairy\n|move|p2a: Jolteon|Alluring Voice|p1a: Sandy Shocks\n|-damage|p1a: Sandy Shocks|82/267\n|-damage|p2a: Jolteon|84/246|[from] item: Life Orb\n|move|p1a: Sandy Shocks|Earth Power|p2a: Jolteon\n|-damage|p2a: Jolteon|14/246\n|-unboost|p2a: Jolteon|spd|1\n|\n|upkeep\n|turn|6\n|inactive|tofumeats has 120 seconds left.\n|\n|t:|1781397347\n|move|p2a: Jolteon|Shadow Ball|p1a: Sandy Shocks\n|-damage|p1a: Sandy Shocks|0 fnt\n|faint|p1a: Sandy Shocks\n|-end|p1a: Sandy Shocks|Protosynthesis|[silent]\n|-damage|p2a: Jolteon|0 fnt|[from] item: Life Orb\n|faint|p2a: Jolteon\n|\n|upkeep\n|\n|t:|1781397356\n|switch|p2a: Registeel|Registeel, L81|249/262\n|switch|p1a: Greninja|Greninja, L80, M|222/246\n|turn|7\n|\n|t:|1781397362\n|move|p1a: Greninja|U-turn|p2a: Registeel\n|-start|p1a: Greninja|typechange|Bug|[from] ability: Protean\n|-resisted|p2a: Registeel\n|-damage|p2a: Registeel|219/262\n|-damage|p1a: Greninja|198/246|[from] item: Life Orb\n|\n|t:|1781397365\n|switch|p1a: Masquerain|Masquerain, L87, F|264/264|[from] U-turn\n|-ability|p1a: Masquerain|Intimidate|boost\n|-fail|p2a: Registeel|unboost|[from] ability: Clear Body|[of] p2a: Registeel\n|move|p2a: Registeel|Thunder Wave|p1a: Masquerain\n|-status|p1a: Masquerain|par\n|\n|-heal|p2a: Registeel|235/262|[from] item: Leftovers\n|upkeep\n|turn|8\n|\n|t:|1781397370\n|switch|p2a: Ampharos|Ampharos, L88, F|302/302\n|cant|p1a: Masquerain|par\n|\n|upkeep\n|turn|9\n|\n|t:|1781397379\n|move|p2a: Ampharos|Volt Switch|p1a: Masquerain\n|-supereffective|p1a: Masquerain\n|-damage|p1a: Masquerain|0 fnt\n|faint|p1a: Masquerain\n|-message|46455i forfeited.\n|\n|win|tofumeats\n", "uploadtime": 1781397231, "views": 3, "formatid": "gen9randombattle", "rating": null, "private": 0, "password": null}