{"id": "gen9randombattle-2631975476", "format": "[Gen 9] Random Battle", "players": ["Naderyf", "Dr3ntel"], "log": "|j|\u2606Naderyf\n|j|\u203dDr3ntel\n|t:|1781461786\n|gametype|singles\n|player|p1|Naderyf|266|2027\n|player|p2|Dr3ntel|2|1997\n|gen|9\n|tier|[Gen 9] Random Battle\n|rated|\n|rule|Species Clause: Limit one of each Pok\u00e9mon\n|rule|HP Percentage Mod: HP is shown in percentages\n|rule|Sleep Clause Mod: Limit one foe put to sleep\n|rule|Illusion Level Mod: Illusion disguises the Pok\u00e9mon's true level\n|\n|t:|1781461786\n|teamsize|p1|6\n|teamsize|p2|6\n|start\n|switch|p1a: Florges|Florges, L85, F|271/271\n|switch|p2a: Ampharos|Ampharos, L88, F|302/302\n|turn|1\n|\n|t:|1781461816\n|move|p1a: Florges|Moonblast|p2a: Ampharos\n|-damage|p2a: Ampharos|199/302\n|move|p2a: Ampharos|Volt Switch|p1a: Florges\n|-damage|p1a: Florges|177/271\n|inactive|Battle timer is ON: inactive players will automatically lose when time's up. (requested by Dr3ntel)\n|\n|t:|1781461855\n|switch|p2a: Stonjourner|Stonjourner, L91, M|330/330|[from] Volt Switch\n|\n|-heal|p1a: Florges|193/271|[from] item: Leftovers\n|upkeep\n|turn|2\n|\n|t:|1781461862\n|switch|p1a: Bisharp|Bisharp, L79, M|232/232\n|move|p2a: Stonjourner|Stone Edge|p1a: Bisharp\n|-resisted|p1a: Bisharp\n|-damage|p1a: Bisharp|172/232\n|-damage|p2a: Stonjourner|297/330|[from] item: Life Orb\n|\n|upkeep\n|turn|3\n|inactive|Dr3ntel has 120 seconds left.\n|\n|t:|1781461896\n|switch|p1a: Hypno|Hypno, L95, M|315/315\n|move|p2a: Stonjourner|Heat Crash|p1a: Hypno\n|-damage|p1a: Hypno|162/315\n|-damage|p2a: Stonjourner|264/330|[from] item: Life Orb\n|\n|-heal|p1a: Hypno|181/315|[from] item: Leftovers\n|upkeep\n|turn|4\n|inactive|Dr3ntel has 120 seconds left.\n|\n|t:|1781461909\n|switch|p2a: Registeel|Registeel, L81|262/262\n|move|p1a: Hypno|Psychic Noise|p2a: Registeel\n|-resisted|p2a: Registeel\n|-damage|p2a: Registeel|235/262\n|-start|p2a: Registeel|move: Heal Block\n|\n|-heal|p1a: Hypno|200/315|[from] item: Leftovers\n|upkeep\n|turn|5\n|\n|t:|1781461913\n|move|p1a: Hypno|Knock Off|p2a: Registeel\n|-damage|p2a: Registeel|185/262\n|-enditem|p2a: Registeel|Leftovers|[from] move: Knock Off|[of] p1a: Hypno\n|move|p2a: Registeel|Thunder Wave|p1a: Hypno\n|-status|p1a: Hypno|par\n|\n|-heal|p1a: Hypno|219/315 par|[from] item: Leftovers\n|-end|p2a: Registeel|move: Heal Block\n|upkeep\n|turn|6\n|\n|t:|1781461929\n|switch|p1a: Ho-Oh|Ho-Oh, L71|268/268\n|move|p2a: Registeel|Stealth Rock|p1a: Ho-Oh\n|-sidestart|p1: Naderyf|move: Stealth Rock\n|\n|upkeep\n|turn|7\n|\n|t:|1781461943\n|move|p1a: Ho-Oh|Sacred Fire|p2a: Registeel\n|-supereffective|p2a: Registeel\n|-damage|p2a: Registeel|57/262\n|move|p2a: Registeel|Thunder Wave|p1a: Ho-Oh|[miss]\n|-miss|p2a: Registeel|p1a: Ho-Oh\n|\n|upkeep\n|turn|8\n|\n|t:|1781461951\n|switch|p2a: Milotic|Milotic, L83, M|293/293\n|move|p1a: Ho-Oh|Sacred Fire|p2a: Milotic\n|-resisted|p2a: Milotic\n|-damage|p2a: Milotic|238/293\n|\n|-heal|p2a: Milotic|256/293|[from] item: Leftovers\n|upkeep\n|turn|9\n|\n|t:|1781461974\n|switch|p1a: Florges|Florges, L85, F|193/271\n|-damage|p1a: Florges|160/271|[from] Stealth Rock\n|move|p2a: Milotic|Scald|p1a: Florges\n|-damage|p1a: Florges|109/271\n|\n|-heal|p2a: Milotic|274/293|[from] item: Leftovers\n|-heal|p1a: Florges|125/271|[from] item: Leftovers\n|upkeep\n|turn|10\n|\n|t:|1781461982\n|switch|p2a: Stonjourner|Stonjourner, L91, M|264/330\n|move|p1a: Florges|Wish|p1a: Florges\n|\n|-heal|p1a: Florges|141/271|[from] item: Leftovers\n|upkeep\n|turn|11\n|\n|t:|1781461987\n|switch|p2a: Registeel|Registeel, L81|57/262\n|move|p1a: Florges|Protect||[still]\n|-fail|p1a: Florges\n|\n|-heal|p1a: Florges|271/271|[from] move: Wish|[wisher] Florges\n|upkeep\n|turn|12\n|\n|t:|1781461998\n|move|p1a: Florges|Calm Mind|p1a: Florges\n|-boost|p1a: Florges|spa|1\n|-boost|p1a: Florges|spd|1\n|move|p2a: Registeel|Iron Head|p1a: Florges\n|-supereffective|p1a: Florges\n|-damage|p1a: Florges|107/271\n|\n|-heal|p1a: Florges|123/271|[from] item: Leftovers\n|upkeep\n|turn|13\n|\n|t:|1781462011\n|move|p1a: Florges|Protect|p1a: Florges\n|-singleturn|p1a: Florges|Protect\n|move|p2a: Registeel|Iron Head|p1a: Florges\n|-activate|p1a: Florges|move: Protect\n|\n|-heal|p1a: Florges|139/271|[from] item: Leftovers\n|upkeep\n|turn|14\n|\n|t:|1781462019\n|move|p1a: Florges|Moonblast|p2a: Registeel\n|-resisted|p2a: Registeel\n|-damage|p2a: Registeel|0 fnt\n|faint|p2a: Registeel\n|\n|-heal|p1a: Florges|155/271|[from] item: Leftovers\n|upkeep\n|inactive|Dr3ntel has 120 seconds left.\n|inactive|Dr3ntel has 90 seconds left.\n|\n|t:|1781462088\n|switch|p2a: Stonjourner|Stonjourner, L91, M|264/330\n|turn|15\n|\n|t:|1781462092\n|move|p1a: Florges|Protect|p1a: Florges\n|-singleturn|p1a: Florges|Protect\n|move|p2a: Stonjourner|Stone Edge|p1a: Florges\n|-activate|p1a: Florges|move: Protect\n|\n|-heal|p1a: Florges|171/271|[from] item: Leftovers\n|upkeep\n|turn|16\n|\n|t:|1781462118\n|switch|p1a: Stonjourner|Stonjourner, L91, F|330/330\n|-damage|p1a: Stonjourner|289/330|[from] Stealth Rock\n|move|p2a: Stonjourner|Stone Edge|p1a: Stonjourner\n|-damage|p1a: Stonjourner|153/330\n|-damage|p2a: Stonjourner|231/330|[from] item: Life Orb\n|\n|upkeep\n|turn|17\n|inactive|Dr3ntel has 90 seconds left.\n|\n|t:|1781462140\n|switch|p2a: Milotic|Milotic, L83, M|274/293\n|move|p1a: Stonjourner|Earthquake|p2a: Milotic\n|-damage|p2a: Milotic|130/293\n|-damage|p1a: Stonjourner|120/330|[from] item: Life Orb\n|\n|-heal|p2a: Milotic|148/293|[from] item: Leftovers\n|upkeep\n|turn|18\n|inactive|Naderyf has 120 seconds left.\n|l|\u2606Naderyf\n|inactive|Naderyf disconnected and has a minute to reconnect!\n|player|p1|\n|j|\u2606Naderyf\n|inactive|Naderyf reconnected and has 95 seconds left.\n|player|p1|Naderyf|266|\n|\n|t:|1781462186\n|switch|p1a: Florges|Florges, L85, F|171/271\n|-damage|p1a: Florges|138/271|[from] Stealth Rock\n|move|p2a: Milotic|Scald|p1a: Florges\n|-damage|p1a: Florges|83/271\n|\n|-heal|p2a: Milotic|166/293|[from] item: Leftovers\n|-heal|p1a: Florges|99/271|[from] item: Leftovers\n|upkeep\n|turn|19\n|inactive|Dr3ntel has 90 seconds left.\n|\n|t:|1781462203\n|move|p2a: Milotic|Scald|p1a: Florges\n|-damage|p1a: Florges|44/271\n|move|p1a: Florges|Moonblast|p2a: Milotic\n|-damage|p2a: Milotic|72/293\n|-unboost|p2a: Milotic|spa|1\n|-ability|p2a: Milotic|Competitive|boost\n|-boost|p2a: Milotic|spa|2\n|\n|-heal|p2a: Milotic|90/293|[from] item: Leftovers\n|-heal|p1a: Florges|60/271|[from] item: Leftovers\n|upkeep\n|turn|20\n|\n|t:|1781462209\n|move|p1a: Florges|Protect|p1a: Florges\n|-singleturn|p1a: Florges|Protect\n|move|p2a: Milotic|Scald|p1a: Florges\n|-activate|p1a: Florges|move: Protect\n|\n|-heal|p2a: Milotic|108/293|[from] item: Leftovers\n|-heal|p1a: Florges|76/271|[from] item: Leftovers\n|upkeep\n|turn|21\n|\n|t:|1781462214\n|switch|p1a: Stonjourner|Stonjourner, L91, F|120/330\n|-damage|p1a: Stonjourner|79/330|[from] Stealth Rock\n|move|p2a: Milotic|Scald|p1a: Stonjourner\n|-supereffective|p1a: Stonjourner\n|-damage|p1a: Stonjourner|0 fnt\n|faint|p1a: Stonjourner\n|\n|-heal|p2a: Milotic|126/293|[from] item: Leftovers\n|upkeep\n|inactive|Naderyf has 120 seconds left.\n|\n|t:|1781462219\n|switch|p1a: Bisharp|Bisharp, L79, M|172/232\n|-damage|p1a: Bisharp|158/232|[from] Stealth Rock\n|turn|22\n|\n|t:|1781462223\n|move|p2a: Milotic|Recover|p2a: Milotic\n|-heal|p2a: Milotic|273/293\n|move|p1a: Bisharp|Throat Chop|p2a: Milotic\n|-damage|p2a: Milotic|180/293\n|-start|p2a: Milotic|Throat Chop|[silent]\n|\n|-heal|p2a: Milotic|198/293|[from] item: Leftovers\n|upkeep\n|turn|23\n|\n|t:|1781462228\n|move|p2a: Milotic|Scald|p1a: Bisharp\n|-damage|p1a: Bisharp|52/232\n|-status|p1a: Bisharp|brn\n|move|p1a: Bisharp|Swords Dance|p1a: Bisharp\n|-boost|p1a: Bisharp|atk|2\n|\n|-heal|p2a: Milotic|216/293|[from] item: Leftovers\n|-damage|p1a: Bisharp|38/232 brn|[from] brn\n|-end|p2a: Milotic|Throat Chop|[silent]\n|upkeep\n|turn|24\n|\n|t:|1781462233\n|move|p1a: Bisharp|Sucker Punch|p2a: Milotic\n|-damage|p2a: Milotic|126/293\n|move|p2a: Milotic|Scald|p1a: Bisharp\n|-damage|p1a: Bisharp|0 fnt\n|faint|p1a: Bisharp\n|\n|-heal|p2a: Milotic|144/293|[from] item: Leftovers\n|upkeep\n|\n|t:|1781462236\n|switch|p1a: Inteleon|Inteleon, L81, M|246/246\n|-damage|p1a: Inteleon|216/246|[from] Stealth Rock\n|turn|25\n|\n|t:|1781462243\n|-terastallize|p1a: Inteleon|Water\n|move|p1a: Inteleon|Hydro Pump|p2a: Milotic\n|-resisted|p2a: Milotic\n|-damage|p2a: Milotic|49/293\n|move|p2a: Milotic|Recover|p2a: Milotic\n|-heal|p2a: Milotic|196/293\n|\n|-heal|p2a: Milotic|214/293|[from] item: Leftovers\n|upkeep\n|turn|26\n|-message|Naderyf forfeited.\n|\n|win|Dr3ntel\n", "inputlog": ">version a8376a258c1d4662feba110a92103f3664a72141\n>start {\"formatid\":\"gen9randombattle\",\"seed\":\"sodium,02b7ec976b7935882911771e4f5d4826\",\"rated\":\"Rated battle\"}\n>player p1 {\"name\":\"Naderyf\",\"avatar\":\"266\",\"rating\":2027,\"seed\":\"sodium,bad6103305b7a896c54890d9daa568f0\"}\n>player p2 {\"name\":\"Dr3ntel\",\"avatar\":\"2\",\"rating\":1997,\"seed\":\"sodium,20ed673e1f272ccf7c23272f125df78e\"}\n>p1 move moonblast\n>p2 move voltswitch\n>p2 switch 3\n>p1 switch 3\n>p2 move stoneedge\n>p1 switch 6\n>p2 move heatcrash\n>p1 move psychicnoise\n>p2 switch 2\n>p1 move knockoff\n>p2 move thunderwave\n>p1 switch 2\n>p2 move stealthrock\n>p1 move sacredfire\n>p2 move thunderwave\n>p1 move sacredfire\n>p2 switch 5\n>p1 switch 3\n>p2 move scald\n>p1 move wish\n>p2 switch 2\n>p1 move protect\n>p2 switch 5\n>p1 move calmmind\n>p2 move ironhead\n>p1 move protect\n>p2 move ironhead\n>p1 move moonblast\n>p2 move ironhead\n>p2 switch 5\n>p1 move protect\n>p2 move stoneedge\n>p1 switch 5\n>p2 move stoneedge\n>p1 move earthquake\n>p2 switch 2\n>p1 switch 5\n>p2 move scald\n>p1 move moonblast\n>p2 move scald\n>p1 move protect\n>p2 move scald\n>p1 switch 5\n>p2 move scald\n>p1 switch 6\n>p1 move throatchop\n>p2 move recover\n>p1 move swordsdance\n>p2 move scald\n>p1 move suckerpunch\n>p2 move scald\n>p1 switch 4\n>p1 move hydropump terastallize\n>p2 move recover\n>forcelose p1", "uploadtime": 1781461788, "views": 5, "formatid": "gen9randombattle", "rating": null, "private": 0, "password": null}