{"id": "gen9randombattle-2631482272", "format": "[Gen 9] Random Battle", "players": ["Rambie Drascal", "YUNGCORV"], "log": "|j|\u2606Rambie Drascal\n|j|\u2606YUNGCORV\n|t:|1781390526\n|gametype|singles\n|player|p1|Rambie Drascal|ninjaboy|2069\n|player|p2|YUNGCORV|2|2160\n|gen|9\n|tier|[Gen 9] Random Battle\n|rated|\n|rule|Species Clause: Limit one of each Pok\u00e9mon\n|rule|HP Percentage Mod: HP is shown in percentages\n|rule|Sleep Clause Mod: Limit one foe put to sleep\n|rule|Illusion Level Mod: Illusion disguises the Pok\u00e9mon's true level\n|\n|t:|1781390526\n|teamsize|p1|6\n|teamsize|p2|6\n|start\n|switch|p1a: Galvantula|Galvantula, L82, F|249/249\n|switch|p2a: Samurott|Samurott-Hisui, L77, F|265/265\n|turn|1\n|inactive|Battle timer is ON: inactive players will automatically lose when time's up. (requested by Rambie Drascal)\n|\n|t:|1781390539\n|switch|p2a: Luxray|Luxray, L88, M|283/283\n|move|p1a: Galvantula|Thunder|p2a: Luxray\n|-resisted|p2a: Luxray\n|-damage|p2a: Luxray|228/283\n|\n|-status|p2a: Luxray|brn|[from] item: Flame Orb\n|upkeep\n|turn|2\n|\n|t:|1781390548\n|move|p1a: Galvantula|Sticky Web|p2a: Luxray\n|-sidestart|p2: YUNGCORV|move: Sticky Web\n|move|p2a: Luxray|Trailblaze|p1a: Galvantula\n|-resisted|p1a: Galvantula\n|-damage|p1a: Galvantula|200/249\n|-boost|p2a: Luxray|spe|1\n|\n|-damage|p2a: Luxray|211/283 brn|[from] brn\n|upkeep\n|turn|3\n|\n|t:|1781390558\n|switch|p1a: Trevenant|Trevenant, L89, F|296/296\n|move|p2a: Luxray|Facade|p1a: Trevenant\n|-immune|p1a: Trevenant\n|\n|-damage|p2a: Luxray|194/283 brn|[from] brn\n|upkeep\n|turn|4\n|\n|t:|1781390566\n|move|p2a: Luxray|Play Rough|p1a: Trevenant\n|-damage|p1a: Trevenant|159/296\n|move|p1a: Trevenant|Drain Punch|p2a: Luxray\n|-damage|p2a: Luxray|98/283 brn\n|-heal|p1a: Trevenant|207/296|[from] drain|[of] p2a: Luxray\n|-damage|p1a: Trevenant|178/296|[from] item: Life Orb\n|\n|-damage|p2a: Luxray|81/283 brn|[from] brn\n|upkeep\n|turn|5\n|\n|t:|1781390578\n|move|p2a: Luxray|Play Rough|p1a: Trevenant\n|-damage|p1a: Trevenant|51/296\n|move|p1a: Trevenant|Rest|p1a: Trevenant\n|-status|p1a: Trevenant|slp|[from] move: Rest\n|-heal|p1a: Trevenant|296/296 slp|[silent]\n|\n|-damage|p2a: Luxray|64/283 brn|[from] brn\n|upkeep\n|turn|6\n|\n|t:|1781390588\n|-curestatus|p1a: Trevenant|slp|[from] ability: Natural Cure|[silent]\n|switch|p1a: Arbok|Arbok, L87, F|246/246\n|-ability|p1a: Arbok|Intimidate|boost\n|-unboost|p2a: Luxray|atk|1\n|move|p2a: Luxray|Play Rough|p1a: Arbok\n|-resisted|p1a: Arbok\n|-damage|p1a: Arbok|195/246\n|\n|-heal|p1a: Arbok|210/246|[from] item: Leftovers\n|-damage|p2a: Luxray|47/283 brn|[from] brn\n|upkeep\n|turn|7\n|\n|t:|1781390600\n|move|p1a: Arbok|Sucker Punch|p2a: Luxray\n|-damage|p2a: Luxray|0 fnt\n|faint|p2a: Luxray\n|\n|-heal|p1a: Arbok|225/246|[from] item: Leftovers\n|upkeep\n|\n|t:|1781390610\n|switch|p2a: Cobalion|Cobalion, L80|277/277\n|-activate|p2a: Cobalion|move: Sticky Web\n|-unboost|p2a: Cobalion|spe|1\n|turn|8\n|\n|t:|1781390615\n|move|p1a: Arbok|Coil|p1a: Arbok\n|-boost|p1a: Arbok|atk|1\n|-boost|p1a: Arbok|def|1\n|-boost|p1a: Arbok|accuracy|1\n|move|p2a: Cobalion|Calm Mind|p2a: Cobalion\n|-boost|p2a: Cobalion|spa|1\n|-boost|p2a: Cobalion|spd|1\n|\n|-heal|p1a: Arbok|240/246|[from] item: Leftovers\n|upkeep\n|turn|9\n|\n|t:|1781390624\n|move|p1a: Arbok|Earthquake|p2a: Cobalion\n|-supereffective|p2a: Cobalion\n|-crit|p2a: Cobalion\n|-damage|p2a: Cobalion|41/277\n|move|p2a: Cobalion|Flash Cannon|p1a: Arbok\n|-crit|p1a: Arbok\n|-damage|p1a: Arbok|65/246\n|\n|-heal|p1a: Arbok|80/246|[from] item: Leftovers\n|-heal|p2a: Cobalion|58/277|[from] item: Leftovers\n|upkeep\n|turn|10\n|\n|t:|1781390638\n|move|p2a: Cobalion|Vacuum Wave|p1a: Arbok\n|-resisted|p1a: Arbok\n|-damage|p1a: Arbok|50/246\n|move|p1a: Arbok|Earthquake|p2a: Cobalion\n|-supereffective|p2a: Cobalion\n|-damage|p2a: Cobalion|0 fnt\n|faint|p2a: Cobalion\n|\n|-heal|p1a: Arbok|65/246|[from] item: Leftovers\n|upkeep\n|l|\u2606YUNGCORV\n|inactive|YUNGCORV disconnected and has a minute to reconnect!\n|player|p2|\n|inactive|YUNGCORV has 30 seconds to reconnect!\n|inactive|YUNGCORV has 20 seconds to reconnect!\n|inactive|YUNGCORV has 15 seconds to reconnect!\n|inactive|YUNGCORV has 10 seconds to reconnect!\n|inactive|YUNGCORV has 5 seconds to reconnect!\n|-message|YUNGCORV lost due to inactivity.\n|\n|win|Rambie Drascal\n", "uploadtime": 1781390528, "views": 3, "formatid": "gen9randombattle", "rating": null, "private": 0, "password": null}