{"id": "gen9randombattle-2631403208", "format": "[Gen 9] Random Battle", "players": ["Prestonaskew", "bestcoacheva"], "log": "|j|\u2606Prestonaskew\n|j|\u2606bestcoacheva\n|t:|1781380460\n|gametype|singles\n|player|p1|Prestonaskew|101|1343\n|player|p2|bestcoacheva|1|1367\n|gen|9\n|tier|[Gen 9] Random Battle\n|rated|\n|rule|Species Clause: Limit one of each Pok\u00e9mon\n|rule|HP Percentage Mod: HP is shown in percentages\n|rule|Sleep Clause Mod: Limit one foe put to sleep\n|rule|Illusion Level Mod: Illusion disguises the Pok\u00e9mon's true level\n|\n|t:|1781380460\n|teamsize|p1|6\n|teamsize|p2|6\n|start\n|switch|p1a: Noivern|Noivern, L82, F|274/274\n|switch|p2a: Mabosstiff|Mabosstiff, L86, M|278/278\n|turn|1\n|inactive|Battle timer is ON: inactive players will automatically lose when time's up. (requested by Prestonaskew)\n|\n|t:|1781380511\n|move|p1a: Noivern|Flamethrower|p2a: Mabosstiff\n|-damage|p2a: Mabosstiff|210/278\n|move|p2a: Mabosstiff|Play Rough|p1a: Noivern\n|-supereffective|p1a: Noivern\n|-damage|p1a: Noivern|26/274\n|-unboost|p1a: Noivern|atk|1\n|\n|upkeep\n|turn|2\n|\n|t:|1781380518\n|move|p1a: Noivern|Draco Meteor|p2a: Mabosstiff\n|-damage|p2a: Mabosstiff|54/278\n|-unboost|p1a: Noivern|spa|2\n|move|p2a: Mabosstiff|Play Rough|p1a: Noivern\n|-supereffective|p1a: Noivern\n|-damage|p1a: Noivern|0 fnt\n|faint|p1a: Noivern\n|\n|upkeep\n|\n|t:|1781380540\n|switch|p1a: Dodrio|Dodrio, L85, F|241/241\n|turn|3\n|\n|t:|1781380551\n|move|p1a: Dodrio|Swords Dance|p1a: Dodrio\n|-boost|p1a: Dodrio|atk|2\n|move|p2a: Mabosstiff|Play Rough|p1a: Dodrio\n|-damage|p1a: Dodrio|102/241\n|\n|upkeep\n|turn|4\n|\n|t:|1781380561\n|move|p1a: Dodrio|Drill Run|p2a: Mabosstiff\n|-damage|p2a: Mabosstiff|0 fnt\n|faint|p2a: Mabosstiff\n|\n|upkeep\n|\n|t:|1781380565\n|switch|p2a: Greninja|Greninja, L80, M|246/246\n|turn|5\n|\n|t:|1781380572\n|move|p2a: Greninja|Ice Beam|p1a: Dodrio\n|-start|p2a: Greninja|typechange|Ice|[from] ability: Protean\n|-supereffective|p1a: Dodrio\n|-damage|p1a: Dodrio|0 fnt\n|faint|p1a: Dodrio\n|-damage|p2a: Greninja|222/246|[from] item: Life Orb\n|\n|upkeep\n|\n|t:|1781380580\n|switch|p1a: Blaziken|Blaziken, L76, M|247/247\n|turn|6\n|\n|t:|1781380596\n|switch|p2a: Golurk|Golurk, L87|297/297\n|-terastallize|p1a: Blaziken|Fighting\n|move|p1a: Blaziken|Close Combat|p2a: Golurk\n|-immune|p2a: Golurk\n|\n|-ability|p1a: Blaziken|Speed Boost|boost\n|-boost|p1a: Blaziken|spe|1\n|upkeep\n|turn|7\n|\n|t:|1781380606\n|move|p1a: Blaziken|Swords Dance|p1a: Blaziken\n|-boost|p1a: Blaziken|atk|2\n|move|p2a: Golurk|Dynamic Punch|p1a: Blaziken\n|-damage|p1a: Blaziken|96/247\n|-start|p1a: Blaziken|confusion\n|-damage|p2a: Golurk|268/297|[from] item: Life Orb\n|\n|-ability|p1a: Blaziken|Speed Boost|boost\n|-boost|p1a: Blaziken|spe|1\n|upkeep\n|turn|8\n|\n|t:|1781380612\n|-activate|p1a: Blaziken|confusion\n|move|p1a: Blaziken|Knock Off|p2a: Golurk\n|-supereffective|p2a: Golurk\n|-damage|p2a: Golurk|0 fnt\n|-enditem|p2a: Golurk|Life Orb|[from] move: Knock Off|[of] p1a: Blaziken\n|faint|p2a: Golurk\n|-damage|p1a: Blaziken|72/247|[from] item: Life Orb\n|\n|-ability|p1a: Blaziken|Speed Boost|boost\n|-boost|p1a: Blaziken|spe|1\n|upkeep\n|\n|t:|1781380625\n|switch|p2a: Zapdos|Zapdos, L78|268/268\n|turn|9\n|\n|t:|1781380634\n|-activate|p1a: Blaziken|confusion\n|move|p1a: Blaziken|Flare Blitz|p2a: Zapdos\n|-damage|p2a: Zapdos|0 fnt\n|-status|p1a: Blaziken|par|[from] ability: Static|[of] p2a: Zapdos\n|faint|p2a: Zapdos\n|-damage|p1a: Blaziken|0 fnt|[from] Recoil\n|faint|p1a: Blaziken\n|\n|upkeep\n|\n|t:|1781380650\n|switch|p2a: Oranguru|Oranguru, L92, F|315/315\n|switch|p1a: Metagross|Metagross, L79|256/256\n|turn|10\n|\n|t:|1781380657\n|move|p2a: Oranguru|Thunderbolt|p1a: Metagross\n|-damage|p1a: Metagross|141/256\n|move|p1a: Metagross|Knock Off|p2a: Oranguru\n|-supereffective|p2a: Oranguru\n|-damage|p2a: Oranguru|169/315\n|-enditem|p2a: Oranguru|Choice Specs|[from] move: Knock Off|[of] p1a: Metagross\n|\n|upkeep\n|turn|11\n|\n|t:|1781380678\n|move|p2a: Oranguru|Thunderbolt|p1a: Metagross\n|-damage|p1a: Metagross|71/256\n|-status|p1a: Metagross|par\n|move|p1a: Metagross|Heavy Slam|p2a: Oranguru\n|-damage|p2a: Oranguru|25/315\n|\n|upkeep\n|turn|12\n|inactive|bestcoacheva has 120 seconds left.\n|\n|t:|1781380729\n|move|p2a: Oranguru|Thunderbolt|p1a: Metagross\n|-damage|p1a: Metagross|0 fnt\n|faint|p1a: Metagross\n|\n|upkeep\n|\n|t:|1781380736\n|switch|p1a: Trevenant|Trevenant, L89, F|296/296\n|turn|13\n|\n|t:|1781380746\n|move|p2a: Oranguru|Psyshock|p1a: Trevenant\n|-damage|p1a: Trevenant|188/296\n|move|p1a: Trevenant|Horn Leech|p2a: Oranguru\n|-damage|p2a: Oranguru|0 fnt\n|-heal|p1a: Trevenant|201/296|[from] drain|[of] p2a: Oranguru\n|faint|p2a: Oranguru\n|-damage|p1a: Trevenant|172/296|[from] item: Life Orb\n|\n|upkeep\n|\n|t:|1781380762\n|switch|p2a: Dugtrio|Dugtrio, L84, F|196/196\n|turn|14\n|\n|t:|1781380768\n|-terastallize|p2a: Dugtrio|Dark\n|move|p2a: Dugtrio|Throat Chop|p1a: Trevenant\n|-supereffective|p1a: Trevenant\n|-damage|p1a: Trevenant|0 fnt\n|faint|p1a: Trevenant\n|\n|upkeep\n|\n|t:|1781380773\n|switch|p1a: Drednaw|Drednaw, L81, M|278/278\n|turn|15\n|inactive|bestcoacheva has 120 seconds left.\n|\n|t:|1781380781\n|switch|p2a: Greninja|Greninja, L80, M|222/246\n|move|p1a: Drednaw|Shell Smash|p1a: Drednaw\n|-unboost|p1a: Drednaw|def|1\n|-unboost|p1a: Drednaw|spd|1\n|-boost|p1a: Drednaw|atk|2\n|-boost|p1a: Drednaw|spa|2\n|-boost|p1a: Drednaw|spe|2\n|-enditem|p1a: Drednaw|White Herb\n|-clearnegativeboost|p1a: Drednaw|[silent]\n|\n|upkeep\n|turn|16\n|\n|t:|1781380790\n|move|p1a: Drednaw|Stone Edge|p2a: Greninja\n|-damage|p2a: Greninja|0 fnt\n|faint|p2a: Greninja\n|\n|upkeep\n|-message|bestcoacheva forfeited.\n|\n|win|Prestonaskew\n|raw|Prestonaskew's rating: 1343 &rarr; <strong>1364</strong><br />(+21 for winning)\n|raw|bestcoacheva's rating: 1367 &rarr; <strong>1346</strong><br />(-21 for losing)\n|l|\u2606bestcoacheva\n|player|p2|\n", "inputlog": ">version a8376a258c1d4662feba110a92103f3664a72141\n>start {\"formatid\":\"gen9randombattle\",\"seed\":\"sodium,ce3d051e666dbbe932e9a4cb44a52d2d\",\"rated\":\"Rated battle\"}\n>player p1 {\"name\":\"Prestonaskew\",\"avatar\":\"101\",\"rating\":1343,\"seed\":\"sodium,89544e388cd0ab2f41b4c0f9d7cee847\"}\n>player p2 {\"name\":\"bestcoacheva\",\"avatar\":\"1\",\"rating\":1367,\"seed\":\"sodium,02006512671d001d458427053c683d35\"}\n>p1 move flamethrower\n>p2 move playrough\n>p1 move dracometeor\n>p2 move playrough\n>p1 switch 5\n>p1 move swordsdance\n>p2 move playrough\n>p1 move drillrun\n>p2 move playrough\n>p2 switch 2\n>p1 move bravebird\n>p2 move icebeam\n>p1 switch 4\n>p1 move closecombat terastallize\n>p2 switch 5\n>p1 move swordsdance\n>p2 move dynamicpunch\n>p1 move knockoff\n>p2 move earthquake\n>p2 switch 4\n>p1 move flareblitz\n>p2 move discharge\n>p1 switch 6\n>p2 switch 6\n>p1 move knockoff\n>p2 move thunderbolt\n>p1 move heavyslam\n>p2 move thunderbolt\n>p1 move knockoff\n>p2 move thunderbolt\n>p1 switch 3\n>p1 move hornleech\n>p2 move psyshock\n>p2 switch 3\n>p1 move willowisp\n>p2 move throatchop terastallize\n>p1 switch 2\n>p1 move shellsmash\n>p2 switch 5\n>p1 move stoneedge\n>p2 move grassknot\n>forcelose p2", "uploadtime": 1781380795, "views": 7, "formatid": "gen9randombattle", "rating": 1346, "private": 0, "password": null}