{"id": "gen9randombattle-2631376986", "format": "[Gen 9] Random Battle", "players": ["Red Skies", "debtdue"], "log": "|j|\u2606Red Skies\n|j|\u2606debtdue\n|t:|1781377432\n|gametype|singles\n|player|p1|Red Skies|n|2200\n|player|p2|debtdue|gentleman-gen4dp|2262\n|gen|9\n|tier|[Gen 9] Random Battle\n|rated|\n|rule|Species Clause: Limit one of each Pok\u00e9mon\n|rule|HP Percentage Mod: HP is shown in percentages\n|rule|Sleep Clause Mod: Limit one foe put to sleep\n|rule|Illusion Level Mod: Illusion disguises the Pok\u00e9mon's true level\n|\n|t:|1781377432\n|teamsize|p1|6\n|teamsize|p2|6\n|start\n|switch|p1a: Gengar|Gengar, L81, F|230/230\n|switch|p2a: Skarmory|Skarmory, L80, F|235/235\n|turn|1\n|\n|t:|1781377440\n|move|p1a: Gengar|Nasty Plot|p1a: Gengar\n|-boost|p1a: Gengar|spa|2\n|move|p2a: Skarmory|Brave Bird|p1a: Gengar\n|-damage|p1a: Gengar|89/230\n|-damage|p2a: Skarmory|188/235|[from] Recoil\n|\n|-heal|p2a: Skarmory|202/235|[from] item: Leftovers\n|upkeep\n|turn|2\n|\n|t:|1781377447\n|move|p1a: Gengar|Shadow Ball|p2a: Skarmory\n|-damage|p2a: Skarmory|0 fnt\n|faint|p2a: Skarmory\n|-damage|p1a: Gengar|66/230|[from] item: Life Orb\n|\n|upkeep\n|\n|t:|1781377453\n|switch|p2a: Flutter Mane|Flutter Mane, L74|203/203\n|turn|3\n|\n|t:|1781377461\n|move|p2a: Flutter Mane|Shadow Ball|p1a: Gengar\n|-supereffective|p1a: Gengar\n|-damage|p1a: Gengar|0 fnt\n|faint|p1a: Gengar\n|-damage|p2a: Flutter Mane|183/203|[from] item: Life Orb\n|\n|upkeep\n|l|\u2606Red Skies\n|player|p1|\n|inactive|Battle timer is ON: inactive players will automatically lose when time's up. (requested by debtdue)\n|j|\u2606Red Skies\n|inactive|Red Skies reconnected and has 140 seconds left.\n|player|p1|Red Skies|n|\n|\n|t:|1781377517\n|switch|p1a: Arboliva|Arboliva, L91, M|290/290\n|turn|4\n|\n|t:|1781377524\n|-end|p2a: Flutter Mane|Protosynthesis|[silent]\n|switch|p2a: Giratina|Giratina, L75|349/349\n|-ability|p2a: Giratina|Pressure\n|move|p1a: Arboliva|Energy Ball|p2a: Giratina\n|-resisted|p2a: Giratina\n|-damage|p2a: Giratina|288/349\n|\n|-heal|p2a: Giratina|309/349|[from] item: Leftovers\n|upkeep\n|turn|5\n|\n|t:|1781377531\n|switch|p1a: Sandy Shocks|Sandy Shocks, L80|267/267\n|move|p2a: Giratina|Calm Mind|p2a: Giratina\n|-boost|p2a: Giratina|spa|1\n|-boost|p2a: Giratina|spd|1\n|\n|-heal|p2a: Giratina|330/349|[from] item: Leftovers\n|upkeep\n|turn|6\n|\n|t:|1781377535\n|move|p1a: Sandy Shocks|Stealth Rock|p2a: Giratina\n|-sidestart|p2: debtdue|move: Stealth Rock\n|move|p2a: Giratina|Dragon Pulse|p1a: Sandy Shocks\n|-damage|p1a: Sandy Shocks|144/267\n|\n|-heal|p1a: Sandy Shocks|160/267|[from] item: Leftovers\n|-heal|p2a: Giratina|349/349|[from] item: Leftovers\n|upkeep\n|turn|7\n|\n|t:|1781377538\n|move|p1a: Sandy Shocks|Thunder Wave|p2a: Giratina\n|-status|p2a: Giratina|par\n|move|p2a: Giratina|Dragon Pulse|p1a: Sandy Shocks\n|-damage|p1a: Sandy Shocks|37/267\n|\n|-heal|p1a: Sandy Shocks|53/267|[from] item: Leftovers\n|upkeep\n|turn|8\n|\n|t:|1781377549\n|move|p1a: Sandy Shocks|Earth Power|p2a: Giratina\n|-damage|p2a: Giratina|282/349 par\n|cant|p2a: Giratina|par\n|\n|-heal|p1a: Sandy Shocks|69/267|[from] item: Leftovers\n|-heal|p2a: Giratina|303/349 par|[from] item: Leftovers\n|upkeep\n|turn|9\n|\n|t:|1781377554\n|move|p1a: Sandy Shocks|Earth Power|p2a: Giratina\n|-damage|p2a: Giratina|240/349 par\n|move|p2a: Giratina|Dragon Pulse|p1a: Sandy Shocks\n|-damage|p1a: Sandy Shocks|0 fnt\n|faint|p1a: Sandy Shocks\n|-end|p1a: Sandy Shocks|Protosynthesis|[silent]\n|\n|-heal|p2a: Giratina|261/349 par|[from] item: Leftovers\n|upkeep\n|\n|t:|1781377562\n|switch|p1a: Kingdra|Kingdra, L84, F|263/263\n|turn|10\n|j| cameonr\n|\n|t:|1781377576\n|move|p1a: Kingdra|Dragon Dance|p1a: Kingdra\n|-boost|p1a: Kingdra|atk|1\n|-boost|p1a: Kingdra|spe|1\n|move|p2a: Giratina|Dragon Pulse|p1a: Kingdra\n|-supereffective|p1a: Kingdra\n|-damage|p1a: Kingdra|53/263\n|\n|-heal|p2a: Giratina|282/349 par|[from] item: Leftovers\n|upkeep\n|turn|11\n|\n|t:|1781377581\n|-terastallize|p2a: Giratina|Fairy\n|move|p1a: Kingdra|Outrage|p2a: Giratina\n|-immune|p2a: Giratina\n|move|p2a: Giratina|Dragon Pulse|p1a: Kingdra\n|-supereffective|p1a: Kingdra\n|-damage|p1a: Kingdra|0 fnt\n|faint|p1a: Kingdra\n|\n|-heal|p2a: Giratina|303/349 par|[from] item: Leftovers\n|upkeep\n|\n|t:|1781377589\n|switch|p1a: Ambipom|Ambipom, L84, F|263/263\n|turn|12\n|\n|t:|1781377613\n|move|p1a: Ambipom|Fake Out|p2a: Giratina\n|-damage|p2a: Giratina|236/349 par\n|cant|p2a: Giratina|flinch\n|\n|-heal|p2a: Giratina|257/349 par|[from] item: Leftovers\n|upkeep\n|turn|13\n|\n|t:|1781377617\n|-terastallize|p1a: Ambipom|Normal\n|move|p1a: Ambipom|Double-Edge|p2a: Giratina\n|-damage|p2a: Giratina|77/349 par\n|-damage|p1a: Ambipom|204/263|[from] Recoil\n|move|p2a: Giratina|Dragon Pulse|p1a: Ambipom\n|-damage|p1a: Ambipom|56/263\n|\n|-heal|p2a: Giratina|98/349 par|[from] item: Leftovers\n|upkeep\n|turn|14\n|\n|t:|1781377631\n|move|p1a: Ambipom|Double-Edge|p2a: Giratina\n|-damage|p2a: Giratina|0 fnt\n|faint|p2a: Giratina\n|-damage|p1a: Ambipom|24/263|[from] Recoil\n|\n|upkeep\n|\n|t:|1781377634\n|switch|p2a: Flutter Mane|Flutter Mane, L74|183/203\n|-damage|p2a: Flutter Mane|158/203|[from] Stealth Rock\n|turn|15\n|l|\u2606Red Skies\n|inactive|Red Skies disconnected and has a minute to reconnect!\n|player|p1|\n|j|\u2606Red Skies\n|inactive|Red Skies reconnected and has 145 seconds left.\n|player|p1|Red Skies|n|\n|\n|t:|1781377644\n|switch|p1a: Arboliva|Arboliva, L91, M|290/290\n|move|p2a: Flutter Mane|Moonblast|p1a: Arboliva\n|-damage|p1a: Arboliva|180/290\n|-fieldstart|move: Grassy Terrain|[from] ability: Seed Sower|[of] p1a: Arboliva\n|-damage|p2a: Flutter Mane|138/203|[from] item: Life Orb\n|\n|-heal|p2a: Flutter Mane|150/203|[from] Grassy Terrain\n|-heal|p1a: Arboliva|198/290|[from] Grassy Terrain\n|-heal|p1a: Arboliva|216/290|[from] item: Leftovers\n|upkeep\n|turn|16\n|\n|t:|1781377674\n|move|p2a: Flutter Mane|Calm Mind|p2a: Flutter Mane\n|-boost|p2a: Flutter Mane|spa|1\n|-boost|p2a: Flutter Mane|spd|1\n|move|p1a: Arboliva|Energy Ball|p2a: Flutter Mane\n|-damage|p2a: Flutter Mane|59/203\n|\n|-heal|p2a: Flutter Mane|71/203|[from] Grassy Terrain\n|-heal|p1a: Arboliva|234/290|[from] Grassy Terrain\n|-heal|p1a: Arboliva|252/290|[from] item: Leftovers\n|upkeep\n|turn|17\n|\n|t:|1781377678\n|move|p2a: Flutter Mane|Moonblast|p1a: Arboliva\n|-damage|p1a: Arboliva|91/290\n|-damage|p2a: Flutter Mane|51/203|[from] item: Life Orb\n|move|p1a: Arboliva|Energy Ball|p2a: Flutter Mane\n|-crit|p2a: Flutter Mane\n|-damage|p2a: Flutter Mane|0 fnt\n|faint|p2a: Flutter Mane\n|-end|p2a: Flutter Mane|Protosynthesis|[silent]\n|\n|-heal|p1a: Arboliva|109/290|[from] Grassy Terrain\n|-heal|p1a: Arboliva|127/290|[from] item: Leftovers\n|upkeep\n|\n|t:|1781377696\n|switch|p2a: Gardevoir|Gardevoir, L83, M|249/249\n|-damage|p2a: Gardevoir|218/249|[from] Stealth Rock\n|-ability|p2a: Gardevoir|Seed Sower|Trace|[from] ability: Trace|[of] p1a: Arboliva\n|turn|18\n|\n|t:|1781377702\n|move|p2a: Gardevoir|Calm Mind|p2a: Gardevoir\n|-boost|p2a: Gardevoir|spa|1\n|-boost|p2a: Gardevoir|spd|1\n|move|p1a: Arboliva|Strength Sap|p2a: Gardevoir\n|-unboost|p2a: Gardevoir|atk|1\n|-heal|p1a: Arboliva|239/290\n|\n|-heal|p2a: Gardevoir|233/249|[from] Grassy Terrain\n|-heal|p1a: Arboliva|257/290|[from] Grassy Terrain\n|-heal|p1a: Arboliva|275/290|[from] item: Leftovers\n|upkeep\n|turn|19\n|\n|t:|1781377707\n|move|p2a: Gardevoir|Psychic|p1a: Arboliva\n|-crit|p1a: Arboliva\n|-damage|p1a: Arboliva|22/290\n|-damage|p2a: Gardevoir|209/249|[from] item: Life Orb\n|move|p1a: Arboliva|Energy Ball|p2a: Gardevoir\n|-damage|p2a: Gardevoir|115/249\n|\n|-heal|p2a: Gardevoir|130/249|[from] Grassy Terrain\n|-heal|p1a: Arboliva|40/290|[from] Grassy Terrain\n|-heal|p1a: Arboliva|58/290|[from] item: Leftovers\n|-fieldend|move: Grassy Terrain\n|upkeep\n|turn|20\n|\n|t:|1781377710\n|move|p2a: Gardevoir|Psychic|p1a: Arboliva\n|-damage|p1a: Arboliva|0 fnt\n|-fieldstart|move: Grassy Terrain|[from] ability: Seed Sower|[of] p1a: Arboliva\n|faint|p1a: Arboliva\n|-damage|p2a: Gardevoir|106/249|[from] item: Life Orb\n|\n|-heal|p2a: Gardevoir|121/249|[from] Grassy Terrain\n|upkeep\n|\n|t:|1781377714\n|switch|p1a: Ambipom|Ambipom, L84, F, tera:Normal|24/263\n|turn|21\n|\n|t:|1781377718\n|move|p1a: Ambipom|Double-Edge|p2a: Gardevoir\n|-crit|p2a: Gardevoir\n|-damage|p2a: Gardevoir|0 fnt\n|faint|p2a: Gardevoir\n|-damage|p1a: Ambipom|0 fnt|[from] Recoil\n|faint|p1a: Ambipom\n|\n|upkeep\n|\n|t:|1781377722\n|switch|p1a: Minior|Minior-Yellow, L79|224/224\n|switch|p2a: Feraligatr|Feraligatr, L79, F|264/264\n|-damage|p2a: Feraligatr|231/264|[from] Stealth Rock\n|-formechange|p1a: Minior|Minior-Meteor||[from] ability: Shields Down\n|turn|22\n|-message|Red Skies forfeited.\n|\n|win|debtdue\n", "inputlog": ">version a8376a258c1d4662feba110a92103f3664a72141\n>start {\"formatid\":\"gen9randombattle\",\"seed\":\"sodium,60bca1ecf85ddaf9175ef5d44e2b12da\",\"rated\":\"Rated battle\"}\n>player p1 {\"name\":\"Red Skies\",\"avatar\":\"n\",\"rating\":2200,\"seed\":\"sodium,c08db6cb01336b25562881c24affa6e5\"}\n>player p2 {\"name\":\"debtdue\",\"avatar\":\"gentleman-gen4dp\",\"rating\":2262,\"seed\":\"sodium,eea4525d55e4c2dff271a2cbb597d5a8\"}\n>p1 move nastyplot\n>p2 move bravebird\n>p1 move shadowball\n>p2 move bravebird\n>p2 switch 5\n>p1 move shadowball\n>p2 move shadowball\n>p1 switch 4\n>p1 move energyball\n>p2 switch 2\n>p1 switch 2\n>p2 move calmmind\n>p1 move stealthrock\n>p2 move dragonpulse\n>p1 move thunderwave\n>p2 move dragonpulse\n>p1 move earthpower\n>p2 move dragonpulse\n>p1 move earthpower\n>p2 move dragonpulse\n>p1 switch 5\n>p1 move dragondance\n>p2 move dragonpulse\n>p1 move outrage\n>p2 move dragonpulse terastallize\n>p1 switch 6\n>p1 move fakeout\n>p2 move rest\n>p1 move doubleedge terastallize\n>p2 move dragonpulse\n>p1 move doubleedge\n>p2 move dragonpulse\n>p2 switch 2\n>p1 switch 2\n>p2 move moonblast\n>p1 move energyball\n>p2 move calmmind\n>p1 move energyball\n>p2 move moonblast\n>p2 switch 6\n>p1 move strengthsap\n>p2 move calmmind\n>p1 move energyball\n>p2 move psychic\n>p1 move energyball\n>p2 move psychic\n>p1 switch 2\n>p1 move doubleedge\n>p2 move psychic\n>p1 switch 3\n>p2 switch 3\n>forcelose p1", "uploadtime": 1781377434, "views": 8, "formatid": "gen9randombattle", "rating": null, "private": 0, "password": null}