{"id": "gen9randombattle-2631436976", "format": "[Gen 9] Random Battle", "players": ["trongofthetriads", "Astrokid11"], "log": "|j|\u2606trongofthetriads\n|j|\u2606Astrokid11\n|t:|1781384524\n|gametype|singles\n|player|p1|trongofthetriads|265|1907\n|player|p2|Astrokid11|102|1919\n|gen|9\n|tier|[Gen 9] Random Battle\n|rated|\n|rule|Species Clause: Limit one of each Pok\u00e9mon\n|rule|HP Percentage Mod: HP is shown in percentages\n|rule|Sleep Clause Mod: Limit one foe put to sleep\n|rule|Illusion Level Mod: Illusion disguises the Pok\u00e9mon's true level\n|\n|t:|1781384524\n|teamsize|p1|6\n|teamsize|p2|6\n|start\n|switch|p1a: Diancie|Diancie, L82|216/216\n|switch|p2a: Blaziken|Blaziken, L76, M|247/247\n|turn|1\n|inactive|Battle timer is ON: inactive players will automatically lose when time's up. (requested by Astrokid11)\n|\n|t:|1781384536\n|switch|p2a: Bronzong|Bronzong, L88|261/261\n|move|p1a: Diancie|Earth Power|p2a: Bronzong\n|-immune|p2a: Bronzong|[from] ability: Levitate\n|\n|upkeep\n|turn|2\n|\n|t:|1781384546\n|switch|p1a: Noctowl|Noctowl, L95, F|344/344\n|move|p2a: Bronzong|Psychic Noise|p1a: Noctowl\n|-damage|p1a: Noctowl|280/344\n|-start|p1a: Noctowl|move: Heal Block\n|\n|upkeep\n|turn|3\n|\n|t:|1781384552\n|switch|p2a: Dedenne|Dedenne, L88, M|261/261\n|move|p1a: Noctowl|Nasty Plot|p1a: Noctowl\n|-boost|p1a: Noctowl|spa|2\n|\n|-end|p1a: Noctowl|move: Heal Block\n|upkeep\n|turn|4\n|\n|t:|1781384557\n|move|p2a: Dedenne|Thunderbolt|p1a: Noctowl\n|-supereffective|p1a: Noctowl\n|-damage|p1a: Noctowl|128/344\n|-status|p1a: Noctowl|par\n|move|p1a: Noctowl|Hyper Voice|p2a: Dedenne\n|-damage|p2a: Dedenne|0 fnt\n|faint|p2a: Dedenne\n|\n|upkeep\n|\n|t:|1781384572\n|switch|p2a: Espeon|Espeon, L84, M|246/246\n|turn|5\n|\n|t:|1781384576\n|move|p2a: Espeon|Psychic|p1a: Noctowl\n|-damage|p1a: Noctowl|0 fnt\n|faint|p1a: Noctowl\n|\n|upkeep\n|\n|t:|1781384582\n|switch|p1a: Blissey|Blissey, L85, F|572/572\n|turn|6\n|\n|t:|1781384594\n|switch|p2a: Beartic|Beartic, L91, M|321/321\n|move|p1a: Blissey|Thunder Wave|p2a: Beartic\n|-status|p2a: Beartic|par\n|\n|upkeep\n|turn|7\n|\n|t:|1781384600\n|switch|p1a: Diancie|Diancie, L82|216/216\n|move|p2a: Beartic|Close Combat|p1a: Diancie\n|-damage|p1a: Diancie|83/216\n|-unboost|p2a: Beartic|def|1\n|-unboost|p2a: Beartic|spd|1\n|\n|-heal|p1a: Diancie|96/216|[from] item: Leftovers\n|upkeep\n|turn|8\n|\n|t:|1781384609\n|switch|p1a: Blaziken|Blaziken, L76, F|247/247\n|switch|p2a: Bronzong|Bronzong, L88|261/261\n|\n|upkeep\n|turn|9\n|\n|t:|1781384616\n|move|p1a: Blaziken|Flare Blitz|p2a: Bronzong\n|-supereffective|p2a: Bronzong\n|-damage|p2a: Bronzong|24/261\n|-damage|p1a: Blaziken|169/247|[from] Recoil\n|-damage|p1a: Blaziken|145/247|[from] item: Life Orb\n|move|p2a: Bronzong|Psychic Noise|p1a: Blaziken\n|-supereffective|p1a: Blaziken\n|-damage|p1a: Blaziken|0 fnt\n|faint|p1a: Blaziken\n|\n|-heal|p2a: Bronzong|40/261|[from] item: Leftovers\n|upkeep\n|\n|t:|1781384623\n|switch|p1a: Blissey|Blissey, L85, F|572/572\n|turn|10\n|\n|t:|1781384639\n|switch|p2a: Mandibuzz|Mandibuzz, L85, F|326/326\n|move|p1a: Blissey|Seismic Toss|p2a: Mandibuzz\n|-damage|p2a: Mandibuzz|241/326\n|\n|upkeep\n|turn|11\n|\n|t:|1781384644\n|move|p2a: Mandibuzz|U-turn|p1a: Blissey\n|-damage|p1a: Blissey|451/572\n|\n|t:|1781384647\n|switch|p2a: Beartic|Beartic, L91, M|321/321 par|[from] U-turn\n|move|p1a: Blissey|Thunder Wave|p2a: Beartic\n|-fail|p2a: Beartic|par\n|\n|-heal|p1a: Blissey|486/572|[from] item: Leftovers\n|upkeep\n|turn|12\n|\n|t:|1781384652\n|switch|p1a: Diancie|Diancie, L82|96/216\n|move|p2a: Beartic|Close Combat|p1a: Diancie\n|-damage|p1a: Diancie|0 fnt\n|-unboost|p2a: Beartic|def|1\n|-unboost|p2a: Beartic|spd|1\n|faint|p1a: Diancie\n|\n|upkeep\n|\n|t:|1781384656\n|switch|p1a: Munkidori|Munkidori, L79, M|269/269\n|turn|13\n|\n|t:|1781384666\n|switch|p2a: Bronzong|Bronzong, L88|40/261\n|move|p1a: Munkidori|Psychic Noise|p2a: Bronzong\n|-resisted|p2a: Bronzong\n|-damage|p2a: Bronzong|22/261\n|-start|p2a: Bronzong|move: Heal Block\n|\n|upkeep\n|turn|14\n|\n|t:|1781384675\n|switch|p2a: Mandibuzz|Mandibuzz, L85, F|241/326\n|move|p1a: Munkidori|U-turn|p2a: Mandibuzz\n|-damage|p2a: Mandibuzz|211/326\n|\n|t:|1781384678\n|switch|p1a: Hawlucha|Hawlucha, L80, M|256/256|[from] U-turn\n|\n|upkeep\n|turn|15\n|\n|t:|1781384690\n|move|p1a: Hawlucha|Swords Dance|p1a: Hawlucha\n|-boost|p1a: Hawlucha|atk|2\n|move|p2a: Mandibuzz|Defog|p1a: Hawlucha\n|-unboost|p1a: Hawlucha|evasion|1\n|-enditem|p1a: Hawlucha|White Herb\n|-clearnegativeboost|p1a: Hawlucha|[silent]\n|\n|upkeep\n|turn|16\n|c|\u2606trongofthetriads|?\n|\n|t:|1781384710\n|-terastallize|p1a: Hawlucha|Fighting\n|move|p1a: Hawlucha|Close Combat|p2a: Mandibuzz\n|-damage|p2a: Mandibuzz|0 fnt\n|-unboost|p1a: Hawlucha|def|1\n|-unboost|p1a: Hawlucha|spd|1\n|faint|p2a: Mandibuzz\n|\n|upkeep\n|\n|t:|1781384724\n|switch|p2a: Espeon|Espeon, L84, M|246/246\n|turn|17\n|\n|t:|1781384730\n|switch|p2a: Bronzong|Bronzong, L88|22/261\n|move|p1a: Hawlucha|Brave Bird|p2a: Bronzong\n|-resisted|p2a: Bronzong\n|-damage|p2a: Bronzong|0 fnt\n|faint|p2a: Bronzong\n|-damage|p1a: Hawlucha|249/256|[from] Recoil\n|\n|upkeep\n|\n|t:|1781384745\n|switch|p2a: Espeon|Espeon, L84, M|246/246\n|turn|18\n|\n|t:|1781384751\n|switch|p2a: Beartic|Beartic, L91, M|321/321 par\n|move|p1a: Hawlucha|Brave Bird|p2a: Beartic\n|-damage|p2a: Beartic|87/321 par\n|-damage|p1a: Hawlucha|172/256|[from] Recoil\n|\n|upkeep\n|turn|19\n|\n|t:|1781384759\n|move|p2a: Beartic|Aqua Jet|p1a: Hawlucha\n|-damage|p1a: Hawlucha|68/256\n|move|p1a: Hawlucha|Brave Bird|p2a: Beartic\n|-damage|p2a: Beartic|0 fnt\n|faint|p2a: Beartic\n|-damage|p1a: Hawlucha|39/256|[from] Recoil\n|\n|upkeep\n|\n|t:|1781384768\n|switch|p2a: Espeon|Espeon, L84, M|246/246\n|turn|20\n|\n|t:|1781384772\n|move|p1a: Hawlucha|Brave Bird|p2a: Espeon\n|-damage|p2a: Espeon|0 fnt\n|faint|p2a: Espeon\n|-damage|p1a: Hawlucha|0 fnt|[from] Recoil\n|faint|p1a: Hawlucha\n|\n|upkeep\n|\n|t:|1781384778\n|switch|p1a: Munkidori|Munkidori, L79, M|269/269\n|switch|p2a: Blaziken|Blaziken, L76, M|247/247\n|turn|21\n|\n|t:|1781384783\n|-terastallize|p2a: Blaziken|Dark\n|move|p1a: Munkidori|Psychic Noise|p2a: Blaziken\n|-immune|p2a: Blaziken\n|move|p2a: Blaziken|Swords Dance|p2a: Blaziken\n|-boost|p2a: Blaziken|atk|2\n|\n|-ability|p2a: Blaziken|Speed Boost|boost\n|-boost|p2a: Blaziken|spe|1\n|upkeep\n|turn|22\n|\n|t:|1781384795\n|switch|p1a: Blissey|Blissey, L85, F|486/572\n|move|p2a: Blaziken|Knock Off|p1a: Blissey\n|-damage|p1a: Blissey|0 fnt\n|-enditem|p1a: Blissey|Leftovers|[from] move: Knock Off|[of] p2a: Blaziken\n|faint|p1a: Blissey\n|-damage|p2a: Blaziken|223/247|[from] item: Life Orb\n|\n|-ability|p2a: Blaziken|Speed Boost|boost\n|-boost|p2a: Blaziken|spe|1\n|upkeep\n|\n|t:|1781384800\n|switch|p1a: Munkidori|Munkidori, L79, M|269/269\n|turn|23\n|\n|t:|1781384803\n|move|p1a: Munkidori|Fake Out|p2a: Blaziken\n|-damage|p2a: Blaziken|195/247\n|-status|p2a: Blaziken|tox|[from] ability: Toxic Chain|[of] p1a: Munkidori\n|cant|p2a: Blaziken|flinch\n|\n|-damage|p2a: Blaziken|180/247 tox|[from] psn\n|-ability|p2a: Blaziken|Speed Boost|boost\n|-boost|p2a: Blaziken|spe|1\n|upkeep\n|turn|24\n|-message|trongofthetriads forfeited.\n|\n|win|Astrokid11\n", "inputlog": ">version a8376a258c1d4662feba110a92103f3664a72141\n>start {\"formatid\":\"gen9randombattle\",\"seed\":\"sodium,8ec5fef4918424fead2aaf5d83f4b332\",\"rated\":\"Rated battle\"}\n>player p1 {\"name\":\"trongofthetriads\",\"avatar\":\"265\",\"rating\":1907,\"seed\":\"sodium,e8aa8334b5da95fa4c64e061731f7f09\"}\n>player p2 {\"name\":\"Astrokid11\",\"avatar\":\"102\",\"rating\":1919,\"seed\":\"sodium,240d421bce98b104a843683241f4451b\"}\n>p1 move earthpower\n>p2 switch 3\n>p1 switch 5\n>p2 move psychicnoise\n>p1 move nastyplot\n>p2 switch 2\n>p1 move hypervoice\n>p2 move thunderbolt\n>p2 switch 5\n>p1 move hypervoice\n>p2 move psychic\n>p1 switch 4\n>p1 move thunderwave\n>p2 switch 6\n>p1 switch 5\n>p2 move closecombat\n>p1 switch 2\n>p2 switch 2\n>p1 move flareblitz\n>p2 move psychicnoise\n>p1 switch 5\n>p1 move seismictoss\n>p2 switch 4\n>p1 move thunderwave\n>p2 move uturn\n>p2 switch 2\n>p1 switch 2\n>p2 move closecombat\n>p1 switch 6\n>p1 move psychicnoise\n>p2 switch 4\n>p1 move uturn\n>p2 switch 2\n>p1 switch 3\n>p1 move swordsdance\n>p2 move defog\n>chat \u2606trongofthetriads|?\n>p1 move closecombat terastallize\n>p2 move foulplay\n>p2 switch 6\n>p1 move bravebird\n>p2 switch 2\n>p2 switch 2\n>p1 move bravebird\n>p2 switch 4\n>p1 move bravebird\n>p2 move aquajet\n>p2 switch 4\n>p1 move bravebird\n>p2 move psychic\n>p1 switch 3\n>p2 switch 3\n>p1 move psychicnoise\n>p2 move swordsdance terastallize\n>p1 switch 2\n>p2 move knockoff\n>p1 switch 2\n>p1 move fakeout\n>p2 move flareblitz\n>forcelose p1", "uploadtime": 1781384526, "views": 15, "formatid": "gen9randombattle", "rating": null, "private": 0, "password": null}