{"id": "gen9randombattle-2631432972", "format": "[Gen 9] Random Battle", "players": ["alkacerr", "ER Alpha"], "log": "|j|\u2606alkacerr\n|j|\u2606ER Alpha\n|t:|1781384031\n|gametype|singles\n|player|p1|alkacerr|102|1573\n|player|p2|ER Alpha|nate|1552\n|gen|9\n|tier|[Gen 9] Random Battle\n|rated|\n|rule|Species Clause: Limit one of each Pok\u00e9mon\n|rule|HP Percentage Mod: HP is shown in percentages\n|rule|Sleep Clause Mod: Limit one foe put to sleep\n|rule|Illusion Level Mod: Illusion disguises the Pok\u00e9mon's true level\n|\n|t:|1781384031\n|teamsize|p1|6\n|teamsize|p2|6\n|start\n|switch|p1a: Greedent|Greedent, L86, M|347/347\n|switch|p2a: Overqwil|Overqwil, L82, M|274/274\n|-ability|p2a: Overqwil|Intimidate|boost\n|-unboost|p1a: Greedent|atk|1\n|turn|1\n|inactive|Battle timer is ON: inactive players will automatically lose when time's up. (requested by alkacerr)\n|\n|t:|1781384062\n|switch|p1a: Minun|Minun, L95, M|268/268\n|move|p2a: Overqwil|Gunk Shot|p1a: Minun\n|-damage|p1a: Minun|84/268\n|\n|upkeep\n|turn|2\n|\n|t:|1781384069\n|switch|p2a: Eelektross|Eelektross, L87, F|290/290\n|move|p1a: Minun|Thunderbolt|p2a: Eelektross\n|-resisted|p2a: Eelektross\n|-damage|p2a: Eelektross|241/290\n|-damage|p1a: Minun|58/268|[from] item: Life Orb\n|\n|upkeep\n|turn|3\n|\n|t:|1781384085\n|switch|p1a: Golem|Golem, L87, F|281/281\n|move|p2a: Eelektross|Dragon Tail|p1a: Golem\n|-damage|p1a: Golem|246/281\n|drag|p1a: Bellibolt|Bellibolt, L84, F|320/320\n|\n|upkeep\n|turn|4\n|\n|t:|1781384095\n|switch|p2a: Sinistcha|Sinistcha, L83|254/254\n|move|p1a: Bellibolt|Toxic|p2a: Sinistcha\n|-status|p2a: Sinistcha|tox\n|\n|-damage|p2a: Sinistcha|239/254 tox|[from] psn\n|upkeep\n|turn|5\n|inactive|alkacerr has 120 seconds left.\n|\n|t:|1781384135\n|move|p2a: Sinistcha|Shadow Ball|p1a: Bellibolt\n|-damage|p1a: Bellibolt|220/320\n|-unboost|p1a: Bellibolt|spd|1\n|-start|p1a: Bellibolt|Charge|Shadow Ball|[from] ability: Electromorphosis\n|move|p1a: Bellibolt|Muddy Water|p2a: Sinistcha\n|-resisted|p2a: Sinistcha\n|-damage|p2a: Sinistcha|203/254 tox\n|-unboost|p2a: Sinistcha|accuracy|1\n|\n|-heal|p2a: Sinistcha|218/254 tox|[from] item: Leftovers\n|-heal|p1a: Bellibolt|240/320|[from] item: Leftovers\n|-damage|p2a: Sinistcha|188/254 tox|[from] psn\n|upkeep\n|turn|6\n|\n|t:|1781384154\n|switch|p2a: Meloetta|Meloetta, L82|298/298\n|switch|p1a: Ariados|Ariados, L95, M|287/287\n|\n|upkeep\n|turn|7\n|inactive|alkacerr has 90 seconds left.\n|\n|t:|1781384200\n|switch|p2a: Overqwil|Overqwil, L82, M|274/274\n|-ability|p2a: Overqwil|Intimidate|boost\n|-unboost|p1a: Ariados|atk|1\n|move|p1a: Ariados|Sticky Web|p2a: Overqwil\n|-sidestart|p2: ER Alpha|move: Sticky Web\n|\n|upkeep\n|turn|8\n|\n|t:|1781384211\n|switch|p1a: Golem|Golem, L87, F|246/281\n|move|p2a: Overqwil|Swords Dance|p2a: Overqwil\n|-boost|p2a: Overqwil|atk|2\n|\n|upkeep\n|turn|9\n|inactive|alkacerr has 60 seconds left.\n|\n|t:|1781384245\n|switch|p2a: Sinistcha|Sinistcha, L83|188/254 tox\n|-activate|p2a: Sinistcha|move: Sticky Web\n|-unboost|p2a: Sinistcha|spe|1\n|switch|p1a: Froslass|Froslass, L87, F|263/263\n|\n|-heal|p2a: Sinistcha|203/254 tox|[from] item: Leftovers\n|-damage|p2a: Sinistcha|188/254 tox|[from] psn\n|upkeep\n|turn|10\n|\n|t:|1781384254\n|switch|p2a: Sudowoodo|Sudowoodo, L94, F|284/284\n|-activate|p2a: Sudowoodo|move: Sticky Web\n|-unboost|p2a: Sudowoodo|spe|1\n|move|p1a: Froslass|Triple Axel|p2a: Sudowoodo\n|-damage|p2a: Sudowoodo|268/284\n|-damage|p2a: Sudowoodo|241/284\n|-damage|p2a: Sudowoodo|195/284\n|-hitcount|p2a: Sudowoodo|3\n|\n|upkeep\n|turn|11\n|\n|t:|1781384266\n|move|p1a: Froslass|Destiny Bond|p1a: Froslass\n|-singlemove|p1a: Froslass|Destiny Bond\n|move|p2a: Sudowoodo|Head Smash|p1a: Froslass\n|-supereffective|p1a: Froslass\n|-damage|p1a: Froslass|0 fnt\n|faint|p1a: Froslass\n|-activate|p1a: Froslass|move: Destiny Bond\n|faint|p2a: Sudowoodo\n|\n|upkeep\n|\n|t:|1781384277\n|switch|p1a: Minun|Minun, L95, M|58/268\n|switch|p2a: Overqwil|Overqwil, L82, M|274/274\n|-activate|p2a: Overqwil|move: Sticky Web\n|-unboost|p2a: Overqwil|spe|1\n|-ability|p2a: Overqwil|Intimidate|boost\n|-unboost|p1a: Minun|atk|1\n|turn|12\n|inactive|alkacerr has 60 seconds left.\n|\n|t:|1781384317\n|switch|p2a: Eelektross|Eelektross, L87, F|241/290\n|move|p1a: Minun|Thunderbolt|p2a: Eelektross\n|-resisted|p2a: Eelektross\n|-damage|p2a: Eelektross|199/290\n|-damage|p1a: Minun|32/268|[from] item: Life Orb\n|\n|upkeep\n|turn|13\n|\n|t:|1781384330\n|switch|p1a: Golem|Golem, L87, F|246/281\n|move|p2a: Eelektross|U-turn|p1a: Golem\n|-damage|p1a: Golem|206/281\n|\n|t:|1781384337\n|switch|p2a: Sinistcha|Sinistcha, L83|188/254 tox|[from] U-turn\n|-activate|p2a: Sinistcha|move: Sticky Web\n|-unboost|p2a: Sinistcha|spe|1\n|\n|-heal|p2a: Sinistcha|203/254 tox|[from] item: Leftovers\n|-damage|p2a: Sinistcha|188/254 tox|[from] psn\n|upkeep\n|turn|14\n|inactive|alkacerr has 30 seconds left.\n|inactive|alkacerr has 20 seconds left.\n|inactive|alkacerr has 15 seconds left.\n|inactive|alkacerr has 10 seconds left.\n|inactive|alkacerr has 5 seconds left.\n|\n|t:|1781384390\n|move|p1a: Golem|Stealth Rock|p2a: Sinistcha\n|-sidestart|p2: ER Alpha|move: Stealth Rock\n|move|p2a: Sinistcha|Matcha Gotcha|p1a: Golem\n|-supereffective|p1a: Golem\n|-damage|p1a: Golem|0 fnt\n|-heal|p2a: Sinistcha|254/254 tox|[from] drain|[of] p1a: Golem\n|faint|p1a: Golem\n|\n|-damage|p2a: Sinistcha|224/254 tox|[from] psn\n|upkeep\n|inactive|alkacerr has 10 seconds left this turn.\n|\n|t:|1781384394\n|switch|p1a: Ariados|Ariados, L95, M|287/287\n|turn|15\n|inactive|alkacerr has 20 seconds left this turn.\n|\n|t:|1781384406\n|switch|p2a: Overqwil|Overqwil, L82, M|274/274\n|-activate|p2a: Overqwil|move: Sticky Web\n|-unboost|p2a: Overqwil|spe|1\n|-damage|p2a: Overqwil|240/274|[from] Stealth Rock\n|-ability|p2a: Overqwil|Intimidate|boost\n|-unboost|p1a: Ariados|atk|1\n|move|p1a: Ariados|Poison Jab|p2a: Overqwil\n|-resisted|p2a: Overqwil\n|-damage|p2a: Overqwil|208/274\n|\n|upkeep\n|turn|16\n|inactive|alkacerr has 30 seconds left this turn.\n|inactive|alkacerr has 20 seconds left.\n|\n|t:|1781384421\n|move|p1a: Ariados|Megahorn|p2a: Overqwil\n|-damage|p2a: Overqwil|103/274\n|move|p2a: Overqwil|Swords Dance|p2a: Overqwil\n|-boost|p2a: Overqwil|atk|2\n|\n|upkeep\n|turn|17\n|inactive|alkacerr has 30 seconds left this turn.\n|\n|t:|1781384424\n|move|p1a: Ariados|Megahorn|p2a: Overqwil\n|-damage|p2a: Overqwil|0 fnt\n|faint|p2a: Overqwil\n|\n|upkeep\n|\n|t:|1781384435\n|switch|p2a: Gallade|Gallade, L80, M|240/240\n|-activate|p2a: Gallade|move: Sticky Web\n|-unboost|p2a: Gallade|spe|1\n|-damage|p2a: Gallade|225/240|[from] Stealth Rock\n|turn|18\n|\n|t:|1781384449\n|-terastallize|p2a: Gallade|Fighting\n|move|p1a: Ariados|Megahorn|p2a: Gallade\n|-resisted|p2a: Gallade\n|-damage|p2a: Gallade|155/240\n|move|p2a: Gallade|Agility|p2a: Gallade\n|-boost|p2a: Gallade|spe|2\n|\n|upkeep\n|turn|19\n|\n|t:|1781384457\n|switch|p1a: Minun|Minun, L95, M|32/268\n|move|p2a: Gallade|Psycho Cut|p1a: Minun\n|-damage|p1a: Minun|0 fnt\n|faint|p1a: Minun\n|-damage|p2a: Gallade|131/240|[from] item: Life Orb\n|\n|upkeep\n|\n|t:|1781384467\n|switch|p1a: Ariados|Ariados, L95, M|287/287\n|turn|20\n|\n|t:|1781384482\n|-terastallize|p1a: Ariados|Ghost\n|move|p2a: Gallade|Psycho Cut|p1a: Ariados\n|-damage|p1a: Ariados|102/287\n|-damage|p2a: Gallade|107/240|[from] item: Life Orb\n|move|p1a: Ariados|Poison Jab|p2a: Gallade\n|-damage|p2a: Gallade|0 fnt\n|faint|p2a: Gallade\n|\n|upkeep\n|\n|t:|1781384489\n|switch|p2a: Sinistcha|Sinistcha, L83|224/254 tox\n|-activate|p2a: Sinistcha|move: Sticky Web\n|-unboost|p2a: Sinistcha|spe|1\n|-damage|p2a: Sinistcha|193/254 tox|[from] Stealth Rock\n|turn|21\n|\n|t:|1781384506\n|move|p1a: Ariados|Poison Jab|p2a: Sinistcha\n|-damage|p2a: Sinistcha|103/254 tox\n|move|p2a: Sinistcha|Strength Sap|p1a: Ariados\n|-unboost|p1a: Ariados|atk|1\n|-heal|p2a: Sinistcha|254/254 tox\n|\n|-damage|p2a: Sinistcha|239/254 tox|[from] psn\n|upkeep\n|turn|22\n|\n|t:|1781384516\n|switch|p1a: Bellibolt|Bellibolt, L84, F|240/320\n|move|p2a: Sinistcha|Strength Sap|p1a: Bellibolt\n|-unboost|p1a: Bellibolt|atk|1\n|-heal|p2a: Sinistcha|254/254 tox\n|\n|-heal|p1a: Bellibolt|260/320|[from] item: Leftovers\n|-damage|p2a: Sinistcha|224/254 tox|[from] psn\n|upkeep\n|turn|23\n|\n|t:|1781384521\n|switch|p2a: Meloetta|Meloetta, L82|298/298\n|-activate|p2a: Meloetta|move: Sticky Web\n|-unboost|p2a: Meloetta|spe|1\n|-damage|p2a: Meloetta|261/298|[from] Stealth Rock\n|move|p1a: Bellibolt|Muddy Water|p2a: Meloetta\n|-damage|p2a: Meloetta|206/298\n|\n|-heal|p1a: Bellibolt|280/320|[from] item: Leftovers\n|upkeep\n|turn|24\n|\n|t:|1781384530\n|move|p2a: Meloetta|Relic Song|p1a: Bellibolt\n|-damage|p1a: Bellibolt|159/320\n|-start|p1a: Bellibolt|Charge|Relic Song|[from] ability: Electromorphosis\n|-formechange|p2a: Meloetta|Meloetta-Pirouette|[msg]\n|-damage|p2a: Meloetta|177/298|[from] item: Life Orb\n|move|p1a: Bellibolt|Toxic|p2a: Meloetta\n|-status|p2a: Meloetta|tox\n|\n|-heal|p1a: Bellibolt|179/320|[from] item: Leftovers\n|-damage|p2a: Meloetta|159/298 tox|[from] psn\n|upkeep\n|turn|25\n|\n|t:|1781384534\n|move|p2a: Meloetta|Close Combat|p1a: Bellibolt\n|-damage|p1a: Bellibolt|0 fnt\n|-unboost|p2a: Meloetta|def|1\n|-unboost|p2a: Meloetta|spd|1\n|faint|p1a: Bellibolt\n|-damage|p2a: Meloetta|130/298 tox|[from] item: Life Orb\n|\n|-damage|p2a: Meloetta|94/298 tox|[from] psn\n|upkeep\n|inactive|alkacerr has 60 seconds left.\n|\n|t:|1781384547\n|switch|p1a: Ariados|Ariados, L95, M, tera:Ghost|102/287\n|turn|26\n|inactive|alkacerr has 60 seconds left.\n|\n|t:|1781384552\n|switch|p2a: Sinistcha|Sinistcha, L83|224/254 tox\n|-activate|p2a: Sinistcha|move: Sticky Web\n|-unboost|p2a: Sinistcha|spe|1\n|-damage|p2a: Sinistcha|193/254 tox|[from] Stealth Rock\n|move|p1a: Ariados|Poison Jab|p2a: Sinistcha\n|-damage|p2a: Sinistcha|94/254 tox\n|\n|-heal|p2a: Sinistcha|109/254 tox|[from] item: Leftovers\n|-damage|p2a: Sinistcha|94/254 tox|[from] psn\n|upkeep\n|turn|27\n|\n|t:|1781384558\n|move|p1a: Ariados|Poison Jab|p2a: Sinistcha\n|-damage|p2a: Sinistcha|0 fnt\n|faint|p2a: Sinistcha\n|\n|upkeep\n|\n|t:|1781384562\n|switch|p2a: Eelektross|Eelektross, L87, F|199/290\n|-damage|p2a: Eelektross|163/290|[from] Stealth Rock\n|turn|28\n|inactive|alkacerr has 60 seconds left.\n|\n|t:|1781384583\n|move|p1a: Ariados|Sucker Punch|p2a: Eelektross\n|-damage|p2a: Eelektross|102/290\n|move|p2a: Eelektross|Discharge|p1a: Ariados\n|-damage|p1a: Ariados|0 fnt\n|faint|p1a: Ariados\n|\n|upkeep\n|\n|t:|1781384585\n|switch|p1a: Greedent|Greedent, L86, M|347/347\n|turn|29\n|\n|t:|1781384592\n|move|p2a: Eelektross|Close Combat|p1a: Greedent\n|-supereffective|p1a: Greedent\n|-damage|p1a: Greedent|153/347\n|-unboost|p2a: Eelektross|def|1\n|-unboost|p2a: Eelektross|spd|1\n|-enditem|p1a: Greedent|Sitrus Berry|[eat]\n|-heal|p1a: Greedent|239/347|[from] item: Sitrus Berry\n|-heal|p1a: Greedent|347/347|[from] ability: Cheek Pouch\n|move|p1a: Greedent|Swords Dance|p1a: Greedent\n|-boost|p1a: Greedent|atk|2\n|\n|upkeep\n|turn|30\n|\n|t:|1781384596\n|move|p2a: Eelektross|Close Combat|p1a: Greedent\n|-supereffective|p1a: Greedent\n|-damage|p1a: Greedent|153/347\n|-unboost|p2a: Eelektross|def|1\n|-unboost|p2a: Eelektross|spd|1\n|move|p1a: Greedent|Earthquake|p2a: Eelektross\n|-immune|p2a: Eelektross|[from] ability: Levitate\n|\n|upkeep\n|turn|31\n|\n|t:|1781384609\n|move|p2a: Eelektross|Close Combat|p1a: Greedent\n|-supereffective|p1a: Greedent\n|-damage|p1a: Greedent|0 fnt\n|-unboost|p2a: Eelektross|def|1\n|-unboost|p2a: Eelektross|spd|1\n|faint|p1a: Greedent\n|\n|win|ER Alpha\n|raw|alkacerr's rating: 1573 &rarr; <strong>1552</strong><br />(-21 for losing)\n|raw|ER Alpha's rating: 1552 &rarr; <strong>1573</strong><br />(+21 for winning)\n|l|\u2606alkacerr\n|player|p1|\n", "inputlog": ">version a8376a258c1d4662feba110a92103f3664a72141\n>start {\"formatid\":\"gen9randombattle\",\"seed\":\"sodium,32284b36f6f941eb13b57e59466819fc\",\"rated\":\"Rated battle\"}\n>player p1 {\"name\":\"alkacerr\",\"avatar\":\"102\",\"rating\":1573,\"seed\":\"sodium,e0d99ede57df67c501808167bc94164d\"}\n>player p2 {\"name\":\"ER Alpha\",\"avatar\":\"nate\",\"rating\":1552,\"seed\":\"sodium,51c891f48fb17e6378785e4065ea8a2f\"}\n>p1 switch 2\n>p2 move gunkshot\n>p1 move thunderbolt\n>p2 switch 4\n>p1 switch 6\n>p2 move dragontail\n>p1 move toxic\n>p2 switch 6\n>p1 move muddywater\n>p2 move shadowball\n>p1 switch 3\n>p2 switch 2\n>p1 move stickyweb\n>p2 switch 4\n>p1 switch 5\n>p2 move swordsdance\n>p1 switch 4\n>p2 switch 2\n>p1 move tripleaxel\n>p2 switch 3\n>p1 move destinybond\n>p2 move headsmash\n>p1 switch 6\n>p2 switch 2\n>p1 move thunderbolt\n>p2 switch 6\n>p1 switch 4\n>p2 move uturn\n>p2 switch 3\n>p1 move stealthrock\n>p2 move matchagotcha\n>p1 switch 5\n>p1 move poisonjab\n>p2 switch 6\n>p1 move megahorn\n>p2 move swordsdance\n>p1 move megahorn\n>p2 move scaleshot\n>p2 switch 5\n>p1 move megahorn\n>p2 move agility terastallize\n>p1 switch 4\n>p2 move psychocut\n>p1 switch 4\n>p1 move poisonjab terastallize\n>p2 move psychocut\n>p2 switch 6\n>p1 move poisonjab\n>p2 move strengthsap\n>p1 switch 3\n>p2 move strengthsap\n>p1 move muddywater\n>p2 switch 4\n>p1 move toxic\n>p2 move relicsong\n>p1 move slackoff\n>p2 move closecombat\n>p1 switch 3\n>p1 move poisonjab\n>p2 switch 4\n>p1 move poisonjab\n>p2 move strengthsap\n>p2 switch 3\n>p1 move suckerpunch\n>p2 move discharge\n>p1 switch 2\n>p1 move swordsdance\n>p2 move closecombat\n>p1 move earthquake\n>p2 move closecombat\n>p1 move doubleedge\n>p2 move closecombat", "uploadtime": 1781384614, "views": 12, "formatid": "gen9randombattle", "rating": 1552, "private": 0, "password": null}