{"id": "gen9randombattle-2631903597", "format": "[Gen 9] Random Battle", "players": ["degentew", "Vikente 14"], "log": "|j|\u2606degentew\n|j|\u2606Vikente 14\n|t:|1781453934\n|gametype|singles\n|player|p1|degentew|miku-flying|1933\n|player|p2|Vikente 14|harlequin|1917\n|gen|9\n|tier|[Gen 9] Random Battle\n|rated|\n|rule|Species Clause: Limit one of each Pok\u00e9mon\n|rule|HP Percentage Mod: HP is shown in percentages\n|rule|Sleep Clause Mod: Limit one foe put to sleep\n|rule|Illusion Level Mod: Illusion disguises the Pok\u00e9mon's true level\n|\n|t:|1781453934\n|teamsize|p1|6\n|teamsize|p2|6\n|start\n|switch|p1a: Regidrago|Regidrago, L77|435/435\n|switch|p2a: Malamar|Malamar, L82, F|275/275\n|turn|1\n|inactive|Battle timer is ON: inactive players will automatically lose when time's up. (requested by degentew)\n|c|\u2606Vikente 14|Gl\n|\n|t:|1781453944\n|switch|p1a: Volcarona|Volcarona, L77, M|257/257\n|switch|p2a: Sylveon|Sylveon, L85, F|300/300\n|\n|upkeep\n|turn|2\n|c|\u2606degentew|gl\n|\n|t:|1781453954\n|move|p1a: Volcarona|Quiver Dance|p1a: Volcarona\n|-boost|p1a: Volcarona|spa|1\n|-boost|p1a: Volcarona|spd|1\n|-boost|p1a: Volcarona|spe|1\n|move|p2a: Sylveon|Wish|p2a: Sylveon\n|\n|upkeep\n|turn|3\n|\n|t:|1781453957\n|switch|p2a: Skeledirge|Skeledirge, L79, F|294/294\n|move|p1a: Volcarona|Quiver Dance|p1a: Volcarona\n|-boost|p1a: Volcarona|spa|1\n|-boost|p1a: Volcarona|spd|1\n|-boost|p1a: Volcarona|spe|1\n|\n|upkeep\n|turn|4\n|\n|t:|1781453965\n|switch|p1a: Rhydon|Rhydon, L85, M|317/317\n|move|p2a: Skeledirge|Flame Charge|p1a: Rhydon\n|-resisted|p1a: Rhydon\n|-damage|p1a: Rhydon|306/317\n|-boost|p2a: Skeledirge|spe|1\n|\n|upkeep\n|turn|5\n|\n|t:|1781453992\n|switch|p2a: Deoxys|Deoxys-Defense, L84|221/221\n|-ability|p2a: Deoxys|Pressure\n|move|p1a: Rhydon|Stealth Rock|p2a: Deoxys\n|-sidestart|p2: Vikente 14|move: Stealth Rock\n|\n|upkeep\n|turn|6\n|\n|t:|1781454007\n|move|p2a: Deoxys|Spikes|p1a: Rhydon\n|-sidestart|p1: degentew|Spikes\n|move|p1a: Rhydon|Megahorn|p2a: Deoxys\n|-supereffective|p2a: Deoxys\n|-damage|p2a: Deoxys|91/221\n|\n|-heal|p2a: Deoxys|104/221|[from] item: Leftovers\n|upkeep\n|turn|7\n|\n|t:|1781454014\n|move|p2a: Deoxys|Recover|p2a: Deoxys\n|-heal|p2a: Deoxys|215/221\n|move|p1a: Rhydon|Megahorn|p2a: Deoxys\n|-supereffective|p2a: Deoxys\n|-damage|p2a: Deoxys|79/221\n|\n|-heal|p2a: Deoxys|92/221|[from] item: Leftovers\n|upkeep\n|turn|8\n|\n|t:|1781454018\n|move|p2a: Deoxys|Recover|p2a: Deoxys\n|-heal|p2a: Deoxys|203/221\n|move|p1a: Rhydon|Megahorn|p2a: Deoxys\n|-supereffective|p2a: Deoxys\n|-damage|p2a: Deoxys|59/221\n|\n|-heal|p2a: Deoxys|72/221|[from] item: Leftovers\n|upkeep\n|turn|9\n|\n|t:|1781454020\n|move|p2a: Deoxys|Recover|p2a: Deoxys\n|-heal|p2a: Deoxys|183/221\n|move|p1a: Rhydon|Megahorn|p2a: Deoxys\n|-supereffective|p2a: Deoxys\n|-damage|p2a: Deoxys|33/221\n|\n|-heal|p2a: Deoxys|46/221|[from] item: Leftovers\n|upkeep\n|turn|10\n|\n|t:|1781454026\n|move|p2a: Deoxys|Recover|p2a: Deoxys\n|-heal|p2a: Deoxys|157/221\n|move|p1a: Rhydon|Megahorn|p2a: Deoxys\n|-supereffective|p2a: Deoxys\n|-damage|p2a: Deoxys|11/221\n|\n|-heal|p2a: Deoxys|24/221|[from] item: Leftovers\n|upkeep\n|turn|11\n|\n|t:|1781454030\n|move|p2a: Deoxys|Recover|p2a: Deoxys\n|-heal|p2a: Deoxys|135/221\n|move|p1a: Rhydon|Megahorn|p2a: Deoxys\n|-supereffective|p2a: Deoxys\n|-damage|p2a: Deoxys|0 fnt\n|faint|p2a: Deoxys\n|\n|upkeep\n|\n|t:|1781454037\n|switch|p2a: Malamar|Malamar, L82, F|275/275\n|-damage|p2a: Malamar|241/275|[from] Stealth Rock\n|turn|12\n|\n|t:|1781454045\n|move|p2a: Malamar|Superpower|p1a: Rhydon\n|-supereffective|p1a: Rhydon\n|-damage|p1a: Rhydon|228/317\n|-boost|p2a: Malamar|atk|1\n|-boost|p2a: Malamar|def|1\n|move|p1a: Rhydon|Earthquake|p2a: Malamar\n|-damage|p2a: Malamar|145/275\n|\n|-heal|p2a: Malamar|162/275|[from] item: Leftovers\n|upkeep\n|turn|13\n|\n|t:|1781454048\n|move|p2a: Malamar|Superpower|p1a: Rhydon\n|-supereffective|p1a: Rhydon\n|-damage|p1a: Rhydon|114/317\n|-boost|p2a: Malamar|atk|1\n|-boost|p2a: Malamar|def|1\n|move|p1a: Rhydon|Megahorn|p2a: Malamar\n|-supereffective|p2a: Malamar\n|-damage|p2a: Malamar|0 fnt\n|faint|p2a: Malamar\n|\n|upkeep\n|\n|t:|1781454062\n|switch|p2a: Sylveon|Sylveon, L85, F|300/300\n|-damage|p2a: Sylveon|263/300|[from] Stealth Rock\n|turn|14\n|\n|t:|1781454066\n|move|p2a: Sylveon|Calm Mind|p2a: Sylveon\n|-boost|p2a: Sylveon|spa|1\n|-boost|p2a: Sylveon|spd|1\n|move|p1a: Rhydon|Earthquake|p2a: Sylveon\n|-damage|p2a: Sylveon|85/300\n|\n|-heal|p2a: Sylveon|103/300|[from] item: Leftovers\n|upkeep\n|turn|15\n|\n|t:|1781454069\n|move|p2a: Sylveon|Hyper Voice|p1a: Rhydon\n|-crit|p1a: Rhydon\n|-damage|p1a: Rhydon|0 fnt\n|faint|p1a: Rhydon\n|\n|-heal|p2a: Sylveon|121/300|[from] item: Leftovers\n|upkeep\n|\n|t:|1781454086\n|switch|p1a: Scovillain|Scovillain, L91, M|266/266\n|-damage|p1a: Scovillain|233/266|[from] Spikes\n|turn|16\n|\n|t:|1781454089\n|move|p1a: Scovillain|Leech Seed|p2a: Sylveon|[miss]\n|-miss|p1a: Scovillain|p2a: Sylveon\n|move|p2a: Sylveon|Wish|p2a: Sylveon\n|\n|-heal|p1a: Scovillain|249/266|[from] item: Leftovers\n|-heal|p2a: Sylveon|139/300|[from] item: Leftovers\n|upkeep\n|turn|17\n|\n|t:|1781454093\n|move|p1a: Scovillain|Leech Seed|p2a: Sylveon|[miss]\n|-miss|p1a: Scovillain|p2a: Sylveon\n|move|p2a: Sylveon|Hyper Voice|p1a: Scovillain\n|-resisted|p1a: Scovillain\n|-damage|p1a: Scovillain|138/266\n|\n|-heal|p2a: Sylveon|289/300|[from] move: Wish|[wisher] Sylveon\n|-heal|p1a: Scovillain|154/266|[from] item: Leftovers\n|-heal|p2a: Sylveon|300/300|[from] item: Leftovers\n|upkeep\n|turn|18\n|\n|t:|1781454095\n|move|p1a: Scovillain|Leech Seed|p2a: Sylveon\n|-start|p2a: Sylveon|move: Leech Seed\n|move|p2a: Sylveon|Hyper Voice|p1a: Scovillain\n|-resisted|p1a: Scovillain\n|-damage|p1a: Scovillain|32/266\n|\n|-heal|p1a: Scovillain|48/266|[from] item: Leftovers\n|-damage|p2a: Sylveon|263/300|[from] Leech Seed|[of] p1a: Scovillain\n|-heal|p1a: Scovillain|85/266|[silent]\n|upkeep\n|turn|19\n|\n|t:|1781454098\n|move|p1a: Scovillain|Protect|p1a: Scovillain\n|-singleturn|p1a: Scovillain|Protect\n|move|p2a: Sylveon|Hyper Voice|p1a: Scovillain\n|-activate|p1a: Scovillain|move: Protect\n|\n|-heal|p1a: Scovillain|101/266|[from] item: Leftovers\n|-heal|p2a: Sylveon|281/300|[from] item: Leftovers\n|-damage|p2a: Sylveon|244/300|[from] Leech Seed|[of] p1a: Scovillain\n|-heal|p1a: Scovillain|138/266|[silent]\n|upkeep\n|turn|20\n|\n|t:|1781454100\n|switch|p1a: Chansey|Chansey, L85, F|564/564\n|-damage|p1a: Chansey|494/564|[from] Spikes\n|move|p2a: Sylveon|Hyper Voice|p1a: Chansey\n|-damage|p1a: Chansey|380/564\n|\n|-heal|p2a: Sylveon|262/300|[from] item: Leftovers\n|-damage|p2a: Sylveon|225/300|[from] Leech Seed|[of] p1a: Chansey\n|-heal|p1a: Chansey|417/564|[silent]\n|upkeep\n|turn|21\n|\n|t:|1781454107\n|switch|p2a: Zangoose|Zangoose, L85, M|263/263\n|-damage|p2a: Zangoose|231/263|[from] Stealth Rock\n|move|p1a: Chansey|Thunder Wave|p2a: Zangoose\n|-status|p2a: Zangoose|par\n|\n|upkeep\n|turn|22\n|-message|Vikente 14 forfeited.\n|\n|win|degentew\n", "inputlog": ">version a8376a258c1d4662feba110a92103f3664a72141\n>start {\"formatid\":\"gen9randombattle\",\"seed\":\"sodium,4d01c29de362e4c3b514c27ec0aa2753\",\"rated\":\"Rated battle\"}\n>player p1 {\"name\":\"degentew\",\"avatar\":\"miku-flying\",\"rating\":1933,\"seed\":\"sodium,6c2fce00db993c0f81d3ef7e8c0d2c1e\"}\n>player p2 {\"name\":\"Vikente 14\",\"avatar\":\"harlequin\",\"rating\":1917,\"seed\":\"sodium,e6a157ec6bf8df3a9d677eb689cc1bc7\"}\n>chat \u2606Vikente 14|Gl\n>p1 switch 2\n>p2 switch 6\n>chat \u2606degentew|gl\n>p1 move quiverdance\n>p2 move wish\n>p1 move quiverdance\n>p2 switch 2\n>p1 switch 5\n>p2 move flamecharge\n>p1 move stealthrock\n>p2 switch 3\n>p1 move megahorn\n>p2 move spikes\n>p1 move megahorn\n>p2 move recover\n>p1 move megahorn\n>p2 move recover\n>p1 move megahorn\n>p2 move recover\n>p1 move megahorn\n>p2 move recover\n>p1 move megahorn\n>p2 move recover\n>p2 switch 6\n>p1 move earthquake\n>p2 move superpower\n>p1 move megahorn\n>p2 move superpower\n>p2 switch 2\n>p1 move earthquake\n>p2 move calmmind\n>p1 move earthquake\n>p2 move hypervoice\n>p1 switch 4\n>p1 move leechseed\n>p2 move wish\n>p1 move leechseed\n>p2 move hypervoice\n>p1 move leechseed\n>p2 move hypervoice\n>p1 move protect\n>p2 move hypervoice\n>p1 switch 6\n>p2 move hypervoice\n>p1 move thunderwave\n>p2 switch 4\n>forcelose p2", "uploadtime": 1781453936, "views": 4, "formatid": "gen9randombattle", "rating": null, "private": 0, "password": null}