{"id": "gen9randombattle-2631875655", "format": "[Gen 9] Random Battle", "players": ["grabschaender", "Sick Fiesta"], "log": "|j|\u2606grabschaender\n|j|\u2606Sick Fiesta\n|t:|1781450880\n|gametype|singles\n|player|p1|grabschaender|candice|2262\n|player|p2|Sick Fiesta|workerice|2203\n|gen|9\n|tier|[Gen 9] Random Battle\n|rated|\n|rule|Species Clause: Limit one of each Pok\u00e9mon\n|rule|HP Percentage Mod: HP is shown in percentages\n|rule|Sleep Clause Mod: Limit one foe put to sleep\n|rule|Illusion Level Mod: Illusion disguises the Pok\u00e9mon's true level\n|\n|t:|1781450880\n|teamsize|p1|6\n|teamsize|p2|6\n|start\n|switch|p1a: Alcremie|Alcremie-Matcha-Cream, L90, F|263/263\n|switch|p2a: Tornadus|Tornadus-Therian, L79, M|254/254\n|turn|1\n|\n|t:|1781450891\n|move|p2a: Tornadus|Bleakwind Storm|p1a: Alcremie\n|-damage|p1a: Alcremie|191/263\n|move|p1a: Alcremie|Calm Mind|p1a: Alcremie\n|-boost|p1a: Alcremie|spa|1\n|-boost|p1a: Alcremie|spd|1\n|\n|-heal|p1a: Alcremie|207/263|[from] item: Leftovers\n|upkeep\n|turn|2\n|\n|t:|1781450896\n|switch|p2a: Arcanine|Arcanine, L84, F|288/288\n|-ability|p2a: Arcanine|Intimidate|boost\n|-unboost|p1a: Alcremie|atk|1\n|move|p1a: Alcremie|Alluring Voice|p2a: Arcanine\n|-resisted|p2a: Arcanine\n|-damage|p2a: Arcanine|201/288\n|\n|-heal|p1a: Alcremie|223/263|[from] item: Leftovers\n|upkeep\n|turn|3\n|\n|t:|1781450902\n|switch|p1a: Camerupt|Camerupt, L91, F|275/275\n|move|p2a: Arcanine|Flare Blitz|p1a: Camerupt\n|-resisted|p1a: Camerupt\n|-damage|p1a: Camerupt|195/275\n|-damage|p2a: Arcanine|175/288|[from] Recoil\n|\n|-heal|p1a: Camerupt|212/275|[from] item: Leftovers\n|upkeep\n|turn|4\n|\n|t:|1781450907\n|move|p2a: Arcanine|Close Combat|p1a: Camerupt\n|-damage|p1a: Camerupt|108/275\n|-unboost|p2a: Arcanine|def|1\n|-unboost|p2a: Arcanine|spd|1\n|move|p1a: Camerupt|Stealth Rock|p2a: Arcanine\n|-sidestart|p2: Sick Fiesta|move: Stealth Rock\n|\n|-heal|p1a: Camerupt|125/275|[from] item: Leftovers\n|upkeep\n|turn|5\n|\n|t:|1781450912\n|switch|p2a: Tornadus|Tornadus-Therian, L79, M|254/254\n|-damage|p2a: Tornadus|191/254|[from] Stealth Rock\n|switch|p1a: Alomomola|Alomomola, L87, M|429/429\n|\n|upkeep\n|turn|6\n|\n|t:|1781450916\n|move|p2a: Tornadus|Knock Off|p1a: Alomomola\n|-damage|p1a: Alomomola|368/429\n|-damage|p2a: Tornadus|149/254|[from] item: Rocky Helmet|[of] p1a: Alomomola\n|-enditem|p1a: Alomomola|Rocky Helmet|[from] move: Knock Off|[of] p2a: Tornadus\n|move|p1a: Alomomola|Flip Turn|p2a: Tornadus\n|-damage|p2a: Tornadus|85/254\n|inactive|Battle timer is ON: inactive players will automatically lose when time's up. (requested by Sick Fiesta)\n|\n|t:|1781450927\n|switch|p1a: Camerupt|Camerupt, L91, F|125/275|[from] Flip Turn\n|\n|-heal|p1a: Camerupt|142/275|[from] item: Leftovers\n|upkeep\n|turn|7\n|\n|t:|1781450931\n|switch|p1a: Alomomola|Alomomola, L87, M|429/429\n|move|p2a: Tornadus|U-turn|p1a: Alomomola\n|-damage|p1a: Alomomola|386/429\n|\n|t:|1781450943\n|switch|p2a: Indeedee|Indeedee, L84, M|238/238|[from] U-turn\n|-damage|p2a: Indeedee|209/238|[from] Stealth Rock\n|-fieldstart|move: Psychic Terrain|[from] ability: Psychic Surge|[of] p2a: Indeedee\n|\n|upkeep\n|turn|8\n|\n|t:|1781450950\n|move|p2a: Indeedee|Expanding Force|p1a: Alomomola\n|-damage|p1a: Alomomola|139/429\n|move|p1a: Alomomola|Flip Turn|p2a: Indeedee\n|-damage|p2a: Indeedee|136/238\n|\n|t:|1781450954\n|switch|p1a: Gardevoir|Gardevoir, L83, F|249/249|[from] Flip Turn\n|-ability|p1a: Gardevoir|Psychic Surge|Trace|[from] ability: Trace|[of] p2a: Indeedee\n|\n|upkeep\n|turn|9\n|\n|t:|1781450962\n|switch|p2a: Luvdisc|Luvdisc, F|247/247\n|move|p1a: Gardevoir|Psyshock|p2a: Luvdisc\n|-crit|p2a: Luvdisc\n|-damage|p2a: Luvdisc|0 fnt\n|faint|p2a: Luvdisc\n|-damage|p1a: Gardevoir|225/249|[from] item: Life Orb\n|\n|upkeep\n|-message|Sick Fiesta forfeited.\n|\n|win|grabschaender\n", "inputlog": ">version a8376a258c1d4662feba110a92103f3664a72141\n>start {\"formatid\":\"gen9randombattle\",\"seed\":\"sodium,6c43127e44d258f36ee76f319fb8395b\",\"rated\":\"Rated battle\"}\n>player p1 {\"name\":\"grabschaender\",\"avatar\":\"candice\",\"rating\":2262,\"seed\":\"sodium,315b5478b5d9b6760122c5533f7377d0\"}\n>player p2 {\"name\":\"Sick Fiesta\",\"avatar\":\"workerice\",\"rating\":2203,\"seed\":\"sodium,81f0e7beb4bda6a9bcfaeecaa355de3a\"}\n>p1 move calmmind\n>p2 move bleakwindstorm\n>p1 move alluringvoice\n>p2 switch 2\n>p1 switch 2\n>p2 move flareblitz\n>p1 move stealthrock\n>p2 move closecombat\n>p1 switch 6\n>p2 switch 2\n>p1 move flipturn\n>p2 move knockoff\n>p1 switch 6\n>p1 switch 6\n>p2 move uturn\n>p2 switch 5\n>p1 move flipturn\n>p2 move expandingforce\n>p1 switch 3\n>p1 move psyshock\n>p2 switch 3\n>forcelose p2", "uploadtime": 1781450882, "views": 4, "formatid": "gen9randombattle", "rating": null, "private": 0, "password": null}