{"id": "gen9randombattle-2631921111", "format": "[Gen 9] Random Battle", "players": ["gibbybeast", "Gmailcom1345"], "log": "|j|\u2606gibbybeast\n|j|\u2606Gmailcom1345\n|t:|1781455821\n|gametype|singles\n|player|p1|gibbybeast|steven|1496\n|player|p2|Gmailcom1345|266|1530\n|gen|9\n|tier|[Gen 9] Random Battle\n|rated|\n|rule|Species Clause: Limit one of each Pok\u00e9mon\n|rule|HP Percentage Mod: HP is shown in percentages\n|rule|Sleep Clause Mod: Limit one foe put to sleep\n|rule|Illusion Level Mod: Illusion disguises the Pok\u00e9mon's true level\n|\n|t:|1781455821\n|teamsize|p1|6\n|teamsize|p2|6\n|start\n|switch|p1a: Brute Bonnet|Brute Bonnet, L80|309/309\n|switch|p2a: Grumpig|Grumpig, L92, M|297/297\n|turn|1\n|inactive|Battle timer is ON: inactive players will automatically lose when time's up. (requested by Gmailcom1345)\n|\n|t:|1781455840\n|switch|p2a: Ho-Oh|Ho-Oh, L71|268/268\n|move|p1a: Brute Bonnet|Crunch|p2a: Ho-Oh\n|-damage|p2a: Ho-Oh|163/268\n|\n|upkeep\n|turn|2\n|\n|t:|1781455849\n|-end|p1a: Brute Bonnet|Protosynthesis|[silent]\n|switch|p1a: Incineroar|Incineroar, L82, F|290/290\n|-ability|p1a: Incineroar|Intimidate|boost\n|-unboost|p2a: Ho-Oh|atk|1\n|move|p2a: Ho-Oh|Sacred Fire|p1a: Incineroar\n|-resisted|p1a: Incineroar\n|-damage|p1a: Incineroar|256/290\n|\n|upkeep\n|turn|3\n|\n|t:|1781455872\n|move|p2a: Ho-Oh|Recover|p2a: Ho-Oh\n|-heal|p2a: Ho-Oh|268/268\n|move|p1a: Incineroar|Trailblaze|p2a: Ho-Oh\n|-resisted|p2a: Ho-Oh\n|-damage|p2a: Ho-Oh|257/268\n|-boost|p1a: Incineroar|spe|1\n|\n|upkeep\n|turn|4\n|\n|t:|1781455881\n|move|p1a: Incineroar|Swords Dance|p1a: Incineroar\n|-boost|p1a: Incineroar|atk|2\n|move|p2a: Ho-Oh|Earthquake|p1a: Incineroar\n|-supereffective|p1a: Incineroar\n|-damage|p1a: Incineroar|170/290\n|\n|upkeep\n|turn|5\n|\n|t:|1781455898\n|move|p1a: Incineroar|Knock Off|p2a: Ho-Oh\n|-damage|p2a: Ho-Oh|0 fnt\n|-enditem|p2a: Ho-Oh|Heavy-Duty Boots|[from] move: Knock Off|[of] p1a: Incineroar\n|faint|p2a: Ho-Oh\n|\n|upkeep\n|\n|t:|1781455904\n|switch|p2a: Cobalion|Cobalion, L80|277/277\n|turn|6\n|\n|t:|1781455920\n|-terastallize|p2a: Cobalion|Fighting\n|move|p1a: Incineroar|Flare Blitz|p2a: Cobalion\n|-damage|p2a: Cobalion|72/277\n|-damage|p1a: Incineroar|102/290|[from] Recoil\n|move|p2a: Cobalion|Close Combat|p1a: Incineroar\n|-supereffective|p1a: Incineroar\n|-damage|p1a: Incineroar|0 fnt\n|-unboost|p2a: Cobalion|def|1\n|-unboost|p2a: Cobalion|spd|1\n|faint|p1a: Incineroar\n|-damage|p2a: Cobalion|45/277|[from] item: Life Orb\n|\n|upkeep\n|\n|t:|1781455929\n|switch|p1a: Palafin|Palafin, L77, F|281/281\n|turn|7\n|\n|t:|1781455934\n|switch|p2a: Bellossom|Bellossom, L84, F|263/263\n|move|p1a: Palafin|Jet Punch|p2a: Bellossom\n|-resisted|p2a: Bellossom\n|-damage|p2a: Bellossom|245/263\n|\n|-heal|p2a: Bellossom|261/263|[from] item: Leftovers\n|upkeep\n|turn|8\n|\n|t:|1781455949\n|detailschange|p1a: Palafin|Palafin-Hero, L77, F\n|switch|p1a: Klefki|Klefki, L84, M|233/233\n|move|p2a: Bellossom|Quiver Dance|p2a: Bellossom\n|-boost|p2a: Bellossom|spa|1\n|-boost|p2a: Bellossom|spd|1\n|-boost|p2a: Bellossom|spe|1\n|\n|-heal|p2a: Bellossom|263/263|[from] item: Leftovers\n|upkeep\n|turn|9\n|\n|t:|1781455955\n|switch|p2a: Cobalion|Cobalion, L80, tera:Fighting|45/277\n|move|p1a: Klefki|Thunder Wave|p2a: Cobalion\n|-status|p2a: Cobalion|par\n|\n|upkeep\n|turn|10\n|\n|t:|1781455962\n|move|p1a: Klefki|Play Rough|p2a: Cobalion\n|-supereffective|p2a: Cobalion\n|-damage|p2a: Cobalion|0 fnt\n|faint|p2a: Cobalion\n|\n|upkeep\n|\n|t:|1781455966\n|switch|p2a: Arceus|Arceus-Ground, L70|284/284\n|turn|11\n|\n|t:|1781455987\n|switch|p1a: Palafin|Palafin-Hero, L77, F|281/281\n|-activate|p1a: Palafin|ability: Zero to Hero\n|move|p2a: Arceus|Judgment|p1a: Palafin\n|-damage|p1a: Palafin|154/281\n|\n|-heal|p1a: Palafin|171/281|[from] item: Leftovers\n|upkeep\n|turn|12\n|\n|t:|1781456004\n|switch|p2a: Grumpig|Grumpig, L92, M|297/297\n|move|p1a: Palafin|Wave Crash|p2a: Grumpig\n|-damage|p2a: Grumpig|113/297\n|-damage|p1a: Palafin|110/281|[from] Recoil\n|\n|-heal|p2a: Grumpig|131/297|[from] item: Leftovers\n|-heal|p1a: Palafin|127/281|[from] item: Leftovers\n|upkeep\n|turn|13\n|\n|t:|1781456011\n|switch|p1a: Brute Bonnet|Brute Bonnet, L80|309/309\n|move|p2a: Grumpig|Psyshock|p1a: Brute Bonnet\n|-immune|p1a: Brute Bonnet\n|\n|-heal|p2a: Grumpig|149/297|[from] item: Leftovers\n|upkeep\n|turn|14\n|\n|t:|1781456015\n|move|p2a: Grumpig|Focus Blast|p1a: Brute Bonnet\n|-supereffective|p1a: Brute Bonnet\n|-damage|p1a: Brute Bonnet|123/309\n|move|p1a: Brute Bonnet|Crunch|p2a: Grumpig\n|-supereffective|p2a: Grumpig\n|-damage|p2a: Grumpig|0 fnt\n|faint|p2a: Grumpig\n|\n|-heal|p1a: Brute Bonnet|142/309|[from] item: Leftovers\n|upkeep\n|\n|t:|1781456027\n|switch|p2a: Bellossom|Bellossom, L84, F|263/263\n|turn|15\n|\n|t:|1781456055\n|move|p1a: Brute Bonnet|Crunch|p2a: Bellossom\n|-damage|p2a: Bellossom|173/263\n|move|p2a: Bellossom|Strength Sap|p1a: Brute Bonnet\n|-unboost|p1a: Brute Bonnet|atk|1\n|-heal|p2a: Bellossom|263/263\n|\n|-heal|p1a: Brute Bonnet|161/309|[from] item: Leftovers\n|upkeep\n|turn|16\n|\n|t:|1781456066\n|-end|p1a: Brute Bonnet|Protosynthesis|[silent]\n|switch|p1a: Klefki|Klefki, L84, M|233/233\n|move|p2a: Bellossom|Quiver Dance|p2a: Bellossom\n|-boost|p2a: Bellossom|spa|1\n|-boost|p2a: Bellossom|spd|1\n|-boost|p2a: Bellossom|spe|1\n|\n|upkeep\n|turn|17\n|\n|t:|1781456074\n|move|p1a: Klefki|Thunder Wave|p2a: Bellossom\n|-status|p2a: Bellossom|par\n|move|p2a: Bellossom|Quiver Dance|p2a: Bellossom\n|-boost|p2a: Bellossom|spa|1\n|-boost|p2a: Bellossom|spd|1\n|-boost|p2a: Bellossom|spe|1\n|\n|upkeep\n|turn|18\n|\n|t:|1781456085\n|switch|p1a: Tsareena|Tsareena, L87, F|267/267\n|move|p2a: Bellossom|Quiver Dance|p2a: Bellossom\n|-boost|p2a: Bellossom|spa|1\n|-boost|p2a: Bellossom|spd|1\n|-boost|p2a: Bellossom|spe|1\n|\n|upkeep\n|turn|19\n|\n|t:|1781456091\n|move|p1a: Tsareena|Knock Off|p2a: Bellossom\n|-damage|p2a: Bellossom|143/263 par\n|-enditem|p2a: Bellossom|Leftovers|[from] move: Knock Off|[of] p1a: Tsareena\n|move|p2a: Bellossom|Tera Blast|p1a: Tsareena\n|-damage|p1a: Tsareena|145/267\n|\n|upkeep\n|turn|20\n|inactive|gibbybeast has 120 seconds left.\n|inactive|gibbybeast has 90 seconds left.\n|\n|t:|1781456157\n|move|p1a: Tsareena|Knock Off|p2a: Bellossom\n|-damage|p2a: Bellossom|67/263 par\n|move|p2a: Bellossom|Strength Sap|p1a: Tsareena\n|-unboost|p1a: Tsareena|atk|1\n|-heal|p2a: Bellossom|263/263 par\n|\n|upkeep\n|turn|21\n|inactive|gibbybeast has 90 seconds left.\n|\n|t:|1781456166\n|switch|p1a: Brute Bonnet|Brute Bonnet, L80|161/309\n|move|p2a: Bellossom|Quiver Dance|p2a: Bellossom\n|-boost|p2a: Bellossom|spa|1\n|-boost|p2a: Bellossom|spd|1\n|-boost|p2a: Bellossom|spe|1\n|\n|-heal|p1a: Brute Bonnet|180/309|[from] item: Leftovers\n|upkeep\n|turn|22\n|inactive|gibbybeast has 90 seconds left.\n|\n|t:|1781456189\n|move|p2a: Bellossom|Tera Blast|p1a: Brute Bonnet\n|-damage|p1a: Brute Bonnet|17/309\n|move|p1a: Brute Bonnet|Crunch|p2a: Bellossom\n|-damage|p2a: Bellossom|175/263 par\n|\n|-heal|p1a: Brute Bonnet|36/309|[from] item: Leftovers\n|upkeep\n|turn|23\n|\n|t:|1781456196\n|move|p2a: Bellossom|Strength Sap|p1a: Brute Bonnet\n|-unboost|p1a: Brute Bonnet|atk|1\n|-heal|p2a: Bellossom|263/263 par\n|move|p1a: Brute Bonnet|Crunch|p2a: Bellossom\n|-damage|p2a: Bellossom|206/263 par\n|\n|-heal|p1a: Brute Bonnet|55/309|[from] item: Leftovers\n|upkeep\n|turn|24\n|\n|t:|1781456204\n|move|p2a: Bellossom|Quiver Dance|p2a: Bellossom\n|-boost|p2a: Bellossom|spa|1\n|-boost|p2a: Bellossom|spd|1\n|-boost|p2a: Bellossom|spe|1\n|move|p1a: Brute Bonnet|Crunch|p2a: Bellossom\n|-damage|p2a: Bellossom|146/263 par\n|\n|-heal|p1a: Brute Bonnet|74/309|[from] item: Leftovers\n|upkeep\n|turn|25\n|\n|t:|1781456211\n|move|p2a: Bellossom|Strength Sap|p1a: Brute Bonnet\n|-unboost|p1a: Brute Bonnet|atk|1\n|-heal|p2a: Bellossom|263/263 par\n|move|p1a: Brute Bonnet|Crunch|p2a: Bellossom\n|-damage|p2a: Bellossom|217/263 par\n|\n|-heal|p1a: Brute Bonnet|93/309|[from] item: Leftovers\n|upkeep\n|turn|26\n|\n|t:|1781456215\n|move|p2a: Bellossom|Tera Blast|p1a: Brute Bonnet\n|-damage|p1a: Brute Bonnet|0 fnt\n|faint|p1a: Brute Bonnet\n|-end|p1a: Brute Bonnet|Protosynthesis|[silent]\n|\n|upkeep\n|inactive|gibbybeast has 120 seconds left.\n|c|\u2606gibbybeast|whats a guy gotta do for a para or a defense drop\n|\n|t:|1781456239\n|switch|p1a: Tsareena|Tsareena, L87, F|145/267\n|turn|27\n|\n|t:|1781456267\n|move|p2a: Bellossom|Tera Blast|p1a: Tsareena\n|-damage|p1a: Tsareena|0 fnt\n|faint|p1a: Tsareena\n|\n|upkeep\n|c|\u2606Gmailcom1345|Suck some dick under the bridge\n|c|\u2606Gmailcom1345|Apparently\n|c|\u2606gibbybeast|wow\n|inactive|gibbybeast has 90 seconds left.\n|c|\u2606gibbybeast|this is a kids game\n|\n|t:|1781456298\n|switch|p1a: Porygon2|Porygon2, L81|270/270\n|-ability|p1a: Porygon2|Download|boost\n|-boost|p1a: Porygon2|atk|1\n|turn|28\n|inactive|gibbybeast has 90 seconds left.\n|\n|t:|1781456306\n|-terastallize|p1a: Porygon2|Fighting\n|move|p2a: Bellossom|Giga Drain|p1a: Porygon2\n|-damage|p1a: Porygon2|110/270\n|-heal|p2a: Bellossom|263/263 par|[from] drain|[of] p1a: Porygon2\n|move|p1a: Porygon2|Tera Blast|p2a: Bellossom|[anim] Tera Blast Fighting\n|-damage|p2a: Bellossom|161/263 par\n|\n|upkeep\n|turn|29\n|c|\u2606Gmailcom1345|Oh shit you\u2019re right\n|c|\u2606Gmailcom1345|I mean\n|inactive|Gmailcom1345 has 120 seconds left.\n|c|\u2606Gmailcom1345|Umm give away your favorite ball\n|c|\u2606gibbybeast|there ya go\n|inactive|Gmailcom1345 has 90 seconds left.\n|c|\u2606Gmailcom1345|Or maybe video game\n|c|\u2606Gmailcom1345|Or like miss your friends birthday party\n|inactive|Gmailcom1345 has 60 seconds left.\n|c|\u2606Gmailcom1345|that\u2019s better\n|\n|t:|1781456396\n|move|p2a: Bellossom|Giga Drain|p1a: Porygon2\n|-damage|p1a: Porygon2|0 fnt\n|-heal|p2a: Bellossom|216/263 par|[from] drain|[of] p1a: Porygon2\n|faint|p1a: Porygon2\n|\n|upkeep\n|inactive|gibbybeast has 90 seconds left.\n|\n|t:|1781456415\n|switch|p1a: Klefki|Klefki, L84, M|233/233\n|turn|30\n|\n|t:|1781456419\n|cant|p2a: Bellossom|par\n|move|p1a: Klefki|Play Rough|p2a: Bellossom|[miss]\n|-miss|p1a: Klefki|p2a: Bellossom\n|\n|upkeep\n|turn|31\n|c|\u2606gibbybeast|man\n|\n|t:|1781456426\n|move|p2a: Bellossom|Giga Drain|p1a: Klefki\n|-resisted|p1a: Klefki\n|-damage|p1a: Klefki|92/233\n|-heal|p2a: Bellossom|263/263 par|[from] drain|[of] p1a: Klefki\n|move|p1a: Klefki|Play Rough|p2a: Bellossom\n|-damage|p2a: Bellossom|188/263 par\n|\n|-heal|p1a: Klefki|106/233|[from] item: Leftovers\n|upkeep\n|turn|32\n|c|\u2606Gmailcom1345|Hahahaha\n|\n|t:|1781456434\n|move|p2a: Bellossom|Giga Drain|p1a: Klefki\n|-resisted|p1a: Klefki\n|-damage|p1a: Klefki|0 fnt\n|-heal|p2a: Bellossom|241/263 par|[from] drain|[of] p1a: Klefki\n|faint|p1a: Klefki\n|\n|upkeep\n|c|\u2606Gmailcom1345|That\u2019s humorous\n|\n|t:|1781456440\n|switch|p1a: Palafin|Palafin-Hero, L77, F|127/281\n|turn|33\n|\n|t:|1781456445\n|move|p2a: Bellossom|Quiver Dance|p2a: Bellossom\n|-boost|p2a: Bellossom|spa|1\n|-boost|p2a: Bellossom|spd|1\n|-boost|p2a: Bellossom|spe|1\n|move|p1a: Palafin|Bulk Up|p1a: Palafin\n|-boost|p1a: Palafin|atk|1\n|-boost|p1a: Palafin|def|1\n|\n|-heal|p1a: Palafin|144/281|[from] item: Leftovers\n|upkeep\n|turn|34\n|\n|t:|1781456454\n|move|p2a: Bellossom|Quiver Dance|p2a: Bellossom\n|-boost|p2a: Bellossom|spa|0\n|-boost|p2a: Bellossom|spd|0\n|-boost|p2a: Bellossom|spe|0\n|move|p1a: Palafin|Drain Punch|p2a: Bellossom\n|-damage|p2a: Bellossom|143/263 par\n|-heal|p1a: Palafin|193/281|[from] drain|[of] p2a: Bellossom\n|\n|-heal|p1a: Palafin|210/281|[from] item: Leftovers\n|upkeep\n|turn|35\n|\n|t:|1781456456\n|cant|p2a: Bellossom|par\n|move|p1a: Palafin|Drain Punch|p2a: Bellossom\n|-damage|p2a: Bellossom|41/263 par\n|-heal|p1a: Palafin|261/281|[from] drain|[of] p2a: Bellossom\n|\n|-heal|p1a: Palafin|278/281|[from] item: Leftovers\n|upkeep\n|turn|36\n|\n|t:|1781456459\n|move|p1a: Palafin|Jet Punch|p2a: Bellossom\n|-resisted|p2a: Bellossom\n|-damage|p2a: Bellossom|0 fnt\n|faint|p2a: Bellossom\n|\n|-heal|p1a: Palafin|281/281|[from] item: Leftovers\n|upkeep\n|\n|t:|1781456461\n|switch|p2a: Regirock|Regirock, L83|268/268\n|turn|37\n|\n|t:|1781456466\n|move|p1a: Palafin|Jet Punch|p2a: Regirock\n|-supereffective|p2a: Regirock\n|-damage|p2a: Regirock|130/268\n|move|p2a: Regirock|Curse|p2a: Regirock\n|-unboost|p2a: Regirock|spe|1\n|-boost|p2a: Regirock|atk|1\n|-boost|p2a: Regirock|def|1\n|\n|upkeep\n|turn|38\n|\n|t:|1781456471\n|move|p1a: Palafin|Wave Crash|p2a: Regirock\n|-supereffective|p2a: Regirock\n|-damage|p2a: Regirock|0 fnt\n|faint|p2a: Regirock\n|-damage|p1a: Palafin|238/281|[from] Recoil\n|\n|-heal|p1a: Palafin|255/281|[from] item: Leftovers\n|upkeep\n|\n|t:|1781456474\n|switch|p2a: Arceus|Arceus-Ground, L70|284/284\n|turn|39\n|\n|t:|1781456480\n|move|p2a: Arceus|Calm Mind|p2a: Arceus\n|-boost|p2a: Arceus|spa|1\n|-boost|p2a: Arceus|spd|1\n|move|p1a: Palafin|Wave Crash|p2a: Arceus\n|-supereffective|p2a: Arceus\n|-damage|p2a: Arceus|0 fnt\n|faint|p2a: Arceus\n|-damage|p1a: Palafin|161/281|[from] Recoil\n|\n|win|gibbybeast\n", "inputlog": ">version a8376a258c1d4662feba110a92103f3664a72141\n>start {\"formatid\":\"gen9randombattle\",\"seed\":\"sodium,870cfd3098d65c0e57c6401eb83c8c11\",\"rated\":\"Rated battle\"}\n>player p1 {\"name\":\"gibbybeast\",\"avatar\":\"steven\",\"rating\":1496,\"seed\":\"sodium,695d231baef2fabf6a6bcfd5026b7e7b\"}\n>player p2 {\"name\":\"Gmailcom1345\",\"avatar\":\"266\",\"rating\":1530,\"seed\":\"sodium,1f8b616b2e3dd7a19b2bec74f1e1f070\"}\n>p1 move crunch\n>p2 switch 4\n>p1 switch 6\n>p2 move sacredfire\n>p1 move trailblaze\n>p2 move recover\n>p1 move swordsdance\n>p2 move earthquake\n>p1 move knockoff\n>p2 move earthquake\n>p2 switch 2\n>p1 move flareblitz\n>p2 move closecombat terastallize\n>p1 switch 4\n>p1 move jetpunch\n>p2 switch 6\n>p1 switch 2\n>p2 move quiverdance\n>p1 move thunderwave\n>p2 switch 6\n>p1 move playrough\n>p2 move closecombat\n>p2 switch 5\n>p1 switch 2\n>p2 move judgment\n>p1 move wavecrash\n>p2 switch 4\n>p1 switch 6\n>p2 move psyshock\n>p1 move crunch\n>p2 move focusblast\n>p2 switch 6\n>p1 move crunch\n>p2 move strengthsap\n>p1 switch 2\n>p2 move quiverdance\n>p1 move thunderwave\n>p2 move quiverdance\n>p1 switch 3\n>p2 move quiverdance\n>p1 move knockoff\n>p2 move terablast\n>p1 move knockoff\n>p2 move strengthsap\n>p1 switch 2\n>p2 move quiverdance\n>p1 move crunch\n>p2 move terablast\n>p1 move crunch\n>p2 move strengthsap\n>p1 move crunch\n>p2 move quiverdance\n>p1 move crunch\n>p2 move strengthsap\n>p1 move crunch\n>p2 move terablast\n>chat \u2606gibbybeast|whats a guy gotta do for a para or a defense drop\n>p1 switch 2\n>p1 move highjumpkick\n>p2 move terablast\n>chat \u2606Gmailcom1345|Suck some dick under the bridge\n>chat \u2606Gmailcom1345|Apparently \n>chat \u2606gibbybeast|wow\n>chat \u2606gibbybeast|this is a kids game\n>p1 switch 5\n>p1 move terablast terastallize\n>p2 move gigadrain\n>chat \u2606Gmailcom1345|Oh shit you\u2019re right\n>chat \u2606Gmailcom1345|I mean \n>chat \u2606Gmailcom1345|Umm give away your favorite ball\n>chat \u2606gibbybeast|there ya go\n>chat \u2606Gmailcom1345|Or maybe video game \n>chat \u2606Gmailcom1345|Or like miss your friends birthday party\n>chat \u2606Gmailcom1345|that\u2019s better\n>p1 move terablast\n>p2 move gigadrain\n>p1 switch 3\n>p1 move playrough\n>p2 move gigadrain\n>chat \u2606gibbybeast|man\n>p1 move playrough\n>p2 move gigadrain\n>chat \u2606Gmailcom1345|Hahahaha \n>p1 move playrough\n>p2 move gigadrain\n>chat \u2606Gmailcom1345|That\u2019s humorous \n>p1 switch 6\n>p1 move bulkup\n>p2 move quiverdance\n>p1 move drainpunch\n>p2 move quiverdance\n>p1 move drainpunch\n>p2 move quiverdance\n>p1 move jetpunch\n>p2 move quiverdance\n>p2 switch 3\n>p1 move jetpunch\n>p2 move curse\n>p1 move wavecrash\n>p2 move rest\n>p2 switch 4\n>p1 move wavecrash\n>p2 move calmmind", "uploadtime": 1781456285, "views": 4, "formatid": "gen9randombattle", "rating": null, "private": 0, "password": null}