{"id": "gen9randombattle-2632010376", "format": "[Gen 9] Random Battle", "players": ["Pokeoke", "rrrpppp"], "log": "|j|\u2606Pokeoke\n|j|\u2606rrrpppp\n|t:|1781465622\n|gametype|singles\n|player|p1|Pokeoke|266|2010\n|player|p2|rrrpppp|266|2053\n|gen|9\n|tier|[Gen 9] Random Battle\n|rated|\n|rule|Species Clause: Limit one of each Pok\u00e9mon\n|rule|HP Percentage Mod: HP is shown in percentages\n|rule|Sleep Clause Mod: Limit one foe put to sleep\n|rule|Illusion Level Mod: Illusion disguises the Pok\u00e9mon's true level\n|\n|t:|1781465622\n|teamsize|p1|6\n|teamsize|p2|6\n|start\n|switch|p1a: Arceus|Arceus-Ice, L72|291/291\n|switch|p2a: Oricorio|Oricorio-Sensu, L85, M|266/266\n|turn|1\n|\n|t:|1781465638\n|switch|p2a: Iron Treads|Iron Treads, L77|265/265\n|move|p1a: Arceus|Judgment|p2a: Iron Treads\n|-damage|p2a: Iron Treads|124/265\n|\n|-heal|p2a: Iron Treads|140/265|[from] item: Leftovers\n|upkeep\n|turn|2\n|\n|t:|1781465657\n|move|p1a: Arceus|Earth Power|p2a: Iron Treads\n|-supereffective|p2a: Iron Treads\n|-damage|p2a: Iron Treads|0 fnt\n|faint|p2a: Iron Treads\n|-end|p2a: Iron Treads|Quark Drive|[silent]\n|\n|upkeep\n|\n|t:|1781465667\n|switch|p2a: Hoopa|Hoopa, L85|235/235\n|turn|3\n|\n|t:|1781465682\n|switch|p1a: Cacturne|Cacturne, L92, M|278/278\n|move|p2a: Hoopa|Flamethrower|p1a: Cacturne\n|-supereffective|p1a: Cacturne\n|-damage|p1a: Cacturne|18/278\n|\n|upkeep\n|turn|4\n|\n|t:|1781465694\n|switch|p2a: Pelipper|Pelipper, L86, M|243/243\n|-weather|RainDance|[from] ability: Drizzle|[of] p2a: Pelipper\n|move|p1a: Cacturne|Knock Off|p2a: Pelipper\n|-damage|p2a: Pelipper|70/243\n|-enditem|p2a: Pelipper|Heavy-Duty Boots|[from] move: Knock Off|[of] p1a: Cacturne\n|-damage|p1a: Cacturne|0 fnt|[from] item: Life Orb\n|faint|p1a: Cacturne\n|\n|-weather|RainDance|[upkeep]\n|upkeep\n|\n|t:|1781465713\n|switch|p1a: Pecharunt|Pecharunt, L77|262/262\n|turn|5\n|\n|t:|1781465725\n|move|p1a: Pecharunt|Malignant Chain|p2a: Pelipper\n|-crit|p2a: Pelipper\n|-damage|p2a: Pelipper|0 fnt\n|faint|p2a: Pelipper\n|\n|-weather|RainDance|[upkeep]\n|upkeep\n|\n|t:|1781465738\n|switch|p2a: Hoopa|Hoopa, L85|275/275\n|turn|6\n|\n|t:|1781465762\n|move|p2a: Hoopa|Shadow Ball|p1a: Pecharunt\n|-supereffective|p1a: Pecharunt\n|-damage|p1a: Pecharunt|2/262\n|move|p1a: Pecharunt|Shadow Ball|p2a: Hoopa\n|-supereffective|p2a: Hoopa\n|-crit|p2a: Hoopa\n|-damage|p2a: Hoopa|0 fnt\n|faint|p2a: Hoopa\n|\n|-weather|RainDance|[upkeep]\n|-heal|p1a: Pecharunt|18/262|[from] item: Leftovers\n|upkeep\n|\n|t:|1781465774\n|switch|p2a: Wigglytuff|Wigglytuff, L96, F|235/235\n|turn|7\n|\n|t:|1781465783\n|move|p2a: Wigglytuff|Dark Pulse|p1a: Pecharunt\n|-supereffective|p1a: Pecharunt\n|-damage|p1a: Pecharunt|0 fnt\n|faint|p1a: Pecharunt\n|\n|-weather|RainDance|[upkeep]\n|upkeep\n|\n|t:|1781465803\n|switch|p1a: Tsareena|Tsareena, L87, F|267/267\n|turn|8\n|\n|t:|1781465809\n|switch|p2a: Wigglytuff|Wigglytuff, L96, F|424/424\n|move|p1a: Tsareena|Knock Off|p2a: Wigglytuff\n|-resisted|p2a: Wigglytuff\n|-damage|p2a: Wigglytuff|330/424\n|-enditem|p2a: Wigglytuff|Leftovers|[from] move: Knock Off|[of] p1a: Tsareena\n|\n|-weather|none\n|upkeep\n|turn|9\n|\n|t:|1781465819\n|switch|p1a: Arceus|Arceus-Ice, L72|291/291\n|move|p2a: Wigglytuff|Fire Blast|p1a: Arceus\n|-supereffective|p1a: Arceus\n|-damage|p1a: Arceus|119/291\n|\n|upkeep\n|turn|10\n|\n|t:|1781465826\n|move|p1a: Arceus|Judgment|p2a: Wigglytuff\n|-damage|p2a: Wigglytuff|194/424\n|move|p2a: Wigglytuff|Fire Blast|p1a: Arceus\n|-supereffective|p1a: Arceus\n|-damage|p1a: Arceus|0 fnt\n|faint|p1a: Arceus\n|\n|upkeep\n|\n|t:|1781465828\n|switch|p1a: Tsareena|Tsareena, L87, F|267/267\n|turn|11\n|\n|t:|1781465836\n|move|p2a: Wigglytuff|Protect|p2a: Wigglytuff\n|-singleturn|p2a: Wigglytuff|Protect\n|move|p1a: Tsareena|Triple Axel|p2a: Wigglytuff\n|-activate|p2a: Wigglytuff|move: Protect\n|\n|upkeep\n|turn|12\n|\n|t:|1781465842\n|move|p1a: Tsareena|Triple Axel|p2a: Wigglytuff\n|-damage|p2a: Wigglytuff|159/424\n|-damage|p2a: Wigglytuff|81/424\n|-damage|p2a: Wigglytuff|0 fnt\n|faint|p2a: Wigglytuff\n|-hitcount|p2: Wigglytuff|3\n|\n|upkeep\n|\n|t:|1781465850\n|switch|p2a: Oricorio|Oricorio-Sensu, L85, M|235/235\n|turn|13\n|\n|t:|1781465858\n|move|p2a: Oricorio|Sludge Bomb|p1a: Tsareena\n|-supereffective|p1a: Tsareena\n|-damage|p1a: Tsareena|81/267\n|move|p1a: Tsareena|Triple Axel|p2a: Oricorio\n|-damage|p2a: Oricorio|196/235\n|replace|p2a: Zoroark|Zoroark, L83, M\n|-end|p2a: Zoroark|Illusion\n|-hint|Illusion Level Mod is active, so this Pok\u00e9mon's true level was hidden.\n|-damage|p2a: Zoroark|129/235\n|-damage|p2a: Zoroark|16/235\n|-hitcount|p2a: Zoroark|3\n|\n|upkeep\n|turn|14\n|\n|t:|1781465868\n|move|p2a: Zoroark|Sludge Bomb|p1a: Tsareena\n|-supereffective|p1a: Tsareena\n|-damage|p1a: Tsareena|0 fnt\n|faint|p1a: Tsareena\n|\n|upkeep\n|\n|t:|1781465878\n|switch|p1a: Whiscash|Whiscash, L88, F|337/337\n|turn|15\n|\n|t:|1781465884\n|move|p2a: Zoroark|Sludge Bomb|p1a: Whiscash\n|-resisted|p1a: Whiscash\n|-damage|p1a: Whiscash|277/337\n|move|p1a: Whiscash|Dragon Dance|p1a: Whiscash\n|-boost|p1a: Whiscash|atk|1\n|-boost|p1a: Whiscash|spe|1\n|\n|upkeep\n|turn|16\n|\n|t:|1781465897\n|switch|p2a: Oricorio|Oricorio-Sensu, L85, M|266/266\n|move|p1a: Whiscash|Liquidation|p2a: Oricorio\n|-damage|p2a: Oricorio|79/266\n|-unboost|p2a: Oricorio|def|1\n|-damage|p1a: Whiscash|244/337|[from] item: Life Orb\n|\n|upkeep\n|turn|17\n|\n|t:|1781465906\n|move|p1a: Whiscash|Liquidation|p2a: Oricorio\n|-damage|p2a: Oricorio|0 fnt\n|faint|p2a: Oricorio\n|-damage|p1a: Whiscash|211/337|[from] item: Life Orb\n|\n|upkeep\n|\n|t:|1781465911\n|switch|p2a: Zoroark|Zoroark, L83, M|16/235\n|turn|18\n|\n|t:|1781465933\n|move|p1a: Whiscash|Liquidation|p2a: Zoroark\n|-damage|p2a: Zoroark|0 fnt\n|faint|p2a: Zoroark\n|-damage|p1a: Whiscash|178/337|[from] item: Life Orb\n|\n|win|Pokeoke\n", "uploadtime": 1781465623, "views": 6, "formatid": "gen9randombattle", "rating": null, "private": 0, "password": null}