{"id": "gen9randombattle-2631807550", "format": "[Gen 9] Random Battle", "players": ["ViPa", "duuhhao"], "log": "|j|\u2606ViPa\n|j|\u2606duuhhao\n|t:|1781442566\n|gametype|singles\n|player|p1|ViPa|guitarist|2209\n|player|p2|duuhhao|clair|2197\n|gen|9\n|tier|[Gen 9] Random Battle\n|rated|\n|rule|Species Clause: Limit one of each Pok\u00e9mon\n|rule|HP Percentage Mod: HP is shown in percentages\n|rule|Sleep Clause Mod: Limit one foe put to sleep\n|rule|Illusion Level Mod: Illusion disguises the Pok\u00e9mon's true level\n|\n|t:|1781442566\n|teamsize|p1|6\n|teamsize|p2|6\n|start\n|switch|p1a: Vigoroth|Vigoroth, L85, M|275/275\n|switch|p2a: Drednaw|Drednaw, L81, F|278/278\n|turn|1\n|\n|t:|1781442581\n|switch|p2a: Grumpig|Grumpig, L92, M|297/297\n|move|p1a: Vigoroth|Knock Off|p2a: Grumpig\n|-supereffective|p2a: Grumpig\n|-damage|p2a: Grumpig|145/297\n|-enditem|p2a: Grumpig|Choice Scarf|[from] move: Knock Off|[of] p1a: Vigoroth\n|\n|upkeep\n|turn|2\n|\n|t:|1781442594\n|move|p1a: Vigoroth|Body Slam|p2a: Grumpig\n|-damage|p2a: Grumpig|60/297\n|move|p2a: Grumpig|Focus Blast|p1a: Vigoroth\n|-supereffective|p1a: Vigoroth\n|-damage|p1a: Vigoroth|101/275\n|-unboost|p1a: Vigoroth|spd|1\n|\n|upkeep\n|turn|3\n|\n|t:|1781442601\n|move|p1a: Vigoroth|Knock Off|p2a: Grumpig\n|-supereffective|p2a: Grumpig\n|-damage|p2a: Grumpig|0 fnt\n|faint|p2a: Grumpig\n|\n|upkeep\n|\n|t:|1781442606\n|switch|p2a: Bombirdier|Bombirdier, L85, M|258/258\n|turn|4\n|\n|t:|1781442611\n|move|p1a: Vigoroth|Body Slam|p2a: Bombirdier\n|-damage|p2a: Bombirdier|176/258\n|move|p2a: Bombirdier|Brave Bird|p1a: Vigoroth\n|-damage|p1a: Vigoroth|0 fnt\n|faint|p1a: Vigoroth\n|-damage|p2a: Bombirdier|143/258|[from] Recoil\n|\n|upkeep\n|\n|t:|1781442619\n|switch|p1a: Thundurus|Thundurus-Therian, L80, M|258/258\n|turn|5\n|\n|t:|1781442624\n|switch|p2a: Electivire|Electivire, L84, M|263/263\n|move|p1a: Thundurus|Nasty Plot|p1a: Thundurus\n|-boost|p1a: Thundurus|spa|2\n|\n|upkeep\n|turn|6\n|\n|t:|1781442633\n|move|p1a: Thundurus|Focus Blast|p2a: Electivire\n|-damage|p2a: Electivire|32/263\n|move|p2a: Electivire|Ice Punch|p1a: Thundurus\n|-supereffective|p1a: Thundurus\n|-damage|p1a: Thundurus|60/258\n|-damage|p2a: Electivire|6/263|[from] item: Life Orb\n|\n|upkeep\n|turn|7\n|\n|t:|1781442645\n|move|p2a: Electivire|Ice Punch|p1a: Thundurus\n|-supereffective|p1a: Thundurus\n|-damage|p1a: Thundurus|0 fnt\n|faint|p1a: Thundurus\n|-damage|p2a: Electivire|0 fnt|[from] item: Life Orb\n|faint|p2a: Electivire\n|\n|upkeep\n|\n|t:|1781442656\n|switch|p1a: Spidops|Spidops, L96, M|271/271\n|switch|p2a: Bombirdier|Bombirdier, L85, M|143/258\n|turn|8\n|\n|t:|1781442661\n|move|p2a: Bombirdier|Brave Bird|p1a: Spidops\n|-supereffective|p1a: Spidops\n|-damage|p1a: Spidops|53/271\n|-damage|p2a: Bombirdier|71/258|[from] Recoil\n|move|p1a: Spidops|Sticky Web|p2a: Bombirdier\n|-sidestart|p2: duuhhao|move: Sticky Web\n|\n|upkeep\n|turn|9\n|\n|t:|1781442667\n|move|p2a: Bombirdier|Knock Off|p1a: Spidops\n|-damage|p1a: Spidops|0 fnt\n|-enditem|p1a: Spidops|Heavy-Duty Boots|[from] move: Knock Off|[of] p2a: Bombirdier\n|faint|p1a: Spidops\n|\n|upkeep\n|\n|t:|1781442679\n|switch|p1a: Gyarados|Gyarados, L79, M|280/280\n|-ability|p1a: Gyarados|Intimidate|boost\n|-unboost|p2a: Bombirdier|atk|1\n|turn|10\n|\n|t:|1781442686\n|switch|p2a: Drednaw|Drednaw, L81, F|278/278\n|-activate|p2a: Drednaw|move: Sticky Web\n|-unboost|p2a: Drednaw|spe|1\n|-enditem|p2a: Drednaw|White Herb\n|-clearnegativeboost|p2a: Drednaw|[silent]\n|move|p1a: Gyarados|Dragon Dance|p1a: Gyarados\n|-boost|p1a: Gyarados|atk|1\n|-boost|p1a: Gyarados|spe|1\n|\n|upkeep\n|turn|11\n|\n|t:|1781442697\n|move|p1a: Gyarados|Earthquake|p2a: Drednaw\n|-supereffective|p2a: Drednaw\n|-damage|p2a: Drednaw|36/278\n|move|p2a: Drednaw|Stone Edge|p1a: Gyarados|[miss]\n|-miss|p2a: Drednaw|p1a: Gyarados\n|\n|upkeep\n|turn|12\n|\n|t:|1781442703\n|move|p1a: Gyarados|Waterfall|p2a: Drednaw\n|-damage|p2a: Drednaw|0 fnt\n|faint|p2a: Drednaw\n|\n|upkeep\n|\n|t:|1781442712\n|switch|p2a: Ogerpon|Ogerpon-Wellspring, L76, F|247/247\n|-activate|p2a: Ogerpon|move: Sticky Web\n|-unboost|p2a: Ogerpon|spe|1\n|turn|13\n|\n|t:|1781442722\n|move|p1a: Gyarados|Stone Edge|p2a: Ogerpon\n|-damage|p2a: Ogerpon|115/247\n|move|p2a: Ogerpon|Wood Hammer|p1a: Gyarados\n|-damage|p1a: Gyarados|106/280\n|-damage|p2a: Ogerpon|58/247|[from] Recoil\n|\n|upkeep\n|turn|14\n|\n|t:|1781442731\n|move|p1a: Gyarados|Earthquake|p2a: Ogerpon\n|-resisted|p2a: Ogerpon\n|-damage|p2a: Ogerpon|0 fnt\n|faint|p2a: Ogerpon\n|\n|upkeep\n|\n|t:|1781442736\n|switch|p2a: Donphan|Donphan, L84, M|288/288\n|-activate|p2a: Donphan|move: Sticky Web\n|-unboost|p2a: Donphan|spe|1\n|turn|15\n|\n|t:|1781442742\n|-terastallize|p2a: Donphan|Steel\n|move|p1a: Gyarados|Waterfall|p2a: Donphan\n|-damage|p2a: Donphan|182/288\n|move|p2a: Donphan|Ice Spinner|p1a: Gyarados\n|-damage|p1a: Gyarados|30/280\n|\n|upkeep\n|turn|16\n|-message|duuhhao forfeited.\n|\n|win|ViPa\n", "uploadtime": 1781442567, "views": 3, "formatid": "gen9randombattle", "rating": null, "private": 0, "password": null}