{"id": "gen9randombattle-2631488242", "format": "[Gen 9] Random Battle", "players": ["gangsta spongebob", "Arsenal0394"], "log": "|j|\u2606gangsta spongebob\n|j|\u203dArsenal0394\n|t:|1781391383\n|gametype|singles\n|player|p1|gangsta spongebob|102|1960\n|player|p2|Arsenal0394|169|2001\n|gen|9\n|tier|[Gen 9] Random Battle\n|rated|\n|rule|Species Clause: Limit one of each Pok\u00e9mon\n|rule|HP Percentage Mod: HP is shown in percentages\n|rule|Sleep Clause Mod: Limit one foe put to sleep\n|rule|Illusion Level Mod: Illusion disguises the Pok\u00e9mon's true level\n|\n|t:|1781391383\n|teamsize|p1|6\n|teamsize|p2|6\n|start\n|switch|p1a: Flamigo|Flamigo, L82, M|269/269\n|switch|p2a: Magearna|Magearna, L77|250/250\n|turn|1\n|\n|t:|1781391396\n|switch|p1a: Volcanion|Volcanion, L79|255/255\n|move|p2a: Magearna|Fleur Cannon|p1a: Volcanion\n|-resisted|p1a: Volcanion\n|-damage|p1a: Volcanion|200/255\n|-unboost|p2a: Magearna|spa|2\n|\n|upkeep\n|turn|2\n|\n|t:|1781391404\n|switch|p2a: Altaria|Altaria, L89, M|278/278\n|move|p1a: Volcanion|Flame Charge|p2a: Altaria\n|-resisted|p2a: Altaria\n|-damage|p2a: Altaria|253/278\n|-boost|p1a: Volcanion|spe|1\n|\n|upkeep\n|turn|3\n|\n|t:|1781391413\n|move|p1a: Volcanion|Steam Eruption|p2a: Altaria\n|-resisted|p2a: Altaria\n|-damage|p2a: Altaria|203/278\n|move|p2a: Altaria|Earthquake|p1a: Volcanion\n|-supereffective|p1a: Volcanion\n|-damage|p1a: Volcanion|96/255\n|\n|upkeep\n|turn|4\n|\n|t:|1781391418\n|move|p1a: Volcanion|Steam Eruption|p2a: Altaria\n|-resisted|p2a: Altaria\n|-damage|p2a: Altaria|145/278\n|-status|p2a: Altaria|brn\n|move|p2a: Altaria|Dragon Dance|p2a: Altaria\n|-boost|p2a: Altaria|atk|1\n|-boost|p2a: Altaria|spe|1\n|\n|-damage|p2a: Altaria|128/278 brn|[from] brn\n|upkeep\n|turn|5\n|\n|t:|1781391424\n|switch|p1a: Polteageist|Polteageist-Antique, L78|222/222\n|move|p2a: Altaria|Earthquake|p1a: Polteageist\n|-damage|p1a: Polteageist|164/222\n|\n|-damage|p2a: Altaria|111/278 brn|[from] brn\n|upkeep\n|turn|6\n|inactive|Battle timer is ON: inactive players will automatically lose when time's up. (requested by gangsta spongebob)\n|\n|t:|1781391436\n|-curestatus|p2a: Altaria|brn|[from] ability: Natural Cure|[silent]\n|switch|p2a: Mightyena|Mightyena, L96, F|290/290\n|-ability|p2a: Mightyena|Intimidate|boost\n|-unboost|p1a: Polteageist|atk|1\n|-enditem|p1a: Polteageist|White Herb\n|-clearnegativeboost|p1a: Polteageist|[silent]\n|move|p1a: Polteageist|Shell Smash|p1a: Polteageist\n|-unboost|p1a: Polteageist|def|1\n|-unboost|p1a: Polteageist|spd|1\n|-boost|p1a: Polteageist|atk|2\n|-boost|p1a: Polteageist|spa|2\n|-boost|p1a: Polteageist|spe|2\n|\n|upkeep\n|turn|7\n|\n|t:|1781391449\n|-terastallize|p1a: Polteageist|Fighting\n|move|p1a: Polteageist|Tera Blast|p2a: Mightyena|[anim] Tera Blast Fighting\n|-supereffective|p2a: Mightyena\n|-damage|p2a: Mightyena|0 fnt\n|faint|p2a: Mightyena\n|\n|upkeep\n|\n|t:|1781391458\n|switch|p2a: Magearna|Magearna, L77|250/250\n|turn|8\n|\n|t:|1781391466\n|move|p1a: Polteageist|Shadow Ball|p2a: Magearna\n|-damage|p2a: Magearna|82/250\n|move|p2a: Magearna|Fleur Cannon|p1a: Polteageist\n|-supereffective|p1a: Polteageist\n|-damage|p1a: Polteageist|0 fnt\n|-unboost|p2a: Magearna|spa|2\n|faint|p1a: Polteageist\n|-ability|p2a: Magearna|Soul-Heart|boost\n|-boost|p2a: Magearna|spa|1\n|\n|upkeep\n|\n|t:|1781391470\n|switch|p1a: Blaziken|Blaziken, L76, M|247/247\n|turn|9\n|\n|t:|1781391481\n|move|p1a: Blaziken|Swords Dance|p1a: Blaziken\n|-boost|p1a: Blaziken|atk|2\n|move|p2a: Magearna|Fleur Cannon|p1a: Blaziken\n|-damage|p1a: Blaziken|127/247\n|-unboost|p2a: Magearna|spa|2\n|\n|-ability|p1a: Blaziken|Speed Boost|boost\n|-boost|p1a: Blaziken|spe|1\n|upkeep\n|turn|10\n|\n|t:|1781391488\n|move|p1a: Blaziken|Close Combat|p2a: Magearna\n|-damage|p2a: Magearna|0 fnt\n|-unboost|p1a: Blaziken|def|1\n|-unboost|p1a: Blaziken|spd|1\n|faint|p2a: Magearna\n|-damage|p1a: Blaziken|103/247|[from] item: Life Orb\n|\n|-ability|p1a: Blaziken|Speed Boost|boost\n|-boost|p1a: Blaziken|spe|1\n|upkeep\n|\n|t:|1781391494\n|switch|p2a: Azumarill|Azumarill, L82, M|298/298\n|turn|11\n|\n|t:|1781391502\n|switch|p1a: Volcanion|Volcanion, L79|96/255\n|move|p2a: Azumarill|Play Rough|p1a: Volcanion\n|-resisted|p1a: Volcanion\n|-damage|p1a: Volcanion|27/255\n|\n|upkeep\n|turn|12\n|\n|t:|1781391511\n|switch|p2a: Altaria|Altaria, L89, M|111/278\n|move|p1a: Volcanion|Steam Eruption|p2a: Altaria\n|-resisted|p2a: Altaria\n|-damage|p2a: Altaria|54/278\n|\n|upkeep\n|turn|13\n|\n|t:|1781391517\n|switch|p1a: Crawdaunt|Crawdaunt, L84, M|243/243\n|move|p2a: Altaria|Earthquake|p1a: Crawdaunt\n|-damage|p1a: Crawdaunt|177/243\n|\n|upkeep\n|turn|14\n|\n|t:|1781391520\n|move|p2a: Altaria|Brave Bird|p1a: Crawdaunt\n|-damage|p1a: Crawdaunt|62/243\n|-damage|p2a: Altaria|16/278|[from] Recoil\n|move|p1a: Crawdaunt|Knock Off|p2a: Altaria\n|-damage|p2a: Altaria|0 fnt\n|-enditem|p2a: Altaria|Heavy-Duty Boots|[from] move: Knock Off|[of] p1a: Crawdaunt\n|faint|p2a: Altaria\n|\n|upkeep\n|\n|t:|1781391546\n|switch|p2a: Iron Bundle|Iron Bundle, L78|215/215\n|turn|15\n|\n|t:|1781391557\n|move|p2a: Iron Bundle|Ice Beam|p1a: Crawdaunt\n|-resisted|p1a: Crawdaunt\n|-damage|p1a: Crawdaunt|0 fnt\n|faint|p1a: Crawdaunt\n|\n|upkeep\n|\n|t:|1781391570\n|switch|p1a: Blaziken|Blaziken, L76, M|103/247\n|turn|16\n|\n|t:|1781391579\n|-end|p2a: Iron Bundle|Quark Drive|[silent]\n|switch|p2a: Azumarill|Azumarill, L82, M|298/298\n|switch|p1a: Volcanion|Volcanion, L79|27/255\n|\n|upkeep\n|turn|17\n|-message|gangsta spongebob forfeited.\n|\n|win|Arsenal0394\n", "inputlog": ">version a8376a258c1d4662feba110a92103f3664a72141\n>start {\"formatid\":\"gen9randombattle\",\"seed\":\"sodium,9b7499cfffc0f878abe84b672989b37b\",\"rated\":\"Rated battle\"}\n>player p1 {\"name\":\"gangsta spongebob\",\"avatar\":\"102\",\"rating\":1960,\"seed\":\"sodium,5dcc875b2b475f528677e8fdb93c4ee7\"}\n>player p2 {\"name\":\"Arsenal0394\",\"avatar\":\"169\",\"rating\":2001,\"seed\":\"sodium,d76a44fd5ce2926e7335fc6d39810750\"}\n>p1 switch 4\n>p2 move fleurcannon\n>p1 move flamecharge\n>p2 switch 5\n>p1 move steameruption\n>p2 move earthquake\n>p1 move steameruption\n>p2 move dragondance\n>p1 switch 6\n>p2 move earthquake\n>p1 move shellsmash\n>p2 switch 4\n>p1 move terablast terastallize\n>p2 move crunch\n>p2 switch 5\n>p1 move shadowball\n>p2 move fleurcannon\n>p1 switch 3\n>p1 move swordsdance\n>p2 move fleurcannon\n>p1 move closecombat\n>p2 move fleurcannon\n>p2 switch 6\n>p1 switch 6\n>p2 move playrough\n>p1 move steameruption\n>p2 switch 4\n>p1 switch 2\n>p2 move earthquake\n>p1 move knockoff\n>p2 move bravebird\n>p2 switch 2\n>p1 move knockoff\n>p2 move icebeam\n>p1 switch 6\n>p1 switch 2\n>p2 switch 4\n>forcelose p1", "uploadtime": 1781391385, "views": 5, "formatid": "gen9randombattle", "rating": null, "private": 0, "password": null}