{"id": "gen9randombattle-2631858903", "format": "[Gen 9] Random Battle", "players": ["ChanceUser", "maik2020"], "log": "|j|\u2606ChanceUser\n|j|\u2606maik2020\n|t:|1781449002\n|gametype|singles\n|player|p1|ChanceUser|1|1922\n|player|p2|maik2020|169|1924\n|gen|9\n|tier|[Gen 9] Random Battle\n|rated|\n|rule|Species Clause: Limit one of each Pok\u00e9mon\n|rule|HP Percentage Mod: HP is shown in percentages\n|rule|Sleep Clause Mod: Limit one foe put to sleep\n|rule|Illusion Level Mod: Illusion disguises the Pok\u00e9mon's true level\n|\n|t:|1781449002\n|teamsize|p1|6\n|teamsize|p2|6\n|start\n|switch|p1a: Seviper|Seviper, L93, F|287/287\n|switch|p2a: Ogerpon|Ogerpon-Wellspring, L76, F|247/247\n|turn|1\n|inactive|Battle timer is ON: inactive players will automatically lose when time's up. (requested by maik2020)\n|\n|t:|1781449029\n|switch|p2a: Ursaluna|Ursaluna, L79, M|335/335\n|move|p1a: Seviper|Trailblaze|p2a: Ursaluna\n|-supereffective|p2a: Ursaluna\n|-damage|p2a: Ursaluna|247/335\n|-boost|p1a: Seviper|spe|1\n|\n|-status|p2a: Ursaluna|brn|[from] item: Flame Orb\n|upkeep\n|turn|2\n|\n|t:|1781449036\n|switch|p1a: Zapdos|Zapdos-Galar, L77|265/265\n|move|p2a: Ursaluna|Facade|p1a: Zapdos\n|-damage|p1a: Zapdos|0 fnt\n|faint|p1a: Zapdos\n|\n|-damage|p2a: Ursaluna|227/335 brn|[from] brn\n|upkeep\n|\n|t:|1781449042\n|switch|p1a: Glalie|Glalie, L96, F|309/309\n|turn|3\n|\n|t:|1781449047\n|switch|p2a: Chansey|Chansey, L85, F|564/564\n|move|p1a: Glalie|Freeze-Dry|p2a: Chansey\n|-damage|p2a: Chansey|510/564\n|\n|upkeep\n|turn|4\n|\n|t:|1781449060\n|move|p1a: Glalie|Spikes|p2a: Chansey\n|-sidestart|p2: maik2020|Spikes\n|move|p2a: Chansey|Thunder Wave|p1a: Glalie\n|-status|p1a: Glalie|par\n|\n|upkeep\n|turn|5\n|\n|t:|1781449066\n|switch|p1a: Morpeko|Morpeko, L88, M|245/245\n|move|p2a: Chansey|Stealth Rock|p1a: Morpeko\n|-sidestart|p1: ChanceUser|move: Stealth Rock\n|\n|-formechange|p1a: Morpeko|Morpeko-Hangry||[from] ability: Hunger Switch\n|upkeep\n|turn|6\n|\n|t:|1781449080\n|switch|p2a: Dachsbun|Dachsbun, L92, M|254/254\n|-damage|p2a: Dachsbun|223/254|[from] Spikes\n|move|p1a: Morpeko|Knock Off|p2a: Dachsbun\n|-resisted|p2a: Dachsbun\n|-damage|p2a: Dachsbun|184/254\n|-enditem|p2a: Dachsbun|Leftovers|[from] move: Knock Off|[of] p1a: Morpeko\n|\n|-formechange|p1a: Morpeko|Morpeko||[from] ability: Hunger Switch\n|upkeep\n|turn|7\n|\n|t:|1781449098\n|switch|p1a: Seviper|Seviper, L93, F|287/287\n|-damage|p1a: Seviper|252/287|[from] Stealth Rock\n|move|p2a: Dachsbun|Wish|p2a: Dachsbun\n|\n|-heal|p1a: Seviper|269/287|[from] item: Leftovers\n|upkeep\n|turn|8\n|\n|t:|1781449103\n|switch|p2a: Ursaluna|Ursaluna, L79, M|227/335 brn\n|-damage|p2a: Ursaluna|186/335 brn|[from] Spikes\n|move|p1a: Seviper|Trailblaze|p2a: Ursaluna\n|-supereffective|p2a: Ursaluna\n|-damage|p2a: Ursaluna|106/335 brn\n|-boost|p1a: Seviper|spe|1\n|\n|-heal|p2a: Ursaluna|233/335 brn|[from] move: Wish|[wisher] Dachsbun\n|-heal|p1a: Seviper|286/287|[from] item: Leftovers\n|-damage|p2a: Ursaluna|213/335 brn|[from] brn\n|upkeep\n|turn|9\n|\n|t:|1781449114\n|-terastallize|p1a: Seviper|Grass\n|move|p1a: Seviper|Swords Dance|p1a: Seviper\n|-boost|p1a: Seviper|atk|2\n|move|p2a: Ursaluna|Facade|p1a: Seviper\n|-damage|p1a: Seviper|0 fnt\n|faint|p1a: Seviper\n|\n|-damage|p2a: Ursaluna|193/335 brn|[from] brn\n|upkeep\n|\n|t:|1781449119\n|switch|p1a: Masquerain|Masquerain, L87, M|264/264\n|-ability|p1a: Masquerain|Intimidate|boost\n|-unboost|p2a: Ursaluna|atk|1\n|turn|10\n|\n|t:|1781449131\n|switch|p2a: Chansey|Chansey, L85, F|510/564\n|-damage|p2a: Chansey|440/564|[from] Spikes\n|move|p1a: Masquerain|Sticky Web|p2a: Chansey\n|-sidestart|p2: maik2020|move: Sticky Web\n|\n|upkeep\n|turn|11\n|\n|t:|1781449147\n|switch|p1a: Glalie|Glalie, L96, F|309/309 par\n|move|p2a: Chansey|Seismic Toss|p1a: Glalie\n|-damage|p1a: Glalie|224/309 par\n|\n|upkeep\n|turn|12\n|\n|t:|1781449168\n|switch|p2a: Minun|Minun, L95, F|268/268\n|-damage|p2a: Minun|235/268|[from] Spikes\n|-activate|p2a: Minun|move: Sticky Web\n|-unboost|p2a: Minun|spe|1\n|cant|p1a: Glalie|par\n|\n|upkeep\n|turn|13\n|\n|t:|1781449182\n|move|p2a: Minun|Nasty Plot|p2a: Minun\n|-boost|p2a: Minun|spa|2\n|move|p1a: Glalie|Earthquake|p2a: Minun\n|-supereffective|p2a: Minun\n|-damage|p2a: Minun|25/268\n|\n|upkeep\n|turn|14\n|\n|t:|1781449188\n|move|p2a: Minun|Thunderbolt|p1a: Glalie\n|-damage|p1a: Glalie|0 fnt\n|faint|p1a: Glalie\n|-damage|p2a: Minun|0 fnt|[from] item: Life Orb\n|faint|p2a: Minun\n|\n|upkeep\n|\n|t:|1781449197\n|switch|p2a: Dachsbun|Dachsbun, L92, M|184/254\n|switch|p1a: Masquerain|Masquerain, L87, M|264/264\n|-damage|p2a: Dachsbun|153/254|[from] Spikes\n|-activate|p2a: Dachsbun|move: Sticky Web\n|-unboost|p2a: Dachsbun|spe|1\n|-ability|p1a: Masquerain|Intimidate|boost\n|-unboost|p2a: Dachsbun|atk|1\n|turn|15\n|\n|t:|1781449206\n|move|p1a: Masquerain|Hurricane|p2a: Dachsbun|[miss]\n|-miss|p1a: Masquerain|p2a: Dachsbun\n|move|p2a: Dachsbun|Yawn|p1a: Masquerain\n|-start|p1a: Masquerain|move: Yawn|[of] p2a: Dachsbun\n|\n|upkeep\n|turn|16\n|\n|t:|1781449230\n|switch|p1a: Mismagius|Mismagius, L86, F|243/243\n|-damage|p1a: Mismagius|213/243|[from] Stealth Rock\n|move|p2a: Dachsbun|Wish|p2a: Dachsbun\n|\n|upkeep\n|turn|17\n|\n|t:|1781449236\n|move|p1a: Mismagius|Nasty Plot|p1a: Mismagius\n|-boost|p1a: Mismagius|spa|2\n|move|p2a: Dachsbun|Yawn|p1a: Mismagius\n|-start|p1a: Mismagius|move: Yawn|[of] p2a: Dachsbun\n|\n|-heal|p2a: Dachsbun|254/254|[from] move: Wish|[wisher] Dachsbun\n|upkeep\n|turn|18\n|\n|t:|1781449241\n|switch|p1a: Masquerain|Masquerain, L87, M|264/264\n|-ability|p1a: Masquerain|Intimidate|boost\n|-unboost|p2a: Dachsbun|atk|1\n|move|p2a: Dachsbun|Protect||[still]\n|-fail|p2a: Dachsbun\n|\n|upkeep\n|turn|19\n|\n|t:|1781449245\n|move|p1a: Masquerain|Hurricane|p2a: Dachsbun\n|-damage|p2a: Dachsbun|119/254\n|move|p2a: Dachsbun|Yawn|p1a: Masquerain\n|-start|p1a: Masquerain|move: Yawn|[of] p2a: Dachsbun\n|\n|upkeep\n|turn|20\n|\n|t:|1781449251\n|switch|p1a: Morpeko|Morpeko, L88, M|245/245\n|-damage|p1a: Morpeko|215/245|[from] Stealth Rock\n|move|p2a: Dachsbun|Wish|p2a: Dachsbun\n|\n|-heal|p1a: Morpeko|230/245|[from] item: Leftovers\n|-formechange|p1a: Morpeko|Morpeko-Hangry||[from] ability: Hunger Switch\n|upkeep\n|turn|21\n|\n|t:|1781449262\n|move|p1a: Morpeko|Aura Wheel|p2a: Dachsbun\n|-resisted|p2a: Dachsbun\n|-damage|p2a: Dachsbun|74/254\n|-boost|p1a: Morpeko|spe|1\n|move|p2a: Dachsbun|Play Rough|p1a: Morpeko|[miss]\n|-miss|p2a: Dachsbun|p1a: Morpeko\n|\n|-heal|p2a: Dachsbun|201/254|[from] move: Wish|[wisher] Dachsbun\n|-heal|p1a: Morpeko|245/245|[from] item: Leftovers\n|-formechange|p1a: Morpeko|Morpeko||[from] ability: Hunger Switch\n|upkeep\n|turn|22\n|\n|t:|1781449276\n|switch|p1a: Masquerain|Masquerain, L87, M|264/264\n|-ability|p1a: Masquerain|Intimidate|boost\n|-unboost|p2a: Dachsbun|atk|1\n|move|p2a: Dachsbun|Wish|p2a: Dachsbun\n|\n|upkeep\n|turn|23\n|\n|t:|1781449279\n|move|p1a: Masquerain|Bug Buzz|p2a: Dachsbun\n|-resisted|p2a: Dachsbun\n|-damage|p2a: Dachsbun|150/254\n|move|p2a: Dachsbun|Yawn|p1a: Masquerain\n|-start|p1a: Masquerain|move: Yawn|[of] p2a: Dachsbun\n|\n|-heal|p2a: Dachsbun|254/254|[from] move: Wish|[wisher] Dachsbun\n|upkeep\n|turn|24\n|\n|t:|1781449290\n|move|p1a: Masquerain|Hurricane|p2a: Dachsbun\n|-damage|p2a: Dachsbun|131/254\n|-start|p2a: Dachsbun|confusion\n|-activate|p2a: Dachsbun|confusion\n|move|p2a: Dachsbun|Wish|p2a: Dachsbun\n|\n|-end|p1a: Masquerain|move: Yawn|[silent]\n|-status|p1a: Masquerain|slp\n|upkeep\n|turn|25\n|\n|t:|1781449300\n|switch|p1a: Morpeko|Morpeko, L88, M|245/245\n|-damage|p1a: Morpeko|215/245|[from] Stealth Rock\n|switch|p2a: Ursaluna|Ursaluna, L79, M|193/335 brn\n|-damage|p2a: Ursaluna|152/335 brn|[from] Spikes\n|-activate|p2a: Ursaluna|move: Sticky Web\n|-unboost|p2a: Ursaluna|spe|1\n|\n|-heal|p2a: Ursaluna|279/335 brn|[from] move: Wish|[wisher] Dachsbun\n|-heal|p1a: Morpeko|230/245|[from] item: Leftovers\n|-damage|p2a: Ursaluna|259/335 brn|[from] brn\n|-formechange|p1a: Morpeko|Morpeko-Hangry||[from] ability: Hunger Switch\n|upkeep\n|turn|26\n|\n|t:|1781449317\n|move|p1a: Morpeko|Aura Wheel|p2a: Ursaluna\n|-damage|p2a: Ursaluna|136/335 brn\n|-boost|p1a: Morpeko|spe|1\n|move|p2a: Ursaluna|Facade|p1a: Morpeko\n|-damage|p1a: Morpeko|0 fnt\n|faint|p1a: Morpeko\n|\n|-damage|p2a: Ursaluna|116/335 brn|[from] brn\n|upkeep\n|\n|t:|1781449323\n|switch|p1a: Mismagius|Mismagius, L86, F|213/243\n|-damage|p1a: Mismagius|183/243|[from] Stealth Rock\n|turn|27\n|\n|t:|1781449334\n|switch|p2a: Chansey|Chansey, L85, F|440/564\n|-damage|p2a: Chansey|370/564|[from] Spikes\n|-activate|p2a: Chansey|move: Sticky Web\n|-unboost|p2a: Chansey|spe|1\n|move|p1a: Mismagius|Dazzling Gleam|p2a: Chansey\n|-damage|p2a: Chansey|321/564\n|-damage|p1a: Mismagius|159/243|[from] item: Life Orb\n|\n|upkeep\n|turn|28\n|\n|t:|1781449344\n|switch|p1a: Masquerain|Masquerain, L87, M|264/264 slp\n|-ability|p1a: Masquerain|Intimidate|boost\n|-unboost|p2a: Chansey|atk|1\n|move|p2a: Chansey|Thunder Wave||[still]\n|-fail|p2a: Chansey\n|\n|upkeep\n|turn|29\n|-message|ChanceUser forfeited.\n|\n|win|maik2020\n", "inputlog": ">version a8376a258c1d4662feba110a92103f3664a72141\n>start {\"formatid\":\"gen9randombattle\",\"seed\":\"sodium,fc08ce758fade3cff7311b78a9668342\",\"rated\":\"Rated battle\"}\n>player p1 {\"name\":\"ChanceUser\",\"avatar\":\"1\",\"rating\":1922,\"seed\":\"sodium,312d8f770df49d3f919aaa755bd928f3\"}\n>player p2 {\"name\":\"maik2020\",\"avatar\":\"169\",\"rating\":1924,\"seed\":\"sodium,a891129ed15e95275826c9bf48b65916\"}\n>p1 move trailblaze\n>p2 switch 3\n>p1 switch 3\n>p2 move facade\n>p1 switch 4\n>p1 move freezedry\n>p2 switch 5\n>p1 move spikes\n>p2 move thunderwave\n>p1 switch 2\n>p2 move stealthrock\n>p1 move knockoff\n>p2 switch 2\n>p1 switch 3\n>p2 move wish\n>p1 move trailblaze\n>p2 switch 5\n>p1 move swordsdance terastallize\n>p2 move facade\n>p1 switch 5\n>p1 move stickyweb\n>p2 switch 2\n>p1 switch 2\n>p2 move seismictoss\n>p1 move spikes\n>p2 switch 6\n>p1 move earthquake\n>p2 move nastyplot\n>p1 move freezedry\n>p2 move thunderbolt\n>p1 switch 2\n>p2 switch 5\n>p1 move hurricane\n>p2 move yawn\n>p1 switch 6\n>p2 move wish\n>p1 move nastyplot\n>p2 move yawn\n>p1 switch 6\n>p2 move protect\n>p1 move hurricane\n>p2 move yawn\n>p1 switch 3\n>p2 move wish\n>p1 move aurawheel\n>p2 move playrough\n>p1 switch 3\n>p2 move wish\n>p1 move bugbuzz\n>p2 move yawn\n>p1 move hurricane\n>p2 move wish\n>p1 switch 3\n>p2 switch 2\n>p1 move aurawheel\n>p2 move facade\n>p1 switch 6\n>p1 move dazzlinggleam\n>p2 switch 6\n>p1 switch 3\n>p2 move thunderwave\n>forcelose p1", "uploadtime": 1781449005, "views": 5, "formatid": "gen9randombattle", "rating": null, "private": 0, "password": null}