{"id": "gen9randombattle-2631526569", "format": "[Gen 9] Random Battle", "players": ["46455i", "sondaw"], "log": "|j|\u260646455i\n|j|\u2606sondaw\n|t:|1781396723\n|gametype|singles\n|player|p1|46455i|fisherman-gen4|2142\n|player|p2|sondaw|1|2170\n|gen|9\n|tier|[Gen 9] Random Battle\n|rated|\n|rule|Species Clause: Limit one of each Pok\u00e9mon\n|rule|HP Percentage Mod: HP is shown in percentages\n|rule|Sleep Clause Mod: Limit one foe put to sleep\n|rule|Illusion Level Mod: Illusion disguises the Pok\u00e9mon's true level\n|\n|t:|1781396723\n|teamsize|p1|6\n|teamsize|p2|6\n|start\n|switch|p1a: Urshifu|Urshifu, L74, M|270/270\n|switch|p2a: Vivillon|Vivillon-Jungle, L83, F|268/268\n|turn|1\n|inactive|Battle timer is ON: inactive players will automatically lose when time's up. (requested by sondaw)\n|\n|t:|1781396733\n|move|p2a: Vivillon|Sleep Powder|p1a: Urshifu\n|-status|p1a: Urshifu|slp|[from] move: Sleep Powder\n|cant|p1a: Urshifu|slp\n|\n|upkeep\n|turn|2\n|\n|t:|1781396741\n|switch|p1a: Meowstic|Meowstic, L89, M|277/277\n|move|p2a: Vivillon|Quiver Dance|p2a: Vivillon\n|-boost|p2a: Vivillon|spa|1\n|-boost|p2a: Vivillon|spd|1\n|-boost|p2a: Vivillon|spe|1\n|\n|upkeep\n|turn|3\n|\n|t:|1781396751\n|switch|p2a: Garchomp|Garchomp, L74, M|282/282\n|move|p1a: Meowstic|Thunder Wave|p2a: Garchomp\n|-immune|p2a: Garchomp\n|\n|upkeep\n|turn|4\n|\n|t:|1781396757\n|move|p1a: Meowstic|Alluring Voice|p2a: Garchomp\n|-supereffective|p2a: Garchomp\n|-damage|p2a: Garchomp|162/282\n|move|p2a: Garchomp|Swords Dance|p2a: Garchomp\n|-boost|p2a: Garchomp|atk|2\n|\n|upkeep\n|turn|5\n|\n|t:|1781396768\n|move|p1a: Meowstic|Yawn|p2a: Garchomp\n|-start|p2a: Garchomp|move: Yawn|[of] p1a: Meowstic\n|move|p2a: Garchomp|Scale Shot|p1a: Meowstic\n|-damage|p1a: Meowstic|219/277\n|-damage|p1a: Meowstic|162/277\n|-damage|p1a: Meowstic|111/277\n|-damage|p1a: Meowstic|54/277\n|-hitcount|p1a: Meowstic|4\n|-unboost|p2a: Garchomp|def|1\n|-boost|p2a: Garchomp|spe|1\n|\n|-heal|p1a: Meowstic|71/277|[from] item: Leftovers\n|upkeep\n|turn|6\n|\n|t:|1781396778\n|switch|p1a: Cramorant|Cramorant, L86, M|261/261\n|move|p2a: Garchomp|Scale Shot|p1a: Cramorant\n|-damage|p1a: Cramorant|188/261\n|-damage|p1a: Cramorant|118/261\n|-crit|p1a: Cramorant\n|-damage|p1a: Cramorant|13/261\n|-damage|p1a: Cramorant|0 fnt\n|faint|p1a: Cramorant\n|-hitcount|p1: Cramorant|4\n|-unboost|p2a: Garchomp|def|1\n|-boost|p2a: Garchomp|spe|1\n|\n|-end|p2a: Garchomp|move: Yawn|[silent]\n|-status|p2a: Garchomp|slp\n|upkeep\n|\n|t:|1781396793\n|switch|p1a: Urshifu|Urshifu, L74, M|270/270 slp\n|turn|7\n|-message|46455i forfeited.\n|\n|win|sondaw\n", "uploadtime": 1781396725, "views": 4, "formatid": "gen9randombattle", "rating": null, "private": 0, "password": null}