{"id": "gen9randombattle-2631452439", "format": "[Gen 9] Random Battle", "players": ["wellingtj", "funitoqw"], "log": "|j|\u2606wellingtj\n|j|\u2606funitoqw\n|t:|1781386422\n|gametype|singles\n|player|p1|wellingtj|lusamine-nihilego|1958\n|player|p2|funitoqw|101|1912\n|gen|9\n|tier|[Gen 9] Random Battle\n|rated|\n|rule|Species Clause: Limit one of each Pok\u00e9mon\n|rule|HP Percentage Mod: HP is shown in percentages\n|rule|Sleep Clause Mod: Limit one foe put to sleep\n|rule|Illusion Level Mod: Illusion disguises the Pok\u00e9mon's true level\n|\n|t:|1781386422\n|teamsize|p1|6\n|teamsize|p2|6\n|start\n|switch|p1a: Frosmoth|Frosmoth, L82, F|249/249\n|switch|p2a: Qwilfish|Qwilfish, L86, M|252/252\n|-ability|p2a: Qwilfish|Intimidate|boost\n|-unboost|p1a: Frosmoth|atk|1\n|turn|1\n|inactive|Battle timer is ON: inactive players will automatically lose when time's up. (requested by funitoqw)\n|\n|t:|1781386443\n|switch|p1a: Slowbro|Slowbro-Galar, L87, F|307/307\n|move|p2a: Qwilfish|Spikes|p1a: Slowbro\n|-sidestart|p1: wellingtj|Spikes\n|\n|upkeep\n|turn|2\n|\n|t:|1781386468\n|switch|p2a: Mandibuzz|Mandibuzz, L85, F|326/326\n|move|p1a: Slowbro|Psychic|p2a: Mandibuzz\n|-immune|p2a: Mandibuzz\n|\n|upkeep\n|turn|3\n|\n|t:|1781386481\n|switch|p1a: Zekrom|Zekrom, L71|259/259\n|-damage|p1a: Zekrom|227/259|[from] Spikes\n|-ability|p1a: Zekrom|Teravolt\n|move|p2a: Mandibuzz|Knock Off|p1a: Zekrom\n|-damage|p1a: Zekrom|148/259\n|-enditem|p1a: Zekrom|Leftovers|[from] move: Knock Off|[of] p2a: Mandibuzz\n|\n|upkeep\n|turn|4\n|inactive|funitoqw has 120 seconds left.\n|\n|t:|1781386522\n|move|p2a: Mandibuzz|Toxic|p1a: Zekrom\n|-status|p1a: Zekrom|tox\n|move|p1a: Zekrom|Dragon Dance|p1a: Zekrom\n|-boost|p1a: Zekrom|atk|1\n|-boost|p1a: Zekrom|spe|1\n|\n|-damage|p1a: Zekrom|132/259 tox|[from] psn\n|upkeep\n|turn|5\n|\n|t:|1781386533\n|switch|p2a: Regice|Regice, L88|284/284\n|move|p1a: Zekrom|Bolt Strike|p2a: Regice|[miss]\n|-miss|p1a: Zekrom|p2a: Regice\n|\n|-damage|p1a: Zekrom|100/259 tox|[from] psn\n|upkeep\n|turn|6\n|\n|t:|1781386544\n|move|p1a: Zekrom|Bolt Strike|p2a: Regice|[miss]\n|-miss|p1a: Zekrom|p2a: Regice\n|move|p2a: Regice|Ice Beam|p1a: Zekrom\n|-supereffective|p1a: Zekrom\n|-damage|p1a: Zekrom|0 fnt\n|faint|p1a: Zekrom\n|\n|upkeep\n|c|\u2606funitoqw|im sorry\n|\n|t:|1781386563\n|switch|p1a: Frosmoth|Frosmoth, L82, F|249/249\n|turn|7\n|\n|t:|1781386576\n|-terastallize|p1a: Frosmoth|Ground\n|move|p1a: Frosmoth|Quiver Dance|p1a: Frosmoth\n|-boost|p1a: Frosmoth|spa|1\n|-boost|p1a: Frosmoth|spd|1\n|-boost|p1a: Frosmoth|spe|1\n|move|p2a: Regice|Thunder Wave|p1a: Frosmoth\n|-immune|p1a: Frosmoth\n|\n|upkeep\n|turn|8\n|inactive|funitoqw has 90 seconds left.\n|\n|t:|1781386605\n|move|p1a: Frosmoth|Quiver Dance|p1a: Frosmoth\n|-boost|p1a: Frosmoth|spa|1\n|-boost|p1a: Frosmoth|spd|1\n|-boost|p1a: Frosmoth|spe|1\n|move|p2a: Regice|Ice Beam|p1a: Frosmoth\n|-supereffective|p1a: Frosmoth\n|-damage|p1a: Frosmoth|191/249\n|\n|upkeep\n|turn|9\n|\n|t:|1781386608\n|move|p1a: Frosmoth|Quiver Dance|p1a: Frosmoth\n|-boost|p1a: Frosmoth|spa|1\n|-boost|p1a: Frosmoth|spd|1\n|-boost|p1a: Frosmoth|spe|1\n|move|p2a: Regice|Ice Beam|p1a: Frosmoth\n|-supereffective|p1a: Frosmoth\n|-damage|p1a: Frosmoth|149/249\n|-status|p1a: Frosmoth|frz\n|\n|upkeep\n|turn|10\n|\n|t:|1781386612\n|-curestatus|p1a: Frosmoth|frz|[msg]\n|move|p1a: Frosmoth|Bug Buzz|p2a: Regice\n|-damage|p2a: Regice|146/284\n|move|p2a: Regice|Ice Beam|p1a: Frosmoth\n|-supereffective|p1a: Frosmoth\n|-damage|p1a: Frosmoth|109/249\n|\n|upkeep\n|turn|11\n|\n|t:|1781386620\n|move|p1a: Frosmoth|Quiver Dance|p1a: Frosmoth\n|-boost|p1a: Frosmoth|spa|1\n|-boost|p1a: Frosmoth|spd|1\n|-boost|p1a: Frosmoth|spe|1\n|move|p2a: Regice|Body Press|p1a: Frosmoth\n|-damage|p1a: Frosmoth|16/249\n|\n|upkeep\n|turn|12\n|inactive|funitoqw has 120 seconds left.\n|\n|t:|1781386638\n|move|p1a: Frosmoth|Bug Buzz|p2a: Regice\n|-damage|p2a: Regice|0 fnt\n|faint|p2a: Regice\n|\n|upkeep\n|\n|t:|1781386641\n|switch|p2a: Ditto|Ditto, L87|225/225\n|-transform|p2a: Ditto|p1a: Frosmoth|[from] ability: Imposter\n|-start|p2a: Ditto|typechange|Ice/Bug|[silent]\n|turn|13\n|inactive|funitoqw has 120 seconds left.\n|\n|t:|1781386664\n|move|p2a: Ditto|Ice Beam|p1a: Frosmoth\n|-supereffective|p1a: Frosmoth\n|-damage|p1a: Frosmoth|0 fnt\n|faint|p1a: Frosmoth\n|\n|upkeep\n|\n|t:|1781386671\n|switch|p1a: Phione|Phione, L91|293/293\n|-damage|p1a: Phione|257/293|[from] Spikes\n|turn|14\n|\n|t:|1781386680\n|move|p2a: Ditto|Ice Beam|p1a: Phione\n|-resisted|p1a: Phione\n|-damage|p1a: Phione|80/293\n|move|p1a: Phione|Take Heart|p1a: Phione\n|-boost|p1a: Phione|spa|1\n|-boost|p1a: Phione|spd|1\n|\n|-heal|p1a: Phione|98/293|[from] item: Leftovers\n|upkeep\n|turn|15\n|inactive|funitoqw has 120 seconds left.\n|-message|wellingtj forfeited.\n|\n|win|funitoqw\n", "inputlog": ">version a8376a258c1d4662feba110a92103f3664a72141\n>start {\"formatid\":\"gen9randombattle\",\"seed\":\"sodium,9b4f3b74b041590f0d0ab3104c0fabaa\",\"rated\":\"Rated battle\"}\n>player p1 {\"name\":\"wellingtj\",\"avatar\":\"lusamine-nihilego\",\"rating\":1958,\"seed\":\"sodium,5d9967600386852282f960d7ab7c6010\"}\n>player p2 {\"name\":\"funitoqw\",\"avatar\":\"101\",\"rating\":1912,\"seed\":\"sodium,37340e822be787a4e7e02615e6e6638b\"}\n>p1 switch 4\n>p2 move spikes\n>p1 move psychic\n>p2 switch 5\n>p1 switch 3\n>p2 move knockoff\n>p1 move dragondance\n>p2 move toxic\n>p1 move boltstrike\n>p2 switch 2\n>p1 move boltstrike\n>p2 move icebeam\n>chat \u2606funitoqw|im sorry\n>p1 switch 4\n>p1 move quiverdance terastallize\n>p2 move thunderwave\n>p1 move quiverdance\n>p2 move icebeam\n>p1 move quiverdance\n>p2 move icebeam\n>p1 move bugbuzz\n>p2 move icebeam\n>p1 move quiverdance\n>p2 move bodypress\n>p1 move bugbuzz\n>p2 move thunderbolt\n>p2 switch 4\n>p1 move bugbuzz\n>p2 move icebeam\n>p1 switch 2\n>p1 move takeheart\n>p2 move icebeam\n>forcelose p1", "uploadtime": 1781386425, "views": 5, "formatid": "gen9randombattle", "rating": null, "private": 0, "password": null}