{"id": "gen9randombattle-2631585642", "format": "[Gen 9] Random Battle", "players": ["Shomsnack", "rgrgreger"], "log": "|j|\u203dShomsnack\n|j|\u2606rgrgreger\n|t:|1781404861\n|gametype|singles\n|player|p1|Shomsnack|170|1976\n|player|p2|rgrgreger|zinzolin|1917\n|gen|9\n|tier|[Gen 9] Random Battle\n|rated|\n|rule|Species Clause: Limit one of each Pok\u00e9mon\n|rule|HP Percentage Mod: HP is shown in percentages\n|rule|Sleep Clause Mod: Limit one foe put to sleep\n|rule|Illusion Level Mod: Illusion disguises the Pok\u00e9mon's true level\n|\n|t:|1781404861\n|teamsize|p1|6\n|teamsize|p2|6\n|start\n|switch|p1a: Excadrill|Excadrill, L79, M|303/303\n|switch|p2a: Froslass|Froslass, L87, F|263/263\n|-ability|p1a: Excadrill|Mold Breaker\n|turn|1\n|inactive|Battle timer is ON: inactive players will automatically lose when time's up. (requested by rgrgreger)\n|\n|t:|1781404870\n|move|p2a: Froslass|Will-O-Wisp|p1a: Excadrill\n|-status|p1a: Excadrill|brn\n|move|p1a: Excadrill|Iron Head|p2a: Froslass\n|-supereffective|p2a: Froslass\n|-damage|p2a: Froslass|157/263\n|\n|-damage|p1a: Excadrill|285/303 brn|[from] brn\n|upkeep\n|turn|2\n|\n|t:|1781404874\n|move|p2a: Froslass|Taunt|p1a: Excadrill\n|-start|p1a: Excadrill|move: Taunt\n|move|p1a: Excadrill|Iron Head|p2a: Froslass\n|-supereffective|p2a: Froslass\n|-damage|p2a: Froslass|49/263\n|\n|-damage|p1a: Excadrill|267/303 brn|[from] brn\n|upkeep\n|turn|3\n|\n|t:|1781404877\n|move|p2a: Froslass|Poltergeist|p1a: Excadrill\n|-activate|p1a: Excadrill|move: Poltergeist|Assault Vest\n|-damage|p1a: Excadrill|117/303 brn\n|move|p1a: Excadrill|Iron Head|p2a: Froslass\n|-supereffective|p2a: Froslass\n|-damage|p2a: Froslass|0 fnt\n|faint|p2a: Froslass\n|\n|-damage|p1a: Excadrill|99/303 brn|[from] brn\n|upkeep\n|\n|t:|1781404891\n|switch|p2a: Indeedee|Indeedee, L84, M|238/238\n|-fieldstart|move: Psychic Terrain|[from] ability: Psychic Surge|[of] p2a: Indeedee\n|turn|4\n|\n|t:|1781404895\n|move|p2a: Indeedee|Calm Mind|p2a: Indeedee\n|-boost|p2a: Indeedee|spa|1\n|-boost|p2a: Indeedee|spd|1\n|move|p1a: Excadrill|Earthquake|p2a: Indeedee\n|-damage|p2a: Indeedee|156/238\n|\n|-damage|p1a: Excadrill|81/303 brn|[from] brn\n|-end|p1a: Excadrill|move: Taunt\n|upkeep\n|turn|5\n|\n|t:|1781404901\n|move|p2a: Indeedee|Calm Mind|p2a: Indeedee\n|-boost|p2a: Indeedee|spa|1\n|-boost|p2a: Indeedee|spd|1\n|move|p1a: Excadrill|Earthquake|p2a: Indeedee\n|-damage|p2a: Indeedee|66/238\n|\n|-damage|p1a: Excadrill|63/303 brn|[from] brn\n|upkeep\n|turn|6\n|\n|t:|1781404905\n|move|p2a: Indeedee|Hyper Voice|p1a: Excadrill\n|-resisted|p1a: Excadrill\n|-damage|p1a: Excadrill|0 fnt\n|faint|p1a: Excadrill\n|-damage|p2a: Indeedee|43/238|[from] item: Life Orb\n|\n|upkeep\n|\n|t:|1781404909\n|switch|p1a: Leafeon|Leafeon, L88, M|258/258\n|turn|7\n|\n|t:|1781404911\n|move|p1a: Leafeon|Leaf Blade|p2a: Indeedee\n|-damage|p2a: Indeedee|0 fnt\n|faint|p2a: Indeedee\n|-damage|p1a: Leafeon|233/258|[from] item: Life Orb\n|\n|upkeep\n|\n|t:|1781404914\n|switch|p2a: Toxtricity|Toxtricity, L82, M|257/257\n|turn|8\n|\n|t:|1781404919\n|switch|p1a: Rhydon|Rhydon, L85, F|317/317\n|move|p2a: Toxtricity|Shift Gear|p2a: Toxtricity\n|-boost|p2a: Toxtricity|spe|2\n|-boost|p2a: Toxtricity|atk|1\n|\n|-fieldend|move: Psychic Terrain\n|upkeep\n|turn|9\n|\n|t:|1781404923\n|switch|p2a: Keldeo|Keldeo-Resolute, L79|273/273\n|move|p1a: Rhydon|Earthquake|p2a: Keldeo\n|-damage|p2a: Keldeo|128/273\n|\n|upkeep\n|turn|10\n|\n|t:|1781404931\n|switch|p1a: Poliwrath|Poliwrath, L88, M|302/302\n|move|p2a: Keldeo|Hydro Pump|p1a: Poliwrath\n|-immune|p1a: Poliwrath|[from] ability: Water Absorb\n|\n|upkeep\n|turn|11\n|\n|t:|1781404936\n|switch|p2a: Raging Bolt|Raging Bolt, L78|323/323\n|move|p1a: Poliwrath|Liquidation|p2a: Raging Bolt\n|-resisted|p2a: Raging Bolt\n|-damage|p2a: Raging Bolt|274/323\n|\n|-heal|p2a: Raging Bolt|294/323|[from] item: Leftovers\n|upkeep\n|turn|12\n|\n|t:|1781404944\n|move|p1a: Poliwrath|Drain Punch|p2a: Raging Bolt\n|-crit|p2a: Raging Bolt\n|-damage|p2a: Raging Bolt|149/323\n|move|p2a: Raging Bolt|Calm Mind|p2a: Raging Bolt\n|-boost|p2a: Raging Bolt|spa|1\n|-boost|p2a: Raging Bolt|spd|1\n|\n|-heal|p2a: Raging Bolt|169/323|[from] item: Leftovers\n|upkeep\n|turn|13\n|\n|t:|1781404948\n|switch|p1a: Rhydon|Rhydon, L85, F|317/317\n|move|p2a: Raging Bolt|Draco Meteor|p1a: Rhydon\n|-damage|p1a: Rhydon|77/317\n|-unboost|p2a: Raging Bolt|spa|2\n|\n|-heal|p2a: Raging Bolt|189/323|[from] item: Leftovers\n|upkeep\n|turn|14\n|\n|t:|1781404955\n|move|p2a: Raging Bolt|Draco Meteor|p1a: Rhydon\n|-damage|p1a: Rhydon|0 fnt\n|-unboost|p2a: Raging Bolt|spa|2\n|faint|p1a: Rhydon\n|\n|-heal|p2a: Raging Bolt|209/323|[from] item: Leftovers\n|upkeep\n|\n|t:|1781404961\n|switch|p1a: Leafeon|Leafeon, L88, M|233/258\n|turn|15\n|\n|t:|1781404967\n|-end|p2a: Raging Bolt|Protosynthesis|[silent]\n|switch|p2a: Keldeo|Keldeo-Resolute, L79|128/273\n|move|p1a: Leafeon|Swords Dance|p1a: Leafeon\n|-boost|p1a: Leafeon|atk|2\n|\n|upkeep\n|turn|16\n|\n|t:|1781404971\n|move|p2a: Keldeo|Vacuum Wave|p1a: Leafeon\n|-damage|p1a: Leafeon|148/258\n|move|p1a: Leafeon|Leaf Blade|p2a: Keldeo\n|-supereffective|p2a: Keldeo\n|-damage|p2a: Keldeo|0 fnt\n|faint|p2a: Keldeo\n|-damage|p1a: Leafeon|123/258|[from] item: Life Orb\n|\n|upkeep\n|\n|t:|1781404976\n|switch|p2a: Toxtricity|Toxtricity, L82, M|257/257\n|turn|17\n|\n|t:|1781404978\n|move|p1a: Leafeon|Double-Edge|p2a: Toxtricity\n|-damage|p2a: Toxtricity|0 fnt\n|faint|p2a: Toxtricity\n|-damage|p1a: Leafeon|38/258|[from] Recoil\n|-damage|p1a: Leafeon|13/258|[from] item: Life Orb\n|\n|upkeep\n|\n|t:|1781404984\n|switch|p2a: Dewgong|Dewgong, L94, M|322/322\n|turn|18\n|\n|t:|1781404988\n|move|p1a: Leafeon|Leaf Blade|p2a: Dewgong\n|-supereffective|p2a: Dewgong\n|-crit|p2a: Dewgong\n|-damage|p2a: Dewgong|0 fnt\n|faint|p2a: Dewgong\n|-damage|p1a: Leafeon|0 fnt|[from] item: Life Orb\n|faint|p1a: Leafeon\n|\n|upkeep\n|\n|t:|1781404992\n|switch|p1a: Poliwrath|Poliwrath, L88, M|302/302\n|switch|p2a: Raging Bolt|Raging Bolt, L78|209/323\n|turn|19\n|\n|t:|1781404995\n|switch|p1a: Volbeat|Volbeat, L90, M|263/263\n|-terastallize|p2a: Raging Bolt|Fairy\n|move|p2a: Raging Bolt|Calm Mind|p2a: Raging Bolt\n|-boost|p2a: Raging Bolt|spa|1\n|-boost|p2a: Raging Bolt|spd|1\n|\n|-heal|p2a: Raging Bolt|229/323|[from] item: Leftovers\n|upkeep\n|turn|20\n|\n|t:|1781404998\n|move|p1a: Volbeat|Encore|p2a: Raging Bolt\n|-start|p2a: Raging Bolt|Encore\n|move|p2a: Raging Bolt|Calm Mind|p2a: Raging Bolt\n|-boost|p2a: Raging Bolt|spa|1\n|-boost|p2a: Raging Bolt|spd|1\n|\n|-heal|p2a: Raging Bolt|249/323|[from] item: Leftovers\n|upkeep\n|turn|21\n|-message|rgrgreger forfeited.\n|\n|win|Shomsnack\n", "inputlog": ">version a8376a258c1d4662feba110a92103f3664a72141\n>start {\"formatid\":\"gen9randombattle\",\"seed\":\"sodium,6704a25fc65ce07ef4a0721f5c606d97\",\"rated\":\"Rated battle\"}\n>player p1 {\"name\":\"Shomsnack\",\"avatar\":\"170\",\"rating\":1976,\"seed\":\"sodium,7dc02722e55971f17a9e5f978642e4eb\"}\n>player p2 {\"name\":\"rgrgreger\",\"avatar\":\"zinzolin\",\"rating\":1917,\"seed\":\"sodium,e64d6ce12da32eeb1f0c7b49c6b09c9b\"}\n>p1 move ironhead\n>p2 move willowisp\n>p1 move ironhead\n>p2 move taunt\n>p1 move ironhead\n>p2 move poltergeist\n>p2 switch 3\n>p1 move earthquake\n>p2 move calmmind\n>p1 move earthquake\n>p2 move calmmind\n>p1 move earthquake\n>p2 move hypervoice\n>p1 switch 2\n>p1 move leafblade\n>p2 move expandingforce\n>p2 switch 2\n>p1 switch 6\n>p2 move shiftgear\n>p1 move earthquake\n>p2 switch 5\n>p1 switch 4\n>p2 move hydropump\n>p1 move liquidation\n>p2 switch 4\n>p1 move drainpunch\n>p2 move calmmind\n>p1 switch 4\n>p2 move dracometeor\n>p1 move earthquake\n>p2 move dracometeor\n>p1 switch 6\n>p1 move swordsdance\n>p2 switch 4\n>p1 move leafblade\n>p2 move vacuumwave\n>p2 switch 5\n>p1 move doubleedge\n>p2 move shiftgear\n>p2 switch 6\n>p1 move leafblade\n>p2 move tripleaxel\n>p1 switch 4\n>p2 switch 4\n>p1 switch 5\n>p2 move calmmind terastallize\n>p1 move encore\n>p2 move thunderbolt\n>forcelose p2", "uploadtime": 1781404863, "views": 8, "formatid": "gen9randombattle", "rating": null, "private": 0, "password": null}