{"id": "gen9randombattle-2631639218", "format": "[Gen 9] Random Battle", "players": ["Toxikmilk", "lalalaplant"], "log": "|j|\u2606Toxikmilk\n|j|\u2606lalalaplant\n|t:|1781413036\n|gametype|singles\n|player|p1|Toxikmilk|pokekid|1918\n|player|p2|lalalaplant|101|2010\n|gen|9\n|tier|[Gen 9] Random Battle\n|rated|\n|rule|Species Clause: Limit one of each Pok\u00e9mon\n|rule|HP Percentage Mod: HP is shown in percentages\n|rule|Sleep Clause Mod: Limit one foe put to sleep\n|rule|Illusion Level Mod: Illusion disguises the Pok\u00e9mon's true level\n|\n|t:|1781413036\n|teamsize|p1|6\n|teamsize|p2|6\n|start\n|switch|p1a: Rampardos|Rampardos, L90, F|321/321\n|switch|p2a: Sinistcha|Sinistcha-Masterpiece, L83|254/254\n|turn|1\n|l|\u2606Toxikmilk\n|player|p1|\n|j|\u2606Toxikmilk\n|player|p1|Toxikmilk|pokekid|\n|l|\u2606Toxikmilk\n|player|p1|\n|inactive|Battle timer is ON: inactive players will automatically lose when time's up. (requested by lalalaplant)\n|j|\u2606Toxikmilk\n|inactive|Toxikmilk reconnected and has 150 seconds left.\n|player|p1|Toxikmilk|pokekid|\n|\n|t:|1781413069\n|move|p2a: Sinistcha|Strength Sap|p1a: Rampardos\n|-unboost|p1a: Rampardos|atk|1\n|move|p1a: Rampardos|Fire Punch|p2a: Sinistcha\n|-supereffective|p2a: Sinistcha\n|-damage|p2a: Sinistcha|160/254\n|\n|-heal|p2a: Sinistcha|175/254|[from] item: Leftovers\n|upkeep\n|turn|2\n|\n|t:|1781413087\n|switch|p1a: Flamigo|Flamigo, L82, M|269/269\n|move|p2a: Sinistcha|Matcha Gotcha|p1a: Flamigo\n|-resisted|p1a: Flamigo\n|-damage|p1a: Flamigo|209/269\n|-heal|p2a: Sinistcha|205/254|[from] drain|[of] p1a: Flamigo\n|\n|-heal|p2a: Sinistcha|220/254|[from] item: Leftovers\n|upkeep\n|turn|3\n|\n|t:|1781413100\n|switch|p2a: Sableye|Sableye, L88, M|231/231\n|move|p1a: Flamigo|Swords Dance|p1a: Flamigo\n|-boost|p1a: Flamigo|atk|2\n|\n|upkeep\n|turn|4\n|\n|t:|1781413113\n|switch|p1a: Whiscash|Whiscash, L88, F|337/337\n|move|p2a: Sableye|Encore||[still]\n|-fail|p2a: Sableye\n|\n|upkeep\n|turn|5\n|\n|t:|1781413120\n|move|p2a: Sableye|Will-O-Wisp|p1a: Whiscash\n|-status|p1a: Whiscash|brn\n|move|p1a: Whiscash|Stealth Rock|p2a: Sableye\n|-sidestart|p2: lalalaplant|move: Stealth Rock\n|\n|-damage|p1a: Whiscash|316/337 brn|[from] brn\n|upkeep\n|turn|6\n|\n|t:|1781413129\n|move|p2a: Sableye|Encore|p1a: Whiscash\n|-start|p1a: Whiscash|Encore\n|move|p1a: Whiscash|Stealth Rock||[still]\n|-fail|p1a: Whiscash\n|\n|-heal|p1a: Whiscash|337/337 brn|[from] item: Leftovers\n|-damage|p1a: Whiscash|316/337 brn|[from] brn\n|upkeep\n|turn|7\n|\n|t:|1781413143\n|switch|p1a: Necrozma|Necrozma-Dawn-Wings, L76|272/272\n|move|p2a: Sableye|Knock Off|p1a: Necrozma\n|-supereffective|p1a: Necrozma\n|-damage|p1a: Necrozma|26/272\n|-enditem|p1a: Necrozma|Life Orb|[from] move: Knock Off|[of] p2a: Sableye\n|\n|upkeep\n|turn|8\n|\n|t:|1781413159\n|move|p1a: Necrozma|Moongeist Beam|p2a: Sableye\n|-damage|p2a: Sableye|80/231\n|move|p2a: Sableye|Knock Off|p1a: Necrozma\n|-supereffective|p1a: Necrozma\n|-damage|p1a: Necrozma|0 fnt\n|faint|p1a: Necrozma\n|\n|-heal|p2a: Sableye|94/231|[from] item: Leftovers\n|upkeep\n|\n|t:|1781413172\n|switch|p1a: Groudon|Groudon, L72|263/263\n|-weather|SunnyDay|[from] ability: Drought|[of] p1a: Groudon\n|turn|9\n|\n|t:|1781413202\n|-terastallize|p1a: Groudon|Fire\n|move|p2a: Sableye|Recover|p2a: Sableye\n|-heal|p2a: Sableye|210/231\n|move|p1a: Groudon|Heat Crash|p2a: Sableye\n|-damage|p2a: Sableye|0 fnt\n|faint|p2a: Sableye\n|\n|-weather|SunnyDay|[upkeep]\n|upkeep\n|inactive|lalalaplant has 120 seconds left.\n|\n|t:|1781413215\n|switch|p2a: Terapagos|Terapagos, L77, F|265/265\n|-activate|p2a: Terapagos|ability: Tera Shift\n|detailschange|p2a: Terapagos|Terapagos-Terastal, L77, F\n|-heal|p2a: Terapagos|273/273|[silent]\n|-damage|p2a: Terapagos|239/273|[from] Stealth Rock\n|turn|10\n|inactive|lalalaplant has 120 seconds left.\n|\n|t:|1781413227\n|-terastallize|p2a: Terapagos|Stellar\n|detailschange|p2a: Terapagos|Terapagos-Stellar, L77, F, tera:Stellar\n|-heal|p2a: Terapagos|339/373|[silent]\n|-ability|p2a: Terapagos|Teraform Zero\n|-weather|none\n|move|p2a: Terapagos|Tera Starstorm|p1a: Groudon\n|-supereffective|p1a: Groudon\n|-damage|p1a: Groudon|1/263\n|move|p1a: Groudon|Thunder Wave|p2a: Terapagos\n|-status|p2a: Terapagos|par\n|\n|-heal|p1a: Groudon|17/263|[from] item: Leftovers\n|upkeep\n|turn|11\n|inactive|lalalaplant has 120 seconds left.\n|\n|t:|1781413245\n|switch|p1a: Whiscash|Whiscash, L88, F|316/337 brn\n|move|p2a: Terapagos|Rest|p2a: Terapagos\n|-status|p2a: Terapagos|slp|[from] move: Rest\n|-heal|p2a: Terapagos|373/373 slp|[silent]\n|-enditem|p2a: Terapagos|Chesto Berry|[eat]\n|-curestatus|p2a: Terapagos|slp|[msg]\n|\n|-heal|p1a: Whiscash|337/337 brn|[from] item: Leftovers\n|-damage|p1a: Whiscash|316/337 brn|[from] brn\n|upkeep\n|turn|12\n|\n|t:|1781413258\n|move|p2a: Terapagos|Calm Mind|p2a: Terapagos\n|-boost|p2a: Terapagos|spa|1\n|-boost|p2a: Terapagos|spd|1\n|move|p1a: Whiscash|Spikes|p2a: Terapagos\n|-sidestart|p2: lalalaplant|Spikes\n|\n|-heal|p1a: Whiscash|337/337 brn|[from] item: Leftovers\n|-damage|p1a: Whiscash|316/337 brn|[from] brn\n|upkeep\n|turn|13\n|\n|t:|1781413267\n|switch|p1a: Flamigo|Flamigo, L82, M|209/269\n|move|p2a: Terapagos|Tera Starstorm|p1a: Flamigo\n|-damage|p1a: Flamigo|10/269\n|\n|upkeep\n|turn|14\n|\n|t:|1781413277\n|switch|p2a: Electivire|Electivire, L84, M|263/263\n|-damage|p2a: Electivire|231/263|[from] Stealth Rock\n|-damage|p2a: Electivire|199/263|[from] Spikes\n|move|p1a: Flamigo|Close Combat|p2a: Electivire\n|-damage|p2a: Electivire|0 fnt\n|-unboost|p1a: Flamigo|def|1\n|-unboost|p1a: Flamigo|spd|1\n|faint|p2a: Electivire\n|-damage|p1a: Flamigo|0 fnt|[from] item: Life Orb\n|faint|p1a: Flamigo\n|\n|upkeep\n|\n|t:|1781413303\n|switch|p2a: Terapagos|Terapagos-Stellar, L77, F, tera:Stellar|373/373\n|switch|p1a: Groudon|Groudon, L72, tera:Fire|17/263\n|-damage|p2a: Terapagos|327/373|[from] Stealth Rock\n|-damage|p2a: Terapagos|281/373|[from] Spikes\n|-weather|SunnyDay|[from] ability: Drought|[of] p1a: Groudon\n|turn|15\n|inactive|Toxikmilk has 120 seconds left.\n|\n|t:|1781413320\n|switch|p1a: Armarouge|Armarouge, L80, M|267/267\n|move|p2a: Terapagos|Tera Starstorm|p1a: Armarouge\n|-damage|p1a: Armarouge|139/267\n|\n|-weather|SunnyDay|[upkeep]\n|upkeep\n|turn|16\n|\n|t:|1781413342\n|move|p2a: Terapagos|Tera Starstorm|p1a: Armarouge\n|-damage|p1a: Armarouge|25/267\n|move|p1a: Armarouge|Armor Cannon|p2a: Terapagos\n|-damage|p2a: Terapagos|0 fnt\n|-unboost|p1a: Armarouge|def|1\n|-unboost|p1a: Armarouge|spd|1\n|faint|p2a: Terapagos\n|detailschange|p2: Terapagos|Terapagos, L77, F|[silent]\n|\n|-weather|SunnyDay|[upkeep]\n|upkeep\n|\n|t:|1781413349\n|switch|p2a: Zapdos|Zapdos-Galar, L77, shiny|265/265\n|-damage|p2a: Zapdos|232/265|[from] Stealth Rock\n|turn|17\n|\n|t:|1781413366\n|move|p2a: Zapdos|Close Combat|p1a: Armarouge\n|-resisted|p1a: Armarouge\n|-damage|p1a: Armarouge|0 fnt\n|-unboost|p2a: Zapdos|def|1\n|-unboost|p2a: Zapdos|spd|1\n|faint|p1a: Armarouge\n|\n|-weather|SunnyDay|[upkeep]\n|upkeep\n|\n|t:|1781413374\n|switch|p1a: Whiscash|Whiscash, L88, F|316/337 brn\n|turn|18\n|\n|t:|1781413377\n|switch|p2a: Sinistcha|Sinistcha-Masterpiece, L83|220/254\n|-damage|p2a: Sinistcha|189/254|[from] Stealth Rock\n|-damage|p2a: Sinistcha|158/254|[from] Spikes\n|move|p1a: Whiscash|Ice Beam|p2a: Sinistcha\n|-supereffective|p2a: Sinistcha\n|-damage|p2a: Sinistcha|26/254\n|\n|-weather|SunnyDay|[upkeep]\n|-heal|p2a: Sinistcha|41/254|[from] item: Leftovers\n|-heal|p1a: Whiscash|337/337 brn|[from] item: Leftovers\n|-damage|p1a: Whiscash|316/337 brn|[from] brn\n|upkeep\n|turn|19\n|\n|t:|1781413394\n|switch|p1a: Groudon|Groudon, L72, tera:Fire|17/263\n|move|p2a: Sinistcha|Strength Sap|p1a: Groudon\n|-unboost|p1a: Groudon|atk|1\n|-heal|p2a: Sinistcha|254/254\n|\n|-weather|none\n|-heal|p1a: Groudon|33/263|[from] item: Leftovers\n|upkeep\n|turn|20\n|\n|t:|1781413404\n|move|p1a: Groudon|Thunder Wave|p2a: Sinistcha\n|-status|p2a: Sinistcha|par\n|move|p2a: Sinistcha|Shadow Ball|p1a: Groudon\n|-damage|p1a: Groudon|0 fnt\n|faint|p1a: Groudon\n|\n|upkeep\n|\n|t:|1781413413\n|switch|p1a: Rampardos|Rampardos, L90, F|321/321\n|turn|21\n|\n|t:|1781413417\n|move|p1a: Rampardos|Fire Punch|p2a: Sinistcha\n|-supereffective|p2a: Sinistcha\n|-damage|p2a: Sinistcha|111/254 par\n|move|p2a: Sinistcha|Matcha Gotcha|p1a: Rampardos\n|-supereffective|p1a: Rampardos\n|-damage|p1a: Rampardos|49/321\n|-heal|p2a: Sinistcha|247/254 par|[from] drain|[of] p1a: Rampardos\n|\n|-heal|p2a: Sinistcha|254/254 par|[from] item: Leftovers\n|upkeep\n|turn|22\n|\n|t:|1781413428\n|move|p1a: Rampardos|Fire Punch|p2a: Sinistcha\n|-supereffective|p2a: Sinistcha\n|-damage|p2a: Sinistcha|111/254 par\n|move|p2a: Sinistcha|Matcha Gotcha|p1a: Rampardos\n|-supereffective|p1a: Rampardos\n|-damage|p1a: Rampardos|0 fnt\n|-heal|p2a: Sinistcha|136/254 par|[from] drain|[of] p1a: Rampardos\n|faint|p1a: Rampardos\n|\n|-heal|p2a: Sinistcha|151/254 par|[from] item: Leftovers\n|upkeep\n|-message|Toxikmilk forfeited.\n|\n|win|lalalaplant\n|raw|Toxikmilk's rating: 1918 &rarr; <strong>1903</strong><br />(-15 for losing)\n|raw|lalalaplant's rating: 2010 &rarr; <strong>2025</strong><br />(+15 for winning)\n", "inputlog": ">version a8376a258c1d4662feba110a92103f3664a72141\n>start {\"formatid\":\"gen9randombattle\",\"seed\":\"sodium,e8913456f393684bb8f21655266d7721\",\"rated\":\"Rated battle\"}\n>player p1 {\"name\":\"Toxikmilk\",\"avatar\":\"pokekid\",\"rating\":1918,\"seed\":\"sodium,11458a3222228e84e69aff5069238de6\"}\n>player p2 {\"name\":\"lalalaplant\",\"avatar\":\"101\",\"rating\":2010,\"seed\":\"sodium,2006e6414374c50f3eeb64edd524943d\"}\n>p1 move firepunch\n>p2 move strengthsap\n>p1 switch 6\n>p2 move matchagotcha\n>p1 move swordsdance\n>p2 switch 5\n>p1 switch 2\n>p2 move encore\n>p1 move stealthrock\n>p2 move willowisp\n>p1 move spikes\n>p2 move encore\n>p1 switch 4\n>p2 move knockoff\n>p1 move moongeistbeam\n>p2 move knockoff\n>p1 switch 5\n>p1 move heatcrash terastallize\n>p2 move recover\n>p2 switch 6\n>p1 move thunderwave\n>p2 move terastarstorm terastallize\n>p1 switch 4\n>p2 move rest\n>p1 move spikes\n>p2 move calmmind\n>p1 switch 2\n>p2 move terastarstorm\n>p1 move closecombat\n>p2 switch 4\n>p1 switch 4\n>p2 switch 4\n>p1 switch 3\n>p2 move terastarstorm\n>p1 move armorcannon\n>p2 move terastarstorm\n>p2 switch 2\n>p1 move armorcannon\n>p2 move closecombat\n>p1 switch 2\n>p1 move icebeam\n>p2 switch 5\n>p1 switch 3\n>p2 move strengthsap\n>p1 move thunderwave\n>p2 move shadowball\n>p1 switch 6\n>p1 move firepunch\n>p2 move matchagotcha\n>p1 move firepunch\n>p2 move matchagotcha\n>forcelose p1", "uploadtime": 1781413039, "views": 6, "formatid": "gen9randombattle", "rating": 1903, "private": 0, "password": null}