{"id": "gen9randombattle-2631636420", "format": "[Gen 9] Random Battle", "players": ["randbatsluvr", "kkoll"], "log": "|j|\u2606randbatsluvr\n|j|\u2606kkoll\n|t:|1781412572\n|gametype|singles\n|player|p1|randbatsluvr|265|1223\n|player|p2|kkoll|170|1268\n|gen|9\n|tier|[Gen 9] Random Battle\n|rated|\n|rule|Species Clause: Limit one of each Pok\u00e9mon\n|rule|HP Percentage Mod: HP is shown in percentages\n|rule|Sleep Clause Mod: Limit one foe put to sleep\n|rule|Illusion Level Mod: Illusion disguises the Pok\u00e9mon's true level\n|\n|t:|1781412572\n|teamsize|p1|6\n|teamsize|p2|6\n|start\n|switch|p1a: Keldeo|Keldeo-Resolute, L79|273/273\n|switch|p2a: Arceus|Arceus, L68|276/276\n|turn|1\n|inactive|Battle timer is ON: inactive players will automatically lose when time's up. (requested by randbatsluvr)\n|\n|t:|1781412590\n|switch|p2a: Decidueye|Decidueye, L88, M|281/281\n|move|p1a: Keldeo|Secret Sword|p2a: Decidueye\n|-immune|p2a: Decidueye\n|\n|upkeep\n|turn|2\n|l|\u2606randbatsluvr\n|inactive|randbatsluvr disconnected and has a minute to reconnect!\n|player|p1|\n|\n|t:|1781412602\n|switch|p1a: Leafeon|Leafeon, L88, M|258/258\n|move|p2a: Decidueye|Swords Dance|p2a: Decidueye\n|-boost|p2a: Decidueye|atk|2\n|\n|upkeep\n|turn|3\n|j|\u2606randbatsluvr\n|inactive|randbatsluvr reconnected and has 140 seconds left.\n|player|p1|randbatsluvr|265|\n|inactive|randbatsluvr has 120 seconds left.\n|inactive|kkoll has 120 seconds left.\n|\n|t:|1781412639\n|-terastallize|p1a: Leafeon|Dark\n|move|p1a: Leafeon|Knock Off|p2a: Decidueye\n|-supereffective|p2a: Decidueye\n|-damage|p2a: Decidueye|0 fnt\n|-enditem|p2a: Decidueye|Life Orb|[from] move: Knock Off|[of] p1a: Leafeon\n|faint|p2a: Decidueye\n|-damage|p1a: Leafeon|233/258|[from] item: Life Orb\n|\n|upkeep\n|\n|t:|1781412659\n|switch|p2a: Galvantula|Galvantula, L82, F|249/249\n|turn|4\n|\n|t:|1781412663\n|switch|p1a: Reshiram|Reshiram, L76|277/277\n|-ability|p1a: Reshiram|Turboblaze\n|move|p2a: Galvantula|Sticky Web|p1a: Reshiram\n|-sidestart|p1: randbatsluvr|move: Sticky Web\n|\n|upkeep\n|turn|5\n|\n|t:|1781412678\n|move|p2a: Galvantula|Volt Switch|p1a: Reshiram\n|-resisted|p1a: Reshiram\n|-damage|p1a: Reshiram|249/277\n|\n|t:|1781412690\n|switch|p2a: Golurk|Golurk, L87|297/297|[from] Volt Switch\n|move|p1a: Reshiram|Flare Blitz|p2a: Golurk\n|-damage|p2a: Golurk|174/297\n|-damage|p1a: Reshiram|208/277|[from] Recoil\n|\n|upkeep\n|turn|6\n|\n|t:|1781412700\n|switch|p1a: Leafeon|Leafeon, L88, M, tera:Dark|233/258\n|-activate|p1a: Leafeon|move: Sticky Web\n|-unboost|p1a: Leafeon|spe|1\n|move|p2a: Golurk|Stealth Rock|p1a: Leafeon\n|-sidestart|p1: randbatsluvr|move: Stealth Rock\n|\n|upkeep\n|turn|7\n|\n|t:|1781412713\n|-terastallize|p2a: Golurk|Fighting\n|move|p2a: Golurk|Dynamic Punch|p1a: Leafeon\n|-supereffective|p1a: Leafeon\n|-damage|p1a: Leafeon|0 fnt\n|faint|p1a: Leafeon\n|-damage|p2a: Golurk|145/297|[from] item: Life Orb\n|\n|upkeep\n|\n|t:|1781412717\n|switch|p1a: Carbink|Carbink, L90|236/236\n|-activate|p1a: Carbink|move: Sticky Web\n|-unboost|p1a: Carbink|spe|1\n|-damage|p1a: Carbink|207/236|[from] Stealth Rock\n|turn|8\n|inactive|kkoll has 120 seconds left.\n|\n|t:|1781412726\n|move|p2a: Golurk|Earthquake|p1a: Carbink\n|-supereffective|p1a: Carbink\n|-damage|p1a: Carbink|0 fnt\n|faint|p1a: Carbink\n|-damage|p2a: Golurk|116/297|[from] item: Life Orb\n|\n|upkeep\n|\n|t:|1781412729\n|switch|p1a: Keldeo|Keldeo-Resolute, L79|273/273\n|-activate|p1a: Keldeo|move: Sticky Web\n|-unboost|p1a: Keldeo|spe|1\n|-damage|p1a: Keldeo|256/273|[from] Stealth Rock\n|turn|9\n|\n|t:|1781412740\n|move|p2a: Golurk|Poltergeist|p1a: Keldeo\n|-activate|p1a: Keldeo|move: Poltergeist|Leftovers\n|-damage|p1a: Keldeo|34/273\n|-damage|p2a: Golurk|87/297|[from] item: Life Orb\n|move|p1a: Keldeo|Surf|p2a: Golurk\n|-damage|p2a: Golurk|0 fnt\n|faint|p2a: Golurk\n|\n|-heal|p1a: Keldeo|51/273|[from] item: Leftovers\n|upkeep\n|inactive|kkoll has 120 seconds left.\n|\n|t:|1781412763\n|switch|p2a: Galvantula|Galvantula, L82, F|249/249\n|turn|10\n|\n|t:|1781412766\n|switch|p1a: Reshiram|Reshiram, L76|208/277\n|-ability|p1a: Reshiram|Turboblaze\n|move|p2a: Galvantula|Volt Switch|p1a: Reshiram\n|-resisted|p1a: Reshiram\n|-damage|p1a: Reshiram|179/277\n|inactive|kkoll has 120 seconds left.\n|\n|t:|1781412782\n|switch|p2a: Arceus|Arceus, L68|276/276|[from] Volt Switch\n|\n|upkeep\n|turn|11\n|\n|t:|1781412787\n|move|p2a: Arceus|Earthquake|p1a: Reshiram\n|-supereffective|p1a: Reshiram\n|-damage|p1a: Reshiram|41/277\n|-damage|p2a: Arceus|249/276|[from] item: Life Orb\n|move|p1a: Reshiram|Outrage|p2a: Arceus\n|-damage|p2a: Arceus|135/276\n|\n|upkeep\n|turn|12\n|\n|t:|1781412795\n|move|p2a: Arceus|Earthquake|p1a: Reshiram\n|-supereffective|p1a: Reshiram\n|-damage|p1a: Reshiram|0 fnt\n|faint|p1a: Reshiram\n|-damage|p2a: Arceus|108/276|[from] item: Life Orb\n|\n|upkeep\n|\n|t:|1781412796\n|switch|p1a: Iron Crown|Iron Crown, L78|268/268\n|-activate|p1a: Iron Crown|move: Sticky Web\n|-unboost|p1a: Iron Crown|spe|1\n|-damage|p1a: Iron Crown|252/268|[from] Stealth Rock\n|turn|13\n|\n|t:|1781412807\n|move|p2a: Arceus|Earthquake|p1a: Iron Crown\n|-supereffective|p1a: Iron Crown\n|-damage|p1a: Iron Crown|114/268\n|-damage|p2a: Arceus|81/276|[from] item: Life Orb\n|move|p1a: Iron Crown|Focus Blast|p2a: Arceus|[miss]\n|-miss|p1a: Iron Crown|p2a: Arceus\n|\n|-heal|p1a: Iron Crown|130/268|[from] item: Leftovers\n|upkeep\n|turn|14\n|\n|t:|1781412817\n|-end|p1a: Iron Crown|Quark Drive|[silent]\n|switch|p1a: Vespiquen|Vespiquen, L99, F|299/299\n|-ability|p1a: Vespiquen|Pressure\n|move|p2a: Arceus|Earthquake|p1a: Vespiquen\n|-immune|p1a: Vespiquen\n|\n|upkeep\n|turn|15\n|\n|t:|1781412828\n|move|p2a: Arceus|Recover|p2a: Arceus\n|-heal|p2a: Arceus|219/276\n|move|p1a: Vespiquen|Air Slash|p2a: Arceus\n|-damage|p2a: Arceus|128/276\n|\n|upkeep\n|turn|16\n|\n|t:|1781412838\n|move|p2a: Arceus|Swords Dance|p2a: Arceus\n|-boost|p2a: Arceus|atk|2\n|move|p1a: Vespiquen|Air Slash|p2a: Arceus\n|-damage|p2a: Arceus|38/276\n|\n|upkeep\n|turn|17\n|\n|t:|1781412844\n|move|p2a: Arceus|Recover|p2a: Arceus\n|-heal|p2a: Arceus|176/276\n|move|p1a: Vespiquen|Air Slash|p2a: Arceus\n|-damage|p2a: Arceus|85/276\n|\n|upkeep\n|turn|18\n|\n|t:|1781412850\n|move|p2a: Arceus|Recover|p2a: Arceus\n|-heal|p2a: Arceus|223/276\n|move|p1a: Vespiquen|Air Slash|p2a: Arceus|[miss]\n|-miss|p1a: Vespiquen|p2a: Arceus\n|\n|upkeep\n|turn|19\n|\n|t:|1781412857\n|move|p2a: Arceus|Swords Dance|p2a: Arceus\n|-boost|p2a: Arceus|atk|2\n|move|p1a: Vespiquen|Air Slash|p2a: Arceus\n|-crit|p2a: Arceus\n|-damage|p2a: Arceus|75/276\n|\n|upkeep\n|turn|20\n|\n|t:|1781412864\n|move|p2a: Arceus|Recover|p2a: Arceus\n|-heal|p2a: Arceus|213/276\n|move|p1a: Vespiquen|Air Slash|p2a: Arceus\n|-crit|p2a: Arceus\n|-damage|p2a: Arceus|72/276\n|\n|upkeep\n|turn|21\n|\n|t:|1781412870\n|move|p2a: Arceus|Recover|p2a: Arceus\n|-heal|p2a: Arceus|210/276\n|move|p1a: Vespiquen|Air Slash|p2a: Arceus\n|-damage|p2a: Arceus|126/276\n|\n|upkeep\n|turn|22\n|\n|t:|1781412878\n|move|p2a: Arceus|Recover|p2a: Arceus\n|-heal|p2a: Arceus|264/276\n|move|p1a: Vespiquen|Air Slash|p2a: Arceus\n|-damage|p2a: Arceus|168/276\n|\n|upkeep\n|turn|23\n|\n|t:|1781412886\n|move|p2a: Arceus|Extreme Speed|p1a: Vespiquen\n|-damage|p1a: Vespiquen|87/299\n|-damage|p2a: Arceus|141/276|[from] item: Life Orb\n|move|p1a: Vespiquen|Air Slash|p2a: Arceus\n|-damage|p2a: Arceus|42/276\n|\n|upkeep\n|turn|24\n|\n|t:|1781412896\n|move|p2a: Arceus|Extreme Speed|p1a: Vespiquen\n|-damage|p1a: Vespiquen|0 fnt\n|faint|p1a: Vespiquen\n|-damage|p2a: Arceus|15/276|[from] item: Life Orb\n|\n|upkeep\n|\n|t:|1781412897\n|switch|p1a: Keldeo|Keldeo-Resolute, L79|51/273\n|-activate|p1a: Keldeo|move: Sticky Web\n|-unboost|p1a: Keldeo|spe|1\n|-damage|p1a: Keldeo|34/273|[from] Stealth Rock\n|turn|25\n|\n|t:|1781412907\n|move|p2a: Arceus|Extreme Speed|p1a: Keldeo\n|-damage|p1a: Keldeo|0 fnt\n|faint|p1a: Keldeo\n|-damage|p2a: Arceus|0 fnt|[from] item: Life Orb\n|faint|p2a: Arceus\n|\n|upkeep\n|\n|t:|1781412923\n|switch|p1a: Iron Crown|Iron Crown, L78|130/268\n|switch|p2a: Deoxys|Deoxys-Attack, L72|191/191\n|-ability|p2a: Deoxys|Pressure\n|-activate|p1a: Iron Crown|move: Sticky Web\n|-unboost|p1a: Iron Crown|spe|1\n|-damage|p1a: Iron Crown|114/268|[from] Stealth Rock\n|turn|26\n|\n|t:|1781412937\n|move|p2a: Deoxys|Superpower|p1a: Iron Crown\n|-damage|p1a: Iron Crown|0 fnt\n|-unboost|p2a: Deoxys|atk|1\n|-unboost|p2a: Deoxys|def|1\n|faint|p1a: Iron Crown\n|-end|p1a: Iron Crown|Quark Drive|[silent]\n|-damage|p2a: Deoxys|172/191|[from] item: Life Orb\n|\n|win|kkoll\n|raw|randbatsluvr's rating: 1200 &rarr; <strong>1180</strong><br />(-20 for losing)\n|raw|kkoll's rating: 1268 &rarr; <strong>1288</strong><br />(+20 for winning)\n|l|\u2606randbatsluvr\n|player|p1|\n", "inputlog": ">version a8376a258c1d4662feba110a92103f3664a72141\n>start {\"formatid\":\"gen9randombattle\",\"seed\":\"sodium,1dae068bf8c4c5d649eba052dde155d8\",\"rated\":\"Rated battle\"}\n>player p1 {\"name\":\"randbatsluvr\",\"avatar\":\"265\",\"rating\":1223,\"seed\":\"sodium,7f9f2cf00f48a1e1190271307ae7865d\"}\n>player p2 {\"name\":\"kkoll\",\"avatar\":\"170\",\"rating\":1268,\"seed\":\"sodium,9cd1693e97f4e7fdd907e67377b93922\"}\n>p1 move secretsword\n>p2 switch 5\n>p1 switch 5\n>p2 move swordsdance\n>p1 move knockoff terastallize\n>p2 move poltergeist\n>p2 switch 4\n>p1 switch 2\n>p2 move stickyweb\n>p1 move flareblitz\n>p2 move voltswitch\n>p2 switch 3\n>p1 switch 2\n>p2 move stealthrock\n>p1 move leafblade\n>p2 move dynamicpunch terastallize\n>p1 switch 4\n>p1 move moonblast\n>p2 move earthquake\n>p1 switch 5\n>p1 move surf\n>p2 move poltergeist\n>p2 switch 3\n>p1 switch 2\n>p2 move voltswitch\n>p2 switch 5\n>p1 move outrage\n>p2 move earthquake\n>p1 move outrage\n>p2 move earthquake\n>p1 switch 6\n>p1 move focusblast\n>p2 move earthquake\n>p1 switch 3\n>p2 move earthquake\n>p1 move airslash\n>p2 move recover\n>p1 move airslash\n>p2 move swordsdance\n>p1 move airslash\n>p2 move recover\n>p1 move airslash\n>p2 move recover\n>p1 move airslash\n>p2 move swordsdance\n>p1 move airslash\n>p2 move recover\n>p1 move airslash\n>p2 move recover\n>p1 move airslash\n>p2 move recover\n>p1 move airslash\n>p2 move extremespeed\n>p1 move airslash\n>p2 move extremespeed\n>p1 switch 2\n>p1 move secretsword\n>p2 move extremespeed\n>p1 switch 3\n>p2 switch 2\n>p1 move psyshock\n>p2 move superpower", "uploadtime": 1781412962, "views": 5, "formatid": "gen9randombattle", "rating": 1180, "private": 0, "password": null}