{"id": "gen9randombattle-2631550791", "format": "[Gen 9] Random Battle", "players": ["David07xd", "adri4n10"], "log": "|j|\u2606David07xd\n|j|\u2606adri4n10\n|t:|1781400079\n|gametype|singles\n|player|p1|David07xd|266|\n|player|p2|adri4n10|volkner|\n|gen|9\n|tier|[Gen 9] Random Battle\n|rule|Species Clause: Limit one of each Pok\u00e9mon\n|rule|HP Percentage Mod: HP is shown in percentages\n|rule|Sleep Clause Mod: Limit one foe put to sleep\n|rule|Illusion Level Mod: Illusion disguises the Pok\u00e9mon's true level\n|\n|t:|1781400079\n|teamsize|p1|6\n|teamsize|p2|6\n|start\n|switch|p1a: Braviary|Braviary, L85, M|309/309\n|switch|p2a: Ogerpon|Ogerpon, L80, F|259/259\n|turn|1\n|\n|t:|1781400095\n|move|p2a: Ogerpon|U-turn|p1a: Braviary\n|-resisted|p1a: Braviary\n|-damage|p1a: Braviary|280/309\n|l|\u2606David07xd\n|player|p1|\n|\n|t:|1781400105\n|switch|p2a: Armarouge|Armarouge, L80, M|267/267|[from] U-turn\n|move|p1a: Braviary|Bulk Up|p1a: Braviary\n|-boost|p1a: Braviary|atk|1\n|-boost|p1a: Braviary|def|1\n|\n|upkeep\n|turn|2\n|j|\u2606David07xd\n|player|p1|David07xd|266|\n|\n|t:|1781400133\n|move|p1a: Braviary|Brave Bird|p2a: Armarouge\n|-damage|p2a: Armarouge|51/267\n|-ability|p2a: Armarouge|Weak Armor|boost\n|-unboost|p2a: Armarouge|def|1\n|-boost|p2a: Armarouge|spe|2\n|-damage|p1a: Braviary|209/309|[from] Recoil\n|move|p2a: Armarouge|Armor Cannon|p1a: Braviary\n|-damage|p1a: Braviary|0 fnt\n|-unboost|p2a: Armarouge|def|1\n|-unboost|p2a: Armarouge|spd|1\n|faint|p1a: Braviary\n|\n|upkeep\n|\n|t:|1781400147\n|switch|p1a: Gallade|Gallade, L80, M|240/240\n|turn|3\n|\n|t:|1781400152\n|move|p2a: Armarouge|Armor Cannon|p1a: Gallade\n|-damage|p1a: Gallade|51/240\n|-unboost|p2a: Armarouge|def|1\n|-unboost|p2a: Armarouge|spd|1\n|move|p1a: Gallade|Night Slash|p2a: Armarouge\n|-supereffective|p2a: Armarouge\n|-damage|p2a: Armarouge|0 fnt\n|faint|p2a: Armarouge\n|-damage|p1a: Gallade|27/240|[from] item: Life Orb\n|\n|upkeep\n|\n|t:|1781400161\n|switch|p2a: Corviknight|Corviknight, L80, F|288/288\n|turn|4\n|\n|t:|1781400172\n|switch|p1a: Squawkabilly|Squawkabilly-White, L89, F|291/291\n|move|p2a: Corviknight|Body Press|p1a: Squawkabilly\n|-damage|p1a: Squawkabilly|214/291\n|\n|upkeep\n|turn|5\n|\n|t:|1781400182\n|move|p1a: Squawkabilly|Parting Shot|p2a: Corviknight\n|-ability|p2a: Corviknight|Mirror Armor\n|-unboost|p1a: Squawkabilly|atk|1\n|-ability|p2a: Corviknight|Mirror Armor\n|-unboost|p1a: Squawkabilly|spa|1\n|\n|t:|1781400192\n|switch|p1a: Lilligant|Lilligant, L86, F|261/261|[from] Parting Shot\n|move|p2a: Corviknight|Brave Bird|p1a: Lilligant\n|-supereffective|p1a: Lilligant\n|-damage|p1a: Lilligant|43/261\n|-damage|p2a: Corviknight|216/288|[from] Recoil\n|\n|-heal|p2a: Corviknight|234/288|[from] item: Leftovers\n|upkeep\n|turn|6\n|-message|David07xd forfeited.\n|\n|win|adri4n10\n|l|\u2606David07xd\n|player|p1|\n|c|\u2606adri4n10|uh\n", "inputlog": ">version a8376a258c1d4662feba110a92103f3664a72141\n>start {\"formatid\":\"gen9randombattle\",\"seed\":\"sodium,a2795218d534b7b5eadc30aff98e3368\"}\n>player p1 {\"name\":\"David07xd\",\"avatar\":\"266\",\"rating\":0,\"seed\":\"sodium,f6f27a534db9064d708d98ff5dd7ba6f\"}\n>player p2 {\"name\":\"adri4n10\",\"avatar\":\"volkner\",\"rating\":0,\"seed\":\"sodium,f91ead0b39d9bfde398870f849b9b4fe\"}\n>p1 move bulkup\n>p2 move uturn\n>p2 switch 4\n>p1 move bravebird\n>p2 move armorcannon\n>p1 switch 2\n>p1 move nightslash\n>p2 move armorcannon\n>p2 switch 6\n>p1 switch 3\n>p2 move bodypress\n>p1 move partingshot\n>p2 move bravebird\n>p1 switch 4\n>forcelose p1", "uploadtime": 1781400204, "views": 5, "formatid": "gen9randombattle", "rating": null, "private": 0, "password": null}