{"id": "gen9randombattle-2631437763", "format": "[Gen 9] Random Battle", "players": ["hehehe21", "Floraixen"], "log": "|j|\u2606hehehe21\n|j|\u2606Floraixen\n|t:|1781384621\n|gametype|singles\n|player|p1|hehehe21|169|1102\n|player|p2|Floraixen|169|1101\n|gen|9\n|tier|[Gen 9] Random Battle\n|rated|\n|rule|Species Clause: Limit one of each Pok\u00e9mon\n|rule|HP Percentage Mod: HP is shown in percentages\n|rule|Sleep Clause Mod: Limit one foe put to sleep\n|rule|Illusion Level Mod: Illusion disguises the Pok\u00e9mon's true level\n|\n|t:|1781384621\n|teamsize|p1|6\n|teamsize|p2|6\n|start\n|switch|p1a: Gouging Fire|Gouging Fire, L74|277/277\n|switch|p2a: Politoed|Politoed, L88, F|302/302\n|-weather|RainDance|[from] ability: Drizzle|[of] p2a: Politoed\n|turn|1\n|\n|t:|1781384643\n|-end|p1a: Gouging Fire|Protosynthesis|[silent]\n|switch|p1a: Archaludon|Archaludon, L78, F|268/268\n|move|p2a: Politoed|Weather Ball|p1a: Archaludon\n|-resisted|p1a: Archaludon\n|-damage|p1a: Archaludon|101/268\n|-ability|p1a: Archaludon|Stamina|boost\n|-boost|p1a: Archaludon|def|1\n|\n|-weather|RainDance|[upkeep]\n|-heal|p1a: Archaludon|117/268|[from] item: Leftovers\n|upkeep\n|turn|2\n|inactive|Battle timer is ON: inactive players will automatically lose when time's up. (requested by Floraixen)\n|\n|t:|1781384672\n|move|p1a: Archaludon|Draco Meteor|p2a: Politoed\n|-damage|p2a: Politoed|181/302\n|-unboost|p1a: Archaludon|spa|2\n|move|p2a: Politoed|Weather Ball|p1a: Archaludon\n|-resisted|p1a: Archaludon\n|-damage|p1a: Archaludon|0 fnt\n|faint|p1a: Archaludon\n|\n|-weather|RainDance|[upkeep]\n|upkeep\n|\n|t:|1781384677\n|switch|p1a: Electivire|Electivire, L84, F|263/263\n|turn|3\n|\n|t:|1781384695\n|switch|p2a: Appletun|Appletun, L92, F|352/352\n|move|p1a: Electivire|Bulk Up|p1a: Electivire\n|-boost|p1a: Electivire|atk|1\n|-boost|p1a: Electivire|def|1\n|\n|-weather|RainDance|[upkeep]\n|upkeep\n|turn|4\n|inactive|Floraixen has 120 seconds left.\n|\n|t:|1781384725\n|-terastallize|p2a: Appletun|Steel\n|move|p1a: Electivire|Ice Punch|p2a: Appletun\n|-resisted|p2a: Appletun\n|-crit|p2a: Appletun\n|-damage|p2a: Appletun|308/352\n|-damage|p1a: Electivire|237/263|[from] item: Life Orb\n|move|p2a: Appletun|Dragon Tail|p1a: Electivire\n|-damage|p1a: Electivire|183/263\n|drag|p1a: Quagsire|Quagsire, L84, M|297/297\n|\n|-weather|RainDance|[upkeep]\n|-heal|p2a: Appletun|330/352|[from] item: Leftovers\n|upkeep\n|turn|5\n|inactive|Floraixen has 120 seconds left.\n|\n|t:|1781384737\n|move|p2a: Appletun|Apple Acid|p1a: Quagsire\n|-supereffective|p1a: Quagsire\n|-damage|p1a: Quagsire|0 fnt\n|faint|p1a: Quagsire\n|\n|-weather|none\n|-heal|p2a: Appletun|352/352|[from] item: Leftovers\n|upkeep\n|\n|t:|1781384742\n|switch|p1a: Gouging Fire|Gouging Fire, L74|277/277\n|turn|6\n|inactive|Floraixen has 120 seconds left.\n|inactive|Floraixen has 90 seconds left.\n|\n|t:|1781384815\n|switch|p2a: Grimmsnarl|Grimmsnarl, L83, M|293/293\n|move|p1a: Gouging Fire|Dragon Dance|p1a: Gouging Fire\n|-boost|p1a: Gouging Fire|atk|1\n|-boost|p1a: Gouging Fire|spe|1\n|\n|upkeep\n|turn|7\n|\n|t:|1781384826\n|move|p2a: Grimmsnarl|Reflect|p2a: Grimmsnarl\n|-sidestart|p2: Floraixen|Reflect\n|move|p1a: Gouging Fire|Heat Crash|p2a: Grimmsnarl\n|-damage|p2a: Grimmsnarl|178/293\n|\n|upkeep\n|turn|8\n|\n|t:|1781384839\n|switch|p2a: Politoed|Politoed, L88, F|181/302\n|-weather|RainDance|[from] ability: Drizzle|[of] p2a: Politoed\n|move|p1a: Gouging Fire|Dragon Dance|p1a: Gouging Fire\n|-boost|p1a: Gouging Fire|atk|1\n|-boost|p1a: Gouging Fire|spe|1\n|\n|-weather|RainDance|[upkeep]\n|upkeep\n|turn|9\n|\n|t:|1781384864\n|-terastallize|p1a: Gouging Fire|Fairy\n|move|p1a: Gouging Fire|Heat Crash|p2a: Politoed\n|-resisted|p2a: Politoed\n|-damage|p2a: Politoed|151/302\n|move|p2a: Politoed|Weather Ball|p1a: Gouging Fire\n|-damage|p1a: Gouging Fire|0 fnt\n|faint|p1a: Gouging Fire\n|-end|p1a: Gouging Fire|Protosynthesis|[silent]\n|\n|-weather|RainDance|[upkeep]\n|upkeep\n|\n|t:|1781384873\n|switch|p1a: Electivire|Electivire, L84, F|183/263\n|turn|10\n|inactive|Floraixen has 60 seconds left.\n|\n|t:|1781384901\n|switch|p2a: Wyrdeer|Wyrdeer, L87, M|321/321\n|-ability|p2a: Wyrdeer|Intimidate|boost\n|-unboost|p1a: Electivire|atk|1\n|move|p1a: Electivire|Earthquake|p2a: Wyrdeer\n|-damage|p2a: Wyrdeer|280/321\n|-damage|p1a: Electivire|157/263|[from] item: Life Orb\n|\n|-weather|RainDance|[upkeep]\n|upkeep\n|turn|11\n|inactive|Floraixen has 60 seconds left.\n|\n|t:|1781384915\n|switch|p1a: Lugia|Lugia, L73|275/275\n|move|p2a: Wyrdeer|Earthquake|p1a: Lugia\n|-immune|p1a: Lugia\n|\n|-weather|RainDance|[upkeep]\n|upkeep\n|turn|12\n|inactive|Floraixen has 60 seconds left.\n|\n|t:|1781384929\n|move|p1a: Lugia|Calm Mind|p1a: Lugia\n|-boost|p1a: Lugia|spa|1\n|-boost|p1a: Lugia|spd|1\n|move|p2a: Wyrdeer|Body Slam|p1a: Lugia\n|-damage|p1a: Lugia|235/275\n|\n|-weather|none\n|upkeep\n|turn|13\n|\n|t:|1781384935\n|move|p1a: Lugia|Calm Mind|p1a: Lugia\n|-boost|p1a: Lugia|spa|1\n|-boost|p1a: Lugia|spd|1\n|move|p2a: Wyrdeer|Megahorn|p1a: Lugia\n|-damage|p1a: Lugia|160/275\n|\n|upkeep\n|turn|14\n|\n|t:|1781384948\n|move|p1a: Lugia|Calm Mind|p1a: Lugia\n|-boost|p1a: Lugia|spa|1\n|-boost|p1a: Lugia|spd|1\n|move|p2a: Wyrdeer|Megahorn|p1a: Lugia\n|-damage|p1a: Lugia|86/275\n|\n|-sideend|p2: Floraixen|Reflect\n|upkeep\n|turn|15\n|inactive|Floraixen has 60 seconds left.\n|inactive|Floraixen has 30 seconds left.\n|\n|t:|1781385003\n|move|p1a: Lugia|Recover|p1a: Lugia\n|-heal|p1a: Lugia|224/275\n|move|p2a: Wyrdeer|Megahorn|p1a: Lugia\n|-damage|p1a: Lugia|143/275\n|\n|upkeep\n|turn|16\n|inactive|Floraixen has 30 seconds left.\n|inactive|Floraixen has 20 seconds left.\n|inactive|Floraixen has 15 seconds left.\n|\n|t:|1781385031\n|switch|p2a: Grimmsnarl|Grimmsnarl, L83, M|178/293\n|move|p1a: Lugia|Recover|p1a: Lugia\n|-heal|p1a: Lugia|275/275\n|\n|upkeep\n|turn|17\n|inactive|Floraixen has 25 seconds left this turn.\n|\n|t:|1781385038\n|move|p2a: Grimmsnarl|Light Screen|p2a: Grimmsnarl\n|-sidestart|p2: Floraixen|move: Light Screen\n|move|p1a: Lugia|Aeroblast|p2a: Grimmsnarl\n|-crit|p2a: Grimmsnarl\n|-damage|p2a: Grimmsnarl|0 fnt\n|faint|p2a: Grimmsnarl\n|\n|upkeep\n|inactive|Floraixen has 30 seconds left this turn.\n|inactive|Floraixen has 20 seconds left.\n|inactive|Floraixen has 15 seconds left.\n|inactive|Floraixen has 10 seconds left.\n|\n|t:|1781385062\n|switch|p2a: Glalie|Glalie, L96, M|309/309\n|turn|18\n|inactive|Floraixen has 20 seconds left this turn.\n|\n|t:|1781385073\n|move|p2a: Glalie|Freeze-Dry|p1a: Lugia\n|-supereffective|p1a: Lugia\n|-damage|p1a: Lugia|251/275\n|move|p1a: Lugia|Aeroblast|p2a: Glalie\n|-damage|p2a: Glalie|219/309\n|\n|upkeep\n|turn|19\n|inactive|Floraixen has 30 seconds left this turn.\n|inactive|Floraixen has 20 seconds left.\n|inactive|Floraixen has 15 seconds left.\n|inactive|Floraixen has 10 seconds left.\n|inactive|Floraixen has 5 seconds left.\n|\n|t:|1781385102\n|switch|p2a: Wyrdeer|Wyrdeer, L87, M|280/321\n|-ability|p2a: Wyrdeer|Intimidate|boost\n|-unboost|p1a: Lugia|atk|1\n|move|p1a: Lugia|Calm Mind|p1a: Lugia\n|-boost|p1a: Lugia|spa|1\n|-boost|p1a: Lugia|spd|1\n|\n|upkeep\n|turn|20\n|inactive|Floraixen has 15 seconds left this turn.\n|inactive|Floraixen has 10 seconds left.\n|\n|t:|1781385109\n|move|p1a: Lugia|Aeroblast|p2a: Wyrdeer\n|-damage|p2a: Wyrdeer|201/321\n|move|p2a: Wyrdeer|Body Slam|p1a: Lugia\n|-damage|p1a: Lugia|167/275\n|-status|p1a: Lugia|par\n|\n|upkeep\n|turn|21\n|inactive|Floraixen has 20 seconds left this turn.\n|inactive|Floraixen has 15 seconds left.\n|inactive|Floraixen has 10 seconds left.\n|\n|t:|1781385120\n|switch|p2a: Poliwrath|Poliwrath, L88, F|302/302\n|move|p1a: Lugia|Recover|p1a: Lugia\n|-heal|p1a: Lugia|275/275 par\n|\n|upkeep\n|turn|22\n|inactive|Floraixen has 20 seconds left this turn.\n|\n|t:|1781385125\n|move|p2a: Poliwrath|Knock Off|p1a: Lugia\n|-supereffective|p1a: Lugia\n|-damage|p1a: Lugia|209/275 par\n|-enditem|p1a: Lugia|Heavy-Duty Boots|[from] move: Knock Off|[of] p2a: Poliwrath\n|move|p1a: Lugia|Aeroblast|p2a: Poliwrath\n|-supereffective|p2a: Poliwrath\n|-damage|p2a: Poliwrath|149/302\n|\n|upkeep\n|turn|23\n|inactive|Floraixen has 30 seconds left this turn.\n|inactive|Floraixen has 20 seconds left.\n|\n|t:|1781385136\n|cant|p1a: Lugia|par\n|move|p2a: Poliwrath|Circle Throw|p1a: Lugia\n|-resisted|p1a: Lugia\n|-damage|p1a: Lugia|194/275 par\n|drag|p1a: Hippowdon|Hippowdon, L82, F|311/311\n|-weather|Sandstorm|[from] ability: Sand Stream|[of] p1a: Hippowdon\n|\n|-weather|Sandstorm|[upkeep]\n|-damage|p2a: Poliwrath|131/302|[from] Sandstorm\n|upkeep\n|turn|24\n|inactive|Floraixen has 30 seconds left this turn.\n|\n|t:|1781385150\n|switch|p1a: Electivire|Electivire, L84, F|157/263\n|move|p2a: Poliwrath|Liquidation|p1a: Electivire\n|-damage|p1a: Electivire|31/263\n|\n|-weather|Sandstorm|[upkeep]\n|-damage|p1a: Electivire|15/263|[from] Sandstorm\n|-damage|p2a: Poliwrath|113/302|[from] Sandstorm\n|-sideend|p2: Floraixen|move: Light Screen\n|upkeep\n|turn|25\n|inactive|Floraixen has 30 seconds left.\n|\n|t:|1781385167\n|switch|p2a: Wyrdeer|Wyrdeer, L87, M|201/321\n|-ability|p2a: Wyrdeer|Intimidate|boost\n|-unboost|p1a: Electivire|atk|1\n|move|p1a: Electivire|Earthquake|p2a: Wyrdeer\n|-damage|p2a: Wyrdeer|122/321\n|-damage|p1a: Electivire|0 fnt|[from] item: Life Orb\n|faint|p1a: Electivire\n|\n|-weather|Sandstorm|[upkeep]\n|-damage|p2a: Wyrdeer|102/321|[from] Sandstorm\n|upkeep\n|\n|t:|1781385177\n|switch|p1a: Lugia|Lugia, L73|194/275 par\n|turn|26\n|inactive|Floraixen has 30 seconds left.\n|\n|t:|1781385189\n|switch|p2a: Glalie|Glalie, L96, M|219/309\n|move|p1a: Lugia|Calm Mind|p1a: Lugia\n|-boost|p1a: Lugia|spa|1\n|-boost|p1a: Lugia|spd|1\n|\n|-weather|Sandstorm|[upkeep]\n|-damage|p2a: Glalie|200/309|[from] Sandstorm\n|-damage|p1a: Lugia|177/275 par|[from] Sandstorm\n|upkeep\n|turn|27\n|\n|t:|1781385196\n|move|p2a: Glalie|Taunt|p1a: Lugia\n|-start|p1a: Lugia|move: Taunt\n|cant|p1a: Lugia|move: Taunt|Calm Mind\n|\n|-weather|none\n|upkeep\n|turn|28\n|\n|t:|1781385204\n|move|p2a: Glalie|Freeze-Dry|p1a: Lugia\n|-supereffective|p1a: Lugia\n|-damage|p1a: Lugia|97/275 par\n|cant|p1a: Lugia|par\n|\n|upkeep\n|turn|29\n|\n|t:|1781385209\n|move|p2a: Glalie|Freeze-Dry|p1a: Lugia\n|-supereffective|p1a: Lugia\n|-damage|p1a: Lugia|17/275 par\n|move|p1a: Lugia|Psychic Noise|p2a: Glalie\n|-damage|p2a: Glalie|122/309\n|-start|p2a: Glalie|move: Heal Block\n|\n|-end|p1a: Lugia|move: Taunt\n|upkeep\n|turn|30\n|inactive|Floraixen has 60 seconds left.\n|\n|t:|1781385221\n|move|p2a: Glalie|Freeze-Dry|p1a: Lugia\n|-supereffective|p1a: Lugia\n|-damage|p1a: Lugia|0 fnt\n|faint|p1a: Lugia\n|\n|-end|p2a: Glalie|move: Heal Block\n|upkeep\n|\n|t:|1781385224\n|switch|p1a: Hippowdon|Hippowdon, L82, F|311/311\n|-weather|Sandstorm|[from] ability: Sand Stream|[of] p1a: Hippowdon\n|turn|31\n|\n|t:|1781385231\n|move|p2a: Glalie|Freeze-Dry|p1a: Hippowdon\n|-supereffective|p1a: Hippowdon\n|-damage|p1a: Hippowdon|105/311\n|move|p1a: Hippowdon|Earthquake|p2a: Glalie\n|-damage|p2a: Glalie|17/309\n|\n|-weather|Sandstorm|[upkeep]\n|-damage|p2a: Glalie|0 fnt|[from] Sandstorm\n|faint|p2a: Glalie\n|-heal|p1a: Hippowdon|124/311|[from] item: Leftovers\n|upkeep\n|\n|t:|1781385242\n|switch|p2a: Politoed|Politoed, L88, F|151/302\n|-weather|RainDance|[from] ability: Drizzle|[of] p2a: Politoed\n|turn|32\n|-message|hehehe21 forfeited.\n|\n|win|Floraixen\n|raw|hehehe21's rating: 1102 &rarr; <strong>1077</strong><br />(-25 for losing)\n|raw|Floraixen's rating: 1101 &rarr; <strong>1126</strong><br />(+25 for winning)\n|l|\u2606hehehe21\n|player|p1|\n", "inputlog": ">version a8376a258c1d4662feba110a92103f3664a72141\n>start {\"formatid\":\"gen9randombattle\",\"seed\":\"sodium,f20061df6c6592e628b50d4e0b4fc53b\",\"rated\":\"Rated battle\"}\n>player p1 {\"name\":\"hehehe21\",\"avatar\":\"169\",\"rating\":1102,\"seed\":\"sodium,d92a76e952718becee6236fc43672489\"}\n>player p2 {\"name\":\"Floraixen\",\"avatar\":\"169\",\"rating\":1101,\"seed\":\"sodium,e87732725f42d6663f68d8179fbc5da0\"}\n>p1 switch 2\n>p2 move weatherball\n>p1 move dracometeor\n>p2 move weatherball\n>p1 switch 4\n>p1 move bulkup\n>p2 switch 4\n>p1 move icepunch\n>p2 move dragontail terastallize\n>p1 move earthquake\n>p2 move appleacid\n>p1 switch 2\n>p1 move dragondance\n>p2 switch 6\n>p1 move heatcrash\n>p2 move reflect\n>p1 move dragondance\n>p2 switch 4\n>p1 move heatcrash terastallize\n>p2 move weatherball\n>p1 switch 5\n>p1 move earthquake\n>p2 switch 3\n>p1 switch 6\n>p2 move earthquake\n>p1 move calmmind\n>p2 move bodyslam\n>p1 move calmmind\n>p2 move megahorn\n>p1 move calmmind\n>p2 move megahorn\n>p1 move recover\n>p2 move megahorn\n>p1 move recover\n>p2 switch 4\n>p1 move aeroblast\n>p2 move lightscreen\n>p2 switch 5\n>p1 move aeroblast\n>p2 move freezedry\n>p1 move calmmind\n>p2 switch 4\n>p1 move aeroblast\n>p2 move bodyslam\n>p1 move recover\n>p2 switch 2\n>p1 move aeroblast\n>p2 move knockoff\n>p1 move aeroblast\n>p2 move circlethrow\n>p1 switch 6\n>p2 move liquidation\n>p1 move earthquake\n>p2 switch 2\n>p1 switch 3\n>p1 move calmmind\n>p2 switch 4\n>p1 move calmmind\n>p2 move taunt\n>p1 move psychicnoise\n>p2 move freezedry\n>p1 move psychicnoise\n>p2 move freezedry\n>p1 move aeroblast\n>p2 move freezedry\n>p1 switch 6\n>p1 move earthquake\n>p2 move freezedry\n>p2 switch 3\n>forcelose p1", "uploadtime": 1781385251, "views": 7, "formatid": "gen9randombattle", "rating": 1077, "private": 0, "password": null}