{"id": "gen9randombattle-2631475683", "format": "[Gen 9] Random Battle", "players": ["Muk Muk Goodra", "Fortre"], "log": "|j|\u2606Muk Muk Goodra\n|j|\u2606Fortre\n|t:|1781389549\n|gametype|singles\n|player|p1|Muk Muk Goodra|dawn|1995\n|player|p2|Fortre|1|1982\n|gen|9\n|tier|[Gen 9] Random Battle\n|rated|\n|rule|Species Clause: Limit one of each Pok\u00e9mon\n|rule|HP Percentage Mod: HP is shown in percentages\n|rule|Sleep Clause Mod: Limit one foe put to sleep\n|rule|Illusion Level Mod: Illusion disguises the Pok\u00e9mon's true level\n|\n|t:|1781389549\n|teamsize|p1|6\n|teamsize|p2|6\n|start\n|switch|p1a: Wo-Chien|Wo-Chien, L83|277/277\n|switch|p2a: Glaceon|Glaceon, L94, M|275/275\n|-ability|p1a: Wo-Chien|Tablets of Ruin\n|turn|1\n|inactive|Battle timer is ON: inactive players will automatically lose when time's up. (requested by Muk Muk Goodra)\n|\n|t:|1781389571\n|switch|p1a: Komala|Komala, L88, F|258/258\n|-ability|p1a: Komala|Comatose\n|move|p2a: Glaceon|Freeze-Dry|p1a: Komala\n|-damage|p1a: Komala|191/258\n|\n|upkeep\n|turn|2\n|\n|t:|1781389576\n|move|p2a: Glaceon|Wish|p2a: Glaceon\n|move|p1a: Komala|Knock Off|p2a: Glaceon\n|-damage|p2a: Glaceon|209/275\n|-enditem|p2a: Glaceon|Heavy-Duty Boots|[from] move: Knock Off|[of] p1a: Komala\n|\n|upkeep\n|turn|3\n|\n|t:|1781389583\n|move|p2a: Glaceon|Freeze-Dry|p1a: Komala\n|-damage|p1a: Komala|116/258\n|move|p1a: Komala|Body Slam|p2a: Glaceon\n|-damage|p2a: Glaceon|125/275\n|\n|-heal|p2a: Glaceon|262/275|[from] move: Wish|[wisher] Glaceon\n|upkeep\n|turn|4\n|\n|t:|1781389589\n|move|p2a: Glaceon|Freeze-Dry|p1a: Komala\n|-damage|p1a: Komala|50/258\n|move|p1a: Komala|Body Slam|p2a: Glaceon\n|-damage|p2a: Glaceon|172/275\n|-status|p2a: Glaceon|par\n|\n|upkeep\n|turn|5\n|\n|t:|1781389599\n|move|p1a: Komala|Body Slam|p2a: Glaceon\n|-damage|p2a: Glaceon|88/275 par\n|move|p2a: Glaceon|Freeze-Dry|p1a: Komala\n|-damage|p1a: Komala|0 fnt\n|faint|p1a: Komala\n|\n|upkeep\n|\n|t:|1781389617\n|switch|p1a: Espathra|Espathra, L80, F|283/283\n|turn|6\n|\n|t:|1781389624\n|move|p1a: Espathra|Lumina Crash|p2a: Glaceon\n|-damage|p2a: Glaceon|0 fnt\n|faint|p2a: Glaceon\n|\n|-ability|p1a: Espathra|Speed Boost|boost\n|-boost|p1a: Espathra|spe|1\n|upkeep\n|\n|t:|1781389651\n|switch|p2a: Enamorus|Enamorus-Therian, L83, F|259/259\n|turn|7\n|\n|t:|1781389658\n|move|p1a: Espathra|Lumina Crash|p2a: Enamorus\n|-damage|p2a: Enamorus|141/259\n|-unboost|p2a: Enamorus|spd|2\n|move|p2a: Enamorus|Moonblast|p1a: Espathra\n|-crit|p1a: Espathra\n|-damage|p1a: Espathra|0 fnt\n|faint|p1a: Espathra\n|\n|upkeep\n|c|\u2606Muk Muk Goodra|ahem\n|c|\u2606Muk Muk Goodra|bruh\n|\n|t:|1781389673\n|switch|p1a: Rayquaza|Rayquaza, L72|270/270\n|-ability|p1a: Rayquaza|Air Lock\n|turn|8\n|inactive|Fortre has 120 seconds left.\n|\n|t:|1781389713\n|move|p1a: Rayquaza|Dragon Ascent|p2a: Enamorus\n|-damage|p2a: Enamorus|0 fnt\n|-unboost|p1a: Rayquaza|def|1\n|-unboost|p1a: Rayquaza|spd|1\n|faint|p2a: Enamorus\n|\n|upkeep\n|\n|t:|1781389737\n|switch|p2a: Cetitan|Cetitan, L82, F|412/412\n|turn|9\n|\n|t:|1781389748\n|move|p1a: Rayquaza|Dragon Ascent|p2a: Cetitan\n|-damage|p2a: Cetitan|178/412\n|-unboost|p1a: Rayquaza|def|1\n|-unboost|p1a: Rayquaza|spd|1\n|-enditem|p2a: Cetitan|Sitrus Berry|[eat]\n|-heal|p2a: Cetitan|281/412|[from] item: Sitrus Berry\n|move|p2a: Cetitan|Ice Spinner|p1a: Rayquaza\n|-supereffective|p1a: Rayquaza\n|-damage|p1a: Rayquaza|0 fnt\n|faint|p1a: Rayquaza\n|\n|upkeep\n|\n|t:|1781389766\n|switch|p1a: Uxie|Uxie, L83|260/260\n|turn|10\n|\n|t:|1781389775\n|switch|p2a: Electrode|Electrode-Hisui, L87|246/246\n|move|p1a: Uxie|Thunder Wave|p2a: Electrode\n|-immune|p2a: Electrode\n|\n|upkeep\n|turn|11\n|\n|t:|1781389783\n|move|p2a: Electrode|Thunderbolt|p1a: Uxie\n|-damage|p1a: Uxie|199/260\n|move|p1a: Uxie|Psychic Noise|p2a: Electrode\n|-immune|p2a: Electrode|[from] ability: Soundproof\n|\n|-heal|p1a: Uxie|215/260|[from] item: Leftovers\n|upkeep\n|turn|12\n|\n|t:|1781389791\n|switch|p2a: Cetitan|Cetitan, L82, F|281/412\n|switch|p1a: Wo-Chien|Wo-Chien, L83|277/277\n|-ability|p1a: Wo-Chien|Tablets of Ruin\n|\n|upkeep\n|turn|13\n|\n|t:|1781389797\n|move|p2a: Cetitan|Ice Spinner|p1a: Wo-Chien\n|-supereffective|p1a: Wo-Chien\n|-damage|p1a: Wo-Chien|139/277\n|move|p1a: Wo-Chien|Stun Spore|p2a: Cetitan\n|-status|p2a: Cetitan|par\n|\n|-heal|p1a: Wo-Chien|156/277|[from] item: Leftovers\n|upkeep\n|turn|14\n|\n|t:|1781389801\n|move|p1a: Wo-Chien|Leech Seed|p2a: Cetitan\n|-start|p2a: Cetitan|move: Leech Seed\n|move|p2a: Cetitan|Ice Spinner|p1a: Wo-Chien\n|-supereffective|p1a: Wo-Chien\n|-crit|p1a: Wo-Chien\n|-damage|p1a: Wo-Chien|0 fnt\n|faint|p1a: Wo-Chien\n|\n|upkeep\n|c|\u2606Muk Muk Goodra|i mean\n|\n|t:|1781389811\n|switch|p1a: Uxie|Uxie, L83|215/260\n|turn|15\n|inactive|Fortre has 120 seconds left.\n|\n|t:|1781389845\n|switch|p2a: Electrode|Electrode-Hisui, L87|246/246\n|move|p1a: Uxie|Knock Off|p2a: Electrode\n|-damage|p2a: Electrode|184/246\n|-enditem|p2a: Electrode|Leftovers|[from] move: Knock Off|[of] p1a: Uxie\n|\n|-heal|p1a: Uxie|231/260|[from] item: Leftovers\n|upkeep\n|turn|16\n|\n|t:|1781389859\n|move|p2a: Electrode|Leech Seed|p1a: Uxie\n|-start|p1a: Uxie|move: Leech Seed\n|move|p1a: Uxie|Knock Off|p2a: Electrode\n|-crit|p2a: Electrode\n|-damage|p2a: Electrode|125/246\n|\n|-heal|p1a: Uxie|247/260|[from] item: Leftovers\n|-damage|p1a: Uxie|215/260|[from] Leech Seed|[of] p2a: Electrode\n|-heal|p2a: Electrode|157/246|[silent]\n|upkeep\n|turn|17\n|\n|t:|1781389871\n|switch|p1a: Breloom|Breloom, L83, F|235/235\n|move|p2a: Electrode|Substitute|p2a: Electrode\n|-start|p2a: Electrode|Substitute\n|-damage|p2a: Electrode|96/246\n|\n|upkeep\n|turn|18\n|\n|t:|1781389880\n|move|p1a: Breloom|Mach Punch|p2a: Electrode\n|-end|p2a: Electrode|Substitute\n|-damage|p1a: Breloom|212/235|[from] item: Life Orb\n|move|p2a: Electrode|Thunderbolt|p1a: Breloom\n|-resisted|p1a: Breloom\n|-damage|p1a: Breloom|153/235\n|\n|upkeep\n|turn|19\n|\n|t:|1781389887\n|move|p1a: Breloom|Mach Punch|p2a: Electrode\n|-damage|p2a: Electrode|0 fnt\n|faint|p2a: Electrode\n|-damage|p1a: Breloom|130/235|[from] item: Life Orb\n|\n|upkeep\n|\n|t:|1781389891\n|switch|p2a: Hitmonchan|Hitmonchan, L87, M|229/229\n|turn|20\n|\n|t:|1781389898\n|move|p2a: Hitmonchan|Poison Jab|p1a: Breloom\n|-supereffective|p1a: Breloom\n|-damage|p1a: Breloom|0 fnt\n|faint|p1a: Breloom\n|\n|upkeep\n|\n|t:|1781389904\n|switch|p1a: Uxie|Uxie, L83|215/260\n|turn|21\n|\n|t:|1781389917\n|move|p1a: Uxie|Thunder Wave|p2a: Hitmonchan\n|-status|p2a: Hitmonchan|par\n|move|p2a: Hitmonchan|Knock Off|p1a: Uxie\n|-supereffective|p1a: Uxie\n|-damage|p1a: Uxie|93/260\n|-enditem|p1a: Uxie|Leftovers|[from] move: Knock Off|[of] p2a: Hitmonchan\n|\n|upkeep\n|turn|22\n|\n|t:|1781389926\n|move|p1a: Uxie|Knock Off|p2a: Hitmonchan\n|-resisted|p2a: Hitmonchan\n|-damage|p2a: Hitmonchan|199/229 par\n|-enditem|p2a: Hitmonchan|Leftovers|[from] move: Knock Off|[of] p1a: Uxie\n|move|p2a: Hitmonchan|Poison Jab|p1a: Uxie\n|-damage|p1a: Uxie|42/260\n|\n|upkeep\n|turn|23\n|\n|t:|1781389933\n|move|p1a: Uxie|Psychic Noise|p2a: Hitmonchan\n|-supereffective|p2a: Hitmonchan\n|-damage|p2a: Hitmonchan|85/229 par\n|-start|p2a: Hitmonchan|move: Heal Block\n|move|p2a: Hitmonchan|Poison Jab|p1a: Uxie\n|-damage|p1a: Uxie|0 fnt\n|faint|p1a: Uxie\n|\n|win|Fortre\n|raw|Muk Muk Goodra's rating: 1995 &rarr; <strong>1974</strong><br />(-21 for losing)\n|raw|Fortre's rating: 1982 &rarr; <strong>2003</strong><br />(+21 for winning)\n|l|\u2606Fortre\n|player|p2|\n", "inputlog": ">version a8376a258c1d4662feba110a92103f3664a72141\n>start {\"formatid\":\"gen9randombattle\",\"seed\":\"sodium,3b6fe155ca4c33f8e07ff4a932796368\",\"rated\":\"Rated battle\"}\n>player p1 {\"name\":\"Muk Muk Goodra\",\"avatar\":\"dawn\",\"rating\":1995,\"seed\":\"sodium,564f4785f1febdbc8c170a9457608659\"}\n>player p2 {\"name\":\"Fortre\",\"avatar\":\"1\",\"rating\":1982,\"seed\":\"sodium,a6f8d5e27fb3d3f24e36141606d461a4\"}\n>p1 switch 5\n>p2 move freezedry\n>p1 move knockoff\n>p2 move wish\n>p1 move bodyslam\n>p2 move freezedry\n>p1 move bodyslam\n>p2 move freezedry\n>p1 move bodyslam\n>p2 move freezedry\n>p1 switch 3\n>p1 move luminacrash\n>p2 move mudshot\n>p2 switch 4\n>p1 move luminacrash\n>p2 move moonblast\n>chat \u2606Muk Muk Goodra|ahem\n>chat \u2606Muk Muk Goodra|bruh\n>p1 switch 6\n>p1 move dragonascent\n>p2 move moonblast\n>p2 switch 2\n>p1 move dragonascent\n>p2 move icespinner\n>p1 switch 2\n>p1 move thunderwave\n>p2 switch 6\n>p1 move psychicnoise\n>p2 move thunderbolt\n>p1 switch 5\n>p2 switch 6\n>p1 move stunspore\n>p2 move icespinner\n>p1 move leechseed\n>p2 move icespinner\n>chat \u2606Muk Muk Goodra|i mean\n>p1 switch 5\n>p1 move knockoff\n>p2 switch 6\n>p1 move knockoff\n>p2 move leechseed\n>p1 switch 4\n>p2 move substitute\n>p1 move machpunch\n>p2 move thunderbolt\n>p1 move machpunch\n>p2 move thunderbolt\n>p2 switch 3\n>p1 move spore\n>p2 move poisonjab\n>p1 switch 4\n>p1 move thunderwave\n>p2 move knockoff\n>p1 move knockoff\n>p2 move poisonjab\n>p1 move psychicnoise\n>p2 move poisonjab", "uploadtime": 1781389550, "views": 7, "formatid": "gen9randombattle", "rating": 1974, "private": 0, "password": null}