{"id": "gen9randombattle-2631712393", "format": "[Gen 9] Random Battle", "players": ["latias999999999", "Drop a nickname"], "log": "|j|\u2606latias999999999\n|j|\u2606Drop a nickname\n|t:|1781426727\n|gametype|singles\n|player|p1|latias999999999|gardenia|2145\n|player|p2|Drop a nickname|170|2237\n|gen|9\n|tier|[Gen 9] Random Battle\n|rated|\n|rule|Species Clause: Limit one of each Pok\u00e9mon\n|rule|HP Percentage Mod: HP is shown in percentages\n|rule|Sleep Clause Mod: Limit one foe put to sleep\n|rule|Illusion Level Mod: Illusion disguises the Pok\u00e9mon's true level\n|\n|t:|1781426727\n|teamsize|p1|6\n|teamsize|p2|6\n|start\n|switch|p1a: Tornadus|Tornadus, L82, M|263/263\n|switch|p2a: Scyther|Scyther, L82, F|249/249\n|turn|1\n|inactive|Battle timer is ON: inactive players will automatically lose when time's up. (requested by latias999999999)\n|\n|t:|1781426738\n|switch|p2a: Tyranitar|Tyranitar, L78, M|284/284\n|-weather|Sandstorm|[from] ability: Sand Stream|[of] p2a: Tyranitar\n|move|p1a: Tornadus|Bleakwind Storm|p2a: Tyranitar\n|-resisted|p2a: Tyranitar\n|-damage|p2a: Tyranitar|228/284\n|-unboost|p2a: Tyranitar|spe|1\n|\n|-weather|Sandstorm|[upkeep]\n|-damage|p1a: Tornadus|247/263|[from] Sandstorm\n|upkeep\n|turn|2\n|\n|t:|1781426745\n|switch|p1a: Orthworm|Orthworm, L88, M|266/266\n|move|p2a: Tyranitar|Knock Off|p1a: Orthworm\n|-damage|p1a: Orthworm|190/266\n|-enditem|p1a: Orthworm|Leftovers|[from] move: Knock Off|[of] p2a: Tyranitar\n|\n|-weather|Sandstorm|[upkeep]\n|upkeep\n|turn|3\n|\n|t:|1781426752\n|switch|p2a: Zapdos|Zapdos-Galar, L77|265/265\n|move|p1a: Orthworm|Stealth Rock|p2a: Zapdos\n|-sidestart|p2: Drop a nickname|move: Stealth Rock\n|\n|-weather|Sandstorm|[upkeep]\n|-damage|p2a: Zapdos|249/265|[from] Sandstorm\n|upkeep\n|turn|4\n|\n|t:|1781426758\n|switch|p1a: Drifblim|Drifblim, L86, M|398/398\n|move|p2a: Zapdos|Close Combat|p1a: Drifblim\n|-immune|p1a: Drifblim\n|\n|-weather|Sandstorm|[upkeep]\n|-damage|p2a: Zapdos|233/265|[from] Sandstorm\n|-damage|p1a: Drifblim|374/398|[from] Sandstorm\n|upkeep\n|turn|5\n|\n|t:|1781426762\n|move|p2a: Zapdos|Bulk Up|p2a: Zapdos\n|-boost|p2a: Zapdos|atk|1\n|-boost|p2a: Zapdos|def|1\n|move|p1a: Drifblim|Air Slash|p2a: Zapdos|[miss]\n|-miss|p1a: Drifblim|p2a: Zapdos\n|\n|-weather|none\n|upkeep\n|turn|6\n|\n|t:|1781426765\n|move|p2a: Zapdos|Knock Off|p1a: Drifblim\n|-supereffective|p1a: Drifblim\n|-damage|p1a: Drifblim|0 fnt\n|-damage|p2a: Zapdos|167/265|[from] ability: Aftermath|[of] p1a: Drifblim\n|-enditem|p1a: Drifblim|Heavy-Duty Boots|[from] move: Knock Off|[of] p2a: Zapdos\n|faint|p1a: Drifblim\n|-damage|p2a: Zapdos|141/265|[from] item: Life Orb\n|\n|upkeep\n|\n|t:|1781426770\n|switch|p1a: Tornadus|Tornadus, L82, M|247/263\n|turn|7\n|\n|t:|1781426775\n|move|p1a: Tornadus|Bleakwind Storm|p2a: Zapdos|[miss]\n|-miss|p1a: Tornadus|p2a: Zapdos\n|move|p2a: Zapdos|Brave Bird|p1a: Tornadus\n|-damage|p1a: Tornadus|0 fnt\n|faint|p1a: Tornadus\n|-damage|p2a: Zapdos|59/265|[from] Recoil\n|-damage|p2a: Zapdos|33/265|[from] item: Life Orb\n|\n|upkeep\n|\n|t:|1781426778\n|switch|p1a: Spectrier|Spectrier, L75|274/274\n|turn|8\n|\n|t:|1781426783\n|switch|p2a: Lokix|Lokix, L82, M|251/251\n|-damage|p2a: Lokix|189/251|[from] Stealth Rock\n|move|p1a: Spectrier|Nasty Plot|p1a: Spectrier\n|-boost|p1a: Spectrier|spa|2\n|\n|upkeep\n|turn|9\n|\n|t:|1781426790\n|move|p2a: Lokix|Sucker Punch|p1a: Spectrier\n|-supereffective|p1a: Spectrier\n|-damage|p1a: Spectrier|0 fnt\n|faint|p1a: Spectrier\n|-damage|p2a: Lokix|164/251|[from] item: Life Orb\n|\n|upkeep\n|-message|latias999999999 forfeited.\n|\n|win|Drop a nickname\n", "inputlog": ">version a8376a258c1d4662feba110a92103f3664a72141\n>start {\"formatid\":\"gen9randombattle\",\"seed\":\"sodium,c80a58c049dcd2b6be5bbdaf66501d62\",\"rated\":\"Rated battle\"}\n>player p1 {\"name\":\"latias999999999\",\"avatar\":\"gardenia\",\"rating\":2145,\"seed\":\"sodium,8644e2725289c35dbd08294ba9f335b3\"}\n>player p2 {\"name\":\"Drop a nickname\",\"avatar\":\"170\",\"rating\":2237,\"seed\":\"sodium,315997a77683cda968fb757c981d70d3\"}\n>p1 move bleakwindstorm\n>p2 switch 5\n>p1 switch 6\n>p2 move knockoff\n>p1 move stealthrock\n>p2 switch 3\n>p1 switch 5\n>p2 move closecombat\n>p1 move airslash\n>p2 move bulkup\n>p1 move strengthsap\n>p2 move knockoff\n>p1 switch 6\n>p1 move bleakwindstorm\n>p2 move bravebird\n>p1 switch 2\n>p1 move nastyplot\n>p2 switch 4\n>p1 move drainingkiss\n>p2 move suckerpunch\n>forcelose p1", "uploadtime": 1781426728, "views": 6, "formatid": "gen9randombattle", "rating": null, "private": 0, "password": null}