{"id": "gen9randombattle-2631607428", "format": "[Gen 9] Random Battle", "players": ["mahuateng", "hsgsgdi"], "log": "|j|\u2606mahuateng\n|j|\u2606hsgsgdi\n|t:|1781408028\n|gametype|singles\n|player|p1|mahuateng|twins-gen4|1098\n|player|p2|hsgsgdi|elesa|1094\n|gen|9\n|tier|[Gen 9] Random Battle\n|rated|\n|rule|Species Clause: Limit one of each Pok\u00e9mon\n|rule|HP Percentage Mod: HP is shown in percentages\n|rule|Sleep Clause Mod: Limit one foe put to sleep\n|rule|Illusion Level Mod: Illusion disguises the Pok\u00e9mon's true level\n|\n|t:|1781408028\n|teamsize|p1|6\n|teamsize|p2|6\n|start\n|switch|p1a: Qwilfish|Qwilfish, L86, F|252/252\n|switch|p2a: Raichu|Raichu-Alola, L87, M|246/246\n|-ability|p1a: Qwilfish|Intimidate|boost\n|-unboost|p2a: Raichu|atk|1\n|turn|1\n|inactive|Battle timer is ON: inactive players will automatically lose when time's up. (requested by hsgsgdi)\n|\n|t:|1781408046\n|switch|p1a: Cresselia|Cresselia, L80, F|323/323\n|move|p2a: Raichu|Nasty Plot|p2a: Raichu\n|-boost|p2a: Raichu|spa|2\n|\n|upkeep\n|turn|2\n|\n|t:|1781408061\n|move|p2a: Raichu|Thunderbolt|p1a: Cresselia\n|-damage|p1a: Cresselia|111/323\n|-damage|p2a: Raichu|222/246|[from] item: Life Orb\n|move|p1a: Cresselia|Calm Mind|p1a: Cresselia\n|-boost|p1a: Cresselia|spa|1\n|-boost|p1a: Cresselia|spd|1\n|\n|-heal|p1a: Cresselia|131/323|[from] item: Leftovers\n|upkeep\n|turn|3\n|\n|t:|1781408072\n|-terastallize|p1a: Cresselia|Electric\n|move|p2a: Raichu|Thunderbolt|p1a: Cresselia\n|-resisted|p1a: Cresselia\n|-damage|p1a: Cresselia|65/323\n|-damage|p2a: Raichu|198/246|[from] item: Life Orb\n|move|p1a: Cresselia|Moonlight|p1a: Cresselia\n|-heal|p1a: Cresselia|226/323\n|\n|-heal|p1a: Cresselia|246/323|[from] item: Leftovers\n|upkeep\n|turn|4\n|\n|t:|1781408087\n|-terastallize|p2a: Raichu|Fighting\n|move|p2a: Raichu|Focus Blast|p1a: Cresselia\n|-damage|p1a: Cresselia|71/323\n|-damage|p2a: Raichu|174/246|[from] item: Life Orb\n|move|p1a: Cresselia|Calm Mind|p1a: Cresselia\n|-boost|p1a: Cresselia|spa|1\n|-boost|p1a: Cresselia|spd|1\n|\n|-heal|p1a: Cresselia|91/323|[from] item: Leftovers\n|upkeep\n|turn|5\n|\n|t:|1781408098\n|move|p2a: Raichu|Focus Blast|p1a: Cresselia\n|-damage|p1a: Cresselia|0 fnt\n|faint|p1a: Cresselia\n|-damage|p2a: Raichu|150/246|[from] item: Life Orb\n|\n|upkeep\n|\n|t:|1781408123\n|switch|p1a: Dragapult|Dragapult, L77, F|262/262\n|turn|6\n|\n|t:|1781408136\n|move|p1a: Dragapult|Dragon Darts|p2a: Raichu\n|-damage|p2a: Raichu|60/246\n|-anim|p1a: Dragapult|Dragon Darts|p2a: Raichu\n|-damage|p2a: Raichu|0 fnt\n|faint|p2a: Raichu\n|-damage|p1a: Dragapult|236/262|[from] item: Life Orb\n|\n|upkeep\n|\n|t:|1781408146\n|switch|p2a: Latios|Latios, L78, M|253/253\n|turn|7\n|\n|t:|1781408165\n|switch|p1a: Probopass|Probopass, L91, F|257/257\n|move|p2a: Latios|Draco Meteor|p1a: Probopass\n|-resisted|p1a: Probopass\n|-damage|p1a: Probopass|203/257\n|-unboost|p2a: Latios|spa|2\n|\n|-heal|p1a: Probopass|219/257|[from] item: Leftovers\n|upkeep\n|turn|8\n|\n|t:|1781408185\n|switch|p2a: Kingambit|Kingambit, L74, F|270/270\n|-activate|p2a: Kingambit|ability: Supreme Overlord\n|-start|p2a: Kingambit|fallen1|[silent]\n|move|p1a: Probopass|Thunder Wave|p2a: Kingambit\n|-status|p2a: Kingambit|par\n|\n|-heal|p1a: Probopass|235/257|[from] item: Leftovers\n|upkeep\n|turn|9\n|\n|t:|1781408199\n|move|p1a: Probopass|Iron Defense|p1a: Probopass\n|-boost|p1a: Probopass|def|2\n|cant|p2a: Kingambit|par\n|\n|-heal|p1a: Probopass|251/257|[from] item: Leftovers\n|upkeep\n|turn|10\n|\n|t:|1781408208\n|move|p1a: Probopass|Iron Defense|p1a: Probopass\n|-boost|p1a: Probopass|def|2\n|move|p2a: Kingambit|Swords Dance|p2a: Kingambit\n|-boost|p2a: Kingambit|atk|2\n|\n|-heal|p1a: Probopass|257/257|[from] item: Leftovers\n|upkeep\n|turn|11\n|\n|t:|1781408216\n|move|p1a: Probopass|Body Press|p2a: Kingambit\n|-supereffective|p2a: Kingambit\n|-damage|p2a: Kingambit|0 fnt\n|faint|p2a: Kingambit\n|-end|p2a: Kingambit|fallen1|[silent]\n|\n|upkeep\n|-message|hsgsgdi forfeited.\n|\n|win|mahuateng\n|raw|mahuateng's rating: 1098 &rarr; <strong>1123</strong><br />(+25 for winning)\n|raw|hsgsgdi's rating: 1094 &rarr; <strong>1070</strong><br />(-24 for losing)\n|l|\u2606hsgsgdi\n|player|p2|\n", "inputlog": ">version a8376a258c1d4662feba110a92103f3664a72141\n>start {\"formatid\":\"gen9randombattle\",\"seed\":\"sodium,054a8dacd5722ceea028cbca2ce96639\",\"rated\":\"Rated battle\"}\n>player p1 {\"name\":\"mahuateng\",\"avatar\":\"twins-gen4\",\"rating\":1098,\"seed\":\"sodium,cb87474e322f1ee8cf427418d95fae18\"}\n>player p2 {\"name\":\"hsgsgdi\",\"avatar\":\"elesa\",\"rating\":1094,\"seed\":\"sodium,ec6981b2f28c7edccdcb631a38705920\"}\n>p1 switch 3\n>p2 move nastyplot\n>p1 move calmmind\n>p2 move thunderbolt\n>p1 move moonlight terastallize\n>p2 move thunderbolt\n>p1 move calmmind\n>p2 move focusblast terastallize\n>p1 move moonlight\n>p2 move focusblast\n>p1 switch 4\n>p1 move dragondarts\n>p2 move psyshock\n>p2 switch 2\n>p1 switch 6\n>p2 move dracometeor\n>p1 move thunderwave\n>p2 switch 3\n>p1 move irondefense\n>p2 move swordsdance\n>p1 move irondefense\n>p2 move swordsdance\n>p1 move bodypress\n>p2 move swordsdance\n>forcelose p2", "uploadtime": 1781408221, "views": 6, "formatid": "gen9randombattle", "rating": 1070, "private": 0, "password": null}