{"id": "gen9randombattle-2631581199", "format": "[Gen 9] Random Battle", "players": ["Arkaes", "General Nova64"], "log": "|j|\u2606Arkaes\n|j|\u2606General Nova64\n|t:|1781404258\n|gametype|singles\n|player|p1|Arkaes|hayley|2025\n|player|p2|General Nova64|169|2070\n|gen|9\n|tier|[Gen 9] Random Battle\n|rated|\n|rule|Species Clause: Limit one of each Pok\u00e9mon\n|rule|HP Percentage Mod: HP is shown in percentages\n|rule|Sleep Clause Mod: Limit one foe put to sleep\n|rule|Illusion Level Mod: Illusion disguises the Pok\u00e9mon's true level\n|\n|t:|1781404258\n|teamsize|p1|6\n|teamsize|p2|6\n|start\n|switch|p1a: Oranguru|Oranguru, L92, M|315/315\n|switch|p2a: Clodsire|Clodsire, L81, F|343/343\n|turn|1\n|inactive|Battle timer is ON: inactive players will automatically lose when time's up. (requested by General Nova64)\n|\n|t:|1781404277\n|switch|p1a: Bombirdier|Bombirdier, L85, M|258/258\n|switch|p2a: Scream Tail|Scream Tail, L84|330/330\n|\n|upkeep\n|turn|2\n|l|\u2606General Nova64\n|inactive|General Nova64 disconnected and has a minute to reconnect!\n|player|p2|\n|j|\u2606General Nova64\n|inactive|General Nova64 reconnected.\n|player|p2|General Nova64|169|\n|inactive|Arkaes has 120 seconds left.\n|\n|t:|1781404312\n|switch|p1a: Oranguru|Oranguru, L92, M|315/315\n|move|p2a: Scream Tail|Dazzling Gleam|p1a: Oranguru\n|-damage|p1a: Oranguru|270/315\n|\n|-heal|p1a: Oranguru|289/315|[from] item: Leftovers\n|upkeep\n|turn|3\n|inactive|Arkaes has 120 seconds left.\n|\n|t:|1781404324\n|move|p2a: Scream Tail|Dazzling Gleam|p1a: Oranguru\n|-damage|p1a: Oranguru|241/315\n|move|p1a: Oranguru|Nasty Plot|p1a: Oranguru\n|-boost|p1a: Oranguru|spa|2\n|\n|-heal|p1a: Oranguru|260/315|[from] item: Leftovers\n|upkeep\n|turn|4\n|inactive|Arkaes has 120 seconds left.\n|\n|t:|1781404341\n|move|p2a: Scream Tail|Encore|p1a: Oranguru\n|-start|p1a: Oranguru|Encore\n|move|p1a: Oranguru|Nasty Plot|p1a: Oranguru\n|-boost|p1a: Oranguru|spa|2\n|\n|-heal|p1a: Oranguru|279/315|[from] item: Leftovers\n|upkeep\n|turn|5\n|\n|t:|1781404345\n|move|p2a: Scream Tail|Dazzling Gleam|p1a: Oranguru\n|-damage|p1a: Oranguru|227/315\n|move|p1a: Oranguru|Nasty Plot|p1a: Oranguru\n|-boost|p1a: Oranguru|spa|2\n|\n|-heal|p1a: Oranguru|246/315|[from] item: Leftovers\n|upkeep\n|turn|6\n|\n|t:|1781404353\n|move|p2a: Scream Tail|Dazzling Gleam|p1a: Oranguru\n|-damage|p1a: Oranguru|198/315\n|move|p1a: Oranguru|Nasty Plot|p1a: Oranguru\n|-boost|p1a: Oranguru|spa|0\n|\n|-heal|p1a: Oranguru|217/315|[from] item: Leftovers\n|-end|p1a: Oranguru|Encore\n|upkeep\n|turn|7\n|\n|t:|1781404359\n|switch|p1a: Chi-Yu|Chi-Yu, L77|211/211\n|-ability|p1a: Chi-Yu|Beads of Ruin\n|move|p2a: Scream Tail|Encore||[still]\n|-fail|p2a: Scream Tail\n|\n|upkeep\n|turn|8\n|\n|t:|1781404367\n|move|p2a: Scream Tail|Dazzling Gleam|p1a: Chi-Yu\n|-damage|p1a: Chi-Yu|160/211\n|move|p1a: Chi-Yu|Will-O-Wisp|p2a: Scream Tail\n|-status|p2a: Scream Tail|brn\n|\n|-damage|p2a: Scream Tail|310/330 brn|[from] brn\n|upkeep\n|turn|9\n|\n|t:|1781404372\n|switch|p1a: Oranguru|Oranguru, L92, M|217/315\n|move|p2a: Scream Tail|Dazzling Gleam|p1a: Oranguru\n|-damage|p1a: Oranguru|169/315\n|\n|-heal|p2a: Scream Tail|330/330 brn|[from] item: Leftovers\n|-heal|p1a: Oranguru|188/315|[from] item: Leftovers\n|-damage|p2a: Scream Tail|310/330 brn|[from] brn\n|upkeep\n|turn|10\n|\n|t:|1781404381\n|move|p2a: Scream Tail|Dazzling Gleam|p1a: Oranguru\n|-damage|p1a: Oranguru|137/315\n|move|p1a: Oranguru|Thunderbolt|p2a: Scream Tail\n|-damage|p2a: Scream Tail|252/330 brn\n|\n|-heal|p2a: Scream Tail|272/330 brn|[from] item: Leftovers\n|-heal|p1a: Oranguru|156/315|[from] item: Leftovers\n|-damage|p2a: Scream Tail|252/330 brn|[from] brn\n|upkeep\n|turn|11\n|\n|t:|1781404387\n|move|p2a: Scream Tail|Dazzling Gleam|p1a: Oranguru\n|-damage|p1a: Oranguru|107/315\n|move|p1a: Oranguru|Thunderbolt|p2a: Scream Tail\n|-damage|p2a: Scream Tail|195/330 brn\n|\n|-heal|p2a: Scream Tail|215/330 brn|[from] item: Leftovers\n|-heal|p1a: Oranguru|126/315|[from] item: Leftovers\n|-damage|p2a: Scream Tail|195/330 brn|[from] brn\n|upkeep\n|turn|12\n|\n|t:|1781404391\n|move|p2a: Scream Tail|Wish|p2a: Scream Tail\n|move|p1a: Oranguru|Thunderbolt|p2a: Scream Tail\n|-damage|p2a: Scream Tail|141/330 brn\n|\n|-heal|p2a: Scream Tail|161/330 brn|[from] item: Leftovers\n|-heal|p1a: Oranguru|145/315|[from] item: Leftovers\n|-damage|p2a: Scream Tail|141/330 brn|[from] brn\n|upkeep\n|turn|13\n|\n|t:|1781404394\n|move|p2a: Scream Tail|Dazzling Gleam|p1a: Oranguru\n|-damage|p1a: Oranguru|99/315\n|move|p1a: Oranguru|Thunderbolt|p2a: Scream Tail\n|-damage|p2a: Scream Tail|85/330 brn\n|\n|-heal|p2a: Scream Tail|250/330 brn|[from] move: Wish|[wisher] Scream Tail\n|-heal|p2a: Scream Tail|270/330 brn|[from] item: Leftovers\n|-heal|p1a: Oranguru|118/315|[from] item: Leftovers\n|-damage|p2a: Scream Tail|250/330 brn|[from] brn\n|upkeep\n|turn|14\n|\n|t:|1781404400\n|switch|p1a: Chi-Yu|Chi-Yu, L77|160/211\n|-ability|p1a: Chi-Yu|Beads of Ruin\n|move|p2a: Scream Tail|Wish|p2a: Scream Tail\n|\n|-heal|p2a: Scream Tail|270/330 brn|[from] item: Leftovers\n|-damage|p2a: Scream Tail|250/330 brn|[from] brn\n|upkeep\n|turn|15\n|\n|t:|1781404408\n|move|p2a: Scream Tail|Dazzling Gleam|p1a: Chi-Yu\n|-damage|p1a: Chi-Yu|105/211\n|move|p1a: Chi-Yu|Fire Blast|p2a: Scream Tail\n|-damage|p2a: Scream Tail|123/330 brn\n|\n|-heal|p2a: Scream Tail|288/330 brn|[from] move: Wish|[wisher] Scream Tail\n|-heal|p2a: Scream Tail|308/330 brn|[from] item: Leftovers\n|-damage|p2a: Scream Tail|288/330 brn|[from] brn\n|upkeep\n|turn|16\n|\n|t:|1781404418\n|move|p2a: Scream Tail|Dazzling Gleam|p1a: Chi-Yu\n|-damage|p1a: Chi-Yu|48/211\n|move|p1a: Chi-Yu|Fire Blast|p2a: Scream Tail|[miss]\n|-miss|p1a: Chi-Yu|p2a: Scream Tail\n|\n|-heal|p2a: Scream Tail|308/330 brn|[from] item: Leftovers\n|-damage|p2a: Scream Tail|288/330 brn|[from] brn\n|upkeep\n|turn|17\n|\n|t:|1781404424\n|switch|p1a: Oranguru|Oranguru, L92, M|118/315\n|move|p2a: Scream Tail|Dazzling Gleam|p1a: Oranguru\n|-damage|p1a: Oranguru|72/315\n|\n|-heal|p2a: Scream Tail|308/330 brn|[from] item: Leftovers\n|-heal|p1a: Oranguru|91/315|[from] item: Leftovers\n|-damage|p2a: Scream Tail|288/330 brn|[from] brn\n|upkeep\n|turn|18\n|\n|t:|1781404428\n|move|p2a: Scream Tail|Dazzling Gleam|p1a: Oranguru\n|-damage|p1a: Oranguru|39/315\n|move|p1a: Oranguru|Thunderbolt|p2a: Scream Tail\n|-damage|p2a: Scream Tail|226/330 brn\n|\n|-heal|p2a: Scream Tail|246/330 brn|[from] item: Leftovers\n|-heal|p1a: Oranguru|58/315|[from] item: Leftovers\n|-damage|p2a: Scream Tail|226/330 brn|[from] brn\n|upkeep\n|turn|19\n|\n|t:|1781404433\n|move|p2a: Scream Tail|Wish|p2a: Scream Tail\n|move|p1a: Oranguru|Thunderbolt|p2a: Scream Tail\n|-damage|p2a: Scream Tail|170/330 brn\n|\n|-heal|p2a: Scream Tail|190/330 brn|[from] item: Leftovers\n|-heal|p1a: Oranguru|77/315|[from] item: Leftovers\n|-damage|p2a: Scream Tail|170/330 brn|[from] brn\n|upkeep\n|turn|20\n|\n|t:|1781404436\n|move|p2a: Scream Tail|Dazzling Gleam|p1a: Oranguru\n|-damage|p1a: Oranguru|29/315\n|move|p1a: Oranguru|Thunderbolt|p2a: Scream Tail\n|-damage|p2a: Scream Tail|114/330 brn\n|\n|-heal|p2a: Scream Tail|279/330 brn|[from] move: Wish|[wisher] Scream Tail\n|-heal|p2a: Scream Tail|299/330 brn|[from] item: Leftovers\n|-heal|p1a: Oranguru|48/315|[from] item: Leftovers\n|-damage|p2a: Scream Tail|279/330 brn|[from] brn\n|upkeep\n|turn|21\n|\n|t:|1781404441\n|move|p2a: Scream Tail|Dazzling Gleam|p1a: Oranguru\n|-damage|p1a: Oranguru|0 fnt\n|faint|p1a: Oranguru\n|\n|-heal|p2a: Scream Tail|299/330 brn|[from] item: Leftovers\n|-damage|p2a: Scream Tail|279/330 brn|[from] brn\n|upkeep\n|\n|t:|1781404455\n|switch|p1a: Chesnaught|Chesnaught, L84, M|285/285\n|turn|22\n|\n|t:|1781404459\n|move|p2a: Scream Tail|Dazzling Gleam|p1a: Chesnaught\n|-supereffective|p1a: Chesnaught\n|-damage|p1a: Chesnaught|145/285\n|move|p1a: Chesnaught|Trailblaze|p2a: Scream Tail\n|-damage|p2a: Scream Tail|228/330 brn\n|-boost|p1a: Chesnaught|spe|1\n|\n|-heal|p2a: Scream Tail|248/330 brn|[from] item: Leftovers\n|-heal|p1a: Chesnaught|162/285|[from] item: Leftovers\n|-damage|p2a: Scream Tail|228/330 brn|[from] brn\n|upkeep\n|turn|23\n|\n|t:|1781404466\n|move|p2a: Scream Tail|Encore|p1a: Chesnaught\n|-start|p1a: Chesnaught|Encore\n|move|p1a: Chesnaught|Trailblaze|p2a: Scream Tail\n|-damage|p2a: Scream Tail|179/330 brn\n|-boost|p1a: Chesnaught|spe|1\n|\n|-heal|p1a: Chesnaught|179/285|[from] item: Leftovers\n|-heal|p2a: Scream Tail|199/330 brn|[from] item: Leftovers\n|-damage|p2a: Scream Tail|179/330 brn|[from] brn\n|upkeep\n|turn|24\n|\n|t:|1781404469\n|-end|p2a: Scream Tail|Protosynthesis|[silent]\n|switch|p2a: Dodrio|Dodrio, L85, M|241/241\n|move|p1a: Chesnaught|Trailblaze|p2a: Dodrio\n|-resisted|p2a: Dodrio\n|-damage|p2a: Dodrio|205/241\n|-boost|p1a: Chesnaught|spe|1\n|\n|-heal|p1a: Chesnaught|196/285|[from] item: Leftovers\n|upkeep\n|turn|25\n|\n|t:|1781404478\n|switch|p1a: Bombirdier|Bombirdier, L85, M|258/258\n|move|p2a: Dodrio|Swords Dance|p2a: Dodrio\n|-boost|p2a: Dodrio|atk|2\n|\n|upkeep\n|turn|26\n|\n|t:|1781404486\n|move|p1a: Bombirdier|Stone Edge|p2a: Dodrio\n|-supereffective|p2a: Dodrio\n|-damage|p2a: Dodrio|0 fnt\n|faint|p2a: Dodrio\n|\n|upkeep\n|\n|t:|1781404491\n|switch|p2a: Clodsire|Clodsire, L81, F|343/343\n|turn|27\n|\n|t:|1781404496\n|switch|p1a: Chi-Yu|Chi-Yu, L77|48/211\n|-ability|p1a: Chi-Yu|Beads of Ruin\n|move|p2a: Clodsire|Poison Jab|p1a: Chi-Yu\n|-crit|p1a: Chi-Yu\n|-damage|p1a: Chi-Yu|0 fnt\n|faint|p1a: Chi-Yu\n|\n|upkeep\n|\n|t:|1781404502\n|switch|p1a: Gallade|Gallade, L80, M|240/240\n|turn|28\n|\n|t:|1781404507\n|switch|p2a: Scream Tail|Scream Tail, L84|179/330 brn\n|move|p1a: Gallade|Psycho Cut|p2a: Scream Tail\n|-resisted|p2a: Scream Tail\n|-damage|p2a: Scream Tail|119/330 brn\n|\n|-heal|p2a: Scream Tail|139/330 brn|[from] item: Leftovers\n|-damage|p2a: Scream Tail|119/330 brn|[from] brn\n|upkeep\n|turn|29\n|\n|t:|1781404521\n|move|p1a: Gallade|Psycho Cut|p2a: Scream Tail\n|-resisted|p2a: Scream Tail\n|-crit|p2a: Scream Tail\n|-damage|p2a: Scream Tail|41/330 brn\n|move|p2a: Scream Tail|Wish|p2a: Scream Tail\n|\n|-heal|p2a: Scream Tail|61/330 brn|[from] item: Leftovers\n|-damage|p2a: Scream Tail|41/330 brn|[from] brn\n|upkeep\n|turn|30\n|\n|t:|1781404528\n|move|p2a: Scream Tail|Protect|p2a: Scream Tail\n|-singleturn|p2a: Scream Tail|Protect\n|move|p1a: Gallade|Psycho Cut|p2a: Scream Tail\n|-activate|p2a: Scream Tail|move: Protect\n|\n|-heal|p2a: Scream Tail|206/330 brn|[from] move: Wish|[wisher] Scream Tail\n|-heal|p2a: Scream Tail|226/330 brn|[from] item: Leftovers\n|-damage|p2a: Scream Tail|206/330 brn|[from] brn\n|upkeep\n|turn|31\n|\n|t:|1781404530\n|move|p1a: Gallade|Psycho Cut|p2a: Scream Tail\n|-resisted|p2a: Scream Tail\n|-damage|p2a: Scream Tail|148/330 brn\n|move|p2a: Scream Tail|Wish|p2a: Scream Tail\n|\n|-heal|p2a: Scream Tail|168/330 brn|[from] item: Leftovers\n|-damage|p2a: Scream Tail|148/330 brn|[from] brn\n|upkeep\n|turn|32\n|\n|t:|1781404535\n|move|p2a: Scream Tail|Protect|p2a: Scream Tail\n|-singleturn|p2a: Scream Tail|Protect\n|move|p1a: Gallade|Psycho Cut|p2a: Scream Tail\n|-activate|p2a: Scream Tail|move: Protect\n|\n|-heal|p2a: Scream Tail|313/330 brn|[from] move: Wish|[wisher] Scream Tail\n|-heal|p2a: Scream Tail|330/330 brn|[from] item: Leftovers\n|-damage|p2a: Scream Tail|310/330 brn|[from] brn\n|upkeep\n|turn|33\n|\n|t:|1781404539\n|move|p1a: Gallade|Psycho Cut|p2a: Scream Tail\n|-resisted|p2a: Scream Tail\n|-damage|p2a: Scream Tail|248/330 brn\n|move|p2a: Scream Tail|Wish|p2a: Scream Tail\n|\n|-heal|p2a: Scream Tail|268/330 brn|[from] item: Leftovers\n|-damage|p2a: Scream Tail|248/330 brn|[from] brn\n|upkeep\n|turn|34\n|\n|t:|1781404543\n|-end|p2a: Scream Tail|Protosynthesis|[silent]\n|switch|p2a: Gogoat|Gogoat, L88, M|360/360\n|move|p1a: Gallade|Psycho Cut|p2a: Gogoat\n|-crit|p2a: Gogoat\n|-damage|p2a: Gogoat|141/360\n|\n|-heal|p2a: Gogoat|306/360|[from] move: Wish|[wisher] Scream Tail\n|-heal|p2a: Gogoat|328/360|[from] item: Leftovers\n|upkeep\n|turn|35\n|\n|t:|1781404553\n|switch|p1a: Chesnaught|Chesnaught, L84, M|196/285\n|move|p2a: Gogoat|Bulk Up|p2a: Gogoat\n|-boost|p2a: Gogoat|atk|1\n|-boost|p2a: Gogoat|def|1\n|\n|-heal|p2a: Gogoat|350/360|[from] item: Leftovers\n|-heal|p1a: Chesnaught|213/285|[from] item: Leftovers\n|upkeep\n|turn|36\n|\n|t:|1781404557\n|switch|p2a: Clodsire|Clodsire, L81, F|343/343\n|move|p1a: Chesnaught|Body Press|p2a: Clodsire\n|-resisted|p2a: Clodsire\n|-damage|p2a: Clodsire|275/343\n|\n|-heal|p1a: Chesnaught|230/285|[from] item: Leftovers\n|-heal|p2a: Clodsire|296/343|[from] item: Leftovers\n|upkeep\n|turn|37\n|\n|t:|1781404566\n|switch|p1a: Bombirdier|Bombirdier, L85, M|258/258\n|move|p2a: Clodsire|Poison Jab|p1a: Bombirdier\n|-damage|p1a: Bombirdier|189/258\n|-status|p1a: Bombirdier|psn\n|\n|-heal|p2a: Clodsire|317/343|[from] item: Leftovers\n|-damage|p1a: Bombirdier|157/258 psn|[from] psn\n|upkeep\n|turn|38\n|\n|t:|1781404574\n|move|p1a: Bombirdier|Knock Off|p2a: Clodsire\n|-damage|p2a: Clodsire|160/343\n|-enditem|p2a: Clodsire|Leftovers|[from] move: Knock Off|[of] p1a: Bombirdier\n|move|p2a: Clodsire|Stealth Rock|p1a: Bombirdier\n|-sidestart|p1: Arkaes|move: Stealth Rock\n|\n|-damage|p1a: Bombirdier|125/258 psn|[from] psn\n|upkeep\n|turn|39\n|\n|t:|1781404583\n|switch|p1a: Gallade|Gallade, L80, M|240/240\n|-damage|p1a: Gallade|225/240|[from] Stealth Rock\n|move|p2a: Clodsire|Recover|p2a: Clodsire\n|-heal|p2a: Clodsire|332/343\n|\n|upkeep\n|turn|40\n|\n|t:|1781404589\n|switch|p2a: Scream Tail|Scream Tail, L84|248/330 brn\n|move|p1a: Gallade|Psycho Cut|p2a: Scream Tail\n|-resisted|p2a: Scream Tail\n|-damage|p2a: Scream Tail|190/330 brn\n|\n|-heal|p2a: Scream Tail|210/330 brn|[from] item: Leftovers\n|-damage|p2a: Scream Tail|190/330 brn|[from] brn\n|upkeep\n|turn|41\n|\n|t:|1781404594\n|move|p1a: Gallade|Psycho Cut|p2a: Scream Tail\n|-resisted|p2a: Scream Tail\n|-damage|p2a: Scream Tail|135/330 brn\n|move|p2a: Scream Tail|Wish|p2a: Scream Tail\n|\n|-heal|p2a: Scream Tail|155/330 brn|[from] item: Leftovers\n|-damage|p2a: Scream Tail|135/330 brn|[from] brn\n|upkeep\n|turn|42\n|\n|t:|1781404600\n|move|p2a: Scream Tail|Protect|p2a: Scream Tail\n|-singleturn|p2a: Scream Tail|Protect\n|move|p1a: Gallade|Psycho Cut|p2a: Scream Tail\n|-activate|p2a: Scream Tail|move: Protect\n|\n|-heal|p2a: Scream Tail|300/330 brn|[from] move: Wish|[wisher] Scream Tail\n|-heal|p2a: Scream Tail|320/330 brn|[from] item: Leftovers\n|-damage|p2a: Scream Tail|300/330 brn|[from] brn\n|upkeep\n|turn|43\n|\n|t:|1781404605\n|move|p1a: Gallade|Psycho Cut|p2a: Scream Tail\n|-resisted|p2a: Scream Tail\n|-crit|p2a: Scream Tail\n|-damage|p2a: Scream Tail|214/330 brn\n|move|p2a: Scream Tail|Wish|p2a: Scream Tail\n|\n|-heal|p2a: Scream Tail|234/330 brn|[from] item: Leftovers\n|-damage|p2a: Scream Tail|214/330 brn|[from] brn\n|upkeep\n|turn|44\n|\n|t:|1781404610\n|-end|p2a: Scream Tail|Protosynthesis|[silent]\n|switch|p2a: Gogoat|Gogoat, L88, M|350/360\n|move|p1a: Gallade|Psycho Cut|p2a: Gogoat\n|-damage|p2a: Gogoat|203/360\n|\n|-heal|p2a: Gogoat|360/360|[from] move: Wish|[wisher] Scream Tail\n|upkeep\n|turn|45\n|\n|t:|1781404617\n|move|p1a: Gallade|Psycho Cut|p2a: Gogoat\n|-damage|p2a: Gogoat|216/360\n|move|p2a: Gogoat|Bulk Up|p2a: Gogoat\n|-boost|p2a: Gogoat|atk|1\n|-boost|p2a: Gogoat|def|1\n|\n|-heal|p2a: Gogoat|238/360|[from] item: Leftovers\n|upkeep\n|turn|46\n|\n|t:|1781404622\n|switch|p1a: Chesnaught|Chesnaught, L84, M|230/285\n|-damage|p1a: Chesnaught|213/285|[from] Stealth Rock\n|move|p2a: Gogoat|Bulk Up|p2a: Gogoat\n|-boost|p2a: Gogoat|atk|1\n|-boost|p2a: Gogoat|def|1\n|\n|-heal|p2a: Gogoat|260/360|[from] item: Leftovers\n|-heal|p1a: Chesnaught|230/285|[from] item: Leftovers\n|upkeep\n|turn|47\n|\n|t:|1781404628\n|switch|p2a: Clodsire|Clodsire, L81, F|332/343\n|move|p1a: Chesnaught|Iron Defense|p1a: Chesnaught\n|-boost|p1a: Chesnaught|def|2\n|\n|-heal|p1a: Chesnaught|247/285|[from] item: Leftovers\n|upkeep\n|turn|48\n|\n|t:|1781404642\n|switch|p1a: Gallade|Gallade, L80, M|225/240\n|-damage|p1a: Gallade|210/240|[from] Stealth Rock\n|move|p2a: Clodsire|Poison Jab|p1a: Gallade\n|-damage|p1a: Gallade|128/240\n|\n|upkeep\n|turn|49\n|\n|t:|1781404657\n|switch|p2a: Scream Tail|Scream Tail, L84|214/330 brn\n|move|p1a: Gallade|Psycho Cut|p2a: Scream Tail\n|-resisted|p2a: Scream Tail\n|-damage|p2a: Scream Tail|157/330 brn\n|\n|-heal|p2a: Scream Tail|177/330 brn|[from] item: Leftovers\n|-damage|p2a: Scream Tail|157/330 brn|[from] brn\n|upkeep\n|turn|50\n|\n|t:|1781404662\n|move|p1a: Gallade|Psycho Cut|p2a: Scream Tail\n|-resisted|p2a: Scream Tail\n|-damage|p2a: Scream Tail|99/330 brn\n|move|p2a: Scream Tail|Wish|p2a: Scream Tail\n|\n|-heal|p2a: Scream Tail|119/330 brn|[from] item: Leftovers\n|-damage|p2a: Scream Tail|99/330 brn|[from] brn\n|upkeep\n|turn|51\n|\n|t:|1781404669\n|move|p2a: Scream Tail|Protect|p2a: Scream Tail\n|-singleturn|p2a: Scream Tail|Protect\n|move|p1a: Gallade|Psycho Cut|p2a: Scream Tail\n|-activate|p2a: Scream Tail|move: Protect\n|\n|-heal|p2a: Scream Tail|264/330 brn|[from] move: Wish|[wisher] Scream Tail\n|-heal|p2a: Scream Tail|284/330 brn|[from] item: Leftovers\n|-damage|p2a: Scream Tail|264/330 brn|[from] brn\n|upkeep\n|turn|52\n|\n|t:|1781404671\n|move|p1a: Gallade|Psycho Cut|p2a: Scream Tail\n|-resisted|p2a: Scream Tail\n|-damage|p2a: Scream Tail|206/330 brn\n|move|p2a: Scream Tail|Wish|p2a: Scream Tail\n|\n|-heal|p2a: Scream Tail|226/330 brn|[from] item: Leftovers\n|-damage|p2a: Scream Tail|206/330 brn|[from] brn\n|upkeep\n|turn|53\n|\n|t:|1781404676\n|move|p2a: Scream Tail|Protect|p2a: Scream Tail\n|-singleturn|p2a: Scream Tail|Protect\n|move|p1a: Gallade|Psycho Cut|p2a: Scream Tail\n|-activate|p2a: Scream Tail|move: Protect\n|\n|-heal|p2a: Scream Tail|330/330 brn|[from] move: Wish|[wisher] Scream Tail\n|-damage|p2a: Scream Tail|310/330 brn|[from] brn\n|upkeep\n|turn|54\n|\n|t:|1781404679\n|move|p1a: Gallade|Psycho Cut|p2a: Scream Tail\n|-resisted|p2a: Scream Tail\n|-damage|p2a: Scream Tail|250/330 brn\n|move|p2a: Scream Tail|Wish|p2a: Scream Tail\n|\n|-heal|p2a: Scream Tail|270/330 brn|[from] item: Leftovers\n|-damage|p2a: Scream Tail|250/330 brn|[from] brn\n|upkeep\n|turn|55\n|\n|t:|1781404683\n|switch|p1a: Bombirdier|Bombirdier, L85, M|125/258 psn\n|-damage|p1a: Bombirdier|61/258 psn|[from] Stealth Rock\n|-end|p2a: Scream Tail|Protosynthesis|[silent]\n|switch|p2a: Gogoat|Gogoat, L88, M|260/360\n|\n|-heal|p2a: Gogoat|360/360|[from] move: Wish|[wisher] Scream Tail\n|-damage|p1a: Bombirdier|29/258 psn|[from] psn\n|upkeep\n|turn|56\n|\n|t:|1781404690\n|move|p1a: Bombirdier|Brave Bird|p2a: Gogoat\n|-supereffective|p2a: Gogoat\n|-damage|p2a: Gogoat|36/360\n|-damage|p1a: Bombirdier|0 fnt|[from] Recoil\n|faint|p1a: Bombirdier\n|move|p2a: Gogoat|Milk Drink|p2a: Gogoat\n|-heal|p2a: Gogoat|216/360\n|\n|-heal|p2a: Gogoat|238/360|[from] item: Leftovers\n|upkeep\n|\n|t:|1781404697\n|switch|p1a: Chesnaught|Chesnaught, L84, M|247/285\n|-damage|p1a: Chesnaught|230/285|[from] Stealth Rock\n|turn|57\n|\n|t:|1781404700\n|switch|p2a: Clodsire|Clodsire, L81, F|332/343\n|move|p1a: Chesnaught|Iron Defense|p1a: Chesnaught\n|-boost|p1a: Chesnaught|def|2\n|\n|-heal|p1a: Chesnaught|247/285|[from] item: Leftovers\n|upkeep\n|turn|58\n|\n|t:|1781404712\n|-terastallize|p1a: Chesnaught|Steel\n|move|p1a: Chesnaught|Iron Defense|p1a: Chesnaught\n|-boost|p1a: Chesnaught|def|2\n|move|p2a: Clodsire|Poison Jab|p1a: Chesnaught\n|-immune|p1a: Chesnaught\n|\n|-heal|p1a: Chesnaught|264/285|[from] item: Leftovers\n|upkeep\n|turn|59\n|\n|t:|1781404718\n|move|p1a: Chesnaught|Trailblaze|p2a: Clodsire\n|-damage|p2a: Clodsire|259/343\n|-boost|p1a: Chesnaught|spe|1\n|move|p2a: Clodsire|Earthquake|p1a: Chesnaught\n|-supereffective|p1a: Chesnaught\n|-damage|p1a: Chesnaught|130/285\n|\n|-heal|p1a: Chesnaught|147/285|[from] item: Leftovers\n|upkeep\n|turn|60\n|\n|t:|1781404731\n|move|p1a: Chesnaught|Body Press|p2a: Clodsire\n|-resisted|p2a: Clodsire\n|-damage|p2a: Clodsire|195/343\n|move|p2a: Clodsire|Earthquake|p1a: Chesnaught\n|-supereffective|p1a: Chesnaught\n|-damage|p1a: Chesnaught|27/285\n|\n|-heal|p1a: Chesnaught|44/285|[from] item: Leftovers\n|upkeep\n|turn|61\n|\n|t:|1781404738\n|move|p1a: Chesnaught|Synthesis|p1a: Chesnaught\n|-heal|p1a: Chesnaught|186/285\n|move|p2a: Clodsire|Earthquake|p1a: Chesnaught\n|-supereffective|p1a: Chesnaught\n|-damage|p1a: Chesnaught|64/285\n|\n|-heal|p1a: Chesnaught|81/285|[from] item: Leftovers\n|upkeep\n|turn|62\n|\n|t:|1781404744\n|move|p1a: Chesnaught|Synthesis|p1a: Chesnaught\n|-heal|p1a: Chesnaught|223/285\n|move|p2a: Clodsire|Earthquake|p1a: Chesnaught\n|-supereffective|p1a: Chesnaught\n|-damage|p1a: Chesnaught|83/285\n|\n|-heal|p1a: Chesnaught|100/285|[from] item: Leftovers\n|upkeep\n|turn|63\n|\n|t:|1781404746\n|move|p1a: Chesnaught|Synthesis|p1a: Chesnaught\n|-heal|p1a: Chesnaught|242/285\n|move|p2a: Clodsire|Earthquake|p1a: Chesnaught\n|-supereffective|p1a: Chesnaught\n|-damage|p1a: Chesnaught|122/285\n|\n|-heal|p1a: Chesnaught|139/285|[from] item: Leftovers\n|upkeep\n|turn|64\n|\n|t:|1781404750\n|move|p1a: Chesnaught|Synthesis|p1a: Chesnaught\n|-heal|p1a: Chesnaught|281/285\n|move|p2a: Clodsire|Earthquake|p1a: Chesnaught\n|-supereffective|p1a: Chesnaught\n|-damage|p1a: Chesnaught|159/285\n|\n|-heal|p1a: Chesnaught|176/285|[from] item: Leftovers\n|upkeep\n|turn|65\n|\n|t:|1781404757\n|switch|p1a: Wugtrio|Wugtrio, L91, F|212/212\n|-damage|p1a: Wugtrio|186/212|[from] Stealth Rock\n|move|p2a: Clodsire|Earthquake|p1a: Wugtrio\n|-damage|p1a: Wugtrio|68/212\n|\n|upkeep\n|turn|66\n|\n|t:|1781404766\n|switch|p1a: Gallade|Gallade, L80, M|128/240\n|-damage|p1a: Gallade|113/240|[from] Stealth Rock\n|switch|p2a: Scream Tail|Scream Tail, L84|250/330 brn\n|\n|-heal|p2a: Scream Tail|270/330 brn|[from] item: Leftovers\n|-damage|p2a: Scream Tail|250/330 brn|[from] brn\n|upkeep\n|turn|67\n|\n|t:|1781404776\n|move|p2a: Scream Tail|Protect|p2a: Scream Tail\n|-singleturn|p2a: Scream Tail|Protect\n|move|p1a: Gallade|Night Slash|p2a: Scream Tail\n|-activate|p2a: Scream Tail|move: Protect\n|\n|-heal|p2a: Scream Tail|270/330 brn|[from] item: Leftovers\n|-damage|p2a: Scream Tail|250/330 brn|[from] brn\n|upkeep\n|turn|68\n|\n|t:|1781404782\n|move|p1a: Gallade|Night Slash|p2a: Scream Tail\n|-damage|p2a: Scream Tail|171/330 brn\n|move|p2a: Scream Tail|Wish|p2a: Scream Tail\n|\n|-heal|p2a: Scream Tail|191/330 brn|[from] item: Leftovers\n|-damage|p2a: Scream Tail|171/330 brn|[from] brn\n|upkeep\n|turn|69\n|\n|t:|1781404787\n|move|p2a: Scream Tail|Protect|p2a: Scream Tail\n|-singleturn|p2a: Scream Tail|Protect\n|move|p1a: Gallade|Night Slash|p2a: Scream Tail\n|-activate|p2a: Scream Tail|move: Protect\n|\n|-heal|p2a: Scream Tail|330/330 brn|[from] move: Wish|[wisher] Scream Tail\n|-damage|p2a: Scream Tail|310/330 brn|[from] brn\n|upkeep\n|turn|70\n|\n|t:|1781404789\n|move|p1a: Gallade|Night Slash|p2a: Scream Tail\n|-damage|p2a: Scream Tail|227/330 brn\n|move|p2a: Scream Tail|Wish|p2a: Scream Tail\n|\n|-heal|p2a: Scream Tail|247/330 brn|[from] item: Leftovers\n|-damage|p2a: Scream Tail|227/330 brn|[from] brn\n|upkeep\n|turn|71\n|\n|t:|1781404794\n|-end|p2a: Scream Tail|Protosynthesis|[silent]\n|switch|p2a: Gogoat|Gogoat, L88, M|238/360\n|move|p1a: Gallade|Night Slash|p2a: Gogoat\n|-damage|p2a: Gogoat|133/360\n|\n|-heal|p2a: Gogoat|298/360|[from] move: Wish|[wisher] Scream Tail\n|-heal|p2a: Gogoat|320/360|[from] item: Leftovers\n|upkeep\n|turn|72\n|\n|t:|1781404797\n|move|p1a: Gallade|Night Slash|p2a: Gogoat\n|-damage|p2a: Gogoat|222/360\n|move|p2a: Gogoat|Bulk Up|p2a: Gogoat\n|-boost|p2a: Gogoat|atk|1\n|-boost|p2a: Gogoat|def|1\n|\n|-heal|p2a: Gogoat|244/360|[from] item: Leftovers\n|upkeep\n|turn|73\n|\n|t:|1781404802\n|move|p1a: Gallade|Night Slash|p2a: Gogoat\n|-damage|p2a: Gogoat|173/360\n|move|p2a: Gogoat|Bulk Up|p2a: Gogoat\n|-boost|p2a: Gogoat|atk|1\n|-boost|p2a: Gogoat|def|1\n|\n|-heal|p2a: Gogoat|195/360|[from] item: Leftovers\n|upkeep\n|turn|74\n|-message|Arkaes forfeited.\n|\n|win|General Nova64\n", "inputlog": ">version a8376a258c1d4662feba110a92103f3664a72141\n>start {\"formatid\":\"gen9randombattle\",\"seed\":\"sodium,16e61fc8e61f138fa51f0945cc3a765b\",\"rated\":\"Rated battle\"}\n>player p1 {\"name\":\"Arkaes\",\"avatar\":\"hayley\",\"rating\":2025,\"seed\":\"sodium,f53f5fbea233dabb7a65c5c10fa3c997\"}\n>player p2 {\"name\":\"General Nova64\",\"avatar\":\"169\",\"rating\":2070,\"seed\":\"sodium,ae74d30e018587012f85168439e5d541\"}\n>p1 switch 4\n>p2 switch 2\n>p1 switch 4\n>p2 move dazzlinggleam\n>p1 move nastyplot\n>p2 move dazzlinggleam\n>p1 move thunderbolt\n>p2 move encore\n>p1 move nastyplot\n>p2 move dazzlinggleam\n>p1 move nastyplot\n>p2 move dazzlinggleam\n>p1 switch 3\n>p2 move encore\n>p1 move willowisp\n>p2 move dazzlinggleam\n>p1 switch 3\n>p2 move dazzlinggleam\n>p1 move thunderbolt\n>p2 move dazzlinggleam\n>p1 move thunderbolt\n>p2 move dazzlinggleam\n>p1 move thunderbolt\n>p2 move wish\n>p1 move thunderbolt\n>p2 move dazzlinggleam\n>p1 switch 3\n>p2 move wish\n>p1 move fireblast\n>p2 move dazzlinggleam\n>p1 move fireblast\n>p2 move dazzlinggleam\n>p1 switch 3\n>p2 move dazzlinggleam\n>p1 move thunderbolt\n>p2 move dazzlinggleam\n>p1 move thunderbolt\n>p2 move wish\n>p1 move thunderbolt\n>p2 move dazzlinggleam\n>p1 move thunderbolt\n>p2 move dazzlinggleam\n>p1 switch 2\n>p1 move trailblaze\n>p2 move dazzlinggleam\n>p1 move trailblaze\n>p2 move encore\n>p1 move trailblaze\n>p2 switch 3\n>p1 switch 4\n>p2 move swordsdance\n>p1 move stoneedge\n>p2 move bravebird\n>p2 switch 2\n>p1 switch 3\n>p2 move poisonjab\n>p1 switch 5\n>p1 move psychocut\n>p2 switch 3\n>p1 move psychocut\n>p2 move wish\n>p1 move psychocut\n>p2 move protect\n>p1 move psychocut\n>p2 move wish\n>p1 move psychocut\n>p2 move protect\n>p1 move psychocut\n>p2 move wish\n>p1 move psychocut\n>p2 switch 4\n>p1 switch 4\n>p2 move bulkup\n>p1 move bodypress\n>p2 switch 3\n>p1 switch 3\n>p2 move poisonjab\n>p1 move knockoff\n>p2 move stealthrock\n>p1 switch 4\n>p2 move recover\n>p1 move psychocut\n>p2 switch 4\n>p1 move psychocut\n>p2 move wish\n>p1 move psychocut\n>p2 move protect\n>p1 move psychocut\n>p2 move wish\n>p1 move psychocut\n>p2 switch 3\n>p1 move psychocut\n>p2 move bulkup\n>p1 switch 3\n>p2 move bulkup\n>p1 move irondefense\n>p2 switch 4\n>p1 switch 3\n>p2 move poisonjab\n>p1 move psychocut\n>p2 switch 3\n>p1 move psychocut\n>p2 move wish\n>p1 move psychocut\n>p2 move protect\n>p1 move psychocut\n>p2 move wish\n>p1 move psychocut\n>p2 move protect\n>p1 move psychocut\n>p2 move wish\n>p1 switch 4\n>p2 switch 4\n>p1 move bravebird\n>p2 move milkdrink\n>p1 switch 3\n>p1 move irondefense\n>p2 switch 3\n>p1 move irondefense terastallize\n>p2 move poisonjab\n>p1 move trailblaze\n>p2 move earthquake\n>p1 move bodypress\n>p2 move earthquake\n>p1 move synthesis\n>p2 move earthquake\n>p1 move synthesis\n>p2 move earthquake\n>p1 move synthesis\n>p2 move earthquake\n>p1 move synthesis\n>p2 move earthquake\n>p1 switch 6\n>p2 move earthquake\n>p1 switch 4\n>p2 switch 4\n>p1 move nightslash\n>p2 move protect\n>p1 move nightslash\n>p2 move wish\n>p1 move nightslash\n>p2 move protect\n>p1 move nightslash\n>p2 move wish\n>p1 move nightslash\n>p2 switch 3\n>p1 move nightslash\n>p2 move bulkup\n>p1 move nightslash\n>p2 move bulkup\n>forcelose p1", "uploadtime": 1781404260, "views": 4, "formatid": "gen9randombattle", "rating": null, "private": 0, "password": null, "player_dets": [{"name": "Arkaes", "avatar": "hayley", "rating": 2025, "seed": "sodium,f53f5fbea233dabb7a65c5c10fa3c997"}, {"name": "General Nova64", "avatar": "169", "rating": 2070, "seed": "sodium,ae74d30e018587012f85168439e5d541"}], "teams_full": [{"Oranguru": {"name": "Oranguru", "species": "Oranguru", "speciesId": "oranguru", "gender": "M", "shiny": false, "level": 92, "moves": ["thunderbolt", "focusblast", "nastyplot", "psyshock"], "ability": "Inner Focus", "evs": {"hp": 85, "atk": 0, "def": 85, "spa": 85, "spd": 85, "spe": 85}, "ivs": {"hp": 31, "atk": 0, "def": 31, "spa": 31, "spd": 31, "spe": 31}, "item": "Leftovers", "teraType": "Fighting", "role": "Bulky Attacker", "bvs": {"hp": 90, "atk": 60, "def": 80, "spa": 90, "spd": 110, "spe": 60}, "stats": {"hp": 315, "atk": 115, "def": 200, "spa": 218, "spd": 255, "spe": 163}}, "Chesnaught": {"name": "Chesnaught", "species": "Chesnaught", "speciesId": "chesnaught", "gender": "M", "shiny": false, "level": 84, "moves": ["irondefense", "synthesis", "bodypress", "trailblaze"], "ability": "Bulletproof", "evs": {"hp": 85, "atk": 85, "def": 85, "spa": 85, "spd": 85, "spe": 85}, "ivs": {"hp": 31, "atk": 31, "def": 31, "spa": 31, "spd": 31, "spe": 31}, "item": "Leftovers", "teraType": "Steel", "role": "Fast Bulky Setup", "bvs": {"hp": 88, "atk": 107, "def": 122, "spa": 74, "spd": 75, "spe": 64}, "stats": {"hp": 285, "atk": 228, "def": 253, "spa": 173, "spd": 174, "spe": 156}}, "Chi-Yu": {"name": "Chi-Yu", "species": "Chi-Yu", "speciesId": "chiyu", "gender": "N", "shiny": false, "level": 77, "moves": ["darkpulse", "fireblast", "willowisp", "nastyplot"], "ability": "Beads of Ruin", "evs": {"hp": 85, "atk": 0, "def": 85, "spa": 85, "spd": 85, "spe": 85}, "ivs": {"hp": 31, "atk": 0, "def": 31, "spa": 31, "spd": 31, "spe": 31}, "item": "Heavy-Duty Boots", "teraType": "Fire", "role": "Setup Sweeper", "bvs": {"hp": 55, "atk": 80, "def": 80, "spa": 135, "spd": 120, "spe": 100}, "stats": {"hp": 211, "atk": 128, "def": 168, "spa": 252, "spd": 229, "spe": 199}}, "Bombirdier": {"name": "Bombirdier", "species": "Bombirdier", "speciesId": "bombirdier", "gender": "M", "shiny": false, "level": 85, "moves": ["uturn", "knockoff", "stoneedge", "bravebird"], "ability": "Rocky Payload", "evs": {"hp": 85, "atk": 85, "def": 85, "spa": 85, "spd": 85, "spe": 85}, "ivs": {"hp": 31, "atk": 31, "def": 31, "spa": 31, "spd": 31, "spe": 31}, "item": "Choice Scarf", "teraType": "Rock", "role": "Fast Attacker", "bvs": {"hp": 70, "atk": 103, "def": 85, "spa": 60, "spd": 85, "spe": 82}, "stats": {"hp": 258, "atk": 224, "def": 193, "spa": 151, "spd": 193, "spe": 188}}, "Gallade": {"name": "Gallade", "species": "Gallade", "speciesId": "gallade", "gender": "M", "shiny": false, "level": 80, "moves": ["sacredsword", "psychocut", "nightslash", "leafblade"], "ability": "Sharpness", "evs": {"hp": 85, "atk": 85, "def": 85, "spa": 85, "spd": 85, "spe": 85}, "ivs": {"hp": 31, "atk": 31, "def": 31, "spa": 31, "spd": 31, "spe": 31}, "item": "Choice Scarf", "teraType": "Dark", "role": "Fast Attacker", "bvs": {"hp": 68, "atk": 125, "def": 65, "spa": 65, "spd": 115, "spe": 80}, "stats": {"hp": 240, "atk": 246, "def": 150, "spa": 150, "spd": 230, "spe": 174}}, "Wugtrio": {"name": "Wugtrio", "species": "Wugtrio", "speciesId": "wugtrio", "gender": "F", "shiny": false, "level": 91, "moves": ["stompingtantrum", "liquidation", "throatchop", "aquajet"], "ability": "Gooey", "evs": {"hp": 85, "atk": 85, "def": 85, "spa": 85, "spd": 85, "spe": 85}, "ivs": {"hp": 31, "atk": 31, "def": 31, "spa": 31, "spd": 31, "spe": 31}, "item": "Choice Band", "teraType": "Water", "role": "Fast Attacker", "bvs": {"hp": 35, "atk": 100, "def": 50, "spa": 50, "spd": 70, "spe": 120}, "stats": {"hp": 212, "atk": 234, "def": 143, "spa": 143, "spd": 179, "spe": 270}}}, {"Clodsire": {"name": "Clodsire", "species": "Clodsire", "speciesId": "clodsire", "gender": "F", "shiny": false, "level": 81, "moves": ["earthquake", "recover", "poisonjab", "stealthrock"], "ability": "Unaware", "evs": {"hp": 85, "atk": 85, "def": 85, "spa": 85, "spd": 85, "spe": 85}, "ivs": {"hp": 31, "atk": 31, "def": 31, "spa": 31, "spd": 31, "spe": 31}, "item": "Leftovers", "teraType": "Steel", "role": "Bulky Attacker", "bvs": {"hp": 130, "atk": 75, "def": 60, "spa": 45, "spd": 100, "spe": 20}, "stats": {"hp": 343, "atk": 168, "def": 144, "spa": 120, "spd": 209, "spe": 79}}, "Scream Tail": {"name": "Scream Tail", "species": "Scream Tail", "speciesId": "screamtail", "gender": "N", "shiny": false, "level": 84, "moves": ["dazzlinggleam", "encore", "protect", "wish"], "ability": "Protosynthesis", "evs": {"hp": 85, "atk": 0, "def": 85, "spa": 85, "spd": 85, "spe": 85}, "ivs": {"hp": 31, "atk": 0, "def": 31, "spa": 31, "spd": 31, "spe": 31}, "item": "Leftovers", "teraType": "Poison", "role": "Bulky Attacker", "bvs": {"hp": 115, "atk": 65, "def": 99, "spa": 65, "spd": 115, "spe": 111}, "stats": {"hp": 330, "atk": 114, "def": 215, "spa": 157, "spd": 241, "spe": 235}}, "Dodrio": {"name": "Dodrio", "species": "Dodrio", "speciesId": "dodrio", "gender": "M", "shiny": false, "level": 85, "moves": ["knockoff", "doubleedge", "swordsdance", "bravebird"], "ability": "Early Bird", "evs": {"hp": 85, "atk": 85, "def": 85, "spa": 85, "spd": 85, "spe": 85}, "ivs": {"hp": 31, "atk": 31, "def": 31, "spa": 31, "spd": 31, "spe": 31}, "item": "Heavy-Duty Boots", "teraType": "Normal", "role": "Setup Sweeper", "bvs": {"hp": 60, "atk": 110, "def": 70, "spa": 60, "spd": 60, "spe": 110}, "stats": {"hp": 241, "atk": 236, "def": 168, "spa": 151, "spd": 151, "spe": 236}}, "Gogoat": {"name": "Gogoat", "species": "Gogoat", "speciesId": "gogoat", "gender": "M", "shiny": false, "level": 88, "moves": ["earthquake", "milkdrink", "hornleech", "bulkup"], "ability": "Sap Sipper", "evs": {"hp": 85, "atk": 85, "def": 85, "spa": 85, "spd": 85, "spe": 85}, "ivs": {"hp": 31, "atk": 31, "def": 31, "spa": 31, "spd": 31, "spe": 31}, "item": "Leftovers", "teraType": "Ground", "role": "Bulky Setup", "bvs": {"hp": 123, "atk": 100, "def": 62, "spa": 97, "spd": 81, "spe": 68}, "stats": {"hp": 360, "atk": 226, "def": 159, "spa": 221, "spd": 193, "spe": 170}}, "Politoed": {"name": "Politoed", "species": "Politoed", "speciesId": "politoed", "gender": "F", "shiny": false, "level": 88, "moves": ["surf", "haze", "icebeam", "encore"], "ability": "Drizzle", "evs": {"hp": 85, "atk": 0, "def": 85, "spa": 85, "spd": 85, "spe": 85}, "ivs": {"hp": 31, "atk": 0, "def": 31, "spa": 31, "spd": 31, "spe": 31}, "item": "Leftovers", "teraType": "Water", "role": "Bulky Attacker", "bvs": {"hp": 90, "atk": 75, "def": 75, "spa": 90, "spd": 100, "spe": 70}, "stats": {"hp": 302, "atk": 137, "def": 182, "spa": 209, "spd": 226, "spe": 173}}, "Electivire": {"name": "Electivire", "species": "Electivire", "speciesId": "electivire", "gender": "M", "shiny": false, "level": 84, "moves": ["bulkup", "earthquake", "icepunch", "supercellslam"], "ability": "Motor Drive", "evs": {"hp": 85, "atk": 85, "def": 85, "spa": 85, "spd": 85, "spe": 85}, "ivs": {"hp": 31, "atk": 31, "def": 31, "spa": 31, "spd": 31, "spe": 31}, "item": "Life Orb", "teraType": "Ground", "role": "Setup Sweeper", "bvs": {"hp": 75, "atk": 123, "def": 67, "spa": 95, "spd": 85, "spe": 95}, "stats": {"hp": 263, "atk": 255, "def": 161, "spa": 208, "spd": 191, "spe": 208}}}]}