{"id": "gen9randombattle-2631832412", "format": "[Gen 9] Random Battle", "players": ["AssaultLei", "Itswetz"], "log": "|j|\u2606AssaultLei\n|j|\u2606Itswetz\n|t:|1781445835\n|gametype|singles\n|player|p1|AssaultLei|pokemonranger-gen4|1913\n|player|p2|Itswetz|102|1975\n|gen|9\n|tier|[Gen 9] Random Battle\n|rated|\n|rule|Species Clause: Limit one of each Pok\u00e9mon\n|rule|HP Percentage Mod: HP is shown in percentages\n|rule|Sleep Clause Mod: Limit one foe put to sleep\n|rule|Illusion Level Mod: Illusion disguises the Pok\u00e9mon's true level\n|\n|t:|1781445835\n|teamsize|p1|6\n|teamsize|p2|6\n|start\n|switch|p1a: Chansey|Chansey, L85, F|564/564\n|switch|p2a: Camerupt|Camerupt, L91, F|275/275\n|turn|1\n|\n|t:|1781445844\n|move|p1a: Chansey|Stealth Rock|p2a: Camerupt\n|-sidestart|p2: Itswetz|move: Stealth Rock\n|move|p2a: Camerupt|Stealth Rock|p1a: Chansey\n|-sidestart|p1: AssaultLei|move: Stealth Rock\n|\n|upkeep\n|turn|2\n|\n|t:|1781445856\n|switch|p1a: Rotom|Rotom-Frost, L87|229/229\n|move|p2a: Camerupt|Roar|p1a: Rotom\n|drag|p1a: Chansey|Chansey, L85, F|564/564\n|-damage|p1a: Chansey|494/564|[from] Stealth Rock\n|\n|upkeep\n|turn|3\n|\n|t:|1781445867\n|switch|p1a: Rotom|Rotom-Frost, L87|229/229\n|move|p2a: Camerupt|Earthquake|p1a: Rotom\n|-immune|p1a: Rotom|[from] ability: Levitate\n|\n|upkeep\n|turn|4\n|\n|t:|1781445882\n|move|p1a: Rotom|Blizzard|p2a: Camerupt\n|-damage|p2a: Camerupt|133/275\n|move|p2a: Camerupt|Overheat|p1a: Rotom\n|-supereffective|p1a: Rotom\n|-damage|p1a: Rotom|0 fnt\n|-unboost|p2a: Camerupt|spa|2\n|faint|p1a: Rotom\n|\n|-heal|p2a: Camerupt|150/275|[from] item: Leftovers\n|upkeep\n|\n|t:|1781445900\n|switch|p1a: Meowstic|Meowstic, L89, M|277/277\n|-damage|p1a: Meowstic|243/277|[from] Stealth Rock\n|turn|5\n|\n|t:|1781445914\n|move|p1a: Meowstic|Reflect|p1a: Meowstic\n|-sidestart|p1: AssaultLei|Reflect\n|move|p2a: Camerupt|Earthquake|p1a: Meowstic\n|-damage|p1a: Meowstic|172/277\n|\n|-heal|p2a: Camerupt|167/275|[from] item: Leftovers\n|upkeep\n|turn|6\n|\n|t:|1781445921\n|move|p1a: Meowstic|Psychic Noise|p2a: Camerupt\n|-damage|p2a: Camerupt|80/275\n|-start|p2a: Camerupt|move: Heal Block\n|move|p2a: Camerupt|Earthquake|p1a: Meowstic\n|-damage|p1a: Meowstic|103/277\n|\n|upkeep\n|turn|7\n|\n|t:|1781445931\n|move|p1a: Meowstic|Psychic Noise|p2a: Camerupt\n|-damage|p2a: Camerupt|0 fnt\n|faint|p2a: Camerupt\n|\n|upkeep\n|inactive|Battle timer is ON: inactive players will automatically lose when time's up. (requested by AssaultLei)\n|\n|t:|1781445972\n|switch|p2a: Diancie|Diancie, L82|216/216\n|-damage|p2a: Diancie|189/216|[from] Stealth Rock\n|turn|8\n|\n|t:|1781445984\n|move|p1a: Meowstic|Light Screen|p1a: Meowstic\n|-sidestart|p1: AssaultLei|move: Light Screen\n|move|p2a: Diancie|Rock Polish|p2a: Diancie\n|-boost|p2a: Diancie|spe|2\n|\n|-heal|p2a: Diancie|202/216|[from] item: Leftovers\n|upkeep\n|turn|9\n|\n|t:|1781445994\n|switch|p1a: Toxtricity|Toxtricity, L82, M|257/257\n|-damage|p1a: Toxtricity|225/257|[from] Stealth Rock\n|move|p2a: Diancie|Diamond Storm|p1a: Toxtricity\n|-damage|p1a: Toxtricity|159/257\n|\n|-heal|p2a: Diancie|215/216|[from] item: Leftovers\n|upkeep\n|turn|10\n|\n|t:|1781446006\n|move|p2a: Diancie|Diamond Storm|p1a: Toxtricity\n|-damage|p1a: Toxtricity|95/257\n|-boost|p2a: Diancie|def|2\n|move|p1a: Toxtricity|Overdrive|p2a: Diancie\n|-damage|p2a: Diancie|139/216\n|-enditem|p1a: Toxtricity|Throat Spray\n|-boost|p1a: Toxtricity|spa|1|[from] item: Throat Spray\n|\n|-heal|p2a: Diancie|152/216|[from] item: Leftovers\n|upkeep\n|turn|11\n|\n|t:|1781446025\n|move|p2a: Diancie|Diamond Storm|p1a: Toxtricity\n|-damage|p1a: Toxtricity|32/257\n|move|p1a: Toxtricity|Overdrive|p2a: Diancie\n|-damage|p2a: Diancie|37/216\n|\n|-heal|p2a: Diancie|50/216|[from] item: Leftovers\n|upkeep\n|turn|12\n|\n|t:|1781446037\n|move|p2a: Diancie|Diamond Storm|p1a: Toxtricity\n|-damage|p1a: Toxtricity|0 fnt\n|faint|p1a: Toxtricity\n|\n|-heal|p2a: Diancie|63/216|[from] item: Leftovers\n|-sideend|p1: AssaultLei|Reflect\n|upkeep\n|\n|t:|1781446044\n|switch|p1a: Meowstic|Meowstic, L89, M|103/277\n|-damage|p1a: Meowstic|69/277|[from] Stealth Rock\n|turn|13\n|\n|t:|1781446053\n|move|p1a: Meowstic|Thunder Wave|p2a: Diancie\n|-status|p2a: Diancie|par\n|move|p2a: Diancie|Diamond Storm|p1a: Meowstic\n|-damage|p1a: Meowstic|0 fnt\n|-boost|p2a: Diancie|def|2\n|faint|p1a: Meowstic\n|\n|-heal|p2a: Diancie|76/216 par|[from] item: Leftovers\n|upkeep\n|\n|t:|1781446069\n|switch|p1a: Chansey|Chansey, L85, F|494/564\n|-damage|p1a: Chansey|424/564|[from] Stealth Rock\n|turn|14\n|\n|t:|1781446075\n|move|p1a: Chansey|Seismic Toss|p2a: Diancie\n|-damage|p2a: Diancie|0 fnt\n|faint|p2a: Diancie\n|\n|upkeep\n|\n|t:|1781446084\n|switch|p2a: Hariyama|Hariyama, L87, M|392/392\n|-damage|p2a: Hariyama|368/392|[from] Stealth Rock\n|turn|15\n|\n|t:|1781446095\n|switch|p1a: Staraptor|Staraptor, L79, M|263/263\n|-damage|p1a: Staraptor|198/263|[from] Stealth Rock\n|move|p2a: Hariyama|Knock Off|p1a: Staraptor\n|-damage|p1a: Staraptor|96/263\n|-enditem|p1a: Staraptor|Choice Band|[from] move: Knock Off|[of] p2a: Hariyama\n|\n|-sideend|p1: AssaultLei|move: Light Screen\n|-status|p2a: Hariyama|brn|[from] item: Flame Orb\n|upkeep\n|turn|16\n|\n|t:|1781446111\n|switch|p2a: Slaking|Slaking, L84, M|389/389\n|-damage|p2a: Slaking|341/389|[from] Stealth Rock\n|move|p1a: Staraptor|Brave Bird|p2a: Slaking\n|-damage|p2a: Slaking|206/389\n|-damage|p1a: Staraptor|51/263|[from] Recoil\n|\n|upkeep\n|turn|17\n|\n|t:|1781446122\n|move|p2a: Slaking|Double-Edge|p1a: Staraptor\n|-damage|p1a: Staraptor|0 fnt\n|faint|p1a: Staraptor\n|-damage|p2a: Slaking|189/389|[from] Recoil\n|\n|upkeep\n|\n|t:|1781446127\n|switch|p1a: Venomoth|Venomoth, L84, M|255/255\n|turn|18\n|\n|t:|1781446135\n|switch|p2a: Hariyama|Hariyama, L87, M|368/392 brn\n|-damage|p2a: Hariyama|344/392 brn|[from] Stealth Rock\n|move|p1a: Venomoth|Quiver Dance|p1a: Venomoth\n|-boost|p1a: Venomoth|spa|1\n|-boost|p1a: Venomoth|spd|1\n|-boost|p1a: Venomoth|spe|1\n|\n|-damage|p2a: Hariyama|320/392 brn|[from] brn\n|upkeep\n|turn|19\n|\n|t:|1781446152\n|-terastallize|p2a: Hariyama|Normal\n|move|p1a: Venomoth|Sludge Wave|p2a: Hariyama\n|-damage|p2a: Hariyama|134/392 brn\n|move|p2a: Hariyama|Facade|p1a: Venomoth\n|-damage|p1a: Venomoth|0 fnt\n|faint|p1a: Venomoth\n|\n|-damage|p2a: Hariyama|110/392 brn|[from] brn\n|upkeep\n|-message|AssaultLei forfeited.\n|\n|win|Itswetz\n", "inputlog": ">version a8376a258c1d4662feba110a92103f3664a72141\n>start {\"formatid\":\"gen9randombattle\",\"seed\":\"sodium,c5de1a7e06df61088eb3d42f67f9a9ba\",\"rated\":\"Rated battle\"}\n>player p1 {\"name\":\"AssaultLei\",\"avatar\":\"pokemonranger-gen4\",\"rating\":1913,\"seed\":\"sodium,ec0f570890796bc69c55b89b64e40300\"}\n>player p2 {\"name\":\"Itswetz\",\"avatar\":\"102\",\"rating\":1975,\"seed\":\"sodium,311feebcd34a70ceb9e5e50690aea776\"}\n>p1 move stealthrock\n>p2 move stealthrock\n>p1 switch 2\n>p2 move roar\n>p1 switch 2\n>p2 move earthquake\n>p1 move blizzard\n>p2 move overheat\n>p1 switch 4\n>p1 move reflect\n>p2 move earthquake\n>p1 move psychicnoise\n>p2 move earthquake\n>p1 move psychicnoise\n>p2 move earthquake\n>p2 switch 3\n>p1 move lightscreen\n>p2 move rockpolish\n>p1 switch 6\n>p2 move diamondstorm\n>p1 move overdrive\n>p2 move diamondstorm\n>p1 move overdrive\n>p2 move diamondstorm\n>p1 move overdrive\n>p2 move diamondstorm\n>p1 switch 6\n>p1 move thunderwave\n>p2 move diamondstorm\n>p1 switch 2\n>p1 move seismictoss\n>p2 move bodypress\n>p2 switch 4\n>p1 switch 5\n>p2 move knockoff\n>p1 move bravebird\n>p2 switch 5\n>p1 move bravebird\n>p2 move doubleedge\n>p1 switch 3\n>p1 move quiverdance\n>p2 switch 5\n>p1 move sludgewave\n>p2 move facade terastallize\n>forcelose p1", "uploadtime": 1781445837, "views": 6, "formatid": "gen9randombattle", "rating": null, "private": 0, "password": null}