{"id": "gen9randombattle-2631676879", "format": "[Gen 9] Random Battle", "players": ["lilahcosmos", "mona1234"], "log": "|j|\u2606lilahcosmos\n|j|\u2606mona1234\n|t:|1781419811\n|gametype|singles\n|player|p1|lilahcosmos|swimmerf-gen4|1674\n|player|p2|mona1234|170|1618\n|gen|9\n|tier|[Gen 9] Random Battle\n|rated|\n|rule|Species Clause: Limit one of each Pok\u00e9mon\n|rule|HP Percentage Mod: HP is shown in percentages\n|rule|Sleep Clause Mod: Limit one foe put to sleep\n|rule|Illusion Level Mod: Illusion disguises the Pok\u00e9mon's true level\n|\n|t:|1781419811\n|teamsize|p1|6\n|teamsize|p2|6\n|start\n|switch|p1a: Armarouge|Armarouge, L80, F|267/267\n|switch|p2a: Oinkologne|Oinkologne, L92, M|352/352\n|turn|1\n|inactive|Battle timer is ON: inactive players will automatically lose when time's up. (requested by lilahcosmos)\n|\n|t:|1781419819\n|move|p2a: Oinkologne|Curse|p2a: Oinkologne\n|-unboost|p2a: Oinkologne|spe|1\n|-boost|p2a: Oinkologne|atk|1\n|-boost|p2a: Oinkologne|def|1\n|move|p1a: Armarouge|Meteor Beam||[still]\n|-prepare|p1a: Armarouge|Meteor Beam\n|-boost|p1a: Armarouge|spa|1\n|-enditem|p1a: Armarouge|Power Herb\n|-anim|p1a: Armarouge|Meteor Beam|p2a: Oinkologne\n|-damage|p2a: Oinkologne|222/352\n|\n|-heal|p2a: Oinkologne|244/352|[from] item: Leftovers\n|upkeep\n|turn|2\n|\n|t:|1781419833\n|move|p1a: Armarouge|Energy Ball|p2a: Oinkologne\n|-damage|p2a: Oinkologne|130/352\n|move|p2a: Oinkologne|High Horsepower|p1a: Armarouge\n|-supereffective|p1a: Armarouge\n|-damage|p1a: Armarouge|39/267\n|-ability|p1a: Armarouge|Weak Armor|boost\n|-unboost|p1a: Armarouge|def|1\n|-boost|p1a: Armarouge|spe|2\n|\n|-heal|p2a: Oinkologne|152/352|[from] item: Leftovers\n|upkeep\n|turn|3\n|\n|t:|1781419841\n|move|p1a: Armarouge|Energy Ball|p2a: Oinkologne\n|-damage|p2a: Oinkologne|51/352\n|move|p2a: Oinkologne|High Horsepower|p1a: Armarouge\n|-supereffective|p1a: Armarouge\n|-damage|p1a: Armarouge|0 fnt\n|faint|p1a: Armarouge\n|\n|-heal|p2a: Oinkologne|73/352|[from] item: Leftovers\n|upkeep\n|\n|t:|1781419847\n|switch|p1a: Corviknight|Corviknight, L80, F|288/288\n|-ability|p1a: Corviknight|Pressure\n|turn|4\n|\n|t:|1781419859\n|switch|p2a: Milotic|Milotic, L83, F|293/293\n|move|p1a: Corviknight|Brave Bird|p2a: Milotic\n|-damage|p2a: Milotic|184/293\n|-damage|p1a: Corviknight|252/288|[from] Recoil\n|\n|-heal|p2a: Milotic|202/293|[from] item: Leftovers\n|-heal|p1a: Corviknight|270/288|[from] item: Leftovers\n|upkeep\n|turn|5\n|\n|t:|1781419867\n|switch|p1a: Brute Bonnet|Brute Bonnet, L80|309/309\n|move|p2a: Milotic|Scald|p1a: Brute Bonnet\n|-resisted|p1a: Brute Bonnet\n|-damage|p1a: Brute Bonnet|268/309\n|\n|-heal|p2a: Milotic|220/293|[from] item: Leftovers\n|-heal|p1a: Brute Bonnet|287/309|[from] item: Leftovers\n|upkeep\n|turn|6\n|\n|t:|1781419877\n|switch|p2a: Scyther|Scyther, L82, M|249/249\n|move|p1a: Brute Bonnet|Spore|p2a: Scyther\n|-status|p2a: Scyther|slp|[from] move: Spore\n|\n|-heal|p1a: Brute Bonnet|306/309|[from] item: Leftovers\n|upkeep\n|turn|7\n|\n|t:|1781419883\n|cant|p2a: Scyther|slp\n|move|p1a: Brute Bonnet|Crunch|p2a: Scyther\n|-damage|p2a: Scyther|138/249 slp\n|\n|-heal|p1a: Brute Bonnet|309/309|[from] item: Leftovers\n|upkeep\n|turn|8\n|\n|t:|1781419889\n|move|p1a: Brute Bonnet|Sucker Punch|p2a: Scyther\n|-damage|p2a: Scyther|41/249 slp\n|cant|p2a: Scyther|slp\n|\n|upkeep\n|turn|9\n|c|\u2606mona1234|Woa\n|c|\u2606mona1234|I did not know sucker punch works through sleep\n|\n|t:|1781419916\n|-curestatus|p2a: Scyther|slp|[msg]\n|move|p2a: Scyther|Defog|p1a: Brute Bonnet\n|-unboost|p1a: Brute Bonnet|evasion|1\n|move|p1a: Brute Bonnet|Crunch|p2a: Scyther\n|-damage|p2a: Scyther|0 fnt\n|faint|p2a: Scyther\n|\n|upkeep\n|\n|t:|1781419923\n|switch|p2a: Cinderace|Cinderace, L77, F|250/250\n|turn|10\n|\n|t:|1781419932\n|-end|p1a: Brute Bonnet|Protosynthesis|[silent]\n|switch|p1a: Toucannon|Toucannon, L88, F|284/284\n|move|p2a: Cinderace|U-turn|p1a: Toucannon\n|-start|p2a: Cinderace|typechange|Bug|[from] ability: Libero\n|-resisted|p1a: Toucannon\n|-damage|p1a: Toucannon|247/284\n|\n|t:|1781419938\n|switch|p2a: Terrakion|Terrakion, L79|273/273|[from] U-turn\n|\n|upkeep\n|turn|11\n|\n|t:|1781419943\n|-singleturn|p1a: Toucannon|move: Beak Blast\n|move|p2a: Terrakion|Stone Edge|p1a: Toucannon\n|-supereffective|p1a: Toucannon\n|-damage|p1a: Toucannon|0 fnt\n|faint|p1a: Toucannon\n|-damage|p2a: Terrakion|246/273|[from] item: Life Orb\n|\n|upkeep\n|\n|t:|1781419949\n|switch|p1a: Breloom|Breloom, L83, M|235/235\n|turn|12\n|\n|t:|1781419955\n|switch|p2a: Cinderace|Cinderace, L77, F|250/250\n|move|p1a: Breloom|Swords Dance|p1a: Breloom\n|-boost|p1a: Breloom|atk|2\n|\n|upkeep\n|turn|13\n|\n|t:|1781419958\n|-terastallize|p1a: Breloom|Fighting\n|move|p1a: Breloom|Mach Punch|p2a: Cinderace\n|-damage|p2a: Cinderace|0 fnt\n|faint|p2a: Cinderace\n|-damage|p1a: Breloom|212/235|[from] item: Life Orb\n|\n|upkeep\n|\n|t:|1781419964\n|switch|p2a: Clefable|Clefable, L83, F|293/293\n|turn|14\n|\n|t:|1781419970\n|move|p1a: Breloom|Bullet Seed|p2a: Clefable\n|-damage|p2a: Clefable|218/293\n|-damage|p2a: Clefable|144/293\n|-damage|p2a: Clefable|69/293\n|-hitcount|p2a: Clefable|3\n|-damage|p1a: Breloom|189/235|[from] item: Life Orb\n|move|p2a: Clefable|Moonblast|p1a: Breloom\n|-supereffective|p1a: Breloom\n|-damage|p1a: Breloom|0 fnt\n|faint|p1a: Breloom\n|\n|-heal|p2a: Clefable|87/293|[from] item: Leftovers\n|upkeep\n|\n|t:|1781419984\n|switch|p1a: Raikou|Raikou, L81|278/278\n|-ability|p1a: Raikou|Pressure\n|turn|15\n|\n|t:|1781419987\n|move|p1a: Raikou|Calm Mind|p1a: Raikou\n|-boost|p1a: Raikou|spa|1\n|-boost|p1a: Raikou|spd|1\n|move|p2a: Clefable|Moonlight|p2a: Clefable\n|-heal|p2a: Clefable|233/293\n|\n|-heal|p2a: Clefable|251/293|[from] item: Leftovers\n|upkeep\n|turn|16\n|\n|t:|1781419993\n|move|p1a: Raikou|Thunderbolt|p2a: Clefable\n|-damage|p2a: Clefable|149/293\n|-status|p2a: Clefable|par\n|move|p2a: Clefable|Moonblast|p1a: Raikou\n|-damage|p1a: Raikou|191/278\n|\n|-heal|p1a: Raikou|208/278|[from] item: Leftovers\n|-heal|p2a: Clefable|167/293 par|[from] item: Leftovers\n|upkeep\n|turn|17\n|\n|t:|1781420001\n|move|p1a: Raikou|Calm Mind|p1a: Raikou\n|-boost|p1a: Raikou|spa|1\n|-boost|p1a: Raikou|spd|1\n|move|p2a: Clefable|Moonlight|p2a: Clefable\n|-heal|p2a: Clefable|293/293 par\n|\n|-heal|p1a: Raikou|225/278|[from] item: Leftovers\n|upkeep\n|turn|18\n|\n|t:|1781420005\n|move|p1a: Raikou|Thunderbolt|p2a: Clefable\n|-damage|p2a: Clefable|185/293 par\n|cant|p2a: Clefable|par\n|\n|-heal|p1a: Raikou|242/278|[from] item: Leftovers\n|-heal|p2a: Clefable|203/293 par|[from] item: Leftovers\n|upkeep\n|turn|19\n|\n|t:|1781420014\n|move|p1a: Raikou|Thunderbolt|p2a: Clefable\n|-damage|p2a: Clefable|97/293 par\n|cant|p2a: Clefable|par\n|\n|-heal|p1a: Raikou|259/278|[from] item: Leftovers\n|-heal|p2a: Clefable|115/293 par|[from] item: Leftovers\n|upkeep\n|turn|20\n|\n|t:|1781420018\n|move|p1a: Raikou|Thunderbolt|p2a: Clefable\n|-damage|p2a: Clefable|9/293 par\n|move|p2a: Clefable|Moonlight|p2a: Clefable\n|-heal|p2a: Clefable|155/293 par\n|\n|-heal|p1a: Raikou|276/278|[from] item: Leftovers\n|-heal|p2a: Clefable|173/293 par|[from] item: Leftovers\n|upkeep\n|turn|21\n|\n|t:|1781420024\n|move|p1a: Raikou|Thunderbolt|p2a: Clefable\n|-damage|p2a: Clefable|77/293 par\n|move|p2a: Clefable|Moonlight|p2a: Clefable\n|-heal|p2a: Clefable|223/293 par\n|\n|-heal|p1a: Raikou|278/278|[from] item: Leftovers\n|-heal|p2a: Clefable|241/293 par|[from] item: Leftovers\n|upkeep\n|turn|22\n|\n|t:|1781420029\n|move|p1a: Raikou|Thunderbolt|p2a: Clefable\n|-damage|p2a: Clefable|138/293 par\n|cant|p2a: Clefable|par\n|\n|-heal|p2a: Clefable|156/293 par|[from] item: Leftovers\n|upkeep\n|turn|23\n|\n|t:|1781420034\n|move|p1a: Raikou|Thunderbolt|p2a: Clefable\n|-damage|p2a: Clefable|51/293 par\n|cant|p2a: Clefable|par\n|\n|-heal|p2a: Clefable|69/293 par|[from] item: Leftovers\n|upkeep\n|turn|24\n|\n|t:|1781420039\n|move|p1a: Raikou|Thunderbolt|p2a: Clefable\n|-damage|p2a: Clefable|0 fnt\n|faint|p2a: Clefable\n|\n|upkeep\n|\n|t:|1781420050\n|switch|p2a: Milotic|Milotic, L83, F|220/293\n|turn|25\n|\n|t:|1781420063\n|-terastallize|p2a: Milotic|Dragon\n|move|p1a: Raikou|Thunderbolt|p2a: Milotic\n|-resisted|p2a: Milotic\n|-damage|p2a: Milotic|143/293\n|move|p2a: Milotic|Haze|p2a: Milotic\n|-clearallboost\n|\n|-heal|p2a: Milotic|161/293|[from] item: Leftovers\n|upkeep\n|turn|26\n|\n|t:|1781420070\n|move|p1a: Raikou|Shadow Ball|p2a: Milotic\n|-damage|p2a: Milotic|118/293\n|move|p2a: Milotic|Recover|p2a: Milotic\n|-heal|p2a: Milotic|265/293\n|\n|-heal|p2a: Milotic|283/293|[from] item: Leftovers\n|upkeep\n|turn|27\n|\n|t:|1781420080\n|switch|p1a: Brute Bonnet|Brute Bonnet, L80|309/309\n|move|p2a: Milotic|Scald|p1a: Brute Bonnet\n|-resisted|p1a: Brute Bonnet\n|-damage|p1a: Brute Bonnet|266/309\n|\n|-heal|p2a: Milotic|293/293|[from] item: Leftovers\n|-heal|p1a: Brute Bonnet|285/309|[from] item: Leftovers\n|upkeep\n|turn|28\n|\n|t:|1781420085\n|move|p2a: Milotic|Ice Beam|p1a: Brute Bonnet\n|-supereffective|p1a: Brute Bonnet\n|-damage|p1a: Brute Bonnet|163/309\n|move|p1a: Brute Bonnet|Spore|p2a: Milotic\n|-status|p2a: Milotic|slp|[from] move: Spore\n|\n|-heal|p1a: Brute Bonnet|182/309|[from] item: Leftovers\n|upkeep\n|turn|29\n|\n|t:|1781420093\n|cant|p2a: Milotic|slp\n|move|p1a: Brute Bonnet|Crunch|p2a: Milotic\n|-damage|p2a: Milotic|187/293 slp\n|-unboost|p2a: Milotic|def|1\n|-ability|p2a: Milotic|Competitive|boost\n|-boost|p2a: Milotic|spa|2\n|\n|-heal|p2a: Milotic|205/293 slp|[from] item: Leftovers\n|-heal|p1a: Brute Bonnet|201/309|[from] item: Leftovers\n|upkeep\n|turn|30\n|\n|t:|1781420103\n|move|p1a: Brute Bonnet|Sucker Punch|p2a: Milotic\n|-damage|p2a: Milotic|54/293 slp\n|cant|p2a: Milotic|slp\n|\n|-heal|p2a: Milotic|72/293 slp|[from] item: Leftovers\n|-heal|p1a: Brute Bonnet|220/309|[from] item: Leftovers\n|upkeep\n|turn|31\n|\n|t:|1781420112\n|-curestatus|p2a: Milotic|slp|[msg]\n|move|p2a: Milotic|Ice Beam|p1a: Brute Bonnet\n|-supereffective|p1a: Brute Bonnet\n|-damage|p1a: Brute Bonnet|0 fnt\n|faint|p1a: Brute Bonnet\n|-end|p1a: Brute Bonnet|Protosynthesis|[silent]\n|\n|-heal|p2a: Milotic|90/293|[from] item: Leftovers\n|upkeep\n|\n|t:|1781420120\n|switch|p1a: Corviknight|Corviknight, L80, F|270/288\n|-ability|p1a: Corviknight|Pressure\n|turn|32\n|\n|t:|1781420123\n|switch|p2a: Oinkologne|Oinkologne, L92, M|73/352\n|move|p1a: Corviknight|Brave Bird|p2a: Oinkologne\n|-damage|p2a: Oinkologne|0 fnt\n|faint|p2a: Oinkologne\n|-damage|p1a: Corviknight|246/288|[from] Recoil\n|\n|-heal|p1a: Corviknight|264/288|[from] item: Leftovers\n|upkeep\n|\n|t:|1781420126\n|switch|p2a: Milotic|Milotic, L83, F, tera:Dragon|90/293\n|turn|33\n|\n|t:|1781420129\n|move|p2a: Milotic|Recover|p2a: Milotic\n|-heal|p2a: Milotic|237/293\n|move|p1a: Corviknight|Brave Bird|p2a: Milotic\n|-damage|p2a: Milotic|126/293\n|-damage|p1a: Corviknight|227/288|[from] Recoil\n|\n|-heal|p2a: Milotic|144/293|[from] item: Leftovers\n|-heal|p1a: Corviknight|245/288|[from] item: Leftovers\n|upkeep\n|turn|34\n|\n|t:|1781420133\n|move|p2a: Milotic|Recover|p2a: Milotic\n|-heal|p2a: Milotic|291/293\n|move|p1a: Corviknight|Brave Bird|p2a: Milotic\n|-damage|p2a: Milotic|162/293\n|-damage|p1a: Corviknight|202/288|[from] Recoil\n|\n|-heal|p2a: Milotic|180/293|[from] item: Leftovers\n|-heal|p1a: Corviknight|220/288|[from] item: Leftovers\n|upkeep\n|turn|35\n|\n|t:|1781420135\n|move|p2a: Milotic|Scald|p1a: Corviknight\n|-damage|p1a: Corviknight|135/288\n|move|p1a: Corviknight|Brave Bird|p2a: Milotic\n|-damage|p2a: Milotic|59/293\n|-damage|p1a: Corviknight|95/288|[from] Recoil\n|\n|-heal|p2a: Milotic|77/293|[from] item: Leftovers\n|-heal|p1a: Corviknight|113/288|[from] item: Leftovers\n|upkeep\n|turn|36\n|\n|t:|1781420140\n|move|p2a: Milotic|Recover|p2a: Milotic\n|-heal|p2a: Milotic|224/293\n|move|p1a: Corviknight|Brave Bird|p2a: Milotic\n|-damage|p2a: Milotic|106/293\n|-damage|p1a: Corviknight|74/288|[from] Recoil\n|\n|-heal|p2a: Milotic|124/293|[from] item: Leftovers\n|-heal|p1a: Corviknight|92/288|[from] item: Leftovers\n|upkeep\n|turn|37\n|\n|t:|1781420146\n|move|p2a: Milotic|Recover|p2a: Milotic\n|-heal|p2a: Milotic|271/293\n|move|p1a: Corviknight|Roost|p1a: Corviknight\n|-heal|p1a: Corviknight|236/288\n|-singleturn|p1a: Corviknight|move: Roost\n|\n|-heal|p2a: Milotic|289/293|[from] item: Leftovers\n|-heal|p1a: Corviknight|254/288|[from] item: Leftovers\n|upkeep\n|turn|38\n|\n|t:|1781420148\n|move|p2a: Milotic|Scald|p1a: Corviknight\n|-damage|p1a: Corviknight|167/288\n|-status|p1a: Corviknight|brn\n|move|p1a: Corviknight|Brave Bird|p2a: Milotic\n|-damage|p2a: Milotic|227/293\n|-damage|p1a: Corviknight|147/288 brn|[from] Recoil\n|\n|-heal|p2a: Milotic|245/293|[from] item: Leftovers\n|-heal|p1a: Corviknight|165/288 brn|[from] item: Leftovers\n|-damage|p1a: Corviknight|147/288 brn|[from] brn\n|upkeep\n|turn|39\n|\n|t:|1781420155\n|move|p2a: Milotic|Scald|p1a: Corviknight\n|-damage|p1a: Corviknight|63/288 brn\n|move|p1a: Corviknight|Roost|p1a: Corviknight\n|-heal|p1a: Corviknight|207/288 brn\n|-singleturn|p1a: Corviknight|move: Roost\n|\n|-heal|p2a: Milotic|263/293|[from] item: Leftovers\n|-heal|p1a: Corviknight|225/288 brn|[from] item: Leftovers\n|-damage|p1a: Corviknight|207/288 brn|[from] brn\n|upkeep\n|turn|40\n|\n|t:|1781420157\n|move|p2a: Milotic|Scald|p1a: Corviknight\n|-damage|p1a: Corviknight|117/288 brn\n|move|p1a: Corviknight|Roost|p1a: Corviknight\n|-heal|p1a: Corviknight|261/288 brn\n|-singleturn|p1a: Corviknight|move: Roost\n|\n|-heal|p2a: Milotic|281/293|[from] item: Leftovers\n|-heal|p1a: Corviknight|279/288 brn|[from] item: Leftovers\n|-damage|p1a: Corviknight|261/288 brn|[from] brn\n|upkeep\n|turn|41\n|\n|t:|1781420166\n|move|p2a: Milotic|Ice Beam|p1a: Corviknight\n|-damage|p1a: Corviknight|190/288 brn\n|move|p1a: Corviknight|Roost|p1a: Corviknight\n|-heal|p1a: Corviknight|288/288 brn\n|-singleturn|p1a: Corviknight|move: Roost\n|\n|-heal|p2a: Milotic|293/293|[from] item: Leftovers\n|-damage|p1a: Corviknight|270/288 brn|[from] brn\n|upkeep\n|turn|42\n|\n|t:|1781420171\n|move|p2a: Milotic|Ice Beam|p1a: Corviknight\n|-damage|p1a: Corviknight|204/288 brn\n|move|p1a: Corviknight|Roost|p1a: Corviknight\n|-heal|p1a: Corviknight|288/288 brn\n|-singleturn|p1a: Corviknight|move: Roost\n|\n|-damage|p1a: Corviknight|270/288 brn|[from] brn\n|upkeep\n|turn|43\n|\n|t:|1781420174\n|move|p2a: Milotic|Scald|p1a: Corviknight\n|-damage|p1a: Corviknight|179/288 brn\n|move|p1a: Corviknight|Roost|p1a: Corviknight\n|-heal|p1a: Corviknight|288/288 brn\n|-singleturn|p1a: Corviknight|move: Roost\n|\n|-damage|p1a: Corviknight|270/288 brn|[from] brn\n|upkeep\n|turn|44\n|\n|t:|1781420191\n|move|p2a: Milotic|Haze|p2a: Milotic\n|-clearallboost\n|move|p1a: Corviknight|Brave Bird|p2a: Milotic\n|-damage|p2a: Milotic|234/293\n|-damage|p1a: Corviknight|251/288 brn|[from] Recoil\n|\n|-heal|p2a: Milotic|252/293|[from] item: Leftovers\n|-heal|p1a: Corviknight|269/288 brn|[from] item: Leftovers\n|-damage|p1a: Corviknight|251/288 brn|[from] brn\n|upkeep\n|turn|45\n|\n|t:|1781420210\n|move|p2a: Milotic|Scald|p1a: Corviknight\n|-damage|p1a: Corviknight|158/288 brn\n|move|p1a: Corviknight|Brave Bird|p2a: Milotic\n|-damage|p2a: Milotic|192/293\n|-damage|p1a: Corviknight|138/288 brn|[from] Recoil\n|\n|-heal|p2a: Milotic|210/293|[from] item: Leftovers\n|-heal|p1a: Corviknight|156/288 brn|[from] item: Leftovers\n|-damage|p1a: Corviknight|138/288 brn|[from] brn\n|upkeep\n|turn|46\n|\n|t:|1781420217\n|move|p2a: Milotic|Scald|p1a: Corviknight\n|-damage|p1a: Corviknight|42/288 brn\n|move|p1a: Corviknight|Roost|p1a: Corviknight\n|-heal|p1a: Corviknight|186/288 brn\n|-singleturn|p1a: Corviknight|move: Roost\n|\n|-heal|p2a: Milotic|228/293|[from] item: Leftovers\n|-heal|p1a: Corviknight|204/288 brn|[from] item: Leftovers\n|-damage|p1a: Corviknight|186/288 brn|[from] brn\n|upkeep\n|turn|47\n|\n|t:|1781420221\n|move|p2a: Milotic|Scald|p1a: Corviknight\n|-damage|p1a: Corviknight|93/288 brn\n|move|p1a: Corviknight|Roost|p1a: Corviknight\n|-heal|p1a: Corviknight|237/288 brn\n|-singleturn|p1a: Corviknight|move: Roost\n|\n|-heal|p2a: Milotic|246/293|[from] item: Leftovers\n|-heal|p1a: Corviknight|255/288 brn|[from] item: Leftovers\n|-damage|p1a: Corviknight|237/288 brn|[from] brn\n|upkeep\n|turn|48\n|\n|t:|1781420223\n|move|p2a: Milotic|Ice Beam|p1a: Corviknight\n|-damage|p1a: Corviknight|164/288 brn\n|move|p1a: Corviknight|Brave Bird|p2a: Milotic\n|-crit|p2a: Milotic\n|-damage|p2a: Milotic|154/293\n|-damage|p1a: Corviknight|134/288 brn|[from] Recoil\n|\n|-heal|p2a: Milotic|172/293|[from] item: Leftovers\n|-heal|p1a: Corviknight|152/288 brn|[from] item: Leftovers\n|-damage|p1a: Corviknight|134/288 brn|[from] brn\n|upkeep\n|turn|49\n|\n|t:|1781420233\n|move|p2a: Milotic|Ice Beam|p1a: Corviknight\n|-damage|p1a: Corviknight|66/288 brn\n|move|p1a: Corviknight|Brave Bird|p2a: Milotic\n|-damage|p2a: Milotic|117/293\n|-damage|p1a: Corviknight|48/288 brn|[from] Recoil\n|\n|-heal|p2a: Milotic|135/293|[from] item: Leftovers\n|-heal|p1a: Corviknight|66/288 brn|[from] item: Leftovers\n|-damage|p1a: Corviknight|48/288 brn|[from] brn\n|upkeep\n|turn|50\n|\n|t:|1781420244\n|move|p2a: Milotic|Recover|p2a: Milotic\n|-heal|p2a: Milotic|282/293\n|move|p1a: Corviknight|Brave Bird|p2a: Milotic\n|-damage|p2a: Milotic|219/293\n|-damage|p1a: Corviknight|27/288 brn|[from] Recoil\n|\n|-heal|p2a: Milotic|237/293|[from] item: Leftovers\n|-heal|p1a: Corviknight|45/288 brn|[from] item: Leftovers\n|-damage|p1a: Corviknight|27/288 brn|[from] brn\n|upkeep\n|turn|51\n|\n|t:|1781420248\n|move|p2a: Milotic|Ice Beam|p1a: Corviknight\n|-damage|p1a: Corviknight|0 fnt\n|faint|p1a: Corviknight\n|\n|-heal|p2a: Milotic|255/293|[from] item: Leftovers\n|upkeep\n|\n|t:|1781420254\n|switch|p1a: Raikou|Raikou, L81|278/278\n|-ability|p1a: Raikou|Pressure\n|turn|52\n|\n|t:|1781420258\n|move|p1a: Raikou|Calm Mind|p1a: Raikou\n|-boost|p1a: Raikou|spa|1\n|-boost|p1a: Raikou|spd|1\n|move|p2a: Milotic|Scald|p1a: Raikou\n|-damage|p1a: Raikou|227/278\n|-status|p1a: Raikou|brn\n|\n|-heal|p1a: Raikou|244/278 brn|[from] item: Leftovers\n|-heal|p2a: Milotic|273/293|[from] item: Leftovers\n|-damage|p1a: Raikou|227/278 brn|[from] brn\n|upkeep\n|turn|53\n|\n|t:|1781420266\n|move|p1a: Raikou|Calm Mind|p1a: Raikou\n|-boost|p1a: Raikou|spa|1\n|-boost|p1a: Raikou|spd|1\n|move|p2a: Milotic|Haze|p2a: Milotic\n|-clearallboost\n|\n|-heal|p1a: Raikou|244/278 brn|[from] item: Leftovers\n|-heal|p2a: Milotic|291/293|[from] item: Leftovers\n|-damage|p1a: Raikou|227/278 brn|[from] brn\n|upkeep\n|turn|54\n|\n|t:|1781420271\n|move|p1a: Raikou|Calm Mind|p1a: Raikou\n|-boost|p1a: Raikou|spa|1\n|-boost|p1a: Raikou|spd|1\n|move|p2a: Milotic|Haze|p2a: Milotic\n|-clearallboost\n|\n|-heal|p1a: Raikou|244/278 brn|[from] item: Leftovers\n|-heal|p2a: Milotic|293/293|[from] item: Leftovers\n|-damage|p1a: Raikou|227/278 brn|[from] brn\n|upkeep\n|turn|55\n|\n|t:|1781420278\n|move|p1a: Raikou|Thunderbolt|p2a: Milotic\n|-resisted|p2a: Milotic\n|-damage|p2a: Milotic|251/293\n|-status|p2a: Milotic|par\n|move|p2a: Milotic|Ice Beam|p1a: Raikou\n|-damage|p1a: Raikou|171/278 brn\n|\n|-heal|p1a: Raikou|188/278 brn|[from] item: Leftovers\n|-heal|p2a: Milotic|269/293 par|[from] item: Leftovers\n|-damage|p1a: Raikou|171/278 brn|[from] brn\n|upkeep\n|turn|56\n|\n|t:|1781420286\n|move|p1a: Raikou|Calm Mind|p1a: Raikou\n|-boost|p1a: Raikou|spa|1\n|-boost|p1a: Raikou|spd|1\n|move|p2a: Milotic|Haze|p2a: Milotic\n|-clearallboost\n|\n|-heal|p1a: Raikou|188/278 brn|[from] item: Leftovers\n|-heal|p2a: Milotic|287/293 par|[from] item: Leftovers\n|-damage|p1a: Raikou|171/278 brn|[from] brn\n|upkeep\n|turn|57\n|\n|t:|1781420291\n|move|p1a: Raikou|Calm Mind|p1a: Raikou\n|-boost|p1a: Raikou|spa|1\n|-boost|p1a: Raikou|spd|1\n|move|p2a: Milotic|Ice Beam|p1a: Raikou\n|-damage|p1a: Raikou|131/278 brn\n|\n|-heal|p1a: Raikou|148/278 brn|[from] item: Leftovers\n|-heal|p2a: Milotic|293/293 par|[from] item: Leftovers\n|-damage|p1a: Raikou|131/278 brn|[from] brn\n|upkeep\n|turn|58\n|\n|t:|1781420293\n|move|p1a: Raikou|Thunderbolt|p2a: Milotic\n|-resisted|p2a: Milotic\n|-damage|p2a: Milotic|234/293 par\n|cant|p2a: Milotic|par\n|\n|-heal|p1a: Raikou|148/278 brn|[from] item: Leftovers\n|-heal|p2a: Milotic|252/293 par|[from] item: Leftovers\n|-damage|p1a: Raikou|131/278 brn|[from] brn\n|upkeep\n|turn|59\n|\n|t:|1781420298\n|move|p1a: Raikou|Thunderbolt|p2a: Milotic\n|-resisted|p2a: Milotic\n|-crit|p2a: Milotic\n|-damage|p2a: Milotic|170/293 par\n|move|p2a: Milotic|Haze|p2a: Milotic\n|-clearallboost\n|\n|-heal|p1a: Raikou|148/278 brn|[from] item: Leftovers\n|-heal|p2a: Milotic|188/293 par|[from] item: Leftovers\n|-damage|p1a: Raikou|131/278 brn|[from] brn\n|upkeep\n|turn|60\n|\n|t:|1781420304\n|move|p1a: Raikou|Calm Mind|p1a: Raikou\n|-boost|p1a: Raikou|spa|1\n|-boost|p1a: Raikou|spd|1\n|cant|p2a: Milotic|par\n|\n|-heal|p1a: Raikou|148/278 brn|[from] item: Leftovers\n|-heal|p2a: Milotic|206/293 par|[from] item: Leftovers\n|-damage|p1a: Raikou|131/278 brn|[from] brn\n|upkeep\n|turn|61\n|\n|t:|1781420309\n|move|p1a: Raikou|Shadow Ball|p2a: Milotic\n|-damage|p2a: Milotic|139/293 par\n|-unboost|p2a: Milotic|spd|1\n|-ability|p2a: Milotic|Competitive|boost\n|-boost|p2a: Milotic|spa|2\n|cant|p2a: Milotic|par\n|\n|-heal|p1a: Raikou|148/278 brn|[from] item: Leftovers\n|-heal|p2a: Milotic|157/293 par|[from] item: Leftovers\n|-damage|p1a: Raikou|131/278 brn|[from] brn\n|upkeep\n|turn|62\n|\n|t:|1781420322\n|move|p1a: Raikou|Shadow Ball|p2a: Milotic\n|-damage|p2a: Milotic|51/293 par\n|move|p2a: Milotic|Haze|p2a: Milotic\n|-clearallboost\n|\n|-heal|p1a: Raikou|148/278 brn|[from] item: Leftovers\n|-heal|p2a: Milotic|69/293 par|[from] item: Leftovers\n|-damage|p1a: Raikou|131/278 brn|[from] brn\n|upkeep\n|turn|63\n|\n|t:|1781420327\n|switch|p2a: Terrakion|Terrakion, L79|246/273\n|move|p1a: Raikou|Shadow Ball|p2a: Terrakion\n|-damage|p2a: Terrakion|180/273\n|\n|-heal|p1a: Raikou|148/278 brn|[from] item: Leftovers\n|-damage|p1a: Raikou|131/278 brn|[from] brn\n|upkeep\n|turn|64\n|\n|t:|1781420330\n|move|p1a: Raikou|Scald|p2a: Terrakion\n|-supereffective|p2a: Terrakion\n|-damage|p2a: Terrakion|64/273\n|-status|p2a: Terrakion|brn\n|move|p2a: Terrakion|Earthquake|p1a: Raikou\n|-supereffective|p1a: Raikou\n|-damage|p1a: Raikou|8/278 brn\n|-damage|p2a: Terrakion|37/273 brn|[from] item: Life Orb\n|\n|-heal|p1a: Raikou|25/278 brn|[from] item: Leftovers\n|-damage|p1a: Raikou|8/278 brn|[from] brn\n|-damage|p2a: Terrakion|20/273 brn|[from] brn\n|upkeep\n|turn|65\n|\n|t:|1781420337\n|move|p1a: Raikou|Scald|p2a: Terrakion\n|-supereffective|p2a: Terrakion\n|-damage|p2a: Terrakion|0 fnt\n|faint|p2a: Terrakion\n|\n|-heal|p1a: Raikou|25/278 brn|[from] item: Leftovers\n|-damage|p1a: Raikou|8/278 brn|[from] brn\n|upkeep\n|n|!mona1234|mona1234\n|\n|t:|1781420353\n|switch|p2a: Milotic|Milotic, L83, F, tera:Dragon|69/293 par\n|turn|66\n|\n|t:|1781420358\n|move|p1a: Raikou|Shadow Ball|p2a: Milotic\n|-damage|p2a: Milotic|20/293 par\n|move|p2a: Milotic|Recover|p2a: Milotic\n|-heal|p2a: Milotic|167/293 par\n|\n|-heal|p1a: Raikou|25/278 brn|[from] item: Leftovers\n|-heal|p2a: Milotic|185/293 par|[from] item: Leftovers\n|-damage|p1a: Raikou|8/278 brn|[from] brn\n|upkeep\n|turn|67\n|\n|t:|1781420368\n|move|p1a: Raikou|Shadow Ball|p2a: Milotic\n|-damage|p2a: Milotic|142/293 par\n|cant|p2a: Milotic|par\n|\n|-heal|p1a: Raikou|25/278 brn|[from] item: Leftovers\n|-heal|p2a: Milotic|160/293 par|[from] item: Leftovers\n|-damage|p1a: Raikou|8/278 brn|[from] brn\n|upkeep\n|turn|68\n|\n|t:|1781420373\n|move|p1a: Raikou|Shadow Ball|p2a: Milotic\n|-damage|p2a: Milotic|111/293 par\n|-unboost|p2a: Milotic|spd|1\n|-ability|p2a: Milotic|Competitive|boost\n|-boost|p2a: Milotic|spa|2\n|move|p2a: Milotic|Scald|p1a: Raikou\n|-damage|p1a: Raikou|0 fnt\n|faint|p1a: Raikou\n|\n|win|mona1234\n|raw|lilahcosmos's rating: 1674 &rarr; <strong>1651</strong><br />(-23 for losing)\n|raw|mona1234's rating: 1618 &rarr; <strong>1641</strong><br />(+23 for winning)\n|l|\u2606lilahcosmos\n|player|p1|\n", "inputlog": ">version a8376a258c1d4662feba110a92103f3664a72141\n>start {\"formatid\":\"gen9randombattle\",\"seed\":\"sodium,cc40862981cc43f43394ad57b4ab5218\",\"rated\":\"Rated battle\"}\n>player p1 {\"name\":\"lilahcosmos\",\"avatar\":\"swimmerf-gen4\",\"rating\":1674,\"seed\":\"sodium,50c32ac526acbd0445ace7168e381049\"}\n>player p2 {\"name\":\"mona1234\",\"avatar\":\"170\",\"rating\":1618,\"seed\":\"sodium,5385ad44318e9383b3da050e092384b5\"}\n>p1 move meteorbeam\n>p2 move curse\n>p1 move energyball\n>p2 move highhorsepower\n>p1 move energyball\n>p2 move highhorsepower\n>p1 switch 2\n>p1 move bravebird\n>p2 switch 6\n>p1 switch 4\n>p2 move scald\n>p1 move spore\n>p2 switch 3\n>p1 move crunch\n>p2 move uturn\n>p1 move suckerpunch\n>p2 move uturn\n>chat \u2606mona1234|Woa\n>chat \u2606mona1234|I did not know sucker punch works through sleep\n>p1 move crunch\n>p2 move defog\n>p2 switch 4\n>p1 switch 6\n>p2 move uturn\n>p2 switch 2\n>p1 move beakblast\n>p2 move stoneedge\n>p1 switch 5\n>p1 move swordsdance\n>p2 switch 2\n>p1 move machpunch terastallize\n>p2 move pyroball\n>p2 switch 5\n>p1 move bulletseed\n>p2 move moonblast\n>p1 switch 3\n>p1 move calmmind\n>p2 move moonlight\n>p1 move thunderbolt\n>p2 move moonblast\n>p1 move calmmind\n>p2 move moonlight\n>p1 move thunderbolt\n>p2 move moonblast\n>p1 move thunderbolt\n>p2 move moonblast\n>p1 move thunderbolt\n>p2 move moonlight\n>p1 move thunderbolt\n>p2 move moonlight\n>p1 move thunderbolt\n>p2 move moonblast\n>p1 move thunderbolt\n>p2 move moonlight\n>p1 move thunderbolt\n>p2 move moonblast\n>p2 switch 3\n>p1 move thunderbolt\n>p2 move haze terastallize\n>p1 move shadowball\n>p2 move recover\n>p1 switch 6\n>p2 move scald\n>p1 move spore\n>p2 move icebeam\n>p1 move crunch\n>p2 move icebeam\n>p1 move suckerpunch\n>p2 move icebeam\n>p1 move crunch\n>p2 move icebeam\n>p1 switch 4\n>p1 move bravebird\n>p2 switch 6\n>p2 switch 6\n>p1 move bravebird\n>p2 move recover\n>p1 move bravebird\n>p2 move recover\n>p1 move bravebird\n>p2 move scald\n>p1 move bravebird\n>p2 move recover\n>p1 move roost\n>p2 move recover\n>p1 move bravebird\n>p2 move scald\n>p1 move roost\n>p2 move scald\n>p1 move roost\n>p2 move scald\n>p1 move roost\n>p2 move icebeam\n>p1 move roost\n>p2 move icebeam\n>p1 move roost\n>p2 move scald\n>p1 move bravebird\n>p2 move haze\n>p1 move bravebird\n>p2 move scald\n>p1 move roost\n>p2 move scald\n>p1 move roost\n>p2 move scald\n>p1 move bravebird\n>p2 move icebeam\n>p1 move bravebird\n>p2 move icebeam\n>p1 move bravebird\n>p2 move recover\n>p1 move bravebird\n>p2 move icebeam\n>p1 switch 6\n>p1 move calmmind\n>p2 move scald\n>p1 move calmmind\n>p2 move haze\n>p1 move calmmind\n>p2 move haze\n>p1 move thunderbolt\n>p2 move icebeam\n>p1 move calmmind\n>p2 move haze\n>p1 move calmmind\n>p2 move icebeam\n>p1 move thunderbolt\n>p2 move haze\n>p1 move thunderbolt\n>p2 move haze\n>p1 move calmmind\n>p2 move recover\n>p1 move shadowball\n>p2 move haze\n>p1 move shadowball\n>p2 move haze\n>p1 move shadowball\n>p2 switch 2\n>p1 move scald\n>p2 move earthquake\n>p1 move scald\n>p2 move stoneedge\n>chat \u2606mona1234|Suck it\n>p2 switch 2\n>p1 move shadowball\n>p2 move recover\n>p1 move shadowball\n>p2 move scald\n>p1 move shadowball\n>p2 move scald", "uploadtime": 1781420339, "views": 3, "formatid": "gen9randombattle", "rating": 1641, "private": 0, "password": null, "player_dets": [{"name": "lilahcosmos", "avatar": "swimmerf-gen4", "rating": 1674, "seed": "sodium,50c32ac526acbd0445ace7168e381049"}, {"name": "mona1234", "avatar": "170", "rating": 1618, "seed": "sodium,5385ad44318e9383b3da050e092384b5"}], "teams_full": [{"Armarouge": {"name": "Armarouge", "species": "Armarouge", "speciesId": "armarouge", "gender": "F", "shiny": false, "level": 80, "moves": ["meteorbeam", "energyball", "psyshock", "armorcannon"], "ability": "Weak Armor", "evs": {"hp": 85, "atk": 0, "def": 85, "spa": 85, "spd": 85, "spe": 85}, "ivs": {"hp": 31, "atk": 0, "def": 31, "spa": 31, "spd": 31, "spe": 31}, "item": "Power Herb", "teraType": "Grass", "role": "Setup Sweeper", "bvs": {"hp": 85, "atk": 60, "def": 100, "spa": 125, "spd": 80, "spe": 75}, "stats": {"hp": 267, "atk": 101, "def": 206, "spa": 246, "spd": 174, "spe": 166}, "types": ["Fire", "Psychic"]}, "Corviknight": {"name": "Corviknight", "species": "Corviknight", "speciesId": "corviknight", "gender": "F", "shiny": false, "level": 80, "moves": ["roost", "uturn", "bravebird", "defog"], "ability": "Pressure", "evs": {"hp": 85, "atk": 85, "def": 85, "spa": 85, "spd": 85, "spe": 85}, "ivs": {"hp": 31, "atk": 31, "def": 31, "spa": 31, "spd": 31, "spe": 31}, "item": "Leftovers", "teraType": "Dragon", "role": "Bulky Support", "bvs": {"hp": 98, "atk": 87, "def": 105, "spa": 53, "spd": 85, "spe": 67}, "stats": {"hp": 288, "atk": 185, "def": 214, "spa": 131, "spd": 182, "spe": 153}, "types": ["Flying", "Steel"]}, "Raikou": {"name": "Raikou", "species": "Raikou", "speciesId": "raikou", "gender": "N", "shiny": false, "level": 81, "moves": ["scald", "thunderbolt", "calmmind", "shadowball"], "ability": "Pressure", "evs": {"hp": 85, "atk": 0, "def": 85, "spa": 85, "spd": 85, "spe": 85}, "ivs": {"hp": 31, "atk": 0, "def": 31, "spa": 31, "spd": 31, "spe": 31}, "item": "Leftovers", "teraType": "Electric", "role": "Bulky Attacker", "bvs": {"hp": 90, "atk": 85, "def": 75, "spa": 115, "spd": 100, "spe": 115}, "stats": {"hp": 278, "atk": 142, "def": 168, "spa": 233, "spd": 209, "spe": 233}, "types": ["Electric"]}, "Brute Bonnet": {"name": "Brute Bonnet", "species": "Brute Bonnet", "speciesId": "brutebonnet", "gender": "N", "shiny": false, "level": 80, "moves": ["closecombat", "suckerpunch", "crunch", "spore"], "ability": "Protosynthesis", "evs": {"hp": 85, "atk": 85, "def": 85, "spa": 85, "spd": 85, "spe": 85}, "ivs": {"hp": 31, "atk": 31, "def": 31, "spa": 31, "spd": 31, "spe": 31}, "item": "Leftovers", "teraType": "Fighting", "role": "Bulky Attacker", "bvs": {"hp": 111, "atk": 127, "def": 99, "spa": 79, "spd": 99, "spe": 55}, "stats": {"hp": 309, "atk": 249, "def": 205, "spa": 173, "spd": 205, "spe": 134}, "types": ["Grass", "Dark"]}, "Breloom": {"name": "Breloom", "species": "Breloom", "speciesId": "breloom", "gender": "M", "shiny": false, "level": 83, "moves": ["bulletseed", "machpunch", "spore", "swordsdance"], "ability": "Technician", "evs": {"hp": 85, "atk": 85, "def": 85, "spa": 85, "spd": 85, "spe": 85}, "ivs": {"hp": 31, "atk": 31, "def": 31, "spa": 31, "spd": 31, "spe": 31}, "item": "Life Orb", "teraType": "Fighting", "role": "Fast Attacker", "bvs": {"hp": 60, "atk": 130, "def": 80, "spa": 60, "spd": 60, "spe": 70}, "stats": {"hp": 235, "atk": 263, "def": 180, "spa": 147, "spd": 147, "spe": 164}, "types": ["Grass", "Fighting"]}, "Toucannon": {"name": "Toucannon", "species": "Toucannon", "speciesId": "toucannon", "gender": "F", "shiny": false, "level": 88, "moves": ["roost", "beakblast", "uturn", "boomburst"], "ability": "Keen Eye", "evs": {"hp": 85, "atk": 85, "def": 85, "spa": 85, "spd": 85, "spe": 85}, "ivs": {"hp": 31, "atk": 31, "def": 31, "spa": 31, "spd": 31, "spe": 31}, "item": "Heavy-Duty Boots", "teraType": "Steel", "role": "Bulky Support", "bvs": {"hp": 80, "atk": 120, "def": 75, "spa": 75, "spd": 75, "spe": 60}, "stats": {"hp": 284, "atk": 261, "def": 182, "spa": 182, "spd": 182, "spe": 156}, "types": ["Normal", "Flying"]}}, {"Oinkologne": {"name": "Oinkologne", "species": "Oinkologne", "speciesId": "oinkologne", "gender": "M", "shiny": false, "level": 92, "moves": ["curse", "doubleedge", "highhorsepower", "lashout"], "ability": "Thick Fat", "evs": {"hp": 85, "atk": 85, "def": 85, "spa": 85, "spd": 85, "spe": 85}, "ivs": {"hp": 31, "atk": 31, "def": 31, "spa": 31, "spd": 31, "spe": 31}, "item": "Leftovers", "teraType": "Ground", "role": "Bulky Setup", "bvs": {"hp": 110, "atk": 100, "def": 75, "spa": 59, "spd": 80, "spe": 65}, "stats": {"hp": 352, "atk": 236, "def": 190, "spa": 161, "spd": 200, "spe": 172}, "types": ["Normal"]}, "Terrakion": {"name": "Terrakion", "species": "Terrakion", "speciesId": "terrakion", "gender": "N", "shiny": false, "level": 79, "moves": ["earthquake", "stoneedge", "closecombat", "swordsdance"], "ability": "Justified", "evs": {"hp": 85, "atk": 85, "def": 85, "spa": 85, "spd": 85, "spe": 85}, "ivs": {"hp": 31, "atk": 31, "def": 31, "spa": 31, "spd": 31, "spe": 31}, "item": "Life Orb", "teraType": "Ground", "role": "Setup Sweeper", "bvs": {"hp": 91, "atk": 129, "def": 90, "spa": 72, "spd": 90, "spe": 108}, "stats": {"hp": 273, "atk": 249, "def": 188, "spa": 159, "spd": 188, "spe": 216}, "types": ["Rock", "Fighting"]}, "Scyther": {"name": "Scyther", "species": "Scyther", "speciesId": "scyther", "gender": "M", "shiny": false, "level": 82, "moves": ["dualwingbeat", "uturn", "closecombat", "defog"], "ability": "Technician", "evs": {"hp": 85, "atk": 85, "def": 85, "spa": 85, "spd": 85, "spe": 85}, "ivs": {"hp": 31, "atk": 31, "def": 31, "spa": 31, "spd": 31, "spe": 31}, "item": "Heavy-Duty Boots", "teraType": "Fighting", "role": "Fast Support", "bvs": {"hp": 70, "atk": 110, "def": 80, "spa": 55, "spd": 80, "spe": 105}, "stats": {"hp": 249, "atk": 228, "def": 178, "spa": 137, "spd": 178, "spe": 219}, "types": ["Bug", "Flying"]}, "Cinderace": {"name": "Cinderace", "species": "Cinderace", "speciesId": "cinderace", "gender": "F", "shiny": false, "level": 77, "moves": ["uturn", "willowisp", "pyroball", "courtchange"], "ability": "Libero", "evs": {"hp": 85, "atk": 85, "def": 85, "spa": 85, "spd": 85, "spe": 85}, "ivs": {"hp": 31, "atk": 31, "def": 31, "spa": 31, "spd": 31, "spe": 31}, "item": "Heavy-Duty Boots", "teraType": "Grass", "role": "Fast Support", "bvs": {"hp": 80, "atk": 116, "def": 75, "spa": 65, "spd": 75, "spe": 119}, "stats": {"hp": 250, "atk": 223, "def": 160, "spa": 145, "spd": 160, "spe": 228}, "types": ["Fire"]}, "Clefable": {"name": "Clefable", "species": "Clefable", "speciesId": "clefable", "gender": "F", "shiny": false, "level": 83, "moves": ["moonblast", "thunderwave", "fireblast", "moonlight"], "ability": "Unaware", "evs": {"hp": 85, "atk": 0, "def": 85, "spa": 85, "spd": 85, "spe": 85}, "ivs": {"hp": 31, "atk": 0, "def": 31, "spa": 31, "spd": 31, "spe": 31}, "item": "Leftovers", "teraType": "Steel", "role": "Bulky Support", "bvs": {"hp": 95, "atk": 70, "def": 73, "spa": 95, "spd": 90, "spe": 60}, "stats": {"hp": 293, "atk": 121, "def": 169, "spa": 205, "spd": 197, "spe": 147}, "types": ["Fairy"]}, "Milotic": {"name": "Milotic", "species": "Milotic", "speciesId": "milotic", "gender": "F", "shiny": false, "level": 83, "moves": ["scald", "icebeam", "haze", "recover"], "ability": "Competitive", "evs": {"hp": 85, "atk": 0, "def": 85, "spa": 85, "spd": 85, "spe": 85}, "ivs": {"hp": 31, "atk": 0, "def": 31, "spa": 31, "spd": 31, "spe": 31}, "item": "Leftovers", "teraType": "Dragon", "role": "Bulky Attacker", "bvs": {"hp": 95, "atk": 60, "def": 79, "spa": 100, "spd": 125, "spe": 81}, "stats": {"hp": 293, "atk": 104, "def": 179, "spa": 214, "spd": 255, "spe": 182}, "types": ["Water"]}}]}