{"id": "gen9randombattle-2631472696", "format": "[Gen 9] Random Battle", "players": ["Andress1199", "Flei"], "log": "|j|\u2606Andress1199\n|j|\u2606Flei\n|t:|1781389113\n|gametype|singles\n|player|p1|Andress1199|1|\n|player|p2|Flei|giovanni|\n|gen|9\n|tier|[Gen 9] Random Battle\n|rule|Species Clause: Limit one of each Pok\u00e9mon\n|rule|HP Percentage Mod: HP is shown in percentages\n|rule|Sleep Clause Mod: Limit one foe put to sleep\n|rule|Illusion Level Mod: Illusion disguises the Pok\u00e9mon's true level\n|\n|t:|1781389113\n|teamsize|p1|6\n|teamsize|p2|6\n|start\n|switch|p1a: Porygon2|Porygon2, L81|270/270\n|switch|p2a: Rampardos|Rampardos, L90, F|321/321\n|-ability|p1a: Porygon2|Download|boost\n|-boost|p1a: Porygon2|spa|1\n|turn|1\n|\n|t:|1781389144\n|switch|p1a: Feraligatr|Feraligatr, L79, F|264/264\n|move|p2a: Rampardos|Head Smash|p1a: Feraligatr|[miss]\n|-miss|p2a: Rampardos|p1a: Feraligatr\n|\n|upkeep\n|turn|2\n|\n|t:|1781389152\n|move|p2a: Rampardos|Head Smash|p1a: Feraligatr\n|-damage|p1a: Feraligatr|0 fnt\n|faint|p1a: Feraligatr\n|-damage|p2a: Rampardos|189/321|[from] Recoil\n|\n|upkeep\n|\n|t:|1781389166\n|switch|p1a: Dachsbun|Dachsbun, L92, F|254/254\n|turn|3\n|\n|t:|1781389173\n|-terastallize|p1a: Dachsbun|Steel\n|move|p2a: Rampardos|Head Smash|p1a: Dachsbun|[miss]\n|-miss|p2a: Rampardos|p1a: Dachsbun\n|move|p1a: Dachsbun|Body Press|p2a: Rampardos\n|-supereffective|p2a: Rampardos\n|-damage|p2a: Rampardos|5/321\n|\n|upkeep\n|turn|4\n|\n|t:|1781389183\n|switch|p2a: Alcremie|Alcremie-Ruby-Swirl, L90, F|263/263\n|move|p1a: Dachsbun|Wish|p1a: Dachsbun\n|\n|upkeep\n|turn|5\n|\n|t:|1781389194\n|move|p1a: Dachsbun|Play Rough|p2a: Alcremie\n|-damage|p2a: Alcremie|155/263\n|move|p2a: Alcremie|Calm Mind|p2a: Alcremie\n|-boost|p2a: Alcremie|spa|1\n|-boost|p2a: Alcremie|spd|1\n|\n|-heal|p2a: Alcremie|171/263|[from] item: Leftovers\n|upkeep\n|turn|6\n|\n|t:|1781389200\n|move|p1a: Dachsbun|Play Rough|p2a: Alcremie\n|-damage|p2a: Alcremie|66/263\n|-unboost|p2a: Alcremie|atk|1\n|move|p2a: Alcremie|Calm Mind|p2a: Alcremie\n|-boost|p2a: Alcremie|spa|1\n|-boost|p2a: Alcremie|spd|1\n|\n|-heal|p2a: Alcremie|82/263|[from] item: Leftovers\n|upkeep\n|turn|7\n|\n|t:|1781389210\n|-terastallize|p2a: Alcremie|Poison\n|move|p1a: Dachsbun|Play Rough|p2a: Alcremie\n|-resisted|p2a: Alcremie\n|-damage|p2a: Alcremie|28/263\n|move|p2a: Alcremie|Recover|p2a: Alcremie\n|-heal|p2a: Alcremie|160/263\n|\n|-heal|p2a: Alcremie|176/263|[from] item: Leftovers\n|upkeep\n|turn|8\n|\n|t:|1781389222\n|switch|p1a: Porygon2|Porygon2, L81|270/270\n|-ability|p1a: Porygon2|Download|boost\n|-boost|p1a: Porygon2|atk|1\n|move|p2a: Alcremie|Recover|p2a: Alcremie\n|-heal|p2a: Alcremie|263/263\n|\n|upkeep\n|turn|9\n|\n|t:|1781389229\n|move|p2a: Alcremie|Alluring Voice|p1a: Porygon2\n|-damage|p1a: Porygon2|126/270\n|move|p1a: Porygon2|Thunder Wave|p2a: Alcremie\n|-status|p2a: Alcremie|par\n|\n|upkeep\n|turn|10\n|\n|t:|1781389234\n|move|p1a: Porygon2|Recover|p1a: Porygon2\n|-heal|p1a: Porygon2|261/270\n|move|p2a: Alcremie|Alluring Voice|p1a: Porygon2\n|-damage|p1a: Porygon2|123/270\n|\n|upkeep\n|turn|11\n|\n|t:|1781389245\n|move|p1a: Porygon2|Recover|p1a: Porygon2\n|-heal|p1a: Porygon2|258/270\n|move|p2a: Alcremie|Calm Mind|p2a: Alcremie\n|-boost|p2a: Alcremie|spa|1\n|-boost|p2a: Alcremie|spd|1\n|\n|upkeep\n|turn|12\n|\n|t:|1781389253\n|switch|p1a: Komala|Komala, L88, M|258/258\n|-ability|p1a: Komala|Comatose\n|move|p2a: Alcremie|Psyshock|p1a: Komala\n|-damage|p1a: Komala|58/258\n|\n|upkeep\n|turn|13\n|\n|t:|1781389267\n|switch|p2a: Brute Bonnet|Brute Bonnet, L80|309/309\n|move|p1a: Komala|Earthquake|p2a: Brute Bonnet\n|-resisted|p2a: Brute Bonnet\n|-damage|p2a: Brute Bonnet|270/309\n|\n|-heal|p2a: Brute Bonnet|289/309|[from] item: Leftovers\n|upkeep\n|turn|14\n|\n|t:|1781389275\n|switch|p1a: Dachsbun|Dachsbun, L92, F, tera:Steel|254/254\n|move|p2a: Brute Bonnet|Seed Bomb|p1a: Dachsbun\n|-resisted|p1a: Dachsbun\n|-damage|p1a: Dachsbun|220/254\n|\n|-heal|p1a: Dachsbun|235/254|[from] item: Leftovers\n|-heal|p2a: Brute Bonnet|308/309|[from] item: Leftovers\n|upkeep\n|turn|15\n|\n|t:|1781389281\n|move|p1a: Dachsbun|Play Rough|p2a: Brute Bonnet\n|-supereffective|p2a: Brute Bonnet\n|-crit|p2a: Brute Bonnet\n|-damage|p2a: Brute Bonnet|8/309\n|move|p2a: Brute Bonnet|Crunch|p1a: Dachsbun\n|-damage|p1a: Dachsbun|159/254\n|-unboost|p1a: Dachsbun|def|1\n|\n|-heal|p1a: Dachsbun|174/254|[from] item: Leftovers\n|-heal|p2a: Brute Bonnet|27/309|[from] item: Leftovers\n|upkeep\n|turn|16\n|\n|t:|1781389293\n|move|p2a: Brute Bonnet|Sucker Punch|p1a: Dachsbun\n|-damage|p1a: Dachsbun|81/254\n|move|p1a: Dachsbun|Body Press|p2a: Brute Bonnet\n|-supereffective|p2a: Brute Bonnet\n|-damage|p2a: Brute Bonnet|0 fnt\n|faint|p2a: Brute Bonnet\n|-end|p2a: Brute Bonnet|Protosynthesis|[silent]\n|\n|-heal|p1a: Dachsbun|96/254|[from] item: Leftovers\n|upkeep\n|\n|t:|1781389298\n|switch|p2a: Rampardos|Rampardos, L90, F|5/321\n|turn|17\n|\n|t:|1781389306\n|move|p1a: Dachsbun|Protect|p1a: Dachsbun\n|-singleturn|p1a: Dachsbun|Protect\n|move|p2a: Rampardos|Fire Punch|p1a: Dachsbun\n|-activate|p1a: Dachsbun|move: Protect\n|\n|-heal|p1a: Dachsbun|111/254|[from] item: Leftovers\n|upkeep\n|turn|18\n|\n|t:|1781389333\n|switch|p2a: Alcremie|Alcremie-Ruby-Swirl, L90, F, tera:Poison|263/263 par\n|switch|p1a: Porygon2|Porygon2, L81|258/270\n|-ability|p1a: Porygon2|Download|boost\n|-boost|p1a: Porygon2|atk|1\n|\n|upkeep\n|turn|19\n|\n|t:|1781389344\n|move|p1a: Porygon2|Tera Blast|p2a: Alcremie\n|-damage|p2a: Alcremie|200/263 par\n|move|p2a: Alcremie|Calm Mind|p2a: Alcremie\n|-boost|p2a: Alcremie|spa|1\n|-boost|p2a: Alcremie|spd|1\n|\n|-heal|p2a: Alcremie|216/263 par|[from] item: Leftovers\n|upkeep\n|turn|20\n|\n|t:|1781389350\n|switch|p1a: Komala|Komala, L88, M|58/258\n|-ability|p1a: Komala|Comatose\n|move|p2a: Alcremie|Alluring Voice|p1a: Komala\n|-damage|p1a: Komala|0 fnt\n|faint|p1a: Komala\n|\n|-heal|p2a: Alcremie|232/263 par|[from] item: Leftovers\n|upkeep\n|\n|t:|1781389359\n|switch|p1a: Iron Jugulis|Iron Jugulis, L77|271/271\n|turn|21\n|\n|t:|1781389365\n|move|p1a: Iron Jugulis|Dark Pulse|p2a: Alcremie\n|-damage|p2a: Alcremie|165/263 par\n|move|p2a: Alcremie|Alluring Voice|p1a: Iron Jugulis\n|-supereffective|p1a: Iron Jugulis\n|-damage|p1a: Iron Jugulis|0 fnt\n|faint|p1a: Iron Jugulis\n|-end|p1a: Iron Jugulis|Quark Drive|[silent]\n|\n|-heal|p2a: Alcremie|181/263 par|[from] item: Leftovers\n|upkeep\n|\n|t:|1781389369\n|switch|p1a: Exeggutor|Exeggutor-Alola, L89, F|314/314\n|turn|22\n|inactive|Battle timer is ON: inactive players will automatically lose when time's up. (requested by Andress1199)\n|\n|t:|1781389378\n|move|p1a: Exeggutor|Knock Off|p2a: Alcremie\n|-damage|p2a: Alcremie|98/263 par\n|-enditem|p2a: Alcremie|Leftovers|[from] move: Knock Off|[of] p1a: Exeggutor\n|move|p2a: Alcremie|Recover|p2a: Alcremie\n|-heal|p2a: Alcremie|230/263 par\n|\n|upkeep\n|turn|23\n|c|\u2606Andress1199|me rindo no mas gg\n|-message|Andress1199 forfeited.\n|\n|win|Flei\n|c|\u2606Flei|a\n", "inputlog": ">version a8376a258c1d4662feba110a92103f3664a72141\n>start {\"formatid\":\"gen9randombattle\",\"seed\":\"sodium,f22d161d796a57eecce431fdaf977974\"}\n>player p1 {\"name\":\"Andress1199\",\"avatar\":\"1\",\"rating\":0,\"seed\":\"sodium,69f83139a9b08c190923fcf4ba6d3fa3\"}\n>player p2 {\"name\":\"Flei\",\"avatar\":\"giovanni\",\"rating\":0,\"seed\":\"sodium,0d36ff25a6b90d886b2862102e299817\"}\n>p1 switch 6\n>p2 move headsmash\n>p1 move liquidation\n>p2 move headsmash\n>p1 switch 3\n>p1 move bodypress terastallize\n>p2 move headsmash\n>p1 move wish\n>p2 switch 5\n>p1 move playrough\n>p2 move calmmind\n>p1 move playrough\n>p2 move calmmind\n>p1 move playrough\n>p2 move recover terastallize\n>p1 switch 6\n>p2 move recover\n>p1 move thunderwave\n>p2 move alluringvoice\n>p1 move recover\n>p2 move alluringvoice\n>p1 move recover\n>p2 move calmmind\n>p1 switch 4\n>p2 move psyshock\n>p1 move earthquake\n>p2 switch 3\n>p1 switch 6\n>p2 move seedbomb\n>p1 move playrough\n>p2 move crunch\n>p1 move bodypress\n>p2 move suckerpunch\n>p2 switch 5\n>p1 move protect\n>p2 move firepunch\n>p1 switch 4\n>p2 switch 3\n>p1 move terablast\n>p2 move calmmind\n>p1 switch 6\n>p2 move alluringvoice\n>p1 switch 5\n>p1 move darkpulse\n>p2 move alluringvoice\n>p1 switch 2\n>p1 move knockoff\n>p2 move recover\n>chat \u2606Andress1199|me rindo no mas gg\n>forcelose p1", "uploadtime": 1781389404, "views": 7, "formatid": "gen9randombattle", "rating": null, "private": 0, "password": null}