{"id": "gen9randombattle-2631940634", "format": "[Gen 9] Random Battle", "players": ["Pokeoke", "DraconicSpeed"], "log": "|j|\u2606Pokeoke\n|j|\u2606DraconicSpeed\n|t:|1781457984\n|gametype|singles\n|player|p1|Pokeoke|169|2011\n|player|p2|DraconicSpeed|101|1957\n|gen|9\n|tier|[Gen 9] Random Battle\n|rated|\n|rule|Species Clause: Limit one of each Pok\u00e9mon\n|rule|HP Percentage Mod: HP is shown in percentages\n|rule|Sleep Clause Mod: Limit one foe put to sleep\n|rule|Illusion Level Mod: Illusion disguises the Pok\u00e9mon's true level\n|\n|t:|1781457984\n|teamsize|p1|6\n|teamsize|p2|6\n|start\n|switch|p1a: Sandslash|Sandslash-Alola, L88, F|275/275\n|switch|p2a: Lucario|Lucario, L84, F|255/255\n|turn|1\n|\n|t:|1781457996\n|switch|p1a: Jumpluff|Jumpluff, L87, F|271/271\n|move|p2a: Lucario|Aura Sphere|p1a: Jumpluff\n|-resisted|p1a: Jumpluff\n|-damage|p1a: Jumpluff|213/271\n|-damage|p2a: Lucario|230/255|[from] item: Life Orb\n|\n|upkeep\n|turn|2\n|\n|t:|1781458005\n|switch|p2a: Klefki|Klefki, L84, F|233/233\n|move|p1a: Jumpluff|Acrobatics|p2a: Klefki\n|-resisted|p2a: Klefki\n|-damage|p2a: Klefki|191/233\n|\n|-heal|p2a: Klefki|205/233|[from] item: Leftovers\n|upkeep\n|turn|3\n|\n|t:|1781458010\n|move|p2a: Klefki|Thunder Wave|p1a: Jumpluff\n|-status|p1a: Jumpluff|par\n|move|p1a: Jumpluff|Encore|p2a: Klefki\n|-start|p2a: Klefki|Encore\n|\n|-heal|p2a: Klefki|219/233|[from] item: Leftovers\n|upkeep\n|turn|4\n|\n|t:|1781458017\n|switch|p2a: Grimmsnarl|Grimmsnarl, L83, M|293/293\n|cant|p1a: Jumpluff|par\n|\n|upkeep\n|turn|5\n|\n|t:|1781458021\n|move|p2a: Grimmsnarl|Parting Shot|p1a: Jumpluff\n|-unboost|p1a: Jumpluff|atk|1\n|-unboost|p1a: Jumpluff|spa|1\n|\n|t:|1781458029\n|switch|p2a: Klefki|Klefki, L84, F|219/233|[from] Parting Shot\n|move|p1a: Jumpluff|Encore||[still]\n|-fail|p1a: Jumpluff\n|\n|-heal|p2a: Klefki|233/233|[from] item: Leftovers\n|upkeep\n|turn|6\n|\n|t:|1781458041\n|switch|p1a: Sandslash|Sandslash-Alola, L88, F|275/275\n|move|p2a: Klefki|Play Rough|p1a: Sandslash\n|-resisted|p1a: Sandslash\n|-damage|p1a: Sandslash|246/275\n|\n|-heal|p1a: Sandslash|263/275|[from] item: Leftovers\n|upkeep\n|turn|7\n|\n|t:|1781458045\n|move|p2a: Klefki|Thunder Wave|p1a: Sandslash\n|-status|p1a: Sandslash|par\n|cant|p1a: Sandslash|par\n|\n|-heal|p1a: Sandslash|275/275 par|[from] item: Leftovers\n|upkeep\n|turn|8\n|\n|t:|1781458048\n|move|p2a: Klefki|Magnet Rise|p2a: Klefki\n|-start|p2a: Klefki|Magnet Rise\n|move|p1a: Sandslash|Spikes|p2a: Klefki\n|-sidestart|p2: DraconicSpeed|Spikes\n|\n|upkeep\n|turn|9\n|\n|t:|1781458051\n|move|p2a: Klefki|Spikes|p1a: Sandslash\n|-sidestart|p1: Pokeoke|Spikes\n|cant|p1a: Sandslash|par\n|\n|upkeep\n|turn|10\n|\n|t:|1781458057\n|move|p2a: Klefki|Spikes|p1a: Sandslash\n|-sidestart|p1: Pokeoke|Spikes\n|move|p1a: Sandslash|Spikes|p2a: Klefki\n|-sidestart|p2: DraconicSpeed|Spikes\n|\n|upkeep\n|turn|11\n|\n|t:|1781458060\n|move|p2a: Klefki|Spikes|p1a: Sandslash\n|-sidestart|p1: Pokeoke|Spikes\n|move|p1a: Sandslash|Rapid Spin|p2a: Klefki\n|-resisted|p2a: Klefki\n|-damage|p2a: Klefki|214/233\n|-boost|p1a: Sandslash|spe|1\n|-sideend|p1: Pokeoke|Spikes|[from] move: Rapid Spin|[of] p1a: Sandslash\n|\n|-heal|p2a: Klefki|228/233|[from] item: Leftovers\n|upkeep\n|turn|12\n|\n|t:|1781458063\n|move|p2a: Klefki|Spikes|p1a: Sandslash\n|-sidestart|p1: Pokeoke|Spikes\n|move|p1a: Sandslash|Spikes|p2a: Klefki\n|-sidestart|p2: DraconicSpeed|Spikes\n|\n|-heal|p2a: Klefki|233/233|[from] item: Leftovers\n|-end|p2a: Klefki|Magnet Rise\n|upkeep\n|turn|13\n|\n|t:|1781458065\n|switch|p2a: Brambleghast|Brambleghast, L88, M|240/240\n|-damage|p2a: Brambleghast|180/240|[from] Spikes\n|cant|p1a: Sandslash|par\n|\n|-heal|p2a: Brambleghast|195/240|[from] item: Leftovers\n|upkeep\n|turn|14\n|\n|t:|1781458071\n|move|p2a: Brambleghast|Poltergeist|p1a: Sandslash\n|-activate|p1a: Sandslash|move: Poltergeist|Leftovers\n|-damage|p1a: Sandslash|169/275 par\n|cant|p1a: Sandslash|par\n|\n|-heal|p2a: Brambleghast|210/240|[from] item: Leftovers\n|-heal|p1a: Sandslash|186/275 par|[from] item: Leftovers\n|upkeep\n|turn|15\n|\n|t:|1781458074\n|move|p2a: Brambleghast|Poltergeist|p1a: Sandslash\n|-activate|p1a: Sandslash|move: Poltergeist|Leftovers\n|-damage|p1a: Sandslash|80/275 par\n|cant|p1a: Sandslash|par\n|\n|-heal|p2a: Brambleghast|225/240|[from] item: Leftovers\n|-heal|p1a: Sandslash|97/275 par|[from] item: Leftovers\n|upkeep\n|turn|16\n|\n|t:|1781458081\n|move|p2a: Brambleghast|Poltergeist|p1a: Sandslash\n|-activate|p1a: Sandslash|move: Poltergeist|Leftovers\n|-damage|p1a: Sandslash|0 fnt\n|faint|p1a: Sandslash\n|\n|-heal|p2a: Brambleghast|240/240|[from] item: Leftovers\n|upkeep\n|c|\u2606Pokeoke|This wasnt mine to win lol\n|\n|t:|1781458091\n|switch|p1a: Jumpluff|Jumpluff, L87, F|213/271 par\n|turn|17\n|c|\u2606DraconicSpeed|sometimes god decides\n|\n|t:|1781458097\n|move|p2a: Brambleghast|Spikes|p1a: Jumpluff\n|-sidestart|p1: Pokeoke|Spikes\n|move|p1a: Jumpluff|Strength Sap|p2a: Brambleghast\n|-unboost|p2a: Brambleghast|atk|1\n|-heal|p1a: Jumpluff|271/271 par\n|\n|upkeep\n|turn|18\n|\n|t:|1781458101\n|move|p2a: Brambleghast|Spikes|p1a: Jumpluff\n|-sidestart|p1: Pokeoke|Spikes\n|move|p1a: Jumpluff|Acrobatics|p2a: Brambleghast\n|-supereffective|p2a: Brambleghast\n|-damage|p2a: Brambleghast|52/240\n|\n|-heal|p2a: Brambleghast|67/240|[from] item: Leftovers\n|upkeep\n|turn|19\n|\n|t:|1781458104\n|move|p2a: Brambleghast|Strength Sap|p1a: Jumpluff\n|-unboost|p1a: Jumpluff|atk|1\n|-heal|p2a: Brambleghast|212/240\n|move|p1a: Jumpluff|Acrobatics|p2a: Brambleghast\n|-supereffective|p2a: Brambleghast\n|-damage|p2a: Brambleghast|86/240\n|\n|-heal|p2a: Brambleghast|101/240|[from] item: Leftovers\n|upkeep\n|turn|20\n|\n|t:|1781458107\n|move|p2a: Brambleghast|Strength Sap|p1a: Jumpluff\n|-unboost|p1a: Jumpluff|atk|1\n|-heal|p2a: Brambleghast|197/240\n|move|p1a: Jumpluff|Acrobatics|p2a: Brambleghast\n|-supereffective|p2a: Brambleghast\n|-damage|p2a: Brambleghast|105/240\n|\n|-heal|p2a: Brambleghast|120/240|[from] item: Leftovers\n|upkeep\n|turn|21\n|\n|t:|1781458115\n|switch|p2a: Alomomola|Alomomola, L87, F|429/429\n|-damage|p2a: Alomomola|322/429|[from] Spikes\n|move|p1a: Jumpluff|Acrobatics|p2a: Alomomola\n|-damage|p2a: Alomomola|277/429\n|-damage|p1a: Jumpluff|226/271 par|[from] item: Rocky Helmet|[of] p2a: Alomomola\n|\n|upkeep\n|turn|22\n|\n|t:|1781458118\n|move|p2a: Alomomola|Wish|p2a: Alomomola\n|move|p1a: Jumpluff|Encore|p2a: Alomomola\n|-start|p2a: Alomomola|Encore\n|\n|upkeep\n|turn|23\n|\n|t:|1781458126\n|switch|p2a: Lucario|Lucario, L84, F|230/255\n|-damage|p2a: Lucario|167/255|[from] Spikes\n|move|p1a: Jumpluff|U-turn|p2a: Lucario\n|-resisted|p2a: Lucario\n|-damage|p2a: Lucario|162/255\n|\n|t:|1781458138\n|switch|p1a: Salazzle|Salazzle, L83, F|249/249|[from] U-turn\n|-damage|p1a: Salazzle|187/249|[from] Spikes\n|\n|-heal|p2a: Lucario|255/255|[from] move: Wish|[wisher] Alomomola\n|-heal|p1a: Salazzle|202/249|[from] item: Leftovers\n|upkeep\n|turn|24\n|\n|t:|1781458146\n|switch|p2a: Alomomola|Alomomola, L87, F|420/429\n|-damage|p2a: Alomomola|313/429|[from] Spikes\n|move|p1a: Salazzle|Substitute|p1a: Salazzle\n|-start|p1a: Salazzle|Substitute\n|-damage|p1a: Salazzle|140/249\n|\n|-heal|p1a: Salazzle|155/249|[from] item: Leftovers\n|upkeep\n|turn|25\n|\n|t:|1781458149\n|move|p1a: Salazzle|Protect|p1a: Salazzle\n|-singleturn|p1a: Salazzle|Protect\n|move|p2a: Alomomola|Flip Turn|p1a: Salazzle\n|-activate|p1a: Salazzle|move: Protect\n|\n|-heal|p1a: Salazzle|170/249|[from] item: Leftovers\n|upkeep\n|turn|26\n|\n|t:|1781458155\n|move|p1a: Salazzle|Toxic|p2a: Alomomola\n|-status|p2a: Alomomola|tox\n|move|p2a: Alomomola|Flip Turn|p1a: Salazzle\n|-supereffective|p1a: Salazzle\n|-end|p1a: Salazzle|Substitute\n|\n|t:|1781458157\n|switch|p2a: Grimmsnarl|Grimmsnarl, L83, M|293/293|[from] Flip Turn\n|-damage|p2a: Grimmsnarl|220/293|[from] Spikes\n|\n|-heal|p1a: Salazzle|185/249|[from] item: Leftovers\n|upkeep\n|turn|27\n|\n|t:|1781458161\n|move|p1a: Salazzle|Protect|p1a: Salazzle\n|-singleturn|p1a: Salazzle|Protect\n|move|p2a: Grimmsnarl|Parting Shot|p1a: Salazzle\n|-activate|p1a: Salazzle|move: Protect\n|\n|-heal|p1a: Salazzle|200/249|[from] item: Leftovers\n|upkeep\n|turn|28\n|\n|t:|1781458165\n|move|p2a: Grimmsnarl|Parting Shot|p1a: Salazzle\n|-unboost|p1a: Salazzle|atk|1\n|-unboost|p1a: Salazzle|spa|1\n|\n|t:|1781458167\n|switch|p2a: Alomomola|Alomomola, L87, F|429/429 tox|[from] Parting Shot\n|-damage|p2a: Alomomola|322/429 tox|[from] Spikes\n|move|p1a: Salazzle|Substitute|p1a: Salazzle\n|-start|p1a: Salazzle|Substitute\n|-damage|p1a: Salazzle|138/249\n|\n|-heal|p1a: Salazzle|153/249|[from] item: Leftovers\n|-damage|p2a: Alomomola|296/429 tox|[from] psn\n|upkeep\n|turn|29\n|\n|t:|1781458171\n|move|p1a: Salazzle|Protect|p1a: Salazzle\n|-singleturn|p1a: Salazzle|Protect\n|move|p2a: Alomomola|Flip Turn|p1a: Salazzle\n|-activate|p1a: Salazzle|move: Protect\n|\n|-heal|p1a: Salazzle|168/249|[from] item: Leftovers\n|-damage|p2a: Alomomola|244/429 tox|[from] psn\n|upkeep\n|turn|30\n|\n|t:|1781458174\n|move|p1a: Salazzle|Flamethrower|p2a: Alomomola\n|-resisted|p2a: Alomomola\n|-damage|p2a: Alomomola|190/429 tox\n|move|p2a: Alomomola|Flip Turn|p1a: Salazzle\n|-supereffective|p1a: Salazzle\n|-end|p1a: Salazzle|Substitute\n|\n|t:|1781458179\n|switch|p2a: Vigoroth|Vigoroth, L85, M|275/275|[from] Flip Turn\n|-damage|p2a: Vigoroth|207/275|[from] Spikes\n|\n|-heal|p1a: Salazzle|183/249|[from] item: Leftovers\n|upkeep\n|turn|31\n|\n|t:|1781458183\n|move|p1a: Salazzle|Substitute|p1a: Salazzle\n|-start|p1a: Salazzle|Substitute\n|-damage|p1a: Salazzle|121/249\n|move|p2a: Vigoroth|Earthquake|p1a: Salazzle\n|-supereffective|p1a: Salazzle\n|-end|p1a: Salazzle|Substitute\n|\n|-heal|p1a: Salazzle|136/249|[from] item: Leftovers\n|upkeep\n|turn|32\n|\n|t:|1781458187\n|switch|p1a: Jumpluff|Jumpluff, L87, F|226/271 par\n|move|p2a: Vigoroth|Earthquake|p1a: Jumpluff\n|-immune|p1a: Jumpluff\n|\n|upkeep\n|turn|33\n|\n|t:|1781458191\n|move|p2a: Vigoroth|Bulk Up|p2a: Vigoroth\n|-boost|p2a: Vigoroth|atk|1\n|-boost|p2a: Vigoroth|def|1\n|move|p1a: Jumpluff|Encore|p2a: Vigoroth\n|-start|p2a: Vigoroth|Encore\n|\n|upkeep\n|turn|34\n|\n|t:|1781458195\n|move|p2a: Vigoroth|Bulk Up|p2a: Vigoroth\n|-boost|p2a: Vigoroth|atk|1\n|-boost|p2a: Vigoroth|def|1\n|move|p1a: Jumpluff|U-turn|p2a: Vigoroth\n|-damage|p2a: Vigoroth|195/275\n|\n|t:|1781458199\n|switch|p1a: Salazzle|Salazzle, L83, F|136/249|[from] U-turn\n|-damage|p1a: Salazzle|74/249|[from] Spikes\n|\n|-heal|p1a: Salazzle|89/249|[from] item: Leftovers\n|upkeep\n|turn|35\n|\n|t:|1781458202\n|switch|p2a: Alomomola|Alomomola, L87, F|333/429 tox\n|-damage|p2a: Alomomola|226/429 tox|[from] Spikes\n|move|p1a: Salazzle|Toxic|p2a: Alomomola\n|-fail|p2a: Alomomola|tox\n|\n|-heal|p1a: Salazzle|104/249|[from] item: Leftovers\n|-damage|p2a: Alomomola|200/429 tox|[from] psn\n|upkeep\n|turn|36\n|\n|t:|1781458205\n|move|p1a: Salazzle|Protect|p1a: Salazzle\n|-singleturn|p1a: Salazzle|Protect\n|move|p2a: Alomomola|Flip Turn|p1a: Salazzle\n|-activate|p1a: Salazzle|move: Protect\n|\n|-heal|p1a: Salazzle|119/249|[from] item: Leftovers\n|-damage|p2a: Alomomola|148/429 tox|[from] psn\n|upkeep\n|turn|37\n|\n|t:|1781458210\n|move|p1a: Salazzle|Substitute|p1a: Salazzle\n|-start|p1a: Salazzle|Substitute\n|-damage|p1a: Salazzle|57/249\n|move|p2a: Alomomola|Flip Turn|p1a: Salazzle\n|-supereffective|p1a: Salazzle\n|-end|p1a: Salazzle|Substitute\n|\n|t:|1781458212\n|switch|p2a: Vigoroth|Vigoroth, L85, M|195/275|[from] Flip Turn\n|-damage|p2a: Vigoroth|127/275|[from] Spikes\n|\n|-heal|p1a: Salazzle|72/249|[from] item: Leftovers\n|upkeep\n|turn|38\n|\n|t:|1781458216\n|move|p1a: Salazzle|Toxic|p2a: Vigoroth\n|-status|p2a: Vigoroth|tox\n|move|p2a: Vigoroth|Body Slam|p1a: Salazzle\n|-crit|p1a: Salazzle\n|-damage|p1a: Salazzle|0 fnt\n|faint|p1a: Salazzle\n|\n|-damage|p2a: Vigoroth|110/275 tox|[from] psn\n|upkeep\n|\n|t:|1781458229\n|switch|p1a: Jumpluff|Jumpluff, L87, F|226/271 par\n|turn|39\n|\n|t:|1781458233\n|switch|p2a: Alomomola|Alomomola, L87, F|291/429 tox\n|-damage|p2a: Alomomola|184/429 tox|[from] Spikes\n|cant|p1a: Jumpluff|par\n|\n|-damage|p2a: Alomomola|158/429 tox|[from] psn\n|upkeep\n|turn|40\n|\n|t:|1781458238\n|move|p2a: Alomomola|Wish|p2a: Alomomola\n|cant|p1a: Jumpluff|par\n|\n|-damage|p2a: Alomomola|106/429 tox|[from] psn\n|upkeep\n|turn|41\n|\n|t:|1781458244\n|move|p2a: Alomomola|Protect|p2a: Alomomola\n|-singleturn|p2a: Alomomola|Protect\n|move|p1a: Jumpluff|Acrobatics|p2a: Alomomola\n|-activate|p2a: Alomomola|move: Protect\n|\n|-heal|p2a: Alomomola|320/429 tox|[from] move: Wish|[wisher] Alomomola\n|-damage|p2a: Alomomola|242/429 tox|[from] psn\n|upkeep\n|turn|42\n|\n|t:|1781458250\n|switch|p2a: Klefki|Klefki, L84, F|233/233\n|-damage|p2a: Klefki|175/233|[from] Spikes\n|move|p1a: Jumpluff|Acrobatics|p2a: Klefki\n|-resisted|p2a: Klefki\n|-crit|p2a: Klefki\n|-damage|p2a: Klefki|115/233\n|\n|-heal|p2a: Klefki|129/233|[from] item: Leftovers\n|upkeep\n|turn|43\n|\n|t:|1781458254\n|move|p2a: Klefki|Play Rough|p1a: Jumpluff\n|-damage|p1a: Jumpluff|124/271 par\n|-unboost|p1a: Jumpluff|atk|1\n|cant|p1a: Jumpluff|par\n|\n|-heal|p2a: Klefki|143/233|[from] item: Leftovers\n|upkeep\n|turn|44\n|\n|t:|1781458259\n|move|p2a: Klefki|Play Rough|p1a: Jumpluff\n|-damage|p1a: Jumpluff|30/271 par\n|cant|p1a: Jumpluff|par\n|\n|-heal|p2a: Klefki|157/233|[from] item: Leftovers\n|upkeep\n|turn|45\n|c|\u2606Pokeoke|Man\n|c|\u2606DraconicSpeed|damn\n|c|\u2606DraconicSpeed|para is the best status ever fr\n|\n|t:|1781458272\n|switch|p1a: Terapagos|Terapagos, L77, F|265/265\n|-activate|p1a: Terapagos|ability: Tera Shift\n|detailschange|p1a: Terapagos|Terapagos-Terastal, L77, F\n|-heal|p1a: Terapagos|273/273|[silent]\n|-damage|p1a: Terapagos|205/273|[from] Spikes\n|move|p2a: Klefki|Play Rough|p1a: Terapagos\n|-damage|p1a: Terapagos|133/273\n|\n|-heal|p2a: Klefki|171/233|[from] item: Leftovers\n|upkeep\n|turn|46\n|\n|t:|1781458282\n|move|p2a: Klefki|Thunder Wave|p1a: Terapagos\n|-status|p1a: Terapagos|par\n|move|p1a: Terapagos|Rest|p1a: Terapagos\n|-status|p1a: Terapagos|slp|[from] move: Rest\n|-heal|p1a: Terapagos|273/273 slp|[silent]\n|-enditem|p1a: Terapagos|Chesto Berry|[eat]\n|-curestatus|p1a: Terapagos|slp|[msg]\n|\n|-heal|p2a: Klefki|185/233|[from] item: Leftovers\n|upkeep\n|turn|47\n|\n|t:|1781458290\n|move|p2a: Klefki|Thunder Wave|p1a: Terapagos\n|-status|p1a: Terapagos|par\n|move|p1a: Terapagos|Earth Power|p2a: Klefki\n|-supereffective|p2a: Klefki\n|-damage|p2a: Klefki|77/233\n|\n|-heal|p2a: Klefki|91/233|[from] item: Leftovers\n|upkeep\n|turn|48\n|\n|t:|1781458293\n|move|p2a: Klefki|Magnet Rise|p2a: Klefki\n|-start|p2a: Klefki|Magnet Rise\n|move|p1a: Terapagos|Calm Mind|p1a: Terapagos\n|-boost|p1a: Terapagos|spa|1\n|-boost|p1a: Terapagos|spd|1\n|\n|-heal|p2a: Klefki|105/233|[from] item: Leftovers\n|upkeep\n|turn|49\n|\n|t:|1781458298\n|move|p2a: Klefki|Play Rough|p1a: Terapagos\n|-activate|p1a: Terapagos|ability: Tera Shell\n|-resisted|p1a: Terapagos\n|-damage|p1a: Terapagos|234/273 par\n|move|p1a: Terapagos|Tera Starstorm|p2a: Klefki\n|-resisted|p2a: Klefki\n|-damage|p2a: Klefki|18/233\n|\n|-heal|p2a: Klefki|32/233|[from] item: Leftovers\n|upkeep\n|turn|50\n|\n|t:|1781458307\n|switch|p2a: Lucario|Lucario, L84, F|255/255\n|-damage|p2a: Lucario|192/255|[from] Spikes\n|move|p1a: Terapagos|Calm Mind|p1a: Terapagos\n|-boost|p1a: Terapagos|spa|1\n|-boost|p1a: Terapagos|spd|1\n|\n|upkeep\n|turn|51\n|\n|t:|1781458313\n|move|p2a: Lucario|Aura Sphere|p1a: Terapagos\n|-supereffective|p1a: Terapagos\n|-damage|p1a: Terapagos|125/273 par\n|-damage|p2a: Lucario|167/255|[from] item: Life Orb\n|move|p1a: Terapagos|Earth Power|p2a: Lucario\n|-supereffective|p2a: Lucario\n|-damage|p2a: Lucario|0 fnt\n|faint|p2a: Lucario\n|\n|upkeep\n|\n|t:|1781458320\n|switch|p2a: Brambleghast|Brambleghast, L88, M|120/240\n|-damage|p2a: Brambleghast|60/240|[from] Spikes\n|turn|52\n|\n|t:|1781458323\n|move|p2a: Brambleghast|Power Whip|p1a: Terapagos\n|-damage|p1a: Terapagos|0 fnt\n|faint|p1a: Terapagos\n|\n|-heal|p2a: Brambleghast|75/240|[from] item: Leftovers\n|upkeep\n|\n|t:|1781458330\n|switch|p1a: Jumpluff|Jumpluff, L87, F|30/271 par\n|turn|53\n|\n|t:|1781458333\n|move|p2a: Brambleghast|Power Whip|p1a: Jumpluff|[miss]\n|-miss|p2a: Brambleghast|p1a: Jumpluff\n|cant|p1a: Jumpluff|par\n|\n|-heal|p2a: Brambleghast|90/240|[from] item: Leftovers\n|upkeep\n|turn|54\n|\n|t:|1781458338\n|move|p2a: Brambleghast|Power Whip|p1a: Jumpluff\n|-resisted|p1a: Jumpluff\n|-damage|p1a: Jumpluff|0 fnt\n|faint|p1a: Jumpluff\n|\n|-heal|p2a: Brambleghast|105/240|[from] item: Leftovers\n|upkeep\n|\n|t:|1781458344\n|switch|p1a: Gogoat|Gogoat, L88, M|360/360\n|-damage|p1a: Gogoat|270/360|[from] Spikes\n|turn|55\n|\n|t:|1781458348\n|move|p2a: Brambleghast|Poltergeist|p1a: Gogoat\n|-activate|p1a: Gogoat|move: Poltergeist|Leftovers\n|-damage|p1a: Gogoat|102/360\n|move|p1a: Gogoat|Bulk Up|p1a: Gogoat\n|-boost|p1a: Gogoat|atk|1\n|-boost|p1a: Gogoat|def|1\n|\n|-heal|p2a: Brambleghast|120/240|[from] item: Leftovers\n|-heal|p1a: Gogoat|124/360|[from] item: Leftovers\n|upkeep\n|turn|56\n|\n|t:|1781458350\n|move|p2a: Brambleghast|Poltergeist|p1a: Gogoat|[miss]\n|-miss|p2a: Brambleghast|p1a: Gogoat\n|move|p1a: Gogoat|Milk Drink|p1a: Gogoat\n|-heal|p1a: Gogoat|304/360\n|\n|-heal|p2a: Brambleghast|135/240|[from] item: Leftovers\n|-heal|p1a: Gogoat|326/360|[from] item: Leftovers\n|upkeep\n|turn|57\n|\n|t:|1781458358\n|switch|p2a: Klefki|Klefki, L84, F|32/233\n|-damage|p2a: Klefki|0 fnt|[from] Spikes\n|faint|p2a: Klefki\n|move|p1a: Gogoat|Bulk Up|p1a: Gogoat\n|-boost|p1a: Gogoat|atk|1\n|-boost|p1a: Gogoat|def|1\n|\n|-heal|p1a: Gogoat|348/360|[from] item: Leftovers\n|upkeep\n|c|\u2606Pokeoke|If I win this\n|c|\u2606Pokeoke|brother\n|c|\u2606DraconicSpeed|you do\n|c|\u2606DraconicSpeed|btw this mon hard walls my entire team\n|c|\u2606DraconicSpeed|gg\n|-message|DraconicSpeed forfeited.\n|\n|win|Pokeoke\n|raw|Pokeoke's rating: 2011 &rarr; <strong>2028</strong><br />(+17 for winning)\n|raw|DraconicSpeed's rating: 1957 &rarr; <strong>1940</strong><br />(-17 for losing)\n|l|\u2606DraconicSpeed\n|player|p2|\n|c|\u2606Pokeoke|Wow\n", "inputlog": ">version a8376a258c1d4662feba110a92103f3664a72141\n>start {\"formatid\":\"gen9randombattle\",\"seed\":\"sodium,323ca14cc106971d732f782b86b737d7\",\"rated\":\"Rated battle\"}\n>player p1 {\"name\":\"Pokeoke\",\"avatar\":\"169\",\"rating\":2011,\"seed\":\"sodium,2b6a997531121564566377ff5a9771ff\"}\n>player p2 {\"name\":\"DraconicSpeed\",\"avatar\":\"101\",\"rating\":1957,\"seed\":\"sodium,291641ae041adc60c4d54ad122ffb723\"}\n>p1 switch 3\n>p2 move aurasphere\n>p1 move acrobatics\n>p2 switch 2\n>p1 move encore\n>p2 move thunderwave\n>p1 move uturn\n>p2 switch 6\n>p1 move encore\n>p2 move partingshot\n>p2 switch 6\n>p1 switch 3\n>p2 move playrough\n>p1 move spikes\n>p2 move thunderwave\n>p1 move spikes\n>p2 move magnetrise\n>p1 move spikes\n>p2 move spikes\n>p1 move spikes\n>p2 move spikes\n>p1 move rapidspin\n>p2 move spikes\n>p1 move spikes\n>p2 move spikes\n>p1 move rapidspin\n>p2 switch 5\n>p1 move tripleaxel\n>p2 move poltergeist\n>p1 move tripleaxel\n>p2 move poltergeist\n>p1 move tripleaxel\n>p2 move poltergeist\n>chat \u2606Pokeoke|This wasnt mine to win lol\n>p1 switch 3\n>chat \u2606DraconicSpeed|sometimes god decides\n>p1 move strengthsap\n>p2 move spikes\n>p1 move acrobatics\n>p2 move spikes\n>p1 move acrobatics\n>p2 move strengthsap\n>p1 move acrobatics\n>p2 move strengthsap\n>p1 move acrobatics\n>p2 switch 3\n>p1 move encore\n>p2 move wish\n>p1 move uturn\n>p2 switch 2\n>p1 switch 6\n>p1 move substitute\n>p2 switch 2\n>p1 move protect\n>p2 move flipturn\n>p1 move toxic\n>p2 move flipturn\n>p2 switch 6\n>p1 move protect\n>p2 move partingshot\n>p1 move substitute\n>p2 move partingshot\n>p2 switch 6\n>p1 move protect\n>p2 move flipturn\n>p1 move flamethrower\n>p2 move flipturn\n>p2 switch 4\n>p1 move substitute\n>p2 move earthquake\n>p1 switch 6\n>p2 move earthquake\n>p1 move encore\n>p2 move bulkup\n>p1 move uturn\n>p2 move bulkup\n>p1 switch 6\n>p1 move toxic\n>p2 switch 4\n>p1 move protect\n>p2 move flipturn\n>p1 move substitute\n>p2 move flipturn\n>p2 switch 4\n>p1 move toxic\n>p2 move bodyslam\n>p1 switch 6\n>p1 move strengthsap\n>p2 switch 4\n>p1 move encore\n>p2 move wish\n>p1 move acrobatics\n>p2 move protect\n>p1 move acrobatics\n>p2 switch 5\n>p1 move encore\n>p2 move playrough\n>p1 move strengthsap\n>p2 move playrough\n>chat \u2606Pokeoke|Man\n>chat \u2606DraconicSpeed|damn\n>chat \u2606DraconicSpeed|para is the best status ever fr\n>p1 switch 5\n>p2 move playrough\n>p1 move rest\n>p2 move thunderwave\n>p1 move earthpower\n>p2 move thunderwave\n>p1 move calmmind\n>p2 move magnetrise\n>p1 move terastarstorm\n>p2 move playrough\n>p1 move calmmind\n>p2 switch 2\n>p1 move earthpower\n>p2 move aurasphere\n>p2 switch 3\n>p1 move earthpower\n>p2 move powerwhip\n>p1 switch 5\n>p1 move strengthsap\n>p2 move powerwhip\n>p1 move strengthsap\n>p2 move powerwhip\n>p1 switch 4\n>p1 move bulkup\n>p2 move poltergeist\n>p1 move milkdrink\n>p2 move poltergeist\n>p1 move bulkup\n>p2 switch 2\n>chat \u2606Pokeoke|If I win this \n>chat \u2606Pokeoke|brother \n>chat \u2606DraconicSpeed|you do\n>chat \u2606DraconicSpeed|btw this mon hard walls my entire team\n>chat \u2606DraconicSpeed|gg\n>forcelose p2", "uploadtime": 1781457986, "views": 24, "formatid": "gen9randombattle", "rating": 1940, "private": 0, "password": null}