{"id": "gen9randombattle-2631755988", "format": "[Gen 9] Random Battle", "players": ["Saaskin", "It'sOnlyRed?"], "log": "|j|\u2606Saaskin\n|j|\u2606It'sOnlyRed?\n|t:|1781434560\n|gametype|singles\n|player|p1|Saaskin|265|2053\n|player|p2|It'sOnlyRed?|blue-gen3|2078\n|gen|9\n|tier|[Gen 9] Random Battle\n|rated|\n|rule|Species Clause: Limit one of each Pok\u00e9mon\n|rule|HP Percentage Mod: HP is shown in percentages\n|rule|Sleep Clause Mod: Limit one foe put to sleep\n|rule|Illusion Level Mod: Illusion disguises the Pok\u00e9mon's true level\n|\n|t:|1781434560\n|teamsize|p1|6\n|teamsize|p2|6\n|start\n|switch|p1a: Magcargo|Magcargo, L95, M|268/268\n|switch|p2a: Mewtwo|Mewtwo, L72|272/272\n|-ability|p2a: Mewtwo|Unnerve\n|turn|1\n|inactive|Battle timer is ON: inactive players will automatically lose when time's up. (requested by It'sOnlyRed?)\n|inactive|Saaskin also wants the timer to be on.\n|inactive|It'sOnlyRed? has 120 seconds left.\n|\n|t:|1781434591\n|switch|p2a: Crawdaunt|Crawdaunt, L84, F|243/243\n|move|p1a: Magcargo|Yawn|p2a: Crawdaunt\n|-start|p2a: Crawdaunt|move: Yawn|[of] p1a: Magcargo\n|\n|upkeep\n|turn|2\n|\n|t:|1781434600\n|switch|p2a: Hitmonchan|Hitmonchan, L87, M|229/229\n|switch|p1a: Gurdurr|Gurdurr, L85, F|283/283\n|\n|upkeep\n|turn|3\n|\n|t:|1781434610\n|move|p2a: Hitmonchan|Knock Off|p1a: Gurdurr\n|-resisted|p1a: Gurdurr\n|-damage|p1a: Gurdurr|259/283\n|-enditem|p1a: Gurdurr|Eviolite|[from] move: Knock Off|[of] p2a: Hitmonchan\n|move|p1a: Gurdurr|Bulk Up|p1a: Gurdurr\n|-boost|p1a: Gurdurr|atk|1\n|-boost|p1a: Gurdurr|def|1\n|\n|upkeep\n|turn|4\n|\n|t:|1781434612\n|move|p2a: Hitmonchan|Encore|p1a: Gurdurr\n|-start|p1a: Gurdurr|Encore\n|move|p1a: Gurdurr|Bulk Up|p1a: Gurdurr\n|-boost|p1a: Gurdurr|atk|1\n|-boost|p1a: Gurdurr|def|1\n|\n|upkeep\n|turn|5\n|\n|t:|1781434616\n|move|p2a: Hitmonchan|Drain Punch|p1a: Gurdurr\n|-damage|p1a: Gurdurr|204/283\n|move|p1a: Gurdurr|Bulk Up|p1a: Gurdurr\n|-boost|p1a: Gurdurr|atk|1\n|-boost|p1a: Gurdurr|def|1\n|\n|upkeep\n|turn|6\n|\n|t:|1781434618\n|move|p2a: Hitmonchan|Drain Punch|p1a: Gurdurr\n|-damage|p1a: Gurdurr|162/283\n|move|p1a: Gurdurr|Bulk Up|p1a: Gurdurr\n|-boost|p1a: Gurdurr|atk|1\n|-boost|p1a: Gurdurr|def|1\n|\n|-end|p1a: Gurdurr|Encore\n|upkeep\n|turn|7\n|\n|t:|1781434621\n|move|p1a: Gurdurr|Mach Punch|p2a: Hitmonchan\n|-damage|p2a: Hitmonchan|82/229\n|move|p2a: Hitmonchan|Encore|p1a: Gurdurr\n|-start|p1a: Gurdurr|Encore\n|\n|-heal|p2a: Hitmonchan|96/229|[from] item: Leftovers\n|upkeep\n|turn|8\n|j| rufoush\n|\n|t:|1781434629\n|switch|p2a: Weezing|Weezing, L88, M|258/258\n|move|p1a: Gurdurr|Mach Punch|p2a: Weezing\n|-resisted|p2a: Weezing\n|-damage|p2a: Weezing|206/258\n|\n|-heal|p2a: Weezing|222/258|[from] item: Leftovers\n|upkeep\n|turn|9\n|\n|t:|1781434634\n|move|p1a: Gurdurr|Mach Punch|p2a: Weezing\n|-resisted|p2a: Weezing\n|-damage|p2a: Weezing|168/258\n|move|p2a: Weezing|Sludge Bomb|p1a: Gurdurr\n|-damage|p1a: Gurdurr|23/283\n|\n|-heal|p2a: Weezing|184/258|[from] item: Leftovers\n|upkeep\n|turn|10\n|\n|t:|1781434636\n|move|p1a: Gurdurr|Mach Punch|p2a: Weezing\n|-resisted|p2a: Weezing\n|-damage|p2a: Weezing|136/258\n|move|p2a: Weezing|Sludge Bomb|p1a: Gurdurr\n|-damage|p1a: Gurdurr|0 fnt\n|faint|p1a: Gurdurr\n|\n|-heal|p2a: Weezing|152/258|[from] item: Leftovers\n|upkeep\n|\n|t:|1781434655\n|switch|p1a: Magcargo|Magcargo, L95, M|268/268\n|turn|11\n|\n|t:|1781434662\n|move|p2a: Weezing|Pain Split|p1a: Magcargo\n|-sethp|p1a: Magcargo|210/268|[from] move: Pain Split|[silent]\n|-sethp|p2a: Weezing|210/258|[from] move: Pain Split\n|move|p1a: Magcargo|Power Gem|p2a: Weezing\n|-damage|p2a: Weezing|101/258\n|\n|-heal|p2a: Weezing|117/258|[from] item: Leftovers\n|upkeep\n|turn|12\n|\n|t:|1781434673\n|switch|p2a: Hitmonchan|Hitmonchan, L87, M|96/229\n|move|p1a: Magcargo|Lava Plume|p2a: Hitmonchan\n|-damage|p2a: Hitmonchan|8/229\n|-status|p2a: Hitmonchan|brn\n|\n|-heal|p2a: Hitmonchan|22/229 brn|[from] item: Leftovers\n|-damage|p2a: Hitmonchan|8/229 brn|[from] brn\n|upkeep\n|turn|13\n|\n|t:|1781434683\n|move|p2a: Hitmonchan|Drain Punch|p1a: Magcargo\n|-supereffective|p1a: Magcargo\n|-damage|p1a: Magcargo|141/268\n|-heal|p2a: Hitmonchan|43/229 brn|[from] drain|[of] p1a: Magcargo\n|move|p1a: Magcargo|Recover|p1a: Magcargo\n|-heal|p1a: Magcargo|268/268\n|\n|-heal|p2a: Hitmonchan|57/229 brn|[from] item: Leftovers\n|-damage|p2a: Hitmonchan|43/229 brn|[from] brn\n|upkeep\n|turn|14\n|\n|t:|1781434688\n|move|p2a: Hitmonchan|Encore|p1a: Magcargo\n|-start|p1a: Magcargo|Encore\n|move|p1a: Magcargo|Recover||[still]\n|-fail|p1a: Magcargo|heal\n|\n|-heal|p2a: Hitmonchan|57/229 brn|[from] item: Leftovers\n|-damage|p2a: Hitmonchan|43/229 brn|[from] brn\n|upkeep\n|turn|15\n|\n|t:|1781434693\n|move|p2a: Hitmonchan|Knock Off|p1a: Magcargo\n|-damage|p1a: Magcargo|239/268\n|-enditem|p1a: Magcargo|Heavy-Duty Boots|[from] move: Knock Off|[of] p2a: Hitmonchan\n|move|p1a: Magcargo|Recover|p1a: Magcargo\n|-heal|p1a: Magcargo|268/268\n|\n|-heal|p2a: Hitmonchan|57/229 brn|[from] item: Leftovers\n|-damage|p2a: Hitmonchan|43/229 brn|[from] brn\n|upkeep\n|turn|16\n|\n|t:|1781434696\n|switch|p1a: Leafeon|Leafeon, L88, M|219/219\n|move|p2a: Hitmonchan|Drain Punch|p1a: Leafeon\n|-immune|p1a: Leafeon\n|\n|-heal|p2a: Hitmonchan|57/229 brn|[from] item: Leftovers\n|-damage|p2a: Hitmonchan|43/229 brn|[from] brn\n|upkeep\n|turn|17\n|inactive|It'sOnlyRed? has 120 seconds left.\n|\n|t:|1781434745\n|move|p1a: Leafeon|Hyper Voice|p2a: Hitmonchan\n|-damage|p2a: Hitmonchan|0 fnt\n|faint|p2a: Hitmonchan\n|-damage|p1a: Leafeon|198/219|[from] item: Life Orb\n|\n|upkeep\n|\n|t:|1781434759\n|switch|p2a: Magearna|Magearna, L77|250/250\n|turn|18\n|\n|t:|1781434763\n|switch|p1a: Magcargo|Magcargo, L95, M|268/268\n|move|p2a: Magearna|Flash Cannon|p1a: Magcargo\n|-damage|p1a: Magcargo|190/268\n|\n|upkeep\n|turn|19\n|\n|t:|1781434776\n|switch|p2a: Gyarados|Gyarados, L79, F|280/280\n|move|p1a: Magcargo|Yawn|p2a: Gyarados\n|-start|p2a: Gyarados|move: Yawn|[of] p1a: Magcargo\n|\n|upkeep\n|turn|20\n|\n|t:|1781434783\n|switch|p2a: Weezing|Weezing, L88, M|117/258\n|switch|p1a: Leafeon|Leafeon, L88, M|258/258\n|\n|-heal|p2a: Weezing|133/258|[from] item: Leftovers\n|upkeep\n|turn|21\n|inactive|It'sOnlyRed? has 120 seconds left.\n|\n|t:|1781434791\n|move|p1a: Leafeon|Substitute|p1a: Leafeon\n|-start|p1a: Leafeon|Substitute\n|-damage|p1a: Leafeon|194/258\n|move|p2a: Weezing|Sludge Bomb|p1a: Leafeon\n|-supereffective|p1a: Leafeon\n|-end|p1a: Leafeon|Substitute\n|\n|-heal|p1a: Leafeon|210/258|[from] item: Leftovers\n|-heal|p2a: Weezing|149/258|[from] item: Leftovers\n|upkeep\n|turn|22\n|\n|t:|1781434797\n|switch|p1a: Magcargo|Magcargo, L95, M|190/268\n|move|p2a: Weezing|Sludge Bomb|p1a: Magcargo\n|-resisted|p1a: Magcargo\n|-damage|p1a: Magcargo|144/268\n|\n|-heal|p2a: Weezing|165/258|[from] item: Leftovers\n|upkeep\n|turn|23\n|inactive|It'sOnlyRed? has 120 seconds left.\n|\n|t:|1781434821\n|switch|p2a: Crawdaunt|Crawdaunt, L84, F|243/243\n|move|p1a: Magcargo|Recover|p1a: Magcargo\n|-heal|p1a: Magcargo|268/268\n|\n|upkeep\n|turn|24\n|inactive|It'sOnlyRed? has 120 seconds left.\n|\n|t:|1781434834\n|move|p2a: Crawdaunt|Knock Off|p1a: Magcargo\n|-damage|p1a: Magcargo|164/268\n|-damage|p2a: Crawdaunt|219/243|[from] item: Life Orb\n|move|p1a: Magcargo|Yawn|p2a: Crawdaunt\n|-start|p2a: Crawdaunt|move: Yawn|[of] p1a: Magcargo\n|\n|upkeep\n|turn|25\n|\n|t:|1781434842\n|switch|p2a: Gyarados|Gyarados, L79, F|280/280\n|move|p1a: Magcargo|Recover|p1a: Magcargo\n|-heal|p1a: Magcargo|268/268\n|\n|upkeep\n|turn|26\n|\n|t:|1781434846\n|move|p2a: Gyarados|Waterfall|p1a: Magcargo\n|-supereffective|p1a: Magcargo\n|-damage|p1a: Magcargo|24/268\n|-status|p2a: Gyarados|brn|[from] ability: Flame Body|[of] p1a: Magcargo\n|cant|p1a: Magcargo|flinch\n|\n|-damage|p2a: Gyarados|263/280 brn|[from] brn\n|upkeep\n|turn|27\n|\n|t:|1781434858\n|move|p2a: Gyarados|Waterfall|p1a: Magcargo\n|-supereffective|p1a: Magcargo\n|-damage|p1a: Magcargo|0 fnt\n|faint|p1a: Magcargo\n|-ability|p2a: Gyarados|Moxie|boost\n|-boost|p2a: Gyarados|atk|1\n|\n|-damage|p2a: Gyarados|246/280 brn|[from] brn\n|upkeep\n|\n|t:|1781434871\n|switch|p1a: Regidrago|Regidrago, L77|435/435\n|turn|28\n|\n|t:|1781434880\n|switch|p2a: Magearna|Magearna, L77|250/250\n|move|p1a: Regidrago|Dragon Dance|p1a: Regidrago\n|-boost|p1a: Regidrago|atk|1\n|-boost|p1a: Regidrago|spe|1\n|\n|upkeep\n|turn|29\n|\n|t:|1781434888\n|-terastallize|p1a: Regidrago|Steel\n|move|p1a: Regidrago|Dragon Dance|p1a: Regidrago\n|-boost|p1a: Regidrago|atk|1\n|-boost|p1a: Regidrago|spe|1\n|move|p2a: Magearna|Fleur Cannon|p1a: Regidrago\n|-resisted|p1a: Regidrago\n|-damage|p1a: Regidrago|309/435\n|-unboost|p2a: Magearna|spa|2\n|\n|upkeep\n|turn|30\n|inactive|It'sOnlyRed? has 120 seconds left.\n|\n|t:|1781434936\n|switch|p2a: Gyarados|Gyarados, L79, F|246/280 brn\n|move|p1a: Regidrago|Dragon Dance|p1a: Regidrago\n|-boost|p1a: Regidrago|atk|1\n|-boost|p1a: Regidrago|spe|1\n|\n|-damage|p2a: Gyarados|229/280 brn|[from] brn\n|upkeep\n|turn|31\n|\n|t:|1781434945\n|move|p1a: Regidrago|Dragon Claw|p2a: Gyarados\n|-crit|p2a: Gyarados\n|-damage|p2a: Gyarados|0 fnt\n|faint|p2a: Gyarados\n|-damage|p1a: Regidrago|266/435|[from] item: Life Orb\n|\n|upkeep\n|\n|t:|1781434953\n|switch|p2a: Weezing|Weezing, L88, M|165/258\n|turn|32\n|inactive|It'sOnlyRed? has 120 seconds left.\n|\n|t:|1781434965\n|-terastallize|p2a: Weezing|Steel\n|move|p1a: Regidrago|Dragon Claw|p2a: Weezing\n|-resisted|p2a: Weezing\n|-damage|p2a: Weezing|35/258\n|-damage|p1a: Regidrago|223/435|[from] item: Life Orb\n|move|p2a: Weezing|Will-O-Wisp|p1a: Regidrago\n|-status|p1a: Regidrago|brn\n|\n|-heal|p2a: Weezing|51/258|[from] item: Leftovers\n|-damage|p1a: Regidrago|196/435 brn|[from] brn\n|upkeep\n|turn|33\n|\n|t:|1781434971\n|move|p1a: Regidrago|Dragon Claw|p2a: Weezing\n|-resisted|p2a: Weezing\n|-damage|p2a: Weezing|0 fnt\n|faint|p2a: Weezing\n|-damage|p1a: Regidrago|153/435 brn|[from] item: Life Orb\n|\n|-damage|p1a: Regidrago|126/435 brn|[from] brn\n|upkeep\n|\n|t:|1781434979\n|switch|p2a: Crawdaunt|Crawdaunt, L84, F|219/243\n|turn|34\n|\n|t:|1781434997\n|move|p2a: Crawdaunt|Aqua Jet|p1a: Regidrago\n|-damage|p1a: Regidrago|0 fnt\n|faint|p1a: Regidrago\n|-damage|p2a: Crawdaunt|195/243|[from] item: Life Orb\n|\n|upkeep\n|\n|t:|1781435003\n|switch|p1a: Leafeon|Leafeon, L88, M|198/219\n|turn|35\n|\n|t:|1781435010\n|switch|p2a: Magearna|Magearna, L77|250/250\n|move|p1a: Leafeon|Focus Blast|p2a: Magearna\n|-damage|p2a: Magearna|134/250\n|-damage|p1a: Leafeon|177/219|[from] item: Life Orb\n|\n|-heal|p2a: Magearna|149/250|[from] item: Leftovers\n|upkeep\n|turn|36\n|\n|t:|1781435019\n|move|p1a: Leafeon|Poltergeist|p2a: Magearna\n|-activate|p2a: Magearna|move: Poltergeist|Leftovers\n|-damage|p2a: Magearna|19/250\n|-damage|p1a: Leafeon|156/219|[from] item: Life Orb\n|move|p2a: Magearna|Flash Cannon|p1a: Leafeon\n|-damage|p1a: Leafeon|36/219\n|replace|p1a: Zoroark|Zoroark-Hisui, L80, F\n|-end|p1a: Zoroark|Illusion\n|-hint|Illusion Level Mod is active, so this Pok\u00e9mon's true level was hidden.\n|\n|-heal|p2a: Magearna|34/250|[from] item: Leftovers\n|upkeep\n|turn|37\n|\n|t:|1781435028\n|move|p1a: Zoroark|Hyper Voice|p2a: Magearna\n|-resisted|p2a: Magearna\n|-damage|p2a: Magearna|0 fnt\n|faint|p2a: Magearna\n|-damage|p1a: Zoroark|15/219|[from] item: Life Orb\n|\n|upkeep\n|\n|t:|1781435032\n|switch|p2a: Crawdaunt|Crawdaunt, L84, F|195/243\n|turn|38\n|\n|t:|1781435034\n|move|p2a: Crawdaunt|Aqua Jet|p1a: Zoroark\n|-damage|p1a: Zoroark|0 fnt\n|faint|p1a: Zoroark\n|-damage|p2a: Crawdaunt|171/243|[from] item: Life Orb\n|\n|upkeep\n|\n|t:|1781435037\n|switch|p1a: Leafeon|Leafeon, L88, M|210/258\n|turn|39\n|\n|t:|1781435042\n|switch|p2a: Mewtwo|Mewtwo, L72|272/272\n|-ability|p2a: Mewtwo|Unnerve\n|move|p1a: Leafeon|Leaf Blade|p2a: Mewtwo\n|-damage|p2a: Mewtwo|139/272\n|\n|-heal|p1a: Leafeon|226/258|[from] item: Leftovers\n|upkeep\n|turn|40\n|\n|t:|1781435056\n|move|p2a: Mewtwo|Fire Blast|p1a: Leafeon\n|-supereffective|p1a: Leafeon\n|-damage|p1a: Leafeon|0 fnt\n|faint|p1a: Leafeon\n|-damage|p2a: Mewtwo|112/272|[from] item: Life Orb\n|\n|upkeep\n|\n|t:|1781435059\n|switch|p1a: Feraligatr|Feraligatr, L79, F|264/264\n|turn|41\n|\n|t:|1781435065\n|move|p2a: Mewtwo|Psystrike|p1a: Feraligatr\n|-damage|p1a: Feraligatr|111/264\n|-damage|p2a: Mewtwo|85/272|[from] item: Life Orb\n|move|p1a: Feraligatr|Dragon Dance|p1a: Feraligatr\n|-boost|p1a: Feraligatr|atk|1\n|-boost|p1a: Feraligatr|spe|1\n|\n|upkeep\n|turn|42\n|\n|t:|1781435067\n|move|p1a: Feraligatr|Crunch|p2a: Mewtwo\n|-supereffective|p2a: Mewtwo\n|-damage|p2a: Mewtwo|0 fnt\n|faint|p2a: Mewtwo\n|\n|upkeep\n|\n|t:|1781435073\n|switch|p2a: Crawdaunt|Crawdaunt, L84, F|171/243\n|turn|43\n|\n|t:|1781435080\n|move|p1a: Feraligatr|Liquidation|p2a: Crawdaunt\n|-resisted|p2a: Crawdaunt\n|-damage|p2a: Crawdaunt|58/243\n|move|p2a: Crawdaunt|Knock Off|p1a: Feraligatr\n|-damage|p1a: Feraligatr|0 fnt\n|-enditem|p1a: Feraligatr|Life Orb|[from] move: Knock Off|[of] p2a: Crawdaunt\n|faint|p1a: Feraligatr\n|-damage|p2a: Crawdaunt|34/243|[from] item: Life Orb\n|\n|win|It'sOnlyRed?\n", "inputlog": ">version a8376a258c1d4662feba110a92103f3664a72141\n>start {\"formatid\":\"gen9randombattle\",\"seed\":\"sodium,81d46ce11c7e4ab817761d8736e4044b\",\"rated\":\"Rated battle\"}\n>player p1 {\"name\":\"Saaskin\",\"avatar\":\"265\",\"rating\":2053,\"seed\":\"sodium,2bf02339cfd32cf7d91fa5d4a796d772\"}\n>player p2 {\"name\":\"It'sOnlyRed?\",\"avatar\":\"blue-gen3\",\"rating\":2078,\"seed\":\"sodium,15486ebb643d3232ac255c5678b9ddd1\"}\n>p1 move yawn\n>p2 switch 6\n>p1 switch 5\n>p2 switch 2\n>p1 move bulkup\n>p2 move knockoff\n>p1 move bulkup\n>p2 move encore\n>p1 move bulkup\n>p2 move drainpunch\n>p1 move bulkup\n>p2 move drainpunch\n>p1 move machpunch\n>p2 move encore\n>p1 move machpunch\n>p2 switch 5\n>p1 move machpunch\n>p2 move sludgebomb\n>p1 move machpunch\n>p2 move sludgebomb\n>p1 switch 5\n>p1 move powergem\n>p2 move painsplit\n>p1 move lavaplume\n>p2 switch 5\n>p1 move recover\n>p2 move drainpunch\n>p1 move lavaplume\n>p2 move encore\n>p1 move recover\n>p2 move knockoff\n>p1 switch 4\n>p2 move drainpunch\n>p1 move hypervoice\n>p2 move knockoff\n>p2 switch 3\n>p1 switch 4\n>p2 move flashcannon\n>p1 move yawn\n>p2 switch 4\n>p1 switch 6\n>p2 switch 5\n>p1 move substitute\n>p2 move sludgebomb\n>p1 switch 6\n>p2 move sludgebomb\n>p1 move recover\n>p2 switch 2\n>p1 move yawn\n>p2 move knockoff\n>p1 move recover\n>p2 switch 5\n>p1 move yawn\n>p2 move waterfall\n>p1 move powergem\n>p2 move waterfall\n>p1 switch 3\n>p1 move dragondance\n>p2 switch 4\n>p1 move dragondance terastallize\n>p2 move fleurcannon\n>p1 move dragondance\n>p2 switch 4\n>p1 move dragonclaw\n>p2 move earthquake\n>p2 switch 2\n>p1 move dragonclaw\n>p2 move willowisp terastallize\n>p1 move dragonclaw\n>p2 move fireblast\n>p2 switch 5\n>p1 move dragonclaw\n>p2 move aquajet\n>p1 switch 4\n>p1 move focusblast\n>p2 switch 4\n>p1 move poltergeist\n>p2 move flashcannon\n>p1 move hypervoice\n>p2 move flashcannon\n>p2 switch 4\n>p1 move willowisp\n>p2 move aquajet\n>p1 switch 6\n>p1 move leafblade\n>p2 switch 6\n>p1 move leafblade\n>p2 move fireblast\n>p1 switch 2\n>p1 move dragondance\n>p2 move psystrike\n>p1 move crunch\n>p2 move psystrike\n>p2 switch 6\n>p1 move liquidation\n>p2 move knockoff", "uploadtime": 1781434561, "views": 4, "formatid": "gen9randombattle", "rating": null, "private": 0, "password": null}