{"id": "gen9randombattle-2631840390", "format": "[Gen 9] Random Battle", "players": ["newbiemee", "cletus_kletus"], "log": "|j|\u2606newbiemee\n|j|\u2606cletus_kletus\n|t:|1781446798\n|gametype|singles\n|player|p1|newbiemee|cynthia-masters4|1160\n|player|p2|cletus_kletus|swimmerf|1220\n|gen|9\n|tier|[Gen 9] Random Battle\n|rated|\n|rule|Species Clause: Limit one of each Pok\u00e9mon\n|rule|HP Percentage Mod: HP is shown in percentages\n|rule|Sleep Clause Mod: Limit one foe put to sleep\n|rule|Illusion Level Mod: Illusion disguises the Pok\u00e9mon's true level\n|\n|t:|1781446798\n|teamsize|p1|6\n|teamsize|p2|6\n|start\n|switch|p1a: Houndoom|Houndoom, L87, F|272/272\n|switch|p2a: Feraligatr|Feraligatr, L79, F|264/264\n|turn|1\n|inactive|Battle timer is ON: inactive players will automatically lose when time's up. (requested by cletus_kletus)\n|inactive|newbiemee also wants the timer to be on.\n|inactive|newbiemee has 120 seconds left.\n|\n|t:|1781446837\n|move|p1a: Houndoom|Dark Pulse|p2a: Feraligatr\n|-damage|p2a: Feraligatr|161/264\n|cant|p2a: Feraligatr|flinch\n|\n|upkeep\n|turn|2\n|\n|t:|1781446845\n|move|p1a: Houndoom|Dark Pulse|p2a: Feraligatr\n|-damage|p2a: Feraligatr|50/264\n|cant|p2a: Feraligatr|flinch\n|\n|upkeep\n|turn|3\n|\n|t:|1781446850\n|move|p1a: Houndoom|Dark Pulse|p2a: Feraligatr\n|-damage|p2a: Feraligatr|0 fnt\n|faint|p2a: Feraligatr\n|\n|upkeep\n|c|\u2606cletus_kletus|wow\n|\n|t:|1781446855\n|switch|p2a: Passimian|Passimian, L83, M|302/302\n|turn|4\n|\n|t:|1781446860\n|move|p1a: Houndoom|Fire Blast|p2a: Passimian\n|-crit|p2a: Passimian\n|-damage|p2a: Passimian|14/302\n|move|p2a: Passimian|Drain Punch|p1a: Houndoom\n|-supereffective|p1a: Houndoom\n|-damage|p1a: Houndoom|0 fnt\n|-heal|p2a: Passimian|150/302|[from] drain|[of] p1a: Houndoom\n|faint|p1a: Houndoom\n|\n|-heal|p2a: Passimian|168/302|[from] item: Leftovers\n|upkeep\n|\n|t:|1781446869\n|switch|p1a: Cyclizar|Cyclizar, L83, M|252/252\n|turn|5\n|\n|t:|1781446873\n|move|p1a: Cyclizar|Shed Tail|p1a: Cyclizar\n|-start|p1a: Cyclizar|Substitute|[from] move: Shed Tail\n|-damage|p1a: Cyclizar|126/252\n|\n|t:|1781446877\n|switch|p1a: Spectrier|Spectrier, L75|274/274|[from] Shed Tail\n|move|p2a: Passimian|Drain Punch|p1a: Spectrier\n|-immune|p1a: Spectrier\n|\n|-heal|p2a: Passimian|186/302|[from] item: Leftovers\n|upkeep\n|turn|6\n|\n|t:|1781446887\n|move|p1a: Spectrier|Nasty Plot|p1a: Spectrier\n|-boost|p1a: Spectrier|spa|2\n|move|p2a: Passimian|Knock Off|p1a: Spectrier\n|-supereffective|p1a: Spectrier\n|-end|p1a: Spectrier|Substitute\n|\n|-heal|p2a: Passimian|204/302|[from] item: Leftovers\n|upkeep\n|turn|7\n|\n|t:|1781446892\n|move|p1a: Spectrier|Draining Kiss|p2a: Passimian\n|-supereffective|p2a: Passimian\n|-damage|p2a: Passimian|0 fnt\n|faint|p2a: Passimian\n|-ability|p1a: Spectrier|Grim Neigh|boost\n|-boost|p1a: Spectrier|spa|1\n|-damage|p1a: Spectrier|247/274|[from] item: Life Orb\n|\n|upkeep\n|\n|t:|1781446903\n|switch|p2a: Vigoroth|Vigoroth, L85, F|275/275\n|turn|8\n|\n|t:|1781446913\n|move|p1a: Spectrier|Draining Kiss|p2a: Vigoroth\n|-damage|p2a: Vigoroth|148/275\n|-heal|p1a: Spectrier|274/274|[from] drain|[of] p2a: Vigoroth\n|-damage|p1a: Spectrier|247/274|[from] item: Life Orb\n|move|p2a: Vigoroth|Knock Off|p1a: Spectrier\n|-supereffective|p1a: Spectrier\n|-crit|p1a: Spectrier\n|-damage|p1a: Spectrier|0 fnt\n|-enditem|p1a: Spectrier|Life Orb|[from] move: Knock Off|[of] p2a: Vigoroth\n|faint|p1a: Spectrier\n|\n|upkeep\n|\n|t:|1781446921\n|switch|p1a: Cyclizar|Cyclizar, L83, M|210/252\n|turn|9\n|\n|t:|1781446927\n|move|p1a: Cyclizar|Shed Tail|p1a: Cyclizar\n|-start|p1a: Cyclizar|Substitute|[from] move: Shed Tail\n|-damage|p1a: Cyclizar|84/252\n|\n|t:|1781446932\n|switch|p1a: Giratina|Giratina, L75|349/349|[from] Shed Tail\n|-ability|p1a: Giratina|Pressure\n|move|p2a: Vigoroth|Knock Off|p1a: Giratina\n|-supereffective|p1a: Giratina\n|-end|p1a: Giratina|Substitute\n|\n|upkeep\n|turn|10\n|\n|t:|1781446943\n|-terastallize|p1a: Giratina|Fairy\n|move|p2a: Vigoroth|Knock Off|p1a: Giratina\n|-resisted|p1a: Giratina\n|-damage|p1a: Giratina|323/349\n|-enditem|p1a: Giratina|Leftovers|[from] move: Knock Off|[of] p2a: Vigoroth\n|move|p1a: Giratina|Calm Mind|p1a: Giratina\n|-boost|p1a: Giratina|spa|1\n|-boost|p1a: Giratina|spd|1\n|\n|upkeep\n|turn|11\n|\n|t:|1781446954\n|move|p2a: Vigoroth|Body Slam|p1a: Giratina\n|-damage|p1a: Giratina|248/349\n|move|p1a: Giratina|Calm Mind|p1a: Giratina\n|-boost|p1a: Giratina|spa|1\n|-boost|p1a: Giratina|spd|1\n|\n|upkeep\n|turn|12\n|\n|t:|1781446960\n|move|p2a: Vigoroth|Body Slam|p1a: Giratina\n|-damage|p1a: Giratina|173/349\n|move|p1a: Giratina|Rest|p1a: Giratina\n|-status|p1a: Giratina|slp|[from] move: Rest\n|-heal|p1a: Giratina|349/349 slp|[silent]\n|\n|upkeep\n|turn|13\n|\n|t:|1781446970\n|move|p2a: Vigoroth|Bulk Up|p2a: Vigoroth\n|-boost|p2a: Vigoroth|atk|1\n|-boost|p2a: Vigoroth|def|1\n|cant|p1a: Giratina|slp\n|move|p1a: Giratina|Sleep Talk|p1a: Giratina\n|move|p1a: Giratina|Calm Mind|p1a: Giratina|[from] move: Sleep Talk\n|-boost|p1a: Giratina|spa|1\n|-boost|p1a: Giratina|spd|1\n|\n|upkeep\n|turn|14\n|\n|t:|1781446976\n|move|p2a: Vigoroth|Bulk Up|p2a: Vigoroth\n|-boost|p2a: Vigoroth|atk|1\n|-boost|p2a: Vigoroth|def|1\n|cant|p1a: Giratina|slp\n|move|p1a: Giratina|Sleep Talk|p1a: Giratina\n|move|p1a: Giratina|Calm Mind|p1a: Giratina|[from] move: Sleep Talk\n|-boost|p1a: Giratina|spa|1\n|-boost|p1a: Giratina|spd|1\n|\n|upkeep\n|turn|15\n|\n|t:|1781446984\n|move|p2a: Vigoroth|Body Slam|p1a: Giratina\n|-damage|p1a: Giratina|217/349 slp\n|-curestatus|p1a: Giratina|slp|[msg]\n|move|p1a: Giratina|Dragon Pulse|p2a: Vigoroth\n|-damage|p2a: Vigoroth|0 fnt\n|faint|p2a: Vigoroth\n|\n|upkeep\n|\n|t:|1781446988\n|switch|p2a: Brute Bonnet|Brute Bonnet, L80|309/309\n|turn|16\n|\n|t:|1781446994\n|move|p1a: Giratina|Dragon Pulse|p2a: Brute Bonnet\n|-damage|p2a: Brute Bonnet|81/309\n|move|p2a: Brute Bonnet|Seed Bomb|p1a: Giratina\n|-damage|p1a: Giratina|138/349\n|\n|-heal|p2a: Brute Bonnet|100/309|[from] item: Leftovers\n|upkeep\n|turn|17\n|\n|t:|1781447000\n|move|p1a: Giratina|Dragon Pulse|p2a: Brute Bonnet\n|-damage|p2a: Brute Bonnet|0 fnt\n|faint|p2a: Brute Bonnet\n|-end|p2a: Brute Bonnet|Protosynthesis|[silent]\n|\n|upkeep\n|\n|t:|1781447004\n|switch|p2a: Porygon-Z|Porygon-Z, L83|277/277\n|turn|18\n|\n|t:|1781447008\n|move|p2a: Porygon-Z|Shadow Ball|p1a: Giratina\n|-damage|p1a: Giratina|111/349\n|-unboost|p1a: Giratina|spd|1\n|-damage|p2a: Porygon-Z|250/277|[from] item: Life Orb\n|move|p1a: Giratina|Dragon Pulse|p2a: Porygon-Z\n|-damage|p2a: Porygon-Z|0 fnt\n|faint|p2a: Porygon-Z\n|\n|upkeep\n|-message|cletus_kletus forfeited.\n|\n|win|newbiemee\n|raw|newbiemee's rating: 1160 &rarr; <strong>1189</strong><br />(+29 for winning)\n|raw|cletus_kletus's rating: 1220 &rarr; <strong>1191</strong><br />(-29 for losing)\n", "inputlog": ">version a8376a258c1d4662feba110a92103f3664a72141\n>start {\"formatid\":\"gen9randombattle\",\"seed\":\"sodium,6b3c86e2d14beedcd5ef962edc08ddb3\",\"rated\":\"Rated battle\"}\n>player p1 {\"name\":\"newbiemee\",\"avatar\":\"cynthia-masters4\",\"rating\":1160,\"seed\":\"sodium,1a1887a3d1edc0935d86c0cc9df68a4e\"}\n>player p2 {\"name\":\"cletus_kletus\",\"avatar\":\"swimmerf\",\"rating\":1220,\"seed\":\"sodium,dd679dfe98b39f96aab2ab0abdad7774\"}\n>p1 move darkpulse\n>p2 move dragondance\n>p1 move darkpulse\n>p2 move dragondance\n>p1 move darkpulse\n>p2 move liquidation\n>chat \u2606cletus_kletus|wow\n>p2 switch 4\n>p1 move fireblast\n>p2 move drainpunch\n>p1 switch 3\n>p1 move shedtail\n>p2 move drainpunch\n>p1 switch 5\n>p1 move nastyplot\n>p2 move knockoff\n>p1 move drainingkiss\n>p2 move knockoff\n>p2 switch 2\n>p1 move drainingkiss\n>p2 move knockoff\n>p1 switch 5\n>p1 move shedtail\n>p2 move knockoff\n>p1 switch 2\n>p1 move calmmind terastallize\n>p2 move knockoff\n>p1 move calmmind\n>p2 move bodyslam\n>p1 move rest\n>p2 move bodyslam\n>p1 move sleeptalk\n>p2 move bulkup\n>p1 move sleeptalk\n>p2 move bulkup\n>p1 move dragonpulse\n>p2 move bodyslam\n>p2 switch 3\n>p1 move dragonpulse\n>p2 move seedbomb\n>p1 move dragonpulse\n>p2 move spore\n>p2 switch 5\n>p1 move dragonpulse\n>p2 move shadowball\n>forcelose p2", "uploadtime": 1781447012, "views": 8, "formatid": "gen9randombattle", "rating": 1189, "private": 0, "password": null}