{"id": "gen9randombattle-2631893480", "format": "[Gen 9] Random Battle", "players": ["Turquoise143", "xcom-jenkins"], "log": "|j|\u2606Turquoise143\n|j|\u2606xcom-jenkins\n|t:|1781452847\n|gametype|singles\n|player|p1|Turquoise143|169|1450\n|player|p2|xcom-jenkins|265|1475\n|gen|9\n|tier|[Gen 9] Random Battle\n|rated|\n|rule|Species Clause: Limit one of each Pok\u00e9mon\n|rule|HP Percentage Mod: HP is shown in percentages\n|rule|Sleep Clause Mod: Limit one foe put to sleep\n|rule|Illusion Level Mod: Illusion disguises the Pok\u00e9mon's true level\n|\n|t:|1781452847\n|teamsize|p1|6\n|teamsize|p2|6\n|start\n|switch|p1a: Salazzle|Salazzle, L83, F|249/249\n|switch|p2a: Hydreigon|Hydreigon, L79, F|275/275\n|turn|1\n|inactive|Battle timer is ON: inactive players will automatically lose when time's up. (requested by Turquoise143)\n|\n|t:|1781452866\n|switch|p1a: Lokix|Lokix, L82, F|251/251\n|move|p2a: Hydreigon|Dark Pulse|p1a: Lokix\n|-resisted|p1a: Lokix\n|-crit|p1a: Lokix\n|-damage|p1a: Lokix|157/251\n|\n|upkeep\n|turn|2\n|inactive|xcom-jenkins has 120 seconds left.\n|\n|t:|1781452898\n|switch|p2a: Gurdurr|Gurdurr, L85, M|283/283\n|move|p1a: Lokix|First Impression|p2a: Gurdurr\n|-resisted|p2a: Gurdurr\n|-damage|p2a: Gurdurr|208/283\n|-damage|p1a: Lokix|132/251|[from] item: Life Orb\n|\n|upkeep\n|turn|3\n|\n|t:|1781452908\n|move|p1a: Lokix|Knock Off|p2a: Gurdurr\n|-resisted|p2a: Gurdurr\n|-damage|p2a: Gurdurr|125/283\n|-enditem|p2a: Gurdurr|Eviolite|[from] move: Knock Off|[of] p1a: Lokix\n|-damage|p1a: Lokix|107/251|[from] item: Life Orb\n|move|p2a: Gurdurr|Knock Off|p1a: Lokix\n|-resisted|p1a: Lokix\n|-damage|p1a: Lokix|62/251\n|-enditem|p1a: Lokix|Life Orb|[from] move: Knock Off|[of] p2a: Gurdurr\n|\n|upkeep\n|turn|4\n|\n|t:|1781452921\n|move|p1a: Lokix|Leech Life|p2a: Gurdurr\n|-resisted|p2a: Gurdurr\n|-damage|p2a: Gurdurr|47/283\n|-heal|p1a: Lokix|101/251|[from] drain|[of] p2a: Gurdurr\n|move|p2a: Gurdurr|Knock Off|p1a: Lokix\n|-resisted|p1a: Lokix\n|-damage|p1a: Lokix|71/251\n|\n|upkeep\n|turn|5\n|\n|t:|1781452929\n|move|p2a: Gurdurr|Mach Punch|p1a: Lokix\n|-damage|p1a: Lokix|20/251\n|move|p1a: Lokix|Leech Life|p2a: Gurdurr\n|-resisted|p2a: Gurdurr\n|-damage|p2a: Gurdurr|0 fnt\n|-heal|p1a: Lokix|44/251|[from] drain|[of] p2a: Gurdurr\n|faint|p2a: Gurdurr\n|\n|upkeep\n|\n|t:|1781452943\n|switch|p2a: Lucario|Lucario, L84, M|255/255\n|turn|6\n|\n|t:|1781452956\n|switch|p1a: Salazzle|Salazzle, L83, F|249/249\n|move|p2a: Lucario|Swords Dance|p2a: Lucario\n|-boost|p2a: Lucario|atk|2\n|\n|upkeep\n|turn|7\n|\n|t:|1781452966\n|-terastallize|p2a: Lucario|Normal\n|move|p2a: Lucario|Extreme Speed|p1a: Salazzle\n|-damage|p1a: Salazzle|0 fnt\n|faint|p1a: Salazzle\n|-damage|p2a: Lucario|230/255|[from] item: Life Orb\n|\n|upkeep\n|\n|t:|1781452990\n|switch|p1a: Regidrago|Regidrago, L77|435/435\n|turn|8\n|inactive|Turquoise143 has 120 seconds left.\n|\n|t:|1781453011\n|-terastallize|p1a: Regidrago|Dragon\n|move|p2a: Lucario|Close Combat|p1a: Regidrago\n|-damage|p1a: Regidrago|0 fnt\n|-unboost|p2a: Lucario|def|1\n|-unboost|p2a: Lucario|spd|1\n|faint|p1a: Regidrago\n|-damage|p2a: Lucario|205/255|[from] item: Life Orb\n|\n|upkeep\n|inactive|Turquoise143 has 120 seconds left.\n|\n|t:|1781453024\n|switch|p1a: Lokix|Lokix, L82, F|44/251\n|turn|9\n|inactive|Turquoise143 has 120 seconds left.\n|\n|t:|1781453030\n|move|p2a: Lucario|Extreme Speed|p1a: Lokix\n|-damage|p1a: Lokix|0 fnt\n|faint|p1a: Lokix\n|-damage|p2a: Lucario|180/255|[from] item: Life Orb\n|\n|upkeep\n|inactive|Turquoise143 has 120 seconds left.\n|\n|t:|1781453037\n|switch|p1a: Granbull|Granbull, L88, M|302/302\n|-ability|p1a: Granbull|Intimidate|boost\n|-unboost|p2a: Lucario|atk|1\n|turn|10\n|\n|t:|1781453045\n|move|p2a: Lucario|Meteor Mash|p1a: Granbull\n|-supereffective|p1a: Granbull\n|-damage|p1a: Granbull|0 fnt\n|faint|p1a: Granbull\n|-damage|p2a: Lucario|155/255|[from] item: Life Orb\n|\n|upkeep\n|-message|Turquoise143 forfeited.\n|\n|win|xcom-jenkins\n|raw|Turquoise143's rating: 1450 &rarr; <strong>1431</strong><br />(-19 for losing)\n|raw|xcom-jenkins's rating: 1475 &rarr; <strong>1494</strong><br />(+19 for winning)\n|l|\u2606Turquoise143\n|player|p1|\n", "inputlog": ">version a8376a258c1d4662feba110a92103f3664a72141\n>start {\"formatid\":\"gen9randombattle\",\"seed\":\"sodium,facbaa723f7e97b3d6c3a27734a03217\",\"rated\":\"Rated battle\"}\n>player p1 {\"name\":\"Turquoise143\",\"avatar\":\"169\",\"rating\":1450,\"seed\":\"sodium,3901e0886d61ae9ba869a49f68f73d92\"}\n>player p2 {\"name\":\"xcom-jenkins\",\"avatar\":\"265\",\"rating\":1475,\"seed\":\"sodium,d05f6756b65f0b9da8825cbbd81503c8\"}\n>p1 switch 4\n>p2 move darkpulse\n>p1 move firstimpression\n>p2 switch 3\n>p1 move knockoff\n>p2 move knockoff\n>p1 move leechlife\n>p2 move knockoff\n>p1 move leechlife\n>p2 move machpunch\n>p2 switch 2\n>p1 switch 4\n>p2 move swordsdance\n>p1 move fireblast\n>p2 move extremespeed terastallize\n>p1 switch 2\n>p1 move dracometeor terastallize\n>p2 move closecombat\n>p1 switch 4\n>p1 move firstimpression\n>p2 move extremespeed\n>p1 switch 6\n>p1 move playrough\n>p2 move meteormash\n>forcelose p1", "uploadtime": 1781453053, "views": 6, "formatid": "gen9randombattle", "rating": 1431, "private": 0, "password": null}