{"id": "gen9randombattle-2631962038", "format": "[Gen 9] Random Battle", "players": ["Ubuwewe", "dots_jkj"], "log": "|j|\u2606Ubuwewe\n|j|\u2606dots_jkj\n|t:|1781460320\n|gametype|singles\n|player|p1|Ubuwewe|lucas|1522\n|player|p2|dots_jkj|cynthia|1527\n|gen|9\n|tier|[Gen 9] Random Battle\n|rated|\n|rule|Species Clause: Limit one of each Pok\u00e9mon\n|rule|HP Percentage Mod: HP is shown in percentages\n|rule|Sleep Clause Mod: Limit one foe put to sleep\n|rule|Illusion Level Mod: Illusion disguises the Pok\u00e9mon's true level\n|\n|t:|1781460320\n|teamsize|p1|6\n|teamsize|p2|6\n|start\n|switch|p1a: Regirock|Regirock, L83|268/268\n|switch|p2a: Sceptile|Sceptile, L87, M|264/264\n|turn|1\n|inactive|Battle timer is ON: inactive players will automatically lose when time's up. (requested by dots_jkj)\n|inactive|Ubuwewe also wants the timer to be on.\n|\n|t:|1781460335\n|move|p2a: Sceptile|Leaf Storm|p1a: Regirock|[miss]\n|-miss|p2a: Sceptile|p1a: Regirock\n|move|p1a: Regirock|Thunder Wave|p2a: Sceptile\n|-status|p2a: Sceptile|par\n|\n|upkeep\n|turn|2\n|\n|t:|1781460352\n|switch|p1a: Chansey|Chansey, L85, F|564/564\n|cant|p2a: Sceptile|par\n|\n|upkeep\n|turn|3\n|\n|t:|1781460373\n|switch|p2a: Basculin|Basculin, L86, F|261/261\n|move|p1a: Chansey|Seismic Toss|p2a: Basculin\n|-damage|p2a: Basculin|176/261\n|\n|upkeep\n|turn|4\n|\n|t:|1781460389\n|switch|p1a: Arboliva|Arboliva, L91, M|288/288\n|move|p2a: Basculin|Wave Crash|p1a: Arboliva\n|-resisted|p1a: Arboliva\n|-damage|p1a: Arboliva|169/288\n|-damage|p2a: Basculin|137/261|[from] Recoil\n|\n|upkeep\n|turn|5\n|\n|t:|1781460401\n|switch|p2a: Incineroar|Incineroar, L82, M|290/290\n|-ability|p2a: Incineroar|Intimidate|boost\n|-unboost|p1a: Arboliva|atk|1\n|move|p1a: Arboliva|Hyper Voice|p2a: Incineroar\n|-damage|p2a: Incineroar|200/290\n|\n|upkeep\n|turn|6\n|inactive|Ubuwewe has 120 seconds left.\n|\n|t:|1781460429\n|switch|p1a: Regirock|Regirock, L83|268/268\n|move|p2a: Incineroar|Overheat|p1a: Regirock\n|-resisted|p1a: Regirock\n|-damage|p1a: Regirock|217/268\n|-unboost|p2a: Incineroar|spa|2\n|\n|-heal|p1a: Regirock|233/268|[from] item: Leftovers\n|upkeep\n|turn|7\n|inactive|Ubuwewe has 120 seconds left.\n|\n|t:|1781460444\n|move|p2a: Incineroar|Close Combat|p1a: Regirock\n|-supereffective|p1a: Regirock\n|-damage|p1a: Regirock|145/268\n|-unboost|p2a: Incineroar|def|1\n|-unboost|p2a: Incineroar|spd|1\n|move|p1a: Regirock|Body Press|p2a: Incineroar\n|-supereffective|p2a: Incineroar\n|-damage|p2a: Incineroar|0 fnt\n|faint|p2a: Incineroar\n|\n|-heal|p1a: Regirock|161/268|[from] item: Leftovers\n|upkeep\n|\n|t:|1781460449\n|switch|p2a: Basculin|Basculin, L86, F|137/261\n|turn|8\n|inactive|Ubuwewe has 120 seconds left.\n|\n|t:|1781460461\n|switch|p1a: Arboliva|Arboliva, L91, M|169/288\n|move|p2a: Basculin|Flip Turn|p1a: Arboliva\n|-resisted|p1a: Arboliva\n|-damage|p1a: Arboliva|110/288\n|-enditem|p1a: Arboliva|Sitrus Berry|[eat]\n|-heal|p1a: Arboliva|182/288|[from] item: Sitrus Berry\n|\n|t:|1781460467\n|switch|p2a: Sceptile|Sceptile, L87, M|264/264 par|[from] Flip Turn\n|\n|-item|p1a: Arboliva|Sitrus Berry|[from] ability: Harvest\n|upkeep\n|turn|9\n|\n|t:|1781460477\n|move|p1a: Arboliva|Protect|p1a: Arboliva\n|-singleturn|p1a: Arboliva|Protect\n|move|p2a: Sceptile|Focus Blast|p1a: Arboliva\n|-activate|p1a: Arboliva|move: Protect\n|\n|upkeep\n|turn|10\n|\n|t:|1781460484\n|switch|p1a: Chansey|Chansey, L85, F|564/564\n|move|p2a: Sceptile|Focus Blast|p1a: Chansey\n|-supereffective|p1a: Chansey\n|-damage|p1a: Chansey|429/564\n|-damage|p2a: Sceptile|238/264 par|[from] item: Life Orb\n|\n|upkeep\n|turn|11\n|\n|t:|1781460492\n|move|p1a: Chansey|Seismic Toss|p2a: Sceptile\n|-damage|p2a: Sceptile|153/264 par\n|move|p2a: Sceptile|Earthquake|p1a: Chansey\n|-damage|p1a: Chansey|243/564\n|-damage|p2a: Sceptile|127/264 par|[from] item: Life Orb\n|\n|upkeep\n|turn|12\n|\n|t:|1781460501\n|move|p1a: Chansey|Soft-Boiled|p1a: Chansey\n|-heal|p1a: Chansey|525/564\n|cant|p2a: Sceptile|par\n|\n|upkeep\n|turn|13\n|\n|t:|1781460506\n|move|p1a: Chansey|Seismic Toss|p2a: Sceptile\n|-damage|p2a: Sceptile|42/264 par\n|move|p2a: Sceptile|Earthquake|p1a: Chansey\n|-damage|p1a: Chansey|313/564\n|-damage|p2a: Sceptile|16/264 par|[from] item: Life Orb\n|\n|upkeep\n|turn|14\n|\n|t:|1781460516\n|move|p1a: Chansey|Soft-Boiled|p1a: Chansey\n|-heal|p1a: Chansey|564/564\n|move|p2a: Sceptile|Earthquake|p1a: Chansey\n|-damage|p1a: Chansey|378/564\n|-damage|p2a: Sceptile|0 fnt|[from] item: Life Orb\n|faint|p2a: Sceptile\n|\n|upkeep\n|\n|t:|1781460524\n|switch|p2a: Basculin|Basculin, L86, F|137/261\n|turn|15\n|\n|t:|1781460539\n|switch|p1a: Arboliva|Arboliva, L91, M|182/288\n|move|p2a: Basculin|Flip Turn|p1a: Arboliva\n|-resisted|p1a: Arboliva\n|-damage|p1a: Arboliva|127/288\n|-enditem|p1a: Arboliva|Sitrus Berry|[eat]\n|-heal|p1a: Arboliva|199/288|[from] item: Sitrus Berry\n|\n|t:|1781460546\n|switch|p2a: Lilligant|Lilligant-Hisui, L79, F|240/240|[from] Flip Turn\n|\n|-item|p1a: Arboliva|Sitrus Berry|[from] ability: Harvest\n|upkeep\n|turn|16\n|inactive|Ubuwewe has 120 seconds left.\n|\n|t:|1781460597\n|switch|p1a: Regirock|Regirock, L83|161/268\n|move|p2a: Lilligant|Victory Dance|p2a: Lilligant\n|-boost|p2a: Lilligant|atk|1\n|-boost|p2a: Lilligant|def|1\n|-boost|p2a: Lilligant|spe|1\n|\n|-heal|p1a: Regirock|177/268|[from] item: Leftovers\n|upkeep\n|turn|17\n|\n|t:|1781460611\n|-terastallize|p1a: Regirock|Fighting\n|move|p2a: Lilligant|Close Combat|p1a: Regirock\n|-damage|p1a: Regirock|48/268\n|-unboost|p2a: Lilligant|def|1\n|-unboost|p2a: Lilligant|spd|1\n|move|p1a: Regirock|Thunder Wave|p2a: Lilligant\n|-status|p2a: Lilligant|par\n|\n|-heal|p1a: Regirock|64/268|[from] item: Leftovers\n|upkeep\n|turn|18\n|\n|t:|1781460626\n|move|p2a: Lilligant|Victory Dance|p2a: Lilligant\n|-boost|p2a: Lilligant|atk|1\n|-boost|p2a: Lilligant|def|1\n|-boost|p2a: Lilligant|spe|1\n|move|p1a: Regirock|Stealth Rock|p2a: Lilligant\n|-sidestart|p2: dots_jkj|move: Stealth Rock\n|\n|-heal|p1a: Regirock|80/268|[from] item: Leftovers\n|upkeep\n|turn|19\n|\n|t:|1781460634\n|cant|p2a: Lilligant|par\n|move|p1a: Regirock|Body Press|p2a: Lilligant\n|-damage|p2a: Lilligant|125/240 par\n|\n|-heal|p1a: Regirock|96/268|[from] item: Leftovers\n|upkeep\n|turn|20\n|\n|t:|1781460643\n|move|p2a: Lilligant|Victory Dance|p2a: Lilligant\n|-boost|p2a: Lilligant|atk|1\n|-boost|p2a: Lilligant|def|1\n|-boost|p2a: Lilligant|spe|1\n|move|p1a: Regirock|Body Press|p2a: Lilligant\n|-damage|p2a: Lilligant|35/240 par\n|\n|-heal|p1a: Regirock|112/268|[from] item: Leftovers\n|upkeep\n|turn|21\n|\n|t:|1781460666\n|move|p2a: Lilligant|Close Combat|p1a: Regirock\n|-damage|p1a: Regirock|0 fnt\n|-unboost|p2a: Lilligant|def|1\n|-unboost|p2a: Lilligant|spd|1\n|faint|p1a: Regirock\n|\n|upkeep\n|\n|t:|1781460693\n|switch|p1a: Gallade|Gallade, L80, M|240/240\n|turn|22\n|\n|t:|1781460698\n|cant|p2a: Lilligant|par\n|move|p1a: Gallade|Psycho Cut|p2a: Lilligant\n|-supereffective|p2a: Lilligant\n|-damage|p2a: Lilligant|0 fnt\n|faint|p2a: Lilligant\n|\n|upkeep\n|inactive|dots_jkj has 120 seconds left.\n|\n|t:|1781460732\n|switch|p2a: Sandslash|Sandslash, L89, M|278/278\n|-damage|p2a: Sandslash|261/278|[from] Stealth Rock\n|turn|23\n|inactive|Ubuwewe has 90 seconds left.\n|\n|t:|1781460767\n|switch|p1a: Arboliva|Arboliva, L91, M|199/288\n|move|p2a: Sandslash|Rapid Spin|p1a: Arboliva\n|-damage|p1a: Arboliva|164/288\n|-boost|p2a: Sandslash|spe|1\n|-sideend|p2: dots_jkj|Stealth Rock|[from] move: Rapid Spin|[of] p2a: Sandslash\n|\n|-heal|p2a: Sandslash|278/278|[from] item: Leftovers\n|upkeep\n|turn|24\n|inactive|Ubuwewe has 90 seconds left.\n|inactive|dots_jkj has 120 seconds left.\n|\n|t:|1781460801\n|move|p2a: Sandslash|Knock Off|p1a: Arboliva\n|-damage|p1a: Arboliva|92/288\n|-enditem|p1a: Arboliva|Sitrus Berry|[from] move: Knock Off|[of] p2a: Sandslash\n|move|p1a: Arboliva|Leech Seed|p2a: Sandslash\n|-start|p2a: Sandslash|move: Leech Seed\n|\n|-damage|p2a: Sandslash|244/278|[from] Leech Seed|[of] p1a: Arboliva\n|-heal|p1a: Arboliva|126/288|[silent]\n|upkeep\n|turn|25\n|inactive|Ubuwewe has 90 seconds left.\n|\n|t:|1781460818\n|switch|p1a: Flutter Mane|Flutter Mane, L74|203/203\n|move|p2a: Sandslash|Swords Dance|p2a: Sandslash\n|-boost|p2a: Sandslash|atk|2\n|\n|-heal|p2a: Sandslash|261/278|[from] item: Leftovers\n|-damage|p2a: Sandslash|227/278|[from] Leech Seed|[of] p1a: Flutter Mane\n|upkeep\n|turn|26\n|inactive|dots_jkj has 120 seconds left.\n|inactive|Ubuwewe has 60 seconds left.\n|\n|t:|1781460850\n|move|p2a: Sandslash|Earthquake|p1a: Flutter Mane\n|-damage|p1a: Flutter Mane|0 fnt\n|faint|p1a: Flutter Mane\n|-end|p1a: Flutter Mane|Protosynthesis|[silent]\n|\n|-heal|p2a: Sandslash|244/278|[from] item: Leftovers\n|upkeep\n|inactive|Ubuwewe has 60 seconds left.\n|\n|t:|1781460869\n|switch|p1a: Eelektross|Eelektross, L87, M|290/290\n|turn|27\n|\n|t:|1781460882\n|move|p2a: Sandslash|Rapid Spin|p1a: Eelektross\n|-damage|p1a: Eelektross|206/290\n|-boost|p2a: Sandslash|spe|1\n|-end|p2a: Sandslash|Leech Seed|[from] move: Rapid Spin|[of] p2a: Sandslash\n|move|p1a: Eelektross|Coil|p1a: Eelektross\n|-boost|p1a: Eelektross|atk|1\n|-boost|p1a: Eelektross|def|1\n|-boost|p1a: Eelektross|accuracy|1\n|\n|-heal|p2a: Sandslash|261/278|[from] item: Leftovers\n|-heal|p1a: Eelektross|224/290|[from] item: Leftovers\n|upkeep\n|turn|28\n|\n|t:|1781460894\n|move|p2a: Sandslash|Knock Off|p1a: Eelektross\n|-damage|p1a: Eelektross|121/290\n|-enditem|p1a: Eelektross|Leftovers|[from] move: Knock Off|[of] p2a: Sandslash\n|move|p1a: Eelektross|Drain Punch|p2a: Sandslash\n|-crit|p2a: Sandslash\n|-damage|p2a: Sandslash|144/278\n|-heal|p1a: Eelektross|180/290|[from] drain|[of] p2a: Sandslash\n|\n|-heal|p2a: Sandslash|161/278|[from] item: Leftovers\n|upkeep\n|turn|29\n|\n|t:|1781460905\n|move|p2a: Sandslash|Swords Dance|p2a: Sandslash\n|-boost|p2a: Sandslash|atk|2\n|move|p1a: Eelektross|Coil|p1a: Eelektross\n|-boost|p1a: Eelektross|atk|1\n|-boost|p1a: Eelektross|def|1\n|-boost|p1a: Eelektross|accuracy|1\n|\n|-heal|p2a: Sandslash|178/278|[from] item: Leftovers\n|upkeep\n|turn|30\n|\n|t:|1781460914\n|move|p2a: Sandslash|Knock Off|p1a: Eelektross\n|-damage|p1a: Eelektross|94/290\n|move|p1a: Eelektross|Drain Punch|p2a: Sandslash\n|-damage|p2a: Sandslash|79/278\n|-heal|p1a: Eelektross|144/290|[from] drain|[of] p2a: Sandslash\n|\n|-heal|p2a: Sandslash|96/278|[from] item: Leftovers\n|upkeep\n|turn|31\n|inactive|Ubuwewe has 60 seconds left.\n|\n|t:|1781460925\n|move|p2a: Sandslash|Knock Off|p1a: Eelektross\n|-damage|p1a: Eelektross|62/290\n|move|p1a: Eelektross|Drain Punch|p2a: Sandslash\n|-damage|p2a: Sandslash|0 fnt\n|-heal|p1a: Eelektross|110/290|[from] drain|[of] p2a: Sandslash\n|faint|p2a: Sandslash\n|\n|upkeep\n|\n|t:|1781460935\n|switch|p2a: Basculin|Basculin, L86, F|137/261\n|turn|32\n|inactive|Ubuwewe has 60 seconds left.\n|\n|t:|1781460953\n|move|p2a: Basculin|Wave Crash|p1a: Eelektross\n|-damage|p1a: Eelektross|0 fnt\n|faint|p1a: Eelektross\n|-damage|p2a: Basculin|101/261|[from] Recoil\n|\n|upkeep\n|\n|t:|1781460963\n|switch|p1a: Arboliva|Arboliva, L91, M|126/288\n|turn|33\n|\n|t:|1781460968\n|switch|p2a: Clefable|Clefable, L83, M|293/293\n|move|p1a: Arboliva|Leech Seed|p2a: Clefable\n|-start|p2a: Clefable|move: Leech Seed\n|\n|upkeep\n|turn|34\n|inactive|Ubuwewe has 60 seconds left.\n|\n|t:|1781460979\n|move|p1a: Arboliva|Protect|p1a: Arboliva\n|-singleturn|p1a: Arboliva|Protect\n|move|p2a: Clefable|Fire Blast|p1a: Arboliva\n|-activate|p1a: Arboliva|move: Protect\n|\n|upkeep\n|turn|35\n|\n|t:|1781460987\n|switch|p1a: Chansey|Chansey, L85, F|378/564\n|move|p2a: Clefable|Fire Blast|p1a: Chansey\n|-damage|p1a: Chansey|325/564\n|-status|p1a: Chansey|brn\n|\n|-damage|p1a: Chansey|290/564 brn|[from] brn\n|upkeep\n|turn|36\n|\n|t:|1781460997\n|move|p2a: Clefable|Knock Off|p1a: Chansey\n|-damage|p1a: Chansey|137/564 brn\n|-enditem|p1a: Chansey|Eviolite|[from] move: Knock Off|[of] p2a: Clefable\n|move|p1a: Chansey|Thunder Wave|p2a: Clefable\n|-status|p2a: Clefable|par\n|\n|-damage|p1a: Chansey|102/564 brn|[from] brn\n|upkeep\n|turn|37\n|\n|t:|1781461008\n|move|p1a: Chansey|Soft-Boiled|p1a: Chansey\n|-heal|p1a: Chansey|384/564 brn\n|move|p2a: Clefable|Knock Off|p1a: Chansey\n|-damage|p1a: Chansey|236/564 brn\n|\n|-damage|p1a: Chansey|201/564 brn|[from] brn\n|upkeep\n|turn|38\n|\n|t:|1781461018\n|move|p1a: Chansey|Soft-Boiled|p1a: Chansey\n|-heal|p1a: Chansey|483/564 brn\n|move|p2a: Clefable|Knock Off|p1a: Chansey\n|-damage|p1a: Chansey|330/564 brn\n|\n|-damage|p1a: Chansey|295/564 brn|[from] brn\n|upkeep\n|turn|39\n|\n|t:|1781461026\n|move|p1a: Chansey|Soft-Boiled|p1a: Chansey\n|-heal|p1a: Chansey|564/564 brn\n|cant|p2a: Clefable|par\n|\n|-damage|p1a: Chansey|529/564 brn|[from] brn\n|upkeep\n|turn|40\n|\n|t:|1781461034\n|move|p1a: Chansey|Heal Bell|p1a: Chansey\n|-activate|p1a: Chansey|move: Heal Bell\n|-curestatus|p1a: Chansey|brn|[msg]\n|cant|p2a: Clefable|par\n|\n|upkeep\n|turn|41\n|\n|t:|1781461046\n|move|p1a: Chansey|Seismic Toss|p2a: Clefable\n|-damage|p2a: Clefable|208/293 par\n|cant|p2a: Clefable|par\n|\n|upkeep\n|turn|42\n|\n|t:|1781461055\n|move|p1a: Chansey|Seismic Toss|p2a: Clefable\n|-damage|p2a: Clefable|123/293 par\n|move|p2a: Clefable|Knock Off|p1a: Chansey\n|-damage|p1a: Chansey|383/564\n|\n|upkeep\n|turn|43\n|\n|t:|1781461061\n|move|p1a: Chansey|Seismic Toss|p2a: Clefable\n|-damage|p2a: Clefable|38/293 par\n|move|p2a: Clefable|Moonlight|p2a: Clefable\n|-heal|p2a: Clefable|184/293 par\n|\n|upkeep\n|turn|44\n|inactive|Ubuwewe has 90 seconds left.\n|\n|t:|1781461070\n|move|p1a: Chansey|Seismic Toss|p2a: Clefable\n|-damage|p2a: Clefable|99/293 par\n|move|p2a: Clefable|Moonlight|p2a: Clefable\n|-heal|p2a: Clefable|245/293 par\n|\n|upkeep\n|turn|45\n|\n|t:|1781461077\n|move|p1a: Chansey|Seismic Toss|p2a: Clefable\n|-damage|p2a: Clefable|160/293 par\n|cant|p2a: Clefable|par\n|\n|upkeep\n|turn|46\n|\n|t:|1781461082\n|move|p1a: Chansey|Seismic Toss|p2a: Clefable\n|-damage|p2a: Clefable|75/293 par\n|cant|p2a: Clefable|par\n|\n|upkeep\n|turn|47\n|\n|t:|1781461088\n|move|p1a: Chansey|Seismic Toss|p2a: Clefable\n|-damage|p2a: Clefable|0 fnt\n|faint|p2a: Clefable\n|\n|upkeep\n|\n|t:|1781461091\n|switch|p2a: Basculin|Basculin, L86, F|101/261\n|turn|48\n|\n|t:|1781461112\n|-terastallize|p2a: Basculin|Water\n|move|p2a: Basculin|Aqua Jet|p1a: Chansey\n|-crit|p1a: Chansey\n|-damage|p1a: Chansey|0 fnt\n|faint|p1a: Chansey\n|\n|upkeep\n|\n|t:|1781461119\n|switch|p1a: Arboliva|Arboliva, L91, M|126/288\n|turn|49\n|\n|t:|1781461125\n|move|p2a: Basculin|Aqua Jet|p1a: Arboliva\n|-resisted|p1a: Arboliva\n|-damage|p1a: Arboliva|78/288\n|move|p1a: Arboliva|Hyper Voice|p2a: Basculin\n|-crit|p2a: Basculin\n|-damage|p2a: Basculin|0 fnt\n|faint|p2a: Basculin\n|\n|win|Ubuwewe\n|raw|Ubuwewe's rating: 1522 &rarr; <strong>1542</strong><br />(+20 for winning)\n|raw|dots_jkj's rating: 1527 &rarr; <strong>1507</strong><br />(-20 for losing)\n|l|\u2606dots_jkj\n|player|p2|\n", "inputlog": ">version a8376a258c1d4662feba110a92103f3664a72141\n>start {\"formatid\":\"gen9randombattle\",\"seed\":\"sodium,07ae02d46fdcb47f8efa4d7e15e6035d\",\"rated\":\"Rated battle\"}\n>player p1 {\"name\":\"Ubuwewe\",\"avatar\":\"lucas\",\"rating\":1522,\"seed\":\"sodium,04009a460da3c08e6ab881f627fd6ce2\"}\n>player p2 {\"name\":\"dots_jkj\",\"avatar\":\"cynthia\",\"rating\":1527,\"seed\":\"sodium,b53f18a908b77e8937406baa0977146e\"}\n>p1 move thunderwave\n>p2 move leafstorm\n>p1 switch 4\n>p2 move leafstorm\n>chat \u2606dots_jkj|.\n>p1 move seismictoss\n>p2 switch 4\n>p1 switch 2\n>p2 move wavecrash\n>p1 move hypervoice\n>p2 switch 3\n>p1 switch 4\n>p2 move overheat\n>p1 move bodypress\n>p2 move closecombat\n>p2 switch 3\n>p1 switch 4\n>p2 move flipturn\n>p2 switch 4\n>p1 move protect\n>p2 move focusblast\n>p1 switch 2\n>p2 move focusblast\n>p1 move seismictoss\n>p2 move earthquake\n>p1 move softboiled\n>p2 move earthquake\n>p1 move seismictoss\n>p2 move earthquake\n>p1 move softboiled\n>p2 move earthquake\n>p2 switch 4\n>p1 switch 2\n>p2 move flipturn\n>p2 switch 5\n>p1 switch 4\n>p2 move victorydance\n>p1 move thunderwave terastallize\n>p2 move closecombat\n>p1 move stealthrock\n>p2 move victorydance\n>p1 move bodypress\n>p2 move victorydance\n>p1 move bodypress\n>p2 move victorydance\n>p1 move bodypress\n>p2 move closecombat\n>p1 switch 3\n>p1 move psychocut\n>p2 move leafblade\n>chat \u2606dots_jkj|.\n>p2 switch 6\n>p1 switch 4\n>p2 move rapidspin\n>p1 move leechseed\n>p2 move knockoff\n>p1 switch 6\n>p2 move swordsdance\n>p1 move moonblast\n>p2 move earthquake\n>p1 switch 5\n>p1 move coil\n>p2 move rapidspin\n>p1 move drainpunch\n>p2 move knockoff\n>p1 move coil\n>p2 move swordsdance\n>p1 move drainpunch\n>p2 move knockoff\n>p1 move drainpunch\n>p2 move knockoff\n>p2 switch 5\n>p1 move drainpunch\n>p2 move wavecrash\n>p1 switch 6\n>p1 move leechseed\n>p2 switch 2\n>p1 move protect\n>p2 move fireblast\n>p1 switch 2\n>p2 move fireblast\n>p1 move thunderwave\n>p2 move knockoff\n>p1 move softboiled\n>p2 move knockoff\n>p1 move softboiled\n>p2 move knockoff\n>p1 move softboiled\n>p2 move knockoff\n>p1 move healbell\n>p2 move knockoff\n>p1 move seismictoss\n>p2 move knockoff\n>p1 move seismictoss\n>p2 move knockoff\n>p1 move seismictoss\n>p2 move moonlight\n>p1 move seismictoss\n>p2 move moonlight\n>p1 move seismictoss\n>p2 move knockoff\n>p1 move seismictoss\n>p2 move moonlight\n>p1 move seismictoss\n>p2 move moonlight\n>p2 switch 2\n>p1 move thunderwave\n>p2 move aquajet terastallize\n>p1 switch 2\n>p1 move hypervoice\n>p2 move aquajet", "uploadtime": 1781461138, "views": 7, "formatid": "gen9randombattle", "rating": 1507, "private": 0, "password": null}