{"id": "gen9randombattle-2631808219", "format": "[Gen 9] Random Battle", "players": ["LewisBavin", "igiveuponaname"], "log": "|j|\u2606LewisBavin\n|j|\u2606igiveuponaname\n|t:|1781442665\n|gametype|singles\n|player|p1|LewisBavin|102|2184\n|player|p2|igiveuponaname|miku-fire|2258\n|gen|9\n|tier|[Gen 9] Random Battle\n|rated|\n|rule|Species Clause: Limit one of each Pok\u00e9mon\n|rule|HP Percentage Mod: HP is shown in percentages\n|rule|Sleep Clause Mod: Limit one foe put to sleep\n|rule|Illusion Level Mod: Illusion disguises the Pok\u00e9mon's true level\n|\n|t:|1781442665\n|teamsize|p1|6\n|teamsize|p2|6\n|start\n|switch|p1a: Ariados|Ariados, L95, F|287/287\n|switch|p2a: Hitmonchan|Hitmonchan, L87, M|229/229\n|turn|1\n|inactive|Battle timer is ON: inactive players will automatically lose when time's up. (requested by igiveuponaname)\n|inactive|LewisBavin also wants the timer to be on.\n|inactive|igiveuponaname has 120 seconds left.\n|\n|t:|1781442720\n|move|p2a: Hitmonchan|Knock Off|p1a: Ariados\n|-damage|p1a: Ariados|210/287\n|-enditem|p1a: Ariados|Focus Sash|[from] move: Knock Off|[of] p2a: Hitmonchan\n|move|p1a: Ariados|Poison Jab|p2a: Hitmonchan\n|-damage|p2a: Hitmonchan|115/229\n|\n|-heal|p2a: Hitmonchan|129/229|[from] item: Leftovers\n|upkeep\n|turn|2\n|\n|t:|1781442724\n|move|p2a: Hitmonchan|Knock Off|p1a: Ariados\n|-damage|p1a: Ariados|156/287\n|move|p1a: Ariados|Poison Jab|p2a: Hitmonchan\n|-damage|p2a: Hitmonchan|14/229\n|\n|-heal|p2a: Hitmonchan|28/229|[from] item: Leftovers\n|upkeep\n|turn|3\n|\n|t:|1781442728\n|move|p2a: Hitmonchan|Knock Off|p1a: Ariados\n|-damage|p1a: Ariados|101/287\n|move|p1a: Ariados|Megahorn|p2a: Hitmonchan\n|-resisted|p2a: Hitmonchan\n|-damage|p2a: Hitmonchan|0 fnt\n|faint|p2a: Hitmonchan\n|\n|upkeep\n|\n|t:|1781442730\n|switch|p2a: Groudon|Groudon, L72|263/263\n|-weather|SunnyDay|[from] ability: Drought|[of] p2a: Groudon\n|turn|4\n|\n|t:|1781442733\n|switch|p1a: Swampert|Swampert, L83, M|302/302\n|move|p2a: Groudon|Heat Crash|p1a: Swampert\n|-resisted|p1a: Swampert\n|-damage|p1a: Swampert|239/302\n|\n|-weather|SunnyDay|[upkeep]\n|-heal|p1a: Swampert|257/302|[from] item: Leftovers\n|upkeep\n|turn|5\n|inactive|igiveuponaname has 120 seconds left.\n|\n|t:|1781442765\n|move|p2a: Groudon|Spikes|p1a: Swampert\n|-sidestart|p1: LewisBavin|Spikes\n|move|p1a: Swampert|Yawn|p2a: Groudon\n|-start|p2a: Groudon|move: Yawn|[of] p1a: Swampert\n|\n|-weather|SunnyDay|[upkeep]\n|-heal|p1a: Swampert|275/302|[from] item: Leftovers\n|upkeep\n|turn|6\n|\n|t:|1781442769\n|switch|p2a: Conkeldurr|Conkeldurr, L80, F|299/299\n|move|p1a: Swampert|Flip Turn|p2a: Conkeldurr\n|-damage|p2a: Conkeldurr|263/299\n|\n|t:|1781442774\n|switch|p1a: Ariados|Ariados, L95, F|101/287|[from] Flip Turn\n|-damage|p1a: Ariados|66/287|[from] Spikes\n|\n|-weather|SunnyDay|[upkeep]\n|-status|p2a: Conkeldurr|brn|[from] item: Flame Orb\n|upkeep\n|turn|7\n|\n|t:|1781442787\n|switch|p2a: Groudon|Groudon, L72|263/263\n|move|p1a: Ariados|Sticky Web|p2a: Groudon\n|-sidestart|p2: igiveuponaname|move: Sticky Web\n|\n|-weather|SunnyDay|[upkeep]\n|upkeep\n|turn|8\n|\n|t:|1781442791\n|move|p1a: Ariados|Sucker Punch|p2a: Groudon\n|-damage|p2a: Groudon|214/263\n|move|p2a: Groudon|Heat Crash|p1a: Ariados\n|-supereffective|p1a: Ariados\n|-damage|p1a: Ariados|0 fnt\n|faint|p1a: Ariados\n|\n|-weather|none\n|-heal|p2a: Groudon|230/263|[from] item: Leftovers\n|upkeep\n|\n|t:|1781442794\n|switch|p1a: Swampert|Swampert, L83, M|275/302\n|-damage|p1a: Swampert|238/302|[from] Spikes\n|turn|9\n|\n|t:|1781442802\n|move|p2a: Groudon|Precipice Blades|p1a: Swampert\n|-damage|p1a: Swampert|97/302\n|move|p1a: Swampert|Flip Turn|p2a: Groudon\n|-supereffective|p2a: Groudon\n|-damage|p2a: Groudon|68/263\n|\n|t:|1781442816\n|switch|p1a: Rotom|Rotom, L88|231/231|[from] Flip Turn\n|\n|-heal|p2a: Groudon|84/263|[from] item: Leftovers\n|upkeep\n|turn|10\n|\n|t:|1781442822\n|switch|p2a: Bellibolt|Bellibolt, L84, M|320/320\n|-activate|p2a: Bellibolt|move: Sticky Web\n|-unboost|p2a: Bellibolt|spe|1\n|move|p1a: Rotom|Shadow Ball|p2a: Bellibolt\n|-damage|p2a: Bellibolt|198/320\n|-start|p2a: Bellibolt|Charge|Shadow Ball|[from] ability: Electromorphosis\n|-damage|p1a: Rotom|208/231|[from] item: Life Orb\n|\n|-heal|p2a: Bellibolt|218/320|[from] item: Leftovers\n|upkeep\n|turn|11\n|\n|t:|1781442825\n|move|p1a: Rotom|Nasty Plot|p1a: Rotom\n|-boost|p1a: Rotom|spa|2\n|move|p2a: Bellibolt|Toxic|p1a: Rotom|[miss]\n|-miss|p2a: Bellibolt|p1a: Rotom\n|\n|-heal|p2a: Bellibolt|238/320|[from] item: Leftovers\n|upkeep\n|turn|12\n|-message|igiveuponaname forfeited.\n|\n|win|LewisBavin\n", "inputlog": ">version a8376a258c1d4662feba110a92103f3664a72141\n>start {\"formatid\":\"gen9randombattle\",\"seed\":\"sodium,9e4426fba52106ab582a0100535017ce\",\"rated\":\"Rated battle\"}\n>player p1 {\"name\":\"LewisBavin\",\"avatar\":\"102\",\"rating\":2184,\"seed\":\"sodium,5d4755958b8a8ce079a6b171a7620fdb\"}\n>player p2 {\"name\":\"igiveuponaname\",\"avatar\":\"miku-fire\",\"rating\":2258,\"seed\":\"sodium,b7bf7c7788557b8f3cd141a61fae6f1e\"}\n>p1 move poisonjab\n>p2 move knockoff\n>p1 move poisonjab\n>p2 move knockoff\n>p1 move megahorn\n>p2 move knockoff\n>p2 switch 6\n>p1 switch 6\n>p2 move heatcrash\n>p1 move yawn\n>p2 move spikes\n>p1 move flipturn\n>p2 switch 4\n>p1 switch 6\n>p1 move stickyweb\n>p2 switch 4\n>p1 move suckerpunch\n>p2 move heatcrash\n>p1 switch 6\n>p1 move flipturn\n>p2 move precipiceblades\n>p1 switch 5\n>p1 move shadowball\n>p2 switch 5\n>p1 move nastyplot\n>p2 move toxic\n>forcelose p2", "uploadtime": 1781442668, "views": 6, "formatid": "gen9randombattle", "rating": null, "private": 0, "password": null}