{"id": "gen9randombattle-2631833910", "format": "[Gen 9] Random Battle", "players": ["joebidenfan1245", "Gaaraks"], "log": "|j|\u203djoebidenfan1245\n|j|\u2606Gaaraks\n|t:|1781446010\n|gametype|singles\n|player|p1|joebidenfan1245|265|2054\n|player|p2|Gaaraks|169|2097\n|gen|9\n|tier|[Gen 9] Random Battle\n|rated|\n|rule|Species Clause: Limit one of each Pok\u00e9mon\n|rule|HP Percentage Mod: HP is shown in percentages\n|rule|Sleep Clause Mod: Limit one foe put to sleep\n|rule|Illusion Level Mod: Illusion disguises the Pok\u00e9mon's true level\n|\n|t:|1781446010\n|teamsize|p1|6\n|teamsize|p2|6\n|start\n|switch|p1a: Chimecho|Chimecho, L93, M|290/290\n|switch|p2a: Pawmot|Pawmot, L80, F|243/243\n|turn|1\n|inactive|Battle timer is ON: inactive players will automatically lose when time's up. (requested by Gaaraks)\n|\n|t:|1781446034\n|move|p2a: Pawmot|Knock Off|p1a: Chimecho\n|-supereffective|p1a: Chimecho\n|-damage|p1a: Chimecho|100/290\n|-enditem|p1a: Chimecho|Leftovers|[from] move: Knock Off|[of] p2a: Pawmot\n|-damage|p2a: Pawmot|219/243|[from] item: Life Orb\n|move|p1a: Chimecho|Calm Mind|p1a: Chimecho\n|-boost|p1a: Chimecho|spa|1\n|-boost|p1a: Chimecho|spd|1\n|\n|upkeep\n|turn|2\n|\n|t:|1781446056\n|switch|p1a: Malamar|Malamar, L82, M|275/275\n|move|p2a: Pawmot|Double Shock|p1a: Malamar\n|-damage|p1a: Malamar|94/275\n|-start|p2a: Pawmot|typechange|???/Fighting|[from] move: Double Shock\n|-damage|p2a: Pawmot|195/243|[from] item: Life Orb\n|\n|-heal|p1a: Malamar|111/275|[from] item: Leftovers\n|upkeep\n|turn|3\n|\n|t:|1781446074\n|move|p2a: Pawmot|Close Combat|p1a: Malamar\n|-damage|p1a: Malamar|0 fnt\n|-unboost|p2a: Pawmot|def|1\n|-unboost|p2a: Pawmot|spd|1\n|faint|p1a: Malamar\n|-damage|p2a: Pawmot|171/243|[from] item: Life Orb\n|\n|upkeep\n|\n|t:|1781446082\n|switch|p1a: Dragonite|Dragonite, L74, F|257/257\n|turn|4\n|\n|t:|1781446094\n|move|p2a: Pawmot|Knock Off|p1a: Dragonite\n|-damage|p1a: Dragonite|204/257\n|-enditem|p1a: Dragonite|Heavy-Duty Boots|[from] move: Knock Off|[of] p2a: Pawmot\n|-damage|p2a: Pawmot|147/243|[from] item: Life Orb\n|move|p1a: Dragonite|Dragon Dance|p1a: Dragonite\n|-boost|p1a: Dragonite|atk|1\n|-boost|p1a: Dragonite|spe|1\n|\n|upkeep\n|turn|5\n|\n|t:|1781446100\n|switch|p2a: Dondozo|Dondozo, L78, M|362/362\n|move|p1a: Dragonite|Outrage|p2a: Dondozo\n|-damage|p2a: Dondozo|251/362\n|\n|-heal|p2a: Dondozo|273/362|[from] item: Leftovers\n|upkeep\n|turn|6\n|\n|t:|1781446106\n|move|p1a: Dragonite|Outrage|p2a: Dondozo|[from] lockedmove\n|-damage|p2a: Dondozo|158/362\n|-start|p1a: Dragonite|confusion|[fatigue]\n|move|p2a: Dondozo|Curse|p2a: Dondozo\n|-unboost|p2a: Dondozo|spe|1\n|-boost|p2a: Dondozo|atk|1\n|-boost|p2a: Dondozo|def|1\n|\n|-heal|p2a: Dondozo|180/362|[from] item: Leftovers\n|upkeep\n|turn|7\n|\n|t:|1781446116\n|switch|p1a: Rotom|Rotom-Frost, L87|229/229\n|move|p2a: Dondozo|Wave Crash|p1a: Rotom\n|-damage|p1a: Rotom|85/229\n|-damage|p2a: Dondozo|132/362|[from] Recoil\n|\n|-heal|p2a: Dondozo|154/362|[from] item: Leftovers\n|upkeep\n|turn|8\n|\n|t:|1781446120\n|switch|p2a: Pawmot|Pawmot, L80, F|147/243\n|move|p1a: Rotom|Thunderbolt|p2a: Pawmot\n|-heal|p2a: Pawmot|207/243|[from] ability: Volt Absorb|[of] p1a: Rotom\n|\n|upkeep\n|turn|9\n|j| Sakaisuzue\n|-message|joebidenfan1245 forfeited.\n|\n|win|Gaaraks\n", "inputlog": ">version a8376a258c1d4662feba110a92103f3664a72141\n>start {\"formatid\":\"gen9randombattle\",\"seed\":\"sodium,59a3048d463ef7287c38003be6306960\",\"rated\":\"Rated battle\"}\n>player p1 {\"name\":\"joebidenfan1245\",\"avatar\":\"265\",\"rating\":2054,\"seed\":\"sodium,6628308d8ca611bb1a685faa0b6d0364\"}\n>player p2 {\"name\":\"Gaaraks\",\"avatar\":\"169\",\"rating\":2097,\"seed\":\"sodium,020aa4ee6ef9e5c891f02a646052dea7\"}\n>p1 move calmmind\n>p2 move knockoff\n>p1 switch 3\n>p2 move doubleshock\n>p1 move rest\n>p2 move closecombat\n>p1 switch 5\n>p1 move dragondance\n>p2 move knockoff\n>p1 move outrage\n>p2 switch 2\n>p1 move outrage\n>p2 move curse\n>p1 switch 2\n>p2 move wavecrash\n>p1 move thunderbolt\n>p2 switch 2\n>forcelose p1", "uploadtime": 1781446012, "views": 4, "formatid": "gen9randombattle", "rating": null, "private": 0, "password": null}