{"id": "gen9randombattle-2631515853", "format": "[Gen 9] Random Battle", "players": ["reda1.22tr", "beebebeb"], "log": "|j|\u2606reda1.22tr\n|j|\u2606beebebeb\n|t:|1781395196\n|gametype|singles\n|player|p1|reda1.22tr|lance|1137\n|player|p2|beebebeb|skier|1163\n|gen|9\n|tier|[Gen 9] Random Battle\n|rated|\n|rule|Species Clause: Limit one of each Pok\u00e9mon\n|rule|HP Percentage Mod: HP is shown in percentages\n|rule|Sleep Clause Mod: Limit one foe put to sleep\n|rule|Illusion Level Mod: Illusion disguises the Pok\u00e9mon's true level\n|\n|t:|1781395196\n|teamsize|p1|6\n|teamsize|p2|6\n|start\n|switch|p1a: Oinkologne|Oinkologne-F, L92, F|361/361\n|switch|p2a: Hatterene|Hatterene, L85, F|236/236\n|turn|1\n|inactive|Battle timer is ON: inactive players will automatically lose when time's up. (requested by beebebeb)\n|\n|t:|1781395218\n|switch|p2a: Dudunsparce|Dudunsparce-Three-Segment, L83, M|343/343\n|move|p1a: Oinkologne|Curse|p1a: Oinkologne\n|-unboost|p1a: Oinkologne|spe|1\n|-boost|p1a: Oinkologne|atk|1\n|-boost|p1a: Oinkologne|def|1\n|\n|upkeep\n|turn|2\n|\n|t:|1781395234\n|move|p2a: Dudunsparce|Glare|p1a: Oinkologne\n|-status|p1a: Oinkologne|par\n|cant|p1a: Oinkologne|par\n|\n|upkeep\n|turn|3\n|\n|t:|1781395244\n|move|p2a: Dudunsparce|Headbutt|p1a: Oinkologne\n|-damage|p1a: Oinkologne|307/361 par\n|cant|p1a: Oinkologne|flinch\n|\n|-heal|p1a: Oinkologne|329/361 par|[from] item: Leftovers\n|upkeep\n|turn|4\n|\n|t:|1781395261\n|move|p2a: Dudunsparce|Headbutt|p1a: Oinkologne\n|-damage|p1a: Oinkologne|272/361 par\n|cant|p1a: Oinkologne|flinch\n|\n|-heal|p1a: Oinkologne|294/361 par|[from] item: Leftovers\n|upkeep\n|turn|5\n|\n|t:|1781395268\n|move|p2a: Dudunsparce|Headbutt|p1a: Oinkologne\n|-damage|p1a: Oinkologne|236/361 par\n|move|p1a: Oinkologne|Curse|p1a: Oinkologne\n|-unboost|p1a: Oinkologne|spe|1\n|-boost|p1a: Oinkologne|atk|1\n|-boost|p1a: Oinkologne|def|1\n|\n|-heal|p1a: Oinkologne|258/361 par|[from] item: Leftovers\n|upkeep\n|turn|6\n|\n|t:|1781395277\n|move|p2a: Dudunsparce|Headbutt|p1a: Oinkologne\n|-damage|p1a: Oinkologne|218/361 par\n|cant|p1a: Oinkologne|flinch\n|\n|-heal|p1a: Oinkologne|240/361 par|[from] item: Leftovers\n|upkeep\n|turn|7\n|\n|t:|1781395287\n|move|p2a: Dudunsparce|Headbutt|p1a: Oinkologne\n|-damage|p1a: Oinkologne|200/361 par\n|move|p1a: Oinkologne|Curse|p1a: Oinkologne\n|-unboost|p1a: Oinkologne|spe|1\n|-boost|p1a: Oinkologne|atk|1\n|-boost|p1a: Oinkologne|def|1\n|\n|-heal|p1a: Oinkologne|222/361 par|[from] item: Leftovers\n|upkeep\n|turn|8\n|\n|t:|1781395297\n|move|p2a: Dudunsparce|Headbutt|p1a: Oinkologne\n|-damage|p1a: Oinkologne|189/361 par\n|move|p1a: Oinkologne|Body Slam|p2a: Dudunsparce\n|-damage|p2a: Dudunsparce|93/343\n|\n|-heal|p2a: Dudunsparce|114/343|[from] item: Leftovers\n|-heal|p1a: Oinkologne|211/361 par|[from] item: Leftovers\n|upkeep\n|turn|9\n|\n|t:|1781395306\n|-terastallize|p2a: Dudunsparce|Ghost\n|move|p2a: Dudunsparce|Roost|p2a: Dudunsparce\n|-heal|p2a: Dudunsparce|286/343\n|move|p1a: Oinkologne|Rest|p1a: Oinkologne\n|-status|p1a: Oinkologne|slp|[from] move: Rest\n|-heal|p1a: Oinkologne|361/361 slp|[silent]\n|\n|-heal|p2a: Dudunsparce|307/343|[from] item: Leftovers\n|upkeep\n|turn|10\n|\n|t:|1781395323\n|move|p2a: Dudunsparce|Roost|p2a: Dudunsparce\n|-heal|p2a: Dudunsparce|343/343\n|cant|p1a: Oinkologne|slp\n|\n|upkeep\n|turn|11\n|\n|t:|1781395333\n|move|p2a: Dudunsparce|Earthquake|p1a: Oinkologne\n|-damage|p1a: Oinkologne|328/361 slp\n|cant|p1a: Oinkologne|slp\n|move|p1a: Oinkologne|Sleep Talk|p1a: Oinkologne\n|move|p1a: Oinkologne|Rest||[from] move: Sleep Talk|[still]\n|-fail|p1a: Oinkologne\n|\n|-heal|p1a: Oinkologne|350/361 slp|[from] item: Leftovers\n|upkeep\n|turn|12\n|c|\u2606reda1.22tr|bro i have shadow bal u\n|inactive|reda1.22tr has 120 seconds left.\n|c|\u2606reda1.22tr|swich\n|\n|t:|1781395382\n|move|p2a: Dudunsparce|Earthquake|p1a: Oinkologne\n|-damage|p1a: Oinkologne|320/361 slp\n|-curestatus|p1a: Oinkologne|slp|[msg]\n|move|p1a: Oinkologne|Sleep Talk||[still]\n|-fail|p1a: Oinkologne\n|\n|-heal|p1a: Oinkologne|342/361|[from] item: Leftovers\n|upkeep\n|turn|13\n|\n|t:|1781395396\n|move|p2a: Dudunsparce|Earthquake|p1a: Oinkologne\n|-damage|p1a: Oinkologne|311/361\n|move|p1a: Oinkologne|Curse|p1a: Oinkologne\n|-unboost|p1a: Oinkologne|spe|1\n|-boost|p1a: Oinkologne|atk|1\n|-boost|p1a: Oinkologne|def|1\n|\n|-heal|p1a: Oinkologne|333/361|[from] item: Leftovers\n|upkeep\n|turn|14\n|\n|t:|1781395408\n|move|p2a: Dudunsparce|Glare|p1a: Oinkologne\n|-status|p1a: Oinkologne|par\n|move|p1a: Oinkologne|Curse|p1a: Oinkologne\n|-unboost|p1a: Oinkologne|spe|1\n|-boost|p1a: Oinkologne|atk|1\n|-boost|p1a: Oinkologne|def|1\n|\n|-heal|p1a: Oinkologne|355/361 par|[from] item: Leftovers\n|upkeep\n|turn|15\n|\n|t:|1781395418\n|move|p2a: Dudunsparce|Glare|p1a: Oinkologne\n|-fail|p1a: Oinkologne|par\n|move|p1a: Oinkologne|Curse|p1a: Oinkologne\n|-unboost|p1a: Oinkologne|spe|1\n|-boost|p1a: Oinkologne|atk|1\n|-boost|p1a: Oinkologne|def|1\n|\n|-heal|p1a: Oinkologne|361/361 par|[from] item: Leftovers\n|upkeep\n|turn|16\n|\n|t:|1781395427\n|move|p2a: Dudunsparce|Glare|p1a: Oinkologne\n|-fail|p1a: Oinkologne|par\n|move|p1a: Oinkologne|Curse|p1a: Oinkologne\n|\n|upkeep\n|turn|17\n|\n|t:|1781395437\n|move|p2a: Dudunsparce|Glare|p1a: Oinkologne\n|-fail|p1a: Oinkologne|par\n|move|p1a: Oinkologne|Rest|p1a: Oinkologne\n|-fail|p1a: Oinkologne|heal\n|\n|upkeep\n|turn|18\n|\n|t:|1781395448\n|move|p2a: Dudunsparce|Glare|p1a: Oinkologne\n|-fail|p1a: Oinkologne|par\n|move|p1a: Oinkologne|Curse|p1a: Oinkologne\n|\n|upkeep\n|turn|19\n|\n|t:|1781395466\n|move|p2a: Dudunsparce|Glare|p1a: Oinkologne\n|-fail|p1a: Oinkologne|par\n|move|p1a: Oinkologne|Curse|p1a: Oinkologne\n|\n|upkeep\n|turn|20\n|inactive|reda1.22tr has 120 seconds left.\n|c|\u2606reda1.22tr|bro you can't hit me\n|inactive|reda1.22tr has 90 seconds left.\n|c|\u2606reda1.22tr|i am going to reporte you for endless batle\n|\n|t:|1781395521\n|move|p2a: Dudunsparce|Glare|p1a: Oinkologne\n|-fail|p1a: Oinkologne|par\n|move|p1a: Oinkologne|Rest|p1a: Oinkologne\n|-fail|p1a: Oinkologne|heal\n|\n|upkeep\n|turn|21\n|\n|t:|1781395541\n|move|p2a: Dudunsparce|Glare|p1a: Oinkologne\n|-fail|p1a: Oinkologne|par\n|cant|p1a: Oinkologne|par\n|\n|upkeep\n|turn|22\n|\n|t:|1781395547\n|move|p2a: Dudunsparce|Glare|p1a: Oinkologne\n|-fail|p1a: Oinkologne|par\n|cant|p1a: Oinkologne|par\n|\n|upkeep\n|turn|23\n|\n|t:|1781395552\n|move|p2a: Dudunsparce|Glare|p1a: Oinkologne\n|-fail|p1a: Oinkologne|par\n|move|p1a: Oinkologne|Body Slam|p2a: Dudunsparce\n|-immune|p2a: Dudunsparce\n|\n|upkeep\n|turn|24\n|inactive|reda1.22tr has 60 seconds left.\n|\n|t:|1781395590\n|move|p2a: Dudunsparce|Earthquake|p1a: Oinkologne\n|-damage|p1a: Oinkologne|342/361 par\n|cant|p1a: Oinkologne|par\n|\n|-heal|p1a: Oinkologne|361/361 par|[from] item: Leftovers\n|upkeep\n|turn|25\n|inactive|reda1.22tr has 60 seconds left.\n|\n|t:|1781395598\n|move|p2a: Dudunsparce|Glare|p1a: Oinkologne\n|-fail|p1a: Oinkologne|par\n|cant|p1a: Oinkologne|par\n|\n|upkeep\n|turn|26\n|\n|t:|1781395605\n|move|p2a: Dudunsparce|Glare|p1a: Oinkologne\n|-fail|p1a: Oinkologne|par\n|move|p1a: Oinkologne|Rest|p1a: Oinkologne\n|-fail|p1a: Oinkologne|heal\n|\n|upkeep\n|turn|27\n|\n|t:|1781395614\n|move|p2a: Dudunsparce|Glare|p1a: Oinkologne\n|-fail|p1a: Oinkologne|par\n|move|p1a: Oinkologne|Rest|p1a: Oinkologne\n|-fail|p1a: Oinkologne|heal\n|\n|upkeep\n|turn|28\n|\n|t:|1781395629\n|move|p2a: Dudunsparce|Glare|p1a: Oinkologne\n|-fail|p1a: Oinkologne|par\n|cant|p1a: Oinkologne|par\n|\n|upkeep\n|turn|29\n|inactive|reda1.22tr has 60 seconds left.\n|inactive|reda1.22tr has 30 seconds left.\n|c|\u2606reda1.22tr|you bastard dum nuget horble\n|-message|reda1.22tr forfeited.\n|\n|win|beebebeb\n", "inputlog": ">version a8376a258c1d4662feba110a92103f3664a72141\n>start {\"formatid\":\"gen9randombattle\",\"seed\":\"sodium,d6ab0d9c06c73e08f2a24ce6c2473866\",\"rated\":\"Rated battle\"}\n>player p1 {\"name\":\"reda1.22tr\",\"avatar\":\"lance\",\"rating\":1137,\"seed\":\"sodium,01c30c771a58f7b63b95092ec58fcc9a\"}\n>player p2 {\"name\":\"beebebeb\",\"avatar\":\"skier\",\"rating\":1163,\"seed\":\"sodium,e21e943d1850b9716d6ddfebaa42cf1a\"}\n>p1 move curse\n>p2 switch 2\n>p1 move curse\n>p2 move glare\n>p1 move curse\n>p2 move headbutt\n>p1 move curse\n>p2 move headbutt\n>p1 move curse\n>p2 move headbutt\n>p1 move curse\n>p2 move headbutt\n>p1 move curse\n>p2 move headbutt\n>p1 move bodyslam\n>p2 move headbutt\n>p1 move rest\n>p2 move roost terastallize\n>p1 move curse\n>p2 move roost\n>p1 move sleeptalk\n>p2 move earthquake\n>chat \u2606reda1.22tr|bro i have shadow bal u\n>chat \u2606reda1.22tr|swich\n>p1 move sleeptalk\n>p2 move earthquake\n>p1 move curse\n>p2 move earthquake\n>p1 move curse\n>p2 move glare\n>p1 move curse\n>p2 move glare\n>p1 move curse\n>p2 move glare\n>p1 move rest\n>p2 move glare\n>p1 move curse\n>p2 move glare\n>p1 move curse\n>p2 move glare\n>chat \u2606reda1.22tr|bro you can't hit me\n>chat \u2606reda1.22tr|i am going to reporte you for endless batle \n>p1 move rest\n>p2 move glare\n>p1 move bodyslam\n>p2 move glare\n>p1 move bodyslam\n>p2 move glare\n>p1 move bodyslam\n>p2 move glare\n>p1 move sleeptalk\n>p2 move earthquake\n>p1 move rest\n>p2 move glare\n>p1 move rest\n>p2 move glare\n>p1 move rest\n>p2 move glare\n>p1 move sleeptalk\n>p2 move glare\n>chat \u2606reda1.22tr|you bastard dum nuget horble \n>forcelose p1", "uploadtime": 1781395682, "views": 3, "formatid": "gen9randombattle", "rating": null, "private": 0, "password": null}