{"id": "gen9randombattle-2631806694", "format": "[Gen 9] Random Battle", "players": ["imadeoutwithagirl", "MadThrower"], "log": "|j|\u2606imadeoutwithagirl\n|j|\u2606MadThrower\n|t:|1781442439\n|gametype|singles\n|player|p1|imadeoutwithagirl|youngster-gen4dp|1904\n|player|p2|MadThrower|265|1929\n|gen|9\n|tier|[Gen 9] Random Battle\n|rated|\n|rule|Species Clause: Limit one of each Pok\u00e9mon\n|rule|HP Percentage Mod: HP is shown in percentages\n|rule|Sleep Clause Mod: Limit one foe put to sleep\n|rule|Illusion Level Mod: Illusion disguises the Pok\u00e9mon's true level\n|\n|t:|1781442439\n|teamsize|p1|6\n|teamsize|p2|6\n|start\n|switch|p1a: Primarina|Primarina, L83, M|268/268\n|switch|p2a: Ludicolo|Ludicolo, L90, M|290/290\n|turn|1\n|\n|t:|1781442479\n|switch|p1a: Abomasnow|Abomasnow, L84, F|287/287\n|-weather|Snowscape|[from] ability: Snow Warning|[of] p1a: Abomasnow\n|move|p2a: Ludicolo|Leaf Storm|p1a: Abomasnow|[miss]\n|-miss|p2a: Ludicolo|p1a: Abomasnow\n|\n|-weather|Snowscape|[upkeep]\n|upkeep\n|turn|2\n|\n|t:|1781442487\n|switch|p2a: Mesprit|Mesprit, L85|275/275\n|move|p1a: Abomasnow|Aurora Veil|p1a: Abomasnow\n|-sidestart|p1: imadeoutwithagirl|move: Aurora Veil\n|\n|-weather|Snowscape|[upkeep]\n|upkeep\n|turn|3\n|\n|t:|1781442497\n|switch|p1a: Slowbro|Slowbro, L85, F|300/300\n|move|p2a: Mesprit|Knock Off|p1a: Slowbro\n|-supereffective|p1a: Slowbro\n|-damage|p1a: Slowbro|238/300\n|-damage|p2a: Mesprit|230/275|[from] item: Rocky Helmet|[of] p1a: Slowbro\n|-enditem|p1a: Slowbro|Rocky Helmet|[from] move: Knock Off|[of] p2a: Mesprit\n|\n|-weather|Snowscape|[upkeep]\n|-heal|p2a: Mesprit|247/275|[from] item: Leftovers\n|upkeep\n|turn|4\n|\n|t:|1781442501\n|move|p2a: Mesprit|Stealth Rock|p1a: Slowbro\n|-sidestart|p1: imadeoutwithagirl|move: Stealth Rock\n|move|p1a: Slowbro|Thunder Wave|p2a: Mesprit\n|-status|p2a: Mesprit|par\n|\n|-weather|Snowscape|[upkeep]\n|-heal|p2a: Mesprit|264/275 par|[from] item: Leftovers\n|upkeep\n|turn|5\n|\n|t:|1781442508\n|switch|p2a: Smeargle|Smeargle, L95, F|258/258\n|move|p1a: Slowbro|Scald|p2a: Smeargle\n|-damage|p2a: Smeargle|137/258\n|\n|-weather|none\n|upkeep\n|turn|6\n|\n|t:|1781442514\n|move|p2a: Smeargle|Spore|p1a: Slowbro\n|-status|p1a: Slowbro|slp|[from] move: Spore\n|cant|p1a: Slowbro|slp\n|\n|upkeep\n|turn|7\n|\n|t:|1781442517\n|switch|p1a: Arcanine|Arcanine-Hisui, L79, F|279/279\n|-damage|p1a: Arcanine|210/279|[from] Stealth Rock\n|move|p2a: Smeargle|Shell Smash|p2a: Smeargle\n|-unboost|p2a: Smeargle|def|1\n|-unboost|p2a: Smeargle|spd|1\n|-boost|p2a: Smeargle|atk|2\n|-boost|p2a: Smeargle|spa|2\n|-boost|p2a: Smeargle|spe|2\n|\n|upkeep\n|turn|8\n|\n|t:|1781442521\n|move|p1a: Arcanine|Extreme Speed|p2a: Smeargle\n|-damage|p2a: Smeargle|0 fnt\n|faint|p2a: Smeargle\n|\n|upkeep\n|inactive|Battle timer is ON: inactive players will automatically lose when time's up. (requested by imadeoutwithagirl)\n|\n|t:|1781442533\n|switch|p2a: Archaludon|Archaludon, L78, F|268/268\n|turn|9\n|\n|t:|1781442558\n|switch|p1a: Primarina|Primarina, L83, M|268/268\n|-damage|p1a: Primarina|235/268|[from] Stealth Rock\n|move|p2a: Archaludon|Swords Dance|p2a: Archaludon\n|-boost|p2a: Archaludon|atk|2\n|\n|-heal|p1a: Primarina|251/268|[from] item: Leftovers\n|-sideend|p1: imadeoutwithagirl|move: Aurora Veil\n|upkeep\n|turn|10\n|\n|t:|1781442565\n|move|p2a: Archaludon|Iron Head|p1a: Primarina\n|-damage|p1a: Primarina|59/268\n|move|p1a: Primarina|Moonblast|p2a: Archaludon\n|-damage|p2a: Archaludon|112/268\n|-ability|p2a: Archaludon|Stamina|boost\n|-boost|p2a: Archaludon|def|1\n|\n|-heal|p1a: Primarina|75/268|[from] item: Leftovers\n|upkeep\n|turn|11\n|\n|t:|1781442572\n|move|p2a: Archaludon|Earthquake|p1a: Primarina\n|-damage|p1a: Primarina|0 fnt\n|faint|p1a: Primarina\n|\n|upkeep\n|\n|t:|1781442576\n|switch|p1a: Spectrier|Spectrier, L75|274/274\n|-damage|p1a: Spectrier|240/274|[from] Stealth Rock\n|turn|12\n|\n|t:|1781442583\n|switch|p2a: Ho-Oh|Ho-Oh, L71|268/268\n|move|p1a: Spectrier|Shadow Ball|p2a: Ho-Oh\n|-damage|p2a: Ho-Oh|195/268\n|\n|-heal|p1a: Spectrier|257/274|[from] item: Leftovers\n|upkeep\n|turn|13\n|\n|t:|1781442589\n|switch|p1a: Slowbro|Slowbro, L85, F|300/300 slp\n|-damage|p1a: Slowbro|263/300 slp|[from] Stealth Rock\n|move|p2a: Ho-Oh|Sacred Fire|p1a: Slowbro\n|-resisted|p1a: Slowbro\n|-damage|p1a: Slowbro|226/300 slp\n|\n|upkeep\n|turn|14\n|\n|t:|1781442593\n|switch|p2a: Archaludon|Archaludon, L78, F|112/268\n|cant|p1a: Slowbro|slp\n|\n|upkeep\n|turn|15\n|\n|t:|1781442597\n|move|p2a: Archaludon|Swords Dance|p2a: Archaludon\n|-boost|p2a: Archaludon|atk|2\n|cant|p1a: Slowbro|slp\n|\n|upkeep\n|turn|16\n|\n|t:|1781442605\n|move|p2a: Archaludon|Swords Dance|p2a: Archaludon\n|-boost|p2a: Archaludon|atk|2\n|-curestatus|p1a: Slowbro|slp|[msg]\n|move|p1a: Slowbro|Scald|p2a: Archaludon\n|-resisted|p2a: Archaludon\n|-damage|p2a: Archaludon|47/268\n|-ability|p2a: Archaludon|Stamina|boost\n|-boost|p2a: Archaludon|def|1\n|\n|upkeep\n|turn|17\n|\n|t:|1781442609\n|move|p2a: Archaludon|Outrage|p1a: Slowbro\n|-crit|p1a: Slowbro\n|-damage|p1a: Slowbro|0 fnt\n|faint|p1a: Slowbro\n|\n|upkeep\n|\n|t:|1781442614\n|switch|p1a: Spectrier|Spectrier, L75|257/274\n|-damage|p1a: Spectrier|223/274|[from] Stealth Rock\n|turn|18\n|\n|t:|1781442618\n|move|p1a: Spectrier|Shadow Ball|p2a: Archaludon\n|-damage|p2a: Archaludon|0 fnt\n|faint|p2a: Archaludon\n|-ability|p1a: Spectrier|Grim Neigh|boost\n|-boost|p1a: Spectrier|spa|1\n|\n|-heal|p1a: Spectrier|240/274|[from] item: Leftovers\n|upkeep\n|\n|t:|1781442623\n|switch|p2a: Ho-Oh|Ho-Oh, L71|268/268\n|turn|19\n|\n|t:|1781442628\n|move|p1a: Spectrier|Shadow Ball|p2a: Ho-Oh\n|-damage|p2a: Ho-Oh|162/268\n|move|p2a: Ho-Oh|Brave Bird|p1a: Spectrier\n|-damage|p1a: Spectrier|63/274\n|-damage|p2a: Ho-Oh|104/268|[from] Recoil\n|\n|-heal|p1a: Spectrier|80/274|[from] item: Leftovers\n|upkeep\n|turn|20\n|\n|t:|1781442635\n|switch|p2a: Ludicolo|Ludicolo, L90, M|290/290\n|move|p1a: Spectrier|Shadow Ball|p2a: Ludicolo\n|-damage|p2a: Ludicolo|164/290\n|\n|-heal|p1a: Spectrier|97/274|[from] item: Leftovers\n|upkeep\n|turn|21\n|\n|t:|1781442656\n|switch|p1a: Abomasnow|Abomasnow, L84, F|287/287\n|-damage|p1a: Abomasnow|216/287|[from] Stealth Rock\n|-weather|Snowscape|[from] ability: Snow Warning|[of] p1a: Abomasnow\n|move|p2a: Ludicolo|Giga Drain|p1a: Abomasnow\n|-resisted|p1a: Abomasnow\n|-damage|p1a: Abomasnow|145/287\n|-heal|p2a: Ludicolo|200/290|[from] drain|[of] p1a: Abomasnow\n|\n|-weather|Snowscape|[upkeep]\n|upkeep\n|turn|22\n|\n|t:|1781442666\n|switch|p2a: Ho-Oh|Ho-Oh, L71|193/268\n|move|p1a: Abomasnow|Aurora Veil|p1a: Abomasnow\n|-sidestart|p1: imadeoutwithagirl|move: Aurora Veil\n|\n|-weather|Snowscape|[upkeep]\n|upkeep\n|turn|23\n|\n|t:|1781442671\n|move|p2a: Ho-Oh|Earthquake|p1a: Abomasnow\n|-resisted|p1a: Abomasnow\n|-damage|p1a: Abomasnow|133/287\n|move|p1a: Abomasnow|Blizzard|p2a: Ho-Oh\n|-damage|p2a: Ho-Oh|111/268\n|\n|-weather|Snowscape|[upkeep]\n|upkeep\n|turn|24\n|\n|t:|1781442677\n|move|p2a: Ho-Oh|Earthquake|p1a: Abomasnow\n|-resisted|p1a: Abomasnow\n|-damage|p1a: Abomasnow|121/287\n|move|p1a: Abomasnow|Blizzard|p2a: Ho-Oh\n|-damage|p2a: Ho-Oh|21/268\n|-status|p2a: Ho-Oh|frz\n|\n|-weather|Snowscape|[upkeep]\n|upkeep\n|turn|25\n|\n|t:|1781442682\n|-curestatus|p2a: Ho-Oh|frz|[msg]\n|move|p2a: Ho-Oh|Earthquake|p1a: Abomasnow\n|-resisted|p1a: Abomasnow\n|-damage|p1a: Abomasnow|109/287\n|move|p1a: Abomasnow|Blizzard|p2a: Ho-Oh\n|-damage|p2a: Ho-Oh|0 fnt\n|faint|p2a: Ho-Oh\n|\n|-weather|none\n|upkeep\n|\n|t:|1781442710\n|switch|p2a: Gyarados|Gyarados, L79, M|280/280\n|-ability|p2a: Gyarados|Intimidate|boost\n|-unboost|p1a: Abomasnow|atk|1\n|turn|26\n|\n|t:|1781442717\n|move|p2a: Gyarados|Dragon Dance|p2a: Gyarados\n|-boost|p2a: Gyarados|atk|1\n|-boost|p2a: Gyarados|spe|1\n|move|p1a: Abomasnow|Blizzard|p2a: Gyarados|[miss]\n|-miss|p1a: Abomasnow|p2a: Gyarados\n|\n|upkeep\n|turn|27\n|\n|t:|1781442721\n|-terastallize|p2a: Gyarados|Flying\n|move|p2a: Gyarados|Tera Blast|p1a: Abomasnow|[anim] Tera Blast Flying\n|-supereffective|p1a: Abomasnow\n|-damage|p1a: Abomasnow|0 fnt\n|faint|p1a: Abomasnow\n|\n|upkeep\n|\n|t:|1781442740\n|switch|p1a: Lunala|Lunala, L70|308/308\n|-damage|p1a: Lunala|270/308|[from] Stealth Rock\n|turn|28\n|\n|t:|1781442746\n|move|p2a: Gyarados|Waterfall|p1a: Lunala\n|-damage|p1a: Lunala|186/308\n|cant|p1a: Lunala|flinch\n|\n|-heal|p1a: Lunala|205/308|[from] item: Leftovers\n|upkeep\n|turn|29\n|c|\u2606imadeoutwithagirl|brother\n|\n|t:|1781442759\n|move|p2a: Gyarados|Waterfall|p1a: Lunala\n|-damage|p1a: Lunala|131/308\n|move|p1a: Lunala|Moongeist Beam|p2a: Gyarados\n|-damage|p2a: Gyarados|186/280\n|\n|-heal|p1a: Lunala|150/308|[from] item: Leftovers\n|-sideend|p1: imadeoutwithagirl|move: Aurora Veil\n|upkeep\n|turn|30\n|\n|t:|1781442767\n|move|p2a: Gyarados|Waterfall|p1a: Lunala\n|-damage|p1a: Lunala|2/308\n|cant|p1a: Lunala|flinch\n|\n|-heal|p1a: Lunala|21/308|[from] item: Leftovers\n|upkeep\n|turn|31\n|c|\u2606imadeoutwithagirl|aint no fkn WAY\n|c|\u2606imadeoutwithagirl|gg bruh\n|-message|imadeoutwithagirl forfeited.\n|\n|win|MadThrower\n", "inputlog": ">version a8376a258c1d4662feba110a92103f3664a72141\n>start {\"formatid\":\"gen9randombattle\",\"seed\":\"sodium,5a802895967a205eff667f294156b404\",\"rated\":\"Rated battle\"}\n>player p1 {\"name\":\"imadeoutwithagirl\",\"avatar\":\"youngster-gen4dp\",\"rating\":1904,\"seed\":\"sodium,8561760495bc709ca4fca584c2cf4602\"}\n>player p2 {\"name\":\"MadThrower\",\"avatar\":\"265\",\"rating\":1929,\"seed\":\"sodium,a8f30d638b29ddc539b485bc1f466ffc\"}\n>p1 switch 4\n>p2 move leafstorm\n>p1 move auroraveil\n>p2 switch 2\n>p1 switch 2\n>p2 move knockoff\n>p1 move thunderwave\n>p2 move stealthrock\n>p1 move scald\n>p2 switch 5\n>p1 move scald\n>p2 move spore\n>p1 switch 5\n>p2 move shellsmash\n>p1 move extremespeed\n>p2 move powertrip\n>p2 switch 4\n>p1 switch 4\n>p2 move swordsdance\n>p1 move moonblast\n>p2 move ironhead\n>p1 move drainingkiss\n>p2 move earthquake\n>p1 switch 6\n>p1 move shadowball\n>p2 switch 6\n>p1 switch 5\n>p2 move sacredfire\n>p1 move scald\n>p2 switch 6\n>p1 move scald\n>p2 move swordsdance\n>p1 move scald\n>p2 move swordsdance\n>p1 move scald\n>p2 move outrage\n>p1 switch 5\n>p1 move shadowball\n>p2 move outrage\n>p2 switch 6\n>p1 move shadowball\n>p2 move bravebird\n>p1 move shadowball\n>p2 switch 2\n>p1 switch 2\n>p2 move gigadrain\n>p1 move auroraveil\n>p2 switch 2\n>p1 move blizzard\n>p2 move earthquake\n>p1 move blizzard\n>p2 move earthquake\n>p1 move blizzard\n>p2 move earthquake\n>p2 switch 3\n>p1 move blizzard\n>p2 move dragondance\n>p1 move blizzard\n>p2 move terablast terastallize\n>p1 switch 3\n>p1 move moongeistbeam\n>p2 move waterfall\n>chat \u2606imadeoutwithagirl|brother\n>p1 move moongeistbeam\n>p2 move waterfall\n>p1 move moongeistbeam\n>p2 move waterfall\n>chat \u2606imadeoutwithagirl|aint no fkn WAY\n>chat \u2606imadeoutwithagirl|gg bruh\n>forcelose p1", "uploadtime": 1781442441, "views": 5, "formatid": "gen9randombattle", "rating": null, "private": 0, "password": null}