{"id": "gen9randombattle-2631600150", "format": "[Gen 9] Random Battle", "players": ["schleeby", "Etjx"], "log": "|j|\u2606schleeby\n|j|\u2606Etjx\n|t:|1781406908\n|gametype|singles\n|player|p1|schleeby|rosa|2005\n|player|p2|Etjx|policeman-gen4|2081\n|gen|9\n|tier|[Gen 9] Random Battle\n|rated|\n|rule|Species Clause: Limit one of each Pok\u00e9mon\n|rule|HP Percentage Mod: HP is shown in percentages\n|rule|Sleep Clause Mod: Limit one foe put to sleep\n|rule|Illusion Level Mod: Illusion disguises the Pok\u00e9mon's true level\n|\n|t:|1781406908\n|teamsize|p1|6\n|teamsize|p2|6\n|start\n|switch|p1a: Forretress|Forretress, L84, F|263/263\n|switch|p2a: Whimsicott|Whimsicott, L84, M|238/238\n|turn|1\n|inactive|Battle timer is ON: inactive players will automatically lose when time's up. (requested by Etjx)\n|\n|t:|1781406931\n|move|p2a: Whimsicott|Leech Seed|p1a: Forretress\n|-start|p1a: Forretress|move: Leech Seed\n|move|p1a: Forretress|Stealth Rock|p2a: Whimsicott\n|-sidestart|p2: Etjx|move: Stealth Rock\n|\n|-damage|p1a: Forretress|231/263|[from] Leech Seed|[of] p2a: Whimsicott\n|upkeep\n|turn|2\n|\n|t:|1781406953\n|switch|p2a: Oricorio|Oricorio, L84, F|263/263\n|switch|p1a: Vespiquen|Vespiquen, L99, F|299/299\n|-ability|p1a: Vespiquen|Pressure\n|\n|upkeep\n|turn|3\n|\n|t:|1781406962\n|switch|p2a: Garganacl|Garganacl, L80, M|291/291\n|-damage|p2a: Garganacl|255/291|[from] Stealth Rock\n|move|p1a: Vespiquen|U-turn|p2a: Garganacl\n|-damage|p2a: Garganacl|183/291\n|\n|t:|1781406967\n|switch|p1a: Tauros|Tauros-Paldea-Combat, L82, M|257/257|[from] U-turn\n|-ability|p1a: Tauros|Intimidate|boost\n|-unboost|p2a: Garganacl|atk|1\n|\n|-heal|p2a: Garganacl|201/291|[from] item: Leftovers\n|upkeep\n|turn|4\n|\n|t:|1781406974\n|switch|p2a: Whimsicott|Whimsicott, L84, M|238/238\n|-damage|p2a: Whimsicott|209/238|[from] Stealth Rock\n|move|p1a: Tauros|Close Combat|p2a: Whimsicott\n|-resisted|p2a: Whimsicott\n|-damage|p2a: Whimsicott|110/238\n|-unboost|p1a: Tauros|def|1\n|-unboost|p1a: Tauros|spd|1\n|\n|-heal|p2a: Whimsicott|124/238|[from] item: Leftovers\n|upkeep\n|turn|5\n|\n|t:|1781406980\n|switch|p1a: Forretress|Forretress, L84, F|231/263\n|move|p2a: Whimsicott|Leech Seed|p1a: Forretress|[miss]\n|-miss|p2a: Whimsicott|p1a: Forretress\n|\n|-heal|p2a: Whimsicott|138/238|[from] item: Leftovers\n|-heal|p1a: Forretress|247/263|[from] item: Leftovers\n|upkeep\n|turn|6\n|\n|t:|1781406985\n|switch|p2a: Oricorio|Oricorio, L84, F|263/263\n|move|p1a: Forretress|Thunder Wave|p2a: Oricorio\n|-status|p2a: Oricorio|par\n|\n|-heal|p1a: Forretress|263/263|[from] item: Leftovers\n|upkeep\n|turn|7\n|\n|t:|1781406989\n|switch|p1a: Pawmot|Pawmot, L80, F|243/243\n|move|p2a: Oricorio|Revelation Dance|p1a: Pawmot\n|-damage|p1a: Pawmot|122/243\n|\n|upkeep\n|turn|8\n|\n|t:|1781406995\n|switch|p2a: Whimsicott|Whimsicott, L84, M|138/238\n|-damage|p2a: Whimsicott|109/238|[from] Stealth Rock\n|move|p1a: Pawmot|Knock Off|p2a: Whimsicott\n|-resisted|p2a: Whimsicott\n|-damage|p2a: Whimsicott|60/238\n|-enditem|p2a: Whimsicott|Leftovers|[from] move: Knock Off|[of] p1a: Pawmot\n|-damage|p1a: Pawmot|98/243|[from] item: Life Orb\n|\n|upkeep\n|turn|9\n|\n|t:|1781406999\n|switch|p1a: Forretress|Forretress, L84, F|263/263\n|move|p2a: Whimsicott|Leech Seed|p1a: Forretress\n|-start|p1a: Forretress|move: Leech Seed\n|\n|-damage|p1a: Forretress|231/263|[from] Leech Seed|[of] p2a: Whimsicott\n|-heal|p2a: Whimsicott|92/238|[silent]\n|upkeep\n|turn|10\n|\n|t:|1781407007\n|switch|p2a: Hariyama|Hariyama, L87, M|392/392\n|-damage|p2a: Hariyama|368/392|[from] Stealth Rock\n|switch|p1a: Pawmot|Pawmot, L80, F|98/243\n|\n|-status|p2a: Hariyama|brn|[from] item: Flame Orb\n|upkeep\n|turn|11\n|\n|t:|1781407016\n|switch|p1a: Vespiquen|Vespiquen, L99, F|299/299\n|-ability|p1a: Vespiquen|Pressure\n|move|p2a: Hariyama|Facade|p1a: Vespiquen\n|-damage|p1a: Vespiquen|150/299\n|\n|-damage|p2a: Hariyama|344/392 brn|[from] brn\n|upkeep\n|turn|12\n|\n|t:|1781407024\n|move|p2a: Hariyama|Facade|p1a: Vespiquen\n|-damage|p1a: Vespiquen|0 fnt\n|faint|p1a: Vespiquen\n|\n|-damage|p2a: Hariyama|320/392 brn|[from] brn\n|upkeep\n|\n|t:|1781407027\n|switch|p1a: Kilowattrel|Kilowattrel, L83, F|252/252\n|turn|13\n|\n|t:|1781407031\n|move|p1a: Kilowattrel|Hurricane|p2a: Hariyama\n|-supereffective|p2a: Hariyama\n|-damage|p2a: Hariyama|30/392 brn\n|-start|p2a: Hariyama|confusion\n|-activate|p2a: Hariyama|confusion\n|move|p2a: Hariyama|Facade|p1a: Kilowattrel\n|-damage|p1a: Kilowattrel|0 fnt\n|faint|p1a: Kilowattrel\n|\n|-damage|p2a: Hariyama|6/392 brn|[from] brn\n|upkeep\n|\n|t:|1781407040\n|switch|p1a: Pyroar|Pyroar, L88, F|295/295\n|-ability|p1a: Pyroar|Unnerve\n|turn|14\n|\n|t:|1781407042\n|-activate|p2a: Hariyama|confusion\n|move|p2a: Hariyama|Bullet Punch|p1a: Pyroar\n|-resisted|p1a: Pyroar\n|-damage|p1a: Pyroar|263/295\n|move|p1a: Pyroar|Hyper Voice|p2a: Hariyama\n|-damage|p2a: Hariyama|0 fnt\n|faint|p2a: Hariyama\n|\n|upkeep\n|\n|t:|1781407049\n|switch|p2a: Garganacl|Garganacl, L80, M|201/291\n|-damage|p2a: Garganacl|165/291|[from] Stealth Rock\n|turn|15\n|\n|t:|1781407057\n|move|p1a: Pyroar|Taunt|p2a: Garganacl\n|-start|p2a: Garganacl|move: Taunt\n|cant|p2a: Garganacl|move: Taunt|Iron Defense\n|\n|-heal|p2a: Garganacl|183/291|[from] item: Leftovers\n|upkeep\n|turn|16\n|\n|t:|1781407059\n|switch|p1a: Tauros|Tauros-Paldea-Combat, L82, M|257/257\n|-ability|p1a: Tauros|Intimidate|boost\n|-unboost|p2a: Garganacl|atk|1\n|move|p2a: Garganacl|Body Press|p1a: Tauros\n|-damage|p1a: Tauros|198/257\n|\n|-heal|p2a: Garganacl|201/291|[from] item: Leftovers\n|upkeep\n|turn|17\n|\n|t:|1781407063\n|switch|p2a: Oricorio|Oricorio, L84, F|263/263 par\n|move|p1a: Tauros|Close Combat|p2a: Oricorio\n|-resisted|p2a: Oricorio\n|-damage|p2a: Oricorio|136/263 par\n|-unboost|p1a: Tauros|def|1\n|-unboost|p1a: Tauros|spd|1\n|\n|upkeep\n|turn|18\n|\n|t:|1781407068\n|switch|p1a: Pyroar|Pyroar, L88, F|263/295\n|-ability|p1a: Pyroar|Unnerve\n|move|p2a: Oricorio|Hurricane|p1a: Pyroar\n|-damage|p1a: Pyroar|125/295\n|-start|p1a: Pyroar|confusion\n|\n|upkeep\n|turn|19\n|\n|t:|1781407072\n|-activate|p1a: Pyroar|confusion\n|-damage|p1a: Pyroar|104/295|[from] confusion\n|move|p2a: Oricorio|Hurricane|p1a: Pyroar|[miss]\n|-miss|p2a: Oricorio|p1a: Pyroar\n|\n|upkeep\n|turn|20\n|\n|t:|1781407074\n|-activate|p1a: Pyroar|confusion\n|-damage|p1a: Pyroar|85/295|[from] confusion\n|move|p2a: Oricorio|Hurricane|p1a: Pyroar\n|-damage|p1a: Pyroar|0 fnt\n|faint|p1a: Pyroar\n|\n|upkeep\n|\n|t:|1781407077\n|switch|p1a: Pawmot|Pawmot, L80, F|98/243\n|turn|21\n|\n|t:|1781407082\n|move|p1a: Pawmot|Double Shock|p2a: Oricorio\n|-supereffective|p2a: Oricorio\n|-damage|p2a: Oricorio|0 fnt\n|-start|p1a: Pawmot|typechange|???/Fighting|[from] move: Double Shock\n|faint|p2a: Oricorio\n|-damage|p1a: Pawmot|74/243|[from] item: Life Orb\n|\n|upkeep\n|\n|t:|1781407087\n|switch|p2a: Whimsicott|Whimsicott, L84, M|92/238\n|-damage|p2a: Whimsicott|63/238|[from] Stealth Rock\n|turn|22\n|\n|t:|1781407090\n|switch|p1a: Forretress|Forretress, L84, F|231/263\n|move|p2a: Whimsicott|Leech Seed|p1a: Forretress\n|-start|p1a: Forretress|move: Leech Seed\n|\n|-heal|p1a: Forretress|247/263|[from] item: Leftovers\n|-damage|p1a: Forretress|215/263|[from] Leech Seed|[of] p2a: Whimsicott\n|-heal|p2a: Whimsicott|95/238|[silent]\n|upkeep\n|turn|23\n|\n|t:|1781407102\n|switch|p2a: Pawmot|Pawmot, L80, M|243/243\n|-damage|p2a: Pawmot|228/243|[from] Stealth Rock\n|switch|p1a: Tauros|Tauros-Paldea-Combat, L82, M|198/257\n|-ability|p1a: Tauros|Intimidate|boost\n|-unboost|p2a: Pawmot|atk|1\n|\n|upkeep\n|turn|24\n|\n|t:|1781407108\n|move|p2a: Pawmot|Revival Blessing|p2a: Pawmot\n|\n|t:|1781407110\n|-heal|p2: Oricorio|131/263|[from] move: Revival Blessing\n|move|p1a: Tauros|Close Combat|p2a: Pawmot\n|-damage|p2a: Pawmot|0 fnt\n|-unboost|p1a: Tauros|def|1\n|-unboost|p1a: Tauros|spd|1\n|faint|p2a: Pawmot\n|\n|upkeep\n|\n|t:|1781407113\n|switch|p2a: Furret|Furret, L94, M|312/312\n|-damage|p2a: Furret|273/312|[from] Stealth Rock\n|-item|p1a: Tauros|Choice Band|[from] ability: Frisk|[of] p2a: Furret\n|turn|25\n|\n|t:|1781407116\n|switch|p1a: Forretress|Forretress, L84, F|215/263\n|move|p2a: Furret|Knock Off|p1a: Forretress\n|-damage|p1a: Forretress|145/263\n|-enditem|p1a: Forretress|Leftovers|[from] move: Knock Off|[of] p2a: Furret\n|-damage|p2a: Furret|242/312|[from] item: Life Orb\n|\n|upkeep\n|turn|26\n|\n|t:|1781407126\n|switch|p2a: Garganacl|Garganacl, L80, M|201/291\n|-damage|p2a: Garganacl|165/291|[from] Stealth Rock\n|move|p1a: Forretress|Thunder Wave|p2a: Garganacl\n|-immune|p2a: Garganacl|[from] ability: Purifying Salt\n|\n|-heal|p2a: Garganacl|183/291|[from] item: Leftovers\n|upkeep\n|turn|27\n|\n|t:|1781407134\n|switch|p1a: Pawmot|Pawmot, L80, F|74/243\n|move|p2a: Garganacl|Salt Cure|p1a: Pawmot\n|-resisted|p1a: Pawmot\n|-damage|p1a: Pawmot|50/243\n|-start|p1a: Pawmot|Salt Cure\n|\n|-heal|p2a: Garganacl|201/291|[from] item: Leftovers\n|-damage|p1a: Pawmot|20/243|[from] Salt Cure\n|upkeep\n|turn|28\n|\n|t:|1781407150\n|switch|p2a: Whimsicott|Whimsicott, L84, M|95/238\n|-damage|p2a: Whimsicott|66/238|[from] Stealth Rock\n|move|p1a: Pawmot|Revival Blessing|p1a: Pawmot\n|\n|t:|1781407152\n|-heal|p1: Kilowattrel|126/252|[from] move: Revival Blessing\n|\n|-damage|p1a: Pawmot|0 fnt|[from] Salt Cure\n|faint|p1a: Pawmot\n|upkeep\n|\n|t:|1781407157\n|switch|p1a: Kilowattrel|Kilowattrel, L83, F|126/252\n|turn|29\n|\n|t:|1781407161\n|move|p1a: Kilowattrel|Hurricane|p2a: Whimsicott\n|-supereffective|p2a: Whimsicott\n|-damage|p2a: Whimsicott|0 fnt\n|faint|p2a: Whimsicott\n|\n|upkeep\n|\n|t:|1781407164\n|switch|p2a: Garganacl|Garganacl, L80, M|201/291\n|-damage|p2a: Garganacl|165/291|[from] Stealth Rock\n|turn|30\n|\n|t:|1781407171\n|switch|p1a: Tauros|Tauros-Paldea-Combat, L82, M|198/257\n|-ability|p1a: Tauros|Intimidate|boost\n|-unboost|p2a: Garganacl|atk|1\n|move|p2a: Garganacl|Iron Defense|p2a: Garganacl\n|-boost|p2a: Garganacl|def|2\n|\n|-heal|p2a: Garganacl|183/291|[from] item: Leftovers\n|upkeep\n|turn|31\n|\n|t:|1781407176\n|-terastallize|p2a: Garganacl|Dragon\n|move|p1a: Tauros|Close Combat|p2a: Garganacl\n|-damage|p2a: Garganacl|108/291\n|-unboost|p1a: Tauros|def|1\n|-unboost|p1a: Tauros|spd|1\n|move|p2a: Garganacl|Recover|p2a: Garganacl\n|-heal|p2a: Garganacl|254/291\n|\n|-heal|p2a: Garganacl|272/291|[from] item: Leftovers\n|upkeep\n|turn|32\n|\n|t:|1781407180\n|move|p1a: Tauros|Close Combat|p2a: Garganacl\n|-damage|p2a: Garganacl|193/291\n|-unboost|p1a: Tauros|def|1\n|-unboost|p1a: Tauros|spd|1\n|move|p2a: Garganacl|Iron Defense|p2a: Garganacl\n|-boost|p2a: Garganacl|def|2\n|\n|-heal|p2a: Garganacl|211/291|[from] item: Leftovers\n|upkeep\n|turn|33\n|\n|t:|1781407185\n|move|p1a: Tauros|Close Combat|p2a: Garganacl\n|-damage|p2a: Garganacl|162/291\n|-unboost|p1a: Tauros|def|1\n|-unboost|p1a: Tauros|spd|1\n|move|p2a: Garganacl|Salt Cure|p1a: Tauros\n|-resisted|p1a: Tauros\n|-damage|p1a: Tauros|168/257\n|-start|p1a: Tauros|Salt Cure\n|\n|-heal|p2a: Garganacl|180/291|[from] item: Leftovers\n|-damage|p1a: Tauros|136/257|[from] Salt Cure\n|upkeep\n|turn|34\n|\n|t:|1781407189\n|switch|p1a: Forretress|Forretress, L84, F|145/263\n|move|p2a: Garganacl|Recover|p2a: Garganacl\n|-heal|p2a: Garganacl|291/291\n|\n|upkeep\n|turn|35\n|\n|t:|1781407194\n|move|p1a: Forretress|Thunder Wave|p2a: Garganacl\n|-immune|p2a: Garganacl|[from] ability: Purifying Salt\n|move|p2a: Garganacl|Salt Cure|p1a: Forretress\n|-damage|p1a: Forretress|124/263\n|-start|p1a: Forretress|Salt Cure\n|\n|-damage|p1a: Forretress|59/263|[from] Salt Cure\n|upkeep\n|turn|36\n|\n|t:|1781407197\n|move|p1a: Forretress|Iron Head|p2a: Garganacl\n|-damage|p2a: Garganacl|270/291\n|cant|p2a: Garganacl|flinch\n|\n|-heal|p2a: Garganacl|288/291|[from] item: Leftovers\n|-damage|p1a: Forretress|0 fnt|[from] Salt Cure\n|faint|p1a: Forretress\n|upkeep\n|\n|t:|1781407199\n|switch|p1a: Kilowattrel|Kilowattrel, L83, F|126/252\n|turn|37\n|\n|t:|1781407203\n|move|p1a: Kilowattrel|Hurricane|p2a: Garganacl\n|-damage|p2a: Garganacl|156/291\n|-start|p2a: Garganacl|confusion\n|-activate|p2a: Garganacl|confusion\n|-damage|p2a: Garganacl|150/291|[from] confusion\n|\n|-heal|p2a: Garganacl|168/291|[from] item: Leftovers\n|upkeep\n|turn|38\n|\n|t:|1781407208\n|move|p1a: Kilowattrel|Hurricane|p2a: Garganacl|[miss]\n|-miss|p1a: Kilowattrel|p2a: Garganacl\n|-end|p2a: Garganacl|confusion\n|move|p2a: Garganacl|Recover|p2a: Garganacl\n|-heal|p2a: Garganacl|291/291\n|\n|upkeep\n|turn|39\n|\n|t:|1781407211\n|move|p1a: Kilowattrel|Hurricane|p2a: Garganacl\n|-damage|p2a: Garganacl|159/291\n|move|p2a: Garganacl|Salt Cure|p1a: Kilowattrel\n|-supereffective|p1a: Kilowattrel\n|-damage|p1a: Kilowattrel|54/252\n|-start|p1a: Kilowattrel|Salt Cure\n|\n|-heal|p2a: Garganacl|177/291|[from] item: Leftovers\n|-damage|p1a: Kilowattrel|23/252|[from] Salt Cure\n|upkeep\n|turn|40\n|\n|t:|1781407219\n|move|p1a: Kilowattrel|Roost|p1a: Kilowattrel\n|-heal|p1a: Kilowattrel|149/252\n|-singleturn|p1a: Kilowattrel|move: Roost\n|move|p2a: Garganacl|Recover|p2a: Garganacl\n|-heal|p2a: Garganacl|291/291\n|\n|-damage|p1a: Kilowattrel|118/252|[from] Salt Cure\n|upkeep\n|turn|41\n|\n|t:|1781407223\n|move|p1a: Kilowattrel|Hurricane|p2a: Garganacl\n|-damage|p2a: Garganacl|167/291\n|move|p2a: Garganacl|Body Press|p1a: Kilowattrel\n|-resisted|p1a: Kilowattrel\n|-damage|p1a: Kilowattrel|0 fnt\n|faint|p1a: Kilowattrel\n|\n|-heal|p2a: Garganacl|185/291|[from] item: Leftovers\n|upkeep\n|\n|t:|1781407226\n|switch|p1a: Tauros|Tauros-Paldea-Combat, L82, M|136/257\n|-ability|p1a: Tauros|Intimidate|boost\n|-unboost|p2a: Garganacl|atk|1\n|turn|42\n|\n|t:|1781407228\n|move|p1a: Tauros|Earthquake|p2a: Garganacl\n|-damage|p2a: Garganacl|158/291\n|move|p2a: Garganacl|Body Press|p1a: Tauros\n|-damage|p1a: Tauros|0 fnt\n|faint|p1a: Tauros\n|\n|win|Etjx\n", "inputlog": ">version a8376a258c1d4662feba110a92103f3664a72141\n>start {\"formatid\":\"gen9randombattle\",\"seed\":\"sodium,05e53df04a3eb7414acd64f94449b3f8\",\"rated\":\"Rated battle\"}\n>player p1 {\"name\":\"schleeby\",\"avatar\":\"rosa\",\"rating\":2005,\"seed\":\"sodium,c75c93733b515f8a23b37b9f81a30249\"}\n>player p2 {\"name\":\"Etjx\",\"avatar\":\"policeman-gen4\",\"rating\":2081,\"seed\":\"sodium,a9eee4533c5998ec806bd352e36e3c2a\"}\n>p1 move stealthrock\n>p2 move leechseed\n>p1 switch 2\n>p2 switch 6\n>p1 move uturn\n>p2 switch 4\n>p1 switch 3\n>p1 move closecombat\n>p2 switch 6\n>p1 switch 2\n>p2 move leechseed\n>p1 move thunderwave\n>p2 switch 4\n>p1 switch 5\n>p2 move revelationdance\n>p1 move knockoff\n>p2 switch 4\n>p1 switch 5\n>p2 move leechseed\n>p1 switch 5\n>p2 switch 5\n>p1 switch 3\n>p2 move facade\n>p1 move airslash\n>p2 move facade\n>p1 switch 4\n>p1 move hurricane\n>p2 move facade\n>p1 switch 6\n>p1 move hypervoice\n>p2 move bulletpunch\n>p2 switch 6\n>p1 move taunt\n>p2 move irondefense\n>p1 switch 2\n>p2 move bodypress\n>p1 move closecombat\n>p2 switch 4\n>p1 switch 2\n>p2 move hurricane\n>p1 move hypervoice\n>p2 move hurricane\n>p1 move hypervoice\n>p2 move hurricane\n>p1 switch 3\n>p1 move doubleshock\n>p2 move revelationdance\n>p2 switch 5\n>p1 switch 5\n>p2 move leechseed\n>p1 switch 2\n>p2 switch 2\n>p1 move closecombat\n>p2 move revivalblessing\n>p2 switch 5\n>p2 switch 3\n>p1 switch 2\n>p2 move knockoff\n>p1 move thunderwave\n>p2 switch 4\n>p1 switch 5\n>p2 move saltcure\n>p1 move revivalblessing\n>p2 switch 2\n>p1 switch 6\n>p1 switch 6\n>p1 move hurricane\n>p2 move moonblast\n>p2 switch 2\n>p1 switch 2\n>p2 move irondefense\n>p1 move closecombat\n>p2 move recover terastallize\n>p1 move closecombat\n>p2 move irondefense\n>p1 move closecombat\n>p2 move saltcure\n>p1 switch 5\n>p2 move recover\n>p1 move thunderwave\n>p2 move saltcure\n>p1 move ironhead\n>p2 move bodypress\n>p1 switch 2\n>p1 move hurricane\n>p2 move saltcure\n>p1 move hurricane\n>p2 move recover\n>p1 move hurricane\n>p2 move saltcure\n>p1 move roost\n>p2 move recover\n>p1 move hurricane\n>p2 move bodypress\n>p1 switch 5\n>p1 move earthquake\n>p2 move bodypress", "uploadtime": 1781406909, "views": 5, "formatid": "gen9randombattle", "rating": null, "private": 0, "password": null, "player_dets": [{"name": "schleeby", "avatar": "rosa", "rating": 2005, "seed": "sodium,c75c93733b515f8a23b37b9f81a30249"}, {"name": "Etjx", "avatar": "policeman-gen4", "rating": 2081, "seed": "sodium,a9eee4533c5998ec806bd352e36e3c2a"}], "teams_full": [{"Forretress": {"name": "Forretress", "species": "Forretress", "speciesId": "forretress", "gender": "F", "shiny": false, "level": 84, "moves": ["thunderwave", "rapidspin", "stealthrock", "ironhead"], "ability": "Sturdy", "evs": {"hp": 85, "atk": 85, "def": 85, "spa": 85, "spd": 85, "spe": 85}, "ivs": {"hp": 31, "atk": 31, "def": 31, "spa": 31, "spd": 31, "spe": 31}, "item": "Leftovers", "teraType": "Water", "role": "Bulky Support", "bvs": {"hp": 75, "atk": 90, "def": 140, "spa": 60, "spd": 60, "spe": 40}, "stats": {"hp": 263, "atk": 199, "def": 283, "spa": 149, "spd": 149, "spe": 115}}, "Vespiquen": {"name": "Vespiquen", "species": "Vespiquen", "speciesId": "vespiquen", "gender": "F", "shiny": false, "level": 99, "moves": ["roost", "uturn", "airslash", "spikes"], "ability": "Pressure", "evs": {"hp": 85, "atk": 85, "def": 85, "spa": 85, "spd": 85, "spe": 85}, "ivs": {"hp": 31, "atk": 31, "def": 31, "spa": 31, "spd": 31, "spe": 31}, "item": "Heavy-Duty Boots", "teraType": "Steel", "role": "Bulky Support", "bvs": {"hp": 70, "atk": 80, "def": 102, "spa": 80, "spd": 102, "spe": 40}, "stats": {"hp": 299, "atk": 214, "def": 258, "spa": 214, "spd": 258, "spe": 135}}, "Tauros": {"name": "Tauros", "species": "Tauros-Paldea-Combat", "speciesId": "taurospaldeacombat", "gender": "M", "shiny": false, "level": 82, "moves": ["earthquake", "ironhead", "stoneedge", "closecombat"], "ability": "Intimidate", "evs": {"hp": 85, "atk": 85, "def": 85, "spa": 85, "spd": 85, "spe": 85}, "ivs": {"hp": 31, "atk": 31, "def": 31, "spa": 31, "spd": 31, "spe": 31}, "item": "Choice Band", "teraType": "Steel", "role": "Wallbreaker", "bvs": {"hp": 75, "atk": 110, "def": 105, "spa": 30, "spd": 70, "spe": 100}, "stats": {"hp": 257, "atk": 228, "def": 219, "spa": 96, "spd": 162, "spe": 211}}, "Kilowattrel": {"name": "Kilowattrel", "species": "Kilowattrel", "speciesId": "kilowattrel", "gender": "F", "shiny": false, "level": 83, "moves": ["roost", "hurricane", "uturn", "thunderbolt"], "ability": "Volt Absorb", "evs": {"hp": 85, "atk": 85, "def": 85, "spa": 85, "spd": 85, "spe": 85}, "ivs": {"hp": 31, "atk": 31, "def": 31, "spa": 31, "spd": 31, "spe": 31}, "item": "Heavy-Duty Boots", "teraType": "Steel", "role": "Bulky Attacker", "bvs": {"hp": 70, "atk": 70, "def": 60, "spa": 105, "spd": 60, "spe": 125}, "stats": {"hp": 252, "atk": 164, "def": 147, "spa": 222, "spd": 147, "spe": 255}}, "Pawmot": {"name": "Pawmot", "species": "Pawmot", "speciesId": "pawmot", "gender": "F", "shiny": false, "level": 80, "moves": ["closecombat", "doubleshock", "knockoff", "revivalblessing"], "ability": "Volt Absorb", "evs": {"hp": 85, "atk": 85, "def": 85, "spa": 85, "spd": 85, "spe": 85}, "ivs": {"hp": 31, "atk": 31, "def": 31, "spa": 31, "spd": 31, "spe": 31}, "item": "Life Orb", "teraType": "Electric", "role": "Fast Attacker", "bvs": {"hp": 70, "atk": 115, "def": 70, "spa": 70, "spd": 60, "spe": 105}, "stats": {"hp": 243, "atk": 230, "def": 158, "spa": 158, "spd": 142, "spe": 214}}, "Pyroar": {"name": "Pyroar", "species": "Pyroar", "speciesId": "pyroar", "gender": "F", "shiny": false, "level": 88, "moves": ["fireblast", "taunt", "hypervoice", "darkpulse"], "ability": "Unnerve", "evs": {"hp": 85, "atk": 0, "def": 85, "spa": 85, "spd": 85, "spe": 85}, "ivs": {"hp": 31, "atk": 0, "def": 31, "spa": 31, "spd": 31, "spe": 31}, "item": "Heavy-Duty Boots", "teraType": "Fire", "role": "Fast Attacker", "bvs": {"hp": 86, "atk": 68, "def": 72, "spa": 109, "spd": 66, "spe": 106}, "stats": {"hp": 295, "atk": 124, "def": 177, "spa": 242, "spd": 166, "spe": 237}}}, {"Whimsicott": {"name": "Whimsicott", "species": "Whimsicott", "speciesId": "whimsicott", "gender": "M", "shiny": false, "level": 84, "moves": ["substitute", "leechseed", "moonblast", "encore"], "ability": "Prankster", "evs": {"hp": 85, "atk": 0, "def": 85, "spa": 85, "spd": 85, "spe": 85}, "ivs": {"hp": 31, "atk": 0, "def": 31, "spa": 31, "spd": 31, "spe": 31}, "item": "Leftovers", "teraType": "Poison", "role": "Bulky Support", "bvs": {"hp": 60, "atk": 67, "def": 85, "spa": 77, "spd": 75, "spe": 116}, "stats": {"hp": 238, "atk": 117, "def": 191, "spa": 178, "spd": 174, "spe": 243}}, "Pawmot": {"name": "Pawmot", "species": "Pawmot", "speciesId": "pawmot", "gender": "M", "shiny": false, "level": 80, "moves": ["icepunch", "revivalblessing", "doubleshock", "closecombat"], "ability": "Iron Fist", "evs": {"hp": 85, "atk": 85, "def": 85, "spa": 85, "spd": 85, "spe": 85}, "ivs": {"hp": 31, "atk": 31, "def": 31, "spa": 31, "spd": 31, "spe": 31}, "item": "Life Orb", "teraType": "Electric", "role": "Wallbreaker", "bvs": {"hp": 70, "atk": 115, "def": 70, "spa": 70, "spd": 60, "spe": 105}, "stats": {"hp": 243, "atk": 230, "def": 158, "spa": 158, "spd": 142, "spe": 214}}, "Furret": {"name": "Furret", "species": "Furret", "speciesId": "furret", "gender": "M", "shiny": false, "level": 94, "moves": ["knockoff", "tidyup", "brickbreak", "doubleedge"], "ability": "Frisk", "evs": {"hp": 85, "atk": 85, "def": 85, "spa": 85, "spd": 85, "spe": 85}, "ivs": {"hp": 31, "atk": 31, "def": 31, "spa": 31, "spd": 31, "spe": 31}, "item": "Life Orb", "teraType": "Normal", "role": "Setup Sweeper", "bvs": {"hp": 85, "atk": 76, "def": 64, "spa": 45, "spd": 55, "spe": 90}, "stats": {"hp": 312, "atk": 196, "def": 174, "spa": 138, "spd": 157, "spe": 223}}, "Garganacl": {"name": "Garganacl", "species": "Garganacl", "speciesId": "garganacl", "gender": "M", "shiny": false, "level": 80, "moves": ["bodypress", "recover", "saltcure", "irondefense"], "ability": "Purifying Salt", "evs": {"hp": 85, "atk": 85, "def": 85, "spa": 85, "spd": 85, "spe": 85}, "ivs": {"hp": 31, "atk": 31, "def": 31, "spa": 31, "spd": 31, "spe": 31}, "item": "Leftovers", "teraType": "Dragon", "role": "Bulky Setup", "bvs": {"hp": 100, "atk": 100, "def": 130, "spa": 45, "spd": 90, "spe": 35}, "stats": {"hp": 291, "atk": 206, "def": 254, "spa": 118, "spd": 190, "spe": 102}}, "Hariyama": {"name": "Hariyama", "species": "Hariyama", "speciesId": "hariyama", "gender": "M", "shiny": false, "level": 87, "moves": ["knockoff", "closecombat", "facade", "bulletpunch"], "ability": "Guts", "evs": {"hp": 85, "atk": 85, "def": 85, "spa": 85, "spd": 85, "spe": 85}, "ivs": {"hp": 31, "atk": 31, "def": 31, "spa": 31, "spd": 31, "spe": 31}, "item": "Flame Orb", "teraType": "Normal", "role": "Wallbreaker", "bvs": {"hp": 144, "atk": 120, "def": 60, "spa": 40, "spd": 60, "spe": 50}, "stats": {"hp": 392, "atk": 259, "def": 154, "spa": 119, "spd": 154, "spe": 137}}, "Oricorio": {"name": "Oricorio", "species": "Oricorio", "speciesId": "oricorio", "gender": "F", "shiny": false, "level": 84, "moves": ["quiverdance", "roost", "revelationdance", "hurricane"], "ability": "Dancer", "evs": {"hp": 85, "atk": 0, "def": 85, "spa": 85, "spd": 85, "spe": 85}, "ivs": {"hp": 31, "atk": 0, "def": 31, "spa": 31, "spd": 31, "spe": 31}, "item": "Heavy-Duty Boots", "teraType": "Ground", "role": "Setup Sweeper", "bvs": {"hp": 75, "atk": 70, "def": 70, "spa": 98, "spd": 70, "spe": 93}, "stats": {"hp": 263, "atk": 122, "def": 166, "spa": 213, "spd": 166, "spe": 204}}}]}