{"id": "gen9randombattle-2631428928", "format": "[Gen 9] Random Battle", "players": ["kingslugma13", "Minkkeye"], "log": "|j|\u2606kingslugma13\n|j|\u2606Minkkeye\n|html|<table width=\"100%\"><tr><td align=\"left\">kingslugma13</td><td align=\"right\">Minkkeye</tr><tr><td align=\"left\"><i class=\"fa fa-circle\"></i> <i class=\"fa fa-circle-o\"></i> </td><td align=\"right\"><i class=\"fa fa-circle-o\"></i> <i class=\"fa fa-circle-o\"></i> </tr></table>\n|uhtml|bestof|<h2><strong>Game 2</strong> of <a href=\"/game-bestof3-gen9randombattle-2631426520\">a best-of-3</a></h2>\n|t:|1781383534\n|gametype|singles\n|player|p1|kingslugma13|2|\n|player|p2|Minkkeye|ltsurge|\n|gen|9\n|tier|[Gen 9] Random Battle\n|rule|Species Clause: Limit one of each Pok\u00e9mon\n|rule|HP Percentage Mod: HP is shown in percentages\n|rule|Sleep Clause Mod: Limit one foe put to sleep\n|rule|Illusion Level Mod: Illusion disguises the Pok\u00e9mon's true level\n|raw|<div class=\"infobox\"><details class=\"readmore\" open><summary><strong>1 custom rule:</strong></summary> Best of = 3</details></div>\n|\n|t:|1781383534\n|teamsize|p1|6\n|teamsize|p2|6\n|start\n|switch|p1a: Copperajah|Copperajah, L86, F|350/350\n|switch|p2a: Terapagos|Terapagos, L77, M|265/265\n|-activate|p2a: Terapagos|ability: Tera Shift\n|detailschange|p2a: Terapagos|Terapagos-Terastal, L77, M\n|-heal|p2a: Terapagos|273/273|[silent]\n|turn|1\n|inactive|Battle timer is ON: inactive players will automatically lose when time's up. (requested by kingslugma13)\n|\n|t:|1781383561\n|move|p2a: Terapagos|Calm Mind|p2a: Terapagos\n|-boost|p2a: Terapagos|spa|1\n|-boost|p2a: Terapagos|spd|1\n|move|p1a: Copperajah|Stealth Rock|p2a: Terapagos\n|-sidestart|p2: Minkkeye|move: Stealth Rock\n|\n|upkeep\n|turn|2\n|\n|t:|1781383567\n|move|p2a: Terapagos|Calm Mind|p2a: Terapagos\n|-boost|p2a: Terapagos|spa|1\n|-boost|p2a: Terapagos|spd|1\n|move|p1a: Copperajah|Superpower|p2a: Terapagos\n|-activate|p2a: Terapagos|ability: Tera Shell\n|-resisted|p2a: Terapagos\n|-damage|p2a: Terapagos|200/273\n|-unboost|p1a: Copperajah|atk|1\n|-unboost|p1a: Copperajah|def|1\n|-damage|p1a: Copperajah|315/350|[from] item: Life Orb\n|\n|upkeep\n|turn|3\n|\n|t:|1781383574\n|-terastallize|p2a: Terapagos|Stellar\n|detailschange|p2a: Terapagos|Terapagos-Stellar, L77, M, tera:Stellar\n|-heal|p2a: Terapagos|300/373|[silent]\n|move|p2a: Terapagos|Tera Starstorm|p1a: Copperajah\n|-crit|p1a: Copperajah\n|-damage|p1a: Copperajah|0 fnt\n|faint|p1a: Copperajah\n|\n|upkeep\n|\n|t:|1781383592\n|switch|p1a: Slowbro|Slowbro, L85, F|300/300\n|turn|4\n|\n|t:|1781383604\n|move|p2a: Terapagos|Dark Pulse|p1a: Slowbro\n|-supereffective|p1a: Slowbro\n|-damage|p1a: Slowbro|10/300\n|move|p1a: Slowbro|Thunder Wave|p2a: Terapagos\n|-status|p2a: Terapagos|par\n|\n|-heal|p1a: Slowbro|28/300|[from] item: Leftovers\n|upkeep\n|turn|5\n|\n|t:|1781383631\n|switch|p1a: Altaria|Altaria, L89, F|278/278\n|move|p2a: Terapagos|Dark Pulse|p1a: Altaria\n|-damage|p1a: Altaria|163/278\n|\n|upkeep\n|turn|6\n|\n|t:|1781383640\n|move|p1a: Altaria|Roost|p1a: Altaria\n|-heal|p1a: Altaria|278/278\n|-singleturn|p1a: Altaria|move: Roost\n|move|p2a: Terapagos|Rest|p2a: Terapagos\n|-status|p2a: Terapagos|slp|[from] move: Rest\n|-heal|p2a: Terapagos|373/373 slp|[silent]\n|-enditem|p2a: Terapagos|Chesto Berry|[eat]\n|-curestatus|p2a: Terapagos|slp|[msg]\n|\n|upkeep\n|turn|7\n|\n|t:|1781383646\n|move|p1a: Altaria|Will-O-Wisp|p2a: Terapagos\n|-status|p2a: Terapagos|brn\n|move|p2a: Terapagos|Tera Starstorm|p1a: Altaria\n|-damage|p1a: Altaria|92/278\n|\n|-damage|p2a: Terapagos|350/373 brn|[from] brn\n|upkeep\n|turn|8\n|\n|t:|1781383659\n|move|p1a: Altaria|Roost|p1a: Altaria\n|-heal|p1a: Altaria|231/278\n|-singleturn|p1a: Altaria|move: Roost\n|move|p2a: Terapagos|Dark Pulse|p1a: Altaria\n|-crit|p1a: Altaria\n|-damage|p1a: Altaria|39/278\n|\n|-damage|p2a: Terapagos|327/373 brn|[from] brn\n|upkeep\n|turn|9\n|\n|t:|1781383664\n|move|p1a: Altaria|Roost|p1a: Altaria\n|-heal|p1a: Altaria|178/278\n|-singleturn|p1a: Altaria|move: Roost\n|move|p2a: Terapagos|Dark Pulse|p1a: Altaria\n|-damage|p1a: Altaria|64/278\n|\n|-damage|p2a: Terapagos|304/373 brn|[from] brn\n|upkeep\n|turn|10\n|\n|t:|1781383667\n|move|p1a: Altaria|Roost|p1a: Altaria\n|-heal|p1a: Altaria|203/278\n|-singleturn|p1a: Altaria|move: Roost\n|move|p2a: Terapagos|Dark Pulse|p1a: Altaria\n|-damage|p1a: Altaria|91/278\n|\n|-damage|p2a: Terapagos|281/373 brn|[from] brn\n|upkeep\n|turn|11\n|\n|t:|1781383669\n|move|p1a: Altaria|Roost|p1a: Altaria\n|-heal|p1a: Altaria|230/278\n|-singleturn|p1a: Altaria|move: Roost\n|move|p2a: Terapagos|Dark Pulse|p1a: Altaria\n|-damage|p1a: Altaria|110/278\n|\n|-damage|p2a: Terapagos|258/373 brn|[from] brn\n|upkeep\n|turn|12\n|\n|t:|1781383672\n|move|p1a: Altaria|Roost|p1a: Altaria\n|-heal|p1a: Altaria|249/278\n|-singleturn|p1a: Altaria|move: Roost\n|move|p2a: Terapagos|Dark Pulse|p1a: Altaria\n|-damage|p1a: Altaria|123/278\n|\n|-damage|p2a: Terapagos|235/373 brn|[from] brn\n|upkeep\n|turn|13\n|\n|t:|1781383675\n|move|p1a: Altaria|Roost|p1a: Altaria\n|-heal|p1a: Altaria|262/278\n|-singleturn|p1a: Altaria|move: Roost\n|move|p2a: Terapagos|Tera Starstorm|p1a: Altaria\n|-damage|p1a: Altaria|88/278\n|\n|-damage|p2a: Terapagos|212/373 brn|[from] brn\n|upkeep\n|turn|14\n|\n|t:|1781383681\n|move|p1a: Altaria|Roost|p1a: Altaria\n|-heal|p1a: Altaria|227/278\n|-singleturn|p1a: Altaria|move: Roost\n|move|p2a: Terapagos|Calm Mind|p2a: Terapagos\n|-boost|p2a: Terapagos|spa|1\n|-boost|p2a: Terapagos|spd|1\n|\n|-damage|p2a: Terapagos|189/373 brn|[from] brn\n|upkeep\n|turn|15\n|\n|t:|1781383685\n|move|p1a: Altaria|Brave Bird|p2a: Terapagos\n|-damage|p2a: Terapagos|92/373 brn\n|-damage|p1a: Altaria|195/278|[from] Recoil\n|move|p2a: Terapagos|Dark Pulse|p1a: Altaria\n|-damage|p1a: Altaria|59/278\n|\n|-damage|p2a: Terapagos|69/373 brn|[from] brn\n|upkeep\n|turn|16\n|\n|t:|1781383693\n|move|p1a: Altaria|Brave Bird|p2a: Terapagos\n|-damage|p2a: Terapagos|0 fnt\n|faint|p2a: Terapagos\n|detailschange|p2: Terapagos|Terapagos, L77, M|[silent]\n|-damage|p1a: Altaria|36/278|[from] Recoil\n|\n|upkeep\n|\n|t:|1781383711\n|switch|p2a: Whimsicott|Whimsicott, L84, M|238/238\n|-damage|p2a: Whimsicott|209/238|[from] Stealth Rock\n|turn|17\n|\n|t:|1781383721\n|move|p2a: Whimsicott|Moonblast|p1a: Altaria\n|-supereffective|p1a: Altaria\n|-damage|p1a: Altaria|0 fnt\n|faint|p1a: Altaria\n|\n|-heal|p2a: Whimsicott|223/238|[from] item: Leftovers\n|upkeep\n|\n|t:|1781383725\n|switch|p1a: Orthworm|Orthworm, L88, F|266/266\n|turn|18\n|\n|t:|1781383735\n|switch|p2a: Ceruledge|Ceruledge, L78, M|245/245\n|move|p1a: Orthworm|Spikes|p2a: Ceruledge\n|-sidestart|p2: Minkkeye|Spikes\n|\n|upkeep\n|turn|19\n|\n|t:|1781383751\n|-terastallize|p1a: Orthworm|Fighting\n|move|p2a: Ceruledge|Bitter Blade|p1a: Orthworm\n|-damage|p1a: Orthworm|199/266\n|move|p1a: Orthworm|Shed Tail|p1a: Orthworm\n|-start|p1a: Orthworm|Substitute|[from] move: Shed Tail\n|-damage|p1a: Orthworm|66/266\n|\n|t:|1781383756\n|switch|p1a: Electivire|Electivire, L84, M|263/263|[from] Shed Tail\n|\n|upkeep\n|turn|20\n|\n|t:|1781383782\n|move|p1a: Electivire|Bulk Up|p1a: Electivire\n|-boost|p1a: Electivire|atk|1\n|-boost|p1a: Electivire|def|1\n|move|p2a: Ceruledge|Poltergeist|p1a: Electivire\n|-activate|p1a: Electivire|move: Poltergeist|Life Orb\n|-end|p1a: Electivire|Substitute\n|\n|upkeep\n|turn|21\n|\n|t:|1781383795\n|move|p1a: Electivire|Earthquake|p2a: Ceruledge\n|-supereffective|p2a: Ceruledge\n|-damage|p2a: Ceruledge|0 fnt\n|faint|p2a: Ceruledge\n|-damage|p1a: Electivire|237/263|[from] item: Life Orb\n|\n|upkeep\n|inactive|Minkkeye has 270 seconds left.\n|\n|t:|1781383811\n|switch|p2a: Cyclizar|Cyclizar, L83, F|252/252\n|turn|22\n|inactive|Minkkeye has 270 seconds left.\n|\n|t:|1781383822\n|move|p2a: Cyclizar|Draco Meteor|p1a: Electivire\n|-damage|p1a: Electivire|117/263\n|-unboost|p2a: Cyclizar|spa|2\n|move|p1a: Electivire|Ice Punch|p2a: Cyclizar\n|-supereffective|p2a: Cyclizar\n|-damage|p2a: Cyclizar|0 fnt\n|faint|p2a: Cyclizar\n|-damage|p1a: Electivire|91/263|[from] item: Life Orb\n|\n|upkeep\n|inactive|Minkkeye has 270 seconds left.\n|\n|t:|1781383844\n|switch|p2a: Brute Bonnet|Brute Bonnet, L80|309/309\n|-damage|p2a: Brute Bonnet|271/309|[from] Stealth Rock\n|-damage|p2a: Brute Bonnet|233/309|[from] Spikes\n|turn|23\n|\n|t:|1781383852\n|move|p1a: Electivire|Ice Punch|p2a: Brute Bonnet\n|-supereffective|p2a: Brute Bonnet\n|-damage|p2a: Brute Bonnet|9/309\n|-status|p2a: Brute Bonnet|frz\n|-damage|p1a: Electivire|65/263|[from] item: Life Orb\n|-curestatus|p2a: Brute Bonnet|frz|[msg]\n|move|p2a: Brute Bonnet|Spore|p1a: Electivire\n|-status|p1a: Electivire|slp|[from] move: Spore\n|\n|-heal|p2a: Brute Bonnet|28/309|[from] item: Leftovers\n|upkeep\n|turn|24\n|\n|t:|1781383857\n|cant|p1a: Electivire|slp\n|move|p2a: Brute Bonnet|Crunch|p1a: Electivire\n|-damage|p1a: Electivire|0 fnt\n|faint|p1a: Electivire\n|\n|-heal|p2a: Brute Bonnet|47/309|[from] item: Leftovers\n|upkeep\n|\n|t:|1781383859\n|switch|p1a: Azelf|Azelf, L82|257/257\n|turn|25\n|\n|t:|1781383865\n|move|p2a: Brute Bonnet|Sucker Punch|p1a: Azelf\n|-supereffective|p1a: Azelf\n|-damage|p1a: Azelf|69/257\n|move|p1a: Azelf|U-turn|p2a: Brute Bonnet\n|-supereffective|p2a: Brute Bonnet\n|-damage|p2a: Brute Bonnet|0 fnt\n|faint|p2a: Brute Bonnet\n|-end|p2a: Brute Bonnet|Protosynthesis|[silent]\n|\n|t:|1781383873\n|switch|p1a: Slowbro|Slowbro, L85, F|128/300|[from] U-turn\n|\n|-heal|p1a: Slowbro|146/300|[from] item: Leftovers\n|upkeep\n|\n|t:|1781383881\n|switch|p2a: Alomomola|Alomomola, L87, M|429/429\n|turn|26\n|\n|t:|1781383897\n|move|p2a: Alomomola|Scald|p1a: Slowbro\n|-resisted|p1a: Slowbro\n|-damage|p1a: Slowbro|119/300\n|move|p1a: Slowbro|Thunder Wave|p2a: Alomomola|[miss]\n|-miss|p1a: Slowbro|p2a: Alomomola\n|\n|-heal|p1a: Slowbro|137/300|[from] item: Leftovers\n|upkeep\n|turn|27\n|\n|t:|1781383901\n|move|p2a: Alomomola|Wish|p2a: Alomomola\n|move|p1a: Slowbro|Thunder Wave|p2a: Alomomola\n|-status|p2a: Alomomola|par\n|\n|-heal|p1a: Slowbro|155/300|[from] item: Leftovers\n|upkeep\n|turn|28\n|\n|t:|1781383906\n|move|p1a: Slowbro|Psychic Noise|p2a: Alomomola\n|-crit|p2a: Alomomola\n|-damage|p2a: Alomomola|242/429 par\n|-start|p2a: Alomomola|move: Heal Block\n|move|p2a: Alomomola|Flip Turn|p1a: Slowbro\n|-resisted|p1a: Slowbro\n|-damage|p1a: Slowbro|131/300\n|\n|t:|1781383909\n|switch|p2a: Whimsicott|Whimsicott, L84, M|223/238|[from] Flip Turn\n|-damage|p2a: Whimsicott|194/238|[from] Stealth Rock\n|-damage|p2a: Whimsicott|165/238|[from] Spikes\n|\n|-heal|p2a: Whimsicott|238/238|[from] move: Wish|[wisher] Alomomola\n|-heal|p1a: Slowbro|149/300|[from] item: Leftovers\n|upkeep\n|turn|29\n|\n|t:|1781383920\n|switch|p1a: Orthworm|Orthworm, L88, F, tera:Fighting|66/266\n|move|p2a: Whimsicott|Substitute|p2a: Whimsicott\n|-start|p2a: Whimsicott|Substitute\n|-damage|p2a: Whimsicott|179/238\n|\n|-heal|p2a: Whimsicott|193/238|[from] item: Leftovers\n|-heal|p1a: Orthworm|82/266|[from] item: Leftovers\n|upkeep\n|turn|30\n|\n|t:|1781383927\n|move|p2a: Whimsicott|Moonblast|p1a: Orthworm\n|-supereffective|p1a: Orthworm\n|-damage|p1a: Orthworm|0 fnt\n|faint|p1a: Orthworm\n|\n|-heal|p2a: Whimsicott|207/238|[from] item: Leftovers\n|upkeep\n|\n|t:|1781383937\n|switch|p1a: Slowbro|Slowbro, L85, F|249/300\n|turn|31\n|\n|t:|1781383948\n|move|p2a: Whimsicott|Encore||[still]\n|-fail|p2a: Whimsicott\n|move|p1a: Slowbro|Psychic Noise|p2a: Whimsicott\n|-damage|p2a: Whimsicott|117/238\n|-start|p2a: Whimsicott|move: Heal Block\n|\n|-heal|p1a: Slowbro|267/300|[from] item: Leftovers\n|upkeep\n|turn|32\n|\n|t:|1781383961\n|move|p2a: Whimsicott|Leech Seed|p1a: Slowbro|[miss]\n|-miss|p2a: Whimsicott|p1a: Slowbro\n|move|p1a: Slowbro|Psychic Noise|p2a: Whimsicott\n|-damage|p2a: Whimsicott|26/238\n|\n|-heal|p1a: Slowbro|285/300|[from] item: Leftovers\n|-end|p2a: Whimsicott|move: Heal Block\n|upkeep\n|turn|33\n|\n|t:|1781383967\n|move|p2a: Whimsicott|Leech Seed|p1a: Slowbro\n|-start|p1a: Slowbro|move: Leech Seed\n|move|p1a: Slowbro|Psychic Noise|p2a: Whimsicott\n|-damage|p2a: Whimsicott|0 fnt\n|faint|p2a: Whimsicott\n|\n|-heal|p1a: Slowbro|300/300|[from] item: Leftovers\n|upkeep\n|\n|t:|1781383970\n|switch|p2a: Alomomola|Alomomola, L87, M|385/429 par\n|turn|34\n|\n|t:|1781383972\n|move|p1a: Slowbro|Psychic Noise|p2a: Alomomola\n|-damage|p2a: Alomomola|249/429 par\n|-start|p2a: Alomomola|move: Heal Block\n|cant|p2a: Alomomola|move: Heal Block|Wish\n|\n|-damage|p1a: Slowbro|263/300|[from] Leech Seed|[of] p2a: Alomomola\n|upkeep\n|turn|35\n|\n|t:|1781383986\n|switch|p1a: Azelf|Azelf, L82|69/257\n|move|p2a: Alomomola|Protect||[still]\n|-fail|p2a: Alomomola\n|\n|-end|p2a: Alomomola|move: Heal Block\n|upkeep\n|turn|36\n|\n|t:|1781383991\n|move|p1a: Azelf|Psychic|p2a: Alomomola\n|-damage|p2a: Alomomola|9/429 par\n|move|p2a: Alomomola|Wish|p2a: Alomomola\n|\n|upkeep\n|turn|37\n|\n|t:|1781383994\n|move|p2a: Alomomola|Protect|p2a: Alomomola\n|-singleturn|p2a: Alomomola|Protect\n|move|p1a: Azelf|Psychic|p2a: Alomomola\n|-activate|p2a: Alomomola|move: Protect\n|\n|-heal|p2a: Alomomola|223/429 par|[from] move: Wish|[wisher] Alomomola\n|upkeep\n|turn|38\n|\n|t:|1781384001\n|move|p1a: Azelf|Psychic|p2a: Alomomola\n|-damage|p2a: Alomomola|0 fnt\n|faint|p2a: Alomomola\n|\n|win|kingslugma13\n", "inputlog": ">version a8376a258c1d4662feba110a92103f3664a72141\n>start {\"formatid\":\"gen9randombattle@@@Best of = 3\",\"seed\":\"sodium,761817ab268d68733a6d76c35d4ed5ab\"}\n>player p1 {\"name\":\"kingslugma13\",\"avatar\":\"2\",\"rating\":0,\"seed\":\"sodium,d1852877b7ad2006183067f5cc402077\"}\n>player p2 {\"name\":\"Minkkeye\",\"avatar\":\"ltsurge\",\"rating\":0,\"seed\":\"sodium,5a2749c8fed26da7891775a6870e37c0\"}\n>p1 move stealthrock\n>p2 move calmmind\n>p1 move superpower\n>p2 move calmmind\n>p1 move superpower\n>p2 move terastarstorm terastallize\n>p1 switch 5\n>p1 move thunderwave\n>p2 move darkpulse\n>p1 switch 4\n>p2 move darkpulse\n>p1 move roost\n>p2 move rest\n>p1 move willowisp\n>p2 move terastarstorm\n>p1 move roost\n>p2 move darkpulse\n>p1 move roost\n>p2 move darkpulse\n>p1 move roost\n>p2 move darkpulse\n>p1 move roost\n>p2 move darkpulse\n>p1 move roost\n>p2 move darkpulse\n>p1 move roost\n>p2 move terastarstorm\n>p1 move roost\n>p2 move calmmind\n>p1 move bravebird\n>p2 move darkpulse\n>p1 move bravebird\n>p2 move rest\n>p2 switch 4\n>p1 move bravebird\n>p2 move moonblast\n>p1 switch 3\n>p1 move spikes\n>p2 switch 5\n>p1 move shedtail terastallize\n>p2 move bitterblade\n>p1 switch 2\n>p1 move bulkup\n>p2 move poltergeist\n>p1 move earthquake\n>p2 move bitterblade\n>p2 switch 2\n>p1 move icepunch\n>p2 move dracometeor\n>p2 switch 3\n>p1 move icepunch\n>p2 move spore\n>p1 move icepunch\n>p2 move crunch\n>p1 switch 6\n>p1 move uturn\n>p2 move suckerpunch\n>p1 switch 4\n>p2 switch 6\n>p1 move thunderwave\n>p2 move scald\n>p1 move thunderwave\n>p2 move wish\n>p1 move psychicnoise\n>p2 move flipturn\n>p2 switch 5\n>p1 switch 2\n>p2 move substitute\n>p1 move heavyslam\n>p2 move moonblast\n>p1 switch 2\n>p1 move psychicnoise\n>p2 move encore\n>p1 move psychicnoise\n>p2 move leechseed\n>p1 move psychicnoise\n>p2 move leechseed\n>p2 switch 5\n>p1 move psychicnoise\n>p2 move wish\n>p1 switch 4\n>p2 move protect\n>p1 move psychic\n>p2 move wish\n>p1 move psychic\n>p2 move protect\n>p1 move psychic\n>p2 move wish", "uploadtime": 1781384002, "views": 9, "formatid": "gen9randombattle", "rating": null, "private": 0, "password": null}