{"id": "gen9randombattle-2631407134", "format": "[Gen 9] Random Battle", "players": ["opik8", "lopunny luvr"], "log": "|j|\u2606opik8\n|j|\u2606lopunny luvr\n|t:|1781380919\n|gametype|singles\n|player|p1|opik8|colress|2015\n|player|p2|lopunny luvr|sailor|2113\n|gen|9\n|tier|[Gen 9] Random Battle\n|rated|\n|rule|Species Clause: Limit one of each Pok\u00e9mon\n|rule|HP Percentage Mod: HP is shown in percentages\n|rule|Sleep Clause Mod: Limit one foe put to sleep\n|rule|Illusion Level Mod: Illusion disguises the Pok\u00e9mon's true level\n|\n|t:|1781380919\n|teamsize|p1|6\n|teamsize|p2|6\n|start\n|switch|p1a: Girafarig|Girafarig, L89, M|269/269\n|switch|p2a: Great Tusk|Great Tusk, L77|304/304\n|turn|1\n|inactive|Battle timer is ON: inactive players will automatically lose when time's up. (requested by opik8)\n|\n|t:|1781380944\n|-end|p2a: Great Tusk|Protosynthesis|[silent]\n|switch|p2a: Wyrdeer|Wyrdeer, L87, F|321/321\n|-ability|p2a: Wyrdeer|Intimidate|boost\n|-unboost|p1a: Girafarig|atk|1\n|move|p1a: Girafarig|Psyshock|p2a: Wyrdeer\n|-resisted|p2a: Wyrdeer\n|-damage|p2a: Wyrdeer|273/321\n|\n|upkeep\n|turn|2\n|\n|t:|1781380956\n|switch|p1a: Spiritomb|Spiritomb, L89, M|234/234\n|move|p2a: Wyrdeer|Body Slam|p1a: Spiritomb\n|-immune|p1a: Spiritomb\n|\n|upkeep\n|turn|3\n|\n|t:|1781380974\n|switch|p2a: Alcremie|Alcremie-Ruby-Swirl, L90, F|263/263\n|move|p1a: Spiritomb|Foul Play|p2a: Alcremie\n|-resisted|p2a: Alcremie\n|-damage|p2a: Alcremie|222/263\n|\n|-heal|p2a: Alcremie|238/263|[from] item: Leftovers\n|upkeep\n|turn|4\n|\n|t:|1781380996\n|switch|p1a: Girafarig|Girafarig, L89, M|269/269\n|move|p2a: Alcremie|Alluring Voice|p1a: Girafarig\n|-damage|p1a: Girafarig|178/269\n|\n|-heal|p2a: Alcremie|254/263|[from] item: Leftovers\n|upkeep\n|turn|5\n|\n|t:|1781381002\n|switch|p2a: Wyrdeer|Wyrdeer, L87, F|273/321\n|-ability|p2a: Wyrdeer|Intimidate|boost\n|-unboost|p1a: Girafarig|atk|1\n|move|p1a: Girafarig|Nasty Plot|p1a: Girafarig\n|-boost|p1a: Girafarig|spa|2\n|\n|upkeep\n|turn|6\n|\n|t:|1781381012\n|move|p1a: Girafarig|Hyper Voice|p2a: Wyrdeer\n|-damage|p2a: Wyrdeer|125/321\n|move|p2a: Wyrdeer|Body Slam|p1a: Girafarig\n|-crit|p1a: Girafarig\n|-damage|p1a: Girafarig|48/269\n|\n|upkeep\n|turn|7\n|\n|t:|1781381028\n|move|p1a: Girafarig|Hyper Voice|p2a: Wyrdeer\n|-damage|p2a: Wyrdeer|0 fnt\n|faint|p2a: Wyrdeer\n|\n|upkeep\n|inactive|lopunny luvr has 120 seconds left.\n|\n|t:|1781381053\n|switch|p2a: Cramorant|Cramorant, L86, F|261/261\n|turn|8\n|\n|t:|1781381062\n|switch|p2a: Miraidon|Miraidon, L65|238/238\n|-fieldstart|move: Electric Terrain|[from] ability: Hadron Engine|[of] p2a: Miraidon\n|move|p1a: Girafarig|Thunderbolt|p2a: Miraidon\n|-resisted|p2a: Miraidon\n|-damage|p2a: Miraidon|194/238\n|\n|upkeep\n|turn|9\n|\n|t:|1781381065\n|move|p2a: Miraidon|Volt Switch|p1a: Girafarig\n|-damage|p1a: Girafarig|0 fnt\n|faint|p1a: Girafarig\n|\n|t:|1781381072\n|switch|p2a: Alcremie|Alcremie-Ruby-Swirl, L90, F|254/263|[from] Volt Switch\n|\n|-heal|p2a: Alcremie|263/263|[from] item: Leftovers\n|upkeep\n|\n|t:|1781381081\n|switch|p1a: Wugtrio|Wugtrio, L91, M|212/212\n|turn|10\n|\n|t:|1781381097\n|move|p1a: Wugtrio|Liquidation|p2a: Alcremie\n|-damage|p2a: Alcremie|83/263\n|move|p2a: Alcremie|Recover|p2a: Alcremie\n|-heal|p2a: Alcremie|215/263\n|\n|-heal|p2a: Alcremie|231/263|[from] item: Leftovers\n|upkeep\n|turn|11\n|\n|t:|1781381106\n|switch|p2a: Cramorant|Cramorant, L86, F|261/261\n|move|p1a: Wugtrio|Liquidation|p2a: Cramorant\n|-resisted|p2a: Cramorant\n|-damage|p2a: Cramorant|152/261\n|\n|upkeep\n|turn|12\n|\n|t:|1781381114\n|switch|p1a: Spiritomb|Spiritomb, L89, M|234/234\n|move|p2a: Cramorant|Surf|p1a: Spiritomb\n|-formechange|p2a: Cramorant|Cramorant-Gulping|\n|-damage|p1a: Spiritomb|159/234\n|\n|-fieldend|move: Electric Terrain\n|upkeep\n|turn|13\n|\n|t:|1781381130\n|move|p2a: Cramorant|Brave Bird|p1a: Spiritomb\n|-crit|p1a: Spiritomb\n|-damage|p1a: Spiritomb|23/234\n|-damage|p2a: Cramorant|107/261|[from] Recoil\n|move|p1a: Spiritomb|Poltergeist|p2a: Cramorant\n|-activate|p2a: Cramorant|move: Poltergeist|Heavy-Duty Boots\n|-damage|p2a: Cramorant|0 fnt\n|-damage|p1a: Spiritomb|0 fnt|[from] ability: Gulp Missile|[of] p2a: Cramorant\n|-formechange|p2a: Cramorant|Cramorant|\n|faint|p2a: Cramorant\n|faint|p1a: Spiritomb\n|\n|upkeep\n|\n|t:|1781381145\n|switch|p2a: Miraidon|Miraidon, L65|194/238\n|switch|p1a: Wugtrio|Wugtrio, L91, M|212/212\n|-fieldstart|move: Electric Terrain|[from] ability: Hadron Engine|[of] p2a: Miraidon\n|turn|14\n|\n|t:|1781381150\n|switch|p1a: Golurk|Golurk, L87|297/297\n|switch|p2a: Latias|Latias, L79, F|256/256\n|\n|upkeep\n|turn|15\n|inactive|lopunny luvr has 120 seconds left.\n|\n|t:|1781381186\n|move|p2a: Latias|Draco Meteor|p1a: Golurk\n|-damage|p1a: Golurk|126/297\n|-unboost|p2a: Latias|spa|2\n|move|p1a: Golurk|Poltergeist|p2a: Latias\n|-activate|p2a: Latias|move: Poltergeist|Soul Dew\n|-supereffective|p2a: Latias\n|-damage|p2a: Latias|0 fnt\n|faint|p2a: Latias\n|-damage|p1a: Golurk|97/297|[from] item: Life Orb\n|\n|upkeep\n|\n|t:|1781381197\n|switch|p2a: Alcremie|Alcremie-Ruby-Swirl, L90, F|231/263\n|turn|16\n|\n|t:|1781381202\n|switch|p1a: Wugtrio|Wugtrio, L91, M|212/212\n|move|p2a: Alcremie|Alluring Voice|p1a: Wugtrio\n|-damage|p1a: Wugtrio|100/212\n|\n|-heal|p2a: Alcremie|247/263|[from] item: Leftovers\n|upkeep\n|turn|17\n|\n|t:|1781381210\n|move|p1a: Wugtrio|Liquidation|p2a: Alcremie\n|-damage|p2a: Alcremie|85/263\n|move|p2a: Alcremie|Alluring Voice|p1a: Wugtrio\n|-damage|p1a: Wugtrio|0 fnt\n|faint|p1a: Wugtrio\n|\n|-heal|p2a: Alcremie|101/263|[from] item: Leftovers\n|upkeep\n|\n|t:|1781381216\n|switch|p1a: Salamence|Salamence, L77, M|273/273\n|turn|18\n|\n|t:|1781381234\n|move|p1a: Salamence|Earthquake|p2a: Alcremie\n|-damage|p2a: Alcremie|18/263\n|move|p2a: Alcremie|Recover|p2a: Alcremie\n|-heal|p2a: Alcremie|150/263\n|\n|-heal|p2a: Alcremie|166/263|[from] item: Leftovers\n|-fieldend|move: Electric Terrain\n|upkeep\n|turn|19\n|\n|t:|1781381241\n|move|p1a: Salamence|Dragon Dance|p1a: Salamence\n|-boost|p1a: Salamence|atk|1\n|-boost|p1a: Salamence|spe|1\n|move|p2a: Alcremie|Alluring Voice|p1a: Salamence\n|-supereffective|p1a: Salamence\n|-damage|p1a: Salamence|33/273\n|-start|p1a: Salamence|confusion\n|\n|-heal|p2a: Alcremie|182/263|[from] item: Leftovers\n|upkeep\n|turn|20\n|\n|t:|1781381254\n|-activate|p1a: Salamence|confusion\n|-damage|p1a: Salamence|0 fnt|[from] confusion\n|faint|p1a: Salamence\n|move|p2a: Alcremie|Alluring Voice|p1: Salamence|[notarget]\n|-fail|p2a: Alcremie\n|\n|-heal|p2a: Alcremie|198/263|[from] item: Leftovers\n|upkeep\n|\n|t:|1781381261\n|switch|p1a: Latias|Latias, L79, F|256/256\n|turn|21\n|\n|t:|1781381274\n|-terastallize|p1a: Latias|Steel\n|move|p1a: Latias|Calm Mind|p1a: Latias\n|-boost|p1a: Latias|spa|1\n|-boost|p1a: Latias|spd|1\n|move|p2a: Alcremie|Alluring Voice|p1a: Latias\n|-resisted|p1a: Latias\n|-damage|p1a: Latias|226/256\n|-start|p1a: Latias|confusion\n|\n|-heal|p2a: Alcremie|214/263|[from] item: Leftovers\n|upkeep\n|turn|22\n|inactive|lopunny luvr has 120 seconds left.\n|\n|t:|1781381302\n|switch|p2a: Miraidon|Miraidon, L65|194/238\n|-fieldstart|move: Electric Terrain|[from] ability: Hadron Engine|[of] p2a: Miraidon\n|-activate|p1a: Latias|confusion\n|-damage|p1a: Latias|207/256|[from] confusion\n|\n|upkeep\n|turn|23\n|\n|t:|1781381309\n|-activate|p1a: Latias|confusion\n|-damage|p1a: Latias|190/256|[from] confusion\n|move|p2a: Miraidon|Volt Switch|p1a: Latias\n|-damage|p1a: Latias|105/256\n|inactive|lopunny luvr has 120 seconds left.\n|\n|t:|1781381321\n|switch|p2a: Great Tusk|Great Tusk, L77|304/304|[from] Volt Switch\n|\n|upkeep\n|turn|24\n|\n|t:|1781381327\n|-activate|p1a: Latias|confusion\n|move|p1a: Latias|Draco Meteor|p2a: Great Tusk\n|-damage|p2a: Great Tusk|57/304\n|-unboost|p1a: Latias|spa|2\n|move|p2a: Great Tusk|Close Combat|p1a: Latias\n|-supereffective|p1a: Latias\n|-damage|p1a: Latias|0 fnt\n|-unboost|p2a: Great Tusk|def|1\n|-unboost|p2a: Great Tusk|spd|1\n|faint|p1a: Latias\n|\n|upkeep\n|-message|opik8 forfeited.\n|\n|win|lopunny luvr\n", "inputlog": ">version a8376a258c1d4662feba110a92103f3664a72141\n>start {\"formatid\":\"gen9randombattle\",\"seed\":\"sodium,d7709794e6b1048fcdac1aaa88983574\",\"rated\":\"Rated battle\"}\n>player p1 {\"name\":\"opik8\",\"avatar\":\"colress\",\"rating\":2015,\"seed\":\"sodium,6c00099a6d654cc9ecc496de2bb4217e\"}\n>player p2 {\"name\":\"lopunny luvr\",\"avatar\":\"sailor\",\"rating\":2113,\"seed\":\"sodium,ba5e8d091950b72db515a69f14765ce0\"}\n>p1 move psyshock\n>p2 switch 6\n>p1 switch 3\n>p2 move bodyslam\n>p1 move foulplay\n>p2 switch 2\n>p1 switch 3\n>p2 move alluringvoice\n>p1 move nastyplot\n>p2 switch 2\n>p1 move hypervoice\n>p2 move bodyslam\n>p1 move hypervoice\n>p2 move earthquake\n>p2 switch 5\n>p1 move thunderbolt\n>p2 switch 4\n>p1 move psyshock\n>p2 move voltswitch\n>p2 switch 2\n>p1 switch 2\n>p1 move liquidation\n>p2 move recover\n>p1 move liquidation\n>p2 switch 4\n>p1 switch 3\n>p2 move surf\n>p1 move poltergeist\n>p2 move bravebird\n>p1 switch 3\n>p2 switch 2\n>p1 switch 5\n>p2 switch 3\n>p1 move poltergeist\n>p2 move dracometeor\n>p2 switch 4\n>p1 switch 5\n>p2 move alluringvoice\n>p1 move liquidation\n>p2 move alluringvoice\n>p1 switch 4\n>p1 move earthquake\n>p2 move recover\n>p1 move dragondance\n>p2 move alluringvoice\n>p1 move dualwingbeat\n>p2 move alluringvoice\n>p1 switch 6\n>p1 move calmmind terastallize\n>p2 move alluringvoice\n>p1 move psyshock\n>p2 switch 3\n>p1 move dracometeor\n>p2 move voltswitch\n>p2 switch 6\n>p1 move dracometeor\n>p2 move closecombat\n>forcelose p1", "uploadtime": 1781380920, "views": 10, "formatid": "gen9randombattle", "rating": null, "private": 0, "password": null}