{"id": "gen9randombattle-2631445472", "format": "[Gen 9] Random Battle", "players": ["JWC7120000", "bsjsusyahsbd"], "log": "|j|\u2606JWC7120000\n|j|\u2606bsjsusyahsbd\n|t:|1781385559\n|gametype|singles\n|player|p1|JWC7120000|266|1000\n|player|p2|bsjsusyahsbd|1|1000\n|gen|9\n|tier|[Gen 9] Random Battle\n|rated|\n|rule|Species Clause: Limit one of each Pok\u00e9mon\n|rule|HP Percentage Mod: HP is shown in percentages\n|rule|Sleep Clause Mod: Limit one foe put to sleep\n|rule|Illusion Level Mod: Illusion disguises the Pok\u00e9mon's true level\n|\n|t:|1781385559\n|teamsize|p1|6\n|teamsize|p2|6\n|start\n|switch|p1a: Urshifu|Urshifu, L74, F|270/270\n|switch|p2a: Suicune|Suicune, L82|298/298\n|-ability|p2a: Suicune|Pressure\n|turn|1\n|\n|t:|1781385575\n|move|p2a: Suicune|Substitute|p2a: Suicune\n|-start|p2a: Suicune|Substitute\n|-damage|p2a: Suicune|224/298\n|move|p1a: Urshifu|Close Combat|p2a: Suicune\n|-end|p2a: Suicune|Substitute\n|-unboost|p1a: Urshifu|def|1\n|-unboost|p1a: Urshifu|spd|1\n|\n|-heal|p2a: Suicune|242/298|[from] item: Leftovers\n|upkeep\n|turn|2\n|\n|t:|1781385595\n|move|p1a: Urshifu|Close Combat|p2a: Suicune\n|-damage|p2a: Suicune|91/298\n|-unboost|p1a: Urshifu|def|1\n|-unboost|p1a: Urshifu|spd|1\n|move|p2a: Suicune|Scald|p1a: Urshifu\n|-damage|p1a: Urshifu|27/270\n|\n|-heal|p2a: Suicune|109/298|[from] item: Leftovers\n|upkeep\n|turn|3\n|\n|t:|1781385605\n|move|p2a: Suicune|Protect|p2a: Suicune\n|-singleturn|p2a: Suicune|Protect\n|move|p1a: Urshifu|Close Combat|p2a: Suicune\n|-damage|p2a: Suicune|0 fnt\n|-unboost|p1a: Urshifu|def|1\n|-unboost|p1a: Urshifu|spd|1\n|faint|p2a: Suicune\n|\n|upkeep\n|\n|t:|1781385618\n|switch|p2a: Braviary|Braviary-Hisui, L85, M|326/326\n|turn|4\n|\n|t:|1781385627\n|move|p1a: Urshifu|Close Combat|p2a: Braviary\n|-resisted|p2a: Braviary\n|-damage|p2a: Braviary|276/326\n|-unboost|p1a: Urshifu|def|1\n|-unboost|p1a: Urshifu|spd|1\n|move|p2a: Braviary|Agility|p2a: Braviary\n|-boost|p2a: Braviary|spe|2\n|\n|upkeep\n|turn|5\n|inactive|Battle timer is ON: inactive players will automatically lose when time's up. (requested by bsjsusyahsbd)\n|\n|t:|1781385640\n|move|p2a: Braviary|Heat Wave|p1a: Urshifu\n|-damage|p1a: Urshifu|0 fnt\n|faint|p1a: Urshifu\n|\n|upkeep\n|\n|t:|1781385653\n|switch|p1a: Samurott|Samurott-Hisui, L77, M|265/265\n|turn|6\n|\n|t:|1781385664\n|move|p2a: Braviary|Hurricane|p1a: Samurott\n|-damage|p1a: Samurott|0 fnt\n|faint|p1a: Samurott\n|\n|upkeep\n|\n|t:|1781385670\n|switch|p1a: Chansey|Chansey, L85, F|564/564\n|turn|7\n|\n|t:|1781385679\n|move|p2a: Braviary|Hurricane|p1a: Chansey\n|-damage|p1a: Chansey|424/564\n|move|p1a: Chansey|Thunder Wave|p2a: Braviary\n|-status|p2a: Braviary|par\n|\n|upkeep\n|turn|8\n|\n|t:|1781385692\n|move|p2a: Braviary|Agility|p2a: Braviary\n|-boost|p2a: Braviary|spe|2\n|move|p1a: Chansey|Soft-Boiled|p1a: Chansey\n|-heal|p1a: Chansey|564/564\n|\n|upkeep\n|turn|9\n|\n|t:|1781385704\n|move|p2a: Braviary|Hurricane|p1a: Chansey\n|-damage|p1a: Chansey|430/564\n|move|p1a: Chansey|Seismic Toss|p2a: Braviary\n|-damage|p2a: Braviary|191/326 par\n|\n|upkeep\n|turn|10\n|\n|t:|1781385711\n|move|p2a: Braviary|Hurricane|p1a: Chansey\n|-damage|p1a: Chansey|304/564\n|move|p1a: Chansey|Seismic Toss|p2a: Braviary\n|-damage|p2a: Braviary|106/326 par\n|\n|upkeep\n|turn|11\n|\n|t:|1781385718\n|move|p2a: Braviary|Hurricane|p1a: Chansey\n|-damage|p1a: Chansey|182/564\n|move|p1a: Chansey|Seismic Toss|p2a: Braviary\n|-damage|p2a: Braviary|21/326 par\n|\n|upkeep\n|turn|12\n|\n|t:|1781385726\n|move|p2a: Braviary|Psychic|p1a: Chansey\n|-damage|p1a: Chansey|81/564\n|move|p1a: Chansey|Seismic Toss|p2a: Braviary\n|-damage|p2a: Braviary|0 fnt\n|faint|p2a: Braviary\n|\n|upkeep\n|\n|t:|1781385734\n|switch|p2a: Cetitan|Cetitan, L82, M|412/412\n|turn|13\n|\n|t:|1781385738\n|move|p2a: Cetitan|Belly Drum|p2a: Cetitan\n|-damage|p2a: Cetitan|206/412\n|-setboost|p2a: Cetitan|atk|6|[from] move: Belly Drum\n|-enditem|p2a: Cetitan|Sitrus Berry|[eat]\n|-heal|p2a: Cetitan|309/412|[from] item: Sitrus Berry\n|move|p1a: Chansey|Soft-Boiled|p1a: Chansey\n|-heal|p1a: Chansey|363/564\n|\n|upkeep\n|turn|14\n|\n|t:|1781385752\n|move|p2a: Cetitan|Ice Spinner|p1a: Chansey\n|-damage|p1a: Chansey|0 fnt\n|faint|p1a: Chansey\n|\n|upkeep\n|\n|t:|1781385758\n|switch|p1a: Quaquaval|Quaquaval, L79, F|264/264\n|turn|15\n|\n|t:|1781385764\n|-terastallize|p2a: Cetitan|Ice\n|move|p2a: Cetitan|Ice Shard|p1a: Quaquaval\n|-resisted|p1a: Quaquaval\n|-damage|p1a: Quaquaval|119/264\n|move|p1a: Quaquaval|Swords Dance|p1a: Quaquaval\n|-boost|p1a: Quaquaval|atk|2\n|\n|upkeep\n|turn|16\n|\n|t:|1781385779\n|-terastallize|p1a: Quaquaval|Steel\n|move|p2a: Cetitan|Ice Shard|p1a: Quaquaval\n|-resisted|p1a: Quaquaval\n|-damage|p1a: Quaquaval|0 fnt\n|faint|p1a: Quaquaval\n|\n|upkeep\n|\n|t:|1781385787\n|switch|p1a: Pecharunt|Pecharunt, L77|262/262\n|turn|17\n|\n|t:|1781385802\n|move|p1a: Pecharunt|Malignant Chain|p2a: Cetitan\n|-damage|p2a: Cetitan|188/412\n|-status|p2a: Cetitan|tox\n|-start|p2a: Cetitan|confusion|[from] ability: Poison Puppeteer|[of] p1a: Pecharunt\n|-activate|p2a: Cetitan|confusion\n|move|p2a: Cetitan|Earthquake|p1a: Pecharunt\n|-supereffective|p1a: Pecharunt\n|-crit|p1a: Pecharunt\n|-damage|p1a: Pecharunt|0 fnt\n|faint|p1a: Pecharunt\n|\n|-damage|p2a: Cetitan|163/412 tox|[from] psn\n|upkeep\n|\n|t:|1781385815\n|switch|p1a: Leafeon|Leafeon, L88, M|258/258\n|turn|18\n|\n|t:|1781385823\n|-activate|p2a: Cetitan|confusion\n|move|p2a: Cetitan|Ice Shard|p1a: Leafeon\n|-supereffective|p1a: Leafeon\n|-damage|p1a: Leafeon|0 fnt\n|faint|p1a: Leafeon\n|\n|win|bsjsusyahsbd\n|raw|JWC7120000's rating: 1000 &rarr; <strong>1000</strong><br />(+0 for losing)\n|raw|bsjsusyahsbd's rating: 1000 &rarr; <strong>1040</strong><br />(+40 for winning)\n", "uploadtime": 1781385825, "views": 4, "formatid": "gen9randombattle", "rating": 1000, "private": 0, "password": null}