{"id": "gen9randombattle-2631583313", "format": "[Gen 9] Random Battle", "players": ["Shomsnack", "deflexy"], "log": "|j|\u203dShomsnack\n|j|\u2606deflexy\n|t:|1781404542\n|gametype|singles\n|player|p1|Shomsnack|170|1956\n|player|p2|deflexy|1|1952\n|gen|9\n|tier|[Gen 9] Random Battle\n|rated|\n|rule|Species Clause: Limit one of each Pok\u00e9mon\n|rule|HP Percentage Mod: HP is shown in percentages\n|rule|Sleep Clause Mod: Limit one foe put to sleep\n|rule|Illusion Level Mod: Illusion disguises the Pok\u00e9mon's true level\n|\n|t:|1781404542\n|teamsize|p1|6\n|teamsize|p2|6\n|start\n|switch|p1a: Leafeon|Leafeon, L88, F|258/258\n|switch|p2a: Vaporeon|Vaporeon, L86, F|364/364\n|turn|1\n|inactive|Battle timer is ON: inactive players will automatically lose when time's up. (requested by deflexy)\n|\n|t:|1781404552\n|switch|p2a: Meganium|Meganium, L90, M|290/290\n|move|p1a: Leafeon|Swords Dance|p1a: Leafeon\n|-boost|p1a: Leafeon|atk|2\n|\n|upkeep\n|turn|2\n|\n|t:|1781404557\n|move|p1a: Leafeon|Substitute|p1a: Leafeon\n|-start|p1a: Leafeon|Substitute\n|-damage|p1a: Leafeon|194/258\n|move|p2a: Meganium|Knock Off|p1a: Leafeon\n|-activate|p1a: Leafeon|move: Substitute|[damage]\n|\n|-heal|p1a: Leafeon|210/258|[from] item: Leftovers\n|upkeep\n|turn|3\n|\n|t:|1781404560\n|move|p1a: Leafeon|Double-Edge|p2a: Meganium\n|-damage|p2a: Meganium|111/290\n|-damage|p1a: Leafeon|151/258|[from] Recoil\n|move|p2a: Meganium|Knock Off|p1a: Leafeon\n|-end|p1a: Leafeon|Substitute\n|\n|-heal|p1a: Leafeon|167/258|[from] item: Leftovers\n|-heal|p2a: Meganium|129/290|[from] item: Leftovers\n|upkeep\n|turn|4\n|\n|t:|1781404564\n|move|p1a: Leafeon|Double-Edge|p2a: Meganium\n|-damage|p2a: Meganium|0 fnt\n|faint|p2a: Meganium\n|-damage|p1a: Leafeon|124/258|[from] Recoil\n|\n|-heal|p1a: Leafeon|140/258|[from] item: Leftovers\n|upkeep\n|\n|t:|1781404575\n|switch|p2a: Bombirdier|Bombirdier, L85, M|258/258\n|turn|5\n|\n|t:|1781404592\n|move|p1a: Leafeon|Double-Edge|p2a: Bombirdier\n|-damage|p2a: Bombirdier|53/258\n|-damage|p1a: Leafeon|72/258|[from] Recoil\n|move|p2a: Bombirdier|Brave Bird|p1a: Leafeon\n|-supereffective|p1a: Leafeon\n|-damage|p1a: Leafeon|0 fnt\n|faint|p1a: Leafeon\n|-damage|p2a: Bombirdier|29/258|[from] Recoil\n|\n|upkeep\n|\n|t:|1781404601\n|switch|p1a: Girafarig|Girafarig, L89, M|269/269\n|turn|6\n|\n|t:|1781404608\n|move|p1a: Girafarig|Hyper Voice|p2a: Bombirdier\n|-damage|p2a: Bombirdier|0 fnt\n|faint|p2a: Bombirdier\n|\n|upkeep\n|\n|t:|1781404613\n|switch|p2a: Piloswine|Piloswine, L85, M|309/309\n|turn|7\n|\n|t:|1781404626\n|move|p1a: Girafarig|Nasty Plot|p1a: Girafarig\n|-boost|p1a: Girafarig|spa|2\n|move|p2a: Piloswine|Stealth Rock|p1a: Girafarig\n|-sidestart|p1: Shomsnack|move: Stealth Rock\n|\n|upkeep\n|turn|8\n|\n|t:|1781404632\n|move|p1a: Girafarig|Hyper Voice|p2a: Piloswine\n|-damage|p2a: Piloswine|140/309\n|move|p2a: Piloswine|Earthquake|p1a: Girafarig\n|-damage|p1a: Girafarig|172/269\n|\n|upkeep\n|turn|9\n|\n|t:|1781404640\n|move|p2a: Piloswine|Ice Shard|p1a: Girafarig\n|-damage|p1a: Girafarig|138/269\n|move|p1a: Girafarig|Hyper Voice|p2a: Piloswine\n|-damage|p2a: Piloswine|0 fnt\n|faint|p2a: Piloswine\n|\n|upkeep\n|\n|t:|1781404643\n|switch|p2a: Mimikyu|Mimikyu, L79, F|216/216\n|turn|10\n|\n|t:|1781404649\n|move|p1a: Girafarig|Psyshock|p2a: Mimikyu\n|-activate|p2a: Mimikyu|ability: Disguise\n|-damage|p2a: Mimikyu|216/216\n|detailschange|p2a: Mimikyu|Mimikyu-Busted, L79, F\n|-damage|p2a: Mimikyu|189/216|[from] pokemon: Mimikyu-Busted\n|move|p2a: Mimikyu|Swords Dance|p2a: Mimikyu\n|-boost|p2a: Mimikyu|atk|2\n|\n|upkeep\n|turn|11\n|-message|deflexy forfeited.\n|\n|win|Shomsnack\n", "inputlog": ">version a8376a258c1d4662feba110a92103f3664a72141\n>start {\"formatid\":\"gen9randombattle\",\"seed\":\"sodium,f0695cf0565c19f0676ccd174d9b4bab\",\"rated\":\"Rated battle\"}\n>player p1 {\"name\":\"Shomsnack\",\"avatar\":\"170\",\"rating\":1956,\"seed\":\"sodium,ac6169e4d0b96c8bb14096545cc98597\"}\n>player p2 {\"name\":\"deflexy\",\"avatar\":\"1\",\"rating\":1952,\"seed\":\"sodium,5326ea92cabada1788ebf01a65b0bb4a\"}\n>p1 move swordsdance\n>p2 switch 6\n>p1 move substitute\n>p2 move knockoff\n>p1 move doubleedge\n>p2 move knockoff\n>p1 move doubleedge\n>p2 move energyball\n>p2 switch 2\n>p1 move doubleedge\n>p2 move bravebird\n>p1 switch 3\n>p1 move hypervoice\n>p2 move bravebird\n>p2 switch 4\n>p1 move nastyplot\n>p2 move stealthrock\n>p1 move hypervoice\n>p2 move earthquake\n>p1 move hypervoice\n>p2 move iceshard\n>p2 switch 5\n>p1 move psyshock\n>p2 move swordsdance\n>forcelose p2", "uploadtime": 1781404543, "views": 8, "formatid": "gen9randombattle", "rating": null, "private": 0, "password": null}