{"id": "gen9randombattle-2631597543", "format": "[Gen 9] Random Battle", "players": ["nickolassbomfim", "LinkNinjaTC11"], "log": "|j|\u2606nickolassbomfim\n|j|\u2606LinkNinjaTC11\n|t:|1781406522\n|gametype|singles\n|player|p1|nickolassbomfim|red-masters|1989\n|player|p2|LinkNinjaTC11|veteran|1946\n|gen|9\n|tier|[Gen 9] Random Battle\n|rated|\n|rule|Species Clause: Limit one of each Pok\u00e9mon\n|rule|HP Percentage Mod: HP is shown in percentages\n|rule|Sleep Clause Mod: Limit one foe put to sleep\n|rule|Illusion Level Mod: Illusion disguises the Pok\u00e9mon's true level\n|\n|t:|1781406522\n|teamsize|p1|6\n|teamsize|p2|6\n|start\n|switch|p1a: Oinkologne|Oinkologne, L92, M|352/352\n|switch|p2a: Rabsca|Rabsca, L91, M|284/284\n|turn|1\n|inactive|Battle timer is ON: inactive players will automatically lose when time's up. (requested by LinkNinjaTC11)\n|\n|t:|1781406537\n|switch|p2a: Poliwrath|Poliwrath, L88, F|302/302\n|move|p1a: Oinkologne|Body Slam|p2a: Poliwrath\n|-damage|p2a: Poliwrath|202/302\n|\n|-heal|p2a: Poliwrath|220/302|[from] item: Leftovers\n|upkeep\n|turn|2\n|\n|t:|1781406546\n|switch|p1a: Milotic|Milotic, L83, F|293/293\n|move|p2a: Poliwrath|Knock Off|p1a: Milotic\n|-damage|p1a: Milotic|208/293\n|-enditem|p1a: Milotic|Leftovers|[from] move: Knock Off|[of] p2a: Poliwrath\n|\n|-heal|p2a: Poliwrath|238/302|[from] item: Leftovers\n|upkeep\n|turn|3\n|\n|t:|1781406553\n|move|p1a: Milotic|Scald|p2a: Poliwrath\n|-heal|p2a: Poliwrath|302/302|[from] ability: Water Absorb|[of] p1a: Milotic\n|move|p2a: Poliwrath|Bulk Up|p2a: Poliwrath\n|-boost|p2a: Poliwrath|atk|1\n|-boost|p2a: Poliwrath|def|1\n|\n|upkeep\n|turn|4\n|\n|t:|1781406556\n|move|p1a: Milotic|Haze|p1a: Milotic\n|-clearallboost\n|move|p2a: Poliwrath|Drain Punch|p1a: Milotic\n|-damage|p1a: Milotic|114/293\n|\n|upkeep\n|turn|5\n|\n|t:|1781406560\n|move|p1a: Milotic|Recover|p1a: Milotic\n|-heal|p1a: Milotic|261/293\n|move|p2a: Poliwrath|Drain Punch|p1a: Milotic\n|-damage|p1a: Milotic|171/293\n|\n|upkeep\n|turn|6\n|\n|t:|1781406563\n|move|p1a: Milotic|Ice Beam|p2a: Poliwrath\n|-resisted|p2a: Poliwrath\n|-damage|p2a: Poliwrath|273/302\n|-status|p2a: Poliwrath|frz\n|cant|p2a: Poliwrath|frz\n|\n|-heal|p2a: Poliwrath|291/302 frz|[from] item: Leftovers\n|upkeep\n|turn|7\n|\n|t:|1781406568\n|switch|p1a: Veluza|Veluza, L85, F|292/292\n|cant|p2a: Poliwrath|frz\n|\n|-heal|p2a: Poliwrath|302/302 frz|[from] item: Leftovers\n|upkeep\n|turn|8\n|\n|t:|1781406579\n|switch|p2a: Rabsca|Rabsca, L91, M|284/284\n|move|p1a: Veluza|Fillet Away|p1a: Veluza\n|-boost|p1a: Veluza|atk|2\n|-boost|p1a: Veluza|spa|2\n|-boost|p1a: Veluza|spe|2\n|-damage|p1a: Veluza|146/292\n|-enditem|p1a: Veluza|Sitrus Berry|[eat]\n|-heal|p1a: Veluza|219/292|[from] item: Sitrus Berry\n|\n|upkeep\n|turn|9\n|\n|t:|1781406582\n|move|p1a: Veluza|Night Slash|p2a: Rabsca\n|-supereffective|p2a: Rabsca\n|-damage|p2a: Rabsca|2/284\n|move|p2a: Rabsca|Bug Buzz|p1a: Veluza\n|-supereffective|p1a: Veluza\n|-damage|p1a: Veluza|0 fnt\n|faint|p1a: Veluza\n|\n|upkeep\n|\n|t:|1781406590\n|switch|p1a: Goodra|Goodra, L85, F|292/292\n|turn|10\n|\n|t:|1781406596\n|switch|p2a: Poliwrath|Poliwrath, L88, F|302/302 frz\n|move|p1a: Goodra|Earthquake|p2a: Poliwrath\n|-damage|p2a: Poliwrath|231/302 frz\n|\n|-heal|p2a: Poliwrath|249/302 frz|[from] item: Leftovers\n|upkeep\n|turn|11\n|\n|t:|1781406599\n|move|p1a: Goodra|Draco Meteor|p2a: Poliwrath\n|-damage|p2a: Poliwrath|98/302 frz\n|-unboost|p1a: Goodra|spa|2\n|cant|p2a: Poliwrath|frz\n|\n|-heal|p2a: Poliwrath|116/302 frz|[from] item: Leftovers\n|upkeep\n|turn|12\n|\n|t:|1781406603\n|switch|p1a: Forretress|Forretress, L84, F|263/263\n|switch|p2a: Dewgong|Dewgong, L94, M|322/322\n|\n|upkeep\n|turn|13\n|\n|t:|1781406607\n|move|p2a: Dewgong|Surf|p1a: Forretress\n|-damage|p1a: Forretress|143/263\n|move|p1a: Forretress|Stealth Rock|p2a: Dewgong\n|-sidestart|p2: LinkNinjaTC11|move: Stealth Rock\n|\n|-heal|p1a: Forretress|159/263|[from] item: Leftovers\n|upkeep\n|turn|14\n|\n|t:|1781406612\n|switch|p1a: Milotic|Milotic, L83, F|171/293\n|move|p2a: Dewgong|Surf|p1a: Milotic\n|-resisted|p1a: Milotic\n|-damage|p1a: Milotic|136/293\n|\n|upkeep\n|turn|15\n|\n|t:|1781406616\n|move|p2a: Dewgong|Knock Off|p1a: Milotic\n|-damage|p1a: Milotic|87/293\n|move|p1a: Milotic|Recover|p1a: Milotic\n|-heal|p1a: Milotic|234/293\n|\n|upkeep\n|turn|16\n|\n|t:|1781406619\n|switch|p1a: Oinkologne|Oinkologne, L92, M|352/352\n|move|p2a: Dewgong|Encore||[still]\n|-fail|p2a: Dewgong\n|\n|upkeep\n|turn|17\n|\n|t:|1781406622\n|move|p2a: Dewgong|Knock Off|p1a: Oinkologne\n|-damage|p1a: Oinkologne|287/352\n|-enditem|p1a: Oinkologne|Leftovers|[from] move: Knock Off|[of] p2a: Dewgong\n|move|p1a: Oinkologne|Body Slam|p2a: Dewgong\n|-damage|p2a: Dewgong|211/322\n|\n|upkeep\n|turn|18\n|\n|t:|1781406625\n|switch|p2a: Poliwrath|Poliwrath, L88, F|116/302 frz\n|-damage|p2a: Poliwrath|98/302 frz|[from] Stealth Rock\n|move|p1a: Oinkologne|Body Slam|p2a: Poliwrath\n|-damage|p2a: Poliwrath|0 fnt\n|faint|p2a: Poliwrath\n|\n|upkeep\n|\n|t:|1781406628\n|switch|p2a: Munkidori|Munkidori, L79, M|269/269\n|-damage|p2a: Munkidori|236/269|[from] Stealth Rock\n|turn|19\n|\n|t:|1781406636\n|switch|p1a: Forretress|Forretress, L84, F|159/263\n|move|p2a: Munkidori|Focus Blast|p1a: Forretress\n|-damage|p1a: Forretress|0 fnt\n|faint|p1a: Forretress\n|\n|upkeep\n|\n|t:|1781406640\n|switch|p1a: Goodra|Goodra, L85, F|292/292\n|turn|20\n|\n|t:|1781406642\n|switch|p2a: Dewgong|Dewgong, L94, M|211/322\n|move|p1a: Goodra|Earthquake|p2a: Dewgong\n|-damage|p2a: Dewgong|140/322\n|\n|upkeep\n|turn|21\n|\n|t:|1781406647\n|switch|p1a: Oinkologne|Oinkologne, L92, M|287/352\n|move|p2a: Dewgong|Triple Axel|p1a: Oinkologne\n|-damage|p1a: Oinkologne|275/352\n|-damage|p1a: Oinkologne|254/352\n|-damage|p1a: Oinkologne|223/352\n|-hitcount|p1a: Oinkologne|3\n|\n|upkeep\n|turn|22\n|\n|t:|1781406653\n|switch|p2a: Rabsca|Rabsca, L91, M|2/284\n|move|p1a: Oinkologne|Body Slam|p2a: Rabsca\n|-damage|p2a: Rabsca|0 fnt\n|faint|p2a: Rabsca\n|\n|upkeep\n|\n|t:|1781406656\n|switch|p2a: Munkidori|Munkidori, L79, M|236/269\n|-damage|p2a: Munkidori|203/269|[from] Stealth Rock\n|turn|23\n|\n|t:|1781406661\n|move|p2a: Munkidori|Psyshock|p1a: Oinkologne\n|-damage|p1a: Oinkologne|76/352\n|-status|p1a: Oinkologne|tox|[from] ability: Toxic Chain|[of] p2a: Munkidori\n|move|p1a: Oinkologne|Body Slam|p2a: Munkidori\n|-damage|p2a: Munkidori|52/269\n|\n|-damage|p1a: Oinkologne|54/352 tox|[from] psn\n|upkeep\n|turn|24\n|\n|t:|1781406665\n|move|p2a: Munkidori|Psyshock|p1a: Oinkologne\n|-damage|p1a: Oinkologne|0 fnt\n|faint|p1a: Oinkologne\n|\n|upkeep\n|\n|t:|1781406670\n|switch|p1a: Kingambit|Kingambit, L74, F|270/270\n|-activate|p1a: Kingambit|ability: Supreme Overlord\n|-start|p1a: Kingambit|fallen3|[silent]\n|turn|25\n|\n|t:|1781406678\n|switch|p2a: Dewgong|Dewgong, L94, M|140/322\n|move|p1a: Kingambit|Kowtow Cleave|p2a: Dewgong\n|-crit|p2a: Dewgong\n|-damage|p2a: Dewgong|0 fnt\n|faint|p2a: Dewgong\n|\n|upkeep\n|\n|t:|1781406688\n|switch|p2a: Munkidori|Munkidori, L79, M|52/269\n|-damage|p2a: Munkidori|19/269|[from] Stealth Rock\n|turn|26\n|\n|t:|1781406695\n|-end|p1a: Kingambit|fallen3|[silent]\n|switch|p1a: Goodra|Goodra, L85, F|292/292\n|move|p2a: Munkidori|Focus Blast|p1a: Goodra|[miss]\n|-miss|p2a: Munkidori|p1a: Goodra\n|\n|upkeep\n|turn|27\n|\n|t:|1781406698\n|move|p2a: Munkidori|Focus Blast|p1a: Goodra\n|-damage|p1a: Goodra|227/292\n|move|p1a: Goodra|Earthquake|p2a: Munkidori\n|-supereffective|p2a: Munkidori\n|-damage|p2a: Munkidori|0 fnt\n|faint|p2a: Munkidori\n|\n|upkeep\n|\n|t:|1781406703\n|switch|p2a: Cryogonal|Cryogonal, L89|287/287\n|turn|28\n|\n|t:|1781406706\n|move|p2a: Cryogonal|Rapid Spin|p1a: Goodra\n|-damage|p1a: Goodra|199/292\n|-boost|p2a: Cryogonal|spe|1\n|-sideend|p2: LinkNinjaTC11|Stealth Rock|[from] move: Rapid Spin|[of] p2a: Cryogonal\n|move|p1a: Goodra|Fire Blast|p2a: Cryogonal\n|-supereffective|p2a: Cryogonal\n|-damage|p2a: Cryogonal|167/287\n|\n|upkeep\n|turn|29\n|\n|t:|1781406714\n|-terastallize|p2a: Cryogonal|Electric\n|move|p2a: Cryogonal|Recover|p2a: Cryogonal\n|-heal|p2a: Cryogonal|287/287\n|move|p1a: Goodra|Fire Blast|p2a: Cryogonal\n|-damage|p2a: Cryogonal|227/287\n|\n|upkeep\n|turn|30\n|\n|t:|1781406720\n|move|p2a: Cryogonal|Ice Beam|p1a: Goodra\n|-supereffective|p1a: Goodra\n|-damage|p1a: Goodra|107/292\n|move|p1a: Goodra|Draco Meteor|p2a: Cryogonal\n|-damage|p2a: Cryogonal|128/287\n|-unboost|p1a: Goodra|spa|2\n|\n|upkeep\n|turn|31\n|\n|t:|1781406725\n|switch|p1a: Kingambit|Kingambit, L74, F|270/270\n|-activate|p1a: Kingambit|ability: Supreme Overlord\n|-start|p1a: Kingambit|fallen3|[silent]\n|move|p2a: Cryogonal|Recover|p2a: Cryogonal\n|-heal|p2a: Cryogonal|272/287\n|\n|upkeep\n|turn|32\n|\n|t:|1781406727\n|move|p2a: Cryogonal|Tera Blast|p1a: Kingambit|[anim] Tera Blast Electric\n|-crit|p1a: Kingambit\n|-damage|p1a: Kingambit|113/270\n|move|p1a: Kingambit|Swords Dance|p1a: Kingambit\n|-boost|p1a: Kingambit|atk|2\n|\n|-heal|p1a: Kingambit|129/270|[from] item: Leftovers\n|upkeep\n|turn|33\n|\n|t:|1781406733\n|-terastallize|p1a: Kingambit|Dark\n|move|p1a: Kingambit|Sucker Punch|p2a: Cryogonal\n|-damage|p2a: Cryogonal|0 fnt\n|faint|p2a: Cryogonal\n|\n|-heal|p1a: Kingambit|145/270|[from] item: Leftovers\n|upkeep\n|\n|t:|1781406736\n|switch|p2a: Cyclizar|Cyclizar, L83, F|252/252\n|turn|34\n|\n|t:|1781406739\n|move|p2a: Cyclizar|Draco Meteor|p1a: Kingambit\n|-damage|p1a: Kingambit|1/270\n|-unboost|p2a: Cyclizar|spa|2\n|move|p1a: Kingambit|Kowtow Cleave|p2a: Cyclizar\n|-damage|p2a: Cyclizar|0 fnt\n|faint|p2a: Cyclizar\n|\n|win|nickolassbomfim\n", "inputlog": ">version a8376a258c1d4662feba110a92103f3664a72141\n>start {\"formatid\":\"gen9randombattle\",\"seed\":\"sodium,dbf3bdf234a6715fa3434cb8191b7061\",\"rated\":\"Rated battle\"}\n>player p1 {\"name\":\"nickolassbomfim\",\"avatar\":\"red-masters\",\"rating\":1989,\"seed\":\"sodium,6a0f2c20f7d12099f23385c7b0de325e\"}\n>player p2 {\"name\":\"LinkNinjaTC11\",\"avatar\":\"veteran\",\"rating\":1946,\"seed\":\"sodium,6f8eef75ce06108192f66a5740df1ca2\"}\n>p1 move bodyslam\n>p2 switch 3\n>p1 switch 4\n>p2 move knockoff\n>p1 move scald\n>p2 move bulkup\n>p1 move haze\n>p2 move drainpunch\n>p1 move recover\n>p2 move drainpunch\n>p1 move icebeam\n>p2 move drainpunch\n>p1 switch 2\n>p2 move drainpunch\n>p1 move filletaway\n>p2 switch 3\n>p1 move nightslash\n>p2 move bugbuzz\n>p1 switch 5\n>p1 move earthquake\n>p2 switch 3\n>p1 move dracometeor\n>p2 move knockoff\n>p1 switch 6\n>p2 switch 6\n>p1 move stealthrock\n>p2 move surf\n>p1 switch 2\n>p2 move surf\n>p1 move recover\n>p2 move knockoff\n>p1 switch 4\n>p2 move encore\n>p1 move bodyslam\n>p2 move knockoff\n>p1 move bodyslam\n>p2 switch 6\n>p2 switch 2\n>p1 switch 2\n>p2 move focusblast\n>p1 switch 6\n>p1 move earthquake\n>p2 switch 6\n>p1 switch 2\n>p2 move tripleaxel\n>p1 move bodyslam\n>p2 switch 3\n>p2 switch 6\n>p1 move bodyslam\n>p2 move psyshock\n>p1 move bodyslam\n>p2 move psyshock\n>p1 switch 3\n>p1 move kowtowcleave\n>p2 switch 3\n>p2 switch 3\n>p1 switch 2\n>p2 move focusblast\n>p1 move earthquake\n>p2 move focusblast\n>p2 switch 5\n>p1 move fireblast\n>p2 move rapidspin\n>p1 move fireblast\n>p2 move recover terastallize\n>p1 move dracometeor\n>p2 move icebeam\n>p1 switch 2\n>p2 move recover\n>p1 move swordsdance\n>p2 move terablast\n>p1 move suckerpunch terastallize\n>p2 move terablast\n>p2 switch 4\n>p1 move kowtowcleave\n>p2 move dracometeor", "uploadtime": 1781406524, "views": 5, "formatid": "gen9randombattle", "rating": null, "private": 0, "password": null}