{"id": "gen9randombattle-2631694547", "format": "[Gen 9] Random Battle", "players": ["BigGreenGoomy", "coreyjj"], "log": "|j|\u203dBigGreenGoomy\n|j|\u2606coreyjj\n|t:|1781423302\n|gametype|singles\n|player|p1|BigGreenGoomy|medium|1561\n|player|p2|coreyjj|miku-water|1573\n|gen|9\n|tier|[Gen 9] Random Battle\n|rated|\n|rule|Species Clause: Limit one of each Pok\u00e9mon\n|rule|HP Percentage Mod: HP is shown in percentages\n|rule|Sleep Clause Mod: Limit one foe put to sleep\n|rule|Illusion Level Mod: Illusion disguises the Pok\u00e9mon's true level\n|\n|t:|1781423302\n|teamsize|p1|6\n|teamsize|p2|6\n|start\n|switch|p1a: Toxtricity|Toxtricity, L82, M|257/257\n|switch|p2a: Gurdurr|Gurdurr, L85, M|283/283\n|turn|1\n|\n|t:|1781423326\n|move|p1a: Toxtricity|Boomburst|p2a: Gurdurr\n|-damage|p2a: Gurdurr|156/283\n|-enditem|p1a: Toxtricity|Throat Spray\n|-boost|p1a: Toxtricity|spa|1|[from] item: Throat Spray\n|move|p2a: Gurdurr|Knock Off|p1a: Toxtricity\n|-damage|p1a: Toxtricity|193/257\n|\n|upkeep\n|turn|2\n|inactive|Battle timer is ON: inactive players will automatically lose when time's up. (requested by BigGreenGoomy)\n|\n|t:|1781423356\n|switch|p2a: Dunsparce|Dunsparce, L86, M|312/312\n|move|p1a: Toxtricity|Boomburst|p2a: Dunsparce\n|-damage|p2a: Dunsparce|140/312\n|\n|upkeep\n|turn|3\n|\n|t:|1781423364\n|-terastallize|p2a: Dunsparce|Ghost\n|move|p1a: Toxtricity|Boomburst|p2a: Dunsparce\n|-immune|p2a: Dunsparce\n|move|p2a: Dunsparce|Earthquake|p1a: Toxtricity\n|-supereffective|p1a: Toxtricity\n|-damage|p1a: Toxtricity|0 fnt\n|faint|p1a: Toxtricity\n|\n|upkeep\n|\n|t:|1781423380\n|switch|p1a: Banette|Banette, L93, M|270/270\n|turn|4\n|\n|t:|1781423389\n|switch|p2a: Dodrio|Dodrio, L85, M|241/241\n|move|p1a: Banette|Shadow Sneak|p2a: Dodrio\n|-immune|p2a: Dodrio\n|\n|upkeep\n|turn|5\n|\n|t:|1781423399\n|switch|p1a: Lapras|Lapras, L87, M|368/368\n|move|p2a: Dodrio|Brave Bird|p1a: Lapras\n|-damage|p1a: Lapras|149/368\n|-damage|p2a: Dodrio|169/241|[from] Recoil\n|\n|upkeep\n|turn|6\n|\n|t:|1781423416\n|-terastallize|p1a: Lapras|Steel\n|move|p2a: Dodrio|Brave Bird|p1a: Lapras\n|-resisted|p1a: Lapras\n|-damage|p1a: Lapras|42/368\n|-damage|p2a: Dodrio|134/241|[from] Recoil\n|move|p1a: Lapras|Rest|p1a: Lapras\n|-status|p1a: Lapras|slp|[from] move: Rest\n|-heal|p1a: Lapras|368/368 slp|[silent]\n|\n|upkeep\n|turn|7\n|\n|t:|1781423425\n|switch|p2a: Gurdurr|Gurdurr, L85, M|156/283\n|cant|p1a: Lapras|slp\n|move|p1a: Lapras|Sleep Talk|p1a: Lapras\n|move|p1a: Lapras|Sparkling Aria|p2a: Gurdurr|[from] move: Sleep Talk\n|-damage|p2a: Gurdurr|68/283\n|\n|upkeep\n|turn|8\n|\n|t:|1781423435\n|cant|p1a: Lapras|slp\n|move|p1a: Lapras|Sleep Talk|p1a: Lapras\n|move|p1a: Lapras|Rest||[from] move: Sleep Talk|[still]\n|-fail|p1a: Lapras\n|move|p2a: Gurdurr|Drain Punch|p1a: Lapras\n|-supereffective|p1a: Lapras\n|-damage|p1a: Lapras|194/368 slp\n|-heal|p2a: Gurdurr|155/283|[from] drain|[of] p1a: Lapras\n|\n|upkeep\n|turn|9\n|\n|t:|1781423446\n|switch|p1a: Trevenant|Trevenant, L89, F|296/296\n|move|p2a: Gurdurr|Drain Punch|p1a: Trevenant\n|-immune|p1a: Trevenant\n|\n|upkeep\n|turn|10\n|\n|t:|1781423457\n|move|p1a: Trevenant|Poltergeist|p2a: Gurdurr\n|-activate|p2a: Gurdurr|move: Poltergeist|Eviolite\n|-damage|p2a: Gurdurr|21/283\n|-damage|p1a: Trevenant|267/296|[from] item: Life Orb\n|move|p2a: Gurdurr|Knock Off|p1a: Trevenant\n|-supereffective|p1a: Trevenant\n|-damage|p1a: Trevenant|99/296\n|-enditem|p1a: Trevenant|Life Orb|[from] move: Knock Off|[of] p2a: Gurdurr\n|\n|upkeep\n|turn|11\n|\n|t:|1781423470\n|switch|p2a: Dodrio|Dodrio, L85, M|134/241\n|move|p1a: Trevenant|Drain Punch|p2a: Dodrio\n|-damage|p2a: Dodrio|53/241\n|-heal|p1a: Trevenant|140/296|[from] drain|[of] p2a: Dodrio\n|\n|upkeep\n|turn|12\n|\n|t:|1781423482\n|switch|p1a: Lapras|Lapras, L87, M, tera:Steel|194/368 slp\n|move|p2a: Dodrio|Brave Bird|p1a: Lapras\n|-resisted|p1a: Lapras\n|-crit|p1a: Lapras\n|-damage|p1a: Lapras|17/368 slp\n|-damage|p2a: Dodrio|0 fnt|[from] Recoil\n|faint|p2a: Dodrio\n|\n|upkeep\n|\n|t:|1781423507\n|switch|p2a: Volbeat|Volbeat, L90, M|263/263\n|turn|13\n|\n|t:|1781423519\n|switch|p1a: Garganacl|Garganacl, L80, M|291/291\n|move|p2a: Volbeat|Encore||[still]\n|-fail|p2a: Volbeat\n|\n|upkeep\n|turn|14\n|\n|t:|1781423529\n|move|p2a: Volbeat|Lunge|p1a: Garganacl\n|-damage|p1a: Garganacl|228/291\n|-unboost|p1a: Garganacl|atk|1\n|move|p1a: Garganacl|Salt Cure|p2a: Volbeat\n|-supereffective|p2a: Volbeat\n|-damage|p2a: Volbeat|209/263\n|-start|p2a: Volbeat|Salt Cure\n|\n|-heal|p1a: Garganacl|246/291|[from] item: Leftovers\n|-damage|p2a: Volbeat|177/263|[from] Salt Cure\n|upkeep\n|turn|15\n|\n|t:|1781423542\n|move|p2a: Volbeat|Thunder Wave|p1a: Garganacl\n|-immune|p1a: Garganacl|[from] ability: Purifying Salt\n|move|p1a: Garganacl|Salt Cure|p2a: Volbeat\n|-supereffective|p2a: Volbeat\n|-damage|p2a: Volbeat|111/263\n|\n|-heal|p1a: Garganacl|264/291|[from] item: Leftovers\n|-damage|p2a: Volbeat|79/263|[from] Salt Cure\n|upkeep\n|turn|16\n|\n|t:|1781423555\n|move|p2a: Volbeat|Lunge|p1a: Garganacl\n|-damage|p1a: Garganacl|201/291\n|-unboost|p1a: Garganacl|atk|1\n|move|p1a: Garganacl|Salt Cure|p2a: Volbeat\n|-supereffective|p2a: Volbeat\n|-damage|p2a: Volbeat|35/263\n|\n|-heal|p1a: Garganacl|219/291|[from] item: Leftovers\n|-damage|p2a: Volbeat|3/263|[from] Salt Cure\n|upkeep\n|turn|17\n|\n|t:|1781423573\n|switch|p2a: Granbull|Granbull, L88, F|302/302\n|-ability|p2a: Granbull|Intimidate|boost\n|-unboost|p1a: Garganacl|atk|1\n|move|p1a: Garganacl|Salt Cure|p2a: Granbull\n|-damage|p2a: Granbull|284/302\n|-start|p2a: Granbull|Salt Cure\n|\n|-heal|p2a: Granbull|302/302|[from] item: Leftovers\n|-heal|p1a: Garganacl|237/291|[from] item: Leftovers\n|-damage|p2a: Granbull|265/302|[from] Salt Cure\n|upkeep\n|turn|18\n|\n|t:|1781423602\n|move|p2a: Granbull|Play Rough|p1a: Garganacl\n|-damage|p1a: Garganacl|147/291\n|move|p1a: Garganacl|Iron Defense|p1a: Garganacl\n|-boost|p1a: Garganacl|def|2\n|\n|-heal|p2a: Granbull|283/302|[from] item: Leftovers\n|-heal|p1a: Garganacl|165/291|[from] item: Leftovers\n|-damage|p2a: Granbull|246/302|[from] Salt Cure\n|upkeep\n|turn|19\n|\n|t:|1781423614\n|move|p2a: Granbull|Encore|p1a: Garganacl\n|-start|p1a: Garganacl|Encore\n|move|p1a: Garganacl|Iron Defense|p1a: Garganacl\n|-boost|p1a: Garganacl|def|2\n|\n|-heal|p2a: Granbull|264/302|[from] item: Leftovers\n|-heal|p1a: Garganacl|183/291|[from] item: Leftovers\n|-damage|p2a: Granbull|227/302|[from] Salt Cure\n|upkeep\n|turn|20\n|\n|t:|1781423633\n|switch|p2a: Latios|Latios, L78, M|253/253\n|switch|p1a: Banette|Banette, L93, M|270/270\n|\n|upkeep\n|turn|21\n|\n|t:|1781423646\n|move|p2a: Latios|Luster Purge|p1a: Banette\n|-damage|p1a: Banette|87/270\n|-unboost|p1a: Banette|spd|1\n|move|p1a: Banette|Poltergeist|p2a: Latios\n|-activate|p2a: Latios|move: Poltergeist|Choice Specs\n|-supereffective|p2a: Latios\n|-damage|p2a: Latios|0 fnt\n|faint|p2a: Latios\n|-damage|p1a: Banette|60/270|[from] item: Life Orb\n|\n|upkeep\n|inactive|coreyjj has 120 seconds left.\n|\n|t:|1781423658\n|switch|p2a: Dunsparce|Dunsparce, L86, M, tera:Ghost|140/312\n|turn|22\n|\n|t:|1781423670\n|move|p1a: Banette|Shadow Sneak|p2a: Dunsparce\n|-supereffective|p2a: Dunsparce\n|-damage|p2a: Dunsparce|20/312\n|-damage|p1a: Banette|33/270|[from] item: Life Orb\n|move|p2a: Dunsparce|Earthquake|p1a: Banette\n|-damage|p1a: Banette|0 fnt\n|faint|p1a: Banette\n|\n|upkeep\n|\n|t:|1781423681\n|switch|p1a: Meganium|Meganium, L90, F|290/290\n|turn|23\n|\n|t:|1781423687\n|move|p1a: Meganium|Knock Off|p2a: Dunsparce\n|-supereffective|p2a: Dunsparce\n|-damage|p2a: Dunsparce|0 fnt\n|-enditem|p2a: Dunsparce|Eviolite|[from] move: Knock Off|[of] p1a: Meganium\n|faint|p2a: Dunsparce\n|\n|upkeep\n|\n|t:|1781423692\n|switch|p2a: Granbull|Granbull, L88, F|227/302\n|-ability|p2a: Granbull|Intimidate|boost\n|-unboost|p1a: Meganium|atk|1\n|turn|24\n|\n|t:|1781423700\n|move|p1a: Meganium|Energy Ball|p2a: Granbull\n|-damage|p2a: Granbull|103/302\n|move|p2a: Granbull|Thunder Wave|p1a: Meganium\n|-status|p1a: Meganium|par\n|\n|-heal|p2a: Granbull|121/302|[from] item: Leftovers\n|upkeep\n|turn|25\n|\n|t:|1781423713\n|move|p2a: Granbull|Play Rough|p1a: Meganium\n|-damage|p1a: Meganium|188/290 par\n|move|p1a: Meganium|Energy Ball|p2a: Granbull\n|-damage|p2a: Granbull|0 fnt\n|faint|p2a: Granbull\n|\n|-heal|p1a: Meganium|206/290 par|[from] item: Leftovers\n|upkeep\n|\n|t:|1781423720\n|switch|p2a: Volbeat|Volbeat, L90, M|3/263\n|turn|26\n|\n|t:|1781423725\n|move|p2a: Volbeat|Roost|p2a: Volbeat\n|-heal|p2a: Volbeat|135/263\n|-singleturn|p2a: Volbeat|move: Roost\n|move|p1a: Meganium|Energy Ball|p2a: Volbeat\n|-resisted|p2a: Volbeat\n|-damage|p2a: Volbeat|85/263\n|\n|-heal|p1a: Meganium|224/290 par|[from] item: Leftovers\n|upkeep\n|turn|27\n|\n|t:|1781423732\n|switch|p1a: Garganacl|Garganacl, L80, M|183/291\n|move|p2a: Volbeat|Roost|p2a: Volbeat\n|-heal|p2a: Volbeat|217/263\n|-singleturn|p2a: Volbeat|move: Roost\n|\n|-heal|p1a: Garganacl|201/291|[from] item: Leftovers\n|upkeep\n|turn|28\n|\n|t:|1781423742\n|move|p2a: Volbeat|Lunge|p1a: Garganacl\n|-damage|p1a: Garganacl|135/291\n|-unboost|p1a: Garganacl|atk|1\n|move|p1a: Garganacl|Salt Cure|p2a: Volbeat\n|-supereffective|p2a: Volbeat\n|-damage|p2a: Volbeat|161/263\n|-start|p2a: Volbeat|Salt Cure\n|\n|-heal|p1a: Garganacl|153/291|[from] item: Leftovers\n|-damage|p2a: Volbeat|129/263|[from] Salt Cure\n|upkeep\n|turn|29\n|\n|t:|1781423751\n|move|p2a: Volbeat|Lunge|p1a: Garganacl\n|-damage|p1a: Garganacl|86/291\n|-unboost|p1a: Garganacl|atk|1\n|move|p1a: Garganacl|Salt Cure|p2a: Volbeat\n|-supereffective|p2a: Volbeat\n|-damage|p2a: Volbeat|87/263\n|\n|-heal|p1a: Garganacl|104/291|[from] item: Leftovers\n|-damage|p2a: Volbeat|55/263|[from] Salt Cure\n|upkeep\n|turn|30\n|\n|t:|1781423761\n|move|p2a: Volbeat|Roost|p2a: Volbeat\n|-heal|p2a: Volbeat|187/263\n|-singleturn|p2a: Volbeat|move: Roost\n|move|p1a: Garganacl|Salt Cure|p2a: Volbeat\n|-supereffective|p2a: Volbeat\n|-damage|p2a: Volbeat|143/263\n|\n|-heal|p1a: Garganacl|122/291|[from] item: Leftovers\n|-damage|p2a: Volbeat|111/263|[from] Salt Cure\n|upkeep\n|turn|31\n|\n|t:|1781423776\n|switch|p1a: Trevenant|Trevenant, L89, F|140/296\n|move|p2a: Volbeat|Lunge|p1a: Trevenant\n|-damage|p1a: Trevenant|59/296\n|-unboost|p1a: Trevenant|atk|1\n|\n|-damage|p2a: Volbeat|79/263|[from] Salt Cure\n|upkeep\n|turn|32\n|\n|t:|1781423785\n|move|p2a: Volbeat|Roost|p2a: Volbeat\n|-heal|p2a: Volbeat|211/263\n|-singleturn|p2a: Volbeat|move: Roost\n|move|p1a: Trevenant|Poltergeist|p2a: Volbeat\n|-activate|p2a: Volbeat|move: Poltergeist|Heavy-Duty Boots\n|-damage|p2a: Volbeat|112/263\n|\n|-damage|p2a: Volbeat|80/263|[from] Salt Cure\n|upkeep\n|turn|33\n|\n|t:|1781423795\n|move|p2a: Volbeat|Lunge|p1a: Trevenant\n|-damage|p1a: Trevenant|0 fnt\n|faint|p1a: Trevenant\n|\n|-damage|p2a: Volbeat|48/263|[from] Salt Cure\n|upkeep\n|\n|t:|1781423804\n|switch|p1a: Lapras|Lapras, L87, M, tera:Steel|17/368 slp\n|turn|34\n|\n|t:|1781423815\n|move|p2a: Volbeat|Lunge|p1a: Lapras\n|-resisted|p1a: Lapras\n|-damage|p1a: Lapras|0 fnt\n|faint|p1a: Lapras\n|\n|-damage|p2a: Volbeat|16/263|[from] Salt Cure\n|upkeep\n|\n|t:|1781423822\n|switch|p1a: Garganacl|Garganacl, L80, M|122/291\n|turn|35\n|\n|t:|1781423833\n|move|p2a: Volbeat|Roost|p2a: Volbeat\n|-heal|p2a: Volbeat|148/263\n|-singleturn|p2a: Volbeat|move: Roost\n|move|p1a: Garganacl|Recover|p1a: Garganacl\n|-heal|p1a: Garganacl|268/291\n|\n|-heal|p1a: Garganacl|286/291|[from] item: Leftovers\n|-damage|p2a: Volbeat|116/263|[from] Salt Cure\n|upkeep\n|turn|36\n|\n|t:|1781423850\n|move|p2a: Volbeat|Encore|p1a: Garganacl\n|-start|p1a: Garganacl|Encore\n|move|p1a: Garganacl|Recover|p1a: Garganacl\n|-heal|p1a: Garganacl|291/291\n|\n|-damage|p2a: Volbeat|84/263|[from] Salt Cure\n|upkeep\n|turn|37\n|\n|t:|1781423857\n|switch|p1a: Meganium|Meganium, L90, F|224/290 par\n|move|p2a: Volbeat|Lunge|p1a: Meganium\n|-supereffective|p1a: Meganium\n|-damage|p1a: Meganium|92/290 par\n|-unboost|p1a: Meganium|atk|1\n|\n|-heal|p1a: Meganium|110/290 par|[from] item: Leftovers\n|-damage|p2a: Volbeat|52/263|[from] Salt Cure\n|upkeep\n|turn|38\n|\n|t:|1781423867\n|switch|p1a: Garganacl|Garganacl, L80, M|291/291\n|move|p2a: Volbeat|Roost|p2a: Volbeat\n|-heal|p2a: Volbeat|184/263\n|-singleturn|p2a: Volbeat|move: Roost\n|\n|-damage|p2a: Volbeat|152/263|[from] Salt Cure\n|upkeep\n|turn|39\n|\n|t:|1781423874\n|move|p2a: Volbeat|Lunge|p1a: Garganacl\n|-damage|p1a: Garganacl|227/291\n|-unboost|p1a: Garganacl|atk|1\n|move|p1a: Garganacl|Salt Cure|p2a: Volbeat\n|-supereffective|p2a: Volbeat\n|-damage|p2a: Volbeat|86/263\n|\n|-heal|p1a: Garganacl|245/291|[from] item: Leftovers\n|-damage|p2a: Volbeat|54/263|[from] Salt Cure\n|upkeep\n|turn|40\n|\n|t:|1781423887\n|move|p2a: Volbeat|Roost|p2a: Volbeat\n|-heal|p2a: Volbeat|186/263\n|-singleturn|p2a: Volbeat|move: Roost\n|move|p1a: Garganacl|Salt Cure|p2a: Volbeat\n|-supereffective|p2a: Volbeat\n|-damage|p2a: Volbeat|126/263\n|\n|-heal|p1a: Garganacl|263/291|[from] item: Leftovers\n|-damage|p2a: Volbeat|94/263|[from] Salt Cure\n|upkeep\n|turn|41\n|\n|t:|1781423897\n|move|p2a: Volbeat|Lunge|p1a: Garganacl\n|-damage|p1a: Garganacl|196/291\n|-unboost|p1a: Garganacl|atk|1\n|move|p1a: Garganacl|Salt Cure|p2a: Volbeat\n|-supereffective|p2a: Volbeat\n|-damage|p2a: Volbeat|50/263\n|\n|-heal|p1a: Garganacl|214/291|[from] item: Leftovers\n|-damage|p2a: Volbeat|18/263|[from] Salt Cure\n|upkeep\n|turn|42\n|\n|t:|1781423911\n|move|p2a: Volbeat|Roost|p2a: Volbeat\n|-heal|p2a: Volbeat|150/263\n|-singleturn|p2a: Volbeat|move: Roost\n|move|p1a: Garganacl|Salt Cure|p2a: Volbeat\n|-supereffective|p2a: Volbeat\n|-damage|p2a: Volbeat|100/263\n|\n|-heal|p1a: Garganacl|232/291|[from] item: Leftovers\n|-damage|p2a: Volbeat|68/263|[from] Salt Cure\n|upkeep\n|turn|43\n|\n|t:|1781423939\n|move|p2a: Volbeat|Lunge|p1a: Garganacl\n|-damage|p1a: Garganacl|168/291\n|-unboost|p1a: Garganacl|atk|1\n|move|p1a: Garganacl|Salt Cure|p2a: Volbeat\n|-supereffective|p2a: Volbeat\n|-damage|p2a: Volbeat|36/263\n|\n|-heal|p1a: Garganacl|186/291|[from] item: Leftovers\n|-damage|p2a: Volbeat|4/263|[from] Salt Cure\n|upkeep\n|turn|44\n|\n|t:|1781423949\n|move|p2a: Volbeat|Lunge|p1a: Garganacl\n|-damage|p1a: Garganacl|126/291\n|-unboost|p1a: Garganacl|atk|1\n|move|p1a: Garganacl|Iron Defense|p1a: Garganacl\n|-boost|p1a: Garganacl|def|2\n|\n|-heal|p1a: Garganacl|144/291|[from] item: Leftovers\n|-damage|p2a: Volbeat|0 fnt|[from] Salt Cure\n|faint|p2a: Volbeat\n|upkeep\n|\n|t:|1781423954\n|switch|p2a: Gurdurr|Gurdurr, L85, M|21/283\n|turn|45\n|\n|t:|1781423972\n|move|p2a: Gurdurr|Drain Punch|p1a: Garganacl\n|-supereffective|p1a: Garganacl\n|-damage|p1a: Garganacl|72/291\n|-heal|p2a: Gurdurr|57/283|[from] drain|[of] p1a: Garganacl\n|move|p1a: Garganacl|Salt Cure|p2a: Gurdurr\n|-resisted|p2a: Gurdurr\n|-damage|p2a: Gurdurr|52/283\n|-start|p2a: Gurdurr|Salt Cure\n|\n|-heal|p1a: Garganacl|90/291|[from] item: Leftovers\n|-damage|p2a: Gurdurr|17/283|[from] Salt Cure\n|upkeep\n|turn|46\n|\n|t:|1781423989\n|move|p2a: Gurdurr|Drain Punch|p1a: Garganacl\n|-supereffective|p1a: Garganacl\n|-damage|p1a: Garganacl|22/291\n|-heal|p2a: Gurdurr|51/283|[from] drain|[of] p1a: Garganacl\n|move|p1a: Garganacl|Recover|p1a: Garganacl\n|-heal|p1a: Garganacl|168/291\n|\n|-heal|p1a: Garganacl|186/291|[from] item: Leftovers\n|-damage|p2a: Gurdurr|16/283|[from] Salt Cure\n|upkeep\n|turn|47\n|\n|t:|1781424000\n|move|p2a: Gurdurr|Drain Punch|p1a: Garganacl\n|-supereffective|p1a: Garganacl\n|-damage|p1a: Garganacl|120/291\n|-heal|p2a: Gurdurr|49/283|[from] drain|[of] p1a: Garganacl\n|move|p1a: Garganacl|Body Press|p2a: Gurdurr\n|-damage|p2a: Gurdurr|0 fnt\n|faint|p2a: Gurdurr\n|\n|win|BigGreenGoomy\n|raw|BigGreenGoomy's rating: 1561 &rarr; <strong>1583</strong><br />(+22 for winning)\n|raw|coreyjj's rating: 1591 &rarr; <strong>1569</strong><br />(-22 for losing)\n|l|\u2606coreyjj\n|player|p2|\n", "inputlog": ">version a8376a258c1d4662feba110a92103f3664a72141\n>start {\"formatid\":\"gen9randombattle\",\"seed\":\"sodium,32c0bb0307c20c5a11f99e143d085518\",\"rated\":\"Rated battle\"}\n>player p1 {\"name\":\"BigGreenGoomy\",\"avatar\":\"medium\",\"rating\":1561,\"seed\":\"sodium,44c05b9036c69f2b1956322ca56612ba\"}\n>player p2 {\"name\":\"coreyjj\",\"avatar\":\"miku-water\",\"rating\":1573,\"seed\":\"sodium,742c62549a1391a6bc0a7f273573f26b\"}\n>p1 move boomburst\n>p2 move knockoff\n>p1 move boomburst\n>p2 switch 3\n>p1 move boomburst\n>p2 move earthquake terastallize\n>p1 switch 2\n>p1 move shadowsneak\n>p2 switch 5\n>p1 switch 3\n>p2 move bravebird\n>p1 move rest terastallize\n>p2 move bravebird\n>p1 move sleeptalk\n>p2 switch 3\n>p1 move sleeptalk\n>p2 move drainpunch\n>p1 switch 6\n>p2 move drainpunch\n>p1 move poltergeist\n>p2 move knockoff\n>p1 move drainpunch\n>p2 switch 3\n>p1 switch 6\n>p2 move bravebird\n>p2 switch 2\n>p1 switch 4\n>p2 move encore\n>p1 move saltcure\n>p2 move lunge\n>p1 move saltcure\n>p2 move thunderwave\n>p1 move saltcure\n>p2 move lunge\n>p1 move saltcure\n>p2 switch 6\n>p1 move irondefense\n>p2 move playrough\n>p1 move recover\n>p2 move encore\n>p1 switch 3\n>p2 switch 4\n>p1 move poltergeist\n>p2 move lusterpurge\n>p2 switch 5\n>p1 move shadowsneak\n>p2 move earthquake\n>p1 switch 5\n>p1 move knockoff\n>p2 move roost\n>p2 switch 4\n>p1 move energyball\n>p2 move thunderwave\n>p1 move energyball\n>p2 move playrough\n>p2 switch 6\n>p1 move energyball\n>p2 move roost\n>p1 switch 3\n>p2 move roost\n>p1 move saltcure\n>p2 move lunge\n>p1 move saltcure\n>p2 move lunge\n>p1 move saltcure\n>p2 move roost\n>p1 switch 6\n>p2 move lunge\n>p1 move poltergeist\n>p2 move roost\n>p1 move willowisp\n>p2 move lunge\n>p1 switch 4\n>p1 move rest\n>p2 move lunge\n>p1 switch 6\n>p1 move recover\n>p2 move roost\n>p1 move saltcure\n>p2 move encore\n>p1 switch 3\n>p2 move lunge\n>p1 switch 3\n>p2 move roost\n>p1 move saltcure\n>p2 move lunge\n>p1 move saltcure\n>p2 move roost\n>p1 move saltcure\n>p2 move lunge\n>p1 move saltcure\n>p2 move roost\n>p1 move saltcure\n>p2 move lunge\n>p1 move irondefense\n>p2 move lunge\n>p2 switch 3\n>p1 move saltcure\n>p2 move drainpunch\n>p1 move recover\n>p2 move drainpunch\n>p1 move bodypress\n>p2 move drainpunch", "uploadtime": 1781424013, "views": 9, "formatid": "gen9randombattle", "rating": 1569, "private": 0, "password": null}