{"id": "gen9randombattle-2631418845", "format": "[Gen 9] Random Battle", "players": ["xSmurferino", "pipisniperz"], "log": "|j|\u2606xSmurferino\n|j|\u2606pipisniperz\n|t:|1781382323\n|gametype|singles\n|player|p1|xSmurferino|169|1947\n|player|p2|pipisniperz|169|1984\n|gen|9\n|tier|[Gen 9] Random Battle\n|rated|\n|rule|Species Clause: Limit one of each Pok\u00e9mon\n|rule|HP Percentage Mod: HP is shown in percentages\n|rule|Sleep Clause Mod: Limit one foe put to sleep\n|rule|Illusion Level Mod: Illusion disguises the Pok\u00e9mon's true level\n|\n|t:|1781382323\n|teamsize|p1|6\n|teamsize|p2|6\n|start\n|switch|p1a: Kricketune|Kricketune, L99, F|311/311\n|switch|p2a: Mamoswine|Mamoswine, L81, F|311/311\n|turn|1\n|inactive|Battle timer is ON: inactive players will automatically lose when time's up. (requested by xSmurferino)\n|\n|t:|1781382346\n|move|p1a: Kricketune|Taunt|p2a: Mamoswine\n|-start|p2a: Mamoswine|move: Taunt\n|move|p2a: Mamoswine|Icicle Crash|p1a: Kricketune|[miss]\n|-miss|p2a: Mamoswine|p1a: Kricketune\n|\n|upkeep\n|turn|2\n|\n|t:|1781382356\n|move|p1a: Kricketune|Knock Off|p2a: Mamoswine\n|-damage|p2a: Mamoswine|210/311\n|-enditem|p2a: Mamoswine|Choice Band|[from] move: Knock Off|[of] p1a: Kricketune\n|move|p2a: Mamoswine|Icicle Crash|p1a: Kricketune\n|-damage|p1a: Kricketune|184/311\n|\n|upkeep\n|turn|3\n|\n|t:|1781382365\n|move|p1a: Kricketune|Sticky Web|p2a: Mamoswine\n|-sidestart|p2: pipisniperz|move: Sticky Web\n|move|p2a: Mamoswine|Icicle Crash|p1a: Kricketune\n|-damage|p1a: Kricketune|54/311\n|\n|-end|p2a: Mamoswine|move: Taunt\n|upkeep\n|turn|4\n|\n|t:|1781382372\n|switch|p1a: Ho-Oh|Ho-Oh, L71|268/268\n|move|p2a: Mamoswine|Ice Shard|p1a: Ho-Oh\n|-damage|p1a: Ho-Oh|208/268\n|\n|upkeep\n|turn|5\n|\n|t:|1781382376\n|move|p2a: Mamoswine|Knock Off|p1a: Ho-Oh\n|-damage|p1a: Ho-Oh|108/268\n|-enditem|p1a: Ho-Oh|Heavy-Duty Boots|[from] move: Knock Off|[of] p2a: Mamoswine\n|move|p1a: Ho-Oh|Sacred Fire|p2a: Mamoswine\n|-supereffective|p2a: Mamoswine\n|-damage|p2a: Mamoswine|94/311\n|\n|upkeep\n|turn|6\n|\n|t:|1781382396\n|switch|p1a: Fezandipiti|Fezandipiti, L82, M|278/278\n|move|p2a: Mamoswine|Icicle Crash|p1a: Fezandipiti\n|-damage|p1a: Fezandipiti|157/278\n|\n|-heal|p1a: Fezandipiti|174/278|[from] item: Leftovers\n|upkeep\n|turn|7\n|\n|t:|1781382404\n|move|p2a: Mamoswine|Ice Shard|p1a: Fezandipiti\n|-damage|p1a: Fezandipiti|116/278\n|move|p1a: Fezandipiti|Moonblast|p2a: Mamoswine\n|-damage|p2a: Mamoswine|0 fnt\n|faint|p2a: Mamoswine\n|\n|-heal|p1a: Fezandipiti|133/278|[from] item: Leftovers\n|upkeep\n|\n|t:|1781382418\n|switch|p2a: Muk|Muk, L86, F|321/321\n|-activate|p2a: Muk|move: Sticky Web\n|-unboost|p2a: Muk|spe|1\n|turn|8\n|\n|t:|1781382423\n|switch|p1a: Kricketune|Kricketune, L99, F|54/311\n|move|p2a: Muk|Poison Jab|p1a: Kricketune\n|-damage|p1a: Kricketune|0 fnt\n|faint|p1a: Kricketune\n|\n|upkeep\n|\n|t:|1781382432\n|switch|p1a: Mewtwo|Mewtwo, L72|272/272\n|-ability|p1a: Mewtwo|Pressure\n|turn|9\n|\n|t:|1781382435\n|move|p1a: Mewtwo|Psystrike|p2a: Muk\n|-supereffective|p2a: Muk\n|-damage|p2a: Muk|25/321\n|-damage|p1a: Mewtwo|245/272|[from] item: Life Orb\n|move|p2a: Muk|Knock Off|p1a: Mewtwo\n|-supereffective|p1a: Mewtwo\n|-damage|p1a: Mewtwo|81/272\n|-enditem|p1a: Mewtwo|Life Orb|[from] move: Knock Off|[of] p2a: Muk\n|\n|upkeep\n|turn|10\n|\n|t:|1781382445\n|move|p1a: Mewtwo|Dark Pulse|p2a: Muk\n|-damage|p2a: Muk|0 fnt\n|faint|p2a: Muk\n|\n|upkeep\n|\n|t:|1781382452\n|switch|p2a: Tornadus|Tornadus-Therian, L79, M|254/254\n|turn|11\n|\n|t:|1781382471\n|switch|p1a: Ho-Oh|Ho-Oh, L71|197/268\n|move|p2a: Tornadus|U-turn|p1a: Ho-Oh\n|-resisted|p1a: Ho-Oh\n|-damage|p1a: Ho-Oh|184/268\n|\n|t:|1781382483\n|switch|p2a: Zamazenta|Zamazenta, L71|248/248|[from] U-turn\n|-activate|p2a: Zamazenta|move: Sticky Web\n|-unboost|p2a: Zamazenta|spe|1\n|-ability|p2a: Zamazenta|Dauntless Shield|boost\n|-boost|p2a: Zamazenta|def|1\n|\n|upkeep\n|turn|12\n|\n|t:|1781382488\n|move|p1a: Ho-Oh|Sacred Fire|p2a: Zamazenta\n|-damage|p2a: Zamazenta|182/248\n|-status|p2a: Zamazenta|brn\n|move|p2a: Zamazenta|Stone Edge|p1a: Ho-Oh\n|-supereffective|p1a: Ho-Oh\n|-crit|p1a: Ho-Oh\n|-damage|p1a: Ho-Oh|0 fnt\n|faint|p1a: Ho-Oh\n|\n|-damage|p2a: Zamazenta|167/248 brn|[from] brn\n|upkeep\n|\n|t:|1781382507\n|switch|p1a: Fezandipiti|Fezandipiti, L82, M|133/278\n|turn|13\n|\n|t:|1781382511\n|move|p1a: Fezandipiti|Roost|p1a: Fezandipiti\n|-heal|p1a: Fezandipiti|272/278\n|-singleturn|p1a: Fezandipiti|move: Roost\n|move|p2a: Zamazenta|Stone Edge|p1a: Fezandipiti\n|-damage|p1a: Fezandipiti|219/278\n|\n|-heal|p1a: Fezandipiti|236/278|[from] item: Leftovers\n|-damage|p2a: Zamazenta|152/248 brn|[from] brn\n|upkeep\n|turn|14\n|\n|t:|1781382520\n|move|p1a: Fezandipiti|Moonblast|p2a: Zamazenta\n|-supereffective|p2a: Zamazenta\n|-damage|p2a: Zamazenta|14/248 brn\n|move|p2a: Zamazenta|Stone Edge|p1a: Fezandipiti|[miss]\n|-miss|p2a: Zamazenta|p1a: Fezandipiti\n|\n|-heal|p1a: Fezandipiti|253/278|[from] item: Leftovers\n|-damage|p2a: Zamazenta|0 fnt|[from] brn\n|faint|p2a: Zamazenta\n|upkeep\n|\n|t:|1781382532\n|switch|p2a: Frosmoth|Frosmoth, L82, F|249/249\n|turn|15\n|\n|t:|1781382556\n|move|p1a: Fezandipiti|Gunk Shot|p2a: Frosmoth\n|-damage|p2a: Frosmoth|95/249\n|-status|p2a: Frosmoth|tox|[from] ability: Toxic Chain|[of] p1a: Fezandipiti\n|move|p2a: Frosmoth|Quiver Dance|p2a: Frosmoth\n|-boost|p2a: Frosmoth|spa|1\n|-boost|p2a: Frosmoth|spd|1\n|-boost|p2a: Frosmoth|spe|1\n|\n|-heal|p1a: Fezandipiti|270/278|[from] item: Leftovers\n|-damage|p2a: Frosmoth|80/249 tox|[from] psn\n|upkeep\n|turn|16\n|\n|t:|1781382571\n|-terastallize|p2a: Frosmoth|Ground\n|move|p2a: Frosmoth|Tera Blast|p1a: Fezandipiti|[anim] Tera Blast Ground\n|-supereffective|p1a: Fezandipiti\n|-damage|p1a: Fezandipiti|48/278\n|move|p1a: Fezandipiti|Beat Up|p2a: Frosmoth\n|-damage|p2a: Frosmoth|68/249 tox\n|-damage|p2a: Frosmoth|52/249 tox\n|-damage|p2a: Frosmoth|37/249 tox\n|-damage|p2a: Frosmoth|26/249 tox\n|-hitcount|p2a: Frosmoth|4\n|\n|-heal|p1a: Fezandipiti|65/278|[from] item: Leftovers\n|-damage|p2a: Frosmoth|0 fnt|[from] psn\n|faint|p2a: Frosmoth\n|upkeep\n|\n|t:|1781382578\n|switch|p2a: Tornadus|Tornadus-Therian, L79, M|254/254\n|turn|17\n|\n|t:|1781382590\n|move|p2a: Tornadus|Bleakwind Storm|p1a: Fezandipiti\n|-damage|p1a: Fezandipiti|0 fnt\n|faint|p1a: Fezandipiti\n|\n|upkeep\n|\n|t:|1781382592\n|switch|p1a: Raging Bolt|Raging Bolt, L78|323/323\n|turn|18\n|\n|t:|1781382598\n|move|p2a: Tornadus|U-turn|p1a: Raging Bolt\n|-damage|p1a: Raging Bolt|276/323\n|\n|t:|1781382600\n|switch|p2a: Shiftry|Shiftry, L89, M|305/305|[from] U-turn\n|-activate|p2a: Shiftry|move: Sticky Web\n|-unboost|p2a: Shiftry|spe|1\n|move|p1a: Raging Bolt|Discharge|p2a: Shiftry\n|-resisted|p2a: Shiftry\n|-damage|p2a: Shiftry|245/305\n|\n|upkeep\n|turn|19\n|\n|t:|1781382607\n|move|p1a: Raging Bolt|Volt Switch|p2a: Shiftry\n|-resisted|p2a: Shiftry\n|-damage|p2a: Shiftry|188/305\n|\n|t:|1781382616\n|-end|p1a: Raging Bolt|Protosynthesis|[silent]\n|switch|p1a: Mewtwo|Mewtwo, L72|81/272|[from] Volt Switch\n|-ability|p1a: Mewtwo|Pressure\n|move|p2a: Shiftry|Tailwind|p2a: Shiftry\n|-sidestart|p2: pipisniperz|move: Tailwind\n|-ability|p2a: Shiftry|Wind Rider|boost\n|-boost|p2a: Shiftry|atk|1\n|\n|upkeep\n|turn|20\n|\n|t:|1781382621\n|move|p2a: Shiftry|Knock Off|p1a: Mewtwo\n|-supereffective|p1a: Mewtwo\n|-damage|p1a: Mewtwo|0 fnt\n|faint|p1a: Mewtwo\n|-damage|p2a: Shiftry|158/305|[from] item: Life Orb\n|\n|upkeep\n|\n|t:|1781382625\n|switch|p1a: Raging Bolt|Raging Bolt, L78|276/323\n|turn|21\n|\n|t:|1781382632\n|move|p2a: Shiftry|Knock Off|p1a: Raging Bolt\n|-damage|p1a: Raging Bolt|45/323\n|-enditem|p1a: Raging Bolt|Assault Vest|[from] move: Knock Off|[of] p2a: Shiftry\n|-damage|p2a: Shiftry|128/305|[from] item: Life Orb\n|move|p1a: Raging Bolt|Draco Meteor|p2a: Shiftry\n|-damage|p2a: Shiftry|0 fnt\n|-unboost|p1a: Raging Bolt|spa|2\n|faint|p2a: Shiftry\n|\n|upkeep\n|\n|t:|1781382635\n|switch|p2a: Tornadus|Tornadus-Therian, L79, M|254/254\n|turn|22\n|\n|t:|1781382641\n|-terastallize|p1a: Raging Bolt|Electric\n|move|p1a: Raging Bolt|Thunderclap|p2a: Tornadus\n|-supereffective|p2a: Tornadus\n|-damage|p2a: Tornadus|170/254\n|move|p2a: Tornadus|Bleakwind Storm|p1a: Raging Bolt\n|-resisted|p1a: Raging Bolt\n|-damage|p1a: Raging Bolt|0 fnt\n|faint|p1a: Raging Bolt\n|-end|p1a: Raging Bolt|Protosynthesis|[silent]\n|\n|-sideend|p2: pipisniperz|move: Tailwind\n|upkeep\n|\n|t:|1781382645\n|switch|p1a: Hoopa|Hoopa, L85|275/275\n|turn|23\n|\n|t:|1781382650\n|move|p2a: Tornadus|Knock Off|p1a: Hoopa\n|-supereffective|p1a: Hoopa\n|-damage|p1a: Hoopa|0 fnt\n|-enditem|p1a: Hoopa|Life Orb|[from] move: Knock Off|[of] p2a: Tornadus\n|faint|p1a: Hoopa\n|\n|win|pipisniperz\n", "inputlog": ">version a8376a258c1d4662feba110a92103f3664a72141\n>start {\"formatid\":\"gen9randombattle\",\"seed\":\"sodium,4586e692732bf545f8ed1db59935caa9\",\"rated\":\"Rated battle\"}\n>player p1 {\"name\":\"xSmurferino\",\"avatar\":\"169\",\"rating\":1947,\"seed\":\"sodium,228a495efcb55be404b140fe96343695\"}\n>player p2 {\"name\":\"pipisniperz\",\"avatar\":\"169\",\"rating\":1984,\"seed\":\"sodium,247c827b73102cac148596a6307fd12f\"}\n>p1 move taunt\n>p2 move iciclecrash\n>p1 move knockoff\n>p2 move iciclecrash\n>p1 move stickyweb\n>p2 move iciclecrash\n>p1 switch 5\n>p2 move iceshard\n>p1 move sacredfire\n>p2 move knockoff\n>p1 switch 4\n>p2 move iciclecrash\n>p1 move moonblast\n>p2 move iceshard\n>p2 switch 4\n>p1 switch 5\n>p2 move poisonjab\n>p1 switch 2\n>p1 move psystrike\n>p2 move knockoff\n>p1 move darkpulse\n>p2 move poisonjab\n>p2 switch 5\n>p1 switch 4\n>p2 move uturn\n>p2 switch 3\n>p1 move sacredfire\n>p2 move stoneedge\n>p1 switch 5\n>p1 move roost\n>p2 move stoneedge\n>p1 move moonblast\n>p2 move stoneedge\n>p2 switch 6\n>p1 move gunkshot\n>p2 move quiverdance\n>p1 move beatup\n>p2 move terablast terastallize\n>p2 switch 3\n>p1 move gunkshot\n>p2 move bleakwindstorm\n>p1 switch 6\n>p1 move discharge\n>p2 move uturn\n>p2 switch 2\n>p1 move voltswitch\n>p2 move tailwind\n>p1 switch 4\n>p1 move fireblast\n>p2 move knockoff\n>p1 switch 4\n>p1 move dracometeor\n>p2 move knockoff\n>p2 switch 2\n>p1 move thunderclap terastallize\n>p2 move bleakwindstorm\n>p1 switch 3\n>p1 move psyshock\n>p2 move knockoff", "uploadtime": 1781382324, "views": 11, "formatid": "gen9randombattle", "rating": null, "private": 0, "password": null}