{"id": "gen9randombattle-2631430245", "format": "[Gen 9] Random Battle", "players": ["Gonzo0o", "Arcangel666"], "log": "|j|\u2606Gonzo0o\n|j|\u2606Arcangel666\n|t:|1781383690\n|gametype|singles\n|player|p1|Gonzo0o|169|1966\n|player|p2|Arcangel666|piers-masters|2001\n|gen|9\n|tier|[Gen 9] Random Battle\n|rated|\n|rule|Species Clause: Limit one of each Pok\u00e9mon\n|rule|HP Percentage Mod: HP is shown in percentages\n|rule|Sleep Clause Mod: Limit one foe put to sleep\n|rule|Illusion Level Mod: Illusion disguises the Pok\u00e9mon's true level\n|\n|t:|1781383691\n|teamsize|p1|6\n|teamsize|p2|6\n|start\n|switch|p1a: Iron Bundle|Iron Bundle, L78|215/215\n|switch|p2a: Terapagos|Terapagos, L77, F|265/265\n|-activate|p2a: Terapagos|ability: Tera Shift\n|detailschange|p2a: Terapagos|Terapagos-Terastal, L77, F\n|-heal|p2a: Terapagos|273/273|[silent]\n|turn|1\n|inactive|Battle timer is ON: inactive players will automatically lose when time's up. (requested by Gonzo0o)\n|\n|t:|1781383701\n|move|p1a: Iron Bundle|Ice Beam|p2a: Terapagos\n|-activate|p2a: Terapagos|ability: Tera Shell\n|-resisted|p2a: Terapagos\n|-damage|p2a: Terapagos|223/273\n|move|p2a: Terapagos|Rapid Spin|p1a: Iron Bundle\n|-damage|p1a: Iron Bundle|172/215\n|-boost|p2a: Terapagos|spe|1\n|\n|upkeep\n|turn|2\n|\n|t:|1781383719\n|move|p2a: Terapagos|Calm Mind|p2a: Terapagos\n|-boost|p2a: Terapagos|spa|1\n|-boost|p2a: Terapagos|spd|1\n|move|p1a: Iron Bundle|Encore|p2a: Terapagos\n|-start|p2a: Terapagos|Encore\n|\n|upkeep\n|turn|3\n|\n|t:|1781383729\n|move|p2a: Terapagos|Calm Mind|p2a: Terapagos\n|-boost|p2a: Terapagos|spa|1\n|-boost|p2a: Terapagos|spd|1\n|move|p1a: Iron Bundle|Hydro Pump|p2a: Terapagos\n|-damage|p2a: Terapagos|169/273\n|\n|upkeep\n|turn|4\n|\n|t:|1781383741\n|move|p2a: Terapagos|Calm Mind|p2a: Terapagos\n|-boost|p2a: Terapagos|spa|1\n|-boost|p2a: Terapagos|spd|1\n|move|p1a: Iron Bundle|Freeze-Dry|p2a: Terapagos\n|-damage|p2a: Terapagos|141/273\n|\n|upkeep\n|turn|5\n|\n|t:|1781383767\n|move|p2a: Terapagos|Calm Mind|p2a: Terapagos\n|-boost|p2a: Terapagos|spa|1\n|-boost|p2a: Terapagos|spd|1\n|move|p1a: Iron Bundle|Freeze-Dry|p2a: Terapagos\n|-damage|p2a: Terapagos|117/273\n|\n|-end|p2a: Terapagos|Encore\n|upkeep\n|turn|6\n|\n|t:|1781383776\n|move|p2a: Terapagos|Tera Starstorm|p1a: Iron Bundle\n|-damage|p1a: Iron Bundle|0 fnt\n|faint|p1a: Iron Bundle\n|-end|p1a: Iron Bundle|Quark Drive|[silent]\n|\n|upkeep\n|inactive|Gonzo0o has 120 seconds left.\n|\n|t:|1781383805\n|switch|p1a: Ambipom|Ambipom, L84, M|263/263\n|turn|7\n|\n|t:|1781383815\n|-terastallize|p1a: Ambipom|Normal\n|move|p1a: Ambipom|Fake Out|p2a: Terapagos\n|-damage|p2a: Terapagos|25/273\n|cant|p2a: Terapagos|flinch\n|\n|upkeep\n|turn|8\n|inactive|Gonzo0o has 120 seconds left.\n|\n|t:|1781383845\n|switch|p1a: Toxapex|Toxapex, L82, M|216/216\n|move|p2a: Terapagos|Tera Starstorm|p1a: Toxapex\n|-damage|p1a: Toxapex|0 fnt\n|faint|p1a: Toxapex\n|\n|upkeep\n|\n|t:|1781383851\n|switch|p1a: Ambipom|Ambipom, L84, M, tera:Normal|263/263\n|turn|9\n|\n|t:|1781383857\n|move|p1a: Ambipom|Fake Out|p2a: Terapagos\n|-damage|p2a: Terapagos|0 fnt\n|faint|p2a: Terapagos\n|\n|upkeep\n|\n|t:|1781383859\n|switch|p2a: Diancie|Diancie, L82|216/216\n|turn|10\n|inactive|Gonzo0o has 120 seconds left.\n|\n|t:|1781383868\n|switch|p1a: Serperior|Serperior, L79, M|248/248\n|move|p2a: Diancie|Diamond Storm|p1a: Serperior|[miss]\n|-miss|p2a: Diancie|p1a: Serperior\n|\n|upkeep\n|turn|11\n|\n|t:|1781383881\n|switch|p2a: Electrode|Electrode, L92|260/260\n|move|p1a: Serperior|Leaf Storm|p2a: Electrode\n|-damage|p2a: Electrode|152/260\n|-boost|p1a: Serperior|spa|2\n|\n|upkeep\n|turn|12\n|\n|t:|1781383892\n|move|p2a: Electrode|Foul Play|p1a: Serperior\n|-damage|p1a: Serperior|207/248\n|move|p1a: Serperior|Leaf Storm|p2a: Electrode|[miss]\n|-miss|p1a: Serperior|p2a: Electrode\n|\n|-heal|p1a: Serperior|222/248|[from] item: Leftovers\n|upkeep\n|turn|13\n|\n|t:|1781383897\n|move|p2a: Electrode|Foul Play|p1a: Serperior\n|-damage|p1a: Serperior|176/248\n|move|p1a: Serperior|Substitute|p1a: Serperior\n|-start|p1a: Serperior|Substitute\n|-damage|p1a: Serperior|114/248\n|\n|-heal|p1a: Serperior|129/248|[from] item: Leftovers\n|upkeep\n|turn|14\n|\n|t:|1781383901\n|move|p2a: Electrode|Foul Play|p1a: Serperior\n|-activate|p1a: Serperior|move: Substitute|[damage]\n|move|p1a: Serperior|Leech Seed|p2a: Electrode|[miss]\n|-miss|p1a: Serperior|p2a: Electrode\n|\n|-heal|p1a: Serperior|144/248|[from] item: Leftovers\n|upkeep\n|turn|15\n|\n|t:|1781383909\n|move|p2a: Electrode|Foul Play|p1a: Serperior\n|-end|p1a: Serperior|Substitute\n|move|p1a: Serperior|Leech Seed|p2a: Electrode\n|-start|p2a: Electrode|move: Leech Seed\n|\n|-heal|p1a: Serperior|159/248|[from] item: Leftovers\n|-damage|p2a: Electrode|120/260|[from] Leech Seed|[of] p1a: Serperior\n|-heal|p1a: Serperior|191/248|[silent]\n|upkeep\n|turn|16\n|\n|t:|1781383913\n|move|p2a: Electrode|Taunt|p1a: Serperior\n|-start|p1a: Serperior|move: Taunt\n|cant|p1a: Serperior|move: Taunt|Substitute\n|\n|-heal|p1a: Serperior|206/248|[from] item: Leftovers\n|-damage|p2a: Electrode|88/260|[from] Leech Seed|[of] p1a: Serperior\n|-heal|p1a: Serperior|238/248|[silent]\n|upkeep\n|turn|17\n|\n|t:|1781383917\n|move|p2a: Electrode|Thunderbolt|p1a: Serperior\n|-resisted|p1a: Serperior\n|-damage|p1a: Serperior|187/248\n|move|p1a: Serperior|Leaf Storm|p2a: Electrode\n|-damage|p2a: Electrode|0 fnt\n|-boost|p1a: Serperior|spa|2\n|faint|p2a: Electrode\n|\n|-heal|p1a: Serperior|202/248|[from] item: Leftovers\n|upkeep\n|\n|t:|1781383921\n|switch|p2a: Flamigo|Flamigo, L82, F|269/269\n|turn|18\n|\n|t:|1781383938\n|move|p1a: Serperior|Dragon Pulse|p2a: Flamigo\n|-damage|p2a: Flamigo|97/269\n|move|p2a: Flamigo|Brave Bird|p1a: Serperior\n|-supereffective|p1a: Serperior\n|-damage|p1a: Serperior|0 fnt\n|faint|p1a: Serperior\n|-damage|p2a: Flamigo|30/269|[from] Recoil\n|-damage|p2a: Flamigo|4/269|[from] item: Life Orb\n|\n|upkeep\n|inactive|Gonzo0o has 120 seconds left.\n|\n|t:|1781383963\n|switch|p1a: Houndoom|Houndoom, L87, F|272/272\n|turn|19\n|inactive|Arcangel666 has 120 seconds left.\n|\n|t:|1781384005\n|move|p1a: Houndoom|Sludge Bomb|p2a: Flamigo\n|-damage|p2a: Flamigo|0 fnt\n|faint|p2a: Flamigo\n|\n|upkeep\n|\n|t:|1781384009\n|switch|p2a: Diancie|Diancie, L82|216/216\n|turn|20\n|\n|t:|1781384014\n|move|p1a: Houndoom|Sludge Bomb|p2a: Diancie\n|-damage|p2a: Diancie|166/216\n|-status|p2a: Diancie|psn\n|move|p2a: Diancie|Diamond Storm|p1a: Houndoom\n|-supereffective|p1a: Houndoom\n|-damage|p1a: Houndoom|0 fnt\n|-boost|p2a: Diancie|def|2\n|faint|p1a: Houndoom\n|\n|-heal|p2a: Diancie|179/216 psn|[from] item: Leftovers\n|-damage|p2a: Diancie|152/216 psn|[from] psn\n|upkeep\n|\n|t:|1781384029\n|switch|p1a: Ambipom|Ambipom, L84, M, tera:Normal|263/263\n|turn|21\n|\n|t:|1781384035\n|move|p1a: Ambipom|Fake Out|p2a: Diancie\n|-resisted|p2a: Diancie\n|-damage|p2a: Diancie|133/216 psn\n|cant|p2a: Diancie|flinch\n|\n|-heal|p2a: Diancie|146/216 psn|[from] item: Leftovers\n|-damage|p2a: Diancie|119/216 psn|[from] psn\n|upkeep\n|turn|22\n|\n|t:|1781384048\n|move|p1a: Ambipom|Low Kick|p2a: Diancie\n|-damage|p2a: Diancie|111/216 psn\n|move|p2a: Diancie|Calm Mind|p2a: Diancie\n|-boost|p2a: Diancie|spa|1\n|-boost|p2a: Diancie|spd|1\n|\n|-heal|p2a: Diancie|124/216 psn|[from] item: Leftovers\n|-damage|p2a: Diancie|97/216 psn|[from] psn\n|upkeep\n|turn|23\n|\n|t:|1781384057\n|move|p1a: Ambipom|Knock Off|p2a: Diancie\n|-resisted|p2a: Diancie\n|-damage|p2a: Diancie|86/216 psn\n|-enditem|p2a: Diancie|Leftovers|[from] move: Knock Off|[of] p1a: Ambipom\n|move|p2a: Diancie|Draining Kiss|p1a: Ambipom\n|-damage|p1a: Ambipom|164/263\n|-heal|p2a: Diancie|160/216 psn|[from] drain|[of] p1a: Ambipom\n|\n|-damage|p2a: Diancie|133/216 psn|[from] psn\n|upkeep\n|turn|24\n|\n|t:|1781384063\n|move|p1a: Ambipom|Double-Edge|p2a: Diancie\n|-resisted|p2a: Diancie\n|-damage|p2a: Diancie|96/216 psn\n|-damage|p1a: Ambipom|152/263|[from] Recoil\n|move|p2a: Diancie|Draining Kiss|p1a: Ambipom\n|-damage|p1a: Ambipom|62/263\n|-heal|p2a: Diancie|164/216 psn|[from] drain|[of] p1a: Ambipom\n|\n|-damage|p2a: Diancie|137/216 psn|[from] psn\n|upkeep\n|turn|25\n|\n|t:|1781384067\n|move|p1a: Ambipom|Double-Edge|p2a: Diancie\n|-resisted|p2a: Diancie\n|-damage|p2a: Diancie|99/216 psn\n|-damage|p1a: Ambipom|49/263|[from] Recoil\n|move|p2a: Diancie|Draining Kiss|p1a: Ambipom\n|-damage|p1a: Ambipom|0 fnt\n|-heal|p2a: Diancie|136/216 psn|[from] drain|[of] p1a: Ambipom\n|faint|p1a: Ambipom\n|\n|-damage|p2a: Diancie|109/216 psn|[from] psn\n|upkeep\n|\n|t:|1781384069\n|switch|p1a: Minior|Minior-Blue, L79|224/224\n|-formechange|p1a: Minior|Minior-Meteor||[from] ability: Shields Down\n|turn|26\n|\n|t:|1781384076\n|move|p1a: Minior|Shell Smash|p1a: Minior\n|-unboost|p1a: Minior|def|1\n|-unboost|p1a: Minior|spd|1\n|-boost|p1a: Minior|atk|2\n|-boost|p1a: Minior|spa|2\n|-boost|p1a: Minior|spe|2\n|-enditem|p1a: Minior|White Herb\n|-clearnegativeboost|p1a: Minior|[silent]\n|move|p2a: Diancie|Diamond Storm|p1a: Minior\n|-supereffective|p1a: Minior\n|-damage|p1a: Minior|42/224\n|\n|-damage|p2a: Diancie|82/216 psn|[from] psn\n|-formechange|p1a: Minior|Minior-Blue||[from] ability: Shields Down\n|upkeep\n|turn|27\n|\n|t:|1781384096\n|-terastallize|p2a: Diancie|Water\n|move|p1a: Minior|Earthquake|p2a: Diancie\n|-damage|p2a: Diancie|37/216 psn\n|move|p2a: Diancie|Draining Kiss|p1a: Minior\n|-damage|p1a: Minior|0 fnt\n|-heal|p2a: Diancie|69/216 psn|[from] drain|[of] p1a: Minior\n|faint|p1a: Minior\n|\n|win|Arcangel666\n", "uploadtime": 1781383692, "views": 14, "formatid": "gen9randombattle", "rating": null, "private": 0, "password": null}