{"id": "gen9randombattle-2631932506", "format": "[Gen 9] Random Battle", "players": ["grddrhgtf", "cdfgyhjk"], "log": "|j|\u2606grddrhgtf\n|j|\u2606cdfgyhjk\n|t:|1781457083\n|gametype|singles\n|player|p1|grddrhgtf|170|1043\n|player|p2|cdfgyhjk|2|1092\n|gen|9\n|tier|[Gen 9] Random Battle\n|rated|\n|rule|Species Clause: Limit one of each Pok\u00e9mon\n|rule|HP Percentage Mod: HP is shown in percentages\n|rule|Sleep Clause Mod: Limit one foe put to sleep\n|rule|Illusion Level Mod: Illusion disguises the Pok\u00e9mon's true level\n|\n|t:|1781457083\n|teamsize|p1|6\n|teamsize|p2|6\n|start\n|switch|p1a: Ditto|Ditto, L87|225/225\n|switch|p2a: Arboliva|Arboliva, L91, F|290/290\n|-transform|p1a: Ditto|p2a: Arboliva|[from] ability: Imposter\n|turn|1\n|inactive|Battle timer is ON: inactive players will automatically lose when time's up. (requested by cdfgyhjk)\n|\n|t:|1781457097\n|switch|p1a: Kleavor|Kleavor, L78, M|237/237\n|move|p2a: Arboliva|Hyper Voice|p1a: Kleavor\n|-resisted|p1a: Kleavor\n|-damage|p1a: Kleavor|150/237\n|\n|upkeep\n|turn|2\n|\n|t:|1781457110\n|move|p1a: Kleavor|X-Scissor|p2a: Arboliva\n|-supereffective|p2a: Arboliva\n|-damage|p2a: Arboliva|44/290\n|-fieldstart|move: Grassy Terrain|[from] ability: Seed Sower|[of] p2a: Arboliva\n|move|p2a: Arboliva|Earth Power|p1a: Kleavor\n|-damage|p1a: Kleavor|28/237\n|\n|-heal|p1a: Kleavor|42/237|[from] Grassy Terrain\n|-heal|p2a: Arboliva|62/290|[from] Grassy Terrain\n|-heal|p2a: Arboliva|80/290|[from] item: Leftovers\n|upkeep\n|turn|3\n|\n|t:|1781457118\n|move|p1a: Kleavor|Stone Axe|p2a: Arboliva\n|-damage|p2a: Arboliva|0 fnt\n|-sidestart|p2: cdfgyhjk|move: Stealth Rock\n|faint|p2a: Arboliva\n|\n|-heal|p1a: Kleavor|56/237|[from] Grassy Terrain\n|upkeep\n|\n|t:|1781457130\n|switch|p2a: Tauros|Tauros-Paldea-Aqua, L81, M|254/254\n|-damage|p2a: Tauros|239/254|[from] Stealth Rock\n|-ability|p2a: Tauros|Intimidate|boost\n|-unboost|p1a: Kleavor|atk|1\n|turn|4\n|\n|t:|1781457148\n|move|p2a: Tauros|Aqua Jet|p1a: Kleavor\n|-supereffective|p1a: Kleavor\n|-damage|p1a: Kleavor|0 fnt\n|faint|p1a: Kleavor\n|\n|-heal|p2a: Tauros|254/254|[from] Grassy Terrain\n|upkeep\n|\n|t:|1781457160\n|switch|p1a: Mabosstiff|Mabosstiff, L86, F|278/278\n|turn|5\n|\n|t:|1781457170\n|-terastallize|p2a: Tauros|Water\n|move|p2a: Tauros|Aqua Jet|p1a: Mabosstiff\n|-damage|p1a: Mabosstiff|188/278\n|move|p1a: Mabosstiff|Play Rough|p2a: Tauros\n|-damage|p2a: Tauros|152/254\n|\n|-heal|p2a: Tauros|167/254|[from] Grassy Terrain\n|-heal|p1a: Mabosstiff|205/278|[from] Grassy Terrain\n|upkeep\n|turn|6\n|\n|t:|1781457184\n|move|p2a: Tauros|Aqua Jet|p1a: Mabosstiff\n|-damage|p1a: Mabosstiff|123/278\n|move|p1a: Mabosstiff|Play Rough|p2a: Tauros\n|-damage|p2a: Tauros|63/254\n|\n|-heal|p2a: Tauros|78/254|[from] Grassy Terrain\n|-heal|p1a: Mabosstiff|140/278|[from] Grassy Terrain\n|-fieldend|move: Grassy Terrain\n|upkeep\n|turn|7\n|\n|t:|1781457193\n|switch|p2a: Iron Hands|Iron Hands, L79|373/373\n|-damage|p2a: Iron Hands|350/373|[from] Stealth Rock\n|move|p1a: Mabosstiff|Play Rough|p2a: Iron Hands\n|-supereffective|p2a: Iron Hands\n|-damage|p2a: Iron Hands|0 fnt\n|faint|p2a: Iron Hands\n|-end|p2a: Iron Hands|Quark Drive|[silent]\n|\n|upkeep\n|\n|t:|1781457199\n|switch|p2a: Umbreon|Umbreon, L84, F|297/297\n|-damage|p2a: Umbreon|260/297|[from] Stealth Rock\n|turn|8\n|\n|t:|1781457203\n|move|p1a: Mabosstiff|Play Rough|p2a: Umbreon\n|-supereffective|p2a: Umbreon\n|-damage|p2a: Umbreon|76/297\n|move|p2a: Umbreon|Toxic|p1a: Mabosstiff\n|-status|p1a: Mabosstiff|tox\n|\n|-heal|p2a: Umbreon|94/297|[from] item: Leftovers\n|-damage|p1a: Mabosstiff|123/278 tox|[from] psn\n|upkeep\n|turn|9\n|\n|t:|1781457212\n|move|p2a: Umbreon|Protect|p2a: Umbreon\n|-singleturn|p2a: Umbreon|Protect\n|move|p1a: Mabosstiff|Play Rough|p2a: Umbreon\n|-activate|p2a: Umbreon|move: Protect\n|\n|-heal|p2a: Umbreon|112/297|[from] item: Leftovers\n|-damage|p1a: Mabosstiff|89/278 tox|[from] psn\n|upkeep\n|turn|10\n|\n|t:|1781457221\n|switch|p2a: Volbeat|Volbeat, L90, M|263/263\n|move|p1a: Mabosstiff|Play Rough|p2a: Volbeat\n|-damage|p2a: Volbeat|24/263\n|-unboost|p2a: Volbeat|atk|1\n|\n|-damage|p1a: Mabosstiff|38/278 tox|[from] psn\n|upkeep\n|turn|11\n|\n|t:|1781457233\n|switch|p1a: Ambipom|Ambipom, L84, F|263/263\n|move|p2a: Volbeat|Lunge|p1a: Ambipom\n|-damage|p1a: Ambipom|193/263\n|-unboost|p1a: Ambipom|atk|1\n|\n|upkeep\n|turn|12\n|\n|t:|1781457245\n|move|p1a: Ambipom|Fake Out|p2a: Volbeat\n|-damage|p2a: Volbeat|0 fnt\n|faint|p2a: Volbeat\n|\n|upkeep\n|\n|t:|1781457250\n|switch|p2a: Umbreon|Umbreon, L84, F|112/297\n|-damage|p2a: Umbreon|75/297|[from] Stealth Rock\n|turn|13\n|\n|t:|1781457255\n|move|p1a: Ambipom|Double-Edge|p2a: Umbreon\n|-damage|p2a: Umbreon|0 fnt\n|faint|p2a: Umbreon\n|-damage|p1a: Ambipom|168/263|[from] Recoil\n|\n|upkeep\n|\n|t:|1781457258\n|switch|p2a: Tauros|Tauros-Paldea-Aqua, L81, M, tera:Water|78/254\n|-damage|p2a: Tauros|47/254|[from] Stealth Rock\n|-ability|p2a: Tauros|Intimidate|boost\n|-unboost|p1a: Ambipom|atk|1\n|turn|14\n|\n|t:|1781457264\n|switch|p1a: Ditto|Ditto, L87|225/225\n|-transform|p1a: Ditto|p2a: Tauros|[from] ability: Imposter\n|-ability|p1a: Ditto|Intimidate|boost\n|-unboost|p2a: Tauros|atk|1\n|move|p2a: Tauros|Close Combat|p1a: Ditto\n|-damage|p1a: Ditto|99/225\n|-unboost|p2a: Tauros|def|1\n|-unboost|p2a: Tauros|spd|1\n|\n|upkeep\n|turn|15\n|-message|cdfgyhjk forfeited.\n|\n|win|grddrhgtf\n|raw|grddrhgtf's rating: 1043 &rarr; <strong>1081</strong><br />(+38 for winning)\n|raw|cdfgyhjk's rating: 1092 &rarr; <strong>1065</strong><br />(-27 for losing)\n|l|\u2606cdfgyhjk\n|player|p2|\n", "uploadtime": 1781457279, "views": 2, "formatid": "gen9randombattle", "rating": 1065, "private": 0, "password": null}