{"id": "gen9randombattle-2631598181", "format": "[Gen 9] Random Battle", "players": ["snarlingalt", "Thematics"], "log": "|j|\u2606snarlingalt\n|j|\u2606Thematics\n|t:|1781406615\n|gametype|singles\n|player|p1|snarlingalt|170|1360\n|player|p2|Thematics|n|1401\n|gen|9\n|tier|[Gen 9] Random Battle\n|rated|\n|rule|Species Clause: Limit one of each Pok\u00e9mon\n|rule|HP Percentage Mod: HP is shown in percentages\n|rule|Sleep Clause Mod: Limit one foe put to sleep\n|rule|Illusion Level Mod: Illusion disguises the Pok\u00e9mon's true level\n|\n|t:|1781406615\n|teamsize|p1|6\n|teamsize|p2|6\n|start\n|switch|p1a: Iron Jugulis|Iron Jugulis, L77|271/271\n|switch|p2a: Venusaur|Venusaur, L84, F|272/272\n|turn|1\n|inactive|Battle timer is ON: inactive players will automatically lose when time's up. (requested by Thematics)\n|inactive|snarlingalt also wants the timer to be on.\n|inactive|snarlingalt has 120 seconds left.\n|\n|t:|1781406649\n|switch|p2a: Swalot|Swalot, L90, M|326/326\n|move|p1a: Iron Jugulis|Hurricane|p2a: Swalot|[miss]\n|-miss|p1a: Iron Jugulis|p2a: Swalot\n|\n|upkeep\n|turn|2\n|\n|t:|1781406658\n|move|p1a: Iron Jugulis|Hurricane|p2a: Swalot\n|-damage|p2a: Swalot|163/326\n|move|p2a: Swalot|Thunder Wave|p1a: Iron Jugulis\n|-status|p1a: Iron Jugulis|par\n|\n|-heal|p2a: Swalot|183/326|[from] item: Leftovers\n|upkeep\n|turn|3\n|\n|t:|1781406666\n|move|p2a: Swalot|Knock Off|p1a: Iron Jugulis\n|-resisted|p1a: Iron Jugulis\n|-damage|p1a: Iron Jugulis|238/271 par\n|-enditem|p1a: Iron Jugulis|Choice Specs|[from] move: Knock Off|[of] p2a: Swalot\n|move|p1a: Iron Jugulis|Hurricane|p2a: Swalot|[miss]\n|-miss|p1a: Iron Jugulis|p2a: Swalot\n|\n|-heal|p2a: Swalot|203/326|[from] item: Leftovers\n|upkeep\n|turn|4\n|\n|t:|1781406684\n|switch|p2a: Chimecho|Chimecho, L93, M|290/290\n|move|p1a: Iron Jugulis|Earth Power|p2a: Chimecho\n|-immune|p2a: Chimecho|[from] ability: Levitate\n|\n|upkeep\n|turn|5\n|\n|t:|1781406698\n|move|p2a: Chimecho|Cosmic Power|p2a: Chimecho\n|-boost|p2a: Chimecho|def|1\n|-boost|p2a: Chimecho|spd|1\n|move|p1a: Iron Jugulis|Dark Pulse|p2a: Chimecho\n|-supereffective|p2a: Chimecho\n|-damage|p2a: Chimecho|194/290\n|\n|-heal|p2a: Chimecho|212/290|[from] item: Leftovers\n|upkeep\n|turn|6\n|\n|t:|1781406710\n|move|p2a: Chimecho|Cosmic Power|p2a: Chimecho\n|-boost|p2a: Chimecho|def|1\n|-boost|p2a: Chimecho|spd|1\n|move|p1a: Iron Jugulis|Dark Pulse|p2a: Chimecho\n|-supereffective|p2a: Chimecho\n|-damage|p2a: Chimecho|134/290\n|\n|-heal|p2a: Chimecho|152/290|[from] item: Leftovers\n|upkeep\n|turn|7\n|\n|t:|1781406717\n|move|p2a: Chimecho|Cosmic Power|p2a: Chimecho\n|-boost|p2a: Chimecho|def|1\n|-boost|p2a: Chimecho|spd|1\n|move|p1a: Iron Jugulis|Dark Pulse|p2a: Chimecho\n|-supereffective|p2a: Chimecho\n|-crit|p2a: Chimecho\n|-damage|p2a: Chimecho|0 fnt\n|faint|p2a: Chimecho\n|\n|upkeep\n|c|\u2606snarlingalt|lol\n|c|\u2606Thematics|happens\n|c|\u2606Thematics|they dont call it crit me not for nothing\n|inactive|Thematics has 120 seconds left.\n|\n|t:|1781406763\n|switch|p2a: Deoxys|Deoxys-Attack, L72|191/191\n|-ability|p2a: Deoxys|Pressure\n|turn|8\n|\n|t:|1781406770\n|move|p2a: Deoxys|Ice Beam|p1a: Iron Jugulis\n|-supereffective|p1a: Iron Jugulis\n|-damage|p1a: Iron Jugulis|7/271 par\n|-damage|p2a: Deoxys|172/191|[from] item: Life Orb\n|move|p1a: Iron Jugulis|Dark Pulse|p2a: Deoxys\n|-supereffective|p2a: Deoxys\n|-damage|p2a: Deoxys|0 fnt\n|faint|p2a: Deoxys\n|\n|upkeep\n|\n|t:|1781406777\n|switch|p2a: Ribombee|Ribombee, L83, F|235/235\n|turn|9\n|\n|t:|1781406782\n|move|p2a: Ribombee|Quiver Dance|p2a: Ribombee\n|-boost|p2a: Ribombee|spa|1\n|-boost|p2a: Ribombee|spd|1\n|-boost|p2a: Ribombee|spe|1\n|move|p1a: Iron Jugulis|Hurricane|p2a: Ribombee\n|-supereffective|p2a: Ribombee\n|-damage|p2a: Ribombee|31/235\n|\n|upkeep\n|turn|10\n|\n|t:|1781406790\n|move|p2a: Ribombee|Moonblast|p1a: Iron Jugulis\n|-supereffective|p1a: Iron Jugulis\n|-damage|p1a: Iron Jugulis|0 fnt\n|faint|p1a: Iron Jugulis\n|-end|p1a: Iron Jugulis|Quark Drive|[silent]\n|\n|upkeep\n|\n|t:|1781406801\n|switch|p1a: Regieleki|Regieleki, L79|256/256\n|turn|11\n|inactive|Thematics has 120 seconds left.\n|\n|t:|1781406822\n|-terastallize|p2a: Ribombee|Ground\n|move|p2a: Ribombee|Tera Blast|p1a: Regieleki|[anim] Tera Blast Ground\n|-supereffective|p1a: Regieleki\n|-damage|p1a: Regieleki|0 fnt\n|faint|p1a: Regieleki\n|\n|upkeep\n|\n|t:|1781406831\n|switch|p1a: Landorus|Landorus, L75, M|257/257\n|turn|12\n|\n|t:|1781406842\n|move|p2a: Ribombee|Moonblast|p1a: Landorus\n|-damage|p1a: Landorus|92/257\n|-unboost|p1a: Landorus|spa|1\n|move|p1a: Landorus|Earth Power|p2a: Ribombee\n|-damage|p2a: Ribombee|0 fnt\n|faint|p2a: Ribombee\n|\n|upkeep\n|inactive|Thematics has 120 seconds left.\n|\n|t:|1781406863\n|switch|p2a: Venusaur|Venusaur, L84, F|272/272\n|turn|13\n|\n|t:|1781406869\n|move|p1a: Landorus|Psychic|p2a: Venusaur\n|-supereffective|p2a: Venusaur\n|-crit|p2a: Venusaur\n|-damage|p2a: Venusaur|2/272\n|move|p2a: Venusaur|Energy Ball|p1a: Landorus\n|-damage|p1a: Landorus|0 fnt\n|faint|p1a: Landorus\n|\n|-heal|p2a: Venusaur|19/272|[from] item: Leftovers\n|upkeep\n|\n|t:|1781406879\n|switch|p1a: Chi-Yu|Chi-Yu, L77|211/211\n|-ability|p1a: Chi-Yu|Beads of Ruin\n|turn|14\n|\n|t:|1781406892\n|move|p1a: Chi-Yu|Flamethrower|p2a: Venusaur\n|-supereffective|p2a: Venusaur\n|-damage|p2a: Venusaur|0 fnt\n|faint|p2a: Venusaur\n|\n|upkeep\n|inactive|Thematics has 120 seconds left.\n|\n|t:|1781406903\n|switch|p2a: Zamazenta|Zamazenta, L71|248/248\n|-ability|p2a: Zamazenta|Dauntless Shield|boost\n|-boost|p2a: Zamazenta|def|1\n|turn|15\n|\n|t:|1781406920\n|move|p2a: Zamazenta|Close Combat|p1a: Chi-Yu\n|-supereffective|p1a: Chi-Yu\n|-damage|p1a: Chi-Yu|0 fnt\n|-unboost|p2a: Zamazenta|def|1\n|-unboost|p2a: Zamazenta|spd|1\n|faint|p1a: Chi-Yu\n|\n|upkeep\n|\n|t:|1781406927\n|switch|p1a: Hariyama|Hariyama, L87, M|392/392\n|turn|16\n|\n|t:|1781406936\n|switch|p2a: Swalot|Swalot, L90, M|203/326\n|move|p1a: Hariyama|Close Combat|p2a: Swalot\n|-resisted|p2a: Swalot\n|-damage|p2a: Swalot|126/326\n|-unboost|p1a: Hariyama|def|1\n|-unboost|p1a: Hariyama|spd|1\n|\n|-heal|p2a: Swalot|146/326|[from] item: Leftovers\n|upkeep\n|turn|17\n|\n|t:|1781406954\n|move|p2a: Swalot|Thunder Wave|p1a: Hariyama\n|-status|p1a: Hariyama|par\n|move|p1a: Hariyama|Knock Off|p2a: Swalot\n|-damage|p2a: Swalot|61/326\n|-enditem|p2a: Swalot|Leftovers|[from] move: Knock Off|[of] p1a: Hariyama\n|\n|upkeep\n|turn|18\n|\n|t:|1781406964\n|move|p2a: Swalot|Sludge Bomb|p1a: Hariyama\n|-damage|p1a: Hariyama|278/392 par\n|move|p1a: Hariyama|Stone Edge|p2a: Swalot\n|-damage|p2a: Swalot|0 fnt\n|faint|p2a: Swalot\n|\n|upkeep\n|\n|t:|1781406971\n|switch|p2a: Zamazenta|Zamazenta, L71|248/248\n|turn|19\n|\n|t:|1781406983\n|move|p2a: Zamazenta|Close Combat|p1a: Hariyama\n|-damage|p1a: Hariyama|0 fnt\n|-unboost|p2a: Zamazenta|def|1\n|-unboost|p2a: Zamazenta|spd|1\n|faint|p1a: Hariyama\n|\n|upkeep\n|\n|t:|1781406988\n|switch|p1a: Torkoal|Torkoal, L88, F|266/266\n|-weather|SunnyDay|[from] ability: Drought|[of] p1a: Torkoal\n|turn|20\n|\n|t:|1781407006\n|move|p2a: Zamazenta|Close Combat|p1a: Torkoal\n|-damage|p1a: Torkoal|151/266\n|-unboost|p2a: Zamazenta|def|1\n|-unboost|p2a: Zamazenta|spd|1\n|move|p1a: Torkoal|Yawn|p2a: Zamazenta\n|-start|p2a: Zamazenta|move: Yawn|[of] p1a: Torkoal\n|\n|-weather|SunnyDay|[upkeep]\n|upkeep\n|turn|21\n|c|\u2606Thematics|both those crits super mattered but still gg\n|c|\u2606Thematics|wp\n|\n|t:|1781407019\n|-terastallize|p1a: Torkoal|Grass\n|move|p2a: Zamazenta|Close Combat|p1a: Torkoal\n|-damage|p1a: Torkoal|48/266\n|-unboost|p2a: Zamazenta|def|1\n|-unboost|p2a: Zamazenta|spd|1\n|move|p1a: Torkoal|Solar Beam||[still]\n|-prepare|p1a: Torkoal|Solar Beam\n|-anim|p1a: Torkoal|Solar Beam|p2a: Zamazenta\n|-damage|p2a: Zamazenta|0 fnt\n|faint|p2a: Zamazenta\n|\n|win|snarlingalt\n|raw|snarlingalt's rating: 1360 &rarr; <strong>1382</strong><br />(+22 for winning)\n|raw|Thematics's rating: 1401 &rarr; <strong>1379</strong><br />(-22 for losing)\n", "inputlog": ">version a8376a258c1d4662feba110a92103f3664a72141\n>start {\"formatid\":\"gen9randombattle\",\"seed\":\"sodium,2fe6c0800128625e50f76fef8c00e961\",\"rated\":\"Rated battle\"}\n>player p1 {\"name\":\"snarlingalt\",\"avatar\":\"170\",\"rating\":1360,\"seed\":\"sodium,c9f88effcf7ecbf89a90e73332d8d297\"}\n>player p2 {\"name\":\"Thematics\",\"avatar\":\"n\",\"rating\":1401,\"seed\":\"sodium,e5bcef2c7660663b35976adad813bf3e\"}\n>p1 move hurricane\n>p2 switch 4\n>p1 move hurricane\n>p2 move thunderwave\n>p1 move hurricane\n>p2 move knockoff\n>p1 move earthpower\n>p2 switch 3\n>p1 move darkpulse\n>p2 move cosmicpower\n>p1 move darkpulse\n>p2 move cosmicpower\n>p1 move darkpulse\n>p2 move cosmicpower\n>chat \u2606snarlingalt|lol\n>chat \u2606Thematics|happens\n>chat \u2606Thematics|they dont call it crit me not for nothing\n>p2 switch 2\n>p1 move darkpulse\n>p2 move icebeam\n>p2 switch 5\n>p1 move hurricane\n>p2 move quiverdance\n>p1 move hurricane\n>p2 move moonblast\n>p1 switch 6\n>p1 move voltswitch\n>p2 move terablast terastallize\n>p1 switch 2\n>p1 move earthpower\n>p2 move moonblast\n>p2 switch 4\n>p1 move psychic\n>p2 move energyball\n>p1 switch 3\n>p1 move flamethrower\n>p2 move earthpower\n>p2 switch 6\n>p1 move flamethrower\n>p2 move closecombat\n>p1 switch 4\n>p1 move closecombat\n>p2 switch 3\n>p1 move knockoff\n>p2 move thunderwave\n>p1 move stoneedge\n>p2 move sludgebomb\n>p2 switch 3\n>p1 move knockoff\n>p2 move closecombat\n>p1 switch 5\n>p1 move yawn\n>p2 move closecombat\n>chat \u2606Thematics|both those crits super mattered but still gg\n>chat \u2606Thematics|wp\n>p1 move solarbeam terastallize\n>p2 move closecombat", "uploadtime": 1781407028, "views": 7, "formatid": "gen9randombattle", "rating": 1379, "private": 0, "password": null}