{"id": "gen9randombattle-2631784305", "format": "[Gen 9] Random Battle", "players": ["Valentina17", "UTJUTJ"], "log": "|j|\u2606Valentina17\n|j|\u2606UTJUTJ\n|t:|1781439163\n|gametype|singles\n|player|p1|Valentina17|parasollady|1904\n|player|p2|UTJUTJ|101|1977\n|gen|9\n|tier|[Gen 9] Random Battle\n|rated|\n|rule|Species Clause: Limit one of each Pok\u00e9mon\n|rule|HP Percentage Mod: HP is shown in percentages\n|rule|Sleep Clause Mod: Limit one foe put to sleep\n|rule|Illusion Level Mod: Illusion disguises the Pok\u00e9mon's true level\n|\n|t:|1781439163\n|teamsize|p1|6\n|teamsize|p2|6\n|start\n|switch|p1a: Houndstone|Houndstone, L86, F|264/264\n|switch|p2a: Sylveon|Sylveon, L85, M|300/300\n|turn|1\n|inactive|Battle timer is ON: inactive players will automatically lose when time's up. (requested by Valentina17)\n|\n|t:|1781439173\n|switch|p2a: Araquanid|Araquanid, L82, M|246/246\n|move|p1a: Houndstone|Trick|p2a: Araquanid\n|-activate|p1a: Houndstone|move: Trick|[of] p2a: Araquanid\n|-item|p2a: Araquanid|Choice Band|[from] move: Trick\n|-item|p1a: Houndstone|Heavy-Duty Boots|[from] move: Trick\n|\n|upkeep\n|turn|2\n|\n|t:|1781439181\n|move|p1a: Houndstone|Poltergeist|p2a: Araquanid\n|-activate|p2a: Araquanid|move: Poltergeist|Choice Band\n|-damage|p2a: Araquanid|128/246\n|move|p2a: Araquanid|Sticky Web|p1a: Houndstone\n|-sidestart|p1: Valentina17|move: Sticky Web\n|\n|upkeep\n|turn|3\n|\n|t:|1781439192\n|switch|p2a: Snorlax|Snorlax, L82, M|397/397\n|move|p1a: Houndstone|Poltergeist|p2a: Snorlax\n|-immune|p2a: Snorlax\n|\n|upkeep\n|turn|4\n|\n|t:|1781439201\n|switch|p2a: Illumise|Illumise, L91, F|266/266\n|move|p1a: Houndstone|Trick|p2a: Illumise\n|-activate|p1a: Houndstone|move: Trick|[of] p2a: Illumise\n|-item|p2a: Illumise|Heavy-Duty Boots|[from] move: Trick\n|-item|p1a: Houndstone|Heavy-Duty Boots|[from] move: Trick\n|\n|upkeep\n|turn|5\n|\n|t:|1781439206\n|move|p2a: Illumise|Encore|p1a: Houndstone\n|-start|p1a: Houndstone|Encore\n|move|p1a: Houndstone|Trick|p2a: Illumise\n|-activate|p1a: Houndstone|move: Trick|[of] p2a: Illumise\n|-item|p2a: Illumise|Heavy-Duty Boots|[from] move: Trick\n|-item|p1a: Houndstone|Heavy-Duty Boots|[from] move: Trick\n|\n|upkeep\n|turn|6\n|\n|t:|1781439209\n|move|p2a: Illumise|Thunder Wave|p1a: Houndstone\n|-status|p1a: Houndstone|par\n|move|p1a: Houndstone|Trick|p2a: Illumise\n|-activate|p1a: Houndstone|move: Trick|[of] p2a: Illumise\n|-item|p2a: Illumise|Heavy-Duty Boots|[from] move: Trick\n|-item|p1a: Houndstone|Heavy-Duty Boots|[from] move: Trick\n|\n|upkeep\n|turn|7\n|\n|t:|1781439213\n|move|p2a: Illumise|Bug Buzz|p1a: Houndstone\n|-resisted|p1a: Houndstone\n|-damage|p1a: Houndstone|223/264 par\n|cant|p1a: Houndstone|par\n|\n|-end|p1a: Houndstone|Encore\n|upkeep\n|turn|8\n|\n|t:|1781439219\n|switch|p1a: Ting-Lu|Ting-Lu, L78|370/370\n|-activate|p1a: Ting-Lu|move: Sticky Web\n|-unboost|p1a: Ting-Lu|spe|1\n|-ability|p1a: Ting-Lu|Vessel of Ruin\n|move|p2a: Illumise|Encore|p1a: Ting-Lu\n|-hint|Since gen 7, Dark is immune to Prankster moves.\n|-immune|p1a: Ting-Lu\n|\n|upkeep\n|turn|9\n|\n|t:|1781439222\n|move|p2a: Illumise|Bug Buzz|p1a: Ting-Lu\n|-supereffective|p1a: Ting-Lu\n|-damage|p1a: Ting-Lu|272/370\n|move|p1a: Ting-Lu|Ruination|p2a: Illumise\n|-damage|p2a: Illumise|133/266\n|\n|upkeep\n|turn|10\n|\n|t:|1781439229\n|move|p2a: Illumise|Bug Buzz|p1a: Ting-Lu\n|-supereffective|p1a: Ting-Lu\n|-damage|p1a: Ting-Lu|158/370\n|move|p1a: Ting-Lu|Heavy Slam|p2a: Illumise\n|-damage|p2a: Illumise|52/266\n|\n|upkeep\n|turn|11\n|\n|t:|1781439236\n|move|p2a: Illumise|Roost|p2a: Illumise\n|-heal|p2a: Illumise|185/266\n|-singleturn|p2a: Illumise|move: Roost\n|move|p1a: Ting-Lu|Ruination|p2a: Illumise\n|-damage|p2a: Illumise|93/266\n|\n|upkeep\n|turn|12\n|\n|t:|1781439242\n|move|p2a: Illumise|Bug Buzz|p1a: Ting-Lu\n|-supereffective|p1a: Ting-Lu\n|-crit|p1a: Ting-Lu\n|-damage|p1a: Ting-Lu|6/370\n|move|p1a: Ting-Lu|Ruination|p2a: Illumise\n|-damage|p2a: Illumise|47/266\n|\n|upkeep\n|turn|13\n|\n|t:|1781439249\n|move|p2a: Illumise|Roost|p2a: Illumise\n|-heal|p2a: Illumise|180/266\n|-singleturn|p2a: Illumise|move: Roost\n|move|p1a: Ting-Lu|Payback|p2a: Illumise\n|-crit|p2a: Illumise\n|-damage|p2a: Illumise|23/266\n|\n|upkeep\n|turn|14\n|\n|t:|1781439255\n|move|p2a: Illumise|Roost|p2a: Illumise\n|-heal|p2a: Illumise|156/266\n|-singleturn|p2a: Illumise|move: Roost\n|move|p1a: Ting-Lu|Payback|p2a: Illumise\n|-damage|p2a: Illumise|51/266\n|\n|upkeep\n|turn|15\n|\n|t:|1781439261\n|move|p2a: Illumise|Roost|p2a: Illumise\n|-heal|p2a: Illumise|184/266\n|-singleturn|p2a: Illumise|move: Roost\n|move|p1a: Ting-Lu|Payback|p2a: Illumise\n|-damage|p2a: Illumise|78/266\n|\n|upkeep\n|turn|16\n|\n|t:|1781439263\n|move|p2a: Illumise|Bug Buzz|p1a: Ting-Lu\n|-supereffective|p1a: Ting-Lu\n|-damage|p1a: Ting-Lu|0 fnt\n|faint|p1a: Ting-Lu\n|\n|upkeep\n|\n|t:|1781439265\n|switch|p1a: Houndstone|Houndstone, L86, F|223/264 par\n|turn|17\n|\n|t:|1781439276\n|switch|p2a: Sylveon|Sylveon, L85, M|300/300\n|move|p1a: Houndstone|Poltergeist|p2a: Sylveon\n|-activate|p2a: Sylveon|move: Poltergeist|Leftovers\n|-damage|p2a: Sylveon|135/300\n|\n|-heal|p2a: Sylveon|153/300|[from] item: Leftovers\n|upkeep\n|turn|18\n|\n|t:|1781439283\n|move|p2a: Sylveon|Protect|p2a: Sylveon\n|-singleturn|p2a: Sylveon|Protect\n|move|p1a: Houndstone|Poltergeist|p2a: Sylveon\n|-activate|p2a: Sylveon|move: Protect\n|\n|-heal|p2a: Sylveon|171/300|[from] item: Leftovers\n|upkeep\n|turn|19\n|\n|t:|1781439288\n|move|p2a: Sylveon|Wish|p2a: Sylveon\n|cant|p1a: Houndstone|par\n|\n|-heal|p2a: Sylveon|189/300|[from] item: Leftovers\n|upkeep\n|turn|20\n|\n|t:|1781439292\n|move|p2a: Sylveon|Hyper Voice|p1a: Houndstone\n|-damage|p1a: Houndstone|105/264 par\n|move|p1a: Houndstone|Poltergeist|p2a: Sylveon\n|-activate|p2a: Sylveon|move: Poltergeist|Leftovers\n|-damage|p2a: Sylveon|36/300\n|\n|-heal|p2a: Sylveon|186/300|[from] move: Wish|[wisher] Sylveon\n|-heal|p2a: Sylveon|204/300|[from] item: Leftovers\n|upkeep\n|turn|21\n|\n|t:|1781439299\n|move|p1a: Houndstone|Shadow Sneak|p2a: Sylveon\n|-damage|p2a: Sylveon|143/300\n|move|p2a: Sylveon|Hyper Voice|p1a: Houndstone\n|-damage|p1a: Houndstone|0 fnt\n|faint|p1a: Houndstone\n|\n|-heal|p2a: Sylveon|161/300|[from] item: Leftovers\n|upkeep\n|\n|t:|1781439305\n|switch|p1a: Rotom|Rotom, L88|231/231\n|turn|22\n|\n|t:|1781439310\n|move|p2a: Sylveon|Protect|p2a: Sylveon\n|-singleturn|p2a: Sylveon|Protect\n|move|p1a: Rotom|Nasty Plot|p1a: Rotom\n|-boost|p1a: Rotom|spa|2\n|\n|-heal|p2a: Sylveon|179/300|[from] item: Leftovers\n|upkeep\n|turn|23\n|\n|t:|1781439318\n|move|p1a: Rotom|Thunderbolt|p2a: Sylveon\n|-damage|p2a: Sylveon|0 fnt\n|faint|p2a: Sylveon\n|-damage|p1a: Rotom|208/231|[from] item: Life Orb\n|\n|upkeep\n|\n|t:|1781439323\n|switch|p2a: Quagsire|Quagsire, L84, M|297/297\n|turn|24\n|\n|t:|1781439328\n|move|p1a: Rotom|Nasty Plot|p1a: Rotom\n|-boost|p1a: Rotom|spa|2\n|move|p2a: Quagsire|Ice Beam|p1a: Rotom\n|-damage|p1a: Rotom|160/231\n|\n|upkeep\n|turn|25\n|\n|t:|1781439332\n|move|p1a: Rotom|Shadow Ball|p2a: Quagsire\n|-damage|p2a: Quagsire|136/297\n|-damage|p1a: Rotom|137/231|[from] item: Life Orb\n|move|p2a: Quagsire|Toxic|p1a: Rotom\n|-status|p1a: Rotom|tox\n|\n|-heal|p2a: Quagsire|154/297|[from] item: Leftovers\n|-damage|p1a: Rotom|123/231 tox|[from] psn\n|upkeep\n|turn|26\n|\n|t:|1781439338\n|switch|p2a: Snorlax|Snorlax, L82, M|397/397\n|move|p1a: Rotom|Shadow Ball|p2a: Snorlax\n|-immune|p2a: Snorlax\n|\n|-damage|p1a: Rotom|95/231 tox|[from] psn\n|upkeep\n|turn|27\n|\n|t:|1781439343\n|switch|p2a: Quagsire|Quagsire, L84, M|154/297\n|move|p1a: Rotom|Will-O-Wisp|p2a: Quagsire\n|-status|p2a: Quagsire|brn\n|\n|-heal|p2a: Quagsire|172/297 brn|[from] item: Leftovers\n|-damage|p1a: Rotom|53/231 tox|[from] psn\n|-damage|p2a: Quagsire|154/297 brn|[from] brn\n|upkeep\n|turn|28\n|\n|t:|1781439351\n|move|p1a: Rotom|Shadow Ball|p2a: Quagsire\n|-damage|p2a: Quagsire|1/297 brn\n|-damage|p1a: Rotom|30/231 tox|[from] item: Life Orb\n|move|p2a: Quagsire|Recover|p2a: Quagsire\n|-heal|p2a: Quagsire|150/297 brn\n|\n|-heal|p2a: Quagsire|168/297 brn|[from] item: Leftovers\n|-damage|p1a: Rotom|0 fnt|[from] psn\n|faint|p1a: Rotom\n|-damage|p2a: Quagsire|150/297 brn|[from] brn\n|upkeep\n|\n|t:|1781439354\n|switch|p1a: Uxie|Uxie, L83|260/260\n|turn|29\n|\n|t:|1781439358\n|move|p1a: Uxie|Encore|p2a: Quagsire\n|-start|p2a: Quagsire|Encore\n|move|p2a: Quagsire|Recover|p2a: Quagsire\n|-heal|p2a: Quagsire|297/297 brn\n|\n|-damage|p2a: Quagsire|279/297 brn|[from] brn\n|upkeep\n|turn|30\n|\n|t:|1781439365\n|switch|p2a: Dachsbun|Dachsbun, L92, F|254/254\n|move|p1a: Uxie|Psychic Noise|p2a: Dachsbun\n|-damage|p2a: Dachsbun|184/254\n|-start|p2a: Dachsbun|move: Heal Block\n|\n|upkeep\n|turn|31\n|\n|t:|1781439371\n|move|p2a: Dachsbun|Yawn|p1a: Uxie\n|-start|p1a: Uxie|move: Yawn|[of] p2a: Dachsbun\n|move|p1a: Uxie|Thunder Wave|p2a: Dachsbun\n|-status|p2a: Dachsbun|par\n|\n|-end|p2a: Dachsbun|move: Heal Block\n|upkeep\n|turn|32\n|\n|t:|1781439380\n|cant|p2a: Dachsbun|par\n|move|p1a: Uxie|Psychic Noise|p2a: Dachsbun\n|-crit|p2a: Dachsbun\n|-damage|p2a: Dachsbun|90/254 par\n|-start|p2a: Dachsbun|move: Heal Block\n|\n|-end|p1a: Uxie|move: Yawn|[silent]\n|-status|p1a: Uxie|slp\n|upkeep\n|turn|33\n|\n|t:|1781439388\n|switch|p2a: Araquanid|Araquanid, L82, M|128/246\n|cant|p1a: Uxie|slp\n|\n|upkeep\n|turn|34\n|\n|t:|1781439391\n|cant|p1a: Uxie|slp\n|move|p2a: Araquanid|Leech Life|p1a: Uxie\n|-supereffective|p1a: Uxie\n|-damage|p1a: Uxie|116/260 slp\n|-heal|p2a: Araquanid|200/246|[from] drain|[of] p1a: Uxie\n|\n|-heal|p1a: Uxie|132/260 slp|[from] item: Leftovers\n|upkeep\n|turn|35\n|\n|t:|1781439394\n|-curestatus|p1a: Uxie|slp|[msg]\n|move|p1a: Uxie|Psychic Noise|p2a: Araquanid\n|-damage|p2a: Araquanid|148/246\n|-start|p2a: Araquanid|move: Heal Block\n|cant|p2a: Araquanid|move: Heal Block|Leech Life\n|\n|-heal|p1a: Uxie|148/260|[from] item: Leftovers\n|upkeep\n|turn|36\n|\n|t:|1781439401\n|switch|p2a: Snorlax|Snorlax, L82, M|397/397\n|move|p1a: Uxie|Psychic Noise|p2a: Snorlax\n|-damage|p2a: Snorlax|343/397\n|-start|p2a: Snorlax|move: Heal Block\n|\n|-heal|p1a: Uxie|164/260|[from] item: Leftovers\n|upkeep\n|turn|37\n|\n|t:|1781439406\n|move|p1a: Uxie|Thunder Wave|p2a: Snorlax\n|-status|p2a: Snorlax|par\n|cant|p2a: Snorlax|par\n|\n|-heal|p1a: Uxie|180/260|[from] item: Leftovers\n|-end|p2a: Snorlax|move: Heal Block\n|upkeep\n|turn|38\n|\n|t:|1781439410\n|move|p1a: Uxie|Psychic Noise|p2a: Snorlax\n|-crit|p2a: Snorlax\n|-damage|p2a: Snorlax|259/397 par\n|-start|p2a: Snorlax|move: Heal Block\n|move|p2a: Snorlax|Body Slam|p1a: Uxie\n|-damage|p1a: Uxie|104/260\n|\n|-heal|p1a: Uxie|120/260|[from] item: Leftovers\n|upkeep\n|turn|39\n|\n|t:|1781439416\n|move|p1a: Uxie|Stealth Rock|p2a: Snorlax\n|-sidestart|p2: UTJUTJ|move: Stealth Rock\n|cant|p2a: Snorlax|par\n|\n|-heal|p1a: Uxie|136/260|[from] item: Leftovers\n|-end|p2a: Snorlax|move: Heal Block\n|upkeep\n|turn|40\n|\n|t:|1781439419\n|move|p1a: Uxie|Psychic Noise|p2a: Snorlax\n|-damage|p2a: Snorlax|208/397 par\n|-start|p2a: Snorlax|move: Heal Block\n|move|p2a: Snorlax|Body Slam|p1a: Uxie\n|-damage|p1a: Uxie|66/260\n|\n|-heal|p1a: Uxie|82/260|[from] item: Leftovers\n|upkeep\n|turn|41\n|\n|t:|1781439423\n|move|p1a: Uxie|Psychic Noise|p2a: Snorlax\n|-damage|p2a: Snorlax|156/397 par\n|move|p2a: Snorlax|Body Slam|p1a: Uxie\n|-damage|p1a: Uxie|7/260\n|\n|-heal|p1a: Uxie|23/260|[from] item: Leftovers\n|-end|p2a: Snorlax|move: Heal Block\n|upkeep\n|turn|42\n|\n|t:|1781439426\n|move|p1a: Uxie|Psychic Noise|p2a: Snorlax\n|-damage|p2a: Snorlax|98/397 par\n|-start|p2a: Snorlax|move: Heal Block\n|move|p2a: Snorlax|Body Slam|p1a: Uxie\n|-damage|p1a: Uxie|0 fnt\n|faint|p1a: Uxie\n|\n|upkeep\n|\n|t:|1781439429\n|switch|p1a: Garchomp|Garchomp, L74, F|282/282\n|-activate|p1a: Garchomp|move: Sticky Web\n|-unboost|p1a: Garchomp|spe|1\n|turn|43\n|\n|t:|1781439451\n|move|p1a: Garchomp|Earthquake|p2a: Snorlax\n|-damage|p2a: Snorlax|0 fnt\n|faint|p2a: Snorlax\n|\n|upkeep\n|\n|t:|1781439458\n|switch|p2a: Quagsire|Quagsire, L84, M|279/297 brn\n|-damage|p2a: Quagsire|261/297 brn|[from] Stealth Rock\n|turn|44\n|\n|t:|1781439464\n|move|p2a: Quagsire|Ice Beam|p1a: Garchomp\n|-supereffective|p1a: Garchomp\n|-damage|p1a: Garchomp|42/282\n|move|p1a: Garchomp|Dragon Tail|p2a: Quagsire\n|-damage|p2a: Quagsire|192/297 brn\n|drag|p2a: Araquanid|Araquanid, L82, M|148/246\n|-damage|p2a: Araquanid|87/246|[from] Stealth Rock\n|\n|upkeep\n|turn|45\n|\n|t:|1781439473\n|move|p1a: Garchomp|Outrage|p2a: Araquanid\n|-damage|p2a: Araquanid|0 fnt\n|faint|p2a: Araquanid\n|\n|upkeep\n|\n|t:|1781439479\n|switch|p2a: Illumise|Illumise, L91, F|78/266\n|turn|46\n|\n|t:|1781439482\n|move|p2a: Illumise|Bug Buzz|p1a: Garchomp\n|-damage|p1a: Garchomp|0 fnt\n|faint|p1a: Garchomp\n|\n|upkeep\n|\n|t:|1781439484\n|switch|p1a: Bellossom|Bellossom, L84, M|263/263\n|-activate|p1a: Bellossom|move: Sticky Web\n|-unboost|p1a: Bellossom|spe|1\n|turn|47\n|\n|t:|1781439491\n|-terastallize|p1a: Bellossom|Rock\n|move|p2a: Illumise|Roost|p2a: Illumise\n|-heal|p2a: Illumise|211/266\n|-singleturn|p2a: Illumise|move: Roost\n|move|p1a: Bellossom|Tera Blast|p2a: Illumise|[anim] Tera Blast Rock\n|-supereffective|p2a: Illumise\n|-damage|p2a: Illumise|55/266\n|\n|upkeep\n|turn|48\n|\n|t:|1781439499\n|-terastallize|p2a: Illumise|Water\n|move|p2a: Illumise|Roost|p2a: Illumise\n|-heal|p2a: Illumise|188/266\n|move|p1a: Bellossom|Tera Blast|p2a: Illumise|[anim] Tera Blast Rock\n|-damage|p2a: Illumise|112/266\n|\n|upkeep\n|turn|49\n|\n|t:|1781439506\n|move|p2a: Illumise|Encore|p1a: Bellossom\n|-start|p1a: Bellossom|Encore\n|move|p1a: Bellossom|Tera Blast|p2a: Illumise|[anim] Tera Blast Rock\n|-damage|p2a: Illumise|34/266\n|\n|upkeep\n|turn|50\n|\n|t:|1781439510\n|move|p2a: Illumise|Roost|p2a: Illumise\n|-heal|p2a: Illumise|167/266\n|move|p1a: Bellossom|Tera Blast|p2a: Illumise|[anim] Tera Blast Rock\n|-damage|p2a: Illumise|92/266\n|\n|upkeep\n|turn|51\n|\n|t:|1781439519\n|move|p2a: Illumise|Roost|p2a: Illumise\n|-heal|p2a: Illumise|225/266\n|move|p1a: Bellossom|Tera Blast|p2a: Illumise|[anim] Tera Blast Rock\n|-damage|p2a: Illumise|155/266\n|\n|-end|p1a: Bellossom|Encore\n|upkeep\n|turn|52\n|\n|t:|1781439525\n|move|p2a: Illumise|Encore|p1a: Bellossom\n|-start|p1a: Bellossom|Encore\n|move|p1a: Bellossom|Tera Blast|p2a: Illumise|[anim] Tera Blast Rock\n|-damage|p2a: Illumise|76/266\n|\n|upkeep\n|turn|53\n|\n|t:|1781439530\n|move|p2a: Illumise|Thunder Wave|p1a: Bellossom\n|-status|p1a: Bellossom|par\n|move|p1a: Bellossom|Tera Blast|p2a: Illumise|[anim] Tera Blast Rock\n|-damage|p2a: Illumise|0 fnt\n|faint|p2a: Illumise\n|\n|upkeep\n|\n|t:|1781439539\n|switch|p2a: Dachsbun|Dachsbun, L92, F|90/254 par\n|-damage|p2a: Dachsbun|59/254 par|[from] Stealth Rock\n|turn|54\n|\n|t:|1781439551\n|move|p2a: Dachsbun|Wish|p2a: Dachsbun\n|cant|p1a: Bellossom|par\n|\n|-heal|p2a: Dachsbun|74/254 par|[from] item: Leftovers\n|-end|p1a: Bellossom|Encore\n|upkeep\n|turn|55\n|\n|t:|1781439557\n|move|p2a: Dachsbun|Protect|p2a: Dachsbun\n|-singleturn|p2a: Dachsbun|Protect\n|move|p1a: Bellossom|Quiver Dance|p1a: Bellossom\n|-boost|p1a: Bellossom|spa|1\n|-boost|p1a: Bellossom|spd|1\n|-boost|p1a: Bellossom|spe|1\n|\n|-heal|p2a: Dachsbun|201/254 par|[from] move: Wish|[wisher] Dachsbun\n|-heal|p2a: Dachsbun|216/254 par|[from] item: Leftovers\n|upkeep\n|turn|56\n|\n|t:|1781439563\n|cant|p2a: Dachsbun|par\n|move|p1a: Bellossom|Quiver Dance|p1a: Bellossom\n|-boost|p1a: Bellossom|spa|1\n|-boost|p1a: Bellossom|spd|1\n|-boost|p1a: Bellossom|spe|1\n|\n|-heal|p2a: Dachsbun|231/254 par|[from] item: Leftovers\n|upkeep\n|turn|57\n|\n|t:|1781439566\n|move|p2a: Dachsbun|Play Rough|p1a: Bellossom\n|-damage|p1a: Bellossom|175/263 par\n|move|p1a: Bellossom|Giga Drain|p2a: Dachsbun\n|-crit|p2a: Dachsbun\n|-damage|p2a: Dachsbun|11/254 par\n|-heal|p1a: Bellossom|263/263 par|[from] drain|[of] p2a: Dachsbun\n|\n|-heal|p2a: Dachsbun|26/254 par|[from] item: Leftovers\n|upkeep\n|turn|58\n|\n|t:|1781439577\n|move|p2a: Dachsbun|Wish|p2a: Dachsbun\n|cant|p1a: Bellossom|par\n|\n|-heal|p2a: Dachsbun|41/254 par|[from] item: Leftovers\n|upkeep\n|turn|59\n|\n|t:|1781439581\n|move|p2a: Dachsbun|Play Rough|p1a: Bellossom|[miss]\n|-miss|p2a: Dachsbun|p1a: Bellossom\n|move|p1a: Bellossom|Quiver Dance|p1a: Bellossom\n|-boost|p1a: Bellossom|spa|1\n|-boost|p1a: Bellossom|spd|1\n|-boost|p1a: Bellossom|spe|1\n|\n|-heal|p2a: Dachsbun|168/254 par|[from] move: Wish|[wisher] Dachsbun\n|-heal|p2a: Dachsbun|183/254 par|[from] item: Leftovers\n|upkeep\n|turn|60\n|\n|t:|1781439586\n|cant|p1a: Bellossom|par\n|move|p2a: Dachsbun|Play Rough|p1a: Bellossom|[miss]\n|-miss|p2a: Dachsbun|p1a: Bellossom\n|\n|-heal|p2a: Dachsbun|198/254 par|[from] item: Leftovers\n|upkeep\n|turn|61\n|\n|t:|1781439591\n|move|p1a: Bellossom|Tera Blast|p2a: Dachsbun|[anim] Tera Blast Rock\n|-damage|p2a: Dachsbun|5/254 par\n|cant|p2a: Dachsbun|par\n|\n|-heal|p2a: Dachsbun|20/254 par|[from] item: Leftovers\n|upkeep\n|turn|62\n|\n|t:|1781439594\n|move|p1a: Bellossom|Giga Drain|p2a: Dachsbun\n|-damage|p2a: Dachsbun|0 fnt\n|faint|p2a: Dachsbun\n|\n|upkeep\n|\n|t:|1781439597\n|switch|p2a: Quagsire|Quagsire, L84, M|192/297 brn\n|-damage|p2a: Quagsire|174/297 brn|[from] Stealth Rock\n|turn|63\n|\n|t:|1781439601\n|cant|p1a: Bellossom|par\n|move|p2a: Quagsire|Earthquake|p1a: Bellossom\n|-supereffective|p1a: Bellossom\n|-damage|p1a: Bellossom|176/263 par\n|\n|-heal|p1a: Bellossom|192/263 par|[from] item: Leftovers\n|-heal|p2a: Quagsire|192/297 brn|[from] item: Leftovers\n|-damage|p2a: Quagsire|174/297 brn|[from] brn\n|upkeep\n|turn|64\n|\n|t:|1781439604\n|move|p1a: Bellossom|Giga Drain|p2a: Quagsire\n|-supereffective|p2a: Quagsire\n|-damage|p2a: Quagsire|0 fnt\n|-heal|p1a: Bellossom|263/263 par|[from] drain|[of] p2a: Quagsire\n|faint|p2a: Quagsire\n|\n|win|Valentina17\n", "inputlog": ">version a8376a258c1d4662feba110a92103f3664a72141\n>start {\"formatid\":\"gen9randombattle\",\"seed\":\"sodium,66e3b91d98007df9e60d305ebba3c45c\",\"rated\":\"Rated battle\"}\n>player p1 {\"name\":\"Valentina17\",\"avatar\":\"parasollady\",\"rating\":1904,\"seed\":\"sodium,cb79ba016ee830d32ef95da2f8ff16f3\"}\n>player p2 {\"name\":\"UTJUTJ\",\"avatar\":\"101\",\"rating\":1977,\"seed\":\"sodium,e4f3cd03557b86a6d2c89e5373250b9e\"}\n>p1 move trick\n>p2 switch 2\n>p1 move poltergeist\n>p2 move stickyweb\n>p1 move poltergeist\n>p2 switch 5\n>p1 move trick\n>p2 switch 6\n>p1 move poltergeist\n>p2 move encore\n>p1 move trick\n>p2 move thunderwave\n>p1 move trick\n>p2 move bugbuzz\n>p1 switch 4\n>p2 move encore\n>p1 move ruination\n>p2 move bugbuzz\n>p1 move heavyslam\n>p2 move bugbuzz\n>p1 move ruination\n>p2 move roost\n>p1 move ruination\n>p2 move bugbuzz\n>p1 move payback\n>p2 move roost\n>p1 move payback\n>p2 move roost\n>p1 move payback\n>p2 move roost\n>p1 move payback\n>p2 move bugbuzz\n>p1 switch 4\n>p1 move poltergeist\n>p2 switch 2\n>p1 move poltergeist\n>p2 move protect\n>p1 move poltergeist\n>p2 move wish\n>p1 move poltergeist\n>p2 move hypervoice\n>p1 move shadowsneak\n>p2 move hypervoice\n>p1 switch 6\n>p1 move nastyplot\n>p2 move protect\n>p1 move thunderbolt\n>p2 move hypervoice\n>p2 switch 4\n>p1 move nastyplot\n>p2 move icebeam\n>p1 move shadowball\n>p2 move toxic\n>p1 move shadowball\n>p2 switch 6\n>p1 move willowisp\n>p2 switch 6\n>p1 move shadowball\n>p2 move recover\n>p1 switch 3\n>p1 move encore\n>p2 move recover\n>p1 move psychicnoise\n>p2 switch 3\n>p1 move thunderwave\n>p2 move yawn\n>p1 move psychicnoise\n>p2 move protect\n>p1 move psychicnoise\n>p2 switch 5\n>p1 move psychicnoise\n>p2 move leechlife\n>p1 move psychicnoise\n>p2 move leechlife\n>p1 move psychicnoise\n>p2 switch 6\n>p1 move thunderwave\n>p2 move bodyslam\n>p1 move psychicnoise\n>p2 move bodyslam\n>p1 move stealthrock\n>p2 move bodyslam\n>p1 move psychicnoise\n>p2 move bodyslam\n>p1 move psychicnoise\n>p2 move bodyslam\n>p1 move psychicnoise\n>p2 move bodyslam\n>p1 switch 5\n>p1 move earthquake\n>p2 move bodyslam\n>p2 switch 3\n>p1 move dragontail\n>p2 move icebeam\n>p1 move outrage\n>p2 move liquidation\n>p2 switch 2\n>p1 move outrage\n>p2 move bugbuzz\n>p1 switch 2\n>p1 move terablast terastallize\n>p2 move roost\n>p1 move terablast\n>p2 move roost terastallize\n>p1 move gigadrain\n>p2 move encore\n>p1 move terablast\n>p2 move roost\n>p1 move terablast\n>p2 move roost\n>p1 move gigadrain\n>p2 move encore\n>p1 move terablast\n>p2 move thunderwave\n>p2 switch 5\n>p1 move terablast\n>p2 move wish\n>p1 move quiverdance\n>p2 move protect\n>p1 move quiverdance\n>p2 move playrough\n>p1 move gigadrain\n>p2 move playrough\n>p1 move quiverdance\n>p2 move wish\n>p1 move quiverdance\n>p2 move playrough\n>p1 move gigadrain\n>p2 move playrough\n>p1 move terablast\n>p2 move playrough\n>p1 move gigadrain\n>p2 move wish\n>p2 switch 6\n>p1 move gigadrain\n>p2 move earthquake\n>p1 move gigadrain\n>p2 move earthquake", "uploadtime": 1781439165, "views": 5, "formatid": "gen9randombattle", "rating": null, "private": 0, "password": null}