{"id": "gen9randombattle-2631496388", "format": "[Gen 9] Random Battle", "players": ["crimdawgx2", "NoPork4k"], "log": "|j|\u203dcrimdawgx2\n|j|\u2606NoPork4k\n|t:|1781392437\n|gametype|singles\n|player|p1|crimdawgx2|102|1528\n|player|p2|NoPork4k|170|1568\n|gen|9\n|tier|[Gen 9] Random Battle\n|rated|\n|rule|Species Clause: Limit one of each Pok\u00e9mon\n|rule|HP Percentage Mod: HP is shown in percentages\n|rule|Sleep Clause Mod: Limit one foe put to sleep\n|rule|Illusion Level Mod: Illusion disguises the Pok\u00e9mon's true level\n|\n|t:|1781392437\n|teamsize|p1|6\n|teamsize|p2|6\n|start\n|switch|p1a: Ogerpon|Ogerpon-Cornerstone, L76, F|247/247\n|switch|p2a: Meowscarada|Meowscarada, L78, M|247/247\n|turn|1\n|inactive|Battle timer is ON: inactive players will automatically lose when time's up. (requested by crimdawgx2)\n|inactive|crimdawgx2 has 120 seconds left.\n|\n|t:|1781392473\n|-terastallize|p1a: Ogerpon|Rock\n|detailschange|p1a: Ogerpon|Ogerpon-Cornerstone-Tera, L76, F, tera:Rock\n|-ability|p1a: Ogerpon|Embody Aspect (Cornerstone)|boost\n|-boost|p1a: Ogerpon|def|1\n|move|p2a: Meowscarada|Triple Axel|p1a: Ogerpon\n|-start|p2a: Meowscarada|typechange|Ice|[from] ability: Protean\n|-damage|p1a: Ogerpon|222/247\n|-damage|p1a: Ogerpon|176/247\n|-damage|p1a: Ogerpon|104/247\n|-hitcount|p1a: Ogerpon|3\n|move|p1a: Ogerpon|Horn Leech|p2a: Meowscarada\n|-damage|p2a: Meowscarada|126/247\n|-heal|p1a: Ogerpon|165/247|[from] drain|[of] p2a: Meowscarada\n|\n|upkeep\n|turn|2\n|inactive|NoPork4k has 120 seconds left.\n|\n|t:|1781392506\n|switch|p2a: Sawsbuck|Sawsbuck-Winter, L88, M|284/284\n|move|p1a: Ogerpon|Ivy Cudgel|p2a: Sawsbuck|[anim] Ivy Cudgel Rock\n|-damage|p2a: Sawsbuck|98/284\n|\n|upkeep\n|turn|3\n|inactive|crimdawgx2 has 120 seconds left.\n|\n|t:|1781392535\n|switch|p1a: Dodrio|Dodrio, L85, M|241/241\n|move|p2a: Sawsbuck|Horn Leech|p1a: Dodrio\n|-resisted|p1a: Dodrio\n|-damage|p1a: Dodrio|175/241\n|-heal|p2a: Sawsbuck|131/284|[from] drain|[of] p1a: Dodrio\n|-damage|p2a: Sawsbuck|103/284|[from] item: Life Orb\n|\n|upkeep\n|turn|4\n|inactive|crimdawgx2 has 120 seconds left.\n|\n|t:|1781392550\n|switch|p2a: Zebstrika|Zebstrika, L87, F|272/272\n|move|p1a: Dodrio|Double-Edge|p2a: Zebstrika\n|-damage|p2a: Zebstrika|0 fnt\n|faint|p2a: Zebstrika\n|-damage|p1a: Dodrio|85/241|[from] Recoil\n|\n|upkeep\n|\n|t:|1781392558\n|switch|p2a: Avalugg|Avalugg-Hisui, L90, M|317/317\n|turn|5\n|inactive|crimdawgx2 has 120 seconds left.\n|\n|t:|1781392594\n|switch|p1a: Samurott|Samurott, L88, M|310/310\n|move|p2a: Avalugg|Body Press|p1a: Samurott\n|-damage|p1a: Samurott|209/310\n|\n|upkeep\n|turn|6\n|\n|t:|1781392609\n|move|p1a: Samurott|Sacred Sword|p2a: Avalugg\n|-supereffective|p2a: Avalugg\n|-damage|p2a: Avalugg|135/317\n|-damage|p1a: Samurott|178/310|[from] item: Life Orb\n|move|p2a: Avalugg|Body Press|p1a: Samurott\n|-damage|p1a: Samurott|70/310\n|\n|upkeep\n|turn|7\n|\n|t:|1781392621\n|switch|p2a: Clefable|Clefable, L83, M|293/293\n|move|p1a: Samurott|Liquidation|p2a: Clefable\n|-damage|p2a: Clefable|62/293\n|-unboost|p2a: Clefable|def|1\n|-damage|p1a: Samurott|39/310|[from] item: Life Orb\n|\n|-heal|p2a: Clefable|80/293|[from] item: Leftovers\n|upkeep\n|turn|8\n|\n|t:|1781392630\n|move|p1a: Samurott|Liquidation|p2a: Clefable\n|-damage|p2a: Clefable|0 fnt\n|faint|p2a: Clefable\n|-damage|p1a: Samurott|8/310|[from] item: Life Orb\n|\n|upkeep\n|\n|t:|1781392646\n|switch|p2a: Manaphy|Manaphy, L78|284/284\n|turn|9\n|\n|t:|1781392662\n|move|p2a: Manaphy|Tail Glow|p2a: Manaphy\n|-boost|p2a: Manaphy|spa|3\n|move|p1a: Samurott|Knock Off|p2a: Manaphy\n|-damage|p2a: Manaphy|184/284\n|-enditem|p2a: Manaphy|Leftovers|[from] move: Knock Off|[of] p1a: Samurott\n|-damage|p1a: Samurott|0 fnt|[from] item: Life Orb\n|faint|p1a: Samurott\n|\n|upkeep\n|\n|t:|1781392676\n|switch|p1a: Dodrio|Dodrio, L85, M|85/241\n|turn|10\n|\n|t:|1781392687\n|move|p1a: Dodrio|Double-Edge|p2a: Manaphy\n|-damage|p2a: Manaphy|0 fnt\n|faint|p2a: Manaphy\n|-damage|p1a: Dodrio|24/241|[from] Recoil\n|\n|upkeep\n|\n|t:|1781392693\n|switch|p2a: Avalugg|Avalugg-Hisui, L90, M|135/317\n|turn|11\n|inactive|crimdawgx2 has 120 seconds left.\n|inactive|crimdawgx2 has 90 seconds left.\n|\n|t:|1781392753\n|move|p1a: Dodrio|Double-Edge|p2a: Avalugg\n|-resisted|p2a: Avalugg\n|-damage|p2a: Avalugg|78/317\n|-damage|p1a: Dodrio|5/241|[from] Recoil\n|move|p2a: Avalugg|Recover|p2a: Avalugg\n|-heal|p2a: Avalugg|237/317\n|\n|upkeep\n|turn|12\n|\n|t:|1781392760\n|switch|p1a: Grafaiai|Grafaiai, L86, M|249/249\n|move|p2a: Avalugg|Recover|p2a: Avalugg\n|-heal|p2a: Avalugg|317/317\n|\n|upkeep\n|turn|13\n|\n|t:|1781392772\n|switch|p1a: Dodrio|Dodrio, L85, M|5/241\n|move|p2a: Avalugg|Body Press|p1a: Dodrio\n|-damage|p1a: Dodrio|0 fnt\n|faint|p1a: Dodrio\n|\n|upkeep\n|\n|t:|1781392782\n|switch|p1a: Cramorant|Cramorant, L86, M|261/261\n|turn|14\n|\n|t:|1781392791\n|move|p1a: Cramorant|Brave Bird|p2a: Avalugg\n|-resisted|p2a: Avalugg\n|-crit|p2a: Avalugg\n|-damage|p2a: Avalugg|267/317\n|-damage|p1a: Cramorant|244/261|[from] Recoil\n|move|p2a: Avalugg|Stone Edge|p1a: Cramorant\n|-supereffective|p1a: Cramorant\n|-damage|p1a: Cramorant|0 fnt\n|faint|p1a: Cramorant\n|\n|upkeep\n|\n|t:|1781392801\n|switch|p1a: Sneasler|Sneasler, L74, F|240/240\n|turn|15\n|\n|t:|1781392822\n|-terastallize|p2a: Avalugg|Flying\n|move|p1a: Sneasler|U-turn|p2a: Avalugg\n|-resisted|p2a: Avalugg\n|-damage|p2a: Avalugg|249/317\n|-status|p2a: Avalugg|psn|[from] ability: Poison Touch|[of] p1a: Sneasler\n|inactive|crimdawgx2 has 60 seconds left.\n|\n|t:|1781392844\n|switch|p1a: Grafaiai|Grafaiai, L86, M|249/249|[from] U-turn\n|move|p2a: Avalugg|Avalanche|p1a: Grafaiai\n|-damage|p1a: Grafaiai|143/249\n|\n|-damage|p2a: Avalugg|210/317 psn|[from] psn\n|upkeep\n|turn|16\n|\n|t:|1781392851\n|move|p1a: Grafaiai|Knock Off|p2a: Avalugg\n|-damage|p2a: Avalugg|161/317 psn\n|-enditem|p2a: Avalugg|Heavy-Duty Boots|[from] move: Knock Off|[of] p1a: Grafaiai\n|-damage|p1a: Grafaiai|119/249|[from] item: Life Orb\n|move|p2a: Avalugg|Recover|p2a: Avalugg\n|-heal|p2a: Avalugg|317/317 psn\n|\n|-damage|p2a: Avalugg|278/317 psn|[from] psn\n|upkeep\n|turn|17\n|\n|t:|1781392860\n|move|p1a: Grafaiai|Swords Dance|p1a: Grafaiai\n|-boost|p1a: Grafaiai|atk|2\n|move|p2a: Avalugg|Body Press|p1a: Grafaiai\n|-damage|p1a: Grafaiai|0 fnt\n|faint|p1a: Grafaiai\n|\n|-damage|p2a: Avalugg|239/317 psn|[from] psn\n|upkeep\n|\n|t:|1781392866\n|switch|p1a: Ogerpon|Ogerpon-Cornerstone-Tera, L76, F, tera:Rock|165/247\n|-ability|p1a: Ogerpon|Embody Aspect (Cornerstone)|boost\n|-boost|p1a: Ogerpon|def|1\n|turn|18\n|\n|t:|1781392872\n|move|p1a: Ogerpon|Ivy Cudgel|p2a: Avalugg|[anim] Ivy Cudgel Rock\n|-supereffective|p2a: Avalugg\n|-damage|p2a: Avalugg|79/317 psn\n|move|p2a: Avalugg|Body Press|p1a: Ogerpon\n|-supereffective|p1a: Ogerpon\n|-damage|p1a: Ogerpon|0 fnt\n|faint|p1a: Ogerpon\n|detailschange|p1: Ogerpon|Ogerpon-Cornerstone, L76, F|[silent]\n|\n|-damage|p2a: Avalugg|40/317 psn|[from] psn\n|upkeep\n|\n|t:|1781392878\n|switch|p1a: Sneasler|Sneasler, L74, F|240/240\n|turn|19\n|\n|t:|1781392887\n|move|p1a: Sneasler|Dire Claw|p2a: Avalugg\n|-damage|p2a: Avalugg|0 fnt\n|faint|p2a: Avalugg\n|\n|upkeep\n|\n|t:|1781392892\n|switch|p2a: Sawsbuck|Sawsbuck-Winter, L88, M|103/284\n|turn|20\n|\n|t:|1781392899\n|move|p1a: Sneasler|Dire Claw|p2a: Sawsbuck\n|-supereffective|p2a: Sawsbuck\n|-damage|p2a: Sawsbuck|0 fnt\n|faint|p2a: Sawsbuck\n|\n|upkeep\n|\n|t:|1781392901\n|switch|p2a: Meowscarada|Meowscarada, L78, M|126/247\n|turn|21\n|\n|t:|1781392907\n|move|p2a: Meowscarada|Triple Axel|p1a: Sneasler\n|-start|p2a: Meowscarada|typechange|Ice|[from] ability: Protean\n|-damage|p1a: Sneasler|197/240\n|-crit|p1a: Sneasler\n|-damage|p1a: Sneasler|61/240\n|-hitcount|p1a: Sneasler|2\n|move|p1a: Sneasler|Dire Claw|p2a: Meowscarada\n|-damage|p2a: Meowscarada|0 fnt\n|faint|p2a: Meowscarada\n|\n|win|crimdawgx2\n|raw|crimdawgx2's rating: 1528 &rarr; <strong>1550</strong><br />(+22 for winning)\n|raw|NoPork4k's rating: 1568 &rarr; <strong>1546</strong><br />(-22 for losing)\n|l|\u2606NoPork4k\n|player|p2|\n", "inputlog": ">version a8376a258c1d4662feba110a92103f3664a72141\n>start {\"formatid\":\"gen9randombattle\",\"seed\":\"sodium,a51ec2da92cf3fa1558274357b6af99f\",\"rated\":\"Rated battle\"}\n>player p1 {\"name\":\"crimdawgx2\",\"avatar\":\"102\",\"rating\":1528,\"seed\":\"sodium,e90b1b651462ae2745d5544b58e22b1d\"}\n>player p2 {\"name\":\"NoPork4k\",\"avatar\":\"170\",\"rating\":1568,\"seed\":\"sodium,dea94f76a85624f7561c45cdfb5c3599\"}\n>p1 move hornleech terastallize\n>p2 move tripleaxel\n>p1 move ivycudgel\n>p2 switch 3\n>p1 switch 5\n>p2 move hornleech\n>p1 move doubleedge\n>p2 switch 6\n>p2 switch 2\n>p1 switch 3\n>p2 move bodypress\n>p1 move sacredsword\n>p2 move bodypress\n>p1 move liquidation\n>p2 switch 4\n>p1 move liquidation\n>p2 move moonlight\n>p2 switch 5\n>p1 move knockoff\n>p2 move tailglow\n>p1 switch 3\n>p1 move doubleedge\n>p2 move icebeam\n>p2 switch 4\n>p1 move doubleedge\n>p2 move recover\n>p1 switch 2\n>p2 move recover\n>p1 switch 2\n>p2 move bodypress\n>p1 switch 4\n>p1 move bravebird\n>p2 move stoneedge\n>p1 switch 6\n>p1 move uturn\n>p2 move avalanche terastallize\n>p1 switch 2\n>p1 move knockoff\n>p2 move recover\n>p1 move swordsdance\n>p2 move bodypress\n>p1 switch 5\n>p1 move ivycudgel\n>p2 move bodypress\n>p1 switch 2\n>p1 move direclaw\n>p2 move avalanche\n>p2 switch 6\n>p1 move direclaw\n>p2 move highhorsepower\n>p2 switch 3\n>p1 move direclaw\n>p2 move tripleaxel", "uploadtime": 1781392921, "views": 4, "formatid": "gen9randombattle", "rating": 1546, "private": 0, "password": null}