{"id": "gen9randombattle-2631774951", "format": "[Gen 9] Random Battle", "players": ["Bigouden", "mundigsters"], "log": "|j|\u2606Bigouden\n|j|\u2606mundigsters\n|t:|1781437700\n|gametype|singles\n|player|p1|Bigouden|maid|2027\n|player|p2|mundigsters|2|2006\n|gen|9\n|tier|[Gen 9] Random Battle\n|rated|\n|rule|Species Clause: Limit one of each Pok\u00e9mon\n|rule|HP Percentage Mod: HP is shown in percentages\n|rule|Sleep Clause Mod: Limit one foe put to sleep\n|rule|Illusion Level Mod: Illusion disguises the Pok\u00e9mon's true level\n|\n|t:|1781437700\n|teamsize|p1|6\n|teamsize|p2|6\n|start\n|switch|p1a: Bronzong|Bronzong, L88|261/261\n|switch|p2a: Lokix|Lokix, L82, F|251/251\n|turn|1\n|inactive|Battle timer is ON: inactive players will automatically lose when time's up. (requested by mundigsters)\n|\n|t:|1781437717\n|switch|p1a: Tentacruel|Tentacruel, L84, M|272/272\n|move|p2a: Lokix|Knock Off|p1a: Tentacruel\n|-damage|p1a: Tentacruel|107/272\n|-enditem|p1a: Tentacruel|Leftovers|[from] move: Knock Off|[of] p2a: Lokix\n|-damage|p2a: Lokix|226/251|[from] item: Life Orb\n|\n|upkeep\n|turn|2\n|\n|t:|1781437730\n|move|p1a: Tentacruel|Toxic Spikes|p2a: Lokix\n|-sidestart|p2: mundigsters|move: Toxic Spikes\n|move|p2a: Lokix|Knock Off|p1a: Tentacruel\n|-damage|p1a: Tentacruel|0 fnt\n|faint|p1a: Tentacruel\n|-damage|p2a: Lokix|201/251|[from] item: Life Orb\n|\n|upkeep\n|\n|t:|1781437739\n|switch|p1a: Indeedee|Indeedee-F, L90, F|272/272\n|-fieldstart|move: Psychic Terrain|[from] ability: Psychic Surge|[of] p1a: Indeedee\n|turn|3\n|\n|t:|1781437745\n|move|p1a: Indeedee|Dazzling Gleam|p2a: Lokix\n|-supereffective|p2a: Lokix\n|-damage|p2a: Lokix|0 fnt\n|faint|p2a: Lokix\n|-damage|p1a: Indeedee|245/272|[from] item: Life Orb\n|\n|upkeep\n|\n|t:|1781437753\n|switch|p2a: Oricorio|Oricorio-Sensu, L85, M|266/266\n|turn|4\n|\n|t:|1781437759\n|move|p2a: Oricorio|Quiver Dance|p2a: Oricorio\n|-boost|p2a: Oricorio|spa|1\n|-boost|p2a: Oricorio|spd|1\n|-boost|p2a: Oricorio|spe|1\n|move|p1a: Indeedee|Calm Mind|p1a: Indeedee\n|-boost|p1a: Indeedee|spa|1\n|-boost|p1a: Indeedee|spd|1\n|\n|upkeep\n|turn|5\n|\n|t:|1781437763\n|move|p2a: Oricorio|Quiver Dance|p2a: Oricorio\n|-boost|p2a: Oricorio|spa|1\n|-boost|p2a: Oricorio|spd|1\n|-boost|p2a: Oricorio|spe|1\n|move|p1a: Indeedee|Psyshock|p2a: Oricorio\n|-damage|p2a: Oricorio|0 fnt\n|faint|p2a: Oricorio\n|-damage|p1a: Indeedee|218/272|[from] item: Life Orb\n|\n|upkeep\n|\n|t:|1781437769\n|switch|p2a: Greedent|Greedent, L86, F|347/347\n|-status|p2a: Greedent|psn\n|turn|6\n|\n|t:|1781437775\n|switch|p1a: Bronzong|Bronzong, L88|261/261\n|move|p2a: Greedent|Body Slam|p1a: Bronzong\n|-resisted|p1a: Bronzong\n|-damage|p1a: Bronzong|225/261\n|\n|-heal|p1a: Bronzong|241/261|[from] item: Leftovers\n|-damage|p2a: Greedent|304/347 psn|[from] psn\n|upkeep\n|turn|7\n|\n|t:|1781437779\n|move|p1a: Bronzong|Iron Defense|p1a: Bronzong\n|-boost|p1a: Bronzong|def|2\n|move|p2a: Greedent|Knock Off|p1a: Bronzong\n|-supereffective|p1a: Bronzong\n|-damage|p1a: Bronzong|189/261\n|-enditem|p1a: Bronzong|Leftovers|[from] move: Knock Off|[of] p2a: Greedent\n|\n|-damage|p2a: Greedent|261/347 psn|[from] psn\n|-fieldend|move: Psychic Terrain\n|upkeep\n|turn|8\n|\n|t:|1781437789\n|switch|p2a: Arcanine|Arcanine, L84, M|288/288\n|-ability|p2a: Arcanine|Intimidate|boost\n|-unboost|p1a: Bronzong|atk|1\n|move|p1a: Bronzong|Body Press|p2a: Arcanine\n|-damage|p2a: Arcanine|144/288\n|\n|upkeep\n|turn|9\n|\n|t:|1781437797\n|move|p2a: Arcanine|Will-O-Wisp|p1a: Bronzong\n|-status|p1a: Bronzong|brn\n|move|p1a: Bronzong|Body Press|p2a: Arcanine\n|-damage|p2a: Arcanine|69/288\n|\n|-damage|p1a: Bronzong|173/261 brn|[from] brn\n|upkeep\n|turn|10\n|\n|t:|1781437803\n|move|p2a: Arcanine|Morning Sun|p2a: Arcanine\n|-heal|p2a: Arcanine|213/288\n|move|p1a: Bronzong|Iron Defense|p1a: Bronzong\n|-boost|p1a: Bronzong|def|2\n|\n|-damage|p1a: Bronzong|157/261 brn|[from] brn\n|upkeep\n|turn|11\n|\n|t:|1781437809\n|move|p2a: Arcanine|Flare Blitz|p1a: Bronzong\n|-supereffective|p1a: Bronzong\n|-damage|p1a: Bronzong|91/261 brn\n|-damage|p2a: Arcanine|191/288|[from] Recoil\n|move|p1a: Bronzong|Iron Defense|p1a: Bronzong\n|-boost|p1a: Bronzong|def|2\n|\n|-damage|p1a: Bronzong|75/261 brn|[from] brn\n|upkeep\n|turn|12\n|\n|t:|1781437813\n|move|p2a: Arcanine|Morning Sun|p2a: Arcanine\n|-heal|p2a: Arcanine|288/288\n|move|p1a: Bronzong|Body Press|p2a: Arcanine\n|-damage|p2a: Arcanine|127/288\n|\n|-damage|p1a: Bronzong|59/261 brn|[from] brn\n|upkeep\n|turn|13\n|\n|t:|1781437816\n|move|p2a: Arcanine|Morning Sun|p2a: Arcanine\n|-heal|p2a: Arcanine|271/288\n|move|p1a: Bronzong|Psychic Noise|p2a: Arcanine\n|-damage|p2a: Arcanine|196/288\n|-start|p2a: Arcanine|move: Heal Block\n|\n|-damage|p1a: Bronzong|43/261 brn|[from] brn\n|upkeep\n|turn|14\n|\n|t:|1781437818\n|move|p2a: Arcanine|Flare Blitz|p1a: Bronzong\n|-supereffective|p1a: Bronzong\n|-damage|p1a: Bronzong|0 fnt\n|faint|p1a: Bronzong\n|-damage|p2a: Arcanine|182/288|[from] Recoil\n|\n|-end|p2a: Arcanine|move: Heal Block\n|upkeep\n|\n|t:|1781437821\n|switch|p1a: Golduck|Golduck, L90, F|290/290\n|-ability|p1a: Golduck|Cloud Nine\n|turn|15\n|\n|t:|1781437831\n|-terastallize|p2a: Arcanine|Normal\n|move|p2a: Arcanine|Extreme Speed|p1a: Golduck\n|-crit|p1a: Golduck\n|-damage|p1a: Golduck|157/290\n|move|p1a: Golduck|Hydro Pump|p2a: Arcanine\n|-damage|p2a: Arcanine|32/288\n|\n|-heal|p1a: Golduck|175/290|[from] item: Leftovers\n|upkeep\n|turn|16\n|\n|t:|1781437840\n|move|p2a: Arcanine|Extreme Speed|p1a: Golduck\n|-damage|p1a: Golduck|85/290\n|move|p1a: Golduck|Grass Knot|p2a: Arcanine\n|-damage|p2a: Arcanine|0 fnt\n|faint|p2a: Arcanine\n|\n|-heal|p1a: Golduck|103/290|[from] item: Leftovers\n|upkeep\n|j| afdasfafafdsaf\n|\n|t:|1781437846\n|switch|p2a: Greedent|Greedent, L86, F|261/347 psn\n|turn|17\n|l| afdasfafafdsaf\n|\n|t:|1781437852\n|move|p1a: Golduck|Nasty Plot|p1a: Golduck\n|-boost|p1a: Golduck|spa|2\n|move|p2a: Greedent|Body Slam|p1a: Golduck\n|-damage|p1a: Golduck|4/290\n|\n|-heal|p1a: Golduck|22/290|[from] item: Leftovers\n|-damage|p2a: Greedent|218/347 psn|[from] psn\n|upkeep\n|turn|18\n|\n|t:|1781437861\n|move|p1a: Golduck|Hydro Pump|p2a: Greedent|[miss]\n|-miss|p1a: Golduck|p2a: Greedent\n|move|p2a: Greedent|Knock Off|p1a: Golduck\n|-damage|p1a: Golduck|0 fnt\n|-enditem|p1a: Golduck|Leftovers|[from] move: Knock Off|[of] p2a: Greedent\n|faint|p1a: Golduck\n|\n|-damage|p2a: Greedent|175/347 psn|[from] psn\n|upkeep\n|\n|t:|1781437871\n|switch|p1a: Indeedee|Indeedee-F, L90, F|218/272\n|-fieldstart|move: Psychic Terrain|[from] ability: Psychic Surge|[of] p1a: Indeedee\n|turn|19\n|\n|t:|1781437875\n|-terastallize|p1a: Indeedee|Psychic\n|move|p1a: Indeedee|Psyshock|p2a: Greedent\n|-damage|p2a: Greedent|0 fnt\n|faint|p2a: Greedent\n|-damage|p1a: Indeedee|191/272|[from] item: Life Orb\n|\n|upkeep\n|\n|t:|1781437880\n|switch|p2a: Bellossom|Bellossom, L84, M|263/263\n|-status|p2a: Bellossom|psn\n|turn|20\n|\n|t:|1781437890\n|move|p1a: Indeedee|Psyshock|p2a: Bellossom\n|-damage|p2a: Bellossom|52/263 psn\n|-damage|p1a: Indeedee|164/272|[from] item: Life Orb\n|move|p2a: Bellossom|Sludge Bomb|p1a: Indeedee\n|-damage|p1a: Indeedee|116/272\n|-status|p1a: Indeedee|psn\n|\n|-heal|p2a: Bellossom|68/263 psn|[from] item: Leftovers\n|-damage|p1a: Indeedee|82/272 psn|[from] psn\n|-damage|p2a: Bellossom|36/263 psn|[from] psn\n|upkeep\n|turn|21\n|\n|t:|1781437903\n|move|p1a: Indeedee|Psyshock|p2a: Bellossom\n|-damage|p2a: Bellossom|0 fnt\n|faint|p2a: Bellossom\n|-damage|p1a: Indeedee|55/272 psn|[from] item: Life Orb\n|\n|-damage|p1a: Indeedee|21/272 psn|[from] psn\n|upkeep\n|\n|t:|1781437905\n|switch|p2a: Blaziken|Blaziken, L76, F|247/247\n|-status|p2a: Blaziken|psn\n|turn|22\n|\n|t:|1781437908\n|move|p1a: Indeedee|Psyshock|p2a: Blaziken\n|-supereffective|p2a: Blaziken\n|-damage|p2a: Blaziken|0 fnt\n|faint|p2a: Blaziken\n|-damage|p1a: Indeedee|0 fnt|[from] item: Life Orb\n|faint|p1a: Indeedee\n|\n|win|Bigouden\n", "inputlog": ">version a8376a258c1d4662feba110a92103f3664a72141\n>start {\"formatid\":\"gen9randombattle\",\"seed\":\"sodium,edfcb20b3349316261021b840fc487cb\",\"rated\":\"Rated battle\"}\n>player p1 {\"name\":\"Bigouden\",\"avatar\":\"maid\",\"rating\":2027,\"seed\":\"sodium,e86d01b6c7270825bd571c5b34a1140f\"}\n>player p2 {\"name\":\"mundigsters\",\"avatar\":\"2\",\"rating\":2006,\"seed\":\"sodium,e6b1a99173adb871019f5274f26bf8a4\"}\n>p1 switch 5\n>p2 move knockoff\n>p1 move toxicspikes\n>p2 move knockoff\n>p1 switch 2\n>p1 move dazzlinggleam\n>p2 move leechlife\n>p2 switch 5\n>p1 move calmmind\n>p2 move quiverdance\n>p1 move psyshock\n>p2 move quiverdance\n>p2 switch 2\n>p1 switch 5\n>p2 move bodyslam\n>p1 move irondefense\n>p2 move knockoff\n>p1 move bodypress\n>p2 switch 4\n>p1 move bodypress\n>p2 move willowisp\n>p1 move irondefense\n>p2 move morningsun\n>p1 move irondefense\n>p2 move flareblitz\n>p1 move bodypress\n>p2 move morningsun\n>p1 move psychicnoise\n>p2 move morningsun\n>p1 move bodypress\n>p2 move flareblitz\n>p1 switch 6\n>p1 move hydropump\n>p2 move extremespeed terastallize\n>p1 move grassknot\n>p2 move extremespeed\n>p2 switch 4\n>p1 move nastyplot\n>p2 move bodyslam\n>p1 move hydropump\n>p2 move knockoff\n>p1 switch 5\n>p1 move psyshock terastallize\n>p2 move bodyslam\n>p2 switch 3\n>p1 move psyshock\n>p2 move sludgebomb\n>p1 move psyshock\n>p2 move sludgebomb\n>p2 switch 6\n>p1 move psyshock\n>p2 move swordsdance", "uploadtime": 1781437702, "views": 9, "formatid": "gen9randombattle", "rating": null, "private": 0, "password": null}