{"id": "gen9randombattle-2631859147", "format": "[Gen 9] Random Battle", "players": ["fick runk", "rktkm"], "log": "|j|\u2606fick runk\n|j|\u2606rktkm\n|t:|1781449031\n|gametype|singles\n|player|p1|fick runk|parasollady|1960\n|player|p2|rktkm|169|1967\n|gen|9\n|tier|[Gen 9] Random Battle\n|rated|\n|rule|Species Clause: Limit one of each Pok\u00e9mon\n|rule|HP Percentage Mod: HP is shown in percentages\n|rule|Sleep Clause Mod: Limit one foe put to sleep\n|rule|Illusion Level Mod: Illusion disguises the Pok\u00e9mon's true level\n|\n|t:|1781449031\n|teamsize|p1|6\n|teamsize|p2|6\n|start\n|switch|p1a: Rotom|Rotom-Frost, L87|229/229\n|switch|p2a: Alomomola|Alomomola, L87, M|429/429\n|turn|1\n|inactive|Battle timer is ON: inactive players will automatically lose when time's up. (requested by fick runk)\n|inactive|rktkm also wants the timer to be on.\n|\n|t:|1781449048\n|move|p1a: Rotom|Will-O-Wisp|p2a: Alomomola\n|-status|p2a: Alomomola|brn\n|move|p2a: Alomomola|Flip Turn|p1a: Rotom\n|-damage|p1a: Rotom|208/229\n|\n|t:|1781449061\n|switch|p2a: Diancie|Diancie, L82|216/216|[from] Flip Turn\n|\n|upkeep\n|turn|2\n|\n|t:|1781449071\n|switch|p1a: Venusaur|Venusaur, L84, M|272/272\n|move|p2a: Diancie|Diamond Storm|p1a: Venusaur\n|-damage|p1a: Venusaur|173/272\n|-boost|p2a: Diancie|def|2\n|\n|-heal|p1a: Venusaur|190/272|[from] item: Leftovers\n|upkeep\n|turn|3\n|\n|t:|1781449096\n|switch|p2a: Braviary|Braviary-Hisui, L85, M|326/326\n|move|p1a: Venusaur|Energy Ball|p2a: Braviary\n|-resisted|p2a: Braviary\n|-damage|p2a: Braviary|269/326\n|\n|-heal|p1a: Venusaur|207/272|[from] item: Leftovers\n|upkeep\n|turn|4\n|\n|t:|1781449106\n|switch|p1a: Rotom|Rotom-Frost, L87|208/229\n|move|p2a: Braviary|Esper Wing|p1a: Rotom\n|-damage|p1a: Rotom|121/229\n|-boost|p2a: Braviary|spe|1\n|\n|upkeep\n|turn|5\n|\n|t:|1781449124\n|move|p2a: Braviary|Esper Wing|p1a: Rotom\n|-crit|p1a: Rotom\n|-damage|p1a: Rotom|4/229\n|-boost|p2a: Braviary|spe|1\n|move|p1a: Rotom|Thunderbolt|p2a: Braviary\n|-supereffective|p2a: Braviary\n|-damage|p2a: Braviary|15/326\n|\n|upkeep\n|turn|6\n|\n|t:|1781449133\n|move|p2a: Braviary|Esper Wing|p1a: Rotom\n|-damage|p1a: Rotom|0 fnt\n|-boost|p2a: Braviary|spe|1\n|faint|p1a: Rotom\n|\n|upkeep\n|\n|t:|1781449139\n|switch|p1a: Bastiodon|Bastiodon, L89, M|252/252\n|turn|7\n|\n|t:|1781449150\n|move|p2a: Braviary|Roost|p2a: Braviary\n|-heal|p2a: Braviary|178/326\n|-singleturn|p2a: Braviary|move: Roost\n|move|p1a: Bastiodon|Iron Defense|p1a: Bastiodon\n|-boost|p1a: Bastiodon|def|2\n|\n|upkeep\n|turn|8\n|\n|t:|1781449163\n|move|p2a: Braviary|Roost|p2a: Braviary\n|-heal|p2a: Braviary|326/326\n|-singleturn|p2a: Braviary|move: Roost\n|move|p1a: Bastiodon|Body Press|p2a: Braviary\n|-resisted|p2a: Braviary\n|-damage|p2a: Braviary|207/326\n|\n|upkeep\n|turn|9\n|\n|t:|1781449176\n|switch|p2a: Alomomola|Alomomola, L87, M|429/429 brn\n|move|p1a: Bastiodon|Iron Defense|p1a: Bastiodon\n|-boost|p1a: Bastiodon|def|2\n|\n|-damage|p2a: Alomomola|403/429 brn|[from] brn\n|upkeep\n|turn|10\n|\n|t:|1781449185\n|move|p2a: Alomomola|Scald|p1a: Bastiodon\n|-supereffective|p1a: Bastiodon\n|-damage|p1a: Bastiodon|184/252\n|move|p1a: Bastiodon|Body Press|p2a: Alomomola\n|-damage|p2a: Alomomola|116/429 brn\n|\n|-damage|p2a: Alomomola|90/429 brn|[from] brn\n|upkeep\n|turn|11\n|\n|t:|1781449194\n|move|p2a: Alomomola|Scald|p1a: Bastiodon\n|-supereffective|p1a: Bastiodon\n|-damage|p1a: Bastiodon|122/252\n|move|p1a: Bastiodon|Body Press|p2a: Alomomola\n|-damage|p2a: Alomomola|0 fnt\n|faint|p2a: Alomomola\n|\n|upkeep\n|\n|t:|1781449203\n|switch|p2a: Palkia|Palkia, L75|259/259\n|-ability|p2a: Palkia|Pressure\n|turn|12\n|\n|t:|1781449211\n|switch|p1a: Milotic|Milotic, L83, M|293/293\n|move|p2a: Palkia|Hydro Pump|p1a: Milotic\n|-resisted|p1a: Milotic\n|-damage|p1a: Milotic|235/293\n|\n|-heal|p1a: Milotic|253/293|[from] item: Leftovers\n|upkeep\n|turn|13\n|\n|t:|1781449221\n|move|p2a: Palkia|Thunder Wave|p1a: Milotic\n|-status|p1a: Milotic|par\n|cant|p1a: Milotic|par\n|\n|-heal|p1a: Milotic|271/293 par|[from] item: Leftovers\n|upkeep\n|turn|14\n|\n|t:|1781449231\n|move|p2a: Palkia|Draco Meteor|p1a: Milotic\n|-damage|p1a: Milotic|117/293 par\n|-unboost|p2a: Palkia|spa|2\n|move|p1a: Milotic|Recover|p1a: Milotic\n|-heal|p1a: Milotic|264/293 par\n|\n|-heal|p1a: Milotic|282/293 par|[from] item: Leftovers\n|upkeep\n|turn|15\n|\n|t:|1781449242\n|switch|p2a: Braviary|Braviary-Hisui, L85, M|207/326\n|move|p1a: Milotic|Ice Beam|p2a: Braviary\n|-supereffective|p2a: Braviary\n|-damage|p2a: Braviary|57/326\n|\n|-heal|p1a: Milotic|293/293 par|[from] item: Leftovers\n|upkeep\n|turn|16\n|\n|t:|1781449251\n|switch|p1a: Bastiodon|Bastiodon, L89, M|122/252\n|move|p2a: Braviary|Roost|p2a: Braviary\n|-heal|p2a: Braviary|220/326\n|-singleturn|p2a: Braviary|move: Roost\n|\n|upkeep\n|turn|17\n|\n|t:|1781449259\n|switch|p2a: Palkia|Palkia, L75|259/259\n|-ability|p2a: Palkia|Pressure\n|move|p1a: Bastiodon|Rest|p1a: Bastiodon\n|-status|p1a: Bastiodon|slp|[from] move: Rest\n|-heal|p1a: Bastiodon|252/252 slp|[silent]\n|-enditem|p1a: Bastiodon|Chesto Berry|[eat]\n|-curestatus|p1a: Bastiodon|slp|[msg]\n|\n|upkeep\n|turn|18\n|\n|t:|1781449270\n|switch|p1a: Milotic|Milotic, L83, M|293/293 par\n|move|p2a: Palkia|Draco Meteor|p1a: Milotic\n|-crit|p1a: Milotic\n|-damage|p1a: Milotic|73/293 par\n|-unboost|p2a: Palkia|spa|2\n|\n|-heal|p1a: Milotic|91/293 par|[from] item: Leftovers\n|upkeep\n|turn|19\n|\n|t:|1781449299\n|switch|p2a: Ursaring|Ursaring, L84, M|288/288\n|move|p1a: Milotic|Recover|p1a: Milotic\n|-heal|p1a: Milotic|238/293 par\n|\n|-heal|p1a: Milotic|256/293 par|[from] item: Leftovers\n|upkeep\n|turn|20\n|\n|t:|1781449308\n|switch|p1a: Brambleghast|Brambleghast, L88, M|240/240\n|move|p2a: Ursaring|Body Slam|p1a: Brambleghast\n|-immune|p1a: Brambleghast\n|\n|upkeep\n|turn|21\n|\n|t:|1781449315\n|move|p1a: Brambleghast|Poltergeist|p2a: Ursaring\n|-immune|p2a: Ursaring\n|move|p2a: Ursaring|Throat Chop|p1a: Brambleghast\n|-supereffective|p1a: Brambleghast\n|-damage|p1a: Brambleghast|74/240\n|-start|p1a: Brambleghast|Throat Chop|[silent]\n|\n|upkeep\n|turn|22\n|\n|t:|1781449329\n|move|p1a: Brambleghast|Strength Sap|p2a: Ursaring\n|-unboost|p2a: Ursaring|atk|1\n|-heal|p1a: Brambleghast|240/240\n|move|p2a: Ursaring|Throat Chop|p1a: Brambleghast\n|-supereffective|p1a: Brambleghast\n|-damage|p1a: Brambleghast|136/240\n|\n|-end|p1a: Brambleghast|Throat Chop|[silent]\n|upkeep\n|turn|23\n|\n|t:|1781449346\n|move|p1a: Brambleghast|Strength Sap|p2a: Ursaring\n|-unboost|p2a: Ursaring|atk|1\n|-heal|p1a: Brambleghast|240/240\n|move|p2a: Ursaring|Throat Chop|p1a: Brambleghast\n|-supereffective|p1a: Brambleghast\n|-damage|p1a: Brambleghast|160/240\n|-start|p1a: Brambleghast|Throat Chop|[silent]\n|\n|upkeep\n|turn|24\n|inactive|rktkm has 120 seconds left.\n|\n|t:|1781449368\n|switch|p2a: Diancie|Diancie, L82|216/216\n|move|p1a: Brambleghast|Power Whip|p2a: Diancie\n|-supereffective|p2a: Diancie\n|-damage|p2a: Diancie|16/216\n|\n|-heal|p2a: Diancie|29/216|[from] item: Leftovers\n|-end|p1a: Brambleghast|Throat Chop|[silent]\n|upkeep\n|turn|25\n|inactive|rktkm has 120 seconds left.\n|\n|t:|1781449380\n|move|p1a: Brambleghast|Power Whip|p2a: Diancie\n|-supereffective|p2a: Diancie\n|-damage|p2a: Diancie|0 fnt\n|faint|p2a: Diancie\n|\n|upkeep\n|inactive|rktkm has 120 seconds left.\n|\n|t:|1781449399\n|switch|p2a: Palkia|Palkia, L75|259/259\n|-ability|p2a: Palkia|Pressure\n|turn|26\n|\n|t:|1781449421\n|switch|p1a: Milotic|Milotic, L83, M|256/293 par\n|move|p2a: Palkia|Draco Meteor|p1a: Milotic|[miss]\n|-miss|p2a: Palkia|p1a: Milotic\n|\n|-heal|p1a: Milotic|274/293 par|[from] item: Leftovers\n|upkeep\n|turn|27\n|\n|t:|1781449438\n|move|p2a: Palkia|Draco Meteor|p1a: Milotic\n|-damage|p1a: Milotic|114/293 par\n|-unboost|p2a: Palkia|spa|2\n|move|p1a: Milotic|Ice Beam|p2a: Palkia\n|-damage|p2a: Palkia|206/259\n|-status|p2a: Palkia|frz\n|\n|-heal|p1a: Milotic|132/293 par|[from] item: Leftovers\n|upkeep\n|turn|28\n|\n|t:|1781449454\n|cant|p2a: Palkia|frz\n|move|p1a: Milotic|Recover|p1a: Milotic\n|-heal|p1a: Milotic|279/293 par\n|\n|-heal|p1a: Milotic|293/293 par|[from] item: Leftovers\n|upkeep\n|turn|29\n|\n|t:|1781449463\n|cant|p2a: Palkia|frz\n|cant|p1a: Milotic|par\n|\n|upkeep\n|turn|30\n|\n|t:|1781449468\n|-curestatus|p2a: Palkia|frz|[msg]\n|move|p2a: Palkia|Fire Blast|p1a: Milotic\n|-resisted|p1a: Milotic\n|-damage|p1a: Milotic|277/293 par\n|move|p1a: Milotic|Ice Beam|p2a: Palkia\n|-damage|p2a: Palkia|149/259\n|\n|-heal|p1a: Milotic|293/293 par|[from] item: Leftovers\n|upkeep\n|turn|31\n|\n|t:|1781449480\n|switch|p2a: Ursaring|Ursaring, L84, M|288/288\n|cant|p1a: Milotic|par\n|\n|upkeep\n|turn|32\n|\n|t:|1781449488\n|switch|p1a: Bastiodon|Bastiodon, L89, M|252/252\n|move|p2a: Ursaring|Body Slam|p1a: Bastiodon\n|-resisted|p1a: Bastiodon\n|-damage|p1a: Bastiodon|236/252\n|-status|p1a: Bastiodon|par\n|\n|upkeep\n|turn|33\n|\n|t:|1781449498\n|switch|p2a: Lunala|Lunala, L70|308/308\n|move|p1a: Bastiodon|Foul Play|p2a: Lunala\n|-supereffective|p2a: Lunala\n|-damage|p2a: Lunala|176/308\n|\n|-heal|p2a: Lunala|195/308|[from] item: Leftovers\n|upkeep\n|turn|34\n|inactive|rktkm has 120 seconds left.\n|\n|t:|1781449517\n|move|p2a: Lunala|Moonlight|p2a: Lunala\n|-heal|p2a: Lunala|308/308\n|cant|p1a: Bastiodon|par\n|\n|upkeep\n|turn|35\n|\n|t:|1781449526\n|switch|p2a: Palkia|Palkia, L75|149/259\n|-ability|p2a: Palkia|Pressure\n|switch|p1a: Milotic|Milotic, L83, M|293/293 par\n|\n|upkeep\n|turn|36\n|inactive|rktkm has 120 seconds left.\n|\n|t:|1781449535\n|switch|p2a: Lunala|Lunala, L70|308/308\n|move|p1a: Milotic|Ice Beam|p2a: Lunala\n|-damage|p2a: Lunala|276/308\n|\n|-heal|p2a: Lunala|295/308|[from] item: Leftovers\n|upkeep\n|turn|37\n|\n|t:|1781449545\n|move|p2a: Lunala|Calm Mind|p2a: Lunala\n|-boost|p2a: Lunala|spa|1\n|-boost|p2a: Lunala|spd|1\n|cant|p1a: Milotic|par\n|\n|-heal|p2a: Lunala|308/308|[from] item: Leftovers\n|upkeep\n|turn|38\n|\n|t:|1781449553\n|move|p2a: Lunala|Moongeist Beam|p1a: Milotic\n|-damage|p1a: Milotic|181/293 par\n|cant|p1a: Milotic|par\n|\n|-heal|p1a: Milotic|199/293 par|[from] item: Leftovers\n|upkeep\n|turn|39\n|\n|t:|1781449562\n|move|p2a: Lunala|Moongeist Beam|p1a: Milotic\n|-damage|p1a: Milotic|78/293 par\n|move|p1a: Milotic|Dragon Tail|p2a: Lunala\n|-crit|p2a: Lunala\n|-damage|p2a: Lunala|281/308\n|drag|p2a: Ursaring|Ursaring, L84, M|288/288\n|\n|-heal|p1a: Milotic|96/293 par|[from] item: Leftovers\n|upkeep\n|turn|40\n|\n|t:|1781449574\n|switch|p1a: Bastiodon|Bastiodon, L89, M|236/252 par\n|move|p2a: Ursaring|Throat Chop|p1a: Bastiodon\n|-damage|p1a: Bastiodon|199/252 par\n|-start|p1a: Bastiodon|Throat Chop|[silent]\n|\n|upkeep\n|turn|41\n|\n|t:|1781449589\n|switch|p2a: Palkia|Palkia, L75|149/259\n|-ability|p2a: Palkia|Pressure\n|move|p1a: Bastiodon|Foul Play|p2a: Palkia\n|-damage|p2a: Palkia|89/259\n|\n|-end|p1a: Bastiodon|Throat Chop|[silent]\n|upkeep\n|turn|42\n|\n|t:|1781449597\n|switch|p1a: Milotic|Milotic, L83, M|96/293 par\n|move|p2a: Palkia|Hydro Pump|p1a: Milotic|[miss]\n|-miss|p2a: Palkia|p1a: Milotic\n|\n|-heal|p1a: Milotic|114/293 par|[from] item: Leftovers\n|upkeep\n|turn|43\n|\n|t:|1781449609\n|switch|p1a: Bastiodon|Bastiodon, L89, M|199/252 par\n|move|p2a: Palkia|Fire Blast|p1a: Bastiodon\n|-damage|p1a: Bastiodon|138/252 par\n|\n|upkeep\n|turn|44\n|\n|t:|1781449616\n|switch|p1a: Milotic|Milotic, L83, M|114/293 par\n|move|p2a: Palkia|Hydro Pump|p1a: Milotic\n|-resisted|p1a: Milotic\n|-damage|p1a: Milotic|51/293 par\n|\n|-heal|p1a: Milotic|69/293 par|[from] item: Leftovers\n|upkeep\n|turn|45\n|\n|t:|1781449625\n|move|p2a: Palkia|Draco Meteor|p1a: Milotic\n|-damage|p1a: Milotic|0 fnt\n|-unboost|p2a: Palkia|spa|2\n|faint|p1a: Milotic\n|\n|upkeep\n|\n|t:|1781449628\n|switch|p1a: Brambleghast|Brambleghast, L88, M|160/240\n|turn|46\n|\n|t:|1781449638\n|switch|p2a: Ursaring|Ursaring, L84, M|288/288\n|move|p1a: Brambleghast|Power Whip|p2a: Ursaring|[miss]\n|-miss|p1a: Brambleghast|p2a: Ursaring\n|\n|upkeep\n|turn|47\n|\n|t:|1781449646\n|move|p1a: Brambleghast|Strength Sap|p2a: Ursaring\n|-unboost|p2a: Ursaring|atk|1\n|-heal|p1a: Brambleghast|240/240\n|move|p2a: Ursaring|Throat Chop|p1a: Brambleghast\n|-supereffective|p1a: Brambleghast\n|-damage|p1a: Brambleghast|132/240\n|-start|p1a: Brambleghast|Throat Chop|[silent]\n|\n|upkeep\n|turn|48\n|\n|t:|1781449654\n|switch|p2a: Braviary|Braviary-Hisui, L85, M|220/326\n|move|p1a: Brambleghast|Strength Sap|p2a: Braviary\n|-unboost|p2a: Braviary|atk|1\n|-heal|p1a: Brambleghast|240/240\n|\n|-end|p1a: Brambleghast|Throat Chop|[silent]\n|upkeep\n|turn|49\n|\n|t:|1781449664\n|switch|p1a: Bastiodon|Bastiodon, L89, M|138/252 par\n|move|p2a: Braviary|Esper Wing|p1a: Bastiodon\n|-resisted|p1a: Bastiodon\n|-damage|p1a: Bastiodon|78/252 par\n|-boost|p2a: Braviary|spe|1\n|\n|upkeep\n|turn|50\n|\n|t:|1781449682\n|move|p2a: Braviary|Esper Wing|p1a: Bastiodon\n|-resisted|p1a: Bastiodon\n|-damage|p1a: Bastiodon|6/252 par\n|-boost|p2a: Braviary|spe|1\n|move|p1a: Bastiodon|Rest|p1a: Bastiodon\n|-status|p1a: Bastiodon|slp|[from] move: Rest\n|-heal|p1a: Bastiodon|252/252 slp|[silent]\n|\n|upkeep\n|turn|51\n|\n|t:|1781449693\n|move|p2a: Braviary|Esper Wing|p1a: Bastiodon\n|-resisted|p1a: Bastiodon\n|-damage|p1a: Bastiodon|192/252 slp\n|-boost|p2a: Braviary|spe|1\n|cant|p1a: Bastiodon|slp\n|\n|upkeep\n|turn|52\n|\n|t:|1781449703\n|move|p2a: Braviary|Esper Wing|p1a: Bastiodon\n|-resisted|p1a: Bastiodon\n|-damage|p1a: Bastiodon|132/252 slp\n|-boost|p2a: Braviary|spe|1\n|cant|p1a: Bastiodon|slp\n|\n|upkeep\n|turn|53\n|\n|t:|1781449711\n|switch|p1a: Venusaur|Venusaur, L84, M|207/272\n|move|p2a: Braviary|Hurricane|p1a: Venusaur\n|-supereffective|p1a: Venusaur\n|-damage|p1a: Venusaur|0 fnt\n|faint|p1a: Venusaur\n|\n|upkeep\n|\n|t:|1781449713\n|switch|p1a: Brambleghast|Brambleghast, L88, M|240/240\n|turn|54\n|\n|t:|1781449721\n|move|p2a: Braviary|Esper Wing|p1a: Brambleghast\n|-damage|p1a: Brambleghast|128/240\n|-boost|p2a: Braviary|spe|1\n|move|p1a: Brambleghast|Power Whip|p2a: Braviary\n|-resisted|p2a: Braviary\n|-damage|p2a: Braviary|127/326\n|\n|upkeep\n|turn|55\n|\n|t:|1781449731\n|move|p2a: Braviary|Esper Wing|p1a: Brambleghast\n|-damage|p1a: Brambleghast|11/240\n|-boost|p2a: Braviary|spe|1\n|move|p1a: Brambleghast|Poltergeist|p2a: Braviary\n|-activate|p2a: Braviary|move: Poltergeist|Heavy-Duty Boots\n|-supereffective|p2a: Braviary\n|-damage|p2a: Braviary|0 fnt\n|faint|p2a: Braviary\n|\n|upkeep\n|inactive|rktkm has 120 seconds left.\n|\n|t:|1781449770\n|switch|p2a: Lunala|Lunala, L70|281/308\n|turn|56\n|inactive|rktkm has 120 seconds left.\n|\n|t:|1781449779\n|switch|p2a: Ursaring|Ursaring, L84, M|288/288\n|move|p1a: Brambleghast|Power Whip|p2a: Ursaring\n|-damage|p2a: Ursaring|174/288\n|\n|upkeep\n|turn|57\n|inactive|rktkm has 120 seconds left.\n|\n|t:|1781449789\n|move|p1a: Brambleghast|Strength Sap|p2a: Ursaring\n|-unboost|p2a: Ursaring|atk|1\n|-heal|p1a: Brambleghast|240/240\n|move|p2a: Ursaring|Throat Chop|p1a: Brambleghast\n|-supereffective|p1a: Brambleghast\n|-damage|p1a: Brambleghast|126/240\n|-start|p1a: Brambleghast|Throat Chop|[silent]\n|\n|upkeep\n|turn|58\n|inactive|rktkm has 120 seconds left.\n|\n|t:|1781449802\n|switch|p1a: Bastiodon|Bastiodon, L89, M|132/252 slp\n|move|p2a: Ursaring|Throat Chop|p1a: Bastiodon\n|-damage|p1a: Bastiodon|103/252 slp\n|-start|p1a: Bastiodon|Throat Chop|[silent]\n|\n|upkeep\n|turn|59\n|\n|t:|1781449810\n|switch|p2a: Lunala|Lunala, L70|281/308\n|-curestatus|p1a: Bastiodon|slp|[msg]\n|move|p1a: Bastiodon|Foul Play|p2a: Lunala\n|-supereffective|p2a: Lunala\n|-damage|p2a: Lunala|17/308\n|\n|-heal|p2a: Lunala|36/308|[from] item: Leftovers\n|-end|p1a: Bastiodon|Throat Chop|[silent]\n|upkeep\n|turn|60\n|\n|t:|1781449821\n|move|p2a: Lunala|Moongeist Beam|p1a: Bastiodon\n|-damage|p1a: Bastiodon|36/252\n|move|p1a: Bastiodon|Foul Play|p2a: Lunala\n|-supereffective|p2a: Lunala\n|-damage|p2a: Lunala|0 fnt\n|faint|p2a: Lunala\n|\n|upkeep\n|\n|t:|1781449830\n|switch|p2a: Palkia|Palkia, L75|89/259\n|-ability|p2a: Palkia|Pressure\n|turn|61\n|\n|t:|1781449836\n|move|p2a: Palkia|Fire Blast|p1a: Bastiodon\n|-damage|p1a: Bastiodon|0 fnt\n|faint|p1a: Bastiodon\n|\n|upkeep\n|\n|t:|1781449844\n|switch|p1a: Brambleghast|Brambleghast, L88, M|126/240\n|turn|62\n|\n|t:|1781449850\n|-terastallize|p2a: Palkia|Fire\n|move|p1a: Brambleghast|Poltergeist|p2a: Palkia\n|-activate|p2a: Palkia|move: Poltergeist|Lustrous Orb\n|-damage|p2a: Palkia|0 fnt\n|faint|p2a: Palkia\n|\n|upkeep\n|\n|t:|1781449858\n|switch|p2a: Ursaring|Ursaring, L84, M|174/288\n|turn|63\n|\n|t:|1781449864\n|move|p1a: Brambleghast|Strength Sap|p2a: Ursaring\n|-unboost|p2a: Ursaring|atk|1\n|-heal|p1a: Brambleghast|240/240\n|move|p2a: Ursaring|Throat Chop|p1a: Brambleghast\n|-supereffective|p1a: Brambleghast\n|-damage|p1a: Brambleghast|140/240\n|-start|p1a: Brambleghast|Throat Chop|[silent]\n|\n|upkeep\n|turn|64\n|\n|t:|1781449873\n|move|p1a: Brambleghast|Strength Sap|p2a: Ursaring\n|-unboost|p2a: Ursaring|atk|1\n|-heal|p1a: Brambleghast|240/240\n|move|p2a: Ursaring|Throat Chop|p1a: Brambleghast\n|-supereffective|p1a: Brambleghast\n|-damage|p1a: Brambleghast|158/240\n|\n|-end|p1a: Brambleghast|Throat Chop|[silent]\n|upkeep\n|turn|65\n|\n|t:|1781449881\n|move|p1a: Brambleghast|Power Whip|p2a: Ursaring\n|-damage|p2a: Ursaring|53/288\n|move|p2a: Ursaring|Throat Chop|p1a: Brambleghast\n|-supereffective|p1a: Brambleghast\n|-damage|p1a: Brambleghast|78/240\n|-start|p1a: Brambleghast|Throat Chop|[silent]\n|\n|upkeep\n|turn|66\n|\n|t:|1781449888\n|move|p1a: Brambleghast|Power Whip|p2a: Ursaring\n|-damage|p2a: Ursaring|0 fnt\n|faint|p2a: Ursaring\n|\n|win|fick runk\n", "inputlog": ">version a8376a258c1d4662feba110a92103f3664a72141\n>start {\"formatid\":\"gen9randombattle\",\"seed\":\"sodium,cc406af2701ed7169a712d5a2c204d64\",\"rated\":\"Rated battle\"}\n>player p1 {\"name\":\"fick runk\",\"avatar\":\"parasollady\",\"rating\":1960,\"seed\":\"sodium,b642a026ad8f3b5147b874e0aabc1978\"}\n>player p2 {\"name\":\"rktkm\",\"avatar\":\"169\",\"rating\":1967,\"seed\":\"sodium,a130bf2061ce80f7a712d6d7b67c388e\"}\n>p1 move willowisp\n>p2 move flipturn\n>p2 switch 2\n>p1 switch 6\n>p2 move diamondstorm\n>p1 move energyball\n>p2 switch 6\n>p1 switch 6\n>p2 move esperwing\n>p1 move thunderbolt\n>p2 move esperwing\n>p1 move thunderbolt\n>p2 move esperwing\n>p1 switch 2\n>p1 move irondefense\n>p2 move roost\n>p1 move bodypress\n>p2 move roost\n>p1 move irondefense\n>p2 switch 2\n>p1 move bodypress\n>p2 move scald\n>p1 move bodypress\n>p2 move scald\n>p2 switch 4\n>p1 switch 3\n>p2 move hydropump\n>p1 move dragontail\n>p2 move thunderwave\n>p1 move recover\n>p2 move dracometeor\n>p1 move icebeam\n>p2 switch 2\n>p1 switch 3\n>p2 move roost\n>p1 move rest\n>p2 switch 2\n>p1 switch 3\n>p2 move dracometeor\n>p1 move recover\n>p2 switch 3\n>p1 switch 4\n>p2 move bodyslam\n>p1 move poltergeist\n>p2 move throatchop\n>p1 move strengthsap\n>p2 move throatchop\n>p1 move strengthsap\n>p2 move throatchop\n>p1 move powerwhip\n>p2 switch 6\n>p1 move powerwhip\n>p2 move diamondstorm\n>p2 switch 3\n>p1 switch 4\n>p2 move dracometeor\n>p1 move icebeam\n>p2 move dracometeor\n>p1 move recover\n>p2 move fireblast\n>p1 move icebeam\n>p2 move fireblast\n>p1 move icebeam\n>p2 move fireblast\n>p1 move icebeam\n>p2 switch 6\n>p1 switch 3\n>p2 move bodyslam\n>p1 move foulplay\n>p2 switch 5\n>p1 move foulplay\n>p2 move moonlight\n>p1 switch 3\n>p2 switch 6\n>p1 move icebeam\n>p2 switch 6\n>p1 move dragontail\n>p2 move calmmind\n>p1 move dragontail\n>p2 move moongeistbeam\n>p1 move dragontail\n>p2 move moongeistbeam\n>p1 switch 3\n>p2 move throatchop\n>p1 move foulplay\n>p2 switch 6\n>p1 switch 3\n>p2 move hydropump\n>p1 switch 3\n>p2 move fireblast\n>p1 switch 3\n>p2 move hydropump\n>p1 move recover\n>p2 move dracometeor\n>p1 switch 4\n>p1 move powerwhip\n>p2 switch 6\n>p1 move strengthsap\n>p2 move throatchop\n>p1 move strengthsap\n>p2 switch 2\n>p1 switch 3\n>p2 move esperwing\n>p1 move rest\n>p2 move esperwing\n>p1 move irondefense\n>p2 move esperwing\n>p1 move foulplay\n>p2 move esperwing\n>p1 switch 6\n>p2 move hurricane\n>p1 switch 3\n>p1 move powerwhip\n>p2 move esperwing\n>p1 move poltergeist\n>p2 move esperwing\n>p2 switch 5\n>p1 move powerwhip\n>p2 switch 2\n>p1 move strengthsap\n>p2 move throatchop\n>p1 switch 6\n>p2 move throatchop\n>p1 move foulplay\n>p2 switch 2\n>p1 move foulplay\n>p2 move moongeistbeam\n>p2 switch 6\n>p1 move bodypress\n>p2 move fireblast\n>p1 switch 6\n>p1 move poltergeist\n>p2 move fireblast terastallize\n>p2 switch 2\n>p1 move strengthsap\n>p2 move throatchop\n>p1 move strengthsap\n>p2 move throatchop\n>p1 move powerwhip\n>p2 move throatchop\n>p1 move powerwhip\n>p2 move rest", "uploadtime": 1781449033, "views": 5, "formatid": "gen9randombattle", "rating": null, "private": 0, "password": null}