{"id": "gen9randombattle-2631987619", "format": "[Gen 9] Random Battle", "players": ["O Man2020", "ahuramazda2"], "log": "|j|\u2606O Man2020\n|j|\u2606ahuramazda2\n|t:|1781463115\n|gametype|singles\n|player|p1|O Man2020|2|1961\n|player|p2|ahuramazda2|169|1898\n|gen|9\n|tier|[Gen 9] Random Battle\n|rated|\n|rule|Species Clause: Limit one of each Pok\u00e9mon\n|rule|HP Percentage Mod: HP is shown in percentages\n|rule|Sleep Clause Mod: Limit one foe put to sleep\n|rule|Illusion Level Mod: Illusion disguises the Pok\u00e9mon's true level\n|\n|t:|1781463115\n|teamsize|p1|6\n|teamsize|p2|6\n|start\n|switch|p1a: Darkrai|Darkrai, L77|234/234\n|switch|p2a: Amoonguss|Amoonguss, L82, M|321/321\n|turn|1\n|inactive|Battle timer is ON: inactive players will automatically lose when time's up. (requested by ahuramazda2)\n|inactive|O Man2020 also wants the timer to be on.\n|\n|t:|1781463120\n|move|p1a: Darkrai|Hypnosis|p2a: Amoonguss\n|-status|p2a: Amoonguss|slp|[from] move: Hypnosis\n|cant|p2a: Amoonguss|slp\n|\n|-damage|p2a: Amoonguss|281/321 slp|[from] ability: Bad Dreams|[of] p1a: Darkrai\n|upkeep\n|turn|2\n|\n|t:|1781463125\n|move|p1a: Darkrai|Nasty Plot|p1a: Darkrai\n|-boost|p1a: Darkrai|spa|2\n|cant|p2a: Amoonguss|slp\n|\n|-heal|p2a: Amoonguss|301/321 slp|[from] item: Leftovers\n|-damage|p2a: Amoonguss|261/321 slp|[from] ability: Bad Dreams|[of] p1a: Darkrai\n|upkeep\n|turn|3\n|\n|t:|1781463131\n|switch|p2a: Hitmontop|Hitmontop, L88, M|231/231\n|move|p1a: Darkrai|Nasty Plot|p1a: Darkrai\n|-boost|p1a: Darkrai|spa|2\n|\n|upkeep\n|turn|4\n|\n|t:|1781463136\n|-terastallize|p1a: Darkrai|Poison\n|move|p1a: Darkrai|Sludge Bomb|p2a: Hitmontop\n|-damage|p2a: Hitmontop|0 fnt\n|faint|p2a: Hitmontop\n|-damage|p1a: Darkrai|211/234|[from] item: Life Orb\n|\n|upkeep\n|\n|t:|1781463142\n|switch|p2a: Kyogre|Kyogre, L71|259/259\n|-weather|RainDance|[from] ability: Drizzle|[of] p2a: Kyogre\n|turn|5\n|\n|t:|1781463146\n|move|p2a: Kyogre|Water Spout|p1a: Darkrai\n|-damage|p1a: Darkrai|0 fnt\n|faint|p1a: Darkrai\n|\n|-weather|RainDance|[upkeep]\n|upkeep\n|\n|t:|1781463152\n|switch|p1a: Vaporeon|Vaporeon, L86, F|364/364\n|turn|6\n|\n|t:|1781463157\n|switch|p2a: Amoonguss|Amoonguss, L82, M|321/321 slp\n|switch|p1a: Ho-Oh|Ho-Oh, L71|268/268\n|\n|-weather|RainDance|[upkeep]\n|upkeep\n|turn|7\n|\n|t:|1781463162\n|move|p1a: Ho-Oh|Brave Bird|p2a: Amoonguss\n|-supereffective|p2a: Amoonguss\n|-damage|p2a: Amoonguss|27/321 slp\n|-damage|p1a: Ho-Oh|171/268|[from] Recoil\n|cant|p2a: Amoonguss|slp\n|\n|-weather|RainDance|[upkeep]\n|-heal|p2a: Amoonguss|47/321 slp|[from] item: Leftovers\n|upkeep\n|turn|8\n|c|\u2606ahuramazda2|3 turn???\n|c|\u2606ahuramazda2|boo\n|\n|t:|1781463181\n|move|p1a: Ho-Oh|Earthquake|p2a: Amoonguss\n|-damage|p2a: Amoonguss|0 fnt\n|faint|p2a: Amoonguss\n|\n|-weather|RainDance|[upkeep]\n|upkeep\n|\n|t:|1781463187\n|switch|p2a: Farigiraf|Farigiraf, L90, F|362/362\n|turn|9\n|\n|t:|1781463191\n|switch|p1a: Mabosstiff|Mabosstiff, L86, F|278/278\n|move|p2a: Farigiraf|Psychic Noise|p1a: Mabosstiff\n|-immune|p1a: Mabosstiff\n|\n|-weather|none\n|upkeep\n|turn|10\n|\n|t:|1781463197\n|-terastallize|p2a: Farigiraf|Fairy\n|move|p1a: Mabosstiff|Crunch|p2a: Farigiraf\n|-resisted|p2a: Farigiraf\n|-damage|p2a: Farigiraf|280/362\n|move|p2a: Farigiraf|Body Slam|p1a: Mabosstiff\n|-damage|p1a: Mabosstiff|184/278\n|-status|p1a: Mabosstiff|par\n|\n|-heal|p2a: Farigiraf|302/362|[from] item: Leftovers\n|upkeep\n|turn|11\n|\n|t:|1781463205\n|switch|p1a: Tinkaton|Tinkaton, L82, F|274/274\n|-ability|p1a: Tinkaton|Mold Breaker\n|move|p2a: Farigiraf|Wish|p2a: Farigiraf\n|\n|-heal|p2a: Farigiraf|324/362|[from] item: Leftovers\n|upkeep\n|turn|12\n|\n|t:|1781463215\n|switch|p2a: Kyogre|Kyogre, L71|259/259\n|-weather|RainDance|[from] ability: Drizzle|[of] p2a: Kyogre\n|move|p1a: Tinkaton|Swords Dance|p1a: Tinkaton\n|-boost|p1a: Tinkaton|atk|2\n|\n|-weather|RainDance|[upkeep]\n|upkeep\n|turn|13\n|\n|t:|1781463222\n|move|p2a: Kyogre|Water Spout|p1a: Tinkaton\n|-damage|p1a: Tinkaton|39/274\n|move|p1a: Tinkaton|Knock Off|p2a: Kyogre\n|-damage|p2a: Kyogre|138/259\n|-enditem|p2a: Kyogre|Choice Scarf|[from] move: Knock Off|[of] p1a: Tinkaton\n|\n|-weather|RainDance|[upkeep]\n|-heal|p1a: Tinkaton|56/274|[from] item: Leftovers\n|upkeep\n|turn|14\n|\n|t:|1781463230\n|move|p1a: Tinkaton|Play Rough|p2a: Kyogre\n|-damage|p2a: Kyogre|0 fnt\n|faint|p2a: Kyogre\n|\n|-weather|RainDance|[upkeep]\n|-heal|p1a: Tinkaton|73/274|[from] item: Leftovers\n|upkeep\n|\n|t:|1781463244\n|switch|p2a: Farigiraf|Farigiraf, L90, F, tera:Fairy|324/362\n|turn|15\n|\n|t:|1781463247\n|move|p1a: Tinkaton|Gigaton Hammer|p2a: Farigiraf\n|-supereffective|p2a: Farigiraf\n|-damage|p2a: Farigiraf|0 fnt\n|faint|p2a: Farigiraf\n|\n|-weather|RainDance|[upkeep]\n|-heal|p1a: Tinkaton|90/274|[from] item: Leftovers\n|upkeep\n|\n|t:|1781463250\n|switch|p2a: Dipplin|Dipplin, L88, M|284/284\n|turn|16\n|\n|t:|1781463253\n|move|p1a: Tinkaton|Play Rough|p2a: Dipplin\n|-supereffective|p2a: Dipplin\n|-damage|p2a: Dipplin|120/284\n|-unboost|p2a: Dipplin|atk|1\n|move|p2a: Dipplin|Giga Drain|p1a: Tinkaton\n|-resisted|p1a: Tinkaton\n|-damage|p1a: Tinkaton|54/274\n|-heal|p2a: Dipplin|138/284|[from] drain|[of] p1a: Tinkaton\n|\n|-weather|none\n|-heal|p1a: Tinkaton|71/274|[from] item: Leftovers\n|upkeep\n|turn|17\n|\n|t:|1781463258\n|move|p1a: Tinkaton|Play Rough|p2a: Dipplin|[miss]\n|-miss|p1a: Tinkaton|p2a: Dipplin\n|move|p2a: Dipplin|Giga Drain|p1a: Tinkaton\n|-resisted|p1a: Tinkaton\n|-damage|p1a: Tinkaton|32/274\n|-heal|p2a: Dipplin|158/284|[from] drain|[of] p1a: Tinkaton\n|\n|-heal|p1a: Tinkaton|49/274|[from] item: Leftovers\n|upkeep\n|turn|18\n|c|\u2606ahuramazda2|wrecked by a twink\n|c|\u2606ahuramazda2|typical\n|\n|t:|1781463267\n|move|p1a: Tinkaton|Play Rough|p2a: Dipplin\n|-supereffective|p2a: Dipplin\n|-damage|p2a: Dipplin|2/284\n|-unboost|p2a: Dipplin|atk|1\n|move|p2a: Dipplin|Giga Drain|p1a: Tinkaton\n|-resisted|p1a: Tinkaton\n|-damage|p1a: Tinkaton|12/274\n|-heal|p2a: Dipplin|21/284|[from] drain|[of] p1a: Tinkaton\n|\n|-heal|p1a: Tinkaton|29/274|[from] item: Leftovers\n|upkeep\n|turn|19\n|\n|t:|1781463276\n|move|p2a: Dipplin|Sucker Punch|p1a: Tinkaton\n|-resisted|p1a: Tinkaton\n|-damage|p1a: Tinkaton|16/274\n|move|p1a: Tinkaton|Knock Off|p2a: Dipplin\n|-damage|p2a: Dipplin|0 fnt\n|-enditem|p2a: Dipplin|Eviolite|[from] move: Knock Off|[of] p1a: Tinkaton\n|faint|p2a: Dipplin\n|\n|-heal|p1a: Tinkaton|33/274|[from] item: Leftovers\n|upkeep\n|\n|t:|1781463278\n|switch|p2a: Polteageist|Polteageist, L78|222/222\n|turn|20\n|\n|t:|1781463283\n|move|p1a: Tinkaton|Knock Off|p2a: Polteageist\n|-supereffective|p2a: Polteageist\n|-damage|p2a: Polteageist|0 fnt\n|-enditem|p2a: Polteageist|White Herb|[from] move: Knock Off|[of] p1a: Tinkaton\n|faint|p2a: Polteageist\n|\n|win|O Man2020\n|raw|O Man2020's rating: 1961 &rarr; <strong>1977</strong><br />(+16 for winning)\n|raw|ahuramazda2's rating: 1898 &rarr; <strong>1882</strong><br />(-16 for losing)\n", "inputlog": ">version a8376a258c1d4662feba110a92103f3664a72141\n>start {\"formatid\":\"gen9randombattle\",\"seed\":\"sodium,8a8c703aa80aab00a4889173b26d2e2e\",\"rated\":\"Rated battle\"}\n>player p1 {\"name\":\"O Man2020\",\"avatar\":\"2\",\"rating\":1961,\"seed\":\"sodium,51caa24a4cfffbc3bc6cde97dcaffc6b\"}\n>player p2 {\"name\":\"ahuramazda2\",\"avatar\":\"169\",\"rating\":1898,\"seed\":\"sodium,4c7e5116b3d077a8df30a2578e36c0d5\"}\n>p1 move hypnosis\n>p2 move spore\n>p1 move nastyplot\n>p2 move spore\n>p1 move nastyplot\n>p2 switch 6\n>p1 move sludgebomb terastallize\n>p2 move closecombat\n>p2 switch 3\n>p1 move darkpulse\n>p2 move waterspout\n>p1 switch 4\n>p1 switch 6\n>p2 switch 6\n>p1 move bravebird\n>p2 move spore\n>chat \u2606ahuramazda2|3 turn???\n>chat \u2606ahuramazda2|boo\n>p1 move earthquake\n>p2 move spore\n>p2 switch 4\n>p1 switch 2\n>p2 move psychicnoise\n>p1 move crunch\n>p2 move bodyslam terastallize\n>p1 switch 5\n>p2 move wish\n>p1 move swordsdance\n>p2 switch 6\n>p1 move knockoff\n>p2 move waterspout\n>p1 move playrough\n>p2 move thunder\n>p2 switch 6\n>p1 move gigatonhammer\n>p2 move psychicnoise\n>p2 switch 2\n>p1 move playrough\n>p2 move gigadrain\n>p1 move playrough\n>p2 move gigadrain\n>chat \u2606ahuramazda2|wrecked by a twink\n>chat \u2606ahuramazda2|typical\n>p1 move playrough\n>p2 move gigadrain\n>p1 move knockoff\n>p2 move suckerpunch\n>p2 switch 5\n>p1 move knockoff\n>p2 move strengthsap", "uploadtime": 1781463292, "views": 5, "formatid": "gen9randombattle", "rating": 1882, "private": 0, "password": null}