{"id": "gen9randombattle-2631968210", "format": "[Gen 9] Random Battle", "players": ["nickolassbomfim", "laundry bias"], "log": "|j|\u2606nickolassbomfim\n|j|\u2606laundry bias\n|t:|1781460981\n|gametype|singles\n|player|p1|nickolassbomfim|red-masters|1945\n|player|p2|laundry bias|101|1952\n|gen|9\n|tier|[Gen 9] Random Battle\n|rated|\n|rule|Species Clause: Limit one of each Pok\u00e9mon\n|rule|HP Percentage Mod: HP is shown in percentages\n|rule|Sleep Clause Mod: Limit one foe put to sleep\n|rule|Illusion Level Mod: Illusion disguises the Pok\u00e9mon's true level\n|\n|t:|1781460981\n|teamsize|p1|6\n|teamsize|p2|6\n|start\n|switch|p1a: Wyrdeer|Wyrdeer, L87, M|321/321\n|switch|p2a: Volcanion|Volcanion, L79|255/255\n|-ability|p1a: Wyrdeer|Intimidate|boost\n|-unboost|p2a: Volcanion|atk|1\n|turn|1\n|inactive|Battle timer is ON: inactive players will automatically lose when time's up. (requested by nickolassbomfim)\n|inactive|laundry bias has 120 seconds left.\n|\n|t:|1781461022\n|switch|p2a: Deoxys|Deoxys-Defense, L84|221/221\n|-ability|p2a: Deoxys|Pressure\n|move|p1a: Wyrdeer|Thunder Wave|p2a: Deoxys\n|-status|p2a: Deoxys|par\n|\n|upkeep\n|turn|2\n|\n|t:|1781461029\n|move|p1a: Wyrdeer|Megahorn|p2a: Deoxys\n|-supereffective|p2a: Deoxys\n|-damage|p2a: Deoxys|95/221 par\n|cant|p2a: Deoxys|par\n|\n|-heal|p2a: Deoxys|108/221 par|[from] item: Leftovers\n|upkeep\n|turn|3\n|inactive|laundry bias has 120 seconds left.\n|\n|t:|1781461069\n|switch|p2a: Flareon|Flareon, L90, M|263/263\n|move|p1a: Wyrdeer|Psychic Noise|p2a: Flareon\n|-damage|p2a: Flareon|185/263\n|-start|p2a: Flareon|move: Heal Block\n|\n|-status|p2a: Flareon|tox|[from] item: Toxic Orb\n|upkeep\n|turn|4\n|\n|t:|1781461079\n|move|p2a: Flareon|Flare Blitz|p1a: Wyrdeer\n|-damage|p1a: Wyrdeer|17/321\n|-damage|p2a: Flareon|85/263 tox|[from] Recoil\n|move|p1a: Wyrdeer|Earthquake|p2a: Flareon\n|-supereffective|p2a: Flareon\n|-damage|p2a: Flareon|0 fnt\n|faint|p2a: Flareon\n|\n|-heal|p1a: Wyrdeer|37/321|[from] item: Leftovers\n|upkeep\n|\n|t:|1781461083\n|switch|p2a: Ogerpon|Ogerpon, L80, F|259/259\n|turn|5\n|\n|t:|1781461087\n|move|p2a: Ogerpon|Ivy Cudgel|p1a: Wyrdeer\n|-damage|p1a: Wyrdeer|0 fnt\n|faint|p1a: Wyrdeer\n|\n|upkeep\n|\n|t:|1781461095\n|switch|p1a: Grafaiai|Grafaiai, L86, M|249/249\n|turn|6\n|inactive|laundry bias has 120 seconds left.\n|\n|t:|1781461135\n|switch|p2a: Iron Crown|Iron Crown, L78, shiny|268/268\n|move|p1a: Grafaiai|Swords Dance|p1a: Grafaiai\n|-boost|p1a: Grafaiai|atk|2\n|\n|upkeep\n|turn|7\n|\n|t:|1781461143\n|-terastallize|p1a: Grafaiai|Dark\n|-terastallize|p2a: Iron Crown|Steel\n|move|p1a: Grafaiai|Knock Off|p2a: Iron Crown\n|-damage|p2a: Iron Crown|17/268\n|-enditem|p2a: Iron Crown|Choice Specs|[from] move: Knock Off|[of] p1a: Grafaiai\n|-damage|p1a: Grafaiai|225/249|[from] item: Life Orb\n|move|p2a: Iron Crown|Psyshock|p1a: Grafaiai\n|-immune|p1a: Grafaiai\n|\n|upkeep\n|turn|8\n|-message|laundry bias forfeited.\n|\n|win|nickolassbomfim\n", "uploadtime": 1781460984, "views": 3, "formatid": "gen9randombattle", "rating": null, "private": 0, "password": null}