{"id": "gen9randombattle-2631517862", "format": "[Gen 9] Random Battle", "players": ["vanitas9702", "a1bertron"], "log": "|j|\u2606vanitas9702\n|j|\u2606a1bertron\n|t:|1781395496\n|gametype|singles\n|player|p1|vanitas9702|clair|2033\n|player|p2|a1bertron|101|2041\n|gen|9\n|tier|[Gen 9] Random Battle\n|rated|\n|rule|Species Clause: Limit one of each Pok\u00e9mon\n|rule|HP Percentage Mod: HP is shown in percentages\n|rule|Sleep Clause Mod: Limit one foe put to sleep\n|rule|Illusion Level Mod: Illusion disguises the Pok\u00e9mon's true level\n|\n|t:|1781395496\n|teamsize|p1|6\n|teamsize|p2|6\n|start\n|switch|p1a: Thundurus|Thundurus-Therian, L80, M|258/258\n|switch|p2a: Frosmoth|Frosmoth, L82, M|249/249\n|turn|1\n|\n|t:|1781395514\n|switch|p1a: Goodra|Goodra, L85, M|292/292\n|move|p2a: Frosmoth|Ice Beam|p1a: Goodra\n|-supereffective|p1a: Goodra\n|-damage|p1a: Goodra|200/292\n|\n|upkeep\n|turn|2\n|inactive|Battle timer is ON: inactive players will automatically lose when time's up. (requested by vanitas9702)\n|\n|t:|1781395525\n|switch|p2a: Mandibuzz|Mandibuzz, L85, F|326/326\n|move|p1a: Goodra|Fire Blast|p2a: Mandibuzz\n|-damage|p2a: Mandibuzz|240/326\n|\n|upkeep\n|turn|3\n|\n|t:|1781395541\n|move|p1a: Goodra|Sludge Bomb|p2a: Mandibuzz\n|-damage|p2a: Mandibuzz|172/326\n|move|p2a: Mandibuzz|Toxic|p1a: Goodra\n|-status|p1a: Goodra|tox\n|\n|-damage|p1a: Goodra|182/292 tox|[from] psn\n|upkeep\n|turn|4\n|\n|t:|1781395548\n|move|p1a: Goodra|Fire Blast|p2a: Mandibuzz\n|-damage|p2a: Mandibuzz|92/326\n|move|p2a: Mandibuzz|Roost|p2a: Mandibuzz\n|-heal|p2a: Mandibuzz|255/326\n|-singleturn|p2a: Mandibuzz|move: Roost\n|\n|-damage|p1a: Goodra|146/292 tox|[from] psn\n|upkeep\n|turn|5\n|\n|t:|1781395552\n|move|p2a: Mandibuzz|Foul Play|p1a: Goodra\n|-damage|p1a: Goodra|22/292 tox\n|move|p1a: Goodra|Fire Blast|p2a: Mandibuzz\n|-damage|p2a: Mandibuzz|168/326\n|\n|-damage|p1a: Goodra|0 fnt|[from] psn\n|faint|p1a: Goodra\n|upkeep\n|\n|t:|1781395556\n|switch|p1a: Thundurus|Thundurus-Therian, L80, M|258/258\n|turn|6\n|\n|t:|1781395562\n|switch|p2a: Frosmoth|Frosmoth, L82, M|249/249\n|move|p1a: Thundurus|Nasty Plot|p1a: Thundurus\n|-boost|p1a: Thundurus|spa|2\n|\n|upkeep\n|turn|7\n|\n|t:|1781395571\n|move|p1a: Thundurus|Thunderbolt|p2a: Frosmoth\n|-damage|p2a: Frosmoth|122/249\n|-status|p2a: Frosmoth|par\n|move|p2a: Frosmoth|Ice Beam|p1a: Thundurus\n|-supereffective|p1a: Thundurus\n|-damage|p1a: Thundurus|16/258\n|-status|p1a: Thundurus|frz\n|\n|upkeep\n|turn|8\n|\n|t:|1781395585\n|-curestatus|p1a: Thundurus|frz|[msg]\n|move|p1a: Thundurus|Thunderbolt|p2a: Frosmoth\n|-damage|p2a: Frosmoth|9/249 par\n|move|p2a: Frosmoth|Ice Beam|p1a: Thundurus\n|-supereffective|p1a: Thundurus\n|-damage|p1a: Thundurus|0 fnt\n|faint|p1a: Thundurus\n|\n|upkeep\n|\n|t:|1781395593\n|switch|p1a: Salamence|Salamence, L77, F|273/273\n|turn|9\n|\n|t:|1781395600\n|switch|p2a: Mandibuzz|Mandibuzz, L85, F|168/326\n|move|p1a: Salamence|Dual Wingbeat|p2a: Mandibuzz\n|-damage|p2a: Mandibuzz|128/326\n|-damage|p2a: Mandibuzz|88/326\n|-hitcount|p2a: Mandibuzz|2\n|\n|upkeep\n|turn|10\n|\n|t:|1781395614\n|-terastallize|p2a: Mandibuzz|Steel\n|move|p1a: Salamence|Dragon Dance|p1a: Salamence\n|-boost|p1a: Salamence|atk|1\n|-boost|p1a: Salamence|spe|1\n|move|p2a: Mandibuzz|Roost|p2a: Mandibuzz\n|-heal|p2a: Mandibuzz|251/326\n|\n|upkeep\n|turn|11\n|\n|t:|1781395622\n|switch|p1a: Chandelure|Chandelure, L83, M|235/235\n|move|p2a: Mandibuzz|Foul Play|p1a: Chandelure\n|-supereffective|p1a: Chandelure\n|-damage|p1a: Chandelure|137/235\n|\n|upkeep\n|turn|12\n|\n|t:|1781395630\n|switch|p2a: Frosmoth|Frosmoth, L82, M|9/249 par\n|move|p1a: Chandelure|Trick|p2a: Frosmoth\n|-activate|p1a: Chandelure|move: Trick|[of] p2a: Frosmoth\n|-item|p2a: Frosmoth|Choice Scarf|[from] move: Trick\n|-item|p1a: Chandelure|Heavy-Duty Boots|[from] move: Trick\n|\n|upkeep\n|turn|13\n|\n|t:|1781395636\n|move|p1a: Chandelure|Shadow Ball|p2a: Frosmoth\n|-damage|p2a: Frosmoth|0 fnt\n|faint|p2a: Frosmoth\n|\n|upkeep\n|\n|t:|1781395645\n|switch|p2a: Gumshoos|Gumshoos, L95, M|321/321\n|turn|14\n|\n|t:|1781395648\n|move|p1a: Chandelure|Trick|p2a: Gumshoos\n|-activate|p1a: Chandelure|move: Trick|[of] p2a: Gumshoos\n|-item|p2a: Gumshoos|Heavy-Duty Boots|[from] move: Trick\n|-item|p1a: Chandelure|Choice Band|[from] move: Trick\n|move|p2a: Gumshoos|Knock Off|p1a: Chandelure\n|-supereffective|p1a: Chandelure\n|-crit|p1a: Chandelure\n|-damage|p1a: Chandelure|0 fnt\n|-enditem|p1a: Chandelure|Choice Band|[from] move: Knock Off|[of] p2a: Gumshoos\n|faint|p1a: Chandelure\n|\n|upkeep\n|\n|t:|1781395662\n|switch|p1a: Politoed|Politoed, L88, M|302/302\n|-weather|RainDance|[from] ability: Drizzle|[of] p1a: Politoed\n|turn|15\n|\n|t:|1781395673\n|move|p1a: Politoed|Hydro Pump|p2a: Gumshoos\n|-damage|p2a: Gumshoos|96/321\n|move|p2a: Gumshoos|U-turn|p1a: Politoed\n|-damage|p1a: Politoed|225/302\n|\n|t:|1781395676\n|switch|p2a: Lurantis|Lurantis, L87, M|264/264|[from] U-turn\n|\n|-weather|RainDance|[upkeep]\n|upkeep\n|turn|16\n|\n|t:|1781395683\n|move|p1a: Politoed|Ice Beam|p2a: Lurantis\n|-supereffective|p2a: Lurantis\n|-damage|p2a: Lurantis|170/264\n|move|p2a: Lurantis|Leaf Storm|p1a: Politoed\n|-supereffective|p1a: Politoed\n|-damage|p1a: Politoed|0 fnt\n|-boost|p2a: Lurantis|spa|2\n|faint|p1a: Politoed\n|\n|-weather|RainDance|[upkeep]\n|upkeep\n|\n|t:|1781395688\n|switch|p1a: Salamence|Salamence, L77, F|273/273\n|turn|17\n|\n|t:|1781395691\n|switch|p2a: Mandibuzz|Mandibuzz, L85, F, tera:Steel|251/326\n|move|p1a: Salamence|Dragon Dance|p1a: Salamence\n|-boost|p1a: Salamence|atk|1\n|-boost|p1a: Salamence|spe|1\n|\n|-weather|RainDance|[upkeep]\n|upkeep\n|turn|18\n|\n|t:|1781395695\n|move|p1a: Salamence|Dragon Dance|p1a: Salamence\n|-boost|p1a: Salamence|atk|1\n|-boost|p1a: Salamence|spe|1\n|move|p2a: Mandibuzz|Foul Play|p1a: Salamence\n|-damage|p1a: Salamence|0 fnt\n|faint|p1a: Salamence\n|\n|-weather|RainDance|[upkeep]\n|upkeep\n|\n|t:|1781395699\n|switch|p1a: Hypno|Hypno, L95, F|315/315\n|turn|19\n|\n|t:|1781395702\n|move|p2a: Mandibuzz|Toxic|p1a: Hypno\n|-status|p1a: Hypno|tox\n|move|p1a: Hypno|Knock Off|p2a: Mandibuzz\n|-damage|p2a: Mandibuzz|192/326\n|-enditem|p2a: Mandibuzz|Heavy-Duty Boots|[from] move: Knock Off|[of] p1a: Hypno\n|\n|-weather|none\n|-damage|p1a: Hypno|296/315 tox|[from] psn\n|upkeep\n|turn|20\n|\n|t:|1781395704\n|move|p2a: Mandibuzz|Foul Play|p1a: Hypno\n|-supereffective|p1a: Hypno\n|-damage|p1a: Hypno|98/315 tox\n|move|p1a: Hypno|Encore|p2a: Mandibuzz\n|-start|p2a: Mandibuzz|Encore\n|\n|-heal|p1a: Hypno|117/315 tox|[from] item: Leftovers\n|-damage|p1a: Hypno|79/315 tox|[from] psn\n|upkeep\n|turn|21\n|\n|t:|1781395708\n|move|p2a: Mandibuzz|Foul Play|p1a: Hypno\n|-supereffective|p1a: Hypno\n|-damage|p1a: Hypno|0 fnt\n|faint|p1a: Hypno\n|\n|win|a1bertron\n", "uploadtime": 1781395498, "views": 4, "formatid": "gen9randombattle", "rating": null, "private": 0, "password": null}