{"id": "gen9randombattle-2631948008", "format": "[Gen 9] Random Battle", "players": ["Shukiii", "Juancitopro"], "log": "|j|\u2606Shukiii\n|j|\u203dJuancitopro\n|t:|1781458809\n|gametype|singles\n|player|p1|Shukiii|ingo|1305\n|player|p2|Juancitopro|1|1351\n|gen|9\n|tier|[Gen 9] Random Battle\n|rated|\n|rule|Species Clause: Limit one of each Pok\u00e9mon\n|rule|HP Percentage Mod: HP is shown in percentages\n|rule|Sleep Clause Mod: Limit one foe put to sleep\n|rule|Illusion Level Mod: Illusion disguises the Pok\u00e9mon's true level\n|\n|t:|1781458809\n|teamsize|p1|6\n|teamsize|p2|6\n|start\n|switch|p1a: Tsareena|Tsareena, L87, F|267/267\n|switch|p2a: Houndoom|Houndoom, L87, F|272/272\n|turn|1\n|\n|t:|1781458822\n|move|p2a: Houndoom|Fire Blast|p1a: Tsareena|[miss]\n|-miss|p2a: Houndoom|p1a: Tsareena\n|move|p1a: Tsareena|High Jump Kick|p2a: Houndoom\n|-supereffective|p2a: Houndoom\n|-damage|p2a: Houndoom|0 fnt\n|faint|p2a: Houndoom\n|\n|upkeep\n|\n|t:|1781458836\n|switch|p2a: Okidogi|Okidogi, L77, M|262/262\n|turn|2\n|\n|t:|1781458844\n|move|p1a: Tsareena|U-turn|p2a: Okidogi\n|-resisted|p2a: Okidogi\n|-damage|p2a: Okidogi|248/262\n|inactive|Battle timer is ON: inactive players will automatically lose when time's up. (requested by Juancitopro)\n|\n|t:|1781458858\n|switch|p1a: Rabsca|Rabsca, L91, M|284/284|[from] U-turn\n|move|p2a: Okidogi|Gunk Shot|p1a: Rabsca\n|-damage|p1a: Rabsca|158/284\n|\n|upkeep\n|turn|3\n|\n|t:|1781458871\n|move|p2a: Okidogi|Knock Off|p1a: Rabsca\n|-supereffective|p1a: Rabsca\n|-damage|p1a: Rabsca|14/284\n|-enditem|p1a: Rabsca|Heavy-Duty Boots|[from] move: Knock Off|[of] p2a: Okidogi\n|move|p1a: Rabsca|Psychic|p2a: Okidogi\n|-supereffective|p2a: Okidogi\n|-damage|p2a: Okidogi|0 fnt\n|faint|p2a: Okidogi\n|\n|upkeep\n|\n|t:|1781458878\n|switch|p2a: Jolteon|Jolteon, L84, M|246/246\n|turn|4\n|\n|t:|1781458901\n|switch|p1a: Clodsire|Clodsire, L81, F|343/343\n|move|p2a: Jolteon|Calm Mind|p2a: Jolteon\n|-boost|p2a: Jolteon|spa|1\n|-boost|p2a: Jolteon|spd|1\n|\n|upkeep\n|turn|5\n|\n|t:|1781458914\n|move|p2a: Jolteon|Shadow Ball|p1a: Clodsire\n|-damage|p1a: Clodsire|236/343\n|-damage|p2a: Jolteon|222/246|[from] item: Life Orb\n|move|p1a: Clodsire|Stealth Rock|p2a: Jolteon\n|-sidestart|p2: Juancitopro|move: Stealth Rock\n|\n|-heal|p1a: Clodsire|257/343|[from] item: Leftovers\n|upkeep\n|turn|6\n|\n|t:|1781458925\n|switch|p2a: Rotom|Rotom-Mow, L87|229/229\n|-damage|p2a: Rotom|201/229|[from] Stealth Rock\n|move|p1a: Clodsire|Earthquake|p2a: Rotom\n|-immune|p2a: Rotom|[from] ability: Levitate\n|\n|-heal|p2a: Rotom|215/229|[from] item: Leftovers\n|-heal|p1a: Clodsire|278/343|[from] item: Leftovers\n|upkeep\n|turn|7\n|\n|t:|1781458946\n|move|p2a: Rotom|Nasty Plot|p2a: Rotom\n|-boost|p2a: Rotom|spa|2\n|move|p1a: Clodsire|Poison Jab|p2a: Rotom\n|-supereffective|p2a: Rotom\n|-damage|p2a: Rotom|105/229\n|\n|-heal|p2a: Rotom|119/229|[from] item: Leftovers\n|-heal|p1a: Clodsire|299/343|[from] item: Leftovers\n|upkeep\n|turn|8\n|inactive|Shukiii has 120 seconds left.\n|\n|t:|1781458963\n|-terastallize|p1a: Clodsire|Steel\n|move|p2a: Rotom|Leaf Storm|p1a: Clodsire\n|-resisted|p1a: Clodsire\n|-damage|p1a: Clodsire|164/343\n|-unboost|p2a: Rotom|spa|2\n|move|p1a: Clodsire|Poison Jab|p2a: Rotom\n|-supereffective|p2a: Rotom\n|-damage|p2a: Rotom|3/229\n|-status|p2a: Rotom|psn\n|\n|-heal|p2a: Rotom|17/229 psn|[from] item: Leftovers\n|-heal|p1a: Clodsire|185/343|[from] item: Leftovers\n|-damage|p2a: Rotom|0 fnt|[from] psn\n|faint|p2a: Rotom\n|upkeep\n|\n|t:|1781458966\n|switch|p2a: Hariyama|Hariyama, L87, F|392/392\n|-damage|p2a: Hariyama|368/392|[from] Stealth Rock\n|turn|9\n|inactive|Shukiii has 120 seconds left.\n|\n|t:|1781458996\n|switch|p1a: Falinks|Falinks, L84|246/246\n|move|p2a: Hariyama|Close Combat|p1a: Falinks\n|-damage|p1a: Falinks|96/246\n|-unboost|p2a: Hariyama|def|1\n|-unboost|p2a: Hariyama|spd|1\n|\n|upkeep\n|turn|10\n|\n|t:|1781459015\n|move|p1a: Falinks|Close Combat|p2a: Hariyama\n|-damage|p2a: Hariyama|40/392\n|-unboost|p1a: Falinks|def|1\n|-unboost|p1a: Falinks|spd|1\n|-damage|p1a: Falinks|72/246|[from] item: Life Orb\n|move|p2a: Hariyama|Close Combat|p1a: Falinks\n|-damage|p1a: Falinks|0 fnt\n|-unboost|p2a: Hariyama|def|1\n|-unboost|p2a: Hariyama|spd|1\n|faint|p1a: Falinks\n|\n|upkeep\n|\n|t:|1781459026\n|switch|p1a: Tsareena|Tsareena, L87, F|267/267\n|turn|11\n|\n|t:|1781459035\n|move|p1a: Tsareena|Rapid Spin|p2a: Hariyama\n|-damage|p2a: Hariyama|0 fnt\n|-boost|p1a: Tsareena|spe|1\n|faint|p2a: Hariyama\n|\n|upkeep\n|\n|t:|1781459041\n|switch|p2a: Sylveon|Sylveon, L85, F|300/300\n|-damage|p2a: Sylveon|263/300|[from] Stealth Rock\n|turn|12\n|\n|t:|1781459049\n|move|p1a: Tsareena|U-turn|p2a: Sylveon\n|-resisted|p2a: Sylveon\n|-damage|p2a: Sylveon|228/300\n|\n|t:|1781459063\n|switch|p1a: Clodsire|Clodsire, L81, F, tera:Steel|185/343|[from] U-turn\n|move|p2a: Sylveon|Hyper Voice|p1a: Clodsire\n|-resisted|p1a: Clodsire\n|-damage|p1a: Clodsire|126/343\n|\n|-heal|p2a: Sylveon|246/300|[from] item: Leftovers\n|-heal|p1a: Clodsire|147/343|[from] item: Leftovers\n|upkeep\n|turn|13\n|\n|t:|1781459070\n|move|p2a: Sylveon|Hyper Voice|p1a: Clodsire\n|-resisted|p1a: Clodsire\n|-damage|p1a: Clodsire|86/343\n|move|p1a: Clodsire|Recover|p1a: Clodsire\n|-heal|p1a: Clodsire|258/343\n|\n|-heal|p2a: Sylveon|264/300|[from] item: Leftovers\n|-heal|p1a: Clodsire|279/343|[from] item: Leftovers\n|upkeep\n|turn|14\n|\n|t:|1781459078\n|move|p2a: Sylveon|Calm Mind|p2a: Sylveon\n|-boost|p2a: Sylveon|spa|1\n|-boost|p2a: Sylveon|spd|1\n|move|p1a: Clodsire|Poison Jab|p2a: Sylveon\n|-supereffective|p2a: Sylveon\n|-damage|p2a: Sylveon|94/300\n|\n|-heal|p2a: Sylveon|112/300|[from] item: Leftovers\n|-heal|p1a: Clodsire|300/343|[from] item: Leftovers\n|upkeep\n|turn|15\n|inactive|Shukiii has 120 seconds left.\n|\n|t:|1781459085\n|move|p2a: Sylveon|Wish|p2a: Sylveon\n|move|p1a: Clodsire|Poison Jab|p2a: Sylveon\n|-supereffective|p2a: Sylveon\n|-damage|p2a: Sylveon|0 fnt\n|faint|p2a: Sylveon\n|\n|-heal|p1a: Clodsire|321/343|[from] item: Leftovers\n|upkeep\n|\n|t:|1781459093\n|switch|p2a: Jolteon|Jolteon, L84, M|222/246\n|-damage|p2a: Jolteon|192/246|[from] Stealth Rock\n|turn|16\n|-message|Juancitopro forfeited.\n|\n|win|Shukiii\n|raw|Shukiii's rating: 1305 &rarr; <strong>1328</strong><br />(+23 for winning)\n|raw|Juancitopro's rating: 1351 &rarr; <strong>1328</strong><br />(-23 for losing)\n|l|\u203dJuancitopro\n|player|p2|\n", "inputlog": ">version a8376a258c1d4662feba110a92103f3664a72141\n>start {\"formatid\":\"gen9randombattle\",\"seed\":\"sodium,0636d5d30cc4ac660827b904f648bf44\",\"rated\":\"Rated battle\"}\n>player p1 {\"name\":\"Shukiii\",\"avatar\":\"ingo\",\"rating\":1305,\"seed\":\"sodium,ad908882aa118460ee45f45420db49b2\"}\n>player p2 {\"name\":\"Juancitopro\",\"avatar\":\"1\",\"rating\":1351,\"seed\":\"sodium,df2e8c3e2ee595c6142773f45f97d55a\"}\n>p1 move highjumpkick\n>p2 move fireblast\n>p2 switch 4\n>p1 move uturn\n>p2 move gunkshot\n>p1 switch 2\n>p1 move psychic\n>p2 move knockoff\n>p2 switch 5\n>p1 switch 5\n>p2 move calmmind\n>p1 move stealthrock\n>p2 move shadowball\n>p1 move earthquake\n>p2 switch 3\n>p1 move poisonjab\n>p2 move nastyplot\n>p1 move poisonjab terastallize\n>p2 move leafstorm\n>p2 switch 6\n>p1 switch 6\n>p2 move closecombat\n>p1 move closecombat\n>p2 move closecombat\n>p1 switch 2\n>p1 move rapidspin\n>p2 move heavyslam\n>p2 switch 2\n>p1 move uturn\n>p2 move hypervoice\n>p1 switch 6\n>p1 move recover\n>p2 move hypervoice\n>p1 move poisonjab\n>p2 move calmmind\n>p1 move poisonjab\n>p2 move wish\n>p2 switch 3\n>forcelose p2", "uploadtime": 1781459104, "views": 15, "formatid": "gen9randombattle", "rating": 1328, "private": 0, "password": null}