{"id": "gen9randombattle-2631596026", "format": "[Gen 9] Random Battle", "players": ["whisperwyrm", "who is to say"], "log": "|j|\u2606whisperwyrm\n|j|\u2606who is to say\n|t:|1781406302\n|gametype|singles\n|player|p1|whisperwyrm|170|2212\n|player|p2|who is to say|170|2224\n|gen|9\n|tier|[Gen 9] Random Battle\n|rated|\n|rule|Species Clause: Limit one of each Pok\u00e9mon\n|rule|HP Percentage Mod: HP is shown in percentages\n|rule|Sleep Clause Mod: Limit one foe put to sleep\n|rule|Illusion Level Mod: Illusion disguises the Pok\u00e9mon's true level\n|\n|t:|1781406302\n|teamsize|p1|6\n|teamsize|p2|6\n|start\n|switch|p1a: Koraidon|Koraidon, L64|235/235\n|switch|p2a: Golem|Golem, L87, M|281/281\n|-weather|SunnyDay|[from] ability: Orichalcum Pulse|[of] p1a: Koraidon\n|-activate|p1a: Koraidon|Orichalcum Pulse|[source]\n|turn|1\n|inactive|Battle timer is ON: inactive players will automatically lose when time's up. (requested by whisperwyrm)\n|\n|t:|1781406314\n|move|p1a: Koraidon|Collision Course|p2a: Golem\n|-supereffective|p2a: Golem\n|-damage|p2a: Golem|89/281\n|-enditem|p2a: Golem|Weakness Policy\n|-boost|p2a: Golem|atk|2|[from] item: Weakness Policy\n|-boost|p2a: Golem|spa|2|[from] item: Weakness Policy\n|move|p2a: Golem|Rock Polish|p2a: Golem\n|-boost|p2a: Golem|spe|2\n|\n|-weather|SunnyDay|[upkeep]\n|upkeep\n|turn|2\n|\n|t:|1781406323\n|switch|p1a: Granbull|Granbull, L88, M|302/302\n|-ability|p1a: Granbull|Intimidate|boost\n|-unboost|p2a: Golem|atk|1\n|move|p2a: Golem|Earthquake|p1a: Granbull\n|-damage|p1a: Granbull|98/302\n|\n|-weather|SunnyDay|[upkeep]\n|-heal|p1a: Granbull|116/302|[from] item: Leftovers\n|upkeep\n|turn|3\n|\n|t:|1781406329\n|move|p2a: Golem|Earthquake|p1a: Granbull\n|-damage|p1a: Granbull|0 fnt\n|faint|p1a: Granbull\n|\n|-weather|SunnyDay|[upkeep]\n|upkeep\n|\n|t:|1781406340\n|switch|p1a: Vigoroth|Vigoroth, L85, F|275/275\n|turn|4\n|\n|t:|1781406348\n|move|p2a: Golem|Explosion|p1a: Vigoroth\n|-damage|p1a: Vigoroth|32/275\n|faint|p2a: Golem\n|move|p1a: Vigoroth|Bulk Up|p1a: Vigoroth\n|-boost|p1a: Vigoroth|atk|1\n|-boost|p1a: Vigoroth|def|1\n|\n|-weather|SunnyDay|[upkeep]\n|upkeep\n|\n|t:|1781406370\n|switch|p2a: Emboar|Emboar, L84, F|322/322\n|turn|5\n|\n|t:|1781406373\n|move|p2a: Emboar|Flare Blitz|p1a: Vigoroth\n|-damage|p1a: Vigoroth|0 fnt\n|faint|p1a: Vigoroth\n|-damage|p2a: Emboar|311/322|[from] Recoil\n|\n|-weather|none\n|upkeep\n|\n|t:|1781406380\n|switch|p1a: Keldeo|Keldeo-Resolute, L79|273/273\n|turn|6\n|\n|t:|1781406397\n|switch|p2a: Decidueye|Decidueye-Hisui, L87, M|295/295\n|move|p1a: Keldeo|Calm Mind|p1a: Keldeo\n|-boost|p1a: Keldeo|spa|1\n|-boost|p1a: Keldeo|spd|1\n|\n|upkeep\n|turn|7\n|\n|t:|1781406403\n|switch|p1a: Brambleghast|Brambleghast, L88, M|240/240\n|move|p2a: Decidueye|Triple Arrows|p1a: Brambleghast\n|-crit|p1a: Brambleghast\n|-damage|p1a: Brambleghast|53/240\n|\n|-heal|p1a: Brambleghast|68/240|[from] item: Leftovers\n|upkeep\n|turn|8\n|\n|t:|1781406408\n|move|p1a: Brambleghast|Poltergeist|p2a: Decidueye\n|-activate|p2a: Decidueye|move: Poltergeist|Leftovers\n|-damage|p2a: Decidueye|135/295\n|move|p2a: Decidueye|Triple Arrows|p1a: Brambleghast\n|-damage|p1a: Brambleghast|0 fnt\n|faint|p1a: Brambleghast\n|\n|-heal|p2a: Decidueye|153/295|[from] item: Leftovers\n|upkeep\n|\n|t:|1781406419\n|switch|p1a: Arceus|Arceus-Poison, L70|284/284\n|turn|9\n|\n|t:|1781406426\n|switch|p2a: Mismagius|Mismagius, L86, F|243/243\n|move|p1a: Arceus|Swords Dance|p1a: Arceus\n|-boost|p1a: Arceus|atk|2\n|\n|upkeep\n|turn|10\n|\n|t:|1781406433\n|move|p2a: Mismagius|Shadow Ball|p1a: Arceus\n|-damage|p1a: Arceus|146/284\n|-unboost|p1a: Arceus|spd|1\n|move|p1a: Arceus|Gunk Shot|p2a: Mismagius\n|-resisted|p2a: Mismagius\n|-damage|p2a: Mismagius|86/243\n|\n|upkeep\n|turn|11\n|\n|t:|1781406448\n|switch|p1a: Keldeo|Keldeo-Resolute, L79|273/273\n|move|p2a: Mismagius|Shadow Ball|p1a: Keldeo\n|-damage|p1a: Keldeo|123/273\n|\n|-heal|p1a: Keldeo|140/273|[from] item: Leftovers\n|upkeep\n|turn|12\n|\n|t:|1781406453\n|move|p2a: Mismagius|Shadow Ball|p1a: Keldeo\n|-damage|p1a: Keldeo|0 fnt\n|faint|p1a: Keldeo\n|\n|upkeep\n|\n|t:|1781406460\n|switch|p1a: Koraidon|Koraidon, L64|235/235\n|-weather|SunnyDay|[from] ability: Orichalcum Pulse|[of] p1a: Koraidon\n|-activate|p1a: Koraidon|Orichalcum Pulse|[source]\n|turn|13\n|\n|t:|1781406464\n|move|p2a: Mismagius|Shadow Ball|p1a: Koraidon\n|-damage|p1a: Koraidon|82/235\n|move|p1a: Koraidon|Scale Shot|p2a: Mismagius\n|-damage|p2a: Mismagius|50/243\n|-damage|p2a: Mismagius|13/243\n|-damage|p2a: Mismagius|0 fnt\n|faint|p2a: Mismagius\n|-hitcount|p2: Mismagius|3\n|-unboost|p1a: Koraidon|def|1\n|-boost|p1a: Koraidon|spe|1\n|\n|-weather|SunnyDay|[upkeep]\n|upkeep\n|\n|t:|1781406473\n|switch|p2a: Decidueye|Decidueye-Hisui, L87, M|153/295\n|turn|14\n|\n|t:|1781406480\n|move|p1a: Koraidon|Flare Blitz|p2a: Decidueye\n|-supereffective|p2a: Decidueye\n|-damage|p2a: Decidueye|0 fnt\n|faint|p2a: Decidueye\n|-damage|p1a: Koraidon|32/235|[from] Recoil\n|\n|-weather|SunnyDay|[upkeep]\n|upkeep\n|\n|t:|1781406485\n|switch|p2a: Emboar|Emboar, L84, F|311/322\n|turn|15\n|\n|t:|1781406492\n|move|p1a: Koraidon|Scale Shot|p2a: Emboar\n|-damage|p2a: Emboar|274/322\n|-damage|p2a: Emboar|238/322\n|-damage|p2a: Emboar|199/322\n|-damage|p2a: Emboar|163/322\n|-damage|p2a: Emboar|126/322\n|-hitcount|p2a: Emboar|5\n|-unboost|p1a: Koraidon|def|1\n|-boost|p1a: Koraidon|spe|1\n|move|p2a: Emboar|Flare Blitz|p1a: Koraidon\n|-resisted|p1a: Koraidon\n|-damage|p1a: Koraidon|0 fnt\n|faint|p1a: Koraidon\n|-damage|p2a: Emboar|115/322|[from] Recoil\n|\n|-weather|SunnyDay|[upkeep]\n|upkeep\n|\n|t:|1781406505\n|switch|p1a: Arceus|Arceus-Poison, L70|146/284\n|turn|16\n|\n|t:|1781406512\n|-terastallize|p2a: Emboar|Fire\n|-terastallize|p1a: Arceus|Normal\n|move|p1a: Arceus|Extreme Speed|p2a: Emboar\n|-damage|p2a: Emboar|18/322\n|move|p2a: Emboar|Flare Blitz|p1a: Arceus\n|-damage|p1a: Arceus|0 fnt\n|faint|p1a: Arceus\n|-damage|p2a: Emboar|0 fnt|[from] Recoil\n|faint|p2a: Emboar\n|\n|win|who is to say\n", "uploadtime": 1781406303, "views": 3, "formatid": "gen9randombattle", "rating": null, "private": 0, "password": null}