{"id": "gen9randombattle-2631398786", "format": "[Gen 9] Random Battle", "players": ["drowyna", "ERZA BIG"], "log": "|j|\u2606drowyna\n|j|\u2606ERZA BIG\n|t:|1781379948\n|gametype|singles\n|player|p1|drowyna|lucas|1657\n|player|p2|ERZA BIG|170|1685\n|gen|9\n|tier|[Gen 9] Random Battle\n|rated|\n|rule|Species Clause: Limit one of each Pok\u00e9mon\n|rule|HP Percentage Mod: HP is shown in percentages\n|rule|Sleep Clause Mod: Limit one foe put to sleep\n|rule|Illusion Level Mod: Illusion disguises the Pok\u00e9mon's true level\n|\n|t:|1781379948\n|teamsize|p1|6\n|teamsize|p2|6\n|start\n|switch|p1a: Clawitzer|Clawitzer, L87, F|265/265\n|switch|p2a: Mandibuzz|Mandibuzz, L85, F|326/326\n|turn|1\n|inactive|Battle timer is ON: inactive players will automatically lose when time's up. (requested by drowyna)\n|\n|t:|1781379960\n|move|p2a: Mandibuzz|Toxic|p1a: Clawitzer\n|-status|p1a: Clawitzer|tox\n|move|p1a: Clawitzer|Water Pulse|p2a: Mandibuzz\n|-damage|p2a: Mandibuzz|223/326\n|\n|-damage|p1a: Clawitzer|249/265 tox|[from] psn\n|upkeep\n|turn|2\n|\n|t:|1781379963\n|move|p2a: Mandibuzz|Roost|p2a: Mandibuzz\n|-heal|p2a: Mandibuzz|326/326\n|-singleturn|p2a: Mandibuzz|move: Roost\n|move|p1a: Clawitzer|U-turn|p2a: Mandibuzz\n|-supereffective|p2a: Mandibuzz\n|-damage|p2a: Mandibuzz|244/326\n|\n|t:|1781379967\n|switch|p1a: Orthworm|Orthworm, L88, F|266/266|[from] U-turn\n|\n|upkeep\n|turn|3\n|\n|t:|1781379979\n|switch|p2a: Coalossal|Coalossal, L89, M|341/341\n|move|p1a: Orthworm|Coil|p1a: Orthworm\n|-boost|p1a: Orthworm|atk|1\n|-boost|p1a: Orthworm|def|1\n|-boost|p1a: Orthworm|accuracy|1\n|\n|upkeep\n|turn|4\n|\n|t:|1781379987\n|switch|p1a: Clawitzer|Clawitzer, L87, F|249/265 tox\n|move|p2a: Coalossal|Flamethrower|p1a: Clawitzer\n|-resisted|p1a: Clawitzer\n|-damage|p1a: Clawitzer|219/265 tox\n|\n|-damage|p1a: Clawitzer|203/265 tox|[from] psn\n|upkeep\n|turn|5\n|\n|t:|1781379992\n|switch|p2a: Mandibuzz|Mandibuzz, L85, F|244/326\n|move|p1a: Clawitzer|U-turn|p2a: Mandibuzz\n|-damage|p2a: Mandibuzz|206/326\n|\n|t:|1781379996\n|switch|p1a: Iron Hands|Iron Hands, L79|373/373|[from] U-turn\n|\n|upkeep\n|turn|6\n|\n|t:|1781380002\n|move|p2a: Mandibuzz|Toxic|p1a: Iron Hands|[miss]\n|-miss|p2a: Mandibuzz|p1a: Iron Hands\n|move|p1a: Iron Hands|Swords Dance|p1a: Iron Hands\n|-boost|p1a: Iron Hands|atk|2\n|\n|upkeep\n|turn|7\n|\n|t:|1781380004\n|move|p2a: Mandibuzz|Toxic|p1a: Iron Hands\n|-status|p1a: Iron Hands|tox\n|move|p1a: Iron Hands|Thunder Punch|p2a: Mandibuzz\n|-supereffective|p2a: Mandibuzz\n|-damage|p2a: Mandibuzz|0 fnt\n|faint|p2a: Mandibuzz\n|\n|-damage|p1a: Iron Hands|350/373 tox|[from] psn\n|upkeep\n|\n|t:|1781380013\n|switch|p2a: Coalossal|Coalossal, L89, M|341/341\n|turn|8\n|\n|t:|1781380019\n|switch|p2a: Calyrex|Calyrex-Shadow, L64|235/235\n|-ability|p2a: Calyrex|As One\n|-ability|p2a: Calyrex|Unnerve\n|move|p1a: Iron Hands|Drain Punch|p2a: Calyrex\n|-immune|p2a: Calyrex\n|\n|-heal|p1a: Iron Hands|373/373 tox|[from] item: Leftovers\n|-damage|p1a: Iron Hands|327/373 tox|[from] psn\n|upkeep\n|turn|9\n|\n|t:|1781380030\n|move|p2a: Calyrex|Psyshock|p1a: Iron Hands\n|-supereffective|p1a: Iron Hands\n|-damage|p1a: Iron Hands|103/373 tox\n|move|p1a: Iron Hands|Thunder Punch|p2a: Calyrex\n|-damage|p2a: Calyrex|0 fnt\n|faint|p2a: Calyrex\n|\n|-heal|p1a: Iron Hands|126/373 tox|[from] item: Leftovers\n|-damage|p1a: Iron Hands|57/373 tox|[from] psn\n|upkeep\n|\n|t:|1781380044\n|switch|p2a: Diancie|Diancie, L82|216/216\n|turn|10\n|\n|t:|1781380053\n|move|p2a: Diancie|Moonblast|p1a: Iron Hands\n|-supereffective|p1a: Iron Hands\n|-damage|p1a: Iron Hands|0 fnt\n|faint|p1a: Iron Hands\n|-end|p1a: Iron Hands|Quark Drive|[silent]\n|\n|upkeep\n|\n|t:|1781380059\n|switch|p1a: Dugtrio|Dugtrio-Alola, L84, M|196/196\n|turn|11\n|\n|t:|1781380067\n|move|p1a: Dugtrio|Swords Dance|p1a: Dugtrio\n|-boost|p1a: Dugtrio|atk|2\n|move|p2a: Diancie|Body Press|p1a: Dugtrio\n|-supereffective|p1a: Dugtrio\n|-damage|p1a: Dugtrio|12/196\n|-ability|p1a: Dugtrio|Tangling Hair\n|-fail|p2a: Diancie|unboost|[from] ability: Clear Body|[of] p2a: Diancie\n|\n|upkeep\n|turn|12\n|\n|t:|1781380071\n|move|p1a: Dugtrio|Earthquake|p2a: Diancie\n|-supereffective|p2a: Diancie\n|-damage|p2a: Diancie|0 fnt\n|faint|p2a: Diancie\n|-damage|p1a: Dugtrio|0 fnt|[from] item: Life Orb\n|faint|p1a: Dugtrio\n|\n|upkeep\n|\n|t:|1781380076\n|switch|p1a: Clawitzer|Clawitzer, L87, F|203/265 tox\n|switch|p2a: Victreebel|Victreebel, L90, M|290/290\n|turn|13\n|\n|t:|1781380082\n|move|p2a: Victreebel|Swords Dance|p2a: Victreebel\n|-boost|p2a: Victreebel|atk|2\n|move|p1a: Clawitzer|U-turn|p2a: Victreebel\n|-damage|p2a: Victreebel|241/290\n|\n|t:|1781380085\n|switch|p1a: Espeon|Espeon, L84, F|246/246|[from] U-turn\n|\n|upkeep\n|turn|14\n|\n|t:|1781380092\n|-terastallize|p2a: Victreebel|Dark\n|move|p1a: Espeon|Trick|p2a: Victreebel\n|-activate|p1a: Espeon|move: Trick|[of] p2a: Victreebel\n|-item|p2a: Victreebel|Choice Specs|[from] move: Trick\n|-item|p1a: Espeon|Life Orb|[from] move: Trick\n|move|p2a: Victreebel|Power Whip|p1a: Espeon|[miss]\n|-miss|p2a: Victreebel|p1a: Espeon\n|\n|upkeep\n|turn|15\n|\n|t:|1781380099\n|switch|p1a: Vespiquen|Vespiquen, L99, F|299/299\n|-ability|p1a: Vespiquen|Pressure\n|move|p2a: Victreebel|Power Whip|p1a: Vespiquen\n|-resisted|p1a: Vespiquen\n|-damage|p1a: Vespiquen|244/299\n|\n|upkeep\n|turn|16\n|\n|t:|1781380112\n|switch|p2a: Coalossal|Coalossal, L89, M|341/341\n|switch|p1a: Clawitzer|Clawitzer, L87, F|203/265 tox\n|\n|-damage|p1a: Clawitzer|187/265 tox|[from] psn\n|upkeep\n|turn|17\n|\n|t:|1781380121\n|move|p1a: Clawitzer|Water Pulse|p2a: Coalossal\n|-supereffective|p2a: Coalossal\n|-damage|p2a: Coalossal|0 fnt\n|faint|p2a: Coalossal\n|\n|-damage|p1a: Clawitzer|155/265 tox|[from] psn\n|upkeep\n|\n|t:|1781380125\n|switch|p2a: Victreebel|Victreebel, L90, M, tera:Dark|241/290\n|turn|18\n|\n|t:|1781380128\n|move|p2a: Victreebel|Power Whip|p1a: Clawitzer\n|-supereffective|p1a: Clawitzer\n|-damage|p1a: Clawitzer|0 fnt\n|faint|p1a: Clawitzer\n|\n|upkeep\n|\n|t:|1781380131\n|switch|p1a: Vespiquen|Vespiquen, L99, F|244/299\n|-ability|p1a: Vespiquen|Pressure\n|turn|19\n|\n|t:|1781380135\n|switch|p2a: Hoopa|Hoopa-Unbound, L80|259/259\n|move|p1a: Vespiquen|U-turn|p2a: Hoopa\n|-supereffective|p2a: Hoopa\n|-damage|p2a: Hoopa|0 fnt\n|faint|p2a: Hoopa\n|\n|t:|1781380138\n|switch|p1a: Espeon|Espeon, L84, F|246/246|[from] U-turn\n|\n|upkeep\n|\n|t:|1781380140\n|switch|p2a: Victreebel|Victreebel, L90, M, tera:Dark|241/290\n|turn|20\n|\n|t:|1781380148\n|-terastallize|p1a: Espeon|Fairy\n|move|p2a: Victreebel|Sucker Punch|p1a: Espeon\n|-resisted|p1a: Espeon\n|-damage|p1a: Espeon|190/246\n|move|p1a: Espeon|Alluring Voice|p2a: Victreebel\n|-supereffective|p2a: Victreebel\n|-damage|p2a: Victreebel|0 fnt\n|faint|p2a: Victreebel\n|-damage|p1a: Espeon|166/246|[from] item: Life Orb\n|\n|win|drowyna\n|raw|drowyna's rating: 1657 &rarr; <strong>1679</strong><br />(+22 for winning)\n|raw|ERZA BIG's rating: 1685 &rarr; <strong>1663</strong><br />(-22 for losing)\n|l|\u2606ERZA BIG\n|player|p2|\n", "inputlog": ">version a8376a258c1d4662feba110a92103f3664a72141\n>start {\"formatid\":\"gen9randombattle\",\"seed\":\"sodium,58f3f212bf2cd92b553c2f2ed0f48def\",\"rated\":\"Rated battle\"}\n>player p1 {\"name\":\"drowyna\",\"avatar\":\"lucas\",\"rating\":1657,\"seed\":\"sodium,b685c9724540c0097afb2b4084476d25\"}\n>player p2 {\"name\":\"ERZA BIG\",\"avatar\":\"170\",\"rating\":1685,\"seed\":\"sodium,6194f6c7215e9a052cc3b6097d62be82\"}\n>p1 move waterpulse\n>p2 move toxic\n>p1 move uturn\n>p2 move roost\n>p1 switch 5\n>p1 move coil\n>p2 switch 6\n>p1 switch 5\n>p2 move flamethrower\n>p1 move uturn\n>p2 switch 6\n>p1 switch 4\n>p1 move swordsdance\n>p2 move toxic\n>p1 move thunderpunch\n>p2 move toxic\n>p2 switch 6\n>p1 move drainpunch\n>p2 switch 3\n>p1 move thunderpunch\n>p2 move psyshock\n>p2 switch 2\n>p1 move drainpunch\n>p2 move moonblast\n>p1 switch 3\n>p1 move swordsdance\n>p2 move bodypress\n>p1 move earthquake\n>p2 move bodypress\n>p1 switch 4\n>p2 switch 5\n>p1 move uturn\n>p2 move swordsdance\n>p1 switch 6\n>p1 move trick\n>p2 move powerwhip terastallize\n>p1 switch 2\n>p2 move powerwhip\n>p1 switch 6\n>p2 switch 3\n>p1 move waterpulse\n>p2 move stoneedge\n>p2 switch 3\n>p1 move aurasphere\n>p2 move powerwhip\n>p1 switch 6\n>p1 move uturn\n>p2 switch 4\n>p1 switch 2\n>p2 switch 4\n>p1 move alluringvoice terastallize\n>p2 move suckerpunch", "uploadtime": 1781380155, "views": 8, "formatid": "gen9randombattle", "rating": 1663, "private": 0, "password": null}