{"id": "gen9randombattle-2631782370", "format": "[Gen 9] Random Battle", "players": ["TheAustrianOak", "Crinjal"], "log": "|j|\u2606TheAustrianOak\n|j|\u2606Crinjal\n|t:|1781438860\n|gametype|singles\n|player|p1|TheAustrianOak|chuck|1941\n|player|p2|Crinjal|veteran|2021\n|gen|9\n|tier|[Gen 9] Random Battle\n|rated|\n|rule|Species Clause: Limit one of each Pok\u00e9mon\n|rule|HP Percentage Mod: HP is shown in percentages\n|rule|Sleep Clause Mod: Limit one foe put to sleep\n|rule|Illusion Level Mod: Illusion disguises the Pok\u00e9mon's true level\n|\n|t:|1781438860\n|teamsize|p1|6\n|teamsize|p2|6\n|start\n|switch|p1a: Zebstrika|Zebstrika, L87, M|272/272\n|switch|p2a: Mightyena|Mightyena, L96, M|290/290\n|-ability|p2a: Mightyena|Intimidate|boost\n|-unboost|p1a: Zebstrika|atk|1\n|turn|1\n|inactive|Battle timer is ON: inactive players will automatically lose when time's up. (requested by TheAustrianOak)\n|\n|t:|1781438874\n|move|p1a: Zebstrika|Volt Switch|p2a: Mightyena\n|-damage|p2a: Mightyena|185/290\n|-damage|p1a: Zebstrika|245/272|[from] item: Life Orb\n|c|\u2606Crinjal|arnold?\n|\n|t:|1781438879\n|switch|p1a: Krookodile|Krookodile, L79, M|280/280|[from] Volt Switch\n|-ability|p1a: Krookodile|Intimidate|boost\n|-unboost|p2a: Mightyena|atk|1\n|move|p2a: Mightyena|Crunch|p1a: Krookodile\n|-resisted|p1a: Krookodile\n|-damage|p1a: Krookodile|217/280\n|\n|upkeep\n|turn|2\n|\n|t:|1781438897\n|switch|p2a: Quaquaval|Quaquaval, L79, F|264/264\n|move|p1a: Krookodile|Stealth Rock|p2a: Quaquaval\n|-sidestart|p2: Crinjal|move: Stealth Rock\n|\n|upkeep\n|turn|3\n|\n|t:|1781438908\n|move|p1a: Krookodile|Earthquake|p2a: Quaquaval\n|-damage|p2a: Quaquaval|91/264\n|-damage|p1a: Krookodile|189/280|[from] item: Life Orb\n|move|p2a: Quaquaval|Aqua Step|p1a: Krookodile\n|-supereffective|p1a: Krookodile\n|-damage|p1a: Krookodile|0 fnt\n|-boost|p2a: Quaquaval|spe|1\n|faint|p1a: Krookodile\n|-ability|p2a: Quaquaval|Moxie|boost\n|-boost|p2a: Quaquaval|atk|1\n|\n|-heal|p2a: Quaquaval|107/264|[from] item: Leftovers\n|upkeep\n|\n|t:|1781438916\n|switch|p1a: Azumarill|Azumarill, L82, F|298/298\n|turn|4\n|\n|t:|1781438941\n|-terastallize|p2a: Quaquaval|Steel\n|move|p2a: Quaquaval|Roost|p2a: Quaquaval\n|-heal|p2a: Quaquaval|239/264\n|move|p1a: Azumarill|Play Rough|p2a: Quaquaval\n|-resisted|p2a: Quaquaval\n|-damage|p2a: Quaquaval|140/264\n|-unboost|p2a: Quaquaval|atk|1\n|\n|-heal|p2a: Quaquaval|156/264|[from] item: Leftovers\n|upkeep\n|turn|5\n|c|\u2606TheAustrianOak|yesss\n|\n|t:|1781438955\n|switch|p1a: Pachirisu|Pachirisu, L96, F|271/271\n|move|p2a: Quaquaval|Swords Dance|p2a: Quaquaval\n|-boost|p2a: Quaquaval|atk|2\n|\n|-heal|p2a: Quaquaval|172/264|[from] item: Leftovers\n|upkeep\n|turn|6\n|\n|t:|1781438965\n|-terastallize|p1a: Pachirisu|Flying\n|move|p2a: Quaquaval|Close Combat|p1a: Pachirisu\n|-resisted|p1a: Pachirisu\n|-damage|p1a: Pachirisu|123/271\n|-unboost|p2a: Quaquaval|def|1\n|-unboost|p2a: Quaquaval|spd|1\n|move|p1a: Pachirisu|Nuzzle|p2a: Quaquaval\n|-damage|p2a: Quaquaval|145/264\n|-status|p2a: Quaquaval|par\n|\n|-heal|p2a: Quaquaval|161/264 par|[from] item: Leftovers\n|upkeep\n|turn|7\n|\n|t:|1781438974\n|move|p1a: Pachirisu|Thunderbolt|p2a: Quaquaval\n|-damage|p2a: Quaquaval|29/264 par\n|move|p2a: Quaquaval|Aqua Step|p1a: Pachirisu\n|-damage|p1a: Pachirisu|0 fnt\n|-boost|p2a: Quaquaval|spe|1\n|faint|p1a: Pachirisu\n|-ability|p2a: Quaquaval|Moxie|boost\n|-boost|p2a: Quaquaval|atk|1\n|\n|-heal|p2a: Quaquaval|45/264 par|[from] item: Leftovers\n|upkeep\n|\n|t:|1781438981\n|switch|p1a: Zebstrika|Zebstrika, L87, M|245/272\n|turn|8\n|\n|t:|1781438990\n|move|p1a: Zebstrika|High Horsepower|p2a: Quaquaval\n|-supereffective|p2a: Quaquaval\n|-damage|p2a: Quaquaval|0 fnt\n|faint|p2a: Quaquaval\n|-damage|p1a: Zebstrika|218/272|[from] item: Life Orb\n|\n|upkeep\n|\n|t:|1781438997\n|switch|p2a: Mightyena|Mightyena, L96, M|185/290\n|-damage|p2a: Mightyena|149/290|[from] Stealth Rock\n|-ability|p2a: Mightyena|Intimidate|boost\n|-unboost|p1a: Zebstrika|atk|1\n|turn|9\n|\n|t:|1781439017\n|move|p1a: Zebstrika|Volt Switch|p2a: Mightyena\n|-damage|p2a: Mightyena|40/290\n|-damage|p1a: Zebstrika|191/272|[from] item: Life Orb\n|\n|t:|1781439023\n|switch|p1a: Azumarill|Azumarill, L82, F|298/298|[from] Volt Switch\n|move|p2a: Mightyena|Poison Fang|p1a: Azumarill\n|-supereffective|p1a: Azumarill\n|-damage|p1a: Azumarill|158/298\n|\n|upkeep\n|turn|10\n|\n|t:|1781439031\n|switch|p1a: Corviknight|Corviknight, L80, F|288/288\n|-ability|p1a: Corviknight|Pressure\n|move|p2a: Mightyena|Poison Fang|p1a: Corviknight\n|-immune|p1a: Corviknight\n|\n|upkeep\n|turn|11\n|\n|t:|1781439040\n|switch|p2a: Gouging Fire|Gouging Fire, L74|277/277\n|move|p1a: Corviknight|U-turn|p2a: Gouging Fire\n|-resisted|p2a: Gouging Fire\n|-damage|p2a: Gouging Fire|259/277\n|\n|t:|1781439045\n|switch|p1a: Zebstrika|Zebstrika, L87, M|191/272|[from] U-turn\n|\n|upkeep\n|turn|12\n|\n|t:|1781439052\n|move|p1a: Zebstrika|High Horsepower|p2a: Gouging Fire\n|-supereffective|p2a: Gouging Fire\n|-damage|p2a: Gouging Fire|85/277\n|-damage|p1a: Zebstrika|164/272|[from] item: Life Orb\n|move|p2a: Gouging Fire|Dragon Dance|p2a: Gouging Fire\n|-boost|p2a: Gouging Fire|atk|1\n|-boost|p2a: Gouging Fire|spe|1\n|\n|upkeep\n|turn|13\n|\n|t:|1781439071\n|move|p2a: Gouging Fire|Heat Crash|p1a: Zebstrika\n|-damage|p1a: Zebstrika|0 fnt\n|faint|p1a: Zebstrika\n|\n|upkeep\n|\n|t:|1781439075\n|switch|p1a: Azumarill|Azumarill, L82, F|158/298\n|turn|14\n|\n|t:|1781439088\n|move|p2a: Gouging Fire|Morning Sun|p2a: Gouging Fire\n|-heal|p2a: Gouging Fire|223/277\n|move|p1a: Azumarill|Liquidation|p2a: Gouging Fire\n|-damage|p2a: Gouging Fire|88/277\n|\n|upkeep\n|turn|15\n|\n|t:|1781439107\n|-end|p2a: Gouging Fire|Protosynthesis|[silent]\n|switch|p2a: Mightyena|Mightyena, L96, M|40/290\n|-damage|p2a: Mightyena|4/290|[from] Stealth Rock\n|-ability|p2a: Mightyena|Intimidate|boost\n|-unboost|p1a: Azumarill|atk|1\n|move|p1a: Azumarill|Liquidation|p2a: Mightyena\n|-damage|p2a: Mightyena|0 fnt\n|faint|p2a: Mightyena\n|\n|upkeep\n|\n|t:|1781439120\n|switch|p2a: Grumpig|Grumpig, L92, F|297/297\n|-damage|p2a: Grumpig|260/297|[from] Stealth Rock\n|turn|16\n|\n|t:|1781439125\n|switch|p1a: Corviknight|Corviknight, L80, F|288/288\n|-ability|p1a: Corviknight|Pressure\n|move|p2a: Grumpig|Nasty Plot|p2a: Grumpig\n|-boost|p2a: Grumpig|spa|2\n|\n|-heal|p2a: Grumpig|278/297|[from] item: Leftovers\n|upkeep\n|turn|17\n|\n|t:|1781439135\n|move|p2a: Grumpig|Focus Blast|p1a: Corviknight\n|-damage|p1a: Corviknight|101/288\n|move|p1a: Corviknight|Brave Bird|p2a: Grumpig\n|-damage|p2a: Grumpig|160/297\n|-damage|p1a: Corviknight|62/288|[from] Recoil\n|\n|-heal|p2a: Grumpig|178/297|[from] item: Leftovers\n|-heal|p1a: Corviknight|80/288|[from] item: Leftovers\n|upkeep\n|turn|18\n|\n|t:|1781439146\n|move|p2a: Grumpig|Shadow Ball|p1a: Corviknight\n|-damage|p1a: Corviknight|0 fnt\n|faint|p1a: Corviknight\n|\n|-heal|p2a: Grumpig|196/297|[from] item: Leftovers\n|upkeep\n|\n|t:|1781439150\n|switch|p1a: Azumarill|Azumarill, L82, F|158/298\n|turn|19\n|\n|t:|1781439154\n|move|p2a: Grumpig|Psychic|p1a: Azumarill\n|-damage|p1a: Azumarill|0 fnt\n|faint|p1a: Azumarill\n|\n|-heal|p2a: Grumpig|214/297|[from] item: Leftovers\n|upkeep\n|\n|t:|1781439156\n|switch|p1a: Eiscue|Eiscue, L88, M|274/274\n|turn|20\n|\n|t:|1781439163\n|move|p2a: Grumpig|Psychic|p1a: Eiscue\n|-damage|p1a: Eiscue|63/274\n|-enditem|p1a: Eiscue|Sitrus Berry|[eat]\n|-heal|p1a: Eiscue|131/274|[from] item: Sitrus Berry\n|move|p1a: Eiscue|Belly Drum||[still]\n|-fail|p1a: Eiscue\n|\n|-heal|p2a: Grumpig|232/297|[from] item: Leftovers\n|upkeep\n|turn|21\n|l|\u2606TheAustrianOak\n|inactive|TheAustrianOak disconnected and has a minute to reconnect!\n|player|p1|\n|inactive|TheAustrianOak has 30 seconds to reconnect!\n|inactive|TheAustrianOak has 20 seconds to reconnect!\n|inactive|TheAustrianOak has 15 seconds to reconnect!\n|inactive|TheAustrianOak has 10 seconds to reconnect!\n|inactive|TheAustrianOak has 5 seconds to reconnect!\n|-message|TheAustrianOak lost due to inactivity.\n|\n|win|Crinjal\n", "inputlog": ">version a8376a258c1d4662feba110a92103f3664a72141\n>start {\"formatid\":\"gen9randombattle\",\"seed\":\"sodium,fd06a8131435f48264a03883c15f85ac\",\"rated\":\"Rated battle\"}\n>player p1 {\"name\":\"TheAustrianOak\",\"avatar\":\"chuck\",\"rating\":1941,\"seed\":\"sodium,ba4d8c11314e501a0168a03fb1320e2b\"}\n>player p2 {\"name\":\"Crinjal\",\"avatar\":\"veteran\",\"rating\":2021,\"seed\":\"sodium,b9e55aee3a526c8e5974af0e24765d5c\"}\n>p1 move voltswitch\n>p2 move crunch\n>chat \u2606Crinjal|arnold?\n>p1 switch 6\n>p1 move stealthrock\n>p2 switch 5\n>p1 move earthquake\n>p2 move aquastep\n>p1 switch 4\n>p1 move playrough\n>p2 move roost terastallize\n>chat \u2606TheAustrianOak|yesss\n>p1 switch 2\n>p2 move swordsdance\n>p1 move nuzzle terastallize\n>p2 move closecombat\n>p1 move thunderbolt\n>p2 move aquastep\n>p1 switch 6\n>p1 move highhorsepower\n>p2 move aquastep\n>p2 switch 5\n>p1 move voltswitch\n>p2 move poisonfang\n>p1 switch 2\n>p1 switch 3\n>p2 move poisonfang\n>p1 move uturn\n>p2 switch 4\n>p1 switch 2\n>p1 move highhorsepower\n>p2 move dragondance\n>p1 move highhorsepower\n>p2 move heatcrash\n>p1 switch 3\n>p1 move liquidation\n>p2 move morningsun\n>p1 move liquidation\n>p2 switch 4\n>p2 switch 6\n>p1 switch 2\n>p2 move nastyplot\n>p1 move bravebird\n>p2 move focusblast\n>p1 move uturn\n>p2 move shadowball\n>p1 switch 2\n>p1 move liquidation\n>p2 move psychic\n>p1 switch 5\n>p1 move bellydrum\n>p2 move psychic\n>forcelose p1", "uploadtime": 1781438862, "views": 5, "formatid": "gen9randombattle", "rating": null, "private": 0, "password": null}