{"id": "gen9randombattle-2632019155", "format": "[Gen 9] Random Battle", "players": ["least most", "MisterAquafina"], "log": "|j|\u2606least most\n|j|\u2606MisterAquafina\n|t:|1781466589\n|gametype|singles\n|player|p1|least most|flannery|1147\n|player|p2|MisterAquafina|acetrainerf|1113\n|gen|9\n|tier|[Gen 9] Random Battle\n|rated|\n|rule|Species Clause: Limit one of each Pok\u00e9mon\n|rule|HP Percentage Mod: HP is shown in percentages\n|rule|Sleep Clause Mod: Limit one foe put to sleep\n|rule|Illusion Level Mod: Illusion disguises the Pok\u00e9mon's true level\n|\n|t:|1781466589\n|teamsize|p1|6\n|teamsize|p2|6\n|start\n|switch|p1a: Spidops|Spidops, L96, M|271/271\n|switch|p2a: Koraidon|Koraidon, L64|235/235\n|-weather|SunnyDay|[from] ability: Orichalcum Pulse|[of] p2a: Koraidon\n|-activate|p2a: Koraidon|Orichalcum Pulse|[source]\n|turn|1\n|inactive|Battle timer is ON: inactive players will automatically lose when time's up. (requested by least most)\n|\n|t:|1781466600\n|switch|p1a: Gliscor|Gliscor, L76, F|239/239\n|move|p2a: Koraidon|Flare Blitz|p1a: Gliscor\n|-damage|p1a: Gliscor|62/239\n|-damage|p2a: Koraidon|177/235|[from] Recoil\n|\n|-weather|SunnyDay|[upkeep]\n|-status|p1a: Gliscor|tox|[from] item: Toxic Orb\n|upkeep\n|turn|2\n|\n|t:|1781466618\n|move|p1a: Gliscor|Protect|p1a: Gliscor\n|-singleturn|p1a: Gliscor|Protect\n|move|p2a: Koraidon|Flare Blitz|p1a: Gliscor\n|-activate|p1a: Gliscor|move: Protect\n|\n|-weather|SunnyDay|[upkeep]\n|-heal|p1a: Gliscor|91/239 tox|[from] ability: Poison Heal\n|upkeep\n|turn|3\n|\n|t:|1781466626\n|switch|p1a: Azumarill|Azumarill, L82, M|298/298\n|move|p2a: Koraidon|Flare Blitz|p1a: Azumarill\n|-resisted|p1a: Azumarill\n|-damage|p1a: Azumarill|193/298\n|-damage|p2a: Koraidon|142/235|[from] Recoil\n|\n|-weather|SunnyDay|[upkeep]\n|upkeep\n|turn|4\n|\n|t:|1781466638\n|switch|p2a: Leavanny|Leavanny, L86, M|269/269\n|move|p1a: Azumarill|Play Rough|p2a: Leavanny\n|-damage|p2a: Leavanny|83/269\n|\n|-weather|SunnyDay|[upkeep]\n|upkeep\n|turn|5\n|\n|t:|1781466652\n|switch|p1a: Spidops|Spidops, L96, M|271/271\n|move|p2a: Leavanny|Bullet Seed|p1a: Spidops\n|-resisted|p1a: Spidops\n|-damage|p1a: Spidops|259/271\n|-resisted|p1a: Spidops\n|-damage|p1a: Spidops|247/271\n|-resisted|p1a: Spidops\n|-damage|p1a: Spidops|234/271\n|-resisted|p1a: Spidops\n|-damage|p1a: Spidops|222/271\n|-resisted|p1a: Spidops\n|-damage|p1a: Spidops|210/271\n|-hitcount|p1a: Spidops|5\n|\n|-weather|none\n|upkeep\n|turn|6\n|\n|t:|1781466666\n|move|p2a: Leavanny|Sticky Web|p1a: Spidops\n|-sidestart|p1: least most|move: Sticky Web\n|move|p1a: Spidops|Sticky Web|p2a: Leavanny\n|-sidestart|p2: MisterAquafina|move: Sticky Web\n|\n|upkeep\n|turn|7\n|\n|t:|1781466672\n|move|p2a: Leavanny|Knock Off|p1a: Spidops\n|-damage|p1a: Spidops|141/271\n|-enditem|p1a: Spidops|Heavy-Duty Boots|[from] move: Knock Off|[of] p2a: Leavanny\n|move|p1a: Spidops|Toxic Spikes|p2a: Leavanny\n|-sidestart|p2: MisterAquafina|move: Toxic Spikes\n|\n|upkeep\n|turn|8\n|\n|t:|1781466678\n|move|p2a: Leavanny|Triple Axel|p1a: Spidops\n|-damage|p1a: Spidops|128/271\n|-damage|p1a: Spidops|102/271\n|-damage|p1a: Spidops|59/271\n|-hitcount|p1a: Spidops|3\n|move|p1a: Spidops|Knock Off|p2a: Leavanny\n|-damage|p2a: Leavanny|2/269\n|-enditem|p2a: Leavanny|Loaded Dice|[from] move: Knock Off|[of] p1a: Spidops\n|\n|upkeep\n|turn|9\n|\n|t:|1781466688\n|move|p2a: Leavanny|Triple Axel|p1a: Spidops\n|-damage|p1a: Spidops|43/271\n|-damage|p1a: Spidops|16/271\n|-damage|p1a: Spidops|0 fnt\n|faint|p1a: Spidops\n|-hitcount|p1: Spidops|3\n|\n|upkeep\n|\n|t:|1781466711\n|switch|p1a: Pyroar|Pyroar, L88, F|295/295\n|-ability|p1a: Pyroar|Unnerve\n|turn|10\n|\n|t:|1781466718\n|move|p1a: Pyroar|Hyper Voice|p2a: Leavanny\n|-damage|p2a: Leavanny|0 fnt\n|faint|p2a: Leavanny\n|\n|upkeep\n|\n|t:|1781466736\n|switch|p2a: Koraidon|Koraidon, L64|142/235\n|-activate|p2a: Koraidon|move: Sticky Web\n|-unboost|p2a: Koraidon|spe|1\n|-status|p2a: Koraidon|psn\n|-weather|SunnyDay|[from] ability: Orichalcum Pulse|[of] p2a: Koraidon\n|-activate|p2a: Koraidon|Orichalcum Pulse|[source]\n|turn|11\n|-message|MisterAquafina forfeited.\n|\n|win|least most\n|raw|least most's rating: 1147 &rarr; <strong>1170</strong><br />(+23 for winning)\n|raw|MisterAquafina's rating: 1113 &rarr; <strong>1090</strong><br />(-23 for losing)\n|l|\u2606MisterAquafina\n|player|p2|\n", "inputlog": ">version a8376a258c1d4662feba110a92103f3664a72141\n>start {\"formatid\":\"gen9randombattle\",\"seed\":\"sodium,ab7e88a183d48a29b55b5cf71688cf4b\",\"rated\":\"Rated battle\"}\n>player p1 {\"name\":\"least most\",\"avatar\":\"flannery\",\"rating\":1147,\"seed\":\"sodium,70d1485985b630f714e87ad1b0700a02\"}\n>player p2 {\"name\":\"MisterAquafina\",\"avatar\":\"acetrainerf\",\"rating\":1113,\"seed\":\"sodium,2eaa43076f29af3337a182a86496295f\"}\n>p1 switch 2\n>p2 move flareblitz\n>p1 move protect\n>p2 move flareblitz\n>p1 switch 3\n>p2 move flareblitz\n>p1 move playrough\n>p2 switch 5\n>p1 switch 2\n>p2 move bulletseed\n>p1 move stickyweb\n>p2 move stickyweb\n>p1 move toxicspikes\n>p2 move knockoff\n>p1 move knockoff\n>p2 move tripleaxel\n>p1 move knockoff\n>p2 move tripleaxel\n>p1 switch 4\n>p1 move hypervoice\n>p2 move knockoff\n>p2 switch 5\n>forcelose p2", "uploadtime": 1781466763, "views": 4, "formatid": "gen9randombattle", "rating": 1090, "private": 0, "password": null}