{"id": "gen9randombattle-2631448997", "format": "[Gen 9] Random Battle", "players": ["confidentialinfo11", "Navi 078"], "log": "|j|\u2606confidentialinfo11\n|j|\u2606Navi 078\n|t:|1781385997\n|gametype|singles\n|player|p1|confidentialinfo11|170|1324\n|player|p2|Navi 078|265|1291\n|gen|9\n|tier|[Gen 9] Random Battle\n|rated|\n|rule|Species Clause: Limit one of each Pok\u00e9mon\n|rule|HP Percentage Mod: HP is shown in percentages\n|rule|Sleep Clause Mod: Limit one foe put to sleep\n|rule|Illusion Level Mod: Illusion disguises the Pok\u00e9mon's true level\n|\n|t:|1781385997\n|teamsize|p1|6\n|teamsize|p2|6\n|start\n|switch|p1a: Lapras|Lapras, L87, M|367/367\n|switch|p2a: Minun|Minun, L95, M|268/268\n|turn|1\n|inactive|Battle timer is ON: inactive players will automatically lose when time's up. (requested by confidentialinfo11)\n|\n|t:|1781386008\n|move|p2a: Minun|Nasty Plot|p2a: Minun\n|-boost|p2a: Minun|spa|2\n|move|p1a: Lapras|Ice Beam|p2a: Minun\n|-damage|p2a: Minun|148/268\n|\n|upkeep\n|turn|2\n|\n|t:|1781386015\n|move|p2a: Minun|Thunderbolt|p1a: Lapras\n|-supereffective|p1a: Lapras\n|-damage|p1a: Lapras|0 fnt\n|faint|p1a: Lapras\n|-damage|p2a: Minun|122/268|[from] item: Life Orb\n|\n|upkeep\n|\n|t:|1781386018\n|switch|p1a: Forretress|Forretress, L84, M|263/263\n|turn|3\n|\n|t:|1781386021\n|move|p2a: Minun|Thunderbolt|p1a: Forretress\n|-ability|p1a: Forretress|Sturdy\n|-damage|p1a: Forretress|1/263\n|-damage|p2a: Minun|96/268|[from] item: Life Orb\n|move|p1a: Forretress|Body Press|p2a: Minun\n|-damage|p2a: Minun|1/268\n|\n|-heal|p1a: Forretress|17/263|[from] item: Leftovers\n|upkeep\n|turn|4\n|\n|t:|1781386029\n|move|p2a: Minun|Thunderbolt|p1a: Forretress\n|-damage|p1a: Forretress|0 fnt\n|faint|p1a: Forretress\n|-damage|p2a: Minun|0 fnt|[from] item: Life Orb\n|faint|p2a: Minun\n|\n|upkeep\n|\n|t:|1781386037\n|switch|p2a: Smeargle|Smeargle, L95, F|258/258\n|switch|p1a: Regigigas|Regigigas, L84|322/322\n|-start|p1a: Regigigas|ability: Slow Start\n|turn|5\n|\n|t:|1781386043\n|move|p2a: Smeargle|Spore|p1a: Regigigas\n|-status|p1a: Regigigas|slp|[from] move: Spore\n|cant|p1a: Regigigas|slp\n|\n|upkeep\n|turn|6\n|\n|t:|1781386048\n|move|p2a: Smeargle|Ceaseless Edge|p1a: Regigigas\n|-damage|p1a: Regigigas|301/322 slp\n|-sidestart|p1: confidentialinfo11|Spikes\n|cant|p1a: Regigigas|slp\n|\n|-heal|p1a: Regigigas|321/322 slp|[from] item: Leftovers\n|upkeep\n|turn|7\n|\n|t:|1781386064\n|move|p2a: Smeargle|Sticky Web|p1a: Regigigas\n|-sidestart|p1: confidentialinfo11|move: Sticky Web\n|cant|p1a: Regigigas|slp\n|\n|-heal|p1a: Regigigas|322/322 slp|[from] item: Leftovers\n|upkeep\n|turn|8\n|\n|t:|1781386081\n|move|p2a: Smeargle|Stealth Rock|p1a: Regigigas\n|-sidestart|p1: confidentialinfo11|move: Stealth Rock\n|-curestatus|p1a: Regigigas|slp|[msg]\n|move|p1a: Regigigas|Substitute|p1a: Regigigas\n|-start|p1a: Regigigas|Substitute\n|-damage|p1a: Regigigas|242/322\n|\n|-heal|p1a: Regigigas|262/322|[from] item: Leftovers\n|upkeep\n|turn|9\n|\n|t:|1781386084\n|move|p2a: Smeargle|Ceaseless Edge|p1a: Regigigas\n|-activate|p1a: Regigigas|move: Substitute|[damage]\n|-sidestart|p1: confidentialinfo11|Spikes\n|move|p1a: Regigigas|Body Slam|p2a: Smeargle\n|-damage|p2a: Smeargle|143/258\n|-status|p2a: Smeargle|par\n|\n|-heal|p1a: Regigigas|282/322|[from] item: Leftovers\n|-end|p1a: Regigigas|Slow Start\n|upkeep\n|turn|10\n|\n|t:|1781386093\n|move|p1a: Regigigas|Body Slam|p2a: Smeargle\n|-damage|p2a: Smeargle|0 fnt\n|faint|p2a: Smeargle\n|\n|-heal|p1a: Regigigas|302/322|[from] item: Leftovers\n|upkeep\n|\n|t:|1781386107\n|switch|p2a: Samurott|Samurott-Hisui, L77, F|265/265\n|turn|11\n|\n|t:|1781386119\n|move|p1a: Regigigas|Body Slam|p2a: Samurott\n|-damage|p2a: Samurott|99/265\n|move|p2a: Samurott|Razor Shell|p1a: Regigigas\n|-end|p1a: Regigigas|Substitute\n|-damage|p2a: Samurott|73/265|[from] item: Life Orb\n|\n|-heal|p1a: Regigigas|322/322|[from] item: Leftovers\n|upkeep\n|turn|12\n|\n|t:|1781386127\n|move|p2a: Samurott|Sucker Punch|p1a: Regigigas\n|-damage|p1a: Regigigas|244/322\n|-damage|p2a: Samurott|47/265|[from] item: Life Orb\n|move|p1a: Regigigas|Body Slam|p2a: Samurott\n|-damage|p2a: Samurott|0 fnt\n|faint|p2a: Samurott\n|\n|-heal|p1a: Regigigas|264/322|[from] item: Leftovers\n|upkeep\n|\n|t:|1781386131\n|switch|p2a: Pikachu|Pikachu-World, L93, M|216/216\n|turn|13\n|\n|t:|1781386136\n|move|p2a: Pikachu|Volt Tackle|p1a: Regigigas\n|-damage|p1a: Regigigas|102/322\n|-damage|p2a: Pikachu|163/216|[from] Recoil\n|move|p1a: Regigigas|Substitute|p1a: Regigigas\n|-start|p1a: Regigigas|Substitute\n|-damage|p1a: Regigigas|22/322\n|\n|-heal|p1a: Regigigas|42/322|[from] item: Leftovers\n|upkeep\n|turn|14\n|\n|t:|1781386143\n|move|p1a: Regigigas|Protect|p1a: Regigigas\n|-singleturn|p1a: Regigigas|Protect\n|move|p2a: Pikachu|Volt Tackle|p1a: Regigigas\n|-activate|p1a: Regigigas|move: Protect\n|\n|-heal|p1a: Regigigas|62/322|[from] item: Leftovers\n|upkeep\n|turn|15\n|\n|t:|1781386150\n|move|p2a: Pikachu|Volt Tackle|p1a: Regigigas\n|-end|p1a: Regigigas|Substitute\n|-damage|p2a: Pikachu|137/216|[from] Recoil|[of] p1a: Regigigas\n|move|p1a: Regigigas|Body Slam|p2a: Pikachu\n|-damage|p2a: Pikachu|0 fnt\n|faint|p2a: Pikachu\n|\n|-heal|p1a: Regigigas|82/322|[from] item: Leftovers\n|upkeep\n|\n|t:|1781386153\n|switch|p2a: Espeon|Espeon, L84, M|246/246\n|turn|16\n|\n|t:|1781386159\n|move|p1a: Regigigas|Protect|p1a: Regigigas\n|-singleturn|p1a: Regigigas|Protect\n|move|p2a: Espeon|Psychic|p1a: Regigigas\n|-activate|p1a: Regigigas|move: Protect\n|\n|-heal|p1a: Regigigas|102/322|[from] item: Leftovers\n|upkeep\n|turn|17\n|\n|t:|1781386165\n|move|p2a: Espeon|Psychic|p1a: Regigigas\n|-damage|p1a: Regigigas|0 fnt\n|faint|p1a: Regigigas\n|-end|p1a: Regigigas|Slow Start|[silent]\n|-damage|p2a: Espeon|222/246|[from] item: Life Orb\n|\n|upkeep\n|\n|t:|1781386174\n|switch|p1a: Hitmontop|Hitmontop, L88, M|231/231\n|-damage|p1a: Hitmontop|193/231|[from] Spikes\n|-activate|p1a: Hitmontop|move: Sticky Web\n|-unboost|p1a: Hitmontop|spe|1\n|-damage|p1a: Hitmontop|179/231|[from] Stealth Rock\n|turn|18\n|\n|t:|1781386190\n|-terastallize|p2a: Espeon|Fairy\n|-terastallize|p1a: Hitmontop|Ice\n|move|p2a: Espeon|Alluring Voice|p1a: Hitmontop\n|-damage|p1a: Hitmontop|76/231\n|-damage|p2a: Espeon|198/246|[from] item: Life Orb\n|move|p1a: Hitmontop|Rapid Spin|p2a: Espeon\n|-damage|p2a: Espeon|122/246\n|-boost|p1a: Hitmontop|spe|1\n|-sideend|p1: confidentialinfo11|Spikes|[from] move: Rapid Spin|[of] p1a: Hitmontop\n|-sideend|p1: confidentialinfo11|Stealth Rock|[from] move: Rapid Spin|[of] p1a: Hitmontop\n|-sideend|p1: confidentialinfo11|Sticky Web|[from] move: Rapid Spin|[of] p1a: Hitmontop\n|\n|-heal|p1a: Hitmontop|90/231|[from] item: Leftovers\n|upkeep\n|turn|19\n|\n|t:|1781386200\n|move|p2a: Espeon|Psychic|p1a: Hitmontop\n|-damage|p1a: Hitmontop|0 fnt\n|faint|p1a: Hitmontop\n|-damage|p2a: Espeon|98/246|[from] item: Life Orb\n|\n|upkeep\n|\n|t:|1781386204\n|switch|p1a: Iron Crown|Iron Crown, L78|268/268\n|turn|20\n|\n|t:|1781386210\n|move|p2a: Espeon|Shadow Ball|p1a: Iron Crown\n|-supereffective|p1a: Iron Crown\n|-damage|p1a: Iron Crown|102/268\n|-unboost|p1a: Iron Crown|spd|1\n|-damage|p2a: Espeon|74/246|[from] item: Life Orb\n|move|p1a: Iron Crown|Tachyon Cutter|p2a: Espeon\n|-supereffective|p2a: Espeon\n|-damage|p2a: Espeon|0 fnt\n|faint|p2a: Espeon\n|-hitcount|p2: Espeon|1\n|\n|-heal|p1a: Iron Crown|118/268|[from] item: Leftovers\n|upkeep\n|\n|t:|1781386214\n|switch|p2a: Weezing|Weezing-Galar, L86, M|252/252\n|turn|21\n|-message|Navi 078 forfeited.\n|\n|win|confidentialinfo11\n|raw|confidentialinfo11's rating: 1324 &rarr; <strong>1342</strong><br />(+18 for winning)\n|raw|Navi 078's rating: 1291 &rarr; <strong>1268</strong><br />(-23 for losing)\n|l|\u2606Navi 078\n|player|p2|\n", "inputlog": ">version a8376a258c1d4662feba110a92103f3664a72141\n>start {\"formatid\":\"gen9randombattle\",\"seed\":\"sodium,50c0291c3ccac0ba50cef8b1d7d720f3\",\"rated\":\"Rated battle\"}\n>player p1 {\"name\":\"confidentialinfo11\",\"avatar\":\"170\",\"rating\":1324,\"seed\":\"sodium,826f503c0cc29b3c4acdf87bfe80f287\"}\n>player p2 {\"name\":\"Navi 078\",\"avatar\":\"265\",\"rating\":1291,\"seed\":\"sodium,220c4cc3cb3d2e73133d58b42ae39346\"}\n>p1 move icebeam\n>p2 move nastyplot\n>p1 move icebeam\n>p2 move thunderbolt\n>p1 switch 3\n>p1 move bodypress\n>p2 move thunderbolt\n>p1 move stealthrock\n>p2 move thunderbolt\n>p1 switch 6\n>p2 switch 5\n>p1 move substitute\n>p2 move spore\n>p1 move substitute\n>p2 move ceaselessedge\n>p1 move substitute\n>p2 move stickyweb\n>p1 move substitute\n>p2 move stealthrock\n>p1 move bodyslam\n>p2 move ceaselessedge\n>p1 move bodyslam\n>p2 move spore\n>p2 switch 3\n>p1 move bodyslam\n>p2 move razorshell\n>p1 move bodyslam\n>p2 move suckerpunch\n>p2 switch 4\n>p1 move substitute\n>p2 move volttackle\n>p1 move protect\n>p2 move volttackle\n>p1 move bodyslam\n>p2 move volttackle\n>p2 switch 6\n>p1 move protect\n>p2 move psychic\n>p1 move knockoff\n>p2 move psychic\n>p1 switch 5\n>p1 move rapidspin terastallize\n>p2 move alluringvoice terastallize\n>p1 move rapidspin\n>p2 move psychic\n>p1 switch 4\n>p1 move tachyoncutter\n>p2 move shadowball\n>p2 switch 2\n>forcelose p2", "uploadtime": 1781386228, "views": 6, "formatid": "gen9randombattle", "rating": 1268, "private": 0, "password": null}