{"id": "gen9randombattle-2631747457", "format": "[Gen 9] Random Battle", "players": ["duuhhao", "MiracleEggy"], "log": "|j|\u2606duuhhao\n|j|\u203dMiracleEggy\n|t:|1781433105\n|gametype|singles\n|player|p1|duuhhao|clair|2165\n|player|p2|MiracleEggy|soliera|2037\n|gen|9\n|tier|[Gen 9] Random Battle\n|rated|\n|rule|Species Clause: Limit one of each Pok\u00e9mon\n|rule|HP Percentage Mod: HP is shown in percentages\n|rule|Sleep Clause Mod: Limit one foe put to sleep\n|rule|Illusion Level Mod: Illusion disguises the Pok\u00e9mon's true level\n|\n|t:|1781433105\n|teamsize|p1|6\n|teamsize|p2|6\n|start\n|switch|p1a: Haxorus|Haxorus, L77, M|244/244\n|switch|p2a: Porygon2|Porygon2, L81|270/270\n|-ability|p1a: Haxorus|Mold Breaker\n|-ability|p2a: Porygon2|Download|boost\n|-boost|p2a: Porygon2|spa|1\n|turn|1\n|inactive|Battle timer is ON: inactive players will automatically lose when time's up. (requested by MiracleEggy)\n|\n|t:|1781433116\n|switch|p1a: Quagsire|Quagsire, L84, M|297/297\n|move|p2a: Porygon2|Thunder Wave|p1a: Quagsire\n|-immune|p1a: Quagsire\n|\n|upkeep\n|turn|2\n|\n|t:|1781433137\n|switch|p2a: Samurott|Samurott, L88, F|310/310\n|move|p1a: Quagsire|Spikes|p2a: Samurott\n|-sidestart|p2: MiracleEggy|Spikes\n|\n|upkeep\n|turn|3\n|\n|t:|1781433141\n|switch|p1a: Brambleghast|Brambleghast, L88, M|240/240\n|move|p2a: Samurott|Grass Knot|p1a: Brambleghast\n|-resisted|p1a: Brambleghast\n|-damage|p1a: Brambleghast|230/240\n|\n|-heal|p1a: Brambleghast|240/240|[from] item: Leftovers\n|upkeep\n|turn|4\n|\n|t:|1781433156\n|switch|p2a: Wyrdeer|Wyrdeer, L87, M|321/321\n|-damage|p2a: Wyrdeer|281/321|[from] Spikes\n|-ability|p2a: Wyrdeer|Intimidate|boost\n|-unboost|p1a: Brambleghast|atk|1\n|move|p1a: Brambleghast|Substitute|p1a: Brambleghast\n|-start|p1a: Brambleghast|Substitute\n|-damage|p1a: Brambleghast|180/240\n|\n|-heal|p1a: Brambleghast|195/240|[from] item: Leftovers\n|-heal|p2a: Wyrdeer|301/321|[from] item: Leftovers\n|upkeep\n|turn|5\n|\n|t:|1781433161\n|move|p1a: Brambleghast|Power Whip|p2a: Wyrdeer\n|-damage|p2a: Wyrdeer|172/321\n|move|p2a: Wyrdeer|Psychic Noise|p1a: Brambleghast\n|-damage|p1a: Brambleghast|102/240\n|-start|p1a: Brambleghast|move: Heal Block\n|\n|-heal|p2a: Wyrdeer|192/321|[from] item: Leftovers\n|upkeep\n|turn|6\n|\n|t:|1781433166\n|move|p1a: Brambleghast|Power Whip|p2a: Wyrdeer\n|-damage|p2a: Wyrdeer|69/321\n|move|p2a: Wyrdeer|Psychic Noise|p1a: Brambleghast\n|-damage|p1a: Brambleghast|0 fnt\n|faint|p1a: Brambleghast\n|\n|-heal|p2a: Wyrdeer|89/321|[from] item: Leftovers\n|upkeep\n|\n|t:|1781433175\n|switch|p1a: Scizor|Scizor, L79, M|240/240\n|turn|7\n|\n|t:|1781433185\n|switch|p2a: Samurott|Samurott, L88, F|310/310\n|-damage|p2a: Samurott|272/310|[from] Spikes\n|move|p1a: Scizor|U-turn|p2a: Samurott\n|-damage|p2a: Samurott|143/310\n|\n|t:|1781433193\n|switch|p1a: Haxorus|Haxorus, L77, M|244/244|[from] U-turn\n|-ability|p1a: Haxorus|Mold Breaker\n|\n|upkeep\n|turn|8\n|\n|t:|1781433213\n|switch|p2a: Porygon2|Porygon2, L81|270/270\n|-damage|p2a: Porygon2|237/270|[from] Spikes\n|-ability|p2a: Porygon2|Download|boost\n|-boost|p2a: Porygon2|spa|1\n|move|p1a: Haxorus|Dragon Dance|p1a: Haxorus\n|-boost|p1a: Haxorus|atk|1\n|-boost|p1a: Haxorus|spe|1\n|\n|upkeep\n|turn|9\n|\n|t:|1781433216\n|move|p1a: Haxorus|Close Combat|p2a: Porygon2\n|-supereffective|p2a: Porygon2\n|-damage|p2a: Porygon2|35/270\n|-unboost|p1a: Haxorus|def|1\n|-unboost|p1a: Haxorus|spd|1\n|move|p2a: Porygon2|Thunder Wave|p1a: Haxorus\n|-status|p1a: Haxorus|par\n|-enditem|p1a: Haxorus|Lum Berry|[eat]\n|-curestatus|p1a: Haxorus|par|[msg]\n|\n|upkeep\n|turn|10\n|\n|t:|1781433228\n|switch|p2a: Wyrdeer|Wyrdeer, L87, M|89/321\n|-damage|p2a: Wyrdeer|49/321|[from] Spikes\n|-ability|p2a: Wyrdeer|Intimidate|boost\n|-unboost|p1a: Haxorus|atk|1\n|move|p1a: Haxorus|Iron Head|p2a: Wyrdeer\n|-damage|p2a: Wyrdeer|0 fnt\n|faint|p2a: Wyrdeer\n|\n|upkeep\n|\n|t:|1781433248\n|switch|p2a: Swampert|Swampert, L83, M|302/302\n|-damage|p2a: Swampert|265/302|[from] Spikes\n|turn|11\n|\n|t:|1781433253\n|switch|p1a: Scizor|Scizor, L79, M|240/240\n|move|p2a: Swampert|Earthquake|p1a: Scizor\n|-damage|p1a: Scizor|132/240\n|\n|-heal|p2a: Swampert|283/302|[from] item: Leftovers\n|upkeep\n|turn|12\n|\n|t:|1781433263\n|move|p1a: Scizor|U-turn|p2a: Swampert\n|-damage|p2a: Swampert|159/302\n|\n|t:|1781433268\n|switch|p1a: Quagsire|Quagsire, L84, M|297/297|[from] U-turn\n|move|p2a: Swampert|Earthquake|p1a: Quagsire\n|-damage|p1a: Quagsire|185/297\n|\n|-heal|p2a: Swampert|177/302|[from] item: Leftovers\n|-heal|p1a: Quagsire|203/297|[from] item: Leftovers\n|upkeep\n|turn|13\n|inactive|MiracleEggy has 120 seconds left.\n|\n|t:|1781433301\n|switch|p2a: Samurott|Samurott, L88, F|143/310\n|-damage|p2a: Samurott|105/310|[from] Spikes\n|move|p1a: Quagsire|Toxic|p2a: Samurott\n|-status|p2a: Samurott|tox\n|\n|-heal|p1a: Quagsire|221/297|[from] item: Leftovers\n|-damage|p2a: Samurott|86/310 tox|[from] psn\n|upkeep\n|turn|14\n|\n|t:|1781433309\n|move|p2a: Samurott|Hydro Pump|p1a: Quagsire\n|-damage|p1a: Quagsire|0 fnt\n|faint|p1a: Quagsire\n|\n|-damage|p2a: Samurott|48/310 tox|[from] psn\n|upkeep\n|\n|t:|1781433320\n|switch|p1a: Haxorus|Haxorus, L77, M|244/244\n|-ability|p1a: Haxorus|Mold Breaker\n|turn|15\n|\n|t:|1781433325\n|move|p1a: Haxorus|Close Combat|p2a: Samurott\n|-damage|p2a: Samurott|0 fnt\n|-unboost|p1a: Haxorus|def|1\n|-unboost|p1a: Haxorus|spd|1\n|faint|p2a: Samurott\n|\n|upkeep\n|\n|t:|1781433338\n|switch|p2a: Dusknoir|Dusknoir, L89, F|225/225\n|-damage|p2a: Dusknoir|197/225|[from] Spikes\n|turn|16\n|\n|t:|1781433342\n|move|p1a: Haxorus|Dragon Dance|p1a: Haxorus\n|-boost|p1a: Haxorus|atk|1\n|-boost|p1a: Haxorus|spe|1\n|move|p2a: Dusknoir|Poltergeist||[still]\n|-fail|p2a: Dusknoir\n|\n|-heal|p2a: Dusknoir|211/225|[from] item: Leftovers\n|upkeep\n|turn|17\n|\n|t:|1781433348\n|move|p1a: Haxorus|Outrage|p2a: Dusknoir\n|-damage|p2a: Dusknoir|64/225\n|move|p2a: Dusknoir|Will-O-Wisp|p1a: Haxorus\n|-status|p1a: Haxorus|brn\n|\n|-heal|p2a: Dusknoir|78/225|[from] item: Leftovers\n|-damage|p1a: Haxorus|229/244 brn|[from] brn\n|upkeep\n|turn|18\n|\n|t:|1781433358\n|move|p2a: Dusknoir|Shadow Sneak|p1a: Haxorus\n|-damage|p1a: Haxorus|144/244 brn\n|move|p1a: Haxorus|Outrage|p2a: Dusknoir|[from] lockedmove\n|-damage|p2a: Dusknoir|0 fnt\n|faint|p2a: Dusknoir\n|\n|-damage|p1a: Haxorus|129/244 brn|[from] brn\n|upkeep\n|\n|t:|1781433368\n|switch|p2a: Azelf|Azelf, L82|257/257\n|turn|19\n|\n|t:|1781433372\n|move|p1a: Haxorus|Outrage|p2a: Azelf|[from] lockedmove\n|-damage|p2a: Azelf|118/257\n|-start|p1a: Haxorus|confusion|[fatigue]\n|move|p2a: Azelf|Psychic|p1a: Haxorus\n|-damage|p1a: Haxorus|0 fnt\n|faint|p1a: Haxorus\n|\n|upkeep\n|\n|t:|1781433379\n|switch|p1a: Darkrai|Darkrai, L77|234/234\n|turn|20\n|\n|t:|1781433403\n|move|p1a: Darkrai|Nasty Plot|p1a: Darkrai\n|-boost|p1a: Darkrai|spa|2\n|move|p2a: Azelf|U-turn|p1a: Darkrai\n|-supereffective|p1a: Darkrai\n|-crit|p1a: Darkrai\n|-damage|p1a: Darkrai|62/234\n|\n|t:|1781433409\n|switch|p2a: Swampert|Swampert, L83, M|177/302|[from] U-turn\n|-damage|p2a: Swampert|140/302|[from] Spikes\n|\n|-heal|p2a: Swampert|158/302|[from] item: Leftovers\n|upkeep\n|turn|21\n|\n|t:|1781433414\n|move|p1a: Darkrai|Dark Pulse|p2a: Swampert\n|-crit|p2a: Swampert\n|-damage|p2a: Swampert|0 fnt\n|faint|p2a: Swampert\n|-damage|p1a: Darkrai|39/234|[from] item: Life Orb\n|\n|upkeep\n|-message|MiracleEggy forfeited.\n|\n|win|duuhhao\n", "inputlog": ">version a8376a258c1d4662feba110a92103f3664a72141\n>start {\"formatid\":\"gen9randombattle\",\"seed\":\"sodium,ca84944778cb9ea25b4b40cac6bcbe04\",\"rated\":\"Rated battle\"}\n>player p1 {\"name\":\"duuhhao\",\"avatar\":\"clair\",\"rating\":2165,\"seed\":\"sodium,3e2b48a224b59169ea7fe5b3e87ee663\"}\n>player p2 {\"name\":\"MiracleEggy\",\"avatar\":\"soliera\",\"rating\":2037,\"seed\":\"sodium,d4442719ed9383467919c604dca3c096\"}\n>p1 switch 3\n>p2 move thunderwave\n>p1 move spikes\n>p2 switch 3\n>p1 switch 6\n>p2 move grassknot\n>p1 move substitute\n>p2 switch 4\n>p1 move powerwhip\n>p2 move psychicnoise\n>p1 move powerwhip\n>p2 move psychicnoise\n>p1 switch 4\n>p1 move uturn\n>p2 switch 4\n>p1 switch 3\n>p1 move dragondance\n>p2 switch 3\n>p1 move closecombat\n>p2 move thunderwave\n>p1 move ironhead\n>p2 switch 4\n>p2 switch 2\n>p1 switch 3\n>p2 move earthquake\n>p1 move uturn\n>p2 move earthquake\n>p1 switch 6\n>p1 move toxic\n>p2 switch 3\n>p1 move recover\n>p2 move hydropump\n>p1 switch 3\n>p1 move closecombat\n>p2 move hydropump\n>p2 switch 5\n>p1 move dragondance\n>p2 move poltergeist\n>p1 move outrage\n>p2 move willowisp\n>p1 move outrage\n>p2 move shadowsneak\n>p2 switch 6\n>p1 move outrage\n>p2 move psychic\n>p1 switch 2\n>p1 move nastyplot\n>p2 move uturn\n>p2 switch 3\n>p1 move darkpulse\n>p2 move earthquake\n>forcelose p2", "uploadtime": 1781433107, "views": 6, "formatid": "gen9randombattle", "rating": null, "private": 0, "password": null}