{"id": "gen9randombattle-2631986908", "format": "[Gen 9] Random Battle", "players": ["rgrgreger", "arno123"], "log": "|j|\u2606rgrgreger\n|j|\u2606arno123\n|t:|1781463037\n|gametype|singles\n|player|p1|rgrgreger|zinzolin|1939\n|player|p2|arno123|169|2024\n|gen|9\n|tier|[Gen 9] Random Battle\n|rated|\n|rule|Species Clause: Limit one of each Pok\u00e9mon\n|rule|HP Percentage Mod: HP is shown in percentages\n|rule|Sleep Clause Mod: Limit one foe put to sleep\n|rule|Illusion Level Mod: Illusion disguises the Pok\u00e9mon's true level\n|\n|t:|1781463037\n|teamsize|p1|6\n|teamsize|p2|6\n|start\n|switch|p1a: Luvdisc|Luvdisc, F|247/247\n|switch|p2a: Lugia|Lugia, L73|275/275\n|turn|1\n|inactive|Battle timer is ON: inactive players will automatically lose when time's up. (requested by arno123)\n|inactive|rgrgreger also wants the timer to be on.\n|\n|t:|1781463062\n|switch|p1a: Ho-Oh|Ho-Oh, L71|268/268\n|switch|p2a: Skuntank|Skuntank, L84, M|310/310\n|\n|upkeep\n|turn|2\n|\n|t:|1781463067\n|move|p2a: Skuntank|Toxic Spikes|p1a: Ho-Oh\n|-sidestart|p1: rgrgreger|move: Toxic Spikes\n|move|p1a: Ho-Oh|Sacred Fire|p2a: Skuntank\n|-damage|p2a: Skuntank|199/310\n|-status|p2a: Skuntank|brn\n|\n|-damage|p2a: Skuntank|180/310 brn|[from] brn\n|upkeep\n|turn|3\n|\n|t:|1781463073\n|move|p2a: Skuntank|Toxic Spikes|p1a: Ho-Oh\n|-sidestart|p1: rgrgreger|move: Toxic Spikes\n|move|p1a: Ho-Oh|Earthquake|p2a: Skuntank\n|-supereffective|p2a: Skuntank\n|-damage|p2a: Skuntank|22/310 brn\n|\n|-damage|p2a: Skuntank|3/310 brn|[from] brn\n|upkeep\n|turn|4\n|\n|t:|1781463079\n|move|p2a: Skuntank|Knock Off|p1a: Ho-Oh\n|-damage|p1a: Ho-Oh|197/268\n|-enditem|p1a: Ho-Oh|Heavy-Duty Boots|[from] move: Knock Off|[of] p2a: Skuntank\n|-damage|p2a: Skuntank|0 fnt|[from] item: Life Orb\n|faint|p2a: Skuntank\n|move|p1a: Ho-Oh|Recover|p1a: Ho-Oh\n|-heal|p1a: Ho-Oh|268/268\n|\n|upkeep\n|\n|t:|1781463103\n|switch|p2a: Smeargle|Smeargle, L95, M|258/258\n|turn|5\n|\n|t:|1781463108\n|move|p2a: Smeargle|Spore|p1a: Ho-Oh\n|-status|p1a: Ho-Oh|slp|[from] move: Spore\n|cant|p1a: Ho-Oh|slp\n|\n|upkeep\n|turn|6\n|\n|t:|1781463113\n|move|p2a: Smeargle|Shell Smash|p2a: Smeargle\n|-unboost|p2a: Smeargle|def|1\n|-unboost|p2a: Smeargle|spd|1\n|-boost|p2a: Smeargle|atk|2\n|-boost|p2a: Smeargle|spa|2\n|-boost|p2a: Smeargle|spe|2\n|cant|p1a: Ho-Oh|slp\n|\n|upkeep\n|turn|7\n|\n|t:|1781463119\n|-terastallize|p1a: Ho-Oh|Steel\n|move|p2a: Smeargle|Population Bomb|p1a: Ho-Oh\n|-resisted|p1a: Ho-Oh\n|-damage|p1a: Ho-Oh|248/268 slp\n|-resisted|p1a: Ho-Oh\n|-damage|p1a: Ho-Oh|229/268 slp\n|-resisted|p1a: Ho-Oh\n|-damage|p1a: Ho-Oh|211/268 slp\n|-hitcount|p1a: Ho-Oh|3\n|-curestatus|p1a: Ho-Oh|slp|[msg]\n|move|p1a: Ho-Oh|Sacred Fire|p2a: Smeargle\n|-damage|p2a: Smeargle|5/258\n|\n|upkeep\n|turn|8\n|\n|t:|1781463132\n|move|p2a: Smeargle|Spore|p1a: Ho-Oh\n|-status|p1a: Ho-Oh|slp|[from] move: Spore\n|cant|p1a: Ho-Oh|slp\n|\n|upkeep\n|turn|9\n|\n|t:|1781463143\n|move|p2a: Smeargle|Population Bomb|p1a: Ho-Oh\n|-resisted|p1a: Ho-Oh\n|-damage|p1a: Ho-Oh|193/268 slp\n|-resisted|p1a: Ho-Oh\n|-damage|p1a: Ho-Oh|175/268 slp\n|-resisted|p1a: Ho-Oh\n|-crit|p1a: Ho-Oh\n|-damage|p1a: Ho-Oh|145/268 slp\n|-resisted|p1a: Ho-Oh\n|-damage|p1a: Ho-Oh|125/268 slp\n|-resisted|p1a: Ho-Oh\n|-damage|p1a: Ho-Oh|105/268 slp\n|-resisted|p1a: Ho-Oh\n|-damage|p1a: Ho-Oh|84/268 slp\n|-resisted|p1a: Ho-Oh\n|-damage|p1a: Ho-Oh|66/268 slp\n|-resisted|p1a: Ho-Oh\n|-damage|p1a: Ho-Oh|48/268 slp\n|-resisted|p1a: Ho-Oh\n|-damage|p1a: Ho-Oh|30/268 slp\n|-resisted|p1a: Ho-Oh\n|-crit|p1a: Ho-Oh\n|-damage|p1a: Ho-Oh|3/268 slp\n|-hitcount|p1a: Ho-Oh|10\n|cant|p1a: Ho-Oh|slp\n|\n|upkeep\n|turn|10\n|\n|t:|1781463147\n|move|p2a: Smeargle|Population Bomb|p1a: Ho-Oh\n|-resisted|p1a: Ho-Oh\n|-damage|p1a: Ho-Oh|0 fnt\n|faint|p1a: Ho-Oh\n|-hitcount|p1: Ho-Oh|1\n|\n|upkeep\n|\n|t:|1781463157\n|switch|p1a: Tropius|Tropius, L91, M|328/328\n|turn|11\n|\n|t:|1781463170\n|switch|p2a: Skeledirge|Skeledirge, L79, F|294/294\n|move|p1a: Tropius|Air Slash|p2a: Skeledirge\n|-damage|p2a: Skeledirge|198/294\n|\n|upkeep\n|turn|12\n|\n|t:|1781463178\n|switch|p1a: Luvdisc|Luvdisc, F|247/247\n|move|p2a: Skeledirge|Torch Song|p1a: Luvdisc\n|-resisted|p1a: Luvdisc\n|-damage|p1a: Luvdisc|206/247\n|-boost|p2a: Skeledirge|spa|1\n|\n|upkeep\n|turn|13\n|\n|t:|1781463189\n|switch|p2a: Venusaur|Venusaur, L84, M|272/272\n|move|p1a: Luvdisc|Substitute|p1a: Luvdisc\n|-start|p1a: Luvdisc|Substitute\n|-damage|p1a: Luvdisc|145/247\n|\n|upkeep\n|turn|14\n|\n|t:|1781463198\n|move|p1a: Luvdisc|Whirlpool|p2a: Venusaur\n|-resisted|p2a: Venusaur\n|-damage|p2a: Venusaur|259/272\n|-activate|p2a: Venusaur|move: Whirlpool|[of] p1a: Luvdisc\n|move|p2a: Venusaur|Sludge Bomb|p1a: Luvdisc\n|-end|p1a: Luvdisc|Substitute\n|\n|-heal|p2a: Venusaur|272/272|[from] item: Leftovers\n|-damage|p2a: Venusaur|238/272|[from] move: Whirlpool|[partiallytrapped]\n|upkeep\n|turn|15\n|\n|t:|1781463204\n|move|p1a: Luvdisc|Substitute|p1a: Luvdisc\n|-start|p1a: Luvdisc|Substitute\n|-damage|p1a: Luvdisc|84/247\n|move|p2a: Venusaur|Energy Ball|p1a: Luvdisc\n|-supereffective|p1a: Luvdisc\n|-crit|p1a: Luvdisc\n|-end|p1a: Luvdisc|Substitute\n|\n|-heal|p2a: Venusaur|255/272|[from] item: Leftovers\n|-damage|p2a: Venusaur|221/272|[from] move: Whirlpool|[partiallytrapped]\n|upkeep\n|turn|16\n|\n|t:|1781463207\n|move|p1a: Luvdisc|Substitute|p1a: Luvdisc\n|-start|p1a: Luvdisc|Substitute\n|-damage|p1a: Luvdisc|23/247\n|move|p2a: Venusaur|Energy Ball|p1a: Luvdisc\n|-supereffective|p1a: Luvdisc\n|-crit|p1a: Luvdisc\n|-end|p1a: Luvdisc|Substitute\n|\n|-heal|p2a: Venusaur|238/272|[from] item: Leftovers\n|-damage|p2a: Venusaur|204/272|[from] move: Whirlpool|[partiallytrapped]\n|upkeep\n|turn|17\n|\n|t:|1781463211\n|move|p1a: Luvdisc|Endeavor|p2a: Venusaur\n|-damage|p2a: Venusaur|23/272\n|move|p2a: Venusaur|Energy Ball|p1a: Luvdisc\n|-supereffective|p1a: Luvdisc\n|-damage|p1a: Luvdisc|0 fnt\n|faint|p1a: Luvdisc\n|\n|-heal|p2a: Venusaur|40/272|[from] item: Leftovers\n|-end|p2a: Venusaur|Whirlpool|[partiallytrapped]|[silent]\n|upkeep\n|\n|t:|1781463218\n|switch|p1a: Tropius|Tropius, L91, M|328/328\n|turn|18\n|\n|t:|1781463222\n|move|p2a: Venusaur|Sludge Bomb|p1a: Tropius\n|-supereffective|p1a: Tropius\n|-damage|p1a: Tropius|148/328\n|-enditem|p1a: Tropius|Sitrus Berry|[eat]\n|-heal|p1a: Tropius|230/328|[from] item: Sitrus Berry\n|move|p1a: Tropius|Substitute|p1a: Tropius\n|-start|p1a: Tropius|Substitute\n|-damage|p1a: Tropius|148/328\n|\n|-heal|p2a: Venusaur|57/272|[from] item: Leftovers\n|-item|p1a: Tropius|Sitrus Berry|[from] ability: Harvest\n|upkeep\n|-enditem|p1a: Tropius|Sitrus Berry|[eat]\n|-heal|p1a: Tropius|230/328|[from] item: Sitrus Berry\n|turn|19\n|\n|t:|1781463229\n|move|p2a: Venusaur|Sludge Bomb|p1a: Tropius\n|-supereffective|p1a: Tropius\n|-end|p1a: Tropius|Substitute\n|move|p1a: Tropius|Air Slash|p2a: Venusaur\n|-supereffective|p2a: Venusaur\n|-damage|p2a: Venusaur|0 fnt\n|faint|p2a: Venusaur\n|\n|-item|p1a: Tropius|Sitrus Berry|[from] ability: Harvest\n|upkeep\n|\n|t:|1781463233\n|switch|p2a: Skeledirge|Skeledirge, L79, F|198/294\n|turn|20\n|\n|t:|1781463237\n|move|p2a: Skeledirge|Torch Song|p1a: Tropius\n|-supereffective|p1a: Tropius\n|-damage|p1a: Tropius|66/328\n|-boost|p2a: Skeledirge|spa|1\n|-enditem|p1a: Tropius|Sitrus Berry|[eat]\n|-heal|p1a: Tropius|148/328|[from] item: Sitrus Berry\n|move|p1a: Tropius|Leech Seed|p2a: Skeledirge\n|-start|p2a: Skeledirge|move: Leech Seed\n|\n|-damage|p2a: Skeledirge|162/294|[from] Leech Seed|[of] p1a: Tropius\n|-heal|p1a: Tropius|184/328|[silent]\n|upkeep\n|turn|21\n|\n|t:|1781463247\n|switch|p1a: Passimian|Passimian, L83, F|302/302\n|-status|p1a: Passimian|tox\n|move|p2a: Skeledirge|Torch Song|p1a: Passimian\n|-damage|p1a: Passimian|148/302 tox\n|-boost|p2a: Skeledirge|spa|1\n|\n|-damage|p2a: Skeledirge|126/294|[from] Leech Seed|[of] p1a: Passimian\n|-heal|p1a: Passimian|184/302 tox|[silent]\n|-damage|p1a: Passimian|166/302 tox|[from] psn\n|upkeep\n|turn|22\n|\n|t:|1781463266\n|switch|p2a: Lugia|Lugia, L73|275/275\n|move|p1a: Passimian|Knock Off|p2a: Lugia\n|-supereffective|p2a: Lugia\n|-damage|p2a: Lugia|176/275\n|-enditem|p2a: Lugia|Heavy-Duty Boots|[from] move: Knock Off|[of] p1a: Passimian\n|\n|-damage|p1a: Passimian|130/302 tox|[from] psn\n|upkeep\n|turn|23\n|\n|t:|1781463271\n|move|p2a: Lugia|Recover|p2a: Lugia\n|-heal|p2a: Lugia|275/275\n|move|p1a: Passimian|Knock Off|p2a: Lugia\n|-supereffective|p2a: Lugia\n|-damage|p2a: Lugia|211/275\n|\n|-damage|p1a: Passimian|76/302 tox|[from] psn\n|upkeep\n|turn|24\n|\n|t:|1781463275\n|move|p2a: Lugia|Psychic Noise|p1a: Passimian\n|-supereffective|p1a: Passimian\n|-damage|p1a: Passimian|0 fnt\n|faint|p1a: Passimian\n|\n|upkeep\n|\n|t:|1781463278\n|switch|p1a: Tropius|Tropius, L91, M|184/328\n|turn|25\n|\n|t:|1781463281\n|move|p2a: Lugia|Psychic Noise|p1a: Tropius\n|-damage|p1a: Tropius|132/328\n|-start|p1a: Tropius|move: Heal Block\n|move|p1a: Tropius|Leech Seed|p2a: Lugia\n|-start|p2a: Lugia|move: Leech Seed\n|\n|-damage|p2a: Lugia|177/275|[from] Leech Seed|[of] p1a: Tropius\n|-item|p1a: Tropius|Sitrus Berry|[from] ability: Harvest\n|upkeep\n|turn|26\n|\n|t:|1781463289\n|move|p2a: Lugia|Aeroblast|p1a: Tropius\n|-supereffective|p1a: Tropius\n|-damage|p1a: Tropius|0 fnt\n|faint|p1a: Tropius\n|\n|upkeep\n|\n|t:|1781463294\n|switch|p1a: Espathra|Espathra, L80, F|283/283\n|-status|p1a: Espathra|tox\n|turn|27\n|\n|t:|1781463300\n|move|p1a: Espathra|Calm Mind|p1a: Espathra\n|-boost|p1a: Espathra|spa|1\n|-boost|p1a: Espathra|spd|1\n|move|p2a: Lugia|Calm Mind|p2a: Lugia\n|-boost|p2a: Lugia|spa|1\n|-boost|p2a: Lugia|spd|1\n|\n|-damage|p2a: Lugia|143/275|[from] Leech Seed|[of] p1a: Espathra\n|-damage|p1a: Espathra|266/283 tox|[from] psn\n|-ability|p1a: Espathra|Speed Boost|boost\n|-boost|p1a: Espathra|spe|1\n|upkeep\n|turn|28\n|\n|t:|1781463304\n|move|p1a: Espathra|Calm Mind|p1a: Espathra\n|-boost|p1a: Espathra|spa|1\n|-boost|p1a: Espathra|spd|1\n|move|p2a: Lugia|Recover|p2a: Lugia\n|-heal|p2a: Lugia|275/275\n|\n|-heal|p1a: Espathra|283/283 tox|[from] item: Leftovers\n|-damage|p2a: Lugia|241/275|[from] Leech Seed|[of] p1a: Espathra\n|-damage|p1a: Espathra|249/283 tox|[from] psn\n|-ability|p1a: Espathra|Speed Boost|boost\n|-boost|p1a: Espathra|spe|1\n|upkeep\n|turn|29\n|\n|t:|1781463310\n|move|p1a: Espathra|Calm Mind|p1a: Espathra\n|-boost|p1a: Espathra|spa|1\n|-boost|p1a: Espathra|spd|1\n|move|p2a: Lugia|Calm Mind|p2a: Lugia\n|-boost|p2a: Lugia|spa|1\n|-boost|p2a: Lugia|spd|1\n|\n|-heal|p1a: Espathra|266/283 tox|[from] item: Leftovers\n|-damage|p2a: Lugia|207/275|[from] Leech Seed|[of] p1a: Espathra\n|-heal|p1a: Espathra|283/283 tox|[silent]\n|-damage|p1a: Espathra|232/283 tox|[from] psn\n|-ability|p1a: Espathra|Speed Boost|boost\n|-boost|p1a: Espathra|spe|1\n|upkeep\n|turn|30\n|\n|t:|1781463314\n|move|p1a: Espathra|Stored Power|p2a: Lugia\n|-resisted|p2a: Lugia\n|-damage|p2a: Lugia|123/275\n|move|p2a: Lugia|Calm Mind|p2a: Lugia\n|-boost|p2a: Lugia|spa|1\n|-boost|p2a: Lugia|spd|1\n|\n|-heal|p1a: Espathra|249/283 tox|[from] item: Leftovers\n|-damage|p2a: Lugia|89/275|[from] Leech Seed|[of] p1a: Espathra\n|-heal|p1a: Espathra|283/283 tox|[silent]\n|-damage|p1a: Espathra|215/283 tox|[from] psn\n|-ability|p1a: Espathra|Speed Boost|boost\n|-boost|p1a: Espathra|spe|1\n|upkeep\n|turn|31\n|\n|t:|1781463319\n|move|p1a: Espathra|Stored Power|p2a: Lugia\n|-resisted|p2a: Lugia\n|-damage|p2a: Lugia|8/275\n|move|p2a: Lugia|Recover|p2a: Lugia\n|-heal|p2a: Lugia|146/275\n|\n|-heal|p1a: Espathra|232/283 tox|[from] item: Leftovers\n|-damage|p2a: Lugia|112/275|[from] Leech Seed|[of] p1a: Espathra\n|-heal|p1a: Espathra|266/283 tox|[silent]\n|-damage|p1a: Espathra|181/283 tox|[from] psn\n|-ability|p1a: Espathra|Speed Boost|boost\n|-boost|p1a: Espathra|spe|1\n|upkeep\n|turn|32\n|\n|t:|1781463322\n|move|p1a: Espathra|Stored Power|p2a: Lugia\n|-resisted|p2a: Lugia\n|-damage|p2a: Lugia|27/275\n|move|p2a: Lugia|Recover|p2a: Lugia\n|-heal|p2a: Lugia|165/275\n|\n|-heal|p1a: Espathra|198/283 tox|[from] item: Leftovers\n|-damage|p2a: Lugia|131/275|[from] Leech Seed|[of] p1a: Espathra\n|-heal|p1a: Espathra|232/283 tox|[silent]\n|-damage|p1a: Espathra|130/283 tox|[from] psn\n|-ability|p1a: Espathra|Speed Boost|boost\n|-boost|p1a: Espathra|spe|1\n|upkeep\n|turn|33\n|\n|t:|1781463325\n|move|p1a: Espathra|Stored Power|p2a: Lugia\n|-resisted|p2a: Lugia\n|-damage|p2a: Lugia|38/275\n|move|p2a: Lugia|Recover|p2a: Lugia\n|-heal|p2a: Lugia|176/275\n|\n|-heal|p1a: Espathra|147/283 tox|[from] item: Leftovers\n|-damage|p2a: Lugia|142/275|[from] Leech Seed|[of] p1a: Espathra\n|-heal|p1a: Espathra|181/283 tox|[silent]\n|-damage|p1a: Espathra|62/283 tox|[from] psn\n|upkeep\n|turn|34\n|-message|rgrgreger forfeited.\n|\n|win|arno123\n", "inputlog": ">version a8376a258c1d4662feba110a92103f3664a72141\n>start {\"formatid\":\"gen9randombattle\",\"seed\":\"sodium,73cacb20405e72db121be4e9db012093\",\"rated\":\"Rated battle\"}\n>player p1 {\"name\":\"rgrgreger\",\"avatar\":\"zinzolin\",\"rating\":1939,\"seed\":\"sodium,4daed29005774e6f0abb028b00b159f5\"}\n>player p2 {\"name\":\"arno123\",\"avatar\":\"169\",\"rating\":2024,\"seed\":\"sodium,ea836e6508650acc64518a8bd8a1e7c4\"}\n>p1 switch 6\n>p2 switch 2\n>p1 move sacredfire\n>p2 move toxicspikes\n>p1 move earthquake\n>p2 move toxicspikes\n>p1 move recover\n>p2 move knockoff\n>p2 switch 6\n>p1 move sacredfire\n>p2 move spore\n>p1 move sacredfire\n>p2 move shellsmash\n>p1 move sacredfire terastallize\n>p2 move populationbomb\n>p1 move bravebird\n>p2 move spore\n>p1 move bravebird\n>p2 move populationbomb\n>p1 move bravebird\n>p2 move populationbomb\n>p1 switch 2\n>p1 move airslash\n>p2 switch 4\n>p1 switch 6\n>p2 move torchsong\n>p1 move substitute\n>p2 switch 3\n>p1 move whirlpool\n>p2 move sludgebomb\n>p1 move substitute\n>p2 move energyball\n>p1 move substitute\n>p2 move energyball\n>p1 move endeavor\n>p2 move energyball\n>p1 switch 6\n>p1 move substitute\n>p2 move sludgebomb\n>p1 move airslash\n>p2 move sludgebomb\n>p2 switch 3\n>p1 move leechseed\n>p2 move torchsong\n>p1 switch 3\n>p2 move torchsong\n>p1 move knockoff\n>p2 switch 2\n>p1 move knockoff\n>p2 move recover\n>p1 move knockoff\n>p2 move psychicnoise\n>p1 switch 3\n>p1 move leechseed\n>p2 move psychicnoise\n>p1 move airslash\n>p2 move aeroblast\n>p1 switch 4\n>p1 move calmmind\n>p2 move calmmind\n>p1 move calmmind\n>p2 move recover\n>p1 move calmmind\n>p2 move calmmind\n>p1 move storedpower\n>p2 move calmmind\n>p1 move storedpower\n>p2 move recover\n>p1 move storedpower\n>p2 move recover\n>p1 move storedpower\n>p2 move recover\n>forcelose p1", "uploadtime": 1781463039, "views": 5, "formatid": "gen9randombattle", "rating": null, "private": 0, "password": null, "player_dets": [{"name": "rgrgreger", "avatar": "zinzolin", "rating": 1939, "seed": "sodium,4daed29005774e6f0abb028b00b159f5"}, {"name": "arno123", "avatar": "169", "rating": 2024, "seed": "sodium,ea836e6508650acc64518a8bd8a1e7c4"}], "teams_full": [{"Luvdisc": {"name": "Luvdisc", "species": "Luvdisc", "speciesId": "luvdisc", "gender": "F", "shiny": false, "level": 100, "moves": ["whirlpool", "surf", "endeavor", "substitute"], "ability": "Swift Swim", "evs": {"hp": 81, "atk": 0, "def": 85, "spa": 85, "spd": 85, "spe": 85}, "ivs": {"hp": 31, "atk": 0, "def": 31, "spa": 31, "spd": 31, "spe": 31}, "item": "Heavy-Duty Boots", "teraType": "Ghost", "role": "Fast Support", "bvs": {"hp": 43, "atk": 30, "def": 55, "spa": 40, "spd": 65, "spe": 97}, "stats": {"hp": 247, "atk": 65, "def": 167, "spa": 137, "spd": 187, "spe": 251}}, "Tropius": {"name": "Tropius", "species": "Tropius", "speciesId": "tropius", "gender": "M", "shiny": false, "level": 91, "moves": ["airslash", "substitute", "leechseed", "protect"], "ability": "Harvest", "evs": {"hp": 85, "atk": 0, "def": 85, "spa": 85, "spd": 85, "spe": 85}, "ivs": {"hp": 31, "atk": 0, "def": 31, "spa": 31, "spd": 31, "spe": 31}, "item": "Sitrus Berry", "teraType": "Steel", "role": "Bulky Support", "bvs": {"hp": 99, "atk": 68, "def": 83, "spa": 72, "spd": 87, "spe": 51}, "stats": {"hp": 328, "atk": 128, "def": 203, "spa": 183, "spd": 210, "spe": 145}}, "Passimian": {"name": "Passimian", "species": "Passimian", "speciesId": "passimian", "gender": "F", "shiny": false, "level": 83, "moves": ["uturn", "closecombat", "rockslide", "knockoff"], "ability": "Defiant", "evs": {"hp": 85, "atk": 85, "def": 85, "spa": 85, "spd": 85, "spe": 85}, "ivs": {"hp": 31, "atk": 31, "def": 31, "spa": 31, "spd": 31, "spe": 31}, "item": "Choice Band", "teraType": "Dark", "role": "Fast Attacker", "bvs": {"hp": 100, "atk": 120, "def": 90, "spa": 40, "spd": 60, "spe": 80}, "stats": {"hp": 302, "atk": 247, "def": 197, "spa": 114, "spd": 147, "spe": 180}}, "Espathra": {"name": "Espathra", "species": "Espathra", "speciesId": "espathra", "gender": "F", "shiny": false, "level": 80, "moves": ["calmmind", "dazzlinggleam", "substitute", "storedpower"], "ability": "Speed Boost", "evs": {"hp": 85, "atk": 0, "def": 85, "spa": 85, "spd": 85, "spe": 85}, "ivs": {"hp": 31, "atk": 0, "def": 31, "spa": 31, "spd": 31, "spe": 31}, "item": "Leftovers", "teraType": "Fairy", "role": "Fast Bulky Setup", "bvs": {"hp": 95, "atk": 60, "def": 60, "spa": 101, "spd": 60, "spe": 105}, "stats": {"hp": 283, "atk": 101, "def": 142, "spa": 208, "spd": 142, "spe": 214}}, "Vaporeon": {"name": "Vaporeon", "species": "Vaporeon", "speciesId": "vaporeon", "gender": "F", "shiny": false, "level": 86, "moves": ["scald", "wish", "protect", "calmmind"], "ability": "Water Absorb", "evs": {"hp": 85, "atk": 0, "def": 85, "spa": 85, "spd": 85, "spe": 85}, "ivs": {"hp": 31, "atk": 0, "def": 31, "spa": 31, "spd": 31, "spe": 31}, "item": "Leftovers", "teraType": "Poison", "role": "Bulky Setup", "bvs": {"hp": 130, "atk": 65, "def": 60, "spa": 110, "spd": 95, "spe": 65}, "stats": {"hp": 364, "atk": 116, "def": 152, "spa": 238, "spd": 213, "spe": 161}}, "Ho-Oh": {"name": "Ho-Oh", "species": "Ho-Oh", "speciesId": "hooh", "gender": "N", "shiny": false, "level": 71, "moves": ["recover", "bravebird", "earthquake", "sacredfire"], "ability": "Regenerator", "evs": {"hp": 85, "atk": 85, "def": 85, "spa": 85, "spd": 85, "spe": 85}, "ivs": {"hp": 31, "atk": 31, "def": 31, "spa": 31, "spd": 31, "spe": 31}, "item": "Heavy-Duty Boots", "teraType": "Steel", "role": "Bulky Attacker", "bvs": {"hp": 106, "atk": 130, "def": 90, "spa": 110, "spd": 154, "spe": 90}, "stats": {"hp": 268, "atk": 226, "def": 169, "spa": 198, "spd": 260, "spe": 169}}}, {"Lugia": {"name": "Lugia", "species": "Lugia", "speciesId": "lugia", "gender": "N", "shiny": false, "level": 73, "moves": ["recover", "aeroblast", "calmmind", "psychicnoise"], "ability": "Multiscale", "evs": {"hp": 85, "atk": 0, "def": 85, "spa": 85, "spd": 85, "spe": 85}, "ivs": {"hp": 31, "atk": 0, "def": 31, "spa": 31, "spd": 31, "spe": 31}, "item": "Heavy-Duty Boots", "teraType": "Steel", "role": "Setup Sweeper", "bvs": {"hp": 106, "atk": 90, "def": 130, "spa": 90, "spd": 154, "spe": 110}, "stats": {"hp": 275, "atk": 136, "def": 232, "spa": 174, "spd": 267, "spe": 203}}, "Skuntank": {"name": "Skuntank", "species": "Skuntank", "speciesId": "skuntank", "gender": "M", "shiny": false, "level": 84, "moves": ["gunkshot", "suckerpunch", "toxicspikes", "knockoff"], "ability": "Aftermath", "evs": {"hp": 85, "atk": 85, "def": 85, "spa": 85, "spd": 85, "spe": 85}, "ivs": {"hp": 31, "atk": 31, "def": 31, "spa": 31, "spd": 31, "spe": 31}, "item": "Life Orb", "teraType": "Poison", "role": "Fast Support", "bvs": {"hp": 103, "atk": 93, "def": 67, "spa": 71, "spd": 61, "spe": 84}, "stats": {"hp": 310, "atk": 204, "def": 161, "spa": 167, "spd": 151, "spe": 189}}, "Venusaur": {"name": "Venusaur", "species": "Venusaur", "speciesId": "venusaur", "gender": "M", "shiny": false, "level": 84, "moves": ["sleeppowder", "energyball", "sludgebomb", "synthesis"], "ability": "Overgrow", "evs": {"hp": 85, "atk": 0, "def": 85, "spa": 85, "spd": 85, "spe": 85}, "ivs": {"hp": 31, "atk": 0, "def": 31, "spa": 31, "spd": 31, "spe": 31}, "item": "Leftovers", "teraType": "Water", "role": "Bulky Attacker", "bvs": {"hp": 80, "atk": 82, "def": 83, "spa": 100, "spd": 100, "spe": 80}, "stats": {"hp": 272, "atk": 142, "def": 188, "spa": 216, "spd": 216, "spe": 183}}, "Skeledirge": {"name": "Skeledirge", "species": "Skeledirge", "speciesId": "skeledirge", "gender": "F", "shiny": false, "level": 79, "moves": ["shadowball", "flamecharge", "torchsong", "slackoff"], "ability": "Unaware", "evs": {"hp": 85, "atk": 85, "def": 85, "spa": 85, "spd": 85, "spe": 85}, "ivs": {"hp": 31, "atk": 31, "def": 31, "spa": 31, "spd": 31, "spe": 31}, "item": "Heavy-Duty Boots", "teraType": "Water", "role": "Bulky Attacker", "bvs": {"hp": 104, "atk": 75, "def": 100, "spa": 110, "spd": 75, "spe": 66}, "stats": {"hp": 294, "atk": 164, "def": 204, "spa": 219, "spd": 164, "spe": 150}}, "Iron Leaves": {"name": "Iron Leaves", "species": "Iron Leaves", "speciesId": "ironleaves", "gender": "N", "shiny": false, "level": 80, "moves": ["swordsdance", "leafblade", "closecombat", "psyblade"], "ability": "Quark Drive", "evs": {"hp": 85, "atk": 85, "def": 85, "spa": 85, "spd": 85, "spe": 85}, "ivs": {"hp": 31, "atk": 31, "def": 31, "spa": 31, "spd": 31, "spe": 31}, "item": "Life Orb", "teraType": "Fighting", "role": "Wallbreaker", "bvs": {"hp": 90, "atk": 130, "def": 88, "spa": 70, "spd": 108, "spe": 104}, "stats": {"hp": 275, "atk": 254, "def": 187, "spa": 158, "spd": 219, "spe": 213}}, "Smeargle": {"name": "Smeargle", "species": "Smeargle", "speciesId": "smeargle", "gender": "M", "shiny": false, "level": 95, "moves": ["shellsmash", "spore", "populationbomb", "powertrip"], "ability": "Technician", "evs": {"hp": 85, "atk": 85, "def": 85, "spa": 85, "spd": 85, "spe": 85}, "ivs": {"hp": 31, "atk": 31, "def": 31, "spa": 31, "spd": 31, "spe": 31}, "item": "Wide Lens", "teraType": "Normal", "role": "Setup Sweeper", "bvs": {"hp": 55, "atk": 20, "def": 35, "spa": 20, "spd": 45, "spe": 75}, "stats": {"hp": 258, "atk": 92, "def": 120, "spa": 92, "spd": 139, "spe": 196}}}]}