{"id": "gen9randombattle-2631845857", "format": "[Gen 9] Random Battle", "players": ["jackalus", "oliverfakemawn"], "log": "|j|\u203djackalus\n|j|\u2606oliverfakemawn\n|t:|1781447469\n|gametype|singles\n|player|p1|jackalus|265|1770\n|player|p2|oliverfakemawn|1|1789\n|gen|9\n|tier|[Gen 9] Random Battle\n|rated|\n|rule|Species Clause: Limit one of each Pok\u00e9mon\n|rule|HP Percentage Mod: HP is shown in percentages\n|rule|Sleep Clause Mod: Limit one foe put to sleep\n|rule|Illusion Level Mod: Illusion disguises the Pok\u00e9mon's true level\n|\n|t:|1781447469\n|teamsize|p1|6\n|teamsize|p2|6\n|start\n|switch|p1a: Flutter Mane|Flutter Mane, L74|203/203\n|switch|p2a: Pyroar|Pyroar, L88, M|295/295\n|-ability|p2a: Pyroar|Unnerve\n|turn|1\n|inactive|Battle timer is ON: inactive players will automatically lose when time's up. (requested by jackalus)\n|j| lil boy timmy\n|inactive|oliverfakemawn has 120 seconds left.\n|inactive|oliverfakemawn has 90 seconds left.\n|\n|t:|1781447540\n|move|p1a: Flutter Mane|Calm Mind|p1a: Flutter Mane\n|-boost|p1a: Flutter Mane|spa|1\n|-boost|p1a: Flutter Mane|spd|1\n|move|p2a: Pyroar|Work Up|p2a: Pyroar\n|-boost|p2a: Pyroar|atk|1\n|-boost|p2a: Pyroar|spa|1\n|\n|upkeep\n|turn|2\n|\n|t:|1781447556\n|move|p1a: Flutter Mane|Calm Mind|p1a: Flutter Mane\n|-boost|p1a: Flutter Mane|spa|1\n|-boost|p1a: Flutter Mane|spd|1\n|move|p2a: Pyroar|Taunt|p1a: Flutter Mane\n|-start|p1a: Flutter Mane|move: Taunt\n|\n|upkeep\n|turn|3\n|\n|t:|1781447563\n|move|p1a: Flutter Mane|Thunderbolt|p2a: Pyroar\n|-damage|p2a: Pyroar|94/295\n|-damage|p1a: Flutter Mane|183/203|[from] item: Life Orb\n|move|p2a: Pyroar|Fire Blast|p1a: Flutter Mane\n|-damage|p1a: Flutter Mane|96/203\n|\n|upkeep\n|turn|4\n|\n|t:|1781447574\n|move|p1a: Flutter Mane|Thunderbolt|p2a: Pyroar\n|-damage|p2a: Pyroar|0 fnt\n|faint|p2a: Pyroar\n|-damage|p1a: Flutter Mane|76/203|[from] item: Life Orb\n|\n|upkeep\n|\n|t:|1781447583\n|switch|p2a: Tsareena|Tsareena, L87, F|267/267\n|turn|5\n|\n|t:|1781447590\n|move|p2a: Tsareena|Power Whip|p1a: Flutter Mane|[miss]\n|-miss|p2a: Tsareena|p1a: Flutter Mane\n|move|p1a: Flutter Mane|Moonblast|p2a: Tsareena\n|-damage|p2a: Tsareena|24/267\n|-unboost|p2a: Tsareena|spa|1\n|-damage|p1a: Flutter Mane|56/203|[from] item: Life Orb\n|\n|-end|p1a: Flutter Mane|move: Taunt\n|upkeep\n|turn|6\n|\n|t:|1781447607\n|-end|p1a: Flutter Mane|Protosynthesis|[silent]\n|switch|p1a: Sawsbuck|Sawsbuck-Summer, L88, M|284/284\n|move|p2a: Tsareena|Power Whip|p1a: Sawsbuck\n|-ability|p1a: Sawsbuck|Sap Sipper|boost\n|-boost|p1a: Sawsbuck|atk|1\n|\n|upkeep\n|turn|7\n|l|\u2606oliverfakemawn\n|inactive|oliverfakemawn disconnected and has a minute to reconnect!\n|player|p2|\n|inactive|oliverfakemawn has 30 seconds to reconnect!\n|inactive|oliverfakemawn has 20 seconds to reconnect!\n|inactive|oliverfakemawn has 15 seconds to reconnect!\n|inactive|oliverfakemawn has 10 seconds to reconnect!\n|j|\u2606oliverfakemawn\n|inactive|oliverfakemawn reconnected and has 75 seconds left.\n|player|p2|oliverfakemawn|1|\n|inactive|oliverfakemawn has 60 seconds left.\n|\n|t:|1781447699\n|switch|p2a: Jirachi|Jirachi, L80|291/291\n|move|p1a: Sawsbuck|Swords Dance|p1a: Sawsbuck\n|-boost|p1a: Sawsbuck|atk|2\n|\n|upkeep\n|turn|8\n|\n|t:|1781447709\n|-terastallize|p2a: Jirachi|Fighting\n|move|p1a: Sawsbuck|High Horsepower|p2a: Jirachi\n|-damage|p2a: Jirachi|70/291\n|-damage|p1a: Sawsbuck|256/284|[from] item: Life Orb\n|move|p2a: Jirachi|Drain Punch|p1a: Sawsbuck\n|-supereffective|p1a: Sawsbuck\n|-damage|p1a: Sawsbuck|80/284\n|-heal|p2a: Jirachi|158/291|[from] drain|[of] p1a: Sawsbuck\n|\n|upkeep\n|turn|9\n|inactive|oliverfakemawn has 60 seconds left.\n|\n|t:|1781447729\n|move|p1a: Sawsbuck|Horn Leech|p2a: Jirachi\n|-damage|p2a: Jirachi|0 fnt\n|-heal|p1a: Sawsbuck|159/284|[from] drain|[of] p2a: Jirachi\n|faint|p2a: Jirachi\n|-damage|p1a: Sawsbuck|131/284|[from] item: Life Orb\n|\n|upkeep\n|inactive|oliverfakemawn has 60 seconds left.\n|\n|t:|1781447737\n|switch|p2a: Tsareena|Tsareena, L87, F|24/267\n|turn|10\n|\n|t:|1781447742\n|switch|p1a: Flutter Mane|Flutter Mane, L74|56/203\n|move|p2a: Tsareena|Triple Axel|p1a: Flutter Mane|[miss]\n|-miss|p2a: Tsareena|p1a: Flutter Mane\n|\n|upkeep\n|turn|11\n|\n|t:|1781447753\n|-end|p1a: Flutter Mane|Protosynthesis|[silent]\n|switch|p1a: Emboar|Emboar, L84, F|322/322\n|move|p2a: Tsareena|Triple Axel|p1a: Emboar\n|-resisted|p1a: Emboar\n|-damage|p1a: Emboar|312/322\n|-resisted|p1a: Emboar\n|-damage|p1a: Emboar|290/322\n|-resisted|p1a: Emboar\n|-damage|p1a: Emboar|259/322\n|-hitcount|p1a: Emboar|3\n|\n|upkeep\n|turn|12\n|\n|t:|1781447770\n|switch|p2a: Cresselia|Cresselia, L80, F|323/323\n|move|p1a: Emboar|Scald|p2a: Cresselia\n|-damage|p2a: Cresselia|273/323\n|-status|p2a: Cresselia|brn\n|\n|-heal|p2a: Cresselia|293/323 brn|[from] item: Leftovers\n|-damage|p2a: Cresselia|273/323 brn|[from] brn\n|upkeep\n|turn|13\n|\n|t:|1781447782\n|move|p2a: Cresselia|Calm Mind|p2a: Cresselia\n|-boost|p2a: Cresselia|spa|1\n|-boost|p2a: Cresselia|spd|1\n|move|p1a: Emboar|Flare Blitz|p2a: Cresselia\n|-damage|p2a: Cresselia|107/323 brn\n|-damage|p1a: Emboar|204/322|[from] Recoil\n|\n|-heal|p2a: Cresselia|127/323 brn|[from] item: Leftovers\n|-damage|p2a: Cresselia|107/323 brn|[from] brn\n|upkeep\n|turn|14\n|\n|t:|1781447793\n|move|p1a: Emboar|Sucker Punch||[still]\n|-fail|p1a: Emboar\n|move|p2a: Cresselia|Moonlight|p2a: Cresselia\n|-heal|p2a: Cresselia|268/323 brn\n|\n|-heal|p2a: Cresselia|288/323 brn|[from] item: Leftovers\n|-damage|p2a: Cresselia|268/323 brn|[from] brn\n|upkeep\n|turn|15\n|\n|t:|1781447811\n|switch|p1a: Golurk|Golurk, L87|297/297\n|move|p2a: Cresselia|Psyshock|p1a: Golurk\n|-damage|p1a: Golurk|204/297\n|\n|-heal|p2a: Cresselia|288/323 brn|[from] item: Leftovers\n|-damage|p2a: Cresselia|268/323 brn|[from] brn\n|upkeep\n|turn|16\n|\n|t:|1781447824\n|switch|p2a: Hippowdon|Hippowdon, L82, F|311/311\n|-weather|Sandstorm|[from] ability: Sand Stream|[of] p2a: Hippowdon\n|move|p1a: Golurk|Poltergeist|p2a: Hippowdon\n|-activate|p2a: Hippowdon|move: Poltergeist|Rocky Helmet\n|-damage|p2a: Hippowdon|118/311\n|\n|-weather|Sandstorm|[upkeep]\n|upkeep\n|turn|17\n|\n|t:|1781447837\n|move|p1a: Golurk|Poltergeist|p2a: Hippowdon\n|-activate|p2a: Hippowdon|move: Poltergeist|Rocky Helmet\n|-damage|p2a: Hippowdon|0 fnt\n|faint|p2a: Hippowdon\n|\n|-weather|Sandstorm|[upkeep]\n|upkeep\n|\n|t:|1781447848\n|switch|p2a: Tsareena|Tsareena, L87, F|24/267\n|turn|18\n|\n|t:|1781447857\n|switch|p1a: Cinderace|Cinderace, L77, M|250/250\n|move|p2a: Tsareena|Triple Axel|p1a: Cinderace\n|-resisted|p1a: Cinderace\n|-damage|p1a: Cinderace|239/250\n|-resisted|p1a: Cinderace\n|-damage|p1a: Cinderace|218/250\n|-resisted|p1a: Cinderace\n|-damage|p1a: Cinderace|187/250\n|-hitcount|p1a: Cinderace|3\n|\n|-weather|Sandstorm|[upkeep]\n|-damage|p2a: Tsareena|8/267|[from] Sandstorm\n|-damage|p1a: Cinderace|172/250|[from] Sandstorm\n|upkeep\n|turn|19\n|\n|t:|1781447873\n|move|p2a: Tsareena|Triple Axel|p1a: Cinderace|[miss]\n|-miss|p2a: Tsareena|p1a: Cinderace\n|move|p1a: Cinderace|U-turn|p2a: Tsareena\n|-start|p1a: Cinderace|typechange|Bug|[from] ability: Libero\n|-supereffective|p2a: Tsareena\n|-damage|p2a: Tsareena|0 fnt\n|faint|p2a: Tsareena\n|\n|t:|1781447880\n|switch|p1a: Golurk|Golurk, L87|204/297|[from] U-turn\n|\n|-weather|Sandstorm|[upkeep]\n|upkeep\n|\n|t:|1781447893\n|switch|p2a: Cresselia|Cresselia, L80, F|268/323 brn\n|turn|20\n|\n|t:|1781447899\n|move|p2a: Cresselia|Psyshock|p1a: Golurk\n|-damage|p1a: Golurk|138/297\n|move|p1a: Golurk|Poltergeist|p2a: Cresselia\n|-activate|p2a: Cresselia|move: Poltergeist|Leftovers\n|-supereffective|p2a: Cresselia\n|-damage|p2a: Cresselia|0 fnt\n|faint|p2a: Cresselia\n|\n|-weather|none\n|upkeep\n|\n|t:|1781447910\n|switch|p2a: Lilligant|Lilligant-Hisui, L79, F|240/240\n|turn|21\n|\n|t:|1781447919\n|switch|p1a: Sawsbuck|Sawsbuck-Summer, L88, M|131/284\n|move|p2a: Lilligant|Victory Dance|p2a: Lilligant\n|-boost|p2a: Lilligant|atk|1\n|-boost|p2a: Lilligant|def|1\n|-boost|p2a: Lilligant|spe|1\n|\n|upkeep\n|turn|22\n|\n|t:|1781447936\n|switch|p1a: Golurk|Golurk, L87|138/297\n|move|p2a: Lilligant|Victory Dance|p2a: Lilligant\n|-boost|p2a: Lilligant|atk|1\n|-boost|p2a: Lilligant|def|1\n|-boost|p2a: Lilligant|spe|1\n|\n|upkeep\n|turn|23\n|inactive|oliverfakemawn has 90 seconds left.\n|\n|t:|1781447950\n|move|p2a: Lilligant|Ice Spinner|p1a: Golurk\n|-supereffective|p1a: Golurk\n|-damage|p1a: Golurk|0 fnt\n|faint|p1a: Golurk\n|-damage|p2a: Lilligant|216/240|[from] item: Life Orb\n|\n|upkeep\n|\n|t:|1781447957\n|switch|p1a: Regigigas|Regigigas, L84|322/322\n|-start|p1a: Regigigas|ability: Slow Start\n|turn|24\n|\n|t:|1781447967\n|-terastallize|p1a: Regigigas|Ghost\n|move|p2a: Lilligant|Leaf Blade|p1a: Regigigas\n|-damage|p1a: Regigigas|24/322\n|-damage|p2a: Lilligant|192/240|[from] item: Life Orb\n|move|p1a: Regigigas|Body Slam|p2a: Lilligant\n|-damage|p2a: Lilligant|153/240\n|\n|-heal|p1a: Regigigas|44/322|[from] item: Leftovers\n|upkeep\n|turn|25\n|\n|t:|1781447983\n|switch|p1a: Emboar|Emboar, L84, F|204/322\n|move|p2a: Lilligant|Leaf Blade|p1a: Emboar\n|-resisted|p1a: Emboar\n|-damage|p1a: Emboar|0 fnt\n|faint|p1a: Emboar\n|-damage|p2a: Lilligant|129/240|[from] item: Life Orb\n|\n|upkeep\n|\n|t:|1781447986\n|switch|p1a: Cinderace|Cinderace, L77, M|172/250\n|turn|26\n|inactive|oliverfakemawn has 90 seconds left.\n|\n|t:|1781448011\n|move|p2a: Lilligant|Leaf Blade|p1a: Cinderace\n|-resisted|p1a: Cinderace\n|-damage|p1a: Cinderace|0 fnt\n|faint|p1a: Cinderace\n|-damage|p2a: Lilligant|105/240|[from] item: Life Orb\n|\n|upkeep\n|\n|t:|1781448022\n|switch|p1a: Flutter Mane|Flutter Mane, L74|56/203\n|turn|27\n|c|\u2606oliverfakemawn|omg my flower lady\n|\n|t:|1781448028\n|-end|p1a: Flutter Mane|Protosynthesis|[silent]\n|switch|p1a: Sawsbuck|Sawsbuck-Summer, L88, M|131/284\n|move|p2a: Lilligant|Ice Spinner|p1a: Sawsbuck\n|-supereffective|p1a: Sawsbuck\n|-damage|p1a: Sawsbuck|0 fnt\n|faint|p1a: Sawsbuck\n|-damage|p2a: Lilligant|81/240|[from] item: Life Orb\n|\n|upkeep\n|\n|t:|1781448034\n|switch|p1a: Regigigas|Regigigas, L84, tera:Ghost|44/322\n|-start|p1a: Regigigas|ability: Slow Start\n|turn|28\n|c|\u2606oliverfakemawn|LETS GO LILLIGNANT\n|inactive|jackalus has 120 seconds left.\n|l|\u2606oliverfakemawn\n|inactive|oliverfakemawn disconnected and has a minute to reconnect!\n|player|p2|\n|inactive|jackalus has 90 seconds left.\n|inactive|jackalus has 60 seconds left.\n|j|\u2606oliverfakemawn\n|inactive|oliverfakemawn reconnected.\n|player|p2|oliverfakemawn|1|\n|inactive|jackalus has 30 seconds left.\n|inactive|jackalus has 20 seconds left.\n|inactive|jackalus has 15 seconds left.\n|inactive|jackalus has 10 seconds left.\n|inactive|jackalus has 5 seconds left.\n|-message|jackalus lost due to inactivity.\n|\n|win|oliverfakemawn\n|raw|jackalus's rating: 1770 &rarr; <strong>1751</strong><br />(-19 for losing)\n|raw|oliverfakemawn's rating: 1789 &rarr; <strong>1808</strong><br />(+19 for winning)\n", "inputlog": ">version a8376a258c1d4662feba110a92103f3664a72141\n>start {\"formatid\":\"gen9randombattle\",\"seed\":\"sodium,c24ce968e6522860cda74f09e431a221\",\"rated\":\"Rated battle\"}\n>player p1 {\"name\":\"jackalus\",\"avatar\":\"265\",\"rating\":1770,\"seed\":\"sodium,53ac520be891897bfb4e962250f9690c\"}\n>player p2 {\"name\":\"oliverfakemawn\",\"avatar\":\"1\",\"rating\":1789,\"seed\":\"sodium,a9a48df674425d8e8b7251ac230f4192\"}\n>p1 move calmmind\n>p2 move workup\n>p1 move calmmind\n>p2 move taunt\n>p1 move thunderbolt\n>p2 move fireblast\n>p1 move thunderbolt\n>p2 move fireblast\n>p2 switch 6\n>p1 move moonblast\n>p2 move powerwhip\n>p1 switch 3\n>p2 move powerwhip\n>p1 move swordsdance\n>p2 switch 4\n>p1 move highhorsepower\n>p2 move drainpunch terastallize\n>p1 move hornleech\n>p2 move drainpunch\n>p2 switch 4\n>p1 switch 3\n>p2 move tripleaxel\n>p1 switch 5\n>p2 move tripleaxel\n>p1 move scald\n>p2 switch 2\n>p1 move flareblitz\n>p2 move calmmind\n>p1 move suckerpunch\n>p2 move moonlight\n>p1 switch 6\n>p2 move psyshock\n>p1 move poltergeist\n>p2 switch 3\n>p1 move poltergeist\n>p2 move stealthrock\n>p2 switch 2\n>p1 switch 4\n>p2 move tripleaxel\n>p1 move uturn\n>p2 move tripleaxel\n>p1 switch 4\n>p2 switch 3\n>p1 move poltergeist\n>p2 move psyshock\n>p2 switch 5\n>p1 switch 3\n>p2 move victorydance\n>p1 switch 3\n>p2 move victorydance\n>p1 move dynamicpunch\n>p2 move icespinner\n>p1 switch 2\n>p1 move bodyslam terastallize\n>p2 move leafblade\n>p1 switch 6\n>p2 move leafblade\n>p1 switch 4\n>p1 move pyroball\n>p2 move leafblade\n>p1 switch 5\n>chat \u2606oliverfakemawn|omg my flower lady\n>p1 switch 3\n>p2 move icespinner\n>p1 switch 6\n>chat \u2606oliverfakemawn|LETS GO LILLIGNANT\n>forcelose p1", "uploadtime": 1781448196, "views": 17, "formatid": "gen9randombattle", "rating": 1751, "private": 0, "password": null}