{"id": "gen9randombattle-2631997338", "format": "[Gen 9] Random Battle", "players": ["denttyyy", "nickolassbomfim"], "log": "|j|\u2606denttyyy\n|j|\u2606nickolassbomfim\n|t:|1781464197\n|gametype|singles\n|player|p1|denttyyy|101|2012\n|player|p2|nickolassbomfim|red-masters|1978\n|gen|9\n|tier|[Gen 9] Random Battle\n|rated|\n|rule|Species Clause: Limit one of each Pok\u00e9mon\n|rule|HP Percentage Mod: HP is shown in percentages\n|rule|Sleep Clause Mod: Limit one foe put to sleep\n|rule|Illusion Level Mod: Illusion disguises the Pok\u00e9mon's true level\n|\n|t:|1781464197\n|teamsize|p1|6\n|teamsize|p2|6\n|start\n|switch|p1a: Girafarig|Girafarig, L89, F|269/269\n|switch|p2a: Eiscue|Eiscue, L88, F|274/274\n|turn|1\n|\n|t:|1781464202\n|switch|p2a: Skuntank|Skuntank, L84, M|310/310\n|move|p1a: Girafarig|Nasty Plot|p1a: Girafarig\n|-boost|p1a: Girafarig|spa|2\n|\n|upkeep\n|turn|2\n|inactive|Battle timer is ON: inactive players will automatically lose when time's up. (requested by nickolassbomfim)\n|\n|t:|1781464206\n|move|p1a: Girafarig|Hyper Voice|p2a: Skuntank\n|-damage|p2a: Skuntank|43/310\n|move|p2a: Skuntank|Knock Off|p1a: Girafarig\n|-supereffective|p1a: Girafarig\n|-crit|p1a: Girafarig\n|-damage|p1a: Girafarig|0 fnt\n|-enditem|p1a: Girafarig|Eviolite|[from] move: Knock Off|[of] p2a: Skuntank\n|faint|p1a: Girafarig\n|-damage|p2a: Skuntank|12/310|[from] item: Life Orb\n|\n|upkeep\n|\n|t:|1781464215\n|switch|p1a: Lucario|Lucario, L84, M|255/255\n|turn|3\n|\n|t:|1781464218\n|move|p1a: Lucario|Vacuum Wave|p2a: Skuntank\n|-damage|p2a: Skuntank|0 fnt\n|faint|p2a: Skuntank\n|-damage|p1a: Lucario|230/255|[from] item: Life Orb\n|\n|upkeep\n|\n|t:|1781464225\n|switch|p2a: Dusknoir|Dusknoir, L89, M|225/225\n|-item|p1a: Lucario|Life Orb|[from] ability: Frisk|[of] p2a: Dusknoir\n|turn|4\n|\n|t:|1781464232\n|switch|p1a: Victreebel|Victreebel, L90, F|290/290\n|move|p2a: Dusknoir|Earthquake|p1a: Victreebel\n|-damage|p1a: Victreebel|204/290\n|\n|upkeep\n|turn|5\n|\n|t:|1781464240\n|move|p1a: Victreebel|Strength Sap|p2a: Dusknoir\n|-unboost|p2a: Dusknoir|atk|1\n|-heal|p1a: Victreebel|290/290\n|move|p2a: Dusknoir|Poltergeist|p1a: Victreebel\n|-activate|p1a: Victreebel|move: Poltergeist|Life Orb\n|-damage|p1a: Victreebel|184/290\n|\n|upkeep\n|turn|6\n|\n|t:|1781464248\n|move|p1a: Victreebel|Power Whip|p2a: Dusknoir\n|-damage|p2a: Dusknoir|91/225\n|-damage|p1a: Victreebel|155/290|[from] item: Life Orb\n|move|p2a: Dusknoir|Will-O-Wisp|p1a: Victreebel\n|-status|p1a: Victreebel|brn\n|\n|-heal|p2a: Dusknoir|105/225|[from] item: Leftovers\n|-damage|p1a: Victreebel|137/290 brn|[from] brn\n|upkeep\n|turn|7\n|\n|t:|1781464255\n|move|p1a: Victreebel|Knock Off|p2a: Dusknoir\n|-supereffective|p2a: Dusknoir\n|-damage|p2a: Dusknoir|35/225\n|-enditem|p2a: Dusknoir|Leftovers|[from] move: Knock Off|[of] p1a: Victreebel\n|-damage|p1a: Victreebel|108/290 brn|[from] item: Life Orb\n|move|p2a: Dusknoir|Poltergeist|p1a: Victreebel\n|-activate|p1a: Victreebel|move: Poltergeist|Life Orb\n|-damage|p1a: Victreebel|0 fnt\n|faint|p1a: Victreebel\n|\n|upkeep\n|\n|t:|1781464271\n|switch|p1a: Gouging Fire|Gouging Fire, L74|277/277\n|turn|8\n|\n|t:|1781464280\n|switch|p2a: Ampharos|Ampharos, L88, M|302/302\n|move|p1a: Gouging Fire|Dragon Dance|p1a: Gouging Fire\n|-boost|p1a: Gouging Fire|atk|1\n|-boost|p1a: Gouging Fire|spe|1\n|\n|upkeep\n|turn|9\n|\n|t:|1781464283\n|move|p1a: Gouging Fire|Heat Crash|p2a: Ampharos\n|-damage|p2a: Ampharos|127/302\n|move|p2a: Ampharos|Dragon Tail|p1a: Gouging Fire\n|-supereffective|p1a: Gouging Fire\n|-damage|p1a: Gouging Fire|209/277\n|-end|p1a: Gouging Fire|Protosynthesis|[silent]\n|drag|p1a: Lucario|Lucario, L84, M|230/255\n|\n|upkeep\n|turn|10\n|\n|t:|1781464289\n|move|p1a: Lucario|Aura Sphere|p2a: Ampharos\n|-damage|p2a: Ampharos|52/302\n|-damage|p1a: Lucario|205/255|[from] item: Life Orb\n|move|p2a: Ampharos|Volt Switch|p1a: Lucario\n|-damage|p1a: Lucario|103/255\n|\n|t:|1781464292\n|switch|p2a: Cinderace|Cinderace, L77, M|250/250|[from] Volt Switch\n|\n|upkeep\n|turn|11\n|\n|t:|1781464295\n|switch|p1a: Chandelure|Chandelure, L83, F|235/235\n|move|p2a: Cinderace|Pyro Ball|p1a: Chandelure\n|-start|p1a: Chandelure|ability: Flash Fire\n|\n|upkeep\n|turn|12\n|\n|t:|1781464298\n|move|p1a: Chandelure|Fire Blast|p2a: Cinderace\n|-resisted|p2a: Cinderace\n|-crit|p2a: Cinderace\n|-damage|p2a: Cinderace|49/250\n|move|p2a: Cinderace|U-turn|p1a: Chandelure\n|-start|p2a: Cinderace|typechange|Bug|[from] ability: Libero\n|-resisted|p1a: Chandelure\n|-damage|p1a: Chandelure|219/235\n|\n|t:|1781464301\n|switch|p2a: Dusknoir|Dusknoir, L89, M|35/225|[from] U-turn\n|-item|p1a: Chandelure|Choice Scarf|[from] ability: Frisk|[of] p2a: Dusknoir\n|\n|upkeep\n|turn|13\n|\n|t:|1781464303\n|move|p2a: Dusknoir|Shadow Sneak|p1a: Chandelure\n|-supereffective|p1a: Chandelure\n|-damage|p1a: Chandelure|129/235\n|move|p1a: Chandelure|Fire Blast|p2a: Dusknoir\n|-damage|p2a: Dusknoir|0 fnt\n|faint|p2a: Dusknoir\n|\n|upkeep\n|\n|t:|1781464312\n|switch|p2a: Rayquaza|Rayquaza, L72|270/270\n|-ability|p2a: Rayquaza|Air Lock\n|turn|14\n|\n|t:|1781464317\n|move|p1a: Chandelure|Fire Blast|p2a: Rayquaza|[miss]\n|-miss|p1a: Chandelure|p2a: Rayquaza\n|move|p2a: Rayquaza|Swords Dance|p2a: Rayquaza\n|-boost|p2a: Rayquaza|atk|2\n|\n|upkeep\n|turn|15\n|\n|t:|1781464320\n|move|p1a: Chandelure|Fire Blast|p2a: Rayquaza|[miss]\n|-miss|p1a: Chandelure|p2a: Rayquaza\n|move|p2a: Rayquaza|Earthquake|p1a: Chandelure\n|-supereffective|p1a: Chandelure\n|-damage|p1a: Chandelure|0 fnt\n|faint|p1a: Chandelure\n|\n|upkeep\n|\n|t:|1781464330\n|switch|p1a: Gouging Fire|Gouging Fire, L74|209/277\n|turn|16\n|\n|t:|1781464335\n|-terastallize|p1a: Gouging Fire|Fairy\n|move|p2a: Rayquaza|Dragon Ascent|p1a: Gouging Fire\n|-damage|p1a: Gouging Fire|0 fnt\n|-unboost|p2a: Rayquaza|def|1\n|-unboost|p2a: Rayquaza|spd|1\n|faint|p1a: Gouging Fire\n|-end|p1a: Gouging Fire|Protosynthesis|[silent]\n|\n|upkeep\n|\n|t:|1781464342\n|switch|p1a: Lucario|Lucario, L84, M|103/255\n|turn|17\n|\n|t:|1781464345\n|move|p1a: Lucario|Flash Cannon|p2a: Rayquaza\n|-damage|p2a: Rayquaza|36/270\n|-damage|p1a: Lucario|78/255|[from] item: Life Orb\n|move|p2a: Rayquaza|Earthquake|p1a: Lucario\n|-supereffective|p1a: Lucario\n|-damage|p1a: Lucario|0 fnt\n|faint|p1a: Lucario\n|\n|upkeep\n|\n|t:|1781464348\n|switch|p1a: Blissey|Blissey, L85, F|572/572\n|turn|18\n|\n|t:|1781464349\n|move|p2a: Rayquaza|Dragon Ascent|p1a: Blissey\n|-damage|p1a: Blissey|0 fnt\n|-unboost|p2a: Rayquaza|def|1\n|-unboost|p2a: Rayquaza|spd|1\n|faint|p1a: Blissey\n|\n|win|nickolassbomfim\n", "inputlog": ">version a8376a258c1d4662feba110a92103f3664a72141\n>start {\"formatid\":\"gen9randombattle\",\"seed\":\"sodium,94d3ada09d80f2cff6947c492ed608ca\",\"rated\":\"Rated battle\"}\n>player p1 {\"name\":\"denttyyy\",\"avatar\":\"101\",\"rating\":2012,\"seed\":\"sodium,66bc00f4e02b522775d64083cb9ebb71\"}\n>player p2 {\"name\":\"nickolassbomfim\",\"avatar\":\"red-masters\",\"rating\":1978,\"seed\":\"sodium,e0af3cfb849eec1358d7a38ec20bf084\"}\n>p1 move nastyplot\n>p2 switch 4\n>p1 move hypervoice\n>p2 move knockoff\n>p1 switch 4\n>p1 move vacuumwave\n>p2 move fireblast\n>p2 switch 6\n>p1 switch 6\n>p2 move earthquake\n>p1 move strengthsap\n>p2 move poltergeist\n>p1 move powerwhip\n>p2 move willowisp\n>p1 move knockoff\n>p2 move poltergeist\n>p1 switch 2\n>p1 move dragondance\n>p2 switch 2\n>p1 move heatcrash\n>p2 move dragontail\n>p1 move aurasphere\n>p2 move voltswitch\n>p2 switch 3\n>p1 switch 5\n>p2 move pyroball\n>p1 move fireblast\n>p2 move uturn\n>p2 switch 2\n>p1 move fireblast\n>p2 move shadowsneak\n>p2 switch 5\n>p1 move fireblast\n>p2 move swordsdance\n>p1 move fireblast\n>p2 move earthquake\n>p1 switch 6\n>p1 move dragondance terastallize\n>p2 move dragonascent\n>p1 switch 5\n>p1 move flashcannon\n>p2 move earthquake\n>p1 switch 3\n>p1 move seismictoss\n>p2 move dragonascent", "uploadtime": 1781464198, "views": 4, "formatid": "gen9randombattle", "rating": null, "private": 0, "password": null}