{"id": "gen9randombattle-2631558612", "format": "[Gen 9] Random Battle", "players": ["Rheny", "Aoyama0811"], "log": "|j|\u2606Rheny\n|j|\u2606Aoyama0811\n|t:|1781401161\n|gametype|singles\n|player|p1|Rheny|miku-ghost|1978\n|player|p2|Aoyama0811|acetrainerf|2073\n|gen|9\n|tier|[Gen 9] Random Battle\n|rated|\n|rule|Species Clause: Limit one of each Pok\u00e9mon\n|rule|HP Percentage Mod: HP is shown in percentages\n|rule|Sleep Clause Mod: Limit one foe put to sleep\n|rule|Illusion Level Mod: Illusion disguises the Pok\u00e9mon's true level\n|\n|t:|1781401161\n|teamsize|p1|6\n|teamsize|p2|6\n|start\n|switch|p1a: Iron Hands|Iron Hands, L79|373/373\n|switch|p2a: Thundurus|Thundurus-Therian, L80, M|258/258\n|turn|1\n|\n|t:|1781401183\n|move|p2a: Thundurus|Nasty Plot|p2a: Thundurus\n|-boost|p2a: Thundurus|spa|2\n|move|p1a: Iron Hands|Ice Punch|p2a: Thundurus\n|-supereffective|p2a: Thundurus\n|-damage|p2a: Thundurus|100/258\n|\n|upkeep\n|turn|2\n|\n|t:|1781401189\n|move|p2a: Thundurus|Focus Blast|p1a: Iron Hands\n|-damage|p1a: Iron Hands|177/373\n|move|p1a: Iron Hands|Ice Punch|p2a: Thundurus\n|-supereffective|p2a: Thundurus\n|-damage|p2a: Thundurus|0 fnt\n|faint|p2a: Thundurus\n|\n|upkeep\n|\n|t:|1781401194\n|switch|p2a: Pyroar|Pyroar, L88, M|295/295\n|-ability|p2a: Pyroar|Unnerve\n|turn|3\n|\n|t:|1781401199\n|move|p2a: Pyroar|Fire Blast|p1a: Iron Hands\n|-damage|p1a: Iron Hands|57/373\n|move|p1a: Iron Hands|Drain Punch|p2a: Pyroar\n|-supereffective|p2a: Pyroar\n|-damage|p2a: Pyroar|95/295\n|-heal|p1a: Iron Hands|157/373|[from] drain|[of] p2a: Pyroar\n|\n|upkeep\n|turn|4\n|\n|t:|1781401202\n|move|p2a: Pyroar|Fire Blast|p1a: Iron Hands\n|-damage|p1a: Iron Hands|27/373\n|move|p1a: Iron Hands|Drain Punch|p2a: Pyroar\n|-supereffective|p2a: Pyroar\n|-damage|p2a: Pyroar|0 fnt\n|-heal|p1a: Iron Hands|75/373|[from] drain|[of] p2a: Pyroar\n|faint|p2a: Pyroar\n|\n|upkeep\n|\n|t:|1781401206\n|switch|p2a: Scream Tail|Scream Tail, L84|330/330\n|turn|5\n|\n|t:|1781401211\n|move|p2a: Scream Tail|Dazzling Gleam|p1a: Iron Hands\n|-supereffective|p1a: Iron Hands\n|-damage|p1a: Iron Hands|0 fnt\n|faint|p1a: Iron Hands\n|-end|p1a: Iron Hands|Quark Drive|[silent]\n|\n|upkeep\n|\n|t:|1781401224\n|switch|p1a: Beartic|Beartic, L91, M|321/321\n|turn|6\n|\n|t:|1781401228\n|move|p2a: Scream Tail|Dazzling Gleam|p1a: Beartic\n|-damage|p1a: Beartic|252/321\n|move|p1a: Beartic|Snowscape|p1a: Beartic\n|-weather|Snowscape\n|\n|-weather|Snowscape|[upkeep]\n|upkeep\n|turn|7\n|\n|t:|1781401234\n|move|p2a: Scream Tail|Protect|p2a: Scream Tail\n|-singleturn|p2a: Scream Tail|Protect\n|move|p1a: Beartic|Icicle Crash|p2a: Scream Tail\n|-activate|p2a: Scream Tail|move: Protect\n|\n|-weather|Snowscape|[upkeep]\n|upkeep\n|turn|8\n|\n|t:|1781401236\n|move|p1a: Beartic|Icicle Crash|p2a: Scream Tail\n|-damage|p2a: Scream Tail|200/330\n|move|p2a: Scream Tail|Wish|p2a: Scream Tail\n|\n|-weather|Snowscape|[upkeep]\n|-heal|p2a: Scream Tail|220/330|[from] item: Leftovers\n|upkeep\n|turn|9\n|\n|t:|1781401243\n|move|p1a: Beartic|Swords Dance|p1a: Beartic\n|-boost|p1a: Beartic|atk|2\n|move|p2a: Scream Tail|Dazzling Gleam|p1a: Beartic\n|-damage|p1a: Beartic|194/321\n|\n|-weather|Snowscape|[upkeep]\n|-heal|p2a: Scream Tail|330/330|[from] move: Wish|[wisher] Scream Tail\n|upkeep\n|turn|10\n|\n|t:|1781401252\n|move|p1a: Beartic|Swords Dance|p1a: Beartic\n|-boost|p1a: Beartic|atk|2\n|move|p2a: Scream Tail|Dazzling Gleam|p1a: Beartic\n|-damage|p1a: Beartic|131/321\n|\n|-weather|none\n|upkeep\n|turn|11\n|\n|t:|1781401255\n|move|p2a: Scream Tail|Encore|p1a: Beartic\n|-start|p1a: Beartic|Encore\n|move|p1a: Beartic|Swords Dance|p1a: Beartic\n|-boost|p1a: Beartic|atk|2\n|\n|upkeep\n|turn|12\n|\n|t:|1781401260\n|switch|p1a: Politoed|Politoed, L88, F|302/302\n|-weather|RainDance|[from] ability: Drizzle|[of] p1a: Politoed\n|move|p2a: Scream Tail|Dazzling Gleam|p1a: Politoed\n|-damage|p1a: Politoed|251/302\n|\n|-weather|RainDance|[upkeep]\n|upkeep\n|turn|13\n|c|\u2606Rheny|u are goated\n|c|\u2606Rheny|for not ever protecting again\n|\n|t:|1781401273\n|move|p2a: Scream Tail|Protect|p2a: Scream Tail\n|-singleturn|p2a: Scream Tail|Protect\n|move|p1a: Politoed|Hydro Pump|p2a: Scream Tail\n|-activate|p2a: Scream Tail|move: Protect\n|\n|-weather|RainDance|[upkeep]\n|upkeep\n|turn|14\n|\n|t:|1781401281\n|-end|p2a: Scream Tail|Protosynthesis|[silent]\n|switch|p2a: Kingdra|Kingdra, L84, F|263/263\n|move|p1a: Politoed|Hydro Pump|p2a: Kingdra|[miss]\n|-miss|p1a: Politoed|p2a: Kingdra\n|\n|-weather|RainDance|[upkeep]\n|upkeep\n|turn|15\n|\n|t:|1781401286\n|switch|p1a: Crabominable|Crabominable, L90, F|321/321\n|move|p2a: Kingdra|Dragon Dance|p2a: Kingdra\n|-boost|p2a: Kingdra|atk|1\n|-boost|p2a: Kingdra|spe|1\n|\n|-weather|RainDance|[upkeep]\n|upkeep\n|turn|16\n|inactive|Battle timer is ON: inactive players will automatically lose when time's up. (requested by Aoyama0811)\n|\n|t:|1781401294\n|-terastallize|p2a: Kingdra|Water\n|move|p2a: Kingdra|Wave Crash|p1a: Crabominable\n|-damage|p1a: Crabominable|0 fnt\n|faint|p1a: Crabominable\n|-damage|p2a: Kingdra|157/263|[from] Recoil\n|\n|-weather|none\n|upkeep\n|\n|t:|1781401301\n|switch|p1a: Brute Bonnet|Brute Bonnet, L80|309/309\n|turn|17\n|\n|t:|1781401309\n|move|p2a: Kingdra|Outrage|p1a: Brute Bonnet\n|-damage|p1a: Brute Bonnet|126/309\n|move|p1a: Brute Bonnet|Spore|p2a: Kingdra\n|-status|p2a: Kingdra|slp|[from] move: Spore\n|-enditem|p2a: Kingdra|Lum Berry|[eat]\n|-curestatus|p2a: Kingdra|slp|[msg]\n|\n|-heal|p1a: Brute Bonnet|145/309|[from] item: Leftovers\n|upkeep\n|turn|18\n|c|\u2606Rheny|am i dumb\n|\n|t:|1781401319\n|move|p1a: Brute Bonnet|Sucker Punch|p2a: Kingdra\n|-damage|p2a: Kingdra|70/263\n|move|p2a: Kingdra|Outrage|p1a: Brute Bonnet|[from] lockedmove\n|-damage|p1a: Brute Bonnet|0 fnt\n|faint|p1a: Brute Bonnet\n|-end|p1a: Brute Bonnet|Protosynthesis|[silent]\n|-start|p2a: Kingdra|confusion|[fatigue]\n|\n|upkeep\n|\n|t:|1781401324\n|switch|p1a: Beartic|Beartic, L91, M|131/321\n|turn|19\n|\n|t:|1781401328\n|-activate|p2a: Kingdra|confusion\n|move|p2a: Kingdra|Waterfall|p1a: Beartic\n|-damage|p1a: Beartic|0 fnt\n|faint|p1a: Beartic\n|\n|upkeep\n|\n|t:|1781401330\n|switch|p1a: Dodrio|Dodrio, L85, M|241/241\n|turn|20\n|\n|t:|1781401334\n|-activate|p2a: Kingdra|confusion\n|-damage|p2a: Kingdra|27/263|[from] confusion\n|move|p1a: Dodrio|Brave Bird|p2a: Kingdra\n|-damage|p2a: Kingdra|0 fnt\n|faint|p2a: Kingdra\n|-damage|p1a: Dodrio|232/241|[from] Recoil\n|\n|upkeep\n|\n|t:|1781401336\n|switch|p2a: Kilowattrel|Kilowattrel, L83, F|252/252\n|turn|21\n|\n|t:|1781401352\n|-terastallize|p1a: Dodrio|Ground\n|move|p2a: Kilowattrel|U-turn|p1a: Dodrio\n|-damage|p1a: Dodrio|183/241\n|\n|t:|1781401358\n|switch|p2a: Scream Tail|Scream Tail, L84|330/330|[from] U-turn\n|move|p1a: Dodrio|Swords Dance|p1a: Dodrio\n|-boost|p1a: Dodrio|atk|2\n|\n|upkeep\n|turn|22\n|\n|t:|1781401382\n|move|p1a: Dodrio|Swords Dance|p1a: Dodrio\n|-boost|p1a: Dodrio|atk|2\n|move|p2a: Scream Tail|Dazzling Gleam|p1a: Dodrio\n|-damage|p1a: Dodrio|93/241\n|\n|upkeep\n|turn|23\n|\n|t:|1781401386\n|move|p1a: Dodrio|Double-Edge|p2a: Scream Tail\n|-damage|p2a: Scream Tail|0 fnt\n|faint|p2a: Scream Tail\n|-end|p2a: Scream Tail|Protosynthesis|[silent]\n|-damage|p1a: Dodrio|0 fnt|[from] Recoil\n|faint|p1a: Dodrio\n|\n|upkeep\n|\n|t:|1781401389\n|switch|p1a: Politoed|Politoed, L88, F|251/302\n|switch|p2a: Kilowattrel|Kilowattrel, L83, F|252/252\n|-weather|RainDance|[from] ability: Drizzle|[of] p1a: Politoed\n|turn|24\n|\n|t:|1781401395\n|move|p2a: Kilowattrel|Discharge|p1a: Politoed\n|-supereffective|p1a: Politoed\n|-damage|p1a: Politoed|89/302\n|move|p1a: Politoed|Rest|p1a: Politoed\n|-status|p1a: Politoed|slp|[from] move: Rest\n|-heal|p1a: Politoed|302/302 slp|[silent]\n|-enditem|p1a: Politoed|Chesto Berry|[eat]\n|-curestatus|p1a: Politoed|slp|[msg]\n|\n|-weather|RainDance|[upkeep]\n|upkeep\n|turn|25\n|\n|t:|1781401398\n|move|p2a: Kilowattrel|Discharge|p1a: Politoed\n|-supereffective|p1a: Politoed\n|-damage|p1a: Politoed|144/302\n|-status|p1a: Politoed|par\n|cant|p1a: Politoed|par\n|\n|-weather|RainDance|[upkeep]\n|upkeep\n|turn|26\n|\n|t:|1781401400\n|move|p2a: Kilowattrel|Discharge|p1a: Politoed\n|-supereffective|p1a: Politoed\n|-damage|p1a: Politoed|0 fnt\n|faint|p1a: Politoed\n|\n|win|Aoyama0811\n", "inputlog": ">version a8376a258c1d4662feba110a92103f3664a72141\n>start {\"formatid\":\"gen9randombattle\",\"seed\":\"sodium,1631579a127a0c8b290dcd72a6fb6cea\",\"rated\":\"Rated battle\"}\n>player p1 {\"name\":\"Rheny\",\"avatar\":\"miku-ghost\",\"rating\":1978,\"seed\":\"sodium,15a2e4417da61ec467c9ac644b21a184\"}\n>player p2 {\"name\":\"Aoyama0811\",\"avatar\":\"acetrainerf\",\"rating\":2073,\"seed\":\"sodium,653ccc238ec29de125618b3a59af0f46\"}\n>p1 move icepunch\n>p2 move nastyplot\n>p1 move icepunch\n>p2 move focusblast\n>p2 switch 4\n>p1 move drainpunch\n>p2 move fireblast\n>p1 move drainpunch\n>p2 move fireblast\n>p2 switch 6\n>p1 move voltswitch\n>p2 move dazzlinggleam\n>p1 switch 2\n>p1 move snowscape\n>p2 move dazzlinggleam\n>p1 move iciclecrash\n>p2 move protect\n>p1 move iciclecrash\n>p2 move wish\n>p1 move swordsdance\n>p2 move dazzlinggleam\n>p1 move swordsdance\n>p2 move dazzlinggleam\n>p1 move snowscape\n>p2 move encore\n>p1 switch 4\n>p2 move dazzlinggleam\n>chat \u2606Rheny|u are goated\n>chat \u2606Rheny|for not ever protecting again \n>p1 move hydropump\n>p2 move protect\n>p1 move hydropump\n>p2 switch 2\n>p1 switch 3\n>p2 move dragondance\n>p1 move closecombat\n>p2 move wavecrash terastallize\n>p1 switch 5\n>p1 move spore\n>p2 move outrage\n>chat \u2606Rheny|am i dumb\n>p1 move suckerpunch\n>p2 move outrage\n>p1 switch 4\n>p1 move iciclecrash\n>p2 move waterfall\n>p1 switch 6\n>p1 move bravebird\n>p2 move wavecrash\n>p2 switch 3\n>p1 move swordsdance terastallize\n>p2 move uturn\n>p2 switch 2\n>p1 move swordsdance\n>p2 move dazzlinggleam\n>p1 move doubleedge\n>p2 move wish\n>p1 switch 3\n>p2 switch 2\n>p1 move rest\n>p2 move discharge\n>p1 move hydropump\n>p2 move discharge\n>p1 move hydropump\n>p2 move discharge", "uploadtime": 1781401163, "views": 4, "formatid": "gen9randombattle", "rating": null, "private": 0, "password": null}