{"id": "gen9randombattle-2631596789", "format": "[Gen 9] Random Battle", "players": ["Deleuzional", "isnothingeasy"], "log": "|j|\u2606Deleuzional\n|j|\u2606isnothingeasy\n|t:|1781406414\n|gametype|singles\n|player|p1|Deleuzional|169|1976\n|player|p2|isnothingeasy|lady|1954\n|gen|9\n|tier|[Gen 9] Random Battle\n|rated|\n|rule|Species Clause: Limit one of each Pok\u00e9mon\n|rule|HP Percentage Mod: HP is shown in percentages\n|rule|Sleep Clause Mod: Limit one foe put to sleep\n|rule|Illusion Level Mod: Illusion disguises the Pok\u00e9mon's true level\n|\n|t:|1781406414\n|teamsize|p1|6\n|teamsize|p2|6\n|start\n|switch|p1a: Swanna|Swanna, L89, F|278/278\n|switch|p2a: Bellibolt|Bellibolt, L84, M|320/320\n|turn|1\n|\n|t:|1781406424\n|switch|p1a: Golurk|Golurk, L87|297/297\n|move|p2a: Bellibolt|Thunderbolt|p1a: Golurk\n|-immune|p1a: Golurk\n|\n|upkeep\n|turn|2\n|\n|t:|1781406435\n|switch|p2a: Trevenant|Trevenant, L89, M|296/296\n|move|p1a: Golurk|Stealth Rock|p2a: Trevenant\n|-sidestart|p2: isnothingeasy|move: Stealth Rock\n|\n|upkeep\n|turn|3\n|\n|t:|1781406447\n|switch|p1a: Darkrai|Darkrai, L77|234/234\n|move|p2a: Trevenant|Poltergeist|p1a: Darkrai\n|-activate|p1a: Darkrai|move: Poltergeist|Leftovers\n|-resisted|p1a: Darkrai\n|-damage|p1a: Darkrai|159/234\n|\n|-heal|p1a: Darkrai|173/234|[from] item: Leftovers\n|upkeep\n|turn|4\n|inactive|Battle timer is ON: inactive players will automatically lose when time's up. (requested by isnothingeasy)\n|\n|t:|1781406457\n|move|p1a: Darkrai|Dark Pulse|p2a: Trevenant\n|-supereffective|p2a: Trevenant\n|-damage|p2a: Trevenant|108/296\n|-enditem|p2a: Trevenant|Sitrus Berry|[eat]\n|-heal|p2a: Trevenant|182/296|[from] item: Sitrus Berry\n|move|p2a: Trevenant|Drain Punch|p1a: Darkrai\n|-supereffective|p1a: Darkrai\n|-damage|p1a: Darkrai|29/234\n|-heal|p2a: Trevenant|254/296|[from] drain|[of] p1a: Darkrai\n|\n|-heal|p1a: Darkrai|43/234|[from] item: Leftovers\n|upkeep\n|turn|5\n|\n|t:|1781406470\n|switch|p2a: Magearna|Magearna-Original, L77|250/250\n|-damage|p2a: Magearna|235/250|[from] Stealth Rock\n|move|p1a: Darkrai|Dark Pulse|p2a: Magearna\n|-resisted|p2a: Magearna\n|-damage|p2a: Magearna|196/250\n|\n|-heal|p1a: Darkrai|57/234|[from] item: Leftovers\n|upkeep\n|turn|6\n|\n|t:|1781406490\n|switch|p1a: Golurk|Golurk, L87|297/297\n|move|p2a: Magearna|Shift Gear|p2a: Magearna\n|-boost|p2a: Magearna|spe|2\n|-boost|p2a: Magearna|atk|1\n|\n|upkeep\n|turn|7\n|\n|t:|1781406504\n|switch|p2a: Trevenant|Trevenant, L89, M|254/296\n|-damage|p2a: Trevenant|217/296|[from] Stealth Rock\n|move|p1a: Golurk|Earthquake|p2a: Trevenant\n|-resisted|p2a: Trevenant\n|-damage|p2a: Trevenant|130/296\n|-damage|p1a: Golurk|268/297|[from] item: Life Orb\n|\n|-item|p2a: Trevenant|Sitrus Berry|[from] ability: Harvest\n|upkeep\n|-enditem|p2a: Trevenant|Sitrus Berry|[eat]\n|-heal|p2a: Trevenant|204/296|[from] item: Sitrus Berry\n|turn|8\n|\n|t:|1781406516\n|move|p2a: Trevenant|Poltergeist|p1a: Golurk\n|-activate|p1a: Golurk|move: Poltergeist|Life Orb\n|-supereffective|p1a: Golurk\n|-damage|p1a: Golurk|0 fnt\n|faint|p1a: Golurk\n|\n|upkeep\n|\n|t:|1781406522\n|switch|p1a: Swanna|Swanna, L89, F|278/278\n|turn|9\n|\n|t:|1781406526\n|switch|p2a: Bellibolt|Bellibolt, L84, M|320/320\n|-damage|p2a: Bellibolt|280/320|[from] Stealth Rock\n|move|p1a: Swanna|Brave Bird|p2a: Bellibolt\n|-resisted|p2a: Bellibolt\n|-damage|p2a: Bellibolt|218/320\n|-start|p2a: Bellibolt|Charge|Brave Bird|[from] ability: Electromorphosis\n|-damage|p1a: Swanna|258/278|[from] Recoil\n|\n|-heal|p2a: Bellibolt|238/320|[from] item: Leftovers\n|upkeep\n|turn|10\n|\n|t:|1781406539\n|switch|p1a: Darkrai|Darkrai, L77|57/234\n|move|p2a: Bellibolt|Thunderbolt|p1a: Darkrai\n|-damage|p1a: Darkrai|0 fnt\n|faint|p1a: Darkrai\n|-end|p2a: Bellibolt|Charge|[silent]\n|\n|-heal|p2a: Bellibolt|258/320|[from] item: Leftovers\n|upkeep\n|\n|t:|1781406552\n|switch|p1a: Venomoth|Venomoth, L84, F|255/255\n|turn|11\n|\n|t:|1781406576\n|move|p1a: Venomoth|Sleep Powder|p2a: Bellibolt|[miss]\n|-miss|p1a: Venomoth|p2a: Bellibolt\n|move|p2a: Bellibolt|Thunderbolt|p1a: Venomoth\n|-damage|p1a: Venomoth|137/255\n|\n|-heal|p2a: Bellibolt|278/320|[from] item: Leftovers\n|upkeep\n|turn|12\n|-message|Deleuzional forfeited.\n|\n|win|isnothingeasy\n", "inputlog": ">version a8376a258c1d4662feba110a92103f3664a72141\n>start {\"formatid\":\"gen9randombattle\",\"seed\":\"sodium,92293d8197af939fd14d1945dd7d49bf\",\"rated\":\"Rated battle\"}\n>player p1 {\"name\":\"Deleuzional\",\"avatar\":\"169\",\"rating\":1976,\"seed\":\"sodium,3cc864079ae40f249c93b4ee8a499962\"}\n>player p2 {\"name\":\"isnothingeasy\",\"avatar\":\"lady\",\"rating\":1954,\"seed\":\"sodium,9828cd7281f4f26f3eaa6ef73ec611f4\"}\n>p1 switch 2\n>p2 move thunderbolt\n>p1 move stealthrock\n>p2 switch 3\n>p1 switch 4\n>p2 move poltergeist\n>p1 move darkpulse\n>p2 move drainpunch\n>p1 move darkpulse\n>p2 switch 2\n>p1 switch 4\n>p2 move shiftgear\n>p1 move earthquake\n>p2 switch 2\n>p1 move poltergeist\n>p2 move poltergeist\n>p1 switch 2\n>p1 move bravebird\n>p2 switch 3\n>p1 switch 4\n>p2 move thunderbolt\n>p1 switch 5\n>p1 move sleeppowder\n>p2 move thunderbolt\n>forcelose p1", "uploadtime": 1781406416, "views": 8, "formatid": "gen9randombattle", "rating": null, "private": 0, "password": null}