{"id": "gen9randombattle-2631823639", "format": "[Gen 9] Random Battle", "players": ["trenchwarrior", "holy s m i t e"], "log": "|badge|p1|bronze|gen9randombattle|100-9\n|uhtml|medal-msg|<div class=\"broadcast-blue\">Curious what those medals under the avatar are? PS now has Ladder Seasons! For more information, check out the <a href=\"https://www.smogon.com/forums/threads/3740067/\">thread on Smogon.</a></div>\n|badge|p2|bronze|gen9randombattle|100-9\n|uhtml|medal-msg|<div class=\"broadcast-blue\">Curious what those medals under the avatar are? PS now has Ladder Seasons! For more information, check out the <a href=\"https://www.smogon.com/forums/threads/3740067/\">thread on Smogon.</a></div>\n|j|\u2606trenchwarrior\n|j|\u2606holy s m i t e\n|t:|1781444733\n|gametype|singles\n|player|p1|trenchwarrior|byron|2344\n|player|p2|holy s m i t e|101|2347\n|gen|9\n|tier|[Gen 9] Random Battle\n|rated|\n|rule|Species Clause: Limit one of each Pok\u00e9mon\n|rule|HP Percentage Mod: HP is shown in percentages\n|rule|Sleep Clause Mod: Limit one foe put to sleep\n|rule|Illusion Level Mod: Illusion disguises the Pok\u00e9mon's true level\n|\n|t:|1781444733\n|teamsize|p1|6\n|teamsize|p2|6\n|start\n|switch|p1a: Tsareena|Tsareena, L87, F|267/267\n|switch|p2a: Hypno|Hypno, L95, F|315/315\n|turn|1\n|inactive|Battle timer is ON: inactive players will automatically lose when time's up. (requested by trenchwarrior)\n|l|\u2606trenchwarrior\n|inactive|trenchwarrior disconnected and has a minute to reconnect!\n|player|p1|\n|j|\u2606trenchwarrior\n|inactive|trenchwarrior reconnected and has 140 seconds left.\n|player|p1|trenchwarrior|byron|\n|\n|t:|1781444748\n|move|p2a: Hypno|Protect|p2a: Hypno\n|-singleturn|p2a: Hypno|Protect\n|move|p1a: Tsareena|Knock Off|p2a: Hypno\n|-activate|p2a: Hypno|move: Protect\n|\n|upkeep\n|turn|2\n|\n|t:|1781444753\n|move|p1a: Tsareena|Knock Off|p2a: Hypno\n|-supereffective|p2a: Hypno\n|-damage|p2a: Hypno|135/315\n|-enditem|p2a: Hypno|Leftovers|[from] move: Knock Off|[of] p1a: Tsareena\n|move|p2a: Hypno|Toxic|p1a: Tsareena\n|-status|p1a: Tsareena|tox\n|\n|-damage|p1a: Tsareena|251/267 tox|[from] psn\n|upkeep\n|turn|3\n|\n|t:|1781444762\n|switch|p1a: Lucario|Lucario, L84, M|255/255\n|move|p2a: Hypno|Protect||[still]\n|-fail|p2a: Hypno\n|\n|upkeep\n|turn|4\n|\n|t:|1781444770\n|move|p1a: Lucario|Meteor Mash|p2a: Hypno\n|-damage|p2a: Hypno|0 fnt\n|faint|p2a: Hypno\n|-damage|p1a: Lucario|230/255|[from] item: Life Orb\n|\n|upkeep\n|\n|t:|1781444775\n|switch|p2a: Barraskewda|Barraskewda, L81, F|231/231\n|turn|5\n|\n|t:|1781444788\n|move|p1a: Lucario|Extreme Speed|p2a: Barraskewda\n|-damage|p2a: Barraskewda|126/231\n|-damage|p1a: Lucario|205/255|[from] item: Life Orb\n|move|p2a: Barraskewda|Close Combat|p1a: Lucario\n|-supereffective|p1a: Lucario\n|-damage|p1a: Lucario|0 fnt\n|-unboost|p2a: Barraskewda|def|1\n|-unboost|p2a: Barraskewda|spd|1\n|faint|p1a: Lucario\n|\n|upkeep\n|\n|t:|1781444797\n|switch|p1a: Girafarig|Girafarig, L89, F|269/269\n|turn|6\n|\n|t:|1781444802\n|switch|p2a: Regigigas|Regigigas, L84|322/322\n|-start|p2a: Regigigas|ability: Slow Start\n|move|p1a: Girafarig|Psyshock|p2a: Regigigas\n|-damage|p2a: Regigigas|250/322\n|\n|-heal|p2a: Regigigas|270/322|[from] item: Leftovers\n|upkeep\n|turn|7\n|\n|t:|1781444807\n|move|p1a: Girafarig|Nasty Plot|p1a: Girafarig\n|-boost|p1a: Girafarig|spa|2\n|move|p2a: Regigigas|Knock Off|p1a: Girafarig\n|-supereffective|p1a: Girafarig\n|-damage|p1a: Girafarig|189/269\n|-enditem|p1a: Girafarig|Eviolite|[from] move: Knock Off|[of] p2a: Regigigas\n|\n|-heal|p2a: Regigigas|290/322|[from] item: Leftovers\n|upkeep\n|turn|8\n|\n|t:|1781444809\n|move|p1a: Girafarig|Psyshock|p2a: Regigigas\n|-damage|p2a: Regigigas|134/322\n|move|p2a: Regigigas|Body Slam|p1a: Girafarig\n|-damage|p1a: Girafarig|102/269\n|-status|p1a: Girafarig|par\n|\n|-heal|p2a: Regigigas|154/322|[from] item: Leftovers\n|upkeep\n|turn|9\n|\n|t:|1781444816\n|move|p2a: Regigigas|Protect|p2a: Regigigas\n|-singleturn|p2a: Regigigas|Protect\n|cant|p1a: Girafarig|par\n|\n|-heal|p2a: Regigigas|174/322|[from] item: Leftovers\n|upkeep\n|turn|10\n|\n|t:|1781444821\n|move|p2a: Regigigas|Body Slam|p1a: Girafarig\n|-damage|p1a: Girafarig|18/269 par\n|move|p1a: Girafarig|Psyshock|p2a: Regigigas\n|-damage|p2a: Regigigas|23/322\n|\n|-heal|p2a: Regigigas|43/322|[from] item: Leftovers\n|upkeep\n|turn|11\n|\n|t:|1781444830\n|move|p2a: Regigigas|Protect|p2a: Regigigas\n|-singleturn|p2a: Regigigas|Protect\n|move|p1a: Girafarig|Psyshock|p2a: Regigigas\n|-activate|p2a: Regigigas|move: Protect\n|\n|-heal|p2a: Regigigas|63/322|[from] item: Leftovers\n|-end|p2a: Regigigas|Slow Start\n|upkeep\n|turn|12\n|\n|t:|1781444833\n|move|p2a: Regigigas|Knock Off|p1a: Girafarig\n|-supereffective|p1a: Girafarig\n|-damage|p1a: Girafarig|0 fnt\n|faint|p1a: Girafarig\n|\n|-heal|p2a: Regigigas|83/322|[from] item: Leftovers\n|upkeep\n|\n|t:|1781444843\n|switch|p1a: Cinccino|Cinccino, L83, F|260/260\n|turn|13\n|\n|t:|1781444847\n|move|p1a: Cinccino|Tail Slap|p2a: Regigigas\n|-damage|p2a: Regigigas|47/322\n|-damage|p2a: Regigigas|17/322\n|-damage|p2a: Regigigas|0 fnt\n|faint|p2a: Regigigas\n|-end|p2a: Regigigas|Slow Start|[silent]\n|-hitcount|p2: Regigigas|3\n|\n|upkeep\n|\n|t:|1781444850\n|switch|p2a: Magnezone|Magnezone, L85|258/258\n|turn|14\n|\n|t:|1781444853\n|switch|p1a: Goodra|Goodra, L85, F|292/292\n|move|p2a: Magnezone|Volt Switch|p1a: Goodra\n|-resisted|p1a: Goodra\n|-damage|p1a: Goodra|271/292\n|\n|t:|1781444861\n|switch|p2a: Gardevoir|Gardevoir, L83, M|249/249|[from] Volt Switch\n|-ability|p2a: Gardevoir|Sap Sipper|Trace|[from] ability: Trace|[of] p1a: Goodra\n|\n|upkeep\n|turn|15\n|\n|t:|1781444865\n|switch|p1a: Volcanion|Volcanion, L79|255/255\n|move|p2a: Gardevoir|Moonblast|p1a: Volcanion\n|-resisted|p1a: Volcanion\n|-damage|p1a: Volcanion|214/255\n|-unboost|p1a: Volcanion|spa|1\n|\n|upkeep\n|turn|16\n|\n|t:|1781444874\n|switch|p2a: Magnezone|Magnezone, L85|258/258\n|move|p1a: Volcanion|Steam Eruption|p2a: Magnezone\n|-damage|p2a: Magnezone|203/258\n|\n|upkeep\n|turn|17\n|\n|t:|1781444881\n|move|p1a: Volcanion|Flamethrower|p2a: Magnezone\n|-supereffective|p2a: Magnezone\n|-damage|p2a: Magnezone|111/258\n|move|p2a: Magnezone|Volt Switch|p1a: Volcanion\n|-supereffective|p1a: Volcanion\n|-damage|p1a: Volcanion|74/255\n|\n|t:|1781444887\n|switch|p2a: Barraskewda|Barraskewda, L81, F|126/231|[from] Volt Switch\n|\n|upkeep\n|turn|18\n|\n|t:|1781444891\n|move|p2a: Barraskewda|Close Combat|p1a: Volcanion\n|-damage|p1a: Volcanion|0 fnt\n|-unboost|p2a: Barraskewda|def|1\n|-unboost|p2a: Barraskewda|spd|1\n|faint|p1a: Volcanion\n|\n|upkeep\n|\n|t:|1781444904\n|switch|p1a: Tsareena|Tsareena, L87, F|251/267 tox\n|turn|19\n|\n|t:|1781444913\n|switch|p2a: Ninetales|Ninetales-Alola, L78, F|242/242\n|-weather|Snowscape|[from] ability: Snow Warning|[of] p2a: Ninetales\n|move|p1a: Tsareena|U-turn|p2a: Ninetales\n|-resisted|p2a: Ninetales\n|-damage|p2a: Ninetales|217/242\n|\n|t:|1781444928\n|switch|p1a: Cinccino|Cinccino, L83, F|260/260|[from] U-turn\n|\n|-weather|Snowscape|[upkeep]\n|upkeep\n|turn|20\n|\n|t:|1781444933\n|move|p1a: Cinccino|Tidy Up|p1a: Cinccino\n|-boost|p1a: Cinccino|atk|1\n|-boost|p1a: Cinccino|spe|1\n|move|p2a: Ninetales|Blizzard|p1a: Cinccino\n|-damage|p1a: Cinccino|148/260\n|\n|-weather|Snowscape|[upkeep]\n|upkeep\n|turn|21\n|\n|t:|1781444941\n|-terastallize|p1a: Cinccino|Grass\n|-terastallize|p2a: Ninetales|Steel\n|move|p1a: Cinccino|Bullet Seed|p2a: Ninetales\n|-resisted|p2a: Ninetales\n|-damage|p2a: Ninetales|184/242\n|-resisted|p2a: Ninetales\n|-damage|p2a: Ninetales|148/242\n|-resisted|p2a: Ninetales\n|-damage|p2a: Ninetales|113/242\n|-resisted|p2a: Ninetales\n|-damage|p2a: Ninetales|78/242\n|-hitcount|p2a: Ninetales|4\n|move|p2a: Ninetales|Blizzard|p1a: Cinccino\n|-supereffective|p1a: Cinccino\n|-damage|p1a: Cinccino|0 fnt\n|faint|p1a: Cinccino\n|\n|-weather|Snowscape|[upkeep]\n|upkeep\n|\n|t:|1781444957\n|switch|p1a: Tsareena|Tsareena, L87, F|251/267 tox\n|turn|22\n|\n|t:|1781444962\n|move|p1a: Tsareena|Power Whip|p2a: Ninetales\n|-resisted|p2a: Ninetales\n|-damage|p2a: Ninetales|0 fnt\n|faint|p2a: Ninetales\n|\n|-weather|Snowscape|[upkeep]\n|-damage|p1a: Tsareena|235/267 tox|[from] psn\n|upkeep\n|\n|t:|1781444966\n|switch|p2a: Magnezone|Magnezone, L85|111/258\n|turn|23\n|\n|t:|1781444986\n|move|p1a: Tsareena|Power Whip|p2a: Magnezone\n|-resisted|p2a: Magnezone\n|-crit|p2a: Magnezone\n|-damage|p2a: Magnezone|22/258\n|move|p2a: Magnezone|Flash Cannon|p1a: Tsareena\n|-damage|p1a: Tsareena|138/267 tox\n|-unboost|p1a: Tsareena|spd|1\n|\n|-weather|none\n|-damage|p1a: Tsareena|106/267 tox|[from] psn\n|upkeep\n|turn|24\n|\n|t:|1781444999\n|move|p1a: Tsareena|Power Whip|p2a: Magnezone\n|-resisted|p2a: Magnezone\n|-damage|p2a: Magnezone|0 fnt\n|faint|p2a: Magnezone\n|\n|-damage|p1a: Tsareena|58/267 tox|[from] psn\n|upkeep\n|\n|t:|1781445000\n|switch|p2a: Barraskewda|Barraskewda, L81, F|126/231\n|turn|25\n|\n|t:|1781445003\n|move|p2a: Barraskewda|Close Combat|p1a: Tsareena\n|-damage|p1a: Tsareena|0 fnt\n|-unboost|p2a: Barraskewda|def|1\n|-unboost|p2a: Barraskewda|spd|1\n|faint|p1a: Tsareena\n|\n|upkeep\n|\n|t:|1781445004\n|switch|p1a: Goodra|Goodra, L85, F|271/292\n|turn|26\n|\n|t:|1781445011\n|move|p2a: Barraskewda|Close Combat|p1a: Goodra\n|-damage|p1a: Goodra|90/292\n|-unboost|p2a: Barraskewda|def|1\n|-unboost|p2a: Barraskewda|spd|1\n|move|p1a: Goodra|Draco Meteor|p2a: Barraskewda|[miss]\n|-miss|p1a: Goodra|p2a: Barraskewda\n|\n|upkeep\n|turn|27\n|-message|trenchwarrior forfeited.\n|\n|win|holy s m i t e\n", "inputlog": ">version a8376a258c1d4662feba110a92103f3664a72141\n>start {\"formatid\":\"gen9randombattle\",\"seed\":\"sodium,5d60e6f2fd5bbf86edf314beb2d6e737\",\"rated\":\"Rated battle\"}\n>player p1 {\"name\":\"trenchwarrior\",\"avatar\":\"byron\",\"rating\":2344,\"seed\":\"sodium,6ce5033bbd699456473e8f11b7a35029\"}\n>player p2 {\"name\":\"holy s m i t e\",\"avatar\":\"101\",\"rating\":2347,\"seed\":\"sodium,6b8a496cc27738d85b1a7f53521e4614\"}\n>p1 move knockoff\n>p2 move protect\n>p1 move knockoff\n>p2 move toxic\n>p1 switch 5\n>p2 move protect\n>p1 move meteormash\n>p2 move focusblast\n>p2 switch 5\n>p1 move extremespeed\n>p2 move closecombat\n>p1 switch 4\n>p1 move psyshock\n>p2 switch 2\n>p1 move nastyplot\n>p2 move knockoff\n>p1 move psyshock\n>p2 move bodyslam\n>p1 move psyshock\n>p2 move protect\n>p1 move psyshock\n>p2 move bodyslam\n>p1 move psyshock\n>p2 move protect\n>p1 move psyshock\n>p2 move knockoff\n>p1 switch 2\n>p1 move tailslap\n>p2 move bodyslam\n>p2 switch 6\n>p1 switch 6\n>p2 move voltswitch\n>p2 switch 3\n>p1 switch 3\n>p2 move moonblast\n>p1 move steameruption\n>p2 switch 3\n>p1 move flamethrower\n>p2 move voltswitch\n>p2 switch 2\n>p1 move sludgebomb\n>p2 move closecombat\n>p1 switch 5\n>p1 move uturn\n>p2 switch 4\n>p1 switch 6\n>p1 move tidyup\n>p2 move blizzard\n>p1 move bulletseed terastallize\n>p2 move blizzard terastallize\n>p1 switch 6\n>p1 move powerwhip\n>p2 move blizzard\n>p2 switch 2\n>p1 move powerwhip\n>p2 move flashcannon\n>p1 move powerwhip\n>p2 move flashcannon\n>p2 switch 4\n>p1 move powerwhip\n>p2 move closecombat\n>p1 switch 3\n>p1 move dracometeor\n>p2 move closecombat\n>forcelose p1", "uploadtime": 1781444735, "views": 6, "formatid": "gen9randombattle", "rating": null, "private": 0, "password": null}