{"id": "gen9randombattle-2631705641", "format": "[Gen 9] Random Battle", "players": ["joa_27", "Elysia_773"], "log": "|j|\u2606joa_27\n|j|\u2606Elysia_773\n|t:|1781425449\n|gametype|singles\n|player|p1|joa_27|harlequin|1903\n|player|p2|Elysia_773|miku-flying|2065\n|gen|9\n|tier|[Gen 9] Random Battle\n|rated|\n|rule|Species Clause: Limit one of each Pok\u00e9mon\n|rule|HP Percentage Mod: HP is shown in percentages\n|rule|Sleep Clause Mod: Limit one foe put to sleep\n|rule|Illusion Level Mod: Illusion disguises the Pok\u00e9mon's true level\n|\n|t:|1781425449\n|teamsize|p1|6\n|teamsize|p2|6\n|start\n|switch|p1a: Okidogi|Okidogi, L77, M|262/262\n|switch|p2a: Jumpluff|Jumpluff, L87, M|271/271\n|turn|1\n|inactive|Battle timer is ON: inactive players will automatically lose when time's up. (requested by Elysia_773)\n|\n|t:|1781425463\n|move|p2a: Jumpluff|Substitute|p2a: Jumpluff\n|-start|p2a: Jumpluff|Substitute\n|-damage|p2a: Jumpluff|204/271\n|move|p1a: Okidogi|Gunk Shot|p2a: Jumpluff\n|-supereffective|p2a: Jumpluff\n|-end|p2a: Jumpluff|Substitute\n|\n|upkeep\n|turn|2\n|\n|t:|1781425478\n|move|p2a: Jumpluff|Substitute|p2a: Jumpluff\n|-start|p2a: Jumpluff|Substitute\n|-damage|p2a: Jumpluff|137/271\n|move|p1a: Okidogi|Knock Off|p2a: Jumpluff\n|-activate|p2a: Jumpluff|move: Substitute|[damage]\n|\n|upkeep\n|turn|3\n|inactive|Elysia_773 has 120 seconds left.\n|\n|t:|1781425518\n|switch|p1a: Granbull|Granbull, L88, M|302/302\n|-ability|p1a: Granbull|Intimidate|boost\n|-immune|p2a: Jumpluff\n|move|p2a: Jumpluff|Leech Seed|p1a: Granbull\n|-start|p1a: Granbull|move: Leech Seed\n|\n|-damage|p1a: Granbull|265/302|[from] Leech Seed|[of] p2a: Jumpluff\n|-heal|p2a: Jumpluff|174/271|[silent]\n|upkeep\n|turn|4\n|inactive|Elysia_773 has 120 seconds left.\n|\n|t:|1781425527\n|move|p2a: Jumpluff|Acrobatics|p1a: Granbull\n|-damage|p1a: Granbull|174/302\n|move|p1a: Granbull|Roar|p2a: Jumpluff\n|drag|p2a: Raichu|Raichu-Alola, L87, M|246/246\n|\n|-heal|p1a: Granbull|192/302|[from] item: Leftovers\n|-damage|p1a: Granbull|155/302|[from] Leech Seed|[of] p2a: Raichu\n|upkeep\n|turn|5\n|\n|t:|1781425533\n|switch|p1a: Plusle|Plusle, L95, M|268/268\n|move|p2a: Raichu|Thunderbolt|p1a: Plusle\n|-ability|p1a: Plusle|Lightning Rod|boost\n|-boost|p1a: Plusle|spa|1\n|\n|upkeep\n|turn|6\n|\n|t:|1781425538\n|move|p2a: Raichu|Nasty Plot|p2a: Raichu\n|-boost|p2a: Raichu|spa|2\n|move|p1a: Plusle|Alluring Voice|p2a: Raichu\n|-damage|p2a: Raichu|116/246\n|-start|p2a: Raichu|confusion\n|-damage|p1a: Plusle|242/268|[from] item: Life Orb\n|\n|upkeep\n|turn|7\n|\n|t:|1781425542\n|-activate|p2a: Raichu|confusion\n|move|p2a: Raichu|Psyshock|p1a: Plusle\n|-damage|p1a: Plusle|0 fnt\n|faint|p1a: Plusle\n|-damage|p2a: Raichu|92/246|[from] item: Life Orb\n|\n|upkeep\n|\n|t:|1781425553\n|switch|p1a: Bombirdier|Bombirdier, L85, M|258/258\n|turn|8\n|\n|t:|1781425559\n|move|p1a: Bombirdier|Sucker Punch|p2a: Raichu\n|-supereffective|p2a: Raichu\n|-damage|p2a: Raichu|0 fnt\n|faint|p2a: Raichu\n|\n|upkeep\n|\n|t:|1781425566\n|switch|p2a: Greedent|Greedent, L86, M|347/347\n|turn|9\n|\n|t:|1781425575\n|move|p1a: Bombirdier|Knock Off|p2a: Greedent\n|-damage|p2a: Greedent|247/347\n|-enditem|p2a: Greedent|Sitrus Berry|[from] move: Knock Off|[of] p1a: Bombirdier\n|move|p2a: Greedent|Knock Off|p1a: Bombirdier\n|-resisted|p1a: Bombirdier\n|-crit|p1a: Bombirdier\n|-damage|p1a: Bombirdier|202/258\n|-enditem|p1a: Bombirdier|Heavy-Duty Boots|[from] move: Knock Off|[of] p2a: Greedent\n|\n|upkeep\n|turn|10\n|\n|t:|1781425582\n|move|p1a: Bombirdier|Brave Bird|p2a: Greedent\n|-damage|p2a: Greedent|109/347\n|-damage|p1a: Bombirdier|156/258|[from] Recoil\n|move|p2a: Greedent|Double-Edge|p1a: Bombirdier\n|-damage|p1a: Bombirdier|18/258\n|-damage|p2a: Greedent|63/347|[from] Recoil\n|\n|upkeep\n|turn|11\n|\n|t:|1781425590\n|move|p1a: Bombirdier|Brave Bird|p2a: Greedent\n|-damage|p2a: Greedent|0 fnt\n|faint|p2a: Greedent\n|-damage|p1a: Bombirdier|0 fnt|[from] Recoil\n|faint|p1a: Bombirdier\n|\n|upkeep\n|\n|t:|1781425598\n|switch|p1a: Granbull|Granbull, L88, M|155/302\n|switch|p2a: Palossand|Palossand, L89, M|296/296\n|-ability|p1a: Granbull|Intimidate|boost\n|-unboost|p2a: Palossand|atk|1\n|turn|12\n|\n|t:|1781425612\n|move|p2a: Palossand|Sludge Bomb|p1a: Granbull\n|-supereffective|p1a: Granbull\n|-damage|p1a: Granbull|0 fnt\n|faint|p1a: Granbull\n|\n|upkeep\n|\n|t:|1781425619\n|switch|p1a: Inteleon|Inteleon, L81, M|246/246\n|turn|13\n|\n|t:|1781425624\n|switch|p2a: Wugtrio|Wugtrio, L91, M|212/212\n|move|p1a: Inteleon|U-turn|p2a: Wugtrio\n|-damage|p2a: Wugtrio|154/212\n|-ability|p2a: Wugtrio|Gooey\n|-unboost|p1a: Inteleon|spe|1\n|\n|t:|1781425633\n|switch|p1a: Okidogi|Okidogi, L77, M|262/262|[from] U-turn\n|\n|upkeep\n|turn|14\n|\n|t:|1781425641\n|move|p2a: Wugtrio|Liquidation|p1a: Okidogi\n|-damage|p1a: Okidogi|112/262\n|move|p1a: Okidogi|Gunk Shot|p2a: Wugtrio\n|-damage|p2a: Wugtrio|0 fnt\n|faint|p2a: Wugtrio\n|\n|-heal|p1a: Okidogi|128/262|[from] item: Leftovers\n|upkeep\n|\n|t:|1781425646\n|switch|p2a: Honchkrow|Honchkrow, L86, M|312/312\n|turn|15\n|\n|t:|1781425675\n|-terastallize|p1a: Okidogi|Dark\n|move|p2a: Honchkrow|Brave Bird|p1a: Okidogi\n|-damage|p1a: Okidogi|0 fnt\n|faint|p1a: Okidogi\n|-ability|p2a: Honchkrow|Moxie|boost\n|-boost|p2a: Honchkrow|atk|1\n|-damage|p2a: Honchkrow|270/312|[from] Recoil\n|\n|upkeep\n|inactive|joa_27 has 120 seconds left.\n|\n|t:|1781425687\n|switch|p1a: Inteleon|Inteleon, L81, M|246/246\n|turn|16\n|\n|t:|1781425693\n|move|p2a: Honchkrow|Sucker Punch|p1a: Inteleon\n|-damage|p1a: Inteleon|62/246\n|move|p1a: Inteleon|Hydro Pump|p2a: Honchkrow\n|-damage|p2a: Honchkrow|0 fnt\n|faint|p2a: Honchkrow\n|\n|upkeep\n|\n|t:|1781425696\n|switch|p2a: Jumpluff|Jumpluff, L87, M|174/271\n|turn|17\n|\n|t:|1781425701\n|move|p2a: Jumpluff|Acrobatics|p1a: Inteleon\n|-damage|p1a: Inteleon|0 fnt\n|faint|p1a: Inteleon\n|\n|upkeep\n|\n|t:|1781425705\n|switch|p1a: Gardevoir|Gardevoir, L83, M|249/249\n|-ability|p1a: Gardevoir|Infiltrator|Trace|[from] ability: Trace|[of] p2a: Jumpluff\n|turn|18\n|\n|t:|1781425719\n|move|p1a: Gardevoir|Mystical Fire|p2a: Jumpluff\n|-supereffective|p2a: Jumpluff\n|-damage|p2a: Jumpluff|64/271\n|-unboost|p2a: Jumpluff|spa|1\n|move|p2a: Jumpluff|Acrobatics|p1a: Gardevoir\n|-damage|p1a: Gardevoir|146/249\n|\n|upkeep\n|turn|19\n|\n|t:|1781425727\n|move|p1a: Gardevoir|Mystical Fire|p2a: Jumpluff\n|-supereffective|p2a: Jumpluff\n|-damage|p2a: Jumpluff|0 fnt\n|faint|p2a: Jumpluff\n|\n|upkeep\n|\n|t:|1781425728\n|switch|p2a: Palossand|Palossand, L89, M|296/296\n|turn|20\n|\n|t:|1781425734\n|move|p1a: Gardevoir|Mystical Fire|p2a: Palossand\n|-damage|p2a: Palossand|223/296\n|-unboost|p2a: Palossand|spa|1\n|move|p2a: Palossand|Shadow Ball|p1a: Gardevoir\n|-supereffective|p1a: Gardevoir\n|-damage|p1a: Gardevoir|42/249\n|\n|-heal|p2a: Palossand|241/296|[from] item: Leftovers\n|upkeep\n|turn|21\n|\n|t:|1781425737\n|move|p1a: Gardevoir|Mystical Fire|p2a: Palossand\n|-damage|p2a: Palossand|167/296\n|-unboost|p2a: Palossand|spa|1\n|move|p2a: Palossand|Shadow Ball|p1a: Gardevoir\n|-supereffective|p1a: Gardevoir\n|-damage|p1a: Gardevoir|0 fnt\n|faint|p1a: Gardevoir\n|\n|win|Elysia_773\n", "uploadtime": 1781425451, "views": 4, "formatid": "gen9randombattle", "rating": null, "private": 0, "password": null}