{"id": "gen9randombattle-2632001665", "format": "[Gen 9] Random Battle", "players": ["Knayrus", "manwhocouldntcook"], "log": "|j|\u2606Knayrus\n|j|\u2606manwhocouldntcook\n|t:|1781464669\n|gametype|singles\n|player|p1|Knayrus|drayden|2143\n|player|p2|manwhocouldntcook|valerie|2137\n|gen|9\n|tier|[Gen 9] Random Battle\n|rated|\n|rule|Species Clause: Limit one of each Pok\u00e9mon\n|rule|HP Percentage Mod: HP is shown in percentages\n|rule|Sleep Clause Mod: Limit one foe put to sleep\n|rule|Illusion Level Mod: Illusion disguises the Pok\u00e9mon's true level\n|\n|t:|1781464669\n|teamsize|p1|6\n|teamsize|p2|6\n|start\n|switch|p1a: Noivern|Noivern, L82, F|274/274\n|switch|p2a: Spectrier|Spectrier, L75|274/274\n|turn|1\n|\n|t:|1781464680\n|move|p1a: Noivern|Draco Meteor|p2a: Spectrier\n|-damage|p2a: Spectrier|40/274\n|-unboost|p1a: Noivern|spa|2\n|move|p2a: Spectrier|Shadow Ball|p1a: Noivern\n|-damage|p1a: Noivern|169/274\n|\n|-heal|p2a: Spectrier|57/274|[from] item: Leftovers\n|upkeep\n|turn|2\n|\n|t:|1781464700\n|switch|p2a: Perrserker|Perrserker, L89, M|269/269\n|move|p1a: Noivern|Draco Meteor|p2a: Perrserker\n|-resisted|p2a: Perrserker\n|-damage|p2a: Perrserker|205/269\n|-unboost|p1a: Noivern|spa|2\n|\n|upkeep\n|turn|3\n|inactive|Battle timer is ON: inactive players will automatically lose when time's up. (requested by Knayrus)\n|\n|t:|1781464722\n|switch|p1a: Rampardos|Rampardos, L90, M|321/321\n|move|p2a: Perrserker|Stealth Rock|p1a: Rampardos\n|-sidestart|p1: Knayrus|move: Stealth Rock\n|\n|upkeep\n|turn|4\n|\n|t:|1781464731\n|move|p1a: Rampardos|Fire Punch|p2a: Perrserker\n|-supereffective|p2a: Perrserker\n|-damage|p2a: Perrserker|0 fnt\n|faint|p2a: Perrserker\n|\n|upkeep\n|\n|t:|1781464735\n|switch|p2a: Floatzel|Floatzel, L86, F|286/286\n|turn|5\n|\n|t:|1781464742\n|move|p2a: Floatzel|Bulk Up|p2a: Floatzel\n|-boost|p2a: Floatzel|atk|1\n|-boost|p2a: Floatzel|def|1\n|move|p1a: Rampardos|Rock Slide|p2a: Floatzel\n|-damage|p2a: Floatzel|64/286\n|\n|-heal|p2a: Floatzel|81/286|[from] item: Leftovers\n|upkeep\n|turn|6\n|\n|t:|1781464749\n|switch|p1a: Noivern|Noivern, L82, F|169/274\n|-damage|p1a: Noivern|101/274|[from] Stealth Rock\n|move|p2a: Floatzel|Wave Crash|p1a: Noivern\n|-resisted|p1a: Noivern\n|-damage|p1a: Noivern|0 fnt\n|faint|p1a: Noivern\n|-damage|p2a: Floatzel|48/286|[from] Recoil\n|\n|-heal|p2a: Floatzel|65/286|[from] item: Leftovers\n|upkeep\n|\n|t:|1781464758\n|switch|p1a: Sinistcha|Sinistcha, L83|254/254\n|-damage|p1a: Sinistcha|223/254|[from] Stealth Rock\n|turn|7\n|\n|t:|1781464784\n|move|p2a: Floatzel|Ice Spinner|p1a: Sinistcha\n|-supereffective|p1a: Sinistcha\n|-damage|p1a: Sinistcha|65/254\n|move|p1a: Sinistcha|Matcha Gotcha|p2a: Floatzel\n|-supereffective|p2a: Floatzel\n|-damage|p2a: Floatzel|0 fnt\n|-heal|p1a: Sinistcha|98/254|[from] drain|[of] p2a: Floatzel\n|faint|p2a: Floatzel\n|\n|-heal|p1a: Sinistcha|113/254|[from] item: Leftovers\n|upkeep\n|\n|t:|1781464787\n|switch|p2a: Spectrier|Spectrier, L75|57/274\n|turn|8\n|\n|t:|1781464792\n|switch|p1a: Umbreon|Umbreon, L84, M|297/297\n|-damage|p1a: Umbreon|260/297|[from] Stealth Rock\n|move|p2a: Spectrier|Shadow Ball|p1a: Umbreon\n|-resisted|p1a: Umbreon\n|-damage|p1a: Umbreon|227/297\n|\n|-heal|p2a: Spectrier|74/274|[from] item: Leftovers\n|-heal|p1a: Umbreon|245/297|[from] item: Leftovers\n|upkeep\n|turn|9\n|\n|t:|1781464803\n|switch|p2a: Mightyena|Mightyena, L96, F|290/290\n|-ability|p2a: Mightyena|Intimidate|boost\n|-unboost|p1a: Umbreon|atk|1\n|move|p1a: Umbreon|Foul Play|p2a: Mightyena\n|-resisted|p2a: Mightyena\n|-damage|p2a: Mightyena|236/290\n|\n|-heal|p1a: Umbreon|263/297|[from] item: Leftovers\n|upkeep\n|turn|10\n|\n|t:|1781464810\n|move|p1a: Umbreon|Protect|p1a: Umbreon\n|-singleturn|p1a: Umbreon|Protect\n|move|p2a: Mightyena|Poison Fang|p1a: Umbreon\n|-activate|p1a: Umbreon|move: Protect\n|\n|-heal|p1a: Umbreon|281/297|[from] item: Leftovers\n|upkeep\n|turn|11\n|\n|t:|1781464815\n|switch|p2a: Iron Thorns|Iron Thorns, L83|302/302\n|-enditem|p2a: Iron Thorns|Booster Energy\n|-activate|p2a: Iron Thorns|ability: Quark Drive|[fromitem]\n|-start|p2a: Iron Thorns|quarkdriveatk\n|switch|p1a: Fezandipiti|Fezandipiti, L82, M|278/278\n|-damage|p1a: Fezandipiti|244/278|[from] Stealth Rock\n|\n|-heal|p1a: Fezandipiti|261/278|[from] item: Leftovers\n|upkeep\n|turn|12\n|\n|t:|1781464825\n|move|p1a: Fezandipiti|U-turn|p2a: Iron Thorns\n|-damage|p2a: Iron Thorns|263/302\n|\n|t:|1781464828\n|switch|p1a: Sunflora|Sunflora, M|312/312|[from] U-turn\n|-damage|p1a: Sunflora|273/312|[from] Stealth Rock\n|move|p2a: Iron Thorns|Dragon Dance|p2a: Iron Thorns\n|-boost|p2a: Iron Thorns|atk|1\n|-boost|p2a: Iron Thorns|spe|1\n|\n|upkeep\n|turn|13\n|\n|t:|1781464836\n|move|p2a: Iron Thorns|Stone Edge|p1a: Sunflora\n|-damage|p1a: Sunflora|0 fnt\n|faint|p1a: Sunflora\n|\n|upkeep\n|\n|t:|1781464840\n|switch|p1a: Umbreon|Umbreon, L84, M|281/297\n|-damage|p1a: Umbreon|244/297|[from] Stealth Rock\n|turn|14\n|\n|t:|1781464849\n|move|p2a: Iron Thorns|Wild Charge|p1a: Umbreon\n|-damage|p1a: Umbreon|51/297\n|-damage|p2a: Iron Thorns|215/302|[from] Recoil\n|move|p1a: Umbreon|Foul Play|p2a: Iron Thorns\n|-damage|p2a: Iron Thorns|55/302\n|\n|-heal|p1a: Umbreon|69/297|[from] item: Leftovers\n|upkeep\n|turn|15\n|\n|t:|1781464861\n|move|p2a: Iron Thorns|Wild Charge|p1a: Umbreon\n|-damage|p1a: Umbreon|0 fnt\n|faint|p1a: Umbreon\n|-damage|p2a: Iron Thorns|38/302|[from] Recoil\n|\n|upkeep\n|\n|t:|1781464874\n|switch|p1a: Fezandipiti|Fezandipiti, L82, M|261/278\n|-damage|p1a: Fezandipiti|227/278|[from] Stealth Rock\n|turn|16\n|\n|t:|1781464889\n|move|p2a: Iron Thorns|Wild Charge|p1a: Fezandipiti\n|-damage|p1a: Fezandipiti|0 fnt\n|faint|p1a: Fezandipiti\n|-damage|p2a: Iron Thorns|0 fnt|[from] Recoil\n|faint|p2a: Iron Thorns\n|-end|p2a: Iron Thorns|Quark Drive|[silent]\n|\n|upkeep\n|\n|t:|1781464905\n|switch|p1a: Rampardos|Rampardos, L90, M|321/321\n|switch|p2a: Spectrier|Spectrier, L75|74/274\n|-damage|p1a: Rampardos|281/321|[from] Stealth Rock\n|turn|17\n|\n|t:|1781464913\n|-terastallize|p1a: Rampardos|Fire\n|move|p2a: Spectrier|Shadow Ball|p1a: Rampardos\n|-damage|p1a: Rampardos|139/321\n|-unboost|p1a: Rampardos|spd|1\n|move|p1a: Rampardos|Fire Punch|p2a: Spectrier\n|-damage|p2a: Spectrier|0 fnt\n|faint|p2a: Spectrier\n|\n|upkeep\n|\n|t:|1781464916\n|switch|p2a: Skeledirge|Skeledirge, L79, M|294/294\n|turn|18\n|\n|t:|1781464933\n|-terastallize|p2a: Skeledirge|Fairy\n|move|p1a: Rampardos|Earthquake|p2a: Skeledirge\n|-damage|p2a: Skeledirge|138/294\n|-damage|p1a: Rampardos|107/321|[from] item: Life Orb\n|move|p2a: Skeledirge|Hex|p1a: Rampardos\n|-damage|p1a: Rampardos|11/321\n|\n|upkeep\n|turn|19\n|\n|t:|1781464959\n|move|p1a: Rampardos|Zen Headbutt|p2a: Skeledirge\n|-damage|p2a: Skeledirge|0 fnt\n|faint|p2a: Skeledirge\n|\n|upkeep\n|\n|t:|1781464961\n|switch|p2a: Mightyena|Mightyena, L96, F|236/290\n|-ability|p2a: Mightyena|Intimidate|boost\n|-unboost|p1a: Rampardos|atk|1\n|turn|20\n|-message|Knayrus forfeited.\n|\n|win|manwhocouldntcook\n", "inputlog": ">version a8376a258c1d4662feba110a92103f3664a72141\n>start {\"formatid\":\"gen9randombattle\",\"seed\":\"sodium,72c6259099e87d595e0b4d782e9de960\",\"rated\":\"Rated battle\"}\n>player p1 {\"name\":\"Knayrus\",\"avatar\":\"drayden\",\"rating\":2143,\"seed\":\"sodium,7eb51c2b099ba7e4398b5f30ba8ad74b\"}\n>player p2 {\"name\":\"manwhocouldntcook\",\"avatar\":\"valerie\",\"rating\":2137,\"seed\":\"sodium,63ba1551c37c16619062752fd569f87b\"}\n>p1 move dracometeor\n>p2 move shadowball\n>p1 move dracometeor\n>p2 switch 4\n>p1 switch 3\n>p2 move stealthrock\n>p1 move firepunch\n>p2 move ironhead\n>p2 switch 6\n>p1 move rockslide\n>p2 move bulkup\n>p1 switch 3\n>p2 move wavecrash\n>p1 switch 4\n>p1 move matchagotcha\n>p2 move icespinner\n>p2 switch 4\n>p1 switch 2\n>p2 move shadowball\n>p1 move foulplay\n>p2 switch 5\n>p1 move protect\n>p2 move poisonfang\n>p1 switch 6\n>p2 switch 2\n>p1 move uturn\n>p2 move dragondance\n>p1 switch 5\n>p1 move earthpower\n>p2 move stoneedge\n>p1 switch 6\n>p1 move foulplay\n>p2 move wildcharge\n>p1 move foulplay\n>p2 move wildcharge\n>p1 switch 5\n>p1 move moonblast\n>p2 move wildcharge\n>p1 switch 3\n>p2 switch 5\n>p1 move firepunch terastallize\n>p2 move shadowball\n>p2 switch 3\n>p1 move earthquake\n>p2 move hex terastallize\n>p1 move zenheadbutt\n>p2 move torchsong\n>p2 switch 2\n>forcelose p1", "uploadtime": 1781464671, "views": 7, "formatid": "gen9randombattle", "rating": null, "private": 0, "password": null}