{"id": "gen9randombattle-2631870151", "format": "[Gen 9] Random Battle", "players": ["YveltalNL", "Breachingtrout"], "log": "|j|\u2606YveltalNL\n|j|\u2606Breachingtrout\n|t:|1781450261\n|gametype|singles\n|player|p1|YveltalNL|#yveltalnl|2121\n|player|p2|Breachingtrout|1|2277\n|gen|9\n|tier|[Gen 9] Random Battle\n|rated|\n|rule|Species Clause: Limit one of each Pok\u00e9mon\n|rule|HP Percentage Mod: HP is shown in percentages\n|rule|Sleep Clause Mod: Limit one foe put to sleep\n|rule|Illusion Level Mod: Illusion disguises the Pok\u00e9mon's true level\n|\n|t:|1781450261\n|teamsize|p1|6\n|teamsize|p2|6\n|start\n|switch|p1a: Donphan|Donphan, L84, M|288/288\n|switch|p2a: Okidogi|Okidogi, L77, M|262/262\n|turn|1\n|\n|t:|1781450274\n|switch|p2a: Sinistcha|Sinistcha-Masterpiece, L83|254/254\n|move|p1a: Donphan|Stealth Rock|p2a: Sinistcha\n|-sidestart|p2: Breachingtrout|move: Stealth Rock\n|\n|upkeep\n|turn|2\n|\n|t:|1781450281\n|switch|p1a: Cacturne|Cacturne, L92, F|278/278\n|move|p2a: Sinistcha|Shadow Ball|p1a: Cacturne\n|-resisted|p1a: Cacturne\n|-damage|p1a: Cacturne|219/278\n|\n|upkeep\n|turn|3\n|\n|t:|1781450290\n|switch|p2a: Okidogi|Okidogi, L77, M|262/262\n|-damage|p2a: Okidogi|246/262|[from] Stealth Rock\n|move|p1a: Cacturne|Knock Off|p2a: Okidogi\n|-resisted|p2a: Okidogi\n|-damage|p2a: Okidogi|165/262\n|-enditem|p2a: Okidogi|Assault Vest|[from] move: Knock Off|[of] p1a: Cacturne\n|-damage|p1a: Cacturne|192/278|[from] item: Life Orb\n|\n|upkeep\n|turn|4\n|\n|t:|1781450297\n|switch|p1a: Donphan|Donphan, L84, M|288/288\n|move|p2a: Okidogi|Knock Off|p1a: Donphan\n|-damage|p1a: Donphan|233/288\n|-enditem|p1a: Donphan|Leftovers|[from] move: Knock Off|[of] p2a: Okidogi\n|\n|upkeep\n|turn|5\n|\n|t:|1781450303\n|move|p2a: Okidogi|Drain Punch|p1a: Donphan\n|-damage|p1a: Donphan|163/288\n|-heal|p2a: Okidogi|200/262|[from] drain|[of] p1a: Donphan\n|move|p1a: Donphan|Ice Spinner|p2a: Okidogi\n|-damage|p2a: Okidogi|139/262\n|\n|upkeep\n|turn|6\n|\n|t:|1781450308\n|switch|p2a: Sinistcha|Sinistcha-Masterpiece, L83|254/254\n|-damage|p2a: Sinistcha|223/254|[from] Stealth Rock\n|move|p1a: Donphan|Ice Spinner|p2a: Sinistcha\n|-supereffective|p2a: Sinistcha\n|-damage|p2a: Sinistcha|107/254\n|\n|-heal|p2a: Sinistcha|122/254|[from] item: Leftovers\n|upkeep\n|turn|7\n|\n|t:|1781450312\n|move|p2a: Sinistcha|Matcha Gotcha|p1a: Donphan|[miss]\n|-miss|p2a: Sinistcha|p1a: Donphan\n|move|p1a: Donphan|Ice Spinner|p2a: Sinistcha\n|-supereffective|p2a: Sinistcha\n|-damage|p2a: Sinistcha|6/254\n|\n|-heal|p2a: Sinistcha|21/254|[from] item: Leftovers\n|upkeep\n|turn|8\n|\n|t:|1781450316\n|switch|p1a: Cacturne|Cacturne, L92, F|192/278\n|move|p2a: Sinistcha|Strength Sap|p1a: Cacturne\n|-unboost|p1a: Cacturne|atk|1\n|-heal|p2a: Sinistcha|254/254\n|\n|upkeep\n|turn|9\n|\n|t:|1781450322\n|switch|p2a: Okidogi|Okidogi, L77, M|139/262\n|-damage|p2a: Okidogi|123/262|[from] Stealth Rock\n|move|p1a: Cacturne|Knock Off|p2a: Okidogi\n|-resisted|p2a: Okidogi\n|-damage|p2a: Okidogi|84/262\n|-damage|p1a: Cacturne|165/278|[from] item: Life Orb\n|\n|upkeep\n|turn|10\n|\n|t:|1781450325\n|switch|p1a: Donphan|Donphan, L84, M|163/288\n|move|p2a: Okidogi|Drain Punch|p1a: Donphan\n|-damage|p1a: Donphan|99/288\n|-heal|p2a: Okidogi|116/262|[from] drain|[of] p1a: Donphan\n|\n|upkeep\n|turn|11\n|\n|t:|1781450328\n|switch|p2a: Sinistcha|Sinistcha-Masterpiece, L83|254/254\n|-damage|p2a: Sinistcha|223/254|[from] Stealth Rock\n|move|p1a: Donphan|Earthquake|p2a: Sinistcha\n|-resisted|p2a: Sinistcha\n|-damage|p2a: Sinistcha|172/254\n|\n|-heal|p2a: Sinistcha|187/254|[from] item: Leftovers\n|upkeep\n|turn|12\n|\n|t:|1781450337\n|switch|p1a: Blaziken|Blaziken, L76, F|247/247\n|move|p2a: Sinistcha|Matcha Gotcha|p1a: Blaziken\n|-resisted|p1a: Blaziken\n|-damage|p1a: Blaziken|181/247\n|-heal|p2a: Sinistcha|220/254|[from] drain|[of] p1a: Blaziken\n|\n|-heal|p2a: Sinistcha|235/254|[from] item: Leftovers\n|upkeep\n|turn|13\n|\n|t:|1781450347\n|move|p1a: Blaziken|Swords Dance|p1a: Blaziken\n|-boost|p1a: Blaziken|atk|2\n|move|p2a: Sinistcha|Shadow Ball|p1a: Blaziken\n|-damage|p1a: Blaziken|43/247\n|\n|-heal|p2a: Sinistcha|250/254|[from] item: Leftovers\n|-ability|p1a: Blaziken|Speed Boost|boost\n|-boost|p1a: Blaziken|spe|1\n|upkeep\n|turn|14\n|\n|t:|1781450371\n|switch|p2a: Okidogi|Okidogi, L77, M|116/262\n|-damage|p2a: Okidogi|100/262|[from] Stealth Rock\n|move|p1a: Blaziken|Knock Off|p2a: Okidogi\n|-resisted|p2a: Okidogi\n|-damage|p2a: Okidogi|48/262\n|-damage|p1a: Blaziken|19/247|[from] item: Life Orb\n|\n|-ability|p1a: Blaziken|Speed Boost|boost\n|-boost|p1a: Blaziken|spe|1\n|upkeep\n|turn|15\n|\n|t:|1781450376\n|move|p1a: Blaziken|Flare Blitz|p2a: Okidogi\n|-damage|p2a: Okidogi|0 fnt\n|faint|p2a: Okidogi\n|-damage|p1a: Blaziken|3/247|[from] Recoil\n|-damage|p1a: Blaziken|0 fnt|[from] item: Life Orb\n|faint|p1a: Blaziken\n|\n|upkeep\n|\n|t:|1781450386\n|switch|p2a: Florges|Florges, L85, F|271/271\n|switch|p1a: Emboar|Emboar, L84, F|322/322\n|-damage|p2a: Florges|238/271|[from] Stealth Rock\n|turn|16\n|\n|t:|1781450395\n|move|p2a: Florges|Moonblast|p1a: Emboar\n|-damage|p1a: Emboar|172/322\n|move|p1a: Emboar|Flare Blitz|p2a: Florges\n|-damage|p2a: Florges|0 fnt\n|faint|p2a: Florges\n|-damage|p1a: Emboar|93/322|[from] Recoil\n|\n|upkeep\n|\n|t:|1781450405\n|switch|p2a: Sinistcha|Sinistcha-Masterpiece, L83|250/254\n|-damage|p2a: Sinistcha|219/254|[from] Stealth Rock\n|turn|17\n|\n|t:|1781450412\n|move|p2a: Sinistcha|Shadow Ball|p1a: Emboar\n|-damage|p1a: Emboar|0 fnt\n|faint|p1a: Emboar\n|\n|-heal|p2a: Sinistcha|234/254|[from] item: Leftovers\n|upkeep\n|\n|t:|1781450416\n|switch|p1a: Cacturne|Cacturne, L92, F|165/278\n|turn|18\n|\n|t:|1781450424\n|switch|p2a: Copperajah|Copperajah, L86, F|350/350\n|-damage|p2a: Copperajah|329/350|[from] Stealth Rock\n|move|p1a: Cacturne|Knock Off|p2a: Copperajah\n|-damage|p2a: Copperajah|130/350\n|-enditem|p2a: Copperajah|Life Orb|[from] move: Knock Off|[of] p1a: Cacturne\n|-damage|p1a: Cacturne|138/278|[from] item: Life Orb\n|\n|upkeep\n|turn|19\n|\n|t:|1781450431\n|move|p1a: Cacturne|Knock Off|p2a: Copperajah\n|-damage|p2a: Copperajah|0 fnt\n|faint|p2a: Copperajah\n|-damage|p1a: Cacturne|111/278|[from] item: Life Orb\n|\n|upkeep\n|\n|t:|1781450434\n|switch|p2a: Basculin|Basculin-Blue-Striped, L86, F|261/261\n|-damage|p2a: Basculin|229/261|[from] Stealth Rock\n|turn|20\n|\n|t:|1781450438\n|move|p1a: Cacturne|Sucker Punch|p2a: Basculin\n|-damage|p2a: Basculin|80/261\n|-damage|p1a: Cacturne|84/278|[from] item: Life Orb\n|move|p2a: Basculin|Double-Edge|p1a: Cacturne\n|-damage|p1a: Cacturne|0 fnt\n|faint|p1a: Cacturne\n|-damage|p2a: Basculin|52/261|[from] Recoil\n|\n|upkeep\n|\n|t:|1781450440\n|switch|p1a: Braviary|Braviary-Hisui, L85, M|326/326\n|turn|21\n|\n|t:|1781450445\n|switch|p2a: Chansey|Chansey, L85, F|564/564\n|-damage|p2a: Chansey|494/564|[from] Stealth Rock\n|move|p1a: Braviary|Esper Wing|p2a: Chansey\n|-damage|p2a: Chansey|434/564\n|-boost|p1a: Braviary|spe|1\n|\n|upkeep\n|turn|22\n|\n|t:|1781450449\n|switch|p1a: Donphan|Donphan, L84, M|99/288\n|move|p2a: Chansey|Seismic Toss|p1a: Donphan\n|-damage|p1a: Donphan|14/288\n|\n|upkeep\n|turn|23\n|\n|t:|1781450452\n|move|p2a: Chansey|Seismic Toss|p1a: Donphan\n|-damage|p1a: Donphan|0 fnt\n|faint|p1a: Donphan\n|\n|upkeep\n|\n|t:|1781450455\n|switch|p1a: Dudunsparce|Dudunsparce, L83, M|343/343\n|turn|24\n|\n|t:|1781450472\n|switch|p2a: Sinistcha|Sinistcha-Masterpiece, L83|234/254\n|-damage|p2a: Sinistcha|203/254|[from] Stealth Rock\n|move|p1a: Dudunsparce|Earthquake|p2a: Sinistcha\n|-resisted|p2a: Sinistcha\n|-damage|p2a: Sinistcha|171/254\n|\n|-heal|p2a: Sinistcha|186/254|[from] item: Leftovers\n|upkeep\n|turn|25\n|\n|t:|1781450476\n|move|p2a: Sinistcha|Calm Mind|p2a: Sinistcha\n|-boost|p2a: Sinistcha|spa|1\n|-boost|p2a: Sinistcha|spd|1\n|move|p1a: Dudunsparce|Toxic|p2a: Sinistcha\n|-status|p2a: Sinistcha|tox\n|\n|-heal|p2a: Sinistcha|201/254 tox|[from] item: Leftovers\n|-damage|p2a: Sinistcha|186/254 tox|[from] psn\n|upkeep\n|turn|26\n|\n|t:|1781450485\n|move|p2a: Sinistcha|Calm Mind|p2a: Sinistcha\n|-boost|p2a: Sinistcha|spa|1\n|-boost|p2a: Sinistcha|spd|1\n|move|p1a: Dudunsparce|Earthquake|p2a: Sinistcha\n|-resisted|p2a: Sinistcha\n|-damage|p2a: Sinistcha|153/254 tox\n|\n|-heal|p2a: Sinistcha|168/254 tox|[from] item: Leftovers\n|-damage|p2a: Sinistcha|138/254 tox|[from] psn\n|upkeep\n|turn|27\n|\n|t:|1781450489\n|move|p2a: Sinistcha|Matcha Gotcha|p1a: Dudunsparce\n|-damage|p1a: Dudunsparce|97/343\n|-heal|p2a: Sinistcha|254/254 tox|[from] drain|[of] p1a: Dudunsparce\n|move|p1a: Dudunsparce|Roost|p1a: Dudunsparce\n|-heal|p1a: Dudunsparce|269/343\n|-singleturn|p1a: Dudunsparce|move: Roost\n|\n|-heal|p1a: Dudunsparce|290/343|[from] item: Leftovers\n|-damage|p2a: Sinistcha|209/254 tox|[from] psn\n|upkeep\n|turn|28\n|\n|t:|1781450494\n|move|p2a: Sinistcha|Matcha Gotcha|p1a: Dudunsparce\n|-damage|p1a: Dudunsparce|58/343\n|-heal|p2a: Sinistcha|254/254 tox|[from] drain|[of] p1a: Dudunsparce\n|-status|p1a: Dudunsparce|brn\n|move|p1a: Dudunsparce|Roost|p1a: Dudunsparce\n|-heal|p1a: Dudunsparce|230/343 brn\n|-singleturn|p1a: Dudunsparce|move: Roost\n|\n|-heal|p1a: Dudunsparce|251/343 brn|[from] item: Leftovers\n|-damage|p2a: Sinistcha|194/254 tox|[from] psn\n|-damage|p1a: Dudunsparce|230/343 brn|[from] brn\n|upkeep\n|turn|29\n|\n|t:|1781450500\n|switch|p1a: Braviary|Braviary-Hisui, L85, M|326/326\n|move|p2a: Sinistcha|Matcha Gotcha|p1a: Braviary\n|-resisted|p1a: Braviary\n|-damage|p1a: Braviary|216/326\n|-heal|p2a: Sinistcha|249/254 tox|[from] drain|[of] p1a: Braviary\n|\n|-heal|p2a: Sinistcha|254/254 tox|[from] item: Leftovers\n|-damage|p2a: Sinistcha|179/254 tox|[from] psn\n|upkeep\n|turn|30\n|\n|t:|1781450509\n|-terastallize|p1a: Braviary|Fairy\n|move|p2a: Sinistcha|Shadow Ball|p1a: Braviary\n|-damage|p1a: Braviary|0 fnt\n|faint|p1a: Braviary\n|\n|-heal|p2a: Sinistcha|194/254 tox|[from] item: Leftovers\n|-damage|p2a: Sinistcha|104/254 tox|[from] psn\n|upkeep\n|c|\u2606YveltalNL|me when i just play bad\n|c|\u2606YveltalNL|fuck this\n|-message|YveltalNL forfeited.\n|\n|win|Breachingtrout\n", "inputlog": ">version a8376a258c1d4662feba110a92103f3664a72141\n>start {\"formatid\":\"gen9randombattle\",\"seed\":\"sodium,0c8f6335705b94684c636c71cd1209e7\",\"rated\":\"Rated battle\"}\n>player p1 {\"name\":\"YveltalNL\",\"avatar\":\"#yveltalnl\",\"rating\":2121,\"seed\":\"sodium,5caf1e60de60a8b8394628d466c6300e\"}\n>player p2 {\"name\":\"Breachingtrout\",\"avatar\":\"1\",\"rating\":2277,\"seed\":\"sodium,67e770793fae525d6676fff41e7e5a76\"}\n>p1 move stealthrock\n>p2 switch 2\n>p1 switch 5\n>p2 move shadowball\n>p1 move knockoff\n>p2 switch 2\n>p1 switch 5\n>p2 move knockoff\n>p1 move icespinner\n>p2 move drainpunch\n>p1 move icespinner\n>p2 switch 2\n>p1 move icespinner\n>p2 move matchagotcha\n>p1 switch 5\n>p2 move strengthsap\n>p1 move knockoff\n>p2 switch 2\n>p1 switch 5\n>p2 move drainpunch\n>p1 move earthquake\n>p2 switch 2\n>p1 switch 6\n>p2 move matchagotcha\n>p1 move swordsdance\n>p2 move shadowball\n>p1 move knockoff\n>p2 switch 2\n>p1 move flareblitz\n>p2 move knockoff\n>p1 switch 4\n>p2 switch 5\n>p1 move flareblitz\n>p2 move moonblast\n>p2 switch 2\n>p1 move flareblitz\n>p2 move shadowball\n>p1 switch 5\n>p1 move knockoff\n>p2 switch 4\n>p1 move knockoff\n>p2 move ironhead\n>p2 switch 3\n>p1 move suckerpunch\n>p2 move doubleedge\n>p1 switch 3\n>p1 move esperwing\n>p2 switch 6\n>p1 switch 6\n>p2 move seismictoss\n>p1 move earthquake\n>p2 move seismictoss\n>p1 switch 2\n>p1 move earthquake\n>p2 switch 4\n>p1 move toxic\n>p2 move calmmind\n>p1 move earthquake\n>p2 move calmmind\n>p1 move roost\n>p2 move matchagotcha\n>p1 move roost\n>p2 move matchagotcha\n>p1 switch 6\n>p2 move matchagotcha\n>p1 move esperwing terastallize\n>p2 move shadowball\n>chat \u2606YveltalNL|me when i just play bad\n>chat \u2606YveltalNL|fuck this\n>forcelose p1", "uploadtime": 1781450263, "views": 4, "formatid": "gen9randombattle", "rating": null, "private": 0, "password": null}