{"id": "gen9randombattle-2631544792", "format": "[Gen 9] Random Battle", "players": ["Lunar Sloth", "Dannymcq"], "log": "|j|\u2606Lunar Sloth\n|j|\u2606Dannymcq\n|t:|1781399253\n|gametype|singles\n|player|p1|Lunar Sloth|jupiter|1990\n|player|p2|Dannymcq|102|1993\n|gen|9\n|tier|[Gen 9] Random Battle\n|rated|\n|rule|Species Clause: Limit one of each Pok\u00e9mon\n|rule|HP Percentage Mod: HP is shown in percentages\n|rule|Sleep Clause Mod: Limit one foe put to sleep\n|rule|Illusion Level Mod: Illusion disguises the Pok\u00e9mon's true level\n|\n|t:|1781399253\n|teamsize|p1|6\n|teamsize|p2|6\n|start\n|switch|p1a: Rotom|Rotom, L88|231/231\n|switch|p2a: Piloswine|Piloswine, L85, M|309/309\n|turn|1\n|\n|t:|1781399271\n|switch|p2a: Dudunsparce|Dudunsparce, L83, M|343/343\n|move|p1a: Rotom|Trick|p2a: Dudunsparce\n|-activate|p1a: Rotom|move: Trick|[of] p2a: Dudunsparce\n|-item|p2a: Dudunsparce|Choice Scarf|[from] move: Trick\n|-item|p1a: Rotom|Leftovers|[from] move: Trick\n|\n|upkeep\n|turn|2\n|\n|t:|1781399288\n|move|p1a: Rotom|Thunderbolt|p2a: Dudunsparce\n|-damage|p2a: Dudunsparce|219/343\n|move|p2a: Dudunsparce|Shadow Ball|p1a: Rotom\n|-supereffective|p1a: Rotom\n|-damage|p1a: Rotom|131/231\n|-unboost|p1a: Rotom|spd|1\n|\n|-heal|p1a: Rotom|145/231|[from] item: Leftovers\n|upkeep\n|turn|3\n|\n|t:|1781399295\n|move|p1a: Rotom|Volt Switch|p2a: Dudunsparce\n|-damage|p2a: Dudunsparce|126/343\n|\n|t:|1781399299\n|switch|p1a: Skuntank|Skuntank, L84, F|310/310|[from] Volt Switch\n|move|p2a: Dudunsparce|Shadow Ball|p1a: Skuntank\n|-resisted|p1a: Skuntank\n|-damage|p1a: Skuntank|289/310\n|\n|upkeep\n|turn|4\n|\n|t:|1781399321\n|switch|p2a: Piloswine|Piloswine, L85, M|309/309\n|move|p1a: Skuntank|Knock Off|p2a: Piloswine\n|-damage|p2a: Piloswine|243/309\n|-enditem|p2a: Piloswine|Eviolite|[from] move: Knock Off|[of] p1a: Skuntank\n|\n|upkeep\n|turn|5\n|\n|t:|1781399329\n|switch|p1a: Dondozo|Dondozo, L78, M|362/362\n|move|p2a: Piloswine|Stealth Rock|p1a: Dondozo\n|-sidestart|p1: Lunar Sloth|move: Stealth Rock\n|\n|upkeep\n|turn|6\n|inactive|Battle timer is ON: inactive players will automatically lose when time's up. (requested by Lunar Sloth)\n|\n|t:|1781399375\n|switch|p2a: Sneasler|Sneasler, L74, F|240/240\n|move|p1a: Dondozo|Wave Crash|p2a: Sneasler\n|-crit|p2a: Sneasler\n|-damage|p2a: Sneasler|0 fnt\n|faint|p2a: Sneasler\n|-damage|p1a: Dondozo|283/362|[from] Recoil\n|\n|-heal|p1a: Dondozo|305/362|[from] item: Leftovers\n|upkeep\n|\n|t:|1781399385\n|switch|p2a: Golurk|Golurk, L87|297/297\n|turn|7\n|inactive|Lunar Sloth has 120 seconds left.\n|\n|t:|1781399428\n|move|p2a: Golurk|Poltergeist|p1a: Dondozo\n|-activate|p1a: Dondozo|move: Poltergeist|Leftovers\n|-damage|p1a: Dondozo|115/362\n|move|p1a: Dondozo|Curse|p1a: Dondozo\n|-unboost|p1a: Dondozo|spe|1\n|-boost|p1a: Dondozo|atk|1\n|-boost|p1a: Dondozo|def|1\n|\n|-heal|p1a: Dondozo|137/362|[from] item: Leftovers\n|upkeep\n|turn|8\n|\n|t:|1781399446\n|move|p2a: Golurk|Poltergeist|p1a: Dondozo\n|-activate|p1a: Dondozo|move: Poltergeist|Leftovers\n|-damage|p1a: Dondozo|0 fnt\n|faint|p1a: Dondozo\n|\n|upkeep\n|\n|t:|1781399450\n|switch|p1a: Skuntank|Skuntank, L84, F|289/310\n|-damage|p1a: Skuntank|251/310|[from] Stealth Rock\n|turn|9\n|\n|t:|1781399461\n|switch|p1a: Sceptile|Sceptile, L87, F|264/264\n|-damage|p1a: Sceptile|231/264|[from] Stealth Rock\n|switch|p2a: Piloswine|Piloswine, L85, M|243/309\n|\n|-heal|p1a: Sceptile|247/264|[from] item: Leftovers\n|upkeep\n|turn|10\n|inactive|Lunar Sloth has 120 seconds left.\n|\n|t:|1781399478\n|move|p2a: Piloswine|Ice Shard|p1a: Sceptile\n|-supereffective|p1a: Sceptile\n|-damage|p1a: Sceptile|145/264\n|move|p1a: Sceptile|Giga Drain|p2a: Piloswine\n|-supereffective|p2a: Piloswine\n|-crit|p2a: Piloswine\n|-damage|p2a: Piloswine|0 fnt\n|-heal|p1a: Sceptile|264/264|[from] drain|[of] p2a: Piloswine\n|faint|p2a: Piloswine\n|\n|upkeep\n|inactive|Dannymcq has 120 seconds left.\n|\n|t:|1781399508\n|switch|p2a: Mimikyu|Mimikyu, L79, F|216/216\n|turn|11\n|inactive|Lunar Sloth has 120 seconds left.\n|\n|t:|1781399519\n|move|p1a: Sceptile|Leech Seed|p2a: Mimikyu\n|-start|p2a: Mimikyu|move: Leech Seed\n|move|p2a: Mimikyu|Swords Dance|p2a: Mimikyu\n|-boost|p2a: Mimikyu|atk|2\n|\n|-damage|p2a: Mimikyu|189/216|[from] Leech Seed|[of] p1a: Sceptile\n|upkeep\n|turn|12\n|\n|t:|1781399533\n|move|p1a: Sceptile|Substitute|p1a: Sceptile\n|-start|p1a: Sceptile|Substitute\n|-damage|p1a: Sceptile|198/264\n|move|p2a: Mimikyu|Play Rough|p1a: Sceptile\n|-end|p1a: Sceptile|Substitute\n|-damage|p2a: Mimikyu|168/216|[from] item: Life Orb\n|\n|-heal|p1a: Sceptile|214/264|[from] item: Leftovers\n|-damage|p2a: Mimikyu|141/216|[from] Leech Seed|[of] p1a: Sceptile\n|-heal|p1a: Sceptile|241/264|[silent]\n|upkeep\n|turn|13\n|\n|t:|1781399539\n|move|p1a: Sceptile|Giga Drain|p2a: Mimikyu\n|-activate|p2a: Mimikyu|ability: Disguise\n|-damage|p2a: Mimikyu|141/216\n|detailschange|p2a: Mimikyu|Mimikyu-Busted, L79, F\n|-damage|p2a: Mimikyu|114/216|[from] pokemon: Mimikyu-Busted\n|move|p2a: Mimikyu|Drain Punch|p1a: Sceptile\n|-damage|p1a: Sceptile|103/264\n|-heal|p2a: Mimikyu|183/216|[from] drain|[of] p1a: Sceptile\n|-damage|p2a: Mimikyu|162/216|[from] item: Life Orb\n|\n|-heal|p1a: Sceptile|119/264|[from] item: Leftovers\n|-damage|p2a: Mimikyu|135/216|[from] Leech Seed|[of] p1a: Sceptile\n|-heal|p1a: Sceptile|146/264|[silent]\n|upkeep\n|turn|14\n|\n|t:|1781399554\n|move|p1a: Sceptile|Giga Drain|p2a: Mimikyu\n|-damage|p2a: Mimikyu|47/216\n|-heal|p1a: Sceptile|190/264|[from] drain|[of] p2a: Mimikyu\n|move|p2a: Mimikyu|Drain Punch|p1a: Sceptile\n|-damage|p1a: Sceptile|47/264\n|-heal|p2a: Mimikyu|119/216|[from] drain|[of] p1a: Sceptile\n|-damage|p2a: Mimikyu|98/216|[from] item: Life Orb\n|\n|-heal|p1a: Sceptile|63/264|[from] item: Leftovers\n|-damage|p2a: Mimikyu|71/216|[from] Leech Seed|[of] p1a: Sceptile\n|-heal|p1a: Sceptile|90/264|[silent]\n|upkeep\n|turn|15\n|\n|t:|1781399565\n|switch|p1a: Rotom|Rotom, L88|145/231\n|-damage|p1a: Rotom|117/231|[from] Stealth Rock\n|move|p2a: Mimikyu|Shadow Sneak|p1a: Rotom\n|-supereffective|p1a: Rotom\n|-damage|p1a: Rotom|0 fnt\n|faint|p1a: Rotom\n|-damage|p2a: Mimikyu|50/216|[from] item: Life Orb\n|\n|upkeep\n|\n|t:|1781399572\n|switch|p1a: Skuntank|Skuntank, L84, F|251/310\n|-damage|p1a: Skuntank|213/310|[from] Stealth Rock\n|turn|16\n|\n|t:|1781399583\n|move|p2a: Mimikyu|Shadow Sneak|p1a: Skuntank\n|-resisted|p1a: Skuntank\n|-damage|p1a: Skuntank|158/310\n|-damage|p2a: Mimikyu|29/216|[from] item: Life Orb\n|move|p1a: Skuntank|Sucker Punch||[still]\n|-fail|p1a: Skuntank\n|\n|-damage|p2a: Mimikyu|2/216|[from] Leech Seed|[of] p1a: Skuntank\n|-heal|p1a: Skuntank|185/310|[silent]\n|upkeep\n|turn|17\n|\n|t:|1781399592\n|move|p2a: Mimikyu|Shadow Sneak|p1a: Skuntank\n|-resisted|p1a: Skuntank\n|-damage|p1a: Skuntank|130/310\n|-damage|p2a: Mimikyu|0 fnt|[from] item: Life Orb\n|faint|p2a: Mimikyu\n|move|p1a: Skuntank|Sucker Punch|p2: Mimikyu|[notarget]\n|-fail|p1a: Skuntank\n|\n|upkeep\n|\n|t:|1781399606\n|switch|p2a: Dudunsparce|Dudunsparce, L83, M|126/343\n|turn|18\n|inactive|Lunar Sloth has 120 seconds left.\n|\n|t:|1781399639\n|move|p2a: Dudunsparce|Boomburst|p1a: Skuntank\n|-damage|p1a: Skuntank|16/310\n|move|p1a: Skuntank|Gunk Shot|p2a: Dudunsparce\n|-damage|p2a: Dudunsparce|0 fnt\n|faint|p2a: Dudunsparce\n|\n|upkeep\n|\n|t:|1781399652\n|switch|p2a: Scrafty|Scrafty, L83, F|244/244\n|turn|19\n|\n|t:|1781399660\n|move|p1a: Skuntank|Knock Off|p2a: Scrafty\n|-resisted|p2a: Scrafty\n|-damage|p2a: Scrafty|223/244\n|-enditem|p2a: Scrafty|Leftovers|[from] move: Knock Off|[of] p1a: Skuntank\n|move|p2a: Scrafty|Bulk Up|p2a: Scrafty\n|-boost|p2a: Scrafty|atk|1\n|-boost|p2a: Scrafty|def|1\n|\n|upkeep\n|turn|20\n|\n|t:|1781399674\n|switch|p1a: Sceptile|Sceptile, L87, F|90/264\n|-damage|p1a: Sceptile|57/264|[from] Stealth Rock\n|move|p2a: Scrafty|Bulk Up|p2a: Scrafty\n|-boost|p2a: Scrafty|atk|1\n|-boost|p2a: Scrafty|def|1\n|\n|-heal|p1a: Sceptile|73/264|[from] item: Leftovers\n|upkeep\n|turn|21\n|\n|t:|1781399680\n|move|p1a: Sceptile|Leech Seed|p2a: Scrafty\n|-start|p2a: Scrafty|move: Leech Seed\n|move|p2a: Scrafty|Drain Punch|p1a: Sceptile\n|-damage|p1a: Sceptile|0 fnt\n|-heal|p2a: Scrafty|244/244|[from] drain|[of] p1a: Sceptile\n|faint|p1a: Sceptile\n|\n|upkeep\n|\n|t:|1781399684\n|switch|p1a: Rhydon|Rhydon, L85, F|317/317\n|-damage|p1a: Rhydon|298/317|[from] Stealth Rock\n|turn|22\n|\n|t:|1781399698\n|-terastallize|p1a: Rhydon|Grass\n|move|p2a: Scrafty|Knock Off|p1a: Rhydon\n|-damage|p1a: Rhydon|195/317\n|-enditem|p1a: Rhydon|Eviolite|[from] move: Knock Off|[of] p2a: Scrafty\n|move|p1a: Rhydon|Swords Dance|p1a: Rhydon\n|-boost|p1a: Rhydon|atk|2\n|\n|-damage|p2a: Scrafty|214/244|[from] Leech Seed|[of] p1a: Rhydon\n|-heal|p1a: Rhydon|225/317|[silent]\n|upkeep\n|turn|23\n|\n|t:|1781399721\n|move|p2a: Scrafty|Drain Punch|p1a: Rhydon\n|-damage|p1a: Rhydon|111/317\n|-heal|p2a: Scrafty|244/244|[from] drain|[of] p1a: Rhydon\n|move|p1a: Rhydon|Earthquake|p2a: Scrafty\n|-damage|p2a: Scrafty|135/244\n|\n|-damage|p2a: Scrafty|105/244|[from] Leech Seed|[of] p1a: Rhydon\n|-heal|p1a: Rhydon|141/317|[silent]\n|upkeep\n|turn|24\n|\n|t:|1781399730\n|move|p2a: Scrafty|Bulk Up|p2a: Scrafty\n|-boost|p2a: Scrafty|atk|1\n|-boost|p2a: Scrafty|def|1\n|move|p1a: Rhydon|Earthquake|p2a: Scrafty\n|-damage|p2a: Scrafty|18/244\n|\n|-damage|p2a: Scrafty|0 fnt|[from] Leech Seed|[of] p1a: Rhydon\n|-heal|p1a: Rhydon|159/317|[silent]\n|faint|p2a: Scrafty\n|upkeep\n|\n|t:|1781399733\n|switch|p2a: Golurk|Golurk, L87|297/297\n|turn|25\n|\n|t:|1781399741\n|move|p2a: Golurk|Poltergeist||[still]\n|-fail|p2a: Golurk\n|move|p1a: Rhydon|Earthquake|p2a: Golurk\n|-damage|p2a: Golurk|30/297\n|\n|upkeep\n|turn|26\n|l|\u2606Dannymcq\n|inactive|Dannymcq disconnected and has a minute to reconnect!\n|player|p2|\n|inactive|Dannymcq has 30 seconds to reconnect!\n|inactive|Dannymcq has 20 seconds to reconnect!\n|inactive|Dannymcq has 15 seconds to reconnect!\n|inactive|Dannymcq has 10 seconds to reconnect!\n|inactive|Dannymcq has 5 seconds to reconnect!\n|-message|Dannymcq lost due to inactivity.\n|\n|win|Lunar Sloth\n", "inputlog": ">version a8376a258c1d4662feba110a92103f3664a72141\n>start {\"formatid\":\"gen9randombattle\",\"seed\":\"sodium,e2e4c1bd70fc4556dec44a3b607f7bb9\",\"rated\":\"Rated battle\"}\n>player p1 {\"name\":\"Lunar Sloth\",\"avatar\":\"jupiter\",\"rating\":1990,\"seed\":\"sodium,4c07dc42f753dafb524db329c4fb6b0b\"}\n>player p2 {\"name\":\"Dannymcq\",\"avatar\":\"102\",\"rating\":1993,\"seed\":\"sodium,80b949717ace4874bcb9b970dd6715e6\"}\n>p1 move trick\n>p2 switch 3\n>p1 move thunderbolt\n>p2 move shadowball\n>p1 move voltswitch\n>p2 move shadowball\n>p1 switch 4\n>p1 move knockoff\n>p2 switch 3\n>p1 switch 6\n>p2 move stealthrock\n>p1 move wavecrash\n>p2 switch 2\n>p2 switch 4\n>p1 move curse\n>p2 move poltergeist\n>p1 move rest\n>p2 move poltergeist\n>p1 switch 6\n>p1 switch 3\n>p2 switch 2\n>p1 move gigadrain\n>p2 move iceshard\n>p2 switch 6\n>p1 move leechseed\n>p2 move swordsdance\n>p1 move substitute\n>p2 move playrough\n>p1 move gigadrain\n>p2 move drainpunch\n>p1 move gigadrain\n>p2 move drainpunch\n>p1 switch 4\n>p2 move shadowsneak\n>p1 switch 3\n>p1 move suckerpunch\n>p2 move shadowsneak\n>p1 move suckerpunch\n>p2 move shadowsneak\n>p2 switch 3\n>p1 move gunkshot\n>p2 move boomburst\n>p2 switch 5\n>p1 move knockoff\n>p2 move bulkup\n>p1 switch 4\n>p2 move bulkup\n>p1 move leechseed\n>p2 move drainpunch\n>p1 switch 5\n>p1 move swordsdance terastallize\n>p2 move knockoff\n>p1 move earthquake\n>p2 move drainpunch\n>p1 move earthquake\n>p2 move bulkup\n>p2 switch 2\n>p1 move earthquake\n>p2 move poltergeist\n>forcelose p2", "uploadtime": 1781399255, "views": 5, "formatid": "gen9randombattle", "rating": null, "private": 0, "password": null}