{"id": "gen9randombattle-2631501659", "format": "[Gen 9] Random Battle", "players": ["VideoGramer", "catlib"], "log": "|j|\u2606VideoGramer\n|j|\u2606catlib\n|t:|1781393189\n|gametype|singles\n|player|p1|VideoGramer|pilot|1925\n|player|p2|catlib|birdkeeper|2013\n|gen|9\n|tier|[Gen 9] Random Battle\n|rated|\n|rule|Species Clause: Limit one of each Pok\u00e9mon\n|rule|HP Percentage Mod: HP is shown in percentages\n|rule|Sleep Clause Mod: Limit one foe put to sleep\n|rule|Illusion Level Mod: Illusion disguises the Pok\u00e9mon's true level\n|\n|t:|1781393189\n|teamsize|p1|6\n|teamsize|p2|6\n|start\n|switch|p1a: Venomoth|Venomoth, L84, F|255/255\n|switch|p2a: Hawlucha|Hawlucha, L80, F|256/256\n|turn|1\n|inactive|Battle timer is ON: inactive players will automatically lose when time's up. (requested by catlib)\n|\n|t:|1781393200\n|switch|p1a: Eelektross|Eelektross, L87, F|290/290\n|move|p2a: Hawlucha|Brave Bird|p1a: Eelektross\n|-resisted|p1a: Eelektross\n|-damage|p1a: Eelektross|236/290\n|-damage|p2a: Hawlucha|238/256|[from] Recoil\n|\n|-heal|p1a: Eelektross|254/290|[from] item: Leftovers\n|upkeep\n|turn|2\n|\n|t:|1781393208\n|switch|p2a: Jolteon|Jolteon, L84, M|246/246\n|move|p1a: Eelektross|Coil|p1a: Eelektross\n|-boost|p1a: Eelektross|atk|1\n|-boost|p1a: Eelektross|def|1\n|-boost|p1a: Eelektross|accuracy|1\n|\n|-heal|p1a: Eelektross|272/290|[from] item: Leftovers\n|upkeep\n|turn|3\n|\n|t:|1781393216\n|move|p2a: Jolteon|Calm Mind|p2a: Jolteon\n|-boost|p2a: Jolteon|spa|1\n|-boost|p2a: Jolteon|spd|1\n|move|p1a: Eelektross|Knock Off|p2a: Jolteon\n|-damage|p2a: Jolteon|82/246\n|-enditem|p2a: Jolteon|Life Orb|[from] move: Knock Off|[of] p1a: Eelektross\n|\n|-heal|p1a: Eelektross|290/290|[from] item: Leftovers\n|upkeep\n|turn|4\n|\n|t:|1781393221\n|move|p2a: Jolteon|Shadow Ball|p1a: Eelektross\n|-damage|p1a: Eelektross|191/290\n|move|p1a: Eelektross|Drain Punch|p2a: Jolteon\n|-damage|p2a: Jolteon|0 fnt\n|-heal|p1a: Eelektross|232/290|[from] drain|[of] p2a: Jolteon\n|faint|p2a: Jolteon\n|\n|-heal|p1a: Eelektross|250/290|[from] item: Leftovers\n|upkeep\n|\n|t:|1781393244\n|switch|p2a: Tinkaton|Tinkaton, L82, F|274/274\n|-ability|p2a: Tinkaton|Mold Breaker\n|turn|5\n|\n|t:|1781393246\n|move|p2a: Tinkaton|Stealth Rock|p1a: Eelektross\n|-sidestart|p1: VideoGramer|move: Stealth Rock\n|move|p1a: Eelektross|Coil|p1a: Eelektross\n|-boost|p1a: Eelektross|atk|1\n|-boost|p1a: Eelektross|def|1\n|-boost|p1a: Eelektross|accuracy|1\n|\n|-heal|p1a: Eelektross|268/290|[from] item: Leftovers\n|upkeep\n|turn|6\n|\n|t:|1781393250\n|move|p2a: Tinkaton|Knock Off|p1a: Eelektross\n|-damage|p1a: Eelektross|238/290\n|-enditem|p1a: Eelektross|Leftovers|[from] move: Knock Off|[of] p2a: Tinkaton\n|move|p1a: Eelektross|Drain Punch|p2a: Tinkaton\n|-damage|p2a: Tinkaton|120/274\n|-heal|p1a: Eelektross|290/290|[from] drain|[of] p2a: Tinkaton\n|\n|-heal|p2a: Tinkaton|137/274|[from] item: Leftovers\n|upkeep\n|turn|7\n|\n|t:|1781393258\n|switch|p2a: Eternatus|Eternatus, L69|308/308\n|-ability|p2a: Eternatus|Pressure\n|move|p1a: Eelektross|Drain Punch|p2a: Eternatus\n|-resisted|p2a: Eternatus\n|-damage|p2a: Eternatus|229/308\n|-damage|p1a: Eelektross|242/290|[from] item: Rocky Helmet|[of] p2a: Eternatus\n|\n|upkeep\n|turn|8\n|\n|t:|1781393266\n|move|p2a: Eternatus|Sludge Bomb|p1a: Eelektross\n|-damage|p1a: Eelektross|152/290\n|move|p1a: Eelektross|Knock Off|p2a: Eternatus\n|-damage|p2a: Eternatus|34/308\n|-damage|p1a: Eelektross|104/290|[from] item: Rocky Helmet|[of] p2a: Eternatus\n|-enditem|p2a: Eternatus|Rocky Helmet|[from] move: Knock Off|[of] p1a: Eelektross\n|\n|upkeep\n|turn|9\n|\n|t:|1781393273\n|move|p2a: Eternatus|Dynamax Cannon|p1a: Eelektross\n|-damage|p1a: Eelektross|0 fnt\n|faint|p1a: Eelektross\n|\n|upkeep\n|\n|t:|1781393278\n|switch|p1a: Venomoth|Venomoth, L84, F|255/255\n|turn|10\n|\n|t:|1781393283\n|move|p2a: Eternatus|Recover|p2a: Eternatus\n|-heal|p2a: Eternatus|188/308\n|move|p1a: Venomoth|Quiver Dance|p1a: Venomoth\n|-boost|p1a: Venomoth|spa|1\n|-boost|p1a: Venomoth|spd|1\n|-boost|p1a: Venomoth|spe|1\n|\n|upkeep\n|turn|11\n|\n|t:|1781393289\n|move|p1a: Venomoth|Quiver Dance|p1a: Venomoth\n|-boost|p1a: Venomoth|spa|1\n|-boost|p1a: Venomoth|spd|1\n|-boost|p1a: Venomoth|spe|1\n|move|p2a: Eternatus|Fire Blast|p1a: Venomoth\n|-supereffective|p1a: Venomoth\n|-damage|p1a: Venomoth|171/255\n|\n|upkeep\n|turn|12\n|\n|t:|1781393296\n|move|p1a: Venomoth|Bug Buzz|p2a: Eternatus\n|-resisted|p2a: Eternatus\n|-damage|p2a: Eternatus|0 fnt\n|faint|p2a: Eternatus\n|\n|upkeep\n|\n|t:|1781393305\n|switch|p2a: Tinkaton|Tinkaton, L82, F|137/274\n|-ability|p2a: Tinkaton|Mold Breaker\n|turn|13\n|\n|t:|1781393308\n|move|p1a: Venomoth|Bug Buzz|p2a: Tinkaton\n|-resisted|p2a: Tinkaton\n|-damage|p2a: Tinkaton|51/274\n|move|p2a: Tinkaton|Gigaton Hammer|p1a: Venomoth\n|-damage|p1a: Venomoth|0 fnt\n|faint|p1a: Venomoth\n|\n|-heal|p2a: Tinkaton|68/274|[from] item: Leftovers\n|upkeep\n|\n|t:|1781393317\n|switch|p1a: Pachirisu|Pachirisu, L96, M|271/271\n|-damage|p1a: Pachirisu|238/271|[from] Stealth Rock\n|turn|14\n|\n|t:|1781393321\n|move|p1a: Pachirisu|Thunderbolt|p2a: Tinkaton\n|-damage|p2a: Tinkaton|2/274\n|move|p2a: Tinkaton|Knock Off|p1a: Pachirisu\n|-damage|p1a: Pachirisu|187/271\n|-enditem|p1a: Pachirisu|Assault Vest|[from] move: Knock Off|[of] p2a: Tinkaton\n|\n|-heal|p2a: Tinkaton|19/274|[from] item: Leftovers\n|upkeep\n|turn|15\n|\n|t:|1781393326\n|move|p1a: Pachirisu|Thunderbolt|p2a: Tinkaton\n|-damage|p2a: Tinkaton|0 fnt\n|faint|p2a: Tinkaton\n|\n|upkeep\n|\n|t:|1781393331\n|switch|p2a: Mabosstiff|Mabosstiff, L86, F|278/278\n|turn|16\n|\n|t:|1781393335\n|move|p2a: Mabosstiff|Crunch|p1a: Pachirisu\n|-damage|p1a: Pachirisu|73/271\n|-unboost|p1a: Pachirisu|def|1\n|move|p1a: Pachirisu|Nuzzle|p2a: Mabosstiff\n|-damage|p2a: Mabosstiff|260/278\n|-status|p2a: Mabosstiff|par\n|\n|upkeep\n|turn|17\n|\n|t:|1781393340\n|move|p1a: Pachirisu|Super Fang|p2a: Mabosstiff\n|-damage|p2a: Mabosstiff|130/278 par\n|move|p2a: Mabosstiff|Crunch|p1a: Pachirisu\n|-damage|p1a: Pachirisu|0 fnt\n|faint|p1a: Pachirisu\n|\n|upkeep\n|\n|t:|1781393349\n|switch|p1a: Toxicroak|Toxicroak, L84, F|277/277\n|-damage|p1a: Toxicroak|260/277|[from] Stealth Rock\n|turn|18\n|\n|t:|1781393353\n|switch|p2a: Hawlucha|Hawlucha, L80, F|238/256\n|move|p1a: Toxicroak|Gunk Shot|p2a: Hawlucha\n|-damage|p2a: Hawlucha|47/256\n|-status|p2a: Hawlucha|psn\n|-damage|p1a: Toxicroak|233/277|[from] item: Life Orb\n|\n|-damage|p2a: Hawlucha|15/256 psn|[from] psn\n|upkeep\n|turn|19\n|\n|t:|1781393359\n|move|p2a: Hawlucha|Brave Bird|p1a: Toxicroak\n|-supereffective|p1a: Toxicroak\n|-damage|p1a: Toxicroak|0 fnt\n|faint|p1a: Toxicroak\n|-damage|p2a: Hawlucha|0 fnt|[from] Recoil\n|faint|p2a: Hawlucha\n|\n|upkeep\n|\n|t:|1781393363\n|switch|p2a: Basculegion|Basculegion-F, L83, F|335/335\n|switch|p1a: Gardevoir|Gardevoir, L83, F|249/249\n|-damage|p1a: Gardevoir|218/249|[from] Stealth Rock\n|-ability|p1a: Gardevoir|Adaptability|Trace|[from] ability: Trace|[of] p2a: Basculegion\n|turn|20\n|\n|t:|1781393376\n|-terastallize|p1a: Gardevoir|Fighting\n|move|p1a: Gardevoir|Moonblast|p2a: Basculegion\n|-damage|p2a: Basculegion|225/335\n|-damage|p1a: Gardevoir|194/249|[from] item: Life Orb\n|move|p2a: Basculegion|Shadow Ball|p1a: Gardevoir\n|-damage|p1a: Gardevoir|96/249\n|\n|upkeep\n|turn|21\n|\n|t:|1781393386\n|move|p1a: Gardevoir|Moonblast|p2a: Basculegion\n|-damage|p2a: Basculegion|104/335\n|-unboost|p2a: Basculegion|spa|1\n|-damage|p1a: Gardevoir|72/249|[from] item: Life Orb\n|move|p2a: Basculegion|Hydro Pump|p1a: Gardevoir|[miss]\n|-miss|p2a: Basculegion|p1a: Gardevoir\n|\n|upkeep\n|turn|22\n|\n|t:|1781393393\n|move|p1a: Gardevoir|Moonblast|p2a: Basculegion\n|-damage|p2a: Basculegion|0 fnt\n|faint|p2a: Basculegion\n|-damage|p1a: Gardevoir|48/249|[from] item: Life Orb\n|\n|upkeep\n|\n|t:|1781393394\n|switch|p2a: Mabosstiff|Mabosstiff, L86, F|130/278 par\n|turn|23\n|\n|t:|1781393397\n|-terastallize|p2a: Mabosstiff|Dark\n|move|p1a: Gardevoir|Moonblast|p2a: Mabosstiff\n|-supereffective|p2a: Mabosstiff\n|-damage|p2a: Mabosstiff|0 fnt\n|faint|p2a: Mabosstiff\n|-damage|p1a: Gardevoir|24/249|[from] item: Life Orb\n|\n|win|VideoGramer\n", "inputlog": ">version a8376a258c1d4662feba110a92103f3664a72141\n>start {\"formatid\":\"gen9randombattle\",\"seed\":\"sodium,26743e26f595b6bfecb9da34eb977205\",\"rated\":\"Rated battle\"}\n>player p1 {\"name\":\"VideoGramer\",\"avatar\":\"pilot\",\"rating\":1925,\"seed\":\"sodium,94ebcb7a3e9a41e6363834adca28edb0\"}\n>player p2 {\"name\":\"catlib\",\"avatar\":\"birdkeeper\",\"rating\":2013,\"seed\":\"sodium,3a3f8aa36b222ac789e4d14fbc2c7f87\"}\n>p1 switch 5\n>p2 move bravebird\n>p1 move coil\n>p2 switch 4\n>p1 move knockoff\n>p2 move calmmind\n>p1 move drainpunch\n>p2 move shadowball\n>p2 switch 3\n>p1 move coil\n>p2 move stealthrock\n>p1 move drainpunch\n>p2 move knockoff\n>p1 move drainpunch\n>p2 switch 2\n>p1 move knockoff\n>p2 move sludgebomb\n>p1 move supercellslam\n>p2 move dynamaxcannon\n>p1 switch 5\n>p1 move quiverdance\n>p2 move recover\n>p1 move quiverdance\n>p2 move fireblast\n>p1 move bugbuzz\n>p2 move fireblast\n>p2 switch 2\n>p1 move bugbuzz\n>p2 move gigatonhammer\n>p1 switch 4\n>p1 move thunderbolt\n>p2 move knockoff\n>p1 move thunderbolt\n>p2 move gigatonhammer\n>p2 switch 5\n>p1 move nuzzle\n>p2 move crunch\n>p1 move superfang\n>p2 move crunch\n>p1 switch 3\n>p1 move gunkshot\n>p2 switch 4\n>p1 move knockoff\n>p2 move bravebird\n>p1 switch 6\n>p2 switch 6\n>p1 move moonblast terastallize\n>p2 move shadowball\n>p1 move moonblast\n>p2 move hydropump\n>p1 move moonblast\n>p2 move wavecrash\n>p2 switch 4\n>p1 move moonblast\n>p2 move crunch terastallize", "uploadtime": 1781393191, "views": 4, "formatid": "gen9randombattle", "rating": null, "private": 0, "password": null}