{"id": "gen9randombattle-2631383261", "format": "[Gen 9] Random Battle", "players": ["Stefaan", "Micael Lopes"], "log": "|j|\u2606Stefaan\n|j|\u2606Micael Lopes\n|t:|1781378167\n|gametype|singles\n|player|p1|Stefaan|falkner|1566\n|player|p2|Micael Lopes|benga|1592\n|gen|9\n|tier|[Gen 9] Random Battle\n|rated|\n|rule|Species Clause: Limit one of each Pok\u00e9mon\n|rule|HP Percentage Mod: HP is shown in percentages\n|rule|Sleep Clause Mod: Limit one foe put to sleep\n|rule|Illusion Level Mod: Illusion disguises the Pok\u00e9mon's true level\n|\n|t:|1781378167\n|teamsize|p1|6\n|teamsize|p2|6\n|start\n|switch|p1a: Overqwil|Overqwil, L82, F|274/274\n|switch|p2a: Ditto|Ditto, L87|225/225\n|-transform|p2a: Ditto|p1a: Overqwil|[from] ability: Imposter\n|-ability|p2a: Ditto|Intimidate|boost\n|-unboost|p1a: Overqwil|atk|1\n|-ability|p1a: Overqwil|Intimidate|boost\n|-unboost|p2a: Ditto|atk|1\n|turn|1\n|inactive|Battle timer is ON: inactive players will automatically lose when time's up. (requested by Micael Lopes)\n|\n|t:|1781378179\n|switch|p2a: Donphan|Donphan, L84, F|288/288\n|move|p1a: Overqwil|Swords Dance|p1a: Overqwil\n|-boost|p1a: Overqwil|atk|2\n|\n|upkeep\n|turn|2\n|\n|t:|1781378185\n|move|p1a: Overqwil|Liquidation|p2a: Donphan\n|-supereffective|p2a: Donphan\n|-damage|p2a: Donphan|88/288\n|-unboost|p2a: Donphan|def|1\n|-damage|p1a: Overqwil|247/274|[from] item: Life Orb\n|move|p2a: Donphan|Earthquake|p1a: Overqwil\n|-supereffective|p1a: Overqwil\n|-damage|p1a: Overqwil|19/274\n|\n|-heal|p2a: Donphan|106/288|[from] item: Leftovers\n|upkeep\n|turn|3\n|\n|t:|1781378191\n|move|p2a: Donphan|Ice Shard|p1a: Overqwil\n|-damage|p1a: Overqwil|0 fnt\n|faint|p1a: Overqwil\n|\n|-heal|p2a: Donphan|124/288|[from] item: Leftovers\n|upkeep\n|\n|t:|1781378202\n|switch|p1a: Sandslash|Sandslash-Alola, L88, F|275/275\n|turn|4\n|\n|t:|1781378212\n|switch|p2a: Ditto|Ditto, L87|225/225\n|-transform|p2a: Ditto|p1a: Sandslash|[from] ability: Imposter\n|move|p1a: Sandslash|Triple Axel|p2a: Ditto\n|-resisted|p2a: Ditto\n|-damage|p2a: Ditto|221/225\n|-hitcount|p2a: Ditto|1\n|\n|upkeep\n|turn|5\n|\n|t:|1781378223\n|move|p2a: Ditto|Spikes|p1a: Sandslash\n|-sidestart|p1: Stefaan|Spikes\n|move|p1a: Sandslash|Spikes|p2a: Ditto\n|-sidestart|p2: Micael Lopes|Spikes\n|\n|upkeep\n|turn|6\n|\n|t:|1781378230\n|switch|p2a: Glaceon|Glaceon, L94, M|275/275\n|move|p1a: Sandslash|Rapid Spin|p2a: Glaceon\n|-damage|p2a: Glaceon|241/275\n|-boost|p1a: Sandslash|spe|1\n|-sideend|p1: Stefaan|Spikes|[from] move: Rapid Spin|[of] p1a: Sandslash\n|\n|upkeep\n|turn|7\n|\n|t:|1781378237\n|move|p1a: Sandslash|Iron Head|p2a: Glaceon\n|-supereffective|p2a: Glaceon\n|-damage|p2a: Glaceon|101/275\n|move|p2a: Glaceon|Wish|p2a: Glaceon\n|\n|upkeep\n|turn|8\n|\n|t:|1781378241\n|-terastallize|p2a: Glaceon|Water\n|move|p1a: Sandslash|Spikes|p2a: Glaceon\n|-sidestart|p2: Micael Lopes|Spikes\n|move|p2a: Glaceon|Calm Mind|p2a: Glaceon\n|-boost|p2a: Glaceon|spa|1\n|-boost|p2a: Glaceon|spd|1\n|\n|-heal|p2a: Glaceon|238/275|[from] move: Wish|[wisher] Glaceon\n|upkeep\n|turn|9\n|\n|t:|1781378247\n|switch|p1a: Exeggutor|Exeggutor, L89, M|312/312\n|move|p2a: Glaceon|Wish|p2a: Glaceon\n|\n|upkeep\n|turn|10\n|\n|t:|1781378253\n|move|p2a: Glaceon|Freeze-Dry|p1a: Exeggutor\n|-supereffective|p1a: Exeggutor\n|-damage|p1a: Exeggutor|0 fnt\n|faint|p1a: Exeggutor\n|\n|-heal|p2a: Glaceon|275/275|[from] move: Wish|[wisher] Glaceon\n|upkeep\n|\n|t:|1781378258\n|switch|p1a: Dudunsparce|Dudunsparce-Three-Segment, L83, M|343/343\n|turn|11\n|\n|t:|1781378270\n|move|p2a: Glaceon|Freeze-Dry|p1a: Dudunsparce\n|-damage|p1a: Dudunsparce|148/343\n|move|p1a: Dudunsparce|Calm Mind|p1a: Dudunsparce\n|-boost|p1a: Dudunsparce|spa|1\n|-boost|p1a: Dudunsparce|spd|1\n|\n|-heal|p1a: Dudunsparce|169/343|[from] item: Leftovers\n|upkeep\n|turn|12\n|\n|t:|1781378276\n|switch|p2a: Chansey|Chansey, L85, F|564/564\n|-damage|p2a: Chansey|470/564|[from] Spikes\n|move|p1a: Dudunsparce|Roost|p1a: Dudunsparce\n|-heal|p1a: Dudunsparce|341/343\n|-singleturn|p1a: Dudunsparce|move: Roost\n|\n|-heal|p1a: Dudunsparce|343/343|[from] item: Leftovers\n|upkeep\n|turn|13\n|\n|t:|1781378284\n|switch|p1a: Sandslash|Sandslash-Alola, L88, F|275/275\n|move|p2a: Chansey|Thunder Wave|p1a: Sandslash\n|-status|p1a: Sandslash|par\n|\n|upkeep\n|turn|14\n|\n|t:|1781378292\n|switch|p2a: Ditto|Ditto, L87|221/225\n|-damage|p2a: Ditto|184/225|[from] Spikes\n|-transform|p2a: Ditto|p1a: Sandslash|[from] ability: Imposter\n|cant|p1a: Sandslash|par\n|\n|upkeep\n|turn|15\n|\n|t:|1781378298\n|move|p2a: Ditto|Rapid Spin|p1a: Sandslash\n|-resisted|p1a: Sandslash\n|-crit|p1a: Sandslash\n|-damage|p1a: Sandslash|254/275 par\n|-boost|p2a: Ditto|spe|1\n|-sideend|p2: Micael Lopes|Spikes|[from] move: Rapid Spin|[of] p2a: Ditto\n|move|p1a: Sandslash|Spikes|p2a: Ditto\n|-sidestart|p2: Micael Lopes|Spikes\n|\n|-heal|p1a: Sandslash|271/275 par|[from] item: Leftovers\n|upkeep\n|turn|16\n|\n|t:|1781378316\n|move|p2a: Ditto|Rapid Spin|p1a: Sandslash\n|-resisted|p1a: Sandslash\n|-crit|p1a: Sandslash\n|-damage|p1a: Sandslash|248/275 par\n|-boost|p2a: Ditto|spe|1\n|-sideend|p2: Micael Lopes|Spikes|[from] move: Rapid Spin|[of] p2a: Ditto\n|move|p1a: Sandslash|Spikes|p2a: Ditto\n|-sidestart|p2: Micael Lopes|Spikes\n|\n|-heal|p1a: Sandslash|265/275 par|[from] item: Leftovers\n|upkeep\n|turn|17\n|\n|t:|1781378321\n|move|p2a: Ditto|Rapid Spin|p1a: Sandslash\n|-resisted|p1a: Sandslash\n|-damage|p1a: Sandslash|249/275 par\n|-boost|p2a: Ditto|spe|1\n|-sideend|p2: Micael Lopes|Spikes|[from] move: Rapid Spin|[of] p2a: Ditto\n|move|p1a: Sandslash|Spikes|p2a: Ditto\n|-sidestart|p2: Micael Lopes|Spikes\n|\n|-heal|p1a: Sandslash|266/275 par|[from] item: Leftovers\n|upkeep\n|turn|18\n|\n|t:|1781378329\n|move|p2a: Ditto|Rapid Spin|p1a: Sandslash\n|-resisted|p1a: Sandslash\n|-damage|p1a: Sandslash|252/275 par\n|-boost|p2a: Ditto|spe|1\n|-sideend|p2: Micael Lopes|Spikes|[from] move: Rapid Spin|[of] p2a: Ditto\n|move|p1a: Sandslash|Spikes|p2a: Ditto\n|-sidestart|p2: Micael Lopes|Spikes\n|\n|-heal|p1a: Sandslash|269/275 par|[from] item: Leftovers\n|upkeep\n|turn|19\n|\n|t:|1781378333\n|switch|p2a: Great Tusk|Great Tusk, L77|304/304\n|-damage|p2a: Great Tusk|266/304|[from] Spikes\n|-enditem|p2a: Great Tusk|Booster Energy\n|-activate|p2a: Great Tusk|ability: Protosynthesis|[fromitem]\n|-start|p2a: Great Tusk|protosynthesisatk\n|move|p1a: Sandslash|Spikes|p2a: Great Tusk\n|-sidestart|p2: Micael Lopes|Spikes\n|\n|-heal|p1a: Sandslash|275/275 par|[from] item: Leftovers\n|upkeep\n|turn|20\n|\n|t:|1781378338\n|switch|p1a: Gyarados|Gyarados, L79, F|280/280\n|move|p2a: Great Tusk|Bulk Up|p2a: Great Tusk\n|-boost|p2a: Great Tusk|atk|1\n|-boost|p2a: Great Tusk|def|1\n|\n|upkeep\n|turn|21\n|\n|t:|1781378347\n|move|p2a: Great Tusk|Stone Edge|p1a: Gyarados\n|-supereffective|p1a: Gyarados\n|-damage|p1a: Gyarados|0 fnt\n|faint|p1a: Gyarados\n|\n|upkeep\n|-message|Stefaan forfeited.\n|\n|win|Micael Lopes\n|raw|Stefaan's rating: 1566 &rarr; <strong>1546</strong><br />(-20 for losing)\n|raw|Micael Lopes's rating: 1570 &rarr; <strong>1590</strong><br />(+20 for winning)\n|l|\u2606Stefaan\n|player|p1|\n|c|\u2606Micael Lopes|**__Sexy game.__**\n", "uploadtime": 1781378370, "views": 6, "formatid": "gen9randombattle", "rating": 1546, "private": 0, "password": null}