{"id": "gen9randombattle-2631582532", "format": "[Gen 9] Random Battle", "players": ["JayCroc", "Budgers"], "log": "|j|\u2606JayCroc\n|j|\u2606Budgers\n|t:|1781404436\n|gametype|singles\n|player|p1|JayCroc|ivor|1985\n|player|p2|Budgers|169|1963\n|gen|9\n|tier|[Gen 9] Random Battle\n|rated|\n|rule|Species Clause: Limit one of each Pok\u00e9mon\n|rule|HP Percentage Mod: HP is shown in percentages\n|rule|Sleep Clause Mod: Limit one foe put to sleep\n|rule|Illusion Level Mod: Illusion disguises the Pok\u00e9mon's true level\n|\n|t:|1781404436\n|teamsize|p1|6\n|teamsize|p2|6\n|start\n|switch|p1a: Terapagos|Terapagos, L77, F|265/265\n|switch|p2a: Hippowdon|Hippowdon, L82, M|311/311\n|-activate|p1a: Terapagos|ability: Tera Shift\n|detailschange|p1a: Terapagos|Terapagos-Terastal, L77, F\n|-heal|p1a: Terapagos|273/273|[silent]\n|-weather|Sandstorm|[from] ability: Sand Stream|[of] p2a: Hippowdon\n|turn|1\n|inactive|Battle timer is ON: inactive players will automatically lose when time's up. (requested by Budgers)\n|\n|t:|1781404453\n|move|p1a: Terapagos|Calm Mind|p1a: Terapagos\n|-boost|p1a: Terapagos|spa|1\n|-boost|p1a: Terapagos|spd|1\n|move|p2a: Hippowdon|Curse|p2a: Hippowdon\n|-unboost|p2a: Hippowdon|spe|1\n|-boost|p2a: Hippowdon|atk|1\n|-boost|p2a: Hippowdon|def|1\n|\n|-weather|Sandstorm|[upkeep]\n|-damage|p1a: Terapagos|256/273|[from] Sandstorm\n|upkeep\n|turn|2\n|\n|t:|1781404465\n|move|p1a: Terapagos|Tera Starstorm|p2a: Hippowdon\n|-damage|p2a: Hippowdon|107/311\n|move|p2a: Hippowdon|Earthquake|p1a: Terapagos\n|-damage|p1a: Terapagos|94/273\n|\n|-weather|Sandstorm|[upkeep]\n|-damage|p1a: Terapagos|77/273|[from] Sandstorm\n|-heal|p2a: Hippowdon|126/311|[from] item: Leftovers\n|upkeep\n|turn|3\n|\n|t:|1781404473\n|switch|p2a: Trevenant|Trevenant, L89, M|296/296\n|move|p1a: Terapagos|Tera Starstorm|p2a: Trevenant\n|-immune|p2a: Trevenant\n|\n|-weather|Sandstorm|[upkeep]\n|-damage|p1a: Terapagos|60/273|[from] Sandstorm\n|-damage|p2a: Trevenant|278/296|[from] Sandstorm\n|upkeep\n|turn|4\n|\n|t:|1781404481\n|move|p1a: Terapagos|Rest|p1a: Terapagos\n|-status|p1a: Terapagos|slp|[from] move: Rest\n|-heal|p1a: Terapagos|273/273 slp|[silent]\n|-enditem|p1a: Terapagos|Chesto Berry|[eat]\n|-curestatus|p1a: Terapagos|slp|[msg]\n|move|p2a: Trevenant|Drain Punch|p1a: Terapagos\n|-activate|p1a: Terapagos|ability: Tera Shell\n|-resisted|p1a: Terapagos\n|-damage|p1a: Terapagos|240/273\n|-heal|p2a: Trevenant|295/296|[from] drain|[of] p1a: Terapagos\n|\n|-weather|Sandstorm|[upkeep]\n|-damage|p1a: Terapagos|223/273|[from] Sandstorm\n|-damage|p2a: Trevenant|277/296|[from] Sandstorm\n|upkeep\n|turn|5\n|\n|t:|1781404494\n|move|p1a: Terapagos|Dark Pulse|p2a: Trevenant\n|-supereffective|p2a: Trevenant\n|-damage|p2a: Trevenant|135/296\n|-enditem|p2a: Trevenant|Sitrus Berry|[eat]\n|-heal|p2a: Trevenant|209/296|[from] item: Sitrus Berry\n|move|p2a: Trevenant|Drain Punch|p1a: Terapagos\n|-supereffective|p1a: Terapagos\n|-damage|p1a: Terapagos|105/273\n|-heal|p2a: Trevenant|268/296|[from] drain|[of] p1a: Terapagos\n|\n|-weather|none\n|-item|p2a: Trevenant|Sitrus Berry|[from] ability: Harvest\n|upkeep\n|turn|6\n|\n|t:|1781404505\n|switch|p1a: Decidueye|Decidueye-Hisui, L87, M|295/295\n|move|p2a: Trevenant|Drain Punch|p1a: Decidueye\n|-damage|p1a: Decidueye|232/295\n|-heal|p2a: Trevenant|296/296|[from] drain|[of] p1a: Decidueye\n|\n|-heal|p1a: Decidueye|250/295|[from] item: Leftovers\n|upkeep\n|turn|7\n|\n|t:|1781404515\n|move|p1a: Decidueye|Swords Dance|p1a: Decidueye\n|-boost|p1a: Decidueye|atk|2\n|move|p2a: Trevenant|Toxic|p1a: Decidueye\n|-status|p1a: Decidueye|tox\n|\n|-heal|p1a: Decidueye|268/295 tox|[from] item: Leftovers\n|-damage|p1a: Decidueye|250/295 tox|[from] psn\n|upkeep\n|turn|8\n|\n|t:|1781404522\n|switch|p2a: Mew|Mew, L82|298/298\n|move|p1a: Decidueye|Triple Arrows|p2a: Mew\n|-resisted|p2a: Mew\n|-damage|p2a: Mew|184/298\n|\n|-heal|p1a: Decidueye|268/295 tox|[from] item: Leftovers\n|-damage|p1a: Decidueye|232/295 tox|[from] psn\n|upkeep\n|turn|9\n|\n|t:|1781404530\n|move|p2a: Mew|Psychic Fangs|p1a: Decidueye\n|-supereffective|p1a: Decidueye\n|-crit|p1a: Decidueye\n|-damage|p1a: Decidueye|0 fnt\n|faint|p1a: Decidueye\n|-damage|p2a: Mew|155/298|[from] item: Life Orb\n|\n|upkeep\n|\n|t:|1781404541\n|switch|p1a: Duraludon|Duraludon, L82, M|249/249\n|turn|10\n|\n|t:|1781404544\n|move|p2a: Mew|Swords Dance|p2a: Mew\n|-boost|p2a: Mew|atk|2\n|move|p1a: Duraludon|Draco Meteor|p2a: Mew\n|-damage|p2a: Mew|19/298\n|-unboost|p1a: Duraludon|spa|2\n|\n|upkeep\n|turn|11\n|\n|t:|1781404552\n|switch|p1a: Terapagos|Terapagos-Terastal, L77, F|105/273\n|move|p2a: Mew|Close Combat|p1a: Terapagos\n|-supereffective|p1a: Terapagos\n|-damage|p1a: Terapagos|0 fnt\n|-unboost|p2a: Mew|def|1\n|-unboost|p2a: Mew|spd|1\n|faint|p1a: Terapagos\n|-damage|p2a: Mew|0 fnt|[from] item: Life Orb\n|faint|p2a: Mew\n|\n|upkeep\n|\n|t:|1781404565\n|switch|p2a: Hippowdon|Hippowdon, L82, M|126/311\n|switch|p1a: Venomoth|Venomoth, L84, F|255/255\n|-weather|Sandstorm|[from] ability: Sand Stream|[of] p2a: Hippowdon\n|turn|12\n|\n|t:|1781404575\n|move|p1a: Venomoth|Sludge Wave|p2a: Hippowdon\n|-resisted|p2a: Hippowdon\n|-damage|p2a: Hippowdon|6/311\n|move|p2a: Hippowdon|Stone Edge|p1a: Venomoth|[miss]\n|-miss|p2a: Hippowdon|p1a: Venomoth\n|\n|-weather|Sandstorm|[upkeep]\n|-damage|p1a: Venomoth|240/255|[from] Sandstorm\n|-heal|p2a: Hippowdon|25/311|[from] item: Leftovers\n|upkeep\n|turn|13\n|\n|t:|1781404583\n|move|p1a: Venomoth|Sludge Wave|p2a: Hippowdon\n|-resisted|p2a: Hippowdon\n|-damage|p2a: Hippowdon|0 fnt\n|faint|p2a: Hippowdon\n|\n|-weather|Sandstorm|[upkeep]\n|-damage|p1a: Venomoth|225/255|[from] Sandstorm\n|upkeep\n|\n|t:|1781404585\n|switch|p2a: Dodrio|Dodrio, L85, M|241/241\n|turn|14\n|\n|t:|1781404590\n|switch|p1a: Duraludon|Duraludon, L82, M|249/249\n|move|p2a: Dodrio|Brave Bird|p1a: Duraludon\n|-resisted|p1a: Duraludon\n|-damage|p1a: Duraludon|194/249\n|-damage|p2a: Dodrio|223/241|[from] Recoil\n|\n|-weather|Sandstorm|[upkeep]\n|-damage|p2a: Dodrio|208/241|[from] Sandstorm\n|upkeep\n|turn|15\n|\n|t:|1781404600\n|switch|p2a: Trevenant|Trevenant, L89, M|296/296\n|move|p1a: Duraludon|Dragon Tail|p2a: Trevenant\n|-damage|p2a: Trevenant|236/296\n|drag|p2a: Dodrio|Dodrio, L85, M|208/241\n|\n|-weather|Sandstorm|[upkeep]\n|-damage|p2a: Dodrio|193/241|[from] Sandstorm\n|upkeep\n|turn|16\n|\n|t:|1781404610\n|move|p2a: Dodrio|Drill Run|p1a: Duraludon\n|-supereffective|p1a: Duraludon\n|-crit|p1a: Duraludon\n|-damage|p1a: Duraludon|46/249\n|move|p1a: Duraludon|Draco Meteor|p2a: Dodrio\n|-damage|p2a: Dodrio|0 fnt\n|-unboost|p1a: Duraludon|spa|2\n|faint|p2a: Dodrio\n|\n|-weather|none\n|upkeep\n|\n|t:|1781404615\n|switch|p2a: Vigoroth|Vigoroth, L85, F|275/275\n|turn|17\n|\n|t:|1781404622\n|move|p2a: Vigoroth|Earthquake|p1a: Duraludon\n|-supereffective|p1a: Duraludon\n|-damage|p1a: Duraludon|0 fnt\n|faint|p1a: Duraludon\n|\n|upkeep\n|\n|t:|1781404635\n|switch|p1a: Venomoth|Venomoth, L84, F|225/255\n|turn|18\n|\n|t:|1781404638\n|move|p2a: Vigoroth|Body Slam|p1a: Venomoth\n|-damage|p1a: Venomoth|119/255\n|move|p1a: Venomoth|Sleep Powder|p2a: Vigoroth\n|-immune|p2a: Vigoroth|[from] ability: Vital Spirit\n|\n|upkeep\n|turn|19\n|\n|t:|1781404645\n|move|p2a: Vigoroth|Body Slam|p1a: Venomoth\n|-damage|p1a: Venomoth|16/255\n|move|p1a: Venomoth|Sludge Wave|p2a: Vigoroth\n|-damage|p2a: Vigoroth|191/275\n|\n|upkeep\n|turn|20\n|\n|t:|1781404650\n|move|p2a: Vigoroth|Body Slam|p1a: Venomoth\n|-damage|p1a: Venomoth|0 fnt\n|faint|p1a: Venomoth\n|\n|upkeep\n|\n|t:|1781404654\n|switch|p1a: Regidrago|Regidrago, L77|435/435\n|turn|21\n|\n|t:|1781404657\n|-terastallize|p1a: Regidrago|Dragon\n|move|p2a: Vigoroth|Bulk Up|p2a: Vigoroth\n|-boost|p2a: Vigoroth|atk|1\n|-boost|p2a: Vigoroth|def|1\n|move|p1a: Regidrago|Draco Meteor|p2a: Vigoroth\n|-damage|p2a: Vigoroth|0 fnt\n|-unboost|p1a: Regidrago|spa|2\n|faint|p2a: Vigoroth\n|\n|upkeep\n|\n|t:|1781404661\n|switch|p2a: Sudowoodo|Sudowoodo, L94, M|284/284\n|turn|22\n|\n|t:|1781404675\n|switch|p1a: Bisharp|Bisharp, L79, M|232/232\n|move|p2a: Sudowoodo|Head Smash|p1a: Bisharp\n|-resisted|p1a: Bisharp\n|-damage|p1a: Bisharp|171/232\n|\n|upkeep\n|turn|23\n|\n|t:|1781404681\n|switch|p2a: Trevenant|Trevenant, L89, M|236/296\n|move|p1a: Bisharp|Iron Head|p2a: Trevenant\n|-damage|p2a: Trevenant|146/296\n|-enditem|p2a: Trevenant|Sitrus Berry|[eat]\n|-heal|p2a: Trevenant|220/296|[from] item: Sitrus Berry\n|\n|upkeep\n|turn|24\n|\n|t:|1781404688\n|-terastallize|p2a: Trevenant|Fighting\n|move|p1a: Bisharp|Throat Chop|p2a: Trevenant\n|-resisted|p2a: Trevenant\n|-crit|p2a: Trevenant\n|-damage|p2a: Trevenant|142/296\n|-start|p2a: Trevenant|Throat Chop|[silent]\n|move|p2a: Trevenant|Drain Punch|p1a: Bisharp\n|-supereffective|p1a: Bisharp\n|-damage|p1a: Bisharp|0 fnt\n|-heal|p2a: Trevenant|228/296|[from] drain|[of] p1a: Bisharp\n|faint|p1a: Bisharp\n|\n|-item|p2a: Trevenant|Sitrus Berry|[from] ability: Harvest\n|upkeep\n|\n|t:|1781404699\n|switch|p1a: Regidrago|Regidrago, L77, tera:Dragon|435/435\n|turn|25\n|inactive|Budgers has 120 seconds left.\n|\n|t:|1781404757\n|move|p1a: Regidrago|Draco Meteor|p2a: Trevenant\n|-damage|p2a: Trevenant|0 fnt\n|-unboost|p1a: Regidrago|spa|2\n|faint|p2a: Trevenant\n|\n|upkeep\n|\n|t:|1781404760\n|switch|p2a: Sudowoodo|Sudowoodo, L94, M|284/284\n|turn|26\n|\n|t:|1781404766\n|move|p1a: Regidrago|Dragon Dance|p1a: Regidrago\n|-boost|p1a: Regidrago|atk|1\n|-boost|p1a: Regidrago|spe|1\n|move|p2a: Sudowoodo|Head Smash|p1a: Regidrago\n|-damage|p1a: Regidrago|90/435\n|\n|upkeep\n|turn|27\n|\n|t:|1781404772\n|move|p1a: Regidrago|Outrage|p2a: Sudowoodo\n|-damage|p2a: Sudowoodo|58/284\n|move|p2a: Sudowoodo|Earthquake|p1a: Regidrago\n|-damage|p1a: Regidrago|0 fnt\n|faint|p1a: Regidrago\n|\n|win|Budgers\n", "inputlog": ">version a8376a258c1d4662feba110a92103f3664a72141\n>start {\"formatid\":\"gen9randombattle\",\"seed\":\"sodium,3f8b64b777590f925de5b006cb2f6945\",\"rated\":\"Rated battle\"}\n>player p1 {\"name\":\"JayCroc\",\"avatar\":\"ivor\",\"rating\":1985,\"seed\":\"sodium,3b8d94025a579f59b4070b63f7b9abd2\"}\n>player p2 {\"name\":\"Budgers\",\"avatar\":\"169\",\"rating\":1963,\"seed\":\"sodium,8fa6463afef2289b5ccb9e372c4ecd32\"}\n>p1 move calmmind\n>p2 move curse\n>p1 move terastarstorm\n>p2 move earthquake\n>p1 move terastarstorm\n>p2 switch 4\n>p1 move rest\n>p2 move drainpunch\n>p1 move darkpulse\n>p2 move drainpunch\n>p1 switch 2\n>p2 move drainpunch\n>p1 move swordsdance\n>p2 move toxic\n>p1 move triplearrows\n>p2 switch 3\n>p1 move leafblade\n>p2 move psychicfangs\n>p1 switch 5\n>p1 move dracometeor\n>p2 move swordsdance\n>p1 switch 2\n>p2 move closecombat\n>p1 switch 3\n>p2 switch 4\n>p1 move sludgewave\n>p2 move stoneedge\n>p1 move sludgewave\n>p2 move stoneedge\n>p2 switch 5\n>p1 switch 2\n>p2 move bravebird\n>p1 move dragontail\n>p2 switch 3\n>p1 move dracometeor\n>p2 move drillrun\n>p2 switch 2\n>p1 move dragontail\n>p2 move earthquake\n>p1 switch 2\n>p1 move sleeppowder\n>p2 move bodyslam\n>p1 move sludgewave\n>p2 move bodyslam\n>p1 move sludgewave\n>p2 move bodyslam\n>p1 switch 6\n>p1 move dracometeor terastallize\n>p2 move bulkup\n>p2 switch 6\n>p1 switch 4\n>p2 move headsmash\n>p1 move ironhead\n>p2 switch 3\n>p1 move throatchop\n>p2 move drainpunch terastallize\n>p1 switch 4\n>p1 move dracometeor\n>p2 move drainpunch\n>p2 switch 3\n>p1 move dragondance\n>p2 move headsmash\n>p1 move outrage\n>p2 move earthquake", "uploadtime": 1781404438, "views": 5, "formatid": "gen9randombattle", "rating": null, "private": 0, "password": null}