{"id": "gen9randombattle-2631764970", "format": "[Gen 9] Random Battle", "players": ["alvaro030", "Goofy Ahhh Trainer"], "log": "|j|\u2606alvaro030\n|j|\u2606Goofy Ahhh Trainer\n|t:|1781436082\n|gametype|singles\n|player|p1|alvaro030|266|1972\n|player|p2|Goofy Ahhh Trainer|skier|2001\n|gen|9\n|tier|[Gen 9] Random Battle\n|rated|\n|rule|Species Clause: Limit one of each Pok\u00e9mon\n|rule|HP Percentage Mod: HP is shown in percentages\n|rule|Sleep Clause Mod: Limit one foe put to sleep\n|rule|Illusion Level Mod: Illusion disguises the Pok\u00e9mon's true level\n|\n|t:|1781436082\n|teamsize|p1|6\n|teamsize|p2|6\n|start\n|switch|p1a: Oranguru|Oranguru, L92, M|315/315\n|switch|p2a: Duraludon|Duraludon, L82, M|249/249\n|turn|1\n|inactive|Battle timer is ON: inactive players will automatically lose when time's up. (requested by alvaro030)\n|inactive|Goofy Ahhh Trainer has 120 seconds left.\n|\n|t:|1781436152\n|switch|p2a: Alomomola|Alomomola, L87, M|429/429\n|switch|p1a: Hariyama|Hariyama, L87, F|392/392\n|\n|-status|p1a: Hariyama|brn|[from] item: Flame Orb\n|upkeep\n|turn|2\n|\n|t:|1781436169\n|move|p2a: Alomomola|Wish|p2a: Alomomola\n|move|p1a: Hariyama|Close Combat|p2a: Alomomola\n|-damage|p2a: Alomomola|173/429\n|-unboost|p1a: Hariyama|def|1\n|-unboost|p1a: Hariyama|spd|1\n|\n|-damage|p1a: Hariyama|368/392 brn|[from] brn\n|upkeep\n|turn|3\n|\n|t:|1781436177\n|switch|p1a: Slowbro|Slowbro-Galar, L87, F|307/307\n|move|p2a: Alomomola|Protect||[still]\n|-fail|p2a: Alomomola\n|\n|-heal|p2a: Alomomola|387/429|[from] move: Wish|[wisher] Alomomola\n|upkeep\n|turn|4\n|\n|t:|1781436186\n|move|p2a: Alomomola|Scald|p1a: Slowbro\n|-damage|p1a: Slowbro|252/307\n|move|p1a: Slowbro|Shell Side Arm|p2a: Alomomola|[anim] Shell Side Arm Special\n|-damage|p2a: Alomomola|184/429\n|-hint|Special Shell Side Arm\n|-damage|p1a: Slowbro|222/307|[from] item: Life Orb\n|\n|upkeep\n|turn|5\n|\n|t:|1781436193\n|move|p2a: Alomomola|Flip Turn|p1a: Slowbro\n|-damage|p1a: Slowbro|170/307\n|\n|t:|1781436196\n|switch|p2a: Duraludon|Duraludon, L82, M|249/249|[from] Flip Turn\n|move|p1a: Slowbro|Trick Room|p1a: Slowbro\n|-fieldstart|move: Trick Room|[of] p1a: Slowbro\n|\n|upkeep\n|turn|6\n|\n|t:|1781436211\n|move|p1a: Slowbro|Fire Blast|p2a: Duraludon\n|-damage|p2a: Duraludon|140/249\n|-damage|p1a: Slowbro|140/307|[from] item: Life Orb\n|move|p2a: Duraludon|Flash Cannon|p1a: Slowbro\n|-damage|p1a: Slowbro|28/307\n|\n|upkeep\n|turn|7\n|\n|t:|1781436220\n|switch|p1a: Camerupt|Camerupt, L91, M|275/275\n|move|p2a: Duraludon|Iron Defense|p2a: Duraludon\n|-boost|p2a: Duraludon|def|2\n|\n|upkeep\n|turn|8\n|\n|t:|1781436226\n|switch|p2a: Alomomola|Alomomola, L87, M|327/429\n|move|p1a: Camerupt|Overheat|p2a: Alomomola\n|-resisted|p2a: Alomomola\n|-damage|p2a: Alomomola|201/429\n|-unboost|p1a: Camerupt|spa|2\n|\n|upkeep\n|turn|9\n|\n|t:|1781436232\n|move|p1a: Camerupt|Stealth Rock|p2a: Alomomola\n|-sidestart|p2: Goofy Ahhh Trainer|move: Stealth Rock\n|move|p2a: Alomomola|Scald|p1a: Camerupt\n|-supereffective|p1a: Camerupt\n|-damage|p1a: Camerupt|119/275\n|\n|-heal|p1a: Camerupt|136/275|[from] item: Leftovers\n|-fieldend|move: Trick Room\n|upkeep\n|turn|10\n|\n|t:|1781436247\n|switch|p1a: Slowbro|Slowbro-Galar, L87, F|130/307\n|move|p2a: Alomomola|Wish|p2a: Alomomola\n|\n|upkeep\n|turn|11\n|\n|t:|1781436254\n|move|p2a: Alomomola|Flip Turn|p1a: Slowbro\n|-damage|p1a: Slowbro|75/307\n|\n|t:|1781436257\n|switch|p2a: Duraludon|Duraludon, L82, M|140/249|[from] Flip Turn\n|-damage|p2a: Duraludon|125/249|[from] Stealth Rock\n|move|p1a: Slowbro|Trick Room|p1a: Slowbro\n|-fieldstart|move: Trick Room|[of] p1a: Slowbro\n|\n|-heal|p2a: Duraludon|249/249|[from] move: Wish|[wisher] Alomomola\n|upkeep\n|turn|12\n|\n|t:|1781436270\n|switch|p1a: Hariyama|Hariyama, L87, F|368/392 brn\n|move|p2a: Duraludon|Draco Meteor|p1a: Hariyama\n|-damage|p1a: Hariyama|169/392 brn\n|-unboost|p2a: Duraludon|spa|2\n|\n|-damage|p1a: Hariyama|145/392 brn|[from] brn\n|upkeep\n|turn|13\n|\n|t:|1781436285\n|switch|p2a: Alomomola|Alomomola, L87, M|344/429\n|move|p1a: Hariyama|Close Combat|p2a: Alomomola\n|-damage|p2a: Alomomola|106/429\n|-unboost|p1a: Hariyama|def|1\n|-unboost|p1a: Hariyama|spd|1\n|\n|-damage|p1a: Hariyama|121/392 brn|[from] brn\n|upkeep\n|turn|14\n|inactive|alvaro030 has 120 seconds left.\n|\n|t:|1781436324\n|move|p2a: Alomomola|Protect|p2a: Alomomola\n|-singleturn|p2a: Alomomola|Protect\n|move|p1a: Hariyama|Close Combat|p2a: Alomomola\n|-activate|p2a: Alomomola|move: Protect\n|\n|-damage|p1a: Hariyama|97/392 brn|[from] brn\n|upkeep\n|turn|15\n|inactive|alvaro030 has 120 seconds left.\n|\n|t:|1781436342\n|switch|p1a: Alcremie|Alcremie, L90, F|263/263\n|move|p2a: Alomomola|Protect||[still]\n|-fail|p2a: Alomomola\n|\n|-fieldend|move: Trick Room\n|upkeep\n|turn|16\n|\n|t:|1781436349\n|switch|p2a: Registeel|Registeel, L81|262/262\n|-damage|p2a: Registeel|246/262|[from] Stealth Rock\n|move|p1a: Alcremie|Alluring Voice|p2a: Registeel\n|-resisted|p2a: Registeel\n|-damage|p2a: Registeel|208/262\n|\n|-heal|p2a: Registeel|224/262|[from] item: Leftovers\n|upkeep\n|turn|17\n|inactive|alvaro030 has 120 seconds left.\n|\n|t:|1781436368\n|switch|p1a: Camerupt|Camerupt, L91, M|136/275\n|switch|p2a: Alomomola|Alomomola, L87, M|249/429\n|\n|-heal|p1a: Camerupt|153/275|[from] item: Leftovers\n|upkeep\n|turn|18\n|inactive|alvaro030 has 120 seconds left.\n|\n|t:|1781436379\n|move|p2a: Alomomola|Flip Turn|p1a: Camerupt\n|-supereffective|p1a: Camerupt\n|-damage|p1a: Camerupt|0 fnt\n|faint|p1a: Camerupt\n|l|\u2606alvaro030\n|inactive|alvaro030 disconnected and has a minute to reconnect!\n|player|p1|\n|inactive|Goofy Ahhh Trainer has 120 seconds left.\n|\n|t:|1781436412\n|switch|p2a: Duraludon|Duraludon, L82, M|249/249|[from] Flip Turn\n|-damage|p2a: Duraludon|234/249|[from] Stealth Rock\n|\n|upkeep\n|inactive|alvaro030 has 30 seconds to reconnect!\n|inactive|alvaro030 has 20 seconds to reconnect!\n|inactive|alvaro030 has 15 seconds to reconnect!\n|inactive|alvaro030 has 10 seconds to reconnect!\n|inactive|alvaro030 has 5 seconds to reconnect!\n|-message|alvaro030 lost due to inactivity.\n|\n|win|Goofy Ahhh Trainer\n", "inputlog": ">version a8376a258c1d4662feba110a92103f3664a72141\n>start {\"formatid\":\"gen9randombattle\",\"seed\":\"sodium,6a83a752ed2b93bcc68654177c82860b\",\"rated\":\"Rated battle\"}\n>player p1 {\"name\":\"alvaro030\",\"avatar\":\"266\",\"rating\":1972,\"seed\":\"sodium,3666c3f129624a66deaef6703dc5640e\"}\n>player p2 {\"name\":\"Goofy Ahhh Trainer\",\"avatar\":\"skier\",\"rating\":2001,\"seed\":\"sodium,2786de9f214feb45b8827496123db1f3\"}\n>p1 switch 5\n>p2 switch 5\n>p1 move closecombat\n>p2 move wish\n>p1 switch 4\n>p2 move protect\n>p1 move shellsidearm\n>p2 move scald\n>p1 move trickroom\n>p2 move flipturn\n>p2 switch 5\n>p1 move fireblast\n>p2 move flashcannon\n>p1 switch 3\n>p2 move irondefense\n>p1 move overheat\n>p2 switch 5\n>p1 move stealthrock\n>p2 move scald\n>p1 switch 3\n>p2 move wish\n>p1 move trickroom\n>p2 move flipturn\n>p2 switch 5\n>p1 switch 4\n>p2 move dracometeor\n>p1 move closecombat\n>p2 switch 5\n>p1 move closecombat\n>p2 move protect\n>p1 switch 2\n>p2 move protect\n>p1 move alluringvoice\n>p2 switch 2\n>p1 switch 3\n>p2 switch 2\n>p1 move earthquake\n>p2 move flipturn\n>p2 switch 5\n>forcelose p1", "uploadtime": 1781436083, "views": 5, "formatid": "gen9randombattle", "rating": null, "private": 0, "password": null}