{"id": "gen9randombattle-2631603801", "format": "[Gen 9] Random Battle", "players": ["TSM-Virgil", "euphoricpoptarts"], "log": "|j|\u2606TSM-Virgil\n|j|\u2606euphoricpoptarts\n|t:|1781407471\n|gametype|singles\n|player|p1|TSM-Virgil|acetrainer|2113\n|player|p2|euphoricpoptarts|unknown|2140\n|gen|9\n|tier|[Gen 9] Random Battle\n|rated|\n|rule|Species Clause: Limit one of each Pok\u00e9mon\n|rule|HP Percentage Mod: HP is shown in percentages\n|rule|Sleep Clause Mod: Limit one foe put to sleep\n|rule|Illusion Level Mod: Illusion disguises the Pok\u00e9mon's true level\n|\n|t:|1781407471\n|teamsize|p1|6\n|teamsize|p2|6\n|start\n|switch|p1a: Lumineon|Lumineon, L93, F|235/235\n|switch|p2a: Breloom|Breloom, L83, F|235/235\n|turn|1\n|inactive|Battle timer is ON: inactive players will automatically lose when time's up. (requested by euphoricpoptarts)\n|inactive|TSM-Virgil also wants the timer to be on.\n|\n|t:|1781407494\n|move|p2a: Breloom|Mach Punch|p1a: Lumineon\n|-supereffective|p1a: Lumineon\n|-damage|p1a: Lumineon|0 fnt\n|replace|p1a: Zoroark|Zoroark, L83, F\n|-end|p1a: Zoroark|Illusion\n|-hint|Illusion Level Mod is active, so this Pok\u00e9mon's true level was hidden.\n|faint|p1a: Zoroark\n|-damage|p2a: Breloom|212/235|[from] item: Life Orb\n|\n|upkeep\n|c|\u2606TSM-Virgil|SHIT\n|c|\u2606euphoricpoptarts|the hardest read of all time\n|c|\u2606euphoricpoptarts|jk\n|inactive|TSM-Virgil has 120 seconds left.\n|\n|t:|1781407529\n|switch|p1a: Primarina|Primarina, L83, M|268/268\n|turn|2\n|c|\u2606TSM-Virgil|Misclick\n|\n|t:|1781407537\n|switch|p2a: Venusaur|Venusaur, L84, F|272/272\n|switch|p1a: Volbeat|Volbeat, L90, M|263/263\n|\n|upkeep\n|turn|3\n|\n|t:|1781407544\n|switch|p2a: Sandslash|Sandslash, L89, M|278/278\n|move|p1a: Volbeat|U-turn|p2a: Sandslash\n|-damage|p2a: Sandslash|220/278\n|\n|t:|1781407557\n|switch|p1a: Lumineon|Lumineon, L93, F|279/279|[from] U-turn\n|\n|-heal|p2a: Sandslash|237/278|[from] item: Leftovers\n|upkeep\n|turn|4\n|\n|t:|1781407568\n|switch|p2a: Luxray|Luxray, L88, M|284/284\n|-ability|p2a: Luxray|Intimidate|boost\n|-unboost|p1a: Lumineon|atk|1\n|move|p1a: Lumineon|Hydro Pump|p2a: Luxray\n|-damage|p2a: Luxray|187/284\n|-damage|p1a: Lumineon|252/279|[from] item: Life Orb\n|\n|upkeep\n|turn|5\n|\n|t:|1781407585\n|switch|p1a: Volbeat|Volbeat, L90, M|263/263\n|move|p2a: Luxray|Volt Switch|p1a: Volbeat\n|-damage|p1a: Volbeat|184/263\n|\n|t:|1781407590\n|switch|p2a: Sandslash|Sandslash, L89, M|237/278|[from] Volt Switch\n|\n|-heal|p2a: Sandslash|254/278|[from] item: Leftovers\n|upkeep\n|turn|6\n|inactive|TSM-Virgil has 120 seconds left.\n|\n|t:|1781407623\n|move|p1a: Volbeat|U-turn|p2a: Sandslash\n|-damage|p2a: Sandslash|196/278\n|\n|t:|1781407625\n|switch|p1a: Lumineon|Lumineon, L93, F|252/279|[from] U-turn\n|move|p2a: Sandslash|Earthquake|p1a: Lumineon\n|-damage|p1a: Lumineon|129/279\n|\n|-heal|p2a: Sandslash|213/278|[from] item: Leftovers\n|upkeep\n|turn|7\n|\n|t:|1781407642\n|switch|p2a: Venusaur|Venusaur, L84, F|272/272\n|move|p1a: Lumineon|Hydro Pump|p2a: Venusaur\n|-resisted|p2a: Venusaur\n|-damage|p2a: Venusaur|207/272\n|-damage|p1a: Lumineon|102/279|[from] item: Life Orb\n|\n|-heal|p2a: Venusaur|224/272|[from] item: Leftovers\n|upkeep\n|turn|8\n|inactive|TSM-Virgil has 120 seconds left.\n|\n|t:|1781407686\n|move|p1a: Lumineon|Ice Beam|p2a: Venusaur\n|-supereffective|p2a: Venusaur\n|-damage|p2a: Venusaur|76/272\n|-status|p2a: Venusaur|frz\n|-damage|p1a: Lumineon|75/279|[from] item: Life Orb\n|cant|p2a: Venusaur|frz\n|\n|-heal|p2a: Venusaur|93/272 frz|[from] item: Leftovers\n|upkeep\n|turn|9\n|\n|t:|1781407693\n|move|p1a: Lumineon|Ice Beam|p2a: Venusaur\n|-supereffective|p2a: Venusaur\n|-damage|p2a: Venusaur|0 fnt\n|faint|p2a: Venusaur\n|-damage|p1a: Lumineon|48/279|[from] item: Life Orb\n|\n|upkeep\n|\n|t:|1781407707\n|switch|p2a: Cobalion|Cobalion, L80|277/277\n|turn|10\n|\n|t:|1781407715\n|move|p1a: Lumineon|Hydro Pump|p2a: Cobalion\n|-damage|p2a: Cobalion|105/277\n|-damage|p1a: Lumineon|21/279|[from] item: Life Orb\n|move|p2a: Cobalion|Aura Sphere|p1a: Lumineon\n|-damage|p1a: Lumineon|0 fnt\n|faint|p1a: Lumineon\n|\n|-heal|p2a: Cobalion|122/277|[from] item: Leftovers\n|upkeep\n|\n|t:|1781407721\n|switch|p1a: Primarina|Primarina, L83, M|268/268\n|turn|11\n|\n|t:|1781407735\n|move|p2a: Cobalion|Calm Mind|p2a: Cobalion\n|-boost|p2a: Cobalion|spa|1\n|-boost|p2a: Cobalion|spd|1\n|move|p1a: Primarina|Moonblast|p2a: Cobalion\n|-damage|p2a: Cobalion|0 fnt\n|faint|p2a: Cobalion\n|\n|upkeep\n|\n|t:|1781407738\n|switch|p2a: Luxray|Luxray, L88, M|187/284\n|-ability|p2a: Luxray|Intimidate|boost\n|-unboost|p1a: Primarina|atk|1\n|turn|12\n|\n|t:|1781407750\n|switch|p1a: Volbeat|Volbeat, L90, M|184/263\n|move|p2a: Luxray|Wild Charge|p1a: Volbeat\n|-damage|p1a: Volbeat|63/263\n|-damage|p2a: Luxray|157/284|[from] Recoil\n|\n|upkeep\n|turn|13\n|\n|t:|1781407762\n|move|p1a: Volbeat|Roost|p1a: Volbeat\n|-heal|p1a: Volbeat|195/263\n|-singleturn|p1a: Volbeat|move: Roost\n|move|p2a: Luxray|Volt Switch|p1a: Volbeat\n|-damage|p1a: Volbeat|119/263\n|\n|t:|1781407767\n|switch|p2a: Sandslash|Sandslash, L89, M|213/278|[from] Volt Switch\n|\n|-heal|p2a: Sandslash|230/278|[from] item: Leftovers\n|upkeep\n|turn|14\n|inactive|TSM-Virgil has 120 seconds left.\n|\n|t:|1781407803\n|move|p1a: Volbeat|U-turn|p2a: Sandslash\n|-damage|p2a: Sandslash|173/278\n|\n|t:|1781407805\n|switch|p1a: Reuniclus|Reuniclus, L88, M|337/337|[from] U-turn\n|move|p2a: Sandslash|Swords Dance|p2a: Sandslash\n|-boost|p2a: Sandslash|atk|2\n|\n|-heal|p2a: Sandslash|190/278|[from] item: Leftovers\n|upkeep\n|turn|15\n|\n|t:|1781407815\n|-terastallize|p2a: Sandslash|Steel\n|move|p2a: Sandslash|Earthquake|p1a: Reuniclus\n|-damage|p1a: Reuniclus|70/337\n|move|p1a: Reuniclus|Psychic|p2a: Sandslash\n|-resisted|p2a: Sandslash\n|-damage|p2a: Sandslash|76/278\n|\n|-heal|p2a: Sandslash|93/278|[from] item: Leftovers\n|upkeep\n|turn|16\n|\n|t:|1781407821\n|move|p2a: Sandslash|Rapid Spin|p1a: Reuniclus\n|-damage|p1a: Reuniclus|0 fnt\n|-boost|p2a: Sandslash|spe|1\n|faint|p1a: Reuniclus\n|\n|-heal|p2a: Sandslash|110/278|[from] item: Leftovers\n|upkeep\n|\n|t:|1781407826\n|switch|p1a: Primarina|Primarina, L83, M|268/268\n|turn|17\n|\n|t:|1781407829\n|move|p2a: Sandslash|Earthquake|p1a: Primarina\n|-damage|p1a: Primarina|0 fnt\n|faint|p1a: Primarina\n|\n|-heal|p2a: Sandslash|127/278|[from] item: Leftovers\n|upkeep\n|c|\u2606TSM-Virgil|gg wp\n|c|\u2606euphoricpoptarts|gg\n|\n|t:|1781407839\n|switch|p1a: Alcremie|Alcremie-Mint-Cream, L90, F|263/263\n|turn|18\n|\n|t:|1781407842\n|-terastallize|p1a: Alcremie|Ground\n|move|p2a: Sandslash|Earthquake|p1a: Alcremie\n|-damage|p1a: Alcremie|0 fnt\n|faint|p1a: Alcremie\n|\n|-heal|p2a: Sandslash|144/278|[from] item: Leftovers\n|upkeep\n|\n|t:|1781407853\n|switch|p1a: Volbeat|Volbeat, L90, M|119/263\n|turn|19\n|\n|t:|1781407855\n|move|p1a: Volbeat|Thunder Wave|p2a: Sandslash\n|-status|p2a: Sandslash|par\n|move|p2a: Sandslash|Earthquake|p1a: Volbeat\n|-resisted|p1a: Volbeat\n|-damage|p1a: Volbeat|1/263\n|\n|-heal|p2a: Sandslash|161/278 par|[from] item: Leftovers\n|upkeep\n|turn|20\n|\n|t:|1781407883\n|move|p1a: Volbeat|Roost|p1a: Volbeat\n|-heal|p1a: Volbeat|133/263\n|-singleturn|p1a: Volbeat|move: Roost\n|move|p2a: Sandslash|Stone Edge|p1a: Volbeat\n|-supereffective|p1a: Volbeat\n|-damage|p1a: Volbeat|0 fnt\n|faint|p1a: Volbeat\n|\n|win|euphoricpoptarts\n|raw|TSM-Virgil's rating: 2096 &rarr; <strong>2079</strong><br />(-17 for losing)\n|raw|euphoricpoptarts's rating: 2140 &rarr; <strong>2157</strong><br />(+17 for winning)\n|l|\u2606euphoricpoptarts\n|player|p2|\n", "inputlog": ">version a8376a258c1d4662feba110a92103f3664a72141\n>start {\"formatid\":\"gen9randombattle\",\"seed\":\"sodium,3a31e03a0f170d999dd6287e8975a0b8\",\"rated\":\"Rated battle\"}\n>player p1 {\"name\":\"TSM-Virgil\",\"avatar\":\"acetrainer\",\"rating\":2113,\"seed\":\"sodium,cb9f68ea5381e4bb308050407d3cf18b\"}\n>player p2 {\"name\":\"euphoricpoptarts\",\"avatar\":\"unknown\",\"rating\":2140,\"seed\":\"sodium,57a263f6b50bbdc6e23dae68ad23b407\"}\n>p1 move sludgebomb\n>p2 move machpunch\n>chat \u2606TSM-Virgil|SHIT\n>chat \u2606euphoricpoptarts|the hardest read of all time\n>chat \u2606euphoricpoptarts|jk\n>p1 switch 5\n>chat \u2606TSM-Virgil|Misclick\n>p1 switch 3\n>p2 switch 2\n>p1 move uturn\n>p2 switch 5\n>p1 switch 6\n>p1 move hydropump\n>p2 switch 4\n>p1 switch 6\n>p2 move voltswitch\n>p2 switch 4\n>p1 move uturn\n>p2 move earthquake\n>p1 switch 6\n>p1 move hydropump\n>p2 switch 5\n>p1 move icebeam\n>p2 move toxic\n>p1 move icebeam\n>p2 move toxic\n>p2 switch 3\n>p1 move hydropump\n>p2 move aurasphere\n>p1 switch 3\n>p1 move moonblast\n>p2 move calmmind\n>p2 switch 4\n>p1 switch 6\n>p2 move wildcharge\n>p1 move roost\n>p2 move voltswitch\n>p2 switch 5\n>p1 move uturn\n>p2 move swordsdance\n>p1 switch 4\n>p1 move psychic\n>p2 move earthquake terastallize\n>p1 move psychic\n>p2 move rapidspin\n>p1 switch 6\n>p1 move hydropump\n>p2 move earthquake\n>chat \u2606TSM-Virgil|gg wp\n>chat \u2606euphoricpoptarts|gg\n>p1 switch 2\n>p1 move terablast terastallize\n>p2 move earthquake\n>p1 switch 4\n>p1 move thunderwave\n>p2 move earthquake\n>p1 move roost\n>p2 move stoneedge", "uploadtime": 1781407473, "views": 8, "formatid": "gen9randombattle", "rating": 2079, "private": 0, "password": null}