{"id": "gen9randombattle-2631370840", "format": "[Gen 9] Random Battle", "players": ["gewger", "Meelina"], "log": "|j|\u203dgewger\n|j|\u2606Meelina\n|t:|1781376730\n|gametype|singles\n|player|p1|gewger|lady|1121\n|player|p2|Meelina|1|1111\n|gen|9\n|tier|[Gen 9] Random Battle\n|rated|\n|rule|Species Clause: Limit one of each Pok\u00e9mon\n|rule|HP Percentage Mod: HP is shown in percentages\n|rule|Sleep Clause Mod: Limit one foe put to sleep\n|rule|Illusion Level Mod: Illusion disguises the Pok\u00e9mon's true level\n|\n|t:|1781376730\n|teamsize|p1|6\n|teamsize|p2|6\n|start\n|switch|p1a: Scovillain|Scovillain, L91, M|266/266\n|switch|p2a: Decidueye|Decidueye-Hisui, L87, M|295/295\n|turn|1\n|\n|t:|1781376749\n|-terastallize|p2a: Decidueye|Water\n|move|p1a: Scovillain|Fire Blast|p2a: Decidueye\n|-resisted|p2a: Decidueye\n|-damage|p2a: Decidueye|229/295\n|-status|p2a: Decidueye|brn\n|move|p2a: Decidueye|Swords Dance|p2a: Decidueye\n|-boost|p2a: Decidueye|atk|2\n|\n|-heal|p2a: Decidueye|247/295 brn|[from] item: Leftovers\n|-damage|p2a: Decidueye|229/295 brn|[from] brn\n|upkeep\n|turn|2\n|\n|t:|1781376819\n|move|p1a: Scovillain|Energy Ball|p2a: Decidueye\n|-supereffective|p2a: Decidueye\n|-damage|p2a: Decidueye|1/295 brn\n|move|p2a: Decidueye|Triple Arrows|p1a: Scovillain\n|-damage|p1a: Scovillain|140/266\n|-unboost|p1a: Scovillain|def|1\n|\n|-heal|p2a: Decidueye|19/295 brn|[from] item: Leftovers\n|-damage|p2a: Decidueye|1/295 brn|[from] brn\n|upkeep\n|turn|3\n|\n|t:|1781376839\n|switch|p2a: Armarouge|Armarouge, L80, M|267/267\n|move|p1a: Scovillain|Energy Ball|p2a: Armarouge\n|-resisted|p2a: Armarouge\n|-damage|p2a: Armarouge|204/267\n|\n|upkeep\n|turn|4\n|\n|t:|1781376854\n|move|p1a: Scovillain|Stomping Tantrum|p2a: Armarouge\n|-supereffective|p2a: Armarouge\n|-damage|p2a: Armarouge|84/267\n|-ability|p2a: Armarouge|Weak Armor|boost\n|-unboost|p2a: Armarouge|def|1\n|-boost|p2a: Armarouge|spe|2\n|move|p2a: Armarouge|Armor Cannon|p1a: Scovillain\n|-damage|p1a: Scovillain|0 fnt\n|-unboost|p2a: Armarouge|def|1\n|-unboost|p2a: Armarouge|spd|1\n|faint|p1a: Scovillain\n|\n|upkeep\n|\n|t:|1781376867\n|switch|p1a: Toxapex|Toxapex, L82, M|216/216\n|turn|5\n|\n|t:|1781376878\n|switch|p2a: Appletun|Appletun, L92, F|352/352\n|move|p1a: Toxapex|Liquidation|p2a: Appletun\n|-resisted|p2a: Appletun\n|-damage|p2a: Appletun|338/352\n|-unboost|p2a: Appletun|def|1\n|\n|-heal|p2a: Appletun|352/352|[from] item: Leftovers\n|upkeep\n|turn|6\n|inactive|Battle timer is ON: inactive players will automatically lose when time's up. (requested by Meelina)\n|n|!Meelina|meelina\n|\n|t:|1781376927\n|move|p2a: Appletun|Leech Seed|p1a: Toxapex\n|-start|p1a: Toxapex|move: Leech Seed\n|move|p1a: Toxapex|Toxic|p2a: Appletun\n|-status|p2a: Appletun|tox\n|\n|-damage|p1a: Toxapex|189/216|[from] Leech Seed|[of] p2a: Appletun\n|-damage|p2a: Appletun|330/352 tox|[from] psn\n|upkeep\n|turn|7\n|inactive|gewger has 120 seconds left.\n|inactive|Meelina has 120 seconds left.\n|\n|t:|1781376976\n|move|p2a: Appletun|Apple Acid|p1a: Toxapex\n|-damage|p1a: Toxapex|114/216\n|-unboost|p1a: Toxapex|spd|1\n|move|p1a: Toxapex|Haze|p1a: Toxapex\n|-clearallboost\n|\n|-heal|p2a: Appletun|352/352 tox|[from] item: Leftovers\n|-heal|p1a: Toxapex|127/216|[from] item: Leftovers\n|-damage|p1a: Toxapex|100/216|[from] Leech Seed|[of] p2a: Appletun\n|-damage|p2a: Appletun|308/352 tox|[from] psn\n|upkeep\n|turn|8\n|inactive|gewger has 120 seconds left.\n|\n|t:|1781376990\n|move|p2a: Appletun|Apple Acid|p1a: Toxapex\n|-damage|p1a: Toxapex|33/216\n|-unboost|p1a: Toxapex|spd|1\n|move|p1a: Toxapex|Recover|p1a: Toxapex\n|-heal|p1a: Toxapex|141/216\n|\n|-heal|p2a: Appletun|330/352 tox|[from] item: Leftovers\n|-heal|p1a: Toxapex|154/216|[from] item: Leftovers\n|-damage|p1a: Toxapex|127/216|[from] Leech Seed|[of] p2a: Appletun\n|-heal|p2a: Appletun|352/352 tox|[silent]\n|-damage|p2a: Appletun|286/352 tox|[from] psn\n|upkeep\n|turn|9\n|inactive|gewger has 120 seconds left.\n|\n|t:|1781377012\n|switch|p1a: Mismagius|Mismagius, L86, F|243/243\n|move|p2a: Appletun|Apple Acid|p1a: Mismagius\n|-damage|p1a: Mismagius|159/243\n|-unboost|p1a: Mismagius|spd|1\n|\n|-heal|p1a: Mismagius|174/243|[from] item: Leftovers\n|-heal|p2a: Appletun|308/352 tox|[from] item: Leftovers\n|-damage|p2a: Appletun|220/352 tox|[from] psn\n|upkeep\n|turn|10\n|\n|t:|1781377035\n|-terastallize|p1a: Mismagius|Fighting\n|move|p1a: Mismagius|Tera Blast|p2a: Appletun|[anim] Tera Blast Fighting\n|-damage|p2a: Appletun|129/352 tox\n|move|p2a: Appletun|Leech Seed|p1a: Mismagius\n|-start|p1a: Mismagius|move: Leech Seed\n|\n|-heal|p1a: Mismagius|189/243|[from] item: Leftovers\n|-heal|p2a: Appletun|151/352 tox|[from] item: Leftovers\n|-damage|p1a: Mismagius|159/243|[from] Leech Seed|[of] p2a: Appletun\n|-heal|p2a: Appletun|181/352 tox|[silent]\n|-damage|p2a: Appletun|71/352 tox|[from] psn\n|upkeep\n|turn|11\n|inactive|Meelina has 90 seconds left.\n|inactive|gewger has 90 seconds left.\n|\n|t:|1781377057\n|switch|p2a: Wigglytuff|Wigglytuff, L96, M|424/424\n|move|p1a: Mismagius|Tera Blast|p2a: Wigglytuff|[anim] Tera Blast Fighting\n|-damage|p2a: Wigglytuff|291/424\n|\n|-heal|p1a: Mismagius|174/243|[from] item: Leftovers\n|-heal|p2a: Wigglytuff|317/424|[from] item: Leftovers\n|-damage|p1a: Mismagius|144/243|[from] Leech Seed|[of] p2a: Wigglytuff\n|-heal|p2a: Wigglytuff|347/424|[silent]\n|upkeep\n|turn|12\n|inactive|Meelina has 90 seconds left.\n|inactive|gewger has 90 seconds left.\n|\n|t:|1781377069\n|switch|p1a: Weezing|Weezing, L88, F|258/258\n|move|p2a: Wigglytuff|Alluring Voice|p1a: Weezing\n|-resisted|p1a: Weezing\n|-damage|p1a: Weezing|201/258\n|\n|-heal|p1a: Weezing|217/258|[from] item: Leftovers\n|-heal|p2a: Wigglytuff|373/424|[from] item: Leftovers\n|upkeep\n|turn|13\n|inactive|Meelina has 90 seconds left.\n|inactive|gewger has 90 seconds left.\n|\n|t:|1781377081\n|move|p1a: Weezing|Gunk Shot|p2a: Wigglytuff\n|-supereffective|p2a: Wigglytuff\n|-damage|p2a: Wigglytuff|0 fnt\n|faint|p2a: Wigglytuff\n|\n|-heal|p1a: Weezing|233/258|[from] item: Leftovers\n|upkeep\n|inactive|Meelina has 90 seconds left.\n|\n|t:|1781377095\n|switch|p2a: Armarouge|Armarouge, L80, M|84/267\n|turn|14\n|inactive|gewger has 90 seconds left.\n|\n|t:|1781377111\n|move|p2a: Armarouge|Psyshock|p1a: Weezing\n|-supereffective|p1a: Weezing\n|-damage|p1a: Weezing|9/258\n|move|p1a: Weezing|Gunk Shot|p2a: Armarouge\n|-damage|p2a: Armarouge|0 fnt\n|faint|p2a: Armarouge\n|\n|-heal|p1a: Weezing|25/258|[from] item: Leftovers\n|upkeep\n|inactive|Meelina has 90 seconds left.\n|\n|t:|1781377123\n|switch|p2a: Decidueye|Decidueye-Hisui, L87, M, tera:Water|1/295 brn\n|turn|15\n|\n|t:|1781377131\n|switch|p1a: Persian|Persian, L92, F|269/269\n|move|p2a: Decidueye|Triple Arrows|p1a: Persian\n|-supereffective|p1a: Persian\n|-damage|p1a: Persian|142/269\n|-unboost|p1a: Persian|def|1\n|\n|-heal|p2a: Decidueye|19/295 brn|[from] item: Leftovers\n|-damage|p2a: Decidueye|1/295 brn|[from] brn\n|upkeep\n|turn|16\n|-message|Meelina forfeited.\n|\n|win|gewger\n", "inputlog": ">version a8376a258c1d4662feba110a92103f3664a72141\n>start {\"formatid\":\"gen9randombattle\",\"seed\":\"sodium,ec1c68f1d49761f80c160d1188314e9c\",\"rated\":\"Rated battle\"}\n>player p1 {\"name\":\"gewger\",\"avatar\":\"lady\",\"rating\":1121,\"seed\":\"sodium,8f34301063dd09f58d64d2cfbb6de6b6\"}\n>player p2 {\"name\":\"Meelina\",\"avatar\":\"1\",\"rating\":1111,\"seed\":\"sodium,e488d86f3b6df92de4b538bdb99f3eb8\"}\n>p1 move fireblast\n>p2 move swordsdance terastallize\n>p1 move energyball\n>p2 move triplearrows\n>p1 move energyball\n>p2 switch 4\n>p1 move stompingtantrum\n>p2 move armorcannon\n>p1 switch 5\n>p1 move liquidation\n>p2 switch 6\n>chat \u2606Meelina|go pussy\n>p1 move toxic\n>p2 move leechseed\n>p1 move haze\n>p2 move appleacid\n>p1 move recover\n>p2 move appleacid\n>p1 switch 4\n>p2 move appleacid\n>p1 move terablast terastallize\n>p2 move leechseed\n>p1 move terablast\n>p2 switch 5\n>p1 switch 3\n>p2 move alluringvoice\n>p1 move gunkshot\n>p2 move fireblast\n>p2 switch 6\n>p1 move gunkshot\n>p2 move psyshock\n>p2 switch 4\n>p1 switch 6\n>p2 move triplearrows\n>forcelose p2", "uploadtime": 1781376912, "views": 6, "formatid": "gen9randombattle", "rating": null, "private": 0, "password": null}