{"id": "gen9randombattle-2632013419", "format": "[Gen 9] Random Battle", "players": ["Aurrem173", "rrrpppp"], "log": "|j|\u2606Aurrem173\n|j|\u2606rrrpppp\n|t:|1781465952\n|gametype|singles\n|player|p1|Aurrem173|veteranf|2037\n|player|p2|rrrpppp|266|2031\n|gen|9\n|tier|[Gen 9] Random Battle\n|rated|\n|rule|Species Clause: Limit one of each Pok\u00e9mon\n|rule|HP Percentage Mod: HP is shown in percentages\n|rule|Sleep Clause Mod: Limit one foe put to sleep\n|rule|Illusion Level Mod: Illusion disguises the Pok\u00e9mon's true level\n|\n|t:|1781465952\n|teamsize|p1|6\n|teamsize|p2|6\n|start\n|switch|p1a: Basculegion|Basculegion, L80, M|323/323\n|switch|p2a: Gardevoir|Gardevoir, L83, F|249/249\n|-ability|p2a: Gardevoir|Adaptability|Trace|[from] ability: Trace|[of] p1a: Basculegion\n|turn|1\n|inactive|Battle timer is ON: inactive players will automatically lose when time's up. (requested by Aurrem173)\n|\n|t:|1781465970\n|move|p2a: Gardevoir|Moonblast|p1a: Basculegion\n|-damage|p1a: Basculegion|197/323\n|move|p1a: Basculegion|Shadow Ball|p2a: Gardevoir\n|-supereffective|p2a: Gardevoir\n|-damage|p2a: Gardevoir|97/249\n|-unboost|p2a: Gardevoir|spd|1\n|\n|upkeep\n|turn|2\n|\n|t:|1781465979\n|switch|p2a: Chien-Pao|Chien-Pao, L72|234/234\n|-ability|p2a: Chien-Pao|Sword of Ruin\n|move|p1a: Basculegion|Flip Turn|p2a: Chien-Pao\n|-damage|p2a: Chien-Pao|124/234\n|\n|t:|1781465986\n|switch|p1a: Lucario|Lucario, L84, M|255/255|[from] Flip Turn\n|\n|upkeep\n|turn|3\n|\n|t:|1781465998\n|move|p1a: Lucario|Extreme Speed|p2a: Chien-Pao\n|-damage|p2a: Chien-Pao|11/234\n|move|p2a: Chien-Pao|Sacred Sword|p1a: Lucario\n|-supereffective|p1a: Lucario\n|-damage|p1a: Lucario|7/255\n|\n|upkeep\n|turn|4\n|\n|t:|1781466015\n|switch|p2a: Rhyperior|Rhyperior, L82, F|323/323\n|move|p1a: Lucario|Extreme Speed|p2a: Rhyperior\n|-resisted|p2a: Rhyperior\n|-crit|p2a: Rhyperior\n|-damage|p2a: Rhyperior|269/323\n|\n|upkeep\n|turn|5\n|\n|t:|1781466022\n|switch|p1a: Smeargle|Smeargle, L95, F|258/258\n|move|p2a: Rhyperior|Rock Polish|p2a: Rhyperior\n|-boost|p2a: Rhyperior|spe|2\n|\n|upkeep\n|turn|6\n|\n|t:|1781466031\n|move|p2a: Rhyperior|Stone Edge|p1a: Smeargle|[miss]\n|-miss|p2a: Rhyperior|p1a: Smeargle\n|move|p1a: Smeargle|Spore|p2a: Rhyperior\n|-status|p2a: Rhyperior|slp|[from] move: Spore\n|\n|upkeep\n|turn|7\n|\n|t:|1781466038\n|cant|p2a: Rhyperior|slp\n|move|p1a: Smeargle|Sticky Web|p2a: Rhyperior\n|-sidestart|p2: rrrpppp|move: Sticky Web\n|\n|upkeep\n|turn|8\n|\n|t:|1781466042\n|cant|p2a: Rhyperior|slp\n|move|p1a: Smeargle|Whirlwind|p2a: Rhyperior\n|drag|p2a: Reshiram|Reshiram, L76|277/277\n|-ability|p2a: Reshiram|Turboblaze\n|\n|upkeep\n|turn|9\n|\n|t:|1781466050\n|move|p1a: Smeargle|Ceaseless Edge|p2a: Reshiram\n|-damage|p2a: Reshiram|254/277\n|-sidestart|p2: rrrpppp|Spikes\n|move|p2a: Reshiram|Blue Flare|p1a: Smeargle|[miss]\n|-miss|p2a: Reshiram|p1a: Smeargle\n|\n|upkeep\n|turn|10\n|\n|t:|1781466057\n|move|p1a: Smeargle|Ceaseless Edge|p2a: Reshiram\n|-damage|p2a: Reshiram|230/277\n|-sidestart|p2: rrrpppp|Spikes\n|move|p2a: Reshiram|Dragon Tail|p1a: Smeargle\n|-damage|p1a: Smeargle|165/258\n|drag|p1a: Scizor|Scizor, L79, F|240/240\n|\n|upkeep\n|turn|11\n|\n|t:|1781466066\n|switch|p1a: Smeargle|Smeargle, L95, F|165/258\n|move|p2a: Reshiram|Blue Flare|p1a: Smeargle\n|-damage|p1a: Smeargle|0 fnt\n|faint|p1a: Smeargle\n|\n|upkeep\n|\n|t:|1781466074\n|switch|p1a: Basculegion|Basculegion, L80, M|197/323\n|turn|12\n|\n|t:|1781466082\n|switch|p2a: Chien-Pao|Chien-Pao, L72|11/234\n|-activate|p2a: Chien-Pao|move: Sticky Web\n|-unboost|p2a: Chien-Pao|spe|1\n|-damage|p2a: Chien-Pao|0 fnt|[from] Spikes\n|faint|p2a: Chien-Pao\n|move|p1a: Basculegion|Wave Crash|p2: Chien-Pao|[notarget]\n|-fail|p1a: Basculegion\n|\n|upkeep\n|\n|t:|1781466095\n|switch|p2a: Zekrom|Zekrom, L71|259/259\n|-activate|p2a: Zekrom|move: Sticky Web\n|-unboost|p2a: Zekrom|spe|1\n|-damage|p2a: Zekrom|216/259|[from] Spikes\n|-ability|p2a: Zekrom|Teravolt\n|turn|13\n|\n|t:|1781466104\n|move|p1a: Basculegion|Flip Turn|p2a: Zekrom\n|-resisted|p2a: Zekrom\n|-damage|p2a: Zekrom|174/259\n|\n|t:|1781466106\n|switch|p1a: Gardevoir|Gardevoir, L83, M|249/249|[from] Flip Turn\n|-ability|p1a: Gardevoir|Teravolt|Trace|[from] ability: Trace|[of] p2a: Zekrom\n|-ability|p1a: Gardevoir|Teravolt\n|move|p2a: Zekrom|Dragon Dance|p2a: Zekrom\n|-boost|p2a: Zekrom|atk|1\n|-boost|p2a: Zekrom|spe|1\n|\n|-heal|p2a: Zekrom|190/259|[from] item: Leftovers\n|upkeep\n|turn|14\n|\n|t:|1781466118\n|-terastallize|p2a: Zekrom|Steel\n|move|p1a: Gardevoir|Moonblast|p2a: Zekrom\n|-resisted|p2a: Zekrom\n|-damage|p2a: Zekrom|104/259\n|-unboost|p2a: Zekrom|spa|1\n|-damage|p1a: Gardevoir|225/249|[from] item: Life Orb\n|move|p2a: Zekrom|Dragon Dance|p2a: Zekrom\n|-boost|p2a: Zekrom|atk|1\n|-boost|p2a: Zekrom|spe|1\n|\n|-heal|p2a: Zekrom|120/259|[from] item: Leftovers\n|upkeep\n|turn|15\n|\n|t:|1781466131\n|move|p2a: Zekrom|Bolt Strike|p1a: Gardevoir\n|-damage|p1a: Gardevoir|0 fnt\n|faint|p1a: Gardevoir\n|\n|-heal|p2a: Zekrom|136/259|[from] item: Leftovers\n|upkeep\n|\n|t:|1781466147\n|switch|p1a: Scizor|Scizor, L79, F|240/240\n|turn|16\n|\n|t:|1781466152\n|move|p2a: Zekrom|Bolt Strike|p1a: Scizor\n|-damage|p1a: Scizor|0 fnt\n|faint|p1a: Scizor\n|\n|-heal|p2a: Zekrom|152/259|[from] item: Leftovers\n|upkeep\n|c|\u2606Aurrem173|Gg\n|-message|Aurrem173 forfeited.\n|\n|win|rrrpppp\n", "inputlog": ">version a8376a258c1d4662feba110a92103f3664a72141\n>start {\"formatid\":\"gen9randombattle\",\"seed\":\"sodium,1387a41be8126a9c4133ce4399ec4aae\",\"rated\":\"Rated battle\"}\n>player p1 {\"name\":\"Aurrem173\",\"avatar\":\"veteranf\",\"rating\":2037,\"seed\":\"sodium,fea2cef007cceddc4cb3b2dd1abc09ee\"}\n>player p2 {\"name\":\"rrrpppp\",\"avatar\":\"266\",\"rating\":2031,\"seed\":\"sodium,b8b2816044012109d3410e70995ba3cf\"}\n>p1 move shadowball\n>p2 move moonblast\n>p1 move flipturn\n>p2 switch 3\n>p1 switch 2\n>p1 move extremespeed\n>p2 move sacredsword\n>p1 move extremespeed\n>p2 switch 6\n>p1 switch 6\n>p2 move rockpolish\n>p1 move spore\n>p2 move stoneedge\n>p1 move stickyweb\n>p2 move stoneedge\n>p1 move whirlwind\n>p2 move stoneedge\n>p1 move ceaselessedge\n>p2 move blueflare\n>p1 move ceaselessedge\n>p2 move dragontail\n>p1 switch 4\n>p2 move blueflare\n>p1 switch 2\n>p1 move wavecrash\n>p2 switch 6\n>p2 switch 5\n>p1 move flipturn\n>p2 move dragondance\n>p1 switch 5\n>p1 move moonblast\n>p2 move dragondance terastallize\n>p1 move focusblast\n>p2 move boltstrike\n>p1 switch 4\n>p1 move knockoff\n>p2 move boltstrike\n>chat \u2606Aurrem173|Gg\n>forcelose p1", "uploadtime": 1781465953, "views": 4, "formatid": "gen9randombattle", "rating": null, "private": 0, "password": null}