{"id": "gen9randombattle-2631973676", "format": "[Gen 9] Random Battle", "players": ["good pork", "cka.15"], "log": "|j|\u2606good pork\n|j|\u2606cka.15\n|t:|1781461592\n|gametype|singles\n|player|p1|good pork|ghetsis-gen5bw|2113\n|player|p2|cka.15|170|2061\n|gen|9\n|tier|[Gen 9] Random Battle\n|rated|\n|rule|Species Clause: Limit one of each Pok\u00e9mon\n|rule|HP Percentage Mod: HP is shown in percentages\n|rule|Sleep Clause Mod: Limit one foe put to sleep\n|rule|Illusion Level Mod: Illusion disguises the Pok\u00e9mon's true level\n|\n|t:|1781461592\n|teamsize|p1|6\n|teamsize|p2|6\n|start\n|switch|p1a: Regigigas|Regigigas, L84|322/322\n|switch|p2a: Meowscarada|Meowscarada, L78, F|247/247\n|-start|p1a: Regigigas|ability: Slow Start\n|turn|1\n|inactive|Battle timer is ON: inactive players will automatically lose when time's up. (requested by cka.15)\n|\n|t:|1781461605\n|move|p2a: Meowscarada|U-turn|p1a: Regigigas\n|-start|p2a: Meowscarada|typechange|Bug|[from] ability: Protean\n|-damage|p1a: Regigigas|235/322\n|\n|t:|1781461612\n|switch|p2a: Annihilape|Annihilape, L76, F|292/292|[from] U-turn\n|move|p1a: Regigigas|Knock Off|p2a: Annihilape\n|-damage|p2a: Annihilape|231/292\n|-enditem|p2a: Annihilape|Leftovers|[from] move: Knock Off|[of] p1a: Regigigas\n|\n|-heal|p1a: Regigigas|255/322|[from] item: Leftovers\n|upkeep\n|turn|2\n|\n|t:|1781461619\n|switch|p1a: Ribombee|Ribombee, L83, M|235/235\n|move|p2a: Annihilape|Bulk Up|p2a: Annihilape\n|-boost|p2a: Annihilape|atk|1\n|-boost|p2a: Annihilape|def|1\n|\n|upkeep\n|turn|3\n|\n|t:|1781461624\n|move|p1a: Ribombee|Stun Spore|p2a: Annihilape|[miss]\n|-miss|p1a: Ribombee|p2a: Annihilape\n|move|p2a: Annihilape|Rage Fist|p1a: Ribombee\n|-damage|p1a: Ribombee|22/235\n|\n|upkeep\n|turn|4\n|\n|t:|1781461636\n|switch|p2a: Terapagos|Terapagos, L77, F|265/265\n|-activate|p2a: Terapagos|ability: Tera Shift\n|detailschange|p2a: Terapagos|Terapagos-Terastal, L77, F\n|-heal|p2a: Terapagos|273/273|[silent]\n|move|p1a: Ribombee|Moonblast|p2a: Terapagos\n|-activate|p2a: Terapagos|ability: Tera Shell\n|-resisted|p2a: Terapagos\n|-damage|p2a: Terapagos|225/273\n|\n|upkeep\n|turn|5\n|\n|t:|1781461641\n|move|p1a: Ribombee|U-turn|p2a: Terapagos\n|-damage|p2a: Terapagos|182/273\n|\n|t:|1781461644\n|switch|p1a: Iron Treads|Iron Treads, L77|265/265|[from] U-turn\n|move|p2a: Terapagos|Tera Starstorm|p1a: Iron Treads\n|-resisted|p1a: Iron Treads\n|-damage|p1a: Iron Treads|196/265\n|\n|-heal|p1a: Iron Treads|212/265|[from] item: Leftovers\n|upkeep\n|turn|6\n|\n|t:|1781461649\n|switch|p2a: Rhydon|Rhydon, L85, M|317/317\n|move|p1a: Iron Treads|Stealth Rock|p2a: Rhydon\n|-sidestart|p2: cka.15|move: Stealth Rock\n|\n|-heal|p1a: Iron Treads|228/265|[from] item: Leftovers\n|upkeep\n|turn|7\n|\n|t:|1781461661\n|move|p1a: Iron Treads|Iron Head|p2a: Rhydon\n|-supereffective|p2a: Rhydon\n|-damage|p2a: Rhydon|237/317\n|move|p2a: Rhydon|Stealth Rock|p1a: Iron Treads\n|-sidestart|p1: good pork|move: Stealth Rock\n|\n|-heal|p1a: Iron Treads|244/265|[from] item: Leftovers\n|upkeep\n|turn|8\n|\n|t:|1781461673\n|move|p1a: Iron Treads|Rapid Spin|p2a: Rhydon\n|-resisted|p2a: Rhydon\n|-damage|p2a: Rhydon|228/317\n|-boost|p1a: Iron Treads|spe|1\n|-sideend|p1: good pork|Stealth Rock|[from] move: Rapid Spin|[of] p1a: Iron Treads\n|move|p2a: Rhydon|Earthquake|p1a: Iron Treads\n|-supereffective|p1a: Iron Treads\n|-damage|p1a: Iron Treads|16/265\n|\n|-heal|p1a: Iron Treads|32/265|[from] item: Leftovers\n|upkeep\n|turn|9\n|\n|t:|1781461678\n|move|p1a: Iron Treads|Iron Head|p2a: Rhydon\n|-supereffective|p2a: Rhydon\n|-damage|p2a: Rhydon|142/317\n|move|p2a: Rhydon|Earthquake|p1a: Iron Treads\n|-supereffective|p1a: Iron Treads\n|-damage|p1a: Iron Treads|0 fnt\n|faint|p1a: Iron Treads\n|-end|p1a: Iron Treads|Quark Drive|[silent]\n|\n|upkeep\n|\n|t:|1781461683\n|switch|p1a: Whiscash|Whiscash, L88, M|337/337\n|turn|10\n|\n|t:|1781461691\n|switch|p2a: Meowscarada|Meowscarada, L78, F|247/247\n|-damage|p2a: Meowscarada|217/247|[from] Stealth Rock\n|move|p1a: Whiscash|Hydro Pump|p2a: Meowscarada\n|-resisted|p2a: Meowscarada\n|-damage|p2a: Meowscarada|146/247\n|\n|upkeep\n|turn|11\n|\n|t:|1781461695\n|switch|p1a: Yanmega|Yanmega, L82, F|275/275\n|move|p2a: Meowscarada|Flower Trick|p1a: Yanmega\n|-start|p2a: Meowscarada|typechange|Grass|[from] ability: Protean\n|-resisted|p1a: Yanmega\n|-crit|p1a: Yanmega\n|-damage|p1a: Yanmega|235/275\n|\n|upkeep\n|turn|12\n|\n|t:|1781461716\n|switch|p2a: Terapagos|Terapagos-Terastal, L77, F|182/273\n|-damage|p2a: Terapagos|148/273|[from] Stealth Rock\n|move|p1a: Yanmega|Air Slash|p2a: Terapagos\n|-damage|p2a: Terapagos|63/273\n|\n|-ability|p1a: Yanmega|Speed Boost|boost\n|-boost|p1a: Yanmega|spe|1\n|upkeep\n|turn|13\n|\n|t:|1781461722\n|move|p1a: Yanmega|Bug Buzz|p2a: Terapagos\n|-damage|p2a: Terapagos|0 fnt\n|faint|p2a: Terapagos\n|\n|-ability|p1a: Yanmega|Speed Boost|boost\n|-boost|p1a: Yanmega|spe|1\n|upkeep\n|\n|t:|1781461736\n|switch|p2a: Revavroom|Revavroom, L79, M|256/256\n|-damage|p2a: Revavroom|240/256|[from] Stealth Rock\n|turn|14\n|\n|t:|1781461742\n|-terastallize|p1a: Yanmega|Ground\n|move|p1a: Yanmega|Tera Blast|p2a: Revavroom|[anim] Tera Blast Ground\n|-supereffective|p2a: Revavroom\n|-damage|p2a: Revavroom|0 fnt\n|faint|p2a: Revavroom\n|\n|-ability|p1a: Yanmega|Speed Boost|boost\n|-boost|p1a: Yanmega|spe|1\n|upkeep\n|\n|t:|1781461756\n|switch|p2a: Annihilape|Annihilape, L76, F|231/292\n|-damage|p2a: Annihilape|213/292|[from] Stealth Rock\n|turn|15\n|\n|t:|1781461759\n|-terastallize|p2a: Annihilape|Ghost\n|move|p1a: Yanmega|Air Slash|p2a: Annihilape\n|-damage|p2a: Annihilape|126/292\n|move|p2a: Annihilape|Rage Fist|p1a: Yanmega\n|-damage|p1a: Yanmega|39/275\n|\n|-ability|p1a: Yanmega|Speed Boost|boost\n|-boost|p1a: Yanmega|spe|1\n|upkeep\n|turn|16\n|\n|t:|1781461770\n|move|p1a: Yanmega|Tera Blast|p2a: Annihilape|[anim] Tera Blast Ground\n|-damage|p2a: Annihilape|24/292\n|move|p2a: Annihilape|Drain Punch|p1a: Yanmega\n|-damage|p1a: Yanmega|0 fnt\n|-heal|p2a: Annihilape|44/292|[from] drain|[of] p1a: Yanmega\n|faint|p1a: Yanmega\n|\n|upkeep\n|\n|t:|1781461774\n|switch|p1a: Ribombee|Ribombee, L83, M|22/235\n|turn|17\n|\n|t:|1781461778\n|switch|p2a: Rhydon|Rhydon, L85, M|142/317\n|-damage|p2a: Rhydon|123/317|[from] Stealth Rock\n|move|p1a: Ribombee|Moonblast|p2a: Rhydon\n|-damage|p2a: Rhydon|26/317\n|\n|upkeep\n|turn|18\n|\n|t:|1781461780\n|move|p1a: Ribombee|Moonblast|p2a: Rhydon\n|-damage|p2a: Rhydon|0 fnt\n|faint|p2a: Rhydon\n|\n|upkeep\n|\n|t:|1781461784\n|switch|p2a: Gothitelle|Gothitelle, L90, F|272/272\n|-damage|p2a: Gothitelle|238/272|[from] Stealth Rock\n|turn|19\n|\n|t:|1781461790\n|move|p1a: Ribombee|U-turn|p2a: Gothitelle\n|-supereffective|p2a: Gothitelle\n|-damage|p2a: Gothitelle|152/272\n|\n|t:|1781461795\n|switch|p1a: Deoxys|Deoxys-Defense, L84|221/221|[from] U-turn\n|-ability|p1a: Deoxys|Pressure\n|move|p2a: Gothitelle|Psychic Noise|p1a: Deoxys\n|-resisted|p1a: Deoxys\n|-damage|p1a: Deoxys|194/221\n|-start|p1a: Deoxys|move: Heal Block\n|\n|-heal|p2a: Gothitelle|169/272|[from] item: Leftovers\n|upkeep\n|turn|20\n|\n|t:|1781461800\n|move|p1a: Deoxys|Spikes|p2a: Gothitelle\n|-sidestart|p2: cka.15|Spikes\n|move|p2a: Gothitelle|Calm Mind|p2a: Gothitelle\n|-boost|p2a: Gothitelle|spa|1\n|-boost|p2a: Gothitelle|spd|1\n|\n|-heal|p2a: Gothitelle|186/272|[from] item: Leftovers\n|-end|p1a: Deoxys|move: Heal Block\n|upkeep\n|turn|21\n|\n|t:|1781461804\n|move|p1a: Deoxys|Knock Off|p2a: Gothitelle\n|-supereffective|p2a: Gothitelle\n|-damage|p2a: Gothitelle|84/272\n|-enditem|p2a: Gothitelle|Leftovers|[from] move: Knock Off|[of] p1a: Deoxys\n|move|p2a: Gothitelle|Calm Mind|p2a: Gothitelle\n|-boost|p2a: Gothitelle|spa|1\n|-boost|p2a: Gothitelle|spd|1\n|\n|upkeep\n|turn|22\n|\n|t:|1781461807\n|move|p1a: Deoxys|Knock Off|p2a: Gothitelle\n|-supereffective|p2a: Gothitelle\n|-damage|p2a: Gothitelle|18/272\n|move|p2a: Gothitelle|Dark Pulse|p1a: Deoxys\n|-supereffective|p1a: Deoxys\n|-damage|p1a: Deoxys|30/221\n|\n|upkeep\n|turn|23\n|\n|t:|1781461809\n|move|p1a: Deoxys|Knock Off|p2a: Gothitelle\n|-supereffective|p2a: Gothitelle\n|-damage|p2a: Gothitelle|0 fnt\n|faint|p2a: Gothitelle\n|\n|upkeep\n|\n|t:|1781461811\n|switch|p2a: Meowscarada|Meowscarada, L78, F|146/247\n|-damage|p2a: Meowscarada|116/247|[from] Stealth Rock\n|-damage|p2a: Meowscarada|86/247|[from] Spikes\n|turn|24\n|\n|t:|1781461817\n|switch|p2a: Annihilape|Annihilape, L76, F, tera:Ghost|44/292\n|-damage|p2a: Annihilape|8/292|[from] Stealth Rock\n|-damage|p2a: Annihilape|0 fnt|[from] Spikes\n|faint|p2a: Annihilape\n|move|p1a: Deoxys|Knock Off|p2: Annihilape|[notarget]\n|-fail|p1a: Deoxys\n|\n|upkeep\n|-message|cka.15 forfeited.\n|\n|win|good pork\n", "inputlog": ">version a8376a258c1d4662feba110a92103f3664a72141\n>start {\"formatid\":\"gen9randombattle\",\"seed\":\"sodium,427097285a539d485504ca8fb283aded\",\"rated\":\"Rated battle\"}\n>player p1 {\"name\":\"good pork\",\"avatar\":\"ghetsis-gen5bw\",\"rating\":2113,\"seed\":\"sodium,b2674cae826fe77feb83bb1c7c1a45dd\"}\n>player p2 {\"name\":\"cka.15\",\"avatar\":\"170\",\"rating\":2061,\"seed\":\"sodium,df740fc635a50f0f41d7cfa8f320d66f\"}\n>p1 move knockoff\n>p2 move uturn\n>p2 switch 3\n>p1 switch 4\n>p2 move bulkup\n>p1 move stunspore\n>p2 move ragefist\n>p1 move moonblast\n>p2 switch 2\n>p1 move uturn\n>p2 move terastarstorm\n>p1 switch 2\n>p1 move stealthrock\n>p2 switch 6\n>p1 move ironhead\n>p2 move stealthrock\n>p1 move rapidspin\n>p2 move earthquake\n>p1 move ironhead\n>p2 move earthquake\n>p1 switch 6\n>p1 move hydropump\n>p2 switch 3\n>p1 switch 5\n>p2 move flowertrick\n>p1 move airslash\n>p2 switch 6\n>p1 move bugbuzz\n>p2 move rest\n>p2 switch 5\n>p1 move terablast terastallize\n>p2 move gunkshot\n>p2 switch 2\n>p1 move airslash\n>p2 move ragefist terastallize\n>p1 move terablast\n>p2 move drainpunch\n>p1 switch 2\n>p1 move moonblast\n>p2 switch 3\n>p1 move moonblast\n>p2 move stealthrock\n>p2 switch 4\n>p1 move uturn\n>p2 move psychicnoise\n>p1 switch 3\n>p1 move spikes\n>p2 move calmmind\n>p1 move knockoff\n>p2 move calmmind\n>p1 move knockoff\n>p2 move darkpulse\n>p1 move knockoff\n>p2 move darkpulse\n>p2 switch 6\n>p1 move knockoff\n>p2 switch 3\n>forcelose p2", "uploadtime": 1781461594, "views": 4, "formatid": "gen9randombattle", "rating": null, "private": 0, "password": null}