{"id": "gen9randombattle-2631450270", "format": "[Gen 9] Random Battle", "players": ["Axelace", "nocomment3"], "log": "|j|\u2606Axelace\n|j|\u2606nocomment3\n|t:|1781386146\n|gametype|singles\n|player|p1|Axelace|riley|2073\n|player|p2|nocomment3|2|2104\n|gen|9\n|tier|[Gen 9] Random Battle\n|rated|\n|rule|Species Clause: Limit one of each Pok\u00e9mon\n|rule|HP Percentage Mod: HP is shown in percentages\n|rule|Sleep Clause Mod: Limit one foe put to sleep\n|rule|Illusion Level Mod: Illusion disguises the Pok\u00e9mon's true level\n|\n|t:|1781386146\n|teamsize|p1|6\n|teamsize|p2|6\n|start\n|switch|p1a: Donphan|Donphan, L84, M|288/288\n|switch|p2a: Pelipper|Pelipper, L86, F|243/243\n|-weather|RainDance|[from] ability: Drizzle|[of] p2a: Pelipper\n|turn|1\n|\n|t:|1781386161\n|move|p2a: Pelipper|Knock Off|p1a: Donphan\n|-damage|p1a: Donphan|251/288\n|-enditem|p1a: Donphan|Leftovers|[from] move: Knock Off|[of] p2a: Pelipper\n|move|p1a: Donphan|Stealth Rock|p2a: Pelipper\n|-sidestart|p2: nocomment3|move: Stealth Rock\n|\n|-weather|RainDance|[upkeep]\n|upkeep\n|turn|2\n|\n|t:|1781386168\n|switch|p1a: Uxie|Uxie, L83|260/260\n|move|p2a: Pelipper|Hurricane|p1a: Uxie\n|-damage|p1a: Uxie|176/260\n|\n|-weather|RainDance|[upkeep]\n|-heal|p1a: Uxie|192/260|[from] item: Leftovers\n|upkeep\n|turn|3\n|\n|t:|1781386175\n|move|p1a: Uxie|Thunder Wave|p2a: Pelipper|[miss]\n|-miss|p1a: Uxie|p2a: Pelipper\n|move|p2a: Pelipper|Knock Off|p1a: Uxie\n|-supereffective|p1a: Uxie\n|-damage|p1a: Uxie|124/260\n|-enditem|p1a: Uxie|Leftovers|[from] move: Knock Off|[of] p2a: Pelipper\n|\n|-weather|RainDance|[upkeep]\n|upkeep\n|turn|4\n|\n|t:|1781386179\n|switch|p2a: Minior|Minior-Yellow, L79|224/224\n|-damage|p2a: Minior|168/224|[from] Stealth Rock\n|-formechange|p2a: Minior|Minior-Meteor||[from] ability: Shields Down\n|move|p1a: Uxie|Psychic Noise|p2a: Minior\n|-damage|p2a: Minior|104/224\n|-start|p2a: Minior|move: Heal Block\n|\n|-weather|RainDance|[upkeep]\n|-formechange|p2a: Minior|Minior-Yellow||[from] ability: Shields Down\n|upkeep\n|turn|5\n|\n|t:|1781386188\n|move|p2a: Minior|Shell Smash|p2a: Minior\n|-unboost|p2a: Minior|def|1\n|-unboost|p2a: Minior|spd|1\n|-boost|p2a: Minior|atk|2\n|-boost|p2a: Minior|spa|2\n|-boost|p2a: Minior|spe|2\n|-enditem|p2a: Minior|White Herb\n|-clearnegativeboost|p2a: Minior|[silent]\n|move|p1a: Uxie|Psychic Noise|p2a: Minior\n|-damage|p2a: Minior|16/224\n|\n|-weather|none\n|-end|p2a: Minior|move: Heal Block\n|upkeep\n|turn|6\n|\n|t:|1781386198\n|switch|p1a: Donphan|Donphan, L84, M|251/288\n|move|p2a: Minior|Acrobatics|p1a: Donphan\n|-damage|p1a: Donphan|86/288\n|\n|upkeep\n|turn|7\n|\n|t:|1781386205\n|move|p2a: Minior|Acrobatics|p1a: Donphan\n|-damage|p1a: Donphan|0 fnt\n|faint|p1a: Donphan\n|\n|upkeep\n|\n|t:|1781386214\n|switch|p1a: Sableye|Sableye, L88, M|231/231\n|turn|8\n|\n|t:|1781386220\n|move|p1a: Sableye|Will-O-Wisp|p2a: Minior\n|-status|p2a: Minior|brn\n|move|p2a: Minior|Power Gem|p1a: Sableye\n|-damage|p1a: Sableye|56/231\n|\n|-heal|p1a: Sableye|70/231|[from] item: Leftovers\n|-damage|p2a: Minior|2/224 brn|[from] brn\n|upkeep\n|turn|9\n|\n|t:|1781386229\n|move|p1a: Sableye|Recover|p1a: Sableye\n|-heal|p1a: Sableye|186/231\n|move|p2a: Minior|Power Gem|p1a: Sableye\n|-damage|p1a: Sableye|3/231\n|\n|-heal|p1a: Sableye|17/231|[from] item: Leftovers\n|-damage|p2a: Minior|0 fnt|[from] brn\n|faint|p2a: Minior\n|upkeep\n|\n|t:|1781386233\n|switch|p2a: Pelipper|Pelipper, L86, F|243/243\n|-weather|RainDance|[from] ability: Drizzle|[of] p2a: Pelipper\n|turn|10\n|\n|t:|1781386238\n|move|p1a: Sableye|Will-O-Wisp|p2a: Pelipper\n|-status|p2a: Pelipper|brn\n|move|p2a: Pelipper|Surf|p1a: Sableye\n|-damage|p1a: Sableye|0 fnt\n|faint|p1a: Sableye\n|\n|-weather|RainDance|[upkeep]\n|-damage|p2a: Pelipper|228/243 brn|[from] brn\n|upkeep\n|\n|t:|1781386244\n|switch|p1a: Iron Jugulis|Iron Jugulis, L77|271/271\n|turn|11\n|\n|t:|1781386247\n|move|p1a: Iron Jugulis|Hurricane|p2a: Pelipper\n|-damage|p2a: Pelipper|36/243 brn\n|move|p2a: Pelipper|Hurricane|p1a: Iron Jugulis\n|-damage|p1a: Iron Jugulis|136/271\n|-start|p1a: Iron Jugulis|confusion\n|\n|-weather|RainDance|[upkeep]\n|-damage|p2a: Pelipper|21/243 brn|[from] brn\n|upkeep\n|turn|12\n|\n|t:|1781386254\n|-activate|p1a: Iron Jugulis|confusion\n|-damage|p1a: Iron Jugulis|111/271|[from] confusion\n|move|p2a: Pelipper|Hurricane|p1a: Iron Jugulis\n|-damage|p1a: Iron Jugulis|0 fnt\n|faint|p1a: Iron Jugulis\n|-end|p1a: Iron Jugulis|Quark Drive|[silent]\n|\n|-weather|RainDance|[upkeep]\n|-damage|p2a: Pelipper|6/243 brn|[from] brn\n|upkeep\n|\n|t:|1781386258\n|switch|p1a: Uxie|Uxie, L83|124/260\n|turn|13\n|\n|t:|1781386260\n|move|p1a: Uxie|Psychic Noise|p2a: Pelipper\n|-damage|p2a: Pelipper|0 fnt\n|faint|p2a: Pelipper\n|\n|-weather|RainDance|[upkeep]\n|upkeep\n|\n|t:|1781386266\n|switch|p2a: Flapple|Flapple, L88, M|266/266\n|-damage|p2a: Flapple|233/266|[from] Stealth Rock\n|turn|14\n|\n|t:|1781386272\n|move|p1a: Uxie|Thunder Wave|p2a: Flapple\n|-status|p2a: Flapple|par\n|-enditem|p2a: Flapple|Lum Berry|[eat]\n|-curestatus|p2a: Flapple|par|[msg]\n|move|p2a: Flapple|Dragon Dance|p2a: Flapple\n|-boost|p2a: Flapple|atk|1\n|-boost|p2a: Flapple|spe|1\n|\n|-weather|none\n|upkeep\n|turn|15\n|\n|t:|1781386277\n|move|p2a: Flapple|Grav Apple|p1a: Uxie\n|-damage|p1a: Uxie|0 fnt\n|faint|p1a: Uxie\n|\n|upkeep\n|\n|t:|1781386281\n|switch|p1a: Trevenant|Trevenant, L89, F|296/296\n|turn|16\n|\n|t:|1781386284\n|move|p2a: Flapple|Outrage|p1a: Trevenant\n|-damage|p1a: Trevenant|0 fnt\n|faint|p1a: Trevenant\n|\n|upkeep\n|\n|t:|1781386287\n|switch|p1a: Deoxys|Deoxys-Attack, L72|191/191\n|-ability|p1a: Deoxys|Pressure\n|turn|17\n|\n|t:|1781386289\n|move|p2a: Flapple|Outrage|p1a: Deoxys|[from] lockedmove\n|-damage|p1a: Deoxys|0 fnt\n|faint|p1a: Deoxys\n|-start|p2a: Flapple|confusion|[fatigue]\n|\n|win|nocomment3\n", "inputlog": ">version a8376a258c1d4662feba110a92103f3664a72141\n>start {\"formatid\":\"gen9randombattle\",\"seed\":\"sodium,8a03aa336b01eb375a4261bdc5306225\",\"rated\":\"Rated battle\"}\n>player p1 {\"name\":\"Axelace\",\"avatar\":\"riley\",\"rating\":2073,\"seed\":\"sodium,1db54c2032c720d9acb0162176ad46cd\"}\n>player p2 {\"name\":\"nocomment3\",\"avatar\":\"2\",\"rating\":2104,\"seed\":\"sodium,6c3e73a1b7abf51c6aba00519cabd89c\"}\n>p1 move stealthrock\n>p2 move knockoff\n>p1 switch 5\n>p2 move hurricane\n>p1 move thunderwave\n>p2 move knockoff\n>p1 move psychicnoise\n>p2 switch 4\n>p1 move psychicnoise\n>p2 move shellsmash\n>p1 switch 5\n>p2 move acrobatics\n>p1 move icespinner\n>p2 move acrobatics\n>p1 switch 2\n>p1 move willowisp\n>p2 move powergem\n>p1 move recover\n>p2 move powergem\n>p2 switch 4\n>p1 move willowisp\n>p2 move surf\n>p1 switch 3\n>p1 move hurricane\n>p2 move hurricane\n>p1 move hurricane\n>p2 move hurricane\n>p1 switch 5\n>p1 move psychicnoise\n>p2 move knockoff\n>p2 switch 2\n>p1 move thunderwave\n>p2 move dragondance\n>p1 move encore\n>p2 move gravapple\n>p1 switch 6\n>p1 move drainpunch\n>p2 move outrage\n>p1 switch 4\n>p1 move icebeam\n>p2 move outrage", "uploadtime": 1781386147, "views": 8, "formatid": "gen9randombattle", "rating": null, "private": 0, "password": null}