{"id": "gen9randombattle-2631576369", "format": "[Gen 9] Random Battle", "players": ["whisperwyrm", "soumatou_story"], "log": "|j|\u2606whisperwyrm\n|j|\u2606soumatou_story\n|t:|1781403572\n|gametype|singles\n|player|p1|whisperwyrm|170|2188\n|player|p2|soumatou_story|parasollady|2301\n|gen|9\n|tier|[Gen 9] Random Battle\n|rated|\n|rule|Species Clause: Limit one of each Pok\u00e9mon\n|rule|HP Percentage Mod: HP is shown in percentages\n|rule|Sleep Clause Mod: Limit one foe put to sleep\n|rule|Illusion Level Mod: Illusion disguises the Pok\u00e9mon's true level\n|\n|t:|1781403572\n|teamsize|p1|6\n|teamsize|p2|6\n|start\n|switch|p1a: Veluza|Veluza, L85, M|292/292\n|switch|p2a: Donphan|Donphan, L84, M|288/288\n|turn|1\n|inactive|Battle timer is ON: inactive players will automatically lose when time's up. (requested by whisperwyrm)\n|\n|t:|1781403583\n|switch|p2a: Slowking|Slowking, L88, M|310/310\n|move|p1a: Veluza|Fillet Away|p1a: Veluza\n|-boost|p1a: Veluza|atk|2\n|-boost|p1a: Veluza|spa|2\n|-boost|p1a: Veluza|spe|2\n|-damage|p1a: Veluza|146/292\n|-enditem|p1a: Veluza|Sitrus Berry|[eat]\n|-heal|p1a: Veluza|219/292|[from] item: Sitrus Berry\n|\n|upkeep\n|turn|2\n|\n|t:|1781403592\n|-terastallize|p2a: Slowking|Fairy\n|move|p1a: Veluza|Night Slash|p2a: Slowking\n|-resisted|p2a: Slowking\n|-crit|p2a: Slowking\n|-damage|p2a: Slowking|187/310\n|move|p2a: Slowking|Thunder Wave|p1a: Veluza\n|-status|p1a: Veluza|par\n|\n|-heal|p2a: Slowking|206/310|[from] item: Leftovers\n|upkeep\n|turn|3\n|\n|t:|1781403607\n|switch|p2a: Ambipom|Ambipom, L84, F|263/263\n|move|p1a: Veluza|Aqua Cutter|p2a: Ambipom\n|-damage|p2a: Ambipom|0 fnt\n|faint|p2a: Ambipom\n|\n|upkeep\n|\n|t:|1781403613\n|switch|p2a: Gengar|Gengar, L81, M|230/230\n|turn|4\n|\n|t:|1781403632\n|-terastallize|p1a: Veluza|Dark\n|move|p2a: Gengar|Shadow Ball|p1a: Veluza\n|-resisted|p1a: Veluza\n|-damage|p1a: Veluza|133/292 par\n|-damage|p2a: Gengar|207/230|[from] item: Life Orb\n|cant|p1a: Veluza|par\n|\n|upkeep\n|turn|5\n|\n|t:|1781403639\n|move|p2a: Gengar|Sludge Wave|p1a: Veluza\n|-damage|p1a: Veluza|0 fnt\n|faint|p1a: Veluza\n|-damage|p2a: Gengar|184/230|[from] item: Life Orb\n|\n|upkeep\n|\n|t:|1781403646\n|switch|p1a: Dragalge|Dragalge, L88, F|258/258\n|turn|6\n|\n|t:|1781403654\n|switch|p2a: Donphan|Donphan, L84, M|288/288\n|move|p1a: Dragalge|Draco Meteor|p2a: Donphan\n|-damage|p2a: Donphan|44/288\n|-unboost|p1a: Dragalge|spa|2\n|\n|-heal|p2a: Donphan|62/288|[from] item: Leftovers\n|upkeep\n|turn|7\n|\n|t:|1781403660\n|switch|p1a: Abomasnow|Abomasnow, L84, M|287/287\n|-weather|Snowscape|[from] ability: Snow Warning|[of] p1a: Abomasnow\n|move|p2a: Donphan|Stealth Rock|p1a: Abomasnow\n|-sidestart|p1: whisperwyrm|move: Stealth Rock\n|\n|-weather|Snowscape|[upkeep]\n|-heal|p2a: Donphan|80/288|[from] item: Leftovers\n|upkeep\n|turn|8\n|\n|t:|1781403670\n|switch|p2a: Slowking|Slowking, L88, M, tera:Fairy|309/310\n|move|p1a: Abomasnow|Aurora Veil|p1a: Abomasnow\n|-sidestart|p1: whisperwyrm|move: Aurora Veil\n|\n|-weather|Snowscape|[upkeep]\n|-heal|p2a: Slowking|310/310|[from] item: Leftovers\n|upkeep\n|turn|9\n|\n|t:|1781403675\n|switch|p1a: Dragalge|Dragalge, L88, F|258/258\n|-damage|p1a: Dragalge|226/258|[from] Stealth Rock\n|move|p2a: Slowking|Thunder Wave|p1a: Dragalge\n|-status|p1a: Dragalge|par\n|\n|-weather|Snowscape|[upkeep]\n|-heal|p1a: Dragalge|242/258 par|[from] item: Leftovers\n|upkeep\n|turn|10\n|\n|t:|1781403681\n|switch|p2a: Donphan|Donphan, L84, M|80/288\n|move|p1a: Dragalge|Sludge Wave|p2a: Donphan\n|-resisted|p2a: Donphan\n|-damage|p2a: Donphan|0 fnt\n|faint|p2a: Donphan\n|\n|-weather|Snowscape|[upkeep]\n|-heal|p1a: Dragalge|258/258 par|[from] item: Leftovers\n|upkeep\n|\n|t:|1781403687\n|switch|p2a: Gengar|Gengar, L81, M|184/230\n|turn|11\n|\n|t:|1781403690\n|move|p2a: Gengar|Nasty Plot|p2a: Gengar\n|-boost|p2a: Gengar|spa|2\n|move|p1a: Dragalge|Draco Meteor|p2a: Gengar\n|-damage|p2a: Gengar|0 fnt\n|-unboost|p1a: Dragalge|spa|2\n|faint|p2a: Gengar\n|\n|-weather|none\n|upkeep\n|\n|t:|1781403693\n|switch|p2a: Carbink|Carbink, L90|236/236\n|turn|12\n|\n|t:|1781403701\n|switch|p1a: Basculin|Basculin-Blue-Striped, L86, M|261/261\n|-damage|p1a: Basculin|229/261|[from] Stealth Rock\n|move|p2a: Carbink|Iron Defense|p2a: Carbink\n|-boost|p2a: Carbink|def|2\n|\n|upkeep\n|turn|13\n|\n|t:|1781403709\n|move|p1a: Basculin|Wave Crash|p2a: Carbink\n|-supereffective|p2a: Carbink\n|-damage|p2a: Carbink|76/236\n|-damage|p1a: Basculin|176/261|[from] Recoil\n|move|p2a: Carbink|Rock Polish|p2a: Carbink\n|-boost|p2a: Carbink|spe|2\n|\n|-heal|p2a: Carbink|90/236|[from] item: Leftovers\n|upkeep\n|turn|14\n|\n|t:|1781403714\n|move|p2a: Carbink|Body Press|p1a: Basculin\n|-damage|p1a: Basculin|61/261\n|move|p1a: Basculin|Wave Crash|p2a: Carbink\n|-supereffective|p2a: Carbink\n|-crit|p2a: Carbink\n|-damage|p2a: Carbink|0 fnt\n|faint|p2a: Carbink\n|-damage|p1a: Basculin|31/261|[from] Recoil\n|\n|upkeep\n|\n|t:|1781403717\n|switch|p2a: Slowking|Slowking, L88, M, tera:Fairy|310/310\n|turn|15\n|\n|t:|1781403723\n|move|p1a: Basculin|Wave Crash|p2a: Slowking\n|-damage|p2a: Slowking|64/310\n|-damage|p1a: Basculin|0 fnt|[from] Recoil\n|faint|p1a: Basculin\n|move|p2a: Slowking|Slack Off|p2a: Slowking\n|-heal|p2a: Slowking|219/310\n|\n|-heal|p2a: Slowking|238/310|[from] item: Leftovers\n|-sideend|p1: whisperwyrm|move: Aurora Veil\n|upkeep\n|\n|t:|1781403726\n|switch|p1a: Dragalge|Dragalge, L88, F|258/258 par\n|-damage|p1a: Dragalge|226/258 par|[from] Stealth Rock\n|turn|16\n|\n|t:|1781403729\n|move|p2a: Slowking|Psyshock|p1a: Dragalge\n|-supereffective|p1a: Dragalge\n|-damage|p1a: Dragalge|34/258 par\n|move|p1a: Dragalge|Sludge Wave|p2a: Slowking\n|-supereffective|p2a: Slowking\n|-damage|p2a: Slowking|10/310\n|\n|-heal|p2a: Slowking|29/310|[from] item: Leftovers\n|-heal|p1a: Dragalge|50/258 par|[from] item: Leftovers\n|upkeep\n|turn|17\n|\n|t:|1781403743\n|move|p2a: Slowking|Scald|p1a: Dragalge\n|-resisted|p1a: Dragalge\n|-damage|p1a: Dragalge|13/258 par\n|cant|p1a: Dragalge|par\n|\n|-heal|p2a: Slowking|48/310|[from] item: Leftovers\n|-heal|p1a: Dragalge|29/258 par|[from] item: Leftovers\n|upkeep\n|turn|18\n|\n|t:|1781403748\n|move|p2a: Slowking|Thunder Wave|p1a: Dragalge\n|-fail|p1a: Dragalge|par\n|move|p1a: Dragalge|Sludge Wave|p2a: Slowking\n|-supereffective|p2a: Slowking\n|-damage|p2a: Slowking|0 fnt\n|faint|p2a: Slowking\n|\n|-heal|p1a: Dragalge|45/258 par|[from] item: Leftovers\n|upkeep\n|\n|t:|1781403749\n|switch|p2a: Dragonite|Dragonite, L74, F|257/257\n|turn|19\n|\n|t:|1781403759\n|move|p2a: Dragonite|Dragon Dance|p2a: Dragonite\n|-boost|p2a: Dragonite|atk|1\n|-boost|p2a: Dragonite|spe|1\n|move|p1a: Dragalge|Sludge Wave|p2a: Dragonite\n|-damage|p2a: Dragonite|184/257\n|\n|-heal|p1a: Dragalge|61/258 par|[from] item: Leftovers\n|upkeep\n|turn|20\n|\n|t:|1781403763\n|move|p2a: Dragonite|Earthquake|p1a: Dragalge\n|-supereffective|p1a: Dragalge\n|-crit|p1a: Dragalge\n|-damage|p1a: Dragalge|0 fnt\n|faint|p1a: Dragalge\n|\n|upkeep\n|\n|t:|1781403765\n|switch|p1a: Abomasnow|Abomasnow, L84, M|287/287\n|-damage|p1a: Abomasnow|216/287|[from] Stealth Rock\n|-weather|Snowscape|[from] ability: Snow Warning|[of] p1a: Abomasnow\n|turn|21\n|\n|t:|1781403768\n|move|p1a: Abomasnow|Ice Shard|p2a: Dragonite\n|-supereffective|p2a: Dragonite\n|-damage|p2a: Dragonite|0 fnt\n|faint|p2a: Dragonite\n|\n|win|whisperwyrm\n", "inputlog": ">version a8376a258c1d4662feba110a92103f3664a72141\n>start {\"formatid\":\"gen9randombattle\",\"seed\":\"sodium,4d8cef3562c5554bf2f08eaaa1640910\",\"rated\":\"Rated battle\"}\n>player p1 {\"name\":\"whisperwyrm\",\"avatar\":\"170\",\"rating\":2188,\"seed\":\"sodium,c0701dba0f42f6545efd9e3716c20f70\"}\n>player p2 {\"name\":\"soumatou_story\",\"avatar\":\"parasollady\",\"rating\":2301,\"seed\":\"sodium,e87814972253024b78a11fd5706a62b7\"}\n>p1 move filletaway\n>p2 switch 2\n>p1 move nightslash\n>p2 move thunderwave terastallize\n>p1 move aquacutter\n>p2 switch 5\n>p2 switch 3\n>p1 move nightslash terastallize\n>p2 move shadowball\n>p1 move nightslash\n>p2 move sludgewave\n>p1 switch 3\n>p1 move dracometeor\n>p2 switch 2\n>p1 switch 6\n>p2 move stealthrock\n>p1 move auroraveil\n>p2 switch 5\n>p1 switch 6\n>p2 move thunderwave\n>p1 move sludgewave\n>p2 switch 5\n>p2 switch 2\n>p1 move dracometeor\n>p2 move nastyplot\n>p2 switch 4\n>p1 switch 5\n>p2 move irondefense\n>p1 move wavecrash\n>p2 move rockpolish\n>p1 move wavecrash\n>p2 move bodypress\n>p2 switch 5\n>p1 move wavecrash\n>p2 move slackoff\n>p1 switch 5\n>p1 move sludgewave\n>p2 move psyshock\n>p1 move sludgewave\n>p2 move scald\n>p1 move sludgewave\n>p2 move thunderwave\n>p2 switch 6\n>p1 move sludgewave\n>p2 move dragondance\n>p1 move dracometeor\n>p2 move earthquake\n>p1 switch 6\n>p1 move iceshard\n>p2 move ironhead", "uploadtime": 1781403574, "views": 5, "formatid": "gen9randombattle", "rating": null, "private": 0, "password": null}