{"id": "gen9randombattle-2631776769", "format": "[Gen 9] Random Battle", "players": ["joebidenfan1245", "Valentina17"], "log": "|j|\u2606joebidenfan1245\n|j|\u2606Valentina17\n|t:|1781437995\n|gametype|singles\n|player|p1|joebidenfan1245|265|1926\n|player|p2|Valentina17|parasollady|1897\n|gen|9\n|tier|[Gen 9] Random Battle\n|rated|\n|rule|Species Clause: Limit one of each Pok\u00e9mon\n|rule|HP Percentage Mod: HP is shown in percentages\n|rule|Sleep Clause Mod: Limit one foe put to sleep\n|rule|Illusion Level Mod: Illusion disguises the Pok\u00e9mon's true level\n|\n|t:|1781437995\n|teamsize|p1|6\n|teamsize|p2|6\n|start\n|switch|p1a: Alomomola|Alomomola, L87, F|429/429\n|switch|p2a: Carbink|Carbink, L90|236/236\n|turn|1\n|inactive|Battle timer is ON: inactive players will automatically lose when time's up. (requested by Valentina17)\n|\n|t:|1781438018\n|move|p1a: Alomomola|Scald|p2a: Carbink\n|-supereffective|p2a: Carbink\n|-damage|p2a: Carbink|176/236\n|move|p2a: Carbink|Rock Polish|p2a: Carbink\n|-boost|p2a: Carbink|spe|2\n|\n|-heal|p2a: Carbink|190/236|[from] item: Leftovers\n|upkeep\n|turn|2\n|\n|t:|1781438036\n|move|p2a: Carbink|Iron Defense|p2a: Carbink\n|-boost|p2a: Carbink|def|2\n|move|p1a: Alomomola|Flip Turn|p2a: Carbink\n|-supereffective|p2a: Carbink\n|-damage|p2a: Carbink|152/236\n|\n|t:|1781438053\n|switch|p1a: Lurantis|Lurantis, L87, F|264/264|[from] Flip Turn\n|\n|-heal|p2a: Carbink|166/236|[from] item: Leftovers\n|upkeep\n|turn|3\n|\n|t:|1781438059\n|move|p2a: Carbink|Body Press|p1a: Lurantis\n|-damage|p1a: Lurantis|75/264\n|move|p1a: Lurantis|Leaf Storm|p2a: Carbink\n|-supereffective|p2a: Carbink\n|-damage|p2a: Carbink|10/236\n|-boost|p1a: Lurantis|spa|2\n|\n|-heal|p2a: Carbink|24/236|[from] item: Leftovers\n|-heal|p1a: Lurantis|91/264|[from] item: Leftovers\n|upkeep\n|turn|4\n|\n|t:|1781438073\n|move|p2a: Carbink|Body Press|p1a: Lurantis\n|-damage|p1a: Lurantis|0 fnt\n|faint|p1a: Lurantis\n|\n|-heal|p2a: Carbink|38/236|[from] item: Leftovers\n|upkeep\n|\n|t:|1781438089\n|switch|p1a: Alomomola|Alomomola, L87, F|429/429\n|turn|5\n|\n|t:|1781438098\n|move|p2a: Carbink|Moonblast|p1a: Alomomola\n|-damage|p1a: Alomomola|315/429\n|move|p1a: Alomomola|Scald|p2a: Carbink\n|-supereffective|p2a: Carbink\n|-damage|p2a: Carbink|0 fnt\n|faint|p2a: Carbink\n|\n|upkeep\n|\n|t:|1781438104\n|switch|p2a: Vileplume|Vileplume, L85, F|266/266\n|turn|6\n|\n|t:|1781438115\n|move|p1a: Alomomola|Protect|p1a: Alomomola\n|-singleturn|p1a: Alomomola|Protect\n|move|p2a: Vileplume|Sludge Bomb|p1a: Alomomola\n|-activate|p1a: Alomomola|move: Protect\n|\n|upkeep\n|turn|7\n|\n|t:|1781438128\n|switch|p1a: Kingambit|Kingambit, L74, F|270/270\n|-activate|p1a: Kingambit|ability: Supreme Overlord\n|-start|p1a: Kingambit|fallen1|[silent]\n|move|p2a: Vileplume|Sleep Powder|p1a: Kingambit\n|-status|p1a: Kingambit|slp|[from] move: Sleep Powder\n|\n|upkeep\n|turn|8\n|\n|t:|1781438137\n|move|p2a: Vileplume|Strength Sap|p1a: Kingambit\n|-unboost|p1a: Kingambit|atk|1\n|cant|p1a: Kingambit|slp\n|\n|upkeep\n|turn|9\n|\n|t:|1781438157\n|-end|p1a: Kingambit|fallen1|[silent]\n|switch|p1a: Drifblim|Drifblim, L86, F|398/398\n|move|p2a: Vileplume|Giga Drain|p1a: Drifblim\n|-resisted|p1a: Drifblim\n|-damage|p1a: Drifblim|335/398\n|\n|upkeep\n|turn|10\n|\n|t:|1781438163\n|move|p1a: Drifblim|Air Slash|p2a: Vileplume\n|-supereffective|p2a: Vileplume\n|-damage|p2a: Vileplume|122/266\n|cant|p2a: Vileplume|flinch\n|\n|-heal|p2a: Vileplume|138/266|[from] item: Leftovers\n|upkeep\n|turn|11\n|\n|t:|1781438170\n|switch|p2a: Samurott|Samurott-Hisui, L77, F|265/265\n|move|p1a: Drifblim|Air Slash|p2a: Samurott\n|-damage|p2a: Samurott|157/265\n|\n|upkeep\n|turn|12\n|\n|t:|1781438181\n|switch|p1a: Zarude|Zarude-Dada, L77|288/288\n|move|p2a: Samurott|Ceaseless Edge|p1a: Zarude|[miss]\n|-miss|p2a: Samurott|p1a: Zarude\n|\n|upkeep\n|turn|13\n|\n|t:|1781438190\n|switch|p2a: Vileplume|Vileplume, L85, F|138/266\n|move|p1a: Zarude|Swords Dance|p1a: Zarude\n|-boost|p1a: Zarude|atk|2\n|\n|-heal|p2a: Vileplume|154/266|[from] item: Leftovers\n|upkeep\n|turn|14\n|\n|t:|1781438200\n|switch|p2a: Scream Tail|Scream Tail, L84|330/330\n|move|p1a: Zarude|Knock Off|p2a: Scream Tail\n|-damage|p2a: Scream Tail|99/330\n|-enditem|p2a: Scream Tail|Leftovers|[from] move: Knock Off|[of] p1a: Zarude\n|-damage|p1a: Zarude|260/288|[from] item: Life Orb\n|\n|upkeep\n|turn|15\n|\n|t:|1781438216\n|switch|p1a: Drifblim|Drifblim, L86, F|335/398\n|move|p2a: Scream Tail|Thunder Wave|p1a: Drifblim\n|-status|p1a: Drifblim|par\n|\n|upkeep\n|turn|16\n|\n|t:|1781438226\n|move|p2a: Scream Tail|Wish|p2a: Scream Tail\n|move|p1a: Drifblim|Shadow Ball|p2a: Scream Tail\n|-supereffective|p2a: Scream Tail\n|-crit|p2a: Scream Tail\n|-damage|p2a: Scream Tail|0 fnt\n|faint|p2a: Scream Tail\n|-end|p2a: Scream Tail|Protosynthesis|[silent]\n|\n|upkeep\n|\n|t:|1781438229\n|switch|p2a: Samurott|Samurott-Hisui, L77, F|157/265\n|turn|17\n|\n|t:|1781438235\n|move|p2a: Samurott|Ceaseless Edge|p1a: Drifblim\n|-supereffective|p1a: Drifblim\n|-damage|p1a: Drifblim|0 fnt\n|-damage|p2a: Samurott|91/265|[from] ability: Aftermath|[of] p1a: Drifblim\n|-sidestart|p1: joebidenfan1245|Spikes\n|faint|p1a: Drifblim\n|\n|-heal|p2a: Samurott|256/265|[from] move: Wish|[wisher] Scream Tail\n|upkeep\n|\n|t:|1781438238\n|switch|p1a: Zarude|Zarude-Dada, L77|260/288\n|-damage|p1a: Zarude|224/288|[from] Spikes\n|turn|18\n|\n|t:|1781438245\n|switch|p2a: Vileplume|Vileplume, L85, F|154/266\n|move|p1a: Zarude|Close Combat|p2a: Vileplume\n|-resisted|p2a: Vileplume\n|-damage|p2a: Vileplume|101/266\n|-unboost|p1a: Zarude|def|1\n|-unboost|p1a: Zarude|spd|1\n|-damage|p1a: Zarude|196/288|[from] item: Life Orb\n|\n|-heal|p2a: Vileplume|117/266|[from] item: Leftovers\n|upkeep\n|turn|19\n|\n|t:|1781438259\n|switch|p1a: Kingambit|Kingambit, L74, F|270/270 slp\n|-damage|p1a: Kingambit|237/270 slp|[from] Spikes\n|-activate|p1a: Kingambit|ability: Supreme Overlord\n|-start|p1a: Kingambit|fallen2|[silent]\n|move|p2a: Vileplume|Sludge Bomb|p1a: Kingambit\n|-immune|p1a: Kingambit\n|\n|-heal|p2a: Vileplume|133/266|[from] item: Leftovers\n|-heal|p1a: Kingambit|253/270 slp|[from] item: Leftovers\n|upkeep\n|turn|20\n|\n|t:|1781438265\n|move|p2a: Vileplume|Strength Sap|p1a: Kingambit\n|-unboost|p1a: Kingambit|atk|1\n|-heal|p2a: Vileplume|266/266\n|-curestatus|p1a: Kingambit|slp|[msg]\n|move|p1a: Kingambit|Swords Dance|p1a: Kingambit\n|-boost|p1a: Kingambit|atk|2\n|\n|-heal|p1a: Kingambit|269/270|[from] item: Leftovers\n|upkeep\n|turn|21\n|\n|t:|1781438277\n|move|p2a: Vileplume|Strength Sap|p1a: Kingambit\n|-unboost|p1a: Kingambit|atk|1\n|move|p1a: Kingambit|Iron Head|p2a: Vileplume\n|-damage|p2a: Vileplume|157/266\n|\n|-heal|p2a: Vileplume|173/266|[from] item: Leftovers\n|-heal|p1a: Kingambit|270/270|[from] item: Leftovers\n|upkeep\n|turn|22\n|\n|t:|1781438291\n|move|p2a: Vileplume|Sleep Powder|p1a: Kingambit\n|-status|p1a: Kingambit|slp|[from] move: Sleep Powder\n|cant|p1a: Kingambit|slp\n|\n|-heal|p2a: Vileplume|189/266|[from] item: Leftovers\n|upkeep\n|turn|23\n|\n|t:|1781438307\n|move|p2a: Vileplume|Giga Drain|p1a: Kingambit\n|-resisted|p1a: Kingambit\n|-damage|p1a: Kingambit|216/270 slp\n|-heal|p2a: Vileplume|216/266|[from] drain|[of] p1a: Kingambit\n|cant|p1a: Kingambit|slp\n|\n|-heal|p2a: Vileplume|232/266|[from] item: Leftovers\n|-heal|p1a: Kingambit|232/270 slp|[from] item: Leftovers\n|upkeep\n|turn|24\n|\n|t:|1781438323\n|switch|p2a: Samurott|Samurott-Hisui, L77, F|256/265\n|cant|p1a: Kingambit|slp\n|\n|-heal|p1a: Kingambit|248/270 slp|[from] item: Leftovers\n|upkeep\n|turn|25\n|\n|t:|1781438331\n|-end|p1a: Kingambit|fallen2|[silent]\n|switch|p1a: Alomomola|Alomomola, L87, F|429/429\n|move|p2a: Samurott|Sacred Sword|p1a: Alomomola\n|-damage|p1a: Alomomola|286/429\n|\n|upkeep\n|turn|26\n|\n|t:|1781438339\n|switch|p2a: Vileplume|Vileplume, L85, F|232/266\n|move|p1a: Alomomola|Wish|p1a: Alomomola\n|\n|-heal|p2a: Vileplume|248/266|[from] item: Leftovers\n|upkeep\n|turn|27\n|\n|t:|1781438343\n|switch|p1a: Kleavor|Kleavor, L78, F|237/237\n|-damage|p1a: Kleavor|208/237|[from] Spikes\n|move|p2a: Vileplume|Strength Sap|p1a: Kleavor\n|-unboost|p1a: Kleavor|atk|1\n|-heal|p2a: Vileplume|266/266\n|\n|-heal|p1a: Kleavor|237/237|[from] move: Wish|[wisher] Alomomola\n|upkeep\n|turn|28\n|\n|t:|1781438350\n|move|p1a: Kleavor|X-Scissor|p2a: Vileplume\n|-damage|p2a: Vileplume|118/266\n|-status|p1a: Kleavor|psn|[from] ability: Effect Spore|[of] p2a: Vileplume\n|move|p2a: Vileplume|Giga Drain|p1a: Kleavor\n|-crit|p1a: Kleavor\n|-damage|p1a: Kleavor|48/237 psn\n|-heal|p2a: Vileplume|213/266|[from] drain|[of] p1a: Kleavor\n|\n|-heal|p2a: Vileplume|229/266|[from] item: Leftovers\n|-damage|p1a: Kleavor|19/237 psn|[from] psn\n|upkeep\n|turn|29\n|\n|t:|1781438355\n|move|p1a: Kleavor|X-Scissor|p2a: Vileplume\n|-damage|p2a: Vileplume|78/266\n|move|p2a: Vileplume|Strength Sap|p1a: Kleavor\n|-unboost|p1a: Kleavor|atk|1\n|-heal|p2a: Vileplume|248/266\n|\n|-heal|p2a: Vileplume|264/266|[from] item: Leftovers\n|-damage|p1a: Kleavor|0 fnt|[from] psn\n|faint|p1a: Kleavor\n|upkeep\n|c|\u2606joebidenfan1245|disgusting mon\n|\n|t:|1781438365\n|switch|p1a: Zarude|Zarude-Dada, L77|196/288\n|-damage|p1a: Zarude|160/288|[from] Spikes\n|turn|30\n|\n|t:|1781438371\n|-terastallize|p1a: Zarude|Dark\n|move|p1a: Zarude|Swords Dance|p1a: Zarude\n|-boost|p1a: Zarude|atk|2\n|move|p2a: Vileplume|Sludge Bomb|p1a: Zarude\n|-damage|p1a: Zarude|39/288\n|\n|-heal|p2a: Vileplume|266/266|[from] item: Leftovers\n|upkeep\n|turn|31\n|\n|t:|1781438377\n|move|p1a: Zarude|Knock Off|p2a: Vileplume\n|-damage|p2a: Vileplume|0 fnt\n|-enditem|p2a: Vileplume|Leftovers|[from] move: Knock Off|[of] p1a: Zarude\n|faint|p2a: Vileplume\n|-damage|p1a: Zarude|11/288|[from] item: Life Orb\n|\n|upkeep\n|\n|t:|1781438381\n|switch|p2a: Samurott|Samurott-Hisui, L77, F|256/265\n|turn|32\n|\n|t:|1781438383\n|move|p2a: Samurott|Sucker Punch||[still]\n|-fail|p2a: Samurott\n|move|p1a: Zarude|Swords Dance|p1a: Zarude\n|-boost|p1a: Zarude|atk|2\n|\n|upkeep\n|turn|33\n|\n|t:|1781438385\n|move|p2a: Samurott|Sucker Punch||[still]\n|-fail|p2a: Samurott\n|move|p1a: Zarude|Swords Dance|p1a: Zarude\n|-boost|p1a: Zarude|atk|2\n|\n|upkeep\n|turn|34\n|\n|t:|1781438387\n|move|p2a: Samurott|Sucker Punch||[still]\n|-fail|p2a: Samurott\n|move|p1a: Zarude|Swords Dance|p1a: Zarude\n|-boost|p1a: Zarude|atk|0\n|\n|upkeep\n|turn|35\n|\n|t:|1781438390\n|switch|p2a: Sandy Shocks|Sandy Shocks, L80|267/267\n|move|p1a: Zarude|Swords Dance|p1a: Zarude\n|-boost|p1a: Zarude|atk|0\n|\n|upkeep\n|turn|36\n|\n|t:|1781438404\n|move|p2a: Sandy Shocks|Thunderbolt|p1a: Zarude\n|-damage|p1a: Zarude|0 fnt\n|faint|p1a: Zarude\n|\n|upkeep\n|\n|t:|1781438408\n|switch|p1a: Kingambit|Kingambit, L74, F|248/270 slp\n|-damage|p1a: Kingambit|215/270 slp|[from] Spikes\n|-activate|p1a: Kingambit|ability: Supreme Overlord\n|-start|p1a: Kingambit|fallen4|[silent]\n|turn|37\n|\n|t:|1781438417\n|move|p2a: Sandy Shocks|Earth Power|p1a: Kingambit\n|-supereffective|p1a: Kingambit\n|-damage|p1a: Kingambit|0 fnt\n|faint|p1a: Kingambit\n|-end|p1a: Kingambit|fallen4|[silent]\n|\n|upkeep\n|\n|t:|1781438420\n|switch|p1a: Alomomola|Alomomola, L87, F|429/429\n|turn|38\n|\n|t:|1781438425\n|move|p2a: Sandy Shocks|Thunderbolt|p1a: Alomomola\n|-supereffective|p1a: Alomomola\n|-crit|p1a: Alomomola\n|-damage|p1a: Alomomola|0 fnt\n|faint|p1a: Alomomola\n|\n|win|Valentina17\n|raw|joebidenfan1245's rating: 1926 &rarr; <strong>1904</strong><br />(-22 for losing)\n|raw|Valentina17's rating: 1897 &rarr; <strong>1919</strong><br />(+22 for winning)\n", "inputlog": ">version a8376a258c1d4662feba110a92103f3664a72141\n>start {\"formatid\":\"gen9randombattle\",\"seed\":\"sodium,8cddec223267cd25e7b05c1ab919c3e5\",\"rated\":\"Rated battle\"}\n>player p1 {\"name\":\"joebidenfan1245\",\"avatar\":\"265\",\"rating\":1926,\"seed\":\"sodium,bff9bd50746067c57128715a400efbd2\"}\n>player p2 {\"name\":\"Valentina17\",\"avatar\":\"parasollady\",\"rating\":1897,\"seed\":\"sodium,96bd094fa07bb9e763931a06e58a05eb\"}\n>p1 move scald\n>p2 move rockpolish\n>p1 move flipturn\n>p2 move irondefense\n>p1 switch 5\n>p1 move leafstorm\n>p2 move bodypress\n>p1 move leafstorm\n>p2 move bodypress\n>p1 switch 5\n>p1 move scald\n>p2 move moonblast\n>p2 switch 3\n>p1 move protect\n>p2 move sludgebomb\n>p1 switch 2\n>p2 move sleeppowder\n>p1 move swordsdance\n>p2 move strengthsap\n>p1 switch 3\n>p2 move gigadrain\n>p1 move airslash\n>p2 move sludgebomb\n>p1 move airslash\n>p2 switch 5\n>p1 switch 4\n>p2 move ceaselessedge\n>p1 move swordsdance\n>p2 switch 5\n>p1 move knockoff\n>p2 switch 2\n>p1 switch 4\n>p2 move thunderwave\n>p1 move shadowball\n>p2 move wish\n>p2 switch 5\n>p1 move airslash\n>p2 move ceaselessedge\n>p1 switch 4\n>p1 move closecombat\n>p2 switch 2\n>p1 switch 3\n>p2 move sludgebomb\n>p1 move swordsdance\n>p2 move strengthsap\n>p1 move ironhead\n>p2 move strengthsap\n>p1 move kowtowcleave\n>p2 move sleeppowder\n>p1 move swordsdance\n>p2 move gigadrain\n>p1 move swordsdance\n>p2 switch 2\n>p1 switch 2\n>p2 move sacredsword\n>p1 move wish\n>p2 switch 2\n>p1 switch 6\n>p2 move strengthsap\n>p1 move xscissor\n>p2 move gigadrain\n>p1 move xscissor\n>p2 move strengthsap\n>chat \u2606joebidenfan1245|disgusting mon\n>p1 switch 3\n>p1 move swordsdance terastallize\n>p2 move sludgebomb\n>p1 move knockoff\n>p2 move strengthsap\n>p2 switch 2\n>p1 move swordsdance\n>p2 move suckerpunch\n>p1 move swordsdance\n>p2 move suckerpunch\n>p1 move swordsdance\n>p2 move suckerpunch\n>p1 move swordsdance\n>p2 switch 4\n>p1 move powerwhip\n>p2 move thunderbolt\n>p1 switch 2\n>p1 move swordsdance\n>p2 move earthpower\n>p1 switch 6\n>p1 move wish\n>p2 move thunderbolt", "uploadtime": 1781438425, "views": 5, "formatid": "gen9randombattle", "rating": 1904, "private": 0, "password": null}