{"id": "gen9randombattle-2631824650", "format": "[Gen 9] Random Battle", "players": ["THSupernova", "PTSree"], "log": "|j|\u2606THSupernova\n|j|\u2606PTSree\n|t:|1781444864\n|gametype|singles\n|player|p1|THSupernova|bellelba|2129\n|player|p2|PTSree|1|1999\n|gen|9\n|tier|[Gen 9] Random Battle\n|rated|\n|rule|Species Clause: Limit one of each Pok\u00e9mon\n|rule|HP Percentage Mod: HP is shown in percentages\n|rule|Sleep Clause Mod: Limit one foe put to sleep\n|rule|Illusion Level Mod: Illusion disguises the Pok\u00e9mon's true level\n|\n|t:|1781444864\n|teamsize|p1|6\n|teamsize|p2|6\n|start\n|switch|p1a: Arceus|Arceus-Ground, L70|284/284\n|switch|p2a: Hawlucha|Hawlucha, L80, F|256/256\n|turn|1\n|inactive|Battle timer is ON: inactive players will automatically lose when time's up. (requested by PTSree)\n|\n|t:|1781444878\n|switch|p2a: Uxie|Uxie, L83|260/260\n|switch|p1a: Arcanine|Arcanine, L84, F|288/288\n|-ability|p1a: Arcanine|Intimidate|boost\n|-unboost|p2a: Uxie|atk|1\n|\n|upkeep\n|turn|2\n|\n|t:|1781444888\n|switch|p1a: Garganacl|Garganacl, L80, F|291/291\n|move|p2a: Uxie|Stealth Rock|p1a: Garganacl\n|-sidestart|p1: THSupernova|move: Stealth Rock\n|\n|upkeep\n|turn|3\n|\n|t:|1781444901\n|move|p2a: Uxie|Psychic Noise|p1a: Garganacl\n|-damage|p1a: Garganacl|221/291\n|-start|p1a: Garganacl|move: Heal Block\n|move|p1a: Garganacl|Stealth Rock|p2a: Uxie\n|-sidestart|p2: PTSree|move: Stealth Rock\n|\n|upkeep\n|turn|4\n|\n|t:|1781444919\n|switch|p2a: Mamoswine|Mamoswine, L81, F|311/311\n|-damage|p2a: Mamoswine|273/311|[from] Stealth Rock\n|move|p1a: Garganacl|Salt Cure|p2a: Mamoswine\n|-damage|p2a: Mamoswine|231/311\n|-start|p2a: Mamoswine|Salt Cure\n|\n|-damage|p2a: Mamoswine|193/311|[from] Salt Cure\n|-end|p1a: Garganacl|move: Heal Block\n|upkeep\n|turn|5\n|\n|t:|1781444928\n|switch|p1a: Vigoroth|Vigoroth, L85, M|275/275\n|-damage|p1a: Vigoroth|241/275|[from] Stealth Rock\n|move|p2a: Mamoswine|Knock Off|p1a: Vigoroth\n|-damage|p1a: Vigoroth|152/275\n|-enditem|p1a: Vigoroth|Eviolite|[from] move: Knock Off|[of] p2a: Mamoswine\n|\n|-damage|p2a: Mamoswine|155/311|[from] Salt Cure\n|upkeep\n|turn|6\n|\n|t:|1781444944\n|switch|p2a: Uxie|Uxie, L83|260/260\n|-damage|p2a: Uxie|228/260|[from] Stealth Rock\n|move|p1a: Vigoroth|Body Slam|p2a: Uxie\n|-damage|p2a: Uxie|165/260\n|\n|-heal|p2a: Uxie|181/260|[from] item: Leftovers\n|upkeep\n|turn|7\n|\n|t:|1781444948\n|move|p2a: Uxie|Psychic Noise|p1a: Vigoroth\n|-damage|p1a: Vigoroth|58/275\n|-start|p1a: Vigoroth|move: Heal Block\n|move|p1a: Vigoroth|Knock Off|p2a: Uxie\n|-supereffective|p2a: Uxie\n|-damage|p2a: Uxie|93/260\n|-enditem|p2a: Uxie|Leftovers|[from] move: Knock Off|[of] p1a: Vigoroth\n|\n|upkeep\n|turn|8\n|\n|t:|1781444954\n|move|p2a: Uxie|Psychic Noise|p1a: Vigoroth\n|-damage|p1a: Vigoroth|0 fnt\n|faint|p1a: Vigoroth\n|\n|upkeep\n|\n|t:|1781444960\n|switch|p1a: Espeon|Espeon, L84, M|246/246\n|-damage|p1a: Espeon|216/246|[from] Stealth Rock\n|turn|9\n|inactive|PTSree has 120 seconds left.\n|\n|t:|1781445013\n|move|p1a: Espeon|Shadow Ball|p2a: Uxie\n|-supereffective|p2a: Uxie\n|-damage|p2a: Uxie|0 fnt\n|faint|p2a: Uxie\n|-damage|p1a: Espeon|192/246|[from] item: Life Orb\n|\n|upkeep\n|inactive|PTSree has 90 seconds left.\n|\n|t:|1781445035\n|switch|p2a: Arceus|Arceus-Dragon, L71|288/288\n|-damage|p2a: Arceus|252/288|[from] Stealth Rock\n|turn|10\n|inactive|PTSree has 90 seconds left.\n|inactive|PTSree has 60 seconds left.\n|\n|t:|1781445071\n|switch|p1a: Arcanine|Arcanine, L84, F|288/288\n|-ability|p1a: Arcanine|Intimidate|boost\n|-unboost|p2a: Arceus|atk|1\n|move|p2a: Arceus|Outrage|p1a: Arcanine\n|-damage|p1a: Arcanine|189/288\n|\n|upkeep\n|turn|11\n|\n|t:|1781445079\n|move|p2a: Arceus|Outrage|p1a: Arcanine|[from] lockedmove\n|-damage|p1a: Arcanine|96/288\n|move|p1a: Arcanine|Morning Sun|p1a: Arcanine\n|-heal|p1a: Arcanine|240/288\n|\n|upkeep\n|turn|12\n|\n|t:|1781445085\n|move|p2a: Arceus|Outrage|p1a: Arcanine|[from] lockedmove\n|-damage|p1a: Arcanine|147/288\n|-start|p2a: Arceus|confusion|[fatigue]\n|move|p1a: Arcanine|Morning Sun|p1a: Arcanine\n|-heal|p1a: Arcanine|288/288\n|\n|upkeep\n|turn|13\n|\n|t:|1781445113\n|switch|p2a: Basculin|Basculin, L86, M|261/261\n|-damage|p2a: Basculin|229/261|[from] Stealth Rock\n|move|p1a: Arcanine|Roar|p2a: Basculin\n|drag|p2a: Hawlucha|Hawlucha, L80, F|256/256\n|-damage|p2a: Hawlucha|224/256|[from] Stealth Rock\n|\n|upkeep\n|turn|14\n|inactive|PTSree has 60 seconds left.\n|\n|t:|1781445137\n|move|p2a: Hawlucha|Stone Edge|p1a: Arcanine\n|-supereffective|p1a: Arcanine\n|-damage|p1a: Arcanine|156/288\n|move|p1a: Arcanine|Flare Blitz|p2a: Hawlucha\n|-damage|p2a: Hawlucha|55/256\n|-damage|p1a: Arcanine|100/288|[from] Recoil\n|\n|upkeep\n|turn|15\n|\n|t:|1781445143\n|switch|p1a: Arceus|Arceus-Ground, L70|284/284\n|-damage|p1a: Arceus|267/284|[from] Stealth Rock\n|move|p2a: Hawlucha|Close Combat|p1a: Arceus\n|-damage|p1a: Arceus|159/284\n|-unboost|p2a: Hawlucha|def|1\n|-unboost|p2a: Hawlucha|spd|1\n|-enditem|p2a: Hawlucha|White Herb\n|-clearnegativeboost|p2a: Hawlucha|[silent]\n|\n|upkeep\n|turn|16\n|\n|t:|1781445152\n|move|p2a: Hawlucha|Close Combat|p1a: Arceus\n|-damage|p1a: Arceus|62/284\n|-unboost|p2a: Hawlucha|def|1\n|-unboost|p2a: Hawlucha|spd|1\n|move|p1a: Arceus|Recover|p1a: Arceus\n|-heal|p1a: Arceus|204/284\n|\n|upkeep\n|turn|17\n|\n|t:|1781445159\n|move|p2a: Hawlucha|Swords Dance|p2a: Hawlucha\n|-boost|p2a: Hawlucha|atk|2\n|move|p1a: Arceus|Stone Edge|p2a: Hawlucha\n|-crit|p2a: Hawlucha\n|-damage|p2a: Hawlucha|0 fnt\n|faint|p2a: Hawlucha\n|\n|upkeep\n|\n|t:|1781445166\n|switch|p2a: Basculin|Basculin, L86, M|229/261\n|-damage|p2a: Basculin|197/261|[from] Stealth Rock\n|turn|18\n|\n|t:|1781445177\n|switch|p1a: Arcanine|Arcanine, L84, F|100/288\n|-ability|p1a: Arcanine|Intimidate|boost\n|-unboost|p2a: Basculin|atk|1\n|move|p2a: Basculin|Flip Turn|p1a: Arcanine\n|-supereffective|p1a: Arcanine\n|-damage|p1a: Arcanine|0 fnt\n|faint|p1a: Arcanine\n|inactive|PTSree has 60 seconds left.\n|\n|t:|1781445209\n|switch|p2a: Mamoswine|Mamoswine, L81, F|155/311|[from] Flip Turn\n|-damage|p2a: Mamoswine|117/311|[from] Stealth Rock\n|\n|upkeep\n|\n|t:|1781445216\n|switch|p1a: Espeon|Espeon, L84, M|192/246\n|-damage|p1a: Espeon|162/246|[from] Stealth Rock\n|turn|19\n|\n|t:|1781445221\n|move|p2a: Mamoswine|Ice Shard|p1a: Espeon\n|-damage|p1a: Espeon|71/246\n|move|p1a: Espeon|Psychic|p2a: Mamoswine\n|-damage|p2a: Mamoswine|0 fnt\n|faint|p2a: Mamoswine\n|-damage|p1a: Espeon|47/246|[from] item: Life Orb\n|\n|upkeep\n|inactive|PTSree has 60 seconds left.\n|\n|t:|1781445239\n|switch|p2a: Arceus|Arceus-Dragon, L71|252/288\n|-damage|p2a: Arceus|216/288|[from] Stealth Rock\n|turn|20\n|\n|t:|1781445263\n|-terastallize|p1a: Espeon|Fairy\n|move|p2a: Arceus|Extreme Speed|p1a: Espeon\n|-damage|p1a: Espeon|0 fnt\n|faint|p1a: Espeon\n|\n|upkeep\n|\n|t:|1781445267\n|switch|p1a: Eternatus|Eternatus, L69|308/308\n|-damage|p1a: Eternatus|270/308|[from] Stealth Rock\n|-ability|p1a: Eternatus|Pressure\n|turn|21\n|\n|t:|1781445281\n|-terastallize|p2a: Arceus|Fire\n|move|p1a: Eternatus|Dynamax Cannon|p2a: Arceus\n|-damage|p2a: Arceus|132/288\n|move|p2a: Arceus|Outrage|p1a: Eternatus\n|-supereffective|p1a: Eternatus\n|-damage|p1a: Eternatus|0 fnt\n|faint|p1a: Eternatus\n|\n|upkeep\n|\n|t:|1781445287\n|switch|p1a: Arceus|Arceus-Ground, L70|204/284\n|-damage|p1a: Arceus|187/284|[from] Stealth Rock\n|turn|22\n|\n|t:|1781445293\n|move|p2a: Arceus|Outrage|p1a: Arceus|[from] lockedmove\n|-damage|p1a: Arceus|67/284\n|-start|p2a: Arceus|confusion|[fatigue]\n|move|p1a: Arceus|Dragon Dance|p1a: Arceus\n|-boost|p1a: Arceus|atk|1\n|-boost|p1a: Arceus|spe|1\n|\n|upkeep\n|turn|23\n|inactive|PTSree has 90 seconds left.\n|\n|t:|1781445298\n|move|p1a: Arceus|Recover|p1a: Arceus\n|-heal|p1a: Arceus|209/284\n|-activate|p2a: Arceus|confusion\n|move|p2a: Arceus|Outrage|p1a: Arceus\n|-damage|p1a: Arceus|97/284\n|\n|upkeep\n|turn|24\n|\n|t:|1781445301\n|move|p1a: Arceus|Recover|p1a: Arceus\n|-heal|p1a: Arceus|239/284\n|-activate|p2a: Arceus|confusion\n|move|p2a: Arceus|Outrage|p1a: Arceus|[from] lockedmove\n|-damage|p1a: Arceus|112/284\n|\n|upkeep\n|turn|25\n|\n|t:|1781445304\n|move|p1a: Arceus|Recover|p1a: Arceus\n|-heal|p1a: Arceus|254/284\n|-activate|p2a: Arceus|confusion\n|move|p2a: Arceus|Outrage|p1a: Arceus|[from] lockedmove\n|-damage|p1a: Arceus|121/284\n|\n|upkeep\n|turn|26\n|\n|t:|1781445313\n|move|p1a: Arceus|Recover|p1a: Arceus\n|-heal|p1a: Arceus|263/284\n|-end|p2a: Arceus|confusion\n|move|p2a: Arceus|Outrage|p1a: Arceus\n|-damage|p1a: Arceus|151/284\n|\n|upkeep\n|turn|27\n|\n|t:|1781445318\n|move|p1a: Arceus|Recover|p1a: Arceus\n|-heal|p1a: Arceus|284/284\n|move|p2a: Arceus|Outrage|p1a: Arceus|[from] lockedmove\n|-damage|p1a: Arceus|164/284\n|-start|p2a: Arceus|confusion|[fatigue]\n|\n|upkeep\n|turn|28\n|\n|t:|1781445330\n|move|p1a: Arceus|Recover|p1a: Arceus\n|-heal|p1a: Arceus|284/284\n|-activate|p2a: Arceus|confusion\n|move|p2a: Arceus|Outrage|p1a: Arceus\n|-damage|p1a: Arceus|163/284\n|\n|upkeep\n|turn|29\n|\n|t:|1781445335\n|move|p1a: Arceus|Earthquake|p2a: Arceus\n|-supereffective|p2a: Arceus\n|-damage|p2a: Arceus|0 fnt\n|faint|p2a: Arceus\n|\n|upkeep\n|\n|t:|1781445342\n|switch|p2a: Basculin|Basculin, L86, M|197/261\n|-damage|p2a: Basculin|165/261|[from] Stealth Rock\n|turn|30\n|\n|t:|1781445349\n|move|p2a: Basculin|Aqua Jet|p1a: Arceus\n|-supereffective|p1a: Arceus\n|-damage|p1a: Arceus|7/284\n|move|p1a: Arceus|Earthquake|p2a: Basculin\n|-crit|p2a: Basculin\n|-damage|p2a: Basculin|0 fnt\n|faint|p2a: Basculin\n|\n|upkeep\n|\n|t:|1781445358\n|switch|p2a: Necrozma|Necrozma-Dawn-Wings, L76|272/272\n|-damage|p2a: Necrozma|238/272|[from] Stealth Rock\n|turn|31\n|\n|t:|1781445370\n|move|p1a: Arceus|Earthquake|p2a: Necrozma\n|-damage|p2a: Necrozma|82/272\n|move|p2a: Necrozma|Moongeist Beam|p1a: Arceus\n|-damage|p1a: Arceus|0 fnt\n|faint|p1a: Arceus\n|-damage|p2a: Necrozma|55/272|[from] item: Life Orb\n|\n|upkeep\n|\n|t:|1781445372\n|switch|p1a: Garganacl|Garganacl, L80, F|221/291\n|-damage|p1a: Garganacl|185/291|[from] Stealth Rock\n|turn|32\n|\n|t:|1781445380\n|move|p2a: Necrozma|Photon Geyser|p1a: Garganacl\n|-damage|p1a: Garganacl|21/291\n|-damage|p2a: Necrozma|28/272|[from] item: Life Orb\n|move|p1a: Garganacl|Salt Cure|p2a: Necrozma\n|-damage|p2a: Necrozma|0 fnt\n|faint|p2a: Necrozma\n|\n|win|THSupernova\n", "inputlog": ">version a8376a258c1d4662feba110a92103f3664a72141\n>start {\"formatid\":\"gen9randombattle\",\"seed\":\"sodium,4d82669a49dcb9e80277bf5c778c5e18\",\"rated\":\"Rated battle\"}\n>player p1 {\"name\":\"THSupernova\",\"avatar\":\"bellelba\",\"rating\":2129,\"seed\":\"sodium,304df9141f2e298ec516c0a33ef25f8e\"}\n>player p2 {\"name\":\"PTSree\",\"avatar\":\"1\",\"rating\":1999,\"seed\":\"sodium,bc21e8ec5fefbe0ade0698ce2845486c\"}\n>p1 switch 4\n>p2 switch 6\n>p1 switch 2\n>p2 move stealthrock\n>p1 move stealthrock\n>p2 move psychicnoise\n>p1 move saltcure\n>p2 switch 4\n>p1 switch 5\n>p2 move knockoff\n>p1 move bodyslam\n>p2 switch 4\n>p1 move knockoff\n>p2 move psychicnoise\n>p1 move bodyslam\n>p2 move psychicnoise\n>p1 switch 3\n>p1 move shadowball\n>p2 move psychicnoise\n>p2 switch 3\n>p1 switch 2\n>p2 move outrage\n>p1 move morningsun\n>p2 move outrage\n>p1 move morningsun\n>p2 move outrage\n>p1 move roar\n>p2 switch 5\n>p1 move flareblitz\n>p2 move stoneedge\n>p1 switch 4\n>p2 move closecombat\n>p1 move recover\n>p2 move closecombat\n>p1 move stoneedge\n>p2 move swordsdance\n>p2 switch 6\n>p1 switch 4\n>p2 move flipturn\n>p2 switch 4\n>p1 switch 2\n>p1 move psychic\n>p2 move iceshard\n>p2 switch 5\n>p1 move alluringvoice terastallize\n>p2 move extremespeed\n>p1 switch 6\n>p1 move dynamaxcannon\n>p2 move outrage terastallize\n>p1 switch 4\n>p1 move dragondance\n>p2 move outrage\n>p1 move recover\n>p2 move outrage\n>p1 move recover\n>p2 move outrage\n>p1 move recover\n>p2 move outrage\n>p1 move recover\n>p2 move outrage\n>p1 move recover\n>p2 move outrage\n>p1 move recover\n>p2 move outrage\n>p1 move earthquake\n>p2 move outrage\n>p2 switch 4\n>p1 move earthquake\n>p2 move aquajet\n>p2 switch 2\n>p1 move earthquake\n>p2 move moongeistbeam\n>p1 switch 5\n>p1 move saltcure\n>p2 move photongeyser", "uploadtime": 1781444866, "views": 8, "formatid": "gen9randombattle", "rating": null, "private": 0, "password": null}