{"id": "gen9randombattle-2631530841", "format": "[Gen 9] Random Battle", "players": ["Yahoot3", "LiterallyMeWhen"], "log": "|j|\u2606Yahoot3\n|j|\u2606LiterallyMeWhen\n|t:|1781397315\n|gametype|singles\n|player|p1|Yahoot3|265|1695\n|player|p2|LiterallyMeWhen|baker|1684\n|gen|9\n|tier|[Gen 9] Random Battle\n|rated|\n|rule|Species Clause: Limit one of each Pok\u00e9mon\n|rule|HP Percentage Mod: HP is shown in percentages\n|rule|Sleep Clause Mod: Limit one foe put to sleep\n|rule|Illusion Level Mod: Illusion disguises the Pok\u00e9mon's true level\n|\n|t:|1781397315\n|teamsize|p1|6\n|teamsize|p2|6\n|start\n|switch|p1a: Glastrier|Glastrier, L86|312/312\n|switch|p2a: Cloyster|Cloyster, L80, F|211/211\n|turn|1\n|inactive|Battle timer is ON: inactive players will automatically lose when time's up. (requested by Yahoot3)\n|\n|t:|1781397329\n|switch|p2a: Overqwil|Overqwil, L82, M|274/274\n|-ability|p2a: Overqwil|Intimidate|boost\n|-unboost|p1a: Glastrier|atk|1\n|move|p1a: Glastrier|Swords Dance|p1a: Glastrier\n|-boost|p1a: Glastrier|atk|2\n|\n|upkeep\n|turn|2\n|\n|t:|1781397336\n|switch|p2a: Orthworm|Orthworm, L88, M|266/266\n|move|p1a: Glastrier|Icicle Crash|p2a: Orthworm|[miss]\n|-miss|p1a: Glastrier|p2a: Orthworm\n|\n|upkeep\n|turn|3\n|\n|t:|1781397351\n|switch|p2a: Overqwil|Overqwil, L82, M|274/274\n|-ability|p2a: Overqwil|Intimidate|boost\n|-unboost|p1a: Glastrier|atk|1\n|switch|p1a: Jolteon|Jolteon, L84, F|246/246\n|\n|upkeep\n|turn|4\n|\n|t:|1781397357\n|move|p1a: Jolteon|Thunderbolt|p2a: Overqwil\n|-damage|p2a: Overqwil|91/274\n|move|p2a: Overqwil|Scale Shot|p1a: Jolteon\n|-damage|p1a: Jolteon|221/246\n|-damage|p1a: Jolteon|197/246\n|-damage|p1a: Jolteon|171/246\n|-damage|p1a: Jolteon|148/246\n|-hitcount|p1a: Jolteon|4\n|-unboost|p2a: Overqwil|def|1\n|-boost|p2a: Overqwil|spe|1\n|\n|upkeep\n|turn|5\n|\n|t:|1781397380\n|move|p2a: Overqwil|Gunk Shot|p1a: Jolteon\n|-damage|p1a: Jolteon|0 fnt\n|faint|p1a: Jolteon\n|\n|upkeep\n|\n|t:|1781397386\n|switch|p1a: Glastrier|Glastrier, L86|312/312\n|turn|6\n|\n|t:|1781397393\n|move|p2a: Overqwil|Swords Dance|p2a: Overqwil\n|-boost|p2a: Overqwil|atk|2\n|move|p1a: Glastrier|Close Combat|p2a: Overqwil\n|-damage|p2a: Overqwil|0 fnt\n|-unboost|p1a: Glastrier|def|1\n|-unboost|p1a: Glastrier|spd|1\n|faint|p2a: Overqwil\n|-ability|p1a: Glastrier|Chilling Neigh|boost\n|-boost|p1a: Glastrier|atk|1\n|\n|upkeep\n|\n|t:|1781397399\n|switch|p2a: Gardevoir|Gardevoir, L83, M|249/249\n|-ability|p2a: Gardevoir|Chilling Neigh|Trace|[from] ability: Trace|[of] p1a: Glastrier\n|turn|7\n|inactive|Yahoot3 has 120 seconds left.\n|\n|t:|1781397442\n|switch|p1a: Vigoroth|Vigoroth, L85, F|275/275\n|move|p2a: Gardevoir|Moonblast|p1a: Vigoroth\n|-damage|p1a: Vigoroth|126/275\n|-unboost|p1a: Vigoroth|spa|1\n|-damage|p2a: Gardevoir|225/249|[from] item: Life Orb\n|\n|upkeep\n|turn|8\n|inactive|Yahoot3 has 120 seconds left.\n|\n|t:|1781397452\n|switch|p1a: Lurantis|Lurantis, L87, M|264/264\n|switch|p2a: Swampert|Swampert, L83, F|302/302\n|\n|upkeep\n|turn|9\n|\n|t:|1781397457\n|-terastallize|p2a: Swampert|Poison\n|move|p1a: Lurantis|Leaf Storm|p2a: Swampert\n|-resisted|p2a: Swampert\n|-damage|p2a: Swampert|238/302\n|-boost|p1a: Lurantis|spa|2\n|move|p2a: Swampert|Roar|p1a: Lurantis\n|drag|p1a: Vigoroth|Vigoroth, L85, F|126/275\n|\n|-heal|p2a: Swampert|256/302|[from] item: Leftovers\n|upkeep\n|turn|10\n|\n|t:|1781397465\n|move|p1a: Vigoroth|Slack Off|p1a: Vigoroth\n|-heal|p1a: Vigoroth|264/275\n|move|p2a: Swampert|Knock Off|p1a: Vigoroth\n|-damage|p1a: Vigoroth|212/275\n|-enditem|p1a: Vigoroth|Eviolite|[from] move: Knock Off|[of] p2a: Swampert\n|\n|-heal|p2a: Swampert|274/302|[from] item: Leftovers\n|upkeep\n|turn|11\n|\n|t:|1781397472\n|move|p1a: Vigoroth|Bulk Up|p1a: Vigoroth\n|-boost|p1a: Vigoroth|atk|1\n|-boost|p1a: Vigoroth|def|1\n|move|p2a: Swampert|Flip Turn|p1a: Vigoroth\n|-damage|p1a: Vigoroth|163/275\n|\n|t:|1781397475\n|switch|p2a: Orthworm|Orthworm, L88, M|266/266|[from] Flip Turn\n|\n|upkeep\n|turn|12\n|inactive|Yahoot3 has 120 seconds left.\n|\n|t:|1781397527\n|move|p1a: Vigoroth|Body Slam|p2a: Orthworm\n|-resisted|p2a: Orthworm\n|-damage|p2a: Orthworm|226/266\n|move|p2a: Orthworm|Coil|p2a: Orthworm\n|-boost|p2a: Orthworm|atk|1\n|-boost|p2a: Orthworm|def|1\n|-boost|p2a: Orthworm|accuracy|1\n|\n|upkeep\n|turn|13\n|\n|t:|1781397532\n|move|p1a: Vigoroth|Body Slam|p2a: Orthworm\n|-resisted|p2a: Orthworm\n|-damage|p2a: Orthworm|202/266\n|move|p2a: Orthworm|Coil|p2a: Orthworm\n|-boost|p2a: Orthworm|atk|1\n|-boost|p2a: Orthworm|def|1\n|-boost|p2a: Orthworm|accuracy|1\n|\n|upkeep\n|turn|14\n|\n|t:|1781397534\n|move|p1a: Vigoroth|Body Slam|p2a: Orthworm\n|-resisted|p2a: Orthworm\n|-damage|p2a: Orthworm|184/266\n|move|p2a: Orthworm|Coil|p2a: Orthworm\n|-boost|p2a: Orthworm|atk|1\n|-boost|p2a: Orthworm|def|1\n|-boost|p2a: Orthworm|accuracy|1\n|\n|upkeep\n|turn|15\n|\n|t:|1781397537\n|move|p1a: Vigoroth|Body Slam|p2a: Orthworm\n|-resisted|p2a: Orthworm\n|-damage|p2a: Orthworm|168/266\n|move|p2a: Orthworm|Coil|p2a: Orthworm\n|-boost|p2a: Orthworm|atk|1\n|-boost|p2a: Orthworm|def|1\n|-boost|p2a: Orthworm|accuracy|1\n|\n|upkeep\n|turn|16\n|\n|t:|1781397540\n|move|p1a: Vigoroth|Body Slam|p2a: Orthworm\n|-resisted|p2a: Orthworm\n|-damage|p2a: Orthworm|156/266\n|move|p2a: Orthworm|Coil|p2a: Orthworm\n|-boost|p2a: Orthworm|atk|1\n|-boost|p2a: Orthworm|def|1\n|-boost|p2a: Orthworm|accuracy|1\n|\n|upkeep\n|turn|17\n|\n|t:|1781397543\n|move|p1a: Vigoroth|Body Slam|p2a: Orthworm\n|-resisted|p2a: Orthworm\n|-damage|p2a: Orthworm|144/266\n|-status|p2a: Orthworm|par\n|cant|p2a: Orthworm|par\n|\n|upkeep\n|turn|18\n|\n|t:|1781397550\n|switch|p1a: Dragalge|Dragalge, L88, F|258/258\n|move|p2a: Orthworm|Rest|p2a: Orthworm\n|-status|p2a: Orthworm|slp|[from] move: Rest\n|-heal|p2a: Orthworm|266/266 slp|[silent]\n|-enditem|p2a: Orthworm|Chesto Berry|[eat]\n|-curestatus|p2a: Orthworm|slp|[msg]\n|\n|upkeep\n|turn|19\n|l|\u2606Yahoot3\n|inactive|Yahoot3 disconnected and has a minute to reconnect!\n|player|p1|\n|inactive|Yahoot3 has 30 seconds to reconnect!\n|inactive|Yahoot3 has 20 seconds to reconnect!\n|inactive|Yahoot3 has 15 seconds to reconnect!\n|inactive|Yahoot3 has 10 seconds to reconnect!\n|inactive|Yahoot3 has 5 seconds to reconnect!\n|-message|Yahoot3 lost due to inactivity.\n|\n|win|LiterallyMeWhen\n|raw|Yahoot3's rating: 1695 &rarr; <strong>1674</strong><br />(-21 for losing)\n|raw|LiterallyMeWhen's rating: 1684 &rarr; <strong>1705</strong><br />(+21 for winning)\n", "inputlog": ">version a8376a258c1d4662feba110a92103f3664a72141\n>start {\"formatid\":\"gen9randombattle\",\"seed\":\"sodium,401254a3db9bd6d9a4d3b2572e80e03b\",\"rated\":\"Rated battle\"}\n>player p1 {\"name\":\"Yahoot3\",\"avatar\":\"265\",\"rating\":1695,\"seed\":\"sodium,6a5327121eb3e6463f986736bd4f623c\"}\n>player p2 {\"name\":\"LiterallyMeWhen\",\"avatar\":\"baker\",\"rating\":1684,\"seed\":\"sodium,5e7e82553c561d381f86fe86f729c228\"}\n>p1 move swordsdance\n>p2 switch 4\n>p1 move iciclecrash\n>p2 switch 3\n>p1 switch 4\n>p2 switch 3\n>p1 move thunderbolt\n>p2 move scaleshot\n>p1 move thunderbolt\n>p2 move gunkshot\n>p1 switch 4\n>p1 move closecombat\n>p2 move swordsdance\n>p2 switch 5\n>p1 switch 3\n>p2 move moonblast\n>p1 switch 5\n>p2 switch 6\n>p1 move leafstorm\n>p2 move roar terastallize\n>p1 move slackoff\n>p2 move knockoff\n>p1 move bulkup\n>p2 move flipturn\n>p2 switch 3\n>p1 move bodyslam\n>p2 move coil\n>p1 move bodyslam\n>p2 move coil\n>p1 move bodyslam\n>p2 move coil\n>p1 move bodyslam\n>p2 move coil\n>p1 move bodyslam\n>p2 move coil\n>p1 move bodyslam\n>p2 move coil\n>p1 switch 6\n>p2 move rest\n>forcelose p1", "uploadtime": 1781397645, "views": 4, "formatid": "gen9randombattle", "rating": 1674, "private": 0, "password": null}