{"id": "gen9randombattle-2631514587", "format": "[Gen 9] Random Battle", "players": ["Chicken347", "Budgers"], "log": "|j|\u2606Chicken347\n|j|\u2606Budgers\n|t:|1781395002\n|gametype|singles\n|player|p1|Chicken347|266|1963\n|player|p2|Budgers|169|1981\n|gen|9\n|tier|[Gen 9] Random Battle\n|rated|\n|rule|Species Clause: Limit one of each Pok\u00e9mon\n|rule|HP Percentage Mod: HP is shown in percentages\n|rule|Sleep Clause Mod: Limit one foe put to sleep\n|rule|Illusion Level Mod: Illusion disguises the Pok\u00e9mon's true level\n|\n|t:|1781395002\n|teamsize|p1|6\n|teamsize|p2|6\n|start\n|switch|p1a: Araquanid|Araquanid, L82, F|246/246\n|switch|p2a: Clefable|Clefable, L83, F|293/293\n|turn|1\n|inactive|Battle timer is ON: inactive players will automatically lose when time's up. (requested by Chicken347)\n|\n|t:|1781395019\n|switch|p2a: Luxray|Luxray, L88, M|283/283\n|move|p1a: Araquanid|Sticky Web|p2a: Luxray\n|-sidestart|p2: Budgers|move: Sticky Web\n|\n|-status|p2a: Luxray|brn|[from] item: Flame Orb\n|upkeep\n|turn|2\n|\n|t:|1781395036\n|move|p2a: Luxray|Trailblaze|p1a: Araquanid\n|-damage|p1a: Araquanid|173/246\n|-boost|p2a: Luxray|spe|1\n|move|p1a: Araquanid|Liquidation|p2a: Luxray\n|-damage|p2a: Luxray|132/283 brn\n|\n|-damage|p2a: Luxray|115/283 brn|[from] brn\n|upkeep\n|turn|3\n|\n|t:|1781395040\n|move|p2a: Luxray|Supercell Slam|p1a: Araquanid\n|-supereffective|p1a: Araquanid\n|-damage|p1a: Araquanid|0 fnt\n|faint|p1a: Araquanid\n|\n|-damage|p2a: Luxray|98/283 brn|[from] brn\n|upkeep\n|\n|t:|1781395066\n|switch|p1a: Dusknoir|Dusknoir, L89, M|225/225\n|-item|p2a: Luxray|Flame Orb|[from] ability: Frisk|[of] p1a: Dusknoir\n|turn|4\n|\n|t:|1781395070\n|move|p1a: Dusknoir|Shadow Sneak|p2a: Luxray\n|-damage|p2a: Luxray|17/283 brn\n|move|p2a: Luxray|Supercell Slam|p1a: Dusknoir\n|-crit|p1a: Dusknoir\n|-damage|p1a: Dusknoir|11/225\n|\n|-damage|p2a: Luxray|0 fnt|[from] brn\n|faint|p2a: Luxray\n|upkeep\n|\n|t:|1781395073\n|switch|p2a: Floatzel|Floatzel, L86, F|286/286\n|-activate|p2a: Floatzel|move: Sticky Web\n|-unboost|p2a: Floatzel|spe|1\n|turn|5\n|\n|t:|1781395082\n|switch|p1a: Meowscarada|Meowscarada, L78, F|247/247\n|move|p2a: Floatzel|Flip Turn|p1a: Meowscarada\n|-resisted|p1a: Meowscarada\n|-damage|p1a: Meowscarada|182/247\n|\n|t:|1781395083\n|switch|p2a: Clefable|Clefable, L83, F|293/293|[from] Flip Turn\n|-activate|p2a: Clefable|move: Sticky Web\n|-unboost|p2a: Clefable|spe|1\n|\n|upkeep\n|turn|6\n|\n|t:|1781395089\n|move|p1a: Meowscarada|U-turn|p2a: Clefable\n|-start|p1a: Meowscarada|typechange|Bug|[from] ability: Protean\n|-resisted|p2a: Clefable\n|-damage|p2a: Clefable|232/293\n|\n|t:|1781395097\n|switch|p1a: Dusknoir|Dusknoir, L89, M|11/225|[from] U-turn\n|-item|p2a: Clefable|Leftovers|[from] ability: Frisk|[of] p1a: Dusknoir\n|move|p2a: Clefable|Moonblast|p1a: Dusknoir\n|-crit|p1a: Dusknoir\n|-damage|p1a: Dusknoir|0 fnt\n|faint|p1a: Dusknoir\n|\n|-heal|p2a: Clefable|250/293|[from] item: Leftovers\n|upkeep\n|inactive|Chicken347 has 120 seconds left.\n|\n|t:|1781395138\n|switch|p1a: Meowscarada|Meowscarada, L78, F|182/247\n|turn|7\n|\n|t:|1781395141\n|move|p1a: Meowscarada|Flower Trick|p2a: Clefable\n|-start|p1a: Meowscarada|typechange|Grass|[from] ability: Protean\n|-crit|p2a: Clefable\n|-damage|p2a: Clefable|64/293\n|move|p2a: Clefable|Thunder Wave|p1a: Meowscarada\n|-status|p1a: Meowscarada|par\n|\n|-heal|p2a: Clefable|82/293|[from] item: Leftovers\n|upkeep\n|turn|8\n|\n|t:|1781395147\n|switch|p2a: Regidrago|Regidrago, L77|435/435\n|-activate|p2a: Regidrago|move: Sticky Web\n|-unboost|p2a: Regidrago|spe|1\n|move|p1a: Meowscarada|Flower Trick|p2a: Regidrago\n|-resisted|p2a: Regidrago\n|-crit|p2a: Regidrago\n|-damage|p2a: Regidrago|297/435\n|\n|upkeep\n|turn|9\n|\n|t:|1781395155\n|switch|p1a: Zacian|Zacian, L69|241/241\n|-ability|p1a: Zacian|Intrepid Sword|boost\n|-boost|p1a: Zacian|atk|1\n|move|p2a: Regidrago|Dragon Dance|p2a: Regidrago\n|-boost|p2a: Regidrago|atk|1\n|-boost|p2a: Regidrago|spe|1\n|\n|upkeep\n|turn|10\n|\n|t:|1781395161\n|switch|p2a: Slowking|Slowking, L88, M|310/310\n|-activate|p2a: Slowking|move: Sticky Web\n|-unboost|p2a: Slowking|spe|1\n|move|p1a: Zacian|Play Rough|p2a: Slowking\n|-damage|p2a: Slowking|124/310\n|\n|-heal|p2a: Slowking|143/310|[from] item: Leftovers\n|upkeep\n|turn|11\n|\n|t:|1781395164\n|move|p1a: Zacian|Play Rough|p2a: Slowking\n|-damage|p2a: Slowking|0 fnt\n|faint|p2a: Slowking\n|\n|upkeep\n|\n|t:|1781395166\n|switch|p2a: Sandaconda|Sandaconda, L84, M|258/258\n|-activate|p2a: Sandaconda|move: Sticky Web\n|-unboost|p2a: Sandaconda|spe|1\n|turn|12\n|\n|t:|1781395175\n|switch|p1a: Meowscarada|Meowscarada, L78, F|182/247 par\n|move|p2a: Sandaconda|Coil|p2a: Sandaconda\n|-boost|p2a: Sandaconda|atk|1\n|-boost|p2a: Sandaconda|def|1\n|-boost|p2a: Sandaconda|accuracy|1\n|\n|upkeep\n|turn|13\n|\n|t:|1781395180\n|-terastallize|p2a: Sandaconda|Dragon\n|move|p1a: Meowscarada|Flower Trick|p2a: Sandaconda\n|-start|p1a: Meowscarada|typechange|Grass|[from] ability: Protean\n|-resisted|p2a: Sandaconda\n|-crit|p2a: Sandaconda\n|-damage|p2a: Sandaconda|195/258\n|move|p2a: Sandaconda|Coil|p2a: Sandaconda\n|-boost|p2a: Sandaconda|atk|1\n|-boost|p2a: Sandaconda|def|1\n|-boost|p2a: Sandaconda|accuracy|1\n|\n|-heal|p2a: Sandaconda|211/258|[from] item: Leftovers\n|upkeep\n|turn|14\n|\n|t:|1781395190\n|switch|p1a: Yanmega|Yanmega, L82, M|275/275\n|move|p2a: Sandaconda|Coil|p2a: Sandaconda\n|-boost|p2a: Sandaconda|atk|1\n|-boost|p2a: Sandaconda|def|1\n|-boost|p2a: Sandaconda|accuracy|1\n|\n|-heal|p2a: Sandaconda|227/258|[from] item: Leftovers\n|upkeep\n|turn|15\n|\n|t:|1781395195\n|move|p1a: Yanmega|Air Slash|p2a: Sandaconda\n|-damage|p2a: Sandaconda|116/258\n|move|p2a: Sandaconda|Stone Edge|p1a: Yanmega\n|-supereffective|p1a: Yanmega\n|-damage|p1a: Yanmega|0 fnt\n|faint|p1a: Yanmega\n|\n|-heal|p2a: Sandaconda|132/258|[from] item: Leftovers\n|upkeep\n|\n|t:|1781395202\n|switch|p1a: Oricorio|Oricorio-Pom-Pom, L82, M|257/257\n|turn|16\n|\n|t:|1781395220\n|-terastallize|p1a: Oricorio|Ground\n|move|p1a: Oricorio|Quiver Dance|p1a: Oricorio\n|-boost|p1a: Oricorio|spa|1\n|-boost|p1a: Oricorio|spd|1\n|-boost|p1a: Oricorio|spe|1\n|move|p2a: Sandaconda|Stone Edge|p1a: Oricorio\n|-resisted|p1a: Oricorio\n|-damage|p1a: Oricorio|141/257\n|\n|-heal|p2a: Sandaconda|148/258|[from] item: Leftovers\n|upkeep\n|turn|17\n|\n|t:|1781395224\n|move|p1a: Oricorio|Revelation Dance|p2a: Sandaconda\n|-damage|p2a: Sandaconda|0 fnt\n|faint|p2a: Sandaconda\n|\n|upkeep\n|\n|t:|1781395228\n|switch|p2a: Floatzel|Floatzel, L86, F|286/286\n|-activate|p2a: Floatzel|move: Sticky Web\n|-unboost|p2a: Floatzel|spe|1\n|turn|18\n|\n|t:|1781395233\n|move|p1a: Oricorio|Hurricane|p2a: Floatzel\n|-damage|p2a: Floatzel|55/286\n|move|p2a: Floatzel|Flip Turn|p1a: Oricorio\n|-supereffective|p1a: Oricorio\n|-damage|p1a: Oricorio|0 fnt\n|faint|p1a: Oricorio\n|\n|t:|1781395238\n|switch|p2a: Regidrago|Regidrago, L77|297/435|[from] Flip Turn\n|-activate|p2a: Regidrago|move: Sticky Web\n|-unboost|p2a: Regidrago|spe|1\n|\n|upkeep\n|\n|t:|1781395242\n|switch|p1a: Zacian|Zacian, L69|241/241\n|turn|19\n|\n|t:|1781395244\n|move|p1a: Zacian|Play Rough|p2a: Regidrago\n|-supereffective|p2a: Regidrago\n|-damage|p2a: Regidrago|0 fnt\n|faint|p2a: Regidrago\n|\n|upkeep\n|\n|t:|1781395246\n|switch|p2a: Clefable|Clefable, L83, F|82/293\n|-activate|p2a: Clefable|move: Sticky Web\n|-unboost|p2a: Clefable|spe|1\n|turn|20\n|\n|t:|1781395247\n|move|p1a: Zacian|Play Rough|p2a: Clefable\n|-damage|p2a: Clefable|0 fnt\n|faint|p2a: Clefable\n|\n|upkeep\n|-message|Budgers forfeited.\n|\n|win|Chicken347\n", "inputlog": ">version a8376a258c1d4662feba110a92103f3664a72141\n>start {\"formatid\":\"gen9randombattle\",\"seed\":\"sodium,dc4259de7e4c2b41229e8adaee6bccf5\",\"rated\":\"Rated battle\"}\n>player p1 {\"name\":\"Chicken347\",\"avatar\":\"266\",\"rating\":1963,\"seed\":\"sodium,5c425e216a2c8fa004b9563be719d745\"}\n>player p2 {\"name\":\"Budgers\",\"avatar\":\"169\",\"rating\":1981,\"seed\":\"sodium,50ecfb4930e37de643dff6be7c3388b8\"}\n>p1 move stickyweb\n>p2 switch 6\n>p1 move liquidation\n>p2 move trailblaze\n>p1 move liquidation\n>p2 move supercellslam\n>p1 switch 3\n>p1 move shadowsneak\n>p2 move supercellslam\n>p2 switch 3\n>p1 switch 4\n>p2 move flipturn\n>p2 switch 6\n>p1 move uturn\n>p2 move moonblast\n>p1 switch 4\n>p1 switch 4\n>p1 move flowertrick\n>p2 move thunderwave\n>p1 move flowertrick\n>p2 switch 4\n>p1 switch 2\n>p2 move dragondance\n>p1 move playrough\n>p2 switch 5\n>p1 move playrough\n>p2 move thunderwave\n>p2 switch 2\n>p1 switch 2\n>p2 move coil\n>p1 move flowertrick\n>p2 move coil terastallize\n>p1 switch 5\n>p2 move coil\n>p1 move airslash\n>p2 move stoneedge\n>p1 switch 6\n>p1 move quiverdance terastallize\n>p2 move stoneedge\n>p1 move revelationdance\n>p2 move earthquake\n>p2 switch 6\n>p1 move hurricane\n>p2 move flipturn\n>p2 switch 5\n>p1 switch 2\n>p1 move playrough\n>p2 move earthquake\n>p2 switch 4\n>p1 move playrough\n>p2 move moonlight\n>forcelose p2", "uploadtime": 1781395004, "views": 5, "formatid": "gen9randombattle", "rating": null, "private": 0, "password": null}