{"id": "gen9randombattle-2631952823", "format": "[Gen 9] Random Battle", "players": ["renz3554", "tiny spaceship"], "log": "|j|\u2606renz3554\n|j|\u2606tiny spaceship\n|t:|1781459330\n|gametype|singles\n|player|p1|renz3554|169|2072\n|player|p2|tiny spaceship|dawn|2208\n|gen|9\n|tier|[Gen 9] Random Battle\n|rated|\n|rule|Species Clause: Limit one of each Pok\u00e9mon\n|rule|HP Percentage Mod: HP is shown in percentages\n|rule|Sleep Clause Mod: Limit one foe put to sleep\n|rule|Illusion Level Mod: Illusion disguises the Pok\u00e9mon's true level\n|\n|t:|1781459330\n|teamsize|p1|6\n|teamsize|p2|6\n|start\n|switch|p1a: Uxie|Uxie, L83|260/260\n|switch|p2a: Garchomp|Garchomp, L74, M|282/282\n|turn|1\n|inactive|Battle timer is ON: inactive players will automatically lose when time's up. (requested by renz3554)\n|\n|t:|1781459345\n|move|p1a: Uxie|Knock Off|p2a: Garchomp\n|-damage|p2a: Garchomp|218/282\n|-damage|p1a: Uxie|228/260|[from] ability: Rough Skin|[of] p2a: Garchomp\n|-damage|p1a: Uxie|185/260|[from] item: Rocky Helmet|[of] p2a: Garchomp\n|-enditem|p2a: Garchomp|Rocky Helmet|[from] move: Knock Off|[of] p1a: Uxie\n|move|p2a: Garchomp|Stealth Rock|p1a: Uxie\n|-sidestart|p1: renz3554|move: Stealth Rock\n|\n|-heal|p1a: Uxie|201/260|[from] item: Leftovers\n|upkeep\n|turn|2\n|\n|t:|1781459354\n|move|p1a: Uxie|Encore|p2a: Garchomp\n|-start|p2a: Garchomp|Encore\n|move|p2a: Garchomp|Stealth Rock||[still]\n|-fail|p2a: Garchomp\n|\n|-heal|p1a: Uxie|217/260|[from] item: Leftovers\n|upkeep\n|turn|3\n|\n|t:|1781459370\n|switch|p2a: Raikou|Raikou, L81|278/278\n|-ability|p2a: Raikou|Pressure\n|move|p1a: Uxie|Yawn|p2a: Raikou\n|-start|p2a: Raikou|move: Yawn|[of] p1a: Uxie\n|\n|-heal|p1a: Uxie|233/260|[from] item: Leftovers\n|upkeep\n|turn|4\n|\n|t:|1781459376\n|switch|p2a: Garchomp|Garchomp, L74, M|218/282\n|move|p1a: Uxie|Psychic Noise|p2a: Garchomp\n|-damage|p2a: Garchomp|136/282\n|-start|p2a: Garchomp|move: Heal Block\n|\n|-heal|p1a: Uxie|249/260|[from] item: Leftovers\n|upkeep\n|turn|5\n|\n|t:|1781459383\n|move|p1a: Uxie|Psychic Noise|p2a: Garchomp\n|-damage|p2a: Garchomp|60/282\n|move|p2a: Garchomp|Outrage|p1a: Uxie\n|-crit|p1a: Uxie\n|-damage|p1a: Uxie|116/260\n|\n|-heal|p1a: Uxie|132/260|[from] item: Leftovers\n|-end|p2a: Garchomp|move: Heal Block\n|upkeep\n|turn|6\n|\n|t:|1781459387\n|move|p1a: Uxie|Psychic Noise|p2a: Garchomp\n|-damage|p2a: Garchomp|0 fnt\n|faint|p2a: Garchomp\n|\n|-heal|p1a: Uxie|148/260|[from] item: Leftovers\n|upkeep\n|\n|t:|1781459408\n|switch|p2a: Rampardos|Rampardos, L90, M|321/321\n|turn|7\n|\n|t:|1781459433\n|move|p1a: Uxie|Knock Off|p2a: Rampardos\n|-damage|p2a: Rampardos|252/321\n|-enditem|p2a: Rampardos|Life Orb|[from] move: Knock Off|[of] p1a: Uxie\n|move|p2a: Rampardos|Rock Slide|p1a: Uxie\n|-crit|p1a: Uxie\n|-damage|p1a: Uxie|0 fnt\n|faint|p1a: Uxie\n|\n|upkeep\n|\n|t:|1781459442\n|switch|p1a: Iron Thorns|Iron Thorns, L83|302/302\n|-damage|p1a: Iron Thorns|265/302|[from] Stealth Rock\n|-item|p1a: Iron Thorns|Air Balloon\n|turn|8\n|inactive|tiny spaceship has 120 seconds left.\n|\n|t:|1781459474\n|move|p1a: Iron Thorns|Earthquake|p2a: Rampardos\n|-supereffective|p2a: Rampardos\n|-damage|p2a: Rampardos|12/321\n|move|p2a: Rampardos|Rock Slide|p1a: Iron Thorns\n|-damage|p1a: Iron Thorns|112/302\n|-enditem|p1a: Iron Thorns|Air Balloon\n|\n|upkeep\n|turn|9\n|\n|t:|1781459499\n|move|p1a: Iron Thorns|Earthquake|p2a: Rampardos\n|-supereffective|p2a: Rampardos\n|-damage|p2a: Rampardos|0 fnt\n|faint|p2a: Rampardos\n|\n|upkeep\n|inactive|tiny spaceship has 120 seconds left.\n|\n|t:|1781459525\n|switch|p2a: Raikou|Raikou, L81|278/278\n|-ability|p2a: Raikou|Pressure\n|turn|10\n|inactive|renz3554 has 120 seconds left.\n|\n|t:|1781459554\n|move|p2a: Raikou|Scald|p1a: Iron Thorns\n|-supereffective|p1a: Iron Thorns\n|-damage|p1a: Iron Thorns|0 fnt\n|faint|p1a: Iron Thorns\n|-end|p1a: Iron Thorns|Quark Drive|[silent]\n|\n|upkeep\n|inactive|renz3554 has 120 seconds left.\n|\n|t:|1781459563\n|switch|p1a: Darkrai|Darkrai, L77|234/234\n|-damage|p1a: Darkrai|205/234|[from] Stealth Rock\n|turn|11\n|inactive|tiny spaceship has 120 seconds left.\n|\n|t:|1781459579\n|move|p1a: Darkrai|Hypnosis|p2a: Raikou|[miss]\n|-miss|p1a: Darkrai|p2a: Raikou\n|move|p2a: Raikou|Thunderbolt|p1a: Darkrai\n|-damage|p1a: Darkrai|99/234\n|\n|upkeep\n|turn|12\n|inactive|tiny spaceship has 120 seconds left.\n|\n|t:|1781459590\n|move|p1a: Darkrai|Hypnosis|p2a: Raikou\n|-status|p2a: Raikou|slp|[from] move: Hypnosis\n|cant|p2a: Raikou|slp\n|\n|-damage|p2a: Raikou|244/278 slp|[from] ability: Bad Dreams|[of] p1a: Darkrai\n|upkeep\n|turn|13\n|inactive|tiny spaceship has 120 seconds left.\n|\n|t:|1781459603\n|switch|p2a: Dugtrio|Dugtrio, L84, M|196/196\n|move|p1a: Darkrai|Dark Pulse|p2a: Dugtrio\n|-damage|p2a: Dugtrio|43/196\n|-damage|p1a: Darkrai|76/234|[from] item: Life Orb\n|\n|upkeep\n|turn|14\n|\n|t:|1781459613\n|move|p2a: Dugtrio|Earthquake|p1a: Darkrai\n|-damage|p1a: Darkrai|0 fnt\n|faint|p1a: Darkrai\n|\n|upkeep\n|\n|t:|1781459622\n|switch|p1a: Dachsbun|Dachsbun, L92, F|254/254\n|-damage|p1a: Dachsbun|223/254|[from] Stealth Rock\n|turn|15\n|\n|t:|1781459633\n|move|p2a: Dugtrio|Earthquake|p1a: Dachsbun\n|-damage|p1a: Dachsbun|103/254\n|move|p1a: Dachsbun|Play Rough|p2a: Dugtrio\n|-damage|p2a: Dugtrio|0 fnt\n|faint|p2a: Dugtrio\n|\n|-heal|p1a: Dachsbun|118/254|[from] item: Leftovers\n|upkeep\n|inactive|tiny spaceship has 120 seconds left.\n|\n|t:|1781459676\n|switch|p2a: Miraidon|Miraidon, L65|238/238\n|-fieldstart|move: Electric Terrain|[from] ability: Hadron Engine|[of] p2a: Miraidon\n|turn|16\n|\n|t:|1781459703\n|-terastallize|p2a: Miraidon|Electric\n|move|p1a: Dachsbun|Play Rough|p2a: Miraidon\n|-damage|p2a: Miraidon|129/238\n|move|p2a: Miraidon|Electro Drift|p1a: Dachsbun\n|-damage|p1a: Dachsbun|0 fnt\n|faint|p1a: Dachsbun\n|-damage|p2a: Miraidon|106/238|[from] item: Life Orb\n|\n|upkeep\n|\n|t:|1781459708\n|switch|p1a: Scream Tail|Scream Tail, L84|330/330\n|-damage|p1a: Scream Tail|289/330|[from] Stealth Rock\n|turn|17\n|\n|t:|1781459728\n|switch|p2a: Raikou|Raikou, L81|244/278 slp\n|-ability|p2a: Raikou|Pressure\n|move|p1a: Scream Tail|Play Rough|p2a: Raikou\n|-damage|p2a: Raikou|156/278 slp\n|-unboost|p2a: Raikou|atk|1\n|\n|-heal|p1a: Scream Tail|309/330|[from] item: Leftovers\n|-heal|p2a: Raikou|173/278 slp|[from] item: Leftovers\n|upkeep\n|turn|18\n|\n|t:|1781459737\n|move|p1a: Scream Tail|Play Rough|p2a: Raikou\n|-damage|p2a: Raikou|86/278 slp\n|cant|p2a: Raikou|slp\n|\n|-heal|p1a: Scream Tail|329/330|[from] item: Leftovers\n|-heal|p2a: Raikou|103/278 slp|[from] item: Leftovers\n|upkeep\n|turn|19\n|\n|t:|1781459743\n|move|p1a: Scream Tail|Play Rough|p2a: Raikou\n|-damage|p2a: Raikou|21/278 slp\n|-unboost|p2a: Raikou|atk|1\n|cant|p2a: Raikou|slp\n|\n|-heal|p1a: Scream Tail|330/330|[from] item: Leftovers\n|-heal|p2a: Raikou|38/278 slp|[from] item: Leftovers\n|upkeep\n|turn|20\n|\n|t:|1781459748\n|move|p1a: Scream Tail|Play Rough|p2a: Raikou\n|-damage|p2a: Raikou|0 fnt\n|faint|p2a: Raikou\n|\n|-fieldend|move: Electric Terrain\n|upkeep\n|\n|t:|1781459756\n|switch|p2a: Mimikyu|Mimikyu, L79, F|216/216\n|turn|21\n|inactive|tiny spaceship has 120 seconds left.\n|\n|t:|1781459763\n|move|p1a: Scream Tail|Thunder Wave|p2a: Mimikyu\n|-status|p2a: Mimikyu|par\n|move|p2a: Mimikyu|Swords Dance|p2a: Mimikyu\n|-boost|p2a: Mimikyu|atk|2\n|\n|upkeep\n|turn|22\n|inactive|tiny spaceship has 120 seconds left.\n|\n|t:|1781459776\n|-terastallize|p1a: Scream Tail|Poison\n|move|p1a: Scream Tail|Play Rough|p2a: Mimikyu\n|-activate|p2a: Mimikyu|ability: Disguise\n|-damage|p2a: Mimikyu|216/216 par\n|detailschange|p2a: Mimikyu|Mimikyu-Busted, L79, F\n|-damage|p2a: Mimikyu|189/216 par|[from] pokemon: Mimikyu-Busted\n|move|p2a: Mimikyu|Swords Dance|p2a: Mimikyu\n|-boost|p2a: Mimikyu|atk|2\n|\n|upkeep\n|turn|23\n|inactive|tiny spaceship has 120 seconds left.\n|\n|t:|1781459803\n|move|p1a: Scream Tail|Play Rough|p2a: Mimikyu\n|-damage|p2a: Mimikyu|110/216 par\n|move|p2a: Mimikyu|Play Rough|p1a: Scream Tail\n|-resisted|p1a: Scream Tail\n|-damage|p1a: Scream Tail|182/330\n|-damage|p2a: Mimikyu|89/216 par|[from] item: Life Orb\n|\n|-heal|p1a: Scream Tail|202/330|[from] item: Leftovers\n|upkeep\n|turn|24\n|\n|t:|1781459811\n|move|p1a: Scream Tail|Protect|p1a: Scream Tail\n|-singleturn|p1a: Scream Tail|Protect\n|move|p2a: Mimikyu|Shadow Sneak|p1a: Scream Tail\n|-activate|p1a: Scream Tail|move: Protect\n|\n|-heal|p1a: Scream Tail|222/330|[from] item: Leftovers\n|upkeep\n|turn|25\n|\n|t:|1781459815\n|move|p2a: Mimikyu|Shadow Sneak|p1a: Scream Tail\n|-damage|p1a: Scream Tail|104/330\n|-damage|p2a: Mimikyu|68/216 par|[from] item: Life Orb\n|move|p1a: Scream Tail|Play Rough|p2a: Mimikyu\n|-damage|p2a: Mimikyu|0 fnt\n|faint|p2a: Mimikyu\n|\n|-heal|p1a: Scream Tail|124/330|[from] item: Leftovers\n|upkeep\n|\n|t:|1781459818\n|switch|p2a: Miraidon|Miraidon, L65, tera:Electric|106/238\n|-fieldstart|move: Electric Terrain|[from] ability: Hadron Engine|[of] p2a: Miraidon\n|turn|26\n|\n|t:|1781459824\n|move|p1a: Scream Tail|Wish|p1a: Scream Tail\n|move|p2a: Miraidon|Electro Drift|p1a: Scream Tail\n|-damage|p1a: Scream Tail|0 fnt\n|faint|p1a: Scream Tail\n|-end|p1a: Scream Tail|Protosynthesis|[silent]\n|-damage|p2a: Miraidon|83/238|[from] item: Life Orb\n|\n|upkeep\n|\n|t:|1781459826\n|switch|p1a: Raikou|Raikou, L81|278/278\n|-damage|p1a: Raikou|244/278|[from] Stealth Rock\n|-ability|p1a: Raikou|Pressure\n|turn|27\n|\n|t:|1781459841\n|move|p1a: Raikou|Substitute|p1a: Raikou\n|-start|p1a: Raikou|Substitute\n|-damage|p1a: Raikou|175/278\n|move|p2a: Miraidon|Draco Meteor|p1a: Raikou\n|-end|p1a: Raikou|Substitute\n|-unboost|p2a: Miraidon|spa|2\n|-damage|p2a: Miraidon|60/238|[from] item: Life Orb\n|\n|-heal|p1a: Raikou|278/278|[from] move: Wish|[wisher] Scream Tail\n|upkeep\n|turn|28\n|\n|t:|1781459846\n|move|p1a: Raikou|Substitute|p1a: Raikou\n|-start|p1a: Raikou|Substitute\n|-damage|p1a: Raikou|209/278\n|move|p2a: Miraidon|Calm Mind|p2a: Miraidon\n|-boost|p2a: Miraidon|spa|1\n|-boost|p2a: Miraidon|spd|1\n|\n|-heal|p1a: Raikou|226/278|[from] item: Leftovers\n|upkeep\n|turn|29\n|\n|t:|1781459851\n|move|p1a: Raikou|Calm Mind|p1a: Raikou\n|-boost|p1a: Raikou|spa|1\n|-boost|p1a: Raikou|spd|1\n|move|p2a: Miraidon|Calm Mind|p2a: Miraidon\n|-boost|p2a: Miraidon|spa|1\n|-boost|p2a: Miraidon|spd|1\n|\n|-heal|p1a: Raikou|243/278|[from] item: Leftovers\n|upkeep\n|turn|30\n|\n|t:|1781459854\n|move|p1a: Raikou|Calm Mind|p1a: Raikou\n|-boost|p1a: Raikou|spa|1\n|-boost|p1a: Raikou|spd|1\n|move|p2a: Miraidon|Calm Mind|p2a: Miraidon\n|-boost|p2a: Miraidon|spa|1\n|-boost|p2a: Miraidon|spd|1\n|\n|-heal|p1a: Raikou|260/278|[from] item: Leftovers\n|-fieldend|move: Electric Terrain\n|upkeep\n|turn|31\n|\n|t:|1781459857\n|move|p1a: Raikou|Calm Mind|p1a: Raikou\n|-boost|p1a: Raikou|spa|1\n|-boost|p1a: Raikou|spd|1\n|move|p2a: Miraidon|Dragon Pulse|p1a: Raikou\n|-activate|p1a: Raikou|move: Substitute|[damage]\n|-damage|p2a: Miraidon|37/238|[from] item: Life Orb\n|\n|-heal|p1a: Raikou|277/278|[from] item: Leftovers\n|upkeep\n|turn|32\n|-message|tiny spaceship forfeited.\n|\n|win|renz3554\n", "inputlog": ">version a8376a258c1d4662feba110a92103f3664a72141\n>start {\"formatid\":\"gen9randombattle\",\"seed\":\"sodium,28fbaedd49e5e38ae2b971b575013ad1\",\"rated\":\"Rated battle\"}\n>player p1 {\"name\":\"renz3554\",\"avatar\":\"169\",\"rating\":2072,\"seed\":\"sodium,357c79d7bc652b627a84c6d2d74699d9\"}\n>player p2 {\"name\":\"tiny spaceship\",\"avatar\":\"dawn\",\"rating\":2208,\"seed\":\"sodium,c0dbef705e1951962b91d405e5838d6b\"}\n>p1 move knockoff\n>p2 move stealthrock\n>p1 move encore\n>p2 move spikes\n>p1 move yawn\n>p2 switch 2\n>p1 move psychicnoise\n>p2 switch 2\n>p1 move psychicnoise\n>p2 move outrage\n>p1 move psychicnoise\n>p2 move outrage\n>p2 switch 4\n>p1 move knockoff\n>p2 move rockslide\n>p1 switch 5\n>p1 move earthquake\n>p2 move rockslide\n>p1 move earthquake\n>p2 move earthquake\n>p2 switch 2\n>p1 move earthquake\n>p2 move scald\n>p1 switch 2\n>p1 move hypnosis\n>p2 move thunderbolt\n>p1 move hypnosis\n>p2 move thunderbolt\n>p1 move darkpulse\n>p2 switch 3\n>p1 move darkpulse\n>p2 move earthquake\n>p1 switch 3\n>p1 move playrough\n>p2 move earthquake\n>p2 switch 5\n>p1 move playrough\n>p2 move electrodrift terastallize\n>p1 switch 4\n>p1 move playrough\n>p2 switch 3\n>p1 move playrough\n>p2 move thunderbolt\n>p1 move playrough\n>p2 move thunderbolt\n>p1 move playrough\n>p2 move thunderbolt\n>p2 switch 6\n>p1 move thunderwave\n>p2 move swordsdance\n>p1 move playrough terastallize\n>p2 move swordsdance\n>p1 move playrough\n>p2 move playrough\n>p1 move protect\n>p2 move shadowsneak\n>p1 move playrough\n>p2 move shadowsneak\n>p2 switch 3\n>p1 move wish\n>p2 move electrodrift\n>p1 switch 6\n>p1 move substitute\n>p2 move dracometeor\n>p1 move substitute\n>p2 move calmmind\n>p1 move calmmind\n>p2 move calmmind\n>p1 move calmmind\n>p2 move calmmind\n>p1 move calmmind\n>p2 move dragonpulse\n>forcelose p2", "uploadtime": 1781459335, "views": 4, "formatid": "gen9randombattle", "rating": null, "private": 0, "password": null}