{"id": "gen9randombattle-2631879578", "format": "[Gen 9] Random Battle", "players": ["Kayred1234", "BryanMbwembo"], "log": "|j|\u2606Kayred1234\n|j|\u2606BryanMbwembo\n|t:|1781451320\n|gametype|singles\n|player|p1|Kayred1234|worker-gen4|1382\n|player|p2|BryanMbwembo|unknown|1341\n|gen|9\n|tier|[Gen 9] Random Battle\n|rated|\n|rule|Species Clause: Limit one of each Pok\u00e9mon\n|rule|HP Percentage Mod: HP is shown in percentages\n|rule|Sleep Clause Mod: Limit one foe put to sleep\n|rule|Illusion Level Mod: Illusion disguises the Pok\u00e9mon's true level\n|\n|t:|1781451320\n|teamsize|p1|6\n|teamsize|p2|6\n|start\n|switch|p1a: Chansey|Chansey, L85, F|564/564\n|switch|p2a: Gogoat|Gogoat, L88, F|360/360\n|turn|1\n|inactive|Battle timer is ON: inactive players will automatically lose when time's up. (requested by BryanMbwembo)\n|\n|t:|1781451335\n|move|p2a: Gogoat|Bulk Up|p2a: Gogoat\n|-boost|p2a: Gogoat|atk|1\n|-boost|p2a: Gogoat|def|1\n|move|p1a: Chansey|Thunder Wave|p2a: Gogoat\n|-status|p2a: Gogoat|par\n|\n|upkeep\n|turn|2\n|\n|t:|1781451346\n|switch|p1a: Araquanid|Araquanid, L82, F|246/246\n|move|p2a: Gogoat|Bulk Up|p2a: Gogoat\n|-boost|p2a: Gogoat|atk|1\n|-boost|p2a: Gogoat|def|1\n|\n|upkeep\n|turn|3\n|\n|t:|1781451356\n|move|p1a: Araquanid|Leech Life|p2a: Gogoat\n|-supereffective|p2a: Gogoat\n|-damage|p2a: Gogoat|286/360 par\n|move|p2a: Gogoat|Rock Slide|p1a: Araquanid\n|-supereffective|p1a: Araquanid\n|-damage|p1a: Araquanid|8/246\n|\n|-heal|p2a: Gogoat|308/360 par|[from] item: Leftovers\n|upkeep\n|turn|4\n|\n|t:|1781451366\n|move|p1a: Araquanid|Leech Life|p2a: Gogoat\n|-supereffective|p2a: Gogoat\n|-damage|p2a: Gogoat|228/360 par\n|-heal|p1a: Araquanid|48/246|[from] drain|[of] p2a: Gogoat\n|move|p2a: Gogoat|Horn Leech|p1a: Araquanid\n|-damage|p1a: Araquanid|0 fnt\n|-heal|p2a: Gogoat|252/360 par|[from] drain|[of] p1a: Araquanid\n|faint|p1a: Araquanid\n|\n|-heal|p2a: Gogoat|274/360 par|[from] item: Leftovers\n|upkeep\n|c|\u2606Kayred1234|Gg\n|inactive|Kayred1234 has 120 seconds left.\n|\n|t:|1781451401\n|switch|p1a: Rhydon|Rhydon, L85, F|317/317\n|turn|5\n|\n|t:|1781451409\n|move|p1a: Rhydon|Megahorn|p2a: Gogoat\n|-supereffective|p2a: Gogoat\n|-damage|p2a: Gogoat|128/360 par\n|move|p2a: Gogoat|Horn Leech|p1a: Rhydon\n|-supereffective|p1a: Rhydon\n|-damage|p1a: Rhydon|0 fnt\n|-heal|p2a: Gogoat|287/360 par|[from] drain|[of] p1a: Rhydon\n|faint|p1a: Rhydon\n|\n|-heal|p2a: Gogoat|309/360 par|[from] item: Leftovers\n|upkeep\n|inactive|Kayred1234 has 120 seconds left.\n|\n|t:|1781451420\n|switch|p1a: Iron Boulder|Iron Boulder, L77|265/265\n|-enditem|p1a: Iron Boulder|Booster Energy\n|-activate|p1a: Iron Boulder|ability: Quark Drive|[fromitem]\n|-start|p1a: Iron Boulder|quarkdrivespe\n|turn|6\n|\n|t:|1781451430\n|move|p1a: Iron Boulder|Zen Headbutt|p2a: Gogoat\n|-damage|p2a: Gogoat|254/360 par\n|move|p2a: Gogoat|Horn Leech|p1a: Iron Boulder\n|-supereffective|p1a: Iron Boulder\n|-damage|p1a: Iron Boulder|0 fnt\n|-heal|p2a: Gogoat|360/360 par|[from] drain|[of] p1a: Iron Boulder\n|faint|p1a: Iron Boulder\n|-end|p1a: Iron Boulder|Quark Drive|[silent]\n|\n|upkeep\n|inactive|Kayred1234 has 120 seconds left.\n|\n|t:|1781451446\n|switch|p1a: Crawdaunt|Crawdaunt, L84, M|243/243\n|turn|7\n|\n|t:|1781451451\n|move|p1a: Crawdaunt|Knock Off|p2a: Gogoat\n|-damage|p2a: Gogoat|222/360 par\n|-enditem|p2a: Gogoat|Leftovers|[from] move: Knock Off|[of] p1a: Crawdaunt\n|-damage|p1a: Crawdaunt|219/243|[from] item: Life Orb\n|move|p2a: Gogoat|Horn Leech|p1a: Crawdaunt\n|-supereffective|p1a: Crawdaunt\n|-damage|p1a: Crawdaunt|0 fnt\n|-heal|p2a: Gogoat|332/360 par|[from] drain|[of] p1a: Crawdaunt\n|faint|p1a: Crawdaunt\n|\n|upkeep\n|\n|t:|1781451456\n|switch|p1a: Torterra|Torterra, L78, F|276/276\n|turn|8\n|\n|t:|1781451472\n|move|p1a: Torterra|Rock Blast|p2a: Gogoat\n|-damage|p2a: Gogoat|320/360 par\n|-damage|p2a: Gogoat|309/360 par\n|-damage|p2a: Gogoat|298/360 par\n|-damage|p2a: Gogoat|287/360 par\n|-damage|p2a: Gogoat|275/360 par\n|-hitcount|p2a: Gogoat|5\n|move|p2a: Gogoat|Horn Leech|p1a: Torterra\n|-damage|p1a: Torterra|110/276\n|-heal|p2a: Gogoat|358/360 par|[from] drain|[of] p1a: Torterra\n|\n|upkeep\n|turn|9\n|\n|t:|1781451484\n|move|p1a: Torterra|Headlong Rush|p2a: Gogoat\n|-resisted|p2a: Gogoat\n|-damage|p2a: Gogoat|319/360 par\n|-unboost|p1a: Torterra|def|1\n|-unboost|p1a: Torterra|spd|1\n|move|p2a: Gogoat|Horn Leech|p1a: Torterra\n|-damage|p1a: Torterra|0 fnt\n|-heal|p2a: Gogoat|360/360 par|[from] drain|[of] p1a: Torterra\n|faint|p1a: Torterra\n|\n|upkeep\n|\n|t:|1781451489\n|switch|p1a: Chansey|Chansey, L85, F|564/564\n|turn|10\n|\n|t:|1781451498\n|move|p1a: Chansey|Seismic Toss|p2a: Gogoat\n|-damage|p2a: Gogoat|275/360 par\n|cant|p2a: Gogoat|par\n|\n|upkeep\n|turn|11\n|\n|t:|1781451507\n|move|p1a: Chansey|Stealth Rock|p2a: Gogoat\n|-sidestart|p2: BryanMbwembo|move: Stealth Rock\n|move|p2a: Gogoat|Horn Leech|p1a: Chansey\n|-damage|p1a: Chansey|159/564\n|-heal|p2a: Gogoat|360/360 par|[from] drain|[of] p1a: Chansey\n|\n|upkeep\n|turn|12\n|\n|t:|1781451516\n|move|p1a: Chansey|Soft-Boiled|p1a: Chansey\n|-heal|p1a: Chansey|441/564\n|move|p2a: Gogoat|Horn Leech|p1a: Chansey\n|-damage|p1a: Chansey|23/564\n|\n|upkeep\n|turn|13\n|\n|t:|1781451524\n|move|p1a: Chansey|Soft-Boiled|p1a: Chansey\n|-heal|p1a: Chansey|305/564\n|move|p2a: Gogoat|Horn Leech|p1a: Chansey\n|-damage|p1a: Chansey|0 fnt\n|faint|p1a: Chansey\n|\n|win|BryanMbwembo\n|raw|Kayred1234's rating: 1382 &rarr; <strong>1360</strong><br />(-22 for losing)\n|raw|BryanMbwembo's rating: 1341 &rarr; <strong>1363</strong><br />(+22 for winning)\n", "inputlog": ">version a8376a258c1d4662feba110a92103f3664a72141\n>start {\"formatid\":\"gen9randombattle\",\"seed\":\"sodium,f99f8cb25b045b841d6a4c208ae4acb1\",\"rated\":\"Rated battle\"}\n>player p1 {\"name\":\"Kayred1234\",\"avatar\":\"worker-gen4\",\"rating\":1382,\"seed\":\"sodium,7312323e0212010390fa9b6ee7185654\"}\n>player p2 {\"name\":\"BryanMbwembo\",\"avatar\":\"unknown\",\"rating\":1341,\"seed\":\"sodium,1fa2a31b9b58a65d707a699dc7daa496\"}\n>p1 move thunderwave\n>p2 move bulkup\n>p1 switch 6\n>p2 move bulkup\n>p1 move leechlife\n>p2 move rockslide\n>p1 move leechlife\n>p2 move hornleech\n>chat \u2606Kayred1234|Gg\n>p1 switch 2\n>p1 move megahorn\n>p2 move hornleech\n>p1 switch 4\n>p1 move zenheadbutt\n>p2 move hornleech\n>p1 switch 3\n>p1 move knockoff\n>p2 move hornleech\n>p1 switch 5\n>p1 move rockblast\n>p2 move hornleech\n>p1 move headlongrush\n>p2 move hornleech\n>p1 switch 6\n>p1 move seismictoss\n>p2 move hornleech\n>p1 move stealthrock\n>p2 move hornleech\n>p1 move softboiled\n>p2 move hornleech\n>p1 move softboiled\n>p2 move hornleech", "uploadtime": 1781451534, "views": 9, "formatid": "gen9randombattle", "rating": 1360, "private": 0, "password": null}