{"id": "gen9randombattle-2631799995", "format": "[Gen 9] Random Battle", "players": ["FireHowe", "rayray9"], "log": "|j|\u2606FireHowe\n|j|\u2606rayray9\n|t:|1781441492\n|gametype|singles\n|player|p1|FireHowe|giovanni|1965\n|player|p2|rayray9|1|2030\n|gen|9\n|tier|[Gen 9] Random Battle\n|rated|\n|rule|Species Clause: Limit one of each Pok\u00e9mon\n|rule|HP Percentage Mod: HP is shown in percentages\n|rule|Sleep Clause Mod: Limit one foe put to sleep\n|rule|Illusion Level Mod: Illusion disguises the Pok\u00e9mon's true level\n|\n|t:|1781441492\n|teamsize|p1|6\n|teamsize|p2|6\n|start\n|switch|p1a: Great Tusk|Great Tusk, L77|304/304\n|switch|p2a: Porygon2|Porygon2, L81|270/270\n|-ability|p2a: Porygon2|Download|boost\n|-boost|p2a: Porygon2|spa|1\n|turn|1\n|inactive|Battle timer is ON: inactive players will automatically lose when time's up. (requested by FireHowe)\n|\n|t:|1781441510\n|move|p1a: Great Tusk|Knock Off|p2a: Porygon2\n|-damage|p2a: Porygon2|220/270\n|-enditem|p2a: Porygon2|Eviolite|[from] move: Knock Off|[of] p1a: Great Tusk\n|move|p2a: Porygon2|Tera Blast|p1a: Great Tusk\n|-damage|p1a: Great Tusk|175/304\n|\n|upkeep\n|turn|2\n|\n|t:|1781441517\n|move|p1a: Great Tusk|Rapid Spin|p2a: Porygon2\n|-damage|p2a: Porygon2|181/270\n|-boost|p1a: Great Tusk|spe|1\n|move|p2a: Porygon2|Tera Blast|p1a: Great Tusk\n|-damage|p1a: Great Tusk|55/304\n|\n|upkeep\n|turn|3\n|\n|t:|1781441523\n|move|p1a: Great Tusk|Close Combat|p2a: Porygon2\n|-supereffective|p2a: Porygon2\n|-damage|p2a: Porygon2|0 fnt\n|-unboost|p1a: Great Tusk|def|1\n|-unboost|p1a: Great Tusk|spd|1\n|faint|p2a: Porygon2\n|\n|upkeep\n|\n|t:|1781441536\n|switch|p2a: Flapple|Flapple, L88, M|266/266\n|turn|4\n|\n|t:|1781441541\n|move|p1a: Great Tusk|Close Combat|p2a: Flapple\n|-damage|p2a: Flapple|137/266\n|-unboost|p1a: Great Tusk|def|1\n|-unboost|p1a: Great Tusk|spd|1\n|move|p2a: Flapple|U-turn|p1a: Great Tusk\n|-resisted|p1a: Great Tusk\n|-damage|p1a: Great Tusk|0 fnt\n|faint|p1a: Great Tusk\n|-end|p1a: Great Tusk|Protosynthesis|[silent]\n|\n|t:|1781441553\n|switch|p2a: Bombirdier|Bombirdier, L85, F|258/258|[from] U-turn\n|\n|upkeep\n|\n|t:|1781441583\n|switch|p1a: Klefki|Klefki, L84, M|233/233\n|turn|5\n|\n|t:|1781441591\n|switch|p2a: Qwilfish|Qwilfish, L86, M|252/252\n|-ability|p2a: Qwilfish|Intimidate|boost\n|-unboost|p1a: Klefki|atk|1\n|move|p1a: Klefki|Play Rough|p2a: Qwilfish\n|-resisted|p2a: Qwilfish\n|-damage|p2a: Qwilfish|226/252\n|\n|-heal|p2a: Qwilfish|241/252|[from] item: Leftovers\n|upkeep\n|turn|6\n|\n|t:|1781441596\n|move|p1a: Klefki|Thunder Wave|p2a: Qwilfish\n|-status|p2a: Qwilfish|par\n|move|p2a: Qwilfish|Toxic Spikes|p1a: Klefki\n|-sidestart|p1: FireHowe|move: Toxic Spikes\n|\n|-heal|p2a: Qwilfish|252/252 par|[from] item: Leftovers\n|upkeep\n|turn|7\n|\n|t:|1781441614\n|move|p1a: Klefki|Spikes|p2a: Qwilfish\n|-sidestart|p2: rayray9|Spikes\n|move|p2a: Qwilfish|Toxic Spikes|p1a: Klefki\n|-sidestart|p1: FireHowe|move: Toxic Spikes\n|\n|upkeep\n|turn|8\n|\n|t:|1781441619\n|move|p1a: Klefki|Spikes|p2a: Qwilfish\n|-sidestart|p2: rayray9|Spikes\n|move|p2a: Qwilfish|Waterfall|p1a: Klefki\n|-damage|p1a: Klefki|142/233\n|\n|-heal|p1a: Klefki|156/233|[from] item: Leftovers\n|upkeep\n|turn|9\n|\n|t:|1781441626\n|move|p1a: Klefki|Spikes|p2a: Qwilfish\n|-sidestart|p2: rayray9|Spikes\n|move|p2a: Qwilfish|Waterfall|p1a: Klefki\n|-damage|p1a: Klefki|77/233\n|\n|-heal|p1a: Klefki|91/233|[from] item: Leftovers\n|upkeep\n|turn|10\n|\n|t:|1781441640\n|switch|p1a: Leavanny|Leavanny, L86, M|269/269\n|-status|p1a: Leavanny|tox\n|move|p2a: Qwilfish|Waterfall|p1a: Leavanny\n|-resisted|p1a: Leavanny\n|-crit|p1a: Leavanny\n|-damage|p1a: Leavanny|201/269 tox\n|\n|-damage|p1a: Leavanny|185/269 tox|[from] psn\n|upkeep\n|turn|11\n|\n|t:|1781441653\n|move|p1a: Leavanny|Sticky Web|p2a: Qwilfish\n|-sidestart|p2: rayray9|move: Sticky Web\n|move|p2a: Qwilfish|Gunk Shot|p1a: Leavanny\n|-supereffective|p1a: Leavanny\n|-damage|p1a: Leavanny|0 fnt\n|faint|p1a: Leavanny\n|\n|upkeep\n|\n|t:|1781441664\n|switch|p1a: Hitmonlee|Hitmonlee, L85, M|223/223\n|-status|p1a: Hitmonlee|tox\n|turn|12\n|\n|t:|1781441671\n|move|p1a: Hitmonlee|Knock Off|p2a: Qwilfish\n|-damage|p2a: Qwilfish|129/252 par\n|-enditem|p2a: Qwilfish|Leftovers|[from] move: Knock Off|[of] p1a: Hitmonlee\n|move|p2a: Qwilfish|Waterfall|p1a: Hitmonlee\n|-damage|p1a: Hitmonlee|106/223 tox\n|\n|-damage|p1a: Hitmonlee|93/223 tox|[from] psn\n|upkeep\n|turn|13\n|\n|t:|1781441678\n|switch|p1a: Klefki|Klefki, L84, M|91/233\n|move|p2a: Qwilfish|Waterfall|p1a: Klefki\n|-damage|p1a: Klefki|6/233\n|\n|-heal|p1a: Klefki|20/233|[from] item: Leftovers\n|upkeep\n|turn|14\n|\n|t:|1781441686\n|move|p1a: Klefki|Play Rough|p2a: Qwilfish\n|-resisted|p2a: Qwilfish\n|-damage|p2a: Qwilfish|85/252 par\n|move|p2a: Qwilfish|Waterfall|p1a: Klefki\n|-damage|p1a: Klefki|0 fnt\n|faint|p1a: Klefki\n|\n|upkeep\n|\n|t:|1781441691\n|switch|p1a: Hitmonlee|Hitmonlee, L85, M|93/223 tox\n|turn|15\n|\n|t:|1781441695\n|move|p1a: Hitmonlee|High Jump Kick|p2a: Qwilfish\n|-resisted|p2a: Qwilfish\n|-damage|p2a: Qwilfish|0 fnt\n|faint|p2a: Qwilfish\n|\n|-damage|p1a: Hitmonlee|80/223 tox|[from] psn\n|upkeep\n|\n|t:|1781441700\n|switch|p2a: Morpeko|Morpeko, L88, F|245/245\n|turn|16\n|\n|t:|1781441706\n|move|p2a: Morpeko|Aura Wheel|p1a: Hitmonlee\n|-crit|p1a: Hitmonlee\n|-damage|p1a: Hitmonlee|0 fnt\n|-boost|p2a: Morpeko|spe|1\n|faint|p1a: Hitmonlee\n|\n|-formechange|p2a: Morpeko|Morpeko-Hangry||[from] ability: Hunger Switch\n|upkeep\n|\n|t:|1781441712\n|switch|p1a: Chien-Pao|Chien-Pao, L72|234/234\n|-status|p1a: Chien-Pao|tox\n|-ability|p1a: Chien-Pao|Sword of Ruin\n|turn|17\n|\n|t:|1781441719\n|move|p2a: Morpeko|Protect|p2a: Morpeko\n|-singleturn|p2a: Morpeko|Protect\n|move|p1a: Chien-Pao|Sacred Sword|p2a: Morpeko\n|-activate|p2a: Morpeko|move: Protect\n|\n|-damage|p1a: Chien-Pao|220/234 tox|[from] psn\n|-formechange|p2a: Morpeko|Morpeko||[from] ability: Hunger Switch\n|upkeep\n|turn|18\n|\n|t:|1781441734\n|switch|p2a: Bombirdier|Bombirdier, L85, F|258/258\n|move|p1a: Chien-Pao|Sacred Sword|p2a: Bombirdier\n|-damage|p2a: Bombirdier|153/258\n|\n|-damage|p1a: Chien-Pao|192/234 tox|[from] psn\n|upkeep\n|turn|19\n|\n|t:|1781441750\n|switch|p1a: Milotic|Milotic, L83, M|293/293\n|-status|p1a: Milotic|tox\n|move|p2a: Bombirdier|Brave Bird|p1a: Milotic\n|-damage|p1a: Milotic|142/293 tox\n|-damage|p2a: Bombirdier|103/258|[from] Recoil\n|\n|-heal|p1a: Milotic|160/293 tox|[from] item: Leftovers\n|-damage|p1a: Milotic|142/293 tox|[from] psn\n|upkeep\n|turn|20\n|\n|t:|1781441754\n|move|p2a: Bombirdier|Brave Bird|p1a: Milotic\n|-damage|p1a: Milotic|0 fnt\n|faint|p1a: Milotic\n|-damage|p2a: Bombirdier|56/258|[from] Recoil\n|\n|upkeep\n|\n|t:|1781441758\n|switch|p1a: Chien-Pao|Chien-Pao, L72|192/234 tox\n|-ability|p1a: Chien-Pao|Sword of Ruin\n|turn|21\n|\n|t:|1781441762\n|move|p2a: Bombirdier|Brave Bird|p1a: Chien-Pao\n|-damage|p1a: Chien-Pao|33/234 tox\n|-damage|p2a: Bombirdier|4/258|[from] Recoil\n|move|p1a: Chien-Pao|Icicle Crash|p2a: Bombirdier\n|-supereffective|p2a: Bombirdier\n|-damage|p2a: Bombirdier|0 fnt\n|faint|p2a: Bombirdier\n|\n|-damage|p1a: Chien-Pao|19/234 tox|[from] psn\n|upkeep\n|\n|t:|1781441772\n|switch|p2a: Swalot|Swalot, L90, F|326/326\n|-damage|p2a: Swalot|245/326|[from] Spikes\n|-activate|p2a: Swalot|move: Sticky Web\n|-unboost|p2a: Swalot|spe|1\n|turn|22\n|\n|t:|1781441775\n|move|p1a: Chien-Pao|Icicle Crash|p2a: Swalot\n|-damage|p2a: Swalot|83/326\n|move|p2a: Swalot|Earthquake|p1a: Chien-Pao\n|-damage|p1a: Chien-Pao|0 fnt\n|faint|p1a: Chien-Pao\n|\n|win|rayray9\n|raw|FireHowe's rating: 1965 &rarr; <strong>1949</strong><br />(-16 for losing)\n|raw|rayray9's rating: 2030 &rarr; <strong>2046</strong><br />(+16 for winning)\n", "inputlog": ">version a8376a258c1d4662feba110a92103f3664a72141\n>start {\"formatid\":\"gen9randombattle\",\"seed\":\"sodium,dd6d98696d51faea56b46a0f5cd23a72\",\"rated\":\"Rated battle\"}\n>player p1 {\"name\":\"FireHowe\",\"avatar\":\"giovanni\",\"rating\":1965,\"seed\":\"sodium,7b38e89144a22c09f2c9e73b1a8721d0\"}\n>player p2 {\"name\":\"rayray9\",\"avatar\":\"1\",\"rating\":2030,\"seed\":\"sodium,0b6916bc3d87c1f819b312c756b7aac8\"}\n>p1 move knockoff\n>p2 move terablast\n>p1 move rapidspin\n>p2 move terablast\n>p1 move closecombat\n>p2 move terablast\n>p2 switch 2\n>p1 move closecombat\n>p2 move uturn\n>p2 switch 5\n>p1 switch 5\n>p1 move playrough\n>p2 switch 3\n>p1 move thunderwave\n>p2 move toxicspikes\n>p1 move spikes\n>p2 move toxicspikes\n>p1 move spikes\n>p2 move waterfall\n>p1 move spikes\n>p2 move waterfall\n>p1 switch 6\n>p2 move waterfall\n>p1 move stickyweb\n>p2 move gunkshot\n>p1 switch 4\n>p1 move knockoff\n>p2 move waterfall\n>p1 switch 6\n>p2 move waterfall\n>p1 move playrough\n>p2 move waterfall\n>p1 switch 6\n>p1 move highjumpkick\n>p2 move waterfall\n>p2 switch 6\n>p1 move highjumpkick\n>p2 move aurawheel\n>p1 switch 2\n>p1 move sacredsword\n>p2 move protect\n>p1 move sacredsword\n>p2 switch 3\n>p1 switch 3\n>p2 move bravebird\n>p1 move scald\n>p2 move bravebird\n>p1 switch 3\n>p1 move iciclecrash\n>p2 move bravebird\n>p2 switch 4\n>p1 move iciclecrash\n>p2 move earthquake", "uploadtime": 1781441495, "views": 8, "formatid": "gen9randombattle", "rating": 1949, "private": 0, "password": null}