{"id": "gen9randombattle-2631853007", "format": "[Gen 9] Random Battle", "players": ["seijetechi", "imover923"], "log": "|j|\u2606seijetechi\n|j|\u2606imover923\n|t:|1781448307\n|gametype|singles\n|player|p1|seijetechi|2|1927\n|player|p2|imover923|266|1976\n|gen|9\n|tier|[Gen 9] Random Battle\n|rated|\n|rule|Species Clause: Limit one of each Pok\u00e9mon\n|rule|HP Percentage Mod: HP is shown in percentages\n|rule|Sleep Clause Mod: Limit one foe put to sleep\n|rule|Illusion Level Mod: Illusion disguises the Pok\u00e9mon's true level\n|\n|t:|1781448307\n|teamsize|p1|6\n|teamsize|p2|6\n|start\n|switch|p1a: Meloetta|Meloetta, L82|298/298\n|switch|p2a: Great Tusk|Great Tusk, L77|304/304\n|turn|1\n|\n|t:|1781448326\n|-end|p2a: Great Tusk|Protosynthesis|[silent]\n|switch|p2a: Sawsbuck|Sawsbuck-Winter, L88, F|284/284\n|move|p1a: Meloetta|U-turn|p2a: Sawsbuck\n|-supereffective|p2a: Sawsbuck\n|-damage|p2a: Sawsbuck|196/284\n|inactive|Battle timer is ON: inactive players will automatically lose when time's up. (requested by imover923)\n|\n|t:|1781448358\n|switch|p1a: Komala|Komala, L88, M|258/258|[from] U-turn\n|-ability|p1a: Komala|Comatose\n|\n|upkeep\n|turn|2\n|\n|t:|1781448370\n|move|p2a: Sawsbuck|Horn Leech|p1a: Komala\n|-damage|p1a: Komala|125/258\n|-heal|p2a: Sawsbuck|263/284|[from] drain|[of] p1a: Komala\n|-damage|p2a: Sawsbuck|235/284|[from] item: Life Orb\n|move|p1a: Komala|Body Slam|p2a: Sawsbuck\n|-damage|p2a: Sawsbuck|109/284\n|-status|p2a: Sawsbuck|par\n|\n|upkeep\n|turn|3\n|\n|t:|1781448381\n|move|p1a: Komala|Body Slam|p2a: Sawsbuck\n|-damage|p2a: Sawsbuck|0 fnt\n|faint|p2a: Sawsbuck\n|\n|upkeep\n|\n|t:|1781448388\n|switch|p2a: Gurdurr|Gurdurr, L85, M|283/283\n|turn|4\n|\n|t:|1781448401\n|move|p1a: Komala|Knock Off|p2a: Gurdurr\n|-resisted|p2a: Gurdurr\n|-damage|p2a: Gurdurr|256/283\n|-enditem|p2a: Gurdurr|Eviolite|[from] move: Knock Off|[of] p1a: Komala\n|move|p2a: Gurdurr|Knock Off|p1a: Komala\n|-damage|p1a: Komala|41/258\n|-enditem|p1a: Komala|Assault Vest|[from] move: Knock Off|[of] p2a: Gurdurr\n|\n|upkeep\n|turn|5\n|\n|t:|1781448412\n|switch|p1a: Meloetta|Meloetta, L82|298/298\n|move|p2a: Gurdurr|Knock Off|p1a: Meloetta\n|-supereffective|p1a: Meloetta\n|-damage|p1a: Meloetta|112/298\n|-enditem|p1a: Meloetta|Choice Specs|[from] move: Knock Off|[of] p2a: Gurdurr\n|\n|upkeep\n|turn|6\n|\n|t:|1781448421\n|move|p2a: Gurdurr|Mach Punch|p1a: Meloetta\n|-damage|p1a: Meloetta|61/298\n|move|p1a: Meloetta|Psyshock|p2a: Gurdurr\n|-supereffective|p2a: Gurdurr\n|-damage|p2a: Gurdurr|38/283\n|\n|upkeep\n|turn|7\n|\n|t:|1781448426\n|move|p2a: Gurdurr|Mach Punch|p1a: Meloetta\n|-damage|p1a: Meloetta|10/298\n|move|p1a: Meloetta|Psyshock|p2a: Gurdurr\n|-supereffective|p2a: Gurdurr\n|-damage|p2a: Gurdurr|0 fnt\n|faint|p2a: Gurdurr\n|\n|upkeep\n|\n|t:|1781448441\n|switch|p2a: Pikachu|Pikachu, L93, M|216/216\n|turn|8\n|\n|t:|1781448449\n|move|p2a: Pikachu|Surf|p1a: Meloetta\n|-damage|p1a: Meloetta|0 fnt\n|faint|p1a: Meloetta\n|\n|upkeep\n|\n|t:|1781448458\n|switch|p1a: Baxcalibur|Baxcalibur, L75, F|296/296\n|turn|9\n|\n|t:|1781448470\n|move|p2a: Pikachu|Play Rough|p1a: Baxcalibur\n|-supereffective|p1a: Baxcalibur\n|-crit|p1a: Baxcalibur\n|-damage|p1a: Baxcalibur|0 fnt\n|faint|p1a: Baxcalibur\n|\n|upkeep\n|\n|t:|1781448481\n|switch|p1a: Malamar|Malamar, L82, M|275/275\n|turn|10\n|\n|t:|1781448487\n|move|p2a: Pikachu|Volt Tackle|p1a: Malamar\n|-crit|p1a: Malamar\n|-damage|p1a: Malamar|0 fnt\n|faint|p1a: Malamar\n|-damage|p2a: Pikachu|125/216|[from] Recoil\n|\n|upkeep\n|c|\u2606imover923|hot dawg\n|\n|t:|1781448494\n|switch|p1a: Forretress|Forretress, L84, F|263/263\n|turn|11\n|\n|t:|1781448503\n|move|p2a: Pikachu|Surf|p1a: Forretress\n|-damage|p1a: Forretress|137/263\n|move|p1a: Forretress|Iron Head|p2a: Pikachu\n|-resisted|p2a: Pikachu\n|-damage|p2a: Pikachu|66/216\n|\n|-heal|p1a: Forretress|153/263|[from] item: Leftovers\n|upkeep\n|turn|12\n|\n|t:|1781448513\n|move|p2a: Pikachu|Surf|p1a: Forretress\n|-damage|p1a: Forretress|33/263\n|move|p1a: Forretress|Iron Head|p2a: Pikachu\n|-resisted|p2a: Pikachu\n|-damage|p2a: Pikachu|6/216\n|\n|-heal|p1a: Forretress|49/263|[from] item: Leftovers\n|upkeep\n|turn|13\n|\n|t:|1781448522\n|move|p2a: Pikachu|Surf|p1a: Forretress\n|-damage|p1a: Forretress|0 fnt\n|faint|p1a: Forretress\n|\n|upkeep\n|\n|t:|1781448526\n|switch|p1a: Pincurchin|Pincurchin, M|258/258\n|-fieldstart|move: Electric Terrain|[from] ability: Electric Surge|[of] p1a: Pincurchin\n|turn|14\n|\n|t:|1781448536\n|move|p2a: Pikachu|Surf|p1a: Pincurchin\n|-damage|p1a: Pincurchin|173/258\n|move|p1a: Pincurchin|Curse|p1a: Pincurchin\n|-unboost|p1a: Pincurchin|spe|1\n|-boost|p1a: Pincurchin|atk|1\n|-boost|p1a: Pincurchin|def|1\n|\n|-heal|p1a: Pincurchin|189/258|[from] item: Leftovers\n|upkeep\n|turn|15\n|\n|t:|1781448545\n|switch|p2a: Great Tusk|Great Tusk, L77|304/304\n|move|p1a: Pincurchin|Recover|p1a: Pincurchin\n|-heal|p1a: Pincurchin|258/258\n|\n|upkeep\n|turn|16\n|\n|t:|1781448558\n|-end|p2a: Great Tusk|Protosynthesis|[silent]\n|switch|p2a: Pikachu|Pikachu, L93, M|6/216\n|-terastallize|p1a: Pincurchin|Grass\n|move|p1a: Pincurchin|Liquidation|p2a: Pikachu\n|-damage|p2a: Pikachu|0 fnt\n|faint|p2a: Pikachu\n|\n|upkeep\n|inactive|imover923 has 120 seconds left.\n|\n|t:|1781448592\n|switch|p2a: Blastoise|Blastoise, L80, M|258/258\n|turn|17\n|\n|t:|1781448597\n|-terastallize|p2a: Blastoise|Ground\n|move|p2a: Blastoise|Shell Smash|p2a: Blastoise\n|-unboost|p2a: Blastoise|def|1\n|-unboost|p2a: Blastoise|spd|1\n|-boost|p2a: Blastoise|atk|2\n|-boost|p2a: Blastoise|spa|2\n|-boost|p2a: Blastoise|spe|2\n|-enditem|p2a: Blastoise|White Herb\n|-clearnegativeboost|p2a: Blastoise|[silent]\n|move|p1a: Pincurchin|Zing Zap|p2a: Blastoise\n|-immune|p2a: Blastoise\n|\n|upkeep\n|turn|18\n|\n|t:|1781448609\n|move|p2a: Blastoise|Ice Beam|p1a: Pincurchin\n|-supereffective|p1a: Pincurchin\n|-damage|p1a: Pincurchin|70/258\n|move|p1a: Pincurchin|Liquidation|p2a: Blastoise\n|-supereffective|p2a: Blastoise\n|-damage|p2a: Blastoise|0 fnt\n|faint|p2a: Blastoise\n|\n|-heal|p1a: Pincurchin|86/258|[from] item: Leftovers\n|-fieldend|move: Electric Terrain\n|upkeep\n|inactive|imover923 has 120 seconds left.\n|\n|t:|1781448633\n|switch|p2a: Regidrago|Regidrago, L77|435/435\n|turn|19\n|inactive|imover923 has 120 seconds left.\n|\n|t:|1781448644\n|move|p2a: Regidrago|Dragon Claw|p1a: Pincurchin\n|-damage|p1a: Pincurchin|11/258\n|-damage|p2a: Regidrago|392/435|[from] item: Life Orb\n|move|p1a: Pincurchin|Recover|p1a: Pincurchin\n|-heal|p1a: Pincurchin|140/258\n|\n|-heal|p1a: Pincurchin|156/258|[from] item: Leftovers\n|upkeep\n|turn|20\n|\n|t:|1781448654\n|move|p2a: Regidrago|Dragon Dance|p2a: Regidrago\n|-boost|p2a: Regidrago|atk|1\n|-boost|p2a: Regidrago|spe|1\n|move|p1a: Pincurchin|Curse|p1a: Pincurchin\n|-unboost|p1a: Pincurchin|spe|1\n|-boost|p1a: Pincurchin|atk|1\n|-boost|p1a: Pincurchin|def|1\n|\n|-heal|p1a: Pincurchin|172/258|[from] item: Leftovers\n|upkeep\n|turn|21\n|\n|t:|1781448663\n|move|p2a: Regidrago|Dragon Claw|p1a: Pincurchin\n|-damage|p1a: Pincurchin|81/258\n|-damage|p2a: Regidrago|349/435|[from] item: Life Orb\n|move|p1a: Pincurchin|Curse|p1a: Pincurchin\n|-unboost|p1a: Pincurchin|spe|1\n|-boost|p1a: Pincurchin|atk|1\n|-boost|p1a: Pincurchin|def|1\n|\n|-heal|p1a: Pincurchin|97/258|[from] item: Leftovers\n|upkeep\n|turn|22\n|\n|t:|1781448674\n|move|p2a: Regidrago|Dragon Claw|p1a: Pincurchin\n|-damage|p1a: Pincurchin|26/258\n|-damage|p2a: Regidrago|306/435|[from] item: Life Orb\n|move|p1a: Pincurchin|Recover|p1a: Pincurchin\n|-heal|p1a: Pincurchin|155/258\n|\n|-heal|p1a: Pincurchin|171/258|[from] item: Leftovers\n|upkeep\n|turn|23\n|\n|t:|1781448683\n|move|p2a: Regidrago|Dragon Claw|p1a: Pincurchin\n|-damage|p1a: Pincurchin|107/258\n|-damage|p2a: Regidrago|263/435|[from] item: Life Orb\n|move|p1a: Pincurchin|Recover|p1a: Pincurchin\n|-heal|p1a: Pincurchin|236/258\n|\n|-heal|p1a: Pincurchin|252/258|[from] item: Leftovers\n|upkeep\n|turn|24\n|\n|t:|1781448695\n|move|p2a: Regidrago|Dragon Claw|p1a: Pincurchin\n|-damage|p1a: Pincurchin|178/258\n|-damage|p2a: Regidrago|220/435|[from] item: Life Orb\n|move|p1a: Pincurchin|Zing Zap|p2a: Regidrago\n|-resisted|p2a: Regidrago\n|-damage|p2a: Regidrago|0 fnt\n|faint|p2a: Regidrago\n|\n|-heal|p1a: Pincurchin|194/258|[from] item: Leftovers\n|upkeep\n|-message|imover923 forfeited.\n|\n|win|seijetechi\n", "inputlog": ">version a8376a258c1d4662feba110a92103f3664a72141\n>start {\"formatid\":\"gen9randombattle\",\"seed\":\"sodium,200fa5c0dac14c4a3222511090317d96\",\"rated\":\"Rated battle\"}\n>player p1 {\"name\":\"seijetechi\",\"avatar\":\"2\",\"rating\":1927,\"seed\":\"sodium,49502da7767ef6fbe75c44b4ac6b1183\"}\n>player p2 {\"name\":\"imover923\",\"avatar\":\"266\",\"rating\":1976,\"seed\":\"sodium,1b17f8af82e800303abcbf56d4a46a4b\"}\n>p1 move uturn\n>p2 switch 5\n>p1 switch 5\n>p1 move bodyslam\n>p2 move hornleech\n>p1 move bodyslam\n>p2 move hornleech\n>p2 switch 4\n>p1 move knockoff\n>p2 move knockoff\n>p1 switch 5\n>p2 move knockoff\n>p1 move psyshock\n>p2 move machpunch\n>p1 move psyshock\n>p2 move machpunch\n>p2 switch 2\n>p1 move psyshock\n>p2 move surf\n>p1 switch 2\n>p1 move dragondance\n>p2 move playrough\n>p1 switch 4\n>p1 move superpower\n>p2 move volttackle\n>chat \u2606imover923|hot dawg\n>p1 switch 6\n>p1 move ironhead\n>p2 move surf\n>p1 move ironhead\n>p2 move surf\n>p1 move ironhead\n>p2 move surf\n>p1 switch 3\n>p1 move curse\n>p2 move surf\n>p1 move recover\n>p2 switch 5\n>p1 move liquidation terastallize\n>p2 switch 5\n>p2 switch 3\n>p1 move zingzap\n>p2 move shellsmash terastallize\n>p1 move liquidation\n>p2 move icebeam\n>p2 switch 6\n>p1 move recover\n>p2 move dragonclaw\n>p1 move curse\n>p2 move dragondance\n>p1 move curse\n>p2 move dragonclaw\n>p1 move recover\n>p2 move dragonclaw\n>p1 move recover\n>p2 move dragonclaw\n>p1 move zingzap\n>p2 move dragonclaw\n>forcelose p2", "uploadtime": 1781448309, "views": 5, "formatid": "gen9randombattle", "rating": null, "private": 0, "password": null}