{"id": "gen9randombattle-2631378140", "format": "[Gen 9] Random Battle", "players": ["cewki", "sirsunnyyy"], "log": "|j|\u2606cewki\n|j|\u2606sirsunnyyy\n|t:|1781377567\n|gametype|singles\n|player|p1|cewki|iono|1955\n|player|p2|sirsunnyyy|harlequin|1913\n|gen|9\n|tier|[Gen 9] Random Battle\n|rated|\n|rule|Species Clause: Limit one of each Pok\u00e9mon\n|rule|HP Percentage Mod: HP is shown in percentages\n|rule|Sleep Clause Mod: Limit one foe put to sleep\n|rule|Illusion Level Mod: Illusion disguises the Pok\u00e9mon's true level\n|\n|t:|1781377567\n|teamsize|p1|6\n|teamsize|p2|6\n|start\n|switch|p1a: Ribombee|Ribombee, L83, M|235/235\n|switch|p2a: Terrakion|Terrakion, L79|273/273\n|turn|1\n|inactive|Battle timer is ON: inactive players will automatically lose when time's up. (requested by sirsunnyyy)\n|c|\u2606sirsunnyyy|bootleg number 3?\n|\n|t:|1781377590\n|switch|p1a: Cobalion|Cobalion, L80|277/277\n|move|p2a: Terrakion|Stone Edge|p1a: Cobalion\n|-resisted|p1a: Cobalion\n|-damage|p1a: Cobalion|246/277\n|\n|-heal|p1a: Cobalion|263/277|[from] item: Leftovers\n|upkeep\n|turn|2\n|\n|t:|1781377598\n|switch|p2a: Dugtrio|Dugtrio, L84, F|196/196\n|move|p1a: Cobalion|Stealth Rock|p2a: Dugtrio\n|-sidestart|p2: sirsunnyyy|move: Stealth Rock\n|\n|-heal|p1a: Cobalion|277/277|[from] item: Leftovers\n|upkeep\n|turn|3\n|\n|t:|1781377604\n|move|p2a: Dugtrio|Earthquake|p1a: Cobalion\n|-supereffective|p1a: Cobalion\n|-damage|p1a: Cobalion|35/277\n|move|p1a: Cobalion|Body Press|p2a: Dugtrio\n|-damage|p2a: Dugtrio|45/196\n|\n|-heal|p1a: Cobalion|52/277|[from] item: Leftovers\n|upkeep\n|turn|4\n|\n|t:|1781377613\n|move|p2a: Dugtrio|Earthquake|p1a: Cobalion\n|-supereffective|p1a: Cobalion\n|-damage|p1a: Cobalion|0 fnt\n|faint|p1a: Cobalion\n|\n|upkeep\n|\n|t:|1781377617\n|switch|p1a: Slaking|Slaking, L84, F|389/389\n|turn|5\n|c|\u2606sirsunnyyy|do you get my joke?\n|\n|t:|1781377627\n|move|p1a: Slaking|Knock Off|p2a: Dugtrio\n|-damage|p2a: Dugtrio|0 fnt\n|-enditem|p2a: Dugtrio|Choice Band|[from] move: Knock Off|[of] p1a: Slaking\n|faint|p2a: Dugtrio\n|\n|upkeep\n|\n|t:|1781377641\n|switch|p2a: Gouging Fire|Gouging Fire, L74|277/277\n|turn|6\n|\n|t:|1781377663\n|switch|p1a: Avalugg|Avalugg, L88, F|310/310\n|move|p2a: Gouging Fire|Dragon Dance|p2a: Gouging Fire\n|-boost|p2a: Gouging Fire|atk|1\n|-boost|p2a: Gouging Fire|spe|1\n|\n|upkeep\n|turn|7\n|\n|t:|1781377683\n|-end|p2a: Gouging Fire|Protosynthesis|[silent]\n|switch|p2a: Victreebel|Victreebel, L90, F|290/290\n|-damage|p2a: Victreebel|254/290|[from] Stealth Rock\n|-terastallize|p1a: Avalugg|Fighting\n|move|p1a: Avalugg|Body Press|p2a: Victreebel\n|-resisted|p2a: Victreebel\n|-damage|p2a: Victreebel|166/290\n|\n|upkeep\n|turn|8\n|\n|t:|1781377695\n|move|p2a: Victreebel|Sludge Wave|p1a: Avalugg\n|-damage|p1a: Avalugg|72/310\n|-damage|p2a: Victreebel|137/290|[from] item: Life Orb\n|move|p1a: Avalugg|Avalanche|p2a: Victreebel\n|-supereffective|p2a: Victreebel\n|-damage|p2a: Victreebel|0 fnt\n|faint|p2a: Victreebel\n|\n|upkeep\n|\n|t:|1781377702\n|switch|p2a: Glalie|Glalie, L96, F|309/309\n|turn|9\n|\n|t:|1781377711\n|move|p2a: Glalie|Freeze-Dry|p1a: Avalugg\n|-damage|p1a: Avalugg|0 fnt\n|faint|p1a: Avalugg\n|\n|upkeep\n|\n|t:|1781377715\n|switch|p1a: Slaking|Slaking, L84, F|389/389\n|turn|10\n|\n|t:|1781377726\n|move|p1a: Slaking|Double-Edge|p2a: Glalie\n|-damage|p2a: Glalie|131/309\n|-damage|p1a: Slaking|330/389|[from] Recoil\n|move|p2a: Glalie|Freeze-Dry|p1a: Slaking\n|-damage|p1a: Slaking|231/389\n|\n|upkeep\n|turn|11\n|\n|t:|1781377735\n|switch|p1a: Electivire|Electivire, L84, M|263/263\n|move|p2a: Glalie|Freeze-Dry|p1a: Electivire\n|-damage|p1a: Electivire|176/263\n|\n|upkeep\n|turn|12\n|\n|t:|1781377741\n|move|p1a: Electivire|Supercell Slam|p2a: Glalie\n|-damage|p2a: Glalie|0 fnt\n|faint|p2a: Glalie\n|-damage|p1a: Electivire|150/263|[from] item: Life Orb\n|\n|upkeep\n|\n|t:|1781377749\n|switch|p2a: Terrakion|Terrakion, L79|273/273\n|-damage|p2a: Terrakion|256/273|[from] Stealth Rock\n|turn|13\n|\n|t:|1781377757\n|move|p2a: Terrakion|Earthquake|p1a: Electivire\n|-supereffective|p1a: Electivire\n|-damage|p1a: Electivire|0 fnt\n|faint|p1a: Electivire\n|\n|upkeep\n|\n|t:|1781377765\n|switch|p1a: Thundurus|Thundurus, L80, M|258/258\n|turn|14\n|\n|t:|1781377775\n|switch|p2a: Eternatus|Eternatus, L69|308/308\n|-damage|p2a: Eternatus|270/308|[from] Stealth Rock\n|-ability|p2a: Eternatus|Pressure\n|move|p1a: Thundurus|Thunder Wave|p2a: Eternatus\n|-status|p2a: Eternatus|par\n|\n|-heal|p2a: Eternatus|289/308 par|[from] item: Leftovers\n|upkeep\n|turn|15\n|\n|t:|1781377789\n|move|p1a: Thundurus|U-turn|p2a: Eternatus\n|-resisted|p2a: Eternatus\n|-damage|p2a: Eternatus|256/308 par\n|\n|t:|1781377790\n|switch|p1a: Slaking|Slaking, L84, F|231/389|[from] U-turn\n|move|p2a: Eternatus|Toxic Spikes|p1a: Slaking\n|-sidestart|p1: cewki|move: Toxic Spikes\n|\n|-heal|p2a: Eternatus|275/308 par|[from] item: Leftovers\n|upkeep\n|turn|16\n|\n|t:|1781377798\n|move|p1a: Slaking|Giga Impact|p2a: Eternatus|[miss]\n|-miss|p1a: Slaking|p2a: Eternatus\n|move|p2a: Eternatus|Flamethrower|p1a: Slaking\n|-damage|p1a: Slaking|163/389\n|\n|-heal|p2a: Eternatus|294/308 par|[from] item: Leftovers\n|upkeep\n|turn|17\n|\n|t:|1781377802\n|cant|p1a: Slaking|ability: Truant\n|move|p2a: Eternatus|Flamethrower|p1a: Slaking\n|-damage|p1a: Slaking|94/389\n|\n|-heal|p2a: Eternatus|308/308 par|[from] item: Leftovers\n|upkeep\n|turn|18\n|\n|t:|1781377810\n|move|p1a: Slaking|Giga Impact|p2a: Eternatus|[miss]\n|-miss|p1a: Slaking|p2a: Eternatus\n|move|p2a: Eternatus|Dynamax Cannon|p1a: Slaking\n|-damage|p1a: Slaking|0 fnt\n|faint|p1a: Slaking\n|\n|upkeep\n|c|\u2606sirsunnyyy|yo!\n|\n|t:|1781377821\n|switch|p1a: Ribombee|Ribombee, L83, M|235/235\n|-status|p1a: Ribombee|psn\n|turn|19\n|\n|t:|1781377825\n|move|p1a: Ribombee|Moonblast|p2a: Eternatus\n|-damage|p2a: Eternatus|200/308 par\n|move|p2a: Eternatus|Flamethrower|p1a: Ribombee\n|-supereffective|p1a: Ribombee\n|-crit|p1a: Ribombee\n|-damage|p1a: Ribombee|5/235 psn\n|\n|-heal|p2a: Eternatus|219/308 par|[from] item: Leftovers\n|-damage|p1a: Ribombee|0 fnt|[from] psn\n|faint|p1a: Ribombee\n|upkeep\n|c|\u2606sirsunnyyy|yo!\n|c|\u2606sirsunnyyy|WELP GGS\n|c|\u2606sirsunnyyy|i think you mightve lost either way\n|\n|t:|1781377847\n|switch|p1a: Thundurus|Thundurus, L80, M|258/258\n|turn|20\n|c|\u2606sirsunnyyy|but that was bs\n|\n|t:|1781377852\n|move|p1a: Thundurus|Knock Off|p2a: Eternatus\n|-damage|p2a: Eternatus|137/308 par\n|-enditem|p2a: Eternatus|Leftovers|[from] move: Knock Off|[of] p1a: Thundurus\n|move|p2a: Eternatus|Dynamax Cannon|p1a: Thundurus\n|-damage|p1a: Thundurus|152/258\n|\n|upkeep\n|turn|21\n|\n|t:|1781377856\n|move|p1a: Thundurus|Thunderbolt|p2a: Eternatus\n|-resisted|p2a: Eternatus\n|-damage|p2a: Eternatus|75/308 par\n|move|p2a: Eternatus|Dynamax Cannon|p1a: Thundurus\n|-damage|p1a: Thundurus|47/258\n|\n|upkeep\n|turn|22\n|\n|t:|1781377859\n|move|p1a: Thundurus|Thunderbolt|p2a: Eternatus\n|-resisted|p2a: Eternatus\n|-damage|p2a: Eternatus|14/308 par\n|move|p2a: Eternatus|Dynamax Cannon|p1a: Thundurus\n|-damage|p1a: Thundurus|0 fnt\n|faint|p1a: Thundurus\n|\n|win|sirsunnyyy\n", "inputlog": ">version a8376a258c1d4662feba110a92103f3664a72141\n>start {\"formatid\":\"gen9randombattle\",\"seed\":\"sodium,ae85a3624ef9d87954fc3f56c5d564aa\",\"rated\":\"Rated battle\"}\n>player p1 {\"name\":\"cewki\",\"avatar\":\"iono\",\"rating\":1955,\"seed\":\"sodium,fb30d3ddd6bbf57556b0935da34b2945\"}\n>player p2 {\"name\":\"sirsunnyyy\",\"avatar\":\"harlequin\",\"rating\":1913,\"seed\":\"sodium,30686b67afc197b2313845153b50a586\"}\n>chat \u2606sirsunnyyy|bootleg number 3?\n>p1 switch 3\n>p2 move stoneedge\n>p1 move stealthrock\n>p2 switch 4\n>p1 move bodypress\n>p2 move earthquake\n>p1 move bodypress\n>p2 move earthquake\n>p1 switch 5\n>chat \u2606sirsunnyyy|do you get my joke?\n>p1 move knockoff\n>p2 move earthquake\n>p2 switch 6\n>p1 switch 4\n>p2 move dragondance\n>p1 move bodypress terastallize\n>p2 switch 3\n>p1 move avalanche\n>p2 move sludgewave\n>p2 switch 5\n>p1 move recover\n>p2 move freezedry\n>p1 switch 4\n>p1 move doubleedge\n>p2 move freezedry\n>p1 switch 2\n>p2 move freezedry\n>p1 move supercellslam\n>p2 move earthquake\n>p2 switch 4\n>p1 move earthquake\n>p2 move earthquake\n>p1 switch 6\n>p1 move thunderwave\n>p2 switch 2\n>p1 move uturn\n>p2 move toxicspikes\n>p1 switch 2\n>p1 move gigaimpact\n>p2 move flamethrower\n>p1 move gigaimpact\n>p2 move flamethrower\n>p1 move gigaimpact\n>p2 move dynamaxcannon\n>chat \u2606sirsunnyyy|yo!\n>p1 switch 3\n>p1 move moonblast\n>p2 move flamethrower\n>chat \u2606sirsunnyyy|yo!\n>chat \u2606sirsunnyyy|WELP GGS\n>chat \u2606sirsunnyyy|i think you mightve lost either way\n>p1 switch 2\n>chat \u2606sirsunnyyy|but that was bs\n>p1 move knockoff\n>p2 move dynamaxcannon\n>p1 move thunderbolt\n>p2 move dynamaxcannon\n>p1 move thunderbolt\n>p2 move dynamaxcannon", "uploadtime": 1781377568, "views": 8, "formatid": "gen9randombattle", "rating": null, "private": 0, "password": null}