{"id": "gen9randombattle-2631487441", "format": "[Gen 9] Random Battle", "players": ["Failtacular3245", "laundry bias"], "log": "|j|\u2606Failtacular3245\n|j|\u2606laundry bias\n|t:|1781391283\n|gametype|singles\n|player|p1|Failtacular3245|youngster-gen4dp|1924\n|player|p2|laundry bias|265|1973\n|gen|9\n|tier|[Gen 9] Random Battle\n|rated|\n|rule|Species Clause: Limit one of each Pok\u00e9mon\n|rule|HP Percentage Mod: HP is shown in percentages\n|rule|Sleep Clause Mod: Limit one foe put to sleep\n|rule|Illusion Level Mod: Illusion disguises the Pok\u00e9mon's true level\n|\n|t:|1781391283\n|teamsize|p1|6\n|teamsize|p2|6\n|start\n|switch|p1a: Porygon-Z|Porygon-Z, L83|277/277\n|switch|p2a: Masquerain|Masquerain, L87, F|264/264\n|-ability|p2a: Masquerain|Intimidate|boost\n|-unboost|p1a: Porygon-Z|atk|1\n|turn|1\n|inactive|Battle timer is ON: inactive players will automatically lose when time's up. (requested by Failtacular3245)\n|\n|t:|1781391295\n|switch|p2a: Pecharunt|Pecharunt, L77|262/262\n|move|p1a: Porygon-Z|Agility|p1a: Porygon-Z\n|-boost|p1a: Porygon-Z|spe|2\n|\n|upkeep\n|turn|2\n|\n|t:|1781391304\n|move|p1a: Porygon-Z|Nasty Plot|p1a: Porygon-Z\n|-boost|p1a: Porygon-Z|spa|2\n|move|p2a: Pecharunt|Malignant Chain|p1a: Porygon-Z\n|-damage|p1a: Porygon-Z|192/277\n|\n|upkeep\n|turn|3\n|\n|t:|1781391312\n|-terastallize|p2a: Pecharunt|Dark\n|move|p1a: Porygon-Z|Shadow Ball|p2a: Pecharunt\n|-resisted|p2a: Pecharunt\n|-damage|p2a: Pecharunt|153/262\n|-damage|p1a: Porygon-Z|165/277|[from] item: Life Orb\n|move|p2a: Pecharunt|Malignant Chain|p1a: Porygon-Z\n|-damage|p1a: Porygon-Z|69/277\n|-status|p1a: Porygon-Z|tox\n|-start|p1a: Porygon-Z|confusion|[from] ability: Poison Puppeteer|[of] p2a: Pecharunt\n|\n|-heal|p2a: Pecharunt|169/262|[from] item: Leftovers\n|-damage|p1a: Porygon-Z|52/277 tox|[from] psn\n|upkeep\n|turn|4\n|\n|t:|1781391326\n|switch|p2a: Masquerain|Masquerain, L87, F|264/264\n|-ability|p2a: Masquerain|Intimidate|boost\n|-unboost|p1a: Porygon-Z|atk|1\n|-activate|p1a: Porygon-Z|confusion\n|-damage|p1a: Porygon-Z|40/277 tox|[from] confusion\n|\n|-damage|p1a: Porygon-Z|6/277 tox|[from] psn\n|upkeep\n|turn|5\n|\n|t:|1781391337\n|-activate|p1a: Porygon-Z|confusion\n|-damage|p1a: Porygon-Z|0 fnt|[from] confusion\n|faint|p1a: Porygon-Z\n|move|p2a: Masquerain|Quiver Dance|p2a: Masquerain\n|-boost|p2a: Masquerain|spa|1\n|-boost|p2a: Masquerain|spd|1\n|-boost|p2a: Masquerain|spe|1\n|\n|upkeep\n|\n|t:|1781391344\n|switch|p1a: Flygon|Flygon, L82, F|265/265\n|turn|6\n|\n|t:|1781391367\n|move|p1a: Flygon|Stone Edge|p2a: Masquerain\n|-supereffective|p2a: Masquerain\n|-damage|p2a: Masquerain|0 fnt\n|faint|p2a: Masquerain\n|\n|upkeep\n|\n|t:|1781391371\n|switch|p2a: Pecharunt|Pecharunt, L77, tera:Dark|169/262\n|turn|7\n|\n|t:|1781391376\n|switch|p1a: Toucannon|Toucannon, L88, M|284/284\n|move|p2a: Pecharunt|Malignant Chain|p1a: Toucannon\n|-damage|p1a: Toucannon|187/284\n|-status|p1a: Toucannon|tox\n|-start|p1a: Toucannon|confusion|[from] ability: Poison Puppeteer|[of] p2a: Pecharunt\n|\n|-heal|p2a: Pecharunt|185/262|[from] item: Leftovers\n|-damage|p1a: Toucannon|170/284 tox|[from] psn\n|upkeep\n|turn|8\n|\n|t:|1781391383\n|move|p2a: Pecharunt|Parting Shot|p1a: Toucannon\n|-unboost|p1a: Toucannon|atk|1\n|-unboost|p1a: Toucannon|spa|1\n|\n|t:|1781391411\n|switch|p2a: Samurott|Samurott, L88, M|310/310|[from] Parting Shot\n|-activate|p1a: Toucannon|confusion\n|move|p1a: Toucannon|Boomburst|p2a: Samurott\n|-damage|p2a: Samurott|241/310\n|\n|-damage|p1a: Toucannon|136/284 tox|[from] psn\n|upkeep\n|turn|9\n|\n|t:|1781391423\n|switch|p1a: Kricketune|Kricketune, L99, F|312/312\n|move|p2a: Samurott|Hydro Pump|p1a: Kricketune\n|-damage|p1a: Kricketune|152/312\n|\n|upkeep\n|turn|10\n|inactive|laundry bias has 120 seconds left.\n|\n|t:|1781391472\n|move|p1a: Kricketune|Sticky Web|p2a: Samurott\n|-sidestart|p2: laundry bias|move: Sticky Web\n|move|p2a: Samurott|Hydro Pump|p1a: Kricketune\n|-damage|p1a: Kricketune|0 fnt\n|faint|p1a: Kricketune\n|\n|upkeep\n|\n|t:|1781391477\n|switch|p1a: Flygon|Flygon, L82, F|265/265\n|turn|11\n|\n|t:|1781391489\n|move|p1a: Flygon|Outrage|p2a: Samurott\n|-damage|p2a: Samurott|127/310\n|move|p2a: Samurott|Knock Off|p1a: Flygon\n|-damage|p1a: Flygon|182/265\n|-enditem|p1a: Flygon|Choice Scarf|[from] move: Knock Off|[of] p2a: Samurott\n|\n|upkeep\n|turn|12\n|\n|t:|1781391495\n|move|p1a: Flygon|Outrage|p2a: Samurott|[from] lockedmove\n|-damage|p2a: Samurott|1/310\n|-start|p1a: Flygon|confusion|[fatigue]\n|move|p2a: Samurott|Hydro Pump|p1a: Flygon\n|-damage|p1a: Flygon|0 fnt\n|faint|p1a: Flygon\n|\n|upkeep\n|\n|t:|1781391499\n|switch|p1a: Spectrier|Spectrier, L75|274/274\n|turn|13\n|inactive|laundry bias has 120 seconds left.\n|inactive|laundry bias has 90 seconds left.\n|\n|t:|1781391537\n|move|p2a: Samurott|Aqua Jet|p1a: Spectrier\n|-damage|p1a: Spectrier|168/274\n|move|p1a: Spectrier|Substitute|p1a: Spectrier\n|-start|p1a: Spectrier|Substitute\n|-damage|p1a: Spectrier|100/274\n|\n|-heal|p1a: Spectrier|117/274|[from] item: Leftovers\n|upkeep\n|turn|14\n|inactive|laundry bias has 90 seconds left.\n|inactive|laundry bias has 60 seconds left.\n|inactive|laundry bias has 30 seconds left.\n|inactive|laundry bias has 20 seconds left.\n|inactive|laundry bias has 15 seconds left.\n|inactive|laundry bias has 10 seconds left.\n|inactive|laundry bias has 5 seconds left.\n|\n|t:|1781391635\n|move|p2a: Samurott|Aqua Jet|p1a: Spectrier\n|-end|p1a: Spectrier|Substitute\n|move|p1a: Spectrier|Shadow Ball|p2a: Samurott\n|-damage|p2a: Samurott|0 fnt\n|faint|p2a: Samurott\n|-ability|p1a: Spectrier|Grim Neigh|boost\n|-boost|p1a: Spectrier|spa|1\n|\n|-heal|p1a: Spectrier|134/274|[from] item: Leftovers\n|upkeep\n|inactive|laundry bias has 10 seconds left this turn.\n|inactive|laundry bias has 5 seconds left.\n|\n|t:|1781391642\n|switch|p2a: Typhlosion|Typhlosion, L84, F|267/267\n|-activate|p2a: Typhlosion|move: Sticky Web\n|-unboost|p2a: Typhlosion|spe|1\n|turn|15\n|inactive|laundry bias has 15 seconds left this turn.\n|\n|t:|1781391648\n|move|p1a: Spectrier|Substitute|p1a: Spectrier\n|-start|p1a: Spectrier|Substitute\n|-damage|p1a: Spectrier|66/274\n|move|p2a: Typhlosion|Eruption|p1a: Spectrier\n|-end|p1a: Spectrier|Substitute\n|\n|-heal|p1a: Spectrier|83/274|[from] item: Leftovers\n|upkeep\n|turn|16\n|inactive|laundry bias has 25 seconds left this turn.\n|\n|t:|1781391653\n|move|p1a: Spectrier|Shadow Ball|p2a: Typhlosion\n|-damage|p2a: Typhlosion|126/267\n|move|p2a: Typhlosion|Eruption|p1a: Spectrier\n|-damage|p1a: Spectrier|0 fnt\n|faint|p1a: Spectrier\n|\n|upkeep\n|\n|t:|1781391657\n|switch|p1a: Rhydon|Rhydon, L85, F|317/317\n|turn|17\n|inactive|laundry bias has 30 seconds left.\n|\n|t:|1781391667\n|move|p2a: Typhlosion|Eruption|p1a: Rhydon\n|-resisted|p1a: Rhydon\n|-damage|p1a: Rhydon|256/317\n|move|p1a: Rhydon|Swords Dance|p1a: Rhydon\n|-boost|p1a: Rhydon|atk|2\n|\n|upkeep\n|turn|18\n|\n|t:|1781391671\n|move|p2a: Typhlosion|Eruption|p1a: Rhydon\n|-resisted|p1a: Rhydon\n|-damage|p1a: Rhydon|188/317\n|move|p1a: Rhydon|Swords Dance|p1a: Rhydon\n|-boost|p1a: Rhydon|atk|2\n|\n|upkeep\n|turn|19\n|\n|t:|1781391678\n|move|p2a: Typhlosion|Eruption|p1a: Rhydon\n|-resisted|p1a: Rhydon\n|-damage|p1a: Rhydon|124/317\n|move|p1a: Rhydon|Earthquake|p2a: Typhlosion\n|-supereffective|p2a: Typhlosion\n|-damage|p2a: Typhlosion|0 fnt\n|faint|p2a: Typhlosion\n|\n|upkeep\n|inactive|laundry bias has 30 seconds left.\n|\n|t:|1781391698\n|switch|p2a: Hawlucha|Hawlucha, L80, F|256/256\n|turn|20\n|\n|t:|1781391708\n|-terastallize|p1a: Rhydon|Dragon\n|move|p2a: Hawlucha|Close Combat|p1a: Rhydon\n|-damage|p1a: Rhydon|63/317\n|-unboost|p2a: Hawlucha|def|1\n|-unboost|p2a: Hawlucha|spd|1\n|-enditem|p2a: Hawlucha|White Herb\n|-clearnegativeboost|p2a: Hawlucha|[silent]\n|move|p1a: Rhydon|Stone Edge|p2a: Hawlucha|[miss]\n|-miss|p1a: Rhydon|p2a: Hawlucha\n|\n|upkeep\n|turn|21\n|\n|t:|1781391714\n|move|p2a: Hawlucha|Close Combat|p1a: Rhydon\n|-damage|p1a: Rhydon|3/317\n|-unboost|p2a: Hawlucha|def|1\n|-unboost|p2a: Hawlucha|spd|1\n|move|p1a: Rhydon|Stone Edge|p2a: Hawlucha\n|-damage|p2a: Hawlucha|0 fnt\n|faint|p2a: Hawlucha\n|\n|upkeep\n|\n|t:|1781391720\n|switch|p2a: Pecharunt|Pecharunt, L77, tera:Dark|185/262\n|-activate|p2a: Pecharunt|move: Sticky Web\n|-unboost|p2a: Pecharunt|spe|1\n|turn|22\n|\n|t:|1781391724\n|move|p2a: Pecharunt|Shadow Ball|p1a: Rhydon\n|-damage|p1a: Rhydon|0 fnt\n|faint|p1a: Rhydon\n|\n|-heal|p2a: Pecharunt|201/262|[from] item: Leftovers\n|upkeep\n|\n|t:|1781391727\n|switch|p1a: Toucannon|Toucannon, L88, M|136/284 tox\n|turn|23\n|\n|t:|1781391732\n|move|p1a: Toucannon|Boomburst|p2a: Pecharunt\n|-crit|p2a: Pecharunt\n|-damage|p2a: Pecharunt|0 fnt\n|faint|p2a: Pecharunt\n|\n|-damage|p1a: Toucannon|119/284 tox|[from] psn\n|upkeep\n|\n|t:|1781391735\n|switch|p2a: Bellossom|Bellossom, L84, F|263/263\n|-activate|p2a: Bellossom|move: Sticky Web\n|-unboost|p2a: Bellossom|spe|1\n|turn|24\n|\n|t:|1781391738\n|-singleturn|p1a: Toucannon|move: Beak Blast\n|move|p2a: Bellossom|Strength Sap|p1a: Toucannon\n|-unboost|p1a: Toucannon|atk|1\n|move|p1a: Toucannon|Beak Blast|p2a: Bellossom\n|-supereffective|p2a: Bellossom\n|-damage|p2a: Bellossom|101/263\n|\n|-heal|p2a: Bellossom|117/263|[from] item: Leftovers\n|-damage|p1a: Toucannon|85/284 tox|[from] psn\n|upkeep\n|turn|25\n|inactive|laundry bias has 90 seconds left.\n|\n|t:|1781391745\n|move|p1a: Toucannon|Boomburst|p2a: Bellossom\n|-damage|p2a: Bellossom|0 fnt\n|faint|p2a: Bellossom\n|\n|win|Failtacular3245\n", "inputlog": ">version a8376a258c1d4662feba110a92103f3664a72141\n>start {\"formatid\":\"gen9randombattle\",\"seed\":\"sodium,fe8a4d269c72c31b2ffea8ce399af9cc\",\"rated\":\"Rated battle\"}\n>player p1 {\"name\":\"Failtacular3245\",\"avatar\":\"youngster-gen4dp\",\"rating\":1924,\"seed\":\"sodium,e4a2e4448a3e610a3b16ed1c54ecdebe\"}\n>player p2 {\"name\":\"laundry bias\",\"avatar\":\"265\",\"rating\":1973,\"seed\":\"sodium,c94c53fea1dd6dd982d2dc5ebec53f78\"}\n>p1 move agility\n>p2 switch 6\n>p1 move nastyplot\n>p2 move malignantchain\n>p1 move shadowball\n>p2 move malignantchain terastallize\n>p1 move terablast\n>p2 switch 6\n>p1 move terablast\n>p2 move quiverdance\n>p1 switch 6\n>p1 move stoneedge\n>p2 move hurricane\n>p2 switch 6\n>p1 switch 2\n>p2 move malignantchain\n>p1 move boomburst\n>p2 move partingshot\n>p2 switch 5\n>p1 switch 4\n>p2 move hydropump\n>p1 move stickyweb\n>p2 move hydropump\n>p1 switch 2\n>p1 move outrage\n>p2 move knockoff\n>p1 move outrage\n>p2 move hydropump\n>p1 switch 3\n>p1 move substitute\n>p2 move aquajet\n>p1 move shadowball\n>p2 move aquajet\n>p2 switch 2\n>p1 move substitute\n>p2 move eruption\n>p1 move shadowball\n>p2 move eruption\n>p1 switch 5\n>p1 move swordsdance\n>p2 move eruption\n>p1 move swordsdance\n>p2 move eruption\n>p1 move earthquake\n>p2 move eruption\n>p2 switch 3\n>p1 move stoneedge terastallize\n>p2 move closecombat\n>p1 move stoneedge\n>p2 move closecombat\n>p2 switch 5\n>p1 move earthquake\n>p2 move shadowball\n>p1 switch 4\n>p1 move boomburst\n>p2 move recover\n>p2 switch 4\n>p1 move beakblast\n>p2 move strengthsap\n>p1 move boomburst\n>p2 move strengthsap", "uploadtime": 1781391284, "views": 5, "formatid": "gen9randombattle", "rating": null, "private": 0, "password": null}