{"id": "gen9randombattle-2631776011", "format": "[Gen 9] Random Battle", "players": ["staraptor22", "sev04"], "log": "|j|\u2606staraptor22\n|j|\u2606sev04\n|t:|1781437868\n|gametype|singles\n|player|p1|staraptor22|worker|1661\n|player|p2|sev04|265|1685\n|gen|9\n|tier|[Gen 9] Random Battle\n|rated|\n|rule|Species Clause: Limit one of each Pok\u00e9mon\n|rule|HP Percentage Mod: HP is shown in percentages\n|rule|Sleep Clause Mod: Limit one foe put to sleep\n|rule|Illusion Level Mod: Illusion disguises the Pok\u00e9mon's true level\n|\n|t:|1781437868\n|teamsize|p1|6\n|teamsize|p2|6\n|start\n|switch|p1a: Furret|Furret, L94, F|312/312\n|switch|p2a: Magcargo|Magcargo, L95, F|268/268\n|-item|p2a: Magcargo|Heavy-Duty Boots|[from] ability: Frisk|[of] p1a: Furret\n|turn|1\n|inactive|Battle timer is ON: inactive players will automatically lose when time's up. (requested by sev04)\n|\n|t:|1781437895\n|move|p1a: Furret|U-turn|p2a: Magcargo\n|-resisted|p2a: Magcargo\n|-crit|p2a: Magcargo\n|-damage|p2a: Magcargo|226/268\n|-ability|p2a: Magcargo|Weak Armor|boost\n|-unboost|p2a: Magcargo|def|1\n|-boost|p2a: Magcargo|spe|2\n|\n|t:|1781437905\n|switch|p1a: Feraligatr|Feraligatr, L79, M|264/264|[from] U-turn\n|move|p2a: Magcargo|Shell Smash|p2a: Magcargo\n|-unboost|p2a: Magcargo|def|1\n|-unboost|p2a: Magcargo|spd|1\n|-boost|p2a: Magcargo|atk|2\n|-boost|p2a: Magcargo|spa|2\n|-boost|p2a: Magcargo|spe|2\n|\n|upkeep\n|turn|2\n|inactive|sev04 has 120 seconds left.\n|\n|t:|1781437956\n|move|p2a: Magcargo|Power Gem|p1a: Feraligatr\n|-damage|p1a: Feraligatr|21/264\n|move|p1a: Feraligatr|Liquidation|p2a: Magcargo\n|-supereffective|p2a: Magcargo\n|-damage|p2a: Magcargo|0 fnt\n|faint|p2a: Magcargo\n|\n|upkeep\n|inactive|sev04 has 90 seconds left.\n|\n|t:|1781437992\n|switch|p2a: Zarude|Zarude, L77|288/288\n|turn|3\n|\n|t:|1781438009\n|switch|p1a: Forretress|Forretress, L84, M|263/263\n|move|p2a: Zarude|U-turn|p1a: Forretress\n|-resisted|p1a: Forretress\n|-damage|p1a: Forretress|236/263\n|\n|t:|1781438018\n|switch|p2a: Chandelure|Chandelure, L83, F|235/235|[from] U-turn\n|\n|-heal|p1a: Forretress|252/263|[from] item: Leftovers\n|upkeep\n|turn|4\n|\n|t:|1781438044\n|switch|p1a: Golduck|Golduck, L90, M|290/290\n|-ability|p1a: Golduck|Cloud Nine\n|move|p2a: Chandelure|Fire Blast|p1a: Golduck\n|-resisted|p1a: Golduck\n|-damage|p1a: Golduck|213/290\n|\n|upkeep\n|turn|5\n|inactive|sev04 has 90 seconds left.\n|inactive|staraptor22 has 120 seconds left.\n|\n|t:|1781438063\n|switch|p2a: Manaphy|Manaphy, L78|284/284\n|move|p1a: Golduck|Ice Beam|p2a: Manaphy\n|-resisted|p2a: Manaphy\n|-damage|p2a: Manaphy|230/284\n|\n|-heal|p2a: Manaphy|247/284|[from] item: Leftovers\n|upkeep\n|turn|6\n|inactive|staraptor22 has 120 seconds left.\n|\n|t:|1781438076\n|switch|p1a: Baxcalibur|Baxcalibur, L75, M|295/295\n|move|p2a: Manaphy|Tail Glow|p2a: Manaphy\n|-boost|p2a: Manaphy|spa|3\n|\n|-heal|p2a: Manaphy|264/284|[from] item: Leftovers\n|upkeep\n|turn|7\n|inactive|staraptor22 has 120 seconds left.\n|\n|t:|1781438091\n|move|p2a: Manaphy|Ice Beam|p1a: Baxcalibur\n|-damage|p1a: Baxcalibur|135/295\n|move|p1a: Baxcalibur|Glaive Rush|p2a: Manaphy\n|-damage|p2a: Manaphy|68/284\n|-singlemove|p1a: Baxcalibur|Glaive Rush|[silent]\n|\n|-heal|p2a: Manaphy|85/284|[from] item: Leftovers\n|upkeep\n|turn|8\n|inactive|staraptor22 has 120 seconds left.\n|\n|t:|1781438103\n|switch|p2a: Scream Tail|Scream Tail, L84|330/330\n|switch|p1a: Golduck|Golduck, L90, M|213/290\n|-ability|p1a: Golduck|Cloud Nine\n|\n|upkeep\n|turn|9\n|inactive|staraptor22 has 120 seconds left.\n|\n|t:|1781438110\n|move|p2a: Scream Tail|Thunder Wave|p1a: Golduck\n|-status|p1a: Golduck|par\n|cant|p1a: Golduck|par\n|\n|upkeep\n|turn|10\n|\n|t:|1781438116\n|move|p2a: Scream Tail|Wish|p2a: Scream Tail\n|move|p1a: Golduck|Hydro Pump|p2a: Scream Tail\n|-damage|p2a: Scream Tail|164/330\n|\n|-heal|p2a: Scream Tail|184/330|[from] item: Leftovers\n|upkeep\n|turn|11\n|\n|t:|1781438123\n|-end|p2a: Scream Tail|Protosynthesis|[silent]\n|switch|p2a: Manaphy|Manaphy, L78|85/284\n|switch|p1a: Forretress|Forretress, L84, M|252/263\n|\n|-heal|p2a: Manaphy|250/284|[from] move: Wish|[wisher] Scream Tail\n|-heal|p2a: Manaphy|267/284|[from] item: Leftovers\n|-heal|p1a: Forretress|263/263|[from] item: Leftovers\n|upkeep\n|turn|12\n|\n|t:|1781438134\n|move|p2a: Manaphy|Tail Glow|p2a: Manaphy\n|-boost|p2a: Manaphy|spa|3\n|move|p1a: Forretress|Volt Switch|p2a: Manaphy\n|-supereffective|p2a: Manaphy\n|-damage|p2a: Manaphy|197/284\n|\n|t:|1781438140\n|switch|p1a: Golduck|Golduck, L90, M|213/290 par|[from] Volt Switch\n|-ability|p1a: Golduck|Cloud Nine\n|\n|-heal|p2a: Manaphy|214/284|[from] item: Leftovers\n|upkeep\n|turn|13\n|\n|t:|1781438146\n|move|p2a: Manaphy|Energy Ball|p1a: Golduck\n|-supereffective|p1a: Golduck\n|-damage|p1a: Golduck|0 fnt\n|faint|p1a: Golduck\n|\n|-heal|p2a: Manaphy|231/284|[from] item: Leftovers\n|upkeep\n|\n|t:|1781438150\n|switch|p1a: Furret|Furret, L94, F|312/312\n|-item|p2a: Manaphy|Leftovers|[from] ability: Frisk|[of] p1a: Furret\n|turn|14\n|\n|t:|1781438156\n|move|p1a: Furret|Double-Edge|p2a: Manaphy\n|-damage|p2a: Manaphy|45/284\n|-damage|p1a: Furret|251/312|[from] Recoil\n|move|p2a: Manaphy|Hydro Pump|p1a: Furret\n|-damage|p1a: Furret|0 fnt\n|faint|p1a: Furret\n|\n|-heal|p2a: Manaphy|62/284|[from] item: Leftovers\n|upkeep\n|\n|t:|1781438165\n|switch|p1a: Feraligatr|Feraligatr, L79, M|21/264\n|turn|15\n|\n|t:|1781438171\n|move|p2a: Manaphy|Energy Ball|p1a: Feraligatr\n|-supereffective|p1a: Feraligatr\n|-damage|p1a: Feraligatr|0 fnt\n|faint|p1a: Feraligatr\n|\n|-heal|p2a: Manaphy|79/284|[from] item: Leftovers\n|upkeep\n|\n|t:|1781438175\n|switch|p1a: Forretress|Forretress, L84, M|263/263\n|turn|16\n|\n|t:|1781438181\n|move|p2a: Manaphy|Hydro Pump|p1a: Forretress\n|-ability|p1a: Forretress|Sturdy\n|-damage|p1a: Forretress|1/263\n|move|p1a: Forretress|Rapid Spin|p2a: Manaphy\n|-damage|p2a: Manaphy|46/284\n|-boost|p1a: Forretress|spe|1\n|\n|-heal|p2a: Manaphy|63/284|[from] item: Leftovers\n|-heal|p1a: Forretress|17/263|[from] item: Leftovers\n|upkeep\n|turn|17\n|\n|t:|1781438191\n|move|p2a: Manaphy|Energy Ball|p1a: Forretress\n|-resisted|p1a: Forretress\n|-damage|p1a: Forretress|0 fnt\n|faint|p1a: Forretress\n|\n|-heal|p2a: Manaphy|80/284|[from] item: Leftovers\n|upkeep\n|c|\u2606sev04|??\n|\n|t:|1781438193\n|switch|p1a: Ting-Lu|Ting-Lu, L78|370/370\n|-ability|p1a: Ting-Lu|Vessel of Ruin\n|turn|18\n|\n|t:|1781438197\n|-terastallize|p2a: Manaphy|Grass\n|-terastallize|p1a: Ting-Lu|Ghost\n|move|p2a: Manaphy|Energy Ball|p1a: Ting-Lu\n|-damage|p1a: Ting-Lu|186/370\n|move|p1a: Ting-Lu|Earthquake|p2a: Manaphy\n|-resisted|p2a: Manaphy\n|-damage|p2a: Manaphy|30/284\n|\n|-heal|p2a: Manaphy|47/284|[from] item: Leftovers\n|-heal|p1a: Ting-Lu|209/370|[from] item: Leftovers\n|upkeep\n|turn|19\n|\n|t:|1781438212\n|move|p2a: Manaphy|Energy Ball|p1a: Ting-Lu\n|-damage|p1a: Ting-Lu|34/370\n|move|p1a: Ting-Lu|Payback|p2a: Manaphy\n|-crit|p2a: Manaphy\n|-damage|p2a: Manaphy|0 fnt\n|faint|p2a: Manaphy\n|\n|-heal|p1a: Ting-Lu|57/370|[from] item: Leftovers\n|upkeep\n|\n|t:|1781438218\n|switch|p2a: Scream Tail|Scream Tail, L84|184/330\n|turn|20\n|\n|t:|1781438220\n|move|p2a: Scream Tail|Wish|p2a: Scream Tail\n|move|p1a: Ting-Lu|Earthquake|p2a: Scream Tail\n|-damage|p2a: Scream Tail|94/330\n|\n|-heal|p2a: Scream Tail|114/330|[from] item: Leftovers\n|-heal|p1a: Ting-Lu|80/370|[from] item: Leftovers\n|upkeep\n|turn|21\n|\n|t:|1781438226\n|move|p2a: Scream Tail|Dazzling Gleam|p1a: Ting-Lu\n|-damage|p1a: Ting-Lu|29/370\n|move|p1a: Ting-Lu|Spikes|p2a: Scream Tail\n|-sidestart|p2: sev04|Spikes\n|\n|-heal|p2a: Scream Tail|279/330|[from] move: Wish|[wisher] Scream Tail\n|-heal|p2a: Scream Tail|299/330|[from] item: Leftovers\n|-heal|p1a: Ting-Lu|52/370|[from] item: Leftovers\n|upkeep\n|turn|22\n|\n|t:|1781438231\n|move|p2a: Scream Tail|Dazzling Gleam|p1a: Ting-Lu\n|-damage|p1a: Ting-Lu|0 fnt\n|faint|p1a: Ting-Lu\n|\n|-heal|p2a: Scream Tail|319/330|[from] item: Leftovers\n|upkeep\n|\n|t:|1781438245\n|switch|p1a: Baxcalibur|Baxcalibur, L75, M|135/295\n|turn|23\n|\n|t:|1781438249\n|move|p2a: Scream Tail|Thunder Wave|p1a: Baxcalibur|[miss]\n|-miss|p2a: Scream Tail|p1a: Baxcalibur\n|move|p1a: Baxcalibur|Icicle Crash|p2a: Scream Tail\n|-damage|p2a: Scream Tail|192/330\n|\n|-heal|p2a: Scream Tail|212/330|[from] item: Leftovers\n|upkeep\n|turn|24\n|\n|t:|1781438255\n|move|p2a: Scream Tail|Thunder Wave|p1a: Baxcalibur\n|-status|p1a: Baxcalibur|par\n|cant|p1a: Baxcalibur|par\n|\n|-heal|p2a: Scream Tail|232/330|[from] item: Leftovers\n|upkeep\n|turn|25\n|\n|t:|1781438259\n|move|p2a: Scream Tail|Dazzling Gleam|p1a: Baxcalibur\n|-supereffective|p1a: Baxcalibur\n|-damage|p1a: Baxcalibur|0 fnt\n|faint|p1a: Baxcalibur\n|\n|win|sev04\n|raw|staraptor22's rating: 1661 &rarr; <strong>1641</strong><br />(-20 for losing)\n|raw|sev04's rating: 1662 &rarr; <strong>1682</strong><br />(+20 for winning)\n|l|\u2606staraptor22\n|player|p1|\n", "inputlog": ">version a8376a258c1d4662feba110a92103f3664a72141\n>start {\"formatid\":\"gen9randombattle\",\"seed\":\"sodium,d2f5f93d36cf8623e25da0becb30b036\",\"rated\":\"Rated battle\"}\n>player p1 {\"name\":\"staraptor22\",\"avatar\":\"worker\",\"rating\":1661,\"seed\":\"sodium,342bb937376204be53fafacf9c526fa7\"}\n>player p2 {\"name\":\"sev04\",\"avatar\":\"265\",\"rating\":1685,\"seed\":\"sodium,9f2617696d489db6610419b21e60807f\"}\n>p1 move uturn\n>p2 move shellsmash\n>p1 switch 4\n>p1 move liquidation\n>p2 move powergem\n>p2 switch 5\n>p1 switch 2\n>p2 move uturn\n>p2 switch 2\n>p1 switch 5\n>p2 move fireblast\n>p1 move icebeam\n>p2 switch 6\n>p1 switch 3\n>p2 move tailglow\n>p1 move glaiverush\n>p2 move icebeam\n>p1 switch 3\n>p2 switch 3\n>p1 move hydropump\n>p2 move thunderwave\n>p1 move hydropump\n>p2 move wish\n>p1 switch 5\n>p2 switch 3\n>p1 move voltswitch\n>p2 move tailglow\n>p1 switch 5\n>p1 move grassknot\n>p2 move energyball\n>p1 switch 4\n>p1 move doubleedge\n>p2 move hydropump\n>p1 switch 2\n>p1 move trailblaze\n>p2 move energyball\n>p1 switch 5\n>p1 move rapidspin\n>p2 move hydropump\n>p1 move voltswitch\n>p2 move energyball\n>chat \u2606sev04|??\n>p1 switch 6\n>p1 move earthquake terastallize\n>p2 move energyball terastallize\n>p1 move payback\n>p2 move energyball\n>p2 switch 3\n>p1 move earthquake\n>p2 move wish\n>p1 move spikes\n>p2 move dazzlinggleam\n>p1 move ruination\n>p2 move dazzlinggleam\n>p1 switch 3\n>p1 move iciclecrash\n>p2 move thunderwave\n>p1 move iciclecrash\n>p2 move thunderwave\n>p1 move iciclecrash\n>p2 move dazzlinggleam", "uploadtime": 1781438270, "views": 6, "formatid": "gen9randombattle", "rating": 1641, "private": 0, "password": null}