{"id": "gen9randombattle-2631462535", "format": "[Gen 9] Random Battle", "players": ["ZannaBianca99", "green8Bit"], "log": "|j|\u2606ZannaBianca99\n|j|\u2606green8Bit\n|t:|1781387695\n|gametype|singles\n|player|p1|ZannaBianca99|169|2114\n|player|p2|green8Bit|266|2030\n|gen|9\n|tier|[Gen 9] Random Battle\n|rated|\n|rule|Species Clause: Limit one of each Pok\u00e9mon\n|rule|HP Percentage Mod: HP is shown in percentages\n|rule|Sleep Clause Mod: Limit one foe put to sleep\n|rule|Illusion Level Mod: Illusion disguises the Pok\u00e9mon's true level\n|\n|t:|1781387695\n|teamsize|p1|6\n|teamsize|p2|6\n|start\n|switch|p1a: Appletun|Appletun, L92, M|352/352\n|switch|p2a: Smeargle|Smeargle, L95, M|258/258\n|turn|1\n|inactive|Battle timer is ON: inactive players will automatically lose when time's up. (requested by ZannaBianca99)\n|\n|t:|1781387745\n|switch|p2a: Iron Hands|Iron Hands, L79|373/373\n|move|p1a: Appletun|Apple Acid|p2a: Iron Hands\n|-damage|p2a: Iron Hands|289/373\n|-unboost|p2a: Iron Hands|spd|1\n|\n|upkeep\n|turn|2\n|\n|t:|1781387761\n|switch|p1a: Dusknoir|Dusknoir, L89, M|225/225\n|-item|p2a: Iron Hands|Assault Vest|[from] ability: Frisk|[of] p1a: Dusknoir\n|move|p2a: Iron Hands|Volt Switch|p1a: Dusknoir\n|-damage|p1a: Dusknoir|195/225\n|inactive|green8Bit has 120 seconds left.\n|\n|t:|1781387784\n|-end|p2a: Iron Hands|Quark Drive|[silent]\n|switch|p2a: Beartic|Beartic, L91, F|321/321|[from] Volt Switch\n|\n|-heal|p1a: Dusknoir|209/225|[from] item: Leftovers\n|upkeep\n|turn|3\n|\n|t:|1781387789\n|move|p2a: Beartic|Icicle Crash|p1a: Dusknoir\n|-damage|p1a: Dusknoir|83/225\n|move|p1a: Dusknoir|Will-O-Wisp|p2a: Beartic|[miss]\n|-miss|p1a: Dusknoir|p2a: Beartic\n|\n|-heal|p1a: Dusknoir|97/225|[from] item: Leftovers\n|upkeep\n|turn|4\n|\n|t:|1781387794\n|move|p2a: Beartic|Icicle Crash|p1a: Dusknoir\n|-crit|p1a: Dusknoir\n|-damage|p1a: Dusknoir|0 fnt\n|faint|p1a: Dusknoir\n|\n|upkeep\n|\n|t:|1781387795\n|switch|p1a: Poliwrath|Poliwrath, L88, F|302/302\n|turn|5\n|\n|t:|1781387825\n|switch|p2a: Iron Hands|Iron Hands, L79|289/373\n|move|p1a: Poliwrath|Bulk Up|p1a: Poliwrath\n|-boost|p1a: Poliwrath|atk|1\n|-boost|p1a: Poliwrath|def|1\n|\n|upkeep\n|turn|6\n|\n|t:|1781387834\n|move|p1a: Poliwrath|Bulk Up|p1a: Poliwrath\n|-boost|p1a: Poliwrath|atk|1\n|-boost|p1a: Poliwrath|def|1\n|move|p2a: Iron Hands|Volt Switch|p1a: Poliwrath\n|-supereffective|p1a: Poliwrath\n|-damage|p1a: Poliwrath|222/302\n|\n|t:|1781387844\n|-end|p2a: Iron Hands|Quark Drive|[silent]\n|switch|p2a: Toedscruel|Toedscruel, L87, F|281/281|[from] Volt Switch\n|\n|-heal|p1a: Poliwrath|240/302|[from] item: Leftovers\n|upkeep\n|turn|7\n|\n|t:|1781387848\n|-terastallize|p1a: Poliwrath|Fighting\n|move|p2a: Toedscruel|Giga Drain|p1a: Poliwrath\n|-damage|p1a: Poliwrath|177/302\n|move|p1a: Poliwrath|Drain Punch|p2a: Toedscruel\n|-damage|p2a: Toedscruel|1/281\n|-heal|p1a: Poliwrath|302/302|[from] drain|[of] p2a: Toedscruel\n|\n|upkeep\n|turn|8\n|\n|t:|1781387857\n|move|p2a: Toedscruel|Knock Off|p1a: Poliwrath\n|-resisted|p1a: Poliwrath\n|-crit|p1a: Poliwrath\n|-damage|p1a: Poliwrath|260/302\n|-enditem|p1a: Poliwrath|Leftovers|[from] move: Knock Off|[of] p2a: Toedscruel\n|move|p1a: Poliwrath|Drain Punch|p2a: Toedscruel\n|-damage|p2a: Toedscruel|0 fnt\n|-heal|p1a: Poliwrath|261/302|[from] drain|[of] p2a: Toedscruel\n|faint|p2a: Toedscruel\n|\n|upkeep\n|\n|t:|1781387874\n|switch|p2a: Smeargle|Smeargle, L95, M|258/258\n|turn|9\n|\n|t:|1781387879\n|switch|p1a: Appletun|Appletun, L92, M|352/352\n|move|p2a: Smeargle|Spore|p1a: Appletun\n|-immune|p1a: Appletun\n|\n|upkeep\n|turn|10\n|\n|t:|1781387887\n|switch|p2a: Iron Hands|Iron Hands, L79|289/373\n|move|p1a: Appletun|Dragon Tail|p2a: Iron Hands\n|-damage|p2a: Iron Hands|225/373\n|-end|p2a: Iron Hands|Quark Drive|[silent]\n|drag|p2a: Smeargle|Smeargle, L95, M|258/258\n|\n|upkeep\n|turn|11\n|\n|t:|1781387902\n|switch|p2a: Iron Hands|Iron Hands, L79|225/373\n|move|p1a: Appletun|Dragon Pulse|p2a: Iron Hands\n|-damage|p2a: Iron Hands|140/373\n|\n|upkeep\n|turn|12\n|\n|t:|1781387912\n|switch|p1a: Poliwrath|Poliwrath, L88, F, tera:Fighting|261/302\n|move|p2a: Iron Hands|Close Combat|p1a: Poliwrath\n|-damage|p1a: Poliwrath|132/302\n|-unboost|p2a: Iron Hands|def|1\n|-unboost|p2a: Iron Hands|spd|1\n|\n|upkeep\n|turn|13\n|\n|t:|1781387927\n|-end|p2a: Iron Hands|Quark Drive|[silent]\n|switch|p2a: Fezandipiti|Fezandipiti, L82, M|278/278\n|move|p1a: Poliwrath|Drain Punch|p2a: Fezandipiti\n|-resisted|p2a: Fezandipiti\n|-crit|p2a: Fezandipiti\n|-damage|p2a: Fezandipiti|230/278\n|-heal|p1a: Poliwrath|156/302|[from] drain|[of] p2a: Fezandipiti\n|\n|-heal|p2a: Fezandipiti|247/278|[from] item: Leftovers\n|upkeep\n|turn|14\n|\n|t:|1781387934\n|switch|p1a: Gothitelle|Gothitelle, L90, M|272/272\n|move|p2a: Fezandipiti|Play Rough|p1a: Gothitelle\n|-damage|p1a: Gothitelle|197/272\n|\n|-heal|p2a: Fezandipiti|264/278|[from] item: Leftovers\n|-heal|p1a: Gothitelle|214/272|[from] item: Leftovers\n|upkeep\n|turn|15\n|\n|t:|1781387954\n|move|p2a: Fezandipiti|Swords Dance|p2a: Fezandipiti\n|-boost|p2a: Fezandipiti|atk|2\n|move|p1a: Gothitelle|Psychic Noise|p2a: Fezandipiti\n|-supereffective|p2a: Fezandipiti\n|-damage|p2a: Fezandipiti|132/278\n|-start|p2a: Fezandipiti|move: Heal Block\n|\n|-heal|p1a: Gothitelle|231/272|[from] item: Leftovers\n|upkeep\n|turn|16\n|\n|t:|1781387968\n|move|p2a: Fezandipiti|Gunk Shot|p1a: Gothitelle|[miss]\n|-miss|p2a: Fezandipiti|p1a: Gothitelle\n|move|p1a: Gothitelle|Psychic Noise|p2a: Fezandipiti\n|-supereffective|p2a: Fezandipiti\n|-damage|p2a: Fezandipiti|0 fnt\n|faint|p2a: Fezandipiti\n|\n|-heal|p1a: Gothitelle|248/272|[from] item: Leftovers\n|upkeep\n|inactive|green8Bit has 120 seconds left.\n|\n|t:|1781388014\n|switch|p2a: Beartic|Beartic, L91, F|321/321\n|turn|17\n|\n|t:|1781388027\n|move|p1a: Gothitelle|Focus Blast|p2a: Beartic|[miss]\n|-miss|p1a: Gothitelle|p2a: Beartic\n|move|p2a: Beartic|Icicle Crash|p1a: Gothitelle\n|-damage|p1a: Gothitelle|85/272\n|\n|-heal|p1a: Gothitelle|102/272|[from] item: Leftovers\n|upkeep\n|turn|18\n|\n|t:|1781388054\n|move|p1a: Gothitelle|Focus Blast|p2a: Beartic|[miss]\n|-miss|p1a: Gothitelle|p2a: Beartic\n|move|p2a: Beartic|Icicle Crash|p1a: Gothitelle\n|-damage|p1a: Gothitelle|0 fnt\n|faint|p1a: Gothitelle\n|\n|upkeep\n|\n|t:|1781388060\n|switch|p1a: Poliwrath|Poliwrath, L88, F, tera:Fighting|156/302\n|turn|19\n|\n|t:|1781388066\n|switch|p2a: Cresselia|Cresselia, L80, F|323/323\n|move|p1a: Poliwrath|Drain Punch|p2a: Cresselia\n|-resisted|p2a: Cresselia\n|-crit|p2a: Cresselia\n|-damage|p2a: Cresselia|250/323\n|-heal|p1a: Poliwrath|193/302|[from] drain|[of] p2a: Cresselia\n|\n|-heal|p2a: Cresselia|270/323|[from] item: Leftovers\n|upkeep\n|turn|20\n|\n|t:|1781388093\n|switch|p1a: Chien-Pao|Chien-Pao, L72|234/234\n|-ability|p1a: Chien-Pao|Sword of Ruin\n|move|p2a: Cresselia|Calm Mind|p2a: Cresselia\n|-boost|p2a: Cresselia|spa|1\n|-boost|p2a: Cresselia|spd|1\n|\n|-heal|p2a: Cresselia|290/323|[from] item: Leftovers\n|upkeep\n|turn|21\n|inactive|green8Bit has 90 seconds left.\n|inactive|green8Bit has 60 seconds left.\n|\n|t:|1781388153\n|-terastallize|p2a: Cresselia|Poison\n|move|p1a: Chien-Pao|Crunch|p2a: Cresselia\n|-damage|p2a: Cresselia|158/323\n|move|p2a: Cresselia|Calm Mind|p2a: Cresselia\n|-boost|p2a: Cresselia|spa|1\n|-boost|p2a: Cresselia|spd|1\n|\n|-heal|p2a: Cresselia|178/323|[from] item: Leftovers\n|upkeep\n|turn|22\n|\n|t:|1781388167\n|move|p1a: Chien-Pao|Crunch|p2a: Cresselia\n|-damage|p2a: Cresselia|58/323\n|move|p2a: Cresselia|Moonlight|p2a: Cresselia\n|-heal|p2a: Cresselia|219/323\n|\n|-heal|p2a: Cresselia|239/323|[from] item: Leftovers\n|upkeep\n|turn|23\n|inactive|green8Bit has 60 seconds left.\n|\n|t:|1781388173\n|move|p1a: Chien-Pao|Crunch|p2a: Cresselia\n|-damage|p2a: Cresselia|109/323\n|-unboost|p2a: Cresselia|def|1\n|move|p2a: Cresselia|Moonlight|p2a: Cresselia\n|-heal|p2a: Cresselia|270/323\n|\n|-heal|p2a: Cresselia|290/323|[from] item: Leftovers\n|upkeep\n|turn|24\n|inactive|green8Bit has 60 seconds left.\n|\n|t:|1781388187\n|move|p1a: Chien-Pao|Crunch|p2a: Cresselia\n|-damage|p2a: Cresselia|107/323\n|move|p2a: Cresselia|Thunderbolt|p1a: Chien-Pao\n|-damage|p1a: Chien-Pao|91/234\n|\n|-heal|p2a: Cresselia|127/323|[from] item: Leftovers\n|upkeep\n|turn|25\n|inactive|green8Bit has 60 seconds left.\n|\n|t:|1781388200\n|move|p1a: Chien-Pao|Crunch|p2a: Cresselia\n|-damage|p2a: Cresselia|0 fnt\n|faint|p2a: Cresselia\n|\n|upkeep\n|\n|t:|1781388201\n|switch|p2a: Iron Hands|Iron Hands, L79|140/373\n|turn|26\n|inactive|green8Bit has 60 seconds left.\n|\n|t:|1781388226\n|move|p1a: Chien-Pao|Crunch|p2a: Iron Hands\n|-resisted|p2a: Iron Hands\n|-damage|p2a: Iron Hands|77/373\n|move|p2a: Iron Hands|Heavy Slam|p1a: Chien-Pao\n|-supereffective|p1a: Chien-Pao\n|-crit|p1a: Chien-Pao\n|-damage|p1a: Chien-Pao|0 fnt\n|faint|p1a: Chien-Pao\n|\n|upkeep\n|\n|t:|1781388231\n|switch|p1a: Poliwrath|Poliwrath, L88, F, tera:Fighting|193/302\n|turn|27\n|inactive|green8Bit has 60 seconds left.\n|\n|t:|1781388242\n|move|p1a: Poliwrath|Drain Punch|p2a: Iron Hands\n|-damage|p2a: Iron Hands|0 fnt\n|-heal|p1a: Poliwrath|232/302|[from] drain|[of] p2a: Iron Hands\n|faint|p2a: Iron Hands\n|-end|p2a: Iron Hands|Quark Drive|[silent]\n|\n|upkeep\n|inactive|green8Bit has 60 seconds left.\n|\n|t:|1781388260\n|switch|p2a: Beartic|Beartic, L91, F|321/321\n|turn|28\n|\n|t:|1781388267\n|move|p1a: Poliwrath|Drain Punch|p2a: Beartic\n|-supereffective|p2a: Beartic\n|-damage|p2a: Beartic|81/321\n|-heal|p1a: Poliwrath|302/302|[from] drain|[of] p2a: Beartic\n|move|p2a: Beartic|Icicle Crash|p1a: Poliwrath\n|-damage|p1a: Poliwrath|124/302\n|\n|upkeep\n|turn|29\n|inactive|green8Bit has 60 seconds left.\n|\n|t:|1781388274\n|move|p1a: Poliwrath|Drain Punch|p2a: Beartic\n|-supereffective|p2a: Beartic\n|-damage|p2a: Beartic|0 fnt\n|-heal|p1a: Poliwrath|165/302|[from] drain|[of] p2a: Beartic\n|faint|p2a: Beartic\n|\n|upkeep\n|\n|t:|1781388275\n|switch|p2a: Smeargle|Smeargle, L95, M|258/258\n|turn|30\n|\n|t:|1781388280\n|move|p2a: Smeargle|Spore|p1a: Poliwrath\n|-status|p1a: Poliwrath|slp|[from] move: Spore\n|cant|p1a: Poliwrath|slp\n|\n|upkeep\n|turn|31\n|\n|t:|1781388283\n|switch|p1a: Appletun|Appletun, L92, M|352/352\n|move|p2a: Smeargle|Shell Smash|p2a: Smeargle\n|-unboost|p2a: Smeargle|def|1\n|-unboost|p2a: Smeargle|spd|1\n|-boost|p2a: Smeargle|atk|2\n|-boost|p2a: Smeargle|spa|2\n|-boost|p2a: Smeargle|spe|2\n|\n|upkeep\n|turn|32\n|inactive|green8Bit has 90 seconds left.\n|\n|t:|1781388291\n|move|p2a: Smeargle|Population Bomb|p1a: Appletun\n|-damage|p1a: Appletun|322/352\n|-damage|p1a: Appletun|288/352\n|-damage|p1a: Appletun|254/352\n|-damage|p1a: Appletun|224/352\n|-damage|p1a: Appletun|194/352\n|-damage|p1a: Appletun|161/352\n|-damage|p1a: Appletun|127/352\n|-crit|p1a: Appletun\n|-damage|p1a: Appletun|76/352\n|-damage|p1a: Appletun|43/352\n|-damage|p1a: Appletun|10/352\n|-hitcount|p1a: Appletun|10\n|move|p1a: Appletun|Dragon Pulse|p2a: Smeargle\n|-damage|p2a: Smeargle|44/258\n|\n|-heal|p1a: Appletun|32/352|[from] item: Leftovers\n|upkeep\n|turn|33\n|inactive|green8Bit has 90 seconds left.\n|\n|t:|1781388304\n|move|p2a: Smeargle|Population Bomb|p1a: Appletun\n|-damage|p1a: Appletun|1/352\n|-damage|p1a: Appletun|0 fnt\n|faint|p1a: Appletun\n|-hitcount|p1: Appletun|2\n|\n|upkeep\n|\n|t:|1781388306\n|switch|p1a: Regigigas|Regigigas, L84|322/322\n|-start|p1a: Regigigas|ability: Slow Start\n|turn|34\n|\n|t:|1781388311\n|move|p2a: Smeargle|Population Bomb|p1a: Regigigas\n|-damage|p1a: Regigigas|295/322\n|-damage|p1a: Regigigas|268/322\n|-damage|p1a: Regigigas|243/322\n|-damage|p1a: Regigigas|218/322\n|-damage|p1a: Regigigas|191/322\n|-damage|p1a: Regigigas|164/322\n|-damage|p1a: Regigigas|139/322\n|-damage|p1a: Regigigas|109/322\n|-crit|p1a: Regigigas\n|-damage|p1a: Regigigas|69/322\n|-damage|p1a: Regigigas|42/322\n|-hitcount|p1a: Regigigas|10\n|move|p1a: Regigigas|Body Slam|p2a: Smeargle\n|-damage|p2a: Smeargle|0 fnt\n|faint|p2a: Smeargle\n|\n|win|ZannaBianca99\n", "inputlog": ">version a8376a258c1d4662feba110a92103f3664a72141\n>start {\"formatid\":\"gen9randombattle\",\"seed\":\"sodium,37a81ee55973dfefe24c33f34a1e4cb8\",\"rated\":\"Rated battle\"}\n>player p1 {\"name\":\"ZannaBianca99\",\"avatar\":\"169\",\"rating\":2114,\"seed\":\"sodium,4f6cce599ce272c28b2b828a6fbf5b3a\"}\n>player p2 {\"name\":\"green8Bit\",\"avatar\":\"266\",\"rating\":2030,\"seed\":\"sodium,04619bf3779c382ab9d10e7711003b3b\"}\n>p1 move appleacid\n>p2 switch 6\n>p1 switch 5\n>p2 move voltswitch\n>p2 switch 5\n>p1 move willowisp\n>p2 move iciclecrash\n>p1 move willowisp\n>p2 move iciclecrash\n>p1 switch 3\n>p1 move bulkup\n>p2 switch 5\n>p1 move bulkup\n>p2 move voltswitch\n>p2 switch 2\n>p1 move drainpunch terastallize\n>p2 move gigadrain\n>p1 move drainpunch\n>p2 move knockoff\n>p2 switch 6\n>p1 switch 5\n>p2 move spore\n>p1 move dragontail\n>p2 switch 2\n>p1 move dragonpulse\n>p2 switch 2\n>p1 switch 5\n>p2 move closecombat\n>p1 move drainpunch\n>p2 switch 3\n>p1 switch 2\n>p2 move playrough\n>p1 move psychicnoise\n>p2 move swordsdance\n>p1 move psychicnoise\n>p2 move gunkshot\n>p2 switch 5\n>p1 move focusblast\n>p2 move iciclecrash\n>p1 move focusblast\n>p2 move iciclecrash\n>p1 switch 2\n>p1 move drainpunch\n>p2 switch 4\n>p1 switch 4\n>p2 move calmmind\n>p1 move crunch\n>p2 move calmmind terastallize\n>p1 move crunch\n>p2 move moonlight\n>p1 move crunch\n>p2 move moonlight\n>p1 move crunch\n>p2 move thunderbolt\n>p1 move crunch\n>p2 move thunderbolt\n>p2 switch 3\n>p1 move crunch\n>p2 move heavyslam\n>p1 switch 4\n>p1 move drainpunch\n>p2 move voltswitch\n>p2 switch 4\n>p1 move drainpunch\n>p2 move iciclecrash\n>p1 move drainpunch\n>p2 move iciclecrash\n>p2 switch 2\n>p1 move drainpunch\n>p2 move spore\n>p1 switch 5\n>p2 move shellsmash\n>p1 move dragonpulse\n>p2 move populationbomb\n>p1 move dragonpulse\n>p2 move populationbomb\n>p1 switch 6\n>p1 move bodyslam\n>p2 move populationbomb", "uploadtime": 1781387697, "views": 9, "formatid": "gen9randombattle", "rating": null, "private": 0, "password": null}