{"id": "gen9randombattle-2631917417", "format": "[Gen 9] Random Battle", "players": ["dumbydumb", "SteelixPrismGX"], "log": "|j|\u2606dumbydumb\n|j|\u2606SteelixPrismGX\n|t:|1781455420\n|gametype|singles\n|player|p1|dumbydumb|102|2037\n|player|p2|SteelixPrismGX|siebold|2065\n|gen|9\n|tier|[Gen 9] Random Battle\n|rated|\n|rule|Species Clause: Limit one of each Pok\u00e9mon\n|rule|HP Percentage Mod: HP is shown in percentages\n|rule|Sleep Clause Mod: Limit one foe put to sleep\n|rule|Illusion Level Mod: Illusion disguises the Pok\u00e9mon's true level\n|\n|t:|1781455420\n|teamsize|p1|6\n|teamsize|p2|6\n|start\n|switch|p1a: Ariados|Ariados, L95, M|287/287\n|switch|p2a: Veluza|Veluza, L85, M|292/292\n|turn|1\n|inactive|Battle timer is ON: inactive players will automatically lose when time's up. (requested by SteelixPrismGX)\n|\n|t:|1781455463\n|move|p2a: Veluza|Psycho Cut|p1a: Ariados\n|-supereffective|p1a: Ariados\n|-damage|p1a: Ariados|15/287\n|move|p1a: Ariados|Megahorn|p2a: Veluza|[miss]\n|-miss|p1a: Ariados|p2a: Veluza\n|\n|upkeep\n|turn|2\n|\n|t:|1781455472\n|move|p2a: Veluza|Aqua Cutter|p1a: Ariados\n|-damage|p1a: Ariados|0 fnt\n|faint|p1a: Ariados\n|\n|upkeep\n|\n|t:|1781455481\n|switch|p1a: Sinistcha|Sinistcha-Masterpiece, L83|254/254\n|turn|3\n|\n|t:|1781455489\n|move|p2a: Veluza|Night Slash|p1a: Sinistcha\n|-supereffective|p1a: Sinistcha\n|-damage|p1a: Sinistcha|122/254\n|move|p1a: Sinistcha|Matcha Gotcha|p2a: Veluza|[miss]\n|-miss|p1a: Sinistcha|p2a: Veluza\n|\n|-heal|p1a: Sinistcha|137/254|[from] item: Leftovers\n|upkeep\n|turn|4\n|c|\u2606SteelixPrismGX|lol\n|c|\u2606dumbydumb|:(\n|\n|t:|1781455507\n|move|p2a: Veluza|Night Slash|p1a: Sinistcha\n|-supereffective|p1a: Sinistcha\n|-damage|p1a: Sinistcha|0 fnt\n|faint|p1a: Sinistcha\n|\n|upkeep\n|\n|t:|1781455516\n|switch|p1a: Lanturn|Lanturn, L89, M|367/367\n|turn|5\n|\n|t:|1781455525\n|switch|p2a: Dugtrio|Dugtrio-Alola, L84, F|196/196\n|move|p1a: Lanturn|Thunderbolt|p2a: Dugtrio\n|-immune|p2a: Dugtrio\n|\n|upkeep\n|turn|6\n|\n|t:|1781455531\n|switch|p1a: Jumpluff|Jumpluff, L87, F|271/271\n|move|p2a: Dugtrio|Earthquake|p1a: Jumpluff\n|-immune|p1a: Jumpluff\n|\n|upkeep\n|turn|7\n|\n|t:|1781455537\n|switch|p2a: Rhydon|Rhydon, L85, F|317/317\n|move|p1a: Jumpluff|Substitute|p1a: Jumpluff\n|-start|p1a: Jumpluff|Substitute\n|-damage|p1a: Jumpluff|204/271\n|\n|upkeep\n|turn|8\n|\n|t:|1781455547\n|move|p1a: Jumpluff|Leech Seed|p2a: Rhydon\n|-start|p2a: Rhydon|move: Leech Seed\n|move|p2a: Rhydon|Stone Edge|p1a: Jumpluff\n|-supereffective|p1a: Jumpluff\n|-end|p1a: Jumpluff|Substitute\n|\n|-damage|p2a: Rhydon|278/317|[from] Leech Seed|[of] p1a: Jumpluff\n|-heal|p1a: Jumpluff|243/271|[silent]\n|upkeep\n|turn|9\n|\n|t:|1781455555\n|switch|p2a: Mismagius|Mismagius, L86, F|243/243\n|move|p1a: Jumpluff|Substitute|p1a: Jumpluff\n|-start|p1a: Jumpluff|Substitute\n|-damage|p1a: Jumpluff|176/271\n|\n|upkeep\n|turn|10\n|\n|t:|1781455561\n|move|p1a: Jumpluff|Leech Seed|p2a: Mismagius\n|-start|p2a: Mismagius|move: Leech Seed\n|move|p2a: Mismagius|Shadow Ball|p1a: Jumpluff\n|-end|p1a: Jumpluff|Substitute\n|\n|-damage|p2a: Mismagius|213/243|[from] Leech Seed|[of] p1a: Jumpluff\n|-heal|p1a: Jumpluff|206/271|[silent]\n|upkeep\n|turn|11\n|\n|t:|1781455584\n|switch|p1a: Lanturn|Lanturn, L89, M|367/367\n|switch|p2a: Rhydon|Rhydon, L85, F|278/317\n|\n|upkeep\n|turn|12\n|\n|t:|1781455595\n|switch|p2a: Snorlax|Snorlax, L82, M|397/397\n|move|p1a: Lanturn|Scald|p2a: Snorlax\n|-damage|p2a: Snorlax|325/397\n|\n|-heal|p2a: Snorlax|349/397|[from] item: Leftovers\n|upkeep\n|turn|13\n|\n|t:|1781455601\n|move|p1a: Lanturn|Scald|p2a: Snorlax\n|-damage|p2a: Snorlax|276/397\n|move|p2a: Snorlax|Body Slam|p1a: Lanturn\n|-damage|p1a: Lanturn|240/367\n|\n|-heal|p2a: Snorlax|300/397|[from] item: Leftovers\n|upkeep\n|turn|14\n|\n|t:|1781455609\n|move|p1a: Lanturn|Volt Switch|p2a: Snorlax\n|-damage|p2a: Snorlax|236/397\n|\n|t:|1781455612\n|switch|p1a: Jumpluff|Jumpluff, L87, F|206/271|[from] Volt Switch\n|move|p2a: Snorlax|Curse|p2a: Snorlax\n|-unboost|p2a: Snorlax|spe|1\n|-boost|p2a: Snorlax|atk|1\n|-boost|p2a: Snorlax|def|1\n|\n|-heal|p2a: Snorlax|260/397|[from] item: Leftovers\n|upkeep\n|turn|15\n|\n|t:|1781455618\n|move|p1a: Jumpluff|Leech Seed|p2a: Snorlax\n|-start|p2a: Snorlax|move: Leech Seed\n|move|p2a: Snorlax|Body Slam|p1a: Jumpluff\n|-damage|p1a: Jumpluff|49/271\n|-status|p1a: Jumpluff|par\n|\n|-heal|p2a: Snorlax|284/397|[from] item: Leftovers\n|-damage|p2a: Snorlax|235/397|[from] Leech Seed|[of] p1a: Jumpluff\n|-heal|p1a: Jumpluff|98/271 par|[silent]\n|upkeep\n|turn|16\n|\n|t:|1781455631\n|switch|p2a: Veluza|Veluza, L85, M|292/292\n|move|p1a: Jumpluff|Strength Sap|p2a: Veluza\n|-unboost|p2a: Veluza|atk|1\n|-heal|p1a: Jumpluff|271/271 par\n|\n|upkeep\n|turn|17\n|\n|t:|1781455642\n|switch|p2a: Snorlax|Snorlax, L82, M|235/397\n|switch|p1a: Dedenne|Dedenne, L88, M|261/261\n|\n|-heal|p2a: Snorlax|259/397|[from] item: Leftovers\n|upkeep\n|turn|18\n|\n|t:|1781455650\n|switch|p2a: Dugtrio|Dugtrio-Alola, L84, F|196/196\n|move|p1a: Dedenne|U-turn|p2a: Dugtrio\n|-resisted|p2a: Dugtrio\n|-damage|p2a: Dugtrio|173/196\n|-ability|p2a: Dugtrio|Tangling Hair\n|-unboost|p1a: Dedenne|spe|1\n|\n|t:|1781455661\n|switch|p1a: Jumpluff|Jumpluff, L87, F|271/271 par|[from] U-turn\n|\n|upkeep\n|turn|19\n|\n|t:|1781455666\n|move|p2a: Dugtrio|Swords Dance|p2a: Dugtrio\n|-boost|p2a: Dugtrio|atk|2\n|move|p1a: Jumpluff|Strength Sap|p2a: Dugtrio\n|-unboost|p2a: Dugtrio|atk|1\n|\n|upkeep\n|turn|20\n|\n|t:|1781455687\n|move|p2a: Dugtrio|Stone Edge|p1a: Jumpluff\n|-supereffective|p1a: Jumpluff\n|-damage|p1a: Jumpluff|0 fnt\n|faint|p1a: Jumpluff\n|-damage|p2a: Dugtrio|154/196|[from] item: Life Orb\n|\n|upkeep\n|\n|t:|1781455690\n|switch|p1a: Basculin|Basculin-Blue-Striped, L86, M|261/261\n|turn|21\n|\n|t:|1781455699\n|move|p1a: Basculin|Aqua Jet|p2a: Dugtrio\n|-supereffective|p2a: Dugtrio\n|-damage|p2a: Dugtrio|0 fnt\n|-ability|p2a: Dugtrio|Tangling Hair\n|-unboost|p1a: Basculin|spe|1\n|faint|p2a: Dugtrio\n|\n|upkeep\n|\n|t:|1781455701\n|switch|p2a: Veluza|Veluza, L85, M|292/292\n|turn|22\n|\n|t:|1781455707\n|switch|p1a: Dedenne|Dedenne, L88, M|261/261\n|move|p2a: Veluza|Fillet Away|p2a: Veluza\n|-boost|p2a: Veluza|atk|2\n|-boost|p2a: Veluza|spa|2\n|-boost|p2a: Veluza|spe|2\n|-damage|p2a: Veluza|146/292\n|-enditem|p2a: Veluza|Sitrus Berry|[eat]\n|-heal|p2a: Veluza|219/292|[from] item: Sitrus Berry\n|\n|upkeep\n|turn|23\n|c|\u2606SteelixPrismGX|gg probably\n|c|\u2606dumbydumb|it was over as soon as I missed that megahorn I beleive\n|\n|t:|1781455734\n|move|p2a: Veluza|Psycho Cut|p1a: Dedenne\n|-damage|p1a: Dedenne|0 fnt\n|faint|p1a: Dedenne\n|\n|upkeep\n|\n|t:|1781455741\n|switch|p1a: Lanturn|Lanturn, L89, M|240/367\n|turn|24\n|\n|t:|1781455750\n|move|p2a: Veluza|Psycho Cut|p1a: Lanturn\n|-damage|p1a: Lanturn|0 fnt\n|faint|p1a: Lanturn\n|\n|upkeep\n|\n|t:|1781455753\n|switch|p1a: Basculin|Basculin-Blue-Striped, L86, M|261/261\n|turn|25\n|\n|t:|1781455755\n|-terastallize|p1a: Basculin|Water\n|move|p1a: Basculin|Aqua Jet|p2a: Veluza\n|-resisted|p2a: Veluza\n|-damage|p2a: Veluza|160/292\n|move|p2a: Veluza|Psycho Cut|p1a: Basculin\n|-crit|p1a: Basculin\n|-damage|p1a: Basculin|0 fnt\n|faint|p1a: Basculin\n|\n|win|SteelixPrismGX\n|raw|dumbydumb's rating: 2037 &rarr; <strong>2019</strong><br />(-18 for losing)\n|raw|SteelixPrismGX's rating: 2065 &rarr; <strong>2083</strong><br />(+18 for winning)\n|l|\u2606dumbydumb\n|player|p1|\n", "inputlog": ">version a8376a258c1d4662feba110a92103f3664a72141\n>start {\"formatid\":\"gen9randombattle\",\"seed\":\"sodium,c5c348696f6199012a4cd3d1f38fef8a\",\"rated\":\"Rated battle\"}\n>player p1 {\"name\":\"dumbydumb\",\"avatar\":\"102\",\"rating\":2037,\"seed\":\"sodium,eae87ceb9f67a7498567b2087c9019d3\"}\n>player p2 {\"name\":\"SteelixPrismGX\",\"avatar\":\"siebold\",\"rating\":2065,\"seed\":\"sodium,2eaf2d657d170011b2d9abad291165bc\"}\n>p1 move megahorn\n>p2 move psychocut\n>p1 move stickyweb\n>p2 move aquacutter\n>p1 switch 2\n>p1 move matchagotcha\n>p2 move nightslash\n>chat \u2606SteelixPrismGX|lol\n>chat \u2606dumbydumb|:(\n>p1 move strengthsap\n>p2 move nightslash\n>p1 switch 4\n>p1 move thunderbolt\n>p2 switch 3\n>p1 switch 5\n>p2 move earthquake\n>p1 move substitute\n>p2 switch 5\n>p1 move leechseed\n>p2 move stoneedge\n>p1 move substitute\n>p2 switch 6\n>p1 move leechseed\n>p2 move shadowball\n>p1 switch 5\n>p2 switch 6\n>p1 move scald\n>p2 switch 2\n>p1 move scald\n>p2 move bodyslam\n>p1 move voltswitch\n>p2 move curse\n>p1 switch 5\n>p1 move leechseed\n>p2 move bodyslam\n>p1 move strengthsap\n>p2 switch 3\n>p1 switch 3\n>p2 switch 3\n>p1 move uturn\n>p2 switch 5\n>p1 switch 3\n>p1 move strengthsap\n>p2 move swordsdance\n>p1 move acrobatics\n>p2 move stoneedge\n>p1 switch 6\n>p1 move aquajet\n>p2 move earthquake\n>p2 switch 3\n>p1 switch 3\n>p2 move filletaway\n>chat \u2606SteelixPrismGX|gg probably\n>chat \u2606dumbydumb|it was over as soon as I missed that megahorn I beleive\n>p1 move thunderbolt\n>p2 move psychocut\n>p1 switch 5\n>p1 move thunderbolt\n>p2 move psychocut\n>p1 switch 3\n>p1 move aquajet terastallize\n>p2 move psychocut", "uploadtime": 1781455422, "views": 8, "formatid": "gen9randombattle", "rating": 2019, "private": 0, "password": null}