{"id": "gen9randombattle-2631380058", "format": "[Gen 9] Random Battle", "players": ["Salami94", "hdb6xxz"], "log": "|j|\u2606Salami94\n|j|\u2606hdb6xxz\n|t:|1781377794\n|gametype|singles\n|player|p1|Salami94|bugsy|1397\n|player|p2|hdb6xxz|nate|1382\n|gen|9\n|tier|[Gen 9] Random Battle\n|rated|\n|rule|Species Clause: Limit one of each Pok\u00e9mon\n|rule|HP Percentage Mod: HP is shown in percentages\n|rule|Sleep Clause Mod: Limit one foe put to sleep\n|rule|Illusion Level Mod: Illusion disguises the Pok\u00e9mon's true level\n|\n|t:|1781377794\n|teamsize|p1|6\n|teamsize|p2|6\n|start\n|switch|p1a: Revavroom|Revavroom, L79, M|256/256\n|switch|p2a: Latias|Latias, L79, F|256/256\n|turn|1\n|inactive|Battle timer is ON: inactive players will automatically lose when time's up. (requested by Salami94)\n|\n|t:|1781377824\n|switch|p1a: Qwilfish|Qwilfish-Hisui, L83, M|244/244\n|-ability|p1a: Qwilfish|Intimidate|boost\n|-unboost|p2a: Latias|atk|1\n|move|p2a: Latias|Psyshock|p1a: Qwilfish\n|-immune|p1a: Qwilfish\n|\n|upkeep\n|turn|2\n|\n|t:|1781377848\n|switch|p2a: Chandelure|Chandelure, L83, M|235/235\n|move|p1a: Qwilfish|Crunch|p2a: Chandelure\n|-supereffective|p2a: Chandelure\n|-damage|p2a: Chandelure|67/235\n|\n|upkeep\n|turn|3\n|\n|t:|1781377858\n|move|p2a: Chandelure|Fire Blast|p1a: Qwilfish\n|-damage|p1a: Qwilfish|102/244\n|move|p1a: Qwilfish|Crunch|p2a: Chandelure\n|-supereffective|p2a: Chandelure\n|-crit|p2a: Chandelure\n|-damage|p2a: Chandelure|0 fnt\n|faint|p2a: Chandelure\n|\n|upkeep\n|\n|t:|1781377862\n|switch|p2a: Hydreigon|Hydreigon, L79, M|275/275\n|turn|4\n|\n|t:|1781377867\n|move|p2a: Hydreigon|Draco Meteor|p1a: Qwilfish\n|-damage|p1a: Qwilfish|0 fnt\n|-unboost|p2a: Hydreigon|spa|2\n|faint|p1a: Qwilfish\n|\n|upkeep\n|\n|t:|1781377869\n|switch|p1a: Clawitzer|Clawitzer, L87, F|265/265\n|turn|5\n|\n|t:|1781377880\n|switch|p2a: Virizion|Virizion, L82|283/283\n|move|p1a: Clawitzer|Ice Beam|p2a: Virizion\n|-supereffective|p2a: Virizion\n|-damage|p2a: Virizion|101/283\n|\n|upkeep\n|turn|6\n|\n|t:|1781377884\n|-terastallize|p1a: Clawitzer|Fighting\n|move|p2a: Virizion|Leaf Blade|p1a: Clawitzer\n|-damage|p1a: Clawitzer|155/265\n|-damage|p2a: Virizion|73/283|[from] item: Life Orb\n|move|p1a: Clawitzer|Ice Beam|p2a: Virizion\n|-supereffective|p2a: Virizion\n|-damage|p2a: Virizion|0 fnt\n|faint|p2a: Virizion\n|\n|upkeep\n|\n|t:|1781377889\n|switch|p2a: Hydreigon|Hydreigon, L79, M|275/275\n|turn|7\n|\n|t:|1781377890\n|move|p2a: Hydreigon|Draco Meteor|p1a: Clawitzer\n|-damage|p1a: Clawitzer|0 fnt\n|-unboost|p2a: Hydreigon|spa|2\n|faint|p1a: Clawitzer\n|\n|upkeep\n|\n|t:|1781377894\n|switch|p1a: Revavroom|Revavroom, L79, M|256/256\n|turn|8\n|\n|t:|1781377897\n|switch|p2a: Overqwil|Overqwil, L82, F|274/274\n|-ability|p2a: Overqwil|Intimidate|boost\n|-unboost|p1a: Revavroom|atk|1\n|move|p1a: Revavroom|Shift Gear|p1a: Revavroom\n|-boost|p1a: Revavroom|spe|2\n|-boost|p1a: Revavroom|atk|1\n|\n|upkeep\n|turn|9\n|\n|t:|1781377903\n|move|p1a: Revavroom|Shift Gear|p1a: Revavroom\n|-boost|p1a: Revavroom|spe|2\n|-boost|p1a: Revavroom|atk|1\n|move|p2a: Overqwil|Crunch|p1a: Revavroom\n|-damage|p1a: Revavroom|156/256\n|\n|upkeep\n|turn|10\n|\n|t:|1781377908\n|move|p1a: Revavroom|High Horsepower|p2a: Overqwil\n|-supereffective|p2a: Overqwil\n|-damage|p2a: Overqwil|11/274\n|-damage|p1a: Revavroom|131/256|[from] item: Life Orb\n|move|p2a: Overqwil|Crunch|p1a: Revavroom\n|-damage|p1a: Revavroom|26/256\n|\n|upkeep\n|turn|11\n|\n|t:|1781377912\n|move|p1a: Revavroom|High Horsepower|p2a: Overqwil\n|-supereffective|p2a: Overqwil\n|-damage|p2a: Overqwil|0 fnt\n|faint|p2a: Overqwil\n|-damage|p1a: Revavroom|1/256|[from] item: Life Orb\n|\n|upkeep\n|\n|t:|1781377931\n|switch|p2a: Wigglytuff|Wigglytuff, L96, M|424/424\n|turn|12\n|\n|t:|1781377941\n|move|p2a: Wigglytuff|Protect|p2a: Wigglytuff\n|-singleturn|p2a: Wigglytuff|Protect\n|move|p1a: Revavroom|High Horsepower|p2a: Wigglytuff\n|-activate|p2a: Wigglytuff|move: Protect\n|\n|upkeep\n|turn|13\n|\n|t:|1781377948\n|move|p1a: Revavroom|Gunk Shot|p2a: Wigglytuff|[miss]\n|-miss|p1a: Revavroom|p2a: Wigglytuff\n|move|p2a: Wigglytuff|Alluring Voice|p1a: Revavroom\n|-resisted|p1a: Revavroom\n|-damage|p1a: Revavroom|0 fnt\n|faint|p1a: Revavroom\n|\n|upkeep\n|\n|t:|1781377951\n|switch|p1a: Lugia|Lugia, L73|275/275\n|turn|14\n|\n|t:|1781377954\n|move|p1a: Lugia|Calm Mind|p1a: Lugia\n|-boost|p1a: Lugia|spa|1\n|-boost|p1a: Lugia|spd|1\n|move|p2a: Wigglytuff|Thunder Wave|p1a: Lugia\n|-status|p1a: Lugia|par\n|\n|upkeep\n|turn|15\n|\n|t:|1781377959\n|switch|p2a: Hydreigon|Hydreigon, L79, M|275/275\n|cant|p1a: Lugia|par\n|\n|upkeep\n|turn|16\n|\n|t:|1781377961\n|move|p2a: Hydreigon|Dark Pulse|p1a: Lugia\n|-supereffective|p1a: Lugia\n|-damage|p1a: Lugia|209/275 par\n|cant|p1a: Lugia|par\n|\n|upkeep\n|turn|17\n|\n|t:|1781377964\n|move|p2a: Hydreigon|Dark Pulse|p1a: Lugia\n|-supereffective|p1a: Lugia\n|-damage|p1a: Lugia|69/275 par\n|move|p1a: Lugia|Calm Mind|p1a: Lugia\n|-boost|p1a: Lugia|spa|1\n|-boost|p1a: Lugia|spd|1\n|\n|upkeep\n|turn|18\n|\n|t:|1781377967\n|move|p2a: Hydreigon|Dark Pulse|p1a: Lugia\n|-supereffective|p1a: Lugia\n|-damage|p1a: Lugia|0 fnt\n|faint|p1a: Lugia\n|\n|upkeep\n|\n|t:|1781377969\n|switch|p1a: Haxorus|Haxorus, L77, F|244/244\n|-ability|p1a: Haxorus|Mold Breaker\n|turn|19\n|\n|t:|1781377972\n|switch|p2a: Wigglytuff|Wigglytuff, L96, M|424/424\n|move|p1a: Haxorus|Dragon Dance|p1a: Haxorus\n|-boost|p1a: Haxorus|atk|1\n|-boost|p1a: Haxorus|spe|1\n|\n|upkeep\n|turn|20\n|\n|t:|1781377976\n|move|p1a: Haxorus|Iron Head|p2a: Wigglytuff\n|-supereffective|p2a: Wigglytuff\n|-damage|p2a: Wigglytuff|166/424\n|cant|p2a: Wigglytuff|flinch\n|\n|-heal|p2a: Wigglytuff|192/424|[from] item: Leftovers\n|upkeep\n|turn|21\n|\n|t:|1781377981\n|move|p2a: Wigglytuff|Protect|p2a: Wigglytuff\n|-singleturn|p2a: Wigglytuff|Protect\n|move|p1a: Haxorus|Iron Head|p2a: Wigglytuff\n|-activate|p2a: Wigglytuff|move: Protect\n|\n|-heal|p2a: Wigglytuff|218/424|[from] item: Leftovers\n|upkeep\n|turn|22\n|\n|t:|1781377988\n|-terastallize|p2a: Wigglytuff|Steel\n|move|p1a: Haxorus|Iron Head|p2a: Wigglytuff\n|-resisted|p2a: Wigglytuff\n|-damage|p2a: Wigglytuff|154/424\n|cant|p2a: Wigglytuff|flinch\n|\n|-heal|p2a: Wigglytuff|180/424|[from] item: Leftovers\n|upkeep\n|turn|23\n|\n|t:|1781377994\n|move|p1a: Haxorus|Close Combat|p2a: Wigglytuff\n|-supereffective|p2a: Wigglytuff\n|-damage|p2a: Wigglytuff|0 fnt\n|-unboost|p1a: Haxorus|def|1\n|-unboost|p1a: Haxorus|spd|1\n|faint|p2a: Wigglytuff\n|\n|upkeep\n|c|\u2606Salami94|gg\n|\n|t:|1781378005\n|switch|p2a: Hydreigon|Hydreigon, L79, M|275/275\n|turn|24\n|\n|t:|1781378009\n|move|p1a: Haxorus|Outrage|p2a: Hydreigon\n|-supereffective|p2a: Hydreigon\n|-damage|p2a: Hydreigon|0 fnt\n|faint|p2a: Hydreigon\n|\n|upkeep\n|\n|t:|1781378012\n|switch|p2a: Latias|Latias, L79, F|256/256\n|turn|25\n|\n|t:|1781378014\n|move|p1a: Haxorus|Outrage|p2a: Latias|[from] lockedmove\n|-supereffective|p2a: Latias\n|-damage|p2a: Latias|0 fnt\n|faint|p2a: Latias\n|\n|win|Salami94\n|raw|Salami94's rating: 1397 &rarr; <strong>1416</strong><br />(+19 for winning)\n|raw|hdb6xxz's rating: 1382 &rarr; <strong>1363</strong><br />(-19 for losing)\n", "inputlog": ">version a8376a258c1d4662feba110a92103f3664a72141\n>start {\"formatid\":\"gen9randombattle\",\"seed\":\"sodium,15177f20449cf785677a86e8c17f6b39\",\"rated\":\"Rated battle\"}\n>player p1 {\"name\":\"Salami94\",\"avatar\":\"bugsy\",\"rating\":1397,\"seed\":\"sodium,3045172bb7fab49ae9b2ac927854a4a9\"}\n>player p2 {\"name\":\"hdb6xxz\",\"avatar\":\"nate\",\"rating\":1382,\"seed\":\"sodium,ab568c76c7b7960607d9bcd18a6f611a\"}\n>p1 switch 6\n>p2 move psyshock\n>p1 move crunch\n>p2 switch 6\n>p1 move crunch\n>p2 move fireblast\n>p2 switch 3\n>p1 move gunkshot\n>p2 move dracometeor\n>p1 switch 2\n>p1 move icebeam\n>p2 switch 4\n>p1 move icebeam terastallize\n>p2 move leafblade\n>p2 switch 4\n>p1 move icebeam\n>p2 move dracometeor\n>p1 switch 6\n>p1 move shiftgear\n>p2 switch 2\n>p1 move shiftgear\n>p2 move crunch\n>p1 move highhorsepower\n>p2 move crunch\n>p1 move highhorsepower\n>p2 move crunch\n>p2 switch 5\n>p1 move highhorsepower\n>p2 move protect\n>p1 move gunkshot\n>p2 move alluringvoice\n>p1 switch 4\n>p1 move calmmind\n>p2 move thunderwave\n>p1 move calmmind\n>p2 switch 2\n>p1 move calmmind\n>p2 move darkpulse\n>p1 move calmmind\n>p2 move darkpulse\n>p1 move recover\n>p2 move darkpulse\n>p1 switch 5\n>p1 move dragondance\n>p2 switch 2\n>p1 move ironhead\n>p2 move alluringvoice\n>p1 move ironhead\n>p2 move protect\n>p1 move ironhead\n>p2 move thunderwave terastallize\n>p1 move closecombat\n>p2 move thunderwave\n>chat \u2606Salami94|gg\n>p2 switch 2\n>p1 move outrage\n>p2 move dracometeor\n>p2 switch 6\n>p1 move outrage\n>p2 move dracometeor", "uploadtime": 1781378033, "views": 6, "formatid": "gen9randombattle", "rating": 1363, "private": 0, "password": null}