{"id": "gen9randombattle-2631643797", "format": "[Gen 9] Random Battle", "players": ["VTCLA", "marper8"], "log": "|j|\u2606VTCLA\n|j|\u2606marper8\n|t:|1781413806\n|gametype|singles\n|player|p1|VTCLA|170|2195\n|player|p2|marper8|170|2185\n|gen|9\n|tier|[Gen 9] Random Battle\n|rated|\n|rule|Species Clause: Limit one of each Pok\u00e9mon\n|rule|HP Percentage Mod: HP is shown in percentages\n|rule|Sleep Clause Mod: Limit one foe put to sleep\n|rule|Illusion Level Mod: Illusion disguises the Pok\u00e9mon's true level\n|\n|t:|1781413806\n|teamsize|p1|6\n|teamsize|p2|6\n|start\n|switch|p1a: Iron Treads|Iron Treads, L77|265/265\n|switch|p2a: Quagsire|Quagsire, L84, F|297/297\n|turn|1\n|inactive|Battle timer is ON: inactive players will automatically lose when time's up. (requested by VTCLA)\n|inactive|marper8 also wants the timer to be on.\n|\n|t:|1781413825\n|-end|p1a: Iron Treads|Quark Drive|[silent]\n|switch|p1a: Spidops|Spidops, L96, M|271/271\n|move|p2a: Quagsire|Earthquake|p1a: Spidops\n|-resisted|p1a: Spidops\n|-damage|p1a: Spidops|229/271\n|\n|upkeep\n|turn|2\n|\n|t:|1781413832\n|move|p1a: Spidops|Sticky Web|p2a: Quagsire\n|-sidestart|p2: marper8|move: Sticky Web\n|move|p2a: Quagsire|Toxic|p1a: Spidops\n|-status|p1a: Spidops|tox\n|\n|-damage|p1a: Spidops|213/271 tox|[from] psn\n|upkeep\n|turn|3\n|\n|t:|1781413838\n|move|p1a: Spidops|Spikes|p2a: Quagsire\n|-sidestart|p2: marper8|Spikes\n|move|p2a: Quagsire|Ice Beam|p1a: Spidops\n|-damage|p1a: Spidops|174/271 tox\n|\n|-damage|p1a: Spidops|142/271 tox|[from] psn\n|upkeep\n|turn|4\n|\n|t:|1781413844\n|move|p1a: Spidops|Spikes|p2a: Quagsire\n|-sidestart|p2: marper8|Spikes\n|move|p2a: Quagsire|Ice Beam|p1a: Spidops\n|-damage|p1a: Spidops|99/271 tox\n|\n|-damage|p1a: Spidops|51/271 tox|[from] psn\n|upkeep\n|turn|5\n|\n|t:|1781413852\n|move|p1a: Spidops|Spikes|p2a: Quagsire\n|-sidestart|p2: marper8|Spikes\n|move|p2a: Quagsire|Earthquake|p1a: Spidops\n|-resisted|p1a: Spidops\n|-damage|p1a: Spidops|9/271 tox\n|\n|-damage|p1a: Spidops|0 fnt|[from] psn\n|faint|p1a: Spidops\n|upkeep\n|\n|t:|1781413871\n|switch|p1a: Cinccino|Cinccino, L83, F|260/260\n|turn|6\n|\n|t:|1781413877\n|switch|p2a: Lurantis|Lurantis, L87, F|264/264\n|-activate|p2a: Lurantis|move: Sticky Web\n|-boost|p2a: Lurantis|spe|1\n|-damage|p2a: Lurantis|198/264|[from] Spikes\n|move|p1a: Cinccino|Bullet Seed|p2a: Lurantis\n|-resisted|p2a: Lurantis\n|-damage|p2a: Lurantis|186/264\n|-resisted|p2a: Lurantis\n|-damage|p2a: Lurantis|175/264\n|-resisted|p2a: Lurantis\n|-damage|p2a: Lurantis|162/264\n|-resisted|p2a: Lurantis\n|-damage|p2a: Lurantis|149/264\n|-hitcount|p2a: Lurantis|4\n|\n|-heal|p2a: Lurantis|165/264|[from] item: Leftovers\n|upkeep\n|turn|7\n|\n|t:|1781413891\n|move|p1a: Cinccino|Triple Axel|p2a: Lurantis\n|-supereffective|p2a: Lurantis\n|-crit|p2a: Lurantis\n|-damage|p2a: Lurantis|107/264\n|-supereffective|p2a: Lurantis\n|-damage|p2a: Lurantis|29/264\n|-supereffective|p2a: Lurantis\n|-damage|p2a: Lurantis|0 fnt\n|faint|p2a: Lurantis\n|-hitcount|p2: Lurantis|3\n|\n|upkeep\n|\n|t:|1781413894\n|switch|p2a: Cramorant|Cramorant, L86, M|261/261\n|turn|8\n|\n|t:|1781413907\n|move|p1a: Cinccino|Tail Slap|p2a: Cramorant\n|-damage|p2a: Cramorant|209/261\n|-damage|p2a: Cramorant|160/261\n|-damage|p2a: Cramorant|111/261\n|-damage|p2a: Cramorant|59/261\n|-damage|p2a: Cramorant|5/261\n|-hitcount|p2a: Cramorant|5\n|move|p2a: Cramorant|Defog|p1a: Cinccino\n|-unboost|p1a: Cinccino|evasion|1\n|-sideend|p2: marper8|Spikes|[from] move: Defog|[of] p2a: Cramorant\n|-sideend|p2: marper8|Sticky Web|[from] move: Defog|[of] p2a: Cramorant\n|\n|upkeep\n|turn|9\n|\n|t:|1781413918\n|switch|p2a: Copperajah|Copperajah, L86, M|350/350\n|move|p1a: Cinccino|Tail Slap|p2a: Copperajah\n|-resisted|p2a: Copperajah\n|-damage|p2a: Copperajah|326/350\n|-resisted|p2a: Copperajah\n|-damage|p2a: Copperajah|304/350\n|-resisted|p2a: Copperajah\n|-damage|p2a: Copperajah|280/350\n|-resisted|p2a: Copperajah\n|-damage|p2a: Copperajah|257/350\n|-resisted|p2a: Copperajah\n|-damage|p2a: Copperajah|234/350\n|-hitcount|p2a: Copperajah|5\n|\n|upkeep\n|turn|10\n|\n|t:|1781413930\n|move|p1a: Cinccino|U-turn|p2a: Copperajah\n|-resisted|p2a: Copperajah\n|-damage|p2a: Copperajah|207/350\n|\n|t:|1781413934\n|switch|p1a: Iron Treads|Iron Treads, L77|265/265|[from] U-turn\n|move|p2a: Copperajah|Superpower|p1a: Iron Treads\n|-supereffective|p1a: Iron Treads\n|-damage|p1a: Iron Treads|5/265\n|-unboost|p2a: Copperajah|atk|1\n|-unboost|p2a: Copperajah|def|1\n|-damage|p2a: Copperajah|172/350|[from] item: Life Orb\n|\n|-heal|p1a: Iron Treads|21/265|[from] item: Leftovers\n|upkeep\n|turn|11\n|\n|t:|1781413948\n|switch|p2a: Persian|Persian, L92, F|269/269\n|move|p1a: Iron Treads|Stealth Rock|p2a: Persian\n|-sidestart|p2: marper8|move: Stealth Rock\n|\n|-heal|p1a: Iron Treads|37/265|[from] item: Leftovers\n|upkeep\n|turn|12\n|\n|t:|1781413957\n|move|p2a: Persian|Knock Off|p1a: Iron Treads\n|-damage|p1a: Iron Treads|0 fnt\n|-enditem|p1a: Iron Treads|Leftovers|[from] move: Knock Off|[of] p2a: Persian\n|faint|p1a: Iron Treads\n|-end|p1a: Iron Treads|Quark Drive|[silent]\n|\n|upkeep\n|\n|t:|1781413965\n|switch|p1a: Morpeko|Morpeko, L88, M|245/245\n|turn|13\n|\n|t:|1781413981\n|move|p2a: Persian|U-turn|p1a: Morpeko\n|-supereffective|p1a: Morpeko\n|-damage|p1a: Morpeko|131/245\n|\n|t:|1781413984\n|switch|p2a: Copperajah|Copperajah, L86, M|172/350|[from] U-turn\n|-damage|p2a: Copperajah|151/350|[from] Stealth Rock\n|move|p1a: Morpeko|Knock Off|p2a: Copperajah\n|-damage|p2a: Copperajah|24/350\n|-enditem|p2a: Copperajah|Life Orb|[from] move: Knock Off|[of] p1a: Morpeko\n|\n|-heal|p1a: Morpeko|146/245|[from] item: Leftovers\n|-formechange|p1a: Morpeko|Morpeko-Hangry||[from] ability: Hunger Switch\n|upkeep\n|turn|14\n|\n|t:|1781413994\n|move|p1a: Morpeko|Aura Wheel|p2a: Copperajah\n|-damage|p2a: Copperajah|0 fnt\n|-boost|p1a: Morpeko|spe|1\n|faint|p2a: Copperajah\n|\n|-heal|p1a: Morpeko|161/245|[from] item: Leftovers\n|-formechange|p1a: Morpeko|Morpeko||[from] ability: Hunger Switch\n|upkeep\n|\n|t:|1781413997\n|switch|p2a: Persian|Persian, L92, F|269/269\n|-damage|p2a: Persian|236/269|[from] Stealth Rock\n|turn|15\n|\n|t:|1781414005\n|move|p1a: Morpeko|Protect|p1a: Morpeko\n|-singleturn|p1a: Morpeko|Protect\n|move|p2a: Persian|Fake Out|p1a: Morpeko\n|-activate|p1a: Morpeko|move: Protect\n|\n|-heal|p1a: Morpeko|176/245|[from] item: Leftovers\n|-formechange|p1a: Morpeko|Morpeko-Hangry||[from] ability: Hunger Switch\n|upkeep\n|turn|16\n|\n|t:|1781414017\n|move|p1a: Morpeko|Aura Wheel|p2a: Persian\n|-damage|p2a: Persian|74/269\n|-boost|p1a: Morpeko|spe|1\n|move|p2a: Persian|Double-Edge|p1a: Morpeko\n|-damage|p1a: Morpeko|8/245\n|-damage|p2a: Persian|19/269|[from] Recoil\n|\n|-heal|p1a: Morpeko|23/245|[from] item: Leftovers\n|-formechange|p1a: Morpeko|Morpeko||[from] ability: Hunger Switch\n|upkeep\n|turn|17\n|\n|t:|1781414027\n|move|p1a: Morpeko|Knock Off|p2a: Persian\n|-damage|p2a: Persian|0 fnt\n|-enditem|p2a: Persian|Silk Scarf|[from] move: Knock Off|[of] p1a: Morpeko\n|faint|p2a: Persian\n|\n|-heal|p1a: Morpeko|38/245|[from] item: Leftovers\n|-formechange|p1a: Morpeko|Morpeko-Hangry||[from] ability: Hunger Switch\n|upkeep\n|\n|t:|1781414030\n|switch|p2a: Quagsire|Quagsire, L84, F|297/297\n|-damage|p2a: Quagsire|279/297|[from] Stealth Rock\n|turn|18\n|\n|t:|1781414040\n|move|p1a: Morpeko|Knock Off|p2a: Quagsire\n|-damage|p2a: Quagsire|165/297\n|-enditem|p2a: Quagsire|Leftovers|[from] move: Knock Off|[of] p1a: Morpeko\n|move|p2a: Quagsire|Earthquake|p1a: Morpeko\n|-supereffective|p1a: Morpeko\n|-damage|p1a: Morpeko|0 fnt\n|faint|p1a: Morpeko\n|\n|upkeep\n|\n|t:|1781414053\n|switch|p1a: Cinccino|Cinccino, L83, F|260/260\n|turn|19\n|\n|t:|1781414069\n|switch|p2a: Cramorant|Cramorant, L86, M|5/261\n|move|p1a: Cinccino|Bullet Seed|p2a: Cramorant\n|-damage|p2a: Cramorant|0 fnt\n|faint|p2a: Cramorant\n|-hitcount|p2: Cramorant|1\n|\n|upkeep\n|\n|t:|1781414078\n|switch|p2a: Oricorio|Oricorio, L84, F|263/263\n|turn|20\n|\n|t:|1781414093\n|move|p1a: Cinccino|Tail Slap|p2a: Oricorio\n|-damage|p2a: Oricorio|215/263\n|-damage|p2a: Oricorio|172/263\n|-damage|p2a: Oricorio|127/263\n|-crit|p2a: Oricorio\n|-damage|p2a: Oricorio|66/263\n|-damage|p2a: Oricorio|24/263\n|-hitcount|p2a: Oricorio|5\n|move|p2a: Oricorio|Quiver Dance|p2a: Oricorio\n|-boost|p2a: Oricorio|spa|1\n|-boost|p2a: Oricorio|spd|1\n|-boost|p2a: Oricorio|spe|1\n|\n|upkeep\n|turn|21\n|\n|t:|1781414105\n|move|p2a: Oricorio|Hurricane|p1a: Cinccino\n|-damage|p1a: Cinccino|35/260\n|-start|p1a: Cinccino|confusion\n|-activate|p1a: Cinccino|confusion\n|move|p1a: Cinccino|Tail Slap|p2a: Oricorio\n|-damage|p2a: Oricorio|0 fnt\n|faint|p2a: Oricorio\n|-hitcount|p2: Oricorio|1\n|\n|upkeep\n|\n|t:|1781414111\n|switch|p2a: Quagsire|Quagsire, L84, F|165/297\n|-damage|p2a: Quagsire|147/297|[from] Stealth Rock\n|turn|22\n|\n|t:|1781414115\n|-terastallize|p2a: Quagsire|Poison\n|-end|p1a: Cinccino|confusion\n|move|p1a: Cinccino|Bullet Seed|p2a: Quagsire\n|-resisted|p2a: Quagsire\n|-damage|p2a: Quagsire|134/297\n|-resisted|p2a: Quagsire\n|-crit|p2a: Quagsire\n|-damage|p2a: Quagsire|114/297\n|-resisted|p2a: Quagsire\n|-damage|p2a: Quagsire|100/297\n|-resisted|p2a: Quagsire\n|-damage|p2a: Quagsire|86/297\n|-hitcount|p2a: Quagsire|4\n|move|p2a: Quagsire|Recover|p2a: Quagsire\n|-heal|p2a: Quagsire|235/297\n|\n|upkeep\n|turn|23\n|\n|t:|1781414129\n|move|p1a: Cinccino|Tail Slap|p2a: Quagsire\n|-damage|p2a: Quagsire|192/297\n|-crit|p2a: Quagsire\n|-damage|p2a: Quagsire|135/297\n|-damage|p2a: Quagsire|96/297\n|-damage|p2a: Quagsire|57/297\n|-damage|p2a: Quagsire|18/297\n|-hitcount|p2a: Quagsire|5\n|move|p2a: Quagsire|Earthquake|p1a: Cinccino\n|-damage|p1a: Cinccino|0 fnt\n|faint|p1a: Cinccino\n|\n|upkeep\n|\n|t:|1781414141\n|switch|p1a: Electrode|Electrode, L92|260/260\n|turn|24\n|\n|t:|1781414143\n|move|p1a: Electrode|Thunderbolt|p2a: Quagsire\n|-damage|p2a: Quagsire|0 fnt\n|faint|p2a: Quagsire\n|-damage|p1a: Electrode|234/260|[from] item: Life Orb\n|\n|win|VTCLA\n", "uploadtime": 1781413808, "views": 3, "formatid": "gen9randombattle", "rating": null, "private": 0, "password": null}