{"id": "gen9randombattle-2631890593", "format": "[Gen 9] Random Battle", "players": ["Pachequitos", "JAVASB"], "log": "|j|\u2606Pachequitos\n|j|\u2606JAVASB\n|t:|1781452538\n|gametype|singles\n|player|p1|Pachequitos|1|2172\n|player|p2|JAVASB|101|2178\n|gen|9\n|tier|[Gen 9] Random Battle\n|rated|\n|rule|Species Clause: Limit one of each Pok\u00e9mon\n|rule|HP Percentage Mod: HP is shown in percentages\n|rule|Sleep Clause Mod: Limit one foe put to sleep\n|rule|Illusion Level Mod: Illusion disguises the Pok\u00e9mon's true level\n|\n|t:|1781452538\n|teamsize|p1|6\n|teamsize|p2|6\n|start\n|switch|p1a: Morpeko|Morpeko, L88, F|245/245\n|switch|p2a: Iron Valiant|Iron Valiant, L78|244/244\n|turn|1\n|inactive|Battle timer is ON: inactive players will automatically lose when time's up. (requested by Pachequitos)\n|\n|t:|1781452552\n|switch|p1a: Tinkaton|Tinkaton, L82, F|274/274\n|-ability|p1a: Tinkaton|Mold Breaker\n|move|p2a: Iron Valiant|Moonblast|p1a: Tinkaton\n|-resisted|p1a: Tinkaton\n|-damage|p1a: Tinkaton|213/274\n|-damage|p2a: Iron Valiant|220/244|[from] item: Life Orb\n|\n|-heal|p1a: Tinkaton|230/274|[from] item: Leftovers\n|upkeep\n|turn|2\n|\n|t:|1781452561\n|-end|p2a: Iron Valiant|Quark Drive|[silent]\n|switch|p2a: Miraidon|Miraidon, L65|238/238\n|-fieldstart|move: Electric Terrain|[from] ability: Hadron Engine|[of] p2a: Miraidon\n|move|p1a: Tinkaton|Stealth Rock|p2a: Miraidon\n|-sidestart|p2: JAVASB|move: Stealth Rock\n|\n|-heal|p1a: Tinkaton|247/274|[from] item: Leftovers\n|upkeep\n|turn|3\n|\n|t:|1781452567\n|switch|p1a: Jolteon|Jolteon, L84, M|246/246\n|move|p2a: Miraidon|Overheat|p1a: Jolteon\n|-damage|p1a: Jolteon|109/246\n|-unboost|p2a: Miraidon|spa|2\n|\n|upkeep\n|turn|4\n|\n|t:|1781452572\n|switch|p2a: Abomasnow|Abomasnow, L84, M|287/287\n|-damage|p2a: Abomasnow|216/287|[from] Stealth Rock\n|-weather|Snowscape|[from] ability: Snow Warning|[of] p2a: Abomasnow\n|move|p1a: Jolteon|Volt Switch|p2a: Abomasnow\n|-resisted|p2a: Abomasnow\n|-damage|p2a: Abomasnow|132/287\n|\n|t:|1781452575\n|switch|p1a: Tinkaton|Tinkaton, L82, F|247/274|[from] Volt Switch\n|-ability|p1a: Tinkaton|Mold Breaker\n|\n|-weather|Snowscape|[upkeep]\n|-heal|p1a: Tinkaton|264/274|[from] item: Leftovers\n|upkeep\n|turn|5\n|\n|t:|1781452584\n|switch|p2a: Miraidon|Miraidon, L65|238/238\n|-damage|p2a: Miraidon|209/238|[from] Stealth Rock\n|-activate|p2a: Miraidon|ability: Hadron Engine\n|move|p1a: Tinkaton|Gigaton Hammer|p2a: Miraidon\n|-resisted|p2a: Miraidon\n|-damage|p2a: Miraidon|131/238\n|\n|-weather|Snowscape|[upkeep]\n|-heal|p1a: Tinkaton|274/274|[from] item: Leftovers\n|upkeep\n|turn|6\n|\n|t:|1781452588\n|switch|p1a: Jolteon|Jolteon, L84, M|109/246\n|move|p2a: Miraidon|Overheat|p1a: Jolteon\n|-damage|p1a: Jolteon|0 fnt\n|-unboost|p2a: Miraidon|spa|2\n|faint|p1a: Jolteon\n|\n|-weather|Snowscape|[upkeep]\n|-fieldend|move: Electric Terrain\n|upkeep\n|\n|t:|1781452591\n|switch|p1a: Dragonite|Dragonite, L74, F|257/257\n|turn|7\n|\n|t:|1781452602\n|switch|p2a: Abomasnow|Abomasnow, L84, M|132/287\n|-damage|p2a: Abomasnow|61/287|[from] Stealth Rock\n|move|p1a: Dragonite|Dragon Dance|p1a: Dragonite\n|-boost|p1a: Dragonite|atk|1\n|-boost|p1a: Dragonite|spe|1\n|\n|-weather|Snowscape|[upkeep]\n|upkeep\n|turn|8\n|\n|t:|1781452605\n|-terastallize|p1a: Dragonite|Flying\n|move|p1a: Dragonite|Tera Blast|p2a: Abomasnow|[anim] Tera Blast Flying\n|-supereffective|p2a: Abomasnow\n|-damage|p2a: Abomasnow|0 fnt\n|faint|p2a: Abomasnow\n|\n|-weather|none\n|upkeep\n|\n|t:|1781452619\n|switch|p2a: Masquerain|Masquerain, L87, M|264/264\n|-ability|p2a: Masquerain|Intimidate|boost\n|-unboost|p1a: Dragonite|atk|1\n|turn|9\n|\n|t:|1781452625\n|move|p1a: Dragonite|Dragon Dance|p1a: Dragonite\n|-boost|p1a: Dragonite|atk|1\n|-boost|p1a: Dragonite|spe|1\n|move|p2a: Masquerain|Hurricane|p1a: Dragonite|[miss]\n|-miss|p2a: Masquerain|p1a: Dragonite\n|\n|upkeep\n|turn|10\n|-message|JAVASB forfeited.\n|\n|win|Pachequitos\n", "uploadtime": 1781452540, "views": 5, "formatid": "gen9randombattle", "rating": null, "private": 0, "password": null}