{"id": "gen9randombattle-2631843202", "format": "[Gen 9] Random Battle", "players": ["dr necrotizer", "bimiuchiratnhieu"], "log": "|j|\u2606dr necrotizer\n|j|\u2606bimiuchiratnhieu\n|t:|1781447139\n|gametype|singles\n|player|p1|dr necrotizer|102|2060\n|player|p2|bimiuchiratnhieu|hilda|2108\n|gen|9\n|tier|[Gen 9] Random Battle\n|rated|\n|rule|Species Clause: Limit one of each Pok\u00e9mon\n|rule|HP Percentage Mod: HP is shown in percentages\n|rule|Sleep Clause Mod: Limit one foe put to sleep\n|rule|Illusion Level Mod: Illusion disguises the Pok\u00e9mon's true level\n|\n|t:|1781447139\n|teamsize|p1|6\n|teamsize|p2|6\n|start\n|switch|p1a: Wo-Chien|Wo-Chien, L83|277/277\n|switch|p2a: Pincurchin|Pincurchin, F|258/258\n|-ability|p1a: Wo-Chien|Tablets of Ruin\n|-fieldstart|move: Electric Terrain|[from] ability: Electric Surge|[of] p2a: Pincurchin\n|turn|1\n|inactive|Battle timer is ON: inactive players will automatically lose when time's up. (requested by bimiuchiratnhieu)\n|\n|t:|1781447160\n|switch|p2a: Passimian|Passimian, L83, F|302/302\n|move|p1a: Wo-Chien|Knock Off|p2a: Passimian\n|-resisted|p2a: Passimian\n|-damage|p2a: Passimian|254/302\n|-enditem|p2a: Passimian|Leftovers|[from] move: Knock Off|[of] p1a: Wo-Chien\n|\n|upkeep\n|turn|2\n|\n|t:|1781447183\n|switch|p1a: Quagsire|Quagsire, L84, F|297/297\n|move|p2a: Passimian|Bulk Up|p2a: Passimian\n|-boost|p2a: Passimian|atk|1\n|-boost|p2a: Passimian|def|1\n|\n|upkeep\n|turn|3\n|\n|t:|1781447189\n|move|p2a: Passimian|Knock Off|p1a: Quagsire\n|-damage|p1a: Quagsire|222/297\n|-enditem|p1a: Quagsire|Leftovers|[from] move: Knock Off|[of] p2a: Passimian\n|move|p1a: Quagsire|Spikes|p2a: Passimian\n|-sidestart|p2: bimiuchiratnhieu|Spikes\n|\n|upkeep\n|turn|4\n|\n|t:|1781447195\n|move|p2a: Passimian|Drain Punch|p1a: Quagsire\n|-damage|p1a: Quagsire|119/297\n|-heal|p2a: Passimian|302/302|[from] drain|[of] p1a: Quagsire\n|move|p1a: Quagsire|Recover|p1a: Quagsire\n|-heal|p1a: Quagsire|268/297\n|\n|upkeep\n|turn|5\n|\n|t:|1781447204\n|switch|p2a: Azumarill|Azumarill, L82, M|298/298\n|-damage|p2a: Azumarill|261/298|[from] Spikes\n|move|p1a: Quagsire|Spikes|p2a: Azumarill\n|-sidestart|p2: bimiuchiratnhieu|Spikes\n|\n|-fieldend|move: Electric Terrain\n|upkeep\n|turn|6\n|\n|t:|1781447208\n|move|p2a: Azumarill|Play Rough|p1a: Quagsire\n|-damage|p1a: Quagsire|82/297\n|move|p1a: Quagsire|Toxic|p2a: Azumarill\n|-status|p2a: Azumarill|tox\n|\n|-damage|p2a: Azumarill|243/298 tox|[from] psn\n|upkeep\n|turn|7\n|\n|t:|1781447214\n|switch|p1a: Avalugg|Avalugg-Hisui, L90, F|317/317\n|move|p2a: Azumarill|Play Rough|p1a: Avalugg\n|-damage|p1a: Avalugg|233/317\n|\n|-damage|p2a: Azumarill|207/298 tox|[from] psn\n|upkeep\n|turn|8\n|\n|t:|1781447228\n|switch|p2a: Pincurchin|Pincurchin, F|258/258\n|-damage|p2a: Pincurchin|215/258|[from] Spikes\n|-fieldstart|move: Electric Terrain|[from] ability: Electric Surge|[of] p2a: Pincurchin\n|move|p1a: Avalugg|Avalanche|p2a: Pincurchin\n|-damage|p2a: Pincurchin|139/258\n|\n|-heal|p2a: Pincurchin|155/258|[from] item: Leftovers\n|upkeep\n|turn|9\n|\n|t:|1781447236\n|switch|p1a: Wo-Chien|Wo-Chien, L83|277/277\n|-ability|p1a: Wo-Chien|Tablets of Ruin\n|move|p2a: Pincurchin|Liquidation|p1a: Wo-Chien\n|-resisted|p1a: Wo-Chien\n|-damage|p1a: Wo-Chien|248/277\n|\n|-heal|p1a: Wo-Chien|265/277|[from] item: Leftovers\n|-heal|p2a: Pincurchin|171/258|[from] item: Leftovers\n|upkeep\n|turn|10\n|\n|t:|1781447243\n|switch|p2a: Passimian|Passimian, L83, F|302/302\n|-damage|p2a: Passimian|252/302|[from] Spikes\n|move|p1a: Wo-Chien|Leech Seed|p2a: Passimian\n|-start|p2a: Passimian|move: Leech Seed\n|\n|-heal|p1a: Wo-Chien|277/277|[from] item: Leftovers\n|-damage|p2a: Passimian|215/302|[from] Leech Seed|[of] p1a: Wo-Chien\n|upkeep\n|turn|11\n|\n|t:|1781447251\n|move|p1a: Wo-Chien|Protect|p1a: Wo-Chien\n|-singleturn|p1a: Wo-Chien|Protect\n|move|p2a: Passimian|Drain Punch|p1a: Wo-Chien\n|-activate|p1a: Wo-Chien|move: Protect\n|\n|-damage|p2a: Passimian|178/302|[from] Leech Seed|[of] p1a: Wo-Chien\n|upkeep\n|turn|12\n|\n|t:|1781447261\n|switch|p1a: Lumineon|Lumineon, L93, F|279/279\n|move|p2a: Passimian|Bulk Up|p2a: Passimian\n|-boost|p2a: Passimian|atk|1\n|-boost|p2a: Passimian|def|1\n|\n|-damage|p2a: Passimian|141/302|[from] Leech Seed|[of] p1a: Lumineon\n|-fieldend|move: Electric Terrain\n|upkeep\n|turn|13\n|\n|t:|1781447275\n|move|p1a: Lumineon|Alluring Voice|p2a: Passimian\n|-supereffective|p2a: Passimian\n|-damage|p2a: Passimian|0 fnt\n|faint|p2a: Passimian\n|-damage|p1a: Lumineon|252/279|[from] item: Life Orb\n|\n|upkeep\n|\n|t:|1781447291\n|switch|p2a: Pincurchin|Pincurchin, F|171/258\n|-damage|p2a: Pincurchin|128/258|[from] Spikes\n|-fieldstart|move: Electric Terrain|[from] ability: Electric Surge|[of] p2a: Pincurchin\n|turn|14\n|\n|t:|1781447300\n|switch|p1a: Wo-Chien|Wo-Chien, L83|277/277\n|-ability|p1a: Wo-Chien|Tablets of Ruin\n|move|p2a: Pincurchin|Recover|p2a: Pincurchin\n|-heal|p2a: Pincurchin|257/258\n|\n|-heal|p2a: Pincurchin|258/258|[from] item: Leftovers\n|upkeep\n|turn|15\n|inactive|bimiuchiratnhieu has 120 seconds left.\n|\n|t:|1781447333\n|switch|p2a: Dragonite|Dragonite, L74, M|257/257\n|move|p1a: Wo-Chien|Knock Off|p2a: Dragonite\n|-damage|p2a: Dragonite|207/257\n|-enditem|p2a: Dragonite|Heavy-Duty Boots|[from] move: Knock Off|[of] p1a: Wo-Chien\n|\n|upkeep\n|turn|16\n|\n|t:|1781447343\n|switch|p1a: Avalugg|Avalugg-Hisui, L90, F|233/317\n|move|p2a: Dragonite|Dragon Dance|p2a: Dragonite\n|-boost|p2a: Dragonite|atk|1\n|-boost|p2a: Dragonite|spe|1\n|\n|upkeep\n|turn|17\n|inactive|bimiuchiratnhieu has 120 seconds left.\n|\n|t:|1781447376\n|switch|p2a: Azumarill|Azumarill, L82, M|207/298 tox\n|-damage|p2a: Azumarill|158/298 tox|[from] Spikes\n|move|p1a: Avalugg|Avalanche|p2a: Azumarill\n|-resisted|p2a: Azumarill\n|-damage|p2a: Azumarill|110/298 tox\n|\n|-damage|p2a: Azumarill|92/298 tox|[from] psn\n|upkeep\n|turn|18\n|\n|t:|1781447383\n|switch|p1a: Quagsire|Quagsire, L84, F|82/297\n|move|p2a: Azumarill|Play Rough|p1a: Quagsire\n|-damage|p1a: Quagsire|0 fnt\n|faint|p1a: Quagsire\n|\n|-damage|p2a: Azumarill|56/298 tox|[from] psn\n|-fieldend|move: Electric Terrain\n|upkeep\n|\n|t:|1781447397\n|switch|p1a: Lumineon|Lumineon, L93, F|252/279\n|turn|19\n|\n|t:|1781447399\n|move|p1a: Lumineon|Alluring Voice|p2a: Azumarill\n|-damage|p2a: Azumarill|0 fnt\n|faint|p2a: Azumarill\n|-damage|p1a: Lumineon|225/279|[from] item: Life Orb\n|\n|upkeep\n|\n|t:|1781447414\n|switch|p2a: Pincurchin|Pincurchin, F|258/258\n|-damage|p2a: Pincurchin|215/258|[from] Spikes\n|-fieldstart|move: Electric Terrain|[from] ability: Electric Surge|[of] p2a: Pincurchin\n|turn|20\n|\n|t:|1781447417\n|switch|p1a: Wo-Chien|Wo-Chien, L83|277/277\n|-ability|p1a: Wo-Chien|Tablets of Ruin\n|move|p2a: Pincurchin|Curse|p2a: Pincurchin\n|-unboost|p2a: Pincurchin|spe|1\n|-boost|p2a: Pincurchin|atk|1\n|-boost|p2a: Pincurchin|def|1\n|\n|-heal|p2a: Pincurchin|231/258|[from] item: Leftovers\n|upkeep\n|turn|21\n|\n|t:|1781447424\n|move|p1a: Wo-Chien|Leech Seed|p2a: Pincurchin\n|-start|p2a: Pincurchin|move: Leech Seed\n|move|p2a: Pincurchin|Curse|p2a: Pincurchin\n|-unboost|p2a: Pincurchin|spe|1\n|-boost|p2a: Pincurchin|atk|1\n|-boost|p2a: Pincurchin|def|1\n|\n|-heal|p2a: Pincurchin|247/258|[from] item: Leftovers\n|-damage|p2a: Pincurchin|215/258|[from] Leech Seed|[of] p1a: Wo-Chien\n|upkeep\n|turn|22\n|\n|t:|1781447427\n|move|p1a: Wo-Chien|Knock Off|p2a: Pincurchin\n|-damage|p2a: Pincurchin|179/258\n|-enditem|p2a: Pincurchin|Leftovers|[from] move: Knock Off|[of] p1a: Wo-Chien\n|move|p2a: Pincurchin|Zing Zap|p1a: Wo-Chien\n|-resisted|p1a: Wo-Chien\n|-damage|p1a: Wo-Chien|173/277\n|\n|-heal|p1a: Wo-Chien|190/277|[from] item: Leftovers\n|-damage|p2a: Pincurchin|147/258|[from] Leech Seed|[of] p1a: Wo-Chien\n|-heal|p1a: Wo-Chien|222/277|[silent]\n|upkeep\n|turn|23\n|\n|t:|1781447432\n|move|p1a: Wo-Chien|Ruination|p2a: Pincurchin\n|-damage|p2a: Pincurchin|74/258\n|move|p2a: Pincurchin|Recover|p2a: Pincurchin\n|-heal|p2a: Pincurchin|203/258\n|\n|-heal|p1a: Wo-Chien|239/277|[from] item: Leftovers\n|-damage|p2a: Pincurchin|171/258|[from] Leech Seed|[of] p1a: Wo-Chien\n|-heal|p1a: Wo-Chien|271/277|[silent]\n|upkeep\n|turn|24\n|\n|t:|1781447454\n|move|p1a: Wo-Chien|Ruination|p2a: Pincurchin\n|-damage|p2a: Pincurchin|86/258\n|move|p2a: Pincurchin|Curse|p2a: Pincurchin\n|-unboost|p2a: Pincurchin|spe|1\n|-boost|p2a: Pincurchin|atk|1\n|-boost|p2a: Pincurchin|def|1\n|\n|-heal|p1a: Wo-Chien|277/277|[from] item: Leftovers\n|-damage|p2a: Pincurchin|54/258|[from] Leech Seed|[of] p1a: Wo-Chien\n|-fieldend|move: Electric Terrain\n|upkeep\n|turn|25\n|\n|t:|1781447459\n|switch|p1a: Lumineon|Lumineon, L93, F|225/279\n|move|p2a: Pincurchin|Recover|p2a: Pincurchin\n|-heal|p2a: Pincurchin|183/258\n|\n|-damage|p2a: Pincurchin|151/258|[from] Leech Seed|[of] p1a: Lumineon\n|-heal|p1a: Lumineon|257/279|[silent]\n|upkeep\n|turn|26\n|\n|t:|1781447463\n|move|p1a: Lumineon|Encore|p2a: Pincurchin\n|-start|p2a: Pincurchin|Encore\n|move|p2a: Pincurchin|Recover|p2a: Pincurchin\n|-heal|p2a: Pincurchin|258/258\n|\n|-damage|p2a: Pincurchin|226/258|[from] Leech Seed|[of] p1a: Lumineon\n|-heal|p1a: Lumineon|279/279|[silent]\n|upkeep\n|turn|27\n|\n|t:|1781447472\n|switch|p2a: Dragonite|Dragonite, L74, M|207/257\n|move|p1a: Lumineon|Hydro Pump|p2a: Dragonite\n|-resisted|p2a: Dragonite\n|-damage|p2a: Dragonite|137/257\n|-damage|p1a: Lumineon|252/279|[from] item: Life Orb\n|\n|upkeep\n|turn|28\n|\n|t:|1781447475\n|move|p1a: Lumineon|Ice Beam|p2a: Dragonite\n|-supereffective|p2a: Dragonite\n|-damage|p2a: Dragonite|0 fnt\n|faint|p2a: Dragonite\n|-damage|p1a: Lumineon|225/279|[from] item: Life Orb\n|\n|upkeep\n|\n|t:|1781447479\n|switch|p2a: Deoxys|Deoxys-Attack, L72|191/191\n|-damage|p2a: Deoxys|160/191|[from] Spikes\n|-ability|p2a: Deoxys|Pressure\n|turn|29\n|\n|t:|1781447490\n|switch|p1a: Avalugg|Avalugg-Hisui, L90, F|233/317\n|move|p2a: Deoxys|Superpower|p1a: Avalugg\n|-supereffective|p1a: Avalugg\n|-damage|p1a: Avalugg|0 fnt\n|-unboost|p2a: Deoxys|atk|1\n|-unboost|p2a: Deoxys|def|1\n|faint|p1a: Avalugg\n|-damage|p2a: Deoxys|141/191|[from] item: Life Orb\n|\n|upkeep\n|\n|t:|1781447507\n|switch|p1a: Girafarig|Girafarig, L89, F|269/269\n|turn|30\n|\n|t:|1781447513\n|switch|p2a: Pincurchin|Pincurchin, F|226/258\n|-damage|p2a: Pincurchin|183/258|[from] Spikes\n|-fieldstart|move: Electric Terrain|[from] ability: Electric Surge|[of] p2a: Pincurchin\n|move|p1a: Girafarig|Hyper Voice|p2a: Pincurchin\n|-damage|p2a: Pincurchin|92/258\n|\n|upkeep\n|turn|31\n|\n|t:|1781447518\n|move|p1a: Girafarig|Nasty Plot|p1a: Girafarig\n|-boost|p1a: Girafarig|spa|2\n|move|p2a: Pincurchin|Recover|p2a: Pincurchin\n|-heal|p2a: Pincurchin|221/258\n|\n|upkeep\n|turn|32\n|\n|t:|1781447535\n|move|p1a: Girafarig|Nasty Plot|p1a: Girafarig\n|-boost|p1a: Girafarig|spa|2\n|move|p2a: Pincurchin|Zing Zap|p1a: Girafarig\n|-damage|p1a: Girafarig|148/269\n|\n|upkeep\n|turn|33\n|\n|t:|1781447541\n|move|p1a: Girafarig|Hyper Voice|p2a: Pincurchin\n|-damage|p2a: Pincurchin|0 fnt\n|faint|p2a: Pincurchin\n|\n|upkeep\n|\n|t:|1781447548\n|switch|p2a: Electivire|Electivire, L84, M|263/263\n|-damage|p2a: Electivire|220/263|[from] Spikes\n|turn|34\n|\n|t:|1781447552\n|move|p2a: Electivire|Supercell Slam|p1a: Girafarig\n|-damage|p1a: Girafarig|0 fnt\n|faint|p1a: Girafarig\n|-damage|p2a: Electivire|194/263|[from] item: Life Orb\n|\n|-fieldend|move: Electric Terrain\n|upkeep\n|\n|t:|1781447559\n|switch|p1a: Wo-Chien|Wo-Chien, L83|277/277\n|-ability|p1a: Wo-Chien|Tablets of Ruin\n|turn|35\n|\n|t:|1781447578\n|move|p2a: Electivire|Bulk Up|p2a: Electivire\n|-boost|p2a: Electivire|atk|1\n|-boost|p2a: Electivire|def|1\n|move|p1a: Wo-Chien|Knock Off|p2a: Electivire\n|-damage|p2a: Electivire|119/263\n|-enditem|p2a: Electivire|Life Orb|[from] move: Knock Off|[of] p1a: Wo-Chien\n|\n|upkeep\n|turn|36\n|\n|t:|1781447585\n|move|p2a: Electivire|Ice Punch|p1a: Wo-Chien\n|-supereffective|p1a: Wo-Chien\n|-damage|p1a: Wo-Chien|145/277\n|move|p1a: Wo-Chien|Leech Seed|p2a: Electivire|[miss]\n|-miss|p1a: Wo-Chien|p2a: Electivire\n|\n|-heal|p1a: Wo-Chien|162/277|[from] item: Leftovers\n|upkeep\n|turn|37\n|\n|t:|1781447602\n|move|p1a: Wo-Chien|Protect|p1a: Wo-Chien\n|-singleturn|p1a: Wo-Chien|Protect\n|move|p2a: Electivire|Ice Punch|p1a: Wo-Chien\n|-activate|p1a: Wo-Chien|move: Protect\n|\n|-heal|p1a: Wo-Chien|179/277|[from] item: Leftovers\n|upkeep\n|turn|38\n|\n|t:|1781447608\n|move|p2a: Electivire|Ice Punch|p1a: Wo-Chien\n|-supereffective|p1a: Wo-Chien\n|-damage|p1a: Wo-Chien|41/277\n|move|p1a: Wo-Chien|Leech Seed|p2a: Electivire\n|-start|p2a: Electivire|move: Leech Seed\n|\n|-heal|p1a: Wo-Chien|58/277|[from] item: Leftovers\n|-damage|p2a: Electivire|87/263|[from] Leech Seed|[of] p1a: Wo-Chien\n|-heal|p1a: Wo-Chien|90/277|[silent]\n|upkeep\n|turn|39\n|inactive|bimiuchiratnhieu has 120 seconds left.\n|inactive|bimiuchiratnhieu has 90 seconds left.\n|\n|t:|1781447670\n|move|p2a: Electivire|Supercell Slam|p1a: Wo-Chien\n|-resisted|p1a: Wo-Chien\n|-damage|p1a: Wo-Chien|23/277\n|move|p1a: Wo-Chien|Knock Off|p2a: Electivire\n|-damage|p2a: Electivire|41/263\n|\n|-heal|p1a: Wo-Chien|40/277|[from] item: Leftovers\n|-damage|p2a: Electivire|9/263|[from] Leech Seed|[of] p1a: Wo-Chien\n|-heal|p1a: Wo-Chien|72/277|[silent]\n|upkeep\n|turn|40\n|\n|t:|1781447676\n|move|p1a: Wo-Chien|Protect|p1a: Wo-Chien\n|-singleturn|p1a: Wo-Chien|Protect\n|move|p2a: Electivire|Ice Punch|p1a: Wo-Chien\n|-activate|p1a: Wo-Chien|move: Protect\n|\n|-heal|p1a: Wo-Chien|89/277|[from] item: Leftovers\n|-damage|p2a: Electivire|0 fnt|[from] Leech Seed|[of] p1a: Wo-Chien\n|-heal|p1a: Wo-Chien|98/277|[silent]\n|faint|p2a: Electivire\n|upkeep\n|\n|t:|1781447678\n|switch|p2a: Deoxys|Deoxys-Attack, L72|141/191\n|-damage|p2a: Deoxys|110/191|[from] Spikes\n|-ability|p2a: Deoxys|Pressure\n|turn|41\n|\n|t:|1781447692\n|move|p2a: Deoxys|Ice Beam|p1a: Wo-Chien\n|-supereffective|p1a: Wo-Chien\n|-damage|p1a: Wo-Chien|0 fnt\n|faint|p1a: Wo-Chien\n|-damage|p2a: Deoxys|91/191|[from] item: Life Orb\n|\n|upkeep\n|\n|t:|1781447702\n|switch|p1a: Lumineon|Lumineon, L93, F|225/279\n|turn|42\n|inactive|bimiuchiratnhieu has 120 seconds left.\n|\n|t:|1781447736\n|-terastallize|p2a: Deoxys|Psychic\n|move|p2a: Deoxys|Superpower|p1a: Lumineon\n|-damage|p1a: Lumineon|81/279\n|-unboost|p2a: Deoxys|atk|1\n|-unboost|p2a: Deoxys|def|1\n|-damage|p2a: Deoxys|72/191|[from] item: Life Orb\n|move|p1a: Lumineon|Alluring Voice|p2a: Deoxys\n|-damage|p2a: Deoxys|0 fnt\n|faint|p2a: Deoxys\n|-damage|p1a: Lumineon|54/279|[from] item: Life Orb\n|\n|win|dr necrotizer\n", "inputlog": ">version a8376a258c1d4662feba110a92103f3664a72141\n>start {\"formatid\":\"gen9randombattle\",\"seed\":\"sodium,63e36f6f5b8fe34024cac48dc19d0753\",\"rated\":\"Rated battle\"}\n>player p1 {\"name\":\"dr necrotizer\",\"avatar\":\"102\",\"rating\":2060,\"seed\":\"sodium,c42dc82d10319f4a76cac3abc627ee93\"}\n>player p2 {\"name\":\"bimiuchiratnhieu\",\"avatar\":\"hilda\",\"rating\":2108,\"seed\":\"sodium,993f311d8a501c36777edf79ed9050c6\"}\n>p1 move knockoff\n>p2 switch 3\n>p1 switch 4\n>p2 move bulkup\n>p1 move spikes\n>p2 move knockoff\n>p1 move recover\n>p2 move drainpunch\n>p1 move spikes\n>p2 switch 4\n>p1 move toxic\n>p2 move playrough\n>p1 switch 5\n>p2 move playrough\n>p1 move avalanche\n>p2 switch 3\n>p1 switch 4\n>p2 move liquidation\n>p1 move leechseed\n>p2 switch 4\n>p1 move protect\n>p2 move drainpunch\n>p1 switch 2\n>p2 move bulkup\n>p1 move alluringvoice\n>p2 move drainpunch\n>p2 switch 4\n>p1 switch 2\n>p2 move recover\n>p1 move knockoff\n>p2 switch 6\n>p1 switch 4\n>p2 move dragondance\n>p1 move avalanche\n>p2 switch 3\n>p1 switch 5\n>p2 move playrough\n>p1 switch 2\n>p1 move alluringvoice\n>p2 move playrough\n>p2 switch 6\n>p1 switch 4\n>p2 move curse\n>p1 move leechseed\n>p2 move curse\n>p1 move knockoff\n>p2 move zingzap\n>p1 move ruination\n>p2 move recover\n>p1 move ruination\n>p2 move curse\n>p1 switch 4\n>p2 move recover\n>p1 move encore\n>p2 move zingzap\n>p1 move hydropump\n>p2 switch 3\n>p1 move icebeam\n>p2 move roost\n>p2 switch 5\n>p1 switch 5\n>p2 move superpower\n>p1 switch 3\n>p1 move hypervoice\n>p2 switch 3\n>p1 move nastyplot\n>p2 move recover\n>p1 move nastyplot\n>p2 move zingzap\n>p1 move hypervoice\n>p2 move zingzap\n>p2 switch 2\n>p1 move psyshock\n>p2 move supercellslam\n>p1 switch 4\n>p1 move knockoff\n>p2 move bulkup\n>p1 move leechseed\n>p2 move icepunch\n>p1 move protect\n>p2 move icepunch\n>p1 move leechseed\n>p2 move icepunch\n>p1 move knockoff\n>p2 move supercellslam\n>p1 move protect\n>p2 move icepunch\n>p2 switch 3\n>p1 move knockoff\n>p2 move icebeam\n>p1 switch 5\n>p1 move alluringvoice\n>p2 move superpower terastallize", "uploadtime": 1781447142, "views": 6, "formatid": "gen9randombattle", "rating": null, "private": 0, "password": null, "player_dets": [{"name": "dr necrotizer", "avatar": "102", "rating": 2060, "seed": "sodium,c42dc82d10319f4a76cac3abc627ee93"}, {"name": "bimiuchiratnhieu", "avatar": "hilda", "rating": 2108, "seed": "sodium,993f311d8a501c36777edf79ed9050c6"}], "teams_full": [{"Wo-Chien": {"name": "Wo-Chien", "species": "Wo-Chien", "speciesId": "wochien", "gender": "N", "shiny": false, "level": 83, "moves": ["leechseed", "knockoff", "ruination", "protect"], "ability": "Tablets of Ruin", "evs": {"hp": 85, "atk": 85, "def": 85, "spa": 85, "spd": 85, "spe": 85}, "ivs": {"hp": 31, "atk": 31, "def": 31, "spa": 31, "spd": 31, "spe": 31}, "item": "Leftovers", "teraType": "Poison", "role": "Bulky Support", "bvs": {"hp": 85, "atk": 85, "def": 100, "spa": 95, "spd": 135, "spe": 70}, "stats": {"hp": 277, "atk": 189, "def": 214, "spa": 205, "spd": 272, "spe": 164}, "types": ["Dark", "Grass"]}, "Lumineon": {"name": "Lumineon", "species": "Lumineon", "speciesId": "lumineon", "gender": "F", "shiny": false, "level": 93, "moves": ["alluringvoice", "icebeam", "hydropump", "encore"], "ability": "Storm Drain", "evs": {"hp": 85, "atk": 0, "def": 85, "spa": 85, "spd": 85, "spe": 85}, "ivs": {"hp": 31, "atk": 0, "def": 31, "spa": 31, "spd": 31, "spe": 31}, "item": "Life Orb", "teraType": "Water", "role": "Fast Attacker", "bvs": {"hp": 69, "atk": 69, "def": 76, "spa": 69, "spd": 86, "spe": 91}, "stats": {"hp": 279, "atk": 133, "def": 194, "spa": 181, "spd": 213, "spe": 222}, "types": ["Water"]}, "Girafarig": {"name": "Girafarig", "species": "Girafarig", "speciesId": "girafarig", "gender": "F", "shiny": false, "level": 89, "moves": ["hypervoice", "psyshock", "thunderbolt", "nastyplot"], "ability": "Sap Sipper", "evs": {"hp": 85, "atk": 0, "def": 85, "spa": 85, "spd": 85, "spe": 85}, "ivs": {"hp": 31, "atk": 0, "def": 31, "spa": 31, "spd": 31, "spe": 31}, "item": "Eviolite", "teraType": "Normal", "role": "Fast Bulky Setup", "bvs": {"hp": 70, "atk": 80, "def": 65, "spa": 90, "spd": 65, "spe": 85}, "stats": {"hp": 269, "atk": 147, "def": 166, "spa": 211, "spd": 166, "spe": 202}, "types": ["Normal", "Psychic"]}, "Quagsire": {"name": "Quagsire", "species": "Quagsire", "speciesId": "quagsire", "gender": "F", "shiny": false, "level": 84, "moves": ["earthquake", "spikes", "toxic", "recover"], "ability": "Unaware", "evs": {"hp": 85, "atk": 85, "def": 85, "spa": 85, "spd": 85, "spe": 85}, "ivs": {"hp": 31, "atk": 31, "def": 31, "spa": 31, "spd": 31, "spe": 31}, "item": "Leftovers", "teraType": "Steel", "role": "Bulky Support", "bvs": {"hp": 95, "atk": 85, "def": 85, "spa": 65, "spd": 65, "spe": 35}, "stats": {"hp": 297, "atk": 191, "def": 191, "spa": 157, "spd": 157, "spe": 107}, "types": ["Water", "Ground"]}, "Avalugg": {"name": "Avalugg", "species": "Avalugg-Hisui", "speciesId": "avalugghisui", "gender": "F", "shiny": false, "level": 90, "moves": ["avalanche", "rapidspin", "recover", "stoneedge"], "ability": "Sturdy", "evs": {"hp": 85, "atk": 85, "def": 85, "spa": 85, "spd": 85, "spe": 85}, "ivs": {"hp": 31, "atk": 31, "def": 31, "spa": 31, "spd": 31, "spe": 31}, "item": "Heavy-Duty Boots", "teraType": "Flying", "role": "Bulky Attacker", "bvs": {"hp": 95, "atk": 127, "def": 184, "spa": 34, "spd": 36, "spe": 38}, "stats": {"hp": 317, "atk": 280, "def": 383, "spa": 113, "spd": 116, "spe": 120}, "types": ["Ice", "Rock"]}, "Beartic": {"name": "Beartic", "species": "Beartic", "speciesId": "beartic", "gender": "M", "shiny": false, "level": 91, "moves": ["closecombat", "iciclecrash", "snowscape", "earthquake"], "ability": "Slush Rush", "evs": {"hp": 85, "atk": 85, "def": 85, "spa": 85, "spd": 85, "spe": 85}, "ivs": {"hp": 31, "atk": 31, "def": 31, "spa": 31, "spd": 31, "spe": 31}, "item": "Heavy-Duty Boots", "teraType": "Ground", "role": "Wallbreaker", "bvs": {"hp": 95, "atk": 130, "def": 80, "spa": 70, "spd": 80, "spe": 50}, "stats": {"hp": 321, "atk": 288, "def": 197, "spa": 179, "spd": 197, "spe": 143}, "types": ["Ice"]}}, {"Pincurchin": {"name": "Pincurchin", "species": "Pincurchin", "speciesId": "pincurchin", "gender": "F", "shiny": false, "level": 100, "moves": ["curse", "liquidation", "zingzap", "recover"], "ability": "Electric Surge", "evs": {"hp": 85, "atk": 85, "def": 85, "spa": 85, "spd": 85, "spe": 85}, "ivs": {"hp": 31, "atk": 31, "def": 31, "spa": 31, "spd": 31, "spe": 31}, "item": "Leftovers", "teraType": "Water", "role": "Bulky Setup", "bvs": {"hp": 48, "atk": 101, "def": 95, "spa": 91, "spd": 85, "spe": 15}, "stats": {"hp": 258, "atk": 259, "def": 247, "spa": 239, "spd": 227, "spe": 87}, "types": ["Electric"]}, "Electivire": {"name": "Electivire", "species": "Electivire", "speciesId": "electivire", "gender": "M", "shiny": false, "level": 84, "moves": ["supercellslam", "earthquake", "bulkup", "icepunch"], "ability": "Motor Drive", "evs": {"hp": 85, "atk": 85, "def": 85, "spa": 85, "spd": 85, "spe": 85}, "ivs": {"hp": 31, "atk": 31, "def": 31, "spa": 31, "spd": 31, "spe": 31}, "item": "Life Orb", "teraType": "Flying", "role": "Setup Sweeper", "bvs": {"hp": 75, "atk": 123, "def": 67, "spa": 95, "spd": 85, "spe": 95}, "stats": {"hp": 263, "atk": 255, "def": 161, "spa": 208, "spd": 191, "spe": 208}, "types": ["Electric"]}, "Passimian": {"name": "Passimian", "species": "Passimian", "speciesId": "passimian", "gender": "F", "shiny": false, "level": 83, "moves": ["drainpunch", "knockoff", "bulkup", "gunkshot"], "ability": "Defiant", "evs": {"hp": 85, "atk": 85, "def": 85, "spa": 85, "spd": 85, "spe": 85}, "ivs": {"hp": 31, "atk": 31, "def": 31, "spa": 31, "spd": 31, "spe": 31}, "item": "Leftovers", "teraType": "Poison", "role": "Bulky Setup", "bvs": {"hp": 100, "atk": 120, "def": 90, "spa": 40, "spd": 60, "spe": 80}, "stats": {"hp": 302, "atk": 247, "def": 197, "spa": 114, "spd": 147, "spe": 180}, "types": ["Fighting"]}, "Azumarill": {"name": "Azumarill", "species": "Azumarill", "speciesId": "azumarill", "gender": "M", "shiny": false, "level": 82, "moves": ["aquajet", "playrough", "superpower", "liquidation"], "ability": "Huge Power", "evs": {"hp": 85, "atk": 85, "def": 85, "spa": 85, "spd": 85, "spe": 85}, "ivs": {"hp": 31, "atk": 31, "def": 31, "spa": 31, "spd": 31, "spe": 31}, "item": "Choice Band", "teraType": "Water", "role": "Bulky Attacker", "bvs": {"hp": 100, "atk": 50, "def": 80, "spa": 60, "spd": 80, "spe": 50}, "stats": {"hp": 298, "atk": 129, "def": 178, "spa": 146, "spd": 178, "spe": 129}, "types": ["Water", "Fairy"]}, "Deoxys": {"name": "Deoxys", "species": "Deoxys-Attack", "speciesId": "deoxysattack", "gender": "N", "shiny": false, "level": 72, "moves": ["superpower", "icebeam", "psychoboost", "knockoff"], "ability": "Pressure", "evs": {"hp": 85, "atk": 85, "def": 85, "spa": 85, "spd": 85, "spe": 85}, "ivs": {"hp": 31, "atk": 31, "def": 31, "spa": 31, "spd": 31, "spe": 31}, "item": "Life Orb", "teraType": "Psychic", "role": "Wallbreaker", "bvs": {"hp": 50, "atk": 180, "def": 20, "spa": 180, "spd": 20, "spe": 150}, "stats": {"hp": 191, "atk": 301, "def": 71, "spa": 301, "spd": 71, "spe": 258}, "types": ["Psychic"]}, "Dragonite": {"name": "Dragonite", "species": "Dragonite", "speciesId": "dragonite", "gender": "M", "shiny": false, "level": 74, "moves": ["outrage", "earthquake", "roost", "dragondance"], "ability": "Multiscale", "evs": {"hp": 85, "atk": 85, "def": 85, "spa": 85, "spd": 85, "spe": 85}, "ivs": {"hp": 31, "atk": 31, "def": 31, "spa": 31, "spd": 31, "spe": 31}, "item": "Heavy-Duty Boots", "teraType": "Ground", "role": "Bulky Setup", "bvs": {"hp": 91, "atk": 134, "def": 95, "spa": 100, "spd": 100, "spe": 80}, "stats": {"hp": 257, "atk": 241, "def": 184, "spa": 191, "spd": 191, "spe": 161}, "types": ["Dragon", "Flying"]}}]}