{"id": "gen9randombattle-2631907195", "format": "[Gen 9] Random Battle", "players": ["Chicken347", "discodiscogoodgood"], "log": "|j|\u2606Chicken347\n|j|\u2606discodiscogoodgood\n|t:|1781454331\n|gametype|singles\n|player|p1|Chicken347|101|2016\n|player|p2|discodiscogoodgood|musician|2082\n|gen|9\n|tier|[Gen 9] Random Battle\n|rated|\n|rule|Species Clause: Limit one of each Pok\u00e9mon\n|rule|HP Percentage Mod: HP is shown in percentages\n|rule|Sleep Clause Mod: Limit one foe put to sleep\n|rule|Illusion Level Mod: Illusion disguises the Pok\u00e9mon's true level\n|\n|t:|1781454331\n|teamsize|p1|6\n|teamsize|p2|6\n|start\n|switch|p1a: Hawlucha|Hawlucha, L80, M|256/256\n|switch|p2a: Oinkologne|Oinkologne-F, L92, F|361/361\n|turn|1\n|inactive|Battle timer is ON: inactive players will automatically lose when time's up. (requested by Chicken347)\n|\n|t:|1781454361\n|switch|p1a: Bisharp|Bisharp, L79, F|232/232\n|switch|p2a: Altaria|Altaria, L89, F|278/278\n|\n|upkeep\n|turn|2\n|\n|t:|1781454367\n|move|p2a: Altaria|Will-O-Wisp|p1a: Bisharp\n|-status|p1a: Bisharp|brn\n|move|p1a: Bisharp|Stealth Rock|p2a: Altaria\n|-sidestart|p2: discodiscogoodgood|move: Stealth Rock\n|\n|-damage|p1a: Bisharp|218/232 brn|[from] brn\n|upkeep\n|turn|3\n|\n|t:|1781454386\n|switch|p1a: Wyrdeer|Wyrdeer, L87, M|321/321\n|-ability|p1a: Wyrdeer|Intimidate|boost\n|-unboost|p2a: Altaria|atk|1\n|move|p2a: Altaria|Defog|p1a: Wyrdeer\n|-unboost|p1a: Wyrdeer|evasion|1\n|-sideend|p2: discodiscogoodgood|Stealth Rock|[from] move: Defog|[of] p2a: Altaria\n|\n|upkeep\n|turn|4\n|inactive|discodiscogoodgood has 120 seconds left.\n|\n|t:|1781454416\n|switch|p2a: Oricorio|Oricorio-Pom-Pom, L82, M|257/257\n|switch|p1a: Bisharp|Bisharp, L79, F|218/232 brn\n|\n|-damage|p1a: Bisharp|204/232 brn|[from] brn\n|upkeep\n|turn|5\n|\n|t:|1781454442\n|switch|p1a: Wyrdeer|Wyrdeer, L87, M|321/321\n|-ability|p1a: Wyrdeer|Intimidate|boost\n|-unboost|p2a: Oricorio|atk|1\n|move|p2a: Oricorio|Revelation Dance|p1a: Wyrdeer\n|-damage|p1a: Wyrdeer|225/321\n|\n|-heal|p1a: Wyrdeer|245/321|[from] item: Leftovers\n|upkeep\n|turn|6\n|inactive|discodiscogoodgood has 120 seconds left.\n|\n|t:|1781454473\n|move|p2a: Oricorio|Hurricane|p1a: Wyrdeer\n|-damage|p1a: Wyrdeer|131/321\n|-start|p1a: Wyrdeer|confusion\n|-activate|p1a: Wyrdeer|confusion\n|-damage|p1a: Wyrdeer|96/321|[from] confusion\n|\n|-heal|p1a: Wyrdeer|116/321|[from] item: Leftovers\n|upkeep\n|turn|7\n|\n|t:|1781454479\n|move|p2a: Oricorio|Hurricane|p1a: Wyrdeer|[miss]\n|-miss|p2a: Oricorio|p1a: Wyrdeer\n|-activate|p1a: Wyrdeer|confusion\n|-damage|p1a: Wyrdeer|77/321|[from] confusion\n|\n|-heal|p1a: Wyrdeer|97/321|[from] item: Leftovers\n|upkeep\n|turn|8\n|\n|t:|1781454483\n|move|p2a: Oricorio|Hurricane|p1a: Wyrdeer|[miss]\n|-miss|p2a: Oricorio|p1a: Wyrdeer\n|-activate|p1a: Wyrdeer|confusion\n|move|p1a: Wyrdeer|Body Slam|p2a: Oricorio\n|-damage|p2a: Oricorio|127/257\n|\n|-heal|p1a: Wyrdeer|117/321|[from] item: Leftovers\n|upkeep\n|turn|9\n|\n|t:|1781454488\n|switch|p2a: Altaria|Altaria, L89, F|278/278\n|-activate|p1a: Wyrdeer|confusion\n|move|p1a: Wyrdeer|Psychic Noise|p2a: Altaria\n|-damage|p2a: Altaria|205/278\n|-start|p2a: Altaria|move: Heal Block\n|\n|-heal|p1a: Wyrdeer|137/321|[from] item: Leftovers\n|upkeep\n|turn|10\n|\n|t:|1781454497\n|switch|p1a: Bisharp|Bisharp, L79, F|204/232 brn\n|move|p2a: Altaria|Will-O-Wisp|p1a: Bisharp|[miss]\n|-miss|p2a: Altaria|p1a: Bisharp\n|\n|-damage|p1a: Bisharp|190/232 brn|[from] brn\n|-end|p2a: Altaria|move: Heal Block\n|upkeep\n|turn|11\n|\n|t:|1781454509\n|switch|p2a: Kyogre|Kyogre, L71|259/259\n|-weather|RainDance|[from] ability: Drizzle|[of] p2a: Kyogre\n|move|p1a: Bisharp|Stealth Rock|p2a: Kyogre\n|-sidestart|p2: discodiscogoodgood|move: Stealth Rock\n|\n|-weather|RainDance|[upkeep]\n|-damage|p1a: Bisharp|176/232 brn|[from] brn\n|upkeep\n|turn|12\n|\n|t:|1781454519\n|move|p2a: Kyogre|Calm Mind|p2a: Kyogre\n|-boost|p2a: Kyogre|spa|1\n|-boost|p2a: Kyogre|spd|1\n|move|p1a: Bisharp|Throat Chop|p2a: Kyogre\n|-damage|p2a: Kyogre|205/259\n|-start|p2a: Kyogre|Throat Chop|[silent]\n|\n|-weather|RainDance|[upkeep]\n|-heal|p2a: Kyogre|221/259|[from] item: Leftovers\n|-damage|p1a: Bisharp|162/232 brn|[from] brn\n|upkeep\n|turn|13\n|\n|t:|1781454527\n|move|p2a: Kyogre|Thunder|p1a: Bisharp\n|-damage|p1a: Bisharp|63/232 brn\n|move|p1a: Bisharp|Throat Chop|p2a: Kyogre\n|-damage|p2a: Kyogre|167/259\n|\n|-weather|RainDance|[upkeep]\n|-heal|p2a: Kyogre|183/259|[from] item: Leftovers\n|-damage|p1a: Bisharp|49/232 brn|[from] brn\n|-end|p2a: Kyogre|Throat Chop|[silent]\n|upkeep\n|turn|14\n|\n|t:|1781454533\n|move|p1a: Bisharp|Sucker Punch||[still]\n|-fail|p1a: Bisharp\n|move|p2a: Kyogre|Calm Mind|p2a: Kyogre\n|-boost|p2a: Kyogre|spa|1\n|-boost|p2a: Kyogre|spd|1\n|\n|-weather|RainDance|[upkeep]\n|-heal|p2a: Kyogre|199/259|[from] item: Leftovers\n|-damage|p1a: Bisharp|35/232 brn|[from] brn\n|upkeep\n|turn|15\n|\n|t:|1781454536\n|move|p1a: Bisharp|Sucker Punch|p2a: Kyogre\n|-damage|p2a: Kyogre|152/259\n|move|p2a: Kyogre|Thunder|p1a: Bisharp\n|-damage|p1a: Bisharp|0 fnt\n|faint|p1a: Bisharp\n|\n|-weather|none\n|-heal|p2a: Kyogre|168/259|[from] item: Leftovers\n|upkeep\n|\n|t:|1781454548\n|switch|p1a: Haxorus|Haxorus, L77, F|244/244\n|-ability|p1a: Haxorus|Mold Breaker\n|turn|16\n|\n|t:|1781454556\n|move|p1a: Haxorus|Scale Shot|p2a: Kyogre\n|-damage|p2a: Kyogre|128/259\n|-damage|p2a: Kyogre|92/259\n|-damage|p2a: Kyogre|58/259\n|-damage|p2a: Kyogre|21/259\n|-hitcount|p2a: Kyogre|4\n|-unboost|p1a: Haxorus|def|1\n|-boost|p1a: Haxorus|spe|1\n|move|p2a: Kyogre|Ice Beam|p1a: Haxorus\n|-supereffective|p1a: Haxorus\n|-damage|p1a: Haxorus|0 fnt\n|faint|p1a: Haxorus\n|\n|-heal|p2a: Kyogre|37/259|[from] item: Leftovers\n|upkeep\n|\n|t:|1781454569\n|switch|p1a: Hawlucha|Hawlucha, L80, M|256/256\n|turn|17\n|\n|t:|1781454577\n|move|p1a: Hawlucha|Brave Bird|p2a: Kyogre\n|-damage|p2a: Kyogre|0 fnt\n|faint|p2a: Kyogre\n|-damage|p1a: Hawlucha|244/256|[from] Recoil\n|\n|upkeep\n|\n|t:|1781454581\n|switch|p2a: Altaria|Altaria, L89, F|205/278\n|turn|18\n|\n|t:|1781454586\n|switch|p1a: Indeedee|Indeedee, L84, M|238/238\n|-fieldstart|move: Psychic Terrain|[from] ability: Psychic Surge|[of] p1a: Indeedee\n|move|p2a: Altaria|Will-O-Wisp|p1a: Indeedee\n|-status|p1a: Indeedee|brn\n|\n|-damage|p1a: Indeedee|224/238 brn|[from] brn\n|upkeep\n|turn|19\n|\n|t:|1781454593\n|move|p1a: Indeedee|Expanding Force|p2a: Altaria\n|-damage|p2a: Altaria|0 fnt\n|faint|p2a: Altaria\n|\n|-damage|p1a: Indeedee|210/238 brn|[from] brn\n|upkeep\n|\n|t:|1781454598\n|switch|p2a: Cacturne|Cacturne, L92, F|278/278\n|-damage|p2a: Cacturne|244/278|[from] Stealth Rock\n|turn|20\n|\n|t:|1781454604\n|switch|p1a: Wyrdeer|Wyrdeer, L87, M|137/321\n|-ability|p1a: Wyrdeer|Intimidate|boost\n|-unboost|p2a: Cacturne|atk|1\n|move|p2a: Cacturne|Knock Off|p1a: Wyrdeer\n|-supereffective|p1a: Wyrdeer\n|-damage|p1a: Wyrdeer|0 fnt\n|-enditem|p1a: Wyrdeer|Leftovers|[from] move: Knock Off|[of] p2a: Cacturne\n|faint|p1a: Wyrdeer\n|-damage|p2a: Cacturne|217/278|[from] item: Life Orb\n|\n|upkeep\n|\n|t:|1781454630\n|switch|p1a: Falinks|Falinks, L84|246/246\n|turn|21\n|\n|t:|1781454636\n|move|p1a: Falinks|No Retreat|p1a: Falinks\n|-boost|p1a: Falinks|atk|1\n|-boost|p1a: Falinks|def|1\n|-boost|p1a: Falinks|spa|1\n|-boost|p1a: Falinks|spd|1\n|-boost|p1a: Falinks|spe|1\n|-start|p1a: Falinks|move: No Retreat\n|move|p2a: Cacturne|Leaf Storm|p1a: Falinks\n|-damage|p1a: Falinks|39/246\n|-unboost|p2a: Cacturne|spa|2\n|-damage|p2a: Cacturne|190/278|[from] item: Life Orb\n|\n|upkeep\n|turn|22\n|\n|t:|1781454654\n|switch|p2a: Oricorio|Oricorio-Pom-Pom, L82, M|127/257\n|move|p1a: Falinks|Close Combat|p2a: Oricorio\n|-resisted|p2a: Oricorio\n|-damage|p2a: Oricorio|0 fnt\n|-unboost|p1a: Falinks|def|1\n|-unboost|p1a: Falinks|spd|1\n|faint|p2a: Oricorio\n|-damage|p1a: Falinks|15/246|[from] item: Life Orb\n|\n|-fieldend|move: Psychic Terrain\n|upkeep\n|\n|t:|1781454659\n|switch|p2a: Garganacl|Garganacl, L80, M|291/291\n|-damage|p2a: Garganacl|255/291|[from] Stealth Rock\n|turn|23\n|\n|t:|1781454665\n|move|p1a: Falinks|Iron Head|p2a: Garganacl\n|-supereffective|p2a: Garganacl\n|-damage|p2a: Garganacl|73/291\n|-damage|p1a: Falinks|0 fnt|[from] item: Life Orb\n|faint|p1a: Falinks\n|move|p2a: Garganacl|Stealth Rock|p1: Falinks\n|-sidestart|p1: Chicken347|move: Stealth Rock\n|\n|-heal|p2a: Garganacl|91/291|[from] item: Leftovers\n|upkeep\n|\n|t:|1781454675\n|switch|p1a: Indeedee|Indeedee, L84, M|210/238 brn\n|-damage|p1a: Indeedee|181/238 brn|[from] Stealth Rock\n|-fieldstart|move: Psychic Terrain|[from] ability: Psychic Surge|[of] p1a: Indeedee\n|turn|24\n|\n|t:|1781454682\n|move|p1a: Indeedee|Dazzling Gleam|p2a: Garganacl\n|-damage|p2a: Garganacl|4/291\n|move|p2a: Garganacl|Salt Cure|p1a: Indeedee\n|-damage|p1a: Indeedee|123/238 brn\n|-start|p1a: Indeedee|Salt Cure\n|\n|-heal|p2a: Garganacl|22/291|[from] item: Leftovers\n|-damage|p1a: Indeedee|109/238 brn|[from] brn\n|-damage|p1a: Indeedee|80/238 brn|[from] Salt Cure\n|upkeep\n|turn|25\n|\n|t:|1781454689\n|move|p1a: Indeedee|Dazzling Gleam|p2a: Garganacl\n|-damage|p2a: Garganacl|0 fnt\n|faint|p2a: Garganacl\n|\n|-damage|p1a: Indeedee|66/238 brn|[from] brn\n|-damage|p1a: Indeedee|37/238 brn|[from] Salt Cure\n|upkeep\n|\n|t:|1781454692\n|switch|p2a: Oinkologne|Oinkologne-F, L92, F|361/361\n|-damage|p2a: Oinkologne|316/361|[from] Stealth Rock\n|turn|26\n|\n|t:|1781454695\n|move|p1a: Indeedee|Dazzling Gleam|p2a: Oinkologne\n|-damage|p2a: Oinkologne|238/361\n|move|p2a: Oinkologne|Curse|p2a: Oinkologne\n|-unboost|p2a: Oinkologne|spe|1\n|-boost|p2a: Oinkologne|atk|1\n|-boost|p2a: Oinkologne|def|1\n|\n|-heal|p2a: Oinkologne|260/361|[from] item: Leftovers\n|-damage|p1a: Indeedee|23/238 brn|[from] brn\n|-damage|p1a: Indeedee|0 fnt|[from] Salt Cure\n|faint|p1a: Indeedee\n|upkeep\n|\n|t:|1781454698\n|switch|p1a: Hawlucha|Hawlucha, L80, M|244/256\n|-damage|p1a: Hawlucha|212/256|[from] Stealth Rock\n|turn|27\n|\n|t:|1781454703\n|-terastallize|p2a: Oinkologne|Poison\n|move|p1a: Hawlucha|Swords Dance|p1a: Hawlucha\n|-boost|p1a: Hawlucha|atk|2\n|move|p2a: Oinkologne|Body Slam|p1a: Hawlucha\n|-damage|p1a: Hawlucha|41/256\n|-status|p1a: Hawlucha|par\n|\n|-heal|p2a: Oinkologne|282/361|[from] item: Leftovers\n|upkeep\n|turn|28\n|\n|t:|1781454710\n|-terastallize|p1a: Hawlucha|Fighting\n|cant|p1a: Hawlucha|par\n|move|p2a: Oinkologne|Body Slam|p1a: Hawlucha\n|-damage|p1a: Hawlucha|0 fnt\n|faint|p1a: Hawlucha\n|\n|win|discodiscogoodgood\n", "uploadtime": 1781454333, "views": 4, "formatid": "gen9randombattle", "rating": null, "private": 0, "password": null}