{"id": "gen9randombattle-2631993390", "format": "[Gen 9] Random Battle", "players": ["perichor", "Jefejenaro"], "log": "|j|\u2606perichor\n|j|\u2606Jefejenaro\n|t:|1781463754\n|gametype|singles\n|player|p1|perichor|265|1949\n|player|p2|Jefejenaro|wallace|2043\n|gen|9\n|tier|[Gen 9] Random Battle\n|rated|\n|rule|Species Clause: Limit one of each Pok\u00e9mon\n|rule|HP Percentage Mod: HP is shown in percentages\n|rule|Sleep Clause Mod: Limit one foe put to sleep\n|rule|Illusion Level Mod: Illusion disguises the Pok\u00e9mon's true level\n|\n|t:|1781463754\n|teamsize|p1|6\n|teamsize|p2|6\n|start\n|switch|p1a: Hatterene|Hatterene, L85, F|236/236\n|switch|p2a: Serperior|Serperior, L79, F|248/248\n|turn|1\n|\n|t:|1781463768\n|move|p2a: Serperior|Leaf Storm|p1a: Hatterene\n|-damage|p1a: Hatterene|173/236\n|-boost|p2a: Serperior|spa|2\n|move|p1a: Hatterene|Nuzzle|p2a: Serperior\n|-resisted|p2a: Serperior\n|-damage|p2a: Serperior|241/248\n|-status|p2a: Serperior|par\n|\n|-heal|p2a: Serperior|248/248 par|[from] item: Leftovers\n|upkeep\n|turn|2\n|\n|t:|1781463775\n|switch|p1a: Dragalge|Dragalge, L88, M|258/258\n|move|p2a: Serperior|Leaf Storm|p1a: Dragalge\n|-resisted|p1a: Dragalge\n|-crit|p1a: Dragalge\n|-damage|p1a: Dragalge|219/258\n|-boost|p2a: Serperior|spa|2\n|\n|upkeep\n|turn|3\n|inactive|Battle timer is ON: inactive players will automatically lose when time's up. (requested by perichor)\n|\n|t:|1781463790\n|switch|p2a: Tatsugiri|Tatsugiri, L87, M|260/260\n|move|p1a: Dragalge|Sludge Wave|p2a: Tatsugiri\n|-damage|p2a: Tatsugiri|114/260\n|\n|upkeep\n|turn|4\n|\n|t:|1781463809\n|switch|p1a: Grimmsnarl|Grimmsnarl, L83, M|293/293\n|move|p2a: Tatsugiri|Draco Meteor|p1a: Grimmsnarl\n|-immune|p1a: Grimmsnarl\n|\n|upkeep\n|turn|5\n|\n|t:|1781463822\n|switch|p2a: Avalugg|Avalugg, L88, F|310/310\n|move|p1a: Grimmsnarl|Light Screen|p1a: Grimmsnarl\n|-sidestart|p1: perichor|move: Light Screen\n|\n|upkeep\n|turn|6\n|\n|t:|1781463835\n|move|p1a: Grimmsnarl|Parting Shot|p2a: Avalugg\n|-unboost|p2a: Avalugg|atk|1\n|-unboost|p2a: Avalugg|spa|1\n|\n|t:|1781463838\n|switch|p1a: Quagsire|Quagsire, L84, M|297/297|[from] Parting Shot\n|move|p2a: Avalugg|Curse|p2a: Avalugg\n|-unboost|p2a: Avalugg|spe|1\n|-boost|p2a: Avalugg|atk|1\n|-boost|p2a: Avalugg|def|1\n|\n|upkeep\n|turn|7\n|\n|t:|1781463845\n|switch|p2a: Serperior|Serperior, L79, F|248/248 par\n|move|p1a: Quagsire|Toxic|p2a: Serperior|[miss]\n|-miss|p1a: Quagsire|p2a: Serperior\n|\n|upkeep\n|turn|8\n|\n|t:|1781463850\n|switch|p1a: Dragalge|Dragalge, L88, M|219/258\n|move|p2a: Serperior|Substitute|p2a: Serperior\n|-start|p2a: Serperior|Substitute\n|-damage|p2a: Serperior|186/248 par\n|\n|-heal|p2a: Serperior|201/248 par|[from] item: Leftovers\n|upkeep\n|turn|9\n|\n|t:|1781463856\n|move|p1a: Dragalge|Sludge Wave|p2a: Serperior\n|-supereffective|p2a: Serperior\n|-end|p2a: Serperior|Substitute\n|move|p2a: Serperior|Leech Seed|p1a: Dragalge\n|-start|p1a: Dragalge|move: Leech Seed\n|\n|-heal|p2a: Serperior|216/248 par|[from] item: Leftovers\n|-damage|p1a: Dragalge|187/258|[from] Leech Seed|[of] p2a: Serperior\n|-heal|p2a: Serperior|248/248 par|[silent]\n|upkeep\n|turn|10\n|\n|t:|1781463871\n|move|p1a: Dragalge|Sludge Wave|p2a: Serperior\n|-supereffective|p2a: Serperior\n|-damage|p2a: Serperior|0 fnt\n|faint|p2a: Serperior\n|\n|upkeep\n|\n|t:|1781463884\n|switch|p2a: Avalugg|Avalugg, L88, F|310/310\n|turn|11\n|\n|t:|1781463890\n|switch|p1a: Quagsire|Quagsire, L84, M|297/297\n|move|p2a: Avalugg|Avalanche|p1a: Quagsire\n|-damage|p1a: Quagsire|212/297\n|\n|-heal|p1a: Quagsire|230/297|[from] item: Leftovers\n|upkeep\n|turn|12\n|\n|t:|1781463898\n|move|p1a: Quagsire|Toxic|p2a: Avalugg\n|-status|p2a: Avalugg|tox\n|move|p2a: Avalugg|Avalanche|p1a: Quagsire\n|-damage|p1a: Quagsire|146/297\n|\n|-heal|p1a: Quagsire|164/297|[from] item: Leftovers\n|-damage|p2a: Avalugg|291/310 tox|[from] psn\n|-sideend|p1: perichor|move: Light Screen\n|upkeep\n|turn|13\n|\n|t:|1781463903\n|switch|p2a: Tatsugiri|Tatsugiri, L87, M|114/260\n|move|p1a: Quagsire|Recover|p1a: Quagsire\n|-heal|p1a: Quagsire|297/297\n|\n|upkeep\n|turn|14\n|\n|t:|1781463910\n|switch|p1a: Grimmsnarl|Grimmsnarl, L83, M|293/293\n|move|p2a: Tatsugiri|Nasty Plot|p2a: Tatsugiri\n|-boost|p2a: Tatsugiri|spa|2\n|\n|upkeep\n|turn|15\n|\n|t:|1781463916\n|move|p1a: Grimmsnarl|Light Screen|p1a: Grimmsnarl\n|-sidestart|p1: perichor|move: Light Screen\n|move|p2a: Tatsugiri|Surf|p1a: Grimmsnarl\n|-damage|p1a: Grimmsnarl|155/293\n|\n|upkeep\n|turn|16\n|\n|t:|1781463926\n|move|p2a: Tatsugiri|Surf|p1a: Grimmsnarl\n|-damage|p1a: Grimmsnarl|12/293\n|move|p1a: Grimmsnarl|Spirit Break|p2a: Tatsugiri\n|-supereffective|p2a: Tatsugiri\n|-damage|p2a: Tatsugiri|0 fnt\n|faint|p2a: Tatsugiri\n|\n|upkeep\n|l|\u2606Jefejenaro\n|inactive|Jefejenaro disconnected and has a minute to reconnect!\n|player|p2|\n|j|\u2606Jefejenaro\n|inactive|Jefejenaro reconnected and has 110 seconds left.\n|player|p2|Jefejenaro|wallace|\n|l|\u2606Jefejenaro\n|inactive|Jefejenaro disconnected and has a minute to reconnect!\n|player|p2|\n|j|\u2606Jefejenaro\n|inactive|Jefejenaro reconnected and has 100 seconds left.\n|player|p2|Jefejenaro|wallace|\n|\n|t:|1781463980\n|switch|p2a: Sylveon|Sylveon, L85, F|300/300\n|turn|17\n|\n|t:|1781463993\n|move|p1a: Grimmsnarl|Parting Shot|p2a: Sylveon\n|-unboost|p2a: Sylveon|atk|1\n|-unboost|p2a: Sylveon|spa|1\n|\n|t:|1781463996\n|switch|p1a: Dragalge|Dragalge, L88, M|187/258|[from] Parting Shot\n|move|p2a: Sylveon|Hyper Voice|p1a: Dragalge\n|-damage|p1a: Dragalge|165/258\n|\n|upkeep\n|turn|18\n|\n|t:|1781464016\n|move|p2a: Sylveon|Protect|p2a: Sylveon\n|-singleturn|p2a: Sylveon|Protect\n|move|p1a: Dragalge|Sludge Wave|p2a: Sylveon\n|-activate|p2a: Sylveon|move: Protect\n|\n|upkeep\n|turn|19\n|inactive|Jefejenaro has 90 seconds left.\n|\n|t:|1781464051\n|move|p2a: Sylveon|Calm Mind|p2a: Sylveon\n|-boost|p2a: Sylveon|spa|1\n|-boost|p2a: Sylveon|spd|1\n|move|p1a: Dragalge|Sludge Wave|p2a: Sylveon\n|-supereffective|p2a: Sylveon\n|-damage|p2a: Sylveon|164/300\n|\n|-heal|p2a: Sylveon|182/300|[from] item: Leftovers\n|upkeep\n|turn|20\n|\n|t:|1781464062\n|switch|p1a: Quagsire|Quagsire, L84, M|297/297\n|move|p2a: Sylveon|Protect||[still]\n|-fail|p2a: Sylveon\n|\n|-heal|p2a: Sylveon|200/300|[from] item: Leftovers\n|upkeep\n|turn|21\n|inactive|Jefejenaro has 90 seconds left.\n|\n|t:|1781464068\n|move|p2a: Sylveon|Protect|p2a: Sylveon\n|-singleturn|p2a: Sylveon|Protect\n|move|p1a: Quagsire|Toxic|p2a: Sylveon\n|-activate|p2a: Sylveon|move: Protect\n|\n|-heal|p2a: Sylveon|218/300|[from] item: Leftovers\n|upkeep\n|turn|22\n|inactive|Jefejenaro has 90 seconds left.\n|\n|t:|1781464079\n|switch|p2a: Avalugg|Avalugg, L88, F|291/310 tox\n|move|p1a: Quagsire|Earthquake|p2a: Avalugg\n|-damage|p2a: Avalugg|245/310 tox\n|\n|-damage|p2a: Avalugg|226/310 tox|[from] psn\n|-sideend|p1: perichor|move: Light Screen\n|upkeep\n|turn|23\n|inactive|perichor has 120 seconds left.\n|\n|t:|1781464129\n|move|p1a: Quagsire|Earthquake|p2a: Avalugg\n|-damage|p2a: Avalugg|177/310 tox\n|move|p2a: Avalugg|Avalanche|p1a: Quagsire\n|-damage|p1a: Quagsire|128/297\n|\n|-heal|p1a: Quagsire|146/297|[from] item: Leftovers\n|-damage|p2a: Avalugg|139/310 tox|[from] psn\n|upkeep\n|turn|24\n|inactive|Jefejenaro has 90 seconds left.\n|\n|t:|1781464154\n|switch|p2a: Kyogre|Kyogre, L71|259/259\n|-weather|RainDance|[from] ability: Drizzle|[of] p2a: Kyogre\n|move|p1a: Quagsire|Recover|p1a: Quagsire\n|-heal|p1a: Quagsire|295/297\n|\n|-weather|RainDance|[upkeep]\n|-heal|p1a: Quagsire|297/297|[from] item: Leftovers\n|upkeep\n|turn|25\n|\n|t:|1781464170\n|switch|p1a: Dragalge|Dragalge, L88, M|165/258\n|-terastallize|p2a: Kyogre|Water\n|move|p2a: Kyogre|Water Spout|p1a: Dragalge\n|-resisted|p1a: Dragalge\n|-damage|p1a: Dragalge|77/258\n|\n|-weather|RainDance|[upkeep]\n|upkeep\n|turn|26\n|\n|t:|1781464179\n|move|p2a: Kyogre|Water Spout|p1a: Dragalge\n|-resisted|p1a: Dragalge\n|-damage|p1a: Dragalge|0 fnt\n|faint|p1a: Dragalge\n|\n|-weather|RainDance|[upkeep]\n|upkeep\n|\n|t:|1781464186\n|switch|p1a: Pawmot|Pawmot, L80, M|243/243\n|turn|27\n|\n|t:|1781464192\n|move|p2a: Kyogre|Water Spout|p1a: Pawmot\n|-damage|p1a: Pawmot|0 fnt\n|faint|p1a: Pawmot\n|\n|-weather|RainDance|[upkeep]\n|upkeep\n|\n|t:|1781464197\n|switch|p1a: Grimmsnarl|Grimmsnarl, L83, M|12/293\n|turn|28\n|\n|t:|1781464200\n|move|p1a: Grimmsnarl|Light Screen|p1a: Grimmsnarl\n|-sidestart|p1: perichor|move: Light Screen\n|move|p2a: Kyogre|Water Spout|p1a: Grimmsnarl\n|-damage|p1a: Grimmsnarl|0 fnt\n|faint|p1a: Grimmsnarl\n|\n|-weather|none\n|upkeep\n|\n|t:|1781464205\n|switch|p1a: Revavroom|Revavroom, L79, M|256/256\n|turn|29\n|inactive|Jefejenaro has 120 seconds left.\n|\n|t:|1781464244\n|switch|p2a: Avalugg|Avalugg, L88, F|139/310 tox\n|move|p1a: Revavroom|Shift Gear|p1a: Revavroom\n|-boost|p1a: Revavroom|spe|2\n|-boost|p1a: Revavroom|atk|1\n|\n|-damage|p2a: Avalugg|120/310 tox|[from] psn\n|upkeep\n|turn|30\n|\n|t:|1781464255\n|move|p1a: Revavroom|Shift Gear|p1a: Revavroom\n|-boost|p1a: Revavroom|spe|2\n|-boost|p1a: Revavroom|atk|1\n|move|p2a: Avalugg|Body Press|p1a: Revavroom\n|-damage|p1a: Revavroom|146/256\n|\n|-damage|p2a: Avalugg|82/310 tox|[from] psn\n|upkeep\n|turn|31\n|\n|t:|1781464260\n|move|p1a: Revavroom|Iron Head|p2a: Avalugg\n|-supereffective|p2a: Avalugg\n|-damage|p2a: Avalugg|0 fnt\n|faint|p2a: Avalugg\n|-damage|p1a: Revavroom|121/256|[from] item: Life Orb\n|\n|upkeep\n|inactive|Jefejenaro has 120 seconds left.\n|\n|t:|1781464284\n|switch|p2a: Sunflora|Sunflora, M|312/312\n|turn|32\n|\n|t:|1781464295\n|move|p1a: Revavroom|Iron Head|p2a: Sunflora\n|-damage|p2a: Sunflora|51/312\n|-damage|p1a: Revavroom|96/256|[from] item: Life Orb\n|cant|p2a: Sunflora|flinch\n|\n|upkeep\n|turn|33\n|inactive|Jefejenaro has 120 seconds left.\n|\n|t:|1781464330\n|move|p1a: Revavroom|Iron Head|p2a: Sunflora\n|-damage|p2a: Sunflora|0 fnt\n|faint|p2a: Sunflora\n|-damage|p1a: Revavroom|71/256|[from] item: Life Orb\n|\n|upkeep\n|\n|t:|1781464336\n|switch|p2a: Sylveon|Sylveon, L85, F|218/300\n|turn|34\n|\n|t:|1781464340\n|move|p2a: Sylveon|Protect|p2a: Sylveon\n|-singleturn|p2a: Sylveon|Protect\n|move|p1a: Revavroom|Iron Head|p2a: Sylveon\n|-activate|p2a: Sylveon|move: Protect\n|\n|-heal|p2a: Sylveon|236/300|[from] item: Leftovers\n|upkeep\n|turn|35\n|\n|t:|1781464344\n|move|p1a: Revavroom|Iron Head|p2a: Sylveon\n|-supereffective|p2a: Sylveon\n|-damage|p2a: Sylveon|0 fnt\n|faint|p2a: Sylveon\n|-damage|p1a: Revavroom|46/256|[from] item: Life Orb\n|\n|-sideend|p1: perichor|move: Light Screen\n|upkeep\n|\n|t:|1781464347\n|switch|p2a: Kyogre|Kyogre, L71, tera:Water|259/259\n|-weather|RainDance|[from] ability: Drizzle|[of] p2a: Kyogre\n|turn|36\n|\n|t:|1781464363\n|-terastallize|p1a: Revavroom|Ground\n|move|p1a: Revavroom|High Horsepower|p2a: Kyogre\n|-damage|p2a: Kyogre|0 fnt\n|faint|p2a: Kyogre\n|-damage|p1a: Revavroom|21/256|[from] item: Life Orb\n|\n|win|perichor\n", "inputlog": ">version a8376a258c1d4662feba110a92103f3664a72141\n>start {\"formatid\":\"gen9randombattle\",\"seed\":\"sodium,2525077e15299a36fe1ee702f3f8e0d1\",\"rated\":\"Rated battle\"}\n>player p1 {\"name\":\"perichor\",\"avatar\":\"265\",\"rating\":1949,\"seed\":\"sodium,1a2472c3e149bb5b357c3cb23091cde3\"}\n>player p2 {\"name\":\"Jefejenaro\",\"avatar\":\"wallace\",\"rating\":2043,\"seed\":\"sodium,d473bfded1bdba6b971e2e5f7da5fac5\"}\n>p1 move nuzzle\n>p2 move leafstorm\n>p1 switch 2\n>p2 move leafstorm\n>p1 move sludgewave\n>p2 switch 5\n>p1 switch 3\n>p2 move dracometeor\n>p1 move lightscreen\n>p2 switch 6\n>p1 move partingshot\n>p2 move curse\n>p1 switch 6\n>p1 move toxic\n>p2 switch 5\n>p1 switch 3\n>p2 move substitute\n>p1 move sludgewave\n>p2 move leechseed\n>p1 move sludgewave\n>p2 move substitute\n>p2 switch 5\n>p1 switch 3\n>p2 move avalanche\n>p1 move toxic\n>p2 move avalanche\n>p1 move recover\n>p2 switch 6\n>p1 switch 6\n>p2 move nastyplot\n>p1 move lightscreen\n>p2 move surf\n>p1 move spiritbreak\n>p2 move surf\n>p2 switch 4\n>p1 move partingshot\n>p2 move hypervoice\n>p1 switch 3\n>p1 move sludgewave\n>p2 move protect\n>p1 move sludgewave\n>p2 move calmmind\n>p1 switch 6\n>p2 move protect\n>p1 move toxic\n>p2 move protect\n>p1 move earthquake\n>p2 switch 6\n>p1 move earthquake\n>p2 move avalanche\n>p1 move recover\n>p2 switch 3\n>p1 switch 6\n>p2 move waterspout terastallize\n>p1 move dracometeor\n>p2 move waterspout\n>p1 switch 5\n>p1 move doubleshock\n>p2 move waterspout\n>p1 switch 3\n>p1 move lightscreen\n>p2 move waterspout\n>p1 switch 4\n>p1 move shiftgear\n>p2 switch 3\n>p1 move shiftgear\n>p2 move bodypress\n>p1 move ironhead\n>p2 move bodypress\n>p2 switch 2\n>p1 move ironhead\n>p2 move earthpower\n>p1 move ironhead\n>p2 move earthpower\n>p2 switch 6\n>p1 move ironhead\n>p2 move protect\n>p1 move ironhead\n>p2 move hypervoice\n>p2 switch 3\n>p1 move highhorsepower terastallize\n>p2 move originpulse", "uploadtime": 1781463756, "views": 5, "formatid": "gen9randombattle", "rating": null, "private": 0, "password": null}