{"id": "gen9randombattle-2631630500", "format": "[Gen 9] Random Battle", "players": ["erobbbrittdivorce", "RedDudeN64"], "log": "|j|\u2606erobbbrittdivorce\n|j|\u2606RedDudeN64\n|t:|1781411611\n|gametype|singles\n|player|p1|erobbbrittdivorce|266|2168\n|player|p2|RedDudeN64|red|2149\n|gen|9\n|tier|[Gen 9] Random Battle\n|rated|\n|rule|Species Clause: Limit one of each Pok\u00e9mon\n|rule|HP Percentage Mod: HP is shown in percentages\n|rule|Sleep Clause Mod: Limit one foe put to sleep\n|rule|Illusion Level Mod: Illusion disguises the Pok\u00e9mon's true level\n|\n|t:|1781411611\n|teamsize|p1|6\n|teamsize|p2|6\n|start\n|switch|p1a: Heatran|Heatran, L79, F|273/273\n|switch|p2a: Goodra|Goodra, L85, M|292/292\n|-item|p1a: Heatran|Air Balloon\n|turn|1\n|inactive|Battle timer is ON: inactive players will automatically lose when time's up. (requested by erobbbrittdivorce)\n|j| 07l\u4e2d\u56fd\u5927\u5988\n|\n|t:|1781411634\n|move|p2a: Goodra|Scald|p1a: Heatran\n|-supereffective|p1a: Heatran\n|-damage|p1a: Heatran|155/273\n|-enditem|p1a: Heatran|Air Balloon\n|move|p1a: Heatran|Stealth Rock|p2a: Goodra\n|-sidestart|p2: RedDudeN64|move: Stealth Rock\n|\n|upkeep\n|turn|2\n|\n|t:|1781411639\n|switch|p1a: Hariyama|Hariyama, L87, F|392/392\n|move|p2a: Goodra|Scald|p1a: Hariyama\n|-damage|p1a: Hariyama|334/392\n|\n|upkeep\n|turn|3\n|\n|t:|1781411648\n|move|p1a: Hariyama|Knock Off|p2a: Goodra\n|-damage|p2a: Goodra|188/292\n|-enditem|p2a: Goodra|Assault Vest|[from] move: Knock Off|[of] p1a: Hariyama\n|move|p2a: Goodra|Dragon Tail|p1a: Hariyama\n|-damage|p1a: Hariyama|249/392\n|drag|p1a: Florges|Florges-Blue, L85, F|271/271\n|\n|upkeep\n|turn|4\n|\n|t:|1781411674\n|move|p2a: Goodra|Power Whip|p1a: Florges\n|-damage|p1a: Florges|156/271\n|move|p1a: Florges|Moonblast|p2a: Goodra\n|-supereffective|p2a: Goodra\n|-damage|p2a: Goodra|38/292\n|-unboost|p2a: Goodra|spa|1\n|\n|-heal|p1a: Florges|172/271|[from] item: Leftovers\n|upkeep\n|turn|5\n|inactive|RedDudeN64 has 120 seconds left.\n|\n|t:|1781411709\n|move|p1a: Florges|Protect|p1a: Florges\n|-singleturn|p1a: Florges|Protect\n|move|p2a: Goodra|Power Whip|p1a: Florges\n|-activate|p1a: Florges|move: Protect\n|\n|-heal|p1a: Florges|188/271|[from] item: Leftovers\n|upkeep\n|turn|6\n|inactive|RedDudeN64 has 120 seconds left.\n|\n|t:|1781411728\n|switch|p2a: Cresselia|Cresselia, L80, F|323/323\n|-damage|p2a: Cresselia|283/323|[from] Stealth Rock\n|move|p1a: Florges|Moonblast|p2a: Cresselia\n|-damage|p2a: Cresselia|193/323\n|\n|-heal|p2a: Cresselia|213/323|[from] item: Leftovers\n|-heal|p1a: Florges|204/271|[from] item: Leftovers\n|upkeep\n|turn|7\n|inactive|RedDudeN64 has 120 seconds left.\n|\n|t:|1781411745\n|switch|p1a: Hariyama|Hariyama, L87, F|249/392\n|move|p2a: Cresselia|Calm Mind|p2a: Cresselia\n|-boost|p2a: Cresselia|spa|1\n|-boost|p2a: Cresselia|spd|1\n|\n|-heal|p2a: Cresselia|233/323|[from] item: Leftovers\n|upkeep\n|turn|8\n|\n|t:|1781411749\n|move|p2a: Cresselia|Psyshock|p1a: Hariyama\n|-supereffective|p1a: Hariyama\n|-damage|p1a: Hariyama|0 fnt\n|faint|p1a: Hariyama\n|\n|-heal|p2a: Cresselia|253/323|[from] item: Leftovers\n|upkeep\n|\n|t:|1781411754\n|switch|p1a: Rhyperior|Rhyperior, L82, M|323/323\n|turn|9\n|inactive|RedDudeN64 has 120 seconds left.\n|\n|t:|1781411781\n|switch|p2a: Goodra|Goodra, L85, M|38/292\n|-damage|p2a: Goodra|2/292|[from] Stealth Rock\n|move|p1a: Rhyperior|Rock Polish|p1a: Rhyperior\n|-boost|p1a: Rhyperior|spe|2\n|\n|upkeep\n|turn|10\n|\n|t:|1781411789\n|move|p1a: Rhyperior|Earthquake|p2a: Goodra\n|-damage|p2a: Goodra|0 fnt\n|faint|p2a: Goodra\n|\n|upkeep\n|\n|t:|1781411797\n|switch|p2a: Floatzel|Floatzel, L86, M|286/286\n|-damage|p2a: Floatzel|251/286|[from] Stealth Rock\n|turn|11\n|\n|t:|1781411802\n|switch|p1a: Tatsugiri|Tatsugiri, L87, M|260/260\n|move|p2a: Floatzel|Wave Crash|p1a: Tatsugiri\n|-ability|p1a: Tatsugiri|Storm Drain|boost\n|-boost|p1a: Tatsugiri|spa|1\n|\n|upkeep\n|turn|12\n|\n|t:|1781411806\n|switch|p2a: Brute Bonnet|Brute Bonnet, L80|309/309\n|-damage|p2a: Brute Bonnet|271/309|[from] Stealth Rock\n|move|p1a: Tatsugiri|Nasty Plot|p1a: Tatsugiri\n|-boost|p1a: Tatsugiri|spa|2\n|\n|-heal|p2a: Brute Bonnet|290/309|[from] item: Leftovers\n|upkeep\n|turn|13\n|\n|t:|1781411810\n|move|p1a: Tatsugiri|Draco Meteor|p2a: Brute Bonnet\n|-damage|p2a: Brute Bonnet|0 fnt\n|-unboost|p1a: Tatsugiri|spa|2\n|faint|p2a: Brute Bonnet\n|-end|p2a: Brute Bonnet|Protosynthesis|[silent]\n|\n|upkeep\n|\n|t:|1781411817\n|switch|p2a: Duraludon|Duraludon, L82, M|249/249\n|-damage|p2a: Duraludon|234/249|[from] Stealth Rock\n|turn|14\n|\n|t:|1781411826\n|move|p1a: Tatsugiri|Draco Meteor|p2a: Duraludon|[miss]\n|-miss|p1a: Tatsugiri|p2a: Duraludon\n|move|p2a: Duraludon|Draco Meteor|p1a: Tatsugiri\n|-supereffective|p1a: Tatsugiri\n|-damage|p1a: Tatsugiri|2/260\n|-unboost|p2a: Duraludon|spa|2\n|\n|upkeep\n|turn|15\n|\n|t:|1781411834\n|move|p1a: Tatsugiri|Draco Meteor|p2a: Duraludon\n|-damage|p2a: Duraludon|0 fnt\n|-unboost|p1a: Tatsugiri|spa|2\n|faint|p2a: Duraludon\n|\n|upkeep\n|\n|t:|1781411844\n|switch|p2a: Drednaw|Drednaw, L81, F|278/278\n|-damage|p2a: Drednaw|244/278|[from] Stealth Rock\n|turn|16\n|\n|t:|1781411857\n|move|p1a: Tatsugiri|Surf|p2a: Drednaw\n|-damage|p2a: Drednaw|153/278\n|move|p2a: Drednaw|Shell Smash|p2a: Drednaw\n|-unboost|p2a: Drednaw|def|1\n|-unboost|p2a: Drednaw|spd|1\n|-boost|p2a: Drednaw|atk|2\n|-boost|p2a: Drednaw|spa|2\n|-boost|p2a: Drednaw|spe|2\n|-enditem|p2a: Drednaw|White Herb\n|-clearnegativeboost|p2a: Drednaw|[silent]\n|\n|upkeep\n|turn|17\n|\n|t:|1781411862\n|move|p2a: Drednaw|Earthquake|p1a: Tatsugiri\n|-crit|p1a: Tatsugiri\n|-damage|p1a: Tatsugiri|0 fnt\n|faint|p1a: Tatsugiri\n|\n|upkeep\n|\n|t:|1781411879\n|switch|p1a: Rhyperior|Rhyperior, L82, M|323/323\n|turn|18\n|\n|t:|1781411895\n|-terastallize|p1a: Rhyperior|Ground\n|move|p2a: Drednaw|Liquidation|p1a: Rhyperior\n|-supereffective|p1a: Rhyperior\n|-damage|p1a: Rhyperior|92/323\n|-enditem|p1a: Rhyperior|Weakness Policy\n|-boost|p1a: Rhyperior|atk|2|[from] item: Weakness Policy\n|-boost|p1a: Rhyperior|spa|2|[from] item: Weakness Policy\n|move|p1a: Rhyperior|Earthquake|p2a: Drednaw\n|-supereffective|p2a: Drednaw\n|-damage|p2a: Drednaw|0 fnt\n|faint|p2a: Drednaw\n|\n|upkeep\n|\n|t:|1781411899\n|switch|p2a: Floatzel|Floatzel, L86, M|251/286\n|-damage|p2a: Floatzel|216/286|[from] Stealth Rock\n|turn|19\n|\n|t:|1781411903\n|move|p2a: Floatzel|Wave Crash|p1a: Rhyperior\n|-supereffective|p1a: Rhyperior\n|-damage|p1a: Rhyperior|0 fnt\n|faint|p1a: Rhyperior\n|-damage|p2a: Floatzel|186/286|[from] Recoil\n|\n|upkeep\n|\n|t:|1781411905\n|switch|p1a: Walking Wake|Walking Wake, L79|286/286\n|turn|20\n|l| 07l\u4e2d\u56fd\u5927\u5988\n|\n|t:|1781411929\n|move|p2a: Floatzel|Wave Crash|p1a: Walking Wake\n|-resisted|p1a: Walking Wake\n|-damage|p1a: Walking Wake|229/286\n|-damage|p2a: Floatzel|167/286|[from] Recoil\n|move|p1a: Walking Wake|Sunny Day|p1a: Walking Wake\n|-weather|SunnyDay\n|-activate|p1a: Walking Wake|ability: Protosynthesis\n|-start|p1a: Walking Wake|protosynthesisspa\n|\n|-weather|SunnyDay|[upkeep]\n|upkeep\n|turn|21\n|\n|t:|1781411947\n|move|p2a: Floatzel|Wave Crash|p1a: Walking Wake\n|-resisted|p1a: Walking Wake\n|-damage|p1a: Walking Wake|202/286\n|-damage|p2a: Floatzel|158/286|[from] Recoil\n|move|p1a: Walking Wake|Hydro Steam|p2a: Floatzel\n|-resisted|p2a: Floatzel\n|-damage|p2a: Floatzel|1/286\n|-damage|p1a: Walking Wake|174/286|[from] item: Life Orb\n|\n|-weather|SunnyDay|[upkeep]\n|upkeep\n|turn|22\n|\n|t:|1781411953\n|move|p2a: Floatzel|Wave Crash|p1a: Walking Wake\n|-resisted|p1a: Walking Wake\n|-damage|p1a: Walking Wake|148/286\n|-damage|p2a: Floatzel|0 fnt|[from] Recoil\n|faint|p2a: Floatzel\n|move|p1a: Walking Wake|Hydro Steam|p2: Floatzel|[notarget]\n|-fail|p1a: Walking Wake\n|\n|-weather|SunnyDay|[upkeep]\n|upkeep\n|\n|t:|1781411956\n|switch|p2a: Cresselia|Cresselia, L80, F|253/323\n|-damage|p2a: Cresselia|213/323|[from] Stealth Rock\n|turn|23\n|\n|t:|1781411958\n|move|p1a: Walking Wake|Hydro Steam|p2a: Cresselia\n|-damage|p2a: Cresselia|17/323\n|-damage|p1a: Walking Wake|120/286|[from] item: Life Orb\n|move|p2a: Cresselia|Moonlight|p2a: Cresselia\n|-heal|p2a: Cresselia|232/323\n|\n|-weather|SunnyDay|[upkeep]\n|-heal|p2a: Cresselia|252/323|[from] item: Leftovers\n|upkeep\n|turn|24\n|\n|t:|1781411967\n|move|p1a: Walking Wake|Draco Meteor|p2a: Cresselia\n|-damage|p2a: Cresselia|41/323\n|-unboost|p1a: Walking Wake|spa|2\n|-damage|p1a: Walking Wake|92/286|[from] item: Life Orb\n|move|p2a: Cresselia|Moonlight|p2a: Cresselia\n|-heal|p2a: Cresselia|256/323\n|\n|-weather|none\n|-end|p1a: Walking Wake|Protosynthesis\n|-heal|p2a: Cresselia|276/323|[from] item: Leftovers\n|upkeep\n|turn|25\n|\n|t:|1781411970\n|-end|p1a: Walking Wake|Protosynthesis|[silent]\n|switch|p1a: Florges|Florges-Blue, L85, F|204/271\n|move|p2a: Cresselia|Calm Mind|p2a: Cresselia\n|-boost|p2a: Cresselia|spa|1\n|-boost|p2a: Cresselia|spd|1\n|\n|-heal|p2a: Cresselia|296/323|[from] item: Leftovers\n|-heal|p1a: Florges|220/271|[from] item: Leftovers\n|upkeep\n|turn|26\n|\n|t:|1781411973\n|move|p2a: Cresselia|Calm Mind|p2a: Cresselia\n|-boost|p2a: Cresselia|spa|1\n|-boost|p2a: Cresselia|spd|1\n|move|p1a: Florges|Moonblast|p2a: Cresselia\n|-damage|p2a: Cresselia|251/323\n|-unboost|p2a: Cresselia|spa|1\n|\n|-heal|p2a: Cresselia|271/323|[from] item: Leftovers\n|-heal|p1a: Florges|236/271|[from] item: Leftovers\n|upkeep\n|turn|27\n|\n|t:|1781411976\n|move|p2a: Cresselia|Calm Mind|p2a: Cresselia\n|-boost|p2a: Cresselia|spa|1\n|-boost|p2a: Cresselia|spd|1\n|move|p1a: Florges|Moonblast|p2a: Cresselia\n|-damage|p2a: Cresselia|232/323\n|\n|-heal|p2a: Cresselia|252/323|[from] item: Leftovers\n|-heal|p1a: Florges|252/271|[from] item: Leftovers\n|upkeep\n|turn|28\n|\n|t:|1781411978\n|move|p2a: Cresselia|Calm Mind|p2a: Cresselia\n|-boost|p2a: Cresselia|spa|1\n|-boost|p2a: Cresselia|spd|1\n|move|p1a: Florges|Moonblast|p2a: Cresselia\n|-damage|p2a: Cresselia|222/323\n|-unboost|p2a: Cresselia|spa|1\n|\n|-heal|p2a: Cresselia|242/323|[from] item: Leftovers\n|-heal|p1a: Florges|268/271|[from] item: Leftovers\n|upkeep\n|turn|29\n|\n|t:|1781411980\n|move|p2a: Cresselia|Calm Mind|p2a: Cresselia\n|-boost|p2a: Cresselia|spa|1\n|-boost|p2a: Cresselia|spd|1\n|move|p1a: Florges|Moonblast|p2a: Cresselia\n|-damage|p2a: Cresselia|215/323\n|\n|-heal|p2a: Cresselia|235/323|[from] item: Leftovers\n|-heal|p1a: Florges|271/271|[from] item: Leftovers\n|upkeep\n|turn|30\n|\n|t:|1781411982\n|move|p2a: Cresselia|Calm Mind|p2a: Cresselia\n|-boost|p2a: Cresselia|spa|1\n|-boost|p2a: Cresselia|spd|1\n|move|p1a: Florges|Moonblast|p2a: Cresselia\n|-damage|p2a: Cresselia|208/323\n|\n|-heal|p2a: Cresselia|228/323|[from] item: Leftovers\n|upkeep\n|turn|31\n|\n|t:|1781411984\n|move|p2a: Cresselia|Psyshock|p1a: Florges\n|-damage|p1a: Florges|34/271\n|move|p1a: Florges|Moonblast|p2a: Cresselia\n|-damage|p2a: Cresselia|201/323\n|\n|-heal|p2a: Cresselia|221/323|[from] item: Leftovers\n|-heal|p1a: Florges|50/271|[from] item: Leftovers\n|upkeep\n|turn|32\n|\n|t:|1781411988\n|move|p2a: Cresselia|Calm Mind|p2a: Cresselia\n|-boost|p2a: Cresselia|spa|1\n|-boost|p2a: Cresselia|spd|0\n|move|p1a: Florges|Moonblast|p2a: Cresselia\n|-damage|p2a: Cresselia|196/323\n|\n|-heal|p2a: Cresselia|216/323|[from] item: Leftovers\n|-heal|p1a: Florges|66/271|[from] item: Leftovers\n|upkeep\n|turn|33\n|\n|t:|1781411992\n|move|p2a: Cresselia|Psyshock|p1a: Florges\n|-damage|p1a: Florges|0 fnt\n|faint|p1a: Florges\n|\n|-heal|p2a: Cresselia|236/323|[from] item: Leftovers\n|upkeep\n|\n|t:|1781411994\n|switch|p1a: Walking Wake|Walking Wake, L79|92/286\n|turn|34\n|\n|t:|1781411998\n|move|p1a: Walking Wake|Draco Meteor|p2a: Cresselia\n|-damage|p2a: Cresselia|197/323\n|-unboost|p1a: Walking Wake|spa|2\n|-damage|p1a: Walking Wake|64/286|[from] item: Life Orb\n|move|p2a: Cresselia|Moonlight|p2a: Cresselia\n|-heal|p2a: Cresselia|323/323\n|\n|upkeep\n|turn|35\n|c|\u2606erobbbrittdivorce|draco miss so nasty\n|c|\u2606erobbbrittdivorce|lame\n|l|\u2606erobbbrittdivorce\n|inactive|erobbbrittdivorce disconnected and has a minute to reconnect!\n|player|p1|\n|inactive|erobbbrittdivorce has 30 seconds to reconnect!\n|inactive|erobbbrittdivorce has 20 seconds to reconnect!\n|inactive|erobbbrittdivorce has 15 seconds to reconnect!\n|inactive|erobbbrittdivorce has 10 seconds to reconnect!\n|inactive|erobbbrittdivorce has 5 seconds to reconnect!\n|-message|erobbbrittdivorce lost due to inactivity.\n|\n|win|RedDudeN64\n", "inputlog": ">version a8376a258c1d4662feba110a92103f3664a72141\n>start {\"formatid\":\"gen9randombattle\",\"seed\":\"sodium,74d6caf19bca6c9a570ab7dd3944b7f0\",\"rated\":\"Rated battle\"}\n>player p1 {\"name\":\"erobbbrittdivorce\",\"avatar\":\"266\",\"rating\":2168,\"seed\":\"sodium,5fd9d140e35653b73861169d035a9797\"}\n>player p2 {\"name\":\"RedDudeN64\",\"avatar\":\"red\",\"rating\":2149,\"seed\":\"sodium,d07e201584994fbb1b01c0643a73e701\"}\n>p1 move stealthrock\n>p2 move scald\n>p1 switch 3\n>p2 move scald\n>p1 move knockoff\n>p2 move dragontail\n>p1 move moonblast\n>p2 move powerwhip\n>p1 move protect\n>p2 move powerwhip\n>p1 move moonblast\n>p2 switch 4\n>p1 switch 5\n>p2 move calmmind\n>p1 move knockoff\n>p2 move psyshock\n>p1 switch 2\n>p1 move rockpolish\n>p2 switch 4\n>p1 move earthquake\n>p2 move scald\n>p2 switch 6\n>p1 switch 6\n>p2 move wavecrash\n>p1 move nastyplot\n>p2 switch 2\n>p1 move dracometeor\n>p2 move spore\n>p2 switch 3\n>p1 move dracometeor\n>p2 move dracometeor\n>p1 move dracometeor\n>p2 move bodypress\n>p2 switch 5\n>p1 move surf\n>p2 move shellsmash\n>p1 move dracometeor\n>p2 move earthquake\n>p1 switch 6\n>p1 move earthquake terastallize\n>p2 move liquidation\n>p2 switch 2\n>p1 move stoneedge\n>p2 move wavecrash\n>p1 switch 4\n>p1 move sunnyday\n>p2 move wavecrash\n>p1 move hydrosteam\n>p2 move wavecrash\n>p1 move hydrosteam\n>p2 move wavecrash\n>p2 switch 4\n>p1 move hydrosteam\n>p2 move moonlight\n>p1 move dracometeor\n>p2 move moonlight\n>p1 switch 5\n>p2 move calmmind\n>p1 move moonblast\n>p2 move calmmind\n>p1 move moonblast\n>p2 move calmmind\n>p1 move moonblast\n>p2 move calmmind\n>p1 move moonblast\n>p2 move calmmind\n>p1 move moonblast\n>p2 move calmmind\n>p1 move moonblast\n>p2 move psyshock\n>p1 move moonblast\n>p2 move calmmind\n>p1 move moonblast\n>p2 move psyshock\n>p1 switch 5\n>p1 move dracometeor\n>p2 move moonlight\n>chat \u2606erobbbrittdivorce|draco miss so nasty\n>chat \u2606erobbbrittdivorce|lame\n>forcelose p1", "uploadtime": 1781411612, "views": 5, "formatid": "gen9randombattle", "rating": null, "private": 0, "password": null}