{"id": "gen9randombattle-2631856134", "format": "[Gen 9] Random Battle", "players": ["bimiuchiratnhieu", "lopunny luvr"], "log": "|j|\u2606bimiuchiratnhieu\n|j|\u2606lopunny luvr\n|t:|1781448673\n|gametype|singles\n|player|p1|bimiuchiratnhieu|hilda|2048\n|player|p2|lopunny luvr|sailor|2099\n|gen|9\n|tier|[Gen 9] Random Battle\n|rated|\n|rule|Species Clause: Limit one of each Pok\u00e9mon\n|rule|HP Percentage Mod: HP is shown in percentages\n|rule|Sleep Clause Mod: Limit one foe put to sleep\n|rule|Illusion Level Mod: Illusion disguises the Pok\u00e9mon's true level\n|\n|t:|1781448673\n|teamsize|p1|6\n|teamsize|p2|6\n|start\n|switch|p1a: Solgaleo|Solgaleo, L74|325/325\n|switch|p2a: Passimian|Passimian, L83, F|302/302\n|turn|1\n|inactive|Battle timer is ON: inactive players will automatically lose when time's up. (requested by bimiuchiratnhieu)\n|inactive|lopunny luvr has 120 seconds left.\n|\n|t:|1781448705\n|move|p1a: Solgaleo|Sunsteel Strike|p2a: Passimian\n|-damage|p2a: Passimian|190/302\n|move|p2a: Passimian|Bulk Up|p2a: Passimian\n|-boost|p2a: Passimian|atk|1\n|-boost|p2a: Passimian|def|1\n|\n|-heal|p2a: Passimian|208/302|[from] item: Leftovers\n|upkeep\n|turn|2\n|\n|t:|1781448731\n|move|p2a: Passimian|Drain Punch|p1a: Solgaleo\n|-damage|p1a: Solgaleo|201/325\n|-heal|p2a: Passimian|270/302|[from] drain|[of] p1a: Solgaleo\n|move|p1a: Solgaleo|Teleport|p1a: Solgaleo\n|\n|t:|1781448741\n|switch|p1a: Talonflame|Talonflame, L83, F|265/265|[from] Teleport\n|\n|-heal|p2a: Passimian|288/302|[from] item: Leftovers\n|upkeep\n|turn|3\n|inactive|lopunny luvr has 120 seconds left.\n|\n|t:|1781448772\n|switch|p2a: Umbreon|Umbreon, L84, F|297/297\n|move|p1a: Talonflame|Swords Dance|p1a: Talonflame\n|-boost|p1a: Talonflame|atk|2\n|\n|upkeep\n|turn|4\n|inactive|lopunny luvr has 120 seconds left.\n|\n|t:|1781448788\n|move|p1a: Talonflame|Flare Blitz|p2a: Umbreon\n|-damage|p2a: Umbreon|116/297\n|-damage|p1a: Talonflame|205/265|[from] Recoil\n|move|p2a: Umbreon|Foul Play|p1a: Talonflame\n|-damage|p1a: Talonflame|15/265\n|\n|-heal|p2a: Umbreon|134/297|[from] item: Leftovers\n|upkeep\n|turn|5\n|inactive|lopunny luvr has 120 seconds left.\n|inactive|lopunny luvr has 90 seconds left.\n|\n|t:|1781448828\n|move|p1a: Talonflame|Brave Bird|p2a: Umbreon\n|-damage|p2a: Umbreon|0 fnt\n|faint|p2a: Umbreon\n|-damage|p1a: Talonflame|0 fnt|[from] Recoil\n|faint|p1a: Talonflame\n|\n|upkeep\n|\n|t:|1781448854\n|switch|p1a: Rotom|Rotom-Mow, L87|229/229\n|switch|p2a: Passimian|Passimian, L83, F|288/302\n|turn|6\n|\n|t:|1781448861\n|switch|p2a: Cryogonal|Cryogonal, L89|287/287\n|move|p1a: Rotom|Volt Switch|p2a: Cryogonal\n|-damage|p2a: Cryogonal|227/287\n|\n|t:|1781448867\n|switch|p1a: Hitmontop|Hitmontop, L88, M|231/231|[from] Volt Switch\n|\n|upkeep\n|turn|7\n|\n|t:|1781448879\n|switch|p2a: Arceus|Arceus-Psychic, L69|280/280\n|move|p1a: Hitmontop|Bulk Up|p1a: Hitmontop\n|-boost|p1a: Hitmontop|atk|1\n|-boost|p1a: Hitmontop|def|1\n|\n|upkeep\n|turn|8\n|\n|t:|1781448889\n|-terastallize|p1a: Hitmontop|Ice\n|move|p2a: Arceus|Cosmic Power|p2a: Arceus\n|-boost|p2a: Arceus|def|1\n|-boost|p2a: Arceus|spd|1\n|move|p1a: Hitmontop|Rapid Spin|p2a: Arceus\n|-damage|p2a: Arceus|225/280\n|-boost|p1a: Hitmontop|spe|1\n|\n|upkeep\n|turn|9\n|inactive|lopunny luvr has 90 seconds left.\n|inactive|lopunny luvr has 60 seconds left.\n|\n|t:|1781448932\n|switch|p2a: Heracross|Heracross, L80, F|259/259\n|move|p1a: Hitmontop|Bulk Up|p1a: Hitmontop\n|-boost|p1a: Hitmontop|atk|1\n|-boost|p1a: Hitmontop|def|1\n|\n|upkeep\n|turn|10\n|inactive|lopunny luvr has 60 seconds left.\n|\n|t:|1781448941\n|move|p2a: Heracross|Close Combat|p1a: Hitmontop\n|-supereffective|p1a: Hitmontop\n|-damage|p1a: Hitmontop|91/231\n|-unboost|p2a: Heracross|def|1\n|-unboost|p2a: Heracross|spd|1\n|move|p1a: Hitmontop|Triple Axel|p2a: Heracross\n|-damage|p2a: Heracross|136/259\n|-crit|p2a: Heracross\n|-damage|p2a: Heracross|0 fnt\n|faint|p2a: Heracross\n|-hitcount|p2: Heracross|2\n|\n|-heal|p1a: Hitmontop|105/231|[from] item: Leftovers\n|upkeep\n|inactive|lopunny luvr has 60 seconds left.\n|\n|t:|1781448954\n|switch|p2a: Regieleki|Regieleki, L79|256/256\n|turn|11\n|\n|t:|1781448960\n|move|p2a: Regieleki|Thunderbolt|p1a: Hitmontop\n|-damage|p1a: Hitmontop|0 fnt\n|faint|p1a: Hitmontop\n|\n|upkeep\n|\n|t:|1781448966\n|switch|p1a: Lokix|Lokix, L82, F|251/251\n|turn|12\n|\n|t:|1781448984\n|move|p1a: Lokix|First Impression|p2a: Regieleki\n|-damage|p2a: Regieleki|65/256\n|-damage|p1a: Lokix|226/251|[from] item: Life Orb\n|move|p2a: Regieleki|Volt Switch|p1a: Lokix\n|-damage|p1a: Lokix|70/251\n|\n|t:|1781448989\n|switch|p2a: Passimian|Passimian, L83, F|288/302|[from] Volt Switch\n|\n|-heal|p2a: Passimian|302/302|[from] item: Leftovers\n|upkeep\n|turn|13\n|\n|t:|1781448999\n|switch|p1a: Rotom|Rotom-Mow, L87|229/229\n|move|p2a: Passimian|Drain Punch|p1a: Rotom\n|-damage|p1a: Rotom|150/229\n|\n|upkeep\n|turn|14\n|\n|t:|1781449008\n|move|p1a: Rotom|Trick|p2a: Passimian\n|-activate|p1a: Rotom|move: Trick|[of] p2a: Passimian\n|-item|p2a: Passimian|Choice Scarf|[from] move: Trick\n|-item|p1a: Rotom|Leftovers|[from] move: Trick\n|move|p2a: Passimian|Drain Punch|p1a: Rotom\n|-damage|p1a: Rotom|77/229\n|\n|-heal|p1a: Rotom|91/229|[from] item: Leftovers\n|upkeep\n|turn|15\n|\n|t:|1781449014\n|move|p2a: Passimian|Drain Punch|p1a: Rotom\n|-damage|p1a: Rotom|15/229\n|move|p1a: Rotom|Thunderbolt|p2a: Passimian\n|-damage|p2a: Passimian|164/302\n|\n|-heal|p1a: Rotom|29/229|[from] item: Leftovers\n|upkeep\n|turn|16\n|\n|t:|1781449017\n|move|p2a: Passimian|Drain Punch|p1a: Rotom\n|-damage|p1a: Rotom|0 fnt\n|-heal|p2a: Passimian|179/302|[from] drain|[of] p1a: Rotom\n|faint|p1a: Rotom\n|\n|upkeep\n|\n|t:|1781449021\n|switch|p1a: Gouging Fire|Gouging Fire, L74|277/277\n|turn|17\n|\n|t:|1781449031\n|switch|p2a: Arceus|Arceus-Psychic, L69|225/280\n|move|p1a: Gouging Fire|Dragon Dance|p1a: Gouging Fire\n|-boost|p1a: Gouging Fire|atk|1\n|-boost|p1a: Gouging Fire|spe|1\n|\n|upkeep\n|turn|18\n|inactive|bimiuchiratnhieu has 120 seconds left.\n|\n|t:|1781449075\n|move|p1a: Gouging Fire|Dragon Dance|p1a: Gouging Fire\n|-boost|p1a: Gouging Fire|atk|1\n|-boost|p1a: Gouging Fire|spe|1\n|move|p2a: Arceus|Cosmic Power|p2a: Arceus\n|-boost|p2a: Arceus|def|1\n|-boost|p2a: Arceus|spd|1\n|\n|upkeep\n|turn|19\n|\n|t:|1781449082\n|move|p1a: Gouging Fire|Dragon Dance|p1a: Gouging Fire\n|-boost|p1a: Gouging Fire|atk|1\n|-boost|p1a: Gouging Fire|spe|1\n|move|p2a: Arceus|Cosmic Power|p2a: Arceus\n|-boost|p2a: Arceus|def|1\n|-boost|p2a: Arceus|spd|1\n|\n|upkeep\n|turn|20\n|\n|t:|1781449092\n|move|p1a: Gouging Fire|Outrage|p2a: Arceus\n|-damage|p2a: Arceus|78/280\n|move|p2a: Arceus|Cosmic Power|p2a: Arceus\n|-boost|p2a: Arceus|def|1\n|-boost|p2a: Arceus|spd|1\n|\n|upkeep\n|turn|21\n|inactive|lopunny luvr has 120 seconds left.\n|\n|t:|1781449112\n|-terastallize|p2a: Arceus|Steel\n|move|p1a: Gouging Fire|Outrage|p2a: Arceus|[from] lockedmove\n|-resisted|p2a: Arceus\n|-damage|p2a: Arceus|24/280\n|-start|p1a: Gouging Fire|confusion|[fatigue]\n|move|p2a: Arceus|Recover|p2a: Arceus\n|-heal|p2a: Arceus|164/280\n|\n|upkeep\n|turn|22\n|\n|t:|1781449117\n|-activate|p1a: Gouging Fire|confusion\n|move|p1a: Gouging Fire|Earthquake|p2a: Arceus\n|-supereffective|p2a: Arceus\n|-damage|p2a: Arceus|34/280\n|move|p2a: Arceus|Recover|p2a: Arceus\n|-heal|p2a: Arceus|174/280\n|\n|upkeep\n|turn|23\n|\n|t:|1781449124\n|-activate|p1a: Gouging Fire|confusion\n|move|p1a: Gouging Fire|Dragon Dance|p1a: Gouging Fire\n|-boost|p1a: Gouging Fire|atk|1\n|-boost|p1a: Gouging Fire|spe|1\n|move|p2a: Arceus|Recover|p2a: Arceus\n|-heal|p2a: Arceus|280/280\n|\n|upkeep\n|turn|24\n|\n|t:|1781449129\n|-activate|p1a: Gouging Fire|confusion\n|-damage|p1a: Gouging Fire|214/277|[from] confusion\n|move|p2a: Arceus|Stored Power|p1a: Gouging Fire\n|-crit|p1a: Gouging Fire\n|-damage|p1a: Gouging Fire|0 fnt\n|faint|p1a: Gouging Fire\n|-end|p1a: Gouging Fire|Protosynthesis|[silent]\n|\n|upkeep\n|-message|bimiuchiratnhieu forfeited.\n|\n|win|lopunny luvr\n", "inputlog": ">version a8376a258c1d4662feba110a92103f3664a72141\n>start {\"formatid\":\"gen9randombattle\",\"seed\":\"sodium,0fca24ffd926f5a044ed1ec2515a9c03\",\"rated\":\"Rated battle\"}\n>player p1 {\"name\":\"bimiuchiratnhieu\",\"avatar\":\"hilda\",\"rating\":2048,\"seed\":\"sodium,3e321be919f7ef7f9aafe1e94b79f173\"}\n>player p2 {\"name\":\"lopunny luvr\",\"avatar\":\"sailor\",\"rating\":2099,\"seed\":\"sodium,79ee1ede3bba549c7b7ab8b761f06571\"}\n>p1 move sunsteelstrike\n>p2 move bulkup\n>p1 move teleport\n>p2 move drainpunch\n>p1 switch 2\n>p1 move swordsdance\n>p2 switch 3\n>p1 move flareblitz\n>p2 move foulplay\n>p1 move bravebird\n>p2 move foulplay\n>p1 switch 6\n>p2 switch 3\n>p1 move voltswitch\n>p2 switch 6\n>p1 switch 3\n>p1 move bulkup\n>p2 switch 4\n>p1 move rapidspin terastallize\n>p2 move cosmicpower\n>p1 move bulkup\n>p2 switch 2\n>p1 move tripleaxel\n>p2 move closecombat\n>p2 switch 5\n>p1 move rapidspin\n>p2 move thunderbolt\n>p1 switch 5\n>p1 move firstimpression\n>p2 move voltswitch\n>p2 switch 6\n>p1 switch 3\n>p2 move drainpunch\n>p1 move trick\n>p2 move drainpunch\n>p1 move thunderbolt\n>p2 move drainpunch\n>p1 move thunderbolt\n>p2 move drainpunch\n>p1 switch 4\n>p1 move dragondance\n>p2 switch 2\n>p1 move dragondance\n>p2 move cosmicpower\n>p1 move dragondance\n>p2 move cosmicpower\n>p1 move outrage\n>p2 move cosmicpower\n>p1 move outrage\n>p2 move recover terastallize\n>p1 move earthquake\n>p2 move recover\n>p1 move dragondance\n>p2 move recover\n>p1 move earthquake\n>p2 move storedpower\n>forcelose p1", "uploadtime": 1781448674, "views": 4, "formatid": "gen9randombattle", "rating": null, "private": 0, "password": null}