{"id": "gen9randombattle-2631380902", "format": "[Gen 9] Random Battle", "players": ["Vulva zol", "feraligatr08"], "log": "|j|\u2606Vulva zol\n|j|\u2606feraligatr08\n|t:|1781377895\n|gametype|singles\n|player|p1|Vulva zol|1|2078\n|player|p2|feraligatr08|colress|2085\n|gen|9\n|tier|[Gen 9] Random Battle\n|rated|\n|rule|Species Clause: Limit one of each Pok\u00e9mon\n|rule|HP Percentage Mod: HP is shown in percentages\n|rule|Sleep Clause Mod: Limit one foe put to sleep\n|rule|Illusion Level Mod: Illusion disguises the Pok\u00e9mon's true level\n|\n|t:|1781377895\n|teamsize|p1|6\n|teamsize|p2|6\n|start\n|switch|p1a: Sandy Shocks|Sandy Shocks, L80|267/267\n|switch|p2a: Espeon|Espeon, L84, F|246/246\n|turn|1\n|inactive|Battle timer is ON: inactive players will automatically lose when time's up. (requested by Vulva zol)\n|\n|t:|1781377905\n|move|p2a: Espeon|Calm Mind|p2a: Espeon\n|-boost|p2a: Espeon|spa|1\n|-boost|p2a: Espeon|spd|1\n|move|p1a: Sandy Shocks|Volt Switch|p2a: Espeon\n|-damage|p2a: Espeon|194/246\n|\n|t:|1781377921\n|-end|p1a: Sandy Shocks|Protosynthesis|[silent]\n|switch|p1a: Zapdos|Zapdos-Galar, L77|265/265|[from] Volt Switch\n|\n|upkeep\n|turn|2\n|\n|t:|1781377935\n|move|p1a: Zapdos|U-turn|p2a: Espeon\n|-supereffective|p2a: Espeon\n|-damage|p2a: Espeon|58/246\n|\n|t:|1781377940\n|switch|p1a: Klefki|Klefki, L84, F|233/233|[from] U-turn\n|move|p2a: Espeon|Psychic|p1a: Klefki\n|-resisted|p1a: Klefki\n|-damage|p1a: Klefki|125/233\n|-damage|p2a: Espeon|34/246|[from] item: Life Orb\n|\n|-heal|p1a: Klefki|139/233|[from] item: Leftovers\n|upkeep\n|turn|3\n|\n|t:|1781377977\n|move|p2a: Espeon|Shadow Ball|p1a: Klefki\n|-damage|p1a: Klefki|10/233\n|-damage|p2a: Espeon|10/246|[from] item: Life Orb\n|move|p1a: Klefki|Play Rough|p2a: Espeon\n|-damage|p2a: Espeon|0 fnt\n|faint|p2a: Espeon\n|\n|-heal|p1a: Klefki|24/233|[from] item: Leftovers\n|upkeep\n|inactive|feraligatr08 has 120 seconds left.\n|\n|t:|1781378000\n|switch|p2a: Kricketune|Kricketune, L99, M|312/312\n|turn|4\n|inactive|Vulva zol has 120 seconds left.\n|\n|t:|1781378023\n|move|p1a: Klefki|Thunder Wave|p2a: Kricketune\n|-status|p2a: Kricketune|par\n|cant|p2a: Kricketune|par\n|\n|-heal|p1a: Klefki|38/233|[from] item: Leftovers\n|upkeep\n|turn|5\n|\n|t:|1781378032\n|move|p1a: Klefki|Spikes|p2a: Kricketune\n|-sidestart|p2: feraligatr08|Spikes\n|cant|p2a: Kricketune|par\n|\n|-heal|p1a: Klefki|52/233|[from] item: Leftovers\n|upkeep\n|turn|6\n|\n|t:|1781378041\n|move|p1a: Klefki|Spikes|p2a: Kricketune\n|-sidestart|p2: feraligatr08|Spikes\n|cant|p2a: Kricketune|par\n|\n|-heal|p1a: Klefki|66/233|[from] item: Leftovers\n|upkeep\n|turn|7\n|c|\u2606feraligatr08|wow well played\n|\n|t:|1781378048\n|move|p1a: Klefki|Spikes|p2a: Kricketune\n|-sidestart|p2: feraligatr08|Spikes\n|cant|p2a: Kricketune|par\n|\n|-heal|p1a: Klefki|80/233|[from] item: Leftovers\n|upkeep\n|turn|8\n|c|\u2606feraligatr08|holy shit you're so good at this gam\n|\n|t:|1781378058\n|move|p1a: Klefki|Play Rough|p2a: Kricketune|[miss]\n|-miss|p1a: Klefki|p2a: Kricketune\n|move|p2a: Kricketune|Sticky Web|p1a: Klefki\n|-sidestart|p1: Vulva zol|move: Sticky Web\n|\n|-heal|p1a: Klefki|94/233|[from] item: Leftovers\n|upkeep\n|turn|9\n|\n|t:|1781378067\n|move|p1a: Klefki|Play Rough|p2a: Kricketune\n|-damage|p2a: Kricketune|212/312 par\n|move|p2a: Kricketune|Pounce|p1a: Klefki\n|-resisted|p1a: Klefki\n|-damage|p1a: Klefki|72/233\n|-unboost|p1a: Klefki|spe|1\n|\n|-heal|p1a: Klefki|86/233|[from] item: Leftovers\n|upkeep\n|turn|10\n|\n|t:|1781378079\n|move|p1a: Klefki|Play Rough|p2a: Kricketune\n|-damage|p2a: Kricketune|100/312 par\n|move|p2a: Kricketune|Pounce|p1a: Klefki\n|-resisted|p1a: Klefki\n|-damage|p1a: Klefki|61/233\n|-unboost|p1a: Klefki|spe|1\n|\n|-heal|p1a: Klefki|75/233|[from] item: Leftovers\n|upkeep\n|turn|11\n|\n|t:|1781378109\n|cant|p2a: Kricketune|par\n|move|p1a: Klefki|Play Rough|p2a: Kricketune\n|-damage|p2a: Kricketune|3/312 par\n|\n|-heal|p1a: Klefki|89/233|[from] item: Leftovers\n|upkeep\n|turn|12\n|\n|t:|1781378122\n|move|p2a: Kricketune|Taunt|p1a: Klefki\n|-start|p1a: Klefki|move: Taunt\n|move|p1a: Klefki|Play Rough|p2a: Kricketune\n|-damage|p2a: Kricketune|0 fnt\n|faint|p2a: Kricketune\n|\n|-heal|p1a: Klefki|103/233|[from] item: Leftovers\n|upkeep\n|inactive|feraligatr08 has 120 seconds left.\n|\n|t:|1781378143\n|switch|p2a: Toucannon|Toucannon, L88, F|284/284\n|turn|13\n|\n|t:|1781378155\n|move|p2a: Toucannon|Boomburst|p1a: Klefki\n|-resisted|p1a: Klefki\n|-damage|p1a: Klefki|32/233\n|move|p1a: Klefki|Play Rough|p2a: Toucannon\n|-damage|p2a: Toucannon|193/284\n|\n|-heal|p1a: Klefki|46/233|[from] item: Leftovers\n|upkeep\n|turn|14\n|\n|t:|1781378172\n|move|p2a: Toucannon|Boomburst|p1a: Klefki\n|-resisted|p1a: Klefki\n|-damage|p1a: Klefki|0 fnt\n|faint|p1a: Klefki\n|\n|upkeep\n|\n|t:|1781378180\n|switch|p1a: Sandy Shocks|Sandy Shocks, L80|267/267\n|turn|15\n|\n|t:|1781378199\n|move|p1a: Sandy Shocks|Thunderbolt|p2a: Toucannon\n|-supereffective|p2a: Toucannon\n|-damage|p2a: Toucannon|0 fnt\n|faint|p2a: Toucannon\n|\n|upkeep\n|\n|t:|1781378206\n|switch|p2a: Hitmonlee|Hitmonlee, L85, M|224/224\n|-damage|p2a: Hitmonlee|168/224|[from] Spikes\n|turn|16\n|l|\u2606Vulva zol\n|inactive|Vulva zol disconnected and has a minute to reconnect!\n|player|p1|\n|inactive|Vulva zol has 30 seconds to reconnect!\n|j|\u2606Vulva zol\n|inactive|Vulva zol reconnected and has 110 seconds left.\n|player|p1|Vulva zol|1|\n|\n|t:|1781378254\n|move|p1a: Sandy Shocks|Volt Switch|p2a: Hitmonlee\n|-damage|p2a: Hitmonlee|96/224\n|\n|t:|1781378264\n|-end|p1a: Sandy Shocks|Protosynthesis|[silent]\n|switch|p1a: Zapdos|Zapdos-Galar, L77|265/265|[from] Volt Switch\n|move|p2a: Hitmonlee|Close Combat|p1a: Zapdos\n|-resisted|p1a: Zapdos\n|-damage|p1a: Zapdos|180/265\n|-unboost|p2a: Hitmonlee|def|1\n|-unboost|p2a: Hitmonlee|spd|1\n|-enditem|p2a: Hitmonlee|White Herb\n|-clearnegativeboost|p2a: Hitmonlee|[silent]\n|\n|upkeep\n|turn|17\n|inactive|feraligatr08 has 120 seconds left.\n|\n|t:|1781378294\n|move|p2a: Hitmonlee|Stone Edge|p1a: Zapdos\n|-damage|p1a: Zapdos|95/265\n|move|p1a: Zapdos|Brave Bird|p2a: Hitmonlee\n|-supereffective|p2a: Hitmonlee\n|-crit|p2a: Hitmonlee\n|-damage|p2a: Hitmonlee|0 fnt\n|faint|p2a: Hitmonlee\n|-damage|p1a: Zapdos|63/265|[from] Recoil\n|\n|upkeep\n|\n|t:|1781378297\n|switch|p2a: Iron Boulder|Iron Boulder, L77|265/265\n|-damage|p2a: Iron Boulder|199/265|[from] Spikes\n|-enditem|p2a: Iron Boulder|Booster Energy\n|-activate|p2a: Iron Boulder|ability: Quark Drive|[fromitem]\n|-start|p2a: Iron Boulder|quarkdrivespe\n|turn|18\n|inactive|Vulva zol has 90 seconds left.\n|\n|t:|1781378323\n|move|p2a: Iron Boulder|Swords Dance|p2a: Iron Boulder\n|-boost|p2a: Iron Boulder|atk|2\n|move|p1a: Zapdos|Brave Bird|p2a: Iron Boulder\n|-resisted|p2a: Iron Boulder\n|-damage|p2a: Iron Boulder|123/265\n|-damage|p1a: Zapdos|38/265|[from] Recoil\n|\n|upkeep\n|turn|19\n|inactive|Vulva zol has 90 seconds left.\n|inactive|feraligatr08 has 120 seconds left.\n|\n|t:|1781378353\n|move|p2a: Iron Boulder|Mighty Cleave|p1a: Zapdos\n|-damage|p1a: Zapdos|0 fnt\n|faint|p1a: Zapdos\n|\n|upkeep\n|\n|t:|1781378369\n|switch|p1a: Latias|Latias, L79, F|256/256\n|turn|20\n|inactive|feraligatr08 has 120 seconds left.\n|\n|t:|1781378395\n|-terastallize|p1a: Latias|Steel\n|move|p2a: Iron Boulder|Mighty Cleave|p1a: Latias\n|-resisted|p1a: Latias\n|-damage|p1a: Latias|148/256\n|move|p1a: Latias|Draco Meteor|p2a: Iron Boulder\n|-damage|p2a: Iron Boulder|0 fnt\n|-unboost|p1a: Latias|spa|2\n|faint|p2a: Iron Boulder\n|-end|p2a: Iron Boulder|Quark Drive|[silent]\n|\n|upkeep\n|\n|t:|1781378397\n|switch|p2a: Scyther|Scyther, L82, F|249/249\n|turn|21\n|inactive|Vulva zol has 90 seconds left.\n|l|\u2606Vulva zol\n|inactive|Vulva zol disconnected and has a minute to reconnect!\n|player|p1|\n|inactive|Vulva zol has 30 seconds to reconnect!\n|inactive|Vulva zol has 20 seconds to reconnect!\n|inactive|Vulva zol has 15 seconds to reconnect!\n|inactive|Vulva zol has 10 seconds to reconnect!\n|inactive|Vulva zol has 5 seconds to reconnect!\n|-message|Vulva zol lost due to inactivity.\n|\n|win|feraligatr08\n", "inputlog": ">version a8376a258c1d4662feba110a92103f3664a72141\n>start {\"formatid\":\"gen9randombattle\",\"seed\":\"sodium,6014b5fc5b3f11ade5dfd00fb5617c77\",\"rated\":\"Rated battle\"}\n>player p1 {\"name\":\"Vulva zol\",\"avatar\":\"1\",\"rating\":2078,\"seed\":\"sodium,e1d85f919dcb094fa64cc0ccf9eeb80e\"}\n>player p2 {\"name\":\"feraligatr08\",\"avatar\":\"colress\",\"rating\":2085,\"seed\":\"sodium,6197fe6809402aef85d7692ca864d3ea\"}\n>p1 move voltswitch\n>p2 move calmmind\n>p1 switch 3\n>p1 move uturn\n>p2 move psychic\n>p1 switch 4\n>p1 move playrough\n>p2 move shadowball\n>p2 switch 6\n>p1 move thunderwave\n>p2 move stickyweb\n>p1 move spikes\n>p2 move stickyweb\n>p1 move spikes\n>p2 move stickyweb\n>chat \u2606feraligatr08|wow well played\n>p1 move spikes\n>p2 move stickyweb\n>chat \u2606feraligatr08|holy shit you're so good at this gam\n>p1 move playrough\n>p2 move stickyweb\n>p1 move playrough\n>p2 move pounce\n>p1 move playrough\n>p2 move pounce\n>p1 move playrough\n>p2 move taunt\n>p1 move playrough\n>p2 move taunt\n>p2 switch 2\n>p1 move playrough\n>p2 move boomburst\n>p1 move playrough\n>p2 move boomburst\n>p1 switch 3\n>p1 move thunderbolt\n>p2 move roost\n>p2 switch 3\n>p1 move voltswitch\n>p2 move closecombat\n>p1 switch 4\n>p1 move bravebird\n>p2 move stoneedge\n>p2 switch 4\n>p1 move bravebird\n>p2 move swordsdance\n>p1 move bravebird\n>p2 move mightycleave\n>p1 switch 6\n>p1 move dracometeor terastallize\n>p2 move mightycleave\n>p2 switch 5\n>forcelose p1", "uploadtime": 1781377899, "views": 10, "formatid": "gen9randombattle", "rating": null, "private": 0, "password": null}