{"id": "gen9randombattle-2631377689", "format": "[Gen 9] Random Battle", "players": ["bulrug", "anateuh"], "log": "|j|\u203dbulrug\n|j|\u2606anateuh\n|t:|1781377512\n|gametype|singles\n|player|p1|bulrug|burglar|2021\n|player|p2|anateuh|2|1955\n|gen|9\n|tier|[Gen 9] Random Battle\n|rated|\n|rule|Species Clause: Limit one of each Pok\u00e9mon\n|rule|HP Percentage Mod: HP is shown in percentages\n|rule|Sleep Clause Mod: Limit one foe put to sleep\n|rule|Illusion Level Mod: Illusion disguises the Pok\u00e9mon's true level\n|\n|t:|1781377512\n|teamsize|p1|6\n|teamsize|p2|6\n|start\n|switch|p1a: Groudon|Groudon, L72|263/263\n|switch|p2a: Cobalion|Cobalion, L80|277/277\n|-weather|SunnyDay|[from] ability: Drought|[of] p1a: Groudon\n|turn|1\n|\n|t:|1781377529\n|switch|p2a: Lumineon|Lumineon, L93, M|279/279\n|move|p1a: Groudon|Stealth Rock|p2a: Lumineon\n|-sidestart|p2: anateuh|move: Stealth Rock\n|\n|-weather|SunnyDay|[upkeep]\n|upkeep\n|turn|2\n|\n|t:|1781377556\n|switch|p1a: Lumineon|Lumineon, L93, F|279/279\n|move|p2a: Lumineon|Ice Beam|p1a: Lumineon\n|-resisted|p1a: Lumineon\n|-damage|p1a: Lumineon|251/279\n|\n|-weather|SunnyDay|[upkeep]\n|upkeep\n|turn|3\n|\n|t:|1781377563\n|move|p1a: Lumineon|Alluring Voice|p2a: Lumineon\n|-damage|p2a: Lumineon|217/279\n|-damage|p1a: Lumineon|224/279|[from] item: Life Orb\n|move|p2a: Lumineon|U-turn|p1a: Lumineon\n|-damage|p1a: Lumineon|172/279\n|\n|t:|1781377570\n|switch|p2a: Noctowl|Noctowl, L95, F|344/344|[from] U-turn\n|\n|-weather|SunnyDay|[upkeep]\n|upkeep\n|turn|4\n|\n|t:|1781377574\n|move|p1a: Lumineon|Ice Beam|p2a: Noctowl\n|-supereffective|p2a: Noctowl\n|-damage|p2a: Noctowl|219/344\n|-damage|p1a: Lumineon|145/279|[from] item: Life Orb\n|move|p2a: Noctowl|Hyper Voice|p1a: Lumineon\n|-damage|p1a: Lumineon|51/279\n|\n|-weather|SunnyDay|[upkeep]\n|upkeep\n|turn|5\n|\n|t:|1781377579\n|switch|p1a: Pincurchin|Pincurchin, M|258/258\n|-fieldstart|move: Electric Terrain|[from] ability: Electric Surge|[of] p1a: Pincurchin\n|move|p2a: Noctowl|Hyper Voice|p1a: Pincurchin\n|-damage|p1a: Pincurchin|161/258\n|\n|-weather|none\n|-heal|p1a: Pincurchin|177/258|[from] item: Leftovers\n|upkeep\n|turn|6\n|\n|t:|1781377584\n|switch|p2a: Sandy Shocks|Sandy Shocks, L80|267/267\n|move|p1a: Pincurchin|Zing Zap|p2a: Sandy Shocks\n|-immune|p2a: Sandy Shocks\n|\n|-heal|p1a: Pincurchin|193/258|[from] item: Leftovers\n|upkeep\n|turn|7\n|\n|t:|1781377591\n|move|p2a: Sandy Shocks|Earth Power|p1a: Pincurchin\n|-supereffective|p1a: Pincurchin\n|-damage|p1a: Pincurchin|5/258\n|-unboost|p1a: Pincurchin|spd|1\n|move|p1a: Pincurchin|Liquidation|p2a: Sandy Shocks\n|-supereffective|p2a: Sandy Shocks\n|-damage|p2a: Sandy Shocks|97/267\n|\n|-heal|p1a: Pincurchin|21/258|[from] item: Leftovers\n|upkeep\n|turn|8\n|\n|t:|1781377597\n|move|p2a: Sandy Shocks|Volt Switch|p1a: Pincurchin\n|-resisted|p1a: Pincurchin\n|-damage|p1a: Pincurchin|0 fnt\n|faint|p1a: Pincurchin\n|\n|t:|1781377602\n|-end|p2a: Sandy Shocks|Protosynthesis|[silent]\n|switch|p2a: Lumineon|Lumineon, L93, M|217/279|[from] Volt Switch\n|\n|upkeep\n|\n|t:|1781377611\n|switch|p1a: Spidops|Spidops, L96, M|271/271\n|turn|9\n|\n|t:|1781377619\n|move|p2a: Lumineon|Ice Beam|p1a: Spidops\n|-damage|p1a: Spidops|213/271\n|move|p1a: Spidops|Sticky Web|p2a: Lumineon\n|-sidestart|p2: anateuh|move: Sticky Web\n|\n|-fieldend|move: Electric Terrain\n|upkeep\n|turn|10\n|\n|t:|1781377622\n|switch|p1a: Lumineon|Lumineon, L93, F|51/279\n|move|p2a: Lumineon|Encore||[still]\n|-fail|p2a: Lumineon\n|\n|upkeep\n|turn|11\n|\n|t:|1781377624\n|move|p1a: Lumineon|Alluring Voice|p2a: Lumineon\n|-damage|p2a: Lumineon|157/279\n|-damage|p1a: Lumineon|24/279|[from] item: Life Orb\n|move|p2a: Lumineon|U-turn|p1a: Lumineon\n|-damage|p1a: Lumineon|0 fnt\n|faint|p1a: Lumineon\n|\n|t:|1781377632\n|switch|p2a: Sandy Shocks|Sandy Shocks, L80|97/267|[from] U-turn\n|\n|upkeep\n|\n|t:|1781377645\n|switch|p1a: Spidops|Spidops, L96, M|213/271\n|turn|12\n|\n|t:|1781377648\n|move|p2a: Sandy Shocks|Thunderbolt|p1a: Spidops\n|-damage|p1a: Spidops|126/271\n|move|p1a: Spidops|Knock Off|p2a: Sandy Shocks\n|-damage|p2a: Sandy Shocks|26/267\n|-enditem|p2a: Sandy Shocks|Heavy-Duty Boots|[from] move: Knock Off|[of] p1a: Spidops\n|\n|upkeep\n|turn|13\n|\n|t:|1781377653\n|move|p2a: Sandy Shocks|Thunderbolt|p1a: Spidops\n|-damage|p1a: Spidops|38/271\n|move|p1a: Spidops|Knock Off|p2a: Sandy Shocks\n|-damage|p2a: Sandy Shocks|0 fnt\n|faint|p2a: Sandy Shocks\n|-end|p2a: Sandy Shocks|Protosynthesis|[silent]\n|\n|upkeep\n|\n|t:|1781377655\n|switch|p2a: Kleavor|Kleavor, L78, F|237/237\n|turn|14\n|\n|t:|1781377660\n|move|p2a: Kleavor|Defog|p1a: Spidops\n|-unboost|p1a: Spidops|evasion|1\n|-sideend|p2: anateuh|Stealth Rock|[from] move: Defog|[of] p2a: Kleavor\n|-sideend|p2: anateuh|Sticky Web|[from] move: Defog|[of] p2a: Kleavor\n|move|p1a: Spidops|U-turn|p2a: Kleavor\n|-damage|p2a: Kleavor|152/237\n|\n|t:|1781377665\n|switch|p1a: Groudon|Groudon, L72|263/263|[from] U-turn\n|-weather|SunnyDay|[from] ability: Drought|[of] p1a: Groudon\n|\n|-weather|SunnyDay|[upkeep]\n|upkeep\n|turn|15\n|\n|t:|1781377676\n|move|p2a: Kleavor|Stone Axe|p1a: Groudon\n|-resisted|p1a: Groudon\n|-damage|p1a: Groudon|213/263\n|-sidestart|p1: bulrug|move: Stealth Rock\n|move|p1a: Groudon|Heat Crash|p2a: Kleavor\n|-damage|p2a: Kleavor|28/237\n|\n|-weather|SunnyDay|[upkeep]\n|-heal|p1a: Groudon|229/263|[from] item: Leftovers\n|upkeep\n|turn|16\n|\n|t:|1781377685\n|move|p2a: Kleavor|X-Scissor|p1a: Groudon\n|-damage|p1a: Groudon|111/263\n|move|p1a: Groudon|Heat Crash|p2a: Kleavor\n|-damage|p2a: Kleavor|0 fnt\n|faint|p2a: Kleavor\n|\n|-weather|SunnyDay|[upkeep]\n|-heal|p1a: Groudon|127/263|[from] item: Leftovers\n|upkeep\n|\n|t:|1781377694\n|switch|p2a: Lumineon|Lumineon, L93, M|157/279\n|turn|17\n|\n|t:|1781377697\n|move|p2a: Lumineon|Ice Beam|p1a: Groudon\n|-supereffective|p1a: Groudon\n|-damage|p1a: Groudon|0 fnt\n|faint|p1a: Groudon\n|\n|-weather|SunnyDay|[upkeep]\n|upkeep\n|\n|t:|1781377710\n|switch|p1a: Polteageist|Polteageist, L78|222/222\n|-damage|p1a: Polteageist|195/222|[from] Stealth Rock\n|turn|18\n|\n|t:|1781377721\n|move|p2a: Lumineon|Ice Beam|p1a: Polteageist\n|-damage|p1a: Polteageist|141/222\n|move|p1a: Polteageist|Shell Smash|p1a: Polteageist\n|-unboost|p1a: Polteageist|def|1\n|-unboost|p1a: Polteageist|spd|1\n|-boost|p1a: Polteageist|atk|2\n|-boost|p1a: Polteageist|spa|2\n|-boost|p1a: Polteageist|spe|2\n|-enditem|p1a: Polteageist|White Herb\n|-clearnegativeboost|p1a: Polteageist|[silent]\n|\n|-weather|none\n|upkeep\n|turn|19\n|\n|t:|1781377732\n|move|p1a: Polteageist|Stored Power|p2a: Lumineon\n|-damage|p2a: Lumineon|0 fnt\n|faint|p2a: Lumineon\n|\n|upkeep\n|\n|t:|1781377742\n|switch|p2a: Cobalion|Cobalion, L80|277/277\n|turn|20\n|\n|t:|1781377750\n|-terastallize|p1a: Polteageist|Fighting\n|move|p1a: Polteageist|Tera Blast|p2a: Cobalion|[anim] Tera Blast Fighting\n|-supereffective|p2a: Cobalion\n|-damage|p2a: Cobalion|0 fnt\n|faint|p2a: Cobalion\n|\n|upkeep\n|\n|t:|1781377755\n|switch|p2a: Noctowl|Noctowl, L95, F|219/344\n|turn|21\n|\n|t:|1781377762\n|move|p1a: Polteageist|Stored Power|p2a: Noctowl\n|-damage|p2a: Noctowl|29/344\n|move|p2a: Noctowl|Hurricane|p1a: Polteageist\n|-supereffective|p1a: Polteageist\n|-damage|p1a: Polteageist|0 fnt\n|faint|p1a: Polteageist\n|\n|upkeep\n|\n|t:|1781377766\n|switch|p1a: Forretress|Forretress, L84, M|263/263\n|-damage|p1a: Forretress|231/263|[from] Stealth Rock\n|turn|22\n|\n|t:|1781377770\n|move|p2a: Noctowl|Hyper Voice|p1a: Forretress\n|-resisted|p1a: Forretress\n|-damage|p1a: Forretress|87/263\n|move|p1a: Forretress|Rapid Spin|p2a: Noctowl\n|-damage|p2a: Noctowl|0 fnt\n|-boost|p1a: Forretress|spe|1\n|-sideend|p1: bulrug|Stealth Rock|[from] move: Rapid Spin|[of] p1a: Forretress\n|faint|p2a: Noctowl\n|\n|-heal|p1a: Forretress|103/263|[from] item: Leftovers\n|upkeep\n|\n|t:|1781377773\n|switch|p2a: Quaquaval|Quaquaval, L79, M|264/264\n|turn|23\n|\n|t:|1781377780\n|move|p2a: Quaquaval|Close Combat|p1a: Forretress\n|-damage|p1a: Forretress|0 fnt\n|-unboost|p2a: Quaquaval|def|1\n|-unboost|p2a: Quaquaval|spd|1\n|faint|p1a: Forretress\n|-ability|p2a: Quaquaval|Moxie|boost\n|-boost|p2a: Quaquaval|atk|1\n|-damage|p2a: Quaquaval|238/264|[from] item: Life Orb\n|\n|upkeep\n|\n|t:|1781377782\n|switch|p1a: Spidops|Spidops, L96, M|38/271\n|turn|24\n|\n|t:|1781377784\n|move|p2a: Quaquaval|Aqua Step|p1a: Spidops\n|-damage|p1a: Spidops|0 fnt\n|-boost|p2a: Quaquaval|spe|1\n|faint|p1a: Spidops\n|-damage|p2a: Quaquaval|212/264|[from] item: Life Orb\n|\n|win|anateuh\n", "inputlog": ">version a8376a258c1d4662feba110a92103f3664a72141\n>start {\"formatid\":\"gen9randombattle\",\"seed\":\"sodium,d809e5b0fba3f95be2b3b1f219d93dab\",\"rated\":\"Rated battle\"}\n>player p1 {\"name\":\"bulrug\",\"avatar\":\"burglar\",\"rating\":2021,\"seed\":\"sodium,6134513d2da8746feea5c55bfdedb7bc\"}\n>player p2 {\"name\":\"anateuh\",\"avatar\":\"2\",\"rating\":1955,\"seed\":\"sodium,b74dee7830179cda29c8eae05498d5f7\"}\n>p1 move stealthrock\n>p2 switch 4\n>p1 switch 2\n>p2 move icebeam\n>p1 move alluringvoice\n>p2 move uturn\n>p2 switch 5\n>p1 move icebeam\n>p2 move hypervoice\n>p1 switch 6\n>p2 move hypervoice\n>p1 move zingzap\n>p2 switch 3\n>p1 move liquidation\n>p2 move earthpower\n>p1 move liquidation\n>p2 move voltswitch\n>p2 switch 5\n>p1 switch 5\n>p1 move stickyweb\n>p2 move icebeam\n>p1 switch 6\n>p2 move encore\n>p1 move alluringvoice\n>p2 move uturn\n>p2 switch 5\n>p1 switch 6\n>p1 move knockoff\n>p2 move thunderbolt\n>p1 move knockoff\n>p2 move thunderbolt\n>p2 switch 6\n>p1 move uturn\n>p2 move defog\n>p1 switch 2\n>p1 move heatcrash\n>p2 move stoneaxe\n>p1 move heatcrash\n>p2 move xscissor\n>p2 switch 5\n>p1 move precipiceblades\n>p2 move icebeam\n>p1 switch 4\n>p1 move shellsmash\n>p2 move icebeam\n>p1 move storedpower\n>p2 move encore\n>p2 switch 4\n>p1 move terablast terastallize\n>p2 move flashcannon\n>p2 switch 3\n>p1 move storedpower\n>p2 move hurricane\n>p1 switch 3\n>p1 move rapidspin\n>p2 move hypervoice\n>p2 switch 2\n>p1 move bodypress\n>p2 move closecombat\n>p1 switch 2\n>p1 move circlethrow\n>p2 move aquastep", "uploadtime": 1781377514, "views": 8, "formatid": "gen9randombattle", "rating": null, "private": 0, "password": null}