{"id": "gen9randombattle-2631645374", "format": "[Gen 9] Random Battle", "players": ["jimbimis", "Lo2S"], "log": "|j|\u2606jimbimis\n|j|\u2606Lo2S\n|t:|1781414077\n|gametype|singles\n|player|p1|jimbimis|pokemaniac|1142\n|player|p2|Lo2S|nate|1131\n|gen|9\n|tier|[Gen 9] Random Battle\n|rated|\n|rule|Species Clause: Limit one of each Pok\u00e9mon\n|rule|HP Percentage Mod: HP is shown in percentages\n|rule|Sleep Clause Mod: Limit one foe put to sleep\n|rule|Illusion Level Mod: Illusion disguises the Pok\u00e9mon's true level\n|\n|t:|1781414077\n|teamsize|p1|6\n|teamsize|p2|6\n|start\n|switch|p1a: Lokix|Lokix, L82, F|251/251\n|switch|p2a: Dodrio|Dodrio, L85, F|241/241\n|turn|1\n|inactive|Battle timer is ON: inactive players will automatically lose when time's up. (requested by jimbimis)\n|inactive|jimbimis has 120 seconds left.\n|l|\u2606Lo2S\n|inactive|Lo2S disconnected and has a minute to reconnect!\n|player|p2|\n|\n|t:|1781414115\n|switch|p1a: Kommo-o|Kommo-o, L78, M|245/245\n|move|p2a: Dodrio|Brave Bird|p1a: Kommo-o\n|-supereffective|p1a: Kommo-o\n|-crit|p1a: Kommo-o\n|-damage|p1a: Kommo-o|0 fnt\n|faint|p1a: Kommo-o\n|-damage|p2a: Dodrio|160/241|[from] Recoil\n|\n|upkeep\n|\n|t:|1781414143\n|switch|p1a: Dodrio|Dodrio, L85, M|241/241\n|turn|2\n|inactive|Lo2S has 30 seconds to reconnect!\n|j|\u2606Lo2S\n|inactive|Lo2S reconnected and has 120 seconds left.\n|player|p2|Lo2S|nate|\n|\n|t:|1781414193\n|switch|p2a: Zekrom|Zekrom, L71|259/259\n|-ability|p2a: Zekrom|Teravolt\n|move|p1a: Dodrio|Double-Edge|p2a: Zekrom\n|-damage|p2a: Zekrom|124/259\n|-damage|p1a: Dodrio|196/241|[from] Recoil\n|\n|-heal|p2a: Zekrom|140/259|[from] item: Leftovers\n|upkeep\n|turn|3\n|inactive|Lo2S has 90 seconds left.\n|\n|t:|1781414218\n|move|p1a: Dodrio|Double-Edge|p2a: Zekrom\n|-damage|p2a: Zekrom|13/259\n|-damage|p1a: Dodrio|154/241|[from] Recoil\n|move|p2a: Zekrom|Dragon Dance|p2a: Zekrom\n|-boost|p2a: Zekrom|atk|1\n|-boost|p2a: Zekrom|spe|1\n|\n|-heal|p2a: Zekrom|29/259|[from] item: Leftovers\n|upkeep\n|turn|4\n|\n|t:|1781414234\n|switch|p1a: Lokix|Lokix, L82, F|251/251\n|move|p2a: Zekrom|Bolt Strike|p1a: Lokix|[miss]\n|-miss|p2a: Zekrom|p1a: Lokix\n|\n|-heal|p2a: Zekrom|45/259|[from] item: Leftovers\n|upkeep\n|turn|5\n|\n|t:|1781414244\n|move|p1a: Lokix|First Impression|p2a: Zekrom\n|-damage|p2a: Zekrom|0 fnt\n|faint|p2a: Zekrom\n|\n|upkeep\n|\n|t:|1781414249\n|switch|p2a: Dodrio|Dodrio, L85, F|160/241\n|turn|6\n|\n|t:|1781414270\n|switch|p1a: Clawitzer|Clawitzer, L87, M|265/265\n|move|p2a: Dodrio|Brave Bird|p1a: Clawitzer\n|-damage|p1a: Clawitzer|72/265\n|-damage|p2a: Dodrio|96/241|[from] Recoil\n|\n|upkeep\n|turn|7\n|inactive|Lo2S has 90 seconds left.\n|inactive|Lo2S has 60 seconds left.\n|\n|t:|1781414316\n|switch|p2a: Toxapex|Toxapex, L82, M|216/216\n|move|p1a: Clawitzer|Water Pulse|p2a: Toxapex\n|-resisted|p2a: Toxapex\n|-damage|p2a: Toxapex|175/216\n|-start|p2a: Toxapex|confusion\n|\n|-heal|p2a: Toxapex|188/216|[from] item: Leftovers\n|upkeep\n|turn|8\n|inactive|Lo2S has 60 seconds left.\n|inactive|jimbimis has 120 seconds left.\n|\n|t:|1781414339\n|move|p1a: Clawitzer|Dragon Pulse|p2a: Toxapex\n|-damage|p2a: Toxapex|115/216\n|-activate|p2a: Toxapex|confusion\n|-damage|p2a: Toxapex|101/216|[from] confusion\n|\n|-heal|p2a: Toxapex|114/216|[from] item: Leftovers\n|upkeep\n|turn|9\n|inactive|Lo2S has 60 seconds left.\n|\n|t:|1781414347\n|move|p1a: Clawitzer|Dragon Pulse|p2a: Toxapex\n|-damage|p2a: Toxapex|32/216\n|-activate|p2a: Toxapex|confusion\n|move|p2a: Toxapex|Liquidation|p1a: Clawitzer\n|-resisted|p1a: Clawitzer\n|-damage|p1a: Clawitzer|40/265\n|\n|-heal|p2a: Toxapex|45/216|[from] item: Leftovers\n|upkeep\n|turn|10\n|inactive|Lo2S has 60 seconds left.\n|\n|t:|1781414358\n|switch|p2a: Phione|Phione, L91|293/293\n|move|p1a: Clawitzer|Dragon Pulse|p2a: Phione\n|-damage|p2a: Phione|173/293\n|\n|-heal|p2a: Phione|191/293|[from] item: Leftovers\n|upkeep\n|turn|11\n|\n|t:|1781414370\n|move|p2a: Phione|Scald|p1a: Clawitzer\n|-resisted|p1a: Clawitzer\n|-damage|p1a: Clawitzer|11/265\n|-status|p1a: Clawitzer|brn\n|move|p1a: Clawitzer|Dragon Pulse|p2a: Phione\n|-damage|p2a: Phione|78/293\n|\n|-heal|p2a: Phione|96/293|[from] item: Leftovers\n|-damage|p1a: Clawitzer|0 fnt|[from] brn\n|faint|p1a: Clawitzer\n|upkeep\n|l|\u2606Lo2S\n|inactive|Lo2S disconnected and has a minute to reconnect!\n|player|p2|\n|inactive|jimbimis has 120 seconds left.\n|\n|t:|1781414395\n|switch|p1a: Espeon|Espeon, L84, F|246/246\n|turn|12\n|j|\u2606Lo2S\n|inactive|Lo2S reconnected and has 75 seconds left.\n|player|p2|Lo2S|nate|\n|inactive|jimbimis has 120 seconds left.\n|\n|t:|1781414412\n|switch|p2a: Spiritomb|Spiritomb, L89, M|234/234\n|move|p1a: Espeon|Psyshock|p2a: Spiritomb\n|-immune|p2a: Spiritomb\n|\n|upkeep\n|turn|13\n|inactive|jimbimis has 120 seconds left.\n|\n|t:|1781414425\n|switch|p1a: Sylveon|Sylveon, L85, M|300/300\n|move|p2a: Spiritomb|Toxic|p1a: Sylveon\n|-status|p1a: Sylveon|tox\n|\n|-damage|p1a: Sylveon|282/300 tox|[from] psn\n|upkeep\n|turn|14\n|inactive|jimbimis has 120 seconds left.\n|\n|t:|1781414437\n|switch|p2a: Toxapex|Toxapex, L82, M|117/216\n|move|p1a: Sylveon|Hyper Voice|p2a: Toxapex\n|-resisted|p2a: Toxapex\n|-damage|p2a: Toxapex|74/216\n|\n|-heal|p1a: Sylveon|300/300 tox|[from] item: Leftovers\n|-heal|p2a: Toxapex|87/216|[from] item: Leftovers\n|-damage|p1a: Sylveon|264/300 tox|[from] psn\n|upkeep\n|turn|15\n|inactive|jimbimis has 120 seconds left.\n|\n|t:|1781414459\n|switch|p2a: Meowstic|Meowstic, L89, M|277/277\n|-terastallize|p1a: Sylveon|Steel\n|move|p1a: Sylveon|Calm Mind|p1a: Sylveon\n|-boost|p1a: Sylveon|spa|1\n|-boost|p1a: Sylveon|spd|1\n|\n|-heal|p1a: Sylveon|282/300 tox|[from] item: Leftovers\n|-damage|p1a: Sylveon|228/300 tox|[from] psn\n|upkeep\n|turn|16\n|inactive|jimbimis has 120 seconds left.\n|inactive|Lo2S has 60 seconds left.\n|\n|t:|1781414497\n|switch|p2a: Toxapex|Toxapex, L82, M|159/216\n|move|p1a: Sylveon|Hyper Voice|p2a: Toxapex\n|-resisted|p2a: Toxapex\n|-damage|p2a: Toxapex|90/216\n|\n|-heal|p1a: Sylveon|246/300 tox|[from] item: Leftovers\n|-heal|p2a: Toxapex|103/216|[from] item: Leftovers\n|-damage|p1a: Sylveon|174/300 tox|[from] psn\n|upkeep\n|turn|17\n|\n|t:|1781414507\n|move|p1a: Sylveon|Wish|p1a: Sylveon\n|move|p2a: Toxapex|Recover|p2a: Toxapex\n|-heal|p2a: Toxapex|211/216\n|\n|-heal|p1a: Sylveon|192/300 tox|[from] item: Leftovers\n|-heal|p2a: Toxapex|216/216|[from] item: Leftovers\n|-damage|p1a: Sylveon|102/300 tox|[from] psn\n|upkeep\n|turn|18\n|inactive|Lo2S has 60 seconds left.\n|\n|t:|1781414513\n|move|p1a: Sylveon|Hyper Voice|p2a: Toxapex\n|-resisted|p2a: Toxapex\n|-damage|p2a: Toxapex|146/216\n|move|p2a: Toxapex|Haze|p2a: Toxapex\n|-clearallboost\n|\n|-heal|p1a: Sylveon|252/300 tox|[from] move: Wish|[wisher] Sylveon\n|-heal|p1a: Sylveon|270/300 tox|[from] item: Leftovers\n|-heal|p2a: Toxapex|159/216|[from] item: Leftovers\n|-damage|p1a: Sylveon|162/300 tox|[from] psn\n|upkeep\n|turn|19\n|inactive|jimbimis has 120 seconds left.\n|\n|t:|1781414533\n|switch|p1a: Dodrio|Dodrio, L85, M|154/241\n|move|p2a: Toxapex|Toxic Spikes|p1a: Dodrio\n|-sidestart|p1: jimbimis|move: Toxic Spikes\n|\n|-heal|p2a: Toxapex|172/216|[from] item: Leftovers\n|upkeep\n|turn|20\n|inactive|jimbimis has 120 seconds left.\n|inactive|Lo2S has 60 seconds left.\n|\n|t:|1781414548\n|switch|p2a: Spiritomb|Spiritomb, L89, M|234/234\n|move|p1a: Dodrio|Drill Run|p2a: Spiritomb\n|-damage|p2a: Spiritomb|185/234\n|\n|-heal|p2a: Spiritomb|199/234|[from] item: Leftovers\n|upkeep\n|turn|21\n|inactive|jimbimis has 120 seconds left.\n|\n|t:|1781414570\n|move|p1a: Dodrio|Brave Bird|p2a: Spiritomb\n|-damage|p2a: Spiritomb|88/234\n|-damage|p1a: Dodrio|117/241|[from] Recoil\n|move|p2a: Spiritomb|Foul Play|p1a: Dodrio\n|-damage|p1a: Dodrio|0 fnt\n|faint|p1a: Dodrio\n|\n|-heal|p2a: Spiritomb|102/234|[from] item: Leftovers\n|upkeep\n|\n|t:|1781414580\n|switch|p1a: Espeon|Espeon, L84, F|246/246\n|-status|p1a: Espeon|psn\n|turn|22\n|\n|t:|1781414588\n|move|p2a: Spiritomb|Shadow Sneak|p1a: Espeon\n|-supereffective|p1a: Espeon\n|-damage|p1a: Espeon|120/246 psn\n|move|p1a: Espeon|Alluring Voice|p2a: Spiritomb\n|-supereffective|p2a: Spiritomb\n|-damage|p2a: Spiritomb|0 fnt\n|faint|p2a: Spiritomb\n|\n|-damage|p1a: Espeon|90/246 psn|[from] psn\n|upkeep\n|\n|t:|1781414604\n|switch|p2a: Toxapex|Toxapex, L82, M|216/216\n|turn|23\n|\n|t:|1781414608\n|-terastallize|p2a: Toxapex|Steel\n|move|p1a: Espeon|Alluring Voice|p2a: Toxapex\n|-resisted|p2a: Toxapex\n|-damage|p2a: Toxapex|176/216\n|move|p2a: Toxapex|Liquidation|p1a: Espeon\n|-damage|p1a: Espeon|5/246 psn\n|\n|-heal|p2a: Toxapex|189/216|[from] item: Leftovers\n|-damage|p1a: Espeon|0 fnt|[from] psn\n|faint|p1a: Espeon\n|upkeep\n|-message|jimbimis forfeited.\n|\n|win|Lo2S\n|raw|jimbimis's rating: 1142 &rarr; <strong>1116</strong><br />(-26 for losing)\n|raw|Lo2S's rating: 1131 &rarr; <strong>1157</strong><br />(+26 for winning)\n|l|\u2606jimbimis\n|player|p1|\n", "inputlog": ">version a8376a258c1d4662feba110a92103f3664a72141\n>start {\"formatid\":\"gen9randombattle\",\"seed\":\"sodium,7275da394d2fbe97f6e2f077c0fcd3b8\",\"rated\":\"Rated battle\"}\n>player p1 {\"name\":\"jimbimis\",\"avatar\":\"pokemaniac\",\"rating\":1142,\"seed\":\"sodium,f80e29d1e8815b4cddd45b918be28e65\"}\n>player p2 {\"name\":\"Lo2S\",\"avatar\":\"nate\",\"rating\":1131,\"seed\":\"sodium,cd5c1c62d36679af93ad5d7498e5eb13\"}\n>p1 switch 4\n>p2 move bravebird\n>p1 switch 3\n>p1 move doubleedge\n>p2 switch 2\n>p1 move doubleedge\n>p2 move dragondance\n>p1 switch 4\n>p2 move boltstrike\n>p1 move firstimpression\n>p2 move outrage\n>p2 switch 2\n>p1 switch 2\n>p2 move bravebird\n>p1 move waterpulse\n>p2 switch 4\n>p1 move dragonpulse\n>p2 move liquidation\n>p1 move dragonpulse\n>p2 move liquidation\n>p1 move dragonpulse\n>p2 switch 6\n>p1 move dragonpulse\n>p2 move scald\n>p1 switch 6\n>p1 move psyshock\n>p2 switch 3\n>p1 switch 5\n>p2 move toxic\n>p1 move hypervoice\n>p2 switch 6\n>p1 move calmmind terastallize\n>p2 switch 5\n>p1 move hypervoice\n>p2 switch 5\n>p1 move wish\n>p2 move recover\n>p1 move hypervoice\n>p2 move haze\n>p1 switch 4\n>p2 move toxicspikes\n>p1 move drillrun\n>p2 switch 6\n>p1 move bravebird\n>p2 move foulplay\n>p1 switch 5\n>p1 move alluringvoice\n>p2 move shadowsneak\n>p2 switch 6\n>p1 move alluringvoice\n>p2 move liquidation terastallize\n>forcelose p1", "uploadtime": 1781414622, "views": 4, "formatid": "gen9randombattle", "rating": 1116, "private": 0, "password": null}