{"id": "gen9randombattle-2631778598", "format": "[Gen 9] Random Battle", "players": ["jsjsiis", "l'ingegnere"], "log": "|j|\u2606jsjsiis\n|j|\u2606l'ingegnere\n|t:|1781438280\n|gametype|singles\n|player|p1|jsjsiis|1|1970\n|player|p2|l'ingegnere|scientist-gen4|1949\n|gen|9\n|tier|[Gen 9] Random Battle\n|rated|\n|rule|Species Clause: Limit one of each Pok\u00e9mon\n|rule|HP Percentage Mod: HP is shown in percentages\n|rule|Sleep Clause Mod: Limit one foe put to sleep\n|rule|Illusion Level Mod: Illusion disguises the Pok\u00e9mon's true level\n|\n|t:|1781438280\n|teamsize|p1|6\n|teamsize|p2|6\n|start\n|switch|p1a: Blastoise|Blastoise, L80, M|258/258\n|switch|p2a: Hydreigon|Hydreigon, L79, F|275/275\n|turn|1\n|inactive|Battle timer is ON: inactive players will automatically lose when time's up. (requested by jsjsiis)\n|\n|t:|1781438299\n|switch|p1a: Pachirisu|Pachirisu, L96, M|271/271\n|move|p2a: Hydreigon|Draco Meteor|p1a: Pachirisu\n|-damage|p1a: Pachirisu|161/271\n|-unboost|p2a: Hydreigon|spa|2\n|-damage|p2a: Hydreigon|248/275|[from] item: Life Orb\n|\n|upkeep\n|turn|2\n|\n|t:|1781438309\n|switch|p2a: Quagsire|Quagsire, L84, F|297/297\n|move|p1a: Pachirisu|Super Fang|p2a: Quagsire\n|-damage|p2a: Quagsire|149/297\n|\n|-heal|p2a: Quagsire|167/297|[from] item: Leftovers\n|upkeep\n|turn|3\n|\n|t:|1781438317\n|move|p1a: Pachirisu|U-turn|p2a: Quagsire\n|-damage|p2a: Quagsire|128/297\n|\n|t:|1781438321\n|switch|p1a: Leafeon|Leafeon, L88, M|258/258|[from] U-turn\n|move|p2a: Quagsire|Toxic|p1a: Leafeon\n|-status|p1a: Leafeon|tox\n|\n|-heal|p2a: Quagsire|146/297|[from] item: Leftovers\n|-damage|p1a: Leafeon|242/258 tox|[from] psn\n|upkeep\n|turn|4\n|\n|t:|1781438329\n|switch|p2a: Hydreigon|Hydreigon, L79, F|248/275\n|move|p1a: Leafeon|Knock Off|p2a: Hydreigon\n|-resisted|p2a: Hydreigon\n|-damage|p2a: Hydreigon|192/275\n|-enditem|p2a: Hydreigon|Life Orb|[from] move: Knock Off|[of] p1a: Leafeon\n|-damage|p1a: Leafeon|217/258 tox|[from] item: Life Orb\n|\n|-damage|p1a: Leafeon|185/258 tox|[from] psn\n|upkeep\n|turn|5\n|\n|t:|1781438340\n|switch|p1a: Pachirisu|Pachirisu, L96, M|161/271\n|move|p2a: Hydreigon|Draco Meteor|p1a: Pachirisu\n|-damage|p1a: Pachirisu|68/271\n|-unboost|p2a: Hydreigon|spa|2\n|\n|upkeep\n|turn|6\n|\n|t:|1781438346\n|switch|p2a: Quagsire|Quagsire, L84, F|146/297\n|move|p1a: Pachirisu|U-turn|p2a: Quagsire\n|-damage|p2a: Quagsire|107/297\n|\n|t:|1781438355\n|switch|p1a: Leafeon|Leafeon, L88, M|185/258 tox|[from] U-turn\n|\n|-heal|p2a: Quagsire|125/297|[from] item: Leftovers\n|-damage|p1a: Leafeon|169/258 tox|[from] psn\n|upkeep\n|turn|7\n|\n|t:|1781438360\n|switch|p2a: Hydreigon|Hydreigon, L79, F|192/275\n|move|p1a: Leafeon|Leaf Blade|p2a: Hydreigon\n|-resisted|p2a: Hydreigon\n|-crit|p2a: Hydreigon\n|-damage|p2a: Hydreigon|79/275\n|-damage|p1a: Leafeon|144/258 tox|[from] item: Life Orb\n|\n|-damage|p1a: Leafeon|112/258 tox|[from] psn\n|upkeep\n|turn|8\n|\n|t:|1781438374\n|move|p1a: Leafeon|Leaf Blade|p2a: Hydreigon\n|-resisted|p2a: Hydreigon\n|-damage|p2a: Hydreigon|2/275\n|-damage|p1a: Leafeon|87/258 tox|[from] item: Life Orb\n|move|p2a: Hydreigon|Dark Pulse|p1a: Leafeon\n|-damage|p1a: Leafeon|0 fnt\n|faint|p1a: Leafeon\n|\n|upkeep\n|\n|t:|1781438378\n|switch|p1a: Pachirisu|Pachirisu, L96, M|68/271\n|turn|9\n|\n|t:|1781438382\n|switch|p2a: Quagsire|Quagsire, L84, F|125/297\n|move|p1a: Pachirisu|U-turn|p2a: Quagsire\n|-damage|p2a: Quagsire|87/297\n|\n|t:|1781438388\n|switch|p1a: Wugtrio|Wugtrio, L91, F|212/212|[from] U-turn\n|\n|-heal|p2a: Quagsire|105/297|[from] item: Leftovers\n|upkeep\n|turn|10\n|\n|t:|1781438393\n|switch|p2a: Duraludon|Duraludon, L82, M|249/249\n|move|p1a: Wugtrio|Liquidation|p2a: Duraludon\n|-resisted|p2a: Duraludon\n|-damage|p2a: Duraludon|206/249\n|\n|upkeep\n|turn|11\n|\n|t:|1781438401\n|switch|p1a: Pachirisu|Pachirisu, L96, M|68/271\n|move|p2a: Duraludon|Body Press|p1a: Pachirisu\n|-damage|p1a: Pachirisu|5/271\n|\n|upkeep\n|turn|12\n|\n|t:|1781438404\n|switch|p2a: Quagsire|Quagsire, L84, F|105/297\n|move|p1a: Pachirisu|Super Fang|p2a: Quagsire\n|-damage|p2a: Quagsire|53/297\n|\n|-heal|p2a: Quagsire|71/297|[from] item: Leftovers\n|upkeep\n|turn|13\n|\n|t:|1781438410\n|move|p1a: Pachirisu|Super Fang|p2a: Quagsire|[miss]\n|-miss|p1a: Pachirisu|p2a: Quagsire\n|move|p2a: Quagsire|Recover|p2a: Quagsire\n|-heal|p2a: Quagsire|220/297\n|\n|-heal|p2a: Quagsire|238/297|[from] item: Leftovers\n|upkeep\n|turn|14\n|\n|t:|1781438417\n|move|p1a: Pachirisu|Super Fang|p2a: Quagsire\n|-damage|p2a: Quagsire|119/297\n|move|p2a: Quagsire|Spikes|p1a: Pachirisu\n|-sidestart|p1: jsjsiis|Spikes\n|\n|-heal|p2a: Quagsire|137/297|[from] item: Leftovers\n|upkeep\n|turn|15\n|\n|t:|1781438425\n|move|p1a: Pachirisu|U-turn|p2a: Quagsire\n|-damage|p2a: Quagsire|98/297\n|\n|t:|1781438427\n|switch|p1a: Glimmora|Glimmora, L75, F|248/248|[from] U-turn\n|-damage|p1a: Glimmora|217/248|[from] Spikes\n|move|p2a: Quagsire|Recover|p2a: Quagsire\n|-heal|p2a: Quagsire|247/297\n|\n|-heal|p2a: Quagsire|265/297|[from] item: Leftovers\n|upkeep\n|turn|16\n|\n|t:|1781438432\n|move|p1a: Glimmora|Energy Ball|p2a: Quagsire\n|-supereffective|p2a: Quagsire\n|-damage|p2a: Quagsire|0 fnt\n|faint|p2a: Quagsire\n|\n|upkeep\n|\n|t:|1781438447\n|switch|p2a: Duraludon|Duraludon, L82, M|206/249\n|turn|17\n|\n|t:|1781438460\n|switch|p1a: Pachirisu|Pachirisu, L96, M|5/271\n|-damage|p1a: Pachirisu|0 fnt|[from] Spikes\n|faint|p1a: Pachirisu\n|move|p2a: Duraludon|Flash Cannon|p1: Pachirisu|[notarget]\n|-fail|p2a: Duraludon\n|\n|upkeep\n|\n|t:|1781438470\n|switch|p1a: Blastoise|Blastoise, L80, M|258/258\n|-damage|p1a: Blastoise|226/258|[from] Spikes\n|turn|18\n|\n|t:|1781438477\n|move|p2a: Duraludon|Thunder Wave|p1a: Blastoise\n|-status|p1a: Blastoise|par\n|move|p1a: Blastoise|Shell Smash|p1a: Blastoise\n|-unboost|p1a: Blastoise|def|1\n|-unboost|p1a: Blastoise|spd|1\n|-boost|p1a: Blastoise|atk|2\n|-boost|p1a: Blastoise|spa|2\n|-boost|p1a: Blastoise|spe|2\n|-enditem|p1a: Blastoise|White Herb\n|-clearnegativeboost|p1a: Blastoise|[silent]\n|\n|upkeep\n|turn|19\n|\n|t:|1781438484\n|switch|p2a: Hydreigon|Hydreigon, L79, F|2/275\n|move|p1a: Blastoise|Shell Smash|p1a: Blastoise\n|-unboost|p1a: Blastoise|def|1\n|-unboost|p1a: Blastoise|spd|1\n|-boost|p1a: Blastoise|atk|2\n|-boost|p1a: Blastoise|spa|2\n|-boost|p1a: Blastoise|spe|2\n|\n|upkeep\n|turn|20\n|\n|t:|1781438488\n|cant|p1a: Blastoise|par\n|move|p2a: Hydreigon|Draco Meteor|p1a: Blastoise\n|-damage|p1a: Blastoise|25/258 par\n|-unboost|p2a: Hydreigon|spa|2\n|\n|upkeep\n|turn|21\n|\n|t:|1781438496\n|cant|p1a: Blastoise|par\n|move|p2a: Hydreigon|Dark Pulse|p1a: Blastoise\n|-damage|p1a: Blastoise|0 fnt\n|faint|p1a: Blastoise\n|\n|upkeep\n|\n|t:|1781438500\n|switch|p1a: Wugtrio|Wugtrio, L91, F|212/212\n|-damage|p1a: Wugtrio|186/212|[from] Spikes\n|turn|22\n|\n|t:|1781438507\n|switch|p2a: Duraludon|Duraludon, L82, M|206/249\n|move|p1a: Wugtrio|Throat Chop|p2a: Duraludon\n|-damage|p2a: Duraludon|150/249\n|-start|p2a: Duraludon|Throat Chop|[silent]\n|\n|upkeep\n|turn|23\n|\n|t:|1781438519\n|move|p1a: Wugtrio|Throat Chop|p2a: Duraludon\n|-damage|p2a: Duraludon|89/249\n|move|p2a: Duraludon|Thunder Wave|p1a: Wugtrio\n|-status|p1a: Wugtrio|par\n|\n|-end|p2a: Duraludon|Throat Chop|[silent]\n|upkeep\n|turn|24\n|\n|t:|1781438531\n|move|p2a: Duraludon|Draco Meteor|p1a: Wugtrio\n|-damage|p1a: Wugtrio|27/212 par\n|-unboost|p2a: Duraludon|spa|2\n|move|p1a: Wugtrio|Throat Chop|p2a: Duraludon\n|-damage|p2a: Duraludon|37/249\n|-start|p2a: Duraludon|Throat Chop|[silent]\n|\n|upkeep\n|turn|25\n|\n|t:|1781438543\n|move|p2a: Duraludon|Body Press|p1a: Wugtrio\n|-damage|p1a: Wugtrio|0 fnt\n|-ability|p1a: Wugtrio|Gooey\n|-unboost|p2a: Duraludon|spe|1\n|faint|p1a: Wugtrio\n|\n|-end|p2a: Duraludon|Throat Chop|[silent]\n|upkeep\n|\n|t:|1781438545\n|switch|p1a: Tyranitar|Tyranitar, L78, F|284/284\n|-damage|p1a: Tyranitar|249/284|[from] Spikes\n|-weather|Sandstorm|[from] ability: Sand Stream|[of] p1a: Tyranitar\n|turn|26\n|\n|t:|1781438552\n|switch|p2a: Hydreigon|Hydreigon, L79, F|2/275\n|move|p1a: Tyranitar|Knock Off|p2a: Hydreigon\n|-resisted|p2a: Hydreigon\n|-damage|p2a: Hydreigon|0 fnt\n|faint|p2a: Hydreigon\n|\n|-weather|Sandstorm|[upkeep]\n|upkeep\n|\n|t:|1781438557\n|switch|p2a: Hitmonlee|Hitmonlee, L85, M|224/224\n|turn|27\n|\n|t:|1781438568\n|switch|p2a: Duraludon|Duraludon, L82, M|37/249\n|move|p1a: Tyranitar|Dragon Tail|p2a: Duraludon\n|-damage|p2a: Duraludon|10/249\n|drag|p2a: Hitmonlee|Hitmonlee, L85, M|224/224\n|\n|-weather|Sandstorm|[upkeep]\n|-damage|p2a: Hitmonlee|210/224|[from] Sandstorm\n|upkeep\n|turn|28\n|\n|t:|1781438573\n|move|p2a: Hitmonlee|Close Combat|p1a: Tyranitar\n|-supereffective|p1a: Tyranitar\n|-crit|p1a: Tyranitar\n|-damage|p1a: Tyranitar|0 fnt\n|-unboost|p2a: Hitmonlee|def|1\n|-unboost|p2a: Hitmonlee|spd|1\n|faint|p1a: Tyranitar\n|-enditem|p2a: Hitmonlee|White Herb\n|-clearnegativeboost|p2a: Hitmonlee|[silent]\n|\n|-weather|Sandstorm|[upkeep]\n|-damage|p2a: Hitmonlee|196/224|[from] Sandstorm\n|upkeep\n|\n|t:|1781438576\n|switch|p1a: Glimmora|Glimmora, L75, F|217/248\n|-damage|p1a: Glimmora|186/248|[from] Spikes\n|turn|29\n|\n|t:|1781438582\n|-terastallize|p1a: Glimmora|Grass\n|move|p2a: Hitmonlee|Swords Dance|p2a: Hitmonlee\n|-boost|p2a: Hitmonlee|atk|2\n|move|p1a: Glimmora|Energy Ball|p2a: Hitmonlee\n|-damage|p2a: Hitmonlee|120/224\n|\n|-weather|Sandstorm|[upkeep]\n|-damage|p2a: Hitmonlee|106/224|[from] Sandstorm\n|-damage|p1a: Glimmora|171/248|[from] Sandstorm\n|upkeep\n|turn|30\n|\n|t:|1781438589\n|move|p2a: Hitmonlee|Close Combat|p1a: Glimmora\n|-damage|p1a: Glimmora|0 fnt\n|-unboost|p2a: Hitmonlee|def|1\n|-unboost|p2a: Hitmonlee|spd|1\n|-activate|p1a: Glimmora|ability: Toxic Debris\n|-sidestart|p2: l'ingegnere|move: Toxic Spikes\n|faint|p1a: Glimmora\n|\n|win|l'ingegnere\n", "inputlog": ">version a8376a258c1d4662feba110a92103f3664a72141\n>start {\"formatid\":\"gen9randombattle\",\"seed\":\"sodium,476434c47a8a0da3bbe417bc945252e0\",\"rated\":\"Rated battle\"}\n>player p1 {\"name\":\"jsjsiis\",\"avatar\":\"1\",\"rating\":1970,\"seed\":\"sodium,81885ea691a1d8b4ad1a53609ef7542f\"}\n>player p2 {\"name\":\"l'ingegnere\",\"avatar\":\"scientist-gen4\",\"rating\":1949,\"seed\":\"sodium,c7b01ef3e713e8d296d10f43e0439d9d\"}\n>p1 switch 3\n>p2 move dracometeor\n>p1 move superfang\n>p2 switch 5\n>p1 move uturn\n>p2 move toxic\n>p1 switch 2\n>p1 move knockoff\n>p2 switch 5\n>p1 switch 2\n>p2 move dracometeor\n>p1 move uturn\n>p2 switch 5\n>p1 switch 2\n>p1 move leafblade\n>p2 switch 5\n>p1 move leafblade\n>p2 move darkpulse\n>p1 switch 2\n>p1 move uturn\n>p2 switch 5\n>p1 switch 5\n>p1 move liquidation\n>p2 switch 6\n>p1 switch 5\n>p2 move bodypress\n>p1 move superfang\n>p2 switch 6\n>p1 move superfang\n>p2 move recover\n>p1 move superfang\n>p2 move spikes\n>p1 move uturn\n>p2 move recover\n>p1 switch 6\n>p1 move energyball\n>p2 move earthquake\n>p2 switch 6\n>p1 switch 6\n>p2 move flashcannon\n>p1 switch 3\n>p1 move shellsmash\n>p2 move thunderwave\n>p1 move shellsmash\n>p2 switch 5\n>p1 move icebeam\n>p2 move dracometeor\n>p1 move icebeam\n>p2 move darkpulse\n>p1 switch 5\n>p1 move throatchop\n>p2 switch 5\n>p1 move throatchop\n>p2 move thunderwave\n>p1 move throatchop\n>p2 move dracometeor\n>p1 move throatchop\n>p2 move bodypress\n>p1 switch 4\n>p1 move knockoff\n>p2 switch 5\n>p2 switch 3\n>p1 move dragontail\n>p2 switch 5\n>p1 move dragontail\n>p2 move closecombat\n>p1 switch 6\n>p1 move energyball terastallize\n>p2 move swordsdance\n>p1 move energyball\n>p2 move closecombat", "uploadtime": 1781438281, "views": 7, "formatid": "gen9randombattle", "rating": null, "private": 0, "password": null}