{"id": "gen9randombattle-2631608482", "format": "[Gen 9] Random Battle", "players": ["Brosterroaster0", "ogtru"], "log": "|j|\u2606Brosterroaster0\n|j|\u2606ogtru\n|t:|1781408191\n|gametype|singles\n|player|p1|Brosterroaster0|cynthia|1486\n|player|p2|ogtru|169|1545\n|gen|9\n|tier|[Gen 9] Random Battle\n|rated|\n|rule|Species Clause: Limit one of each Pok\u00e9mon\n|rule|HP Percentage Mod: HP is shown in percentages\n|rule|Sleep Clause Mod: Limit one foe put to sleep\n|rule|Illusion Level Mod: Illusion disguises the Pok\u00e9mon's true level\n|\n|t:|1781408191\n|teamsize|p1|6\n|teamsize|p2|6\n|start\n|switch|p1a: Vespiquen|Vespiquen, L99, F|299/299\n|switch|p2a: Groudon|Groudon, L72|263/263\n|-weather|SunnyDay|[from] ability: Drought|[of] p2a: Groudon\n|-ability|p1a: Vespiquen|Pressure\n|turn|1\n|inactive|Battle timer is ON: inactive players will automatically lose when time's up. (requested by Brosterroaster0)\n|\n|t:|1781408209\n|switch|p1a: Magcargo|Magcargo, L95, F|268/268\n|move|p2a: Groudon|Heat Crash|p1a: Magcargo\n|-resisted|p1a: Magcargo\n|-damage|p1a: Magcargo|244/268\n|-ability|p1a: Magcargo|Weak Armor|boost\n|-unboost|p1a: Magcargo|def|1\n|-boost|p1a: Magcargo|spe|2\n|\n|-weather|SunnyDay|[upkeep]\n|upkeep\n|turn|2\n|\n|t:|1781408215\n|move|p1a: Magcargo|Fire Blast|p2a: Groudon\n|-damage|p2a: Groudon|20/263\n|move|p2a: Groudon|Precipice Blades|p1a: Magcargo\n|-supereffective|p1a: Magcargo\n|-damage|p1a: Magcargo|0 fnt\n|faint|p1a: Magcargo\n|\n|-weather|SunnyDay|[upkeep]\n|-heal|p2a: Groudon|36/263|[from] item: Leftovers\n|upkeep\n|\n|t:|1781408222\n|switch|p1a: Noctowl|Noctowl, L95, F|344/344\n|turn|3\n|\n|t:|1781408228\n|move|p1a: Noctowl|Hyper Voice|p2a: Groudon\n|-damage|p2a: Groudon|0 fnt\n|faint|p2a: Groudon\n|\n|-weather|SunnyDay|[upkeep]\n|upkeep\n|\n|t:|1781408234\n|switch|p2a: Raikou|Raikou, L81|278/278\n|-ability|p2a: Raikou|Pressure\n|turn|4\n|\n|t:|1781408239\n|switch|p1a: Zebstrika|Zebstrika, L87, M|272/272\n|move|p2a: Raikou|Calm Mind|p2a: Raikou\n|-boost|p2a: Raikou|spa|1\n|-boost|p2a: Raikou|spd|1\n|\n|-weather|SunnyDay|[upkeep]\n|upkeep\n|turn|5\n|\n|t:|1781408244\n|move|p1a: Zebstrika|High Horsepower|p2a: Raikou\n|-supereffective|p2a: Raikou\n|-damage|p2a: Raikou|49/278\n|-damage|p1a: Zebstrika|245/272|[from] item: Life Orb\n|move|p2a: Raikou|Scald|p1a: Zebstrika\n|-damage|p1a: Zebstrika|187/272\n|-status|p1a: Zebstrika|brn\n|\n|-weather|none\n|-heal|p2a: Raikou|66/278|[from] item: Leftovers\n|-damage|p1a: Zebstrika|170/272 brn|[from] brn\n|upkeep\n|turn|6\n|\n|t:|1781408253\n|switch|p2a: Altaria|Altaria, L89, F|278/278\n|move|p1a: Zebstrika|High Horsepower|p2a: Altaria\n|-immune|p2a: Altaria\n|\n|-damage|p1a: Zebstrika|153/272 brn|[from] brn\n|upkeep\n|turn|7\n|\n|t:|1781408256\n|move|p1a: Zebstrika|Supercell Slam|p2a: Altaria\n|-damage|p2a: Altaria|212/278\n|-damage|p1a: Zebstrika|126/272 brn|[from] item: Life Orb\n|move|p2a: Altaria|Dragon Dance|p2a: Altaria\n|-boost|p2a: Altaria|atk|1\n|-boost|p2a: Altaria|spe|1\n|\n|-damage|p1a: Zebstrika|109/272 brn|[from] brn\n|upkeep\n|turn|8\n|\n|t:|1781408260\n|move|p2a: Altaria|Earthquake|p1a: Zebstrika\n|-supereffective|p1a: Zebstrika\n|-damage|p1a: Zebstrika|0 fnt\n|faint|p1a: Zebstrika\n|\n|upkeep\n|\n|t:|1781408264\n|switch|p1a: Noctowl|Noctowl, L95, F|344/344\n|turn|9\n|\n|t:|1781408266\n|move|p2a: Altaria|Brave Bird|p1a: Noctowl\n|-damage|p1a: Noctowl|115/344\n|-damage|p2a: Altaria|136/278|[from] Recoil\n|move|p1a: Noctowl|Hurricane|p2a: Altaria|[miss]\n|-miss|p1a: Noctowl|p2a: Altaria\n|\n|upkeep\n|turn|10\n|\n|t:|1781408269\n|move|p2a: Altaria|Brave Bird|p1a: Noctowl\n|-damage|p1a: Noctowl|0 fnt\n|faint|p1a: Noctowl\n|-damage|p2a: Altaria|98/278|[from] Recoil\n|\n|upkeep\n|\n|t:|1781408272\n|switch|p1a: Dragapult|Dragapult, L77, F|262/262\n|turn|11\n|\n|t:|1781408277\n|move|p2a: Altaria|Brave Bird|p1a: Dragapult\n|-damage|p1a: Dragapult|42/262\n|-damage|p2a: Altaria|25/278|[from] Recoil\n|move|p1a: Dragapult|Shadow Ball|p2a: Altaria\n|-damage|p2a: Altaria|0 fnt\n|faint|p2a: Altaria\n|\n|upkeep\n|\n|t:|1781408282\n|switch|p2a: Bastiodon|Bastiodon, L89, F|252/252\n|turn|12\n|\n|t:|1781408285\n|move|p1a: Dragapult|Shadow Ball|p2a: Bastiodon\n|-damage|p2a: Bastiodon|174/252\n|move|p2a: Bastiodon|Foul Play|p1a: Dragapult\n|-supereffective|p1a: Dragapult\n|-damage|p1a: Dragapult|0 fnt\n|faint|p1a: Dragapult\n|\n|upkeep\n|\n|t:|1781408290\n|switch|p1a: Greninja|Greninja, L80, M|246/246\n|turn|13\n|\n|t:|1781408295\n|-terastallize|p2a: Bastiodon|Fighting\n|move|p1a: Greninja|Hydro Pump|p2a: Bastiodon|[miss]\n|-start|p1a: Greninja|typechange|Water|[from] ability: Protean\n|-miss|p1a: Greninja|p2a: Bastiodon\n|move|p2a: Bastiodon|Body Press|p1a: Greninja\n|-damage|p1a: Greninja|44/246\n|\n|upkeep\n|turn|14\n|\n|t:|1781408304\n|move|p1a: Greninja|Hydro Pump|p2a: Bastiodon|[miss]\n|-miss|p1a: Greninja|p2a: Bastiodon\n|move|p2a: Bastiodon|Body Press|p1a: Greninja\n|-damage|p1a: Greninja|0 fnt\n|faint|p1a: Greninja\n|\n|upkeep\n|\n|t:|1781408306\n|switch|p1a: Vespiquen|Vespiquen, L99, F|299/299\n|-ability|p1a: Vespiquen|Pressure\n|turn|15\n|\n|t:|1781408308\n|move|p1a: Vespiquen|Air Slash|p2a: Bastiodon\n|-supereffective|p2a: Bastiodon\n|-damage|p2a: Bastiodon|54/252\n|cant|p2a: Bastiodon|flinch\n|\n|upkeep\n|turn|16\n|\n|t:|1781408311\n|move|p1a: Vespiquen|Air Slash|p2a: Bastiodon\n|-supereffective|p2a: Bastiodon\n|-damage|p2a: Bastiodon|0 fnt\n|faint|p2a: Bastiodon\n|\n|upkeep\n|\n|t:|1781408312\n|switch|p2a: Raikou|Raikou, L81|66/278\n|-ability|p2a: Raikou|Pressure\n|turn|17\n|\n|t:|1781408315\n|move|p2a: Raikou|Thunderbolt|p1a: Vespiquen\n|-supereffective|p1a: Vespiquen\n|-damage|p1a: Vespiquen|129/299\n|move|p1a: Vespiquen|Air Slash|p2a: Raikou|[miss]\n|-miss|p1a: Vespiquen|p2a: Raikou\n|\n|-heal|p2a: Raikou|83/278|[from] item: Leftovers\n|upkeep\n|turn|18\n|\n|t:|1781408320\n|move|p2a: Raikou|Thunderbolt|p1a: Vespiquen\n|-supereffective|p1a: Vespiquen\n|-damage|p1a: Vespiquen|0 fnt\n|faint|p1a: Vespiquen\n|\n|win|ogtru\n|raw|Brosterroaster0's rating: 1486 &rarr; <strong>1469</strong><br />(-17 for losing)\n|raw|ogtru's rating: 1545 &rarr; <strong>1562</strong><br />(+17 for winning)\n|l|\u2606Brosterroaster0\n|player|p1|\n", "inputlog": ">version a8376a258c1d4662feba110a92103f3664a72141\n>start {\"formatid\":\"gen9randombattle\",\"seed\":\"sodium,86161642a25a61763c697a1bfda9313a\",\"rated\":\"Rated battle\"}\n>player p1 {\"name\":\"Brosterroaster0\",\"avatar\":\"cynthia\",\"rating\":1486,\"seed\":\"sodium,0394753451643f4dfd7117225a6e74a4\"}\n>player p2 {\"name\":\"ogtru\",\"avatar\":\"169\",\"rating\":1545,\"seed\":\"sodium,1e3a0fa2a9c8e13123115bad769994e5\"}\n>p1 switch 2\n>p2 move heatcrash\n>p1 move fireblast\n>p2 move precipiceblades\n>p1 switch 3\n>p1 move hypervoice\n>p2 move stoneedge\n>p2 switch 6\n>p1 switch 4\n>p2 move calmmind\n>p1 move highhorsepower\n>p2 move scald\n>p1 move highhorsepower\n>p2 switch 4\n>p1 move supercellslam\n>p2 move dragondance\n>p1 move voltswitch\n>p2 move earthquake\n>p1 switch 4\n>p1 move hurricane\n>p2 move bravebird\n>p1 move hurricane\n>p2 move bravebird\n>p1 switch 6\n>p1 move shadowball\n>p2 move bravebird\n>p2 switch 2\n>p1 move shadowball\n>p2 move foulplay\n>p1 switch 5\n>p1 move hydropump\n>p2 move bodypress terastallize\n>p1 move hydropump\n>p2 move bodypress\n>p1 switch 2\n>p1 move airslash\n>p2 move bodypress\n>p1 move airslash\n>p2 move foulplay\n>p2 switch 4\n>p1 move airslash\n>p2 move thunderbolt\n>p1 move roost\n>p2 move thunderbolt", "uploadtime": 1781408349, "views": 4, "formatid": "gen9randombattle", "rating": 1469, "private": 0, "password": null}