{"id": "gen9randombattle-2631569733", "format": "[Gen 9] Random Battle", "players": ["punishednuz", "amandakaloni"], "log": "|j|\u2606punishednuz\n|j|\u2606amandakaloni\n|t:|1781402674\n|gametype|singles\n|player|p1|punishednuz|cyrus|1481\n|player|p2|amandakaloni|pokemonbreederf-gen4|1525\n|gen|9\n|tier|[Gen 9] Random Battle\n|rated|\n|rule|Species Clause: Limit one of each Pok\u00e9mon\n|rule|HP Percentage Mod: HP is shown in percentages\n|rule|Sleep Clause Mod: Limit one foe put to sleep\n|rule|Illusion Level Mod: Illusion disguises the Pok\u00e9mon's true level\n|\n|t:|1781402674\n|teamsize|p1|6\n|teamsize|p2|6\n|start\n|switch|p1a: Volcanion|Volcanion, L79|255/255\n|switch|p2a: Volbeat|Volbeat, L90, M|263/263\n|turn|1\n|inactive|Battle timer is ON: inactive players will automatically lose when time's up. (requested by amandakaloni)\n|\n|t:|1781402693\n|switch|p2a: Latios|Latios, L78, M|253/253\n|move|p1a: Volcanion|Flamethrower|p2a: Latios\n|-resisted|p2a: Latios\n|-damage|p2a: Latios|202/253\n|\n|upkeep\n|turn|2\n|\n|t:|1781402700\n|switch|p1a: Meowstic|Meowstic, L89, M|277/277\n|move|p2a: Latios|Calm Mind|p2a: Latios\n|-boost|p2a: Latios|spa|1\n|-boost|p2a: Latios|spd|1\n|\n|upkeep\n|turn|3\n|\n|t:|1781402717\n|move|p1a: Meowstic|Alluring Voice|p2a: Latios\n|-supereffective|p2a: Latios\n|-crit|p2a: Latios\n|-damage|p2a: Latios|40/253\n|move|p2a: Latios|Calm Mind|p2a: Latios\n|-boost|p2a: Latios|spa|1\n|-boost|p2a: Latios|spd|1\n|\n|upkeep\n|turn|4\n|\n|t:|1781402729\n|switch|p2a: Volbeat|Volbeat, L90, M|263/263\n|move|p1a: Meowstic|Alluring Voice|p2a: Volbeat\n|-damage|p2a: Volbeat|210/263\n|\n|upkeep\n|turn|5\n|\n|t:|1781402733\n|switch|p1a: Raikou|Raikou, L81|278/278\n|-ability|p1a: Raikou|Pressure\n|move|p2a: Volbeat|Lunge|p1a: Raikou\n|-damage|p1a: Raikou|187/278\n|-unboost|p1a: Raikou|atk|1\n|\n|-heal|p1a: Raikou|204/278|[from] item: Leftovers\n|upkeep\n|turn|6\n|\n|t:|1781402752\n|move|p1a: Raikou|Thunderbolt|p2a: Volbeat\n|-damage|p2a: Volbeat|108/263\n|move|p2a: Volbeat|Lunge|p1a: Raikou\n|-damage|p1a: Raikou|108/278\n|-unboost|p1a: Raikou|atk|1\n|\n|-heal|p1a: Raikou|125/278|[from] item: Leftovers\n|upkeep\n|turn|7\n|\n|t:|1781402762\n|move|p2a: Volbeat|Roost|p2a: Volbeat\n|-heal|p2a: Volbeat|240/263\n|-singleturn|p2a: Volbeat|move: Roost\n|move|p1a: Raikou|Thunderbolt|p2a: Volbeat\n|-damage|p2a: Volbeat|150/263\n|\n|-heal|p1a: Raikou|142/278|[from] item: Leftovers\n|upkeep\n|turn|8\n|\n|t:|1781402792\n|move|p1a: Raikou|Thunderbolt|p2a: Volbeat\n|-damage|p2a: Volbeat|56/263\n|move|p2a: Volbeat|Lunge|p1a: Raikou\n|-damage|p1a: Raikou|49/278\n|-unboost|p1a: Raikou|atk|1\n|\n|-heal|p1a: Raikou|66/278|[from] item: Leftovers\n|upkeep\n|turn|9\n|\n|t:|1781402800\n|move|p2a: Volbeat|Roost|p2a: Volbeat\n|-heal|p2a: Volbeat|188/263\n|-singleturn|p2a: Volbeat|move: Roost\n|move|p1a: Raikou|Thunderbolt|p2a: Volbeat\n|-damage|p2a: Volbeat|89/263\n|\n|-heal|p1a: Raikou|83/278|[from] item: Leftovers\n|upkeep\n|turn|10\n|\n|t:|1781402808\n|switch|p1a: Volcanion|Volcanion, L79|255/255\n|move|p2a: Volbeat|Roost|p2a: Volbeat\n|-heal|p2a: Volbeat|221/263\n|-singleturn|p2a: Volbeat|move: Roost\n|\n|upkeep\n|turn|11\n|\n|t:|1781402818\n|switch|p2a: Latios|Latios, L78, M|40/253\n|move|p1a: Volcanion|Flamethrower|p2a: Latios\n|-resisted|p2a: Latios\n|-damage|p2a: Latios|0 fnt\n|faint|p2a: Latios\n|\n|upkeep\n|\n|t:|1781402824\n|switch|p2a: Stonjourner|Stonjourner, L91, F|330/330\n|turn|12\n|\n|t:|1781402838\n|move|p2a: Stonjourner|Rock Polish|p2a: Stonjourner\n|-boost|p2a: Stonjourner|spe|2\n|move|p1a: Volcanion|Steam Eruption|p2a: Stonjourner\n|-supereffective|p2a: Stonjourner\n|-damage|p2a: Stonjourner|0 fnt\n|faint|p2a: Stonjourner\n|\n|upkeep\n|\n|t:|1781402851\n|switch|p2a: Volbeat|Volbeat, L90, M|221/263\n|turn|13\n|\n|t:|1781402857\n|move|p2a: Volbeat|Thunder Wave|p1a: Volcanion\n|-status|p1a: Volcanion|par\n|move|p1a: Volcanion|Flamethrower|p2a: Volbeat\n|-supereffective|p2a: Volbeat\n|-crit|p2a: Volbeat\n|-damage|p2a: Volbeat|0 fnt\n|faint|p2a: Volbeat\n|\n|upkeep\n|\n|t:|1781402876\n|switch|p2a: Regigigas|Regigigas, L84|322/322\n|-start|p2a: Regigigas|ability: Slow Start\n|turn|14\n|\n|t:|1781402905\n|move|p2a: Regigigas|Substitute|p2a: Regigigas\n|-start|p2a: Regigigas|Substitute\n|-damage|p2a: Regigigas|242/322\n|cant|p1a: Volcanion|par\n|\n|-heal|p2a: Regigigas|262/322|[from] item: Leftovers\n|upkeep\n|turn|15\n|\n|t:|1781402914\n|move|p2a: Regigigas|Protect|p2a: Regigigas\n|-singleturn|p2a: Regigigas|Protect\n|cant|p1a: Volcanion|par\n|\n|-heal|p2a: Regigigas|282/322|[from] item: Leftovers\n|upkeep\n|turn|16\n|\n|t:|1781402934\n|move|p2a: Regigigas|Knock Off|p1a: Volcanion\n|-damage|p1a: Volcanion|210/255 par\n|-enditem|p1a: Volcanion|Assault Vest|[from] move: Knock Off|[of] p2a: Regigigas\n|cant|p1a: Volcanion|par\n|\n|-heal|p2a: Regigigas|302/322|[from] item: Leftovers\n|upkeep\n|turn|17\n|c|\u2606punishednuz|let's all fucking die\n|\n|t:|1781402943\n|move|p2a: Regigigas|Protect|p2a: Regigigas\n|-singleturn|p2a: Regigigas|Protect\n|move|p1a: Volcanion|Steam Eruption|p2a: Regigigas\n|-activate|p2a: Regigigas|move: Protect\n|\n|-heal|p2a: Regigigas|322/322|[from] item: Leftovers\n|upkeep\n|turn|18\n|\n|t:|1781402961\n|move|p2a: Regigigas|Body Slam|p1a: Volcanion\n|-damage|p1a: Volcanion|153/255 par\n|move|p1a: Volcanion|Steam Eruption|p2a: Regigigas\n|-end|p2a: Regigigas|Substitute\n|\n|-end|p2a: Regigigas|Slow Start\n|upkeep\n|turn|19\n|\n|t:|1781402969\n|move|p2a: Regigigas|Protect|p2a: Regigigas\n|-singleturn|p2a: Regigigas|Protect\n|move|p1a: Volcanion|Steam Eruption|p2a: Regigigas\n|-activate|p2a: Regigigas|move: Protect\n|\n|upkeep\n|turn|20\n|\n|t:|1781402975\n|move|p2a: Regigigas|Substitute|p2a: Regigigas\n|-start|p2a: Regigigas|Substitute\n|-damage|p2a: Regigigas|242/322\n|move|p1a: Volcanion|Steam Eruption|p2a: Regigigas\n|-end|p2a: Regigigas|Substitute\n|\n|-heal|p2a: Regigigas|262/322|[from] item: Leftovers\n|upkeep\n|turn|21\n|\n|t:|1781402979\n|move|p2a: Regigigas|Protect|p2a: Regigigas\n|-singleturn|p2a: Regigigas|Protect\n|move|p1a: Volcanion|Steam Eruption|p2a: Regigigas\n|-activate|p2a: Regigigas|move: Protect\n|\n|-heal|p2a: Regigigas|282/322|[from] item: Leftovers\n|upkeep\n|turn|22\n|\n|t:|1781402991\n|move|p2a: Regigigas|Substitute|p2a: Regigigas\n|-start|p2a: Regigigas|Substitute\n|-damage|p2a: Regigigas|202/322\n|move|p1a: Volcanion|Steam Eruption|p2a: Regigigas\n|-end|p2a: Regigigas|Substitute\n|\n|-heal|p2a: Regigigas|222/322|[from] item: Leftovers\n|upkeep\n|turn|23\n|\n|t:|1781403000\n|move|p2a: Regigigas|Protect|p2a: Regigigas\n|-singleturn|p2a: Regigigas|Protect\n|move|p1a: Volcanion|Steam Eruption|p2a: Regigigas\n|-activate|p2a: Regigigas|move: Protect\n|\n|-heal|p2a: Regigigas|242/322|[from] item: Leftovers\n|upkeep\n|turn|24\n|\n|t:|1781403005\n|move|p2a: Regigigas|Substitute|p2a: Regigigas\n|-start|p2a: Regigigas|Substitute\n|-damage|p2a: Regigigas|162/322\n|move|p1a: Volcanion|Flamethrower|p2a: Regigigas\n|-end|p2a: Regigigas|Substitute\n|\n|-heal|p2a: Regigigas|182/322|[from] item: Leftovers\n|upkeep\n|turn|25\n|\n|t:|1781403009\n|move|p2a: Regigigas|Protect|p2a: Regigigas\n|-singleturn|p2a: Regigigas|Protect\n|move|p1a: Volcanion|Flamethrower|p2a: Regigigas\n|-activate|p2a: Regigigas|move: Protect\n|\n|-heal|p2a: Regigigas|202/322|[from] item: Leftovers\n|upkeep\n|turn|26\n|\n|t:|1781403011\n|move|p2a: Regigigas|Substitute|p2a: Regigigas\n|-start|p2a: Regigigas|Substitute\n|-damage|p2a: Regigigas|122/322\n|move|p1a: Volcanion|Flamethrower|p2a: Regigigas\n|-end|p2a: Regigigas|Substitute\n|\n|-heal|p2a: Regigigas|142/322|[from] item: Leftovers\n|upkeep\n|turn|27\n|\n|t:|1781403020\n|move|p2a: Regigigas|Protect|p2a: Regigigas\n|-singleturn|p2a: Regigigas|Protect\n|cant|p1a: Volcanion|par\n|\n|-heal|p2a: Regigigas|162/322|[from] item: Leftovers\n|upkeep\n|turn|28\n|\n|t:|1781403027\n|move|p2a: Regigigas|Body Slam|p1a: Volcanion\n|-damage|p1a: Volcanion|42/255 par\n|cant|p1a: Volcanion|par\n|\n|-heal|p2a: Regigigas|182/322|[from] item: Leftovers\n|upkeep\n|turn|29\n|\n|t:|1781403031\n|move|p2a: Regigigas|Body Slam|p1a: Volcanion\n|-damage|p1a: Volcanion|0 fnt\n|faint|p1a: Volcanion\n|\n|-heal|p2a: Regigigas|202/322|[from] item: Leftovers\n|upkeep\n|\n|t:|1781403034\n|switch|p1a: Gurdurr|Gurdurr, L85, M|283/283\n|turn|30\n|\n|t:|1781403041\n|-terastallize|p2a: Regigigas|Ghost\n|move|p2a: Regigigas|Body Slam|p1a: Gurdurr\n|-damage|p1a: Gurdurr|187/283\n|move|p1a: Gurdurr|Drain Punch|p2a: Regigigas\n|-immune|p2a: Regigigas\n|\n|-heal|p2a: Regigigas|222/322|[from] item: Leftovers\n|upkeep\n|turn|31\n|\n|t:|1781403044\n|move|p2a: Regigigas|Body Slam|p1a: Gurdurr\n|-damage|p1a: Gurdurr|100/283\n|move|p1a: Gurdurr|Knock Off|p2a: Regigigas\n|-supereffective|p2a: Regigigas\n|-damage|p2a: Regigigas|102/322\n|-enditem|p2a: Regigigas|Leftovers|[from] move: Knock Off|[of] p1a: Gurdurr\n|\n|upkeep\n|turn|32\n|\n|t:|1781403053\n|move|p2a: Regigigas|Body Slam|p1a: Gurdurr\n|-damage|p1a: Gurdurr|3/283\n|move|p1a: Gurdurr|Knock Off|p2a: Regigigas\n|-supereffective|p2a: Regigigas\n|-damage|p2a: Regigigas|18/322\n|\n|upkeep\n|turn|33\n|\n|t:|1781403057\n|move|p2a: Regigigas|Body Slam|p1a: Gurdurr\n|-damage|p1a: Gurdurr|0 fnt\n|faint|p1a: Gurdurr\n|\n|upkeep\n|\n|t:|1781403064\n|switch|p1a: Raikou|Raikou, L81|83/278\n|-ability|p1a: Raikou|Pressure\n|turn|34\n|\n|t:|1781403066\n|move|p1a: Raikou|Shadow Ball|p2a: Regigigas\n|-supereffective|p2a: Regigigas\n|-damage|p2a: Regigigas|0 fnt\n|faint|p2a: Regigigas\n|-end|p2a: Regigigas|Slow Start|[silent]\n|\n|-heal|p1a: Raikou|100/278|[from] item: Leftovers\n|upkeep\n|\n|t:|1781403070\n|switch|p2a: Vivillon|Vivillon-Tundra, L83, F|268/268\n|turn|35\n|\n|t:|1781403094\n|move|p1a: Raikou|Thunderbolt|p2a: Vivillon\n|-supereffective|p2a: Vivillon\n|-damage|p2a: Vivillon|0 fnt\n|faint|p2a: Vivillon\n|\n|-heal|p1a: Raikou|117/278|[from] item: Leftovers\n|upkeep\n|\n|t:|1781403097\n|switch|p2a: Virizion|Virizion, L82|283/283\n|turn|36\n|-message|amandakaloni forfeited.\n|\n|win|punishednuz\n", "inputlog": ">version a8376a258c1d4662feba110a92103f3664a72141\n>start {\"formatid\":\"gen9randombattle\",\"seed\":\"sodium,a48796c9bb40d034f247151d2d3f2421\",\"rated\":\"Rated battle\"}\n>player p1 {\"name\":\"punishednuz\",\"avatar\":\"cyrus\",\"rating\":1481,\"seed\":\"sodium,8aafbc5a9c7f701c8f36b8e454932a2b\"}\n>player p2 {\"name\":\"amandakaloni\",\"avatar\":\"pokemonbreederf-gen4\",\"rating\":1525,\"seed\":\"sodium,d0e0ec94ead0b8b2417fb9c3ee76c2c6\"}\n>p1 move flamethrower\n>p2 switch 6\n>p1 switch 3\n>p2 move calmmind\n>p1 move alluringvoice\n>p2 move calmmind\n>p1 move alluringvoice\n>p2 switch 6\n>p1 switch 4\n>p2 move lunge\n>p1 move thunderbolt\n>p2 move lunge\n>p1 move thunderbolt\n>p2 move roost\n>p1 move thunderbolt\n>p2 move lunge\n>p1 move thunderbolt\n>p2 move roost\n>p1 switch 3\n>p2 move roost\n>p1 move flamethrower\n>p2 switch 6\n>p2 switch 5\n>p1 move steameruption\n>p2 move rockpolish\n>p2 switch 6\n>p1 move flamethrower\n>p2 move thunderwave\n>p2 switch 4\n>p1 move steameruption\n>p2 move substitute\n>p1 move steameruption\n>p2 move protect\n>p1 move steameruption\n>p2 move knockoff\n>chat \u2606punishednuz|let's all fucking die\n>p1 move steameruption\n>p2 move protect\n>p1 move steameruption\n>p2 move bodyslam\n>p1 move steameruption\n>p2 move protect\n>p1 move steameruption\n>p2 move substitute\n>p1 move steameruption\n>p2 move protect\n>p1 move steameruption\n>p2 move substitute\n>p1 move steameruption\n>p2 move protect\n>p1 move flamethrower\n>p2 move substitute\n>p1 move flamethrower\n>p2 move protect\n>p1 move flamethrower\n>p2 move substitute\n>p1 move flamethrower\n>p2 move protect\n>p1 move flamethrower\n>p2 move bodyslam\n>p1 move flamethrower\n>p2 move bodyslam\n>p1 switch 5\n>p1 move drainpunch\n>p2 move bodyslam terastallize\n>p1 move knockoff\n>p2 move bodyslam\n>p1 move knockoff\n>p2 move bodyslam\n>p1 move knockoff\n>p2 move bodyslam\n>p1 switch 3\n>p1 move shadowball\n>p2 move bodyslam\n>p2 switch 3\n>p1 move thunderbolt\n>p2 move quiverdance\n>p2 switch 2\n>forcelose p2", "uploadtime": 1781402942, "views": 3, "formatid": "gen9randombattle", "rating": null, "private": 0, "password": null}