{"id": "gen9randombattle-2631784396", "format": "[Gen 9] Random Battle", "players": ["SmolVersion", "jsjsiis"], "log": "|j|\u2606SmolVersion\n|j|\u2606jsjsiis\n|t:|1781439177\n|gametype|singles\n|player|p1|SmolVersion|102|1958\n|player|p2|jsjsiis|1|1965\n|gen|9\n|tier|[Gen 9] Random Battle\n|rated|\n|rule|Species Clause: Limit one of each Pok\u00e9mon\n|rule|HP Percentage Mod: HP is shown in percentages\n|rule|Sleep Clause Mod: Limit one foe put to sleep\n|rule|Illusion Level Mod: Illusion disguises the Pok\u00e9mon's true level\n|\n|t:|1781439177\n|teamsize|p1|6\n|teamsize|p2|6\n|start\n|switch|p1a: Veluza|Veluza, L85, F|292/292\n|switch|p2a: Salamence|Salamence, L77, M|273/273\n|-ability|p2a: Salamence|Intimidate|boost\n|-unboost|p1a: Veluza|atk|1\n|turn|1\n|inactive|Battle timer is ON: inactive players will automatically lose when time's up. (requested by jsjsiis)\n|inactive|SmolVersion has 120 seconds left.\n|\n|t:|1781439214\n|switch|p2a: Orthworm|Orthworm, L88, F|266/266\n|switch|p1a: Gyarados|Gyarados, L79, M|280/280\n|\n|upkeep\n|turn|2\n|\n|t:|1781439235\n|switch|p1a: Skeledirge|Skeledirge, L79, M|294/294\n|move|p2a: Orthworm|Stealth Rock|p1a: Skeledirge\n|-sidestart|p1: SmolVersion|move: Stealth Rock\n|\n|upkeep\n|turn|3\n|\n|t:|1781439243\n|switch|p2a: Keldeo|Keldeo-Resolute, L79|273/273\n|move|p1a: Skeledirge|Torch Song|p2a: Keldeo\n|-resisted|p2a: Keldeo\n|-damage|p2a: Keldeo|234/273\n|-boost|p1a: Skeledirge|spa|1\n|\n|-heal|p2a: Keldeo|251/273|[from] item: Leftovers\n|upkeep\n|turn|4\n|\n|t:|1781439253\n|switch|p2a: Munkidori|Munkidori, L79, M|269/269\n|switch|p1a: Gyarados|Gyarados, L79, M|280/280\n|\n|upkeep\n|turn|5\n|\n|t:|1781439260\n|move|p2a: Munkidori|Sludge Wave|p1a: Gyarados\n|-damage|p1a: Gyarados|118/280\n|move|p1a: Gyarados|Dragon Dance|p1a: Gyarados\n|-boost|p1a: Gyarados|atk|1\n|-boost|p1a: Gyarados|spe|1\n|\n|upkeep\n|turn|6\n|\n|t:|1781439266\n|switch|p2a: Salamence|Salamence, L77, M|273/273\n|-ability|p2a: Salamence|Intimidate|boost\n|-unboost|p1a: Gyarados|atk|1\n|move|p1a: Gyarados|Earthquake|p2a: Salamence\n|-immune|p2a: Salamence\n|\n|upkeep\n|turn|7\n|\n|t:|1781439272\n|move|p1a: Gyarados|Waterfall|p2a: Salamence\n|-resisted|p2a: Salamence\n|-damage|p2a: Salamence|224/273\n|cant|p2a: Salamence|flinch\n|\n|upkeep\n|turn|8\n|\n|t:|1781439275\n|move|p1a: Gyarados|Waterfall|p2a: Salamence\n|-resisted|p2a: Salamence\n|-damage|p2a: Salamence|174/273\n|move|p2a: Salamence|Dual Wingbeat|p1a: Gyarados|[miss]\n|-miss|p2a: Salamence|p1a: Gyarados\n|\n|upkeep\n|turn|9\n|\n|t:|1781439278\n|move|p1a: Gyarados|Waterfall|p2a: Salamence\n|-resisted|p2a: Salamence\n|-damage|p2a: Salamence|117/273\n|move|p2a: Salamence|Dragon Dance|p2a: Salamence\n|-boost|p2a: Salamence|atk|1\n|-boost|p2a: Salamence|spe|1\n|\n|upkeep\n|turn|10\n|\n|t:|1781439282\n|move|p2a: Salamence|Dual Wingbeat|p1a: Gyarados|[miss]\n|-miss|p2a: Salamence|p1a: Gyarados\n|move|p1a: Gyarados|Waterfall|p2a: Salamence\n|-resisted|p2a: Salamence\n|-damage|p2a: Salamence|63/273\n|\n|upkeep\n|turn|11\n|\n|t:|1781439284\n|move|p2a: Salamence|Dual Wingbeat|p1a: Gyarados\n|-damage|p1a: Gyarados|33/280\n|-damage|p1a: Gyarados|0 fnt\n|faint|p1a: Gyarados\n|-hitcount|p1: Gyarados|2\n|\n|upkeep\n|\n|t:|1781439296\n|switch|p1a: Flareon|Flareon, L90, M|263/263\n|-damage|p1a: Flareon|198/263|[from] Stealth Rock\n|turn|12\n|\n|t:|1781439301\n|move|p2a: Salamence|Outrage|p1a: Flareon\n|-damage|p1a: Flareon|0 fnt\n|faint|p1a: Flareon\n|\n|upkeep\n|\n|t:|1781439305\n|switch|p1a: Skeledirge|Skeledirge, L79, M|294/294\n|turn|13\n|\n|t:|1781439310\n|move|p2a: Salamence|Outrage|p1a: Skeledirge|[from] lockedmove\n|-damage|p1a: Skeledirge|153/294\n|move|p1a: Skeledirge|Shadow Ball|p2a: Salamence\n|-damage|p2a: Salamence|0 fnt\n|faint|p2a: Salamence\n|\n|upkeep\n|\n|t:|1781439319\n|switch|p2a: Azelf|Azelf, L82|257/257\n|turn|14\n|\n|t:|1781439326\n|move|p2a: Azelf|Knock Off|p1a: Skeledirge\n|-supereffective|p1a: Skeledirge\n|-damage|p1a: Skeledirge|5/294\n|-enditem|p1a: Skeledirge|Heavy-Duty Boots|[from] move: Knock Off|[of] p2a: Azelf\n|move|p1a: Skeledirge|Shadow Ball|p2a: Azelf\n|-supereffective|p2a: Azelf\n|-damage|p2a: Azelf|123/257\n|\n|upkeep\n|turn|15\n|\n|t:|1781439330\n|move|p2a: Azelf|Knock Off|p1a: Skeledirge\n|-supereffective|p1a: Skeledirge\n|-damage|p1a: Skeledirge|0 fnt\n|faint|p1a: Skeledirge\n|\n|upkeep\n|\n|t:|1781439338\n|switch|p1a: Iron Leaves|Iron Leaves, L80|275/275\n|-damage|p1a: Iron Leaves|241/275|[from] Stealth Rock\n|turn|16\n|\n|t:|1781439342\n|move|p2a: Azelf|U-turn|p1a: Iron Leaves\n|-supereffective|p1a: Iron Leaves\n|-damage|p1a: Iron Leaves|17/275\n|\n|t:|1781439345\n|switch|p2a: Orthworm|Orthworm, L88, F|266/266|[from] U-turn\n|move|p1a: Iron Leaves|Leaf Blade|p2a: Orthworm\n|-resisted|p2a: Orthworm\n|-damage|p2a: Orthworm|223/266\n|-damage|p1a: Iron Leaves|0 fnt|[from] item: Life Orb\n|faint|p1a: Iron Leaves\n|-end|p1a: Iron Leaves|Quark Drive|[silent]\n|\n|-heal|p2a: Orthworm|239/266|[from] item: Leftovers\n|upkeep\n|\n|t:|1781439348\n|switch|p1a: Crabominable|Crabominable, L90, F|321/321\n|-damage|p1a: Crabominable|281/321|[from] Stealth Rock\n|turn|17\n|\n|t:|1781439353\n|move|p2a: Orthworm|Body Press|p1a: Crabominable\n|-supereffective|p1a: Crabominable\n|-damage|p1a: Crabominable|97/321\n|move|p1a: Crabominable|Knock Off|p2a: Orthworm\n|-damage|p2a: Orthworm|141/266\n|-enditem|p2a: Orthworm|Leftovers|[from] move: Knock Off|[of] p1a: Crabominable\n|\n|upkeep\n|turn|18\n|\n|t:|1781439357\n|move|p2a: Orthworm|Spikes|p1a: Crabominable\n|-sidestart|p1: SmolVersion|Spikes\n|move|p1a: Crabominable|Knock Off|p2a: Orthworm\n|-damage|p2a: Orthworm|76/266\n|\n|upkeep\n|turn|19\n|\n|t:|1781439359\n|move|p2a: Orthworm|Spikes|p1a: Crabominable\n|-sidestart|p1: SmolVersion|Spikes\n|move|p1a: Crabominable|Knock Off|p2a: Orthworm\n|-damage|p2a: Orthworm|4/266\n|\n|upkeep\n|turn|20\n|\n|t:|1781439361\n|move|p2a: Orthworm|Spikes|p1a: Crabominable\n|-sidestart|p1: SmolVersion|Spikes\n|move|p1a: Crabominable|Knock Off|p2a: Orthworm\n|-damage|p2a: Orthworm|0 fnt\n|faint|p2a: Orthworm\n|\n|upkeep\n|\n|t:|1781439366\n|switch|p2a: Azelf|Azelf, L82|123/257\n|turn|21\n|\n|t:|1781439369\n|move|p2a: Azelf|Psychic|p1a: Crabominable\n|-supereffective|p1a: Crabominable\n|-damage|p1a: Crabominable|0 fnt\n|faint|p1a: Crabominable\n|\n|upkeep\n|\n|t:|1781439370\n|switch|p1a: Veluza|Veluza, L85, F|292/292\n|-damage|p1a: Veluza|256/292|[from] Stealth Rock\n|-damage|p1a: Veluza|183/292|[from] Spikes\n|turn|22\n|\n|t:|1781439373\n|-terastallize|p1a: Veluza|Water\n|move|p2a: Azelf|U-turn|p1a: Veluza\n|-damage|p1a: Veluza|123/292\n|-enditem|p1a: Veluza|Sitrus Berry|[eat]\n|-heal|p1a: Veluza|196/292|[from] item: Sitrus Berry\n|\n|t:|1781439383\n|switch|p2a: Munkidori|Munkidori, L79, M|269/269|[from] U-turn\n|move|p1a: Veluza|Night Slash|p2a: Munkidori\n|-supereffective|p2a: Munkidori\n|-damage|p2a: Munkidori|69/269\n|\n|upkeep\n|turn|23\n|\n|t:|1781439387\n|move|p2a: Munkidori|Sludge Wave|p1a: Veluza\n|-damage|p1a: Veluza|0 fnt\n|faint|p1a: Veluza\n|\n|win|jsjsiis\n", "inputlog": ">version a8376a258c1d4662feba110a92103f3664a72141\n>start {\"formatid\":\"gen9randombattle\",\"seed\":\"sodium,6cbc34e3aed979673fdca1eece8c4bb0\",\"rated\":\"Rated battle\"}\n>player p1 {\"name\":\"SmolVersion\",\"avatar\":\"102\",\"rating\":1958,\"seed\":\"sodium,0a2b57a6e9eca5f6a3ee91440e80c5e0\"}\n>player p2 {\"name\":\"jsjsiis\",\"avatar\":\"1\",\"rating\":1965,\"seed\":\"sodium,31bf25d78ad5a600d8b26cc993e0aae1\"}\n>p1 switch 3\n>p2 switch 2\n>p1 switch 5\n>p2 move stealthrock\n>p1 move torchsong\n>p2 switch 4\n>p1 switch 5\n>p2 switch 5\n>p1 move dragondance\n>p2 move sludgewave\n>p1 move earthquake\n>p2 switch 2\n>p1 move waterfall\n>p2 move dualwingbeat\n>p1 move waterfall\n>p2 move dualwingbeat\n>p1 move waterfall\n>p2 move dragondance\n>p1 move waterfall\n>p2 move dualwingbeat\n>p1 move waterfall\n>p2 move dualwingbeat\n>p1 switch 2\n>p1 move trailblaze\n>p2 move outrage\n>p1 switch 5\n>p1 move shadowball\n>p2 move outrage\n>p2 switch 3\n>p1 move shadowball\n>p2 move knockoff\n>p1 move shadowball\n>p2 move knockoff\n>p1 switch 6\n>p1 move leafblade\n>p2 move uturn\n>p2 switch 4\n>p1 switch 4\n>p1 move knockoff\n>p2 move bodypress\n>p1 move knockoff\n>p2 move spikes\n>p1 move knockoff\n>p2 move spikes\n>p1 move knockoff\n>p2 move spikes\n>p2 switch 4\n>p1 move knockoff\n>p2 move psychic\n>p1 switch 3\n>p1 move nightslash terastallize\n>p2 move uturn\n>p2 switch 2\n>p1 move filletaway\n>p2 move sludgewave", "uploadtime": 1781439179, "views": 5, "formatid": "gen9randombattle", "rating": null, "private": 0, "password": null}