{"id": "gen9randombattle-2631975435", "format": "[Gen 9] Random Battle", "players": ["Cheezrat", "ver1te"], "log": "|j|\u2606Cheezrat\n|j|\u2606ver1te\n|t:|1781461781\n|gametype|singles\n|player|p1|Cheezrat|170|2104\n|player|p2|ver1te|169|2082\n|gen|9\n|tier|[Gen 9] Random Battle\n|rated|\n|rule|Species Clause: Limit one of each Pok\u00e9mon\n|rule|HP Percentage Mod: HP is shown in percentages\n|rule|Sleep Clause Mod: Limit one foe put to sleep\n|rule|Illusion Level Mod: Illusion disguises the Pok\u00e9mon's true level\n|\n|t:|1781461781\n|teamsize|p1|6\n|teamsize|p2|6\n|start\n|switch|p1a: Espeon|Espeon, L84, F|246/246\n|switch|p2a: Glastrier|Glastrier, L86|312/312\n|turn|1\n|\n|t:|1781461802\n|switch|p1a: Weezing|Weezing, L88, F|258/258\n|move|p2a: Glastrier|Icicle Crash|p1a: Weezing\n|-damage|p1a: Weezing|155/258\n|\n|-heal|p1a: Weezing|171/258|[from] item: Leftovers\n|upkeep\n|turn|2\n|\n|t:|1781461818\n|switch|p2a: Kyurem|Kyurem-White, L73|303/303\n|-ability|p2a: Kyurem|Turboblaze\n|move|p1a: Weezing|Will-O-Wisp|p2a: Kyurem\n|-status|p2a: Kyurem|brn\n|\n|-heal|p1a: Weezing|187/258|[from] item: Leftovers\n|-damage|p2a: Kyurem|285/303 brn|[from] brn\n|upkeep\n|turn|3\n|inactive|Battle timer is ON: inactive players will automatically lose when time's up. (requested by ver1te)\n|\n|t:|1781461834\n|move|p2a: Kyurem|Draco Meteor|p1a: Weezing\n|-damage|p1a: Weezing|0 fnt\n|-unboost|p2a: Kyurem|spa|2\n|faint|p1a: Weezing\n|\n|-damage|p2a: Kyurem|267/303 brn|[from] brn\n|upkeep\n|\n|t:|1781461860\n|switch|p1a: Malamar|Malamar, L82, M|275/275\n|turn|4\n|\n|t:|1781461878\n|switch|p2a: Whimsicott|Whimsicott, L84, F|238/238\n|move|p1a: Malamar|Superpower|p2a: Whimsicott\n|-resisted|p2a: Whimsicott\n|-crit|p2a: Whimsicott\n|-damage|p2a: Whimsicott|178/238\n|-boost|p1a: Malamar|atk|1\n|-boost|p1a: Malamar|def|1\n|\n|-heal|p2a: Whimsicott|192/238|[from] item: Leftovers\n|upkeep\n|turn|5\n|\n|t:|1781461895\n|switch|p1a: Clodsire|Clodsire, L81, F|343/343\n|move|p2a: Whimsicott|Substitute|p2a: Whimsicott\n|-start|p2a: Whimsicott|Substitute\n|-damage|p2a: Whimsicott|133/238\n|\n|-heal|p2a: Whimsicott|147/238|[from] item: Leftovers\n|upkeep\n|turn|6\n|\n|t:|1781461900\n|move|p2a: Whimsicott|Leech Seed|p1a: Clodsire\n|-start|p1a: Clodsire|move: Leech Seed\n|move|p1a: Clodsire|Gunk Shot|p2a: Whimsicott\n|-supereffective|p2a: Whimsicott\n|-end|p2a: Whimsicott|Substitute\n|\n|-heal|p2a: Whimsicott|161/238|[from] item: Leftovers\n|-damage|p1a: Clodsire|301/343|[from] Leech Seed|[of] p2a: Whimsicott\n|-heal|p2a: Whimsicott|203/238|[silent]\n|upkeep\n|turn|7\n|\n|t:|1781461905\n|move|p2a: Whimsicott|Substitute|p2a: Whimsicott\n|-start|p2a: Whimsicott|Substitute\n|-damage|p2a: Whimsicott|144/238\n|move|p1a: Clodsire|Toxic||[still]\n|-fail|p1a: Clodsire\n|\n|-heal|p2a: Whimsicott|158/238|[from] item: Leftovers\n|-heal|p1a: Clodsire|322/343|[from] item: Leftovers\n|-damage|p1a: Clodsire|280/343|[from] Leech Seed|[of] p2a: Whimsicott\n|-heal|p2a: Whimsicott|200/238|[silent]\n|upkeep\n|turn|8\n|\n|t:|1781461909\n|move|p2a: Whimsicott|Encore|p1a: Clodsire\n|-start|p1a: Clodsire|Encore\n|move|p1a: Clodsire|Toxic||[still]\n|-fail|p1a: Clodsire\n|\n|-heal|p2a: Whimsicott|214/238|[from] item: Leftovers\n|-heal|p1a: Clodsire|301/343|[from] item: Leftovers\n|-damage|p1a: Clodsire|259/343|[from] Leech Seed|[of] p2a: Whimsicott\n|-heal|p2a: Whimsicott|238/238|[silent]\n|upkeep\n|turn|9\n|\n|t:|1781461918\n|switch|p1a: Espeon|Espeon, L84, F|246/246\n|move|p2a: Whimsicott|Moonblast|p1a: Espeon\n|-crit|p1a: Espeon\n|-damage|p1a: Espeon|132/246\n|\n|upkeep\n|turn|10\n|\n|t:|1781461927\n|switch|p1a: Clodsire|Clodsire, L81, F|259/343\n|move|p2a: Whimsicott|Moonblast|p1a: Clodsire\n|-resisted|p1a: Clodsire\n|-damage|p1a: Clodsire|217/343\n|\n|-heal|p1a: Clodsire|238/343|[from] item: Leftovers\n|upkeep\n|turn|11\n|\n|t:|1781461932\n|move|p2a: Whimsicott|Leech Seed|p1a: Clodsire\n|-start|p1a: Clodsire|move: Leech Seed\n|move|p1a: Clodsire|Gunk Shot|p2a: Whimsicott\n|-supereffective|p2a: Whimsicott\n|-end|p2a: Whimsicott|Substitute\n|\n|-heal|p1a: Clodsire|259/343|[from] item: Leftovers\n|-damage|p1a: Clodsire|217/343|[from] Leech Seed|[of] p2a: Whimsicott\n|upkeep\n|turn|12\n|\n|t:|1781461960\n|move|p2a: Whimsicott|Substitute|p2a: Whimsicott\n|-start|p2a: Whimsicott|Substitute\n|-damage|p2a: Whimsicott|179/238\n|move|p1a: Clodsire|Gunk Shot|p2a: Whimsicott|[miss]\n|-miss|p1a: Clodsire|p2a: Whimsicott\n|\n|-heal|p2a: Whimsicott|193/238|[from] item: Leftovers\n|-heal|p1a: Clodsire|238/343|[from] item: Leftovers\n|-damage|p1a: Clodsire|196/343|[from] Leech Seed|[of] p2a: Whimsicott\n|-heal|p2a: Whimsicott|235/238|[silent]\n|upkeep\n|turn|13\n|\n|t:|1781461964\n|move|p2a: Whimsicott|Moonblast|p1a: Clodsire\n|-resisted|p1a: Clodsire\n|-damage|p1a: Clodsire|159/343\n|move|p1a: Clodsire|Gunk Shot|p2a: Whimsicott\n|-supereffective|p2a: Whimsicott\n|-end|p2a: Whimsicott|Substitute\n|\n|-heal|p2a: Whimsicott|238/238|[from] item: Leftovers\n|-heal|p1a: Clodsire|180/343|[from] item: Leftovers\n|-damage|p1a: Clodsire|138/343|[from] Leech Seed|[of] p2a: Whimsicott\n|upkeep\n|turn|14\n|\n|t:|1781461970\n|move|p2a: Whimsicott|Substitute|p2a: Whimsicott\n|-start|p2a: Whimsicott|Substitute\n|-damage|p2a: Whimsicott|179/238\n|move|p1a: Clodsire|Recover|p1a: Clodsire\n|-heal|p1a: Clodsire|310/343\n|\n|-heal|p2a: Whimsicott|193/238|[from] item: Leftovers\n|-heal|p1a: Clodsire|331/343|[from] item: Leftovers\n|-damage|p1a: Clodsire|289/343|[from] Leech Seed|[of] p2a: Whimsicott\n|-heal|p2a: Whimsicott|235/238|[silent]\n|upkeep\n|turn|15\n|\n|t:|1781461975\n|switch|p1a: Espeon|Espeon, L84, F|132/246\n|move|p2a: Whimsicott|Encore|p1a: Espeon\n|move|p1a: Espeon|Encore||[from] ability: Magic Bounce|[still]\n|-fail|p1a: Espeon\n|\n|-heal|p2a: Whimsicott|238/238|[from] item: Leftovers\n|upkeep\n|turn|16\n|\n|t:|1781461983\n|move|p2a: Whimsicott|Moonblast|p1a: Espeon\n|-damage|p1a: Espeon|48/246\n|-unboost|p1a: Espeon|spa|1\n|move|p1a: Espeon|Psyshock|p2a: Whimsicott\n|-end|p2a: Whimsicott|Substitute\n|-damage|p1a: Espeon|24/246|[from] item: Life Orb\n|\n|upkeep\n|turn|17\n|\n|t:|1781461986\n|move|p2a: Whimsicott|Moonblast|p1a: Espeon\n|-damage|p1a: Espeon|0 fnt\n|faint|p1a: Espeon\n|\n|upkeep\n|\n|t:|1781462002\n|switch|p1a: Iron Jugulis|Iron Jugulis, L77|271/271\n|turn|18\n|\n|t:|1781462007\n|switch|p2a: Dialga|Dialga, L73|266/266\n|-ability|p2a: Dialga|Pressure\n|move|p1a: Iron Jugulis|Hurricane|p2a: Dialga\n|-resisted|p2a: Dialga\n|-damage|p2a: Dialga|206/266\n|\n|upkeep\n|turn|19\n|\n|t:|1781462019\n|-end|p1a: Iron Jugulis|Quark Drive|[silent]\n|switch|p1a: Clodsire|Clodsire, L81, F|289/343\n|move|p2a: Dialga|Heavy Slam|p1a: Clodsire\n|-crit|p1a: Clodsire\n|-damage|p1a: Clodsire|133/343\n|\n|-heal|p1a: Clodsire|154/343|[from] item: Leftovers\n|upkeep\n|turn|20\n|\n|t:|1781462026\n|move|p2a: Dialga|Draco Meteor|p1a: Clodsire\n|-damage|p1a: Clodsire|4/343\n|-unboost|p2a: Dialga|spa|2\n|move|p1a: Clodsire|Recover|p1a: Clodsire\n|-heal|p1a: Clodsire|176/343\n|\n|-heal|p1a: Clodsire|197/343|[from] item: Leftovers\n|upkeep\n|turn|21\n|\n|t:|1781462036\n|switch|p2a: Glastrier|Glastrier, L86|312/312\n|move|p1a: Clodsire|Toxic|p2a: Glastrier\n|-status|p2a: Glastrier|tox\n|\n|-heal|p1a: Clodsire|218/343|[from] item: Leftovers\n|-damage|p2a: Glastrier|293/312 tox|[from] psn\n|upkeep\n|turn|22\n|\n|t:|1781462043\n|switch|p1a: Malamar|Malamar, L82, M|275/275\n|move|p2a: Glastrier|Icicle Crash|p1a: Malamar\n|-damage|p1a: Malamar|151/275\n|\n|-heal|p1a: Malamar|168/275|[from] item: Leftovers\n|-damage|p2a: Glastrier|255/312 tox|[from] psn\n|upkeep\n|turn|23\n|\n|t:|1781462050\n|switch|p2a: Whimsicott|Whimsicott, L84, F|238/238\n|move|p1a: Malamar|Knock Off|p2a: Whimsicott\n|-resisted|p2a: Whimsicott\n|-damage|p2a: Whimsicott|187/238\n|-enditem|p2a: Whimsicott|Leftovers|[from] move: Knock Off|[of] p1a: Malamar\n|\n|-heal|p1a: Malamar|185/275|[from] item: Leftovers\n|upkeep\n|turn|24\n|\n|t:|1781462054\n|switch|p1a: Clodsire|Clodsire, L81, F|218/343\n|move|p2a: Whimsicott|Moonblast|p1a: Clodsire\n|-resisted|p1a: Clodsire\n|-damage|p1a: Clodsire|182/343\n|\n|-heal|p1a: Clodsire|203/343|[from] item: Leftovers\n|upkeep\n|turn|25\n|\n|t:|1781462059\n|switch|p2a: Glastrier|Glastrier, L86|255/312 tox\n|move|p1a: Clodsire|Recover|p1a: Clodsire\n|-heal|p1a: Clodsire|343/343\n|\n|-damage|p2a: Glastrier|236/312 tox|[from] psn\n|upkeep\n|turn|26\n|\n|t:|1781462064\n|switch|p1a: Quaquaval|Quaquaval, L79, F|264/264\n|move|p2a: Glastrier|Icicle Crash|p1a: Quaquaval|[miss]\n|-miss|p2a: Glastrier|p1a: Quaquaval\n|\n|-damage|p2a: Glastrier|198/312 tox|[from] psn\n|upkeep\n|turn|27\n|\n|t:|1781462072\n|move|p1a: Quaquaval|Close Combat|p2a: Glastrier\n|-supereffective|p2a: Glastrier\n|-damage|p2a: Glastrier|0 fnt\n|-unboost|p1a: Quaquaval|def|1\n|-unboost|p1a: Quaquaval|spd|1\n|faint|p2a: Glastrier\n|-ability|p1a: Quaquaval|Moxie|boost\n|-boost|p1a: Quaquaval|atk|1\n|\n|upkeep\n|\n|t:|1781462083\n|switch|p2a: Whimsicott|Whimsicott, L84, F|187/238\n|turn|28\n|\n|t:|1781462087\n|switch|p1a: Clodsire|Clodsire, L81, F|343/343\n|move|p2a: Whimsicott|Moonblast|p1a: Clodsire\n|-resisted|p1a: Clodsire\n|-damage|p1a: Clodsire|307/343\n|\n|-heal|p1a: Clodsire|328/343|[from] item: Leftovers\n|upkeep\n|turn|29\n|\n|t:|1781462097\n|move|p2a: Whimsicott|Substitute|p2a: Whimsicott\n|-start|p2a: Whimsicott|Substitute\n|-damage|p2a: Whimsicott|128/238\n|move|p1a: Clodsire|Gunk Shot|p2a: Whimsicott\n|-supereffective|p2a: Whimsicott\n|-end|p2a: Whimsicott|Substitute\n|\n|-heal|p1a: Clodsire|343/343|[from] item: Leftovers\n|upkeep\n|turn|30\n|\n|t:|1781462103\n|move|p2a: Whimsicott|Substitute|p2a: Whimsicott\n|-start|p2a: Whimsicott|Substitute\n|-damage|p2a: Whimsicott|69/238\n|move|p1a: Clodsire|Gunk Shot|p2a: Whimsicott\n|-supereffective|p2a: Whimsicott\n|-end|p2a: Whimsicott|Substitute\n|\n|upkeep\n|turn|31\n|\n|t:|1781462108\n|switch|p2a: Dialga|Dialga, L73|206/266\n|-ability|p2a: Dialga|Pressure\n|move|p1a: Clodsire|Gunk Shot|p2a: Dialga\n|-immune|p2a: Dialga\n|\n|upkeep\n|turn|32\n|\n|t:|1781462119\n|move|p1a: Clodsire|Earthquake|p2a: Dialga\n|-supereffective|p2a: Dialga\n|-damage|p2a: Dialga|66/266\n|move|p2a: Dialga|Dragon Tail|p1a: Clodsire|[miss]\n|-miss|p2a: Dialga|p1a: Clodsire\n|\n|upkeep\n|turn|33\n|\n|t:|1781462127\n|move|p2a: Dialga|Draco Meteor|p1a: Clodsire\n|-damage|p1a: Clodsire|208/343\n|-unboost|p2a: Dialga|spa|2\n|move|p1a: Clodsire|Earthquake|p2a: Dialga\n|-supereffective|p2a: Dialga\n|-damage|p2a: Dialga|0 fnt\n|faint|p2a: Dialga\n|\n|-heal|p1a: Clodsire|229/343|[from] item: Leftovers\n|upkeep\n|\n|t:|1781462128\n|switch|p2a: Whimsicott|Whimsicott, L84, F|69/238\n|turn|34\n|\n|t:|1781462153\n|move|p2a: Whimsicott|Substitute|p2a: Whimsicott\n|-start|p2a: Whimsicott|Substitute\n|-damage|p2a: Whimsicott|10/238\n|move|p1a: Clodsire|Earthquake|p2a: Whimsicott\n|-resisted|p2a: Whimsicott\n|-activate|p2a: Whimsicott|move: Substitute|[damage]\n|\n|-heal|p1a: Clodsire|250/343|[from] item: Leftovers\n|upkeep\n|turn|35\n|\n|t:|1781462158\n|move|p2a: Whimsicott|Leech Seed|p1a: Clodsire\n|-start|p1a: Clodsire|move: Leech Seed\n|move|p1a: Clodsire|Earthquake|p2a: Whimsicott\n|-resisted|p2a: Whimsicott\n|-end|p2a: Whimsicott|Substitute\n|\n|-heal|p1a: Clodsire|271/343|[from] item: Leftovers\n|-damage|p1a: Clodsire|229/343|[from] Leech Seed|[of] p2a: Whimsicott\n|-heal|p2a: Whimsicott|52/238|[silent]\n|upkeep\n|turn|36\n|\n|t:|1781462176\n|move|p2a: Whimsicott|Encore|p1a: Clodsire\n|-start|p1a: Clodsire|Encore\n|move|p1a: Clodsire|Earthquake|p2a: Whimsicott\n|-resisted|p2a: Whimsicott\n|-damage|p2a: Whimsicott|10/238\n|\n|-heal|p1a: Clodsire|250/343|[from] item: Leftovers\n|-damage|p1a: Clodsire|208/343|[from] Leech Seed|[of] p2a: Whimsicott\n|-heal|p2a: Whimsicott|52/238|[silent]\n|upkeep\n|turn|37\n|inactive|Cheezrat has 120 seconds left.\n|\n|t:|1781462225\n|move|p2a: Whimsicott|Moonblast|p1a: Clodsire\n|-resisted|p1a: Clodsire\n|-damage|p1a: Clodsire|170/343\n|-unboost|p1a: Clodsire|spa|1\n|move|p1a: Clodsire|Earthquake|p2a: Whimsicott\n|-resisted|p2a: Whimsicott\n|-damage|p2a: Whimsicott|7/238\n|\n|-heal|p1a: Clodsire|191/343|[from] item: Leftovers\n|-damage|p1a: Clodsire|149/343|[from] Leech Seed|[of] p2a: Whimsicott\n|-heal|p2a: Whimsicott|49/238|[silent]\n|upkeep\n|turn|38\n|\n|t:|1781462232\n|move|p2a: Whimsicott|Moonblast|p1a: Clodsire\n|-resisted|p1a: Clodsire\n|-damage|p1a: Clodsire|111/343\n|move|p1a: Clodsire|Earthquake|p2a: Whimsicott\n|-resisted|p2a: Whimsicott\n|-damage|p2a: Whimsicott|7/238\n|\n|-heal|p1a: Clodsire|132/343|[from] item: Leftovers\n|-damage|p1a: Clodsire|90/343|[from] Leech Seed|[of] p2a: Whimsicott\n|-heal|p2a: Whimsicott|49/238|[silent]\n|-end|p1a: Clodsire|Encore\n|upkeep\n|turn|39\n|\n|t:|1781462242\n|move|p2a: Whimsicott|Moonblast|p1a: Clodsire\n|-resisted|p1a: Clodsire\n|-damage|p1a: Clodsire|47/343\n|move|p1a: Clodsire|Earthquake|p2a: Whimsicott\n|-resisted|p2a: Whimsicott\n|-damage|p2a: Whimsicott|7/238\n|\n|-heal|p1a: Clodsire|68/343|[from] item: Leftovers\n|-damage|p1a: Clodsire|26/343|[from] Leech Seed|[of] p2a: Whimsicott\n|-heal|p2a: Whimsicott|49/238|[silent]\n|upkeep\n|turn|40\n|\n|t:|1781462248\n|move|p2a: Whimsicott|Moonblast|p1a: Clodsire\n|-resisted|p1a: Clodsire\n|-damage|p1a: Clodsire|0 fnt\n|faint|p1a: Clodsire\n|\n|upkeep\n|\n|t:|1781462252\n|switch|p1a: Quaquaval|Quaquaval, L79, F|264/264\n|turn|41\n|\n|t:|1781462259\n|-terastallize|p1a: Quaquaval|Steel\n|move|p2a: Whimsicott|Moonblast|p1a: Quaquaval\n|-resisted|p1a: Quaquaval\n|-damage|p1a: Quaquaval|211/264\n|move|p1a: Quaquaval|Swords Dance|p1a: Quaquaval\n|-boost|p1a: Quaquaval|atk|2\n|\n|-heal|p1a: Quaquaval|227/264|[from] item: Leftovers\n|upkeep\n|turn|42\n|\n|t:|1781462266\n|move|p2a: Whimsicott|Encore|p1a: Quaquaval\n|-start|p1a: Quaquaval|Encore\n|move|p1a: Quaquaval|Swords Dance|p1a: Quaquaval\n|-boost|p1a: Quaquaval|atk|2\n|\n|-heal|p1a: Quaquaval|243/264|[from] item: Leftovers\n|upkeep\n|turn|43\n|\n|t:|1781462281\n|switch|p1a: Malamar|Malamar, L82, M|185/275\n|move|p2a: Whimsicott|Leech Seed|p1a: Malamar\n|-hint|Since gen 7, Dark is immune to Prankster moves.\n|-immune|p1a: Malamar\n|\n|-heal|p1a: Malamar|202/275|[from] item: Leftovers\n|upkeep\n|turn|44\n|\n|t:|1781462292\n|move|p2a: Whimsicott|Moonblast|p1a: Malamar\n|-supereffective|p1a: Malamar\n|-damage|p1a: Malamar|10/275\n|move|p1a: Malamar|Superpower|p2a: Whimsicott\n|-resisted|p2a: Whimsicott\n|-damage|p2a: Whimsicott|10/238\n|-boost|p1a: Malamar|atk|1\n|-boost|p1a: Malamar|def|1\n|\n|-heal|p1a: Malamar|27/275|[from] item: Leftovers\n|upkeep\n|turn|45\n|\n|t:|1781462298\n|move|p2a: Whimsicott|Moonblast|p1a: Malamar\n|-supereffective|p1a: Malamar\n|-damage|p1a: Malamar|0 fnt\n|faint|p1a: Malamar\n|\n|upkeep\n|\n|t:|1781462299\n|switch|p1a: Quaquaval|Quaquaval, L79, F, tera:Steel|243/264\n|turn|46\n|\n|t:|1781462305\n|switch|p2a: Hitmontop|Hitmontop, L88, M|231/231\n|move|p1a: Quaquaval|Aqua Step|p2a: Hitmontop\n|-damage|p2a: Hitmontop|156/231\n|-boost|p1a: Quaquaval|spe|1\n|\n|-heal|p1a: Quaquaval|259/264|[from] item: Leftovers\n|-heal|p2a: Hitmontop|170/231|[from] item: Leftovers\n|upkeep\n|turn|47\n|\n|t:|1781462318\n|switch|p1a: Iron Jugulis|Iron Jugulis, L77|271/271\n|move|p2a: Hitmontop|Close Combat|p1a: Iron Jugulis\n|-damage|p1a: Iron Jugulis|117/271\n|-unboost|p2a: Hitmontop|def|1\n|-unboost|p2a: Hitmontop|spd|1\n|\n|-heal|p2a: Hitmontop|184/231|[from] item: Leftovers\n|upkeep\n|turn|48\n|\n|t:|1781462324\n|switch|p2a: Hariyama|Hariyama, L87, M|392/392\n|move|p1a: Iron Jugulis|Hurricane|p2a: Hariyama\n|-supereffective|p2a: Hariyama\n|-damage|p2a: Hariyama|84/392\n|\n|upkeep\n|turn|49\n|\n|t:|1781462329\n|move|p1a: Iron Jugulis|Hurricane|p2a: Hariyama\n|-supereffective|p2a: Hariyama\n|-damage|p2a: Hariyama|0 fnt\n|faint|p2a: Hariyama\n|\n|upkeep\n|\n|t:|1781462335\n|switch|p2a: Kyurem|Kyurem-White, L73|267/303 brn\n|-ability|p2a: Kyurem|Turboblaze\n|turn|50\n|\n|t:|1781462341\n|move|p1a: Iron Jugulis|Hurricane|p2a: Kyurem\n|-damage|p2a: Kyurem|98/303 brn\n|-start|p2a: Kyurem|confusion\n|-activate|p2a: Kyurem|confusion\n|move|p2a: Kyurem|Fusion Flare|p1a: Iron Jugulis\n|-damage|p1a: Iron Jugulis|0 fnt\n|faint|p1a: Iron Jugulis\n|-end|p1a: Iron Jugulis|Quark Drive|[silent]\n|\n|-damage|p2a: Kyurem|80/303 brn|[from] brn\n|upkeep\n|\n|t:|1781462348\n|switch|p1a: Quaquaval|Quaquaval, L79, F, tera:Steel|259/264\n|turn|51\n|\n|t:|1781462353\n|-end|p2a: Kyurem|confusion\n|move|p2a: Kyurem|Fusion Flare|p1a: Quaquaval\n|-supereffective|p1a: Quaquaval\n|-damage|p1a: Quaquaval|0 fnt\n|faint|p1a: Quaquaval\n|\n|win|ver1te\n", "inputlog": ">version a8376a258c1d4662feba110a92103f3664a72141\n>start {\"formatid\":\"gen9randombattle\",\"seed\":\"sodium,23bc1aa75680009f342015e9642b435b\",\"rated\":\"Rated battle\"}\n>player p1 {\"name\":\"Cheezrat\",\"avatar\":\"170\",\"rating\":2104,\"seed\":\"sodium,77e0b7f56cefdc61d529fc38d4e676a5\"}\n>player p2 {\"name\":\"ver1te\",\"avatar\":\"169\",\"rating\":2082,\"seed\":\"sodium,9a13a4e91df2c0932d13b65653a9aaaf\"}\n>p1 switch 5\n>p2 move iciclecrash\n>p1 move willowisp\n>p2 switch 4\n>p1 move painsplit\n>p2 move dracometeor\n>p1 switch 2\n>p1 move superpower\n>p2 switch 2\n>p1 switch 4\n>p2 move substitute\n>p1 move gunkshot\n>p2 move leechseed\n>p1 move toxic\n>p2 move substitute\n>p1 move gunkshot\n>p2 move encore\n>p1 switch 5\n>p2 move moonblast\n>p1 switch 5\n>p2 move moonblast\n>p1 move gunkshot\n>p2 move leechseed\n>p1 move gunkshot\n>p2 move substitute\n>p1 move gunkshot\n>p2 move moonblast\n>p1 move recover\n>p2 move substitute\n>p1 switch 5\n>p2 move encore\n>p1 move psyshock\n>p2 move moonblast\n>p1 move psyshock\n>p2 move moonblast\n>p1 switch 3\n>p1 move hurricane\n>p2 switch 6\n>p1 switch 5\n>p2 move heavyslam\n>p1 move recover\n>p2 move dracometeor\n>p1 move toxic\n>p2 switch 4\n>p1 switch 4\n>p2 move iciclecrash\n>p1 move knockoff\n>p2 switch 6\n>p1 switch 4\n>p2 move moonblast\n>p1 move recover\n>p2 switch 6\n>p1 switch 6\n>p2 move iciclecrash\n>p1 move closecombat\n>p2 move closecombat\n>p2 switch 6\n>p1 switch 6\n>p2 move moonblast\n>p1 move gunkshot\n>p2 move substitute\n>p1 move gunkshot\n>p2 move substitute\n>p1 move gunkshot\n>p2 switch 4\n>p1 move earthquake\n>p2 move dragontail\n>p1 move earthquake\n>p2 move dracometeor\n>p2 switch 4\n>p1 move earthquake\n>p2 move substitute\n>p1 move earthquake\n>p2 move leechseed\n>p1 move earthquake\n>p2 move encore\n>p1 move earthquake\n>p2 move moonblast\n>p1 move earthquake\n>p2 move moonblast\n>p1 move earthquake\n>p2 move moonblast\n>p1 move earthquake\n>p2 move moonblast\n>p1 switch 6\n>p1 move swordsdance terastallize\n>p2 move moonblast\n>p1 move aquastep\n>p2 move encore\n>p1 switch 4\n>p2 move leechseed\n>p1 move superpower\n>p2 move moonblast\n>p1 move superpower\n>p2 move moonblast\n>p1 switch 4\n>p1 move aquastep\n>p2 switch 5\n>p1 switch 5\n>p2 move closecombat\n>p1 move hurricane\n>p2 switch 3\n>p1 move hurricane\n>p2 move closecombat\n>p2 switch 2\n>p1 move hurricane\n>p2 move fusionflare\n>p1 switch 5\n>p1 move aquastep\n>p2 move fusionflare", "uploadtime": 1781461783, "views": 4, "formatid": "gen9randombattle", "rating": null, "private": 0, "password": null, "player_dets": [{"name": "Cheezrat", "avatar": "170", "rating": 2104, "seed": "sodium,77e0b7f56cefdc61d529fc38d4e676a5"}, {"name": "ver1te", "avatar": "169", "rating": 2082, "seed": "sodium,9a13a4e91df2c0932d13b65653a9aaaf"}], "teams_full": [{"Espeon": {"name": "Espeon", "species": "Espeon", "speciesId": "espeon", "gender": "F", "shiny": false, "level": 84, "moves": ["shadowball", "alluringvoice", "calmmind", "psyshock"], "ability": "Magic Bounce", "evs": {"hp": 85, "atk": 0, "def": 85, "spa": 85, "spd": 85, "spe": 85}, "ivs": {"hp": 31, "atk": 0, "def": 31, "spa": 31, "spd": 31, "spe": 31}, "item": "Life Orb", "teraType": "Psychic", "role": "Fast Attacker", "bvs": {"hp": 65, "atk": 65, "def": 60, "spa": 130, "spd": 95, "spe": 110}, "stats": {"hp": 246, "atk": 114, "def": 149, "spa": 267, "spd": 208, "spe": 233}}, "Malamar": {"name": "Malamar", "species": "Malamar", "speciesId": "malamar", "gender": "M", "shiny": false, "level": 82, "moves": ["superpower", "knockoff", "sleeptalk", "rest"], "ability": "Contrary", "evs": {"hp": 85, "atk": 85, "def": 85, "spa": 85, "spd": 85, "spe": 85}, "ivs": {"hp": 31, "atk": 31, "def": 31, "spa": 31, "spd": 31, "spe": 31}, "item": "Leftovers", "teraType": "Fighting", "role": "Bulky Setup", "bvs": {"hp": 86, "atk": 92, "def": 88, "spa": 68, "spd": 75, "spe": 73}, "stats": {"hp": 275, "atk": 198, "def": 191, "spa": 159, "spd": 170, "spe": 167}}, "Iron Jugulis": {"name": "Iron Jugulis", "species": "Iron Jugulis", "speciesId": "ironjugulis", "gender": "N", "shiny": false, "level": 77, "moves": ["earthpower", "hurricane", "hydropump", "darkpulse"], "ability": "Quark Drive", "evs": {"hp": 85, "atk": 0, "def": 85, "spa": 85, "spd": 85, "spe": 85}, "ivs": {"hp": 31, "atk": 0, "def": 31, "spa": 31, "spd": 31, "spe": 31}, "item": "Choice Specs", "teraType": "Flying", "role": "Wallbreaker", "bvs": {"hp": 94, "atk": 80, "def": 86, "spa": 122, "spd": 80, "spe": 108}, "stats": {"hp": 271, "atk": 128, "def": 177, "spa": 232, "spd": 168, "spe": 211}}, "Clodsire": {"name": "Clodsire", "species": "Clodsire", "speciesId": "clodsire", "gender": "F", "shiny": false, "level": 81, "moves": ["toxic", "gunkshot", "recover", "earthquake"], "ability": "Water Absorb", "evs": {"hp": 85, "atk": 85, "def": 85, "spa": 85, "spd": 85, "spe": 85}, "ivs": {"hp": 31, "atk": 31, "def": 31, "spa": 31, "spd": 31, "spe": 31}, "item": "Leftovers", "teraType": "Flying", "role": "Bulky Support", "bvs": {"hp": 130, "atk": 75, "def": 60, "spa": 45, "spd": 100, "spe": 20}, "stats": {"hp": 343, "atk": 168, "def": 144, "spa": 120, "spd": 209, "spe": 79}}, "Weezing": {"name": "Weezing", "species": "Weezing", "speciesId": "weezing", "gender": "F", "shiny": false, "level": 88, "moves": ["sludgebomb", "painsplit", "willowisp", "fireblast"], "ability": "Levitate", "evs": {"hp": 85, "atk": 0, "def": 85, "spa": 85, "spd": 85, "spe": 85}, "ivs": {"hp": 31, "atk": 0, "def": 31, "spa": 31, "spd": 31, "spe": 31}, "item": "Leftovers", "teraType": "Steel", "role": "Bulky Attacker", "bvs": {"hp": 65, "atk": 90, "def": 120, "spa": 85, "spd": 70, "spe": 60}, "stats": {"hp": 258, "atk": 163, "def": 261, "spa": 200, "spd": 173, "spe": 156}}, "Quaquaval": {"name": "Quaquaval", "species": "Quaquaval", "speciesId": "quaquaval", "gender": "F", "shiny": false, "level": 79, "moves": ["closecombat", "roost", "aquastep", "swordsdance"], "ability": "Moxie", "evs": {"hp": 85, "atk": 85, "def": 85, "spa": 85, "spd": 85, "spe": 85}, "ivs": {"hp": 31, "atk": 31, "def": 31, "spa": 31, "spd": 31, "spe": 31}, "item": "Leftovers", "teraType": "Steel", "role": "Bulky Attacker", "bvs": {"hp": 85, "atk": 120, "def": 80, "spa": 85, "spd": 75, "spe": 85}, "stats": {"hp": 264, "atk": 235, "def": 172, "spa": 180, "spd": 164, "spe": 180}}}, {"Glastrier": {"name": "Glastrier", "species": "Glastrier", "speciesId": "glastrier", "gender": "N", "shiny": false, "level": 86, "moves": ["closecombat", "iciclecrash", "heavyslam", "swordsdance"], "ability": "Chilling Neigh", "evs": {"hp": 85, "atk": 85, "def": 85, "spa": 85, "spd": 85, "spe": 85}, "ivs": {"hp": 31, "atk": 31, "def": 31, "spa": 31, "spd": 31, "spe": 31}, "item": "Heavy-Duty Boots", "teraType": "Fighting", "role": "Bulky Attacker", "bvs": {"hp": 100, "atk": 145, "def": 130, "spa": 65, "spd": 110, "spe": 30}, "stats": {"hp": 312, "atk": 299, "def": 273, "spa": 161, "spd": 238, "spe": 101}}, "Whimsicott": {"name": "Whimsicott", "species": "Whimsicott", "speciesId": "whimsicott", "gender": "F", "shiny": false, "level": 84, "moves": ["moonblast", "leechseed", "encore", "substitute"], "ability": "Prankster", "evs": {"hp": 85, "atk": 0, "def": 85, "spa": 85, "spd": 85, "spe": 85}, "ivs": {"hp": 31, "atk": 0, "def": 31, "spa": 31, "spd": 31, "spe": 31}, "item": "Leftovers", "teraType": "Steel", "role": "Bulky Support", "bvs": {"hp": 60, "atk": 67, "def": 85, "spa": 77, "spd": 75, "spe": 116}, "stats": {"hp": 238, "atk": 117, "def": 191, "spa": 178, "spd": 174, "spe": 243}}, "Hariyama": {"name": "Hariyama", "species": "Hariyama", "speciesId": "hariyama", "gender": "M", "shiny": false, "level": 87, "moves": ["knockoff", "closecombat", "heavyslam", "headlongrush"], "ability": "Thick Fat", "evs": {"hp": 85, "atk": 85, "def": 85, "spa": 85, "spd": 85, "spe": 85}, "ivs": {"hp": 31, "atk": 31, "def": 31, "spa": 31, "spd": 31, "spe": 31}, "item": "Assault Vest", "teraType": "Steel", "role": "AV Pivot", "bvs": {"hp": 144, "atk": 120, "def": 60, "spa": 40, "spd": 60, "spe": 50}, "stats": {"hp": 392, "atk": 259, "def": 154, "spa": 119, "spd": 154, "spe": 137}}, "Kyurem": {"name": "Kyurem", "species": "Kyurem-White", "speciesId": "kyuremwhite", "gender": "N", "shiny": false, "level": 73, "moves": ["freezedry", "fusionflare", "icebeam", "dracometeor"], "ability": "Turboblaze", "evs": {"hp": 85, "atk": 0, "def": 85, "spa": 85, "spd": 85, "spe": 85}, "ivs": {"hp": 31, "atk": 0, "def": 31, "spa": 31, "spd": 31, "spe": 31}, "item": "Choice Specs", "teraType": "Dragon", "role": "Bulky Attacker", "bvs": {"hp": 125, "atk": 120, "def": 90, "spa": 170, "spd": 100, "spe": 95}, "stats": {"hp": 303, "atk": 180, "def": 174, "spa": 291, "spd": 188, "spe": 181}}, "Hitmontop": {"name": "Hitmontop", "species": "Hitmontop", "speciesId": "hitmontop", "gender": "M", "shiny": false, "level": 88, "moves": ["closecombat", "rapidspin", "bulkup", "tripleaxel"], "ability": "Technician", "evs": {"hp": 85, "atk": 85, "def": 85, "spa": 85, "spd": 85, "spe": 85}, "ivs": {"hp": 31, "atk": 31, "def": 31, "spa": 31, "spd": 31, "spe": 31}, "item": "Leftovers", "teraType": "Ice", "role": "Bulky Setup", "bvs": {"hp": 50, "atk": 95, "def": 95, "spa": 35, "spd": 110, "spe": 70}, "stats": {"hp": 231, "atk": 217, "def": 217, "spa": 112, "spd": 244, "spe": 173}}, "Dialga": {"name": "Dialga", "species": "Dialga", "speciesId": "dialga", "gender": "N", "shiny": false, "level": 73, "moves": ["dracometeor", "heavyslam", "fireblast", "dragontail"], "ability": "Pressure", "evs": {"hp": 85, "atk": 85, "def": 85, "spa": 85, "spd": 85, "spe": 85}, "ivs": {"hp": 31, "atk": 31, "def": 31, "spa": 31, "spd": 31, "spe": 31}, "item": "Assault Vest", "teraType": "Flying", "role": "AV Pivot", "bvs": {"hp": 100, "atk": 120, "def": 120, "spa": 150, "spd": 100, "spe": 90}, "stats": {"hp": 266, "atk": 218, "def": 218, "spa": 261, "spd": 188, "spe": 174}}}]}