{"id": "gen9randombattle-2631567079", "format": "[Gen 9] Random Battle", "players": ["boxhero147", "UBHCA"], "log": "|j|\u2606boxhero147\n|j|\u2606UBHCA\n|t:|1781402321\n|gametype|singles\n|player|p1|boxhero147|169|2104\n|player|p2|UBHCA|265|2048\n|gen|9\n|tier|[Gen 9] Random Battle\n|rated|\n|rule|Species Clause: Limit one of each Pok\u00e9mon\n|rule|HP Percentage Mod: HP is shown in percentages\n|rule|Sleep Clause Mod: Limit one foe put to sleep\n|rule|Illusion Level Mod: Illusion disguises the Pok\u00e9mon's true level\n|\n|t:|1781402321\n|teamsize|p1|6\n|teamsize|p2|6\n|start\n|switch|p1a: Talonflame|Talonflame, L83, M|265/265\n|switch|p2a: Dugtrio|Dugtrio, L84, M|196/196\n|turn|1\n|inactive|Battle timer is ON: inactive players will automatically lose when time's up. (requested by UBHCA)\n|\n|t:|1781402341\n|switch|p1a: Slowbro|Slowbro-Galar, L87, F|307/307\n|switch|p2a: Qwilfish|Qwilfish, L86, M|252/252\n|-ability|p2a: Qwilfish|Intimidate|boost\n|-unboost|p1a: Slowbro|atk|1\n|\n|upkeep\n|turn|2\n|\n|t:|1781402347\n|move|p2a: Qwilfish|Flip Turn|p1a: Slowbro\n|-damage|p1a: Slowbro|249/307\n|\n|t:|1781402361\n|switch|p2a: Basculegion|Basculegion-F, L83, F|335/335|[from] Flip Turn\n|move|p1a: Slowbro|Earthquake|p2a: Basculegion\n|-damage|p2a: Basculegion|271/335\n|\n|upkeep\n|turn|3\n|\n|t:|1781402371\n|switch|p1a: Regice|Regice, L88|284/284\n|move|p2a: Basculegion|Flip Turn|p1a: Regice\n|-damage|p1a: Regice|212/284\n|\n|t:|1781402379\n|switch|p2a: Gallade|Gallade, L80, M|240/240|[from] Flip Turn\n|\n|upkeep\n|turn|4\n|\n|t:|1781402391\n|move|p2a: Gallade|Psycho Cut|p1a: Regice\n|-damage|p1a: Regice|100/284\n|move|p1a: Regice|Thunder Wave|p2a: Gallade\n|-status|p2a: Gallade|par\n|\n|upkeep\n|turn|5\n|\n|t:|1781402401\n|switch|p1a: Slowbro|Slowbro-Galar, L87, F|307/307\n|move|p2a: Gallade|Psycho Cut|p1a: Slowbro\n|-damage|p1a: Slowbro|199/307\n|\n|upkeep\n|turn|6\n|\n|t:|1781402414\n|move|p2a: Gallade|Psycho Cut|p1a: Slowbro\n|-damage|p1a: Slowbro|93/307\n|move|p1a: Slowbro|Psychic|p2a: Gallade\n|-damage|p2a: Gallade|147/240 par\n|\n|upkeep\n|turn|7\n|\n|t:|1781402428\n|switch|p1a: Regice|Regice, L88|100/284\n|move|p2a: Gallade|Psycho Cut|p1a: Regice\n|-damage|p1a: Regice|0 fnt\n|faint|p1a: Regice\n|\n|upkeep\n|\n|t:|1781402433\n|switch|p1a: Talonflame|Talonflame, L83, M|265/265\n|turn|8\n|\n|t:|1781402437\n|switch|p2a: Probopass|Probopass, L91, F|257/257\n|move|p1a: Talonflame|Brave Bird|p2a: Probopass\n|-resisted|p2a: Probopass\n|-damage|p2a: Probopass|240/257\n|-damage|p1a: Talonflame|259/265|[from] Recoil\n|\n|upkeep\n|turn|9\n|\n|t:|1781402444\n|move|p1a: Talonflame|Overheat|p2a: Probopass\n|-damage|p2a: Probopass|177/257\n|-unboost|p1a: Talonflame|spa|2\n|move|p2a: Probopass|Iron Defense|p2a: Probopass\n|-boost|p2a: Probopass|def|2\n|\n|upkeep\n|turn|10\n|\n|t:|1781402449\n|switch|p1a: Toxapex|Toxapex, L82, M|216/216\n|move|p2a: Probopass|Power Gem|p1a: Toxapex\n|-damage|p1a: Toxapex|158/216\n|\n|-heal|p1a: Toxapex|171/216|[from] item: Leftovers\n|upkeep\n|turn|11\n|\n|t:|1781402457\n|switch|p2a: Dugtrio|Dugtrio, L84, M|196/196\n|move|p1a: Toxapex|Haze|p1a: Toxapex\n|-clearallboost\n|\n|-heal|p1a: Toxapex|184/216|[from] item: Leftovers\n|upkeep\n|turn|12\n|\n|t:|1781402473\n|switch|p2a: Qwilfish|Qwilfish, L86, M|252/252\n|-ability|p2a: Qwilfish|Intimidate|boost\n|-unboost|p1a: Toxapex|atk|1\n|-terastallize|p1a: Toxapex|Grass\n|move|p1a: Toxapex|Liquidation|p2a: Qwilfish\n|-resisted|p2a: Qwilfish\n|-damage|p2a: Qwilfish|231/252\n|\n|-heal|p1a: Toxapex|197/216|[from] item: Leftovers\n|upkeep\n|turn|13\n|\n|t:|1781402478\n|switch|p1a: Slowbro|Slowbro-Galar, L87, F|195/307\n|move|p2a: Qwilfish|Gunk Shot|p1a: Slowbro|[miss]\n|-miss|p2a: Qwilfish|p1a: Slowbro\n|\n|upkeep\n|turn|14\n|\n|t:|1781402483\n|move|p2a: Qwilfish|Flip Turn|p1a: Slowbro\n|-damage|p1a: Slowbro|129/307\n|\n|t:|1781402487\n|switch|p2a: Basculegion|Basculegion-F, L83, F|271/335|[from] Flip Turn\n|move|p1a: Slowbro|Earthquake|p2a: Basculegion\n|-damage|p2a: Basculegion|166/335\n|\n|upkeep\n|turn|15\n|\n|t:|1781402497\n|switch|p1a: Toxapex|Toxapex, L82, M, tera:Grass|216/216\n|move|p2a: Basculegion|Shadow Ball|p1a: Toxapex\n|-damage|p1a: Toxapex|104/216\n|\n|-heal|p1a: Toxapex|117/216|[from] item: Leftovers\n|upkeep\n|turn|16\n|\n|t:|1781402505\n|move|p2a: Basculegion|Shadow Ball|p1a: Toxapex\n|-damage|p1a: Toxapex|0 fnt\n|faint|p1a: Toxapex\n|\n|upkeep\n|\n|t:|1781402511\n|switch|p1a: Greedent|Greedent, L86, M|347/347\n|turn|17\n|\n|t:|1781402517\n|switch|p2a: Qwilfish|Qwilfish, L86, M|231/252\n|-ability|p2a: Qwilfish|Intimidate|boost\n|-unboost|p1a: Greedent|atk|1\n|move|p1a: Greedent|Earthquake|p2a: Qwilfish\n|-supereffective|p2a: Qwilfish\n|-damage|p2a: Qwilfish|131/252\n|\n|upkeep\n|turn|18\n|\n|t:|1781402526\n|move|p2a: Qwilfish|Pain Split|p1a: Greedent\n|-sethp|p1a: Greedent|239/347|[from] move: Pain Split|[silent]\n|-sethp|p2a: Qwilfish|239/252|[from] move: Pain Split\n|move|p1a: Greedent|Swords Dance|p1a: Greedent\n|-boost|p1a: Greedent|atk|2\n|\n|upkeep\n|turn|19\n|\n|t:|1781402533\n|move|p2a: Qwilfish|Flip Turn|p1a: Greedent\n|-damage|p1a: Greedent|182/347\n|\n|t:|1781402537\n|switch|p2a: Basculegion|Basculegion-F, L83, F|166/335|[from] Flip Turn\n|move|p1a: Greedent|Double-Edge|p2a: Basculegion\n|-immune|p2a: Basculegion\n|\n|upkeep\n|turn|20\n|\n|t:|1781402544\n|move|p2a: Basculegion|Flip Turn|p1a: Greedent\n|-damage|p1a: Greedent|110/347\n|-enditem|p1a: Greedent|Sitrus Berry|[eat]\n|-heal|p1a: Greedent|196/347|[from] item: Sitrus Berry\n|-heal|p1a: Greedent|311/347|[from] ability: Cheek Pouch\n|\n|t:|1781402546\n|switch|p2a: Qwilfish|Qwilfish, L86, M|239/252|[from] Flip Turn\n|-ability|p2a: Qwilfish|Intimidate|boost\n|-unboost|p1a: Greedent|atk|1\n|move|p1a: Greedent|Knock Off|p2a: Qwilfish\n|-damage|p2a: Qwilfish|163/252\n|-enditem|p2a: Qwilfish|Heavy-Duty Boots|[from] move: Knock Off|[of] p1a: Greedent\n|\n|upkeep\n|turn|21\n|\n|t:|1781402552\n|move|p2a: Qwilfish|Flip Turn|p1a: Greedent\n|-damage|p1a: Greedent|248/347\n|\n|t:|1781402553\n|switch|p2a: Basculegion|Basculegion-F, L83, F|166/335|[from] Flip Turn\n|move|p1a: Greedent|Swords Dance|p1a: Greedent\n|-boost|p1a: Greedent|atk|2\n|\n|upkeep\n|turn|22\n|\n|t:|1781402558\n|move|p2a: Basculegion|Hydro Pump|p1a: Greedent\n|-damage|p1a: Greedent|8/347\n|move|p1a: Greedent|Earthquake|p2a: Basculegion\n|-damage|p2a: Basculegion|0 fnt\n|faint|p2a: Basculegion\n|\n|upkeep\n|\n|t:|1781402570\n|switch|p2a: Probopass|Probopass, L91, F|177/257\n|turn|23\n|\n|t:|1781402573\n|move|p2a: Probopass|Power Gem|p1a: Greedent\n|-damage|p1a: Greedent|0 fnt\n|faint|p1a: Greedent\n|\n|upkeep\n|\n|t:|1781402579\n|switch|p1a: Feraligatr|Feraligatr, L79, F|264/264\n|turn|24\n|\n|t:|1781402583\n|move|p1a: Feraligatr|Dragon Dance|p1a: Feraligatr\n|-boost|p1a: Feraligatr|atk|1\n|-boost|p1a: Feraligatr|spe|1\n|move|p2a: Probopass|Iron Defense|p2a: Probopass\n|-boost|p2a: Probopass|def|2\n|\n|upkeep\n|turn|25\n|\n|t:|1781402587\n|move|p1a: Feraligatr|Liquidation|p2a: Probopass\n|-supereffective|p2a: Probopass\n|-damage|p2a: Probopass|52/257\n|move|p2a: Probopass|Iron Defense|p2a: Probopass\n|-boost|p2a: Probopass|def|2\n|\n|upkeep\n|turn|26\n|\n|t:|1781402596\n|-terastallize|p2a: Probopass|Fighting\n|move|p1a: Feraligatr|Liquidation|p2a: Probopass\n|-damage|p2a: Probopass|1/257\n|move|p2a: Probopass|Body Press|p1a: Feraligatr\n|-damage|p1a: Feraligatr|0 fnt\n|faint|p1a: Feraligatr\n|\n|upkeep\n|\n|t:|1781402601\n|switch|p1a: Talonflame|Talonflame, L83, M|259/265\n|turn|27\n|\n|t:|1781402603\n|move|p1a: Talonflame|Brave Bird|p2a: Probopass\n|-supereffective|p2a: Probopass\n|-damage|p2a: Probopass|0 fnt\n|faint|p2a: Probopass\n|-damage|p1a: Talonflame|258/265|[from] Recoil\n|\n|upkeep\n|\n|t:|1781402610\n|switch|p2a: Qwilfish|Qwilfish, L86, M|163/252\n|-ability|p2a: Qwilfish|Intimidate|boost\n|-unboost|p1a: Talonflame|atk|1\n|turn|28\n|\n|t:|1781402622\n|switch|p1a: Slowbro|Slowbro-Galar, L87, F|231/307\n|move|p2a: Qwilfish|Thunder Wave|p1a: Slowbro|[miss]\n|-miss|p2a: Qwilfish|p1a: Slowbro\n|\n|upkeep\n|turn|29\n|\n|t:|1781402629\n|move|p2a: Qwilfish|Flip Turn|p1a: Slowbro\n|-damage|p1a: Slowbro|167/307\n|\n|t:|1781402632\n|switch|p2a: Gallade|Gallade, L80, M|147/240 par|[from] Flip Turn\n|move|p1a: Slowbro|Surf|p2a: Gallade\n|-damage|p2a: Gallade|91/240 par\n|\n|upkeep\n|turn|30\n|\n|t:|1781402638\n|switch|p1a: Talonflame|Talonflame, L83, M|258/265\n|move|p2a: Gallade|Night Slash|p1a: Talonflame\n|-damage|p1a: Talonflame|156/265\n|\n|upkeep\n|turn|31\n|\n|t:|1781402642\n|move|p1a: Talonflame|Brave Bird|p2a: Gallade\n|-supereffective|p2a: Gallade\n|-damage|p2a: Gallade|0 fnt\n|faint|p2a: Gallade\n|-damage|p1a: Talonflame|126/265|[from] Recoil\n|\n|upkeep\n|\n|t:|1781402644\n|switch|p2a: Qwilfish|Qwilfish, L86, M|163/252\n|-ability|p2a: Qwilfish|Intimidate|boost\n|-unboost|p1a: Talonflame|atk|1\n|turn|32\n|\n|t:|1781402648\n|switch|p1a: Slowbro|Slowbro-Galar, L87, F|269/307\n|move|p2a: Qwilfish|Thunder Wave|p1a: Slowbro\n|-status|p1a: Slowbro|par\n|\n|upkeep\n|turn|33\n|\n|t:|1781402654\n|move|p2a: Qwilfish|Flip Turn|p1a: Slowbro\n|-damage|p1a: Slowbro|209/307 par\n|\n|t:|1781402655\n|switch|p2a: Lunala|Lunala, L70|308/308|[from] Flip Turn\n|move|p1a: Slowbro|Earthquake|p2a: Lunala\n|-damage|p2a: Lunala|261/308\n|\n|-heal|p2a: Lunala|280/308|[from] item: Leftovers\n|upkeep\n|turn|34\n|\n|t:|1781402666\n|switch|p1a: Talonflame|Talonflame, L83, M|126/265\n|move|p2a: Lunala|Moongeist Beam|p1a: Talonflame\n|-damage|p1a: Talonflame|11/265\n|\n|-heal|p2a: Lunala|299/308|[from] item: Leftovers\n|upkeep\n|turn|35\n|\n|t:|1781402671\n|switch|p2a: Qwilfish|Qwilfish, L86, M|163/252\n|-ability|p2a: Qwilfish|Intimidate|boost\n|-unboost|p1a: Talonflame|atk|1\n|move|p1a: Talonflame|Brave Bird|p2a: Qwilfish\n|-damage|p2a: Qwilfish|90/252\n|-damage|p1a: Talonflame|0 fnt|[from] Recoil\n|faint|p1a: Talonflame\n|\n|upkeep\n|\n|t:|1781402674\n|switch|p1a: Slowbro|Slowbro-Galar, L87, F|307/307 par\n|turn|36\n|\n|t:|1781402676\n|move|p2a: Qwilfish|Pain Split|p1a: Slowbro\n|-sethp|p1a: Slowbro|198/307 par|[from] move: Pain Split|[silent]\n|-sethp|p2a: Qwilfish|198/252|[from] move: Pain Split\n|cant|p1a: Slowbro|par\n|\n|upkeep\n|turn|37\n|\n|t:|1781402679\n|move|p2a: Qwilfish|Flip Turn|p1a: Slowbro\n|-damage|p1a: Slowbro|138/307 par\n|\n|t:|1781402681\n|switch|p2a: Lunala|Lunala, L70|299/308|[from] Flip Turn\n|move|p1a: Slowbro|Psychic|p2a: Lunala\n|-resisted|p2a: Lunala\n|-damage|p2a: Lunala|250/308\n|\n|-heal|p2a: Lunala|269/308|[from] item: Leftovers\n|upkeep\n|turn|38\n|-message|boxhero147 forfeited.\n|\n|win|UBHCA\n", "inputlog": ">version a8376a258c1d4662feba110a92103f3664a72141\n>start {\"formatid\":\"gen9randombattle\",\"seed\":\"sodium,9976236c937c3742746b56710d15aa7c\",\"rated\":\"Rated battle\"}\n>player p1 {\"name\":\"boxhero147\",\"avatar\":\"169\",\"rating\":2104,\"seed\":\"sodium,ede66538d4dbb71728bde625c5114433\"}\n>player p2 {\"name\":\"UBHCA\",\"avatar\":\"265\",\"rating\":2048,\"seed\":\"sodium,c1df1ee90e6337aad3bffb618c316b0b\"}\n>p1 switch 3\n>p2 switch 6\n>p1 move earthquake\n>p2 move flipturn\n>p2 switch 2\n>p1 switch 6\n>p2 move flipturn\n>p2 switch 4\n>p1 move thunderwave\n>p2 move psychocut\n>p1 switch 6\n>p2 move psychocut\n>p1 move psychic\n>p2 move psychocut\n>p1 switch 6\n>p2 move psychocut\n>p1 switch 3\n>p1 move bravebird\n>p2 switch 5\n>p1 move overheat\n>p2 move irondefense\n>p1 switch 2\n>p2 move powergem\n>p1 move haze\n>p2 switch 6\n>p1 move liquidation terastallize\n>p2 switch 2\n>p1 switch 6\n>p2 move gunkshot\n>p1 move earthquake\n>p2 move flipturn\n>p2 switch 4\n>p1 switch 6\n>p2 move shadowball\n>p1 move toxic\n>p2 move shadowball\n>p1 switch 5\n>p1 move earthquake\n>p2 switch 4\n>p1 move swordsdance\n>p2 move painsplit\n>p1 move doubleedge\n>p2 move flipturn\n>p2 switch 4\n>p1 move knockoff\n>p2 move flipturn\n>p2 switch 4\n>p1 move swordsdance\n>p2 move flipturn\n>p2 switch 4\n>p1 move earthquake\n>p2 move hydropump\n>p2 switch 6\n>p1 move earthquake\n>p2 move powergem\n>p1 switch 4\n>p1 move dragondance\n>p2 move irondefense\n>p1 move liquidation\n>p2 move irondefense\n>p1 move liquidation\n>p2 move bodypress terastallize\n>p1 switch 2\n>p1 move bravebird\n>p2 move powergem\n>p2 switch 4\n>p1 switch 6\n>p2 move thunderwave\n>p1 move surf\n>p2 move flipturn\n>p2 switch 5\n>p1 switch 6\n>p2 move nightslash\n>p1 move bravebird\n>p2 move nightslash\n>p2 switch 5\n>p1 switch 6\n>p2 move thunderwave\n>p1 move earthquake\n>p2 move flipturn\n>p2 switch 3\n>p1 switch 6\n>p2 move moongeistbeam\n>p1 move bravebird\n>p2 switch 3\n>p1 switch 6\n>p1 move psychic\n>p2 move painsplit\n>p1 move psychic\n>p2 move flipturn\n>p2 switch 3\n>forcelose p1", "uploadtime": 1781402322, "views": 4, "formatid": "gen9randombattle", "rating": null, "private": 0, "password": null}