{"id": "gen9randombattle-2631441016", "format": "[Gen 9] Random Battle", "players": ["Fortre", "awaangawa"], "log": "|j|\u2606Fortre\n|j|\u2606awaangawa\n|t:|1781385019\n|gametype|singles\n|player|p1|Fortre|1|1974\n|player|p2|awaangawa|265|1995\n|gen|9\n|tier|[Gen 9] Random Battle\n|rated|\n|rule|Species Clause: Limit one of each Pok\u00e9mon\n|rule|HP Percentage Mod: HP is shown in percentages\n|rule|Sleep Clause Mod: Limit one foe put to sleep\n|rule|Illusion Level Mod: Illusion disguises the Pok\u00e9mon's true level\n|\n|t:|1781385019\n|teamsize|p1|6\n|teamsize|p2|6\n|start\n|switch|p1a: Skeledirge|Skeledirge, L79, F|294/294\n|switch|p2a: Qwilfish|Qwilfish-Hisui, L83, F|244/244\n|-ability|p2a: Qwilfish|Intimidate|boost\n|-unboost|p1a: Skeledirge|atk|1\n|turn|1\n|inactive|Battle timer is ON: inactive players will automatically lose when time's up. (requested by awaangawa)\n|\n|t:|1781385035\n|move|p2a: Qwilfish|Spikes|p1a: Skeledirge\n|-sidestart|p1: Fortre|Spikes\n|move|p1a: Skeledirge|Will-O-Wisp|p2a: Qwilfish\n|-status|p2a: Qwilfish|brn\n|\n|-damage|p2a: Qwilfish|229/244 brn|[from] brn\n|upkeep\n|turn|2\n|inactive|Fortre has 120 seconds left.\n|\n|t:|1781385074\n|switch|p1a: Garganacl|Garganacl, L80, F|291/291\n|-damage|p1a: Garganacl|255/291|[from] Spikes\n|move|p2a: Qwilfish|Spikes|p1a: Garganacl\n|-sidestart|p1: Fortre|Spikes\n|\n|-heal|p1a: Garganacl|273/291|[from] item: Leftovers\n|-damage|p2a: Qwilfish|214/244 brn|[from] brn\n|upkeep\n|turn|3\n|\n|t:|1781385085\n|move|p2a: Qwilfish|Spikes|p1a: Garganacl\n|-sidestart|p1: Fortre|Spikes\n|move|p1a: Garganacl|Salt Cure|p2a: Qwilfish\n|-damage|p2a: Qwilfish|187/244 brn\n|-start|p2a: Qwilfish|Salt Cure\n|\n|-heal|p1a: Garganacl|291/291|[from] item: Leftovers\n|-damage|p2a: Qwilfish|172/244 brn|[from] brn\n|-damage|p2a: Qwilfish|142/244 brn|[from] Salt Cure\n|upkeep\n|turn|4\n|\n|t:|1781385091\n|switch|p2a: Sandaconda|Sandaconda, L84, F|258/258\n|move|p1a: Garganacl|Iron Defense|p1a: Garganacl\n|-boost|p1a: Garganacl|def|2\n|\n|upkeep\n|turn|5\n|inactive|awaangawa has 120 seconds left.\n|\n|t:|1781385123\n|move|p2a: Sandaconda|Coil|p2a: Sandaconda\n|-boost|p2a: Sandaconda|atk|1\n|-boost|p2a: Sandaconda|def|1\n|-boost|p2a: Sandaconda|accuracy|1\n|move|p1a: Garganacl|Iron Defense|p1a: Garganacl\n|-boost|p1a: Garganacl|def|2\n|\n|upkeep\n|turn|6\n|\n|t:|1781385129\n|move|p2a: Sandaconda|Coil|p2a: Sandaconda\n|-boost|p2a: Sandaconda|atk|1\n|-boost|p2a: Sandaconda|def|1\n|-boost|p2a: Sandaconda|accuracy|1\n|move|p1a: Garganacl|Salt Cure|p2a: Sandaconda\n|-resisted|p2a: Sandaconda\n|-damage|p2a: Sandaconda|249/258\n|-start|p2a: Sandaconda|Salt Cure\n|\n|-heal|p2a: Sandaconda|258/258|[from] item: Leftovers\n|-damage|p2a: Sandaconda|226/258|[from] Salt Cure\n|upkeep\n|turn|7\n|inactive|awaangawa has 120 seconds left.\n|\n|t:|1781385135\n|move|p2a: Sandaconda|Stone Edge|p1a: Garganacl\n|-damage|p1a: Garganacl|253/291\n|move|p1a: Garganacl|Iron Defense|p1a: Garganacl\n|-boost|p1a: Garganacl|def|2\n|\n|-heal|p2a: Sandaconda|242/258|[from] item: Leftovers\n|-heal|p1a: Garganacl|271/291|[from] item: Leftovers\n|-damage|p2a: Sandaconda|210/258|[from] Salt Cure\n|upkeep\n|turn|8\n|\n|t:|1781385157\n|move|p2a: Sandaconda|Stone Edge|p1a: Garganacl\n|-damage|p1a: Garganacl|242/291\n|move|p1a: Garganacl|Body Press|p2a: Sandaconda\n|-damage|p2a: Sandaconda|113/258\n|\n|-heal|p2a: Sandaconda|129/258|[from] item: Leftovers\n|-heal|p1a: Garganacl|260/291|[from] item: Leftovers\n|-damage|p2a: Sandaconda|97/258|[from] Salt Cure\n|upkeep\n|turn|9\n|inactive|awaangawa has 120 seconds left.\n|\n|t:|1781385183\n|move|p2a: Sandaconda|Stone Edge|p1a: Garganacl\n|-damage|p1a: Garganacl|232/291\n|move|p1a: Garganacl|Body Press|p2a: Sandaconda\n|-damage|p2a: Sandaconda|0 fnt\n|faint|p2a: Sandaconda\n|\n|-heal|p1a: Garganacl|250/291|[from] item: Leftovers\n|upkeep\n|\n|t:|1781385206\n|switch|p2a: Alcremie|Alcremie-Salted-Cream, L90, F|263/263\n|turn|10\n|\n|t:|1781385220\n|move|p2a: Alcremie|Alluring Voice|p1a: Garganacl\n|-damage|p1a: Garganacl|145/291\n|move|p1a: Garganacl|Salt Cure|p2a: Alcremie\n|-damage|p2a: Alcremie|221/263\n|-start|p2a: Alcremie|Salt Cure\n|\n|-heal|p2a: Alcremie|237/263|[from] item: Leftovers\n|-heal|p1a: Garganacl|163/291|[from] item: Leftovers\n|-damage|p2a: Alcremie|205/263|[from] Salt Cure\n|upkeep\n|turn|11\n|\n|t:|1781385235\n|move|p2a: Alcremie|Calm Mind|p2a: Alcremie\n|-boost|p2a: Alcremie|spa|1\n|-boost|p2a: Alcremie|spd|1\n|move|p1a: Garganacl|Recover|p1a: Garganacl\n|-heal|p1a: Garganacl|291/291\n|\n|-heal|p2a: Alcremie|221/263|[from] item: Leftovers\n|-damage|p2a: Alcremie|189/263|[from] Salt Cure\n|upkeep\n|turn|12\n|\n|t:|1781385246\n|move|p2a: Alcremie|Alluring Voice|p1a: Garganacl\n|-damage|p1a: Garganacl|114/291\n|move|p1a: Garganacl|Body Press|p2a: Alcremie\n|-resisted|p2a: Alcremie\n|-crit|p2a: Alcremie\n|-damage|p2a: Alcremie|0 fnt\n|faint|p2a: Alcremie\n|\n|-heal|p1a: Garganacl|132/291|[from] item: Leftovers\n|upkeep\n|inactive|awaangawa has 120 seconds left.\n|\n|t:|1781385267\n|switch|p2a: Hitmonchan|Hitmonchan, L87, M|229/229\n|turn|13\n|\n|t:|1781385273\n|move|p2a: Hitmonchan|Drain Punch|p1a: Garganacl\n|-supereffective|p1a: Garganacl\n|-damage|p1a: Garganacl|88/291\n|move|p1a: Garganacl|Body Press|p2a: Hitmonchan\n|-damage|p2a: Hitmonchan|0 fnt\n|faint|p2a: Hitmonchan\n|\n|-heal|p1a: Garganacl|106/291|[from] item: Leftovers\n|upkeep\n|\n|t:|1781385282\n|switch|p2a: Magcargo|Magcargo, L95, F|268/268\n|turn|14\n|\n|t:|1781385287\n|move|p2a: Magcargo|Power Gem|p1a: Garganacl\n|-damage|p1a: Garganacl|6/291\n|move|p1a: Garganacl|Recover|p1a: Garganacl\n|-heal|p1a: Garganacl|152/291\n|\n|-heal|p1a: Garganacl|170/291|[from] item: Leftovers\n|upkeep\n|turn|15\n|-message|awaangawa forfeited.\n|\n|win|Fortre\n", "inputlog": ">version a8376a258c1d4662feba110a92103f3664a72141\n>start {\"formatid\":\"gen9randombattle\",\"seed\":\"sodium,e2a039d38ea28fcd417e513499e64811\",\"rated\":\"Rated battle\"}\n>player p1 {\"name\":\"Fortre\",\"avatar\":\"1\",\"rating\":1974,\"seed\":\"sodium,b41fe499109fc6f828f99f3196444a23\"}\n>player p2 {\"name\":\"awaangawa\",\"avatar\":\"265\",\"rating\":1995,\"seed\":\"sodium,398fe5e0586890331135f42143f45490\"}\n>p1 move willowisp\n>p2 move spikes\n>p1 switch 5\n>p2 move spikes\n>p1 move saltcure\n>p2 move spikes\n>p1 move irondefense\n>p2 switch 6\n>p1 move irondefense\n>p2 move coil\n>p1 move saltcure\n>p2 move coil\n>p1 move irondefense\n>p2 move stoneedge\n>p1 move bodypress\n>p2 move stoneedge\n>p1 move bodypress\n>p2 move stoneedge\n>p2 switch 5\n>p1 move saltcure\n>p2 move alluringvoice\n>p1 move recover\n>p2 move calmmind\n>p1 move bodypress\n>p2 move alluringvoice\n>p2 switch 4\n>p1 move bodypress\n>p2 move drainpunch\n>p2 switch 2\n>p1 move recover\n>p2 move powergem\n>forcelose p2", "uploadtime": 1781385020, "views": 10, "formatid": "gen9randombattle", "rating": null, "private": 0, "password": null}