{"id": "gen9randombattle-2631958791", "format": "[Gen 9] Random Battle", "players": ["Profschnitzel", "minianchoa"], "log": "|j|\u2606Profschnitzel\n|j|\u2606minianchoa\n|t:|1781459972\n|gametype|singles\n|player|p1|Profschnitzel|steven|2098\n|player|p2|minianchoa|170|2031\n|gen|9\n|tier|[Gen 9] Random Battle\n|rated|\n|rule|Species Clause: Limit one of each Pok\u00e9mon\n|rule|HP Percentage Mod: HP is shown in percentages\n|rule|Sleep Clause Mod: Limit one foe put to sleep\n|rule|Illusion Level Mod: Illusion disguises the Pok\u00e9mon's true level\n|\n|t:|1781459972\n|teamsize|p1|6\n|teamsize|p2|6\n|start\n|switch|p1a: Crabominable|Crabominable, L90, M|321/321\n|switch|p2a: Furret|Furret, L94, M|312/312\n|-item|p1a: Crabominable|Assault Vest|[from] ability: Frisk|[of] p2a: Furret\n|turn|1\n|inactive|Battle timer is ON: inactive players will automatically lose when time's up. (requested by Profschnitzel)\n|\n|t:|1781460000\n|switch|p2a: Girafarig|Girafarig, L89, M|269/269\n|move|p1a: Crabominable|Knock Off|p2a: Girafarig\n|-supereffective|p2a: Girafarig\n|-damage|p2a: Girafarig|95/269\n|-enditem|p2a: Girafarig|Eviolite|[from] move: Knock Off|[of] p1a: Crabominable\n|\n|upkeep\n|turn|2\n|\n|t:|1781460007\n|move|p2a: Girafarig|Hyper Voice|p1a: Crabominable\n|-damage|p1a: Crabominable|251/321\n|move|p1a: Crabominable|Drain Punch|p2a: Girafarig\n|-damage|p2a: Girafarig|0 fnt\n|-heal|p1a: Crabominable|299/321|[from] drain|[of] p2a: Girafarig\n|faint|p2a: Girafarig\n|\n|upkeep\n|\n|t:|1781460013\n|switch|p2a: Quagsire|Quagsire, L84, M|297/297\n|turn|3\n|\n|t:|1781460021\n|move|p1a: Crabominable|Knock Off|p2a: Quagsire\n|-damage|p2a: Quagsire|188/297\n|-enditem|p2a: Quagsire|Leftovers|[from] move: Knock Off|[of] p1a: Crabominable\n|move|p2a: Quagsire|Toxic|p1a: Crabominable\n|-status|p1a: Crabominable|tox\n|\n|-damage|p1a: Crabominable|279/321 tox|[from] psn\n|upkeep\n|turn|4\n|\n|t:|1781460027\n|move|p1a: Crabominable|Ice Hammer|p2a: Quagsire\n|-damage|p2a: Quagsire|8/297\n|-unboost|p1a: Crabominable|spe|1\n|move|p2a: Quagsire|Spikes|p1a: Crabominable\n|-sidestart|p1: Profschnitzel|Spikes\n|\n|-damage|p1a: Crabominable|239/321 tox|[from] psn\n|upkeep\n|turn|5\n|\n|t:|1781460044\n|switch|p2a: Cinderace|Cinderace, L77, M|249/249\n|move|p1a: Crabominable|Ice Hammer|p2a: Cinderace\n|-resisted|p2a: Cinderace\n|-damage|p2a: Cinderace|126/249\n|-unboost|p1a: Crabominable|spe|1\n|\n|-damage|p1a: Crabominable|179/321 tox|[from] psn\n|upkeep\n|turn|6\n|\n|t:|1781460053\n|switch|p1a: Dragonite|Dragonite, L74, M|257/257\n|move|p2a: Cinderace|Pyro Ball|p1a: Dragonite|[miss]\n|-miss|p2a: Cinderace|p1a: Dragonite\n|\n|upkeep\n|turn|7\n|\n|t:|1781460062\n|switch|p2a: Copperajah|Copperajah, L86, F|350/350\n|move|p1a: Dragonite|Dragon Dance|p1a: Dragonite\n|-boost|p1a: Dragonite|atk|1\n|-boost|p1a: Dragonite|spe|1\n|\n|upkeep\n|turn|8\n|\n|t:|1781460068\n|-terastallize|p1a: Dragonite|Flying\n|move|p1a: Dragonite|Earthquake|p2a: Copperajah\n|-supereffective|p2a: Copperajah\n|-damage|p2a: Copperajah|106/350\n|move|p2a: Copperajah|Play Rough|p1a: Dragonite\n|-damage|p1a: Dragonite|187/257\n|\n|upkeep\n|turn|9\n|\n|t:|1781460078\n|move|p1a: Dragonite|Earthquake|p2a: Copperajah\n|-supereffective|p2a: Copperajah\n|-damage|p2a: Copperajah|0 fnt\n|faint|p2a: Copperajah\n|\n|upkeep\n|\n|t:|1781460090\n|switch|p2a: Furret|Furret, L94, M|312/312\n|-item|p1a: Dragonite|Heavy-Duty Boots|[from] ability: Frisk|[of] p2a: Furret\n|turn|10\n|\n|t:|1781460099\n|move|p1a: Dragonite|Outrage|p2a: Furret\n|-damage|p2a: Furret|110/312\n|move|p2a: Furret|Double-Edge|p1a: Dragonite\n|-damage|p1a: Dragonite|0 fnt\n|faint|p1a: Dragonite\n|-damage|p2a: Furret|48/312|[from] Recoil\n|-damage|p2a: Furret|17/312|[from] item: Life Orb\n|\n|upkeep\n|\n|t:|1781460122\n|switch|p1a: Crabominable|Crabominable, L90, M|179/321 tox\n|-damage|p1a: Crabominable|139/321 tox|[from] Spikes\n|turn|11\n|\n|t:|1781460124\n|move|p2a: Furret|Brick Break|p1a: Crabominable\n|-supereffective|p1a: Crabominable\n|-damage|p1a: Crabominable|0 fnt\n|faint|p1a: Crabominable\n|-damage|p2a: Furret|0 fnt|[from] item: Life Orb\n|faint|p2a: Furret\n|\n|upkeep\n|\n|t:|1781460134\n|switch|p2a: Cinderace|Cinderace, L77, M|126/249\n|switch|p1a: Pawmot|Pawmot, L80, F|243/243\n|-damage|p1a: Pawmot|213/243|[from] Spikes\n|turn|12\n|\n|t:|1781460144\n|move|p2a: Cinderace|High Jump Kick|p1a: Pawmot\n|-start|p2a: Cinderace|typechange|Fighting|[from] ability: Libero\n|-damage|p1a: Pawmot|0 fnt\n|faint|p1a: Pawmot\n|\n|upkeep\n|\n|t:|1781460149\n|switch|p1a: Jolteon|Jolteon, L84, F|246/246\n|-damage|p1a: Jolteon|216/246|[from] Spikes\n|turn|13\n|\n|t:|1781460154\n|move|p1a: Jolteon|Alluring Voice|p2a: Cinderace\n|-supereffective|p2a: Cinderace\n|-crit|p2a: Cinderace\n|-damage|p2a: Cinderace|0 fnt\n|faint|p2a: Cinderace\n|\n|upkeep\n|\n|t:|1781460159\n|switch|p2a: Cobalion|Cobalion, L80|277/277\n|turn|14\n|\n|t:|1781460162\n|move|p1a: Jolteon|Alluring Voice|p2a: Cobalion\n|-damage|p2a: Cobalion|173/277\n|move|p2a: Cobalion|Stealth Rock|p1a: Jolteon\n|-sidestart|p1: Profschnitzel|move: Stealth Rock\n|\n|-heal|p2a: Cobalion|190/277|[from] item: Leftovers\n|upkeep\n|turn|15\n|\n|t:|1781460168\n|move|p1a: Jolteon|Alluring Voice|p2a: Cobalion\n|-damage|p2a: Cobalion|77/277\n|move|p2a: Cobalion|Body Press|p1a: Jolteon\n|-damage|p1a: Jolteon|75/246\n|\n|-heal|p2a: Cobalion|94/277|[from] item: Leftovers\n|upkeep\n|turn|16\n|c|\u2606Profschnitzel|gg\n|\n|t:|1781460177\n|move|p1a: Jolteon|Alluring Voice|p2a: Cobalion\n|-damage|p2a: Cobalion|0 fnt\n|faint|p2a: Cobalion\n|\n|upkeep\n|\n|t:|1781460179\n|switch|p2a: Quagsire|Quagsire, L84, M|8/297\n|turn|17\n|\n|t:|1781460181\n|-terastallize|p2a: Quagsire|Steel\n|move|p1a: Jolteon|Alluring Voice|p2a: Quagsire\n|-resisted|p2a: Quagsire\n|-damage|p2a: Quagsire|0 fnt\n|faint|p2a: Quagsire\n|\n|win|Profschnitzel\n", "inputlog": ">version a8376a258c1d4662feba110a92103f3664a72141\n>start {\"formatid\":\"gen9randombattle\",\"seed\":\"sodium,bdd1466f9379bdd333bc146a80f817e3\",\"rated\":\"Rated battle\"}\n>player p1 {\"name\":\"Profschnitzel\",\"avatar\":\"steven\",\"rating\":2098,\"seed\":\"sodium,15c62b3d3038c77db486912e82a985a7\"}\n>player p2 {\"name\":\"minianchoa\",\"avatar\":\"170\",\"rating\":2031,\"seed\":\"sodium,9621509d2f84811e6eae9e673971a848\"}\n>p1 move knockoff\n>p2 switch 2\n>p1 move drainpunch\n>p2 move hypervoice\n>p2 switch 6\n>p1 move knockoff\n>p2 move toxic\n>p1 move icehammer\n>p2 move spikes\n>p1 move icehammer\n>p2 switch 3\n>p1 switch 3\n>p2 move pyroball\n>p1 move dragondance\n>p2 switch 4\n>p1 move earthquake terastallize\n>p2 move playrough\n>p1 move earthquake\n>p2 move playrough\n>p2 switch 2\n>p1 move outrage\n>p2 move doubleedge\n>p1 switch 3\n>p1 move drainpunch\n>p2 move brickbreak\n>p1 switch 2\n>p2 switch 4\n>p1 move closecombat\n>p2 move highjumpkick\n>p1 switch 4\n>p1 move alluringvoice\n>p2 move highjumpkick\n>p2 switch 5\n>p1 move alluringvoice\n>p2 move stealthrock\n>p1 move alluringvoice\n>p2 move bodypress\n>chat \u2606Profschnitzel|gg\n>p1 move alluringvoice\n>p2 move bodypress\n>p2 switch 3\n>p1 move alluringvoice\n>p2 move recover terastallize", "uploadtime": 1781459975, "views": 10, "formatid": "gen9randombattle", "rating": null, "private": 0, "password": null}