{"id": "gen9randombattle-2631931228", "format": "[Gen 9] Random Battle", "players": ["nextlevelcolors", "Pepe Zombi"], "log": "|j|\u2606nextlevelcolors\n|j|\u2606Pepe Zombi\n|t:|1781456943\n|gametype|singles\n|player|p1|nextlevelcolors|2|2023\n|player|p2|Pepe Zombi|miku-ghost|2023\n|gen|9\n|tier|[Gen 9] Random Battle\n|rated|\n|rule|Species Clause: Limit one of each Pok\u00e9mon\n|rule|HP Percentage Mod: HP is shown in percentages\n|rule|Sleep Clause Mod: Limit one foe put to sleep\n|rule|Illusion Level Mod: Illusion disguises the Pok\u00e9mon's true level\n|\n|t:|1781456943\n|teamsize|p1|6\n|teamsize|p2|6\n|start\n|switch|p1a: Swanna|Swanna, L89, M|278/278\n|switch|p2a: Grafaiai|Grafaiai, L86, F|249/249\n|turn|1\n|inactive|Battle timer is ON: inactive players will automatically lose when time's up. (requested by Pepe Zombi)\n|\n|t:|1781456955\n|move|p2a: Grafaiai|Gunk Shot|p1a: Swanna\n|-damage|p1a: Swanna|122/278\n|-status|p1a: Swanna|psn\n|move|p1a: Swanna|Brave Bird|p2a: Grafaiai\n|-damage|p2a: Grafaiai|99/249\n|-damage|p1a: Swanna|72/278 psn|[from] Recoil\n|\n|-damage|p1a: Swanna|38/278 psn|[from] psn\n|upkeep\n|turn|2\n|\n|t:|1781456964\n|move|p2a: Grafaiai|Knock Off|p1a: Swanna\n|-damage|p1a: Swanna|0 fnt\n|-enditem|p1a: Swanna|Heavy-Duty Boots|[from] move: Knock Off|[of] p2a: Grafaiai\n|faint|p1a: Swanna\n|\n|upkeep\n|\n|t:|1781456973\n|switch|p1a: Pyroar|Pyroar, L88, F|295/295\n|-ability|p1a: Pyroar|Unnerve\n|turn|3\n|\n|t:|1781456986\n|move|p2a: Grafaiai|U-turn|p1a: Pyroar\n|-resisted|p1a: Pyroar\n|-damage|p1a: Pyroar|265/295\n|\n|t:|1781456995\n|switch|p2a: Skeledirge|Skeledirge, L79, M|294/294|[from] U-turn\n|move|p1a: Pyroar|Fire Blast|p2a: Skeledirge\n|-resisted|p2a: Skeledirge\n|-damage|p2a: Skeledirge|215/294\n|\n|upkeep\n|turn|4\n|\n|t:|1781457000\n|move|p1a: Pyroar|Taunt|p2a: Skeledirge\n|-start|p2a: Skeledirge|move: Taunt\n|move|p2a: Skeledirge|Torch Song|p1a: Pyroar\n|-resisted|p1a: Pyroar\n|-damage|p1a: Pyroar|214/295\n|-boost|p2a: Skeledirge|spa|1\n|\n|upkeep\n|turn|5\n|\n|t:|1781457004\n|switch|p1a: Slowbro|Slowbro, L85, F|300/300\n|move|p2a: Skeledirge|Flame Charge|p1a: Slowbro\n|-resisted|p1a: Slowbro\n|-damage|p1a: Slowbro|283/300\n|-boost|p2a: Skeledirge|spe|1\n|\n|-heal|p1a: Slowbro|300/300|[from] item: Leftovers\n|upkeep\n|turn|6\n|\n|t:|1781457008\n|move|p2a: Skeledirge|Shadow Ball|p1a: Slowbro\n|-supereffective|p1a: Slowbro\n|-damage|p1a: Slowbro|48/300\n|move|p1a: Slowbro|Scald|p2a: Skeledirge\n|-supereffective|p2a: Skeledirge\n|-damage|p2a: Skeledirge|0 fnt\n|faint|p2a: Skeledirge\n|\n|-heal|p1a: Slowbro|66/300|[from] item: Leftovers\n|upkeep\n|\n|t:|1781457015\n|switch|p2a: Grafaiai|Grafaiai, L86, F|99/249\n|turn|7\n|\n|t:|1781457020\n|switch|p1a: Pyroar|Pyroar, L88, F|214/295\n|-ability|p1a: Pyroar|Unnerve\n|move|p2a: Grafaiai|Knock Off|p1a: Pyroar\n|-damage|p1a: Pyroar|135/295\n|-status|p1a: Pyroar|psn|[from] ability: Poison Touch|[of] p2a: Grafaiai\n|-enditem|p1a: Pyroar|Heavy-Duty Boots|[from] move: Knock Off|[of] p2a: Grafaiai\n|\n|-damage|p1a: Pyroar|99/295 psn|[from] psn\n|upkeep\n|turn|8\n|\n|t:|1781457027\n|move|p2a: Grafaiai|Gunk Shot|p1a: Pyroar\n|-damage|p1a: Pyroar|0 fnt\n|faint|p1a: Pyroar\n|\n|upkeep\n|\n|t:|1781457031\n|switch|p1a: Oranguru|Oranguru, L92, F|315/315\n|turn|9\n|\n|t:|1781457035\n|move|p2a: Grafaiai|U-turn|p1a: Oranguru\n|-supereffective|p1a: Oranguru\n|-damage|p1a: Oranguru|215/315\n|\n|t:|1781457037\n|switch|p2a: Chimecho|Chimecho, L93, M|290/290|[from] U-turn\n|move|p1a: Oranguru|Psyshock|p2a: Chimecho\n|-resisted|p2a: Chimecho\n|-damage|p2a: Chimecho|248/290\n|\n|-heal|p2a: Chimecho|266/290|[from] item: Leftovers\n|-heal|p1a: Oranguru|234/315|[from] item: Leftovers\n|upkeep\n|turn|10\n|\n|t:|1781457042\n|move|p2a: Chimecho|Knock Off|p1a: Oranguru\n|-supereffective|p1a: Oranguru\n|-damage|p1a: Oranguru|120/315\n|-enditem|p1a: Oranguru|Leftovers|[from] move: Knock Off|[of] p2a: Chimecho\n|move|p1a: Oranguru|Nasty Plot|p1a: Oranguru\n|-boost|p1a: Oranguru|spa|2\n|\n|-heal|p2a: Chimecho|284/290|[from] item: Leftovers\n|upkeep\n|turn|11\n|\n|t:|1781457047\n|move|p2a: Chimecho|Knock Off|p1a: Oranguru\n|-supereffective|p1a: Oranguru\n|-damage|p1a: Oranguru|52/315\n|move|p1a: Oranguru|Thunderbolt|p2a: Chimecho\n|-damage|p2a: Chimecho|164/290\n|\n|-heal|p2a: Chimecho|182/290|[from] item: Leftovers\n|upkeep\n|turn|12\n|\n|t:|1781457052\n|move|p2a: Chimecho|Knock Off|p1a: Oranguru\n|-supereffective|p1a: Oranguru\n|-damage|p1a: Oranguru|0 fnt\n|faint|p1a: Oranguru\n|\n|-heal|p2a: Chimecho|200/290|[from] item: Leftovers\n|upkeep\n|\n|t:|1781457054\n|switch|p1a: Gengar|Gengar, L81, F|230/230\n|turn|13\n|\n|t:|1781457058\n|move|p1a: Gengar|Nasty Plot|p1a: Gengar\n|-boost|p1a: Gengar|spa|2\n|move|p2a: Chimecho|Psychic Noise|p1a: Gengar\n|-supereffective|p1a: Gengar\n|-damage|p1a: Gengar|0 fnt\n|-start|p2a: Chimecho|Disable|Psychic Noise|[from] ability: Cursed Body|[of] p1a: Gengar\n|faint|p1a: Gengar\n|\n|-heal|p2a: Chimecho|218/290|[from] item: Leftovers\n|upkeep\n|\n|t:|1781457066\n|switch|p1a: Slowbro|Slowbro, L85, F|166/300\n|turn|14\n|\n|t:|1781457071\n|move|p2a: Chimecho|Knock Off|p1a: Slowbro\n|-supereffective|p1a: Slowbro\n|-damage|p1a: Slowbro|76/300\n|-enditem|p1a: Slowbro|Leftovers|[from] move: Knock Off|[of] p2a: Chimecho\n|move|p1a: Slowbro|Slack Off|p1a: Slowbro\n|-heal|p1a: Slowbro|226/300\n|\n|-heal|p2a: Chimecho|236/290|[from] item: Leftovers\n|upkeep\n|turn|15\n|\n|t:|1781457078\n|move|p2a: Chimecho|Knock Off|p1a: Slowbro\n|-supereffective|p1a: Slowbro\n|-damage|p1a: Slowbro|164/300\n|move|p1a: Slowbro|Scald|p2a: Chimecho\n|-damage|p2a: Chimecho|154/290\n|-status|p2a: Chimecho|brn\n|\n|-heal|p2a: Chimecho|172/290 brn|[from] item: Leftovers\n|-damage|p2a: Chimecho|154/290 brn|[from] brn\n|upkeep\n|turn|16\n|\n|t:|1781457083\n|switch|p2a: Breloom|Breloom, L83, M|235/235\n|move|p1a: Slowbro|Iron Defense|p1a: Slowbro\n|-boost|p1a: Slowbro|def|2\n|\n|upkeep\n|turn|17\n|\n|t:|1781457094\n|-terastallize|p1a: Slowbro|Fighting\n|move|p2a: Breloom|Spore|p1a: Slowbro\n|-status|p1a: Slowbro|slp|[from] move: Spore\n|cant|p1a: Slowbro|slp\n|\n|upkeep\n|turn|18\n|\n|t:|1781457101\n|switch|p2a: Keldeo|Keldeo-Resolute, L79|273/273\n|cant|p1a: Slowbro|slp\n|\n|upkeep\n|turn|19\n|\n|t:|1781457105\n|move|p2a: Keldeo|Calm Mind|p2a: Keldeo\n|-boost|p2a: Keldeo|spa|1\n|-boost|p2a: Keldeo|spd|1\n|-curestatus|p1a: Slowbro|slp|[msg]\n|move|p1a: Slowbro|Body Press|p2a: Keldeo\n|-damage|p2a: Keldeo|62/273\n|\n|-heal|p2a: Keldeo|79/273|[from] item: Leftovers\n|upkeep\n|turn|20\n|\n|t:|1781457107\n|move|p2a: Keldeo|Surf|p1a: Slowbro\n|-damage|p1a: Slowbro|0 fnt\n|faint|p1a: Slowbro\n|\n|-heal|p2a: Keldeo|96/273|[from] item: Leftovers\n|upkeep\n|\n|t:|1781457110\n|switch|p1a: Rayquaza|Rayquaza, L72|270/270\n|-ability|p1a: Rayquaza|Air Lock\n|turn|21\n|\n|t:|1781457113\n|move|p1a: Rayquaza|Extreme Speed|p2a: Keldeo\n|-damage|p2a: Keldeo|9/273\n|move|p2a: Keldeo|Surf|p1a: Rayquaza\n|-resisted|p1a: Rayquaza\n|-damage|p1a: Rayquaza|181/270\n|\n|-heal|p2a: Keldeo|26/273|[from] item: Leftovers\n|upkeep\n|turn|22\n|\n|t:|1781457116\n|move|p1a: Rayquaza|Extreme Speed|p2a: Keldeo\n|-damage|p2a: Keldeo|0 fnt\n|faint|p2a: Keldeo\n|\n|upkeep\n|\n|t:|1781457122\n|switch|p2a: Breloom|Breloom, L83, M|235/235\n|turn|23\n|\n|t:|1781457124\n|move|p1a: Rayquaza|Extreme Speed|p2a: Breloom\n|-damage|p2a: Breloom|136/235\n|move|p2a: Breloom|Spore|p1a: Rayquaza\n|-status|p1a: Rayquaza|slp|[from] move: Spore\n|\n|upkeep\n|turn|24\n|\n|t:|1781457127\n|cant|p1a: Rayquaza|slp\n|move|p2a: Breloom|Rock Tomb|p1a: Rayquaza\n|-supereffective|p1a: Rayquaza\n|-damage|p1a: Rayquaza|0 fnt\n|faint|p1a: Rayquaza\n|-damage|p2a: Breloom|113/235|[from] item: Life Orb\n|\n|win|Pepe Zombi\n", "inputlog": ">version a8376a258c1d4662feba110a92103f3664a72141\n>start {\"formatid\":\"gen9randombattle\",\"seed\":\"sodium,e3eb283c4c43bc6d97c8f7e993d5926e\",\"rated\":\"Rated battle\"}\n>player p1 {\"name\":\"nextlevelcolors\",\"avatar\":\"2\",\"rating\":2023,\"seed\":\"sodium,5a6e38a6797831bc5331e664102d6103\"}\n>player p2 {\"name\":\"Pepe Zombi\",\"avatar\":\"miku-ghost\",\"rating\":2023,\"seed\":\"sodium,5fcfc88b75aba1180b561eec280e2194\"}\n>p1 move bravebird\n>p2 move gunkshot\n>p1 move bravebird\n>p2 move knockoff\n>p1 switch 5\n>p1 move fireblast\n>p2 move uturn\n>p2 switch 6\n>p1 move taunt\n>p2 move torchsong\n>p1 switch 3\n>p2 move flamecharge\n>p1 move scald\n>p2 move shadowball\n>p2 switch 6\n>p1 switch 3\n>p2 move knockoff\n>p1 move fireblast\n>p2 move gunkshot\n>p1 switch 2\n>p1 move psyshock\n>p2 move uturn\n>p2 switch 5\n>p1 move nastyplot\n>p2 move knockoff\n>p1 move thunderbolt\n>p2 move knockoff\n>p1 move thunderbolt\n>p2 move knockoff\n>p1 switch 6\n>p1 move nastyplot\n>p2 move psychicnoise\n>p1 switch 3\n>p1 move slackoff\n>p2 move knockoff\n>p1 move scald\n>p2 move knockoff\n>p1 move irondefense\n>p2 switch 2\n>p1 move slackoff terastallize\n>p2 move spore\n>p1 move bodypress\n>p2 switch 3\n>p1 move bodypress\n>p2 move calmmind\n>p1 move bodypress\n>p2 move surf\n>p1 switch 4\n>p1 move extremespeed\n>p2 move surf\n>p1 move extremespeed\n>p2 move secretsword\n>p2 switch 3\n>p1 move extremespeed\n>p2 move spore\n>p1 move extremespeed\n>p2 move rocktomb", "uploadtime": 1781456947, "views": 4, "formatid": "gen9randombattle", "rating": null, "private": 0, "password": null}