{"id": "gen9randombattle-2631481049", "format": "[Gen 9] Random Battle", "players": ["jh bruns", "Emily Montes"], "log": "|j|\u2606jh bruns\n|j|\u2606Emily Montes\n|t:|1781390340\n|gametype|singles\n|player|p1|jh bruns|170|1938\n|player|p2|Emily Montes|pokekid|1928\n|gen|9\n|tier|[Gen 9] Random Battle\n|rated|\n|rule|Species Clause: Limit one of each Pok\u00e9mon\n|rule|HP Percentage Mod: HP is shown in percentages\n|rule|Sleep Clause Mod: Limit one foe put to sleep\n|rule|Illusion Level Mod: Illusion disguises the Pok\u00e9mon's true level\n|\n|t:|1781390340\n|teamsize|p1|6\n|teamsize|p2|6\n|start\n|switch|p1a: Clefable|Clefable, L83, F|293/293\n|switch|p2a: Oricorio|Oricorio-Pa'u, L87, M|272/272\n|turn|1\n|\n|t:|1781390354\n|switch|p2a: Arceus|Arceus-Ground, L70|284/284\n|move|p1a: Clefable|Calm Mind|p1a: Clefable\n|-boost|p1a: Clefable|spa|1\n|-boost|p1a: Clefable|spd|1\n|\n|upkeep\n|turn|2\n|\n|t:|1781390360\n|move|p2a: Arceus|Earthquake|p1a: Clefable\n|-damage|p1a: Clefable|172/293\n|move|p1a: Clefable|Moonblast|p2a: Arceus\n|-damage|p2a: Arceus|120/284\n|-unboost|p2a: Arceus|spa|1\n|\n|upkeep\n|turn|3\n|\n|t:|1781390366\n|move|p2a: Arceus|Earthquake|p1a: Clefable\n|-crit|p1a: Clefable\n|-damage|p1a: Clefable|0 fnt\n|faint|p1a: Clefable\n|\n|upkeep\n|\n|t:|1781390378\n|switch|p1a: Phione|Phione, L91|293/293\n|turn|4\n|\n|t:|1781390389\n|switch|p2a: Zapdos|Zapdos-Galar, L77|265/265\n|move|p1a: Phione|Ice Beam|p2a: Zapdos\n|-supereffective|p2a: Zapdos\n|-damage|p2a: Zapdos|139/265\n|\n|upkeep\n|turn|5\n|\n|t:|1781390401\n|switch|p1a: Bellibolt|Bellibolt, L84, F|320/320\n|move|p2a: Zapdos|Brave Bird|p1a: Bellibolt\n|-resisted|p1a: Bellibolt\n|-damage|p1a: Bellibolt|259/320\n|-start|p1a: Bellibolt|Charge|Brave Bird|[from] ability: Electromorphosis\n|-damage|p2a: Zapdos|119/265|[from] Recoil\n|\n|-heal|p1a: Bellibolt|279/320|[from] item: Leftovers\n|upkeep\n|turn|6\n|\n|t:|1781390412\n|switch|p2a: Bisharp|Bisharp, L79, M|232/232\n|move|p1a: Bellibolt|Muddy Water|p2a: Bisharp\n|-damage|p2a: Bisharp|176/232\n|\n|-heal|p1a: Bellibolt|299/320|[from] item: Leftovers\n|upkeep\n|turn|7\n|\n|t:|1781390416\n|switch|p2a: Arceus|Arceus-Ground, L70|120/284\n|move|p1a: Bellibolt|Volt Switch|p2a: Arceus\n|-immune|p2a: Arceus\n|-end|p1a: Bellibolt|Charge|[silent]\n|\n|-heal|p1a: Bellibolt|319/320|[from] item: Leftovers\n|upkeep\n|turn|8\n|\n|t:|1781390424\n|move|p2a: Arceus|Recover|p2a: Arceus\n|-heal|p2a: Arceus|262/284\n|move|p1a: Bellibolt|Muddy Water|p2a: Arceus\n|-supereffective|p2a: Arceus\n|-damage|p2a: Arceus|148/284\n|-unboost|p2a: Arceus|accuracy|1\n|\n|-heal|p1a: Bellibolt|320/320|[from] item: Leftovers\n|upkeep\n|turn|9\n|\n|t:|1781390430\n|switch|p1a: Phione|Phione, L91|293/293\n|move|p2a: Arceus|Recover|p2a: Arceus\n|-heal|p2a: Arceus|284/284\n|\n|upkeep\n|turn|10\n|\n|t:|1781390436\n|switch|p2a: Conkeldurr|Conkeldurr, L80, F|299/299\n|move|p1a: Phione|Scald|p2a: Conkeldurr\n|-damage|p2a: Conkeldurr|187/299\n|\n|-status|p2a: Conkeldurr|brn|[from] item: Flame Orb\n|upkeep\n|turn|11\n|\n|t:|1781390459\n|switch|p1a: Bellibolt|Bellibolt, L84, F|320/320\n|move|p2a: Conkeldurr|Knock Off|p1a: Bellibolt\n|-damage|p1a: Bellibolt|200/320\n|-start|p1a: Bellibolt|Charge|Knock Off|[from] ability: Electromorphosis\n|-enditem|p1a: Bellibolt|Leftovers|[from] move: Knock Off|[of] p2a: Conkeldurr\n|\n|-damage|p2a: Conkeldurr|169/299 brn|[from] brn\n|upkeep\n|turn|12\n|\n|t:|1781390465\n|move|p1a: Bellibolt|Thunderbolt|p2a: Conkeldurr\n|-damage|p2a: Conkeldurr|0 fnt\n|faint|p2a: Conkeldurr\n|-end|p1a: Bellibolt|Charge|[silent]\n|\n|upkeep\n|\n|t:|1781390482\n|switch|p2a: Bisharp|Bisharp, L79, M|176/232\n|turn|13\n|\n|t:|1781390488\n|move|p2a: Bisharp|Stealth Rock|p1a: Bellibolt\n|-sidestart|p1: jh bruns|move: Stealth Rock\n|move|p1a: Bellibolt|Slack Off|p1a: Bellibolt\n|-heal|p1a: Bellibolt|320/320\n|\n|upkeep\n|turn|14\n|\n|t:|1781390493\n|switch|p2a: Arceus|Arceus-Ground, L70|284/284\n|move|p1a: Bellibolt|Volt Switch|p2a: Arceus\n|-immune|p2a: Arceus\n|\n|upkeep\n|turn|15\n|\n|t:|1781390502\n|switch|p1a: Dunsparce|Dunsparce, L86, F|312/312\n|-damage|p1a: Dunsparce|273/312|[from] Stealth Rock\n|move|p2a: Arceus|Dragon Dance|p2a: Arceus\n|-boost|p2a: Arceus|atk|1\n|-boost|p2a: Arceus|spe|1\n|\n|upkeep\n|turn|16\n|\n|t:|1781390512\n|move|p2a: Arceus|Dragon Dance|p2a: Arceus\n|-boost|p2a: Arceus|atk|1\n|-boost|p2a: Arceus|spe|1\n|move|p1a: Dunsparce|Coil|p1a: Dunsparce\n|-boost|p1a: Dunsparce|atk|1\n|-boost|p1a: Dunsparce|def|1\n|-boost|p1a: Dunsparce|accuracy|1\n|\n|upkeep\n|turn|17\n|\n|t:|1781390520\n|move|p2a: Arceus|Earthquake|p1a: Dunsparce\n|-damage|p1a: Dunsparce|153/312\n|move|p1a: Dunsparce|Coil|p1a: Dunsparce\n|-boost|p1a: Dunsparce|atk|1\n|-boost|p1a: Dunsparce|def|1\n|-boost|p1a: Dunsparce|accuracy|1\n|\n|upkeep\n|turn|18\n|\n|t:|1781390530\n|switch|p2a: Typhlosion|Typhlosion, L84, M|267/267\n|move|p1a: Dunsparce|Roost|p1a: Dunsparce\n|-heal|p1a: Dunsparce|309/312\n|-singleturn|p1a: Dunsparce|move: Roost\n|\n|upkeep\n|turn|19\n|\n|t:|1781390537\n|-terastallize|p2a: Typhlosion|Fire\n|move|p2a: Typhlosion|Eruption|p1a: Dunsparce\n|-damage|p1a: Dunsparce|31/312\n|move|p1a: Dunsparce|Body Slam|p2a: Typhlosion\n|-damage|p2a: Typhlosion|116/267\n|\n|upkeep\n|turn|20\n|\n|t:|1781390547\n|move|p2a: Typhlosion|Eruption|p1a: Dunsparce\n|-damage|p1a: Dunsparce|0 fnt\n|faint|p1a: Dunsparce\n|\n|upkeep\n|\n|t:|1781390550\n|switch|p1a: Blastoise|Blastoise, L80, M|258/258\n|-damage|p1a: Blastoise|226/258|[from] Stealth Rock\n|turn|21\n|\n|t:|1781390557\n|switch|p2a: Zapdos|Zapdos-Galar, L77|119/265\n|move|p1a: Blastoise|Shell Smash|p1a: Blastoise\n|-unboost|p1a: Blastoise|def|1\n|-unboost|p1a: Blastoise|spd|1\n|-boost|p1a: Blastoise|atk|2\n|-boost|p1a: Blastoise|spa|2\n|-boost|p1a: Blastoise|spe|2\n|-enditem|p1a: Blastoise|White Herb\n|-clearnegativeboost|p1a: Blastoise|[silent]\n|\n|upkeep\n|turn|22\n|\n|t:|1781390564\n|move|p1a: Blastoise|Ice Beam|p2a: Zapdos\n|-supereffective|p2a: Zapdos\n|-crit|p2a: Zapdos\n|-damage|p2a: Zapdos|0 fnt\n|faint|p2a: Zapdos\n|\n|upkeep\n|\n|t:|1781390570\n|switch|p2a: Oricorio|Oricorio-Pa'u, L87, M|272/272\n|turn|23\n|\n|t:|1781390576\n|move|p1a: Blastoise|Ice Beam|p2a: Oricorio\n|-supereffective|p2a: Oricorio\n|-damage|p2a: Oricorio|18/272\n|move|p2a: Oricorio|Hurricane|p1a: Blastoise|[miss]\n|-miss|p2a: Oricorio|p1a: Blastoise\n|\n|upkeep\n|turn|24\n|l|\u2606Emily Montes\n|player|p2|\n|inactive|Battle timer is ON: inactive players will automatically lose when time's up. (requested by jh bruns)\n|inactive|Emily Montes has 30 seconds to reconnect!\n|inactive|Emily Montes has 20 seconds to reconnect!\n|inactive|Emily Montes has 15 seconds to reconnect!\n|inactive|Emily Montes has 10 seconds to reconnect!\n|inactive|Emily Montes has 5 seconds to reconnect!\n|-message|Emily Montes lost due to inactivity.\n|\n|win|jh bruns\n", "inputlog": ">version a8376a258c1d4662feba110a92103f3664a72141\n>start {\"formatid\":\"gen9randombattle\",\"seed\":\"sodium,fae02e8454865d9f0614a9a5fb1eec11\",\"rated\":\"Rated battle\"}\n>player p1 {\"name\":\"jh bruns\",\"avatar\":\"170\",\"rating\":1938,\"seed\":\"sodium,b9411a269f4d8a5338e545a63d4d5644\"}\n>player p2 {\"name\":\"Emily Montes\",\"avatar\":\"pokekid\",\"rating\":1928,\"seed\":\"sodium,f847769a94d2ccb35481ba8570390b68\"}\n>p1 move calmmind\n>p2 switch 5\n>p1 move moonblast\n>p2 move earthquake\n>p1 move moonlight\n>p2 move earthquake\n>p1 switch 5\n>p1 move icebeam\n>p2 switch 2\n>p1 switch 2\n>p2 move bravebird\n>p1 move muddywater\n>p2 switch 4\n>p1 move voltswitch\n>p2 switch 2\n>p1 move muddywater\n>p2 move recover\n>p1 switch 2\n>p2 move recover\n>p1 move scald\n>p2 switch 3\n>p1 switch 2\n>p2 move knockoff\n>p1 move thunderbolt\n>p2 move closecombat\n>p2 switch 2\n>p1 move slackoff\n>p2 move stealthrock\n>p1 move voltswitch\n>p2 switch 3\n>p1 switch 6\n>p2 move dragondance\n>p1 move coil\n>p2 move dragondance\n>p1 move coil\n>p2 move earthquake\n>p1 move roost\n>p2 switch 6\n>p1 move bodyslam\n>p2 move eruption terastallize\n>p1 move bodyslam\n>p2 move eruption\n>p1 switch 4\n>p1 move shellsmash\n>p2 switch 4\n>p1 move icebeam\n>p2 move closecombat\n>p2 switch 5\n>p1 move icebeam\n>p2 move hurricane\n>forcelose p2", "uploadtime": 1781390342, "views": 4, "formatid": "gen9randombattle", "rating": null, "private": 0, "password": null}