{"id": "gen9randombattle-2632005727", "format": "[Gen 9] Random Battle", "players": ["titofer", "Rocksas"], "log": "|j|\u2606titofer\n|j|\u2606Rocksas\n|t:|1781465116\n|gametype|singles\n|player|p1|titofer|169|1931\n|player|p2|Rocksas|n|1964\n|gen|9\n|tier|[Gen 9] Random Battle\n|rated|\n|rule|Species Clause: Limit one of each Pok\u00e9mon\n|rule|HP Percentage Mod: HP is shown in percentages\n|rule|Sleep Clause Mod: Limit one foe put to sleep\n|rule|Illusion Level Mod: Illusion disguises the Pok\u00e9mon's true level\n|\n|t:|1781465116\n|teamsize|p1|6\n|teamsize|p2|6\n|start\n|switch|p1a: Dipplin|Dipplin, L88, M|284/284\n|switch|p2a: Baxcalibur|Baxcalibur, L75, F|296/296\n|turn|1\n|\n|t:|1781465156\n|switch|p1a: Crabominable|Crabominable, L90, M|321/321\n|move|p2a: Baxcalibur|Icicle Crash|p1a: Crabominable\n|-resisted|p1a: Crabominable\n|-damage|p1a: Crabominable|270/321\n|\n|upkeep\n|turn|2\n|\n|t:|1781465171\n|switch|p2a: Skarmory|Skarmory, L80, M|235/235\n|move|p1a: Crabominable|Ice Hammer|p2a: Skarmory\n|-damage|p2a: Skarmory|103/235\n|-unboost|p1a: Crabominable|spe|1\n|-damage|p1a: Crabominable|217/321|[from] item: Rocky Helmet|[of] p2a: Skarmory\n|\n|upkeep\n|turn|3\n|\n|t:|1781465179\n|switch|p1a: Magcargo|Magcargo, L95, F|268/268\n|move|p2a: Skarmory|Body Press|p1a: Magcargo\n|-supereffective|p1a: Magcargo\n|-damage|p1a: Magcargo|166/268\n|\n|upkeep\n|turn|4\n|\n|t:|1781465184\n|move|p2a: Skarmory|Stealth Rock|p1a: Magcargo\n|-sidestart|p1: titofer|move: Stealth Rock\n|move|p1a: Magcargo|Power Gem|p2a: Skarmory\n|-damage|p2a: Skarmory|0 fnt\n|faint|p2a: Skarmory\n|\n|upkeep\n|\n|t:|1781465192\n|switch|p2a: Manaphy|Manaphy, L78|284/284\n|turn|5\n|\n|t:|1781465213\n|switch|p1a: Farigiraf|Farigiraf, L90, F|362/362\n|-damage|p1a: Farigiraf|317/362|[from] Stealth Rock\n|move|p2a: Manaphy|Tail Glow|p2a: Manaphy\n|-boost|p2a: Manaphy|spa|3\n|\n|-heal|p1a: Farigiraf|339/362|[from] item: Leftovers\n|upkeep\n|turn|6\n|\n|t:|1781465219\n|move|p2a: Manaphy|Surf|p1a: Farigiraf\n|-damage|p1a: Farigiraf|108/362\n|move|p1a: Farigiraf|Body Slam|p2a: Manaphy\n|-damage|p2a: Manaphy|190/284\n|\n|-heal|p2a: Manaphy|207/284|[from] item: Leftovers\n|-heal|p1a: Farigiraf|130/362|[from] item: Leftovers\n|upkeep\n|turn|7\n|\n|t:|1781465224\n|switch|p1a: Tatsugiri|Tatsugiri, L87, M|260/260\n|move|p2a: Manaphy|Surf|p1a: Tatsugiri\n|-ability|p1a: Tatsugiri|Storm Drain|boost\n|-boost|p1a: Tatsugiri|spa|1\n|\n|-heal|p2a: Manaphy|224/284|[from] item: Leftovers\n|upkeep\n|turn|8\n|\n|t:|1781465230\n|move|p2a: Manaphy|Ice Beam|p1a: Tatsugiri\n|-damage|p1a: Tatsugiri|127/260\n|-status|p1a: Tatsugiri|frz\n|-curestatus|p1a: Tatsugiri|frz|[msg]\n|move|p1a: Tatsugiri|Draco Meteor|p2a: Manaphy\n|-damage|p2a: Manaphy|0 fnt\n|-unboost|p1a: Tatsugiri|spa|2\n|faint|p2a: Manaphy\n|\n|upkeep\n|\n|t:|1781465236\n|switch|p2a: Brambleghast|Brambleghast, L88, F|240/240\n|turn|9\n|\n|t:|1781465242\n|switch|p1a: Farigiraf|Farigiraf, L90, F|130/362\n|-damage|p1a: Farigiraf|85/362|[from] Stealth Rock\n|move|p2a: Brambleghast|Spikes|p1a: Farigiraf\n|-sidestart|p1: titofer|Spikes\n|\n|-heal|p1a: Farigiraf|107/362|[from] item: Leftovers\n|upkeep\n|turn|10\n|\n|t:|1781465247\n|move|p2a: Brambleghast|Spikes|p1a: Farigiraf\n|-sidestart|p1: titofer|Spikes\n|move|p1a: Farigiraf|Wish|p1a: Farigiraf\n|\n|-heal|p1a: Farigiraf|129/362|[from] item: Leftovers\n|upkeep\n|turn|11\n|\n|t:|1781465251\n|move|p2a: Brambleghast|Spikes|p1a: Farigiraf\n|-sidestart|p1: titofer|Spikes\n|move|p1a: Farigiraf|Psychic Noise|p2a: Brambleghast\n|-damage|p2a: Brambleghast|123/240\n|-start|p2a: Brambleghast|move: Heal Block\n|\n|-heal|p1a: Farigiraf|310/362|[from] move: Wish|[wisher] Farigiraf\n|-heal|p1a: Farigiraf|332/362|[from] item: Leftovers\n|upkeep\n|turn|12\n|\n|t:|1781465258\n|switch|p2a: Magnezone|Magnezone, L85|258/258\n|move|p1a: Farigiraf|Psychic Noise|p2a: Magnezone\n|-resisted|p2a: Magnezone\n|-damage|p2a: Magnezone|213/258\n|-start|p2a: Magnezone|move: Heal Block\n|\n|-heal|p1a: Farigiraf|354/362|[from] item: Leftovers\n|upkeep\n|turn|13\n|\n|t:|1781465264\n|move|p1a: Farigiraf|Wish|p1a: Farigiraf\n|move|p2a: Magnezone|Flash Cannon|p1a: Farigiraf\n|-damage|p1a: Farigiraf|242/362\n|\n|-heal|p1a: Farigiraf|264/362|[from] item: Leftovers\n|-end|p2a: Magnezone|move: Heal Block\n|upkeep\n|turn|14\n|\n|t:|1781465272\n|move|p1a: Farigiraf|Body Slam|p2a: Magnezone\n|-resisted|p2a: Magnezone\n|-damage|p2a: Magnezone|172/258\n|move|p2a: Magnezone|Iron Defense|p2a: Magnezone\n|-boost|p2a: Magnezone|def|2\n|\n|-heal|p1a: Farigiraf|362/362|[from] move: Wish|[wisher] Farigiraf\n|-heal|p2a: Magnezone|188/258|[from] item: Leftovers\n|upkeep\n|turn|15\n|\n|t:|1781465282\n|move|p1a: Farigiraf|Wish|p1a: Farigiraf\n|move|p2a: Magnezone|Body Press|p1a: Farigiraf\n|-damage|p1a: Farigiraf|218/362\n|\n|-heal|p1a: Farigiraf|240/362|[from] item: Leftovers\n|-heal|p2a: Magnezone|204/258|[from] item: Leftovers\n|upkeep\n|turn|16\n|\n|t:|1781465289\n|move|p1a: Farigiraf|Psychic Noise|p2a: Magnezone\n|-resisted|p2a: Magnezone\n|-damage|p2a: Magnezone|156/258\n|-start|p2a: Magnezone|move: Heal Block\n|move|p2a: Magnezone|Iron Defense|p2a: Magnezone\n|-boost|p2a: Magnezone|def|2\n|\n|-heal|p1a: Farigiraf|362/362|[from] move: Wish|[wisher] Farigiraf\n|upkeep\n|turn|17\n|\n|t:|1781465295\n|move|p1a: Farigiraf|Psychic Noise|p2a: Magnezone\n|-resisted|p2a: Magnezone\n|-crit|p2a: Magnezone\n|-damage|p2a: Magnezone|79/258\n|move|p2a: Magnezone|Body Press|p1a: Farigiraf\n|-damage|p1a: Farigiraf|132/362\n|\n|-heal|p1a: Farigiraf|154/362|[from] item: Leftovers\n|-end|p2a: Magnezone|move: Heal Block\n|upkeep\n|turn|18\n|\n|t:|1781465303\n|move|p1a: Farigiraf|Wish|p1a: Farigiraf\n|move|p2a: Magnezone|Body Press|p1a: Farigiraf\n|-damage|p1a: Farigiraf|0 fnt\n|faint|p1a: Farigiraf\n|\n|-heal|p2a: Magnezone|95/258|[from] item: Leftovers\n|upkeep\n|\n|t:|1781465310\n|switch|p1a: Tatsugiri|Tatsugiri, L87, M|127/260\n|turn|19\n|\n|t:|1781465316\n|move|p1a: Tatsugiri|Surf|p2a: Magnezone\n|-damage|p2a: Magnezone|0 fnt\n|faint|p2a: Magnezone\n|\n|-heal|p1a: Tatsugiri|260/260|[from] move: Wish|[wisher] Farigiraf\n|upkeep\n|\n|t:|1781465320\n|switch|p2a: Goodra|Goodra, L85, M|292/292\n|turn|20\n|\n|t:|1781465327\n|switch|p1a: Magcargo|Magcargo, L95, F|166/268\n|move|p2a: Goodra|Draco Meteor|p1a: Magcargo\n|-damage|p1a: Magcargo|27/268\n|-unboost|p2a: Goodra|spa|2\n|\n|upkeep\n|turn|21\n|\n|t:|1781465335\n|move|p2a: Goodra|Power Whip|p1a: Magcargo\n|-damage|p1a: Magcargo|0 fnt\n|faint|p1a: Magcargo\n|\n|upkeep\n|\n|t:|1781465338\n|switch|p1a: Tatsugiri|Tatsugiri, L87, M|260/260\n|turn|22\n|\n|t:|1781465347\n|switch|p2a: Brambleghast|Brambleghast, L88, F|123/240\n|move|p1a: Tatsugiri|Draco Meteor|p2a: Brambleghast\n|-damage|p2a: Brambleghast|0 fnt\n|-unboost|p1a: Tatsugiri|spa|2\n|faint|p2a: Brambleghast\n|\n|upkeep\n|inactive|Battle timer is ON: inactive players will automatically lose when time's up. (requested by titofer)\n|\n|t:|1781465368\n|switch|p2a: Goodra|Goodra, L85, M|292/292\n|turn|23\n|\n|t:|1781465372\n|-terastallize|p1a: Tatsugiri|Water\n|move|p1a: Tatsugiri|Rapid Spin|p2a: Goodra\n|-damage|p2a: Goodra|261/292\n|-boost|p1a: Tatsugiri|spe|1\n|-sideend|p1: titofer|Spikes|[from] move: Rapid Spin|[of] p1a: Tatsugiri\n|-sideend|p1: titofer|Stealth Rock|[from] move: Rapid Spin|[of] p1a: Tatsugiri\n|move|p2a: Goodra|Power Whip|p1a: Tatsugiri\n|-supereffective|p1a: Tatsugiri\n|-damage|p1a: Tatsugiri|38/260\n|\n|upkeep\n|turn|24\n|\n|t:|1781465382\n|move|p1a: Tatsugiri|Draco Meteor|p2a: Goodra\n|-supereffective|p2a: Goodra\n|-damage|p2a: Goodra|181/292\n|-unboost|p1a: Tatsugiri|spa|2\n|move|p2a: Goodra|Dragon Tail|p1a: Tatsugiri\n|-damage|p1a: Tatsugiri|0 fnt\n|faint|p1a: Tatsugiri\n|\n|upkeep\n|\n|t:|1781465385\n|switch|p1a: Crabominable|Crabominable, L90, M|217/321\n|turn|25\n|\n|t:|1781465394\n|move|p2a: Goodra|Draco Meteor|p1a: Crabominable\n|-damage|p1a: Crabominable|103/321\n|-unboost|p2a: Goodra|spa|2\n|move|p1a: Crabominable|Drain Punch|p2a: Goodra\n|-damage|p2a: Goodra|9/292\n|-heal|p1a: Crabominable|189/321|[from] drain|[of] p2a: Goodra\n|\n|upkeep\n|turn|26\n|\n|t:|1781465410\n|move|p2a: Goodra|Sludge Bomb|p1a: Crabominable\n|-crit|p1a: Crabominable\n|-damage|p1a: Crabominable|103/321\n|move|p1a: Crabominable|Drain Punch|p2a: Goodra\n|-damage|p2a: Goodra|0 fnt\n|-heal|p1a: Crabominable|108/321|[from] drain|[of] p2a: Goodra\n|faint|p2a: Goodra\n|\n|upkeep\n|\n|t:|1781465416\n|switch|p2a: Baxcalibur|Baxcalibur, L75, F|296/296\n|turn|27\n|\n|t:|1781465422\n|-terastallize|p2a: Baxcalibur|Dragon\n|move|p2a: Baxcalibur|Dragon Dance|p2a: Baxcalibur\n|-boost|p2a: Baxcalibur|atk|1\n|-boost|p2a: Baxcalibur|spe|1\n|move|p1a: Crabominable|Drain Punch|p2a: Baxcalibur\n|-damage|p2a: Baxcalibur|151/296\n|-heal|p1a: Crabominable|181/321|[from] drain|[of] p2a: Baxcalibur\n|\n|upkeep\n|turn|28\n|\n|t:|1781465428\n|move|p2a: Baxcalibur|Glaive Rush|p1a: Crabominable\n|-damage|p1a: Crabominable|0 fnt\n|-singlemove|p2a: Baxcalibur|Glaive Rush|[silent]\n|faint|p1a: Crabominable\n|\n|upkeep\n|\n|t:|1781465431\n|switch|p1a: Dipplin|Dipplin, L88, M|284/284\n|turn|29\n|\n|t:|1781465435\n|move|p2a: Baxcalibur|Icicle Crash|p1a: Dipplin\n|-supereffective|p1a: Dipplin\n|-damage|p1a: Dipplin|0 fnt\n|faint|p1a: Dipplin\n|\n|upkeep\n|\n|t:|1781465437\n|switch|p1a: Vigoroth|Vigoroth, L85, M|275/275\n|turn|30\n|\n|t:|1781465441\n|move|p2a: Baxcalibur|Glaive Rush|p1a: Vigoroth\n|-damage|p1a: Vigoroth|67/275\n|-singlemove|p2a: Baxcalibur|Glaive Rush|[silent]\n|move|p1a: Vigoroth|Body Slam|p2a: Baxcalibur\n|-damage|p2a: Baxcalibur|0 fnt\n|faint|p2a: Baxcalibur\n|\n|win|titofer\n", "inputlog": ">version a8376a258c1d4662feba110a92103f3664a72141\n>start {\"formatid\":\"gen9randombattle\",\"seed\":\"sodium,9f25d4781c139e759bee69879f556605\",\"rated\":\"Rated battle\"}\n>player p1 {\"name\":\"titofer\",\"avatar\":\"169\",\"rating\":1931,\"seed\":\"sodium,de7f759a1d4c0d17d9433bf102fb9793\"}\n>player p2 {\"name\":\"Rocksas\",\"avatar\":\"n\",\"rating\":1964,\"seed\":\"sodium,ebcdd12f0a29ee5cc98e5296dd475c98\"}\n>p1 switch 4\n>p2 move iciclecrash\n>p1 move icehammer\n>p2 switch 4\n>p1 switch 5\n>p2 move bodypress\n>p1 move powergem\n>p2 move stealthrock\n>p2 switch 6\n>p1 switch 6\n>p2 move tailglow\n>p1 move bodyslam\n>p2 move surf\n>p1 switch 3\n>p2 move surf\n>p1 move dracometeor\n>p2 move icebeam\n>p2 switch 5\n>p1 switch 3\n>p2 move spikes\n>p1 move wish\n>p2 move spikes\n>p1 move psychicnoise\n>p2 move spikes\n>p1 move psychicnoise\n>p2 switch 3\n>p1 move wish\n>p2 move flashcannon\n>p1 move bodyslam\n>p2 move irondefense\n>p1 move wish\n>p2 move bodypress\n>p1 move psychicnoise\n>p2 move irondefense\n>p1 move psychicnoise\n>p2 move bodypress\n>p1 move wish\n>p2 move bodypress\n>p1 switch 3\n>p1 move surf\n>p2 move bodypress\n>p2 switch 2\n>p1 switch 6\n>p2 move dracometeor\n>p1 move powergem\n>p2 move powerwhip\n>p1 switch 6\n>p1 move dracometeor\n>p2 switch 3\n>p2 switch 3\n>p1 move rapidspin terastallize\n>p2 move powerwhip\n>p1 move dracometeor\n>p2 move dragontail\n>p1 switch 5\n>p1 move drainpunch\n>p2 move dracometeor\n>p1 move drainpunch\n>p2 move sludgebomb\n>p2 switch 4\n>p1 move drainpunch\n>p2 move dragondance terastallize\n>p1 move icehammer\n>p2 move glaiverush\n>p1 switch 4\n>p1 move dragonpulse\n>p2 move iciclecrash\n>p1 switch 2\n>p1 move bodyslam\n>p2 move glaiverush", "uploadtime": 1781465117, "views": 6, "formatid": "gen9randombattle", "rating": null, "private": 0, "password": null}