{"id": "gen9randombattle-2632003960", "format": "[Gen 9] Random Battle", "players": ["ranger 0", "NYCHomo"], "log": "|j|\u2606ranger 0\n|j|\u2606NYCHomo\n|t:|1781464921\n|gametype|singles\n|player|p1|ranger 0|pokemonranger-gen4|1954\n|player|p2|NYCHomo|101|1903\n|gen|9\n|tier|[Gen 9] Random Battle\n|rated|\n|rule|Species Clause: Limit one of each Pok\u00e9mon\n|rule|HP Percentage Mod: HP is shown in percentages\n|rule|Sleep Clause Mod: Limit one foe put to sleep\n|rule|Illusion Level Mod: Illusion disguises the Pok\u00e9mon's true level\n|\n|t:|1781464921\n|teamsize|p1|6\n|teamsize|p2|6\n|start\n|switch|p1a: Probopass|Probopass, L91, M|257/257\n|switch|p2a: Sinistcha|Sinistcha-Masterpiece, L83|254/254\n|turn|1\n|inactive|Battle timer is ON: inactive players will automatically lose when time's up. (requested by NYCHomo)\n|\n|t:|1781464929\n|switch|p1a: Mightyena|Mightyena, L96, F|290/290\n|-ability|p1a: Mightyena|Intimidate|boost\n|-unboost|p2a: Sinistcha|atk|1\n|move|p2a: Sinistcha|Calm Mind|p2a: Sinistcha\n|-boost|p2a: Sinistcha|spa|1\n|-boost|p2a: Sinistcha|spd|1\n|\n|upkeep\n|turn|2\n|\n|t:|1781464935\n|-terastallize|p2a: Sinistcha|Steel\n|move|p1a: Mightyena|Throat Chop|p2a: Sinistcha\n|-damage|p2a: Sinistcha|157/254\n|-start|p2a: Sinistcha|Throat Chop|[silent]\n|move|p2a: Sinistcha|Strength Sap|p1a: Mightyena\n|-unboost|p1a: Mightyena|atk|1\n|-heal|p2a: Sinistcha|254/254\n|\n|upkeep\n|turn|3\n|\n|t:|1781464943\n|switch|p1a: Granbull|Granbull, L88, M|302/302\n|-ability|p1a: Granbull|Intimidate|boost\n|-unboost|p2a: Sinistcha|atk|1\n|move|p2a: Sinistcha|Matcha Gotcha|p1a: Granbull\n|-damage|p1a: Granbull|119/302\n|\n|-heal|p1a: Granbull|137/302|[from] item: Leftovers\n|-end|p2a: Sinistcha|Throat Chop|[silent]\n|upkeep\n|turn|4\n|\n|t:|1781464946\n|switch|p1a: Dipplin|Dipplin, L88, F|284/284\n|move|p2a: Sinistcha|Matcha Gotcha|p1a: Dipplin\n|-resisted|p1a: Dipplin\n|-damage|p1a: Dipplin|259/284\n|\n|upkeep\n|turn|5\n|\n|t:|1781464950\n|move|p2a: Sinistcha|Shadow Ball|p1a: Dipplin\n|-damage|p1a: Dipplin|153/284\n|move|p1a: Dipplin|Dragon Tail|p2a: Sinistcha|[miss]\n|-miss|p1a: Dipplin|p2a: Sinistcha\n|\n|upkeep\n|turn|6\n|\n|t:|1781464955\n|move|p2a: Sinistcha|Shadow Ball|p1a: Dipplin\n|-damage|p1a: Dipplin|53/284\n|move|p1a: Dipplin|Recover|p1a: Dipplin\n|-heal|p1a: Dipplin|195/284\n|\n|upkeep\n|turn|7\n|\n|t:|1781464960\n|move|p2a: Sinistcha|Shadow Ball|p1a: Dipplin\n|-damage|p1a: Dipplin|86/284\n|move|p1a: Dipplin|Recover|p1a: Dipplin\n|-heal|p1a: Dipplin|228/284\n|\n|upkeep\n|turn|8\n|\n|t:|1781464964\n|move|p2a: Sinistcha|Shadow Ball|p1a: Dipplin\n|-damage|p1a: Dipplin|119/284\n|-unboost|p1a: Dipplin|spd|1\n|move|p1a: Dipplin|Dragon Tail|p2a: Sinistcha|[miss]\n|-miss|p1a: Dipplin|p2a: Sinistcha\n|\n|upkeep\n|turn|9\n|\n|t:|1781464970\n|move|p2a: Sinistcha|Shadow Ball|p1a: Dipplin\n|-damage|p1a: Dipplin|0 fnt\n|faint|p1a: Dipplin\n|\n|upkeep\n|\n|t:|1781464974\n|switch|p1a: Probopass|Probopass, L91, M|257/257\n|turn|10\n|\n|t:|1781464978\n|move|p2a: Sinistcha|Matcha Gotcha|p1a: Probopass\n|-damage|p1a: Probopass|170/257\n|-status|p1a: Probopass|brn\n|move|p1a: Probopass|Iron Defense|p1a: Probopass\n|-boost|p1a: Probopass|def|2\n|\n|-damage|p1a: Probopass|154/257 brn|[from] brn\n|upkeep\n|turn|11\n|\n|t:|1781464985\n|move|p2a: Sinistcha|Calm Mind|p2a: Sinistcha\n|-boost|p2a: Sinistcha|spa|1\n|-boost|p2a: Sinistcha|spd|1\n|move|p1a: Probopass|Rest|p1a: Probopass\n|-status|p1a: Probopass|slp|[from] move: Rest\n|-heal|p1a: Probopass|257/257 slp|[silent]\n|-enditem|p1a: Probopass|Chesto Berry|[eat]\n|-curestatus|p1a: Probopass|slp|[msg]\n|\n|upkeep\n|turn|12\n|\n|t:|1781464987\n|move|p2a: Sinistcha|Matcha Gotcha|p1a: Probopass\n|-damage|p1a: Probopass|133/257\n|move|p1a: Probopass|Body Press|p2a: Sinistcha\n|-supereffective|p2a: Sinistcha\n|-damage|p2a: Sinistcha|0 fnt\n|faint|p2a: Sinistcha\n|\n|upkeep\n|\n|t:|1781465000\n|switch|p2a: Charizard|Charizard, L85, F|271/271\n|turn|13\n|\n|t:|1781465006\n|move|p2a: Charizard|Earthquake|p1a: Probopass\n|-supereffective|p1a: Probopass\n|-damage|p1a: Probopass|53/257\n|move|p1a: Probopass|Body Press|p2a: Charizard\n|-resisted|p2a: Charizard\n|-damage|p2a: Charizard|164/271\n|\n|upkeep\n|turn|14\n|\n|t:|1781465012\n|switch|p1a: Latias|Latias, L79, F|256/256\n|move|p2a: Charizard|Earthquake|p1a: Latias\n|-immune|p1a: Latias|[from] ability: Levitate\n|\n|upkeep\n|turn|15\n|\n|t:|1781465014\n|move|p2a: Charizard|Outrage|p1a: Latias\n|-supereffective|p1a: Latias\n|-damage|p1a: Latias|102/256\n|move|p1a: Latias|Calm Mind|p1a: Latias\n|-boost|p1a: Latias|spa|1\n|-boost|p1a: Latias|spd|1\n|\n|upkeep\n|turn|16\n|\n|t:|1781465021\n|-terastallize|p1a: Latias|Steel\n|move|p2a: Charizard|Outrage|p1a: Latias|[from] lockedmove\n|-resisted|p1a: Latias\n|-damage|p1a: Latias|59/256\n|move|p1a: Latias|Draco Meteor|p2a: Charizard\n|-damage|p2a: Charizard|0 fnt\n|-unboost|p1a: Latias|spa|2\n|faint|p2a: Charizard\n|\n|upkeep\n|\n|t:|1781465031\n|switch|p2a: Lycanroc|Lycanroc-Dusk, L81, M|254/254\n|turn|17\n|\n|t:|1781465035\n|switch|p1a: Granbull|Granbull, L88, M|137/302\n|-ability|p1a: Granbull|Intimidate|boost\n|-unboost|p2a: Lycanroc|atk|1\n|move|p2a: Lycanroc|Close Combat|p1a: Granbull\n|-resisted|p1a: Granbull\n|-damage|p1a: Granbull|77/302\n|-unboost|p2a: Lycanroc|def|1\n|-unboost|p2a: Lycanroc|spd|1\n|-damage|p2a: Lycanroc|229/254|[from] item: Life Orb\n|\n|-heal|p1a: Granbull|95/302|[from] item: Leftovers\n|upkeep\n|turn|18\n|\n|t:|1781465051\n|switch|p2a: Scizor|Scizor, L79, F|240/240\n|move|p1a: Granbull|Earthquake|p2a: Scizor\n|-damage|p2a: Scizor|159/240\n|\n|-heal|p2a: Scizor|174/240|[from] item: Leftovers\n|-heal|p1a: Granbull|113/302|[from] item: Leftovers\n|upkeep\n|turn|19\n|\n|t:|1781465056\n|move|p2a: Scizor|Bullet Punch|p1a: Granbull\n|-supereffective|p1a: Granbull\n|-damage|p1a: Granbull|0 fnt\n|faint|p1a: Granbull\n|\n|-heal|p2a: Scizor|189/240|[from] item: Leftovers\n|upkeep\n|\n|t:|1781465061\n|switch|p1a: Mightyena|Mightyena, L96, F|290/290\n|-ability|p1a: Mightyena|Intimidate|boost\n|-unboost|p2a: Scizor|atk|1\n|turn|20\n|\n|t:|1781465065\n|switch|p1a: Palafin|Palafin, L77, M|281/281\n|move|p2a: Scizor|Close Combat|p1a: Palafin\n|-damage|p1a: Palafin|201/281\n|-unboost|p2a: Scizor|def|1\n|-unboost|p2a: Scizor|spd|1\n|\n|-heal|p1a: Palafin|218/281|[from] item: Leftovers\n|-heal|p2a: Scizor|204/240|[from] item: Leftovers\n|upkeep\n|turn|21\n|\n|t:|1781465068\n|detailschange|p1a: Palafin|Palafin-Hero, L77, M\n|switch|p1a: Mightyena|Mightyena, L96, F|290/290\n|-ability|p1a: Mightyena|Intimidate|boost\n|-unboost|p2a: Scizor|atk|1\n|move|p2a: Scizor|U-turn|p1a: Mightyena\n|-supereffective|p1a: Mightyena\n|-damage|p1a: Mightyena|210/290\n|\n|t:|1781465072\n|switch|p2a: Cyclizar|Cyclizar, L83, M|252/252|[from] U-turn\n|\n|-heal|p1a: Mightyena|228/290|[from] item: Leftovers\n|upkeep\n|turn|22\n|\n|t:|1781465078\n|move|p2a: Cyclizar|Shed Tail|p2a: Cyclizar\n|-start|p2a: Cyclizar|Substitute|[from] move: Shed Tail\n|-damage|p2a: Cyclizar|126/252\n|\n|t:|1781465083\n|switch|p2a: Shiftry|Shiftry, L89, M|305/305|[from] Shed Tail\n|move|p1a: Mightyena|Throat Chop|p2a: Shiftry\n|-resisted|p2a: Shiftry\n|-activate|p2a: Shiftry|move: Substitute|[damage]\n|\n|-heal|p1a: Mightyena|246/290|[from] item: Leftovers\n|upkeep\n|turn|23\n|\n|t:|1781465091\n|move|p2a: Shiftry|Leaf Blade|p1a: Mightyena\n|-damage|p1a: Mightyena|89/290\n|-damage|p2a: Shiftry|275/305|[from] item: Life Orb\n|move|p1a: Mightyena|Throat Chop|p2a: Shiftry\n|-resisted|p2a: Shiftry\n|-end|p2a: Shiftry|Substitute\n|\n|-heal|p1a: Mightyena|107/290|[from] item: Leftovers\n|upkeep\n|turn|24\n|\n|t:|1781465098\n|move|p2a: Shiftry|Leaf Blade|p1a: Mightyena\n|-crit|p1a: Mightyena\n|-damage|p1a: Mightyena|0 fnt\n|faint|p1a: Mightyena\n|-damage|p2a: Shiftry|245/305|[from] item: Life Orb\n|\n|upkeep\n|\n|t:|1781465104\n|switch|p1a: Latias|Latias, L79, F, tera:Steel|59/256\n|turn|25\n|\n|t:|1781465111\n|move|p1a: Latias|Draco Meteor|p2a: Shiftry\n|-damage|p2a: Shiftry|43/305\n|-unboost|p1a: Latias|spa|2\n|move|p2a: Shiftry|Knock Off|p1a: Latias\n|-damage|p1a: Latias|0 fnt\n|-enditem|p1a: Latias|Soul Dew|[from] move: Knock Off|[of] p2a: Shiftry\n|faint|p1a: Latias\n|-damage|p2a: Shiftry|13/305|[from] item: Life Orb\n|\n|upkeep\n|\n|t:|1781465115\n|switch|p1a: Palafin|Palafin-Hero, L77, M|218/281\n|-activate|p1a: Palafin|ability: Zero to Hero\n|turn|26\n|\n|t:|1781465118\n|move|p1a: Palafin|Jet Punch|p2a: Shiftry\n|-resisted|p2a: Shiftry\n|-damage|p2a: Shiftry|0 fnt\n|faint|p2a: Shiftry\n|\n|-heal|p1a: Palafin|235/281|[from] item: Leftovers\n|upkeep\n|\n|t:|1781465125\n|switch|p2a: Cyclizar|Cyclizar, L83, M|210/252\n|turn|27\n|\n|t:|1781465131\n|move|p2a: Cyclizar|Shed Tail|p2a: Cyclizar\n|-start|p2a: Cyclizar|Substitute|[from] move: Shed Tail\n|-damage|p2a: Cyclizar|84/252\n|\n|t:|1781465132\n|switch|p2a: Scizor|Scizor, L79, F|204/240|[from] Shed Tail\n|move|p1a: Palafin|Drain Punch|p2a: Scizor\n|-end|p2a: Scizor|Substitute\n|-heal|p1a: Palafin|267/281|[from] drain|[of] p2a: Scizor\n|\n|-heal|p1a: Palafin|281/281|[from] item: Leftovers\n|-heal|p2a: Scizor|219/240|[from] item: Leftovers\n|upkeep\n|turn|28\n|\n|t:|1781465143\n|move|p1a: Palafin|Bulk Up|p1a: Palafin\n|-boost|p1a: Palafin|atk|1\n|-boost|p1a: Palafin|def|1\n|move|p2a: Scizor|Close Combat|p1a: Palafin\n|-damage|p1a: Palafin|212/281\n|-unboost|p2a: Scizor|def|1\n|-unboost|p2a: Scizor|spd|1\n|\n|-heal|p1a: Palafin|229/281|[from] item: Leftovers\n|-heal|p2a: Scizor|234/240|[from] item: Leftovers\n|upkeep\n|turn|29\n|\n|t:|1781465149\n|move|p1a: Palafin|Bulk Up|p1a: Palafin\n|-boost|p1a: Palafin|atk|1\n|-boost|p1a: Palafin|def|1\n|move|p2a: Scizor|Close Combat|p1a: Palafin\n|-damage|p1a: Palafin|183/281\n|-unboost|p2a: Scizor|def|1\n|-unboost|p2a: Scizor|spd|1\n|\n|-heal|p1a: Palafin|200/281|[from] item: Leftovers\n|-heal|p2a: Scizor|240/240|[from] item: Leftovers\n|upkeep\n|turn|30\n|\n|t:|1781465152\n|switch|p2a: Cyclizar|Cyclizar, L83, M|168/252\n|move|p1a: Palafin|Drain Punch|p2a: Cyclizar\n|-supereffective|p2a: Cyclizar\n|-damage|p2a: Cyclizar|0 fnt\n|-heal|p1a: Palafin|281/281|[from] drain|[of] p2a: Cyclizar\n|faint|p2a: Cyclizar\n|\n|upkeep\n|-message|NYCHomo forfeited.\n|\n|win|ranger 0\n", "inputlog": ">version a8376a258c1d4662feba110a92103f3664a72141\n>start {\"formatid\":\"gen9randombattle\",\"seed\":\"sodium,9130176abe1d512ffc0dcb5537977eca\",\"rated\":\"Rated battle\"}\n>player p1 {\"name\":\"ranger 0\",\"avatar\":\"pokemonranger-gen4\",\"rating\":1954,\"seed\":\"sodium,7d59081e800786f887e361f8ed061fbf\"}\n>player p2 {\"name\":\"NYCHomo\",\"avatar\":\"101\",\"rating\":1903,\"seed\":\"sodium,3af6bee9fb08835a5cf86e6cc4e46f92\"}\n>p1 switch 2\n>p2 move calmmind\n>p1 move throatchop\n>p2 move strengthsap terastallize\n>p1 switch 4\n>p2 move matchagotcha\n>p1 switch 6\n>p2 move matchagotcha\n>p1 move dragontail\n>p2 move shadowball\n>p1 move recover\n>p2 move shadowball\n>p1 move recover\n>p2 move shadowball\n>p1 move dragontail\n>p2 move shadowball\n>p1 move dragontail\n>p2 move shadowball\n>p1 switch 2\n>p1 move irondefense\n>p2 move matchagotcha\n>p1 move rest\n>p2 move calmmind\n>p1 move bodypress\n>p2 move matchagotcha\n>p2 switch 5\n>p1 move bodypress\n>p2 move earthquake\n>p1 switch 5\n>p2 move earthquake\n>p1 move calmmind\n>p2 move outrage\n>p1 move dracometeor terastallize\n>p2 move outrage\n>p2 switch 6\n>p1 switch 6\n>p2 move closecombat\n>p1 move earthquake\n>p2 switch 2\n>p1 move thunderwave\n>p2 move bulletpunch\n>p1 switch 4\n>p1 switch 3\n>p2 move closecombat\n>p1 switch 3\n>p2 move uturn\n>p2 switch 3\n>p1 move throatchop\n>p2 move shedtail\n>p2 switch 4\n>p1 move throatchop\n>p2 move leafblade\n>p1 move playrough\n>p2 move leafblade\n>p1 switch 6\n>p1 move dracometeor\n>p2 move knockoff\n>p1 switch 3\n>p1 move jetpunch\n>p2 move suckerpunch\n>p2 switch 4\n>p1 move drainpunch\n>p2 move shedtail\n>p2 switch 3\n>p1 move bulkup\n>p2 move closecombat\n>p1 move bulkup\n>p2 move closecombat\n>p1 move drainpunch\n>p2 switch 3\n>forcelose p2", "uploadtime": 1781464923, "views": 11, "formatid": "gen9randombattle", "rating": null, "private": 0, "password": null}