{"id": "gen9randombattle-2631715988", "format": "[Gen 9] Random Battle", "players": ["Green Calf", "Kieskauer"], "log": "|j|\u2606Green Calf\n|j|\u2606Kieskauer\n|t:|1781427406\n|gametype|singles\n|player|p1|Green Calf|266|1932\n|player|p2|Kieskauer|101|1988\n|gen|9\n|tier|[Gen 9] Random Battle\n|rated|\n|rule|Species Clause: Limit one of each Pok\u00e9mon\n|rule|HP Percentage Mod: HP is shown in percentages\n|rule|Sleep Clause Mod: Limit one foe put to sleep\n|rule|Illusion Level Mod: Illusion disguises the Pok\u00e9mon's true level\n|\n|t:|1781427406\n|teamsize|p1|6\n|teamsize|p2|6\n|start\n|switch|p1a: Iron Moth|Iron Moth, L78|253/253\n|switch|p2a: Weavile|Weavile, L79, F|239/239\n|turn|1\n|\n|t:|1781427426\n|switch|p2a: Magcargo|Magcargo, L95, F|268/268\n|move|p1a: Iron Moth|Fire Blast|p2a: Magcargo|[miss]\n|-miss|p1a: Iron Moth|p2a: Magcargo\n|\n|upkeep\n|turn|2\n|inactive|Battle timer is ON: inactive players will automatically lose when time's up. (requested by Kieskauer)\n|\n|t:|1781427457\n|-end|p1a: Iron Moth|Quark Drive|[silent]\n|switch|p1a: Cresselia|Cresselia, L80, F|323/323\n|move|p2a: Magcargo|Stealth Rock|p1a: Cresselia\n|-sidestart|p1: Green Calf|move: Stealth Rock\n|\n|upkeep\n|turn|3\n|\n|t:|1781427470\n|move|p1a: Cresselia|Calm Mind|p1a: Cresselia\n|-boost|p1a: Cresselia|spa|1\n|-boost|p1a: Cresselia|spd|1\n|move|p2a: Magcargo|Yawn|p1a: Cresselia\n|-start|p1a: Cresselia|move: Yawn|[of] p2a: Magcargo\n|\n|upkeep\n|turn|4\n|\n|t:|1781427488\n|switch|p2a: Landorus|Landorus-Therian, L76, M|260/260\n|-ability|p2a: Landorus|Intimidate|boost\n|-unboost|p1a: Cresselia|atk|1\n|move|p1a: Cresselia|Thunderbolt|p2a: Landorus\n|-immune|p2a: Landorus\n|\n|-end|p1a: Cresselia|move: Yawn|[silent]\n|-status|p1a: Cresselia|slp\n|upkeep\n|turn|5\n|inactive|Green Calf has 120 seconds left.\n|\n|t:|1781427519\n|cant|p1a: Cresselia|slp\n|move|p2a: Landorus|U-turn|p1a: Cresselia\n|-supereffective|p1a: Cresselia\n|-damage|p1a: Cresselia|225/323 slp\n|\n|t:|1781427522\n|switch|p2a: Weavile|Weavile, L79, F|239/239|[from] U-turn\n|\n|-heal|p1a: Cresselia|245/323 slp|[from] item: Leftovers\n|upkeep\n|turn|6\n|\n|t:|1781427526\n|move|p2a: Weavile|Knock Off|p1a: Cresselia\n|-supereffective|p1a: Cresselia\n|-damage|p1a: Cresselia|0 fnt\n|-enditem|p1a: Cresselia|Leftovers|[from] move: Knock Off|[of] p2a: Weavile\n|faint|p1a: Cresselia\n|\n|upkeep\n|inactive|Green Calf has 120 seconds left.\n|\n|t:|1781427570\n|switch|p1a: Eiscue|Eiscue, L88, F|274/274\n|-damage|p1a: Eiscue|206/274|[from] Stealth Rock\n|turn|7\n|\n|t:|1781427583\n|move|p2a: Weavile|Knock Off|p1a: Eiscue\n|-activate|p1a: Eiscue|ability: Ice Face\n|-damage|p1a: Eiscue|206/274\n|-enditem|p1a: Eiscue|Sitrus Berry|[from] move: Knock Off|[of] p2a: Weavile\n|detailschange|p1a: Eiscue|Eiscue-Noice, L88, F\n|move|p1a: Eiscue|Belly Drum|p1a: Eiscue\n|-damage|p1a: Eiscue|69/274\n|-setboost|p1a: Eiscue|atk|6|[from] move: Belly Drum\n|\n|upkeep\n|turn|8\n|\n|t:|1781427598\n|switch|p2a: Quagsire|Quagsire, L84, F|297/297\n|move|p1a: Eiscue|Liquidation|p2a: Quagsire\n|-damage|p2a: Quagsire|233/297\n|\n|-heal|p2a: Quagsire|251/297|[from] item: Leftovers\n|upkeep\n|turn|9\n|\n|t:|1781427607\n|move|p1a: Eiscue|Ice Spinner|p2a: Quagsire\n|-damage|p2a: Quagsire|172/297\n|move|p2a: Quagsire|Spikes|p1a: Eiscue\n|-sidestart|p1: Green Calf|Spikes\n|\n|-heal|p2a: Quagsire|190/297|[from] item: Leftovers\n|upkeep\n|turn|10\n|\n|t:|1781427610\n|move|p1a: Eiscue|Ice Spinner|p2a: Quagsire\n|-damage|p2a: Quagsire|106/297\n|move|p2a: Quagsire|Recover|p2a: Quagsire\n|-heal|p2a: Quagsire|255/297\n|\n|-heal|p2a: Quagsire|273/297|[from] item: Leftovers\n|upkeep\n|turn|11\n|\n|t:|1781427616\n|move|p1a: Eiscue|Ice Spinner|p2a: Quagsire\n|-damage|p2a: Quagsire|186/297\n|move|p2a: Quagsire|Spikes|p1a: Eiscue\n|-sidestart|p1: Green Calf|Spikes\n|\n|-heal|p2a: Quagsire|204/297|[from] item: Leftovers\n|upkeep\n|turn|12\n|\n|t:|1781427622\n|switch|p1a: Cinccino|Cinccino, L83, F|260/260\n|-damage|p1a: Cinccino|228/260|[from] Stealth Rock\n|-damage|p1a: Cinccino|185/260|[from] Spikes\n|move|p2a: Quagsire|Recover|p2a: Quagsire\n|-heal|p2a: Quagsire|297/297\n|\n|upkeep\n|turn|13\n|\n|t:|1781427627\n|move|p1a: Cinccino|Bullet Seed|p2a: Quagsire\n|-supereffective|p2a: Quagsire\n|-damage|p2a: Quagsire|189/297\n|-supereffective|p2a: Quagsire\n|-damage|p2a: Quagsire|81/297\n|-supereffective|p2a: Quagsire\n|-damage|p2a: Quagsire|0 fnt\n|faint|p2a: Quagsire\n|-hitcount|p2: Quagsire|3\n|\n|upkeep\n|\n|t:|1781427642\n|switch|p2a: Weavile|Weavile, L79, F|239/239\n|turn|14\n|\n|t:|1781427652\n|move|p2a: Weavile|Triple Axel|p1a: Cinccino|[miss]\n|-miss|p2a: Weavile|p1a: Cinccino\n|move|p1a: Cinccino|U-turn|p2a: Weavile\n|-supereffective|p2a: Weavile\n|-damage|p2a: Weavile|115/239\n|\n|t:|1781427659\n|switch|p1a: Iron Boulder|Iron Boulder, L77|265/265|[from] U-turn\n|-damage|p1a: Iron Boulder|232/265|[from] Stealth Rock\n|-damage|p1a: Iron Boulder|188/265|[from] Spikes\n|-enditem|p1a: Iron Boulder|Booster Energy\n|-activate|p1a: Iron Boulder|ability: Quark Drive|[fromitem]\n|-start|p1a: Iron Boulder|quarkdrivespe\n|\n|upkeep\n|turn|15\n|\n|t:|1781427674\n|switch|p2a: Tauros|Tauros-Paldea-Combat, L82, M|257/257\n|-ability|p2a: Tauros|Intimidate|boost\n|-unboost|p1a: Iron Boulder|atk|1\n|move|p1a: Iron Boulder|Mighty Cleave|p2a: Tauros\n|-resisted|p2a: Tauros\n|-damage|p2a: Tauros|227/257\n|\n|upkeep\n|turn|16\n|\n|t:|1781427704\n|-end|p1a: Iron Boulder|Quark Drive|[silent]\n|switch|p1a: Eiscue|Eiscue-Noice, L88, F|69/274\n|-damage|p1a: Eiscue|1/274|[from] Stealth Rock\n|-damage|p1a: Eiscue|0 fnt|[from] Spikes\n|faint|p1a: Eiscue\n|move|p2a: Tauros|Earthquake|p1: Eiscue|[notarget]\n|-fail|p2a: Tauros\n|\n|upkeep\n|\n|t:|1781427709\n|switch|p1a: Iron Boulder|Iron Boulder, L77|188/265\n|-damage|p1a: Iron Boulder|155/265|[from] Stealth Rock\n|-damage|p1a: Iron Boulder|111/265|[from] Spikes\n|turn|17\n|\n|t:|1781427719\n|switch|p2a: Weavile|Weavile, L79, F|115/239\n|move|p1a: Iron Boulder|Zen Headbutt|p2a: Weavile\n|-immune|p2a: Weavile\n|\n|upkeep\n|turn|18\n|\n|t:|1781427723\n|move|p2a: Weavile|Knock Off|p1a: Iron Boulder\n|-supereffective|p1a: Iron Boulder\n|-damage|p1a: Iron Boulder|0 fnt\n|faint|p1a: Iron Boulder\n|-end|p1a: Iron Boulder|Quark Drive|[silent]\n|\n|upkeep\n|-message|Green Calf forfeited.\n|\n|win|Kieskauer\n", "inputlog": ">version a8376a258c1d4662feba110a92103f3664a72141\n>start {\"formatid\":\"gen9randombattle\",\"seed\":\"sodium,a4127b90ca86d833ff267cc40d213d70\",\"rated\":\"Rated battle\"}\n>player p1 {\"name\":\"Green Calf\",\"avatar\":\"266\",\"rating\":1932,\"seed\":\"sodium,420e5bf6c09ec4f3519a55032aa98ecf\"}\n>player p2 {\"name\":\"Kieskauer\",\"avatar\":\"101\",\"rating\":1988,\"seed\":\"sodium,080fe20eafede784ddb81959e4bec500\"}\n>p1 move fireblast\n>p2 switch 4\n>p1 switch 3\n>p2 move stealthrock\n>p1 move calmmind\n>p2 move yawn\n>p1 move thunderbolt\n>p2 switch 6\n>p1 move psyshock\n>p2 move uturn\n>p2 switch 4\n>p1 move thunderbolt\n>p2 move knockoff\n>p1 switch 4\n>p1 move bellydrum\n>p2 move knockoff\n>p1 move liquidation\n>p2 switch 2\n>p1 move icespinner\n>p2 move spikes\n>p1 move icespinner\n>p2 move recover\n>p1 move icespinner\n>p2 move spikes\n>p1 switch 6\n>p2 move recover\n>p1 move bulletseed\n>p2 move earthquake\n>p2 switch 2\n>p1 move uturn\n>p2 move tripleaxel\n>p1 switch 2\n>p1 move mightycleave\n>p2 switch 3\n>p1 switch 6\n>p2 move earthquake\n>p1 switch 6\n>p1 move zenheadbutt\n>p2 switch 3\n>p1 move mightycleave\n>p2 move knockoff\n>forcelose p1", "uploadtime": 1781427407, "views": 6, "formatid": "gen9randombattle", "rating": null, "private": 0, "password": null}