{"id": "gen9randombattle-2631815465", "format": "[Gen 9] Random Battle", "players": ["espeonagee", "grabschaender"], "log": "|j|\u2606espeonagee\n|j|\u2606grabschaender\n|t:|1781443664\n|gametype|singles\n|player|p1|espeonagee|169|2196\n|player|p2|grabschaender|candice|2245\n|gen|9\n|tier|[Gen 9] Random Battle\n|rated|\n|rule|Species Clause: Limit one of each Pok\u00e9mon\n|rule|HP Percentage Mod: HP is shown in percentages\n|rule|Sleep Clause Mod: Limit one foe put to sleep\n|rule|Illusion Level Mod: Illusion disguises the Pok\u00e9mon's true level\n|\n|t:|1781443664\n|teamsize|p1|6\n|teamsize|p2|6\n|start\n|switch|p1a: Slowking|Slowking-Galar, L85, F|300/300\n|switch|p2a: Sceptile|Sceptile, L87, M|264/264\n|turn|1\n|inactive|Battle timer is ON: inactive players will automatically lose when time's up. (requested by espeonagee)\n|\n|t:|1781443693\n|move|p2a: Sceptile|Shed Tail|p2a: Sceptile\n|-start|p2a: Sceptile|Substitute|[from] move: Shed Tail\n|-damage|p2a: Sceptile|132/264\n|\n|t:|1781443697\n|switch|p2a: Rhydon|Rhydon, L85, F|317/317|[from] Shed Tail\n|move|p1a: Slowking|Future Sight|p2a: Rhydon\n|-start|p1a: Slowking|move: Future Sight\n|\n|upkeep\n|turn|2\n|\n|t:|1781443710\n|switch|p1a: Ludicolo|Ludicolo, L90, M|290/290\n|move|p2a: Rhydon|Stealth Rock|p1a: Ludicolo\n|-sidestart|p1: espeonagee|move: Stealth Rock\n|\n|upkeep\n|turn|3\n|\n|t:|1781443732\n|move|p1a: Ludicolo|Giga Drain|p2a: Rhydon\n|-supereffective|p2a: Rhydon\n|-end|p2a: Rhydon|Substitute\n|move|p2a: Rhydon|Megahorn|p1a: Ludicolo|[miss]\n|-miss|p2a: Rhydon|p1a: Ludicolo\n|\n|-end|p2a: Rhydon|move: Future Sight\n|-damage|p2a: Rhydon|158/317\n|upkeep\n|turn|4\n|\n|t:|1781443738\n|switch|p2a: Sceptile|Sceptile, L87, M|132/264\n|move|p1a: Ludicolo|Giga Drain|p2a: Sceptile\n|-resisted|p2a: Sceptile\n|-damage|p2a: Sceptile|69/264\n|\n|upkeep\n|turn|5\n|\n|t:|1781443743\n|move|p2a: Sceptile|Giga Drain|p1a: Ludicolo\n|-damage|p1a: Ludicolo|154/290\n|-heal|p2a: Sceptile|137/264|[from] drain|[of] p1a: Ludicolo\n|-damage|p2a: Sceptile|111/264|[from] item: Life Orb\n|move|p1a: Ludicolo|Giga Drain|p2a: Sceptile\n|-resisted|p2a: Sceptile\n|-crit|p2a: Sceptile\n|-damage|p2a: Sceptile|12/264\n|-heal|p1a: Ludicolo|204/290|[from] drain|[of] p2a: Sceptile\n|\n|upkeep\n|turn|6\n|\n|t:|1781443772\n|switch|p1a: Slowking|Slowking-Galar, L85, F|300/300\n|-damage|p1a: Slowking|263/300|[from] Stealth Rock\n|move|p2a: Sceptile|Giga Drain|p1a: Slowking\n|-resisted|p1a: Slowking\n|-damage|p1a: Slowking|212/300\n|-heal|p2a: Sceptile|38/264|[from] drain|[of] p1a: Slowking\n|-damage|p2a: Sceptile|12/264|[from] item: Life Orb\n|\n|upkeep\n|turn|7\n|\n|t:|1781443779\n|move|p2a: Sceptile|Earthquake|p1a: Slowking\n|-supereffective|p1a: Slowking\n|-damage|p1a: Slowking|38/300\n|-damage|p2a: Sceptile|0 fnt|[from] item: Life Orb\n|faint|p2a: Sceptile\n|move|p1a: Slowking|Psychic Noise|p2: Sceptile|[notarget]\n|-fail|p1a: Slowking\n|\n|upkeep\n|\n|t:|1781443789\n|switch|p2a: Rotom|Rotom, L88|231/231\n|turn|8\n|\n|t:|1781443809\n|move|p2a: Rotom|Nasty Plot|p2a: Rotom\n|-boost|p2a: Rotom|spa|2\n|move|p1a: Slowking|Sludge Bomb|p2a: Rotom\n|-resisted|p2a: Rotom\n|-damage|p2a: Rotom|168/231\n|-status|p2a: Rotom|psn\n|\n|-damage|p2a: Rotom|140/231 psn|[from] psn\n|upkeep\n|turn|9\n|\n|t:|1781443814\n|move|p2a: Rotom|Shadow Ball|p1a: Slowking\n|-supereffective|p1a: Slowking\n|-damage|p1a: Slowking|0 fnt\n|faint|p1a: Slowking\n|-damage|p2a: Rotom|117/231 psn|[from] item: Life Orb\n|\n|-damage|p2a: Rotom|89/231 psn|[from] psn\n|upkeep\n|\n|t:|1781443817\n|switch|p1a: Gothitelle|Gothitelle, L90, F|272/272\n|-damage|p1a: Gothitelle|238/272|[from] Stealth Rock\n|turn|10\n|\n|t:|1781443838\n|move|p1a: Gothitelle|Psychic|p2a: Rotom\n|-damage|p2a: Rotom|0 fnt\n|faint|p2a: Rotom\n|\n|upkeep\n|\n|t:|1781443843\n|switch|p2a: Reuniclus|Reuniclus, L88, M|337/337\n|turn|11\n|\n|t:|1781443854\n|switch|p1a: Dunsparce|Dunsparce, L86, F|312/312\n|-damage|p1a: Dunsparce|273/312|[from] Stealth Rock\n|move|p2a: Reuniclus|Calm Mind|p2a: Reuniclus\n|-boost|p2a: Reuniclus|spa|1\n|-boost|p2a: Reuniclus|spd|1\n|\n|upkeep\n|turn|12\n|\n|t:|1781443860\n|move|p1a: Dunsparce|Body Slam|p2a: Reuniclus\n|-damage|p2a: Reuniclus|262/337\n|move|p2a: Reuniclus|Focus Blast|p1a: Dunsparce\n|-supereffective|p1a: Dunsparce\n|-damage|p1a: Dunsparce|0 fnt\n|faint|p1a: Dunsparce\n|\n|upkeep\n|\n|t:|1781443865\n|switch|p1a: Gothitelle|Gothitelle, L90, F|238/272\n|-damage|p1a: Gothitelle|204/272|[from] Stealth Rock\n|turn|13\n|\n|t:|1781443869\n|move|p1a: Gothitelle|Trick|p2a: Reuniclus\n|-activate|p1a: Gothitelle|move: Trick|[of] p2a: Reuniclus\n|-item|p2a: Reuniclus|Choice Scarf|[from] move: Trick\n|-item|p1a: Gothitelle|Life Orb|[from] move: Trick\n|move|p2a: Reuniclus|Psyshock|p1a: Gothitelle\n|-resisted|p1a: Gothitelle\n|-damage|p1a: Gothitelle|125/272\n|\n|upkeep\n|turn|14\n|\n|t:|1781443874\n|move|p1a: Gothitelle|Dark Pulse|p2a: Reuniclus\n|-supereffective|p2a: Reuniclus\n|-damage|p2a: Reuniclus|158/337\n|-damage|p1a: Gothitelle|98/272|[from] item: Life Orb\n|move|p2a: Reuniclus|Psyshock|p1a: Gothitelle\n|-resisted|p1a: Gothitelle\n|-damage|p1a: Gothitelle|23/272\n|\n|upkeep\n|turn|15\n|\n|t:|1781443880\n|move|p1a: Gothitelle|Dark Pulse|p2a: Reuniclus\n|-supereffective|p2a: Reuniclus\n|-damage|p2a: Reuniclus|41/337\n|-damage|p1a: Gothitelle|0 fnt|[from] item: Life Orb\n|faint|p1a: Gothitelle\n|move|p2a: Reuniclus|Psyshock|p1: Gothitelle|[notarget]\n|-fail|p2a: Reuniclus\n|\n|upkeep\n|\n|t:|1781443885\n|switch|p1a: Hitmonlee|Hitmonlee, L85, M|224/224\n|-damage|p1a: Hitmonlee|210/224|[from] Stealth Rock\n|turn|16\n|\n|t:|1781443887\n|-terastallize|p1a: Hitmonlee|Dark\n|move|p1a: Hitmonlee|Swords Dance|p1a: Hitmonlee\n|-boost|p1a: Hitmonlee|atk|2\n|move|p2a: Reuniclus|Psyshock|p1a: Hitmonlee\n|-immune|p1a: Hitmonlee\n|\n|upkeep\n|turn|17\n|\n|t:|1781443893\n|switch|p2a: Rhydon|Rhydon, L85, F|158/317\n|move|p1a: Hitmonlee|Swords Dance|p1a: Hitmonlee\n|-boost|p1a: Hitmonlee|atk|2\n|\n|upkeep\n|turn|18\n|\n|t:|1781443896\n|move|p1a: Hitmonlee|Close Combat|p2a: Rhydon\n|-supereffective|p2a: Rhydon\n|-damage|p2a: Rhydon|0 fnt\n|-unboost|p1a: Hitmonlee|def|1\n|-unboost|p1a: Hitmonlee|spd|1\n|faint|p2a: Rhydon\n|-enditem|p1a: Hitmonlee|White Herb\n|-clearnegativeboost|p1a: Hitmonlee|[silent]\n|\n|upkeep\n|\n|t:|1781443897\n|switch|p2a: Iron Leaves|Iron Leaves, L80|275/275\n|turn|19\n|inactive|espeonagee has 120 seconds left.\n|\n|t:|1781443930\n|move|p1a: Hitmonlee|Close Combat|p2a: Iron Leaves\n|-resisted|p2a: Iron Leaves\n|-damage|p2a: Iron Leaves|23/275\n|-unboost|p1a: Hitmonlee|def|1\n|-unboost|p1a: Hitmonlee|spd|1\n|move|p2a: Iron Leaves|Close Combat|p1a: Hitmonlee\n|-supereffective|p1a: Hitmonlee\n|-damage|p1a: Hitmonlee|0 fnt\n|-unboost|p2a: Iron Leaves|def|1\n|-unboost|p2a: Iron Leaves|spd|1\n|faint|p1a: Hitmonlee\n|\n|upkeep\n|inactive|espeonagee has 120 seconds left.\n|\n|t:|1781443939\n|switch|p1a: Ludicolo|Ludicolo, L90, M|204/290\n|-damage|p1a: Ludicolo|168/290|[from] Stealth Rock\n|turn|20\n|\n|t:|1781443955\n|-terastallize|p2a: Iron Leaves|Fighting\n|move|p2a: Iron Leaves|Close Combat|p1a: Ludicolo\n|-damage|p1a: Ludicolo|0 fnt\n|-unboost|p2a: Iron Leaves|def|1\n|-unboost|p2a: Iron Leaves|spd|1\n|faint|p1a: Ludicolo\n|\n|upkeep\n|-message|espeonagee forfeited.\n|\n|win|grabschaender\n|raw|espeonagee's rating: 2196 &rarr; <strong>2178</strong><br />(-18 for losing)\n|raw|grabschaender's rating: 2230 &rarr; <strong>2248</strong><br />(+18 for winning)\n", "inputlog": ">version a8376a258c1d4662feba110a92103f3664a72141\n>start {\"formatid\":\"gen9randombattle\",\"seed\":\"sodium,9539ff947962a3c5e967946fd66dfa71\",\"rated\":\"Rated battle\"}\n>player p1 {\"name\":\"espeonagee\",\"avatar\":\"169\",\"rating\":2196,\"seed\":\"sodium,6130cfe34156d7130c983e86bd941f13\"}\n>player p2 {\"name\":\"grabschaender\",\"avatar\":\"candice\",\"rating\":2245,\"seed\":\"sodium,4443b3630c602dd368c708b97b6e607d\"}\n>p1 move futuresight\n>p2 move shedtail\n>p2 switch 6\n>p1 switch 4\n>p2 move stealthrock\n>p1 move gigadrain\n>p2 move megahorn\n>p1 move gigadrain\n>p2 switch 6\n>p1 move gigadrain\n>p2 move gigadrain\n>p1 switch 4\n>p2 move gigadrain\n>p1 move psychicnoise\n>p2 move earthquake\n>p2 switch 5\n>p1 move sludgebomb\n>p2 move nastyplot\n>p1 move psychicnoise\n>p2 move shadowball\n>p1 switch 3\n>p1 move psychic\n>p2 move shadowball\n>p2 switch 2\n>p1 switch 5\n>p2 move calmmind\n>p1 move bodyslam\n>p2 move focusblast\n>p1 switch 5\n>p1 move trick\n>p2 move psyshock\n>p1 move darkpulse\n>p2 move psyshock\n>p1 move darkpulse\n>p2 move psyshock\n>p1 switch 6\n>p1 move swordsdance terastallize\n>p2 move psyshock\n>p1 move swordsdance\n>p2 switch 6\n>p1 move closecombat\n>p2 move megahorn\n>p2 switch 3\n>p1 move closecombat\n>p2 move closecombat\n>p1 switch 4\n>p1 move gigadrain\n>p2 move closecombat terastallize\n>forcelose p1", "uploadtime": 1781443665, "views": 5, "formatid": "gen9randombattle", "rating": 2178, "private": 0, "password": null}