{"id": "gen9randombattle-2631913730", "format": "[Gen 9] Random Battle", "players": ["scampy789", "SyxthSence"], "log": "|j|\u2606scampy789\n|j|\u2606SyxthSence\n|t:|1781455028\n|gametype|singles\n|player|p1|scampy789|170|2109\n|player|p2|SyxthSence|170|2145\n|gen|9\n|tier|[Gen 9] Random Battle\n|rated|\n|rule|Species Clause: Limit one of each Pok\u00e9mon\n|rule|HP Percentage Mod: HP is shown in percentages\n|rule|Sleep Clause Mod: Limit one foe put to sleep\n|rule|Illusion Level Mod: Illusion disguises the Pok\u00e9mon's true level\n|\n|t:|1781455028\n|teamsize|p1|6\n|teamsize|p2|6\n|start\n|switch|p1a: Kommo-o|Kommo-o, L78, F|245/245\n|switch|p2a: Deoxys|Deoxys-Speed, L82|216/216\n|-ability|p2a: Deoxys|Pressure\n|turn|1\n|inactive|Battle timer is ON: inactive players will automatically lose when time's up. (requested by scampy789)\n|\n|t:|1781455046\n|switch|p1a: Slowking|Slowking-Galar, L85, F|300/300\n|move|p2a: Deoxys|Psycho Boost|p1a: Slowking\n|-crit|p1a: Slowking\n|-damage|p1a: Slowking|182/300\n|-unboost|p2a: Deoxys|spa|2\n|\n|upkeep\n|turn|2\n|\n|t:|1781455053\n|move|p2a: Deoxys|Stealth Rock|p1a: Slowking\n|-sidestart|p1: scampy789|move: Stealth Rock\n|move|p1a: Slowking|Psychic Noise|p2a: Deoxys\n|-resisted|p2a: Deoxys\n|-damage|p2a: Deoxys|167/216\n|-start|p2a: Deoxys|move: Heal Block\n|\n|upkeep\n|turn|3\n|\n|t:|1781455060\n|switch|p2a: Malamar|Malamar, L82, M|275/275\n|move|p1a: Slowking|Sludge Bomb|p2a: Malamar\n|-damage|p2a: Malamar|154/275\n|\n|-heal|p2a: Malamar|171/275|[from] item: Leftovers\n|upkeep\n|turn|4\n|\n|t:|1781455083\n|switch|p1a: Appletun|Appletun, L92, M|352/352\n|-damage|p1a: Appletun|308/352|[from] Stealth Rock\n|move|p2a: Malamar|Knock Off|p1a: Appletun\n|-damage|p1a: Appletun|220/352\n|-enditem|p1a: Appletun|Leftovers|[from] move: Knock Off|[of] p2a: Malamar\n|\n|-heal|p2a: Malamar|188/275|[from] item: Leftovers\n|upkeep\n|turn|5\n|\n|t:|1781455096\n|switch|p2a: Staraptor|Staraptor, L79, M|263/263\n|move|p1a: Appletun|Leech Seed|p2a: Staraptor\n|-start|p2a: Staraptor|move: Leech Seed\n|\n|-damage|p2a: Staraptor|231/263|[from] Leech Seed|[of] p1a: Appletun\n|-heal|p1a: Appletun|252/352|[silent]\n|upkeep\n|turn|6\n|\n|t:|1781455112\n|move|p2a: Staraptor|Brave Bird|p1a: Appletun\n|-supereffective|p1a: Appletun\n|-damage|p1a: Appletun|0 fnt\n|faint|p1a: Appletun\n|-damage|p2a: Staraptor|148/263|[from] Recoil\n|\n|upkeep\n|\n|t:|1781455125\n|switch|p1a: Kommo-o|Kommo-o, L78, F|245/245\n|-damage|p1a: Kommo-o|230/245|[from] Stealth Rock\n|turn|7\n|\n|t:|1781455138\n|switch|p2a: Talonflame|Talonflame, L83, F|265/265\n|-terastallize|p1a: Kommo-o|Steel\n|move|p1a: Kommo-o|Swords Dance|p1a: Kommo-o\n|-boost|p1a: Kommo-o|atk|2\n|\n|upkeep\n|turn|8\n|\n|t:|1781455149\n|move|p2a: Talonflame|Flare Blitz|p1a: Kommo-o\n|-supereffective|p1a: Kommo-o\n|-damage|p1a: Kommo-o|56/245\n|-damage|p2a: Talonflame|208/265|[from] Recoil\n|move|p1a: Kommo-o|Scale Shot|p2a: Talonflame\n|-damage|p2a: Talonflame|148/265\n|-damage|p2a: Talonflame|81/265\n|-damage|p2a: Talonflame|17/265\n|-damage|p2a: Talonflame|0 fnt\n|faint|p2a: Talonflame\n|-hitcount|p2: Talonflame|4\n|-unboost|p1a: Kommo-o|def|1\n|-boost|p1a: Kommo-o|spe|1\n|\n|upkeep\n|\n|t:|1781455153\n|switch|p2a: Deoxys|Deoxys-Speed, L82|167/216\n|-ability|p2a: Deoxys|Pressure\n|turn|9\n|\n|t:|1781455159\n|switch|p1a: Slowking|Slowking-Galar, L85, F|282/300\n|-damage|p1a: Slowking|245/300|[from] Stealth Rock\n|move|p2a: Deoxys|Superpower|p1a: Slowking\n|-resisted|p1a: Slowking\n|-damage|p1a: Slowking|224/300\n|-unboost|p2a: Deoxys|atk|1\n|-unboost|p2a: Deoxys|def|1\n|\n|upkeep\n|turn|10\n|\n|t:|1781455168\n|switch|p2a: Malamar|Malamar, L82, M|188/275\n|move|p1a: Slowking|Sludge Bomb|p2a: Malamar\n|-damage|p2a: Malamar|53/275\n|\n|-heal|p2a: Malamar|70/275|[from] item: Leftovers\n|upkeep\n|turn|11\n|\n|t:|1781455188\n|move|p2a: Malamar|Knock Off|p1a: Slowking\n|-supereffective|p1a: Slowking\n|-damage|p1a: Slowking|20/300\n|-enditem|p1a: Slowking|Assault Vest|[from] move: Knock Off|[of] p2a: Malamar\n|move|p1a: Slowking|Sludge Bomb|p2a: Malamar\n|-damage|p2a: Malamar|0 fnt\n|faint|p2a: Malamar\n|\n|upkeep\n|\n|t:|1781455196\n|switch|p2a: Deoxys|Deoxys-Speed, L82|167/216\n|-ability|p2a: Deoxys|Pressure\n|turn|12\n|\n|t:|1781455204\n|switch|p1a: Kommo-o|Kommo-o, L78, F, tera:Steel|56/245\n|-damage|p1a: Kommo-o|41/245|[from] Stealth Rock\n|move|p2a: Deoxys|Psycho Boost|p1a: Kommo-o\n|-resisted|p1a: Kommo-o\n|-damage|p1a: Kommo-o|0 fnt\n|-unboost|p2a: Deoxys|spa|2\n|faint|p1a: Kommo-o\n|\n|upkeep\n|\n|t:|1781455208\n|switch|p1a: Slowking|Slowking-Galar, L85, F|120/300\n|-damage|p1a: Slowking|83/300|[from] Stealth Rock\n|turn|13\n|\n|t:|1781455213\n|move|p2a: Deoxys|Taunt|p1a: Slowking\n|-start|p1a: Slowking|move: Taunt\n|move|p1a: Slowking|Sludge Bomb|p2a: Deoxys\n|-crit|p2a: Deoxys\n|-damage|p2a: Deoxys|13/216\n|\n|upkeep\n|turn|14\n|\n|t:|1781455220\n|switch|p2a: Staraptor|Staraptor, L79, M|148/263\n|move|p1a: Slowking|Sludge Bomb|p2a: Staraptor\n|-damage|p2a: Staraptor|0 fnt\n|faint|p2a: Staraptor\n|\n|upkeep\n|\n|t:|1781455223\n|switch|p2a: Cinccino|Cinccino, L83, M|260/260\n|turn|15\n|\n|t:|1781455246\n|move|p2a: Cinccino|Triple Axel|p1a: Slowking\n|-damage|p1a: Slowking|61/300\n|-damage|p1a: Slowking|19/300\n|-damage|p1a: Slowking|0 fnt\n|faint|p1a: Slowking\n|-hitcount|p1: Slowking|3\n|\n|upkeep\n|\n|t:|1781455250\n|switch|p1a: Cresselia|Cresselia, L80, F|323/323\n|-damage|p1a: Cresselia|283/323|[from] Stealth Rock\n|turn|16\n|\n|t:|1781455270\n|switch|p2a: Hydreigon|Hydreigon, L79, M|275/275\n|move|p1a: Cresselia|Psyshock|p2a: Hydreigon\n|-immune|p2a: Hydreigon\n|\n|-heal|p1a: Cresselia|303/323|[from] item: Leftovers\n|upkeep\n|turn|17\n|\n|t:|1781455282\n|switch|p2a: Deoxys|Deoxys-Speed, L82|13/216\n|-ability|p2a: Deoxys|Pressure\n|move|p1a: Cresselia|Calm Mind|p1a: Cresselia\n|-boost|p1a: Cresselia|spa|1\n|-boost|p1a: Cresselia|spd|1\n|\n|-heal|p1a: Cresselia|323/323|[from] item: Leftovers\n|upkeep\n|turn|18\n|\n|t:|1781455289\n|move|p2a: Deoxys|Taunt|p1a: Cresselia\n|-start|p1a: Cresselia|move: Taunt\n|cant|p1a: Cresselia|move: Taunt|Calm Mind\n|\n|upkeep\n|turn|19\n|\n|t:|1781455295\n|switch|p2a: Hydreigon|Hydreigon, L79, M|275/275\n|move|p1a: Cresselia|Thunderbolt|p2a: Hydreigon\n|-resisted|p2a: Hydreigon\n|-damage|p2a: Hydreigon|236/275\n|-status|p2a: Hydreigon|par\n|\n|upkeep\n|turn|20\n|\n|t:|1781455300\n|move|p1a: Cresselia|Thunderbolt|p2a: Hydreigon\n|-resisted|p2a: Hydreigon\n|-damage|p2a: Hydreigon|201/275 par\n|cant|p2a: Hydreigon|par\n|\n|-end|p1a: Cresselia|move: Taunt\n|upkeep\n|turn|21\n|\n|t:|1781455307\n|move|p1a: Cresselia|Calm Mind|p1a: Cresselia\n|-boost|p1a: Cresselia|spa|1\n|-boost|p1a: Cresselia|spd|1\n|move|p2a: Hydreigon|Nasty Plot|p2a: Hydreigon\n|-boost|p2a: Hydreigon|spa|2\n|\n|upkeep\n|turn|22\n|\n|t:|1781455314\n|move|p1a: Cresselia|Thunderbolt|p2a: Hydreigon\n|-resisted|p2a: Hydreigon\n|-damage|p2a: Hydreigon|149/275 par\n|move|p2a: Hydreigon|Nasty Plot|p2a: Hydreigon\n|-boost|p2a: Hydreigon|spa|2\n|\n|upkeep\n|turn|23\n|\n|t:|1781455322\n|move|p1a: Cresselia|Thunderbolt|p2a: Hydreigon\n|-resisted|p2a: Hydreigon\n|-damage|p2a: Hydreigon|103/275 par\n|move|p2a: Hydreigon|Dark Pulse|p1a: Cresselia\n|-supereffective|p1a: Cresselia\n|-damage|p1a: Cresselia|40/323\n|-damage|p2a: Hydreigon|76/275 par|[from] item: Life Orb\n|\n|-heal|p1a: Cresselia|60/323|[from] item: Leftovers\n|upkeep\n|turn|24\n|\n|t:|1781455330\n|move|p1a: Cresselia|Thunderbolt|p2a: Hydreigon\n|-resisted|p2a: Hydreigon\n|-damage|p2a: Hydreigon|29/275 par\n|move|p2a: Hydreigon|Dark Pulse|p1a: Cresselia\n|-supereffective|p1a: Cresselia\n|-damage|p1a: Cresselia|0 fnt\n|faint|p1a: Cresselia\n|-damage|p2a: Hydreigon|2/275 par|[from] item: Life Orb\n|\n|upkeep\n|\n|t:|1781455346\n|switch|p1a: Trevenant|Trevenant, L89, F|296/296\n|-damage|p1a: Trevenant|259/296|[from] Stealth Rock\n|turn|25\n|\n|t:|1781455352\n|move|p1a: Trevenant|Drain Punch|p2a: Hydreigon\n|-supereffective|p2a: Hydreigon\n|-damage|p2a: Hydreigon|0 fnt\n|-heal|p1a: Trevenant|260/296|[from] drain|[of] p2a: Hydreigon\n|faint|p2a: Hydreigon\n|-damage|p1a: Trevenant|231/296|[from] item: Life Orb\n|\n|upkeep\n|\n|t:|1781455356\n|switch|p2a: Cinccino|Cinccino, L83, M|260/260\n|turn|26\n|\n|t:|1781455361\n|move|p2a: Cinccino|Triple Axel|p1a: Trevenant\n|-supereffective|p1a: Trevenant\n|-damage|p1a: Trevenant|183/296\n|-supereffective|p1a: Trevenant\n|-damage|p1a: Trevenant|87/296\n|-supereffective|p1a: Trevenant\n|-damage|p1a: Trevenant|0 fnt\n|faint|p1a: Trevenant\n|-hitcount|p1: Trevenant|3\n|\n|upkeep\n|\n|t:|1781455367\n|switch|p1a: Lapras|Lapras, L87, M|367/367\n|-damage|p1a: Lapras|276/367|[from] Stealth Rock\n|turn|27\n|\n|t:|1781455375\n|move|p2a: Cinccino|Tidy Up|p2a: Cinccino\n|-sideend|p1: scampy789|Stealth Rock\n|-activate|p2a: Cinccino|move: Tidy Up\n|-boost|p2a: Cinccino|atk|1\n|-boost|p2a: Cinccino|spe|1\n|move|p1a: Lapras|Dragon Dance|p1a: Lapras\n|-boost|p1a: Lapras|atk|1\n|-boost|p1a: Lapras|spe|1\n|\n|upkeep\n|turn|28\n|\n|t:|1781455385\n|move|p2a: Cinccino|Bullet Seed|p1a: Lapras\n|-supereffective|p1a: Lapras\n|-crit|p1a: Lapras\n|-damage|p1a: Lapras|160/367\n|-supereffective|p1a: Lapras\n|-damage|p1a: Lapras|78/367\n|-supereffective|p1a: Lapras\n|-damage|p1a: Lapras|0 fnt\n|faint|p1a: Lapras\n|-hitcount|p1: Lapras|3\n|\n|win|SyxthSence\n", "inputlog": ">version a8376a258c1d4662feba110a92103f3664a72141\n>start {\"formatid\":\"gen9randombattle\",\"seed\":\"sodium,49ee2698884a6c27260f69949dec84d4\",\"rated\":\"Rated battle\"}\n>player p1 {\"name\":\"scampy789\",\"avatar\":\"170\",\"rating\":2109,\"seed\":\"sodium,7a844a5f264e3f38f728b4966db801b3\"}\n>player p2 {\"name\":\"SyxthSence\",\"avatar\":\"170\",\"rating\":2145,\"seed\":\"sodium,51a85a1e744e57aeb91ec66d29ffac98\"}\n>p1 switch 5\n>p2 move psychoboost\n>p1 move psychicnoise\n>p2 move stealthrock\n>p1 move sludgebomb\n>p2 switch 4\n>p1 switch 2\n>p2 move knockoff\n>p1 move leechseed\n>p2 switch 5\n>p1 move recover\n>p2 move bravebird\n>p1 switch 5\n>p1 move swordsdance terastallize\n>p2 switch 3\n>p1 move scaleshot\n>p2 move flareblitz\n>p2 switch 4\n>p1 switch 2\n>p2 move superpower\n>p1 move sludgebomb\n>p2 switch 5\n>p1 move sludgebomb\n>p2 move knockoff\n>p2 switch 5\n>p1 switch 2\n>p2 move psychoboost\n>p1 switch 2\n>p1 move sludgebomb\n>p2 move taunt\n>p1 move sludgebomb\n>p2 switch 3\n>p2 switch 6\n>p1 move sludgebomb\n>p2 move tripleaxel\n>p1 switch 3\n>p1 move psyshock\n>p2 switch 2\n>p1 move calmmind\n>p2 switch 3\n>p1 move calmmind\n>p2 move taunt\n>p1 move thunderbolt\n>p2 switch 3\n>p1 move thunderbolt\n>p2 move nastyplot\n>p1 move calmmind\n>p2 move nastyplot\n>p1 move thunderbolt\n>p2 move nastyplot\n>p1 move thunderbolt\n>p2 move darkpulse\n>p1 move thunderbolt\n>p2 move darkpulse\n>p1 switch 4\n>p1 move drainpunch\n>p2 move darkpulse\n>p2 switch 2\n>p1 move drainpunch\n>p2 move tripleaxel\n>p1 switch 6\n>p1 move dragondance\n>p2 move tidyup\n>p1 move iciclespear\n>p2 move bulletseed", "uploadtime": 1781455029, "views": 5, "formatid": "gen9randombattle", "rating": null, "private": 0, "password": null}