{"id": "gen9randombattle-2631413656", "format": "[Gen 9] Random Battle", "players": ["philschmil", "fatgamerpro"], "log": "|j|\u2606philschmil\n|j|\u2606fatgamerpro\n|t:|1781381694\n|gametype|singles\n|player|p1|philschmil|alder|1988\n|player|p2|fatgamerpro|ruinmaniac|1936\n|gen|9\n|tier|[Gen 9] Random Battle\n|rated|\n|rule|Species Clause: Limit one of each Pok\u00e9mon\n|rule|HP Percentage Mod: HP is shown in percentages\n|rule|Sleep Clause Mod: Limit one foe put to sleep\n|rule|Illusion Level Mod: Illusion disguises the Pok\u00e9mon's true level\n|\n|t:|1781381694\n|teamsize|p1|6\n|teamsize|p2|6\n|start\n|switch|p1a: Dondozo|Dondozo, L78, F|362/362\n|switch|p2a: Hoopa|Hoopa-Unbound, L80|259/259\n|turn|1\n|inactive|Battle timer is ON: inactive players will automatically lose when time's up. (requested by fatgamerpro)\n|inactive|philschmil also wants the timer to be on.\n|\n|t:|1781381705\n|switch|p2a: Basculegion|Basculegion-F, L83, F|335/335\n|move|p1a: Dondozo|Curse|p1a: Dondozo\n|-unboost|p1a: Dondozo|spe|1\n|-boost|p1a: Dondozo|atk|1\n|-boost|p1a: Dondozo|def|1\n|\n|upkeep\n|turn|2\n|\n|t:|1781381724\n|move|p2a: Basculegion|Shadow Ball|p1a: Dondozo\n|-damage|p1a: Dondozo|148/362\n|move|p1a: Dondozo|Wave Crash|p2a: Basculegion\n|-resisted|p2a: Basculegion\n|-crit|p2a: Basculegion\n|-damage|p2a: Basculegion|180/335\n|-damage|p1a: Dondozo|97/362|[from] Recoil\n|\n|-heal|p1a: Dondozo|119/362|[from] item: Leftovers\n|upkeep\n|turn|3\n|\n|t:|1781381731\n|switch|p1a: Electrode|Electrode, L92|260/260\n|move|p2a: Basculegion|Shadow Ball|p1a: Electrode\n|-damage|p1a: Electrode|92/260\n|\n|upkeep\n|turn|4\n|\n|t:|1781381735\n|switch|p2a: Great Tusk|Great Tusk, L77|304/304\n|-enditem|p2a: Great Tusk|Booster Energy\n|-activate|p2a: Great Tusk|ability: Protosynthesis|[fromitem]\n|-start|p2a: Great Tusk|protosynthesisatk\n|move|p1a: Electrode|Thunderbolt|p2a: Great Tusk\n|-immune|p2a: Great Tusk\n|\n|upkeep\n|turn|5\n|\n|t:|1781381745\n|switch|p1a: Ursaluna|Ursaluna-Bloodmoon, L79, M|308/308\n|move|p2a: Great Tusk|Stone Edge|p1a: Ursaluna\n|-resisted|p1a: Ursaluna\n|-damage|p1a: Ursaluna|268/308\n|\n|-heal|p1a: Ursaluna|287/308|[from] item: Leftovers\n|upkeep\n|turn|6\n|\n|t:|1781381755\n|-end|p2a: Great Tusk|Protosynthesis|[silent]\n|switch|p2a: Politoed|Politoed, L88, F|302/302\n|-weather|RainDance|[from] ability: Drizzle|[of] p2a: Politoed\n|move|p1a: Ursaluna|Blood Moon|p2a: Politoed\n|-damage|p2a: Politoed|148/302\n|\n|-weather|RainDance|[upkeep]\n|-heal|p2a: Politoed|166/302|[from] item: Leftovers\n|-heal|p1a: Ursaluna|306/308|[from] item: Leftovers\n|upkeep\n|turn|7\n|\n|t:|1781381759\n|switch|p1a: Dondozo|Dondozo, L78, F|119/362\n|move|p2a: Politoed|Hydro Pump|p1a: Dondozo\n|-resisted|p1a: Dondozo\n|-damage|p1a: Dondozo|5/362\n|\n|-weather|RainDance|[upkeep]\n|-heal|p2a: Politoed|184/302|[from] item: Leftovers\n|-heal|p1a: Dondozo|27/362|[from] item: Leftovers\n|upkeep\n|turn|8\n|\n|t:|1781381763\n|move|p2a: Politoed|Hydro Pump|p1a: Dondozo\n|-resisted|p1a: Dondozo\n|-damage|p1a: Dondozo|0 fnt\n|faint|p1a: Dondozo\n|\n|-weather|RainDance|[upkeep]\n|-heal|p2a: Politoed|202/302|[from] item: Leftovers\n|upkeep\n|\n|t:|1781381766\n|switch|p1a: Electrode|Electrode, L92|92/260\n|turn|9\n|\n|t:|1781381769\n|move|p1a: Electrode|Volt Switch|p2a: Politoed\n|-supereffective|p2a: Politoed\n|-damage|p2a: Politoed|68/302\n|\n|t:|1781381773\n|switch|p1a: Walking Wake|Walking Wake, L79|286/286|[from] Volt Switch\n|move|p2a: Politoed|Hydro Pump|p1a: Walking Wake\n|-resisted|p1a: Walking Wake\n|-damage|p1a: Walking Wake|236/286\n|\n|-weather|RainDance|[upkeep]\n|-heal|p2a: Politoed|86/302|[from] item: Leftovers\n|upkeep\n|turn|10\n|\n|t:|1781381781\n|switch|p2a: Espeon|Espeon, L84, F|246/246\n|move|p1a: Walking Wake|Flip Turn|p2a: Espeon\n|-damage|p2a: Espeon|149/246\n|\n|t:|1781381786\n|-end|p1a: Walking Wake|Protosynthesis|[silent]\n|switch|p1a: Electrode|Electrode, L92|92/260|[from] Flip Turn\n|\n|-weather|none\n|upkeep\n|turn|11\n|\n|t:|1781381792\n|move|p1a: Electrode|Foul Play|p2a: Espeon\n|-supereffective|p2a: Espeon\n|-damage|p2a: Espeon|35/246\n|move|p2a: Espeon|Psychic|p1a: Electrode\n|-damage|p1a: Electrode|0 fnt\n|faint|p1a: Electrode\n|\n|upkeep\n|\n|t:|1781381799\n|switch|p1a: Ursaluna|Ursaluna-Bloodmoon, L79, M|306/308\n|turn|12\n|\n|t:|1781381805\n|switch|p2a: Politoed|Politoed, L88, F|86/302\n|-weather|RainDance|[from] ability: Drizzle|[of] p2a: Politoed\n|move|p1a: Ursaluna|Earth Power|p2a: Politoed\n|-crit|p2a: Politoed\n|-damage|p2a: Politoed|0 fnt\n|faint|p2a: Politoed\n|\n|-weather|RainDance|[upkeep]\n|-heal|p1a: Ursaluna|308/308|[from] item: Leftovers\n|upkeep\n|\n|t:|1781381807\n|switch|p2a: Basculegion|Basculegion-F, L83, F|180/335\n|turn|13\n|\n|t:|1781381813\n|move|p2a: Basculegion|Ice Beam|p1a: Ursaluna\n|-supereffective|p1a: Ursaluna\n|-damage|p1a: Ursaluna|58/308\n|move|p1a: Ursaluna|Blood Moon|p2a: Basculegion\n|-damage|p2a: Basculegion|0 fnt\n|faint|p2a: Basculegion\n|\n|-weather|RainDance|[upkeep]\n|-heal|p1a: Ursaluna|77/308|[from] item: Leftovers\n|upkeep\n|\n|t:|1781381819\n|switch|p2a: Espeon|Espeon, L84, F|35/246\n|turn|14\n|\n|t:|1781381823\n|move|p2a: Espeon|Alluring Voice|p1a: Ursaluna\n|-damage|p1a: Ursaluna|0 fnt\n|faint|p1a: Ursaluna\n|\n|-weather|RainDance|[upkeep]\n|upkeep\n|\n|t:|1781381837\n|switch|p1a: Pecharunt|Pecharunt, L77|262/262\n|turn|15\n|\n|t:|1781381845\n|switch|p2a: Gholdengo|Gholdengo, L77|261/261\n|move|p1a: Pecharunt|Malignant Chain|p2a: Gholdengo\n|-immune|p2a: Gholdengo\n|\n|-weather|RainDance|[upkeep]\n|upkeep\n|turn|16\n|\n|t:|1781381850\n|move|p2a: Gholdengo|Trick|p1a: Pecharunt\n|-activate|p2a: Gholdengo|move: Trick|[of] p1a: Pecharunt\n|-item|p1a: Pecharunt|Choice Scarf|[from] move: Trick\n|-item|p2a: Gholdengo|Rocky Helmet|[from] move: Trick\n|move|p1a: Pecharunt|Shadow Ball|p2a: Gholdengo\n|-supereffective|p2a: Gholdengo\n|-damage|p2a: Gholdengo|129/261\n|-unboost|p2a: Gholdengo|spd|1\n|\n|-weather|none\n|upkeep\n|turn|17\n|\n|t:|1781381856\n|move|p1a: Pecharunt|Shadow Ball|p2a: Gholdengo\n|-supereffective|p2a: Gholdengo\n|-damage|p2a: Gholdengo|0 fnt\n|faint|p2a: Gholdengo\n|\n|upkeep\n|\n|t:|1781381859\n|switch|p2a: Hoopa|Hoopa-Unbound, L80|259/259\n|turn|18\n|\n|t:|1781381867\n|switch|p1a: Dragonite|Dragonite, L74, M|257/257\n|move|p2a: Hoopa|Hyperspace Fury|p1a: Dragonite\n|-damage|p1a: Dragonite|179/257\n|-unboost|p2a: Hoopa|def|1\n|\n|upkeep\n|turn|19\n|\n|t:|1781381873\n|switch|p2a: Great Tusk|Great Tusk, L77|304/304\n|move|p1a: Dragonite|Dragon Dance|p1a: Dragonite\n|-boost|p1a: Dragonite|atk|1\n|-boost|p1a: Dragonite|spe|1\n|\n|upkeep\n|turn|20\n|\n|t:|1781381879\n|move|p1a: Dragonite|Outrage|p2a: Great Tusk\n|-damage|p2a: Great Tusk|141/304\n|move|p2a: Great Tusk|Earthquake|p1a: Dragonite\n|-immune|p1a: Dragonite\n|\n|upkeep\n|turn|21\n|\n|t:|1781381883\n|move|p1a: Dragonite|Outrage|p2a: Great Tusk|[from] lockedmove\n|-damage|p2a: Great Tusk|0 fnt\n|faint|p2a: Great Tusk\n|-end|p2a: Great Tusk|Protosynthesis|[silent]\n|\n|upkeep\n|\n|t:|1781381888\n|switch|p2a: Espeon|Espeon, L84, F|35/246\n|turn|22\n|\n|t:|1781381890\n|-terastallize|p2a: Espeon|Fairy\n|move|p1a: Dragonite|Outrage|p2a: Espeon|[from] lockedmove\n|-immune|p2a: Espeon\n|-start|p1a: Dragonite|confusion|[fatigue]\n|move|p2a: Espeon|Alluring Voice|p1a: Dragonite\n|-supereffective|p1a: Dragonite\n|-crit|p1a: Dragonite\n|-damage|p1a: Dragonite|0 fnt\n|faint|p1a: Dragonite\n|\n|upkeep\n|\n|t:|1781381895\n|switch|p1a: Pecharunt|Pecharunt, L77|262/262\n|turn|23\n|inactive|fatgamerpro has 120 seconds left.\n|\n|t:|1781381926\n|move|p1a: Pecharunt|Malignant Chain|p2a: Espeon\n|-supereffective|p2a: Espeon\n|-damage|p2a: Espeon|0 fnt\n|faint|p2a: Espeon\n|\n|upkeep\n|\n|t:|1781381929\n|switch|p2a: Hoopa|Hoopa-Unbound, L80|259/259\n|turn|24\n|\n|t:|1781381942\n|-terastallize|p1a: Pecharunt|Dark\n|move|p1a: Pecharunt|Malignant Chain|p2a: Hoopa\n|-damage|p2a: Hoopa|199/259\n|move|p2a: Hoopa|Psychic|p1a: Pecharunt\n|-immune|p1a: Pecharunt\n|\n|upkeep\n|turn|25\n|-message|fatgamerpro forfeited.\n|\n|win|philschmil\n", "inputlog": ">version a8376a258c1d4662feba110a92103f3664a72141\n>start {\"formatid\":\"gen9randombattle\",\"seed\":\"sodium,519a100489568407c7cd6313e97d9dfa\",\"rated\":\"Rated battle\"}\n>player p1 {\"name\":\"philschmil\",\"avatar\":\"alder\",\"rating\":1988,\"seed\":\"sodium,3dc0ddd4de4891a374fd8d8206b5f5a9\"}\n>player p2 {\"name\":\"fatgamerpro\",\"avatar\":\"ruinmaniac\",\"rating\":1936,\"seed\":\"sodium,f8f27f50dbb72a99d16d8b644a86e02e\"}\n>p1 move curse\n>p2 switch 2\n>p1 move wavecrash\n>p2 move shadowball\n>p1 switch 6\n>p2 move shadowball\n>p1 move thunderbolt\n>p2 switch 6\n>p1 switch 3\n>p2 move stoneedge\n>p1 move bloodmoon\n>p2 switch 3\n>p1 switch 6\n>p2 move hydropump\n>p1 move rest\n>p2 move hydropump\n>p1 switch 3\n>p1 move voltswitch\n>p2 move hydropump\n>p1 switch 2\n>p1 move flipturn\n>p2 switch 5\n>p1 switch 2\n>p1 move foulplay\n>p2 move psychic\n>p1 switch 6\n>p1 move earthpower\n>p2 switch 5\n>p2 switch 6\n>p1 move bloodmoon\n>p2 move icebeam\n>p2 switch 5\n>p1 move earthpower\n>p2 move alluringvoice\n>p1 switch 5\n>p1 move malignantchain\n>p2 switch 4\n>p1 move shadowball\n>p2 move trick\n>p1 move shadowball\n>p2 move shadowball\n>p2 switch 2\n>p1 switch 4\n>p2 move hyperspacefury\n>p1 move dragondance\n>p2 switch 3\n>p1 move outrage\n>p2 move earthquake\n>p1 move outrage\n>p2 move stoneedge\n>p2 switch 4\n>p1 move outrage\n>p2 move alluringvoice terastallize\n>p1 switch 4\n>p1 move malignantchain\n>p2 move alluringvoice\n>p2 switch 3\n>p1 move malignantchain terastallize\n>p2 move psychic\n>forcelose p2", "uploadtime": 1781381696, "views": 9, "formatid": "gen9randombattle", "rating": null, "private": 0, "password": null}