{"id": "gen9randombattle-2631793440", "format": "[Gen 9] Random Battle", "players": ["Trikeanu", "megajynx101"], "log": "|j|\u2606Trikeanu\n|j|\u2606megajynx101\n|t:|1781440534\n|gametype|singles\n|player|p1|Trikeanu|2|2011\n|player|p2|megajynx101|blackbelt-gen4dp|2130\n|gen|9\n|tier|[Gen 9] Random Battle\n|rated|\n|rule|Species Clause: Limit one of each Pok\u00e9mon\n|rule|HP Percentage Mod: HP is shown in percentages\n|rule|Sleep Clause Mod: Limit one foe put to sleep\n|rule|Illusion Level Mod: Illusion disguises the Pok\u00e9mon's true level\n|\n|t:|1781440534\n|teamsize|p1|6\n|teamsize|p2|6\n|start\n|switch|p1a: Poliwrath|Poliwrath, L88, F|302/302\n|switch|p2a: Arbok|Arbok, L87, F|246/246\n|-ability|p2a: Arbok|Intimidate|boost\n|-unboost|p1a: Poliwrath|atk|1\n|turn|1\n|inactive|Battle timer is ON: inactive players will automatically lose when time's up. (requested by Trikeanu)\n|\n|t:|1781440553\n|switch|p1a: Klawf|Klawf, L90, M|272/272\n|move|p2a: Arbok|Coil|p2a: Arbok\n|-boost|p2a: Arbok|atk|1\n|-boost|p2a: Arbok|def|1\n|-boost|p2a: Arbok|accuracy|1\n|\n|upkeep\n|turn|2\n|\n|t:|1781440574\n|move|p2a: Arbok|Coil|p2a: Arbok\n|-boost|p2a: Arbok|atk|1\n|-boost|p2a: Arbok|def|1\n|-boost|p2a: Arbok|accuracy|1\n|move|p1a: Klawf|High Horsepower|p2a: Arbok\n|-supereffective|p2a: Arbok\n|-damage|p2a: Arbok|121/246\n|-damage|p1a: Klawf|245/272|[from] item: Life Orb\n|\n|-heal|p2a: Arbok|136/246|[from] item: Leftovers\n|upkeep\n|turn|3\n|\n|t:|1781440585\n|switch|p1a: Chesnaught|Chesnaught, L84, M|285/285\n|move|p2a: Arbok|Earthquake|p1a: Chesnaught\n|-resisted|p1a: Chesnaught\n|-damage|p1a: Chesnaught|230/285\n|\n|-heal|p2a: Arbok|151/246|[from] item: Leftovers\n|-heal|p1a: Chesnaught|247/285|[from] item: Leftovers\n|upkeep\n|turn|4\n|\n|t:|1781440601\n|-terastallize|p1a: Chesnaught|Steel\n|move|p2a: Arbok|Gunk Shot|p1a: Chesnaught\n|-immune|p1a: Chesnaught\n|move|p1a: Chesnaught|Trailblaze|p2a: Arbok\n|-resisted|p2a: Arbok\n|-damage|p2a: Arbok|135/246\n|-boost|p1a: Chesnaught|spe|1\n|\n|-heal|p1a: Chesnaught|264/285|[from] item: Leftovers\n|-heal|p2a: Arbok|150/246|[from] item: Leftovers\n|upkeep\n|turn|5\n|\n|t:|1781440614\n|move|p1a: Chesnaught|Iron Defense|p1a: Chesnaught\n|-boost|p1a: Chesnaught|def|2\n|move|p2a: Arbok|Earthquake|p1a: Chesnaught\n|-supereffective|p1a: Chesnaught\n|-damage|p1a: Chesnaught|154/285\n|\n|-heal|p1a: Chesnaught|171/285|[from] item: Leftovers\n|-heal|p2a: Arbok|165/246|[from] item: Leftovers\n|upkeep\n|turn|6\n|\n|t:|1781440622\n|move|p1a: Chesnaught|Iron Defense|p1a: Chesnaught\n|-boost|p1a: Chesnaught|def|2\n|move|p2a: Arbok|Coil|p2a: Arbok\n|-boost|p2a: Arbok|atk|1\n|-boost|p2a: Arbok|def|1\n|-boost|p2a: Arbok|accuracy|1\n|\n|-heal|p1a: Chesnaught|188/285|[from] item: Leftovers\n|-heal|p2a: Arbok|180/246|[from] item: Leftovers\n|upkeep\n|turn|7\n|\n|t:|1781440631\n|move|p1a: Chesnaught|Iron Defense|p1a: Chesnaught\n|-boost|p1a: Chesnaught|def|2\n|move|p2a: Arbok|Coil|p2a: Arbok\n|-boost|p2a: Arbok|atk|1\n|-boost|p2a: Arbok|def|1\n|-boost|p2a: Arbok|accuracy|1\n|\n|-heal|p1a: Chesnaught|205/285|[from] item: Leftovers\n|-heal|p2a: Arbok|195/246|[from] item: Leftovers\n|upkeep\n|turn|8\n|\n|t:|1781440640\n|move|p1a: Chesnaught|Body Press|p2a: Arbok\n|-resisted|p2a: Arbok\n|-damage|p2a: Arbok|120/246\n|move|p2a: Arbok|Coil|p2a: Arbok\n|-boost|p2a: Arbok|atk|1\n|-boost|p2a: Arbok|def|1\n|-boost|p2a: Arbok|accuracy|1\n|\n|-heal|p1a: Chesnaught|222/285|[from] item: Leftovers\n|-heal|p2a: Arbok|135/246|[from] item: Leftovers\n|upkeep\n|turn|9\n|\n|t:|1781440654\n|move|p1a: Chesnaught|Body Press|p2a: Arbok\n|-resisted|p2a: Arbok\n|-damage|p2a: Arbok|64/246\n|move|p2a: Arbok|Earthquake|p1a: Chesnaught\n|-supereffective|p1a: Chesnaught\n|-crit|p1a: Chesnaught\n|-damage|p1a: Chesnaught|0 fnt\n|faint|p1a: Chesnaught\n|\n|-heal|p2a: Arbok|79/246|[from] item: Leftovers\n|upkeep\n|\n|t:|1781440661\n|switch|p1a: Raikou|Raikou, L81|278/278\n|-ability|p1a: Raikou|Pressure\n|turn|10\n|\n|t:|1781440668\n|move|p2a: Arbok|Sucker Punch|p1a: Raikou\n|-damage|p1a: Raikou|58/278\n|move|p1a: Raikou|Thunderbolt|p2a: Arbok\n|-damage|p2a: Arbok|0 fnt\n|faint|p2a: Arbok\n|\n|-heal|p1a: Raikou|75/278|[from] item: Leftovers\n|upkeep\n|\n|t:|1781440692\n|switch|p2a: Kommo-o|Kommo-o, L78, M|245/245\n|turn|11\n|\n|t:|1781440702\n|move|p1a: Raikou|Scald|p2a: Kommo-o\n|-resisted|p2a: Kommo-o\n|-damage|p2a: Kommo-o|216/245\n|move|p2a: Kommo-o|Swords Dance|p2a: Kommo-o\n|-boost|p2a: Kommo-o|atk|2\n|\n|-heal|p1a: Raikou|92/278|[from] item: Leftovers\n|upkeep\n|turn|12\n|\n|t:|1781440712\n|move|p1a: Raikou|Scald|p2a: Kommo-o\n|-resisted|p2a: Kommo-o\n|-damage|p2a: Kommo-o|186/245\n|-status|p2a: Kommo-o|brn\n|move|p2a: Kommo-o|Scale Shot|p1a: Raikou\n|-damage|p1a: Raikou|59/278\n|-damage|p1a: Raikou|32/278\n|-damage|p1a: Raikou|0 fnt\n|faint|p1a: Raikou\n|-hitcount|p1: Raikou|3\n|-unboost|p2a: Kommo-o|def|1\n|-boost|p2a: Kommo-o|spe|1\n|\n|-damage|p2a: Kommo-o|171/245 brn|[from] brn\n|upkeep\n|\n|t:|1781440723\n|switch|p1a: Poliwrath|Poliwrath, L88, F|302/302\n|turn|13\n|\n|t:|1781440730\n|move|p2a: Kommo-o|Swords Dance|p2a: Kommo-o\n|-boost|p2a: Kommo-o|atk|2\n|move|p1a: Poliwrath|Rain Dance|p1a: Poliwrath\n|-weather|RainDance\n|\n|-weather|RainDance|[upkeep]\n|-damage|p2a: Kommo-o|156/245 brn|[from] brn\n|upkeep\n|turn|14\n|\n|t:|1781440740\n|move|p1a: Poliwrath|Close Combat|p2a: Kommo-o\n|-damage|p2a: Kommo-o|0 fnt\n|-unboost|p1a: Poliwrath|def|1\n|-unboost|p1a: Poliwrath|spd|1\n|faint|p2a: Kommo-o\n|-damage|p1a: Poliwrath|272/302|[from] item: Life Orb\n|\n|-weather|RainDance|[upkeep]\n|upkeep\n|\n|t:|1781440750\n|switch|p2a: Rayquaza|Rayquaza, L72|270/270\n|-ability|p2a: Rayquaza|Air Lock\n|turn|15\n|\n|t:|1781440756\n|switch|p1a: Klawf|Klawf, L90, M|272/272\n|move|p2a: Rayquaza|Dragon Ascent|p1a: Klawf\n|-resisted|p1a: Klawf\n|-damage|p1a: Klawf|225/272\n|-unboost|p2a: Rayquaza|def|1\n|-unboost|p2a: Rayquaza|spd|1\n|\n|-weather|RainDance|[upkeep]\n|upkeep\n|turn|16\n|\n|t:|1781440770\n|switch|p2a: Vigoroth|Vigoroth, L85, M|275/275\n|move|p1a: Klawf|Stone Edge|p2a: Vigoroth\n|-damage|p2a: Vigoroth|157/275\n|-damage|p1a: Klawf|198/272|[from] item: Life Orb\n|\n|-weather|RainDance|[upkeep]\n|upkeep\n|turn|17\n|\n|t:|1781440779\n|move|p2a: Vigoroth|Bulk Up|p2a: Vigoroth\n|-boost|p2a: Vigoroth|atk|1\n|-boost|p2a: Vigoroth|def|1\n|move|p1a: Klawf|Crabhammer|p2a: Vigoroth\n|-damage|p2a: Vigoroth|73/275\n|-damage|p1a: Klawf|171/272|[from] item: Life Orb\n|\n|-weather|none\n|upkeep\n|turn|18\n|\n|t:|1781440790\n|switch|p1a: Poliwrath|Poliwrath, L88, F|272/302\n|move|p2a: Vigoroth|Slack Off|p2a: Vigoroth\n|-heal|p2a: Vigoroth|211/275\n|\n|upkeep\n|turn|19\n|\n|t:|1781440798\n|move|p2a: Vigoroth|Body Slam|p1a: Poliwrath\n|-damage|p1a: Poliwrath|170/302\n|-status|p1a: Poliwrath|par\n|move|p1a: Poliwrath|Rain Dance|p1a: Poliwrath\n|-weather|RainDance\n|\n|-weather|RainDance|[upkeep]\n|upkeep\n|turn|20\n|\n|t:|1781440807\n|-terastallize|p2a: Vigoroth|Ghost\n|move|p2a: Vigoroth|Body Slam|p1a: Poliwrath\n|-damage|p1a: Poliwrath|59/302 par\n|move|p1a: Poliwrath|Knock Off|p2a: Vigoroth\n|-supereffective|p2a: Vigoroth\n|-damage|p2a: Vigoroth|115/275\n|-enditem|p2a: Vigoroth|Eviolite|[from] move: Knock Off|[of] p1a: Poliwrath\n|-damage|p1a: Poliwrath|29/302 par|[from] item: Life Orb\n|\n|-weather|RainDance|[upkeep]\n|upkeep\n|turn|21\n|\n|t:|1781440819\n|move|p2a: Vigoroth|Slack Off|p2a: Vigoroth\n|-heal|p2a: Vigoroth|253/275\n|cant|p1a: Poliwrath|par\n|\n|-weather|RainDance|[upkeep]\n|upkeep\n|turn|22\n|\n|t:|1781440826\n|move|p2a: Vigoroth|Bulk Up|p2a: Vigoroth\n|-boost|p2a: Vigoroth|atk|1\n|-boost|p2a: Vigoroth|def|1\n|move|p1a: Poliwrath|Liquidation|p2a: Vigoroth\n|-damage|p2a: Vigoroth|156/275\n|-damage|p1a: Poliwrath|0 fnt|[from] item: Life Orb\n|faint|p1a: Poliwrath\n|\n|-weather|RainDance|[upkeep]\n|upkeep\n|\n|t:|1781440829\n|switch|p1a: Trevenant|Trevenant, L89, F|296/296\n|turn|23\n|\n|t:|1781440842\n|move|p2a: Vigoroth|Knock Off|p1a: Trevenant\n|-supereffective|p1a: Trevenant\n|-damage|p1a: Trevenant|50/296\n|-enditem|p1a: Trevenant|Choice Band|[from] move: Knock Off|[of] p2a: Vigoroth\n|move|p1a: Trevenant|Poltergeist||[still]\n|-fail|p1a: Trevenant\n|\n|-weather|none\n|upkeep\n|turn|24\n|\n|t:|1781440848\n|move|p2a: Vigoroth|Knock Off|p1a: Trevenant\n|-supereffective|p1a: Trevenant\n|-damage|p1a: Trevenant|0 fnt\n|faint|p1a: Trevenant\n|\n|upkeep\n|\n|t:|1781440850\n|switch|p1a: Gastrodon|Gastrodon-East, L86, M|331/331\n|turn|25\n|\n|t:|1781440855\n|move|p2a: Vigoroth|Body Slam|p1a: Gastrodon\n|-damage|p1a: Gastrodon|139/331\n|move|p1a: Gastrodon|Surf|p2a: Vigoroth\n|-damage|p2a: Vigoroth|32/275\n|\n|-heal|p1a: Gastrodon|159/331|[from] item: Leftovers\n|upkeep\n|turn|26\n|\n|t:|1781440863\n|move|p2a: Vigoroth|Body Slam|p1a: Gastrodon\n|-damage|p1a: Gastrodon|0 fnt\n|faint|p1a: Gastrodon\n|\n|upkeep\n|\n|t:|1781440866\n|switch|p1a: Klawf|Klawf, L90, M|261/272\n|turn|27\n|\n|t:|1781440871\n|move|p2a: Vigoroth|Body Slam|p1a: Klawf\n|-resisted|p1a: Klawf\n|-damage|p1a: Klawf|201/272\n|move|p1a: Klawf|Stone Edge|p2a: Vigoroth\n|-crit|p2a: Vigoroth\n|-damage|p2a: Vigoroth|0 fnt\n|faint|p2a: Vigoroth\n|-damage|p1a: Klawf|174/272|[from] item: Life Orb\n|\n|upkeep\n|\n|t:|1781440884\n|switch|p2a: Electrode|Electrode, L92|260/260\n|turn|28\n|\n|t:|1781440889\n|move|p2a: Electrode|Thunderbolt|p1a: Klawf\n|-damage|p1a: Klawf|13/272\n|-damage|p2a: Electrode|234/260|[from] item: Life Orb\n|move|p1a: Klawf|High Horsepower|p2a: Electrode\n|-supereffective|p2a: Electrode\n|-damage|p2a: Electrode|10/260\n|-damage|p1a: Klawf|0 fnt|[from] item: Life Orb\n|faint|p1a: Klawf\n|\n|win|megajynx101\n", "inputlog": ">version a8376a258c1d4662feba110a92103f3664a72141\n>start {\"formatid\":\"gen9randombattle\",\"seed\":\"sodium,1e374a59f45d49c142dffe47d98937f7\",\"rated\":\"Rated battle\"}\n>player p1 {\"name\":\"Trikeanu\",\"avatar\":\"2\",\"rating\":2011,\"seed\":\"sodium,b5cab0aba34bb1f8bc7222d111d45628\"}\n>player p2 {\"name\":\"megajynx101\",\"avatar\":\"blackbelt-gen4dp\",\"rating\":2130,\"seed\":\"sodium,df302b0b4852a8e9a2903931f349542c\"}\n>p1 switch 2\n>p2 move coil\n>p1 move highhorsepower\n>p2 move coil\n>p1 switch 4\n>p2 move earthquake\n>p1 move trailblaze terastallize\n>p2 move gunkshot\n>p1 move irondefense\n>p2 move earthquake\n>p1 move irondefense\n>p2 move coil\n>p1 move irondefense\n>p2 move coil\n>p1 move bodypress\n>p2 move coil\n>p1 move bodypress\n>p2 move earthquake\n>p1 switch 3\n>p1 move thunderbolt\n>p2 move suckerpunch\n>p2 switch 6\n>p1 move scald\n>p2 move swordsdance\n>p1 move scald\n>p2 move scaleshot\n>p1 switch 2\n>p1 move raindance\n>p2 move swordsdance\n>p1 move closecombat\n>p2 move scaleshot\n>p2 switch 4\n>p1 switch 4\n>p2 move dragonascent\n>p1 move stoneedge\n>p2 switch 5\n>p1 move crabhammer\n>p2 move bulkup\n>p1 switch 4\n>p2 move slackoff\n>p1 move raindance\n>p2 move bodyslam\n>p1 move knockoff\n>p2 move bodyslam terastallize\n>p1 move liquidation\n>p2 move slackoff\n>p1 move liquidation\n>p2 move bulkup\n>p1 switch 6\n>p1 move poltergeist\n>p2 move knockoff\n>p1 move woodhammer\n>p2 move knockoff\n>p1 switch 5\n>p1 move surf\n>p2 move bodyslam\n>p1 move surf\n>p2 move bodyslam\n>p1 switch 4\n>p1 move stoneedge\n>p2 move bodyslam\n>p2 switch 2\n>p1 move highhorsepower\n>p2 move thunderbolt", "uploadtime": 1781440536, "views": 5, "formatid": "gen9randombattle", "rating": null, "private": 0, "password": null}