{"id": "gen9randombattle-2631705731", "format": "[Gen 9] Random Battle", "players": ["changry", "mantheman97"], "log": "|j|\u2606changry\n|j|\u2606mantheman97\n|t:|1781425469\n|gametype|singles\n|player|p1|changry|266|2061\n|player|p2|mantheman97|265|2226\n|gen|9\n|tier|[Gen 9] Random Battle\n|rated|\n|rule|Species Clause: Limit one of each Pok\u00e9mon\n|rule|HP Percentage Mod: HP is shown in percentages\n|rule|Sleep Clause Mod: Limit one foe put to sleep\n|rule|Illusion Level Mod: Illusion disguises the Pok\u00e9mon's true level\n|\n|t:|1781425469\n|teamsize|p1|6\n|teamsize|p2|6\n|start\n|switch|p1a: Typhlosion|Typhlosion, L84, F|267/267\n|switch|p2a: Clodsire|Clodsire, L81, F|343/343\n|turn|1\n|inactive|Battle timer is ON: inactive players will automatically lose when time's up. (requested by changry)\n|inactive|mantheman97 has 120 seconds left.\n|\n|t:|1781425515\n|move|p1a: Typhlosion|Eruption|p2a: Clodsire\n|-damage|p2a: Clodsire|81/343\n|move|p2a: Clodsire|Earthquake|p1a: Typhlosion\n|-supereffective|p1a: Typhlosion\n|-damage|p1a: Typhlosion|87/267\n|\n|-heal|p2a: Clodsire|102/343|[from] item: Leftovers\n|upkeep\n|turn|2\n|\n|t:|1781425539\n|switch|p1a: Staraptor|Staraptor, L79, F|263/263\n|switch|p2a: Salazzle|Salazzle, L83, F|249/249\n|\n|upkeep\n|turn|3\n|inactive|changry has 120 seconds left.\n|\n|t:|1781425584\n|switch|p2a: Scream Tail|Scream Tail, L84|330/330\n|move|p1a: Staraptor|Brave Bird|p2a: Scream Tail\n|-damage|p2a: Scream Tail|183/330\n|-damage|p1a: Staraptor|214/263|[from] Recoil\n|\n|-heal|p2a: Scream Tail|203/330|[from] item: Leftovers\n|upkeep\n|turn|4\n|\n|t:|1781425605\n|move|p1a: Staraptor|Brave Bird|p2a: Scream Tail\n|-damage|p2a: Scream Tail|68/330\n|-damage|p1a: Staraptor|169/263|[from] Recoil\n|move|p2a: Scream Tail|Wish|p2a: Scream Tail\n|\n|-heal|p2a: Scream Tail|88/330|[from] item: Leftovers\n|upkeep\n|turn|5\n|\n|t:|1781425633\n|switch|p1a: Skarmory|Skarmory, L80, M|235/235\n|move|p2a: Scream Tail|Protect||[still]\n|-fail|p2a: Scream Tail\n|\n|-heal|p2a: Scream Tail|253/330|[from] move: Wish|[wisher] Scream Tail\n|-heal|p2a: Scream Tail|273/330|[from] item: Leftovers\n|upkeep\n|turn|6\n|\n|t:|1781425641\n|-end|p2a: Scream Tail|Protosynthesis|[silent]\n|switch|p2a: Salazzle|Salazzle, L83, F|249/249\n|move|p1a: Skarmory|Stealth Rock|p2a: Salazzle\n|-sidestart|p2: mantheman97|move: Stealth Rock\n|\n|upkeep\n|turn|7\n|\n|t:|1781425658\n|switch|p1a: Staraptor|Staraptor, L79, F|169/263\n|move|p2a: Salazzle|Toxic|p1a: Staraptor\n|-status|p1a: Staraptor|tox\n|\n|-damage|p1a: Staraptor|153/263 tox|[from] psn\n|upkeep\n|turn|8\n|\n|t:|1781425665\n|move|p2a: Salazzle|Protect|p2a: Salazzle\n|-singleturn|p2a: Salazzle|Protect\n|move|p1a: Staraptor|Brave Bird|p2a: Salazzle\n|-activate|p2a: Salazzle|move: Protect\n|\n|-damage|p1a: Staraptor|121/263 tox|[from] psn\n|upkeep\n|turn|9\n|\n|t:|1781425671\n|switch|p2a: Scream Tail|Scream Tail, L84|273/330\n|-damage|p2a: Scream Tail|232/330|[from] Stealth Rock\n|move|p1a: Staraptor|Brave Bird|p2a: Scream Tail\n|-damage|p2a: Scream Tail|87/330\n|-damage|p1a: Staraptor|73/263 tox|[from] Recoil\n|\n|-heal|p2a: Scream Tail|107/330|[from] item: Leftovers\n|-damage|p1a: Staraptor|25/263 tox|[from] psn\n|upkeep\n|turn|10\n|\n|t:|1781425696\n|switch|p1a: Mimikyu|Mimikyu, L79, M|216/216\n|move|p2a: Scream Tail|Protect||[still]\n|-fail|p2a: Scream Tail\n|\n|-heal|p2a: Scream Tail|127/330|[from] item: Leftovers\n|upkeep\n|turn|11\n|inactive|mantheman97 has 120 seconds left.\n|\n|t:|1781425726\n|move|p2a: Scream Tail|Dazzling Gleam|p1a: Mimikyu\n|-activate|p1a: Mimikyu|ability: Disguise\n|-damage|p1a: Mimikyu|216/216\n|detailschange|p1a: Mimikyu|Mimikyu-Busted, L79, M\n|-damage|p1a: Mimikyu|189/216|[from] pokemon: Mimikyu-Busted\n|move|p1a: Mimikyu|Swords Dance|p1a: Mimikyu\n|-boost|p1a: Mimikyu|atk|2\n|\n|-heal|p2a: Scream Tail|147/330|[from] item: Leftovers\n|upkeep\n|turn|12\n|\n|t:|1781425736\n|move|p1a: Mimikyu|Shadow Sneak|p2a: Scream Tail\n|-supereffective|p2a: Scream Tail\n|-damage|p2a: Scream Tail|0 fnt\n|faint|p2a: Scream Tail\n|-end|p2a: Scream Tail|Protosynthesis|[silent]\n|-damage|p1a: Mimikyu|168/216|[from] item: Life Orb\n|\n|upkeep\n|inactive|mantheman97 has 120 seconds left.\n|\n|t:|1781425771\n|switch|p2a: Indeedee|Indeedee, L84, M|238/238\n|-damage|p2a: Indeedee|209/238|[from] Stealth Rock\n|-fieldstart|move: Psychic Terrain|[from] ability: Psychic Surge|[of] p2a: Indeedee\n|turn|13\n|inactive|changry has 120 seconds left.\n|\n|t:|1781425804\n|move|p2a: Indeedee|Expanding Force|p1a: Mimikyu\n|-damage|p1a: Mimikyu|0 fnt\n|faint|p1a: Mimikyu\n|-damage|p2a: Indeedee|186/238|[from] item: Life Orb\n|\n|upkeep\n|inactive|changry has 90 seconds left.\n|\n|t:|1781425817\n|switch|p1a: Staraptor|Staraptor, L79, F|25/263 tox\n|turn|14\n|inactive|changry has 90 seconds left.\n|\n|t:|1781425836\n|switch|p2a: Clodsire|Clodsire, L81, F|102/343\n|-damage|p2a: Clodsire|81/343|[from] Stealth Rock\n|move|p1a: Staraptor|U-turn|p2a: Clodsire\n|-resisted|p2a: Clodsire\n|-damage|p2a: Clodsire|44/343\n|inactive|changry has 90 seconds left.\n|\n|t:|1781425844\n|switch|p1a: Cyclizar|Cyclizar, L83, M|252/252|[from] U-turn\n|\n|-heal|p2a: Clodsire|65/343|[from] item: Leftovers\n|upkeep\n|turn|15\n|\n|t:|1781425853\n|move|p1a: Cyclizar|Draco Meteor|p2a: Clodsire\n|-damage|p2a: Clodsire|0 fnt\n|-unboost|p1a: Cyclizar|spa|2\n|faint|p2a: Clodsire\n|\n|upkeep\n|inactive|mantheman97 has 120 seconds left.\n|\n|t:|1781425887\n|switch|p2a: Shaymin|Shaymin-Sky, L73|266/266\n|turn|16\n|\n|t:|1781425905\n|move|p1a: Cyclizar|Shed Tail|p1a: Cyclizar\n|-start|p1a: Cyclizar|Substitute|[from] move: Shed Tail\n|-damage|p1a: Cyclizar|126/252\n|\n|t:|1781425908\n|switch|p1a: Skarmory|Skarmory, L80, M|235/235|[from] Shed Tail\n|move|p2a: Shaymin|Air Slash|p1a: Skarmory\n|-resisted|p1a: Skarmory\n|-crit|p1a: Skarmory\n|-end|p1a: Skarmory|Substitute\n|\n|upkeep\n|turn|17\n|\n|t:|1781425926\n|switch|p2a: Salazzle|Salazzle, L83, F|249/249\n|-damage|p2a: Salazzle|187/249|[from] Stealth Rock\n|move|p1a: Skarmory|Brave Bird|p2a: Salazzle\n|-damage|p2a: Salazzle|42/249\n|-damage|p1a: Skarmory|187/235|[from] Recoil\n|\n|-heal|p2a: Salazzle|57/249|[from] item: Leftovers\n|-heal|p1a: Skarmory|201/235|[from] item: Leftovers\n|-fieldend|move: Psychic Terrain\n|upkeep\n|turn|18\n|\n|t:|1781425946\n|switch|p1a: Cyclizar|Cyclizar, L83, M|210/252\n|move|p2a: Salazzle|Flamethrower|p1a: Cyclizar\n|-resisted|p1a: Cyclizar\n|-crit|p1a: Cyclizar\n|-damage|p1a: Cyclizar|113/252\n|\n|-heal|p2a: Salazzle|72/249|[from] item: Leftovers\n|upkeep\n|turn|19\n|\n|t:|1781425953\n|move|p2a: Salazzle|Protect|p2a: Salazzle\n|-singleturn|p2a: Salazzle|Protect\n|move|p1a: Cyclizar|Draco Meteor|p2a: Salazzle\n|-activate|p2a: Salazzle|move: Protect\n|\n|-heal|p2a: Salazzle|87/249|[from] item: Leftovers\n|upkeep\n|turn|20\n|\n|t:|1781425965\n|switch|p2a: Shaymin|Shaymin-Sky, L73|266/266\n|move|p1a: Cyclizar|Draco Meteor|p2a: Shaymin\n|-damage|p2a: Shaymin|103/266\n|-unboost|p1a: Cyclizar|spa|2\n|\n|upkeep\n|turn|21\n|\n|t:|1781425973\n|switch|p1a: Skarmory|Skarmory, L80, M|201/235\n|move|p2a: Shaymin|Synthesis|p2a: Shaymin\n|-heal|p2a: Shaymin|236/266\n|\n|-heal|p1a: Skarmory|215/235|[from] item: Leftovers\n|upkeep\n|turn|22\n|inactive|changry has 120 seconds left.\n|\n|t:|1781425979\n|move|p2a: Shaymin|Air Slash|p1a: Skarmory\n|-resisted|p1a: Skarmory\n|-damage|p1a: Skarmory|169/235\n|cant|p1a: Skarmory|flinch\n|\n|-heal|p1a: Skarmory|183/235|[from] item: Leftovers\n|upkeep\n|turn|23\n|\n|t:|1781425985\n|move|p2a: Shaymin|Air Slash|p1a: Skarmory\n|-resisted|p1a: Skarmory\n|-damage|p1a: Skarmory|137/235\n|cant|p1a: Skarmory|flinch\n|\n|-heal|p1a: Skarmory|151/235|[from] item: Leftovers\n|upkeep\n|turn|24\n|\n|t:|1781425994\n|-terastallize|p2a: Shaymin|Water\n|move|p2a: Shaymin|Air Slash|p1a: Skarmory\n|-resisted|p1a: Skarmory\n|-damage|p1a: Skarmory|102/235\n|cant|p1a: Skarmory|flinch\n|\n|-heal|p1a: Skarmory|116/235|[from] item: Leftovers\n|upkeep\n|turn|25\n|\n|t:|1781426004\n|move|p2a: Shaymin|Air Slash|p1a: Skarmory\n|-resisted|p1a: Skarmory\n|-damage|p1a: Skarmory|72/235\n|move|p1a: Skarmory|Brave Bird|p2a: Shaymin\n|-damage|p2a: Shaymin|98/266\n|-damage|p1a: Skarmory|26/235|[from] Recoil\n|\n|-heal|p1a: Skarmory|40/235|[from] item: Leftovers\n|upkeep\n|turn|26\n|\n|t:|1781426012\n|move|p2a: Shaymin|Air Slash|p1a: Skarmory\n|-resisted|p1a: Skarmory\n|-damage|p1a: Skarmory|0 fnt\n|faint|p1a: Skarmory\n|\n|upkeep\n|\n|t:|1781426019\n|switch|p1a: Cyclizar|Cyclizar, L83, M|197/252\n|turn|27\n|\n|t:|1781426030\n|move|p1a: Cyclizar|Draco Meteor|p2a: Shaymin\n|-damage|p2a: Shaymin|0 fnt\n|-unboost|p1a: Cyclizar|spa|2\n|faint|p2a: Shaymin\n|\n|upkeep\n|\n|t:|1781426033\n|switch|p2a: Sawsbuck|Sawsbuck-Summer, L88, M|284/284\n|-damage|p2a: Sawsbuck|249/284|[from] Stealth Rock\n|turn|28\n|\n|t:|1781426059\n|move|p1a: Cyclizar|Shed Tail|p1a: Cyclizar\n|-start|p1a: Cyclizar|Substitute|[from] move: Shed Tail\n|-damage|p1a: Cyclizar|71/252\n|inactive|changry has 120 seconds left.\n|\n|t:|1781426073\n|switch|p1a: Staraptor|Staraptor, L79, F|25/263 tox|[from] Shed Tail\n|move|p2a: Sawsbuck|Double-Edge|p1a: Staraptor\n|-end|p1a: Staraptor|Substitute\n|-damage|p2a: Sawsbuck|228/284|[from] Recoil|[of] p1a: Staraptor\n|-damage|p2a: Sawsbuck|200/284|[from] item: Life Orb\n|\n|-damage|p1a: Staraptor|9/263 tox|[from] psn\n|upkeep\n|turn|29\n|inactive|mantheman97 has 120 seconds left.\n|\n|t:|1781426126\n|switch|p2a: Indeedee|Indeedee, L84, M|186/238\n|-damage|p2a: Indeedee|157/238|[from] Stealth Rock\n|-fieldstart|move: Psychic Terrain|[from] ability: Psychic Surge|[of] p2a: Indeedee\n|move|p1a: Staraptor|Brave Bird|p2a: Indeedee\n|-damage|p2a: Indeedee|0 fnt\n|faint|p2a: Indeedee\n|-damage|p1a: Staraptor|0 fnt|[from] Recoil\n|faint|p1a: Staraptor\n|\n|upkeep\n|inactive|changry has 120 seconds left.\n|\n|t:|1781426141\n|switch|p2a: Sawsbuck|Sawsbuck-Summer, L88, M|200/284\n|switch|p1a: Cyclizar|Cyclizar, L83, M|155/252\n|-damage|p2a: Sawsbuck|165/284|[from] Stealth Rock\n|turn|30\n|inactive|changry has 120 seconds left.\n|\n|t:|1781426151\n|move|p1a: Cyclizar|Draco Meteor|p2a: Sawsbuck\n|-damage|p2a: Sawsbuck|27/284\n|-unboost|p1a: Cyclizar|spa|2\n|move|p2a: Sawsbuck|Horn Leech|p1a: Cyclizar\n|-resisted|p1a: Cyclizar\n|-damage|p1a: Cyclizar|85/252\n|-heal|p2a: Sawsbuck|62/284|[from] drain|[of] p1a: Cyclizar\n|-damage|p2a: Sawsbuck|34/284|[from] item: Life Orb\n|\n|upkeep\n|turn|31\n|\n|t:|1781426161\n|move|p1a: Cyclizar|Rapid Spin|p2a: Sawsbuck\n|-damage|p2a: Sawsbuck|0 fnt\n|-boost|p1a: Cyclizar|spe|1\n|faint|p2a: Sawsbuck\n|\n|upkeep\n|c|\u2606changry|cya\n|\n|t:|1781426165\n|switch|p2a: Salazzle|Salazzle, L83, F|87/249\n|-damage|p2a: Salazzle|25/249|[from] Stealth Rock\n|turn|32\n|c|\u2606changry|too easy\n|inactive|mantheman97 has 120 seconds left.\n|c|\u2606mantheman97|lol\n|c|\u2606mantheman97|this is random battles bro. dont think you achieved something\n|\n|t:|1781426194\n|move|p2a: Salazzle|Protect|p2a: Salazzle\n|-singleturn|p2a: Salazzle|Protect\n|move|p1a: Cyclizar|Rapid Spin|p2a: Salazzle\n|-activate|p2a: Salazzle|move: Protect\n|\n|-heal|p2a: Salazzle|40/249|[from] item: Leftovers\n|upkeep\n|turn|33\n|inactive|changry has 120 seconds left.\n|\n|t:|1781426249\n|move|p1a: Cyclizar|Rapid Spin|p2a: Salazzle\n|-damage|p2a: Salazzle|0 fnt\n|-boost|p1a: Cyclizar|spe|1\n|faint|p2a: Salazzle\n|\n|win|changry\n", "inputlog": ">version a8376a258c1d4662feba110a92103f3664a72141\n>start {\"formatid\":\"gen9randombattle\",\"seed\":\"sodium,cd653abf6a8d7a2d604fe04701bc96e4\",\"rated\":\"Rated battle\"}\n>player p1 {\"name\":\"changry\",\"avatar\":\"266\",\"rating\":2061,\"seed\":\"sodium,6c460f1e42b9a0ced2f1e9642407e3cd\"}\n>player p2 {\"name\":\"mantheman97\",\"avatar\":\"265\",\"rating\":2226,\"seed\":\"sodium,a0dc051336f284ebbcde24ec2596c104\"}\n>p1 move eruption\n>p2 move earthquake\n>p1 switch 3\n>p2 switch 3\n>p1 move bravebird\n>p2 switch 5\n>p1 move bravebird\n>p2 move wish\n>p1 switch 5\n>p2 move protect\n>p1 move stealthrock\n>p2 switch 5\n>p1 switch 5\n>p2 move toxic\n>p1 move bravebird\n>p2 move protect\n>p1 move bravebird\n>p2 switch 5\n>p1 switch 6\n>p2 move protect\n>p1 move swordsdance\n>p2 move dazzlinggleam\n>p1 move shadowsneak\n>p2 move encore\n>p2 switch 6\n>p1 move playrough\n>p2 move expandingforce\n>p1 switch 6\n>p1 move uturn\n>p2 switch 3\n>p1 switch 2\n>p1 move dracometeor\n>p2 move recover\n>p2 switch 2\n>p1 move shedtail\n>p2 move airslash\n>p1 switch 5\n>p1 move bravebird\n>p2 switch 5\n>p1 switch 5\n>p2 move flamethrower\n>p1 move dracometeor\n>p2 move protect\n>p1 move dracometeor\n>p2 switch 5\n>p1 switch 5\n>p2 move synthesis\n>p1 move bravebird\n>p2 move airslash\n>p1 move bravebird\n>p2 move airslash\n>p1 move bravebird\n>p2 move airslash terastallize\n>p1 move bravebird\n>p2 move airslash\n>p1 move bravebird\n>p2 move airslash\n>p1 switch 5\n>p1 move dracometeor\n>p2 move airslash\n>p2 switch 4\n>p1 move shedtail\n>p2 move doubleedge\n>p1 switch 2\n>p1 move bravebird\n>p2 switch 3\n>p1 switch 2\n>p2 switch 3\n>p1 move dracometeor\n>p2 move hornleech\n>p1 move rapidspin\n>p2 move doubleedge\n>chat \u2606changry|cya\n>p2 switch 5\n>chat \u2606changry|too easy\n>chat \u2606mantheman97|lol\n>chat \u2606mantheman97|this is random battles bro. dont think you achieved something \n>p1 move rapidspin\n>p2 move protect\n>p1 move rapidspin\n>p2 move toxic", "uploadtime": 1781425471, "views": 6, "formatid": "gen9randombattle", "rating": null, "private": 0, "password": null}