{"id": "gen9randombattle-2631869349", "format": "[Gen 9] Random Battle", "players": ["Daruma", "Green Calf"], "log": "|j|\u2606Daruma\n|j|\u2606Green Calf\n|t:|1781450170\n|gametype|singles\n|player|p1|Daruma|#ruplixsleekslushrushers|2090\n|player|p2|Green Calf|2|2011\n|gen|9\n|tier|[Gen 9] Random Battle\n|rated|\n|rule|Species Clause: Limit one of each Pok\u00e9mon\n|rule|HP Percentage Mod: HP is shown in percentages\n|rule|Sleep Clause Mod: Limit one foe put to sleep\n|rule|Illusion Level Mod: Illusion disguises the Pok\u00e9mon's true level\n|\n|t:|1781450170\n|teamsize|p1|6\n|teamsize|p2|6\n|start\n|switch|p1a: Kricketune|Kricketune, L99, F|311/311\n|switch|p2a: Heracross|Heracross, L80, M|259/259\n|turn|1\n|inactive|Battle timer is ON: inactive players will automatically lose when time's up. (requested by Daruma)\n|inactive|Green Calf has 120 seconds left.\n|inactive|Green Calf has 90 seconds left.\n|inactive|Green Calf has 60 seconds left.\n|\n|t:|1781450270\n|switch|p2a: Orthworm|Orthworm, L88, F|266/266\n|move|p1a: Kricketune|Knock Off|p2a: Orthworm\n|-damage|p2a: Orthworm|210/266\n|-enditem|p2a: Orthworm|Chesto Berry|[from] move: Knock Off|[of] p1a: Kricketune\n|\n|upkeep\n|turn|2\n|\n|t:|1781450277\n|move|p1a: Kricketune|Taunt|p2a: Orthworm\n|-start|p2a: Orthworm|move: Taunt\n|cant|p2a: Orthworm|move: Taunt|Coil\n|\n|upkeep\n|turn|3\n|\n|t:|1781450284\n|switch|p2a: Heracross|Heracross, L80, M|259/259\n|move|p1a: Kricketune|Sticky Web|p2a: Heracross\n|-sidestart|p2: Green Calf|move: Sticky Web\n|\n|-status|p2a: Heracross|brn|[from] item: Flame Orb\n|upkeep\n|turn|4\n|\n|t:|1781450292\n|move|p1a: Kricketune|Pounce|p2a: Heracross\n|-resisted|p2a: Heracross\n|-damage|p2a: Heracross|205/259 brn\n|-unboost|p2a: Heracross|spe|1\n|move|p2a: Heracross|Trailblaze|p1a: Kricketune\n|-resisted|p1a: Kricketune\n|-damage|p1a: Kricketune|274/311\n|-boost|p2a: Heracross|spe|1\n|\n|-damage|p2a: Heracross|189/259 brn|[from] brn\n|upkeep\n|turn|5\n|\n|t:|1781450296\n|move|p1a: Kricketune|Pounce|p2a: Heracross\n|-resisted|p2a: Heracross\n|-damage|p2a: Heracross|136/259 brn\n|-unboost|p2a: Heracross|spe|1\n|move|p2a: Heracross|Facade|p1a: Kricketune\n|-damage|p1a: Kricketune|56/311\n|\n|-damage|p2a: Heracross|120/259 brn|[from] brn\n|upkeep\n|turn|6\n|\n|t:|1781450300\n|move|p1a: Kricketune|Pounce|p2a: Heracross\n|-resisted|p2a: Heracross\n|-damage|p2a: Heracross|67/259 brn\n|-unboost|p2a: Heracross|spe|1\n|move|p2a: Heracross|Facade|p1a: Kricketune\n|-damage|p1a: Kricketune|0 fnt\n|faint|p1a: Kricketune\n|\n|-damage|p2a: Heracross|51/259 brn|[from] brn\n|upkeep\n|\n|t:|1781450309\n|switch|p1a: Incineroar|Incineroar, L82, M|290/290\n|-ability|p1a: Incineroar|Intimidate|boost\n|-unboost|p2a: Heracross|atk|1\n|turn|7\n|inactive|Green Calf has 120 seconds left.\n|inactive|Green Calf has 90 seconds left.\n|\n|t:|1781450371\n|move|p1a: Incineroar|Knock Off|p2a: Heracross\n|-resisted|p2a: Heracross\n|-damage|p2a: Heracross|0 fnt\n|-enditem|p2a: Heracross|Flame Orb|[from] move: Knock Off|[of] p1a: Incineroar\n|faint|p2a: Heracross\n|\n|upkeep\n|\n|t:|1781450374\n|switch|p2a: Dunsparce|Dunsparce, L86, M|312/312\n|-activate|p2a: Dunsparce|move: Sticky Web\n|-unboost|p2a: Dunsparce|spe|1\n|turn|8\n|\n|t:|1781450382\n|move|p1a: Incineroar|U-turn|p2a: Dunsparce\n|-damage|p2a: Dunsparce|270/312\n|\n|t:|1781450384\n|switch|p1a: Oricorio|Oricorio-Sensu, L85, F|266/266|[from] U-turn\n|move|p2a: Dunsparce|Body Slam|p1a: Oricorio\n|-immune|p1a: Oricorio\n|\n|upkeep\n|turn|9\n|inactive|Green Calf has 90 seconds left.\n|\n|t:|1781450443\n|move|p1a: Oricorio|Quiver Dance|p1a: Oricorio\n|-boost|p1a: Oricorio|spa|1\n|-boost|p1a: Oricorio|spd|1\n|-boost|p1a: Oricorio|spe|1\n|move|p2a: Dunsparce|Body Slam|p1a: Oricorio\n|-immune|p1a: Oricorio\n|\n|upkeep\n|turn|10\n|-message|Green Calf forfeited.\n|\n|win|Daruma\n", "uploadtime": 1781450172, "views": 4, "formatid": "gen9randombattle", "rating": null, "private": 0, "password": null}