{"id": "gen9randombattle-2631487596", "format": "[Gen 9] Random Battle", "players": ["hdhddhdhdhhdbds", "Dj7788"], "log": "|j|\u2606hdhddhdhdhhdbds\n|j|\u2606Dj7788\n|t:|1781391304\n|gametype|singles\n|player|p1|hdhddhdhdhhdbds|2|1000\n|player|p2|Dj7788|170|1003\n|gen|9\n|tier|[Gen 9] Random Battle\n|rated|\n|rule|Species Clause: Limit one of each Pok\u00e9mon\n|rule|HP Percentage Mod: HP is shown in percentages\n|rule|Sleep Clause Mod: Limit one foe put to sleep\n|rule|Illusion Level Mod: Illusion disguises the Pok\u00e9mon's true level\n|\n|t:|1781391304\n|teamsize|p1|6\n|teamsize|p2|6\n|start\n|switch|p1a: Revavroom|Revavroom, L79, F|256/256\n|switch|p2a: Inteleon|Inteleon, L81, F|246/246\n|turn|1\n|\n|t:|1781391317\n|move|p2a: Inteleon|Scald|p1a: Revavroom\n|-damage|p1a: Revavroom|78/256\n|move|p1a: Revavroom|Shift Gear|p1a: Revavroom\n|-boost|p1a: Revavroom|spe|2\n|-boost|p1a: Revavroom|atk|1\n|\n|upkeep\n|turn|2\n|\n|t:|1781391327\n|move|p1a: Revavroom|Gunk Shot|p2a: Inteleon|[miss]\n|-miss|p1a: Revavroom|p2a: Inteleon\n|move|p2a: Inteleon|Scald|p1a: Revavroom\n|-damage|p1a: Revavroom|0 fnt\n|faint|p1a: Revavroom\n|\n|upkeep\n|\n|t:|1781391334\n|switch|p1a: Flutter Mane|Flutter Mane, L74|203/203\n|turn|3\n|\n|t:|1781391343\n|-terastallize|p2a: Inteleon|Water\n|move|p1a: Flutter Mane|Calm Mind|p1a: Flutter Mane\n|-boost|p1a: Flutter Mane|spa|1\n|-boost|p1a: Flutter Mane|spd|1\n|move|p2a: Inteleon|Scald|p1a: Flutter Mane\n|-damage|p1a: Flutter Mane|103/203\n|\n|upkeep\n|turn|4\n|\n|t:|1781391352\n|move|p1a: Flutter Mane|Moonblast|p2a: Inteleon\n|-damage|p2a: Inteleon|0 fnt\n|faint|p2a: Inteleon\n|-damage|p1a: Flutter Mane|83/203|[from] item: Life Orb\n|\n|upkeep\n|\n|t:|1781391385\n|switch|p2a: Polteageist|Polteageist, L78|222/222\n|turn|5\n|\n|t:|1781391401\n|move|p1a: Flutter Mane|Shadow Ball|p2a: Polteageist\n|-supereffective|p2a: Polteageist\n|-damage|p2a: Polteageist|0 fnt\n|faint|p2a: Polteageist\n|-damage|p1a: Flutter Mane|63/203|[from] item: Life Orb\n|\n|upkeep\n|\n|t:|1781391419\n|switch|p2a: Ditto|Ditto, L87|225/225\n|-transform|p2a: Ditto|p1a: Flutter Mane|[from] ability: Imposter\n|turn|6\n|\n|t:|1781391442\n|-end|p1a: Flutter Mane|Protosynthesis|[silent]\n|switch|p1a: Komala|Komala, L88, F|258/258\n|-ability|p1a: Komala|Comatose\n|move|p2a: Ditto|Shadow Ball|p1a: Komala\n|-immune|p1a: Komala\n|\n|upkeep\n|turn|7\n|\n|t:|1781391455\n|-end|p2a: Ditto|Protosynthesis|[silent]\n|switch|p2a: Bombirdier|Bombirdier, L85, F|258/258\n|move|p1a: Komala|Knock Off|p2a: Bombirdier\n|-resisted|p2a: Bombirdier\n|-damage|p2a: Bombirdier|217/258\n|-enditem|p2a: Bombirdier|Heavy-Duty Boots|[from] move: Knock Off|[of] p1a: Komala\n|\n|upkeep\n|turn|8\n|\n|t:|1781391465\n|move|p2a: Bombirdier|Stealth Rock|p1a: Komala\n|-sidestart|p1: hdhddhdhdhhdbds|move: Stealth Rock\n|move|p1a: Komala|Body Slam|p2a: Bombirdier\n|-damage|p2a: Bombirdier|109/258\n|\n|upkeep\n|turn|9\n|\n|t:|1781391473\n|move|p2a: Bombirdier|Roost|p2a: Bombirdier\n|-heal|p2a: Bombirdier|238/258\n|-singleturn|p2a: Bombirdier|move: Roost\n|move|p1a: Komala|Rapid Spin|p2a: Bombirdier\n|-damage|p2a: Bombirdier|174/258\n|-boost|p1a: Komala|spe|1\n|-sideend|p1: hdhddhdhdhhdbds|Stealth Rock|[from] move: Rapid Spin|[of] p1a: Komala\n|\n|upkeep\n|turn|10\n|\n|t:|1781391486\n|move|p1a: Komala|Body Slam|p2a: Bombirdier\n|-damage|p2a: Bombirdier|53/258\n|move|p2a: Bombirdier|Knock Off|p1a: Komala\n|-damage|p1a: Komala|123/258\n|-enditem|p1a: Komala|Assault Vest|[from] move: Knock Off|[of] p2a: Bombirdier\n|\n|upkeep\n|turn|11\n|\n|t:|1781391508\n|switch|p2a: Ditto|Ditto, L87|225/225\n|-transform|p2a: Ditto|p1a: Komala|[from] ability: Imposter\n|-ability|p2a: Ditto|Comatose\n|move|p1a: Komala|Body Slam|p2a: Ditto\n|-damage|p2a: Ditto|81/225\n|\n|upkeep\n|turn|12\n|\n|t:|1781391523\n|move|p2a: Ditto|Body Slam|p1a: Komala\n|-damage|p1a: Komala|0 fnt\n|faint|p1a: Komala\n|\n|upkeep\n|\n|t:|1781391526\n|switch|p1a: Flutter Mane|Flutter Mane, L74|63/203\n|turn|13\n|\n|t:|1781391537\n|switch|p2a: Bombirdier|Bombirdier, L85, F|53/258\n|move|p1a: Flutter Mane|Moonblast|p2a: Bombirdier\n|-supereffective|p2a: Bombirdier\n|-damage|p2a: Bombirdier|0 fnt\n|faint|p2a: Bombirdier\n|-damage|p1a: Flutter Mane|43/203|[from] item: Life Orb\n|\n|upkeep\n|\n|t:|1781391546\n|switch|p2a: Ditto|Ditto, L87|81/225\n|-transform|p2a: Ditto|p1a: Flutter Mane|[from] ability: Imposter\n|turn|14\n|\n|t:|1781391555\n|move|p2a: Ditto|Moonblast|p1a: Flutter Mane\n|-damage|p1a: Flutter Mane|0 fnt\n|faint|p1a: Flutter Mane\n|-end|p1a: Flutter Mane|Protosynthesis|[silent]\n|\n|upkeep\n|\n|t:|1781391558\n|switch|p1a: Munkidori|Munkidori, L79, M|269/269\n|turn|15\n|\n|t:|1781391573\n|-end|p2a: Ditto|Protosynthesis|[silent]\n|switch|p2a: Ceruledge|Ceruledge, L78, F|245/245\n|move|p1a: Munkidori|Psyshock|p2a: Ceruledge\n|-damage|p2a: Ceruledge|112/245\n|-damage|p1a: Munkidori|243/269|[from] item: Life Orb\n|\n|upkeep\n|turn|16\n|\n|t:|1781391590\n|move|p1a: Munkidori|Psyshock|p2a: Ceruledge\n|-damage|p2a: Ceruledge|0 fnt\n|faint|p2a: Ceruledge\n|-damage|p1a: Munkidori|217/269|[from] item: Life Orb\n|\n|upkeep\n|\n|t:|1781391602\n|switch|p2a: Braviary|Braviary-Hisui, L85, M|326/326\n|turn|17\n|\n|t:|1781391614\n|move|p1a: Munkidori|Sludge Wave|p2a: Braviary\n|-damage|p2a: Braviary|141/326\n|-damage|p1a: Munkidori|191/269|[from] item: Life Orb\n|move|p2a: Braviary|Esper Wing|p1a: Munkidori\n|-damage|p1a: Munkidori|29/269\n|-boost|p2a: Braviary|spe|1\n|\n|upkeep\n|turn|18\n|\n|t:|1781391628\n|move|p2a: Braviary|Esper Wing|p1a: Munkidori\n|-damage|p1a: Munkidori|0 fnt\n|-boost|p2a: Braviary|spe|1\n|faint|p1a: Munkidori\n|\n|upkeep\n|\n|t:|1781391630\n|switch|p1a: Krookodile|Krookodile, L79, M|280/280\n|-ability|p1a: Krookodile|Intimidate|boost\n|-unboost|p2a: Braviary|atk|1\n|turn|19\n|\n|t:|1781391642\n|switch|p2a: Ditto|Ditto, L87|81/225\n|-transform|p2a: Ditto|p1a: Krookodile|[from] ability: Imposter\n|-ability|p2a: Ditto|Intimidate|boost\n|-unboost|p1a: Krookodile|atk|1\n|move|p1a: Krookodile|Knock Off|p2a: Ditto\n|-resisted|p2a: Ditto\n|-damage|p2a: Ditto|42/225\n|-enditem|p2a: Ditto|Choice Scarf|[from] move: Knock Off|[of] p1a: Krookodile\n|\n|upkeep\n|turn|20\n|\n|t:|1781391658\n|move|p2a: Ditto|Earthquake|p1a: Krookodile\n|-damage|p1a: Krookodile|141/280\n|move|p1a: Krookodile|Earthquake|p2a: Ditto\n|-damage|p2a: Ditto|0 fnt\n|faint|p2a: Ditto\n|\n|-heal|p1a: Krookodile|158/280|[from] item: Leftovers\n|upkeep\n|\n|t:|1781391668\n|switch|p2a: Braviary|Braviary-Hisui, L85, M|141/326\n|turn|21\n|\n|t:|1781391674\n|move|p2a: Braviary|Vacuum Wave|p1a: Krookodile\n|-supereffective|p1a: Krookodile\n|-damage|p1a: Krookodile|42/280\n|move|p1a: Krookodile|Knock Off|p2a: Braviary\n|-supereffective|p2a: Braviary\n|-damage|p2a: Braviary|0 fnt\n|-enditem|p2a: Braviary|Choice Specs|[from] move: Knock Off|[of] p1a: Krookodile\n|faint|p2a: Braviary\n|\n|win|hdhddhdhdhhdbds\n|raw|hdhddhdhdhhdbds's rating: 1000 &rarr; <strong>1040</strong><br />(+40 for winning)\n|raw|Dj7788's rating: 1003 &rarr; <strong>1000</strong><br />(-3 for losing)\n", "inputlog": ">version a8376a258c1d4662feba110a92103f3664a72141\n>start {\"formatid\":\"gen9randombattle\",\"seed\":\"sodium,5b6e407c34d674516e8cb0cdcb322f70\",\"rated\":\"Rated battle\"}\n>player p1 {\"name\":\"hdhddhdhdhhdbds\",\"avatar\":\"2\",\"rating\":1000,\"seed\":\"sodium,6ef5b4008b17c650cce5b234149ecddb\"}\n>player p2 {\"name\":\"Dj7788\",\"avatar\":\"170\",\"rating\":1003,\"seed\":\"sodium,5ad4a59af0b719ec24943d50f3268796\"}\n>p1 move shiftgear\n>p2 move scald\n>p1 move gunkshot\n>p2 move scald\n>p1 switch 4\n>p1 move calmmind\n>p2 move scald terastallize\n>p1 move moonblast\n>p2 move scald\n>p2 switch 5\n>p1 move shadowball\n>p2 move shadowball\n>p2 switch 6\n>p1 switch 6\n>p2 move shadowball\n>p1 move knockoff\n>p2 switch 3\n>p1 move bodyslam\n>p2 move stealthrock\n>p1 move rapidspin\n>p2 move roost\n>p1 move bodyslam\n>p2 move knockoff\n>p1 move bodyslam\n>p2 switch 3\n>p1 move bodyslam\n>p2 move bodyslam\n>p1 switch 6\n>p1 move moonblast\n>p2 switch 3\n>p2 switch 3\n>p1 move moonblast\n>p2 move moonblast\n>p1 switch 5\n>p1 move psyshock\n>p2 switch 2\n>p1 move psyshock\n>p2 move poltergeist\n>p2 switch 4\n>p1 move sludgewave\n>p2 move esperwing\n>p1 move sludgewave\n>p2 move esperwing\n>p1 switch 3\n>p1 move knockoff\n>p2 switch 2\n>p1 move earthquake\n>p2 move earthquake\n>p2 switch 2\n>p1 move knockoff\n>p2 move vacuumwave", "uploadtime": 1781391680, "views": 3, "formatid": "gen9randombattle", "rating": 1000, "private": 0, "password": null}