{"id": "gen9randombattle-2631786830", "format": "[Gen 9] Random Battle", "players": ["FerrousL", "dartthebasedgod"], "log": "|j|\u2606FerrousL\n|j|\u2606dartthebasedgod\n|t:|1781439546\n|gametype|singles\n|player|p1|FerrousL|veteran|1114\n|player|p2|dartthebasedgod|266|1096\n|gen|9\n|tier|[Gen 9] Random Battle\n|rated|\n|rule|Species Clause: Limit one of each Pok\u00e9mon\n|rule|HP Percentage Mod: HP is shown in percentages\n|rule|Sleep Clause Mod: Limit one foe put to sleep\n|rule|Illusion Level Mod: Illusion disguises the Pok\u00e9mon's true level\n|\n|t:|1781439546\n|teamsize|p1|6\n|teamsize|p2|6\n|start\n|switch|p1a: Decidueye|Decidueye-Hisui, L87, M|295/295\n|switch|p2a: Porygon-Z|Porygon-Z, L83|277/277\n|turn|1\n|\n|t:|1781439554\n|move|p2a: Porygon-Z|Nasty Plot|p2a: Porygon-Z\n|-boost|p2a: Porygon-Z|spa|2\n|move|p1a: Decidueye|Triple Arrows|p2a: Porygon-Z\n|-supereffective|p2a: Porygon-Z\n|-damage|p2a: Porygon-Z|0 fnt\n|faint|p2a: Porygon-Z\n|\n|upkeep\n|\n|t:|1781439564\n|switch|p2a: Deoxys|Deoxys-Speed, L82|216/216\n|-ability|p2a: Deoxys|Pressure\n|turn|2\n|\n|t:|1781439575\n|move|p2a: Deoxys|Nasty Plot|p2a: Deoxys\n|-boost|p2a: Deoxys|spa|2\n|move|p1a: Decidueye|U-turn|p2a: Deoxys\n|-supereffective|p2a: Deoxys\n|-damage|p2a: Deoxys|102/216\n|\n|t:|1781439584\n|switch|p1a: Grimmsnarl|Grimmsnarl, L83, M|293/293|[from] U-turn\n|\n|upkeep\n|turn|3\n|\n|t:|1781439597\n|-terastallize|p2a: Deoxys|Fighting\n|move|p1a: Grimmsnarl|Sucker Punch|p2a: Deoxys\n|-resisted|p2a: Deoxys\n|-damage|p2a: Deoxys|58/216\n|move|p2a: Deoxys|Focus Blast|p1a: Grimmsnarl\n|-damage|p1a: Grimmsnarl|0 fnt\n|faint|p1a: Grimmsnarl\n|-damage|p2a: Deoxys|37/216|[from] item: Life Orb\n|\n|upkeep\n|\n|t:|1781439610\n|switch|p1a: Drifblim|Drifblim, L86, F|398/398\n|turn|4\n|\n|t:|1781439618\n|move|p2a: Deoxys|Dark Pulse|p1a: Drifblim\n|-supereffective|p1a: Drifblim\n|-damage|p1a: Drifblim|47/398\n|-damage|p2a: Deoxys|16/216|[from] item: Life Orb\n|move|p1a: Drifblim|Air Slash|p2a: Deoxys\n|-supereffective|p2a: Deoxys\n|-damage|p2a: Deoxys|0 fnt\n|faint|p2a: Deoxys\n|\n|upkeep\n|\n|t:|1781439647\n|switch|p2a: Farigiraf|Farigiraf, L90, M|362/362\n|turn|5\n|\n|t:|1781439658\n|move|p1a: Drifblim|Shadow Ball|p2a: Farigiraf\n|-immune|p2a: Farigiraf\n|move|p2a: Farigiraf|Psychic Noise|p1a: Drifblim\n|-damage|p1a: Drifblim|0 fnt\n|faint|p1a: Drifblim\n|\n|upkeep\n|c|\u2606FerrousL|oh god im an idiot\n|\n|t:|1781439676\n|switch|p1a: Feraligatr|Feraligatr, L79, F|264/264\n|turn|6\n|\n|t:|1781439685\n|move|p1a: Feraligatr|Crunch|p2a: Farigiraf\n|-supereffective|p2a: Farigiraf\n|-damage|p2a: Farigiraf|159/362\n|move|p2a: Farigiraf|Psychic Noise|p1a: Feraligatr\n|-damage|p1a: Feraligatr|152/264\n|-start|p1a: Feraligatr|move: Heal Block\n|\n|-heal|p2a: Farigiraf|181/362|[from] item: Leftovers\n|upkeep\n|turn|7\n|\n|t:|1781439703\n|switch|p2a: Skarmory|Skarmory, L80, M|235/235\n|move|p1a: Feraligatr|Crunch|p2a: Skarmory\n|-damage|p2a: Skarmory|167/235\n|\n|-heal|p2a: Skarmory|181/235|[from] item: Leftovers\n|-end|p1a: Feraligatr|move: Heal Block\n|upkeep\n|turn|8\n|c|\u2606dartthebasedgod|u your a dummy\n|c|\u2606FerrousL|yeah lowkey\n|c|\u2606dartthebasedgod|how u doing bro\n|\n|t:|1781439729\n|move|p1a: Feraligatr|Ice Punch|p2a: Skarmory\n|-crit|p2a: Skarmory\n|-damage|p2a: Skarmory|93/235\n|move|p2a: Skarmory|Stealth Rock|p1a: Feraligatr\n|-sidestart|p1: FerrousL|move: Stealth Rock\n|\n|-heal|p2a: Skarmory|107/235|[from] item: Leftovers\n|upkeep\n|turn|9\n|c|\u2606FerrousL|im ok\n|c|\u2606FerrousL|tryna get my mind off of exams next week\n|\n|t:|1781439746\n|switch|p2a: Hitmonchan|Hitmonchan, L87, M|229/229\n|move|p1a: Feraligatr|Ice Punch|p2a: Hitmonchan\n|-damage|p2a: Hitmonchan|143/229\n|\n|-heal|p2a: Hitmonchan|157/229|[from] item: Leftovers\n|upkeep\n|turn|10\n|c|\u2606dartthebasedgod|i feel ya u almost out of college\n|\n|t:|1781439767\n|switch|p1a: Haxorus|Haxorus, L77, M|244/244\n|-damage|p1a: Haxorus|214/244|[from] Stealth Rock\n|-ability|p1a: Haxorus|Mold Breaker\n|move|p2a: Hitmonchan|Bulk Up|p2a: Hitmonchan\n|-boost|p2a: Hitmonchan|atk|1\n|-boost|p2a: Hitmonchan|def|1\n|\n|-heal|p2a: Hitmonchan|171/229|[from] item: Leftovers\n|upkeep\n|turn|11\n|c|\u2606FerrousL|nah this high school still\n|c|\u2606dartthebasedgod|o u a young ass nega\n|c|\u2606FerrousL|yea\n|\n|t:|1781439790\n|move|p1a: Haxorus|Close Combat|p2a: Hitmonchan\n|-damage|p2a: Hitmonchan|96/229\n|-unboost|p1a: Haxorus|def|1\n|-unboost|p1a: Haxorus|spd|1\n|move|p2a: Hitmonchan|Drain Punch|p1a: Haxorus\n|-crit|p1a: Haxorus\n|-damage|p1a: Haxorus|0 fnt\n|-heal|p2a: Hitmonchan|203/229|[from] drain|[of] p1a: Haxorus\n|faint|p1a: Haxorus\n|\n|-heal|p2a: Hitmonchan|217/229|[from] item: Leftovers\n|upkeep\n|\n|t:|1781439810\n|switch|p1a: Decidueye|Decidueye-Hisui, L87, M|295/295\n|-damage|p1a: Decidueye|277/295|[from] Stealth Rock\n|turn|12\n|c|\u2606dartthebasedgod|ye nega this is where you supposed to ask me what about you\n|c|\u2606FerrousL|oh wby gang\n|\n|t:|1781439829\n|switch|p2a: Farigiraf|Farigiraf, L90, M|181/362\n|-terastallize|p1a: Decidueye|Water\n|move|p1a: Decidueye|Leaf Blade|p2a: Farigiraf\n|-ability|p2a: Farigiraf|Sap Sipper|boost\n|-boost|p2a: Farigiraf|atk|1\n|\n|-heal|p2a: Farigiraf|203/362|[from] item: Leftovers\n|-heal|p1a: Decidueye|295/295|[from] item: Leftovers\n|upkeep\n|turn|13\n|c|\u2606dartthebasedgod|yo boy cooked as hell rn young blood\n|c|\u2606FerrousL|mhm\n|c|\u2606dartthebasedgod|bachelor party in san diego didnt sleep for 3 days bannged some hookers was electric\n|c|\u2606FerrousL|w\n|c|\u2606dartthebasedgod|evyerone else knoeck but im so coked out i cant sleep so palying this\n|\n|t:|1781439879\n|move|p2a: Farigiraf|Wish|p2a: Farigiraf\n|move|p1a: Decidueye|U-turn|p2a: Farigiraf\n|-supereffective|p2a: Farigiraf\n|-damage|p2a: Farigiraf|77/362\n|c|\u2606FerrousL|better than doomscrolling ig\n|\n|t:|1781439890\n|switch|p1a: Snorlax|Snorlax, L82, F|397/397|[from] U-turn\n|-damage|p1a: Snorlax|348/397|[from] Stealth Rock\n|\n|-heal|p2a: Farigiraf|99/362|[from] item: Leftovers\n|-heal|p1a: Snorlax|372/397|[from] item: Leftovers\n|upkeep\n|turn|14\n|c|\u2606dartthebasedgod|ye frfr\n|c|\u2606dartthebasedgod|work gunna be shiet monday\n|\n|t:|1781439907\n|move|p2a: Farigiraf|Protect|p2a: Farigiraf\n|-singleturn|p2a: Farigiraf|Protect\n|move|p1a: Snorlax|Earthquake|p2a: Farigiraf\n|-activate|p2a: Farigiraf|move: Protect\n|\n|-heal|p2a: Farigiraf|280/362|[from] move: Wish|[wisher] Farigiraf\n|-heal|p2a: Farigiraf|302/362|[from] item: Leftovers\n|-heal|p1a: Snorlax|396/397|[from] item: Leftovers\n|upkeep\n|turn|15\n|\n|t:|1781439923\n|move|p2a: Farigiraf|Wish|p2a: Farigiraf\n|move|p1a: Snorlax|Crunch|p2a: Farigiraf\n|-supereffective|p2a: Farigiraf\n|-damage|p2a: Farigiraf|174/362\n|\n|-heal|p2a: Farigiraf|196/362|[from] item: Leftovers\n|-heal|p1a: Snorlax|397/397|[from] item: Leftovers\n|upkeep\n|turn|16\n|c|\u2606dartthebasedgod|u be fuckkkkking bitces bro\n|n|\u203ddartthebasedgod|dartthebasedgod\n|c|~|/log dartthebasedgod was locked from talking by Artemis. (\u2606dartthebasedgod: u be fuckkkkking bitces bro)\n|c|~|/raw <small>This action was done automatically. Want to learn more about the AI? <a href=\"https://www.smogon.com/forums/threads/3570628/#post-9056769\">Visit the information thread</a>.</small>\n|\n|t:|1781439986\n|switch|p2a: Skarmory|Skarmory, L80, M|107/235\n|move|p1a: Snorlax|Curse|p1a: Snorlax\n|-unboost|p1a: Snorlax|spe|1\n|-boost|p1a: Snorlax|atk|1\n|-boost|p1a: Snorlax|def|1\n|\n|-heal|p2a: Skarmory|235/235|[from] move: Wish|[wisher] Farigiraf\n|upkeep\n|turn|17\n|\n|t:|1781440008\n|move|p1a: Snorlax|Crunch|p2a: Skarmory\n|-damage|p2a: Skarmory|168/235\n|move|p2a: Skarmory|Whirlwind|p1a: Snorlax\n|drag|p1a: Feraligatr|Feraligatr, L79, F|152/264\n|-damage|p1a: Feraligatr|119/264|[from] Stealth Rock\n|\n|-heal|p2a: Skarmory|182/235|[from] item: Leftovers\n|upkeep\n|turn|18\n|\n|t:|1781440021\n|move|p1a: Feraligatr|Ice Punch|p2a: Skarmory\n|-damage|p2a: Skarmory|118/235\n|move|p2a: Skarmory|Brave Bird|p1a: Feraligatr\n|-damage|p1a: Feraligatr|22/264\n|-damage|p2a: Skarmory|86/235|[from] Recoil\n|\n|-heal|p2a: Skarmory|100/235|[from] item: Leftovers\n|upkeep\n|turn|19\n|\n|t:|1781440041\n|move|p1a: Feraligatr|Ice Punch|p2a: Skarmory\n|-damage|p2a: Skarmory|40/235\n|move|p2a: Skarmory|Roost|p2a: Skarmory\n|-heal|p2a: Skarmory|158/235\n|-singleturn|p2a: Skarmory|move: Roost\n|\n|-heal|p2a: Skarmory|172/235|[from] item: Leftovers\n|upkeep\n|turn|20\n|\n|t:|1781440049\n|move|p1a: Feraligatr|Dragon Dance|p1a: Feraligatr\n|-boost|p1a: Feraligatr|atk|1\n|-boost|p1a: Feraligatr|spe|1\n|move|p2a: Skarmory|Roost|p2a: Skarmory\n|-heal|p2a: Skarmory|235/235\n|-singleturn|p2a: Skarmory|move: Roost\n|\n|upkeep\n|turn|21\n|\n|t:|1781440064\n|move|p1a: Feraligatr|Liquidation|p2a: Skarmory\n|-damage|p2a: Skarmory|74/235\n|move|p2a: Skarmory|Whirlwind|p1a: Feraligatr\n|drag|p1a: Decidueye|Decidueye-Hisui, L87, M, tera:Water|295/295\n|-damage|p1a: Decidueye|259/295|[from] Stealth Rock\n|\n|-heal|p2a: Skarmory|88/235|[from] item: Leftovers\n|-heal|p1a: Decidueye|277/295|[from] item: Leftovers\n|upkeep\n|turn|22\n|\n|t:|1781440076\n|switch|p2a: Hitmonchan|Hitmonchan, L87, M|217/229\n|move|p1a: Decidueye|Triple Arrows|p2a: Hitmonchan\n|-damage|p2a: Hitmonchan|94/229\n|-unboost|p2a: Hitmonchan|def|1\n|\n|-heal|p2a: Hitmonchan|108/229|[from] item: Leftovers\n|-heal|p1a: Decidueye|295/295|[from] item: Leftovers\n|upkeep\n|turn|23\n|\n|t:|1781440089\n|move|p2a: Hitmonchan|Drain Punch|p1a: Decidueye\n|-damage|p1a: Decidueye|186/295\n|-heal|p2a: Hitmonchan|163/229|[from] drain|[of] p1a: Decidueye\n|move|p1a: Decidueye|Triple Arrows|p2a: Hitmonchan\n|-crit|p2a: Hitmonchan\n|-damage|p2a: Hitmonchan|0 fnt\n|faint|p2a: Hitmonchan\n|\n|-heal|p1a: Decidueye|204/295|[from] item: Leftovers\n|upkeep\n|\n|t:|1781440102\n|switch|p2a: Klawf|Klawf, L90, M|272/272\n|turn|24\n|\n|t:|1781440108\n|move|p2a: Klawf|High Horsepower|p1a: Decidueye\n|-damage|p1a: Decidueye|123/295\n|move|p1a: Decidueye|Triple Arrows|p2a: Klawf\n|-supereffective|p2a: Klawf\n|-damage|p2a: Klawf|102/272\n|-unboost|p2a: Klawf|def|1\n|\n|-heal|p1a: Decidueye|141/295|[from] item: Leftovers\n|upkeep\n|turn|25\n|\n|t:|1781440122\n|switch|p2a: Farigiraf|Farigiraf, L90, M|196/362\n|move|p1a: Decidueye|Triple Arrows|p2a: Farigiraf\n|-damage|p2a: Farigiraf|76/362\n|\n|-heal|p2a: Farigiraf|98/362|[from] item: Leftovers\n|-heal|p1a: Decidueye|159/295|[from] item: Leftovers\n|upkeep\n|turn|26\n|\n|t:|1781440136\n|move|p2a: Farigiraf|Psychic Noise|p1a: Decidueye\n|-damage|p1a: Decidueye|69/295\n|-start|p1a: Decidueye|move: Heal Block\n|move|p1a: Decidueye|Triple Arrows|p2a: Farigiraf\n|-damage|p2a: Farigiraf|0 fnt\n|faint|p2a: Farigiraf\n|\n|upkeep\n|-message|dartthebasedgod forfeited.\n|\n|win|FerrousL\n", "inputlog": ">version a8376a258c1d4662feba110a92103f3664a72141\n>start {\"formatid\":\"gen9randombattle\",\"seed\":\"sodium,5151b408d9db40acfec9ecbc24f5855c\",\"rated\":\"Rated battle\"}\n>player p1 {\"name\":\"FerrousL\",\"avatar\":\"veteran\",\"rating\":1114,\"seed\":\"sodium,722f5ef637f60557ab5cdc930817d1c2\"}\n>player p2 {\"name\":\"dartthebasedgod\",\"avatar\":\"266\",\"rating\":1096,\"seed\":\"sodium,29b590869f00695068d71d403ed81e12\"}\n>p1 move triplearrows\n>p2 move nastyplot\n>p2 switch 3\n>p1 move uturn\n>p2 move nastyplot\n>p1 switch 4\n>p1 move suckerpunch\n>p2 move focusblast terastallize\n>p1 switch 5\n>p1 move airslash\n>p2 move darkpulse\n>p2 switch 5\n>p1 move shadowball\n>p2 move psychicnoise\n>chat \u2606FerrousL|oh god im an idiot\n>p1 switch 2\n>p1 move crunch\n>p2 move psychicnoise\n>p1 move crunch\n>p2 switch 4\n>chat \u2606dartthebasedgod|u your a dummy \n>chat \u2606FerrousL|yeah lowkey\n>chat \u2606dartthebasedgod|how u doing bro \n>p1 move icepunch\n>p2 move stealthrock\n>chat \u2606FerrousL|im ok\n>chat \u2606FerrousL|tryna get my mind off of exams next week\n>p1 move icepunch\n>p2 switch 2\n>chat \u2606dartthebasedgod|i feel ya u almost out of college\n>p1 switch 6\n>p2 move bulkup\n>chat \u2606FerrousL|nah this high school still\n>chat \u2606dartthebasedgod|o u a young ass nega \n>chat \u2606FerrousL|yea\n>p1 move closecombat\n>p2 move drainpunch\n>p1 switch 4\n>chat \u2606dartthebasedgod|ye nega this is where you supposed to ask me what about you\n>chat \u2606FerrousL|oh wby gang\n>p1 move leafblade terastallize\n>p2 switch 4\n>chat \u2606dartthebasedgod|yo boy cooked as hell rn young blood\n>chat \u2606FerrousL|mhm\n>chat \u2606dartthebasedgod|bachelor party in san diego didnt sleep for 3 days bannged some hookers was electric\n>chat \u2606FerrousL|w\n>chat \u2606dartthebasedgod|evyerone else knoeck but im so coked out i cant sleep so palying this \n>p1 move uturn\n>p2 move wish\n>chat \u2606FerrousL|better than doomscrolling ig\n>p1 switch 3\n>chat \u2606dartthebasedgod|ye frfr\n>chat \u2606dartthebasedgod|work gunna be shiet monday \n>p1 move earthquake\n>p2 move protect\n>p1 move crunch\n>p2 move wish\n>chat \u2606dartthebasedgod|u be fuckkkkking bitces bro \n>p1 move curse\n>p2 switch 2\n>p1 move crunch\n>p2 move whirlwind\n>p1 move icepunch\n>p2 move bravebird\n>p1 move icepunch\n>p2 move roost\n>p1 move dragondance\n>p2 move roost\n>p1 move liquidation\n>p2 move whirlwind\n>p1 move triplearrows\n>p2 switch 4\n>p1 move triplearrows\n>p2 move drainpunch\n>p2 switch 6\n>p1 move triplearrows\n>p2 move highhorsepower\n>p1 move triplearrows\n>p2 switch 2\n>p1 move triplearrows\n>p2 move psychicnoise\n>forcelose p2", "uploadtime": 1781439779, "views": 4, "formatid": "gen9randombattle", "rating": null, "private": 0, "password": null}