{"id": "gen9randombattle-2632021860", "format": "[Gen 9] Random Battle", "players": ["who is to say", "cuerodeolancho"], "log": "|j|\u2606who is to say\n|j|\u2606cuerodeolancho\n|t:|1781466885\n|gametype|singles\n|player|p1|who is to say|101|2304\n|player|p2|cuerodeolancho|janitor|2185\n|gen|9\n|tier|[Gen 9] Random Battle\n|rated|\n|rule|Species Clause: Limit one of each Pok\u00e9mon\n|rule|HP Percentage Mod: HP is shown in percentages\n|rule|Sleep Clause Mod: Limit one foe put to sleep\n|rule|Illusion Level Mod: Illusion disguises the Pok\u00e9mon's true level\n|\n|t:|1781466885\n|teamsize|p1|6\n|teamsize|p2|6\n|start\n|switch|p1a: Lapras|Lapras, L87, M|367/367\n|switch|p2a: Ogerpon|Ogerpon, L80, F|259/259\n|turn|1\n|inactive|Battle timer is ON: inactive players will automatically lose when time's up. (requested by cuerodeolancho)\n|inactive|who is to say has 120 seconds left.\n|\n|t:|1781466932\n|switch|p2a: Deoxys|Deoxys-Defense, L84|221/221\n|-ability|p2a: Deoxys|Pressure\n|move|p1a: Lapras|Dragon Dance|p1a: Lapras\n|-boost|p1a: Lapras|atk|1\n|-boost|p1a: Lapras|spe|1\n|\n|upkeep\n|turn|2\n|\n|t:|1781466950\n|move|p1a: Lapras|Icicle Spear|p2a: Deoxys\n|-damage|p2a: Deoxys|196/221\n|-damage|p2a: Deoxys|171/221\n|-damage|p2a: Deoxys|147/221\n|-damage|p2a: Deoxys|123/221\n|-hitcount|p2a: Deoxys|4\n|move|p2a: Deoxys|Stealth Rock|p1a: Lapras\n|-sidestart|p1: who is to say|move: Stealth Rock\n|\n|upkeep\n|turn|3\n|j| DikkeBende\n|\n|t:|1781466959\n|move|p1a: Lapras|Dragon Dance|p1a: Lapras\n|-boost|p1a: Lapras|atk|1\n|-boost|p1a: Lapras|spe|1\n|move|p2a: Deoxys|Spikes|p1a: Lapras\n|-sidestart|p1: who is to say|Spikes\n|\n|upkeep\n|turn|4\n|c|\u2606cuerodeolancho|gg\n|\n|t:|1781466967\n|move|p1a: Lapras|Icicle Spear|p2a: Deoxys\n|-damage|p2a: Deoxys|93/221\n|-damage|p2a: Deoxys|62/221\n|-damage|p2a: Deoxys|32/221\n|-damage|p2a: Deoxys|0 fnt\n|faint|p2a: Deoxys\n|-hitcount|p2: Deoxys|4\n|\n|upkeep\n|\n|t:|1781466972\n|switch|p2a: Bellibolt|Bellibolt, L84, F|320/320\n|turn|5\n|\n|t:|1781466977\n|-terastallize|p1a: Lapras|Ground\n|move|p1a: Lapras|Earthquake|p2a: Bellibolt\n|-supereffective|p2a: Bellibolt\n|-damage|p2a: Bellibolt|0 fnt\n|faint|p2a: Bellibolt\n|\n|upkeep\n|inactive|cuerodeolancho has 120 seconds left.\n|\n|t:|1781467011\n|switch|p2a: Ogerpon|Ogerpon, L80, F|259/259\n|turn|6\n|\n|t:|1781467016\n|-terastallize|p2a: Ogerpon|Grass\n|detailschange|p2a: Ogerpon|Ogerpon-Teal-Tera, L80, F, tera:Grass\n|-ability|p2a: Ogerpon|Embody Aspect (Teal)|boost\n|-boost|p2a: Ogerpon|spe|1\n|move|p2a: Ogerpon|Ivy Cudgel|p1a: Lapras\n|-supereffective|p1a: Lapras\n|-damage|p1a: Lapras|0 fnt\n|faint|p1a: Lapras\n|-damage|p2a: Ogerpon|234/259|[from] item: Life Orb\n|\n|upkeep\n|\n|t:|1781467023\n|switch|p1a: Dachsbun|Dachsbun, L92, M|254/254\n|-damage|p1a: Dachsbun|223/254|[from] Stealth Rock\n|-damage|p1a: Dachsbun|192/254|[from] Spikes\n|turn|7\n|\n|t:|1781467028\n|switch|p2a: Serperior|Serperior, L79, M|248/248\n|move|p1a: Dachsbun|Play Rough|p2a: Serperior\n|-crit|p2a: Serperior\n|-damage|p2a: Serperior|109/248\n|\n|-heal|p1a: Dachsbun|207/254|[from] item: Leftovers\n|-heal|p2a: Serperior|124/248|[from] item: Leftovers\n|upkeep\n|turn|8\n|\n|t:|1781467033\n|move|p1a: Dachsbun|Play Rough|p2a: Serperior\n|-damage|p2a: Serperior|27/248\n|move|p2a: Serperior|Substitute|p2a: Serperior\n|-fail|p2a: Serperior|move: Substitute|[weak]\n|\n|-heal|p1a: Dachsbun|222/254|[from] item: Leftovers\n|-heal|p2a: Serperior|42/248|[from] item: Leftovers\n|upkeep\n|turn|9\n|\n|t:|1781467037\n|move|p1a: Dachsbun|Body Press|p2a: Serperior\n|-damage|p2a: Serperior|0 fnt\n|faint|p2a: Serperior\n|\n|-heal|p1a: Dachsbun|237/254|[from] item: Leftovers\n|upkeep\n|\n|t:|1781467040\n|switch|p2a: Flygon|Flygon, L82, M|265/265\n|turn|10\n|\n|t:|1781467042\n|move|p1a: Dachsbun|Play Rough|p2a: Flygon\n|-supereffective|p2a: Flygon\n|-damage|p2a: Flygon|67/265\n|move|p2a: Flygon|Earthquake|p1a: Dachsbun\n|-damage|p1a: Dachsbun|158/254\n|\n|-heal|p1a: Dachsbun|173/254|[from] item: Leftovers\n|upkeep\n|turn|11\n|\n|t:|1781467046\n|move|p1a: Dachsbun|Body Press|p2a: Flygon\n|-damage|p2a: Flygon|0 fnt\n|faint|p2a: Flygon\n|\n|-heal|p1a: Dachsbun|188/254|[from] item: Leftovers\n|upkeep\n|\n|t:|1781467049\n|switch|p2a: Ogerpon|Ogerpon-Teal-Tera, L80, F, tera:Grass|234/259\n|-ability|p2a: Ogerpon|Embody Aspect (Teal)|boost\n|-boost|p2a: Ogerpon|spe|1\n|turn|12\n|\n|t:|1781467051\n|move|p2a: Ogerpon|Ivy Cudgel|p1a: Dachsbun\n|-crit|p1a: Dachsbun\n|-damage|p1a: Dachsbun|0 fnt\n|faint|p1a: Dachsbun\n|-damage|p2a: Ogerpon|209/259|[from] item: Life Orb\n|\n|upkeep\n|\n|t:|1781467055\n|switch|p1a: Bronzong|Bronzong, L88|261/261\n|-damage|p1a: Bronzong|245/261|[from] Stealth Rock\n|turn|13\n|\n|t:|1781467058\n|switch|p2a: Cinderace|Cinderace, L77, M|250/250\n|move|p1a: Bronzong|Iron Head|p2a: Cinderace\n|-resisted|p2a: Cinderace\n|-damage|p2a: Cinderace|196/250\n|\n|upkeep\n|turn|14\n|\n|t:|1781467062\n|switch|p1a: Annihilape|Annihilape, L76, F|292/292\n|-damage|p1a: Annihilape|274/292|[from] Stealth Rock\n|-damage|p1a: Annihilape|238/292|[from] Spikes\n|move|p2a: Cinderace|Pyro Ball|p1a: Annihilape\n|-damage|p1a: Annihilape|90/292\n|\n|-heal|p1a: Annihilape|108/292|[from] item: Leftovers\n|upkeep\n|turn|15\n|\n|t:|1781467064\n|move|p2a: Cinderace|Pyro Ball|p1a: Annihilape\n|-damage|p1a: Annihilape|0 fnt\n|faint|p1a: Annihilape\n|\n|upkeep\n|\n|t:|1781467066\n|switch|p1a: Kingdra|Kingdra, L84, F|263/263\n|-damage|p1a: Kingdra|231/263|[from] Stealth Rock\n|-damage|p1a: Kingdra|199/263|[from] Spikes\n|turn|16\n|\n|t:|1781467068\n|move|p2a: Cinderace|U-turn|p1a: Kingdra\n|-start|p2a: Cinderace|typechange|Bug|[from] ability: Libero\n|-damage|p1a: Kingdra|132/263\n|\n|t:|1781467070\n|switch|p2a: Ogerpon|Ogerpon-Teal-Tera, L80, F, tera:Grass|209/259|[from] U-turn\n|-ability|p2a: Ogerpon|Embody Aspect (Teal)|boost\n|-boost|p2a: Ogerpon|spe|1\n|move|p1a: Kingdra|Rain Dance|p1a: Kingdra\n|-weather|RainDance\n|\n|-weather|RainDance|[upkeep]\n|upkeep\n|turn|17\n|\n|t:|1781467074\n|move|p1a: Kingdra|Hurricane|p2a: Ogerpon\n|-supereffective|p2a: Ogerpon\n|-damage|p2a: Ogerpon|1/259\n|-damage|p1a: Kingdra|106/263|[from] item: Life Orb\n|move|p2a: Ogerpon|Ivy Cudgel|p1a: Kingdra\n|-crit|p1a: Kingdra\n|-damage|p1a: Kingdra|0 fnt\n|faint|p1a: Kingdra\n|-damage|p2a: Ogerpon|0 fnt|[from] item: Life Orb\n|faint|p2a: Ogerpon\n|detailschange|p2: Ogerpon|Ogerpon, L80, F|[silent]\n|\n|-weather|RainDance|[upkeep]\n|upkeep\n|\n|t:|1781467080\n|switch|p2a: Cinderace|Cinderace, L77, M|196/250\n|switch|p1a: Diancie|Diancie, L82|216/216\n|-damage|p1a: Diancie|189/216|[from] Stealth Rock\n|-damage|p1a: Diancie|162/216|[from] Spikes\n|turn|18\n|\n|t:|1781467083\n|move|p2a: Cinderace|Will-O-Wisp|p1a: Diancie\n|-status|p1a: Diancie|brn\n|move|p1a: Diancie|Draining Kiss|p2a: Cinderace\n|-resisted|p2a: Cinderace\n|-damage|p2a: Cinderace|163/250\n|-heal|p1a: Diancie|187/216 brn|[from] drain|[of] p2a: Cinderace\n|\n|-weather|RainDance|[upkeep]\n|-heal|p1a: Diancie|200/216 brn|[from] item: Leftovers\n|-damage|p1a: Diancie|187/216 brn|[from] brn\n|upkeep\n|turn|19\n|\n|t:|1781467089\n|move|p2a: Cinderace|U-turn|p1a: Diancie\n|-start|p2a: Cinderace|typechange|Bug|[from] ability: Libero\n|-resisted|p1a: Diancie\n|-damage|p1a: Diancie|163/216 brn\n|move|p1a: Diancie|Earth Power|p2a: Cinderace\n|-resisted|p2a: Cinderace\n|-crit|p2a: Cinderace\n|-damage|p2a: Cinderace|103/250\n|\n|-weather|RainDance|[upkeep]\n|-heal|p1a: Diancie|176/216 brn|[from] item: Leftovers\n|-damage|p1a: Diancie|163/216 brn|[from] brn\n|upkeep\n|turn|20\n|\n|t:|1781467097\n|move|p2a: Cinderace|Pyro Ball|p1a: Diancie\n|-resisted|p1a: Diancie\n|-damage|p1a: Diancie|150/216 brn\n|move|p1a: Diancie|Diamond Storm|p2a: Cinderace\n|-supereffective|p2a: Cinderace\n|-damage|p2a: Cinderace|0 fnt\n|-boost|p1a: Diancie|def|2\n|faint|p2a: Cinderace\n|\n|win|who is to say\n", "inputlog": ">version a8376a258c1d4662feba110a92103f3664a72141\n>start {\"formatid\":\"gen9randombattle\",\"seed\":\"sodium,0469629b6eb6a8371ae3fcc1e3cea589\",\"rated\":\"Rated battle\"}\n>player p1 {\"name\":\"who is to say\",\"avatar\":\"101\",\"rating\":2304,\"seed\":\"sodium,eb211d1579d5d3959478b19f21564dff\"}\n>player p2 {\"name\":\"cuerodeolancho\",\"avatar\":\"janitor\",\"rating\":2185,\"seed\":\"sodium,96c9c4e0c8b4ad7f51b0000c5c6c5254\"}\n>p1 move dragondance\n>p2 switch 4\n>p1 move iciclespear\n>p2 move stealthrock\n>p1 move dragondance\n>p2 move spikes\n>chat \u2606cuerodeolancho|gg\n>p1 move iciclespear\n>p2 move psychicnoise\n>p2 switch 3\n>p1 move earthquake terastallize\n>p2 move thunderbolt\n>p2 switch 4\n>p1 move iciclespear\n>p2 move ivycudgel terastallize\n>p1 switch 6\n>p1 move playrough\n>p2 switch 5\n>p1 move playrough\n>p2 move substitute\n>p1 move bodypress\n>p2 move leafstorm\n>p2 switch 2\n>p1 move playrough\n>p2 move earthquake\n>p1 move bodypress\n>p2 move earthquake\n>p2 switch 5\n>p1 move playrough\n>p2 move ivycudgel\n>p1 switch 2\n>p1 move ironhead\n>p2 switch 6\n>p1 switch 4\n>p2 move pyroball\n>p1 move ragefist\n>p2 move pyroball\n>p1 switch 5\n>p1 move raindance\n>p2 move uturn\n>p2 switch 6\n>p1 move hurricane\n>p2 move ivycudgel\n>p1 switch 3\n>p2 switch 6\n>p1 move drainingkiss\n>p2 move willowisp\n>p1 move earthpower\n>p2 move uturn\n>p1 move diamondstorm\n>p2 move pyroball", "uploadtime": 1781466886, "views": 4, "formatid": "gen9randombattle", "rating": null, "private": 0, "password": null}