{"id": "gen9randombattle-2631908954", "format": "[Gen 9] Random Battle", "players": ["thatdankcharizard", "1001001sos"], "log": "|j|\u2606thatdankcharizard\n|j|\u26061001001sos\n|t:|1781454516\n|gametype|singles\n|player|p1|thatdankcharizard|266|2052\n|player|p2|1001001sos|pokemonranger|2096\n|gen|9\n|tier|[Gen 9] Random Battle\n|rated|\n|rule|Species Clause: Limit one of each Pok\u00e9mon\n|rule|HP Percentage Mod: HP is shown in percentages\n|rule|Sleep Clause Mod: Limit one foe put to sleep\n|rule|Illusion Level Mod: Illusion disguises the Pok\u00e9mon's true level\n|\n|t:|1781454516\n|teamsize|p1|6\n|teamsize|p2|6\n|start\n|switch|p1a: Charizard|Charizard, L85, M|271/271\n|switch|p2a: Rampardos|Rampardos, L90, M|321/321\n|turn|1\n|\n|t:|1781454522\n|move|p1a: Charizard|Focus Blast|p2a: Rampardos\n|-supereffective|p2a: Rampardos\n|-damage|p2a: Rampardos|37/321\n|move|p2a: Rampardos|Rock Slide|p1a: Charizard\n|-supereffective|p1a: Charizard\n|-damage|p1a: Charizard|0 fnt\n|faint|p1a: Charizard\n|\n|upkeep\n|\n|t:|1781454530\n|switch|p1a: Pachirisu|Pachirisu, L96, F|271/271\n|turn|2\n|\n|t:|1781454538\n|switch|p2a: Raikou|Raikou, L81|278/278\n|-ability|p2a: Raikou|Pressure\n|move|p1a: Pachirisu|Thunderbolt|p2a: Raikou\n|-resisted|p2a: Raikou\n|-damage|p2a: Raikou|245/278\n|\n|upkeep\n|turn|3\n|\n|t:|1781454548\n|move|p1a: Pachirisu|U-turn|p2a: Raikou\n|-damage|p2a: Raikou|204/278\n|\n|t:|1781454549\n|switch|p1a: Sableye|Sableye, L88, F|231/231|[from] U-turn\n|move|p2a: Raikou|Scald|p1a: Sableye\n|-damage|p1a: Sableye|124/231\n|-status|p1a: Sableye|brn\n|\n|-heal|p1a: Sableye|138/231 brn|[from] item: Leftovers\n|-damage|p1a: Sableye|124/231 brn|[from] brn\n|upkeep\n|turn|4\n|\n|t:|1781454555\n|switch|p2a: Rampardos|Rampardos, L90, M|37/321\n|move|p1a: Sableye|Knock Off|p2a: Rampardos\n|-damage|p2a: Rampardos|0 fnt\n|-enditem|p2a: Rampardos|Life Orb|[from] move: Knock Off|[of] p1a: Sableye\n|faint|p2a: Rampardos\n|\n|-heal|p1a: Sableye|138/231 brn|[from] item: Leftovers\n|-damage|p1a: Sableye|124/231 brn|[from] brn\n|upkeep\n|\n|t:|1781454565\n|switch|p2a: Mandibuzz|Mandibuzz, L85, F|326/326\n|turn|5\n|\n|t:|1781454570\n|switch|p1a: Pachirisu|Pachirisu, L96, F|271/271\n|move|p2a: Mandibuzz|Knock Off|p1a: Pachirisu\n|-damage|p1a: Pachirisu|187/271\n|-enditem|p1a: Pachirisu|Assault Vest|[from] move: Knock Off|[of] p2a: Mandibuzz\n|\n|upkeep\n|turn|6\n|\n|t:|1781454578\n|switch|p2a: Raikou|Raikou, L81|204/278\n|-ability|p2a: Raikou|Pressure\n|move|p1a: Pachirisu|Super Fang|p2a: Raikou\n|-damage|p2a: Raikou|102/278\n|\n|upkeep\n|turn|7\n|inactive|Battle timer is ON: inactive players will automatically lose when time's up. (requested by 1001001sos)\n|\n|t:|1781454585\n|move|p1a: Pachirisu|U-turn|p2a: Raikou\n|-damage|p2a: Raikou|54/278\n|\n|t:|1781454589\n|switch|p1a: Gallade|Gallade, L80, M|240/240|[from] U-turn\n|move|p2a: Raikou|Scald|p1a: Gallade\n|-damage|p1a: Gallade|162/240\n|-status|p1a: Gallade|brn\n|\n|-damage|p1a: Gallade|147/240 brn|[from] brn\n|upkeep\n|turn|8\n|\n|t:|1781454602\n|switch|p2a: Mandibuzz|Mandibuzz, L85, F|326/326\n|move|p1a: Gallade|Sacred Sword|p2a: Mandibuzz\n|-damage|p2a: Mandibuzz|232/326\n|-damage|p1a: Gallade|123/240 brn|[from] item: Life Orb\n|\n|-damage|p1a: Gallade|108/240 brn|[from] brn\n|upkeep\n|turn|9\n|\n|t:|1781454609\n|move|p2a: Mandibuzz|Brave Bird|p1a: Gallade\n|-supereffective|p1a: Gallade\n|-damage|p1a: Gallade|0 fnt\n|faint|p1a: Gallade\n|-damage|p2a: Mandibuzz|196/326|[from] Recoil\n|\n|upkeep\n|\n|t:|1781454615\n|switch|p1a: Porygon-Z|Porygon-Z, L83|277/277\n|-ability|p1a: Porygon-Z|Download|boost\n|-boost|p1a: Porygon-Z|spa|1\n|turn|10\n|\n|t:|1781454623\n|switch|p2a: Skarmory|Skarmory, L80, M|235/235\n|move|p1a: Porygon-Z|Ice Beam|p2a: Skarmory\n|-damage|p2a: Skarmory|19/235\n|\n|-heal|p2a: Skarmory|33/235|[from] item: Leftovers\n|upkeep\n|turn|11\n|\n|t:|1781454626\n|move|p1a: Porygon-Z|Ice Beam|p2a: Skarmory\n|-damage|p2a: Skarmory|0 fnt\n|faint|p2a: Skarmory\n|\n|upkeep\n|\n|t:|1781454628\n|switch|p2a: Raikou|Raikou, L81|54/278\n|-ability|p2a: Raikou|Pressure\n|turn|12\n|\n|t:|1781454637\n|move|p2a: Raikou|Scald|p1a: Porygon-Z\n|-damage|p1a: Porygon-Z|176/277\n|-status|p1a: Porygon-Z|brn\n|move|p1a: Porygon-Z|Ice Beam|p2a: Raikou\n|-damage|p2a: Raikou|0 fnt\n|faint|p2a: Raikou\n|\n|-damage|p1a: Porygon-Z|159/277 brn|[from] brn\n|upkeep\n|\n|t:|1781454648\n|switch|p2a: Dondozo|Dondozo, L78, M|362/362\n|turn|13\n|\n|t:|1781454655\n|switch|p1a: Sableye|Sableye, L88, F|124/231 brn\n|move|p2a: Dondozo|Wave Crash|p1a: Sableye\n|-damage|p1a: Sableye|0 fnt\n|faint|p1a: Sableye\n|-damage|p2a: Dondozo|321/362|[from] Recoil\n|\n|-heal|p2a: Dondozo|343/362|[from] item: Leftovers\n|upkeep\n|\n|t:|1781454657\n|switch|p1a: Pachirisu|Pachirisu, L96, F|187/271\n|turn|14\n|\n|t:|1781454667\n|switch|p2a: Brambleghast|Brambleghast, L88, M|240/240\n|move|p1a: Pachirisu|Thunderbolt|p2a: Brambleghast\n|-resisted|p2a: Brambleghast\n|-damage|p2a: Brambleghast|201/240\n|\n|-heal|p2a: Brambleghast|216/240|[from] item: Leftovers\n|upkeep\n|turn|15\n|\n|t:|1781454672\n|move|p1a: Pachirisu|Nuzzle|p2a: Brambleghast\n|-resisted|p2a: Brambleghast\n|-damage|p2a: Brambleghast|207/240\n|-status|p2a: Brambleghast|par\n|move|p2a: Brambleghast|Power Whip|p1a: Pachirisu\n|-damage|p1a: Pachirisu|19/271\n|\n|-heal|p2a: Brambleghast|222/240 par|[from] item: Leftovers\n|upkeep\n|turn|16\n|\n|t:|1781454684\n|move|p1a: Pachirisu|U-turn|p2a: Brambleghast\n|-damage|p2a: Brambleghast|178/240 par\n|\n|t:|1781454685\n|switch|p1a: Chi-Yu|Chi-Yu, L77|211/211|[from] U-turn\n|-ability|p1a: Chi-Yu|Beads of Ruin\n|cant|p2a: Brambleghast|par\n|\n|-heal|p2a: Brambleghast|193/240 par|[from] item: Leftovers\n|upkeep\n|turn|17\n|\n|t:|1781454698\n|-terastallize|p1a: Chi-Yu|Fire\n|move|p1a: Chi-Yu|Flamethrower|p2a: Brambleghast\n|-supereffective|p2a: Brambleghast\n|-damage|p2a: Brambleghast|0 fnt\n|faint|p2a: Brambleghast\n|\n|upkeep\n|\n|t:|1781454703\n|switch|p2a: Dondozo|Dondozo, L78, M|343/362\n|turn|18\n|\n|t:|1781454705\n|switch|p1a: Pachirisu|Pachirisu, L96, F|19/271\n|move|p2a: Dondozo|Wave Crash|p1a: Pachirisu\n|-damage|p1a: Pachirisu|0 fnt\n|faint|p1a: Pachirisu\n|-damage|p2a: Dondozo|337/362|[from] Recoil\n|\n|-heal|p2a: Dondozo|359/362|[from] item: Leftovers\n|upkeep\n|\n|t:|1781454707\n|switch|p1a: Porygon-Z|Porygon-Z, L83|159/277 brn\n|-ability|p1a: Porygon-Z|Download|boost\n|-boost|p1a: Porygon-Z|spa|1\n|turn|19\n|\n|t:|1781454720\n|switch|p2a: Mandibuzz|Mandibuzz, L85, F|196/326\n|move|p1a: Porygon-Z|Thunderbolt|p2a: Mandibuzz\n|-supereffective|p2a: Mandibuzz\n|-damage|p2a: Mandibuzz|0 fnt\n|faint|p2a: Mandibuzz\n|\n|-damage|p1a: Porygon-Z|142/277 brn|[from] brn\n|upkeep\n|\n|t:|1781454728\n|switch|p2a: Dondozo|Dondozo, L78, M|359/362\n|turn|20\n|\n|t:|1781454731\n|-terastallize|p2a: Dondozo|Fairy\n|move|p1a: Porygon-Z|Thunderbolt|p2a: Dondozo\n|-damage|p2a: Dondozo|194/362\n|move|p2a: Dondozo|Wave Crash|p1a: Porygon-Z\n|-damage|p1a: Porygon-Z|4/277 brn\n|-damage|p2a: Dondozo|148/362|[from] Recoil\n|\n|-heal|p2a: Dondozo|170/362|[from] item: Leftovers\n|-damage|p1a: Porygon-Z|0 fnt|[from] brn\n|faint|p1a: Porygon-Z\n|upkeep\n|\n|t:|1781454735\n|switch|p1a: Chi-Yu|Chi-Yu, L77, tera:Fire|211/211\n|-ability|p1a: Chi-Yu|Beads of Ruin\n|turn|21\n|\n|t:|1781454738\n|move|p1a: Chi-Yu|Flamethrower|p2a: Dondozo\n|-damage|p2a: Dondozo|0 fnt\n|faint|p2a: Dondozo\n|\n|win|thatdankcharizard\n", "inputlog": ">version a8376a258c1d4662feba110a92103f3664a72141\n>start {\"formatid\":\"gen9randombattle\",\"seed\":\"sodium,dcf456e3b4a876663714d08081a469cb\",\"rated\":\"Rated battle\"}\n>player p1 {\"name\":\"thatdankcharizard\",\"avatar\":\"266\",\"rating\":2052,\"seed\":\"sodium,85a192a3dfba2df8a8ce4cec81f0065f\"}\n>player p2 {\"name\":\"1001001sos\",\"avatar\":\"pokemonranger\",\"rating\":2096,\"seed\":\"sodium,6689f59b550cc63681f846c14700fe30\"}\n>p1 move focusblast\n>p2 move rockslide\n>p1 switch 4\n>p1 move thunderbolt\n>p2 switch 2\n>p1 move uturn\n>p2 move scald\n>p1 switch 2\n>p1 move knockoff\n>p2 switch 2\n>p2 switch 5\n>p1 switch 2\n>p2 move knockoff\n>p1 move superfang\n>p2 switch 2\n>p1 move uturn\n>p2 move scald\n>p1 switch 6\n>p1 move sacredsword\n>p2 switch 2\n>p1 move sacredsword\n>p2 move bravebird\n>p1 switch 5\n>p1 move icebeam\n>p2 switch 4\n>p1 move icebeam\n>p2 move bodypress\n>p2 switch 2\n>p1 move icebeam\n>p2 move scald\n>p2 switch 3\n>p1 switch 2\n>p2 move wavecrash\n>p1 switch 6\n>p1 move thunderbolt\n>p2 switch 6\n>p1 move nuzzle\n>p2 move powerwhip\n>p1 move uturn\n>p2 move leechseed\n>p1 switch 3\n>p1 move flamethrower terastallize\n>p2 move leechseed\n>p2 switch 6\n>p1 switch 3\n>p2 move wavecrash\n>p1 switch 2\n>p1 move thunderbolt\n>p2 switch 4\n>p2 switch 4\n>p1 move thunderbolt\n>p2 move wavecrash terastallize\n>p1 switch 3\n>p1 move flamethrower\n>p2 move wavecrash", "uploadtime": 1781454519, "views": 8, "formatid": "gen9randombattle", "rating": null, "private": 0, "password": null}