{"id": "gen9randombattle-2631616361", "format": "[Gen 9] Random Battle", "players": ["bluesun000", "Sup1c37"], "log": "|j|\u2606bluesun000\n|j|\u2606Sup1c37\n|t:|1781409385\n|gametype|singles\n|player|p1|bluesun000|palmer|1963\n|player|p2|Sup1c37|pokemaniac|1936\n|gen|9\n|tier|[Gen 9] Random Battle\n|rated|\n|rule|Species Clause: Limit one of each Pok\u00e9mon\n|rule|HP Percentage Mod: HP is shown in percentages\n|rule|Sleep Clause Mod: Limit one foe put to sleep\n|rule|Illusion Level Mod: Illusion disguises the Pok\u00e9mon's true level\n|\n|t:|1781409385\n|teamsize|p1|6\n|teamsize|p2|6\n|start\n|switch|p1a: Oricorio|Oricorio, L84, F|263/263\n|switch|p2a: Trevenant|Trevenant, L89, F|296/296\n|turn|1\n|inactive|Battle timer is ON: inactive players will automatically lose when time's up. (requested by Sup1c37)\n|inactive|bluesun000 also wants the timer to be on.\n|inactive|bluesun000 has 120 seconds left.\n|\n|t:|1781409429\n|switch|p1a: Hatterene|Hatterene, L85, F|236/236\n|switch|p2a: Hippowdon|Hippowdon, L82, F|311/311\n|-weather|Sandstorm|[from] ability: Sand Stream|[of] p2a: Hippowdon\n|\n|-weather|Sandstorm|[upkeep]\n|-damage|p1a: Hatterene|222/236|[from] Sandstorm\n|-heal|p1a: Hatterene|236/236|[from] item: Leftovers\n|upkeep\n|turn|2\n|\n|t:|1781409450\n|move|p2a: Hippowdon|Curse|p2a: Hippowdon\n|-unboost|p2a: Hippowdon|spe|1\n|-boost|p2a: Hippowdon|atk|1\n|-boost|p2a: Hippowdon|def|1\n|move|p1a: Hatterene|Calm Mind|p1a: Hatterene\n|-boost|p1a: Hatterene|spa|1\n|-boost|p1a: Hatterene|spd|1\n|\n|-weather|Sandstorm|[upkeep]\n|-damage|p1a: Hatterene|222/236|[from] Sandstorm\n|-heal|p1a: Hatterene|236/236|[from] item: Leftovers\n|upkeep\n|turn|3\n|\n|t:|1781409468\n|switch|p1a: Volbeat|Volbeat, L90, M|263/263\n|move|p2a: Hippowdon|Earthquake|p1a: Volbeat\n|-resisted|p1a: Volbeat\n|-damage|p1a: Volbeat|179/263\n|\n|-weather|Sandstorm|[upkeep]\n|-damage|p1a: Volbeat|163/263|[from] Sandstorm\n|upkeep\n|turn|4\n|\n|t:|1781409483\n|switch|p2a: Electivire|Electivire, L84, M|263/263\n|move|p1a: Volbeat|Encore||[still]\n|-fail|p1a: Volbeat\n|\n|-weather|Sandstorm|[upkeep]\n|-damage|p2a: Electivire|247/263|[from] Sandstorm\n|-damage|p1a: Volbeat|147/263|[from] Sandstorm\n|upkeep\n|turn|5\n|\n|t:|1781409498\n|move|p2a: Electivire|Supercell Slam|p1a: Volbeat\n|-damage|p1a: Volbeat|0 fnt\n|faint|p1a: Volbeat\n|-damage|p2a: Electivire|221/263|[from] item: Life Orb\n|\n|-weather|none\n|upkeep\n|\n|t:|1781409508\n|switch|p1a: Oricorio|Oricorio, L84, F|263/263\n|turn|6\n|\n|t:|1781409516\n|switch|p2a: Hippowdon|Hippowdon, L82, F|311/311\n|-weather|Sandstorm|[from] ability: Sand Stream|[of] p2a: Hippowdon\n|switch|p1a: Hippowdon|Hippowdon, L82, F|311/311\n|\n|-weather|Sandstorm|[upkeep]\n|upkeep\n|turn|7\n|c|\u2606bluesun000|lol\n|\n|t:|1781409535\n|switch|p2a: Trevenant|Trevenant, L89, F|296/296\n|move|p1a: Hippowdon|Curse|p1a: Hippowdon\n|-unboost|p1a: Hippowdon|spe|1\n|-boost|p1a: Hippowdon|atk|1\n|-boost|p1a: Hippowdon|def|1\n|\n|-weather|Sandstorm|[upkeep]\n|-damage|p2a: Trevenant|278/296|[from] Sandstorm\n|upkeep\n|turn|8\n|inactive|bluesun000 has 120 seconds left.\n|\n|t:|1781409573\n|move|p2a: Trevenant|Wood Hammer|p1a: Hippowdon\n|-supereffective|p1a: Hippowdon\n|-damage|p1a: Hippowdon|82/311\n|-damage|p2a: Trevenant|202/296|[from] Recoil\n|-damage|p2a: Trevenant|173/296|[from] item: Life Orb\n|move|p1a: Hippowdon|Stone Edge|p2a: Trevenant\n|-damage|p2a: Trevenant|56/296\n|\n|-weather|Sandstorm|[upkeep]\n|-damage|p2a: Trevenant|38/296|[from] Sandstorm\n|-heal|p1a: Hippowdon|101/311|[from] item: Leftovers\n|upkeep\n|turn|9\n|\n|t:|1781409588\n|move|p2a: Trevenant|Poltergeist|p1a: Hippowdon\n|-activate|p1a: Hippowdon|move: Poltergeist|Leftovers\n|-damage|p1a: Hippowdon|0 fnt\n|faint|p1a: Hippowdon\n|-damage|p2a: Trevenant|9/296|[from] item: Life Orb\n|\n|-weather|Sandstorm|[upkeep]\n|-damage|p2a: Trevenant|0 fnt|[from] Sandstorm\n|faint|p2a: Trevenant\n|upkeep\n|\n|t:|1781409609\n|switch|p2a: Electivire|Electivire, L84, M|221/263\n|switch|p1a: Empoleon|Empoleon, L84, F|278/278\n|turn|10\n|inactive|bluesun000 has 90 seconds left.\n|\n|t:|1781409650\n|move|p2a: Electivire|Supercell Slam|p1a: Empoleon\n|-supereffective|p1a: Empoleon\n|-damage|p1a: Empoleon|0 fnt\n|faint|p1a: Empoleon\n|-damage|p2a: Electivire|195/263|[from] item: Life Orb\n|\n|-weather|none\n|upkeep\n|\n|t:|1781409655\n|switch|p1a: Typhlosion|Typhlosion-Hisui, L83, F|257/257\n|turn|11\n|\n|t:|1781409669\n|switch|p1a: Oricorio|Oricorio, L84, F|263/263\n|move|p2a: Electivire|Earthquake|p1a: Oricorio\n|-immune|p1a: Oricorio\n|\n|upkeep\n|turn|12\n|\n|t:|1781409681\n|-terastallize|p1a: Oricorio|Ground\n|move|p2a: Electivire|Bulk Up|p2a: Electivire\n|-boost|p2a: Electivire|atk|1\n|-boost|p2a: Electivire|def|1\n|move|p1a: Oricorio|Quiver Dance|p1a: Oricorio\n|-boost|p1a: Oricorio|spa|1\n|-boost|p1a: Oricorio|spd|1\n|-boost|p1a: Oricorio|spe|1\n|\n|upkeep\n|turn|13\n|\n|t:|1781409697\n|-terastallize|p2a: Electivire|Ground\n|move|p1a: Oricorio|Revelation Dance|p2a: Electivire\n|-damage|p2a: Electivire|54/263\n|move|p2a: Electivire|Ice Punch|p1a: Oricorio\n|-supereffective|p1a: Oricorio\n|-damage|p1a: Oricorio|0 fnt\n|faint|p1a: Oricorio\n|-damage|p2a: Electivire|28/263|[from] item: Life Orb\n|\n|upkeep\n|\n|t:|1781409707\n|switch|p1a: Hatterene|Hatterene, L85, F|236/236\n|turn|14\n|\n|t:|1781409715\n|move|p2a: Electivire|Earthquake|p1a: Hatterene\n|-damage|p1a: Hatterene|5/236\n|-damage|p2a: Electivire|2/263|[from] item: Life Orb\n|move|p1a: Hatterene|Draining Kiss|p2a: Electivire\n|-damage|p2a: Electivire|0 fnt\n|-heal|p1a: Hatterene|7/236|[from] drain|[of] p2a: Electivire\n|faint|p2a: Electivire\n|\n|-heal|p1a: Hatterene|21/236|[from] item: Leftovers\n|upkeep\n|\n|t:|1781409723\n|switch|p2a: Arcanine|Arcanine, L84, M|288/288\n|-ability|p2a: Arcanine|Intimidate|boost\n|-unboost|p1a: Hatterene|atk|1\n|turn|15\n|inactive|bluesun000 has 90 seconds left.\n|\n|t:|1781409734\n|move|p2a: Arcanine|Flare Blitz|p1a: Hatterene\n|-crit|p1a: Hatterene\n|-damage|p1a: Hatterene|0 fnt\n|faint|p1a: Hatterene\n|-damage|p2a: Arcanine|281/288|[from] Recoil\n|\n|upkeep\n|\n|t:|1781409737\n|switch|p1a: Typhlosion|Typhlosion-Hisui, L83, F|257/257\n|turn|16\n|\n|t:|1781409745\n|move|p2a: Arcanine|Morning Sun|p2a: Arcanine\n|-heal|p2a: Arcanine|288/288\n|move|p1a: Typhlosion|Substitute|p1a: Typhlosion\n|-start|p1a: Typhlosion|Substitute\n|-damage|p1a: Typhlosion|193/257\n|\n|-heal|p1a: Typhlosion|209/257|[from] item: Leftovers\n|upkeep\n|turn|17\n|\n|t:|1781409759\n|switch|p2a: Hippowdon|Hippowdon, L82, F|311/311\n|-weather|Sandstorm|[from] ability: Sand Stream|[of] p2a: Hippowdon\n|move|p1a: Typhlosion|Calm Mind|p1a: Typhlosion\n|-boost|p1a: Typhlosion|spa|1\n|-boost|p1a: Typhlosion|spd|1\n|\n|-weather|Sandstorm|[upkeep]\n|-damage|p1a: Typhlosion|193/257|[from] Sandstorm\n|-heal|p1a: Typhlosion|209/257|[from] item: Leftovers\n|upkeep\n|turn|18\n|\n|t:|1781409773\n|move|p1a: Typhlosion|Shadow Ball|p2a: Hippowdon\n|-crit|p2a: Hippowdon\n|-damage|p2a: Hippowdon|68/311\n|move|p2a: Hippowdon|Earthquake|p1a: Typhlosion\n|-supereffective|p1a: Typhlosion\n|-end|p1a: Typhlosion|Substitute\n|\n|-weather|Sandstorm|[upkeep]\n|-damage|p1a: Typhlosion|193/257|[from] Sandstorm\n|-heal|p1a: Typhlosion|209/257|[from] item: Leftovers\n|-heal|p2a: Hippowdon|87/311|[from] item: Leftovers\n|upkeep\n|turn|19\n|\n|t:|1781409785\n|switch|p2a: Arcanine|Arcanine, L84, M|288/288\n|-ability|p2a: Arcanine|Intimidate|boost\n|-unboost|p1a: Typhlosion|atk|1\n|move|p1a: Typhlosion|Shadow Ball|p2a: Arcanine\n|-damage|p2a: Arcanine|140/288\n|\n|-weather|Sandstorm|[upkeep]\n|-damage|p2a: Arcanine|122/288|[from] Sandstorm\n|-damage|p1a: Typhlosion|193/257|[from] Sandstorm\n|-heal|p1a: Typhlosion|209/257|[from] item: Leftovers\n|upkeep\n|turn|20\n|\n|t:|1781409800\n|move|p2a: Arcanine|Flare Blitz|p1a: Typhlosion\n|-resisted|p1a: Typhlosion\n|-damage|p1a: Typhlosion|136/257\n|-damage|p2a: Arcanine|98/288|[from] Recoil\n|move|p1a: Typhlosion|Shadow Ball|p2a: Arcanine\n|-damage|p2a: Arcanine|0 fnt\n|faint|p2a: Arcanine\n|\n|-weather|Sandstorm|[upkeep]\n|-damage|p1a: Typhlosion|120/257|[from] Sandstorm\n|-heal|p1a: Typhlosion|136/257|[from] item: Leftovers\n|upkeep\n|\n|t:|1781409824\n|switch|p2a: Gogoat|Gogoat, L88, F|360/360\n|turn|21\n|inactive|bluesun000 has 120 seconds left.\n|\n|t:|1781409856\n|move|p1a: Typhlosion|Substitute|p1a: Typhlosion\n|-start|p1a: Typhlosion|Substitute\n|-damage|p1a: Typhlosion|72/257\n|move|p2a: Gogoat|Earthquake|p1a: Typhlosion\n|-supereffective|p1a: Typhlosion\n|-end|p1a: Typhlosion|Substitute\n|\n|-weather|none\n|-heal|p1a: Typhlosion|88/257|[from] item: Leftovers\n|upkeep\n|turn|22\n|\n|t:|1781409862\n|switch|p2a: Hippowdon|Hippowdon, L82, F|87/311\n|-weather|Sandstorm|[from] ability: Sand Stream|[of] p2a: Hippowdon\n|move|p1a: Typhlosion|Fire Blast|p2a: Hippowdon\n|-damage|p2a: Hippowdon|0 fnt\n|faint|p2a: Hippowdon\n|\n|-weather|Sandstorm|[upkeep]\n|-damage|p1a: Typhlosion|72/257|[from] Sandstorm\n|-heal|p1a: Typhlosion|88/257|[from] item: Leftovers\n|upkeep\n|\n|t:|1781409871\n|switch|p2a: Gogoat|Gogoat, L88, F|360/360\n|turn|23\n|\n|t:|1781409880\n|move|p1a: Typhlosion|Substitute|p1a: Typhlosion\n|-start|p1a: Typhlosion|Substitute\n|-damage|p1a: Typhlosion|24/257\n|move|p2a: Gogoat|Earthquake|p1a: Typhlosion\n|-supereffective|p1a: Typhlosion\n|-end|p1a: Typhlosion|Substitute\n|\n|-weather|Sandstorm|[upkeep]\n|-damage|p1a: Typhlosion|8/257|[from] Sandstorm\n|-damage|p2a: Gogoat|338/360|[from] Sandstorm\n|-heal|p1a: Typhlosion|24/257|[from] item: Leftovers\n|-heal|p2a: Gogoat|360/360|[from] item: Leftovers\n|upkeep\n|turn|24\n|\n|t:|1781409886\n|move|p1a: Typhlosion|Fire Blast|p2a: Gogoat\n|-supereffective|p2a: Gogoat\n|-damage|p2a: Gogoat|0 fnt\n|faint|p2a: Gogoat\n|\n|-weather|Sandstorm|[upkeep]\n|-damage|p1a: Typhlosion|8/257|[from] Sandstorm\n|-heal|p1a: Typhlosion|24/257|[from] item: Leftovers\n|upkeep\n|\n|t:|1781409889\n|switch|p2a: Typhlosion|Typhlosion-Hisui, L83, M|257/257\n|turn|25\n|c|\u2606bluesun000|wow\n|inactive|bluesun000 has 120 seconds left.\n|\n|t:|1781409907\n|move|p2a: Typhlosion|Shadow Ball|p1a: Typhlosion\n|-supereffective|p1a: Typhlosion\n|-damage|p1a: Typhlosion|0 fnt\n|faint|p1a: Typhlosion\n|\n|win|Sup1c37\n", "inputlog": ">version a8376a258c1d4662feba110a92103f3664a72141\n>start {\"formatid\":\"gen9randombattle\",\"seed\":\"sodium,1caf0e80ebdaf0359a5c29745aec7869\",\"rated\":\"Rated battle\"}\n>player p1 {\"name\":\"bluesun000\",\"avatar\":\"palmer\",\"rating\":1963,\"seed\":\"sodium,9fecdbdb9995b332788aef999b0c6952\"}\n>player p2 {\"name\":\"Sup1c37\",\"avatar\":\"pokemaniac\",\"rating\":1936,\"seed\":\"sodium,af35a43c13bbf20f8e19281c34940f1c\"}\n>p1 switch 5\n>p2 switch 2\n>p1 move calmmind\n>p2 move curse\n>p1 switch 6\n>p2 move earthquake\n>p1 move encore\n>p2 switch 6\n>p1 move uturn\n>p2 move supercellslam\n>p1 switch 5\n>p1 switch 3\n>p2 switch 6\n>chat \u2606bluesun000|lol\n>p1 move curse\n>p2 switch 2\n>p1 move stoneedge\n>p2 move woodhammer\n>p1 move slackoff\n>p2 move poltergeist\n>p1 switch 2\n>p2 switch 6\n>p1 move flipturn\n>p2 move supercellslam\n>p1 switch 4\n>p1 switch 3\n>p2 move earthquake\n>p1 move quiverdance terastallize\n>p2 move bulkup\n>p1 move revelationdance\n>p2 move icepunch terastallize\n>p1 switch 6\n>p1 move drainingkiss\n>p2 move earthquake\n>p2 switch 5\n>p1 move psyshock\n>p2 move flareblitz\n>p1 switch 3\n>p1 move substitute\n>p2 move morningsun\n>p1 move calmmind\n>p2 switch 2\n>p1 move shadowball\n>p2 move earthquake\n>p1 move shadowball\n>p2 switch 2\n>p1 move shadowball\n>p2 move flareblitz\n>p2 switch 4\n>p1 move substitute\n>p2 move earthquake\n>p1 move fireblast\n>p2 switch 2\n>p2 switch 2\n>p1 move substitute\n>p2 move earthquake\n>p1 move fireblast\n>p2 move earthquake\n>p2 switch 3\n>chat \u2606bluesun000|wow\n>p1 move shadowball\n>p2 move shadowball", "uploadtime": 1781409386, "views": 6, "formatid": "gen9randombattle", "rating": null, "private": 0, "password": null}