{"id": "gen9randombattle-2631450054", "format": "[Gen 9] Random Battle", "players": ["555v55", "iseeY0shi"], "log": "|j|\u2606555v55\n|j|\u2606iseeY0shi\n|t:|1781386120\n|gametype|singles\n|player|p1|555v55|iris|2045\n|player|p2|iseeY0shi|2|2100\n|gen|9\n|tier|[Gen 9] Random Battle\n|rated|\n|rule|Species Clause: Limit one of each Pok\u00e9mon\n|rule|HP Percentage Mod: HP is shown in percentages\n|rule|Sleep Clause Mod: Limit one foe put to sleep\n|rule|Illusion Level Mod: Illusion disguises the Pok\u00e9mon's true level\n|\n|t:|1781386120\n|teamsize|p1|6\n|teamsize|p2|6\n|start\n|switch|p1a: Bastiodon|Bastiodon, L89, M|252/252\n|switch|p2a: Mienshao|Mienshao, L83, M|244/244\n|turn|1\n|inactive|Battle timer is ON: inactive players will automatically lose when time's up. (requested by iseeY0shi)\n|\n|t:|1781386141\n|switch|p1a: Groudon|Groudon, L72|263/263\n|-weather|SunnyDay|[from] ability: Drought|[of] p1a: Groudon\n|move|p2a: Mienshao|Swords Dance|p2a: Mienshao\n|-boost|p2a: Mienshao|atk|2\n|\n|-weather|SunnyDay|[upkeep]\n|upkeep\n|turn|2\n|\n|t:|1781386160\n|switch|p1a: Azelf|Azelf, L82|257/257\n|move|p2a: Mienshao|Close Combat|p1a: Azelf\n|-resisted|p1a: Azelf\n|-damage|p1a: Azelf|4/257\n|-unboost|p2a: Mienshao|def|1\n|-unboost|p2a: Mienshao|spd|1\n|-damage|p2a: Mienshao|220/244|[from] item: Life Orb\n|\n|-weather|SunnyDay|[upkeep]\n|upkeep\n|turn|3\n|\n|t:|1781386169\n|switch|p2a: Glalie|Glalie, L96, M|309/309\n|move|p1a: Azelf|Explosion|p2a: Glalie\n|-damage|p2a: Glalie|117/309\n|faint|p1a: Azelf\n|\n|-weather|SunnyDay|[upkeep]\n|upkeep\n|\n|t:|1781386176\n|switch|p1a: Pyroar|Pyroar, L88, M|295/295\n|-ability|p1a: Pyroar|Unnerve\n|turn|4\n|\n|t:|1781386188\n|switch|p2a: Urshifu|Urshifu, L74, M|270/270\n|move|p1a: Pyroar|Fire Blast|p2a: Urshifu\n|-damage|p2a: Urshifu|0 fnt\n|faint|p2a: Urshifu\n|\n|-weather|SunnyDay|[upkeep]\n|upkeep\n|\n|t:|1781386194\n|switch|p2a: Charizard|Charizard, L85, M|271/271\n|turn|5\n|\n|t:|1781386198\n|move|p1a: Pyroar|Taunt|p2a: Charizard\n|-start|p2a: Charizard|move: Taunt\n|cant|p2a: Charizard|move: Taunt|Dragon Dance\n|\n|-weather|none\n|upkeep\n|turn|6\n|\n|t:|1781386227\n|switch|p1a: Beartic|Beartic, L91, F|321/321\n|move|p2a: Charizard|Earthquake|p1a: Beartic\n|-damage|p1a: Beartic|251/321\n|\n|upkeep\n|turn|7\n|\n|t:|1781386239\n|move|p2a: Charizard|Flare Blitz|p1a: Beartic\n|-supereffective|p1a: Beartic\n|-damage|p1a: Beartic|27/321\n|-damage|p2a: Charizard|197/271|[from] Recoil\n|move|p1a: Beartic|Icicle Crash|p2a: Charizard\n|-damage|p2a: Charizard|50/271\n|\n|-end|p2a: Charizard|move: Taunt\n|upkeep\n|turn|8\n|\n|t:|1781386246\n|move|p2a: Charizard|Earthquake|p1a: Beartic\n|-damage|p1a: Beartic|0 fnt\n|faint|p1a: Beartic\n|\n|upkeep\n|\n|t:|1781386248\n|switch|p1a: Pyroar|Pyroar, L88, M|295/295\n|-ability|p1a: Pyroar|Unnerve\n|turn|9\n|\n|t:|1781386252\n|move|p1a: Pyroar|Hyper Voice|p2a: Charizard\n|-damage|p2a: Charizard|0 fnt\n|faint|p2a: Charizard\n|\n|upkeep\n|\n|t:|1781386256\n|switch|p2a: Armarouge|Armarouge, L80, F|267/267\n|turn|10\n|\n|t:|1781386270\n|switch|p1a: Groudon|Groudon, L72|263/263\n|-weather|SunnyDay|[from] ability: Drought|[of] p1a: Groudon\n|move|p2a: Armarouge|Armor Cannon|p1a: Groudon\n|-damage|p1a: Groudon|34/263\n|-unboost|p2a: Armarouge|def|1\n|-unboost|p2a: Armarouge|spd|1\n|\n|-weather|SunnyDay|[upkeep]\n|-heal|p1a: Groudon|50/263|[from] item: Leftovers\n|upkeep\n|turn|11\n|\n|t:|1781386283\n|switch|p2a: Glalie|Glalie, L96, M|117/309\n|move|p1a: Groudon|Precipice Blades|p2a: Glalie\n|-damage|p2a: Glalie|0 fnt\n|faint|p2a: Glalie\n|\n|-weather|SunnyDay|[upkeep]\n|-heal|p1a: Groudon|66/263|[from] item: Leftovers\n|upkeep\n|\n|t:|1781386288\n|switch|p2a: Lumineon|Lumineon, L93, F|279/279\n|turn|12\n|\n|t:|1781386303\n|switch|p1a: Bastiodon|Bastiodon, L89, M|252/252\n|move|p2a: Lumineon|Hydro Pump|p1a: Bastiodon\n|-supereffective|p1a: Bastiodon\n|-damage|p1a: Bastiodon|151/252\n|-damage|p2a: Lumineon|252/279|[from] item: Life Orb\n|\n|-weather|SunnyDay|[upkeep]\n|upkeep\n|turn|13\n|\n|t:|1781386318\n|move|p2a: Lumineon|Hydro Pump|p1a: Bastiodon\n|-supereffective|p1a: Bastiodon\n|-damage|p1a: Bastiodon|63/252\n|-damage|p2a: Lumineon|225/279|[from] item: Life Orb\n|move|p1a: Bastiodon|Rest|p1a: Bastiodon\n|-status|p1a: Bastiodon|slp|[from] move: Rest\n|-heal|p1a: Bastiodon|252/252 slp|[silent]\n|-enditem|p1a: Bastiodon|Chesto Berry|[eat]\n|-curestatus|p1a: Bastiodon|slp|[msg]\n|\n|-weather|SunnyDay|[upkeep]\n|upkeep\n|turn|14\n|\n|t:|1781386326\n|move|p2a: Lumineon|Hydro Pump|p1a: Bastiodon|[miss]\n|-miss|p2a: Lumineon|p1a: Bastiodon\n|move|p1a: Bastiodon|Body Press|p2a: Lumineon\n|-damage|p2a: Lumineon|133/279\n|\n|-weather|none\n|upkeep\n|turn|15\n|\n|t:|1781386331\n|switch|p2a: Armarouge|Armarouge, L80, F|267/267\n|move|p1a: Bastiodon|Body Press|p2a: Armarouge\n|-resisted|p2a: Armarouge\n|-damage|p2a: Armarouge|221/267\n|-ability|p2a: Armarouge|Weak Armor|boost\n|-unboost|p2a: Armarouge|def|1\n|-boost|p2a: Armarouge|spe|2\n|\n|upkeep\n|turn|16\n|\n|t:|1781386336\n|move|p2a: Armarouge|Meteor Beam||[still]\n|-prepare|p2a: Armarouge|Meteor Beam\n|-boost|p2a: Armarouge|spa|1\n|-enditem|p2a: Armarouge|Power Herb\n|-anim|p2a: Armarouge|Meteor Beam|p1a: Bastiodon\n|-resisted|p1a: Bastiodon\n|-damage|p1a: Bastiodon|204/252\n|move|p1a: Bastiodon|Foul Play|p2a: Armarouge\n|-supereffective|p2a: Armarouge\n|-damage|p2a: Armarouge|117/267\n|-ability|p2a: Armarouge|Weak Armor|boost\n|-unboost|p2a: Armarouge|def|1\n|-boost|p2a: Armarouge|spe|2\n|\n|upkeep\n|turn|17\n|\n|t:|1781386349\n|-terastallize|p2a: Armarouge|Fire\n|move|p2a: Armarouge|Armor Cannon|p1a: Bastiodon\n|-damage|p1a: Bastiodon|26/252\n|-unboost|p2a: Armarouge|def|1\n|-unboost|p2a: Armarouge|spd|1\n|move|p1a: Bastiodon|Foul Play|p2a: Armarouge\n|-damage|p2a: Armarouge|31/267\n|-ability|p2a: Armarouge|Weak Armor|boost\n|-unboost|p2a: Armarouge|def|1\n|-boost|p2a: Armarouge|spe|2\n|\n|upkeep\n|turn|18\n|\n|t:|1781386362\n|move|p2a: Armarouge|Armor Cannon|p1a: Bastiodon\n|-damage|p1a: Bastiodon|0 fnt\n|-unboost|p2a: Armarouge|def|1\n|-unboost|p2a: Armarouge|spd|1\n|faint|p1a: Bastiodon\n|\n|upkeep\n|\n|t:|1781386373\n|switch|p1a: Pyroar|Pyroar, L88, M|295/295\n|-ability|p1a: Pyroar|Unnerve\n|turn|19\n|\n|t:|1781386378\n|-terastallize|p1a: Pyroar|Fire\n|move|p2a: Armarouge|Psyshock|p1a: Pyroar\n|-damage|p1a: Pyroar|127/295\n|move|p1a: Pyroar|Hyper Voice|p2a: Armarouge\n|-damage|p2a: Armarouge|0 fnt\n|faint|p2a: Armarouge\n|\n|upkeep\n|\n|t:|1781386386\n|switch|p2a: Lumineon|Lumineon, L93, F|133/279\n|turn|20\n|inactive|555v55 has 120 seconds left.\n|\n|t:|1781386426\n|switch|p1a: Groudon|Groudon, L72|66/263\n|-weather|SunnyDay|[from] ability: Drought|[of] p1a: Groudon\n|move|p2a: Lumineon|Hydro Pump|p1a: Groudon|[miss]\n|-miss|p2a: Lumineon|p1a: Groudon\n|\n|-weather|SunnyDay|[upkeep]\n|-heal|p1a: Groudon|82/263|[from] item: Leftovers\n|upkeep\n|turn|21\n|\n|t:|1781386434\n|switch|p1a: Delibird|Delibird, M|252/252\n|move|p2a: Lumineon|Hydro Pump|p1a: Delibird\n|-damage|p1a: Delibird|153/252\n|-damage|p2a: Lumineon|106/279|[from] item: Life Orb\n|\n|-weather|SunnyDay|[upkeep]\n|upkeep\n|turn|22\n|inactive|555v55 has 120 seconds left.\n|\n|t:|1781386443\n|move|p2a: Lumineon|Ice Beam|p1a: Delibird\n|-damage|p1a: Delibird|52/252\n|-damage|p2a: Lumineon|79/279|[from] item: Life Orb\n|move|p1a: Delibird|Brave Bird|p2a: Lumineon\n|-crit|p2a: Lumineon\n|-damage|p2a: Lumineon|0 fnt\n|faint|p2a: Lumineon\n|-damage|p1a: Delibird|26/252|[from] Recoil\n|\n|-weather|SunnyDay|[upkeep]\n|upkeep\n|\n|t:|1781386446\n|switch|p2a: Mienshao|Mienshao, L83, M|244/244\n|turn|23\n|\n|t:|1781386452\n|move|p2a: Mienshao|Swords Dance|p2a: Mienshao\n|-boost|p2a: Mienshao|atk|2\n|move|p1a: Delibird|Brave Bird|p2a: Mienshao\n|-supereffective|p2a: Mienshao\n|-damage|p2a: Mienshao|0 fnt\n|faint|p2a: Mienshao\n|-damage|p1a: Delibird|0 fnt|[from] Recoil\n|faint|p1a: Delibird\n|\n|win|555v55\n", "inputlog": ">version a8376a258c1d4662feba110a92103f3664a72141\n>start {\"formatid\":\"gen9randombattle\",\"seed\":\"sodium,91854f2e497242d7bd640fe9783a9565\",\"rated\":\"Rated battle\"}\n>player p1 {\"name\":\"555v55\",\"avatar\":\"iris\",\"rating\":2045,\"seed\":\"sodium,43ae792ca51c280a8e6032d1f2d2d640\"}\n>player p2 {\"name\":\"iseeY0shi\",\"avatar\":\"2\",\"rating\":2100,\"seed\":\"sodium,9a9480aea6ebbd718992fc2d0ca7ef9b\"}\n>p1 switch 4\n>p2 move swordsdance\n>p1 switch 6\n>p2 move closecombat\n>p1 move explosion\n>p2 switch 5\n>p1 switch 2\n>p1 move fireblast\n>p2 switch 6\n>p2 switch 2\n>p1 move taunt\n>p2 move dragondance\n>p1 switch 3\n>p2 move earthquake\n>p1 move iciclecrash\n>p2 move flareblitz\n>p1 move iciclecrash\n>p2 move earthquake\n>p1 switch 3\n>p1 move hypervoice\n>p2 move earthquake\n>p2 switch 4\n>p1 switch 6\n>p2 move armorcannon\n>p1 move precipiceblades\n>p2 switch 6\n>p2 switch 3\n>p1 switch 4\n>p2 move hydropump\n>p1 move rest\n>p2 move hydropump\n>p1 move bodypress\n>p2 move hydropump\n>p1 move bodypress\n>p2 switch 6\n>p1 move foulplay\n>p2 move meteorbeam\n>p1 move foulplay\n>p2 move armorcannon terastallize\n>p1 move foulplay\n>p2 move armorcannon\n>p1 switch 6\n>p1 move hypervoice terastallize\n>p2 move psyshock\n>p2 switch 6\n>p1 switch 4\n>p2 move hydropump\n>p1 switch 5\n>p2 move hydropump\n>p1 move bravebird\n>p2 move icebeam\n>p2 switch 5\n>p1 move bravebird\n>p2 move swordsdance", "uploadtime": 1781386122, "views": 6, "formatid": "gen9randombattle", "rating": null, "private": 0, "password": null}