{"id": "gen9randombattle-2631956424", "format": "[Gen 9] Random Battle", "players": ["psyrowak", "Medorax41"], "log": "|j|\u2606psyrowak\n|j|\u2606Medorax41\n|t:|1781459725\n|gametype|singles\n|player|p1|psyrowak|hilbert|\n|player|p2|Medorax41|cowgirl|\n|gen|9\n|tier|[Gen 9] Random Battle\n|rule|Species Clause: Limit one of each Pok\u00e9mon\n|rule|HP Percentage Mod: HP is shown in percentages\n|rule|Sleep Clause Mod: Limit one foe put to sleep\n|rule|Illusion Level Mod: Illusion disguises the Pok\u00e9mon's true level\n|\n|t:|1781459725\n|teamsize|p1|6\n|teamsize|p2|6\n|start\n|switch|p1a: Sandy Shocks|Sandy Shocks, L80|267/267\n|switch|p2a: Lucario|Lucario, L84, M|255/255\n|turn|1\n|\n|t:|1781459745\n|switch|p2a: Meganium|Meganium, L90, F|290/290\n|move|p1a: Sandy Shocks|Spikes|p2a: Meganium\n|-sidestart|p2: Medorax41|Spikes\n|\n|upkeep\n|turn|2\n|\n|t:|1781459764\n|-end|p1a: Sandy Shocks|Protosynthesis|[silent]\n|switch|p1a: Yanmega|Yanmega, L82, M|275/275\n|move|p2a: Meganium|Swords Dance|p2a: Meganium\n|-boost|p2a: Meganium|atk|2\n|\n|upkeep\n|turn|3\n|\n|t:|1781459812\n|-terastallize|p1a: Yanmega|Bug\n|-terastallize|p2a: Meganium|Water\n|move|p1a: Yanmega|Bug Buzz|p2a: Meganium\n|-damage|p2a: Meganium|120/290\n|move|p2a: Meganium|Knock Off|p1a: Yanmega\n|-damage|p1a: Yanmega|119/275\n|-enditem|p1a: Yanmega|Choice Specs|[from] move: Knock Off|[of] p2a: Meganium\n|\n|-heal|p2a: Meganium|138/290|[from] item: Leftovers\n|upkeep\n|turn|4\n|\n|t:|1781459831\n|move|p1a: Yanmega|Giga Drain|p2a: Meganium\n|-supereffective|p2a: Meganium\n|-damage|p2a: Meganium|40/290\n|-heal|p1a: Yanmega|168/275|[from] drain|[of] p2a: Meganium\n|move|p2a: Meganium|Knock Off|p1a: Yanmega\n|-damage|p1a: Yanmega|77/275\n|\n|-heal|p2a: Meganium|58/290|[from] item: Leftovers\n|upkeep\n|turn|5\n|\n|t:|1781459849\n|move|p1a: Yanmega|Giga Drain|p2a: Meganium\n|-supereffective|p2a: Meganium\n|-damage|p2a: Meganium|0 fnt\n|-heal|p1a: Yanmega|106/275|[from] drain|[of] p2a: Meganium\n|faint|p2a: Meganium\n|\n|upkeep\n|\n|t:|1781459896\n|switch|p2a: Palossand|Palossand, L89, F|296/296\n|-damage|p2a: Palossand|259/296|[from] Spikes\n|turn|6\n|\n|t:|1781459904\n|move|p1a: Yanmega|Giga Drain|p2a: Palossand\n|-supereffective|p2a: Palossand\n|-damage|p2a: Palossand|133/296\n|-heal|p1a: Yanmega|169/275|[from] drain|[of] p2a: Palossand\n|move|p2a: Palossand|Shadow Ball|p1a: Yanmega\n|-damage|p1a: Yanmega|27/275\n|\n|-heal|p2a: Palossand|151/296|[from] item: Leftovers\n|upkeep\n|turn|7\n|\n|t:|1781459915\n|move|p1a: Yanmega|Giga Drain|p2a: Palossand\n|-supereffective|p2a: Palossand\n|-damage|p2a: Palossand|35/296\n|-heal|p1a: Yanmega|85/275|[from] drain|[of] p2a: Palossand\n|move|p2a: Palossand|Shore Up|p2a: Palossand\n|-heal|p2a: Palossand|183/296\n|\n|-heal|p2a: Palossand|201/296|[from] item: Leftovers\n|upkeep\n|turn|8\n|\n|t:|1781459926\n|switch|p1a: Wugtrio|Wugtrio, L91, M|212/212\n|move|p2a: Palossand|Shadow Ball|p1a: Wugtrio\n|-crit|p1a: Wugtrio\n|-damage|p1a: Wugtrio|44/212\n|\n|-heal|p2a: Palossand|219/296|[from] item: Leftovers\n|upkeep\n|turn|9\n|\n|t:|1781459938\n|move|p1a: Wugtrio|Liquidation|p2a: Palossand\n|-supereffective|p2a: Palossand\n|-damage|p2a: Palossand|0 fnt\n|faint|p2a: Palossand\n|\n|upkeep\n|\n|t:|1781459942\n|switch|p2a: Lucario|Lucario, L84, M|255/255\n|-damage|p2a: Lucario|224/255|[from] Spikes\n|turn|10\n|\n|t:|1781459951\n|move|p1a: Wugtrio|Liquidation|p2a: Lucario\n|-damage|p2a: Lucario|31/255\n|move|p2a: Lucario|Swords Dance|p2a: Lucario\n|-boost|p2a: Lucario|atk|2\n|\n|upkeep\n|turn|11\n|\n|t:|1781459957\n|move|p2a: Lucario|Extreme Speed|p1a: Wugtrio\n|-damage|p1a: Wugtrio|0 fnt\n|-ability|p1a: Wugtrio|Gooey\n|-unboost|p2a: Lucario|spe|1\n|faint|p1a: Wugtrio\n|-damage|p2a: Lucario|6/255|[from] item: Life Orb\n|\n|upkeep\n|\n|t:|1781459967\n|switch|p1a: Lucario|Lucario, L84, M|255/255\n|turn|12\n|\n|t:|1781459971\n|move|p1a: Lucario|Extreme Speed|p2a: Lucario\n|-resisted|p2a: Lucario\n|-damage|p2a: Lucario|0 fnt\n|faint|p2a: Lucario\n|-damage|p1a: Lucario|230/255|[from] item: Life Orb\n|\n|upkeep\n|\n|t:|1781459974\n|switch|p2a: Conkeldurr|Conkeldurr, L80, M|299/299\n|-damage|p2a: Conkeldurr|262/299|[from] Spikes\n|turn|13\n|\n|t:|1781459998\n|switch|p1a: Noivern|Noivern, L82, F|274/274\n|move|p2a: Conkeldurr|Mach Punch|p1a: Noivern\n|-resisted|p1a: Noivern\n|-damage|p1a: Noivern|244/274\n|\n|-status|p2a: Conkeldurr|brn|[from] item: Flame Orb\n|upkeep\n|turn|14\n|\n|t:|1781460017\n|move|p1a: Noivern|Hurricane|p2a: Conkeldurr|[miss]\n|-miss|p1a: Noivern|p2a: Conkeldurr\n|move|p2a: Conkeldurr|Facade|p1a: Noivern\n|-damage|p1a: Noivern|35/274\n|\n|-damage|p2a: Conkeldurr|244/299 brn|[from] brn\n|upkeep\n|turn|15\n|\n|t:|1781460026\n|switch|p2a: Espathra|Espathra, L80, F|283/283\n|-damage|p2a: Espathra|248/283|[from] Spikes\n|move|p1a: Noivern|Hurricane|p2a: Espathra|[miss]\n|-miss|p1a: Noivern|p2a: Espathra\n|\n|upkeep\n|turn|16\n|\n|t:|1781460038\n|move|p1a: Noivern|Hurricane|p2a: Espathra|[miss]\n|-miss|p1a: Noivern|p2a: Espathra\n|move|p2a: Espathra|Lumina Crash|p1a: Noivern\n|-damage|p1a: Noivern|0 fnt\n|faint|p1a: Noivern\n|\n|-ability|p2a: Espathra|Speed Boost|boost\n|-boost|p2a: Espathra|spe|1\n|upkeep\n|\n|t:|1781460050\n|switch|p1a: Morpeko|Morpeko, L88, F|245/245\n|turn|17\n|\n|t:|1781460065\n|switch|p2a: Venomoth|Venomoth, L84, M|255/255\n|move|p1a: Morpeko|Aura Wheel|p2a: Venomoth\n|-damage|p2a: Venomoth|98/255\n|-boost|p1a: Morpeko|spe|1\n|\n|-formechange|p1a: Morpeko|Morpeko-Hangry||[from] ability: Hunger Switch\n|upkeep\n|turn|18\n|\n|t:|1781460077\n|move|p1a: Morpeko|Aura Wheel|p2a: Venomoth\n|-damage|p2a: Venomoth|0 fnt\n|-boost|p1a: Morpeko|spe|1\n|faint|p2a: Venomoth\n|\n|-formechange|p1a: Morpeko|Morpeko||[from] ability: Hunger Switch\n|upkeep\n|\n|t:|1781460082\n|switch|p2a: Conkeldurr|Conkeldurr, L80, M|244/299 brn\n|-damage|p2a: Conkeldurr|207/299 brn|[from] Spikes\n|turn|19\n|\n|t:|1781460097\n|move|p1a: Morpeko|Protect|p1a: Morpeko\n|-singleturn|p1a: Morpeko|Protect\n|move|p2a: Conkeldurr|Mach Punch|p1a: Morpeko\n|-activate|p1a: Morpeko|move: Protect\n|\n|-damage|p2a: Conkeldurr|189/299 brn|[from] brn\n|-formechange|p1a: Morpeko|Morpeko-Hangry||[from] ability: Hunger Switch\n|upkeep\n|turn|20\n|\n|t:|1781460108\n|move|p2a: Conkeldurr|Mach Punch|p1a: Morpeko\n|-supereffective|p1a: Morpeko\n|-damage|p1a: Morpeko|41/245\n|move|p1a: Morpeko|Parting Shot|p2a: Conkeldurr\n|-unboost|p2a: Conkeldurr|atk|1\n|-unboost|p2a: Conkeldurr|spa|1\n|\n|t:|1781460115\n|switch|p1a: Yanmega|Yanmega, L82, M, tera:Bug|85/275|[from] Parting Shot\n|\n|-damage|p2a: Conkeldurr|171/299 brn|[from] brn\n|upkeep\n|turn|21\n|\n|t:|1781460133\n|switch|p1a: Lucario|Lucario, L84, M|230/255\n|move|p2a: Conkeldurr|Facade|p1a: Lucario\n|-resisted|p1a: Lucario\n|-damage|p1a: Lucario|152/255\n|\n|-damage|p2a: Conkeldurr|153/299 brn|[from] brn\n|upkeep\n|turn|22\n|\n|t:|1781460144\n|switch|p2a: Espathra|Espathra, L80, F|248/283\n|-damage|p2a: Espathra|213/283|[from] Spikes\n|move|p1a: Lucario|Extreme Speed|p2a: Espathra\n|-damage|p2a: Espathra|100/283\n|-damage|p1a: Lucario|127/255|[from] item: Life Orb\n|\n|upkeep\n|turn|23\n|\n|t:|1781460153\n|move|p1a: Lucario|Extreme Speed|p2a: Espathra\n|-damage|p2a: Espathra|0 fnt\n|faint|p2a: Espathra\n|-damage|p1a: Lucario|102/255|[from] item: Life Orb\n|\n|upkeep\n|\n|t:|1781460155\n|switch|p2a: Conkeldurr|Conkeldurr, L80, M|153/299 brn\n|-damage|p2a: Conkeldurr|116/299 brn|[from] Spikes\n|turn|24\n|\n|t:|1781460163\n|move|p1a: Lucario|Extreme Speed|p2a: Conkeldurr\n|-damage|p2a: Conkeldurr|33/299 brn\n|-damage|p1a: Lucario|77/255|[from] item: Life Orb\n|move|p2a: Conkeldurr|Mach Punch|p1a: Lucario\n|-supereffective|p1a: Lucario\n|-damage|p1a: Lucario|0 fnt\n|faint|p1a: Lucario\n|\n|-damage|p2a: Conkeldurr|15/299 brn|[from] brn\n|upkeep\n|\n|t:|1781460174\n|switch|p1a: Morpeko|Morpeko, L88, F|41/245\n|turn|25\n|\n|t:|1781460177\n|move|p1a: Morpeko|Protect|p1a: Morpeko\n|-singleturn|p1a: Morpeko|Protect\n|move|p2a: Conkeldurr|Mach Punch|p1a: Morpeko\n|-activate|p1a: Morpeko|move: Protect\n|\n|-damage|p2a: Conkeldurr|0 fnt|[from] brn\n|faint|p2a: Conkeldurr\n|\n|win|psyrowak\n|l|\u2606Medorax41\n|player|p2|\n", "inputlog": ">version a8376a258c1d4662feba110a92103f3664a72141\n>start {\"formatid\":\"gen9randombattle\",\"seed\":\"sodium,7656f70f06fadf86d8fc651a8d06e27d\"}\n>player p1 {\"name\":\"psyrowak\",\"avatar\":\"hilbert\",\"rating\":0,\"seed\":\"sodium,081220cf952cf1e315cbb57b095413bf\"}\n>player p2 {\"name\":\"Medorax41\",\"avatar\":\"cowgirl\",\"rating\":0,\"seed\":\"sodium,9b34ddd0dcbf118a19f407cb5dcea90b\"}\n>p1 move spikes\n>p2 switch 4\n>p1 switch 5\n>p2 move swordsdance\n>p1 move bugbuzz terastallize\n>p2 move knockoff terastallize\n>p1 move gigadrain\n>p2 move knockoff\n>p1 move gigadrain\n>p2 move earthquake\n>p2 switch 2\n>p1 move gigadrain\n>p2 move shadowball\n>p1 move gigadrain\n>p2 move shoreup\n>p1 switch 6\n>p2 move shadowball\n>p1 move liquidation\n>p2 move shadowball\n>p2 switch 4\n>p1 move liquidation\n>p2 move swordsdance\n>p1 move liquidation\n>p2 move extremespeed\n>p1 switch 4\n>p1 move extremespeed\n>p2 move closecombat\n>p2 switch 5\n>p1 switch 3\n>p2 move machpunch\n>p1 move hurricane\n>p2 move facade\n>p1 move hurricane\n>p2 switch 6\n>p1 move hurricane\n>p2 move luminacrash\n>p1 switch 2\n>p1 move aurawheel\n>p2 switch 3\n>p1 move aurawheel\n>p2 move sleeppowder\n>p2 switch 6\n>p1 move protect\n>p2 move machpunch\n>p1 move partingshot\n>p2 move machpunch\n>p1 switch 6\n>p1 switch 3\n>p2 move facade\n>p1 move extremespeed\n>p2 switch 3\n>p1 move extremespeed\n>p2 move dazzlinggleam\n>p2 switch 3\n>p1 move extremespeed\n>p2 move machpunch\n>p1 switch 6\n>p1 move protect\n>p2 move machpunch", "uploadtime": 1781460202, "views": 6, "formatid": "gen9randombattle", "rating": null, "private": 0, "password": null}