{"id": "gen9randombattle-2631676437", "format": "[Gen 9] Random Battle", "players": ["hnrysml", "aarvark2pt0"], "log": "|j|\u2606hnrysml\n|j|\u2606aarvark2pt0\n|t:|1781419732\n|gametype|singles\n|player|p1|hnrysml|birdkeeper-gen4dp|2106\n|player|p2|aarvark2pt0|fisherman-gen4|2202\n|gen|9\n|tier|[Gen 9] Random Battle\n|rated|\n|rule|Species Clause: Limit one of each Pok\u00e9mon\n|rule|HP Percentage Mod: HP is shown in percentages\n|rule|Sleep Clause Mod: Limit one foe put to sleep\n|rule|Illusion Level Mod: Illusion disguises the Pok\u00e9mon's true level\n|\n|t:|1781419732\n|teamsize|p1|6\n|teamsize|p2|6\n|start\n|switch|p1a: Swampert|Swampert, L83, F|302/302\n|switch|p2a: Hydrapple|Hydrapple, L83, M|312/312\n|turn|1\n|c|\u2606hnrysml|glhf\n|c|\u2606aarvark2pt0|u2\n|inactive|Battle timer is ON: inactive players will automatically lose when time's up. (requested by aarvark2pt0)\n|\n|t:|1781419763\n|move|p1a: Swampert|Stealth Rock|p2a: Hydrapple\n|-sidestart|p2: aarvark2pt0|move: Stealth Rock\n|move|p2a: Hydrapple|Nasty Plot|p2a: Hydrapple\n|-boost|p2a: Hydrapple|spa|2\n|\n|upkeep\n|turn|2\n|\n|t:|1781419771\n|switch|p1a: Noivern|Noivern, L82, M|274/274\n|move|p2a: Hydrapple|Fickle Beam|p1a: Noivern\n|-supereffective|p1a: Noivern\n|-damage|p1a: Noivern|0 fnt\n|faint|p1a: Noivern\n|-damage|p2a: Hydrapple|281/312|[from] item: Life Orb\n|\n|upkeep\n|\n|t:|1781419775\n|switch|p1a: Kyurem|Kyurem-White, L73|303/303\n|-ability|p1a: Kyurem|Turboblaze\n|turn|3\n|inactive|aarvark2pt0 has 120 seconds left.\n|inactive|aarvark2pt0 has 90 seconds left.\n|\n|t:|1781419845\n|-terastallize|p2a: Hydrapple|Steel\n|move|p1a: Kyurem|Ice Beam|p2a: Hydrapple\n|-resisted|p2a: Hydrapple\n|-damage|p2a: Hydrapple|179/312\n|move|p2a: Hydrapple|Fickle Beam|p1a: Kyurem\n|-supereffective|p1a: Kyurem\n|-damage|p1a: Kyurem|0 fnt\n|faint|p1a: Kyurem\n|-damage|p2a: Hydrapple|148/312|[from] item: Life Orb\n|\n|upkeep\n|\n|t:|1781419866\n|switch|p1a: Swampert|Swampert, L83, F|302/302\n|turn|4\n|\n|t:|1781419871\n|switch|p2a: Vaporeon|Vaporeon, L86, M|364/364\n|-damage|p2a: Vaporeon|319/364|[from] Stealth Rock\n|move|p1a: Swampert|Earthquake|p2a: Vaporeon\n|-damage|p2a: Vaporeon|178/364\n|\n|-heal|p2a: Vaporeon|200/364|[from] item: Leftovers\n|upkeep\n|turn|5\n|\n|t:|1781419874\n|move|p2a: Vaporeon|Wish|p2a: Vaporeon\n|move|p1a: Swampert|Knock Off|p2a: Vaporeon\n|-damage|p2a: Vaporeon|108/364\n|-enditem|p2a: Vaporeon|Leftovers|[from] move: Knock Off|[of] p1a: Swampert\n|\n|upkeep\n|turn|6\n|\n|t:|1781419877\n|move|p2a: Vaporeon|Protect|p2a: Vaporeon\n|-singleturn|p2a: Vaporeon|Protect\n|move|p1a: Swampert|Yawn|p2a: Vaporeon\n|-activate|p2a: Vaporeon|move: Protect\n|\n|-heal|p2a: Vaporeon|290/364|[from] move: Wish|[wisher] Vaporeon\n|upkeep\n|turn|7\n|\n|t:|1781419880\n|move|p2a: Vaporeon|Wish|p2a: Vaporeon\n|move|p1a: Swampert|Yawn|p2a: Vaporeon\n|-start|p2a: Vaporeon|move: Yawn|[of] p1a: Swampert\n|\n|upkeep\n|turn|8\n|\n|t:|1781419882\n|move|p2a: Vaporeon|Scald|p1a: Swampert\n|-damage|p1a: Swampert|208/302\n|move|p1a: Swampert|Yawn||[still]\n|-fail|p1a: Swampert\n|\n|-heal|p2a: Vaporeon|364/364|[from] move: Wish|[wisher] Vaporeon\n|-heal|p1a: Swampert|226/302|[from] item: Leftovers\n|-end|p2a: Vaporeon|move: Yawn|[silent]\n|-status|p2a: Vaporeon|slp\n|upkeep\n|turn|9\n|\n|t:|1781419891\n|cant|p2a: Vaporeon|slp\n|move|p1a: Swampert|Earthquake|p2a: Vaporeon\n|-damage|p2a: Vaporeon|216/364 slp\n|\n|-heal|p1a: Swampert|244/302|[from] item: Leftovers\n|upkeep\n|turn|10\n|\n|t:|1781419894\n|cant|p2a: Vaporeon|slp\n|move|p1a: Swampert|Earthquake|p2a: Vaporeon\n|-crit|p2a: Vaporeon\n|-damage|p2a: Vaporeon|0 fnt\n|faint|p2a: Vaporeon\n|\n|-heal|p1a: Swampert|262/302|[from] item: Leftovers\n|upkeep\n|\n|t:|1781419902\n|switch|p2a: Hariyama|Hariyama, L87, F|392/392\n|-damage|p2a: Hariyama|368/392|[from] Stealth Rock\n|turn|11\n|\n|t:|1781419908\n|move|p2a: Hariyama|Fake Out|p1a: Swampert\n|-damage|p1a: Swampert|227/302\n|cant|p1a: Swampert|flinch\n|\n|-heal|p1a: Swampert|245/302|[from] item: Leftovers\n|-status|p2a: Hariyama|brn|[from] item: Flame Orb\n|upkeep\n|turn|12\n|\n|t:|1781419915\n|move|p1a: Swampert|Earthquake|p2a: Hariyama\n|-damage|p2a: Hariyama|221/392 brn\n|move|p2a: Hariyama|Close Combat|p1a: Swampert\n|-damage|p1a: Swampert|0 fnt\n|-unboost|p2a: Hariyama|def|1\n|-unboost|p2a: Hariyama|spd|1\n|faint|p1a: Swampert\n|\n|-damage|p2a: Hariyama|197/392 brn|[from] brn\n|upkeep\n|\n|t:|1781419924\n|switch|p1a: Bisharp|Bisharp, L79, M|232/232\n|turn|13\n|j| AlexMXVGC\n|l| AlexMXVGC\n|\n|t:|1781419934\n|switch|p2a: Hydrapple|Hydrapple, L83, M, tera:Steel|252/312\n|-damage|p2a: Hydrapple|233/312|[from] Stealth Rock\n|move|p1a: Bisharp|Iron Head|p2a: Hydrapple\n|-resisted|p2a: Hydrapple\n|-damage|p2a: Hydrapple|192/312\n|\n|upkeep\n|turn|14\n|\n|t:|1781419937\n|move|p1a: Bisharp|Swords Dance|p1a: Bisharp\n|-boost|p1a: Bisharp|atk|2\n|move|p2a: Hydrapple|Earth Power|p1a: Bisharp\n|-supereffective|p1a: Bisharp\n|-damage|p1a: Bisharp|79/232\n|-damage|p2a: Hydrapple|161/312|[from] item: Life Orb\n|\n|upkeep\n|turn|15\n|\n|t:|1781419944\n|switch|p2a: Hariyama|Hariyama, L87, F|197/392 brn\n|-damage|p2a: Hariyama|173/392 brn|[from] Stealth Rock\n|move|p1a: Bisharp|Throat Chop|p2a: Hariyama\n|-resisted|p2a: Hariyama\n|-damage|p2a: Hariyama|64/392 brn\n|-start|p2a: Hariyama|Throat Chop|[silent]\n|\n|-damage|p2a: Hariyama|40/392 brn|[from] brn\n|upkeep\n|turn|16\n|\n|t:|1781419947\n|move|p2a: Hariyama|Fake Out|p1a: Bisharp\n|-resisted|p1a: Bisharp\n|-damage|p1a: Bisharp|61/232\n|cant|p1a: Bisharp|flinch\n|\n|-damage|p2a: Hariyama|16/392 brn|[from] brn\n|-end|p2a: Hariyama|Throat Chop|[silent]\n|upkeep\n|turn|17\n|\n|t:|1781419950\n|move|p1a: Bisharp|Throat Chop|p2a: Hariyama\n|-resisted|p2a: Hariyama\n|-damage|p2a: Hariyama|0 fnt\n|faint|p2a: Hariyama\n|\n|upkeep\n|\n|t:|1781419953\n|switch|p2a: Electivire|Electivire, L84, M|263/263\n|-damage|p2a: Electivire|231/263|[from] Stealth Rock\n|turn|18\n|\n|t:|1781419955\n|move|p1a: Bisharp|Sucker Punch|p2a: Electivire\n|-damage|p2a: Electivire|33/263\n|move|p2a: Electivire|Earthquake|p1a: Bisharp\n|-supereffective|p1a: Bisharp\n|-damage|p1a: Bisharp|0 fnt\n|faint|p1a: Bisharp\n|-damage|p2a: Electivire|7/263|[from] item: Life Orb\n|\n|upkeep\n|\n|t:|1781419957\n|switch|p1a: Clodsire|Clodsire, L81, F|343/343\n|turn|19\n|\n|t:|1781419962\n|move|p2a: Electivire|Knock Off|p1a: Clodsire\n|-damage|p1a: Clodsire|195/343\n|-enditem|p1a: Clodsire|Leftovers|[from] move: Knock Off|[of] p2a: Electivire\n|-damage|p2a: Electivire|0 fnt|[from] item: Life Orb\n|faint|p2a: Electivire\n|move|p1a: Clodsire|Recover|p1a: Clodsire\n|-heal|p1a: Clodsire|343/343\n|\n|upkeep\n|\n|t:|1781419967\n|switch|p2a: Hydrapple|Hydrapple, L83, M, tera:Steel|265/312\n|-damage|p2a: Hydrapple|246/312|[from] Stealth Rock\n|turn|20\n|\n|t:|1781419970\n|move|p2a: Hydrapple|Earth Power|p1a: Clodsire\n|-supereffective|p1a: Clodsire\n|-damage|p1a: Clodsire|171/343\n|-damage|p2a: Hydrapple|215/312|[from] item: Life Orb\n|move|p1a: Clodsire|Earthquake|p2a: Hydrapple\n|-supereffective|p2a: Hydrapple\n|-damage|p2a: Hydrapple|71/312\n|\n|upkeep\n|turn|21\n|\n|t:|1781419973\n|move|p2a: Hydrapple|Earth Power|p1a: Clodsire\n|-supereffective|p1a: Clodsire\n|-damage|p1a: Clodsire|0 fnt\n|faint|p1a: Clodsire\n|-damage|p2a: Hydrapple|40/312|[from] item: Life Orb\n|\n|upkeep\n|\n|t:|1781419975\n|switch|p1a: Ceruledge|Ceruledge, L78, M|245/245\n|turn|22\n|\n|t:|1781419978\n|move|p1a: Ceruledge|Swords Dance|p1a: Ceruledge\n|-boost|p1a: Ceruledge|atk|2\n|move|p2a: Hydrapple|Fickle Beam|p1a: Ceruledge\n|-damage|p1a: Ceruledge|127/245\n|-damage|p2a: Hydrapple|9/312|[from] item: Life Orb\n|\n|upkeep\n|turn|23\n|\n|t:|1781419980\n|move|p1a: Ceruledge|Bitter Blade|p2a: Hydrapple\n|-supereffective|p2a: Hydrapple\n|-damage|p2a: Hydrapple|0 fnt\n|-heal|p1a: Ceruledge|132/245|[from] drain|[of] p2a: Hydrapple\n|faint|p2a: Hydrapple\n|\n|upkeep\n|\n|t:|1781419984\n|switch|p2a: Crawdaunt|Crawdaunt, L84, F|219/219\n|-damage|p2a: Crawdaunt|192/219|[from] Stealth Rock\n|turn|24\n|\n|t:|1781419993\n|-terastallize|p1a: Ceruledge|Fighting\n|move|p2a: Crawdaunt|Bitter Malice|p1a: Ceruledge\n|-damage|p1a: Ceruledge|19/245\n|-unboost|p1a: Ceruledge|atk|1\n|-damage|p2a: Crawdaunt|171/219|[from] item: Life Orb\n|move|p1a: Ceruledge|Bitter Blade|p2a: Crawdaunt\n|-damage|p2a: Crawdaunt|0 fnt\n|-heal|p1a: Ceruledge|105/245|[from] drain|[of] p2a: Crawdaunt\n|replace|p2a: Zoroark|Zoroark-Hisui, L80, F\n|-end|p2a: Zoroark|Illusion\n|-hint|Illusion Level Mod is active, so this Pok\u00e9mon's true level was hidden.\n|faint|p2a: Zoroark\n|\n|upkeep\n|\n|t:|1781420004\n|switch|p2a: Crawdaunt|Crawdaunt, L84, F|243/243\n|-damage|p2a: Crawdaunt|213/243|[from] Stealth Rock\n|turn|25\n|\n|t:|1781420007\n|move|p2a: Crawdaunt|Aqua Jet|p1a: Ceruledge\n|-damage|p1a: Ceruledge|6/245\n|-ability|p1a: Ceruledge|Weak Armor|boost\n|-unboost|p1a: Ceruledge|def|1\n|-boost|p1a: Ceruledge|spe|2\n|-damage|p2a: Crawdaunt|189/243|[from] item: Life Orb\n|move|p1a: Ceruledge|Close Combat|p2a: Crawdaunt\n|-supereffective|p2a: Crawdaunt\n|-damage|p2a: Crawdaunt|0 fnt\n|-unboost|p1a: Ceruledge|def|1\n|-unboost|p1a: Ceruledge|spd|1\n|faint|p2a: Crawdaunt\n|\n|win|hnrysml\n|raw|hnrysml's rating: 2106 &rarr; <strong>2131</strong><br />(+25 for winning)\n|raw|aarvark2pt0's rating: 2202 &rarr; <strong>2177</strong><br />(-25 for losing)\n", "inputlog": ">version a8376a258c1d4662feba110a92103f3664a72141\n>start {\"formatid\":\"gen9randombattle\",\"seed\":\"sodium,363db8851a456a23c785240d47a5347a\",\"rated\":\"Rated battle\"}\n>player p1 {\"name\":\"hnrysml\",\"avatar\":\"birdkeeper-gen4dp\",\"rating\":2106,\"seed\":\"sodium,385b6d8b785315d564ebc6f00f7b3a16\"}\n>player p2 {\"name\":\"aarvark2pt0\",\"avatar\":\"fisherman-gen4\",\"rating\":2202,\"seed\":\"sodium,4228061e8496b151254cedcd2e378412\"}\n>chat \u2606hnrysml|glhf\n>chat \u2606aarvark2pt0|u2\n>p1 move stealthrock\n>p2 move nastyplot\n>p1 switch 6\n>p2 move ficklebeam\n>p1 switch 4\n>p1 move icebeam\n>p2 move ficklebeam terastallize\n>p1 switch 6\n>p1 move earthquake\n>p2 switch 6\n>p1 move knockoff\n>p2 move wish\n>p1 move yawn\n>p2 move protect\n>p1 move yawn\n>p2 move wish\n>p1 move yawn\n>p2 move scald\n>p1 move earthquake\n>p2 move scald\n>p1 move earthquake\n>p2 move scald\n>p2 switch 4\n>p1 move yawn\n>p2 move fakeout\n>p1 move earthquake\n>p2 move closecombat\n>p1 switch 5\n>p1 move ironhead\n>p2 switch 6\n>p1 move swordsdance\n>p2 move earthpower\n>p1 move throatchop\n>p2 switch 6\n>p1 move throatchop\n>p2 move fakeout\n>p1 move throatchop\n>p2 move closecombat\n>p2 switch 5\n>p1 move suckerpunch\n>p2 move earthquake\n>p1 switch 3\n>p1 move recover\n>p2 move knockoff\n>p2 switch 6\n>p1 move earthquake\n>p2 move earthpower\n>p1 move earthquake\n>p2 move earthpower\n>p1 switch 2\n>p1 move swordsdance\n>p2 move ficklebeam\n>p1 move bitterblade\n>p2 move gigadrain\n>p2 switch 2\n>p1 move bitterblade terastallize\n>p2 move bittermalice\n>p2 switch 3\n>p1 move closecombat\n>p2 move aquajet", "uploadtime": 1781420007, "views": 4, "formatid": "gen9randombattle", "rating": 2131, "private": 0, "password": null}