{"id": "gen9randombattle-2631814322", "format": "[Gen 9] Random Battle", "players": ["Mastersatanr", "gggzsms"], "log": "|j|\u2606Mastersatanr\n|j|\u2606gggzsms\n|t:|1781443511\n|gametype|singles\n|player|p1|Mastersatanr|acetrainer-gen2|1994\n|player|p2|gggzsms|janitor|1938\n|gen|9\n|tier|[Gen 9] Random Battle\n|rated|\n|rule|Species Clause: Limit one of each Pok\u00e9mon\n|rule|HP Percentage Mod: HP is shown in percentages\n|rule|Sleep Clause Mod: Limit one foe put to sleep\n|rule|Illusion Level Mod: Illusion disguises the Pok\u00e9mon's true level\n|\n|t:|1781443511\n|teamsize|p1|6\n|teamsize|p2|6\n|start\n|switch|p1a: Orthworm|Orthworm, L88, M|266/266\n|switch|p2a: Flygon|Flygon, L82, F|265/265\n|turn|1\n|inactive|Battle timer is ON: inactive players will automatically lose when time's up. (requested by gggzsms)\n|\n|t:|1781443518\n|move|p2a: Flygon|U-turn|p1a: Orthworm\n|-resisted|p1a: Orthworm\n|-damage|p1a: Orthworm|251/266\n|\n|t:|1781443520\n|switch|p2a: Heatran|Heatran, L79, F|273/273|[from] U-turn\n|-item|p2a: Heatran|Air Balloon\n|move|p1a: Orthworm|Coil|p1a: Orthworm\n|-boost|p1a: Orthworm|atk|1\n|-boost|p1a: Orthworm|def|1\n|-boost|p1a: Orthworm|accuracy|1\n|\n|upkeep\n|turn|2\n|\n|t:|1781443528\n|-terastallize|p1a: Orthworm|Fighting\n|move|p2a: Heatran|Lava Plume|p1a: Orthworm\n|-damage|p1a: Orthworm|128/266\n|move|p1a: Orthworm|Body Press|p2a: Heatran\n|-supereffective|p2a: Heatran\n|-damage|p2a: Heatran|0 fnt\n|-enditem|p2a: Heatran|Air Balloon\n|faint|p2a: Heatran\n|\n|upkeep\n|\n|t:|1781443536\n|switch|p2a: Latios|Latios, L78, M|253/253\n|turn|3\n|\n|t:|1781443538\n|switch|p1a: Incineroar|Incineroar, L82, M|290/290\n|-ability|p1a: Incineroar|Intimidate|boost\n|-unboost|p2a: Latios|atk|1\n|move|p2a: Latios|Luster Purge|p1a: Incineroar\n|-immune|p1a: Incineroar\n|\n|upkeep\n|turn|4\n|\n|t:|1781443541\n|switch|p2a: Flygon|Flygon, L82, F|265/265\n|move|p1a: Incineroar|Parting Shot|p2a: Flygon\n|-unboost|p2a: Flygon|atk|1\n|-unboost|p2a: Flygon|spa|1\n|\n|t:|1781443543\n|switch|p1a: Orthworm|Orthworm, L88, M, tera:Fighting|128/266|[from] Parting Shot\n|\n|upkeep\n|turn|5\n|\n|t:|1781443545\n|move|p2a: Flygon|U-turn|p1a: Orthworm\n|-resisted|p1a: Orthworm\n|-damage|p1a: Orthworm|119/266\n|\n|t:|1781443547\n|switch|p2a: Latios|Latios, L78, M|253/253|[from] U-turn\n|move|p1a: Orthworm|Rest|p1a: Orthworm\n|-status|p1a: Orthworm|slp|[from] move: Rest\n|-heal|p1a: Orthworm|266/266 slp|[silent]\n|-enditem|p1a: Orthworm|Chesto Berry|[eat]\n|-curestatus|p1a: Orthworm|slp|[msg]\n|\n|upkeep\n|turn|6\n|\n|t:|1781443550\n|switch|p1a: Incineroar|Incineroar, L82, M|290/290\n|-ability|p1a: Incineroar|Intimidate|boost\n|-unboost|p2a: Latios|atk|1\n|move|p2a: Latios|Flip Turn|p1a: Incineroar\n|-supereffective|p1a: Incineroar\n|-damage|p1a: Incineroar|242/290\n|\n|t:|1781443552\n|switch|p2a: Flygon|Flygon, L82, F|265/265|[from] Flip Turn\n|\n|upkeep\n|turn|7\n|\n|t:|1781443556\n|switch|p1a: Orthworm|Orthworm, L88, M, tera:Fighting|266/266\n|move|p2a: Flygon|Earthquake|p1a: Orthworm\n|-immune|p1a: Orthworm|[from] ability: Earth Eater\n|\n|upkeep\n|turn|8\n|\n|t:|1781443562\n|switch|p2a: Wo-Chien|Wo-Chien, L83|277/277\n|-ability|p2a: Wo-Chien|Tablets of Ruin\n|move|p1a: Orthworm|Iron Tail|p2a: Wo-Chien|[miss]\n|-miss|p1a: Orthworm|p2a: Wo-Chien\n|\n|upkeep\n|turn|9\n|\n|t:|1781443566\n|move|p1a: Orthworm|Body Press|p2a: Wo-Chien\n|-supereffective|p2a: Wo-Chien\n|-damage|p2a: Wo-Chien|91/277\n|move|p2a: Wo-Chien|Leech Seed|p1a: Orthworm\n|-start|p1a: Orthworm|move: Leech Seed\n|\n|-heal|p2a: Wo-Chien|108/277|[from] item: Leftovers\n|-damage|p1a: Orthworm|233/266|[from] Leech Seed|[of] p2a: Wo-Chien\n|-heal|p2a: Wo-Chien|141/277|[silent]\n|upkeep\n|turn|10\n|\n|t:|1781443570\n|switch|p1a: Incineroar|Incineroar, L82, M|242/290\n|-ability|p1a: Incineroar|Intimidate|boost\n|-unboost|p2a: Wo-Chien|atk|1\n|move|p2a: Wo-Chien|Protect||[still]\n|-fail|p2a: Wo-Chien\n|\n|-heal|p2a: Wo-Chien|158/277|[from] item: Leftovers\n|upkeep\n|turn|11\n|\n|t:|1781443576\n|switch|p2a: Flygon|Flygon, L82, F|265/265\n|move|p1a: Incineroar|Flare Blitz|p2a: Flygon\n|-resisted|p2a: Flygon\n|-damage|p2a: Flygon|185/265\n|-damage|p1a: Incineroar|216/290|[from] Recoil\n|\n|upkeep\n|turn|12\n|\n|t:|1781443581\n|move|p2a: Flygon|U-turn|p1a: Incineroar\n|-damage|p1a: Incineroar|171/290\n|\n|t:|1781443583\n|switch|p2a: Wo-Chien|Wo-Chien, L83|158/277|[from] U-turn\n|-ability|p2a: Wo-Chien|Tablets of Ruin\n|move|p1a: Incineroar|Parting Shot|p2a: Wo-Chien\n|-unboost|p2a: Wo-Chien|atk|1\n|-unboost|p2a: Wo-Chien|spa|1\n|\n|t:|1781443587\n|switch|p1a: Orthworm|Orthworm, L88, M, tera:Fighting|233/266|[from] Parting Shot\n|\n|-heal|p2a: Wo-Chien|175/277|[from] item: Leftovers\n|upkeep\n|turn|13\n|\n|t:|1781443592\n|move|p1a: Orthworm|Body Press|p2a: Wo-Chien\n|-supereffective|p2a: Wo-Chien\n|-damage|p2a: Wo-Chien|5/277\n|move|p2a: Wo-Chien|Ruination|p1a: Orthworm\n|-damage|p1a: Orthworm|117/266\n|\n|-heal|p2a: Wo-Chien|22/277|[from] item: Leftovers\n|upkeep\n|turn|14\n|\n|t:|1781443595\n|move|p1a: Orthworm|Body Press|p2a: Wo-Chien\n|-supereffective|p2a: Wo-Chien\n|-damage|p2a: Wo-Chien|0 fnt\n|faint|p2a: Wo-Chien\n|\n|upkeep\n|\n|t:|1781443597\n|switch|p2a: Latios|Latios, L78, M|253/253\n|turn|15\n|\n|t:|1781443600\n|switch|p1a: Incineroar|Incineroar, L82, M|171/290\n|-ability|p1a: Incineroar|Intimidate|boost\n|-unboost|p2a: Latios|atk|1\n|move|p2a: Latios|Aura Sphere|p1a: Incineroar\n|-supereffective|p1a: Incineroar\n|-damage|p1a: Incineroar|0 fnt\n|faint|p1a: Incineroar\n|\n|upkeep\n|\n|t:|1781443611\n|switch|p1a: Leafeon|Leafeon, L88, F|258/258\n|turn|16\n|-message|gggzsms forfeited.\n|\n|win|Mastersatanr\n", "uploadtime": 1781443513, "views": 3, "formatid": "gen9randombattle", "rating": null, "private": 0, "password": null}