{"id": "gen9randombattle-2631617951", "format": "[Gen 9] Random Battle", "players": ["recebill", "jsjsiis"], "log": "|j|\u2606recebill\n|j|\u2606jsjsiis\n|t:|1781409631\n|gametype|singles\n|player|p1|recebill|266|1931\n|player|p2|jsjsiis|1|1904\n|gen|9\n|tier|[Gen 9] Random Battle\n|rated|\n|rule|Species Clause: Limit one of each Pok\u00e9mon\n|rule|HP Percentage Mod: HP is shown in percentages\n|rule|Sleep Clause Mod: Limit one foe put to sleep\n|rule|Illusion Level Mod: Illusion disguises the Pok\u00e9mon's true level\n|\n|t:|1781409631\n|teamsize|p1|6\n|teamsize|p2|6\n|start\n|switch|p1a: Farigiraf|Farigiraf, L90, M|362/362\n|switch|p2a: Arboliva|Arboliva, L91, M|290/290\n|turn|1\n|inactive|Battle timer is ON: inactive players will automatically lose when time's up. (requested by jsjsiis)\n|\n|t:|1781409639\n|switch|p2a: Kricketune|Kricketune, L99, F|312/312\n|move|p1a: Farigiraf|Psychic Noise|p2a: Kricketune\n|-damage|p2a: Kricketune|194/312\n|-start|p2a: Kricketune|move: Heal Block\n|\n|upkeep\n|turn|2\n|\n|t:|1781409666\n|switch|p1a: Bastiodon|Bastiodon, L89, M|252/252\n|move|p2a: Kricketune|Pounce|p1a: Bastiodon\n|-resisted|p1a: Bastiodon\n|-damage|p1a: Bastiodon|222/252\n|-unboost|p1a: Bastiodon|spe|1\n|\n|-end|p2a: Kricketune|move: Heal Block\n|upkeep\n|turn|3\n|\n|t:|1781409669\n|move|p2a: Kricketune|Taunt|p1a: Bastiodon\n|-start|p1a: Bastiodon|move: Taunt\n|cant|p1a: Bastiodon|move: Taunt|Iron Defense\n|\n|upkeep\n|turn|4\n|\n|t:|1781409675\n|move|p2a: Kricketune|Sticky Web|p1a: Bastiodon\n|-sidestart|p1: recebill|move: Sticky Web\n|move|p1a: Bastiodon|Body Press|p2a: Kricketune\n|-resisted|p2a: Kricketune\n|-damage|p2a: Kricketune|129/312\n|\n|upkeep\n|turn|5\n|\n|t:|1781409678\n|move|p2a: Kricketune|Knock Off|p1a: Bastiodon\n|-damage|p1a: Bastiodon|173/252\n|-enditem|p1a: Bastiodon|Chesto Berry|[from] move: Knock Off|[of] p2a: Kricketune\n|move|p1a: Bastiodon|Body Press|p2a: Kricketune\n|-resisted|p2a: Kricketune\n|-damage|p2a: Kricketune|63/312\n|\n|-end|p1a: Bastiodon|move: Taunt\n|upkeep\n|turn|6\n|\n|t:|1781409687\n|switch|p2a: Gliscor|Gliscor, L76, F|239/239\n|move|p1a: Bastiodon|Rest|p1a: Bastiodon\n|-status|p1a: Bastiodon|slp|[from] move: Rest\n|-heal|p1a: Bastiodon|252/252 slp|[silent]\n|\n|-status|p2a: Gliscor|tox|[from] item: Toxic Orb\n|upkeep\n|turn|7\n|\n|t:|1781409718\n|move|p2a: Gliscor|Earthquake|p1a: Bastiodon\n|-supereffective|p1a: Bastiodon\n|-damage|p1a: Bastiodon|48/252 slp\n|cant|p1a: Bastiodon|slp\n|\n|upkeep\n|turn|8\n|\n|t:|1781409720\n|move|p2a: Gliscor|Earthquake|p1a: Bastiodon\n|-supereffective|p1a: Bastiodon\n|-damage|p1a: Bastiodon|0 fnt\n|faint|p1a: Bastiodon\n|\n|upkeep\n|\n|t:|1781409726\n|switch|p1a: Thundurus|Thundurus-Therian, L80, M|258/258\n|turn|9\n|\n|t:|1781409731\n|switch|p2a: Arboliva|Arboliva, L91, M|290/290\n|move|p1a: Thundurus|Nasty Plot|p1a: Thundurus\n|-boost|p1a: Thundurus|spa|2\n|\n|upkeep\n|turn|10\n|\n|t:|1781409737\n|move|p1a: Thundurus|Focus Blast|p2a: Arboliva|[miss]\n|-miss|p1a: Thundurus|p2a: Arboliva\n|move|p2a: Arboliva|Hyper Voice|p1a: Thundurus\n|-damage|p1a: Thundurus|102/258\n|\n|upkeep\n|turn|11\n|\n|t:|1781409741\n|move|p1a: Thundurus|Focus Blast|p2a: Arboliva\n|-supereffective|p2a: Arboliva\n|-damage|p2a: Arboliva|0 fnt\n|-fieldstart|move: Grassy Terrain|[from] ability: Seed Sower|[of] p2a: Arboliva\n|faint|p2a: Arboliva\n|\n|upkeep\n|\n|t:|1781409752\n|switch|p2a: Gliscor|Gliscor, L76, F|239/239 tox\n|turn|12\n|\n|t:|1781409760\n|-terastallize|p1a: Thundurus|Flying\n|move|p1a: Thundurus|Tera Blast|p2a: Gliscor|[anim] Tera Blast Flying\n|-damage|p2a: Gliscor|0 fnt\n|faint|p2a: Gliscor\n|\n|upkeep\n|\n|t:|1781409777\n|switch|p2a: Alcremie|Alcremie-Caramel-Swirl, L90, F|263/263\n|turn|13\n|\n|t:|1781409783\n|move|p1a: Thundurus|Thunderbolt|p2a: Alcremie\n|-damage|p2a: Alcremie|95/263\n|move|p2a: Alcremie|Alluring Voice|p1a: Thundurus\n|-damage|p1a: Thundurus|0 fnt\n|faint|p1a: Thundurus\n|\n|-heal|p2a: Alcremie|111/263|[from] Grassy Terrain\n|-heal|p2a: Alcremie|127/263|[from] item: Leftovers\n|upkeep\n|\n|t:|1781409795\n|switch|p1a: Gardevoir|Gardevoir, L83, M|249/249\n|-activate|p1a: Gardevoir|move: Sticky Web\n|-unboost|p1a: Gardevoir|spe|1\n|-ability|p1a: Gardevoir|Aroma Veil|Trace|[from] ability: Trace|[of] p2a: Alcremie\n|turn|14\n|\n|t:|1781409809\n|move|p2a: Alcremie|Alluring Voice|p1a: Gardevoir\n|-damage|p1a: Gardevoir|158/249\n|move|p1a: Gardevoir|Psyshock|p2a: Alcremie\n|-damage|p2a: Alcremie|0 fnt\n|faint|p2a: Alcremie\n|-damage|p1a: Gardevoir|134/249|[from] item: Life Orb\n|\n|-heal|p1a: Gardevoir|149/249|[from] Grassy Terrain\n|upkeep\n|\n|t:|1781409817\n|switch|p2a: Lucario|Lucario, L84, M|255/255\n|turn|15\n|\n|t:|1781409821\n|move|p2a: Lucario|Flash Cannon|p1a: Gardevoir\n|-supereffective|p1a: Gardevoir\n|-damage|p1a: Gardevoir|0 fnt\n|faint|p1a: Gardevoir\n|-damage|p2a: Lucario|230/255|[from] item: Life Orb\n|\n|-heal|p2a: Lucario|245/255|[from] Grassy Terrain\n|-fieldend|move: Grassy Terrain\n|upkeep\n|\n|t:|1781409825\n|switch|p1a: Tauros|Tauros-Paldea-Blaze, L81, M|252/252\n|-activate|p1a: Tauros|move: Sticky Web\n|-unboost|p1a: Tauros|spe|1\n|turn|16\n|\n|t:|1781409833\n|switch|p2a: Gyarados|Gyarados, L79, F|280/280\n|-ability|p2a: Gyarados|Intimidate|boost\n|-unboost|p1a: Tauros|atk|1\n|move|p1a: Tauros|Close Combat|p2a: Gyarados\n|-resisted|p2a: Gyarados\n|-damage|p2a: Gyarados|227/280\n|-unboost|p1a: Tauros|def|1\n|-unboost|p1a: Tauros|spd|1\n|\n|upkeep\n|turn|17\n|\n|t:|1781409840\n|switch|p2a: Kricketune|Kricketune, L99, F|63/312\n|switch|p1a: Farigiraf|Farigiraf, L90, M|362/362\n|-activate|p1a: Farigiraf|move: Sticky Web\n|-unboost|p1a: Farigiraf|spe|1\n|\n|upkeep\n|turn|18\n|\n|t:|1781409848\n|switch|p1a: Tauros|Tauros-Paldea-Blaze, L81, M|252/252\n|-activate|p1a: Tauros|move: Sticky Web\n|-unboost|p1a: Tauros|spe|1\n|move|p2a: Kricketune|Pounce|p1a: Tauros\n|-resisted|p1a: Tauros\n|-damage|p1a: Tauros|228/252\n|-unboost|p1a: Tauros|spe|1\n|\n|upkeep\n|turn|19\n|\n|t:|1781409855\n|switch|p2a: Gyarados|Gyarados, L79, F|227/280\n|-ability|p2a: Gyarados|Intimidate|boost\n|-unboost|p1a: Tauros|atk|1\n|move|p1a: Tauros|Raging Bull|p2a: Gyarados\n|-resisted|p2a: Gyarados\n|-damage|p2a: Gyarados|186/280\n|\n|upkeep\n|turn|20\n|\n|t:|1781409863\n|switch|p1a: Farigiraf|Farigiraf, L90, M|362/362\n|-activate|p1a: Farigiraf|move: Sticky Web\n|-unboost|p1a: Farigiraf|spe|1\n|move|p2a: Gyarados|Dragon Dance|p2a: Gyarados\n|-boost|p2a: Gyarados|atk|1\n|-boost|p2a: Gyarados|spe|1\n|\n|upkeep\n|turn|21\n|\n|t:|1781409869\n|move|p2a: Gyarados|Waterfall|p1a: Farigiraf\n|-damage|p1a: Farigiraf|214/362\n|move|p1a: Farigiraf|Body Slam|p2a: Gyarados\n|-damage|p2a: Gyarados|81/280\n|-status|p2a: Gyarados|par\n|\n|-heal|p1a: Farigiraf|236/362|[from] item: Leftovers\n|upkeep\n|turn|22\n|\n|t:|1781409875\n|move|p2a: Gyarados|Waterfall|p1a: Farigiraf\n|-damage|p1a: Farigiraf|97/362\n|move|p1a: Farigiraf|Wish|p1a: Farigiraf\n|\n|-heal|p1a: Farigiraf|119/362|[from] item: Leftovers\n|upkeep\n|turn|23\n|\n|t:|1781409880\n|move|p1a: Farigiraf|Protect|p1a: Farigiraf\n|-singleturn|p1a: Farigiraf|Protect\n|move|p2a: Gyarados|Waterfall|p1a: Farigiraf\n|-activate|p1a: Farigiraf|move: Protect\n|\n|-heal|p1a: Farigiraf|300/362|[from] move: Wish|[wisher] Farigiraf\n|-heal|p1a: Farigiraf|322/362|[from] item: Leftovers\n|upkeep\n|turn|24\n|\n|t:|1781409882\n|move|p2a: Gyarados|Waterfall|p1a: Farigiraf\n|-damage|p1a: Farigiraf|168/362\n|move|p1a: Farigiraf|Body Slam|p2a: Gyarados\n|-damage|p2a: Gyarados|0 fnt\n|faint|p2a: Gyarados\n|\n|-heal|p1a: Farigiraf|190/362|[from] item: Leftovers\n|upkeep\n|\n|t:|1781409890\n|switch|p2a: Lucario|Lucario, L84, M|245/255\n|turn|25\n|\n|t:|1781409895\n|move|p2a: Lucario|Nasty Plot|p2a: Lucario\n|-boost|p2a: Lucario|spa|2\n|move|p1a: Farigiraf|Wish|p1a: Farigiraf\n|\n|-heal|p1a: Farigiraf|212/362|[from] item: Leftovers\n|upkeep\n|turn|26\n|\n|t:|1781409899\n|move|p1a: Farigiraf|Protect|p1a: Farigiraf\n|-singleturn|p1a: Farigiraf|Protect\n|move|p2a: Lucario|Nasty Plot|p2a: Lucario\n|-boost|p2a: Lucario|spa|2\n|\n|-heal|p1a: Farigiraf|362/362|[from] move: Wish|[wisher] Farigiraf\n|upkeep\n|turn|27\n|\n|t:|1781409904\n|-terastallize|p2a: Lucario|Fighting\n|move|p2a: Lucario|Aura Sphere|p1a: Farigiraf\n|-damage|p1a: Farigiraf|0 fnt\n|faint|p1a: Farigiraf\n|-damage|p2a: Lucario|220/255|[from] item: Life Orb\n|\n|upkeep\n|\n|t:|1781409908\n|switch|p1a: Tauros|Tauros-Paldea-Blaze, L81, M|228/252\n|-activate|p1a: Tauros|move: Sticky Web\n|-unboost|p1a: Tauros|spe|1\n|turn|28\n|\n|t:|1781409913\n|move|p2a: Lucario|Aura Sphere|p1a: Tauros\n|-damage|p1a: Tauros|0 fnt\n|faint|p1a: Tauros\n|-damage|p2a: Lucario|195/255|[from] item: Life Orb\n|\n|upkeep\n|\n|t:|1781409915\n|switch|p1a: Roaring Moon|Roaring Moon, L72|270/270\n|-activate|p1a: Roaring Moon|move: Sticky Web\n|-unboost|p1a: Roaring Moon|spe|1\n|turn|29\n|\n|t:|1781409917\n|move|p2a: Lucario|Aura Sphere|p1a: Roaring Moon\n|-supereffective|p1a: Roaring Moon\n|-damage|p1a: Roaring Moon|0 fnt\n|faint|p1a: Roaring Moon\n|-end|p1a: Roaring Moon|Protosynthesis|[silent]\n|-damage|p2a: Lucario|170/255|[from] item: Life Orb\n|\n|win|jsjsiis\n|raw|recebill's rating: 1931 &rarr; <strong>1909</strong><br />(-22 for losing)\n|raw|jsjsiis's rating: 1904 &rarr; <strong>1926</strong><br />(+22 for winning)\n", "inputlog": ">version a8376a258c1d4662feba110a92103f3664a72141\n>start {\"formatid\":\"gen9randombattle\",\"seed\":\"sodium,b9b42338ed4aafffe4f16b27fbd837e3\",\"rated\":\"Rated battle\"}\n>player p1 {\"name\":\"recebill\",\"avatar\":\"266\",\"rating\":1931,\"seed\":\"sodium,500032ceaa5b1b6a70c52c3c76ef76a8\"}\n>player p2 {\"name\":\"jsjsiis\",\"avatar\":\"1\",\"rating\":1904,\"seed\":\"sodium,3d8b005e620bba7ed4366fa2f0cda1a8\"}\n>p1 move psychicnoise\n>p2 switch 3\n>p1 switch 2\n>p2 move pounce\n>p1 move irondefense\n>p2 move taunt\n>p1 move bodypress\n>p2 move stickyweb\n>p1 move bodypress\n>p2 move knockoff\n>p1 move rest\n>p2 switch 6\n>p1 move foulplay\n>p2 move earthquake\n>p1 move bodypress\n>p2 move earthquake\n>p1 switch 5\n>p1 move nastyplot\n>p2 switch 3\n>p1 move focusblast\n>p2 move hypervoice\n>p1 move focusblast\n>p2 move hypervoice\n>p2 switch 3\n>p1 move terablast terastallize\n>p2 move toxic\n>p2 switch 5\n>p1 move thunderbolt\n>p2 move alluringvoice\n>p1 switch 4\n>p1 move psyshock\n>p2 move alluringvoice\n>p2 switch 4\n>p1 move mysticalfire\n>p2 move flashcannon\n>p1 switch 6\n>p1 move closecombat\n>p2 switch 2\n>p1 switch 2\n>p2 switch 6\n>p1 switch 2\n>p2 move pounce\n>p1 move ragingbull\n>p2 switch 6\n>p1 switch 2\n>p2 move dragondance\n>p1 move bodyslam\n>p2 move waterfall\n>p1 move wish\n>p2 move waterfall\n>p1 move protect\n>p2 move waterfall\n>p1 move bodyslam\n>p2 move waterfall\n>p2 switch 2\n>p1 move wish\n>p2 move nastyplot\n>p1 move protect\n>p2 move nastyplot\n>p1 move bodyslam\n>p2 move aurasphere terastallize\n>p1 switch 2\n>p1 move closecombat\n>p2 move aurasphere\n>p1 switch 3\n>p1 move knockoff\n>p2 move aurasphere", "uploadtime": 1781409632, "views": 7, "formatid": "gen9randombattle", "rating": 1909, "private": 0, "password": null}