{"id": "gen9randombattle-2631919064", "format": "[Gen 9] Random Battle", "players": ["fick runk", "itsbaloney"], "log": "|j|\u2606fick runk\n|j|\u2606itsbaloney\n|t:|1781455598\n|gametype|singles\n|player|p1|fick runk|parasollady|2012\n|player|p2|itsbaloney|giovanni|2005\n|gen|9\n|tier|[Gen 9] Random Battle\n|rated|\n|rule|Species Clause: Limit one of each Pok\u00e9mon\n|rule|HP Percentage Mod: HP is shown in percentages\n|rule|Sleep Clause Mod: Limit one foe put to sleep\n|rule|Illusion Level Mod: Illusion disguises the Pok\u00e9mon's true level\n|\n|t:|1781455598\n|teamsize|p1|6\n|teamsize|p2|6\n|start\n|switch|p1a: Kyogre|Kyogre, L71|259/259\n|switch|p2a: Bastiodon|Bastiodon, L89, M|252/252\n|-weather|RainDance|[from] ability: Drizzle|[of] p1a: Kyogre\n|turn|1\n|inactive|Battle timer is ON: inactive players will automatically lose when time's up. (requested by fick runk)\n|\n|t:|1781455607\n|switch|p2a: Rotom|Rotom-Mow, L87|229/229\n|move|p1a: Kyogre|Water Spout|p2a: Rotom\n|-resisted|p2a: Rotom\n|-damage|p2a: Rotom|121/229\n|\n|-weather|RainDance|[upkeep]\n|-heal|p2a: Rotom|135/229|[from] item: Leftovers\n|upkeep\n|turn|2\n|\n|t:|1781455621\n|switch|p1a: Iron Leaves|Iron Leaves, L80|275/275\n|move|p2a: Rotom|Will-O-Wisp|p1a: Iron Leaves\n|-status|p1a: Iron Leaves|brn\n|\n|-weather|RainDance|[upkeep]\n|-heal|p2a: Rotom|149/229|[from] item: Leftovers\n|-damage|p1a: Iron Leaves|258/275 brn|[from] brn\n|upkeep\n|turn|3\n|\n|t:|1781455635\n|switch|p2a: Perrserker|Perrserker, L89, M|269/269\n|move|p1a: Iron Leaves|Close Combat|p2a: Perrserker\n|-supereffective|p2a: Perrserker\n|-damage|p2a: Perrserker|135/269\n|-unboost|p1a: Iron Leaves|def|1\n|-unboost|p1a: Iron Leaves|spd|1\n|\n|-weather|RainDance|[upkeep]\n|-damage|p1a: Iron Leaves|241/275 brn|[from] brn\n|upkeep\n|turn|4\n|\n|t:|1781455643\n|switch|p2a: Hippowdon|Hippowdon, L82, F|311/311\n|-weather|Sandstorm|[from] ability: Sand Stream|[of] p2a: Hippowdon\n|move|p1a: Iron Leaves|Close Combat|p2a: Hippowdon\n|-damage|p2a: Hippowdon|247/311\n|-unboost|p1a: Iron Leaves|def|1\n|-unboost|p1a: Iron Leaves|spd|1\n|-damage|p1a: Iron Leaves|196/275 brn|[from] item: Rocky Helmet|[of] p2a: Hippowdon\n|\n|-weather|Sandstorm|[upkeep]\n|-damage|p1a: Iron Leaves|179/275 brn|[from] Sandstorm\n|-damage|p1a: Iron Leaves|162/275 brn|[from] brn\n|upkeep\n|turn|5\n|\n|t:|1781455651\n|-end|p1a: Iron Leaves|Quark Drive|[silent]\n|switch|p1a: Inteleon|Inteleon, L81, F|246/246\n|move|p2a: Hippowdon|Stealth Rock|p1a: Inteleon\n|-sidestart|p1: fick runk|move: Stealth Rock\n|\n|-weather|Sandstorm|[upkeep]\n|-damage|p1a: Inteleon|231/246|[from] Sandstorm\n|upkeep\n|turn|6\n|c|\u2606itsbaloney|uh oh lol\n|\n|t:|1781455664\n|switch|p2a: Perrserker|Perrserker, L89, M|135/269\n|move|p1a: Inteleon|Hydro Pump|p2a: Perrserker\n|-damage|p2a: Perrserker|0 fnt\n|faint|p2a: Perrserker\n|\n|-weather|Sandstorm|[upkeep]\n|-damage|p1a: Inteleon|216/246|[from] Sandstorm\n|upkeep\n|\n|t:|1781455674\n|switch|p2a: Bastiodon|Bastiodon, L89, M|252/252\n|turn|7\n|\n|t:|1781455681\n|move|p1a: Inteleon|Hydro Pump|p2a: Bastiodon\n|-supereffective|p2a: Bastiodon\n|-damage|p2a: Bastiodon|70/252\n|move|p2a: Bastiodon|Body Press|p1a: Inteleon\n|-damage|p1a: Inteleon|92/246\n|\n|-weather|Sandstorm|[upkeep]\n|-damage|p1a: Inteleon|77/246|[from] Sandstorm\n|upkeep\n|turn|8\n|\n|t:|1781455688\n|switch|p1a: Iron Leaves|Iron Leaves, L80|162/275 brn\n|-damage|p1a: Iron Leaves|128/275 brn|[from] Stealth Rock\n|move|p2a: Bastiodon|Body Press|p1a: Iron Leaves\n|-resisted|p1a: Iron Leaves\n|-damage|p1a: Iron Leaves|75/275 brn\n|\n|-weather|none\n|-damage|p1a: Iron Leaves|58/275 brn|[from] brn\n|upkeep\n|turn|9\n|\n|t:|1781455693\n|switch|p2a: Hippowdon|Hippowdon, L82, F|247/311\n|-weather|Sandstorm|[from] ability: Sand Stream|[of] p2a: Hippowdon\n|move|p1a: Iron Leaves|Close Combat|p2a: Hippowdon\n|-damage|p2a: Hippowdon|191/311\n|-unboost|p1a: Iron Leaves|def|1\n|-unboost|p1a: Iron Leaves|spd|1\n|-damage|p1a: Iron Leaves|13/275 brn|[from] item: Rocky Helmet|[of] p2a: Hippowdon\n|\n|-weather|Sandstorm|[upkeep]\n|-damage|p1a: Iron Leaves|0 fnt|[from] Sandstorm\n|faint|p1a: Iron Leaves\n|-end|p1a: Iron Leaves|Quark Drive|[silent]\n|upkeep\n|\n|t:|1781455697\n|switch|p1a: Kyogre|Kyogre, L71|259/259\n|-damage|p1a: Kyogre|227/259|[from] Stealth Rock\n|-weather|RainDance|[from] ability: Drizzle|[of] p1a: Kyogre\n|turn|10\n|\n|t:|1781455702\n|switch|p2a: Bastiodon|Bastiodon, L89, M|70/252\n|move|p1a: Kyogre|Water Spout|p2a: Bastiodon\n|-supereffective|p2a: Bastiodon\n|-damage|p2a: Bastiodon|0 fnt\n|faint|p2a: Bastiodon\n|\n|-weather|RainDance|[upkeep]\n|upkeep\n|\n|t:|1781455705\n|switch|p2a: Rotom|Rotom-Mow, L87|149/229\n|turn|11\n|\n|t:|1781455710\n|switch|p1a: Gurdurr|Gurdurr, L85, F|283/283\n|-damage|p1a: Gurdurr|266/283|[from] Stealth Rock\n|move|p2a: Rotom|Will-O-Wisp|p1a: Gurdurr|[miss]\n|-miss|p2a: Rotom|p1a: Gurdurr\n|\n|-weather|RainDance|[upkeep]\n|-heal|p2a: Rotom|163/229|[from] item: Leftovers\n|upkeep\n|turn|12\n|\n|t:|1781455716\n|switch|p2a: Camerupt|Camerupt, L91, F|275/275\n|move|p1a: Gurdurr|Drain Punch|p2a: Camerupt\n|-damage|p2a: Camerupt|181/275\n|-heal|p1a: Gurdurr|283/283|[from] drain|[of] p2a: Camerupt\n|\n|-weather|RainDance|[upkeep]\n|-heal|p2a: Camerupt|198/275|[from] item: Leftovers\n|upkeep\n|turn|13\n|\n|t:|1781455721\n|move|p2a: Camerupt|Earthquake|p1a: Gurdurr\n|-crit|p1a: Gurdurr\n|-damage|p1a: Gurdurr|142/283\n|move|p1a: Gurdurr|Knock Off|p2a: Camerupt\n|-damage|p2a: Camerupt|114/275\n|-enditem|p2a: Camerupt|Leftovers|[from] move: Knock Off|[of] p1a: Gurdurr\n|\n|-weather|RainDance|[upkeep]\n|upkeep\n|turn|14\n|\n|t:|1781455724\n|move|p2a: Camerupt|Earthquake|p1a: Gurdurr\n|-damage|p1a: Gurdurr|57/283\n|move|p1a: Gurdurr|Drain Punch|p2a: Camerupt\n|-damage|p2a: Camerupt|17/275\n|-heal|p1a: Gurdurr|106/283|[from] drain|[of] p2a: Camerupt\n|\n|-weather|none\n|upkeep\n|turn|15\n|\n|t:|1781455726\n|move|p1a: Gurdurr|Mach Punch|p2a: Camerupt\n|-crit|p2a: Camerupt\n|-damage|p2a: Camerupt|0 fnt\n|faint|p2a: Camerupt\n|\n|upkeep\n|\n|t:|1781455735\n|switch|p2a: Rotom|Rotom-Mow, L87|163/229\n|turn|16\n|\n|t:|1781455740\n|move|p1a: Gurdurr|Mach Punch|p2a: Rotom\n|-damage|p2a: Rotom|123/229\n|move|p2a: Rotom|Thunderbolt|p1a: Gurdurr\n|-damage|p1a: Gurdurr|0 fnt\n|faint|p1a: Gurdurr\n|\n|-heal|p2a: Rotom|137/229|[from] item: Leftovers\n|upkeep\n|\n|t:|1781455745\n|switch|p1a: Ursaluna|Ursaluna, L79, F|335/335\n|-damage|p1a: Ursaluna|315/335|[from] Stealth Rock\n|turn|17\n|\n|t:|1781455759\n|-terastallize|p1a: Ursaluna|Normal\n|move|p2a: Rotom|Leaf Storm|p1a: Ursaluna\n|-damage|p1a: Ursaluna|146/335\n|-unboost|p2a: Rotom|spa|2\n|move|p1a: Ursaluna|Facade|p2a: Rotom\n|-damage|p2a: Rotom|41/229\n|\n|-heal|p2a: Rotom|55/229|[from] item: Leftovers\n|-status|p1a: Ursaluna|brn|[from] item: Flame Orb\n|upkeep\n|turn|18\n|\n|t:|1781455768\n|switch|p2a: Hippowdon|Hippowdon, L82, F|191/311\n|-weather|Sandstorm|[from] ability: Sand Stream|[of] p2a: Hippowdon\n|move|p1a: Ursaluna|Facade|p2a: Hippowdon\n|-damage|p2a: Hippowdon|0 fnt\n|-damage|p1a: Ursaluna|91/335 brn|[from] item: Rocky Helmet|[of] p2a: Hippowdon\n|faint|p2a: Hippowdon\n|\n|-weather|Sandstorm|[upkeep]\n|-damage|p1a: Ursaluna|71/335 brn|[from] Sandstorm\n|-damage|p1a: Ursaluna|51/335 brn|[from] brn\n|upkeep\n|\n|t:|1781455773\n|switch|p2a: Rotom|Rotom-Mow, L87|55/229\n|turn|19\n|\n|t:|1781455776\n|move|p2a: Rotom|Thunderbolt|p1a: Ursaluna\n|-damage|p1a: Ursaluna|0 fnt\n|faint|p1a: Ursaluna\n|\n|-weather|Sandstorm|[upkeep]\n|-damage|p2a: Rotom|41/229|[from] Sandstorm\n|-heal|p2a: Rotom|55/229|[from] item: Leftovers\n|upkeep\n|\n|t:|1781455778\n|switch|p1a: Kyogre|Kyogre, L71|227/259\n|-damage|p1a: Kyogre|195/259|[from] Stealth Rock\n|-weather|RainDance|[from] ability: Drizzle|[of] p1a: Kyogre\n|turn|20\n|\n|t:|1781455781\n|move|p1a: Kyogre|Water Spout|p2a: Rotom\n|-resisted|p2a: Rotom\n|-damage|p2a: Rotom|0 fnt\n|faint|p2a: Rotom\n|\n|-weather|RainDance|[upkeep]\n|upkeep\n|\n|t:|1781455784\n|switch|p2a: Noctowl|Noctowl, L95, M|344/344\n|turn|21\n|\n|t:|1781455786\n|move|p1a: Kyogre|Water Spout|p2a: Noctowl\n|-crit|p2a: Noctowl\n|-damage|p2a: Noctowl|110/344\n|move|p2a: Noctowl|Calm Mind|p2a: Noctowl\n|-boost|p2a: Noctowl|spa|1\n|-boost|p2a: Noctowl|spd|1\n|\n|-weather|RainDance|[upkeep]\n|upkeep\n|turn|22\n|\n|t:|1781455790\n|move|p1a: Kyogre|Water Spout|p2a: Noctowl\n|-damage|p2a: Noctowl|1/344\n|move|p2a: Noctowl|Roost|p2a: Noctowl\n|-heal|p2a: Noctowl|173/344\n|-singleturn|p2a: Noctowl|move: Roost\n|\n|-weather|RainDance|[upkeep]\n|upkeep\n|turn|23\n|\n|t:|1781455796\n|move|p1a: Kyogre|Water Spout|p2a: Noctowl\n|-damage|p2a: Noctowl|77/344\n|move|p2a: Noctowl|Roost|p2a: Noctowl\n|-heal|p2a: Noctowl|249/344\n|-singleturn|p2a: Noctowl|move: Roost\n|\n|-weather|RainDance|[upkeep]\n|upkeep\n|turn|24\n|\n|t:|1781455800\n|switch|p1a: Inteleon|Inteleon, L81, F|77/246\n|-damage|p1a: Inteleon|47/246|[from] Stealth Rock\n|move|p2a: Noctowl|Hyper Voice|p1a: Inteleon\n|-damage|p1a: Inteleon|0 fnt\n|faint|p1a: Inteleon\n|\n|-weather|none\n|upkeep\n|\n|t:|1781455801\n|switch|p1a: Kyogre|Kyogre, L71|195/259\n|-damage|p1a: Kyogre|163/259|[from] Stealth Rock\n|-weather|RainDance|[from] ability: Drizzle|[of] p1a: Kyogre\n|turn|25\n|\n|t:|1781455809\n|-terastallize|p2a: Noctowl|Normal\n|move|p1a: Kyogre|Thunder|p2a: Noctowl\n|-damage|p2a: Noctowl|204/344\n|move|p2a: Noctowl|Calm Mind|p2a: Noctowl\n|-boost|p2a: Noctowl|spa|1\n|-boost|p2a: Noctowl|spd|1\n|\n|-weather|RainDance|[upkeep]\n|upkeep\n|turn|26\n|\n|t:|1781455811\n|move|p1a: Kyogre|Thunder|p2a: Noctowl\n|-damage|p2a: Noctowl|171/344\n|move|p2a: Noctowl|Roost|p2a: Noctowl\n|-heal|p2a: Noctowl|343/344\n|\n|-weather|RainDance|[upkeep]\n|upkeep\n|turn|27\n|\n|t:|1781455814\n|move|p1a: Kyogre|Thunder|p2a: Noctowl\n|-damage|p2a: Noctowl|312/344\n|move|p2a: Noctowl|Hyper Voice|p1a: Kyogre\n|-damage|p1a: Kyogre|0 fnt\n|faint|p1a: Kyogre\n|\n|-weather|RainDance|[upkeep]\n|upkeep\n|\n|t:|1781455815\n|switch|p1a: Mimikyu|Mimikyu, L79, M|216/216\n|-damage|p1a: Mimikyu|189/216|[from] Stealth Rock\n|turn|28\n|\n|t:|1781455818\n|move|p1a: Mimikyu|Swords Dance|p1a: Mimikyu\n|-boost|p1a: Mimikyu|atk|2\n|move|p2a: Noctowl|Hurricane|p1a: Mimikyu\n|-activate|p1a: Mimikyu|ability: Disguise\n|-damage|p1a: Mimikyu|189/216\n|detailschange|p1a: Mimikyu|Mimikyu-Busted, L79, M\n|-damage|p1a: Mimikyu|162/216|[from] pokemon: Mimikyu-Busted\n|\n|-weather|RainDance|[upkeep]\n|upkeep\n|turn|29\n|\n|t:|1781455821\n|move|p1a: Mimikyu|Drain Punch|p2a: Noctowl\n|-supereffective|p2a: Noctowl\n|-crit|p2a: Noctowl\n|-damage|p2a: Noctowl|0 fnt\n|-heal|p1a: Mimikyu|216/216|[from] drain|[of] p2a: Noctowl\n|faint|p2a: Noctowl\n|-damage|p1a: Mimikyu|195/216|[from] item: Life Orb\n|\n|win|fick runk\n", "inputlog": ">version a8376a258c1d4662feba110a92103f3664a72141\n>start {\"formatid\":\"gen9randombattle\",\"seed\":\"sodium,eedfe103d3d2dafffb39199080927947\",\"rated\":\"Rated battle\"}\n>player p1 {\"name\":\"fick runk\",\"avatar\":\"parasollady\",\"rating\":2012,\"seed\":\"sodium,302c4308a1fb6f2afc38c262a27ef802\"}\n>player p2 {\"name\":\"itsbaloney\",\"avatar\":\"giovanni\",\"rating\":2005,\"seed\":\"sodium,041c2a8672185661d66867a6aec3b6ac\"}\n>p1 move waterspout\n>p2 switch 6\n>p1 switch 2\n>p2 move willowisp\n>p1 move closecombat\n>p2 switch 3\n>p1 move closecombat\n>p2 switch 2\n>p1 switch 3\n>p2 move stealthrock\n>chat \u2606itsbaloney|uh oh lol\n>p1 move hydropump\n>p2 switch 2\n>p2 switch 6\n>p1 move hydropump\n>p2 move bodypress\n>p1 switch 3\n>p2 move bodypress\n>p1 move closecombat\n>p2 switch 2\n>p1 switch 2\n>p1 move waterspout\n>p2 switch 2\n>p2 switch 3\n>p1 switch 4\n>p2 move willowisp\n>p1 move drainpunch\n>p2 switch 4\n>p1 move knockoff\n>p2 move earthquake\n>p1 move drainpunch\n>p2 move earthquake\n>p1 move machpunch\n>p2 move earthquake\n>p2 switch 4\n>p1 move machpunch\n>p2 move thunderbolt\n>p1 switch 5\n>p1 move facade terastallize\n>p2 move leafstorm\n>p1 move facade\n>p2 switch 2\n>p2 switch 2\n>p1 move facade\n>p2 move thunderbolt\n>p1 switch 4\n>p1 move waterspout\n>p2 move thunderbolt\n>p2 switch 5\n>p1 move waterspout\n>p2 move calmmind\n>p1 move waterspout\n>p2 move roost\n>p1 move waterspout\n>p2 move roost\n>p1 switch 3\n>p2 move hypervoice\n>p1 switch 3\n>p1 move thunder\n>p2 move calmmind terastallize\n>p1 move thunder\n>p2 move roost\n>p1 move thunder\n>p2 move hypervoice\n>p1 switch 6\n>p1 move swordsdance\n>p2 move hurricane\n>p1 move drainpunch\n>p2 move hurricane", "uploadtime": 1781455603, "views": 5, "formatid": "gen9randombattle", "rating": null, "private": 0, "password": null}