{"id": "gen9randombattle-2631804231", "format": "[Gen 9] Random Battle", "players": ["5th_Vision", "sambadotackle"], "log": "|j|\u26065th_Vision\n|j|\u2606sambadotackle\n|t:|1781442088\n|gametype|singles\n|player|p1|5th_Vision|preschoolerf|1458\n|player|p2|sambadotackle|benga|1495\n|gen|9\n|tier|[Gen 9] Random Battle\n|rated|\n|rule|Species Clause: Limit one of each Pok\u00e9mon\n|rule|HP Percentage Mod: HP is shown in percentages\n|rule|Sleep Clause Mod: Limit one foe put to sleep\n|rule|Illusion Level Mod: Illusion disguises the Pok\u00e9mon's true level\n|\n|t:|1781442088\n|teamsize|p1|6\n|teamsize|p2|6\n|start\n|switch|p1a: Sandy Shocks|Sandy Shocks, L80|267/267\n|switch|p2a: Lumineon|Lumineon, L93, F|279/279\n|turn|1\n|inactive|Battle timer is ON: inactive players will automatically lose when time's up. (requested by sambadotackle)\n|\n|t:|1781442108\n|move|p2a: Lumineon|U-turn|p1a: Sandy Shocks\n|-damage|p1a: Sandy Shocks|217/267\n|\n|t:|1781442114\n|switch|p2a: Palossand|Palossand, L89, M|296/296|[from] U-turn\n|move|p1a: Sandy Shocks|Stealth Rock|p2a: Palossand\n|-sidestart|p2: sambadotackle|move: Stealth Rock\n|\n|-heal|p1a: Sandy Shocks|233/267|[from] item: Leftovers\n|upkeep\n|turn|2\n|inactive|5th_Vision has 120 seconds left.\n|\n|t:|1781442164\n|-end|p1a: Sandy Shocks|Protosynthesis|[silent]\n|switch|p1a: Volbeat|Volbeat, L90, M|263/263\n|move|p2a: Palossand|Stealth Rock|p1a: Volbeat\n|-sidestart|p1: 5th_Vision|move: Stealth Rock\n|\n|upkeep\n|turn|3\n|\n|t:|1781442174\n|switch|p2a: Heatran|Heatran, L79, M|273/273\n|-damage|p2a: Heatran|239/273|[from] Stealth Rock\n|move|p1a: Volbeat|Encore||[still]\n|-fail|p1a: Volbeat\n|\n|upkeep\n|turn|4\n|\n|t:|1781442185\n|move|p1a: Volbeat|U-turn|p2a: Heatran\n|-resisted|p2a: Heatran\n|-damage|p2a: Heatran|223/273\n|\n|t:|1781442195\n|switch|p1a: Dondozo|Dondozo, L78, M|362/362|[from] U-turn\n|-damage|p1a: Dondozo|317/362|[from] Stealth Rock\n|move|p2a: Heatran|Earth Power|p1a: Dondozo\n|-damage|p1a: Dondozo|226/362\n|\n|-heal|p1a: Dondozo|248/362|[from] item: Leftovers\n|upkeep\n|turn|5\n|\n|t:|1781442219\n|switch|p2a: Lumineon|Lumineon, L93, F|279/279\n|move|p1a: Dondozo|Curse|p1a: Dondozo\n|-unboost|p1a: Dondozo|spe|1\n|-boost|p1a: Dondozo|atk|1\n|-boost|p1a: Dondozo|def|1\n|\n|-heal|p1a: Dondozo|270/362|[from] item: Leftovers\n|upkeep\n|turn|6\n|\n|t:|1781442231\n|move|p2a: Lumineon|Hydro Pump|p1a: Dondozo|[miss]\n|-miss|p2a: Lumineon|p1a: Dondozo\n|move|p1a: Dondozo|Wave Crash|p2a: Lumineon\n|-ability|p2a: Lumineon|Storm Drain|boost\n|-boost|p2a: Lumineon|spa|1\n|\n|-heal|p1a: Dondozo|292/362|[from] item: Leftovers\n|upkeep\n|turn|7\n|inactive|5th_Vision has 90 seconds left.\n|\n|t:|1781442263\n|move|p2a: Lumineon|Hydro Pump|p1a: Dondozo|[miss]\n|-miss|p2a: Lumineon|p1a: Dondozo\n|move|p1a: Dondozo|Curse|p1a: Dondozo\n|-unboost|p1a: Dondozo|spe|1\n|-boost|p1a: Dondozo|atk|1\n|-boost|p1a: Dondozo|def|1\n|\n|-heal|p1a: Dondozo|314/362|[from] item: Leftovers\n|upkeep\n|turn|8\n|inactive|5th_Vision has 60 seconds left.\n|\n|t:|1781442288\n|switch|p1a: Skeledirge|Skeledirge, L79, F|294/294\n|move|p2a: Lumineon|Hydro Pump|p1a: Skeledirge\n|-supereffective|p1a: Skeledirge\n|-damage|p1a: Skeledirge|36/294\n|\n|upkeep\n|turn|9\n|\n|t:|1781442296\n|move|p2a: Lumineon|Ice Beam|p1a: Skeledirge\n|-resisted|p1a: Skeledirge\n|-damage|p1a: Skeledirge|1/294\n|move|p1a: Skeledirge|Slack Off|p1a: Skeledirge\n|-heal|p1a: Skeledirge|148/294\n|\n|upkeep\n|turn|10\n|inactive|5th_Vision has 60 seconds left.\n|\n|t:|1781442319\n|-terastallize|p1a: Skeledirge|Water\n|move|p2a: Lumineon|Hydro Pump|p1a: Skeledirge|[miss]\n|-miss|p2a: Lumineon|p1a: Skeledirge\n|move|p1a: Skeledirge|Slack Off|p1a: Skeledirge\n|-heal|p1a: Skeledirge|294/294\n|\n|upkeep\n|turn|11\n|inactive|5th_Vision has 60 seconds left.\n|\n|t:|1781442329\n|move|p2a: Lumineon|Encore|p1a: Skeledirge\n|-start|p1a: Skeledirge|Encore\n|move|p1a: Skeledirge|Slack Off||[still]\n|-fail|p1a: Skeledirge|heal\n|\n|upkeep\n|turn|12\n|inactive|5th_Vision has 60 seconds left.\n|\n|t:|1781442343\n|switch|p1a: Dondozo|Dondozo, L78, M|314/362\n|-damage|p1a: Dondozo|269/362|[from] Stealth Rock\n|move|p2a: Lumineon|Ice Beam|p1a: Dondozo\n|-resisted|p1a: Dondozo\n|-damage|p1a: Dondozo|231/362\n|\n|-heal|p1a: Dondozo|253/362|[from] item: Leftovers\n|upkeep\n|turn|13\n|inactive|5th_Vision has 60 seconds left.\n|\n|t:|1781442354\n|switch|p1a: Skeledirge|Skeledirge, L79, F, tera:Water|294/294\n|move|p2a: Lumineon|Hydro Pump|p1a: Skeledirge|[miss]\n|-miss|p2a: Lumineon|p1a: Skeledirge\n|\n|upkeep\n|turn|14\n|inactive|5th_Vision has 60 seconds left.\n|c|\u2606sambadotackle|This motherfucker doesnt hit a ting man\n|\n|t:|1781442381\n|move|p2a: Lumineon|Ice Beam|p1a: Skeledirge\n|-resisted|p1a: Skeledirge\n|-damage|p1a: Skeledirge|256/294\n|move|p1a: Skeledirge|Flame Charge|p2a: Lumineon\n|-resisted|p2a: Lumineon\n|-damage|p2a: Lumineon|261/279\n|-boost|p1a: Skeledirge|spe|1\n|\n|upkeep\n|turn|15\n|inactive|5th_Vision has 60 seconds left.\n|c|\u26065th_Vision|True\n|\n|t:|1781442404\n|move|p1a: Skeledirge|Torch Song|p2a: Lumineon\n|-resisted|p2a: Lumineon\n|-damage|p2a: Lumineon|220/279\n|-boost|p1a: Skeledirge|spa|1\n|move|p2a: Lumineon|Encore|p1a: Skeledirge\n|-start|p1a: Skeledirge|Encore\n|\n|upkeep\n|turn|16\n|\n|t:|1781442412\n|switch|p2a: Heatran|Heatran, L79, M|223/273\n|-damage|p2a: Heatran|189/273|[from] Stealth Rock\n|move|p1a: Skeledirge|Torch Song|p2a: Heatran\n|-start|p2a: Heatran|ability: Flash Fire\n|\n|upkeep\n|turn|17\n|inactive|5th_Vision has 60 seconds left.\n|\n|t:|1781442436\n|switch|p1a: Dondozo|Dondozo, L78, M|253/362\n|-damage|p1a: Dondozo|208/362|[from] Stealth Rock\n|move|p2a: Heatran|Magma Storm|p1a: Dondozo\n|-resisted|p1a: Dondozo\n|-damage|p1a: Dondozo|96/362\n|-activate|p1a: Dondozo|move: Magma Storm|[of] p2a: Heatran\n|\n|-heal|p1a: Dondozo|118/362|[from] item: Leftovers\n|-damage|p1a: Dondozo|73/362|[from] move: Magma Storm|[partiallytrapped]\n|upkeep\n|turn|18\n|\n|t:|1781442455\n|move|p2a: Heatran|Magma Storm|p1a: Dondozo\n|-resisted|p1a: Dondozo\n|-damage|p1a: Dondozo|0 fnt\n|faint|p1a: Dondozo\n|\n|upkeep\n|inactive|5th_Vision has 30 seconds left.\n|\n|t:|1781442485\n|switch|p1a: Toedscruel|Toedscruel, L87, M|281/281\n|-damage|p1a: Toedscruel|264/281|[from] Stealth Rock\n|turn|19\n|inactive|5th_Vision has 30 seconds left.\n|\n|t:|1781442494\n|move|p1a: Toedscruel|Earth Power|p2a: Heatran\n|-supereffective|p2a: Heatran\n|-damage|p2a: Heatran|0 fnt\n|faint|p2a: Heatran\n|\n|-heal|p1a: Toedscruel|281/281|[from] item: Leftovers\n|upkeep\n|\n|t:|1781442507\n|switch|p2a: Amoonguss|Amoonguss, L82, M|321/321\n|-damage|p2a: Amoonguss|281/321|[from] Stealth Rock\n|turn|20\n|inactive|5th_Vision has 30 seconds left.\n|inactive|5th_Vision has 20 seconds left.\n|\n|t:|1781442533\n|switch|p1a: Sandy Shocks|Sandy Shocks, L80|233/267\n|-damage|p1a: Sandy Shocks|217/267|[from] Stealth Rock\n|move|p2a: Amoonguss|Sludge Bomb|p1a: Sandy Shocks\n|-resisted|p1a: Sandy Shocks\n|-damage|p1a: Sandy Shocks|169/267\n|\n|-heal|p1a: Sandy Shocks|185/267|[from] item: Leftovers\n|-heal|p2a: Amoonguss|301/321|[from] item: Leftovers\n|upkeep\n|turn|21\n|inactive|5th_Vision has 30 seconds left this turn.\n|\n|t:|1781442543\n|move|p1a: Sandy Shocks|Spikes|p2a: Amoonguss\n|-sidestart|p2: sambadotackle|Spikes\n|move|p2a: Amoonguss|Spore|p1a: Sandy Shocks\n|-status|p1a: Sandy Shocks|slp|[from] move: Spore\n|\n|-heal|p1a: Sandy Shocks|201/267 slp|[from] item: Leftovers\n|-heal|p2a: Amoonguss|321/321|[from] item: Leftovers\n|upkeep\n|turn|22\n|inactive|5th_Vision has 30 seconds left.\n|\n|t:|1781442554\n|cant|p1a: Sandy Shocks|slp\n|move|p2a: Amoonguss|Giga Drain|p1a: Sandy Shocks\n|-supereffective|p1a: Sandy Shocks\n|-damage|p1a: Sandy Shocks|45/267 slp\n|\n|-heal|p1a: Sandy Shocks|61/267 slp|[from] item: Leftovers\n|upkeep\n|turn|23\n|inactive|5th_Vision has 30 seconds left.\n|inactive|5th_Vision has 20 seconds left.\n|\n|t:|1781442575\n|-end|p1a: Sandy Shocks|Protosynthesis|[silent]\n|switch|p1a: Volbeat|Volbeat, L90, M|263/263\n|move|p2a: Amoonguss|Giga Drain|p1a: Volbeat\n|-resisted|p1a: Volbeat\n|-damage|p1a: Volbeat|230/263\n|\n|upkeep\n|turn|24\n|inactive|5th_Vision has 30 seconds left this turn.\n|inactive|5th_Vision has 20 seconds left.\n|inactive|5th_Vision has 15 seconds left.\n|\n|t:|1781442592\n|switch|p2a: Entei|Entei, L78|307/307\n|-damage|p2a: Entei|231/307|[from] Stealth Rock\n|-damage|p2a: Entei|193/307|[from] Spikes\n|move|p1a: Volbeat|Thunder Wave|p2a: Entei\n|-status|p2a: Entei|par\n|\n|upkeep\n|turn|25\n|inactive|5th_Vision has 25 seconds left this turn.\n|inactive|5th_Vision has 20 seconds left.\n|inactive|5th_Vision has 15 seconds left.\n|\n|t:|1781442603\n|move|p1a: Volbeat|U-turn|p2a: Entei\n|-resisted|p2a: Entei\n|-damage|p2a: Entei|154/307 par\n|inactive|5th_Vision has 20 seconds left this turn.\n|inactive|5th_Vision has 15 seconds left.\n|\n|t:|1781442612\n|switch|p1a: Skeledirge|Skeledirge, L79, F, tera:Water|256/294|[from] U-turn\n|move|p2a: Entei|Sacred Fire|p1a: Skeledirge\n|-resisted|p1a: Skeledirge\n|-damage|p1a: Skeledirge|186/294\n|-status|p1a: Skeledirge|brn\n|\n|-damage|p1a: Skeledirge|168/294 brn|[from] brn\n|upkeep\n|turn|26\n|inactive|5th_Vision has 25 seconds left this turn.\n|inactive|5th_Vision has 20 seconds left.\n|\n|t:|1781442627\n|switch|p2a: Palossand|Palossand, L89, M|296/296\n|-damage|p2a: Palossand|278/296|[from] Stealth Rock\n|-damage|p2a: Palossand|241/296|[from] Spikes\n|move|p1a: Skeledirge|Slack Off|p1a: Skeledirge\n|-heal|p1a: Skeledirge|294/294 brn\n|\n|-heal|p2a: Palossand|259/296|[from] item: Leftovers\n|-damage|p1a: Skeledirge|276/294 brn|[from] brn\n|upkeep\n|turn|27\n|inactive|5th_Vision has 30 seconds left this turn.\n|inactive|5th_Vision has 20 seconds left.\n|\n|t:|1781442639\n|move|p1a: Skeledirge|Shadow Ball|p2a: Palossand\n|-supereffective|p2a: Palossand\n|-damage|p2a: Palossand|91/296\n|-unboost|p2a: Palossand|spd|1\n|move|p2a: Palossand|Shadow Ball|p1a: Skeledirge\n|-damage|p1a: Skeledirge|150/294 brn\n|\n|-heal|p2a: Palossand|109/296|[from] item: Leftovers\n|-damage|p1a: Skeledirge|132/294 brn|[from] brn\n|upkeep\n|turn|28\n|inactive|5th_Vision has 30 seconds left this turn.\n|inactive|5th_Vision has 20 seconds left.\n|\n|t:|1781442662\n|-terastallize|p2a: Palossand|Water\n|move|p1a: Skeledirge|Slack Off|p1a: Skeledirge\n|-heal|p1a: Skeledirge|279/294 brn\n|move|p2a: Palossand|Shore Up|p2a: Palossand\n|-heal|p2a: Palossand|257/296\n|\n|-heal|p2a: Palossand|275/296|[from] item: Leftovers\n|-damage|p1a: Skeledirge|261/294 brn|[from] brn\n|upkeep\n|turn|29\n|inactive|5th_Vision has 30 seconds left this turn.\n|inactive|5th_Vision has 20 seconds left.\n|inactive|5th_Vision has 15 seconds left.\n|\n|t:|1781442680\n|switch|p2a: Uxie|Uxie, L83|260/260\n|-damage|p2a: Uxie|228/260|[from] Stealth Rock\n|move|p1a: Skeledirge|Torch Song|p2a: Uxie\n|-damage|p2a: Uxie|168/260\n|-boost|p1a: Skeledirge|spa|1\n|\n|-heal|p2a: Uxie|184/260|[from] item: Leftovers\n|-damage|p1a: Skeledirge|243/294 brn|[from] brn\n|upkeep\n|turn|30\n|inactive|5th_Vision has 25 seconds left this turn.\n|inactive|5th_Vision has 20 seconds left.\n|inactive|5th_Vision has 15 seconds left.\n|-message|sambadotackle forfeited.\n|\n|win|5th_Vision\n|raw|5th_Vision's rating: 1458 &rarr; <strong>1480</strong><br />(+22 for winning)\n|raw|sambadotackle's rating: 1495 &rarr; <strong>1473</strong><br />(-22 for losing)\n|l|\u2606sambadotackle\n|player|p2|\n", "inputlog": ">version a8376a258c1d4662feba110a92103f3664a72141\n>start {\"formatid\":\"gen9randombattle\",\"seed\":\"sodium,0759dd8c993ce20f71740c8d8f1d947f\",\"rated\":\"Rated battle\"}\n>player p1 {\"name\":\"5th_Vision\",\"avatar\":\"preschoolerf\",\"rating\":1458,\"seed\":\"sodium,15a95aedb3786a0c67ddcf4cde044ac2\"}\n>player p2 {\"name\":\"sambadotackle\",\"avatar\":\"benga\",\"rating\":1495,\"seed\":\"sodium,09fc5765f51c83524ee413778cbdbae1\"}\n>p1 move stealthrock\n>p2 move uturn\n>p2 switch 2\n>p1 switch 2\n>p2 move stealthrock\n>p1 move encore\n>p2 switch 5\n>p1 move uturn\n>p2 move earthpower\n>p1 switch 5\n>p1 move curse\n>p2 switch 2\n>p1 move wavecrash\n>p2 move hydropump\n>p1 move curse\n>p2 move hydropump\n>p1 switch 6\n>p2 move hydropump\n>p1 move slackoff\n>p2 move icebeam\n>p1 move slackoff terastallize\n>p2 move hydropump\n>p1 move flamecharge\n>p2 move encore\n>p1 switch 6\n>p2 move icebeam\n>p1 switch 6\n>p2 move hydropump\n>chat \u2606sambadotackle|This motherfucker doesnt hit a ting man\n>p1 move flamecharge\n>p2 move icebeam\n>chat \u26065th_Vision|True\n>p1 move torchsong\n>p2 move encore\n>p1 move torchsong\n>p2 switch 2\n>p1 switch 6\n>p2 move magmastorm\n>p1 move curse\n>p2 move magmastorm\n>p1 switch 4\n>p1 move earthpower\n>p2 move magmastorm\n>p2 switch 6\n>p1 switch 2\n>p2 move sludgebomb\n>p1 move spikes\n>p2 move spore\n>p1 move spikes\n>p2 move gigadrain\n>p1 switch 5\n>p2 move gigadrain\n>p1 move thunderwave\n>p2 switch 3\n>p1 move uturn\n>p2 move sacredfire\n>p1 switch 6\n>p1 move slackoff\n>p2 switch 5\n>p1 move shadowball\n>p2 move shadowball\n>p1 move slackoff\n>p2 move shoreup terastallize\n>p1 move torchsong\n>p2 switch 4\n>forcelose p2", "uploadtime": 1781442373, "views": 4, "formatid": "gen9randombattle", "rating": 1473, "private": 0, "password": null}