{"id": "gen9randombattle-2631931683", "format": "[Gen 9] Random Battle", "players": ["schleeby", "noKlew"], "log": "|j|\u2606schleeby\n|j|\u2606noKlew\n|t:|1781456994\n|gametype|singles\n|player|p1|schleeby|rosa|2057\n|player|p2|noKlew|265|2075\n|gen|9\n|tier|[Gen 9] Random Battle\n|rated|\n|rule|Species Clause: Limit one of each Pok\u00e9mon\n|rule|HP Percentage Mod: HP is shown in percentages\n|rule|Sleep Clause Mod: Limit one foe put to sleep\n|rule|Illusion Level Mod: Illusion disguises the Pok\u00e9mon's true level\n|\n|t:|1781456994\n|teamsize|p1|6\n|teamsize|p2|6\n|start\n|switch|p1a: Gyarados|Gyarados, L79, F|280/280\n|switch|p2a: Noivern|Noivern, L82, M|274/274\n|-ability|p1a: Gyarados|Intimidate|boost\n|-unboost|p2a: Noivern|atk|1\n|turn|1\n|inactive|Battle timer is ON: inactive players will automatically lose when time's up. (requested by noKlew)\n|\n|t:|1781457008\n|switch|p1a: Misdreavus|Misdreavus, L90, F|254/254\n|move|p2a: Noivern|Boomburst|p1a: Misdreavus\n|-immune|p1a: Misdreavus\n|\n|upkeep\n|turn|2\n|\n|t:|1781457017\n|switch|p2a: Muk|Muk-Alola, L82, F|306/306\n|move|p1a: Misdreavus|Will-O-Wisp|p2a: Muk\n|-status|p2a: Muk|brn\n|\n|-damage|p2a: Muk|287/306 brn|[from] brn\n|upkeep\n|turn|3\n|\n|t:|1781457026\n|switch|p1a: Palafin|Palafin, L77, M|281/281\n|move|p2a: Muk|Poison Jab|p1a: Palafin\n|-damage|p1a: Palafin|227/281\n|-status|p1a: Palafin|psn\n|\n|-damage|p1a: Palafin|192/281 psn|[from] psn\n|-damage|p2a: Muk|268/306 brn|[from] brn\n|upkeep\n|turn|4\n|\n|t:|1781457033\n|move|p1a: Palafin|Flip Turn|p2a: Muk\n|-damage|p2a: Muk|199/306 brn\n|\n|t:|1781457040\n|detailschange|p1a: Palafin|Palafin-Hero, L77, M\n|switch|p1a: Kommo-o|Kommo-o, L78, F|245/245|[from] Flip Turn\n|move|p2a: Muk|Knock Off|p1a: Kommo-o\n|-resisted|p1a: Kommo-o\n|-damage|p1a: Kommo-o|225/245\n|-status|p1a: Kommo-o|psn|[from] ability: Poison Touch|[of] p2a: Muk\n|-enditem|p1a: Kommo-o|Throat Spray|[from] move: Knock Off|[of] p2a: Muk\n|\n|-damage|p1a: Kommo-o|195/245 psn|[from] psn\n|-damage|p2a: Muk|180/306 brn|[from] brn\n|upkeep\n|turn|5\n|\n|t:|1781457058\n|move|p1a: Kommo-o|Clangorous Soul|p1a: Kommo-o\n|-boost|p1a: Kommo-o|atk|1\n|-boost|p1a: Kommo-o|def|1\n|-boost|p1a: Kommo-o|spa|1\n|-boost|p1a: Kommo-o|spd|1\n|-boost|p1a: Kommo-o|spe|1\n|-damage|p1a: Kommo-o|115/245 psn\n|move|p2a: Muk|Poison Jab|p1a: Kommo-o\n|-crit|p1a: Kommo-o\n|-damage|p1a: Kommo-o|64/245 psn\n|\n|-damage|p1a: Kommo-o|34/245 psn|[from] psn\n|-damage|p2a: Muk|161/306 brn|[from] brn\n|upkeep\n|turn|6\n|\n|t:|1781457070\n|move|p1a: Kommo-o|Drain Punch|p2a: Muk\n|-damage|p2a: Muk|29/306 brn\n|-heal|p1a: Kommo-o|100/245 psn|[from] drain|[of] p2a: Muk\n|move|p2a: Muk|Poison Jab|p1a: Kommo-o\n|-damage|p1a: Kommo-o|79/245 psn\n|\n|-damage|p1a: Kommo-o|49/245 psn|[from] psn\n|-damage|p2a: Muk|10/306 brn|[from] brn\n|upkeep\n|turn|7\n|\n|t:|1781457077\n|move|p2a: Muk|Shadow Sneak|p1a: Kommo-o\n|-damage|p1a: Kommo-o|41/245 psn\n|move|p1a: Kommo-o|Clanging Scales|p2a: Muk\n|-crit|p2a: Muk\n|-damage|p2a: Muk|0 fnt\n|faint|p2a: Muk\n|-unboost|p1a: Kommo-o|def|1\n|\n|-damage|p1a: Kommo-o|11/245 psn|[from] psn\n|upkeep\n|\n|t:|1781457094\n|switch|p2a: Cresselia|Cresselia, L80, F|323/323\n|turn|8\n|\n|t:|1781457098\n|move|p1a: Kommo-o|Clanging Scales|p2a: Cresselia\n|-damage|p2a: Cresselia|199/323\n|-unboost|p1a: Kommo-o|def|1\n|move|p2a: Cresselia|Psyshock|p1a: Kommo-o\n|-supereffective|p1a: Kommo-o\n|-damage|p1a: Kommo-o|0 fnt\n|faint|p1a: Kommo-o\n|\n|-heal|p2a: Cresselia|219/323|[from] item: Leftovers\n|upkeep\n|\n|t:|1781457114\n|switch|p1a: Palafin|Palafin-Hero, L77, M|192/281 psn\n|-activate|p1a: Palafin|ability: Zero to Hero\n|turn|9\n|\n|t:|1781457136\n|switch|p2a: Arboliva|Arboliva, L91, F|290/290\n|move|p1a: Palafin|Wave Crash|p2a: Arboliva\n|-resisted|p2a: Arboliva\n|-damage|p2a: Arboliva|181/290\n|-fieldstart|move: Grassy Terrain|[from] ability: Seed Sower|[of] p2a: Arboliva\n|-damage|p1a: Palafin|156/281 psn|[from] Recoil\n|\n|-heal|p1a: Palafin|173/281 psn|[from] Grassy Terrain\n|-heal|p2a: Arboliva|199/290|[from] Grassy Terrain\n|-heal|p2a: Arboliva|217/290|[from] item: Leftovers\n|-damage|p1a: Palafin|138/281 psn|[from] psn\n|upkeep\n|turn|10\n|\n|t:|1781457145\n|switch|p1a: Moltres|Moltres, L81|278/278\n|move|p2a: Arboliva|Energy Ball|p1a: Moltres\n|-resisted|p1a: Moltres\n|-damage|p1a: Moltres|230/278\n|\n|-heal|p2a: Arboliva|235/290|[from] Grassy Terrain\n|-heal|p2a: Arboliva|253/290|[from] item: Leftovers\n|upkeep\n|turn|11\n|\n|t:|1781457156\n|switch|p2a: Golduck|Golduck, L90, F|290/290\n|-ability|p2a: Golduck|Cloud Nine\n|move|p1a: Moltres|Fire Blast|p2a: Golduck\n|-resisted|p2a: Golduck\n|-damage|p2a: Golduck|218/290\n|\n|-heal|p2a: Golduck|236/290|[from] Grassy Terrain\n|-heal|p2a: Golduck|254/290|[from] item: Leftovers\n|upkeep\n|turn|12\n|\n|t:|1781457166\n|switch|p1a: Palafin|Palafin-Hero, L77, M|138/281 psn\n|move|p2a: Golduck|Nasty Plot|p2a: Golduck\n|-boost|p2a: Golduck|spa|2\n|\n|-heal|p2a: Golduck|272/290|[from] Grassy Terrain\n|-heal|p2a: Golduck|290/290|[from] item: Leftovers\n|-heal|p1a: Palafin|155/281 psn|[from] Grassy Terrain\n|-damage|p1a: Palafin|120/281 psn|[from] psn\n|upkeep\n|turn|13\n|\n|t:|1781457173\n|move|p1a: Palafin|Jet Punch|p2a: Golduck\n|-resisted|p2a: Golduck\n|-damage|p2a: Golduck|227/290\n|move|p2a: Golduck|Grass Knot|p1a: Palafin\n|-supereffective|p1a: Palafin\n|-damage|p1a: Palafin|0 fnt\n|faint|p1a: Palafin\n|\n|-heal|p2a: Golduck|245/290|[from] Grassy Terrain\n|-heal|p2a: Golduck|263/290|[from] item: Leftovers\n|-fieldend|move: Grassy Terrain\n|upkeep\n|\n|t:|1781457179\n|switch|p1a: Misdreavus|Misdreavus, L90, F|254/254\n|turn|14\n|\n|t:|1781457186\n|move|p1a: Misdreavus|Shadow Ball|p2a: Golduck\n|-damage|p2a: Golduck|179/290\n|move|p2a: Golduck|Nasty Plot|p2a: Golduck\n|-boost|p2a: Golduck|spa|2\n|\n|-heal|p2a: Golduck|197/290|[from] item: Leftovers\n|upkeep\n|turn|15\n|\n|t:|1781457190\n|move|p1a: Misdreavus|Shadow Ball|p2a: Golduck\n|-damage|p2a: Golduck|103/290\n|move|p2a: Golduck|Hydro Pump|p1a: Misdreavus\n|-damage|p1a: Misdreavus|0 fnt\n|faint|p1a: Misdreavus\n|\n|-heal|p2a: Golduck|121/290|[from] item: Leftovers\n|upkeep\n|\n|t:|1781457196\n|switch|p1a: Gyarados|Gyarados, L79, F|280/280\n|-ability|p1a: Gyarados|Intimidate|boost\n|-unboost|p2a: Golduck|atk|1\n|turn|16\n|\n|t:|1781457202\n|move|p2a: Golduck|Grass Knot|p1a: Gyarados\n|-damage|p1a: Gyarados|20/280\n|move|p1a: Gyarados|Dragon Dance|p1a: Gyarados\n|-boost|p1a: Gyarados|atk|1\n|-boost|p1a: Gyarados|spe|1\n|\n|-heal|p2a: Golduck|139/290|[from] item: Leftovers\n|upkeep\n|turn|17\n|\n|t:|1781457210\n|-terastallize|p1a: Gyarados|Flying\n|move|p1a: Gyarados|Tera Blast|p2a: Golduck|[anim] Tera Blast Flying\n|-damage|p2a: Golduck|0 fnt\n|faint|p2a: Golduck\n|\n|upkeep\n|\n|t:|1781457224\n|switch|p2a: Cresselia|Cresselia, L80, F|219/323\n|turn|18\n|\n|t:|1781457228\n|move|p1a: Gyarados|Waterfall|p2a: Cresselia\n|-damage|p2a: Cresselia|98/323\n|move|p2a: Cresselia|Thunderbolt|p1a: Gyarados\n|-supereffective|p1a: Gyarados\n|-damage|p1a: Gyarados|0 fnt\n|faint|p1a: Gyarados\n|\n|-heal|p2a: Cresselia|118/323|[from] item: Leftovers\n|upkeep\n|-message|schleeby forfeited.\n|\n|win|noKlew\n", "inputlog": ">version a8376a258c1d4662feba110a92103f3664a72141\n>start {\"formatid\":\"gen9randombattle\",\"seed\":\"sodium,3a5723efb4a7b94bc41fff857bb3d570\",\"rated\":\"Rated battle\"}\n>player p1 {\"name\":\"schleeby\",\"avatar\":\"rosa\",\"rating\":2057,\"seed\":\"sodium,a0fba90bc4f6f37e2d518470f20ce5da\"}\n>player p2 {\"name\":\"noKlew\",\"avatar\":\"265\",\"rating\":2075,\"seed\":\"sodium,b5a2a90dc05498ccc16d2176feed3e6b\"}\n>p1 switch 6\n>p2 move boomburst\n>p1 move willowisp\n>p2 switch 6\n>p1 switch 2\n>p2 move poisonjab\n>p1 move flipturn\n>p2 move knockoff\n>p1 switch 5\n>p1 move clangoroussoul\n>p2 move poisonjab\n>p1 move drainpunch\n>p2 move poisonjab\n>p1 move clangingscales\n>p2 move shadowsneak\n>p2 switch 2\n>p1 move clangingscales\n>p2 move psyshock\n>p1 switch 5\n>p1 move wavecrash\n>p2 switch 3\n>p1 switch 3\n>p2 move energyball\n>p1 move fireblast\n>p2 switch 5\n>p1 switch 3\n>p2 move nastyplot\n>p1 move jetpunch\n>p2 move grassknot\n>p1 switch 2\n>p1 move shadowball\n>p2 move nastyplot\n>p1 move shadowball\n>p2 move hydropump\n>p1 switch 6\n>p1 move dragondance\n>p2 move grassknot\n>p1 move terablast terastallize\n>p2 move icebeam\n>p2 switch 3\n>p1 move waterfall\n>p2 move thunderbolt\n>forcelose p1", "uploadtime": 1781456996, "views": 6, "formatid": "gen9randombattle", "rating": null, "private": 0, "password": null}