{"id": "gen9randombattle-2631746713", "format": "[Gen 9] Random Battle", "players": ["Saaskin", "Bigouden"], "log": "|j|\u2606Saaskin\n|j|\u2606Bigouden\n|t:|1781432969\n|gametype|singles\n|player|p1|Saaskin|265|2062\n|player|p2|Bigouden|maid|2018\n|gen|9\n|tier|[Gen 9] Random Battle\n|rated|\n|rule|Species Clause: Limit one of each Pok\u00e9mon\n|rule|HP Percentage Mod: HP is shown in percentages\n|rule|Sleep Clause Mod: Limit one foe put to sleep\n|rule|Illusion Level Mod: Illusion disguises the Pok\u00e9mon's true level\n|\n|t:|1781432969\n|teamsize|p1|6\n|teamsize|p2|6\n|start\n|switch|p1a: Polteageist|Polteageist-Antique, L78|222/222\n|switch|p2a: Braviary|Braviary-Hisui, L85, M|326/326\n|turn|1\n|inactive|Battle timer is ON: inactive players will automatically lose when time's up. (requested by Saaskin)\n|\n|t:|1781432990\n|switch|p1a: Hydreigon|Hydreigon, L79, F|275/275\n|move|p2a: Braviary|U-turn|p1a: Hydreigon\n|-supereffective|p1a: Hydreigon\n|-damage|p1a: Hydreigon|177/275\n|\n|t:|1781432996\n|switch|p2a: Gardevoir|Gardevoir, L83, M|249/249|[from] U-turn\n|-ability|p2a: Gardevoir|Levitate|Trace|[from] ability: Trace|[of] p1a: Hydreigon\n|\n|upkeep\n|turn|2\n|\n|t:|1781433007\n|switch|p1a: Araquanid|Araquanid, L82, M|246/246\n|move|p2a: Gardevoir|Mystical Fire|p1a: Araquanid\n|-damage|p1a: Araquanid|222/246\n|-unboost|p1a: Araquanid|spa|1\n|\n|upkeep\n|turn|3\n|\n|t:|1781433019\n|switch|p2a: Tatsugiri|Tatsugiri, L87, F|260/260\n|move|p1a: Araquanid|Sticky Web|p2a: Tatsugiri\n|-sidestart|p2: Bigouden|move: Sticky Web\n|\n|upkeep\n|turn|4\n|\n|t:|1781433023\n|switch|p1a: Polteageist|Polteageist-Antique, L78|222/222\n|move|p2a: Tatsugiri|Nasty Plot|p2a: Tatsugiri\n|-boost|p2a: Tatsugiri|spa|2\n|\n|upkeep\n|turn|5\n|\n|t:|1781433028\n|move|p2a: Tatsugiri|Draco Meteor|p1a: Polteageist\n|-damage|p1a: Polteageist|0 fnt\n|-unboost|p2a: Tatsugiri|spa|2\n|-start|p2a: Tatsugiri|Disable|Draco Meteor|[from] ability: Cursed Body|[of] p1a: Polteageist\n|faint|p1a: Polteageist\n|\n|upkeep\n|\n|t:|1781433033\n|switch|p1a: Hydreigon|Hydreigon, L79, F|177/275\n|turn|6\n|\n|t:|1781433041\n|switch|p2a: Chansey|Chansey, L85, F|564/564\n|-activate|p2a: Chansey|move: Sticky Web\n|-unboost|p2a: Chansey|spe|1\n|move|p1a: Hydreigon|Draco Meteor|p2a: Chansey\n|-damage|p2a: Chansey|480/564\n|-unboost|p1a: Hydreigon|spa|2\n|\n|upkeep\n|turn|7\n|\n|t:|1781433051\n|switch|p1a: Dedenne|Dedenne, L88, M|261/261\n|move|p2a: Chansey|Thunder Wave|p1a: Dedenne\n|-immune|p1a: Dedenne\n|\n|upkeep\n|turn|8\n|\n|t:|1781433056\n|switch|p2a: Dugtrio|Dugtrio-Alola, L84, M|196/196\n|-activate|p2a: Dugtrio|move: Sticky Web\n|-unboost|p2a: Dugtrio|spe|1\n|move|p1a: Dedenne|Super Fang|p2a: Dugtrio\n|-damage|p2a: Dugtrio|98/196\n|-ability|p2a: Dugtrio|Tangling Hair\n|-unboost|p1a: Dedenne|spe|1\n|\n|upkeep\n|turn|9\n|\n|t:|1781433062\n|switch|p1a: Araquanid|Araquanid, L82, M|222/246\n|move|p2a: Dugtrio|Iron Head|p1a: Araquanid\n|-resisted|p1a: Araquanid\n|-damage|p1a: Araquanid|170/246\n|-damage|p2a: Dugtrio|79/196|[from] item: Life Orb\n|\n|upkeep\n|turn|10\n|\n|t:|1781433070\n|switch|p1a: Dedenne|Dedenne, L88, M|261/261\n|move|p2a: Dugtrio|Iron Head|p1a: Dedenne\n|-damage|p1a: Dedenne|121/261\n|-enditem|p1a: Dedenne|Sitrus Berry|[eat]\n|-heal|p1a: Dedenne|186/261|[from] item: Sitrus Berry\n|-heal|p1a: Dedenne|261/261|[from] ability: Cheek Pouch\n|-damage|p2a: Dugtrio|60/196|[from] item: Life Orb\n|\n|upkeep\n|turn|11\n|\n|t:|1781433076\n|switch|p2a: Chansey|Chansey, L85, F|480/564\n|-activate|p2a: Chansey|move: Sticky Web\n|-unboost|p2a: Chansey|spe|1\n|move|p1a: Dedenne|U-turn|p2a: Chansey\n|-damage|p2a: Chansey|389/564\n|\n|t:|1781433080\n|switch|p1a: Araquanid|Araquanid, L82, M|170/246|[from] U-turn\n|\n|upkeep\n|turn|12\n|\n|t:|1781433084\n|switch|p2a: Tatsugiri|Tatsugiri, L87, F|260/260\n|move|p1a: Araquanid|Leech Life|p2a: Tatsugiri\n|-damage|p2a: Tatsugiri|184/260\n|-heal|p1a: Araquanid|208/246|[from] drain|[of] p2a: Tatsugiri\n|\n|upkeep\n|turn|13\n|\n|t:|1781433090\n|move|p2a: Tatsugiri|Rapid Spin|p1a: Araquanid\n|-damage|p1a: Araquanid|184/246\n|-boost|p2a: Tatsugiri|spe|1\n|-sideend|p2: Bigouden|Sticky Web|[from] move: Rapid Spin|[of] p2a: Tatsugiri\n|move|p1a: Araquanid|Leech Life|p2a: Tatsugiri\n|-damage|p2a: Tatsugiri|100/260\n|-heal|p1a: Araquanid|226/246|[from] drain|[of] p2a: Tatsugiri\n|\n|upkeep\n|turn|14\n|\n|t:|1781433095\n|move|p2a: Tatsugiri|Nasty Plot|p2a: Tatsugiri\n|-boost|p2a: Tatsugiri|spa|2\n|move|p1a: Araquanid|Leech Life|p2a: Tatsugiri\n|-damage|p2a: Tatsugiri|21/260\n|-heal|p1a: Araquanid|246/246|[from] drain|[of] p2a: Tatsugiri\n|\n|upkeep\n|turn|15\n|\n|t:|1781433101\n|move|p2a: Tatsugiri|Draco Meteor|p1a: Araquanid\n|-damage|p1a: Araquanid|0 fnt\n|-unboost|p2a: Tatsugiri|spa|2\n|faint|p1a: Araquanid\n|\n|upkeep\n|-message|Saaskin forfeited.\n|\n|win|Bigouden\n", "inputlog": ">version a8376a258c1d4662feba110a92103f3664a72141\n>start {\"formatid\":\"gen9randombattle\",\"seed\":\"sodium,acf44ad62f61f0faef24dc9f5e1c429d\",\"rated\":\"Rated battle\"}\n>player p1 {\"name\":\"Saaskin\",\"avatar\":\"265\",\"rating\":2062,\"seed\":\"sodium,d773d399e9adf5a7793915b80235b6d2\"}\n>player p2 {\"name\":\"Bigouden\",\"avatar\":\"maid\",\"rating\":2018,\"seed\":\"sodium,e375450b7804b4e14890a81b7775b14b\"}\n>p1 switch 4\n>p2 move uturn\n>p2 switch 2\n>p1 switch 3\n>p2 move mysticalfire\n>p1 move stickyweb\n>p2 switch 3\n>p1 switch 4\n>p2 move nastyplot\n>p1 move shellsmash\n>p2 move dracometeor\n>p1 switch 3\n>p1 move dracometeor\n>p2 switch 4\n>p1 switch 6\n>p2 move thunderwave\n>p1 move superfang\n>p2 switch 6\n>p1 switch 4\n>p2 move ironhead\n>p1 switch 4\n>p2 move ironhead\n>p1 move uturn\n>p2 switch 6\n>p1 switch 4\n>p1 move leechlife\n>p2 switch 4\n>p1 move leechlife\n>p2 move rapidspin\n>p1 move leechlife\n>p2 move nastyplot\n>p1 move leechlife\n>p2 move dracometeor\n>forcelose p1", "uploadtime": 1781432971, "views": 5, "formatid": "gen9randombattle", "rating": null, "private": 0, "password": null}