{"id": "gen9randombattle-2631519642", "format": "[Gen 9] Random Battle", "players": ["arnavgupta", "nitro crate"], "log": "|j|\u2606arnavgupta\n|j|\u2606nitro crate\n|t:|1781395752\n|gametype|singles\n|player|p1|arnavgupta|drayden|2070\n|player|p2|nitro crate|1|2025\n|gen|9\n|tier|[Gen 9] Random Battle\n|rated|\n|rule|Species Clause: Limit one of each Pok\u00e9mon\n|rule|HP Percentage Mod: HP is shown in percentages\n|rule|Sleep Clause Mod: Limit one foe put to sleep\n|rule|Illusion Level Mod: Illusion disguises the Pok\u00e9mon's true level\n|\n|t:|1781395752\n|teamsize|p1|6\n|teamsize|p2|6\n|start\n|switch|p1a: Typhlosion|Typhlosion, L84, F|267/267\n|switch|p2a: Falinks|Falinks, L84|246/246\n|turn|1\n|inactive|Battle timer is ON: inactive players will automatically lose when time's up. (requested by arnavgupta)\n|\n|t:|1781395760\n|switch|p2a: Kingdra|Kingdra, L84, F|263/263\n|move|p1a: Typhlosion|Eruption|p2a: Kingdra\n|-resisted|p2a: Kingdra\n|-damage|p2a: Kingdra|208/263\n|\n|upkeep\n|turn|2\n|\n|t:|1781395765\n|switch|p1a: Arboliva|Arboliva, L91, F|288/288\n|move|p2a: Kingdra|Wave Crash|p1a: Arboliva\n|-resisted|p1a: Arboliva\n|-damage|p1a: Arboliva|234/288\n|-damage|p2a: Kingdra|190/263|[from] Recoil\n|\n|upkeep\n|turn|3\n|\n|t:|1781395776\n|switch|p2a: Vivillon|Vivillon-High Plains, L83, M|268/268\n|move|p1a: Arboliva|Substitute|p1a: Arboliva\n|-start|p1a: Arboliva|Substitute\n|-damage|p1a: Arboliva|162/288\n|\n|upkeep\n|turn|4\n|\n|t:|1781395781\n|move|p1a: Arboliva|Protect|p1a: Arboliva\n|-singleturn|p1a: Arboliva|Protect\n|move|p2a: Vivillon|Hurricane|p1a: Arboliva\n|-activate|p1a: Arboliva|move: Protect\n|\n|upkeep\n|turn|5\n|\n|t:|1781395789\n|-terastallize|p1a: Arboliva|Poison\n|move|p2a: Vivillon|Hurricane|p1a: Arboliva\n|-end|p1a: Arboliva|Substitute\n|move|p1a: Arboliva|Hyper Voice|p2a: Vivillon\n|-damage|p2a: Vivillon|52/268\n|\n|upkeep\n|turn|6\n|\n|t:|1781395800\n|move|p2a: Vivillon|Sleep Powder|p1a: Arboliva\n|-status|p1a: Arboliva|slp|[from] move: Sleep Powder\n|cant|p1a: Arboliva|slp\n|\n|upkeep\n|turn|7\n|\n|t:|1781395804\n|move|p2a: Vivillon|Hurricane|p1a: Arboliva\n|-damage|p1a: Arboliva|81/288 slp\n|-enditem|p1a: Arboliva|Sitrus Berry|[eat]\n|-heal|p1a: Arboliva|153/288 slp|[from] item: Sitrus Berry\n|cant|p1a: Arboliva|slp\n|\n|upkeep\n|turn|8\n|\n|t:|1781395812\n|move|p2a: Vivillon|Hurricane|p1a: Arboliva\n|-damage|p1a: Arboliva|62/288 slp\n|-curestatus|p1a: Arboliva|slp|[msg]\n|move|p1a: Arboliva|Hyper Voice|p2a: Vivillon\n|-damage|p2a: Vivillon|0 fnt\n|faint|p2a: Vivillon\n|\n|-item|p1a: Arboliva|Sitrus Berry|[from] ability: Harvest\n|upkeep\n|-enditem|p1a: Arboliva|Sitrus Berry|[eat]\n|-heal|p1a: Arboliva|134/288|[from] item: Sitrus Berry\n|\n|t:|1781395823\n|switch|p2a: Raichu|Raichu-Alola, L87, F|246/246\n|turn|9\n|\n|t:|1781395828\n|move|p1a: Arboliva|Protect|p1a: Arboliva\n|-singleturn|p1a: Arboliva|Protect\n|move|p2a: Raichu|Psyshock|p1a: Arboliva\n|-activate|p1a: Arboliva|move: Protect\n|\n|-item|p1a: Arboliva|Sitrus Berry|[from] ability: Harvest\n|upkeep\n|-enditem|p1a: Arboliva|Sitrus Berry|[eat]\n|-heal|p1a: Arboliva|206/288|[from] item: Sitrus Berry\n|turn|10\n|\n|t:|1781395836\n|switch|p1a: Duraludon|Duraludon, L82, F|249/249\n|move|p2a: Raichu|Psyshock|p1a: Duraludon\n|-resisted|p1a: Duraludon\n|-damage|p1a: Duraludon|212/249\n|\n|upkeep\n|turn|11\n|\n|t:|1781395845\n|switch|p2a: Falinks|Falinks, L84|246/246\n|move|p1a: Duraludon|Draco Meteor|p2a: Falinks\n|-damage|p2a: Falinks|41/246\n|-unboost|p1a: Duraludon|spa|2\n|\n|upkeep\n|turn|12\n|\n|t:|1781395851\n|move|p1a: Duraludon|Body Press|p2a: Falinks\n|-damage|p2a: Falinks|0 fnt\n|faint|p2a: Falinks\n|\n|upkeep\n|-message|nitro crate forfeited.\n|\n|win|arnavgupta\n", "inputlog": ">version a8376a258c1d4662feba110a92103f3664a72141\n>start {\"formatid\":\"gen9randombattle\",\"seed\":\"sodium,2916b7033023dbf570e09e4b8663d228\",\"rated\":\"Rated battle\"}\n>player p1 {\"name\":\"arnavgupta\",\"avatar\":\"drayden\",\"rating\":2070,\"seed\":\"sodium,2a11932c910f55c8181239a9e23bfa41\"}\n>player p2 {\"name\":\"nitro crate\",\"avatar\":\"1\",\"rating\":2025,\"seed\":\"sodium,01b2533db3d7f0a98d644a947ba23b2e\"}\n>p1 move eruption\n>p2 switch 5\n>p1 switch 6\n>p2 move wavecrash\n>p1 move substitute\n>p2 switch 6\n>p1 move protect\n>p2 move hurricane\n>p1 move hypervoice terastallize\n>p2 move hurricane\n>p1 move hypervoice\n>p2 move sleeppowder\n>p1 move hypervoice\n>p2 move hurricane\n>p1 move hypervoice\n>p2 move hurricane\n>p2 switch 2\n>p1 move protect\n>p2 move psyshock\n>p1 switch 4\n>p2 move psyshock\n>p1 move dracometeor\n>p2 switch 5\n>p1 move bodypress\n>p2 move noretreat\n>forcelose p2", "uploadtime": 1781395754, "views": 4, "formatid": "gen9randombattle", "rating": null, "private": 0, "password": null}