{"id": "gen9randombattle-2631711705", "format": "[Gen 9] Random Battle", "players": ["Eddygee123", "aarsje"], "log": "|j|\u2606Eddygee123\n|j|\u2606aarsje\n|t:|1781426602\n|gametype|singles\n|player|p1|Eddygee123|1|2068\n|player|p2|aarsje|li|2110\n|gen|9\n|tier|[Gen 9] Random Battle\n|rated|\n|rule|Species Clause: Limit one of each Pok\u00e9mon\n|rule|HP Percentage Mod: HP is shown in percentages\n|rule|Sleep Clause Mod: Limit one foe put to sleep\n|rule|Illusion Level Mod: Illusion disguises the Pok\u00e9mon's true level\n|\n|t:|1781426602\n|teamsize|p1|6\n|teamsize|p2|6\n|start\n|switch|p1a: Tyranitar|Tyranitar, L78, F|284/284\n|switch|p2a: Hatterene|Hatterene, L85, F|236/236\n|-weather|Sandstorm|[from] ability: Sand Stream|[of] p1a: Tyranitar\n|turn|1\n|\n|t:|1781426625\n|switch|p2a: Great Tusk|Great Tusk, L77|304/304\n|move|p1a: Tyranitar|Knock Off|p2a: Great Tusk\n|-resisted|p2a: Great Tusk\n|-damage|p2a: Great Tusk|260/304\n|-enditem|p2a: Great Tusk|Assault Vest|[from] move: Knock Off|[of] p1a: Tyranitar\n|\n|-weather|Sandstorm|[upkeep]\n|upkeep\n|turn|2\n|\n|t:|1781426641\n|switch|p1a: Volbeat|Volbeat, L90, M|263/263\n|move|p2a: Great Tusk|Headlong Rush|p1a: Volbeat\n|-resisted|p1a: Volbeat\n|-damage|p1a: Volbeat|191/263\n|-unboost|p2a: Great Tusk|def|1\n|-unboost|p2a: Great Tusk|spd|1\n|\n|-weather|Sandstorm|[upkeep]\n|-damage|p1a: Volbeat|175/263|[from] Sandstorm\n|upkeep\n|turn|3\n|\n|t:|1781426662\n|-end|p2a: Great Tusk|Protosynthesis|[silent]\n|switch|p2a: Skeledirge|Skeledirge, L79, F|294/294\n|move|p1a: Volbeat|Encore||[still]\n|-fail|p1a: Volbeat\n|\n|-weather|Sandstorm|[upkeep]\n|-damage|p1a: Volbeat|159/263|[from] Sandstorm\n|-damage|p2a: Skeledirge|276/294|[from] Sandstorm\n|upkeep\n|turn|4\n|\n|t:|1781426681\n|switch|p2a: Oinkologne|Oinkologne-F, L92, F|361/361\n|move|p1a: Volbeat|U-turn|p2a: Oinkologne\n|-damage|p2a: Oinkologne|285/361\n|\n|t:|1781426690\n|switch|p1a: Mienshao|Mienshao, L83, M|244/244|[from] U-turn\n|\n|-weather|Sandstorm|[upkeep]\n|-damage|p1a: Mienshao|229/244|[from] Sandstorm\n|-damage|p2a: Oinkologne|263/361|[from] Sandstorm\n|-heal|p2a: Oinkologne|285/361|[from] item: Leftovers\n|upkeep\n|turn|5\n|\n|t:|1781426712\n|switch|p2a: Scream Tail|Scream Tail, L84|330/330\n|move|p1a: Mienshao|Knock Off|p2a: Scream Tail\n|-damage|p2a: Scream Tail|258/330\n|-enditem|p2a: Scream Tail|Leftovers|[from] move: Knock Off|[of] p1a: Mienshao\n|\n|-weather|none\n|upkeep\n|turn|6\n|\n|t:|1781426726\n|switch|p1a: Gastrodon|Gastrodon-East, L86, M|331/331\n|move|p2a: Scream Tail|Wish|p2a: Scream Tail\n|\n|upkeep\n|turn|7\n|\n|t:|1781426742\n|-end|p2a: Scream Tail|Protosynthesis|[silent]\n|switch|p2a: Hatterene|Hatterene, L85, F|236/236\n|move|p1a: Gastrodon|Earthquake|p2a: Hatterene\n|-damage|p2a: Hatterene|148/236\n|\n|-heal|p2a: Hatterene|236/236|[from] move: Wish|[wisher] Scream Tail\n|upkeep\n|turn|8\n|\n|t:|1781426752\n|move|p1a: Gastrodon|Earthquake|p2a: Hatterene\n|-damage|p2a: Hatterene|152/236\n|move|p2a: Hatterene|Calm Mind|p2a: Hatterene\n|-boost|p2a: Hatterene|spa|1\n|-boost|p2a: Hatterene|spd|1\n|\n|-heal|p2a: Hatterene|166/236|[from] item: Leftovers\n|upkeep\n|turn|9\n|\n|t:|1781426759\n|move|p1a: Gastrodon|Earthquake|p2a: Hatterene\n|-damage|p2a: Hatterene|78/236\n|move|p2a: Hatterene|Draining Kiss|p1a: Gastrodon\n|-damage|p1a: Gastrodon|216/331\n|-heal|p2a: Hatterene|164/236|[from] drain|[of] p1a: Gastrodon\n|\n|-heal|p1a: Gastrodon|236/331|[from] item: Leftovers\n|-heal|p2a: Hatterene|178/236|[from] item: Leftovers\n|upkeep\n|turn|10\n|\n|t:|1781426775\n|switch|p1a: Coalossal|Coalossal, L89, F|341/341\n|move|p2a: Hatterene|Draining Kiss|p1a: Coalossal\n|-resisted|p1a: Coalossal\n|-damage|p1a: Coalossal|291/341\n|-heal|p2a: Hatterene|216/236|[from] drain|[of] p1a: Coalossal\n|\n|-heal|p2a: Hatterene|230/236|[from] item: Leftovers\n|upkeep\n|turn|11\n|l|\u2606aarsje\n|player|p2|\n|j|\u2606aarsje\n|player|p2|aarsje|li|\n|\n|t:|1781426828\n|move|p1a: Coalossal|Stone Edge|p2a: Hatterene\n|-damage|p2a: Hatterene|140/236\n|move|p2a: Hatterene|Psyshock|p1a: Coalossal\n|-damage|p1a: Coalossal|153/341\n|\n|-heal|p2a: Hatterene|154/236|[from] item: Leftovers\n|upkeep\n|turn|12\n|\n|t:|1781426848\n|switch|p2a: Oinkologne|Oinkologne-F, L92, F|285/361\n|move|p1a: Coalossal|Stone Edge|p2a: Oinkologne\n|-damage|p2a: Oinkologne|174/361\n|\n|-heal|p2a: Oinkologne|196/361|[from] item: Leftovers\n|upkeep\n|turn|13\n|\n|t:|1781426861\n|switch|p1a: Mienshao|Mienshao, L83, M|244/244\n|move|p2a: Oinkologne|Curse|p2a: Oinkologne\n|-unboost|p2a: Oinkologne|spe|1\n|-boost|p2a: Oinkologne|atk|1\n|-boost|p2a: Oinkologne|def|1\n|\n|-heal|p2a: Oinkologne|218/361|[from] item: Leftovers\n|upkeep\n|turn|14\n|\n|t:|1781426868\n|move|p1a: Mienshao|Close Combat|p2a: Oinkologne\n|-supereffective|p2a: Oinkologne\n|-damage|p2a: Oinkologne|0 fnt\n|-unboost|p1a: Mienshao|def|1\n|-unboost|p1a: Mienshao|spd|1\n|faint|p2a: Oinkologne\n|\n|upkeep\n|\n|t:|1781426882\n|switch|p2a: Hatterene|Hatterene, L85, F|154/236\n|turn|15\n|\n|t:|1781426904\n|move|p1a: Mienshao|Knock Off|p2a: Hatterene\n|-damage|p2a: Hatterene|73/236\n|-enditem|p2a: Hatterene|Leftovers|[from] move: Knock Off|[of] p1a: Mienshao\n|move|p2a: Hatterene|Psyshock|p1a: Mienshao\n|-supereffective|p1a: Mienshao\n|-damage|p1a: Mienshao|0 fnt\n|faint|p1a: Mienshao\n|\n|upkeep\n|\n|t:|1781426951\n|switch|p1a: Gastrodon|Gastrodon-East, L86, M|236/331\n|turn|16\n|j| Poi890\n|\n|t:|1781426960\n|switch|p2a: Scream Tail|Scream Tail, L84|258/330\n|move|p1a: Gastrodon|Earthquake|p2a: Scream Tail\n|-damage|p2a: Scream Tail|161/330\n|\n|-heal|p1a: Gastrodon|256/331|[from] item: Leftovers\n|upkeep\n|turn|17\n|\n|t:|1781426973\n|move|p2a: Scream Tail|Wish|p2a: Scream Tail\n|move|p1a: Gastrodon|Stealth Rock|p2a: Scream Tail\n|-sidestart|p2: aarsje|move: Stealth Rock\n|\n|-heal|p1a: Gastrodon|276/331|[from] item: Leftovers\n|upkeep\n|turn|18\n|\n|t:|1781426979\n|move|p2a: Scream Tail|Encore|p1a: Gastrodon\n|-start|p1a: Gastrodon|Encore\n|move|p1a: Gastrodon|Stealth Rock||[still]\n|-fail|p1a: Gastrodon\n|\n|-heal|p2a: Scream Tail|326/330|[from] move: Wish|[wisher] Scream Tail\n|-heal|p1a: Gastrodon|296/331|[from] item: Leftovers\n|upkeep\n|turn|19\n|\n|t:|1781426984\n|switch|p1a: Volbeat|Volbeat, L90, M|159/263\n|move|p2a: Scream Tail|Wish|p2a: Scream Tail\n|\n|upkeep\n|turn|20\n|\n|t:|1781427006\n|move|p2a: Scream Tail|Dazzling Gleam|p1a: Volbeat\n|-damage|p1a: Volbeat|101/263\n|move|p1a: Volbeat|U-turn|p2a: Scream Tail\n|-crit|p2a: Scream Tail\n|-damage|p2a: Scream Tail|221/330\n|\n|t:|1781427027\n|switch|p1a: Coalossal|Coalossal, L89, F|153/341|[from] U-turn\n|\n|-heal|p2a: Scream Tail|330/330|[from] move: Wish|[wisher] Scream Tail\n|upkeep\n|turn|21\n|\n|t:|1781427041\n|move|p2a: Scream Tail|Wish|p2a: Scream Tail\n|move|p1a: Coalossal|Spikes|p2a: Scream Tail\n|-sidestart|p2: aarsje|Spikes\n|\n|upkeep\n|turn|22\n|\n|t:|1781427058\n|-end|p2a: Scream Tail|Protosynthesis|[silent]\n|switch|p2a: Floatzel|Floatzel, L86, M|286/286\n|-damage|p2a: Floatzel|251/286|[from] Stealth Rock\n|-damage|p2a: Floatzel|216/286|[from] Spikes\n|move|p1a: Coalossal|Flamethrower|p2a: Floatzel\n|-resisted|p2a: Floatzel\n|-damage|p2a: Floatzel|150/286\n|\n|-heal|p2a: Floatzel|286/286|[from] move: Wish|[wisher] Scream Tail\n|upkeep\n|turn|23\n|\n|t:|1781427069\n|switch|p1a: Gastrodon|Gastrodon-East, L86, M|296/331\n|move|p2a: Floatzel|Bulk Up|p2a: Floatzel\n|-boost|p2a: Floatzel|atk|1\n|-boost|p2a: Floatzel|def|1\n|\n|-heal|p1a: Gastrodon|316/331|[from] item: Leftovers\n|upkeep\n|turn|24\n|\n|t:|1781427083\n|switch|p1a: Volbeat|Volbeat, L90, M|101/263\n|move|p2a: Floatzel|Bulk Up|p2a: Floatzel\n|-boost|p2a: Floatzel|atk|1\n|-boost|p2a: Floatzel|def|1\n|\n|upkeep\n|turn|25\n|\n|t:|1781427093\n|switch|p2a: Scream Tail|Scream Tail, L84|330/330\n|-damage|p2a: Scream Tail|289/330|[from] Stealth Rock\n|-damage|p2a: Scream Tail|248/330|[from] Spikes\n|move|p1a: Volbeat|Encore||[still]\n|-fail|p1a: Volbeat\n|\n|upkeep\n|turn|26\n|\n|t:|1781427100\n|move|p1a: Volbeat|Thunder Wave|p2a: Scream Tail\n|-status|p2a: Scream Tail|par\n|cant|p2a: Scream Tail|par\n|\n|upkeep\n|turn|27\n|\n|t:|1781427113\n|move|p1a: Volbeat|U-turn|p2a: Scream Tail\n|-damage|p2a: Scream Tail|185/330 par\n|\n|t:|1781427120\n|switch|p1a: Gastrodon|Gastrodon-East, L86, M|316/331|[from] U-turn\n|cant|p2a: Scream Tail|par\n|\n|-heal|p1a: Gastrodon|331/331|[from] item: Leftovers\n|upkeep\n|turn|28\n|\n|t:|1781427128\n|cant|p2a: Scream Tail|par\n|move|p1a: Gastrodon|Earthquake|p2a: Scream Tail\n|-damage|p2a: Scream Tail|95/330 par\n|\n|upkeep\n|turn|29\n|\n|t:|1781427135\n|move|p2a: Scream Tail|Wish|p2a: Scream Tail\n|move|p1a: Gastrodon|Earthquake|p2a: Scream Tail\n|-damage|p2a: Scream Tail|8/330 par\n|\n|upkeep\n|turn|30\n|\n|t:|1781427140\n|move|p2a: Scream Tail|Protect|p2a: Scream Tail\n|-singleturn|p2a: Scream Tail|Protect\n|move|p1a: Gastrodon|Earthquake|p2a: Scream Tail\n|-activate|p2a: Scream Tail|move: Protect\n|\n|-heal|p2a: Scream Tail|173/330 par|[from] move: Wish|[wisher] Scream Tail\n|upkeep\n|turn|31\n|\n|t:|1781427151\n|switch|p1a: Tyranitar|Tyranitar, L78, F|284/284\n|-weather|Sandstorm|[from] ability: Sand Stream|[of] p1a: Tyranitar\n|move|p2a: Scream Tail|Wish|p2a: Scream Tail\n|\n|-weather|Sandstorm|[upkeep]\n|-damage|p2a: Scream Tail|153/330 par|[from] Sandstorm\n|upkeep\n|turn|32\n|\n|t:|1781427165\n|move|p1a: Tyranitar|Dragon Dance|p1a: Tyranitar\n|-boost|p1a: Tyranitar|atk|1\n|-boost|p1a: Tyranitar|spe|1\n|move|p2a: Scream Tail|Dazzling Gleam|p1a: Tyranitar\n|-supereffective|p1a: Tyranitar\n|-damage|p1a: Tyranitar|204/284\n|-enditem|p1a: Tyranitar|Weakness Policy\n|-boost|p1a: Tyranitar|atk|2|[from] item: Weakness Policy\n|-boost|p1a: Tyranitar|spa|2|[from] item: Weakness Policy\n|\n|-weather|Sandstorm|[upkeep]\n|-damage|p2a: Scream Tail|133/330 par|[from] Sandstorm\n|-heal|p2a: Scream Tail|298/330 par|[from] move: Wish|[wisher] Scream Tail\n|upkeep\n|turn|33\n|\n|t:|1781427173\n|move|p1a: Tyranitar|Stone Edge|p2a: Scream Tail|[miss]\n|-miss|p1a: Tyranitar|p2a: Scream Tail\n|move|p2a: Scream Tail|Encore|p1a: Tyranitar\n|-start|p1a: Tyranitar|Encore\n|\n|-weather|Sandstorm|[upkeep]\n|-damage|p2a: Scream Tail|278/330 par|[from] Sandstorm\n|upkeep\n|turn|34\n|\n|t:|1781427177\n|move|p2a: Scream Tail|Protect|p2a: Scream Tail\n|-singleturn|p2a: Scream Tail|Protect\n|move|p1a: Tyranitar|Stone Edge|p2a: Scream Tail\n|-activate|p2a: Scream Tail|move: Protect\n|\n|-weather|Sandstorm|[upkeep]\n|-damage|p2a: Scream Tail|258/330 par|[from] Sandstorm\n|upkeep\n|turn|35\n|\n|t:|1781427184\n|move|p1a: Tyranitar|Stone Edge|p2a: Scream Tail|[miss]\n|-miss|p1a: Tyranitar|p2a: Scream Tail\n|move|p2a: Scream Tail|Wish|p2a: Scream Tail\n|\n|-weather|none\n|upkeep\n|turn|36\n|\n|t:|1781427188\n|cant|p2a: Scream Tail|par\n|move|p1a: Tyranitar|Stone Edge|p2a: Scream Tail|[miss]\n|-miss|p1a: Tyranitar|p2a: Scream Tail\n|\n|-heal|p2a: Scream Tail|330/330 par|[from] move: Wish|[wisher] Scream Tail\n|-end|p1a: Tyranitar|Encore\n|upkeep\n|turn|37\n|c|\u2606Eddygee123|Bro wtf\n|\n|t:|1781427207\n|move|p1a: Tyranitar|Knock Off|p2a: Scream Tail\n|-damage|p2a: Scream Tail|150/330 par\n|cant|p2a: Scream Tail|par\n|\n|upkeep\n|turn|38\n|\n|t:|1781427211\n|cant|p2a: Scream Tail|par\n|move|p1a: Tyranitar|Knock Off|p2a: Scream Tail\n|-damage|p2a: Scream Tail|0 fnt\n|faint|p2a: Scream Tail\n|-end|p2a: Scream Tail|Protosynthesis|[silent]\n|\n|upkeep\n|\n|t:|1781427218\n|switch|p2a: Great Tusk|Great Tusk, L77|260/304\n|-damage|p2a: Great Tusk|251/304|[from] Stealth Rock\n|-damage|p2a: Great Tusk|213/304|[from] Spikes\n|turn|39\n|\n|t:|1781427234\n|move|p1a: Tyranitar|Ice Punch|p2a: Great Tusk\n|-supereffective|p2a: Great Tusk\n|-damage|p2a: Great Tusk|0 fnt\n|faint|p2a: Great Tusk\n|-end|p2a: Great Tusk|Protosynthesis|[silent]\n|\n|upkeep\n|-message|aarsje forfeited.\n|\n|win|Eddygee123\n|raw|Eddygee123's rating: 2068 &rarr; <strong>2090</strong><br />(+22 for winning)\n|raw|aarsje's rating: 2110 &rarr; <strong>2088</strong><br />(-22 for losing)\n", "inputlog": ">version a8376a258c1d4662feba110a92103f3664a72141\n>start {\"formatid\":\"gen9randombattle\",\"seed\":\"sodium,4608e8d05452c96c61c770d34ea79749\",\"rated\":\"Rated battle\"}\n>player p1 {\"name\":\"Eddygee123\",\"avatar\":\"1\",\"rating\":2068,\"seed\":\"sodium,0d1a69b68b604c4b989f6cd713574d19\"}\n>player p2 {\"name\":\"aarsje\",\"avatar\":\"li\",\"rating\":2110,\"seed\":\"sodium,27a29f9296482061e6744822bd767a22\"}\n>p1 move knockoff\n>p2 switch 3\n>p1 switch 5\n>p2 move headlongrush\n>p1 move encore\n>p2 switch 2\n>p1 move uturn\n>p2 switch 4\n>p1 switch 6\n>p1 move knockoff\n>p2 switch 6\n>p1 switch 4\n>p2 move wish\n>p1 move earthquake\n>p2 switch 3\n>p1 move earthquake\n>p2 move calmmind\n>p1 move earthquake\n>p2 move drainingkiss\n>p1 switch 3\n>p2 move drainingkiss\n>p1 move stoneedge\n>p2 move psyshock\n>p1 move stoneedge\n>p2 switch 6\n>p1 switch 4\n>p2 move curse\n>p1 move closecombat\n>p2 move bodyslam\n>p2 switch 6\n>p1 move knockoff\n>p2 move psyshock\n>p1 switch 3\n>p1 move earthquake\n>p2 switch 3\n>p1 move stealthrock\n>p2 move wish\n>p1 move earthquake\n>p2 move encore\n>p1 switch 6\n>p2 move wish\n>p1 move uturn\n>p2 move dazzlinggleam\n>p1 switch 4\n>p1 move spikes\n>p2 move wish\n>p1 move flamethrower\n>p2 switch 5\n>p1 switch 6\n>p2 move bulkup\n>p1 switch 4\n>p2 move bulkup\n>p1 move encore\n>p2 switch 5\n>p1 move thunderwave\n>p2 move wish\n>p1 move uturn\n>p2 move wish\n>p1 switch 4\n>p1 move earthquake\n>p2 move wish\n>p1 move earthquake\n>p2 move wish\n>p1 move earthquake\n>p2 move protect\n>p1 switch 5\n>p2 move wish\n>p1 move dragondance\n>p2 move dazzlinggleam\n>p1 move stoneedge\n>p2 move encore\n>p1 move stoneedge\n>p2 move protect\n>p1 move stoneedge\n>p2 move wish\n>p1 move stoneedge\n>p2 move protect\n>chat \u2606Eddygee123|Bro wtf\n>p1 move knockoff\n>p2 move encore\n>p1 move knockoff\n>p2 move protect\n>p2 switch 2\n>p1 move icepunch\n>p2 move closecombat\n>forcelose p2", "uploadtime": 1781426604, "views": 7, "formatid": "gen9randombattle", "rating": 2088, "private": 0, "password": null}