{"id": "gen9randombattle-2631958686", "format": "[Gen 9] Random Battle", "players": ["hmmjrji", "kytfvb2"], "log": "|j|\u2606hmmjrji\n|j|\u2606kytfvb2\n|t:|1781459962\n|gametype|singles\n|player|p1|hmmjrji|266|1957\n|player|p2|kytfvb2|shadowtriad|1976\n|gen|9\n|tier|[Gen 9] Random Battle\n|rated|\n|rule|Species Clause: Limit one of each Pok\u00e9mon\n|rule|HP Percentage Mod: HP is shown in percentages\n|rule|Sleep Clause Mod: Limit one foe put to sleep\n|rule|Illusion Level Mod: Illusion disguises the Pok\u00e9mon's true level\n|\n|t:|1781459962\n|teamsize|p1|6\n|teamsize|p2|6\n|start\n|switch|p1a: Venomoth|Venomoth, L84, F|255/255\n|switch|p2a: Raichu|Raichu-Alola, L87, F|246/246\n|turn|1\n|\n|t:|1781459979\n|switch|p1a: Incineroar|Incineroar, L82, M|290/290\n|-ability|p1a: Incineroar|Intimidate|boost\n|-unboost|p2a: Raichu|atk|1\n|move|p2a: Raichu|Psychic|p1a: Incineroar\n|-immune|p1a: Incineroar\n|\n|upkeep\n|turn|2\n|\n|t:|1781459990\n|switch|p2a: Electivire|Electivire, L84, M|263/263\n|move|p1a: Incineroar|U-turn|p2a: Electivire\n|-damage|p2a: Electivire|198/263\n|\n|t:|1781460011\n|switch|p1a: Leafeon|Leafeon, L88, F|258/258|[from] U-turn\n|\n|upkeep\n|turn|3\n|\n|t:|1781460014\n|move|p1a: Leafeon|Leaf Blade|p2a: Electivire\n|-damage|p2a: Electivire|62/263\n|move|p2a: Electivire|Ice Punch|p1a: Leafeon\n|-supereffective|p1a: Leafeon\n|-damage|p1a: Leafeon|138/258\n|-damage|p2a: Electivire|36/263|[from] item: Life Orb\n|\n|-heal|p1a: Leafeon|154/258|[from] item: Leftovers\n|upkeep\n|turn|4\n|\n|t:|1781460024\n|switch|p2a: Shiftry|Shiftry, L89, F|305/305\n|move|p1a: Leafeon|Leaf Blade|p2a: Shiftry\n|-resisted|p2a: Shiftry\n|-crit|p2a: Shiftry\n|-damage|p2a: Shiftry|204/305\n|\n|-heal|p1a: Leafeon|170/258|[from] item: Leftovers\n|upkeep\n|turn|5\n|\n|t:|1781460033\n|switch|p1a: Incineroar|Incineroar, L82, M|290/290\n|-ability|p1a: Incineroar|Intimidate|boost\n|-unboost|p2a: Shiftry|atk|1\n|move|p2a: Shiftry|Tailwind|p2a: Shiftry\n|-sidestart|p2: kytfvb2|move: Tailwind\n|-ability|p2a: Shiftry|Wind Rider|boost\n|-boost|p2a: Shiftry|atk|1\n|\n|upkeep\n|turn|6\n|\n|t:|1781460040\n|move|p2a: Shiftry|Low Kick|p1a: Incineroar\n|-supereffective|p1a: Incineroar\n|-damage|p1a: Incineroar|113/290\n|-damage|p2a: Shiftry|174/305|[from] item: Life Orb\n|move|p1a: Incineroar|U-turn|p2a: Shiftry\n|-supereffective|p2a: Shiftry\n|-damage|p2a: Shiftry|0 fnt\n|faint|p2a: Shiftry\n|\n|t:|1781460053\n|switch|p1a: Leafeon|Leafeon, L88, F|170/258|[from] U-turn\n|\n|-heal|p1a: Leafeon|186/258|[from] item: Leftovers\n|upkeep\n|\n|t:|1781460062\n|switch|p2a: Latios|Latios, L78, M|253/253\n|turn|7\n|\n|t:|1781460067\n|move|p2a: Latios|Draco Meteor|p1a: Leafeon\n|-damage|p1a: Leafeon|0 fnt\n|-unboost|p2a: Latios|spa|2\n|faint|p1a: Leafeon\n|\n|upkeep\n|\n|t:|1781460074\n|switch|p1a: Incineroar|Incineroar, L82, M|113/290\n|-ability|p1a: Incineroar|Intimidate|boost\n|-unboost|p2a: Latios|atk|1\n|turn|8\n|\n|t:|1781460080\n|switch|p2a: Electivire|Electivire, L84, M|36/263\n|move|p1a: Incineroar|Knock Off|p2a: Electivire\n|-damage|p2a: Electivire|0 fnt\n|-enditem|p2a: Electivire|Life Orb|[from] move: Knock Off|[of] p1a: Incineroar\n|faint|p2a: Electivire\n|\n|-sideend|p2: kytfvb2|move: Tailwind\n|upkeep\n|\n|t:|1781460084\n|switch|p2a: Oinkologne|Oinkologne-F, L92, F|361/361\n|turn|9\n|\n|t:|1781460089\n|move|p2a: Oinkologne|Double-Edge|p1a: Incineroar\n|-damage|p1a: Incineroar|0 fnt\n|faint|p1a: Incineroar\n|-damage|p2a: Oinkologne|324/361|[from] Recoil\n|\n|-heal|p2a: Oinkologne|346/361|[from] item: Leftovers\n|upkeep\n|\n|t:|1781460097\n|switch|p1a: Venomoth|Venomoth, L84, F|255/255\n|turn|10\n|\n|t:|1781460103\n|move|p1a: Venomoth|Sleep Powder|p2a: Oinkologne\n|-status|p2a: Oinkologne|slp|[from] move: Sleep Powder\n|cant|p2a: Oinkologne|slp\n|\n|-heal|p2a: Oinkologne|361/361 slp|[from] item: Leftovers\n|upkeep\n|turn|11\n|\n|t:|1781460111\n|move|p1a: Venomoth|Bug Buzz|p2a: Oinkologne\n|-damage|p2a: Oinkologne|282/361 slp\n|cant|p2a: Oinkologne|slp\n|\n|-heal|p2a: Oinkologne|304/361 slp|[from] item: Leftovers\n|upkeep\n|turn|12\n|\n|t:|1781460116\n|move|p1a: Venomoth|Bug Buzz|p2a: Oinkologne\n|-damage|p2a: Oinkologne|228/361 slp\n|cant|p2a: Oinkologne|slp\n|\n|-heal|p2a: Oinkologne|250/361 slp|[from] item: Leftovers\n|upkeep\n|turn|13\n|\n|t:|1781460121\n|move|p1a: Venomoth|Bug Buzz|p2a: Oinkologne\n|-damage|p2a: Oinkologne|166/361 slp\n|-curestatus|p2a: Oinkologne|slp|[msg]\n|move|p2a: Oinkologne|Double-Edge|p1a: Venomoth\n|-damage|p1a: Venomoth|69/255\n|-damage|p2a: Oinkologne|105/361|[from] Recoil\n|\n|-heal|p2a: Oinkologne|127/361|[from] item: Leftovers\n|upkeep\n|turn|14\n|\n|t:|1781460125\n|move|p1a: Venomoth|Sleep Powder|p2a: Oinkologne|[miss]\n|-miss|p1a: Venomoth|p2a: Oinkologne\n|move|p2a: Oinkologne|Double-Edge|p1a: Venomoth\n|-damage|p1a: Venomoth|0 fnt\n|faint|p1a: Venomoth\n|-damage|p2a: Oinkologne|104/361|[from] Recoil\n|\n|-heal|p2a: Oinkologne|126/361|[from] item: Leftovers\n|upkeep\n|\n|t:|1781460130\n|switch|p1a: Porygon-Z|Porygon-Z, L83|277/277\n|turn|15\n|\n|t:|1781460135\n|move|p1a: Porygon-Z|Tri Attack|p2a: Oinkologne\n|-damage|p2a: Oinkologne|0 fnt\n|faint|p2a: Oinkologne\n|-damage|p1a: Porygon-Z|250/277|[from] item: Life Orb\n|\n|upkeep\n|\n|t:|1781460141\n|switch|p2a: Latios|Latios, L78, M|253/253\n|turn|16\n|\n|t:|1781460150\n|switch|p1a: Pachirisu|Pachirisu, L96, M|271/271\n|move|p2a: Latios|Luster Purge|p1a: Pachirisu\n|-damage|p1a: Pachirisu|195/271\n|-unboost|p1a: Pachirisu|spd|1\n|\n|upkeep\n|turn|17\n|\n|t:|1781460157\n|switch|p2a: Raichu|Raichu-Alola, L87, F|246/246\n|move|p1a: Pachirisu|U-turn|p2a: Raichu\n|-supereffective|p2a: Raichu\n|-damage|p2a: Raichu|144/246\n|\n|t:|1781460163\n|switch|p1a: Porygon-Z|Porygon-Z, L83|250/277|[from] U-turn\n|\n|upkeep\n|turn|18\n|\n|t:|1781460168\n|move|p2a: Raichu|Focus Blast|p1a: Porygon-Z|[miss]\n|-miss|p2a: Raichu|p1a: Porygon-Z\n|move|p1a: Porygon-Z|Shadow Ball|p2a: Raichu\n|-supereffective|p2a: Raichu\n|-damage|p2a: Raichu|0 fnt\n|faint|p2a: Raichu\n|-damage|p1a: Porygon-Z|223/277|[from] item: Life Orb\n|\n|upkeep\n|\n|t:|1781460170\n|switch|p2a: Latios|Latios, L78, M|253/253\n|turn|19\n|\n|t:|1781460184\n|move|p2a: Latios|Luster Purge|p1a: Porygon-Z\n|-damage|p1a: Porygon-Z|82/277\n|move|p1a: Porygon-Z|Shadow Ball|p2a: Latios\n|-supereffective|p2a: Latios\n|-crit|p2a: Latios\n|-damage|p2a: Latios|0 fnt\n|faint|p2a: Latios\n|-damage|p1a: Porygon-Z|55/277|[from] item: Life Orb\n|\n|upkeep\n|\n|t:|1781460188\n|switch|p2a: Slaking|Slaking, L84, M|389/389\n|turn|20\n|\n|t:|1781460198\n|switch|p1a: Pachirisu|Pachirisu, L96, M|195/271\n|move|p2a: Slaking|Giga Impact|p1a: Pachirisu\n|-damage|p1a: Pachirisu|0 fnt\n|-mustrecharge|p2a: Slaking\n|faint|p1a: Pachirisu\n|\n|upkeep\n|\n|t:|1781460203\n|switch|p1a: Porygon-Z|Porygon-Z, L83|55/277\n|turn|21\n|\n|t:|1781460205\n|cant|p2a: Slaking|recharge\n|move|p1a: Porygon-Z|Tri Attack|p2a: Slaking\n|-damage|p2a: Slaking|158/389\n|-damage|p1a: Porygon-Z|28/277|[from] item: Life Orb\n|\n|upkeep\n|turn|22\n|\n|t:|1781460213\n|-terastallize|p1a: Porygon-Z|Ghost\n|move|p2a: Slaking|Giga Impact|p1a: Porygon-Z\n|-immune|p1a: Porygon-Z\n|move|p1a: Porygon-Z|Tri Attack|p2a: Slaking\n|-damage|p2a: Slaking|0 fnt\n|faint|p2a: Slaking\n|-damage|p1a: Porygon-Z|1/277|[from] item: Life Orb\n|\n|win|hmmjrji\n", "inputlog": ">version a8376a258c1d4662feba110a92103f3664a72141\n>start {\"formatid\":\"gen9randombattle\",\"seed\":\"sodium,0793acc927ca7ee8731ddbbf4d0e1ed8\",\"rated\":\"Rated battle\"}\n>player p1 {\"name\":\"hmmjrji\",\"avatar\":\"266\",\"rating\":1957,\"seed\":\"sodium,7438c97402d04a75c62bebca74deab90\"}\n>player p2 {\"name\":\"kytfvb2\",\"avatar\":\"shadowtriad\",\"rating\":1976,\"seed\":\"sodium,71623cfb77fbbd313e48254ba0fc00ae\"}\n>p1 switch 3\n>p2 move psychic\n>p1 move uturn\n>p2 switch 4\n>p1 switch 6\n>p1 move leafblade\n>p2 move icepunch\n>p1 move leafblade\n>p2 switch 2\n>p1 switch 6\n>p2 move tailwind\n>p1 move uturn\n>p2 move lowkick\n>p1 switch 6\n>p2 switch 5\n>p1 move knockoff\n>p2 move dracometeor\n>p1 switch 6\n>p1 move knockoff\n>p2 switch 2\n>p2 switch 6\n>p1 move knockoff\n>p2 move doubleedge\n>p1 switch 3\n>p1 move sleeppowder\n>p2 move doubleedge\n>p1 move bugbuzz\n>p2 move doubleedge\n>p1 move bugbuzz\n>p2 move doubleedge\n>p1 move bugbuzz\n>p2 move doubleedge\n>p1 move sleeppowder\n>p2 move doubleedge\n>p1 switch 5\n>p1 move triattack\n>p2 move doubleedge\n>p2 switch 2\n>p1 switch 2\n>p2 move lusterpurge\n>p1 move uturn\n>p2 switch 4\n>p1 switch 2\n>p1 move shadowball\n>p2 move focusblast\n>p2 switch 4\n>p1 move shadowball\n>p2 move lusterpurge\n>p2 switch 3\n>p1 switch 2\n>p2 move gigaimpact\n>p1 switch 2\n>p1 move triattack\n>p2 move recharge\n>p1 move triattack terastallize\n>p2 move gigaimpact", "uploadtime": 1781459964, "views": 5, "formatid": "gen9randombattle", "rating": null, "private": 0, "password": null}