{"id": "gen9randombattle-2631994947", "format": "[Gen 9] Random Battle", "players": ["erobbbrittdivorce", "ftaochaphet"], "log": "|j|\u2606erobbbrittdivorce\n|j|\u2606ftaochaphet\n|t:|1781463927\n|gametype|singles\n|player|p1|erobbbrittdivorce|265|2155\n|player|p2|ftaochaphet|265|2234\n|gen|9\n|tier|[Gen 9] Random Battle\n|rated|\n|rule|Species Clause: Limit one of each Pok\u00e9mon\n|rule|HP Percentage Mod: HP is shown in percentages\n|rule|Sleep Clause Mod: Limit one foe put to sleep\n|rule|Illusion Level Mod: Illusion disguises the Pok\u00e9mon's true level\n|\n|t:|1781463927\n|teamsize|p1|6\n|teamsize|p2|6\n|start\n|switch|p1a: Incineroar|Incineroar, L82, F|290/290\n|switch|p2a: Koraidon|Koraidon, L64|235/235\n|-weather|SunnyDay|[from] ability: Orichalcum Pulse|[of] p2a: Koraidon\n|-activate|p2a: Koraidon|Orichalcum Pulse|[source]\n|-ability|p1a: Incineroar|Intimidate|boost\n|-unboost|p2a: Koraidon|atk|1\n|turn|1\n|inactive|Battle timer is ON: inactive players will automatically lose when time's up. (requested by erobbbrittdivorce)\n|inactive|ftaochaphet has 120 seconds left.\n|\n|t:|1781463966\n|switch|p2a: Squawkabilly|Squawkabilly-Blue, L85, F|278/278\n|switch|p1a: Tauros|Tauros-Paldea-Combat, L82, M|257/257\n|-ability|p1a: Tauros|Intimidate|boost\n|-unboost|p2a: Squawkabilly|atk|1\n|\n|-weather|SunnyDay|[upkeep]\n|-status|p2a: Squawkabilly|brn|[from] item: Flame Orb\n|upkeep\n|turn|2\n|\n|t:|1781463979\n|switch|p2a: Swanna|Swanna, L89, M|278/278\n|move|p1a: Tauros|Close Combat|p2a: Swanna\n|-resisted|p2a: Swanna\n|-damage|p2a: Swanna|150/278\n|-unboost|p1a: Tauros|def|1\n|-unboost|p1a: Tauros|spd|1\n|\n|-weather|SunnyDay|[upkeep]\n|upkeep\n|turn|3\n|inactive|ftaochaphet has 120 seconds left.\n|inactive|ftaochaphet has 90 seconds left.\n|\n|t:|1781464057\n|switch|p1a: Tentacruel|Tentacruel, L84, M|272/272\n|move|p2a: Swanna|Roost|p2a: Swanna\n|-heal|p2a: Swanna|278/278\n|-singleturn|p2a: Swanna|move: Roost\n|\n|-weather|SunnyDay|[upkeep]\n|upkeep\n|turn|4\n|\n|t:|1781464064\n|move|p2a: Swanna|Brave Bird|p1a: Tentacruel\n|-crit|p1a: Tentacruel\n|-damage|p1a: Tentacruel|34/272\n|-damage|p2a: Swanna|199/278|[from] Recoil\n|move|p1a: Tentacruel|Sludge Bomb|p2a: Swanna\n|-crit|p2a: Swanna\n|-damage|p2a: Swanna|52/278\n|\n|-weather|SunnyDay|[upkeep]\n|-heal|p1a: Tentacruel|51/272|[from] item: Leftovers\n|upkeep\n|turn|5\n|inactive|ftaochaphet has 90 seconds left.\n|\n|t:|1781464073\n|move|p2a: Swanna|Brave Bird|p1a: Tentacruel\n|-damage|p1a: Tentacruel|0 fnt\n|faint|p1a: Tentacruel\n|-damage|p2a: Swanna|35/278|[from] Recoil\n|\n|-weather|none\n|upkeep\n|\n|t:|1781464080\n|switch|p1a: Mismagius|Mismagius, L86, M|243/243\n|turn|6\n|\n|t:|1781464090\n|switch|p2a: Beartic|Beartic, L91, F|321/321\n|move|p1a: Mismagius|Thunderbolt|p2a: Beartic\n|-damage|p2a: Beartic|215/321\n|\n|upkeep\n|turn|7\n|\n|t:|1781464101\n|switch|p1a: Incineroar|Incineroar, L82, F|290/290\n|-ability|p1a: Incineroar|Intimidate|boost\n|-unboost|p2a: Beartic|atk|1\n|move|p2a: Beartic|Icicle Crash|p1a: Incineroar\n|-resisted|p1a: Incineroar\n|-damage|p1a: Incineroar|249/290\n|\n|upkeep\n|turn|8\n|\n|t:|1781464110\n|move|p1a: Incineroar|Close Combat|p2a: Beartic\n|-supereffective|p2a: Beartic\n|-damage|p2a: Beartic|0 fnt\n|-unboost|p1a: Incineroar|def|1\n|-unboost|p1a: Incineroar|spd|1\n|faint|p2a: Beartic\n|\n|upkeep\n|\n|t:|1781464119\n|switch|p2a: Koraidon|Koraidon, L64|235/235\n|-weather|SunnyDay|[from] ability: Orichalcum Pulse|[of] p2a: Koraidon\n|-activate|p2a: Koraidon|Orichalcum Pulse|[source]\n|turn|9\n|\n|t:|1781464124\n|switch|p1a: Tauros|Tauros-Paldea-Combat, L82, M|257/257\n|-ability|p1a: Tauros|Intimidate|boost\n|-unboost|p2a: Koraidon|atk|1\n|move|p2a: Koraidon|Swords Dance|p2a: Koraidon\n|-boost|p2a: Koraidon|atk|2\n|\n|-weather|SunnyDay|[upkeep]\n|upkeep\n|turn|10\n|inactive|ftaochaphet has 120 seconds left.\n|\n|t:|1781464139\n|move|p1a: Tauros|Close Combat|p2a: Koraidon\n|-damage|p2a: Koraidon|33/235\n|-unboost|p1a: Tauros|def|1\n|-unboost|p1a: Tauros|spd|1\n|move|p2a: Koraidon|Scale Shot|p1a: Tauros\n|-damage|p1a: Tauros|205/257\n|-damage|p1a: Tauros|153/257\n|-damage|p1a: Tauros|102/257\n|-damage|p1a: Tauros|48/257\n|-hitcount|p1a: Tauros|4\n|-unboost|p2a: Koraidon|def|1\n|-boost|p2a: Koraidon|spe|1\n|\n|-weather|SunnyDay|[upkeep]\n|upkeep\n|turn|11\n|\n|t:|1781464148\n|switch|p1a: Incineroar|Incineroar, L82, F|249/290\n|-ability|p1a: Incineroar|Intimidate|boost\n|-unboost|p2a: Koraidon|atk|1\n|move|p2a: Koraidon|Collision Course|p1a: Incineroar\n|-supereffective|p1a: Incineroar\n|-damage|p1a: Incineroar|0 fnt\n|faint|p1a: Incineroar\n|\n|-weather|SunnyDay|[upkeep]\n|upkeep\n|\n|t:|1781464176\n|switch|p1a: Toxicroak|Toxicroak, L84, M|277/277\n|turn|12\n|inactive|ftaochaphet has 120 seconds left.\n|\n|t:|1781464202\n|move|p2a: Koraidon|Flare Blitz|p1a: Toxicroak\n|-damage|p1a: Toxicroak|61/277\n|-status|p1a: Toxicroak|brn\n|-damage|p2a: Koraidon|0 fnt|[from] Recoil\n|faint|p2a: Koraidon\n|move|p1a: Toxicroak|Close Combat|p2: Koraidon|[notarget]\n|-fail|p1a: Toxicroak\n|\n|-weather|SunnyDay|[upkeep]\n|-damage|p1a: Toxicroak|27/277 brn|[from] ability: Dry Skin|[of] p1a: Toxicroak\n|-damage|p1a: Toxicroak|10/277 brn|[from] brn\n|upkeep\n|\n|t:|1781464214\n|switch|p2a: Scizor|Scizor, L79, F|240/240\n|turn|13\n|\n|t:|1781464217\n|move|p1a: Toxicroak|Earthquake|p2a: Scizor\n|-damage|p2a: Scizor|191/240\n|-damage|p1a: Toxicroak|0 fnt|[from] item: Life Orb\n|faint|p1a: Toxicroak\n|move|p2a: Scizor|Swords Dance|p2a: Scizor\n|-boost|p2a: Scizor|atk|2\n|\n|-weather|none\n|upkeep\n|\n|t:|1781464237\n|switch|p1a: Cramorant|Cramorant, L86, M|261/261\n|turn|14\n|\n|t:|1781464242\n|move|p1a: Cramorant|Surf|p2a: Scizor\n|-formechange|p1a: Cramorant|Cramorant-Gulping|\n|-damage|p2a: Scizor|88/240\n|move|p2a: Scizor|Knock Off|p1a: Cramorant\n|-damage|p1a: Cramorant|1/261\n|-damage|p2a: Scizor|28/240|[from] ability: Gulp Missile|[of] p1a: Cramorant\n|-unboost|p2a: Scizor|def|1\n|-formechange|p1a: Cramorant|Cramorant|\n|-enditem|p1a: Cramorant|Heavy-Duty Boots|[from] move: Knock Off|[of] p2a: Scizor\n|-damage|p2a: Scizor|4/240|[from] item: Life Orb\n|\n|upkeep\n|turn|15\n|\n|t:|1781464250\n|move|p2a: Scizor|Bullet Punch|p1a: Cramorant\n|-resisted|p1a: Cramorant\n|-damage|p1a: Cramorant|0 fnt\n|faint|p1a: Cramorant\n|-damage|p2a: Scizor|0 fnt|[from] item: Life Orb\n|faint|p2a: Scizor\n|\n|upkeep\n|\n|t:|1781464261\n|switch|p1a: Mismagius|Mismagius, L86, M|243/243\n|switch|p2a: Swanna|Swanna, L89, M|35/278\n|turn|16\n|\n|t:|1781464285\n|switch|p2a: Orthworm|Orthworm, L88, F|266/266\n|move|p1a: Mismagius|Shadow Ball|p2a: Orthworm\n|-damage|p2a: Orthworm|61/266\n|\n|upkeep\n|turn|17\n|\n|t:|1781464291\n|switch|p1a: Tauros|Tauros-Paldea-Combat, L82, M|48/257\n|-ability|p1a: Tauros|Intimidate|boost\n|-unboost|p2a: Orthworm|atk|1\n|switch|p2a: Squawkabilly|Squawkabilly-Blue, L85, F|278/278 brn\n|\n|-damage|p2a: Squawkabilly|261/278 brn|[from] brn\n|upkeep\n|turn|18\n|\n|t:|1781464298\n|move|p2a: Squawkabilly|Quick Attack|p1a: Tauros\n|-damage|p1a: Tauros|0 fnt\n|faint|p1a: Tauros\n|\n|-damage|p2a: Squawkabilly|244/278 brn|[from] brn\n|upkeep\n|\n|t:|1781464300\n|switch|p1a: Mismagius|Mismagius, L86, M|243/243\n|turn|19\n|\n|t:|1781464317\n|move|p1a: Mismagius|Mystical Fire|p2a: Squawkabilly\n|-damage|p2a: Squawkabilly|113/278 brn\n|-unboost|p2a: Squawkabilly|spa|1\n|move|p2a: Squawkabilly|Brave Bird|p1a: Mismagius\n|-damage|p1a: Mismagius|3/243\n|-damage|p2a: Squawkabilly|34/278 brn|[from] Recoil\n|\n|-damage|p2a: Squawkabilly|17/278 brn|[from] brn\n|upkeep\n|turn|20\n|\n|t:|1781464326\n|move|p1a: Mismagius|Mystical Fire|p2a: Squawkabilly\n|-crit|p2a: Squawkabilly\n|-damage|p2a: Squawkabilly|0 fnt\n|faint|p2a: Squawkabilly\n|\n|upkeep\n|\n|t:|1781464335\n|switch|p2a: Swanna|Swanna, L89, M|35/278\n|turn|21\n|\n|t:|1781464341\n|move|p1a: Mismagius|Mystical Fire|p2a: Swanna\n|-resisted|p2a: Swanna\n|-damage|p2a: Swanna|0 fnt\n|faint|p2a: Swanna\n|\n|upkeep\n|\n|t:|1781464345\n|switch|p2a: Orthworm|Orthworm, L88, F|61/266\n|turn|22\n|\n|t:|1781464349\n|-terastallize|p2a: Orthworm|Fighting\n|move|p1a: Mismagius|Mystical Fire|p2a: Orthworm\n|-damage|p2a: Orthworm|0 fnt\n|faint|p2a: Orthworm\n|\n|win|erobbbrittdivorce\n", "uploadtime": 1781463928, "views": 5, "formatid": "gen9randombattle", "rating": null, "private": 0, "password": null}