{"id": "gen9randombattle-2631435425", "format": "[Gen 9] Random Battle", "players": ["kingslugma13", "Minkkeye"], "log": "|j|\u2606kingslugma13\n|j|\u2606Minkkeye\n|html|<table width=\"100%\"><tr><td align=\"left\">kingslugma13</td><td align=\"right\">Minkkeye</tr><tr><td align=\"left\"><i class=\"fa fa-circle\"></i> <i class=\"fa fa-circle-o\"></i> </td><td align=\"right\"><i class=\"fa fa-circle-o\"></i> <i class=\"fa fa-circle-o\"></i> </tr></table>\n|uhtml|bestof|<h2><strong>Game 2</strong> of <a href=\"/game-bestof3-gen9randombattle-2631432858\">a best-of-3</a></h2>\n|t:|1781384334\n|gametype|singles\n|player|p1|kingslugma13|2|\n|player|p2|Minkkeye|ltsurge|\n|gen|9\n|tier|[Gen 9] Random Battle\n|rule|Species Clause: Limit one of each Pok\u00e9mon\n|rule|HP Percentage Mod: HP is shown in percentages\n|rule|Sleep Clause Mod: Limit one foe put to sleep\n|rule|Illusion Level Mod: Illusion disguises the Pok\u00e9mon's true level\n|raw|<div class=\"infobox\"><details class=\"readmore\" open><summary><strong>1 custom rule:</strong></summary> Best of = 3</details></div>\n|\n|t:|1781384334\n|teamsize|p1|6\n|teamsize|p2|6\n|start\n|switch|p1a: Mimikyu|Mimikyu, L79, M|216/216\n|switch|p2a: Rampardos|Rampardos, L90, F|321/321\n|turn|1\n|inactive|Battle timer is ON: inactive players will automatically lose when time's up. (requested by kingslugma13)\n|\n|t:|1781384343\n|move|p1a: Mimikyu|Swords Dance|p1a: Mimikyu\n|-boost|p1a: Mimikyu|atk|2\n|move|p2a: Rampardos|Rock Slide|p1a: Mimikyu\n|-activate|p1a: Mimikyu|ability: Disguise\n|-damage|p1a: Mimikyu|216/216\n|detailschange|p1a: Mimikyu|Mimikyu-Busted, L79, M\n|-damage|p1a: Mimikyu|189/216|[from] pokemon: Mimikyu-Busted\n|\n|upkeep\n|turn|2\n|\n|t:|1781384373\n|move|p1a: Mimikyu|Drain Punch|p2a: Rampardos\n|-supereffective|p2a: Rampardos\n|-damage|p2a: Rampardos|43/321\n|-heal|p1a: Mimikyu|216/216|[from] drain|[of] p2a: Rampardos\n|-damage|p1a: Mimikyu|195/216|[from] item: Life Orb\n|move|p2a: Rampardos|Zen Headbutt|p1a: Mimikyu\n|-damage|p1a: Mimikyu|18/216\n|\n|upkeep\n|turn|3\n|inactive|kingslugma13 has 270 seconds left.\n|\n|t:|1781384401\n|move|p1a: Mimikyu|Shadow Sneak|p2a: Rampardos\n|-damage|p2a: Rampardos|0 fnt\n|faint|p2a: Rampardos\n|-damage|p1a: Mimikyu|0 fnt|[from] item: Life Orb\n|faint|p1a: Mimikyu\n|\n|upkeep\n|\n|t:|1781384415\n|switch|p1a: Arbok|Arbok, L87, M|246/246\n|switch|p2a: Incineroar|Incineroar, L82, M|290/290\n|-ability|p1a: Arbok|Intimidate|boost\n|-unboost|p2a: Incineroar|atk|1\n|-ability|p2a: Incineroar|Intimidate|boost\n|-unboost|p1a: Arbok|atk|1\n|turn|4\n|\n|t:|1781384436\n|move|p1a: Arbok|Coil|p1a: Arbok\n|-boost|p1a: Arbok|atk|1\n|-boost|p1a: Arbok|def|1\n|-boost|p1a: Arbok|accuracy|1\n|move|p2a: Incineroar|Swords Dance|p2a: Incineroar\n|-boost|p2a: Incineroar|atk|2\n|\n|upkeep\n|turn|5\n|\n|t:|1781384444\n|move|p1a: Arbok|Coil|p1a: Arbok\n|-boost|p1a: Arbok|atk|1\n|-boost|p1a: Arbok|def|1\n|-boost|p1a: Arbok|accuracy|1\n|move|p2a: Incineroar|Knock Off|p1a: Arbok\n|-damage|p1a: Arbok|152/246\n|-enditem|p1a: Arbok|Leftovers|[from] move: Knock Off|[of] p2a: Incineroar\n|\n|upkeep\n|turn|6\n|\n|t:|1781384451\n|move|p1a: Arbok|Coil|p1a: Arbok\n|-boost|p1a: Arbok|atk|1\n|-boost|p1a: Arbok|def|1\n|-boost|p1a: Arbok|accuracy|1\n|move|p2a: Incineroar|Flare Blitz|p1a: Arbok\n|-damage|p1a: Arbok|49/246\n|-damage|p2a: Incineroar|256/290|[from] Recoil\n|\n|upkeep\n|turn|7\n|\n|t:|1781384455\n|move|p1a: Arbok|Earthquake|p2a: Incineroar\n|-supereffective|p2a: Incineroar\n|-damage|p2a: Incineroar|0 fnt\n|faint|p2a: Incineroar\n|\n|upkeep\n|\n|t:|1781384458\n|switch|p2a: Charizard|Charizard, L85, M|271/271\n|turn|8\n|l|\u2606kingslugma13\n|inactive|kingslugma13 disconnected and has 300 seconds to reconnect!\n|player|p1|\n|j|\u2606kingslugma13\n|inactive|kingslugma13 reconnected and has 275 seconds left.\n|player|p1|kingslugma13|2|\n|inactive|kingslugma13 has 270 seconds left.\n|\n|t:|1781384486\n|move|p2a: Charizard|Flamethrower|p1a: Arbok\n|-damage|p1a: Arbok|0 fnt\n|faint|p1a: Arbok\n|\n|upkeep\n|inactive|kingslugma13 has 270 seconds left.\n|\n|t:|1781384494\n|switch|p1a: Rhydon|Rhydon, L85, F|317/317\n|turn|9\n|\n|t:|1781384511\n|move|p2a: Charizard|Earthquake|p1a: Rhydon\n|-supereffective|p1a: Rhydon\n|-damage|p1a: Rhydon|243/317\n|move|p1a: Rhydon|Stone Edge|p2a: Charizard\n|-supereffective|p2a: Charizard\n|-damage|p2a: Charizard|0 fnt\n|faint|p2a: Charizard\n|\n|upkeep\n|\n|t:|1781384516\n|switch|p2a: Calyrex|Calyrex-Ice, L72|263/263\n|-ability|p2a: Calyrex|As One\n|-ability|p2a: Calyrex|Unnerve\n|turn|10\n|\n|t:|1781384529\n|-terastallize|p2a: Calyrex|Ground\n|move|p1a: Rhydon|Stone Edge|p2a: Calyrex\n|-resisted|p2a: Calyrex\n|-damage|p2a: Calyrex|214/263\n|move|p2a: Calyrex|Trick Room|p2a: Calyrex\n|-fieldstart|move: Trick Room|[of] p2a: Calyrex\n|\n|upkeep\n|turn|11\n|\n|t:|1781384540\n|move|p2a: Calyrex|Glacial Lance|p1a: Rhydon\n|-supereffective|p1a: Rhydon\n|-damage|p1a: Rhydon|85/317\n|move|p1a: Rhydon|Earthquake|p2a: Calyrex\n|-damage|p2a: Calyrex|112/263\n|\n|upkeep\n|turn|12\n|\n|t:|1781384546\n|move|p2a: Calyrex|Glacial Lance|p1a: Rhydon\n|-supereffective|p1a: Rhydon\n|-damage|p1a: Rhydon|0 fnt\n|faint|p1a: Rhydon\n|-ability|p2a: Calyrex|Chilling Neigh|boost\n|-boost|p2a: Calyrex|atk|1\n|\n|upkeep\n|\n|t:|1781384553\n|switch|p1a: Charizard|Charizard, L85, M|271/271\n|turn|13\n|\n|t:|1781384571\n|move|p2a: Calyrex|Glacial Lance|p1a: Charizard\n|-damage|p1a: Charizard|18/271\n|move|p1a: Charizard|Flamethrower|p2a: Calyrex\n|-damage|p2a: Calyrex|0 fnt\n|faint|p2a: Calyrex\n|\n|upkeep\n|\n|t:|1781384578\n|switch|p2a: Alcremie|Alcremie-Rainbow-Swirl, L90, F|263/263\n|turn|14\n|\n|t:|1781384585\n|move|p2a: Alcremie|Alluring Voice|p1a: Charizard\n|-resisted|p1a: Charizard\n|-crit|p1a: Charizard\n|-damage|p1a: Charizard|0 fnt\n|faint|p1a: Charizard\n|\n|-fieldend|move: Trick Room\n|upkeep\n|\n|t:|1781384601\n|switch|p1a: Groudon|Groudon, L72|263/263\n|-weather|SunnyDay|[from] ability: Drought|[of] p1a: Groudon\n|turn|15\n|l|\u2606kingslugma13\n|inactive|kingslugma13 disconnected and has 295 seconds to reconnect!\n|player|p1|\n|j|\u2606kingslugma13\n|inactive|kingslugma13 reconnected and has 300 seconds left.\n|player|p1|kingslugma13|2|\n|\n|t:|1781384616\n|move|p1a: Groudon|Precipice Blades|p2a: Alcremie\n|-damage|p2a: Alcremie|115/263\n|move|p2a: Alcremie|Alluring Voice|p1a: Groudon\n|-damage|p1a: Groudon|140/263\n|\n|-weather|SunnyDay|[upkeep]\n|-heal|p1a: Groudon|156/263|[from] item: Leftovers\n|-heal|p2a: Alcremie|131/263|[from] item: Leftovers\n|upkeep\n|turn|16\n|\n|t:|1781384629\n|move|p1a: Groudon|Precipice Blades|p2a: Alcremie\n|-damage|p2a: Alcremie|0 fnt\n|faint|p2a: Alcremie\n|\n|-weather|SunnyDay|[upkeep]\n|-heal|p1a: Groudon|172/263|[from] item: Leftovers\n|upkeep\n|\n|t:|1781384632\n|switch|p2a: Darkrai|Darkrai, L77|234/234\n|turn|17\n|\n|t:|1781384646\n|-terastallize|p1a: Groudon|Fire\n|move|p2a: Darkrai|Dark Pulse|p1a: Groudon\n|-damage|p1a: Groudon|67/263\n|move|p1a: Groudon|Heat Crash|p2a: Darkrai\n|-damage|p2a: Darkrai|11/234\n|\n|-weather|SunnyDay|[upkeep]\n|-heal|p2a: Darkrai|25/234|[from] item: Leftovers\n|-heal|p1a: Groudon|83/263|[from] item: Leftovers\n|upkeep\n|turn|18\n|\n|t:|1781384654\n|move|p2a: Darkrai|Dark Pulse|p1a: Groudon\n|-damage|p1a: Groudon|0 fnt\n|faint|p1a: Groudon\n|\n|-weather|SunnyDay|[upkeep]\n|-heal|p2a: Darkrai|39/234|[from] item: Leftovers\n|upkeep\n|\n|t:|1781384655\n|switch|p1a: Cetitan|Cetitan, L82, F|413/413\n|turn|19\n|\n|t:|1781384659\n|move|p1a: Cetitan|Ice Shard|p2a: Darkrai\n|-damage|p2a: Darkrai|0 fnt\n|faint|p2a: Darkrai\n|-damage|p1a: Cetitan|372/413|[from] item: Life Orb\n|\n|win|kingslugma13\n", "inputlog": ">version a8376a258c1d4662feba110a92103f3664a72141\n>start {\"formatid\":\"gen9randombattle@@@Best of = 3\",\"seed\":\"sodium,a58a7e58f348832f9b682aebd0213401\"}\n>player p1 {\"name\":\"kingslugma13\",\"avatar\":\"2\",\"rating\":0,\"seed\":\"sodium,e117cac492bebcc4eba8d8d7e488c576\"}\n>player p2 {\"name\":\"Minkkeye\",\"avatar\":\"ltsurge\",\"rating\":0,\"seed\":\"sodium,0355f0d3cd497f11f77e0e2f9ee21cba\"}\n>p1 move swordsdance\n>p2 move rockslide\n>p1 move drainpunch\n>p2 move zenheadbutt\n>p1 move shadowsneak\n>p2 move zenheadbutt\n>p1 switch 5\n>p2 switch 6\n>p1 move coil\n>p2 move swordsdance\n>p1 move coil\n>p2 move knockoff\n>p1 move coil\n>p2 move flareblitz\n>p1 move earthquake\n>p2 move flareblitz\n>p2 switch 2\n>p1 move gunkshot\n>p2 move flamethrower\n>p1 switch 2\n>p1 move stoneedge\n>p2 move earthquake\n>p2 switch 5\n>p1 move stoneedge\n>p2 move trickroom terastallize\n>p1 move earthquake\n>p2 move glaciallance\n>p1 move earthquake\n>p2 move glaciallance\n>p1 switch 3\n>p1 move flamethrower\n>p2 move glaciallance\n>p2 switch 4\n>p1 move flamethrower\n>p2 move alluringvoice\n>p1 switch 4\n>p1 move precipiceblades\n>p2 move alluringvoice\n>p1 move precipiceblades\n>p2 move alluringvoice\n>p2 switch 3\n>p1 move heatcrash terastallize\n>p2 move darkpulse\n>p1 move heatcrash\n>p2 move darkpulse\n>p1 switch 6\n>p1 move iceshard\n>p2 move substitute", "uploadtime": 1781384661, "views": 10, "formatid": "gen9randombattle", "rating": null, "private": 0, "password": null}