{"id": "gen9randombattle-2631626530", "format": "[Gen 9] Random Battle", "players": ["LS1234", "Yowaddupp"], "log": "|j|\u2606LS1234\n|j|\u2606Yowaddupp\n|t:|1781410981\n|gametype|singles\n|player|p1|LS1234|fisherman-gen4|\n|player|p2|Yowaddupp|cyrus|\n|gen|9\n|tier|[Gen 9] Random Battle\n|rule|Species Clause: Limit one of each Pok\u00e9mon\n|rule|HP Percentage Mod: HP is shown in percentages\n|rule|Sleep Clause Mod: Limit one foe put to sleep\n|rule|Illusion Level Mod: Illusion disguises the Pok\u00e9mon's true level\n|\n|t:|1781410981\n|teamsize|p1|6\n|teamsize|p2|6\n|start\n|switch|p1a: Cinccino|Cinccino, L83, M|260/260\n|switch|p2a: Revavroom|Revavroom, L79, M|256/256\n|turn|1\n|inactive|Battle timer is ON: inactive players will automatically lose when time's up. (requested by Yowaddupp)\n|inactive|LS1234 has 270 seconds left.\n|\n|t:|1781411034\n|switch|p1a: Raichu|Raichu-Alola, L87, M|246/246\n|switch|p2a: Hariyama|Hariyama, L87, F|392/392\n|\n|-status|p2a: Hariyama|brn|[from] item: Flame Orb\n|upkeep\n|turn|2\n|\n|t:|1781411044\n|move|p1a: Raichu|Psyshock|p2a: Hariyama\n|-supereffective|p2a: Hariyama\n|-damage|p2a: Hariyama|80/392 brn\n|-damage|p1a: Raichu|222/246|[from] item: Life Orb\n|move|p2a: Hariyama|Knock Off|p1a: Raichu\n|-supereffective|p1a: Raichu\n|-damage|p1a: Raichu|0 fnt\n|-enditem|p1a: Raichu|Life Orb|[from] move: Knock Off|[of] p2a: Hariyama\n|faint|p1a: Raichu\n|\n|-damage|p2a: Hariyama|56/392 brn|[from] brn\n|upkeep\n|\n|t:|1781411061\n|switch|p1a: Forretress|Forretress, L84, M|263/263\n|turn|3\n|inactive|Yowaddupp has 270 seconds left.\n|\n|t:|1781411096\n|switch|p2a: Rampardos|Rampardos, L90, M|321/321\n|move|p1a: Forretress|Stealth Rock|p2a: Rampardos\n|-sidestart|p2: Yowaddupp|move: Stealth Rock\n|\n|upkeep\n|turn|4\n|inactive|Yowaddupp has 270 seconds left.\n|\n|t:|1781411110\n|move|p2a: Rampardos|Fire Punch|p1a: Forretress\n|-supereffective|p1a: Forretress\n|-ability|p1a: Forretress|Sturdy\n|-damage|p1a: Forretress|1/263\n|move|p1a: Forretress|Iron Head|p2a: Rampardos\n|-supereffective|p2a: Rampardos\n|-damage|p2a: Rampardos|135/321\n|\n|-heal|p1a: Forretress|17/263|[from] item: Leftovers\n|upkeep\n|turn|5\n|\n|t:|1781411124\n|switch|p1a: Tropius|Tropius, L91, M|328/328\n|move|p2a: Rampardos|Fire Punch|p1a: Tropius\n|-supereffective|p1a: Tropius\n|-damage|p1a: Tropius|32/328\n|-enditem|p1a: Tropius|Sitrus Berry|[eat]\n|-heal|p1a: Tropius|114/328|[from] item: Sitrus Berry\n|\n|upkeep\n|turn|6\n|\n|t:|1781411136\n|move|p2a: Rampardos|Fire Punch|p1a: Tropius\n|-supereffective|p1a: Tropius\n|-damage|p1a: Tropius|0 fnt\n|faint|p1a: Tropius\n|\n|upkeep\n|\n|t:|1781411143\n|switch|p1a: Gumshoos|Gumshoos, L95, F|321/321\n|turn|7\n|inactive|Yowaddupp has 270 seconds left.\n|\n|t:|1781411173\n|move|p2a: Rampardos|Fire Punch|p1a: Gumshoos\n|-damage|p1a: Gumshoos|147/321\n|move|p1a: Gumshoos|Earthquake|p2a: Rampardos\n|-supereffective|p2a: Rampardos\n|-damage|p2a: Rampardos|0 fnt\n|faint|p2a: Rampardos\n|\n|upkeep\n|inactive|Yowaddupp has 270 seconds left.\n|\n|t:|1781411182\n|switch|p2a: Ursaluna|Ursaluna, L79, M|335/335\n|-damage|p2a: Ursaluna|315/335|[from] Stealth Rock\n|turn|8\n|\n|t:|1781411209\n|switch|p1a: Cinccino|Cinccino, L83, M|260/260\n|move|p2a: Ursaluna|Crunch|p1a: Cinccino\n|-damage|p1a: Cinccino|172/260\n|-unboost|p1a: Cinccino|def|1\n|\n|-status|p2a: Ursaluna|brn|[from] item: Flame Orb\n|upkeep\n|turn|9\n|inactive|Yowaddupp has 270 seconds left.\n|\n|t:|1781411225\n|move|p1a: Cinccino|Triple Axel|p2a: Ursaluna\n|-supereffective|p2a: Ursaluna\n|-crit|p2a: Ursaluna\n|-damage|p2a: Ursaluna|255/335 brn\n|-supereffective|p2a: Ursaluna\n|-damage|p2a: Ursaluna|183/335 brn\n|-supereffective|p2a: Ursaluna\n|-damage|p2a: Ursaluna|75/335 brn\n|-hitcount|p2a: Ursaluna|3\n|move|p2a: Ursaluna|Headlong Rush|p1a: Cinccino\n|-damage|p1a: Cinccino|0 fnt\n|-unboost|p2a: Ursaluna|def|1\n|-unboost|p2a: Ursaluna|spd|1\n|faint|p1a: Cinccino\n|\n|-damage|p2a: Ursaluna|55/335 brn|[from] brn\n|upkeep\n|inactive|LS1234 has 270 seconds left.\n|\n|t:|1781411240\n|switch|p1a: Iron Treads|Iron Treads, L77|265/265\n|turn|10\n|inactive|LS1234 has 270 seconds left.\n|inactive|Yowaddupp has 270 seconds left.\n|\n|t:|1781411258\n|move|p1a: Iron Treads|Iron Head|p2a: Ursaluna\n|-damage|p2a: Ursaluna|0 fnt\n|faint|p2a: Ursaluna\n|\n|upkeep\n|inactive|Yowaddupp has 270 seconds left.\n|\n|t:|1781411273\n|switch|p2a: Revavroom|Revavroom, L79, M|256/256\n|-damage|p2a: Revavroom|240/256|[from] Stealth Rock\n|turn|11\n|\n|t:|1781411284\n|-terastallize|p1a: Iron Treads|Dragon\n|-terastallize|p2a: Revavroom|Ground\n|move|p1a: Iron Treads|Earthquake|p2a: Revavroom\n|-damage|p2a: Revavroom|141/256\n|move|p2a: Revavroom|High Horsepower|p1a: Iron Treads\n|-damage|p1a: Iron Treads|152/265\n|-damage|p2a: Revavroom|116/256|[from] item: Life Orb\n|\n|upkeep\n|turn|12\n|inactive|Yowaddupp has 270 seconds left.\n|\n|t:|1781411315\n|move|p1a: Iron Treads|Earthquake|p2a: Revavroom\n|-damage|p2a: Revavroom|11/256\n|move|p2a: Revavroom|High Horsepower|p1a: Iron Treads\n|-damage|p1a: Iron Treads|35/265\n|-damage|p2a: Revavroom|0 fnt|[from] item: Life Orb\n|faint|p2a: Revavroom\n|\n|upkeep\n|\n|t:|1781411325\n|switch|p2a: Azelf|Azelf, L82|257/257\n|-damage|p2a: Azelf|225/257|[from] Stealth Rock\n|turn|13\n|\n|t:|1781411331\n|move|p2a: Azelf|Dazzling Gleam|p1a: Iron Treads\n|-supereffective|p1a: Iron Treads\n|-damage|p1a: Iron Treads|0 fnt\n|faint|p1a: Iron Treads\n|-end|p1a: Iron Treads|Quark Drive|[silent]\n|\n|upkeep\n|\n|t:|1781411337\n|switch|p1a: Gumshoos|Gumshoos, L95, F|147/321\n|turn|14\n|\n|t:|1781411344\n|move|p2a: Azelf|Dazzling Gleam|p1a: Gumshoos\n|-damage|p1a: Gumshoos|36/321\n|move|p1a: Gumshoos|U-turn|p2a: Azelf\n|-supereffective|p2a: Azelf\n|-damage|p2a: Azelf|0 fnt\n|faint|p2a: Azelf\n|\n|t:|1781411350\n|switch|p1a: Forretress|Forretress, L84, M|17/263|[from] U-turn\n|\n|-heal|p1a: Forretress|33/263|[from] item: Leftovers\n|upkeep\n|\n|t:|1781411355\n|switch|p2a: Samurott|Samurott-Hisui, L77, M|265/265\n|-damage|p2a: Samurott|232/265|[from] Stealth Rock\n|turn|15\n|inactive|Yowaddupp has 270 seconds left.\n|\n|t:|1781411376\n|move|p2a: Samurott|Sacred Sword|p1a: Forretress\n|-damage|p1a: Forretress|0 fnt\n|faint|p1a: Forretress\n|-damage|p2a: Samurott|206/265|[from] item: Life Orb\n|\n|upkeep\n|\n|t:|1781411382\n|switch|p1a: Gumshoos|Gumshoos, L95, F|36/321\n|turn|16\n|\n|t:|1781411389\n|move|p2a: Samurott|Sacred Sword|p1a: Gumshoos\n|-supereffective|p1a: Gumshoos\n|-damage|p1a: Gumshoos|0 fnt\n|faint|p1a: Gumshoos\n|-damage|p2a: Samurott|180/265|[from] item: Life Orb\n|\n|win|Yowaddupp\n", "inputlog": ">version a8376a258c1d4662feba110a92103f3664a72141\n>start {\"formatid\":\"gen9randombattle\",\"seed\":\"sodium,25fa62af9a3781e8ba06d8155b959ec8\"}\n>player p1 {\"name\":\"LS1234\",\"avatar\":\"fisherman-gen4\",\"rating\":0,\"seed\":\"sodium,af697df98d852c6ff4b9acb4bbcb648f\"}\n>player p2 {\"name\":\"Yowaddupp\",\"avatar\":\"cyrus\",\"rating\":0,\"seed\":\"sodium,0835fe87778629a395766ae605b1977c\"}\n>p1 switch 5\n>p2 switch 3\n>p1 move psyshock\n>p2 move knockoff\n>p1 switch 3\n>p1 move stealthrock\n>p2 switch 2\n>p1 move ironhead\n>p2 move firepunch\n>p1 switch 6\n>p2 move firepunch\n>p1 move leafblade\n>p2 move firepunch\n>p1 switch 2\n>p1 move earthquake\n>p2 move firepunch\n>p2 switch 5\n>p1 switch 5\n>p2 move crunch\n>p1 move tripleaxel\n>p2 move headlongrush\n>p1 switch 4\n>p1 move ironhead\n>p2 move headlongrush\n>p2 switch 3\n>p1 move earthquake terastallize\n>p2 move highhorsepower terastallize\n>p1 move earthquake\n>p2 move highhorsepower\n>p2 switch 4\n>p1 move knockoff\n>p2 move dazzlinggleam\n>p1 switch 5\n>p1 move uturn\n>p2 move dazzlinggleam\n>p1 switch 6\n>p2 switch 6\n>p1 move rapidspin\n>p2 move sacredsword\n>p1 switch 6\n>p1 move uturn\n>p2 move sacredsword", "uploadtime": 1781411397, "views": 9, "formatid": "gen9randombattle", "rating": null, "private": 0, "password": null}