{"id": "gen9randombattle-2631581413", "format": "[Gen 9] Random Battle", "players": ["soap_trusted_you", "LinkNinjaTC11"], "log": "|j|\u2606soap_trusted_you\n|j|\u2606LinkNinjaTC11\n|t:|1781404288\n|gametype|singles\n|player|p1|soap_trusted_you|roughneck|1900\n|player|p2|LinkNinjaTC11|veteran|1954\n|gen|9\n|tier|[Gen 9] Random Battle\n|rated|\n|rule|Species Clause: Limit one of each Pok\u00e9mon\n|rule|HP Percentage Mod: HP is shown in percentages\n|rule|Sleep Clause Mod: Limit one foe put to sleep\n|rule|Illusion Level Mod: Illusion disguises the Pok\u00e9mon's true level\n|\n|t:|1781404288\n|teamsize|p1|6\n|teamsize|p2|6\n|start\n|switch|p1a: Sceptile|Sceptile, L87, M|264/264\n|switch|p2a: Piloswine|Piloswine, L85, F|309/309\n|turn|1\n|inactive|Battle timer is ON: inactive players will automatically lose when time's up. (requested by LinkNinjaTC11)\n|inactive|soap_trusted_you also wants the timer to be on.\n|\n|t:|1781404315\n|move|p1a: Sceptile|Focus Blast|p2a: Piloswine\n|-supereffective|p2a: Piloswine\n|-damage|p2a: Piloswine|75/309\n|-damage|p1a: Sceptile|238/264|[from] item: Life Orb\n|move|p2a: Piloswine|Icicle Crash|p1a: Sceptile\n|-supereffective|p1a: Sceptile\n|-damage|p1a: Sceptile|0 fnt\n|faint|p1a: Sceptile\n|\n|upkeep\n|inactive|soap_trusted_you has 120 seconds left.\n|\n|t:|1781404350\n|switch|p1a: Vaporeon|Vaporeon, L86, M|364/364\n|turn|2\n|\n|t:|1781404355\n|switch|p2a: Tatsugiri|Tatsugiri, L87, M|260/260\n|move|p1a: Vaporeon|Scald|p2a: Tatsugiri\n|-ability|p2a: Tatsugiri|Storm Drain|boost\n|-boost|p2a: Tatsugiri|spa|1\n|\n|upkeep\n|turn|3\n|\n|t:|1781404360\n|move|p2a: Tatsugiri|Rapid Spin|p1a: Vaporeon\n|-damage|p1a: Vaporeon|331/364\n|-boost|p2a: Tatsugiri|spe|1\n|move|p1a: Vaporeon|Roar|p2a: Tatsugiri\n|drag|p2a: Gyarados|Gyarados, L79, M|280/280\n|\n|-heal|p1a: Vaporeon|353/364|[from] item: Leftovers\n|upkeep\n|turn|4\n|c|\u2606LinkNinjaTC11|when does this have roar?\n|inactive|LinkNinjaTC11 has 120 seconds left.\n|c|\u2606soap_trusted_you|idk random sets\n|\n|t:|1781404413\n|switch|p2a: Tatsugiri|Tatsugiri, L87, M|260/260\n|move|p1a: Vaporeon|Scald|p2a: Tatsugiri\n|-ability|p2a: Tatsugiri|Storm Drain|boost\n|-boost|p2a: Tatsugiri|spa|1\n|\n|-heal|p1a: Vaporeon|364/364|[from] item: Leftovers\n|upkeep\n|turn|5\n|\n|t:|1781404419\n|switch|p1a: Blissey|Blissey, L85, F|572/572\n|move|p2a: Tatsugiri|Draco Meteor|p1a: Blissey\n|-damage|p1a: Blissey|383/572\n|-unboost|p2a: Tatsugiri|spa|2\n|\n|-heal|p1a: Blissey|418/572|[from] item: Leftovers\n|upkeep\n|turn|6\n|\n|t:|1781404426\n|switch|p2a: Sandaconda|Sandaconda, L84, F|258/258\n|move|p1a: Blissey|Seismic Toss|p2a: Sandaconda\n|-damage|p2a: Sandaconda|173/258\n|\n|-heal|p2a: Sandaconda|189/258|[from] item: Leftovers\n|-heal|p1a: Blissey|453/572|[from] item: Leftovers\n|upkeep\n|turn|7\n|inactive|LinkNinjaTC11 has 120 seconds left.\n|\n|t:|1781404437\n|switch|p1a: Vaporeon|Vaporeon, L86, M|364/364\n|move|p2a: Sandaconda|Glare|p1a: Vaporeon\n|-status|p1a: Vaporeon|par\n|\n|-heal|p2a: Sandaconda|205/258|[from] item: Leftovers\n|upkeep\n|turn|8\n|\n|t:|1781404443\n|switch|p2a: Tatsugiri|Tatsugiri, L87, M|260/260\n|move|p1a: Vaporeon|Wish|p1a: Vaporeon\n|\n|upkeep\n|turn|9\n|\n|t:|1781404449\n|switch|p1a: Blissey|Blissey, L85, F|453/572\n|move|p2a: Tatsugiri|Nasty Plot|p2a: Tatsugiri\n|-boost|p2a: Tatsugiri|spa|2\n|\n|-heal|p1a: Blissey|572/572|[from] move: Wish|[wisher] Vaporeon\n|upkeep\n|turn|10\n|\n|t:|1781404459\n|switch|p2a: Sandaconda|Sandaconda, L84, F|205/258\n|move|p1a: Blissey|Thunder Wave|p2a: Sandaconda\n|-immune|p2a: Sandaconda\n|\n|-heal|p2a: Sandaconda|221/258|[from] item: Leftovers\n|upkeep\n|turn|11\n|\n|t:|1781404465\n|move|p2a: Sandaconda|Earthquake|p1a: Blissey\n|-damage|p1a: Blissey|241/572\n|move|p1a: Blissey|Seismic Toss|p2a: Sandaconda\n|-damage|p2a: Sandaconda|136/258\n|\n|-heal|p2a: Sandaconda|152/258|[from] item: Leftovers\n|-heal|p1a: Blissey|276/572|[from] item: Leftovers\n|upkeep\n|turn|12\n|\n|t:|1781404474\n|switch|p1a: Slaking|Slaking, L84, F|389/389\n|move|p2a: Sandaconda|Earthquake|p1a: Slaking\n|-damage|p1a: Slaking|280/389\n|\n|-heal|p2a: Sandaconda|168/258|[from] item: Leftovers\n|upkeep\n|turn|13\n|\n|t:|1781404485\n|switch|p2a: Piloswine|Piloswine, L85, F|75/309\n|move|p1a: Slaking|Double-Edge|p2a: Piloswine\n|-damage|p2a: Piloswine|0 fnt\n|faint|p2a: Piloswine\n|-damage|p1a: Slaking|255/389|[from] Recoil\n|\n|upkeep\n|\n|t:|1781404488\n|switch|p2a: Lucario|Lucario, L84, M|255/255\n|turn|14\n|\n|t:|1781404501\n|switch|p1a: Falinks|Falinks, L84|246/246\n|move|p2a: Lucario|Nasty Plot|p2a: Lucario\n|-boost|p2a: Lucario|spa|2\n|\n|upkeep\n|turn|15\n|\n|t:|1781404521\n|move|p2a: Lucario|Aura Sphere|p1a: Falinks\n|-damage|p1a: Falinks|0 fnt\n|faint|p1a: Falinks\n|-damage|p2a: Lucario|230/255|[from] item: Life Orb\n|\n|upkeep\n|\n|t:|1781404531\n|switch|p1a: Slaking|Slaking, L84, F|255/389\n|turn|16\n|\n|t:|1781404560\n|switch|p2a: Sandaconda|Sandaconda, L84, F|168/258\n|-terastallize|p1a: Slaking|Ghost\n|move|p1a: Slaking|Earthquake|p2a: Sandaconda\n|-damage|p2a: Sandaconda|49/258\n|\n|-heal|p2a: Sandaconda|65/258|[from] item: Leftovers\n|upkeep\n|turn|17\n|\n|t:|1781404573\n|switch|p1a: Vaporeon|Vaporeon, L86, M|364/364 par\n|move|p2a: Sandaconda|Rest|p2a: Sandaconda\n|-status|p2a: Sandaconda|slp|[from] move: Rest\n|-heal|p2a: Sandaconda|258/258 slp|[silent]\n|\n|upkeep\n|turn|18\n|\n|t:|1781404577\n|switch|p2a: Tatsugiri|Tatsugiri, L87, M|260/260\n|move|p1a: Vaporeon|Wish|p1a: Vaporeon\n|\n|upkeep\n|turn|19\n|\n|t:|1781404583\n|switch|p1a: Blissey|Blissey, L85, F|276/572\n|move|p2a: Tatsugiri|Nasty Plot|p2a: Tatsugiri\n|-boost|p2a: Tatsugiri|spa|2\n|\n|-heal|p1a: Blissey|458/572|[from] move: Wish|[wisher] Vaporeon\n|-heal|p1a: Blissey|493/572|[from] item: Leftovers\n|upkeep\n|turn|20\n|\n|t:|1781404592\n|switch|p2a: Sandaconda|Sandaconda, L84, F|258/258 slp\n|move|p1a: Blissey|Thunder Wave|p2a: Sandaconda\n|-immune|p2a: Sandaconda\n|\n|-heal|p1a: Blissey|528/572|[from] item: Leftovers\n|upkeep\n|turn|21\n|\n|t:|1781404599\n|cant|p2a: Sandaconda|slp\n|move|p1a: Blissey|Seismic Toss|p2a: Sandaconda\n|-damage|p2a: Sandaconda|173/258 slp\n|\n|-heal|p2a: Sandaconda|189/258 slp|[from] item: Leftovers\n|-heal|p1a: Blissey|563/572|[from] item: Leftovers\n|upkeep\n|turn|22\n|\n|t:|1781404605\n|cant|p2a: Sandaconda|slp\n|move|p1a: Blissey|Seismic Toss|p2a: Sandaconda\n|-damage|p2a: Sandaconda|104/258 slp\n|\n|-activate|p2a: Sandaconda|ability: Shed Skin\n|-curestatus|p2a: Sandaconda|slp|[msg]\n|-heal|p2a: Sandaconda|120/258|[from] item: Leftovers\n|-heal|p1a: Blissey|572/572|[from] item: Leftovers\n|upkeep\n|turn|23\n|\n|t:|1781404609\n|switch|p1a: Slaking|Slaking, L84, F, tera:Ghost|255/389\n|move|p2a: Sandaconda|Glare|p1a: Slaking\n|-status|p1a: Slaking|par\n|\n|-heal|p2a: Sandaconda|136/258|[from] item: Leftovers\n|upkeep\n|turn|24\n|\n|t:|1781404615\n|move|p2a: Sandaconda|Rest|p2a: Sandaconda\n|-status|p2a: Sandaconda|slp|[from] move: Rest\n|-heal|p2a: Sandaconda|258/258 slp|[silent]\n|move|p1a: Slaking|Double-Edge|p2a: Sandaconda\n|-damage|p2a: Sandaconda|41/258 slp\n|-damage|p1a: Slaking|183/389 par|[from] Recoil\n|\n|-activate|p2a: Sandaconda|ability: Shed Skin\n|-curestatus|p2a: Sandaconda|slp|[msg]\n|-heal|p2a: Sandaconda|57/258|[from] item: Leftovers\n|upkeep\n|turn|25\n|\n|t:|1781404637\n|switch|p1a: Vaporeon|Vaporeon, L86, M|364/364 par\n|move|p2a: Sandaconda|Earthquake|p1a: Vaporeon\n|-damage|p1a: Vaporeon|216/364 par\n|\n|-heal|p2a: Sandaconda|73/258|[from] item: Leftovers\n|-heal|p1a: Vaporeon|238/364 par|[from] item: Leftovers\n|upkeep\n|turn|26\n|\n|t:|1781404642\n|switch|p2a: Tatsugiri|Tatsugiri, L87, M|260/260\n|move|p1a: Vaporeon|Wish|p1a: Vaporeon\n|\n|-heal|p1a: Vaporeon|260/364 par|[from] item: Leftovers\n|upkeep\n|turn|27\n|\n|t:|1781404648\n|move|p2a: Tatsugiri|Draco Meteor|p1a: Vaporeon\n|-damage|p1a: Vaporeon|88/364 par\n|-unboost|p2a: Tatsugiri|spa|2\n|move|p1a: Vaporeon|Roar|p2a: Tatsugiri\n|drag|p2a: Sandaconda|Sandaconda, L84, F|73/258\n|\n|-heal|p1a: Vaporeon|270/364 par|[from] move: Wish|[wisher] Vaporeon\n|-heal|p2a: Sandaconda|89/258|[from] item: Leftovers\n|-heal|p1a: Vaporeon|292/364 par|[from] item: Leftovers\n|upkeep\n|turn|28\n|\n|t:|1781404657\n|switch|p2a: Tatsugiri|Tatsugiri, L87, M|260/260\n|move|p1a: Vaporeon|Scald|p2a: Tatsugiri\n|-ability|p2a: Tatsugiri|Storm Drain|boost\n|-boost|p2a: Tatsugiri|spa|1\n|\n|-heal|p1a: Vaporeon|314/364 par|[from] item: Leftovers\n|upkeep\n|turn|29\n|\n|t:|1781404661\n|switch|p1a: Blissey|Blissey, L85, F|572/572\n|move|p2a: Tatsugiri|Draco Meteor|p1a: Blissey\n|-damage|p1a: Blissey|386/572\n|-unboost|p2a: Tatsugiri|spa|2\n|\n|-heal|p1a: Blissey|421/572|[from] item: Leftovers\n|upkeep\n|turn|30\n|\n|t:|1781404668\n|switch|p2a: Sandaconda|Sandaconda, L84, F|89/258\n|move|p1a: Blissey|Heal Bell|p1a: Blissey\n|-activate|p1a: Blissey|move: Heal Bell\n|-curestatus|p1: Vaporeon|par|[msg]\n|-curestatus|p1: Slaking|par|[msg]\n|\n|-heal|p2a: Sandaconda|105/258|[from] item: Leftovers\n|-heal|p1a: Blissey|456/572|[from] item: Leftovers\n|upkeep\n|turn|31\n|\n|t:|1781404672\n|move|p2a: Sandaconda|Earthquake|p1a: Blissey\n|-crit|p1a: Blissey\n|-damage|p1a: Blissey|0 fnt\n|faint|p1a: Blissey\n|\n|-heal|p2a: Sandaconda|121/258|[from] item: Leftovers\n|upkeep\n|\n|t:|1781404679\n|switch|p1a: Slaking|Slaking, L84, F, tera:Ghost|183/389\n|turn|32\n|\n|t:|1781404682\n|move|p1a: Slaking|Double-Edge|p2a: Sandaconda\n|-damage|p2a: Sandaconda|0 fnt\n|faint|p2a: Sandaconda\n|-damage|p1a: Slaking|143/389|[from] Recoil\n|\n|upkeep\n|\n|t:|1781404687\n|switch|p2a: Lucario|Lucario, L84, M|230/255\n|turn|33\n|\n|t:|1781404691\n|switch|p1a: Vaporeon|Vaporeon, L86, M|314/364\n|move|p2a: Lucario|Flash Cannon|p1a: Vaporeon\n|-resisted|p1a: Vaporeon\n|-damage|p1a: Vaporeon|256/364\n|-damage|p2a: Lucario|205/255|[from] item: Life Orb\n|\n|-heal|p1a: Vaporeon|278/364|[from] item: Leftovers\n|upkeep\n|turn|34\n|\n|t:|1781404714\n|switch|p2a: Tatsugiri|Tatsugiri, L87, M|260/260\n|move|p1a: Vaporeon|Roar|p2a: Tatsugiri\n|drag|p2a: Gyarados|Gyarados, L79, M|280/280\n|\n|-heal|p1a: Vaporeon|300/364|[from] item: Leftovers\n|upkeep\n|turn|35\n|\n|t:|1781404721\n|move|p2a: Gyarados|Earthquake|p1a: Vaporeon\n|-damage|p1a: Vaporeon|196/364\n|move|p1a: Vaporeon|Wish|p1a: Vaporeon\n|\n|-heal|p1a: Vaporeon|218/364|[from] item: Leftovers\n|upkeep\n|turn|36\n|\n|t:|1781404725\n|move|p2a: Gyarados|Earthquake|p1a: Vaporeon\n|-damage|p1a: Vaporeon|115/364\n|move|p1a: Vaporeon|Roar|p2a: Gyarados\n|drag|p2a: Hatterene|Hatterene, L85, F|236/236\n|\n|-heal|p1a: Vaporeon|297/364|[from] move: Wish|[wisher] Vaporeon\n|-heal|p1a: Vaporeon|319/364|[from] item: Leftovers\n|upkeep\n|turn|37\n|\n|t:|1781404732\n|move|p1a: Vaporeon|Wish|p1a: Vaporeon\n|move|p2a: Hatterene|Calm Mind|p2a: Hatterene\n|-boost|p2a: Hatterene|spa|1\n|-boost|p2a: Hatterene|spd|1\n|\n|-heal|p1a: Vaporeon|341/364|[from] item: Leftovers\n|upkeep\n|turn|38\n|\n|t:|1781404738\n|switch|p1a: Cinderace|Cinderace, L77, F|249/249\n|move|p2a: Hatterene|Psyshock|p1a: Cinderace\n|-damage|p1a: Cinderace|20/249\n|\n|-heal|p1a: Cinderace|202/249|[from] move: Wish|[wisher] Vaporeon\n|upkeep\n|turn|39\n|inactive|soap_trusted_you has 120 seconds left.\n|\n|t:|1781404788\n|switch|p2a: Gyarados|Gyarados, L79, M|280/280\n|move|p1a: Cinderace|Gunk Shot|p2a: Gyarados|[miss]\n|-start|p1a: Cinderace|typechange|Poison|[from] ability: Libero\n|-miss|p1a: Cinderace|p2a: Gyarados\n|\n|upkeep\n|turn|40\n|\n|t:|1781404800\n|switch|p1a: Vaporeon|Vaporeon, L86, M|341/364\n|move|p2a: Gyarados|Dragon Dance|p2a: Gyarados\n|-boost|p2a: Gyarados|atk|1\n|-boost|p2a: Gyarados|spe|1\n|\n|-heal|p1a: Vaporeon|363/364|[from] item: Leftovers\n|upkeep\n|turn|41\n|\n|t:|1781404816\n|move|p2a: Gyarados|Earthquake|p1a: Vaporeon\n|-damage|p1a: Vaporeon|208/364\n|move|p1a: Vaporeon|Scald|p2a: Gyarados\n|-resisted|p2a: Gyarados\n|-damage|p2a: Gyarados|231/280\n|-status|p2a: Gyarados|brn\n|\n|-heal|p1a: Vaporeon|230/364|[from] item: Leftovers\n|-damage|p2a: Gyarados|214/280 brn|[from] brn\n|upkeep\n|turn|42\n|\n|t:|1781404826\n|switch|p2a: Tatsugiri|Tatsugiri, L87, M|260/260\n|move|p1a: Vaporeon|Wish|p1a: Vaporeon\n|\n|-heal|p1a: Vaporeon|252/364|[from] item: Leftovers\n|upkeep\n|turn|43\n|\n|t:|1781404831\n|move|p2a: Tatsugiri|Nasty Plot|p2a: Tatsugiri\n|-boost|p2a: Tatsugiri|spa|2\n|move|p1a: Vaporeon|Roar|p2a: Tatsugiri\n|drag|p2a: Gyarados|Gyarados, L79, M|214/280 brn\n|\n|-heal|p1a: Vaporeon|364/364|[from] move: Wish|[wisher] Vaporeon\n|-damage|p2a: Gyarados|197/280 brn|[from] brn\n|upkeep\n|turn|44\n|\n|t:|1781404834\n|switch|p2a: Tatsugiri|Tatsugiri, L87, M|260/260\n|move|p1a: Vaporeon|Wish|p1a: Vaporeon\n|\n|upkeep\n|turn|45\n|\n|t:|1781404836\n|switch|p1a: Slaking|Slaking, L84, F, tera:Ghost|143/389\n|move|p2a: Tatsugiri|Draco Meteor|p1a: Slaking\n|-damage|p1a: Slaking|0 fnt\n|-unboost|p2a: Tatsugiri|spa|2\n|faint|p1a: Slaking\n|\n|upkeep\n|\n|t:|1781404843\n|switch|p1a: Cinderace|Cinderace, L77, F|202/249\n|turn|46\n|\n|t:|1781404848\n|switch|p2a: Gyarados|Gyarados, L79, M|197/280 brn\n|move|p1a: Cinderace|High Jump Kick|p2a: Gyarados\n|-start|p1a: Cinderace|typechange|Fighting|[from] ability: Libero\n|-resisted|p2a: Gyarados\n|-crit|p2a: Gyarados\n|-damage|p2a: Gyarados|31/280 brn\n|\n|-damage|p2a: Gyarados|14/280 brn|[from] brn\n|upkeep\n|turn|47\n|\n|t:|1781404854\n|switch|p1a: Vaporeon|Vaporeon, L86, M|364/364\n|move|p2a: Gyarados|Waterfall|p1a: Vaporeon\n|-immune|p1a: Vaporeon|[from] ability: Water Absorb\n|\n|-damage|p2a: Gyarados|0 fnt|[from] brn\n|faint|p2a: Gyarados\n|upkeep\n|\n|t:|1781404859\n|switch|p2a: Tatsugiri|Tatsugiri, L87, M|260/260\n|turn|48\n|\n|t:|1781404864\n|move|p2a: Tatsugiri|Draco Meteor|p1a: Vaporeon\n|-damage|p1a: Vaporeon|211/364\n|-unboost|p2a: Tatsugiri|spa|2\n|move|p1a: Vaporeon|Wish|p1a: Vaporeon\n|\n|-heal|p1a: Vaporeon|233/364|[from] item: Leftovers\n|upkeep\n|turn|49\n|\n|t:|1781404874\n|switch|p1a: Cinderace|Cinderace, L77, F|202/249\n|move|p2a: Tatsugiri|Nasty Plot|p2a: Tatsugiri\n|-boost|p2a: Tatsugiri|spa|2\n|\n|-heal|p1a: Cinderace|249/249|[from] move: Wish|[wisher] Vaporeon\n|upkeep\n|turn|50\n|\n|t:|1781404880\n|move|p1a: Cinderace|High Jump Kick|p2a: Tatsugiri\n|-start|p1a: Cinderace|typechange|Fighting|[from] ability: Libero\n|-damage|p2a: Tatsugiri|4/260\n|move|p2a: Tatsugiri|Hydro Pump|p1a: Cinderace\n|-damage|p1a: Cinderace|69/249\n|\n|upkeep\n|turn|51\n|\n|t:|1781404889\n|switch|p1a: Vaporeon|Vaporeon, L86, M|233/364\n|switch|p2a: Hatterene|Hatterene, L85, F|236/236\n|\n|-heal|p1a: Vaporeon|255/364|[from] item: Leftovers\n|upkeep\n|turn|52\n|\n|t:|1781404896\n|move|p1a: Vaporeon|Wish|p1a: Vaporeon\n|move|p2a: Hatterene|Psyshock|p1a: Vaporeon\n|-damage|p1a: Vaporeon|108/364\n|\n|-heal|p1a: Vaporeon|130/364|[from] item: Leftovers\n|upkeep\n|turn|53\n|\n|t:|1781404905\n|switch|p1a: Cinderace|Cinderace, L77, F|69/249\n|move|p2a: Hatterene|Psyshock|p1a: Cinderace\n|-damage|p1a: Cinderace|0 fnt\n|faint|p1a: Cinderace\n|\n|upkeep\n|\n|t:|1781404910\n|switch|p1a: Vaporeon|Vaporeon, L86, M|130/364\n|turn|54\n|\n|t:|1781404915\n|move|p1a: Vaporeon|Wish|p1a: Vaporeon\n|move|p2a: Hatterene|Psyshock|p1a: Vaporeon\n|-crit|p1a: Vaporeon\n|-damage|p1a: Vaporeon|0 fnt\n|faint|p1a: Vaporeon\n|\n|win|LinkNinjaTC11\n", "inputlog": ">version a8376a258c1d4662feba110a92103f3664a72141\n>start {\"formatid\":\"gen9randombattle\",\"seed\":\"sodium,0e73dabba125a3aa3c0c5c69cf033bc5\",\"rated\":\"Rated battle\"}\n>player p1 {\"name\":\"soap_trusted_you\",\"avatar\":\"roughneck\",\"rating\":1900,\"seed\":\"sodium,37a025ac1c15b77f2db04bb951fa21b0\"}\n>player p2 {\"name\":\"LinkNinjaTC11\",\"avatar\":\"veteran\",\"rating\":1954,\"seed\":\"sodium,51add4c5201a43d7807848509028d723\"}\n>p1 move focusblast\n>p2 move iciclecrash\n>p1 switch 2\n>p1 move scald\n>p2 switch 6\n>p1 move roar\n>p2 move rapidspin\n>chat \u2606LinkNinjaTC11|when does this have roar?\n>chat \u2606soap_trusted_you|idk random sets\n>p1 move scald\n>p2 switch 3\n>p1 switch 3\n>p2 move dracometeor\n>p1 move seismictoss\n>p2 switch 2\n>p1 switch 3\n>p2 move glare\n>p1 move wish\n>p2 switch 2\n>p1 switch 3\n>p2 move nastyplot\n>p1 move thunderwave\n>p2 switch 2\n>p1 move seismictoss\n>p2 move earthquake\n>p1 switch 4\n>p2 move earthquake\n>p1 move doubleedge\n>p2 switch 6\n>p2 switch 4\n>p1 switch 6\n>p2 move nastyplot\n>p1 move closecombat\n>p2 move aurasphere\n>p1 switch 6\n>p1 move earthquake terastallize\n>p2 switch 6\n>p1 switch 3\n>p2 move rest\n>p1 move wish\n>p2 switch 2\n>p1 switch 4\n>p2 move nastyplot\n>p1 move thunderwave\n>p2 switch 2\n>p1 move seismictoss\n>p2 move earthquake\n>p1 move seismictoss\n>p2 move glare\n>p1 switch 3\n>p2 move glare\n>p1 move doubleedge\n>p2 move rest\n>p1 switch 4\n>p2 move earthquake\n>p1 move wish\n>p2 switch 2\n>p1 move roar\n>p2 move dracometeor\n>p1 move scald\n>p2 switch 2\n>p1 switch 3\n>p2 move dracometeor\n>p1 move healbell\n>p2 switch 2\n>p1 move seismictoss\n>p2 move earthquake\n>p1 switch 4\n>p1 move doubleedge\n>p2 move earthquake\n>p2 switch 6\n>p1 switch 3\n>p2 move flashcannon\n>p1 move roar\n>p2 switch 2\n>p1 move wish\n>p2 move earthquake\n>p1 move roar\n>p2 move earthquake\n>p1 move wish\n>p2 move calmmind\n>p1 switch 5\n>p2 move psyshock\n>p1 move gunkshot\n>p2 switch 5\n>p1 switch 5\n>p2 move dragondance\n>p1 move scald\n>p2 move earthquake\n>p1 move wish\n>p2 switch 3\n>p1 move roar\n>p2 move nastyplot\n>p1 move wish\n>p2 switch 3\n>p1 switch 3\n>p2 move dracometeor\n>p1 switch 5\n>p1 move highjumpkick\n>p2 switch 3\n>p1 switch 3\n>p2 move waterfall\n>p2 switch 3\n>p1 move wish\n>p2 move dracometeor\n>p1 switch 3\n>p2 move nastyplot\n>p1 move highjumpkick\n>p2 move hydropump\n>p1 switch 3\n>p2 switch 5\n>p1 move wish\n>p2 move psyshock\n>p1 switch 3\n>p2 move psyshock\n>p1 switch 3\n>p1 move wish\n>p2 move psyshock", "uploadtime": 1781404289, "views": 4, "formatid": "gen9randombattle", "rating": null, "private": 0, "password": null}