{"id": "gen9randombattle-2631690504", "format": "[Gen 9] Random Battle", "players": ["arktp", "anol"], "log": "|j|\u2606arktp\n|j|\u2606anol\n|t:|1781422494\n|gametype|singles\n|player|p1|arktp|fisherman-gen4|1444\n|player|p2|anol|170|1463\n|gen|9\n|tier|[Gen 9] Random Battle\n|rated|\n|rule|Species Clause: Limit one of each Pok\u00e9mon\n|rule|HP Percentage Mod: HP is shown in percentages\n|rule|Sleep Clause Mod: Limit one foe put to sleep\n|rule|Illusion Level Mod: Illusion disguises the Pok\u00e9mon's true level\n|\n|t:|1781422494\n|teamsize|p1|6\n|teamsize|p2|6\n|start\n|switch|p1a: Garchomp|Garchomp, L74, F|282/282\n|switch|p2a: Barraskewda|Barraskewda, L81, M|231/231\n|turn|1\n|\n|t:|1781422505\n|move|p2a: Barraskewda|Flip Turn|p1a: Garchomp\n|-damage|p1a: Garchomp|173/282\n|-damage|p2a: Barraskewda|203/231|[from] ability: Rough Skin|[of] p1a: Garchomp\n|\n|t:|1781422513\n|switch|p2a: Sandslash|Sandslash, L89, M|278/278|[from] Flip Turn\n|move|p1a: Garchomp|Swords Dance|p1a: Garchomp\n|-boost|p1a: Garchomp|atk|2\n|\n|upkeep\n|turn|2\n|\n|t:|1781422527\n|move|p1a: Garchomp|Scale Shot|p2a: Sandslash\n|-damage|p2a: Sandslash|239/278\n|-damage|p2a: Sandslash|194/278\n|-damage|p2a: Sandslash|154/278\n|-damage|p2a: Sandslash|111/278\n|-damage|p2a: Sandslash|71/278\n|-hitcount|p2a: Sandslash|5\n|-unboost|p1a: Garchomp|def|1\n|-boost|p1a: Garchomp|spe|1\n|move|p2a: Sandslash|Earthquake|p1a: Garchomp\n|-damage|p1a: Garchomp|0 fnt\n|faint|p1a: Garchomp\n|\n|-heal|p2a: Sandslash|88/278|[from] item: Leftovers\n|upkeep\n|\n|t:|1781422558\n|switch|p1a: Glaceon|Glaceon, L94, M|275/275\n|turn|3\n|\n|t:|1781422563\n|move|p1a: Glaceon|Freeze-Dry|p2a: Sandslash\n|-supereffective|p2a: Sandslash\n|-damage|p2a: Sandslash|0 fnt\n|faint|p2a: Sandslash\n|\n|upkeep\n|\n|t:|1781422574\n|switch|p2a: Blissey|Blissey, L85, F|572/572\n|turn|4\n|\n|t:|1781422584\n|switch|p1a: Golem|Golem-Alola, L93, M|300/300\n|move|p2a: Blissey|Thunder Wave|p1a: Golem|[miss]\n|-miss|p2a: Blissey|p1a: Golem\n|\n|upkeep\n|turn|5\n|\n|t:|1781422597\n|switch|p2a: Zarude|Zarude-Dada, L77|288/288\n|move|p1a: Golem|Rock Polish|p1a: Golem\n|-boost|p1a: Golem|spe|2\n|\n|upkeep\n|turn|6\n|\n|t:|1781422606\n|move|p2a: Zarude|Power Whip|p1a: Golem|[miss]\n|-miss|p2a: Zarude|p1a: Golem\n|move|p1a: Golem|Stone Edge|p2a: Zarude\n|-damage|p2a: Zarude|92/288\n|-damage|p1a: Golem|270/300|[from] item: Life Orb\n|\n|upkeep\n|turn|7\n|\n|t:|1781422617\n|move|p2a: Zarude|Power Whip|p1a: Golem\n|-supereffective|p1a: Golem\n|-damage|p1a: Golem|88/300\n|move|p1a: Golem|Stone Edge|p2a: Zarude\n|-damage|p2a: Zarude|0 fnt\n|faint|p2a: Zarude\n|-damage|p1a: Golem|58/300|[from] item: Life Orb\n|\n|upkeep\n|\n|t:|1781422630\n|switch|p2a: Barraskewda|Barraskewda, L81, M|203/231\n|turn|8\n|\n|t:|1781422635\n|move|p1a: Golem|Double-Edge|p2a: Barraskewda\n|-supereffective|p2a: Barraskewda\n|-damage|p2a: Barraskewda|0 fnt\n|faint|p2a: Barraskewda\n|-damage|p1a: Golem|0 fnt|[from] Recoil\n|faint|p1a: Golem\n|\n|upkeep\n|\n|t:|1781422644\n|switch|p2a: Blissey|Blissey, L85, F|572/572\n|switch|p1a: Shiftry|Shiftry, L89, F|305/305\n|turn|9\n|n|!anol|anol\n|-message|anol forfeited.\n|\n|win|arktp\n", "inputlog": ">version a8376a258c1d4662feba110a92103f3664a72141\n>start {\"formatid\":\"gen9randombattle\",\"seed\":\"sodium,1fee002f1dca9a9bead743752849448f\",\"rated\":\"Rated battle\"}\n>player p1 {\"name\":\"arktp\",\"avatar\":\"fisherman-gen4\",\"rating\":1444,\"seed\":\"sodium,4b15b7544df3ca4cd44853e4c7257541\"}\n>player p2 {\"name\":\"anol\",\"avatar\":\"170\",\"rating\":1463,\"seed\":\"sodium,3128a9c2f5a376d9cd6f22298f6247d1\"}\n>p1 move swordsdance\n>p2 move flipturn\n>p2 switch 4\n>p1 move scaleshot\n>p2 move earthquake\n>p1 switch 5\n>p1 move freezedry\n>p2 move stoneedge\n>p2 switch 5\n>p1 switch 4\n>p2 move thunderwave\n>p1 move rockpolish\n>p2 switch 2\n>p1 move stoneedge\n>p2 move powerwhip\n>p1 move stoneedge\n>p2 move powerwhip\n>p2 switch 4\n>p1 move doubleedge\n>p2 move flipturn\n>p1 switch 2\n>p2 switch 2\n>chat \u2606anol|fuck you dumbass\n>forcelose p2", "uploadtime": 1781422652, "views": 4, "formatid": "gen9randombattle", "rating": null, "private": 0, "password": null}