{"id": "gen9randombattle-2631946290", "format": "[Gen 9] Random Battle", "players": ["migui92", "OverthereStair"], "log": "|j|\u2606migui92\n|j|\u2606OverthereStair\n|t:|1781458618\n|gametype|singles\n|player|p1|migui92|265|1929\n|player|p2|OverthereStair|hilda|1946\n|gen|9\n|tier|[Gen 9] Random Battle\n|rated|\n|rule|Species Clause: Limit one of each Pok\u00e9mon\n|rule|HP Percentage Mod: HP is shown in percentages\n|rule|Sleep Clause Mod: Limit one foe put to sleep\n|rule|Illusion Level Mod: Illusion disguises the Pok\u00e9mon's true level\n|\n|t:|1781458618\n|teamsize|p1|6\n|teamsize|p2|6\n|start\n|switch|p1a: Emboar|Emboar, L84, F|322/322\n|switch|p2a: Virizion|Virizion, L82|283/283\n|turn|1\n|inactive|Battle timer is ON: inactive players will automatically lose when time's up. (requested by OverthereStair)\n|\n|t:|1781458634\n|switch|p2a: Altaria|Altaria, L89, M|278/278\n|move|p1a: Emboar|Flare Blitz|p2a: Altaria\n|-resisted|p2a: Altaria\n|-damage|p2a: Altaria|148/278\n|-damage|p1a: Emboar|279/322|[from] Recoil\n|\n|upkeep\n|turn|2\n|\n|t:|1781458648\n|switch|p1a: Uxie|Uxie, L83|260/260\n|move|p2a: Altaria|Roost|p2a: Altaria\n|-heal|p2a: Altaria|278/278\n|-singleturn|p2a: Altaria|move: Roost\n|\n|upkeep\n|turn|3\n|\n|t:|1781458675\n|switch|p2a: Lokix|Lokix, L82, M|251/251\n|move|p1a: Uxie|Knock Off|p2a: Lokix\n|-resisted|p2a: Lokix\n|-damage|p2a: Lokix|221/251\n|-enditem|p2a: Lokix|Life Orb|[from] move: Knock Off|[of] p1a: Uxie\n|\n|upkeep\n|turn|4\n|\n|t:|1781458693\n|move|p1a: Uxie|U-turn|p2a: Lokix\n|-supereffective|p2a: Lokix\n|-damage|p2a: Lokix|127/251\n|\n|t:|1781458697\n|switch|p1a: Mienshao|Mienshao, L83, F|243/243|[from] U-turn\n|move|p2a: Lokix|Knock Off|p1a: Mienshao\n|-resisted|p1a: Mienshao\n|-crit|p1a: Mienshao\n|-damage|p1a: Mienshao|53/243\n|-enditem|p1a: Mienshao|Choice Band|[from] move: Knock Off|[of] p2a: Lokix\n|\n|upkeep\n|turn|5\n|\n|t:|1781458709\n|move|p2a: Lokix|Sucker Punch|p1a: Mienshao\n|-resisted|p1a: Mienshao\n|-damage|p1a: Mienshao|0 fnt\n|faint|p1a: Mienshao\n|\n|upkeep\n|\n|t:|1781458717\n|switch|p1a: Emboar|Emboar, L84, F|279/322\n|turn|6\n|\n|t:|1781458726\n|switch|p2a: Altaria|Altaria, L89, M|278/278\n|move|p1a: Emboar|Head Smash|p2a: Altaria\n|-supereffective|p2a: Altaria\n|-damage|p2a: Altaria|0 fnt\n|faint|p2a: Altaria\n|-damage|p1a: Emboar|140/322|[from] Recoil\n|\n|upkeep\n|\n|t:|1781458730\n|switch|p2a: Virizion|Virizion, L82|283/283\n|turn|7\n|\n|t:|1781458756\n|switch|p1a: Uxie|Uxie, L83|260/260\n|move|p2a: Virizion|Swords Dance|p2a: Virizion\n|-boost|p2a: Virizion|atk|2\n|\n|upkeep\n|turn|8\n|inactive|migui92 has 120 seconds left.\n|\n|t:|1781458771\n|move|p2a: Virizion|Leaf Blade|p1a: Uxie\n|-damage|p1a: Uxie|91/260\n|-damage|p2a: Virizion|255/283|[from] item: Life Orb\n|move|p1a: Uxie|Psychic Noise|p2a: Virizion\n|-supereffective|p2a: Virizion\n|-damage|p2a: Virizion|157/283\n|-start|p2a: Virizion|move: Heal Block\n|\n|-heal|p1a: Uxie|107/260|[from] item: Leftovers\n|upkeep\n|turn|9\n|inactive|migui92 has 120 seconds left.\n|\n|t:|1781458796\n|move|p2a: Virizion|Leaf Blade|p1a: Uxie\n|-damage|p1a: Uxie|0 fnt\n|faint|p1a: Uxie\n|-damage|p2a: Virizion|129/283|[from] item: Life Orb\n|\n|-end|p2a: Virizion|move: Heal Block\n|upkeep\n|\n|t:|1781458815\n|switch|p1a: Squawkabilly|Squawkabilly-Blue, L85, M|278/278\n|turn|10\n|\n|t:|1781458830\n|move|p1a: Squawkabilly|Protect|p1a: Squawkabilly\n|-singleturn|p1a: Squawkabilly|Protect\n|move|p2a: Virizion|Close Combat|p1a: Squawkabilly\n|-activate|p1a: Squawkabilly|move: Protect\n|\n|-status|p1a: Squawkabilly|brn|[from] item: Flame Orb\n|upkeep\n|turn|11\n|\n|t:|1781458843\n|-terastallize|p1a: Squawkabilly|Normal\n|move|p1a: Squawkabilly|Quick Attack|p2a: Virizion\n|-damage|p2a: Virizion|15/283\n|move|p2a: Virizion|Close Combat|p1a: Squawkabilly\n|-supereffective|p1a: Squawkabilly\n|-damage|p1a: Squawkabilly|0 fnt\n|-unboost|p2a: Virizion|def|1\n|-unboost|p2a: Virizion|spd|1\n|faint|p1a: Squawkabilly\n|-damage|p2a: Virizion|0 fnt|[from] item: Life Orb\n|faint|p2a: Virizion\n|\n|upkeep\n|\n|t:|1781458858\n|switch|p2a: Veluza|Veluza, L85, F|292/292\n|switch|p1a: Basculin|Basculin-Blue-Striped, L86, M|261/261\n|turn|12\n|\n|t:|1781458866\n|move|p1a: Basculin|Double-Edge|p2a: Veluza\n|-damage|p2a: Veluza|151/292\n|-damage|p1a: Basculin|214/261|[from] Recoil\n|move|p2a: Veluza|Psycho Cut|p1a: Basculin\n|-damage|p1a: Basculin|13/261\n|\n|upkeep\n|turn|13\n|\n|t:|1781458875\n|switch|p2a: Misdreavus|Misdreavus, L90, F|254/254\n|move|p1a: Basculin|Double-Edge|p2a: Misdreavus\n|-immune|p2a: Misdreavus\n|\n|upkeep\n|turn|14\n|\n|t:|1781458882\n|switch|p1a: Emboar|Emboar, L84, F|140/322\n|move|p2a: Misdreavus|Shadow Ball|p1a: Emboar\n|-damage|p1a: Emboar|25/322\n|\n|upkeep\n|turn|15\n|inactive|migui92 has 120 seconds left.\n|\n|t:|1781458889\n|switch|p1a: Snorlax|Snorlax, L82, M|397/397\n|move|p2a: Misdreavus|Shadow Ball|p1a: Snorlax\n|-immune|p1a: Snorlax\n|\n|upkeep\n|turn|16\n|\n|t:|1781458898\n|move|p2a: Misdreavus|Will-O-Wisp|p1a: Snorlax\n|-status|p1a: Snorlax|brn\n|move|p1a: Snorlax|Curse|p1a: Snorlax\n|-unboost|p1a: Snorlax|spe|1\n|-boost|p1a: Snorlax|atk|1\n|-boost|p1a: Snorlax|def|1\n|\n|-damage|p1a: Snorlax|373/397 brn|[from] brn\n|upkeep\n|turn|17\n|\n|t:|1781458910\n|switch|p2a: Vileplume|Vileplume, L85, F|266/266\n|switch|p1a: Basculin|Basculin-Blue-Striped, L86, M|13/261\n|\n|upkeep\n|turn|18\n|-message|migui92 forfeited.\n|\n|win|OverthereStair\n", "inputlog": ">version a8376a258c1d4662feba110a92103f3664a72141\n>start {\"formatid\":\"gen9randombattle\",\"seed\":\"sodium,682b7200f8a8dc0ca9c12af7982d9a7b\",\"rated\":\"Rated battle\"}\n>player p1 {\"name\":\"migui92\",\"avatar\":\"265\",\"rating\":1929,\"seed\":\"sodium,78a5eb96f82f44a57838dfb96256bfbd\"}\n>player p2 {\"name\":\"OverthereStair\",\"avatar\":\"hilda\",\"rating\":1946,\"seed\":\"sodium,1ff14e6e175f827247fc9ad9de307c39\"}\n>p1 move flareblitz\n>p2 switch 2\n>p1 switch 4\n>p2 move roost\n>p1 move knockoff\n>p2 switch 4\n>p1 move uturn\n>p2 move knockoff\n>p1 switch 6\n>p1 move uturn\n>p2 move suckerpunch\n>p1 switch 4\n>p1 move headsmash\n>p2 switch 4\n>p2 switch 2\n>p1 switch 6\n>p2 move swordsdance\n>p1 move psychicnoise\n>p2 move leafblade\n>p1 move psychicnoise\n>p2 move leafblade\n>p1 switch 2\n>p1 move protect\n>p2 move closecombat\n>p1 move quickattack terastallize\n>p2 move closecombat\n>p1 switch 5\n>p2 switch 3\n>p1 move doubleedge\n>p2 move psychocut\n>p1 move doubleedge\n>p2 switch 6\n>p1 switch 6\n>p2 move shadowball\n>p1 switch 3\n>p2 move shadowball\n>p1 move curse\n>p2 move willowisp\n>p1 switch 6\n>p2 switch 5\n>forcelose p1", "uploadtime": 1781458619, "views": 7, "formatid": "gen9randombattle", "rating": null, "private": 0, "password": null}