{"id": "gen9randombattle-2631427908", "format": "[Gen 9] Random Battle", "players": ["SGA4MVP23", "Unknown Warrior"], "log": "|j|\u2606SGA4MVP23\n|j|\u2606Unknown Warrior\n|t:|1781383404\n|gametype|singles\n|player|p1|SGA4MVP23|marshal|1923\n|player|p2|Unknown Warrior|266|1988\n|gen|9\n|tier|[Gen 9] Random Battle\n|rated|\n|rule|Species Clause: Limit one of each Pok\u00e9mon\n|rule|HP Percentage Mod: HP is shown in percentages\n|rule|Sleep Clause Mod: Limit one foe put to sleep\n|rule|Illusion Level Mod: Illusion disguises the Pok\u00e9mon's true level\n|\n|t:|1781383405\n|teamsize|p1|6\n|teamsize|p2|6\n|start\n|switch|p1a: Metagross|Metagross, L79|256/256\n|switch|p2a: Flareon|Flareon, L90, F|263/263\n|turn|1\n|\n|t:|1781383418\n|switch|p2a: Bronzong|Bronzong, L88|261/261\n|move|p1a: Metagross|Knock Off|p2a: Bronzong\n|-supereffective|p2a: Bronzong\n|-damage|p2a: Bronzong|63/261\n|-enditem|p2a: Bronzong|Leftovers|[from] move: Knock Off|[of] p1a: Metagross\n|\n|upkeep\n|turn|2\n|\n|t:|1781383428\n|move|p1a: Metagross|Knock Off|p2a: Bronzong\n|-supereffective|p2a: Bronzong\n|-damage|p2a: Bronzong|0 fnt\n|faint|p2a: Bronzong\n|\n|upkeep\n|\n|t:|1781383434\n|switch|p2a: Amoonguss|Amoonguss, L82, F|321/321\n|turn|3\n|\n|t:|1781383437\n|move|p1a: Metagross|Knock Off|p2a: Amoonguss\n|-damage|p2a: Amoonguss|171/321\n|-damage|p1a: Metagross|214/256|[from] item: Rocky Helmet|[of] p2a: Amoonguss\n|-enditem|p2a: Amoonguss|Rocky Helmet|[from] move: Knock Off|[of] p1a: Metagross\n|move|p2a: Amoonguss|Spore|p1a: Metagross\n|-status|p1a: Metagross|slp|[from] move: Spore\n|\n|upkeep\n|turn|4\n|\n|t:|1781383452\n|switch|p1a: Coalossal|Coalossal, L89, F|341/341\n|switch|p2a: Flareon|Flareon, L90, F|263/263\n|\n|-status|p2a: Flareon|tox|[from] item: Toxic Orb\n|upkeep\n|turn|5\n|\n|t:|1781383461\n|switch|p2a: Rotom|Rotom-Wash, L82|216/216\n|move|p1a: Coalossal|Stone Edge|p2a: Rotom\n|-damage|p2a: Rotom|123/216\n|\n|-heal|p2a: Rotom|136/216|[from] item: Leftovers\n|upkeep\n|turn|6\n|\n|t:|1781383476\n|switch|p1a: Mienshao|Mienshao, L83, F|243/243\n|move|p2a: Rotom|Nasty Plot|p2a: Rotom\n|-boost|p2a: Rotom|spa|2\n|\n|-heal|p2a: Rotom|149/216|[from] item: Leftovers\n|upkeep\n|turn|7\n|\n|t:|1781383492\n|switch|p2a: Amoonguss|Amoonguss, L82, F|278/321\n|move|p1a: Mienshao|High Jump Kick|p2a: Amoonguss\n|-resisted|p2a: Amoonguss\n|-damage|p2a: Amoonguss|94/321\n|\n|upkeep\n|turn|8\n|\n|t:|1781383502\n|move|p1a: Mienshao|High Jump Kick|p2a: Amoonguss\n|-resisted|p2a: Amoonguss\n|-damage|p2a: Amoonguss|0 fnt\n|faint|p2a: Amoonguss\n|\n|upkeep\n|\n|t:|1781383504\n|switch|p2a: Hoopa|Hoopa-Unbound, L80|259/259\n|turn|9\n|\n|t:|1781383513\n|switch|p1a: Malamar|Malamar, L82, F|275/275\n|move|p2a: Hoopa|Psychic|p1a: Malamar\n|-immune|p1a: Malamar\n|\n|upkeep\n|turn|10\n|\n|t:|1781383523\n|switch|p2a: Mamoswine|Mamoswine, L81, F|311/311\n|move|p1a: Malamar|Superpower|p2a: Mamoswine\n|-supereffective|p2a: Mamoswine\n|-damage|p2a: Mamoswine|127/311\n|-boost|p1a: Malamar|atk|1\n|-boost|p1a: Malamar|def|1\n|\n|upkeep\n|turn|11\n|-message|Unknown Warrior forfeited.\n|\n|win|SGA4MVP23\n", "inputlog": ">version a8376a258c1d4662feba110a92103f3664a72141\n>start {\"formatid\":\"gen9randombattle\",\"seed\":\"sodium,08b77e6e7ed5b9c682b18334ee8197dc\",\"rated\":\"Rated battle\"}\n>player p1 {\"name\":\"SGA4MVP23\",\"avatar\":\"marshal\",\"rating\":1923,\"seed\":\"sodium,46b462ab43f836b1852c3f7285b06ea2\"}\n>player p2 {\"name\":\"Unknown Warrior\",\"avatar\":\"266\",\"rating\":1988,\"seed\":\"sodium,6922e7300bd0d57463f809dd7c1009ca\"}\n>p1 move knockoff\n>p2 switch 6\n>p1 move knockoff\n>p2 move stealthrock\n>p2 switch 2\n>p1 move knockoff\n>p2 move spore\n>p1 switch 6\n>p2 switch 6\n>p1 move stoneedge\n>p2 switch 3\n>p1 switch 2\n>p2 move nastyplot\n>p1 move highjumpkick\n>p2 switch 6\n>p1 move highjumpkick\n>p2 move sludgebomb\n>p2 switch 5\n>p1 switch 3\n>p2 move psychic\n>p1 move superpower\n>p2 switch 4\n>forcelose p2", "uploadtime": 1781383407, "views": 9, "formatid": "gen9randombattle", "rating": null, "private": 0, "password": null}