{"id": "gen9randombattle-2631415265", "format": "[Gen 9] Random Battle", "players": ["Undertaker67", "frostpkmn"], "log": "|j|\u2606Undertaker67\n|j|\u2606frostpkmn\n|t:|1781381891\n|gametype|singles\n|player|p1|Undertaker67|n|2028\n|player|p2|frostpkmn|ruinmaniac-gen3rs|2005\n|gen|9\n|tier|[Gen 9] Random Battle\n|rated|\n|rule|Species Clause: Limit one of each Pok\u00e9mon\n|rule|HP Percentage Mod: HP is shown in percentages\n|rule|Sleep Clause Mod: Limit one foe put to sleep\n|rule|Illusion Level Mod: Illusion disguises the Pok\u00e9mon's true level\n|\n|t:|1781381891\n|teamsize|p1|6\n|teamsize|p2|6\n|start\n|switch|p1a: Lokix|Lokix, L82, F|251/251\n|switch|p2a: Lokix|Lokix, L82, F|251/251\n|turn|1\n|inactive|Battle timer is ON: inactive players will automatically lose when time's up. (requested by frostpkmn)\n|c|\u2606frostpkmn|lol\n|\n|t:|1781381917\n|switch|p2a: Mudsdale|Mudsdale, L83, M|302/302\n|move|p1a: Lokix|First Impression|p2a: Mudsdale\n|-damage|p2a: Mudsdale|193/302\n|-ability|p2a: Mudsdale|Stamina|boost\n|-boost|p2a: Mudsdale|def|1\n|-damage|p1a: Lokix|226/251|[from] item: Life Orb\n|\n|-heal|p2a: Mudsdale|211/302|[from] item: Leftovers\n|upkeep\n|turn|2\n|inactive|Undertaker67 has 120 seconds left.\n|\n|t:|1781381950\n|switch|p1a: Lapras|Lapras, L87, F|368/368\n|move|p2a: Mudsdale|Stealth Rock|p1a: Lapras\n|-sidestart|p1: Undertaker67|move: Stealth Rock\n|\n|-heal|p2a: Mudsdale|229/302|[from] item: Leftovers\n|upkeep\n|turn|3\n|\n|t:|1781381963\n|switch|p2a: Lokix|Lokix, L82, F|251/251\n|move|p1a: Lapras|Freeze-Dry|p2a: Lokix\n|-damage|p2a: Lokix|154/251\n|-status|p2a: Lokix|frz\n|\n|upkeep\n|turn|4\n|\n|t:|1781381968\n|cant|p2a: Lokix|frz\n|move|p1a: Lapras|Sparkling Aria|p2a: Lokix\n|-damage|p2a: Lokix|24/251 frz\n|\n|upkeep\n|turn|5\n|\n|t:|1781381974\n|cant|p2a: Lokix|frz\n|move|p1a: Lapras|Freeze-Dry|p2a: Lokix\n|-damage|p2a: Lokix|0 fnt\n|faint|p2a: Lokix\n|\n|upkeep\n|\n|t:|1781381986\n|switch|p2a: Grumpig|Grumpig, L92, M|297/297\n|turn|6\n|\n|t:|1781382000\n|move|p2a: Grumpig|Focus Blast|p1a: Lapras|[miss]\n|-miss|p2a: Grumpig|p1a: Lapras\n|move|p1a: Lapras|Sparkling Aria|p2a: Grumpig\n|-damage|p2a: Grumpig|222/297\n|\n|upkeep\n|turn|7\n|\n|t:|1781382003\n|move|p2a: Grumpig|Focus Blast|p1a: Lapras\n|-supereffective|p1a: Lapras\n|-damage|p1a: Lapras|194/368\n|move|p1a: Lapras|Sparkling Aria|p2a: Grumpig\n|-crit|p2a: Grumpig\n|-damage|p2a: Grumpig|116/297\n|\n|upkeep\n|turn|8\n|\n|t:|1781382011\n|move|p2a: Grumpig|Focus Blast|p1a: Lapras\n|-supereffective|p1a: Lapras\n|-damage|p1a: Lapras|28/368\n|-unboost|p1a: Lapras|spd|1\n|move|p1a: Lapras|Rest|p1a: Lapras\n|-status|p1a: Lapras|slp|[from] move: Rest\n|-heal|p1a: Lapras|368/368 slp|[silent]\n|\n|upkeep\n|turn|9\n|\n|t:|1781382017\n|switch|p1a: Lunala|Lunala, L70|308/308\n|-damage|p1a: Lunala|270/308|[from] Stealth Rock\n|move|p2a: Grumpig|Focus Blast|p1a: Lunala\n|-immune|p1a: Lunala\n|\n|-heal|p1a: Lunala|289/308|[from] item: Leftovers\n|upkeep\n|turn|10\n|\n|t:|1781382033\n|switch|p2a: Sableye|Sableye, L88, F|231/231\n|move|p1a: Lunala|Moongeist Beam|p2a: Sableye\n|-damage|p2a: Sableye|114/231\n|\n|-heal|p1a: Lunala|308/308|[from] item: Leftovers\n|-heal|p2a: Sableye|128/231|[from] item: Leftovers\n|upkeep\n|turn|11\n|\n|t:|1781382046\n|move|p1a: Lunala|Moongeist Beam|p2a: Sableye\n|-damage|p2a: Sableye|8/231\n|move|p2a: Sableye|Knock Off|p1a: Lunala\n|-supereffective|p1a: Lunala\n|-damage|p1a: Lunala|68/308\n|-enditem|p1a: Lunala|Leftovers|[from] move: Knock Off|[of] p2a: Sableye\n|\n|-heal|p2a: Sableye|22/231|[from] item: Leftovers\n|upkeep\n|turn|12\n|\n|t:|1781382055\n|move|p2a: Sableye|Recover|p2a: Sableye\n|-heal|p2a: Sableye|138/231\n|move|p1a: Lunala|Moongeist Beam|p2a: Sableye\n|-damage|p2a: Sableye|27/231\n|\n|-heal|p2a: Sableye|41/231|[from] item: Leftovers\n|upkeep\n|turn|13\n|\n|t:|1781382060\n|move|p2a: Sableye|Recover|p2a: Sableye\n|-heal|p2a: Sableye|157/231\n|move|p1a: Lunala|Moongeist Beam|p2a: Sableye\n|-damage|p2a: Sableye|33/231\n|\n|-heal|p2a: Sableye|47/231|[from] item: Leftovers\n|upkeep\n|turn|14\n|\n|t:|1781382064\n|move|p2a: Sableye|Recover|p2a: Sableye\n|-heal|p2a: Sableye|163/231\n|move|p1a: Lunala|Moongeist Beam|p2a: Sableye\n|-damage|p2a: Sableye|52/231\n|\n|-heal|p2a: Sableye|66/231|[from] item: Leftovers\n|upkeep\n|turn|15\n|\n|t:|1781382076\n|switch|p1a: Lokix|Lokix, L82, F|226/251\n|-damage|p1a: Lokix|164/251|[from] Stealth Rock\n|move|p2a: Sableye|Recover|p2a: Sableye\n|-heal|p2a: Sableye|182/231\n|\n|-heal|p2a: Sableye|196/231|[from] item: Leftovers\n|upkeep\n|turn|16\n|\n|t:|1781382083\n|move|p1a: Lokix|First Impression|p2a: Sableye\n|-damage|p2a: Sableye|58/231\n|-damage|p1a: Lokix|139/251|[from] item: Life Orb\n|move|p2a: Sableye|Knock Off|p1a: Lokix\n|-resisted|p1a: Lokix\n|-damage|p1a: Lokix|84/251\n|-enditem|p1a: Lokix|Life Orb|[from] move: Knock Off|[of] p2a: Sableye\n|\n|-heal|p2a: Sableye|72/231|[from] item: Leftovers\n|upkeep\n|turn|17\n|\n|t:|1781382089\n|move|p1a: Lokix|Sucker Punch||[still]\n|-fail|p1a: Lokix\n|move|p2a: Sableye|Recover|p2a: Sableye\n|-heal|p2a: Sableye|188/231\n|\n|-heal|p2a: Sableye|202/231|[from] item: Leftovers\n|upkeep\n|turn|18\n|\n|t:|1781382100\n|switch|p1a: Lunala|Lunala, L70|68/308\n|-damage|p1a: Lunala|30/308|[from] Stealth Rock\n|move|p2a: Sableye|Knock Off|p1a: Lunala\n|-supereffective|p1a: Lunala\n|-damage|p1a: Lunala|0 fnt\n|faint|p1a: Lunala\n|\n|-heal|p2a: Sableye|216/231|[from] item: Leftovers\n|upkeep\n|\n|t:|1781382119\n|switch|p1a: Lapras|Lapras, L87, F|368/368 slp\n|turn|19\n|\n|t:|1781382126\n|cant|p1a: Lapras|slp\n|move|p1a: Lapras|Sleep Talk|p1a: Lapras\n|move|p1a: Lapras|Rest||[from] move: Sleep Talk|[still]\n|-fail|p1a: Lapras\n|move|p2a: Sableye|Knock Off|p1a: Lapras\n|-damage|p1a: Lapras|272/368 slp\n|-enditem|p1a: Lapras|Heavy-Duty Boots|[from] move: Knock Off|[of] p2a: Sableye\n|\n|-heal|p2a: Sableye|230/231|[from] item: Leftovers\n|upkeep\n|turn|20\n|\n|t:|1781382140\n|switch|p2a: Grumpig|Grumpig, L92, M|116/297\n|cant|p1a: Lapras|slp\n|move|p1a: Lapras|Sleep Talk|p1a: Lapras\n|move|p1a: Lapras|Sparkling Aria|p2a: Grumpig|[from] move: Sleep Talk\n|-damage|p2a: Grumpig|40/297\n|\n|upkeep\n|turn|21\n|\n|t:|1781382147\n|move|p2a: Grumpig|Trick|p1a: Lapras\n|-activate|p2a: Grumpig|move: Trick|[of] p1a: Lapras\n|-item|p1a: Lapras|Choice Scarf|[from] move: Trick\n|-enditem|p2a: Grumpig|Choice Scarf|[silent]|[from] move: Trick\n|-curestatus|p1a: Lapras|slp|[msg]\n|move|p1a: Lapras|Sparkling Aria|p2a: Grumpig\n|-damage|p2a: Grumpig|0 fnt\n|faint|p2a: Grumpig\n|\n|upkeep\n|\n|t:|1781382154\n|switch|p2a: Araquanid|Araquanid, L82, F|246/246\n|turn|22\n|\n|t:|1781382178\n|switch|p1a: Koraidon|Koraidon, L64|235/235\n|-damage|p1a: Koraidon|221/235|[from] Stealth Rock\n|-weather|SunnyDay|[from] ability: Orichalcum Pulse|[of] p1a: Koraidon\n|-activate|p1a: Koraidon|Orichalcum Pulse|[source]\n|move|p2a: Araquanid|Sticky Web|p1a: Koraidon\n|-sidestart|p1: Undertaker67|move: Sticky Web\n|\n|-weather|SunnyDay|[upkeep]\n|upkeep\n|turn|23\n|\n|t:|1781382193\n|switch|p2a: Mudsdale|Mudsdale, L83, M|229/302\n|move|p1a: Koraidon|Swords Dance|p1a: Koraidon\n|-boost|p1a: Koraidon|atk|2\n|\n|-weather|SunnyDay|[upkeep]\n|-heal|p2a: Mudsdale|247/302|[from] item: Leftovers\n|upkeep\n|turn|24\n|\n|t:|1781382210\n|-terastallize|p1a: Koraidon|Fire\n|move|p1a: Koraidon|Flare Blitz|p2a: Mudsdale\n|-damage|p2a: Mudsdale|0 fnt\n|faint|p2a: Mudsdale\n|-damage|p1a: Koraidon|139/235|[from] Recoil\n|\n|-weather|SunnyDay|[upkeep]\n|upkeep\n|\n|t:|1781382223\n|switch|p2a: Araquanid|Araquanid, L82, F|246/246\n|turn|25\n|\n|t:|1781382244\n|move|p1a: Koraidon|Scale Shot|p2a: Araquanid\n|-damage|p2a: Araquanid|189/246\n|-damage|p2a: Araquanid|132/246\n|-damage|p2a: Araquanid|80/246\n|-damage|p2a: Araquanid|20/246\n|-damage|p2a: Araquanid|0 fnt\n|faint|p2a: Araquanid\n|-hitcount|p2: Araquanid|5\n|-unboost|p1a: Koraidon|def|1\n|-boost|p1a: Koraidon|spe|1\n|\n|-weather|SunnyDay|[upkeep]\n|upkeep\n|\n|t:|1781382251\n|switch|p2a: Sableye|Sableye, L88, F|230/231\n|turn|26\n|\n|t:|1781382261\n|move|p2a: Sableye|Encore|p1a: Koraidon\n|-start|p1a: Koraidon|Encore\n|move|p1a: Koraidon|Scale Shot|p2a: Sableye\n|-damage|p2a: Sableye|172/231\n|-damage|p2a: Sableye|114/231\n|-damage|p2a: Sableye|50/231\n|-damage|p2a: Sableye|0 fnt\n|faint|p2a: Sableye\n|-hitcount|p2: Sableye|4\n|-unboost|p1a: Koraidon|def|1\n|-boost|p1a: Koraidon|spe|1\n|\n|-weather|none\n|upkeep\n|\n|t:|1781382263\n|switch|p2a: Brambleghast|Brambleghast, L88, M|240/240\n|turn|27\n|\n|t:|1781382269\n|-terastallize|p2a: Brambleghast|Fairy\n|move|p1a: Koraidon|Scale Shot|p2a: Brambleghast\n|-immune|p2a: Brambleghast\n|move|p2a: Brambleghast|Substitute|p2a: Brambleghast\n|-start|p2a: Brambleghast|Substitute\n|-damage|p2a: Brambleghast|180/240\n|\n|-heal|p2a: Brambleghast|195/240|[from] item: Leftovers\n|upkeep\n|turn|28\n|\n|t:|1781382287\n|switch|p1a: Lokix|Lokix, L82, F|84/251\n|-damage|p1a: Lokix|22/251|[from] Stealth Rock\n|-activate|p1a: Lokix|move: Sticky Web\n|-unboost|p1a: Lokix|spe|1\n|move|p2a: Brambleghast|Leech Seed|p1a: Lokix\n|-start|p1a: Lokix|move: Leech Seed\n|\n|-heal|p2a: Brambleghast|210/240|[from] item: Leftovers\n|-damage|p1a: Lokix|0 fnt|[from] Leech Seed|[of] p2a: Brambleghast\n|-heal|p2a: Brambleghast|232/240|[silent]\n|faint|p1a: Lokix\n|upkeep\n|\n|t:|1781382306\n|switch|p1a: Glastrier|Glastrier, L86|312/312\n|turn|29\n|\n|t:|1781382315\n|move|p2a: Brambleghast|Leech Seed|p1a: Glastrier\n|-start|p1a: Glastrier|move: Leech Seed\n|move|p1a: Glastrier|Icicle Crash|p2a: Brambleghast\n|-end|p2a: Brambleghast|Substitute\n|\n|-heal|p2a: Brambleghast|240/240|[from] item: Leftovers\n|-damage|p1a: Glastrier|273/312|[from] Leech Seed|[of] p2a: Brambleghast\n|upkeep\n|turn|30\n|\n|t:|1781382321\n|move|p2a: Brambleghast|Substitute|p2a: Brambleghast\n|-start|p2a: Brambleghast|Substitute\n|-damage|p2a: Brambleghast|180/240\n|move|p1a: Glastrier|Icicle Crash|p2a: Brambleghast\n|-end|p2a: Brambleghast|Substitute\n|\n|-heal|p2a: Brambleghast|195/240|[from] item: Leftovers\n|-damage|p1a: Glastrier|234/312|[from] Leech Seed|[of] p2a: Brambleghast\n|-heal|p2a: Brambleghast|234/240|[silent]\n|upkeep\n|turn|31\n|inactive|Undertaker67 has 120 seconds left.\n|\n|t:|1781382359\n|switch|p1a: Lapras|Lapras, L87, F|272/368\n|-damage|p1a: Lapras|180/368|[from] Stealth Rock\n|-activate|p1a: Lapras|move: Sticky Web\n|-unboost|p1a: Lapras|spe|1\n|move|p2a: Brambleghast|Substitute|p2a: Brambleghast\n|-start|p2a: Brambleghast|Substitute\n|-damage|p2a: Brambleghast|174/240\n|\n|-heal|p2a: Brambleghast|189/240|[from] item: Leftovers\n|upkeep\n|turn|32\n|inactive|Undertaker67 has 120 seconds left.\n|\n|t:|1781382367\n|move|p2a: Brambleghast|Power Whip|p1a: Lapras\n|-supereffective|p1a: Lapras\n|-damage|p1a: Lapras|0 fnt\n|faint|p1a: Lapras\n|\n|-heal|p2a: Brambleghast|204/240|[from] item: Leftovers\n|upkeep\n|\n|t:|1781382371\n|switch|p1a: Glastrier|Glastrier, L86|234/312\n|turn|33\n|\n|t:|1781382373\n|move|p2a: Brambleghast|Leech Seed|p1a: Glastrier\n|-start|p1a: Glastrier|move: Leech Seed\n|move|p1a: Glastrier|Icicle Crash|p2a: Brambleghast\n|-end|p2a: Brambleghast|Substitute\n|\n|-heal|p2a: Brambleghast|219/240|[from] item: Leftovers\n|-damage|p1a: Glastrier|195/312|[from] Leech Seed|[of] p2a: Brambleghast\n|-heal|p2a: Brambleghast|240/240|[silent]\n|upkeep\n|turn|34\n|\n|t:|1781382382\n|switch|p1a: Deoxys|Deoxys, L74|196/196\n|-damage|p1a: Deoxys|172/196|[from] Stealth Rock\n|-activate|p1a: Deoxys|move: Sticky Web\n|-unboost|p1a: Deoxys|spe|1\n|-ability|p1a: Deoxys|Pressure\n|move|p2a: Brambleghast|Substitute|p2a: Brambleghast\n|-start|p2a: Brambleghast|Substitute\n|-damage|p2a: Brambleghast|180/240\n|\n|-heal|p2a: Brambleghast|195/240|[from] item: Leftovers\n|upkeep\n|turn|35\n|\n|t:|1781382388\n|move|p1a: Deoxys|Extreme Speed|p2a: Brambleghast\n|-end|p2a: Brambleghast|Substitute\n|-damage|p1a: Deoxys|153/196|[from] item: Life Orb\n|move|p2a: Brambleghast|Poltergeist|p1a: Deoxys\n|-activate|p1a: Deoxys|move: Poltergeist|Life Orb\n|-supereffective|p1a: Deoxys\n|-damage|p1a: Deoxys|0 fnt\n|faint|p1a: Deoxys\n|\n|-heal|p2a: Brambleghast|210/240|[from] item: Leftovers\n|upkeep\n|\n|t:|1781382394\n|switch|p1a: Koraidon|Koraidon, L64, tera:Fire|139/235\n|-damage|p1a: Koraidon|81/235|[from] Stealth Rock\n|-activate|p1a: Koraidon|move: Sticky Web\n|-unboost|p1a: Koraidon|spe|1\n|-weather|SunnyDay|[from] ability: Orichalcum Pulse|[of] p1a: Koraidon\n|-activate|p1a: Koraidon|Orichalcum Pulse|[source]\n|turn|36\n|\n|t:|1781382418\n|move|p2a: Brambleghast|Poltergeist|p1a: Koraidon\n|-activate|p1a: Koraidon|move: Poltergeist|Loaded Dice\n|-damage|p1a: Koraidon|0 fnt\n|faint|p1a: Koraidon\n|\n|-weather|SunnyDay|[upkeep]\n|-heal|p2a: Brambleghast|225/240|[from] item: Leftovers\n|upkeep\n|\n|t:|1781382421\n|switch|p1a: Glastrier|Glastrier, L86|195/312\n|turn|37\n|\n|t:|1781382431\n|move|p2a: Brambleghast|Leech Seed|p1a: Glastrier\n|-start|p1a: Glastrier|move: Leech Seed\n|move|p1a: Glastrier|Icicle Crash|p2a: Brambleghast|[miss]\n|-miss|p1a: Glastrier|p2a: Brambleghast\n|\n|-weather|SunnyDay|[upkeep]\n|-heal|p2a: Brambleghast|240/240|[from] item: Leftovers\n|-damage|p1a: Glastrier|156/312|[from] Leech Seed|[of] p2a: Brambleghast\n|upkeep\n|turn|38\n|\n|t:|1781382434\n|move|p2a: Brambleghast|Substitute|p2a: Brambleghast\n|-start|p2a: Brambleghast|Substitute\n|-damage|p2a: Brambleghast|180/240\n|move|p1a: Glastrier|Icicle Crash|p2a: Brambleghast\n|-end|p2a: Brambleghast|Substitute\n|\n|-weather|SunnyDay|[upkeep]\n|-heal|p2a: Brambleghast|195/240|[from] item: Leftovers\n|-damage|p1a: Glastrier|117/312|[from] Leech Seed|[of] p2a: Brambleghast\n|-heal|p2a: Brambleghast|234/240|[silent]\n|upkeep\n|turn|39\n|\n|t:|1781382437\n|move|p2a: Brambleghast|Substitute|p2a: Brambleghast\n|-start|p2a: Brambleghast|Substitute\n|-damage|p2a: Brambleghast|174/240\n|move|p1a: Glastrier|Icicle Crash|p2a: Brambleghast\n|-end|p2a: Brambleghast|Substitute\n|\n|-weather|SunnyDay|[upkeep]\n|-heal|p2a: Brambleghast|189/240|[from] item: Leftovers\n|-damage|p1a: Glastrier|78/312|[from] Leech Seed|[of] p2a: Brambleghast\n|-heal|p2a: Brambleghast|228/240|[silent]\n|upkeep\n|turn|40\n|\n|t:|1781382440\n|move|p2a: Brambleghast|Substitute|p2a: Brambleghast\n|-start|p2a: Brambleghast|Substitute\n|-damage|p2a: Brambleghast|168/240\n|move|p1a: Glastrier|Icicle Crash|p2a: Brambleghast|[miss]\n|-miss|p1a: Glastrier|p2a: Brambleghast\n|\n|-weather|none\n|-heal|p2a: Brambleghast|183/240|[from] item: Leftovers\n|-damage|p1a: Glastrier|39/312|[from] Leech Seed|[of] p2a: Brambleghast\n|-heal|p2a: Brambleghast|222/240|[silent]\n|upkeep\n|turn|41\n|\n|t:|1781382442\n|move|p2a: Brambleghast|Substitute|p2a: Brambleghast\n|-fail|p2a: Brambleghast|move: Substitute\n|move|p1a: Glastrier|Icicle Crash|p2a: Brambleghast\n|-end|p2a: Brambleghast|Substitute\n|\n|-heal|p2a: Brambleghast|237/240|[from] item: Leftovers\n|-damage|p1a: Glastrier|0 fnt|[from] Leech Seed|[of] p2a: Brambleghast\n|-heal|p2a: Brambleghast|240/240|[silent]\n|faint|p1a: Glastrier\n|\n|win|frostpkmn\n|raw|Undertaker67's rating: 2028 &rarr; <strong>2007</strong><br />(-21 for losing)\n|raw|frostpkmn's rating: 2005 &rarr; <strong>2026</strong><br />(+21 for winning)\n", "inputlog": ">version a8376a258c1d4662feba110a92103f3664a72141\n>start {\"formatid\":\"gen9randombattle\",\"seed\":\"sodium,3f4fc61ea4a0638dd7727df90c9fefcb\",\"rated\":\"Rated battle\"}\n>player p1 {\"name\":\"Undertaker67\",\"avatar\":\"n\",\"rating\":2028,\"seed\":\"sodium,c03f108692ca83c09b6ddb7aa0e1f2d9\"}\n>player p2 {\"name\":\"frostpkmn\",\"avatar\":\"ruinmaniac-gen3rs\",\"rating\":2005,\"seed\":\"sodium,8fcf4f3b5cc6fa854b651880cdd29731\"}\n>chat \u2606frostpkmn|lol\n>p1 move firstimpression\n>p2 switch 3\n>p1 switch 5\n>p2 move stealthrock\n>p1 move freezedry\n>p2 switch 3\n>p1 move sparklingaria\n>p2 move knockoff\n>p1 move freezedry\n>p2 move knockoff\n>p2 switch 4\n>p1 move sparklingaria\n>p2 move focusblast\n>p1 move sparklingaria\n>p2 move focusblast\n>p1 move rest\n>p2 move focusblast\n>p1 switch 6\n>p2 move focusblast\n>p1 move moongeistbeam\n>p2 switch 2\n>p1 move moongeistbeam\n>p2 move knockoff\n>p1 move moongeistbeam\n>p2 move recover\n>p1 move moongeistbeam\n>p2 move recover\n>p1 move moongeistbeam\n>p2 move recover\n>p1 switch 5\n>p2 move recover\n>p1 move firstimpression\n>p2 move knockoff\n>p1 move suckerpunch\n>p2 move recover\n>p1 switch 5\n>p2 move knockoff\n>p1 switch 6\n>p1 move sleeptalk\n>p2 move knockoff\n>p1 move sleeptalk\n>p2 switch 2\n>p1 move sparklingaria\n>p2 move trick\n>p2 switch 5\n>p1 switch 4\n>p2 move stickyweb\n>p1 move swordsdance\n>p2 switch 3\n>p1 move flareblitz terastallize\n>p2 move earthquake\n>p2 switch 3\n>p1 move scaleshot\n>p2 move hydropump\n>p2 switch 2\n>p1 move flareblitz\n>p2 move encore\n>p2 switch 6\n>p1 move scaleshot\n>p2 move substitute terastallize\n>p1 switch 5\n>p2 move leechseed\n>p1 switch 2\n>p1 move iciclecrash\n>p2 move leechseed\n>p1 move iciclecrash\n>p2 move substitute\n>p1 switch 4\n>p2 move substitute\n>p1 move freezedry\n>p2 move powerwhip\n>p1 switch 4\n>p1 move iciclecrash\n>p2 move leechseed\n>p1 switch 3\n>p2 move substitute\n>p1 move extremespeed\n>p2 move poltergeist\n>p1 switch 5\n>p1 move flareblitz\n>p2 move poltergeist\n>p1 switch 3\n>p1 move iciclecrash\n>p2 move leechseed\n>p1 move iciclecrash\n>p2 move substitute\n>p1 move iciclecrash\n>p2 move substitute\n>p1 move iciclecrash\n>p2 move substitute\n>p1 move iciclecrash\n>p2 move substitute", "uploadtime": 1781381893, "views": 10, "formatid": "gen9randombattle", "rating": 2007, "private": 0, "password": null, "player_dets": [{"name": "Undertaker67", "avatar": "n", "rating": 2028, "seed": "sodium,c03f108692ca83c09b6ddb7aa0e1f2d9"}, {"name": "frostpkmn", "avatar": "ruinmaniac-gen3rs", "rating": 2005, "seed": "sodium,8fcf4f3b5cc6fa854b651880cdd29731"}], "teams_full": [{"Lokix": {"name": "Lokix", "species": "Lokix", "speciesId": "lokix", "gender": "F", "shiny": false, "level": 82, "moves": ["leechlife", "suckerpunch", "knockoff", "firstimpression"], "ability": "Tinted Lens", "evs": {"hp": 85, "atk": 85, "def": 85, "spa": 85, "spd": 85, "spe": 85}, "ivs": {"hp": 31, "atk": 31, "def": 31, "spa": 31, "spd": 31, "spe": 31}, "item": "Life Orb", "teraType": "Bug", "role": "Wallbreaker", "bvs": {"hp": 71, "atk": 102, "def": 78, "spa": 52, "spd": 55, "spe": 92}, "stats": {"hp": 251, "atk": 214, "def": 175, "spa": 132, "spd": 137, "spe": 198}, "types": ["Bug", "Dark"]}, "Glastrier": {"name": "Glastrier", "species": "Glastrier", "speciesId": "glastrier", "gender": "N", "shiny": false, "level": 86, "moves": ["swordsdance", "iciclecrash", "highhorsepower", "closecombat"], "ability": "Chilling Neigh", "evs": {"hp": 85, "atk": 85, "def": 85, "spa": 85, "spd": 85, "spe": 85}, "ivs": {"hp": 31, "atk": 31, "def": 31, "spa": 31, "spd": 31, "spe": 31}, "item": "Heavy-Duty Boots", "teraType": "Fighting", "role": "Bulky Attacker", "bvs": {"hp": 100, "atk": 145, "def": 130, "spa": 65, "spd": 110, "spe": 30}, "stats": {"hp": 312, "atk": 299, "def": 273, "spa": 161, "spd": 238, "spe": 101}, "types": ["Ice"]}, "Deoxys": {"name": "Deoxys", "species": "Deoxys", "speciesId": "deoxys", "gender": "N", "shiny": false, "level": 74, "moves": ["psychoboost", "superpower", "extremespeed", "knockoff"], "ability": "Pressure", "evs": {"hp": 85, "atk": 85, "def": 85, "spa": 85, "spd": 85, "spe": 85}, "ivs": {"hp": 31, "atk": 31, "def": 31, "spa": 31, "spd": 31, "spe": 31}, "item": "Life Orb", "teraType": "Dark", "role": "Fast Attacker", "bvs": {"hp": 50, "atk": 150, "def": 50, "spa": 150, "spd": 50, "spe": 150}, "stats": {"hp": 196, "atk": 265, "def": 117, "spa": 265, "spd": 117, "spe": 265}, "types": ["Psychic"]}, "Koraidon": {"name": "Koraidon", "species": "Koraidon", "speciesId": "koraidon", "gender": "N", "shiny": false, "level": 64, "moves": ["scaleshot", "collisioncourse", "swordsdance", "flareblitz"], "ability": "Orichalcum Pulse", "evs": {"hp": 85, "atk": 85, "def": 85, "spa": 85, "spd": 85, "spe": 85}, "ivs": {"hp": 31, "atk": 31, "def": 31, "spa": 31, "spd": 31, "spe": 31}, "item": "Loaded Dice", "teraType": "Fire", "role": "Setup Sweeper", "bvs": {"hp": 100, "atk": 135, "def": 115, "spa": 85, "spd": 100, "spe": 135}, "stats": {"hp": 235, "atk": 211, "def": 185, "spa": 147, "spd": 166, "spe": 211}, "types": ["Fighting", "Dragon"]}, "Lapras": {"name": "Lapras", "species": "Lapras", "speciesId": "lapras", "gender": "F", "shiny": false, "level": 87, "moves": ["freezedry", "sparklingaria", "sleeptalk", "rest"], "ability": "Water Absorb", "evs": {"hp": 85, "atk": 0, "def": 85, "spa": 85, "spd": 85, "spe": 85}, "ivs": {"hp": 31, "atk": 0, "def": 31, "spa": 31, "spd": 31, "spe": 31}, "item": "Heavy-Duty Boots", "teraType": "Steel", "role": "Bulky Attacker", "bvs": {"hp": 130, "atk": 85, "def": 80, "spa": 85, "spd": 95, "spe": 60}, "stats": {"hp": 368, "atk": 152, "def": 189, "spa": 198, "spd": 215, "spe": 154}, "types": ["Water", "Ice"]}, "Lunala": {"name": "Lunala", "species": "Lunala", "speciesId": "lunala", "gender": "N", "shiny": false, "level": 70, "moves": ["calmmind", "moongeistbeam", "moonlight", "psyshock"], "ability": "Shadow Shield", "evs": {"hp": 85, "atk": 0, "def": 85, "spa": 85, "spd": 85, "spe": 85}, "ivs": {"hp": 31, "atk": 0, "def": 31, "spa": 31, "spd": 31, "spe": 31}, "item": "Leftovers", "teraType": "Fairy", "role": "Fast Bulky Setup", "bvs": {"hp": 137, "atk": 113, "def": 89, "spa": 137, "spd": 107, "spe": 97}, "stats": {"hp": 308, "atk": 163, "def": 166, "spa": 233, "spd": 191, "spe": 177}, "types": ["Psychic", "Ghost"]}}, {"Lokix": {"name": "Lokix", "species": "Lokix", "speciesId": "lokix", "gender": "F", "shiny": false, "level": 82, "moves": ["leechlife", "suckerpunch", "knockoff", "swordsdance"], "ability": "Tinted Lens", "evs": {"hp": 85, "atk": 85, "def": 85, "spa": 85, "spd": 85, "spe": 85}, "ivs": {"hp": 31, "atk": 31, "def": 31, "spa": 31, "spd": 31, "spe": 31}, "item": "Life Orb", "teraType": "Dark", "role": "Setup Sweeper", "bvs": {"hp": 71, "atk": 102, "def": 78, "spa": 52, "spd": 55, "spe": 92}, "stats": {"hp": 251, "atk": 214, "def": 175, "spa": 132, "spd": 137, "spe": 198}, "types": ["Bug", "Dark"]}, "Sableye": {"name": "Sableye", "species": "Sableye", "speciesId": "sableye", "gender": "F", "shiny": false, "level": 88, "moves": ["encore", "willowisp", "recover", "knockoff"], "ability": "Prankster", "evs": {"hp": 85, "atk": 85, "def": 85, "spa": 85, "spd": 85, "spe": 85}, "ivs": {"hp": 31, "atk": 31, "def": 31, "spa": 31, "spd": 31, "spe": 31}, "item": "Leftovers", "teraType": "Poison", "role": "Bulky Support", "bvs": {"hp": 50, "atk": 75, "def": 75, "spa": 65, "spd": 65, "spe": 50}, "stats": {"hp": 231, "atk": 182, "def": 182, "spa": 165, "spd": 165, "spe": 138}, "types": ["Dark", "Ghost"]}, "Mudsdale": {"name": "Mudsdale", "species": "Mudsdale", "speciesId": "mudsdale", "gender": "M", "shiny": false, "level": 83, "moves": ["roar", "heavyslam", "stealthrock", "earthquake"], "ability": "Stamina", "evs": {"hp": 85, "atk": 85, "def": 85, "spa": 85, "spd": 85, "spe": 85}, "ivs": {"hp": 31, "atk": 31, "def": 31, "spa": 31, "spd": 31, "spe": 31}, "item": "Leftovers", "teraType": "Steel", "role": "Bulky Attacker", "bvs": {"hp": 100, "atk": 125, "def": 100, "spa": 55, "spd": 85, "spe": 35}, "stats": {"hp": 302, "atk": 255, "def": 214, "spa": 139, "spd": 189, "spe": 106}, "types": ["Ground"]}, "Grumpig": {"name": "Grumpig", "species": "Grumpig", "speciesId": "grumpig", "gender": "M", "shiny": false, "level": 92, "moves": ["trick", "focusblast", "psyshock", "shadowball"], "ability": "Thick Fat", "evs": {"hp": 85, "atk": 0, "def": 85, "spa": 85, "spd": 85, "spe": 85}, "ivs": {"hp": 31, "atk": 0, "def": 31, "spa": 31, "spd": 31, "spe": 31}, "item": "Choice Scarf", "teraType": "Ghost", "role": "Bulky Attacker", "bvs": {"hp": 80, "atk": 45, "def": 65, "spa": 90, "spd": 110, "spe": 80}, "stats": {"hp": 297, "atk": 87, "def": 172, "spa": 218, "spd": 255, "spe": 200}, "types": ["Psychic"]}, "Araquanid": {"name": "Araquanid", "species": "Araquanid", "speciesId": "araquanid", "gender": "F", "shiny": false, "level": 82, "moves": ["liquidation", "stickyweb", "hydropump", "leechlife"], "ability": "Water Bubble", "evs": {"hp": 85, "atk": 85, "def": 85, "spa": 85, "spd": 85, "spe": 85}, "ivs": {"hp": 31, "atk": 31, "def": 31, "spa": 31, "spd": 31, "spe": 31}, "item": "Heavy-Duty Boots", "teraType": "Steel", "role": "Bulky Attacker", "bvs": {"hp": 68, "atk": 70, "def": 92, "spa": 50, "spd": 132, "spe": 42}, "stats": {"hp": 246, "atk": 162, "def": 198, "spa": 129, "spd": 264, "spe": 116}, "types": ["Water", "Bug"]}, "Brambleghast": {"name": "Brambleghast", "species": "Brambleghast", "speciesId": "brambleghast", "gender": "M", "shiny": false, "level": 88, "moves": ["leechseed", "substitute", "powerwhip", "poltergeist"], "ability": "Wind Rider", "evs": {"hp": 85, "atk": 85, "def": 85, "spa": 85, "spd": 85, "spe": 85}, "ivs": {"hp": 31, "atk": 31, "def": 31, "spa": 31, "spd": 31, "spe": 31}, "item": "Leftovers", "teraType": "Fairy", "role": "Fast Support", "bvs": {"hp": 55, "atk": 115, "def": 70, "spa": 80, "spd": 70, "spe": 90}, "stats": {"hp": 240, "atk": 253, "def": 173, "spa": 191, "spd": 173, "spe": 209}, "types": ["Grass", "Ghost"]}}]}