{"id": "gen9randombattle-2631486122", "format": "[Gen 9] Random Battle", "players": ["Profschnitzel", "Boom Boom Tss"], "log": "|j|\u2606Profschnitzel\n|j|\u2606Boom Boom Tss\n|t:|1781391099\n|gametype|singles\n|player|p1|Profschnitzel|steven|1923\n|player|p2|Boom Boom Tss|102|1927\n|gen|9\n|tier|[Gen 9] Random Battle\n|rated|\n|rule|Species Clause: Limit one of each Pok\u00e9mon\n|rule|HP Percentage Mod: HP is shown in percentages\n|rule|Sleep Clause Mod: Limit one foe put to sleep\n|rule|Illusion Level Mod: Illusion disguises the Pok\u00e9mon's true level\n|\n|t:|1781391099\n|teamsize|p1|6\n|teamsize|p2|6\n|start\n|switch|p1a: Girafarig|Girafarig, L89, M|269/269\n|switch|p2a: Dondozo|Dondozo, L78, M|362/362\n|turn|1\n|inactive|Battle timer is ON: inactive players will automatically lose when time's up. (requested by Profschnitzel)\n|inactive|Boom Boom Tss has 120 seconds left.\n|inactive|Boom Boom Tss has 90 seconds left.\n|inactive|Boom Boom Tss has 60 seconds left.\n|\n|t:|1781391197\n|switch|p2a: Iron Treads|Iron Treads, L77|265/265\n|move|p1a: Girafarig|Thunderbolt|p2a: Iron Treads\n|-immune|p2a: Iron Treads\n|\n|upkeep\n|turn|2\n|inactive|Boom Boom Tss has 120 seconds left.\n|\n|t:|1781391208\n|switch|p1a: Groudon|Groudon, L72|263/263\n|-weather|SunnyDay|[from] ability: Drought|[of] p1a: Groudon\n|move|p2a: Iron Treads|Earthquake|p1a: Groudon\n|-damage|p1a: Groudon|179/263\n|\n|-weather|SunnyDay|[upkeep]\n|-heal|p1a: Groudon|195/263|[from] item: Leftovers\n|upkeep\n|turn|3\n|inactive|Boom Boom Tss has 120 seconds left.\n|\n|t:|1781391214\n|-end|p2a: Iron Treads|Quark Drive|[silent]\n|switch|p2a: Dondozo|Dondozo, L78, M|362/362\n|move|p1a: Groudon|Spikes|p2a: Dondozo\n|-sidestart|p2: Boom Boom Tss|Spikes\n|\n|-weather|SunnyDay|[upkeep]\n|-heal|p1a: Groudon|211/263|[from] item: Leftovers\n|upkeep\n|turn|4\n|\n|t:|1781391220\n|move|p1a: Groudon|Thunder Wave|p2a: Dondozo\n|-status|p2a: Dondozo|par\n|move|p2a: Dondozo|Wave Crash|p1a: Groudon\n|-supereffective|p1a: Groudon\n|-damage|p1a: Groudon|127/263\n|-damage|p2a: Dondozo|334/362 par|[from] Recoil\n|\n|-weather|SunnyDay|[upkeep]\n|-heal|p1a: Groudon|143/263|[from] item: Leftovers\n|-heal|p2a: Dondozo|356/362 par|[from] item: Leftovers\n|upkeep\n|turn|5\n|\n|t:|1781391225\n|move|p1a: Groudon|Spikes|p2a: Dondozo\n|-sidestart|p2: Boom Boom Tss|Spikes\n|move|p2a: Dondozo|Wave Crash|p1a: Groudon\n|-supereffective|p1a: Groudon\n|-damage|p1a: Groudon|53/263\n|-damage|p2a: Dondozo|326/362 par|[from] Recoil\n|\n|-weather|SunnyDay|[upkeep]\n|-heal|p1a: Groudon|69/263|[from] item: Leftovers\n|-heal|p2a: Dondozo|348/362 par|[from] item: Leftovers\n|upkeep\n|turn|6\n|\n|t:|1781391240\n|switch|p1a: Girafarig|Girafarig, L89, M|269/269\n|cant|p2a: Dondozo|par\n|\n|-weather|none\n|-heal|p2a: Dondozo|362/362 par|[from] item: Leftovers\n|upkeep\n|turn|7\n|\n|t:|1781391246\n|switch|p2a: Iron Treads|Iron Treads, L77|265/265\n|-damage|p2a: Iron Treads|221/265|[from] Spikes\n|move|p1a: Girafarig|Nasty Plot|p1a: Girafarig\n|-boost|p1a: Girafarig|spa|2\n|\n|-heal|p2a: Iron Treads|237/265|[from] item: Leftovers\n|upkeep\n|turn|8\n|\n|t:|1781391249\n|move|p2a: Iron Treads|Rapid Spin|p1a: Girafarig\n|-damage|p1a: Girafarig|243/269\n|-boost|p2a: Iron Treads|spe|1\n|-sideend|p2: Boom Boom Tss|Spikes|[from] move: Rapid Spin|[of] p2a: Iron Treads\n|move|p1a: Girafarig|Nasty Plot|p1a: Girafarig\n|-boost|p1a: Girafarig|spa|2\n|\n|-heal|p2a: Iron Treads|253/265|[from] item: Leftovers\n|upkeep\n|turn|9\n|\n|t:|1781391260\n|-end|p2a: Iron Treads|Quark Drive|[silent]\n|switch|p2a: Dondozo|Dondozo, L78, M|362/362 par\n|move|p1a: Girafarig|Psyshock|p2a: Dondozo\n|-damage|p2a: Dondozo|283/362 par\n|\n|-heal|p2a: Dondozo|305/362 par|[from] item: Leftovers\n|upkeep\n|turn|10\n|\n|t:|1781391271\n|move|p1a: Girafarig|Thunderbolt|p2a: Dondozo\n|-supereffective|p2a: Dondozo\n|-damage|p2a: Dondozo|109/362 par\n|cant|p2a: Dondozo|par\n|\n|-heal|p2a: Dondozo|131/362 par|[from] item: Leftovers\n|upkeep\n|turn|11\n|\n|t:|1781391277\n|switch|p2a: Iron Treads|Iron Treads, L77|253/265\n|move|p1a: Girafarig|Thunderbolt|p2a: Iron Treads\n|-immune|p2a: Iron Treads\n|\n|-heal|p2a: Iron Treads|265/265|[from] item: Leftovers\n|upkeep\n|turn|12\n|\n|t:|1781391280\n|move|p2a: Iron Treads|Earthquake|p1a: Girafarig\n|-damage|p1a: Girafarig|170/269\n|move|p1a: Girafarig|Psyshock|p2a: Iron Treads\n|-resisted|p2a: Iron Treads\n|-damage|p2a: Iron Treads|154/265\n|\n|-heal|p2a: Iron Treads|170/265|[from] item: Leftovers\n|upkeep\n|turn|13\n|\n|t:|1781391286\n|move|p2a: Iron Treads|Earthquake|p1a: Girafarig\n|-damage|p1a: Girafarig|86/269\n|move|p1a: Girafarig|Psyshock|p2a: Iron Treads\n|-resisted|p2a: Iron Treads\n|-damage|p2a: Iron Treads|50/265\n|\n|-heal|p2a: Iron Treads|66/265|[from] item: Leftovers\n|upkeep\n|turn|14\n|\n|t:|1781391288\n|move|p2a: Iron Treads|Earthquake|p1a: Girafarig\n|-damage|p1a: Girafarig|7/269\n|move|p1a: Girafarig|Psyshock|p2a: Iron Treads\n|-resisted|p2a: Iron Treads\n|-damage|p2a: Iron Treads|0 fnt\n|faint|p2a: Iron Treads\n|-end|p2a: Iron Treads|Quark Drive|[silent]\n|\n|upkeep\n|\n|t:|1781391302\n|switch|p2a: Iron Boulder|Iron Boulder, L77|265/265\n|turn|15\n|\n|t:|1781391311\n|switch|p1a: Swampert|Swampert, L83, M|302/302\n|move|p2a: Iron Boulder|Mighty Cleave|p1a: Swampert\n|-resisted|p1a: Swampert\n|-damage|p1a: Swampert|244/302\n|-damage|p2a: Iron Boulder|239/265|[from] item: Life Orb\n|\n|-heal|p1a: Swampert|262/302|[from] item: Leftovers\n|upkeep\n|turn|16\n|\n|t:|1781391317\n|-end|p2a: Iron Boulder|Quark Drive|[silent]\n|switch|p2a: Venusaur|Venusaur, L84, F|272/272\n|move|p1a: Swampert|Roar|p2a: Venusaur\n|drag|p2a: Dondozo|Dondozo, L78, M|131/362 par\n|\n|-heal|p1a: Swampert|280/302|[from] item: Leftovers\n|-heal|p2a: Dondozo|153/362 par|[from] item: Leftovers\n|upkeep\n|turn|17\n|\n|t:|1781391322\n|move|p1a: Swampert|Earthquake|p2a: Dondozo\n|-damage|p2a: Dondozo|45/362 par\n|cant|p2a: Dondozo|par\n|\n|-heal|p1a: Swampert|298/302|[from] item: Leftovers\n|-heal|p2a: Dondozo|67/362 par|[from] item: Leftovers\n|upkeep\n|turn|18\n|\n|t:|1781391328\n|switch|p2a: Tornadus|Tornadus, L82, M|264/264\n|move|p1a: Swampert|Earthquake|p2a: Tornadus\n|-immune|p2a: Tornadus\n|\n|-heal|p1a: Swampert|302/302|[from] item: Leftovers\n|upkeep\n|turn|19\n|\n|t:|1781391334\n|switch|p1a: Goodra|Goodra-Hisui, L82, M|265/265\n|move|p2a: Tornadus|Grass Knot|p1a: Goodra\n|-ability|p1a: Goodra|Sap Sipper|boost\n|-boost|p1a: Goodra|atk|1\n|\n|upkeep\n|turn|20\n|-message|Boom Boom Tss forfeited.\n|\n|win|Profschnitzel\n|raw|Profschnitzel's rating: 1944 &rarr; <strong>1963</strong><br />(+19 for winning)\n|raw|Boom Boom Tss's rating: 1927 &rarr; <strong>1908</strong><br />(-19 for losing)\n", "inputlog": ">version a8376a258c1d4662feba110a92103f3664a72141\n>start {\"formatid\":\"gen9randombattle\",\"seed\":\"sodium,c9737630f64d2befa8a82077d23852a0\",\"rated\":\"Rated battle\"}\n>player p1 {\"name\":\"Profschnitzel\",\"avatar\":\"steven\",\"rating\":1923,\"seed\":\"sodium,9850671e74957032ae5b767ccc0c8110\"}\n>player p2 {\"name\":\"Boom Boom Tss\",\"avatar\":\"102\",\"rating\":1927,\"seed\":\"sodium,48f736f86158aa8f8aaec3c42e12a962\"}\n>p1 move thunderbolt\n>p2 switch 5\n>p1 switch 4\n>p2 move earthquake\n>p1 move spikes\n>p2 switch 5\n>p1 move thunderwave\n>p2 move wavecrash\n>p1 move spikes\n>p2 move wavecrash\n>p1 switch 4\n>p2 move wavecrash\n>p1 move nastyplot\n>p2 switch 5\n>p1 move nastyplot\n>p2 move rapidspin\n>p1 move psyshock\n>p2 switch 5\n>p1 move thunderbolt\n>p2 move wavecrash\n>p1 move thunderbolt\n>p2 switch 5\n>p1 move psyshock\n>p2 move earthquake\n>p1 move psyshock\n>p2 move earthquake\n>p1 move psyshock\n>p2 move earthquake\n>p2 switch 2\n>p1 switch 5\n>p2 move mightycleave\n>p1 move roar\n>p2 switch 3\n>p1 move earthquake\n>p2 move rest\n>p1 move earthquake\n>p2 switch 6\n>p1 switch 6\n>p2 move grassknot\n>forcelose p2", "uploadtime": 1781391102, "views": 5, "formatid": "gen9randombattle", "rating": 1908, "private": 0, "password": null}