{"id": "gen9randombattle-2631709731", "format": "[Gen 9] Random Battle", "players": ["Arsenal0394", "Davide070701"], "log": "|j|\u203dArsenal0394\n|j|\u2606Davide070701\n|t:|1781426215\n|gametype|singles\n|player|p1|Arsenal0394|102|1933\n|player|p2|Davide070701|170|1984\n|gen|9\n|tier|[Gen 9] Random Battle\n|rated|\n|rule|Species Clause: Limit one of each Pok\u00e9mon\n|rule|HP Percentage Mod: HP is shown in percentages\n|rule|Sleep Clause Mod: Limit one foe put to sleep\n|rule|Illusion Level Mod: Illusion disguises the Pok\u00e9mon's true level\n|\n|t:|1781426215\n|teamsize|p1|6\n|teamsize|p2|6\n|start\n|switch|p1a: Manaphy|Manaphy, L78|284/284\n|switch|p2a: Kricketune|Kricketune, L99, F|311/311\n|turn|1\n|inactive|Battle timer is ON: inactive players will automatically lose when time's up. (requested by Davide070701)\n|\n|t:|1781426229\n|move|p1a: Manaphy|Tail Glow|p1a: Manaphy\n|-boost|p1a: Manaphy|spa|3\n|move|p2a: Kricketune|Pounce|p1a: Manaphy\n|-damage|p1a: Manaphy|194/284\n|-unboost|p1a: Manaphy|spe|1\n|\n|-heal|p1a: Manaphy|211/284|[from] item: Leftovers\n|upkeep\n|turn|2\n|\n|t:|1781426238\n|move|p2a: Kricketune|Sticky Web|p1a: Manaphy\n|-sidestart|p1: Arsenal0394|move: Sticky Web\n|move|p1a: Manaphy|Surf|p2a: Kricketune\n|-damage|p2a: Kricketune|62/311\n|\n|-heal|p1a: Manaphy|228/284|[from] item: Leftovers\n|upkeep\n|turn|3\n|\n|t:|1781426242\n|move|p2a: Kricketune|Knock Off|p1a: Manaphy\n|-damage|p1a: Manaphy|152/284\n|-enditem|p1a: Manaphy|Leftovers|[from] move: Knock Off|[of] p2a: Kricketune\n|move|p1a: Manaphy|Surf|p2a: Kricketune\n|-damage|p2a: Kricketune|0 fnt\n|faint|p2a: Kricketune\n|\n|upkeep\n|\n|t:|1781426260\n|switch|p2a: Golem|Golem-Alola, L93, M|300/300\n|turn|4\n|\n|t:|1781426266\n|-terastallize|p1a: Manaphy|Grass\n|move|p2a: Golem|Double-Edge|p1a: Manaphy\n|-resisted|p1a: Manaphy\n|-damage|p1a: Manaphy|2/284\n|-damage|p2a: Golem|250/300|[from] Recoil\n|move|p1a: Manaphy|Energy Ball|p2a: Golem\n|-supereffective|p2a: Golem\n|-damage|p2a: Golem|0 fnt\n|faint|p2a: Golem\n|\n|upkeep\n|\n|t:|1781426272\n|switch|p2a: Emboar|Emboar, L84, F|322/322\n|turn|5\n|\n|t:|1781426278\n|move|p2a: Emboar|Trailblaze|p1a: Manaphy\n|-resisted|p1a: Manaphy\n|-damage|p1a: Manaphy|0 fnt\n|-boost|p2a: Emboar|spe|1\n|faint|p1a: Manaphy\n|\n|upkeep\n|\n|t:|1781426287\n|switch|p1a: Deoxys|Deoxys-Defense, L84|221/221\n|-activate|p1a: Deoxys|move: Sticky Web\n|-unboost|p1a: Deoxys|spe|1\n|-ability|p1a: Deoxys|Pressure\n|turn|6\n|\n|t:|1781426292\n|switch|p2a: Skuntank|Skuntank, L84, M|310/310\n|move|p1a: Deoxys|Cosmic Power|p1a: Deoxys\n|-boost|p1a: Deoxys|def|1\n|-boost|p1a: Deoxys|spd|1\n|\n|upkeep\n|turn|7\n|\n|t:|1781426298\n|switch|p1a: Snorlax|Snorlax, L82, M|397/397\n|-activate|p1a: Snorlax|move: Sticky Web\n|-unboost|p1a: Snorlax|spe|1\n|move|p2a: Skuntank|Knock Off|p1a: Snorlax\n|-damage|p1a: Snorlax|245/397\n|-enditem|p1a: Snorlax|Leftovers|[from] move: Knock Off|[of] p2a: Skuntank\n|-damage|p2a: Skuntank|279/310|[from] item: Life Orb\n|\n|upkeep\n|turn|8\n|\n|t:|1781426304\n|move|p2a: Skuntank|Toxic Spikes|p1a: Snorlax\n|-sidestart|p1: Arsenal0394|move: Toxic Spikes\n|move|p1a: Snorlax|Body Slam|p2a: Skuntank\n|-damage|p2a: Skuntank|162/310\n|\n|upkeep\n|turn|9\n|\n|t:|1781426310\n|move|p2a: Skuntank|Toxic Spikes|p1a: Snorlax\n|-sidestart|p1: Arsenal0394|move: Toxic Spikes\n|move|p1a: Snorlax|Body Slam|p2a: Skuntank\n|-damage|p2a: Skuntank|39/310\n|\n|upkeep\n|turn|10\n|\n|t:|1781426316\n|move|p2a: Skuntank|Gunk Shot|p1a: Snorlax\n|-damage|p1a: Snorlax|46/397\n|-damage|p2a: Skuntank|8/310|[from] item: Life Orb\n|move|p1a: Snorlax|Body Slam|p2a: Skuntank\n|-damage|p2a: Skuntank|0 fnt\n|-damage|p1a: Snorlax|0 fnt|[from] ability: Aftermath|[of] p2a: Skuntank\n|faint|p2a: Skuntank\n|faint|p1a: Snorlax\n|\n|upkeep\n|\n|t:|1781426324\n|switch|p2a: Sylveon|Sylveon, L85, M|300/300\n|switch|p1a: Rayquaza|Rayquaza, L72|270/270\n|-ability|p1a: Rayquaza|Air Lock\n|turn|11\n|\n|t:|1781426333\n|switch|p1a: Deoxys|Deoxys-Defense, L84|221/221\n|-activate|p1a: Deoxys|move: Sticky Web\n|-unboost|p1a: Deoxys|spe|1\n|-status|p1a: Deoxys|tox\n|-ability|p1a: Deoxys|Pressure\n|move|p2a: Sylveon|Hyper Voice|p1a: Deoxys\n|-damage|p1a: Deoxys|136/221 tox\n|\n|-heal|p1a: Deoxys|149/221 tox|[from] item: Leftovers\n|-damage|p1a: Deoxys|136/221 tox|[from] psn\n|upkeep\n|turn|12\n|\n|t:|1781426344\n|move|p2a: Sylveon|Calm Mind|p2a: Sylveon\n|-boost|p2a: Sylveon|spa|1\n|-boost|p2a: Sylveon|spd|1\n|move|p1a: Deoxys|Night Shade|p2a: Sylveon\n|-damage|p2a: Sylveon|216/300\n|\n|-heal|p2a: Sylveon|234/300|[from] item: Leftovers\n|-heal|p1a: Deoxys|149/221 tox|[from] item: Leftovers\n|-damage|p1a: Deoxys|123/221 tox|[from] psn\n|upkeep\n|turn|13\n|\n|t:|1781426350\n|move|p2a: Sylveon|Calm Mind|p2a: Sylveon\n|-boost|p2a: Sylveon|spa|1\n|-boost|p2a: Sylveon|spd|1\n|move|p1a: Deoxys|Night Shade|p2a: Sylveon\n|-damage|p2a: Sylveon|150/300\n|\n|-heal|p2a: Sylveon|168/300|[from] item: Leftovers\n|-heal|p1a: Deoxys|136/221 tox|[from] item: Leftovers\n|-damage|p1a: Deoxys|97/221 tox|[from] psn\n|upkeep\n|turn|14\n|\n|t:|1781426361\n|switch|p1a: Rillaboom|Rillaboom, L79, F|288/288\n|-activate|p1a: Rillaboom|move: Sticky Web\n|-unboost|p1a: Rillaboom|spe|1\n|-status|p1a: Rillaboom|tox\n|-fieldstart|move: Grassy Terrain|[from] ability: Grassy Surge|[of] p1a: Rillaboom\n|move|p2a: Sylveon|Wish|p2a: Sylveon\n|\n|-heal|p2a: Sylveon|186/300|[from] Grassy Terrain\n|-heal|p2a: Sylveon|204/300|[from] item: Leftovers\n|-damage|p1a: Rillaboom|270/288 tox|[from] psn\n|upkeep\n|turn|15\n|\n|t:|1781426368\n|move|p2a: Sylveon|Protect|p2a: Sylveon\n|-singleturn|p2a: Sylveon|Protect\n|move|p1a: Rillaboom|Wood Hammer|p2a: Sylveon\n|-activate|p2a: Sylveon|move: Protect\n|\n|-heal|p2a: Sylveon|300/300|[from] move: Wish|[wisher] Sylveon\n|-heal|p1a: Rillaboom|288/288 tox|[from] Grassy Terrain\n|-damage|p1a: Rillaboom|252/288 tox|[from] psn\n|upkeep\n|turn|16\n|\n|t:|1781426374\n|-terastallize|p2a: Sylveon|Steel\n|move|p1a: Rillaboom|Grassy Glide|p2a: Sylveon\n|-resisted|p2a: Sylveon\n|-damage|p2a: Sylveon|234/300\n|-damage|p1a: Rillaboom|224/288 tox|[from] item: Life Orb\n|move|p2a: Sylveon|Hyper Voice|p1a: Rillaboom\n|-damage|p1a: Rillaboom|0 fnt\n|faint|p1a: Rillaboom\n|\n|-heal|p2a: Sylveon|252/300|[from] Grassy Terrain\n|-heal|p2a: Sylveon|270/300|[from] item: Leftovers\n|upkeep\n|\n|t:|1781426383\n|switch|p1a: Roaring Moon|Roaring Moon, L72|270/270\n|-activate|p1a: Roaring Moon|move: Sticky Web\n|-unboost|p1a: Roaring Moon|spe|1\n|-status|p1a: Roaring Moon|tox\n|-enditem|p1a: Roaring Moon|Lum Berry|[eat]\n|-curestatus|p1a: Roaring Moon|tox|[msg]\n|turn|17\n|\n|t:|1781426387\n|move|p2a: Sylveon|Hyper Voice|p1a: Roaring Moon\n|-supereffective|p1a: Roaring Moon\n|-damage|p1a: Roaring Moon|0 fnt\n|faint|p1a: Roaring Moon\n|-end|p1a: Roaring Moon|Protosynthesis|[silent]\n|\n|-heal|p2a: Sylveon|288/300|[from] Grassy Terrain\n|-heal|p2a: Sylveon|300/300|[from] item: Leftovers\n|upkeep\n|-message|Arsenal0394 forfeited.\n|\n|win|Davide070701\n", "inputlog": ">version a8376a258c1d4662feba110a92103f3664a72141\n>start {\"formatid\":\"gen9randombattle\",\"seed\":\"sodium,627737b1a68f57651925e68d40f0235b\",\"rated\":\"Rated battle\"}\n>player p1 {\"name\":\"Arsenal0394\",\"avatar\":\"102\",\"rating\":1933,\"seed\":\"sodium,1ae4d6d517cc79f21da4a17cf41407d6\"}\n>player p2 {\"name\":\"Davide070701\",\"avatar\":\"170\",\"rating\":1984,\"seed\":\"sodium,5fe53972379fe98e44b3f9350a53e797\"}\n>p1 move tailglow\n>p2 move pounce\n>p1 move surf\n>p2 move stickyweb\n>p1 move surf\n>p2 move knockoff\n>p2 switch 4\n>p1 move energyball terastallize\n>p2 move doubleedge\n>p2 switch 2\n>p1 move surf\n>p2 move trailblaze\n>p1 switch 6\n>p1 move cosmicpower\n>p2 switch 3\n>p1 switch 5\n>p2 move knockoff\n>p1 move bodyslam\n>p2 move toxicspikes\n>p1 move bodyslam\n>p2 move toxicspikes\n>p1 move bodyslam\n>p2 move gunkshot\n>p1 switch 3\n>p2 switch 6\n>p1 switch 5\n>p2 move hypervoice\n>p1 move nightshade\n>p2 move calmmind\n>p1 move nightshade\n>p2 move calmmind\n>p1 switch 2\n>p2 move wish\n>p1 move woodhammer\n>p2 move protect\n>p1 move grassyglide\n>p2 move hypervoice terastallize\n>p1 switch 4\n>p1 move knockoff\n>p2 move hypervoice\n>forcelose p1", "uploadtime": 1781426217, "views": 4, "formatid": "gen9randombattle", "rating": null, "private": 0, "password": null}