{"id": "gen9randombattle-2631491349", "format": "[Gen 9] Random Battle", "players": ["Rheny", "quagapult"], "log": "|j|\u2606Rheny\n|j|\u2606quagapult\n|t:|1781391779\n|gametype|singles\n|player|p1|Rheny|miku-ghost|1934\n|player|p2|quagapult|170|1927\n|gen|9\n|tier|[Gen 9] Random Battle\n|rated|\n|rule|Species Clause: Limit one of each Pok\u00e9mon\n|rule|HP Percentage Mod: HP is shown in percentages\n|rule|Sleep Clause Mod: Limit one foe put to sleep\n|rule|Illusion Level Mod: Illusion disguises the Pok\u00e9mon's true level\n|\n|t:|1781391779\n|teamsize|p1|6\n|teamsize|p2|6\n|start\n|switch|p1a: Arceus|Arceus-Ghost, L69|280/280\n|switch|p2a: Weezing|Weezing, L88, M|258/258\n|turn|1\n|inactive|Battle timer is ON: inactive players will automatically lose when time's up. (requested by quagapult)\n|\n|t:|1781391800\n|switch|p1a: Farigiraf|Farigiraf, L90, M|362/362\n|move|p2a: Weezing|Toxic Spikes|p1a: Farigiraf\n|-sidestart|p1: Rheny|move: Toxic Spikes\n|\n|upkeep\n|turn|2\n|\n|t:|1781391817\n|switch|p2a: Cryogonal|Cryogonal, L89|287/287\n|move|p1a: Farigiraf|Body Slam|p2a: Cryogonal\n|-damage|p2a: Cryogonal|157/287\n|\n|upkeep\n|turn|3\n|\n|t:|1781391829\n|switch|p2a: Pincurchin|Pincurchin, F|258/258\n|-fieldstart|move: Electric Terrain|[from] ability: Electric Surge|[of] p2a: Pincurchin\n|move|p1a: Farigiraf|Body Slam|p2a: Pincurchin\n|-damage|p2a: Pincurchin|185/258\n|\n|-heal|p2a: Pincurchin|201/258|[from] item: Leftovers\n|upkeep\n|turn|4\n|\n|t:|1781391842\n|switch|p1a: Sandy Shocks|Sandy Shocks, L80|267/267\n|-status|p1a: Sandy Shocks|psn\n|move|p2a: Pincurchin|Zing Zap|p1a: Sandy Shocks\n|-immune|p1a: Sandy Shocks\n|\n|-heal|p2a: Pincurchin|217/258|[from] item: Leftovers\n|-damage|p1a: Sandy Shocks|234/267 psn|[from] psn\n|upkeep\n|turn|5\n|\n|t:|1781391852\n|switch|p2a: Cryogonal|Cryogonal, L89|157/287\n|move|p1a: Sandy Shocks|Earth Power|p2a: Cryogonal\n|-immune|p2a: Cryogonal|[from] ability: Levitate\n|\n|-heal|p1a: Sandy Shocks|250/267 psn|[from] item: Leftovers\n|-damage|p1a: Sandy Shocks|217/267 psn|[from] psn\n|upkeep\n|turn|6\n|\n|t:|1781391861\n|-end|p1a: Sandy Shocks|Protosynthesis|[silent]\n|switch|p1a: Slowking|Slowking-Galar, L85, F|300/300\n|-sideend|p1: Rheny|move: Toxic Spikes|[of] p1a: Slowking\n|move|p2a: Cryogonal|Ice Beam|p1a: Slowking\n|-damage|p1a: Slowking|215/300\n|\n|-heal|p1a: Slowking|233/300|[from] item: Leftovers\n|upkeep\n|turn|7\n|\n|t:|1781391891\n|switch|p2a: Iron Jugulis|Iron Jugulis, L77|271/271\n|-activate|p2a: Iron Jugulis|ability: Quark Drive\n|-start|p2a: Iron Jugulis|quarkdrivespa\n|move|p1a: Slowking|Sludge Bomb|p2a: Iron Jugulis\n|-damage|p2a: Iron Jugulis|141/271\n|-status|p2a: Iron Jugulis|psn\n|\n|-heal|p1a: Slowking|251/300|[from] item: Leftovers\n|-damage|p2a: Iron Jugulis|108/271 psn|[from] psn\n|-fieldend|move: Electric Terrain\n|-end|p2a: Iron Jugulis|Quark Drive\n|upkeep\n|turn|8\n|\n|t:|1781391918\n|switch|p1a: Lokix|Lokix, L82, M|251/251\n|move|p2a: Iron Jugulis|Dark Pulse|p1a: Lokix\n|-resisted|p1a: Lokix\n|-crit|p1a: Lokix\n|-damage|p1a: Lokix|125/251\n|\n|-damage|p2a: Iron Jugulis|75/271 psn|[from] psn\n|upkeep\n|turn|9\n|\n|t:|1781391926\n|-end|p2a: Iron Jugulis|Quark Drive|[silent]\n|switch|p2a: Weezing|Weezing, L88, M|258/258\n|move|p1a: Lokix|Sucker Punch||[still]\n|-fail|p1a: Lokix\n|\n|upkeep\n|turn|10\n|\n|t:|1781391934\n|switch|p1a: Farigiraf|Farigiraf, L90, M|362/362\n|move|p2a: Weezing|Toxic Spikes|p1a: Farigiraf\n|-sidestart|p1: Rheny|move: Toxic Spikes\n|\n|upkeep\n|turn|11\n|\n|t:|1781391943\n|switch|p2a: Pincurchin|Pincurchin, F|217/258\n|-fieldstart|move: Electric Terrain|[from] ability: Electric Surge|[of] p2a: Pincurchin\n|move|p1a: Farigiraf|Body Slam|p2a: Pincurchin\n|-damage|p2a: Pincurchin|133/258\n|\n|-heal|p2a: Pincurchin|149/258|[from] item: Leftovers\n|upkeep\n|turn|12\n|\n|t:|1781391956\n|switch|p2a: Iron Jugulis|Iron Jugulis, L77|75/271 psn\n|-activate|p2a: Iron Jugulis|ability: Quark Drive\n|-start|p2a: Iron Jugulis|quarkdrivespa\n|move|p1a: Farigiraf|Body Slam|p2a: Iron Jugulis\n|-damage|p2a: Iron Jugulis|0 fnt\n|faint|p2a: Iron Jugulis\n|-end|p2a: Iron Jugulis|Quark Drive|[silent]\n|\n|upkeep\n|\n|t:|1781391977\n|switch|p2a: Pincurchin|Pincurchin, F|149/258\n|turn|13\n|\n|t:|1781391984\n|move|p1a: Farigiraf|Protect|p1a: Farigiraf\n|-singleturn|p1a: Farigiraf|Protect\n|move|p2a: Pincurchin|Liquidation|p1a: Farigiraf\n|-activate|p1a: Farigiraf|move: Protect\n|\n|-heal|p2a: Pincurchin|165/258|[from] item: Leftovers\n|upkeep\n|turn|14\n|\n|t:|1781391999\n|move|p1a: Farigiraf|Wish|p1a: Farigiraf\n|move|p2a: Pincurchin|Zing Zap|p1a: Farigiraf\n|-damage|p1a: Farigiraf|175/362\n|\n|-heal|p1a: Farigiraf|197/362|[from] item: Leftovers\n|-heal|p2a: Pincurchin|181/258|[from] item: Leftovers\n|upkeep\n|turn|15\n|\n|t:|1781392006\n|move|p1a: Farigiraf|Protect|p1a: Farigiraf\n|-singleturn|p1a: Farigiraf|Protect\n|move|p2a: Pincurchin|Liquidation|p1a: Farigiraf\n|-activate|p1a: Farigiraf|move: Protect\n|\n|-heal|p1a: Farigiraf|362/362|[from] move: Wish|[wisher] Farigiraf\n|-heal|p2a: Pincurchin|197/258|[from] item: Leftovers\n|-fieldend|move: Electric Terrain\n|upkeep\n|turn|16\n|\n|t:|1781392012\n|move|p1a: Farigiraf|Body Slam|p2a: Pincurchin\n|-crit|p2a: Pincurchin\n|-damage|p2a: Pincurchin|86/258\n|move|p2a: Pincurchin|Liquidation|p1a: Farigiraf\n|-damage|p1a: Farigiraf|266/362\n|\n|-heal|p1a: Farigiraf|288/362|[from] item: Leftovers\n|-heal|p2a: Pincurchin|102/258|[from] item: Leftovers\n|upkeep\n|turn|17\n|\n|t:|1781392020\n|move|p1a: Farigiraf|Wish|p1a: Farigiraf\n|move|p2a: Pincurchin|Recover|p2a: Pincurchin\n|-heal|p2a: Pincurchin|231/258\n|\n|-heal|p1a: Farigiraf|310/362|[from] item: Leftovers\n|-heal|p2a: Pincurchin|247/258|[from] item: Leftovers\n|upkeep\n|turn|18\n|\n|t:|1781392026\n|move|p1a: Farigiraf|Psychic Noise|p2a: Pincurchin\n|-damage|p2a: Pincurchin|154/258\n|-start|p2a: Pincurchin|move: Heal Block\n|move|p2a: Pincurchin|Curse|p2a: Pincurchin\n|-unboost|p2a: Pincurchin|spe|1\n|-boost|p2a: Pincurchin|atk|1\n|-boost|p2a: Pincurchin|def|1\n|\n|-heal|p1a: Farigiraf|362/362|[from] move: Wish|[wisher] Farigiraf\n|upkeep\n|turn|19\n|\n|t:|1781392037\n|move|p1a: Farigiraf|Psychic Noise|p2a: Pincurchin\n|-damage|p2a: Pincurchin|73/258\n|move|p2a: Pincurchin|Liquidation|p1a: Farigiraf\n|-damage|p1a: Farigiraf|223/362\n|\n|-heal|p1a: Farigiraf|245/362|[from] item: Leftovers\n|-end|p2a: Pincurchin|move: Heal Block\n|upkeep\n|turn|20\n|\n|t:|1781392048\n|move|p1a: Farigiraf|Psychic Noise|p2a: Pincurchin\n|-damage|p2a: Pincurchin|0 fnt\n|faint|p2a: Pincurchin\n|\n|-heal|p1a: Farigiraf|267/362|[from] item: Leftovers\n|upkeep\n|\n|t:|1781392052\n|switch|p2a: Staraptor|Staraptor, L79, M|263/263\n|turn|21\n|\n|t:|1781392058\n|move|p1a: Farigiraf|Protect|p1a: Farigiraf\n|-singleturn|p1a: Farigiraf|Protect\n|move|p2a: Staraptor|Double-Edge|p1a: Farigiraf\n|-activate|p1a: Farigiraf|move: Protect\n|\n|-heal|p1a: Farigiraf|289/362|[from] item: Leftovers\n|upkeep\n|turn|22\n|\n|t:|1781392063\n|switch|p1a: Arceus|Arceus-Ghost, L69|280/280\n|-status|p1a: Arceus|psn\n|move|p2a: Staraptor|Double-Edge|p1a: Arceus\n|-immune|p1a: Arceus\n|\n|-damage|p1a: Arceus|245/280 psn|[from] psn\n|upkeep\n|turn|23\n|\n|t:|1781392087\n|switch|p1a: Sandy Shocks|Sandy Shocks, L80|217/267 psn\n|switch|p2a: Cryogonal|Cryogonal, L89|157/287\n|\n|-heal|p1a: Sandy Shocks|233/267 psn|[from] item: Leftovers\n|-damage|p1a: Sandy Shocks|200/267 psn|[from] psn\n|upkeep\n|turn|24\n|\n|t:|1781392108\n|move|p2a: Cryogonal|Ice Beam|p1a: Sandy Shocks\n|-supereffective|p1a: Sandy Shocks\n|-damage|p1a: Sandy Shocks|0 fnt\n|faint|p1a: Sandy Shocks\n|-end|p1a: Sandy Shocks|Protosynthesis|[silent]\n|\n|upkeep\n|\n|t:|1781392113\n|switch|p1a: Slowking|Slowking-Galar, L85, F|300/300\n|-sideend|p1: Rheny|move: Toxic Spikes|[of] p1a: Slowking\n|turn|25\n|\n|t:|1781392119\n|move|p2a: Cryogonal|Ice Beam|p1a: Slowking\n|-damage|p1a: Slowking|204/300\n|-status|p1a: Slowking|frz\n|-curestatus|p1a: Slowking|frz|[msg]\n|move|p1a: Slowking|Psyshock|p2a: Cryogonal\n|-damage|p2a: Cryogonal|10/287\n|\n|-heal|p1a: Slowking|222/300|[from] item: Leftovers\n|upkeep\n|turn|26\n|\n|t:|1781392127\n|move|p2a: Cryogonal|Ice Beam|p1a: Slowking\n|-damage|p1a: Slowking|138/300\n|move|p1a: Slowking|Slack Off|p1a: Slowking\n|-heal|p1a: Slowking|288/300\n|\n|-heal|p1a: Slowking|300/300|[from] item: Leftovers\n|upkeep\n|turn|27\n|\n|t:|1781392131\n|move|p2a: Cryogonal|Ice Beam|p1a: Slowking\n|-damage|p1a: Slowking|209/300\n|move|p1a: Slowking|Sludge Bomb|p2a: Cryogonal\n|-damage|p2a: Cryogonal|0 fnt\n|faint|p2a: Cryogonal\n|\n|-heal|p1a: Slowking|227/300|[from] item: Leftovers\n|upkeep\n|\n|t:|1781392147\n|switch|p2a: Staraptor|Staraptor, L79, M|263/263\n|turn|28\n|\n|t:|1781392157\n|move|p2a: Staraptor|Brave Bird|p1a: Slowking\n|-crit|p1a: Slowking\n|-damage|p1a: Slowking|0 fnt\n|faint|p1a: Slowking\n|-damage|p2a: Staraptor|188/263|[from] Recoil\n|\n|upkeep\n|\n|t:|1781392161\n|switch|p1a: Lokix|Lokix, L82, M|125/251\n|turn|29\n|\n|t:|1781392168\n|switch|p2a: Weezing|Weezing, L88, M|258/258\n|move|p1a: Lokix|Sucker Punch||[still]\n|-fail|p1a: Lokix\n|\n|upkeep\n|turn|30\n|\n|t:|1781392181\n|move|p1a: Lokix|Knock Off|p2a: Weezing\n|-damage|p2a: Weezing|167/258\n|-enditem|p2a: Weezing|Leftovers|[from] move: Knock Off|[of] p1a: Lokix\n|-damage|p1a: Lokix|100/251|[from] item: Life Orb\n|move|p2a: Weezing|Toxic Spikes|p1a: Lokix\n|-sidestart|p1: Rheny|move: Toxic Spikes\n|\n|upkeep\n|turn|31\n|\n|t:|1781392190\n|move|p1a: Lokix|Sucker Punch|p2a: Weezing\n|-damage|p2a: Weezing|101/258\n|-damage|p1a: Lokix|75/251|[from] item: Life Orb\n|move|p2a: Weezing|Sludge Bomb|p1a: Lokix\n|-damage|p1a: Lokix|0 fnt\n|faint|p1a: Lokix\n|\n|upkeep\n|\n|t:|1781392197\n|switch|p1a: Farigiraf|Farigiraf, L90, M|289/362\n|-status|p1a: Farigiraf|psn\n|turn|32\n|\n|t:|1781392204\n|move|p1a: Farigiraf|Psychic Noise|p2a: Weezing\n|-supereffective|p2a: Weezing\n|-damage|p2a: Weezing|0 fnt\n|faint|p2a: Weezing\n|\n|-heal|p1a: Farigiraf|311/362 psn|[from] item: Leftovers\n|-damage|p1a: Farigiraf|266/362 psn|[from] psn\n|upkeep\n|\n|t:|1781392214\n|switch|p2a: Zangoose|Zangoose, L85, M|263/263\n|turn|33\n|\n|t:|1781392220\n|move|p2a: Zangoose|Knock Off|p1a: Farigiraf\n|-supereffective|p1a: Farigiraf\n|-damage|p1a: Farigiraf|94/362 psn\n|-enditem|p1a: Farigiraf|Leftovers|[from] move: Knock Off|[of] p2a: Zangoose\n|move|p1a: Farigiraf|Body Slam|p2a: Zangoose\n|-damage|p2a: Zangoose|133/263\n|\n|-damage|p1a: Farigiraf|49/362 psn|[from] psn\n|-status|p2a: Zangoose|tox|[from] item: Toxic Orb\n|upkeep\n|turn|34\n|\n|t:|1781392229\n|move|p2a: Zangoose|Knock Off|p1a: Farigiraf\n|-supereffective|p1a: Farigiraf\n|-damage|p1a: Farigiraf|0 fnt\n|faint|p1a: Farigiraf\n|\n|-damage|p2a: Zangoose|117/263 tox|[from] psn\n|upkeep\n|\n|t:|1781392232\n|switch|p1a: Arceus|Arceus-Ghost, L69|245/280 psn\n|turn|35\n|\n|t:|1781392238\n|move|p1a: Arceus|Focus Blast|p2a: Zangoose\n|-supereffective|p2a: Zangoose\n|-damage|p2a: Zangoose|0 fnt\n|faint|p2a: Zangoose\n|\n|-damage|p1a: Arceus|210/280 psn|[from] psn\n|upkeep\n|\n|t:|1781392241\n|switch|p2a: Staraptor|Staraptor, L79, M|188/263\n|turn|36\n|\n|t:|1781392245\n|move|p1a: Arceus|Focus Blast|p2a: Staraptor\n|-damage|p2a: Staraptor|88/263\n|move|p2a: Staraptor|Brave Bird|p1a: Arceus\n|-damage|p1a: Arceus|0 fnt\n|faint|p1a: Arceus\n|-damage|p2a: Staraptor|19/263|[from] Recoil\n|\n|upkeep\n|\n|t:|1781392250\n|switch|p1a: Kommo-o|Kommo-o, L78, F|245/245\n|-status|p1a: Kommo-o|psn\n|turn|37\n|c|\u2606Rheny|GG\n|\n|t:|1781392257\n|-terastallize|p1a: Kommo-o|Steel\n|move|p2a: Staraptor|Brave Bird|p1a: Kommo-o\n|-resisted|p1a: Kommo-o\n|-damage|p1a: Kommo-o|151/245 psn\n|-damage|p2a: Staraptor|0 fnt|[from] Recoil\n|faint|p2a: Staraptor\n|\n|win|Rheny\n", "inputlog": ">version a8376a258c1d4662feba110a92103f3664a72141\n>start {\"formatid\":\"gen9randombattle\",\"seed\":\"sodium,f49a3a8261d43847942fd88671c6e276\",\"rated\":\"Rated battle\"}\n>player p1 {\"name\":\"Rheny\",\"avatar\":\"miku-ghost\",\"rating\":1934,\"seed\":\"sodium,ff9dc8c19f5250cc1042e199d0aaf7f8\"}\n>player p2 {\"name\":\"quagapult\",\"avatar\":\"170\",\"rating\":1927,\"seed\":\"sodium,9f7976aa79943802050c45c640e3970a\"}\n>p1 switch 5\n>p2 move toxicspikes\n>p1 move bodyslam\n>p2 switch 5\n>p1 move bodyslam\n>p2 switch 6\n>p1 switch 3\n>p2 move zingzap\n>p1 move earthpower\n>p2 switch 6\n>p1 switch 2\n>p2 move icebeam\n>p1 move sludgebomb\n>p2 switch 4\n>p1 switch 6\n>p2 move darkpulse\n>p1 move suckerpunch\n>p2 switch 5\n>p1 switch 3\n>p2 move toxicspikes\n>p1 move bodyslam\n>p2 switch 6\n>p1 move bodyslam\n>p2 switch 5\n>p2 switch 5\n>p1 move protect\n>p2 move liquidation\n>p1 move wish\n>p2 move zingzap\n>p1 move protect\n>p2 move liquidation\n>p1 move bodyslam\n>p2 move liquidation\n>p1 move wish\n>p2 move recover\n>p1 move psychicnoise\n>p2 move curse\n>p1 move psychicnoise\n>p2 move liquidation\n>p1 move psychicnoise\n>p2 move zingzap\n>p2 switch 2\n>p1 move protect\n>p2 move doubleedge\n>p1 switch 5\n>p2 move doubleedge\n>p1 switch 2\n>p2 switch 4\n>p1 move thunderwave\n>p2 move icebeam\n>p1 switch 6\n>p1 move psyshock\n>p2 move icebeam\n>p1 move slackoff\n>p2 move icebeam\n>p1 move sludgebomb\n>p2 move icebeam\n>p2 switch 4\n>p1 move sludgebomb\n>p2 move bravebird\n>p1 switch 3\n>p1 move suckerpunch\n>p2 switch 6\n>p1 move knockoff\n>p2 move toxicspikes\n>p1 move suckerpunch\n>p2 move sludgebomb\n>p1 switch 5\n>p1 move psychicnoise\n>p2 move painsplit\n>p2 switch 3\n>p1 move bodyslam\n>p2 move knockoff\n>p1 move bodyslam\n>p2 move knockoff\n>p1 switch 2\n>p1 move focusblast\n>p2 move knockoff\n>p2 switch 6\n>p1 move focusblast\n>p2 move bravebird\n>p1 switch 4\n>chat \u2606Rheny|GG\n>p1 move ironhead terastallize\n>p2 move bravebird", "uploadtime": 1781391781, "views": 6, "formatid": "gen9randombattle", "rating": null, "private": 0, "password": null}