{"id": "gen9randombattle-2631947163", "format": "[Gen 9] Random Battle", "players": ["Haxland", "zicafeliped"], "log": "|j|\u2606Haxland\n|j|\u2606zicafeliped\n|t:|1781458713\n|gametype|singles\n|player|p1|Haxland|102|2181\n|player|p2|zicafeliped|beauty-gen4dp|2211\n|gen|9\n|tier|[Gen 9] Random Battle\n|rated|\n|rule|Species Clause: Limit one of each Pok\u00e9mon\n|rule|HP Percentage Mod: HP is shown in percentages\n|rule|Sleep Clause Mod: Limit one foe put to sleep\n|rule|Illusion Level Mod: Illusion disguises the Pok\u00e9mon's true level\n|\n|t:|1781458713\n|teamsize|p1|6\n|teamsize|p2|6\n|start\n|switch|p1a: Kommo-o|Kommo-o, L78, F|245/245\n|switch|p2a: Raikou|Raikou, L81|278/278\n|-ability|p2a: Raikou|Pressure\n|turn|1\n|inactive|Battle timer is ON: inactive players will automatically lose when time's up. (requested by zicafeliped)\n|inactive|zicafeliped has 120 seconds left.\n|\n|t:|1781458751\n|switch|p2a: Camerupt|Camerupt, L91, F|275/275\n|move|p1a: Kommo-o|Clangorous Soul|p1a: Kommo-o\n|-boost|p1a: Kommo-o|atk|1\n|-boost|p1a: Kommo-o|def|1\n|-boost|p1a: Kommo-o|spa|1\n|-boost|p1a: Kommo-o|spd|1\n|-boost|p1a: Kommo-o|spe|1\n|-damage|p1a: Kommo-o|165/245\n|-enditem|p1a: Kommo-o|Throat Spray\n|-boost|p1a: Kommo-o|spa|1|[from] item: Throat Spray\n|\n|upkeep\n|turn|2\n|\n|t:|1781458777\n|move|p1a: Kommo-o|Drain Punch|p2a: Camerupt\n|-damage|p2a: Camerupt|151/275\n|-heal|p1a: Kommo-o|227/245|[from] drain|[of] p2a: Camerupt\n|move|p2a: Camerupt|Stealth Rock|p1a: Kommo-o\n|-sidestart|p1: Haxland|move: Stealth Rock\n|\n|-heal|p2a: Camerupt|168/275|[from] item: Leftovers\n|upkeep\n|turn|3\n|\n|t:|1781458783\n|switch|p2a: Clefable|Clefable, L83, F|293/293\n|move|p1a: Kommo-o|Boomburst|p2a: Clefable\n|-damage|p2a: Clefable|212/293\n|\n|-heal|p2a: Clefable|230/293|[from] item: Leftovers\n|upkeep\n|turn|4\n|inactive|Haxland has 120 seconds left.\n|\n|t:|1781458831\n|switch|p1a: Ogerpon|Ogerpon-Hearthflame, L74, F|239/239\n|-damage|p1a: Ogerpon|180/239|[from] Stealth Rock\n|-ability|p1a: Ogerpon|Mold Breaker\n|move|p2a: Clefable|Moonblast|p1a: Ogerpon\n|-resisted|p1a: Ogerpon\n|-damage|p1a: Ogerpon|132/239\n|\n|-heal|p2a: Clefable|248/293|[from] item: Leftovers\n|upkeep\n|turn|5\n|\n|t:|1781458841\n|switch|p2a: Camerupt|Camerupt, L91, F|168/275\n|move|p1a: Ogerpon|Trailblaze|p2a: Camerupt\n|-damage|p2a: Camerupt|102/275\n|-boost|p1a: Ogerpon|spe|1\n|\n|-heal|p2a: Camerupt|119/275|[from] item: Leftovers\n|upkeep\n|turn|6\n|\n|t:|1781458851\n|move|p1a: Ogerpon|Power Whip|p2a: Camerupt\n|-damage|p2a: Camerupt|0 fnt\n|faint|p2a: Camerupt\n|\n|upkeep\n|\n|t:|1781458863\n|switch|p2a: Archaludon|Archaludon, L78, M|268/268\n|turn|7\n|inactive|Haxland has 120 seconds left.\n|\n|t:|1781458870\n|move|p1a: Ogerpon|Swords Dance|p1a: Ogerpon\n|-boost|p1a: Ogerpon|atk|2\n|move|p2a: Archaludon|Swords Dance|p2a: Archaludon\n|-boost|p2a: Archaludon|atk|2\n|\n|upkeep\n|turn|8\n|inactive|Haxland has 120 seconds left.\n|\n|t:|1781458889\n|-terastallize|p1a: Ogerpon|Fire\n|detailschange|p1a: Ogerpon|Ogerpon-Hearthflame-Tera, L74, F, tera:Fire\n|-ability|p1a: Ogerpon|Embody Aspect (Hearthflame)|boost\n|-boost|p1a: Ogerpon|atk|1\n|move|p1a: Ogerpon|Ivy Cudgel|p2a: Archaludon|[anim] Ivy Cudgel Fire\n|-damage|p2a: Archaludon|0 fnt\n|faint|p2a: Archaludon\n|\n|upkeep\n|\n|t:|1781458899\n|switch|p2a: Raikou|Raikou, L81|278/278\n|-ability|p2a: Raikou|Pressure\n|turn|9\n|\n|t:|1781458904\n|-terastallize|p2a: Raikou|Water\n|move|p1a: Ogerpon|Power Whip|p2a: Raikou\n|-supereffective|p2a: Raikou\n|-damage|p2a: Raikou|0 fnt\n|faint|p2a: Raikou\n|\n|upkeep\n|-message|zicafeliped forfeited.\n|\n|win|Haxland\n", "inputlog": ">version a8376a258c1d4662feba110a92103f3664a72141\n>start {\"formatid\":\"gen9randombattle\",\"seed\":\"sodium,aa80e76fa8a09e77fea8732a36c7dec9\",\"rated\":\"Rated battle\"}\n>player p1 {\"name\":\"Haxland\",\"avatar\":\"102\",\"rating\":2181,\"seed\":\"sodium,35309b6ba417a0dca36ee9e40343c3c1\"}\n>player p2 {\"name\":\"zicafeliped\",\"avatar\":\"beauty-gen4dp\",\"rating\":2211,\"seed\":\"sodium,640a3bd4ec9b2f25f50fca4bfdb33f02\"}\n>p1 move clangoroussoul\n>p2 switch 6\n>p1 move drainpunch\n>p2 move stealthrock\n>p1 move boomburst\n>p2 switch 5\n>p1 switch 2\n>p2 move moonblast\n>p1 move trailblaze\n>p2 switch 5\n>p1 move powerwhip\n>p2 move earthquake\n>p2 switch 4\n>p1 move swordsdance\n>p2 move swordsdance\n>p1 move ivycudgel terastallize\n>p2 move earthquake\n>p2 switch 6\n>p1 move powerwhip\n>p2 move scald terastallize\n>forcelose p2", "uploadtime": 1781458715, "views": 6, "formatid": "gen9randombattle", "rating": null, "private": 0, "password": null}