{"id": "gen9randombattle-2631941515", "format": "[Gen 9] Random Battle", "players": ["YouShallNotPas", "migui92"], "log": "|j|\u2606YouShallNotPas\n|j|\u2606migui92\n|t:|1781458085\n|gametype|singles\n|player|p1|YouShallNotPas|101|1940\n|player|p2|migui92|265|1907\n|gen|9\n|tier|[Gen 9] Random Battle\n|rated|\n|rule|Species Clause: Limit one of each Pok\u00e9mon\n|rule|HP Percentage Mod: HP is shown in percentages\n|rule|Sleep Clause Mod: Limit one foe put to sleep\n|rule|Illusion Level Mod: Illusion disguises the Pok\u00e9mon's true level\n|\n|t:|1781458085\n|teamsize|p1|6\n|teamsize|p2|6\n|start\n|switch|p1a: Gengar|Gengar, L81, F|230/230\n|switch|p2a: Cetitan|Cetitan, L82, F|413/413\n|turn|1\n|\n|t:|1781458095\n|move|p1a: Gengar|Trick|p2a: Cetitan\n|-activate|p1a: Gengar|move: Trick|[of] p2a: Cetitan\n|-item|p2a: Cetitan|Choice Specs|[from] move: Trick\n|-item|p1a: Gengar|Life Orb|[from] move: Trick\n|move|p2a: Cetitan|Icicle Crash|p1a: Gengar\n|-damage|p1a: Gengar|64/230\n|\n|upkeep\n|turn|2\n|\n|t:|1781458113\n|switch|p1a: Gyarados|Gyarados, L79, M|280/280\n|-ability|p1a: Gyarados|Intimidate|boost\n|-unboost|p2a: Cetitan|atk|1\n|move|p2a: Cetitan|Icicle Crash|p1a: Gyarados|[miss]\n|-miss|p2a: Cetitan|p1a: Gyarados\n|\n|upkeep\n|turn|3\n|\n|t:|1781458125\n|switch|p2a: Grimmsnarl|Grimmsnarl, L83, M|293/293\n|move|p1a: Gyarados|Dragon Dance|p1a: Gyarados\n|-boost|p1a: Gyarados|atk|1\n|-boost|p1a: Gyarados|spe|1\n|\n|upkeep\n|turn|4\n|\n|t:|1781458133\n|move|p2a: Grimmsnarl|Reflect|p2a: Grimmsnarl\n|-sidestart|p2: migui92|Reflect\n|move|p1a: Gyarados|Waterfall|p2a: Grimmsnarl\n|-damage|p2a: Grimmsnarl|200/293\n|\n|upkeep\n|turn|5\n|\n|t:|1781458138\n|move|p2a: Grimmsnarl|Thunder Wave|p1a: Gyarados\n|-status|p1a: Gyarados|par\n|move|p1a: Gyarados|Dragon Dance|p1a: Gyarados\n|-boost|p1a: Gyarados|atk|1\n|-boost|p1a: Gyarados|spe|1\n|\n|upkeep\n|turn|6\n|\n|t:|1781458158\n|move|p1a: Gyarados|Dragon Dance|p1a: Gyarados\n|-boost|p1a: Gyarados|atk|1\n|-boost|p1a: Gyarados|spe|1\n|move|p2a: Grimmsnarl|Spirit Break|p1a: Gyarados\n|-damage|p1a: Gyarados|163/280 par\n|-unboost|p1a: Gyarados|spa|1\n|\n|upkeep\n|turn|7\n|\n|t:|1781458170\n|move|p1a: Gyarados|Waterfall|p2a: Grimmsnarl\n|-damage|p2a: Grimmsnarl|45/293\n|move|p2a: Grimmsnarl|Spirit Break|p1a: Gyarados\n|-damage|p1a: Gyarados|58/280 par\n|-unboost|p1a: Gyarados|spa|1\n|\n|upkeep\n|turn|8\n|\n|t:|1781458178\n|switch|p2a: Kingdra|Kingdra, L84, F|263/263\n|move|p1a: Gyarados|Waterfall|p2a: Kingdra\n|-resisted|p2a: Kingdra\n|-damage|p2a: Kingdra|235/263\n|\n|upkeep\n|turn|9\n|\n|t:|1781458188\n|move|p1a: Gyarados|Earthquake|p2a: Kingdra\n|-damage|p2a: Kingdra|153/263\n|move|p2a: Kingdra|Rain Dance|p2a: Kingdra\n|-weather|RainDance\n|\n|-weather|RainDance|[upkeep]\n|upkeep\n|turn|10\n|\n|t:|1781458196\n|move|p2a: Kingdra|Hurricane|p1a: Gyarados\n|-damage|p1a: Gyarados|0 fnt\n|faint|p1a: Gyarados\n|-damage|p2a: Kingdra|127/263|[from] item: Life Orb\n|\n|-weather|RainDance|[upkeep]\n|upkeep\n|inactive|Battle timer is ON: inactive players will automatically lose when time's up. (requested by migui92)\n|\n|t:|1781458249\n|switch|p1a: Rabsca|Rabsca, L91, M|284/284\n|turn|11\n|\n|t:|1781458263\n|-terastallize|p2a: Kingdra|Water\n|move|p2a: Kingdra|Wave Crash|p1a: Rabsca\n|-damage|p1a: Rabsca|0 fnt\n|faint|p1a: Rabsca\n|-damage|p2a: Kingdra|33/263|[from] Recoil\n|-damage|p2a: Kingdra|7/263|[from] item: Life Orb\n|\n|-weather|RainDance|[upkeep]\n|-sideend|p2: migui92|Reflect\n|upkeep\n|\n|t:|1781458286\n|switch|p1a: Zarude|Zarude-Dada, L77|288/288\n|turn|12\n|\n|t:|1781458291\n|move|p2a: Kingdra|Hurricane|p1a: Zarude\n|-supereffective|p1a: Zarude\n|-damage|p1a: Zarude|70/288\n|-damage|p2a: Kingdra|0 fnt|[from] item: Life Orb\n|faint|p2a: Kingdra\n|move|p1a: Zarude|Swords Dance|p1a: Zarude\n|-boost|p1a: Zarude|atk|2\n|\n|-weather|RainDance|[upkeep]\n|upkeep\n|\n|t:|1781458304\n|switch|p2a: Cobalion|Cobalion, L80|277/277\n|turn|13\n|\n|t:|1781458310\n|move|p2a: Cobalion|Body Press|p1a: Zarude\n|-supereffective|p1a: Zarude\n|-damage|p1a: Zarude|0 fnt\n|faint|p1a: Zarude\n|\n|-weather|none\n|upkeep\n|\n|t:|1781458316\n|switch|p1a: Gengar|Gengar, L81, F|64/230\n|turn|14\n|\n|t:|1781458320\n|move|p1a: Gengar|Focus Blast|p2a: Cobalion\n|-supereffective|p2a: Cobalion\n|-damage|p2a: Cobalion|0 fnt\n|faint|p2a: Cobalion\n|-damage|p1a: Gengar|41/230|[from] item: Life Orb\n|\n|upkeep\n|\n|t:|1781458346\n|switch|p2a: Cetitan|Cetitan, L82, F|413/413\n|turn|15\n|\n|t:|1781458359\n|switch|p1a: Munkidori|Munkidori, L79, M|269/269\n|move|p2a: Cetitan|Ice Shard|p1a: Munkidori\n|-crit|p1a: Munkidori\n|-damage|p1a: Munkidori|179/269\n|\n|upkeep\n|turn|16\n|\n|t:|1781458374\n|switch|p2a: Iron Boulder|Iron Boulder, L77|265/265\n|-enditem|p2a: Iron Boulder|Booster Energy\n|-activate|p2a: Iron Boulder|ability: Quark Drive|[fromitem]\n|-start|p2a: Iron Boulder|quarkdrivespe\n|move|p1a: Munkidori|Focus Blast|p2a: Iron Boulder\n|-damage|p2a: Iron Boulder|128/265\n|\n|upkeep\n|turn|17\n|\n|t:|1781458389\n|move|p2a: Iron Boulder|Zen Headbutt|p1a: Munkidori\n|-damage|p1a: Munkidori|74/269\n|cant|p1a: Munkidori|flinch\n|\n|upkeep\n|turn|18\n|\n|t:|1781458400\n|move|p2a: Iron Boulder|Mighty Cleave|p1a: Munkidori\n|-damage|p1a: Munkidori|0 fnt\n|faint|p1a: Munkidori\n|\n|upkeep\n|\n|t:|1781458407\n|switch|p1a: Iron Valiant|Iron Valiant, L78|244/244\n|turn|19\n|\n|t:|1781458423\n|move|p2a: Iron Boulder|Zen Headbutt|p1a: Iron Valiant\n|-supereffective|p1a: Iron Valiant\n|-damage|p1a: Iron Valiant|52/244\n|move|p1a: Iron Valiant|Close Combat|p2a: Iron Boulder\n|-damage|p2a: Iron Boulder|0 fnt\n|-unboost|p1a: Iron Valiant|def|1\n|-unboost|p1a: Iron Valiant|spd|1\n|faint|p2a: Iron Boulder\n|-end|p2a: Iron Boulder|Quark Drive|[silent]\n|-damage|p1a: Iron Valiant|28/244|[from] item: Life Orb\n|\n|upkeep\n|\n|t:|1781458435\n|switch|p2a: Cetitan|Cetitan, L82, F|413/413\n|turn|20\n|\n|t:|1781458441\n|move|p2a: Cetitan|Ice Shard|p1a: Iron Valiant\n|-damage|p1a: Iron Valiant|0 fnt\n|faint|p1a: Iron Valiant\n|-end|p1a: Iron Valiant|Quark Drive|[silent]\n|\n|upkeep\n|\n|t:|1781458445\n|switch|p1a: Gengar|Gengar, L81, F|41/230\n|turn|21\n|\n|t:|1781458448\n|move|p2a: Cetitan|Ice Shard|p1a: Gengar\n|-damage|p1a: Gengar|0 fnt\n|faint|p1a: Gengar\n|\n|win|migui92\n", "uploadtime": 1781458086, "views": 3, "formatid": "gen9randombattle", "rating": null, "private": 0, "password": null}