{"id": "gen9randombattle-2631802270", "format": "[Gen 9] Random Battle", "players": ["lizardgoatboys", "afmahi"], "log": "|j|\u2606lizardgoatboys\n|j|\u203dafmahi\n|t:|1781441812\n|gametype|singles\n|player|p1|lizardgoatboys|roughneck-gen4|1970\n|player|p2|afmahi|lucas|1939\n|gen|9\n|tier|[Gen 9] Random Battle\n|rated|\n|rule|Species Clause: Limit one of each Pok\u00e9mon\n|rule|HP Percentage Mod: HP is shown in percentages\n|rule|Sleep Clause Mod: Limit one foe put to sleep\n|rule|Illusion Level Mod: Illusion disguises the Pok\u00e9mon's true level\n|\n|t:|1781441812\n|teamsize|p1|6\n|teamsize|p2|6\n|start\n|switch|p1a: Ursaluna|Ursaluna, L79, M|335/335\n|switch|p2a: Whimsicott|Whimsicott, L84, M|238/238\n|turn|1\n|inactive|Battle timer is ON: inactive players will automatically lose when time's up. (requested by afmahi)\n|\n|t:|1781441833\n|switch|p1a: Meganium|Meganium, L90, M|290/290\n|move|p2a: Whimsicott|Leech Seed|p1a: Meganium\n|-immune|p1a: Meganium\n|\n|upkeep\n|turn|2\n|\n|t:|1781441838\n|move|p2a: Whimsicott|Substitute|p2a: Whimsicott\n|-start|p2a: Whimsicott|Substitute\n|-damage|p2a: Whimsicott|179/238\n|move|p1a: Meganium|Knock Off|p2a: Whimsicott\n|-resisted|p2a: Whimsicott\n|-activate|p2a: Whimsicott|move: Substitute|[damage]\n|\n|-heal|p2a: Whimsicott|193/238|[from] item: Leftovers\n|upkeep\n|turn|3\n|\n|t:|1781441844\n|move|p2a: Whimsicott|Moonblast|p1a: Meganium\n|-damage|p1a: Meganium|211/290\n|move|p1a: Meganium|Knock Off|p2a: Whimsicott\n|-resisted|p2a: Whimsicott\n|-end|p2a: Whimsicott|Substitute\n|\n|-heal|p2a: Whimsicott|207/238|[from] item: Leftovers\n|-heal|p1a: Meganium|229/290|[from] item: Leftovers\n|upkeep\n|turn|4\n|\n|t:|1781441859\n|move|p2a: Whimsicott|Substitute|p2a: Whimsicott\n|-start|p2a: Whimsicott|Substitute\n|-damage|p2a: Whimsicott|148/238\n|move|p1a: Meganium|Swords Dance|p1a: Meganium\n|-boost|p1a: Meganium|atk|2\n|\n|-heal|p2a: Whimsicott|162/238|[from] item: Leftovers\n|-heal|p1a: Meganium|247/290|[from] item: Leftovers\n|upkeep\n|turn|5\n|\n|t:|1781441864\n|move|p2a: Whimsicott|Encore|p1a: Meganium\n|-start|p1a: Meganium|Encore\n|move|p1a: Meganium|Swords Dance|p1a: Meganium\n|-boost|p1a: Meganium|atk|2\n|\n|-heal|p2a: Whimsicott|176/238|[from] item: Leftovers\n|-heal|p1a: Meganium|265/290|[from] item: Leftovers\n|upkeep\n|turn|6\n|\n|t:|1781441876\n|switch|p1a: Suicune|Suicune, L82|298/298\n|-ability|p1a: Suicune|Pressure\n|move|p2a: Whimsicott|Leech Seed|p1a: Suicune\n|-start|p1a: Suicune|move: Leech Seed\n|\n|-heal|p2a: Whimsicott|190/238|[from] item: Leftovers\n|-damage|p1a: Suicune|261/298|[from] Leech Seed|[of] p2a: Whimsicott\n|-heal|p2a: Whimsicott|227/238|[silent]\n|upkeep\n|turn|7\n|\n|t:|1781441882\n|switch|p1a: Meganium|Meganium, L90, M|265/290\n|move|p2a: Whimsicott|Moonblast|p1a: Meganium\n|-damage|p1a: Meganium|192/290\n|\n|-heal|p2a: Whimsicott|238/238|[from] item: Leftovers\n|-heal|p1a: Meganium|210/290|[from] item: Leftovers\n|upkeep\n|turn|8\n|\n|t:|1781441886\n|move|p2a: Whimsicott|Moonblast|p1a: Meganium\n|-damage|p1a: Meganium|137/290\n|move|p1a: Meganium|Knock Off|p2a: Whimsicott\n|-resisted|p2a: Whimsicott\n|-activate|p2a: Whimsicott|move: Substitute|[damage]\n|\n|-heal|p1a: Meganium|155/290|[from] item: Leftovers\n|upkeep\n|turn|9\n|\n|t:|1781441891\n|move|p2a: Whimsicott|Moonblast|p1a: Meganium\n|-damage|p1a: Meganium|86/290\n|move|p1a: Meganium|Knock Off|p2a: Whimsicott\n|-resisted|p2a: Whimsicott\n|-end|p2a: Whimsicott|Substitute\n|\n|-heal|p1a: Meganium|104/290|[from] item: Leftovers\n|upkeep\n|turn|10\n|c|\u2606lizardgoatboys|gg wp\n|c|\u2606lizardgoatboys|i have no answrr\n|-message|lizardgoatboys forfeited.\n|\n|win|afmahi\n", "uploadtime": 1781441814, "views": 8, "formatid": "gen9randombattle", "rating": null, "private": 0, "password": null}