{"id": "gen9randombattle-2631959217", "format": "[Gen 9] Random Battle", "players": ["grabschaender", "Crysys1"], "log": "|j|\u2606grabschaender\n|j|\u2606Crysys1\n|t:|1781460016\n|gametype|singles\n|player|p1|grabschaender|candice|2245\n|player|p2|Crysys1|265|2248\n|gen|9\n|tier|[Gen 9] Random Battle\n|rated|\n|rule|Species Clause: Limit one of each Pok\u00e9mon\n|rule|HP Percentage Mod: HP is shown in percentages\n|rule|Sleep Clause Mod: Limit one foe put to sleep\n|rule|Illusion Level Mod: Illusion disguises the Pok\u00e9mon's true level\n|\n|t:|1781460016\n|teamsize|p1|6\n|teamsize|p2|6\n|start\n|switch|p1a: Ursaluna|Ursaluna-Bloodmoon, L79, M|308/308\n|switch|p2a: Espathra|Espathra, L80, M|283/283\n|turn|1\n|\n|t:|1781460040\n|switch|p1a: Dialga|Dialga, L73|266/266\n|-ability|p1a: Dialga|Pressure\n|move|p2a: Espathra|Lumina Crash|p1a: Dialga\n|-resisted|p1a: Dialga\n|-damage|p1a: Dialga|227/266\n|-unboost|p1a: Dialga|spd|2\n|\n|-ability|p2a: Espathra|Speed Boost|boost\n|-boost|p2a: Espathra|spe|1\n|upkeep\n|turn|2\n|\n|t:|1781460051\n|switch|p2a: Zapdos|Zapdos, L78|268/268\n|move|p1a: Dialga|Heavy Slam|p2a: Zapdos\n|-resisted|p2a: Zapdos\n|-damage|p2a: Zapdos|201/268\n|\n|upkeep\n|turn|3\n|\n|t:|1781460057\n|switch|p1a: Ursaluna|Ursaluna-Bloodmoon, L79, M|308/308\n|move|p2a: Zapdos|U-turn|p1a: Ursaluna\n|-damage|p1a: Ursaluna|276/308\n|\n|t:|1781460060\n|switch|p2a: Espathra|Espathra, L80, M|283/283|[from] U-turn\n|\n|-heal|p1a: Ursaluna|295/308|[from] item: Leftovers\n|upkeep\n|turn|4\n|\n|t:|1781460063\n|move|p2a: Espathra|Lumina Crash|p1a: Ursaluna\n|-damage|p1a: Ursaluna|130/308\n|-unboost|p1a: Ursaluna|spd|2\n|move|p1a: Ursaluna|Blood Moon|p2a: Espathra\n|-damage|p2a: Espathra|42/283\n|\n|-heal|p1a: Ursaluna|149/308|[from] item: Leftovers\n|-ability|p2a: Espathra|Speed Boost|boost\n|-boost|p2a: Espathra|spe|1\n|upkeep\n|turn|5\n|\n|t:|1781460069\n|switch|p1a: Latias|Latias, L79, F|256/256\n|move|p2a: Espathra|Lumina Crash|p1a: Latias\n|-resisted|p1a: Latias\n|-damage|p1a: Latias|210/256\n|-unboost|p1a: Latias|spd|2\n|\n|-ability|p2a: Espathra|Speed Boost|boost\n|-boost|p2a: Espathra|spe|1\n|upkeep\n|turn|6\n|\n|t:|1781460081\n|switch|p2a: Illumise|Illumise, L91, F|266/266\n|move|p1a: Latias|Psyshock|p2a: Illumise\n|-damage|p2a: Illumise|157/266\n|\n|upkeep\n|turn|7\n|\n|t:|1781460104\n|move|p2a: Illumise|Thunder Wave|p1a: Latias\n|-status|p1a: Latias|par\n|move|p1a: Latias|Draco Meteor|p2a: Illumise\n|-damage|p2a: Illumise|0 fnt\n|-unboost|p1a: Latias|spa|2\n|faint|p2a: Illumise\n|\n|upkeep\n|\n|t:|1781460121\n|switch|p2a: Espathra|Espathra, L80, M|42/283\n|turn|8\n|\n|t:|1781460125\n|switch|p1a: Dialga|Dialga, L73|227/266\n|-ability|p1a: Dialga|Pressure\n|move|p2a: Espathra|U-turn|p1a: Dialga\n|-resisted|p1a: Dialga\n|-damage|p1a: Dialga|211/266\n|\n|t:|1781460133\n|switch|p2a: Iron Thorns|Iron Thorns, L83|302/302|[from] U-turn\n|\n|upkeep\n|turn|9\n|\n|t:|1781460138\n|switch|p1a: Ursaluna|Ursaluna-Bloodmoon, L79, M|149/308\n|move|p2a: Iron Thorns|Earthquake|p1a: Ursaluna\n|-damage|p1a: Ursaluna|77/308\n|\n|-heal|p1a: Ursaluna|96/308|[from] item: Leftovers\n|upkeep\n|turn|10\n|\n|t:|1781460149\n|move|p2a: Iron Thorns|Earthquake|p1a: Ursaluna\n|-damage|p1a: Ursaluna|19/308\n|move|p1a: Ursaluna|Moonlight|p1a: Ursaluna\n|-heal|p1a: Ursaluna|173/308\n|\n|-heal|p1a: Ursaluna|192/308|[from] item: Leftovers\n|upkeep\n|turn|11\n|\n|t:|1781460154\n|-end|p2a: Iron Thorns|Quark Drive|[silent]\n|switch|p2a: Squawkabilly|Squawkabilly-Yellow, L89, M|291/291\n|move|p1a: Ursaluna|Earth Power|p2a: Squawkabilly\n|-immune|p2a: Squawkabilly\n|\n|-heal|p1a: Ursaluna|211/308|[from] item: Leftovers\n|upkeep\n|turn|12\n|\n|t:|1781460167\n|switch|p1a: Pincurchin|Pincurchin, M|258/258\n|-fieldstart|move: Electric Terrain|[from] ability: Electric Surge|[of] p1a: Pincurchin\n|move|p2a: Squawkabilly|Double-Edge|p1a: Pincurchin\n|-damage|p1a: Pincurchin|93/258\n|-damage|p2a: Squawkabilly|237/291|[from] Recoil\n|\n|-heal|p1a: Pincurchin|109/258|[from] item: Leftovers\n|upkeep\n|turn|13\n|\n|t:|1781460170\n|move|p2a: Squawkabilly|Double-Edge|p1a: Pincurchin|[miss]\n|-miss|p2a: Squawkabilly|p1a: Pincurchin\n|move|p1a: Pincurchin|Zing Zap|p2a: Squawkabilly\n|-supereffective|p2a: Squawkabilly\n|-damage|p2a: Squawkabilly|0 fnt\n|faint|p2a: Squawkabilly\n|\n|-heal|p1a: Pincurchin|125/258|[from] item: Leftovers\n|upkeep\n|-message|Crysys1 forfeited.\n|\n|win|grabschaender\n", "inputlog": ">version a8376a258c1d4662feba110a92103f3664a72141\n>start {\"formatid\":\"gen9randombattle\",\"seed\":\"sodium,0640d5323ad967ccdff60e1cf00acaee\",\"rated\":\"Rated battle\"}\n>player p1 {\"name\":\"grabschaender\",\"avatar\":\"candice\",\"rating\":2245,\"seed\":\"sodium,a5b4d70c045c748c7783b0889342f979\"}\n>player p2 {\"name\":\"Crysys1\",\"avatar\":\"265\",\"rating\":2248,\"seed\":\"sodium,1ab532de6a3c1b0a9550711c1adf1919\"}\n>p1 switch 4\n>p2 move luminacrash\n>p1 move heavyslam\n>p2 switch 3\n>p1 switch 4\n>p2 move uturn\n>p2 switch 3\n>p1 move bloodmoon\n>p2 move luminacrash\n>p1 switch 6\n>p2 move luminacrash\n>p1 move psyshock\n>p2 switch 6\n>p1 move dracometeor\n>p2 move thunderwave\n>p2 switch 6\n>p1 switch 4\n>p2 move uturn\n>p2 switch 2\n>p1 switch 6\n>p2 move earthquake\n>p1 move moonlight\n>p2 move earthquake\n>p1 move earthpower\n>p2 switch 4\n>p1 switch 2\n>p2 move doubleedge\n>p1 move zingzap\n>p2 move doubleedge\n>forcelose p2", "uploadtime": 1781460019, "views": 5, "formatid": "gen9randombattle", "rating": null, "private": 0, "password": null}