{"id": "gen9randombattle-2631647351", "format": "[Gen 9] Random Battle", "players": ["monrayhudson", "personanongrattata"], "log": "|j|\u2606monrayhudson\n|j|\u2606personanongrattata\n|t:|1781414417\n|gametype|singles\n|player|p1|monrayhudson|blue|1966\n|player|p2|personanongrattata|youngster-gen4dp|2076\n|gen|9\n|tier|[Gen 9] Random Battle\n|rated|\n|rule|Species Clause: Limit one of each Pok\u00e9mon\n|rule|HP Percentage Mod: HP is shown in percentages\n|rule|Sleep Clause Mod: Limit one foe put to sleep\n|rule|Illusion Level Mod: Illusion disguises the Pok\u00e9mon's true level\n|\n|t:|1781414417\n|teamsize|p1|6\n|teamsize|p2|6\n|start\n|switch|p1a: Toxicroak|Toxicroak, L84, F|277/277\n|switch|p2a: Decidueye|Decidueye-Hisui, L87, M|295/295\n|turn|1\n|inactive|Battle timer is ON: inactive players will automatically lose when time's up. (requested by personanongrattata)\n|\n|t:|1781414428\n|switch|p2a: Golem|Golem-Alola, L93, M|300/300\n|move|p1a: Toxicroak|Gunk Shot|p2a: Golem\n|-resisted|p2a: Golem\n|-damage|p2a: Golem|234/300\n|\n|upkeep\n|turn|2\n|\n|t:|1781414437\n|switch|p1a: Hariyama|Hariyama, L87, M|392/392\n|move|p2a: Golem|Earthquake|p1a: Hariyama\n|-damage|p1a: Hariyama|211/392\n|\n|-status|p1a: Hariyama|brn|[from] item: Flame Orb\n|upkeep\n|turn|3\n|\n|t:|1781414443\n|switch|p2a: Tornadus|Tornadus-Therian, L79, M|254/254\n|move|p1a: Hariyama|Close Combat|p2a: Tornadus\n|-resisted|p2a: Tornadus\n|-damage|p2a: Tornadus|116/254\n|-unboost|p1a: Hariyama|def|1\n|-unboost|p1a: Hariyama|spd|1\n|\n|-damage|p1a: Hariyama|187/392 brn|[from] brn\n|upkeep\n|turn|4\n|\n|t:|1781414453\n|switch|p1a: Wigglytuff|Wigglytuff, L96, M|424/424\n|move|p2a: Tornadus|U-turn|p1a: Wigglytuff\n|-resisted|p1a: Wigglytuff\n|-crit|p1a: Wigglytuff\n|-damage|p1a: Wigglytuff|379/424\n|\n|t:|1781414460\n|switch|p2a: Oranguru|Oranguru, L92, M|315/315|[from] U-turn\n|\n|-heal|p1a: Wigglytuff|405/424|[from] item: Leftovers\n|upkeep\n|turn|5\n|\n|t:|1781414463\n|move|p2a: Oranguru|Nasty Plot|p2a: Oranguru\n|-boost|p2a: Oranguru|spa|2\n|move|p1a: Wigglytuff|Thunder Wave|p2a: Oranguru\n|-status|p2a: Oranguru|par\n|\n|-heal|p1a: Wigglytuff|424/424|[from] item: Leftovers\n|upkeep\n|turn|6\n|\n|t:|1781414489\n|move|p1a: Wigglytuff|Dazzling Gleam|p2a: Oranguru\n|-damage|p2a: Oranguru|239/315 par\n|move|p2a: Oranguru|Psyshock|p1a: Wigglytuff\n|-damage|p1a: Wigglytuff|145/424\n|\n|-heal|p1a: Wigglytuff|171/424|[from] item: Leftovers\n|-heal|p2a: Oranguru|258/315 par|[from] item: Leftovers\n|upkeep\n|turn|7\n|\n|t:|1781414496\n|move|p1a: Wigglytuff|Wish|p1a: Wigglytuff\n|move|p2a: Oranguru|Psyshock|p1a: Wigglytuff\n|-damage|p1a: Wigglytuff|0 fnt\n|faint|p1a: Wigglytuff\n|\n|-heal|p2a: Oranguru|277/315 par|[from] item: Leftovers\n|upkeep\n|inactive|monrayhudson has 120 seconds left.\n|\n|t:|1781414515\n|switch|p1a: Toxicroak|Toxicroak, L84, F|277/277\n|turn|8\n|\n|t:|1781414527\n|move|p1a: Toxicroak|Close Combat|p2a: Oranguru\n|-damage|p2a: Oranguru|73/315 par\n|-unboost|p1a: Toxicroak|def|1\n|-unboost|p1a: Toxicroak|spd|1\n|move|p2a: Oranguru|Psyshock|p1a: Toxicroak\n|-supereffective|p1a: Toxicroak\n|-damage|p1a: Toxicroak|0 fnt\n|faint|p1a: Toxicroak\n|\n|-heal|p2a: Oranguru|92/315 par|[from] item: Leftovers\n|upkeep\n|\n|t:|1781414534\n|switch|p1a: Hariyama|Hariyama, L87, M|187/392 brn\n|turn|9\n|\n|t:|1781414540\n|switch|p2a: Tornadus|Tornadus-Therian, L79, M|200/254\n|move|p1a: Hariyama|Facade|p2a: Tornadus\n|-damage|p2a: Tornadus|0 fnt\n|faint|p2a: Tornadus\n|\n|-damage|p1a: Hariyama|163/392 brn|[from] brn\n|upkeep\n|\n|t:|1781414548\n|switch|p2a: Zapdos|Zapdos, L78|268/268\n|turn|10\n|\n|t:|1781414553\n|move|p2a: Zapdos|Hurricane|p1a: Hariyama|[miss]\n|-miss|p2a: Zapdos|p1a: Hariyama\n|move|p1a: Hariyama|Facade|p2a: Zapdos\n|-damage|p2a: Zapdos|78/268\n|\n|-damage|p1a: Hariyama|139/392 brn|[from] brn\n|upkeep\n|turn|11\n|\n|t:|1781414556\n|move|p2a: Zapdos|Hurricane|p1a: Hariyama|[miss]\n|-miss|p2a: Zapdos|p1a: Hariyama\n|move|p1a: Hariyama|Facade|p2a: Zapdos\n|-damage|p2a: Zapdos|0 fnt\n|faint|p2a: Zapdos\n|\n|-damage|p1a: Hariyama|115/392 brn|[from] brn\n|upkeep\n|\n|t:|1781414559\n|switch|p2a: Scream Tail|Scream Tail, L84|330/330\n|turn|12\n|\n|t:|1781414563\n|move|p2a: Scream Tail|Dazzling Gleam|p1a: Hariyama\n|-supereffective|p1a: Hariyama\n|-damage|p1a: Hariyama|0 fnt\n|faint|p1a: Hariyama\n|\n|upkeep\n|\n|t:|1781414568\n|switch|p1a: Mismagius|Mismagius, L86, F|243/243\n|turn|13\n|\n|t:|1781414576\n|move|p2a: Scream Tail|Thunder Wave|p1a: Mismagius\n|-status|p1a: Mismagius|par\n|cant|p1a: Mismagius|par\n|\n|upkeep\n|turn|14\n|\n|t:|1781414581\n|-end|p2a: Scream Tail|Protosynthesis|[silent]\n|switch|p2a: Oranguru|Oranguru, L92, M|92/315 par\n|move|p1a: Mismagius|Shadow Ball|p2a: Oranguru\n|-immune|p2a: Oranguru\n|\n|-heal|p2a: Oranguru|111/315 par|[from] item: Leftovers\n|upkeep\n|turn|15\n|\n|t:|1781414595\n|move|p1a: Mismagius|Tera Blast|p2a: Oranguru\n|-damage|p2a: Oranguru|66/315 par\n|cant|p2a: Oranguru|par\n|\n|-heal|p2a: Oranguru|85/315 par|[from] item: Leftovers\n|upkeep\n|turn|16\n|\n|t:|1781414599\n|cant|p1a: Mismagius|par\n|move|p2a: Oranguru|Psyshock|p1a: Mismagius\n|-damage|p1a: Mismagius|119/243 par\n|\n|-heal|p1a: Mismagius|134/243 par|[from] item: Leftovers\n|-heal|p2a: Oranguru|104/315 par|[from] item: Leftovers\n|upkeep\n|turn|17\n|\n|t:|1781414602\n|move|p1a: Mismagius|Nasty Plot|p1a: Mismagius\n|-boost|p1a: Mismagius|spa|2\n|cant|p2a: Oranguru|par\n|\n|-heal|p1a: Mismagius|149/243 par|[from] item: Leftovers\n|-heal|p2a: Oranguru|123/315 par|[from] item: Leftovers\n|upkeep\n|turn|18\n|\n|t:|1781414604\n|cant|p1a: Mismagius|par\n|cant|p2a: Oranguru|par\n|\n|-heal|p1a: Mismagius|164/243 par|[from] item: Leftovers\n|-heal|p2a: Oranguru|142/315 par|[from] item: Leftovers\n|upkeep\n|turn|19\n|\n|t:|1781414606\n|move|p1a: Mismagius|Tera Blast|p2a: Oranguru\n|-damage|p2a: Oranguru|46/315 par\n|move|p2a: Oranguru|Psyshock|p1a: Mismagius\n|-damage|p1a: Mismagius|47/243 par\n|\n|-heal|p1a: Mismagius|62/243 par|[from] item: Leftovers\n|-heal|p2a: Oranguru|65/315 par|[from] item: Leftovers\n|upkeep\n|turn|20\n|\n|t:|1781414611\n|move|p1a: Mismagius|Tera Blast|p2a: Oranguru\n|-damage|p2a: Oranguru|0 fnt\n|faint|p2a: Oranguru\n|\n|-heal|p1a: Mismagius|77/243 par|[from] item: Leftovers\n|upkeep\n|\n|t:|1781414613\n|switch|p2a: Decidueye|Decidueye-Hisui, L87, M|295/295\n|turn|21\n|\n|t:|1781414618\n|move|p2a: Decidueye|Leaf Blade|p1a: Mismagius\n|-damage|p1a: Mismagius|0 fnt\n|faint|p1a: Mismagius\n|\n|upkeep\n|\n|t:|1781414622\n|switch|p1a: Espeon|Espeon, L84, F|246/246\n|turn|22\n|\n|t:|1781414632\n|-terastallize|p2a: Decidueye|Water\n|move|p1a: Espeon|Psychic|p2a: Decidueye\n|-damage|p2a: Decidueye|139/295\n|-damage|p1a: Espeon|222/246|[from] item: Life Orb\n|move|p2a: Decidueye|U-turn|p1a: Espeon\n|-supereffective|p1a: Espeon\n|-damage|p1a: Espeon|78/246\n|\n|t:|1781414640\n|switch|p2a: Scream Tail|Scream Tail, L84|330/330|[from] U-turn\n|\n|upkeep\n|turn|23\n|\n|t:|1781414644\n|move|p2a: Scream Tail|Dazzling Gleam|p1a: Espeon\n|-damage|p1a: Espeon|15/246\n|move|p1a: Espeon|Shadow Ball|p2a: Scream Tail\n|-supereffective|p2a: Scream Tail\n|-damage|p2a: Scream Tail|169/330\n|-damage|p1a: Espeon|0 fnt|[from] item: Life Orb\n|faint|p1a: Espeon\n|\n|-heal|p2a: Scream Tail|189/330|[from] item: Leftovers\n|upkeep\n|\n|t:|1781414648\n|switch|p1a: Electrode|Electrode-Hisui, L87|246/246\n|turn|24\n|\n|t:|1781414657\n|move|p2a: Scream Tail|Protect|p2a: Scream Tail\n|-singleturn|p2a: Scream Tail|Protect\n|move|p1a: Electrode|Substitute|p1a: Electrode\n|-start|p1a: Electrode|Substitute\n|-damage|p1a: Electrode|185/246\n|\n|-heal|p1a: Electrode|200/246|[from] item: Leftovers\n|-heal|p2a: Scream Tail|209/330|[from] item: Leftovers\n|upkeep\n|turn|25\n|\n|t:|1781414662\n|move|p1a: Electrode|Leech Seed|p2a: Scream Tail\n|-start|p2a: Scream Tail|move: Leech Seed\n|move|p2a: Scream Tail|Dazzling Gleam|p1a: Electrode\n|-end|p1a: Electrode|Substitute\n|\n|-heal|p1a: Electrode|215/246|[from] item: Leftovers\n|-heal|p2a: Scream Tail|229/330|[from] item: Leftovers\n|-damage|p2a: Scream Tail|188/330|[from] Leech Seed|[of] p1a: Electrode\n|-heal|p1a: Electrode|246/246|[silent]\n|upkeep\n|turn|26\n|\n|t:|1781414667\n|-end|p2a: Scream Tail|Protosynthesis|[silent]\n|switch|p2a: Golem|Golem-Alola, L93, M|234/300\n|move|p1a: Electrode|Substitute|p1a: Electrode\n|-start|p1a: Electrode|Substitute\n|-damage|p1a: Electrode|185/246\n|\n|-heal|p1a: Electrode|200/246|[from] item: Leftovers\n|upkeep\n|turn|27\n|\n|t:|1781414670\n|move|p1a: Electrode|Giga Drain|p2a: Golem\n|-supereffective|p2a: Golem\n|-damage|p2a: Golem|58/300\n|-heal|p1a: Electrode|246/246|[from] drain|[of] p2a: Golem\n|move|p2a: Golem|Earthquake|p1a: Electrode\n|-end|p1a: Electrode|Substitute\n|\n|upkeep\n|turn|28\n|\n|t:|1781414673\n|move|p1a: Electrode|Giga Drain|p2a: Golem\n|-supereffective|p2a: Golem\n|-damage|p2a: Golem|0 fnt\n|faint|p2a: Golem\n|\n|upkeep\n|\n|t:|1781414681\n|switch|p2a: Decidueye|Decidueye-Hisui, L87, M, tera:Water|139/295\n|turn|29\n|\n|t:|1781414686\n|move|p1a: Electrode|Thunderbolt|p2a: Decidueye\n|-supereffective|p2a: Decidueye\n|-damage|p2a: Decidueye|0 fnt\n|faint|p2a: Decidueye\n|\n|upkeep\n|\n|t:|1781414688\n|switch|p2a: Scream Tail|Scream Tail, L84|188/330\n|turn|30\n|\n|t:|1781414691\n|move|p1a: Electrode|Substitute|p1a: Electrode\n|-start|p1a: Electrode|Substitute\n|-damage|p1a: Electrode|185/246\n|move|p2a: Scream Tail|Dazzling Gleam|p1a: Electrode\n|-end|p1a: Electrode|Substitute\n|\n|-heal|p1a: Electrode|200/246|[from] item: Leftovers\n|-heal|p2a: Scream Tail|208/330|[from] item: Leftovers\n|upkeep\n|turn|31\n|\n|t:|1781414697\n|move|p1a: Electrode|Leech Seed|p2a: Scream Tail\n|-start|p2a: Scream Tail|move: Leech Seed\n|move|p2a: Scream Tail|Dazzling Gleam|p1a: Electrode\n|-damage|p1a: Electrode|140/246\n|\n|-heal|p1a: Electrode|155/246|[from] item: Leftovers\n|-heal|p2a: Scream Tail|228/330|[from] item: Leftovers\n|-damage|p2a: Scream Tail|187/330|[from] Leech Seed|[of] p1a: Electrode\n|-heal|p1a: Electrode|196/246|[silent]\n|upkeep\n|turn|32\n|\n|t:|1781414704\n|move|p1a: Electrode|Thunderbolt|p2a: Scream Tail\n|-damage|p2a: Scream Tail|120/330\n|move|p2a: Scream Tail|Dazzling Gleam|p1a: Electrode\n|-damage|p1a: Electrode|132/246\n|\n|-heal|p1a: Electrode|147/246|[from] item: Leftovers\n|-heal|p2a: Scream Tail|140/330|[from] item: Leftovers\n|-damage|p2a: Scream Tail|99/330|[from] Leech Seed|[of] p1a: Electrode\n|-heal|p1a: Electrode|188/246|[silent]\n|upkeep\n|turn|33\n|-message|personanongrattata forfeited.\n|\n|win|monrayhudson\n", "inputlog": ">version a8376a258c1d4662feba110a92103f3664a72141\n>start {\"formatid\":\"gen9randombattle\",\"seed\":\"sodium,96030ccb6d5b5226737d713cc395c8fb\",\"rated\":\"Rated battle\"}\n>player p1 {\"name\":\"monrayhudson\",\"avatar\":\"blue\",\"rating\":1966,\"seed\":\"sodium,2e88c1978277b7a936b37d980eed62d2\"}\n>player p2 {\"name\":\"personanongrattata\",\"avatar\":\"youngster-gen4dp\",\"rating\":2076,\"seed\":\"sodium,ce1c7dbc6f034e72a342f4e7a949e43e\"}\n>p1 move gunkshot\n>p2 switch 5\n>p1 switch 3\n>p2 move earthquake\n>p1 move closecombat\n>p2 switch 4\n>p1 switch 5\n>p2 move uturn\n>p2 switch 3\n>p1 move thunderwave\n>p2 move nastyplot\n>p1 move dazzlinggleam\n>p2 move psyshock\n>p1 move wish\n>p2 move psyshock\n>p1 switch 3\n>p1 move closecombat\n>p2 move psyshock\n>p1 switch 5\n>p1 move facade\n>p2 switch 3\n>p2 switch 2\n>p1 move facade\n>p2 move hurricane\n>p1 move facade\n>p2 move hurricane\n>p2 switch 6\n>p1 move knockoff\n>p2 move dazzlinggleam\n>p1 switch 6\n>p1 move substitute\n>p2 move thunderwave\n>p1 move shadowball\n>p2 switch 3\n>p1 move terablast\n>p2 move psyshock\n>p1 move nastyplot\n>p2 move psyshock\n>p1 move nastyplot\n>p2 move psyshock\n>p1 move terablast\n>p2 move psyshock\n>p1 move terablast\n>p2 move psyshock\n>p1 move terablast\n>p2 move psyshock\n>p2 switch 5\n>p1 move shadowball\n>p2 move leafblade\n>p1 switch 4\n>p1 move psychic\n>p2 move uturn terastallize\n>p2 switch 3\n>p1 move shadowball\n>p2 move dazzlinggleam\n>p1 switch 2\n>p1 move substitute\n>p2 move protect\n>p1 move leechseed\n>p2 move dazzlinggleam\n>p1 move substitute\n>p2 switch 4\n>p1 move gigadrain\n>p2 move earthquake\n>p1 move gigadrain\n>p2 move earthquake\n>p2 switch 3\n>p1 move thunderbolt\n>p2 move roost\n>p2 switch 4\n>p1 move substitute\n>p2 move dazzlinggleam\n>p1 move leechseed\n>p2 move dazzlinggleam\n>p1 move thunderbolt\n>p2 move dazzlinggleam\n>forcelose p2", "uploadtime": 1781414418, "views": 5, "formatid": "gen9randombattle", "rating": null, "private": 0, "password": null}