{"id": "gen9randombattle-2631587838", "format": "[Gen 9] Random Battle", "players": ["Cesar A Bedoya", "KingWhacka"], "log": "|j|\u2606Cesar A Bedoya\n|j|\u2606KingWhacka\n|t:|1781405159\n|gametype|singles\n|player|p1|Cesar A Bedoya|shadowtriad|1931\n|player|p2|KingWhacka|byron|1949\n|gen|9\n|tier|[Gen 9] Random Battle\n|rated|\n|rule|Species Clause: Limit one of each Pok\u00e9mon\n|rule|HP Percentage Mod: HP is shown in percentages\n|rule|Sleep Clause Mod: Limit one foe put to sleep\n|rule|Illusion Level Mod: Illusion disguises the Pok\u00e9mon's true level\n|\n|t:|1781405159\n|teamsize|p1|6\n|teamsize|p2|6\n|start\n|switch|p1a: Lurantis|Lurantis, L87, M|264/264\n|switch|p2a: Swanna|Swanna, L89, M|278/278\n|turn|1\n|inactive|Battle timer is ON: inactive players will automatically lose when time's up. (requested by KingWhacka)\n|\n|t:|1781405172\n|switch|p1a: Pachirisu|Pachirisu, L96, M|271/271\n|move|p2a: Swanna|Brave Bird|p1a: Pachirisu\n|-resisted|p1a: Pachirisu\n|-damage|p1a: Pachirisu|209/271\n|-damage|p2a: Swanna|258/278|[from] Recoil\n|\n|upkeep\n|turn|2\n|\n|t:|1781405188\n|switch|p2a: Duraludon|Duraludon, L82, M|249/249\n|move|p1a: Pachirisu|Nuzzle|p2a: Duraludon\n|-resisted|p2a: Duraludon\n|-damage|p2a: Duraludon|244/249\n|-status|p2a: Duraludon|par\n|\n|upkeep\n|turn|3\n|\n|t:|1781405197\n|move|p1a: Pachirisu|Super Fang|p2a: Duraludon\n|-damage|p2a: Duraludon|122/249 par\n|move|p2a: Duraludon|Draco Meteor|p1a: Pachirisu\n|-damage|p1a: Pachirisu|121/271\n|-unboost|p2a: Duraludon|spa|2\n|\n|upkeep\n|turn|4\n|\n|t:|1781405201\n|move|p1a: Pachirisu|Super Fang|p2a: Duraludon|[miss]\n|-miss|p1a: Pachirisu|p2a: Duraludon\n|move|p2a: Duraludon|Body Press|p1a: Pachirisu\n|-damage|p1a: Pachirisu|61/271\n|\n|upkeep\n|turn|5\n|\n|t:|1781405208\n|move|p1a: Pachirisu|Thunderbolt|p2a: Duraludon\n|-resisted|p2a: Duraludon\n|-damage|p2a: Duraludon|82/249 par\n|cant|p2a: Duraludon|par\n|\n|upkeep\n|turn|6\n|\n|t:|1781405219\n|move|p1a: Pachirisu|Thunderbolt|p2a: Duraludon\n|-resisted|p2a: Duraludon\n|-damage|p2a: Duraludon|43/249 par\n|move|p2a: Duraludon|Body Press|p1a: Pachirisu\n|-damage|p1a: Pachirisu|0 fnt\n|faint|p1a: Pachirisu\n|\n|upkeep\n|\n|t:|1781405230\n|switch|p1a: Lurantis|Lurantis, L87, M|264/264\n|turn|7\n|\n|t:|1781405233\n|move|p1a: Lurantis|Superpower|p2a: Duraludon\n|-supereffective|p2a: Duraludon\n|-damage|p2a: Duraludon|0 fnt\n|-boost|p1a: Lurantis|atk|1\n|-boost|p1a: Lurantis|def|1\n|faint|p2a: Duraludon\n|\n|upkeep\n|\n|t:|1781405237\n|switch|p2a: Swanna|Swanna, L89, M|258/278\n|turn|8\n|\n|t:|1781405243\n|-terastallize|p1a: Lurantis|Water\n|move|p2a: Swanna|Brave Bird|p1a: Lurantis\n|-damage|p1a: Lurantis|179/264\n|-damage|p2a: Swanna|230/278|[from] Recoil\n|move|p1a: Lurantis|Superpower|p2a: Swanna\n|-resisted|p2a: Swanna\n|-damage|p2a: Swanna|150/278\n|-boost|p1a: Lurantis|atk|1\n|-boost|p1a: Lurantis|def|1\n|\n|upkeep\n|turn|9\n|\n|t:|1781405254\n|move|p2a: Swanna|Brave Bird|p1a: Lurantis\n|-damage|p1a: Lurantis|121/264\n|-damage|p2a: Swanna|131/278|[from] Recoil\n|move|p1a: Lurantis|Superpower|p2a: Swanna\n|-resisted|p2a: Swanna\n|-damage|p2a: Swanna|8/278\n|-boost|p1a: Lurantis|atk|1\n|-boost|p1a: Lurantis|def|1\n|\n|upkeep\n|turn|10\n|\n|t:|1781405268\n|move|p2a: Swanna|Brave Bird|p1a: Lurantis\n|-damage|p1a: Lurantis|66/264\n|-damage|p2a: Swanna|0 fnt|[from] Recoil\n|faint|p2a: Swanna\n|move|p1a: Lurantis|Superpower|p2: Swanna|[notarget]\n|-fail|p1a: Lurantis\n|\n|upkeep\n|\n|t:|1781405274\n|switch|p2a: Thundurus|Thundurus, L80, M|258/258\n|turn|11\n|\n|t:|1781405280\n|move|p2a: Thundurus|Thunderbolt|p1a: Lurantis\n|-supereffective|p1a: Lurantis\n|-damage|p1a: Lurantis|0 fnt\n|faint|p1a: Lurantis\n|\n|upkeep\n|\n|t:|1781405285\n|switch|p1a: Cetitan|Cetitan, L82, M|412/412\n|turn|12\n|\n|t:|1781405290\n|move|p2a: Thundurus|U-turn|p1a: Cetitan\n|-damage|p1a: Cetitan|345/412\n|\n|t:|1781405292\n|switch|p2a: Alomomola|Alomomola, L87, M|429/429|[from] U-turn\n|move|p1a: Cetitan|Belly Drum|p1a: Cetitan\n|-damage|p1a: Cetitan|139/412\n|-setboost|p1a: Cetitan|atk|6|[from] move: Belly Drum\n|-enditem|p1a: Cetitan|Sitrus Berry|[eat]\n|-heal|p1a: Cetitan|242/412|[from] item: Sitrus Berry\n|\n|upkeep\n|turn|13\n|\n|t:|1781405310\n|move|p1a: Cetitan|Earthquake|p2a: Alomomola\n|-damage|p2a: Alomomola|118/429\n|move|p2a: Alomomola|Flip Turn|p1a: Cetitan\n|-damage|p1a: Cetitan|164/412\n|\n|t:|1781405317\n|switch|p2a: Typhlosion|Typhlosion-Hisui, L83, F|257/257|[from] Flip Turn\n|\n|upkeep\n|turn|14\n|\n|t:|1781405327\n|move|p1a: Cetitan|Ice Shard|p2a: Typhlosion\n|-resisted|p2a: Typhlosion\n|-damage|p2a: Typhlosion|158/257\n|move|p2a: Typhlosion|Eruption|p1a: Cetitan\n|-supereffective|p1a: Cetitan\n|-damage|p1a: Cetitan|14/412\n|\n|upkeep\n|turn|15\n|\n|t:|1781405331\n|move|p1a: Cetitan|Ice Shard|p2a: Typhlosion\n|-resisted|p2a: Typhlosion\n|-damage|p2a: Typhlosion|57/257\n|move|p2a: Typhlosion|Eruption|p1a: Cetitan\n|-supereffective|p1a: Cetitan\n|-damage|p1a: Cetitan|0 fnt\n|faint|p1a: Cetitan\n|\n|upkeep\n|\n|t:|1781405341\n|switch|p1a: Arceus|Arceus, L68|276/276\n|turn|16\n|\n|t:|1781405352\n|switch|p2a: Spiritomb|Spiritomb, L89, M|234/234\n|move|p1a: Arceus|Swords Dance|p1a: Arceus\n|-boost|p1a: Arceus|atk|2\n|\n|upkeep\n|turn|17\n|\n|t:|1781405357\n|switch|p1a: Archaludon|Archaludon, L78, F|268/268\n|move|p2a: Spiritomb|Foul Play|p1a: Archaludon\n|-damage|p1a: Archaludon|187/268\n|-ability|p1a: Archaludon|Stamina|boost\n|-boost|p1a: Archaludon|def|1\n|\n|upkeep\n|turn|18\n|\n|t:|1781405369\n|move|p1a: Archaludon|Swords Dance|p1a: Archaludon\n|-boost|p1a: Archaludon|atk|2\n|move|p2a: Spiritomb|Poltergeist|p1a: Archaludon\n|-activate|p1a: Archaludon|move: Poltergeist|Lum Berry\n|-damage|p1a: Archaludon|124/268\n|-ability|p1a: Archaludon|Stamina|boost\n|-boost|p1a: Archaludon|def|1\n|\n|upkeep\n|turn|19\n|\n|t:|1781405373\n|move|p1a: Archaludon|Iron Head|p2a: Spiritomb\n|-damage|p2a: Spiritomb|107/234\n|move|p2a: Spiritomb|Foul Play|p1a: Archaludon\n|-damage|p1a: Archaludon|39/268\n|-ability|p1a: Archaludon|Stamina|boost\n|-boost|p1a: Archaludon|def|1\n|\n|-heal|p2a: Spiritomb|121/234|[from] item: Leftovers\n|upkeep\n|turn|20\n|\n|t:|1781405386\n|move|p2a: Spiritomb|Sucker Punch|p1a: Archaludon\n|-damage|p1a: Archaludon|14/268\n|-ability|p1a: Archaludon|Stamina|boost\n|-boost|p1a: Archaludon|def|1\n|move|p1a: Archaludon|Outrage|p2a: Spiritomb\n|-damage|p2a: Spiritomb|0 fnt\n|faint|p2a: Spiritomb\n|\n|upkeep\n|\n|t:|1781405401\n|switch|p2a: Typhlosion|Typhlosion-Hisui, L83, F|57/257\n|turn|21\n|\n|t:|1781405412\n|move|p2a: Typhlosion|Eruption|p1a: Archaludon\n|-damage|p1a: Archaludon|0 fnt\n|faint|p1a: Archaludon\n|\n|upkeep\n|\n|t:|1781405431\n|switch|p1a: Charizard|Charizard, L85, F|271/271\n|turn|22\n|\n|t:|1781405438\n|switch|p2a: Thundurus|Thundurus, L80, M|258/258\n|move|p1a: Charizard|Hurricane|p2a: Thundurus\n|-resisted|p2a: Thundurus\n|-damage|p2a: Thundurus|177/258\n|\n|upkeep\n|turn|23\n|\n|t:|1781405445\n|move|p2a: Thundurus|Thunderbolt|p1a: Charizard\n|-supereffective|p1a: Charizard\n|-damage|p1a: Charizard|55/271\n|move|p1a: Charizard|Flamethrower|p2a: Thundurus\n|-damage|p2a: Thundurus|0 fnt\n|faint|p2a: Thundurus\n|\n|upkeep\n|\n|t:|1781405452\n|switch|p2a: Alomomola|Alomomola, L87, M|261/429\n|turn|24\n|\n|t:|1781405478\n|move|p1a: Charizard|Hurricane|p2a: Alomomola\n|-damage|p2a: Alomomola|71/429\n|move|p2a: Alomomola|Wish|p2a: Alomomola\n|\n|upkeep\n|turn|25\n|\n|t:|1781405494\n|move|p2a: Alomomola|Protect|p2a: Alomomola\n|-singleturn|p2a: Alomomola|Protect\n|move|p1a: Charizard|Earthquake|p2a: Alomomola\n|-activate|p2a: Alomomola|move: Protect\n|\n|-heal|p2a: Alomomola|285/429|[from] move: Wish|[wisher] Alomomola\n|upkeep\n|turn|26\n|\n|t:|1781405498\n|move|p1a: Charizard|Hurricane|p2a: Alomomola|[miss]\n|-miss|p1a: Charizard|p2a: Alomomola\n|move|p2a: Alomomola|Wish|p2a: Alomomola\n|\n|upkeep\n|turn|27\n|\n|t:|1781405500\n|move|p1a: Charizard|Hurricane|p2a: Alomomola\n|-damage|p2a: Alomomola|80/429\n|-start|p2a: Alomomola|confusion\n|-activate|p2a: Alomomola|confusion\n|move|p2a: Alomomola|Flip Turn|p1a: Charizard\n|-supereffective|p1a: Charizard\n|-damage|p1a: Charizard|0 fnt\n|faint|p1a: Charizard\n|\n|t:|1781405507\n|switch|p2a: Typhlosion|Typhlosion-Hisui, L83, F|57/257|[from] Flip Turn\n|\n|-heal|p2a: Typhlosion|257/257|[from] move: Wish|[wisher] Alomomola\n|upkeep\n|\n|t:|1781405513\n|switch|p1a: Arceus|Arceus, L68|276/276\n|turn|28\n|\n|t:|1781405519\n|move|p2a: Typhlosion|Eruption|p1a: Arceus\n|-damage|p1a: Arceus|108/276\n|move|p1a: Arceus|Earthquake|p2a: Typhlosion\n|-supereffective|p2a: Typhlosion\n|-damage|p2a: Typhlosion|98/257\n|-damage|p1a: Arceus|81/276|[from] item: Life Orb\n|\n|upkeep\n|turn|29\n|\n|t:|1781405529\n|-terastallize|p2a: Typhlosion|Fire\n|move|p2a: Typhlosion|Eruption|p1a: Arceus\n|-damage|p1a: Arceus|0 fnt\n|faint|p1a: Arceus\n|\n|win|KingWhacka\n", "inputlog": ">version a8376a258c1d4662feba110a92103f3664a72141\n>start {\"formatid\":\"gen9randombattle\",\"seed\":\"sodium,7e21dd1188b4d1c1a9e9eca7fa52369f\",\"rated\":\"Rated battle\"}\n>player p1 {\"name\":\"Cesar A Bedoya\",\"avatar\":\"shadowtriad\",\"rating\":1931,\"seed\":\"sodium,ab0f07ad9188484ee4f9f4546c650c5c\"}\n>player p2 {\"name\":\"KingWhacka\",\"avatar\":\"byron\",\"rating\":1949,\"seed\":\"sodium,9e5b7e7e428ae2afc48d7aed5a3f784a\"}\n>p1 switch 4\n>p2 move bravebird\n>p1 move nuzzle\n>p2 switch 4\n>p1 move superfang\n>p2 move dracometeor\n>p1 move superfang\n>p2 move bodypress\n>p1 move thunderbolt\n>p2 move bodypress\n>p1 move thunderbolt\n>p2 move bodypress\n>p1 switch 4\n>p1 move superpower\n>p2 move bodypress\n>p2 switch 4\n>p1 move superpower terastallize\n>p2 move bravebird\n>p1 move superpower\n>p2 move bravebird\n>p1 move superpower\n>p2 move bravebird\n>p2 switch 5\n>p1 move superpower\n>p2 move thunderbolt\n>p1 switch 6\n>p1 move bellydrum\n>p2 move uturn\n>p2 switch 2\n>p1 move earthquake\n>p2 move flipturn\n>p2 switch 6\n>p1 move iceshard\n>p2 move eruption\n>p1 move iceshard\n>p2 move eruption\n>p1 switch 5\n>p1 move swordsdance\n>p2 switch 3\n>p1 switch 2\n>p2 move foulplay\n>p1 move swordsdance\n>p2 move poltergeist\n>p1 move ironhead\n>p2 move foulplay\n>p1 move outrage\n>p2 move suckerpunch\n>p2 switch 3\n>p1 move outrage\n>p2 move eruption\n>p1 switch 3\n>p1 move hurricane\n>p2 switch 2\n>p1 move flamethrower\n>p2 move thunderbolt\n>p2 switch 6\n>p1 move hurricane\n>p2 move wish\n>p1 move earthquake\n>p2 move protect\n>p1 move hurricane\n>p2 move wish\n>p1 move hurricane\n>p2 move flipturn\n>p2 switch 2\n>p1 switch 2\n>p1 move earthquake\n>p2 move eruption\n>p1 move earthquake\n>p2 move eruption terastallize", "uploadtime": 1781405160, "views": 5, "formatid": "gen9randombattle", "rating": null, "private": 0, "password": null}