{"id": "gen9randombattle-2631918933", "format": "[Gen 9] Random Battle", "players": ["2001win", "Wigglystuff"], "log": "|j|\u26062001win\n|j|\u2606Wigglystuff\n|t:|1781455583\n|gametype|singles\n|player|p1|2001win|2|2036\n|player|p2|Wigglystuff|265|2058\n|gen|9\n|tier|[Gen 9] Random Battle\n|rated|\n|rule|Species Clause: Limit one of each Pok\u00e9mon\n|rule|HP Percentage Mod: HP is shown in percentages\n|rule|Sleep Clause Mod: Limit one foe put to sleep\n|rule|Illusion Level Mod: Illusion disguises the Pok\u00e9mon's true level\n|\n|t:|1781455583\n|teamsize|p1|6\n|teamsize|p2|6\n|start\n|switch|p1a: Iron Crown|Iron Crown, L78|268/268\n|switch|p2a: Bruxish|Bruxish, L85, M|254/254\n|turn|1\n|\n|t:|1781455596\n|switch|p2a: Gastrodon|Gastrodon, L86, M|331/331\n|-end|p1a: Iron Crown|Quark Drive|[silent]\n|switch|p1a: Mightyena|Mightyena, L96, M|290/290\n|-ability|p1a: Mightyena|Intimidate|boost\n|-unboost|p2a: Gastrodon|atk|1\n|\n|upkeep\n|turn|2\n|\n|t:|1781455609\n|switch|p1a: Vespiquen|Vespiquen, L99, F|299/299\n|-ability|p1a: Vespiquen|Pressure\n|move|p2a: Gastrodon|Recover||[still]\n|-fail|p2a: Gastrodon|heal\n|\n|upkeep\n|turn|3\n|\n|t:|1781455616\n|move|p1a: Vespiquen|Toxic Spikes|p2a: Gastrodon\n|-sidestart|p2: Wigglystuff|move: Toxic Spikes\n|move|p2a: Gastrodon|Ice Beam|p1a: Vespiquen\n|-supereffective|p1a: Vespiquen\n|-damage|p1a: Vespiquen|197/299\n|\n|upkeep\n|turn|4\n|\n|t:|1781455623\n|move|p1a: Vespiquen|Toxic Spikes|p2a: Gastrodon\n|-sidestart|p2: Wigglystuff|move: Toxic Spikes\n|move|p2a: Gastrodon|Ice Beam|p1a: Vespiquen\n|-supereffective|p1a: Vespiquen\n|-damage|p1a: Vespiquen|101/299\n|\n|upkeep\n|turn|5\n|\n|t:|1781455629\n|move|p1a: Vespiquen|Roost|p1a: Vespiquen\n|-heal|p1a: Vespiquen|251/299\n|-singleturn|p1a: Vespiquen|move: Roost\n|move|p2a: Gastrodon|Ice Beam|p1a: Vespiquen\n|-damage|p1a: Vespiquen|199/299\n|-status|p1a: Vespiquen|frz\n|\n|upkeep\n|turn|6\n|\n|t:|1781455644\n|switch|p2a: Solgaleo|Solgaleo, L74|325/325\n|cant|p1a: Vespiquen|frz\n|\n|upkeep\n|turn|7\n|\n|t:|1781455658\n|switch|p1a: Mightyena|Mightyena, L96, M|290/290\n|-ability|p1a: Mightyena|Intimidate|boost\n|-fail|p2a: Solgaleo|unboost|[from] ability: Full Metal Body|[of] p2a: Solgaleo\n|move|p2a: Solgaleo|Teleport|p2a: Solgaleo\n|c|\u26062001win|teleport wtf\n|\n|t:|1781455676\n|switch|p2a: Great Tusk|Great Tusk, L77|304/304|[from] Teleport\n|-status|p2a: Great Tusk|tox\n|-enditem|p2a: Great Tusk|Booster Energy\n|-activate|p2a: Great Tusk|ability: Protosynthesis|[fromitem]\n|-start|p2a: Great Tusk|protosynthesisatk\n|\n|-damage|p2a: Great Tusk|285/304 tox|[from] psn\n|upkeep\n|turn|8\n|c|\u26062001win|=))\n|\n|t:|1781455689\n|switch|p1a: Vespiquen|Vespiquen, L99, F|199/299 frz\n|-ability|p1a: Vespiquen|Pressure\n|move|p2a: Great Tusk|Bulk Up|p2a: Great Tusk\n|-boost|p2a: Great Tusk|atk|1\n|-boost|p2a: Great Tusk|def|1\n|\n|-damage|p2a: Great Tusk|247/304 tox|[from] psn\n|upkeep\n|turn|9\n|\n|t:|1781455693\n|move|p2a: Great Tusk|Stone Edge|p1a: Vespiquen\n|-supereffective|p1a: Vespiquen\n|-damage|p1a: Vespiquen|0 fnt\n|faint|p1a: Vespiquen\n|\n|-damage|p2a: Great Tusk|190/304 tox|[from] psn\n|upkeep\n|\n|t:|1781455710\n|switch|p1a: Mesprit|Mesprit, L85|275/275\n|turn|10\n|\n|t:|1781455714\n|move|p1a: Mesprit|Psychic|p2a: Great Tusk\n|-supereffective|p2a: Great Tusk\n|-damage|p2a: Great Tusk|0 fnt\n|faint|p2a: Great Tusk\n|-end|p2a: Great Tusk|Protosynthesis|[silent]\n|\n|upkeep\n|\n|t:|1781455720\n|switch|p2a: Solgaleo|Solgaleo, L74|325/325\n|turn|11\n|\n|t:|1781455728\n|switch|p1a: Mightyena|Mightyena, L96, M|290/290\n|-ability|p1a: Mightyena|Intimidate|boost\n|-fail|p2a: Solgaleo|unboost|[from] ability: Full Metal Body|[of] p2a: Solgaleo\n|move|p2a: Solgaleo|Sunsteel Strike|p1a: Mightyena\n|-damage|p1a: Mightyena|175/290\n|\n|upkeep\n|turn|12\n|\n|t:|1781455739\n|move|p1a: Mightyena|Crunch|p2a: Solgaleo\n|-supereffective|p2a: Solgaleo\n|-crit|p2a: Solgaleo\n|-damage|p2a: Solgaleo|29/325\n|move|p2a: Solgaleo|Teleport|p2a: Solgaleo\n|\n|t:|1781455747\n|switch|p2a: Bruxish|Bruxish, L85, M|254/254|[from] Teleport\n|-status|p2a: Bruxish|tox\n|\n|-damage|p2a: Bruxish|239/254 tox|[from] psn\n|upkeep\n|turn|13\n|\n|t:|1781455770\n|switch|p1a: Dewgong|Dewgong, L94, F|322/322\n|move|p2a: Bruxish|Wave Crash|p1a: Dewgong\n|-resisted|p1a: Dewgong\n|-crit|p1a: Dewgong\n|-damage|p1a: Dewgong|201/322\n|-damage|p2a: Bruxish|199/254 tox|[from] Recoil\n|-damage|p2a: Bruxish|174/254 tox|[from] item: Life Orb\n|\n|-damage|p2a: Bruxish|144/254 tox|[from] psn\n|upkeep\n|turn|14\n|\n|t:|1781455783\n|switch|p2a: Solgaleo|Solgaleo, L74|29/325\n|move|p1a: Dewgong|Knock Off|p2a: Solgaleo\n|-supereffective|p2a: Solgaleo\n|-damage|p2a: Solgaleo|0 fnt\n|-enditem|p2a: Solgaleo|Leftovers|[from] move: Knock Off|[of] p1a: Dewgong\n|faint|p2a: Solgaleo\n|\n|upkeep\n|\n|t:|1781455791\n|switch|p2a: Frosmoth|Frosmoth, L82, M|249/249\n|turn|15\n|\n|t:|1781455808\n|switch|p1a: Iron Crown|Iron Crown, L78|268/268\n|move|p2a: Frosmoth|Quiver Dance|p2a: Frosmoth\n|-boost|p2a: Frosmoth|spa|1\n|-boost|p2a: Frosmoth|spd|1\n|-boost|p2a: Frosmoth|spe|1\n|\n|upkeep\n|turn|16\n|\n|t:|1781455820\n|-terastallize|p2a: Frosmoth|Water\n|move|p2a: Frosmoth|Quiver Dance|p2a: Frosmoth\n|-boost|p2a: Frosmoth|spa|1\n|-boost|p2a: Frosmoth|spd|1\n|-boost|p2a: Frosmoth|spe|1\n|move|p1a: Iron Crown|Tachyon Cutter|p2a: Frosmoth\n|-resisted|p2a: Frosmoth\n|-damage|p2a: Frosmoth|242/249\n|-resisted|p2a: Frosmoth\n|-damage|p2a: Frosmoth|236/249\n|-hitcount|p2a: Frosmoth|2\n|\n|upkeep\n|turn|17\n|\n|t:|1781455835\n|move|p2a: Frosmoth|Quiver Dance|p2a: Frosmoth\n|-boost|p2a: Frosmoth|spa|1\n|-boost|p2a: Frosmoth|spd|1\n|-boost|p2a: Frosmoth|spe|1\n|move|p1a: Iron Crown|Calm Mind|p1a: Iron Crown\n|-boost|p1a: Iron Crown|spa|1\n|-boost|p1a: Iron Crown|spd|1\n|\n|upkeep\n|turn|18\n|\n|t:|1781455844\n|-terastallize|p1a: Iron Crown|Steel\n|move|p2a: Frosmoth|Bug Buzz|p1a: Iron Crown\n|-resisted|p1a: Iron Crown\n|-damage|p1a: Iron Crown|180/268\n|move|p1a: Iron Crown|Calm Mind|p1a: Iron Crown\n|-boost|p1a: Iron Crown|spa|1\n|-boost|p1a: Iron Crown|spd|1\n|\n|-heal|p1a: Iron Crown|196/268|[from] item: Leftovers\n|upkeep\n|turn|19\n|\n|t:|1781455852\n|move|p2a: Frosmoth|Ice Beam|p1a: Iron Crown\n|-resisted|p1a: Iron Crown\n|-damage|p1a: Iron Crown|130/268\n|move|p1a: Iron Crown|Calm Mind|p1a: Iron Crown\n|-boost|p1a: Iron Crown|spa|1\n|-boost|p1a: Iron Crown|spd|1\n|\n|-heal|p1a: Iron Crown|146/268|[from] item: Leftovers\n|upkeep\n|turn|20\n|\n|t:|1781455858\n|move|p2a: Frosmoth|Ice Beam|p1a: Iron Crown\n|-resisted|p1a: Iron Crown\n|-damage|p1a: Iron Crown|95/268\n|-status|p1a: Iron Crown|frz\n|cant|p1a: Iron Crown|frz\n|\n|-heal|p1a: Iron Crown|111/268 frz|[from] item: Leftovers\n|upkeep\n|turn|21\n|c|\u26062001win|???????\n|c|\u26062001win|wtfbro\n|\n|t:|1781455873\n|move|p2a: Frosmoth|Ice Beam|p1a: Iron Crown\n|-resisted|p1a: Iron Crown\n|-damage|p1a: Iron Crown|62/268 frz\n|cant|p1a: Iron Crown|frz\n|\n|-heal|p1a: Iron Crown|78/268 frz|[from] item: Leftovers\n|upkeep\n|turn|22\n|\n|t:|1781455879\n|move|p2a: Frosmoth|Ice Beam|p1a: Iron Crown\n|-resisted|p1a: Iron Crown\n|-damage|p1a: Iron Crown|23/268 frz\n|cant|p1a: Iron Crown|frz\n|\n|-heal|p1a: Iron Crown|39/268 frz|[from] item: Leftovers\n|upkeep\n|turn|23\n|\n|t:|1781455885\n|move|p2a: Frosmoth|Ice Beam|p1a: Iron Crown\n|-resisted|p1a: Iron Crown\n|-damage|p1a: Iron Crown|0 fnt\n|faint|p1a: Iron Crown\n|-end|p1a: Iron Crown|Quark Drive|[silent]\n|\n|upkeep\n|c|\u26062001win|lol\n|\n|t:|1781455901\n|switch|p1a: Dewgong|Dewgong, L94, F|201/322\n|turn|24\n|\n|t:|1781455910\n|move|p2a: Frosmoth|Bug Buzz|p1a: Dewgong\n|-damage|p1a: Dewgong|0 fnt\n|faint|p1a: Dewgong\n|\n|upkeep\n|\n|t:|1781455920\n|switch|p1a: Whiscash|Whiscash, L88, F|337/337\n|turn|25\n|\n|t:|1781455925\n|move|p2a: Frosmoth|Ice Beam|p1a: Whiscash\n|-damage|p1a: Whiscash|45/337\n|move|p1a: Whiscash|Earthquake|p2a: Frosmoth\n|-damage|p2a: Frosmoth|75/249\n|-damage|p1a: Whiscash|12/337|[from] item: Life Orb\n|\n|upkeep\n|turn|26\n|\n|t:|1781455932\n|move|p2a: Frosmoth|Ice Beam|p1a: Whiscash\n|-damage|p1a: Whiscash|0 fnt\n|faint|p1a: Whiscash\n|\n|upkeep\n|\n|t:|1781455934\n|switch|p1a: Mightyena|Mightyena, L96, M|175/290\n|-ability|p1a: Mightyena|Intimidate|boost\n|-unboost|p2a: Frosmoth|atk|1\n|turn|27\n|\n|t:|1781455946\n|move|p1a: Mightyena|Sucker Punch|p2a: Frosmoth\n|-damage|p2a: Frosmoth|0 fnt\n|faint|p2a: Frosmoth\n|\n|upkeep\n|\n|t:|1781455953\n|switch|p2a: Gastrodon|Gastrodon, L86, M|331/331\n|-status|p2a: Gastrodon|tox\n|turn|28\n|\n|t:|1781455959\n|switch|p1a: Mesprit|Mesprit, L85|275/275\n|move|p2a: Gastrodon|Ice Beam|p1a: Mesprit\n|-damage|p1a: Mesprit|222/275\n|\n|-damage|p2a: Gastrodon|311/331 tox|[from] psn\n|upkeep\n|turn|29\n|\n|t:|1781455968\n|switch|p2a: Bruxish|Bruxish, L85, M|144/254 tox\n|move|p1a: Mesprit|Shadow Ball|p2a: Bruxish\n|-supereffective|p2a: Bruxish\n|-damage|p2a: Bruxish|0 fnt\n|faint|p2a: Bruxish\n|\n|upkeep\n|\n|t:|1781455981\n|switch|p2a: Baxcalibur|Baxcalibur, L75, F|295/295\n|-status|p2a: Baxcalibur|tox\n|turn|30\n|\n|t:|1781455987\n|switch|p1a: Mightyena|Mightyena, L96, M|175/290\n|-ability|p1a: Mightyena|Intimidate|boost\n|-unboost|p2a: Baxcalibur|atk|1\n|move|p2a: Baxcalibur|Glaive Rush|p1a: Mightyena\n|-crit|p1a: Mightyena\n|-damage|p1a: Mightyena|0 fnt\n|-singlemove|p2a: Baxcalibur|Glaive Rush|[silent]\n|faint|p1a: Mightyena\n|\n|-damage|p2a: Baxcalibur|277/295 tox|[from] psn\n|upkeep\n|\n|t:|1781455991\n|switch|p1a: Mesprit|Mesprit, L85|222/275\n|turn|31\n|\n|t:|1781455994\n|switch|p2a: Gastrodon|Gastrodon, L86, M|311/331 tox\n|move|p1a: Mesprit|Dazzling Gleam|p2a: Gastrodon\n|-damage|p2a: Gastrodon|246/331 tox\n|\n|-heal|p2a: Gastrodon|266/331 tox|[from] item: Leftovers\n|-damage|p2a: Gastrodon|246/331 tox|[from] psn\n|upkeep\n|turn|32\n|\n|t:|1781456001\n|move|p1a: Mesprit|Dazzling Gleam|p2a: Gastrodon\n|-damage|p2a: Gastrodon|181/331 tox\n|move|p2a: Gastrodon|Ice Beam|p1a: Mesprit\n|-damage|p1a: Mesprit|165/275\n|\n|-heal|p2a: Gastrodon|201/331 tox|[from] item: Leftovers\n|-damage|p2a: Gastrodon|161/331 tox|[from] psn\n|upkeep\n|turn|33\n|\n|t:|1781456009\n|move|p1a: Mesprit|Dazzling Gleam|p2a: Gastrodon\n|-damage|p2a: Gastrodon|94/331 tox\n|move|p2a: Gastrodon|Ice Beam|p1a: Mesprit\n|-damage|p1a: Mesprit|106/275\n|\n|-heal|p2a: Gastrodon|114/331 tox|[from] item: Leftovers\n|-damage|p2a: Gastrodon|54/331 tox|[from] psn\n|upkeep\n|turn|34\n|\n|t:|1781456015\n|move|p1a: Mesprit|Dazzling Gleam|p2a: Gastrodon\n|-damage|p2a: Gastrodon|0 fnt\n|faint|p2a: Gastrodon\n|\n|upkeep\n|\n|t:|1781456019\n|switch|p2a: Baxcalibur|Baxcalibur, L75, F|277/295 tox\n|turn|35\n|\n|t:|1781456023\n|move|p1a: Mesprit|Dazzling Gleam|p2a: Baxcalibur\n|-supereffective|p2a: Baxcalibur\n|-damage|p2a: Baxcalibur|139/295 tox\n|move|p2a: Baxcalibur|Glaive Rush|p1a: Mesprit\n|-damage|p1a: Mesprit|0 fnt\n|-singlemove|p2a: Baxcalibur|Glaive Rush|[silent]\n|faint|p1a: Mesprit\n|\n|win|Wigglystuff\n|raw|2001win's rating: 2036 &rarr; <strong>2017</strong><br />(-19 for losing)\n|raw|Wigglystuff's rating: 2058 &rarr; <strong>2077</strong><br />(+19 for winning)\n", "inputlog": ">version a8376a258c1d4662feba110a92103f3664a72141\n>start {\"formatid\":\"gen9randombattle\",\"seed\":\"sodium,35174cfc9f49dba89bb08139997da1bf\",\"rated\":\"Rated battle\"}\n>player p1 {\"name\":\"2001win\",\"avatar\":\"2\",\"rating\":2036,\"seed\":\"sodium,9e0e7b9abf9cccf9cdae301541442cfb\"}\n>player p2 {\"name\":\"Wigglystuff\",\"avatar\":\"265\",\"rating\":2058,\"seed\":\"sodium,6aa2bca3a7257b743a0b4d055089e429\"}\n>p1 switch 3\n>p2 switch 5\n>p1 switch 6\n>p2 move recover\n>p1 move toxicspikes\n>p2 move icebeam\n>p1 move toxicspikes\n>p2 move icebeam\n>p1 move roost\n>p2 move icebeam\n>p1 move roost\n>p2 switch 4\n>p1 switch 6\n>p2 move teleport\n>chat \u26062001win|teleport wtf\n>p2 switch 2\n>chat \u26062001win|=))\n>p1 switch 6\n>p2 move bulkup\n>p1 move hurricane\n>p2 move stoneedge\n>p1 switch 2\n>p1 move psychic\n>p2 move stoneedge\n>p2 switch 2\n>p1 switch 6\n>p2 move sunsteelstrike\n>p1 move crunch\n>p2 move teleport\n>p2 switch 5\n>p1 switch 4\n>p2 move wavecrash\n>p1 move knockoff\n>p2 switch 5\n>p2 switch 3\n>p1 switch 3\n>p2 move quiverdance\n>p1 move tachyoncutter\n>p2 move quiverdance terastallize\n>p1 move calmmind\n>p2 move quiverdance\n>p1 move calmmind terastallize\n>p2 move bugbuzz\n>p1 move calmmind\n>p2 move icebeam\n>p1 move psyshock\n>p2 move icebeam\n>chat \u26062001win|???????\n>chat \u26062001win|wtfbro\n>p1 move psyshock\n>p2 move icebeam\n>p1 move psyshock\n>p2 move icebeam\n>p1 move psyshock\n>p2 move icebeam\n>chat \u26062001win|lol\n>p1 switch 3\n>p1 move knockoff\n>p2 move bugbuzz\n>p1 switch 5\n>p1 move earthquake\n>p2 move icebeam\n>p1 move earthquake\n>p2 move icebeam\n>p1 switch 4\n>p1 move suckerpunch\n>p2 move bugbuzz\n>p2 switch 4\n>p1 switch 6\n>p2 move icebeam\n>p1 move shadowball\n>p2 switch 5\n>p2 switch 6\n>p1 switch 6\n>p2 move glaiverush\n>p1 switch 6\n>p1 move dazzlinggleam\n>p2 switch 5\n>p1 move dazzlinggleam\n>p2 move icebeam\n>p1 move dazzlinggleam\n>p2 move icebeam\n>p1 move dazzlinggleam\n>p2 move icebeam\n>p2 switch 5\n>p1 move dazzlinggleam\n>p2 move glaiverush", "uploadtime": 1781455585, "views": 5, "formatid": "gen9randombattle", "rating": 2017, "private": 0, "password": null}