{"id": "gen9randombattle-2631374220", "format": "[Gen 9] Random Battle", "players": ["GrandeEqua", "soap_trusted_you"], "log": "|j|\u2606GrandeEqua\n|j|\u2606soap_trusted_you\n|t:|1781377110\n|gametype|singles\n|player|p1|GrandeEqua|nobunaga-conquest|1917\n|player|p2|soap_trusted_you|worker|1918\n|gen|9\n|tier|[Gen 9] Random Battle\n|rated|\n|rule|Species Clause: Limit one of each Pok\u00e9mon\n|rule|HP Percentage Mod: HP is shown in percentages\n|rule|Sleep Clause Mod: Limit one foe put to sleep\n|rule|Illusion Level Mod: Illusion disguises the Pok\u00e9mon's true level\n|\n|t:|1781377110\n|teamsize|p1|6\n|teamsize|p2|6\n|start\n|switch|p1a: Typhlosion|Typhlosion, L84, M|267/267\n|switch|p2a: Kyogre|Kyogre, L71|259/259\n|-weather|RainDance|[from] ability: Drizzle|[of] p2a: Kyogre\n|turn|1\n|inactive|Battle timer is ON: inactive players will automatically lose when time's up. (requested by soap_trusted_you)\n|\n|t:|1781377131\n|switch|p1a: Glalie|Glalie, L96, M|309/309\n|move|p2a: Kyogre|Thunder|p1a: Glalie\n|-damage|p1a: Glalie|232/309\n|-status|p1a: Glalie|par\n|\n|-weather|RainDance|[upkeep]\n|upkeep\n|turn|2\n|\n|t:|1781377140\n|move|p2a: Kyogre|Calm Mind|p2a: Kyogre\n|-boost|p2a: Kyogre|spa|1\n|-boost|p2a: Kyogre|spd|1\n|move|p1a: Glalie|Freeze-Dry|p2a: Kyogre\n|-supereffective|p2a: Kyogre\n|-damage|p2a: Kyogre|157/259\n|\n|-weather|RainDance|[upkeep]\n|-heal|p2a: Kyogre|173/259|[from] item: Leftovers\n|upkeep\n|turn|3\n|\n|t:|1781377148\n|move|p2a: Kyogre|Origin Pulse|p1a: Glalie\n|-damage|p1a: Glalie|0 fnt\n|faint|p1a: Glalie\n|\n|-weather|RainDance|[upkeep]\n|-heal|p2a: Kyogre|189/259|[from] item: Leftovers\n|upkeep\n|\n|t:|1781377153\n|switch|p1a: Dunsparce|Dunsparce, L86, F|312/312\n|turn|4\n|\n|t:|1781377156\n|move|p2a: Kyogre|Origin Pulse|p1a: Dunsparce\n|-damage|p1a: Dunsparce|105/312\n|move|p1a: Dunsparce|Body Slam|p2a: Kyogre\n|-damage|p2a: Kyogre|102/259\n|-status|p2a: Kyogre|par\n|\n|-weather|RainDance|[upkeep]\n|-heal|p2a: Kyogre|118/259 par|[from] item: Leftovers\n|upkeep\n|turn|5\n|\n|t:|1781377170\n|switch|p2a: Iron Hands|Iron Hands, L79|373/373\n|move|p1a: Dunsparce|Roost|p1a: Dunsparce\n|-heal|p1a: Dunsparce|261/312\n|-singleturn|p1a: Dunsparce|move: Roost\n|\n|-weather|none\n|upkeep\n|turn|6\n|\n|t:|1781377177\n|switch|p1a: Sandaconda|Sandaconda, L84, F|258/258\n|move|p2a: Iron Hands|Swords Dance|p2a: Iron Hands\n|-boost|p2a: Iron Hands|atk|2\n|\n|upkeep\n|turn|7\n|\n|t:|1781377184\n|move|p1a: Sandaconda|Earthquake|p2a: Iron Hands\n|-supereffective|p2a: Iron Hands\n|-damage|p2a: Iron Hands|151/373\n|move|p2a: Iron Hands|Ice Punch|p1a: Sandaconda\n|-supereffective|p1a: Sandaconda\n|-damage|p1a: Sandaconda|62/258\n|\n|-heal|p1a: Sandaconda|78/258|[from] item: Leftovers\n|-heal|p2a: Iron Hands|174/373|[from] item: Leftovers\n|upkeep\n|turn|8\n|\n|t:|1781377192\n|-end|p2a: Iron Hands|Quark Drive|[silent]\n|switch|p2a: Kyogre|Kyogre, L71|118/259 par\n|-weather|RainDance|[from] ability: Drizzle|[of] p2a: Kyogre\n|move|p1a: Sandaconda|Earthquake|p2a: Kyogre\n|-damage|p2a: Kyogre|0 fnt\n|faint|p2a: Kyogre\n|\n|-weather|RainDance|[upkeep]\n|-heal|p1a: Sandaconda|94/258|[from] item: Leftovers\n|upkeep\n|\n|t:|1781377197\n|switch|p2a: Honchkrow|Honchkrow, L86, M|312/312\n|turn|9\n|\n|t:|1781377199\n|move|p2a: Honchkrow|Brave Bird|p1a: Sandaconda\n|-damage|p1a: Sandaconda|0 fnt\n|faint|p1a: Sandaconda\n|-ability|p2a: Honchkrow|Moxie|boost\n|-boost|p2a: Honchkrow|atk|1\n|-damage|p2a: Honchkrow|281/312|[from] Recoil\n|\n|-weather|RainDance|[upkeep]\n|upkeep\n|\n|t:|1781377211\n|switch|p1a: Dunsparce|Dunsparce, L86, F|261/312\n|turn|10\n|\n|t:|1781377214\n|move|p2a: Honchkrow|Brave Bird|p1a: Dunsparce\n|-damage|p1a: Dunsparce|83/312\n|-damage|p2a: Honchkrow|222/312|[from] Recoil\n|move|p1a: Dunsparce|Body Slam|p2a: Honchkrow\n|-damage|p2a: Honchkrow|111/312\n|-status|p2a: Honchkrow|par\n|\n|-weather|RainDance|[upkeep]\n|upkeep\n|turn|11\n|\n|t:|1781377225\n|move|p1a: Dunsparce|Roost|p1a: Dunsparce\n|-heal|p1a: Dunsparce|239/312\n|-singleturn|p1a: Dunsparce|move: Roost\n|move|p2a: Honchkrow|Brave Bird|p1a: Dunsparce\n|-damage|p1a: Dunsparce|49/312\n|-damage|p2a: Honchkrow|48/312 par|[from] Recoil\n|\n|-weather|RainDance|[upkeep]\n|upkeep\n|turn|12\n|\n|t:|1781377234\n|switch|p2a: Iron Hands|Iron Hands, L79|174/373\n|move|p1a: Dunsparce|Roost|p1a: Dunsparce\n|-heal|p1a: Dunsparce|205/312\n|-singleturn|p1a: Dunsparce|move: Roost\n|\n|-weather|none\n|-heal|p2a: Iron Hands|197/373|[from] item: Leftovers\n|upkeep\n|turn|13\n|\n|t:|1781377259\n|switch|p1a: Scovillain|Scovillain, L91, M|266/266\n|move|p2a: Iron Hands|Swords Dance|p2a: Iron Hands\n|-boost|p2a: Iron Hands|atk|2\n|\n|-heal|p2a: Iron Hands|220/373|[from] item: Leftovers\n|upkeep\n|turn|14\n|\n|t:|1781377272\n|move|p1a: Scovillain|Leaf Storm|p2a: Iron Hands\n|-damage|p2a: Iron Hands|0 fnt\n|-unboost|p1a: Scovillain|spa|2\n|faint|p2a: Iron Hands\n|-end|p2a: Iron Hands|Quark Drive|[silent]\n|\n|upkeep\n|\n|t:|1781377276\n|switch|p2a: Sceptile|Sceptile, L87, M|264/264\n|turn|15\n|\n|t:|1781377284\n|switch|p1a: Typhlosion|Typhlosion, L84, M|267/267\n|move|p2a: Sceptile|Shed Tail|p2a: Sceptile\n|-start|p2a: Sceptile|Substitute|[from] move: Shed Tail\n|-damage|p2a: Sceptile|132/264\n|\n|t:|1781377290\n|switch|p2a: Drednaw|Drednaw, L81, M|278/278|[from] Shed Tail\n|\n|upkeep\n|turn|16\n|\n|t:|1781377297\n|move|p1a: Typhlosion|Scorching Sands|p2a: Drednaw\n|-supereffective|p2a: Drednaw\n|-end|p2a: Drednaw|Substitute\n|move|p2a: Drednaw|Shell Smash|p2a: Drednaw\n|-unboost|p2a: Drednaw|def|1\n|-unboost|p2a: Drednaw|spd|1\n|-boost|p2a: Drednaw|atk|2\n|-boost|p2a: Drednaw|spa|2\n|-boost|p2a: Drednaw|spe|2\n|-enditem|p2a: Drednaw|White Herb\n|-clearnegativeboost|p2a: Drednaw|[silent]\n|\n|upkeep\n|turn|17\n|\n|t:|1781377313\n|move|p2a: Drednaw|Liquidation|p1a: Typhlosion\n|-supereffective|p1a: Typhlosion\n|-damage|p1a: Typhlosion|0 fnt\n|faint|p1a: Typhlosion\n|\n|upkeep\n|inactive|GrandeEqua has 120 seconds left.\n|\n|t:|1781377342\n|switch|p1a: Dunsparce|Dunsparce, L86, F|205/312\n|turn|18\n|\n|t:|1781377353\n|-terastallize|p2a: Drednaw|Dark\n|move|p2a: Drednaw|Crunch|p1a: Dunsparce\n|-damage|p1a: Dunsparce|0 fnt\n|faint|p1a: Dunsparce\n|\n|upkeep\n|inactive|GrandeEqua has 120 seconds left.\n|-message|GrandeEqua forfeited.\n|\n|win|soap_trusted_you\n", "inputlog": ">version a8376a258c1d4662feba110a92103f3664a72141\n>start {\"formatid\":\"gen9randombattle\",\"seed\":\"sodium,5cbe183fbebd513d5f1d4c8cdc2861b6\",\"rated\":\"Rated battle\"}\n>player p1 {\"name\":\"GrandeEqua\",\"avatar\":\"nobunaga-conquest\",\"rating\":1917,\"seed\":\"sodium,777d7b7d6f7bd50f507cf5b7d18e68da\"}\n>player p2 {\"name\":\"soap_trusted_you\",\"avatar\":\"worker\",\"rating\":1918,\"seed\":\"sodium,623f91fbc31c4487c2a3376f74249940\"}\n>p1 switch 4\n>p2 move thunder\n>p1 move freezedry\n>p2 move calmmind\n>p1 move taunt\n>p2 move originpulse\n>p1 switch 6\n>p1 move bodyslam\n>p2 move originpulse\n>p1 move roost\n>p2 switch 4\n>p1 switch 5\n>p2 move swordsdance\n>p1 move earthquake\n>p2 move icepunch\n>p1 move earthquake\n>p2 switch 4\n>p2 switch 3\n>p1 move stealthrock\n>p2 move bravebird\n>p1 switch 5\n>p1 move bodyslam\n>p2 move bravebird\n>p1 move roost\n>p2 move bravebird\n>p1 move roost\n>p2 switch 4\n>p1 switch 2\n>p2 move swordsdance\n>p1 move leafstorm\n>p2 move drainpunch\n>p2 switch 5\n>p1 switch 4\n>p2 move shedtail\n>p2 switch 6\n>p1 move scorchingsands\n>p2 move shellsmash\n>p1 move scorchingsands\n>p2 move liquidation\n>p1 switch 2\n>p1 move bodyslam\n>p2 move crunch terastallize\n>forcelose p1", "uploadtime": 1781377112, "views": 8, "formatid": "gen9randombattle", "rating": null, "private": 0, "password": null}