{"id": "gen9randombattle-2631924980", "format": "[Gen 9] Random Battle", "players": ["scampy789", "adalgoudil"], "log": "|j|\u2606scampy789\n|j|\u2606adalgoudil\n|t:|1781456240\n|gametype|singles\n|player|p1|scampy789|170|2091\n|player|p2|adalgoudil|266|2134\n|gen|9\n|tier|[Gen 9] Random Battle\n|rated|\n|rule|Species Clause: Limit one of each Pok\u00e9mon\n|rule|HP Percentage Mod: HP is shown in percentages\n|rule|Sleep Clause Mod: Limit one foe put to sleep\n|rule|Illusion Level Mod: Illusion disguises the Pok\u00e9mon's true level\n|\n|t:|1781456240\n|teamsize|p1|6\n|teamsize|p2|6\n|start\n|switch|p1a: Slither Wing|Slither Wing, L81|270/270\n|switch|p2a: Lokix|Lokix, L82, M|251/251\n|turn|1\n|inactive|Battle timer is ON: inactive players will automatically lose when time's up. (requested by scampy789)\n|\n|t:|1781456253\n|switch|p2a: Swalot|Swalot, L90, M|326/326\n|move|p1a: Slither Wing|Flare Blitz|p2a: Swalot\n|-damage|p2a: Swalot|227/326\n|-damage|p1a: Slither Wing|237/270|[from] Recoil\n|\n|-heal|p2a: Swalot|247/326|[from] item: Leftovers\n|upkeep\n|turn|2\n|\n|t:|1781456271\n|-end|p1a: Slither Wing|Protosynthesis|[silent]\n|switch|p1a: Slowbro|Slowbro, L85, F|300/300\n|move|p2a: Swalot|Swords Dance|p2a: Swalot\n|-boost|p2a: Swalot|atk|2\n|\n|-heal|p2a: Swalot|267/326|[from] item: Leftovers\n|upkeep\n|turn|3\n|\n|t:|1781456282\n|move|p2a: Swalot|Knock Off|p1a: Slowbro\n|-supereffective|p1a: Slowbro\n|-damage|p1a: Slowbro|82/300\n|-enditem|p1a: Slowbro|Assault Vest|[from] move: Knock Off|[of] p2a: Swalot\n|move|p1a: Slowbro|Future Sight|p2a: Swalot\n|-start|p1a: Slowbro|move: Future Sight\n|\n|-heal|p2a: Swalot|287/326|[from] item: Leftovers\n|upkeep\n|turn|4\n|\n|t:|1781456290\n|switch|p1a: Urshifu|Urshifu, L74, F|270/270\n|move|p2a: Swalot|Gunk Shot|p1a: Urshifu\n|-damage|p1a: Urshifu|6/270\n|\n|-heal|p2a: Swalot|307/326|[from] item: Leftovers\n|upkeep\n|turn|5\n|\n|t:|1781456302\n|move|p1a: Urshifu|Close Combat|p2a: Swalot\n|-resisted|p2a: Swalot\n|-crit|p2a: Swalot\n|-damage|p2a: Swalot|213/326\n|-unboost|p1a: Urshifu|def|1\n|-unboost|p1a: Urshifu|spd|1\n|move|p2a: Swalot|Knock Off|p1a: Urshifu\n|-resisted|p1a: Urshifu\n|-damage|p1a: Urshifu|0 fnt\n|-enditem|p1a: Urshifu|Choice Scarf|[from] move: Knock Off|[of] p2a: Swalot\n|faint|p1a: Urshifu\n|\n|-end|p2a: Swalot|move: Future Sight\n|-supereffective|p2a: Swalot\n|-damage|p2a: Swalot|0 fnt\n|faint|p2a: Swalot\n|upkeep\n|\n|t:|1781456311\n|switch|p1a: Slowbro|Slowbro, L85, F|182/300\n|switch|p2a: Gallade|Gallade, L80, M|240/240\n|turn|6\n|\n|t:|1781456324\n|switch|p1a: Slither Wing|Slither Wing, L81|237/270\n|move|p2a: Gallade|Leaf Blade|p1a: Slither Wing\n|-resisted|p1a: Slither Wing\n|-damage|p1a: Slither Wing|173/270\n|\n|upkeep\n|turn|7\n|\n|t:|1781456338\n|switch|p2a: Mimikyu|Mimikyu, L79, F|216/216\n|move|p1a: Slither Wing|U-turn|p2a: Mimikyu\n|-activate|p2a: Mimikyu|ability: Disguise\n|-damage|p2a: Mimikyu|216/216\n|detailschange|p2a: Mimikyu|Mimikyu-Busted, L79, F\n|-damage|p2a: Mimikyu|189/216|[from] pokemon: Mimikyu-Busted\n|\n|t:|1781456348\n|-end|p1a: Slither Wing|Protosynthesis|[silent]\n|switch|p1a: Diancie|Diancie, L82|216/216|[from] U-turn\n|\n|upkeep\n|turn|8\n|\n|t:|1781456355\n|move|p2a: Mimikyu|Swords Dance|p2a: Mimikyu\n|-boost|p2a: Mimikyu|atk|2\n|move|p1a: Diancie|Diamond Storm|p2a: Mimikyu\n|-damage|p2a: Mimikyu|62/216\n|\n|upkeep\n|turn|9\n|\n|t:|1781456366\n|switch|p1a: Chien-Pao|Chien-Pao, L72|234/234\n|-ability|p1a: Chien-Pao|Sword of Ruin\n|move|p2a: Mimikyu|Play Rough|p1a: Chien-Pao\n|-supereffective|p1a: Chien-Pao\n|-damage|p1a: Chien-Pao|0 fnt\n|faint|p1a: Chien-Pao\n|-damage|p2a: Mimikyu|41/216|[from] item: Life Orb\n|\n|upkeep\n|\n|t:|1781456379\n|switch|p1a: Slither Wing|Slither Wing, L81|173/270\n|turn|10\n|\n|t:|1781456385\n|move|p2a: Mimikyu|Shadow Sneak|p1a: Slither Wing\n|-damage|p1a: Slither Wing|74/270\n|-damage|p2a: Mimikyu|20/216|[from] item: Life Orb\n|move|p1a: Slither Wing|Flare Blitz|p2a: Mimikyu\n|-damage|p2a: Mimikyu|0 fnt\n|faint|p2a: Mimikyu\n|-damage|p1a: Slither Wing|67/270|[from] Recoil\n|\n|upkeep\n|\n|t:|1781456396\n|switch|p2a: Necrozma|Necrozma-Dawn-Wings, L76|272/272\n|turn|11\n|\n|t:|1781456412\n|-end|p1a: Slither Wing|Protosynthesis|[silent]\n|switch|p1a: Diancie|Diancie, L82|216/216\n|move|p2a: Necrozma|Moongeist Beam|p1a: Diancie\n|-damage|p1a: Diancie|137/216\n|\n|-heal|p1a: Diancie|150/216|[from] item: Leftovers\n|upkeep\n|turn|12\n|\n|t:|1781456420\n|move|p2a: Necrozma|Calm Mind|p2a: Necrozma\n|-boost|p2a: Necrozma|spa|1\n|-boost|p2a: Necrozma|spd|1\n|move|p1a: Diancie|Calm Mind|p1a: Diancie\n|-boost|p1a: Diancie|spa|1\n|-boost|p1a: Diancie|spd|1\n|\n|-heal|p1a: Diancie|163/216|[from] item: Leftovers\n|upkeep\n|turn|13\n|\n|t:|1781456432\n|move|p2a: Necrozma|Calm Mind|p2a: Necrozma\n|-boost|p2a: Necrozma|spa|1\n|-boost|p2a: Necrozma|spd|1\n|move|p1a: Diancie|Calm Mind|p1a: Diancie\n|-boost|p1a: Diancie|spa|1\n|-boost|p1a: Diancie|spd|1\n|\n|-heal|p1a: Diancie|176/216|[from] item: Leftovers\n|upkeep\n|turn|14\n|\n|t:|1781456436\n|move|p2a: Necrozma|Moongeist Beam|p1a: Diancie\n|-damage|p1a: Diancie|97/216\n|move|p1a: Diancie|Calm Mind|p1a: Diancie\n|-boost|p1a: Diancie|spa|1\n|-boost|p1a: Diancie|spd|1\n|\n|-heal|p1a: Diancie|110/216|[from] item: Leftovers\n|upkeep\n|turn|15\n|\n|t:|1781456444\n|move|p2a: Necrozma|Moongeist Beam|p1a: Diancie\n|-damage|p1a: Diancie|41/216\n|move|p1a: Diancie|Draining Kiss|p2a: Necrozma\n|-damage|p2a: Necrozma|217/272\n|-heal|p1a: Diancie|82/216|[from] drain|[of] p2a: Necrozma\n|\n|-heal|p2a: Necrozma|234/272|[from] item: Leftovers\n|-heal|p1a: Diancie|95/216|[from] item: Leftovers\n|upkeep\n|turn|16\n|\n|t:|1781456451\n|-terastallize|p1a: Diancie|Fairy\n|move|p2a: Necrozma|Moongeist Beam|p1a: Diancie\n|-crit|p1a: Diancie\n|-damage|p1a: Diancie|0 fnt\n|faint|p1a: Diancie\n|\n|-heal|p2a: Necrozma|251/272|[from] item: Leftovers\n|upkeep\n|\n|t:|1781456463\n|switch|p1a: Gholdengo|Gholdengo, L77|261/261\n|turn|17\n|\n|t:|1781456468\n|-terastallize|p2a: Necrozma|Fairy\n|move|p1a: Gholdengo|Shadow Ball|p2a: Necrozma\n|-damage|p2a: Necrozma|211/272\n|move|p2a: Necrozma|Moongeist Beam|p1a: Gholdengo\n|-supereffective|p1a: Gholdengo\n|-damage|p1a: Gholdengo|0 fnt\n|faint|p1a: Gholdengo\n|\n|-heal|p2a: Necrozma|228/272|[from] item: Leftovers\n|upkeep\n|-message|scampy789 forfeited.\n|\n|win|adalgoudil\n", "inputlog": ">version a8376a258c1d4662feba110a92103f3664a72141\n>start {\"formatid\":\"gen9randombattle\",\"seed\":\"sodium,e28900bb861a00229e13d453d20bc510\",\"rated\":\"Rated battle\"}\n>player p1 {\"name\":\"scampy789\",\"avatar\":\"170\",\"rating\":2091,\"seed\":\"sodium,1b8f132d8e6684a8807b3542c3c5f998\"}\n>player p2 {\"name\":\"adalgoudil\",\"avatar\":\"266\",\"rating\":2134,\"seed\":\"sodium,56ce3786cfaded0aa3426d81ff1119ea\"}\n>p1 move flareblitz\n>p2 switch 4\n>p1 switch 6\n>p2 move swordsdance\n>p1 move futuresight\n>p2 move knockoff\n>p1 switch 2\n>p2 move gunkshot\n>p1 move closecombat\n>p2 move knockoff\n>p1 switch 2\n>p2 switch 6\n>p1 switch 6\n>p2 move leafblade\n>p1 move uturn\n>p2 switch 5\n>p1 switch 3\n>p1 move diamondstorm\n>p2 move swordsdance\n>p1 switch 4\n>p2 move playrough\n>p1 switch 3\n>p1 move flareblitz\n>p2 move shadowsneak\n>p2 switch 2\n>p1 switch 4\n>p2 move moongeistbeam\n>p1 move calmmind\n>p2 move calmmind\n>p1 move calmmind\n>p2 move calmmind\n>p1 move calmmind\n>p2 move moongeistbeam\n>p1 move drainingkiss\n>p2 move moongeistbeam\n>p1 move drainingkiss terastallize\n>p2 move moongeistbeam\n>p1 switch 5\n>p1 move shadowball\n>p2 move moongeistbeam terastallize\n>forcelose p1", "uploadtime": 1781456242, "views": 4, "formatid": "gen9randombattle", "rating": null, "private": 0, "password": null}