{"id": "gen9randombattle-2631737457", "format": "[Gen 9] Random Battle", "players": ["vivi_soin", "smokeycool"], "log": "|j|\u2606vivi_soin\n|j|\u2606smokeycool\n|t:|1781431346\n|gametype|singles\n|player|p1|vivi_soin|169|1953\n|player|p2|smokeycool|worker|1930\n|gen|9\n|tier|[Gen 9] Random Battle\n|rated|\n|rule|Species Clause: Limit one of each Pok\u00e9mon\n|rule|HP Percentage Mod: HP is shown in percentages\n|rule|Sleep Clause Mod: Limit one foe put to sleep\n|rule|Illusion Level Mod: Illusion disguises the Pok\u00e9mon's true level\n|\n|t:|1781431346\n|teamsize|p1|6\n|teamsize|p2|6\n|start\n|switch|p1a: Rotom|Rotom, L88|231/231\n|switch|p2a: Espeon|Espeon, L84, M|246/246\n|turn|1\n|inactive|Battle timer is ON: inactive players will automatically lose when time's up. (requested by smokeycool)\n|\n|t:|1781431364\n|move|p2a: Espeon|Calm Mind|p2a: Espeon\n|-boost|p2a: Espeon|spa|1\n|-boost|p2a: Espeon|spd|1\n|move|p1a: Rotom|Nasty Plot|p1a: Rotom\n|-boost|p1a: Rotom|spa|2\n|\n|upkeep\n|turn|2\n|\n|t:|1781431367\n|move|p2a: Espeon|Shadow Ball|p1a: Rotom\n|-supereffective|p1a: Rotom\n|-damage|p1a: Rotom|0 fnt\n|faint|p1a: Rotom\n|-damage|p2a: Espeon|222/246|[from] item: Life Orb\n|\n|upkeep\n|\n|t:|1781431380\n|switch|p1a: Honchkrow|Honchkrow, L86, F|312/312\n|turn|3\n|\n|t:|1781431403\n|switch|p2a: Scream Tail|Scream Tail, L84|330/330\n|move|p1a: Honchkrow|Brave Bird|p2a: Scream Tail\n|-damage|p2a: Scream Tail|192/330\n|-damage|p1a: Honchkrow|266/312|[from] Recoil\n|\n|-heal|p2a: Scream Tail|212/330|[from] item: Leftovers\n|upkeep\n|turn|4\n|\n|t:|1781431411\n|switch|p1a: Whiscash|Whiscash, L88, M|337/337\n|move|p2a: Scream Tail|Wish|p2a: Scream Tail\n|\n|-heal|p2a: Scream Tail|232/330|[from] item: Leftovers\n|upkeep\n|turn|5\n|\n|t:|1781431422\n|move|p2a: Scream Tail|Play Rough|p1a: Whiscash\n|-damage|p1a: Whiscash|264/337\n|move|p1a: Whiscash|Dragon Dance|p1a: Whiscash\n|-boost|p1a: Whiscash|atk|1\n|-boost|p1a: Whiscash|spe|1\n|\n|-heal|p2a: Scream Tail|330/330|[from] move: Wish|[wisher] Scream Tail\n|upkeep\n|turn|6\n|\n|t:|1781431428\n|move|p2a: Scream Tail|Encore|p1a: Whiscash\n|-start|p1a: Whiscash|Encore\n|move|p1a: Whiscash|Dragon Dance|p1a: Whiscash\n|-boost|p1a: Whiscash|atk|1\n|-boost|p1a: Whiscash|spe|1\n|\n|upkeep\n|turn|7\n|\n|t:|1781431431\n|-end|p2a: Scream Tail|Protosynthesis|[silent]\n|switch|p2a: Sceptile|Sceptile, L87, M|264/264\n|move|p1a: Whiscash|Dragon Dance|p1a: Whiscash\n|-boost|p1a: Whiscash|atk|1\n|-boost|p1a: Whiscash|spe|1\n|\n|upkeep\n|turn|8\n|\n|t:|1781431441\n|switch|p1a: Tentacruel|Tentacruel, L84, F|272/272\n|move|p2a: Sceptile|Leaf Storm|p1a: Tentacruel\n|-damage|p1a: Tentacruel|104/272\n|-unboost|p2a: Sceptile|spa|2\n|-damage|p2a: Sceptile|238/264|[from] item: Life Orb\n|\n|-heal|p1a: Tentacruel|121/272|[from] item: Leftovers\n|upkeep\n|turn|9\n|\n|t:|1781431450\n|move|p2a: Sceptile|Earthquake|p1a: Tentacruel\n|-supereffective|p1a: Tentacruel\n|-damage|p1a: Tentacruel|0 fnt\n|faint|p1a: Tentacruel\n|-damage|p2a: Sceptile|212/264|[from] item: Life Orb\n|\n|upkeep\n|-message|vivi_soin forfeited.\n|\n|win|smokeycool\n", "inputlog": ">version a8376a258c1d4662feba110a92103f3664a72141\n>start {\"formatid\":\"gen9randombattle\",\"seed\":\"sodium,7ca85abe98d12778f3d11cb90805432a\",\"rated\":\"Rated battle\"}\n>player p1 {\"name\":\"vivi_soin\",\"avatar\":\"169\",\"rating\":1953,\"seed\":\"sodium,b7d935e3d546cb843f6172b5f9c85c05\"}\n>player p2 {\"name\":\"smokeycool\",\"avatar\":\"worker\",\"rating\":1930,\"seed\":\"sodium,9b0dca10ca56b737a33158843000b2aa\"}\n>p1 move nastyplot\n>p2 move calmmind\n>p1 move shadowball\n>p2 move shadowball\n>p1 switch 6\n>p1 move bravebird\n>p2 switch 4\n>p1 switch 3\n>p2 move wish\n>p1 move dragondance\n>p2 move playrough\n>p1 move dragondance\n>p2 move encore\n>p1 move dragondance\n>p2 switch 6\n>p1 switch 5\n>p2 move leafstorm\n>p1 move toxicspikes\n>p2 move earthquake\n>forcelose p1", "uploadtime": 1781431348, "views": 6, "formatid": "gen9randombattle", "rating": null, "private": 0, "password": null}