{"id": "gen9randombattle-2631738581", "format": "[Gen 9] Random Battle", "players": ["medo6037", "Matuidi14"], "log": "|j|\u2606medo6037\n|j|\u2606Matuidi14\n|t:|1781431547\n|gametype|singles\n|player|p1|medo6037|n|2229\n|player|p2|Matuidi14|clown|2198\n|gen|9\n|tier|[Gen 9] Random Battle\n|rated|\n|rule|Species Clause: Limit one of each Pok\u00e9mon\n|rule|HP Percentage Mod: HP is shown in percentages\n|rule|Sleep Clause Mod: Limit one foe put to sleep\n|rule|Illusion Level Mod: Illusion disguises the Pok\u00e9mon's true level\n|\n|t:|1781431547\n|teamsize|p1|6\n|teamsize|p2|6\n|start\n|switch|p1a: Rhydon|Rhydon, L85, F|317/317\n|switch|p2a: Greedent|Greedent, L86, F|347/347\n|turn|1\n|\n|t:|1781431556\n|move|p1a: Rhydon|Stealth Rock|p2a: Greedent\n|-sidestart|p2: Matuidi14|move: Stealth Rock\n|move|p2a: Greedent|Knock Off|p1a: Rhydon\n|-damage|p1a: Rhydon|279/317\n|-enditem|p1a: Rhydon|Eviolite|[from] move: Knock Off|[of] p2a: Greedent\n|\n|upkeep\n|turn|2\n|inactive|Battle timer is ON: inactive players will automatically lose when time's up. (requested by Matuidi14)\n|\n|t:|1781431584\n|move|p1a: Rhydon|Earthquake|p2a: Greedent\n|-damage|p2a: Greedent|223/347\n|move|p2a: Greedent|Swords Dance|p2a: Greedent\n|-boost|p2a: Greedent|atk|2\n|\n|upkeep\n|turn|3\n|inactive|medo6037 has 120 seconds left.\n|\n|t:|1781431618\n|switch|p1a: Mandibuzz|Mandibuzz, L85, F|326/326\n|move|p2a: Greedent|Earthquake|p1a: Mandibuzz\n|-immune|p1a: Mandibuzz\n|\n|upkeep\n|turn|4\n|\n|t:|1781431625\n|switch|p2a: Carbink|Carbink, L90|236/236\n|-damage|p2a: Carbink|207/236|[from] Stealth Rock\n|move|p1a: Mandibuzz|Toxic|p2a: Carbink\n|-status|p2a: Carbink|tox\n|\n|-damage|p2a: Carbink|193/236 tox|[from] psn\n|upkeep\n|turn|5\n|\n|t:|1781431641\n|switch|p1a: Rhydon|Rhydon, L85, F|279/317\n|move|p2a: Carbink|Iron Defense|p2a: Carbink\n|-boost|p2a: Carbink|def|2\n|\n|-damage|p2a: Carbink|165/236 tox|[from] psn\n|upkeep\n|turn|6\n|\n|t:|1781431653\n|move|p2a: Carbink|Iron Defense|p2a: Carbink\n|-boost|p2a: Carbink|def|2\n|move|p1a: Rhydon|Earthquake|p2a: Carbink\n|-supereffective|p2a: Carbink\n|-damage|p2a: Carbink|109/236 tox\n|\n|-damage|p2a: Carbink|67/236 tox|[from] psn\n|upkeep\n|turn|7\n|\n|t:|1781431660\n|switch|p1a: Skeledirge|Skeledirge, L79, F|294/294\n|move|p2a: Carbink|Rest|p2a: Carbink\n|-status|p2a: Carbink|slp|[from] move: Rest\n|-heal|p2a: Carbink|236/236 slp|[silent]\n|-enditem|p2a: Carbink|Chesto Berry|[eat]\n|-curestatus|p2a: Carbink|slp|[msg]\n|\n|upkeep\n|turn|8\n|\n|t:|1781431667\n|switch|p2a: Alomomola|Alomomola, L87, F|429/429\n|move|p1a: Skeledirge|Torch Song|p2a: Alomomola\n|-resisted|p2a: Alomomola\n|-damage|p2a: Alomomola|369/429\n|-boost|p1a: Skeledirge|spa|1\n|\n|upkeep\n|turn|9\n|\n|t:|1781431675\n|move|p2a: Alomomola|Scald|p1a: Skeledirge\n|-supereffective|p1a: Skeledirge\n|-damage|p1a: Skeledirge|174/294\n|move|p1a: Skeledirge|Shadow Ball|p2a: Alomomola\n|-damage|p2a: Alomomola|164/429\n|\n|upkeep\n|turn|10\n|\n|t:|1781431679\n|move|p2a: Alomomola|Flip Turn|p1a: Skeledirge\n|-supereffective|p1a: Skeledirge\n|-damage|p1a: Skeledirge|64/294\n|\n|t:|1781431686\n|switch|p2a: Greedent|Greedent, L86, F|223/347|[from] Flip Turn\n|-damage|p2a: Greedent|180/347|[from] Stealth Rock\n|move|p1a: Skeledirge|Flame Charge|p2a: Greedent\n|-damage|p2a: Greedent|144/347\n|-boost|p1a: Skeledirge|spe|1\n|-enditem|p2a: Greedent|Sitrus Berry|[eat]\n|-heal|p2a: Greedent|230/347|[from] item: Sitrus Berry\n|-heal|p2a: Greedent|345/347|[from] ability: Cheek Pouch\n|\n|upkeep\n|turn|11\n|\n|t:|1781431698\n|switch|p1a: Mandibuzz|Mandibuzz, L85, F|326/326\n|move|p2a: Greedent|Earthquake|p1a: Mandibuzz\n|-immune|p1a: Mandibuzz\n|\n|upkeep\n|turn|12\n|\n|t:|1781431701\n|move|p1a: Mandibuzz|Toxic|p2a: Greedent\n|-status|p2a: Greedent|tox\n|move|p2a: Greedent|Swords Dance|p2a: Greedent\n|-boost|p2a: Greedent|atk|2\n|\n|-damage|p2a: Greedent|324/347 tox|[from] psn\n|upkeep\n|turn|13\n|\n|t:|1781431716\n|switch|p1a: Rhydon|Rhydon, L85, F|279/317\n|move|p2a: Greedent|Earthquake|p1a: Rhydon\n|-supereffective|p1a: Rhydon\n|-damage|p1a: Rhydon|53/317\n|\n|-damage|p2a: Greedent|282/347 tox|[from] psn\n|upkeep\n|turn|14\n|\n|t:|1781431724\n|move|p1a: Rhydon|Earthquake|p2a: Greedent\n|-damage|p2a: Greedent|147/347 tox\n|move|p2a: Greedent|Body Slam|p1a: Rhydon\n|-resisted|p1a: Rhydon\n|-damage|p1a: Rhydon|0 fnt\n|faint|p1a: Rhydon\n|\n|-damage|p2a: Greedent|84/347 tox|[from] psn\n|upkeep\n|\n|t:|1781431735\n|switch|p1a: Mandibuzz|Mandibuzz, L85, F|326/326\n|turn|15\n|\n|t:|1781431739\n|move|p1a: Mandibuzz|Foul Play|p2a: Greedent\n|-damage|p2a: Greedent|0 fnt\n|faint|p2a: Greedent\n|\n|upkeep\n|\n|t:|1781431757\n|switch|p2a: Blaziken|Blaziken, L76, F|247/247\n|-damage|p2a: Blaziken|217/247|[from] Stealth Rock\n|turn|16\n|\n|t:|1781431766\n|move|p1a: Mandibuzz|Toxic|p2a: Blaziken\n|-status|p2a: Blaziken|tox\n|move|p2a: Blaziken|Swords Dance|p2a: Blaziken\n|-boost|p2a: Blaziken|atk|2\n|\n|-damage|p2a: Blaziken|202/247 tox|[from] psn\n|-ability|p2a: Blaziken|Speed Boost|boost\n|-boost|p2a: Blaziken|spe|1\n|upkeep\n|turn|17\n|\n|t:|1781431769\n|-terastallize|p2a: Blaziken|Fighting\n|move|p2a: Blaziken|Close Combat|p1a: Mandibuzz\n|-damage|p1a: Mandibuzz|0 fnt\n|-unboost|p2a: Blaziken|def|1\n|-unboost|p2a: Blaziken|spd|1\n|faint|p1a: Mandibuzz\n|-damage|p2a: Blaziken|178/247 tox|[from] item: Life Orb\n|\n|-damage|p2a: Blaziken|148/247 tox|[from] psn\n|-ability|p2a: Blaziken|Speed Boost|boost\n|-boost|p2a: Blaziken|spe|1\n|upkeep\n|inactive|medo6037 has 120 seconds left.\n|\n|t:|1781431810\n|switch|p1a: Skeledirge|Skeledirge, L79, F|64/294\n|turn|18\n|inactive|medo6037 has 120 seconds left.\n|\n|t:|1781431821\n|switch|p1a: Iron Hands|Iron Hands, L79|373/373\n|move|p2a: Blaziken|Knock Off|p1a: Iron Hands\n|-resisted|p1a: Iron Hands\n|-damage|p1a: Iron Hands|298/373\n|-enditem|p1a: Iron Hands|Assault Vest|[from] move: Knock Off|[of] p2a: Blaziken\n|-damage|p2a: Blaziken|124/247 tox|[from] item: Life Orb\n|\n|-damage|p2a: Blaziken|79/247 tox|[from] psn\n|-ability|p2a: Blaziken|Speed Boost|boost\n|-boost|p2a: Blaziken|spe|1\n|upkeep\n|turn|19\n|inactive|medo6037 has 120 seconds left.\n|\n|t:|1781431830\n|move|p1a: Iron Hands|Fake Out|p2a: Blaziken\n|-damage|p2a: Blaziken|8/247 tox\n|cant|p2a: Blaziken|flinch\n|\n|-damage|p2a: Blaziken|0 fnt|[from] psn\n|faint|p2a: Blaziken\n|upkeep\n|\n|t:|1781431840\n|switch|p2a: Carbink|Carbink, L90|236/236\n|-damage|p2a: Carbink|207/236|[from] Stealth Rock\n|turn|20\n|\n|t:|1781431845\n|move|p2a: Carbink|Moonblast|p1a: Iron Hands\n|-supereffective|p1a: Iron Hands\n|-damage|p1a: Iron Hands|122/373\n|move|p1a: Iron Hands|Volt Switch|p2a: Carbink\n|-crit|p2a: Carbink\n|-damage|p2a: Carbink|173/236\n|\n|t:|1781431850\n|-end|p1a: Iron Hands|Quark Drive|[silent]\n|switch|p1a: Skeledirge|Skeledirge, L79, F|64/294|[from] Volt Switch\n|\n|upkeep\n|turn|21\n|\n|t:|1781431852\n|switch|p2a: Alomomola|Alomomola, L87, F|307/429\n|move|p1a: Skeledirge|Slack Off|p1a: Skeledirge\n|-heal|p1a: Skeledirge|211/294\n|\n|upkeep\n|turn|22\n|\n|t:|1781431873\n|move|p2a: Alomomola|Scald|p1a: Skeledirge\n|-supereffective|p1a: Skeledirge\n|-damage|p1a: Skeledirge|101/294\n|move|p1a: Skeledirge|Slack Off|p1a: Skeledirge\n|-heal|p1a: Skeledirge|248/294\n|\n|upkeep\n|turn|23\n|\n|t:|1781431881\n|move|p2a: Alomomola|Scald|p1a: Skeledirge\n|-supereffective|p1a: Skeledirge\n|-damage|p1a: Skeledirge|128/294\n|move|p1a: Skeledirge|Flame Charge|p2a: Alomomola\n|-resisted|p2a: Alomomola\n|-damage|p2a: Alomomola|289/429\n|-boost|p1a: Skeledirge|spe|1\n|\n|upkeep\n|turn|24\n|\n|t:|1781431887\n|-terastallize|p1a: Skeledirge|Water\n|move|p1a: Skeledirge|Slack Off|p1a: Skeledirge\n|-heal|p1a: Skeledirge|275/294\n|move|p2a: Alomomola|Scald|p1a: Skeledirge\n|-resisted|p1a: Skeledirge\n|-damage|p1a: Skeledirge|248/294\n|\n|upkeep\n|turn|25\n|\n|t:|1781431890\n|move|p1a: Skeledirge|Torch Song|p2a: Alomomola\n|-resisted|p2a: Alomomola\n|-damage|p2a: Alomomola|220/429\n|-boost|p1a: Skeledirge|spa|1\n|move|p2a: Alomomola|Scald|p1a: Skeledirge\n|-resisted|p1a: Skeledirge\n|-damage|p1a: Skeledirge|217/294\n|\n|upkeep\n|turn|26\n|\n|t:|1781431894\n|move|p1a: Skeledirge|Torch Song|p2a: Alomomola\n|-resisted|p2a: Alomomola\n|-damage|p2a: Alomomola|130/429\n|-boost|p1a: Skeledirge|spa|1\n|move|p2a: Alomomola|Scald|p1a: Skeledirge\n|-resisted|p1a: Skeledirge\n|-damage|p1a: Skeledirge|190/294\n|\n|upkeep\n|turn|27\n|\n|t:|1781431897\n|move|p1a: Skeledirge|Shadow Ball|p2a: Alomomola\n|-damage|p2a: Alomomola|0 fnt\n|faint|p2a: Alomomola\n|\n|upkeep\n|\n|t:|1781431900\n|switch|p2a: Ambipom|Ambipom, L84, M|263/263\n|-damage|p2a: Ambipom|231/263|[from] Stealth Rock\n|turn|28\n|\n|t:|1781431911\n|move|p2a: Ambipom|Fake Out|p1a: Skeledirge\n|-damage|p1a: Skeledirge|112/294\n|cant|p1a: Skeledirge|flinch\n|\n|upkeep\n|turn|29\n|\n|t:|1781431923\n|switch|p1a: Iron Hands|Iron Hands, L79|122/373\n|move|p2a: Ambipom|Double-Edge|p1a: Iron Hands\n|-damage|p1a: Iron Hands|0 fnt\n|faint|p1a: Iron Hands\n|-end|p1a: Iron Hands|Quark Drive|[silent]\n|-damage|p2a: Ambipom|191/263|[from] Recoil\n|\n|upkeep\n|\n|t:|1781431938\n|switch|p1a: Koraidon|Koraidon, L64|235/235\n|-weather|SunnyDay|[from] ability: Orichalcum Pulse|[of] p1a: Koraidon\n|-activate|p1a: Koraidon|Orichalcum Pulse|[source]\n|turn|30\n|\n|t:|1781431944\n|move|p2a: Ambipom|U-turn|p1a: Koraidon\n|-resisted|p1a: Koraidon\n|-damage|p1a: Koraidon|206/235\n|\n|t:|1781431945\n|switch|p2a: Carbink|Carbink, L90|173/236|[from] U-turn\n|-damage|p2a: Carbink|144/236|[from] Stealth Rock\n|move|p1a: Koraidon|Collision Course|p2a: Carbink\n|-damage|p2a: Carbink|72/236\n|\n|-weather|SunnyDay|[upkeep]\n|upkeep\n|turn|31\n|\n|t:|1781431957\n|switch|p1a: Skeledirge|Skeledirge, L79, F, tera:Water|112/294\n|move|p2a: Carbink|Moonblast|p1a: Skeledirge\n|-damage|p1a: Skeledirge|25/294\n|\n|-weather|SunnyDay|[upkeep]\n|upkeep\n|turn|32\n|\n|t:|1781431963\n|move|p1a: Skeledirge|Torch Song|p2a: Carbink\n|-resisted|p2a: Carbink\n|-damage|p2a: Carbink|36/236\n|-boost|p1a: Skeledirge|spa|1\n|move|p2a: Carbink|Moonblast|p1a: Skeledirge\n|-damage|p1a: Skeledirge|0 fnt\n|faint|p1a: Skeledirge\n|\n|-weather|SunnyDay|[upkeep]\n|upkeep\n|\n|t:|1781431968\n|switch|p1a: Porygon-Z|Porygon-Z, L83|277/277\n|turn|33\n|\n|t:|1781431974\n|move|p1a: Porygon-Z|Tera Blast|p2a: Carbink\n|-resisted|p2a: Carbink\n|-damage|p2a: Carbink|0 fnt\n|faint|p2a: Carbink\n|-damage|p1a: Porygon-Z|250/277|[from] item: Life Orb\n|\n|-weather|SunnyDay|[upkeep]\n|upkeep\n|\n|t:|1781431977\n|switch|p2a: Ambipom|Ambipom, L84, M|191/263\n|-damage|p2a: Ambipom|159/263|[from] Stealth Rock\n|turn|34\n|\n|t:|1781431983\n|move|p2a: Ambipom|Fake Out|p1a: Porygon-Z\n|-damage|p1a: Porygon-Z|156/277\n|cant|p1a: Porygon-Z|flinch\n|\n|-weather|none\n|upkeep\n|turn|35\n|\n|t:|1781431987\n|move|p2a: Ambipom|Double-Edge|p1a: Porygon-Z\n|-damage|p1a: Porygon-Z|0 fnt\n|faint|p1a: Porygon-Z\n|-damage|p2a: Ambipom|108/263|[from] Recoil\n|\n|upkeep\n|\n|t:|1781431989\n|switch|p1a: Koraidon|Koraidon, L64|206/235\n|-weather|SunnyDay|[from] ability: Orichalcum Pulse|[of] p1a: Koraidon\n|-activate|p1a: Koraidon|Orichalcum Pulse|[source]\n|turn|36\n|\n|t:|1781431995\n|move|p2a: Ambipom|Double-Edge|p1a: Koraidon\n|-damage|p1a: Koraidon|44/235\n|-damage|p2a: Ambipom|55/263|[from] Recoil\n|move|p1a: Koraidon|Scale Shot|p2a: Ambipom\n|-crit|p2a: Ambipom\n|-damage|p2a: Ambipom|0 fnt\n|faint|p2a: Ambipom\n|-hitcount|p2: Ambipom|1\n|-unboost|p1a: Koraidon|def|1\n|-boost|p1a: Koraidon|spe|1\n|\n|-weather|SunnyDay|[upkeep]\n|upkeep\n|\n|t:|1781431999\n|switch|p2a: Metagross|Metagross, L79|256/256\n|-damage|p2a: Metagross|240/256|[from] Stealth Rock\n|turn|37\n|\n|t:|1781432003\n|move|p2a: Metagross|Bullet Punch|p1a: Koraidon\n|-damage|p1a: Koraidon|0 fnt\n|faint|p1a: Koraidon\n|\n|win|Matuidi14\n", "inputlog": ">version a8376a258c1d4662feba110a92103f3664a72141\n>start {\"formatid\":\"gen9randombattle\",\"seed\":\"sodium,102452908fe705da33d48bd7bcad0ea2\",\"rated\":\"Rated battle\"}\n>player p1 {\"name\":\"medo6037\",\"avatar\":\"n\",\"rating\":2229,\"seed\":\"sodium,6f2973acd8251d2cdfcc7016747ccf21\"}\n>player p2 {\"name\":\"Matuidi14\",\"avatar\":\"clown\",\"rating\":2198,\"seed\":\"sodium,6ebee8c882c854f148317a363299d2b6\"}\n>p1 move stealthrock\n>p2 move knockoff\n>p1 move earthquake\n>p2 move swordsdance\n>p1 switch 6\n>p2 move earthquake\n>p1 move toxic\n>p2 switch 5\n>p1 switch 6\n>p2 move irondefense\n>p1 move earthquake\n>p2 move irondefense\n>p1 switch 5\n>p2 move rest\n>p1 move torchsong\n>p2 switch 2\n>p1 move shadowball\n>p2 move scald\n>p1 move flamecharge\n>p2 move flipturn\n>p2 switch 5\n>p1 switch 6\n>p2 move earthquake\n>p1 move toxic\n>p2 move swordsdance\n>p1 switch 5\n>p2 move earthquake\n>p1 move earthquake\n>p2 move bodyslam\n>p1 switch 5\n>p1 move foulplay\n>p2 move bodyslam\n>p2 switch 4\n>p1 move toxic\n>p2 move swordsdance\n>p1 move foulplay\n>p2 move closecombat terastallize\n>p1 switch 6\n>p1 switch 3\n>p2 move knockoff\n>p1 move fakeout\n>p2 move closecombat\n>p2 switch 2\n>p1 move voltswitch\n>p2 move moonblast\n>p1 switch 3\n>p1 move slackoff\n>p2 switch 5\n>p1 move slackoff\n>p2 move scald\n>p1 move flamecharge\n>p2 move scald\n>p1 move slackoff terastallize\n>p2 move scald\n>p1 move torchsong\n>p2 move scald\n>p1 move torchsong\n>p2 move scald\n>p1 move shadowball\n>p2 move scald\n>p2 switch 6\n>p1 move flamecharge\n>p2 move fakeout\n>p1 switch 3\n>p2 move doubleedge\n>p1 switch 2\n>p1 move collisioncourse\n>p2 move uturn\n>p2 switch 5\n>p1 switch 3\n>p2 move moonblast\n>p1 move torchsong\n>p2 move moonblast\n>p1 switch 4\n>p1 move terablast\n>p2 move moonblast\n>p2 switch 5\n>p1 move agility\n>p2 move fakeout\n>p1 move agility\n>p2 move doubleedge\n>p1 switch 3\n>p1 move scaleshot\n>p2 move doubleedge\n>p2 switch 3\n>p1 move flareblitz\n>p2 move bulletpunch", "uploadtime": 1781431549, "views": 4, "formatid": "gen9randombattle", "rating": null, "private": 0, "password": null}