{"id": "gen9randombattle-2631813040", "format": "[Gen 9] Random Battle", "players": ["46455i", "Green Calf"], "log": "|j|\u260646455i\n|j|\u2606Green Calf\n|t:|1781443333\n|gametype|singles\n|player|p1|46455i|fisherman-gen4|2063\n|player|p2|Green Calf|2|2016\n|gen|9\n|tier|[Gen 9] Random Battle\n|rated|\n|rule|Species Clause: Limit one of each Pok\u00e9mon\n|rule|HP Percentage Mod: HP is shown in percentages\n|rule|Sleep Clause Mod: Limit one foe put to sleep\n|rule|Illusion Level Mod: Illusion disguises the Pok\u00e9mon's true level\n|\n|t:|1781443333\n|teamsize|p1|6\n|teamsize|p2|6\n|start\n|switch|p1a: Delibird|Delibird, M|252/252\n|switch|p2a: Sinistcha|Sinistcha, L83|254/254\n|turn|1\n|\n|t:|1781443340\n|switch|p2a: Vikavolt|Vikavolt, L83, F|263/263\n|move|p1a: Delibird|Brave Bird|p2a: Vikavolt\n|-damage|p2a: Vikavolt|70/263\n|-damage|p1a: Delibird|188/252|[from] Recoil\n|\n|upkeep\n|turn|2\n|\n|t:|1781443347\n|move|p1a: Delibird|Brave Bird|p2a: Vikavolt\n|-damage|p2a: Vikavolt|0 fnt\n|faint|p2a: Vikavolt\n|-damage|p1a: Delibird|165/252|[from] Recoil\n|\n|upkeep\n|\n|t:|1781443349\n|switch|p2a: Tinkaton|Tinkaton, L82, F|274/274\n|-ability|p2a: Tinkaton|Mold Breaker\n|turn|3\n|\n|t:|1781443353\n|move|p1a: Delibird|Drill Run|p2a: Tinkaton\n|-supereffective|p2a: Tinkaton\n|-damage|p2a: Tinkaton|102/274\n|move|p2a: Tinkaton|Gigaton Hammer|p1a: Delibird\n|-supereffective|p1a: Delibird\n|-damage|p1a: Delibird|0 fnt\n|faint|p1a: Delibird\n|\n|-heal|p2a: Tinkaton|119/274|[from] item: Leftovers\n|upkeep\n|\n|t:|1781443363\n|switch|p1a: Porygon-Z|Porygon-Z, L83|277/277\n|turn|4\n|\n|t:|1781443368\n|move|p2a: Tinkaton|Knock Off|p1a: Porygon-Z\n|-damage|p1a: Porygon-Z|213/277\n|-enditem|p1a: Porygon-Z|Life Orb|[from] move: Knock Off|[of] p2a: Tinkaton\n|move|p1a: Porygon-Z|Agility|p1a: Porygon-Z\n|-boost|p1a: Porygon-Z|spe|2\n|\n|-heal|p2a: Tinkaton|136/274|[from] item: Leftovers\n|upkeep\n|turn|5\n|\n|t:|1781443373\n|move|p1a: Porygon-Z|Shadow Ball|p2a: Tinkaton\n|-damage|p2a: Tinkaton|66/274\n|move|p2a: Tinkaton|Gigaton Hammer|p1a: Porygon-Z\n|-damage|p1a: Porygon-Z|51/277\n|\n|-heal|p2a: Tinkaton|83/274|[from] item: Leftovers\n|upkeep\n|turn|6\n|inactive|Battle timer is ON: inactive players will automatically lose when time's up. (requested by Green Calf)\n|\n|t:|1781443380\n|move|p1a: Porygon-Z|Shadow Ball|p2a: Tinkaton\n|-damage|p2a: Tinkaton|21/274\n|move|p2a: Tinkaton|Play Rough|p1a: Porygon-Z\n|-damage|p1a: Porygon-Z|0 fnt\n|faint|p1a: Porygon-Z\n|\n|-heal|p2a: Tinkaton|38/274|[from] item: Leftovers\n|upkeep\n|\n|t:|1781443384\n|switch|p1a: Meowscarada|Meowscarada, L78, F|247/247\n|turn|7\n|\n|t:|1781443402\n|move|p1a: Meowscarada|Knock Off|p2a: Tinkaton\n|-start|p1a: Meowscarada|typechange|Dark|[from] ability: Protean\n|-resisted|p2a: Tinkaton\n|-damage|p2a: Tinkaton|0 fnt\n|-enditem|p2a: Tinkaton|Leftovers|[from] move: Knock Off|[of] p1a: Meowscarada\n|faint|p2a: Tinkaton\n|-damage|p1a: Meowscarada|223/247|[from] item: Life Orb\n|\n|upkeep\n|\n|t:|1781443405\n|switch|p2a: Noctowl|Noctowl, L95, F|344/344\n|turn|8\n|\n|t:|1781443419\n|move|p1a: Meowscarada|Triple Axel|p2a: Noctowl|[miss]\n|-miss|p1a: Meowscarada|p2a: Noctowl\n|move|p2a: Noctowl|Hurricane|p1a: Meowscarada\n|-damage|p1a: Meowscarada|48/247\n|\n|upkeep\n|turn|9\n|\n|t:|1781443434\n|move|p1a: Meowscarada|Triple Axel|p2a: Noctowl\n|-supereffective|p2a: Noctowl\n|-damage|p2a: Noctowl|292/344\n|-supereffective|p2a: Noctowl\n|-damage|p2a: Noctowl|193/344\n|-supereffective|p2a: Noctowl\n|-damage|p2a: Noctowl|53/344\n|-hitcount|p2a: Noctowl|3\n|-damage|p1a: Meowscarada|24/247|[from] item: Life Orb\n|move|p2a: Noctowl|Hyper Voice|p1a: Meowscarada\n|-damage|p1a: Meowscarada|0 fnt\n|faint|p1a: Meowscarada\n|\n|upkeep\n|\n|t:|1781443442\n|switch|p1a: Pecharunt|Pecharunt, L77|262/262\n|turn|10\n|\n|t:|1781443446\n|move|p2a: Noctowl|Roost|p2a: Noctowl\n|-heal|p2a: Noctowl|225/344\n|-singleturn|p2a: Noctowl|move: Roost\n|move|p1a: Pecharunt|Malignant Chain|p2a: Noctowl\n|-damage|p2a: Noctowl|152/344\n|\n|upkeep\n|turn|11\n|\n|t:|1781443450\n|-terastallize|p2a: Noctowl|Steel\n|move|p2a: Noctowl|Roost|p2a: Noctowl\n|-heal|p2a: Noctowl|324/344\n|move|p1a: Pecharunt|Nasty Plot|p1a: Pecharunt\n|-boost|p1a: Pecharunt|spa|2\n|\n|upkeep\n|turn|12\n|\n|t:|1781443454\n|move|p2a: Noctowl|Nasty Plot|p2a: Noctowl\n|-boost|p2a: Noctowl|spa|2\n|move|p1a: Pecharunt|Shadow Ball|p2a: Noctowl\n|-crit|p2a: Noctowl\n|-damage|p2a: Noctowl|156/344\n|\n|upkeep\n|turn|13\n|\n|t:|1781443457\n|move|p2a: Noctowl|Roost|p2a: Noctowl\n|-heal|p2a: Noctowl|328/344\n|move|p1a: Pecharunt|Shadow Ball|p2a: Noctowl\n|-damage|p2a: Noctowl|223/344\n|-unboost|p2a: Noctowl|spd|1\n|\n|upkeep\n|turn|14\n|\n|t:|1781443460\n|move|p2a: Noctowl|Hurricane|p1a: Pecharunt\n|-damage|p1a: Pecharunt|0 fnt\n|faint|p1a: Pecharunt\n|\n|upkeep\n|-message|46455i forfeited.\n|\n|win|Green Calf\n", "inputlog": ">version a8376a258c1d4662feba110a92103f3664a72141\n>start {\"formatid\":\"gen9randombattle\",\"seed\":\"sodium,deaf6b684a264148f4d19b8965f2df60\",\"rated\":\"Rated battle\"}\n>player p1 {\"name\":\"46455i\",\"avatar\":\"fisherman-gen4\",\"rating\":2063,\"seed\":\"sodium,b2fc91d52b37805f7493ca693cb675db\"}\n>player p2 {\"name\":\"Green Calf\",\"avatar\":\"2\",\"rating\":2016,\"seed\":\"sodium,0bdfaa6905d27f99ff84c062ecce17c8\"}\n>p1 move bravebird\n>p2 switch 2\n>p1 move bravebird\n>p2 move voltswitch\n>p2 switch 5\n>p1 move drillrun\n>p2 move gigatonhammer\n>p1 switch 4\n>p1 move agility\n>p2 move knockoff\n>p1 move shadowball\n>p2 move gigatonhammer\n>p1 move shadowball\n>p2 move playrough\n>p1 switch 2\n>p1 move knockoff\n>p2 move gigatonhammer\n>p2 switch 3\n>p1 move tripleaxel\n>p2 move hurricane\n>p1 move tripleaxel\n>p2 move hypervoice\n>p1 switch 6\n>p1 move malignantchain\n>p2 move roost\n>p1 move nastyplot\n>p2 move roost terastallize\n>p1 move shadowball\n>p2 move nastyplot\n>p1 move shadowball\n>p2 move roost\n>p1 move shadowball\n>p2 move hurricane\n>forcelose p1", "uploadtime": 1781443336, "views": 5, "formatid": "gen9randombattle", "rating": null, "private": 0, "password": null}