{"id": "gen9randombattle-2631488631", "format": "[Gen 9] Random Battle", "players": ["danhalabert", "54hu1k"], "log": "|j|\u2606danhalabert\n|j|\u260654hu1k\n|t:|1781391431\n|gametype|singles\n|player|p1|danhalabert|102|1040\n|player|p2|54hu1k|n|1080\n|gen|9\n|tier|[Gen 9] Random Battle\n|rated|\n|rule|Species Clause: Limit one of each Pok\u00e9mon\n|rule|HP Percentage Mod: HP is shown in percentages\n|rule|Sleep Clause Mod: Limit one foe put to sleep\n|rule|Illusion Level Mod: Illusion disguises the Pok\u00e9mon's true level\n|\n|t:|1781391431\n|teamsize|p1|6\n|teamsize|p2|6\n|start\n|switch|p1a: Scream Tail|Scream Tail, L84|330/330\n|switch|p2a: Ho-Oh|Ho-Oh, L71|268/268\n|turn|1\n|inactive|Battle timer is ON: inactive players will automatically lose when time's up. (requested by 54hu1k)\n|inactive|54hu1k has 120 seconds left.\n|\n|t:|1781391467\n|move|p1a: Scream Tail|Encore||[still]\n|-fail|p1a: Scream Tail\n|move|p2a: Ho-Oh|Brave Bird|p1a: Scream Tail\n|-damage|p1a: Scream Tail|221/330\n|-damage|p2a: Ho-Oh|232/268|[from] Recoil\n|\n|-heal|p1a: Scream Tail|241/330|[from] item: Leftovers\n|upkeep\n|turn|2\n|\n|t:|1781391479\n|move|p1a: Scream Tail|Dazzling Gleam|p2a: Ho-Oh\n|-resisted|p2a: Ho-Oh\n|-damage|p2a: Ho-Oh|208/268\n|move|p2a: Ho-Oh|Earthquake|p1a: Scream Tail\n|-damage|p1a: Scream Tail|184/330\n|\n|-heal|p1a: Scream Tail|204/330|[from] item: Leftovers\n|upkeep\n|turn|3\n|\n|t:|1781391491\n|move|p1a: Scream Tail|Protect|p1a: Scream Tail\n|-singleturn|p1a: Scream Tail|Protect\n|move|p2a: Ho-Oh|Brave Bird|p1a: Scream Tail\n|-activate|p1a: Scream Tail|move: Protect\n|\n|-heal|p1a: Scream Tail|224/330|[from] item: Leftovers\n|upkeep\n|turn|4\n|\n|t:|1781391501\n|move|p1a: Scream Tail|Dazzling Gleam|p2a: Ho-Oh\n|-resisted|p2a: Ho-Oh\n|-damage|p2a: Ho-Oh|184/268\n|move|p2a: Ho-Oh|Brave Bird|p1a: Scream Tail\n|-damage|p1a: Scream Tail|124/330\n|-damage|p2a: Ho-Oh|151/268|[from] Recoil\n|\n|-heal|p1a: Scream Tail|144/330|[from] item: Leftovers\n|upkeep\n|turn|5\n|\n|t:|1781391518\n|-end|p1a: Scream Tail|Protosynthesis|[silent]\n|switch|p1a: Toxapex|Toxapex, L82, F|216/216\n|move|p2a: Ho-Oh|Recover|p2a: Ho-Oh\n|-heal|p2a: Ho-Oh|268/268\n|\n|upkeep\n|turn|6\n|\n|t:|1781391532\n|move|p2a: Ho-Oh|Earthquake|p1a: Toxapex\n|-supereffective|p1a: Toxapex\n|-damage|p1a: Toxapex|130/216\n|move|p1a: Toxapex|Liquidation|p2a: Ho-Oh\n|-supereffective|p2a: Ho-Oh\n|-damage|p2a: Ho-Oh|130/268\n|-unboost|p2a: Ho-Oh|def|1\n|\n|-heal|p1a: Toxapex|143/216|[from] item: Leftovers\n|upkeep\n|turn|7\n|\n|t:|1781391549\n|move|p2a: Ho-Oh|Earthquake|p1a: Toxapex\n|-supereffective|p1a: Toxapex\n|-damage|p1a: Toxapex|55/216\n|move|p1a: Toxapex|Liquidation|p2a: Ho-Oh\n|-supereffective|p2a: Ho-Oh\n|-damage|p2a: Ho-Oh|0 fnt\n|faint|p2a: Ho-Oh\n|\n|-heal|p1a: Toxapex|68/216|[from] item: Leftovers\n|upkeep\n|\n|t:|1781391566\n|switch|p2a: Pikachu|Pikachu-Hoenn, L93, M|216/216\n|turn|8\n|\n|t:|1781391575\n|switch|p1a: Donphan|Donphan, L84, M|288/288\n|move|p2a: Pikachu|Volt Switch|p1a: Donphan\n|-immune|p1a: Donphan\n|\n|upkeep\n|turn|9\n|\n|t:|1781391589\n|-terastallize|p2a: Pikachu|Water\n|move|p2a: Pikachu|Surf|p1a: Donphan\n|-supereffective|p1a: Donphan\n|-ability|p1a: Donphan|Sturdy\n|-damage|p1a: Donphan|1/288\n|move|p1a: Donphan|Earthquake|p2a: Pikachu\n|-damage|p2a: Pikachu|12/216\n|\n|-heal|p1a: Donphan|19/288|[from] item: Leftovers\n|upkeep\n|turn|10\n|\n|t:|1781391603\n|move|p2a: Pikachu|Surf|p1a: Donphan\n|-supereffective|p1a: Donphan\n|-damage|p1a: Donphan|0 fnt\n|faint|p1a: Donphan\n|\n|upkeep\n|\n|t:|1781391615\n|switch|p1a: Pyroar|Pyroar, L88, M|295/295\n|-ability|p1a: Pyroar|Unnerve\n|turn|11\n|\n|t:|1781391623\n|move|p1a: Pyroar|Fire Blast|p2a: Pikachu\n|-resisted|p2a: Pikachu\n|-damage|p2a: Pikachu|0 fnt\n|faint|p2a: Pikachu\n|\n|upkeep\n|\n|t:|1781391627\n|switch|p2a: Lapras|Lapras, L87, F|367/367\n|turn|12\n|\n|t:|1781391637\n|move|p1a: Pyroar|Will-O-Wisp|p2a: Lapras\n|-status|p2a: Lapras|brn\n|move|p2a: Lapras|Waterfall|p1a: Pyroar\n|-supereffective|p1a: Pyroar\n|-damage|p1a: Pyroar|199/295\n|\n|-damage|p2a: Lapras|345/367 brn|[from] brn\n|upkeep\n|turn|13\n|\n|t:|1781391650\n|switch|p1a: Toxapex|Toxapex, L82, F|140/216\n|move|p2a: Lapras|Dragon Dance|p2a: Lapras\n|-boost|p2a: Lapras|atk|1\n|-boost|p2a: Lapras|spe|1\n|\n|-heal|p1a: Toxapex|153/216|[from] item: Leftovers\n|-damage|p2a: Lapras|323/367 brn|[from] brn\n|upkeep\n|turn|14\n|\n|t:|1781391666\n|move|p2a: Lapras|Dragon Dance|p2a: Lapras\n|-boost|p2a: Lapras|atk|1\n|-boost|p2a: Lapras|spe|1\n|move|p1a: Toxapex|Toxic||[still]\n|-fail|p1a: Toxapex\n|\n|-heal|p1a: Toxapex|166/216|[from] item: Leftovers\n|-damage|p2a: Lapras|301/367 brn|[from] brn\n|upkeep\n|turn|15\n|inactive|danhalabert has 120 seconds left.\n|\n|t:|1781391713\n|move|p2a: Lapras|Earthquake|p1a: Toxapex\n|-supereffective|p1a: Toxapex\n|-damage|p1a: Toxapex|78/216\n|move|p1a: Toxapex|Toxic||[still]\n|-fail|p1a: Toxapex\n|\n|-heal|p1a: Toxapex|91/216|[from] item: Leftovers\n|-damage|p2a: Lapras|279/367 brn|[from] brn\n|upkeep\n|turn|16\n|\n|t:|1781391730\n|-terastallize|p1a: Toxapex|Grass\n|move|p2a: Lapras|Earthquake|p1a: Toxapex\n|-resisted|p1a: Toxapex\n|-damage|p1a: Toxapex|70/216\n|move|p1a: Toxapex|Recover|p1a: Toxapex\n|-heal|p1a: Toxapex|178/216\n|\n|-heal|p1a: Toxapex|191/216|[from] item: Leftovers\n|-damage|p2a: Lapras|257/367 brn|[from] brn\n|upkeep\n|turn|17\n|\n|t:|1781391741\n|move|p2a: Lapras|Icicle Spear|p1a: Toxapex\n|-supereffective|p1a: Toxapex\n|-damage|p1a: Toxapex|155/216\n|-supereffective|p1a: Toxapex\n|-damage|p1a: Toxapex|119/216\n|-supereffective|p1a: Toxapex\n|-damage|p1a: Toxapex|86/216\n|-supereffective|p1a: Toxapex\n|-damage|p1a: Toxapex|52/216\n|-supereffective|p1a: Toxapex\n|-damage|p1a: Toxapex|15/216\n|-hitcount|p1a: Toxapex|5\n|move|p1a: Toxapex|Toxic||[still]\n|-fail|p1a: Toxapex\n|\n|-heal|p1a: Toxapex|28/216|[from] item: Leftovers\n|-damage|p2a: Lapras|235/367 brn|[from] brn\n|upkeep\n|turn|18\n|\n|t:|1781391761\n|switch|p1a: Sylveon|Sylveon, L85, M|300/300\n|move|p2a: Lapras|Icicle Spear|p1a: Sylveon\n|-damage|p1a: Sylveon|270/300\n|-damage|p1a: Sylveon|237/300\n|-damage|p1a: Sylveon|206/300\n|-damage|p1a: Sylveon|174/300\n|-damage|p1a: Sylveon|144/300\n|-hitcount|p1a: Sylveon|5\n|\n|-heal|p1a: Sylveon|162/300|[from] item: Leftovers\n|-damage|p2a: Lapras|213/367 brn|[from] brn\n|upkeep\n|turn|19\n|inactive|danhalabert has 90 seconds left.\n|\n|t:|1781391779\n|move|p2a: Lapras|Icicle Spear|p1a: Sylveon\n|-damage|p1a: Sylveon|132/300\n|-damage|p1a: Sylveon|99/300\n|-damage|p1a: Sylveon|69/300\n|-damage|p1a: Sylveon|36/300\n|-hitcount|p1a: Sylveon|4\n|move|p1a: Sylveon|Hyper Voice|p2a: Lapras\n|-damage|p2a: Lapras|98/367 brn\n|\n|-heal|p1a: Sylveon|54/300|[from] item: Leftovers\n|-damage|p2a: Lapras|76/367 brn|[from] brn\n|upkeep\n|turn|20\n|inactive|danhalabert has 90 seconds left.\n|-message|danhalabert forfeited.\n|\n|win|54hu1k\n|raw|danhalabert's rating: 1040 &rarr; <strong>1026</strong><br />(-14 for losing)\n|raw|54hu1k's rating: 1080 &rarr; <strong>1105</strong><br />(+25 for winning)\n|l|\u2606danhalabert\n|player|p1|\n", "inputlog": ">version a8376a258c1d4662feba110a92103f3664a72141\n>start {\"formatid\":\"gen9randombattle\",\"seed\":\"sodium,72c60bdf889bac59e9a34d1964bcba57\",\"rated\":\"Rated battle\"}\n>player p1 {\"name\":\"danhalabert\",\"avatar\":\"102\",\"rating\":1040,\"seed\":\"sodium,0571be0cde98f6c63eec5e74f7b61590\"}\n>player p2 {\"name\":\"54hu1k\",\"avatar\":\"n\",\"rating\":1080,\"seed\":\"sodium,fbe604ee15936dc0675816109ebc0705\"}\n>p1 move encore\n>p2 move bravebird\n>p1 move dazzlinggleam\n>p2 move earthquake\n>p1 move protect\n>p2 move bravebird\n>p1 move dazzlinggleam\n>p2 move bravebird\n>p1 switch 2\n>p2 move recover\n>p1 move liquidation\n>p2 move earthquake\n>p1 move liquidation\n>p2 move earthquake\n>p2 switch 2\n>p1 switch 6\n>p2 move voltswitch\n>p1 move earthquake\n>p2 move surf terastallize\n>p1 move stealthrock\n>p2 move surf\n>p1 switch 4\n>p1 move fireblast\n>p2 move surf\n>p2 switch 3\n>p1 move willowisp\n>p2 move waterfall\n>p1 switch 6\n>p2 move dragondance\n>p1 move toxic\n>p2 move dragondance\n>p1 move toxic\n>p2 move earthquake\n>p1 move recover terastallize\n>p2 move earthquake\n>p1 move toxic\n>p2 move iciclespear\n>p1 switch 5\n>p2 move iciclespear\n>p1 move hypervoice\n>p2 move iciclespear\n>forcelose p1", "uploadtime": 1781391820, "views": 5, "formatid": "gen9randombattle", "rating": 1026, "private": 0, "password": null}