{"id": "gen9randombattle-2631553721", "format": "[Gen 9] Random Battle", "players": ["evidencias", "Rocksas"], "log": "|j|\u2606evidencias\n|j|\u2606Rocksas\n|t:|1781400472\n|gametype|singles\n|player|p1|evidencias|rosa|1903\n|player|p2|Rocksas|n|1953\n|gen|9\n|tier|[Gen 9] Random Battle\n|rated|\n|rule|Species Clause: Limit one of each Pok\u00e9mon\n|rule|HP Percentage Mod: HP is shown in percentages\n|rule|Sleep Clause Mod: Limit one foe put to sleep\n|rule|Illusion Level Mod: Illusion disguises the Pok\u00e9mon's true level\n|\n|t:|1781400472\n|teamsize|p1|6\n|teamsize|p2|6\n|start\n|switch|p1a: Furret|Furret, L94, F|312/312\n|switch|p2a: Krookodile|Krookodile, L79, F|280/280\n|-item|p2a: Krookodile|Life Orb|[from] ability: Frisk|[of] p1a: Furret\n|-ability|p2a: Krookodile|Intimidate|boost\n|-unboost|p1a: Furret|atk|1\n|turn|1\n|inactive|Battle timer is ON: inactive players will automatically lose when time's up. (requested by evidencias)\n|\n|t:|1781400492\n|move|p1a: Furret|U-turn|p2a: Krookodile\n|-supereffective|p2a: Krookodile\n|-damage|p2a: Krookodile|164/280\n|\n|t:|1781400509\n|switch|p1a: Shaymin|Shaymin, L82|298/298|[from] U-turn\n|move|p2a: Krookodile|Stealth Rock|p1a: Shaymin\n|-sidestart|p1: evidencias|move: Stealth Rock\n|\n|upkeep\n|turn|2\n|\n|t:|1781400530\n|switch|p2a: Corviknight|Corviknight, L80, M|288/288\n|-ability|p2a: Corviknight|Pressure\n|move|p1a: Shaymin|Substitute|p1a: Shaymin\n|-start|p1a: Shaymin|Substitute\n|-damage|p1a: Shaymin|224/298\n|\n|-heal|p1a: Shaymin|242/298|[from] item: Leftovers\n|upkeep\n|turn|3\n|\n|t:|1781400538\n|move|p1a: Shaymin|Leech Seed|p2a: Corviknight\n|-start|p2a: Corviknight|move: Leech Seed\n|move|p2a: Corviknight|U-turn|p1a: Shaymin\n|-supereffective|p1a: Shaymin\n|-crit|p1a: Shaymin\n|-end|p1a: Shaymin|Substitute\n|\n|t:|1781400541\n|switch|p2a: Incineroar|Incineroar, L82, M|290/290|[from] U-turn\n|-ability|p2a: Incineroar|Intimidate|boost\n|-unboost|p1a: Shaymin|atk|1\n|\n|-heal|p1a: Shaymin|260/298|[from] item: Leftovers\n|upkeep\n|turn|4\n|\n|t:|1781400553\n|switch|p1a: Regirock|Regirock, L83|268/268\n|-damage|p1a: Regirock|235/268|[from] Stealth Rock\n|move|p2a: Incineroar|Overheat|p1a: Regirock\n|-resisted|p1a: Regirock\n|-damage|p1a: Regirock|179/268\n|-unboost|p2a: Incineroar|spa|2\n|\n|upkeep\n|turn|5\n|\n|t:|1781400558\n|move|p2a: Incineroar|U-turn|p1a: Regirock\n|-damage|p1a: Regirock|152/268\n|\n|t:|1781400562\n|switch|p2a: Krookodile|Krookodile, L79, F|164/280|[from] U-turn\n|-ability|p2a: Krookodile|Intimidate|boost\n|-fail|p1a: Regirock|unboost|[from] ability: Clear Body|[of] p1a: Regirock\n|move|p1a: Regirock|Curse|p1a: Regirock\n|-unboost|p1a: Regirock|spe|1\n|-boost|p1a: Regirock|atk|1\n|-boost|p1a: Regirock|def|1\n|\n|upkeep\n|turn|6\n|\n|t:|1781400573\n|move|p2a: Krookodile|Earthquake|p1a: Regirock\n|-supereffective|p1a: Regirock\n|-damage|p1a: Regirock|56/268\n|-damage|p2a: Krookodile|136/280|[from] item: Life Orb\n|move|p1a: Regirock|Rest|p1a: Regirock\n|-status|p1a: Regirock|slp|[from] move: Rest\n|-heal|p1a: Regirock|268/268 slp|[silent]\n|-enditem|p1a: Regirock|Chesto Berry|[eat]\n|-curestatus|p1a: Regirock|slp|[msg]\n|\n|upkeep\n|turn|7\n|\n|t:|1781400581\n|move|p2a: Krookodile|Earthquake|p1a: Regirock\n|-supereffective|p1a: Regirock\n|-damage|p1a: Regirock|159/268\n|-damage|p2a: Krookodile|108/280|[from] item: Life Orb\n|move|p1a: Regirock|Body Press|p2a: Krookodile\n|-supereffective|p2a: Krookodile\n|-damage|p2a: Krookodile|0 fnt\n|faint|p2a: Krookodile\n|\n|upkeep\n|\n|t:|1781400590\n|switch|p2a: Tauros|Tauros-Paldea-Combat, L82, M|257/257\n|-ability|p2a: Tauros|Intimidate|boost\n|-fail|p1a: Regirock|unboost|[from] ability: Clear Body|[of] p1a: Regirock\n|turn|8\n|\n|t:|1781400601\n|move|p2a: Tauros|Bulk Up|p2a: Tauros\n|-boost|p2a: Tauros|atk|1\n|-boost|p2a: Tauros|def|1\n|move|p1a: Regirock|Body Press|p2a: Tauros\n|-damage|p2a: Tauros|171/257\n|\n|upkeep\n|turn|9\n|\n|t:|1781400615\n|move|p2a: Tauros|Close Combat|p1a: Regirock\n|-supereffective|p1a: Regirock\n|-damage|p1a: Regirock|0 fnt\n|-unboost|p2a: Tauros|def|1\n|-unboost|p2a: Tauros|spd|1\n|faint|p1a: Regirock\n|-damage|p2a: Tauros|146/257|[from] item: Life Orb\n|\n|upkeep\n|\n|t:|1781400629\n|switch|p1a: Furret|Furret, L94, F|312/312\n|-damage|p1a: Furret|273/312|[from] Stealth Rock\n|-item|p2a: Tauros|Life Orb|[from] ability: Frisk|[of] p1a: Furret\n|turn|10\n|\n|t:|1781400636\n|switch|p2a: Corviknight|Corviknight, L80, M|288/288\n|-ability|p2a: Corviknight|Pressure\n|move|p1a: Furret|Trick|p2a: Corviknight\n|-activate|p1a: Furret|move: Trick|[of] p2a: Corviknight\n|-item|p2a: Corviknight|Choice Band|[from] move: Trick\n|-item|p1a: Furret|Leftovers|[from] move: Trick\n|\n|-heal|p1a: Furret|292/312|[from] item: Leftovers\n|upkeep\n|turn|11\n|\n|t:|1781400648\n|move|p1a: Furret|U-turn|p2a: Corviknight\n|-resisted|p2a: Corviknight\n|-damage|p2a: Corviknight|276/288\n|\n|t:|1781400651\n|switch|p1a: Magmortar|Magmortar, L88, M|275/275|[from] U-turn\n|-damage|p1a: Magmortar|207/275|[from] Stealth Rock\n|move|p2a: Corviknight|Brave Bird|p1a: Magmortar\n|-damage|p1a: Magmortar|33/275\n|-damage|p2a: Corviknight|219/288|[from] Recoil\n|\n|upkeep\n|turn|12\n|\n|t:|1781400661\n|switch|p2a: Slowking|Slowking, L88, M|310/310\n|move|p1a: Magmortar|Thunderbolt|p2a: Slowking\n|-supereffective|p2a: Slowking\n|-damage|p2a: Slowking|92/310\n|\n|-heal|p2a: Slowking|111/310|[from] item: Leftovers\n|upkeep\n|turn|13\n|\n|t:|1781400668\n|switch|p2a: Rhydon|Rhydon, L85, M|317/317\n|move|p1a: Magmortar|Thunderbolt|p2a: Rhydon\n|-ability|p2a: Rhydon|Lightning Rod|boost\n|-boost|p2a: Rhydon|spa|1\n|\n|upkeep\n|turn|14\n|\n|t:|1781400676\n|switch|p1a: Shaymin|Shaymin, L82|260/298\n|-damage|p1a: Shaymin|223/298|[from] Stealth Rock\n|move|p2a: Rhydon|Earthquake|p1a: Shaymin\n|-resisted|p1a: Shaymin\n|-damage|p1a: Shaymin|160/298\n|\n|-heal|p1a: Shaymin|178/298|[from] item: Leftovers\n|upkeep\n|turn|15\n|\n|t:|1781400689\n|switch|p2a: Incineroar|Incineroar, L82, M|290/290\n|-ability|p2a: Incineroar|Intimidate|boost\n|-unboost|p1a: Shaymin|atk|1\n|move|p1a: Shaymin|Seed Flare|p2a: Incineroar\n|-resisted|p2a: Incineroar\n|-damage|p2a: Incineroar|251/290\n|\n|-heal|p1a: Shaymin|196/298|[from] item: Leftovers\n|upkeep\n|turn|16\n|\n|t:|1781400698\n|move|p1a: Shaymin|Air Slash|p2a: Incineroar\n|-damage|p2a: Incineroar|216/290\n|move|p2a: Incineroar|Knock Off|p1a: Shaymin\n|-damage|p1a: Shaymin|93/298\n|-enditem|p1a: Shaymin|Leftovers|[from] move: Knock Off|[of] p2a: Incineroar\n|\n|upkeep\n|turn|17\n|\n|t:|1781400703\n|move|p1a: Shaymin|Air Slash|p2a: Incineroar\n|-crit|p2a: Incineroar\n|-damage|p2a: Incineroar|166/290\n|move|p2a: Incineroar|U-turn|p1a: Shaymin\n|-supereffective|p1a: Shaymin\n|-damage|p1a: Shaymin|0 fnt\n|faint|p1a: Shaymin\n|\n|t:|1781400707\n|switch|p2a: Tauros|Tauros-Paldea-Combat, L82, M|146/257|[from] U-turn\n|\n|upkeep\n|\n|t:|1781400719\n|switch|p1a: Furret|Furret, L94, F|292/312\n|-damage|p1a: Furret|253/312|[from] Stealth Rock\n|-item|p2a: Tauros|Life Orb|[from] ability: Frisk|[of] p1a: Furret\n|turn|18\n|\n|t:|1781400736\n|switch|p2a: Corviknight|Corviknight, L80, M|219/288\n|-ability|p2a: Corviknight|Pressure\n|-terastallize|p1a: Furret|Normal\n|move|p1a: Furret|Double-Edge|p2a: Corviknight\n|-resisted|p2a: Corviknight\n|-damage|p2a: Corviknight|143/288\n|-damage|p1a: Furret|228/312|[from] Recoil\n|\n|-heal|p1a: Furret|247/312|[from] item: Leftovers\n|upkeep\n|turn|19\n|\n|t:|1781400745\n|move|p1a: Furret|U-turn|p2a: Corviknight\n|-resisted|p2a: Corviknight\n|-damage|p2a: Corviknight|131/288\n|\n|t:|1781400747\n|switch|p1a: Magmortar|Magmortar, L88, M|33/275|[from] U-turn\n|-damage|p1a: Magmortar|0 fnt|[from] Stealth Rock\n|faint|p1a: Magmortar\n|move|p2a: Corviknight|Roost|p2a: Corviknight\n|-heal|p2a: Corviknight|275/288\n|-singleturn|p2a: Corviknight|move: Roost\n|\n|upkeep\n|\n|t:|1781400750\n|switch|p1a: Volcanion|Volcanion, L79|256/256\n|turn|20\n|\n|t:|1781400772\n|switch|p2a: Rhydon|Rhydon, L85, M|317/317\n|move|p1a: Volcanion|Earth Power|p2a: Rhydon\n|-supereffective|p2a: Rhydon\n|-damage|p2a: Rhydon|175/317\n|\n|upkeep\n|turn|21\n|\n|t:|1781400782\n|move|p1a: Volcanion|Steam Eruption|p2a: Rhydon\n|-supereffective|p2a: Rhydon\n|-damage|p2a: Rhydon|0 fnt\n|faint|p2a: Rhydon\n|\n|upkeep\n|\n|t:|1781400785\n|switch|p2a: Slowking|Slowking, L88, M|214/310\n|turn|22\n|\n|t:|1781400794\n|switch|p1a: Furret|Furret, L94, F, tera:Normal|247/312\n|-damage|p1a: Furret|208/312|[from] Stealth Rock\n|-item|p2a: Slowking|Leftovers|[from] ability: Frisk|[of] p1a: Furret\n|move|p2a: Slowking|Psyshock|p1a: Furret\n|-damage|p1a: Furret|97/312\n|\n|-heal|p1a: Furret|116/312|[from] item: Leftovers\n|-heal|p2a: Slowking|233/310|[from] item: Leftovers\n|upkeep\n|turn|23\n|\n|t:|1781400804\n|switch|p2a: Tauros|Tauros-Paldea-Combat, L82, M|146/257\n|-ability|p2a: Tauros|Intimidate|boost\n|-unboost|p1a: Furret|atk|1\n|move|p1a: Furret|Double-Edge|p2a: Tauros\n|-damage|p2a: Tauros|46/257\n|-damage|p1a: Furret|83/312|[from] Recoil\n|\n|-heal|p1a: Furret|102/312|[from] item: Leftovers\n|upkeep\n|turn|24\n|\n|t:|1781400812\n|move|p1a: Furret|Double-Edge|p2a: Tauros\n|-damage|p2a: Tauros|0 fnt\n|faint|p2a: Tauros\n|-damage|p1a: Furret|87/312|[from] Recoil\n|\n|-heal|p1a: Furret|106/312|[from] item: Leftovers\n|upkeep\n|\n|t:|1781400833\n|switch|p2a: Incineroar|Incineroar, L82, M|166/290\n|-ability|p2a: Incineroar|Intimidate|boost\n|-unboost|p1a: Furret|atk|1\n|turn|25\n|\n|t:|1781400846\n|move|p1a: Furret|Double-Edge|p2a: Incineroar\n|-damage|p2a: Incineroar|68/290\n|-damage|p1a: Furret|74/312|[from] Recoil\n|move|p2a: Incineroar|Knock Off|p1a: Furret\n|-crit|p1a: Furret\n|-damage|p1a: Furret|0 fnt\n|-enditem|p1a: Furret|Leftovers|[from] move: Knock Off|[of] p2a: Incineroar\n|faint|p1a: Furret\n|\n|upkeep\n|inactive|evidencias has 120 seconds left.\n|\n|t:|1781400872\n|switch|p1a: Alcremie|Alcremie-Ruby-Cream, L90, F|263/263\n|-damage|p1a: Alcremie|231/263|[from] Stealth Rock\n|turn|26\n|\n|t:|1781400880\n|move|p1a: Alcremie|Calm Mind|p1a: Alcremie\n|-boost|p1a: Alcremie|spa|1\n|-boost|p1a: Alcremie|spd|1\n|move|p2a: Incineroar|U-turn|p1a: Alcremie\n|-resisted|p1a: Alcremie\n|-damage|p1a: Alcremie|202/263\n|\n|t:|1781400899\n|switch|p2a: Slowking|Slowking, L88, M|310/310|[from] U-turn\n|\n|-heal|p1a: Alcremie|218/263|[from] item: Leftovers\n|upkeep\n|turn|27\n|\n|t:|1781400907\n|move|p1a: Alcremie|Alluring Voice|p2a: Slowking\n|-damage|p2a: Slowking|189/310\n|move|p2a: Slowking|Psyshock|p1a: Alcremie\n|-damage|p1a: Alcremie|122/263\n|\n|-heal|p1a: Alcremie|138/263|[from] item: Leftovers\n|-heal|p2a: Slowking|208/310|[from] item: Leftovers\n|upkeep\n|turn|28\n|\n|t:|1781400913\n|move|p1a: Alcremie|Alluring Voice|p2a: Slowking\n|-damage|p2a: Slowking|73/310\n|move|p2a: Slowking|Psyshock|p1a: Alcremie\n|-damage|p1a: Alcremie|32/263\n|\n|-heal|p1a: Alcremie|48/263|[from] item: Leftovers\n|-heal|p2a: Slowking|92/310|[from] item: Leftovers\n|upkeep\n|turn|29\n|\n|t:|1781400927\n|move|p1a: Alcremie|Recover|p1a: Alcremie\n|-heal|p1a: Alcremie|180/263\n|move|p2a: Slowking|Psyshock|p1a: Alcremie\n|-damage|p1a: Alcremie|75/263\n|\n|-heal|p1a: Alcremie|91/263|[from] item: Leftovers\n|-heal|p2a: Slowking|111/310|[from] item: Leftovers\n|upkeep\n|turn|30\n|\n|t:|1781400929\n|move|p1a: Alcremie|Alluring Voice|p2a: Slowking\n|-damage|p2a: Slowking|0 fnt\n|faint|p2a: Slowking\n|\n|-heal|p1a: Alcremie|107/263|[from] item: Leftovers\n|upkeep\n|\n|t:|1781400934\n|switch|p2a: Corviknight|Corviknight, L80, M|275/288\n|-ability|p2a: Corviknight|Pressure\n|turn|31\n|\n|t:|1781400948\n|move|p1a: Alcremie|Recover|p1a: Alcremie\n|-heal|p1a: Alcremie|239/263\n|move|p2a: Corviknight|Brave Bird|p1a: Alcremie\n|-damage|p1a: Alcremie|58/263\n|-damage|p2a: Corviknight|215/288|[from] Recoil\n|\n|-heal|p1a: Alcremie|74/263|[from] item: Leftovers\n|upkeep\n|turn|32\n|\n|t:|1781400961\n|move|p1a: Alcremie|Recover|p1a: Alcremie\n|-heal|p1a: Alcremie|206/263\n|move|p2a: Corviknight|Brave Bird|p1a: Alcremie\n|-damage|p1a: Alcremie|26/263\n|-damage|p2a: Corviknight|156/288|[from] Recoil\n|\n|-heal|p1a: Alcremie|42/263|[from] item: Leftovers\n|upkeep\n|turn|33\n|\n|t:|1781400969\n|move|p1a: Alcremie|Alluring Voice|p2a: Corviknight\n|-resisted|p2a: Corviknight\n|-damage|p2a: Corviknight|74/288\n|move|p2a: Corviknight|Brave Bird|p1a: Alcremie\n|-damage|p1a: Alcremie|0 fnt\n|faint|p1a: Alcremie\n|-damage|p2a: Corviknight|60/288|[from] Recoil\n|\n|upkeep\n|\n|t:|1781400972\n|switch|p1a: Volcanion|Volcanion, L79|256/256\n|turn|34\n|\n|t:|1781400981\n|-terastallize|p2a: Corviknight|Dragon\n|move|p1a: Volcanion|Steam Eruption|p2a: Corviknight\n|-resisted|p2a: Corviknight\n|-damage|p2a: Corviknight|0 fnt\n|faint|p2a: Corviknight\n|\n|upkeep\n|l|\u2606Rocksas\n|inactive|Rocksas disconnected and has a minute to reconnect!\n|player|p2|\n|inactive|Rocksas has 30 seconds to reconnect!\n|inactive|Rocksas has 20 seconds to reconnect!\n|inactive|Rocksas has 15 seconds to reconnect!\n|inactive|Rocksas has 10 seconds to reconnect!\n|inactive|Rocksas has 5 seconds to reconnect!\n|-message|Rocksas lost due to inactivity.\n|\n|win|evidencias\n", "inputlog": ">version a8376a258c1d4662feba110a92103f3664a72141\n>start {\"formatid\":\"gen9randombattle\",\"seed\":\"sodium,b1a544589d13744cb974b555ce4b25ab\",\"rated\":\"Rated battle\"}\n>player p1 {\"name\":\"evidencias\",\"avatar\":\"rosa\",\"rating\":1903,\"seed\":\"sodium,6cfeb0c4fdc005dba5e9e6516c5169a6\"}\n>player p2 {\"name\":\"Rocksas\",\"avatar\":\"n\",\"rating\":1953,\"seed\":\"sodium,dfce33d45ca451c2b5a8767b4fab3420\"}\n>p1 move uturn\n>p2 move stealthrock\n>p1 switch 4\n>p1 move substitute\n>p2 switch 4\n>p1 move leechseed\n>p2 move uturn\n>p2 switch 2\n>p1 switch 6\n>p2 move overheat\n>p1 move curse\n>p2 move uturn\n>p2 switch 4\n>p1 move rest\n>p2 move earthquake\n>p1 move bodypress\n>p2 move earthquake\n>p2 switch 6\n>p1 move bodypress\n>p2 move bulkup\n>p1 move bodypress\n>p2 move closecombat\n>p1 switch 4\n>p1 move trick\n>p2 switch 2\n>p1 move uturn\n>p2 move bravebird\n>p1 switch 2\n>p1 move thunderbolt\n>p2 switch 5\n>p1 move thunderbolt\n>p2 switch 3\n>p1 switch 6\n>p2 move earthquake\n>p1 move seedflare\n>p2 switch 4\n>p1 move airslash\n>p2 move knockoff\n>p1 move airslash\n>p2 move uturn\n>p2 switch 2\n>p1 switch 2\n>p1 move doubleedge terastallize\n>p2 switch 5\n>p1 move uturn\n>p2 move roost\n>p1 switch 6\n>p1 switch 3\n>p1 move earthpower\n>p2 switch 4\n>p1 move steameruption\n>p2 move earthquake\n>p2 switch 3\n>p1 switch 6\n>p2 move psyshock\n>p1 move doubleedge\n>p2 switch 5\n>p1 move doubleedge\n>p2 move closecombat\n>p2 switch 2\n>p1 move doubleedge\n>p2 move knockoff\n>p1 switch 5\n>p1 move calmmind\n>p2 move uturn\n>p2 switch 5\n>p1 move alluringvoice\n>p2 move psyshock\n>p1 move alluringvoice\n>p2 move psyshock\n>p1 move recover\n>p2 move psyshock\n>p1 move alluringvoice\n>p2 move slackoff\n>p2 switch 4\n>p1 move recover\n>p2 move bravebird\n>p1 move recover\n>p2 move bravebird\n>p1 move alluringvoice\n>p2 move bravebird\n>p1 switch 6\n>p1 move steameruption\n>p2 move bravebird terastallize\n>forcelose p2", "uploadtime": 1781400474, "views": 4, "formatid": "gen9randombattle", "rating": null, "private": 0, "password": null}