{"id": "gen9randombattle-2631629325", "format": "[Gen 9] Random Battle", "players": ["TRedden", "Monkus11"], "log": "|j|\u2606TRedden\n|j|\u2606Monkus11\n|t:|1781411421\n|gametype|singles\n|player|p1|TRedden|blue|1633\n|player|p2|Monkus11|2|1606\n|gen|9\n|tier|[Gen 9] Random Battle\n|rated|\n|rule|Species Clause: Limit one of each Pok\u00e9mon\n|rule|HP Percentage Mod: HP is shown in percentages\n|rule|Sleep Clause Mod: Limit one foe put to sleep\n|rule|Illusion Level Mod: Illusion disguises the Pok\u00e9mon's true level\n|\n|t:|1781411421\n|teamsize|p1|6\n|teamsize|p2|6\n|start\n|switch|p1a: Stonjourner|Stonjourner, L91, M|330/330\n|switch|p2a: Kingdra|Kingdra, L84, F|263/263\n|turn|1\n|\n|t:|1781411443\n|switch|p1a: Clawitzer|Clawitzer, L87, M|265/265\n|move|p2a: Kingdra|Rain Dance|p2a: Kingdra\n|-weather|RainDance\n|\n|-weather|RainDance|[upkeep]\n|upkeep\n|turn|2\n|\n|t:|1781411447\n|move|p2a: Kingdra|Hurricane|p1a: Clawitzer\n|-damage|p1a: Clawitzer|169/265\n|-damage|p2a: Kingdra|237/263|[from] item: Life Orb\n|move|p1a: Clawitzer|Dragon Pulse|p2a: Kingdra\n|-supereffective|p2a: Kingdra\n|-damage|p2a: Kingdra|0 fnt\n|faint|p2a: Kingdra\n|\n|-weather|RainDance|[upkeep]\n|upkeep\n|\n|t:|1781411479\n|switch|p2a: Okidogi|Okidogi, L77, M|262/262\n|turn|3\n|\n|t:|1781411484\n|move|p2a: Okidogi|Gunk Shot|p1a: Clawitzer|[miss]\n|-miss|p2a: Okidogi|p1a: Clawitzer\n|move|p1a: Clawitzer|Dragon Pulse|p2a: Okidogi\n|-damage|p2a: Okidogi|81/262\n|\n|-weather|RainDance|[upkeep]\n|-heal|p2a: Okidogi|97/262|[from] item: Leftovers\n|upkeep\n|turn|4\n|\n|t:|1781411489\n|move|p2a: Okidogi|Drain Punch|p1a: Clawitzer\n|-damage|p1a: Clawitzer|94/265\n|-heal|p2a: Okidogi|135/262|[from] drain|[of] p1a: Clawitzer\n|move|p1a: Clawitzer|Dragon Pulse|p2a: Okidogi\n|-damage|p2a: Okidogi|0 fnt\n|faint|p2a: Okidogi\n|\n|-weather|RainDance|[upkeep]\n|upkeep\n|\n|t:|1781411495\n|switch|p2a: Mesprit|Mesprit, L85|275/275\n|turn|5\n|\n|t:|1781411497\n|move|p2a: Mesprit|Thunderbolt|p1a: Clawitzer\n|-supereffective|p1a: Clawitzer\n|-damage|p1a: Clawitzer|0 fnt\n|faint|p1a: Clawitzer\n|\n|-weather|none\n|upkeep\n|inactive|Battle timer is ON: inactive players will automatically lose when time's up. (requested by Monkus11)\n|\n|t:|1781411511\n|switch|p1a: Scrafty|Scrafty, L83, F|244/244\n|turn|6\n|\n|t:|1781411520\n|move|p2a: Mesprit|Drain Punch|p1a: Scrafty\n|-supereffective|p1a: Scrafty\n|-damage|p1a: Scrafty|154/244\n|move|p1a: Scrafty|Knock Off|p2a: Mesprit\n|-supereffective|p2a: Mesprit\n|-damage|p2a: Mesprit|117/275\n|-enditem|p2a: Mesprit|Leftovers|[from] move: Knock Off|[of] p1a: Scrafty\n|\n|-heal|p1a: Scrafty|169/244|[from] item: Leftovers\n|upkeep\n|turn|7\n|\n|t:|1781411528\n|move|p2a: Mesprit|Drain Punch|p1a: Scrafty\n|-supereffective|p1a: Scrafty\n|-crit|p1a: Scrafty\n|-damage|p1a: Scrafty|29/244\n|-heal|p2a: Mesprit|187/275|[from] drain|[of] p1a: Scrafty\n|move|p1a: Scrafty|Rest|p1a: Scrafty\n|-status|p1a: Scrafty|slp|[from] move: Rest\n|-heal|p1a: Scrafty|244/244 slp|[silent]\n|\n|upkeep\n|turn|8\n|\n|t:|1781411539\n|switch|p1a: Houndstone|Houndstone, L86, F|264/264\n|move|p2a: Mesprit|Stealth Rock|p1a: Houndstone\n|-sidestart|p1: TRedden|move: Stealth Rock\n|\n|upkeep\n|turn|9\n|\n|t:|1781411542\n|move|p2a: Mesprit|Psychic Noise|p1a: Houndstone\n|-damage|p1a: Houndstone|186/264\n|-start|p1a: Houndstone|move: Heal Block\n|move|p1a: Houndstone|Poltergeist||[still]\n|-fail|p1a: Houndstone\n|\n|upkeep\n|turn|10\n|\n|t:|1781411560\n|switch|p1a: Scrafty|Scrafty, L83, F|244/244 slp\n|-damage|p1a: Scrafty|229/244 slp|[from] Stealth Rock\n|move|p2a: Mesprit|Psychic Noise|p1a: Scrafty\n|-immune|p1a: Scrafty\n|\n|-activate|p1a: Scrafty|ability: Shed Skin\n|-curestatus|p1a: Scrafty|slp|[msg]\n|-heal|p1a: Scrafty|244/244|[from] item: Leftovers\n|upkeep\n|turn|11\n|\n|t:|1781411563\n|move|p2a: Mesprit|Thunderbolt|p1a: Scrafty\n|-damage|p1a: Scrafty|182/244\n|move|p1a: Scrafty|Knock Off|p2a: Mesprit\n|-supereffective|p2a: Mesprit\n|-damage|p2a: Mesprit|83/275\n|\n|-heal|p1a: Scrafty|197/244|[from] item: Leftovers\n|upkeep\n|turn|12\n|\n|t:|1781411568\n|move|p2a: Mesprit|Drain Punch|p1a: Scrafty\n|-supereffective|p1a: Scrafty\n|-crit|p1a: Scrafty\n|-damage|p1a: Scrafty|63/244\n|-heal|p2a: Mesprit|150/275|[from] drain|[of] p1a: Scrafty\n|move|p1a: Scrafty|Bulk Up|p1a: Scrafty\n|-boost|p1a: Scrafty|atk|1\n|-boost|p1a: Scrafty|def|1\n|\n|-heal|p1a: Scrafty|78/244|[from] item: Leftovers\n|upkeep\n|turn|13\n|\n|t:|1781411575\n|move|p2a: Mesprit|Drain Punch|p1a: Scrafty\n|-supereffective|p1a: Scrafty\n|-damage|p1a: Scrafty|6/244\n|-heal|p2a: Mesprit|186/275|[from] drain|[of] p1a: Scrafty\n|move|p1a: Scrafty|Rest|p1a: Scrafty\n|-status|p1a: Scrafty|slp|[from] move: Rest\n|-heal|p1a: Scrafty|244/244 slp|[silent]\n|\n|upkeep\n|turn|14\n|\n|t:|1781411578\n|move|p2a: Mesprit|Thunderbolt|p1a: Scrafty\n|-damage|p1a: Scrafty|190/244 slp\n|cant|p1a: Scrafty|slp\n|\n|-activate|p1a: Scrafty|ability: Shed Skin\n|-curestatus|p1a: Scrafty|slp|[msg]\n|-heal|p1a: Scrafty|205/244|[from] item: Leftovers\n|upkeep\n|turn|15\n|\n|t:|1781411585\n|move|p2a: Mesprit|Thunderbolt|p1a: Scrafty\n|-damage|p1a: Scrafty|149/244\n|move|p1a: Scrafty|Knock Off|p2a: Mesprit\n|-supereffective|p2a: Mesprit\n|-damage|p2a: Mesprit|18/275\n|\n|-heal|p1a: Scrafty|164/244|[from] item: Leftovers\n|upkeep\n|turn|16\n|\n|t:|1781411590\n|move|p2a: Mesprit|Thunderbolt|p1a: Scrafty\n|-damage|p1a: Scrafty|103/244\n|-status|p1a: Scrafty|par\n|move|p1a: Scrafty|Knock Off|p2a: Mesprit\n|-supereffective|p2a: Mesprit\n|-damage|p2a: Mesprit|0 fnt\n|faint|p2a: Mesprit\n|\n|-heal|p1a: Scrafty|118/244 par|[from] item: Leftovers\n|upkeep\n|\n|t:|1781411599\n|switch|p2a: Grumpig|Grumpig, L92, M|297/297\n|turn|17\n|\n|t:|1781411601\n|move|p2a: Grumpig|Focus Blast|p1a: Scrafty\n|-supereffective|p1a: Scrafty\n|-damage|p1a: Scrafty|0 fnt\n|faint|p1a: Scrafty\n|\n|upkeep\n|\n|t:|1781411606\n|switch|p1a: Houndstone|Houndstone, L86, F|186/264\n|-damage|p1a: Houndstone|153/264|[from] Stealth Rock\n|turn|18\n|\n|t:|1781411609\n|move|p2a: Grumpig|Shadow Ball|p1a: Houndstone\n|-supereffective|p1a: Houndstone\n|-damage|p1a: Houndstone|31/264\n|move|p1a: Houndstone|Poltergeist|p2a: Grumpig\n|-activate|p2a: Grumpig|move: Poltergeist|Leftovers\n|-supereffective|p2a: Grumpig\n|-damage|p2a: Grumpig|21/297\n|\n|-heal|p2a: Grumpig|39/297|[from] item: Leftovers\n|-heal|p1a: Houndstone|47/264|[from] item: Leftovers\n|upkeep\n|turn|19\n|\n|t:|1781411616\n|move|p2a: Grumpig|Shadow Ball|p1a: Houndstone\n|-supereffective|p1a: Houndstone\n|-damage|p1a: Houndstone|0 fnt\n|faint|p1a: Houndstone\n|\n|-heal|p2a: Grumpig|57/297|[from] item: Leftovers\n|upkeep\n|\n|t:|1781411621\n|switch|p1a: Calyrex|Calyrex-Ice, L72|263/263\n|-ability|p1a: Calyrex|As One\n|-ability|p1a: Calyrex|Unnerve\n|-damage|p1a: Calyrex|198/263|[from] Stealth Rock\n|turn|20\n|\n|t:|1781411624\n|move|p2a: Grumpig|Shadow Ball|p1a: Calyrex\n|-supereffective|p1a: Calyrex\n|-damage|p1a: Calyrex|98/263\n|-unboost|p1a: Calyrex|spd|1\n|-enditem|p1a: Calyrex|Weakness Policy\n|-boost|p1a: Calyrex|atk|2|[from] item: Weakness Policy\n|-boost|p1a: Calyrex|spa|2|[from] item: Weakness Policy\n|move|p1a: Calyrex|Agility|p1a: Calyrex\n|-boost|p1a: Calyrex|spe|2\n|\n|-heal|p2a: Grumpig|75/297|[from] item: Leftovers\n|upkeep\n|turn|21\n|\n|t:|1781411630\n|move|p1a: Calyrex|High Horsepower|p2a: Grumpig\n|-damage|p2a: Grumpig|0 fnt\n|faint|p2a: Grumpig\n|-ability|p1a: Calyrex|Chilling Neigh|boost\n|-boost|p1a: Calyrex|atk|1\n|\n|upkeep\n|\n|t:|1781411637\n|switch|p2a: Magcargo|Magcargo, L95, M|268/268\n|turn|22\n|\n|t:|1781411643\n|-terastallize|p1a: Calyrex|Fighting\n|move|p1a: Calyrex|High Horsepower|p2a: Magcargo\n|-supereffective|p2a: Magcargo\n|-damage|p2a: Magcargo|0 fnt\n|-status|p1a: Calyrex|brn|[from] ability: Flame Body|[of] p2a: Magcargo\n|faint|p2a: Magcargo\n|-ability|p1a: Calyrex|Chilling Neigh|boost\n|-boost|p1a: Calyrex|atk|1\n|\n|-damage|p1a: Calyrex|82/263 brn|[from] brn\n|upkeep\n|\n|t:|1781411645\n|switch|p2a: Houndstone|Houndstone, L86, M|264/264\n|turn|23\n|\n|t:|1781411651\n|move|p1a: Calyrex|Glacial Lance|p2a: Houndstone\n|-damage|p2a: Houndstone|79/264\n|move|p2a: Houndstone|Poltergeist||[still]\n|-fail|p2a: Houndstone\n|\n|-heal|p2a: Houndstone|95/264|[from] item: Leftovers\n|-damage|p1a: Calyrex|66/263 brn|[from] brn\n|upkeep\n|turn|24\n|-message|Monkus11 forfeited.\n|\n|win|TRedden\n|raw|TRedden's rating: 1633 &rarr; <strong>1651</strong><br />(+18 for winning)\n|raw|Monkus11's rating: 1606 &rarr; <strong>1588</strong><br />(-18 for losing)\n|l|\u2606Monkus11\n|player|p2|\n", "inputlog": ">version a8376a258c1d4662feba110a92103f3664a72141\n>start {\"formatid\":\"gen9randombattle\",\"seed\":\"sodium,72a96ea3bbbc4d609689244fff491f93\",\"rated\":\"Rated battle\"}\n>player p1 {\"name\":\"TRedden\",\"avatar\":\"blue\",\"rating\":1633,\"seed\":\"sodium,4da4eb97312d665c96dc0b5e17d7acb8\"}\n>player p2 {\"name\":\"Monkus11\",\"avatar\":\"2\",\"rating\":1606,\"seed\":\"sodium,dbd2152b4c2287e45c9dbb85b3faef20\"}\n>p1 switch 5\n>p2 move raindance\n>p1 move dragonpulse\n>p2 move hurricane\n>p2 switch 6\n>p1 move dragonpulse\n>p2 move gunkshot\n>p1 move dragonpulse\n>p2 move drainpunch\n>p2 switch 4\n>p1 move dragonpulse\n>p2 move thunderbolt\n>p1 switch 4\n>p1 move knockoff\n>p2 move drainpunch\n>p1 move rest\n>p2 move drainpunch\n>p1 switch 6\n>p2 move stealthrock\n>p1 move poltergeist\n>p2 move psychicnoise\n>p1 switch 6\n>p2 move psychicnoise\n>p1 move knockoff\n>p2 move thunderbolt\n>p1 move bulkup\n>p2 move drainpunch\n>p1 move rest\n>p2 move drainpunch\n>p1 move knockoff\n>p2 move thunderbolt\n>p1 move knockoff\n>p2 move thunderbolt\n>p1 move knockoff\n>p2 move thunderbolt\n>p2 switch 5\n>p1 move rest\n>p2 move focusblast\n>p1 switch 6\n>p1 move poltergeist\n>p2 move shadowball\n>p1 move rest\n>p2 move shadowball\n>p1 switch 3\n>p1 move agility\n>p2 move shadowball\n>p1 move highhorsepower\n>p2 move shadowball\n>p2 switch 2\n>p1 move highhorsepower terastallize\n>p2 move lavaplume\n>p2 switch 3\n>p1 move glaciallance\n>p2 move poltergeist\n>forcelose p2", "uploadtime": 1781411657, "views": 4, "formatid": "gen9randombattle", "rating": 1588, "private": 0, "password": null}