{"id": "gen9randombattle-2631996131", "format": "[Gen 9] Random Battle", "players": ["jokaire", "laundry bias"], "log": "|j|\u2606jokaire\n|j|\u2606laundry bias\n|t:|1781464060\n|gametype|singles\n|player|p1|jokaire|clown|1905\n|player|p2|laundry bias|101|1931\n|gen|9\n|tier|[Gen 9] Random Battle\n|rated|\n|rule|Species Clause: Limit one of each Pok\u00e9mon\n|rule|HP Percentage Mod: HP is shown in percentages\n|rule|Sleep Clause Mod: Limit one foe put to sleep\n|rule|Illusion Level Mod: Illusion disguises the Pok\u00e9mon's true level\n|\n|t:|1781464060\n|teamsize|p1|6\n|teamsize|p2|6\n|start\n|switch|p1a: Uxie|Uxie, L83|260/260\n|switch|p2a: Talonflame|Talonflame, L83, M|265/265\n|turn|1\n|inactive|Battle timer is ON: inactive players will automatically lose when time's up. (requested by laundry bias)\n|\n|t:|1781464080\n|switch|p2a: Sandaconda|Sandaconda, L84, M|258/258\n|move|p1a: Uxie|Knock Off|p2a: Sandaconda\n|-damage|p2a: Sandaconda|213/258\n|-enditem|p2a: Sandaconda|Leftovers|[from] move: Knock Off|[of] p1a: Uxie\n|\n|upkeep\n|turn|2\n|\n|t:|1781464089\n|switch|p1a: Bronzong|Bronzong, L88|261/261\n|move|p2a: Sandaconda|Glare|p1a: Bronzong\n|-status|p1a: Bronzong|par\n|\n|upkeep\n|turn|3\n|\n|t:|1781464097\n|move|p2a: Sandaconda|Stealth Rock|p1a: Bronzong\n|-sidestart|p1: jokaire|move: Stealth Rock\n|move|p1a: Bronzong|Iron Defense|p1a: Bronzong\n|-boost|p1a: Bronzong|def|2\n|\n|upkeep\n|turn|4\n|\n|t:|1781464106\n|switch|p2a: Talonflame|Talonflame, L83, M|265/265\n|cant|p1a: Bronzong|par\n|\n|upkeep\n|turn|5\n|\n|t:|1781464116\n|move|p2a: Talonflame|Overheat|p1a: Bronzong|[miss]\n|-miss|p2a: Talonflame|p1a: Bronzong\n|cant|p1a: Bronzong|par\n|\n|upkeep\n|turn|6\n|\n|t:|1781464118\n|move|p2a: Talonflame|Overheat|p1a: Bronzong\n|-supereffective|p1a: Bronzong\n|-damage|p1a: Bronzong|79/261 par\n|-unboost|p2a: Talonflame|spa|2\n|cant|p1a: Bronzong|par\n|\n|upkeep\n|turn|7\n|\n|t:|1781464121\n|move|p2a: Talonflame|Overheat|p1a: Bronzong\n|-supereffective|p1a: Bronzong\n|-damage|p1a: Bronzong|0 fnt\n|-unboost|p2a: Talonflame|spa|2\n|faint|p1a: Bronzong\n|\n|upkeep\n|\n|t:|1781464130\n|switch|p1a: Floatzel|Floatzel, L86, F|286/286\n|-damage|p1a: Floatzel|251/286|[from] Stealth Rock\n|turn|8\n|inactive|laundry bias has 120 seconds left.\n|\n|t:|1781464162\n|switch|p2a: Baxcalibur|Baxcalibur, L75, M|296/296\n|move|p1a: Floatzel|Bulk Up|p1a: Floatzel\n|-boost|p1a: Floatzel|atk|1\n|-boost|p1a: Floatzel|def|1\n|\n|-heal|p1a: Floatzel|268/286|[from] item: Leftovers\n|upkeep\n|turn|9\n|inactive|laundry bias has 120 seconds left.\n|\n|t:|1781464187\n|move|p1a: Floatzel|Bulk Up|p1a: Floatzel\n|-boost|p1a: Floatzel|atk|1\n|-boost|p1a: Floatzel|def|1\n|move|p2a: Baxcalibur|Dragon Dance|p2a: Baxcalibur\n|-boost|p2a: Baxcalibur|atk|1\n|-boost|p2a: Baxcalibur|spe|1\n|\n|-heal|p1a: Floatzel|285/286|[from] item: Leftovers\n|upkeep\n|turn|10\n|inactive|laundry bias has 120 seconds left.\n|\n|t:|1781464201\n|move|p2a: Baxcalibur|Dragon Dance|p2a: Baxcalibur\n|-boost|p2a: Baxcalibur|atk|1\n|-boost|p2a: Baxcalibur|spe|1\n|move|p1a: Floatzel|Wave Crash|p2a: Baxcalibur\n|-resisted|p2a: Baxcalibur\n|-damage|p2a: Baxcalibur|140/296\n|-damage|p1a: Floatzel|234/286|[from] Recoil\n|\n|-heal|p1a: Floatzel|251/286|[from] item: Leftovers\n|upkeep\n|turn|11\n|\n|t:|1781464207\n|move|p2a: Baxcalibur|Glaive Rush|p1a: Floatzel\n|-damage|p1a: Floatzel|65/286\n|-singlemove|p2a: Baxcalibur|Glaive Rush|[silent]\n|move|p1a: Floatzel|Wave Crash|p2a: Baxcalibur\n|-resisted|p2a: Baxcalibur\n|-damage|p2a: Baxcalibur|0 fnt\n|faint|p2a: Baxcalibur\n|-damage|p1a: Floatzel|19/286|[from] Recoil\n|\n|-heal|p1a: Floatzel|36/286|[from] item: Leftovers\n|upkeep\n|\n|t:|1781464214\n|switch|p2a: Talonflame|Talonflame, L83, M|265/265\n|turn|12\n|\n|t:|1781464232\n|move|p2a: Talonflame|Brave Bird|p1a: Floatzel\n|-damage|p1a: Floatzel|0 fnt\n|faint|p1a: Floatzel\n|-damage|p2a: Talonflame|253/265|[from] Recoil\n|\n|upkeep\n|\n|t:|1781464240\n|switch|p1a: Hydreigon|Hydreigon, L79, F|275/275\n|-damage|p1a: Hydreigon|241/275|[from] Stealth Rock\n|turn|13\n|inactive|laundry bias has 120 seconds left.\n|\n|t:|1781464281\n|move|p1a: Hydreigon|Draco Meteor|p2a: Talonflame\n|-damage|p2a: Talonflame|78/265\n|-unboost|p1a: Hydreigon|spa|2\n|move|p2a: Talonflame|Brave Bird|p1a: Hydreigon\n|-damage|p1a: Hydreigon|124/275\n|-damage|p2a: Talonflame|39/265|[from] Recoil\n|\n|upkeep\n|turn|14\n|\n|t:|1781464295\n|switch|p2a: Perrserker|Perrserker, L89, F|269/269\n|move|p1a: Hydreigon|Draco Meteor|p2a: Perrserker|[miss]\n|-miss|p1a: Hydreigon|p2a: Perrserker\n|\n|upkeep\n|turn|15\n|\n|t:|1781464299\n|switch|p1a: Uxie|Uxie, L83|260/260\n|-damage|p1a: Uxie|228/260|[from] Stealth Rock\n|move|p2a: Perrserker|U-turn|p1a: Uxie\n|-supereffective|p1a: Uxie\n|-damage|p1a: Uxie|36/260\n|\n|t:|1781464308\n|switch|p2a: Talonflame|Talonflame, L83, M|39/265|[from] U-turn\n|\n|-heal|p1a: Uxie|52/260|[from] item: Leftovers\n|upkeep\n|turn|16\n|\n|t:|1781464314\n|move|p2a: Talonflame|Brave Bird|p1a: Uxie\n|-damage|p1a: Uxie|0 fnt\n|faint|p1a: Uxie\n|-damage|p2a: Talonflame|22/265|[from] Recoil\n|\n|upkeep\n|\n|t:|1781464324\n|switch|p1a: Hydreigon|Hydreigon, L79, F|124/275\n|-damage|p1a: Hydreigon|90/275|[from] Stealth Rock\n|turn|17\n|inactive|laundry bias has 120 seconds left.\n|\n|t:|1781464370\n|move|p1a: Hydreigon|Dark Pulse|p2a: Talonflame\n|-damage|p2a: Talonflame|0 fnt\n|faint|p2a: Talonflame\n|\n|upkeep\n|\n|t:|1781464373\n|switch|p2a: Sandaconda|Sandaconda, L84, M|213/258\n|turn|18\n|\n|t:|1781464377\n|move|p1a: Hydreigon|Dark Pulse|p2a: Sandaconda\n|-damage|p2a: Sandaconda|104/258\n|move|p2a: Sandaconda|Glare|p1a: Hydreigon\n|-status|p1a: Hydreigon|par\n|\n|upkeep\n|turn|19\n|\n|t:|1781464385\n|move|p2a: Sandaconda|Stone Edge|p1a: Hydreigon|[miss]\n|-miss|p2a: Sandaconda|p1a: Hydreigon\n|move|p1a: Hydreigon|Dark Pulse|p2a: Sandaconda\n|-damage|p2a: Sandaconda|0 fnt\n|faint|p2a: Sandaconda\n|\n|upkeep\n|\n|t:|1781464392\n|switch|p2a: Perrserker|Perrserker, L89, F|269/269\n|turn|20\n|\n|t:|1781464396\n|move|p1a: Hydreigon|Dark Pulse|p2a: Perrserker\n|-damage|p2a: Perrserker|163/269\n|move|p2a: Perrserker|U-turn|p1a: Hydreigon\n|-supereffective|p1a: Hydreigon\n|-damage|p1a: Hydreigon|0 fnt\n|faint|p1a: Hydreigon\n|\n|t:|1781464398\n|switch|p2a: Raikou|Raikou, L81|278/278|[from] U-turn\n|-ability|p2a: Raikou|Pressure\n|\n|upkeep\n|\n|t:|1781464403\n|switch|p1a: Spectrier|Spectrier, L75|274/274\n|-damage|p1a: Spectrier|240/274|[from] Stealth Rock\n|turn|21\n|inactive|laundry bias has 120 seconds left.\n|\n|t:|1781464448\n|move|p1a: Spectrier|Nasty Plot|p1a: Spectrier\n|-boost|p1a: Spectrier|spa|2\n|move|p2a: Raikou|Thunderbolt|p1a: Spectrier\n|-damage|p1a: Spectrier|42/274\n|\n|-heal|p1a: Spectrier|59/274|[from] item: Leftovers\n|upkeep\n|turn|22\n|\n|t:|1781464453\n|-terastallize|p1a: Spectrier|Fairy\n|move|p1a: Spectrier|Draining Kiss|p2a: Raikou\n|-damage|p2a: Raikou|133/278\n|-heal|p1a: Spectrier|168/274|[from] drain|[of] p2a: Raikou\n|move|p2a: Raikou|Thunderbolt|p1a: Spectrier\n|-damage|p1a: Spectrier|0 fnt\n|faint|p1a: Spectrier\n|\n|upkeep\n|\n|t:|1781464471\n|switch|p1a: Ogerpon|Ogerpon-Cornerstone, L76, F|247/247\n|-damage|p1a: Ogerpon|217/247|[from] Stealth Rock\n|turn|23\n|inactive|laundry bias has 120 seconds left.\n|\n|t:|1781464496\n|switch|p2a: Perrserker|Perrserker, L89, F|163/269\n|move|p1a: Ogerpon|Power Whip|p2a: Perrserker|[miss]\n|-miss|p1a: Ogerpon|p2a: Perrserker\n|\n|upkeep\n|turn|24\n|-message|jokaire forfeited.\n|\n|win|laundry bias\n", "inputlog": ">version a8376a258c1d4662feba110a92103f3664a72141\n>start {\"formatid\":\"gen9randombattle\",\"seed\":\"sodium,71810f8bb9ab79859ff3c1813cce3203\",\"rated\":\"Rated battle\"}\n>player p1 {\"name\":\"jokaire\",\"avatar\":\"clown\",\"rating\":1905,\"seed\":\"sodium,c17d2184e066faa24868bd8284598c34\"}\n>player p2 {\"name\":\"laundry bias\",\"avatar\":\"101\",\"rating\":1931,\"seed\":\"sodium,3caa94cc190670d626e82e2fb3c6fe0e\"}\n>p1 move knockoff\n>p2 switch 2\n>p1 switch 2\n>p2 move glare\n>p1 move irondefense\n>p2 move stealthrock\n>p1 move psychicnoise\n>p2 switch 2\n>p1 move rest\n>p2 move overheat\n>p1 move rest\n>p2 move overheat\n>p1 move rest\n>p2 move overheat\n>p1 switch 5\n>p1 move bulkup\n>p2 switch 4\n>p1 move bulkup\n>p2 move dragondance\n>p1 move wavecrash\n>p2 move dragondance\n>p1 move wavecrash\n>p2 move glaiverush\n>p2 switch 4\n>p1 move wavecrash\n>p2 move bravebird\n>p1 switch 3\n>p1 move dracometeor\n>p2 move bravebird\n>p1 move dracometeor\n>p2 switch 5\n>p1 switch 2\n>p2 move uturn\n>p2 switch 5\n>p1 move psychicnoise\n>p2 move bravebird\n>p1 switch 2\n>p1 move darkpulse\n>p2 move roost\n>p2 switch 2\n>p1 move darkpulse\n>p2 move glare\n>p1 move darkpulse\n>p2 move stoneedge\n>p2 switch 5\n>p1 move darkpulse\n>p2 move uturn\n>p2 switch 6\n>p1 switch 6\n>p1 move nastyplot\n>p2 move thunderbolt\n>p1 move drainingkiss terastallize\n>p2 move thunderbolt\n>p1 switch 4\n>p1 move powerwhip\n>p2 switch 6\n>forcelose p1", "uploadtime": 1781464061, "views": 9, "formatid": "gen9randombattle", "rating": null, "private": 0, "password": null}