{"id": "gen9randombattle-2631946748", "format": "[Gen 9] Random Battle", "players": ["animeksani", "fiddlw"], "log": "|j|\u2606animeksani\n|j|\u2606fiddlw\n|inactive|Battle timer is ON: inactive players will automatically lose when time's up.\n|t:|1781458669\n|gametype|singles\n|player|p1|animeksani|bruno|\n|player|p2|fiddlw|aarune|\n|gen|9\n|tier|[Gen 9] Random Battle\n|rated|Tournament battle\n|rule|Species Clause: Limit one of each Pok\u00e9mon\n|rule|HP Percentage Mod: HP is shown in percentages\n|rule|Sleep Clause Mod: Limit one foe put to sleep\n|rule|Illusion Level Mod: Illusion disguises the Pok\u00e9mon's true level\n|rule|Same Type Clause: Pok\u00e9mon in a team must share a type\n|raw|<div class=\"infobox\"><details class=\"readmore\" open><summary><strong>1 custom rule:</strong></summary> same type clause</details></div>\n|\n|t:|1781458669\n|teamsize|p1|6\n|teamsize|p2|6\n|start\n|switch|p1a: Vespiquen|Vespiquen, L99, F|299/299\n|switch|p2a: Araquanid|Araquanid, L82, F|246/246\n|-ability|p1a: Vespiquen|Pressure\n|turn|1\n|j|*Lady Monita \n|inactive|fiddlw also wants the timer to be on.\n|\n|t:|1781458686\n|move|p1a: Vespiquen|Hurricane|p2a: Araquanid|[miss]\n|-miss|p1a: Vespiquen|p2a: Araquanid\n|move|p2a: Araquanid|Sticky Web|p1a: Vespiquen\n|-sidestart|p1: animeksani|move: Sticky Web\n|\n|upkeep\n|turn|2\n|c|\u2606fiddlw|glhff\n|\n|t:|1781458706\n|switch|p2a: Manaphy|Manaphy, L78|284/284\n|move|p1a: Vespiquen|Hurricane|p2a: Manaphy|[miss]\n|-miss|p1a: Vespiquen|p2a: Manaphy\n|\n|upkeep\n|turn|3\n|\n|t:|1781458711\n|move|p2a: Manaphy|Tail Glow|p2a: Manaphy\n|-boost|p2a: Manaphy|spa|3\n|move|p1a: Vespiquen|Hurricane|p2a: Manaphy\n|-crit|p2a: Manaphy\n|-damage|p2a: Manaphy|89/284\n|-start|p2a: Manaphy|confusion\n|\n|-heal|p2a: Manaphy|106/284|[from] item: Leftovers\n|upkeep\n|turn|4\n|\n|t:|1781458721\n|-activate|p2a: Manaphy|confusion\n|move|p2a: Manaphy|Ice Beam|p1a: Vespiquen\n|-supereffective|p1a: Vespiquen\n|-damage|p1a: Vespiquen|101/299\n|move|p1a: Vespiquen|Hurricane|p2a: Manaphy\n|-damage|p2a: Manaphy|0 fnt\n|faint|p2a: Manaphy\n|\n|upkeep\n|\n|t:|1781458725\n|switch|p2a: Lumineon|Lumineon, L93, F|279/279\n|turn|5\n|\n|t:|1781458728\n|move|p2a: Lumineon|Ice Beam|p1a: Vespiquen\n|-supereffective|p1a: Vespiquen\n|-damage|p1a: Vespiquen|0 fnt\n|faint|p1a: Vespiquen\n|-damage|p2a: Lumineon|252/279|[from] item: Life Orb\n|\n|upkeep\n|j| realooos\n|\n|t:|1781458733\n|switch|p1a: Vikavolt|Vikavolt, L83, M|263/263\n|turn|6\n|inactive|fiddlw has 120 seconds left.\n|inactive|fiddlw has 90 seconds left.\n|\n|t:|1781458817\n|move|p2a: Lumineon|Hydro Pump|p1a: Vikavolt|[miss]\n|-miss|p2a: Lumineon|p1a: Vikavolt\n|move|p1a: Vikavolt|Sticky Web|p2a: Lumineon\n|-sidestart|p2: fiddlw|move: Sticky Web\n|\n|upkeep\n|turn|7\n|\n|t:|1781458824\n|switch|p1a: Frosmoth|Frosmoth, L82, M|249/249\n|move|p2a: Lumineon|Encore||[still]\n|-fail|p2a: Lumineon\n|\n|upkeep\n|turn|8\n|inactive|fiddlw has 60 seconds left.\n|j| DJ Asraar\n|l| DJ Asraar\n|\n|t:|1781458877\n|move|p2a: Lumineon|Hydro Pump|p1a: Frosmoth\n|-damage|p1a: Frosmoth|177/249\n|-damage|p2a: Lumineon|225/279|[from] item: Life Orb\n|move|p1a: Frosmoth|Bug Buzz|p2a: Lumineon\n|-damage|p2a: Lumineon|132/279\n|\n|upkeep\n|turn|9\n|inactive|fiddlw has 30 seconds left.\n|inactive|fiddlw has 20 seconds left.\n|\n|t:|1781458902\n|switch|p2a: Tatsugiri|Tatsugiri, L87, F|260/260\n|move|p1a: Frosmoth|Bug Buzz|p2a: Tatsugiri\n|-damage|p2a: Tatsugiri|151/260\n|\n|upkeep\n|turn|10\n|inactive|fiddlw has 30 seconds left this turn.\n|inactive|fiddlw has 20 seconds left.\n|\n|t:|1781458915\n|move|p2a: Tatsugiri|Nasty Plot|p2a: Tatsugiri\n|-boost|p2a: Tatsugiri|spa|2\n|move|p1a: Frosmoth|Quiver Dance|p1a: Frosmoth\n|-boost|p1a: Frosmoth|spa|1\n|-boost|p1a: Frosmoth|spd|1\n|-boost|p1a: Frosmoth|spe|1\n|\n|upkeep\n|turn|11\n|inactive|fiddlw has 30 seconds left this turn.\n|inactive|fiddlw has 20 seconds left.\n|inactive|fiddlw has 15 seconds left.\n|inactive|fiddlw has 10 seconds left.\n|inactive|fiddlw has 5 seconds left.\n|-message|fiddlw lost due to inactivity.\n|\n|win|animeksani\n|n|\u2606animeksani|animeksani\n|n|\u2606fiddlw|fiddlw\n|n|*Lady Monita |ladymonita\n|n| realooos|realooos\n", "uploadtime": 1781458945, "views": 2, "formatid": "gen9randombattle", "rating": null, "private": 0, "password": null}