{"id": "gen9randombattle-2631731600", "format": "[Gen 9] Random Battle", "players": ["haxion", "medo6037"], "log": "|j|\u2606haxion\n|j|\u2606medo6037\n|t:|1781430276\n|gametype|singles\n|player|p1|haxion|preschooler|2244\n|player|p2|medo6037|n|2249\n|gen|9\n|tier|[Gen 9] Random Battle\n|rated|\n|rule|Species Clause: Limit one of each Pok\u00e9mon\n|rule|HP Percentage Mod: HP is shown in percentages\n|rule|Sleep Clause Mod: Limit one foe put to sleep\n|rule|Illusion Level Mod: Illusion disguises the Pok\u00e9mon's true level\n|\n|t:|1781430276\n|teamsize|p1|6\n|teamsize|p2|6\n|start\n|switch|p1a: Ariados|Ariados, L95, F|287/287\n|switch|p2a: Dragapult|Dragapult, L77, F|262/262\n|turn|1\n|inactive|Battle timer is ON: inactive players will automatically lose when time's up. (requested by haxion)\n|inactive|medo6037 has 120 seconds left.\n|\n|t:|1781430316\n|switch|p2a: Vespiquen|Vespiquen, L99, F|299/299\n|-ability|p2a: Vespiquen|Pressure\n|move|p1a: Ariados|Sticky Web|p2a: Vespiquen\n|-sidestart|p2: medo6037|move: Sticky Web\n|\n|upkeep\n|turn|2\n|\n|t:|1781430322\n|move|p2a: Vespiquen|U-turn|p1a: Ariados\n|-resisted|p1a: Ariados\n|-damage|p1a: Ariados|243/287\n|\n|t:|1781430326\n|switch|p2a: Spiritomb|Spiritomb, L89, M|234/234|[from] U-turn\n|-activate|p2a: Spiritomb|move: Sticky Web\n|-unboost|p2a: Spiritomb|spe|1\n|move|p1a: Ariados|Knock Off|p2a: Spiritomb\n|-damage|p2a: Spiritomb|167/234\n|-enditem|p2a: Spiritomb|Leftovers|[from] move: Knock Off|[of] p1a: Ariados\n|\n|upkeep\n|turn|3\n|\n|t:|1781430339\n|switch|p2a: Vespiquen|Vespiquen, L99, F|299/299\n|-ability|p2a: Vespiquen|Pressure\n|move|p1a: Ariados|Megahorn|p2a: Vespiquen\n|-resisted|p2a: Vespiquen\n|-damage|p2a: Vespiquen|237/299\n|\n|upkeep\n|turn|4\n|\n|t:|1781430345\n|switch|p1a: Bellibolt|Bellibolt, L84, F|320/320\n|move|p2a: Vespiquen|Hurricane|p1a: Bellibolt\n|-resisted|p1a: Bellibolt\n|-damage|p1a: Bellibolt|242/320\n|-start|p1a: Bellibolt|Charge|Hurricane|[from] ability: Electromorphosis\n|\n|-heal|p1a: Bellibolt|262/320|[from] item: Leftovers\n|upkeep\n|turn|5\n|\n|t:|1781430350\n|move|p2a: Vespiquen|U-turn|p1a: Bellibolt\n|-damage|p1a: Bellibolt|177/320\n|-start|p1a: Bellibolt|Charge|U-turn|[from] ability: Electromorphosis\n|\n|t:|1781430354\n|switch|p2a: Rabsca|Rabsca, L91, F|284/284|[from] U-turn\n|move|p1a: Bellibolt|Thunderbolt|p2a: Rabsca\n|-damage|p2a: Rabsca|125/284\n|-end|p1a: Bellibolt|Charge|[silent]\n|\n|-heal|p1a: Bellibolt|197/320|[from] item: Leftovers\n|upkeep\n|turn|6\n|\n|t:|1781430360\n|move|p2a: Rabsca|Earth Power|p1a: Bellibolt\n|-supereffective|p1a: Bellibolt\n|-damage|p1a: Bellibolt|31/320\n|-start|p1a: Bellibolt|Charge|Earth Power|[from] ability: Electromorphosis\n|move|p1a: Bellibolt|Toxic|p2a: Rabsca|[miss]\n|-miss|p1a: Bellibolt|p2a: Rabsca\n|\n|-heal|p1a: Bellibolt|51/320|[from] item: Leftovers\n|upkeep\n|turn|7\n|\n|t:|1781430368\n|switch|p1a: Landorus|Landorus-Therian, L76, M|260/260\n|-ability|p1a: Landorus|Intimidate|boost\n|-unboost|p2a: Rabsca|atk|1\n|move|p2a: Rabsca|Psychic|p1a: Landorus\n|-damage|p1a: Landorus|118/260\n|\n|-heal|p1a: Landorus|134/260|[from] item: Leftovers\n|upkeep\n|turn|8\n|\n|t:|1781430391\n|switch|p2a: Spiritomb|Spiritomb, L89, M|167/234\n|-activate|p2a: Spiritomb|move: Sticky Web\n|-unboost|p2a: Spiritomb|spe|1\n|move|p1a: Landorus|Stone Edge|p2a: Spiritomb\n|-damage|p2a: Spiritomb|102/234\n|\n|-heal|p1a: Landorus|150/260|[from] item: Leftovers\n|upkeep\n|turn|9\n|\n|t:|1781430404\n|move|p1a: Landorus|U-turn|p2a: Spiritomb\n|-damage|p2a: Spiritomb|54/234\n|\n|t:|1781430410\n|switch|p1a: Ariados|Ariados, L95, F|243/287|[from] U-turn\n|move|p2a: Spiritomb|Poltergeist|p1a: Ariados\n|-activate|p1a: Ariados|move: Poltergeist|Focus Sash\n|-damage|p1a: Ariados|108/287\n|\n|upkeep\n|turn|10\n|\n|t:|1781430421\n|move|p1a: Ariados|Megahorn|p2a: Spiritomb|[miss]\n|-miss|p1a: Ariados|p2a: Spiritomb\n|move|p2a: Spiritomb|Foul Play|p1a: Ariados\n|-damage|p1a: Ariados|0 fnt\n|faint|p1a: Ariados\n|\n|upkeep\n|c|\u2606haxion|aaaaaaaaahlalala\n|\n|t:|1781430441\n|switch|p1a: Landorus|Landorus-Therian, L76, M|150/260\n|-ability|p1a: Landorus|Intimidate|boost\n|-unboost|p2a: Spiritomb|atk|1\n|turn|11\n|\n|t:|1781430447\n|move|p1a: Landorus|Earthquake|p2a: Spiritomb\n|-damage|p2a: Spiritomb|0 fnt\n|faint|p2a: Spiritomb\n|\n|-heal|p1a: Landorus|166/260|[from] item: Leftovers\n|upkeep\n|\n|t:|1781430473\n|switch|p2a: Conkeldurr|Conkeldurr, L80, F|299/299\n|-activate|p2a: Conkeldurr|move: Sticky Web\n|-unboost|p2a: Conkeldurr|spe|1\n|turn|12\n|\n|t:|1781430486\n|move|p1a: Landorus|Stealth Rock|p2a: Conkeldurr\n|-sidestart|p2: medo6037|move: Stealth Rock\n|move|p2a: Conkeldurr|Knock Off|p1a: Landorus\n|-damage|p1a: Landorus|76/260\n|-enditem|p1a: Landorus|Leftovers|[from] move: Knock Off|[of] p2a: Conkeldurr\n|\n|-status|p2a: Conkeldurr|brn|[from] item: Flame Orb\n|upkeep\n|turn|13\n|inactive|medo6037 has 120 seconds left.\n|\n|t:|1781430514\n|move|p1a: Landorus|U-turn|p2a: Conkeldurr\n|-resisted|p2a: Conkeldurr\n|-damage|p2a: Conkeldurr|270/299 brn\n|\n|t:|1781430527\n|switch|p1a: Bellibolt|Bellibolt, L84, F|51/320|[from] U-turn\n|move|p2a: Conkeldurr|Facade|p1a: Bellibolt\n|-damage|p1a: Bellibolt|0 fnt\n|faint|p1a: Bellibolt\n|\n|-damage|p2a: Conkeldurr|252/299 brn|[from] brn\n|upkeep\n|\n|t:|1781430529\n|switch|p1a: Veluza|Veluza, L85, M|292/292\n|turn|14\n|inactive|medo6037 has 120 seconds left.\n|\n|t:|1781430555\n|move|p1a: Veluza|Psycho Cut|p2a: Conkeldurr\n|-supereffective|p2a: Conkeldurr\n|-damage|p2a: Conkeldurr|0 fnt\n|faint|p2a: Conkeldurr\n|\n|upkeep\n|\n|t:|1781430562\n|switch|p2a: Rabsca|Rabsca, L91, F|125/284\n|turn|15\n|inactive|medo6037 has 120 seconds left.\n|\n|t:|1781430571\n|switch|p1a: Swalot|Swalot, L90, F|326/326\n|move|p2a: Rabsca|Revival Blessing|p2a: Rabsca\n|inactive|medo6037 has 120 seconds left.\n|\n|t:|1781430577\n|-heal|p2: Conkeldurr|149/299|[from] move: Revival Blessing\n|\n|upkeep\n|turn|16\n|\n|t:|1781430583\n|move|p1a: Swalot|Knock Off|p2a: Rabsca\n|-supereffective|p2a: Rabsca\n|-damage|p2a: Rabsca|5/284\n|-enditem|p2a: Rabsca|Heavy-Duty Boots|[from] move: Knock Off|[of] p1a: Swalot\n|move|p2a: Rabsca|Psychic|p1a: Swalot\n|-supereffective|p1a: Swalot\n|-damage|p1a: Swalot|66/326\n|\n|-heal|p1a: Swalot|86/326|[from] item: Leftovers\n|upkeep\n|turn|17\n|\n|t:|1781430589\n|move|p1a: Swalot|Knock Off|p2a: Rabsca\n|-supereffective|p2a: Rabsca\n|-damage|p2a: Rabsca|0 fnt\n|faint|p2a: Rabsca\n|\n|-heal|p1a: Swalot|106/326|[from] item: Leftovers\n|upkeep\n|\n|t:|1781430597\n|switch|p2a: Vespiquen|Vespiquen, L99, F|237/299\n|-ability|p2a: Vespiquen|Pressure\n|turn|18\n|\n|t:|1781430603\n|move|p1a: Swalot|Knock Off|p2a: Vespiquen\n|-damage|p2a: Vespiquen|184/299\n|-enditem|p2a: Vespiquen|Heavy-Duty Boots|[from] move: Knock Off|[of] p1a: Swalot\n|move|p2a: Vespiquen|Hurricane|p1a: Swalot|[miss]\n|-miss|p2a: Vespiquen|p1a: Swalot\n|\n|-heal|p1a: Swalot|126/326|[from] item: Leftovers\n|upkeep\n|turn|19\n|inactive|haxion has 120 seconds left.\n|inactive|haxion has 90 seconds left.\n|\n|t:|1781430664\n|move|p1a: Swalot|Ice Beam|p2a: Vespiquen\n|-supereffective|p2a: Vespiquen\n|-damage|p2a: Vespiquen|86/299\n|move|p2a: Vespiquen|Hurricane|p1a: Swalot\n|-damage|p1a: Swalot|0 fnt\n|faint|p1a: Swalot\n|\n|upkeep\n|inactive|haxion has 90 seconds left.\n|\n|t:|1781430681\n|switch|p1a: Veluza|Veluza, L85, M|292/292\n|turn|20\n|\n|t:|1781430686\n|move|p1a: Veluza|Aqua Cutter|p2a: Vespiquen\n|-crit|p2a: Vespiquen\n|-damage|p2a: Vespiquen|0 fnt\n|faint|p2a: Vespiquen\n|\n|upkeep\n|\n|t:|1781430694\n|switch|p2a: Dragapult|Dragapult, L77, F|262/262\n|-activate|p2a: Dragapult|move: Sticky Web\n|-fail|p2a: Dragapult|unboost|[from] ability: Clear Body|[of] p2a: Dragapult\n|-damage|p2a: Dragapult|230/262|[from] Stealth Rock\n|turn|21\n|inactive|haxion has 90 seconds left.\n|inactive|haxion has 60 seconds left.\n|inactive|haxion has 30 seconds left.\n|inactive|haxion has 20 seconds left.\n|inactive|haxion has 15 seconds left.\n|\n|t:|1781430787\n|-terastallize|p1a: Veluza|Water\n|move|p2a: Dragapult|Dragon Dance|p2a: Dragapult\n|-boost|p2a: Dragapult|atk|1\n|-boost|p2a: Dragapult|spe|1\n|move|p1a: Veluza|Aqua Cutter|p2a: Dragapult\n|-resisted|p2a: Dragapult\n|-crit|p2a: Dragapult\n|-damage|p2a: Dragapult|26/262\n|\n|upkeep\n|turn|22\n|inactive|haxion has 25 seconds left this turn.\n|\n|t:|1781430801\n|switch|p1a: Landorus|Landorus-Therian, L76, M|76/260\n|-ability|p1a: Landorus|Intimidate|boost\n|-fail|p2a: Dragapult|unboost|[from] ability: Clear Body|[of] p2a: Dragapult\n|move|p2a: Dragapult|Dragon Darts|p1a: Landorus\n|-damage|p1a: Landorus|0 fnt\n|faint|p1a: Landorus\n|-damage|p2a: Dragapult|0 fnt|[from] item: Life Orb\n|faint|p2a: Dragapult\n|\n|upkeep\n|inactive|haxion has 30 seconds left this turn.\n|\n|t:|1781430812\n|switch|p2a: Conkeldurr|Conkeldurr, L80, F|149/299\n|switch|p1a: Veluza|Veluza, L85, M, tera:Water|292/292\n|-activate|p2a: Conkeldurr|move: Sticky Web\n|-unboost|p2a: Conkeldurr|spe|1\n|-damage|p2a: Conkeldurr|131/299|[from] Stealth Rock\n|turn|23\n|l|\u2606medo6037\n|inactive|medo6037 disconnected and has a minute to reconnect!\n|player|p2|\n|inactive|haxion has 30 seconds left.\n|\n|t:|1781430818\n|move|p1a: Veluza|Aqua Cutter|p2a: Conkeldurr\n|-damage|p2a: Conkeldurr|0 fnt\n|faint|p2a: Conkeldurr\n|\n|upkeep\n|inactive|medo6037 has 30 seconds to reconnect!\n|inactive|medo6037 has 20 seconds to reconnect!\n|inactive|medo6037 has 15 seconds to reconnect!\n|inactive|medo6037 has 10 seconds to reconnect!\n|inactive|medo6037 has 5 seconds to reconnect!\n|-message|medo6037 lost due to inactivity.\n|\n|win|haxion\n", "inputlog": ">version a8376a258c1d4662feba110a92103f3664a72141\n>start {\"formatid\":\"gen9randombattle\",\"seed\":\"sodium,8221580de508436b9745011284dcd228\",\"rated\":\"Rated battle\"}\n>player p1 {\"name\":\"haxion\",\"avatar\":\"preschooler\",\"rating\":2244,\"seed\":\"sodium,0cd0f30d4b197429ec15625b3044ea15\"}\n>player p2 {\"name\":\"medo6037\",\"avatar\":\"n\",\"rating\":2249,\"seed\":\"sodium,d92f78284cd76d11ffdb4e4e219244e1\"}\n>p1 move stickyweb\n>p2 switch 6\n>p1 move knockoff\n>p2 move uturn\n>p2 switch 4\n>p1 move megahorn\n>p2 switch 4\n>p1 switch 5\n>p2 move hurricane\n>p1 move thunderbolt\n>p2 move uturn\n>p2 switch 5\n>p1 move toxic\n>p2 move earthpower\n>p1 switch 4\n>p2 move psychic\n>p1 move stoneedge\n>p2 switch 4\n>p1 move uturn\n>p2 move poltergeist\n>p1 switch 5\n>p1 move megahorn\n>p2 move foulplay\n>chat \u2606haxion|aaaaaaaaahlalala\n>p1 switch 5\n>p1 move earthquake\n>p2 move poltergeist\n>p2 switch 3\n>p1 move stealthrock\n>p2 move knockoff\n>p1 move uturn\n>p2 move facade\n>p1 switch 4\n>p1 switch 6\n>p1 move psychocut\n>p2 move facade\n>p2 switch 4\n>p1 switch 3\n>p2 move revivalblessing\n>p2 switch 4\n>p1 move knockoff\n>p2 move psychic\n>p1 move knockoff\n>p2 move psychic\n>p2 switch 5\n>p1 move knockoff\n>p2 move hurricane\n>p1 move icebeam\n>p2 move hurricane\n>p1 switch 3\n>p1 move aquacutter\n>p2 move roost\n>p2 switch 6\n>p1 move aquacutter terastallize\n>p2 move dragondance\n>p1 switch 4\n>p2 move dragondarts\n>p1 switch 4\n>p2 switch 4\n>p1 move aquacutter\n>p2 move closecombat\n>forcelose p2", "uploadtime": 1781430277, "views": 5, "formatid": "gen9randombattle", "rating": null, "private": 0, "password": null}