{"id": "gen9randombattle-2631793859", "format": "[Gen 9] Random Battle", "players": ["Miercalito", "arnavgupta"], "log": "|j|\u2606Miercalito\n|j|\u2606arnavgupta\n|t:|1781440596\n|gametype|singles\n|player|p1|Miercalito|102|2164\n|player|p2|arnavgupta|drayden|2096\n|gen|9\n|tier|[Gen 9] Random Battle\n|rated|\n|rule|Species Clause: Limit one of each Pok\u00e9mon\n|rule|HP Percentage Mod: HP is shown in percentages\n|rule|Sleep Clause Mod: Limit one foe put to sleep\n|rule|Illusion Level Mod: Illusion disguises the Pok\u00e9mon's true level\n|\n|t:|1781440596\n|teamsize|p1|6\n|teamsize|p2|6\n|start\n|switch|p1a: Decidueye|Decidueye, L88, M|281/281\n|switch|p2a: Swanna|Swanna, L89, M|278/278\n|turn|1\n|inactive|Battle timer is ON: inactive players will automatically lose when time's up. (requested by Miercalito)\n|\n|t:|1781440628\n|switch|p1a: Cresselia|Cresselia, L80, F|323/323\n|move|p2a: Swanna|Brave Bird|p1a: Cresselia\n|-damage|p1a: Cresselia|197/323\n|-damage|p2a: Swanna|236/278|[from] Recoil\n|\n|-heal|p1a: Cresselia|217/323|[from] item: Leftovers\n|upkeep\n|turn|2\n|\n|t:|1781440638\n|switch|p2a: Pincurchin|Pincurchin, F|258/258\n|-fieldstart|move: Electric Terrain|[from] ability: Electric Surge|[of] p2a: Pincurchin\n|move|p1a: Cresselia|Moonlight|p1a: Cresselia\n|-heal|p1a: Cresselia|323/323\n|\n|upkeep\n|turn|3\n|\n|t:|1781440646\n|switch|p1a: Decidueye|Decidueye, L88, M|281/281\n|move|p2a: Pincurchin|Toxic Spikes|p1a: Decidueye\n|-sidestart|p1: Miercalito|move: Toxic Spikes\n|\n|upkeep\n|turn|4\n|\n|t:|1781440653\n|switch|p2a: Swanna|Swanna, L89, M|236/278\n|move|p1a: Decidueye|Swords Dance|p1a: Decidueye\n|-boost|p1a: Decidueye|atk|2\n|\n|upkeep\n|turn|5\n|\n|t:|1781440656\n|-terastallize|p1a: Decidueye|Ghost\n|move|p2a: Swanna|Brave Bird|p1a: Decidueye\n|-damage|p1a: Decidueye|134/281\n|-damage|p2a: Swanna|187/278|[from] Recoil\n|move|p1a: Decidueye|Poltergeist|p2a: Swanna\n|-activate|p2a: Swanna|move: Poltergeist|Heavy-Duty Boots\n|-damage|p2a: Swanna|0 fnt\n|faint|p2a: Swanna\n|-damage|p1a: Decidueye|106/281|[from] item: Life Orb\n|\n|upkeep\n|\n|t:|1781440675\n|switch|p2a: Tinkaton|Tinkaton, L82, F|274/274\n|-ability|p2a: Tinkaton|Mold Breaker\n|turn|6\n|\n|t:|1781440679\n|move|p1a: Decidueye|Shadow Sneak|p2a: Tinkaton\n|-damage|p2a: Tinkaton|61/274\n|-damage|p1a: Decidueye|78/281|[from] item: Life Orb\n|move|p2a: Tinkaton|Gigaton Hammer|p1a: Decidueye\n|-damage|p1a: Decidueye|0 fnt\n|faint|p1a: Decidueye\n|\n|-heal|p2a: Tinkaton|78/274|[from] item: Leftovers\n|-fieldend|move: Electric Terrain\n|upkeep\n|\n|t:|1781440685\n|switch|p1a: Pyroar|Pyroar, L88, M|295/295\n|-ability|p1a: Pyroar|Unnerve\n|turn|7\n|\n|t:|1781440690\n|switch|p2a: Walking Wake|Walking Wake, L79|286/286\n|move|p1a: Pyroar|Fire Blast|p2a: Walking Wake\n|-resisted|p2a: Walking Wake\n|-damage|p2a: Walking Wake|249/286\n|\n|upkeep\n|turn|8\n|\n|t:|1781440695\n|switch|p1a: Cresselia|Cresselia, L80, F|323/323\n|move|p2a: Walking Wake|Flip Turn|p1a: Cresselia\n|-damage|p1a: Cresselia|275/323\n|\n|t:|1781440705\n|-end|p2a: Walking Wake|Protosynthesis|[silent]\n|switch|p2a: Pincurchin|Pincurchin, F|258/258|[from] Flip Turn\n|-fieldstart|move: Electric Terrain|[from] ability: Electric Surge|[of] p2a: Pincurchin\n|\n|-heal|p1a: Cresselia|295/323|[from] item: Leftovers\n|upkeep\n|turn|9\n|\n|t:|1781440710\n|switch|p1a: Okidogi|Okidogi, L77, M|262/262\n|-sideend|p1: Miercalito|move: Toxic Spikes|[of] p1a: Okidogi\n|move|p2a: Pincurchin|Discharge|p1a: Okidogi\n|-damage|p1a: Okidogi|150/262\n|-status|p1a: Okidogi|par\n|\n|upkeep\n|turn|10\n|\n|t:|1781440716\n|move|p2a: Pincurchin|Toxic Spikes|p1a: Okidogi\n|-sidestart|p1: Miercalito|move: Toxic Spikes\n|cant|p1a: Okidogi|par\n|\n|upkeep\n|turn|11\n|\n|t:|1781440719\n|move|p2a: Pincurchin|Discharge|p1a: Okidogi\n|-damage|p1a: Okidogi|44/262 par\n|move|p1a: Okidogi|Drain Punch|p2a: Pincurchin\n|-damage|p2a: Pincurchin|191/258\n|-heal|p1a: Okidogi|78/262 par|[from] drain|[of] p2a: Pincurchin\n|-status|p2a: Pincurchin|tox|[from] ability: Toxic Chain|[of] p1a: Okidogi\n|\n|-heal|p2a: Pincurchin|207/258 tox|[from] item: Leftovers\n|-damage|p2a: Pincurchin|191/258 tox|[from] psn\n|upkeep\n|turn|12\n|\n|t:|1781440728\n|switch|p1a: Cresselia|Cresselia, L80, F|295/323\n|move|p2a: Pincurchin|Discharge|p1a: Cresselia\n|-crit|p1a: Cresselia\n|-damage|p1a: Cresselia|111/323\n|\n|-heal|p1a: Cresselia|131/323|[from] item: Leftovers\n|-heal|p2a: Pincurchin|207/258 tox|[from] item: Leftovers\n|-damage|p2a: Pincurchin|175/258 tox|[from] psn\n|-fieldend|move: Electric Terrain\n|upkeep\n|turn|13\n|\n|t:|1781440733\n|switch|p2a: Tinkaton|Tinkaton, L82, F|78/274\n|-ability|p2a: Tinkaton|Mold Breaker\n|move|p1a: Cresselia|Moonlight|p1a: Cresselia\n|-heal|p1a: Cresselia|292/323\n|\n|-heal|p2a: Tinkaton|95/274|[from] item: Leftovers\n|-heal|p1a: Cresselia|312/323|[from] item: Leftovers\n|upkeep\n|turn|14\n|\n|t:|1781440737\n|switch|p1a: Pyroar|Pyroar, L88, M|295/295\n|-ability|p1a: Pyroar|Unnerve\n|move|p2a: Tinkaton|Thunder Wave|p1a: Pyroar\n|-status|p1a: Pyroar|par\n|\n|-heal|p2a: Tinkaton|112/274|[from] item: Leftovers\n|upkeep\n|turn|15\n|\n|t:|1781440744\n|move|p2a: Tinkaton|Gigaton Hammer|p1a: Pyroar\n|-resisted|p1a: Pyroar\n|-damage|p1a: Pyroar|217/295 par\n|move|p1a: Pyroar|Hyper Voice|p2a: Tinkaton\n|-resisted|p2a: Tinkaton\n|-damage|p2a: Tinkaton|61/274\n|\n|-heal|p2a: Tinkaton|78/274|[from] item: Leftovers\n|upkeep\n|turn|16\n|\n|t:|1781440748\n|switch|p2a: Walking Wake|Walking Wake, L79|249/286\n|cant|p1a: Pyroar|par\n|\n|upkeep\n|turn|17\n|\n|t:|1781440753\n|switch|p1a: Cresselia|Cresselia, L80, F|312/323\n|move|p2a: Walking Wake|Hydro Pump|p1a: Cresselia\n|-damage|p1a: Cresselia|147/323\n|\n|-heal|p1a: Cresselia|167/323|[from] item: Leftovers\n|upkeep\n|turn|18\n|\n|t:|1781440758\n|move|p2a: Walking Wake|Hydro Pump|p1a: Cresselia|[miss]\n|-miss|p2a: Walking Wake|p1a: Cresselia\n|move|p1a: Cresselia|Moonlight|p1a: Cresselia\n|-heal|p1a: Cresselia|323/323\n|\n|upkeep\n|turn|19\n|\n|t:|1781440761\n|-end|p2a: Walking Wake|Protosynthesis|[silent]\n|switch|p2a: Pincurchin|Pincurchin, F|175/258 tox\n|-fieldstart|move: Electric Terrain|[from] ability: Electric Surge|[of] p2a: Pincurchin\n|move|p1a: Cresselia|Thunderbolt|p2a: Pincurchin\n|-resisted|p2a: Pincurchin\n|-damage|p2a: Pincurchin|156/258 tox\n|\n|-heal|p2a: Pincurchin|172/258 tox|[from] item: Leftovers\n|-damage|p2a: Pincurchin|156/258 tox|[from] psn\n|upkeep\n|turn|20\n|\n|t:|1781440766\n|move|p1a: Cresselia|Psyshock|p2a: Pincurchin\n|-crit|p2a: Pincurchin\n|-damage|p2a: Pincurchin|80/258 tox\n|move|p2a: Pincurchin|Discharge|p1a: Cresselia\n|-damage|p1a: Cresselia|206/323\n|-status|p1a: Cresselia|par\n|\n|-heal|p1a: Cresselia|226/323 par|[from] item: Leftovers\n|-heal|p2a: Pincurchin|96/258 tox|[from] item: Leftovers\n|-damage|p2a: Pincurchin|64/258 tox|[from] psn\n|upkeep\n|turn|21\n|\n|t:|1781440772\n|cant|p1a: Cresselia|par\n|move|p2a: Pincurchin|Recover|p2a: Pincurchin\n|-heal|p2a: Pincurchin|193/258 tox\n|\n|-heal|p1a: Cresselia|246/323 par|[from] item: Leftovers\n|-heal|p2a: Pincurchin|209/258 tox|[from] item: Leftovers\n|-damage|p2a: Pincurchin|161/258 tox|[from] psn\n|upkeep\n|turn|22\n|\n|t:|1781440780\n|move|p1a: Cresselia|Thunderbolt|p2a: Pincurchin\n|-resisted|p2a: Pincurchin\n|-damage|p2a: Pincurchin|142/258 tox\n|move|p2a: Pincurchin|Discharge|p1a: Cresselia\n|-damage|p1a: Cresselia|126/323 par\n|\n|-heal|p1a: Cresselia|146/323 par|[from] item: Leftovers\n|-heal|p2a: Pincurchin|158/258 tox|[from] item: Leftovers\n|-damage|p2a: Pincurchin|94/258 tox|[from] psn\n|upkeep\n|turn|23\n|\n|t:|1781440787\n|switch|p2a: Tinkaton|Tinkaton, L82, F|78/274\n|-ability|p2a: Tinkaton|Mold Breaker\n|move|p1a: Cresselia|Moonlight|p1a: Cresselia\n|-heal|p1a: Cresselia|307/323 par\n|\n|-heal|p2a: Tinkaton|95/274|[from] item: Leftovers\n|-heal|p1a: Cresselia|323/323 par|[from] item: Leftovers\n|-fieldend|move: Electric Terrain\n|upkeep\n|turn|24\n|\n|t:|1781440795\n|switch|p1a: Pyroar|Pyroar, L88, M|217/295 par\n|-ability|p1a: Pyroar|Unnerve\n|move|p2a: Tinkaton|Encore||[still]\n|-fail|p2a: Tinkaton\n|\n|-heal|p2a: Tinkaton|112/274|[from] item: Leftovers\n|upkeep\n|turn|25\n|\n|t:|1781440803\n|move|p2a: Tinkaton|Gigaton Hammer|p1a: Pyroar\n|-resisted|p1a: Pyroar\n|-damage|p1a: Pyroar|143/295 par\n|move|p1a: Pyroar|Hyper Voice|p2a: Tinkaton\n|-resisted|p2a: Tinkaton\n|-damage|p2a: Tinkaton|58/274\n|\n|-heal|p2a: Tinkaton|75/274|[from] item: Leftovers\n|upkeep\n|turn|26\n|\n|t:|1781440806\n|switch|p2a: Walking Wake|Walking Wake, L79|249/286\n|move|p1a: Pyroar|Hyper Voice|p2a: Walking Wake\n|-damage|p2a: Walking Wake|128/286\n|\n|upkeep\n|turn|27\n|\n|t:|1781440810\n|switch|p1a: Cresselia|Cresselia, L80, F|323/323 par\n|move|p2a: Walking Wake|Hydro Pump|p1a: Cresselia|[miss]\n|-miss|p2a: Walking Wake|p1a: Cresselia\n|\n|upkeep\n|turn|28\n|\n|t:|1781440816\n|move|p2a: Walking Wake|Hydro Pump|p1a: Cresselia\n|-damage|p1a: Cresselia|158/323 par\n|cant|p1a: Cresselia|par\n|\n|-heal|p1a: Cresselia|178/323 par|[from] item: Leftovers\n|upkeep\n|turn|29\n|\n|t:|1781440821\n|move|p2a: Walking Wake|Hydro Pump|p1a: Cresselia\n|-damage|p1a: Cresselia|16/323 par\n|move|p1a: Cresselia|Moonlight|p1a: Cresselia\n|-heal|p1a: Cresselia|177/323 par\n|\n|-heal|p1a: Cresselia|197/323 par|[from] item: Leftovers\n|upkeep\n|turn|30\n|\n|t:|1781440831\n|-end|p2a: Walking Wake|Protosynthesis|[silent]\n|switch|p2a: Cobalion|Cobalion, L80|277/277\n|move|p1a: Cresselia|Psyshock|p2a: Cobalion\n|-damage|p2a: Cobalion|228/277\n|\n|-heal|p1a: Cresselia|217/323 par|[from] item: Leftovers\n|upkeep\n|turn|31\n|\n|t:|1781440837\n|switch|p1a: Okidogi|Okidogi, L77, M|78/262 par\n|-sideend|p1: Miercalito|move: Toxic Spikes|[of] p1a: Okidogi\n|move|p2a: Cobalion|Swords Dance|p2a: Cobalion\n|-boost|p2a: Cobalion|atk|2\n|\n|upkeep\n|turn|32\n|\n|t:|1781440845\n|move|p2a: Cobalion|Close Combat|p1a: Okidogi\n|-resisted|p1a: Okidogi\n|-damage|p1a: Okidogi|0 fnt\n|-unboost|p2a: Cobalion|def|1\n|-unboost|p2a: Cobalion|spd|1\n|faint|p1a: Okidogi\n|-damage|p2a: Cobalion|201/277|[from] item: Life Orb\n|\n|upkeep\n|\n|t:|1781440853\n|switch|p1a: Pyroar|Pyroar, L88, M|143/295 par\n|-ability|p1a: Pyroar|Unnerve\n|turn|33\n|\n|t:|1781440857\n|move|p2a: Cobalion|Stone Edge|p1a: Pyroar\n|-supereffective|p1a: Pyroar\n|-damage|p1a: Pyroar|0 fnt\n|faint|p1a: Pyroar\n|-damage|p2a: Cobalion|174/277|[from] item: Life Orb\n|\n|upkeep\n|\n|t:|1781440859\n|switch|p1a: Cresselia|Cresselia, L80, F|217/323 par\n|turn|34\n|\n|t:|1781440863\n|move|p2a: Cobalion|Iron Head|p1a: Cresselia\n|-damage|p1a: Cresselia|36/323 par\n|-damage|p2a: Cobalion|147/277|[from] item: Life Orb\n|cant|p1a: Cresselia|flinch\n|\n|-heal|p1a: Cresselia|56/323 par|[from] item: Leftovers\n|upkeep\n|turn|35\n|\n|t:|1781440868\n|move|p2a: Cobalion|Iron Head|p1a: Cresselia\n|-damage|p1a: Cresselia|0 fnt\n|faint|p1a: Cresselia\n|-damage|p2a: Cobalion|120/277|[from] item: Life Orb\n|\n|upkeep\n|\n|t:|1781440869\n|switch|p1a: Quaquaval|Quaquaval, L79, M|264/264\n|turn|36\n|\n|t:|1781440873\n|move|p2a: Cobalion|Close Combat|p1a: Quaquaval\n|-damage|p1a: Quaquaval|0 fnt\n|-unboost|p2a: Cobalion|def|1\n|-unboost|p2a: Cobalion|spd|1\n|faint|p1a: Quaquaval\n|-damage|p2a: Cobalion|93/277|[from] item: Life Orb\n|\n|upkeep\n|-message|Miercalito forfeited.\n|\n|win|arnavgupta\n", "inputlog": ">version a8376a258c1d4662feba110a92103f3664a72141\n>start {\"formatid\":\"gen9randombattle\",\"seed\":\"sodium,5f2fff68674730faf29728c97addabc2\",\"rated\":\"Rated battle\"}\n>player p1 {\"name\":\"Miercalito\",\"avatar\":\"102\",\"rating\":2164,\"seed\":\"sodium,61eeb87b3d34cfd5fd8116d06836c4fa\"}\n>player p2 {\"name\":\"arnavgupta\",\"avatar\":\"drayden\",\"rating\":2096,\"seed\":\"sodium,7c98a3ce0ea2fdcfa1e8fdab5d4c277d\"}\n>p1 switch 2\n>p2 move bravebird\n>p1 move moonlight\n>p2 switch 4\n>p1 switch 2\n>p2 move toxicspikes\n>p1 move swordsdance\n>p2 switch 4\n>p1 move poltergeist terastallize\n>p2 move bravebird\n>p2 switch 6\n>p1 move shadowsneak\n>p2 move gigatonhammer\n>p1 switch 5\n>p1 move fireblast\n>p2 switch 2\n>p1 switch 2\n>p2 move flipturn\n>p2 switch 4\n>p1 switch 3\n>p2 move discharge\n>p1 move drainpunch\n>p2 move toxicspikes\n>p1 move drainpunch\n>p2 move discharge\n>p1 switch 3\n>p2 move discharge\n>p1 move moonlight\n>p2 switch 2\n>p1 switch 2\n>p2 move thunderwave\n>p1 move hypervoice\n>p2 move gigatonhammer\n>p1 move hypervoice\n>p2 switch 4\n>p1 switch 2\n>p2 move hydropump\n>p1 move moonlight\n>p2 move hydropump\n>p1 move thunderbolt\n>p2 switch 2\n>p1 move psyshock\n>p2 move discharge\n>p1 move moonlight\n>p2 move recover\n>p1 move thunderbolt\n>p2 move discharge\n>p1 move moonlight\n>p2 switch 4\n>p1 switch 2\n>p2 move encore\n>p1 move hypervoice\n>p2 move gigatonhammer\n>p1 move hypervoice\n>p2 switch 2\n>p1 switch 2\n>p2 move hydropump\n>p1 move psyshock\n>p2 move hydropump\n>p1 move moonlight\n>p2 move hydropump\n>p1 move psyshock\n>p2 switch 3\n>p1 switch 3\n>p2 move swordsdance\n>p1 move highhorsepower\n>p2 move closecombat\n>p1 switch 2\n>p1 move fireblast\n>p2 move stoneedge\n>p1 switch 3\n>p1 move psyshock\n>p2 move ironhead\n>p1 move psyshock\n>p2 move ironhead\n>p1 switch 6\n>p1 move aquastep\n>p2 move closecombat\n>forcelose p1", "uploadtime": 1781440598, "views": 5, "formatid": "gen9randombattle", "rating": null, "private": 0, "password": null}