{"id": "gen9randombattle-2631694209", "format": "[Gen 9] Random Battle", "players": ["Arxz", "MakotoV7"], "log": "|j|\u2606Arxz\n|j|\u2606MakotoV7\n|t:|1781423226\n|gametype|singles\n|player|p1|Arxz|hoopster|1999\n|player|p2|MakotoV7|steven|2098\n|gen|9\n|tier|[Gen 9] Random Battle\n|rated|\n|rule|Species Clause: Limit one of each Pok\u00e9mon\n|rule|HP Percentage Mod: HP is shown in percentages\n|rule|Sleep Clause Mod: Limit one foe put to sleep\n|rule|Illusion Level Mod: Illusion disguises the Pok\u00e9mon's true level\n|\n|t:|1781423226\n|teamsize|p1|6\n|teamsize|p2|6\n|start\n|switch|p1a: Medicham|Medicham, L86, M|243/243\n|switch|p2a: Salamence|Salamence, L77, F|273/273\n|turn|1\n|inactive|Battle timer is ON: inactive players will automatically lose when time's up. (requested by Arxz)\n|\n|t:|1781423236\n|move|p1a: Medicham|Ice Punch|p2a: Salamence\n|-supereffective|p2a: Salamence\n|-damage|p2a: Salamence|0 fnt\n|faint|p2a: Salamence\n|\n|upkeep\n|\n|t:|1781423247\n|switch|p2a: Barraskewda|Barraskewda, L81, F|231/231\n|turn|2\n|\n|t:|1781423252\n|switch|p1a: Decidueye|Decidueye, L88, F|281/281\n|move|p2a: Barraskewda|Close Combat|p1a: Decidueye\n|-immune|p1a: Decidueye\n|\n|upkeep\n|turn|3\n|\n|t:|1781423260\n|switch|p2a: Virizion|Virizion, L82|283/283\n|move|p1a: Decidueye|Spirit Shackle|p2a: Virizion\n|-damage|p2a: Virizion|166/283\n|-activate|p2a: Virizion|trapped\n|\n|upkeep\n|turn|4\n|\n|t:|1781423268\n|move|p2a: Virizion|Leaf Blade|p1a: Decidueye\n|-resisted|p1a: Decidueye\n|-damage|p1a: Decidueye|217/281\n|-damage|p2a: Virizion|138/283|[from] item: Life Orb\n|move|p1a: Decidueye|U-turn|p2a: Virizion\n|-damage|p2a: Virizion|61/283\n|\n|t:|1781423276\n|switch|p1a: Medicham|Medicham, L86, M|243/243|[from] U-turn\n|\n|upkeep\n|turn|5\n|\n|t:|1781423283\n|move|p1a: Medicham|Close Combat|p2a: Virizion\n|-crit|p2a: Virizion\n|-damage|p2a: Virizion|0 fnt\n|-unboost|p1a: Medicham|def|1\n|-unboost|p1a: Medicham|spd|1\n|faint|p2a: Virizion\n|\n|upkeep\n|\n|t:|1781423286\n|switch|p2a: Lunala|Lunala, L70|308/308\n|turn|6\n|\n|t:|1781423293\n|switch|p1a: Furret|Furret, L94, M|312/312\n|-item|p2a: Lunala|Leftovers|[from] ability: Frisk|[of] p1a: Furret\n|move|p2a: Lunala|Calm Mind|p2a: Lunala\n|-boost|p2a: Lunala|spa|1\n|-boost|p2a: Lunala|spd|1\n|\n|upkeep\n|turn|7\n|\n|t:|1781423299\n|move|p1a: Furret|Knock Off|p2a: Lunala\n|-supereffective|p2a: Lunala\n|-damage|p2a: Lunala|95/308\n|-enditem|p2a: Lunala|Leftovers|[from] move: Knock Off|[of] p1a: Furret\n|-damage|p1a: Furret|281/312|[from] item: Life Orb\n|move|p2a: Lunala|Moonblast|p1a: Furret\n|-damage|p1a: Furret|155/312\n|-unboost|p1a: Furret|spa|1\n|\n|upkeep\n|turn|8\n|\n|t:|1781423306\n|move|p1a: Furret|Knock Off|p2a: Lunala\n|-supereffective|p2a: Lunala\n|-damage|p2a: Lunala|0 fnt\n|faint|p2a: Lunala\n|-damage|p1a: Furret|124/312|[from] item: Life Orb\n|\n|upkeep\n|\n|t:|1781423308\n|switch|p2a: Barraskewda|Barraskewda, L81, F|231/231\n|turn|9\n|\n|t:|1781423314\n|move|p2a: Barraskewda|Flip Turn|p1a: Furret\n|-damage|p1a: Furret|10/312\n|\n|t:|1781423319\n|switch|p2a: Luxray|Luxray, L88, M|284/284|[from] Flip Turn\n|-ability|p2a: Luxray|Intimidate|boost\n|-unboost|p1a: Furret|atk|1\n|move|p1a: Furret|Double-Edge|p2a: Luxray\n|-damage|p2a: Luxray|175/284\n|-damage|p1a: Furret|0 fnt|[from] Recoil\n|faint|p1a: Furret\n|\n|upkeep\n|\n|t:|1781423330\n|switch|p1a: Medicham|Medicham, L86, M|243/243\n|turn|10\n|\n|t:|1781423349\n|move|p1a: Medicham|Close Combat|p2a: Luxray\n|-damage|p2a: Luxray|0 fnt\n|-unboost|p1a: Medicham|def|1\n|-unboost|p1a: Medicham|spd|1\n|faint|p2a: Luxray\n|\n|upkeep\n|\n|t:|1781423351\n|switch|p2a: Barraskewda|Barraskewda, L81, F|231/231\n|turn|11\n|\n|t:|1781423367\n|move|p1a: Medicham|Close Combat|p2a: Barraskewda\n|-damage|p2a: Barraskewda|0 fnt\n|-unboost|p1a: Medicham|def|1\n|-unboost|p1a: Medicham|spd|1\n|faint|p2a: Barraskewda\n|\n|upkeep\n|-message|MakotoV7 forfeited.\n|\n|win|Arxz\n|raw|Arxz's rating: 1999 &rarr; <strong>2025</strong><br />(+26 for winning)\n|raw|MakotoV7's rating: 2098 &rarr; <strong>2072</strong><br />(-26 for losing)\n|l|\u2606MakotoV7\n|player|p2|\n", "inputlog": ">version a8376a258c1d4662feba110a92103f3664a72141\n>start {\"formatid\":\"gen9randombattle\",\"seed\":\"sodium,451c2720036c5a404d82c6655a2deea1\",\"rated\":\"Rated battle\"}\n>player p1 {\"name\":\"Arxz\",\"avatar\":\"hoopster\",\"rating\":1999,\"seed\":\"sodium,5a45eaa5bd82c46cc664d8def63a69f9\"}\n>player p2 {\"name\":\"MakotoV7\",\"avatar\":\"steven\",\"rating\":2098,\"seed\":\"sodium,0135eb5959b8dcc2d5ade3b7622bb04c\"}\n>p1 move icepunch\n>p2 move dualwingbeat\n>p2 switch 2\n>p1 switch 2\n>p2 move closecombat\n>p1 move spiritshackle\n>p2 switch 4\n>p1 move uturn\n>p2 move leafblade\n>p1 switch 2\n>p1 move closecombat\n>p2 move leafblade\n>p2 switch 3\n>p1 switch 5\n>p2 move calmmind\n>p1 move knockoff\n>p2 move moonblast\n>p1 move knockoff\n>p2 move moonlight\n>p2 switch 4\n>p1 move doubleedge\n>p2 move flipturn\n>p2 switch 6\n>p1 switch 5\n>p1 move closecombat\n>p2 move playrough\n>p2 switch 6\n>p1 move closecombat\n>p2 move waterfall\n>forcelose p2", "uploadtime": 1781423378, "views": 10, "formatid": "gen9randombattle", "rating": 2025, "private": 0, "password": null}