{"id": "gen9randombattle-2631819181", "format": "[Gen 9] Random Battle", "players": ["THSupernova", "grabschaender"], "log": "|j|\u2606THSupernova\n|j|\u2606grabschaender\n|t:|1781444154\n|gametype|singles\n|player|p1|THSupernova|bellelba|2161\n|player|p2|grabschaender|candice|2273\n|gen|9\n|tier|[Gen 9] Random Battle\n|rated|\n|rule|Species Clause: Limit one of each Pok\u00e9mon\n|rule|HP Percentage Mod: HP is shown in percentages\n|rule|Sleep Clause Mod: Limit one foe put to sleep\n|rule|Illusion Level Mod: Illusion disguises the Pok\u00e9mon's true level\n|\n|t:|1781444154\n|teamsize|p1|6\n|teamsize|p2|6\n|start\n|switch|p1a: Ting-Lu|Ting-Lu, L78|370/370\n|switch|p2a: Glaceon|Glaceon, L94, M|275/275\n|-ability|p1a: Ting-Lu|Vessel of Ruin\n|turn|1\n|j| brianfut\n|\n|t:|1781444178\n|move|p2a: Glaceon|Freeze-Dry|p1a: Ting-Lu\n|-supereffective|p1a: Ting-Lu\n|-damage|p1a: Ting-Lu|166/370\n|move|p1a: Ting-Lu|Spikes|p2a: Glaceon\n|-sidestart|p2: grabschaender|Spikes\n|\n|-heal|p1a: Ting-Lu|189/370|[from] item: Leftovers\n|upkeep\n|turn|2\n|inactive|Battle timer is ON: inactive players will automatically lose when time's up. (requested by THSupernova)\n|\n|t:|1781444183\n|switch|p1a: Heatran|Heatran, L79, F|273/273\n|move|p2a: Glaceon|Freeze-Dry|p1a: Heatran\n|-resisted|p1a: Heatran\n|-damage|p1a: Heatran|256/273\n|\n|upkeep\n|turn|3\n|\n|t:|1781444188\n|switch|p2a: Swanna|Swanna, L89, F|278/278\n|move|p1a: Heatran|Magma Storm|p2a: Swanna\n|-resisted|p2a: Swanna\n|-damage|p2a: Swanna|203/278\n|-activate|p2a: Swanna|move: Magma Storm|[of] p1a: Heatran\n|\n|-damage|p2a: Swanna|169/278|[from] move: Magma Storm|[partiallytrapped]\n|upkeep\n|turn|4\n|\n|t:|1781444193\n|switch|p1a: Espeon|Espeon, L84, F|246/246\n|move|p2a: Swanna|Defog|p1a: Espeon\n|move|p1a: Espeon|Defog|p2a: Swanna|[from] ability: Magic Bounce\n|-unboost|p2a: Swanna|evasion|1\n|-sideend|p2: grabschaender|Spikes|[from] move: Defog|[of] p1a: Espeon\n|\n|-end|p2a: Swanna|Magma Storm|[partiallytrapped]|[silent]\n|upkeep\n|turn|5\n|\n|t:|1781444200\n|move|p1a: Espeon|Psyshock|p2a: Swanna\n|-damage|p2a: Swanna|0 fnt\n|faint|p2a: Swanna\n|-damage|p1a: Espeon|222/246|[from] item: Life Orb\n|\n|upkeep\n|c| brianfut|mmmh\n|\n|t:|1781444209\n|switch|p2a: Lycanroc|Lycanroc-Midnight, L89, F|296/296\n|turn|6\n|\n|t:|1781444216\n|switch|p1a: Sudowoodo|Sudowoodo, L94, F|284/284\n|move|p2a: Lycanroc|Stone Edge|p1a: Sudowoodo\n|-damage|p1a: Sudowoodo|158/284\n|-damage|p2a: Lycanroc|267/296|[from] item: Life Orb\n|\n|-heal|p1a: Sudowoodo|175/284|[from] item: Leftovers\n|upkeep\n|turn|7\n|\n|t:|1781444234\n|move|p1a: Sudowoodo|Sucker Punch|p2a: Lycanroc\n|-crit|p2a: Lycanroc\n|-damage|p2a: Lycanroc|172/296\n|move|p2a: Lycanroc|Close Combat|p1a: Sudowoodo\n|-supereffective|p1a: Sudowoodo\n|-damage|p1a: Sudowoodo|0 fnt\n|-unboost|p2a: Lycanroc|def|1\n|-unboost|p2a: Lycanroc|spd|1\n|faint|p1a: Sudowoodo\n|-damage|p2a: Lycanroc|143/296|[from] item: Life Orb\n|\n|upkeep\n|\n|t:|1781444240\n|switch|p1a: Ogerpon|Ogerpon, L80, F|259/259\n|turn|8\n|\n|t:|1781444243\n|switch|p2a: Leafeon|Leafeon, L88, F|258/258\n|move|p1a: Ogerpon|Ivy Cudgel|p2a: Leafeon\n|-resisted|p2a: Leafeon\n|-damage|p2a: Leafeon|202/258\n|-damage|p1a: Ogerpon|234/259|[from] item: Life Orb\n|\n|upkeep\n|turn|9\n|\n|t:|1781444251\n|switch|p1a: Tropius|Tropius, L91, M|328/328\n|move|p2a: Leafeon|Knock Off|p1a: Tropius\n|-damage|p1a: Tropius|232/328\n|-enditem|p1a: Tropius|Sitrus Berry|[from] move: Knock Off|[of] p2a: Leafeon\n|-damage|p2a: Leafeon|177/258|[from] item: Life Orb\n|\n|upkeep\n|turn|10\n|\n|t:|1781444269\n|switch|p2a: Glaceon|Glaceon, L94, M|275/275\n|move|p1a: Tropius|Leech Seed|p2a: Glaceon\n|-start|p2a: Glaceon|move: Leech Seed\n|\n|-damage|p2a: Glaceon|241/275|[from] Leech Seed|[of] p1a: Tropius\n|-heal|p1a: Tropius|266/328|[silent]\n|upkeep\n|turn|11\n|j| keroconext1\n|\n|t:|1781444278\n|switch|p2a: Lycanroc|Lycanroc-Midnight, L89, F|143/296\n|switch|p1a: Heatran|Heatran, L79, F|256/273\n|\n|upkeep\n|turn|12\n|inactive|THSupernova has 120 seconds left.\n|\n|t:|1781444313\n|move|p2a: Lycanroc|Close Combat|p1a: Heatran\n|-supereffective|p1a: Heatran\n|-damage|p1a: Heatran|0 fnt\n|-unboost|p2a: Lycanroc|def|1\n|-unboost|p2a: Lycanroc|spd|1\n|faint|p1a: Heatran\n|-damage|p2a: Lycanroc|114/296|[from] item: Life Orb\n|\n|upkeep\n|\n|t:|1781444317\n|switch|p1a: Ogerpon|Ogerpon, L80, F|234/259\n|turn|13\n|\n|t:|1781444322\n|switch|p2a: Leafeon|Leafeon, L88, F|177/258\n|move|p1a: Ogerpon|Swords Dance|p1a: Ogerpon\n|-boost|p1a: Ogerpon|atk|2\n|\n|upkeep\n|turn|14\n|\n|t:|1781444342\n|move|p1a: Ogerpon|Knock Off|p2a: Leafeon\n|-damage|p2a: Leafeon|34/258\n|-enditem|p2a: Leafeon|Life Orb|[from] move: Knock Off|[of] p1a: Ogerpon\n|-damage|p1a: Ogerpon|209/259|[from] item: Life Orb\n|move|p2a: Leafeon|Leaf Blade|p1a: Ogerpon\n|-resisted|p1a: Ogerpon\n|-damage|p1a: Ogerpon|143/259\n|\n|upkeep\n|turn|15\n|\n|t:|1781444349\n|move|p1a: Ogerpon|Knock Off|p2a: Leafeon\n|-damage|p2a: Leafeon|0 fnt\n|faint|p2a: Leafeon\n|-damage|p1a: Ogerpon|118/259|[from] item: Life Orb\n|\n|upkeep\n|\n|t:|1781444351\n|switch|p2a: Ditto|Ditto, L87|225/225\n|-transform|p2a: Ditto|p1a: Ogerpon|[from] ability: Imposter\n|turn|16\n|\n|t:|1781444357\n|switch|p1a: Tropius|Tropius, L91, M|266/328\n|move|p2a: Ditto|Knock Off|p1a: Tropius\n|-damage|p1a: Tropius|169/328\n|\n|upkeep\n|turn|17\n|\n|t:|1781444364\n|move|p2a: Ditto|Knock Off|p1a: Tropius\n|-damage|p1a: Tropius|62/328\n|move|p1a: Tropius|Leech Seed|p2a: Ditto\n|-immune|p2a: Ditto\n|\n|upkeep\n|turn|18\n|\n|t:|1781444368\n|move|p2a: Ditto|Knock Off|p1a: Tropius\n|-damage|p1a: Tropius|0 fnt\n|faint|p1a: Tropius\n|\n|upkeep\n|\n|t:|1781444372\n|switch|p1a: Ting-Lu|Ting-Lu, L78|189/370\n|-ability|p1a: Ting-Lu|Vessel of Ruin\n|turn|19\n|\n|t:|1781444382\n|switch|p2a: Lycanroc|Lycanroc-Midnight, L89, F|114/296\n|move|p1a: Ting-Lu|Spikes|p2a: Lycanroc\n|-sidestart|p2: grabschaender|Spikes\n|\n|-heal|p1a: Ting-Lu|212/370|[from] item: Leftovers\n|upkeep\n|turn|20\n|\n|t:|1781444391\n|switch|p1a: Espeon|Espeon, L84, F|222/246\n|move|p2a: Lycanroc|Close Combat|p1a: Espeon\n|-resisted|p1a: Espeon\n|-damage|p1a: Espeon|138/246\n|-unboost|p2a: Lycanroc|def|1\n|-unboost|p2a: Lycanroc|spd|1\n|-damage|p2a: Lycanroc|85/296|[from] item: Life Orb\n|\n|upkeep\n|turn|21\n|\n|t:|1781444395\n|move|p2a: Lycanroc|Sucker Punch|p1a: Espeon\n|-supereffective|p1a: Espeon\n|-damage|p1a: Espeon|0 fnt\n|faint|p1a: Espeon\n|-damage|p2a: Lycanroc|56/296|[from] item: Life Orb\n|\n|upkeep\n|\n|t:|1781444399\n|switch|p1a: Ogerpon|Ogerpon, L80, F|118/259\n|turn|22\n|\n|t:|1781444402\n|move|p1a: Ogerpon|Ivy Cudgel|p2a: Lycanroc\n|-supereffective|p2a: Lycanroc\n|-damage|p2a: Lycanroc|0 fnt\n|faint|p2a: Lycanroc\n|-damage|p1a: Ogerpon|93/259|[from] item: Life Orb\n|\n|upkeep\n|\n|t:|1781444410\n|switch|p2a: Glaceon|Glaceon, L94, M|241/275\n|turn|23\n|\n|t:|1781444416\n|move|p1a: Ogerpon|Superpower|p2a: Glaceon\n|-supereffective|p2a: Glaceon\n|-damage|p2a: Glaceon|69/275\n|-unboost|p1a: Ogerpon|atk|1\n|-unboost|p1a: Ogerpon|def|1\n|-damage|p1a: Ogerpon|68/259|[from] item: Life Orb\n|move|p2a: Glaceon|Freeze-Dry|p1a: Ogerpon\n|-supereffective|p1a: Ogerpon\n|-damage|p1a: Ogerpon|0 fnt\n|faint|p1a: Ogerpon\n|\n|upkeep\n|\n|t:|1781444418\n|switch|p1a: Ting-Lu|Ting-Lu, L78|212/370\n|-ability|p1a: Ting-Lu|Vessel of Ruin\n|turn|24\n|\n|t:|1781444420\n|-terastallize|p1a: Ting-Lu|Poison\n|move|p2a: Glaceon|Freeze-Dry|p1a: Ting-Lu\n|-damage|p1a: Ting-Lu|119/370\n|-status|p1a: Ting-Lu|frz\n|cant|p1a: Ting-Lu|frz\n|\n|-heal|p1a: Ting-Lu|142/370 frz|[from] item: Leftovers\n|upkeep\n|turn|25\n|\n|t:|1781444424\n|move|p2a: Glaceon|Freeze-Dry|p1a: Ting-Lu\n|-damage|p1a: Ting-Lu|48/370 frz\n|-curestatus|p1a: Ting-Lu|frz|[msg]\n|move|p1a: Ting-Lu|Earthquake|p2a: Glaceon\n|-damage|p2a: Glaceon|0 fnt\n|faint|p2a: Glaceon\n|\n|-heal|p1a: Ting-Lu|71/370|[from] item: Leftovers\n|upkeep\n|\n|t:|1781444426\n|switch|p2a: Mudsdale|Mudsdale, L83, F|302/302\n|-damage|p2a: Mudsdale|265/302|[from] Spikes\n|turn|26\n|\n|t:|1781444428\n|move|p1a: Ting-Lu|Earthquake|p2a: Mudsdale\n|-damage|p2a: Mudsdale|171/302\n|-ability|p2a: Mudsdale|Stamina|boost\n|-boost|p2a: Mudsdale|def|1\n|move|p2a: Mudsdale|Earthquake|p1a: Ting-Lu\n|-supereffective|p1a: Ting-Lu\n|-damage|p1a: Ting-Lu|0 fnt\n|faint|p1a: Ting-Lu\n|\n|win|grabschaender\n", "inputlog": ">version a8376a258c1d4662feba110a92103f3664a72141\n>start {\"formatid\":\"gen9randombattle\",\"seed\":\"sodium,820758d47deb9fbc47f0d41f979911dd\",\"rated\":\"Rated battle\"}\n>player p1 {\"name\":\"THSupernova\",\"avatar\":\"bellelba\",\"rating\":2161,\"seed\":\"sodium,4896a6c18df40157433d8cc482e0254b\"}\n>player p2 {\"name\":\"grabschaender\",\"avatar\":\"candice\",\"rating\":2273,\"seed\":\"sodium,42ad00884ca2c231a017470dd53adbfb\"}\n>p1 move spikes\n>p2 move freezedry\n>p1 switch 3\n>p2 move freezedry\n>p1 move magmastorm\n>p2 switch 5\n>p1 switch 6\n>p2 move defog\n>p1 move psyshock\n>p2 move bravebird\n>chat  brianfut|mmmh\n>p2 switch 3\n>p1 switch 2\n>p2 move stoneedge\n>p1 move suckerpunch\n>p2 move closecombat\n>p1 switch 5\n>p1 move ivycudgel\n>p2 switch 2\n>p1 switch 4\n>p2 move knockoff\n>p1 move leechseed\n>p2 switch 5\n>p1 switch 6\n>p2 switch 2\n>p1 move heavyslam\n>p2 move closecombat\n>p1 switch 4\n>p1 move swordsdance\n>p2 switch 5\n>p1 move knockoff\n>p2 move leafblade\n>p1 move knockoff\n>p2 move leafblade\n>p2 switch 6\n>p1 switch 6\n>p2 move knockoff\n>p1 move leechseed\n>p2 move knockoff\n>p1 move airslash\n>p2 move knockoff\n>p1 switch 3\n>p1 move spikes\n>p2 switch 5\n>p1 switch 2\n>p2 move closecombat\n>p1 move psyshock\n>p2 move suckerpunch\n>p1 switch 6\n>p1 move ivycudgel\n>p2 move closecombat\n>p2 switch 2\n>p1 move superpower\n>p2 move freezedry\n>p1 switch 2\n>p1 move earthquake terastallize\n>p2 move freezedry\n>p1 move earthquake\n>p2 move freezedry\n>p2 switch 4\n>p1 move earthquake\n>p2 move earthquake", "uploadtime": 1781444156, "views": 4, "formatid": "gen9randombattle", "rating": null, "private": 0, "password": null}