{"id": "gen9randombattle-2631724842", "format": "[Gen 9] Random Battle", "players": ["FestyWesty", "dsagdasg23tadsg"], "log": "|j|\u2606FestyWesty\n|j|\u2606dsagdasg23tadsg\n|t:|1781429063\n|gametype|singles\n|player|p1|FestyWesty|giovanni|1226\n|player|p2|dsagdasg23tadsg|169|1203\n|gen|9\n|tier|[Gen 9] Random Battle\n|rated|\n|rule|Species Clause: Limit one of each Pok\u00e9mon\n|rule|HP Percentage Mod: HP is shown in percentages\n|rule|Sleep Clause Mod: Limit one foe put to sleep\n|rule|Illusion Level Mod: Illusion disguises the Pok\u00e9mon's true level\n|\n|t:|1781429063\n|teamsize|p1|6\n|teamsize|p2|6\n|start\n|switch|p1a: Klefki|Klefki, L84, M|233/233\n|switch|p2a: Cyclizar|Cyclizar, L83, F|252/252\n|turn|1\n|inactive|Battle timer is ON: inactive players will automatically lose when time's up. (requested by dsagdasg23tadsg)\n|\n|t:|1781429090\n|switch|p2a: Entei|Entei, L78|307/307\n|move|p1a: Klefki|Dazzling Gleam|p2a: Entei\n|-resisted|p2a: Entei\n|-damage|p2a: Entei|265/307\n|\n|upkeep\n|turn|2\n|\n|t:|1781429096\n|move|p1a: Klefki|Spikes|p2a: Entei\n|-sidestart|p2: dsagdasg23tadsg|Spikes\n|move|p2a: Entei|Sacred Fire|p1a: Klefki\n|-supereffective|p1a: Klefki\n|-damage|p1a: Klefki|0 fnt\n|faint|p1a: Klefki\n|\n|upkeep\n|\n|t:|1781429103\n|switch|p1a: Walking Wake|Walking Wake, L79|286/286\n|turn|3\n|\n|t:|1781429116\n|move|p1a: Walking Wake|Flip Turn|p2a: Entei\n|-supereffective|p2a: Entei\n|-damage|p2a: Entei|161/307\n|\n|t:|1781429123\n|-end|p1a: Walking Wake|Protosynthesis|[silent]\n|switch|p1a: Iron Boulder|Iron Boulder, L77|265/265|[from] Flip Turn\n|-enditem|p1a: Iron Boulder|Booster Energy\n|-activate|p1a: Iron Boulder|ability: Quark Drive|[fromitem]\n|-start|p1a: Iron Boulder|quarkdrivespe\n|move|p2a: Entei|Sacred Fire|p1a: Iron Boulder\n|-resisted|p1a: Iron Boulder\n|-damage|p1a: Iron Boulder|175/265\n|\n|upkeep\n|turn|4\n|\n|t:|1781429138\n|move|p1a: Iron Boulder|Mighty Cleave|p2a: Entei\n|-supereffective|p2a: Entei\n|-damage|p2a: Entei|0 fnt\n|faint|p2a: Entei\n|\n|upkeep\n|\n|t:|1781429167\n|switch|p2a: Dachsbun|Dachsbun, L92, F|254/254\n|-damage|p2a: Dachsbun|223/254|[from] Spikes\n|turn|5\n|\n|t:|1781429178\n|move|p1a: Iron Boulder|Swords Dance|p1a: Iron Boulder\n|-boost|p1a: Iron Boulder|atk|2\n|move|p2a: Dachsbun|Yawn|p1a: Iron Boulder\n|-start|p1a: Iron Boulder|move: Yawn|[of] p2a: Dachsbun\n|\n|-heal|p2a: Dachsbun|238/254|[from] item: Leftovers\n|upkeep\n|turn|6\n|\n|t:|1781429191\n|move|p1a: Iron Boulder|Mighty Cleave|p2a: Dachsbun\n|-damage|p2a: Dachsbun|103/254\n|move|p2a: Dachsbun|Wish|p2a: Dachsbun\n|\n|-heal|p2a: Dachsbun|118/254|[from] item: Leftovers\n|-end|p1a: Iron Boulder|move: Yawn|[silent]\n|-status|p1a: Iron Boulder|slp\n|upkeep\n|turn|7\n|c|\u2606FestyWesty|!weak dachbun\nNo Pok\u00e9mon or type named 'dachbun' was found. Searching for 'Dachsbun' instead.\n|c| FestyWesty|/raw <div class=\"infobox\">Dachsbun (ignoring abilities):<br /><span class=\"message-effect-weak\">Weaknesses</span>: Poison, Steel<br /><span class=\"message-effect-resist\">Resistances</span>: Bug, Dark, Fighting<br /><span class=\"message-effect-immune\">Immunities</span>: Dragon</div>\n|\n|t:|1781429210\n|-end|p1a: Iron Boulder|Quark Drive|[silent]\n|switch|p1a: Perrserker|Perrserker, L89, M|269/269\n|move|p2a: Dachsbun|Play Rough|p1a: Perrserker\n|-resisted|p1a: Perrserker\n|-damage|p1a: Perrserker|231/269\n|\n|-heal|p2a: Dachsbun|245/254|[from] move: Wish|[wisher] Dachsbun\n|-heal|p2a: Dachsbun|254/254|[from] item: Leftovers\n|upkeep\n|turn|8\n|\n|t:|1781429221\n|switch|p2a: Volcarona|Volcarona, L77, F|257/257\n|move|p1a: Perrserker|Iron Head|p2a: Volcarona\n|-resisted|p2a: Volcarona\n|-damage|p2a: Volcarona|128/257\n|\n|upkeep\n|turn|9\n|\n|t:|1781429234\n|move|p2a: Volcarona|Morning Sun|p2a: Volcarona\n|-heal|p2a: Volcarona|256/257\n|move|p1a: Perrserker|Iron Head|p2a: Volcarona\n|-resisted|p2a: Volcarona\n|-damage|p2a: Volcarona|129/257\n|-status|p1a: Perrserker|brn|[from] ability: Flame Body|[of] p2a: Volcarona\n|\n|-damage|p1a: Perrserker|215/269 brn|[from] brn\n|upkeep\n|turn|10\n|\n|t:|1781429241\n|-terastallize|p1a: Perrserker|Fighting\n|move|p2a: Volcarona|Morning Sun|p2a: Volcarona\n|-heal|p2a: Volcarona|257/257\n|move|p1a: Perrserker|Iron Head|p2a: Volcarona\n|-resisted|p2a: Volcarona\n|-damage|p2a: Volcarona|185/257\n|\n|-damage|p1a: Perrserker|199/269 brn|[from] brn\n|upkeep\n|turn|11\n|\n|t:|1781429248\n|move|p2a: Volcarona|Quiver Dance|p2a: Volcarona\n|-boost|p2a: Volcarona|spa|1\n|-boost|p2a: Volcarona|spd|1\n|-boost|p2a: Volcarona|spe|1\n|move|p1a: Perrserker|Iron Head|p2a: Volcarona\n|-resisted|p2a: Volcarona\n|-damage|p2a: Volcarona|117/257\n|\n|-damage|p1a: Perrserker|183/269 brn|[from] brn\n|upkeep\n|turn|12\n|\n|t:|1781429255\n|move|p2a: Volcarona|Morning Sun|p2a: Volcarona\n|-heal|p2a: Volcarona|245/257\n|move|p1a: Perrserker|Iron Head|p2a: Volcarona\n|-resisted|p2a: Volcarona\n|-damage|p2a: Volcarona|179/257\n|\n|-damage|p1a: Perrserker|167/269 brn|[from] brn\n|upkeep\n|turn|13\n|\n|t:|1781429261\n|switch|p1a: Walking Wake|Walking Wake, L79|286/286\n|move|p2a: Volcarona|Quiver Dance|p2a: Volcarona\n|-boost|p2a: Volcarona|spa|1\n|-boost|p2a: Volcarona|spd|1\n|-boost|p2a: Volcarona|spe|1\n|\n|upkeep\n|turn|14\n|\n|t:|1781429268\n|-terastallize|p2a: Volcarona|Grass\n|move|p2a: Volcarona|Quiver Dance|p2a: Volcarona\n|-boost|p2a: Volcarona|spa|1\n|-boost|p2a: Volcarona|spd|1\n|-boost|p2a: Volcarona|spe|1\n|move|p1a: Walking Wake|Hydro Pump|p2a: Volcarona\n|-resisted|p2a: Volcarona\n|-damage|p2a: Volcarona|141/257\n|\n|upkeep\n|turn|15\n|\n|t:|1781429294\n|-end|p1a: Walking Wake|Protosynthesis|[silent]\n|switch|p1a: Noctowl|Noctowl, L95, F|344/344\n|move|p2a: Volcarona|Giga Drain|p1a: Noctowl\n|-resisted|p1a: Noctowl\n|-damage|p1a: Noctowl|250/344\n|-heal|p2a: Volcarona|188/257|[from] drain|[of] p1a: Noctowl\n|\n|upkeep\n|turn|16\n|\n|t:|1781429302\n|move|p2a: Volcarona|Fire Blast|p1a: Noctowl\n|-damage|p1a: Noctowl|0 fnt\n|faint|p1a: Noctowl\n|\n|upkeep\n|\n|t:|1781429306\n|switch|p1a: Walking Wake|Walking Wake, L79|286/286\n|turn|17\n|\n|t:|1781429311\n|move|p2a: Volcarona|Quiver Dance|p2a: Volcarona\n|-boost|p2a: Volcarona|spa|1\n|-boost|p2a: Volcarona|spd|1\n|-boost|p2a: Volcarona|spe|1\n|move|p1a: Walking Wake|Flamethrower|p2a: Volcarona\n|-supereffective|p2a: Volcarona\n|-damage|p2a: Volcarona|118/257\n|\n|upkeep\n|turn|18\n|\n|t:|1781429318\n|move|p2a: Volcarona|Giga Drain|p1a: Walking Wake\n|-crit|p1a: Walking Wake\n|-damage|p1a: Walking Wake|0 fnt\n|-heal|p2a: Volcarona|257/257|[from] drain|[of] p1a: Walking Wake\n|faint|p1a: Walking Wake\n|-end|p1a: Walking Wake|Protosynthesis|[silent]\n|\n|upkeep\n|\n|t:|1781429324\n|switch|p1a: Perrserker|Perrserker, L89, M, tera:Fighting|167/269 brn\n|turn|19\n|\n|t:|1781429330\n|move|p2a: Volcarona|Giga Drain|p1a: Perrserker\n|-crit|p1a: Perrserker\n|-damage|p1a: Perrserker|0 fnt\n|faint|p1a: Perrserker\n|\n|upkeep\n|\n|t:|1781429333\n|switch|p1a: Iron Boulder|Iron Boulder, L77|175/265 slp\n|turn|20\n|\n|t:|1781429336\n|move|p2a: Volcarona|Quiver Dance|p2a: Volcarona\n|-boost|p2a: Volcarona|spa|1\n|-boost|p2a: Volcarona|spd|1\n|-boost|p2a: Volcarona|spe|1\n|cant|p1a: Iron Boulder|slp\n|\n|upkeep\n|turn|21\n|\n|t:|1781429339\n|move|p2a: Volcarona|Giga Drain|p1a: Iron Boulder\n|-supereffective|p1a: Iron Boulder\n|-damage|p1a: Iron Boulder|0 fnt\n|faint|p1a: Iron Boulder\n|-end|p1a: Iron Boulder|Quark Drive|[silent]\n|\n|upkeep\n|\n|t:|1781429341\n|switch|p1a: Torterra|Torterra, L78, M|276/276\n|turn|22\n|\n|t:|1781429351\n|move|p2a: Volcarona|Giga Drain|p1a: Torterra\n|-damage|p1a: Torterra|0 fnt\n|faint|p1a: Torterra\n|\n|win|dsagdasg23tadsg\n|raw|FestyWesty's rating: 1226 &rarr; <strong>1199</strong><br />(-27 for losing)\n|raw|dsagdasg23tadsg's rating: 1203 &rarr; <strong>1230</strong><br />(+27 for winning)\n|l|\u2606FestyWesty\n|player|p1|\n", "inputlog": ">version a8376a258c1d4662feba110a92103f3664a72141\n>start {\"formatid\":\"gen9randombattle\",\"seed\":\"sodium,65880d4637af9ca72ca2c4913632b817\",\"rated\":\"Rated battle\"}\n>player p1 {\"name\":\"FestyWesty\",\"avatar\":\"giovanni\",\"rating\":1226,\"seed\":\"sodium,8b31488f7bd4b0e0bc24a5968fc28feb\"}\n>player p2 {\"name\":\"dsagdasg23tadsg\",\"avatar\":\"169\",\"rating\":1203,\"seed\":\"sodium,8ace3c20a5b5ca2fd2942567daa4b4cc\"}\n>p1 move dazzlinggleam\n>p2 switch 2\n>p1 move spikes\n>p2 move sacredfire\n>p1 switch 5\n>p1 move flipturn\n>p2 move sacredfire\n>p1 switch 2\n>p1 move mightycleave\n>p2 move sacredfire\n>p2 switch 5\n>p1 move swordsdance\n>p2 move yawn\n>p1 move mightycleave\n>p2 move wish\n>chat \u2606FestyWesty|!weak dachbun\n>p1 switch 4\n>p2 move playrough\n>p1 move ironhead\n>p2 switch 4\n>p1 move ironhead\n>p2 move morningsun\n>p1 move ironhead terastallize\n>p2 move morningsun\n>p1 move ironhead\n>p2 move quiverdance\n>p1 move ironhead\n>p2 move morningsun\n>p1 switch 2\n>p2 move quiverdance\n>p1 move hydropump\n>p2 move quiverdance terastallize\n>p1 switch 6\n>p2 move gigadrain\n>p1 move hurricane\n>p2 move fireblast\n>p1 switch 6\n>p1 move flamethrower\n>p2 move quiverdance\n>p1 move flamethrower\n>p2 move gigadrain\n>p1 switch 2\n>p1 move uturn\n>p2 move gigadrain\n>p1 switch 4\n>p1 move mightycleave\n>p2 move quiverdance\n>p1 move mightycleave\n>p2 move gigadrain\n>p1 switch 3\n>p1 move rockblast\n>p2 move gigadrain", "uploadtime": 1781429433, "views": 6, "formatid": "gen9randombattle", "rating": 1199, "private": 0, "password": null}