{"id": "gen9randombattle-2631518505", "format": "[Gen 9] Random Battle", "players": ["bluesun000", "monrayhudson"], "log": "|j|\u2606bluesun000\n|j|\u2606monrayhudson\n|t:|1781395588\n|gametype|singles\n|player|p1|bluesun000|palmer|1949\n|player|p2|monrayhudson|blue|1959\n|gen|9\n|tier|[Gen 9] Random Battle\n|rated|\n|rule|Species Clause: Limit one of each Pok\u00e9mon\n|rule|HP Percentage Mod: HP is shown in percentages\n|rule|Sleep Clause Mod: Limit one foe put to sleep\n|rule|Illusion Level Mod: Illusion disguises the Pok\u00e9mon's true level\n|\n|t:|1781395588\n|teamsize|p1|6\n|teamsize|p2|6\n|start\n|switch|p1a: Alcremie|Alcremie, L90, F|263/263\n|switch|p2a: Ludicolo|Ludicolo, L90, F|290/290\n|turn|1\n|inactive|Battle timer is ON: inactive players will automatically lose when time's up. (requested by bluesun000)\n|inactive|bluesun000 has 120 seconds left.\n|\n|t:|1781395626\n|switch|p2a: Orthworm|Orthworm, L88, F|266/266\n|move|p1a: Alcremie|Calm Mind|p1a: Alcremie\n|-boost|p1a: Alcremie|spa|1\n|-boost|p1a: Alcremie|spd|1\n|\n|upkeep\n|turn|2\n|inactive|bluesun000 has 120 seconds left.\n|\n|t:|1781395657\n|switch|p1a: Seviper|Seviper, L93, M|287/287\n|move|p2a: Orthworm|Heavy Slam|p1a: Seviper\n|-damage|p1a: Seviper|133/287\n|\n|upkeep\n|turn|3\n|inactive|bluesun000 has 120 seconds left.\n|\n|t:|1781395673\n|switch|p2a: Qwilfish|Qwilfish-Hisui, L83, F|244/244\n|-ability|p2a: Qwilfish|Intimidate|boost\n|-unboost|p1a: Seviper|atk|1\n|move|p1a: Seviper|Knock Off|p2a: Qwilfish\n|-resisted|p2a: Qwilfish\n|-damage|p2a: Qwilfish|219/244\n|-enditem|p2a: Qwilfish|Eviolite|[from] move: Knock Off|[of] p1a: Seviper\n|-damage|p1a: Seviper|105/287|[from] item: Life Orb\n|\n|upkeep\n|turn|4\n|inactive|bluesun000 has 120 seconds left.\n|\n|t:|1781395708\n|switch|p1a: Alcremie|Alcremie, L90, F|263/263\n|move|p2a: Qwilfish|Crunch|p1a: Alcremie\n|-resisted|p1a: Alcremie\n|-damage|p1a: Alcremie|219/263\n|-unboost|p1a: Alcremie|def|1\n|\n|-heal|p1a: Alcremie|235/263|[from] item: Leftovers\n|upkeep\n|turn|5\n|\n|t:|1781395725\n|switch|p1a: Golem|Golem-Alola, L93, M|300/300\n|move|p2a: Qwilfish|Gunk Shot|p1a: Golem\n|-resisted|p1a: Golem\n|-damage|p1a: Golem|256/300\n|\n|upkeep\n|turn|6\n|\n|t:|1781395736\n|switch|p2a: Leafeon|Leafeon, L88, F|258/258\n|move|p1a: Golem|Double-Edge|p2a: Leafeon\n|-resisted|p2a: Leafeon\n|-damage|p2a: Leafeon|152/258\n|-damage|p1a: Golem|221/300|[from] Recoil\n|\n|upkeep\n|turn|7\n|inactive|bluesun000 has 90 seconds left.\n|inactive|monrayhudson has 120 seconds left.\n|\n|t:|1781395770\n|switch|p1a: Wigglytuff|Wigglytuff, L96, F|424/424\n|move|p2a: Leafeon|Leaf Blade|p1a: Wigglytuff\n|-damage|p1a: Wigglytuff|228/424\n|-damage|p2a: Leafeon|127/258|[from] item: Life Orb\n|\n|-heal|p1a: Wigglytuff|254/424|[from] item: Leftovers\n|upkeep\n|turn|8\n|\n|t:|1781395777\n|move|p2a: Leafeon|Leaf Blade|p1a: Wigglytuff\n|-damage|p1a: Wigglytuff|38/424\n|-damage|p2a: Leafeon|102/258|[from] item: Life Orb\n|move|p1a: Wigglytuff|Wish|p1a: Wigglytuff\n|\n|-heal|p1a: Wigglytuff|64/424|[from] item: Leftovers\n|upkeep\n|turn|9\n|inactive|bluesun000 has 90 seconds left.\n|inactive|monrayhudson has 120 seconds left.\n|\n|t:|1781395804\n|move|p1a: Wigglytuff|Protect|p1a: Wigglytuff\n|-singleturn|p1a: Wigglytuff|Protect\n|move|p2a: Leafeon|Leaf Blade|p1a: Wigglytuff\n|-activate|p1a: Wigglytuff|move: Protect\n|\n|-heal|p1a: Wigglytuff|276/424|[from] move: Wish|[wisher] Wigglytuff\n|-heal|p1a: Wigglytuff|302/424|[from] item: Leftovers\n|upkeep\n|turn|10\n|inactive|bluesun000 has 90 seconds left.\n|inactive|monrayhudson has 120 seconds left.\n|\n|t:|1781395815\n|switch|p2a: Qwilfish|Qwilfish-Hisui, L83, F|219/244\n|-ability|p2a: Qwilfish|Intimidate|boost\n|-unboost|p1a: Wigglytuff|atk|1\n|-ability|p1a: Wigglytuff|Competitive|boost\n|-boost|p1a: Wigglytuff|spa|2\n|move|p1a: Wigglytuff|Wish|p1a: Wigglytuff\n|\n|-heal|p1a: Wigglytuff|328/424|[from] item: Leftovers\n|upkeep\n|turn|11\n|inactive|monrayhudson has 120 seconds left.\n|inactive|bluesun000 has 90 seconds left.\n|\n|t:|1781395835\n|-terastallize|p1a: Wigglytuff|Steel\n|move|p2a: Qwilfish|Gunk Shot|p1a: Wigglytuff\n|-immune|p1a: Wigglytuff\n|move|p1a: Wigglytuff|Dazzling Gleam|p2a: Qwilfish\n|-damage|p2a: Qwilfish|0 fnt\n|faint|p2a: Qwilfish\n|\n|-heal|p1a: Wigglytuff|424/424|[from] move: Wish|[wisher] Wigglytuff\n|upkeep\n|inactive|monrayhudson has 120 seconds left.\n|inactive|monrayhudson has 90 seconds left.\n|\n|t:|1781395890\n|switch|p2a: Mamoswine|Mamoswine, L81, M|311/311\n|turn|12\n|inactive|bluesun000 has 90 seconds left.\n|\n|t:|1781395908\n|move|p1a: Wigglytuff|Protect|p1a: Wigglytuff\n|-singleturn|p1a: Wigglytuff|Protect\n|move|p2a: Mamoswine|Earthquake|p1a: Wigglytuff\n|-activate|p1a: Wigglytuff|move: Protect\n|\n|upkeep\n|turn|13\n|inactive|bluesun000 has 90 seconds left.\n|\n|t:|1781395925\n|switch|p1a: Lugia|Lugia, L73|275/275\n|move|p2a: Mamoswine|Earthquake|p1a: Lugia\n|-immune|p1a: Lugia\n|\n|upkeep\n|turn|14\n|inactive|monrayhudson has 90 seconds left.\n|inactive|monrayhudson has 60 seconds left.\n|\n|t:|1781395991\n|switch|p1a: Wigglytuff|Wigglytuff, L96, F, tera:Steel|424/424\n|move|p2a: Mamoswine|Stealth Rock|p1a: Wigglytuff\n|-sidestart|p1: bluesun000|move: Stealth Rock\n|\n|upkeep\n|turn|15\n|inactive|bluesun000 has 60 seconds left.\n|inactive|bluesun000 has 30 seconds left.\n|\n|t:|1781396056\n|move|p2a: Mamoswine|Earthquake|p1a: Wigglytuff\n|-supereffective|p1a: Wigglytuff\n|-damage|p1a: Wigglytuff|8/424\n|-damage|p2a: Mamoswine|280/311|[from] item: Life Orb\n|move|p1a: Wigglytuff|Wish|p1a: Wigglytuff\n|\n|-heal|p1a: Wigglytuff|34/424|[from] item: Leftovers\n|upkeep\n|turn|16\n|inactive|bluesun000 has 30 seconds left.\n|inactive|bluesun000 has 20 seconds left.\n|l|\u2606monrayhudson\n|inactive|monrayhudson disconnected and has a minute to reconnect!\n|player|p2|\n|inactive|bluesun000 has 15 seconds left.\n|inactive|bluesun000 has 10 seconds left.\n|inactive|monrayhudson has 30 seconds left.\n|inactive|monrayhudson has 20 seconds left.\n|inactive|monrayhudson has 15 seconds left.\n|inactive|monrayhudson has 10 seconds left.\n|inactive|monrayhudson has 5 seconds left.\n|-message|monrayhudson lost due to inactivity.\n|\n|win|bluesun000\n", "inputlog": ">version a8376a258c1d4662feba110a92103f3664a72141\n>start {\"formatid\":\"gen9randombattle\",\"seed\":\"sodium,8ad2a89cf09052e29db3754fcf9ca817\",\"rated\":\"Rated battle\"}\n>player p1 {\"name\":\"bluesun000\",\"avatar\":\"palmer\",\"rating\":1949,\"seed\":\"sodium,41433d760d5293d05fb0fdc7362f0626\"}\n>player p2 {\"name\":\"monrayhudson\",\"avatar\":\"blue\",\"rating\":1959,\"seed\":\"sodium,88d264bce08e1e638ca8496fb1ca8ed0\"}\n>p1 move calmmind\n>p2 switch 6\n>p1 switch 5\n>p2 move heavyslam\n>p1 move knockoff\n>p2 switch 5\n>p1 switch 5\n>p2 move crunch\n>p1 switch 2\n>p2 move gunkshot\n>p1 move doubleedge\n>p2 switch 2\n>p1 switch 6\n>p2 move leafblade\n>p1 move wish\n>p2 move leafblade\n>p1 move protect\n>p2 move leafblade\n>p1 move wish\n>p2 switch 2\n>p1 move dazzlinggleam terastallize\n>p2 move gunkshot\n>p2 switch 4\n>p1 move protect\n>p2 move earthquake\n>p1 switch 3\n>p2 move earthquake\n>p1 switch 3\n>p2 move stealthrock\n>p1 move wish\n>p2 move earthquake\n>forcelose p2", "uploadtime": 1781395590, "views": 5, "formatid": "gen9randombattle", "rating": null, "private": 0, "password": null}