{"id": "gen9randombattle-2631972628", "format": "[Gen 9] Random Battle", "players": ["ahuramazda2", "faze_dingerboy"], "log": "|j|\u2606ahuramazda2\n|j|\u203dfaze_dingerboy\n|t:|1781461479\n|gametype|singles\n|player|p1|ahuramazda2|169|1962\n|player|p2|faze_dingerboy|1|1926\n|gen|9\n|tier|[Gen 9] Random Battle\n|rated|\n|rule|Species Clause: Limit one of each Pok\u00e9mon\n|rule|HP Percentage Mod: HP is shown in percentages\n|rule|Sleep Clause Mod: Limit one foe put to sleep\n|rule|Illusion Level Mod: Illusion disguises the Pok\u00e9mon's true level\n|\n|t:|1781461479\n|teamsize|p1|6\n|teamsize|p2|6\n|start\n|switch|p1a: Dodrio|Dodrio, L85, M|241/241\n|switch|p2a: Chi-Yu|Chi-Yu, L77|211/211\n|-ability|p2a: Chi-Yu|Beads of Ruin\n|turn|1\n|inactive|Battle timer is ON: inactive players will automatically lose when time's up. (requested by ahuramazda2)\n|\n|t:|1781461506\n|move|p2a: Chi-Yu|Overheat|p1a: Dodrio\n|-damage|p1a: Dodrio|0 fnt\n|-unboost|p2a: Chi-Yu|spa|2\n|faint|p1a: Dodrio\n|\n|upkeep\n|\n|t:|1781461518\n|switch|p1a: Ceruledge|Ceruledge, L78, M|245/245\n|turn|2\n|\n|t:|1781461524\n|switch|p2a: Mandibuzz|Mandibuzz, L85, F|326/326\n|move|p1a: Ceruledge|Swords Dance|p1a: Ceruledge\n|-boost|p1a: Ceruledge|atk|2\n|\n|upkeep\n|turn|3\n|\n|t:|1781461539\n|switch|p1a: Mandibuzz|Mandibuzz, L85, F|326/326\n|move|p2a: Mandibuzz|Foul Play|p1a: Mandibuzz\n|-resisted|p1a: Mandibuzz\n|-damage|p1a: Mandibuzz|293/326\n|\n|upkeep\n|turn|4\n|\n|t:|1781461545\n|switch|p2a: Clefable|Clefable, L83, M|293/293\n|move|p1a: Mandibuzz|Toxic|p2a: Clefable\n|-status|p2a: Clefable|tox\n|\n|upkeep\n|turn|5\n|\n|t:|1781461552\n|move|p1a: Mandibuzz|U-turn|p2a: Clefable\n|-resisted|p2a: Clefable\n|-damage|p2a: Clefable|271/293 tox\n|\n|t:|1781461556\n|switch|p1a: Revavroom|Revavroom, L79, F|256/256|[from] U-turn\n|move|p2a: Clefable|Thunder Wave|p1a: Revavroom|[miss]\n|-miss|p2a: Clefable|p1a: Revavroom\n|\n|upkeep\n|turn|6\n|\n|t:|1781461573\n|switch|p2a: Vaporeon|Vaporeon, L86, M|364/364\n|move|p1a: Revavroom|Gunk Shot|p2a: Vaporeon|[miss]\n|-miss|p1a: Revavroom|p2a: Vaporeon\n|\n|upkeep\n|turn|7\n|\n|t:|1781461583\n|move|p1a: Revavroom|Gunk Shot|p2a: Vaporeon|[miss]\n|-miss|p1a: Revavroom|p2a: Vaporeon\n|move|p2a: Vaporeon|Scald|p1a: Revavroom\n|-damage|p1a: Revavroom|124/256\n|\n|upkeep\n|turn|8\n|\n|t:|1781461587\n|move|p1a: Revavroom|Gunk Shot|p2a: Vaporeon\n|-damage|p2a: Vaporeon|148/364\n|-damage|p1a: Revavroom|99/256|[from] item: Life Orb\n|move|p2a: Vaporeon|Scald|p1a: Revavroom\n|-damage|p1a: Revavroom|0 fnt\n|faint|p1a: Revavroom\n|\n|-heal|p2a: Vaporeon|170/364|[from] item: Leftovers\n|upkeep\n|c|\u2606ahuramazda2|I think this is a loss\n|\n|t:|1781461603\n|switch|p1a: Luvdisc|Luvdisc, F|247/247\n|turn|9\n|-message|ahuramazda2 forfeited.\n|\n|win|faze_dingerboy\n", "uploadtime": 1781461481, "views": 6, "formatid": "gen9randombattle", "rating": null, "private": 0, "password": null}