{"id": "gen9randombattle-2631521015", "format": "[Gen 9] Random Battle", "players": ["bluffmepls", "sondaw"], "log": "|j|\u2606bluffmepls\n|j|\u2606sondaw\n|t:|1781395945\n|gametype|singles\n|player|p1|bluffmepls|266|2219\n|player|p2|sondaw|1|2131\n|gen|9\n|tier|[Gen 9] Random Battle\n|rated|\n|rule|Species Clause: Limit one of each Pok\u00e9mon\n|rule|HP Percentage Mod: HP is shown in percentages\n|rule|Sleep Clause Mod: Limit one foe put to sleep\n|rule|Illusion Level Mod: Illusion disguises the Pok\u00e9mon's true level\n|\n|t:|1781395945\n|teamsize|p1|6\n|teamsize|p2|6\n|start\n|switch|p1a: Cramorant|Cramorant, L86, F|261/261\n|switch|p2a: Vaporeon|Vaporeon, L86, M|364/364\n|turn|1\n|inactive|Battle timer is ON: inactive players will automatically lose when time's up. (requested by bluffmepls)\n|\n|t:|1781395957\n|switch|p1a: Decidueye|Decidueye, L88, F|281/281\n|move|p2a: Vaporeon|Scald|p1a: Decidueye\n|-resisted|p1a: Decidueye\n|-damage|p1a: Decidueye|236/281\n|\n|upkeep\n|turn|2\n|\n|t:|1781395969\n|switch|p2a: Abomasnow|Abomasnow, L84, F|287/287\n|-weather|Snowscape|[from] ability: Snow Warning|[of] p2a: Abomasnow\n|move|p1a: Decidueye|Leaf Blade|p2a: Abomasnow\n|-resisted|p2a: Abomasnow\n|-damage|p2a: Abomasnow|232/287\n|-damage|p1a: Decidueye|208/281|[from] item: Life Orb\n|\n|-weather|Snowscape|[upkeep]\n|upkeep\n|turn|3\n|\n|t:|1781395977\n|switch|p1a: Coalossal|Coalossal, L89, M|341/341\n|move|p2a: Abomasnow|Aurora Veil|p2a: Abomasnow\n|-sidestart|p2: sondaw|move: Aurora Veil\n|\n|-weather|Snowscape|[upkeep]\n|upkeep\n|turn|4\n|\n|t:|1781396006\n|switch|p2a: Vaporeon|Vaporeon, L86, M|364/364\n|switch|p1a: Cramorant|Cramorant, L86, F|261/261\n|\n|-weather|Snowscape|[upkeep]\n|upkeep\n|turn|5\n|\n|t:|1781396008\n|move|p1a: Cramorant|Defog|p2a: Vaporeon\n|-unboost|p2a: Vaporeon|evasion|1\n|-sideend|p2: sondaw|move: Aurora Veil\n|move|p2a: Vaporeon|Calm Mind|p2a: Vaporeon\n|-boost|p2a: Vaporeon|spa|1\n|-boost|p2a: Vaporeon|spd|1\n|\n|-weather|Snowscape|[upkeep]\n|upkeep\n|turn|6\n|\n|t:|1781396018\n|switch|p1a: Decidueye|Decidueye, L88, F|208/281\n|move|p2a: Vaporeon|Scald|p1a: Decidueye\n|-resisted|p1a: Decidueye\n|-damage|p1a: Decidueye|148/281\n|-status|p1a: Decidueye|brn\n|\n|-weather|none\n|-damage|p1a: Decidueye|131/281 brn|[from] brn\n|upkeep\n|turn|7\n|\n|t:|1781396024\n|move|p1a: Decidueye|Swords Dance|p1a: Decidueye\n|-boost|p1a: Decidueye|atk|2\n|move|p2a: Vaporeon|Scald|p1a: Decidueye\n|-resisted|p1a: Decidueye\n|-damage|p1a: Decidueye|73/281 brn\n|\n|-damage|p1a: Decidueye|56/281 brn|[from] brn\n|upkeep\n|turn|8\n|\n|t:|1781396031\n|move|p2a: Vaporeon|Protect|p2a: Vaporeon\n|-singleturn|p2a: Vaporeon|Protect\n|move|p1a: Decidueye|Leaf Blade|p2a: Vaporeon\n|-activate|p2a: Vaporeon|move: Protect\n|\n|-damage|p1a: Decidueye|39/281 brn|[from] brn\n|upkeep\n|turn|9\n|\n|t:|1781396039\n|switch|p2a: Abomasnow|Abomasnow, L84, F|232/287\n|-weather|Snowscape|[from] ability: Snow Warning|[of] p2a: Abomasnow\n|move|p1a: Decidueye|Poltergeist|p2a: Abomasnow\n|-activate|p2a: Abomasnow|move: Poltergeist|Light Clay\n|-damage|p2a: Abomasnow|105/287\n|-damage|p1a: Decidueye|11/281 brn|[from] item: Life Orb\n|\n|-weather|Snowscape|[upkeep]\n|-damage|p1a: Decidueye|0 fnt|[from] brn\n|faint|p1a: Decidueye\n|upkeep\n|\n|t:|1781396047\n|switch|p1a: Cobalion|Cobalion, L80|277/277\n|turn|10\n|\n|t:|1781396064\n|switch|p2a: Vaporeon|Vaporeon, L86, M|364/364\n|move|p1a: Cobalion|Aura Sphere|p2a: Vaporeon\n|-damage|p2a: Vaporeon|289/364\n|\n|-weather|Snowscape|[upkeep]\n|-heal|p2a: Vaporeon|311/364|[from] item: Leftovers\n|upkeep\n|turn|11\n|\n|t:|1781396073\n|switch|p1a: Hoopa|Hoopa-Unbound, L80|259/259\n|move|p2a: Vaporeon|Calm Mind|p2a: Vaporeon\n|-boost|p2a: Vaporeon|spa|1\n|-boost|p2a: Vaporeon|spd|1\n|\n|-weather|Snowscape|[upkeep]\n|-heal|p2a: Vaporeon|333/364|[from] item: Leftovers\n|upkeep\n|turn|12\n|\n|t:|1781396080\n|move|p2a: Vaporeon|Protect|p2a: Vaporeon\n|-singleturn|p2a: Vaporeon|Protect\n|move|p1a: Hoopa|Hyperspace Fury|p2a: Vaporeon\n|-activate|p2a: Vaporeon|move: Hyperspace Fury|[broken]\n|-damage|p2a: Vaporeon|50/364\n|-unboost|p1a: Hoopa|def|1\n|\n|-weather|Snowscape|[upkeep]\n|-heal|p2a: Vaporeon|72/364|[from] item: Leftovers\n|upkeep\n|turn|13\n|\n|t:|1781396098\n|switch|p2a: Houndoom|Houndoom, L87, F|272/272\n|move|p1a: Hoopa|Hyperspace Fury|p2a: Houndoom\n|-resisted|p2a: Houndoom\n|-damage|p2a: Houndoom|128/272\n|-unboost|p1a: Hoopa|def|1\n|\n|-weather|none\n|upkeep\n|turn|14\n|\n|t:|1781396105\n|switch|p1a: Dachsbun|Dachsbun, L92, M|254/254\n|move|p2a: Houndoom|Dark Pulse|p1a: Dachsbun\n|-resisted|p1a: Dachsbun\n|-damage|p1a: Dachsbun|206/254\n|\n|-heal|p1a: Dachsbun|221/254|[from] item: Leftovers\n|upkeep\n|turn|15\n|\n|t:|1781396109\n|move|p1a: Dachsbun|Yawn|p2a: Houndoom\n|-start|p2a: Houndoom|move: Yawn|[of] p1a: Dachsbun\n|move|p2a: Houndoom|Sludge Bomb|p1a: Dachsbun\n|-supereffective|p1a: Dachsbun\n|-damage|p1a: Dachsbun|75/254\n|-status|p1a: Dachsbun|psn\n|\n|-heal|p1a: Dachsbun|90/254 psn|[from] item: Leftovers\n|-damage|p1a: Dachsbun|59/254 psn|[from] psn\n|upkeep\n|turn|16\n|\n|t:|1781396122\n|switch|p2a: Avalugg|Avalugg-Hisui, L90, F|317/317\n|move|p1a: Dachsbun|Play Rough|p2a: Avalugg\n|-damage|p2a: Avalugg|265/317\n|\n|-heal|p1a: Dachsbun|74/254 psn|[from] item: Leftovers\n|-damage|p1a: Dachsbun|43/254 psn|[from] psn\n|upkeep\n|turn|17\n|\n|t:|1781396132\n|move|p1a: Dachsbun|Yawn|p2a: Avalugg\n|-start|p2a: Avalugg|move: Yawn|[of] p1a: Dachsbun\n|move|p2a: Avalugg|Avalanche|p1a: Dachsbun\n|-damage|p1a: Dachsbun|0 fnt\n|faint|p1a: Dachsbun\n|\n|upkeep\n|\n|t:|1781396138\n|switch|p1a: Cobalion|Cobalion, L80|277/277\n|turn|18\n|\n|t:|1781396153\n|switch|p2a: Grafaiai|Grafaiai, L86, M|249/249\n|move|p1a: Cobalion|Calm Mind|p1a: Cobalion\n|-boost|p1a: Cobalion|spa|1\n|-boost|p1a: Cobalion|spd|1\n|\n|upkeep\n|turn|19\n|\n|t:|1781396163\n|switch|p1a: Coalossal|Coalossal, L89, M|341/341\n|move|p2a: Grafaiai|Super Fang|p1a: Coalossal\n|-damage|p1a: Coalossal|171/341\n|\n|upkeep\n|turn|20\n|\n|t:|1781396172\n|switch|p2a: Abomasnow|Abomasnow, L84, F|105/287\n|-weather|Snowscape|[from] ability: Snow Warning|[of] p2a: Abomasnow\n|move|p1a: Coalossal|Stone Edge|p2a: Abomasnow\n|-supereffective|p2a: Abomasnow\n|-damage|p2a: Abomasnow|0 fnt\n|faint|p2a: Abomasnow\n|\n|-weather|Snowscape|[upkeep]\n|upkeep\n|\n|t:|1781396178\n|switch|p2a: Vaporeon|Vaporeon, L86, M|72/364\n|turn|21\n|\n|t:|1781396188\n|move|p2a: Vaporeon|Scald|p1a: Coalossal\n|-supereffective|p1a: Coalossal\n|-damage|p1a: Coalossal|0 fnt\n|faint|p1a: Coalossal\n|\n|-weather|Snowscape|[upkeep]\n|-heal|p2a: Vaporeon|94/364|[from] item: Leftovers\n|upkeep\n|\n|t:|1781396197\n|switch|p1a: Cramorant|Cramorant, L86, F|261/261\n|turn|22\n|\n|t:|1781396201\n|move|p2a: Vaporeon|Protect|p2a: Vaporeon\n|-singleturn|p2a: Vaporeon|Protect\n|move|p1a: Cramorant|Brave Bird|p2a: Vaporeon\n|-activate|p2a: Vaporeon|move: Protect\n|\n|-weather|Snowscape|[upkeep]\n|-heal|p2a: Vaporeon|116/364|[from] item: Leftovers\n|upkeep\n|turn|23\n|\n|t:|1781396206\n|switch|p2a: Avalugg|Avalugg-Hisui, L90, F|265/317\n|move|p1a: Cramorant|Brave Bird|p2a: Avalugg\n|-resisted|p2a: Avalugg\n|-damage|p2a: Avalugg|244/317\n|-damage|p1a: Cramorant|254/261|[from] Recoil\n|\n|-weather|Snowscape|[upkeep]\n|upkeep\n|turn|24\n|\n|t:|1781396208\n|switch|p2a: Vaporeon|Vaporeon, L86, M|116/364\n|move|p1a: Cramorant|Surf|p2a: Vaporeon\n|-heal|p2a: Vaporeon|207/364|[from] ability: Water Absorb|[of] p1a: Cramorant\n|\n|-weather|none\n|-heal|p2a: Vaporeon|229/364|[from] item: Leftovers\n|upkeep\n|turn|25\n|\n|t:|1781396213\n|switch|p1a: Hoopa|Hoopa-Unbound, L80|259/259\n|move|p2a: Vaporeon|Protect||[still]\n|-fail|p2a: Vaporeon\n|\n|-heal|p2a: Vaporeon|251/364|[from] item: Leftovers\n|upkeep\n|turn|26\n|\n|t:|1781396225\n|switch|p2a: Avalugg|Avalugg-Hisui, L90, F|244/317\n|move|p1a: Hoopa|Hyperspace Fury|p2a: Avalugg\n|-damage|p2a: Avalugg|126/317\n|-unboost|p1a: Hoopa|def|1\n|\n|upkeep\n|turn|27\n|\n|t:|1781396240\n|switch|p1a: Cobalion|Cobalion, L80|277/277\n|move|p2a: Avalugg|Recover|p2a: Avalugg\n|-heal|p2a: Avalugg|285/317\n|\n|upkeep\n|turn|28\n|\n|t:|1781396250\n|switch|p2a: Vaporeon|Vaporeon, L86, M|251/364\n|move|p1a: Cobalion|Aura Sphere|p2a: Vaporeon\n|-damage|p2a: Vaporeon|179/364\n|\n|-heal|p2a: Vaporeon|201/364|[from] item: Leftovers\n|upkeep\n|turn|29\n|\n|t:|1781396261\n|switch|p1a: Hoopa|Hoopa-Unbound, L80|259/259\n|move|p2a: Vaporeon|Scald|p1a: Hoopa\n|-damage|p1a: Hoopa|189/259\n|-status|p1a: Hoopa|brn\n|\n|-heal|p2a: Vaporeon|223/364|[from] item: Leftovers\n|-damage|p1a: Hoopa|173/259 brn|[from] brn\n|upkeep\n|turn|30\n|\n|t:|1781396264\n|move|p1a: Hoopa|Trick|p2a: Vaporeon\n|-activate|p1a: Hoopa|move: Trick|[of] p2a: Vaporeon\n|-item|p2a: Vaporeon|Choice Band|[from] move: Trick\n|-item|p1a: Hoopa|Leftovers|[from] move: Trick\n|move|p2a: Vaporeon|Wish|p2a: Vaporeon\n|\n|-heal|p1a: Hoopa|189/259 brn|[from] item: Leftovers\n|-damage|p1a: Hoopa|173/259 brn|[from] brn\n|upkeep\n|turn|31\n|\n|t:|1781396273\n|switch|p2a: Houndoom|Houndoom, L87, F|128/272\n|move|p1a: Hoopa|Drain Punch|p2a: Houndoom\n|-supereffective|p2a: Houndoom\n|-damage|p2a: Houndoom|17/272\n|-heal|p1a: Hoopa|229/259 brn|[from] drain|[of] p2a: Houndoom\n|\n|-heal|p2a: Houndoom|199/272|[from] move: Wish|[wisher] Vaporeon\n|-heal|p1a: Hoopa|245/259 brn|[from] item: Leftovers\n|-damage|p1a: Hoopa|229/259 brn|[from] brn\n|upkeep\n|turn|32\n|\n|t:|1781396282\n|switch|p2a: Vaporeon|Vaporeon, L86, M|223/364\n|move|p1a: Hoopa|Drain Punch|p2a: Vaporeon\n|-damage|p2a: Vaporeon|177/364\n|-heal|p1a: Hoopa|252/259 brn|[from] drain|[of] p2a: Vaporeon\n|\n|-heal|p1a: Hoopa|259/259 brn|[from] item: Leftovers\n|-damage|p1a: Hoopa|243/259 brn|[from] brn\n|upkeep\n|turn|33\n|\n|t:|1781396290\n|move|p1a: Hoopa|Hyperspace Fury|p2a: Vaporeon\n|-crit|p2a: Vaporeon\n|-damage|p2a: Vaporeon|36/364\n|-unboost|p1a: Hoopa|def|1\n|move|p2a: Vaporeon|Scald|p1a: Hoopa\n|-damage|p1a: Hoopa|164/259 brn\n|\n|-heal|p1a: Hoopa|180/259 brn|[from] item: Leftovers\n|-damage|p1a: Hoopa|164/259 brn|[from] brn\n|upkeep\n|turn|34\n|\n|t:|1781396294\n|move|p1a: Hoopa|Hyperspace Fury|p2a: Vaporeon\n|-damage|p2a: Vaporeon|0 fnt\n|-unboost|p1a: Hoopa|def|1\n|faint|p2a: Vaporeon\n|\n|-heal|p1a: Hoopa|180/259 brn|[from] item: Leftovers\n|-damage|p1a: Hoopa|164/259 brn|[from] brn\n|upkeep\n|\n|t:|1781396302\n|switch|p2a: Grafaiai|Grafaiai, L86, M|249/249\n|turn|35\n|\n|t:|1781396306\n|move|p2a: Grafaiai|U-turn|p1a: Hoopa\n|-supereffective|p1a: Hoopa\n|-damage|p1a: Hoopa|0 fnt\n|faint|p1a: Hoopa\n|\n|t:|1781396309\n|switch|p2a: Houndoom|Houndoom, L87, F|199/272|[from] U-turn\n|\n|upkeep\n|\n|t:|1781396312\n|switch|p1a: Cramorant|Cramorant, L86, F|254/261\n|turn|36\n|\n|t:|1781396339\n|switch|p2a: Grafaiai|Grafaiai, L86, M|249/249\n|move|p1a: Cramorant|Surf|p2a: Grafaiai\n|-formechange|p1a: Cramorant|Cramorant-Gulping|\n|-damage|p2a: Grafaiai|185/249\n|\n|upkeep\n|turn|37\n|\n|t:|1781396344\n|move|p2a: Grafaiai|Gunk Shot|p1a: Cramorant\n|-damage|p1a: Cramorant|67/261\n|-damage|p2a: Grafaiai|123/249|[from] ability: Gulp Missile|[of] p1a: Cramorant\n|-unboost|p2a: Grafaiai|def|1\n|-formechange|p1a: Cramorant|Cramorant|\n|move|p1a: Cramorant|Surf|p2a: Grafaiai\n|-formechange|p1a: Cramorant|Cramorant-Gorging|\n|-damage|p2a: Grafaiai|53/249\n|\n|upkeep\n|turn|38\n|\n|t:|1781396357\n|move|p2a: Grafaiai|Gunk Shot|p1a: Cramorant\n|-damage|p1a: Cramorant|0 fnt\n|-damage|p2a: Grafaiai|0 fnt|[from] ability: Gulp Missile|[of] p1a: Cramorant\n|-formechange|p1a: Cramorant|Cramorant|\n|faint|p1a: Cramorant\n|faint|p2a: Grafaiai\n|\n|upkeep\n|\n|t:|1781396364\n|switch|p2a: Avalugg|Avalugg-Hisui, L90, F|285/317\n|switch|p1a: Cobalion|Cobalion, L80|277/277\n|turn|39\n|\n|t:|1781396376\n|move|p1a: Cobalion|Flash Cannon|p2a: Avalugg\n|-supereffective|p2a: Avalugg\n|-damage|p2a: Avalugg|0 fnt\n|faint|p2a: Avalugg\n|\n|upkeep\n|\n|t:|1781396382\n|switch|p2a: Houndoom|Houndoom, L87, F|199/272\n|turn|40\n|\n|t:|1781396389\n|-terastallize|p1a: Cobalion|Fighting\n|move|p1a: Cobalion|Calm Mind|p1a: Cobalion\n|-boost|p1a: Cobalion|spa|1\n|-boost|p1a: Cobalion|spd|1\n|move|p2a: Houndoom|Fire Blast|p1a: Cobalion\n|-damage|p1a: Cobalion|175/277\n|\n|-heal|p1a: Cobalion|192/277|[from] item: Leftovers\n|upkeep\n|turn|41\n|\n|t:|1781396402\n|move|p1a: Cobalion|Aura Sphere|p2a: Houndoom\n|-supereffective|p2a: Houndoom\n|-damage|p2a: Houndoom|0 fnt\n|faint|p2a: Houndoom\n|\n|-heal|p1a: Cobalion|209/277|[from] item: Leftovers\n|upkeep\n|\n|t:|1781396404\n|switch|p2a: Iron Leaves|Iron Leaves, L80|275/275\n|turn|42\n|\n|t:|1781396409\n|move|p1a: Cobalion|Flash Cannon|p2a: Iron Leaves\n|-damage|p2a: Iron Leaves|178/275\n|move|p2a: Iron Leaves|Psyblade|p1a: Cobalion\n|-supereffective|p1a: Cobalion\n|-damage|p1a: Cobalion|11/277\n|-damage|p2a: Iron Leaves|151/275|[from] item: Life Orb\n|\n|-heal|p1a: Cobalion|28/277|[from] item: Leftovers\n|upkeep\n|turn|43\n|\n|t:|1781396413\n|move|p1a: Cobalion|Flash Cannon|p2a: Iron Leaves\n|-damage|p2a: Iron Leaves|52/275\n|move|p2a: Iron Leaves|Psyblade|p1a: Cobalion\n|-supereffective|p1a: Cobalion\n|-crit|p1a: Cobalion\n|-damage|p1a: Cobalion|0 fnt\n|faint|p1a: Cobalion\n|-damage|p2a: Iron Leaves|25/275|[from] item: Life Orb\n|\n|win|sondaw\n", "inputlog": ">version a8376a258c1d4662feba110a92103f3664a72141\n>start {\"formatid\":\"gen9randombattle\",\"seed\":\"sodium,264eb5e2c96eb64fff8b31d7bb39413e\",\"rated\":\"Rated battle\"}\n>player p1 {\"name\":\"bluffmepls\",\"avatar\":\"266\",\"rating\":2219,\"seed\":\"sodium,64b7511935869b998442ef9f6c5d44f0\"}\n>player p2 {\"name\":\"sondaw\",\"avatar\":\"1\",\"rating\":2131,\"seed\":\"sodium,c09234baba9dcd8d919be592dab79514\"}\n>p1 switch 2\n>p2 move scald\n>p1 move leafblade\n>p2 switch 2\n>p1 switch 5\n>p2 move auroraveil\n>p1 switch 2\n>p2 switch 2\n>p1 move defog\n>p2 move calmmind\n>p1 switch 5\n>p2 move scald\n>p1 move swordsdance\n>p2 move scald\n>p1 move leafblade\n>p2 move protect\n>p1 move poltergeist\n>p2 switch 2\n>p1 switch 6\n>p1 move aurasphere\n>p2 switch 2\n>p1 switch 4\n>p2 move calmmind\n>p1 move hyperspacefury\n>p2 move protect\n>p1 move hyperspacefury\n>p2 switch 3\n>p1 switch 3\n>p2 move darkpulse\n>p1 move yawn\n>p2 move sludgebomb\n>p1 move playrough\n>p2 switch 4\n>p1 move yawn\n>p2 move avalanche\n>p1 switch 4\n>p1 move calmmind\n>p2 switch 5\n>p1 switch 2\n>p2 move superfang\n>p1 move stoneedge\n>p2 switch 2\n>p2 switch 3\n>p1 move stoneedge\n>p2 move scald\n>p1 switch 5\n>p1 move bravebird\n>p2 move protect\n>p1 move bravebird\n>p2 switch 5\n>p1 move surf\n>p2 switch 5\n>p1 switch 3\n>p2 move protect\n>p1 move hyperspacefury\n>p2 switch 5\n>p1 switch 2\n>p2 move recover\n>p1 move aurasphere\n>p2 switch 5\n>p1 switch 2\n>p2 move scald\n>p1 move trick\n>p2 move wish\n>p1 move drainpunch\n>p2 switch 4\n>p1 move drainpunch\n>p2 switch 4\n>p1 move hyperspacefury\n>p2 move scald\n>p1 move hyperspacefury\n>p2 move scald\n>p2 switch 2\n>p1 move zenheadbutt\n>p2 move uturn\n>p2 switch 4\n>p1 switch 3\n>p1 move surf\n>p2 switch 4\n>p1 move surf\n>p2 move gunkshot\n>p1 move roost\n>p2 move gunkshot\n>p1 switch 2\n>p2 switch 5\n>p1 move flashcannon\n>p2 move bodypress\n>p2 switch 4\n>p1 move calmmind terastallize\n>p2 move fireblast\n>p1 move aurasphere\n>p2 move sludgebomb\n>p2 switch 6\n>p1 move flashcannon\n>p2 move psyblade\n>p1 move flashcannon\n>p2 move psyblade", "uploadtime": 1781395946, "views": 4, "formatid": "gen9randombattle", "rating": null, "private": 0, "password": null}