{"id": "gen9randombattle-2631866875", "format": "[Gen 9] Random Battle", "players": ["resurrection999", "rktkm"], "log": "|j|\u2606resurrection999\n|j|\u2606rktkm\n|t:|1781449895\n|gametype|singles\n|player|p1|resurrection999|102|1913\n|player|p2|rktkm|169|1948\n|gen|9\n|tier|[Gen 9] Random Battle\n|rated|\n|rule|Species Clause: Limit one of each Pok\u00e9mon\n|rule|HP Percentage Mod: HP is shown in percentages\n|rule|Sleep Clause Mod: Limit one foe put to sleep\n|rule|Illusion Level Mod: Illusion disguises the Pok\u00e9mon's true level\n|\n|t:|1781449895\n|teamsize|p1|6\n|teamsize|p2|6\n|start\n|switch|p1a: Hoopa|Hoopa, L85|275/275\n|switch|p2a: Terapagos|Terapagos, L77, M|265/265\n|-activate|p2a: Terapagos|ability: Tera Shift\n|detailschange|p2a: Terapagos|Terapagos-Terastal, L77, M\n|-heal|p2a: Terapagos|273/273|[silent]\n|turn|1\n|inactive|Battle timer is ON: inactive players will automatically lose when time's up. (requested by resurrection999)\n|inactive|rktkm also wants the timer to be on.\n|l|\u2606resurrection999\n|inactive|resurrection999 disconnected and has a minute to reconnect!\n|player|p1|\n|inactive|rktkm has 120 seconds left.\n|j|\u2606resurrection999\n|inactive|resurrection999 reconnected and has 100 seconds left.\n|player|p1|resurrection999|102|\n|\n|t:|1781449950\n|move|p1a: Hoopa|Trick|p2a: Terapagos\n|-activate|p1a: Hoopa|move: Trick|[of] p2a: Terapagos\n|-item|p2a: Terapagos|Choice Scarf|[from] move: Trick\n|-item|p1a: Hoopa|Heavy-Duty Boots|[from] move: Trick\n|move|p2a: Terapagos|Calm Mind|p2a: Terapagos\n|-boost|p2a: Terapagos|spa|1\n|-boost|p2a: Terapagos|spd|1\n|\n|upkeep\n|turn|2\n|\n|t:|1781449965\n|switch|p2a: Dudunsparce|Dudunsparce-Three-Segment, L83, F|343/343\n|move|p1a: Hoopa|Shadow Ball|p2a: Dudunsparce\n|-immune|p2a: Dudunsparce\n|\n|upkeep\n|turn|3\n|\n|t:|1781449986\n|switch|p1a: Ursaring|Ursaring, L84, F|288/288\n|move|p2a: Dudunsparce|Glare|p1a: Ursaring\n|-status|p1a: Ursaring|par\n|\n|upkeep\n|turn|4\n|\n|t:|1781449996\n|move|p2a: Dudunsparce|Headbutt|p1a: Ursaring\n|-damage|p1a: Ursaring|234/288 par\n|cant|p1a: Ursaring|flinch\n|\n|upkeep\n|turn|5\n|\n|t:|1781450002\n|move|p2a: Dudunsparce|Headbutt|p1a: Ursaring\n|-damage|p1a: Ursaring|176/288 par\n|cant|p1a: Ursaring|flinch\n|\n|upkeep\n|turn|6\n|\n|t:|1781450007\n|move|p2a: Dudunsparce|Headbutt|p1a: Ursaring\n|-damage|p1a: Ursaring|113/288 par\n|cant|p1a: Ursaring|flinch\n|\n|upkeep\n|turn|7\n|\n|t:|1781450013\n|move|p2a: Dudunsparce|Headbutt|p1a: Ursaring\n|-damage|p1a: Ursaring|53/288 par\n|cant|p1a: Ursaring|flinch\n|\n|upkeep\n|turn|8\n|\n|t:|1781450018\n|move|p2a: Dudunsparce|Headbutt|p1a: Ursaring\n|-damage|p1a: Ursaring|0 fnt\n|faint|p1a: Ursaring\n|\n|upkeep\n|\n|t:|1781450036\n|switch|p1a: Raging Bolt|Raging Bolt, L78|323/323\n|turn|9\n|\n|t:|1781450040\n|move|p1a: Raging Bolt|Calm Mind|p1a: Raging Bolt\n|-boost|p1a: Raging Bolt|spa|1\n|-boost|p1a: Raging Bolt|spd|1\n|move|p2a: Dudunsparce|Earthquake|p1a: Raging Bolt\n|-supereffective|p1a: Raging Bolt\n|-damage|p1a: Raging Bolt|185/323\n|\n|-heal|p1a: Raging Bolt|205/323|[from] item: Leftovers\n|upkeep\n|turn|10\n|\n|t:|1781450053\n|move|p1a: Raging Bolt|Draco Meteor|p2a: Dudunsparce\n|-damage|p2a: Dudunsparce|84/343\n|-unboost|p1a: Raging Bolt|spa|2\n|move|p2a: Dudunsparce|Earthquake|p1a: Raging Bolt\n|-supereffective|p1a: Raging Bolt\n|-damage|p1a: Raging Bolt|59/323\n|\n|-heal|p1a: Raging Bolt|79/323|[from] item: Leftovers\n|-heal|p2a: Dudunsparce|105/343|[from] item: Leftovers\n|upkeep\n|turn|11\n|\n|t:|1781450063\n|move|p1a: Raging Bolt|Draco Meteor|p2a: Dudunsparce|[miss]\n|-miss|p1a: Raging Bolt|p2a: Dudunsparce\n|move|p2a: Dudunsparce|Roost|p2a: Dudunsparce\n|-heal|p2a: Dudunsparce|277/343\n|-singleturn|p2a: Dudunsparce|move: Roost\n|\n|-heal|p1a: Raging Bolt|99/323|[from] item: Leftovers\n|-heal|p2a: Dudunsparce|298/343|[from] item: Leftovers\n|upkeep\n|turn|12\n|\n|t:|1781450077\n|-end|p1a: Raging Bolt|Protosynthesis|[silent]\n|switch|p1a: Regice|Regice, L88|284/284\n|move|p2a: Dudunsparce|Earthquake|p1a: Regice\n|-damage|p1a: Regice|225/284\n|\n|-heal|p2a: Dudunsparce|319/343|[from] item: Leftovers\n|upkeep\n|turn|13\n|inactive|resurrection999 has 120 seconds left.\n|\n|t:|1781450109\n|switch|p1a: Chandelure|Chandelure, L83, M|235/235\n|move|p2a: Dudunsparce|Headbutt|p1a: Chandelure\n|-immune|p1a: Chandelure\n|\n|-heal|p2a: Dudunsparce|340/343|[from] item: Leftovers\n|upkeep\n|turn|14\n|inactive|resurrection999 has 120 seconds left.\n|\n|t:|1781450122\n|-terastallize|p1a: Chandelure|Ghost\n|move|p1a: Chandelure|Substitute|p1a: Chandelure\n|-start|p1a: Chandelure|Substitute\n|-damage|p1a: Chandelure|177/235\n|move|p2a: Dudunsparce|Earthquake|p1a: Chandelure\n|-end|p1a: Chandelure|Substitute\n|\n|-heal|p1a: Chandelure|191/235|[from] item: Leftovers\n|-heal|p2a: Dudunsparce|343/343|[from] item: Leftovers\n|upkeep\n|turn|15\n|inactive|resurrection999 has 120 seconds left.\n|inactive|rktkm has 120 seconds left.\n|\n|t:|1781450159\n|move|p1a: Chandelure|Calm Mind|p1a: Chandelure\n|-boost|p1a: Chandelure|spa|1\n|-boost|p1a: Chandelure|spd|1\n|move|p2a: Dudunsparce|Earthquake|p1a: Chandelure\n|-damage|p1a: Chandelure|120/235\n|\n|-heal|p1a: Chandelure|134/235|[from] item: Leftovers\n|upkeep\n|turn|16\n|inactive|resurrection999 has 90 seconds left.\n|\n|t:|1781450188\n|move|p1a: Chandelure|Fire Blast|p2a: Dudunsparce\n|-damage|p2a: Dudunsparce|93/343\n|move|p2a: Dudunsparce|Earthquake|p1a: Chandelure\n|-damage|p1a: Chandelure|59/235\n|\n|-heal|p1a: Chandelure|73/235|[from] item: Leftovers\n|-heal|p2a: Dudunsparce|114/343|[from] item: Leftovers\n|upkeep\n|turn|17\n|inactive|rktkm has 120 seconds left.\n|\n|t:|1781450202\n|move|p1a: Chandelure|Fire Blast|p2a: Dudunsparce\n|-damage|p2a: Dudunsparce|0 fnt\n|faint|p2a: Dudunsparce\n|\n|-heal|p1a: Chandelure|87/235|[from] item: Leftovers\n|upkeep\n|\n|t:|1781450210\n|switch|p2a: Zebstrika|Zebstrika, L87, M|272/272\n|turn|18\n|inactive|rktkm has 120 seconds left.\n|\n|t:|1781450223\n|move|p2a: Zebstrika|Supercell Slam|p1a: Chandelure\n|-damage|p1a: Chandelure|0 fnt\n|faint|p1a: Chandelure\n|-damage|p2a: Zebstrika|245/272|[from] item: Life Orb\n|\n|upkeep\n|inactive|resurrection999 has 90 seconds left.\n|\n|t:|1781450251\n|switch|p1a: Regice|Regice, L88|225/284\n|turn|19\n|\n|t:|1781450257\n|move|p2a: Zebstrika|Supercell Slam|p1a: Regice\n|-damage|p1a: Regice|89/284\n|-damage|p2a: Zebstrika|218/272|[from] item: Life Orb\n|move|p1a: Regice|Rest|p1a: Regice\n|-status|p1a: Regice|slp|[from] move: Rest\n|-heal|p1a: Regice|284/284 slp|[silent]\n|\n|upkeep\n|turn|20\n|inactive|resurrection999 has 90 seconds left.\n|\n|t:|1781450275\n|move|p2a: Zebstrika|Supercell Slam|p1a: Regice\n|-damage|p1a: Regice|159/284 slp\n|-damage|p2a: Zebstrika|191/272|[from] item: Life Orb\n|cant|p1a: Regice|slp\n|move|p1a: Regice|Sleep Talk|p1a: Regice\n|move|p1a: Regice|Rest||[from] move: Sleep Talk|[still]\n|-fail|p1a: Regice\n|\n|upkeep\n|turn|21\n|\n|t:|1781450292\n|move|p2a: Zebstrika|Overheat|p1a: Regice\n|-supereffective|p1a: Regice\n|-damage|p1a: Regice|39/284 slp\n|-unboost|p2a: Zebstrika|spa|2\n|-damage|p2a: Zebstrika|164/272|[from] item: Life Orb\n|cant|p1a: Regice|slp\n|\n|upkeep\n|turn|22\n|\n|t:|1781450320\n|move|p2a: Zebstrika|High Horsepower|p1a: Regice\n|-damage|p1a: Regice|0 fnt\n|faint|p1a: Regice\n|-damage|p2a: Zebstrika|137/272|[from] item: Life Orb\n|\n|upkeep\n|\n|t:|1781450329\n|switch|p1a: Hoopa|Hoopa, L85|275/275\n|turn|23\n|\n|t:|1781450337\n|move|p2a: Zebstrika|Supercell Slam|p1a: Hoopa\n|-damage|p1a: Hoopa|87/275\n|-damage|p2a: Zebstrika|110/272|[from] item: Life Orb\n|move|p1a: Hoopa|Shadow Ball|p2a: Zebstrika\n|-damage|p2a: Zebstrika|0 fnt\n|faint|p2a: Zebstrika\n|\n|upkeep\n|\n|t:|1781450350\n|switch|p2a: Seviper|Seviper, L93, M|287/287\n|turn|24\n|\n|t:|1781450367\n|move|p2a: Seviper|Earthquake|p1a: Hoopa\n|-damage|p1a: Hoopa|0 fnt\n|faint|p1a: Hoopa\n|-damage|p2a: Seviper|259/287|[from] item: Life Orb\n|\n|upkeep\n|\n|t:|1781450373\n|switch|p1a: Reshiram|Reshiram, L76|277/277\n|-ability|p1a: Reshiram|Turboblaze\n|turn|25\n|\n|t:|1781450388\n|-terastallize|p2a: Seviper|Ground\n|move|p1a: Reshiram|Dragon Dance|p1a: Reshiram\n|-boost|p1a: Reshiram|atk|1\n|-boost|p1a: Reshiram|spe|1\n|move|p2a: Seviper|Earthquake|p1a: Reshiram\n|-supereffective|p1a: Reshiram\n|-damage|p1a: Reshiram|0 fnt\n|faint|p1a: Reshiram\n|-damage|p2a: Seviper|231/287|[from] item: Life Orb\n|\n|upkeep\n|c|\u2606resurrection999|Gg\n|inactive|resurrection999 has 60 seconds left.\n|-message|resurrection999 forfeited.\n|\n|win|rktkm\n", "inputlog": ">version a8376a258c1d4662feba110a92103f3664a72141\n>start {\"formatid\":\"gen9randombattle\",\"seed\":\"sodium,a252fe64f54fedc67b479d8212cdf0e4\",\"rated\":\"Rated battle\"}\n>player p1 {\"name\":\"resurrection999\",\"avatar\":\"102\",\"rating\":1913,\"seed\":\"sodium,db74b79482353b469663538b19beb207\"}\n>player p2 {\"name\":\"rktkm\",\"avatar\":\"169\",\"rating\":1948,\"seed\":\"sodium,f8d58c991b7049092cddbf9545ea9880\"}\n>p1 move trick\n>p2 move calmmind\n>p1 move shadowball\n>p2 switch 3\n>p1 switch 4\n>p2 move glare\n>p1 move bodyslam\n>p2 move headbutt\n>p1 move rest\n>p2 move headbutt\n>p1 move rest\n>p2 move headbutt\n>p1 move rest\n>p2 move headbutt\n>p1 move rest\n>p2 move headbutt\n>p1 switch 3\n>p1 move calmmind\n>p2 move earthquake\n>p1 move dracometeor\n>p2 move earthquake\n>p1 move dracometeor\n>p2 move roost\n>p1 switch 6\n>p2 move earthquake\n>p1 switch 5\n>p2 move headbutt\n>p1 move substitute terastallize\n>p2 move earthquake\n>p1 move calmmind\n>p2 move earthquake\n>p1 move fireblast\n>p2 move earthquake\n>p1 move fireblast\n>p2 move glare\n>p2 switch 5\n>p1 move fireblast\n>p2 move supercellslam\n>p1 switch 5\n>p1 move rest\n>p2 move supercellslam\n>p1 move sleeptalk\n>p2 move supercellslam\n>p1 move rest\n>p2 move overheat\n>p1 move rest\n>p2 move highhorsepower\n>p1 switch 4\n>p1 move shadowball\n>p2 move supercellslam\n>p2 switch 4\n>p1 move shadowball\n>p2 move earthquake\n>p1 switch 2\n>p1 move dragondance\n>p2 move earthquake terastallize\n>chat \u2606resurrection999|Gg\n>forcelose p1", "uploadtime": 1781449896, "views": 4, "formatid": "gen9randombattle", "rating": null, "private": 0, "password": null}