{"id": "gen9randombattle-2631741915", "format": "[Gen 9] Random Battle", "players": ["Kormorano", "Where is the hax"], "log": "|j|\u2606Kormorano\n|j|\u2606Where is the hax\n|t:|1781432139\n|gametype|singles\n|player|p1|Kormorano|265|2033\n|player|p2|Where is the hax|266|2028\n|gen|9\n|tier|[Gen 9] Random Battle\n|rated|\n|rule|Species Clause: Limit one of each Pok\u00e9mon\n|rule|HP Percentage Mod: HP is shown in percentages\n|rule|Sleep Clause Mod: Limit one foe put to sleep\n|rule|Illusion Level Mod: Illusion disguises the Pok\u00e9mon's true level\n|\n|t:|1781432139\n|teamsize|p1|6\n|teamsize|p2|6\n|start\n|switch|p1a: Eternatus|Eternatus, L69|308/308\n|switch|p2a: Ribombee|Ribombee, L83, F|235/235\n|-ability|p1a: Eternatus|Pressure\n|turn|1\n|inactive|Battle timer is ON: inactive players will automatically lose when time's up. (requested by Kormorano)\n|\n|t:|1781432156\n|-terastallize|p2a: Ribombee|Ground\n|move|p2a: Ribombee|Quiver Dance|p2a: Ribombee\n|-boost|p2a: Ribombee|spa|1\n|-boost|p2a: Ribombee|spd|1\n|-boost|p2a: Ribombee|spe|1\n|move|p1a: Eternatus|Flamethrower|p2a: Ribombee\n|-damage|p2a: Ribombee|188/235\n|\n|upkeep\n|turn|2\n|\n|t:|1781432169\n|switch|p1a: Grafaiai|Grafaiai, L86, M|249/249\n|move|p2a: Ribombee|Quiver Dance|p2a: Ribombee\n|-boost|p2a: Ribombee|spa|1\n|-boost|p2a: Ribombee|spd|1\n|-boost|p2a: Ribombee|spe|1\n|\n|upkeep\n|turn|3\n|\n|t:|1781432174\n|move|p1a: Grafaiai|Encore|p2a: Ribombee\n|-start|p2a: Ribombee|Encore\n|move|p2a: Ribombee|Quiver Dance|p2a: Ribombee\n|-boost|p2a: Ribombee|spa|1\n|-boost|p2a: Ribombee|spd|1\n|-boost|p2a: Ribombee|spe|1\n|\n|upkeep\n|turn|4\n|inactive|Where is the hax has 120 seconds left.\n|\n|t:|1781432204\n|switch|p2a: Dugtrio|Dugtrio-Alola, L84, M|196/196\n|move|p1a: Grafaiai|Knock Off|p2a: Dugtrio\n|-damage|p2a: Dugtrio|111/196\n|-ability|p2a: Dugtrio|Tangling Hair\n|-unboost|p1a: Grafaiai|spe|1\n|-enditem|p2a: Dugtrio|Life Orb|[from] move: Knock Off|[of] p1a: Grafaiai\n|\n|upkeep\n|turn|5\n|\n|t:|1781432209\n|move|p1a: Grafaiai|Parting Shot|p2a: Dugtrio\n|-unboost|p2a: Dugtrio|atk|1\n|-unboost|p2a: Dugtrio|spa|1\n|\n|t:|1781432216\n|switch|p1a: Passimian|Passimian, L83, F|302/302|[from] Parting Shot\n|move|p2a: Dugtrio|Stealth Rock|p1a: Passimian\n|-sidestart|p1: Kormorano|move: Stealth Rock\n|\n|upkeep\n|turn|6\n|\n|t:|1781432229\n|switch|p2a: Mandibuzz|Mandibuzz, L85, F|326/326\n|move|p1a: Passimian|Earthquake|p2a: Mandibuzz\n|-immune|p2a: Mandibuzz\n|\n|upkeep\n|turn|7\n|\n|t:|1781432239\n|switch|p1a: Eternatus|Eternatus, L69|308/308\n|-damage|p1a: Eternatus|270/308|[from] Stealth Rock\n|-ability|p1a: Eternatus|Pressure\n|move|p2a: Mandibuzz|Brave Bird|p1a: Eternatus\n|-damage|p1a: Eternatus|155/308\n|-damage|p2a: Mandibuzz|288/326|[from] Recoil\n|\n|-heal|p1a: Eternatus|174/308|[from] item: Leftovers\n|upkeep\n|turn|8\n|inactive|Where is the hax has 120 seconds left.\n|\n|t:|1781432280\n|move|p1a: Eternatus|Recover|p1a: Eternatus\n|-heal|p1a: Eternatus|308/308\n|move|p2a: Mandibuzz|Brave Bird|p1a: Eternatus\n|-damage|p1a: Eternatus|194/308\n|-damage|p2a: Mandibuzz|250/326|[from] Recoil\n|\n|-heal|p1a: Eternatus|213/308|[from] item: Leftovers\n|upkeep\n|turn|9\n|\n|t:|1781432286\n|switch|p2a: Dugtrio|Dugtrio-Alola, L84, M|111/196\n|move|p1a: Eternatus|Flamethrower|p2a: Dugtrio\n|-supereffective|p2a: Dugtrio\n|-damage|p2a: Dugtrio|0 fnt\n|faint|p2a: Dugtrio\n|\n|-heal|p1a: Eternatus|232/308|[from] item: Leftovers\n|upkeep\n|\n|t:|1781432302\n|switch|p2a: Ribombee|Ribombee, L83, F, tera:Ground|188/235\n|turn|10\n|\n|t:|1781432309\n|switch|p1a: Regice|Regice, L88|284/284\n|move|p2a: Ribombee|Tera Blast|p1a: Regice|[anim] Tera Blast Ground\n|-damage|p1a: Regice|245/284\n|\n|upkeep\n|turn|11\n|\n|t:|1781432316\n|switch|p2a: Kingdra|Kingdra, L84, F|263/263\n|move|p1a: Regice|Ice Beam|p2a: Kingdra\n|-damage|p2a: Kingdra|154/263\n|\n|upkeep\n|turn|12\n|inactive|Where is the hax has 90 seconds left.\n|l|\u2606Where is the hax\n|inactive|Where is the hax disconnected and has a minute to reconnect!\n|player|p2|\n|inactive|Where is the hax has 30 seconds to reconnect!\n|inactive|Where is the hax has 20 seconds to reconnect!\n|inactive|Where is the hax has 15 seconds to reconnect!\n|inactive|Where is the hax has 10 seconds to reconnect!\n|inactive|Where is the hax has 5 seconds to reconnect!\n|-message|Where is the hax lost due to inactivity.\n|\n|win|Kormorano\n", "inputlog": ">version a8376a258c1d4662feba110a92103f3664a72141\n>start {\"formatid\":\"gen9randombattle\",\"seed\":\"sodium,f72b415e9c2bffedfc8f101abcd3113e\",\"rated\":\"Rated battle\"}\n>player p1 {\"name\":\"Kormorano\",\"avatar\":\"265\",\"rating\":2033,\"seed\":\"sodium,9012568b5b717a0cfebbda854549d4e1\"}\n>player p2 {\"name\":\"Where is the hax\",\"avatar\":\"266\",\"rating\":2028,\"seed\":\"sodium,5a1554109083b312f07300fab420b207\"}\n>p1 move flamethrower\n>p2 move quiverdance terastallize\n>p1 switch 5\n>p2 move quiverdance\n>p1 move encore\n>p2 move terablast\n>p1 move knockoff\n>p2 switch 2\n>p1 move partingshot\n>p2 move stealthrock\n>p1 switch 2\n>p1 move earthquake\n>p2 switch 6\n>p1 switch 5\n>p2 move bravebird\n>p1 move recover\n>p2 move bravebird\n>p1 move flamethrower\n>p2 switch 6\n>p2 switch 2\n>p1 switch 6\n>p2 move terablast\n>p1 move icebeam\n>p2 switch 3\n>forcelose p2", "uploadtime": 1781432141, "views": 4, "formatid": "gen9randombattle", "rating": null, "private": 0, "password": null}