{"id": "gen9randombattle-2631532314", "format": "[Gen 9] Random Battle", "players": ["blitzzchamp", "bluffmepls"], "log": "|j|\u2606blitzzchamp\n|j|\u2606bluffmepls\n|t:|1781397518\n|gametype|singles\n|player|p1|blitzzchamp|170|2147\n|player|p2|bluffmepls|266|2172\n|gen|9\n|tier|[Gen 9] Random Battle\n|rated|\n|rule|Species Clause: Limit one of each Pok\u00e9mon\n|rule|HP Percentage Mod: HP is shown in percentages\n|rule|Sleep Clause Mod: Limit one foe put to sleep\n|rule|Illusion Level Mod: Illusion disguises the Pok\u00e9mon's true level\n|\n|t:|1781397518\n|teamsize|p1|6\n|teamsize|p2|6\n|start\n|switch|p1a: Poliwrath|Poliwrath, L88, M|302/302\n|switch|p2a: Phione|Phione, L91|293/293\n|turn|1\n|inactive|Battle timer is ON: inactive players will automatically lose when time's up. (requested by bluffmepls)\n|\n|t:|1781397533\n|switch|p2a: Virizion|Virizion, L82|283/283\n|move|p1a: Poliwrath|Rain Dance|p1a: Poliwrath\n|-weather|RainDance\n|\n|-weather|RainDance|[upkeep]\n|upkeep\n|turn|2\n|\n|t:|1781397552\n|move|p1a: Poliwrath|Close Combat|p2a: Virizion\n|-damage|p2a: Virizion|72/283\n|-unboost|p1a: Poliwrath|def|1\n|-unboost|p1a: Poliwrath|spd|1\n|-damage|p1a: Poliwrath|272/302|[from] item: Life Orb\n|move|p2a: Virizion|Leaf Blade|p1a: Poliwrath\n|-supereffective|p1a: Poliwrath\n|-crit|p1a: Poliwrath\n|-damage|p1a: Poliwrath|0 fnt\n|faint|p1a: Poliwrath\n|-damage|p2a: Virizion|44/283|[from] item: Life Orb\n|\n|-weather|RainDance|[upkeep]\n|upkeep\n|\n|t:|1781397560\n|switch|p1a: Meowstic|Meowstic-F, L89, F|277/277\n|turn|3\n|\n|t:|1781397574\n|switch|p2a: Ho-Oh|Ho-Oh, L71|268/268\n|move|p1a: Meowstic|Psychic|p2a: Ho-Oh\n|-damage|p2a: Ho-Oh|171/268\n|-damage|p1a: Meowstic|250/277|[from] item: Life Orb\n|\n|-weather|RainDance|[upkeep]\n|upkeep\n|turn|4\n|\n|t:|1781397578\n|-terastallize|p1a: Meowstic|Electric\n|move|p1a: Meowstic|Thunderbolt|p2a: Ho-Oh\n|-supereffective|p2a: Ho-Oh\n|-damage|p2a: Ho-Oh|0 fnt\n|faint|p2a: Ho-Oh\n|-damage|p1a: Meowstic|223/277|[from] item: Life Orb\n|\n|-weather|RainDance|[upkeep]\n|upkeep\n|\n|t:|1781397584\n|switch|p2a: Latias|Latias, L79, F|256/256\n|turn|5\n|\n|t:|1781397591\n|move|p1a: Meowstic|Nasty Plot|p1a: Meowstic\n|-boost|p1a: Meowstic|spa|2\n|move|p2a: Latias|Draco Meteor|p1a: Meowstic\n|-damage|p1a: Meowstic|73/277\n|-unboost|p2a: Latias|spa|2\n|\n|-weather|none\n|upkeep\n|turn|6\n|\n|t:|1781397600\n|switch|p2a: Virizion|Virizion, L82|44/283\n|move|p1a: Meowstic|Alluring Voice|p2a: Virizion\n|-supereffective|p2a: Virizion\n|-damage|p2a: Virizion|0 fnt\n|faint|p2a: Virizion\n|-damage|p1a: Meowstic|46/277|[from] item: Life Orb\n|\n|upkeep\n|\n|t:|1781397606\n|switch|p2a: Avalugg|Avalugg-Hisui, L90, F|317/317\n|turn|7\n|\n|t:|1781397613\n|move|p1a: Meowstic|Psychic|p2a: Avalugg\n|-ability|p2a: Avalugg|Sturdy\n|-damage|p2a: Avalugg|1/317\n|-damage|p1a: Meowstic|19/277|[from] item: Life Orb\n|move|p2a: Avalugg|Rapid Spin|p1a: Meowstic\n|-damage|p1a: Meowstic|0 fnt\n|-boost|p2a: Avalugg|spe|1\n|faint|p1a: Meowstic\n|\n|upkeep\n|\n|t:|1781397629\n|switch|p1a: Delibird|Delibird, F|252/252\n|turn|8\n|\n|t:|1781397632\n|move|p1a: Delibird|Rapid Spin|p2a: Avalugg\n|-resisted|p2a: Avalugg\n|-damage|p2a: Avalugg|0 fnt\n|-boost|p1a: Delibird|spe|1\n|faint|p2a: Avalugg\n|\n|upkeep\n|\n|t:|1781397646\n|switch|p2a: Latias|Latias, L79, F|256/256\n|turn|9\n|\n|t:|1781397661\n|-terastallize|p2a: Latias|Steel\n|move|p1a: Delibird|Freeze-Dry|p2a: Latias\n|-resisted|p2a: Latias\n|-damage|p2a: Latias|224/256\n|-status|p2a: Latias|frz\n|cant|p2a: Latias|frz\n|\n|upkeep\n|turn|10\n|\n|t:|1781397666\n|switch|p1a: Koraidon|Koraidon, L64|235/235\n|-weather|SunnyDay|[from] ability: Orichalcum Pulse|[of] p1a: Koraidon\n|-activate|p1a: Koraidon|Orichalcum Pulse|[source]\n|cant|p2a: Latias|frz\n|\n|-weather|SunnyDay|[upkeep]\n|upkeep\n|turn|11\n|\n|t:|1781397671\n|cant|p2a: Latias|frz\n|move|p1a: Koraidon|Close Combat|p2a: Latias\n|-supereffective|p2a: Latias\n|-damage|p2a: Latias|0 fnt\n|-unboost|p1a: Koraidon|def|1\n|-unboost|p1a: Koraidon|spd|1\n|faint|p2a: Latias\n|\n|-weather|SunnyDay|[upkeep]\n|upkeep\n|\n|t:|1781397676\n|switch|p2a: Oricorio|Oricorio-Pa'u, L87, F|272/272\n|turn|12\n|\n|t:|1781397682\n|switch|p1a: Piloswine|Piloswine, L85, M|309/309\n|move|p2a: Oricorio|Quiver Dance|p2a: Oricorio\n|-boost|p2a: Oricorio|spa|1\n|-boost|p2a: Oricorio|spd|1\n|-boost|p2a: Oricorio|spe|1\n|\n|-weather|SunnyDay|[upkeep]\n|upkeep\n|turn|13\n|\n|t:|1781397688\n|switch|p2a: Phione|Phione, L91|293/293\n|move|p1a: Piloswine|Icicle Crash|p2a: Phione\n|-resisted|p2a: Phione\n|-damage|p2a: Phione|246/293\n|\n|-weather|SunnyDay|[upkeep]\n|-heal|p2a: Phione|264/293|[from] item: Leftovers\n|upkeep\n|turn|14\n|\n|t:|1781397696\n|switch|p1a: Koraidon|Koraidon, L64|235/235\n|-activate|p1a: Koraidon|ability: Orichalcum Pulse\n|move|p2a: Phione|Scald|p1a: Koraidon\n|-resisted|p1a: Koraidon\n|-damage|p1a: Koraidon|211/235\n|\n|-weather|none\n|-heal|p2a: Phione|282/293|[from] item: Leftovers\n|upkeep\n|turn|15\n|\n|t:|1781397703\n|move|p1a: Koraidon|Outrage|p2a: Phione\n|-damage|p2a: Phione|125/293\n|move|p2a: Phione|Scald|p1a: Koraidon\n|-resisted|p1a: Koraidon\n|-damage|p1a: Koraidon|163/235\n|\n|-heal|p2a: Phione|143/293|[from] item: Leftovers\n|upkeep\n|turn|16\n|\n|t:|1781397710\n|move|p1a: Koraidon|Outrage|p2a: Phione|[from] lockedmove\n|-damage|p2a: Phione|4/293\n|-start|p1a: Koraidon|confusion|[fatigue]\n|move|p2a: Phione|Scald|p1a: Koraidon\n|-resisted|p1a: Koraidon\n|-damage|p1a: Koraidon|115/235\n|-status|p1a: Koraidon|brn\n|\n|-heal|p2a: Phione|22/293|[from] item: Leftovers\n|-damage|p1a: Koraidon|101/235 brn|[from] brn\n|upkeep\n|turn|17\n|\n|t:|1781397727\n|switch|p1a: Delibird|Delibird, F|252/252\n|move|p2a: Phione|Rest|p2a: Phione\n|-status|p2a: Phione|slp|[from] move: Rest\n|-heal|p2a: Phione|293/293 slp|[silent]\n|\n|upkeep\n|turn|18\n|\n|t:|1781397733\n|move|p1a: Delibird|Freeze-Dry|p2a: Phione\n|-supereffective|p2a: Phione\n|-damage|p2a: Phione|149/293 slp\n|cant|p2a: Phione|slp\n|move|p2a: Phione|Sleep Talk|p2a: Phione\n|move|p2a: Phione|Take Heart|p2a: Phione|[from] move: Sleep Talk\n|-boost|p2a: Phione|spa|1\n|-boost|p2a: Phione|spd|1\n|-curestatus|p2a: Phione|slp|[msg]\n|\n|-heal|p2a: Phione|167/293|[from] item: Leftovers\n|upkeep\n|turn|19\n|\n|t:|1781397741\n|move|p1a: Delibird|Freeze-Dry|p2a: Phione\n|-supereffective|p2a: Phione\n|-damage|p2a: Phione|51/293\n|move|p2a: Phione|Rest|p2a: Phione\n|-status|p2a: Phione|slp|[from] move: Rest\n|-heal|p2a: Phione|293/293 slp|[silent]\n|\n|upkeep\n|turn|20\n|\n|t:|1781397753\n|move|p1a: Delibird|Brave Bird|p2a: Phione\n|-damage|p2a: Phione|173/293 slp\n|-damage|p1a: Delibird|212/252|[from] Recoil\n|cant|p2a: Phione|slp\n|move|p2a: Phione|Sleep Talk|p2a: Phione\n|move|p2a: Phione|Take Heart|p2a: Phione|[from] move: Sleep Talk\n|-boost|p2a: Phione|spa|1\n|-boost|p2a: Phione|spd|1\n|-curestatus|p2a: Phione|slp|[msg]\n|\n|-heal|p2a: Phione|191/293|[from] item: Leftovers\n|upkeep\n|turn|21\n|\n|t:|1781397765\n|move|p1a: Delibird|Brave Bird|p2a: Phione\n|-damage|p2a: Phione|71/293\n|-damage|p1a: Delibird|172/252|[from] Recoil\n|move|p2a: Phione|Scald|p1a: Delibird\n|-damage|p1a: Delibird|0 fnt\n|faint|p1a: Delibird\n|\n|-heal|p2a: Phione|89/293|[from] item: Leftovers\n|upkeep\n|\n|t:|1781397783\n|switch|p1a: Koraidon|Koraidon, L64|101/235 brn\n|-weather|SunnyDay|[from] ability: Orichalcum Pulse|[of] p1a: Koraidon\n|-activate|p1a: Koraidon|Orichalcum Pulse|[source]\n|turn|22\n|\n|t:|1781397789\n|move|p1a: Koraidon|Outrage|p2a: Phione\n|-damage|p2a: Phione|0 fnt\n|faint|p2a: Phione\n|\n|-weather|SunnyDay|[upkeep]\n|-damage|p1a: Koraidon|87/235 brn|[from] brn\n|upkeep\n|\n|t:|1781397793\n|switch|p2a: Oricorio|Oricorio-Pa'u, L87, F|272/272\n|turn|23\n|\n|t:|1781397795\n|move|p2a: Oricorio|Quiver Dance|p2a: Oricorio\n|-boost|p2a: Oricorio|spa|1\n|-boost|p2a: Oricorio|spd|1\n|-boost|p2a: Oricorio|spe|1\n|move|p1a: Koraidon|Outrage|p2a: Oricorio|[from] lockedmove\n|-damage|p2a: Oricorio|152/272\n|-start|p1a: Koraidon|confusion|[fatigue]\n|\n|-weather|SunnyDay|[upkeep]\n|-damage|p1a: Koraidon|73/235 brn|[from] brn\n|upkeep\n|turn|24\n|\n|t:|1781397800\n|switch|p1a: Piloswine|Piloswine, L85, M|309/309\n|move|p2a: Oricorio|Quiver Dance|p2a: Oricorio\n|-boost|p2a: Oricorio|spa|1\n|-boost|p2a: Oricorio|spd|1\n|-boost|p2a: Oricorio|spe|1\n|\n|-weather|SunnyDay|[upkeep]\n|upkeep\n|turn|25\n|\n|t:|1781397803\n|move|p2a: Oricorio|Roost|p2a: Oricorio\n|-heal|p2a: Oricorio|272/272\n|-singleturn|p2a: Oricorio|move: Roost\n|move|p1a: Piloswine|Icicle Crash|p2a: Oricorio\n|-damage|p2a: Oricorio|161/272\n|\n|-weather|SunnyDay|[upkeep]\n|upkeep\n|turn|26\n|\n|t:|1781397808\n|move|p2a: Oricorio|Roost|p2a: Oricorio\n|-heal|p2a: Oricorio|272/272\n|-singleturn|p2a: Oricorio|move: Roost\n|move|p1a: Piloswine|Icicle Crash|p2a: Oricorio\n|-damage|p2a: Oricorio|164/272\n|\n|-weather|none\n|upkeep\n|turn|27\n|\n|t:|1781397810\n|move|p2a: Oricorio|Roost|p2a: Oricorio\n|-heal|p2a: Oricorio|272/272\n|-singleturn|p2a: Oricorio|move: Roost\n|move|p1a: Piloswine|Icicle Crash|p2a: Oricorio\n|-damage|p2a: Oricorio|157/272\n|\n|upkeep\n|turn|28\n|\n|t:|1781397815\n|move|p1a: Piloswine|Ice Shard|p2a: Oricorio\n|-supereffective|p2a: Oricorio\n|-damage|p2a: Oricorio|55/272\n|move|p2a: Oricorio|Roost|p2a: Oricorio\n|-heal|p2a: Oricorio|191/272\n|-singleturn|p2a: Oricorio|move: Roost\n|\n|upkeep\n|turn|29\n|\n|t:|1781397819\n|move|p2a: Oricorio|Roost|p2a: Oricorio\n|-heal|p2a: Oricorio|272/272\n|-singleturn|p2a: Oricorio|move: Roost\n|move|p1a: Piloswine|Icicle Crash|p2a: Oricorio|[miss]\n|-miss|p1a: Piloswine|p2a: Oricorio\n|\n|upkeep\n|turn|30\n|\n|t:|1781397822\n|move|p2a: Oricorio|Revelation Dance|p1a: Piloswine\n|-damage|p1a: Piloswine|135/309\n|move|p1a: Piloswine|Icicle Crash|p2a: Oricorio\n|-supereffective|p2a: Oricorio\n|-damage|p2a: Oricorio|44/272\n|\n|upkeep\n|turn|31\n|\n|t:|1781397827\n|move|p1a: Piloswine|Ice Shard|p2a: Oricorio\n|-supereffective|p2a: Oricorio\n|-damage|p2a: Oricorio|0 fnt\n|faint|p2a: Oricorio\n|\n|win|blitzzchamp\n", "inputlog": ">version a8376a258c1d4662feba110a92103f3664a72141\n>start {\"formatid\":\"gen9randombattle\",\"seed\":\"sodium,c788afd9485d11d3cbeab54b554f9c0f\",\"rated\":\"Rated battle\"}\n>player p1 {\"name\":\"blitzzchamp\",\"avatar\":\"170\",\"rating\":2147,\"seed\":\"sodium,db70f4c8ea16981bc19c1dbe63b8e764\"}\n>player p2 {\"name\":\"bluffmepls\",\"avatar\":\"266\",\"rating\":2172,\"seed\":\"sodium,e368c50c5701789b6e8e6b948272f81a\"}\n>p1 move raindance\n>p2 switch 4\n>p1 move closecombat\n>p2 move leafblade\n>p1 switch 5\n>p1 move psychic\n>p2 switch 3\n>p1 move thunderbolt terastallize\n>p2 move recover\n>p2 switch 2\n>p1 move nastyplot\n>p2 move dracometeor\n>p1 move alluringvoice\n>p2 switch 3\n>p2 switch 5\n>p1 move psychic\n>p2 move rapidspin\n>p1 switch 2\n>p1 move rapidspin\n>p2 move stoneedge\n>p2 switch 3\n>p1 move freezedry\n>p2 move calmmind terastallize\n>p1 switch 3\n>p2 move psyshock\n>p1 move closecombat\n>p2 move dracometeor\n>p2 switch 6\n>p1 switch 6\n>p2 move quiverdance\n>p1 move iciclecrash\n>p2 switch 4\n>p1 switch 6\n>p2 move scald\n>p1 move outrage\n>p2 move scald\n>p1 move outrage\n>p2 move scald\n>p1 switch 3\n>p2 move rest\n>p1 move freezedry\n>p2 move sleeptalk\n>p1 move freezedry\n>p2 move rest\n>p1 move bravebird\n>p2 move sleeptalk\n>p1 move bravebird\n>p2 move scald\n>p1 switch 3\n>p1 move outrage\n>p2 move rest\n>p2 switch 4\n>p1 move outrage\n>p2 move quiverdance\n>p1 switch 6\n>p2 move quiverdance\n>p1 move iciclecrash\n>p2 move roost\n>p1 move iciclecrash\n>p2 move roost\n>p1 move iciclecrash\n>p2 move roost\n>p1 move iceshard\n>p2 move roost\n>p1 move iciclecrash\n>p2 move roost\n>p1 move iciclecrash\n>p2 move revelationdance\n>p1 move iceshard\n>p2 move revelationdance", "uploadtime": 1781397520, "views": 5, "formatid": "gen9randombattle", "rating": null, "private": 0, "password": null}