{"id": "gen9randombattle-2632001616", "format": "[Gen 9] Random Battle", "players": ["TossedOnYourNeck", "Aurrem173"], "log": "|j|\u2606TossedOnYourNeck\n|j|\u2606Aurrem173\n|t:|1781464663\n|gametype|singles\n|player|p1|TossedOnYourNeck|102|1972\n|player|p2|Aurrem173|veteranf|2037\n|gen|9\n|tier|[Gen 9] Random Battle\n|rated|\n|rule|Species Clause: Limit one of each Pok\u00e9mon\n|rule|HP Percentage Mod: HP is shown in percentages\n|rule|Sleep Clause Mod: Limit one foe put to sleep\n|rule|Illusion Level Mod: Illusion disguises the Pok\u00e9mon's true level\n|\n|t:|1781464663\n|teamsize|p1|6\n|teamsize|p2|6\n|start\n|switch|p1a: Deoxys|Deoxys-Attack, L72|191/191\n|switch|p2a: Blastoise|Blastoise, L80, F|258/258\n|-ability|p1a: Deoxys|Pressure\n|turn|1\n|inactive|Battle timer is ON: inactive players will automatically lose when time's up. (requested by Aurrem173)\n|inactive|TossedOnYourNeck has 120 seconds left.\n|inactive|Aurrem173 has 120 seconds left.\n|\n|t:|1781464704\n|switch|p1a: Swampert|Swampert, L83, F|302/302\n|switch|p2a: Grumpig|Grumpig, L92, F|297/297\n|\n|upkeep\n|turn|2\n|\n|t:|1781464719\n|move|p2a: Grumpig|Psychic|p1a: Swampert\n|-crit|p1a: Swampert\n|-damage|p1a: Swampert|149/302\n|move|p1a: Swampert|Yawn|p2a: Grumpig\n|-start|p2a: Grumpig|move: Yawn|[of] p1a: Swampert\n|\n|-heal|p1a: Swampert|167/302|[from] item: Leftovers\n|upkeep\n|turn|3\n|\n|t:|1781464727\n|switch|p2a: Weezing|Weezing-Galar, L86, M|252/252\n|switch|p1a: Hydreigon|Hydreigon, L79, F|275/275\n|\n|upkeep\n|turn|4\n|\n|t:|1781464738\n|switch|p1a: Girafarig|Girafarig, L89, M|269/269\n|move|p2a: Weezing|Strange Steam|p1a: Girafarig\n|-damage|p1a: Girafarig|203/269\n|\n|upkeep\n|turn|5\n|\n|t:|1781464755\n|move|p1a: Girafarig|Hyper Voice|p2a: Weezing\n|-damage|p2a: Weezing|140/252\n|move|p2a: Weezing|Gunk Shot|p1a: Girafarig|[miss]\n|-miss|p2a: Weezing|p1a: Girafarig\n|\n|-heal|p2a: Weezing|155/252|[from] item: Leftovers\n|upkeep\n|turn|6\n|\n|t:|1781464762\n|switch|p2a: Probopass|Probopass, L91, F|257/257\n|move|p1a: Girafarig|Nasty Plot|p1a: Girafarig\n|-boost|p1a: Girafarig|spa|2\n|\n|upkeep\n|turn|7\n|\n|t:|1781464766\n|move|p1a: Girafarig|Thunderbolt|p2a: Probopass\n|-damage|p2a: Probopass|180/257\n|move|p2a: Probopass|Iron Defense|p2a: Probopass\n|-boost|p2a: Probopass|def|2\n|\n|upkeep\n|turn|8\n|\n|t:|1781464779\n|move|p1a: Girafarig|Thunderbolt|p2a: Probopass\n|-damage|p2a: Probopass|106/257\n|move|p2a: Probopass|Iron Defense|p2a: Probopass\n|-boost|p2a: Probopass|def|2\n|\n|upkeep\n|turn|9\n|\n|t:|1781464789\n|switch|p1a: Pikachu|Pikachu-Hoenn, L93, M|216/216\n|move|p2a: Probopass|Rest|p2a: Probopass\n|-status|p2a: Probopass|slp|[from] move: Rest\n|-heal|p2a: Probopass|257/257 slp|[silent]\n|-enditem|p2a: Probopass|Chesto Berry|[eat]\n|-curestatus|p2a: Probopass|slp|[msg]\n|\n|upkeep\n|turn|10\n|\n|t:|1781464794\n|move|p1a: Pikachu|Surf|p2a: Probopass\n|-supereffective|p2a: Probopass\n|-damage|p2a: Probopass|147/257\n|move|p2a: Probopass|Body Press|p1a: Pikachu\n|-damage|p1a: Pikachu|0 fnt\n|faint|p1a: Pikachu\n|\n|upkeep\n|\n|t:|1781464806\n|switch|p1a: Swampert|Swampert, L83, F|167/302\n|turn|11\n|\n|t:|1781464809\n|move|p1a: Swampert|Earthquake|p2a: Probopass\n|-supereffective|p2a: Probopass\n|-damage|p2a: Probopass|59/257\n|move|p2a: Probopass|Body Press|p1a: Swampert\n|-damage|p1a: Swampert|0 fnt\n|faint|p1a: Swampert\n|\n|upkeep\n|\n|t:|1781464819\n|switch|p1a: Hydreigon|Hydreigon, L79, F|275/275\n|turn|12\n|\n|t:|1781464824\n|move|p1a: Hydreigon|Dark Pulse|p2a: Probopass\n|-damage|p2a: Probopass|0 fnt\n|faint|p2a: Probopass\n|-damage|p1a: Hydreigon|248/275|[from] item: Life Orb\n|\n|upkeep\n|\n|t:|1781464829\n|switch|p2a: Weezing|Weezing-Galar, L86, M|155/252\n|turn|13\n|\n|t:|1781464835\n|switch|p1a: Girafarig|Girafarig, L89, M|203/269\n|move|p2a: Weezing|Gunk Shot|p1a: Girafarig|[miss]\n|-miss|p2a: Weezing|p1a: Girafarig\n|\n|-heal|p2a: Weezing|170/252|[from] item: Leftovers\n|upkeep\n|turn|14\n|\n|t:|1781464845\n|switch|p2a: Arceus|Arceus-Fire, L72|291/291\n|move|p1a: Girafarig|Psyshock|p2a: Arceus\n|-damage|p2a: Arceus|215/291\n|\n|upkeep\n|turn|15\n|\n|t:|1781464854\n|move|p2a: Arceus|Dragon Dance|p2a: Arceus\n|-boost|p2a: Arceus|atk|1\n|-boost|p2a: Arceus|spe|1\n|move|p1a: Girafarig|Nasty Plot|p1a: Girafarig\n|-boost|p1a: Girafarig|spa|2\n|\n|upkeep\n|turn|16\n|\n|t:|1781464858\n|move|p2a: Arceus|Flare Blitz|p1a: Girafarig\n|-damage|p1a: Girafarig|37/269\n|-damage|p2a: Arceus|160/291|[from] Recoil\n|move|p1a: Girafarig|Hyper Voice|p2a: Arceus\n|-damage|p2a: Arceus|0 fnt\n|faint|p2a: Arceus\n|\n|upkeep\n|\n|t:|1781464868\n|switch|p2a: Grumpig|Grumpig, L92, F|297/297\n|turn|17\n|\n|t:|1781464876\n|move|p2a: Grumpig|Focus Blast|p1a: Girafarig|[miss]\n|-miss|p2a: Grumpig|p1a: Girafarig\n|move|p1a: Girafarig|Hyper Voice|p2a: Grumpig\n|-damage|p2a: Grumpig|129/297\n|\n|upkeep\n|turn|18\n|\n|t:|1781464878\n|move|p2a: Grumpig|Focus Blast|p1a: Girafarig|[miss]\n|-miss|p2a: Grumpig|p1a: Girafarig\n|move|p1a: Girafarig|Hyper Voice|p2a: Grumpig\n|-damage|p2a: Grumpig|0 fnt\n|faint|p2a: Grumpig\n|\n|upkeep\n|-message|TossedOnYourNeck forfeited.\n|\n|win|Aurrem173\n", "uploadtime": 1781464666, "views": 2, "formatid": "gen9randombattle", "rating": null, "private": 0, "password": null}