{"id": "gen9randombattle-2631459506", "format": "[Gen 9] Random Battle", "players": ["Fizzbamsen", "quagapult"], "log": "|j|\u2606Fizzbamsen\n|j|\u2606quagapult\n|t:|1781387307\n|gametype|singles\n|player|p1|Fizzbamsen|170|1973\n|player|p2|quagapult|170|1919\n|gen|9\n|tier|[Gen 9] Random Battle\n|rated|\n|rule|Species Clause: Limit one of each Pok\u00e9mon\n|rule|HP Percentage Mod: HP is shown in percentages\n|rule|Sleep Clause Mod: Limit one foe put to sleep\n|rule|Illusion Level Mod: Illusion disguises the Pok\u00e9mon's true level\n|\n|t:|1781387307\n|teamsize|p1|6\n|teamsize|p2|6\n|start\n|switch|p1a: Arcanine|Arcanine-Hisui, L79, F|279/279\n|switch|p2a: Regice|Regice, L88|284/284\n|turn|1\n|inactive|Battle timer is ON: inactive players will automatically lose when time's up. (requested by quagapult)\n|\n|t:|1781387315\n|switch|p2a: Gurdurr|Gurdurr, L85, F|283/283\n|move|p1a: Arcanine|Head Smash|p2a: Gurdurr\n|-resisted|p2a: Gurdurr\n|-damage|p2a: Gurdurr|206/283\n|\n|upkeep\n|turn|2\n|\n|t:|1781387323\n|switch|p1a: Ho-Oh|Ho-Oh, L71|268/268\n|move|p2a: Gurdurr|Knock Off|p1a: Ho-Oh\n|-damage|p1a: Ho-Oh|183/268\n|-enditem|p1a: Ho-Oh|Heavy-Duty Boots|[from] move: Knock Off|[of] p2a: Gurdurr\n|\n|upkeep\n|turn|3\n|\n|t:|1781387339\n|switch|p2a: Dedenne|Dedenne, L88, M|261/261\n|move|p1a: Ho-Oh|Brave Bird|p2a: Dedenne\n|-resisted|p2a: Dedenne\n|-damage|p2a: Dedenne|182/261\n|-damage|p1a: Ho-Oh|157/268|[from] Recoil\n|\n|upkeep\n|turn|4\n|\n|t:|1781387347\n|switch|p1a: Sandaconda|Sandaconda, L84, F|258/258\n|move|p2a: Dedenne|Nuzzle|p1a: Sandaconda\n|-immune|p1a: Sandaconda\n|\n|upkeep\n|turn|5\n|\n|t:|1781387352\n|move|p2a: Dedenne|U-turn|p1a: Sandaconda\n|-damage|p1a: Sandaconda|227/258\n|\n|t:|1781387363\n|switch|p2a: Spidops|Spidops, L96, F|271/271|[from] U-turn\n|move|p1a: Sandaconda|Stealth Rock|p2a: Spidops\n|-sidestart|p2: quagapult|move: Stealth Rock\n|\n|-heal|p1a: Sandaconda|243/258|[from] item: Leftovers\n|upkeep\n|turn|6\n|\n|t:|1781387367\n|move|p1a: Sandaconda|Glare|p2a: Spidops\n|-status|p2a: Spidops|par\n|move|p2a: Spidops|Sticky Web|p1a: Sandaconda\n|-sidestart|p1: Fizzbamsen|move: Sticky Web\n|\n|-heal|p1a: Sandaconda|258/258|[from] item: Leftovers\n|upkeep\n|turn|7\n|\n|t:|1781387373\n|move|p1a: Sandaconda|Stone Edge|p2a: Spidops\n|-supereffective|p2a: Spidops\n|-damage|p2a: Spidops|151/271 par\n|cant|p2a: Spidops|par\n|\n|upkeep\n|turn|8\n|\n|t:|1781387378\n|move|p1a: Sandaconda|Stone Edge|p2a: Spidops\n|-supereffective|p2a: Spidops\n|-damage|p2a: Spidops|13/271 par\n|move|p2a: Spidops|Spikes|p1a: Sandaconda\n|-sidestart|p1: Fizzbamsen|Spikes\n|\n|upkeep\n|turn|9\n|\n|t:|1781387387\n|move|p1a: Sandaconda|Earthquake|p2a: Spidops\n|-resisted|p2a: Spidops\n|-crit|p2a: Spidops\n|-damage|p2a: Spidops|0 fnt\n|faint|p2a: Spidops\n|\n|upkeep\n|\n|t:|1781387393\n|switch|p2a: Regice|Regice, L88|284/284\n|turn|10\n|\n|t:|1781387397\n|move|p1a: Sandaconda|Glare|p2a: Regice\n|-status|p2a: Regice|par\n|cant|p2a: Regice|par\n|\n|upkeep\n|turn|11\n|\n|t:|1781387403\n|switch|p1a: Ho-Oh|Ho-Oh, L71|246/268\n|cant|p2a: Regice|par\n|\n|upkeep\n|turn|12\n|\n|t:|1781387417\n|switch|p2a: Dedenne|Dedenne, L88, M|182/261\n|-damage|p2a: Dedenne|150/261|[from] Stealth Rock\n|move|p1a: Ho-Oh|Sacred Fire|p2a: Dedenne\n|-damage|p2a: Dedenne|15/261\n|-status|p2a: Dedenne|brn\n|-enditem|p2a: Dedenne|Sitrus Berry|[eat]\n|-heal|p2a: Dedenne|80/261 brn|[from] item: Sitrus Berry\n|-heal|p2a: Dedenne|167/261 brn|[from] ability: Cheek Pouch\n|\n|-damage|p2a: Dedenne|151/261 brn|[from] brn\n|upkeep\n|turn|13\n|\n|t:|1781387430\n|switch|p1a: Sandaconda|Sandaconda, L84, F|258/258\n|-activate|p1a: Sandaconda|move: Sticky Web\n|-unboost|p1a: Sandaconda|spe|1\n|-damage|p1a: Sandaconda|226/258|[from] Spikes\n|move|p2a: Dedenne|U-turn|p1a: Sandaconda\n|-damage|p1a: Sandaconda|212/258\n|\n|t:|1781387453\n|switch|p2a: Regice|Regice, L88|284/284 par|[from] U-turn\n|\n|-heal|p1a: Sandaconda|228/258|[from] item: Leftovers\n|upkeep\n|turn|14\n|\n|t:|1781387466\n|switch|p1a: Qwilfish|Qwilfish, L86, F|252/252\n|-ability|p1a: Qwilfish|Intimidate|boost\n|-fail|p2a: Regice|unboost|[from] ability: Clear Body|[of] p2a: Regice\n|move|p2a: Regice|Ice Beam|p1a: Qwilfish\n|-resisted|p1a: Qwilfish\n|-damage|p1a: Qwilfish|180/252\n|\n|upkeep\n|turn|15\n|\n|t:|1781387479\n|switch|p2a: Dedenne|Dedenne, L88, M|151/261 brn\n|-damage|p2a: Dedenne|119/261 brn|[from] Stealth Rock\n|move|p1a: Qwilfish|Toxic Spikes|p2a: Dedenne\n|-sidestart|p2: quagapult|move: Toxic Spikes\n|\n|-damage|p2a: Dedenne|103/261 brn|[from] brn\n|upkeep\n|turn|16\n|\n|t:|1781387493\n|switch|p1a: Sandaconda|Sandaconda, L84, F|228/258\n|-activate|p1a: Sandaconda|move: Sticky Web\n|-unboost|p1a: Sandaconda|spe|1\n|-damage|p1a: Sandaconda|196/258|[from] Spikes\n|move|p2a: Dedenne|U-turn|p1a: Sandaconda\n|-damage|p1a: Sandaconda|183/258\n|\n|t:|1781387502\n|switch|p2a: Gurdurr|Gurdurr, L85, F|206/283|[from] U-turn\n|-damage|p2a: Gurdurr|189/283|[from] Stealth Rock\n|-status|p2a: Gurdurr|psn\n|\n|-heal|p1a: Sandaconda|199/258|[from] item: Leftovers\n|-damage|p2a: Gurdurr|154/283 psn|[from] psn\n|upkeep\n|turn|17\n|\n|t:|1781387512\n|move|p2a: Gurdurr|Defog|p1a: Sandaconda\n|-unboost|p1a: Sandaconda|evasion|1\n|-sideend|p1: Fizzbamsen|Spikes|[from] move: Defog|[of] p2a: Gurdurr\n|-sideend|p1: Fizzbamsen|Sticky Web|[from] move: Defog|[of] p2a: Gurdurr\n|-sideend|p2: quagapult|Toxic Spikes|[from] move: Defog|[of] p2a: Gurdurr\n|-sideend|p2: quagapult|Stealth Rock|[from] move: Defog|[of] p2a: Gurdurr\n|move|p1a: Sandaconda|Earthquake|p2a: Gurdurr\n|-damage|p2a: Gurdurr|78/283 psn\n|\n|-heal|p1a: Sandaconda|215/258|[from] item: Leftovers\n|-damage|p2a: Gurdurr|43/283 psn|[from] psn\n|upkeep\n|turn|18\n|\n|t:|1781387524\n|switch|p1a: Hawlucha|Hawlucha, L80, M|256/256\n|move|p2a: Gurdurr|Knock Off|p1a: Hawlucha\n|-resisted|p1a: Hawlucha\n|-damage|p1a: Hawlucha|195/256\n|-enditem|p1a: Hawlucha|White Herb|[from] move: Knock Off|[of] p2a: Gurdurr\n|\n|-damage|p2a: Gurdurr|8/283 psn|[from] psn\n|upkeep\n|turn|19\n|\n|t:|1781387544\n|move|p2a: Gurdurr|Mach Punch|p1a: Hawlucha\n|-resisted|p1a: Hawlucha\n|-damage|p1a: Hawlucha|157/256\n|move|p1a: Hawlucha|Acrobatics|p2a: Gurdurr\n|-supereffective|p2a: Gurdurr\n|-damage|p2a: Gurdurr|0 fnt\n|faint|p2a: Gurdurr\n|\n|upkeep\n|inactive|quagapult has 120 seconds left.\n|\n|t:|1781387557\n|switch|p2a: Dedenne|Dedenne, L88, M|103/261 brn\n|turn|20\n|\n|t:|1781387562\n|switch|p1a: Sandaconda|Sandaconda, L84, F|215/258\n|move|p2a: Dedenne|Dazzling Gleam|p1a: Sandaconda\n|-damage|p1a: Sandaconda|125/258\n|\n|-heal|p1a: Sandaconda|141/258|[from] item: Leftovers\n|-damage|p2a: Dedenne|87/261 brn|[from] brn\n|upkeep\n|turn|21\n|\n|t:|1781387571\n|move|p2a: Dedenne|Dazzling Gleam|p1a: Sandaconda\n|-damage|p1a: Sandaconda|47/258\n|move|p1a: Sandaconda|Stealth Rock|p2a: Dedenne\n|-sidestart|p2: quagapult|move: Stealth Rock\n|\n|-heal|p1a: Sandaconda|63/258|[from] item: Leftovers\n|-damage|p2a: Dedenne|71/261 brn|[from] brn\n|upkeep\n|turn|22\n|\n|t:|1781387580\n|switch|p1a: Qwilfish|Qwilfish, L86, F|180/252\n|-ability|p1a: Qwilfish|Intimidate|boost\n|-unboost|p2a: Dedenne|atk|1\n|move|p2a: Dedenne|Thunderbolt|p1a: Qwilfish\n|-supereffective|p1a: Qwilfish\n|-damage|p1a: Qwilfish|0 fnt\n|faint|p1a: Qwilfish\n|\n|-damage|p2a: Dedenne|55/261 brn|[from] brn\n|upkeep\n|\n|t:|1781387588\n|switch|p1a: Hawlucha|Hawlucha, L80, M|157/256\n|turn|23\n|\n|t:|1781387592\n|move|p1a: Hawlucha|Close Combat|p2a: Dedenne\n|-resisted|p2a: Dedenne\n|-damage|p2a: Dedenne|0 fnt\n|-unboost|p1a: Hawlucha|def|1\n|-unboost|p1a: Hawlucha|spd|1\n|faint|p2a: Dedenne\n|\n|upkeep\n|\n|t:|1781387607\n|switch|p2a: Zekrom|Zekrom, L71|259/259\n|-damage|p2a: Zekrom|227/259|[from] Stealth Rock\n|-ability|p2a: Zekrom|Teravolt\n|turn|24\n|\n|t:|1781387617\n|move|p1a: Hawlucha|Close Combat|p2a: Zekrom\n|-damage|p2a: Zekrom|116/259\n|-unboost|p1a: Hawlucha|def|1\n|-unboost|p1a: Hawlucha|spd|1\n|move|p2a: Zekrom|Dragon Dance|p2a: Zekrom\n|-boost|p2a: Zekrom|atk|1\n|-boost|p2a: Zekrom|spe|1\n|\n|-heal|p2a: Zekrom|132/259|[from] item: Leftovers\n|upkeep\n|turn|25\n|\n|t:|1781387626\n|-terastallize|p2a: Zekrom|Fairy\n|move|p2a: Zekrom|Dragon Dance|p2a: Zekrom\n|-boost|p2a: Zekrom|atk|1\n|-boost|p2a: Zekrom|spe|1\n|move|p1a: Hawlucha|Close Combat|p2a: Zekrom\n|-resisted|p2a: Zekrom\n|-damage|p2a: Zekrom|84/259\n|-unboost|p1a: Hawlucha|def|1\n|-unboost|p1a: Hawlucha|spd|1\n|\n|-heal|p2a: Zekrom|100/259|[from] item: Leftovers\n|upkeep\n|turn|26\n|\n|t:|1781387638\n|move|p2a: Zekrom|Bolt Strike|p1a: Hawlucha\n|-supereffective|p1a: Hawlucha\n|-damage|p1a: Hawlucha|0 fnt\n|faint|p1a: Hawlucha\n|\n|-heal|p2a: Zekrom|116/259|[from] item: Leftovers\n|upkeep\n|\n|t:|1781387642\n|switch|p1a: Arcanine|Arcanine-Hisui, L79, F|279/279\n|turn|27\n|\n|t:|1781387651\n|move|p1a: Arcanine|Extreme Speed|p2a: Zekrom\n|-damage|p2a: Zekrom|39/259\n|move|p2a: Zekrom|Bolt Strike|p1a: Arcanine\n|-damage|p1a: Arcanine|0 fnt\n|faint|p1a: Arcanine\n|\n|-heal|p2a: Zekrom|55/259|[from] item: Leftovers\n|upkeep\n|\n|t:|1781387658\n|switch|p1a: Ho-Oh|Ho-Oh, L71|268/268\n|turn|28\n|\n|t:|1781387667\n|-terastallize|p1a: Ho-Oh|Ground\n|move|p2a: Zekrom|Bolt Strike|p1a: Ho-Oh\n|-immune|p1a: Ho-Oh\n|move|p1a: Ho-Oh|Earthquake|p2a: Zekrom\n|-damage|p2a: Zekrom|0 fnt\n|faint|p2a: Zekrom\n|\n|upkeep\n|\n|t:|1781387676\n|switch|p2a: Sawsbuck|Sawsbuck-Summer, L88, F|284/284\n|-damage|p2a: Sawsbuck|249/284|[from] Stealth Rock\n|turn|29\n|\n|t:|1781387682\n|move|p2a: Sawsbuck|Horn Leech|p1a: Ho-Oh\n|-supereffective|p1a: Ho-Oh\n|-damage|p1a: Ho-Oh|18/268\n|-heal|p2a: Sawsbuck|284/284|[from] drain|[of] p1a: Ho-Oh\n|-damage|p2a: Sawsbuck|256/284|[from] item: Life Orb\n|move|p1a: Ho-Oh|Sacred Fire|p2a: Sawsbuck\n|-supereffective|p2a: Sawsbuck\n|-damage|p2a: Sawsbuck|28/284\n|-status|p2a: Sawsbuck|brn\n|\n|-damage|p2a: Sawsbuck|11/284 brn|[from] brn\n|upkeep\n|turn|30\n|\n|t:|1781387696\n|switch|p1a: Froslass|Froslass, L87, F|263/263\n|move|p2a: Sawsbuck|Horn Leech|p1a: Froslass\n|-damage|p1a: Froslass|197/263\n|-heal|p2a: Sawsbuck|44/284 brn|[from] drain|[of] p1a: Froslass\n|-damage|p2a: Sawsbuck|16/284 brn|[from] item: Life Orb\n|\n|-damage|p2a: Sawsbuck|0 fnt|[from] brn\n|faint|p2a: Sawsbuck\n|upkeep\n|\n|t:|1781387701\n|switch|p2a: Regice|Regice, L88|284/284 par\n|turn|31\n|\n|t:|1781387706\n|move|p1a: Froslass|Taunt|p2a: Regice\n|-start|p2a: Regice|move: Taunt\n|move|p2a: Regice|Thunderbolt|p1a: Froslass\n|-damage|p1a: Froslass|114/263\n|\n|upkeep\n|turn|32\n|\n|t:|1781387712\n|move|p1a: Froslass|Poltergeist|p2a: Regice\n|-activate|p2a: Regice|move: Poltergeist|Heavy-Duty Boots\n|-damage|p2a: Regice|187/284 par\n|cant|p2a: Regice|par\n|\n|upkeep\n|turn|33\n|\n|t:|1781387718\n|move|p1a: Froslass|Poltergeist|p2a: Regice\n|-activate|p2a: Regice|move: Poltergeist|Heavy-Duty Boots\n|-damage|p2a: Regice|91/284 par\n|move|p2a: Regice|Thunderbolt|p1a: Froslass\n|-damage|p1a: Froslass|33/263\n|-start|p2a: Regice|Disable|Thunderbolt|[from] ability: Cursed Body|[of] p1a: Froslass\n|\n|-end|p2a: Regice|move: Taunt\n|upkeep\n|turn|34\n|\n|t:|1781387728\n|move|p1a: Froslass|Poltergeist|p2a: Regice\n|-activate|p2a: Regice|move: Poltergeist|Heavy-Duty Boots\n|-damage|p2a: Regice|6/284 par\n|cant|p2a: Regice|par\n|\n|upkeep\n|turn|35\n|-message|quagapult forfeited.\n|\n|win|Fizzbamsen\n|raw|Fizzbamsen's rating: 1973 &rarr; <strong>1990</strong><br />(+17 for winning)\n|raw|quagapult's rating: 1919 &rarr; <strong>1902</strong><br />(-17 for losing)\n", "inputlog": ">version a8376a258c1d4662feba110a92103f3664a72141\n>start {\"formatid\":\"gen9randombattle\",\"seed\":\"sodium,6a1ed484bc6762b8de5198f7be6e2594\",\"rated\":\"Rated battle\"}\n>player p1 {\"name\":\"Fizzbamsen\",\"avatar\":\"170\",\"rating\":1973,\"seed\":\"sodium,3dfb374fa23bdd1e71ba9022552ddf39\"}\n>player p2 {\"name\":\"quagapult\",\"avatar\":\"170\",\"rating\":1919,\"seed\":\"sodium,82ce714f03118719a063fabf26f16d04\"}\n>p1 move headsmash\n>p2 switch 5\n>p1 switch 4\n>p2 move knockoff\n>p1 move bravebird\n>p2 switch 3\n>p1 switch 3\n>p2 move nuzzle\n>p1 move stealthrock\n>p2 move uturn\n>p2 switch 2\n>p1 move glare\n>p2 move stickyweb\n>p1 move stoneedge\n>p2 move spikes\n>p1 move stoneedge\n>p2 move spikes\n>p1 move earthquake\n>p2 move spikes\n>p2 switch 5\n>p1 move glare\n>p2 move thunderbolt\n>p1 switch 3\n>p2 move icebeam\n>p1 move sacredfire\n>p2 switch 2\n>p1 switch 3\n>p2 move uturn\n>p2 switch 2\n>p1 switch 2\n>p2 move icebeam\n>p1 move toxicspikes\n>p2 switch 2\n>p1 switch 2\n>p2 move uturn\n>p2 switch 3\n>p1 move earthquake\n>p2 move defog\n>p1 switch 5\n>p2 move knockoff\n>p1 move acrobatics\n>p2 move machpunch\n>p2 switch 3\n>p1 switch 5\n>p2 move dazzlinggleam\n>p1 move stealthrock\n>p2 move dazzlinggleam\n>p1 switch 2\n>p2 move thunderbolt\n>p1 switch 5\n>p1 move closecombat\n>p2 move thunderbolt\n>p2 switch 6\n>p1 move closecombat\n>p2 move dragondance\n>p1 move closecombat\n>p2 move dragondance terastallize\n>p1 move acrobatics\n>p2 move boltstrike\n>p1 switch 4\n>p1 move extremespeed\n>p2 move boltstrike\n>p1 switch 3\n>p1 move earthquake terastallize\n>p2 move boltstrike\n>p2 switch 4\n>p1 move sacredfire\n>p2 move hornleech\n>p1 switch 6\n>p2 move hornleech\n>p2 switch 2\n>p1 move taunt\n>p2 move thunderbolt\n>p1 move poltergeist\n>p2 move icebeam\n>p1 move poltergeist\n>p2 move thunderbolt\n>p1 move poltergeist\n>p2 move icebeam\n>forcelose p2", "uploadtime": 1781387309, "views": 6, "formatid": "gen9randombattle", "rating": 1902, "private": 0, "password": null}