{"id": "gen9randombattle-2631461494", "format": "[Gen 9] Random Battle", "players": ["fortnitekid1212", "gnostechnician"], "log": "|j|\u2606fortnitekid1212\n|j|\u2606gnostechnician\n|t:|1781387560\n|gametype|singles\n|player|p1|fortnitekid1212|169|1963\n|player|p2|gnostechnician|burglar-gen1rb|2037\n|gen|9\n|tier|[Gen 9] Random Battle\n|rated|\n|rule|Species Clause: Limit one of each Pok\u00e9mon\n|rule|HP Percentage Mod: HP is shown in percentages\n|rule|Sleep Clause Mod: Limit one foe put to sleep\n|rule|Illusion Level Mod: Illusion disguises the Pok\u00e9mon's true level\n|\n|t:|1781387561\n|teamsize|p1|6\n|teamsize|p2|6\n|start\n|switch|p1a: Jumpluff|Jumpluff, L87, M|271/271\n|switch|p2a: Regirock|Regirock, L83|268/268\n|turn|1\n|inactive|Battle timer is ON: inactive players will automatically lose when time's up. (requested by fortnitekid1212)\n|c|\u2606fortnitekid1212|Glhf\n|inactive|gnostechnician has 120 seconds left.\n|c|\u2606gnostechnician|u2!\n|\n|t:|1781387612\n|move|p1a: Jumpluff|Substitute|p1a: Jumpluff\n|-start|p1a: Jumpluff|Substitute\n|-damage|p1a: Jumpluff|204/271\n|move|p2a: Regirock|Stealth Rock|p1a: Jumpluff\n|-sidestart|p1: fortnitekid1212|move: Stealth Rock\n|\n|upkeep\n|turn|2\n|inactive|gnostechnician has 120 seconds left.\n|\n|t:|1781387645\n|move|p1a: Jumpluff|Leech Seed|p2a: Regirock\n|-start|p2a: Regirock|move: Leech Seed\n|move|p2a: Regirock|Stone Edge|p1a: Jumpluff\n|-supereffective|p1a: Jumpluff\n|-end|p1a: Jumpluff|Substitute\n|\n|-damage|p2a: Regirock|235/268|[from] Leech Seed|[of] p1a: Jumpluff\n|-heal|p1a: Jumpluff|237/271|[silent]\n|upkeep\n|turn|3\n|\n|t:|1781387652\n|switch|p2a: Klefki|Klefki, L84, M|233/233\n|move|p1a: Jumpluff|Substitute|p1a: Jumpluff\n|-start|p1a: Jumpluff|Substitute\n|-damage|p1a: Jumpluff|170/271\n|\n|upkeep\n|turn|4\n|\n|t:|1781387669\n|move|p1a: Jumpluff|Leech Seed|p2a: Klefki\n|-start|p2a: Klefki|move: Leech Seed\n|move|p2a: Klefki|Dazzling Gleam|p1a: Jumpluff\n|-activate|p1a: Jumpluff|move: Substitute|[damage]\n|\n|-damage|p2a: Klefki|204/233|[from] Leech Seed|[of] p1a: Jumpluff\n|-heal|p1a: Jumpluff|199/271|[silent]\n|upkeep\n|turn|5\n|inactive|gnostechnician has 120 seconds left.\n|\n|t:|1781387701\n|move|p1a: Jumpluff|Acrobatics|p2a: Klefki\n|-resisted|p2a: Klefki\n|-damage|p2a: Klefki|164/233\n|move|p2a: Klefki|Dazzling Gleam|p1a: Jumpluff\n|-end|p1a: Jumpluff|Substitute\n|\n|-heal|p2a: Klefki|178/233|[from] item: Leftovers\n|-damage|p2a: Klefki|149/233|[from] Leech Seed|[of] p1a: Jumpluff\n|-heal|p1a: Jumpluff|228/271|[silent]\n|upkeep\n|turn|6\n|\n|t:|1781387724\n|switch|p2a: Dachsbun|Dachsbun, L92, F|254/254\n|move|p1a: Jumpluff|Substitute|p1a: Jumpluff\n|-start|p1a: Jumpluff|Substitute\n|-damage|p1a: Jumpluff|161/271\n|\n|upkeep\n|turn|7\n|\n|t:|1781387750\n|move|p1a: Jumpluff|Leech Seed|p2a: Dachsbun\n|-start|p2a: Dachsbun|move: Leech Seed\n|move|p2a: Dachsbun|Play Rough|p1a: Jumpluff\n|-end|p1a: Jumpluff|Substitute\n|\n|-damage|p2a: Dachsbun|223/254|[from] Leech Seed|[of] p1a: Jumpluff\n|-heal|p1a: Jumpluff|192/271|[silent]\n|upkeep\n|turn|8\n|\n|t:|1781387767\n|move|p1a: Jumpluff|Substitute|p1a: Jumpluff\n|-start|p1a: Jumpluff|Substitute\n|-damage|p1a: Jumpluff|125/271\n|move|p2a: Dachsbun|Play Rough|p1a: Jumpluff\n|-end|p1a: Jumpluff|Substitute\n|\n|-heal|p2a: Dachsbun|238/254|[from] item: Leftovers\n|-damage|p2a: Dachsbun|207/254|[from] Leech Seed|[of] p1a: Jumpluff\n|-heal|p1a: Jumpluff|156/271|[silent]\n|upkeep\n|turn|9\n|\n|t:|1781387773\n|move|p1a: Jumpluff|Substitute|p1a: Jumpluff\n|-start|p1a: Jumpluff|Substitute\n|-damage|p1a: Jumpluff|89/271\n|move|p2a: Dachsbun|Play Rough|p1a: Jumpluff\n|-end|p1a: Jumpluff|Substitute\n|\n|-heal|p2a: Dachsbun|222/254|[from] item: Leftovers\n|-damage|p2a: Dachsbun|191/254|[from] Leech Seed|[of] p1a: Jumpluff\n|-heal|p1a: Jumpluff|120/271|[silent]\n|upkeep\n|turn|10\n|\n|t:|1781387776\n|move|p1a: Jumpluff|Strength Sap|p2a: Dachsbun\n|-unboost|p2a: Dachsbun|atk|1\n|-heal|p1a: Jumpluff|271/271\n|move|p2a: Dachsbun|Play Rough|p1a: Jumpluff\n|-damage|p1a: Jumpluff|195/271\n|\n|-heal|p2a: Dachsbun|206/254|[from] item: Leftovers\n|-damage|p2a: Dachsbun|175/254|[from] Leech Seed|[of] p1a: Jumpluff\n|-heal|p1a: Jumpluff|226/271|[silent]\n|upkeep\n|turn|11\n|\n|t:|1781387780\n|move|p1a: Jumpluff|Substitute|p1a: Jumpluff\n|-start|p1a: Jumpluff|Substitute\n|-damage|p1a: Jumpluff|159/271\n|move|p2a: Dachsbun|Wish|p2a: Dachsbun\n|\n|-heal|p2a: Dachsbun|190/254|[from] item: Leftovers\n|-damage|p2a: Dachsbun|159/254|[from] Leech Seed|[of] p1a: Jumpluff\n|-heal|p1a: Jumpluff|190/271|[silent]\n|upkeep\n|turn|12\n|\n|t:|1781387787\n|move|p1a: Jumpluff|Acrobatics|p2a: Dachsbun\n|-damage|p2a: Dachsbun|95/254\n|move|p2a: Dachsbun|Play Rough|p1a: Jumpluff\n|-end|p1a: Jumpluff|Substitute\n|\n|-heal|p2a: Dachsbun|222/254|[from] move: Wish|[wisher] Dachsbun\n|-heal|p2a: Dachsbun|237/254|[from] item: Leftovers\n|-damage|p2a: Dachsbun|206/254|[from] Leech Seed|[of] p1a: Jumpluff\n|-heal|p1a: Jumpluff|221/271|[silent]\n|upkeep\n|turn|13\n|\n|t:|1781387804\n|switch|p2a: Conkeldurr|Conkeldurr, L80, F|299/299\n|move|p1a: Jumpluff|Substitute|p1a: Jumpluff\n|-start|p1a: Jumpluff|Substitute\n|-damage|p1a: Jumpluff|154/271\n|\n|-status|p2a: Conkeldurr|brn|[from] item: Flame Orb\n|upkeep\n|turn|14\n|\n|t:|1781387815\n|switch|p2a: Dachsbun|Dachsbun, L92, F|206/254\n|move|p1a: Jumpluff|Leech Seed|p2a: Dachsbun\n|-start|p2a: Dachsbun|move: Leech Seed\n|\n|-heal|p2a: Dachsbun|221/254|[from] item: Leftovers\n|-damage|p2a: Dachsbun|190/254|[from] Leech Seed|[of] p1a: Jumpluff\n|-heal|p1a: Jumpluff|185/271|[silent]\n|upkeep\n|turn|15\n|\n|t:|1781387834\n|move|p1a: Jumpluff|Acrobatics|p2a: Dachsbun\n|-damage|p2a: Dachsbun|126/254\n|move|p2a: Dachsbun|Play Rough|p1a: Jumpluff|[miss]\n|-miss|p2a: Dachsbun|p1a: Jumpluff\n|\n|-heal|p2a: Dachsbun|141/254|[from] item: Leftovers\n|-damage|p2a: Dachsbun|110/254|[from] Leech Seed|[of] p1a: Jumpluff\n|-heal|p1a: Jumpluff|216/271|[silent]\n|upkeep\n|turn|16\n|\n|t:|1781387840\n|move|p1a: Jumpluff|Acrobatics|p2a: Dachsbun\n|-damage|p2a: Dachsbun|47/254\n|move|p2a: Dachsbun|Wish|p2a: Dachsbun\n|\n|-heal|p2a: Dachsbun|62/254|[from] item: Leftovers\n|-damage|p2a: Dachsbun|31/254|[from] Leech Seed|[of] p1a: Jumpluff\n|-heal|p1a: Jumpluff|247/271|[silent]\n|upkeep\n|turn|17\n|\n|t:|1781387853\n|move|p2a: Dachsbun|Protect|p2a: Dachsbun\n|-singleturn|p2a: Dachsbun|Protect\n|move|p1a: Jumpluff|Leech Seed|p2a: Dachsbun\n|-activate|p2a: Dachsbun|move: Protect\n|\n|-heal|p2a: Dachsbun|158/254|[from] move: Wish|[wisher] Dachsbun\n|-heal|p2a: Dachsbun|173/254|[from] item: Leftovers\n|-damage|p2a: Dachsbun|142/254|[from] Leech Seed|[of] p1a: Jumpluff\n|-heal|p1a: Jumpluff|271/271|[silent]\n|upkeep\n|turn|18\n|\n|t:|1781387857\n|move|p1a: Jumpluff|Acrobatics|p2a: Dachsbun\n|-damage|p2a: Dachsbun|85/254\n|move|p2a: Dachsbun|Wish|p2a: Dachsbun\n|\n|-heal|p2a: Dachsbun|100/254|[from] item: Leftovers\n|-damage|p2a: Dachsbun|69/254|[from] Leech Seed|[of] p1a: Jumpluff\n|upkeep\n|turn|19\n|\n|t:|1781387881\n|move|p1a: Jumpluff|Leech Seed||[still]\n|-fail|p1a: Jumpluff\n|move|p2a: Dachsbun|Play Rough|p1a: Jumpluff|[miss]\n|-miss|p2a: Dachsbun|p1a: Jumpluff\n|\n|-heal|p2a: Dachsbun|196/254|[from] move: Wish|[wisher] Dachsbun\n|-heal|p2a: Dachsbun|211/254|[from] item: Leftovers\n|-damage|p2a: Dachsbun|180/254|[from] Leech Seed|[of] p1a: Jumpluff\n|upkeep\n|turn|20\n|\n|t:|1781387886\n|move|p1a: Jumpluff|Acrobatics|p2a: Dachsbun\n|-damage|p2a: Dachsbun|123/254\n|move|p2a: Dachsbun|Wish|p2a: Dachsbun\n|\n|-heal|p2a: Dachsbun|138/254|[from] item: Leftovers\n|-damage|p2a: Dachsbun|107/254|[from] Leech Seed|[of] p1a: Jumpluff\n|upkeep\n|turn|21\n|\n|t:|1781387894\n|move|p1a: Jumpluff|Strength Sap|p2a: Dachsbun\n|-unboost|p2a: Dachsbun|atk|1\n|move|p2a: Dachsbun|Play Rough|p1a: Jumpluff\n|-end|p1a: Jumpluff|Substitute\n|\n|-heal|p2a: Dachsbun|234/254|[from] move: Wish|[wisher] Dachsbun\n|-heal|p2a: Dachsbun|249/254|[from] item: Leftovers\n|-damage|p2a: Dachsbun|218/254|[from] Leech Seed|[of] p1a: Jumpluff\n|upkeep\n|turn|22\n|\n|t:|1781387924\n|switch|p2a: Regirock|Regirock, L83|235/268\n|move|p1a: Jumpluff|Substitute|p1a: Jumpluff\n|-start|p1a: Jumpluff|Substitute\n|-damage|p1a: Jumpluff|204/271\n|\n|-heal|p2a: Regirock|251/268|[from] item: Leftovers\n|upkeep\n|turn|23\n|\n|t:|1781387946\n|move|p1a: Jumpluff|Leech Seed|p2a: Regirock\n|-start|p2a: Regirock|move: Leech Seed\n|move|p2a: Regirock|Stone Edge|p1a: Jumpluff|[miss]\n|-miss|p2a: Regirock|p1a: Jumpluff\n|\n|-heal|p2a: Regirock|267/268|[from] item: Leftovers\n|-damage|p2a: Regirock|234/268|[from] Leech Seed|[of] p1a: Jumpluff\n|-heal|p1a: Jumpluff|237/271|[silent]\n|upkeep\n|turn|24\n|\n|t:|1781387954\n|switch|p2a: Dachsbun|Dachsbun, L92, F|218/254\n|move|p1a: Jumpluff|Acrobatics|p2a: Dachsbun\n|-damage|p2a: Dachsbun|157/254\n|\n|-heal|p2a: Dachsbun|172/254|[from] item: Leftovers\n|upkeep\n|turn|25\n|\n|t:|1781387965\n|switch|p1a: Glimmora|Glimmora, L75, F|248/248\n|move|p2a: Dachsbun|Protect||[still]\n|-fail|p2a: Dachsbun\n|\n|-heal|p2a: Dachsbun|187/254|[from] item: Leftovers\n|upkeep\n|turn|26\n|inactive|gnostechnician has 120 seconds left.\n|\n|t:|1781388017\n|switch|p2a: Annihilape|Annihilape, L76, M|292/292\n|move|p1a: Glimmora|Mortal Spin|p2a: Annihilape\n|-resisted|p2a: Annihilape\n|-damage|p2a: Annihilape|282/292\n|-status|p2a: Annihilape|psn\n|-sideend|p1: fortnitekid1212|Stealth Rock|[from] move: Mortal Spin|[of] p1a: Glimmora\n|\n|-heal|p2a: Annihilape|292/292 psn|[from] item: Leftovers\n|-damage|p2a: Annihilape|256/292 psn|[from] psn\n|upkeep\n|turn|27\n|\n|t:|1781388034\n|move|p2a: Annihilape|Bulk Up|p2a: Annihilape\n|-boost|p2a: Annihilape|atk|1\n|-boost|p2a: Annihilape|def|1\n|move|p1a: Glimmora|Spikes|p2a: Annihilape\n|-sidestart|p2: gnostechnician|Spikes\n|\n|-heal|p2a: Annihilape|274/292 psn|[from] item: Leftovers\n|-damage|p2a: Annihilape|238/292 psn|[from] psn\n|upkeep\n|turn|28\n|\n|t:|1781388042\n|move|p2a: Annihilape|Rage Fist|p1a: Glimmora\n|-damage|p1a: Glimmora|95/248\n|-activate|p1a: Glimmora|ability: Toxic Debris\n|-sidestart|p2: gnostechnician|move: Toxic Spikes\n|move|p1a: Glimmora|Spikes|p2a: Annihilape\n|-sidestart|p2: gnostechnician|Spikes\n|\n|-heal|p2a: Annihilape|256/292 psn|[from] item: Leftovers\n|-damage|p2a: Annihilape|220/292 psn|[from] psn\n|upkeep\n|turn|29\n|\n|t:|1781388049\n|move|p2a: Annihilape|Drain Punch|p1a: Glimmora\n|-damage|p1a: Glimmora|0 fnt\n|-heal|p2a: Annihilape|268/292 psn|[from] drain|[of] p1a: Glimmora\n|-activate|p1a: Glimmora|ability: Toxic Debris\n|-sidestart|p2: gnostechnician|move: Toxic Spikes\n|faint|p1a: Glimmora\n|\n|-heal|p2a: Annihilape|286/292 psn|[from] item: Leftovers\n|-damage|p2a: Annihilape|250/292 psn|[from] psn\n|upkeep\n|inactive|fortnitekid1212 has 120 seconds left.\n|\n|t:|1781388094\n|switch|p1a: Exeggutor|Exeggutor, L89, M|312/312\n|turn|30\n|inactive|gnostechnician has 120 seconds left.\n|inactive|fortnitekid1212 has 90 seconds left.\n|\n|t:|1781388130\n|-terastallize|p2a: Annihilape|Ghost\n|-terastallize|p1a: Exeggutor|Steel\n|move|p2a: Annihilape|Rage Fist|p1a: Exeggutor\n|-damage|p1a: Exeggutor|110/312\n|-enditem|p1a: Exeggutor|Sitrus Berry|[eat]\n|-heal|p1a: Exeggutor|188/312|[from] item: Sitrus Berry\n|move|p1a: Exeggutor|Substitute|p1a: Exeggutor\n|-start|p1a: Exeggutor|Substitute\n|-damage|p1a: Exeggutor|110/312\n|\n|-heal|p2a: Annihilape|268/292 psn|[from] item: Leftovers\n|-damage|p2a: Annihilape|232/292 psn|[from] psn\n|upkeep\n|turn|31\n|inactive|gnostechnician has 120 seconds left.\n|\n|t:|1781388147\n|move|p2a: Annihilape|Drain Punch|p1a: Exeggutor\n|-supereffective|p1a: Exeggutor\n|-end|p1a: Exeggutor|Substitute\n|-heal|p2a: Annihilape|271/292 psn|[from] drain|[of] p1a: Exeggutor\n|move|p1a: Exeggutor|Leech Seed|p2a: Annihilape\n|-start|p2a: Annihilape|move: Leech Seed\n|\n|-heal|p2a: Annihilape|289/292 psn|[from] item: Leftovers\n|-damage|p2a: Annihilape|253/292 psn|[from] Leech Seed|[of] p1a: Exeggutor\n|-heal|p1a: Exeggutor|146/312|[silent]\n|-damage|p2a: Annihilape|217/292 psn|[from] psn\n|upkeep\n|turn|32\n|inactive|gnostechnician has 120 seconds left.\n|inactive|fortnitekid1212 has 60 seconds left.\n|\n|t:|1781388178\n|move|p2a: Annihilape|Drain Punch|p1a: Exeggutor\n|-supereffective|p1a: Exeggutor\n|-damage|p1a: Exeggutor|0 fnt\n|-heal|p2a: Annihilape|290/292 psn|[from] drain|[of] p1a: Exeggutor\n|faint|p1a: Exeggutor\n|\n|-heal|p2a: Annihilape|292/292 psn|[from] item: Leftovers\n|-damage|p2a: Annihilape|256/292 psn|[from] psn\n|upkeep\n|\n|t:|1781388186\n|switch|p1a: Jumpluff|Jumpluff, L87, M|237/271\n|turn|33\n|inactive|gnostechnician has 120 seconds left.\n|\n|t:|1781388199\n|move|p1a: Jumpluff|Substitute|p1a: Jumpluff\n|-start|p1a: Jumpluff|Substitute\n|-damage|p1a: Jumpluff|170/271\n|move|p2a: Annihilape|Gunk Shot|p1a: Jumpluff|[miss]\n|-miss|p2a: Annihilape|p1a: Jumpluff\n|\n|-heal|p2a: Annihilape|274/292 psn|[from] item: Leftovers\n|-damage|p2a: Annihilape|238/292 psn|[from] Leech Seed|[of] p1a: Jumpluff\n|-heal|p1a: Jumpluff|206/271|[silent]\n|-damage|p2a: Annihilape|202/292 psn|[from] psn\n|upkeep\n|turn|34\n|inactive|gnostechnician has 120 seconds left.\n|inactive|fortnitekid1212 has 60 seconds left.\n|\n|t:|1781388232\n|switch|p2a: Klefki|Klefki, L84, M|149/233\n|-damage|p2a: Klefki|111/233|[from] Spikes\n|move|p1a: Jumpluff|Acrobatics|p2a: Klefki\n|-resisted|p2a: Klefki\n|-damage|p2a: Klefki|69/233\n|\n|-heal|p2a: Klefki|83/233|[from] item: Leftovers\n|upkeep\n|turn|35\n|\n|t:|1781388238\n|move|p1a: Jumpluff|Leech Seed|p2a: Klefki\n|-start|p2a: Klefki|move: Leech Seed\n|move|p2a: Klefki|Dazzling Gleam|p1a: Jumpluff\n|-end|p1a: Jumpluff|Substitute\n|\n|-heal|p2a: Klefki|97/233|[from] item: Leftovers\n|-damage|p2a: Klefki|68/233|[from] Leech Seed|[of] p1a: Jumpluff\n|-heal|p1a: Jumpluff|235/271|[silent]\n|upkeep\n|turn|36\n|inactive|fortnitekid1212 has 60 seconds left.\n|\n|t:|1781388273\n|move|p1a: Jumpluff|Substitute|p1a: Jumpluff\n|-start|p1a: Jumpluff|Substitute\n|-damage|p1a: Jumpluff|168/271\n|move|p2a: Klefki|Dazzling Gleam|p1a: Jumpluff\n|-end|p1a: Jumpluff|Substitute\n|\n|-heal|p2a: Klefki|82/233|[from] item: Leftovers\n|-damage|p2a: Klefki|53/233|[from] Leech Seed|[of] p1a: Jumpluff\n|-heal|p1a: Jumpluff|197/271|[silent]\n|upkeep\n|turn|37\n|\n|t:|1781388286\n|move|p1a: Jumpluff|Strength Sap|p2a: Klefki\n|-unboost|p2a: Klefki|atk|1\n|-heal|p1a: Jumpluff|271/271\n|move|p2a: Klefki|Dazzling Gleam|p1a: Jumpluff\n|-damage|p1a: Jumpluff|207/271\n|\n|-heal|p2a: Klefki|67/233|[from] item: Leftovers\n|-damage|p2a: Klefki|38/233|[from] Leech Seed|[of] p1a: Jumpluff\n|-heal|p1a: Jumpluff|236/271|[silent]\n|upkeep\n|turn|38\n|\n|t:|1781388297\n|move|p2a: Klefki|Thunder Wave|p1a: Jumpluff\n|-status|p1a: Jumpluff|par\n|cant|p1a: Jumpluff|par\n|\n|-heal|p2a: Klefki|52/233|[from] item: Leftovers\n|-damage|p2a: Klefki|23/233|[from] Leech Seed|[of] p1a: Jumpluff\n|-heal|p1a: Jumpluff|265/271 par|[silent]\n|upkeep\n|turn|39\n|\n|t:|1781388310\n|move|p2a: Klefki|Dazzling Gleam|p1a: Jumpluff\n|-damage|p1a: Jumpluff|202/271 par\n|cant|p1a: Jumpluff|par\n|\n|-heal|p2a: Klefki|37/233|[from] item: Leftovers\n|-damage|p2a: Klefki|8/233|[from] Leech Seed|[of] p1a: Jumpluff\n|-heal|p1a: Jumpluff|231/271 par|[silent]\n|upkeep\n|turn|40\n|\n|t:|1781388324\n|move|p2a: Klefki|Spikes|p1a: Jumpluff\n|-sidestart|p1: fortnitekid1212|Spikes\n|cant|p1a: Jumpluff|par\n|\n|-heal|p2a: Klefki|22/233|[from] item: Leftovers\n|-damage|p2a: Klefki|0 fnt|[from] Leech Seed|[of] p1a: Jumpluff\n|-heal|p1a: Jumpluff|253/271 par|[silent]\n|faint|p2a: Klefki\n|upkeep\n|\n|t:|1781388339\n|switch|p2a: Regirock|Regirock, L83|234/268\n|-damage|p2a: Regirock|190/268|[from] Spikes\n|-status|p2a: Regirock|tox\n|turn|41\n|\n|t:|1781388349\n|move|p2a: Regirock|Stone Edge|p1a: Jumpluff\n|-supereffective|p1a: Jumpluff\n|-damage|p1a: Jumpluff|25/271 par\n|move|p1a: Jumpluff|Strength Sap|p2a: Regirock\n|-fail|p2a: Regirock|unboost|[from] ability: Clear Body|[of] p2a: Regirock\n|-heal|p1a: Jumpluff|239/271 par\n|\n|-heal|p2a: Regirock|206/268 tox|[from] item: Leftovers\n|-damage|p2a: Regirock|190/268 tox|[from] psn\n|upkeep\n|turn|42\n|\n|t:|1781388355\n|move|p2a: Regirock|Stone Edge|p1a: Jumpluff\n|-supereffective|p1a: Jumpluff\n|-crit|p1a: Jumpluff\n|-damage|p1a: Jumpluff|0 fnt\n|faint|p1a: Jumpluff\n|\n|-heal|p2a: Regirock|206/268 tox|[from] item: Leftovers\n|-damage|p2a: Regirock|174/268 tox|[from] psn\n|upkeep\n|inactive|fortnitekid1212 has 60 seconds left.\n|\n|t:|1781388362\n|switch|p1a: Carbink|Carbink, L90|236/236\n|-damage|p1a: Carbink|207/236|[from] Spikes\n|turn|43\n|inactive|gnostechnician has 120 seconds left.\n|\n|t:|1781388377\n|switch|p2a: Calyrex|Calyrex-Shadow, L64|235/235\n|-ability|p2a: Calyrex|As One\n|-ability|p2a: Calyrex|Unnerve\n|-damage|p2a: Calyrex|196/235|[from] Spikes\n|-status|p2a: Calyrex|tox\n|move|p1a: Carbink|Iron Defense|p1a: Carbink\n|-boost|p1a: Carbink|def|2\n|\n|-damage|p2a: Calyrex|182/235 tox|[from] psn\n|upkeep\n|turn|44\n|inactive|gnostechnician has 120 seconds left.\n|\n|t:|1781388383\n|move|p2a: Calyrex|Nasty Plot|p2a: Calyrex\n|-boost|p2a: Calyrex|spa|2\n|move|p1a: Carbink|Moonblast|p2a: Calyrex\n|-damage|p2a: Calyrex|100/235 tox\n|\n|-damage|p2a: Calyrex|72/235 tox|[from] psn\n|upkeep\n|turn|45\n|\n|t:|1781388393\n|move|p2a: Calyrex|Astral Barrage|p1a: Carbink\n|-crit|p1a: Carbink\n|-damage|p1a: Carbink|0 fnt\n|faint|p1a: Carbink\n|-ability|p2a: Calyrex|Grim Neigh|boost\n|-boost|p2a: Calyrex|spa|1\n|-damage|p2a: Calyrex|49/235 tox|[from] item: Life Orb\n|\n|-damage|p2a: Calyrex|7/235 tox|[from] psn\n|upkeep\n|\n|t:|1781388398\n|switch|p1a: Floatzel|Floatzel, L86, M|286/286\n|-damage|p1a: Floatzel|251/286|[from] Spikes\n|turn|46\n|inactive|fortnitekid1212 has 90 seconds left.\n|\n|t:|1781388405\n|move|p1a: Floatzel|Wave Crash|p2a: Calyrex\n|-damage|p2a: Calyrex|0 fnt\n|faint|p2a: Calyrex\n|-damage|p1a: Floatzel|249/286|[from] Recoil\n|\n|-heal|p1a: Floatzel|266/286|[from] item: Leftovers\n|upkeep\n|\n|t:|1781388420\n|switch|p2a: Conkeldurr|Conkeldurr, L80, F|299/299 brn\n|-damage|p2a: Conkeldurr|250/299 brn|[from] Spikes\n|turn|47\n|\n|t:|1781388428\n|move|p1a: Floatzel|Bulk Up|p1a: Floatzel\n|-boost|p1a: Floatzel|atk|1\n|-boost|p1a: Floatzel|def|1\n|move|p2a: Conkeldurr|Facade|p1a: Floatzel\n|-damage|p1a: Floatzel|110/286\n|\n|-heal|p1a: Floatzel|127/286|[from] item: Leftovers\n|-damage|p2a: Conkeldurr|232/299 brn|[from] brn\n|upkeep\n|turn|48\n|\n|t:|1781388439\n|move|p1a: Floatzel|Wave Crash|p2a: Conkeldurr\n|-crit|p2a: Conkeldurr\n|-damage|p2a: Conkeldurr|0 fnt\n|faint|p2a: Conkeldurr\n|-damage|p1a: Floatzel|50/286|[from] Recoil\n|\n|-heal|p1a: Floatzel|67/286|[from] item: Leftovers\n|upkeep\n|\n|t:|1781388463\n|switch|p2a: Regirock|Regirock, L83|174/268 tox\n|-damage|p2a: Regirock|130/268 tox|[from] Spikes\n|turn|49\n|\n|t:|1781388472\n|move|p1a: Floatzel|Wave Crash|p2a: Regirock\n|-supereffective|p2a: Regirock\n|-damage|p2a: Regirock|0 fnt\n|faint|p2a: Regirock\n|-damage|p1a: Floatzel|24/286|[from] Recoil\n|\n|-heal|p1a: Floatzel|41/286|[from] item: Leftovers\n|upkeep\n|\n|t:|1781388479\n|switch|p2a: Dachsbun|Dachsbun, L92, F|187/254\n|-damage|p2a: Dachsbun|145/254|[from] Spikes\n|-status|p2a: Dachsbun|tox\n|turn|50\n|inactive|fortnitekid1212 has 120 seconds left.\n|\n|t:|1781388487\n|move|p1a: Floatzel|Wave Crash|p2a: Dachsbun\n|-crit|p2a: Dachsbun\n|-damage|p2a: Dachsbun|0 fnt\n|faint|p2a: Dachsbun\n|-damage|p1a: Floatzel|0 fnt|[from] Recoil\n|faint|p1a: Floatzel\n|\n|upkeep\n|\n|t:|1781388490\n|switch|p1a: Pawmot|Pawmot, L80, M|243/243\n|switch|p2a: Annihilape|Annihilape, L76, M, tera:Ghost|202/292 psn\n|-damage|p1a: Pawmot|213/243|[from] Spikes\n|-damage|p2a: Annihilape|154/292 psn|[from] Spikes\n|turn|51\n|\n|t:|1781388496\n|move|p1a: Pawmot|Revival Blessing|p1a: Pawmot\n|-enditem|p1a: Pawmot|Leppa Berry|[eat]\n|-activate|p1a: Pawmot|item: Leppa Berry|Revival Blessing|[consumed]\n|\n|t:|1781388502\n|-heal|p1: Jumpluff|135/271|[from] move: Revival Blessing\n|move|p2a: Annihilape|Drain Punch|p1a: Pawmot\n|-damage|p1a: Pawmot|116/243\n|-heal|p2a: Annihilape|203/292 psn|[from] drain|[of] p1a: Pawmot\n|\n|-heal|p2a: Annihilape|221/292 psn|[from] item: Leftovers\n|-damage|p2a: Annihilape|185/292 psn|[from] psn\n|upkeep\n|turn|52\n|\n|t:|1781388516\n|move|p1a: Pawmot|Revival Blessing|p1a: Pawmot\n|\n|t:|1781388531\n|-heal|p1: Floatzel|143/286|[from] move: Revival Blessing\n|move|p2a: Annihilape|Bulk Up|p2a: Annihilape\n|-boost|p2a: Annihilape|atk|1\n|-boost|p2a: Annihilape|def|1\n|\n|-heal|p2a: Annihilape|203/292 psn|[from] item: Leftovers\n|-damage|p2a: Annihilape|167/292 psn|[from] psn\n|upkeep\n|turn|53\n|\n|t:|1781388535\n|move|p1a: Pawmot|Double Shock|p2a: Annihilape\n|-damage|p2a: Annihilape|61/292 psn\n|-start|p1a: Pawmot|typechange|???/Fighting|[from] move: Double Shock\n|move|p2a: Annihilape|Drain Punch|p1a: Pawmot\n|-damage|p1a: Pawmot|0 fnt\n|-heal|p2a: Annihilape|119/292 psn|[from] drain|[of] p1a: Pawmot\n|faint|p1a: Pawmot\n|\n|-heal|p2a: Annihilape|137/292 psn|[from] item: Leftovers\n|-damage|p2a: Annihilape|101/292 psn|[from] psn\n|upkeep\n|\n|t:|1781388543\n|switch|p1a: Floatzel|Floatzel, L86, M|143/286\n|-damage|p1a: Floatzel|108/286|[from] Spikes\n|turn|54\n|\n|t:|1781388547\n|move|p1a: Floatzel|Wave Crash|p2a: Annihilape\n|-damage|p2a: Annihilape|0 fnt\n|faint|p2a: Annihilape\n|-damage|p1a: Floatzel|75/286|[from] Recoil\n|\n|win|fortnitekid1212\n", "inputlog": ">version a8376a258c1d4662feba110a92103f3664a72141\n>start {\"formatid\":\"gen9randombattle\",\"seed\":\"sodium,4f905104e233eac5e95839eacb84979a\",\"rated\":\"Rated battle\"}\n>player p1 {\"name\":\"fortnitekid1212\",\"avatar\":\"169\",\"rating\":1963,\"seed\":\"sodium,958b312f5415be3e64a7b8b310ed8e34\"}\n>player p2 {\"name\":\"gnostechnician\",\"avatar\":\"burglar-gen1rb\",\"rating\":2037,\"seed\":\"sodium,44b4bde5c8343ce592957608dfd4e75a\"}\n>chat \u2606fortnitekid1212|Glhf\n>chat \u2606gnostechnician|u2!\n>p1 move substitute\n>p2 move stealthrock\n>p1 move leechseed\n>p2 move stoneedge\n>p1 move substitute\n>p2 switch 6\n>p1 move leechseed\n>p2 move dazzlinggleam\n>p1 move acrobatics\n>p2 move dazzlinggleam\n>p1 move substitute\n>p2 switch 3\n>p1 move leechseed\n>p2 move playrough\n>p1 move substitute\n>p2 move playrough\n>p1 move substitute\n>p2 move playrough\n>p1 move strengthsap\n>p2 move playrough\n>p1 move substitute\n>p2 move wish\n>p1 move acrobatics\n>p2 move playrough\n>p1 move substitute\n>p2 switch 2\n>p1 move leechseed\n>p2 switch 2\n>p1 move acrobatics\n>p2 move playrough\n>p1 move acrobatics\n>p2 move wish\n>p1 move leechseed\n>p2 move protect\n>p1 move acrobatics\n>p2 move wish\n>p1 move leechseed\n>p2 move playrough\n>p1 move acrobatics\n>p2 move wish\n>p1 move strengthsap\n>p2 move playrough\n>p1 move substitute\n>p2 switch 6\n>p1 move leechseed\n>p2 move stoneedge\n>p1 move acrobatics\n>p2 switch 6\n>p1 switch 3\n>p2 move protect\n>p1 move mortalspin\n>p2 switch 4\n>p1 move spikes\n>p2 move bulkup\n>p1 move spikes\n>p2 move ragefist\n>p1 move spikes\n>p2 move drainpunch\n>p1 switch 2\n>p1 move substitute terastallize\n>p2 move ragefist terastallize\n>p1 move leechseed\n>p2 move drainpunch\n>p1 move psychic\n>p2 move drainpunch\n>p1 switch 3\n>p1 move substitute\n>p2 move gunkshot\n>p1 move acrobatics\n>p2 switch 3\n>p1 move leechseed\n>p2 move dazzlinggleam\n>p1 move substitute\n>p2 move dazzlinggleam\n>p1 move strengthsap\n>p2 move dazzlinggleam\n>p1 move substitute\n>p2 move thunderwave\n>p1 move substitute\n>p2 move dazzlinggleam\n>p1 move substitute\n>p2 move spikes\n>p2 switch 6\n>p1 move strengthsap\n>p2 move stoneedge\n>p1 move leechseed\n>p2 move stoneedge\n>p1 switch 5\n>p1 move irondefense\n>p2 switch 5\n>p1 move moonblast\n>p2 move nastyplot\n>p1 move moonblast\n>p2 move astralbarrage\n>p1 switch 6\n>p1 move wavecrash\n>p2 move astralbarrage\n>p2 switch 2\n>p1 move bulkup\n>p2 move facade\n>p1 move wavecrash\n>p2 move facade\n>p2 switch 5\n>p1 move wavecrash\n>p2 move bodypress\n>p2 switch 4\n>p1 move wavecrash\n>p2 move bodypress\n>p1 switch 4\n>p2 switch 3\n>p1 move revivalblessing\n>p2 move drainpunch\n>p1 switch 5\n>p1 move revivalblessing\n>p2 move bulkup\n>p1 switch 4\n>p1 move doubleshock\n>p2 move drainpunch\n>p1 switch 4\n>p1 move wavecrash\n>p2 move drainpunch", "uploadtime": 1781387563, "views": 8, "formatid": "gen9randombattle", "rating": null, "private": 0, "password": null, "player_dets": [{"name": "fortnitekid1212", "avatar": "169", "rating": 1963, "seed": "sodium,958b312f5415be3e64a7b8b310ed8e34"}, {"name": "gnostechnician", "avatar": "burglar-gen1rb", "rating": 2037, "seed": "sodium,44b4bde5c8343ce592957608dfd4e75a"}], "teams_full": [{"Jumpluff": {"name": "Jumpluff", "species": "Jumpluff", "speciesId": "jumpluff", "gender": "M", "shiny": false, "level": 87, "moves": ["strengthsap", "acrobatics", "substitute", "leechseed"], "ability": "Infiltrator", "evs": {"hp": 81, "atk": 85, "def": 85, "spa": 85, "spd": 85, "spe": 85}, "ivs": {"hp": 31, "atk": 31, "def": 31, "spa": 31, "spd": 31, "spe": 31}, "item": "", "teraType": "Steel", "role": "Bulky Support", "bvs": {"hp": 75, "atk": 55, "def": 70, "spa": 55, "spd": 95, "spe": 110}, "stats": {"hp": 271, "atk": 145, "def": 172, "spa": 145, "spd": 215, "spe": 241}, "types": ["Grass", "Flying"]}, "Exeggutor": {"name": "Exeggutor", "species": "Exeggutor", "speciesId": "exeggutor", "gender": "M", "shiny": false, "level": 89, "moves": ["leechseed", "sleeppowder", "psychic", "substitute"], "ability": "Harvest", "evs": {"hp": 77, "atk": 0, "def": 85, "spa": 85, "spd": 85, "spe": 85}, "ivs": {"hp": 31, "atk": 0, "def": 31, "spa": 31, "spd": 31, "spe": 31}, "item": "Sitrus Berry", "teraType": "Steel", "role": "Bulky Support", "bvs": {"hp": 95, "atk": 95, "def": 85, "spa": 125, "spd": 75, "spe": 55}, "stats": {"hp": 312, "atk": 174, "def": 202, "spa": 273, "spd": 184, "spe": 149}, "types": ["Grass", "Psychic"]}, "Glimmora": {"name": "Glimmora", "species": "Glimmora", "speciesId": "glimmora", "gender": "F", "shiny": false, "level": 75, "moves": ["earthpower", "sludgewave", "spikes", "mortalspin"], "ability": "Toxic Debris", "evs": {"hp": 85, "atk": 85, "def": 85, "spa": 85, "spd": 85, "spe": 85}, "ivs": {"hp": 31, "atk": 31, "def": 31, "spa": 31, "spd": 31, "spe": 31}, "item": "Heavy-Duty Boots", "teraType": "Ground", "role": "Fast Support", "bvs": {"hp": 83, "atk": 55, "def": 90, "spa": 130, "spd": 81, "spe": 86}, "stats": {"hp": 248, "atk": 126, "def": 179, "spa": 239, "spd": 165, "spe": 173}, "types": ["Rock", "Poison"]}, "Pawmot": {"name": "Pawmot", "species": "Pawmot", "speciesId": "pawmot", "gender": "M", "shiny": false, "level": 80, "moves": ["revivalblessing", "closecombat", "doubleshock", "nuzzle"], "ability": "Volt Absorb", "evs": {"hp": 85, "atk": 85, "def": 85, "spa": 85, "spd": 85, "spe": 85}, "ivs": {"hp": 31, "atk": 31, "def": 31, "spa": 31, "spd": 31, "spe": 31}, "item": "Leppa Berry", "teraType": "Electric", "role": "Fast Attacker", "bvs": {"hp": 70, "atk": 115, "def": 70, "spa": 70, "spd": 60, "spe": 105}, "stats": {"hp": 243, "atk": 230, "def": 158, "spa": 158, "spd": 142, "spe": 214}, "types": ["Electric", "Fighting"]}, "Carbink": {"name": "Carbink", "species": "Carbink", "speciesId": "carbink", "gender": "N", "shiny": false, "level": 90, "moves": ["rest", "moonblast", "bodypress", "irondefense"], "ability": "Clear Body", "evs": {"hp": 85, "atk": 0, "def": 85, "spa": 85, "spd": 85, "spe": 85}, "ivs": {"hp": 31, "atk": 0, "def": 31, "spa": 31, "spd": 31, "spe": 31}, "item": "Chesto Berry", "teraType": "Fighting", "role": "Fast Bulky Setup", "bvs": {"hp": 50, "atk": 50, "def": 150, "spa": 50, "spd": 150, "spe": 50}, "stats": {"hp": 236, "atk": 95, "def": 321, "spa": 141, "spd": 321, "spe": 141}, "types": ["Rock", "Fairy"]}, "Floatzel": {"name": "Floatzel", "species": "Floatzel", "speciesId": "floatzel", "gender": "M", "shiny": false, "level": 86, "moves": ["bulkup", "taunt", "icespinner", "wavecrash"], "ability": "Water Veil", "evs": {"hp": 85, "atk": 85, "def": 85, "spa": 85, "spd": 85, "spe": 85}, "ivs": {"hp": 31, "atk": 31, "def": 31, "spa": 31, "spd": 31, "spe": 31}, "item": "Leftovers", "teraType": "Steel", "role": "Bulky Setup", "bvs": {"hp": 85, "atk": 105, "def": 55, "spa": 85, "spd": 50, "spe": 115}, "stats": {"hp": 286, "atk": 230, "def": 144, "spa": 195, "spd": 135, "spe": 247}, "types": ["Water"]}}, {"Regirock": {"name": "Regirock", "species": "Regirock", "speciesId": "regirock", "gender": "N", "shiny": false, "level": 83, "moves": ["thunderwave", "stealthrock", "stoneedge", "bodypress"], "ability": "Clear Body", "evs": {"hp": 85, "atk": 85, "def": 85, "spa": 85, "spd": 85, "spe": 85}, "ivs": {"hp": 31, "atk": 31, "def": 31, "spa": 31, "spd": 31, "spe": 31}, "item": "Leftovers", "teraType": "Fighting", "role": "Bulky Attacker", "bvs": {"hp": 80, "atk": 100, "def": 200, "spa": 50, "spd": 100, "spe": 50}, "stats": {"hp": 268, "atk": 214, "def": 380, "spa": 131, "spd": 214, "spe": 131}, "types": ["Rock"]}, "Conkeldurr": {"name": "Conkeldurr", "species": "Conkeldurr", "speciesId": "conkeldurr", "gender": "F", "shiny": false, "level": 80, "moves": ["machpunch", "facade", "closecombat", "knockoff"], "ability": "Guts", "evs": {"hp": 85, "atk": 85, "def": 85, "spa": 85, "spd": 85, "spe": 85}, "ivs": {"hp": 31, "atk": 31, "def": 31, "spa": 31, "spd": 31, "spe": 31}, "item": "Flame Orb", "teraType": "Normal", "role": "Wallbreaker", "bvs": {"hp": 105, "atk": 140, "def": 95, "spa": 55, "spd": 65, "spe": 45}, "stats": {"hp": 299, "atk": 270, "def": 198, "spa": 134, "spd": 150, "spe": 118}, "types": ["Fighting"]}, "Dachsbun": {"name": "Dachsbun", "species": "Dachsbun", "speciesId": "dachsbun", "gender": "F", "shiny": false, "level": 92, "moves": ["wish", "bodypress", "protect", "playrough"], "ability": "Well-Baked Body", "evs": {"hp": 85, "atk": 85, "def": 85, "spa": 85, "spd": 85, "spe": 85}, "ivs": {"hp": 31, "atk": 31, "def": 31, "spa": 31, "spd": 31, "spe": 31}, "item": "Leftovers", "teraType": "Steel", "role": "Bulky Support", "bvs": {"hp": 57, "atk": 80, "def": 115, "spa": 50, "spd": 80, "spe": 95}, "stats": {"hp": 254, "atk": 200, "def": 264, "spa": 144, "spd": 200, "spe": 227}, "types": ["Fairy"]}, "Annihilape": {"name": "Annihilape", "species": "Annihilape", "speciesId": "annihilape", "gender": "M", "shiny": false, "level": 76, "moves": ["gunkshot", "ragefist", "drainpunch", "bulkup"], "ability": "Defiant", "evs": {"hp": 85, "atk": 85, "def": 85, "spa": 85, "spd": 85, "spe": 85}, "ivs": {"hp": 31, "atk": 31, "def": 31, "spa": 31, "spd": 31, "spe": 31}, "item": "Leftovers", "teraType": "Ghost", "role": "Bulky Setup", "bvs": {"hp": 110, "atk": 115, "def": 80, "spa": 50, "spd": 90, "spe": 90}, "stats": {"hp": 292, "atk": 219, "def": 166, "spa": 120, "spd": 181, "spe": 181}, "types": ["Fighting", "Ghost"]}, "Calyrex": {"name": "Calyrex", "species": "Calyrex-Shadow", "speciesId": "calyrexshadow", "gender": "N", "shiny": false, "level": 64, "moves": ["astralbarrage", "nastyplot", "pollenpuff", "psyshock"], "ability": "As One (Spectrier)", "evs": {"hp": 85, "atk": 0, "def": 85, "spa": 85, "spd": 85, "spe": 85}, "ivs": {"hp": 31, "atk": 0, "def": 31, "spa": 31, "spd": 31, "spe": 31}, "item": "Life Orb", "teraType": "Dark", "role": "Fast Attacker", "bvs": {"hp": 100, "atk": 85, "def": 80, "spa": 165, "spd": 100, "spe": 150}, "stats": {"hp": 235, "atk": 113, "def": 140, "spa": 249, "spd": 166, "spe": 230}, "types": ["Psychic", "Ghost"]}, "Klefki": {"name": "Klefki", "species": "Klefki", "speciesId": "klefki", "gender": "M", "shiny": false, "level": 84, "moves": ["dazzlinggleam", "spikes", "foulplay", "thunderwave"], "ability": "Prankster", "evs": {"hp": 85, "atk": 0, "def": 85, "spa": 85, "spd": 85, "spe": 85}, "ivs": {"hp": 31, "atk": 0, "def": 31, "spa": 31, "spd": 31, "spe": 31}, "item": "Leftovers", "teraType": "Flying", "role": "Bulky Attacker", "bvs": {"hp": 57, "atk": 80, "def": 91, "spa": 80, "spd": 87, "spe": 75}, "stats": {"hp": 233, "atk": 139, "def": 201, "spa": 183, "spd": 194, "spe": 174}, "types": ["Steel", "Fairy"]}}]}