{"id": "gen9randombattle-2631449912", "format": "[Gen 9] Random Battle", "players": ["BafoDePiranha", "Pokeoke"], "log": "|j|\u2606BafoDePiranha\n|j|\u2606Pokeoke\n|t:|1781386104\n|gametype|singles\n|player|p1|BafoDePiranha|karen|2096\n|player|p2|Pokeoke|101|2080\n|gen|9\n|tier|[Gen 9] Random Battle\n|rated|\n|rule|Species Clause: Limit one of each Pok\u00e9mon\n|rule|HP Percentage Mod: HP is shown in percentages\n|rule|Sleep Clause Mod: Limit one foe put to sleep\n|rule|Illusion Level Mod: Illusion disguises the Pok\u00e9mon's true level\n|\n|t:|1781386104\n|teamsize|p1|6\n|teamsize|p2|6\n|start\n|switch|p1a: Rhyperior|Rhyperior, L82, M|323/323\n|switch|p2a: Meganium|Meganium, L90, F|290/290\n|turn|1\n|l|\u2606BafoDePiranha\n|player|p1|\n|l|\u2606Pokeoke\n|player|p2|\n|j|\u2606BafoDePiranha\n|player|p1|BafoDePiranha|karen|\n|\n|t:|1781386123\n|switch|p1a: Hawlucha|Hawlucha, L80, F|256/256\n|move|p2a: Meganium|Swords Dance|p2a: Meganium\n|-boost|p2a: Meganium|atk|2\n|\n|upkeep\n|turn|2\n|j|\u2606Pokeoke\n|player|p2|Pokeoke|101|\n|\n|t:|1781386135\n|move|p1a: Hawlucha|Encore|p2a: Meganium\n|-start|p2a: Meganium|Encore\n|move|p2a: Meganium|Swords Dance|p2a: Meganium\n|-boost|p2a: Meganium|atk|2\n|\n|upkeep\n|turn|3\n|\n|t:|1781386139\n|switch|p2a: Misdreavus|Misdreavus, L90, M|254/254\n|move|p1a: Hawlucha|Swords Dance|p1a: Hawlucha\n|-boost|p1a: Hawlucha|atk|2\n|\n|upkeep\n|turn|4\n|\n|t:|1781386148\n|switch|p1a: Regice|Regice, L88|284/284\n|move|p2a: Misdreavus|Will-O-Wisp|p1a: Regice\n|-status|p1a: Regice|brn\n|\n|-damage|p1a: Regice|267/284 brn|[from] brn\n|upkeep\n|turn|5\n|\n|t:|1781386174\n|switch|p2a: Oinkologne|Oinkologne-F, L92, F|361/361\n|switch|p1a: Hawlucha|Hawlucha, L80, F|256/256\n|\n|upkeep\n|turn|6\n|inactive|Battle timer is ON: inactive players will automatically lose when time's up. (requested by BafoDePiranha)\n|inactive|Pokeoke has 120 seconds left.\n|\n|t:|1781386239\n|switch|p1a: Grumpig|Grumpig, L92, M|297/297\n|move|p2a: Oinkologne|Body Slam|p1a: Grumpig\n|-damage|p1a: Grumpig|173/297\n|-status|p1a: Grumpig|par\n|\n|upkeep\n|turn|7\n|\n|t:|1781386247\n|move|p2a: Oinkologne|Curse|p2a: Oinkologne\n|-unboost|p2a: Oinkologne|spe|1\n|-boost|p2a: Oinkologne|atk|1\n|-boost|p2a: Oinkologne|def|1\n|cant|p1a: Grumpig|par\n|\n|upkeep\n|turn|8\n|\n|t:|1781386259\n|move|p1a: Grumpig|Trick|p2a: Oinkologne\n|-activate|p1a: Grumpig|move: Trick|[of] p2a: Oinkologne\n|-item|p2a: Oinkologne|Choice Scarf|[from] move: Trick\n|-item|p1a: Grumpig|Leftovers|[from] move: Trick\n|move|p2a: Oinkologne|Body Slam|p1a: Grumpig\n|-damage|p1a: Grumpig|13/297 par\n|\n|-heal|p1a: Grumpig|31/297 par|[from] item: Leftovers\n|upkeep\n|turn|9\n|\n|t:|1781386264\n|move|p2a: Oinkologne|Body Slam|p1a: Grumpig\n|-damage|p1a: Grumpig|0 fnt\n|faint|p1a: Grumpig\n|\n|upkeep\n|l|\u2606Pokeoke\n|inactive|Pokeoke disconnected and has a minute to reconnect!\n|player|p2|\n|\n|t:|1781386274\n|switch|p1a: Rhyperior|Rhyperior, L82, M|323/323\n|turn|10\n|j|\u2606Pokeoke\n|inactive|Pokeoke reconnected and has 140 seconds left.\n|player|p2|Pokeoke|101|\n|\n|t:|1781386292\n|move|p2a: Oinkologne|Body Slam|p1a: Rhyperior\n|-resisted|p1a: Rhyperior\n|-damage|p1a: Rhyperior|269/323\n|move|p1a: Rhyperior|Dragon Tail|p2a: Oinkologne\n|-damage|p2a: Oinkologne|318/361\n|drag|p2a: Cinderace|Cinderace, L77, M|249/249\n|\n|upkeep\n|turn|11\n|\n|t:|1781386301\n|move|p2a: Cinderace|U-turn|p1a: Rhyperior\n|-start|p2a: Cinderace|typechange|Bug|[from] ability: Libero\n|-damage|p1a: Rhyperior|184/323\n|\n|t:|1781386309\n|switch|p2a: Misdreavus|Misdreavus, L90, M|254/254|[from] U-turn\n|move|p1a: Rhyperior|Stone Edge|p2a: Misdreavus\n|-damage|p2a: Misdreavus|139/254\n|\n|upkeep\n|turn|12\n|\n|t:|1781386321\n|move|p2a: Misdreavus|Will-O-Wisp|p1a: Rhyperior|[miss]\n|-miss|p2a: Misdreavus|p1a: Rhyperior\n|move|p1a: Rhyperior|Stone Edge|p2a: Misdreavus\n|-damage|p2a: Misdreavus|31/254\n|\n|upkeep\n|turn|13\n|\n|t:|1781386329\n|move|p2a: Misdreavus|Will-O-Wisp|p1a: Rhyperior\n|-status|p1a: Rhyperior|brn\n|move|p1a: Rhyperior|Stone Edge|p2a: Misdreavus\n|-damage|p2a: Misdreavus|0 fnt\n|faint|p2a: Misdreavus\n|\n|-damage|p1a: Rhyperior|164/323 brn|[from] brn\n|upkeep\n|\n|t:|1781386339\n|switch|p2a: Palkia|Palkia, L75|259/259\n|-ability|p2a: Palkia|Pressure\n|turn|14\n|\n|t:|1781386344\n|move|p2a: Palkia|Hydro Pump|p1a: Rhyperior\n|-supereffective|p1a: Rhyperior\n|-damage|p1a: Rhyperior|0 fnt\n|faint|p1a: Rhyperior\n|\n|upkeep\n|\n|t:|1781386350\n|switch|p1a: Regice|Regice, L88|267/284 brn\n|turn|15\n|\n|t:|1781386355\n|switch|p2a: Oinkologne|Oinkologne-F, L92, F|318/361\n|move|p1a: Regice|Ice Beam|p2a: Oinkologne\n|-damage|p2a: Oinkologne|212/361\n|\n|-damage|p1a: Regice|250/284 brn|[from] brn\n|upkeep\n|turn|16\n|\n|t:|1781386363\n|move|p2a: Oinkologne|Body Slam|p1a: Regice\n|-damage|p1a: Regice|166/284 brn\n|move|p1a: Regice|Ice Beam|p2a: Oinkologne\n|-damage|p2a: Oinkologne|119/361\n|\n|-damage|p1a: Regice|149/284 brn|[from] brn\n|upkeep\n|turn|17\n|\n|t:|1781386366\n|move|p2a: Oinkologne|Body Slam|p1a: Regice\n|-damage|p1a: Regice|64/284 brn\n|move|p1a: Regice|Rest|p1a: Regice\n|-status|p1a: Regice|slp|[from] move: Rest\n|-heal|p1a: Regice|284/284 slp|[silent]\n|\n|upkeep\n|turn|18\n|\n|t:|1781386371\n|switch|p2a: Rhyperior|Rhyperior, L82, M|323/323\n|cant|p1a: Regice|slp\n|move|p1a: Regice|Sleep Talk|p1a: Regice\n|move|p1a: Regice|Rest||[from] move: Sleep Talk|[still]\n|-fail|p1a: Regice\n|\n|upkeep\n|turn|19\n|\n|t:|1781386376\n|switch|p1a: Hawlucha|Hawlucha, L80, F|256/256\n|move|p2a: Rhyperior|Stone Edge|p1a: Hawlucha\n|-damage|p1a: Hawlucha|88/256\n|\n|upkeep\n|turn|20\n|\n|t:|1781386383\n|move|p1a: Hawlucha|Close Combat|p2a: Rhyperior\n|-supereffective|p2a: Rhyperior\n|-damage|p2a: Rhyperior|184/323\n|-unboost|p1a: Hawlucha|def|1\n|-unboost|p1a: Hawlucha|spd|1\n|-enditem|p1a: Hawlucha|White Herb\n|-clearnegativeboost|p1a: Hawlucha|[silent]\n|move|p2a: Rhyperior|Dragon Tail|p1a: Hawlucha\n|-damage|p1a: Hawlucha|24/256\n|drag|p1a: Regice|Regice, L88|284/284 slp\n|\n|upkeep\n|turn|21\n|\n|t:|1781386391\n|switch|p1a: Hawlucha|Hawlucha, L80, F|24/256\n|move|p2a: Rhyperior|Stone Edge|p1a: Hawlucha|[miss]\n|-miss|p2a: Rhyperior|p1a: Hawlucha\n|\n|upkeep\n|turn|22\n|\n|t:|1781386398\n|move|p1a: Hawlucha|Close Combat|p2a: Rhyperior\n|-supereffective|p2a: Rhyperior\n|-damage|p2a: Rhyperior|49/323\n|-unboost|p1a: Hawlucha|def|1\n|-unboost|p1a: Hawlucha|spd|1\n|move|p2a: Rhyperior|Stone Edge|p1a: Hawlucha|[miss]\n|-miss|p2a: Rhyperior|p1a: Hawlucha\n|\n|upkeep\n|turn|23\n|\n|t:|1781386402\n|move|p1a: Hawlucha|Close Combat|p2a: Rhyperior\n|-supereffective|p2a: Rhyperior\n|-crit|p2a: Rhyperior\n|-damage|p2a: Rhyperior|0 fnt\n|-unboost|p1a: Hawlucha|def|1\n|-unboost|p1a: Hawlucha|spd|1\n|faint|p2a: Rhyperior\n|\n|upkeep\n|\n|t:|1781386408\n|switch|p2a: Cinderace|Cinderace, L77, M|249/249\n|turn|24\n|\n|t:|1781386410\n|move|p1a: Hawlucha|Close Combat|p2a: Cinderace\n|-damage|p2a: Cinderace|104/249\n|-unboost|p1a: Hawlucha|def|1\n|-unboost|p1a: Hawlucha|spd|1\n|move|p2a: Cinderace|U-turn|p1a: Hawlucha\n|-start|p2a: Cinderace|typechange|Bug|[from] ability: Libero\n|-resisted|p1a: Hawlucha\n|-damage|p1a: Hawlucha|0 fnt\n|faint|p1a: Hawlucha\n|\n|t:|1781386414\n|switch|p2a: Oinkologne|Oinkologne-F, L92, F|119/361|[from] U-turn\n|\n|upkeep\n|\n|t:|1781386420\n|switch|p1a: Flapple|Flapple, L88, F|266/266\n|turn|25\n|\n|t:|1781386423\n|move|p2a: Oinkologne|Body Slam|p1a: Flapple\n|-damage|p1a: Flapple|172/266\n|move|p1a: Flapple|Dragon Dance|p1a: Flapple\n|-boost|p1a: Flapple|atk|1\n|-boost|p1a: Flapple|spe|1\n|\n|upkeep\n|turn|26\n|\n|t:|1781386429\n|move|p1a: Flapple|Dragon Dance|p1a: Flapple\n|-boost|p1a: Flapple|atk|1\n|-boost|p1a: Flapple|spe|1\n|move|p2a: Oinkologne|Body Slam|p1a: Flapple\n|-damage|p1a: Flapple|72/266\n|-status|p1a: Flapple|par\n|-enditem|p1a: Flapple|Lum Berry|[eat]\n|-curestatus|p1a: Flapple|par|[msg]\n|\n|upkeep\n|turn|27\n|\n|t:|1781386435\n|move|p1a: Flapple|Grav Apple|p2a: Oinkologne\n|-damage|p2a: Oinkologne|0 fnt\n|faint|p2a: Oinkologne\n|\n|upkeep\n|\n|t:|1781386437\n|switch|p2a: Meganium|Meganium, L90, F|290/290\n|turn|28\n|\n|t:|1781386440\n|move|p1a: Flapple|Outrage|p2a: Meganium\n|-damage|p2a: Meganium|0 fnt\n|faint|p2a: Meganium\n|\n|upkeep\n|\n|t:|1781386447\n|switch|p2a: Palkia|Palkia, L75|259/259\n|-ability|p2a: Palkia|Pressure\n|turn|29\n|\n|t:|1781386449\n|move|p1a: Flapple|Outrage|p2a: Palkia|[from] lockedmove\n|-supereffective|p2a: Palkia\n|-crit|p2a: Palkia\n|-damage|p2a: Palkia|0 fnt\n|faint|p2a: Palkia\n|-start|p1a: Flapple|confusion|[fatigue]\n|\n|upkeep\n|-message|Pokeoke forfeited.\n|\n|win|BafoDePiranha\n", "uploadtime": 1781386105, "views": 5, "formatid": "gen9randombattle", "rating": null, "private": 0, "password": null}