{"id": "gen9randombattle-2631585714", "format": "[Gen 9] Random Battle", "players": ["Keltus", "lastmu"], "log": "|j|\u2606Keltus\n|j|\u2606lastmu\n|t:|1781404871\n|gametype|singles\n|player|p1|Keltus|101|1495\n|player|p2|lastmu|1|1534\n|gen|9\n|tier|[Gen 9] Random Battle\n|rated|\n|rule|Species Clause: Limit one of each Pok\u00e9mon\n|rule|HP Percentage Mod: HP is shown in percentages\n|rule|Sleep Clause Mod: Limit one foe put to sleep\n|rule|Illusion Level Mod: Illusion disguises the Pok\u00e9mon's true level\n|\n|t:|1781404871\n|teamsize|p1|6\n|teamsize|p2|6\n|start\n|switch|p1a: Bruxish|Bruxish, L85, F|254/254\n|switch|p2a: Koraidon|Koraidon, L64|235/235\n|-weather|SunnyDay|[from] ability: Orichalcum Pulse|[of] p2a: Koraidon\n|-activate|p2a: Koraidon|Orichalcum Pulse|[source]\n|turn|1\n|\n|t:|1781404886\n|switch|p2a: Magnezone|Magnezone, L85|258/258\n|move|p1a: Bruxish|Psychic Fangs|p2a: Magnezone\n|-resisted|p2a: Magnezone\n|-damage|p2a: Magnezone|198/258\n|\n|-weather|SunnyDay|[upkeep]\n|-heal|p2a: Magnezone|214/258|[from] item: Leftovers\n|upkeep\n|turn|2\n|\n|t:|1781404898\n|switch|p1a: Oinkologne|Oinkologne, L92, M|352/352\n|move|p2a: Magnezone|Iron Defense|p2a: Magnezone\n|-boost|p2a: Magnezone|def|2\n|\n|-weather|SunnyDay|[upkeep]\n|-heal|p2a: Magnezone|230/258|[from] item: Leftovers\n|upkeep\n|turn|3\n|\n|t:|1781404908\n|-terastallize|p2a: Magnezone|Fighting\n|move|p1a: Oinkologne|High Horsepower|p2a: Magnezone\n|-damage|p2a: Magnezone|196/258\n|move|p2a: Magnezone|Iron Defense|p2a: Magnezone\n|-boost|p2a: Magnezone|def|2\n|\n|-weather|SunnyDay|[upkeep]\n|-heal|p2a: Magnezone|212/258|[from] item: Leftovers\n|upkeep\n|turn|4\n|\n|t:|1781404928\n|move|p1a: Oinkologne|Double-Edge|p2a: Magnezone\n|-damage|p2a: Magnezone|170/258\n|-damage|p1a: Oinkologne|338/352|[from] Recoil\n|move|p2a: Magnezone|Body Press|p1a: Oinkologne\n|-supereffective|p1a: Oinkologne\n|-damage|p1a: Oinkologne|0 fnt\n|faint|p1a: Oinkologne\n|\n|-weather|SunnyDay|[upkeep]\n|-heal|p2a: Magnezone|186/258|[from] item: Leftovers\n|upkeep\n|\n|t:|1781404942\n|switch|p1a: Grafaiai|Grafaiai, L86, F|249/249\n|turn|5\n|\n|t:|1781404946\n|move|p1a: Grafaiai|Knock Off|p2a: Magnezone\n|-resisted|p2a: Magnezone\n|-damage|p2a: Magnezone|177/258\n|-enditem|p2a: Magnezone|Leftovers|[from] move: Knock Off|[of] p1a: Grafaiai\n|move|p2a: Magnezone|Body Press|p1a: Grafaiai\n|-damage|p1a: Grafaiai|0 fnt\n|faint|p1a: Grafaiai\n|\n|-weather|none\n|upkeep\n|\n|t:|1781404951\n|switch|p1a: Eiscue|Eiscue, L88, M|274/274\n|turn|6\n|\n|t:|1781404954\n|move|p2a: Magnezone|Thunderbolt|p1a: Eiscue\n|-damage|p1a: Eiscue|156/274\n|move|p1a: Eiscue|Belly Drum|p1a: Eiscue\n|-damage|p1a: Eiscue|19/274\n|-setboost|p1a: Eiscue|atk|6|[from] move: Belly Drum\n|-enditem|p1a: Eiscue|Sitrus Berry|[eat]\n|-heal|p1a: Eiscue|87/274|[from] item: Sitrus Berry\n|\n|upkeep\n|turn|7\n|\n|t:|1781404962\n|-terastallize|p1a: Eiscue|Ground\n|move|p2a: Magnezone|Thunderbolt|p1a: Eiscue\n|-immune|p1a: Eiscue\n|move|p1a: Eiscue|Liquidation|p2a: Magnezone\n|-damage|p2a: Magnezone|120/258\n|\n|upkeep\n|turn|8\n|\n|t:|1781404973\n|move|p2a: Magnezone|Flash Cannon|p1a: Eiscue\n|-damage|p1a: Eiscue|0 fnt\n|faint|p1a: Eiscue\n|\n|upkeep\n|inactive|Battle timer is ON: inactive players will automatically lose when time's up. (requested by lastmu)\n|\n|t:|1781404985\n|switch|p1a: Decidueye|Decidueye-Hisui, L87, M|295/295\n|turn|9\n|\n|t:|1781404993\n|move|p1a: Decidueye|Triple Arrows|p2a: Magnezone\n|-damage|p2a: Magnezone|87/258\n|move|p2a: Magnezone|Body Press|p1a: Decidueye\n|-damage|p1a: Decidueye|0 fnt\n|faint|p1a: Decidueye\n|\n|upkeep\n|\n|t:|1781404998\n|switch|p1a: Floatzel|Floatzel, L86, M|286/286\n|turn|10\n|\n|t:|1781405002\n|move|p1a: Floatzel|Wave Crash|p2a: Magnezone\n|-crit|p2a: Magnezone\n|-damage|p2a: Magnezone|0 fnt\n|faint|p2a: Magnezone\n|-damage|p1a: Floatzel|257/286|[from] Recoil\n|\n|-heal|p1a: Floatzel|274/286|[from] item: Leftovers\n|upkeep\n|\n|t:|1781405010\n|switch|p2a: Koraidon|Koraidon, L64|235/235\n|-weather|SunnyDay|[from] ability: Orichalcum Pulse|[of] p2a: Koraidon\n|-activate|p2a: Koraidon|Orichalcum Pulse|[source]\n|turn|11\n|\n|t:|1781405020\n|switch|p2a: Sawsbuck|Sawsbuck-Summer, L88, M|284/284\n|move|p1a: Floatzel|Bulk Up|p1a: Floatzel\n|-boost|p1a: Floatzel|atk|1\n|-boost|p1a: Floatzel|def|1\n|\n|-weather|SunnyDay|[upkeep]\n|-heal|p1a: Floatzel|286/286|[from] item: Leftovers\n|upkeep\n|turn|12\n|\n|t:|1781405025\n|move|p1a: Floatzel|Bulk Up|p1a: Floatzel\n|-boost|p1a: Floatzel|atk|1\n|-boost|p1a: Floatzel|def|1\n|move|p2a: Sawsbuck|Swords Dance|p2a: Sawsbuck\n|-boost|p2a: Sawsbuck|atk|2\n|\n|-weather|SunnyDay|[upkeep]\n|upkeep\n|turn|13\n|\n|t:|1781405027\n|move|p1a: Floatzel|Ice Spinner|p2a: Sawsbuck\n|-supereffective|p2a: Sawsbuck\n|-damage|p2a: Sawsbuck|0 fnt\n|faint|p2a: Sawsbuck\n|\n|-weather|SunnyDay|[upkeep]\n|upkeep\n|\n|t:|1781405034\n|switch|p2a: Emboar|Emboar, L84, F|322/322\n|turn|14\n|\n|t:|1781405046\n|move|p1a: Floatzel|Bulk Up|p1a: Floatzel\n|-boost|p1a: Floatzel|atk|1\n|-boost|p1a: Floatzel|def|1\n|move|p2a: Emboar|Flare Blitz|p1a: Floatzel\n|-resisted|p1a: Floatzel\n|-damage|p1a: Floatzel|208/286\n|-damage|p2a: Emboar|296/322|[from] Recoil\n|\n|-weather|SunnyDay|[upkeep]\n|-heal|p1a: Floatzel|225/286|[from] item: Leftovers\n|-heal|p2a: Emboar|316/322|[from] item: Leftovers\n|upkeep\n|turn|15\n|\n|t:|1781405050\n|move|p1a: Floatzel|Bulk Up|p1a: Floatzel\n|-boost|p1a: Floatzel|atk|1\n|-boost|p1a: Floatzel|def|1\n|move|p2a: Emboar|Trailblaze|p1a: Floatzel\n|-supereffective|p1a: Floatzel\n|-damage|p1a: Floatzel|185/286\n|-boost|p2a: Emboar|spe|1\n|\n|-weather|none\n|-heal|p1a: Floatzel|202/286|[from] item: Leftovers\n|-heal|p2a: Emboar|322/322|[from] item: Leftovers\n|upkeep\n|turn|16\n|\n|t:|1781405057\n|move|p1a: Floatzel|Wave Crash|p2a: Emboar\n|-supereffective|p2a: Emboar\n|-damage|p2a: Emboar|0 fnt\n|faint|p2a: Emboar\n|-damage|p1a: Floatzel|96/286|[from] Recoil\n|\n|-heal|p1a: Floatzel|113/286|[from] item: Leftovers\n|upkeep\n|\n|t:|1781405062\n|switch|p2a: Registeel|Registeel, L81|262/262\n|turn|17\n|\n|t:|1781405069\n|move|p1a: Floatzel|Wave Crash|p2a: Registeel\n|-damage|p2a: Registeel|0 fnt\n|faint|p2a: Registeel\n|-damage|p1a: Floatzel|27/286|[from] Recoil\n|\n|-heal|p1a: Floatzel|44/286|[from] item: Leftovers\n|upkeep\n|\n|t:|1781405072\n|switch|p2a: Sandaconda|Sandaconda, L84, F|258/258\n|turn|18\n|\n|t:|1781405076\n|move|p1a: Floatzel|Ice Spinner|p2a: Sandaconda\n|-supereffective|p2a: Sandaconda\n|-damage|p2a: Sandaconda|0 fnt\n|faint|p2a: Sandaconda\n|\n|-heal|p1a: Floatzel|61/286|[from] item: Leftovers\n|upkeep\n|\n|t:|1781405079\n|switch|p2a: Koraidon|Koraidon, L64|235/235\n|-weather|SunnyDay|[from] ability: Orichalcum Pulse|[of] p2a: Koraidon\n|-activate|p2a: Koraidon|Orichalcum Pulse|[source]\n|turn|19\n|\n|t:|1781405084\n|move|p1a: Floatzel|Ice Spinner|p2a: Koraidon\n|-supereffective|p2a: Koraidon\n|-damage|p2a: Koraidon|0 fnt\n|faint|p2a: Koraidon\n|\n|win|Keltus\n|raw|Keltus's rating: 1495 &rarr; <strong>1517</strong><br />(+22 for winning)\n|raw|lastmu's rating: 1534 &rarr; <strong>1512</strong><br />(-22 for losing)\n|l|\u2606lastmu\n|player|p2|\n", "inputlog": ">version a8376a258c1d4662feba110a92103f3664a72141\n>start {\"formatid\":\"gen9randombattle\",\"seed\":\"sodium,08826d6c46637d8dcd3bcc868de02289\",\"rated\":\"Rated battle\"}\n>player p1 {\"name\":\"Keltus\",\"avatar\":\"101\",\"rating\":1495,\"seed\":\"sodium,9041759bc551dfb86217a710718571e8\"}\n>player p2 {\"name\":\"lastmu\",\"avatar\":\"1\",\"rating\":1534,\"seed\":\"sodium,9857e9b91e4d1765d8f9247a78d5c48f\"}\n>p1 move psychicfangs\n>p2 switch 2\n>p1 switch 3\n>p2 move irondefense\n>p1 move highhorsepower\n>p2 move irondefense terastallize\n>p1 move doubleedge\n>p2 move bodypress\n>p1 switch 4\n>p1 move knockoff\n>p2 move bodypress\n>p1 switch 6\n>p1 move bellydrum\n>p2 move thunderbolt\n>p1 move liquidation terastallize\n>p2 move thunderbolt\n>p1 move icespinner\n>p2 move flashcannon\n>p1 switch 5\n>p1 move triplearrows\n>p2 move bodypress\n>p1 switch 2\n>p1 move wavecrash\n>p2 move bodypress\n>p2 switch 2\n>p1 move bulkup\n>p2 switch 3\n>p1 move bulkup\n>p2 move swordsdance\n>p1 move icespinner\n>p2 move hornleech\n>p2 switch 4\n>p1 move bulkup\n>p2 move flareblitz\n>p1 move bulkup\n>p2 move trailblaze\n>p1 move wavecrash\n>p2 move trailblaze\n>p2 switch 5\n>p1 move wavecrash\n>p2 move irondefense\n>p2 switch 6\n>p1 move icespinner\n>p2 move rest\n>p2 switch 3\n>p1 move icespinner\n>p2 move collisioncourse", "uploadtime": 1781405095, "views": 6, "formatid": "gen9randombattle", "rating": 1512, "private": 0, "password": null}