{"id": "gen9randombattle-2631908919", "format": "[Gen 9] Random Battle", "players": ["JaviC04", "Daruma"], "log": "|j|\u2606JaviC04\n|j|\u2606Daruma\n|t:|1781454511\n|gametype|singles\n|player|p1|JaviC04|artist|2121\n|player|p2|Daruma|#ruplixsleekslushrushers|2099\n|gen|9\n|tier|[Gen 9] Random Battle\n|rated|\n|rule|Species Clause: Limit one of each Pok\u00e9mon\n|rule|HP Percentage Mod: HP is shown in percentages\n|rule|Sleep Clause Mod: Limit one foe put to sleep\n|rule|Illusion Level Mod: Illusion disguises the Pok\u00e9mon's true level\n|\n|t:|1781454511\n|teamsize|p1|6\n|teamsize|p2|6\n|start\n|switch|p1a: Minun|Minun, L95, M|268/268\n|switch|p2a: Garganacl|Garganacl, L80, M|291/291\n|turn|1\n|inactive|Battle timer is ON: inactive players will automatically lose when time's up. (requested by JaviC04)\n|inactive|Daruma has 120 seconds left.\n|\n|t:|1781454545\n|move|p1a: Minun|Grass Knot|p2a: Garganacl\n|-supereffective|p2a: Garganacl\n|-damage|p2a: Garganacl|47/291\n|-damage|p1a: Minun|242/268|[from] item: Life Orb\n|move|p2a: Garganacl|Salt Cure|p1a: Minun\n|-damage|p1a: Minun|193/268\n|-start|p1a: Minun|Salt Cure\n|\n|-heal|p2a: Garganacl|65/291|[from] item: Leftovers\n|-damage|p1a: Minun|160/268|[from] Salt Cure\n|upkeep\n|turn|2\n|\n|t:|1781454549\n|move|p2a: Garganacl|Protect|p2a: Garganacl\n|-singleturn|p2a: Garganacl|Protect\n|move|p1a: Minun|Thunderbolt|p2a: Garganacl\n|-activate|p2a: Garganacl|move: Protect\n|\n|-heal|p2a: Garganacl|83/291|[from] item: Leftovers\n|-damage|p1a: Minun|127/268|[from] Salt Cure\n|upkeep\n|turn|3\n|\n|t:|1781454556\n|switch|p1a: Sawsbuck|Sawsbuck-Winter, L88, M|284/284\n|switch|p2a: Misdreavus|Misdreavus, L90, F|254/254\n|\n|upkeep\n|turn|4\n|\n|t:|1781454569\n|switch|p1a: Minun|Minun, L95, M|127/268\n|move|p2a: Misdreavus|Will-O-Wisp|p1a: Minun\n|-status|p1a: Minun|brn\n|\n|-damage|p1a: Minun|111/268 brn|[from] brn\n|upkeep\n|turn|5\n|\n|t:|1781454577\n|move|p1a: Minun|Thunderbolt|p2a: Misdreavus\n|-damage|p2a: Misdreavus|163/254\n|-damage|p1a: Minun|85/268 brn|[from] item: Life Orb\n|move|p2a: Misdreavus|Shadow Ball|p1a: Minun\n|-damage|p1a: Minun|1/268 brn\n|\n|-damage|p1a: Minun|0 fnt|[from] brn\n|faint|p1a: Minun\n|upkeep\n|\n|t:|1781454582\n|switch|p1a: Dragalge|Dragalge, L88, M|258/258\n|turn|6\n|\n|t:|1781454591\n|switch|p2a: Empoleon|Empoleon, L84, F|278/278\n|move|p1a: Dragalge|Toxic Spikes|p2a: Empoleon\n|-sidestart|p2: Daruma|move: Toxic Spikes\n|\n|upkeep\n|turn|7\n|\n|t:|1781454599\n|move|p2a: Empoleon|Flip Turn|p1a: Dragalge\n|-resisted|p1a: Dragalge\n|-damage|p1a: Dragalge|233/258\n|\n|t:|1781454601\n|switch|p2a: Garganacl|Garganacl, L80, M|83/291|[from] Flip Turn\n|move|p1a: Dragalge|Focus Blast|p2a: Garganacl|[miss]\n|-miss|p1a: Dragalge|p2a: Garganacl\n|\n|-heal|p1a: Dragalge|249/258|[from] item: Leftovers\n|-heal|p2a: Garganacl|101/291|[from] item: Leftovers\n|upkeep\n|turn|8\n|\n|t:|1781454606\n|move|p2a: Garganacl|Protect|p2a: Garganacl\n|-singleturn|p2a: Garganacl|Protect\n|move|p1a: Dragalge|Focus Blast|p2a: Garganacl\n|-activate|p2a: Garganacl|move: Protect\n|\n|-heal|p1a: Dragalge|258/258|[from] item: Leftovers\n|-heal|p2a: Garganacl|119/291|[from] item: Leftovers\n|upkeep\n|turn|9\n|\n|t:|1781454609\n|move|p1a: Dragalge|Draco Meteor|p2a: Garganacl\n|-damage|p2a: Garganacl|0 fnt\n|-unboost|p1a: Dragalge|spa|2\n|faint|p2a: Garganacl\n|\n|upkeep\n|\n|t:|1781454616\n|switch|p2a: Conkeldurr|Conkeldurr, L80, M|299/299\n|-status|p2a: Conkeldurr|psn\n|turn|10\n|\n|t:|1781454621\n|move|p1a: Dragalge|Draco Meteor|p2a: Conkeldurr\n|-damage|p2a: Conkeldurr|167/299 psn\n|-unboost|p1a: Dragalge|spa|2\n|move|p2a: Conkeldurr|Knock Off|p1a: Dragalge\n|-damage|p1a: Dragalge|135/258\n|-enditem|p1a: Dragalge|Leftovers|[from] move: Knock Off|[of] p2a: Conkeldurr\n|\n|-damage|p2a: Conkeldurr|130/299 psn|[from] psn\n|upkeep\n|turn|11\n|\n|t:|1781454628\n|switch|p1a: Cobalion|Cobalion, L80|277/277\n|move|p2a: Conkeldurr|Facade|p1a: Cobalion\n|-resisted|p1a: Cobalion\n|-damage|p1a: Cobalion|207/277\n|\n|-damage|p2a: Conkeldurr|93/299 psn|[from] psn\n|upkeep\n|turn|12\n|\n|t:|1781454632\n|switch|p1a: Chimecho|Chimecho, L93, F|290/290\n|switch|p2a: Misdreavus|Misdreavus, L90, F|163/254\n|\n|upkeep\n|turn|13\n|\n|t:|1781454643\n|switch|p1a: Cobalion|Cobalion, L80|207/277\n|move|p2a: Misdreavus|Shadow Ball|p1a: Cobalion\n|-damage|p1a: Cobalion|89/277\n|\n|upkeep\n|turn|14\n|\n|t:|1781454648\n|move|p1a: Cobalion|Iron Head|p2a: Misdreavus\n|-damage|p2a: Misdreavus|89/254\n|-damage|p1a: Cobalion|62/277|[from] item: Life Orb\n|cant|p2a: Misdreavus|flinch\n|\n|upkeep\n|turn|15\n|\n|t:|1781454654\n|move|p1a: Cobalion|Iron Head|p2a: Misdreavus\n|-crit|p2a: Misdreavus\n|-damage|p2a: Misdreavus|0 fnt\n|faint|p2a: Misdreavus\n|-damage|p1a: Cobalion|35/277|[from] item: Life Orb\n|\n|upkeep\n|\n|t:|1781454658\n|switch|p2a: Conkeldurr|Conkeldurr, L80, M|93/299 psn\n|turn|16\n|\n|t:|1781454663\n|move|p2a: Conkeldurr|Mach Punch|p1a: Cobalion\n|-supereffective|p1a: Cobalion\n|-damage|p1a: Cobalion|0 fnt\n|faint|p1a: Cobalion\n|\n|-damage|p2a: Conkeldurr|56/299 psn|[from] psn\n|upkeep\n|\n|t:|1781454667\n|switch|p1a: Dragalge|Dragalge, L88, M|135/258\n|turn|17\n|\n|t:|1781454674\n|switch|p2a: Empoleon|Empoleon, L84, F|278/278\n|move|p1a: Dragalge|Sludge Wave|p2a: Empoleon\n|-immune|p2a: Empoleon\n|\n|upkeep\n|turn|18\n|\n|t:|1781454680\n|move|p2a: Empoleon|Surf|p1a: Dragalge\n|-resisted|p1a: Dragalge\n|-damage|p1a: Dragalge|96/258\n|move|p1a: Dragalge|Focus Blast|p2a: Empoleon|[miss]\n|-miss|p1a: Dragalge|p2a: Empoleon\n|\n|upkeep\n|turn|19\n|\n|t:|1781454685\n|move|p2a: Empoleon|Surf|p1a: Dragalge\n|-resisted|p1a: Dragalge\n|-crit|p1a: Dragalge\n|-damage|p1a: Dragalge|36/258\n|move|p1a: Dragalge|Focus Blast|p2a: Empoleon\n|-supereffective|p2a: Empoleon\n|-damage|p2a: Empoleon|98/278\n|\n|-heal|p2a: Empoleon|115/278|[from] item: Leftovers\n|upkeep\n|turn|20\n|\n|t:|1781454688\n|move|p2a: Empoleon|Roost|p2a: Empoleon\n|-heal|p2a: Empoleon|254/278\n|-singleturn|p2a: Empoleon|move: Roost\n|move|p1a: Dragalge|Focus Blast|p2a: Empoleon|[miss]\n|-miss|p1a: Dragalge|p2a: Empoleon\n|\n|-heal|p2a: Empoleon|271/278|[from] item: Leftovers\n|upkeep\n|turn|21\n|\n|t:|1781454693\n|move|p2a: Empoleon|Surf|p1a: Dragalge\n|-resisted|p1a: Dragalge\n|-damage|p1a: Dragalge|0 fnt\n|faint|p1a: Dragalge\n|\n|-heal|p2a: Empoleon|278/278|[from] item: Leftovers\n|upkeep\n|\n|t:|1781454696\n|switch|p1a: Sawsbuck|Sawsbuck-Winter, L88, M|284/284\n|turn|22\n|\n|t:|1781454700\n|move|p1a: Sawsbuck|Swords Dance|p1a: Sawsbuck\n|-boost|p1a: Sawsbuck|atk|2\n|move|p2a: Empoleon|Roar|p1a: Sawsbuck\n|drag|p1a: Deoxys|Deoxys-Defense, L84|221/221\n|-ability|p1a: Deoxys|Pressure\n|\n|upkeep\n|turn|23\n|\n|t:|1781454703\n|move|p1a: Deoxys|Spikes|p2a: Empoleon\n|-sidestart|p2: Daruma|Spikes\n|move|p2a: Empoleon|Flip Turn|p1a: Deoxys\n|-damage|p1a: Deoxys|188/221\n|-damage|p2a: Empoleon|232/278|[from] item: Rocky Helmet|[of] p1a: Deoxys\n|\n|t:|1781454707\n|switch|p2a: Quagsire|Quagsire, L84, M|297/297|[from] Flip Turn\n|-status|p2a: Quagsire|psn\n|-damage|p2a: Quagsire|260/297 psn|[from] Spikes\n|\n|-heal|p2a: Quagsire|278/297 psn|[from] item: Leftovers\n|-damage|p2a: Quagsire|241/297 psn|[from] psn\n|upkeep\n|turn|24\n|\n|t:|1781454714\n|move|p1a: Deoxys|Stealth Rock|p2a: Quagsire\n|-sidestart|p2: Daruma|move: Stealth Rock\n|move|p2a: Quagsire|Toxic|p1a: Deoxys\n|-status|p1a: Deoxys|tox\n|\n|-heal|p2a: Quagsire|259/297 psn|[from] item: Leftovers\n|-damage|p1a: Deoxys|175/221 tox|[from] psn\n|-damage|p2a: Quagsire|222/297 psn|[from] psn\n|upkeep\n|turn|25\n|\n|t:|1781454721\n|switch|p2a: Empoleon|Empoleon, L84, F|232/278\n|-damage|p2a: Empoleon|198/278|[from] Spikes\n|-damage|p2a: Empoleon|181/278|[from] Stealth Rock\n|move|p1a: Deoxys|Spikes|p2a: Empoleon\n|-sidestart|p2: Daruma|Spikes\n|\n|-heal|p2a: Empoleon|198/278|[from] item: Leftovers\n|-damage|p1a: Deoxys|149/221 tox|[from] psn\n|upkeep\n|turn|26\n|\n|t:|1781454726\n|switch|p1a: Sawsbuck|Sawsbuck-Winter, L88, M|284/284\n|move|p2a: Empoleon|Surf|p1a: Sawsbuck\n|-resisted|p1a: Sawsbuck\n|-damage|p1a: Sawsbuck|229/284\n|\n|-heal|p2a: Empoleon|215/278|[from] item: Leftovers\n|upkeep\n|turn|27\n|\n|t:|1781454729\n|move|p1a: Sawsbuck|Horn Leech|p2a: Empoleon\n|-damage|p2a: Empoleon|89/278\n|-heal|p1a: Sawsbuck|284/284|[from] drain|[of] p2a: Empoleon\n|-damage|p1a: Sawsbuck|256/284|[from] item: Life Orb\n|move|p2a: Empoleon|Flip Turn|p1a: Sawsbuck\n|-resisted|p1a: Sawsbuck\n|-damage|p1a: Sawsbuck|223/284\n|-message|Daruma forfeited.\n|\n|win|JaviC04\n", "inputlog": ">version a8376a258c1d4662feba110a92103f3664a72141\n>start {\"formatid\":\"gen9randombattle\",\"seed\":\"sodium,a1d104a79331d9c2382fb20eae0f1c5a\",\"rated\":\"Rated battle\"}\n>player p1 {\"name\":\"JaviC04\",\"avatar\":\"artist\",\"rating\":2121,\"seed\":\"sodium,829b539cf75b29ef4f2798408150aac7\"}\n>player p2 {\"name\":\"Daruma\",\"avatar\":\"#ruplixsleekslushrushers\",\"rating\":2099,\"seed\":\"sodium,9c4cb5dc3ae86de011bc11fc550e83e3\"}\n>p1 move grassknot\n>p2 move saltcure\n>p1 move thunderbolt\n>p2 move protect\n>p1 switch 6\n>p2 switch 2\n>p1 switch 6\n>p2 move willowisp\n>p1 move thunderbolt\n>p2 move shadowball\n>p1 switch 5\n>p1 move toxicspikes\n>p2 switch 3\n>p1 move focusblast\n>p2 move flipturn\n>p2 switch 2\n>p1 move focusblast\n>p2 move protect\n>p1 move dracometeor\n>p2 move recover\n>p2 switch 6\n>p1 move dracometeor\n>p2 move knockoff\n>p1 switch 2\n>p2 move facade\n>p1 switch 3\n>p2 switch 3\n>p1 switch 3\n>p2 move shadowball\n>p1 move ironhead\n>p2 move shadowball\n>p1 move ironhead\n>p2 move drainingkiss\n>p2 switch 3\n>p1 move closecombat\n>p2 move machpunch\n>p1 switch 2\n>p1 move sludgewave\n>p2 switch 2\n>p1 move focusblast\n>p2 move surf\n>p1 move focusblast\n>p2 move surf\n>p1 move focusblast\n>p2 move roost\n>p1 move focusblast\n>p2 move surf\n>p1 switch 6\n>p1 move swordsdance\n>p2 move roar\n>p1 move spikes\n>p2 move flipturn\n>p2 switch 5\n>p1 move stealthrock\n>p2 move toxic\n>p1 move spikes\n>p2 switch 5\n>p1 switch 4\n>p2 move surf\n>p1 move hornleech\n>p2 move flipturn\n>forcelose p2", "uploadtime": 1781454513, "views": 7, "formatid": "gen9randombattle", "rating": null, "private": 0, "password": null}