{"id": "gen9randombattle-2631380898", "format": "[Gen 9] Random Battle", "players": ["EduArdo1516", "SattleBimulator"], "log": "|j|\u2606EduArdo1516\n|j|\u2606SattleBimulator\n|t:|1781377894\n|gametype|singles\n|player|p1|EduArdo1516|102|1992\n|player|p2|SattleBimulator|169|1968\n|gen|9\n|tier|[Gen 9] Random Battle\n|rated|\n|rule|Species Clause: Limit one of each Pok\u00e9mon\n|rule|HP Percentage Mod: HP is shown in percentages\n|rule|Sleep Clause Mod: Limit one foe put to sleep\n|rule|Illusion Level Mod: Illusion disguises the Pok\u00e9mon's true level\n|\n|t:|1781377894\n|teamsize|p1|6\n|teamsize|p2|6\n|start\n|switch|p1a: Heatran|Heatran, L79, F|273/273\n|switch|p2a: Sandaconda|Sandaconda, L84, M|258/258\n|-item|p1a: Heatran|Air Balloon\n|turn|1\n|inactive|Battle timer is ON: inactive players will automatically lose when time's up. (requested by SattleBimulator)\n|inactive|EduArdo1516 also wants the timer to be on.\n|\n|t:|1781377904\n|move|p1a: Heatran|Lava Plume|p2a: Sandaconda\n|-damage|p2a: Sandaconda|140/258\n|-status|p2a: Sandaconda|brn\n|move|p2a: Sandaconda|Stealth Rock|p1a: Heatran\n|-sidestart|p1: EduArdo1516|move: Stealth Rock\n|\n|-activate|p2a: Sandaconda|ability: Shed Skin\n|-curestatus|p2a: Sandaconda|brn|[msg]\n|-heal|p2a: Sandaconda|156/258|[from] item: Leftovers\n|upkeep\n|turn|2\n|\n|t:|1781377912\n|move|p1a: Heatran|Lava Plume|p2a: Sandaconda\n|-damage|p2a: Sandaconda|48/258\n|move|p2a: Sandaconda|Stone Edge|p1a: Heatran\n|-damage|p1a: Heatran|198/273\n|-enditem|p1a: Heatran|Air Balloon\n|\n|-heal|p2a: Sandaconda|64/258|[from] item: Leftovers\n|upkeep\n|turn|3\n|\n|t:|1781377919\n|move|p2a: Sandaconda|Earthquake|p1a: Heatran\n|-supereffective|p1a: Heatran\n|-damage|p1a: Heatran|0 fnt\n|faint|p1a: Heatran\n|\n|-heal|p2a: Sandaconda|80/258|[from] item: Leftovers\n|upkeep\n|\n|t:|1781377948\n|switch|p1a: Sawsbuck|Sawsbuck, L88, M|284/284\n|-damage|p1a: Sawsbuck|249/284|[from] Stealth Rock\n|turn|4\n|\n|t:|1781377962\n|move|p1a: Sawsbuck|Horn Leech|p2a: Sandaconda\n|-supereffective|p2a: Sandaconda\n|-damage|p2a: Sandaconda|0 fnt\n|-heal|p1a: Sawsbuck|284/284|[from] drain|[of] p2a: Sandaconda\n|faint|p2a: Sandaconda\n|-damage|p1a: Sawsbuck|256/284|[from] item: Life Orb\n|\n|upkeep\n|\n|t:|1781377982\n|switch|p2a: Swanna|Swanna, L89, F|278/278\n|turn|5\n|\n|t:|1781377998\n|switch|p1a: Scream Tail|Scream Tail, L84|330/330\n|-damage|p1a: Scream Tail|289/330|[from] Stealth Rock\n|move|p2a: Swanna|Brave Bird|p1a: Scream Tail\n|-damage|p1a: Scream Tail|180/330\n|-damage|p2a: Swanna|242/278|[from] Recoil\n|\n|-heal|p1a: Scream Tail|200/330|[from] item: Leftovers\n|upkeep\n|turn|6\n|\n|t:|1781378005\n|switch|p2a: Magnezone|Magnezone, L85|258/258\n|move|p1a: Scream Tail|Wish|p1a: Scream Tail\n|\n|-heal|p1a: Scream Tail|220/330|[from] item: Leftovers\n|upkeep\n|turn|7\n|\n|t:|1781378015\n|-end|p1a: Scream Tail|Protosynthesis|[silent]\n|switch|p1a: Sawsbuck|Sawsbuck, L88, M|256/284\n|-damage|p1a: Sawsbuck|221/284|[from] Stealth Rock\n|move|p2a: Magnezone|Volt Switch|p1a: Sawsbuck\n|-resisted|p1a: Sawsbuck\n|-damage|p1a: Sawsbuck|165/284\n|\n|t:|1781378019\n|switch|p2a: Swanna|Swanna, L89, F|242/278|[from] Volt Switch\n|\n|-heal|p1a: Sawsbuck|284/284|[from] move: Wish|[wisher] Scream Tail\n|upkeep\n|turn|8\n|\n|t:|1781378047\n|switch|p1a: Vigoroth|Vigoroth, L85, M|275/275\n|-damage|p1a: Vigoroth|241/275|[from] Stealth Rock\n|move|p2a: Swanna|Brave Bird|p1a: Vigoroth\n|-damage|p1a: Vigoroth|139/275\n|-damage|p2a: Swanna|208/278|[from] Recoil\n|\n|upkeep\n|turn|9\n|\n|t:|1781378055\n|switch|p2a: Froslass|Froslass, L87, F|263/263\n|move|p1a: Vigoroth|Slack Off|p1a: Vigoroth\n|-heal|p1a: Vigoroth|275/275\n|\n|upkeep\n|turn|10\n|\n|t:|1781378066\n|move|p2a: Froslass|Spikes|p1a: Vigoroth\n|-sidestart|p1: EduArdo1516|Spikes\n|move|p1a: Vigoroth|Knock Off|p2a: Froslass\n|-supereffective|p2a: Froslass\n|-damage|p2a: Froslass|123/263\n|-enditem|p2a: Froslass|Wide Lens|[from] move: Knock Off|[of] p1a: Vigoroth\n|\n|upkeep\n|turn|11\n|\n|t:|1781378071\n|move|p2a: Froslass|Spikes|p1a: Vigoroth\n|-sidestart|p1: EduArdo1516|Spikes\n|move|p1a: Vigoroth|Bulk Up|p1a: Vigoroth\n|-boost|p1a: Vigoroth|atk|1\n|-boost|p1a: Vigoroth|def|1\n|\n|upkeep\n|turn|12\n|\n|t:|1781378076\n|move|p2a: Froslass|Destiny Bond|p2a: Froslass\n|-singlemove|p2a: Froslass|Destiny Bond\n|move|p1a: Vigoroth|Knock Off|p2a: Froslass\n|-supereffective|p2a: Froslass\n|-damage|p2a: Froslass|0 fnt\n|faint|p2a: Froslass\n|-activate|p2a: Froslass|move: Destiny Bond\n|faint|p1a: Vigoroth\n|\n|upkeep\n|\n|t:|1781378086\n|switch|p2a: Swanna|Swanna, L89, F|208/278\n|switch|p1a: Latias|Latias, L79, F|256/256\n|-damage|p1a: Latias|224/256|[from] Stealth Rock\n|turn|13\n|\n|t:|1781378095\n|switch|p2a: Magnezone|Magnezone, L85|258/258\n|move|p1a: Latias|Draco Meteor|p2a: Magnezone\n|-resisted|p2a: Magnezone\n|-damage|p2a: Magnezone|207/258\n|-unboost|p1a: Latias|spa|2\n|\n|upkeep\n|turn|14\n|\n|t:|1781378106\n|switch|p1a: Gastrodon|Gastrodon, L86, M|331/331\n|-damage|p1a: Gastrodon|311/331|[from] Stealth Rock\n|-damage|p1a: Gastrodon|256/331|[from] Spikes\n|move|p2a: Magnezone|Flash Cannon|p1a: Gastrodon\n|-resisted|p1a: Gastrodon\n|-damage|p1a: Gastrodon|203/331\n|\n|-heal|p1a: Gastrodon|223/331|[from] item: Leftovers\n|upkeep\n|turn|15\n|\n|t:|1781378114\n|switch|p2a: Wyrdeer|Wyrdeer, L87, M|321/321\n|-ability|p2a: Wyrdeer|Intimidate|boost\n|-unboost|p1a: Gastrodon|atk|1\n|move|p1a: Gastrodon|Sludge Bomb|p2a: Wyrdeer\n|-damage|p2a: Wyrdeer|255/321\n|-status|p2a: Wyrdeer|psn\n|\n|-heal|p2a: Wyrdeer|275/321 psn|[from] item: Leftovers\n|-heal|p1a: Gastrodon|243/331|[from] item: Leftovers\n|-damage|p2a: Wyrdeer|235/321 psn|[from] psn\n|upkeep\n|turn|16\n|\n|t:|1781378125\n|switch|p1a: Latias|Latias, L79, F|224/256\n|-damage|p1a: Latias|192/256|[from] Stealth Rock\n|move|p2a: Wyrdeer|Psychic Noise|p1a: Latias\n|-resisted|p1a: Latias\n|-crit|p1a: Latias\n|-damage|p1a: Latias|141/256\n|-start|p1a: Latias|move: Heal Block\n|\n|-heal|p2a: Wyrdeer|255/321 psn|[from] item: Leftovers\n|-damage|p2a: Wyrdeer|215/321 psn|[from] psn\n|upkeep\n|turn|17\n|\n|t:|1781378131\n|switch|p2a: Magnezone|Magnezone, L85|207/258\n|move|p1a: Latias|Calm Mind|p1a: Latias\n|-boost|p1a: Latias|spa|1\n|-boost|p1a: Latias|spd|1\n|\n|-end|p1a: Latias|move: Heal Block\n|upkeep\n|turn|18\n|\n|t:|1781378135\n|move|p1a: Latias|Recover|p1a: Latias\n|-heal|p1a: Latias|256/256\n|move|p2a: Magnezone|Volt Switch|p1a: Latias\n|-resisted|p1a: Latias\n|-damage|p1a: Latias|229/256\n|\n|t:|1781378138\n|switch|p2a: Wyrdeer|Wyrdeer, L87, M|215/321 psn|[from] Volt Switch\n|-ability|p2a: Wyrdeer|Intimidate|boost\n|-unboost|p1a: Latias|atk|1\n|\n|-heal|p2a: Wyrdeer|235/321 psn|[from] item: Leftovers\n|-damage|p2a: Wyrdeer|195/321 psn|[from] psn\n|upkeep\n|turn|19\n|\n|t:|1781378147\n|move|p1a: Latias|Draco Meteor|p2a: Wyrdeer\n|-damage|p2a: Wyrdeer|0 fnt\n|-unboost|p1a: Latias|spa|2\n|faint|p2a: Wyrdeer\n|\n|upkeep\n|\n|t:|1781378151\n|switch|p2a: Drednaw|Drednaw, L81, F|278/278\n|turn|20\n|\n|t:|1781378163\n|move|p1a: Latias|Calm Mind|p1a: Latias\n|-boost|p1a: Latias|spa|1\n|-boost|p1a: Latias|spd|1\n|move|p2a: Drednaw|Shell Smash|p2a: Drednaw\n|-unboost|p2a: Drednaw|def|1\n|-unboost|p2a: Drednaw|spd|1\n|-boost|p2a: Drednaw|atk|2\n|-boost|p2a: Drednaw|spa|2\n|-boost|p2a: Drednaw|spe|2\n|-enditem|p2a: Drednaw|White Herb\n|-clearnegativeboost|p2a: Drednaw|[silent]\n|\n|upkeep\n|turn|21\n|\n|t:|1781378175\n|-terastallize|p1a: Latias|Steel\n|move|p2a: Drednaw|Stone Edge|p1a: Latias\n|-resisted|p1a: Latias\n|-damage|p1a: Latias|107/256\n|move|p1a: Latias|Draco Meteor|p2a: Drednaw\n|-damage|p2a: Drednaw|64/278\n|-unboost|p1a: Latias|spa|2\n|\n|upkeep\n|turn|22\n|\n|t:|1781378184\n|move|p2a: Drednaw|Liquidation|p1a: Latias\n|-damage|p1a: Latias|0 fnt\n|faint|p1a: Latias\n|\n|upkeep\n|\n|t:|1781378190\n|switch|p1a: Scream Tail|Scream Tail, L84|220/330\n|-damage|p1a: Scream Tail|179/330|[from] Stealth Rock\n|-damage|p1a: Scream Tail|124/330|[from] Spikes\n|turn|23\n|\n|t:|1781378193\n|move|p1a: Scream Tail|Protect|p1a: Scream Tail\n|-singleturn|p1a: Scream Tail|Protect\n|move|p2a: Drednaw|Liquidation|p1a: Scream Tail\n|-activate|p1a: Scream Tail|move: Protect\n|\n|-heal|p1a: Scream Tail|144/330|[from] item: Leftovers\n|upkeep\n|turn|24\n|\n|t:|1781378199\n|move|p2a: Drednaw|Liquidation|p1a: Scream Tail\n|-crit|p1a: Scream Tail\n|-damage|p1a: Scream Tail|0 fnt\n|faint|p1a: Scream Tail\n|-end|p1a: Scream Tail|Protosynthesis|[silent]\n|\n|upkeep\n|\n|t:|1781378202\n|switch|p1a: Sawsbuck|Sawsbuck, L88, M|284/284\n|-damage|p1a: Sawsbuck|249/284|[from] Stealth Rock\n|-damage|p1a: Sawsbuck|202/284|[from] Spikes\n|turn|25\n|\n|t:|1781378206\n|move|p2a: Drednaw|Stone Edge|p1a: Sawsbuck\n|-damage|p1a: Sawsbuck|0 fnt\n|faint|p1a: Sawsbuck\n|\n|upkeep\n|\n|t:|1781378209\n|switch|p1a: Gastrodon|Gastrodon, L86, M|243/331\n|-damage|p1a: Gastrodon|223/331|[from] Stealth Rock\n|-damage|p1a: Gastrodon|168/331|[from] Spikes\n|turn|26\n|\n|t:|1781378214\n|move|p2a: Drednaw|Earthquake|p1a: Gastrodon\n|-damage|p1a: Gastrodon|0 fnt\n|faint|p1a: Gastrodon\n|\n|win|SattleBimulator\n", "inputlog": ">version a8376a258c1d4662feba110a92103f3664a72141\n>start {\"formatid\":\"gen9randombattle\",\"seed\":\"sodium,a2bb6685b1ec7ef4ddb2ad4f8d722703\",\"rated\":\"Rated battle\"}\n>player p1 {\"name\":\"EduArdo1516\",\"avatar\":\"102\",\"rating\":1992,\"seed\":\"sodium,5cf69d17506cd500e6a694310782e702\"}\n>player p2 {\"name\":\"SattleBimulator\",\"avatar\":\"169\",\"rating\":1968,\"seed\":\"sodium,b21c7c2fdd74609fb016b67607786ff9\"}\n>p1 move lavaplume\n>p2 move stealthrock\n>p1 move lavaplume\n>p2 move stoneedge\n>p1 move lavaplume\n>p2 move earthquake\n>p1 switch 3\n>p1 move hornleech\n>p2 move stoneedge\n>p2 switch 3\n>p1 switch 4\n>p2 move bravebird\n>p1 move wish\n>p2 switch 6\n>p1 switch 4\n>p2 move voltswitch\n>p2 switch 6\n>p1 switch 5\n>p2 move bravebird\n>p1 move slackoff\n>p2 switch 5\n>p1 move knockoff\n>p2 move spikes\n>p1 move bulkup\n>p2 move spikes\n>p1 move knockoff\n>p2 move destinybond\n>p1 switch 6\n>p2 switch 5\n>p1 move dracometeor\n>p2 switch 6\n>p1 switch 2\n>p2 move flashcannon\n>p1 move sludgebomb\n>p2 switch 2\n>p1 switch 2\n>p2 move psychicnoise\n>p1 move calmmind\n>p2 switch 2\n>p1 move recover\n>p2 move voltswitch\n>p2 switch 2\n>p1 move dracometeor\n>p2 move thunderwave\n>p2 switch 4\n>p1 move calmmind\n>p2 move shellsmash\n>p1 move dracometeor terastallize\n>p2 move stoneedge\n>p1 move dracometeor\n>p2 move liquidation\n>p1 switch 4\n>p1 move protect\n>p2 move liquidation\n>p1 move wish\n>p2 move liquidation\n>p1 switch 5\n>p1 move hornleech\n>p2 move stoneedge\n>p1 switch 2\n>p1 move recover\n>p2 move earthquake", "uploadtime": 1781377896, "views": 9, "formatid": "gen9randombattle", "rating": null, "private": 0, "password": null}