{"id": "gen9randombattle-2631565953", "format": "[Gen 9] Random Battle", "players": ["WhatEver2102", "Addddlleyy"], "log": "|j|\u2606WhatEver2102\n|j|\u2606Addddlleyy\n|t:|1781402175\n|gametype|singles\n|player|p1|WhatEver2102|juan|2014\n|player|p2|Addddlleyy|swimmer|1983\n|gen|9\n|tier|[Gen 9] Random Battle\n|rated|\n|rule|Species Clause: Limit one of each Pok\u00e9mon\n|rule|HP Percentage Mod: HP is shown in percentages\n|rule|Sleep Clause Mod: Limit one foe put to sleep\n|rule|Illusion Level Mod: Illusion disguises the Pok\u00e9mon's true level\n|\n|t:|1781402175\n|teamsize|p1|6\n|teamsize|p2|6\n|start\n|switch|p1a: Flutter Mane|Flutter Mane, L74|203/203\n|switch|p2a: Dugtrio|Dugtrio, L84, M|196/196\n|turn|1\n|inactive|Battle timer is ON: inactive players will automatically lose when time's up. (requested by Addddlleyy)\n|inactive|WhatEver2102 has 120 seconds left.\n|\n|t:|1781402207\n|-end|p1a: Flutter Mane|Protosynthesis|[silent]\n|switch|p1a: Leafeon|Leafeon, L88, M|258/258\n|move|p2a: Dugtrio|Swords Dance|p2a: Dugtrio\n|-boost|p2a: Dugtrio|atk|2\n|\n|upkeep\n|turn|2\n|\n|t:|1781402219\n|switch|p2a: Grafaiai|Grafaiai, L86, F|249/249\n|move|p1a: Leafeon|Leaf Blade|p2a: Grafaiai\n|-resisted|p2a: Grafaiai\n|-damage|p2a: Grafaiai|158/249\n|-damage|p1a: Leafeon|233/258|[from] item: Life Orb\n|\n|upkeep\n|turn|3\n|\n|t:|1781402227\n|switch|p1a: Regirock|Regirock, L83|268/268\n|move|p2a: Grafaiai|U-turn|p1a: Regirock\n|-damage|p1a: Regirock|243/268\n|-status|p1a: Regirock|psn|[from] ability: Poison Touch|[of] p2a: Grafaiai\n|\n|t:|1781402243\n|switch|p2a: Golduck|Golduck, L90, M|290/290|[from] U-turn\n|-ability|p2a: Golduck|Cloud Nine\n|\n|-damage|p1a: Regirock|210/268 psn|[from] psn\n|upkeep\n|turn|4\n|\n|t:|1781402254\n|switch|p1a: Oinkologne|Oinkologne-F, L92, F|361/361\n|move|p2a: Golduck|Ice Beam|p1a: Oinkologne\n|-damage|p1a: Oinkologne|331/361\n|\n|-heal|p1a: Oinkologne|353/361|[from] item: Leftovers\n|upkeep\n|turn|5\n|\n|t:|1781402262\n|switch|p2a: Uxie|Uxie, L83|260/260\n|move|p1a: Oinkologne|Body Slam|p2a: Uxie\n|-damage|p2a: Uxie|191/260\n|\n|-heal|p2a: Uxie|207/260|[from] item: Leftovers\n|-heal|p1a: Oinkologne|361/361|[from] item: Leftovers\n|upkeep\n|turn|6\n|\n|t:|1781402279\n|move|p2a: Uxie|Stealth Rock|p1a: Oinkologne\n|-sidestart|p1: WhatEver2102|move: Stealth Rock\n|move|p1a: Oinkologne|Body Slam|p2a: Uxie\n|-damage|p2a: Uxie|128/260\n|\n|-heal|p2a: Uxie|144/260|[from] item: Leftovers\n|upkeep\n|turn|7\n|\n|t:|1781402288\n|move|p2a: Uxie|Psychic Noise|p1a: Oinkologne\n|-damage|p1a: Oinkologne|304/361\n|-start|p1a: Oinkologne|move: Heal Block\n|move|p1a: Oinkologne|Body Slam|p2a: Uxie\n|-damage|p2a: Uxie|62/260\n|-status|p2a: Uxie|par\n|\n|-heal|p2a: Uxie|78/260 par|[from] item: Leftovers\n|upkeep\n|turn|8\n|\n|t:|1781402294\n|move|p1a: Oinkologne|Body Slam|p2a: Uxie\n|-damage|p2a: Uxie|0 fnt\n|faint|p2a: Uxie\n|\n|-end|p1a: Oinkologne|move: Heal Block\n|upkeep\n|\n|t:|1781402307\n|switch|p2a: Solgaleo|Solgaleo, L74|325/325\n|turn|9\n|\n|t:|1781402332\n|switch|p1a: Tauros|Tauros-Paldea-Blaze, L81, M|252/252\n|-damage|p1a: Tauros|221/252|[from] Stealth Rock\n|move|p2a: Solgaleo|Knock Off|p1a: Tauros\n|-resisted|p1a: Tauros\n|-damage|p1a: Tauros|189/252\n|-enditem|p1a: Tauros|Sitrus Berry|[from] move: Knock Off|[of] p2a: Solgaleo\n|\n|upkeep\n|turn|10\n|\n|t:|1781402341\n|move|p1a: Tauros|Bulk Up|p1a: Tauros\n|-boost|p1a: Tauros|atk|1\n|-boost|p1a: Tauros|def|1\n|move|p2a: Solgaleo|Flame Charge|p1a: Tauros\n|-resisted|p1a: Tauros\n|-crit|p1a: Tauros\n|-damage|p1a: Tauros|163/252\n|-boost|p2a: Solgaleo|spe|1\n|\n|upkeep\n|turn|11\n|\n|t:|1781402351\n|move|p2a: Solgaleo|Earthquake|p1a: Tauros\n|-supereffective|p1a: Tauros\n|-damage|p1a: Tauros|73/252\n|move|p1a: Tauros|Bulk Up|p1a: Tauros\n|-boost|p1a: Tauros|atk|1\n|-boost|p1a: Tauros|def|1\n|\n|upkeep\n|turn|12\n|\n|t:|1781402361\n|switch|p2a: Golduck|Golduck, L90, M|290/290\n|-ability|p2a: Golduck|Cloud Nine\n|move|p1a: Tauros|Raging Bull|p2a: Golduck\n|-resisted|p2a: Golduck\n|-damage|p2a: Golduck|195/290\n|\n|-heal|p2a: Golduck|213/290|[from] item: Leftovers\n|upkeep\n|turn|13\n|\n|t:|1781402368\n|move|p1a: Tauros|Close Combat|p2a: Golduck\n|-damage|p2a: Golduck|0 fnt\n|-unboost|p1a: Tauros|def|1\n|-unboost|p1a: Tauros|spd|1\n|faint|p2a: Golduck\n|\n|upkeep\n|\n|t:|1781402381\n|switch|p2a: Dugtrio|Dugtrio, L84, M|196/196\n|turn|14\n|\n|t:|1781402396\n|move|p2a: Dugtrio|Earthquake|p1a: Tauros\n|-supereffective|p1a: Tauros\n|-damage|p1a: Tauros|0 fnt\n|faint|p1a: Tauros\n|\n|upkeep\n|\n|t:|1781402400\n|switch|p1a: Leafeon|Leafeon, L88, M|233/258\n|-damage|p1a: Leafeon|201/258|[from] Stealth Rock\n|turn|15\n|\n|t:|1781402406\n|switch|p2a: Grafaiai|Grafaiai, L86, F|158/249\n|move|p1a: Leafeon|Knock Off|p2a: Grafaiai\n|-damage|p2a: Grafaiai|29/249\n|-enditem|p2a: Grafaiai|Assault Vest|[from] move: Knock Off|[of] p1a: Leafeon\n|-damage|p1a: Leafeon|176/258|[from] item: Life Orb\n|\n|upkeep\n|turn|16\n|\n|t:|1781402417\n|switch|p1a: Regirock|Regirock, L83|210/268 psn\n|-damage|p1a: Regirock|177/268 psn|[from] Stealth Rock\n|move|p2a: Grafaiai|Super Fang|p1a: Regirock\n|-damage|p1a: Regirock|89/268 psn\n|\n|-damage|p1a: Regirock|56/268 psn|[from] psn\n|upkeep\n|turn|17\n|\n|t:|1781402425\n|move|p2a: Grafaiai|U-turn|p1a: Regirock\n|-damage|p1a: Regirock|29/268 psn\n|\n|t:|1781402430\n|switch|p2a: Solgaleo|Solgaleo, L74|325/325|[from] U-turn\n|move|p1a: Regirock|Rest|p1a: Regirock\n|-status|p1a: Regirock|slp|[from] move: Rest\n|-heal|p1a: Regirock|268/268 slp|[silent]\n|-enditem|p1a: Regirock|Chesto Berry|[eat]\n|-curestatus|p1a: Regirock|slp|[msg]\n|\n|upkeep\n|turn|18\n|\n|t:|1781402437\n|move|p2a: Solgaleo|Sunsteel Strike|p1a: Regirock\n|-supereffective|p1a: Regirock\n|-damage|p1a: Regirock|148/268\n|move|p1a: Regirock|Iron Defense|p1a: Regirock\n|-boost|p1a: Regirock|def|2\n|\n|upkeep\n|turn|19\n|\n|t:|1781402451\n|move|p2a: Solgaleo|Sunsteel Strike|p1a: Regirock\n|-supereffective|p1a: Regirock\n|-damage|p1a: Regirock|94/268\n|move|p1a: Regirock|Iron Defense|p1a: Regirock\n|-boost|p1a: Regirock|def|2\n|\n|upkeep\n|turn|20\n|\n|t:|1781402459\n|-terastallize|p1a: Regirock|Fighting\n|move|p2a: Solgaleo|Sunsteel Strike|p1a: Regirock\n|-damage|p1a: Regirock|73/268\n|move|p1a: Regirock|Iron Defense|p1a: Regirock\n|-boost|p1a: Regirock|def|2\n|\n|upkeep\n|turn|21\n|\n|t:|1781402468\n|switch|p2a: Dachsbun|Dachsbun, L92, M|254/254\n|move|p1a: Regirock|Rest|p1a: Regirock\n|-status|p1a: Regirock|slp|[from] move: Rest\n|-heal|p1a: Regirock|268/268 slp|[silent]\n|\n|upkeep\n|turn|22\n|\n|t:|1781402474\n|move|p2a: Dachsbun|Play Rough|p1a: Regirock|[miss]\n|-miss|p2a: Dachsbun|p1a: Regirock\n|cant|p1a: Regirock|slp\n|\n|upkeep\n|turn|23\n|\n|t:|1781402477\n|move|p2a: Dachsbun|Play Rough|p1a: Regirock\n|-supereffective|p1a: Regirock\n|-damage|p1a: Regirock|238/268 slp\n|cant|p1a: Regirock|slp\n|\n|upkeep\n|turn|24\n|\n|t:|1781402481\n|move|p2a: Dachsbun|Play Rough|p1a: Regirock\n|-supereffective|p1a: Regirock\n|-damage|p1a: Regirock|212/268 slp\n|-curestatus|p1a: Regirock|slp|[msg]\n|move|p1a: Regirock|Body Press|p2a: Dachsbun\n|-resisted|p2a: Dachsbun\n|-damage|p2a: Dachsbun|36/254\n|\n|-heal|p2a: Dachsbun|51/254|[from] item: Leftovers\n|upkeep\n|turn|25\n|\n|t:|1781402488\n|move|p2a: Dachsbun|Play Rough|p1a: Regirock\n|-supereffective|p1a: Regirock\n|-damage|p1a: Regirock|182/268\n|move|p1a: Regirock|Body Press|p2a: Dachsbun\n|-resisted|p2a: Dachsbun\n|-damage|p2a: Dachsbun|0 fnt\n|faint|p2a: Dachsbun\n|\n|upkeep\n|\n|t:|1781402495\n|switch|p2a: Grafaiai|Grafaiai, L86, F|29/249\n|turn|26\n|\n|t:|1781402498\n|move|p2a: Grafaiai|Super Fang|p1a: Regirock|[miss]\n|-miss|p2a: Grafaiai|p1a: Regirock\n|move|p1a: Regirock|Body Press|p2a: Grafaiai\n|-damage|p2a: Grafaiai|0 fnt\n|faint|p2a: Grafaiai\n|\n|upkeep\n|-message|Addddlleyy forfeited.\n|\n|win|WhatEver2102\n", "inputlog": ">version a8376a258c1d4662feba110a92103f3664a72141\n>start {\"formatid\":\"gen9randombattle\",\"seed\":\"sodium,8251826b76f184e245f5eff3292d2e5b\",\"rated\":\"Rated battle\"}\n>player p1 {\"name\":\"WhatEver2102\",\"avatar\":\"juan\",\"rating\":2014,\"seed\":\"sodium,1b5f6f85dcfcbd49500457619e1e3cb2\"}\n>player p2 {\"name\":\"Addddlleyy\",\"avatar\":\"swimmer\",\"rating\":1983,\"seed\":\"sodium,558e1d0e56c2bdc2ebe89e6caa98bc3c\"}\n>p1 switch 6\n>p2 move swordsdance\n>p1 move leafblade\n>p2 switch 5\n>p1 switch 5\n>p2 move uturn\n>p2 switch 4\n>p1 switch 2\n>p2 move icebeam\n>p1 move bodyslam\n>p2 switch 6\n>p1 move bodyslam\n>p2 move stealthrock\n>p1 move bodyslam\n>p2 move psychicnoise\n>p1 move bodyslam\n>p2 move encore\n>p2 switch 2\n>p1 switch 4\n>p2 move knockoff\n>p1 move bulkup\n>p2 move flamecharge\n>p1 move bulkup\n>p2 move earthquake\n>p1 move ragingbull\n>p2 switch 6\n>p1 move closecombat\n>p2 move hydropump\n>p2 switch 5\n>p1 move ragingbull\n>p2 move earthquake\n>p1 switch 5\n>p1 move knockoff\n>p2 switch 4\n>p1 switch 2\n>p2 move superfang\n>p1 move rest\n>p2 move uturn\n>p2 switch 6\n>p1 move irondefense\n>p2 move sunsteelstrike\n>p1 move irondefense\n>p2 move sunsteelstrike\n>p1 move irondefense terastallize\n>p2 move sunsteelstrike\n>p1 move rest\n>p2 switch 3\n>p1 move bodypress\n>p2 move playrough\n>p1 move bodypress\n>p2 move playrough\n>p1 move bodypress\n>p2 move playrough\n>p1 move bodypress\n>p2 move playrough\n>p2 switch 6\n>p1 move bodypress\n>p2 move superfang\n>forcelose p2", "uploadtime": 1781402177, "views": 7, "formatid": "gen9randombattle", "rating": null, "private": 0, "password": null}