{"id": "gen9randombattle-2631615845", "format": "[Gen 9] Random Battle", "players": ["ultramouzer", "jsnsddk"], "log": "|j|\u2606ultramouzer\n|j|\u2606jsnsddk\n|t:|1781409309\n|gametype|singles\n|player|p1|ultramouzer|hilda|1951\n|player|p2|jsnsddk|2|1945\n|gen|9\n|tier|[Gen 9] Random Battle\n|rated|\n|rule|Species Clause: Limit one of each Pok\u00e9mon\n|rule|HP Percentage Mod: HP is shown in percentages\n|rule|Sleep Clause Mod: Limit one foe put to sleep\n|rule|Illusion Level Mod: Illusion disguises the Pok\u00e9mon's true level\n|\n|t:|1781409309\n|teamsize|p1|6\n|teamsize|p2|6\n|start\n|switch|p1a: Hawlucha|Hawlucha, L80, F|256/256\n|switch|p2a: Glaceon|Glaceon, L94, F|275/275\n|turn|1\n|inactive|Battle timer is ON: inactive players will automatically lose when time's up. (requested by jsnsddk)\n|\n|t:|1781409327\n|switch|p1a: Komala|Komala, L88, M|258/258\n|-ability|p1a: Komala|Comatose\n|move|p2a: Glaceon|Freeze-Dry|p1a: Komala\n|-damage|p1a: Komala|189/258\n|\n|upkeep\n|turn|2\n|\n|t:|1781409333\n|move|p2a: Glaceon|Protect|p2a: Glaceon\n|-singleturn|p2a: Glaceon|Protect\n|move|p1a: Komala|Knock Off|p2a: Glaceon\n|-activate|p2a: Glaceon|move: Protect\n|\n|upkeep\n|turn|3\n|\n|t:|1781409347\n|switch|p2a: Kingambit|Kingambit, L74, F|270/270\n|move|p1a: Komala|Knock Off|p2a: Kingambit\n|-resisted|p2a: Kingambit\n|-damage|p2a: Kingambit|231/270\n|-enditem|p2a: Kingambit|Leftovers|[from] move: Knock Off|[of] p1a: Komala\n|\n|upkeep\n|turn|4\n|\n|t:|1781409360\n|switch|p1a: Corviknight|Corviknight, L80, M|288/288\n|-ability|p1a: Corviknight|Pressure\n|-end|p2a: Kingambit|fallenundefined|[silent]\n|switch|p2a: Dragalge|Dragalge, L88, F|258/258\n|\n|upkeep\n|turn|5\n|\n|t:|1781409372\n|move|p1a: Corviknight|Brave Bird|p2a: Dragalge\n|-damage|p2a: Dragalge|164/258\n|-damage|p1a: Corviknight|257/288|[from] Recoil\n|move|p2a: Dragalge|Flip Turn|p1a: Corviknight\n|-damage|p1a: Corviknight|219/288\n|\n|t:|1781409388\n|switch|p2a: Glaceon|Glaceon, L94, F|275/275|[from] Flip Turn\n|\n|-heal|p1a: Corviknight|237/288|[from] item: Leftovers\n|upkeep\n|turn|6\n|\n|t:|1781409408\n|switch|p1a: Komala|Komala, L88, M|189/258\n|-ability|p1a: Komala|Comatose\n|move|p2a: Glaceon|Wish|p2a: Glaceon\n|\n|upkeep\n|turn|7\n|\n|t:|1781409420\n|switch|p2a: Dragalge|Dragalge, L88, F|164/258\n|move|p1a: Komala|Body Slam|p2a: Dragalge\n|-damage|p2a: Dragalge|59/258\n|\n|-heal|p2a: Dragalge|196/258|[from] move: Wish|[wisher] Glaceon\n|upkeep\n|turn|8\n|\n|t:|1781409431\n|move|p1a: Komala|Earthquake|p2a: Dragalge\n|-supereffective|p2a: Dragalge\n|-damage|p2a: Dragalge|22/258\n|move|p2a: Dragalge|Draco Meteor|p1a: Komala\n|-damage|p1a: Komala|19/258\n|-unboost|p2a: Dragalge|spa|2\n|\n|upkeep\n|turn|9\n|\n|t:|1781409460\n|move|p1a: Komala|Rapid Spin|p2a: Dragalge\n|-damage|p2a: Dragalge|0 fnt\n|-boost|p1a: Komala|spe|1\n|faint|p2a: Dragalge\n|\n|upkeep\n|inactive|jsnsddk has 120 seconds left.\n|\n|t:|1781409483\n|switch|p2a: Kingambit|Kingambit, L74, F|231/270\n|-activate|p2a: Kingambit|ability: Supreme Overlord\n|-start|p2a: Kingambit|fallen1|[silent]\n|turn|10\n|\n|t:|1781409488\n|switch|p1a: Corviknight|Corviknight, L80, M|237/288\n|-ability|p1a: Corviknight|Pressure\n|move|p2a: Kingambit|Sucker Punch||[still]\n|-fail|p2a: Kingambit\n|\n|-heal|p1a: Corviknight|255/288|[from] item: Leftovers\n|upkeep\n|turn|11\n|inactive|jsnsddk has 120 seconds left.\n|\n|t:|1781409499\n|-end|p2a: Kingambit|fallen1|[silent]\n|switch|p2a: Skeledirge|Skeledirge, L79, M|294/294\n|move|p1a: Corviknight|Body Press|p2a: Skeledirge\n|-immune|p2a: Skeledirge\n|\n|-heal|p1a: Corviknight|273/288|[from] item: Leftovers\n|upkeep\n|turn|12\n|inactive|jsnsddk has 120 seconds left.\n|\n|t:|1781409513\n|move|p1a: Corviknight|U-turn|p2a: Skeledirge\n|-resisted|p2a: Skeledirge\n|-damage|p2a: Skeledirge|284/294\n|\n|t:|1781409534\n|switch|p1a: Glimmora|Glimmora, L75, M|248/248|[from] U-turn\n|-item|p1a: Glimmora|Air Balloon\n|move|p2a: Skeledirge|Torch Song|p1a: Glimmora\n|-resisted|p1a: Glimmora\n|-damage|p1a: Glimmora|203/248\n|-boost|p2a: Skeledirge|spa|1\n|-enditem|p1a: Glimmora|Air Balloon\n|\n|upkeep\n|turn|13\n|inactive|jsnsddk has 120 seconds left.\n|inactive|jsnsddk has 90 seconds left.\n|inactive|jsnsddk has 60 seconds left.\n|\n|t:|1781409612\n|-terastallize|p2a: Skeledirge|Water\n|move|p1a: Glimmora|Spikes|p2a: Skeledirge\n|-sidestart|p2: jsnsddk|Spikes\n|move|p2a: Skeledirge|Flame Charge|p1a: Glimmora\n|-resisted|p1a: Glimmora\n|-damage|p1a: Glimmora|182/248\n|-boost|p2a: Skeledirge|spe|1\n|-activate|p1a: Glimmora|ability: Toxic Debris\n|-sidestart|p2: jsnsddk|move: Toxic Spikes\n|\n|upkeep\n|turn|14\n|inactive|jsnsddk has 60 seconds left.\n|inactive|ultramouzer has 120 seconds left.\n|\n|t:|1781409639\n|move|p2a: Skeledirge|Shadow Ball|p1a: Glimmora\n|-damage|p1a: Glimmora|26/248\n|move|p1a: Glimmora|Sludge Wave|p2a: Skeledirge\n|-damage|p2a: Skeledirge|151/294\n|\n|upkeep\n|turn|15\n|inactive|ultramouzer has 120 seconds left.\n|inactive|jsnsddk has 60 seconds left.\n|\n|t:|1781409657\n|move|p2a: Skeledirge|Torch Song|p1a: Glimmora\n|-resisted|p1a: Glimmora\n|-damage|p1a: Glimmora|0 fnt\n|-boost|p2a: Skeledirge|spa|1\n|faint|p1a: Glimmora\n|\n|upkeep\n|\n|t:|1781409674\n|switch|p1a: Sunflora|Sunflora, F|312/312\n|turn|16\n|inactive|jsnsddk has 60 seconds left.\n|\n|t:|1781409691\n|-terastallize|p1a: Sunflora|Fire\n|move|p2a: Skeledirge|Shadow Ball|p1a: Sunflora\n|-damage|p1a: Sunflora|158/312\n|-unboost|p1a: Sunflora|spd|1\n|move|p1a: Sunflora|Sunny Day|p1a: Sunflora\n|-weather|SunnyDay\n|\n|-weather|SunnyDay|[upkeep]\n|upkeep\n|turn|17\n|inactive|jsnsddk has 60 seconds left.\n|\n|t:|1781409725\n|switch|p2a: Mightyena|Mightyena, L96, M|290/290\n|-damage|p2a: Mightyena|254/290|[from] Spikes\n|-status|p2a: Mightyena|psn\n|-ability|p2a: Mightyena|Intimidate|boost\n|-unboost|p1a: Sunflora|atk|1\n|move|p1a: Sunflora|Solar Beam||[still]\n|-prepare|p1a: Sunflora|Solar Beam\n|-anim|p1a: Sunflora|Solar Beam|p2a: Mightyena\n|-damage|p2a: Mightyena|0 fnt\n|faint|p2a: Mightyena\n|-damage|p1a: Sunflora|127/312|[from] item: Life Orb\n|\n|-weather|SunnyDay|[upkeep]\n|upkeep\n|inactive|jsnsddk has 30 seconds left.\n|\n|t:|1781409740\n|switch|p2a: Kingambit|Kingambit, L74, F|231/270\n|-damage|p2a: Kingambit|198/270|[from] Spikes\n|-activate|p2a: Kingambit|ability: Supreme Overlord\n|-start|p2a: Kingambit|fallen2|[silent]\n|turn|18\n|inactive|ultramouzer has 120 seconds left.\n|inactive|jsnsddk has 30 seconds left.\n|inactive|ultramouzer has 90 seconds left.\n|\n|t:|1781409790\n|switch|p1a: Corviknight|Corviknight, L80, M|273/288\n|-ability|p1a: Corviknight|Pressure\n|move|p2a: Kingambit|Sucker Punch||[still]\n|-fail|p2a: Kingambit\n|\n|-weather|SunnyDay|[upkeep]\n|-heal|p1a: Corviknight|288/288|[from] item: Leftovers\n|upkeep\n|turn|19\n|inactive|ultramouzer has 90 seconds left.\n|inactive|jsnsddk has 30 seconds left.\n|\n|t:|1781409805\n|-end|p2a: Kingambit|fallen2|[silent]\n|switch|p2a: Tornadus|Tornadus-Therian, L79, M|254/254\n|move|p1a: Corviknight|U-turn|p2a: Tornadus\n|-resisted|p2a: Tornadus\n|-damage|p2a: Tornadus|230/254\n|\n|t:|1781409816\n|switch|p1a: Sunflora|Sunflora, F, tera:Fire|127/312|[from] U-turn\n|\n|-weather|SunnyDay|[upkeep]\n|upkeep\n|turn|20\n|\n|t:|1781409822\n|move|p2a: Tornadus|Bleakwind Storm|p1a: Sunflora\n|-damage|p1a: Sunflora|0 fnt\n|faint|p1a: Sunflora\n|\n|-weather|none\n|upkeep\n|\n|t:|1781409831\n|switch|p1a: Comfey|Comfey, L85, M|225/225\n|turn|21\n|\n|t:|1781409853\n|move|p2a: Tornadus|Bleakwind Storm|p1a: Comfey\n|-damage|p1a: Comfey|86/225\n|move|p1a: Comfey|Calm Mind|p1a: Comfey\n|-boost|p1a: Comfey|spa|1\n|-boost|p1a: Comfey|spd|1\n|\n|-heal|p1a: Comfey|100/225|[from] item: Leftovers\n|upkeep\n|turn|22\n|\n|t:|1781409863\n|switch|p2a: Kingambit|Kingambit, L74, F|198/270\n|-damage|p2a: Kingambit|165/270|[from] Spikes\n|-activate|p2a: Kingambit|ability: Supreme Overlord\n|-start|p2a: Kingambit|fallen2|[silent]\n|move|p1a: Comfey|Draining Kiss|p2a: Kingambit\n|-damage|p2a: Kingambit|87/270\n|-heal|p1a: Comfey|159/225|[from] drain|[of] p2a: Kingambit\n|\n|-heal|p1a: Comfey|173/225|[from] item: Leftovers\n|upkeep\n|turn|23\n|inactive|ultramouzer has 90 seconds left.\n|\n|t:|1781409883\n|move|p1a: Comfey|Draining Kiss|p2a: Kingambit\n|-damage|p2a: Kingambit|5/270\n|-heal|p1a: Comfey|225/225|[from] drain|[of] p2a: Kingambit\n|move|p2a: Kingambit|Iron Head|p1a: Comfey\n|-supereffective|p1a: Comfey\n|-damage|p1a: Comfey|39/225\n|\n|-heal|p1a: Comfey|53/225|[from] item: Leftovers\n|upkeep\n|turn|24\n|l|\u2606jsnsddk\n|inactive|jsnsddk disconnected and has a minute to reconnect!\n|player|p2|\n|inactive|jsnsddk has 30 seconds left.\n|j|\u2606jsnsddk\n|inactive|jsnsddk reconnected and has 30 seconds left.\n|player|p2|jsnsddk|2|\n|\n|t:|1781409910\n|move|p1a: Comfey|Draining Kiss|p2a: Kingambit\n|-damage|p2a: Kingambit|0 fnt\n|-heal|p1a: Comfey|57/225|[from] drain|[of] p2a: Kingambit\n|faint|p2a: Kingambit\n|-end|p2a: Kingambit|fallen2|[silent]\n|\n|-heal|p1a: Comfey|71/225|[from] item: Leftovers\n|upkeep\n|inactive|jsnsddk has 30 seconds left this turn.\n|inactive|jsnsddk has 20 seconds left.\n|\n|t:|1781409924\n|switch|p2a: Tornadus|Tornadus-Therian, L79, M|254/254\n|turn|25\n|inactive|jsnsddk has 30 seconds left this turn.\n|\n|t:|1781409929\n|move|p1a: Comfey|Draining Kiss|p2a: Tornadus\n|-damage|p2a: Tornadus|181/254\n|-heal|p1a: Comfey|126/225|[from] drain|[of] p2a: Tornadus\n|move|p2a: Tornadus|Bleakwind Storm|p1a: Comfey\n|-damage|p1a: Comfey|35/225\n|\n|-heal|p1a: Comfey|49/225|[from] item: Leftovers\n|upkeep\n|turn|26\n|\n|t:|1781409936\n|move|p1a: Comfey|Draining Kiss|p2a: Tornadus\n|-damage|p2a: Tornadus|108/254\n|-heal|p1a: Comfey|104/225|[from] drain|[of] p2a: Tornadus\n|move|p2a: Tornadus|Bleakwind Storm|p1a: Comfey\n|-damage|p1a: Comfey|23/225\n|\n|-heal|p1a: Comfey|37/225|[from] item: Leftovers\n|upkeep\n|turn|27\n|inactive|ultramouzer has 120 seconds left.\n|\n|t:|1781409944\n|move|p1a: Comfey|Draining Kiss|p2a: Tornadus\n|-damage|p2a: Tornadus|35/254\n|-heal|p1a: Comfey|92/225|[from] drain|[of] p2a: Tornadus\n|move|p2a: Tornadus|Bleakwind Storm|p1a: Comfey\n|-damage|p1a: Comfey|7/225\n|-unboost|p1a: Comfey|spe|1\n|\n|-heal|p1a: Comfey|21/225|[from] item: Leftovers\n|upkeep\n|turn|28\n|inactive|jsnsddk has 30 seconds left.\n|\n|t:|1781409976\n|switch|p2a: Glaceon|Glaceon, L94, F|275/275\n|move|p1a: Comfey|Draining Kiss|p2a: Glaceon\n|-damage|p2a: Glaceon|217/275\n|-heal|p1a: Comfey|65/225|[from] drain|[of] p2a: Glaceon\n|\n|-heal|p1a: Comfey|79/225|[from] item: Leftovers\n|upkeep\n|turn|29\n|inactive|jsnsddk has 30 seconds left.\n|\n|t:|1781409991\n|move|p2a: Glaceon|Freeze-Dry|p1a: Comfey\n|-damage|p1a: Comfey|16/225\n|move|p1a: Comfey|Calm Mind|p1a: Comfey\n|-boost|p1a: Comfey|spa|1\n|-boost|p1a: Comfey|spd|1\n|\n|-heal|p1a: Comfey|30/225|[from] item: Leftovers\n|upkeep\n|turn|30\n|\n|t:|1781409996\n|move|p1a: Comfey|Draining Kiss|p2a: Glaceon\n|-damage|p2a: Glaceon|141/275\n|-heal|p1a: Comfey|87/225|[from] drain|[of] p2a: Glaceon\n|move|p2a: Glaceon|Freeze-Dry|p1a: Comfey\n|-damage|p1a: Comfey|41/225\n|\n|-heal|p1a: Comfey|55/225|[from] item: Leftovers\n|upkeep\n|turn|31\n|\n|t:|1781410003\n|move|p1a: Comfey|Draining Kiss|p2a: Glaceon\n|-damage|p2a: Glaceon|63/275\n|-heal|p1a: Comfey|114/225|[from] drain|[of] p2a: Glaceon\n|move|p2a: Glaceon|Freeze-Dry|p1a: Comfey\n|-damage|p1a: Comfey|65/225\n|\n|-heal|p1a: Comfey|79/225|[from] item: Leftovers\n|upkeep\n|turn|32\n|\n|t:|1781410009\n|move|p1a: Comfey|Draining Kiss|p2a: Glaceon\n|-damage|p2a: Glaceon|0 fnt\n|-heal|p1a: Comfey|126/225|[from] drain|[of] p2a: Glaceon\n|faint|p2a: Glaceon\n|\n|-heal|p1a: Comfey|140/225|[from] item: Leftovers\n|upkeep\n|\n|t:|1781410014\n|switch|p2a: Skeledirge|Skeledirge, L79, M, tera:Water|151/294\n|turn|33\n|inactive|jsnsddk has 60 seconds left.\n|\n|t:|1781410024\n|move|p1a: Comfey|Giga Drain|p2a: Skeledirge\n|-supereffective|p2a: Skeledirge\n|-crit|p2a: Skeledirge\n|-damage|p2a: Skeledirge|0 fnt\n|-heal|p1a: Comfey|216/225|[from] drain|[of] p2a: Skeledirge\n|faint|p2a: Skeledirge\n|\n|-heal|p1a: Comfey|225/225|[from] item: Leftovers\n|upkeep\n|\n|t:|1781410028\n|switch|p2a: Tornadus|Tornadus-Therian, L79, M|119/254\n|turn|34\n|l|\u2606jsnsddk\n|inactive|jsnsddk disconnected and has a minute to reconnect!\n|player|p2|\n|inactive|ultramouzer has 120 seconds left.\n|\n|t:|1781410065\n|move|p1a: Comfey|Draining Kiss|p2a: Tornadus\n|-damage|p2a: Tornadus|20/254\n|move|p2a: Tornadus|Bleakwind Storm|p1a: Comfey|[miss]\n|-miss|p2a: Tornadus|p1a: Comfey\n|\n|upkeep\n|turn|35\n|inactive|ultramouzer has 120 seconds left.\n|inactive|jsnsddk has 30 seconds to reconnect!\n|inactive|jsnsddk has 20 seconds to reconnect!\n|inactive|jsnsddk has 15 seconds to reconnect!\n|inactive|jsnsddk has 10 seconds to reconnect!\n|inactive|jsnsddk has 5 seconds to reconnect!\n|j|\u2606jsnsddk\n|inactive|jsnsddk reconnected and has 30 seconds left.\n|player|p2|jsnsddk|2|\n|\n|t:|1781410127\n|move|p1a: Comfey|Draining Kiss|p2a: Tornadus\n|-damage|p2a: Tornadus|0 fnt\n|faint|p2a: Tornadus\n|\n|win|ultramouzer\n", "inputlog": ">version a8376a258c1d4662feba110a92103f3664a72141\n>start {\"formatid\":\"gen9randombattle\",\"seed\":\"sodium,c27507324cc8b7b6473a0790bb74cd1e\",\"rated\":\"Rated battle\"}\n>player p1 {\"name\":\"ultramouzer\",\"avatar\":\"hilda\",\"rating\":1951,\"seed\":\"sodium,2d9fabba0140ddb6856fbe3f5b57e44b\"}\n>player p2 {\"name\":\"jsnsddk\",\"avatar\":\"2\",\"rating\":1945,\"seed\":\"sodium,20ba76ca22ac55e9ffbae686856e756d\"}\n>p1 switch 3\n>p2 move freezedry\n>p1 move knockoff\n>p2 move protect\n>p1 move knockoff\n>p2 switch 5\n>p1 switch 5\n>p2 switch 4\n>p1 move bravebird\n>p2 move flipturn\n>p2 switch 5\n>p1 switch 5\n>p2 move wish\n>p1 move bodyslam\n>p2 switch 5\n>p1 move earthquake\n>p2 move dracometeor\n>p1 move rapidspin\n>p2 move dracometeor\n>p2 switch 4\n>p1 switch 5\n>p2 move suckerpunch\n>p1 move bodypress\n>p2 switch 3\n>p1 move uturn\n>p2 move torchsong\n>p1 switch 2\n>p1 move spikes\n>p2 move flamecharge terastallize\n>p1 move sludgewave\n>p2 move shadowball\n>p1 move sludgewave\n>p2 move torchsong\n>p1 switch 4\n>p1 move sunnyday terastallize\n>p2 move shadowball\n>p1 move solarbeam\n>p2 switch 2\n>p2 switch 3\n>p1 switch 2\n>p2 move suckerpunch\n>p1 move uturn\n>p2 switch 6\n>p1 switch 2\n>p1 move weatherball\n>p2 move bleakwindstorm\n>p1 switch 6\n>p1 move calmmind\n>p2 move bleakwindstorm\n>p1 move drainingkiss\n>p2 switch 6\n>p1 move drainingkiss\n>p2 move ironhead\n>p1 move drainingkiss\n>p2 move ironhead\n>p2 switch 6\n>p1 move drainingkiss\n>p2 move bleakwindstorm\n>p1 move drainingkiss\n>p2 move bleakwindstorm\n>p1 move drainingkiss\n>p2 move bleakwindstorm\n>p1 move drainingkiss\n>p2 switch 5\n>p1 move calmmind\n>p2 move freezedry\n>p1 move drainingkiss\n>p2 move freezedry\n>p1 move drainingkiss\n>p2 move freezedry\n>p1 move drainingkiss\n>p2 move freezedry\n>p2 switch 2\n>p1 move gigadrain\n>p2 move slackoff\n>p2 switch 5\n>p1 move drainingkiss\n>p2 move bleakwindstorm\n>p1 move drainingkiss\n>p2 move bleakwindstorm", "uploadtime": 1781409311, "views": 5, "formatid": "gen9randombattle", "rating": null, "private": 0, "password": null}