{"id": "gen9randombattle-2631961423", "format": "[Gen 9] Random Battle", "players": ["oddishlover4", "prajkundi"], "log": "|badge|p1|bronze|gen9randombattle|100-9\n|badge|p1|bronze|gen9ou|100-9\n|uhtml|medal-msg|<div class=\"broadcast-blue\">Curious what those medals under the avatar are? PS now has Ladder Seasons! For more information, check out the <a href=\"https://www.smogon.com/forums/threads/3740067/\">thread on Smogon.</a></div>\n|badge|p2|silver|gen9randombattle|30-9\n|uhtml|medal-msg|<div class=\"broadcast-blue\">Curious what those medals under the avatar are? PS now has Ladder Seasons! For more information, check out the <a href=\"https://www.smogon.com/forums/threads/3740067/\">thread on Smogon.</a></div>\n|j|\u2606oddishlover4\n|j|\u2606prajkundi\n|t:|1781460253\n|gametype|singles\n|player|p1|oddishlover4|266|2354\n|player|p2|prajkundi|red|2389\n|gen|9\n|tier|[Gen 9] Random Battle\n|rated|\n|rule|Species Clause: Limit one of each Pok\u00e9mon\n|rule|HP Percentage Mod: HP is shown in percentages\n|rule|Sleep Clause Mod: Limit one foe put to sleep\n|rule|Illusion Level Mod: Illusion disguises the Pok\u00e9mon's true level\n|\n|t:|1781460253\n|teamsize|p1|6\n|teamsize|p2|6\n|start\n|switch|p1a: Iron Crown|Iron Crown, L78|268/268\n|switch|p2a: Glimmora|Glimmora, L75, M|248/248\n|turn|1\n|inactive|Battle timer is ON: inactive players will automatically lose when time's up. (requested by prajkundi)\n|\n|t:|1781460271\n|switch|p2a: Mandibuzz|Mandibuzz, L85, F|326/326\n|move|p1a: Iron Crown|Tachyon Cutter|p2a: Mandibuzz\n|-damage|p2a: Mandibuzz|241/326\n|-damage|p2a: Mandibuzz|157/326\n|-hitcount|p2a: Mandibuzz|2\n|\n|upkeep\n|turn|2\n|c|\u2606oddishlover4|gl/hf!\n|inactive|oddishlover4 also wants the timer to be on.\n|\n|t:|1781460288\n|switch|p2a: Milotic|Milotic, L83, M|293/293\n|move|p1a: Iron Crown|Tachyon Cutter|p2a: Milotic\n|-resisted|p2a: Milotic\n|-damage|p2a: Milotic|261/293\n|-resisted|p2a: Milotic\n|-damage|p2a: Milotic|228/293\n|-hitcount|p2a: Milotic|2\n|\n|-heal|p2a: Milotic|246/293|[from] item: Leftovers\n|upkeep\n|turn|3\n|\n|t:|1781460308\n|-end|p1a: Iron Crown|Quark Drive|[silent]\n|switch|p1a: Lapras|Lapras, L87, F|367/367\n|switch|p2a: Glimmora|Glimmora, L75, M|248/248\n|\n|upkeep\n|turn|4\n|\n|t:|1781460326\n|switch|p1a: Iron Crown|Iron Crown, L78|268/268\n|move|p2a: Glimmora|Meteor Beam||[still]\n|-prepare|p2a: Glimmora|Meteor Beam\n|-boost|p2a: Glimmora|spa|1\n|-enditem|p2a: Glimmora|Power Herb\n|-anim|p2a: Glimmora|Meteor Beam|p1a: Iron Crown\n|-resisted|p1a: Iron Crown\n|-damage|p1a: Iron Crown|173/268\n|\n|upkeep\n|turn|5\n|inactive|oddishlover4 has 120 seconds left.\n|\n|t:|1781460344\n|-terastallize|p2a: Glimmora|Grass\n|move|p1a: Iron Crown|Tachyon Cutter|p2a: Glimmora\n|-damage|p2a: Glimmora|151/248\n|-damage|p2a: Glimmora|52/248\n|-hitcount|p2a: Glimmora|2\n|move|p2a: Glimmora|Earth Power|p1a: Iron Crown\n|-supereffective|p1a: Iron Crown\n|-damage|p1a: Iron Crown|5/268\n|-unboost|p1a: Iron Crown|spd|1\n|\n|upkeep\n|turn|6\n|inactive|oddishlover4 has 120 seconds left.\n|\n|t:|1781460362\n|switch|p2a: Milotic|Milotic, L83, M|246/293\n|move|p1a: Iron Crown|Tachyon Cutter|p2a: Milotic\n|-resisted|p2a: Milotic\n|-damage|p2a: Milotic|216/293\n|-resisted|p2a: Milotic\n|-damage|p2a: Milotic|184/293\n|-hitcount|p2a: Milotic|2\n|\n|-heal|p2a: Milotic|202/293|[from] item: Leftovers\n|upkeep\n|turn|7\n|inactive|oddishlover4 has 120 seconds left.\n|\n|t:|1781460380\n|-end|p1a: Iron Crown|Quark Drive|[silent]\n|switch|p1a: Lapras|Lapras, L87, F|367/367\n|move|p2a: Milotic|Ice Beam|p1a: Lapras\n|-resisted|p1a: Lapras\n|-damage|p1a: Lapras|353/367\n|\n|-heal|p2a: Milotic|220/293|[from] item: Leftovers\n|upkeep\n|turn|8\n|\n|t:|1781460398\n|switch|p2a: Tinkaton|Tinkaton, L82, F|274/274\n|-ability|p2a: Tinkaton|Mold Breaker\n|move|p1a: Lapras|Freeze-Dry|p2a: Tinkaton\n|-resisted|p2a: Tinkaton\n|-crit|p2a: Tinkaton\n|-damage|p2a: Tinkaton|197/274\n|-status|p2a: Tinkaton|frz\n|\n|-heal|p2a: Tinkaton|214/274 frz|[from] item: Leftovers\n|upkeep\n|turn|9\n|\n|t:|1781460417\n|switch|p1a: Lurantis|Lurantis, L87, M|264/264\n|cant|p2a: Tinkaton|frz\n|\n|-heal|p2a: Tinkaton|231/274 frz|[from] item: Leftovers\n|upkeep\n|turn|10\n|inactive|prajkundi has 120 seconds left.\n|\n|t:|1781460449\n|switch|p2a: Mandibuzz|Mandibuzz, L85, F|157/326\n|move|p1a: Lurantis|Leaf Storm|p2a: Mandibuzz\n|-resisted|p2a: Mandibuzz\n|-damage|p2a: Mandibuzz|103/326\n|-boost|p1a: Lurantis|spa|2\n|\n|upkeep\n|turn|11\n|inactive|oddishlover4 has 90 seconds left.\n|\n|t:|1781460466\n|-terastallize|p1a: Lurantis|Fighting\n|move|p2a: Mandibuzz|Brave Bird|p1a: Lurantis\n|-supereffective|p1a: Lurantis\n|-damage|p1a: Lurantis|72/264\n|-damage|p2a: Mandibuzz|40/326|[from] Recoil\n|move|p1a: Lurantis|Superpower|p2a: Mandibuzz\n|-damage|p2a: Mandibuzz|0 fnt\n|-boost|p1a: Lurantis|atk|1\n|-boost|p1a: Lurantis|def|1\n|faint|p2a: Mandibuzz\n|\n|upkeep\n|inactive|prajkundi has 120 seconds left.\n|inactive|prajkundi has 90 seconds left.\n|\n|t:|1781460511\n|switch|p2a: Glimmora|Glimmora, L75, M, tera:Grass|52/248\n|turn|12\n|inactive|oddishlover4 has 90 seconds left.\n|\n|t:|1781460530\n|move|p2a: Glimmora|Energy Ball|p1a: Lurantis\n|-damage|p1a: Lurantis|12/264\n|move|p1a: Lurantis|Leaf Storm|p2a: Glimmora\n|-resisted|p2a: Glimmora\n|-damage|p2a: Glimmora|0 fnt\n|-boost|p1a: Lurantis|spa|2\n|faint|p2a: Glimmora\n|\n|upkeep\n|inactive|prajkundi has 90 seconds left.\n|\n|t:|1781460542\n|switch|p2a: Sceptile|Sceptile, L87, F|264/264\n|turn|13\n|inactive|oddishlover4 has 90 seconds left.\n|\n|t:|1781460560\n|move|p2a: Sceptile|Giga Drain|p1a: Lurantis\n|-damage|p1a: Lurantis|0 fnt\n|faint|p1a: Lurantis\n|-damage|p2a: Sceptile|238/264|[from] item: Life Orb\n|\n|upkeep\n|inactive|oddishlover4 has 90 seconds left.\n|\n|t:|1781460578\n|switch|p1a: Lapras|Lapras, L87, F|353/367\n|turn|14\n|\n|t:|1781460598\n|switch|p2a: Tinkaton|Tinkaton, L82, F|231/274 frz\n|-ability|p2a: Tinkaton|Mold Breaker\n|move|p1a: Lapras|Ice Beam|p2a: Tinkaton\n|-resisted|p2a: Tinkaton\n|-damage|p2a: Tinkaton|173/274 frz\n|\n|-heal|p2a: Tinkaton|190/274 frz|[from] item: Leftovers\n|upkeep\n|turn|15\n|\n|t:|1781460616\n|switch|p1a: Golurk|Golurk, L87|297/297\n|cant|p2a: Tinkaton|frz\n|\n|-heal|p2a: Tinkaton|207/274 frz|[from] item: Leftovers\n|upkeep\n|turn|16\n|inactive|prajkundi has 120 seconds left.\n|\n|t:|1781460634\n|cant|p2a: Tinkaton|frz\n|move|p1a: Golurk|Stealth Rock|p2a: Tinkaton\n|-sidestart|p2: prajkundi|move: Stealth Rock\n|\n|-heal|p2a: Tinkaton|224/274 frz|[from] item: Leftovers\n|upkeep\n|turn|17\n|inactive|oddishlover4 has 60 seconds left.\n|\n|t:|1781460653\n|cant|p2a: Tinkaton|frz\n|move|p1a: Golurk|Poltergeist|p2a: Tinkaton\n|-activate|p2a: Tinkaton|move: Poltergeist|Leftovers\n|-damage|p2a: Tinkaton|2/274 frz\n|-damage|p1a: Golurk|268/297|[from] item: Life Orb\n|\n|-heal|p2a: Tinkaton|19/274 frz|[from] item: Leftovers\n|upkeep\n|turn|18\n|inactive|oddishlover4 has 60 seconds left.\n|\n|t:|1781460671\n|switch|p1a: Zacian|Zacian-Crowned, L64|225/225\n|-ability|p1a: Zacian|Intrepid Sword|boost\n|-boost|p1a: Zacian|atk|1\n|-curestatus|p2a: Tinkaton|frz|[msg]\n|move|p2a: Tinkaton|Stealth Rock|p1a: Zacian\n|-sidestart|p1: oddishlover4|move: Stealth Rock\n|\n|-heal|p2a: Tinkaton|36/274|[from] item: Leftovers\n|upkeep\n|turn|19\n|inactive|oddishlover4 has 60 seconds left.\n|\n|t:|1781460691\n|move|p1a: Zacian|Behemoth Blade|p2a: Tinkaton\n|-damage|p2a: Tinkaton|0 fnt\n|faint|p2a: Tinkaton\n|\n|upkeep\n|inactive|prajkundi has 120 seconds left.\n|\n|t:|1781460717\n|switch|p2a: Milotic|Milotic, L83, M|220/293\n|-damage|p2a: Milotic|184/293|[from] Stealth Rock\n|turn|20\n|inactive|oddishlover4 has 60 seconds left.\n|inactive|prajkundi has 120 seconds left.\n|\n|t:|1781460735\n|move|p1a: Zacian|Swords Dance|p1a: Zacian\n|-boost|p1a: Zacian|atk|2\n|move|p2a: Milotic|Recover|p2a: Milotic\n|-heal|p2a: Milotic|293/293\n|\n|upkeep\n|turn|21\n|\n|t:|1781460753\n|move|p1a: Zacian|Play Rough|p2a: Milotic\n|-damage|p2a: Milotic|85/293\n|move|p2a: Milotic|Haze|p2a: Milotic\n|-clearallboost\n|\n|-heal|p2a: Milotic|103/293|[from] item: Leftovers\n|upkeep\n|turn|22\n|\n|t:|1781460762\n|switch|p1a: Lapras|Lapras, L87, F|353/367\n|-damage|p1a: Lapras|262/367|[from] Stealth Rock\n|move|p2a: Milotic|Recover|p2a: Milotic\n|-heal|p2a: Milotic|250/293\n|\n|-heal|p2a: Milotic|268/293|[from] item: Leftovers\n|upkeep\n|turn|23\n|j| Ultra7998\n|\n|t:|1781460775\n|move|p2a: Milotic|Ice Beam|p1a: Lapras\n|-resisted|p1a: Lapras\n|-damage|p1a: Lapras|247/367\n|move|p1a: Lapras|Freeze-Dry|p2a: Milotic\n|-supereffective|p2a: Milotic\n|-damage|p2a: Milotic|112/293\n|-status|p2a: Milotic|frz\n|\n|-heal|p2a: Milotic|130/293 frz|[from] item: Leftovers\n|upkeep\n|turn|24\n|inactive|oddishlover4 has 60 seconds left.\n|\n|t:|1781460784\n|cant|p2a: Milotic|frz\n|move|p1a: Lapras|Freeze-Dry|p2a: Milotic\n|-supereffective|p2a: Milotic\n|-damage|p2a: Milotic|0 fnt\n|faint|p2a: Milotic\n|\n|upkeep\n|\n|t:|1781460787\n|switch|p2a: Sceptile|Sceptile, L87, F|238/264\n|-damage|p2a: Sceptile|205/264|[from] Stealth Rock\n|turn|25\n|c|\u2606oddishlover4|Sorry :(\n|inactive|oddishlover4 has 60 seconds left.\n|\n|t:|1781460804\n|move|p2a: Sceptile|Giga Drain|p1a: Lapras\n|-supereffective|p1a: Lapras\n|-damage|p1a: Lapras|18/367\n|-heal|p2a: Sceptile|264/264|[from] drain|[of] p1a: Lapras\n|-damage|p2a: Sceptile|238/264|[from] item: Life Orb\n|move|p1a: Lapras|Freeze-Dry|p2a: Sceptile\n|-supereffective|p2a: Sceptile\n|-damage|p2a: Sceptile|28/264\n|\n|upkeep\n|turn|26\n|inactive|oddishlover4 has 60 seconds left.\n|\n|t:|1781460819\n|move|p2a: Sceptile|Giga Drain|p1a: Lapras\n|-supereffective|p1a: Lapras\n|-damage|p1a: Lapras|0 fnt\n|-heal|p2a: Sceptile|37/264|[from] drain|[of] p1a: Lapras\n|faint|p1a: Lapras\n|-damage|p2a: Sceptile|11/264|[from] item: Life Orb\n|\n|upkeep\n|\n|t:|1781460834\n|switch|p1a: Zacian|Zacian-Crowned, L64|225/225\n|-damage|p1a: Zacian|211/225|[from] Stealth Rock\n|turn|27\n|\n|t:|1781460842\n|move|p2a: Sceptile|Earthquake|p1a: Zacian\n|-supereffective|p1a: Zacian\n|-damage|p1a: Zacian|34/225\n|-damage|p2a: Sceptile|0 fnt|[from] item: Life Orb\n|faint|p2a: Sceptile\n|move|p1a: Zacian|Behemoth Blade|p2: Sceptile|[notarget]\n|-fail|p1a: Zacian\n|\n|upkeep\n|\n|t:|1781460844\n|switch|p2a: Flapple|Flapple, L88, M|266/266\n|-damage|p2a: Flapple|233/266|[from] Stealth Rock\n|turn|28\n|inactive|oddishlover4 has 60 seconds left.\n|\n|t:|1781460851\n|move|p1a: Zacian|Play Rough|p2a: Flapple\n|-supereffective|p2a: Flapple\n|-damage|p2a: Flapple|59/266\n|move|p2a: Flapple|Dragon Dance|p2a: Flapple\n|-boost|p2a: Flapple|atk|1\n|-boost|p2a: Flapple|spe|1\n|\n|upkeep\n|turn|29\n|l| Ultra7998\n|inactive|oddishlover4 has 60 seconds left.\n|\n|t:|1781460862\n|move|p2a: Flapple|Grav Apple|p1a: Zacian|[miss]\n|-miss|p2a: Flapple|p1a: Zacian\n|move|p1a: Zacian|Play Rough|p2a: Flapple\n|-supereffective|p2a: Flapple\n|-damage|p2a: Flapple|0 fnt\n|faint|p2a: Flapple\n|\n|win|oddishlover4\n|raw|oddishlover4's rating: 2354 &rarr; <strong>2376</strong><br />(+22 for winning)\n|raw|prajkundi's rating: 2389 &rarr; <strong>2367</strong><br />(-22 for losing)\n|l|\u2606prajkundi\n|player|p2|\n|c|\u2606oddishlover4|GG!\n", "inputlog": ">version a8376a258c1d4662feba110a92103f3664a72141\n>start {\"formatid\":\"gen9randombattle\",\"seed\":\"sodium,3ffdaecc92d17d6be0438d73a56b46a0\",\"rated\":\"Rated battle\"}\n>player p1 {\"name\":\"oddishlover4\",\"avatar\":\"266\",\"rating\":2354,\"seed\":\"sodium,0c6db1ef8ccfd5ca8116b0a49893e07d\"}\n>player p2 {\"name\":\"prajkundi\",\"avatar\":\"red\",\"rating\":2389,\"seed\":\"sodium,46bf83440b1bb1c4c04fe0b6d783358c\"}\n>p1 move tachyoncutter\n>p2 switch 5\n>chat \u2606oddishlover4|gl/hf!\n>p1 move tachyoncutter\n>p2 switch 6\n>p1 switch 6\n>p2 switch 5\n>p1 switch 6\n>p2 move meteorbeam\n>p1 move tachyoncutter\n>p2 move earthpower terastallize\n>p1 move tachyoncutter\n>p2 switch 5\n>p1 switch 6\n>p2 move icebeam\n>p1 move freezedry\n>p2 switch 3\n>p1 switch 2\n>p2 move stealthrock\n>p1 move leafstorm\n>p2 switch 6\n>p1 move superpower terastallize\n>p2 move bravebird\n>p2 switch 5\n>p1 move leafstorm\n>p2 move energyball\n>p2 switch 2\n>p1 move leechlife\n>p2 move gigadrain\n>p1 switch 2\n>p1 move icebeam\n>p2 switch 6\n>p1 switch 3\n>p2 move stealthrock\n>p1 move stealthrock\n>p2 move stealthrock\n>p1 move poltergeist\n>p2 move encore\n>p1 switch 5\n>p2 move stealthrock\n>p1 move behemothblade\n>p2 move encore\n>p2 switch 3\n>p1 move swordsdance\n>p2 move recover\n>p1 move playrough\n>p2 move haze\n>p1 switch 3\n>p2 move recover\n>p1 move freezedry\n>p2 move icebeam\n>p1 move freezedry\n>p2 move icebeam\n>p2 switch 6\n>chat \u2606oddishlover4|Sorry :(\n>p1 move freezedry\n>p2 move gigadrain\n>p1 move freezedry\n>p2 move gigadrain\n>p1 switch 3\n>p1 move behemothblade\n>p2 move earthquake\n>p2 switch 4\n>p1 move playrough\n>p2 move dragondance\n>p1 move playrough\n>p2 move gravapple", "uploadtime": 1781460255, "views": 13, "formatid": "gen9randombattle", "rating": 2367, "private": 0, "password": null}