{"id": "gen9randombattle-2631883499", "format": "[Gen 9] Random Battle", "players": ["antibeato", "ZannaBianca99"], "log": "|j|\u2606antibeato\n|j|\u2606ZannaBianca99\n|t:|1781451757\n|gametype|singles\n|player|p1|antibeato|266|1998\n|player|p2|ZannaBianca99|102|2037\n|gen|9\n|tier|[Gen 9] Random Battle\n|rated|\n|rule|Species Clause: Limit one of each Pok\u00e9mon\n|rule|HP Percentage Mod: HP is shown in percentages\n|rule|Sleep Clause Mod: Limit one foe put to sleep\n|rule|Illusion Level Mod: Illusion disguises the Pok\u00e9mon's true level\n|\n|t:|1781451757\n|teamsize|p1|6\n|teamsize|p2|6\n|start\n|switch|p1a: Miraidon|Miraidon, L65|238/238\n|switch|p2a: Staraptor|Staraptor, L79, M|263/263\n|-fieldstart|move: Electric Terrain|[from] ability: Hadron Engine|[of] p1a: Miraidon\n|turn|1\n|inactive|Battle timer is ON: inactive players will automatically lose when time's up. (requested by antibeato)\n|\n|t:|1781451770\n|switch|p2a: Gumshoos|Gumshoos, L95, F|321/321\n|move|p1a: Miraidon|Calm Mind|p1a: Miraidon\n|-boost|p1a: Miraidon|spa|1\n|-boost|p1a: Miraidon|spd|1\n|\n|upkeep\n|turn|2\n|\n|t:|1781451777\n|move|p1a: Miraidon|Draco Meteor|p2a: Gumshoos\n|-damage|p2a: Gumshoos|9/321\n|-unboost|p1a: Miraidon|spa|2\n|-damage|p1a: Miraidon|215/238|[from] item: Life Orb\n|move|p2a: Gumshoos|Earthquake|p1a: Miraidon\n|-supereffective|p1a: Miraidon\n|-damage|p1a: Miraidon|0 fnt\n|faint|p1a: Miraidon\n|\n|upkeep\n|\n|t:|1781451783\n|switch|p1a: Spectrier|Spectrier, L75|274/274\n|turn|3\n|\n|t:|1781451790\n|switch|p2a: Staraptor|Staraptor, L79, M|263/263\n|move|p1a: Spectrier|Tera Blast|p2a: Staraptor\n|-damage|p2a: Staraptor|147/263\n|-damage|p1a: Spectrier|247/274|[from] item: Life Orb\n|\n|upkeep\n|turn|4\n|\n|t:|1781451797\n|move|p1a: Spectrier|Will-O-Wisp|p2a: Staraptor\n|-status|p2a: Staraptor|brn\n|move|p2a: Staraptor|Brave Bird|p1a: Spectrier\n|-damage|p1a: Spectrier|71/274\n|-damage|p2a: Staraptor|89/263 brn|[from] Recoil\n|\n|-damage|p2a: Staraptor|73/263 brn|[from] brn\n|upkeep\n|turn|5\n|\n|t:|1781451821\n|switch|p2a: Clawitzer|Clawitzer, L87, M|265/265\n|move|p1a: Spectrier|Tera Blast|p2a: Clawitzer\n|-damage|p2a: Clawitzer|190/265\n|-damage|p1a: Spectrier|44/274|[from] item: Life Orb\n|\n|-fieldend|move: Electric Terrain\n|upkeep\n|turn|6\n|\n|t:|1781451828\n|move|p1a: Spectrier|Shadow Ball|p2a: Clawitzer\n|-damage|p2a: Clawitzer|60/265\n|-unboost|p2a: Clawitzer|spd|1\n|-damage|p1a: Spectrier|17/274|[from] item: Life Orb\n|move|p2a: Clawitzer|Dragon Pulse|p1a: Spectrier\n|-damage|p1a: Spectrier|0 fnt\n|faint|p1a: Spectrier\n|\n|upkeep\n|\n|t:|1781451833\n|switch|p1a: Regieleki|Regieleki, L79|256/256\n|turn|7\n|\n|t:|1781451837\n|switch|p2a: Gumshoos|Gumshoos, L95, F|9/321\n|move|p1a: Regieleki|Volt Switch|p2a: Gumshoos\n|-damage|p2a: Gumshoos|0 fnt\n|faint|p2a: Gumshoos\n|\n|t:|1781451843\n|switch|p1a: Misdreavus|Misdreavus, L90, F|254/254|[from] Volt Switch\n|\n|upkeep\n|\n|t:|1781451865\n|switch|p2a: Arceus|Arceus-Fighting, L70|284/284\n|turn|8\n|\n|t:|1781451870\n|move|p2a: Arceus|Cosmic Power|p2a: Arceus\n|-boost|p2a: Arceus|def|1\n|-boost|p2a: Arceus|spd|1\n|move|p1a: Misdreavus|Will-O-Wisp|p2a: Arceus\n|-status|p2a: Arceus|brn\n|\n|-damage|p2a: Arceus|267/284 brn|[from] brn\n|upkeep\n|turn|9\n|\n|t:|1781451878\n|move|p2a: Arceus|Cosmic Power|p2a: Arceus\n|-boost|p2a: Arceus|def|1\n|-boost|p2a: Arceus|spd|1\n|move|p1a: Misdreavus|Calm Mind|p1a: Misdreavus\n|-boost|p1a: Misdreavus|spa|1\n|-boost|p1a: Misdreavus|spd|1\n|\n|-damage|p2a: Arceus|250/284 brn|[from] brn\n|upkeep\n|turn|10\n|\n|t:|1781451883\n|move|p2a: Arceus|Cosmic Power|p2a: Arceus\n|-boost|p2a: Arceus|def|1\n|-boost|p2a: Arceus|spd|1\n|move|p1a: Misdreavus|Calm Mind|p1a: Misdreavus\n|-boost|p1a: Misdreavus|spa|1\n|-boost|p1a: Misdreavus|spd|1\n|\n|-damage|p2a: Arceus|233/284 brn|[from] brn\n|upkeep\n|turn|11\n|\n|t:|1781451887\n|-terastallize|p2a: Arceus|Steel\n|move|p2a: Arceus|Cosmic Power|p2a: Arceus\n|-boost|p2a: Arceus|def|1\n|-boost|p2a: Arceus|spd|1\n|move|p1a: Misdreavus|Calm Mind|p1a: Misdreavus\n|-boost|p1a: Misdreavus|spa|1\n|-boost|p1a: Misdreavus|spd|1\n|\n|-damage|p2a: Arceus|216/284 brn|[from] brn\n|upkeep\n|turn|12\n|\n|t:|1781451897\n|move|p2a: Arceus|Cosmic Power|p2a: Arceus\n|-boost|p2a: Arceus|def|1\n|-boost|p2a: Arceus|spd|1\n|move|p1a: Misdreavus|Shadow Ball|p2a: Arceus\n|-damage|p2a: Arceus|150/284 brn\n|-unboost|p2a: Arceus|spd|1\n|\n|-damage|p2a: Arceus|133/284 brn|[from] brn\n|upkeep\n|turn|13\n|\n|t:|1781451901\n|move|p2a: Arceus|Recover|p2a: Arceus\n|-heal|p2a: Arceus|275/284 brn\n|move|p1a: Misdreavus|Calm Mind|p1a: Misdreavus\n|-boost|p1a: Misdreavus|spa|1\n|-boost|p1a: Misdreavus|spd|1\n|\n|-damage|p2a: Arceus|258/284 brn|[from] brn\n|upkeep\n|turn|14\n|\n|t:|1781451905\n|move|p2a: Arceus|Cosmic Power|p2a: Arceus\n|-boost|p2a: Arceus|def|1\n|-boost|p2a: Arceus|spd|1\n|move|p1a: Misdreavus|Calm Mind|p1a: Misdreavus\n|-boost|p1a: Misdreavus|spa|1\n|-boost|p1a: Misdreavus|spd|1\n|\n|-damage|p2a: Arceus|241/284 brn|[from] brn\n|upkeep\n|turn|15\n|\n|t:|1781451908\n|move|p2a: Arceus|Cosmic Power|p2a: Arceus\n|-boost|p2a: Arceus|def|0\n|-boost|p2a: Arceus|spd|1\n|move|p1a: Misdreavus|Calm Mind|p1a: Misdreavus\n|-boost|p1a: Misdreavus|spa|1\n|-boost|p1a: Misdreavus|spd|1\n|\n|-damage|p2a: Arceus|224/284 brn|[from] brn\n|upkeep\n|turn|16\n|\n|t:|1781451911\n|move|p2a: Arceus|Stored Power|p1a: Misdreavus\n|-damage|p1a: Misdreavus|228/254\n|move|p1a: Misdreavus|Shadow Ball|p2a: Arceus\n|-damage|p2a: Arceus|148/284 brn\n|\n|-damage|p2a: Arceus|131/284 brn|[from] brn\n|upkeep\n|turn|17\n|-message|ZannaBianca99 forfeited.\n|\n|win|antibeato\n", "inputlog": ">version a8376a258c1d4662feba110a92103f3664a72141\n>start {\"formatid\":\"gen9randombattle\",\"seed\":\"sodium,99b43287d669360c8c1aa9180888cd1a\",\"rated\":\"Rated battle\"}\n>player p1 {\"name\":\"antibeato\",\"avatar\":\"266\",\"rating\":1998,\"seed\":\"sodium,db92452eb5630d9fdc45547e2bb4faf1\"}\n>player p2 {\"name\":\"ZannaBianca99\",\"avatar\":\"102\",\"rating\":2037,\"seed\":\"sodium,99f69e16b6bdcb532ffd661b6d2196ed\"}\n>p1 move calmmind\n>p2 switch 5\n>p1 move dracometeor\n>p2 move earthquake\n>p1 switch 3\n>p1 move terablast\n>p2 switch 5\n>p1 move willowisp\n>p2 move bravebird\n>p1 move terablast\n>p2 switch 4\n>p1 move shadowball\n>p2 move dragonpulse\n>p1 switch 4\n>p1 move voltswitch\n>p2 switch 5\n>p1 switch 2\n>p2 switch 3\n>p1 move willowisp\n>p2 move cosmicpower\n>p1 move calmmind\n>p2 move cosmicpower\n>p1 move calmmind\n>p2 move cosmicpower\n>p1 move calmmind\n>p2 move cosmicpower terastallize\n>p1 move shadowball\n>p2 move cosmicpower\n>p1 move calmmind\n>p2 move recover\n>p1 move calmmind\n>p2 move cosmicpower\n>p1 move calmmind\n>p2 move cosmicpower\n>p1 move shadowball\n>p2 move storedpower\n>forcelose p2", "uploadtime": 1781451759, "views": 6, "formatid": "gen9randombattle", "rating": null, "private": 0, "password": null}