{"id": "gen9randombattle-2631567568", "format": "[Gen 9] Random Battle", "players": ["hotdragon20", "Magikarpitalism"], "log": "|j|\u2606hotdragon20\n|j|\u2606Magikarpitalism\n|t:|1781402381\n|gametype|singles\n|player|p1|hotdragon20|170|2109\n|player|p2|Magikarpitalism|steven|2134\n|gen|9\n|tier|[Gen 9] Random Battle\n|rated|\n|rule|Species Clause: Limit one of each Pok\u00e9mon\n|rule|HP Percentage Mod: HP is shown in percentages\n|rule|Sleep Clause Mod: Limit one foe put to sleep\n|rule|Illusion Level Mod: Illusion disguises the Pok\u00e9mon's true level\n|\n|t:|1781402381\n|teamsize|p1|6\n|teamsize|p2|6\n|start\n|switch|p1a: Glaceon|Glaceon, L94, F|275/275\n|switch|p2a: Landorus|Landorus-Therian, L76, M|260/260\n|-ability|p2a: Landorus|Intimidate|boost\n|-unboost|p1a: Glaceon|atk|1\n|turn|1\n|\n|t:|1781402391\n|switch|p2a: Volcarona|Volcarona, L77, M|257/257\n|move|p1a: Glaceon|Freeze-Dry|p2a: Volcarona\n|-resisted|p2a: Volcarona\n|-damage|p2a: Volcarona|200/257\n|\n|upkeep\n|turn|2\n|\n|t:|1781402404\n|switch|p1a: Seviper|Seviper, L93, F|287/287\n|move|p2a: Volcarona|Fire Blast|p1a: Seviper\n|-damage|p1a: Seviper|142/287\n|\n|upkeep\n|turn|3\n|\n|t:|1781402411\n|move|p1a: Seviper|Gunk Shot|p2a: Volcarona\n|-damage|p2a: Volcarona|0 fnt\n|faint|p2a: Volcarona\n|\n|upkeep\n|\n|t:|1781402421\n|switch|p2a: Dunsparce|Dunsparce, L86, F|312/312\n|turn|4\n|\n|t:|1781402425\n|move|p1a: Seviper|Gunk Shot|p2a: Dunsparce|[miss]\n|-miss|p1a: Seviper|p2a: Dunsparce\n|move|p2a: Dunsparce|Coil|p2a: Dunsparce\n|-boost|p2a: Dunsparce|atk|1\n|-boost|p2a: Dunsparce|def|1\n|-boost|p2a: Dunsparce|accuracy|1\n|\n|upkeep\n|turn|5\n|\n|t:|1781402433\n|switch|p1a: Heracross|Heracross, L80, F|259/259\n|move|p2a: Dunsparce|Coil|p2a: Dunsparce\n|-boost|p2a: Dunsparce|atk|1\n|-boost|p2a: Dunsparce|def|1\n|-boost|p2a: Dunsparce|accuracy|1\n|\n|-status|p1a: Heracross|brn|[from] item: Flame Orb\n|upkeep\n|turn|6\n|\n|t:|1781402446\n|-terastallize|p2a: Dunsparce|Ghost\n|move|p1a: Heracross|Knock Off|p2a: Dunsparce\n|-supereffective|p2a: Dunsparce\n|-damage|p2a: Dunsparce|214/312\n|-enditem|p2a: Dunsparce|Eviolite|[from] move: Knock Off|[of] p1a: Heracross\n|move|p2a: Dunsparce|Coil|p2a: Dunsparce\n|-boost|p2a: Dunsparce|atk|1\n|-boost|p2a: Dunsparce|def|1\n|-boost|p2a: Dunsparce|accuracy|1\n|\n|-damage|p1a: Heracross|243/259 brn|[from] brn\n|upkeep\n|turn|7\n|\n|t:|1781402466\n|switch|p1a: Seviper|Seviper, L93, F|142/287\n|move|p2a: Dunsparce|Roost|p2a: Dunsparce\n|-heal|p2a: Dunsparce|312/312\n|\n|upkeep\n|turn|8\n|\n|t:|1781402479\n|move|p1a: Seviper|Switcheroo|p2a: Dunsparce\n|-activate|p1a: Seviper|move: Trick|[of] p2a: Dunsparce\n|-item|p2a: Dunsparce|Choice Scarf|[from] move: Switcheroo\n|-enditem|p1a: Seviper|Choice Scarf|[silent]|[from] move: Switcheroo\n|move|p2a: Dunsparce|Body Slam|p1a: Seviper\n|-damage|p1a: Seviper|0 fnt\n|faint|p1a: Seviper\n|\n|upkeep\n|\n|t:|1781402493\n|switch|p1a: Avalugg|Avalugg-Hisui, L90, F|317/317\n|turn|9\n|\n|t:|1781402499\n|move|p2a: Dunsparce|Body Slam|p1a: Avalugg\n|-resisted|p1a: Avalugg\n|-damage|p1a: Avalugg|269/317\n|-status|p1a: Avalugg|par\n|move|p1a: Avalugg|Avalanche|p2a: Dunsparce\n|-damage|p2a: Dunsparce|219/312\n|\n|upkeep\n|turn|10\n|\n|t:|1781402504\n|move|p2a: Dunsparce|Body Slam|p1a: Avalugg\n|-resisted|p1a: Avalugg\n|-damage|p1a: Avalugg|223/317 par\n|move|p1a: Avalugg|Avalanche|p2a: Dunsparce\n|-damage|p2a: Dunsparce|131/312\n|\n|upkeep\n|turn|11\n|\n|t:|1781402528\n|move|p2a: Dunsparce|Body Slam|p1a: Avalugg\n|-resisted|p1a: Avalugg\n|-damage|p1a: Avalugg|173/317 par\n|move|p1a: Avalugg|Recover|p1a: Avalugg\n|-heal|p1a: Avalugg|317/317 par\n|\n|upkeep\n|turn|12\n|\n|t:|1781402531\n|move|p2a: Dunsparce|Body Slam|p1a: Avalugg\n|-resisted|p1a: Avalugg\n|-damage|p1a: Avalugg|268/317 par\n|move|p1a: Avalugg|Avalanche|p2a: Dunsparce\n|-damage|p2a: Dunsparce|52/312\n|\n|upkeep\n|turn|13\n|\n|t:|1781402534\n|move|p2a: Dunsparce|Body Slam|p1a: Avalugg\n|-resisted|p1a: Avalugg\n|-damage|p1a: Avalugg|222/317 par\n|cant|p1a: Avalugg|par\n|\n|upkeep\n|turn|14\n|\n|t:|1781402539\n|move|p2a: Dunsparce|Body Slam|p1a: Avalugg\n|-resisted|p1a: Avalugg\n|-damage|p1a: Avalugg|178/317 par\n|cant|p1a: Avalugg|par\n|\n|upkeep\n|turn|15\n|\n|t:|1781402542\n|move|p2a: Dunsparce|Body Slam|p1a: Avalugg\n|-resisted|p1a: Avalugg\n|-damage|p1a: Avalugg|132/317 par\n|move|p1a: Avalugg|Recover|p1a: Avalugg\n|-heal|p1a: Avalugg|291/317 par\n|\n|upkeep\n|turn|16\n|\n|t:|1781402547\n|move|p2a: Dunsparce|Body Slam|p1a: Avalugg\n|-resisted|p1a: Avalugg\n|-damage|p1a: Avalugg|240/317 par\n|move|p1a: Avalugg|Avalanche|p2a: Dunsparce\n|-damage|p2a: Dunsparce|0 fnt\n|faint|p2a: Dunsparce\n|\n|upkeep\n|\n|t:|1781402558\n|switch|p2a: Luvdisc|Luvdisc, M|247/247\n|turn|17\n|\n|t:|1781402573\n|switch|p1a: Glaceon|Glaceon, L94, F|275/275\n|move|p2a: Luvdisc|Whirlpool|p1a: Glaceon\n|-damage|p1a: Glaceon|250/275\n|-activate|p1a: Glaceon|move: Whirlpool|[of] p2a: Luvdisc\n|\n|-damage|p1a: Glaceon|216/275|[from] move: Whirlpool|[partiallytrapped]\n|upkeep\n|turn|18\n|\n|t:|1781402582\n|move|p2a: Luvdisc|Substitute|p2a: Luvdisc\n|-start|p2a: Luvdisc|Substitute\n|-damage|p2a: Luvdisc|186/247\n|move|p1a: Glaceon|Wish|p1a: Glaceon\n|\n|-damage|p1a: Glaceon|182/275|[from] move: Whirlpool|[partiallytrapped]\n|upkeep\n|turn|19\n|\n|t:|1781402592\n|move|p2a: Luvdisc|Surf|p1a: Glaceon\n|-damage|p1a: Glaceon|122/275\n|move|p1a: Glaceon|Freeze-Dry|p2a: Luvdisc\n|-supereffective|p2a: Luvdisc\n|-end|p2a: Luvdisc|Substitute\n|\n|-heal|p1a: Glaceon|259/275|[from] move: Wish|[wisher] Glaceon\n|-damage|p1a: Glaceon|225/275|[from] move: Whirlpool|[partiallytrapped]\n|upkeep\n|turn|20\n|\n|t:|1781402596\n|move|p2a: Luvdisc|Substitute|p2a: Luvdisc\n|-start|p2a: Luvdisc|Substitute\n|-damage|p2a: Luvdisc|125/247\n|move|p1a: Glaceon|Freeze-Dry|p2a: Luvdisc\n|-supereffective|p2a: Luvdisc\n|-end|p2a: Luvdisc|Substitute\n|\n|-damage|p1a: Glaceon|191/275|[from] move: Whirlpool|[partiallytrapped]\n|upkeep\n|turn|21\n|\n|t:|1781402615\n|move|p2a: Luvdisc|Substitute|p2a: Luvdisc\n|-start|p2a: Luvdisc|Substitute\n|-damage|p2a: Luvdisc|64/247\n|move|p1a: Glaceon|Freeze-Dry|p2a: Luvdisc\n|-supereffective|p2a: Luvdisc\n|-end|p2a: Luvdisc|Substitute\n|\n|-end|p1a: Glaceon|Whirlpool|[partiallytrapped]\n|upkeep\n|turn|22\n|\n|t:|1781402667\n|move|p2a: Luvdisc|Substitute|p2a: Luvdisc\n|-start|p2a: Luvdisc|Substitute\n|-damage|p2a: Luvdisc|3/247\n|move|p1a: Glaceon|Freeze-Dry|p2a: Luvdisc\n|-supereffective|p2a: Luvdisc\n|-end|p2a: Luvdisc|Substitute\n|\n|upkeep\n|turn|23\n|\n|t:|1781402670\n|move|p1a: Glaceon|Protect|p1a: Glaceon\n|-singleturn|p1a: Glaceon|Protect\n|move|p2a: Luvdisc|Endeavor|p1a: Glaceon\n|-activate|p1a: Glaceon|move: Protect\n|\n|upkeep\n|turn|24\n|\n|t:|1781402679\n|switch|p1a: Avalugg|Avalugg-Hisui, L90, F|240/317 par\n|move|p2a: Luvdisc|Endeavor|p1a: Avalugg\n|-damage|p1a: Avalugg|3/317 par\n|\n|upkeep\n|turn|25\n|\n|t:|1781402683\n|move|p2a: Luvdisc|Surf|p1a: Avalugg\n|-supereffective|p1a: Avalugg\n|-crit|p1a: Avalugg\n|-damage|p1a: Avalugg|0 fnt\n|faint|p1a: Avalugg\n|\n|upkeep\n|\n|t:|1781402684\n|switch|p1a: Ambipom|Ambipom, L84, M|263/263\n|turn|26\n|\n|t:|1781402696\n|switch|p2a: Landorus|Landorus-Therian, L76, M|260/260\n|-ability|p2a: Landorus|Intimidate|boost\n|-unboost|p1a: Ambipom|atk|1\n|move|p1a: Ambipom|Fake Out|p2a: Landorus\n|-damage|p2a: Landorus|203/260\n|\n|-heal|p2a: Landorus|219/260|[from] item: Leftovers\n|upkeep\n|turn|27\n|\n|t:|1781402703\n|move|p1a: Ambipom|Knock Off|p2a: Landorus\n|-damage|p2a: Landorus|163/260\n|-enditem|p2a: Landorus|Leftovers|[from] move: Knock Off|[of] p1a: Ambipom\n|move|p2a: Landorus|Stone Edge|p1a: Ambipom\n|-damage|p1a: Ambipom|168/263\n|\n|upkeep\n|turn|28\n|\n|t:|1781402710\n|switch|p1a: Heracross|Heracross, L80, F|243/259 brn\n|move|p2a: Landorus|Stealth Rock|p1a: Heracross\n|-sidestart|p1: hotdragon20|move: Stealth Rock\n|\n|-damage|p1a: Heracross|227/259 brn|[from] brn\n|upkeep\n|turn|29\n|inactive|Battle timer is ON: inactive players will automatically lose when time's up. (requested by hotdragon20)\n|inactive|Magikarpitalism has 120 seconds left.\n|\n|t:|1781402756\n|move|p2a: Landorus|Stone Edge|p1a: Heracross\n|-damage|p1a: Heracross|137/259 brn\n|move|p1a: Heracross|Trailblaze|p2a: Landorus\n|-damage|p2a: Landorus|97/260\n|-boost|p1a: Heracross|spe|1\n|\n|-damage|p1a: Heracross|121/259 brn|[from] brn\n|upkeep\n|turn|30\n|\n|t:|1781402761\n|switch|p2a: Krookodile|Krookodile, L79, M|280/280\n|-ability|p2a: Krookodile|Intimidate|boost\n|-unboost|p1a: Heracross|atk|1\n|move|p1a: Heracross|Facade|p2a: Krookodile\n|-damage|p2a: Krookodile|152/280\n|\n|-damage|p1a: Heracross|105/259 brn|[from] brn\n|upkeep\n|turn|31\n|\n|t:|1781402767\n|move|p2a: Krookodile|Gunk Shot|p1a: Heracross\n|-damage|p1a: Heracross|0 fnt\n|faint|p1a: Heracross\n|\n|upkeep\n|\n|t:|1781402771\n|switch|p1a: Metagross|Metagross, L79|256/256\n|-damage|p1a: Metagross|240/256|[from] Stealth Rock\n|turn|32\n|\n|t:|1781402790\n|switch|p2a: Landorus|Landorus-Therian, L76, M|97/260\n|-ability|p2a: Landorus|Intimidate|boost\n|-fail|p1a: Metagross|unboost|[from] ability: Clear Body|[of] p1a: Metagross\n|move|p1a: Metagross|Agility|p1a: Metagross\n|-boost|p1a: Metagross|spe|2\n|\n|upkeep\n|turn|33\n|\n|t:|1781402798\n|move|p1a: Metagross|Heavy Slam|p2a: Landorus\n|-damage|p2a: Landorus|0 fnt\n|faint|p2a: Landorus\n|\n|upkeep\n|\n|t:|1781402823\n|switch|p2a: Krookodile|Krookodile, L79, M|152/280\n|-ability|p2a: Krookodile|Intimidate|boost\n|-fail|p1a: Metagross|unboost|[from] ability: Clear Body|[of] p1a: Metagross\n|turn|34\n|inactive|hotdragon20 has 120 seconds left.\n|l|\u2606hotdragon20\n|inactive|hotdragon20 disconnected and has a minute to reconnect!\n|player|p1|\n|j|\u2606hotdragon20\n|inactive|hotdragon20 reconnected and has 100 seconds left.\n|player|p1|hotdragon20|170|\n|\n|t:|1781402880\n|move|p1a: Metagross|Heavy Slam|p2a: Krookodile\n|-damage|p2a: Krookodile|0 fnt\n|faint|p2a: Krookodile\n|\n|upkeep\n|inactive|Magikarpitalism has 120 seconds left.\n|\n|t:|1781402914\n|switch|p2a: Mewtwo|Mewtwo, L72|272/272\n|-ability|p2a: Mewtwo|Pressure\n|turn|35\n|\n|t:|1781402923\n|move|p1a: Metagross|Heavy Slam|p2a: Mewtwo\n|-damage|p2a: Mewtwo|142/272\n|move|p2a: Mewtwo|Fire Blast|p1a: Metagross\n|-supereffective|p1a: Metagross\n|-damage|p1a: Metagross|29/256\n|-enditem|p1a: Metagross|Weakness Policy\n|-boost|p1a: Metagross|atk|2|[from] item: Weakness Policy\n|-boost|p1a: Metagross|spa|2|[from] item: Weakness Policy\n|-damage|p2a: Mewtwo|115/272|[from] item: Life Orb\n|\n|upkeep\n|turn|36\n|inactive|Magikarpitalism has 120 seconds left.\n|\n|t:|1781402937\n|move|p1a: Metagross|Earthquake|p2a: Mewtwo\n|-damage|p2a: Mewtwo|0 fnt\n|faint|p2a: Mewtwo\n|\n|upkeep\n|\n|t:|1781402939\n|switch|p2a: Luvdisc|Luvdisc, M|3/247\n|turn|37\n|\n|t:|1781402943\n|move|p1a: Metagross|Heavy Slam|p2a: Luvdisc\n|-resisted|p2a: Luvdisc\n|-damage|p2a: Luvdisc|0 fnt\n|faint|p2a: Luvdisc\n|\n|win|hotdragon20\n", "inputlog": ">version a8376a258c1d4662feba110a92103f3664a72141\n>start {\"formatid\":\"gen9randombattle\",\"seed\":\"sodium,eb3273a8938aa88fd0b7c49961440aef\",\"rated\":\"Rated battle\"}\n>player p1 {\"name\":\"hotdragon20\",\"avatar\":\"170\",\"rating\":2109,\"seed\":\"sodium,b24c829032553f2a050035c4991fae1f\"}\n>player p2 {\"name\":\"Magikarpitalism\",\"avatar\":\"steven\",\"rating\":2134,\"seed\":\"sodium,d37cf7402dbca9c1db50e512d9af4c21\"}\n>p1 move freezedry\n>p2 switch 3\n>p1 switch 5\n>p2 move fireblast\n>p1 move gunkshot\n>p2 move fireblast\n>p2 switch 4\n>p1 move gunkshot\n>p2 move coil\n>p1 switch 4\n>p2 move coil\n>p1 move knockoff\n>p2 move coil terastallize\n>p1 switch 4\n>p2 move roost\n>p1 move switcheroo\n>p2 move bodyslam\n>p1 switch 3\n>p1 move avalanche\n>p2 move bodyslam\n>p1 move avalanche\n>p2 move bodyslam\n>p1 move recover\n>p2 move bodyslam\n>p1 move avalanche\n>p2 move bodyslam\n>p1 move recover\n>p2 move bodyslam\n>p1 move recover\n>p2 move bodyslam\n>p1 move recover\n>p2 move bodyslam\n>p1 move avalanche\n>p2 move bodyslam\n>p2 switch 6\n>p1 switch 5\n>p2 move whirlpool\n>p1 move wish\n>p2 move substitute\n>p1 move freezedry\n>p2 move surf\n>p1 move freezedry\n>p2 move substitute\n>p1 move freezedry\n>p2 move substitute\n>p1 move freezedry\n>p2 move substitute\n>p1 move protect\n>p2 move endeavor\n>p1 switch 5\n>p2 move endeavor\n>p1 move bodypress\n>p2 move surf\n>p1 switch 2\n>p1 move fakeout\n>p2 switch 3\n>p1 move knockoff\n>p2 move stoneedge\n>p1 switch 4\n>p2 move stealthrock\n>p1 move trailblaze\n>p2 move stoneedge\n>p1 move facade\n>p2 switch 5\n>p1 move closecombat\n>p2 move gunkshot\n>p1 switch 6\n>p1 move agility\n>p2 switch 5\n>p1 move heavyslam\n>p2 move stoneedge\n>p2 switch 5\n>p1 move heavyslam\n>p2 move earthquake\n>p2 switch 2\n>p1 move heavyslam\n>p2 move fireblast\n>p1 move earthquake\n>p2 move fireblast\n>p2 switch 3\n>p1 move heavyslam\n>p2 move surf", "uploadtime": 1781402383, "views": 5, "formatid": "gen9randombattle", "rating": null, "private": 0, "password": null}