{"id": "gen9randombattle-2631564720", "format": "[Gen 9] Random Battle", "players": ["ch3test8", "DiamondIyes"], "log": "|j|\u2606ch3test8\n|j|\u2606DiamondIyes\n|t:|1781402014\n|gametype|singles\n|player|p1|ch3test8|265|1903\n|player|p2|DiamondIyes|az|1966\n|gen|9\n|tier|[Gen 9] Random Battle\n|rated|\n|rule|Species Clause: Limit one of each Pok\u00e9mon\n|rule|HP Percentage Mod: HP is shown in percentages\n|rule|Sleep Clause Mod: Limit one foe put to sleep\n|rule|Illusion Level Mod: Illusion disguises the Pok\u00e9mon's true level\n|\n|t:|1781402014\n|teamsize|p1|6\n|teamsize|p2|6\n|start\n|switch|p1a: Appletun|Appletun, L92, M|352/352\n|switch|p2a: Malamar|Malamar, L82, M|275/275\n|turn|1\n|inactive|Battle timer is ON: inactive players will automatically lose when time's up. (requested by ch3test8)\n|\n|t:|1781402040\n|move|p2a: Malamar|Superpower|p1a: Appletun\n|-damage|p1a: Appletun|277/352\n|-boost|p2a: Malamar|atk|1\n|-boost|p2a: Malamar|def|1\n|move|p1a: Appletun|Dragon Tail|p2a: Malamar\n|-damage|p2a: Malamar|227/275\n|drag|p2a: Miraidon|Miraidon, L65|238/238\n|-fieldstart|move: Electric Terrain|[from] ability: Hadron Engine|[of] p2a: Miraidon\n|\n|-heal|p1a: Appletun|299/352|[from] item: Leftovers\n|upkeep\n|turn|2\n|\n|t:|1781402060\n|switch|p1a: Necrozma|Necrozma-Dusk-Mane, L69|248/248\n|move|p2a: Miraidon|Draco Meteor|p1a: Necrozma\n|-resisted|p1a: Necrozma\n|-damage|p1a: Necrozma|149/248\n|-unboost|p2a: Miraidon|spa|2\n|-damage|p2a: Miraidon|215/238|[from] item: Life Orb\n|\n|upkeep\n|turn|3\n|\n|t:|1781402068\n|switch|p2a: Flareon|Flareon, L90, M|263/263\n|move|p1a: Necrozma|Dragon Dance|p1a: Necrozma\n|-boost|p1a: Necrozma|atk|1\n|-boost|p1a: Necrozma|spe|1\n|\n|-status|p2a: Flareon|tox|[from] item: Toxic Orb\n|upkeep\n|turn|4\n|\n|t:|1781402076\n|move|p1a: Necrozma|Earthquake|p2a: Flareon\n|-supereffective|p2a: Flareon\n|-crit|p2a: Flareon\n|-damage|p2a: Flareon|0 fnt\n|faint|p2a: Flareon\n|\n|upkeep\n|\n|t:|1781402085\n|switch|p2a: Eiscue|Eiscue, L88, M|274/274\n|turn|5\n|\n|t:|1781402109\n|switch|p1a: Maushold|Maushold-Four, L76|238/238\n|-terastallize|p2a: Eiscue|Electric\n|move|p2a: Eiscue|Belly Drum|p2a: Eiscue\n|-damage|p2a: Eiscue|137/274\n|-setboost|p2a: Eiscue|atk|6|[from] move: Belly Drum\n|-enditem|p2a: Eiscue|Sitrus Berry|[eat]\n|-heal|p2a: Eiscue|205/274|[from] item: Sitrus Berry\n|\n|-fieldend|move: Electric Terrain\n|upkeep\n|turn|6\n|\n|t:|1781402117\n|move|p1a: Maushold|Encore|p2a: Eiscue\n|-start|p2a: Eiscue|Encore\n|move|p2a: Eiscue|Belly Drum||[still]\n|-fail|p2a: Eiscue\n|\n|upkeep\n|turn|7\n|\n|t:|1781402125\n|switch|p2a: Regice|Regice, L88|284/284\n|move|p1a: Maushold|Tidy Up|p1a: Maushold\n|-boost|p1a: Maushold|atk|1\n|-boost|p1a: Maushold|spe|1\n|\n|upkeep\n|turn|8\n|\n|t:|1781402130\n|move|p1a: Maushold|Population Bomb|p2a: Regice\n|-damage|p2a: Regice|251/284\n|-damage|p2a: Regice|223/284\n|-crit|p2a: Regice\n|-damage|p2a: Regice|175/284\n|-damage|p2a: Regice|148/284\n|-damage|p2a: Regice|118/284\n|-damage|p2a: Regice|90/284\n|-damage|p2a: Regice|59/284\n|-damage|p2a: Regice|29/284\n|-damage|p2a: Regice|0 fnt\n|faint|p2a: Regice\n|-hitcount|p2: Regice|9\n|\n|upkeep\n|\n|t:|1781402136\n|switch|p2a: Malamar|Malamar, L82, M|227/275\n|turn|9\n|\n|t:|1781402139\n|move|p1a: Maushold|Population Bomb|p2a: Malamar\n|-damage|p2a: Malamar|191/275\n|-damage|p2a: Malamar|155/275\n|-damage|p2a: Malamar|122/275\n|-damage|p2a: Malamar|89/275\n|-damage|p2a: Malamar|53/275\n|-damage|p2a: Malamar|17/275\n|-damage|p2a: Malamar|0 fnt\n|faint|p2a: Malamar\n|-hitcount|p2: Malamar|7\n|\n|upkeep\n|\n|t:|1781402145\n|switch|p2a: Sceptile|Sceptile, L87, F|264/264\n|turn|10\n|\n|t:|1781402148\n|move|p1a: Maushold|Population Bomb|p2a: Sceptile\n|-damage|p2a: Sceptile|227/264\n|-damage|p2a: Sceptile|191/264\n|-damage|p2a: Sceptile|148/264\n|-damage|p2a: Sceptile|111/264\n|-damage|p2a: Sceptile|72/264\n|-damage|p2a: Sceptile|35/264\n|-damage|p2a: Sceptile|0 fnt\n|faint|p2a: Sceptile\n|-hitcount|p2: Sceptile|7\n|\n|upkeep\n|\n|t:|1781402151\n|switch|p2a: Miraidon|Miraidon, L65|215/238\n|-fieldstart|move: Electric Terrain|[from] ability: Hadron Engine|[of] p2a: Miraidon\n|turn|11\n|\n|t:|1781402153\n|move|p1a: Maushold|Population Bomb|p2a: Miraidon\n|-damage|p2a: Miraidon|176/238\n|-damage|p2a: Miraidon|137/238\n|-damage|p2a: Miraidon|98/238\n|-damage|p2a: Miraidon|61/238\n|-damage|p2a: Miraidon|25/238\n|-damage|p2a: Miraidon|0 fnt\n|faint|p2a: Miraidon\n|-hitcount|p2: Miraidon|6\n|\n|upkeep\n|\n|t:|1781402163\n|switch|p2a: Eiscue|Eiscue, L88, M, tera:Electric|205/274\n|turn|12\n|\n|t:|1781402165\n|move|p1a: Maushold|Population Bomb|p2a: Eiscue\n|-activate|p2a: Eiscue|ability: Ice Face\n|-damage|p2a: Eiscue|205/274\n|detailschange|p2a: Eiscue|Eiscue-Noice, L88, M, tera:Electric\n|-damage|p2a: Eiscue|165/274\n|-damage|p2a: Eiscue|126/274\n|-damage|p2a: Eiscue|86/274\n|-damage|p2a: Eiscue|47/274\n|-damage|p2a: Eiscue|5/274\n|-damage|p2a: Eiscue|0 fnt\n|faint|p2a: Eiscue\n|-hitcount|p2: Eiscue|7\n|\n|win|ch3test8\n", "inputlog": ">version a8376a258c1d4662feba110a92103f3664a72141\n>start {\"formatid\":\"gen9randombattle\",\"seed\":\"sodium,7b5dddc14a327e97acdb2660cd426ed7\",\"rated\":\"Rated battle\"}\n>player p1 {\"name\":\"ch3test8\",\"avatar\":\"265\",\"rating\":1903,\"seed\":\"sodium,f539406548025d489fe0eee5f32334ab\"}\n>player p2 {\"name\":\"DiamondIyes\",\"avatar\":\"az\",\"rating\":1966,\"seed\":\"sodium,402d3353129766f98ca739f5268642bd\"}\n>p1 move dragontail\n>p2 move superpower\n>p1 switch 2\n>p2 move dracometeor\n>p1 move dragondance\n>p2 switch 2\n>p1 move earthquake\n>p2 move flareblitz\n>p2 switch 3\n>p1 switch 5\n>p2 move bellydrum terastallize\n>p1 move encore\n>p2 move icespinner\n>p1 move tidyup\n>p2 switch 5\n>p1 move populationbomb\n>p2 move icebeam\n>p2 switch 6\n>p1 move populationbomb\n>p2 move superpower\n>p2 switch 4\n>p1 move populationbomb\n>p2 move leafblade\n>p2 switch 2\n>p1 move populationbomb\n>p2 move dracometeor\n>p2 switch 5\n>p1 move populationbomb\n>p2 move terablast", "uploadtime": 1781402016, "views": 5, "formatid": "gen9randombattle", "rating": null, "private": 0, "password": null}