{"id": "gen9randombattle-2631630329", "format": "[Gen 9] Random Battle", "players": ["WumboMumboJumbo", "rosymo"], "log": "|j|\u2606WumboMumboJumbo\n|j|\u2606rosymo\n|t:|1781411582\n|gametype|singles\n|player|p1|WumboMumboJumbo|169|2113\n|player|p2|rosymo|dawn|2182\n|gen|9\n|tier|[Gen 9] Random Battle\n|rated|\n|rule|Species Clause: Limit one of each Pok\u00e9mon\n|rule|HP Percentage Mod: HP is shown in percentages\n|rule|Sleep Clause Mod: Limit one foe put to sleep\n|rule|Illusion Level Mod: Illusion disguises the Pok\u00e9mon's true level\n|\n|t:|1781411582\n|teamsize|p1|6\n|teamsize|p2|6\n|start\n|switch|p1a: Iron Bundle|Iron Bundle, L78|215/215\n|switch|p2a: Kleavor|Kleavor, L78, F|237/237\n|turn|1\n|inactive|Battle timer is ON: inactive players will automatically lose when time's up. (requested by WumboMumboJumbo)\n|\n|t:|1781411590\n|switch|p2a: Klefki|Klefki, L84, M|233/233\n|move|p1a: Iron Bundle|Hydro Pump|p2a: Klefki\n|-damage|p2a: Klefki|107/233\n|\n|-heal|p2a: Klefki|121/233|[from] item: Leftovers\n|upkeep\n|turn|2\n|j| imaluckyboy\n|\n|t:|1781411599\n|-end|p1a: Iron Bundle|Quark Drive|[silent]\n|switch|p1a: Hippowdon|Hippowdon, L82, M|311/311\n|-weather|Sandstorm|[from] ability: Sand Stream|[of] p1a: Hippowdon\n|move|p2a: Klefki|Thunder Wave|p1a: Hippowdon\n|-immune|p1a: Hippowdon\n|\n|-weather|Sandstorm|[upkeep]\n|-heal|p2a: Klefki|135/233|[from] item: Leftovers\n|upkeep\n|turn|3\n|\n|t:|1781411610\n|move|p2a: Klefki|Spikes|p1a: Hippowdon\n|-sidestart|p1: WumboMumboJumbo|Spikes\n|move|p1a: Hippowdon|Earthquake|p2a: Klefki\n|-supereffective|p2a: Klefki\n|-damage|p2a: Klefki|0 fnt\n|faint|p2a: Klefki\n|\n|-weather|Sandstorm|[upkeep]\n|upkeep\n|\n|t:|1781411618\n|switch|p2a: Kleavor|Kleavor, L78, F|237/237\n|turn|4\n|\n|t:|1781411625\n|move|p2a: Kleavor|X-Scissor|p1a: Hippowdon\n|-damage|p1a: Hippowdon|196/311\n|move|p1a: Hippowdon|Stone Edge|p2a: Kleavor\n|-supereffective|p2a: Kleavor\n|-crit|p2a: Kleavor\n|-damage|p2a: Kleavor|23/237\n|\n|-weather|Sandstorm|[upkeep]\n|-heal|p1a: Hippowdon|215/311|[from] item: Leftovers\n|upkeep\n|turn|5\n|\n|t:|1781411639\n|move|p2a: Kleavor|Stone Axe|p1a: Hippowdon\n|-resisted|p1a: Hippowdon\n|-damage|p1a: Hippowdon|170/311\n|-sidestart|p1: WumboMumboJumbo|move: Stealth Rock\n|move|p1a: Hippowdon|Slack Off|p1a: Hippowdon\n|-heal|p1a: Hippowdon|311/311\n|\n|-weather|Sandstorm|[upkeep]\n|upkeep\n|turn|6\n|\n|t:|1781411643\n|move|p2a: Kleavor|X-Scissor|p1a: Hippowdon\n|-damage|p1a: Hippowdon|200/311\n|move|p1a: Hippowdon|Earthquake|p2a: Kleavor\n|-damage|p2a: Kleavor|0 fnt\n|faint|p2a: Kleavor\n|\n|-weather|none\n|-heal|p1a: Hippowdon|219/311|[from] item: Leftovers\n|upkeep\n|\n|t:|1781411648\n|switch|p2a: Squawkabilly|Squawkabilly, L85, M|278/278\n|turn|7\n|\n|t:|1781411651\n|move|p2a: Squawkabilly|Protect|p2a: Squawkabilly\n|-singleturn|p2a: Squawkabilly|Protect\n|move|p1a: Hippowdon|Stone Edge|p2a: Squawkabilly\n|-activate|p2a: Squawkabilly|move: Protect\n|\n|-heal|p1a: Hippowdon|238/311|[from] item: Leftovers\n|-status|p2a: Squawkabilly|brn|[from] item: Flame Orb\n|upkeep\n|turn|8\n|\n|t:|1781411656\n|move|p2a: Squawkabilly|Facade|p1a: Hippowdon\n|-damage|p1a: Hippowdon|63/311\n|move|p1a: Hippowdon|Stone Edge|p2a: Squawkabilly|[miss]\n|-miss|p1a: Hippowdon|p2a: Squawkabilly\n|\n|-heal|p1a: Hippowdon|82/311|[from] item: Leftovers\n|-damage|p2a: Squawkabilly|261/278 brn|[from] brn\n|upkeep\n|turn|9\n|\n|t:|1781411661\n|move|p2a: Squawkabilly|Facade|p1a: Hippowdon\n|-damage|p1a: Hippowdon|0 fnt\n|faint|p1a: Hippowdon\n|\n|-damage|p2a: Squawkabilly|244/278 brn|[from] brn\n|upkeep\n|\n|t:|1781411664\n|switch|p1a: Iron Bundle|Iron Bundle, L78|215/215\n|turn|10\n|l|\u2606WumboMumboJumbo\n|inactive|WumboMumboJumbo disconnected and has a minute to reconnect!\n|player|p1|\n|\n|t:|1781411672\n|-terastallize|p2a: Squawkabilly|Normal\n|move|p1a: Iron Bundle|Freeze-Dry|p2a: Squawkabilly\n|-damage|p2a: Squawkabilly|139/278 brn\n|move|p2a: Squawkabilly|Facade|p1a: Iron Bundle\n|-damage|p1a: Iron Bundle|0 fnt\n|faint|p1a: Iron Bundle\n|-end|p1a: Iron Bundle|Quark Drive|[silent]\n|\n|-damage|p2a: Squawkabilly|122/278 brn|[from] brn\n|upkeep\n|j|\u2606WumboMumboJumbo\n|inactive|WumboMumboJumbo reconnected and has 135 seconds left.\n|player|p1|WumboMumboJumbo|169|\n|inactive|WumboMumboJumbo has 120 seconds left.\n|\n|t:|1781411715\n|switch|p1a: Raikou|Raikou, L81|278/278\n|-damage|p1a: Raikou|244/278|[from] Spikes\n|-damage|p1a: Raikou|210/278|[from] Stealth Rock\n|-ability|p1a: Raikou|Pressure\n|turn|11\n|\n|t:|1781411727\n|switch|p2a: Munkidori|Munkidori, L79, M|269/269\n|move|p1a: Raikou|Thunderbolt|p2a: Munkidori\n|-damage|p2a: Munkidori|166/269\n|\n|-heal|p1a: Raikou|227/278|[from] item: Leftovers\n|upkeep\n|turn|12\n|\n|t:|1781411738\n|move|p1a: Raikou|Thunderbolt|p2a: Munkidori\n|-damage|p2a: Munkidori|52/269\n|move|p2a: Munkidori|Psyshock|p1a: Raikou\n|-damage|p1a: Raikou|75/278\n|-damage|p2a: Munkidori|26/269|[from] item: Life Orb\n|\n|-heal|p1a: Raikou|92/278|[from] item: Leftovers\n|upkeep\n|turn|13\n|\n|t:|1781411747\n|move|p1a: Raikou|Thunderbolt|p2a: Munkidori\n|-crit|p2a: Munkidori\n|-damage|p2a: Munkidori|0 fnt\n|faint|p2a: Munkidori\n|\n|-heal|p1a: Raikou|109/278|[from] item: Leftovers\n|upkeep\n|\n|t:|1781411754\n|switch|p2a: Squawkabilly|Squawkabilly, L85, M, tera:Normal|122/278 brn\n|turn|14\n|\n|t:|1781411757\n|move|p2a: Squawkabilly|Quick Attack|p1a: Raikou\n|-damage|p1a: Raikou|0 fnt\n|faint|p1a: Raikou\n|\n|-damage|p2a: Squawkabilly|105/278 brn|[from] brn\n|upkeep\n|\n|t:|1781411759\n|switch|p1a: Ribombee|Ribombee, L83, F|235/235\n|turn|15\n|\n|t:|1781411766\n|switch|p2a: Seviper|Seviper, L93, F|287/287\n|move|p1a: Ribombee|Moonblast|p2a: Seviper\n|-resisted|p2a: Seviper\n|-damage|p2a: Seviper|233/287\n|\n|upkeep\n|turn|16\n|\n|t:|1781411774\n|switch|p1a: Slither Wing|Slither Wing, L81|270/270\n|move|p2a: Seviper|Glare|p1a: Slither Wing\n|-status|p1a: Slither Wing|par\n|\n|upkeep\n|turn|17\n|\n|t:|1781411786\n|move|p2a: Seviper|Flamethrower|p1a: Slither Wing\n|-supereffective|p1a: Slither Wing\n|-damage|p1a: Slither Wing|75/270 par\n|-damage|p2a: Seviper|205/287|[from] item: Life Orb\n|move|p1a: Slither Wing|Will-O-Wisp|p2a: Seviper|[miss]\n|-miss|p1a: Slither Wing|p2a: Seviper\n|\n|upkeep\n|turn|18\n|\n|t:|1781411792\n|move|p2a: Seviper|Flamethrower|p1a: Slither Wing\n|-supereffective|p1a: Slither Wing\n|-damage|p1a: Slither Wing|0 fnt\n|faint|p1a: Slither Wing\n|-end|p1a: Slither Wing|Protosynthesis|[silent]\n|-damage|p2a: Seviper|177/287|[from] item: Life Orb\n|\n|upkeep\n|\n|t:|1781411795\n|switch|p1a: Glastrier|Glastrier, L86|312/312\n|turn|19\n|\n|t:|1781411804\n|-terastallize|p1a: Glastrier|Ground\n|move|p2a: Seviper|Gunk Shot|p1a: Glastrier\n|-resisted|p1a: Glastrier\n|-damage|p1a: Glastrier|242/312\n|-status|p1a: Glastrier|psn\n|-damage|p2a: Seviper|149/287|[from] item: Life Orb\n|move|p1a: Glastrier|High Horsepower|p2a: Seviper|[miss]\n|-miss|p1a: Glastrier|p2a: Seviper\n|\n|-damage|p1a: Glastrier|203/312 psn|[from] psn\n|upkeep\n|turn|20\n|\n|t:|1781411811\n|move|p2a: Seviper|Glare||[still]\n|-fail|p2a: Seviper\n|move|p1a: Glastrier|High Horsepower|p2a: Seviper\n|-supereffective|p2a: Seviper\n|-damage|p2a: Seviper|0 fnt\n|faint|p2a: Seviper\n|-ability|p1a: Glastrier|Chilling Neigh|boost\n|-boost|p1a: Glastrier|atk|1\n|\n|-damage|p1a: Glastrier|164/312 psn|[from] psn\n|upkeep\n|\n|t:|1781411814\n|switch|p2a: Squawkabilly|Squawkabilly, L85, M, tera:Normal|105/278 brn\n|turn|21\n|\n|t:|1781411820\n|move|p2a: Squawkabilly|Protect|p2a: Squawkabilly\n|-singleturn|p2a: Squawkabilly|Protect\n|move|p1a: Glastrier|Icicle Crash|p2a: Squawkabilly\n|-activate|p2a: Squawkabilly|move: Protect\n|\n|-damage|p1a: Glastrier|125/312 psn|[from] psn\n|-damage|p2a: Squawkabilly|88/278 brn|[from] brn\n|upkeep\n|turn|22\n|\n|t:|1781411823\n|move|p2a: Squawkabilly|Facade|p1a: Glastrier\n|-damage|p1a: Glastrier|0 fnt\n|faint|p1a: Glastrier\n|\n|-damage|p2a: Squawkabilly|71/278 brn|[from] brn\n|upkeep\n|\n|t:|1781411825\n|switch|p1a: Ribombee|Ribombee, L83, F|235/235\n|turn|23\n|\n|t:|1781411828\n|move|p2a: Squawkabilly|Quick Attack|p1a: Ribombee\n|-crit|p1a: Ribombee\n|-damage|p1a: Ribombee|47/235\n|move|p1a: Ribombee|Moonblast|p2a: Squawkabilly\n|-damage|p2a: Squawkabilly|0 fnt\n|faint|p2a: Squawkabilly\n|\n|upkeep\n|\n|t:|1781411831\n|switch|p2a: Lunala|Lunala, L70|308/308\n|turn|24\n|\n|t:|1781411834\n|move|p1a: Ribombee|Stun Spore|p2a: Lunala\n|-status|p2a: Lunala|par\n|move|p2a: Lunala|Moongeist Beam|p1a: Ribombee\n|-damage|p1a: Ribombee|0 fnt\n|faint|p1a: Ribombee\n|\n|win|rosymo\n", "inputlog": ">version a8376a258c1d4662feba110a92103f3664a72141\n>start {\"formatid\":\"gen9randombattle\",\"seed\":\"sodium,340232ab4b93faf25be56de8bd86b0c1\",\"rated\":\"Rated battle\"}\n>player p1 {\"name\":\"WumboMumboJumbo\",\"avatar\":\"169\",\"rating\":2113,\"seed\":\"sodium,85ee02f343fed1dc263f8a7852a75689\"}\n>player p2 {\"name\":\"rosymo\",\"avatar\":\"dawn\",\"rating\":2182,\"seed\":\"sodium,8c503159c13f0e37d81d04717c291acc\"}\n>p1 move hydropump\n>p2 switch 2\n>p1 switch 5\n>p2 move thunderwave\n>p1 move earthquake\n>p2 move spikes\n>p2 switch 2\n>p1 move stoneedge\n>p2 move xscissor\n>p1 move slackoff\n>p2 move stoneaxe\n>p1 move earthquake\n>p2 move xscissor\n>p2 switch 4\n>p1 move stoneedge\n>p2 move protect\n>p1 move stoneedge\n>p2 move facade\n>p1 move stoneedge\n>p2 move facade\n>p1 switch 5\n>p1 move freezedry\n>p2 move facade terastallize\n>p1 switch 4\n>p1 move thunderbolt\n>p2 switch 6\n>p1 move thunderbolt\n>p2 move psyshock\n>p1 move thunderbolt\n>p2 move psyshock\n>p2 switch 6\n>p1 move thunderbolt\n>p2 move quickattack\n>p1 switch 6\n>p1 move moonblast\n>p2 switch 3\n>p1 switch 3\n>p2 move glare\n>p1 move willowisp\n>p2 move flamethrower\n>p1 move willowisp\n>p2 move flamethrower\n>p1 switch 2\n>p1 move highhorsepower terastallize\n>p2 move gunkshot\n>p1 move highhorsepower\n>p2 move glare\n>p2 switch 3\n>p1 move iciclecrash\n>p2 move protect\n>p1 move iciclecrash\n>p2 move facade\n>p1 switch 3\n>p1 move moonblast\n>p2 move quickattack\n>p2 switch 5\n>p1 move stunspore\n>p2 move moongeistbeam", "uploadtime": 1781411583, "views": 4, "formatid": "gen9randombattle", "rating": null, "private": 0, "password": null}