{"id": "gen9randombattle-2631842479", "format": "[Gen 9] Random Battle", "players": ["nqm", "PartyTrain9"], "log": "|j|\u2606nqm\n|j|\u2606PartyTrain9\n|t:|1781447056\n|gametype|singles\n|player|p1|nqm|170|2012\n|player|p2|PartyTrain9|266|2052\n|gen|9\n|tier|[Gen 9] Random Battle\n|rated|\n|rule|Species Clause: Limit one of each Pok\u00e9mon\n|rule|HP Percentage Mod: HP is shown in percentages\n|rule|Sleep Clause Mod: Limit one foe put to sleep\n|rule|Illusion Level Mod: Illusion disguises the Pok\u00e9mon's true level\n|\n|t:|1781447056\n|teamsize|p1|6\n|teamsize|p2|6\n|start\n|switch|p1a: Whiscash|Whiscash, L88, M|337/337\n|switch|p2a: Groudon|Groudon, L72|263/263\n|-weather|SunnyDay|[from] ability: Drought|[of] p2a: Groudon\n|turn|1\n|inactive|Battle timer is ON: inactive players will automatically lose when time's up. (requested by PartyTrain9)\n|\n|t:|1781447073\n|switch|p1a: Sunflora|Sunflora, F|312/312\n|move|p2a: Groudon|Swords Dance|p2a: Groudon\n|-boost|p2a: Groudon|atk|2\n|\n|-weather|SunnyDay|[upkeep]\n|upkeep\n|turn|2\n|\n|t:|1781447077\n|move|p1a: Sunflora|Earth Power|p2a: Groudon\n|-damage|p2a: Groudon|101/263\n|move|p2a: Groudon|Heat Crash|p1a: Sunflora\n|-supereffective|p1a: Sunflora\n|-damage|p1a: Sunflora|0 fnt\n|faint|p1a: Sunflora\n|\n|-weather|SunnyDay|[upkeep]\n|-heal|p2a: Groudon|117/263|[from] item: Leftovers\n|upkeep\n|\n|t:|1781447081\n|switch|p1a: Rotom|Rotom-Heat, L83|219/219\n|turn|3\n|\n|t:|1781447096\n|move|p1a: Rotom|Overheat|p2a: Groudon\n|-damage|p2a: Groudon|0 fnt\n|-unboost|p1a: Rotom|spa|2\n|faint|p2a: Groudon\n|\n|-weather|SunnyDay|[upkeep]\n|upkeep\n|\n|t:|1781447106\n|switch|p2a: Persian|Persian-Alola, L86, F|252/252\n|turn|4\n|\n|t:|1781447118\n|move|p2a: Persian|Nasty Plot|p2a: Persian\n|-boost|p2a: Persian|spa|2\n|move|p1a: Rotom|Nasty Plot|p1a: Rotom\n|-boost|p1a: Rotom|spa|2\n|\n|-weather|SunnyDay|[upkeep]\n|upkeep\n|turn|5\n|\n|t:|1781447122\n|move|p2a: Persian|Hypnosis|p1a: Rotom|[miss]\n|-miss|p2a: Persian|p1a: Rotom\n|move|p1a: Rotom|Overheat|p2a: Persian\n|-damage|p2a: Persian|11/252\n|-unboost|p1a: Rotom|spa|2\n|\n|-weather|none\n|-heal|p2a: Persian|26/252|[from] item: Leftovers\n|upkeep\n|turn|6\n|\n|t:|1781447128\n|move|p2a: Persian|Dark Pulse|p1a: Rotom\n|-damage|p1a: Rotom|90/219\n|move|p1a: Rotom|Thunderbolt|p2a: Persian\n|-damage|p2a: Persian|0 fnt\n|faint|p2a: Persian\n|\n|upkeep\n|\n|t:|1781447142\n|switch|p2a: Cacturne|Cacturne, L92, F|278/278\n|turn|7\n|\n|t:|1781447148\n|move|p1a: Rotom|Overheat|p2a: Cacturne\n|-supereffective|p2a: Cacturne\n|-damage|p2a: Cacturne|104/278\n|-unboost|p1a: Rotom|spa|2\n|move|p2a: Cacturne|Swords Dance|p2a: Cacturne\n|-boost|p2a: Cacturne|atk|2\n|\n|upkeep\n|turn|8\n|\n|t:|1781447158\n|move|p2a: Cacturne|Sucker Punch||[still]\n|-fail|p2a: Cacturne\n|move|p1a: Rotom|Nasty Plot|p1a: Rotom\n|-boost|p1a: Rotom|spa|2\n|\n|upkeep\n|turn|9\n|\n|t:|1781447163\n|move|p2a: Cacturne|Sucker Punch||[still]\n|-fail|p2a: Cacturne\n|move|p1a: Rotom|Nasty Plot|p1a: Rotom\n|-boost|p1a: Rotom|spa|2\n|\n|upkeep\n|turn|10\n|inactive|nqm has 120 seconds left.\n|\n|t:|1781447208\n|move|p2a: Cacturne|Sucker Punch|p1a: Rotom\n|-damage|p1a: Rotom|0 fnt\n|faint|p1a: Rotom\n|-damage|p2a: Cacturne|77/278|[from] item: Life Orb\n|\n|upkeep\n|\n|t:|1781447211\n|switch|p1a: Dragonite|Dragonite, L74, M|257/257\n|turn|11\n|\n|t:|1781447215\n|move|p1a: Dragonite|Iron Head|p2a: Cacturne\n|-damage|p2a: Cacturne|6/278\n|cant|p2a: Cacturne|flinch\n|\n|upkeep\n|turn|12\n|\n|t:|1781447220\n|move|p1a: Dragonite|Iron Head|p2a: Cacturne\n|-damage|p2a: Cacturne|0 fnt\n|faint|p2a: Cacturne\n|\n|upkeep\n|\n|t:|1781447222\n|switch|p2a: Bronzong|Bronzong, L88|261/261\n|turn|13\n|\n|t:|1781447229\n|switch|p1a: Camerupt|Camerupt, L91, F|275/275\n|move|p2a: Bronzong|Iron Defense|p2a: Bronzong\n|-boost|p2a: Bronzong|def|2\n|\n|upkeep\n|turn|14\n|\n|t:|1781447237\n|-terastallize|p2a: Bronzong|Fighting\n|move|p1a: Camerupt|Overheat|p2a: Bronzong\n|-damage|p2a: Bronzong|140/261\n|-unboost|p1a: Camerupt|spa|2\n|move|p2a: Bronzong|Iron Defense|p2a: Bronzong\n|-boost|p2a: Bronzong|def|2\n|\n|upkeep\n|turn|15\n|\n|t:|1781447245\n|move|p2a: Bronzong|Iron Defense|p2a: Bronzong\n|-boost|p2a: Bronzong|def|2\n|move|p1a: Camerupt|Roar|p2a: Bronzong\n|drag|p2a: Excadrill|Excadrill, L79, M|303/303\n|-ability|p2a: Excadrill|Mold Breaker\n|\n|upkeep\n|turn|16\n|\n|t:|1781447249\n|move|p2a: Excadrill|Earthquake|p1a: Camerupt\n|-supereffective|p1a: Camerupt\n|-damage|p1a: Camerupt|21/275\n|move|p1a: Camerupt|Earthquake|p2a: Excadrill\n|-supereffective|p2a: Excadrill\n|-damage|p2a: Excadrill|0 fnt\n|faint|p2a: Excadrill\n|\n|-heal|p1a: Camerupt|38/275|[from] item: Leftovers\n|upkeep\n|\n|t:|1781447253\n|switch|p2a: Ho-Oh|Ho-Oh, L71|268/268\n|turn|17\n|\n|t:|1781447258\n|move|p2a: Ho-Oh|Brave Bird|p1a: Camerupt\n|-damage|p1a: Camerupt|0 fnt\n|faint|p1a: Camerupt\n|-damage|p2a: Ho-Oh|255/268|[from] Recoil\n|\n|upkeep\n|\n|t:|1781447260\n|switch|p1a: Whiscash|Whiscash, L88, M|337/337\n|turn|18\n|\n|t:|1781447262\n|move|p2a: Ho-Oh|Sacred Fire|p1a: Whiscash\n|-resisted|p1a: Whiscash\n|-damage|p1a: Whiscash|284/337\n|-status|p1a: Whiscash|brn\n|move|p1a: Whiscash|Dragon Dance|p1a: Whiscash\n|-boost|p1a: Whiscash|atk|1\n|-boost|p1a: Whiscash|spe|1\n|\n|-damage|p1a: Whiscash|263/337 brn|[from] brn\n|upkeep\n|turn|19\n|\n|t:|1781447267\n|move|p1a: Whiscash|Stone Edge|p2a: Ho-Oh\n|-supereffective|p2a: Ho-Oh\n|-damage|p2a: Ho-Oh|0 fnt\n|faint|p2a: Ho-Oh\n|-damage|p1a: Whiscash|230/337 brn|[from] item: Life Orb\n|\n|-damage|p1a: Whiscash|209/337 brn|[from] brn\n|upkeep\n|\n|t:|1781447269\n|switch|p2a: Bronzong|Bronzong, L88, tera:Fighting|140/261\n|turn|20\n|\n|t:|1781447272\n|switch|p1a: Oranguru|Oranguru, L92, F|315/315\n|move|p2a: Bronzong|Iron Defense|p2a: Bronzong\n|-boost|p2a: Bronzong|def|2\n|\n|upkeep\n|turn|21\n|\n|t:|1781447277\n|move|p1a: Oranguru|Nasty Plot|p1a: Oranguru\n|-boost|p1a: Oranguru|spa|2\n|move|p2a: Bronzong|Iron Head|p1a: Oranguru\n|-damage|p1a: Oranguru|227/315\n|\n|-heal|p1a: Oranguru|246/315|[from] item: Leftovers\n|upkeep\n|turn|22\n|\n|t:|1781447280\n|-terastallize|p1a: Oranguru|Electric\n|move|p1a: Oranguru|Thunderbolt|p2a: Bronzong\n|-damage|p2a: Bronzong|0 fnt\n|faint|p2a: Bronzong\n|\n|win|nqm\n", "uploadtime": 1781447057, "views": 6, "formatid": "gen9randombattle", "rating": null, "private": 0, "password": null}