{"id": "gen9randombattle-2631440534", "format": "[Gen 9] Random Battle", "players": ["F Boogie", "i like serperior"], "log": "|j|\u2606F Boogie\n|j|\u2606i like serperior\n|t:|1781384957\n|gametype|singles\n|player|p1|F Boogie|veteran-gen4|2132\n|player|p2|i like serperior|colress|2098\n|gen|9\n|tier|[Gen 9] Random Battle\n|rated|\n|rule|Species Clause: Limit one of each Pok\u00e9mon\n|rule|HP Percentage Mod: HP is shown in percentages\n|rule|Sleep Clause Mod: Limit one foe put to sleep\n|rule|Illusion Level Mod: Illusion disguises the Pok\u00e9mon's true level\n|\n|t:|1781384957\n|teamsize|p1|6\n|teamsize|p2|6\n|start\n|switch|p1a: Spidops|Spidops, L96, M|271/271\n|switch|p2a: Cetitan|Cetitan, L82, F|412/412\n|turn|1\n|\n|t:|1781384971\n|switch|p2a: Decidueye|Decidueye, L88, M|281/281\n|move|p1a: Spidops|Circle Throw|p2a: Decidueye\n|-immune|p2a: Decidueye\n|\n|upkeep\n|turn|2\n|\n|t:|1781384975\n|move|p2a: Decidueye|Spirit Shackle|p1a: Spidops\n|-damage|p1a: Spidops|187/271\n|-activate|p1a: Spidops|trapped\n|move|p1a: Spidops|Sticky Web|p2a: Decidueye\n|-sidestart|p2: i like serperior|move: Sticky Web\n|\n|upkeep\n|turn|3\n|\n|t:|1781384978\n|move|p2a: Decidueye|Knock Off|p1a: Spidops\n|-damage|p1a: Spidops|121/271\n|-enditem|p1a: Spidops|Heavy-Duty Boots|[from] move: Knock Off|[of] p2a: Decidueye\n|move|p1a: Spidops|U-turn|p2a: Decidueye\n|-damage|p2a: Decidueye|190/281\n|\n|t:|1781384985\n|switch|p1a: Iron Moth|Iron Moth, L78|253/253|[from] U-turn\n|\n|upkeep\n|turn|4\n|\n|t:|1781384993\n|switch|p2a: Azelf|Azelf, L82|257/257\n|move|p1a: Iron Moth|Fire Blast|p2a: Azelf|[miss]\n|-miss|p1a: Iron Moth|p2a: Azelf\n|\n|upkeep\n|turn|5\n|\n|t:|1781384997\n|-end|p1a: Iron Moth|Quark Drive|[silent]\n|switch|p1a: Ursaring|Ursaring, L84, F|288/288\n|move|p2a: Azelf|Psyshock|p1a: Ursaring\n|-damage|p1a: Ursaring|171/288\n|\n|upkeep\n|turn|6\n|\n|t:|1781385003\n|move|p2a: Azelf|Psyshock|p1a: Ursaring\n|-damage|p1a: Ursaring|57/288\n|move|p1a: Ursaring|Body Slam|p2a: Azelf\n|-damage|p2a: Azelf|110/257\n|\n|upkeep\n|turn|7\n|\n|t:|1781385005\n|move|p2a: Azelf|Psyshock|p1a: Ursaring\n|-damage|p1a: Ursaring|0 fnt\n|faint|p1a: Ursaring\n|\n|upkeep\n|\n|t:|1781385011\n|switch|p1a: Dewgong|Dewgong, L94, F|322/322\n|turn|8\n|\n|t:|1781385015\n|switch|p2a: Pincurchin|Pincurchin, M|258/258\n|-activate|p2a: Pincurchin|move: Sticky Web\n|-unboost|p2a: Pincurchin|spe|1\n|-fieldstart|move: Electric Terrain|[from] ability: Electric Surge|[of] p2a: Pincurchin\n|move|p1a: Dewgong|Knock Off|p2a: Pincurchin\n|-damage|p2a: Pincurchin|204/258\n|-enditem|p2a: Pincurchin|Leftovers|[from] move: Knock Off|[of] p1a: Dewgong\n|\n|upkeep\n|turn|9\n|\n|t:|1781385023\n|switch|p1a: Golurk|Golurk, L87|297/297\n|move|p2a: Pincurchin|Zing Zap|p1a: Golurk\n|-immune|p1a: Golurk\n|\n|upkeep\n|turn|10\n|\n|t:|1781385027\n|switch|p2a: Mandibuzz|Mandibuzz, L85, F|326/326\n|move|p1a: Golurk|Stealth Rock|p2a: Mandibuzz\n|-sidestart|p2: i like serperior|move: Stealth Rock\n|\n|upkeep\n|turn|11\n|\n|t:|1781385030\n|switch|p1a: Dewgong|Dewgong, L94, F|322/322\n|move|p2a: Mandibuzz|Defog|p1a: Dewgong\n|-unboost|p1a: Dewgong|evasion|1\n|-sideend|p2: i like serperior|Stealth Rock|[from] move: Defog|[of] p2a: Mandibuzz\n|-sideend|p2: i like serperior|Sticky Web|[from] move: Defog|[of] p2a: Mandibuzz\n|-fieldend|move: Electric Terrain\n|\n|upkeep\n|turn|12\n|\n|t:|1781385041\n|move|p2a: Mandibuzz|Toxic|p1a: Dewgong\n|-status|p1a: Dewgong|tox\n|move|p1a: Dewgong|Encore|p2a: Mandibuzz\n|-start|p2a: Mandibuzz|Encore\n|\n|-damage|p1a: Dewgong|302/322 tox|[from] psn\n|upkeep\n|turn|13\n|\n|t:|1781385045\n|switch|p2a: Pincurchin|Pincurchin, M|204/258\n|-fieldstart|move: Electric Terrain|[from] ability: Electric Surge|[of] p2a: Pincurchin\n|move|p1a: Dewgong|Ice Beam|p2a: Pincurchin\n|-damage|p2a: Pincurchin|128/258\n|-status|p2a: Pincurchin|frz\n|\n|-damage|p1a: Dewgong|262/322 tox|[from] psn\n|upkeep\n|turn|14\n|\n|t:|1781385048\n|move|p1a: Dewgong|Hydro Pump|p2a: Pincurchin\n|-crit|p2a: Pincurchin\n|-damage|p2a: Pincurchin|0 fnt\n|faint|p2a: Pincurchin\n|\n|-damage|p1a: Dewgong|202/322 tox|[from] psn\n|upkeep\n|\n|t:|1781385054\n|switch|p2a: Jolteon|Jolteon, L84, F|246/246\n|turn|15\n|\n|t:|1781385059\n|move|p2a: Jolteon|Shadow Ball|p1a: Dewgong\n|-damage|p1a: Dewgong|127/322 tox\n|move|p1a: Dewgong|Hydro Pump|p2a: Jolteon\n|-damage|p2a: Jolteon|131/246\n|\n|-damage|p1a: Dewgong|47/322 tox|[from] psn\n|upkeep\n|turn|16\n|\n|t:|1781385064\n|move|p2a: Jolteon|Shadow Ball|p1a: Dewgong\n|-damage|p1a: Dewgong|0 fnt\n|faint|p1a: Dewgong\n|\n|upkeep\n|j| rufoush\n|\n|t:|1781385075\n|switch|p1a: Comfey|Comfey, L85, F|225/225\n|turn|17\n|\n|t:|1781385087\n|switch|p2a: Azelf|Azelf, L82|110/257\n|move|p1a: Comfey|Calm Mind|p1a: Comfey\n|-boost|p1a: Comfey|spa|1\n|-boost|p1a: Comfey|spd|1\n|\n|-fieldend|move: Electric Terrain\n|upkeep\n|turn|18\n|\n|t:|1781385093\n|move|p2a: Azelf|Psyshock|p1a: Comfey\n|-damage|p1a: Comfey|87/225\n|move|p1a: Comfey|Calm Mind|p1a: Comfey\n|-boost|p1a: Comfey|spa|1\n|-boost|p1a: Comfey|spd|1\n|\n|-heal|p1a: Comfey|101/225|[from] item: Leftovers\n|upkeep\n|turn|19\n|\n|t:|1781385100\n|move|p1a: Comfey|Draining Kiss|p2a: Azelf\n|-damage|p2a: Azelf|1/257\n|-heal|p1a: Comfey|183/225|[from] drain|[of] p2a: Azelf\n|move|p2a: Azelf|Psyshock|p1a: Comfey\n|-damage|p1a: Comfey|48/225\n|\n|-heal|p1a: Comfey|62/225|[from] item: Leftovers\n|upkeep\n|turn|20\n|\n|t:|1781385103\n|move|p1a: Comfey|Draining Kiss|p2a: Azelf\n|-damage|p2a: Azelf|0 fnt\n|-heal|p1a: Comfey|63/225|[from] drain|[of] p2a: Azelf\n|faint|p2a: Azelf\n|\n|-heal|p1a: Comfey|77/225|[from] item: Leftovers\n|upkeep\n|l| rufoush\n|\n|t:|1781385106\n|switch|p2a: Cetitan|Cetitan, L82, F|412/412\n|turn|21\n|\n|t:|1781385109\n|switch|p1a: Spidops|Spidops, L96, M|121/271\n|-terastallize|p2a: Cetitan|Ice\n|move|p2a: Cetitan|Ice Spinner|p1a: Spidops\n|-damage|p1a: Spidops|27/271\n|\n|upkeep\n|turn|22\n|\n|t:|1781385116\n|move|p2a: Cetitan|Ice Shard|p1a: Spidops\n|-damage|p1a: Spidops|0 fnt\n|faint|p1a: Spidops\n|\n|upkeep\n|\n|t:|1781385119\n|switch|p1a: Iron Moth|Iron Moth, L78|253/253\n|turn|23\n|\n|t:|1781385123\n|switch|p2a: Decidueye|Decidueye, L88, M|190/281\n|move|p1a: Iron Moth|Fire Blast|p2a: Decidueye\n|-supereffective|p2a: Decidueye\n|-damage|p2a: Decidueye|40/281\n|-status|p2a: Decidueye|brn\n|\n|-damage|p2a: Decidueye|23/281 brn|[from] brn\n|upkeep\n|turn|24\n|\n|t:|1781385126\n|move|p1a: Iron Moth|Sludge Wave|p2a: Decidueye\n|-crit|p2a: Decidueye\n|-damage|p2a: Decidueye|0 fnt\n|faint|p2a: Decidueye\n|\n|upkeep\n|\n|t:|1781385128\n|switch|p2a: Jolteon|Jolteon, L84, F|131/246\n|turn|25\n|j| rufoush\n|\n|t:|1781385133\n|move|p2a: Jolteon|Thunderbolt|p1a: Iron Moth\n|-damage|p1a: Iron Moth|102/253\n|move|p1a: Iron Moth|Morning Sun|p1a: Iron Moth\n|-heal|p1a: Iron Moth|228/253\n|\n|upkeep\n|turn|26\n|\n|t:|1781385139\n|-end|p1a: Iron Moth|Quark Drive|[silent]\n|switch|p1a: Golurk|Golurk, L87|297/297\n|move|p2a: Jolteon|Thunderbolt|p1a: Golurk\n|-immune|p1a: Golurk\n|\n|upkeep\n|turn|27\n|\n|t:|1781385143\n|switch|p2a: Mandibuzz|Mandibuzz, L85, F|326/326\n|move|p1a: Golurk|Dynamic Punch|p2a: Mandibuzz\n|-damage|p2a: Mandibuzz|219/326\n|-start|p2a: Mandibuzz|confusion\n|-damage|p1a: Golurk|268/297|[from] item: Life Orb\n|\n|upkeep\n|turn|28\n|\n|t:|1781385148\n|switch|p1a: Iron Moth|Iron Moth, L78|228/253\n|-activate|p2a: Mandibuzz|confusion\n|move|p2a: Mandibuzz|Toxic|p1a: Iron Moth\n|-immune|p1a: Iron Moth\n|\n|upkeep\n|turn|29\n|\n|t:|1781385152\n|move|p1a: Iron Moth|Fire Blast|p2a: Mandibuzz|[miss]\n|-miss|p1a: Iron Moth|p2a: Mandibuzz\n|-end|p2a: Mandibuzz|confusion\n|move|p2a: Mandibuzz|Foul Play|p1a: Iron Moth\n|-damage|p1a: Iron Moth|146/253\n|\n|upkeep\n|turn|30\n|\n|t:|1781385161\n|move|p1a: Iron Moth|Fire Blast|p2a: Mandibuzz\n|-damage|p2a: Mandibuzz|102/326\n|move|p2a: Mandibuzz|Foul Play|p1a: Iron Moth\n|-damage|p1a: Iron Moth|67/253\n|\n|upkeep\n|turn|31\n|\n|t:|1781385168\n|move|p1a: Iron Moth|Fire Blast|p2a: Mandibuzz|[miss]\n|-miss|p1a: Iron Moth|p2a: Mandibuzz\n|move|p2a: Mandibuzz|Roost|p2a: Mandibuzz\n|-heal|p2a: Mandibuzz|265/326\n|-singleturn|p2a: Mandibuzz|move: Roost\n|\n|upkeep\n|turn|32\n|\n|t:|1781385171\n|move|p1a: Iron Moth|Morning Sun|p1a: Iron Moth\n|-heal|p1a: Iron Moth|193/253\n|move|p2a: Mandibuzz|Foul Play|p1a: Iron Moth\n|-damage|p1a: Iron Moth|109/253\n|\n|upkeep\n|turn|33\n|\n|t:|1781385174\n|move|p1a: Iron Moth|Fire Blast|p2a: Mandibuzz\n|-damage|p2a: Mandibuzz|147/326\n|-status|p2a: Mandibuzz|brn\n|move|p2a: Mandibuzz|Foul Play|p1a: Iron Moth\n|-damage|p1a: Iron Moth|69/253\n|\n|-damage|p2a: Mandibuzz|127/326 brn|[from] brn\n|upkeep\n|turn|34\n|\n|t:|1781385180\n|switch|p2a: Jolteon|Jolteon, L84, F|131/246\n|move|p1a: Iron Moth|Morning Sun|p1a: Iron Moth\n|-heal|p1a: Iron Moth|195/253\n|\n|upkeep\n|turn|35\n|\n|t:|1781385186\n|move|p2a: Jolteon|Shadow Ball|p1a: Iron Moth\n|-damage|p1a: Iron Moth|106/253\n|move|p1a: Iron Moth|Sludge Wave|p2a: Jolteon\n|-damage|p2a: Jolteon|14/246\n|\n|upkeep\n|turn|36\n|\n|t:|1781385191\n|move|p2a: Jolteon|Shadow Ball|p1a: Iron Moth\n|-crit|p1a: Iron Moth\n|-damage|p1a: Iron Moth|0 fnt\n|faint|p1a: Iron Moth\n|-end|p1a: Iron Moth|Quark Drive|[silent]\n|\n|upkeep\n|\n|t:|1781385193\n|switch|p1a: Comfey|Comfey, L85, F|77/225\n|turn|37\n|\n|t:|1781385196\n|move|p1a: Comfey|Draining Kiss|p2a: Jolteon\n|-damage|p2a: Jolteon|0 fnt\n|-heal|p1a: Comfey|88/225|[from] drain|[of] p2a: Jolteon\n|faint|p2a: Jolteon\n|\n|-heal|p1a: Comfey|102/225|[from] item: Leftovers\n|upkeep\n|\n|t:|1781385198\n|switch|p2a: Cetitan|Cetitan, L82, F, tera:Ice|412/412\n|turn|38\n|\n|t:|1781385203\n|move|p1a: Comfey|Draining Kiss|p2a: Cetitan\n|-damage|p2a: Cetitan|336/412\n|-heal|p1a: Comfey|159/225|[from] drain|[of] p2a: Cetitan\n|move|p2a: Cetitan|Ice Spinner|p1a: Comfey\n|-damage|p1a: Comfey|41/225\n|\n|-heal|p1a: Comfey|55/225|[from] item: Leftovers\n|upkeep\n|turn|39\n|\n|t:|1781385211\n|move|p1a: Comfey|Draining Kiss|p2a: Cetitan\n|-damage|p2a: Cetitan|263/412\n|-heal|p1a: Comfey|110/225|[from] drain|[of] p2a: Cetitan\n|move|p2a: Cetitan|Ice Spinner|p1a: Comfey\n|-damage|p1a: Comfey|0 fnt\n|faint|p1a: Comfey\n|\n|upkeep\n|\n|t:|1781385216\n|switch|p1a: Golurk|Golurk, L87|268/297\n|turn|40\n|\n|t:|1781385218\n|-terastallize|p1a: Golurk|Fighting\n|move|p2a: Cetitan|Ice Spinner|p1a: Golurk\n|-damage|p1a: Golurk|134/297\n|move|p1a: Golurk|Dynamic Punch|p2a: Cetitan\n|-supereffective|p2a: Cetitan\n|-damage|p2a: Cetitan|0 fnt\n|faint|p2a: Cetitan\n|-damage|p1a: Golurk|105/297|[from] item: Life Orb\n|\n|upkeep\n|\n|t:|1781385222\n|switch|p2a: Mandibuzz|Mandibuzz, L85, F|127/326 brn\n|turn|41\n|\n|t:|1781385227\n|move|p2a: Mandibuzz|Toxic|p1a: Golurk\n|-status|p1a: Golurk|tox\n|move|p1a: Golurk|Dynamic Punch|p2a: Mandibuzz\n|-damage|p2a: Mandibuzz|0 fnt\n|faint|p2a: Mandibuzz\n|-damage|p1a: Golurk|76/297 tox|[from] item: Life Orb\n|\n|win|F Boogie\n", "inputlog": ">version a8376a258c1d4662feba110a92103f3664a72141\n>start {\"formatid\":\"gen9randombattle\",\"seed\":\"sodium,608fad7c7adbf2aedfc50db6d9d5b8e1\",\"rated\":\"Rated battle\"}\n>player p1 {\"name\":\"F Boogie\",\"avatar\":\"veteran-gen4\",\"rating\":2132,\"seed\":\"sodium,752aa790af2a4d3de280849a76ef307a\"}\n>player p2 {\"name\":\"i like serperior\",\"avatar\":\"colress\",\"rating\":2098,\"seed\":\"sodium,b2fc3f01abd2801901cc137cd3db502b\"}\n>p1 move circlethrow\n>p2 switch 5\n>p1 move stickyweb\n>p2 move spiritshackle\n>p1 move uturn\n>p2 move knockoff\n>p1 switch 5\n>p1 move fireblast\n>p2 switch 6\n>p1 switch 6\n>p2 move psyshock\n>p1 move bodyslam\n>p2 move psyshock\n>p1 move bodyslam\n>p2 move psyshock\n>p1 switch 2\n>p1 move knockoff\n>p2 switch 4\n>p1 switch 4\n>p2 move zingzap\n>p1 move stealthrock\n>p2 switch 2\n>p1 switch 4\n>p2 move defog\n>p1 move encore\n>p2 move toxic\n>p1 move icebeam\n>p2 switch 2\n>p1 move hydropump\n>p2 move curse\n>p2 switch 3\n>p1 move hydropump\n>p2 move shadowball\n>p1 move knockoff\n>p2 move shadowball\n>p1 switch 3\n>p1 move calmmind\n>p2 switch 4\n>p1 move calmmind\n>p2 move psyshock\n>p1 move drainingkiss\n>p2 move psyshock\n>p1 move drainingkiss\n>p2 move psyshock\n>p2 switch 5\n>p1 switch 5\n>p2 move icespinner terastallize\n>p1 move circlethrow\n>p2 move iceshard\n>p1 switch 6\n>p1 move fireblast\n>p2 switch 6\n>p1 move sludgewave\n>p2 move knockoff\n>p2 switch 4\n>p1 move morningsun\n>p2 move thunderbolt\n>p1 switch 4\n>p2 move thunderbolt\n>p1 move dynamicpunch\n>p2 switch 2\n>p1 switch 4\n>p2 move toxic\n>p1 move fireblast\n>p2 move foulplay\n>p1 move fireblast\n>p2 move foulplay\n>p1 move fireblast\n>p2 move roost\n>p1 move morningsun\n>p2 move foulplay\n>p1 move fireblast\n>p2 move foulplay\n>p1 move morningsun\n>p2 switch 2\n>p1 move sludgewave\n>p2 move shadowball\n>p1 move morningsun\n>p2 move shadowball\n>p1 switch 5\n>p1 move drainingkiss\n>p2 move shadowball\n>p2 switch 6\n>p1 move drainingkiss\n>p2 move icespinner\n>p1 move drainingkiss\n>p2 move icespinner\n>p1 switch 4\n>p1 move dynamicpunch terastallize\n>p2 move icespinner\n>p2 switch 2\n>p1 move dynamicpunch\n>p2 move toxic", "uploadtime": 1781384959, "views": 11, "formatid": "gen9randombattle", "rating": null, "private": 0, "password": null}