{"id": "gen9randombattle-2631500137", "format": "[Gen 9] Random Battle", "players": ["Adbbb", "Samslade"], "log": "|j|\u2606Adbbb\n|j|\u2606Samslade\n|t:|1781392968\n|gametype|singles\n|player|p1|Adbbb|dawn|\n|player|p2|Samslade|170|\n|gen|9\n|tier|[Gen 9] Random Battle\n|rule|Species Clause: Limit one of each Pok\u00e9mon\n|rule|HP Percentage Mod: HP is shown in percentages\n|rule|Sleep Clause Mod: Limit one foe put to sleep\n|rule|Illusion Level Mod: Illusion disguises the Pok\u00e9mon's true level\n|\n|t:|1781392968\n|teamsize|p1|6\n|teamsize|p2|6\n|start\n|switch|p1a: Altaria|Altaria, L89, M|278/278\n|switch|p2a: Sableye|Sableye, L88, F|231/231\n|turn|1\n|\n|t:|1781393004\n|move|p2a: Sableye|Encore||[still]\n|-fail|p2a: Sableye\n|move|p1a: Altaria|Brave Bird|p2a: Sableye\n|-damage|p2a: Sableye|101/231\n|-damage|p1a: Altaria|235/278|[from] Recoil\n|\n|-heal|p2a: Sableye|115/231|[from] item: Leftovers\n|upkeep\n|turn|2\n|\n|t:|1781393022\n|move|p2a: Sableye|Thunder Wave|p1a: Altaria\n|-status|p1a: Altaria|par\n|cant|p1a: Altaria|par\n|\n|-heal|p2a: Sableye|129/231|[from] item: Leftovers\n|upkeep\n|turn|3\n|\n|t:|1781393031\n|move|p2a: Sableye|Knock Off|p1a: Altaria\n|-damage|p1a: Altaria|150/278 par\n|-enditem|p1a: Altaria|Heavy-Duty Boots|[from] move: Knock Off|[of] p2a: Sableye\n|cant|p1a: Altaria|par\n|\n|-heal|p2a: Sableye|143/231|[from] item: Leftovers\n|upkeep\n|turn|4\n|\n|t:|1781393051\n|switch|p2a: Sudowoodo|Sudowoodo, L94, M|284/284\n|cant|p1a: Altaria|par\n|\n|upkeep\n|turn|5\n|\n|t:|1781393061\n|move|p2a: Sudowoodo|Head Smash|p1a: Altaria\n|-supereffective|p1a: Altaria\n|-damage|p1a: Altaria|0 fnt\n|faint|p1a: Altaria\n|\n|upkeep\n|\n|t:|1781393075\n|switch|p1a: Tauros|Tauros, L82, M|257/257\n|turn|6\n|\n|t:|1781393091\n|move|p1a: Tauros|Earthquake|p2a: Sudowoodo\n|-supereffective|p2a: Sudowoodo\n|-damage|p2a: Sudowoodo|154/284\n|-damage|p1a: Tauros|232/257|[from] item: Life Orb\n|move|p2a: Sudowoodo|Head Smash|p1a: Tauros|[miss]\n|-miss|p2a: Sudowoodo|p1a: Tauros\n|\n|-heal|p2a: Sudowoodo|171/284|[from] item: Leftovers\n|upkeep\n|turn|7\n|\n|t:|1781393100\n|move|p1a: Tauros|Close Combat|p2a: Sudowoodo\n|-supereffective|p2a: Sudowoodo\n|-damage|p2a: Sudowoodo|28/284\n|-unboost|p1a: Tauros|def|1\n|-unboost|p1a: Tauros|spd|1\n|-damage|p1a: Tauros|207/257|[from] item: Life Orb\n|move|p2a: Sudowoodo|Earthquake|p1a: Tauros\n|-crit|p1a: Tauros\n|-damage|p1a: Tauros|26/257\n|\n|-heal|p2a: Sudowoodo|45/284|[from] item: Leftovers\n|upkeep\n|turn|8\n|\n|t:|1781393121\n|move|p1a: Tauros|Earthquake|p2a: Sudowoodo\n|-supereffective|p2a: Sudowoodo\n|-damage|p2a: Sudowoodo|0 fnt\n|faint|p2a: Sudowoodo\n|-damage|p1a: Tauros|1/257|[from] item: Life Orb\n|\n|upkeep\n|\n|t:|1781393131\n|switch|p2a: Sableye|Sableye, L88, F|143/231\n|turn|9\n|\n|t:|1781393143\n|move|p1a: Tauros|Throat Chop|p2a: Sableye\n|-damage|p2a: Sableye|39/231\n|move|p2a: Sableye|Knock Off|p1a: Tauros\n|-damage|p1a: Tauros|0 fnt\n|-enditem|p1a: Tauros|Life Orb|[from] move: Knock Off|[of] p2a: Sableye\n|faint|p1a: Tauros\n|\n|-heal|p2a: Sableye|53/231|[from] item: Leftovers\n|upkeep\n|\n|t:|1781393157\n|switch|p1a: Alcremie|Alcremie-Rainbow-Swirl, L90, F|263/263\n|turn|10\n|\n|t:|1781393165\n|move|p2a: Sableye|Encore|p1a: Alcremie\n|-block|p1a: Alcremie|ability: Aroma Veil|[of] p1a: Alcremie\n|move|p1a: Alcremie|Alluring Voice|p2a: Sableye\n|-supereffective|p2a: Sableye\n|-damage|p2a: Sableye|0 fnt\n|faint|p2a: Sableye\n|\n|upkeep\n|\n|t:|1781393187\n|switch|p2a: Ambipom|Ambipom, L84, F|263/263\n|turn|11\n|\n|t:|1781393202\n|move|p2a: Ambipom|Fake Out|p1a: Alcremie\n|-damage|p1a: Alcremie|176/263\n|cant|p1a: Alcremie|flinch\n|\n|-heal|p1a: Alcremie|192/263|[from] item: Leftovers\n|upkeep\n|turn|12\n|\n|t:|1781393210\n|move|p2a: Ambipom|Knock Off|p1a: Alcremie\n|-resisted|p1a: Alcremie\n|-damage|p1a: Alcremie|156/263\n|-enditem|p1a: Alcremie|Leftovers|[from] move: Knock Off|[of] p2a: Ambipom\n|move|p1a: Alcremie|Calm Mind|p1a: Alcremie\n|-boost|p1a: Alcremie|spa|1\n|-boost|p1a: Alcremie|spd|1\n|\n|upkeep\n|turn|13\n|\n|t:|1781393231\n|move|p2a: Ambipom|Double-Edge|p1a: Alcremie\n|-damage|p1a: Alcremie|0 fnt\n|faint|p1a: Alcremie\n|-damage|p2a: Ambipom|212/263|[from] Recoil\n|\n|upkeep\n|\n|t:|1781393241\n|switch|p1a: Cresselia|Cresselia, L80, F|323/323\n|turn|14\n|\n|t:|1781393251\n|move|p2a: Ambipom|Knock Off|p1a: Cresselia\n|-supereffective|p1a: Cresselia\n|-damage|p1a: Cresselia|193/323\n|-enditem|p1a: Cresselia|Leftovers|[from] move: Knock Off|[of] p2a: Ambipom\n|move|p1a: Cresselia|Calm Mind|p1a: Cresselia\n|-boost|p1a: Cresselia|spa|1\n|-boost|p1a: Cresselia|spd|1\n|\n|upkeep\n|turn|15\n|\n|t:|1781393260\n|move|p2a: Ambipom|Double-Edge|p1a: Cresselia\n|-damage|p1a: Cresselia|66/323\n|-damage|p2a: Ambipom|170/263|[from] Recoil\n|move|p1a: Cresselia|Moonlight|p1a: Cresselia\n|-heal|p1a: Cresselia|227/323\n|\n|upkeep\n|turn|16\n|\n|t:|1781393273\n|move|p2a: Ambipom|Double-Edge|p1a: Cresselia\n|-damage|p1a: Cresselia|98/323\n|-damage|p2a: Ambipom|127/263|[from] Recoil\n|move|p1a: Cresselia|Psyshock|p2a: Ambipom\n|-damage|p2a: Ambipom|7/263\n|\n|upkeep\n|turn|17\n|\n|t:|1781393281\n|move|p2a: Ambipom|Knock Off|p1a: Cresselia\n|-supereffective|p1a: Cresselia\n|-damage|p1a: Cresselia|14/323\n|move|p1a: Cresselia|Moonlight|p1a: Cresselia\n|-heal|p1a: Cresselia|175/323\n|\n|upkeep\n|turn|18\n|\n|t:|1781393302\n|move|p2a: Ambipom|Double-Edge|p1a: Cresselia\n|-damage|p1a: Cresselia|37/323\n|-damage|p2a: Ambipom|0 fnt|[from] Recoil\n|faint|p2a: Ambipom\n|move|p1a: Cresselia|Moonlight|p1a: Cresselia\n|-heal|p1a: Cresselia|198/323\n|\n|upkeep\n|\n|t:|1781393312\n|switch|p2a: Wugtrio|Wugtrio, L91, F|212/212\n|turn|19\n|\n|t:|1781393327\n|move|p2a: Wugtrio|Throat Chop|p1a: Cresselia\n|-supereffective|p1a: Cresselia\n|-damage|p1a: Cresselia|22/323\n|-start|p1a: Cresselia|Throat Chop|[silent]\n|move|p1a: Cresselia|Thunderbolt|p2a: Wugtrio\n|-supereffective|p2a: Wugtrio\n|-damage|p2a: Wugtrio|60/212\n|\n|upkeep\n|turn|20\n|\n|t:|1781393337\n|move|p2a: Wugtrio|Throat Chop|p1a: Cresselia\n|-supereffective|p1a: Cresselia\n|-damage|p1a: Cresselia|0 fnt\n|faint|p1a: Cresselia\n|\n|upkeep\n|\n|t:|1781393343\n|switch|p1a: Umbreon|Umbreon, L84, F|297/297\n|turn|21\n|\n|t:|1781393349\n|move|p2a: Wugtrio|Throat Chop|p1a: Umbreon\n|-resisted|p1a: Umbreon\n|-damage|p1a: Umbreon|251/297\n|-start|p1a: Umbreon|Throat Chop|[silent]\n|move|p1a: Umbreon|Toxic|p2a: Wugtrio\n|-status|p2a: Wugtrio|tox\n|\n|-heal|p1a: Umbreon|269/297|[from] item: Leftovers\n|-damage|p2a: Wugtrio|47/212 tox|[from] psn\n|upkeep\n|turn|22\n|\n|t:|1781393361\n|move|p2a: Wugtrio|Throat Chop|p1a: Umbreon\n|-resisted|p1a: Umbreon\n|-damage|p1a: Umbreon|227/297\n|move|p1a: Umbreon|Foul Play|p2a: Wugtrio\n|-damage|p2a: Wugtrio|0 fnt\n|-ability|p2a: Wugtrio|Gooey\n|-unboost|p1a: Umbreon|spe|1\n|faint|p2a: Wugtrio\n|\n|-heal|p1a: Umbreon|245/297|[from] item: Leftovers\n|-end|p1a: Umbreon|Throat Chop|[silent]\n|upkeep\n|\n|t:|1781393377\n|switch|p2a: Calyrex|Calyrex-Ice, L72|263/263\n|-ability|p2a: Calyrex|As One\n|-ability|p2a: Calyrex|Unnerve\n|turn|23\n|\n|t:|1781393387\n|move|p1a: Umbreon|Foul Play|p2a: Calyrex\n|-supereffective|p2a: Calyrex\n|-damage|p2a: Calyrex|51/263\n|move|p2a: Calyrex|Close Combat|p1a: Umbreon\n|-supereffective|p1a: Umbreon\n|-damage|p1a: Umbreon|91/297\n|-unboost|p2a: Calyrex|def|1\n|-unboost|p2a: Calyrex|spd|1\n|\n|-heal|p1a: Umbreon|109/297|[from] item: Leftovers\n|upkeep\n|turn|24\n|\n|t:|1781393401\n|move|p1a: Umbreon|Foul Play|p2a: Calyrex\n|-supereffective|p2a: Calyrex\n|-damage|p2a: Calyrex|0 fnt\n|faint|p2a: Calyrex\n|\n|-heal|p1a: Umbreon|127/297|[from] item: Leftovers\n|upkeep\n|\n|t:|1781393408\n|switch|p2a: Eelektross|Eelektross, L87, M|290/290\n|turn|25\n|\n|t:|1781393427\n|move|p2a: Eelektross|Drain Punch|p1a: Umbreon\n|-supereffective|p1a: Umbreon\n|-damage|p1a: Umbreon|9/297\n|move|p1a: Umbreon|Toxic|p2a: Eelektross\n|-status|p2a: Eelektross|tox\n|\n|-heal|p1a: Umbreon|27/297|[from] item: Leftovers\n|-damage|p2a: Eelektross|272/290 tox|[from] psn\n|upkeep\n|turn|26\n|\n|t:|1781393440\n|move|p1a: Umbreon|Protect|p1a: Umbreon\n|-singleturn|p1a: Umbreon|Protect\n|move|p2a: Eelektross|Drain Punch|p1a: Umbreon\n|-activate|p1a: Umbreon|move: Protect\n|\n|-heal|p2a: Eelektross|290/290 tox|[from] item: Leftovers\n|-heal|p1a: Umbreon|45/297|[from] item: Leftovers\n|-damage|p2a: Eelektross|254/290 tox|[from] psn\n|upkeep\n|turn|27\n|\n|t:|1781393457\n|switch|p1a: Giratina|Giratina-Origin, L72|335/335\n|move|p2a: Eelektross|Fire Punch|p1a: Giratina\n|-resisted|p1a: Giratina\n|-damage|p1a: Giratina|300/335\n|\n|-heal|p2a: Eelektross|272/290 tox|[from] item: Leftovers\n|-damage|p2a: Eelektross|218/290 tox|[from] psn\n|upkeep\n|turn|28\n|\n|t:|1781393475\n|move|p1a: Giratina|Poltergeist|p2a: Eelektross\n|-activate|p2a: Eelektross|move: Poltergeist|Leftovers\n|-damage|p2a: Eelektross|101/290 tox\n|move|p2a: Eelektross|Coil|p2a: Eelektross\n|-boost|p2a: Eelektross|atk|1\n|-boost|p2a: Eelektross|def|1\n|-boost|p2a: Eelektross|accuracy|1\n|\n|-heal|p2a: Eelektross|119/290 tox|[from] item: Leftovers\n|-damage|p2a: Eelektross|47/290 tox|[from] psn\n|upkeep\n|turn|29\n|\n|t:|1781393493\n|move|p1a: Giratina|Draco Meteor|p2a: Eelektross\n|-damage|p2a: Eelektross|0 fnt\n|-unboost|p1a: Giratina|spa|2\n|faint|p2a: Eelektross\n|\n|win|Adbbb\n", "inputlog": ">version a8376a258c1d4662feba110a92103f3664a72141\n>start {\"formatid\":\"gen9randombattle\",\"seed\":\"sodium,e5f3555e16c1960dffea70461f521106\"}\n>player p1 {\"name\":\"Adbbb\",\"avatar\":\"dawn\",\"rating\":0,\"seed\":\"sodium,e09b8ab941865bc06c8a4247b79b5eb5\"}\n>player p2 {\"name\":\"Samslade\",\"avatar\":\"170\",\"rating\":0,\"seed\":\"sodium,e5e6e9109e6e6c1f1f23cc2369f1e68e\"}\n>p1 move bravebird\n>p2 move encore\n>p1 move bravebird\n>p2 move thunderwave\n>p1 move bravebird\n>p2 move knockoff\n>p1 move bravebird\n>p2 switch 4\n>p1 move roost\n>p2 move headsmash\n>p1 switch 3\n>p1 move earthquake\n>p2 move headsmash\n>p1 move closecombat\n>p2 move earthquake\n>p1 move earthquake\n>p2 move headsmash\n>p2 switch 4\n>p1 move throatchop\n>p2 move knockoff\n>p1 switch 6\n>p1 move alluringvoice\n>p2 move encore\n>p2 switch 3\n>p1 move calmmind\n>p2 move fakeout\n>p1 move calmmind\n>p2 move knockoff\n>p1 move recover\n>p2 move doubleedge\n>p1 switch 5\n>p1 move calmmind\n>p2 move knockoff\n>p1 move moonlight\n>p2 move doubleedge\n>p1 move psyshock\n>p2 move doubleedge\n>p1 move moonlight\n>p2 move knockoff\n>p1 move moonlight\n>p2 move doubleedge\n>p2 switch 6\n>p1 move thunderbolt\n>p2 move throatchop\n>p1 move moonlight\n>p2 move throatchop\n>p1 switch 2\n>p1 move toxic\n>p2 move throatchop\n>p1 move foulplay\n>p2 move throatchop\n>p2 switch 2\n>p1 move foulplay\n>p2 move closecombat\n>p1 move foulplay\n>p2 move glaciallance\n>p2 switch 5\n>p1 move toxic\n>p2 move drainpunch\n>p1 move protect\n>p2 move drainpunch\n>p1 switch 4\n>p2 move firepunch\n>p1 move poltergeist\n>p2 move coil\n>p1 move dracometeor\n>p2 move supercellslam", "uploadtime": 1781393500, "views": 16, "formatid": "gen9randombattle", "rating": null, "private": 0, "password": null}