{"id": "gen9randombattle-2631491820", "format": "[Gen 9] Random Battle", "players": ["hdhddhdhdhhdbds", "Jaimzzzz"], "log": "|j|\u2606hdhddhdhdhhdbds\n|j|\u2606Jaimzzzz\n|t:|1781391837\n|gametype|singles\n|player|p1|hdhddhdhdhhdbds|2|1040\n|player|p2|Jaimzzzz|266|1000\n|gen|9\n|tier|[Gen 9] Random Battle\n|rated|\n|rule|Species Clause: Limit one of each Pok\u00e9mon\n|rule|HP Percentage Mod: HP is shown in percentages\n|rule|Sleep Clause Mod: Limit one foe put to sleep\n|rule|Illusion Level Mod: Illusion disguises the Pok\u00e9mon's true level\n|\n|t:|1781391837\n|teamsize|p1|6\n|teamsize|p2|6\n|start\n|switch|p1a: Mightyena|Mightyena, L96, M|290/290\n|switch|p2a: Tinkaton|Tinkaton, L82, F|235/235\n|-ability|p1a: Mightyena|Intimidate|boost\n|-unboost|p2a: Tinkaton|atk|1\n|turn|1\n|\n|t:|1781391861\n|switch|p1a: Araquanid|Araquanid, L82, F|246/246\n|move|p2a: Tinkaton|Sludge Bomb|p1a: Araquanid\n|-damage|p1a: Araquanid|167/246\n|\n|upkeep\n|turn|2\n|\n|t:|1781391885\n|switch|p2a: Latias|Latias, L79, F|256/256\n|move|p1a: Araquanid|Sticky Web|p2a: Latias\n|-sidestart|p2: Jaimzzzz|move: Sticky Web\n|\n|upkeep\n|turn|3\n|\n|t:|1781391899\n|move|p2a: Latias|Calm Mind|p2a: Latias\n|-boost|p2a: Latias|spa|1\n|-boost|p2a: Latias|spd|1\n|move|p1a: Araquanid|Leech Life|p2a: Latias\n|-supereffective|p2a: Latias\n|-damage|p2a: Latias|134/256\n|-heal|p1a: Araquanid|228/246|[from] drain|[of] p2a: Latias\n|\n|upkeep\n|turn|4\n|\n|t:|1781391914\n|switch|p1a: Mightyena|Mightyena, L96, M|290/290\n|-ability|p1a: Mightyena|Intimidate|boost\n|-unboost|p2a: Latias|atk|1\n|move|p2a: Latias|Draco Meteor|p1a: Mightyena\n|-damage|p1a: Mightyena|118/290\n|-unboost|p2a: Latias|spa|2\n|\n|upkeep\n|turn|5\n|\n|t:|1781391945\n|move|p2a: Latias|Recover|p2a: Latias\n|-heal|p2a: Latias|256/256\n|move|p1a: Mightyena|Super Fang|p2a: Latias\n|-damage|p2a: Latias|128/256\n|\n|upkeep\n|turn|6\n|\n|t:|1781391952\n|move|p2a: Latias|Draco Meteor|p1a: Mightyena|[miss]\n|-miss|p2a: Latias|p1a: Mightyena\n|move|p1a: Mightyena|Crunch|p2a: Latias\n|-supereffective|p2a: Latias\n|-damage|p2a: Latias|0 fnt\n|faint|p2a: Latias\n|\n|upkeep\n|\n|t:|1781391962\n|switch|p2a: Krookodile|Krookodile, L79, F|280/280\n|-activate|p2a: Krookodile|move: Sticky Web\n|-unboost|p2a: Krookodile|spe|1\n|-ability|p2a: Krookodile|Intimidate|boost\n|-unboost|p1a: Mightyena|atk|1\n|turn|7\n|\n|t:|1781391973\n|move|p1a: Mightyena|Super Fang|p2a: Krookodile\n|-damage|p2a: Krookodile|140/280\n|move|p2a: Krookodile|Earthquake|p1a: Mightyena\n|-damage|p1a: Mightyena|13/290\n|\n|-heal|p2a: Krookodile|157/280|[from] item: Leftovers\n|upkeep\n|turn|8\n|\n|t:|1781391986\n|move|p1a: Mightyena|Play Rough|p2a: Krookodile|[miss]\n|-miss|p1a: Mightyena|p2a: Krookodile\n|move|p2a: Krookodile|Bulk Up|p2a: Krookodile\n|-boost|p2a: Krookodile|atk|1\n|-boost|p2a: Krookodile|def|1\n|\n|-heal|p2a: Krookodile|174/280|[from] item: Leftovers\n|upkeep\n|turn|9\n|\n|t:|1781392005\n|move|p1a: Mightyena|Play Rough|p2a: Krookodile\n|-supereffective|p2a: Krookodile\n|-damage|p2a: Krookodile|90/280\n|move|p2a: Krookodile|Bulk Up|p2a: Krookodile\n|-boost|p2a: Krookodile|atk|1\n|-boost|p2a: Krookodile|def|1\n|\n|-heal|p2a: Krookodile|107/280|[from] item: Leftovers\n|upkeep\n|turn|10\n|\n|t:|1781392015\n|move|p1a: Mightyena|Poison Fang|p2a: Krookodile\n|-resisted|p2a: Krookodile\n|-damage|p2a: Krookodile|99/280\n|move|p2a: Krookodile|Gunk Shot|p1a: Mightyena\n|-damage|p1a: Mightyena|0 fnt\n|faint|p1a: Mightyena\n|\n|-heal|p2a: Krookodile|116/280|[from] item: Leftovers\n|upkeep\n|\n|t:|1781392026\n|switch|p1a: Calyrex|Calyrex-Shadow, L64|235/235\n|-ability|p1a: Calyrex|As One\n|-ability|p1a: Calyrex|Unnerve\n|turn|11\n|\n|t:|1781392037\n|move|p1a: Calyrex|Pollen Puff|p2a: Krookodile\n|-supereffective|p2a: Krookodile\n|-damage|p2a: Krookodile|0 fnt\n|faint|p2a: Krookodile\n|-ability|p1a: Calyrex|Grim Neigh|boost\n|-boost|p1a: Calyrex|spa|1\n|\n|upkeep\n|\n|t:|1781392047\n|switch|p2a: Houndstone|Houndstone, L86, F|264/264\n|-activate|p2a: Houndstone|move: Sticky Web\n|-unboost|p2a: Houndstone|spe|1\n|turn|12\n|\n|t:|1781392054\n|switch|p1a: Bombirdier|Bombirdier, L85, F|258/258\n|move|p2a: Houndstone|Poltergeist|p1a: Bombirdier|[miss]\n|-miss|p2a: Houndstone|p1a: Bombirdier\n|\n|upkeep\n|turn|13\n|\n|t:|1781392074\n|switch|p2a: Tinkaton|Tinkaton, L82, F|235/235\n|-activate|p2a: Tinkaton|move: Sticky Web\n|-unboost|p2a: Tinkaton|spe|1\n|move|p1a: Bombirdier|Knock Off|p2a: Tinkaton\n|-resisted|p2a: Tinkaton\n|-damage|p2a: Tinkaton|133/235\n|replace|p2a: Zoroark|Zoroark, L83, F\n|-end|p2a: Zoroark|Illusion\n|-hint|Illusion Level Mod is active, so this Pok\u00e9mon's true level was hidden.\n|-enditem|p2a: Zoroark|Choice Specs|[from] move: Knock Off|[of] p1a: Bombirdier\n|\n|upkeep\n|turn|14\n|\n|t:|1781392095\n|switch|p1a: Araquanid|Araquanid, L82, F|228/246\n|move|p2a: Zoroark|Sludge Bomb|p1a: Araquanid\n|-damage|p1a: Araquanid|174/246\n|\n|upkeep\n|turn|15\n|\n|t:|1781392108\n|move|p2a: Zoroark|Dark Pulse|p1a: Araquanid\n|-damage|p1a: Araquanid|101/246\n|move|p1a: Araquanid|Leech Life|p2a: Zoroark\n|-supereffective|p2a: Zoroark\n|-damage|p2a: Zoroark|0 fnt\n|-heal|p1a: Araquanid|168/246|[from] drain|[of] p2a: Zoroark\n|faint|p2a: Zoroark\n|\n|upkeep\n|\n|t:|1781392118\n|switch|p2a: Houndstone|Houndstone, L86, F|264/264\n|-activate|p2a: Houndstone|move: Sticky Web\n|-unboost|p2a: Houndstone|spe|1\n|turn|16\n|\n|t:|1781392130\n|move|p1a: Araquanid|Hydro Pump|p2a: Houndstone\n|-damage|p2a: Houndstone|146/264\n|move|p2a: Houndstone|Poltergeist|p1a: Araquanid\n|-activate|p1a: Araquanid|move: Poltergeist|Heavy-Duty Boots\n|-damage|p1a: Araquanid|38/246\n|\n|-heal|p2a: Houndstone|162/264|[from] item: Leftovers\n|upkeep\n|turn|17\n|\n|t:|1781392144\n|move|p1a: Araquanid|Hydro Pump|p2a: Houndstone\n|-damage|p2a: Houndstone|42/264\n|move|p2a: Houndstone|Poltergeist|p1a: Araquanid\n|-activate|p1a: Araquanid|move: Poltergeist|Heavy-Duty Boots\n|-damage|p1a: Araquanid|0 fnt\n|faint|p1a: Araquanid\n|\n|-heal|p2a: Houndstone|58/264|[from] item: Leftovers\n|upkeep\n|\n|t:|1781392151\n|switch|p1a: Mamoswine|Mamoswine, L81, F|311/311\n|turn|18\n|\n|t:|1781392156\n|switch|p2a: Delphox|Delphox, L84, M|263/263\n|move|p1a: Mamoswine|Earthquake|p2a: Delphox\n|-supereffective|p2a: Delphox\n|-damage|p2a: Delphox|0 fnt\n|faint|p2a: Delphox\n|-damage|p1a: Mamoswine|280/311|[from] item: Life Orb\n|\n|upkeep\n|\n|t:|1781392164\n|switch|p2a: Tinkaton|Tinkaton, L82, F|274/274\n|-activate|p2a: Tinkaton|move: Sticky Web\n|-unboost|p2a: Tinkaton|spe|1\n|-ability|p2a: Tinkaton|Mold Breaker\n|turn|19\n|\n|t:|1781392185\n|move|p1a: Mamoswine|Earthquake|p2a: Tinkaton\n|-supereffective|p2a: Tinkaton\n|-damage|p2a: Tinkaton|0 fnt\n|faint|p2a: Tinkaton\n|-damage|p1a: Mamoswine|249/311|[from] item: Life Orb\n|\n|upkeep\n|\n|t:|1781392190\n|switch|p2a: Houndstone|Houndstone, L86, F|58/264\n|-activate|p2a: Houndstone|move: Sticky Web\n|-unboost|p2a: Houndstone|spe|1\n|turn|20\n|\n|t:|1781392195\n|move|p1a: Mamoswine|Earthquake|p2a: Houndstone\n|-damage|p2a: Houndstone|0 fnt\n|faint|p2a: Houndstone\n|-damage|p1a: Mamoswine|218/311|[from] item: Life Orb\n|\n|win|hdhddhdhdhhdbds\n|raw|hdhddhdhdhhdbds's rating: 1070 &rarr; <strong>1094</strong><br />(+24 for winning)\n|raw|Jaimzzzz's rating: 1000 &rarr; <strong>1000</strong><br />(+0 for losing)\n", "uploadtime": 1781392197, "views": 2, "formatid": "gen9randombattle", "rating": 1000, "private": 0, "password": null}