{"id": "gen9randombattle-2631503517", "format": "[Gen 9] Random Battle", "players": ["PMCJTMred", "Alexspitzcharles"], "log": "|j|\u2606PMCJTMred\n|j|\u2606Alexspitzcharles\n|t:|1781393451\n|gametype|singles\n|player|p1|PMCJTMred|ethan|1877\n|player|p2|Alexspitzcharles|170|1931\n|gen|9\n|tier|[Gen 9] Random Battle\n|rated|\n|rule|Species Clause: Limit one of each Pok\u00e9mon\n|rule|HP Percentage Mod: HP is shown in percentages\n|rule|Sleep Clause Mod: Limit one foe put to sleep\n|rule|Illusion Level Mod: Illusion disguises the Pok\u00e9mon's true level\n|\n|t:|1781393451\n|teamsize|p1|6\n|teamsize|p2|6\n|start\n|switch|p1a: Minun|Minun, L95, M|268/268\n|switch|p2a: Arboliva|Arboliva, L91, F|288/288\n|turn|1\n|inactive|Battle timer is ON: inactive players will automatically lose when time's up. (requested by PMCJTMred)\n|\n|t:|1781393473\n|switch|p1a: Pelipper|Pelipper, L86, F|243/243\n|-weather|RainDance|[from] ability: Drizzle|[of] p1a: Pelipper\n|move|p2a: Arboliva|Hyper Voice|p1a: Pelipper\n|-damage|p1a: Pelipper|75/243\n|\n|-weather|RainDance|[upkeep]\n|upkeep\n|turn|2\n|\n|t:|1781393478\n|move|p2a: Arboliva|Protect|p2a: Arboliva\n|-singleturn|p2a: Arboliva|Protect\n|move|p1a: Pelipper|Hurricane|p2a: Arboliva\n|-activate|p2a: Arboliva|move: Protect\n|\n|-weather|RainDance|[upkeep]\n|upkeep\n|turn|3\n|\n|t:|1781393489\n|switch|p2a: Jolteon|Jolteon, L84, M|246/246\n|move|p1a: Pelipper|Hurricane|p2a: Jolteon\n|-resisted|p2a: Jolteon\n|-damage|p2a: Jolteon|161/246\n|\n|-weather|RainDance|[upkeep]\n|-heal|p2a: Jolteon|176/246|[from] item: Leftovers\n|upkeep\n|turn|4\n|\n|t:|1781393497\n|switch|p1a: Sandaconda|Sandaconda, L84, M|258/258\n|move|p2a: Jolteon|Substitute|p2a: Jolteon\n|-start|p2a: Jolteon|Substitute\n|-damage|p2a: Jolteon|115/246\n|\n|-weather|RainDance|[upkeep]\n|-heal|p2a: Jolteon|130/246|[from] item: Leftovers\n|upkeep\n|turn|5\n|\n|t:|1781393503\n|move|p2a: Jolteon|Calm Mind|p2a: Jolteon\n|-boost|p2a: Jolteon|spa|1\n|-boost|p2a: Jolteon|spd|1\n|move|p1a: Sandaconda|Earthquake|p2a: Jolteon\n|-supereffective|p2a: Jolteon\n|-end|p2a: Jolteon|Substitute\n|\n|-weather|none\n|-heal|p2a: Jolteon|145/246|[from] item: Leftovers\n|upkeep\n|turn|6\n|\n|t:|1781393517\n|-terastallize|p2a: Jolteon|Ice\n|move|p2a: Jolteon|Tera Blast|p1a: Sandaconda|[anim] Tera Blast Ice\n|-supereffective|p1a: Sandaconda\n|-crit|p1a: Sandaconda\n|-damage|p1a: Sandaconda|0 fnt\n|faint|p1a: Sandaconda\n|\n|-heal|p2a: Jolteon|160/246|[from] item: Leftovers\n|upkeep\n|\n|t:|1781393523\n|switch|p1a: Zamazenta|Zamazenta, L71|248/248\n|-ability|p1a: Zamazenta|Dauntless Shield|boost\n|-boost|p1a: Zamazenta|def|1\n|turn|7\n|\n|t:|1781393530\n|move|p2a: Jolteon|Substitute|p2a: Jolteon\n|-start|p2a: Jolteon|Substitute\n|-damage|p2a: Jolteon|99/246\n|move|p1a: Zamazenta|Body Press|p2a: Jolteon\n|-supereffective|p2a: Jolteon\n|-end|p2a: Jolteon|Substitute\n|\n|-heal|p2a: Jolteon|114/246|[from] item: Leftovers\n|upkeep\n|turn|8\n|\n|t:|1781393540\n|move|p2a: Jolteon|Thunderbolt|p1a: Zamazenta\n|-damage|p1a: Zamazenta|85/248\n|move|p1a: Zamazenta|Body Press|p2a: Jolteon\n|-supereffective|p2a: Jolteon\n|-damage|p2a: Jolteon|0 fnt\n|faint|p2a: Jolteon\n|\n|-heal|p1a: Zamazenta|100/248|[from] item: Leftovers\n|upkeep\n|\n|t:|1781393545\n|switch|p2a: Ogerpon|Ogerpon-Wellspring, L76, F|247/247\n|turn|9\n|\n|t:|1781393554\n|move|p1a: Zamazenta|Iron Defense|p1a: Zamazenta\n|-boost|p1a: Zamazenta|def|2\n|move|p2a: Ogerpon|Ivy Cudgel|p1a: Zamazenta|[anim] Ivy Cudgel Water\n|-damage|p1a: Zamazenta|55/248\n|\n|-heal|p1a: Zamazenta|70/248|[from] item: Leftovers\n|upkeep\n|turn|10\n|\n|t:|1781393563\n|move|p1a: Zamazenta|Substitute|p1a: Zamazenta\n|-start|p1a: Zamazenta|Substitute\n|-damage|p1a: Zamazenta|8/248\n|move|p2a: Ogerpon|Play Rough|p1a: Zamazenta\n|-supereffective|p1a: Zamazenta\n|-end|p1a: Zamazenta|Substitute\n|\n|-heal|p1a: Zamazenta|23/248|[from] item: Leftovers\n|upkeep\n|turn|11\n|\n|t:|1781393569\n|move|p1a: Zamazenta|Body Press|p2a: Ogerpon\n|-damage|p2a: Ogerpon|60/247\n|move|p2a: Ogerpon|Ivy Cudgel|p1a: Zamazenta|[anim] Ivy Cudgel Water\n|-damage|p1a: Zamazenta|0 fnt\n|faint|p1a: Zamazenta\n|\n|upkeep\n|\n|t:|1781393573\n|switch|p1a: Minun|Minun, L95, M|268/268\n|turn|12\n|\n|t:|1781393589\n|switch|p2a: Ursaluna|Ursaluna, L79, F|335/335\n|move|p1a: Minun|Alluring Voice|p2a: Ursaluna\n|-damage|p2a: Ursaluna|253/335\n|-damage|p1a: Minun|242/268|[from] item: Life Orb\n|\n|-status|p2a: Ursaluna|brn|[from] item: Flame Orb\n|upkeep\n|turn|13\n|\n|t:|1781393598\n|move|p1a: Minun|Grass Knot|p2a: Ursaluna\n|-supereffective|p2a: Ursaluna\n|-damage|p2a: Ursaluna|0 fnt\n|faint|p2a: Ursaluna\n|-damage|p1a: Minun|216/268|[from] item: Life Orb\n|\n|upkeep\n|\n|t:|1781393600\n|switch|p2a: Arboliva|Arboliva, L91, F|288/288\n|turn|14\n|\n|t:|1781393605\n|switch|p1a: Sunflora|Sunflora, F|312/312\n|move|p2a: Arboliva|Hyper Voice|p1a: Sunflora\n|-damage|p1a: Sunflora|201/312\n|\n|upkeep\n|turn|15\n|\n|t:|1781393608\n|move|p2a: Arboliva|Substitute|p2a: Arboliva\n|-start|p2a: Arboliva|Substitute\n|-damage|p2a: Arboliva|216/288\n|move|p1a: Sunflora|Sludge Bomb|p2a: Arboliva\n|-supereffective|p2a: Arboliva\n|-end|p2a: Arboliva|Substitute\n|\n|upkeep\n|turn|16\n|\n|t:|1781393617\n|switch|p1a: Pelipper|Pelipper, L86, F|75/243\n|-weather|RainDance|[from] ability: Drizzle|[of] p1a: Pelipper\n|move|p2a: Arboliva|Hyper Voice|p1a: Pelipper\n|-damage|p1a: Pelipper|0 fnt\n|faint|p1a: Pelipper\n|\n|-weather|RainDance|[upkeep]\n|upkeep\n|\n|t:|1781393621\n|switch|p1a: Sunflora|Sunflora, F|201/312\n|turn|17\n|\n|t:|1781393646\n|move|p2a: Arboliva|Protect|p2a: Arboliva\n|-singleturn|p2a: Arboliva|Protect\n|move|p1a: Sunflora|Sludge Bomb|p2a: Arboliva\n|-activate|p2a: Arboliva|move: Protect\n|\n|-weather|RainDance|[upkeep]\n|upkeep\n|turn|18\n|\n|t:|1781393656\n|move|p2a: Arboliva|Hyper Voice|p1a: Sunflora\n|-damage|p1a: Sunflora|83/312\n|move|p1a: Sunflora|Sludge Bomb|p2a: Arboliva\n|-supereffective|p2a: Arboliva\n|-damage|p2a: Arboliva|0 fnt\n|faint|p2a: Arboliva\n|\n|-weather|RainDance|[upkeep]\n|upkeep\n|\n|t:|1781393670\n|switch|p2a: Ogerpon|Ogerpon-Wellspring, L76, F|60/247\n|turn|19\n|\n|t:|1781393675\n|move|p2a: Ogerpon|Ivy Cudgel|p1a: Sunflora|[anim] Ivy Cudgel Water\n|-resisted|p1a: Sunflora\n|-damage|p1a: Sunflora|0 fnt\n|faint|p1a: Sunflora\n|\n|-weather|RainDance|[upkeep]\n|upkeep\n|\n|t:|1781393676\n|switch|p1a: Minun|Minun, L95, M|216/268\n|turn|20\n|\n|t:|1781393681\n|move|p1a: Minun|Thunderbolt|p2a: Ogerpon\n|-damage|p2a: Ogerpon|0 fnt\n|faint|p2a: Ogerpon\n|-damage|p1a: Minun|190/268|[from] item: Life Orb\n|\n|-weather|none\n|upkeep\n|\n|t:|1781393685\n|switch|p2a: Terrakion|Terrakion, L79|273/273\n|turn|21\n|\n|t:|1781393693\n|switch|p1a: Mesprit|Mesprit, L85|275/275\n|move|p2a: Terrakion|Earthquake|p1a: Mesprit\n|-immune|p1a: Mesprit|[from] ability: Levitate\n|\n|upkeep\n|turn|22\n|\n|t:|1781393699\n|switch|p2a: Miraidon|Miraidon, L65|238/238\n|-fieldstart|move: Electric Terrain|[from] ability: Hadron Engine|[of] p2a: Miraidon\n|move|p1a: Mesprit|Psychic Noise|p2a: Miraidon\n|-damage|p2a: Miraidon|148/238\n|-start|p2a: Miraidon|move: Heal Block\n|\n|upkeep\n|turn|23\n|\n|t:|1781393707\n|move|p2a: Miraidon|Draco Meteor|p1a: Mesprit\n|-damage|p1a: Mesprit|85/275\n|-unboost|p2a: Miraidon|spa|2\n|move|p1a: Mesprit|Psychic Noise|p2a: Miraidon\n|-damage|p2a: Miraidon|58/238\n|\n|-heal|p1a: Mesprit|102/275|[from] item: Leftovers\n|-end|p2a: Miraidon|move: Heal Block\n|upkeep\n|turn|24\n|\n|t:|1781393720\n|move|p2a: Miraidon|Draco Meteor|p1a: Mesprit\n|-damage|p1a: Mesprit|12/275\n|-unboost|p2a: Miraidon|spa|2\n|move|p1a: Mesprit|Drain Punch|p2a: Miraidon\n|-damage|p2a: Miraidon|0 fnt\n|-heal|p1a: Mesprit|41/275|[from] drain|[of] p2a: Miraidon\n|faint|p2a: Miraidon\n|\n|-heal|p1a: Mesprit|58/275|[from] item: Leftovers\n|upkeep\n|\n|t:|1781393724\n|switch|p2a: Terrakion|Terrakion, L79|273/273\n|turn|25\n|\n|t:|1781393730\n|move|p2a: Terrakion|Stone Edge|p1a: Mesprit\n|-damage|p1a: Mesprit|0 fnt\n|faint|p1a: Mesprit\n|-damage|p2a: Terrakion|246/273|[from] item: Life Orb\n|\n|upkeep\n|\n|t:|1781393733\n|switch|p1a: Minun|Minun, L95, M|190/268\n|turn|26\n|\n|t:|1781393743\n|-terastallize|p1a: Minun|Electric\n|move|p1a: Minun|Thunderbolt|p2a: Terrakion\n|-damage|p2a: Terrakion|0 fnt\n|faint|p2a: Terrakion\n|-damage|p1a: Minun|164/268|[from] item: Life Orb\n|\n|win|PMCJTMred\n|raw|PMCJTMred's rating: 1877 &rarr; <strong>1899</strong><br />(+22 for winning)\n|raw|Alexspitzcharles's rating: 1908 &rarr; <strong>1886</strong><br />(-22 for losing)\n", "inputlog": ">version a8376a258c1d4662feba110a92103f3664a72141\n>start {\"formatid\":\"gen9randombattle\",\"seed\":\"sodium,cd1594abb3167031e9e2754801721a60\",\"rated\":\"Rated battle\"}\n>player p1 {\"name\":\"PMCJTMred\",\"avatar\":\"ethan\",\"rating\":1877,\"seed\":\"sodium,0a301eb18246662917318058abc83cd7\"}\n>player p2 {\"name\":\"Alexspitzcharles\",\"avatar\":\"170\",\"rating\":1931,\"seed\":\"sodium,4246a9272ac38598ee6d66dbc45b2dd5\"}\n>p1 switch 4\n>p2 move hypervoice\n>p1 move hurricane\n>p2 move protect\n>p1 move hurricane\n>p2 switch 2\n>p1 switch 5\n>p2 move substitute\n>p1 move earthquake\n>p2 move calmmind\n>p1 move scaleshot\n>p2 move terablast terastallize\n>p1 switch 2\n>p1 move bodypress\n>p2 move substitute\n>p1 move bodypress\n>p2 move thunderbolt\n>p2 switch 6\n>p1 move irondefense\n>p2 move ivycudgel\n>p1 move substitute\n>p2 move playrough\n>p1 move bodypress\n>p2 move ivycudgel\n>p1 switch 4\n>p1 move alluringvoice\n>p2 switch 4\n>p1 move grassknot\n>p2 move trailblaze\n>p2 switch 2\n>p1 switch 3\n>p2 move hypervoice\n>p1 move sludgebomb\n>p2 move substitute\n>p1 switch 5\n>p2 move hypervoice\n>p1 switch 5\n>p1 move sludgebomb\n>p2 move protect\n>p1 move sludgebomb\n>p2 move hypervoice\n>p2 switch 4\n>p1 move sludgebomb\n>p2 move ivycudgel\n>p1 switch 3\n>p1 move thunderbolt\n>p2 move ivycudgel\n>p2 switch 5\n>p1 switch 6\n>p2 move earthquake\n>p1 move psychicnoise\n>p2 switch 3\n>p1 move psychicnoise\n>p2 move dracometeor\n>p1 move drainpunch\n>p2 move dracometeor\n>p2 switch 3\n>p1 move drainpunch\n>p2 move stoneedge\n>p1 switch 6\n>p1 move thunderbolt terastallize\n>p2 move closecombat", "uploadtime": 1781393747, "views": 6, "formatid": "gen9randombattle", "rating": 1886, "private": 0, "password": null}