{"id": "gen9randombattle-2631815281", "format": "[Gen 9] Random Battle", "players": ["drifttrick", "FreyaknightVGC"], "log": "|j|\u2606drifttrick\n|j|\u2606FreyaknightVGC\n|t:|1781443639\n|gametype|singles\n|player|p1|drifttrick|#rbtt9hoopers2|\n|player|p2|FreyaknightVGC|#rbtt9phantoms|\n|gen|9\n|tier|[Gen 9] Random Battle\n|rule|Species Clause: Limit one of each Pok\u00e9mon\n|rule|HP Percentage Mod: HP is shown in percentages\n|rule|Sleep Clause Mod: Limit one foe put to sleep\n|rule|Illusion Level Mod: Illusion disguises the Pok\u00e9mon's true level\n|\n|t:|1781443639\n|teamsize|p1|6\n|teamsize|p2|6\n|start\n|switch|p1a: Noivern|Noivern, L82, M|274/274\n|switch|p2a: Skuntank|Skuntank, L84, F|310/310\n|turn|1\n|inactive|Battle timer is ON: inactive players will automatically lose when time's up. (requested by drifttrick)\n|c|\u2606drifttrick|glhf\n|c|\u2606FreyaknightVGC|u2\n|inactive|drifttrick has 270 seconds left.\n|inactive|FreyaknightVGC has 270 seconds left.\n|c|\u2606FreyaknightVGC|how much is your score in koth rn\n|c|\u2606drifttrick|0 wins\n|c|\u2606FreyaknightVGC|oh\n|\n|t:|1781443696\n|switch|p2a: Coalossal|Coalossal, L89, M|341/341\n|move|p1a: Noivern|Hurricane|p2a: Coalossal\n|-resisted|p2a: Coalossal\n|-damage|p2a: Coalossal|292/341\n|\n|upkeep\n|turn|2\n|\n|t:|1781443723\n|switch|p1a: Lumineon|Lumineon, L93, M|279/279\n|move|p2a: Coalossal|Will-O-Wisp|p1a: Lumineon\n|-status|p1a: Lumineon|brn\n|\n|-damage|p1a: Lumineon|262/279 brn|[from] brn\n|upkeep\n|turn|3\n|inactive|FreyaknightVGC has 270 seconds left.\n|\n|t:|1781443762\n|switch|p2a: Annihilape|Annihilape, L76, F|292/292\n|move|p1a: Lumineon|U-turn|p2a: Annihilape\n|-resisted|p2a: Annihilape\n|-damage|p2a: Annihilape|285/292\n|inactive|drifttrick has 270 seconds left.\n|\n|t:|1781443786\n|switch|p1a: Pelipper|Pelipper, L86, F|243/243|[from] U-turn\n|-weather|RainDance|[from] ability: Drizzle|[of] p1a: Pelipper\n|\n|-weather|RainDance|[upkeep]\n|upkeep\n|turn|4\n|inactive|drifttrick has 270 seconds left.\n|\n|t:|1781443816\n|switch|p2a: Girafarig|Girafarig, L89, F|269/269\n|move|p1a: Pelipper|Hydro Pump|p2a: Girafarig\n|-damage|p2a: Girafarig|131/269\n|\n|-weather|RainDance|[upkeep]\n|upkeep\n|turn|5\n|\n|t:|1781443828\n|switch|p1a: Dragapult|Dragapult, L77, M|262/262\n|move|p2a: Girafarig|Psychic|p1a: Dragapult\n|-damage|p1a: Dragapult|136/262\n|\n|-weather|RainDance|[upkeep]\n|upkeep\n|turn|6\n|inactive|FreyaknightVGC has 240 seconds left.\n|\n|t:|1781443850\n|switch|p2a: Coalossal|Coalossal, L89, M|292/341\n|move|p1a: Dragapult|U-turn|p2a: Coalossal\n|-resisted|p2a: Coalossal\n|-damage|p2a: Coalossal|273/341\n|-status|p1a: Dragapult|brn|[from] ability: Flame Body|[of] p2a: Coalossal\n|\n|t:|1781443869\n|switch|p1a: Lumineon|Lumineon, L93, M|262/279 brn|[from] U-turn\n|\n|-weather|RainDance|[upkeep]\n|-damage|p1a: Lumineon|245/279 brn|[from] brn\n|upkeep\n|turn|7\n|\n|t:|1781443876\n|switch|p2a: Noivern|Noivern, L82, F|274/274\n|move|p1a: Lumineon|Hydro Pump|p2a: Noivern\n|-resisted|p2a: Noivern\n|-damage|p2a: Noivern|187/274\n|\n|-weather|none\n|-damage|p1a: Lumineon|228/279 brn|[from] brn\n|upkeep\n|turn|8\n|inactive|FreyaknightVGC has 240 seconds left.\n|\n|t:|1781443897\n|switch|p2a: Annihilape|Annihilape, L76, F|285/292\n|move|p1a: Lumineon|Ice Beam|p2a: Annihilape\n|-damage|p2a: Annihilape|224/292\n|\n|-damage|p1a: Lumineon|211/279 brn|[from] brn\n|upkeep\n|turn|9\n|inactive|drifttrick has 240 seconds left.\n|j|+35Q71N\n|\n|t:|1781443938\n|switch|p1a: Oranguru|Oranguru, L92, F|315/315\n|move|p2a: Annihilape|Rage Fist|p1a: Oranguru\n|-immune|p1a: Oranguru\n|\n|upkeep\n|turn|10\n|c|\u2606FreyaknightVGC|ohh\n|inactive|FreyaknightVGC has 240 seconds left.\n|\n|t:|1781443969\n|switch|p2a: Skuntank|Skuntank, L84, F|310/310\n|move|p1a: Oranguru|Hyper Voice|p2a: Skuntank\n|-damage|p2a: Skuntank|119/310\n|-damage|p1a: Oranguru|284/315|[from] item: Life Orb\n|\n|upkeep\n|turn|11\n|inactive|drifttrick has 210 seconds left.\n|\n|t:|1781444001\n|switch|p1a: Arceus|Arceus-Fire, L72|291/291\n|move|p2a: Skuntank|Knock Off|p1a: Arceus\n|-damage|p1a: Arceus|208/291\n|-damage|p2a: Skuntank|88/310|[from] item: Life Orb\n|\n|upkeep\n|turn|12\n|inactive|FreyaknightVGC has 240 seconds left.\n|inactive|FreyaknightVGC has 210 seconds left.\n|\n|t:|1781444045\n|switch|p2a: Noivern|Noivern, L82, F|187/274\n|move|p1a: Arceus|Dragon Dance|p1a: Arceus\n|-boost|p1a: Arceus|atk|1\n|-boost|p1a: Arceus|spe|1\n|\n|upkeep\n|turn|13\n|inactive|FreyaknightVGC has 210 seconds left.\n|inactive|drifttrick has 180 seconds left.\n|inactive|FreyaknightVGC has 180 seconds left.\n|inactive|drifttrick has 150 seconds left.\n|inactive|FreyaknightVGC has 150 seconds left.\n|\n|t:|1781444125\n|move|p1a: Arceus|Dragon Dance|p1a: Arceus\n|-boost|p1a: Arceus|atk|1\n|-boost|p1a: Arceus|spe|1\n|move|p2a: Noivern|Hurricane|p1a: Arceus\n|-damage|p1a: Arceus|108/291\n|-start|p1a: Arceus|confusion\n|\n|upkeep\n|turn|14\n|inactive|drifttrick has 150 seconds left.\n|\n|t:|1781444140\n|-activate|p1a: Arceus|confusion\n|move|p1a: Arceus|Recover|p1a: Arceus\n|-heal|p1a: Arceus|254/291\n|move|p2a: Noivern|Draco Meteor|p1a: Arceus\n|-damage|p1a: Arceus|125/291\n|-unboost|p2a: Noivern|spa|2\n|\n|upkeep\n|turn|15\n|inactive|FreyaknightVGC has 150 seconds left.\n|inactive|drifttrick has 150 seconds left.\n|\n|t:|1781444155\n|switch|p2a: Masquerain|Masquerain, L87, F|264/264\n|-ability|p2a: Masquerain|Intimidate|boost\n|-unboost|p1a: Arceus|atk|1\n|-activate|p1a: Arceus|confusion\n|-damage|p1a: Arceus|92/291|[from] confusion\n|\n|upkeep\n|turn|16\n|inactive|drifttrick has 150 seconds left.\n|\n|t:|1781444179\n|-activate|p1a: Arceus|confusion\n|-damage|p1a: Arceus|59/291|[from] confusion\n|move|p2a: Masquerain|Hydro Pump|p1a: Arceus\n|-supereffective|p1a: Arceus\n|-damage|p1a: Arceus|0 fnt\n|faint|p1a: Arceus\n|\n|upkeep\n|inactive|drifttrick has 120 seconds left.\n|inactive|drifttrick has 90 seconds left.\n|\n|t:|1781444240\n|switch|p1a: Noivern|Noivern, L82, M|274/274\n|turn|17\n|inactive|drifttrick has 90 seconds left.\n|\n|t:|1781444263\n|switch|p1a: Pelipper|Pelipper, L86, F|243/243\n|-weather|RainDance|[from] ability: Drizzle|[of] p1a: Pelipper\n|move|p2a: Masquerain|Hurricane|p1a: Pelipper\n|-damage|p1a: Pelipper|102/243\n|\n|-weather|RainDance|[upkeep]\n|upkeep\n|turn|18\n|inactive|drifttrick has 90 seconds left.\n|\n|t:|1781444275\n|switch|p1a: Dragapult|Dragapult, L77, M|136/262 brn\n|move|p2a: Masquerain|Hurricane|p1a: Dragapult\n|-damage|p1a: Dragapult|0 fnt\n|faint|p1a: Dragapult\n|\n|-weather|RainDance|[upkeep]\n|upkeep\n|\n|t:|1781444278\n|switch|p1a: Noivern|Noivern, L82, M|274/274\n|turn|19\n|inactive|FreyaknightVGC has 120 seconds left.\n|\n|t:|1781444306\n|switch|p1a: Lumineon|Lumineon, L93, M|211/279 brn\n|switch|p2a: Coalossal|Coalossal, L89, M|273/341\n|\n|-weather|RainDance|[upkeep]\n|-damage|p1a: Lumineon|194/279 brn|[from] brn\n|upkeep\n|turn|20\n|inactive|FreyaknightVGC has 120 seconds left.\n|inactive|FreyaknightVGC has 90 seconds left.\n|\n|t:|1781444362\n|switch|p2a: Annihilape|Annihilape, L76, F|224/292\n|move|p1a: Lumineon|Hydro Pump|p2a: Annihilape\n|-damage|p2a: Annihilape|34/292\n|\n|-weather|RainDance|[upkeep]\n|-damage|p1a: Lumineon|177/279 brn|[from] brn\n|upkeep\n|turn|21\n|inactive|drifttrick has 120 seconds left.\n|\n|t:|1781444368\n|move|p1a: Lumineon|Ice Beam|p2a: Annihilape\n|-damage|p2a: Annihilape|0 fnt\n|faint|p2a: Annihilape\n|\n|-weather|none\n|-damage|p1a: Lumineon|160/279 brn|[from] brn\n|upkeep\n|\n|t:|1781444383\n|switch|p2a: Girafarig|Girafarig, L89, F|131/269\n|turn|22\n|\n|t:|1781444392\n|switch|p1a: Oranguru|Oranguru, L92, F|284/315\n|move|p2a: Girafarig|Thunderbolt|p1a: Oranguru\n|-damage|p1a: Oranguru|231/315\n|\n|upkeep\n|turn|23\n|\n|t:|1781444406\n|switch|p2a: Coalossal|Coalossal, L89, M|273/341\n|move|p1a: Oranguru|Nasty Plot|p1a: Oranguru\n|-boost|p1a: Oranguru|spa|2\n|\n|upkeep\n|turn|24\n|inactive|FreyaknightVGC has 60 seconds left.\n|\n|t:|1781444438\n|switch|p2a: Girafarig|Girafarig, L89, F|131/269\n|move|p1a: Oranguru|Focus Blast|p2a: Girafarig|[miss]\n|-miss|p1a: Oranguru|p2a: Girafarig\n|\n|upkeep\n|turn|25\n|\n|t:|1781444442\n|move|p2a: Girafarig|Thunderbolt|p1a: Oranguru\n|-damage|p1a: Oranguru|177/315\n|-status|p1a: Oranguru|par\n|move|p1a: Oranguru|Hyper Voice|p2a: Girafarig\n|-damage|p2a: Girafarig|0 fnt\n|faint|p2a: Girafarig\n|-damage|p1a: Oranguru|146/315 par|[from] item: Life Orb\n|\n|upkeep\n|inactive|FreyaknightVGC has 60 seconds left.\n|\n|t:|1781444457\n|switch|p2a: Skuntank|Skuntank, L84, F|88/310\n|turn|26\n|inactive|drifttrick has 150 seconds left.\n|inactive|drifttrick has 120 seconds left.\n|inactive|drifttrick has 90 seconds left.\n|inactive|drifttrick has 60 seconds left.\n|\n|t:|1781444573\n|move|p2a: Skuntank|Knock Off|p1a: Oranguru\n|-supereffective|p1a: Oranguru\n|-damage|p1a: Oranguru|0 fnt\n|-enditem|p1a: Oranguru|Life Orb|[from] move: Knock Off|[of] p2a: Skuntank\n|faint|p1a: Oranguru\n|-damage|p2a: Skuntank|57/310|[from] item: Life Orb\n|\n|upkeep\n|\n|t:|1781444578\n|switch|p1a: Noivern|Noivern, L82, M|274/274\n|turn|27\n|inactive|drifttrick has 60 seconds left.\n|\n|t:|1781444590\n|switch|p2a: Coalossal|Coalossal, L89, M|273/341\n|move|p1a: Noivern|Draco Meteor|p2a: Coalossal\n|-damage|p2a: Coalossal|153/341\n|-unboost|p1a: Noivern|spa|2\n|\n|upkeep\n|turn|28\n|\n|t:|1781444596\n|switch|p1a: Pelipper|Pelipper, L86, F|102/243\n|-weather|RainDance|[from] ability: Drizzle|[of] p1a: Pelipper\n|move|p2a: Coalossal|Stone Edge|p1a: Pelipper\n|-supereffective|p1a: Pelipper\n|-damage|p1a: Pelipper|0 fnt\n|faint|p1a: Pelipper\n|\n|-weather|RainDance|[upkeep]\n|upkeep\n|\n|t:|1781444599\n|switch|p1a: Lumineon|Lumineon, L93, M|160/279 brn\n|turn|29\n|inactive|FreyaknightVGC has 90 seconds left.\n|\n|t:|1781444606\n|switch|p2a: Skuntank|Skuntank, L84, F|57/310\n|move|p1a: Lumineon|Hydro Pump|p2a: Skuntank|[miss]\n|-miss|p1a: Lumineon|p2a: Skuntank\n|\n|-weather|RainDance|[upkeep]\n|-damage|p1a: Lumineon|143/279 brn|[from] brn\n|upkeep\n|turn|30\n|inactive|drifttrick has 90 seconds left.\n|\n|t:|1781444616\n|move|p1a: Lumineon|Ice Beam|p2a: Skuntank\n|-damage|p2a: Skuntank|0 fnt\n|faint|p2a: Skuntank\n|\n|-weather|RainDance|[upkeep]\n|-damage|p1a: Lumineon|126/279 brn|[from] brn\n|upkeep\n|inactive|FreyaknightVGC has 90 seconds left.\n|\n|t:|1781444654\n|switch|p2a: Masquerain|Masquerain, L87, F|264/264\n|-ability|p2a: Masquerain|Intimidate|boost\n|-unboost|p1a: Lumineon|atk|1\n|turn|31\n|inactive|drifttrick has 90 seconds left.\n|inactive|drifttrick has 60 seconds left.\n|\n|t:|1781444726\n|switch|p1a: Noivern|Noivern, L82, M|274/274\n|move|p2a: Masquerain|Hurricane|p1a: Noivern\n|-damage|p1a: Noivern|147/274\n|\n|-weather|RainDance|[upkeep]\n|upkeep\n|turn|32\n|inactive|FreyaknightVGC has 60 seconds left.\n|inactive|FreyaknightVGC has 30 seconds left.\n|inactive|FreyaknightVGC has 20 seconds left.\n|inactive|FreyaknightVGC has 15 seconds left.\n|\n|t:|1781444802\n|move|p1a: Noivern|Hurricane|p2a: Masquerain\n|-supereffective|p2a: Masquerain\n|-damage|p2a: Masquerain|58/264\n|move|p2a: Masquerain|Hurricane|p1a: Noivern\n|-damage|p1a: Noivern|0 fnt\n|faint|p1a: Noivern\n|\n|-weather|none\n|upkeep\n|\n|t:|1781444808\n|switch|p1a: Lumineon|Lumineon, L93, M|126/279 brn\n|turn|33\n|inactive|FreyaknightVGC has 30 seconds left this turn.\n|\n|t:|1781444811\n|move|p1a: Lumineon|Ice Beam|p2a: Masquerain\n|-supereffective|p2a: Masquerain\n|-damage|p2a: Masquerain|0 fnt\n|faint|p2a: Masquerain\n|\n|-damage|p1a: Lumineon|109/279 brn|[from] brn\n|upkeep\n|inactive|FreyaknightVGC has 30 seconds left.\n|\n|t:|1781444819\n|switch|p2a: Noivern|Noivern, L82, F|187/274\n|turn|34\n|\n|t:|1781444822\n|-terastallize|p2a: Noivern|Fire\n|move|p2a: Noivern|Draco Meteor|p1a: Lumineon\n|-damage|p1a: Lumineon|0 fnt\n|-unboost|p2a: Noivern|spa|2\n|faint|p1a: Lumineon\n|\n|win|FreyaknightVGC\n|c|\u2606FreyaknightVGC|gg\n|c|\u2606drifttrick|gg\n", "inputlog": ">version a8376a258c1d4662feba110a92103f3664a72141\n>start {\"formatid\":\"gen9randombattle\",\"seed\":\"sodium,7566c83ceeee9c59fe5261501de46ea8\"}\n>player p1 {\"name\":\"drifttrick\",\"avatar\":\"#rbtt9hoopers2\",\"rating\":0,\"seed\":\"sodium,d6023d132fb340ed021ddc27be75476a\"}\n>player p2 {\"name\":\"FreyaknightVGC\",\"avatar\":\"#rbtt9phantoms\",\"rating\":0,\"seed\":\"sodium,c4edf3a7071297020cb076c9ce49a8a7\"}\n>chat \u2606drifttrick|glhf\n>chat \u2606FreyaknightVGC|u2\n>chat \u2606FreyaknightVGC|how much is your score in koth rn\n>chat \u2606drifttrick|0 wins\n>chat \u2606FreyaknightVGC|oh\n>p1 move hurricane\n>p2 switch 5\n>p1 switch 6\n>p2 move willowisp\n>p1 move uturn\n>p2 switch 4\n>p1 switch 5\n>p1 move hydropump\n>p2 switch 6\n>p1 switch 4\n>p2 move psychic\n>p1 move uturn\n>p2 switch 4\n>p1 switch 5\n>p1 move hydropump\n>p2 switch 3\n>p1 move icebeam\n>p2 switch 6\n>p1 switch 2\n>p2 move ragefist\n>chat \u2606FreyaknightVGC|ohh\n>p1 move hypervoice\n>p2 switch 5\n>p1 switch 3\n>p2 move knockoff\n>p1 move dragondance\n>p2 switch 6\n>p1 move dragondance\n>p2 move hurricane\n>p1 move recover\n>p2 move dracometeor\n>p1 move recover\n>p2 switch 2\n>p1 move flareblitz\n>p2 move hydropump\n>p1 switch 6\n>p1 switch 4\n>p2 move hurricane\n>p1 switch 5\n>p2 move hurricane\n>p1 switch 4\n>p1 switch 2\n>p2 switch 3\n>p1 move hydropump\n>p2 switch 5\n>p1 move icebeam\n>p2 move rest\n>p2 switch 4\n>p1 switch 3\n>p2 move thunderbolt\n>p1 move nastyplot\n>p2 switch 5\n>p1 move focusblast\n>p2 switch 5\n>p1 move hypervoice\n>p2 move thunderbolt\n>p2 switch 6\n>p1 move hypervoice\n>p2 move knockoff\n>p1 switch 2\n>p1 move dracometeor\n>p2 switch 5\n>p1 switch 5\n>p2 move stoneedge\n>p1 switch 3\n>p1 move hydropump\n>p2 switch 5\n>p1 move icebeam\n>p2 move gunkshot\n>p2 switch 3\n>p1 switch 5\n>p2 move hurricane\n>p1 move hurricane\n>p2 move hurricane\n>p1 switch 5\n>p1 move icebeam\n>p2 move bugbuzz\n>p2 switch 2\n>p1 move hydropump\n>p2 move dracometeor terastallize", "uploadtime": 1781444825, "views": 8, "formatid": "gen9randombattle", "rating": null, "private": 0, "password": null}