{"id": "gen9randombattle-2631931515", "format": "[Gen 9] Random Battle", "players": ["Mr. BrickaBracka", "Daruma"], "log": "|j|\u2606Mr. BrickaBracka\n|j|\u2606Daruma\n|t:|1781456976\n|gametype|singles\n|player|p1|Mr. BrickaBracka|102|2026\n|player|p2|Daruma|#ruplixsleekslushrushers|2131\n|gen|9\n|tier|[Gen 9] Random Battle\n|rated|\n|rule|Species Clause: Limit one of each Pok\u00e9mon\n|rule|HP Percentage Mod: HP is shown in percentages\n|rule|Sleep Clause Mod: Limit one foe put to sleep\n|rule|Illusion Level Mod: Illusion disguises the Pok\u00e9mon's true level\n|\n|t:|1781456976\n|teamsize|p1|6\n|teamsize|p2|6\n|start\n|switch|p1a: Florges|Florges-White, L85, F|271/271\n|switch|p2a: Cloyster|Cloyster, L80, F|211/211\n|turn|1\n|\n|t:|1781456988\n|switch|p2a: Wigglytuff|Wigglytuff, L96, F|424/424\n|move|p1a: Florges|Moonblast|p2a: Wigglytuff\n|-damage|p2a: Wigglytuff|282/424\n|\n|-heal|p2a: Wigglytuff|308/424|[from] item: Leftovers\n|upkeep\n|turn|2\n|\n|t:|1781456992\n|move|p1a: Florges|Calm Mind|p1a: Florges\n|-boost|p1a: Florges|spa|1\n|-boost|p1a: Florges|spd|1\n|move|p2a: Wigglytuff|Knock Off|p1a: Florges\n|-resisted|p1a: Florges\n|-damage|p1a: Florges|230/271\n|-enditem|p1a: Florges|Leftovers|[from] move: Knock Off|[of] p2a: Wigglytuff\n|\n|-heal|p2a: Wigglytuff|334/424|[from] item: Leftovers\n|upkeep\n|turn|3\n|\n|t:|1781456996\n|move|p1a: Florges|Calm Mind|p1a: Florges\n|-boost|p1a: Florges|spa|1\n|-boost|p1a: Florges|spd|1\n|move|p2a: Wigglytuff|Thunder Wave|p1a: Florges\n|-status|p1a: Florges|par\n|\n|-heal|p2a: Wigglytuff|360/424|[from] item: Leftovers\n|upkeep\n|turn|4\n|\n|t:|1781457002\n|move|p2a: Wigglytuff|Dazzling Gleam|p1a: Florges\n|-damage|p1a: Florges|196/271 par\n|move|p1a: Florges|Moonblast|p2a: Wigglytuff\n|-damage|p2a: Wigglytuff|45/424\n|\n|-heal|p2a: Wigglytuff|71/424|[from] item: Leftovers\n|upkeep\n|turn|5\n|\n|t:|1781457007\n|switch|p2a: Charizard|Charizard, L85, F|271/271\n|cant|p1a: Florges|par\n|\n|upkeep\n|turn|6\n|\n|t:|1781457022\n|switch|p1a: Moltres|Moltres, L81|278/278\n|move|p2a: Charizard|Dragon Dance|p2a: Charizard\n|-boost|p2a: Charizard|atk|1\n|-boost|p2a: Charizard|spe|1\n|\n|upkeep\n|turn|7\n|\n|t:|1781457027\n|move|p2a: Charizard|Dragon Dance|p2a: Charizard\n|-boost|p2a: Charizard|atk|1\n|-boost|p2a: Charizard|spe|1\n|move|p1a: Moltres|Brave Bird|p2a: Charizard\n|-damage|p2a: Charizard|135/271\n|-damage|p1a: Moltres|233/278|[from] Recoil\n|\n|upkeep\n|turn|8\n|inactive|Battle timer is ON: inactive players will automatically lose when time's up. (requested by Daruma)\n|\n|t:|1781457035\n|move|p2a: Charizard|Outrage|p1a: Moltres\n|-damage|p1a: Moltres|61/278\n|move|p1a: Moltres|Brave Bird|p2a: Charizard\n|-damage|p2a: Charizard|8/271\n|-damage|p1a: Moltres|19/278|[from] Recoil\n|\n|upkeep\n|turn|9\n|\n|t:|1781457042\n|switch|p1a: Florges|Florges-White, L85, F|196/271 par\n|move|p2a: Charizard|Outrage|p1a: Florges|[from] lockedmove\n|-immune|p1a: Florges\n|-start|p2a: Charizard|confusion|[fatigue]\n|\n|upkeep\n|turn|10\n|\n|t:|1781457044\n|switch|p1a: Moltres|Moltres, L81|19/278\n|-activate|p2a: Charizard|confusion\n|move|p2a: Charizard|Flare Blitz|p1a: Moltres\n|-resisted|p1a: Moltres\n|-damage|p1a: Moltres|0 fnt\n|faint|p1a: Moltres\n|-damage|p2a: Charizard|2/271|[from] Recoil\n|\n|upkeep\n|\n|t:|1781457048\n|switch|p1a: Bruxish|Bruxish, L85, F|254/254\n|turn|11\n|\n|t:|1781457053\n|move|p1a: Bruxish|Aqua Jet|p2a: Charizard\n|-supereffective|p2a: Charizard\n|-damage|p2a: Charizard|0 fnt\n|faint|p2a: Charizard\n|\n|upkeep\n|\n|t:|1781457057\n|switch|p2a: Mabosstiff|Mabosstiff, L86, F|278/278\n|turn|12\n|\n|t:|1781457072\n|switch|p1a: Falinks|Falinks, L84|246/246\n|move|p2a: Mabosstiff|Crunch|p1a: Falinks\n|-resisted|p1a: Falinks\n|-damage|p1a: Falinks|96/246\n|\n|upkeep\n|turn|13\n|\n|t:|1781457078\n|move|p2a: Mabosstiff|Crunch|p1a: Falinks\n|-resisted|p1a: Falinks\n|-crit|p1a: Falinks\n|-damage|p1a: Falinks|0 fnt\n|faint|p1a: Falinks\n|\n|upkeep\n|\n|t:|1781457083\n|switch|p1a: Florges|Florges-White, L85, F|196/271 par\n|turn|14\n|\n|t:|1781457086\n|switch|p2a: Bruxish|Bruxish, L85, F|254/254\n|move|p1a: Florges|Moonblast|p2a: Bruxish\n|-damage|p2a: Bruxish|118/254\n|\n|upkeep\n|turn|15\n|\n|t:|1781457099\n|switch|p1a: Lumineon|Lumineon, L93, M|279/279\n|move|p2a: Bruxish|Psychic Fangs|p1a: Lumineon\n|-damage|p1a: Lumineon|42/279\n|\n|upkeep\n|turn|16\n|\n|t:|1781457106\n|move|p1a: Lumineon|U-turn|p2a: Bruxish\n|-supereffective|p2a: Bruxish\n|-damage|p2a: Bruxish|8/254\n|\n|t:|1781457110\n|switch|p1a: Bruxish|Bruxish, L85, F|254/254|[from] U-turn\n|move|p2a: Bruxish|Psychic Fangs|p1a: Bruxish\n|-resisted|p1a: Bruxish\n|-damage|p1a: Bruxish|123/254\n|\n|upkeep\n|turn|17\n|\n|t:|1781457117\n|switch|p2a: Wigglytuff|Wigglytuff, L96, F|71/424\n|move|p1a: Bruxish|Crunch|p2a: Wigglytuff\n|-resisted|p2a: Wigglytuff\n|-damage|p2a: Wigglytuff|0 fnt\n|faint|p2a: Wigglytuff\n|\n|upkeep\n|\n|t:|1781457120\n|switch|p2a: Mabosstiff|Mabosstiff, L86, F|278/278\n|turn|18\n|inactive|Mr. BrickaBracka has 120 seconds left.\n|\n|t:|1781457170\n|move|p1a: Bruxish|Crunch|p2a: Mabosstiff\n|-resisted|p2a: Mabosstiff\n|-damage|p2a: Mabosstiff|206/278\n|-unboost|p2a: Mabosstiff|def|1\n|move|p2a: Mabosstiff|Wild Charge|p1a: Bruxish\n|-supereffective|p1a: Bruxish\n|-damage|p1a: Bruxish|0 fnt\n|faint|p1a: Bruxish\n|-damage|p2a: Mabosstiff|175/278|[from] Recoil\n|\n|upkeep\n|\n|t:|1781457178\n|switch|p1a: Raichu|Raichu-Alola, L87, F|246/246\n|turn|19\n|\n|t:|1781457189\n|switch|p2a: Appletun|Appletun, L92, M|352/352\n|move|p1a: Raichu|Thunderbolt|p2a: Appletun\n|-resisted|p2a: Appletun\n|-damage|p2a: Appletun|313/352\n|\n|-heal|p2a: Appletun|335/352|[from] item: Leftovers\n|upkeep\n|turn|20\n|inactive|Mr. BrickaBracka has 90 seconds left.\n|\n|t:|1781457226\n|switch|p1a: Lumineon|Lumineon, L93, M|42/279\n|move|p2a: Appletun|Apple Acid|p1a: Lumineon\n|-supereffective|p1a: Lumineon\n|-damage|p1a: Lumineon|0 fnt\n|faint|p1a: Lumineon\n|\n|-heal|p2a: Appletun|352/352|[from] item: Leftovers\n|upkeep\n|\n|t:|1781457228\n|switch|p1a: Florges|Florges-White, L85, F|196/271 par\n|turn|21\n|\n|t:|1781457231\n|move|p2a: Appletun|Apple Acid|p1a: Florges\n|-damage|p1a: Florges|126/271 par\n|-unboost|p1a: Florges|spd|1\n|move|p1a: Florges|Moonblast|p2a: Appletun\n|-supereffective|p2a: Appletun\n|-damage|p2a: Appletun|130/352\n|\n|-heal|p2a: Appletun|152/352|[from] item: Leftovers\n|upkeep\n|turn|22\n|\n|t:|1781457237\n|switch|p2a: Mabosstiff|Mabosstiff, L86, F|175/278\n|move|p1a: Florges|Moonblast|p2a: Mabosstiff\n|-supereffective|p2a: Mabosstiff\n|-damage|p2a: Mabosstiff|0 fnt\n|faint|p2a: Mabosstiff\n|\n|upkeep\n|\n|t:|1781457239\n|switch|p2a: Bruxish|Bruxish, L85, F|8/254\n|turn|23\n|\n|t:|1781457246\n|move|p1a: Florges|Protect|p1a: Florges\n|-singleturn|p1a: Florges|Protect\n|move|p2a: Bruxish|Psychic Fangs|p1a: Florges\n|-activate|p1a: Florges|move: Protect\n|\n|upkeep\n|turn|24\n|inactive|Mr. BrickaBracka has 120 seconds left.\n|inactive|Mr. BrickaBracka has 90 seconds left.\n|\n|t:|1781457289\n|switch|p1a: Raichu|Raichu-Alola, L87, F|246/246\n|move|p2a: Bruxish|Psychic Fangs|p1a: Raichu\n|-resisted|p1a: Raichu\n|-damage|p1a: Raichu|102/246\n|\n|upkeep\n|turn|25\n|inactive|Mr. BrickaBracka has 90 seconds left.\n|\n|t:|1781457320\n|move|p1a: Raichu|Alluring Voice|p2a: Bruxish\n|-damage|p2a: Bruxish|0 fnt\n|faint|p2a: Bruxish\n|\n|upkeep\n|\n|t:|1781457324\n|switch|p2a: Cloyster|Cloyster, L80, F|211/211\n|turn|26\n|inactive|Mr. BrickaBracka has 60 seconds left.\n|\n|t:|1781457364\n|-terastallize|p1a: Raichu|Fairy\n|move|p1a: Raichu|Alluring Voice|p2a: Cloyster\n|-damage|p2a: Cloyster|0 fnt\n|faint|p2a: Cloyster\n|\n|upkeep\n|\n|t:|1781457369\n|switch|p2a: Appletun|Appletun, L92, M|152/352\n|turn|27\n|\n|t:|1781457377\n|switch|p1a: Florges|Florges-White, L85, F|126/271 par\n|-terastallize|p2a: Appletun|Steel\n|move|p2a: Appletun|Recover|p2a: Appletun\n|-heal|p2a: Appletun|328/352\n|\n|-heal|p2a: Appletun|350/352|[from] item: Leftovers\n|upkeep\n|turn|28\n|\n|t:|1781457383\n|move|p2a: Appletun|Leech Seed|p1a: Florges\n|-start|p1a: Florges|move: Leech Seed\n|move|p1a: Florges|Wish|p1a: Florges\n|\n|-heal|p2a: Appletun|352/352|[from] item: Leftovers\n|-damage|p1a: Florges|93/271 par|[from] Leech Seed|[of] p2a: Appletun\n|upkeep\n|turn|29\n|\n|t:|1781457387\n|switch|p1a: Raichu|Raichu-Alola, L87, F, tera:Fairy|102/246\n|move|p2a: Appletun|Apple Acid|p1a: Raichu\n|-damage|p1a: Raichu|3/246\n|-unboost|p1a: Raichu|spd|1\n|\n|-heal|p1a: Raichu|138/246|[from] move: Wish|[wisher] Florges\n|upkeep\n|turn|30\n|\n|t:|1781457390\n|switch|p1a: Florges|Florges-White, L85, F|93/271 par\n|move|p2a: Appletun|Apple Acid|p1a: Florges\n|-damage|p1a: Florges|24/271 par\n|-unboost|p1a: Florges|spd|1\n|\n|upkeep\n|turn|31\n|\n|t:|1781457392\n|move|p2a: Appletun|Apple Acid|p1a: Florges\n|-damage|p1a: Florges|0 fnt\n|faint|p1a: Florges\n|\n|upkeep\n|\n|t:|1781457394\n|switch|p1a: Raichu|Raichu-Alola, L87, F, tera:Fairy|138/246\n|turn|32\n|\n|t:|1781457396\n|move|p1a: Raichu|Thunderbolt|p2a: Appletun\n|-damage|p2a: Appletun|201/352\n|move|p2a: Appletun|Apple Acid|p1a: Raichu\n|-damage|p1a: Raichu|30/246\n|-unboost|p1a: Raichu|spd|1\n|\n|-heal|p2a: Appletun|223/352|[from] item: Leftovers\n|upkeep\n|turn|33\n|\n|t:|1781457399\n|move|p1a: Raichu|Thunderbolt|p2a: Appletun\n|-damage|p2a: Appletun|81/352\n|-status|p2a: Appletun|par\n|move|p2a: Appletun|Apple Acid|p1a: Raichu\n|-damage|p1a: Raichu|0 fnt\n|faint|p1a: Raichu\n|\n|win|Daruma\n", "inputlog": ">version a8376a258c1d4662feba110a92103f3664a72141\n>start {\"formatid\":\"gen9randombattle\",\"seed\":\"sodium,986fb61f35602412f2726257f9deb27d\",\"rated\":\"Rated battle\"}\n>player p1 {\"name\":\"Mr. BrickaBracka\",\"avatar\":\"102\",\"rating\":2026,\"seed\":\"sodium,1263c82818dc96fda86132e156285643\"}\n>player p2 {\"name\":\"Daruma\",\"avatar\":\"#ruplixsleekslushrushers\",\"rating\":2131,\"seed\":\"sodium,ef2559c6951618ea7a1b0e4084a61ebe\"}\n>p1 move moonblast\n>p2 switch 2\n>p1 move calmmind\n>p2 move knockoff\n>p1 move calmmind\n>p2 move thunderwave\n>p1 move moonblast\n>p2 move dazzlinggleam\n>p1 move wish\n>p2 switch 4\n>p1 switch 6\n>p2 move dragondance\n>p1 move bravebird\n>p2 move dragondance\n>p1 move bravebird\n>p2 move outrage\n>p1 switch 6\n>p2 move outrage\n>p1 switch 6\n>p2 move flareblitz\n>p1 switch 4\n>p1 move aquajet\n>p2 move flareblitz\n>p2 switch 5\n>p1 switch 3\n>p2 move crunch\n>p1 move noretreat\n>p2 move crunch\n>p1 switch 6\n>p1 move moonblast\n>p2 switch 3\n>p1 switch 5\n>p2 move psychicfangs\n>p1 move uturn\n>p2 move psychicfangs\n>p1 switch 3\n>p1 move crunch\n>p2 switch 4\n>p2 switch 3\n>p1 move crunch\n>p2 move wildcharge\n>p1 switch 2\n>p1 move thunderbolt\n>p2 switch 6\n>p1 switch 3\n>p2 move appleacid\n>p1 switch 5\n>p1 move moonblast\n>p2 move appleacid\n>p1 move moonblast\n>p2 switch 6\n>p2 switch 4\n>p1 move protect\n>p2 move psychicfangs\n>p1 switch 3\n>p2 move psychicfangs\n>p1 move alluringvoice\n>p2 move psychicfangs\n>p2 switch 2\n>p1 move alluringvoice terastallize\n>p2 move shellsmash\n>p2 switch 6\n>p1 switch 3\n>p2 move recover terastallize\n>p1 move wish\n>p2 move leechseed\n>p1 switch 3\n>p2 move appleacid\n>p1 switch 3\n>p2 move appleacid\n>p1 move wish\n>p2 move appleacid\n>p1 switch 3\n>p1 move thunderbolt\n>p2 move appleacid\n>p1 move thunderbolt\n>p2 move appleacid", "uploadtime": 1781456979, "views": 6, "formatid": "gen9randombattle", "rating": null, "private": 0, "password": null}