{"id": "gen9randombattle-2631559108", "format": "[Gen 9] Random Battle", "players": ["LNSNL", "uapluplupl"], "log": "|j|\u2606LNSNL\n|j|\u2606uapluplupl\n|t:|1781401235\n|gametype|singles\n|player|p1|LNSNL|n|1040\n|player|p2|uapluplupl|teamrocket|1081\n|gen|9\n|tier|[Gen 9] Random Battle\n|rated|\n|rule|Species Clause: Limit one of each Pok\u00e9mon\n|rule|HP Percentage Mod: HP is shown in percentages\n|rule|Sleep Clause Mod: Limit one foe put to sleep\n|rule|Illusion Level Mod: Illusion disguises the Pok\u00e9mon's true level\n|\n|t:|1781401235\n|teamsize|p1|6\n|teamsize|p2|6\n|start\n|switch|p1a: Dragonite|Dragonite, L74, M|257/257\n|switch|p2a: Swampert|Swampert, L83, F|302/302\n|turn|1\n|\n|t:|1781401247\n|move|p1a: Dragonite|Dragon Dance|p1a: Dragonite\n|-boost|p1a: Dragonite|atk|1\n|-boost|p1a: Dragonite|spe|1\n|move|p2a: Swampert|Stealth Rock|p1a: Dragonite\n|-sidestart|p1: LNSNL|move: Stealth Rock\n|\n|upkeep\n|turn|2\n|\n|t:|1781401254\n|move|p1a: Dragonite|Dragon Dance|p1a: Dragonite\n|-boost|p1a: Dragonite|atk|1\n|-boost|p1a: Dragonite|spe|1\n|move|p2a: Swampert|Yawn|p1a: Dragonite\n|-start|p1a: Dragonite|move: Yawn|[of] p2a: Swampert\n|\n|upkeep\n|turn|3\n|\n|t:|1781401264\n|move|p1a: Dragonite|Outrage|p2a: Swampert\n|-damage|p2a: Swampert|32/302\n|move|p2a: Swampert|Flip Turn|p1a: Dragonite\n|-resisted|p1a: Dragonite\n|-damage|p1a: Dragonite|230/257\n|\n|t:|1781401276\n|switch|p2a: Zacian|Zacian, L69|241/241|[from] Flip Turn\n|-ability|p2a: Zacian|Intrepid Sword|boost\n|-boost|p2a: Zacian|atk|1\n|\n|-end|p1a: Dragonite|move: Yawn|[silent]\n|-status|p1a: Dragonite|slp\n|upkeep\n|turn|4\n|\n|t:|1781401294\n|switch|p1a: Qwilfish|Qwilfish, L86, M|252/252\n|-damage|p1a: Qwilfish|221/252|[from] Stealth Rock\n|-ability|p1a: Qwilfish|Intimidate|boost\n|-unboost|p2a: Zacian|atk|1\n|move|p2a: Zacian|Swords Dance|p2a: Zacian\n|-boost|p2a: Zacian|atk|2\n|\n|-heal|p1a: Qwilfish|236/252|[from] item: Leftovers\n|upkeep\n|turn|5\n|\n|t:|1781401311\n|-terastallize|p2a: Zacian|Fighting\n|move|p2a: Zacian|Swords Dance|p2a: Zacian\n|-boost|p2a: Zacian|atk|2\n|move|p1a: Qwilfish|Destiny Bond|p1a: Qwilfish\n|-singlemove|p1a: Qwilfish|Destiny Bond\n|\n|-heal|p1a: Qwilfish|251/252|[from] item: Leftovers\n|upkeep\n|turn|6\n|\n|t:|1781401322\n|move|p2a: Zacian|Swords Dance|p2a: Zacian\n|-boost|p2a: Zacian|atk|2\n|move|p1a: Qwilfish|Spikes|p2a: Zacian\n|-sidestart|p2: uapluplupl|Spikes\n|\n|-heal|p1a: Qwilfish|252/252|[from] item: Leftovers\n|upkeep\n|turn|7\n|\n|t:|1781401333\n|switch|p1a: Mismagius|Mismagius, L86, M|243/243\n|-damage|p1a: Mismagius|213/243|[from] Stealth Rock\n|move|p2a: Zacian|Close Combat|p1a: Mismagius\n|-immune|p1a: Mismagius\n|\n|upkeep\n|turn|8\n|\n|t:|1781401347\n|switch|p1a: Qwilfish|Qwilfish, L86, M|252/252\n|-damage|p1a: Qwilfish|221/252|[from] Stealth Rock\n|-ability|p1a: Qwilfish|Intimidate|boost\n|-unboost|p2a: Zacian|atk|1\n|move|p2a: Zacian|Crunch|p1a: Qwilfish\n|-crit|p1a: Qwilfish\n|-damage|p1a: Qwilfish|0 fnt\n|faint|p1a: Qwilfish\n|-damage|p2a: Zacian|217/241|[from] item: Life Orb\n|\n|upkeep\n|\n|t:|1781401362\n|switch|p1a: Skarmory|Skarmory, L80, F|235/235\n|-damage|p1a: Skarmory|206/235|[from] Stealth Rock\n|turn|9\n|\n|t:|1781401368\n|move|p2a: Zacian|Close Combat|p1a: Skarmory\n|-damage|p1a: Skarmory|0 fnt\n|-unboost|p2a: Zacian|def|1\n|-unboost|p2a: Zacian|spd|1\n|faint|p1a: Skarmory\n|-damage|p2a: Zacian|193/241|[from] item: Life Orb\n|\n|upkeep\n|-message|LNSNL forfeited.\n|\n|win|uapluplupl\n|raw|LNSNL's rating: 1040 &rarr; <strong>1026</strong><br />(-14 for losing)\n|raw|uapluplupl's rating: 1081 &rarr; <strong>1106</strong><br />(+25 for winning)\n|l|\u2606LNSNL\n|player|p1|\n", "inputlog": ">version a8376a258c1d4662feba110a92103f3664a72141\n>start {\"formatid\":\"gen9randombattle\",\"seed\":\"sodium,155ceeacdf9ea663839ca9e7af3b09ab\",\"rated\":\"Rated battle\"}\n>player p1 {\"name\":\"LNSNL\",\"avatar\":\"n\",\"rating\":1040,\"seed\":\"sodium,20890bda58cf23ef51fda6cb49688cf1\"}\n>player p2 {\"name\":\"uapluplupl\",\"avatar\":\"teamrocket\",\"rating\":1081,\"seed\":\"sodium,55856c809aa6a5c229ce67666a1b086e\"}\n>p1 move dragondance\n>p2 move stealthrock\n>p1 move dragondance\n>p2 move yawn\n>p1 move outrage\n>p2 move flipturn\n>p2 switch 6\n>p1 switch 3\n>p2 move swordsdance\n>p1 move destinybond\n>p2 move swordsdance terastallize\n>p1 move spikes\n>p2 move swordsdance\n>p1 switch 5\n>p2 move closecombat\n>p1 switch 5\n>p2 move crunch\n>p1 switch 4\n>p1 move bravebird\n>p2 move closecombat\n>forcelose p1", "uploadtime": 1781401381, "views": 6, "formatid": "gen9randombattle", "rating": 1026, "private": 0, "password": null}