{"id": "gen9randombattle-2631943524", "format": "[Gen 9] Random Battle", "players": ["catlib", "4 akashi_seijuro"], "log": "|j|\u2606catlib\n|j|\u26064 akashi_seijuro\n|t:|1781458311\n|gametype|singles\n|player|p1|catlib|birdkeeper|2031\n|player|p2|4 akashi_seijuro|266|2026\n|gen|9\n|tier|[Gen 9] Random Battle\n|rated|\n|rule|Species Clause: Limit one of each Pok\u00e9mon\n|rule|HP Percentage Mod: HP is shown in percentages\n|rule|Sleep Clause Mod: Limit one foe put to sleep\n|rule|Illusion Level Mod: Illusion disguises the Pok\u00e9mon's true level\n|\n|t:|1781458311\n|teamsize|p1|6\n|teamsize|p2|6\n|start\n|switch|p1a: Chien-Pao|Chien-Pao, L72|234/234\n|switch|p2a: Iron Valiant|Iron Valiant, L78|244/244\n|-ability|p1a: Chien-Pao|Sword of Ruin\n|turn|1\n|inactive|Battle timer is ON: inactive players will automatically lose when time's up. (requested by catlib)\n|inactive|4 akashi_seijuro also wants the timer to be on.\n|\n|t:|1781458337\n|switch|p1a: Uxie|Uxie, L83|260/260\n|move|p2a: Iron Valiant|Moonblast|p1a: Uxie\n|-damage|p1a: Uxie|159/260\n|-damage|p2a: Iron Valiant|220/244|[from] item: Life Orb\n|\n|-heal|p1a: Uxie|175/260|[from] item: Leftovers\n|upkeep\n|turn|2\n|\n|t:|1781458357\n|-terastallize|p2a: Iron Valiant|Dark\n|move|p2a: Iron Valiant|Knock Off|p1a: Uxie\n|-supereffective|p1a: Uxie\n|-damage|p1a: Uxie|0 fnt\n|-enditem|p1a: Uxie|Leftovers|[from] move: Knock Off|[of] p2a: Iron Valiant\n|faint|p1a: Uxie\n|-damage|p2a: Iron Valiant|196/244|[from] item: Life Orb\n|\n|upkeep\n|\n|t:|1781458367\n|switch|p1a: Chien-Pao|Chien-Pao, L72|234/234\n|-ability|p1a: Chien-Pao|Sword of Ruin\n|turn|3\n|\n|t:|1781458376\n|-end|p2a: Iron Valiant|Quark Drive|[silent]\n|switch|p2a: Keldeo|Keldeo-Resolute, L79|273/273\n|move|p1a: Chien-Pao|Sacred Sword|p2a: Keldeo\n|-damage|p2a: Keldeo|152/273\n|\n|upkeep\n|turn|4\n|\n|t:|1781458405\n|switch|p1a: Mesprit|Mesprit, L85|275/275\n|move|p2a: Keldeo|Secret Sword|p1a: Mesprit\n|-resisted|p1a: Mesprit\n|-damage|p1a: Mesprit|217/275\n|-damage|p2a: Keldeo|125/273|[from] item: Life Orb\n|\n|upkeep\n|turn|5\n|\n|t:|1781458419\n|switch|p2a: Cinderace|Cinderace, L77, F|249/249\n|move|p1a: Mesprit|Thunderbolt|p2a: Cinderace\n|-damage|p2a: Cinderace|113/249\n|\n|upkeep\n|turn|6\n|\n|t:|1781458429\n|move|p2a: Cinderace|Pyro Ball|p1a: Mesprit\n|-damage|p1a: Mesprit|120/275\n|move|p1a: Mesprit|Thunderbolt|p2a: Cinderace\n|-damage|p2a: Cinderace|0 fnt\n|faint|p2a: Cinderace\n|\n|upkeep\n|\n|t:|1781458440\n|switch|p2a: Wugtrio|Wugtrio, L91, M|212/212\n|turn|7\n|inactive|catlib has 120 seconds left.\n|\n|t:|1781458474\n|switch|p1a: Chien-Pao|Chien-Pao, L72|234/234\n|-ability|p1a: Chien-Pao|Sword of Ruin\n|move|p2a: Wugtrio|Liquidation|p1a: Chien-Pao\n|-damage|p1a: Chien-Pao|33/234\n|\n|upkeep\n|turn|8\n|inactive|catlib has 120 seconds left.\n|\n|t:|1781458487\n|move|p1a: Chien-Pao|Ice Shard|p2a: Wugtrio\n|-resisted|p2a: Wugtrio\n|-crit|p2a: Wugtrio\n|-damage|p2a: Wugtrio|139/212\n|move|p2a: Wugtrio|Liquidation|p1a: Chien-Pao\n|-damage|p1a: Chien-Pao|0 fnt\n|faint|p1a: Chien-Pao\n|\n|upkeep\n|inactive|catlib has 120 seconds left.\n|\n|t:|1781458495\n|switch|p1a: Registeel|Registeel, L81|262/262\n|turn|9\n|\n|t:|1781458510\n|switch|p2a: Keldeo|Keldeo-Resolute, L79|125/273\n|move|p1a: Registeel|Stealth Rock|p2a: Keldeo\n|-sidestart|p2: 4 akashi_seijuro|move: Stealth Rock\n|\n|upkeep\n|turn|10\n|\n|t:|1781458526\n|move|p2a: Keldeo|Secret Sword|p1a: Registeel\n|-supereffective|p1a: Registeel\n|-damage|p1a: Registeel|96/262\n|-damage|p2a: Keldeo|98/273|[from] item: Life Orb\n|move|p1a: Registeel|Body Press|p2a: Keldeo\n|-damage|p2a: Keldeo|22/273\n|\n|-heal|p1a: Registeel|112/262|[from] item: Leftovers\n|upkeep\n|turn|11\n|\n|t:|1781458537\n|move|p2a: Keldeo|Hydro Pump|p1a: Registeel\n|-damage|p1a: Registeel|2/262\n|-damage|p2a: Keldeo|0 fnt|[from] item: Life Orb\n|faint|p2a: Keldeo\n|move|p1a: Registeel|Body Press|p2: Keldeo|[notarget]\n|-fail|p1a: Registeel\n|\n|-heal|p1a: Registeel|18/262|[from] item: Leftovers\n|upkeep\n|\n|t:|1781458546\n|switch|p2a: Mismagius|Mismagius, L86, F|243/243\n|-damage|p2a: Mismagius|213/243|[from] Stealth Rock\n|turn|12\n|\n|t:|1781458555\n|move|p2a: Mismagius|Shadow Ball|p1a: Registeel\n|-damage|p1a: Registeel|0 fnt\n|faint|p1a: Registeel\n|\n|upkeep\n|\n|t:|1781458583\n|switch|p1a: Maushold|Maushold-Four, L76|238/238\n|turn|13\n|\n|t:|1781458589\n|switch|p2a: Wugtrio|Wugtrio, L91, M|139/212\n|-damage|p2a: Wugtrio|113/212|[from] Stealth Rock\n|move|p1a: Maushold|Bite|p2a: Wugtrio\n|-crit|p2a: Wugtrio\n|-damage|p2a: Wugtrio|19/212\n|-ability|p2a: Wugtrio|Gooey\n|-unboost|p1a: Maushold|spe|1\n|\n|upkeep\n|turn|14\n|\n|t:|1781458602\n|switch|p1a: Luvdisc|Luvdisc, M|247/247\n|move|p2a: Wugtrio|Liquidation|p1a: Luvdisc\n|-resisted|p1a: Luvdisc\n|-damage|p1a: Luvdisc|157/247\n|-unboost|p1a: Luvdisc|def|1\n|\n|upkeep\n|turn|15\n|\n|t:|1781458610\n|move|p2a: Wugtrio|Liquidation|p1a: Luvdisc\n|-resisted|p1a: Luvdisc\n|-damage|p1a: Luvdisc|8/247\n|move|p1a: Luvdisc|Surf|p2a: Wugtrio\n|-resisted|p2a: Wugtrio\n|-damage|p2a: Wugtrio|0 fnt\n|faint|p2a: Wugtrio\n|\n|upkeep\n|\n|t:|1781458615\n|switch|p2a: Mismagius|Mismagius, L86, F|213/243\n|-damage|p2a: Mismagius|183/243|[from] Stealth Rock\n|turn|16\n|\n|t:|1781458620\n|switch|p1a: Mesprit|Mesprit, L85|120/275\n|move|p2a: Mismagius|Energy Ball|p1a: Mesprit\n|-damage|p1a: Mesprit|30/275\n|\n|upkeep\n|turn|17\n|\n|t:|1781458634\n|move|p2a: Mismagius|Energy Ball|p1a: Mesprit\n|-damage|p1a: Mesprit|0 fnt\n|faint|p1a: Mesprit\n|\n|upkeep\n|\n|t:|1781458636\n|switch|p1a: Maushold|Maushold-Four, L76|238/238\n|turn|18\n|\n|t:|1781458653\n|move|p2a: Mismagius|Energy Ball|p1a: Maushold\n|-damage|p1a: Maushold|106/238\n|move|p1a: Maushold|Tidy Up|p1a: Maushold\n|-sideend|p2: 4 akashi_seijuro|Stealth Rock\n|-activate|p1a: Maushold|move: Tidy Up\n|-boost|p1a: Maushold|atk|1\n|-boost|p1a: Maushold|spe|1\n|\n|upkeep\n|turn|19\n|\n|t:|1781458657\n|move|p1a: Maushold|Bite|p2a: Mismagius\n|-supereffective|p2a: Mismagius\n|-damage|p2a: Mismagius|1/243\n|cant|p2a: Mismagius|flinch\n|\n|upkeep\n|turn|20\n|\n|t:|1781458663\n|move|p1a: Maushold|Bite|p2a: Mismagius\n|-supereffective|p2a: Mismagius\n|-damage|p2a: Mismagius|0 fnt\n|faint|p2a: Mismagius\n|\n|upkeep\n|\n|t:|1781458670\n|switch|p2a: Zebstrika|Zebstrika, L87, M|272/272\n|turn|21\n|\n|t:|1781458678\n|move|p1a: Maushold|Population Bomb|p2a: Zebstrika\n|-damage|p2a: Zebstrika|230/272\n|-crit|p2a: Zebstrika\n|-damage|p2a: Zebstrika|166/272\n|-damage|p2a: Zebstrika|124/272\n|-damage|p2a: Zebstrika|81/272\n|-damage|p2a: Zebstrika|36/272\n|-damage|p2a: Zebstrika|0 fnt\n|faint|p2a: Zebstrika\n|-hitcount|p2: Zebstrika|6\n|\n|upkeep\n|\n|t:|1781458687\n|switch|p2a: Iron Valiant|Iron Valiant, L78, tera:Dark|196/244\n|turn|22\n|\n|t:|1781458693\n|-terastallize|p1a: Maushold|Ghost\n|move|p1a: Maushold|Population Bomb|p2a: Iron Valiant\n|-damage|p2a: Iron Valiant|162/244\n|-crit|p2a: Iron Valiant\n|-damage|p2a: Iron Valiant|111/244\n|-damage|p2a: Iron Valiant|74/244\n|-damage|p2a: Iron Valiant|41/244\n|-damage|p2a: Iron Valiant|8/244\n|-damage|p2a: Iron Valiant|0 fnt\n|faint|p2a: Iron Valiant\n|-end|p2a: Iron Valiant|Quark Drive|[silent]\n|-hitcount|p2: Iron Valiant|6\n|\n|win|catlib\n", "inputlog": ">version a8376a258c1d4662feba110a92103f3664a72141\n>start {\"formatid\":\"gen9randombattle\",\"seed\":\"sodium,8efca08c47d4688711a3157bff115f26\",\"rated\":\"Rated battle\"}\n>player p1 {\"name\":\"catlib\",\"avatar\":\"birdkeeper\",\"rating\":2031,\"seed\":\"sodium,f3a1276c26db7ae8b5b3417b5eacc361\"}\n>player p2 {\"name\":\"4 akashi_seijuro\",\"avatar\":\"266\",\"rating\":2026,\"seed\":\"sodium,84afda5947bf1479f48f5818a459a130\"}\n>p1 switch 3\n>p2 move moonblast\n>p1 move yawn\n>p2 move knockoff terastallize\n>p1 switch 3\n>p1 move sacredsword\n>p2 switch 4\n>p1 switch 6\n>p2 move secretsword\n>p1 move thunderbolt\n>p2 switch 6\n>p1 move thunderbolt\n>p2 move pyroball\n>p2 switch 3\n>p1 switch 6\n>p2 move liquidation\n>p1 move iceshard\n>p2 move liquidation\n>p1 switch 4\n>p1 move stealthrock\n>p2 switch 6\n>p1 move bodypress\n>p2 move secretsword\n>p1 move bodypress\n>p2 move hydropump\n>p2 switch 2\n>p1 move thunderwave\n>p2 move shadowball\n>p1 switch 5\n>p1 move bite\n>p2 switch 6\n>p1 switch 2\n>p2 move liquidation\n>p1 move surf\n>p2 move liquidation\n>p2 switch 6\n>p1 switch 6\n>p2 move energyball\n>p1 move psychic\n>p2 move energyball\n>p1 switch 2\n>p1 move tidyup\n>p2 move energyball\n>p1 move bite\n>p2 move energyball\n>p1 move bite\n>p2 move energyball\n>p2 switch 5\n>p1 move populationbomb\n>p2 move voltswitch\n>p2 switch 4\n>p1 move populationbomb terastallize\n>p2 move knockoff", "uploadtime": 1781458313, "views": 4, "formatid": "gen9randombattle", "rating": null, "private": 0, "password": null}