{"id": "gen9randombattle-2632021103", "format": "[Gen 9] Random Battle", "players": ["IceColdAcer", "EnthusiastAmateur"], "log": "|j|\u2606IceColdAcer\n|j|\u2606EnthusiastAmateur\n|t:|1781466804\n|gametype|singles\n|player|p1|IceColdAcer|acetrainer|2057\n|player|p2|EnthusiastAmateur|265|2119\n|gen|9\n|tier|[Gen 9] Random Battle\n|rated|\n|rule|Species Clause: Limit one of each Pok\u00e9mon\n|rule|HP Percentage Mod: HP is shown in percentages\n|rule|Sleep Clause Mod: Limit one foe put to sleep\n|rule|Illusion Level Mod: Illusion disguises the Pok\u00e9mon's true level\n|\n|t:|1781466804\n|teamsize|p1|6\n|teamsize|p2|6\n|start\n|switch|p1a: Dragalge|Dragalge, L88, F|258/258\n|switch|p2a: Heatran|Heatran, L79, F|273/273\n|-item|p2a: Heatran|Air Balloon\n|turn|1\n|inactive|Battle timer is ON: inactive players will automatically lose when time's up. (requested by EnthusiastAmateur)\n|\n|t:|1781466821\n|move|p2a: Heatran|Stealth Rock|p1a: Dragalge\n|-sidestart|p1: IceColdAcer|move: Stealth Rock\n|move|p1a: Dragalge|Focus Blast|p2a: Heatran\n|-supereffective|p2a: Heatran\n|-damage|p2a: Heatran|97/273\n|-enditem|p2a: Heatran|Air Balloon\n|\n|upkeep\n|turn|2\n|\n|t:|1781466828\n|switch|p2a: Araquanid|Araquanid, L82, F|246/246\n|move|p1a: Dragalge|Dragon Tail|p2a: Araquanid\n|-damage|p2a: Araquanid|174/246\n|drag|p2a: Basculin|Basculin, L86, M|261/261\n|\n|upkeep\n|turn|3\n|\n|t:|1781466841\n|switch|p2a: Araquanid|Araquanid, L82, F|174/246\n|move|p1a: Dragalge|Draco Meteor|p2a: Araquanid\n|-crit|p2a: Araquanid\n|-damage|p2a: Araquanid|0 fnt\n|-unboost|p1a: Dragalge|spa|2\n|faint|p2a: Araquanid\n|\n|upkeep\n|\n|t:|1781466866\n|switch|p2a: Regigigas|Regigigas, L84|322/322\n|-start|p2a: Regigigas|ability: Slow Start\n|turn|4\n|\n|t:|1781466881\n|switch|p1a: Appletun|Appletun, L92, M|352/352\n|-damage|p1a: Appletun|308/352|[from] Stealth Rock\n|move|p2a: Regigigas|Substitute|p2a: Regigigas\n|-start|p2a: Regigigas|Substitute\n|-damage|p2a: Regigigas|242/322\n|\n|-heal|p2a: Regigigas|262/322|[from] item: Leftovers\n|-heal|p1a: Appletun|330/352|[from] item: Leftovers\n|upkeep\n|turn|5\n|\n|t:|1781466890\n|move|p2a: Regigigas|Protect|p2a: Regigigas\n|-singleturn|p2a: Regigigas|Protect\n|move|p1a: Appletun|Apple Acid|p2a: Regigigas\n|-activate|p2a: Regigigas|move: Protect\n|\n|-heal|p1a: Appletun|352/352|[from] item: Leftovers\n|-heal|p2a: Regigigas|282/322|[from] item: Leftovers\n|upkeep\n|turn|6\n|\n|t:|1781466897\n|move|p2a: Regigigas|Substitute|p2a: Regigigas\n|-fail|p2a: Regigigas|move: Substitute\n|move|p1a: Appletun|Apple Acid|p2a: Regigigas\n|-end|p2a: Regigigas|Substitute\n|\n|-heal|p2a: Regigigas|302/322|[from] item: Leftovers\n|upkeep\n|turn|7\n|\n|t:|1781466903\n|move|p2a: Regigigas|Protect|p2a: Regigigas\n|-singleturn|p2a: Regigigas|Protect\n|move|p1a: Appletun|Leech Seed|p2a: Regigigas\n|-activate|p2a: Regigigas|move: Protect\n|\n|-heal|p2a: Regigigas|322/322|[from] item: Leftovers\n|upkeep\n|turn|8\n|\n|t:|1781466907\n|move|p1a: Appletun|Apple Acid|p2a: Regigigas\n|-damage|p2a: Regigigas|238/322\n|-unboost|p2a: Regigigas|spd|1\n|move|p2a: Regigigas|Substitute|p2a: Regigigas\n|-start|p2a: Regigigas|Substitute\n|-damage|p2a: Regigigas|158/322\n|\n|-heal|p2a: Regigigas|178/322|[from] item: Leftovers\n|-end|p2a: Regigigas|Slow Start\n|upkeep\n|turn|9\n|\n|t:|1781466914\n|move|p2a: Regigigas|Knock Off|p1a: Appletun\n|-damage|p1a: Appletun|252/352\n|-enditem|p1a: Appletun|Leftovers|[from] move: Knock Off|[of] p2a: Regigigas\n|move|p1a: Appletun|Dragon Pulse|p2a: Regigigas\n|-end|p2a: Regigigas|Substitute\n|\n|-heal|p2a: Regigigas|198/322|[from] item: Leftovers\n|upkeep\n|turn|10\n|\n|t:|1781466920\n|move|p2a: Regigigas|Protect|p2a: Regigigas\n|-singleturn|p2a: Regigigas|Protect\n|move|p1a: Appletun|Apple Acid|p2a: Regigigas\n|-activate|p2a: Regigigas|move: Protect\n|\n|-heal|p2a: Regigigas|218/322|[from] item: Leftovers\n|upkeep\n|turn|11\n|\n|t:|1781466926\n|switch|p2a: Heatran|Heatran, L79, F|97/273\n|move|p1a: Appletun|Apple Acid|p2a: Heatran\n|-resisted|p2a: Heatran\n|-damage|p2a: Heatran|74/273\n|-unboost|p2a: Heatran|spd|1\n|\n|upkeep\n|turn|12\n|\n|t:|1781466933\n|move|p2a: Heatran|Magma Storm|p1a: Appletun|[miss]\n|-miss|p2a: Heatran|p1a: Appletun\n|move|p1a: Appletun|Leech Seed|p2a: Heatran\n|-start|p2a: Heatran|move: Leech Seed\n|\n|-damage|p2a: Heatran|40/273|[from] Leech Seed|[of] p1a: Appletun\n|-heal|p1a: Appletun|286/352|[silent]\n|upkeep\n|turn|13\n|\n|t:|1781466939\n|move|p2a: Heatran|Magma Storm|p1a: Appletun\n|-damage|p1a: Appletun|222/352\n|-activate|p1a: Appletun|move: Magma Storm|[of] p2a: Heatran\n|move|p1a: Appletun|Dragon Pulse|p2a: Heatran\n|-resisted|p2a: Heatran\n|-crit|p2a: Heatran\n|-damage|p2a: Heatran|0 fnt\n|faint|p2a: Heatran\n|\n|-end|p1a: Appletun|Magma Storm|[partiallytrapped]|[silent]\n|upkeep\n|\n|t:|1781466966\n|switch|p2a: Basculin|Basculin, L86, M|261/261\n|turn|14\n|\n|t:|1781466970\n|move|p2a: Basculin|Double-Edge|p1a: Appletun\n|-damage|p1a: Appletun|92/352\n|-damage|p2a: Basculin|218/261|[from] Recoil\n|move|p1a: Appletun|Recover|p1a: Appletun\n|-heal|p1a: Appletun|268/352\n|\n|upkeep\n|turn|15\n|\n|t:|1781466992\n|move|p2a: Basculin|Double-Edge|p1a: Appletun\n|-damage|p1a: Appletun|133/352\n|-damage|p2a: Basculin|173/261|[from] Recoil\n|move|p1a: Appletun|Apple Acid|p2a: Basculin\n|-supereffective|p2a: Basculin\n|-damage|p2a: Basculin|0 fnt\n|faint|p2a: Basculin\n|\n|upkeep\n|\n|t:|1781466996\n|switch|p2a: Houndstone|Houndstone, L86, F|264/264\n|turn|16\n|\n|t:|1781466999\n|move|p2a: Houndstone|Poltergeist||[still]\n|-fail|p2a: Houndstone\n|move|p1a: Appletun|Recover|p1a: Appletun\n|-heal|p1a: Appletun|309/352\n|\n|upkeep\n|turn|17\n|-message|EnthusiastAmateur forfeited.\n|\n|win|IceColdAcer\n", "inputlog": ">version a8376a258c1d4662feba110a92103f3664a72141\n>start {\"formatid\":\"gen9randombattle\",\"seed\":\"sodium,5c8d7e738a069b88a49cf6923c0705e1\",\"rated\":\"Rated battle\"}\n>player p1 {\"name\":\"IceColdAcer\",\"avatar\":\"acetrainer\",\"rating\":2057,\"seed\":\"sodium,807fa40c9eb0fc09decd9f66ced0627b\"}\n>player p2 {\"name\":\"EnthusiastAmateur\",\"avatar\":\"265\",\"rating\":2119,\"seed\":\"sodium,ed35e0aba09c06f6615fe9b6c5eddf9a\"}\n>p1 move focusblast\n>p2 move stealthrock\n>p1 move dragontail\n>p2 switch 2\n>p1 move dracometeor\n>p2 switch 6\n>p2 switch 5\n>p1 switch 3\n>p2 move substitute\n>p1 move appleacid\n>p2 move protect\n>p1 move appleacid\n>p2 move substitute\n>p1 move leechseed\n>p2 move protect\n>p1 move appleacid\n>p2 move substitute\n>p1 move dragonpulse\n>p2 move knockoff\n>p1 move appleacid\n>p2 move protect\n>p1 move appleacid\n>p2 switch 2\n>p1 move leechseed\n>p2 move magmastorm\n>p1 move dragonpulse\n>p2 move magmastorm\n>p2 switch 6\n>p1 move recover\n>p2 move doubleedge\n>p1 move appleacid\n>p2 move doubleedge\n>p2 switch 4\n>p1 move recover\n>p2 move poltergeist\n>forcelose p2", "uploadtime": 1781466805, "views": 8, "formatid": "gen9randombattle", "rating": null, "private": 0, "password": null}