{"id": "gen9randombattle-2631903661", "format": "[Gen 9] Random Battle", "players": ["5star", "ElyasTheGreat"], "log": "|badge|p2|silver|gen9randombattle|30-9\n|uhtml|medal-msg|<div class=\"broadcast-blue\">Curious what those medals under the avatar are? PS now has Ladder Seasons! For more information, check out the <a href=\"https://www.smogon.com/forums/threads/3740067/\">thread on Smogon.</a></div>\n|j|\u26065star\n|j|\u2606ElyasTheGreat\n|t:|1781453941\n|gametype|singles\n|player|p1|5star|169|2301\n|player|p2|ElyasTheGreat|alder|2353\n|gen|9\n|tier|[Gen 9] Random Battle\n|rated|\n|rule|Species Clause: Limit one of each Pok\u00e9mon\n|rule|HP Percentage Mod: HP is shown in percentages\n|rule|Sleep Clause Mod: Limit one foe put to sleep\n|rule|Illusion Level Mod: Illusion disguises the Pok\u00e9mon's true level\n|\n|t:|1781453941\n|teamsize|p1|6\n|teamsize|p2|6\n|start\n|switch|p1a: Bruxish|Bruxish, L85, M|254/254\n|switch|p2a: Eternatus|Eternatus, L69|308/308\n|-ability|p2a: Eternatus|Pressure\n|turn|1\n|\n|t:|1781453953\n|switch|p2a: Iron Crown|Iron Crown, L78|268/268\n|move|p1a: Bruxish|Psychic Fangs|p2a: Iron Crown\n|-resisted|p2a: Iron Crown\n|-damage|p2a: Iron Crown|214/268\n|\n|upkeep\n|turn|2\n|\n|t:|1781453961\n|switch|p1a: Dedenne|Dedenne, L88, M|261/261\n|move|p2a: Iron Crown|Tachyon Cutter|p1a: Dedenne\n|-damage|p1a: Dedenne|167/261\n|-damage|p1a: Dedenne|68/261\n|-enditem|p1a: Dedenne|Sitrus Berry|[eat]\n|-heal|p1a: Dedenne|133/261|[from] item: Sitrus Berry\n|-heal|p1a: Dedenne|220/261|[from] ability: Cheek Pouch\n|-hitcount|p1a: Dedenne|2\n|\n|upkeep\n|turn|3\n|inactive|Battle timer is ON: inactive players will automatically lose when time's up. (requested by 5star)\n|inactive|ElyasTheGreat has 120 seconds left.\n|\n|t:|1781454047\n|move|p1a: Dedenne|Nuzzle|p2a: Iron Crown\n|-damage|p2a: Iron Crown|195/268\n|-status|p2a: Iron Crown|par\n|cant|p2a: Iron Crown|par\n|\n|upkeep\n|turn|4\n|inactive|5star has 120 seconds left.\n|\n|t:|1781454103\n|switch|p1a: Kricketune|Kricketune, L99, M|312/312\n|cant|p2a: Iron Crown|par\n|\n|upkeep\n|turn|5\n|inactive|ElyasTheGreat has 120 seconds left.\n|\n|t:|1781454145\n|move|p1a: Kricketune|Sticky Web|p2a: Iron Crown\n|-sidestart|p2: ElyasTheGreat|move: Sticky Web\n|cant|p2a: Iron Crown|par\n|\n|upkeep\n|turn|6\n|\n|t:|1781454152\n|move|p1a: Kricketune|Knock Off|p2a: Iron Crown\n|-supereffective|p2a: Iron Crown\n|-damage|p2a: Iron Crown|31/268 par\n|-enditem|p2a: Iron Crown|Choice Specs|[from] move: Knock Off|[of] p1a: Kricketune\n|move|p2a: Iron Crown|Tachyon Cutter|p1a: Kricketune\n|-damage|p1a: Kricketune|248/312\n|-damage|p1a: Kricketune|181/312\n|-hitcount|p1a: Kricketune|2\n|\n|upkeep\n|turn|7\n|\n|t:|1781454160\n|move|p1a: Kricketune|Pounce|p2a: Iron Crown\n|-crit|p2a: Iron Crown\n|-damage|p2a: Iron Crown|0 fnt\n|faint|p2a: Iron Crown\n|-end|p2a: Iron Crown|Quark Drive|[silent]\n|\n|upkeep\n|\n|t:|1781454163\n|switch|p2a: Noivern|Noivern, L82, M|274/274\n|turn|8\n|inactive|5star has 120 seconds left.\n|\n|t:|1781454175\n|move|p2a: Noivern|Hurricane|p1a: Kricketune|[miss]\n|-miss|p2a: Noivern|p1a: Kricketune\n|move|p1a: Kricketune|Pounce|p2a: Noivern\n|-resisted|p2a: Noivern\n|-damage|p2a: Noivern|221/274\n|-unboost|p2a: Noivern|spe|1\n|\n|upkeep\n|turn|9\n|inactive|ElyasTheGreat has 120 seconds left.\n|inactive|ElyasTheGreat has 90 seconds left.\n|\n|t:|1781454231\n|move|p1a: Kricketune|Knock Off|p2a: Noivern\n|-damage|p2a: Noivern|125/274\n|-enditem|p2a: Noivern|Heavy-Duty Boots|[from] move: Knock Off|[of] p1a: Kricketune\n|move|p2a: Noivern|Hurricane|p1a: Kricketune\n|-supereffective|p1a: Kricketune\n|-crit|p1a: Kricketune\n|-damage|p1a: Kricketune|0 fnt\n|faint|p1a: Kricketune\n|\n|upkeep\n|\n|t:|1781454242\n|switch|p1a: Kleavor|Kleavor, L78, M|237/237\n|turn|10\n|\n|t:|1781454252\n|switch|p2a: Decidueye|Decidueye-Hisui, L87, F|295/295\n|-activate|p2a: Decidueye|move: Sticky Web\n|-unboost|p2a: Decidueye|spe|1\n|move|p1a: Kleavor|Stone Axe|p2a: Decidueye\n|-resisted|p2a: Decidueye\n|-damage|p2a: Decidueye|236/295\n|-sidestart|p2: ElyasTheGreat|move: Stealth Rock\n|\n|-heal|p2a: Decidueye|254/295|[from] item: Leftovers\n|upkeep\n|turn|11\n|\n|t:|1781454260\n|move|p1a: Kleavor|X-Scissor|p2a: Decidueye\n|-damage|p2a: Decidueye|116/295\n|move|p2a: Decidueye|Leaf Blade|p1a: Kleavor\n|-damage|p1a: Kleavor|116/237\n|\n|-heal|p2a: Decidueye|134/295|[from] item: Leftovers\n|upkeep\n|turn|12\n|\n|t:|1781454265\n|move|p1a: Kleavor|X-Scissor|p2a: Decidueye\n|-damage|p2a: Decidueye|0 fnt\n|faint|p2a: Decidueye\n|\n|upkeep\n|\n|t:|1781454270\n|switch|p2a: Noivern|Noivern, L82, M|125/274\n|-damage|p2a: Noivern|57/274|[from] Stealth Rock\n|turn|13\n|\n|t:|1781454274\n|move|p2a: Noivern|Roost|p2a: Noivern\n|-heal|p2a: Noivern|194/274\n|-singleturn|p2a: Noivern|move: Roost\n|move|p1a: Kleavor|Stone Axe|p2a: Noivern\n|-damage|p2a: Noivern|59/274\n|\n|upkeep\n|turn|14\n|\n|t:|1781454278\n|move|p2a: Noivern|Hurricane|p1a: Kleavor\n|-damage|p1a: Kleavor|0 fnt\n|faint|p1a: Kleavor\n|\n|upkeep\n|\n|t:|1781454285\n|switch|p1a: Dedenne|Dedenne, L88, M|220/261\n|turn|15\n|\n|t:|1781454291\n|move|p2a: Noivern|Flamethrower|p1a: Dedenne\n|-damage|p1a: Dedenne|154/261\n|move|p1a: Dedenne|Dazzling Gleam|p2a: Noivern\n|-supereffective|p2a: Noivern\n|-damage|p2a: Noivern|0 fnt\n|faint|p2a: Noivern\n|\n|upkeep\n|\n|t:|1781454295\n|switch|p2a: Eternatus|Eternatus, L69|308/308\n|-activate|p2a: Eternatus|move: Sticky Web\n|-unboost|p2a: Eternatus|spe|1\n|-damage|p2a: Eternatus|270/308|[from] Stealth Rock\n|-ability|p2a: Eternatus|Pressure\n|turn|16\n|\n|t:|1781454305\n|move|p1a: Dedenne|Nuzzle|p2a: Eternatus\n|-resisted|p2a: Eternatus\n|-damage|p2a: Eternatus|261/308\n|-status|p2a: Eternatus|par\n|cant|p2a: Eternatus|par\n|\n|upkeep\n|turn|17\n|\n|t:|1781454310\n|switch|p1a: Bruxish|Bruxish, L85, M|254/254\n|move|p2a: Eternatus|Sludge Bomb|p1a: Bruxish\n|-damage|p1a: Bruxish|145/254\n|\n|upkeep\n|turn|18\n|\n|t:|1781454324\n|move|p1a: Bruxish|Psychic Fangs|p2a: Eternatus\n|-supereffective|p2a: Eternatus\n|-damage|p2a: Eternatus|0 fnt\n|faint|p2a: Eternatus\n|\n|upkeep\n|\n|t:|1781454326\n|switch|p2a: Suicune|Suicune, L82|298/298\n|-activate|p2a: Suicune|move: Sticky Web\n|-unboost|p2a: Suicune|spe|1\n|-damage|p2a: Suicune|261/298|[from] Stealth Rock\n|-ability|p2a: Suicune|Pressure\n|turn|19\n|\n|t:|1781454336\n|switch|p1a: Golduck|Golduck, L90, M|290/290\n|-ability|p1a: Golduck|Cloud Nine\n|-terastallize|p2a: Suicune|Steel\n|move|p2a: Suicune|Calm Mind|p2a: Suicune\n|-boost|p2a: Suicune|spa|1\n|-boost|p2a: Suicune|spd|1\n|\n|-heal|p2a: Suicune|279/298|[from] item: Leftovers\n|upkeep\n|turn|20\n|\n|t:|1781454340\n|move|p1a: Golduck|Encore|p2a: Suicune\n|-start|p2a: Suicune|Encore\n|move|p2a: Suicune|Calm Mind|p2a: Suicune\n|-boost|p2a: Suicune|spa|1\n|-boost|p2a: Suicune|spd|1\n|\n|-heal|p2a: Suicune|297/298|[from] item: Leftovers\n|upkeep\n|turn|21\n|\n|t:|1781454342\n|switch|p1a: Conkeldurr|Conkeldurr, L80, F|299/299\n|move|p2a: Suicune|Calm Mind|p2a: Suicune\n|-boost|p2a: Suicune|spa|1\n|-boost|p2a: Suicune|spd|1\n|\n|-heal|p2a: Suicune|298/298|[from] item: Leftovers\n|-status|p1a: Conkeldurr|brn|[from] item: Flame Orb\n|upkeep\n|turn|22\n|-message|ElyasTheGreat forfeited.\n|\n|win|5star\n|raw|5star's rating: 2301 &rarr; <strong>2324</strong><br />(+23 for winning)\n|raw|ElyasTheGreat's rating: 2353 &rarr; <strong>2330</strong><br />(-23 for losing)\n", "uploadtime": 1781453943, "views": 3, "formatid": "gen9randombattle", "rating": 2324, "private": 0, "password": null}