{"id": "gen9randombattle-2632010819", "format": "[Gen 9] Random Battle", "players": ["cuerodeolancho", "Pachequitos"], "log": "|j|\u2606cuerodeolancho\n|j|\u2606Pachequitos\n|t:|1781465668\n|gametype|singles\n|player|p1|cuerodeolancho|janitor|2193\n|player|p2|Pachequitos|fantina|2219\n|gen|9\n|tier|[Gen 9] Random Battle\n|rated|\n|rule|Species Clause: Limit one of each Pok\u00e9mon\n|rule|HP Percentage Mod: HP is shown in percentages\n|rule|Sleep Clause Mod: Limit one foe put to sleep\n|rule|Illusion Level Mod: Illusion disguises the Pok\u00e9mon's true level\n|\n|t:|1781465668\n|teamsize|p1|6\n|teamsize|p2|6\n|start\n|switch|p1a: Zapdos|Zapdos, L78|268/268\n|switch|p2a: Jirachi|Jirachi, L80|291/291\n|turn|1\n|inactive|Battle timer is ON: inactive players will automatically lose when time's up. (requested by cuerodeolancho)\n|inactive|Pachequitos also wants the timer to be on.\n|\n|t:|1781465676\n|switch|p2a: Piloswine|Piloswine, L85, F|309/309\n|move|p1a: Zapdos|Heat Wave|p2a: Piloswine\n|-supereffective|p2a: Piloswine\n|-damage|p2a: Piloswine|249/309\n|\n|upkeep\n|turn|2\n|\n|t:|1781465688\n|switch|p1a: Basculin|Basculin, L86, M|261/261\n|move|p2a: Piloswine|Icicle Crash|p1a: Basculin\n|-resisted|p1a: Basculin\n|-damage|p1a: Basculin|202/261\n|\n|upkeep\n|turn|3\n|\n|t:|1781465694\n|switch|p2a: Keldeo|Keldeo-Resolute, L79|273/273\n|move|p1a: Basculin|Flip Turn|p2a: Keldeo\n|-resisted|p2a: Keldeo\n|-damage|p2a: Keldeo|208/273\n|\n|t:|1781465706\n|switch|p1a: Mewtwo|Mewtwo, L72|272/272|[from] Flip Turn\n|-ability|p1a: Mewtwo|Unnerve\n|\n|upkeep\n|turn|4\n|\n|t:|1781465710\n|switch|p2a: Jirachi|Jirachi, L80|291/291\n|move|p1a: Mewtwo|Psystrike|p2a: Jirachi\n|-resisted|p2a: Jirachi\n|-damage|p2a: Jirachi|256/291\n|-damage|p1a: Mewtwo|245/272|[from] item: Life Orb\n|\n|upkeep\n|turn|5\n|\n|t:|1781465713\n|switch|p1a: Zapdos|Zapdos, L78|268/268\n|move|p2a: Jirachi|U-turn|p1a: Zapdos\n|-resisted|p1a: Zapdos\n|-damage|p1a: Zapdos|241/268\n|\n|t:|1781465716\n|switch|p2a: Piloswine|Piloswine, L85, F|249/309|[from] U-turn\n|\n|upkeep\n|turn|6\n|\n|t:|1781465721\n|switch|p1a: Basculin|Basculin, L86, M|202/261\n|move|p2a: Piloswine|Earthquake|p1a: Basculin\n|-damage|p1a: Basculin|57/261\n|\n|upkeep\n|turn|7\n|\n|t:|1781465727\n|switch|p2a: Keldeo|Keldeo-Resolute, L79|208/273\n|move|p1a: Basculin|Wave Crash|p2a: Keldeo\n|-resisted|p2a: Keldeo\n|-damage|p2a: Keldeo|77/273\n|-damage|p1a: Basculin|14/261|[from] Recoil\n|\n|upkeep\n|turn|8\n|\n|t:|1781465731\n|move|p2a: Keldeo|Vacuum Wave|p1a: Basculin\n|-damage|p1a: Basculin|0 fnt\n|faint|p1a: Basculin\n|\n|upkeep\n|j| DikkeBende\n|\n|t:|1781465744\n|switch|p1a: Malamar|Malamar, L82, M|275/275\n|turn|9\n|\n|t:|1781465762\n|switch|p2a: Clefable|Clefable, L83, M|293/293\n|move|p1a: Malamar|Superpower|p2a: Clefable\n|-resisted|p2a: Clefable\n|-damage|p2a: Clefable|247/293\n|-boost|p1a: Malamar|atk|1\n|-boost|p1a: Malamar|def|1\n|\n|-heal|p2a: Clefable|265/293|[from] item: Leftovers\n|upkeep\n|turn|10\n|\n|t:|1781465773\n|switch|p1a: Mewtwo|Mewtwo, L72|245/272\n|-ability|p1a: Mewtwo|Unnerve\n|move|p2a: Clefable|Knock Off|p1a: Mewtwo\n|-supereffective|p1a: Mewtwo\n|-damage|p1a: Mewtwo|129/272\n|-enditem|p1a: Mewtwo|Life Orb|[from] move: Knock Off|[of] p2a: Clefable\n|\n|-heal|p2a: Clefable|283/293|[from] item: Leftovers\n|upkeep\n|turn|11\n|\n|t:|1781465777\n|switch|p2a: Jirachi|Jirachi, L80|256/291\n|move|p1a: Mewtwo|Recover|p1a: Mewtwo\n|-heal|p1a: Mewtwo|265/272\n|\n|upkeep\n|turn|12\n|\n|t:|1781465781\n|switch|p1a: Zapdos|Zapdos, L78|241/268\n|move|p2a: Jirachi|U-turn|p1a: Zapdos\n|-resisted|p1a: Zapdos\n|-damage|p1a: Zapdos|214/268\n|\n|t:|1781465784\n|switch|p2a: Piloswine|Piloswine, L85, F|249/309|[from] U-turn\n|\n|upkeep\n|turn|13\n|\n|t:|1781465790\n|move|p1a: Zapdos|Hurricane|p2a: Piloswine\n|-damage|p2a: Piloswine|132/309\n|move|p2a: Piloswine|Icicle Crash|p1a: Zapdos\n|-supereffective|p1a: Zapdos\n|-damage|p1a: Zapdos|14/268\n|\n|upkeep\n|turn|14\n|\n|t:|1781465798\n|move|p2a: Piloswine|Ice Shard|p1a: Zapdos\n|-supereffective|p1a: Zapdos\n|-damage|p1a: Zapdos|0 fnt\n|faint|p1a: Zapdos\n|\n|upkeep\n|\n|t:|1781465807\n|switch|p1a: Mewtwo|Mewtwo, L72|265/272\n|-ability|p1a: Mewtwo|Unnerve\n|turn|15\n|\n|t:|1781465813\n|move|p1a: Mewtwo|Nasty Plot|p1a: Mewtwo\n|-boost|p1a: Mewtwo|spa|2\n|move|p2a: Piloswine|Earthquake|p1a: Mewtwo\n|-damage|p1a: Mewtwo|133/272\n|\n|upkeep\n|turn|16\n|\n|t:|1781465821\n|move|p1a: Mewtwo|Psystrike|p2a: Piloswine\n|-damage|p2a: Piloswine|0 fnt\n|faint|p2a: Piloswine\n|\n|upkeep\n|\n|t:|1781465824\n|switch|p2a: Jirachi|Jirachi, L80|256/291\n|turn|17\n|\n|t:|1781465843\n|move|p2a: Jirachi|Iron Head|p1a: Mewtwo\n|-damage|p1a: Mewtwo|34/272\n|cant|p1a: Mewtwo|flinch\n|\n|upkeep\n|turn|18\n|\n|t:|1781465866\n|move|p2a: Jirachi|Iron Head|p1a: Mewtwo\n|-damage|p1a: Mewtwo|0 fnt\n|faint|p1a: Mewtwo\n|\n|upkeep\n|\n|t:|1781465871\n|switch|p1a: Malamar|Malamar, L82, M|275/275\n|turn|19\n|\n|t:|1781465876\n|switch|p2a: Clefable|Clefable, L83, M|283/293\n|move|p1a: Malamar|Superpower|p2a: Clefable\n|-resisted|p2a: Clefable\n|-damage|p2a: Clefable|235/293\n|-boost|p1a: Malamar|atk|1\n|-boost|p1a: Malamar|def|1\n|\n|-heal|p2a: Clefable|253/293|[from] item: Leftovers\n|upkeep\n|turn|20\n|\n|t:|1781465880\n|move|p1a: Malamar|Knock Off|p2a: Clefable\n|-resisted|p2a: Clefable\n|-damage|p2a: Clefable|202/293\n|-enditem|p2a: Clefable|Leftovers|[from] move: Knock Off|[of] p1a: Malamar\n|move|p2a: Clefable|Knock Off|p1a: Malamar\n|-damage|p1a: Malamar|217/275\n|-enditem|p1a: Malamar|Leftovers|[from] move: Knock Off|[of] p2a: Clefable\n|\n|upkeep\n|turn|21\n|\n|t:|1781465889\n|-terastallize|p1a: Malamar|Poison\n|move|p1a: Malamar|Superpower|p2a: Clefable\n|-resisted|p2a: Clefable\n|-damage|p2a: Clefable|157/293\n|-boost|p1a: Malamar|atk|1\n|-boost|p1a: Malamar|def|1\n|move|p2a: Clefable|Moonblast|p1a: Malamar\n|-resisted|p1a: Malamar\n|-damage|p1a: Malamar|165/275\n|\n|upkeep\n|turn|22\n|\n|t:|1781465900\n|move|p1a: Malamar|Superpower|p2a: Clefable\n|-resisted|p2a: Clefable\n|-damage|p2a: Clefable|110/293\n|-boost|p1a: Malamar|atk|1\n|-boost|p1a: Malamar|def|1\n|move|p2a: Clefable|Stealth Rock|p1a: Malamar\n|-sidestart|p1: cuerodeolancho|move: Stealth Rock\n|\n|upkeep\n|turn|23\n|\n|t:|1781465903\n|move|p1a: Malamar|Superpower|p2a: Clefable\n|-resisted|p2a: Clefable\n|-damage|p2a: Clefable|65/293\n|-boost|p1a: Malamar|atk|1\n|-boost|p1a: Malamar|def|1\n|move|p2a: Clefable|Moonlight|p2a: Clefable\n|-heal|p2a: Clefable|211/293\n|\n|upkeep\n|turn|24\n|\n|t:|1781465910\n|move|p1a: Malamar|Superpower|p2a: Clefable\n|-resisted|p2a: Clefable\n|-damage|p2a: Clefable|167/293\n|-boost|p1a: Malamar|atk|1\n|-boost|p1a: Malamar|def|1\n|move|p2a: Clefable|Moonlight|p2a: Clefable\n|-heal|p2a: Clefable|293/293\n|\n|upkeep\n|turn|25\n|\n|t:|1781465917\n|move|p1a: Malamar|Knock Off|p2a: Clefable\n|-resisted|p2a: Clefable\n|-damage|p2a: Clefable|255/293\n|move|p2a: Clefable|Moonblast|p1a: Malamar\n|-resisted|p1a: Malamar\n|-damage|p1a: Malamar|114/275\n|-boost|p1a: Malamar|spa|1\n|\n|upkeep\n|turn|26\n|\n|t:|1781465923\n|move|p1a: Malamar|Rest|p1a: Malamar\n|-status|p1a: Malamar|slp|[from] move: Rest\n|-heal|p1a: Malamar|275/275 slp|[silent]\n|move|p2a: Clefable|Moonblast|p1a: Malamar\n|-resisted|p1a: Malamar\n|-damage|p1a: Malamar|218/275 slp\n|\n|upkeep\n|turn|27\n|\n|t:|1781465933\n|cant|p1a: Malamar|slp\n|move|p1a: Malamar|Sleep Talk|p1a: Malamar\n|move|p1a: Malamar|Knock Off|p2a: Clefable|[from] move: Sleep Talk\n|-resisted|p2a: Clefable\n|-damage|p2a: Clefable|216/293\n|move|p2a: Clefable|Moonblast|p1a: Malamar\n|-resisted|p1a: Malamar\n|-damage|p1a: Malamar|164/275 slp\n|\n|upkeep\n|turn|28\n|\n|t:|1781465938\n|cant|p1a: Malamar|slp\n|move|p1a: Malamar|Sleep Talk|p1a: Malamar\n|move|p1a: Malamar|Superpower|p2a: Clefable|[from] move: Sleep Talk\n|-resisted|p2a: Clefable\n|-damage|p2a: Clefable|173/293\n|-boost|p1a: Malamar|atk|1\n|-boost|p1a: Malamar|def|1\n|move|p2a: Clefable|Moonblast|p1a: Malamar\n|-resisted|p1a: Malamar\n|-damage|p1a: Malamar|109/275 slp\n|\n|upkeep\n|turn|29\n|\n|t:|1781465942\n|-curestatus|p1a: Malamar|slp|[msg]\n|move|p1a: Malamar|Rest|p1a: Malamar\n|-status|p1a: Malamar|slp|[from] move: Rest\n|-heal|p1a: Malamar|275/275 slp|[silent]\n|move|p2a: Clefable|Moonblast|p1a: Malamar\n|-resisted|p1a: Malamar\n|-damage|p1a: Malamar|215/275 slp\n|-boost|p1a: Malamar|spa|1\n|\n|upkeep\n|turn|30\n|\n|t:|1781465945\n|cant|p1a: Malamar|slp\n|move|p1a: Malamar|Sleep Talk|p1a: Malamar\n|move|p1a: Malamar|Rest||[from] move: Sleep Talk|[still]\n|-fail|p1a: Malamar\n|move|p2a: Clefable|Moonblast|p1a: Malamar\n|-resisted|p1a: Malamar\n|-damage|p1a: Malamar|163/275 slp\n|-boost|p1a: Malamar|spa|1\n|\n|upkeep\n|turn|31\n|\n|t:|1781465950\n|cant|p1a: Malamar|slp\n|move|p1a: Malamar|Sleep Talk|p1a: Malamar\n|move|p1a: Malamar|Rest||[from] move: Sleep Talk|[still]\n|-fail|p1a: Malamar\n|move|p2a: Clefable|Moonblast|p1a: Malamar\n|-resisted|p1a: Malamar\n|-damage|p1a: Malamar|106/275 slp\n|\n|upkeep\n|turn|32\n|\n|t:|1781465964\n|-curestatus|p1a: Malamar|slp|[msg]\n|move|p1a: Malamar|Sleep Talk||[still]\n|-fail|p1a: Malamar\n|move|p2a: Clefable|Moonblast|p1a: Malamar\n|-resisted|p1a: Malamar\n|-damage|p1a: Malamar|46/275\n|\n|upkeep\n|turn|33\n|\n|t:|1781465967\n|move|p1a: Malamar|Rest|p1a: Malamar\n|-status|p1a: Malamar|slp|[from] move: Rest\n|-heal|p1a: Malamar|275/275 slp|[silent]\n|move|p2a: Clefable|Moonblast|p1a: Malamar\n|-resisted|p1a: Malamar\n|-damage|p1a: Malamar|218/275 slp\n|-boost|p1a: Malamar|spa|1\n|\n|upkeep\n|turn|34\n|\n|t:|1781465977\n|cant|p1a: Malamar|slp\n|move|p1a: Malamar|Sleep Talk|p1a: Malamar\n|move|p1a: Malamar|Rest||[from] move: Sleep Talk|[still]\n|-fail|p1a: Malamar\n|move|p2a: Clefable|Moonblast|p1a: Malamar\n|-resisted|p1a: Malamar\n|-damage|p1a: Malamar|161/275 slp\n|\n|upkeep\n|turn|35\n|\n|t:|1781465982\n|cant|p1a: Malamar|slp\n|move|p1a: Malamar|Sleep Talk|p1a: Malamar\n|move|p1a: Malamar|Rest||[from] move: Sleep Talk|[still]\n|-fail|p1a: Malamar\n|move|p2a: Clefable|Moonblast|p1a: Malamar\n|-resisted|p1a: Malamar\n|-damage|p1a: Malamar|101/275 slp\n|\n|upkeep\n|turn|36\n|\n|t:|1781465989\n|-curestatus|p1a: Malamar|slp|[msg]\n|move|p1a: Malamar|Knock Off|p2a: Clefable\n|-resisted|p2a: Clefable\n|-damage|p2a: Clefable|136/293\n|move|p2a: Clefable|Moonblast|p1a: Malamar\n|-resisted|p1a: Malamar\n|-damage|p1a: Malamar|47/275\n|\n|upkeep\n|turn|37\n|\n|t:|1781465996\n|switch|p2a: Politoed|Politoed, L88, M|302/302\n|-weather|RainDance|[from] ability: Drizzle|[of] p2a: Politoed\n|move|p1a: Malamar|Rest|p1a: Malamar\n|-status|p1a: Malamar|slp|[from] move: Rest\n|-heal|p1a: Malamar|275/275 slp|[silent]\n|\n|-weather|RainDance|[upkeep]\n|upkeep\n|turn|38\n|\n|t:|1781466000\n|move|p2a: Politoed|Weather Ball|p1a: Malamar\n|-damage|p1a: Malamar|5/275 slp\n|cant|p1a: Malamar|slp\n|move|p1a: Malamar|Sleep Talk|p1a: Malamar\n|move|p1a: Malamar|Knock Off|p2a: Politoed|[from] move: Sleep Talk\n|-crit|p2a: Politoed\n|-damage|p2a: Politoed|0 fnt\n|-enditem|p2a: Politoed|Choice Specs|[from] move: Knock Off|[of] p1a: Malamar\n|faint|p2a: Politoed\n|\n|-weather|RainDance|[upkeep]\n|upkeep\n|\n|t:|1781466007\n|switch|p2a: Jirachi|Jirachi, L80|256/291\n|turn|39\n|\n|t:|1781466011\n|move|p2a: Jirachi|U-turn|p1a: Malamar\n|-resisted|p1a: Malamar\n|-damage|p1a: Malamar|0 fnt\n|faint|p1a: Malamar\n|\n|t:|1781466013\n|switch|p2a: Keldeo|Keldeo-Resolute, L79|77/273|[from] U-turn\n|\n|-weather|RainDance|[upkeep]\n|upkeep\n|\n|t:|1781466019\n|switch|p1a: Mabosstiff|Mabosstiff, L86, F|278/278\n|-damage|p1a: Mabosstiff|244/278|[from] Stealth Rock\n|turn|40\n|\n|t:|1781466026\n|move|p1a: Mabosstiff|Wild Charge|p2a: Keldeo\n|-supereffective|p2a: Keldeo\n|-damage|p2a: Keldeo|0 fnt\n|faint|p2a: Keldeo\n|-damage|p1a: Mabosstiff|225/278|[from] Recoil\n|\n|-weather|RainDance|[upkeep]\n|upkeep\n|\n|t:|1781466030\n|switch|p2a: Gallade|Gallade, L80, M|240/240\n|turn|41\n|\n|t:|1781466034\n|switch|p1a: Pecharunt|Pecharunt, L77|262/262\n|-damage|p1a: Pecharunt|230/262|[from] Stealth Rock\n|move|p2a: Gallade|Agility|p2a: Gallade\n|-boost|p2a: Gallade|spe|2\n|\n|-weather|none\n|-heal|p1a: Pecharunt|246/262|[from] item: Leftovers\n|upkeep\n|turn|42\n|\n|t:|1781466041\n|-terastallize|p2a: Gallade|Dark\n|move|p2a: Gallade|Night Slash|p1a: Pecharunt\n|-supereffective|p1a: Pecharunt\n|-damage|p1a: Pecharunt|12/262\n|-damage|p2a: Gallade|216/240|[from] item: Life Orb\n|move|p1a: Pecharunt|Malignant Chain|p2a: Gallade\n|-damage|p2a: Gallade|150/240\n|\n|-heal|p1a: Pecharunt|28/262|[from] item: Leftovers\n|upkeep\n|turn|43\n|-message|cuerodeolancho forfeited.\n|\n|win|Pachequitos\n", "inputlog": ">version a8376a258c1d4662feba110a92103f3664a72141\n>start {\"formatid\":\"gen9randombattle\",\"seed\":\"sodium,e65622ac966af6392c4e4c395411616f\",\"rated\":\"Rated battle\"}\n>player p1 {\"name\":\"cuerodeolancho\",\"avatar\":\"janitor\",\"rating\":2193,\"seed\":\"sodium,c8684cadbac3cac8dc8fbc2276296b03\"}\n>player p2 {\"name\":\"Pachequitos\",\"avatar\":\"fantina\",\"rating\":2219,\"seed\":\"sodium,20016669804a074e155eb450681f149b\"}\n>p1 move heatwave\n>p2 switch 2\n>p1 switch 5\n>p2 move iciclecrash\n>p1 move flipturn\n>p2 switch 4\n>p1 switch 4\n>p1 move psystrike\n>p2 switch 2\n>p1 switch 5\n>p2 move uturn\n>p2 switch 4\n>p1 switch 4\n>p2 move earthquake\n>p1 move wavecrash\n>p2 switch 2\n>p1 move wavecrash\n>p2 move vacuumwave\n>p1 switch 3\n>p1 move superpower\n>p2 switch 5\n>p1 switch 5\n>p2 move knockoff\n>p1 move recover\n>p2 switch 4\n>p1 switch 4\n>p2 move uturn\n>p2 switch 2\n>p1 move hurricane\n>p2 move iciclecrash\n>p1 move roost\n>p2 move iceshard\n>p1 switch 4\n>p1 move nastyplot\n>p2 move earthquake\n>p1 move psystrike\n>p2 move earthquake\n>p2 switch 2\n>p1 move aurasphere\n>p2 move ironhead\n>p1 move aurasphere\n>p2 move ironhead\n>p1 switch 5\n>p1 move superpower\n>p2 switch 4\n>p1 move knockoff\n>p2 move knockoff\n>p1 move superpower terastallize\n>p2 move moonblast\n>p1 move superpower\n>p2 move stealthrock\n>p1 move superpower\n>p2 move moonlight\n>p1 move superpower\n>p2 move moonlight\n>p1 move knockoff\n>p2 move moonblast\n>p1 move rest\n>p2 move moonblast\n>p1 move sleeptalk\n>p2 move moonblast\n>p1 move sleeptalk\n>p2 move moonblast\n>p1 move rest\n>p2 move moonblast\n>p1 move sleeptalk\n>p2 move moonblast\n>p1 move sleeptalk\n>p2 move moonblast\n>p1 move sleeptalk\n>p2 move moonblast\n>p1 move rest\n>p2 move moonblast\n>p1 move sleeptalk\n>p2 move moonblast\n>p1 move sleeptalk\n>p2 move moonblast\n>p1 move knockoff\n>p2 move moonblast\n>p1 move rest\n>p2 switch 6\n>p1 move sleeptalk\n>p2 move weatherball\n>p2 switch 4\n>p1 move rest\n>p2 move uturn\n>p2 switch 5\n>p1 switch 2\n>p1 move wildcharge\n>p2 move secretsword\n>p2 switch 3\n>p1 switch 6\n>p2 move agility\n>p1 move malignantchain\n>p2 move nightslash terastallize\n>forcelose p1", "uploadtime": 1781465671, "views": 6, "formatid": "gen9randombattle", "rating": null, "private": 0, "password": null}