{"id": "gen9randombattle-2631873163", "format": "[Gen 9] Random Battle", "players": ["FigueEte", "kainotaguy"], "log": "|j|\u2606FigueEte\n|j|\u203dkainotaguy\n|t:|1781450601\n|gametype|singles\n|player|p1|FigueEte|169|1075\n|player|p2|kainotaguy|iris-gen5bw2|1130\n|gen|9\n|tier|[Gen 9] Random Battle\n|rated|\n|rule|Species Clause: Limit one of each Pok\u00e9mon\n|rule|HP Percentage Mod: HP is shown in percentages\n|rule|Sleep Clause Mod: Limit one foe put to sleep\n|rule|Illusion Level Mod: Illusion disguises the Pok\u00e9mon's true level\n|\n|t:|1781450601\n|teamsize|p1|6\n|teamsize|p2|6\n|start\n|switch|p1a: Amoonguss|Amoonguss, L82, F|321/321\n|switch|p2a: Piloswine|Piloswine, L85, F|309/309\n|turn|1\n|inactive|Battle timer is ON: inactive players will automatically lose when time's up. (requested by kainotaguy)\n|\n|t:|1781450611\n|move|p2a: Piloswine|Icicle Crash|p1a: Amoonguss\n|-supereffective|p1a: Amoonguss\n|-damage|p1a: Amoonguss|79/321\n|move|p1a: Amoonguss|Spore|p2a: Piloswine\n|-status|p2a: Piloswine|slp|[from] move: Spore\n|\n|-heal|p1a: Amoonguss|99/321|[from] item: Leftovers\n|upkeep\n|turn|2\n|\n|t:|1781450619\n|cant|p2a: Piloswine|slp\n|move|p1a: Amoonguss|Giga Drain|p2a: Piloswine\n|-supereffective|p2a: Piloswine\n|-damage|p2a: Piloswine|193/309 slp\n|-heal|p1a: Amoonguss|157/321|[from] drain|[of] p2a: Piloswine\n|\n|-heal|p1a: Amoonguss|177/321|[from] item: Leftovers\n|upkeep\n|turn|3\n|\n|t:|1781450626\n|cant|p2a: Piloswine|slp\n|move|p1a: Amoonguss|Giga Drain|p2a: Piloswine\n|-supereffective|p2a: Piloswine\n|-damage|p2a: Piloswine|61/309 slp\n|-heal|p1a: Amoonguss|243/321|[from] drain|[of] p2a: Piloswine\n|\n|-heal|p1a: Amoonguss|263/321|[from] item: Leftovers\n|upkeep\n|turn|4\n|\n|t:|1781450632\n|-curestatus|p2a: Piloswine|slp|[msg]\n|move|p2a: Piloswine|Icicle Crash|p1a: Amoonguss\n|-supereffective|p1a: Amoonguss\n|-damage|p1a: Amoonguss|41/321\n|move|p1a: Amoonguss|Giga Drain|p2a: Piloswine\n|-supereffective|p2a: Piloswine\n|-damage|p2a: Piloswine|0 fnt\n|-heal|p1a: Amoonguss|72/321|[from] drain|[of] p2a: Piloswine\n|faint|p2a: Piloswine\n|\n|-heal|p1a: Amoonguss|92/321|[from] item: Leftovers\n|upkeep\n|\n|t:|1781450644\n|switch|p2a: Cryogonal|Cryogonal, L89|287/287\n|turn|5\n|\n|t:|1781450655\n|switch|p1a: Ribombee|Ribombee, L83, F|235/235\n|move|p2a: Cryogonal|Ice Beam|p1a: Ribombee\n|-damage|p1a: Ribombee|105/235\n|\n|upkeep\n|turn|6\n|\n|t:|1781450667\n|move|p1a: Ribombee|Sticky Web|p2a: Cryogonal\n|-sidestart|p2: kainotaguy|move: Sticky Web\n|move|p2a: Cryogonal|Rapid Spin|p1a: Ribombee\n|-damage|p1a: Ribombee|74/235\n|-boost|p2a: Cryogonal|spe|1\n|-sideend|p2: kainotaguy|Sticky Web|[from] move: Rapid Spin|[of] p2a: Cryogonal\n|\n|upkeep\n|turn|7\n|\n|t:|1781450674\n|move|p2a: Cryogonal|Ice Beam|p1a: Ribombee\n|-damage|p1a: Ribombee|0 fnt\n|faint|p1a: Ribombee\n|\n|upkeep\n|\n|t:|1781450681\n|switch|p1a: Keldeo|Keldeo-Resolute, L79|273/273\n|turn|8\n|\n|t:|1781450688\n|-terastallize|p2a: Cryogonal|Electric\n|-terastallize|p1a: Keldeo|Steel\n|move|p2a: Cryogonal|Tera Blast|p1a: Keldeo|[anim] Tera Blast Electric\n|-damage|p1a: Keldeo|177/273\n|move|p1a: Keldeo|Secret Sword|p2a: Cryogonal\n|-damage|p2a: Cryogonal|152/287\n|\n|-heal|p1a: Keldeo|194/273|[from] item: Leftovers\n|upkeep\n|turn|9\n|\n|t:|1781450703\n|switch|p2a: Grimmsnarl|Grimmsnarl, L83, M|293/293\n|move|p1a: Keldeo|Surf|p2a: Grimmsnarl\n|-damage|p2a: Grimmsnarl|173/293\n|\n|-heal|p1a: Keldeo|211/273|[from] item: Leftovers\n|upkeep\n|turn|10\n|\n|t:|1781450712\n|move|p2a: Grimmsnarl|Light Screen|p2a: Grimmsnarl\n|-sidestart|p2: kainotaguy|move: Light Screen\n|move|p1a: Keldeo|Secret Sword|p2a: Grimmsnarl\n|-damage|p2a: Grimmsnarl|109/293\n|\n|-heal|p1a: Keldeo|228/273|[from] item: Leftovers\n|upkeep\n|turn|11\n|\n|t:|1781450721\n|move|p2a: Grimmsnarl|Reflect|p2a: Grimmsnarl\n|-sidestart|p2: kainotaguy|Reflect\n|move|p1a: Keldeo|Secret Sword|p2a: Grimmsnarl\n|-crit|p2a: Grimmsnarl\n|-damage|p2a: Grimmsnarl|0 fnt\n|faint|p2a: Grimmsnarl\n|\n|-heal|p1a: Keldeo|245/273|[from] item: Leftovers\n|upkeep\n|\n|t:|1781450725\n|switch|p2a: Calyrex|Calyrex-Shadow, L64|235/235\n|-ability|p2a: Calyrex|As One\n|-ability|p2a: Calyrex|Unnerve\n|turn|12\n|\n|t:|1781450739\n|move|p2a: Calyrex|Nasty Plot|p2a: Calyrex\n|-boost|p2a: Calyrex|spa|2\n|move|p1a: Keldeo|Surf|p2a: Calyrex\n|-damage|p2a: Calyrex|169/235\n|\n|-heal|p1a: Keldeo|262/273|[from] item: Leftovers\n|upkeep\n|turn|13\n|-message|FigueEte forfeited.\n|\n|win|kainotaguy\n|raw|FigueEte's rating: 1075 &rarr; <strong>1057</strong><br />(-18 for losing)\n|raw|kainotaguy's rating: 1130 &rarr; <strong>1151</strong><br />(+21 for winning)\n|l|\u2606FigueEte\n|player|p1|\n", "inputlog": ">version a8376a258c1d4662feba110a92103f3664a72141\n>start {\"formatid\":\"gen9randombattle\",\"seed\":\"sodium,ec6b50ba1abab2dfd1b941acf3d1a73f\",\"rated\":\"Rated battle\"}\n>player p1 {\"name\":\"FigueEte\",\"avatar\":\"169\",\"rating\":1075,\"seed\":\"sodium,b671f04482fdcffd2578244d82abe79a\"}\n>player p2 {\"name\":\"kainotaguy\",\"avatar\":\"iris-gen5bw2\",\"rating\":1130,\"seed\":\"sodium,5b05b0fa29ee004392545153152f7539\"}\n>p1 move spore\n>p2 move iciclecrash\n>p1 move gigadrain\n>p2 move iciclecrash\n>p1 move gigadrain\n>p2 move iciclecrash\n>p1 move gigadrain\n>p2 move iciclecrash\n>p2 switch 2\n>p1 switch 5\n>p2 move icebeam\n>p1 move stickyweb\n>p2 move rapidspin\n>p1 move stunspore\n>p2 move icebeam\n>p1 switch 2\n>p1 move secretsword terastallize\n>p2 move terablast terastallize\n>p1 move surf\n>p2 switch 6\n>p1 move secretsword\n>p2 move lightscreen\n>p1 move secretsword\n>p2 move reflect\n>p2 switch 3\n>p1 move surf\n>p2 move nastyplot\n>forcelose p1", "uploadtime": 1781450748, "views": 3, "formatid": "gen9randombattle", "rating": 1057, "private": 0, "password": null}