{"id": "gen9randombattle-2631629019", "format": "[Gen 9] Random Battle", "players": ["haisoudesune", "Captain Big Nuts"], "log": "|j|\u2606haisoudesune\n|j|\u2606Captain Big Nuts\n|t:|1781411370\n|gametype|singles\n|player|p1|haisoudesune|266|1430\n|player|p2|Captain Big Nuts|swimmer-gen4dp|1415\n|gen|9\n|tier|[Gen 9] Random Battle\n|rated|\n|rule|Species Clause: Limit one of each Pok\u00e9mon\n|rule|HP Percentage Mod: HP is shown in percentages\n|rule|Sleep Clause Mod: Limit one foe put to sleep\n|rule|Illusion Level Mod: Illusion disguises the Pok\u00e9mon's true level\n|\n|t:|1781411370\n|teamsize|p1|6\n|teamsize|p2|6\n|start\n|switch|p1a: Smeargle|Smeargle, L95, F|258/258\n|switch|p2a: Iron Valiant|Iron Valiant, L78|244/244\n|turn|1\n|inactive|Battle timer is ON: inactive players will automatically lose when time's up. (requested by Captain Big Nuts)\n|\n|t:|1781411384\n|switch|p1a: Grumpig|Grumpig, L92, M|297/297\n|move|p2a: Iron Valiant|Close Combat|p1a: Grumpig\n|-resisted|p1a: Grumpig\n|-damage|p1a: Grumpig|196/297\n|-unboost|p2a: Iron Valiant|def|1\n|-unboost|p2a: Iron Valiant|spd|1\n|-damage|p2a: Iron Valiant|220/244|[from] item: Life Orb\n|\n|upkeep\n|turn|2\n|\n|t:|1781411405\n|-end|p2a: Iron Valiant|Quark Drive|[silent]\n|switch|p2a: Toedscruel|Toedscruel, L87, M|281/281\n|move|p1a: Grumpig|Psychic|p2a: Toedscruel\n|-damage|p2a: Toedscruel|227/281\n|\n|upkeep\n|turn|3\n|\n|t:|1781411426\n|switch|p1a: Sylveon|Sylveon, L85, F|300/300\n|move|p2a: Toedscruel|Knock Off|p1a: Sylveon\n|-resisted|p1a: Sylveon\n|-damage|p1a: Sylveon|263/300\n|-enditem|p1a: Sylveon|Leftovers|[from] move: Knock Off|[of] p2a: Toedscruel\n|\n|upkeep\n|turn|4\n|inactive|Captain Big Nuts has 120 seconds left.\n|\n|t:|1781411469\n|move|p2a: Toedscruel|Earth Power|p1a: Sylveon\n|-damage|p1a: Sylveon|202/300\n|-unboost|p1a: Sylveon|spd|1\n|move|p1a: Sylveon|Calm Mind|p1a: Sylveon\n|-boost|p1a: Sylveon|spa|1\n|-boost|p1a: Sylveon|spd|1\n|\n|upkeep\n|turn|5\n|inactive|Captain Big Nuts has 90 seconds left.\n|\n|t:|1781411498\n|switch|p2a: Lanturn|Lanturn, L89, F|367/367\n|move|p1a: Sylveon|Wish|p1a: Sylveon\n|\n|upkeep\n|turn|6\n|\n|t:|1781411505\n|move|p2a: Lanturn|Thunder Wave|p1a: Sylveon|[miss]\n|-miss|p2a: Lanturn|p1a: Sylveon\n|move|p1a: Sylveon|Calm Mind|p1a: Sylveon\n|-boost|p1a: Sylveon|spa|1\n|-boost|p1a: Sylveon|spd|1\n|\n|-heal|p1a: Sylveon|300/300|[from] move: Wish|[wisher] Sylveon\n|upkeep\n|turn|7\n|\n|t:|1781411515\n|move|p2a: Lanturn|Thunder Wave|p1a: Sylveon\n|-status|p1a: Sylveon|par\n|move|p1a: Sylveon|Hyper Voice|p2a: Lanturn\n|-damage|p2a: Lanturn|108/367\n|\n|-heal|p2a: Lanturn|130/367|[from] item: Leftovers\n|upkeep\n|turn|8\n|\n|t:|1781411523\n|move|p2a: Lanturn|Thunderbolt|p1a: Sylveon\n|-damage|p1a: Sylveon|260/300 par\n|cant|p1a: Sylveon|par\n|\n|-heal|p2a: Lanturn|152/367|[from] item: Leftovers\n|upkeep\n|turn|9\n|\n|t:|1781411532\n|move|p2a: Lanturn|Thunderbolt|p1a: Sylveon\n|-damage|p1a: Sylveon|214/300 par\n|move|p1a: Sylveon|Calm Mind|p1a: Sylveon\n|-boost|p1a: Sylveon|spa|1\n|-boost|p1a: Sylveon|spd|1\n|\n|-heal|p2a: Lanturn|174/367|[from] item: Leftovers\n|upkeep\n|turn|10\n|\n|t:|1781411541\n|move|p2a: Lanturn|Thunderbolt|p1a: Sylveon\n|-damage|p1a: Sylveon|181/300 par\n|move|p1a: Sylveon|Wish|p1a: Sylveon\n|\n|-heal|p2a: Lanturn|196/367|[from] item: Leftovers\n|upkeep\n|turn|11\n|\n|t:|1781411552\n|move|p2a: Lanturn|Thunderbolt|p1a: Sylveon\n|-damage|p1a: Sylveon|148/300 par\n|move|p1a: Sylveon|Hyper Voice|p2a: Lanturn\n|-damage|p2a: Lanturn|0 fnt\n|faint|p2a: Lanturn\n|\n|-heal|p1a: Sylveon|298/300 par|[from] move: Wish|[wisher] Sylveon\n|upkeep\n|inactive|Captain Big Nuts has 120 seconds left.\n|\n|t:|1781411588\n|switch|p2a: Ursaring|Ursaring, L84, M|288/288\n|turn|12\n|\n|t:|1781411596\n|move|p2a: Ursaring|Body Slam|p1a: Sylveon\n|-damage|p1a: Sylveon|169/300 par\n|move|p1a: Sylveon|Hyper Voice|p2a: Ursaring\n|-damage|p2a: Ursaring|60/288\n|\n|upkeep\n|turn|13\n|\n|t:|1781411609\n|move|p2a: Ursaring|Body Slam|p1a: Sylveon\n|-damage|p1a: Sylveon|18/300 par\n|move|p1a: Sylveon|Hyper Voice|p2a: Ursaring\n|-damage|p2a: Ursaring|0 fnt\n|faint|p2a: Ursaring\n|\n|upkeep\n|\n|t:|1781411626\n|switch|p2a: Diancie|Diancie, L82|216/216\n|turn|14\n|\n|t:|1781411633\n|move|p2a: Diancie|Diamond Storm|p1a: Sylveon\n|-damage|p1a: Sylveon|0 fnt\n|faint|p1a: Sylveon\n|\n|upkeep\n|\n|t:|1781411644\n|switch|p1a: Smeargle|Smeargle, L95, F|258/258\n|turn|15\n|inactive|Captain Big Nuts has 120 seconds left.\n|\n|t:|1781411650\n|move|p1a: Smeargle|Spore|p2a: Diancie\n|-status|p2a: Diancie|slp|[from] move: Spore\n|cant|p2a: Diancie|slp\n|\n|upkeep\n|turn|16\n|inactive|Captain Big Nuts has 120 seconds left.\n|\n|t:|1781411664\n|switch|p2a: Toedscruel|Toedscruel, L87, M|227/281\n|move|p1a: Smeargle|Sticky Web|p2a: Toedscruel\n|-sidestart|p2: Captain Big Nuts|move: Sticky Web\n|\n|upkeep\n|turn|17\n|\n|t:|1781411674\n|switch|p1a: Lunala|Lunala, L70|308/308\n|move|p2a: Toedscruel|Knock Off|p1a: Lunala\n|-supereffective|p1a: Lunala\n|-damage|p1a: Lunala|172/308\n|-enditem|p1a: Lunala|Leftovers|[from] move: Knock Off|[of] p2a: Toedscruel\n|\n|upkeep\n|turn|18\n|\n|t:|1781411681\n|move|p2a: Toedscruel|Knock Off|p1a: Lunala\n|-supereffective|p1a: Lunala\n|-damage|p1a: Lunala|0 fnt\n|faint|p1a: Lunala\n|\n|upkeep\n|\n|t:|1781411688\n|switch|p1a: Feraligatr|Feraligatr, L79, F|264/264\n|turn|19\n|\n|t:|1781411694\n|-terastallize|p1a: Feraligatr|Dark\n|move|p2a: Toedscruel|Leaf Storm|p1a: Feraligatr\n|-damage|p1a: Feraligatr|126/264\n|-unboost|p2a: Toedscruel|spa|2\n|move|p1a: Feraligatr|Dragon Dance|p1a: Feraligatr\n|-boost|p1a: Feraligatr|atk|1\n|-boost|p1a: Feraligatr|spe|1\n|\n|upkeep\n|turn|20\n|\n|t:|1781411705\n|move|p1a: Feraligatr|Ice Punch|p2a: Toedscruel\n|-supereffective|p2a: Toedscruel\n|-damage|p2a: Toedscruel|0 fnt\n|faint|p2a: Toedscruel\n|\n|upkeep\n|\n|t:|1781411721\n|switch|p2a: Slither Wing|Slither Wing, L81|270/270\n|-activate|p2a: Slither Wing|move: Sticky Web\n|-unboost|p2a: Slither Wing|spe|1\n|-enditem|p2a: Slither Wing|Booster Energy\n|-activate|p2a: Slither Wing|ability: Protosynthesis|[fromitem]\n|-start|p2a: Slither Wing|protosynthesisatk\n|turn|21\n|\n|t:|1781411734\n|switch|p1a: Great Tusk|Great Tusk, L77|304/304\n|-enditem|p1a: Great Tusk|Booster Energy\n|-activate|p1a: Great Tusk|ability: Protosynthesis|[fromitem]\n|-start|p1a: Great Tusk|protosynthesisatk\n|move|p2a: Slither Wing|Close Combat|p1a: Great Tusk\n|-damage|p1a: Great Tusk|148/304\n|-unboost|p2a: Slither Wing|def|1\n|-unboost|p2a: Slither Wing|spd|1\n|\n|upkeep\n|turn|22\n|\n|t:|1781411753\n|-terastallize|p2a: Slither Wing|Flying\n|move|p1a: Great Tusk|Stone Edge|p2a: Slither Wing\n|-supereffective|p2a: Slither Wing\n|-damage|p2a: Slither Wing|0 fnt\n|faint|p2a: Slither Wing\n|-end|p2a: Slither Wing|Protosynthesis|[silent]\n|\n|upkeep\n|\n|t:|1781411761\n|switch|p2a: Iron Valiant|Iron Valiant, L78|220/244\n|-activate|p2a: Iron Valiant|move: Sticky Web\n|-unboost|p2a: Iron Valiant|spe|1\n|turn|23\n|\n|t:|1781411770\n|move|p1a: Great Tusk|Earthquake|p2a: Iron Valiant\n|-damage|p2a: Iron Valiant|58/244\n|move|p2a: Iron Valiant|Moonblast|p1a: Great Tusk\n|-supereffective|p1a: Great Tusk\n|-damage|p1a: Great Tusk|0 fnt\n|faint|p1a: Great Tusk\n|-end|p1a: Great Tusk|Protosynthesis|[silent]\n|-damage|p2a: Iron Valiant|34/244|[from] item: Life Orb\n|\n|upkeep\n|\n|t:|1781411782\n|switch|p1a: Smeargle|Smeargle, L95, F|258/258\n|turn|24\n|\n|t:|1781411786\n|move|p1a: Smeargle|Ceaseless Edge|p2a: Iron Valiant\n|-resisted|p2a: Iron Valiant\n|-damage|p2a: Iron Valiant|28/244\n|-sidestart|p2: Captain Big Nuts|Spikes\n|move|p2a: Iron Valiant|Close Combat|p1a: Smeargle\n|-supereffective|p1a: Smeargle\n|-enditem|p1a: Smeargle|Focus Sash\n|-damage|p1a: Smeargle|1/258\n|-unboost|p2a: Iron Valiant|def|1\n|-unboost|p2a: Iron Valiant|spd|1\n|-damage|p2a: Iron Valiant|4/244|[from] item: Life Orb\n|\n|upkeep\n|turn|25\n|\n|t:|1781411800\n|move|p1a: Smeargle|Ceaseless Edge|p2a: Iron Valiant\n|-resisted|p2a: Iron Valiant\n|-damage|p2a: Iron Valiant|0 fnt\n|-sidestart|p2: Captain Big Nuts|Spikes\n|faint|p2a: Iron Valiant\n|-end|p2a: Iron Valiant|Quark Drive|[silent]\n|\n|upkeep\n|\n|t:|1781411802\n|switch|p2a: Diancie|Diancie, L82|216/216 slp\n|-activate|p2a: Diancie|move: Sticky Web\n|-fail|p2a: Diancie|unboost|[from] ability: Clear Body|[of] p2a: Diancie\n|-damage|p2a: Diancie|180/216 slp|[from] Spikes\n|turn|26\n|\n|t:|1781411811\n|move|p1a: Smeargle|Spore|p2a: Diancie\n|-fail|p2a: Diancie|slp\n|-curestatus|p2a: Diancie|slp|[msg]\n|move|p2a: Diancie|Rock Polish|p2a: Diancie\n|-boost|p2a: Diancie|spe|2\n|\n|-heal|p2a: Diancie|193/216|[from] item: Leftovers\n|upkeep\n|turn|27\n|\n|t:|1781411825\n|move|p2a: Diancie|Moonblast|p1a: Smeargle\n|-damage|p1a: Smeargle|0 fnt\n|faint|p1a: Smeargle\n|\n|-heal|p2a: Diancie|206/216|[from] item: Leftovers\n|upkeep\n|\n|t:|1781411832\n|switch|p1a: Feraligatr|Feraligatr, L79, F, tera:Dark|126/264\n|turn|28\n|\n|t:|1781411836\n|move|p2a: Diancie|Moonblast|p1a: Feraligatr\n|-supereffective|p1a: Feraligatr\n|-damage|p1a: Feraligatr|0 fnt\n|faint|p1a: Feraligatr\n|\n|-heal|p2a: Diancie|216/216|[from] item: Leftovers\n|upkeep\n|\n|t:|1781411844\n|switch|p1a: Grumpig|Grumpig, L92, M|196/297\n|turn|29\n|\n|t:|1781411858\n|move|p1a: Grumpig|Psychic|p2a: Diancie\n|-damage|p2a: Diancie|138/216\n|move|p2a: Diancie|Diamond Storm|p1a: Grumpig\n|-damage|p1a: Grumpig|75/297\n|\n|-heal|p2a: Diancie|151/216|[from] item: Leftovers\n|upkeep\n|turn|30\n|\n|t:|1781411875\n|move|p1a: Grumpig|Psychic|p2a: Diancie\n|-damage|p2a: Diancie|79/216\n|move|p2a: Diancie|Moonblast|p1a: Grumpig\n|-damage|p1a: Grumpig|0 fnt\n|faint|p1a: Grumpig\n|\n|win|Captain Big Nuts\n|raw|haisoudesune's rating: 1430 &rarr; <strong>1409</strong><br />(-21 for losing)\n|raw|Captain Big Nuts's rating: 1415 &rarr; <strong>1436</strong><br />(+21 for winning)\n", "inputlog": ">version a8376a258c1d4662feba110a92103f3664a72141\n>start {\"formatid\":\"gen9randombattle\",\"seed\":\"sodium,b0311fc886664255584d34aaa40811cd\",\"rated\":\"Rated battle\"}\n>player p1 {\"name\":\"haisoudesune\",\"avatar\":\"266\",\"rating\":1430,\"seed\":\"sodium,dff522d1742bc62c6be8350db7af7841\"}\n>player p2 {\"name\":\"Captain Big Nuts\",\"avatar\":\"swimmer-gen4dp\",\"rating\":1415,\"seed\":\"sodium,378fc56fb2cf520754e77bef3cd8a70b\"}\n>p1 switch 5\n>p2 move closecombat\n>p1 move psychic\n>p2 switch 2\n>p1 switch 3\n>p2 move knockoff\n>p1 move calmmind\n>p2 move earthpower\n>p1 move wish\n>p2 switch 5\n>p1 move calmmind\n>p2 move thunderwave\n>p1 move hypervoice\n>p2 move thunderwave\n>p1 move hypervoice\n>p2 move thunderbolt\n>p1 move calmmind\n>p2 move thunderbolt\n>p1 move wish\n>p2 move thunderbolt\n>p1 move hypervoice\n>p2 move thunderbolt\n>p2 switch 4\n>p1 move hypervoice\n>p2 move bodyslam\n>p1 move hypervoice\n>p2 move bodyslam\n>p2 switch 6\n>p1 move wish\n>p2 move diamondstorm\n>p1 switch 5\n>p1 move spore\n>p2 move bodypress\n>p1 move stickyweb\n>p2 switch 5\n>p1 switch 4\n>p2 move knockoff\n>p1 move moonlight\n>p2 move knockoff\n>p1 switch 2\n>p1 move dragondance terastallize\n>p2 move leafstorm\n>p1 move icepunch\n>p2 move rapidspin\n>p2 switch 3\n>p1 switch 6\n>p2 move closecombat\n>p1 move stoneedge\n>p2 move closecombat terastallize\n>p2 switch 2\n>p1 move earthquake\n>p2 move moonblast\n>p1 switch 4\n>p1 move ceaselessedge\n>p2 move closecombat\n>p1 move ceaselessedge\n>p2 move moonblast\n>p2 switch 5\n>p1 move spore\n>p2 move rockpolish\n>p1 move spore\n>p2 move moonblast\n>p1 switch 6\n>p1 move liquidation\n>p2 move moonblast\n>p1 switch 3\n>p1 move psychic\n>p2 move diamondstorm\n>p1 move psychic\n>p2 move moonblast", "uploadtime": 1781411884, "views": 8, "formatid": "gen9randombattle", "rating": 1409, "private": 0, "password": null}