{"id": "gen9randombattle-2631881197", "format": "[Gen 9] Random Battle", "players": ["Yenaflow", "Micael Lopes"], "log": "|j|\u2606Yenaflow\n|j|\u2606Micael Lopes\n|t:|1781451502\n|gametype|singles\n|player|p1|Yenaflow|policeman-gen4|1788\n|player|p2|Micael Lopes|benga|1791\n|gen|9\n|tier|[Gen 9] Random Battle\n|rated|\n|rule|Species Clause: Limit one of each Pok\u00e9mon\n|rule|HP Percentage Mod: HP is shown in percentages\n|rule|Sleep Clause Mod: Limit one foe put to sleep\n|rule|Illusion Level Mod: Illusion disguises the Pok\u00e9mon's true level\n|\n|t:|1781451502\n|teamsize|p1|6\n|teamsize|p2|6\n|start\n|switch|p1a: Garganacl|Garganacl, L80, M|291/291\n|switch|p2a: Forretress|Forretress, L84, F|263/263\n|turn|1\n|inactive|Battle timer is ON: inactive players will automatically lose when time's up. (requested by Micael Lopes)\n|inactive|Yenaflow also wants the timer to be on.\n|\n|t:|1781451510\n|move|p2a: Forretress|Stealth Rock|p1a: Garganacl\n|-sidestart|p1: Yenaflow|move: Stealth Rock\n|move|p1a: Garganacl|Salt Cure|p2a: Forretress\n|-damage|p2a: Forretress|236/263\n|-start|p2a: Forretress|Salt Cure\n|\n|-heal|p2a: Forretress|252/263|[from] item: Leftovers\n|-damage|p2a: Forretress|187/263|[from] Salt Cure\n|upkeep\n|turn|2\n|\n|t:|1781451515\n|switch|p2a: Ampharos|Ampharos, L88, F|302/302\n|move|p1a: Garganacl|Earthquake|p2a: Ampharos\n|-supereffective|p2a: Ampharos\n|-damage|p2a: Ampharos|174/302\n|\n|upkeep\n|turn|3\n|\n|t:|1781451520\n|move|p2a: Ampharos|Focus Blast|p1a: Garganacl\n|-supereffective|p1a: Garganacl\n|-crit|p1a: Garganacl\n|-damage|p1a: Garganacl|0 fnt\n|faint|p1a: Garganacl\n|-damage|p2a: Ampharos|144/302|[from] item: Life Orb\n|\n|upkeep\n|\n|t:|1781451533\n|switch|p1a: Oranguru|Oranguru, L92, F|315/315\n|-damage|p1a: Oranguru|276/315|[from] Stealth Rock\n|turn|4\n|\n|t:|1781451539\n|switch|p2a: Noctowl|Noctowl, L95, M|235/235\n|move|p1a: Oranguru|Nasty Plot|p1a: Oranguru\n|-boost|p1a: Oranguru|spa|2\n|\n|-heal|p1a: Oranguru|295/315|[from] item: Leftovers\n|upkeep\n|turn|5\n|\n|t:|1781451541\n|move|p2a: Noctowl|Nasty Plot|p2a: Noctowl\n|-boost|p2a: Noctowl|spa|2\n|move|p1a: Oranguru|Thunderbolt|p2a: Noctowl\n|-damage|p2a: Noctowl|36/235\n|replace|p2a: Zoroark|Zoroark, L83, M\n|-end|p2a: Zoroark|Illusion\n|-hint|Illusion Level Mod is active, so this Pok\u00e9mon's true level was hidden.\n|\n|-heal|p1a: Oranguru|314/315|[from] item: Leftovers\n|upkeep\n|turn|6\n|\n|t:|1781451561\n|switch|p1a: Gastrodon|Gastrodon, L86, M|331/331\n|-damage|p1a: Gastrodon|311/331|[from] Stealth Rock\n|move|p2a: Zoroark|Sludge Bomb|p1a: Gastrodon\n|-resisted|p1a: Gastrodon\n|-damage|p1a: Gastrodon|216/331\n|-status|p1a: Gastrodon|psn\n|-damage|p2a: Zoroark|13/235|[from] item: Life Orb\n|\n|-heal|p1a: Gastrodon|236/331 psn|[from] item: Leftovers\n|-damage|p1a: Gastrodon|195/331 psn|[from] psn\n|upkeep\n|turn|7\n|\n|t:|1781451565\n|move|p2a: Zoroark|Dark Pulse|p1a: Gastrodon\n|-damage|p1a: Gastrodon|0 fnt\n|faint|p1a: Gastrodon\n|-damage|p2a: Zoroark|0 fnt|[from] item: Life Orb\n|faint|p2a: Zoroark\n|\n|upkeep\n|\n|t:|1781451573\n|switch|p2a: Noctowl|Noctowl, L95, M|344/344\n|switch|p1a: Oranguru|Oranguru, L92, F|314/315\n|-damage|p1a: Oranguru|275/315|[from] Stealth Rock\n|turn|8\n|\n|t:|1781451578\n|move|p2a: Noctowl|Calm Mind|p2a: Noctowl\n|-boost|p2a: Noctowl|spa|1\n|-boost|p2a: Noctowl|spd|1\n|move|p1a: Oranguru|Nasty Plot|p1a: Oranguru\n|-boost|p1a: Oranguru|spa|2\n|\n|-heal|p1a: Oranguru|294/315|[from] item: Leftovers\n|upkeep\n|turn|9\n|\n|t:|1781451583\n|move|p2a: Noctowl|Hurricane|p1a: Oranguru\n|-damage|p1a: Oranguru|129/315\n|-start|p1a: Oranguru|confusion\n|-activate|p1a: Oranguru|confusion\n|move|p1a: Oranguru|Psyshock|p2a: Noctowl\n|-damage|p2a: Noctowl|115/344\n|\n|-heal|p1a: Oranguru|148/315|[from] item: Leftovers\n|upkeep\n|turn|10\n|\n|t:|1781451586\n|move|p2a: Noctowl|Roost|p2a: Noctowl\n|-heal|p2a: Noctowl|287/344\n|-singleturn|p2a: Noctowl|move: Roost\n|-activate|p1a: Oranguru|confusion\n|move|p1a: Oranguru|Thunderbolt|p2a: Noctowl\n|-damage|p2a: Noctowl|214/344\n|\n|-heal|p1a: Oranguru|167/315|[from] item: Leftovers\n|upkeep\n|turn|11\n|\n|t:|1781451597\n|move|p2a: Noctowl|Hurricane|p1a: Oranguru|[miss]\n|-miss|p2a: Noctowl|p1a: Oranguru\n|-end|p1a: Oranguru|confusion\n|move|p1a: Oranguru|Thunderbolt|p2a: Noctowl\n|-supereffective|p2a: Noctowl\n|-damage|p2a: Noctowl|64/344\n|\n|-heal|p1a: Oranguru|186/315|[from] item: Leftovers\n|upkeep\n|turn|12\n|\n|t:|1781451601\n|move|p2a: Noctowl|Hurricane|p1a: Oranguru\n|-damage|p1a: Oranguru|32/315\n|-start|p1a: Oranguru|confusion\n|-activate|p1a: Oranguru|confusion\n|move|p1a: Oranguru|Psyshock|p2a: Noctowl\n|-damage|p2a: Noctowl|0 fnt\n|faint|p2a: Noctowl\n|\n|-heal|p1a: Oranguru|51/315|[from] item: Leftovers\n|upkeep\n|\n|t:|1781451610\n|switch|p2a: Zamazenta|Zamazenta-Crowned, L68|238/238\n|-ability|p2a: Zamazenta|Dauntless Shield|boost\n|-boost|p2a: Zamazenta|def|1\n|turn|13\n|\n|t:|1781451616\n|move|p2a: Zamazenta|Body Press|p1a: Oranguru\n|-damage|p1a: Oranguru|0 fnt\n|faint|p1a: Oranguru\n|\n|upkeep\n|inactive|Yenaflow has 120 seconds left.\n|\n|t:|1781451650\n|switch|p1a: Inteleon|Inteleon, L81, F|246/246\n|-damage|p1a: Inteleon|216/246|[from] Stealth Rock\n|turn|14\n|\n|t:|1781451659\n|move|p1a: Inteleon|Scald|p2a: Zamazenta\n|-damage|p2a: Zamazenta|114/238\n|move|p2a: Zamazenta|Body Press|p1a: Inteleon\n|-damage|p1a: Inteleon|59/246\n|\n|upkeep\n|turn|15\n|\n|t:|1781451664\n|move|p1a: Inteleon|Scald|p2a: Zamazenta\n|-damage|p2a: Zamazenta|0 fnt\n|faint|p2a: Zamazenta\n|\n|upkeep\n|\n|t:|1781451670\n|switch|p2a: Crabominable|Crabominable, L90, F|321/321\n|turn|16\n|\n|t:|1781451674\n|move|p1a: Inteleon|Scald|p2a: Crabominable\n|-damage|p2a: Crabominable|62/321\n|move|p2a: Crabominable|Drain Punch|p1a: Inteleon\n|-crit|p1a: Inteleon\n|-damage|p1a: Inteleon|0 fnt\n|-heal|p2a: Crabominable|92/321|[from] drain|[of] p1a: Inteleon\n|faint|p1a: Inteleon\n|\n|upkeep\n|inactive|Yenaflow has 120 seconds left.\n|\n|t:|1781451730\n|switch|p1a: Galvantula|Galvantula, L82, M|249/249\n|turn|17\n|\n|t:|1781451747\n|-terastallize|p2a: Crabominable|Ground\n|move|p1a: Galvantula|Thunder|p2a: Crabominable\n|-immune|p2a: Crabominable\n|move|p2a: Crabominable|Drain Punch|p1a: Galvantula\n|-resisted|p1a: Galvantula\n|-damage|p1a: Galvantula|100/249\n|-heal|p2a: Crabominable|167/321|[from] drain|[of] p1a: Galvantula\n|\n|upkeep\n|turn|18\n|\n|t:|1781451757\n|move|p1a: Galvantula|Bug Buzz|p2a: Crabominable\n|-damage|p2a: Crabominable|56/321\n|move|p2a: Crabominable|Drain Punch|p1a: Galvantula\n|-resisted|p1a: Galvantula\n|-damage|p1a: Galvantula|0 fnt\n|-heal|p2a: Crabominable|106/321|[from] drain|[of] p1a: Galvantula\n|faint|p1a: Galvantula\n|\n|upkeep\n|\n|t:|1781451760\n|switch|p1a: Victreebel|Victreebel, L90, F|290/290\n|-damage|p1a: Victreebel|254/290|[from] Stealth Rock\n|turn|19\n|\n|t:|1781451773\n|move|p1a: Victreebel|Power Whip|p2a: Crabominable\n|-supereffective|p2a: Crabominable\n|-damage|p2a: Crabominable|0 fnt\n|faint|p2a: Crabominable\n|-damage|p1a: Victreebel|225/290|[from] item: Life Orb\n|\n|upkeep\n|\n|t:|1781451776\n|switch|p2a: Forretress|Forretress, L84, F|187/263\n|turn|20\n|\n|t:|1781451781\n|move|p1a: Victreebel|Swords Dance|p1a: Victreebel\n|-boost|p1a: Victreebel|atk|2\n|move|p2a: Forretress|Thunder Wave|p1a: Victreebel\n|-status|p1a: Victreebel|par\n|\n|-heal|p2a: Forretress|203/263|[from] item: Leftovers\n|upkeep\n|turn|21\n|\n|t:|1781451793\n|cant|p1a: Victreebel|par\n|move|p2a: Forretress|Iron Head|p1a: Victreebel\n|-damage|p1a: Victreebel|128/290 par\n|\n|-heal|p2a: Forretress|219/263|[from] item: Leftovers\n|upkeep\n|turn|22\n|\n|t:|1781451803\n|move|p1a: Victreebel|Sucker Punch|p2a: Forretress\n|-damage|p2a: Forretress|115/263\n|-damage|p1a: Victreebel|99/290 par|[from] item: Life Orb\n|move|p2a: Forretress|Iron Head|p1a: Victreebel\n|-damage|p1a: Victreebel|0 fnt\n|faint|p1a: Victreebel\n|\n|win|Micael Lopes\n|raw|Yenaflow's rating: 1788 &rarr; <strong>1768</strong><br />(-20 for losing)\n|raw|Micael Lopes's rating: 1791 &rarr; <strong>1811</strong><br />(+20 for winning)\n|c|\u2606Micael Lopes|**__Sexy game.__**\n|l|\u2606Yenaflow\n|player|p1|\n", "inputlog": ">version a8376a258c1d4662feba110a92103f3664a72141\n>start {\"formatid\":\"gen9randombattle\",\"seed\":\"sodium,bfc48247f9cc081b2f313935164d12e3\",\"rated\":\"Rated battle\"}\n>player p1 {\"name\":\"Yenaflow\",\"avatar\":\"policeman-gen4\",\"rating\":1788,\"seed\":\"sodium,41a263983fa6008f0b0b9ea996bc3a27\"}\n>player p2 {\"name\":\"Micael Lopes\",\"avatar\":\"benga\",\"rating\":1791,\"seed\":\"sodium,a6c1df5c0e8f647b2954d4828618fd69\"}\n>p1 move saltcure\n>p2 move stealthrock\n>p1 move earthquake\n>p2 switch 5\n>p1 move saltcure\n>p2 move focusblast\n>p1 switch 6\n>p1 move nastyplot\n>p2 switch 4\n>p1 move thunderbolt\n>p2 move nastyplot\n>p1 switch 2\n>p2 move sludgebomb\n>p1 move recover\n>p2 move darkpulse\n>p1 switch 2\n>p2 switch 6\n>p1 move nastyplot\n>p2 move calmmind\n>p1 move psyshock\n>p2 move hurricane\n>p1 move thunderbolt\n>p2 move roost\n>p1 move thunderbolt\n>p2 move hurricane\n>p1 move psyshock\n>p2 move hurricane\n>p2 switch 2\n>p1 move focusblast\n>p2 move bodypress\n>p1 switch 4\n>p1 move scald\n>p2 move bodypress\n>p1 move scald\n>p2 move bodypress\n>p2 switch 3\n>p1 move scald\n>p2 move drainpunch\n>p1 switch 5\n>p1 move thunder\n>p2 move drainpunch terastallize\n>p1 move bugbuzz\n>p2 move drainpunch\n>p1 switch 3\n>p1 move powerwhip\n>p2 move drainpunch\n>p2 switch 5\n>p1 move swordsdance\n>p2 move thunderwave\n>p1 move suckerpunch\n>p2 move ironhead\n>p1 move suckerpunch\n>p2 move ironhead", "uploadtime": 1781451936, "views": 4, "formatid": "gen9randombattle", "rating": 1768, "private": 0, "password": null}