{"id": "gen9randombattle-2631382485", "format": "[Gen 9] Random Battle", "players": ["enaser17", "cococem"], "log": "|j|\u2606enaser17\n|j|\u2606cococem\n|t:|1781378079\n|gametype|singles\n|player|p1|enaser17|skyla|2005\n|player|p2|cococem|baker|2083\n|gen|9\n|tier|[Gen 9] Random Battle\n|rated|\n|rule|Species Clause: Limit one of each Pok\u00e9mon\n|rule|HP Percentage Mod: HP is shown in percentages\n|rule|Sleep Clause Mod: Limit one foe put to sleep\n|rule|Illusion Level Mod: Illusion disguises the Pok\u00e9mon's true level\n|\n|t:|1781378079\n|teamsize|p1|6\n|teamsize|p2|6\n|start\n|switch|p1a: Hippowdon|Hippowdon, L82, F|311/311\n|switch|p2a: Florges|Florges-White, L85, F|271/271\n|-weather|Sandstorm|[from] ability: Sand Stream|[of] p1a: Hippowdon\n|turn|1\n|\n|t:|1781378096\n|switch|p2a: Great Tusk|Great Tusk, L77|304/304\n|move|p1a: Hippowdon|Stealth Rock|p2a: Great Tusk\n|-sidestart|p2: cococem|move: Stealth Rock\n|\n|-weather|Sandstorm|[upkeep]\n|upkeep\n|turn|2\n|\n|t:|1781378101\n|switch|p1a: Charizard|Charizard, L85, F|271/271\n|move|p2a: Great Tusk|Stealth Rock|p1a: Charizard\n|-sidestart|p1: enaser17|move: Stealth Rock\n|\n|-weather|Sandstorm|[upkeep]\n|-damage|p1a: Charizard|255/271|[from] Sandstorm\n|upkeep\n|turn|3\n|\n|t:|1781378108\n|-end|p2a: Great Tusk|Protosynthesis|[silent]\n|switch|p2a: Eelektross|Eelektross, L87, M|290/290\n|-damage|p2a: Eelektross|254/290|[from] Stealth Rock\n|move|p1a: Charizard|Will-O-Wisp|p2a: Eelektross|[miss]\n|-miss|p1a: Charizard|p2a: Eelektross\n|\n|-weather|Sandstorm|[upkeep]\n|-damage|p1a: Charizard|239/271|[from] Sandstorm\n|-damage|p2a: Eelektross|236/290|[from] Sandstorm\n|upkeep\n|turn|4\n|\n|t:|1781378114\n|switch|p1a: Hippowdon|Hippowdon, L82, F|311/311\n|-damage|p1a: Hippowdon|292/311|[from] Stealth Rock\n|move|p2a: Eelektross|Discharge|p1a: Hippowdon\n|-immune|p1a: Hippowdon\n|\n|-weather|Sandstorm|[upkeep]\n|-damage|p2a: Eelektross|218/290|[from] Sandstorm\n|-heal|p1a: Hippowdon|311/311|[from] item: Leftovers\n|upkeep\n|turn|5\n|j| ErToppina\n|\n|t:|1781378126\n|move|p2a: Eelektross|Giga Drain|p1a: Hippowdon\n|-supereffective|p1a: Hippowdon\n|-damage|p1a: Hippowdon|169/311\n|-heal|p2a: Eelektross|289/290|[from] drain|[of] p1a: Hippowdon\n|move|p1a: Hippowdon|Whirlwind|p2a: Eelektross\n|drag|p2a: Sunflora|Sunflora, F|312/312\n|-damage|p2a: Sunflora|273/312|[from] Stealth Rock\n|\n|-weather|none\n|-heal|p1a: Hippowdon|188/311|[from] item: Leftovers\n|upkeep\n|turn|6\n|\n|t:|1781378136\n|switch|p1a: Charizard|Charizard, L85, F|239/271\n|switch|p2a: Eelektross|Eelektross, L87, M|289/290\n|-damage|p2a: Eelektross|253/290|[from] Stealth Rock\n|\n|upkeep\n|turn|7\n|\n|t:|1781378144\n|switch|p1a: Munkidori|Munkidori, L79, M|269/269\n|-damage|p1a: Munkidori|236/269|[from] Stealth Rock\n|move|p2a: Eelektross|Discharge|p1a: Munkidori\n|-damage|p1a: Munkidori|134/269\n|\n|upkeep\n|turn|8\n|\n|t:|1781378152\n|move|p1a: Munkidori|Psyshock|p2a: Eelektross\n|-damage|p2a: Eelektross|135/290\n|-damage|p1a: Munkidori|108/269|[from] item: Life Orb\n|move|p2a: Eelektross|Discharge|p1a: Munkidori\n|-damage|p1a: Munkidori|6/269\n|\n|upkeep\n|turn|9\n|\n|t:|1781378158\n|switch|p2a: Sunflora|Sunflora, F|273/312\n|-damage|p2a: Sunflora|234/312|[from] Stealth Rock\n|move|p1a: Munkidori|Psyshock|p2a: Sunflora\n|-damage|p2a: Sunflora|101/312\n|-damage|p1a: Munkidori|0 fnt|[from] item: Life Orb\n|faint|p1a: Munkidori\n|\n|upkeep\n|\n|t:|1781378161\n|switch|p1a: Charizard|Charizard, L85, F|239/271\n|turn|10\n|\n|t:|1781378164\n|move|p1a: Charizard|Flamethrower|p2a: Sunflora\n|-supereffective|p2a: Sunflora\n|-damage|p2a: Sunflora|0 fnt\n|faint|p2a: Sunflora\n|\n|upkeep\n|\n|t:|1781378165\n|switch|p2a: Venusaur|Venusaur, L84, F|272/272\n|-damage|p2a: Venusaur|238/272|[from] Stealth Rock\n|turn|11\n|\n|t:|1781378170\n|-terastallize|p2a: Venusaur|Water\n|move|p1a: Charizard|Flamethrower|p2a: Venusaur\n|-resisted|p2a: Venusaur\n|-damage|p2a: Venusaur|187/272\n|move|p2a: Venusaur|Toxic|p1a: Charizard\n|-status|p1a: Charizard|tox\n|\n|-heal|p2a: Venusaur|204/272|[from] item: Leftovers\n|-damage|p1a: Charizard|223/271 tox|[from] psn\n|upkeep\n|turn|12\n|\n|t:|1781378180\n|move|p1a: Charizard|Hurricane|p2a: Venusaur\n|-damage|p2a: Venusaur|86/272\n|move|p2a: Venusaur|Synthesis|p2a: Venusaur\n|-heal|p2a: Venusaur|222/272\n|\n|-heal|p2a: Venusaur|239/272|[from] item: Leftovers\n|-damage|p1a: Charizard|191/271 tox|[from] psn\n|upkeep\n|turn|13\n|\n|t:|1781378185\n|switch|p1a: Enamorus|Enamorus, L79, F|247/247\n|move|p2a: Venusaur|Sludge Bomb|p1a: Enamorus\n|-supereffective|p1a: Enamorus\n|-damage|p1a: Enamorus|19/247\n|\n|-heal|p2a: Venusaur|256/272|[from] item: Leftovers\n|upkeep\n|turn|14\n|\n|t:|1781378191\n|move|p1a: Enamorus|Play Rough|p2a: Venusaur\n|-damage|p2a: Venusaur|159/272\n|move|p2a: Venusaur|Sludge Bomb|p1a: Enamorus\n|-supereffective|p1a: Enamorus\n|-damage|p1a: Enamorus|0 fnt\n|faint|p1a: Enamorus\n|\n|-heal|p2a: Venusaur|176/272|[from] item: Leftovers\n|upkeep\n|\n|t:|1781378200\n|switch|p1a: Revavroom|Revavroom, L79, M|256/256\n|-damage|p1a: Revavroom|240/256|[from] Stealth Rock\n|turn|15\n|\n|t:|1781378202\n|switch|p2a: Great Tusk|Great Tusk, L77|304/304\n|-damage|p2a: Great Tusk|295/304|[from] Stealth Rock\n|move|p1a: Revavroom|Gunk Shot|p2a: Great Tusk\n|-resisted|p2a: Great Tusk\n|-damage|p2a: Great Tusk|227/304\n|-damage|p1a: Revavroom|215/256|[from] item: Life Orb\n|\n|-heal|p2a: Great Tusk|246/304|[from] item: Leftovers\n|upkeep\n|turn|16\n|\n|t:|1781378205\n|switch|p1a: Charizard|Charizard, L85, F|191/271 tox\n|move|p2a: Great Tusk|Rapid Spin|p1a: Charizard\n|-damage|p1a: Charizard|150/271 tox\n|-boost|p2a: Great Tusk|spe|1\n|-sideend|p2: cococem|Stealth Rock|[from] move: Rapid Spin|[of] p2a: Great Tusk\n|\n|-heal|p2a: Great Tusk|265/304|[from] item: Leftovers\n|-damage|p1a: Charizard|134/271 tox|[from] psn\n|upkeep\n|turn|17\n|\n|t:|1781378208\n|-end|p2a: Great Tusk|Protosynthesis|[silent]\n|switch|p2a: Venusaur|Venusaur, L84, F, tera:Water|176/272\n|move|p1a: Charizard|Hurricane|p2a: Venusaur\n|-damage|p2a: Venusaur|56/272\n|-start|p2a: Venusaur|confusion\n|\n|-heal|p2a: Venusaur|73/272|[from] item: Leftovers\n|-damage|p1a: Charizard|102/271 tox|[from] psn\n|upkeep\n|turn|18\n|\n|t:|1781378216\n|move|p1a: Charizard|Flamethrower|p2a: Venusaur\n|-resisted|p2a: Venusaur\n|-damage|p2a: Venusaur|22/272\n|-activate|p2a: Venusaur|confusion\n|-damage|p2a: Venusaur|1/272|[from] confusion\n|\n|-heal|p2a: Venusaur|18/272|[from] item: Leftovers\n|-damage|p1a: Charizard|54/271 tox|[from] psn\n|upkeep\n|turn|19\n|\n|t:|1781378219\n|move|p1a: Charizard|Flamethrower|p2a: Venusaur\n|-resisted|p2a: Venusaur\n|-damage|p2a: Venusaur|0 fnt\n|faint|p2a: Venusaur\n|\n|-damage|p1a: Charizard|0 fnt|[from] psn\n|faint|p1a: Charizard\n|upkeep\n|\n|t:|1781378223\n|switch|p1a: Phione|Phione, L91|293/293\n|switch|p2a: Great Tusk|Great Tusk, L77|265/304\n|-damage|p1a: Phione|257/293|[from] Stealth Rock\n|turn|20\n|\n|t:|1781378230\n|-end|p2a: Great Tusk|Protosynthesis|[silent]\n|switch|p2a: Luxray|Luxray, L88, F|283/283\n|move|p1a: Phione|Take Heart|p1a: Phione\n|-boost|p1a: Phione|spa|1\n|-boost|p1a: Phione|spd|1\n|\n|-heal|p1a: Phione|275/293|[from] item: Leftovers\n|-status|p2a: Luxray|brn|[from] item: Flame Orb\n|upkeep\n|turn|21\n|\n|t:|1781378240\n|-terastallize|p1a: Phione|Dragon\n|move|p1a: Phione|Scald|p2a: Luxray\n|-damage|p2a: Luxray|157/283 brn\n|move|p2a: Luxray|Trailblaze|p1a: Phione\n|-resisted|p1a: Phione\n|-damage|p1a: Phione|241/293\n|-boost|p2a: Luxray|spe|1\n|\n|-heal|p1a: Phione|259/293|[from] item: Leftovers\n|-damage|p2a: Luxray|140/283 brn|[from] brn\n|upkeep\n|turn|22\n|\n|t:|1781378245\n|move|p2a: Luxray|Facade|p1a: Phione\n|-damage|p1a: Phione|57/293\n|move|p1a: Phione|Scald|p2a: Luxray\n|-damage|p2a: Luxray|16/283 brn\n|\n|-heal|p1a: Phione|75/293|[from] item: Leftovers\n|-damage|p2a: Luxray|0 fnt|[from] brn\n|faint|p2a: Luxray\n|upkeep\n|\n|t:|1781378249\n|switch|p2a: Florges|Florges-White, L85, F|271/271\n|turn|23\n|\n|t:|1781378255\n|switch|p1a: Hippowdon|Hippowdon, L82, F|188/311\n|-damage|p1a: Hippowdon|169/311|[from] Stealth Rock\n|-weather|Sandstorm|[from] ability: Sand Stream|[of] p1a: Hippowdon\n|move|p2a: Florges|Moonblast|p1a: Hippowdon\n|-damage|p1a: Hippowdon|24/311\n|\n|-weather|Sandstorm|[upkeep]\n|-damage|p2a: Florges|255/271|[from] Sandstorm\n|-heal|p2a: Florges|271/271|[from] item: Leftovers\n|-heal|p1a: Hippowdon|43/311|[from] item: Leftovers\n|upkeep\n|turn|24\n|\n|t:|1781378258\n|move|p2a: Florges|Moonblast|p1a: Hippowdon\n|-damage|p1a: Hippowdon|0 fnt\n|faint|p1a: Hippowdon\n|\n|-weather|Sandstorm|[upkeep]\n|-damage|p2a: Florges|255/271|[from] Sandstorm\n|-heal|p2a: Florges|271/271|[from] item: Leftovers\n|upkeep\n|\n|t:|1781378260\n|switch|p1a: Revavroom|Revavroom, L79, M|215/256\n|-damage|p1a: Revavroom|199/256|[from] Stealth Rock\n|turn|25\n|\n|t:|1781378266\n|switch|p1a: Phione|Phione, L91, tera:Dragon|75/293\n|-damage|p1a: Phione|39/293|[from] Stealth Rock\n|switch|p2a: Great Tusk|Great Tusk, L77|265/304\n|\n|-weather|Sandstorm|[upkeep]\n|-damage|p1a: Phione|21/293|[from] Sandstorm\n|-heal|p1a: Phione|39/293|[from] item: Leftovers\n|-heal|p2a: Great Tusk|284/304|[from] item: Leftovers\n|upkeep\n|turn|26\n|\n|t:|1781378269\n|-end|p2a: Great Tusk|Protosynthesis|[silent]\n|switch|p2a: Florges|Florges-White, L85, F|271/271\n|move|p1a: Phione|Scald|p2a: Florges\n|-damage|p2a: Florges|217/271\n|-status|p2a: Florges|brn\n|\n|-weather|Sandstorm|[upkeep]\n|-damage|p1a: Phione|21/293|[from] Sandstorm\n|-damage|p2a: Florges|201/271 brn|[from] Sandstorm\n|-heal|p1a: Phione|39/293|[from] item: Leftovers\n|-heal|p2a: Florges|217/271 brn|[from] item: Leftovers\n|-damage|p2a: Florges|201/271 brn|[from] brn\n|upkeep\n|turn|27\n|\n|t:|1781378271\n|switch|p1a: Revavroom|Revavroom, L79, M|199/256\n|-damage|p1a: Revavroom|183/256|[from] Stealth Rock\n|move|p2a: Florges|Moonblast|p1a: Revavroom\n|-resisted|p1a: Revavroom\n|-damage|p1a: Revavroom|144/256\n|-unboost|p1a: Revavroom|spa|1\n|\n|-weather|none\n|-heal|p2a: Florges|217/271 brn|[from] item: Leftovers\n|-damage|p2a: Florges|201/271 brn|[from] brn\n|upkeep\n|turn|28\n|\n|t:|1781378273\n|switch|p2a: Great Tusk|Great Tusk, L77|284/304\n|move|p1a: Revavroom|Gunk Shot|p2a: Great Tusk|[miss]\n|-miss|p1a: Revavroom|p2a: Great Tusk\n|\n|-heal|p2a: Great Tusk|303/304|[from] item: Leftovers\n|upkeep\n|turn|29\n|c|\u2606enaser17|gg\n|c|\u2606cococem|gg\n|-message|enaser17 forfeited.\n|\n|win|cococem\n", "inputlog": ">version a8376a258c1d4662feba110a92103f3664a72141\n>start {\"formatid\":\"gen9randombattle\",\"seed\":\"sodium,9e95b2240fc60dd7341c68bfb276d67a\",\"rated\":\"Rated battle\"}\n>player p1 {\"name\":\"enaser17\",\"avatar\":\"skyla\",\"rating\":2005,\"seed\":\"sodium,a6ac5fd3bd46e2fd49c69ddd25661792\"}\n>player p2 {\"name\":\"cococem\",\"avatar\":\"baker\",\"rating\":2083,\"seed\":\"sodium,a5e9f8d7fe84cf30d37d0b0950ca1572\"}\n>p1 move stealthrock\n>p2 switch 4\n>p1 switch 2\n>p2 move stealthrock\n>p1 move willowisp\n>p2 switch 6\n>p1 switch 2\n>p2 move discharge\n>p1 move whirlwind\n>p2 move gigadrain\n>p1 switch 2\n>p2 switch 5\n>p1 switch 6\n>p2 move discharge\n>p1 move psyshock\n>p2 move discharge\n>p1 move psyshock\n>p2 switch 5\n>p1 switch 6\n>p1 move flamethrower\n>p2 move sunnyday\n>p2 switch 2\n>p1 move flamethrower\n>p2 move toxic terastallize\n>p1 move hurricane\n>p2 move synthesis\n>p1 switch 3\n>p2 move sludgebomb\n>p1 move playrough\n>p2 move sludgebomb\n>p1 switch 4\n>p1 move gunkshot\n>p2 switch 6\n>p1 switch 3\n>p2 move rapidspin\n>p1 move hurricane\n>p2 switch 6\n>p1 move flamethrower\n>p2 move synthesis\n>p1 move flamethrower\n>p2 move synthesis\n>p1 switch 5\n>p2 switch 6\n>p1 move takeheart\n>p2 switch 3\n>p1 move scald terastallize\n>p2 move trailblaze\n>p1 move scald\n>p2 move facade\n>p2 switch 4\n>p1 switch 2\n>p2 move moonblast\n>p1 move earthquake\n>p2 move moonblast\n>p1 switch 3\n>p1 switch 2\n>p2 switch 3\n>p1 move scald\n>p2 switch 3\n>p1 switch 2\n>p2 move moonblast\n>p1 move gunkshot\n>p2 switch 3\n>chat \u2606enaser17|gg\n>chat \u2606cococem|gg\n>forcelose p1", "uploadtime": 1781378081, "views": 8, "formatid": "gen9randombattle", "rating": null, "private": 0, "password": null}