{"id": "gen9randombattle-2631851237", "format": "[Gen 9] Random Battle", "players": ["DBKaiyote", "Reconforce"], "log": "|j|\u2606DBKaiyote\n|j|\u2606Reconforce\n|t:|1781448100\n|gametype|singles\n|player|p1|DBKaiyote|swimmer-gen4|2077\n|player|p2|Reconforce|1|2202\n|gen|9\n|tier|[Gen 9] Random Battle\n|rated|\n|rule|Species Clause: Limit one of each Pok\u00e9mon\n|rule|HP Percentage Mod: HP is shown in percentages\n|rule|Sleep Clause Mod: Limit one foe put to sleep\n|rule|Illusion Level Mod: Illusion disguises the Pok\u00e9mon's true level\n|\n|t:|1781448100\n|teamsize|p1|6\n|teamsize|p2|6\n|start\n|switch|p1a: Manaphy|Manaphy, L78|284/284\n|switch|p2a: Cryogonal|Cryogonal, L89|287/287\n|turn|1\n|inactive|Battle timer is ON: inactive players will automatically lose when time's up. (requested by DBKaiyote)\n|\n|t:|1781448127\n|move|p2a: Cryogonal|Freeze-Dry|p1a: Manaphy\n|-supereffective|p1a: Manaphy\n|-damage|p1a: Manaphy|120/284\n|move|p1a: Manaphy|Surf|p2a: Cryogonal\n|-damage|p2a: Cryogonal|227/287\n|\n|-heal|p1a: Manaphy|137/284|[from] item: Leftovers\n|upkeep\n|turn|2\n|\n|t:|1781448131\n|switch|p1a: Duraludon|Duraludon, L82, M|249/249\n|move|p2a: Cryogonal|Freeze-Dry|p1a: Duraludon\n|-damage|p1a: Duraludon|159/249\n|\n|upkeep\n|turn|3\n|\n|t:|1781448133\n|move|p2a: Cryogonal|Freeze-Dry|p1a: Duraludon\n|-damage|p1a: Duraludon|71/249\n|move|p1a: Duraludon|Thunder Wave|p2a: Cryogonal\n|-status|p2a: Cryogonal|par\n|\n|upkeep\n|turn|4\n|\n|t:|1781448139\n|move|p1a: Duraludon|Body Press|p2a: Cryogonal\n|-supereffective|p2a: Cryogonal\n|-damage|p2a: Cryogonal|51/287 par\n|move|p2a: Cryogonal|Freeze-Dry|p1a: Duraludon\n|-damage|p1a: Duraludon|0 fnt\n|faint|p1a: Duraludon\n|\n|upkeep\n|\n|t:|1781448149\n|switch|p1a: Manaphy|Manaphy, L78|137/284\n|turn|5\n|\n|t:|1781448152\n|move|p1a: Manaphy|Surf|p2a: Cryogonal\n|-damage|p2a: Cryogonal|0 fnt\n|faint|p2a: Cryogonal\n|\n|-heal|p1a: Manaphy|154/284|[from] item: Leftovers\n|upkeep\n|\n|t:|1781448154\n|switch|p2a: Rotom|Rotom-Fan, L86|226/226\n|turn|6\n|\n|t:|1781448158\n|move|p1a: Manaphy|Ice Beam|p2a: Rotom\n|-supereffective|p2a: Rotom\n|-damage|p2a: Rotom|134/226\n|move|p2a: Rotom|Thunderbolt|p1a: Manaphy\n|-supereffective|p1a: Manaphy\n|-damage|p1a: Manaphy|0 fnt\n|faint|p1a: Manaphy\n|\n|upkeep\n|\n|t:|1781448165\n|switch|p1a: Spectrier|Spectrier, L75|274/274\n|turn|7\n|\n|t:|1781448171\n|move|p1a: Spectrier|Nasty Plot|p1a: Spectrier\n|-boost|p1a: Spectrier|spa|2\n|move|p2a: Rotom|Volt Switch|p1a: Spectrier\n|-damage|p1a: Spectrier|178/274\n|\n|t:|1781448173\n|switch|p2a: Bombirdier|Bombirdier, L85, F|258/258|[from] Volt Switch\n|\n|upkeep\n|turn|8\n|\n|t:|1781448177\n|-terastallize|p1a: Spectrier|Fairy\n|move|p1a: Spectrier|Draining Kiss|p2a: Bombirdier\n|-supereffective|p2a: Bombirdier\n|-damage|p2a: Bombirdier|0 fnt\n|-heal|p1a: Spectrier|274/274|[from] drain|[of] p2a: Bombirdier\n|faint|p2a: Bombirdier\n|-ability|p1a: Spectrier|Grim Neigh|boost\n|-boost|p1a: Spectrier|spa|1\n|-damage|p1a: Spectrier|247/274|[from] item: Life Orb\n|\n|upkeep\n|\n|t:|1781448183\n|switch|p2a: Brute Bonnet|Brute Bonnet, L80|309/309\n|turn|9\n|\n|t:|1781448187\n|-terastallize|p2a: Brute Bonnet|Poison\n|move|p1a: Spectrier|Draining Kiss|p2a: Brute Bonnet\n|-resisted|p2a: Brute Bonnet\n|-damage|p2a: Brute Bonnet|197/309\n|-heal|p1a: Spectrier|274/274|[from] drain|[of] p2a: Brute Bonnet\n|-damage|p1a: Spectrier|247/274|[from] item: Life Orb\n|move|p2a: Brute Bonnet|Spore|p1a: Spectrier\n|-status|p1a: Spectrier|slp|[from] move: Spore\n|\n|-heal|p2a: Brute Bonnet|216/309|[from] item: Leftovers\n|upkeep\n|turn|10\n|\n|t:|1781448192\n|switch|p1a: Bombirdier|Bombirdier, L85, F|258/258\n|-end|p2a: Brute Bonnet|Protosynthesis|[silent]\n|switch|p2a: Gastrodon|Gastrodon, L86, F|331/331\n|\n|upkeep\n|turn|11\n|\n|t:|1781448198\n|move|p1a: Bombirdier|Knock Off|p2a: Gastrodon\n|-damage|p2a: Gastrodon|193/331\n|-enditem|p2a: Gastrodon|Leftovers|[from] move: Knock Off|[of] p1a: Bombirdier\n|move|p2a: Gastrodon|Stealth Rock|p1a: Bombirdier\n|-sidestart|p1: DBKaiyote|move: Stealth Rock\n|\n|upkeep\n|turn|12\n|\n|t:|1781448203\n|move|p1a: Bombirdier|Stone Edge|p2a: Gastrodon\n|-resisted|p2a: Gastrodon\n|-damage|p2a: Gastrodon|130/331\n|move|p2a: Gastrodon|Recover|p2a: Gastrodon\n|-heal|p2a: Gastrodon|296/331\n|\n|upkeep\n|turn|13\n|\n|t:|1781448208\n|move|p1a: Bombirdier|Brave Bird|p2a: Gastrodon\n|-damage|p2a: Gastrodon|136/331\n|-damage|p1a: Bombirdier|205/258|[from] Recoil\n|move|p2a: Gastrodon|Surf|p1a: Bombirdier\n|-damage|p1a: Bombirdier|108/258\n|\n|upkeep\n|turn|14\n|\n|t:|1781448211\n|move|p1a: Bombirdier|Brave Bird|p2a: Gastrodon\n|-damage|p2a: Gastrodon|0 fnt\n|faint|p2a: Gastrodon\n|-damage|p1a: Bombirdier|63/258|[from] Recoil\n|\n|upkeep\n|\n|t:|1781448212\n|switch|p2a: Rotom|Rotom-Fan, L86|134/226\n|turn|15\n|\n|t:|1781448221\n|move|p2a: Rotom|Thunderbolt|p1a: Bombirdier\n|-supereffective|p1a: Bombirdier\n|-damage|p1a: Bombirdier|0 fnt\n|faint|p1a: Bombirdier\n|\n|upkeep\n|\n|t:|1781448226\n|switch|p1a: Terapagos|Terapagos, L77, F|265/265\n|-activate|p1a: Terapagos|ability: Tera Shift\n|detailschange|p1a: Terapagos|Terapagos-Terastal, L77, F\n|-heal|p1a: Terapagos|273/273|[silent]\n|turn|16\n|\n|t:|1781448231\n|move|p2a: Rotom|Thunder Wave|p1a: Terapagos\n|-status|p1a: Terapagos|par\n|move|p1a: Terapagos|Rapid Spin|p2a: Rotom\n|-damage|p2a: Rotom|98/226\n|-boost|p1a: Terapagos|spe|1\n|-sideend|p1: DBKaiyote|Stealth Rock|[from] move: Rapid Spin|[of] p1a: Terapagos\n|\n|upkeep\n|turn|17\n|\n|t:|1781448235\n|move|p2a: Rotom|Volt Switch|p1a: Terapagos\n|-activate|p1a: Terapagos|ability: Tera Shell\n|-resisted|p1a: Terapagos\n|-damage|p1a: Terapagos|233/273 par\n|\n|t:|1781448236\n|switch|p2a: Grumpig|Grumpig, L92, F|297/297|[from] Volt Switch\n|move|p1a: Terapagos|Tera Starstorm|p2a: Grumpig\n|-damage|p2a: Grumpig|206/297\n|\n|-heal|p2a: Grumpig|224/297|[from] item: Leftovers\n|upkeep\n|turn|18\n|\n|t:|1781448242\n|move|p2a: Grumpig|Nasty Plot|p2a: Grumpig\n|-boost|p2a: Grumpig|spa|2\n|move|p1a: Terapagos|Calm Mind|p1a: Terapagos\n|-boost|p1a: Terapagos|spa|1\n|-boost|p1a: Terapagos|spd|1\n|\n|-heal|p2a: Grumpig|242/297|[from] item: Leftovers\n|upkeep\n|turn|19\n|\n|t:|1781448244\n|move|p2a: Grumpig|Psychic|p1a: Terapagos\n|-damage|p1a: Terapagos|115/273 par\n|move|p1a: Terapagos|Dark Pulse|p2a: Grumpig\n|-supereffective|p2a: Grumpig\n|-damage|p2a: Grumpig|132/297\n|\n|-heal|p2a: Grumpig|150/297|[from] item: Leftovers\n|upkeep\n|turn|20\n|\n|t:|1781448248\n|move|p2a: Grumpig|Psychic|p1a: Terapagos\n|-damage|p1a: Terapagos|0 fnt\n|faint|p1a: Terapagos\n|\n|-heal|p2a: Grumpig|168/297|[from] item: Leftovers\n|upkeep\n|\n|t:|1781448251\n|switch|p1a: Mesprit|Mesprit, L85|275/275\n|turn|21\n|\n|t:|1781448254\n|move|p2a: Grumpig|Shadow Ball|p1a: Mesprit\n|-supereffective|p1a: Mesprit\n|-damage|p1a: Mesprit|45/275\n|move|p1a: Mesprit|Knock Off|p2a: Grumpig\n|-supereffective|p2a: Grumpig\n|-damage|p2a: Grumpig|10/297\n|-enditem|p2a: Grumpig|Leftovers|[from] move: Knock Off|[of] p1a: Mesprit\n|\n|-heal|p1a: Mesprit|62/275|[from] item: Leftovers\n|upkeep\n|turn|22\n|\n|t:|1781448259\n|move|p2a: Grumpig|Shadow Ball|p1a: Mesprit\n|-supereffective|p1a: Mesprit\n|-damage|p1a: Mesprit|0 fnt\n|faint|p1a: Mesprit\n|\n|upkeep\n|\n|t:|1781448262\n|switch|p1a: Spectrier|Spectrier, L75, tera:Fairy|247/274 slp\n|turn|23\n|\n|t:|1781448265\n|cant|p1a: Spectrier|slp\n|move|p2a: Grumpig|Psychic|p1a: Spectrier\n|-damage|p1a: Spectrier|0 fnt\n|faint|p1a: Spectrier\n|\n|win|Reconforce\n", "inputlog": ">version a8376a258c1d4662feba110a92103f3664a72141\n>start {\"formatid\":\"gen9randombattle\",\"seed\":\"sodium,0fa71670f2d4567140196bb60f8aa637\",\"rated\":\"Rated battle\"}\n>player p1 {\"name\":\"DBKaiyote\",\"avatar\":\"swimmer-gen4\",\"rating\":2077,\"seed\":\"sodium,211caca7a9b7f5c57751b00c8eba6d32\"}\n>player p2 {\"name\":\"Reconforce\",\"avatar\":\"1\",\"rating\":2202,\"seed\":\"sodium,397cc842062175c0aabf3cb588e25b96\"}\n>p1 move surf\n>p2 move freezedry\n>p1 switch 6\n>p2 move freezedry\n>p1 move thunderwave\n>p2 move freezedry\n>p1 move bodypress\n>p2 move freezedry\n>p1 switch 6\n>p1 move surf\n>p2 move recover\n>p2 switch 5\n>p1 move icebeam\n>p2 move thunderbolt\n>p1 switch 4\n>p1 move nastyplot\n>p2 move voltswitch\n>p2 switch 4\n>p1 move drainingkiss terastallize\n>p2 move knockoff\n>p2 switch 6\n>p1 move drainingkiss\n>p2 move spore terastallize\n>p1 switch 3\n>p2 switch 2\n>p1 move knockoff\n>p2 move stealthrock\n>p1 move stoneedge\n>p2 move recover\n>p1 move bravebird\n>p2 move surf\n>p1 move bravebird\n>p2 move surf\n>p2 switch 4\n>p1 move knockoff\n>p2 move thunderbolt\n>p1 switch 2\n>p1 move rapidspin\n>p2 move thunderwave\n>p1 move terastarstorm\n>p2 move voltswitch\n>p2 switch 3\n>p1 move calmmind\n>p2 move nastyplot\n>p1 move darkpulse\n>p2 move psychic\n>p1 move darkpulse\n>p2 move psychic\n>p1 switch 5\n>p1 move knockoff\n>p2 move shadowball\n>p1 move knockoff\n>p2 move shadowball\n>p1 switch 3\n>p1 move drainingkiss\n>p2 move psychic", "uploadtime": 1781448102, "views": 5, "formatid": "gen9randombattle", "rating": null, "private": 0, "password": null}