{"id": "gen9randombattle-2631378971", "format": "[Gen 9] Random Battle", "players": ["Pepe Zombi", "qiuescent"], "log": "|j|\u2606Pepe Zombi\n|j|\u203dqiuescent\n|t:|1781377665\n|gametype|singles\n|player|p1|Pepe Zombi|miku-ghost|2146\n|player|p2|qiuescent|265|2213\n|gen|9\n|tier|[Gen 9] Random Battle\n|rated|\n|rule|Species Clause: Limit one of each Pok\u00e9mon\n|rule|HP Percentage Mod: HP is shown in percentages\n|rule|Sleep Clause Mod: Limit one foe put to sleep\n|rule|Illusion Level Mod: Illusion disguises the Pok\u00e9mon's true level\n|\n|t:|1781377665\n|teamsize|p1|6\n|teamsize|p2|6\n|start\n|switch|p1a: Iron Leaves|Iron Leaves, L80|275/275\n|switch|p2a: Bisharp|Bisharp, L79, M|232/232\n|turn|1\n|inactive|Battle timer is ON: inactive players will automatically lose when time's up. (requested by Pepe Zombi)\n|\n|t:|1781377680\n|switch|p2a: Salazzle|Salazzle, L83, F|249/249\n|move|p1a: Iron Leaves|Close Combat|p2a: Salazzle\n|-resisted|p2a: Salazzle\n|-damage|p2a: Salazzle|170/249\n|-unboost|p1a: Iron Leaves|def|1\n|-unboost|p1a: Iron Leaves|spd|1\n|-damage|p1a: Iron Leaves|248/275|[from] item: Life Orb\n|\n|upkeep\n|turn|2\n|\n|t:|1781377704\n|-end|p1a: Iron Leaves|Quark Drive|[silent]\n|switch|p1a: Tentacruel|Tentacruel, L84, F|272/272\n|move|p2a: Salazzle|Fire Blast|p1a: Tentacruel\n|-resisted|p1a: Tentacruel\n|-damage|p1a: Tentacruel|240/272\n|\n|upkeep\n|turn|3\n|\n|t:|1781377712\n|switch|p2a: Mightyena|Mightyena, L96, M|290/290\n|-ability|p2a: Mightyena|Intimidate|boost\n|-unboost|p1a: Tentacruel|atk|1\n|move|p1a: Tentacruel|Surf|p2a: Mightyena\n|-damage|p2a: Mightyena|230/290\n|\n|upkeep\n|turn|4\n|\n|t:|1781377716\n|move|p1a: Tentacruel|Flip Turn|p2a: Mightyena\n|-damage|p2a: Mightyena|197/290\n|\n|t:|1781377717\n|switch|p1a: Vespiquen|Vespiquen, L99, F|299/299|[from] Flip Turn\n|-ability|p1a: Vespiquen|Pressure\n|move|p2a: Mightyena|Crunch|p1a: Vespiquen\n|-damage|p1a: Vespiquen|224/299\n|\n|upkeep\n|turn|5\n|\n|t:|1781377722\n|switch|p2a: Forretress|Forretress, L84, M|263/263\n|move|p1a: Vespiquen|Spikes|p2a: Forretress\n|-sidestart|p2: qiuescent|Spikes\n|\n|upkeep\n|turn|6\n|\n|t:|1781377726\n|move|p1a: Vespiquen|Air Slash|p2a: Forretress\n|-damage|p2a: Forretress|146/263\n|move|p2a: Forretress|Rapid Spin|p1a: Vespiquen\n|-damage|p1a: Vespiquen|198/299\n|-boost|p2a: Forretress|spe|1\n|-sideend|p2: qiuescent|Spikes|[from] move: Rapid Spin|[of] p2a: Forretress\n|\n|-heal|p2a: Forretress|162/263|[from] item: Leftovers\n|upkeep\n|turn|7\n|\n|t:|1781377732\n|move|p2a: Forretress|Spikes|p1a: Vespiquen\n|-sidestart|p1: Pepe Zombi|Spikes\n|move|p1a: Vespiquen|Air Slash|p2a: Forretress\n|-damage|p2a: Forretress|32/263\n|\n|-heal|p2a: Forretress|48/263|[from] item: Leftovers\n|upkeep\n|turn|8\n|\n|t:|1781377735\n|move|p2a: Forretress|Iron Head|p1a: Vespiquen\n|-damage|p1a: Vespiquen|134/299\n|cant|p1a: Vespiquen|flinch\n|\n|-heal|p2a: Forretress|64/263|[from] item: Leftovers\n|upkeep\n|turn|9\n|\n|t:|1781377737\n|move|p2a: Forretress|Iron Head|p1a: Vespiquen\n|-damage|p1a: Vespiquen|67/299\n|move|p1a: Vespiquen|Roost|p1a: Vespiquen\n|-heal|p1a: Vespiquen|217/299\n|-singleturn|p1a: Vespiquen|move: Roost\n|\n|-heal|p2a: Forretress|80/263|[from] item: Leftovers\n|upkeep\n|turn|10\n|\n|t:|1781377740\n|move|p2a: Forretress|Iron Head|p1a: Vespiquen\n|-damage|p1a: Vespiquen|154/299\n|cant|p1a: Vespiquen|flinch\n|\n|-heal|p2a: Forretress|96/263|[from] item: Leftovers\n|upkeep\n|turn|11\n|\n|t:|1781377743\n|move|p2a: Forretress|Spikes|p1a: Vespiquen\n|-sidestart|p1: Pepe Zombi|Spikes\n|move|p1a: Vespiquen|Roost|p1a: Vespiquen\n|-heal|p1a: Vespiquen|299/299\n|-singleturn|p1a: Vespiquen|move: Roost\n|\n|-heal|p2a: Forretress|112/263|[from] item: Leftovers\n|upkeep\n|turn|12\n|\n|t:|1781377747\n|move|p2a: Forretress|Iron Head|p1a: Vespiquen\n|-damage|p1a: Vespiquen|235/299\n|move|p1a: Vespiquen|Spikes|p2a: Forretress\n|-sidestart|p2: qiuescent|Spikes\n|\n|-heal|p2a: Forretress|128/263|[from] item: Leftovers\n|upkeep\n|turn|13\n|\n|t:|1781377750\n|move|p2a: Forretress|Spikes|p1a: Vespiquen\n|-sidestart|p1: Pepe Zombi|Spikes\n|move|p1a: Vespiquen|Air Slash|p2a: Forretress\n|-damage|p2a: Forretress|10/263\n|\n|-heal|p2a: Forretress|26/263|[from] item: Leftovers\n|upkeep\n|turn|14\n|\n|t:|1781377752\n|move|p2a: Forretress|Rapid Spin|p1a: Vespiquen\n|-damage|p1a: Vespiquen|208/299\n|-boost|p2a: Forretress|spe|1\n|-sideend|p2: qiuescent|Spikes|[from] move: Rapid Spin|[of] p2a: Forretress\n|move|p1a: Vespiquen|Air Slash|p2a: Forretress\n|-damage|p2a: Forretress|0 fnt\n|faint|p2a: Forretress\n|\n|upkeep\n|\n|t:|1781377754\n|switch|p2a: Minior|Minior, L79|224/224\n|-formechange|p2a: Minior|Minior-Meteor||[from] ability: Shields Down\n|turn|15\n|\n|t:|1781377771\n|switch|p1a: Tentacruel|Tentacruel, L84, F|240/272\n|-damage|p1a: Tentacruel|172/272|[from] Spikes\n|move|p2a: Minior|Shell Smash|p2a: Minior\n|-unboost|p2a: Minior|def|1\n|-unboost|p2a: Minior|spd|1\n|-boost|p2a: Minior|atk|2\n|-boost|p2a: Minior|spa|2\n|-boost|p2a: Minior|spe|2\n|-enditem|p2a: Minior|White Herb\n|-clearnegativeboost|p2a: Minior|[silent]\n|\n|upkeep\n|turn|16\n|\n|t:|1781377789\n|move|p2a: Minior|Earthquake|p1a: Tentacruel\n|-supereffective|p1a: Tentacruel\n|-damage|p1a: Tentacruel|0 fnt\n|faint|p1a: Tentacruel\n|\n|upkeep\n|inactive|Pepe Zombi has 120 seconds left.\n|\n|t:|1781377806\n|switch|p1a: Golem|Golem-Alola, L93, F|300/300\n|-damage|p1a: Golem|225/300|[from] Spikes\n|turn|17\n|\n|t:|1781377816\n|move|p2a: Minior|Earthquake|p1a: Golem\n|-supereffective|p1a: Golem\n|-damage|p1a: Golem|0 fnt\n|faint|p1a: Golem\n|\n|upkeep\n|inactive|Pepe Zombi has 120 seconds left.\n|\n|t:|1781377831\n|switch|p1a: Ogerpon|Ogerpon-Cornerstone, L76, F|247/247\n|-damage|p1a: Ogerpon|186/247|[from] Spikes\n|turn|18\n|\n|t:|1781377837\n|-terastallize|p1a: Ogerpon|Rock\n|detailschange|p1a: Ogerpon|Ogerpon-Cornerstone-Tera, L76, F, tera:Rock\n|-ability|p1a: Ogerpon|Embody Aspect (Cornerstone)|boost\n|-boost|p1a: Ogerpon|def|1\n|move|p2a: Minior|Acrobatics|p1a: Ogerpon\n|-resisted|p1a: Ogerpon\n|-damage|p1a: Ogerpon|126/247\n|move|p1a: Ogerpon|Ivy Cudgel|p2a: Minior|[anim] Ivy Cudgel Rock\n|-supereffective|p2a: Minior\n|-damage|p2a: Minior|0 fnt\n|faint|p2a: Minior\n|\n|upkeep\n|\n|t:|1781377843\n|switch|p2a: Ogerpon|Ogerpon-Wellspring, L76, F|247/247\n|turn|19\n|\n|t:|1781377859\n|switch|p1a: Vespiquen|Vespiquen, L99, F|208/299\n|-ability|p1a: Vespiquen|Pressure\n|move|p2a: Ogerpon|Ivy Cudgel|p1a: Vespiquen|[anim] Ivy Cudgel Water\n|-damage|p1a: Vespiquen|114/299\n|\n|upkeep\n|turn|20\n|\n|t:|1781377866\n|switch|p2a: Salazzle|Salazzle, L83, F|170/249\n|move|p1a: Vespiquen|Roost|p1a: Vespiquen\n|-heal|p1a: Vespiquen|264/299\n|-singleturn|p1a: Vespiquen|move: Roost\n|\n|upkeep\n|turn|21\n|\n|t:|1781377871\n|move|p2a: Salazzle|Fire Blast|p1a: Vespiquen\n|-supereffective|p1a: Vespiquen\n|-damage|p1a: Vespiquen|78/299\n|move|p1a: Vespiquen|Spikes|p2a: Salazzle\n|-sidestart|p2: qiuescent|Spikes\n|\n|upkeep\n|turn|22\n|\n|t:|1781377880\n|move|p2a: Salazzle|Nasty Plot|p2a: Salazzle\n|-boost|p2a: Salazzle|spa|2\n|move|p1a: Vespiquen|Air Slash|p2a: Salazzle\n|-damage|p2a: Salazzle|47/249\n|\n|upkeep\n|turn|23\n|\n|t:|1781377884\n|move|p2a: Salazzle|Sludge Wave|p1a: Vespiquen\n|-damage|p1a: Vespiquen|0 fnt\n|faint|p1a: Vespiquen\n|\n|upkeep\n|\n|t:|1781377893\n|switch|p1a: Iron Leaves|Iron Leaves, L80|248/275\n|-damage|p1a: Iron Leaves|180/275|[from] Spikes\n|turn|24\n|\n|t:|1781377897\n|move|p2a: Salazzle|Sludge Wave|p1a: Iron Leaves\n|-supereffective|p1a: Iron Leaves\n|-damage|p1a: Iron Leaves|0 fnt\n|faint|p1a: Iron Leaves\n|-end|p1a: Iron Leaves|Quark Drive|[silent]\n|\n|upkeep\n|\n|t:|1781377901\n|switch|p1a: Ogerpon|Ogerpon-Cornerstone-Tera, L76, F, tera:Rock|126/247\n|-damage|p1a: Ogerpon|65/247|[from] Spikes\n|-ability|p1a: Ogerpon|Embody Aspect (Cornerstone)|boost\n|-boost|p1a: Ogerpon|def|1\n|turn|25\n|\n|t:|1781377905\n|move|p2a: Salazzle|Sludge Wave|p1a: Ogerpon\n|-resisted|p1a: Ogerpon\n|-damage|p1a: Ogerpon|0 fnt\n|faint|p1a: Ogerpon\n|detailschange|p1: Ogerpon|Ogerpon-Cornerstone, L76, F|[silent]\n|\n|upkeep\n|\n|t:|1781377906\n|switch|p1a: Darkrai|Darkrai, L77|234/234\n|-damage|p1a: Darkrai|176/234|[from] Spikes\n|turn|26\n|\n|t:|1781377913\n|move|p2a: Salazzle|Sludge Wave|p1a: Darkrai\n|-damage|p1a: Darkrai|0 fnt\n|faint|p1a: Darkrai\n|\n|win|qiuescent\n", "inputlog": ">version a8376a258c1d4662feba110a92103f3664a72141\n>start {\"formatid\":\"gen9randombattle\",\"seed\":\"sodium,0215950f52d0a7621332cc9397493804\",\"rated\":\"Rated battle\"}\n>player p1 {\"name\":\"Pepe Zombi\",\"avatar\":\"miku-ghost\",\"rating\":2146,\"seed\":\"sodium,1ddce269a52ef5ecaf29371a6b0296b0\"}\n>player p2 {\"name\":\"qiuescent\",\"avatar\":\"265\",\"rating\":2213,\"seed\":\"sodium,f15eef17a40cc78ea61fbba93951cde6\"}\n>p1 move closecombat\n>p2 switch 5\n>p1 switch 6\n>p2 move fireblast\n>p1 move surf\n>p2 switch 6\n>p1 move flipturn\n>p2 move crunch\n>p1 switch 2\n>p1 move spikes\n>p2 switch 4\n>p1 move airslash\n>p2 move rapidspin\n>p1 move airslash\n>p2 move spikes\n>p1 move roost\n>p2 move ironhead\n>p1 move roost\n>p2 move ironhead\n>p1 move spikes\n>p2 move ironhead\n>p1 move roost\n>p2 move spikes\n>p1 move spikes\n>p2 move ironhead\n>p1 move airslash\n>p2 move spikes\n>p1 move airslash\n>p2 move rapidspin\n>p2 switch 3\n>p1 switch 2\n>p2 move shellsmash\n>p1 move rapidspin\n>p2 move earthquake\n>p1 switch 3\n>p1 move doubleedge\n>p2 move earthquake\n>p1 switch 4\n>p1 move ivycudgel terastallize\n>p2 move acrobatics\n>p2 switch 2\n>p1 switch 2\n>p2 move ivycudgel\n>p1 move roost\n>p2 switch 6\n>p1 move spikes\n>p2 move fireblast\n>p1 move airslash\n>p2 move nastyplot\n>p1 move airslash\n>p2 move sludgewave\n>p1 switch 6\n>p1 move psyblade\n>p2 move sludgewave\n>p1 switch 2\n>p1 move ivycudgel\n>p2 move sludgewave\n>p1 switch 5\n>p1 move darkpulse\n>p2 move sludgewave", "uploadtime": 1781377666, "views": 8, "formatid": "gen9randombattle", "rating": null, "private": 0, "password": null}