{"id": "gen9randombattle-2631438294", "format": "[Gen 9] Random Battle", "players": ["fortnitekid1212", "Zekromkicker"], "log": "|j|\u2606fortnitekid1212\n|j|\u2606Zekromkicker\n|t:|1781384683\n|gametype|singles\n|player|p1|fortnitekid1212|169|1944\n|player|p2|Zekromkicker|rosa-masters|2004\n|gen|9\n|tier|[Gen 9] Random Battle\n|rated|\n|rule|Species Clause: Limit one of each Pok\u00e9mon\n|rule|HP Percentage Mod: HP is shown in percentages\n|rule|Sleep Clause Mod: Limit one foe put to sleep\n|rule|Illusion Level Mod: Illusion disguises the Pok\u00e9mon's true level\n|\n|t:|1781384683\n|teamsize|p1|6\n|teamsize|p2|6\n|start\n|switch|p1a: Kommo-o|Kommo-o, L78, F|245/245\n|switch|p2a: Lunala|Lunala, L70|308/308\n|turn|1\n|inactive|Battle timer is ON: inactive players will automatically lose when time's up. (requested by Zekromkicker)\n|\n|t:|1781384694\n|switch|p1a: Sableye|Sableye, L88, F|231/231\n|move|p2a: Lunala|Moonblast|p1a: Sableye\n|-supereffective|p1a: Sableye\n|-damage|p1a: Sableye|67/231\n|\n|-heal|p1a: Sableye|81/231|[from] item: Leftovers\n|upkeep\n|turn|2\n|\n|t:|1781384719\n|move|p1a: Sableye|Will-O-Wisp|p2a: Lunala\n|-status|p2a: Lunala|brn\n|move|p2a: Lunala|Moonblast|p1a: Sableye\n|-supereffective|p1a: Sableye\n|-damage|p1a: Sableye|0 fnt\n|faint|p1a: Sableye\n|\n|-damage|p2a: Lunala|289/308 brn|[from] brn\n|upkeep\n|\n|t:|1781384724\n|switch|p1a: Terapagos|Terapagos, L77, F|265/265\n|-activate|p1a: Terapagos|ability: Tera Shift\n|detailschange|p1a: Terapagos|Terapagos-Terastal, L77, F\n|-heal|p1a: Terapagos|273/273|[silent]\n|turn|3\n|\n|t:|1781384733\n|switch|p2a: Gliscor|Gliscor, L76, M|239/239\n|move|p1a: Terapagos|Dark Pulse|p2a: Gliscor\n|-damage|p2a: Gliscor|176/239\n|\n|-status|p2a: Gliscor|tox|[from] item: Toxic Orb\n|upkeep\n|turn|4\n|\n|t:|1781384756\n|move|p2a: Gliscor|Toxic|p1a: Terapagos\n|-status|p1a: Terapagos|tox\n|move|p1a: Terapagos|Calm Mind|p1a: Terapagos\n|-boost|p1a: Terapagos|spa|1\n|-boost|p1a: Terapagos|spd|1\n|\n|-heal|p2a: Gliscor|205/239 tox|[from] ability: Poison Heal\n|-damage|p1a: Terapagos|256/273 tox|[from] psn\n|upkeep\n|turn|5\n|\n|t:|1781384766\n|move|p2a: Gliscor|Substitute|p2a: Gliscor\n|-start|p2a: Gliscor|Substitute\n|-damage|p2a: Gliscor|146/239 tox\n|move|p1a: Terapagos|Calm Mind|p1a: Terapagos\n|-boost|p1a: Terapagos|spa|1\n|-boost|p1a: Terapagos|spd|1\n|\n|-heal|p2a: Gliscor|175/239 tox|[from] ability: Poison Heal\n|-damage|p1a: Terapagos|222/273 tox|[from] psn\n|upkeep\n|turn|6\n|\n|t:|1781384773\n|move|p2a: Gliscor|Protect|p2a: Gliscor\n|-singleturn|p2a: Gliscor|Protect\n|move|p1a: Terapagos|Rest|p1a: Terapagos\n|-status|p1a: Terapagos|slp|[from] move: Rest\n|-heal|p1a: Terapagos|273/273 slp|[silent]\n|-enditem|p1a: Terapagos|Chesto Berry|[eat]\n|-curestatus|p1a: Terapagos|slp|[msg]\n|\n|-heal|p2a: Gliscor|204/239 tox|[from] ability: Poison Heal\n|upkeep\n|turn|7\n|\n|t:|1781384777\n|move|p2a: Gliscor|Toxic|p1a: Terapagos\n|-status|p1a: Terapagos|tox\n|move|p1a: Terapagos|Tera Starstorm|p2a: Gliscor\n|-end|p2a: Gliscor|Substitute\n|\n|-heal|p2a: Gliscor|233/239 tox|[from] ability: Poison Heal\n|-damage|p1a: Terapagos|256/273 tox|[from] psn\n|upkeep\n|turn|8\n|\n|t:|1781384797\n|move|p2a: Gliscor|Protect|p2a: Gliscor\n|-singleturn|p2a: Gliscor|Protect\n|move|p1a: Terapagos|Calm Mind|p1a: Terapagos\n|-boost|p1a: Terapagos|spa|1\n|-boost|p1a: Terapagos|spd|1\n|\n|-heal|p2a: Gliscor|239/239 tox|[from] ability: Poison Heal\n|-damage|p1a: Terapagos|222/273 tox|[from] psn\n|upkeep\n|turn|9\n|\n|t:|1781384801\n|move|p2a: Gliscor|Substitute|p2a: Gliscor\n|-start|p2a: Gliscor|Substitute\n|-damage|p2a: Gliscor|180/239 tox\n|move|p1a: Terapagos|Dark Pulse|p2a: Gliscor\n|-end|p2a: Gliscor|Substitute\n|\n|-heal|p2a: Gliscor|209/239 tox|[from] ability: Poison Heal\n|-damage|p1a: Terapagos|171/273 tox|[from] psn\n|upkeep\n|turn|10\n|\n|t:|1781384804\n|move|p2a: Gliscor|Protect|p2a: Gliscor\n|-singleturn|p2a: Gliscor|Protect\n|move|p1a: Terapagos|Rest|p1a: Terapagos\n|-status|p1a: Terapagos|slp|[from] move: Rest\n|-heal|p1a: Terapagos|273/273 slp|[silent]\n|\n|-heal|p2a: Gliscor|238/239 tox|[from] ability: Poison Heal\n|upkeep\n|turn|11\n|\n|t:|1781384808\n|switch|p2a: Garganacl|Garganacl, L80, M|291/291\n|cant|p1a: Terapagos|slp\n|\n|upkeep\n|turn|12\n|\n|t:|1781384813\n|cant|p1a: Terapagos|slp\n|move|p2a: Garganacl|Salt Cure|p1a: Terapagos\n|-activate|p1a: Terapagos|ability: Tera Shell\n|-resisted|p1a: Terapagos\n|-crit|p1a: Terapagos\n|-damage|p1a: Terapagos|243/273 slp\n|-start|p1a: Terapagos|Salt Cure\n|\n|-damage|p1a: Terapagos|209/273 slp|[from] Salt Cure\n|upkeep\n|turn|13\n|\n|t:|1781384816\n|switch|p2a: Gliscor|Gliscor, L76, M|238/239 tox\n|-curestatus|p1a: Terapagos|slp|[msg]\n|move|p1a: Terapagos|Dark Pulse|p2a: Gliscor\n|-damage|p2a: Gliscor|79/239 tox\n|\n|-heal|p2a: Gliscor|108/239 tox|[from] ability: Poison Heal\n|-damage|p1a: Terapagos|175/273|[from] Salt Cure\n|upkeep\n|turn|14\n|\n|t:|1781384821\n|move|p2a: Gliscor|Substitute|p2a: Gliscor\n|-start|p2a: Gliscor|Substitute\n|-damage|p2a: Gliscor|49/239 tox\n|move|p1a: Terapagos|Dark Pulse|p2a: Gliscor\n|-end|p2a: Gliscor|Substitute\n|\n|-heal|p2a: Gliscor|78/239 tox|[from] ability: Poison Heal\n|-damage|p1a: Terapagos|141/273|[from] Salt Cure\n|upkeep\n|turn|15\n|\n|t:|1781384827\n|move|p2a: Gliscor|Substitute|p2a: Gliscor\n|-start|p2a: Gliscor|Substitute\n|-damage|p2a: Gliscor|19/239 tox\n|move|p1a: Terapagos|Dark Pulse|p2a: Gliscor\n|-end|p2a: Gliscor|Substitute\n|\n|-heal|p2a: Gliscor|48/239 tox|[from] ability: Poison Heal\n|-damage|p1a: Terapagos|107/273|[from] Salt Cure\n|upkeep\n|turn|16\n|\n|t:|1781384832\n|move|p2a: Gliscor|Protect|p2a: Gliscor\n|-singleturn|p2a: Gliscor|Protect\n|move|p1a: Terapagos|Dark Pulse|p2a: Gliscor\n|-activate|p2a: Gliscor|move: Protect\n|\n|-heal|p2a: Gliscor|77/239 tox|[from] ability: Poison Heal\n|-damage|p1a: Terapagos|73/273|[from] Salt Cure\n|upkeep\n|turn|17\n|\n|t:|1781384834\n|move|p2a: Gliscor|Earthquake|p1a: Terapagos\n|-damage|p1a: Terapagos|0 fnt\n|faint|p1a: Terapagos\n|\n|-heal|p2a: Gliscor|106/239 tox|[from] ability: Poison Heal\n|upkeep\n|\n|t:|1781384839\n|switch|p1a: Manaphy|Manaphy, L78|284/284\n|turn|18\n|\n|t:|1781384849\n|move|p1a: Manaphy|Surf|p2a: Gliscor\n|-supereffective|p2a: Gliscor\n|-damage|p2a: Gliscor|0 fnt\n|faint|p2a: Gliscor\n|\n|upkeep\n|\n|t:|1781384857\n|switch|p2a: Venusaur|Venusaur, L84, F|272/272\n|turn|19\n|\n|t:|1781384867\n|switch|p1a: Farigiraf|Farigiraf, L90, M|362/362\n|move|p2a: Venusaur|Sleep Powder|p1a: Farigiraf\n|-ability|p1a: Farigiraf|Sap Sipper|boost\n|-boost|p1a: Farigiraf|atk|1\n|\n|upkeep\n|turn|20\n|\n|t:|1781384876\n|switch|p2a: Lunala|Lunala, L70|289/308 brn\n|move|p1a: Farigiraf|Psychic Noise|p2a: Lunala\n|-resisted|p2a: Lunala\n|-damage|p2a: Lunala|238/308 brn\n|-start|p2a: Lunala|move: Heal Block\n|\n|-damage|p2a: Lunala|219/308 brn|[from] brn\n|upkeep\n|turn|21\n|\n|t:|1781384892\n|move|p2a: Lunala|Calm Mind|p2a: Lunala\n|-boost|p2a: Lunala|spa|1\n|-boost|p2a: Lunala|spd|1\n|move|p1a: Farigiraf|Psychic Noise|p2a: Lunala\n|-resisted|p2a: Lunala\n|-damage|p2a: Lunala|182/308 brn\n|\n|-damage|p2a: Lunala|163/308 brn|[from] brn\n|-end|p2a: Lunala|move: Heal Block\n|upkeep\n|turn|22\n|\n|t:|1781384900\n|move|p2a: Lunala|Moonlight|p2a: Lunala\n|-heal|p2a: Lunala|308/308 brn\n|move|p1a: Farigiraf|Psychic Noise|p2a: Lunala\n|-resisted|p2a: Lunala\n|-damage|p2a: Lunala|292/308 brn\n|-start|p2a: Lunala|move: Heal Block\n|\n|-damage|p2a: Lunala|273/308 brn|[from] brn\n|upkeep\n|turn|23\n|\n|t:|1781384907\n|switch|p1a: Kommo-o|Kommo-o, L78, F|245/245\n|move|p2a: Lunala|Calm Mind|p2a: Lunala\n|-boost|p2a: Lunala|spa|1\n|-boost|p2a: Lunala|spd|1\n|\n|-damage|p2a: Lunala|254/308 brn|[from] brn\n|-end|p2a: Lunala|move: Heal Block\n|upkeep\n|turn|24\n|\n|t:|1781384914\n|-terastallize|p1a: Kommo-o|Steel\n|move|p1a: Kommo-o|Clangorous Soul|p1a: Kommo-o\n|-boost|p1a: Kommo-o|atk|1\n|-boost|p1a: Kommo-o|def|1\n|-boost|p1a: Kommo-o|spa|1\n|-boost|p1a: Kommo-o|spd|1\n|-boost|p1a: Kommo-o|spe|1\n|-damage|p1a: Kommo-o|165/245\n|-enditem|p1a: Kommo-o|Throat Spray\n|-boost|p1a: Kommo-o|spa|1|[from] item: Throat Spray\n|move|p2a: Lunala|Moongeist Beam|p1a: Kommo-o\n|-damage|p1a: Kommo-o|32/245\n|\n|-heal|p2a: Lunala|273/308 brn|[from] item: Leftovers\n|-damage|p2a: Lunala|254/308 brn|[from] brn\n|upkeep\n|turn|25\n|\n|t:|1781384922\n|move|p1a: Kommo-o|Iron Head|p2a: Lunala\n|-damage|p2a: Lunala|112/308 brn\n|cant|p2a: Lunala|flinch\n|\n|-heal|p2a: Lunala|131/308 brn|[from] item: Leftovers\n|-damage|p2a: Lunala|112/308 brn|[from] brn\n|upkeep\n|turn|26\n|\n|t:|1781384926\n|move|p1a: Kommo-o|Iron Head|p2a: Lunala\n|-damage|p2a: Lunala|0 fnt\n|faint|p2a: Lunala\n|\n|upkeep\n|\n|t:|1781384938\n|switch|p2a: Leafeon|Leafeon, L88, F|258/258\n|turn|27\n|\n|t:|1781384947\n|move|p1a: Kommo-o|Clanging Scales|p2a: Leafeon\n|-damage|p2a: Leafeon|0 fnt\n|faint|p2a: Leafeon\n|-unboost|p1a: Kommo-o|def|1\n|\n|upkeep\n|\n|t:|1781384958\n|switch|p2a: Tentacruel|Tentacruel, L84, M|272/272\n|turn|28\n|\n|t:|1781384976\n|move|p1a: Kommo-o|Clangorous Soul||[still]\n|-fail|p1a: Kommo-o\n|move|p2a: Tentacruel|Surf|p1a: Kommo-o\n|-damage|p1a: Kommo-o|0 fnt\n|faint|p1a: Kommo-o\n|\n|upkeep\n|c|\u2606fortnitekid1212|Wrong one lol\n|\n|t:|1781384993\n|switch|p1a: Farigiraf|Farigiraf, L90, M|362/362\n|turn|29\n|\n|t:|1781385000\n|move|p2a: Tentacruel|Sludge Bomb|p1a: Farigiraf\n|-damage|p1a: Farigiraf|275/362\n|move|p1a: Farigiraf|Body Slam|p2a: Tentacruel\n|-damage|p2a: Tentacruel|146/272\n|\n|-heal|p2a: Tentacruel|163/272|[from] item: Leftovers\n|-heal|p1a: Farigiraf|297/362|[from] item: Leftovers\n|upkeep\n|turn|30\n|\n|t:|1781385005\n|move|p2a: Tentacruel|Sludge Bomb|p1a: Farigiraf\n|-damage|p1a: Farigiraf|213/362\n|move|p1a: Farigiraf|Body Slam|p2a: Tentacruel\n|-damage|p2a: Tentacruel|30/272\n|\n|-heal|p2a: Tentacruel|47/272|[from] item: Leftovers\n|-heal|p1a: Farigiraf|235/362|[from] item: Leftovers\n|upkeep\n|turn|31\n|\n|t:|1781385010\n|move|p1a: Farigiraf|Protect|p1a: Farigiraf\n|-singleturn|p1a: Farigiraf|Protect\n|move|p2a: Tentacruel|Sludge Bomb|p1a: Farigiraf\n|-activate|p1a: Farigiraf|move: Protect\n|\n|-heal|p2a: Tentacruel|64/272|[from] item: Leftovers\n|-heal|p1a: Farigiraf|257/362|[from] item: Leftovers\n|upkeep\n|turn|32\n|\n|t:|1781385012\n|move|p2a: Tentacruel|Sludge Bomb|p1a: Farigiraf\n|-damage|p1a: Farigiraf|163/362\n|-status|p1a: Farigiraf|psn\n|move|p1a: Farigiraf|Psychic Noise|p2a: Tentacruel\n|-supereffective|p2a: Tentacruel\n|-damage|p2a: Tentacruel|0 fnt\n|faint|p2a: Tentacruel\n|\n|-heal|p1a: Farigiraf|185/362 psn|[from] item: Leftovers\n|-damage|p1a: Farigiraf|140/362 psn|[from] psn\n|upkeep\n|\n|t:|1781385019\n|switch|p2a: Garganacl|Garganacl, L80, M|291/291\n|turn|33\n|inactive|fortnitekid1212 has 120 seconds left.\n|\n|t:|1781385056\n|move|p1a: Farigiraf|Psychic Noise|p2a: Garganacl\n|-damage|p2a: Garganacl|188/291\n|-start|p2a: Garganacl|move: Heal Block\n|move|p2a: Garganacl|Salt Cure|p1a: Farigiraf\n|-damage|p1a: Farigiraf|98/362 psn\n|-start|p1a: Farigiraf|Salt Cure\n|\n|-heal|p1a: Farigiraf|120/362 psn|[from] item: Leftovers\n|-damage|p1a: Farigiraf|75/362 psn|[from] psn\n|-damage|p1a: Farigiraf|30/362 psn|[from] Salt Cure\n|upkeep\n|turn|34\n|inactive|fortnitekid1212 has 120 seconds left.\n|\n|t:|1781385074\n|move|p1a: Farigiraf|Wish|p1a: Farigiraf\n|move|p2a: Garganacl|Stealth Rock|p1a: Farigiraf\n|-sidestart|p1: fortnitekid1212|move: Stealth Rock\n|\n|-heal|p1a: Farigiraf|52/362 psn|[from] item: Leftovers\n|-damage|p1a: Farigiraf|7/362 psn|[from] psn\n|-damage|p1a: Farigiraf|0 fnt|[from] Salt Cure\n|faint|p1a: Farigiraf\n|-end|p2a: Garganacl|move: Heal Block\n|upkeep\n|inactive|fortnitekid1212 has 120 seconds left.\n|inactive|fortnitekid1212 has 90 seconds left.\n|\n|t:|1781385124\n|switch|p1a: Manaphy|Manaphy, L78|284/284\n|-damage|p1a: Manaphy|249/284|[from] Stealth Rock\n|turn|35\n|\n|t:|1781385129\n|move|p1a: Manaphy|Surf|p2a: Garganacl\n|-supereffective|p2a: Garganacl\n|-damage|p2a: Garganacl|24/291\n|move|p2a: Garganacl|Salt Cure|p1a: Manaphy\n|-damage|p1a: Manaphy|209/284\n|-start|p1a: Manaphy|Salt Cure\n|\n|-heal|p1a: Manaphy|284/284|[from] move: Wish|[wisher] Farigiraf\n|-heal|p2a: Garganacl|42/291|[from] item: Leftovers\n|-damage|p1a: Manaphy|213/284|[from] Salt Cure\n|upkeep\n|turn|36\n|\n|t:|1781385137\n|move|p1a: Manaphy|Tail Glow|p1a: Manaphy\n|-boost|p1a: Manaphy|spa|3\n|move|p2a: Garganacl|Earthquake|p1a: Manaphy\n|-damage|p1a: Manaphy|142/284\n|\n|-heal|p1a: Manaphy|159/284|[from] item: Leftovers\n|-heal|p2a: Garganacl|60/291|[from] item: Leftovers\n|-damage|p1a: Manaphy|88/284|[from] Salt Cure\n|upkeep\n|turn|37\n|\n|t:|1781385142\n|move|p1a: Manaphy|Surf|p2a: Garganacl\n|-supereffective|p2a: Garganacl\n|-damage|p2a: Garganacl|0 fnt\n|faint|p2a: Garganacl\n|\n|-heal|p1a: Manaphy|105/284|[from] item: Leftovers\n|-damage|p1a: Manaphy|34/284|[from] Salt Cure\n|upkeep\n|\n|t:|1781385146\n|switch|p2a: Venusaur|Venusaur, L84, F|272/272\n|turn|38\n|\n|t:|1781385154\n|-terastallize|p2a: Venusaur|Water\n|move|p1a: Manaphy|Ice Beam|p2a: Venusaur\n|-resisted|p2a: Venusaur\n|-damage|p2a: Venusaur|206/272\n|move|p2a: Venusaur|Substitute|p2a: Venusaur\n|-start|p2a: Venusaur|Substitute\n|-damage|p2a: Venusaur|138/272\n|\n|-heal|p1a: Manaphy|51/284|[from] item: Leftovers\n|-heal|p2a: Venusaur|155/272|[from] item: Leftovers\n|-damage|p1a: Manaphy|0 fnt|[from] Salt Cure\n|faint|p1a: Manaphy\n|upkeep\n|\n|t:|1781385162\n|switch|p1a: Gastrodon|Gastrodon-East, L86, F|331/331\n|-damage|p1a: Gastrodon|311/331|[from] Stealth Rock\n|turn|39\n|\n|t:|1781385167\n|move|p2a: Venusaur|Leech Seed|p1a: Gastrodon\n|-start|p1a: Gastrodon|move: Leech Seed\n|move|p1a: Gastrodon|Earthquake|p2a: Venusaur\n|-end|p2a: Venusaur|Substitute\n|\n|-heal|p2a: Venusaur|172/272|[from] item: Leftovers\n|-heal|p1a: Gastrodon|331/331|[from] item: Leftovers\n|-damage|p1a: Gastrodon|290/331|[from] Leech Seed|[of] p2a: Venusaur\n|-heal|p2a: Venusaur|213/272|[silent]\n|upkeep\n|turn|40\n|\n|t:|1781385170\n|move|p2a: Venusaur|Sleep Powder|p1a: Gastrodon|[miss]\n|-miss|p2a: Venusaur|p1a: Gastrodon\n|move|p1a: Gastrodon|Earthquake|p2a: Venusaur\n|-crit|p2a: Venusaur\n|-damage|p2a: Venusaur|65/272\n|\n|-heal|p2a: Venusaur|82/272|[from] item: Leftovers\n|-heal|p1a: Gastrodon|310/331|[from] item: Leftovers\n|-damage|p1a: Gastrodon|269/331|[from] Leech Seed|[of] p2a: Venusaur\n|-heal|p2a: Venusaur|123/272|[silent]\n|upkeep\n|turn|41\n|\n|t:|1781385173\n|move|p2a: Venusaur|Sleep Powder|p1a: Gastrodon\n|-status|p1a: Gastrodon|slp|[from] move: Sleep Powder\n|cant|p1a: Gastrodon|slp\n|\n|-heal|p2a: Venusaur|140/272|[from] item: Leftovers\n|-heal|p1a: Gastrodon|289/331 slp|[from] item: Leftovers\n|-damage|p1a: Gastrodon|248/331 slp|[from] Leech Seed|[of] p2a: Venusaur\n|-heal|p2a: Venusaur|181/272|[silent]\n|upkeep\n|turn|42\n|\n|t:|1781385176\n|move|p2a: Venusaur|Substitute|p2a: Venusaur\n|-start|p2a: Venusaur|Substitute\n|-damage|p2a: Venusaur|113/272\n|cant|p1a: Gastrodon|slp\n|\n|-heal|p2a: Venusaur|130/272|[from] item: Leftovers\n|-heal|p1a: Gastrodon|268/331 slp|[from] item: Leftovers\n|-damage|p1a: Gastrodon|227/331 slp|[from] Leech Seed|[of] p2a: Venusaur\n|-heal|p2a: Venusaur|171/272|[silent]\n|upkeep\n|turn|43\n|\n|t:|1781385179\n|move|p2a: Venusaur|Sludge Bomb|p1a: Gastrodon\n|-resisted|p1a: Gastrodon\n|-damage|p1a: Gastrodon|181/331 slp\n|-curestatus|p1a: Gastrodon|slp|[msg]\n|move|p1a: Gastrodon|Earthquake|p2a: Venusaur\n|-end|p2a: Venusaur|Substitute\n|\n|-heal|p2a: Venusaur|188/272|[from] item: Leftovers\n|-heal|p1a: Gastrodon|201/331|[from] item: Leftovers\n|-damage|p1a: Gastrodon|160/331|[from] Leech Seed|[of] p2a: Venusaur\n|-heal|p2a: Venusaur|229/272|[silent]\n|upkeep\n|turn|44\n|\n|t:|1781385183\n|move|p2a: Venusaur|Substitute|p2a: Venusaur\n|-start|p2a: Venusaur|Substitute\n|-damage|p2a: Venusaur|161/272\n|move|p1a: Gastrodon|Recover|p1a: Gastrodon\n|-heal|p1a: Gastrodon|326/331\n|\n|-heal|p2a: Venusaur|178/272|[from] item: Leftovers\n|-heal|p1a: Gastrodon|331/331|[from] item: Leftovers\n|-damage|p1a: Gastrodon|290/331|[from] Leech Seed|[of] p2a: Venusaur\n|-heal|p2a: Venusaur|219/272|[silent]\n|upkeep\n|turn|45\n|\n|t:|1781385186\n|move|p2a: Venusaur|Sleep Powder|p1a: Gastrodon\n|-status|p1a: Gastrodon|slp|[from] move: Sleep Powder\n|cant|p1a: Gastrodon|slp\n|\n|-heal|p2a: Venusaur|236/272|[from] item: Leftovers\n|-heal|p1a: Gastrodon|310/331 slp|[from] item: Leftovers\n|-damage|p1a: Gastrodon|269/331 slp|[from] Leech Seed|[of] p2a: Venusaur\n|-heal|p2a: Venusaur|272/272|[silent]\n|upkeep\n|turn|46\n|\n|t:|1781385188\n|move|p2a: Venusaur|Sludge Bomb|p1a: Gastrodon\n|-resisted|p1a: Gastrodon\n|-damage|p1a: Gastrodon|223/331 slp\n|-curestatus|p1a: Gastrodon|slp|[msg]\n|move|p1a: Gastrodon|Earthquake|p2a: Venusaur\n|-end|p2a: Venusaur|Substitute\n|\n|-heal|p1a: Gastrodon|243/331|[from] item: Leftovers\n|-damage|p1a: Gastrodon|202/331|[from] Leech Seed|[of] p2a: Venusaur\n|upkeep\n|turn|47\n|\n|t:|1781385197\n|move|p2a: Venusaur|Sleep Powder|p1a: Gastrodon\n|-status|p1a: Gastrodon|slp|[from] move: Sleep Powder\n|cant|p1a: Gastrodon|slp\n|\n|-heal|p1a: Gastrodon|222/331 slp|[from] item: Leftovers\n|-damage|p1a: Gastrodon|181/331 slp|[from] Leech Seed|[of] p2a: Venusaur\n|upkeep\n|turn|48\n|\n|t:|1781385200\n|move|p2a: Venusaur|Sludge Bomb|p1a: Gastrodon\n|-resisted|p1a: Gastrodon\n|-damage|p1a: Gastrodon|135/331 slp\n|cant|p1a: Gastrodon|slp\n|\n|-heal|p1a: Gastrodon|155/331 slp|[from] item: Leftovers\n|-damage|p1a: Gastrodon|114/331 slp|[from] Leech Seed|[of] p2a: Venusaur\n|upkeep\n|turn|49\n|\n|t:|1781385209\n|move|p2a: Venusaur|Sludge Bomb|p1a: Gastrodon\n|-resisted|p1a: Gastrodon\n|-damage|p1a: Gastrodon|60/331 slp\n|-curestatus|p1a: Gastrodon|slp|[msg]\n|move|p1a: Gastrodon|Recover|p1a: Gastrodon\n|-heal|p1a: Gastrodon|226/331\n|\n|-heal|p1a: Gastrodon|246/331|[from] item: Leftovers\n|-damage|p1a: Gastrodon|205/331|[from] Leech Seed|[of] p2a: Venusaur\n|upkeep\n|turn|50\n|\n|t:|1781385216\n|move|p2a: Venusaur|Sleep Powder|p1a: Gastrodon\n|-status|p1a: Gastrodon|slp|[from] move: Sleep Powder\n|cant|p1a: Gastrodon|slp\n|\n|-heal|p1a: Gastrodon|225/331 slp|[from] item: Leftovers\n|-damage|p1a: Gastrodon|184/331 slp|[from] Leech Seed|[of] p2a: Venusaur\n|upkeep\n|turn|51\n|\n|t:|1781385219\n|move|p2a: Venusaur|Substitute|p2a: Venusaur\n|-start|p2a: Venusaur|Substitute\n|-damage|p2a: Venusaur|204/272\n|cant|p1a: Gastrodon|slp\n|\n|-heal|p2a: Venusaur|221/272|[from] item: Leftovers\n|-heal|p1a: Gastrodon|204/331 slp|[from] item: Leftovers\n|-damage|p1a: Gastrodon|163/331 slp|[from] Leech Seed|[of] p2a: Venusaur\n|-heal|p2a: Venusaur|262/272|[silent]\n|upkeep\n|turn|52\n|\n|t:|1781385222\n|move|p2a: Venusaur|Sludge Bomb|p1a: Gastrodon\n|-resisted|p1a: Gastrodon\n|-damage|p1a: Gastrodon|111/331 slp\n|cant|p1a: Gastrodon|slp\n|\n|-heal|p2a: Venusaur|272/272|[from] item: Leftovers\n|-heal|p1a: Gastrodon|131/331 slp|[from] item: Leftovers\n|-damage|p1a: Gastrodon|90/331 slp|[from] Leech Seed|[of] p2a: Venusaur\n|upkeep\n|turn|53\n|\n|t:|1781385228\n|move|p2a: Venusaur|Sludge Bomb|p1a: Gastrodon\n|-resisted|p1a: Gastrodon\n|-damage|p1a: Gastrodon|39/331 slp\n|-curestatus|p1a: Gastrodon|slp|[msg]\n|move|p1a: Gastrodon|Recover|p1a: Gastrodon\n|-heal|p1a: Gastrodon|205/331\n|\n|-heal|p1a: Gastrodon|225/331|[from] item: Leftovers\n|-damage|p1a: Gastrodon|184/331|[from] Leech Seed|[of] p2a: Venusaur\n|upkeep\n|turn|54\n|\n|t:|1781385233\n|move|p2a: Venusaur|Sleep Powder|p1a: Gastrodon\n|-status|p1a: Gastrodon|slp|[from] move: Sleep Powder\n|cant|p1a: Gastrodon|slp\n|\n|-heal|p1a: Gastrodon|204/331 slp|[from] item: Leftovers\n|-damage|p1a: Gastrodon|163/331 slp|[from] Leech Seed|[of] p2a: Venusaur\n|upkeep\n|turn|55\n|\n|t:|1781385237\n|move|p2a: Venusaur|Sludge Bomb|p1a: Gastrodon\n|-resisted|p1a: Gastrodon\n|-damage|p1a: Gastrodon|112/331 slp\n|cant|p1a: Gastrodon|slp\n|\n|-heal|p1a: Gastrodon|132/331 slp|[from] item: Leftovers\n|-damage|p1a: Gastrodon|91/331 slp|[from] Leech Seed|[of] p2a: Venusaur\n|upkeep\n|turn|56\n|\n|t:|1781385240\n|move|p2a: Venusaur|Sludge Bomb|p1a: Gastrodon\n|-resisted|p1a: Gastrodon\n|-damage|p1a: Gastrodon|40/331 slp\n|-curestatus|p1a: Gastrodon|slp|[msg]\n|move|p1a: Gastrodon|Recover|p1a: Gastrodon\n|-heal|p1a: Gastrodon|206/331\n|\n|-heal|p1a: Gastrodon|226/331|[from] item: Leftovers\n|-damage|p1a: Gastrodon|185/331|[from] Leech Seed|[of] p2a: Venusaur\n|upkeep\n|turn|57\n|\n|t:|1781385244\n|move|p2a: Venusaur|Leech Seed|p1a: Gastrodon|[miss]\n|-miss|p2a: Venusaur|p1a: Gastrodon\n|move|p1a: Gastrodon|Recover|p1a: Gastrodon\n|-heal|p1a: Gastrodon|331/331\n|\n|-damage|p1a: Gastrodon|290/331|[from] Leech Seed|[of] p2a: Venusaur\n|upkeep\n|turn|58\n|\n|t:|1781385248\n|move|p2a: Venusaur|Sleep Powder|p1a: Gastrodon\n|-status|p1a: Gastrodon|slp|[from] move: Sleep Powder\n|cant|p1a: Gastrodon|slp\n|\n|-heal|p1a: Gastrodon|310/331 slp|[from] item: Leftovers\n|-damage|p1a: Gastrodon|269/331 slp|[from] Leech Seed|[of] p2a: Venusaur\n|upkeep\n|turn|59\n|\n|t:|1781385252\n|move|p2a: Venusaur|Leech Seed||[still]\n|-fail|p2a: Venusaur\n|cant|p1a: Gastrodon|slp\n|\n|-heal|p1a: Gastrodon|289/331 slp|[from] item: Leftovers\n|-damage|p1a: Gastrodon|248/331 slp|[from] Leech Seed|[of] p2a: Venusaur\n|upkeep\n|turn|60\n|\n|t:|1781385255\n|move|p2a: Venusaur|Sludge Bomb|p1a: Gastrodon\n|-resisted|p1a: Gastrodon\n|-damage|p1a: Gastrodon|201/331 slp\n|-curestatus|p1a: Gastrodon|slp|[msg]\n|move|p1a: Gastrodon|Earthquake|p2a: Venusaur\n|-end|p2a: Venusaur|Substitute\n|\n|-heal|p1a: Gastrodon|221/331|[from] item: Leftovers\n|-damage|p1a: Gastrodon|180/331|[from] Leech Seed|[of] p2a: Venusaur\n|upkeep\n|turn|61\n|\n|t:|1781385261\n|move|p2a: Venusaur|Sleep Powder|p1a: Gastrodon\n|-status|p1a: Gastrodon|slp|[from] move: Sleep Powder\n|cant|p1a: Gastrodon|slp\n|\n|-heal|p1a: Gastrodon|200/331 slp|[from] item: Leftovers\n|-damage|p1a: Gastrodon|159/331 slp|[from] Leech Seed|[of] p2a: Venusaur\n|upkeep\n|turn|62\n|\n|t:|1781385264\n|move|p2a: Venusaur|Substitute|p2a: Venusaur\n|-start|p2a: Venusaur|Substitute\n|-damage|p2a: Venusaur|204/272\n|cant|p1a: Gastrodon|slp\n|\n|-heal|p2a: Venusaur|221/272|[from] item: Leftovers\n|-heal|p1a: Gastrodon|179/331 slp|[from] item: Leftovers\n|-damage|p1a: Gastrodon|138/331 slp|[from] Leech Seed|[of] p2a: Venusaur\n|-heal|p2a: Venusaur|262/272|[silent]\n|upkeep\n|turn|63\n|\n|t:|1781385268\n|move|p2a: Venusaur|Sludge Bomb|p1a: Gastrodon\n|-resisted|p1a: Gastrodon\n|-crit|p1a: Gastrodon\n|-damage|p1a: Gastrodon|69/331 slp\n|-curestatus|p1a: Gastrodon|slp|[msg]\n|move|p1a: Gastrodon|Recover|p1a: Gastrodon\n|-heal|p1a: Gastrodon|235/331\n|\n|-heal|p2a: Venusaur|272/272|[from] item: Leftovers\n|-heal|p1a: Gastrodon|255/331|[from] item: Leftovers\n|-damage|p1a: Gastrodon|214/331|[from] Leech Seed|[of] p2a: Venusaur\n|upkeep\n|turn|64\n|\n|t:|1781385273\n|move|p2a: Venusaur|Sleep Powder|p1a: Gastrodon|[miss]\n|-miss|p2a: Venusaur|p1a: Gastrodon\n|move|p1a: Gastrodon|Earthquake|p2a: Venusaur\n|-end|p2a: Venusaur|Substitute\n|\n|-heal|p1a: Gastrodon|234/331|[from] item: Leftovers\n|-damage|p1a: Gastrodon|193/331|[from] Leech Seed|[of] p2a: Venusaur\n|upkeep\n|turn|65\n|\n|t:|1781385277\n|move|p2a: Venusaur|Substitute|p2a: Venusaur\n|-start|p2a: Venusaur|Substitute\n|-damage|p2a: Venusaur|204/272\n|move|p1a: Gastrodon|Ice Beam|p2a: Venusaur\n|-resisted|p2a: Venusaur\n|-activate|p2a: Venusaur|move: Substitute|[damage]\n|\n|-heal|p2a: Venusaur|221/272|[from] item: Leftovers\n|-heal|p1a: Gastrodon|213/331|[from] item: Leftovers\n|-damage|p1a: Gastrodon|172/331|[from] Leech Seed|[of] p2a: Venusaur\n|-heal|p2a: Venusaur|262/272|[silent]\n|upkeep\n|turn|66\n|\n|t:|1781385279\n|move|p2a: Venusaur|Sleep Powder|p1a: Gastrodon\n|-status|p1a: Gastrodon|slp|[from] move: Sleep Powder\n|cant|p1a: Gastrodon|slp\n|\n|-heal|p2a: Venusaur|272/272|[from] item: Leftovers\n|-heal|p1a: Gastrodon|192/331 slp|[from] item: Leftovers\n|-damage|p1a: Gastrodon|151/331 slp|[from] Leech Seed|[of] p2a: Venusaur\n|upkeep\n|turn|67\n|\n|t:|1781385281\n|move|p2a: Venusaur|Sludge Bomb|p1a: Gastrodon\n|-resisted|p1a: Gastrodon\n|-damage|p1a: Gastrodon|97/331 slp\n|-curestatus|p1a: Gastrodon|slp|[msg]\n|move|p1a: Gastrodon|Recover|p1a: Gastrodon\n|-heal|p1a: Gastrodon|263/331\n|\n|-heal|p1a: Gastrodon|283/331|[from] item: Leftovers\n|-damage|p1a: Gastrodon|242/331|[from] Leech Seed|[of] p2a: Venusaur\n|upkeep\n|turn|68\n|\n|t:|1781385287\n|move|p2a: Venusaur|Sleep Powder|p1a: Gastrodon\n|-status|p1a: Gastrodon|slp|[from] move: Sleep Powder\n|cant|p1a: Gastrodon|slp\n|\n|-heal|p1a: Gastrodon|262/331 slp|[from] item: Leftovers\n|-damage|p1a: Gastrodon|221/331 slp|[from] Leech Seed|[of] p2a: Venusaur\n|upkeep\n|turn|69\n|-message|fortnitekid1212 forfeited.\n|\n|win|Zekromkicker\n", "inputlog": ">version a8376a258c1d4662feba110a92103f3664a72141\n>start {\"formatid\":\"gen9randombattle\",\"seed\":\"sodium,fbd559d9b980dcb33c9c5ba332ac51bf\",\"rated\":\"Rated battle\"}\n>player p1 {\"name\":\"fortnitekid1212\",\"avatar\":\"169\",\"rating\":1944,\"seed\":\"sodium,8df73c1adb2842679f1585df7de5441a\"}\n>player p2 {\"name\":\"Zekromkicker\",\"avatar\":\"rosa-masters\",\"rating\":2004,\"seed\":\"sodium,7fb9f973b937bca3f700464e471e40f6\"}\n>p1 switch 4\n>p2 move moonblast\n>p1 move willowisp\n>p2 move moonblast\n>p1 switch 3\n>p1 move darkpulse\n>p2 switch 2\n>p1 move calmmind\n>p2 move toxic\n>p1 move calmmind\n>p2 move substitute\n>p1 move rest\n>p2 move protect\n>p1 move terastarstorm\n>p2 move toxic\n>p1 move calmmind\n>p2 move protect\n>p1 move darkpulse\n>p2 move substitute\n>p1 move rest\n>p2 move protect\n>p1 move darkpulse\n>p2 switch 6\n>p1 move darkpulse\n>p2 move saltcure\n>p1 move darkpulse\n>p2 switch 6\n>p1 move darkpulse\n>p2 move substitute\n>p1 move darkpulse\n>p2 move substitute\n>p1 move darkpulse\n>p2 move protect\n>p1 move darkpulse\n>p2 move earthquake\n>p1 switch 5\n>p1 move surf\n>p2 move toxic\n>p2 switch 3\n>p1 switch 2\n>p2 move sleeppowder\n>p1 move psychicnoise\n>p2 switch 2\n>p1 move psychicnoise\n>p2 move calmmind\n>p1 move psychicnoise\n>p2 move moonlight\n>p1 switch 4\n>p2 move calmmind\n>p1 move clangoroussoul terastallize\n>p2 move moongeistbeam\n>p1 move ironhead\n>p2 move moongeistbeam\n>p1 move ironhead\n>p2 move moongeistbeam\n>p2 switch 4\n>p1 move clangingscales\n>p2 move leafblade\n>p2 switch 5\n>p1 move clangoroussoul\n>p2 move surf\n>chat \u2606fortnitekid1212|Wrong one lol\n>p1 switch 4\n>p1 move bodyslam\n>p2 move sludgebomb\n>p1 move bodyslam\n>p2 move sludgebomb\n>p1 move protect\n>p2 move sludgebomb\n>p1 move psychicnoise\n>p2 move sludgebomb\n>p2 switch 6\n>p1 move psychicnoise\n>p2 move saltcure\n>p1 move wish\n>p2 move stealthrock\n>p1 switch 2\n>p1 move surf\n>p2 move saltcure\n>p1 move tailglow\n>p2 move earthquake\n>p1 move surf\n>p2 move earthquake\n>p2 switch 2\n>p1 move icebeam\n>p2 move substitute terastallize\n>p1 switch 6\n>p1 move earthquake\n>p2 move leechseed\n>p1 move earthquake\n>p2 move sleeppowder\n>p1 move earthquake\n>p2 move sleeppowder\n>p1 move earthquake\n>p2 move substitute\n>p1 move earthquake\n>p2 move sludgebomb\n>p1 move recover\n>p2 move substitute\n>p1 move earthquake\n>p2 move sleeppowder\n>p1 move earthquake\n>p2 move sludgebomb\n>p1 move recover\n>p2 move sleeppowder\n>p1 move recover\n>p2 move sludgebomb\n>p1 move recover\n>p2 move sludgebomb\n>p1 move recover\n>p2 move sleeppowder\n>p1 move recover\n>p2 move substitute\n>p1 move recover\n>p2 move sludgebomb\n>p1 move recover\n>p2 move sludgebomb\n>p1 move recover\n>p2 move sleeppowder\n>p1 move recover\n>p2 move sludgebomb\n>p1 move recover\n>p2 move sludgebomb\n>p1 move recover\n>p2 move leechseed\n>p1 move earthquake\n>p2 move sleeppowder\n>p1 move earthquake\n>p2 move leechseed\n>p1 move earthquake\n>p2 move sludgebomb\n>p1 move recover\n>p2 move sleeppowder\n>p1 move recover\n>p2 move substitute\n>p1 move recover\n>p2 move sludgebomb\n>p1 move earthquake\n>p2 move sleeppowder\n>p1 move icebeam\n>p2 move substitute\n>p1 move earthquake\n>p2 move sleeppowder\n>p1 move recover\n>p2 move sludgebomb\n>p1 move earthquake\n>p2 move sleeppowder\n>forcelose p1", "uploadtime": 1781384685, "views": 12, "formatid": "gen9randombattle", "rating": null, "private": 0, "password": null, "player_dets": [{"name": "fortnitekid1212", "avatar": "169", "rating": 1944, "seed": "sodium,8df73c1adb2842679f1585df7de5441a"}, {"name": "Zekromkicker", "avatar": "rosa-masters", "rating": 2004, "seed": "sodium,7fb9f973b937bca3f700464e471e40f6"}], "teams_full": [{"Kommo-o": {"name": "Kommo-o", "species": "Kommo-o", "speciesId": "kommoo", "gender": "F", "shiny": false, "level": 78, "moves": ["clangingscales", "clangoroussoul", "ironhead", "drainpunch"], "ability": "Soundproof", "evs": {"hp": 85, "atk": 85, "def": 85, "spa": 85, "spd": 85, "spe": 85}, "ivs": {"hp": 31, "atk": 31, "def": 31, "spa": 31, "spd": 31, "spe": 31}, "item": "Throat Spray", "teraType": "Steel", "role": "Fast Bulky Setup", "bvs": {"hp": 75, "atk": 110, "def": 125, "spa": 100, "spd": 105, "spe": 85}, "stats": {"hp": 245, "atk": 217, "def": 240, "spa": 201, "spd": 209, "spe": 178}, "types": ["Dragon", "Fighting"]}, "Farigiraf": {"name": "Farigiraf", "species": "Farigiraf", "speciesId": "farigiraf", "gender": "M", "shiny": false, "level": 90, "moves": ["bodyslam", "protect", "wish", "psychicnoise"], "ability": "Sap Sipper", "evs": {"hp": 85, "atk": 85, "def": 85, "spa": 85, "spd": 85, "spe": 85}, "ivs": {"hp": 31, "atk": 31, "def": 31, "spa": 31, "spd": 31, "spe": 31}, "item": "Leftovers", "teraType": "Fairy", "role": "Bulky Support", "bvs": {"hp": 120, "atk": 90, "def": 70, "spa": 110, "spd": 70, "spe": 60}, "stats": {"hp": 362, "atk": 213, "def": 177, "spa": 249, "spd": 177, "spe": 159}, "types": ["Normal", "Psychic"]}, "Terapagos": {"name": "Terapagos", "species": "Terapagos", "speciesId": "terapagos", "gender": "F", "shiny": false, "level": 77, "moves": ["terastarstorm", "calmmind", "darkpulse", "rest"], "ability": "Tera Shift", "evs": {"hp": 85, "atk": 0, "def": 85, "spa": 85, "spd": 85, "spe": 85}, "ivs": {"hp": 31, "atk": 0, "def": 31, "spa": 31, "spd": 31, "spe": 31}, "item": "Chesto Berry", "teraType": "Stellar", "role": "Setup Sweeper", "bvs": {"hp": 90, "atk": 65, "def": 85, "spa": 65, "spd": 85, "spe": 60}, "stats": {"hp": 265, "atk": 105, "def": 175, "spa": 145, "spd": 175, "spe": 137}, "types": ["Normal"]}, "Sableye": {"name": "Sableye", "species": "Sableye", "speciesId": "sableye", "gender": "F", "shiny": false, "level": 88, "moves": ["knockoff", "encore", "recover", "willowisp"], "ability": "Prankster", "evs": {"hp": 85, "atk": 85, "def": 85, "spa": 85, "spd": 85, "spe": 85}, "ivs": {"hp": 31, "atk": 31, "def": 31, "spa": 31, "spd": 31, "spe": 31}, "item": "Leftovers", "teraType": "Steel", "role": "Bulky Support", "bvs": {"hp": 50, "atk": 75, "def": 75, "spa": 65, "spd": 65, "spe": 50}, "stats": {"hp": 231, "atk": 182, "def": 182, "spa": 165, "spd": 165, "spe": 138}, "types": ["Dark", "Ghost"]}, "Manaphy": {"name": "Manaphy", "species": "Manaphy", "speciesId": "manaphy", "gender": "N", "shiny": false, "level": 78, "moves": ["tailglow", "icebeam", "surf", "energyball"], "ability": "Hydration", "evs": {"hp": 85, "atk": 0, "def": 85, "spa": 85, "spd": 85, "spe": 85}, "ivs": {"hp": 31, "atk": 0, "def": 31, "spa": 31, "spd": 31, "spe": 31}, "item": "Leftovers", "teraType": "Grass", "role": "Bulky Setup", "bvs": {"hp": 100, "atk": 100, "def": 100, "spa": 100, "spd": 100, "spe": 100}, "stats": {"hp": 284, "atk": 161, "def": 201, "spa": 201, "spd": 201, "spe": 201}, "types": ["Water"]}, "Gastrodon": {"name": "Gastrodon", "species": "Gastrodon-East", "speciesId": "gastrodon", "gender": "F", "shiny": false, "level": 86, "moves": ["surf", "earthquake", "recover", "icebeam"], "ability": "Storm Drain", "evs": {"hp": 85, "atk": 85, "def": 85, "spa": 85, "spd": 85, "spe": 85}, "ivs": {"hp": 31, "atk": 31, "def": 31, "spa": 31, "spd": 31, "spe": 31}, "item": "Leftovers", "teraType": "Steel", "role": "Bulky Attacker", "bvs": {"hp": 111, "atk": 83, "def": 68, "spa": 92, "spd": 82, "spe": 39}, "stats": {"hp": 331, "atk": 192, "def": 166, "spa": 207, "spd": 190, "spe": 116}, "types": ["Water", "Ground"]}}, {"Lunala": {"name": "Lunala", "species": "Lunala", "speciesId": "lunala", "gender": "N", "shiny": false, "level": 70, "moves": ["calmmind", "moongeistbeam", "moonlight", "moonblast"], "ability": "Shadow Shield", "evs": {"hp": 85, "atk": 0, "def": 85, "spa": 85, "spd": 85, "spe": 85}, "ivs": {"hp": 31, "atk": 0, "def": 31, "spa": 31, "spd": 31, "spe": 31}, "item": "Leftovers", "teraType": "Fairy", "role": "Bulky Setup", "bvs": {"hp": 137, "atk": 113, "def": 89, "spa": 137, "spd": 107, "spe": 97}, "stats": {"hp": 308, "atk": 163, "def": 166, "spa": 233, "spd": 191, "spe": 177}, "types": ["Psychic", "Ghost"]}, "Gliscor": {"name": "Gliscor", "species": "Gliscor", "speciesId": "gliscor", "gender": "M", "shiny": false, "level": 76, "moves": ["protect", "earthquake", "toxic", "substitute"], "ability": "Poison Heal", "evs": {"hp": 85, "atk": 85, "def": 85, "spa": 85, "spd": 85, "spe": 85}, "ivs": {"hp": 31, "atk": 31, "def": 31, "spa": 31, "spd": 31, "spe": 31}, "item": "Toxic Orb", "teraType": "Water", "role": "Fast Support", "bvs": {"hp": 75, "atk": 95, "def": 125, "spa": 45, "spd": 75, "spe": 95}, "stats": {"hp": 239, "atk": 188, "def": 234, "spa": 112, "spd": 158, "spe": 188}, "types": ["Ground", "Flying"]}, "Venusaur": {"name": "Venusaur", "species": "Venusaur", "speciesId": "venusaur", "gender": "F", "shiny": false, "level": 84, "moves": ["sleeppowder", "sludgebomb", "substitute", "leechseed"], "ability": "Chlorophyll", "evs": {"hp": 85, "atk": 0, "def": 85, "spa": 85, "spd": 85, "spe": 85}, "ivs": {"hp": 31, "atk": 0, "def": 31, "spa": 31, "spd": 31, "spe": 31}, "item": "Leftovers", "teraType": "Water", "role": "Bulky Support", "bvs": {"hp": 80, "atk": 82, "def": 83, "spa": 100, "spd": 100, "spe": 80}, "stats": {"hp": 272, "atk": 142, "def": 188, "spa": 216, "spd": 216, "spe": 183}, "types": ["Grass", "Poison"]}, "Leafeon": {"name": "Leafeon", "species": "Leafeon", "speciesId": "leafeon", "gender": "F", "shiny": false, "level": 88, "moves": ["swordsdance", "substitute", "leafblade", "doubleedge"], "ability": "Chlorophyll", "evs": {"hp": 85, "atk": 85, "def": 85, "spa": 85, "spd": 85, "spe": 85}, "ivs": {"hp": 31, "atk": 31, "def": 31, "spa": 31, "spd": 31, "spe": 31}, "item": "Leftovers", "teraType": "Normal", "role": "Setup Sweeper", "bvs": {"hp": 65, "atk": 110, "def": 130, "spa": 60, "spd": 65, "spe": 95}, "stats": {"hp": 258, "atk": 244, "def": 279, "spa": 156, "spd": 165, "spe": 217}, "types": ["Grass"]}, "Tentacruel": {"name": "Tentacruel", "species": "Tentacruel", "speciesId": "tentacruel", "gender": "M", "shiny": false, "level": 84, "moves": ["sludgebomb", "toxicspikes", "rapidspin", "surf"], "ability": "Liquid Ooze", "evs": {"hp": 85, "atk": 85, "def": 85, "spa": 85, "spd": 85, "spe": 85}, "ivs": {"hp": 31, "atk": 31, "def": 31, "spa": 31, "spd": 31, "spe": 31}, "item": "Leftovers", "teraType": "Grass", "role": "Bulky Support", "bvs": {"hp": 80, "atk": 70, "def": 65, "spa": 80, "spd": 120, "spe": 100}, "stats": {"hp": 272, "atk": 166, "def": 157, "spa": 183, "spd": 250, "spe": 216}, "types": ["Water", "Poison"]}, "Garganacl": {"name": "Garganacl", "species": "Garganacl", "speciesId": "garganacl", "gender": "M", "shiny": false, "level": 80, "moves": ["earthquake", "recover", "stealthrock", "saltcure"], "ability": "Purifying Salt", "evs": {"hp": 85, "atk": 85, "def": 85, "spa": 85, "spd": 85, "spe": 85}, "ivs": {"hp": 31, "atk": 31, "def": 31, "spa": 31, "spd": 31, "spe": 31}, "item": "Leftovers", "teraType": "Ghost", "role": "Bulky Attacker", "bvs": {"hp": 100, "atk": 100, "def": 130, "spa": 45, "spd": 90, "spe": 35}, "stats": {"hp": 291, "atk": 206, "def": 254, "spa": 118, "spd": 190, "spe": 102}, "types": ["Rock"]}}]}