{"id": "gen9randombattle-2631421975", "format": "[Gen 9] Random Battle", "players": ["Gurry0ak", "PineappleCats"], "log": "|j|\u2606Gurry0ak\n|j|\u2606PineappleCats\n|t:|1781382692\n|gametype|singles\n|player|p1|Gurry0ak|blue|1907\n|player|p2|PineappleCats|giovanni|1907\n|gen|9\n|tier|[Gen 9] Random Battle\n|rated|\n|rule|Species Clause: Limit one of each Pok\u00e9mon\n|rule|HP Percentage Mod: HP is shown in percentages\n|rule|Sleep Clause Mod: Limit one foe put to sleep\n|rule|Illusion Level Mod: Illusion disguises the Pok\u00e9mon's true level\n|\n|t:|1781382692\n|teamsize|p1|6\n|teamsize|p2|6\n|start\n|switch|p1a: Toxtricity|Toxtricity, L82, F|257/257\n|switch|p2a: Sceptile|Sceptile, L87, M|264/264\n|turn|1\n|inactive|Battle timer is ON: inactive players will automatically lose when time's up. (requested by PineappleCats)\n|\n|t:|1781382714\n|move|p2a: Sceptile|Earthquake|p1a: Toxtricity\n|-supereffective|p1a: Toxtricity\n|-damage|p1a: Toxtricity|0 fnt\n|faint|p1a: Toxtricity\n|-damage|p2a: Sceptile|238/264|[from] item: Life Orb\n|\n|upkeep\n|\n|t:|1781382721\n|switch|p1a: Clefable|Clefable, L83, F|293/293\n|turn|2\n|\n|t:|1781382725\n|move|p2a: Sceptile|Shed Tail|p2a: Sceptile\n|-start|p2a: Sceptile|Substitute|[from] move: Shed Tail\n|-damage|p2a: Sceptile|106/264\n|\n|t:|1781382731\n|switch|p2a: Luvdisc|Luvdisc, M|247/247|[from] Shed Tail\n|move|p1a: Clefable|Fire Blast|p2a: Luvdisc\n|-resisted|p2a: Luvdisc\n|-activate|p2a: Luvdisc|move: Substitute|[damage]\n|\n|upkeep\n|turn|3\n|\n|t:|1781382742\n|switch|p1a: Regieleki|Regieleki, L79|256/256\n|move|p2a: Luvdisc|Surf|p1a: Regieleki\n|-damage|p1a: Regieleki|138/256\n|\n|upkeep\n|turn|4\n|\n|t:|1781382748\n|move|p1a: Regieleki|Thunderbolt|p2a: Luvdisc\n|-supereffective|p2a: Luvdisc\n|-end|p2a: Luvdisc|Substitute\n|move|p2a: Luvdisc|Substitute|p2a: Luvdisc\n|-start|p2a: Luvdisc|Substitute\n|-damage|p2a: Luvdisc|186/247\n|\n|upkeep\n|turn|5\n|\n|t:|1781382753\n|move|p1a: Regieleki|Thunderbolt|p2a: Luvdisc\n|-supereffective|p2a: Luvdisc\n|-end|p2a: Luvdisc|Substitute\n|move|p2a: Luvdisc|Flip Turn|p1a: Regieleki\n|-damage|p1a: Regieleki|71/256\n|\n|t:|1781382757\n|switch|p2a: Raging Bolt|Raging Bolt, L78|323/323|[from] Flip Turn\n|\n|upkeep\n|turn|6\n|\n|t:|1781382768\n|move|p2a: Raging Bolt|Thunderclap|p1a: Regieleki\n|-resisted|p1a: Regieleki\n|-damage|p1a: Regieleki|2/256\n|move|p1a: Regieleki|Explosion|p2a: Raging Bolt\n|-damage|p2a: Raging Bolt|167/323\n|faint|p1a: Regieleki\n|\n|-heal|p2a: Raging Bolt|187/323|[from] item: Leftovers\n|upkeep\n|\n|t:|1781382782\n|switch|p1a: Krookodile|Krookodile, L79, M|280/280\n|-ability|p1a: Krookodile|Intimidate|boost\n|-unboost|p2a: Raging Bolt|atk|1\n|turn|7\n|\n|t:|1781382787\n|-end|p2a: Raging Bolt|Protosynthesis|[silent]\n|switch|p2a: Cryogonal|Cryogonal, L89|287/287\n|move|p1a: Krookodile|Knock Off|p2a: Cryogonal\n|-damage|p2a: Cryogonal|136/287\n|-enditem|p2a: Cryogonal|Heavy-Duty Boots|[from] move: Knock Off|[of] p1a: Krookodile\n|\n|upkeep\n|turn|8\n|\n|t:|1781382798\n|switch|p1a: Klefki|Klefki, L84, M|233/233\n|move|p2a: Cryogonal|Ice Beam|p1a: Klefki\n|-resisted|p1a: Klefki\n|-damage|p1a: Klefki|184/233\n|\n|-heal|p1a: Klefki|198/233|[from] item: Leftovers\n|upkeep\n|turn|9\n|\n|t:|1781382805\n|switch|p2a: Raging Bolt|Raging Bolt, L78|187/323\n|move|p1a: Klefki|Spikes|p2a: Raging Bolt\n|-sidestart|p2: PineappleCats|Spikes\n|\n|-heal|p1a: Klefki|212/233|[from] item: Leftovers\n|-heal|p2a: Raging Bolt|207/323|[from] item: Leftovers\n|upkeep\n|turn|10\n|\n|t:|1781382809\n|move|p1a: Klefki|Play Rough|p2a: Raging Bolt\n|-supereffective|p2a: Raging Bolt\n|-damage|p2a: Raging Bolt|33/323\n|move|p2a: Raging Bolt|Thunderbolt|p1a: Klefki\n|-damage|p1a: Klefki|110/233\n|\n|-heal|p1a: Klefki|124/233|[from] item: Leftovers\n|-heal|p2a: Raging Bolt|53/323|[from] item: Leftovers\n|upkeep\n|turn|11\n|\n|t:|1781382817\n|move|p1a: Klefki|Spikes|p2a: Raging Bolt\n|-sidestart|p2: PineappleCats|Spikes\n|move|p2a: Raging Bolt|Thunderclap||[still]\n|-fail|p2a: Raging Bolt\n|\n|-heal|p1a: Klefki|138/233|[from] item: Leftovers\n|-heal|p2a: Raging Bolt|73/323|[from] item: Leftovers\n|upkeep\n|turn|12\n|\n|t:|1781382819\n|move|p2a: Raging Bolt|Thunderclap|p1a: Klefki\n|-damage|p1a: Klefki|57/233\n|move|p1a: Klefki|Play Rough|p2a: Raging Bolt\n|-supereffective|p2a: Raging Bolt\n|-damage|p2a: Raging Bolt|0 fnt\n|faint|p2a: Raging Bolt\n|-end|p2a: Raging Bolt|Protosynthesis|[silent]\n|\n|-heal|p1a: Klefki|71/233|[from] item: Leftovers\n|upkeep\n|\n|t:|1781382822\n|switch|p2a: Cryogonal|Cryogonal, L89|136/287\n|turn|13\n|\n|t:|1781382825\n|move|p1a: Klefki|Thunder Wave|p2a: Cryogonal\n|-status|p2a: Cryogonal|par\n|move|p2a: Cryogonal|Rapid Spin|p1a: Klefki\n|-resisted|p1a: Klefki\n|-damage|p1a: Klefki|59/233\n|-boost|p2a: Cryogonal|spe|1\n|-sideend|p2: PineappleCats|Spikes|[from] move: Rapid Spin|[of] p2a: Cryogonal\n|\n|-heal|p1a: Klefki|73/233|[from] item: Leftovers\n|upkeep\n|turn|14\n|\n|t:|1781382828\n|move|p1a: Klefki|Spikes|p2a: Cryogonal\n|-sidestart|p2: PineappleCats|Spikes\n|move|p2a: Cryogonal|Ice Beam|p1a: Klefki\n|-resisted|p1a: Klefki\n|-damage|p1a: Klefki|19/233\n|\n|-heal|p1a: Klefki|33/233|[from] item: Leftovers\n|upkeep\n|turn|15\n|\n|t:|1781382831\n|move|p2a: Cryogonal|Rapid Spin|p1a: Klefki\n|-resisted|p1a: Klefki\n|-damage|p1a: Klefki|21/233\n|-boost|p2a: Cryogonal|spe|1\n|-sideend|p2: PineappleCats|Spikes|[from] move: Rapid Spin|[of] p2a: Cryogonal\n|move|p1a: Klefki|Play Rough|p2a: Cryogonal\n|-damage|p2a: Cryogonal|24/287 par\n|\n|-heal|p1a: Klefki|35/233|[from] item: Leftovers\n|upkeep\n|turn|16\n|\n|t:|1781382835\n|move|p1a: Klefki|Spikes|p2a: Cryogonal\n|-sidestart|p2: PineappleCats|Spikes\n|move|p2a: Cryogonal|Ice Beam|p1a: Klefki\n|-resisted|p1a: Klefki\n|-damage|p1a: Klefki|0 fnt\n|faint|p1a: Klefki\n|\n|upkeep\n|\n|t:|1781382844\n|switch|p1a: Clefable|Clefable, L83, F|293/293\n|turn|17\n|\n|t:|1781382847\n|move|p2a: Cryogonal|Rapid Spin|p1a: Clefable\n|-damage|p1a: Clefable|262/293\n|-boost|p2a: Cryogonal|spe|1\n|-sideend|p2: PineappleCats|Spikes|[from] move: Rapid Spin|[of] p2a: Cryogonal\n|move|p1a: Clefable|Moonblast|p2a: Cryogonal\n|-damage|p2a: Cryogonal|0 fnt\n|faint|p2a: Cryogonal\n|\n|upkeep\n|\n|t:|1781382850\n|switch|p2a: Dedenne|Dedenne, L88, F|261/261\n|turn|18\n|\n|t:|1781382856\n|move|p2a: Dedenne|Super Fang|p1a: Clefable\n|-damage|p1a: Clefable|131/293\n|move|p1a: Clefable|Moonblast|p2a: Dedenne\n|-damage|p2a: Dedenne|104/261\n|-unboost|p2a: Dedenne|spa|1\n|-enditem|p2a: Dedenne|Sitrus Berry|[eat]\n|-heal|p2a: Dedenne|169/261|[from] item: Sitrus Berry\n|-heal|p2a: Dedenne|256/261|[from] ability: Cheek Pouch\n|\n|upkeep\n|turn|19\n|\n|t:|1781382860\n|move|p2a: Dedenne|U-turn|p1a: Clefable\n|-resisted|p1a: Clefable\n|-damage|p1a: Clefable|109/293\n|\n|t:|1781382863\n|switch|p2a: Luvdisc|Luvdisc, M|186/247|[from] U-turn\n|move|p1a: Clefable|Moonlight|p1a: Clefable\n|-heal|p1a: Clefable|255/293\n|\n|upkeep\n|turn|20\n|\n|t:|1781382889\n|move|p2a: Luvdisc|Substitute|p2a: Luvdisc\n|-start|p2a: Luvdisc|Substitute\n|-damage|p2a: Luvdisc|125/247\n|move|p1a: Clefable|Moonblast|p2a: Luvdisc\n|-end|p2a: Luvdisc|Substitute\n|\n|upkeep\n|turn|21\n|\n|t:|1781382905\n|move|p2a: Luvdisc|Substitute|p2a: Luvdisc\n|-start|p2a: Luvdisc|Substitute\n|-damage|p2a: Luvdisc|64/247\n|move|p1a: Clefable|Moonblast|p2a: Luvdisc\n|-end|p2a: Luvdisc|Substitute\n|\n|upkeep\n|turn|22\n|\n|t:|1781382913\n|move|p2a: Luvdisc|Substitute|p2a: Luvdisc\n|-start|p2a: Luvdisc|Substitute\n|-damage|p2a: Luvdisc|3/247\n|move|p1a: Clefable|Moonblast|p2a: Luvdisc\n|-end|p2a: Luvdisc|Substitute\n|\n|upkeep\n|turn|23\n|\n|t:|1781382917\n|move|p2a: Luvdisc|Endeavor|p1a: Clefable\n|-damage|p1a: Clefable|3/293\n|move|p1a: Clefable|Moonblast|p2a: Luvdisc\n|-damage|p2a: Luvdisc|0 fnt\n|faint|p2a: Luvdisc\n|\n|upkeep\n|\n|t:|1781382921\n|switch|p2a: Dedenne|Dedenne, L88, F|256/261\n|turn|24\n|\n|t:|1781382924\n|move|p2a: Dedenne|Dazzling Gleam|p1a: Clefable\n|-damage|p1a: Clefable|0 fnt\n|faint|p1a: Clefable\n|\n|upkeep\n|\n|t:|1781382926\n|switch|p1a: Krookodile|Krookodile, L79, M|280/280\n|-ability|p1a: Krookodile|Intimidate|boost\n|-unboost|p2a: Dedenne|atk|1\n|turn|25\n|\n|t:|1781382934\n|-terastallize|p1a: Krookodile|Poison\n|move|p2a: Dedenne|Dazzling Gleam|p1a: Krookodile\n|-resisted|p1a: Krookodile\n|-damage|p1a: Krookodile|231/280\n|move|p1a: Krookodile|Earthquake|p2a: Dedenne\n|-supereffective|p2a: Dedenne\n|-damage|p2a: Dedenne|0 fnt\n|faint|p2a: Dedenne\n|\n|-heal|p1a: Krookodile|248/280|[from] item: Leftovers\n|upkeep\n|\n|t:|1781382938\n|switch|p2a: Ditto|Ditto, L87|225/225\n|-transform|p2a: Ditto|p1a: Krookodile|[from] ability: Imposter\n|-ability|p2a: Ditto|Intimidate|boost\n|-unboost|p1a: Krookodile|atk|1\n|-start|p2a: Ditto|typechange|Ground/Dark|[silent]\n|turn|26\n|\n|t:|1781382942\n|switch|p1a: Masquerain|Masquerain, L87, F|264/264\n|-ability|p1a: Masquerain|Intimidate|boost\n|-unboost|p2a: Ditto|atk|1\n|move|p2a: Ditto|Earthquake|p1a: Masquerain\n|-immune|p1a: Masquerain\n|\n|upkeep\n|turn|27\n|\n|t:|1781382945\n|switch|p2a: Sceptile|Sceptile, L87, M|106/264\n|move|p1a: Masquerain|Sticky Web|p2a: Sceptile\n|-sidestart|p2: PineappleCats|move: Sticky Web\n|\n|upkeep\n|turn|28\n|\n|t:|1781382950\n|switch|p1a: Krookodile|Krookodile, L79, M, tera:Poison|248/280\n|-ability|p1a: Krookodile|Intimidate|boost\n|-unboost|p2a: Sceptile|atk|1\n|move|p2a: Sceptile|Rock Slide|p1a: Krookodile\n|-damage|p1a: Krookodile|193/280\n|-damage|p2a: Sceptile|80/264|[from] item: Life Orb\n|\n|-heal|p1a: Krookodile|210/280|[from] item: Leftovers\n|upkeep\n|turn|29\n|\n|t:|1781382957\n|move|p2a: Sceptile|Earthquake|p1a: Krookodile\n|-supereffective|p1a: Krookodile\n|-damage|p1a: Krookodile|72/280\n|-damage|p2a: Sceptile|54/264|[from] item: Life Orb\n|move|p1a: Krookodile|Knock Off|p2a: Sceptile\n|-damage|p2a: Sceptile|0 fnt\n|-enditem|p2a: Sceptile|Life Orb|[from] move: Knock Off|[of] p1a: Krookodile\n|faint|p2a: Sceptile\n|\n|-heal|p1a: Krookodile|89/280|[from] item: Leftovers\n|upkeep\n|\n|t:|1781382959\n|switch|p2a: Ditto|Ditto, L87|225/225\n|-activate|p2a: Ditto|move: Sticky Web\n|-unboost|p2a: Ditto|spe|1\n|-transform|p2a: Ditto|p1a: Krookodile|[from] ability: Imposter\n|-ability|p2a: Ditto|Intimidate|boost\n|-unboost|p1a: Krookodile|atk|1\n|turn|30\n|\n|t:|1781382966\n|switch|p1a: Masquerain|Masquerain, L87, F|264/264\n|-ability|p1a: Masquerain|Intimidate|boost\n|-unboost|p2a: Ditto|atk|1\n|move|p2a: Ditto|Knock Off|p1a: Masquerain\n|-damage|p1a: Masquerain|162/264\n|-enditem|p1a: Masquerain|Heavy-Duty Boots|[from] move: Knock Off|[of] p2a: Ditto\n|\n|upkeep\n|turn|31\n|\n|t:|1781382968\n|switch|p1a: Krookodile|Krookodile, L79, M, tera:Poison|89/280\n|-ability|p1a: Krookodile|Intimidate|boost\n|-unboost|p2a: Ditto|atk|1\n|move|p2a: Ditto|Knock Off|p1a: Krookodile\n|-damage|p1a: Krookodile|26/280\n|-enditem|p1a: Krookodile|Leftovers|[from] move: Knock Off|[of] p2a: Ditto\n|\n|upkeep\n|turn|32\n|\n|t:|1781382970\n|switch|p1a: Masquerain|Masquerain, L87, F|162/264\n|-ability|p1a: Masquerain|Intimidate|boost\n|-unboost|p2a: Ditto|atk|1\n|move|p2a: Ditto|Knock Off|p1a: Masquerain\n|-crit|p1a: Masquerain\n|-damage|p1a: Masquerain|11/264\n|\n|upkeep\n|turn|33\n|c|\u2606PineappleCats|gg\n|c|\u2606Gurry0ak|Crits r fun\n|inactive|Gurry0ak has 120 seconds left.\n|c|\u2606PineappleCats|yeah I feel ya\n|\n|t:|1781383001\n|move|p2a: Ditto|Knock Off|p1a: Masquerain\n|-damage|p1a: Masquerain|0 fnt\n|faint|p1a: Masquerain\n|\n|upkeep\n|\n|t:|1781383004\n|switch|p1a: Krookodile|Krookodile, L79, M, tera:Poison|26/280\n|-ability|p1a: Krookodile|Intimidate|boost\n|-unboost|p2a: Ditto|atk|1\n|turn|34\n|\n|t:|1781383011\n|move|p2a: Ditto|Knock Off|p1a: Krookodile\n|-damage|p1a: Krookodile|0 fnt\n|faint|p1a: Krookodile\n|\n|win|PineappleCats\n", "inputlog": ">version a8376a258c1d4662feba110a92103f3664a72141\n>start {\"formatid\":\"gen9randombattle\",\"seed\":\"sodium,a1bc90b13906197972c19ad316286101\",\"rated\":\"Rated battle\"}\n>player p1 {\"name\":\"Gurry0ak\",\"avatar\":\"blue\",\"rating\":1907,\"seed\":\"sodium,78da2000af43d9650a16e3692fcbe82d\"}\n>player p2 {\"name\":\"PineappleCats\",\"avatar\":\"giovanni\",\"rating\":1907,\"seed\":\"sodium,74be4f8d50cdd5064bb6089c832edf03\"}\n>p1 move boomburst\n>p2 move earthquake\n>p1 switch 3\n>p1 move fireblast\n>p2 move shedtail\n>p2 switch 4\n>p1 switch 6\n>p2 move surf\n>p1 move thunderbolt\n>p2 move substitute\n>p1 move thunderbolt\n>p2 move flipturn\n>p2 switch 5\n>p1 move explosion\n>p2 move thunderclap\n>p1 switch 5\n>p1 move knockoff\n>p2 switch 3\n>p1 switch 4\n>p2 move icebeam\n>p1 move spikes\n>p2 switch 3\n>p1 move playrough\n>p2 move thunderbolt\n>p1 move spikes\n>p2 move thunderclap\n>p1 move playrough\n>p2 move thunderclap\n>p2 switch 3\n>p1 move thunderwave\n>p2 move rapidspin\n>p1 move spikes\n>p2 move icebeam\n>p1 move playrough\n>p2 move rapidspin\n>p1 move spikes\n>p2 move icebeam\n>p1 switch 6\n>p1 move moonblast\n>p2 move rapidspin\n>p2 switch 6\n>p1 move moonblast\n>p2 move superfang\n>p1 move moonlight\n>p2 move uturn\n>p2 switch 5\n>p1 move moonblast\n>p2 move substitute\n>p1 move moonblast\n>p2 move substitute\n>p1 move moonblast\n>p2 move substitute\n>p1 move moonblast\n>p2 move endeavor\n>p2 switch 5\n>p1 move moonblast\n>p2 move dazzlinggleam\n>p1 switch 4\n>p1 move earthquake terastallize\n>p2 move dazzlinggleam\n>p2 switch 2\n>p1 switch 2\n>p2 move earthquake\n>p1 move stickyweb\n>p2 switch 4\n>p1 switch 2\n>p2 move rockslide\n>p1 move knockoff\n>p2 move earthquake\n>p2 switch 4\n>p1 switch 2\n>p2 move knockoff\n>p1 switch 2\n>p2 move knockoff\n>p1 switch 2\n>p2 move knockoff\n>chat \u2606PineappleCats|gg\n>chat \u2606Gurry0ak|Crits r fun\n>chat \u2606PineappleCats|yeah I feel ya\n>p1 move hydropump\n>p2 move knockoff\n>p1 switch 2\n>p1 move earthquake\n>p2 move knockoff", "uploadtime": 1781382695, "views": 15, "formatid": "gen9randombattle", "rating": null, "private": 0, "password": null}