{"id": "gen9randombattle-2631464178", "format": "[Gen 9] Random Battle", "players": ["FG00Tty", "chineseblackenman"], "log": "|j|\u2606FG00Tty\n|j|\u2606chineseblackenman\n|t:|1781387908\n|gametype|singles\n|player|p1|FG00Tty|102|1000\n|player|p2|chineseblackenman|biker|1040\n|gen|9\n|tier|[Gen 9] Random Battle\n|rated|\n|rule|Species Clause: Limit one of each Pok\u00e9mon\n|rule|HP Percentage Mod: HP is shown in percentages\n|rule|Sleep Clause Mod: Limit one foe put to sleep\n|rule|Illusion Level Mod: Illusion disguises the Pok\u00e9mon's true level\n|\n|t:|1781387908\n|teamsize|p1|6\n|teamsize|p2|6\n|start\n|switch|p1a: Chimecho|Chimecho, L93, M|290/290\n|switch|p2a: Mamoswine|Mamoswine, L81, M|311/311\n|turn|1\n|inactive|Battle timer is ON: inactive players will automatically lose when time's up. (requested by chineseblackenman)\n|\n|t:|1781387934\n|switch|p2a: Spidops|Spidops, L96, M|271/271\n|move|p1a: Chimecho|Cosmic Power|p1a: Chimecho\n|-boost|p1a: Chimecho|def|1\n|-boost|p1a: Chimecho|spd|1\n|\n|upkeep\n|turn|2\n|inactive|chineseblackenman has 120 seconds left.\n|\n|t:|1781387967\n|move|p1a: Chimecho|Cosmic Power|p1a: Chimecho\n|-boost|p1a: Chimecho|def|1\n|-boost|p1a: Chimecho|spd|1\n|move|p2a: Spidops|Circle Throw|p1a: Chimecho\n|-resisted|p1a: Chimecho\n|-damage|p1a: Chimecho|279/290\n|drag|p1a: Darkrai|Darkrai, L77|234/234\n|\n|upkeep\n|turn|3\n|\n|t:|1781387985\n|move|p1a: Darkrai|Substitute|p1a: Darkrai\n|-start|p1a: Darkrai|Substitute\n|-damage|p1a: Darkrai|176/234\n|move|p2a: Spidops|Sticky Web|p1a: Darkrai\n|-sidestart|p1: FG00Tty|move: Sticky Web\n|\n|-heal|p1a: Darkrai|190/234|[from] item: Leftovers\n|upkeep\n|turn|4\n|inactive|chineseblackenman has 120 seconds left.\n|\n|t:|1781388009\n|move|p1a: Darkrai|Nasty Plot|p1a: Darkrai\n|-boost|p1a: Darkrai|spa|2\n|move|p2a: Spidops|Toxic Spikes|p1a: Darkrai\n|-sidestart|p1: FG00Tty|move: Toxic Spikes\n|\n|-heal|p1a: Darkrai|204/234|[from] item: Leftovers\n|upkeep\n|turn|5\n|inactive|chineseblackenman has 120 seconds left.\n|\n|t:|1781388023\n|switch|p2a: Emboar|Emboar, L84, F|322/322\n|move|p1a: Darkrai|Sludge Bomb|p2a: Emboar\n|-damage|p2a: Emboar|211/322\n|\n|-heal|p1a: Darkrai|218/234|[from] item: Leftovers\n|upkeep\n|turn|6\n|inactive|chineseblackenman has 120 seconds left.\n|\n|t:|1781388038\n|move|p1a: Darkrai|Sludge Bomb|p2a: Emboar\n|-damage|p2a: Emboar|93/322\n|move|p2a: Emboar|Close Combat|p1a: Darkrai\n|-supereffective|p1a: Darkrai\n|-end|p1a: Darkrai|Substitute\n|-unboost|p2a: Emboar|def|1\n|-unboost|p2a: Emboar|spd|1\n|\n|-heal|p1a: Darkrai|232/234|[from] item: Leftovers\n|upkeep\n|turn|7\n|inactive|chineseblackenman has 120 seconds left.\n|\n|t:|1781388054\n|switch|p2a: Iron Hands|Iron Hands, L79|373/373\n|move|p1a: Darkrai|Sludge Bomb|p2a: Iron Hands\n|-damage|p2a: Iron Hands|263/373\n|-status|p2a: Iron Hands|psn\n|\n|-heal|p1a: Darkrai|234/234|[from] item: Leftovers\n|-damage|p2a: Iron Hands|217/373 psn|[from] psn\n|upkeep\n|turn|8\n|\n|t:|1781388067\n|move|p1a: Darkrai|Substitute|p1a: Darkrai\n|-start|p1a: Darkrai|Substitute\n|-damage|p1a: Darkrai|176/234\n|move|p2a: Iron Hands|Close Combat|p1a: Darkrai\n|-supereffective|p1a: Darkrai\n|-end|p1a: Darkrai|Substitute\n|-unboost|p2a: Iron Hands|def|1\n|-unboost|p2a: Iron Hands|spd|1\n|\n|-heal|p1a: Darkrai|190/234|[from] item: Leftovers\n|-damage|p2a: Iron Hands|171/373 psn|[from] psn\n|upkeep\n|turn|9\n|inactive|chineseblackenman has 120 seconds left.\n|\n|t:|1781388091\n|switch|p1a: Gliscor|Gliscor, L76, F|239/239\n|move|p2a: Iron Hands|Volt Switch|p1a: Gliscor\n|-immune|p1a: Gliscor\n|\n|-damage|p2a: Iron Hands|125/373 psn|[from] psn\n|-status|p1a: Gliscor|tox|[from] item: Toxic Orb\n|upkeep\n|turn|10\n|inactive|chineseblackenman has 120 seconds left.\n|\n|t:|1781388106\n|move|p1a: Gliscor|Earthquake|p2a: Iron Hands\n|-supereffective|p2a: Iron Hands\n|-damage|p2a: Iron Hands|0 fnt\n|faint|p2a: Iron Hands\n|-end|p2a: Iron Hands|Quark Drive|[silent]\n|\n|upkeep\n|inactive|chineseblackenman has 120 seconds left.\n|\n|t:|1781388113\n|switch|p2a: Clawitzer|Clawitzer, L87, F|265/265\n|turn|11\n|\n|t:|1781388125\n|move|p1a: Gliscor|Substitute|p1a: Gliscor\n|-start|p1a: Gliscor|Substitute\n|-damage|p1a: Gliscor|180/239 tox\n|move|p2a: Clawitzer|Water Pulse|p1a: Gliscor\n|-supereffective|p1a: Gliscor\n|-end|p1a: Gliscor|Substitute\n|\n|-heal|p1a: Gliscor|209/239 tox|[from] ability: Poison Heal\n|upkeep\n|turn|12\n|inactive|chineseblackenman has 120 seconds left.\n|\n|t:|1781388144\n|move|p1a: Gliscor|Protect|p1a: Gliscor\n|-singleturn|p1a: Gliscor|Protect\n|move|p2a: Clawitzer|Water Pulse|p1a: Gliscor\n|-activate|p1a: Gliscor|move: Protect\n|\n|-heal|p1a: Gliscor|238/239 tox|[from] ability: Poison Heal\n|upkeep\n|turn|13\n|inactive|FG00Tty has 120 seconds left.\n|\n|t:|1781388162\n|switch|p1a: Chimecho|Chimecho, L93, M|279/290\n|move|p2a: Clawitzer|Water Pulse|p1a: Chimecho\n|-damage|p1a: Chimecho|108/290\n|-start|p1a: Chimecho|confusion\n|\n|-heal|p1a: Chimecho|126/290|[from] item: Leftovers\n|upkeep\n|turn|14\n|inactive|FG00Tty has 120 seconds left.\n|\n|t:|1781388183\n|-activate|p1a: Chimecho|confusion\n|move|p1a: Chimecho|Recover|p1a: Chimecho\n|-heal|p1a: Chimecho|271/290\n|move|p2a: Clawitzer|Water Pulse|p1a: Chimecho\n|-damage|p1a: Chimecho|100/290\n|\n|-heal|p1a: Chimecho|118/290|[from] item: Leftovers\n|upkeep\n|turn|15\n|\n|t:|1781388195\n|switch|p1a: Walking Wake|Walking Wake, L79|286/286\n|-activate|p1a: Walking Wake|move: Sticky Web\n|-unboost|p1a: Walking Wake|spe|1\n|-status|p1a: Walking Wake|psn\n|move|p2a: Clawitzer|Water Pulse|p1a: Walking Wake\n|-resisted|p1a: Walking Wake\n|-damage|p1a: Walking Wake|235/286 psn\n|\n|-damage|p1a: Walking Wake|200/286 psn|[from] psn\n|upkeep\n|turn|16\n|inactive|chineseblackenman has 120 seconds left.\n|\n|t:|1781388221\n|switch|p2a: Emboar|Emboar, L84, F|93/322\n|move|p1a: Walking Wake|Draco Meteor|p2a: Emboar\n|-damage|p2a: Emboar|0 fnt\n|-unboost|p1a: Walking Wake|spa|2\n|faint|p2a: Emboar\n|\n|-damage|p1a: Walking Wake|165/286 psn|[from] psn\n|upkeep\n|inactive|chineseblackenman has 120 seconds left.\n|\n|t:|1781388242\n|switch|p2a: Clawitzer|Clawitzer, L87, F|265/265\n|turn|17\n|\n|t:|1781388261\n|move|p2a: Clawitzer|Dragon Pulse|p1a: Walking Wake\n|-supereffective|p1a: Walking Wake\n|-damage|p1a: Walking Wake|0 fnt\n|faint|p1a: Walking Wake\n|-end|p1a: Walking Wake|Protosynthesis|[silent]\n|\n|upkeep\n|\n|t:|1781388274\n|switch|p1a: Iron Thorns|Iron Thorns, L83|302/302\n|-activate|p1a: Iron Thorns|move: Sticky Web\n|-unboost|p1a: Iron Thorns|spe|1\n|-status|p1a: Iron Thorns|psn\n|-enditem|p1a: Iron Thorns|Booster Energy\n|-activate|p1a: Iron Thorns|ability: Quark Drive|[fromitem]\n|-start|p1a: Iron Thorns|quarkdriveatk\n|turn|18\n|inactive|chineseblackenman has 120 seconds left.\n|\n|t:|1781388289\n|switch|p2a: Mamoswine|Mamoswine, L81, M|311/311\n|move|p1a: Iron Thorns|Wild Charge|p2a: Mamoswine\n|-immune|p2a: Mamoswine\n|\n|-damage|p1a: Iron Thorns|265/302 psn|[from] psn\n|upkeep\n|turn|19\n|\n|t:|1781388302\n|-end|p1a: Iron Thorns|Quark Drive|[silent]\n|switch|p1a: Gliscor|Gliscor, L76, F|238/239 tox\n|move|p2a: Mamoswine|Earthquake|p1a: Gliscor\n|-immune|p1a: Gliscor\n|\n|-heal|p1a: Gliscor|239/239 tox|[from] ability: Poison Heal\n|upkeep\n|turn|20\n|\n|t:|1781388315\n|move|p2a: Mamoswine|Ice Shard|p1a: Gliscor\n|-supereffective|p1a: Gliscor\n|-damage|p1a: Gliscor|5/239 tox\n|-damage|p2a: Mamoswine|280/311|[from] item: Life Orb\n|move|p1a: Gliscor|Substitute|p1a: Gliscor\n|-fail|p1a: Gliscor|move: Substitute|[weak]\n|\n|-heal|p1a: Gliscor|34/239 tox|[from] ability: Poison Heal\n|upkeep\n|turn|21\n|\n|t:|1781388326\n|move|p2a: Mamoswine|Ice Shard|p1a: Gliscor\n|-supereffective|p1a: Gliscor\n|-damage|p1a: Gliscor|0 fnt\n|faint|p1a: Gliscor\n|-damage|p2a: Mamoswine|249/311|[from] item: Life Orb\n|\n|upkeep\n|inactive|FG00Tty has 90 seconds left.\n|\n|t:|1781388356\n|switch|p1a: Chimecho|Chimecho, L93, M|118/290\n|turn|22\n|\n|t:|1781388370\n|move|p2a: Mamoswine|Icicle Crash|p1a: Chimecho\n|-damage|p1a: Chimecho|0 fnt\n|faint|p1a: Chimecho\n|-damage|p2a: Mamoswine|218/311|[from] item: Life Orb\n|\n|upkeep\n|\n|t:|1781388383\n|switch|p1a: Vigoroth|Vigoroth, L85, M|275/275\n|-activate|p1a: Vigoroth|move: Sticky Web\n|-unboost|p1a: Vigoroth|spe|1\n|-status|p1a: Vigoroth|psn\n|turn|23\n|\n|t:|1781388392\n|move|p2a: Mamoswine|Stealth Rock|p1a: Vigoroth\n|-sidestart|p1: FG00Tty|move: Stealth Rock\n|move|p1a: Vigoroth|Bulk Up|p1a: Vigoroth\n|-boost|p1a: Vigoroth|atk|1\n|-boost|p1a: Vigoroth|def|1\n|\n|-damage|p1a: Vigoroth|241/275 psn|[from] psn\n|upkeep\n|turn|24\n|\n|t:|1781388403\n|switch|p2a: Amoonguss|Amoonguss, L82, M|321/321\n|move|p1a: Vigoroth|Bulk Up|p1a: Vigoroth\n|-boost|p1a: Vigoroth|atk|1\n|-boost|p1a: Vigoroth|def|1\n|\n|-damage|p1a: Vigoroth|207/275 psn|[from] psn\n|upkeep\n|turn|25\n|\n|t:|1781388417\n|move|p1a: Vigoroth|Body Slam|p2a: Amoonguss\n|-damage|p2a: Amoonguss|123/321\n|move|p2a: Amoonguss|Giga Drain|p1a: Vigoroth\n|-damage|p1a: Vigoroth|140/275 psn\n|-heal|p2a: Amoonguss|157/321|[from] drain|[of] p1a: Vigoroth\n|\n|-heal|p2a: Amoonguss|177/321|[from] item: Leftovers\n|-damage|p1a: Vigoroth|106/275 psn|[from] psn\n|upkeep\n|turn|26\n|\n|t:|1781388428\n|move|p1a: Vigoroth|Earthquake|p2a: Amoonguss\n|-damage|p2a: Amoonguss|25/321\n|move|p2a: Amoonguss|Giga Drain|p1a: Vigoroth\n|-damage|p1a: Vigoroth|46/275 psn\n|-heal|p2a: Amoonguss|55/321|[from] drain|[of] p1a: Vigoroth\n|\n|-heal|p2a: Amoonguss|75/321|[from] item: Leftovers\n|-damage|p1a: Vigoroth|12/275 psn|[from] psn\n|upkeep\n|turn|27\n|\n|t:|1781388439\n|switch|p2a: Spidops|Spidops, L96, M|271/271\n|move|p1a: Vigoroth|Slack Off|p1a: Vigoroth\n|-heal|p1a: Vigoroth|150/275 psn\n|\n|-damage|p1a: Vigoroth|116/275 psn|[from] psn\n|upkeep\n|turn|28\n|\n|t:|1781388463\n|move|p1a: Vigoroth|Slack Off|p1a: Vigoroth\n|-heal|p1a: Vigoroth|254/275 psn\n|move|p2a: Spidops|Knock Off|p1a: Vigoroth\n|-damage|p1a: Vigoroth|226/275 psn\n|-enditem|p1a: Vigoroth|Eviolite|[from] move: Knock Off|[of] p2a: Spidops\n|\n|-damage|p1a: Vigoroth|192/275 psn|[from] psn\n|upkeep\n|turn|29\n|\n|t:|1781388475\n|move|p1a: Vigoroth|Body Slam|p2a: Spidops\n|-damage|p2a: Spidops|133/271\n|move|p2a: Spidops|Toxic Spikes|p1a: Vigoroth\n|-sidestart|p1: FG00Tty|move: Toxic Spikes\n|\n|-damage|p1a: Vigoroth|158/275 psn|[from] psn\n|upkeep\n|turn|30\n|\n|t:|1781388487\n|-terastallize|p2a: Spidops|Ghost\n|move|p1a: Vigoroth|Body Slam|p2a: Spidops\n|-immune|p2a: Spidops\n|move|p2a: Spidops|Circle Throw|p1a: Vigoroth\n|-supereffective|p1a: Vigoroth\n|-damage|p1a: Vigoroth|106/275 psn\n|drag|p1a: Darkrai|Darkrai, L77|190/234\n|-activate|p1a: Darkrai|move: Sticky Web\n|-unboost|p1a: Darkrai|spe|1\n|-status|p1a: Darkrai|tox\n|-damage|p1a: Darkrai|161/234 tox|[from] Stealth Rock\n|\n|-heal|p1a: Darkrai|175/234 tox|[from] item: Leftovers\n|-damage|p1a: Darkrai|161/234 tox|[from] psn\n|upkeep\n|turn|31\n|inactive|FG00Tty has 60 seconds left.\n|\n|t:|1781388520\n|move|p1a: Darkrai|Dark Pulse|p2a: Spidops\n|-supereffective|p2a: Spidops\n|-damage|p2a: Spidops|0 fnt\n|faint|p2a: Spidops\n|\n|-heal|p1a: Darkrai|175/234 tox|[from] item: Leftovers\n|-damage|p1a: Darkrai|147/234 tox|[from] psn\n|upkeep\n|\n|t:|1781388527\n|switch|p2a: Mamoswine|Mamoswine, L81, M|218/311\n|turn|32\n|inactive|FG00Tty has 60 seconds left.\n|\n|t:|1781388549\n|switch|p1a: Iron Thorns|Iron Thorns, L83|265/302 psn\n|-activate|p1a: Iron Thorns|move: Sticky Web\n|-unboost|p1a: Iron Thorns|spe|1\n|-damage|p1a: Iron Thorns|228/302 psn|[from] Stealth Rock\n|move|p2a: Mamoswine|Ice Shard|p1a: Iron Thorns\n|-damage|p1a: Iron Thorns|176/302 psn\n|-damage|p2a: Mamoswine|187/311|[from] item: Life Orb\n|\n|-damage|p1a: Iron Thorns|139/302 psn|[from] psn\n|upkeep\n|turn|33\n|\n|t:|1781388573\n|move|p2a: Mamoswine|Earthquake|p1a: Iron Thorns\n|-supereffective|p1a: Iron Thorns\n|-damage|p1a: Iron Thorns|0 fnt\n|faint|p1a: Iron Thorns\n|-end|p1a: Iron Thorns|Quark Drive|[silent]\n|-damage|p2a: Mamoswine|156/311|[from] item: Life Orb\n|\n|upkeep\n|inactive|FG00Tty has 30 seconds left.\n|\n|t:|1781388587\n|switch|p1a: Vigoroth|Vigoroth, L85, M|106/275 psn\n|-activate|p1a: Vigoroth|move: Sticky Web\n|-unboost|p1a: Vigoroth|spe|1\n|-damage|p1a: Vigoroth|72/275 psn|[from] Stealth Rock\n|turn|34\n|\n|t:|1781388593\n|move|p2a: Mamoswine|Ice Shard|p1a: Vigoroth\n|-damage|p1a: Vigoroth|4/275 psn\n|-damage|p2a: Mamoswine|125/311|[from] item: Life Orb\n|move|p1a: Vigoroth|Slack Off|p1a: Vigoroth\n|-heal|p1a: Vigoroth|142/275 psn\n|\n|-damage|p1a: Vigoroth|108/275 psn|[from] psn\n|upkeep\n|turn|35\n|\n|t:|1781388608\n|move|p2a: Mamoswine|Earthquake|p1a: Vigoroth\n|-damage|p1a: Vigoroth|0 fnt\n|faint|p1a: Vigoroth\n|-damage|p2a: Mamoswine|94/311|[from] item: Life Orb\n|\n|upkeep\n|-message|FG00Tty forfeited.\n|\n|win|chineseblackenman\n|raw|FG00Tty's rating: 1000 &rarr; <strong>1000</strong><br />(+0 for losing)\n|raw|chineseblackenman's rating: 1040 &rarr; <strong>1070</strong><br />(+30 for winning)\n|l|\u2606FG00Tty\n|player|p1|\n", "inputlog": ">version a8376a258c1d4662feba110a92103f3664a72141\n>start {\"formatid\":\"gen9randombattle\",\"seed\":\"sodium,d886d1918cbc929dd06a6794131e0e73\",\"rated\":\"Rated battle\"}\n>player p1 {\"name\":\"FG00Tty\",\"avatar\":\"102\",\"rating\":1000,\"seed\":\"sodium,5da2267287b63c1be93f901371c345e8\"}\n>player p2 {\"name\":\"chineseblackenman\",\"avatar\":\"biker\",\"rating\":1040,\"seed\":\"sodium,2ce3c1527d5557038eb9ab3c0b978750\"}\n>p1 move cosmicpower\n>p2 switch 6\n>p1 move cosmicpower\n>p2 move circlethrow\n>p1 move substitute\n>p2 move stickyweb\n>p1 move nastyplot\n>p2 move toxicspikes\n>p1 move sludgebomb\n>p2 switch 2\n>p1 move sludgebomb\n>p2 move closecombat\n>p1 move sludgebomb\n>p2 switch 3\n>p1 move substitute\n>p2 move closecombat\n>p1 switch 5\n>p2 move voltswitch\n>p1 move earthquake\n>p2 move icepunch\n>p2 switch 4\n>p1 move substitute\n>p2 move waterpulse\n>p1 move protect\n>p2 move waterpulse\n>p1 switch 4\n>p2 move waterpulse\n>p1 move recover\n>p2 move waterpulse\n>p1 switch 2\n>p2 move waterpulse\n>p1 move dracometeor\n>p2 switch 3\n>p2 switch 3\n>p1 move dracometeor\n>p2 move dragonpulse\n>p1 switch 6\n>p1 move wildcharge\n>p2 switch 6\n>p1 switch 4\n>p2 move earthquake\n>p1 move substitute\n>p2 move iceshard\n>p1 move toxic\n>p2 move iceshard\n>p1 switch 2\n>p1 move recover\n>p2 move iciclecrash\n>p1 switch 3\n>p1 move bulkup\n>p2 move stealthrock\n>p1 move bulkup\n>p2 switch 5\n>p1 move bodyslam\n>p2 move gigadrain\n>p1 move earthquake\n>p2 move gigadrain\n>p1 move slackoff\n>p2 switch 2\n>p1 move slackoff\n>p2 move knockoff\n>p1 move bodyslam\n>p2 move toxicspikes\n>p1 move bodyslam\n>p2 move circlethrow terastallize\n>p1 move darkpulse\n>p2 move knockoff\n>p2 switch 5\n>p1 switch 4\n>p2 move iceshard\n>p1 move stoneedge\n>p2 move earthquake\n>p1 switch 5\n>p1 move slackoff\n>p2 move iceshard\n>p1 move slackoff\n>p2 move earthquake\n>forcelose p1", "uploadtime": 1781388623, "views": 4, "formatid": "gen9randombattle", "rating": 1000, "private": 0, "password": null}