{"id": "gen9randombattle-2631778171", "format": "[Gen 9] Random Battle", "players": ["vCreeze", "danmoses"], "log": "|j|\u2606vCreeze\n|j|\u2606danmoses\n|t:|1781438214\n|gametype|singles\n|player|p1|vCreeze|marnie-masters|1978\n|player|p2|danmoses|whitney|1919\n|gen|9\n|tier|[Gen 9] Random Battle\n|rated|\n|rule|Species Clause: Limit one of each Pok\u00e9mon\n|rule|HP Percentage Mod: HP is shown in percentages\n|rule|Sleep Clause Mod: Limit one foe put to sleep\n|rule|Illusion Level Mod: Illusion disguises the Pok\u00e9mon's true level\n|\n|t:|1781438214\n|teamsize|p1|6\n|teamsize|p2|6\n|start\n|switch|p1a: Mewtwo|Mewtwo, L72|272/272\n|switch|p2a: Iron Moth|Iron Moth, L78|253/253\n|-ability|p1a: Mewtwo|Pressure\n|turn|1\n|inactive|Battle timer is ON: inactive players will automatically lose when time's up. (requested by danmoses)\n|\n|t:|1781438232\n|-end|p2a: Iron Moth|Quark Drive|[silent]\n|switch|p2a: Chi-Yu|Chi-Yu, L77|211/211\n|-ability|p2a: Chi-Yu|Beads of Ruin\n|move|p1a: Mewtwo|Nasty Plot|p1a: Mewtwo\n|-boost|p1a: Mewtwo|spa|2\n|\n|upkeep\n|turn|2\n|\n|t:|1781438256\n|switch|p1a: Incineroar|Incineroar, L82, M|290/290\n|-ability|p1a: Incineroar|Intimidate|boost\n|-unboost|p2a: Chi-Yu|atk|1\n|move|p2a: Chi-Yu|Nasty Plot|p2a: Chi-Yu\n|-boost|p2a: Chi-Yu|spa|2\n|\n|upkeep\n|turn|3\n|\n|t:|1781438266\n|move|p2a: Chi-Yu|Fire Blast|p1a: Incineroar\n|-resisted|p1a: Incineroar\n|-damage|p1a: Incineroar|129/290\n|move|p1a: Incineroar|Trailblaze|p2a: Chi-Yu\n|-resisted|p2a: Chi-Yu\n|-damage|p2a: Chi-Yu|188/211\n|-boost|p1a: Incineroar|spe|1\n|\n|upkeep\n|turn|4\n|\n|t:|1781438280\n|move|p1a: Incineroar|Knock Off|p2a: Chi-Yu\n|-resisted|p2a: Chi-Yu\n|-damage|p2a: Chi-Yu|129/211\n|-enditem|p2a: Chi-Yu|Heavy-Duty Boots|[from] move: Knock Off|[of] p1a: Incineroar\n|move|p2a: Chi-Yu|Fire Blast|p1a: Incineroar\n|-resisted|p1a: Incineroar\n|-damage|p1a: Incineroar|0 fnt\n|faint|p1a: Incineroar\n|\n|upkeep\n|\n|t:|1781438288\n|switch|p1a: Electivire|Electivire, L84, F|263/263\n|turn|5\n|\n|t:|1781438301\n|switch|p2a: Salamence|Salamence, L77, F|273/273\n|-ability|p2a: Salamence|Intimidate|boost\n|-unboost|p1a: Electivire|atk|1\n|move|p1a: Electivire|Earthquake|p2a: Salamence\n|-immune|p2a: Salamence\n|\n|upkeep\n|turn|6\n|\n|t:|1781438322\n|switch|p2a: Iron Moth|Iron Moth, L78|253/253\n|move|p1a: Electivire|Ice Punch|p2a: Iron Moth\n|-resisted|p2a: Iron Moth\n|-damage|p2a: Iron Moth|217/253\n|-damage|p1a: Electivire|237/263|[from] item: Life Orb\n|\n|upkeep\n|turn|7\n|\n|t:|1781438333\n|-end|p2a: Iron Moth|Quark Drive|[silent]\n|switch|p2a: Salamence|Salamence, L77, F|273/273\n|-ability|p2a: Salamence|Intimidate|boost\n|-unboost|p1a: Electivire|atk|1\n|switch|p1a: Basculegion|Basculegion-F, L83, F|335/335\n|\n|upkeep\n|turn|8\n|\n|t:|1781438347\n|switch|p2a: Iron Moth|Iron Moth, L78|217/253\n|move|p1a: Basculegion|Ice Beam|p2a: Iron Moth\n|-resisted|p2a: Iron Moth\n|-damage|p2a: Iron Moth|173/253\n|-status|p2a: Iron Moth|frz\n|\n|upkeep\n|turn|9\n|\n|t:|1781438356\n|switch|p1a: Feraligatr|Feraligatr, L79, M|264/264\n|cant|p2a: Iron Moth|frz\n|\n|upkeep\n|turn|10\n|\n|t:|1781438362\n|cant|p2a: Iron Moth|frz\n|move|p1a: Feraligatr|Dragon Dance|p1a: Feraligatr\n|-boost|p1a: Feraligatr|atk|1\n|-boost|p1a: Feraligatr|spe|1\n|\n|upkeep\n|turn|11\n|\n|t:|1781438365\n|move|p1a: Feraligatr|Dragon Dance|p1a: Feraligatr\n|-boost|p1a: Feraligatr|atk|1\n|-boost|p1a: Feraligatr|spe|1\n|cant|p2a: Iron Moth|frz\n|\n|upkeep\n|turn|12\n|\n|t:|1781438367\n|move|p1a: Feraligatr|Dragon Dance|p1a: Feraligatr\n|-boost|p1a: Feraligatr|atk|1\n|-boost|p1a: Feraligatr|spe|1\n|-curestatus|p2a: Iron Moth|frz|[msg]\n|move|p2a: Iron Moth|Sludge Wave|p1a: Feraligatr\n|-damage|p1a: Feraligatr|131/264\n|-status|p1a: Feraligatr|psn\n|\n|-damage|p1a: Feraligatr|98/264 psn|[from] psn\n|upkeep\n|turn|13\n|\n|t:|1781438377\n|-end|p2a: Iron Moth|Quark Drive|[silent]\n|switch|p2a: Salamence|Salamence, L77, F|273/273\n|-ability|p2a: Salamence|Intimidate|boost\n|-unboost|p1a: Feraligatr|atk|1\n|move|p1a: Feraligatr|Crunch|p2a: Salamence\n|-damage|p2a: Salamence|64/273\n|\n|-damage|p1a: Feraligatr|65/264 psn|[from] psn\n|upkeep\n|turn|14\n|\n|t:|1781438389\n|move|p1a: Feraligatr|Liquidation|p2a: Salamence\n|-resisted|p2a: Salamence\n|-damage|p2a: Salamence|0 fnt\n|faint|p2a: Salamence\n|\n|-damage|p1a: Feraligatr|32/264 psn|[from] psn\n|upkeep\n|\n|t:|1781438397\n|switch|p2a: Mimikyu|Mimikyu, L79, M|216/216\n|turn|15\n|\n|t:|1781438399\n|move|p2a: Mimikyu|Shadow Sneak|p1a: Feraligatr\n|-damage|p1a: Feraligatr|0 fnt\n|faint|p1a: Feraligatr\n|-damage|p2a: Mimikyu|195/216|[from] item: Life Orb\n|\n|upkeep\n|\n|t:|1781438409\n|switch|p1a: Electivire|Electivire, L84, F|237/263\n|turn|16\n|\n|t:|1781438429\n|move|p1a: Electivire|Earthquake|p2a: Mimikyu\n|-activate|p2a: Mimikyu|ability: Disguise\n|-damage|p2a: Mimikyu|195/216\n|detailschange|p2a: Mimikyu|Mimikyu-Busted, L79, M\n|-damage|p2a: Mimikyu|168/216|[from] pokemon: Mimikyu-Busted\n|-damage|p1a: Electivire|211/263|[from] item: Life Orb\n|move|p2a: Mimikyu|Swords Dance|p2a: Mimikyu\n|-boost|p2a: Mimikyu|atk|2\n|\n|upkeep\n|turn|17\n|\n|t:|1781438438\n|move|p1a: Electivire|Supercell Slam|p2a: Mimikyu\n|-damage|p2a: Mimikyu|0 fnt\n|faint|p2a: Mimikyu\n|-damage|p1a: Electivire|185/263|[from] item: Life Orb\n|\n|upkeep\n|\n|t:|1781438445\n|switch|p2a: Iron Moth|Iron Moth, L78|173/253\n|turn|18\n|\n|t:|1781438453\n|move|p2a: Iron Moth|Sludge Wave|p1a: Electivire\n|-damage|p1a: Electivire|58/263\n|move|p1a: Electivire|Earthquake|p2a: Iron Moth\n|-supereffective|p2a: Iron Moth\n|-damage|p2a: Iron Moth|0 fnt\n|faint|p2a: Iron Moth\n|-end|p2a: Iron Moth|Quark Drive|[silent]\n|-damage|p1a: Electivire|32/263|[from] item: Life Orb\n|\n|upkeep\n|\n|t:|1781438460\n|switch|p2a: Spectrier|Spectrier, L75|274/274\n|turn|19\n|\n|t:|1781438478\n|move|p2a: Spectrier|Shadow Ball|p1a: Electivire\n|-damage|p1a: Electivire|0 fnt\n|faint|p1a: Electivire\n|-ability|p2a: Spectrier|Grim Neigh|boost\n|-boost|p2a: Spectrier|spa|1\n|-damage|p2a: Spectrier|247/274|[from] item: Life Orb\n|\n|upkeep\n|\n|t:|1781438486\n|switch|p1a: Basculegion|Basculegion-F, L83, F|335/335\n|turn|20\n|j| MeantMage\n|\n|t:|1781438500\n|-terastallize|p1a: Basculegion|Water\n|move|p2a: Spectrier|Shadow Ball|p1a: Basculegion\n|-damage|p1a: Basculegion|136/335\n|-damage|p2a: Spectrier|220/274|[from] item: Life Orb\n|move|p1a: Basculegion|Hydro Pump|p2a: Spectrier\n|-damage|p2a: Spectrier|0 fnt\n|faint|p2a: Spectrier\n|\n|upkeep\n|\n|t:|1781438512\n|switch|p2a: Kingambit|Kingambit, L74, M|270/270\n|-activate|p2a: Kingambit|ability: Supreme Overlord\n|-start|p2a: Kingambit|fallen4|[silent]\n|turn|21\n|\n|t:|1781438517\n|move|p1a: Basculegion|Hydro Pump|p2a: Kingambit\n|-damage|p2a: Kingambit|0 fnt\n|faint|p2a: Kingambit\n|-end|p2a: Kingambit|fallen4|[silent]\n|\n|upkeep\n|\n|t:|1781438530\n|switch|p2a: Chi-Yu|Chi-Yu, L77|129/211\n|-ability|p2a: Chi-Yu|Beads of Ruin\n|turn|22\n|\n|t:|1781438537\n|move|p2a: Chi-Yu|Dark Pulse|p1a: Basculegion\n|-damage|p1a: Basculegion|6/335\n|move|p1a: Basculegion|Hydro Pump|p2a: Chi-Yu\n|-supereffective|p2a: Chi-Yu\n|-damage|p2a: Chi-Yu|0 fnt\n|faint|p2a: Chi-Yu\n|\n|win|vCreeze\n", "inputlog": ">version a8376a258c1d4662feba110a92103f3664a72141\n>start {\"formatid\":\"gen9randombattle\",\"seed\":\"sodium,f63e55b9e0aee0d03196ffc708ac3938\",\"rated\":\"Rated battle\"}\n>player p1 {\"name\":\"vCreeze\",\"avatar\":\"marnie-masters\",\"rating\":1978,\"seed\":\"sodium,cf20f2d8a217b3b798dce4d2b145dfc8\"}\n>player p2 {\"name\":\"danmoses\",\"avatar\":\"whitney\",\"rating\":1919,\"seed\":\"sodium,060d24a8eac55c062f3c533708b42bfd\"}\n>p1 move nastyplot\n>p2 switch 3\n>p1 switch 3\n>p2 move nastyplot\n>p1 move trailblaze\n>p2 move fireblast\n>p1 move knockoff\n>p2 move fireblast\n>p1 switch 4\n>p1 move earthquake\n>p2 switch 2\n>p1 move icepunch\n>p2 switch 3\n>p1 switch 2\n>p2 switch 3\n>p1 move icebeam\n>p2 switch 3\n>p1 switch 6\n>p2 move fierydance\n>p1 move dragondance\n>p2 move sludgewave\n>p1 move dragondance\n>p2 move sludgewave\n>p1 move dragondance\n>p2 move sludgewave\n>p1 move crunch\n>p2 switch 3\n>p1 move liquidation\n>p2 move earthquake\n>p2 switch 6\n>p1 move liquidation\n>p2 move shadowsneak\n>p1 switch 2\n>p1 move earthquake\n>p2 move swordsdance\n>p1 move supercellslam\n>p2 move playrough\n>p2 switch 3\n>p1 move earthquake\n>p2 move sludgewave\n>p2 switch 5\n>p1 move supercellslam\n>p2 move shadowball\n>p1 switch 6\n>p1 move hydropump terastallize\n>p2 move shadowball\n>p2 switch 4\n>p1 move hydropump\n>p2 move swordsdance\n>p2 switch 2\n>p1 move hydropump\n>p2 move darkpulse", "uploadtime": 1781438216, "views": 8, "formatid": "gen9randombattle", "rating": null, "private": 0, "password": null}