{"id": "gen9randombattle-2631933482", "format": "[Gen 9] Random Battle", "players": ["Son of Sandslash", "Mitchel531"], "log": "|j|\u2606Son of Sandslash\n|j|\u2606Mitchel531\n|t:|1781457196\n|gametype|singles\n|player|p1|Son of Sandslash|102|2020\n|player|p2|Mitchel531|102|1999\n|gen|9\n|tier|[Gen 9] Random Battle\n|rated|\n|rule|Species Clause: Limit one of each Pok\u00e9mon\n|rule|HP Percentage Mod: HP is shown in percentages\n|rule|Sleep Clause Mod: Limit one foe put to sleep\n|rule|Illusion Level Mod: Illusion disguises the Pok\u00e9mon's true level\n|\n|t:|1781457196\n|teamsize|p1|6\n|teamsize|p2|6\n|start\n|switch|p1a: Skuntank|Skuntank, L84, F|310/310\n|switch|p2a: Solgaleo|Solgaleo, L74|325/325\n|turn|1\n|\n|t:|1781457223\n|switch|p2a: Magmortar|Magmortar, L88, M|275/275\n|move|p1a: Skuntank|Knock Off|p2a: Magmortar\n|-damage|p2a: Magmortar|152/275\n|-status|p1a: Skuntank|brn|[from] ability: Flame Body|[of] p2a: Magmortar\n|-enditem|p2a: Magmortar|Heavy-Duty Boots|[from] move: Knock Off|[of] p1a: Skuntank\n|\n|-damage|p1a: Skuntank|291/310 brn|[from] brn\n|upkeep\n|turn|2\n|inactive|Battle timer is ON: inactive players will automatically lose when time's up. (requested by Mitchel531)\n|\n|t:|1781457242\n|switch|p1a: Arceus|Arceus-Dragon, L71|288/288\n|move|p2a: Magmortar|Fire Blast|p1a: Arceus\n|-resisted|p1a: Arceus\n|-damage|p1a: Arceus|213/288\n|\n|upkeep\n|turn|3\n|\n|t:|1781457253\n|move|p1a: Arceus|Dragon Dance|p1a: Arceus\n|-boost|p1a: Arceus|atk|1\n|-boost|p1a: Arceus|spe|1\n|move|p2a: Magmortar|Will-O-Wisp|p1a: Arceus\n|-status|p1a: Arceus|brn\n|\n|-damage|p1a: Arceus|195/288 brn|[from] brn\n|upkeep\n|turn|4\n|\n|t:|1781457261\n|move|p1a: Arceus|Dragon Dance|p1a: Arceus\n|-boost|p1a: Arceus|atk|1\n|-boost|p1a: Arceus|spe|1\n|move|p2a: Magmortar|Focus Blast|p1a: Arceus|[miss]\n|-miss|p2a: Magmortar|p1a: Arceus\n|\n|-damage|p1a: Arceus|177/288 brn|[from] brn\n|upkeep\n|turn|5\n|\n|t:|1781457269\n|move|p1a: Arceus|Outrage|p2a: Magmortar\n|-damage|p2a: Magmortar|2/275\n|move|p2a: Magmortar|Focus Blast|p1a: Arceus\n|-damage|p1a: Arceus|73/288 brn\n|\n|-damage|p1a: Arceus|55/288 brn|[from] brn\n|upkeep\n|turn|6\n|\n|t:|1781457278\n|move|p1a: Arceus|Outrage|p2a: Magmortar|[from] lockedmove\n|-damage|p2a: Magmortar|0 fnt\n|faint|p2a: Magmortar\n|-start|p1a: Arceus|confusion|[fatigue]\n|\n|-damage|p1a: Arceus|37/288 brn|[from] brn\n|upkeep\n|inactive|Mitchel531 has 120 seconds left.\n|\n|t:|1781457308\n|switch|p2a: Bellossom|Bellossom, L84, M|263/263\n|turn|7\n|\n|t:|1781457338\n|switch|p1a: Venusaur|Venusaur, L84, M|272/272\n|move|p2a: Bellossom|Quiver Dance|p2a: Bellossom\n|-boost|p2a: Bellossom|spa|1\n|-boost|p2a: Bellossom|spd|1\n|-boost|p2a: Bellossom|spe|1\n|\n|upkeep\n|turn|8\n|\n|t:|1781457351\n|-terastallize|p2a: Bellossom|Fire\n|move|p2a: Bellossom|Quiver Dance|p2a: Bellossom\n|-boost|p2a: Bellossom|spa|1\n|-boost|p2a: Bellossom|spd|1\n|-boost|p2a: Bellossom|spe|1\n|move|p1a: Venusaur|Sludge Bomb|p2a: Bellossom\n|-damage|p2a: Bellossom|215/263\n|\n|-heal|p2a: Bellossom|231/263|[from] item: Leftovers\n|upkeep\n|turn|9\n|\n|t:|1781457366\n|switch|p1a: Arceus|Arceus-Dragon, L71|37/288 brn\n|move|p2a: Bellossom|Tera Blast|p1a: Arceus|[anim] Tera Blast Fire\n|-resisted|p1a: Arceus\n|-damage|p1a: Arceus|0 fnt\n|faint|p1a: Arceus\n|\n|-heal|p2a: Bellossom|247/263|[from] item: Leftovers\n|upkeep\n|inactive|Son of Sandslash has 120 seconds left.\n|\n|t:|1781457402\n|switch|p1a: Skuntank|Skuntank, L84, F|291/310 brn\n|turn|10\n|\n|t:|1781457408\n|move|p2a: Bellossom|Strength Sap|p1a: Skuntank\n|-unboost|p1a: Skuntank|atk|1\n|-heal|p2a: Bellossom|263/263\n|move|p1a: Skuntank|Knock Off|p2a: Bellossom\n|-damage|p2a: Bellossom|233/263\n|-enditem|p2a: Bellossom|Leftovers|[from] move: Knock Off|[of] p1a: Skuntank\n|\n|-damage|p1a: Skuntank|272/310 brn|[from] brn\n|upkeep\n|turn|11\n|\n|t:|1781457417\n|move|p2a: Bellossom|Quiver Dance|p2a: Bellossom\n|-boost|p2a: Bellossom|spa|1\n|-boost|p2a: Bellossom|spd|1\n|-boost|p2a: Bellossom|spe|1\n|move|p1a: Skuntank|Gunk Shot|p2a: Bellossom\n|-damage|p2a: Bellossom|194/263\n|\n|-damage|p1a: Skuntank|253/310 brn|[from] brn\n|upkeep\n|turn|12\n|\n|t:|1781457425\n|move|p2a: Bellossom|Quiver Dance|p2a: Bellossom\n|-boost|p2a: Bellossom|spa|1\n|-boost|p2a: Bellossom|spd|1\n|-boost|p2a: Bellossom|spe|1\n|move|p1a: Skuntank|Gunk Shot|p2a: Bellossom\n|-damage|p2a: Bellossom|155/263\n|-status|p2a: Bellossom|psn\n|\n|-damage|p2a: Bellossom|123/263 psn|[from] psn\n|-damage|p1a: Skuntank|234/310 brn|[from] brn\n|upkeep\n|turn|13\n|inactive|Son of Sandslash has 120 seconds left.\n|\n|t:|1781457443\n|move|p2a: Bellossom|Strength Sap|p1a: Skuntank\n|-unboost|p1a: Skuntank|atk|1\n|-heal|p2a: Bellossom|259/263 psn\n|move|p1a: Skuntank|Gunk Shot|p2a: Bellossom\n|-damage|p2a: Bellossom|230/263 psn\n|\n|-damage|p2a: Bellossom|198/263 psn|[from] psn\n|-damage|p1a: Skuntank|215/310 brn|[from] brn\n|upkeep\n|turn|14\n|\n|t:|1781457454\n|move|p2a: Bellossom|Tera Blast|p1a: Skuntank|[anim] Tera Blast Fire\n|-damage|p1a: Skuntank|10/310 brn\n|move|p1a: Skuntank|Gunk Shot|p2a: Bellossom\n|-damage|p2a: Bellossom|170/263 psn\n|\n|-damage|p2a: Bellossom|138/263 psn|[from] psn\n|-damage|p1a: Skuntank|0 fnt|[from] brn\n|faint|p1a: Skuntank\n|upkeep\n|\n|t:|1781457472\n|switch|p1a: Bastiodon|Bastiodon, L89, M|252/252\n|turn|15\n|\n|t:|1781457480\n|move|p2a: Bellossom|Giga Drain|p1a: Bastiodon\n|-damage|p1a: Bastiodon|105/252\n|-heal|p2a: Bellossom|212/263 psn|[from] drain|[of] p1a: Bastiodon\n|move|p1a: Bastiodon|Body Press|p2a: Bellossom\n|-damage|p2a: Bellossom|117/263 psn\n|\n|-damage|p2a: Bellossom|85/263 psn|[from] psn\n|upkeep\n|turn|16\n|\n|t:|1781457492\n|switch|p1a: Venusaur|Venusaur, L84, M|272/272\n|move|p2a: Bellossom|Giga Drain|p1a: Venusaur\n|-resisted|p1a: Venusaur\n|-damage|p1a: Venusaur|224/272\n|-heal|p2a: Bellossom|109/263 psn|[from] drain|[of] p1a: Venusaur\n|\n|-heal|p1a: Venusaur|241/272|[from] item: Leftovers\n|-damage|p2a: Bellossom|77/263 psn|[from] psn\n|upkeep\n|turn|17\n|\n|t:|1781457510\n|move|p2a: Bellossom|Strength Sap|p1a: Venusaur\n|-unboost|p1a: Venusaur|atk|1\n|-heal|p2a: Bellossom|263/263 psn\n|move|p1a: Venusaur|Sludge Bomb|p2a: Bellossom\n|-damage|p2a: Bellossom|230/263 psn\n|\n|-heal|p1a: Venusaur|258/272|[from] item: Leftovers\n|-damage|p2a: Bellossom|198/263 psn|[from] psn\n|upkeep\n|turn|18\n|-message|Son of Sandslash forfeited.\n|\n|win|Mitchel531\n", "inputlog": ">version a8376a258c1d4662feba110a92103f3664a72141\n>start {\"formatid\":\"gen9randombattle\",\"seed\":\"sodium,ca50a7ee00d6932ce4a34c0b109b4d10\",\"rated\":\"Rated battle\"}\n>player p1 {\"name\":\"Son of Sandslash\",\"avatar\":\"102\",\"rating\":2020,\"seed\":\"sodium,6eebb610b4cc82d9f7fe0ab287776e3b\"}\n>player p2 {\"name\":\"Mitchel531\",\"avatar\":\"102\",\"rating\":1999,\"seed\":\"sodium,3ddefd081de263215a7397d7ab0aa85e\"}\n>p1 move knockoff\n>p2 switch 2\n>p1 switch 3\n>p2 move fireblast\n>p1 move dragondance\n>p2 move willowisp\n>p1 move dragondance\n>p2 move focusblast\n>p1 move outrage\n>p2 move focusblast\n>p1 move outrage\n>p2 move thunderbolt\n>p2 switch 3\n>p1 switch 2\n>p2 move quiverdance\n>p1 move sludgebomb\n>p2 move quiverdance terastallize\n>p1 switch 2\n>p2 move terablast\n>p1 switch 3\n>p1 move knockoff\n>p2 move strengthsap\n>p1 move gunkshot\n>p2 move quiverdance\n>p1 move gunkshot\n>p2 move quiverdance\n>p1 move gunkshot\n>p2 move strengthsap\n>p1 move gunkshot\n>p2 move terablast\n>p1 switch 4\n>p1 move bodypress\n>p2 move gigadrain\n>p1 switch 2\n>p2 move gigadrain\n>p1 move sludgebomb\n>p2 move strengthsap\n>forcelose p1", "uploadtime": 1781457198, "views": 7, "formatid": "gen9randombattle", "rating": null, "private": 0, "password": null}