{"id": "gen9randombattle-2631483552", "format": "[Gen 9] Random Battle", "players": ["TheOldTimers", "Alexspitzcharles"], "log": "|j|\u2606TheOldTimers\n|j|\u2606Alexspitzcharles\n|t:|1781390710\n|gametype|singles\n|player|p1|TheOldTimers|li|1908\n|player|p2|Alexspitzcharles|170|1916\n|gen|9\n|tier|[Gen 9] Random Battle\n|rated|\n|rule|Species Clause: Limit one of each Pok\u00e9mon\n|rule|HP Percentage Mod: HP is shown in percentages\n|rule|Sleep Clause Mod: Limit one foe put to sleep\n|rule|Illusion Level Mod: Illusion disguises the Pok\u00e9mon's true level\n|\n|t:|1781390710\n|teamsize|p1|6\n|teamsize|p2|6\n|start\n|switch|p1a: Garchomp|Garchomp, L74, M|282/282\n|switch|p2a: Brambleghast|Brambleghast, L88, F|240/240\n|turn|1\n|\n|t:|1781390719\n|switch|p1a: Heatran|Heatran, L79, M|273/273\n|-item|p1a: Heatran|Air Balloon\n|move|p2a: Brambleghast|Leech Seed|p1a: Heatran\n|-start|p1a: Heatran|move: Leech Seed\n|\n|-damage|p1a: Heatran|239/273|[from] Leech Seed|[of] p2a: Brambleghast\n|upkeep\n|turn|2\n|\n|t:|1781390733\n|switch|p1a: Garchomp|Garchomp, L74, M|282/282\n|move|p2a: Brambleghast|Substitute|p2a: Brambleghast\n|-start|p2a: Brambleghast|Substitute\n|-damage|p2a: Brambleghast|180/240\n|\n|-heal|p2a: Brambleghast|195/240|[from] item: Leftovers\n|upkeep\n|turn|3\n|\n|t:|1781390753\n|move|p2a: Brambleghast|Leech Seed|p1a: Garchomp\n|-start|p1a: Garchomp|move: Leech Seed\n|move|p1a: Garchomp|Scale Shot|p2a: Brambleghast\n|-activate|p2a: Brambleghast|move: Substitute|[damage]\n|-end|p2a: Brambleghast|Substitute\n|-damage|p2a: Brambleghast|164/240\n|-damage|p2a: Brambleghast|136/240\n|-damage|p2a: Brambleghast|105/240\n|-hitcount|p2a: Brambleghast|5\n|-unboost|p1a: Garchomp|def|1\n|-boost|p1a: Garchomp|spe|1\n|\n|-heal|p2a: Brambleghast|120/240|[from] item: Leftovers\n|-damage|p1a: Garchomp|247/282|[from] Leech Seed|[of] p2a: Brambleghast\n|-heal|p2a: Brambleghast|155/240|[silent]\n|upkeep\n|turn|4\n|\n|t:|1781390756\n|move|p1a: Garchomp|Scale Shot|p2a: Brambleghast\n|-damage|p2a: Brambleghast|125/240\n|-damage|p2a: Brambleghast|94/240\n|-damage|p2a: Brambleghast|60/240\n|-damage|p2a: Brambleghast|32/240\n|-damage|p2a: Brambleghast|0 fnt\n|faint|p2a: Brambleghast\n|-hitcount|p2: Brambleghast|5\n|-unboost|p1a: Garchomp|def|1\n|-boost|p1a: Garchomp|spe|1\n|\n|upkeep\n|\n|t:|1781390773\n|switch|p2a: Lapras|Lapras, L87, F|368/368\n|turn|5\n|\n|t:|1781390783\n|move|p1a: Garchomp|Scale Shot|p2a: Lapras\n|-damage|p2a: Lapras|341/368\n|-damage|p2a: Lapras|313/368\n|-damage|p2a: Lapras|285/368\n|-damage|p2a: Lapras|258/368\n|-damage|p2a: Lapras|231/368\n|-hitcount|p2a: Lapras|5\n|-unboost|p1a: Garchomp|def|1\n|-boost|p1a: Garchomp|spe|1\n|move|p2a: Lapras|Freeze-Dry|p1a: Garchomp\n|-supereffective|p1a: Garchomp\n|-damage|p1a: Garchomp|0 fnt\n|faint|p1a: Garchomp\n|\n|upkeep\n|\n|t:|1781390786\n|switch|p1a: Hitmontop|Hitmontop, L88, M|231/231\n|turn|6\n|\n|t:|1781390798\n|switch|p2a: Masquerain|Masquerain, L87, M|264/264\n|-ability|p2a: Masquerain|Intimidate|boost\n|-unboost|p1a: Hitmontop|atk|1\n|move|p1a: Hitmontop|Bulk Up|p1a: Hitmontop\n|-boost|p1a: Hitmontop|atk|1\n|-boost|p1a: Hitmontop|def|1\n|\n|upkeep\n|turn|7\n|\n|t:|1781390804\n|-terastallize|p1a: Hitmontop|Ice\n|move|p2a: Masquerain|Quiver Dance|p2a: Masquerain\n|-boost|p2a: Masquerain|spa|1\n|-boost|p2a: Masquerain|spd|1\n|-boost|p2a: Masquerain|spe|1\n|move|p1a: Hitmontop|Bulk Up|p1a: Hitmontop\n|-boost|p1a: Hitmontop|atk|1\n|-boost|p1a: Hitmontop|def|1\n|\n|upkeep\n|turn|8\n|\n|t:|1781390821\n|move|p2a: Masquerain|Bug Buzz|p1a: Hitmontop\n|-damage|p1a: Hitmontop|105/231\n|move|p1a: Hitmontop|Rapid Spin|p2a: Masquerain\n|-damage|p2a: Masquerain|165/264\n|-boost|p1a: Hitmontop|spe|1\n|\n|-heal|p1a: Hitmontop|119/231|[from] item: Leftovers\n|upkeep\n|turn|9\n|\n|t:|1781390829\n|move|p2a: Masquerain|Quiver Dance|p2a: Masquerain\n|-boost|p2a: Masquerain|spa|1\n|-boost|p2a: Masquerain|spd|1\n|-boost|p2a: Masquerain|spe|1\n|move|p1a: Hitmontop|Triple Axel|p2a: Masquerain\n|-supereffective|p2a: Masquerain\n|-damage|p2a: Masquerain|33/264\n|-supereffective|p2a: Masquerain\n|-damage|p2a: Masquerain|0 fnt\n|faint|p2a: Masquerain\n|-hitcount|p2: Masquerain|2\n|\n|-heal|p1a: Hitmontop|133/231|[from] item: Leftovers\n|upkeep\n|\n|t:|1781390839\n|switch|p2a: Pelipper|Pelipper, L86, M|243/243\n|-weather|RainDance|[from] ability: Drizzle|[of] p2a: Pelipper\n|turn|10\n|\n|t:|1781390846\n|move|p1a: Hitmontop|Triple Axel|p2a: Pelipper\n|-damage|p2a: Pelipper|195/243\n|-damage|p2a: Pelipper|105/243\n|-damage|p2a: Pelipper|0 fnt\n|faint|p2a: Pelipper\n|-hitcount|p2: Pelipper|3\n|\n|-weather|RainDance|[upkeep]\n|-heal|p1a: Hitmontop|147/231|[from] item: Leftovers\n|upkeep\n|\n|t:|1781390850\n|switch|p2a: Banette|Banette, L93, F|270/270\n|turn|11\n|\n|t:|1781390865\n|move|p1a: Hitmontop|Triple Axel|p2a: Banette\n|-damage|p2a: Banette|210/270\n|-hitcount|p2a: Banette|1\n|move|p2a: Banette|Poltergeist|p1a: Hitmontop\n|-activate|p1a: Hitmontop|move: Poltergeist|Leftovers\n|-damage|p1a: Hitmontop|48/231\n|-damage|p2a: Banette|183/270|[from] item: Life Orb\n|\n|-weather|RainDance|[upkeep]\n|-heal|p1a: Hitmontop|62/231|[from] item: Leftovers\n|upkeep\n|turn|12\n|\n|t:|1781390887\n|move|p1a: Hitmontop|Triple Axel|p2a: Banette\n|-damage|p2a: Banette|122/270\n|-damage|p2a: Banette|7/270\n|-damage|p2a: Banette|0 fnt\n|faint|p2a: Banette\n|-hitcount|p2: Banette|3\n|\n|-weather|RainDance|[upkeep]\n|-heal|p1a: Hitmontop|76/231|[from] item: Leftovers\n|upkeep\n|\n|t:|1781390895\n|switch|p2a: Arceus|Arceus-Fighting, L70|284/284\n|turn|13\n|\n|t:|1781390899\n|move|p1a: Hitmontop|Close Combat|p2a: Arceus\n|-damage|p2a: Arceus|92/284\n|-unboost|p1a: Hitmontop|def|1\n|-unboost|p1a: Hitmontop|spd|1\n|move|p2a: Arceus|Body Press|p1a: Hitmontop\n|-supereffective|p1a: Hitmontop\n|-damage|p1a: Hitmontop|0 fnt\n|faint|p1a: Hitmontop\n|\n|-weather|RainDance|[upkeep]\n|upkeep\n|\n|t:|1781390904\n|switch|p1a: Cloyster|Cloyster, L80, M|211/211\n|turn|14\n|\n|t:|1781390924\n|move|p2a: Arceus|Recover|p2a: Arceus\n|-heal|p2a: Arceus|234/284\n|move|p1a: Cloyster|Shell Smash|p1a: Cloyster\n|-unboost|p1a: Cloyster|def|1\n|-unboost|p1a: Cloyster|spd|1\n|-boost|p1a: Cloyster|atk|2\n|-boost|p1a: Cloyster|spa|2\n|-boost|p1a: Cloyster|spe|2\n|-enditem|p1a: Cloyster|White Herb\n|-clearnegativeboost|p1a: Cloyster|[silent]\n|\n|-weather|none\n|upkeep\n|turn|15\n|\n|t:|1781390930\n|-terastallize|p2a: Arceus|Steel\n|move|p1a: Cloyster|Icicle Spear|p2a: Arceus\n|-resisted|p2a: Arceus\n|-damage|p2a: Arceus|212/284\n|-resisted|p2a: Arceus\n|-damage|p2a: Arceus|189/284\n|-resisted|p2a: Arceus\n|-damage|p2a: Arceus|168/284\n|-resisted|p2a: Arceus\n|-damage|p2a: Arceus|147/284\n|-resisted|p2a: Arceus\n|-damage|p2a: Arceus|126/284\n|-hitcount|p2a: Arceus|5\n|move|p2a: Arceus|Cosmic Power|p2a: Arceus\n|-boost|p2a: Arceus|def|1\n|-boost|p2a: Arceus|spd|1\n|\n|upkeep\n|turn|16\n|\n|t:|1781390937\n|move|p1a: Cloyster|Hydro Pump|p2a: Arceus\n|-damage|p2a: Arceus|0 fnt\n|faint|p2a: Arceus\n|\n|upkeep\n|-message|Alexspitzcharles forfeited.\n|\n|win|TheOldTimers\n", "uploadtime": 1781390712, "views": 3, "formatid": "gen9randombattle", "rating": null, "private": 0, "password": null}