{"id": "gen9randombattle-2631401263", "format": "[Gen 9] Random Battle", "players": ["nano jump", "thegoldengoomy"], "log": "|j|\u2606nano jump\n|j|\u2606thegoldengoomy\n|t:|1781380236\n|gametype|singles\n|player|p1|nano jump|steven-masters|2339\n|player|p2|thegoldengoomy|2|2212\n|gen|9\n|tier|[Gen 9] Random Battle\n|rated|\n|rule|Species Clause: Limit one of each Pok\u00e9mon\n|rule|HP Percentage Mod: HP is shown in percentages\n|rule|Sleep Clause Mod: Limit one foe put to sleep\n|rule|Illusion Level Mod: Illusion disguises the Pok\u00e9mon's true level\n|\n|t:|1781380236\n|teamsize|p1|6\n|teamsize|p2|6\n|start\n|switch|p1a: Morpeko|Morpeko, L88, F|245/245\n|switch|p2a: Infernape|Infernape, L82, F|259/259\n|turn|1\n|inactive|Battle timer is ON: inactive players will automatically lose when time's up. (requested by thegoldengoomy)\n|\n|t:|1781380277\n|move|p1a: Morpeko|Protect|p1a: Morpeko\n|-singleturn|p1a: Morpeko|Protect\n|move|p2a: Infernape|Flare Blitz|p1a: Morpeko\n|-activate|p1a: Morpeko|move: Protect\n|\n|-formechange|p1a: Morpeko|Morpeko-Hangry||[from] ability: Hunger Switch\n|upkeep\n|turn|2\n|\n|t:|1781380285\n|switch|p1a: Whiscash|Whiscash, L88, M|337/337\n|move|p2a: Infernape|Flare Blitz|p1a: Whiscash\n|-resisted|p1a: Whiscash\n|-damage|p1a: Whiscash|232/337\n|-damage|p2a: Infernape|224/259|[from] Recoil\n|\n|-heal|p1a: Whiscash|253/337|[from] item: Leftovers\n|upkeep\n|turn|3\n|\n|t:|1781380291\n|switch|p2a: Breloom|Breloom, L83, F|235/235\n|move|p1a: Whiscash|Stealth Rock|p2a: Breloom\n|-sidestart|p2: thegoldengoomy|move: Stealth Rock\n|\n|-heal|p1a: Whiscash|274/337|[from] item: Leftovers\n|upkeep\n|turn|4\n|\n|t:|1781380298\n|switch|p1a: Yanmega|Yanmega, L82, F|275/275\n|move|p2a: Breloom|Swords Dance|p2a: Breloom\n|-boost|p2a: Breloom|atk|2\n|\n|upkeep\n|turn|5\n|\n|t:|1781380305\n|-terastallize|p2a: Breloom|Rock\n|move|p1a: Yanmega|Protect|p1a: Yanmega\n|-singleturn|p1a: Yanmega|Protect\n|move|p2a: Breloom|Rock Tomb|p1a: Yanmega\n|-activate|p1a: Yanmega|move: Protect\n|\n|-ability|p1a: Yanmega|Speed Boost|boost\n|-boost|p1a: Yanmega|spe|1\n|upkeep\n|turn|6\n|\n|t:|1781380312\n|-terastallize|p1a: Yanmega|Ground\n|move|p1a: Yanmega|Tera Blast|p2a: Breloom|[anim] Tera Blast Ground\n|-supereffective|p2a: Breloom\n|-damage|p2a: Breloom|0 fnt\n|faint|p2a: Breloom\n|\n|-ability|p1a: Yanmega|Speed Boost|boost\n|-boost|p1a: Yanmega|spe|1\n|upkeep\n|\n|t:|1781380318\n|switch|p2a: Dunsparce|Dunsparce, L86, F|312/312\n|-damage|p2a: Dunsparce|273/312|[from] Stealth Rock\n|turn|7\n|\n|t:|1781380321\n|switch|p1a: Sneasler|Sneasler, L74, M|240/240\n|move|p2a: Dunsparce|Body Slam|p1a: Sneasler\n|-damage|p1a: Sneasler|134/240\n|-status|p1a: Sneasler|par\n|\n|upkeep\n|turn|8\n|\n|t:|1781380326\n|move|p2a: Dunsparce|Earthquake|p1a: Sneasler\n|-supereffective|p1a: Sneasler\n|-damage|p1a: Sneasler|0 fnt\n|faint|p1a: Sneasler\n|\n|upkeep\n|c|\u2606nano jump|figured\n|\n|t:|1781380335\n|switch|p1a: Mabosstiff|Mabosstiff, L86, F|278/278\n|turn|9\n|\n|t:|1781380338\n|move|p1a: Mabosstiff|Crunch|p2a: Dunsparce\n|-damage|p2a: Dunsparce|152/312\n|move|p2a: Dunsparce|Body Slam|p1a: Mabosstiff\n|-damage|p1a: Mabosstiff|206/278\n|-status|p1a: Mabosstiff|par\n|\n|upkeep\n|turn|10\n|c|\u2606nano jump|figured\n|\n|t:|1781380342\n|move|p2a: Dunsparce|Roost|p2a: Dunsparce\n|-heal|p2a: Dunsparce|308/312\n|-singleturn|p2a: Dunsparce|move: Roost\n|cant|p1a: Mabosstiff|par\n|\n|upkeep\n|turn|11\n|c|\u2606nano jump|fuck this stupid worm bro\n|c|\u2606nano jump|this is all it does\n|\n|t:|1781380359\n|move|p2a: Dunsparce|Coil|p2a: Dunsparce\n|-boost|p2a: Dunsparce|atk|1\n|-boost|p2a: Dunsparce|def|1\n|-boost|p2a: Dunsparce|accuracy|1\n|cant|p1a: Mabosstiff|par\n|\n|upkeep\n|turn|12\n|\n|t:|1781380362\n|switch|p1a: Yanmega|Yanmega, L82, F, tera:Ground|275/275\n|move|p2a: Dunsparce|Coil|p2a: Dunsparce\n|-boost|p2a: Dunsparce|atk|1\n|-boost|p2a: Dunsparce|def|1\n|-boost|p2a: Dunsparce|accuracy|1\n|\n|upkeep\n|turn|13\n|\n|t:|1781380365\n|move|p1a: Yanmega|Air Slash|p2a: Dunsparce\n|-damage|p2a: Dunsparce|238/312\n|move|p2a: Dunsparce|Body Slam|p1a: Yanmega\n|-damage|p1a: Yanmega|115/275\n|\n|-ability|p1a: Yanmega|Speed Boost|boost\n|-boost|p1a: Yanmega|spe|1\n|upkeep\n|turn|14\n|\n|t:|1781380368\n|move|p1a: Yanmega|Air Slash|p2a: Dunsparce\n|-damage|p2a: Dunsparce|169/312\n|move|p2a: Dunsparce|Body Slam|p1a: Yanmega\n|-damage|p1a: Yanmega|0 fnt\n|faint|p1a: Yanmega\n|\n|upkeep\n|c|\u2606nano jump|like i guess i lose\n|c|\u2606nano jump|whatever\n|\n|t:|1781380375\n|switch|p1a: Sylveon|Sylveon, L85, F|300/300\n|turn|15\n|\n|t:|1781380379\n|move|p1a: Sylveon|Calm Mind|p1a: Sylveon\n|-boost|p1a: Sylveon|spa|1\n|-boost|p1a: Sylveon|spd|1\n|move|p2a: Dunsparce|Body Slam|p1a: Sylveon\n|-damage|p1a: Sylveon|102/300\n|\n|-heal|p1a: Sylveon|120/300|[from] item: Leftovers\n|upkeep\n|turn|16\n|\n|t:|1781380382\n|move|p1a: Sylveon|Hyper Voice|p2a: Dunsparce\n|-damage|p2a: Dunsparce|12/312\n|move|p2a: Dunsparce|Body Slam|p1a: Sylveon\n|-damage|p1a: Sylveon|0 fnt\n|faint|p1a: Sylveon\n|\n|upkeep\n|\n|t:|1781380385\n|switch|p1a: Morpeko|Morpeko, L88, F|245/245\n|turn|17\n|\n|t:|1781380389\n|move|p1a: Morpeko|Aura Wheel|p2a: Dunsparce\n|-damage|p2a: Dunsparce|0 fnt\n|-boost|p1a: Morpeko|spe|1\n|faint|p2a: Dunsparce\n|\n|-formechange|p1a: Morpeko|Morpeko-Hangry||[from] ability: Hunger Switch\n|upkeep\n|\n|t:|1781380392\n|switch|p2a: Groudon|Groudon, L72|263/263\n|-damage|p2a: Groudon|247/263|[from] Stealth Rock\n|-weather|SunnyDay|[from] ability: Drought|[of] p2a: Groudon\n|turn|18\n|\n|t:|1781380396\n|move|p1a: Morpeko|Parting Shot|p2a: Groudon\n|-unboost|p2a: Groudon|atk|1\n|-unboost|p2a: Groudon|spa|1\n|\n|t:|1781380398\n|switch|p1a: Mabosstiff|Mabosstiff, L86, F|206/278 par|[from] Parting Shot\n|move|p2a: Groudon|Precipice Blades|p1a: Mabosstiff\n|-damage|p1a: Mabosstiff|119/278 par\n|\n|-weather|SunnyDay|[upkeep]\n|-heal|p2a: Groudon|263/263|[from] item: Leftovers\n|upkeep\n|turn|19\n|j| Rabiesdfsdf\n|\n|t:|1781380412\n|move|p2a: Groudon|Precipice Blades|p1a: Mabosstiff|[miss]\n|-miss|p2a: Groudon|p1a: Mabosstiff\n|cant|p1a: Mabosstiff|par\n|\n|-weather|SunnyDay|[upkeep]\n|upkeep\n|turn|20\n|l| Rabiesdfsdf\n|\n|t:|1781380416\n|move|p2a: Groudon|Precipice Blades|p1a: Mabosstiff\n|-damage|p1a: Mabosstiff|35/278 par\n|cant|p1a: Mabosstiff|par\n|\n|-weather|SunnyDay|[upkeep]\n|upkeep\n|turn|21\n|\n|t:|1781380418\n|move|p2a: Groudon|Heat Crash|p1a: Mabosstiff\n|-damage|p1a: Mabosstiff|0 fnt\n|faint|p1a: Mabosstiff\n|\n|-weather|SunnyDay|[upkeep]\n|upkeep\n|c|\u2606nano jump|good job!\n|\n|t:|1781380424\n|switch|p1a: Morpeko|Morpeko, L88, F|245/245\n|turn|22\n|\n|t:|1781380427\n|move|p1a: Morpeko|Protect|p1a: Morpeko\n|-singleturn|p1a: Morpeko|Protect\n|move|p2a: Groudon|Stealth Rock|p1a: Morpeko\n|-sidestart|p1: nano jump|move: Stealth Rock\n|\n|-weather|none\n|-formechange|p1a: Morpeko|Morpeko-Hangry||[from] ability: Hunger Switch\n|upkeep\n|turn|23\n|\n|t:|1781380432\n|switch|p2a: Orthworm|Orthworm, L88, F|266/266\n|-damage|p2a: Orthworm|250/266|[from] Stealth Rock\n|move|p1a: Morpeko|Rapid Spin|p2a: Orthworm\n|-resisted|p2a: Orthworm\n|-damage|p2a: Orthworm|237/266\n|-boost|p1a: Morpeko|spe|1\n|-sideend|p1: nano jump|Stealth Rock|[from] move: Rapid Spin|[of] p1a: Morpeko\n|\n|-formechange|p1a: Morpeko|Morpeko||[from] ability: Hunger Switch\n|upkeep\n|turn|24\n|\n|t:|1781380436\n|move|p1a: Morpeko|Aura Wheel|p2a: Orthworm\n|-damage|p2a: Orthworm|156/266\n|-boost|p1a: Morpeko|spe|1\n|move|p2a: Orthworm|Coil|p2a: Orthworm\n|-boost|p2a: Orthworm|atk|1\n|-boost|p2a: Orthworm|def|1\n|-boost|p2a: Orthworm|accuracy|1\n|\n|-formechange|p1a: Morpeko|Morpeko-Hangry||[from] ability: Hunger Switch\n|upkeep\n|turn|25\n|\n|t:|1781380438\n|move|p1a: Morpeko|Parting Shot|p2a: Orthworm\n|-unboost|p2a: Orthworm|atk|1\n|-unboost|p2a: Orthworm|spa|1\n|\n|t:|1781380439\n|switch|p1a: Whiscash|Whiscash, L88, M|274/337|[from] Parting Shot\n|move|p2a: Orthworm|Body Press|p1a: Whiscash\n|-damage|p1a: Whiscash|138/337\n|\n|-heal|p1a: Whiscash|159/337|[from] item: Leftovers\n|upkeep\n|turn|26\n|\n|t:|1781380444\n|move|p2a: Orthworm|Body Press|p1a: Whiscash\n|-damage|p1a: Whiscash|16/337\n|move|p1a: Whiscash|Hydro Pump|p2a: Orthworm|[miss]\n|-miss|p1a: Whiscash|p2a: Orthworm\n|\n|-heal|p1a: Whiscash|37/337|[from] item: Leftovers\n|upkeep\n|turn|27\n|-message|nano jump forfeited.\n|\n|win|thegoldengoomy\n", "inputlog": ">version a8376a258c1d4662feba110a92103f3664a72141\n>start {\"formatid\":\"gen9randombattle\",\"seed\":\"sodium,fd11dba97448406178864c3e32b39aec\",\"rated\":\"Rated battle\"}\n>player p1 {\"name\":\"nano jump\",\"avatar\":\"steven-masters\",\"rating\":2339,\"seed\":\"sodium,36247b3e8f27f5d1bd525c0a7cfb07c5\"}\n>player p2 {\"name\":\"thegoldengoomy\",\"avatar\":\"2\",\"rating\":2212,\"seed\":\"sodium,e4335fefce5933383bdcd5815807ae2f\"}\n>p1 move protect\n>p2 move flareblitz\n>p1 switch 3\n>p2 move flareblitz\n>p1 move stealthrock\n>p2 switch 2\n>p1 switch 5\n>p2 move swordsdance\n>p1 move protect\n>p2 move rocktomb terastallize\n>p1 move terablast terastallize\n>p2 move rocktomb\n>p2 switch 3\n>p1 switch 4\n>p2 move bodyslam\n>p1 move uturn\n>p2 move earthquake\n>chat \u2606nano jump|figured\n>p1 switch 6\n>p1 move crunch\n>p2 move bodyslam\n>chat \u2606nano jump|figured\n>p1 move crunch\n>p2 move roost\n>chat \u2606nano jump|fuck this stupid worm bro\n>chat \u2606nano jump|this is all it does\n>p1 move crunch\n>p2 move coil\n>p1 switch 4\n>p2 move coil\n>p1 move airslash\n>p2 move bodyslam\n>p1 move airslash\n>p2 move bodyslam\n>chat \u2606nano jump|like i guess i lose\n>chat \u2606nano jump|whatever \n>p1 switch 2\n>p1 move calmmind\n>p2 move bodyslam\n>p1 move hypervoice\n>p2 move bodyslam\n>p1 switch 3\n>p1 move aurawheel\n>p2 move earthquake\n>p2 switch 6\n>p1 move partingshot\n>p2 move precipiceblades\n>p1 switch 4\n>p1 move crunch\n>p2 move precipiceblades\n>p1 move crunch\n>p2 move precipiceblades\n>p1 move crunch\n>p2 move heatcrash\n>chat \u2606nano jump|good job!\n>p1 switch 4\n>p1 move protect\n>p2 move stealthrock\n>p1 move rapidspin\n>p2 switch 4\n>p1 move aurawheel\n>p2 move coil\n>p1 move partingshot\n>p2 move bodypress\n>p1 switch 5\n>p1 move hydropump\n>p2 move bodypress\n>forcelose p1", "uploadtime": 1781380238, "views": 8, "formatid": "gen9randombattle", "rating": null, "private": 0, "password": null}