{"id": "gen9randombattle-2631654270", "format": "[Gen 9] Random Battle", "players": ["TaleThatWasntRight", "skibidithug53"], "log": "|j|\u2606TaleThatWasntRight\n|j|\u2606skibidithug53\n|t:|1781415637\n|gametype|singles\n|player|p1|TaleThatWasntRight|battlegirl-gen4|1176\n|player|p2|skibidithug53|psychic-gen4|1184\n|gen|9\n|tier|[Gen 9] Random Battle\n|rated|\n|rule|Species Clause: Limit one of each Pok\u00e9mon\n|rule|HP Percentage Mod: HP is shown in percentages\n|rule|Sleep Clause Mod: Limit one foe put to sleep\n|rule|Illusion Level Mod: Illusion disguises the Pok\u00e9mon's true level\n|\n|t:|1781415637\n|teamsize|p1|6\n|teamsize|p2|6\n|start\n|switch|p1a: Hawlucha|Hawlucha, L80, M|256/256\n|switch|p2a: Golurk|Golurk, L87|297/297\n|turn|1\n|inactive|Battle timer is ON: inactive players will automatically lose when time's up. (requested by skibidithug53)\n|inactive|TaleThatWasntRight also wants the timer to be on.\n|\n|t:|1781415665\n|switch|p1a: Bellossom|Bellossom, L84, F|263/263\n|move|p2a: Golurk|Poltergeist|p1a: Bellossom\n|-activate|p1a: Bellossom|move: Poltergeist|Leftovers\n|-damage|p1a: Bellossom|53/263\n|\n|-heal|p1a: Bellossom|69/263|[from] item: Leftovers\n|upkeep\n|turn|2\n|\n|t:|1781415683\n|move|p2a: Golurk|Poltergeist|p1a: Bellossom\n|-activate|p1a: Bellossom|move: Poltergeist|Leftovers\n|-damage|p1a: Bellossom|0 fnt\n|faint|p1a: Bellossom\n|\n|upkeep\n|inactive|TaleThatWasntRight has 120 seconds left.\n|\n|t:|1781415726\n|switch|p1a: Basculin|Basculin, L86, M|261/261\n|turn|3\n|\n|t:|1781415735\n|switch|p2a: Milotic|Milotic, L83, F|293/293\n|move|p1a: Basculin|Wave Crash|p2a: Milotic\n|-resisted|p2a: Milotic\n|-damage|p2a: Milotic|164/293\n|-damage|p1a: Basculin|218/261|[from] Recoil\n|\n|-heal|p2a: Milotic|182/293|[from] item: Leftovers\n|upkeep\n|turn|4\n|inactive|TaleThatWasntRight has 120 seconds left.\n|\n|t:|1781415756\n|move|p1a: Basculin|Wave Crash|p2a: Milotic\n|-resisted|p2a: Milotic\n|-damage|p2a: Milotic|54/293\n|-damage|p1a: Basculin|176/261|[from] Recoil\n|move|p2a: Milotic|Recover|p2a: Milotic\n|-heal|p2a: Milotic|201/293\n|\n|-heal|p2a: Milotic|219/293|[from] item: Leftovers\n|upkeep\n|turn|5\n|inactive|TaleThatWasntRight has 120 seconds left.\n|\n|t:|1781415765\n|switch|p1a: Hawlucha|Hawlucha, L80, M|256/256\n|move|p2a: Milotic|Dragon Tail|p1a: Hawlucha\n|-crit|p1a: Hawlucha\n|-damage|p1a: Hawlucha|198/256\n|drag|p1a: Basculin|Basculin, L86, M|176/261\n|\n|-heal|p2a: Milotic|237/293|[from] item: Leftovers\n|upkeep\n|turn|6\n|\n|t:|1781415777\n|move|p1a: Basculin|Double-Edge|p2a: Milotic\n|-damage|p2a: Milotic|105/293\n|-damage|p1a: Basculin|132/261|[from] Recoil\n|move|p2a: Milotic|Scald|p1a: Basculin\n|-resisted|p1a: Basculin\n|-damage|p1a: Basculin|69/261\n|\n|-heal|p2a: Milotic|123/293|[from] item: Leftovers\n|upkeep\n|turn|7\n|inactive|TaleThatWasntRight has 120 seconds left.\n|\n|t:|1781415823\n|switch|p2a: Golurk|Golurk, L87|297/297\n|move|p1a: Basculin|Double-Edge|p2a: Golurk\n|-immune|p2a: Golurk\n|\n|upkeep\n|turn|8\n|\n|t:|1781415834\n|switch|p1a: Baxcalibur|Baxcalibur, L75, F|295/295\n|move|p2a: Golurk|Poltergeist|p1a: Baxcalibur\n|-activate|p1a: Baxcalibur|move: Poltergeist|Loaded Dice\n|-damage|p1a: Baxcalibur|46/295\n|\n|upkeep\n|turn|9\n|\n|t:|1781415853\n|switch|p2a: Milotic|Milotic, L83, F|123/293\n|move|p1a: Baxcalibur|Icicle Spear|p2a: Milotic\n|-resisted|p2a: Milotic\n|-damage|p2a: Milotic|108/293\n|-resisted|p2a: Milotic\n|-damage|p2a: Milotic|93/293\n|-resisted|p2a: Milotic\n|-damage|p2a: Milotic|75/293\n|-resisted|p2a: Milotic\n|-damage|p2a: Milotic|57/293\n|-hitcount|p2a: Milotic|4\n|\n|-heal|p2a: Milotic|75/293|[from] item: Leftovers\n|upkeep\n|turn|10\n|\n|t:|1781415859\n|move|p2a: Milotic|Recover|p2a: Milotic\n|-heal|p2a: Milotic|222/293\n|move|p1a: Baxcalibur|Scale Shot|p2a: Milotic\n|-damage|p2a: Milotic|186/293\n|-damage|p2a: Milotic|153/293\n|-damage|p2a: Milotic|117/293\n|-damage|p2a: Milotic|84/293\n|-damage|p2a: Milotic|51/293\n|-hitcount|p2a: Milotic|5\n|-unboost|p1a: Baxcalibur|def|1\n|-boost|p1a: Baxcalibur|spe|1\n|\n|-heal|p2a: Milotic|69/293|[from] item: Leftovers\n|upkeep\n|turn|11\n|\n|t:|1781415869\n|move|p1a: Baxcalibur|Scale Shot|p2a: Milotic\n|-damage|p2a: Milotic|32/293\n|-damage|p2a: Milotic|0 fnt\n|faint|p2a: Milotic\n|-hitcount|p2: Milotic|2\n|-unboost|p1a: Baxcalibur|def|1\n|-boost|p1a: Baxcalibur|spe|1\n|\n|upkeep\n|\n|t:|1781415873\n|switch|p2a: Incineroar|Incineroar, L82, M|290/290\n|-ability|p2a: Incineroar|Intimidate|boost\n|-unboost|p1a: Baxcalibur|atk|1\n|turn|12\n|\n|t:|1781415878\n|move|p1a: Baxcalibur|Earthquake|p2a: Incineroar\n|-supereffective|p2a: Incineroar\n|-damage|p2a: Incineroar|178/290\n|move|p2a: Incineroar|Knock Off|p1a: Baxcalibur\n|-damage|p1a: Baxcalibur|0 fnt\n|-enditem|p1a: Baxcalibur|Loaded Dice|[from] move: Knock Off|[of] p2a: Incineroar\n|faint|p1a: Baxcalibur\n|\n|upkeep\n|\n|t:|1781415883\n|switch|p1a: Hawlucha|Hawlucha, L80, M|198/256\n|turn|13\n|\n|t:|1781415890\n|switch|p2a: Golurk|Golurk, L87|297/297\n|move|p1a: Hawlucha|Swords Dance|p1a: Hawlucha\n|-boost|p1a: Hawlucha|atk|2\n|\n|upkeep\n|turn|14\n|\n|t:|1781415896\n|move|p1a: Hawlucha|Brave Bird|p2a: Golurk\n|-damage|p2a: Golurk|84/297\n|-damage|p1a: Hawlucha|128/256|[from] Recoil\n|move|p2a: Golurk|Poltergeist|p1a: Hawlucha\n|-activate|p1a: Hawlucha|move: Poltergeist|White Herb\n|-damage|p1a: Hawlucha|0 fnt\n|faint|p1a: Hawlucha\n|\n|upkeep\n|\n|t:|1781415901\n|switch|p1a: Basculin|Basculin, L86, M|69/261\n|turn|15\n|\n|t:|1781415907\n|switch|p2a: Tsareena|Tsareena, L87, F|267/267\n|move|p1a: Basculin|Wave Crash|p2a: Tsareena\n|-resisted|p2a: Tsareena\n|-damage|p2a: Tsareena|149/267\n|-damage|p1a: Basculin|30/261|[from] Recoil\n|\n|upkeep\n|turn|16\n|\n|t:|1781415932\n|move|p1a: Basculin|Wave Crash|p2a: Tsareena\n|-resisted|p2a: Tsareena\n|-damage|p2a: Tsareena|30/267\n|-damage|p1a: Basculin|0 fnt|[from] Recoil\n|faint|p1a: Basculin\n|move|p2a: Tsareena|Rapid Spin|p1: Basculin|[notarget]\n|-fail|p2a: Tsareena\n|\n|upkeep\n|\n|t:|1781415936\n|switch|p1a: Moltres|Moltres-Galar, L79|271/271\n|turn|17\n|\n|t:|1781415943\n|move|p1a: Moltres|Fiery Wrath|p2a: Tsareena\n|-damage|p2a: Tsareena|0 fnt\n|faint|p2a: Tsareena\n|\n|upkeep\n|\n|t:|1781415962\n|switch|p2a: Incineroar|Incineroar, L82, M|178/290\n|-ability|p2a: Incineroar|Intimidate|boost\n|-unboost|p1a: Moltres|atk|1\n|turn|18\n|\n|t:|1781415985\n|move|p1a: Moltres|Nasty Plot|p1a: Moltres\n|-boost|p1a: Moltres|spa|2\n|move|p2a: Incineroar|Parting Shot|p1a: Moltres\n|-unboost|p1a: Moltres|atk|1\n|-unboost|p1a: Moltres|spa|1\n|\n|t:|1781416013\n|switch|p2a: Iron Jugulis|Iron Jugulis, L77|271/271|[from] Parting Shot\n|\n|upkeep\n|turn|19\n|inactive|TaleThatWasntRight has 120 seconds left.\n|\n|t:|1781416040\n|-terastallize|p2a: Iron Jugulis|Flying\n|move|p2a: Iron Jugulis|Hurricane|p1a: Moltres\n|-damage|p1a: Moltres|75/271\n|-ability|p1a: Moltres|Berserk|boost\n|-boost|p1a: Moltres|spa|1\n|move|p1a: Moltres|Hurricane|p2a: Iron Jugulis|[miss]\n|-miss|p1a: Moltres|p2a: Iron Jugulis\n|\n|upkeep\n|turn|20\n|\n|t:|1781416047\n|move|p2a: Iron Jugulis|Hurricane|p1a: Moltres\n|-damage|p1a: Moltres|0 fnt\n|faint|p1a: Moltres\n|\n|upkeep\n|\n|t:|1781416051\n|switch|p1a: Frosmoth|Frosmoth, L82, M|249/249\n|turn|21\n|\n|t:|1781416058\n|-end|p2a: Iron Jugulis|Quark Drive|[silent]\n|switch|p2a: Mew|Mew, L82|298/298\n|-terastallize|p1a: Frosmoth|Ground\n|move|p1a: Frosmoth|Quiver Dance|p1a: Frosmoth\n|-boost|p1a: Frosmoth|spa|1\n|-boost|p1a: Frosmoth|spd|1\n|-boost|p1a: Frosmoth|spe|1\n|\n|upkeep\n|turn|22\n|\n|t:|1781416062\n|move|p1a: Frosmoth|Bug Buzz|p2a: Mew\n|-supereffective|p2a: Mew\n|-damage|p2a: Mew|0 fnt\n|faint|p2a: Mew\n|\n|upkeep\n|\n|t:|1781416071\n|switch|p2a: Incineroar|Incineroar, L82, M|178/290\n|-ability|p2a: Incineroar|Intimidate|boost\n|-unboost|p1a: Frosmoth|atk|1\n|turn|23\n|\n|t:|1781416078\n|move|p1a: Frosmoth|Tera Blast|p2a: Incineroar|[anim] Tera Blast Ground\n|-supereffective|p2a: Incineroar\n|-damage|p2a: Incineroar|0 fnt\n|faint|p2a: Incineroar\n|\n|upkeep\n|\n|t:|1781416081\n|switch|p2a: Iron Jugulis|Iron Jugulis, L77, tera:Flying|271/271\n|turn|24\n|\n|t:|1781416087\n|move|p1a: Frosmoth|Quiver Dance|p1a: Frosmoth\n|-boost|p1a: Frosmoth|spa|1\n|-boost|p1a: Frosmoth|spd|1\n|-boost|p1a: Frosmoth|spe|1\n|move|p2a: Iron Jugulis|U-turn|p1a: Frosmoth\n|-damage|p1a: Frosmoth|199/249\n|\n|t:|1781416089\n|-end|p2a: Iron Jugulis|Quark Drive|[silent]\n|switch|p2a: Golurk|Golurk, L87|84/297|[from] U-turn\n|\n|upkeep\n|turn|25\n|\n|t:|1781416094\n|move|p1a: Frosmoth|Ice Beam|p2a: Golurk\n|-supereffective|p2a: Golurk\n|-damage|p2a: Golurk|0 fnt\n|faint|p2a: Golurk\n|\n|upkeep\n|l|\u2606skibidithug53\n|inactive|skibidithug53 disconnected and has a minute to reconnect!\n|player|p2|\n|c|\u2606TaleThatWasntRight|boooooooooooooooooooooooooo\n|inactive|skibidithug53 has 30 seconds to reconnect!\n|inactive|skibidithug53 has 20 seconds to reconnect!\n|inactive|skibidithug53 has 15 seconds to reconnect!\n|inactive|skibidithug53 has 10 seconds to reconnect!\n|c|\u2606TaleThatWasntRight|you are so lame man\n|inactive|skibidithug53 has 5 seconds to reconnect!\n|c|\u2606TaleThatWasntRight|grow tf up\n|-message|skibidithug53 lost due to inactivity.\n|\n|win|TaleThatWasntRight\n|raw|TaleThatWasntRight's rating: 1176 &rarr; <strong>1202</strong><br />(+26 for winning)\n|raw|skibidithug53's rating: 1184 &rarr; <strong>1158</strong><br />(-26 for losing)\n", "inputlog": ">version a8376a258c1d4662feba110a92103f3664a72141\n>start {\"formatid\":\"gen9randombattle\",\"seed\":\"sodium,4dd81a0dd27efa455e98bca8ded559b5\",\"rated\":\"Rated battle\"}\n>player p1 {\"name\":\"TaleThatWasntRight\",\"avatar\":\"battlegirl-gen4\",\"rating\":1176,\"seed\":\"sodium,2d206a60c34d9ecd909d38ec57e4c333\"}\n>player p2 {\"name\":\"skibidithug53\",\"avatar\":\"psychic-gen4\",\"rating\":1184,\"seed\":\"sodium,c45a8003f7d35985cb95b654e1ae426f\"}\n>p1 switch 6\n>p2 move poltergeist\n>p1 move strengthsap\n>p2 move poltergeist\n>p1 switch 4\n>p1 move wavecrash\n>p2 switch 5\n>p1 move wavecrash\n>p2 move recover\n>p1 switch 6\n>p2 move dragontail\n>p1 move doubleedge\n>p2 move scald\n>p1 move doubleedge\n>p2 switch 5\n>p1 switch 2\n>p2 move poltergeist\n>p1 move iciclespear\n>p2 switch 5\n>p1 move scaleshot\n>p2 move recover\n>p1 move scaleshot\n>p2 move icebeam\n>p2 switch 4\n>p1 move earthquake\n>p2 move knockoff\n>p1 switch 6\n>p1 move swordsdance\n>p2 switch 5\n>p1 move bravebird\n>p2 move poltergeist\n>p1 switch 2\n>p1 move wavecrash\n>p2 switch 3\n>p1 move wavecrash\n>p2 move rapidspin\n>p1 switch 3\n>p1 move fierywrath\n>p2 move knockoff\n>p2 switch 5\n>p1 move nastyplot\n>p2 move partingshot\n>p2 switch 2\n>p1 move hurricane\n>p2 move hurricane terastallize\n>p1 move hurricane\n>p2 move hurricane\n>p1 switch 5\n>p1 move quiverdance terastallize\n>p2 switch 6\n>p1 move bugbuzz\n>p2 move encore\n>p2 switch 2\n>p1 move terablast\n>p2 move flareblitz\n>p2 switch 6\n>p1 move quiverdance\n>p2 move uturn\n>p2 switch 3\n>p1 move icebeam\n>p2 move poltergeist\n>chat \u2606TaleThatWasntRight|boooooooooooooooooooooooooo\n>chat \u2606TaleThatWasntRight|you are so lame man\n>chat \u2606TaleThatWasntRight|grow tf up\n>forcelose p2", "uploadtime": 1781416156, "views": 6, "formatid": "gen9randombattle", "rating": 1158, "private": 0, "password": null}