{"id": "gen9randombattle-2631595027", "format": "[Gen 9] Random Battle", "players": ["Sienas_", "cloudlemon"], "log": "|j|\u2606Sienas_\n|j|\u2606cloudlemon\n|t:|1781406166\n|gametype|singles\n|player|p1|Sienas_|101|1500\n|player|p2|cloudlemon|courier|1471\n|gen|9\n|tier|[Gen 9] Random Battle\n|rated|\n|rule|Species Clause: Limit one of each Pok\u00e9mon\n|rule|HP Percentage Mod: HP is shown in percentages\n|rule|Sleep Clause Mod: Limit one foe put to sleep\n|rule|Illusion Level Mod: Illusion disguises the Pok\u00e9mon's true level\n|\n|t:|1781406166\n|teamsize|p1|6\n|teamsize|p2|6\n|start\n|switch|p1a: Goodra|Goodra-Hisui, L82, F|265/265\n|switch|p2a: Kingdra|Kingdra, L84, F|263/263\n|turn|1\n|inactive|Battle timer is ON: inactive players will automatically lose when time's up. (requested by cloudlemon)\n|\n|t:|1781406172\n|move|p2a: Kingdra|Dragon Dance|p2a: Kingdra\n|-boost|p2a: Kingdra|atk|1\n|-boost|p2a: Kingdra|spe|1\n|move|p1a: Goodra|Dragon Tail|p2a: Kingdra\n|-supereffective|p2a: Kingdra\n|-damage|p2a: Kingdra|143/263\n|drag|p2a: Bellibolt|Bellibolt, L84, F|320/320\n|\n|upkeep\n|turn|2\n|\n|t:|1781406181\n|move|p1a: Goodra|Earthquake|p2a: Bellibolt\n|-supereffective|p2a: Bellibolt\n|-damage|p2a: Bellibolt|176/320\n|-start|p2a: Bellibolt|Charge|Earthquake|[from] ability: Electromorphosis\n|move|p2a: Bellibolt|Muddy Water|p1a: Goodra\n|-resisted|p1a: Goodra\n|-damage|p1a: Goodra|249/265\n|\n|-heal|p2a: Bellibolt|196/320|[from] item: Leftovers\n|upkeep\n|turn|3\n|\n|t:|1781406190\n|move|p1a: Goodra|Earthquake|p2a: Bellibolt\n|-supereffective|p2a: Bellibolt\n|-damage|p2a: Bellibolt|62/320\n|-start|p2a: Bellibolt|Charge|Earthquake|[from] ability: Electromorphosis\n|move|p2a: Bellibolt|Thunderbolt|p1a: Goodra\n|-resisted|p1a: Goodra\n|-damage|p1a: Goodra|208/265\n|-end|p2a: Bellibolt|Charge|[silent]\n|\n|-heal|p2a: Bellibolt|82/320|[from] item: Leftovers\n|upkeep\n|turn|4\n|\n|t:|1781406209\n|switch|p2a: Vileplume|Vileplume, L85, F|266/266\n|move|p1a: Goodra|Dragon Tail|p2a: Vileplume\n|-damage|p2a: Vileplume|206/266\n|drag|p2a: Bellibolt|Bellibolt, L84, F|82/320\n|\n|-heal|p2a: Bellibolt|102/320|[from] item: Leftovers\n|upkeep\n|turn|5\n|c|\u2606cloudlemon|Son\n|\n|t:|1781406217\n|move|p1a: Goodra|Earthquake|p2a: Bellibolt\n|-supereffective|p2a: Bellibolt\n|-damage|p2a: Bellibolt|0 fnt\n|faint|p2a: Bellibolt\n|\n|upkeep\n|\n|t:|1781406219\n|switch|p2a: Coalossal|Coalossal, L89, F|341/341\n|turn|6\n|\n|t:|1781406225\n|move|p1a: Goodra|Earthquake|p2a: Coalossal\n|-supereffective|p2a: Coalossal\n|-damage|p2a: Coalossal|141/341\n|move|p2a: Coalossal|Flamethrower|p1a: Goodra\n|-damage|p1a: Goodra|163/265\n|\n|upkeep\n|turn|7\n|\n|t:|1781406232\n|move|p1a: Goodra|Earthquake|p2a: Coalossal\n|-supereffective|p2a: Coalossal\n|-damage|p2a: Coalossal|0 fnt\n|faint|p2a: Coalossal\n|\n|upkeep\n|\n|t:|1781406236\n|switch|p2a: Vileplume|Vileplume, L85, F|206/266\n|turn|8\n|\n|t:|1781406248\n|switch|p2a: Hydreigon|Hydreigon, L79, M|275/275\n|move|p1a: Goodra|Heavy Slam|p2a: Hydreigon\n|-damage|p2a: Hydreigon|209/275\n|\n|upkeep\n|turn|9\n|\n|t:|1781406256\n|move|p2a: Hydreigon|Draco Meteor|p1a: Goodra\n|-damage|p1a: Goodra|97/265\n|-unboost|p2a: Hydreigon|spa|2\n|move|p1a: Goodra|Draco Meteor|p2a: Hydreigon\n|-supereffective|p2a: Hydreigon\n|-damage|p2a: Hydreigon|0 fnt\n|-unboost|p1a: Goodra|spa|2\n|faint|p2a: Hydreigon\n|\n|upkeep\n|\n|t:|1781406260\n|switch|p2a: Azumarill|Azumarill, L82, M|298/298\n|turn|10\n|\n|t:|1781406263\n|-terastallize|p2a: Azumarill|Water\n|move|p1a: Goodra|Heavy Slam|p2a: Azumarill\n|-resisted|p2a: Azumarill\n|-damage|p2a: Azumarill|227/298\n|move|p2a: Azumarill|Liquidation|p1a: Goodra\n|-resisted|p1a: Goodra\n|-damage|p1a: Goodra|0 fnt\n|faint|p1a: Goodra\n|\n|upkeep\n|c|\u2606cloudlemon|Man\n|c|\u2606cloudlemon|My team fucking sucks\n|n|\u203dcloudlemon|cloudlemon\n|c|~|/log cloudlemon was locked from talking by Artemis. (\u2606cloudlemon: My team fucking sucks)\n|c|~|/raw <small>This action was done automatically. Want to learn more about the AI? <a href=\"https://www.smogon.com/forums/threads/3570628/#post-9056769\">Visit the information thread</a>.</small>\n|\n|t:|1781406280\n|switch|p1a: Toxtricity|Toxtricity, L82, F|257/257\n|turn|11\n|inactive|cloudlemon has 120 seconds left.\n|inactive|cloudlemon has 90 seconds left.\n|\n|t:|1781406348\n|-terastallize|p1a: Toxtricity|Normal\n|move|p1a: Toxtricity|Boomburst|p2a: Azumarill\n|-damage|p2a: Azumarill|19/298\n|move|p2a: Azumarill|Liquidation|p1a: Toxtricity\n|-damage|p1a: Toxtricity|3/257\n|\n|upkeep\n|turn|12\n|\n|t:|1781406362\n|move|p1a: Toxtricity|Boomburst|p2a: Azumarill\n|-damage|p2a: Azumarill|0 fnt\n|faint|p2a: Azumarill\n|\n|upkeep\n|inactive|cloudlemon has 90 seconds left.\n|\n|t:|1781406401\n|switch|p2a: Kingdra|Kingdra, L84, F|143/263\n|turn|13\n|\n|t:|1781406406\n|move|p1a: Toxtricity|Boomburst|p2a: Kingdra\n|-damage|p2a: Kingdra|0 fnt\n|faint|p2a: Kingdra\n|\n|upkeep\n|\n|t:|1781406409\n|switch|p2a: Vileplume|Vileplume, L85, F|206/266\n|turn|14\n|\n|t:|1781406412\n|move|p1a: Toxtricity|Boomburst|p2a: Vileplume\n|-damage|p2a: Vileplume|2/266\n|move|p2a: Vileplume|Leech Seed|p1a: Toxtricity\n|-start|p1a: Toxtricity|move: Leech Seed\n|\n|-heal|p2a: Vileplume|18/266|[from] item: Leftovers\n|-damage|p1a: Toxtricity|0 fnt|[from] Leech Seed|[of] p2a: Vileplume\n|-heal|p2a: Vileplume|21/266|[silent]\n|faint|p1a: Toxtricity\n|upkeep\n|\n|t:|1781406418\n|switch|p1a: Darkrai|Darkrai, L77|234/234\n|turn|15\n|n|\u2606cloudlemon|cloudlemon\n|c|\u2606cloudlemon|Ruh roh\n|inactive|Sienas_ has 120 seconds left.\n|\n|t:|1781406448\n|move|p1a: Darkrai|Dark Pulse|p2a: Vileplume\n|-damage|p2a: Vileplume|0 fnt\n|faint|p2a: Vileplume\n|-damage|p1a: Darkrai|211/234|[from] item: Life Orb\n|\n|win|Sienas_\n", "inputlog": ">version a8376a258c1d4662feba110a92103f3664a72141\n>start {\"formatid\":\"gen9randombattle\",\"seed\":\"sodium,783f0596c0e40eb4264a92441a1bb2a0\",\"rated\":\"Rated battle\"}\n>player p1 {\"name\":\"Sienas_\",\"avatar\":\"101\",\"rating\":1500,\"seed\":\"sodium,20c766fb5c50b69fede18d27a0697b22\"}\n>player p2 {\"name\":\"cloudlemon\",\"avatar\":\"courier\",\"rating\":1471,\"seed\":\"sodium,78c9063f16c404bcd507251ece2f0634\"}\n>p1 move dragontail\n>p2 move dragondance\n>p1 move earthquake\n>p2 move muddywater\n>p1 move earthquake\n>p2 move thunderbolt\n>p1 move dragontail\n>p2 switch 4\n>chat \u2606cloudlemon|Son\n>p1 move earthquake\n>p2 move thunderbolt\n>p2 switch 3\n>p1 move earthquake\n>p2 move flamethrower\n>p1 move earthquake\n>p2 move flamethrower\n>p2 switch 4\n>p1 move heavyslam\n>p2 switch 6\n>p1 move dracometeor\n>p2 move dracometeor\n>p2 switch 2\n>p1 move heavyslam\n>p2 move liquidation terastallize\n>chat \u2606cloudlemon|Man\n>chat \u2606cloudlemon|My team fucking sucks\n>p1 switch 4\n>p1 move boomburst terastallize\n>p2 move liquidation\n>p1 move boomburst\n>p2 move liquidation\n>p2 switch 5\n>p1 move boomburst\n>p2 move dragondance\n>p2 switch 6\n>p1 move boomburst\n>p2 move leechseed\n>p1 switch 3\n>chat \u2606cloudlemon|Ruh roh\n>p1 move darkpulse\n>p2 move strengthsap", "uploadtime": 1781406269, "views": 3, "formatid": "gen9randombattle", "rating": null, "private": 0, "password": null}