{"id": "gen9randombattle-2631962929", "format": "[Gen 9] Random Battle", "players": ["RedDudeN64", "SaberTB"], "log": "|j|\u2606RedDudeN64\n|j|\u2606SaberTB\n|t:|1781460410\n|gametype|singles\n|player|p1|RedDudeN64|red|2086\n|player|p2|SaberTB|169|2056\n|gen|9\n|tier|[Gen 9] Random Battle\n|rated|\n|rule|Species Clause: Limit one of each Pok\u00e9mon\n|rule|HP Percentage Mod: HP is shown in percentages\n|rule|Sleep Clause Mod: Limit one foe put to sleep\n|rule|Illusion Level Mod: Illusion disguises the Pok\u00e9mon's true level\n|\n|t:|1781460410\n|teamsize|p1|6\n|teamsize|p2|6\n|start\n|switch|p1a: Lucario|Lucario, L84, M|255/255\n|switch|p2a: Latias|Latias, L79, F|256/256\n|turn|1\n|inactive|Battle timer is ON: inactive players will automatically lose when time's up. (requested by RedDudeN64)\n|\n|t:|1781460423\n|switch|p2a: Luvdisc|Luvdisc, F|247/247\n|switch|p1a: Scizor|Scizor, L79, F|240/240\n|\n|upkeep\n|turn|2\n|\n|t:|1781460433\n|move|p2a: Luvdisc|Whirlpool|p1a: Scizor\n|-damage|p1a: Scizor|206/240\n|-activate|p1a: Scizor|move: Whirlpool|[of] p2a: Luvdisc\n|move|p1a: Scizor|Knock Off|p2a: Luvdisc\n|-damage|p2a: Luvdisc|153/247\n|-enditem|p2a: Luvdisc|Heavy-Duty Boots|[from] move: Knock Off|[of] p1a: Scizor\n|\n|-heal|p1a: Scizor|221/240|[from] item: Leftovers\n|-damage|p1a: Scizor|191/240|[from] move: Whirlpool|[partiallytrapped]\n|upkeep\n|turn|3\n|\n|t:|1781460454\n|move|p2a: Luvdisc|Substitute|p2a: Luvdisc\n|-start|p2a: Luvdisc|Substitute\n|-damage|p2a: Luvdisc|92/247\n|move|p1a: Scizor|Knock Off|p2a: Luvdisc\n|-activate|p2a: Luvdisc|move: Substitute|[damage]\n|\n|-heal|p1a: Scizor|206/240|[from] item: Leftovers\n|-damage|p1a: Scizor|176/240|[from] move: Whirlpool|[partiallytrapped]\n|upkeep\n|turn|4\n|\n|t:|1781460459\n|move|p2a: Luvdisc|Surf|p1a: Scizor\n|-damage|p1a: Scizor|89/240\n|move|p1a: Scizor|Knock Off|p2a: Luvdisc\n|-end|p2a: Luvdisc|Substitute\n|\n|-heal|p1a: Scizor|104/240|[from] item: Leftovers\n|-damage|p1a: Scizor|74/240|[from] move: Whirlpool|[partiallytrapped]\n|upkeep\n|turn|5\n|\n|t:|1781460466\n|move|p1a: Scizor|Bullet Punch|p2a: Luvdisc\n|-resisted|p2a: Luvdisc\n|-damage|p2a: Luvdisc|48/247\n|move|p2a: Luvdisc|Surf|p1a: Scizor\n|-damage|p1a: Scizor|0 fnt\n|faint|p1a: Scizor\n|\n|upkeep\n|\n|t:|1781460481\n|switch|p1a: Lucario|Lucario, L84, M|255/255\n|turn|6\n|\n|t:|1781460508\n|switch|p2a: Infernape|Infernape, L82, M|259/259\n|move|p1a: Lucario|Meteor Mash|p2a: Infernape\n|-resisted|p2a: Infernape\n|-damage|p2a: Infernape|177/259\n|-damage|p1a: Lucario|230/255|[from] item: Life Orb\n|\n|upkeep\n|turn|7\n|\n|t:|1781460514\n|switch|p1a: Appletun|Appletun, L92, F|352/352\n|move|p2a: Infernape|Close Combat|p1a: Appletun\n|-damage|p1a: Appletun|177/352\n|-unboost|p2a: Infernape|def|1\n|-unboost|p2a: Infernape|spd|1\n|\n|-heal|p1a: Appletun|199/352|[from] item: Leftovers\n|upkeep\n|turn|8\n|\n|t:|1781460529\n|switch|p2a: Electivire|Electivire, L84, M|263/263\n|move|p1a: Appletun|Dragon Pulse|p2a: Electivire\n|-damage|p2a: Electivire|157/263\n|\n|-heal|p1a: Appletun|221/352|[from] item: Leftovers\n|upkeep\n|turn|9\n|\n|t:|1781460535\n|move|p2a: Electivire|Ice Punch|p1a: Appletun\n|-supereffective|p1a: Appletun\n|-damage|p1a: Appletun|49/352\n|-damage|p2a: Electivire|131/263|[from] item: Life Orb\n|move|p1a: Appletun|Recover|p1a: Appletun\n|-heal|p1a: Appletun|225/352\n|\n|-heal|p1a: Appletun|247/352|[from] item: Leftovers\n|upkeep\n|turn|10\n|\n|t:|1781460544\n|move|p2a: Electivire|Bulk Up|p2a: Electivire\n|-boost|p2a: Electivire|atk|1\n|-boost|p2a: Electivire|def|1\n|move|p1a: Appletun|Leech Seed|p2a: Electivire\n|-start|p2a: Electivire|move: Leech Seed\n|\n|-heal|p1a: Appletun|269/352|[from] item: Leftovers\n|-damage|p2a: Electivire|99/263|[from] Leech Seed|[of] p1a: Appletun\n|-heal|p1a: Appletun|301/352|[silent]\n|upkeep\n|turn|11\n|\n|t:|1781460550\n|move|p2a: Electivire|Ice Punch|p1a: Appletun\n|-supereffective|p1a: Appletun\n|-damage|p1a: Appletun|62/352\n|-damage|p2a: Electivire|73/263|[from] item: Life Orb\n|move|p1a: Appletun|Recover|p1a: Appletun\n|-heal|p1a: Appletun|238/352\n|\n|-heal|p1a: Appletun|260/352|[from] item: Leftovers\n|-damage|p2a: Electivire|41/263|[from] Leech Seed|[of] p1a: Appletun\n|-heal|p1a: Appletun|292/352|[silent]\n|upkeep\n|turn|12\n|\n|t:|1781460557\n|move|p2a: Electivire|Ice Punch|p1a: Appletun\n|-supereffective|p1a: Appletun\n|-damage|p1a: Appletun|42/352\n|-status|p1a: Appletun|frz\n|-damage|p2a: Electivire|15/263|[from] item: Life Orb\n|cant|p1a: Appletun|frz\n|\n|-heal|p1a: Appletun|64/352 frz|[from] item: Leftovers\n|-damage|p2a: Electivire|0 fnt|[from] Leech Seed|[of] p1a: Appletun\n|-heal|p1a: Appletun|79/352 frz|[silent]\n|faint|p2a: Electivire\n|upkeep\n|\n|t:|1781460567\n|switch|p2a: Infernape|Infernape, L82, M|177/259\n|turn|13\n|\n|t:|1781460569\n|move|p2a: Infernape|Close Combat|p1a: Appletun\n|-damage|p1a: Appletun|0 fnt\n|-unboost|p2a: Infernape|def|1\n|-unboost|p2a: Infernape|spd|1\n|faint|p1a: Appletun\n|\n|upkeep\n|\n|t:|1781460575\n|switch|p1a: Blaziken|Blaziken, L76, F|247/247\n|turn|14\n|\n|t:|1781460586\n|move|p1a: Blaziken|Protect|p1a: Blaziken\n|-singleturn|p1a: Blaziken|Protect\n|move|p2a: Infernape|Close Combat|p1a: Blaziken\n|-activate|p1a: Blaziken|move: Protect\n|\n|-ability|p1a: Blaziken|Speed Boost|boost\n|-boost|p1a: Blaziken|spe|1\n|upkeep\n|turn|15\n|\n|t:|1781460591\n|switch|p2a: Luvdisc|Luvdisc, F|48/247\n|move|p1a: Blaziken|Close Combat|p2a: Luvdisc\n|-damage|p2a: Luvdisc|0 fnt\n|-unboost|p1a: Blaziken|def|1\n|-unboost|p1a: Blaziken|spd|1\n|faint|p2a: Luvdisc\n|-damage|p1a: Blaziken|223/247|[from] item: Life Orb\n|\n|-ability|p1a: Blaziken|Speed Boost|boost\n|-boost|p1a: Blaziken|spe|1\n|upkeep\n|\n|t:|1781460597\n|switch|p2a: Latias|Latias, L79, F|256/256\n|turn|16\n|\n|t:|1781460600\n|switch|p1a: Clefable|Clefable, L83, M|293/293\n|move|p2a: Latias|Psyshock|p1a: Clefable\n|-damage|p1a: Clefable|176/293\n|\n|upkeep\n|turn|17\n|\n|t:|1781460608\n|switch|p2a: Houndoom|Houndoom, L87, M|272/272\n|move|p1a: Clefable|Moonblast|p2a: Houndoom\n|-damage|p2a: Houndoom|151/272\n|-unboost|p2a: Houndoom|spa|1\n|\n|upkeep\n|turn|18\n|\n|t:|1781460613\n|move|p2a: Houndoom|Fire Blast|p1a: Clefable\n|-damage|p1a: Clefable|89/293\n|-status|p1a: Clefable|brn\n|move|p1a: Clefable|Moonlight|p1a: Clefable\n|-heal|p1a: Clefable|235/293 brn\n|\n|upkeep\n|turn|19\n|\n|t:|1781460621\n|move|p2a: Houndoom|Nasty Plot|p2a: Houndoom\n|-boost|p2a: Houndoom|spa|2\n|move|p1a: Clefable|Calm Mind|p1a: Clefable\n|-boost|p1a: Clefable|spa|1\n|-boost|p1a: Clefable|spd|1\n|\n|upkeep\n|turn|20\n|\n|t:|1781460624\n|move|p2a: Houndoom|Fire Blast|p1a: Clefable|[miss]\n|-miss|p2a: Houndoom|p1a: Clefable\n|move|p1a: Clefable|Moonblast|p2a: Houndoom\n|-damage|p2a: Houndoom|0 fnt\n|faint|p2a: Houndoom\n|\n|upkeep\n|\n|t:|1781460629\n|switch|p2a: Infernape|Infernape, L82, M|177/259\n|turn|21\n|\n|t:|1781460631\n|-terastallize|p2a: Infernape|Fire\n|move|p2a: Infernape|Flare Blitz|p1a: Clefable\n|-damage|p1a: Clefable|0 fnt\n|faint|p1a: Clefable\n|-damage|p2a: Infernape|99/259|[from] Recoil\n|\n|upkeep\n|\n|t:|1781460636\n|switch|p1a: Blaziken|Blaziken, L76, F|223/247\n|turn|22\n|\n|t:|1781460638\n|switch|p2a: Latias|Latias, L79, F|256/256\n|move|p1a: Blaziken|Swords Dance|p1a: Blaziken\n|-boost|p1a: Blaziken|atk|2\n|\n|-ability|p1a: Blaziken|Speed Boost|boost\n|-boost|p1a: Blaziken|spe|1\n|upkeep\n|turn|23\n|\n|t:|1781460642\n|move|p1a: Blaziken|Protect|p1a: Blaziken\n|-singleturn|p1a: Blaziken|Protect\n|move|p2a: Latias|Psyshock|p1a: Blaziken\n|-activate|p1a: Blaziken|move: Protect\n|\n|-ability|p1a: Blaziken|Speed Boost|boost\n|-boost|p1a: Blaziken|spe|1\n|upkeep\n|turn|24\n|\n|t:|1781460645\n|move|p1a: Blaziken|Flare Blitz|p2a: Latias\n|-resisted|p2a: Latias\n|-damage|p2a: Latias|97/256\n|-damage|p1a: Blaziken|171/247|[from] Recoil\n|-damage|p1a: Blaziken|147/247|[from] item: Life Orb\n|move|p2a: Latias|Psyshock|p1a: Blaziken\n|-supereffective|p1a: Blaziken\n|-damage|p1a: Blaziken|0 fnt\n|faint|p1a: Blaziken\n|\n|upkeep\n|\n|t:|1781460649\n|switch|p1a: Lucario|Lucario, L84, M|230/255\n|turn|25\n|\n|t:|1781460652\n|move|p2a: Latias|Psyshock|p1a: Lucario\n|-damage|p1a: Lucario|116/255\n|move|p1a: Lucario|Swords Dance|p1a: Lucario\n|-boost|p1a: Lucario|atk|2\n|\n|upkeep\n|turn|26\n|\n|t:|1781460656\n|move|p1a: Lucario|Extreme Speed|p2a: Latias\n|-damage|p2a: Latias|0 fnt\n|faint|p2a: Latias\n|-damage|p1a: Lucario|91/255|[from] item: Life Orb\n|\n|upkeep\n|\n|t:|1781460659\n|switch|p2a: Cresselia|Cresselia, L80, F|323/323\n|turn|27\n|\n|t:|1781460674\n|switch|p1a: Venusaur|Venusaur, L84, F|272/272\n|move|p2a: Cresselia|Psyshock|p1a: Venusaur\n|-supereffective|p1a: Venusaur\n|-damage|p1a: Venusaur|138/272\n|\n|-heal|p1a: Venusaur|155/272|[from] item: Leftovers\n|upkeep\n|turn|28\n|\n|t:|1781460688\n|move|p1a: Venusaur|Knock Off|p2a: Cresselia\n|-supereffective|p2a: Cresselia\n|-damage|p2a: Cresselia|211/323\n|-enditem|p2a: Cresselia|Leftovers|[from] move: Knock Off|[of] p1a: Venusaur\n|move|p2a: Cresselia|Calm Mind|p2a: Cresselia\n|-boost|p2a: Cresselia|spa|1\n|-boost|p2a: Cresselia|spd|1\n|\n|-heal|p1a: Venusaur|172/272|[from] item: Leftovers\n|upkeep\n|turn|29\n|\n|t:|1781460692\n|move|p1a: Venusaur|Sludge Bomb|p2a: Cresselia\n|-damage|p2a: Cresselia|157/323\n|-status|p2a: Cresselia|psn\n|move|p2a: Cresselia|Moonlight|p2a: Cresselia\n|-heal|p2a: Cresselia|318/323 psn\n|\n|-heal|p1a: Venusaur|189/272|[from] item: Leftovers\n|-damage|p2a: Cresselia|278/323 psn|[from] psn\n|upkeep\n|turn|30\n|\n|t:|1781460696\n|switch|p1a: Lucario|Lucario, L84, M|91/255\n|move|p2a: Cresselia|Psyshock|p1a: Lucario\n|-damage|p1a: Lucario|0 fnt\n|faint|p1a: Lucario\n|\n|-damage|p2a: Cresselia|238/323 psn|[from] psn\n|upkeep\n|-message|RedDudeN64 forfeited.\n|\n|win|SaberTB\n|raw|RedDudeN64's rating: 2086 &rarr; <strong>2064</strong><br />(-22 for losing)\n|raw|SaberTB's rating: 2056 &rarr; <strong>2078</strong><br />(+22 for winning)\n", "inputlog": ">version a8376a258c1d4662feba110a92103f3664a72141\n>start {\"formatid\":\"gen9randombattle\",\"seed\":\"sodium,75df8ce28e14585c94ca68f8b70ef8c0\",\"rated\":\"Rated battle\"}\n>player p1 {\"name\":\"RedDudeN64\",\"avatar\":\"red\",\"rating\":2086,\"seed\":\"sodium,b4daefc196a2f8186a553e3fe8de1550\"}\n>player p2 {\"name\":\"SaberTB\",\"avatar\":\"169\",\"rating\":2056,\"seed\":\"sodium,64b86e334552153723c1de917de826ba\"}\n>p1 switch 2\n>p2 switch 4\n>p1 move knockoff\n>p2 move whirlpool\n>p1 move knockoff\n>p2 move substitute\n>p1 move knockoff\n>p2 move surf\n>p1 move bulletpunch\n>p2 move surf\n>p1 switch 2\n>p1 move meteormash\n>p2 switch 2\n>p1 switch 5\n>p2 move closecombat\n>p1 move dragonpulse\n>p2 switch 5\n>p1 move recover\n>p2 move icepunch\n>p1 move leechseed\n>p2 move bulkup\n>p1 move recover\n>p2 move icepunch\n>p1 move recover\n>p2 move icepunch\n>p2 switch 5\n>p1 move recover\n>p2 move closecombat\n>p1 switch 6\n>p1 move protect\n>p2 move closecombat\n>p1 move closecombat\n>p2 switch 2\n>p2 switch 4\n>p1 switch 3\n>p2 move psyshock\n>p1 move moonblast\n>p2 switch 3\n>p1 move moonlight\n>p2 move fireblast\n>p1 move calmmind\n>p2 move nastyplot\n>p1 move moonblast\n>p2 move fireblast\n>p2 switch 2\n>p1 move moonblast\n>p2 move flareblitz terastallize\n>p1 switch 3\n>p1 move swordsdance\n>p2 switch 3\n>p1 move protect\n>p2 move psyshock\n>p1 move flareblitz\n>p2 move psyshock\n>p1 switch 5\n>p1 move swordsdance\n>p2 move psyshock\n>p1 move extremespeed\n>p2 move psyshock\n>p2 switch 6\n>p1 switch 4\n>p2 move psyshock\n>p1 move knockoff\n>p2 move calmmind\n>p1 move sludgebomb\n>p2 move moonlight\n>p1 switch 4\n>p2 move psyshock\n>forcelose p1", "uploadtime": 1781460412, "views": 7, "formatid": "gen9randombattle", "rating": 2064, "private": 0, "password": null}