{"id": "gen9randombattle-2631423210", "format": "[Gen 9] Random Battle", "players": ["introverde", "ogon VGC Majo"], "log": "|j|\u2606introverde\n|j|\u2606ogon VGC Majo\n|t:|1781382838\n|gametype|singles\n|player|p1|introverde|benga|1000\n|player|p2|ogon VGC Majo|biker|1000\n|gen|9\n|tier|[Gen 9] Random Battle\n|rated|\n|rule|Species Clause: Limit one of each Pok\u00e9mon\n|rule|HP Percentage Mod: HP is shown in percentages\n|rule|Sleep Clause Mod: Limit one foe put to sleep\n|rule|Illusion Level Mod: Illusion disguises the Pok\u00e9mon's true level\n|\n|t:|1781382838\n|teamsize|p1|6\n|teamsize|p2|6\n|start\n|switch|p1a: Metagross|Metagross, L79|256/256\n|switch|p2a: Bellibolt|Bellibolt, L84, M|320/320\n|turn|1\n|inactive|Battle timer is ON: inactive players will automatically lose when time's up. (requested by ogon VGC Majo)\n|\n|t:|1781382863\n|move|p1a: Metagross|Knock Off|p2a: Bellibolt\n|-damage|p2a: Bellibolt|198/320\n|-start|p2a: Bellibolt|Charge|Knock Off|[from] ability: Electromorphosis\n|-enditem|p2a: Bellibolt|Leftovers|[from] move: Knock Off|[of] p1a: Metagross\n|move|p2a: Bellibolt|Volt Switch|p1a: Metagross\n|-damage|p1a: Metagross|93/256\n|-end|p2a: Bellibolt|Charge|[silent]\n|\n|t:|1781382872\n|switch|p2a: Skeledirge|Skeledirge, L79, F|294/294|[from] Volt Switch\n|\n|upkeep\n|turn|2\n|\n|t:|1781382880\n|switch|p1a: Kingambit|Kingambit, L74, M|270/270\n|move|p2a: Skeledirge|Torch Song|p1a: Kingambit\n|-supereffective|p1a: Kingambit\n|-damage|p1a: Kingambit|94/270\n|-boost|p2a: Skeledirge|spa|1\n|\n|-heal|p1a: Kingambit|110/270|[from] item: Leftovers\n|upkeep\n|turn|3\n|\n|t:|1781382908\n|-terastallize|p1a: Kingambit|Dark\n|move|p2a: Skeledirge|Torch Song|p1a: Kingambit\n|-damage|p1a: Kingambit|0 fnt\n|-boost|p2a: Skeledirge|spa|1\n|faint|p1a: Kingambit\n|-end|p1a: Kingambit|fallenundefined|[silent]\n|\n|upkeep\n|\n|t:|1781382916\n|switch|p1a: Mabosstiff|Mabosstiff, L86, F|278/278\n|turn|4\n|\n|t:|1781382929\n|switch|p2a: Mandibuzz|Mandibuzz, L85, F|326/326\n|move|p1a: Mabosstiff|Crunch|p2a: Mandibuzz\n|-resisted|p2a: Mandibuzz\n|-damage|p2a: Mandibuzz|202/326\n|\n|upkeep\n|turn|5\n|\n|t:|1781382942\n|switch|p1a: Bellibolt|Bellibolt, L84, F|320/320\n|move|p2a: Mandibuzz|U-turn|p1a: Bellibolt\n|-damage|p1a: Bellibolt|281/320\n|-start|p1a: Bellibolt|Charge|U-turn|[from] ability: Electromorphosis\n|\n|t:|1781382953\n|switch|p2a: Blastoise|Blastoise, L80, F|258/258|[from] U-turn\n|\n|-heal|p1a: Bellibolt|301/320|[from] item: Leftovers\n|upkeep\n|turn|6\n|\n|t:|1781382963\n|-terastallize|p2a: Blastoise|Electric\n|move|p2a: Blastoise|Shell Smash|p2a: Blastoise\n|-unboost|p2a: Blastoise|def|1\n|-unboost|p2a: Blastoise|spd|1\n|-boost|p2a: Blastoise|atk|2\n|-boost|p2a: Blastoise|spa|2\n|-boost|p2a: Blastoise|spe|2\n|-enditem|p2a: Blastoise|White Herb\n|-clearnegativeboost|p2a: Blastoise|[silent]\n|move|p1a: Bellibolt|Thunderbolt|p2a: Blastoise\n|-resisted|p2a: Blastoise\n|-damage|p2a: Blastoise|171/258\n|-end|p1a: Bellibolt|Charge|[silent]\n|\n|-heal|p1a: Bellibolt|320/320|[from] item: Leftovers\n|upkeep\n|turn|7\n|\n|t:|1781382984\n|move|p2a: Blastoise|Hydro Pump|p1a: Bellibolt\n|-damage|p1a: Bellibolt|115/320\n|-start|p1a: Bellibolt|Charge|Hydro Pump|[from] ability: Electromorphosis\n|move|p1a: Bellibolt|Volt Switch|p2a: Blastoise\n|-resisted|p2a: Blastoise\n|-damage|p2a: Blastoise|105/258\n|-end|p1a: Bellibolt|Charge|[silent]\n|\n|t:|1781382993\n|switch|p1a: Metagross|Metagross, L79|93/256|[from] Volt Switch\n|\n|upkeep\n|turn|8\n|\n|t:|1781382998\n|move|p2a: Blastoise|Tera Blast|p1a: Metagross|[anim] Tera Blast Electric\n|-damage|p1a: Metagross|0 fnt\n|faint|p1a: Metagross\n|\n|upkeep\n|\n|t:|1781383003\n|switch|p1a: Quagsire|Quagsire, L84, F|297/297\n|turn|9\n|\n|t:|1781383027\n|switch|p2a: Mandibuzz|Mandibuzz, L85, F|202/326\n|move|p1a: Quagsire|Earthquake|p2a: Mandibuzz\n|-immune|p2a: Mandibuzz\n|\n|upkeep\n|turn|10\n|\n|t:|1781383035\n|move|p2a: Mandibuzz|Foul Play|p1a: Quagsire\n|-damage|p1a: Quagsire|197/297\n|move|p1a: Quagsire|Toxic|p2a: Mandibuzz\n|-status|p2a: Mandibuzz|tox\n|\n|-heal|p1a: Quagsire|215/297|[from] item: Leftovers\n|-damage|p2a: Mandibuzz|182/326 tox|[from] psn\n|upkeep\n|turn|11\n|\n|t:|1781383048\n|switch|p1a: Swanna|Swanna, L89, F|278/278\n|move|p2a: Mandibuzz|Foul Play|p1a: Swanna\n|-damage|p1a: Swanna|154/278\n|\n|-damage|p2a: Mandibuzz|142/326 tox|[from] psn\n|upkeep\n|turn|12\n|\n|t:|1781383059\n|move|p1a: Swanna|Hydro Pump|p2a: Mandibuzz|[miss]\n|-miss|p1a: Swanna|p2a: Mandibuzz\n|move|p2a: Mandibuzz|U-turn|p1a: Swanna\n|-resisted|p1a: Swanna\n|-damage|p1a: Swanna|129/278\n|\n|t:|1781383067\n|switch|p2a: Bellibolt|Bellibolt, L84, M|198/320|[from] U-turn\n|\n|upkeep\n|turn|13\n|\n|t:|1781383074\n|move|p1a: Swanna|Roost|p1a: Swanna\n|-heal|p1a: Swanna|268/278\n|-singleturn|p1a: Swanna|move: Roost\n|move|p2a: Bellibolt|Thunderbolt|p1a: Swanna\n|-supereffective|p1a: Swanna\n|-damage|p1a: Swanna|28/278\n|\n|upkeep\n|turn|14\n|\n|t:|1781383083\n|move|p1a: Swanna|Brave Bird|p2a: Bellibolt\n|-resisted|p2a: Bellibolt\n|-damage|p2a: Bellibolt|130/320\n|-start|p2a: Bellibolt|Charge|Brave Bird|[from] ability: Electromorphosis\n|-damage|p1a: Swanna|6/278|[from] Recoil\n|move|p2a: Bellibolt|Muddy Water|p1a: Swanna\n|-resisted|p1a: Swanna\n|-damage|p1a: Swanna|0 fnt\n|faint|p1a: Swanna\n|\n|upkeep\n|\n|t:|1781383095\n|switch|p1a: Quagsire|Quagsire, L84, F|215/297\n|turn|15\n|\n|t:|1781383100\n|switch|p2a: Mandibuzz|Mandibuzz, L85, F|142/326 tox\n|move|p1a: Quagsire|Toxic|p2a: Mandibuzz\n|-fail|p2a: Mandibuzz|tox\n|\n|-heal|p1a: Quagsire|233/297|[from] item: Leftovers\n|-damage|p2a: Mandibuzz|122/326 tox|[from] psn\n|upkeep\n|turn|16\n|\n|t:|1781383110\n|move|p2a: Mandibuzz|Foul Play|p1a: Quagsire\n|-damage|p1a: Quagsire|143/297\n|move|p1a: Quagsire|Recover|p1a: Quagsire\n|-heal|p1a: Quagsire|292/297\n|\n|-heal|p1a: Quagsire|297/297|[from] item: Leftovers\n|-damage|p2a: Mandibuzz|82/326 tox|[from] psn\n|upkeep\n|turn|17\n|\n|t:|1781383125\n|move|p2a: Mandibuzz|U-turn|p1a: Quagsire\n|-damage|p1a: Quagsire|261/297\n|\n|t:|1781383128\n|switch|p2a: Seviper|Seviper, L93, M|287/287|[from] U-turn\n|move|p1a: Quagsire|Spikes|p2a: Seviper\n|-sidestart|p2: ogon VGC Majo|Spikes\n|\n|-heal|p1a: Quagsire|279/297|[from] item: Leftovers\n|upkeep\n|turn|18\n|\n|t:|1781383138\n|move|p2a: Seviper|Trailblaze|p1a: Quagsire\n|-supereffective|p1a: Quagsire\n|-damage|p1a: Quagsire|79/297\n|-boost|p2a: Seviper|spe|1\n|move|p1a: Quagsire|Earthquake|p2a: Seviper\n|-supereffective|p2a: Seviper\n|-damage|p2a: Seviper|77/287\n|\n|-heal|p2a: Seviper|94/287|[from] item: Leftovers\n|-heal|p1a: Quagsire|97/297|[from] item: Leftovers\n|upkeep\n|turn|19\n|\n|t:|1781383148\n|move|p2a: Seviper|Trailblaze|p1a: Quagsire\n|-supereffective|p1a: Quagsire\n|-damage|p1a: Quagsire|0 fnt\n|-boost|p2a: Seviper|spe|1\n|faint|p1a: Quagsire\n|\n|-heal|p2a: Seviper|111/287|[from] item: Leftovers\n|upkeep\n|\n|t:|1781383157\n|switch|p1a: Mabosstiff|Mabosstiff, L86, F|278/278\n|turn|20\n|\n|t:|1781383179\n|switch|p2a: Bellibolt|Bellibolt, L84, M|130/320\n|-damage|p2a: Bellibolt|90/320|[from] Spikes\n|move|p1a: Mabosstiff|Crunch|p2a: Bellibolt\n|-damage|p2a: Bellibolt|0 fnt\n|faint|p2a: Bellibolt\n|\n|upkeep\n|inactive|ogon VGC Majo has 120 seconds left.\n|\n|t:|1781383196\n|switch|p2a: Mandibuzz|Mandibuzz, L85, F|82/326 tox\n|turn|21\n|\n|t:|1781383200\n|move|p1a: Mabosstiff|Crunch|p2a: Mandibuzz\n|-resisted|p2a: Mandibuzz\n|-damage|p2a: Mandibuzz|16/326 tox\n|move|p2a: Mandibuzz|U-turn|p1a: Mabosstiff\n|-supereffective|p1a: Mabosstiff\n|-damage|p1a: Mabosstiff|208/278\n|inactive|ogon VGC Majo has 120 seconds left.\n|\n|t:|1781383221\n|switch|p2a: Skeledirge|Skeledirge, L79, F|294/294|[from] U-turn\n|\n|upkeep\n|turn|22\n|\n|t:|1781383227\n|move|p1a: Mabosstiff|Crunch|p2a: Skeledirge\n|-supereffective|p2a: Skeledirge\n|-damage|p2a: Skeledirge|10/294\n|move|p2a: Skeledirge|Will-O-Wisp|p1a: Mabosstiff\n|-status|p1a: Mabosstiff|brn\n|\n|-damage|p1a: Mabosstiff|191/278 brn|[from] brn\n|upkeep\n|turn|23\n|\n|t:|1781383236\n|move|p1a: Mabosstiff|Crunch|p2a: Skeledirge\n|-supereffective|p2a: Skeledirge\n|-damage|p2a: Skeledirge|0 fnt\n|faint|p2a: Skeledirge\n|\n|-damage|p1a: Mabosstiff|174/278 brn|[from] brn\n|upkeep\n|\n|t:|1781383247\n|switch|p2a: Mandibuzz|Mandibuzz, L85, F|16/326 tox\n|turn|24\n|\n|t:|1781383250\n|move|p1a: Mabosstiff|Crunch|p2a: Mandibuzz\n|-resisted|p2a: Mandibuzz\n|-damage|p2a: Mandibuzz|0 fnt\n|faint|p2a: Mandibuzz\n|\n|-damage|p1a: Mabosstiff|157/278 brn|[from] brn\n|upkeep\n|\n|t:|1781383258\n|switch|p2a: Seviper|Seviper, L93, M|111/287\n|-damage|p2a: Seviper|76/287|[from] Spikes\n|turn|25\n|\n|t:|1781383265\n|move|p1a: Mabosstiff|Crunch|p2a: Seviper\n|-damage|p2a: Seviper|0 fnt\n|faint|p2a: Seviper\n|\n|-damage|p1a: Mabosstiff|140/278 brn|[from] brn\n|upkeep\n|\n|t:|1781383271\n|switch|p2a: Blastoise|Blastoise, L80, F, tera:Electric|105/258\n|-damage|p2a: Blastoise|73/258|[from] Spikes\n|turn|26\n|\n|t:|1781383278\n|move|p1a: Mabosstiff|Crunch|p2a: Blastoise\n|-damage|p2a: Blastoise|0 fnt\n|faint|p2a: Blastoise\n|\n|-damage|p1a: Mabosstiff|123/278 brn|[from] brn\n|upkeep\n|\n|t:|1781383283\n|switch|p2a: Hoopa|Hoopa, L85|275/275\n|-damage|p2a: Hoopa|241/275|[from] Spikes\n|turn|27\n|\n|t:|1781383291\n|move|p2a: Hoopa|Focus Blast|p1a: Mabosstiff\n|-supereffective|p1a: Mabosstiff\n|-damage|p1a: Mabosstiff|0 fnt\n|faint|p1a: Mabosstiff\n|\n|upkeep\n|\n|t:|1781383296\n|switch|p1a: Bellibolt|Bellibolt, L84, F|115/320\n|turn|28\n|\n|t:|1781383299\n|move|p2a: Hoopa|Focus Blast|p1a: Bellibolt\n|-damage|p1a: Bellibolt|0 fnt\n|faint|p1a: Bellibolt\n|\n|win|ogon VGC Majo\n|raw|introverde's rating: 1000 &rarr; <strong>1000</strong><br />(+0 for losing)\n|raw|ogon VGC Majo's rating: 1000 &rarr; <strong>1040</strong><br />(+40 for winning)\n|l|\u2606introverde\n|player|p1|\n", "inputlog": ">version a8376a258c1d4662feba110a92103f3664a72141\n>start {\"formatid\":\"gen9randombattle\",\"seed\":\"sodium,e01d50f65edb1b16f1c828356346bb50\",\"rated\":\"Rated battle\"}\n>player p1 {\"name\":\"introverde\",\"avatar\":\"benga\",\"rating\":1000,\"seed\":\"sodium,a22a5f541071a0bb9bbd7d1398797163\"}\n>player p2 {\"name\":\"ogon VGC Majo\",\"avatar\":\"biker\",\"rating\":1000,\"seed\":\"sodium,baf3cc092069e29fc7ad7de187af8c08\"}\n>p1 move knockoff\n>p2 move voltswitch\n>p2 switch 4\n>p1 switch 4\n>p2 move torchsong\n>p1 move kowtowcleave terastallize\n>p2 move torchsong\n>p1 switch 6\n>p1 move crunch\n>p2 switch 6\n>p1 switch 3\n>p2 move uturn\n>p2 switch 5\n>p1 move thunderbolt\n>p2 move shellsmash terastallize\n>p1 move voltswitch\n>p2 move hydropump\n>p1 switch 4\n>p1 move earthquake\n>p2 move terablast\n>p1 switch 5\n>p1 move earthquake\n>p2 switch 5\n>p1 move toxic\n>p2 move foulplay\n>p1 switch 2\n>p2 move foulplay\n>p1 move hydropump\n>p2 move uturn\n>p2 switch 4\n>p1 move roost\n>p2 move thunderbolt\n>p1 move bravebird\n>p2 move muddywater\n>p1 switch 2\n>p1 move toxic\n>p2 switch 4\n>p1 move recover\n>p2 move foulplay\n>p1 move spikes\n>p2 move uturn\n>p2 switch 3\n>p1 move earthquake\n>p2 move trailblaze\n>p1 move earthquake\n>p2 move trailblaze\n>p1 switch 3\n>p1 move crunch\n>p2 switch 4\n>p2 switch 3\n>p1 move crunch\n>p2 move uturn\n>p2 switch 6\n>p1 move crunch\n>p2 move willowisp\n>p1 move crunch\n>p2 move slackoff\n>p2 switch 6\n>p1 move crunch\n>p2 move defog\n>p2 switch 4\n>p1 move crunch\n>p2 move gunkshot\n>p2 switch 5\n>p1 move crunch\n>p2 move terablast\n>p2 switch 2\n>p1 move crunch\n>p2 move focusblast\n>p1 switch 4\n>p1 move slackoff\n>p2 move focusblast", "uploadtime": 1781383312, "views": 9, "formatid": "gen9randombattle", "rating": 1000, "private": 0, "password": null}