{"id": "gen9randombattle-2631730944", "format": "[Gen 9] Random Battle", "players": ["givemethepikachuu", "Barniekiller42064"], "log": "|j|\u2606givemethepikachuu\n|j|\u2606Barniekiller42064\n|t:|1781430158\n|gametype|singles\n|player|p1|givemethepikachuu|1|1927\n|player|p2|Barniekiller42064|crasherwake|1960\n|gen|9\n|tier|[Gen 9] Random Battle\n|rated|\n|rule|Species Clause: Limit one of each Pok\u00e9mon\n|rule|HP Percentage Mod: HP is shown in percentages\n|rule|Sleep Clause Mod: Limit one foe put to sleep\n|rule|Illusion Level Mod: Illusion disguises the Pok\u00e9mon's true level\n|\n|t:|1781430158\n|teamsize|p1|6\n|teamsize|p2|6\n|start\n|switch|p1a: Snorlax|Snorlax, L82, F|397/397\n|switch|p2a: Pachirisu|Pachirisu, L96, M|271/271\n|turn|1\n|inactive|Battle timer is ON: inactive players will automatically lose when time's up. (requested by Barniekiller42064)\n|\n|t:|1781430172\n|move|p2a: Pachirisu|Super Fang|p1a: Snorlax\n|-damage|p1a: Snorlax|199/397\n|move|p1a: Snorlax|Earthquake|p2a: Pachirisu\n|-supereffective|p2a: Pachirisu\n|-damage|p2a: Pachirisu|121/271\n|\n|upkeep\n|turn|2\n|\n|t:|1781430180\n|move|p2a: Pachirisu|U-turn|p1a: Snorlax\n|-damage|p1a: Snorlax|148/397\n|\n|t:|1781430181\n|switch|p2a: Hydreigon|Hydreigon, L79, M|275/275|[from] U-turn\n|move|p1a: Snorlax|Earthquake|p2a: Hydreigon\n|-immune|p2a: Hydreigon|[from] ability: Levitate\n|\n|upkeep\n|turn|3\n|\n|t:|1781430189\n|switch|p1a: Hatterene|Hatterene, L85, F|236/236\n|move|p2a: Hydreigon|Draco Meteor|p1a: Hatterene\n|-immune|p1a: Hatterene\n|\n|upkeep\n|turn|4\n|\n|t:|1781430202\n|switch|p2a: Pachirisu|Pachirisu, L96, M|121/271\n|switch|p1a: Snorlax|Snorlax, L82, F|148/397\n|\n|upkeep\n|turn|5\n|\n|t:|1781430207\n|move|p2a: Pachirisu|Discharge|p1a: Snorlax\n|-damage|p1a: Snorlax|96/397\n|move|p1a: Snorlax|Rest|p1a: Snorlax\n|-status|p1a: Snorlax|slp|[from] move: Rest\n|-heal|p1a: Snorlax|397/397 slp|[silent]\n|-enditem|p1a: Snorlax|Chesto Berry|[eat]\n|-curestatus|p1a: Snorlax|slp|[msg]\n|\n|upkeep\n|turn|6\n|\n|t:|1781430217\n|move|p2a: Pachirisu|Encore|p1a: Snorlax\n|-start|p1a: Snorlax|Encore\n|move|p1a: Snorlax|Rest|p1a: Snorlax\n|-fail|p1a: Snorlax|heal\n|\n|upkeep\n|turn|7\n|\n|t:|1781430233\n|move|p2a: Pachirisu|U-turn|p1a: Snorlax\n|-damage|p1a: Snorlax|349/397\n|\n|t:|1781430240\n|switch|p2a: Hydreigon|Hydreigon, L79, M|275/275|[from] U-turn\n|move|p1a: Snorlax|Rest|p1a: Snorlax\n|-status|p1a: Snorlax|slp|[from] move: Rest\n|-heal|p1a: Snorlax|397/397 slp|[silent]\n|\n|upkeep\n|turn|8\n|\n|t:|1781430251\n|move|p2a: Hydreigon|Nasty Plot|p2a: Hydreigon\n|-boost|p2a: Hydreigon|spa|2\n|cant|p1a: Snorlax|slp\n|\n|-end|p1a: Snorlax|Encore\n|upkeep\n|turn|9\n|\n|t:|1781430275\n|move|p2a: Hydreigon|Nasty Plot|p2a: Hydreigon\n|-boost|p2a: Hydreigon|spa|2\n|cant|p1a: Snorlax|slp\n|\n|upkeep\n|turn|10\n|\n|t:|1781430278\n|move|p2a: Hydreigon|Draco Meteor|p1a: Snorlax\n|-damage|p1a: Snorlax|0 fnt\n|-unboost|p2a: Hydreigon|spa|2\n|faint|p1a: Snorlax\n|-damage|p2a: Hydreigon|248/275|[from] item: Life Orb\n|\n|upkeep\n|\n|t:|1781430298\n|switch|p1a: Hatterene|Hatterene, L85, F|236/236\n|turn|11\n|\n|t:|1781430304\n|move|p2a: Hydreigon|Flash Cannon|p1a: Hatterene\n|-supereffective|p1a: Hatterene\n|-damage|p1a: Hatterene|62/236\n|-damage|p2a: Hydreigon|221/275|[from] item: Life Orb\n|move|p1a: Hatterene|Draining Kiss|p2a: Hydreigon\n|-supereffective|p2a: Hydreigon\n|-damage|p2a: Hydreigon|0 fnt\n|-heal|p1a: Hatterene|228/236|[from] drain|[of] p2a: Hydreigon\n|faint|p2a: Hydreigon\n|\n|upkeep\n|\n|t:|1781430311\n|switch|p2a: Rampardos|Rampardos, L90, M|321/321\n|turn|12\n|inactive|givemethepikachuu has 120 seconds left.\n|\n|t:|1781430359\n|move|p2a: Rampardos|Head Smash|p1a: Hatterene|[miss]\n|-miss|p2a: Rampardos|p1a: Hatterene\n|move|p1a: Hatterene|Nuzzle|p2a: Rampardos\n|-damage|p2a: Rampardos|301/321\n|-status|p2a: Rampardos|par\n|\n|upkeep\n|turn|13\n|inactive|givemethepikachuu has 90 seconds left.\n|\n|t:|1781430392\n|-terastallize|p1a: Hatterene|Steel\n|move|p2a: Rampardos|Head Smash|p1a: Hatterene\n|-resisted|p1a: Hatterene\n|-damage|p1a: Hatterene|106/236\n|-damage|p2a: Rampardos|240/321 par|[from] Recoil\n|move|p1a: Hatterene|Draining Kiss|p2a: Rampardos\n|-damage|p2a: Rampardos|143/321 par\n|-heal|p1a: Hatterene|179/236|[from] drain|[of] p2a: Rampardos\n|\n|upkeep\n|turn|14\n|inactive|givemethepikachuu has 90 seconds left.\n|\n|t:|1781430404\n|move|p2a: Rampardos|Head Smash|p1a: Hatterene\n|-resisted|p1a: Hatterene\n|-damage|p1a: Hatterene|57/236\n|-damage|p2a: Rampardos|82/321 par|[from] Recoil\n|move|p1a: Hatterene|Draining Kiss|p2a: Rampardos\n|-damage|p2a: Rampardos|0 fnt\n|-heal|p1a: Hatterene|119/236|[from] drain|[of] p2a: Rampardos\n|faint|p2a: Rampardos\n|\n|upkeep\n|\n|t:|1781430409\n|switch|p2a: Politoed|Politoed, L88, F|302/302\n|-weather|RainDance|[from] ability: Drizzle|[of] p2a: Politoed\n|turn|15\n|inactive|givemethepikachuu has 90 seconds left.\n|inactive|givemethepikachuu has 60 seconds left.\n|\n|t:|1781430456\n|move|p2a: Politoed|Surf|p1a: Hatterene\n|-damage|p1a: Hatterene|29/236\n|move|p1a: Hatterene|Nuzzle|p2a: Politoed\n|-supereffective|p2a: Politoed\n|-damage|p2a: Politoed|272/302\n|-status|p2a: Politoed|par\n|\n|-weather|RainDance|[upkeep]\n|upkeep\n|turn|16\n|inactive|givemethepikachuu has 60 seconds left.\n|\n|t:|1781430467\n|switch|p1a: Flapple|Flapple, L88, M|266/266\n|move|p2a: Politoed|Rest|p2a: Politoed\n|-status|p2a: Politoed|slp|[from] move: Rest\n|-heal|p2a: Politoed|302/302 slp|[silent]\n|-enditem|p2a: Politoed|Chesto Berry|[eat]\n|-curestatus|p2a: Politoed|slp|[msg]\n|\n|-weather|RainDance|[upkeep]\n|upkeep\n|turn|17\n|inactive|givemethepikachuu has 60 seconds left.\n|\n|t:|1781430476\n|move|p2a: Politoed|Ice Beam|p1a: Flapple\n|-supereffective|p1a: Flapple\n|-damage|p1a: Flapple|0 fnt\n|faint|p1a: Flapple\n|\n|-weather|RainDance|[upkeep]\n|upkeep\n|inactive|givemethepikachuu has 60 seconds left.\n|\n|t:|1781430487\n|switch|p1a: Venomoth|Venomoth, L84, M|255/255\n|turn|18\n|\n|t:|1781430493\n|switch|p2a: Hypno|Hypno, L95, F|315/315\n|move|p1a: Venomoth|Sleep Powder|p2a: Hypno\n|-immune|p2a: Hypno|[from] ability: Insomnia\n|\n|-weather|RainDance|[upkeep]\n|upkeep\n|turn|19\n|inactive|givemethepikachuu has 60 seconds left.\n|\n|t:|1781430519\n|move|p1a: Venomoth|Quiver Dance|p1a: Venomoth\n|-boost|p1a: Venomoth|spa|1\n|-boost|p1a: Venomoth|spd|1\n|-boost|p1a: Venomoth|spe|1\n|move|p2a: Hypno|Encore|p1a: Venomoth\n|-start|p1a: Venomoth|Encore\n|\n|-weather|none\n|upkeep\n|turn|20\n|\n|t:|1781430524\n|move|p1a: Venomoth|Quiver Dance|p1a: Venomoth\n|-boost|p1a: Venomoth|spa|1\n|-boost|p1a: Venomoth|spd|1\n|-boost|p1a: Venomoth|spe|1\n|move|p2a: Hypno|Psychic Noise|p1a: Venomoth\n|-supereffective|p1a: Venomoth\n|-damage|p1a: Venomoth|163/255\n|-start|p1a: Venomoth|move: Heal Block\n|\n|upkeep\n|turn|21\n|\n|t:|1781430530\n|move|p1a: Venomoth|Quiver Dance|p1a: Venomoth\n|-boost|p1a: Venomoth|spa|1\n|-boost|p1a: Venomoth|spd|1\n|-boost|p1a: Venomoth|spe|1\n|move|p2a: Hypno|Thunder Wave|p1a: Venomoth\n|-status|p1a: Venomoth|par\n|\n|-end|p1a: Venomoth|move: Heal Block\n|upkeep\n|turn|22\n|\n|t:|1781430539\n|move|p1a: Venomoth|Quiver Dance|p1a: Venomoth\n|-boost|p1a: Venomoth|spa|1\n|-boost|p1a: Venomoth|spd|1\n|-boost|p1a: Venomoth|spe|1\n|move|p2a: Hypno|Psychic Noise|p1a: Venomoth\n|-supereffective|p1a: Venomoth\n|-damage|p1a: Venomoth|97/255 par\n|-start|p1a: Venomoth|move: Heal Block\n|\n|-end|p1a: Venomoth|Encore\n|upkeep\n|turn|23\n|\n|t:|1781430556\n|move|p1a: Venomoth|Bug Buzz|p2a: Hypno\n|-supereffective|p2a: Hypno\n|-damage|p2a: Hypno|0 fnt\n|faint|p2a: Hypno\n|\n|-end|p1a: Venomoth|move: Heal Block\n|upkeep\n|\n|t:|1781430565\n|switch|p2a: Gardevoir|Gardevoir, L83, F|249/249\n|-ability|p2a: Gardevoir|Tinted Lens|Trace|[from] ability: Trace|[of] p1a: Venomoth\n|turn|24\n|inactive|givemethepikachuu has 90 seconds left.\n|\n|t:|1781430578\n|cant|p1a: Venomoth|par\n|move|p2a: Gardevoir|Psyshock|p1a: Venomoth\n|-supereffective|p1a: Venomoth\n|-damage|p1a: Venomoth|0 fnt\n|faint|p1a: Venomoth\n|\n|upkeep\n|\n|t:|1781430594\n|switch|p1a: Azelf|Azelf, L82|257/257\n|turn|25\n|\n|t:|1781430618\n|move|p2a: Gardevoir|Psyshock|p1a: Azelf\n|-resisted|p1a: Azelf\n|-damage|p1a: Azelf|143/257\n|move|p1a: Azelf|Psychic|p2a: Gardevoir\n|-resisted|p2a: Gardevoir\n|-damage|p2a: Gardevoir|188/249\n|-damage|p1a: Azelf|118/257|[from] item: Life Orb\n|\n|upkeep\n|turn|26\n|\n|t:|1781430623\n|move|p2a: Gardevoir|Psyshock|p1a: Azelf\n|-resisted|p1a: Azelf\n|-crit|p1a: Azelf\n|-damage|p1a: Azelf|0 fnt\n|faint|p1a: Azelf\n|\n|upkeep\n|\n|t:|1781430631\n|switch|p1a: Terapagos|Terapagos, L77, F|265/265\n|-activate|p1a: Terapagos|ability: Tera Shift\n|detailschange|p1a: Terapagos|Terapagos-Terastal, L77, F\n|-heal|p1a: Terapagos|273/273|[silent]\n|turn|27\n|\n|t:|1781430641\n|move|p2a: Gardevoir|Psyshock|p1a: Terapagos\n|-activate|p1a: Terapagos|ability: Tera Shell\n|-resisted|p1a: Terapagos\n|-damage|p1a: Terapagos|181/273\n|move|p1a: Terapagos|Calm Mind|p1a: Terapagos\n|-boost|p1a: Terapagos|spa|1\n|-boost|p1a: Terapagos|spd|1\n|\n|upkeep\n|turn|28\n|\n|t:|1781430649\n|move|p2a: Gardevoir|Psyshock|p1a: Terapagos\n|-damage|p1a: Terapagos|79/273\n|move|p1a: Terapagos|Rest|p1a: Terapagos\n|-status|p1a: Terapagos|slp|[from] move: Rest\n|-heal|p1a: Terapagos|273/273 slp|[silent]\n|-enditem|p1a: Terapagos|Chesto Berry|[eat]\n|-curestatus|p1a: Terapagos|slp|[msg]\n|\n|upkeep\n|turn|29\n|inactive|givemethepikachuu has 60 seconds left.\n|\n|t:|1781430688\n|move|p2a: Gardevoir|Psyshock|p1a: Terapagos\n|-activate|p1a: Terapagos|ability: Tera Shell\n|-resisted|p1a: Terapagos\n|-damage|p1a: Terapagos|183/273\n|move|p1a: Terapagos|Tera Starstorm|p2a: Gardevoir\n|-damage|p2a: Gardevoir|40/249\n|\n|upkeep\n|turn|30\n|inactive|givemethepikachuu has 60 seconds left.\n|\n|t:|1781430701\n|move|p2a: Gardevoir|Psyshock|p1a: Terapagos\n|-damage|p1a: Terapagos|93/273\n|move|p1a: Terapagos|Dark Pulse|p2a: Gardevoir\n|-damage|p2a: Gardevoir|0 fnt\n|faint|p2a: Gardevoir\n|\n|upkeep\n|\n|t:|1781430709\n|switch|p2a: Pachirisu|Pachirisu, L96, M|121/271\n|turn|31\n|inactive|givemethepikachuu has 60 seconds left.\n|\n|t:|1781430720\n|move|p2a: Pachirisu|Encore|p1a: Terapagos\n|-start|p1a: Terapagos|Encore\n|move|p1a: Terapagos|Dark Pulse|p2a: Pachirisu\n|-damage|p2a: Pachirisu|52/271\n|\n|upkeep\n|turn|32\n|\n|t:|1781430726\n|move|p2a: Pachirisu|Discharge|p1a: Terapagos\n|-damage|p1a: Terapagos|50/273\n|move|p1a: Terapagos|Dark Pulse|p2a: Pachirisu\n|-crit|p2a: Pachirisu\n|-damage|p2a: Pachirisu|0 fnt\n|faint|p2a: Pachirisu\n|\n|upkeep\n|\n|t:|1781430728\n|switch|p2a: Politoed|Politoed, L88, F|302/302\n|-weather|RainDance|[from] ability: Drizzle|[of] p2a: Politoed\n|turn|33\n|\n|t:|1781430741\n|switch|p1a: Hatterene|Hatterene, L85, F, tera:Steel|29/236\n|-terastallize|p2a: Politoed|Water\n|move|p2a: Politoed|Surf|p1a: Hatterene\n|-damage|p1a: Hatterene|0 fnt\n|faint|p1a: Hatterene\n|\n|-weather|RainDance|[upkeep]\n|upkeep\n|\n|t:|1781430749\n|switch|p1a: Terapagos|Terapagos-Terastal, L77, F|50/273\n|turn|34\n|\n|t:|1781430759\n|move|p1a: Terapagos|Rest|p1a: Terapagos\n|-status|p1a: Terapagos|slp|[from] move: Rest\n|-heal|p1a: Terapagos|273/273 slp|[silent]\n|move|p2a: Politoed|Surf|p1a: Terapagos\n|-activate|p1a: Terapagos|ability: Tera Shell\n|-resisted|p1a: Terapagos\n|-crit|p1a: Terapagos\n|-damage|p1a: Terapagos|131/273 slp\n|\n|-weather|RainDance|[upkeep]\n|upkeep\n|turn|35\n|-message|givemethepikachuu forfeited.\n|\n|win|Barniekiller42064\n", "uploadtime": 1781430160, "views": 3, "formatid": "gen9randombattle", "rating": null, "private": 0, "password": null}