{"id": "gen9randombattle-2631750651", "format": "[Gen 9] Random Battle", "players": ["Crysys1", "Galaxy Zodiac 24"], "log": "|j|\u2606Crysys1\n|j|\u2606Galaxy Zodiac 24\n|t:|1781433655\n|gametype|singles\n|player|p1|Crysys1|265|2175\n|player|p2|Galaxy Zodiac 24|265|2129\n|gen|9\n|tier|[Gen 9] Random Battle\n|rated|\n|rule|Species Clause: Limit one of each Pok\u00e9mon\n|rule|HP Percentage Mod: HP is shown in percentages\n|rule|Sleep Clause Mod: Limit one foe put to sleep\n|rule|Illusion Level Mod: Illusion disguises the Pok\u00e9mon's true level\n|\n|t:|1781433655\n|teamsize|p1|6\n|teamsize|p2|6\n|start\n|switch|p1a: Porygon-Z|Porygon-Z, L83|277/277\n|switch|p2a: Arbok|Arbok, L87, M|246/246\n|-ability|p2a: Arbok|Intimidate|boost\n|-unboost|p1a: Porygon-Z|atk|1\n|turn|1\n|inactive|Battle timer is ON: inactive players will automatically lose when time's up. (requested by Galaxy Zodiac 24)\n|j| mrbird077\n|\n|t:|1781433681\n|move|p1a: Porygon-Z|Tera Blast|p2a: Arbok\n|-damage|p2a: Arbok|35/246\n|-damage|p1a: Porygon-Z|250/277|[from] item: Life Orb\n|move|p2a: Arbok|Gunk Shot|p1a: Porygon-Z|[miss]\n|-miss|p2a: Arbok|p1a: Porygon-Z\n|\n|-heal|p2a: Arbok|50/246|[from] item: Leftovers\n|upkeep\n|turn|2\n|\n|t:|1781433690\n|move|p2a: Arbok|Sucker Punch|p1a: Porygon-Z\n|-damage|p1a: Porygon-Z|182/277\n|move|p1a: Porygon-Z|Tera Blast|p2a: Arbok\n|-damage|p2a: Arbok|0 fnt\n|faint|p2a: Arbok\n|-damage|p1a: Porygon-Z|155/277|[from] item: Life Orb\n|\n|upkeep\n|\n|t:|1781433696\n|switch|p2a: Scream Tail|Scream Tail, L84|330/330\n|turn|3\n|\n|t:|1781433711\n|switch|p1a: Bellossom|Bellossom, L84, F|263/263\n|move|p2a: Scream Tail|Thunder Wave|p1a: Bellossom\n|-status|p1a: Bellossom|par\n|\n|upkeep\n|turn|4\n|\n|t:|1781433717\n|-end|p2a: Scream Tail|Protosynthesis|[silent]\n|switch|p2a: Glastrier|Glastrier, L86|311/311\n|move|p1a: Bellossom|Sludge Bomb|p2a: Glastrier\n|-damage|p2a: Glastrier|264/311\n|\n|upkeep\n|turn|5\n|\n|t:|1781433723\n|switch|p1a: Cloyster|Cloyster, L80, M|211/211\n|move|p2a: Glastrier|Icicle Crash|p1a: Cloyster\n|-resisted|p1a: Cloyster\n|-damage|p1a: Cloyster|184/211\n|\n|upkeep\n|turn|6\n|\n|t:|1781433729\n|switch|p2a: Scream Tail|Scream Tail, L84|330/330\n|move|p1a: Cloyster|Hydro Pump|p2a: Scream Tail\n|-damage|p2a: Scream Tail|249/330\n|\n|-heal|p2a: Scream Tail|269/330|[from] item: Leftovers\n|upkeep\n|turn|7\n|\n|t:|1781433733\n|switch|p1a: Bellossom|Bellossom, L84, F|263/263 par\n|move|p2a: Scream Tail|Dazzling Gleam|p1a: Bellossom\n|-damage|p1a: Bellossom|208/263 par\n|\n|-heal|p2a: Scream Tail|289/330|[from] item: Leftovers\n|-heal|p1a: Bellossom|224/263 par|[from] item: Leftovers\n|upkeep\n|turn|8\n|\n|t:|1781433738\n|-end|p2a: Scream Tail|Protosynthesis|[silent]\n|switch|p2a: Dragalge|Dragalge, L88, F|258/258\n|move|p1a: Bellossom|Sludge Bomb|p2a: Dragalge\n|-resisted|p2a: Dragalge\n|-damage|p2a: Dragalge|238/258\n|\n|-heal|p2a: Dragalge|254/258|[from] item: Leftovers\n|-heal|p1a: Bellossom|240/263 par|[from] item: Leftovers\n|upkeep\n|turn|9\n|\n|t:|1781433743\n|switch|p1a: Flygon|Flygon, L82, F|265/265\n|move|p2a: Dragalge|Sludge Wave|p1a: Flygon\n|-resisted|p1a: Flygon\n|-damage|p1a: Flygon|177/265\n|\n|-heal|p2a: Dragalge|258/258|[from] item: Leftovers\n|upkeep\n|turn|10\n|\n|t:|1781433749\n|switch|p2a: Piloswine|Piloswine, L85, F|309/309\n|move|p1a: Flygon|Earthquake|p2a: Piloswine\n|-damage|p2a: Piloswine|234/309\n|\n|upkeep\n|turn|11\n|\n|t:|1781433757\n|switch|p1a: Cloyster|Cloyster, L80, M|184/211\n|move|p2a: Piloswine|Stealth Rock|p1a: Cloyster\n|-sidestart|p1: Crysys1|move: Stealth Rock\n|\n|upkeep\n|turn|12\n|\n|t:|1781433761\n|move|p1a: Cloyster|Hydro Pump|p2a: Piloswine\n|-supereffective|p2a: Piloswine\n|-damage|p2a: Piloswine|64/309\n|move|p2a: Piloswine|Roar|p1a: Cloyster\n|drag|p1a: Gardevoir|Gardevoir, L83, M|249/249\n|-damage|p1a: Gardevoir|218/249|[from] Stealth Rock\n|-ability|p1a: Gardevoir|Thick Fat|Trace|[from] ability: Trace|[of] p2a: Piloswine\n|\n|upkeep\n|turn|13\n|\n|t:|1781433767\n|move|p1a: Gardevoir|Moonblast|p2a: Piloswine\n|-damage|p2a: Piloswine|0 fnt\n|faint|p2a: Piloswine\n|\n|upkeep\n|\n|t:|1781433771\n|switch|p2a: Dragalge|Dragalge, L88, F|258/258\n|turn|14\n|\n|t:|1781433779\n|move|p1a: Gardevoir|Moonblast|p2a: Dragalge\n|-damage|p2a: Dragalge|173/258\n|move|p2a: Dragalge|Sludge Wave|p1a: Gardevoir\n|-supereffective|p1a: Gardevoir\n|-damage|p1a: Gardevoir|0 fnt\n|faint|p1a: Gardevoir\n|\n|-heal|p2a: Dragalge|189/258|[from] item: Leftovers\n|upkeep\n|\n|t:|1781433782\n|switch|p1a: Flygon|Flygon, L82, F|177/265\n|-damage|p1a: Flygon|161/265|[from] Stealth Rock\n|turn|15\n|\n|t:|1781433798\n|switch|p2a: Scream Tail|Scream Tail, L84|289/330\n|move|p1a: Flygon|Earthquake|p2a: Scream Tail\n|-damage|p2a: Scream Tail|204/330\n|\n|-heal|p2a: Scream Tail|224/330|[from] item: Leftovers\n|upkeep\n|turn|16\n|\n|t:|1781433808\n|switch|p1a: Bellossom|Bellossom, L84, F|240/263 par\n|-damage|p1a: Bellossom|208/263 par|[from] Stealth Rock\n|move|p2a: Scream Tail|Dazzling Gleam|p1a: Bellossom\n|-damage|p1a: Bellossom|150/263 par\n|\n|-heal|p2a: Scream Tail|244/330|[from] item: Leftovers\n|-heal|p1a: Bellossom|166/263 par|[from] item: Leftovers\n|upkeep\n|turn|17\n|\n|t:|1781433816\n|-end|p2a: Scream Tail|Protosynthesis|[silent]\n|switch|p2a: Glastrier|Glastrier, L86|264/311\n|move|p1a: Bellossom|Quiver Dance|p1a: Bellossom\n|-boost|p1a: Bellossom|spa|1\n|-boost|p1a: Bellossom|spd|1\n|-boost|p1a: Bellossom|spe|1\n|\n|-heal|p1a: Bellossom|182/263 par|[from] item: Leftovers\n|upkeep\n|turn|18\n|\n|t:|1781433836\n|-terastallize|p1a: Bellossom|Poison\n|move|p2a: Glastrier|Close Combat|p1a: Bellossom\n|-resisted|p1a: Bellossom\n|-damage|p1a: Bellossom|100/263 par\n|-unboost|p2a: Glastrier|def|1\n|-unboost|p2a: Glastrier|spd|1\n|move|p1a: Bellossom|Quiver Dance|p1a: Bellossom\n|-boost|p1a: Bellossom|spa|1\n|-boost|p1a: Bellossom|spd|1\n|-boost|p1a: Bellossom|spe|1\n|\n|-heal|p1a: Bellossom|116/263 par|[from] item: Leftovers\n|upkeep\n|turn|19\n|\n|t:|1781433847\n|switch|p2a: Komala|Komala, L88, F|258/258\n|-ability|p2a: Komala|Comatose\n|cant|p1a: Bellossom|par\n|\n|-heal|p1a: Bellossom|132/263 par|[from] item: Leftovers\n|upkeep\n|turn|20\n|\n|t:|1781433859\n|move|p2a: Komala|Knock Off|p1a: Bellossom\n|-damage|p1a: Bellossom|54/263 par\n|-enditem|p1a: Bellossom|Leftovers|[from] move: Knock Off|[of] p2a: Komala\n|move|p1a: Bellossom|Strength Sap|p2a: Komala\n|-unboost|p2a: Komala|atk|1\n|-heal|p1a: Bellossom|263/263 par\n|\n|upkeep\n|turn|21\n|\n|t:|1781433875\n|switch|p2a: Glastrier|Glastrier, L86|264/311\n|move|p1a: Bellossom|Quiver Dance|p1a: Bellossom\n|-boost|p1a: Bellossom|spa|1\n|-boost|p1a: Bellossom|spd|1\n|-boost|p1a: Bellossom|spe|1\n|\n|upkeep\n|turn|22\n|\n|t:|1781433880\n|move|p1a: Bellossom|Strength Sap|p2a: Glastrier\n|-unboost|p2a: Glastrier|atk|1\n|move|p2a: Glastrier|High Horsepower|p1a: Bellossom\n|-supereffective|p1a: Bellossom\n|-damage|p1a: Bellossom|87/263 par\n|\n|upkeep\n|turn|23\n|\n|t:|1781433887\n|cant|p1a: Bellossom|par\n|move|p2a: Glastrier|High Horsepower|p1a: Bellossom\n|-supereffective|p1a: Bellossom\n|-damage|p1a: Bellossom|0 fnt\n|faint|p1a: Bellossom\n|-ability|p2a: Glastrier|Chilling Neigh|boost\n|-boost|p2a: Glastrier|atk|1\n|\n|upkeep\n|-message|Crysys1 forfeited.\n|\n|win|Galaxy Zodiac 24\n", "inputlog": ">version a8376a258c1d4662feba110a92103f3664a72141\n>start {\"formatid\":\"gen9randombattle\",\"seed\":\"sodium,34ed5e89a822a4513c564c2143c48bb0\",\"rated\":\"Rated battle\"}\n>player p1 {\"name\":\"Crysys1\",\"avatar\":\"265\",\"rating\":2175,\"seed\":\"sodium,87e05ae252fb37c65cf79b3fcd55e1c5\"}\n>player p2 {\"name\":\"Galaxy Zodiac 24\",\"avatar\":\"265\",\"rating\":2129,\"seed\":\"sodium,87e41bad905f557d5b5b743dc35b49ba\"}\n>p1 move terablast\n>p2 move gunkshot\n>p1 move terablast\n>p2 move suckerpunch\n>p2 switch 2\n>p1 switch 3\n>p2 move thunderwave\n>p1 move sludgebomb\n>p2 switch 3\n>p1 switch 4\n>p2 move iciclecrash\n>p1 move hydropump\n>p2 switch 3\n>p1 switch 4\n>p2 move dazzlinggleam\n>p1 move sludgebomb\n>p2 switch 4\n>p1 switch 2\n>p2 move sludgewave\n>p1 move earthquake\n>p2 switch 6\n>p1 switch 4\n>p2 move stealthrock\n>p1 move hydropump\n>p2 move roar\n>p1 move moonblast\n>p2 move earthquake\n>p2 switch 6\n>p1 move moonblast\n>p2 move sludgewave\n>p1 switch 4\n>p1 move earthquake\n>p2 switch 4\n>p1 switch 2\n>p2 move dazzlinggleam\n>p1 move quiverdance\n>p2 switch 3\n>p1 move quiverdance terastallize\n>p2 move closecombat\n>p1 move strengthsap\n>p2 switch 5\n>p1 move strengthsap\n>p2 move knockoff\n>p1 move quiverdance\n>p2 switch 5\n>p1 move strengthsap\n>p2 move highhorsepower\n>p1 move strengthsap\n>p2 move highhorsepower\n>forcelose p1", "uploadtime": 1781433656, "views": 6, "formatid": "gen9randombattle", "rating": null, "private": 0, "password": null}