{"id": "gen9randombattle-2631498127", "format": "[Gen 9] Random Battle", "players": ["i'm_new_so_be_cool", "bluffmepls"], "log": "|badge|p1|bronze|gen9ubers|100-9\n|uhtml|medal-msg|<div class=\"broadcast-blue\">Curious what those medals under the avatar are? PS now has Ladder Seasons! For more information, check out the <a href=\"https://www.smogon.com/forums/threads/3740067/\">thread on Smogon.</a></div>\n|j|\u2606i'm_new_so_be_cool\n|j|\u2606bluffmepls\n|t:|1781392682\n|gametype|singles\n|player|p1|i'm_new_so_be_cool|unknown|2250\n|player|p2|bluffmepls|266|2218\n|gen|9\n|tier|[Gen 9] Random Battle\n|rated|\n|rule|Species Clause: Limit one of each Pok\u00e9mon\n|rule|HP Percentage Mod: HP is shown in percentages\n|rule|Sleep Clause Mod: Limit one foe put to sleep\n|rule|Illusion Level Mod: Illusion disguises the Pok\u00e9mon's true level\n|\n|t:|1781392682\n|teamsize|p1|6\n|teamsize|p2|6\n|start\n|switch|p1a: Clodsire|Clodsire, L81, F|343/343\n|switch|p2a: Dragapult|Dragapult, L77, F|262/262\n|turn|1\n|inactive|Battle timer is ON: inactive players will automatically lose when time's up. (requested by bluffmepls)\n|\n|t:|1781392704\n|move|p2a: Dragapult|Dragon Darts|p1a: Clodsire\n|-damage|p1a: Clodsire|257/343\n|-anim|p2a: Dragapult|Dragon Darts|p1a: Clodsire\n|-damage|p1a: Clodsire|162/343\n|-damage|p2a: Dragapult|236/262|[from] item: Life Orb\n|move|p1a: Clodsire|Stealth Rock|p2a: Dragapult\n|-sidestart|p2: bluffmepls|move: Stealth Rock\n|\n|-heal|p1a: Clodsire|183/343|[from] item: Leftovers\n|upkeep\n|turn|2\n|inactive|i'm_new_so_be_cool has 120 seconds left.\n|inactive|i'm_new_so_be_cool has 90 seconds left.\n|inactive|i'm_new_so_be_cool has 60 seconds left.\n|inactive|i'm_new_so_be_cool has 30 seconds left.\n|inactive|i'm_new_so_be_cool has 20 seconds left.\n|\n|t:|1781392835\n|switch|p1a: Vaporeon|Vaporeon, L86, F|364/364\n|move|p2a: Dragapult|Dragon Dance|p2a: Dragapult\n|-boost|p2a: Dragapult|atk|1\n|-boost|p2a: Dragapult|spe|1\n|\n|upkeep\n|turn|3\n|inactive|i'm_new_so_be_cool has 30 seconds left this turn.\n|inactive|i'm_new_so_be_cool has 20 seconds left.\n|inactive|i'm_new_so_be_cool has 15 seconds left.\n|inactive|i'm_new_so_be_cool has 10 seconds left.\n|\n|t:|1781392859\n|move|p2a: Dragapult|Dragon Darts|p1a: Vaporeon\n|-damage|p1a: Vaporeon|242/364\n|-anim|p2a: Dragapult|Dragon Darts|p1a: Vaporeon\n|-damage|p1a: Vaporeon|98/364\n|-damage|p2a: Dragapult|210/262|[from] item: Life Orb\n|move|p1a: Vaporeon|Scald|p2a: Dragapult\n|-resisted|p2a: Dragapult\n|-damage|p2a: Dragapult|153/262\n|\n|-heal|p1a: Vaporeon|120/364|[from] item: Leftovers\n|upkeep\n|turn|4\n|inactive|i'm_new_so_be_cool has 20 seconds left this turn.\n|inactive|i'm_new_so_be_cool has 15 seconds left.\n|inactive|i'm_new_so_be_cool has 10 seconds left.\n|\n|t:|1781392870\n|move|p2a: Dragapult|Dragon Dance|p2a: Dragapult\n|-boost|p2a: Dragapult|atk|1\n|-boost|p2a: Dragapult|spe|1\n|move|p1a: Vaporeon|Haze|p1a: Vaporeon\n|-clearallboost\n|\n|-heal|p1a: Vaporeon|142/364|[from] item: Leftovers\n|upkeep\n|turn|5\n|inactive|i'm_new_so_be_cool has 20 seconds left this turn.\n|inactive|i'm_new_so_be_cool has 15 seconds left.\n|inactive|i'm_new_so_be_cool has 10 seconds left.\n|inactive|i'm_new_so_be_cool has 5 seconds left.\n|\n|t:|1781392889\n|move|p2a: Dragapult|Dragon Darts|p1a: Vaporeon\n|-damage|p1a: Vaporeon|51/364\n|-anim|p2a: Dragapult|Dragon Darts|p1a: Vaporeon\n|-damage|p1a: Vaporeon|0 fnt\n|faint|p1a: Vaporeon\n|-damage|p2a: Dragapult|127/262|[from] item: Life Orb\n|\n|upkeep\n|inactive|i'm_new_so_be_cool has 10 seconds left this turn.\n|\n|t:|1781392892\n|switch|p1a: Trevenant|Trevenant, L89, M|296/296\n|turn|6\n|inactive|i'm_new_so_be_cool has 20 seconds left this turn.\n|\n|t:|1781392897\n|move|p2a: Dragapult|Fire Blast|p1a: Trevenant\n|-supereffective|p1a: Trevenant\n|-damage|p1a: Trevenant|135/296\n|-damage|p2a: Dragapult|101/262|[from] item: Life Orb\n|move|p1a: Trevenant|Poltergeist|p2a: Dragapult\n|-activate|p2a: Dragapult|move: Poltergeist|Life Orb\n|-supereffective|p2a: Dragapult\n|-damage|p2a: Dragapult|0 fnt\n|faint|p2a: Dragapult\n|-damage|p1a: Trevenant|106/296|[from] item: Life Orb\n|\n|upkeep\n|\n|t:|1781392902\n|switch|p2a: Cinderace|Cinderace, L77, F|249/249\n|turn|7\n|inactive|i'm_new_so_be_cool has 30 seconds left.\n|inactive|i'm_new_so_be_cool has 20 seconds left.\n|\n|t:|1781392920\n|move|p2a: Cinderace|Pyro Ball|p1a: Trevenant\n|-supereffective|p1a: Trevenant\n|-damage|p1a: Trevenant|0 fnt\n|faint|p1a: Trevenant\n|\n|upkeep\n|inactive|i'm_new_so_be_cool has 25 seconds left this turn.\n|inactive|i'm_new_so_be_cool has 20 seconds left.\n|\n|t:|1781392930\n|switch|p1a: Magmortar|Magmortar, L88, M|275/275\n|turn|8\n|inactive|i'm_new_so_be_cool has 30 seconds left this turn.\n|\n|t:|1781392947\n|move|p2a: Cinderace|High Jump Kick|p1a: Magmortar\n|-start|p2a: Cinderace|typechange|Fighting|[from] ability: Libero\n|-damage|p1a: Magmortar|119/275\n|move|p1a: Magmortar|Earthquake|p2a: Cinderace\n|-damage|p2a: Cinderace|162/249\n|\n|upkeep\n|turn|9\n|inactive|i'm_new_so_be_cool has 30 seconds left.\n|inactive|i'm_new_so_be_cool has 20 seconds left.\n|inactive|i'm_new_so_be_cool has 15 seconds left.\n|\n|t:|1781392968\n|move|p2a: Cinderace|Gunk Shot|p1a: Magmortar\n|-damage|p1a: Magmortar|31/275\n|move|p1a: Magmortar|Fire Blast|p2a: Cinderace\n|-damage|p2a: Cinderace|0 fnt\n|faint|p2a: Cinderace\n|\n|upkeep\n|\n|t:|1781392973\n|switch|p2a: Honchkrow|Honchkrow, L86, F|312/312\n|turn|10\n|inactive|i'm_new_so_be_cool has 30 seconds left this turn.\n|inactive|i'm_new_so_be_cool has 20 seconds left.\n|\n|t:|1781392985\n|switch|p1a: Glimmora|Glimmora, L75, F|248/248\n|move|p2a: Honchkrow|Sucker Punch||[still]\n|-fail|p2a: Honchkrow\n|\n|upkeep\n|turn|11\n|inactive|i'm_new_so_be_cool has 30 seconds left this turn.\n|\n|t:|1781392995\n|switch|p2a: Tinkaton|Tinkaton, L82, F|274/274\n|-damage|p2a: Tinkaton|257/274|[from] Stealth Rock\n|-ability|p2a: Tinkaton|Mold Breaker\n|move|p1a: Glimmora|Meteor Beam||[still]\n|-prepare|p1a: Glimmora|Meteor Beam\n|-boost|p1a: Glimmora|spa|1\n|-enditem|p1a: Glimmora|Power Herb\n|-anim|p1a: Glimmora|Meteor Beam|p2a: Tinkaton\n|-resisted|p2a: Tinkaton\n|-damage|p2a: Tinkaton|170/274\n|\n|-heal|p2a: Tinkaton|187/274|[from] item: Leftovers\n|upkeep\n|turn|12\n|inactive|i'm_new_so_be_cool has 30 seconds left.\n|inactive|i'm_new_so_be_cool has 20 seconds left.\n|inactive|i'm_new_so_be_cool has 15 seconds left.\n|inactive|i'm_new_so_be_cool has 10 seconds left.\n|inactive|i'm_new_so_be_cool has 5 seconds left.\n|\n|t:|1781393033\n|switch|p1a: Magmortar|Magmortar, L88, M|31/275\n|move|p2a: Tinkaton|Gigaton Hammer|p1a: Magmortar\n|-resisted|p1a: Magmortar\n|-damage|p1a: Magmortar|0 fnt\n|faint|p1a: Magmortar\n|\n|-heal|p2a: Tinkaton|204/274|[from] item: Leftovers\n|upkeep\n|inactive|i'm_new_so_be_cool has 10 seconds left this turn.\n|inactive|i'm_new_so_be_cool has 5 seconds left.\n|\n|t:|1781393038\n|switch|p1a: Clodsire|Clodsire, L81, F|183/343\n|turn|13\n|inactive|i'm_new_so_be_cool has 15 seconds left this turn.\n|inactive|i'm_new_so_be_cool has 10 seconds left.\n|\n|t:|1781393045\n|switch|p2a: Honchkrow|Honchkrow, L86, F|312/312\n|move|p1a: Clodsire|Recover|p1a: Clodsire\n|-heal|p1a: Clodsire|343/343\n|\n|upkeep\n|turn|14\n|inactive|i'm_new_so_be_cool has 20 seconds left this turn.\n|\n|t:|1781393049\n|move|p2a: Honchkrow|Brave Bird|p1a: Clodsire\n|-damage|p1a: Clodsire|115/343\n|-damage|p2a: Honchkrow|237/312|[from] Recoil\n|move|p1a: Clodsire|Gunk Shot|p2a: Honchkrow\n|-damage|p2a: Honchkrow|108/312\n|\n|-heal|p1a: Clodsire|136/343|[from] item: Leftovers\n|upkeep\n|turn|15\n|inactive|i'm_new_so_be_cool has 30 seconds left this turn.\n|inactive|i'm_new_so_be_cool has 20 seconds left.\n|inactive|i'm_new_so_be_cool has 15 seconds left.\n|inactive|i'm_new_so_be_cool has 10 seconds left.\n|inactive|i'm_new_so_be_cool has 5 seconds left.\n|\n|t:|1781393074\n|switch|p1a: Glimmora|Glimmora, L75, F|248/248\n|move|p2a: Honchkrow|Lash Out|p1a: Glimmora\n|-damage|p1a: Glimmora|139/248\n|-activate|p1a: Glimmora|ability: Toxic Debris\n|-sidestart|p2: bluffmepls|move: Toxic Spikes\n|\n|upkeep\n|turn|16\n|inactive|i'm_new_so_be_cool has 15 seconds left this turn.\n|inactive|i'm_new_so_be_cool has 10 seconds left.\n|inactive|i'm_new_so_be_cool has 5 seconds left.\n|\n|t:|1781393087\n|move|p2a: Honchkrow|Sucker Punch|p1a: Glimmora\n|-damage|p1a: Glimmora|34/248\n|-activate|p1a: Glimmora|ability: Toxic Debris\n|-sidestart|p2: bluffmepls|move: Toxic Spikes\n|move|p1a: Glimmora|Earth Power|p2a: Honchkrow\n|-immune|p2a: Honchkrow\n|\n|upkeep\n|turn|17\n|inactive|i'm_new_so_be_cool has 15 seconds left this turn.\n|inactive|i'm_new_so_be_cool has 10 seconds left.\n|inactive|i'm_new_so_be_cool has 5 seconds left.\n|\n|t:|1781393098\n|move|p2a: Honchkrow|Sucker Punch|p1a: Glimmora\n|-damage|p1a: Glimmora|0 fnt\n|faint|p1a: Glimmora\n|-ability|p2a: Honchkrow|Moxie|boost\n|-boost|p2a: Honchkrow|atk|1\n|\n|upkeep\n|inactive|i'm_new_so_be_cool has 10 seconds left this turn.\n|-message|i'm_new_so_be_cool forfeited.\n|\n|win|bluffmepls\n", "uploadtime": 1781392685, "views": 3, "formatid": "gen9randombattle", "rating": null, "private": 0, "password": null}