{"id": "gen9randombattle-2631842206", "format": "[Gen 9] Random Battle", "players": ["PrimalRazz", "smasher04"], "log": "|j|\u2606PrimalRazz\n|j|\u2606smasher04\n|t:|1781447020\n|gametype|singles\n|player|p1|PrimalRazz|scientist|1934\n|player|p2|smasher04|twins-gen4|1991\n|gen|9\n|tier|[Gen 9] Random Battle\n|rated|\n|rule|Species Clause: Limit one of each Pok\u00e9mon\n|rule|HP Percentage Mod: HP is shown in percentages\n|rule|Sleep Clause Mod: Limit one foe put to sleep\n|rule|Illusion Level Mod: Illusion disguises the Pok\u00e9mon's true level\n|\n|t:|1781447020\n|teamsize|p1|6\n|teamsize|p2|6\n|start\n|switch|p1a: Iron Hands|Iron Hands, L79|373/373\n|switch|p2a: Furret|Furret, L94, F|312/312\n|-item|p1a: Iron Hands|Assault Vest|[from] ability: Frisk|[of] p2a: Furret\n|turn|1\n|inactive|Battle timer is ON: inactive players will automatically lose when time's up. (requested by PrimalRazz)\n|\n|t:|1781447038\n|switch|p2a: Gliscor|Gliscor, L76, F|239/239\n|move|p1a: Iron Hands|Volt Switch|p2a: Gliscor\n|-immune|p2a: Gliscor\n|\n|-status|p2a: Gliscor|tox|[from] item: Toxic Orb\n|upkeep\n|turn|2\n|\n|t:|1781447062\n|-end|p1a: Iron Hands|Quark Drive|[silent]\n|switch|p1a: Wyrdeer|Wyrdeer, L87, M|321/321\n|-ability|p1a: Wyrdeer|Intimidate|boost\n|-unboost|p2a: Gliscor|atk|1\n|move|p2a: Gliscor|Protect||[still]\n|-fail|p2a: Gliscor\n|\n|upkeep\n|turn|3\n|\n|t:|1781447067\n|move|p2a: Gliscor|Toxic|p1a: Wyrdeer\n|-status|p1a: Wyrdeer|tox\n|move|p1a: Wyrdeer|Psychic Noise|p2a: Gliscor\n|-damage|p2a: Gliscor|128/239 tox\n|-start|p2a: Gliscor|move: Heal Block\n|\n|-damage|p1a: Wyrdeer|301/321 tox|[from] psn\n|upkeep\n|turn|4\n|\n|t:|1781447074\n|switch|p1a: Breloom|Breloom, L83, M|235/235\n|move|p2a: Gliscor|Protect||[still]\n|-fail|p2a: Gliscor\n|\n|-end|p2a: Gliscor|move: Heal Block\n|upkeep\n|turn|5\n|\n|t:|1781447081\n|switch|p2a: Squawkabilly|Squawkabilly-White, L89, M|291/291\n|move|p1a: Breloom|Bullet Seed|p2a: Squawkabilly\n|-resisted|p2a: Squawkabilly\n|-damage|p2a: Squawkabilly|248/291\n|-resisted|p2a: Squawkabilly\n|-damage|p2a: Squawkabilly|201/291\n|-resisted|p2a: Squawkabilly\n|-damage|p2a: Squawkabilly|156/291\n|-resisted|p2a: Squawkabilly\n|-damage|p2a: Squawkabilly|109/291\n|-resisted|p2a: Squawkabilly\n|-damage|p2a: Squawkabilly|67/291\n|-hitcount|p2a: Squawkabilly|5\n|-damage|p1a: Breloom|212/235|[from] item: Life Orb\n|\n|upkeep\n|turn|6\n|\n|t:|1781447099\n|switch|p2a: Luxray|Luxray, L88, F|284/284\n|-ability|p2a: Luxray|Intimidate|boost\n|-unboost|p1a: Breloom|atk|1\n|move|p1a: Breloom|Mach Punch|p2a: Luxray\n|-damage|p2a: Luxray|218/284\n|-damage|p1a: Breloom|189/235|[from] item: Life Orb\n|\n|upkeep\n|turn|7\n|\n|t:|1781447105\n|switch|p1a: Golurk|Golurk, L87|297/297\n|move|p2a: Luxray|Play Rough|p1a: Golurk\n|-damage|p1a: Golurk|213/297\n|\n|upkeep\n|turn|8\n|\n|t:|1781447112\n|move|p2a: Luxray|Throat Chop|p1a: Golurk\n|-supereffective|p1a: Golurk\n|-damage|p1a: Golurk|69/297\n|-start|p1a: Golurk|Throat Chop|[silent]\n|move|p1a: Golurk|Stealth Rock|p2a: Luxray\n|-sidestart|p2: smasher04|move: Stealth Rock\n|\n|upkeep\n|turn|9\n|\n|t:|1781447125\n|move|p2a: Luxray|Throat Chop|p1a: Golurk\n|-supereffective|p1a: Golurk\n|-damage|p1a: Golurk|0 fnt\n|faint|p1a: Golurk\n|\n|upkeep\n|\n|t:|1781447133\n|switch|p1a: Ambipom|Ambipom, L84, F|263/263\n|turn|10\n|\n|t:|1781447139\n|move|p1a: Ambipom|Fake Out|p2a: Luxray\n|-damage|p2a: Luxray|139/284\n|cant|p2a: Luxray|flinch\n|\n|upkeep\n|turn|11\n|\n|t:|1781447150\n|move|p1a: Ambipom|Double-Edge|p2a: Luxray\n|-damage|p2a: Luxray|0 fnt\n|faint|p2a: Luxray\n|-damage|p1a: Ambipom|217/263|[from] Recoil\n|\n|upkeep\n|\n|t:|1781447153\n|switch|p2a: Barraskewda|Barraskewda, L81, F|231/231\n|-damage|p2a: Barraskewda|203/231|[from] Stealth Rock\n|turn|12\n|\n|t:|1781447158\n|switch|p1a: Wyrdeer|Wyrdeer, L87, M|301/321 tox\n|-ability|p1a: Wyrdeer|Intimidate|boost\n|-unboost|p2a: Barraskewda|atk|1\n|-terastallize|p2a: Barraskewda|Water\n|move|p2a: Barraskewda|Flip Turn|p1a: Wyrdeer\n|-damage|p1a: Wyrdeer|199/321 tox\n|\n|t:|1781447170\n|switch|p2a: Squawkabilly|Squawkabilly-White, L89, M|67/291|[from] Flip Turn\n|\n|-heal|p1a: Wyrdeer|219/321 tox|[from] item: Leftovers\n|-damage|p1a: Wyrdeer|199/321 tox|[from] psn\n|upkeep\n|turn|13\n|\n|t:|1781447193\n|move|p2a: Squawkabilly|Foul Play|p1a: Wyrdeer\n|-supereffective|p1a: Wyrdeer\n|-damage|p1a: Wyrdeer|0 fnt\n|faint|p1a: Wyrdeer\n|\n|upkeep\n|\n|t:|1781447201\n|switch|p1a: Ambipom|Ambipom, L84, F|217/263\n|turn|14\n|\n|t:|1781447209\n|move|p2a: Squawkabilly|Quick Attack|p1a: Ambipom\n|-damage|p1a: Ambipom|138/263\n|move|p1a: Ambipom|Double-Edge|p2a: Squawkabilly\n|-damage|p2a: Squawkabilly|0 fnt\n|faint|p2a: Squawkabilly\n|-damage|p1a: Ambipom|116/263|[from] Recoil\n|\n|upkeep\n|\n|t:|1781447212\n|switch|p2a: Barraskewda|Barraskewda, L81, F, tera:Water|203/231\n|-damage|p2a: Barraskewda|175/231|[from] Stealth Rock\n|turn|15\n|\n|t:|1781447217\n|switch|p1a: Bellibolt|Bellibolt, L84, M|320/320\n|move|p2a: Barraskewda|Waterfall|p1a: Bellibolt\n|-damage|p1a: Bellibolt|146/320\n|-start|p1a: Bellibolt|Charge|Waterfall|[from] ability: Electromorphosis\n|\n|-heal|p1a: Bellibolt|166/320|[from] item: Leftovers\n|upkeep\n|turn|16\n|\n|t:|1781447233\n|move|p2a: Barraskewda|Waterfall|p1a: Bellibolt\n|-damage|p1a: Bellibolt|0 fnt\n|faint|p1a: Bellibolt\n|\n|upkeep\n|\n|t:|1781447236\n|switch|p1a: Breloom|Breloom, L83, M|189/235\n|turn|17\n|\n|t:|1781447239\n|switch|p2a: Lurantis|Lurantis, L87, F|264/264\n|-damage|p2a: Lurantis|231/264|[from] Stealth Rock\n|move|p1a: Breloom|Bullet Seed|p2a: Lurantis\n|-resisted|p2a: Lurantis\n|-damage|p2a: Lurantis|199/264\n|-resisted|p2a: Lurantis\n|-damage|p2a: Lurantis|170/264\n|-resisted|p2a: Lurantis\n|-damage|p2a: Lurantis|140/264\n|-resisted|p2a: Lurantis\n|-damage|p2a: Lurantis|109/264\n|-hitcount|p2a: Lurantis|4\n|-damage|p1a: Breloom|166/235|[from] item: Life Orb\n|\n|upkeep\n|turn|18\n|inactive|PrimalRazz has 120 seconds left.\n|\n|t:|1781447276\n|move|p1a: Breloom|Mach Punch|p2a: Lurantis\n|-damage|p2a: Lurantis|14/264\n|-damage|p1a: Breloom|143/235|[from] item: Life Orb\n|move|p2a: Lurantis|Superpower|p1a: Breloom\n|-damage|p1a: Breloom|35/235\n|-boost|p2a: Lurantis|atk|1\n|-boost|p2a: Lurantis|def|1\n|\n|upkeep\n|turn|19\n|inactive|PrimalRazz has 120 seconds left.\n|\n|t:|1781447283\n|move|p1a: Breloom|Mach Punch|p2a: Lurantis\n|-damage|p2a: Lurantis|0 fnt\n|faint|p2a: Lurantis\n|-damage|p1a: Breloom|12/235|[from] item: Life Orb\n|\n|upkeep\n|\n|t:|1781447286\n|switch|p2a: Gliscor|Gliscor, L76, F|128/239 tox\n|-damage|p2a: Gliscor|99/239 tox|[from] Stealth Rock\n|turn|20\n|\n|t:|1781447295\n|move|p2a: Gliscor|Earthquake|p1a: Breloom\n|-resisted|p1a: Breloom\n|-damage|p1a: Breloom|0 fnt\n|faint|p1a: Breloom\n|\n|-heal|p2a: Gliscor|128/239 tox|[from] ability: Poison Heal\n|upkeep\n|\n|t:|1781447297\n|switch|p1a: Ambipom|Ambipom, L84, F|116/263\n|turn|21\n|\n|t:|1781447300\n|move|p2a: Gliscor|Protect|p2a: Gliscor\n|-singleturn|p2a: Gliscor|Protect\n|move|p1a: Ambipom|Fake Out|p2a: Gliscor\n|-activate|p2a: Gliscor|move: Protect\n|\n|-heal|p2a: Gliscor|157/239 tox|[from] ability: Poison Heal\n|upkeep\n|turn|22\n|\n|t:|1781447308\n|switch|p2a: Furret|Furret, L94, F|312/312\n|-damage|p2a: Furret|273/312|[from] Stealth Rock\n|-item|p1a: Ambipom|Silk Scarf|[from] ability: Frisk|[of] p2a: Furret\n|-terastallize|p1a: Ambipom|Normal\n|move|p1a: Ambipom|Double-Edge|p2a: Furret\n|-damage|p2a: Furret|53/312\n|-damage|p1a: Ambipom|43/263|[from] Recoil\n|\n|upkeep\n|turn|23\n|\n|t:|1781447318\n|move|p1a: Ambipom|Knock Off|p2a: Furret\n|-damage|p2a: Furret|0 fnt\n|-enditem|p2a: Furret|Life Orb|[from] move: Knock Off|[of] p1a: Ambipom\n|faint|p2a: Furret\n|\n|upkeep\n|\n|t:|1781447320\n|switch|p2a: Barraskewda|Barraskewda, L81, F, tera:Water|175/231\n|-damage|p2a: Barraskewda|147/231|[from] Stealth Rock\n|turn|24\n|\n|t:|1781447327\n|move|p2a: Barraskewda|Waterfall|p1a: Ambipom\n|-damage|p1a: Ambipom|0 fnt\n|faint|p1a: Ambipom\n|\n|upkeep\n|\n|t:|1781447329\n|switch|p1a: Iron Hands|Iron Hands, L79|373/373\n|turn|25\n|\n|t:|1781447334\n|move|p2a: Barraskewda|Waterfall|p1a: Iron Hands\n|-damage|p1a: Iron Hands|193/373\n|cant|p1a: Iron Hands|flinch\n|\n|upkeep\n|turn|26\n|\n|t:|1781447338\n|move|p2a: Barraskewda|Waterfall|p1a: Iron Hands\n|-damage|p1a: Iron Hands|11/373\n|move|p1a: Iron Hands|Thunder Punch|p2a: Barraskewda\n|-supereffective|p2a: Barraskewda\n|-damage|p2a: Barraskewda|0 fnt\n|faint|p2a: Barraskewda\n|\n|upkeep\n|\n|t:|1781447341\n|switch|p2a: Gliscor|Gliscor, L76, F|157/239 tox\n|-damage|p2a: Gliscor|128/239 tox|[from] Stealth Rock\n|turn|27\n|\n|t:|1781447343\n|move|p2a: Gliscor|Earthquake|p1a: Iron Hands\n|-supereffective|p1a: Iron Hands\n|-damage|p1a: Iron Hands|0 fnt\n|faint|p1a: Iron Hands\n|-end|p1a: Iron Hands|Quark Drive|[silent]\n|\n|win|smasher04\n", "inputlog": ">version a8376a258c1d4662feba110a92103f3664a72141\n>start {\"formatid\":\"gen9randombattle\",\"seed\":\"sodium,2bff7854f9f850e0e9fae3b91e3887d2\",\"rated\":\"Rated battle\"}\n>player p1 {\"name\":\"PrimalRazz\",\"avatar\":\"scientist\",\"rating\":1934,\"seed\":\"sodium,159e1c0c0915a42dd2a359b4dd6953e9\"}\n>player p2 {\"name\":\"smasher04\",\"avatar\":\"twins-gen4\",\"rating\":1991,\"seed\":\"sodium,b6d989839fec01c30123f71a268532a0\"}\n>p1 move voltswitch\n>p2 switch 6\n>p1 switch 5\n>p2 move protect\n>p1 move psychicnoise\n>p2 move toxic\n>p1 switch 4\n>p2 move protect\n>p1 move bulletseed\n>p2 switch 3\n>p1 move machpunch\n>p2 switch 2\n>p1 switch 2\n>p2 move playrough\n>p1 move stealthrock\n>p2 move throatchop\n>p1 move dynamicpunch\n>p2 move throatchop\n>p1 switch 3\n>p1 move fakeout\n>p2 move voltswitch\n>p1 move doubleedge\n>p2 move voltswitch\n>p2 switch 5\n>p1 switch 4\n>p2 move flipturn terastallize\n>p2 switch 2\n>p1 move psychicnoise\n>p2 move foulplay\n>p1 switch 4\n>p1 move doubleedge\n>p2 move quickattack\n>p2 switch 2\n>p1 switch 6\n>p2 move waterfall\n>p1 move muddywater\n>p2 move waterfall\n>p1 switch 2\n>p1 move bulletseed\n>p2 switch 4\n>p1 move machpunch\n>p2 move superpower\n>p1 move machpunch\n>p2 move superpower\n>p2 switch 3\n>p1 move bulletseed\n>p2 move earthquake\n>p1 switch 6\n>p1 move fakeout\n>p2 move protect\n>p1 move doubleedge terastallize\n>p2 switch 6\n>p1 move knockoff\n>p2 move doubleedge\n>p2 switch 4\n>p1 move doubleedge\n>p2 move waterfall\n>p1 switch 5\n>p1 move thunderpunch\n>p2 move waterfall\n>p1 move thunderpunch\n>p2 move waterfall\n>p2 switch 6\n>p1 move heavyslam\n>p2 move earthquake", "uploadtime": 1781447022, "views": 7, "formatid": "gen9randombattle", "rating": null, "private": 0, "password": null}