{"id": "gen9randombattle-2631969261", "format": "[Gen 9] Random Battle", "players": ["DragneelSlayer01", "randomdude8876"], "log": "|j|\u2606DragneelSlayer01\n|j|\u2606randomdude8876\n|t:|1781461107\n|gametype|singles\n|player|p1|DragneelSlayer01|266|1920\n|player|p2|randomdude8876|hiker-gen4|1948\n|gen|9\n|tier|[Gen 9] Random Battle\n|rated|\n|rule|Species Clause: Limit one of each Pok\u00e9mon\n|rule|HP Percentage Mod: HP is shown in percentages\n|rule|Sleep Clause Mod: Limit one foe put to sleep\n|rule|Illusion Level Mod: Illusion disguises the Pok\u00e9mon's true level\n|\n|t:|1781461107\n|teamsize|p1|6\n|teamsize|p2|6\n|start\n|switch|p1a: Staraptor|Staraptor, L79, M|263/263\n|switch|p2a: Azumarill|Azumarill, L82, M|298/298\n|turn|1\n|inactive|Battle timer is ON: inactive players will automatically lose when time's up. (requested by randomdude8876)\n|\n|t:|1781461118\n|switch|p1a: Weezing|Weezing-Galar, L86, M|252/252\n|move|p2a: Azumarill|Liquidation|p1a: Weezing\n|-damage|p1a: Weezing|138/252\n|\n|-heal|p1a: Weezing|153/252|[from] item: Leftovers\n|upkeep\n|turn|2\n|\n|t:|1781461130\n|switch|p2a: Weezing|Weezing, L88, M|258/258\n|move|p1a: Weezing|Gunk Shot|p2a: Weezing\n|-resisted|p2a: Weezing\n|-damage|p2a: Weezing|209/258\n|\n|-heal|p2a: Weezing|225/258|[from] item: Leftovers\n|-heal|p1a: Weezing|168/252|[from] item: Leftovers\n|upkeep\n|turn|3\n|\n|t:|1781461136\n|move|p2a: Weezing|Sludge Bomb|p1a: Weezing\n|-damage|p1a: Weezing|54/252\n|move|p1a: Weezing|Will-O-Wisp|p2a: Weezing\n|-status|p2a: Weezing|brn\n|\n|-heal|p2a: Weezing|241/258 brn|[from] item: Leftovers\n|-heal|p1a: Weezing|69/252|[from] item: Leftovers\n|-damage|p2a: Weezing|225/258 brn|[from] brn\n|upkeep\n|turn|4\n|\n|t:|1781461143\n|switch|p1a: Metagross|Metagross, L79|256/256\n|move|p2a: Weezing|Sludge Bomb|p1a: Metagross\n|-immune|p1a: Metagross\n|\n|-heal|p2a: Weezing|241/258 brn|[from] item: Leftovers\n|-damage|p2a: Weezing|225/258 brn|[from] brn\n|upkeep\n|turn|5\n|\n|t:|1781461161\n|switch|p2a: Orthworm|Orthworm, L88, F|266/266\n|move|p1a: Metagross|Heavy Slam|p2a: Orthworm\n|-resisted|p2a: Orthworm\n|-damage|p2a: Orthworm|251/266\n|\n|upkeep\n|turn|6\n|\n|t:|1781461170\n|move|p2a: Orthworm|Coil|p2a: Orthworm\n|-boost|p2a: Orthworm|atk|1\n|-boost|p2a: Orthworm|def|1\n|-boost|p2a: Orthworm|accuracy|1\n|move|p1a: Metagross|Knock Off|p2a: Orthworm\n|-damage|p2a: Orthworm|214/266\n|-enditem|p2a: Orthworm|Chesto Berry|[from] move: Knock Off|[of] p1a: Metagross\n|\n|upkeep\n|turn|7\n|\n|t:|1781461179\n|switch|p1a: Weezing|Weezing-Galar, L86, M|69/252\n|move|p2a: Orthworm|Coil|p2a: Orthworm\n|-boost|p2a: Orthworm|atk|1\n|-boost|p2a: Orthworm|def|1\n|-boost|p2a: Orthworm|accuracy|1\n|\n|-heal|p1a: Weezing|84/252|[from] item: Leftovers\n|upkeep\n|turn|8\n|\n|t:|1781461182\n|move|p2a: Orthworm|Iron Tail|p1a: Weezing\n|-supereffective|p1a: Weezing\n|-damage|p1a: Weezing|0 fnt\n|faint|p1a: Weezing\n|\n|upkeep\n|\n|t:|1781461186\n|switch|p1a: Jolteon|Jolteon, L84, M|246/246\n|turn|9\n|\n|t:|1781461194\n|move|p1a: Jolteon|Thunderbolt|p2a: Orthworm\n|-damage|p2a: Orthworm|45/266\n|-damage|p1a: Jolteon|222/246|[from] item: Life Orb\n|move|p2a: Orthworm|Body Press|p1a: Jolteon\n|-damage|p1a: Jolteon|0 fnt\n|faint|p1a: Jolteon\n|\n|upkeep\n|\n|t:|1781461215\n|switch|p1a: Espathra|Espathra, L80, M|283/283\n|turn|10\n|\n|t:|1781461223\n|move|p1a: Espathra|Lumina Crash|p2a: Orthworm\n|-resisted|p2a: Orthworm\n|-damage|p2a: Orthworm|0 fnt\n|faint|p2a: Orthworm\n|\n|-ability|p1a: Espathra|Speed Boost|boost\n|-boost|p1a: Espathra|spe|1\n|upkeep\n|\n|t:|1781461229\n|switch|p2a: Snorlax|Snorlax, L82, M|397/397\n|turn|11\n|\n|t:|1781461237\n|switch|p1a: Metagross|Metagross, L79|256/256\n|move|p2a: Snorlax|Body Slam|p1a: Metagross\n|-resisted|p1a: Metagross\n|-damage|p1a: Metagross|222/256\n|\n|upkeep\n|turn|12\n|\n|t:|1781461248\n|move|p1a: Metagross|Knock Off|p2a: Snorlax\n|-damage|p2a: Snorlax|293/397\n|-enditem|p2a: Snorlax|Leftovers|[from] move: Knock Off|[of] p1a: Metagross\n|move|p2a: Snorlax|Earthquake|p1a: Metagross\n|-supereffective|p1a: Metagross\n|-damage|p1a: Metagross|100/256\n|-enditem|p1a: Metagross|Weakness Policy\n|-boost|p1a: Metagross|atk|2|[from] item: Weakness Policy\n|-boost|p1a: Metagross|spa|2|[from] item: Weakness Policy\n|\n|upkeep\n|turn|13\n|\n|t:|1781461258\n|move|p1a: Metagross|Earthquake|p2a: Snorlax\n|-damage|p2a: Snorlax|72/397\n|move|p2a: Snorlax|Body Slam|p1a: Metagross\n|-resisted|p1a: Metagross\n|-damage|p1a: Metagross|60/256\n|\n|upkeep\n|turn|14\n|\n|t:|1781461263\n|move|p1a: Metagross|Earthquake|p2a: Snorlax\n|-damage|p2a: Snorlax|0 fnt\n|faint|p2a: Snorlax\n|\n|upkeep\n|\n|t:|1781461270\n|switch|p2a: Yanmega|Yanmega, L82, M|275/275\n|turn|15\n|\n|t:|1781461275\n|move|p2a: Yanmega|Protect|p2a: Yanmega\n|-singleturn|p2a: Yanmega|Protect\n|move|p1a: Metagross|Heavy Slam|p2a: Yanmega\n|-activate|p2a: Yanmega|move: Protect\n|\n|-ability|p2a: Yanmega|Speed Boost|boost\n|-boost|p2a: Yanmega|spe|1\n|upkeep\n|turn|16\n|\n|t:|1781461278\n|move|p2a: Yanmega|Bug Buzz|p1a: Metagross\n|-damage|p1a: Metagross|0 fnt\n|faint|p1a: Metagross\n|\n|-ability|p2a: Yanmega|Speed Boost|boost\n|-boost|p2a: Yanmega|spe|1\n|upkeep\n|\n|t:|1781461287\n|switch|p1a: Staraptor|Staraptor, L79, M|263/263\n|turn|17\n|\n|t:|1781461291\n|move|p2a: Yanmega|Protect|p2a: Yanmega\n|-singleturn|p2a: Yanmega|Protect\n|move|p1a: Staraptor|Brave Bird|p2a: Yanmega\n|-activate|p2a: Yanmega|move: Protect\n|\n|-ability|p2a: Yanmega|Speed Boost|boost\n|-boost|p2a: Yanmega|spe|1\n|upkeep\n|turn|18\n|\n|t:|1781461311\n|switch|p2a: Weezing|Weezing, L88, M|225/258 brn\n|move|p1a: Staraptor|Brave Bird|p2a: Weezing\n|-damage|p2a: Weezing|35/258 brn\n|-damage|p1a: Staraptor|200/263|[from] Recoil\n|\n|-heal|p2a: Weezing|51/258 brn|[from] item: Leftovers\n|-damage|p2a: Weezing|35/258 brn|[from] brn\n|upkeep\n|turn|19\n|\n|t:|1781461318\n|move|p1a: Staraptor|Brave Bird|p2a: Weezing\n|-damage|p2a: Weezing|0 fnt\n|faint|p2a: Weezing\n|-damage|p1a: Staraptor|188/263|[from] Recoil\n|\n|upkeep\n|\n|t:|1781461334\n|switch|p2a: Slowking|Slowking-Galar, L85, M|300/300\n|turn|20\n|\n|t:|1781461346\n|move|p1a: Staraptor|Brave Bird|p2a: Slowking\n|-damage|p2a: Slowking|39/300\n|-damage|p1a: Staraptor|102/263|[from] Recoil\n|move|p2a: Slowking|Sludge Bomb|p1a: Staraptor\n|-damage|p1a: Staraptor|0 fnt\n|faint|p1a: Staraptor\n|\n|upkeep\n|\n|t:|1781461351\n|switch|p1a: Espathra|Espathra, L80, M|283/283\n|turn|21\n|\n|t:|1781461356\n|switch|p2a: Azumarill|Azumarill, L82, M|298/298\n|move|p1a: Espathra|Lumina Crash|p2a: Azumarill\n|-damage|p2a: Azumarill|159/298\n|-unboost|p2a: Azumarill|spd|2\n|\n|-ability|p1a: Espathra|Speed Boost|boost\n|-boost|p1a: Espathra|spe|1\n|upkeep\n|turn|22\n|\n|t:|1781461363\n|move|p2a: Azumarill|Aqua Jet|p1a: Espathra\n|-damage|p1a: Espathra|180/283\n|move|p1a: Espathra|Lumina Crash|p2a: Azumarill\n|-damage|p2a: Azumarill|0 fnt\n|faint|p2a: Azumarill\n|\n|-ability|p1a: Espathra|Speed Boost|boost\n|-boost|p1a: Espathra|spe|1\n|upkeep\n|\n|t:|1781461367\n|switch|p2a: Yanmega|Yanmega, L82, M|275/275\n|turn|23\n|\n|t:|1781461372\n|move|p1a: Espathra|Lumina Crash|p2a: Yanmega\n|-damage|p2a: Yanmega|97/275\n|-unboost|p2a: Yanmega|spd|2\n|move|p2a: Yanmega|Bug Buzz|p1a: Espathra\n|-supereffective|p1a: Espathra\n|-damage|p1a: Espathra|0 fnt\n|faint|p1a: Espathra\n|\n|-ability|p2a: Yanmega|Speed Boost|boost\n|-boost|p2a: Yanmega|spe|1\n|upkeep\n|\n|t:|1781461375\n|switch|p1a: Flapple|Flapple, L88, M|266/266\n|turn|24\n|\n|t:|1781461381\n|-terastallize|p1a: Flapple|Fire\n|move|p2a: Yanmega|Bug Buzz|p1a: Flapple\n|-resisted|p1a: Flapple\n|-damage|p1a: Flapple|198/266\n|-unboost|p1a: Flapple|spd|1\n|move|p1a: Flapple|Tera Blast|p2a: Yanmega|[anim] Tera Blast Fire\n|-supereffective|p2a: Yanmega\n|-damage|p2a: Yanmega|0 fnt\n|faint|p2a: Yanmega\n|\n|upkeep\n|\n|t:|1781461385\n|switch|p2a: Slowking|Slowking-Galar, L85, M|139/300\n|turn|25\n|\n|t:|1781461391\n|-terastallize|p2a: Slowking|Water\n|move|p1a: Flapple|Outrage|p2a: Slowking|[miss]\n|-miss|p1a: Flapple|p2a: Slowking\n|move|p2a: Slowking|Surf|p1a: Flapple\n|-supereffective|p1a: Flapple\n|-damage|p1a: Flapple|0 fnt\n|faint|p1a: Flapple\n|\n|win|randomdude8876\n", "inputlog": ">version a8376a258c1d4662feba110a92103f3664a72141\n>start {\"formatid\":\"gen9randombattle\",\"seed\":\"sodium,9ae80a4874480e230e27601dd429b16f\",\"rated\":\"Rated battle\"}\n>player p1 {\"name\":\"DragneelSlayer01\",\"avatar\":\"266\",\"rating\":1920,\"seed\":\"sodium,7b8ec5096f8e948966cc1b293b353ca3\"}\n>player p2 {\"name\":\"randomdude8876\",\"avatar\":\"hiker-gen4\",\"rating\":1948,\"seed\":\"sodium,424284e88d53c18fb532525e187b420f\"}\n>p1 switch 6\n>p2 move liquidation\n>p1 move gunkshot\n>p2 switch 2\n>p1 move willowisp\n>p2 move sludgebomb\n>p1 switch 3\n>p2 move sludgebomb\n>p1 move heavyslam\n>p2 switch 5\n>p1 move knockoff\n>p2 move coil\n>p1 switch 3\n>p2 move coil\n>p1 move willowisp\n>p2 move irontail\n>p1 switch 4\n>p1 move thunderbolt\n>p2 move bodypress\n>p1 switch 5\n>p1 move luminacrash\n>p2 move irontail\n>p2 switch 6\n>p1 switch 3\n>p2 move bodyslam\n>p1 move knockoff\n>p2 move earthquake\n>p1 move earthquake\n>p2 move bodyslam\n>p1 move earthquake\n>p2 move crunch\n>p2 switch 3\n>p1 move heavyslam\n>p2 move protect\n>p1 move heavyslam\n>p2 move bugbuzz\n>p1 switch 6\n>p1 move bravebird\n>p2 move protect\n>p1 move bravebird\n>p2 switch 5\n>p1 move bravebird\n>p2 move fireblast\n>p2 switch 4\n>p1 move bravebird\n>p2 move sludgebomb\n>p1 switch 3\n>p1 move luminacrash\n>p2 switch 2\n>p1 move luminacrash\n>p2 move aquajet\n>p2 switch 5\n>p1 move luminacrash\n>p2 move bugbuzz\n>p1 switch 2\n>p1 move terablast terastallize\n>p2 move bugbuzz\n>p2 switch 2\n>p1 move outrage\n>p2 move surf terastallize", "uploadtime": 1781461109, "views": 5, "formatid": "gen9randombattle", "rating": null, "private": 0, "password": null}