{"id": "gen9randombattle-2631410901", "format": "[Gen 9] Random Battle", "players": ["ababaguga", "TheLargestLad"], "log": "|j|\u2606ababaguga\n|j|\u2606TheLargestLad\n|t:|1781381364\n|gametype|singles\n|player|p1|ababaguga|170|1785\n|player|p2|TheLargestLad|neroli|1802\n|gen|9\n|tier|[Gen 9] Random Battle\n|rated|\n|rule|Species Clause: Limit one of each Pok\u00e9mon\n|rule|HP Percentage Mod: HP is shown in percentages\n|rule|Sleep Clause Mod: Limit one foe put to sleep\n|rule|Illusion Level Mod: Illusion disguises the Pok\u00e9mon's true level\n|\n|t:|1781381364\n|teamsize|p1|6\n|teamsize|p2|6\n|start\n|switch|p1a: Iron Bundle|Iron Bundle, L78|215/215\n|switch|p2a: Manaphy|Manaphy, L78|284/284\n|turn|1\n|inactive|Battle timer is ON: inactive players will automatically lose when time's up. (requested by ababaguga)\n|\n|t:|1781381385\n|move|p1a: Iron Bundle|Freeze-Dry|p2a: Manaphy\n|-supereffective|p2a: Manaphy\n|-damage|p2a: Manaphy|132/284\n|move|p2a: Manaphy|Energy Ball|p1a: Iron Bundle\n|-supereffective|p1a: Iron Bundle\n|-damage|p1a: Iron Bundle|67/215\n|\n|-heal|p2a: Manaphy|149/284|[from] item: Leftovers\n|upkeep\n|turn|2\n|\n|t:|1781381402\n|switch|p2a: Copperajah|Copperajah, L86, M|350/350\n|move|p1a: Iron Bundle|Freeze-Dry|p2a: Copperajah\n|-resisted|p2a: Copperajah\n|-damage|p2a: Copperajah|306/350\n|\n|upkeep\n|turn|3\n|\n|t:|1781381409\n|-end|p1a: Iron Bundle|Quark Drive|[silent]\n|switch|p1a: Lurantis|Lurantis, L87, M|264/264\n|move|p2a: Copperajah|Heavy Slam|p1a: Lurantis\n|-damage|p1a: Lurantis|39/264\n|\n|upkeep\n|turn|4\n|\n|t:|1781381416\n|switch|p2a: Gholdengo|Gholdengo, L77|261/261\n|move|p1a: Lurantis|Superpower|p2a: Gholdengo\n|-immune|p2a: Gholdengo\n|\n|upkeep\n|turn|5\n|\n|t:|1781381422\n|move|p2a: Gholdengo|Shadow Ball|p1a: Lurantis\n|-damage|p1a: Lurantis|0 fnt\n|faint|p1a: Lurantis\n|\n|upkeep\n|\n|t:|1781381427\n|switch|p1a: Magcargo|Magcargo, L95, F|268/268\n|turn|6\n|\n|t:|1781381432\n|move|p2a: Gholdengo|Thunder Wave|p1a: Magcargo|[miss]\n|-miss|p2a: Gholdengo|p1a: Magcargo\n|move|p1a: Magcargo|Shell Smash|p1a: Magcargo\n|-unboost|p1a: Magcargo|def|1\n|-unboost|p1a: Magcargo|spd|1\n|-boost|p1a: Magcargo|atk|2\n|-boost|p1a: Magcargo|spa|2\n|-boost|p1a: Magcargo|spe|2\n|\n|upkeep\n|turn|7\n|\n|t:|1781381446\n|switch|p2a: Manaphy|Manaphy, L78|149/284\n|move|p1a: Magcargo|Fire Blast|p2a: Manaphy\n|-resisted|p2a: Manaphy\n|-damage|p2a: Manaphy|2/284\n|\n|-heal|p2a: Manaphy|19/284|[from] item: Leftovers\n|upkeep\n|turn|8\n|\n|t:|1781381451\n|move|p1a: Magcargo|Power Gem|p2a: Manaphy\n|-damage|p2a: Manaphy|0 fnt\n|faint|p2a: Manaphy\n|\n|upkeep\n|\n|t:|1781381453\n|switch|p2a: Palkia|Palkia, L75|259/259\n|-ability|p2a: Palkia|Pressure\n|turn|9\n|inactive|ababaguga has 120 seconds left.\n|\n|t:|1781381484\n|move|p1a: Magcargo|Power Gem|p2a: Palkia\n|-damage|p2a: Palkia|94/259\n|move|p2a: Palkia|Thunder Wave|p1a: Magcargo\n|-status|p1a: Magcargo|par\n|\n|upkeep\n|turn|10\n|\n|t:|1781381507\n|move|p2a: Palkia|Hydro Pump|p1a: Magcargo|[miss]\n|-miss|p2a: Palkia|p1a: Magcargo\n|move|p1a: Magcargo|Power Gem|p2a: Palkia\n|-damage|p2a: Palkia|0 fnt\n|faint|p2a: Palkia\n|\n|upkeep\n|\n|t:|1781381516\n|switch|p2a: Deoxys|Deoxys, L74|196/196\n|-ability|p2a: Deoxys|Pressure\n|turn|11\n|\n|t:|1781381522\n|move|p2a: Deoxys|Psycho Boost|p1a: Magcargo\n|-damage|p1a: Magcargo|0 fnt\n|-unboost|p2a: Deoxys|spa|2\n|faint|p1a: Magcargo\n|-damage|p2a: Deoxys|177/196|[from] item: Life Orb\n|\n|upkeep\n|\n|t:|1781381529\n|switch|p1a: Raichu|Raichu, L88, F|249/249\n|turn|12\n|\n|t:|1781381540\n|switch|p2a: Gholdengo|Gholdengo, L77|261/261\n|move|p1a: Raichu|Thunderbolt|p2a: Gholdengo\n|-damage|p2a: Gholdengo|146/261\n|-status|p2a: Gholdengo|par\n|\n|-heal|p2a: Gholdengo|162/261 par|[from] item: Leftovers\n|upkeep\n|turn|13\n|\n|t:|1781381556\n|move|p1a: Raichu|Thunderbolt|p2a: Gholdengo\n|-damage|p2a: Gholdengo|48/261 par\n|move|p2a: Gholdengo|Shadow Ball|p1a: Raichu\n|-damage|p1a: Raichu|186/249\n|\n|-heal|p2a: Gholdengo|64/261 par|[from] item: Leftovers\n|upkeep\n|turn|14\n|\n|t:|1781381583\n|move|p1a: Raichu|Thunderbolt|p2a: Gholdengo\n|-damage|p2a: Gholdengo|0 fnt\n|faint|p2a: Gholdengo\n|\n|upkeep\n|\n|t:|1781381587\n|switch|p2a: Deoxys|Deoxys, L74|177/196\n|-ability|p2a: Deoxys|Pressure\n|turn|15\n|\n|t:|1781381599\n|move|p2a: Deoxys|Psycho Boost|p1a: Raichu\n|-damage|p1a: Raichu|44/249\n|-unboost|p2a: Deoxys|spa|2\n|-damage|p2a: Deoxys|158/196|[from] item: Life Orb\n|move|p1a: Raichu|Nuzzle|p2a: Deoxys\n|-damage|p2a: Deoxys|122/196\n|-status|p2a: Deoxys|par\n|\n|upkeep\n|turn|16\n|\n|t:|1781381605\n|move|p1a: Raichu|Thunderbolt|p2a: Deoxys\n|-damage|p2a: Deoxys|0 fnt\n|faint|p2a: Deoxys\n|\n|upkeep\n|\n|t:|1781381609\n|switch|p2a: Typhlosion|Typhlosion, L84, M|267/267\n|turn|17\n|\n|t:|1781381625\n|move|p2a: Typhlosion|Eruption|p1a: Raichu\n|-damage|p1a: Raichu|0 fnt\n|faint|p1a: Raichu\n|\n|upkeep\n|\n|t:|1781381627\n|switch|p1a: Garganacl|Garganacl, L80, M|291/291\n|turn|18\n|\n|t:|1781381632\n|switch|p2a: Copperajah|Copperajah, L86, M|306/350\n|move|p1a: Garganacl|Salt Cure|p2a: Copperajah\n|-resisted|p2a: Copperajah\n|-damage|p2a: Copperajah|282/350\n|-start|p2a: Copperajah|Salt Cure\n|\n|-damage|p2a: Copperajah|195/350|[from] Salt Cure\n|upkeep\n|turn|19\n|\n|t:|1781381635\n|move|p1a: Garganacl|Protect|p1a: Garganacl\n|-singleturn|p1a: Garganacl|Protect\n|move|p2a: Copperajah|Heavy Slam|p1a: Garganacl\n|-activate|p1a: Garganacl|move: Protect\n|\n|-damage|p2a: Copperajah|108/350|[from] Salt Cure\n|upkeep\n|turn|20\n|\n|t:|1781381638\n|move|p1a: Garganacl|Body Press|p2a: Copperajah\n|-supereffective|p2a: Copperajah\n|-damage|p2a: Copperajah|0 fnt\n|faint|p2a: Copperajah\n|\n|upkeep\n|\n|t:|1781381641\n|switch|p2a: Typhlosion|Typhlosion, L84, M|267/267\n|turn|21\n|\n|t:|1781381652\n|-terastallize|p2a: Typhlosion|Fire\n|move|p1a: Garganacl|Protect|p1a: Garganacl\n|-singleturn|p1a: Garganacl|Protect\n|move|p2a: Typhlosion|Scorching Sands|p1a: Garganacl\n|-activate|p1a: Garganacl|move: Protect\n|\n|upkeep\n|turn|22\n|\n|t:|1781381655\n|switch|p1a: Iron Bundle|Iron Bundle, L78|67/215\n|move|p2a: Typhlosion|Scorching Sands|p1a: Iron Bundle\n|-damage|p1a: Iron Bundle|0 fnt\n|faint|p1a: Iron Bundle\n|-end|p1a: Iron Bundle|Quark Drive|[silent]\n|\n|upkeep\n|\n|t:|1781381658\n|switch|p1a: Flutter Mane|Flutter Mane, L74|203/203\n|turn|23\n|\n|t:|1781381661\n|move|p2a: Typhlosion|Scorching Sands|p1a: Flutter Mane\n|-damage|p1a: Flutter Mane|163/203\n|-status|p1a: Flutter Mane|brn\n|move|p1a: Flutter Mane|Shadow Ball|p2a: Typhlosion\n|-damage|p2a: Typhlosion|146/267\n|\n|-damage|p1a: Flutter Mane|151/203 brn|[from] brn\n|upkeep\n|turn|24\n|-message|TheLargestLad forfeited.\n|\n|win|ababaguga\n|raw|ababaguga's rating: 1763 &rarr; <strong>1785</strong><br />(+22 for winning)\n|raw|TheLargestLad's rating: 1802 &rarr; <strong>1780</strong><br />(-22 for losing)\n", "inputlog": ">version a8376a258c1d4662feba110a92103f3664a72141\n>start {\"formatid\":\"gen9randombattle\",\"seed\":\"sodium,e069586b6a0f5825b95e52c7ae30a752\",\"rated\":\"Rated battle\"}\n>player p1 {\"name\":\"ababaguga\",\"avatar\":\"170\",\"rating\":1785,\"seed\":\"sodium,0af07ed5a587a8ba50ba588b19911499\"}\n>player p2 {\"name\":\"TheLargestLad\",\"avatar\":\"neroli\",\"rating\":1802,\"seed\":\"sodium,c08422e3973f5f52c1fa45d158429d93\"}\n>p1 move freezedry\n>p2 move energyball\n>p1 move freezedry\n>p2 switch 6\n>p1 switch 5\n>p2 move heavyslam\n>p1 move superpower\n>p2 switch 5\n>p1 move knockoff\n>p2 move shadowball\n>p1 switch 4\n>p1 move shellsmash\n>p2 move thunderwave\n>p1 move fireblast\n>p2 switch 6\n>p1 move powergem\n>p2 move hydropump\n>p2 switch 2\n>p1 move powergem\n>p2 move thunderwave\n>p1 move powergem\n>p2 move hydropump\n>p2 switch 3\n>p1 move fireblast\n>p2 move psychoboost\n>p1 switch 3\n>p1 move thunderbolt\n>p2 switch 6\n>p1 move thunderbolt\n>p2 move shadowball\n>p1 move thunderbolt\n>p2 move shadowball\n>p2 switch 6\n>p1 move nuzzle\n>p2 move psychoboost\n>p1 move thunderbolt\n>p2 move knockoff\n>p2 switch 4\n>p1 move nuzzle\n>p2 move eruption\n>p1 switch 2\n>p1 move saltcure\n>p2 switch 5\n>p1 move protect\n>p2 move heavyslam\n>p1 move bodypress\n>p2 move heavyslam\n>p2 switch 5\n>p1 move protect\n>p2 move scorchingsands terastallize\n>p1 switch 5\n>p2 move scorchingsands\n>p1 switch 6\n>p1 move shadowball\n>p2 move scorchingsands\n>forcelose p2", "uploadtime": 1781381666, "views": 9, "formatid": "gen9randombattle", "rating": 1780, "private": 0, "password": null}