{"id": "gen9randombattle-2631891557", "format": "[Gen 9] Random Battle", "players": ["bimiuchiratnhieu", "wout0706"], "log": "|j|\u2606bimiuchiratnhieu\n|j|\u2606wout0706\n|t:|1781452641\n|gametype|singles\n|player|p1|bimiuchiratnhieu|hilda|1933\n|player|p2|wout0706|1|1961\n|gen|9\n|tier|[Gen 9] Random Battle\n|rated|\n|rule|Species Clause: Limit one of each Pok\u00e9mon\n|rule|HP Percentage Mod: HP is shown in percentages\n|rule|Sleep Clause Mod: Limit one foe put to sleep\n|rule|Illusion Level Mod: Illusion disguises the Pok\u00e9mon's true level\n|\n|t:|1781452641\n|teamsize|p1|6\n|teamsize|p2|6\n|start\n|switch|p1a: Regidrago|Regidrago, L77|435/435\n|switch|p2a: Meowstic|Meowstic-F, L89, F|277/277\n|turn|1\n|inactive|Battle timer is ON: inactive players will automatically lose when time's up. (requested by bimiuchiratnhieu)\n|\n|t:|1781452666\n|switch|p1a: Rotom|Rotom, L88|231/231\n|move|p2a: Meowstic|Psychic|p1a: Rotom\n|-damage|p1a: Rotom|109/231\n|-damage|p2a: Meowstic|250/277|[from] item: Life Orb\n|\n|upkeep\n|turn|2\n|\n|t:|1781452676\n|move|p1a: Rotom|Shadow Ball|p2a: Meowstic\n|-supereffective|p2a: Meowstic\n|-damage|p2a: Meowstic|68/277\n|move|p2a: Meowstic|Psychic|p1a: Rotom\n|-damage|p1a: Rotom|0 fnt\n|faint|p1a: Rotom\n|-damage|p2a: Meowstic|41/277|[from] item: Life Orb\n|\n|upkeep\n|inactive|bimiuchiratnhieu has 120 seconds left.\n|\n|t:|1781452710\n|switch|p1a: Latios|Latios, L78, M|253/253\n|turn|3\n|\n|t:|1781452714\n|move|p2a: Meowstic|Dark Pulse|p1a: Latios\n|-supereffective|p1a: Latios\n|-damage|p1a: Latios|113/253\n|-damage|p2a: Meowstic|14/277|[from] item: Life Orb\n|move|p1a: Latios|Calm Mind|p1a: Latios\n|-boost|p1a: Latios|spa|1\n|-boost|p1a: Latios|spd|1\n|\n|upkeep\n|turn|4\n|\n|t:|1781452723\n|move|p2a: Meowstic|Dark Pulse|p1a: Latios\n|-supereffective|p1a: Latios\n|-damage|p1a: Latios|22/253\n|-damage|p2a: Meowstic|0 fnt|[from] item: Life Orb\n|faint|p2a: Meowstic\n|move|p1a: Latios|Recover|p1a: Latios\n|-heal|p1a: Latios|149/253\n|\n|upkeep\n|\n|t:|1781452730\n|switch|p2a: Cinccino|Cinccino, L83, M|260/260\n|turn|5\n|\n|t:|1781452745\n|-terastallize|p1a: Latios|Steel\n|move|p2a: Cinccino|Tail Slap|p1a: Latios\n|-resisted|p1a: Latios\n|-damage|p1a: Latios|127/253\n|-resisted|p1a: Latios\n|-damage|p1a: Latios|104/253\n|-resisted|p1a: Latios\n|-damage|p1a: Latios|83/253\n|-resisted|p1a: Latios\n|-damage|p1a: Latios|59/253\n|-resisted|p1a: Latios\n|-damage|p1a: Latios|36/253\n|-hitcount|p1a: Latios|5\n|move|p1a: Latios|Recover|p1a: Latios\n|-heal|p1a: Latios|163/253\n|\n|upkeep\n|turn|6\n|\n|t:|1781452755\n|move|p2a: Cinccino|U-turn|p1a: Latios\n|-resisted|p1a: Latios\n|-damage|p1a: Latios|137/253\n|\n|t:|1781452761\n|switch|p2a: Floatzel|Floatzel, L86, M|286/286|[from] U-turn\n|move|p1a: Latios|Recover|p1a: Latios\n|-heal|p1a: Latios|253/253\n|\n|upkeep\n|turn|7\n|\n|t:|1781452776\n|switch|p1a: Volcanion|Volcanion, L79|255/255\n|move|p2a: Floatzel|Flip Turn|p1a: Volcanion\n|-immune|p1a: Volcanion|[from] ability: Water Absorb\n|\n|upkeep\n|turn|8\n|l|\u2606wout0706\n|inactive|wout0706 disconnected and has a minute to reconnect!\n|player|p2|\n|j|\u2606wout0706\n|inactive|wout0706 reconnected and has 130 seconds left.\n|player|p2|wout0706|1|\n|\n|t:|1781452804\n|switch|p2a: Lapras|Lapras, L87, M|367/367\n|move|p1a: Volcanion|Sludge Bomb|p2a: Lapras\n|-damage|p2a: Lapras|299/367\n|-status|p2a: Lapras|psn\n|\n|-damage|p2a: Lapras|254/367 psn|[from] psn\n|upkeep\n|turn|9\n|inactive|bimiuchiratnhieu has 120 seconds left.\n|\n|t:|1781452855\n|switch|p1a: Regigigas|Regigigas, L84|322/322\n|-start|p1a: Regigigas|ability: Slow Start\n|move|p2a: Lapras|Dragon Dance|p2a: Lapras\n|-boost|p2a: Lapras|atk|1\n|-boost|p2a: Lapras|spe|1\n|\n|-damage|p2a: Lapras|209/367 psn|[from] psn\n|upkeep\n|turn|10\n|\n|t:|1781452863\n|move|p2a: Lapras|Icicle Spear|p1a: Regigigas\n|-damage|p1a: Regigigas|289/322\n|-damage|p1a: Regigigas|256/322\n|-damage|p1a: Regigigas|226/322\n|-crit|p1a: Regigigas\n|-damage|p1a: Regigigas|175/322\n|-hitcount|p1a: Regigigas|4\n|move|p1a: Regigigas|Knock Off|p2a: Lapras\n|-damage|p2a: Lapras|154/367 psn\n|-enditem|p2a: Lapras|Loaded Dice|[from] move: Knock Off|[of] p1a: Regigigas\n|\n|-heal|p1a: Regigigas|195/322|[from] item: Leftovers\n|-damage|p2a: Lapras|109/367 psn|[from] psn\n|upkeep\n|turn|11\n|\n|t:|1781452876\n|move|p2a: Lapras|Dragon Dance|p2a: Lapras\n|-boost|p2a: Lapras|atk|1\n|-boost|p2a: Lapras|spe|1\n|move|p1a: Regigigas|Rest|p1a: Regigigas\n|-status|p1a: Regigigas|slp|[from] move: Rest\n|-heal|p1a: Regigigas|322/322 slp|[silent]\n|\n|-damage|p2a: Lapras|64/367 psn|[from] psn\n|upkeep\n|turn|12\n|\n|t:|1781452879\n|move|p2a: Lapras|Waterfall|p1a: Regigigas\n|-damage|p1a: Regigigas|175/322 slp\n|cant|p1a: Regigigas|slp\n|cant|p1a: Regigigas|flinch\n|\n|-heal|p1a: Regigigas|195/322 slp|[from] item: Leftovers\n|-damage|p2a: Lapras|19/367 psn|[from] psn\n|upkeep\n|turn|13\n|\n|t:|1781452882\n|move|p2a: Lapras|Waterfall|p1a: Regigigas\n|-damage|p1a: Regigigas|66/322 slp\n|cant|p1a: Regigigas|slp\n|move|p1a: Regigigas|Sleep Talk|p1a: Regigigas\n|move|p1a: Regigigas|Rest||[from] move: Sleep Talk|[still]\n|-fail|p1a: Regigigas\n|\n|-heal|p1a: Regigigas|86/322 slp|[from] item: Leftovers\n|-damage|p2a: Lapras|0 fnt|[from] psn\n|faint|p2a: Lapras\n|upkeep\n|\n|t:|1781452885\n|switch|p2a: Floatzel|Floatzel, L86, M|286/286\n|turn|14\n|\n|t:|1781452894\n|move|p2a: Floatzel|Crunch|p1a: Regigigas\n|-damage|p1a: Regigigas|12/322 slp\n|-curestatus|p1a: Regigigas|slp|[msg]\n|move|p1a: Regigigas|Rest|p1a: Regigigas\n|-status|p1a: Regigigas|slp|[from] move: Rest\n|-heal|p1a: Regigigas|322/322 slp|[silent]\n|\n|-end|p1a: Regigigas|Slow Start\n|upkeep\n|turn|15\n|\n|t:|1781452899\n|switch|p2a: Bisharp|Bisharp, L79, F|232/232\n|cant|p1a: Regigigas|slp\n|move|p1a: Regigigas|Sleep Talk|p1a: Regigigas\n|move|p1a: Regigigas|Knock Off|p2a: Bisharp|[from] move: Sleep Talk\n|-resisted|p2a: Bisharp\n|-damage|p2a: Bisharp|199/232\n|-enditem|p2a: Bisharp|Eviolite|[from] move: Knock Off|[of] p1a: Regigigas\n|\n|upkeep\n|turn|16\n|\n|t:|1781452912\n|cant|p1a: Regigigas|slp\n|move|p1a: Regigigas|Sleep Talk|p1a: Regigigas\n|move|p1a: Regigigas|Knock Off|p2a: Bisharp|[from] move: Sleep Talk\n|-resisted|p2a: Bisharp\n|-damage|p2a: Bisharp|168/232\n|move|p2a: Bisharp|Swords Dance|p2a: Bisharp\n|-boost|p2a: Bisharp|atk|2\n|\n|upkeep\n|turn|17\n|\n|t:|1781452922\n|-curestatus|p1a: Regigigas|slp|[msg]\n|move|p1a: Regigigas|Body Slam|p2a: Bisharp\n|-resisted|p2a: Bisharp\n|-damage|p2a: Bisharp|101/232\n|-status|p2a: Bisharp|par\n|move|p2a: Bisharp|Swords Dance|p2a: Bisharp\n|-boost|p2a: Bisharp|atk|2\n|\n|upkeep\n|turn|18\n|\n|t:|1781452930\n|move|p1a: Regigigas|Body Slam|p2a: Bisharp\n|-resisted|p2a: Bisharp\n|-damage|p2a: Bisharp|41/232 par\n|cant|p2a: Bisharp|par\n|\n|upkeep\n|turn|19\n|\n|t:|1781452936\n|move|p2a: Bisharp|Sucker Punch|p1a: Regigigas\n|-damage|p1a: Regigigas|124/322\n|move|p1a: Regigigas|Body Slam|p2a: Bisharp\n|-resisted|p2a: Bisharp\n|-damage|p2a: Bisharp|0 fnt\n|faint|p2a: Bisharp\n|\n|-heal|p1a: Regigigas|144/322|[from] item: Leftovers\n|upkeep\n|\n|t:|1781452941\n|switch|p2a: Floatzel|Floatzel, L86, M|286/286\n|turn|20\n|\n|t:|1781452967\n|move|p2a: Floatzel|Wave Crash|p1a: Regigigas\n|-damage|p1a: Regigigas|0 fnt\n|faint|p1a: Regigigas\n|-end|p1a: Regigigas|Slow Start|[silent]\n|-damage|p2a: Floatzel|238/286|[from] Recoil\n|\n|upkeep\n|\n|t:|1781452973\n|switch|p1a: Volcanion|Volcanion, L79|255/255\n|turn|21\n|\n|t:|1781452981\n|switch|p2a: Vileplume|Vileplume, L85, M|266/266\n|move|p1a: Volcanion|Sludge Bomb|p2a: Vileplume\n|-damage|p2a: Vileplume|196/266\n|\n|-heal|p2a: Vileplume|212/266|[from] item: Leftovers\n|upkeep\n|turn|22\n|\n|t:|1781452993\n|switch|p1a: Latios|Latios, L78, M, tera:Steel|253/253\n|move|p2a: Vileplume|Sludge Bomb|p1a: Latios\n|-immune|p1a: Latios\n|\n|-heal|p2a: Vileplume|228/266|[from] item: Leftovers\n|upkeep\n|turn|23\n|\n|t:|1781452997\n|move|p1a: Latios|Psyshock|p2a: Vileplume\n|-supereffective|p2a: Vileplume\n|-damage|p2a: Vileplume|18/266\n|move|p2a: Vileplume|Leech Seed|p1a: Latios\n|-start|p1a: Latios|move: Leech Seed\n|\n|-heal|p2a: Vileplume|34/266|[from] item: Leftovers\n|-damage|p1a: Latios|222/253|[from] Leech Seed|[of] p2a: Vileplume\n|-heal|p2a: Vileplume|65/266|[silent]\n|upkeep\n|turn|24\n|\n|t:|1781453007\n|move|p1a: Latios|Psyshock|p2a: Vileplume\n|-supereffective|p2a: Vileplume\n|-damage|p2a: Vileplume|0 fnt\n|faint|p2a: Vileplume\n|\n|upkeep\n|\n|t:|1781453010\n|switch|p2a: Floatzel|Floatzel, L86, M|238/286\n|turn|25\n|inactive|bimiuchiratnhieu has 120 seconds left.\n|\n|t:|1781453052\n|move|p2a: Floatzel|Crunch|p1a: Latios\n|-damage|p1a: Latios|106/253\n|move|p1a: Latios|Draco Meteor|p2a: Floatzel|[miss]\n|-miss|p1a: Latios|p2a: Floatzel\n|\n|-damage|p1a: Latios|75/253|[from] Leech Seed|[of] p2a: Floatzel\n|-heal|p2a: Floatzel|269/286|[silent]\n|upkeep\n|turn|26\n|\n|t:|1781453057\n|switch|p1a: Slither Wing|Slither Wing, L81|270/270\n|-enditem|p1a: Slither Wing|Booster Energy\n|-activate|p1a: Slither Wing|ability: Protosynthesis|[fromitem]\n|-start|p1a: Slither Wing|protosynthesisatk\n|move|p2a: Floatzel|Crunch|p1a: Slither Wing\n|-resisted|p1a: Slither Wing\n|-damage|p1a: Slither Wing|222/270\n|\n|upkeep\n|turn|27\n|-message|wout0706 forfeited.\n|\n|win|bimiuchiratnhieu\n", "inputlog": ">version a8376a258c1d4662feba110a92103f3664a72141\n>start {\"formatid\":\"gen9randombattle\",\"seed\":\"sodium,d3776fc62672412298b07ffeec0be3d9\",\"rated\":\"Rated battle\"}\n>player p1 {\"name\":\"bimiuchiratnhieu\",\"avatar\":\"hilda\",\"rating\":1933,\"seed\":\"sodium,df8e7f19c7badba8356852655de420c0\"}\n>player p2 {\"name\":\"wout0706\",\"avatar\":\"1\",\"rating\":1961,\"seed\":\"sodium,f322327ad38cb1ab3a9507d0ecb96f30\"}\n>p1 switch 6\n>p2 move psychic\n>p1 move shadowball\n>p2 move psychic\n>p1 switch 5\n>p1 move calmmind\n>p2 move darkpulse\n>p1 move recover\n>p2 move darkpulse\n>p2 switch 4\n>p1 move recover terastallize\n>p2 move tailslap\n>p1 move recover\n>p2 move uturn\n>p2 switch 2\n>p1 switch 4\n>p2 move flipturn\n>p1 move sludgebomb\n>p2 switch 5\n>p1 switch 2\n>p2 move dragondance\n>p1 move knockoff\n>p2 move iciclespear\n>p1 move rest\n>p2 move dragondance\n>p1 move sleeptalk\n>p2 move waterfall\n>p1 move sleeptalk\n>p2 move waterfall\n>p2 switch 5\n>p1 move rest\n>p2 move crunch\n>p1 move sleeptalk\n>p2 switch 3\n>p1 move sleeptalk\n>p2 move swordsdance\n>p1 move bodyslam\n>p2 move swordsdance\n>p1 move bodyslam\n>p2 move ironhead\n>p1 move bodyslam\n>p2 move suckerpunch\n>p2 switch 3\n>p1 move rest\n>p2 move wavecrash\n>p1 switch 2\n>p1 move sludgebomb\n>p2 switch 6\n>p1 switch 4\n>p2 move sludgebomb\n>p1 move psyshock\n>p2 move leechseed\n>p1 move psyshock\n>p2 move strengthsap\n>p2 switch 6\n>p1 move dracometeor\n>p2 move crunch\n>p1 switch 3\n>p2 move crunch\n>forcelose p2", "uploadtime": 1781452644, "views": 6, "formatid": "gen9randombattle", "rating": null, "private": 0, "password": null}