{"id": "gen9randombattle-2631707395", "format": "[Gen 9] Random Battle", "players": ["Infamous20111", "gothampaladin"], "log": "|j|\u2606Infamous20111\n|j|\u2606gothampaladin\n|t:|1781425781\n|gametype|singles\n|player|p1|Infamous20111|266|2199\n|player|p2|gothampaladin|flannery|2185\n|gen|9\n|tier|[Gen 9] Random Battle\n|rated|\n|rule|Species Clause: Limit one of each Pok\u00e9mon\n|rule|HP Percentage Mod: HP is shown in percentages\n|rule|Sleep Clause Mod: Limit one foe put to sleep\n|rule|Illusion Level Mod: Illusion disguises the Pok\u00e9mon's true level\n|\n|t:|1781425781\n|teamsize|p1|6\n|teamsize|p2|6\n|start\n|switch|p1a: Bruxish|Bruxish, L85, M|254/254\n|switch|p2a: Tatsugiri|Tatsugiri, L87, F|260/260\n|turn|1\n|inactive|Battle timer is ON: inactive players will automatically lose when time's up. (requested by Infamous20111)\n|\n|t:|1781425800\n|move|p1a: Bruxish|Swords Dance|p1a: Bruxish\n|-boost|p1a: Bruxish|atk|2\n|move|p2a: Tatsugiri|Draco Meteor|p1a: Bruxish\n|-damage|p1a: Bruxish|47/254\n|-unboost|p2a: Tatsugiri|spa|2\n|\n|upkeep\n|turn|2\n|\n|t:|1781425826\n|move|p1a: Bruxish|Crunch|p2a: Tatsugiri\n|-damage|p2a: Tatsugiri|0 fnt\n|faint|p2a: Tatsugiri\n|-damage|p1a: Bruxish|22/254|[from] item: Life Orb\n|\n|upkeep\n|\n|t:|1781425832\n|switch|p2a: Enamorus|Enamorus, L79, F|247/247\n|turn|3\n|\n|t:|1781425836\n|move|p2a: Enamorus|Moonblast|p1a: Bruxish\n|-damage|p1a: Bruxish|0 fnt\n|faint|p1a: Bruxish\n|\n|upkeep\n|\n|t:|1781425851\n|switch|p1a: Tinkaton|Tinkaton, L82, F|274/274\n|-ability|p1a: Tinkaton|Mold Breaker\n|turn|4\n|\n|t:|1781425860\n|move|p2a: Enamorus|Substitute|p2a: Enamorus\n|-start|p2a: Enamorus|Substitute\n|-damage|p2a: Enamorus|186/247\n|move|p1a: Tinkaton|Thunder Wave|p2a: Enamorus|[miss]\n|-miss|p1a: Tinkaton|p2a: Enamorus\n|\n|-heal|p2a: Enamorus|201/247|[from] item: Leftovers\n|upkeep\n|turn|5\n|\n|t:|1781425865\n|move|p2a: Enamorus|Calm Mind|p2a: Enamorus\n|-boost|p2a: Enamorus|spa|1\n|-boost|p2a: Enamorus|spd|1\n|move|p1a: Tinkaton|Gigaton Hammer|p2a: Enamorus\n|-supereffective|p2a: Enamorus\n|-end|p2a: Enamorus|Substitute\n|\n|-heal|p2a: Enamorus|216/247|[from] item: Leftovers\n|upkeep\n|turn|6\n|\n|t:|1781425871\n|move|p2a: Enamorus|Earth Power|p1a: Tinkaton\n|-supereffective|p1a: Tinkaton\n|-damage|p1a: Tinkaton|80/274\n|move|p1a: Tinkaton|Encore|p2a: Enamorus\n|-start|p2a: Enamorus|Encore\n|\n|-heal|p2a: Enamorus|231/247|[from] item: Leftovers\n|-heal|p1a: Tinkaton|97/274|[from] item: Leftovers\n|upkeep\n|turn|7\n|\n|t:|1781425880\n|switch|p1a: Articuno|Articuno-Galar, L84|288/288\n|move|p2a: Enamorus|Earth Power|p1a: Articuno\n|-immune|p1a: Articuno\n|\n|-heal|p2a: Enamorus|246/247|[from] item: Leftovers\n|upkeep\n|turn|8\n|\n|t:|1781425892\n|switch|p2a: Fezandipiti|Fezandipiti, L82, M|278/278\n|move|p1a: Articuno|Calm Mind|p1a: Articuno\n|-boost|p1a: Articuno|spa|1\n|-boost|p1a: Articuno|spd|1\n|\n|upkeep\n|turn|9\n|\n|t:|1781425897\n|move|p2a: Fezandipiti|Gunk Shot|p1a: Articuno\n|-damage|p1a: Articuno|177/288\n|-status|p1a: Articuno|tox|[from] ability: Toxic Chain|[of] p2a: Fezandipiti\n|move|p1a: Articuno|Freezing Glare|p2a: Fezandipiti\n|-supereffective|p2a: Fezandipiti\n|-damage|p2a: Fezandipiti|20/278\n|\n|-heal|p2a: Fezandipiti|37/278|[from] item: Leftovers\n|-damage|p1a: Articuno|159/288 tox|[from] psn\n|upkeep\n|turn|10\n|\n|t:|1781425903\n|move|p2a: Fezandipiti|Gunk Shot|p1a: Articuno\n|-damage|p1a: Articuno|39/288 tox\n|move|p1a: Articuno|Freezing Glare|p2a: Fezandipiti\n|-supereffective|p2a: Fezandipiti\n|-damage|p2a: Fezandipiti|0 fnt\n|faint|p2a: Fezandipiti\n|\n|-damage|p1a: Articuno|3/288 tox|[from] psn\n|upkeep\n|\n|t:|1781425909\n|switch|p2a: Enamorus|Enamorus, L79, F|246/247\n|turn|11\n|\n|t:|1781425911\n|move|p2a: Enamorus|Moonblast|p1a: Articuno\n|-damage|p1a: Articuno|0 fnt\n|faint|p1a: Articuno\n|\n|-heal|p2a: Enamorus|247/247|[from] item: Leftovers\n|upkeep\n|\n|t:|1781425918\n|switch|p1a: Dunsparce|Dunsparce, L86, F|312/312\n|turn|12\n|\n|t:|1781425924\n|switch|p2a: Tsareena|Tsareena, L87, F|267/267\n|move|p1a: Dunsparce|Coil|p1a: Dunsparce\n|-boost|p1a: Dunsparce|atk|1\n|-boost|p1a: Dunsparce|def|1\n|-boost|p1a: Dunsparce|accuracy|1\n|\n|upkeep\n|turn|13\n|\n|t:|1781425928\n|move|p2a: Tsareena|High Jump Kick|p1a: Dunsparce\n|-supereffective|p1a: Dunsparce\n|-damage|p1a: Dunsparce|164/312\n|-damage|p2a: Tsareena|241/267|[from] item: Life Orb\n|move|p1a: Dunsparce|Body Slam|p2a: Tsareena\n|-damage|p2a: Tsareena|145/267\n|\n|upkeep\n|turn|14\n|\n|t:|1781425936\n|move|p2a: Tsareena|High Jump Kick|p1a: Dunsparce\n|-supereffective|p1a: Dunsparce\n|-damage|p1a: Dunsparce|16/312\n|-damage|p2a: Tsareena|119/267|[from] item: Life Orb\n|move|p1a: Dunsparce|Body Slam|p2a: Tsareena\n|-damage|p2a: Tsareena|14/267\n|\n|upkeep\n|turn|15\n|\n|t:|1781425945\n|switch|p1a: Corviknight|Corviknight, L80, F|288/288\n|move|p2a: Tsareena|High Jump Kick|p1a: Corviknight\n|-damage|p1a: Corviknight|142/288\n|-damage|p2a: Tsareena|0 fnt|[from] item: Life Orb\n|faint|p2a: Tsareena\n|\n|-heal|p1a: Corviknight|160/288|[from] item: Leftovers\n|upkeep\n|\n|t:|1781425954\n|switch|p2a: Garganacl|Garganacl, L80, F|291/291\n|turn|16\n|\n|t:|1781425957\n|move|p1a: Corviknight|U-turn|p2a: Garganacl\n|-crit|p2a: Garganacl\n|-damage|p2a: Garganacl|240/291\n|\n|t:|1781425960\n|switch|p1a: Tinkaton|Tinkaton, L82, F|97/274|[from] U-turn\n|-ability|p1a: Tinkaton|Mold Breaker\n|move|p2a: Garganacl|Salt Cure|p1a: Tinkaton\n|-resisted|p1a: Tinkaton\n|-damage|p1a: Tinkaton|76/274\n|-start|p1a: Tinkaton|Salt Cure\n|\n|-heal|p1a: Tinkaton|93/274|[from] item: Leftovers\n|-heal|p2a: Garganacl|258/291|[from] item: Leftovers\n|-damage|p1a: Tinkaton|25/274|[from] Salt Cure\n|upkeep\n|turn|17\n|\n|t:|1781425967\n|switch|p1a: Dunsparce|Dunsparce, L86, F|16/312\n|move|p2a: Garganacl|Iron Defense|p2a: Garganacl\n|-boost|p2a: Garganacl|def|2\n|\n|-heal|p2a: Garganacl|276/291|[from] item: Leftovers\n|upkeep\n|turn|18\n|\n|t:|1781425984\n|switch|p1a: Tinkaton|Tinkaton, L82, F|25/274\n|-ability|p1a: Tinkaton|Mold Breaker\n|move|p2a: Garganacl|Body Press|p1a: Tinkaton\n|-damage|p1a: Tinkaton|0 fnt\n|faint|p1a: Tinkaton\n|\n|-heal|p2a: Garganacl|291/291|[from] item: Leftovers\n|upkeep\n|-message|Infamous20111 forfeited.\n|\n|win|gothampaladin\n", "inputlog": ">version a8376a258c1d4662feba110a92103f3664a72141\n>start {\"formatid\":\"gen9randombattle\",\"seed\":\"sodium,92be8477cd88922fd3da5130bf9de2d8\",\"rated\":\"Rated battle\"}\n>player p1 {\"name\":\"Infamous20111\",\"avatar\":\"266\",\"rating\":2199,\"seed\":\"sodium,ea649e2ffc4dacfaa94aae866315bd0a\"}\n>player p2 {\"name\":\"gothampaladin\",\"avatar\":\"flannery\",\"rating\":2185,\"seed\":\"sodium,be99a7502242f4d694bfee3d2a1a1cdf\"}\n>p1 move swordsdance\n>p2 move dracometeor\n>p1 move crunch\n>p2 move dracometeor\n>p2 switch 6\n>p1 move wavecrash\n>p2 move moonblast\n>p1 switch 3\n>p1 move thunderwave\n>p2 move substitute\n>p1 move gigatonhammer\n>p2 move calmmind\n>p1 move encore\n>p2 move earthpower\n>p1 switch 6\n>p2 move earthpower\n>p1 move calmmind\n>p2 switch 4\n>p1 move freezingglare\n>p2 move gunkshot\n>p1 move freezingglare\n>p2 move gunkshot\n>p2 switch 4\n>p1 move freezingglare\n>p2 move moonblast\n>p1 switch 5\n>p1 move coil\n>p2 switch 5\n>p1 move bodyslam\n>p2 move highjumpkick\n>p1 move bodyslam\n>p2 move highjumpkick\n>p1 switch 2\n>p2 move highjumpkick\n>p2 switch 2\n>p1 move uturn\n>p2 move saltcure\n>p1 switch 6\n>p1 switch 2\n>p2 move irondefense\n>p1 switch 2\n>p2 move bodypress\n>forcelose p1", "uploadtime": 1781425783, "views": 5, "formatid": "gen9randombattle", "rating": null, "private": 0, "password": null}