{"id": "gen9randombattle-2631423709", "format": "[Gen 9] Random Battle", "players": ["Porygon Zzium Z", "opik8"], "log": "|j|\u2606Porygon Zzium Z\n|j|\u2606opik8\n|t:|1781382897\n|gametype|singles\n|player|p1|Porygon Zzium Z|169|1960\n|player|p2|opik8|colress|1943\n|gen|9\n|tier|[Gen 9] Random Battle\n|rated|\n|rule|Species Clause: Limit one of each Pok\u00e9mon\n|rule|HP Percentage Mod: HP is shown in percentages\n|rule|Sleep Clause Mod: Limit one foe put to sleep\n|rule|Illusion Level Mod: Illusion disguises the Pok\u00e9mon's true level\n|\n|t:|1781382897\n|teamsize|p1|6\n|teamsize|p2|6\n|start\n|switch|p1a: Phione|Phione, L91|293/293\n|switch|p2a: Venusaur|Venusaur, L84, M|272/272\n|turn|1\n|inactive|Battle timer is ON: inactive players will automatically lose when time's up. (requested by Porygon Zzium Z)\n|j| bryhhn1\n|\n|t:|1781382908\n|move|p1a: Phione|Take Heart|p1a: Phione\n|-boost|p1a: Phione|spa|1\n|-boost|p1a: Phione|spd|1\n|move|p2a: Venusaur|Knock Off|p1a: Phione\n|-damage|p1a: Phione|231/293\n|-enditem|p1a: Phione|Leftovers|[from] move: Knock Off|[of] p2a: Venusaur\n|\n|upkeep\n|turn|2\n|j| Sanatan Dharma\n|\n|t:|1781382917\n|move|p1a: Phione|Ice Beam|p2a: Venusaur\n|-supereffective|p2a: Venusaur\n|-damage|p2a: Venusaur|102/272\n|move|p2a: Venusaur|Energy Ball|p1a: Phione\n|-supereffective|p1a: Phione\n|-damage|p1a: Phione|105/293\n|\n|-heal|p2a: Venusaur|119/272|[from] item: Leftovers\n|upkeep\n|turn|3\n|\n|t:|1781382924\n|switch|p2a: Manaphy|Manaphy, L78|284/284\n|move|p1a: Phione|Ice Beam|p2a: Manaphy\n|-resisted|p2a: Manaphy\n|-damage|p2a: Manaphy|233/284\n|\n|-heal|p2a: Manaphy|250/284|[from] item: Leftovers\n|upkeep\n|turn|4\n|\n|t:|1781382929\n|switch|p1a: Minun|Minun, L95, F|268/268\n|move|p2a: Manaphy|Tail Glow|p2a: Manaphy\n|-boost|p2a: Manaphy|spa|3\n|\n|-heal|p2a: Manaphy|267/284|[from] item: Leftovers\n|upkeep\n|turn|5\n|\n|t:|1781382932\n|move|p1a: Minun|Encore|p2a: Manaphy\n|-start|p2a: Manaphy|Encore\n|move|p2a: Manaphy|Tail Glow|p2a: Manaphy\n|-boost|p2a: Manaphy|spa|3\n|\n|-heal|p2a: Manaphy|284/284|[from] item: Leftovers\n|upkeep\n|turn|6\n|\n|t:|1781382939\n|switch|p2a: Bastiodon|Bastiodon, L89, M|252/252\n|move|p1a: Minun|Nasty Plot|p1a: Minun\n|-boost|p1a: Minun|spa|2\n|\n|upkeep\n|turn|7\n|\n|t:|1781382942\n|move|p1a: Minun|Thunderbolt|p2a: Bastiodon\n|-damage|p2a: Bastiodon|80/252\n|-damage|p1a: Minun|242/268|[from] item: Life Orb\n|move|p2a: Bastiodon|Body Press|p1a: Minun\n|-damage|p1a: Minun|111/268\n|\n|upkeep\n|turn|8\n|\n|t:|1781382946\n|move|p1a: Minun|Thunderbolt|p2a: Bastiodon\n|-damage|p2a: Bastiodon|0 fnt\n|faint|p2a: Bastiodon\n|-damage|p1a: Minun|85/268|[from] item: Life Orb\n|\n|upkeep\n|\n|t:|1781382953\n|switch|p2a: Dragonite|Dragonite, L74, M|257/257\n|turn|9\n|\n|t:|1781382960\n|move|p1a: Minun|Thunderbolt|p2a: Dragonite\n|-damage|p2a: Dragonite|126/257\n|-damage|p1a: Minun|59/268|[from] item: Life Orb\n|move|p2a: Dragonite|Dragon Dance|p2a: Dragonite\n|-boost|p2a: Dragonite|atk|1\n|-boost|p2a: Dragonite|spe|1\n|\n|upkeep\n|turn|10\n|\n|t:|1781382964\n|move|p2a: Dragonite|Earthquake|p1a: Minun\n|-supereffective|p1a: Minun\n|-damage|p1a: Minun|0 fnt\n|faint|p1a: Minun\n|\n|upkeep\n|\n|t:|1781382967\n|switch|p1a: Wo-Chien|Wo-Chien, L83|277/277\n|-ability|p1a: Wo-Chien|Tablets of Ruin\n|turn|11\n|l| bryhhn1\n|\n|t:|1781382971\n|move|p2a: Dragonite|Outrage|p1a: Wo-Chien\n|-damage|p1a: Wo-Chien|133/277\n|move|p1a: Wo-Chien|Stun Spore|p2a: Dragonite\n|-status|p2a: Dragonite|par\n|\n|-heal|p1a: Wo-Chien|150/277|[from] item: Leftovers\n|upkeep\n|turn|12\n|\n|t:|1781382975\n|move|p1a: Wo-Chien|Protect|p1a: Wo-Chien\n|-singleturn|p1a: Wo-Chien|Protect\n|cant|p2a: Dragonite|par\n|\n|-heal|p1a: Wo-Chien|167/277|[from] item: Leftovers\n|-start|p2a: Dragonite|confusion|[fatigue]\n|upkeep\n|turn|13\n|\n|t:|1781382978\n|move|p1a: Wo-Chien|Leech Seed|p2a: Dragonite\n|-start|p2a: Dragonite|move: Leech Seed\n|-activate|p2a: Dragonite|confusion\n|move|p2a: Dragonite|Outrage|p1a: Wo-Chien\n|-damage|p1a: Wo-Chien|43/277\n|\n|-heal|p1a: Wo-Chien|60/277|[from] item: Leftovers\n|-damage|p2a: Dragonite|94/257 par|[from] Leech Seed|[of] p1a: Wo-Chien\n|-heal|p1a: Wo-Chien|92/277|[silent]\n|upkeep\n|turn|14\n|\n|t:|1781382983\n|move|p1a: Wo-Chien|Protect|p1a: Wo-Chien\n|-singleturn|p1a: Wo-Chien|Protect\n|-activate|p2a: Dragonite|confusion\n|-damage|p2a: Dragonite|47/257 par|[from] confusion\n|\n|-heal|p1a: Wo-Chien|109/277|[from] item: Leftovers\n|-damage|p2a: Dragonite|15/257 par|[from] Leech Seed|[of] p1a: Wo-Chien\n|-heal|p1a: Wo-Chien|141/277|[silent]\n|upkeep\n|turn|15\n|\n|t:|1781382987\n|move|p1a: Wo-Chien|Knock Off|p2a: Dragonite\n|-damage|p2a: Dragonite|0 fnt\n|-enditem|p2a: Dragonite|Heavy-Duty Boots|[from] move: Knock Off|[of] p1a: Wo-Chien\n|faint|p2a: Dragonite\n|\n|-heal|p1a: Wo-Chien|158/277|[from] item: Leftovers\n|upkeep\n|\n|t:|1781382989\n|switch|p2a: Venusaur|Venusaur, L84, M|119/272\n|turn|16\n|\n|t:|1781382999\n|move|p2a: Venusaur|Sludge Bomb|p1a: Wo-Chien\n|-supereffective|p1a: Wo-Chien\n|-damage|p1a: Wo-Chien|8/277\n|move|p1a: Wo-Chien|Knock Off|p2a: Venusaur\n|-damage|p2a: Venusaur|14/272\n|-enditem|p2a: Venusaur|Leftovers|[from] move: Knock Off|[of] p1a: Wo-Chien\n|\n|-heal|p1a: Wo-Chien|25/277|[from] item: Leftovers\n|upkeep\n|turn|17\n|\n|t:|1781383002\n|move|p2a: Venusaur|Sludge Bomb|p1a: Wo-Chien\n|-supereffective|p1a: Wo-Chien\n|-damage|p1a: Wo-Chien|0 fnt\n|faint|p1a: Wo-Chien\n|\n|upkeep\n|\n|t:|1781383003\n|switch|p1a: Phione|Phione, L91|105/293\n|turn|18\n|\n|t:|1781383006\n|move|p1a: Phione|Scald|p2a: Venusaur\n|-resisted|p2a: Venusaur\n|-damage|p2a: Venusaur|0 fnt\n|faint|p2a: Venusaur\n|\n|upkeep\n|\n|t:|1781383011\n|switch|p2a: Manaphy|Manaphy, L78|284/284\n|turn|19\n|\n|t:|1781383022\n|switch|p1a: Meganium|Meganium, L90, M|290/290\n|move|p2a: Manaphy|Tail Glow|p2a: Manaphy\n|-boost|p2a: Manaphy|spa|3\n|\n|upkeep\n|turn|20\n|\n|t:|1781383028\n|move|p2a: Manaphy|Ice Beam|p1a: Meganium\n|-supereffective|p1a: Meganium\n|-damage|p1a: Meganium|40/290\n|move|p1a: Meganium|Dragon Tail|p2a: Manaphy\n|-crit|p2a: Manaphy\n|-damage|p2a: Manaphy|217/284\n|drag|p2a: Gengar|Gengar, L81, F|230/230\n|\n|-heal|p1a: Meganium|58/290|[from] item: Leftovers\n|upkeep\n|turn|21\n|\n|t:|1781383035\n|move|p2a: Gengar|Sludge Wave|p1a: Meganium\n|-supereffective|p1a: Meganium\n|-damage|p1a: Meganium|0 fnt\n|faint|p1a: Meganium\n|-damage|p2a: Gengar|207/230|[from] item: Life Orb\n|\n|upkeep\n|\n|t:|1781383040\n|switch|p1a: Metagross|Metagross, L79|256/256\n|turn|22\n|\n|t:|1781383045\n|move|p2a: Gengar|Shadow Ball|p1a: Metagross\n|-supereffective|p1a: Metagross\n|-damage|p1a: Metagross|0 fnt\n|faint|p1a: Metagross\n|-damage|p2a: Gengar|184/230|[from] item: Life Orb\n|\n|upkeep\n|\n|t:|1781383061\n|switch|p1a: Quagsire|Quagsire, L84, F|297/297\n|turn|23\n|\n|t:|1781383064\n|move|p2a: Gengar|Shadow Ball|p1a: Quagsire\n|-damage|p1a: Quagsire|124/297\n|-damage|p2a: Gengar|161/230|[from] item: Life Orb\n|move|p1a: Quagsire|Earthquake|p2a: Gengar\n|-supereffective|p2a: Gengar\n|-damage|p2a: Gengar|0 fnt\n|faint|p2a: Gengar\n|\n|-heal|p1a: Quagsire|142/297|[from] item: Leftovers\n|upkeep\n|\n|t:|1781383068\n|switch|p2a: Manaphy|Manaphy, L78|217/284\n|turn|24\n|\n|t:|1781383078\n|move|p2a: Manaphy|Energy Ball|p1a: Quagsire\n|-supereffective|p1a: Quagsire\n|-damage|p1a: Quagsire|0 fnt\n|faint|p1a: Quagsire\n|\n|-heal|p2a: Manaphy|234/284|[from] item: Leftovers\n|upkeep\n|\n|t:|1781383079\n|switch|p1a: Phione|Phione, L91|105/293\n|turn|25\n|-message|Porygon Zzium Z forfeited.\n|\n|win|opik8\n", "inputlog": ">version a8376a258c1d4662feba110a92103f3664a72141\n>start {\"formatid\":\"gen9randombattle\",\"seed\":\"sodium,a2a9b80c4d96b65e2a894c44e9bd993a\",\"rated\":\"Rated battle\"}\n>player p1 {\"name\":\"Porygon Zzium Z\",\"avatar\":\"169\",\"rating\":1960,\"seed\":\"sodium,ee51f9225bb0af7faa223996f93a653c\"}\n>player p2 {\"name\":\"opik8\",\"avatar\":\"colress\",\"rating\":1943,\"seed\":\"sodium,322ee602ee6b1ecd4003ebff23d94cce\"}\n>p1 move takeheart\n>p2 move knockoff\n>p1 move icebeam\n>p2 move energyball\n>p1 move icebeam\n>p2 switch 6\n>p1 switch 2\n>p2 move tailglow\n>p1 move encore\n>p2 move hydropump\n>p1 move nastyplot\n>p2 switch 2\n>p1 move thunderbolt\n>p2 move bodypress\n>p1 move thunderbolt\n>p2 move bodypress\n>p2 switch 5\n>p1 move thunderbolt\n>p2 move dragondance\n>p1 move alluringvoice\n>p2 move earthquake\n>p1 switch 5\n>p1 move stunspore\n>p2 move outrage\n>p1 move protect\n>p2 move outrage\n>p1 move leechseed\n>p2 move outrage\n>p1 move protect\n>p2 move outrage\n>p1 move knockoff\n>p2 move outrage\n>p2 switch 6\n>p1 move knockoff\n>p2 move sludgebomb\n>p1 move knockoff\n>p2 move sludgebomb\n>p1 switch 2\n>p1 move scald\n>p2 move energyball\n>p2 switch 2\n>p1 switch 3\n>p2 move tailglow\n>p1 move dragontail\n>p2 move icebeam\n>p1 move knockoff\n>p2 move sludgewave\n>p1 switch 6\n>p1 move earthquake\n>p2 move shadowball\n>p1 switch 4\n>p1 move earthquake\n>p2 move shadowball\n>p2 switch 3\n>p1 move recover\n>p2 move energyball\n>p1 switch 3\n>forcelose p1", "uploadtime": 1781382899, "views": 9, "formatid": "gen9randombattle", "rating": null, "private": 0, "password": null}