{"id": "gen9randombattle-2631502952", "format": "[Gen 9] Random Battle", "players": ["stone douchebag", "Youknowit123"], "log": "|j|\u2606stone douchebag\n|j|\u2606Youknowit123\n|t:|1781393369\n|gametype|singles\n|player|p1|stone douchebag|266|1947\n|player|p2|Youknowit123|169|2010\n|gen|9\n|tier|[Gen 9] Random Battle\n|rated|\n|rule|Species Clause: Limit one of each Pok\u00e9mon\n|rule|HP Percentage Mod: HP is shown in percentages\n|rule|Sleep Clause Mod: Limit one foe put to sleep\n|rule|Illusion Level Mod: Illusion disguises the Pok\u00e9mon's true level\n|\n|t:|1781393369\n|teamsize|p1|6\n|teamsize|p2|6\n|start\n|switch|p1a: Ting-Lu|Ting-Lu, L78|370/370\n|switch|p2a: Gyarados|Gyarados, L79, M|280/280\n|-ability|p2a: Gyarados|Intimidate|boost\n|-unboost|p1a: Ting-Lu|atk|1\n|-ability|p1a: Ting-Lu|Vessel of Ruin\n|turn|1\n|\n|t:|1781393381\n|switch|p1a: Kyurem|Kyurem, L77|319/319\n|-ability|p1a: Kyurem|Pressure\n|move|p2a: Gyarados|Dragon Dance|p2a: Gyarados\n|-boost|p2a: Gyarados|atk|1\n|-boost|p2a: Gyarados|spe|1\n|\n|upkeep\n|turn|2\n|\n|t:|1781393385\n|switch|p2a: Rotom|Rotom-Heat, L83|219/219\n|move|p1a: Kyurem|Freeze-Dry|p2a: Rotom\n|-resisted|p2a: Rotom\n|-damage|p2a: Rotom|166/219\n|\n|upkeep\n|turn|3\n|\n|t:|1781393396\n|switch|p1a: Houndoom|Houndoom, L87, M|272/272\n|move|p2a: Rotom|Overheat|p1a: Houndoom\n|-start|p1a: Houndoom|ability: Flash Fire\n|\n|upkeep\n|turn|4\n|\n|t:|1781393403\n|move|p1a: Houndoom|Nasty Plot|p1a: Houndoom\n|-boost|p1a: Houndoom|spa|2\n|move|p2a: Rotom|Volt Switch|p1a: Houndoom\n|-damage|p1a: Houndoom|191/272\n|\n|t:|1781393406\n|switch|p2a: Quagsire|Quagsire, L84, M|297/297|[from] Volt Switch\n|\n|upkeep\n|turn|5\n|\n|t:|1781393417\n|move|p1a: Houndoom|Fire Blast|p2a: Quagsire\n|-resisted|p2a: Quagsire\n|-damage|p2a: Quagsire|159/297\n|move|p2a: Quagsire|Toxic|p1a: Houndoom\n|-status|p1a: Houndoom|tox\n|\n|-heal|p2a: Quagsire|177/297|[from] item: Leftovers\n|-damage|p1a: Houndoom|174/272 tox|[from] psn\n|upkeep\n|turn|6\n|\n|t:|1781393430\n|-terastallize|p1a: Houndoom|Dark\n|move|p1a: Houndoom|Dark Pulse|p2a: Quagsire\n|-damage|p2a: Quagsire|25/297\n|move|p2a: Quagsire|Recover|p2a: Quagsire\n|-heal|p2a: Quagsire|174/297\n|\n|-heal|p2a: Quagsire|192/297|[from] item: Leftovers\n|-damage|p1a: Houndoom|140/272 tox|[from] psn\n|upkeep\n|turn|7\n|\n|t:|1781393453\n|move|p1a: Houndoom|Dark Pulse|p2a: Quagsire\n|-damage|p2a: Quagsire|38/297\n|move|p2a: Quagsire|Earthquake|p1a: Houndoom\n|-damage|p1a: Houndoom|0 fnt\n|faint|p1a: Houndoom\n|\n|-heal|p2a: Quagsire|56/297|[from] item: Leftovers\n|upkeep\n|\n|t:|1781393460\n|switch|p1a: Dugtrio|Dugtrio, L84, F|196/196\n|turn|8\n|\n|t:|1781393462\n|move|p1a: Dugtrio|Earthquake|p2a: Quagsire\n|-damage|p2a: Quagsire|0 fnt\n|faint|p2a: Quagsire\n|-damage|p1a: Dugtrio|177/196|[from] item: Life Orb\n|\n|upkeep\n|\n|t:|1781393472\n|switch|p2a: Komala|Komala, L88, M|258/258\n|-ability|p2a: Komala|Comatose\n|turn|9\n|\n|t:|1781393483\n|switch|p1a: Poliwrath|Poliwrath, L88, F|302/302\n|move|p2a: Komala|Body Slam|p1a: Poliwrath\n|-damage|p1a: Poliwrath|194/302\n|\n|upkeep\n|turn|10\n|\n|t:|1781393491\n|move|p2a: Komala|Body Slam|p1a: Poliwrath\n|-damage|p1a: Poliwrath|85/302\n|move|p1a: Poliwrath|Knock Off|p2a: Komala\n|-damage|p2a: Komala|149/258\n|-enditem|p2a: Komala|Choice Scarf|[from] move: Knock Off|[of] p1a: Poliwrath\n|-damage|p1a: Poliwrath|55/302|[from] item: Life Orb\n|\n|upkeep\n|turn|11\n|\n|t:|1781393499\n|move|p1a: Poliwrath|Close Combat|p2a: Komala\n|-supereffective|p2a: Komala\n|-damage|p2a: Komala|0 fnt\n|-unboost|p1a: Poliwrath|def|1\n|-unboost|p1a: Poliwrath|spd|1\n|faint|p2a: Komala\n|-damage|p1a: Poliwrath|25/302|[from] item: Life Orb\n|\n|upkeep\n|\n|t:|1781393508\n|switch|p2a: Galvantula|Galvantula, L82, F|249/249\n|turn|12\n|\n|t:|1781393514\n|move|p2a: Galvantula|Sticky Web|p1a: Poliwrath\n|-sidestart|p1: stone douchebag|move: Sticky Web\n|move|p1a: Poliwrath|Rain Dance|p1a: Poliwrath\n|-weather|RainDance\n|\n|-weather|RainDance|[upkeep]\n|upkeep\n|turn|13\n|\n|t:|1781393519\n|move|p1a: Poliwrath|Liquidation|p2a: Galvantula\n|-damage|p2a: Galvantula|0 fnt\n|faint|p2a: Galvantula\n|-damage|p1a: Poliwrath|0 fnt|[from] item: Life Orb\n|faint|p1a: Poliwrath\n|\n|-weather|RainDance|[upkeep]\n|upkeep\n|\n|t:|1781393528\n|switch|p2a: Hitmontop|Hitmontop, L88, M|231/231\n|switch|p1a: Jumpluff|Jumpluff, L87, M|271/271\n|turn|14\n|\n|t:|1781393534\n|switch|p2a: Rotom|Rotom-Heat, L83|166/219\n|move|p1a: Jumpluff|U-turn|p2a: Rotom\n|-resisted|p2a: Rotom\n|-damage|p2a: Rotom|151/219\n|\n|t:|1781393549\n|switch|p1a: Kyurem|Kyurem, L77|319/319|[from] U-turn\n|-activate|p1a: Kyurem|move: Sticky Web\n|-unboost|p1a: Kyurem|spe|1\n|-ability|p1a: Kyurem|Pressure\n|\n|-weather|RainDance|[upkeep]\n|upkeep\n|turn|15\n|\n|t:|1781393557\n|move|p2a: Rotom|Thunderbolt|p1a: Kyurem\n|-resisted|p1a: Kyurem\n|-damage|p1a: Kyurem|262/319\n|move|p1a: Kyurem|Draco Meteor|p2a: Rotom\n|-damage|p2a: Rotom|0 fnt\n|-unboost|p1a: Kyurem|spa|2\n|faint|p2a: Rotom\n|\n|-weather|RainDance|[upkeep]\n|upkeep\n|\n|t:|1781393563\n|switch|p2a: Hitmontop|Hitmontop, L88, M|231/231\n|turn|16\n|\n|t:|1781393567\n|switch|p1a: Ting-Lu|Ting-Lu, L78|370/370\n|-activate|p1a: Ting-Lu|move: Sticky Web\n|-unboost|p1a: Ting-Lu|spe|1\n|-ability|p1a: Ting-Lu|Vessel of Ruin\n|move|p2a: Hitmontop|Rapid Spin|p1a: Ting-Lu\n|-damage|p1a: Ting-Lu|322/370\n|-boost|p2a: Hitmontop|spe|1\n|\n|-weather|none\n|-heal|p1a: Ting-Lu|345/370|[from] item: Leftovers\n|upkeep\n|turn|17\n|\n|t:|1781393572\n|move|p2a: Hitmontop|Bulk Up|p2a: Hitmontop\n|-boost|p2a: Hitmontop|atk|1\n|-boost|p2a: Hitmontop|def|1\n|move|p1a: Ting-Lu|Ruination|p2a: Hitmontop\n|-damage|p2a: Hitmontop|116/231\n|\n|-heal|p2a: Hitmontop|130/231|[from] item: Leftovers\n|-heal|p1a: Ting-Lu|368/370|[from] item: Leftovers\n|upkeep\n|turn|18\n|\n|t:|1781393579\n|-terastallize|p2a: Hitmontop|Ice\n|move|p2a: Hitmontop|Triple Axel|p1a: Ting-Lu\n|-supereffective|p1a: Ting-Lu\n|-damage|p1a: Ting-Lu|276/370\n|-supereffective|p1a: Ting-Lu\n|-damage|p1a: Ting-Lu|114/370\n|-supereffective|p1a: Ting-Lu\n|-damage|p1a: Ting-Lu|0 fnt\n|faint|p1a: Ting-Lu\n|-hitcount|p1: Ting-Lu|3\n|\n|-heal|p2a: Hitmontop|144/231|[from] item: Leftovers\n|upkeep\n|\n|t:|1781393590\n|switch|p1a: Jumpluff|Jumpluff, L87, M|271/271\n|turn|19\n|\n|t:|1781393617\n|move|p2a: Hitmontop|Triple Axel|p1a: Jumpluff\n|-supereffective|p1a: Jumpluff\n|-damage|p1a: Jumpluff|55/271\n|-supereffective|p1a: Jumpluff\n|-damage|p1a: Jumpluff|0 fnt\n|faint|p1a: Jumpluff\n|-hitcount|p1: Jumpluff|2\n|\n|-heal|p2a: Hitmontop|158/231|[from] item: Leftovers\n|upkeep\n|\n|t:|1781393619\n|switch|p1a: Dugtrio|Dugtrio, L84, F|177/196\n|-activate|p1a: Dugtrio|move: Sticky Web\n|-unboost|p1a: Dugtrio|spe|1\n|turn|20\n|\n|t:|1781393622\n|move|p1a: Dugtrio|Sucker Punch|p2a: Hitmontop\n|-damage|p2a: Hitmontop|115/231\n|-damage|p1a: Dugtrio|158/196|[from] item: Life Orb\n|move|p2a: Hitmontop|Close Combat|p1a: Dugtrio\n|-damage|p1a: Dugtrio|0 fnt\n|-unboost|p2a: Hitmontop|def|1\n|-unboost|p2a: Hitmontop|spd|1\n|faint|p1a: Dugtrio\n|\n|-heal|p2a: Hitmontop|129/231|[from] item: Leftovers\n|upkeep\n|\n|t:|1781393627\n|switch|p1a: Kyurem|Kyurem, L77|262/319\n|-activate|p1a: Kyurem|move: Sticky Web\n|-unboost|p1a: Kyurem|spe|1\n|-ability|p1a: Kyurem|Pressure\n|turn|21\n|\n|t:|1781393633\n|move|p2a: Hitmontop|Close Combat|p1a: Kyurem\n|-supereffective|p1a: Kyurem\n|-damage|p1a: Kyurem|0 fnt\n|-unboost|p2a: Hitmontop|def|1\n|-unboost|p2a: Hitmontop|spd|1\n|faint|p1a: Kyurem\n|\n|win|Youknowit123\n", "inputlog": ">version a8376a258c1d4662feba110a92103f3664a72141\n>start {\"formatid\":\"gen9randombattle\",\"seed\":\"sodium,191c81b3810f2b46e275a70902ad73c1\",\"rated\":\"Rated battle\"}\n>player p1 {\"name\":\"stone douchebag\",\"avatar\":\"266\",\"rating\":1947,\"seed\":\"sodium,276347514b8de8a93a9d0fbb3e0e93f7\"}\n>player p2 {\"name\":\"Youknowit123\",\"avatar\":\"169\",\"rating\":2010,\"seed\":\"sodium,5a9e36f62dc1394009be1a3e72347f9c\"}\n>p1 switch 6\n>p2 move dragondance\n>p1 move freezedry\n>p2 switch 2\n>p1 switch 5\n>p2 move overheat\n>p1 move nastyplot\n>p2 move voltswitch\n>p2 switch 6\n>p1 move fireblast\n>p2 move toxic\n>p1 move darkpulse terastallize\n>p2 move recover\n>p1 move darkpulse\n>p2 move earthquake\n>p1 switch 4\n>p1 move earthquake\n>p2 move earthquake\n>p2 switch 4\n>p1 switch 2\n>p2 move bodyslam\n>p1 move knockoff\n>p2 move bodyslam\n>p1 move closecombat\n>p2 move bodyslam\n>p2 switch 5\n>p1 move raindance\n>p2 move stickyweb\n>p1 move liquidation\n>p2 move bugbuzz\n>p1 switch 3\n>p2 switch 3\n>p1 move uturn\n>p2 switch 6\n>p1 switch 5\n>p1 move dracometeor\n>p2 move thunderbolt\n>p2 switch 6\n>p1 switch 6\n>p2 move rapidspin\n>p1 move ruination\n>p2 move bulkup\n>p1 move ruination\n>p2 move tripleaxel terastallize\n>p1 switch 5\n>p1 move sleeppowder\n>p2 move tripleaxel\n>p1 switch 2\n>p1 move suckerpunch\n>p2 move closecombat\n>p1 switch 6\n>p1 move freezedry\n>p2 move closecombat", "uploadtime": 1781393371, "views": 4, "formatid": "gen9randombattle", "rating": null, "private": 0, "password": null}