{"id": "gen9randombattle-2631906526", "format": "[Gen 9] Random Battle", "players": ["talonflamecom", "ethlod"], "log": "|j|\u2606talonflamecom\n|j|\u2606ethlod\n|t:|1781454255\n|gametype|singles\n|player|p1|talonflamecom|red-gen2|1934\n|player|p2|ethlod|ethan|1997\n|gen|9\n|tier|[Gen 9] Random Battle\n|rated|\n|rule|Species Clause: Limit one of each Pok\u00e9mon\n|rule|HP Percentage Mod: HP is shown in percentages\n|rule|Sleep Clause Mod: Limit one foe put to sleep\n|rule|Illusion Level Mod: Illusion disguises the Pok\u00e9mon's true level\n|\n|t:|1781454255\n|teamsize|p1|6\n|teamsize|p2|6\n|start\n|switch|p1a: Ogerpon|Ogerpon, L80, F|259/259\n|switch|p2a: Rotom|Rotom-Heat, L83|219/219\n|turn|1\n|inactive|Battle timer is ON: inactive players will automatically lose when time's up. (requested by ethlod)\n|\n|t:|1781454268\n|move|p1a: Ogerpon|U-turn|p2a: Rotom\n|-resisted|p2a: Rotom\n|-damage|p2a: Rotom|195/219\n|\n|t:|1781454275\n|switch|p1a: Giratina|Giratina-Origin, L72|335/335|[from] U-turn\n|move|p2a: Rotom|Volt Switch|p1a: Giratina\n|-resisted|p1a: Giratina\n|-damage|p1a: Giratina|293/335\n|\n|t:|1781454295\n|switch|p2a: Indeedee|Indeedee-F, L90, F|272/272|[from] Volt Switch\n|-fieldstart|move: Psychic Terrain|[from] ability: Psychic Surge|[of] p2a: Indeedee\n|\n|upkeep\n|turn|2\n|inactive|talonflamecom has 120 seconds left.\n|inactive|talonflamecom has 90 seconds left.\n|\n|t:|1781454363\n|move|p2a: Indeedee|Dazzling Gleam|p1a: Giratina\n|-supereffective|p1a: Giratina\n|-crit|p1a: Giratina\n|-damage|p1a: Giratina|95/335\n|move|p1a: Giratina|Draco Meteor|p2a: Indeedee\n|-damage|p2a: Indeedee|155/272\n|-unboost|p1a: Giratina|spa|2\n|\n|upkeep\n|turn|3\n|inactive|talonflamecom has 90 seconds left.\n|\n|t:|1781454372\n|switch|p1a: Klefki|Klefki, L84, F|233/233\n|move|p2a: Indeedee|Dazzling Gleam|p1a: Klefki\n|-resisted|p1a: Klefki\n|-damage|p1a: Klefki|200/233\n|\n|-heal|p1a: Klefki|214/233|[from] item: Leftovers\n|upkeep\n|turn|4\n|\n|t:|1781454393\n|switch|p2a: Chansey|Chansey, L85, F|564/564\n|move|p1a: Klefki|Spikes|p2a: Chansey\n|-sidestart|p2: ethlod|Spikes\n|\n|-heal|p1a: Klefki|228/233|[from] item: Leftovers\n|upkeep\n|turn|5\n|inactive|talonflamecom has 90 seconds left.\n|\n|t:|1781454421\n|move|p1a: Klefki|Thunder Wave|p2a: Chansey\n|-activate|p2a: Chansey|move: Psychic Terrain\n|move|p2a: Chansey|Thunder Wave|p1a: Klefki\n|-status|p1a: Klefki|par\n|\n|-heal|p1a: Klefki|233/233 par|[from] item: Leftovers\n|-fieldend|move: Psychic Terrain\n|upkeep\n|turn|6\n|inactive|ethlod has 120 seconds left.\n|\n|t:|1781454442\n|move|p1a: Klefki|Spikes|p2a: Chansey\n|-sidestart|p2: ethlod|Spikes\n|move|p2a: Chansey|Seismic Toss|p1a: Klefki\n|-damage|p1a: Klefki|148/233 par\n|\n|-heal|p1a: Klefki|162/233 par|[from] item: Leftovers\n|upkeep\n|turn|7\n|inactive|talonflamecom has 90 seconds left.\n|\n|t:|1781454476\n|move|p1a: Klefki|Spikes|p2a: Chansey\n|-sidestart|p2: ethlod|Spikes\n|move|p2a: Chansey|Seismic Toss|p1a: Klefki\n|-damage|p1a: Klefki|77/233 par\n|\n|-heal|p1a: Klefki|91/233 par|[from] item: Leftovers\n|upkeep\n|turn|8\n|\n|t:|1781454486\n|cant|p1a: Klefki|par\n|move|p2a: Chansey|Seismic Toss|p1a: Klefki\n|-damage|p1a: Klefki|6/233 par\n|\n|-heal|p1a: Klefki|20/233 par|[from] item: Leftovers\n|upkeep\n|turn|9\n|\n|t:|1781454491\n|move|p1a: Klefki|Thunder Wave|p2a: Chansey\n|-status|p2a: Chansey|par\n|cant|p2a: Chansey|par\n|\n|-heal|p1a: Klefki|34/233 par|[from] item: Leftovers\n|upkeep\n|turn|10\n|\n|t:|1781454502\n|switch|p1a: Dialga|Dialga, L73|266/266\n|-ability|p1a: Dialga|Pressure\n|move|p2a: Chansey|Heal Bell|p2a: Chansey\n|-activate|p2a: Chansey|move: Heal Bell\n|-curestatus|p2a: Chansey|par|[msg]\n|\n|upkeep\n|turn|11\n|\n|t:|1781454509\n|move|p1a: Dialga|Stealth Rock|p2a: Chansey\n|-sidestart|p2: ethlod|move: Stealth Rock\n|move|p2a: Chansey|Thunder Wave|p1a: Dialga\n|-status|p1a: Dialga|par\n|\n|upkeep\n|turn|12\n|\n|t:|1781454518\n|move|p2a: Chansey|Seismic Toss|p1a: Dialga\n|-damage|p1a: Dialga|181/266 par\n|cant|p1a: Dialga|par\n|\n|-heal|p1a: Dialga|197/266 par|[from] item: Leftovers\n|upkeep\n|turn|13\n|\n|t:|1781454526\n|move|p2a: Chansey|Seismic Toss|p1a: Dialga\n|-damage|p1a: Dialga|112/266 par\n|move|p1a: Dialga|Heavy Slam|p2a: Chansey\n|-damage|p2a: Chansey|297/564\n|\n|-heal|p1a: Dialga|128/266 par|[from] item: Leftovers\n|upkeep\n|turn|14\n|\n|t:|1781454537\n|move|p2a: Chansey|Soft-Boiled|p2a: Chansey\n|-heal|p2a: Chansey|564/564\n|move|p1a: Dialga|Heavy Slam|p2a: Chansey\n|-damage|p2a: Chansey|282/564\n|\n|-heal|p1a: Dialga|144/266 par|[from] item: Leftovers\n|upkeep\n|turn|15\n|\n|t:|1781454548\n|move|p2a: Chansey|Soft-Boiled|p2a: Chansey\n|-heal|p2a: Chansey|564/564\n|cant|p1a: Dialga|par\n|\n|-heal|p1a: Dialga|160/266 par|[from] item: Leftovers\n|upkeep\n|turn|16\n|\n|t:|1781454556\n|move|p2a: Chansey|Seismic Toss|p1a: Dialga\n|-damage|p1a: Dialga|75/266 par\n|move|p1a: Dialga|Heavy Slam|p2a: Chansey\n|-damage|p2a: Chansey|294/564\n|\n|-heal|p1a: Dialga|91/266 par|[from] item: Leftovers\n|upkeep\n|turn|17\n|\n|t:|1781454567\n|move|p2a: Chansey|Seismic Toss|p1a: Dialga\n|-damage|p1a: Dialga|6/266 par\n|move|p1a: Dialga|Heavy Slam|p2a: Chansey\n|-crit|p2a: Chansey\n|-damage|p2a: Chansey|0 fnt\n|faint|p2a: Chansey\n|\n|-heal|p1a: Dialga|22/266 par|[from] item: Leftovers\n|upkeep\n|inactive|ethlod has 120 seconds left.\n|\n|t:|1781454598\n|switch|p2a: Skeledirge|Skeledirge, L79, F|294/294\n|turn|18\n|inactive|talonflamecom has 120 seconds left.\n|\n|t:|1781454610\n|move|p2a: Skeledirge|Flame Charge|p1a: Dialga\n|-damage|p1a: Dialga|0 fnt\n|-boost|p2a: Skeledirge|spe|1\n|faint|p1a: Dialga\n|\n|upkeep\n|\n|t:|1781454614\n|switch|p1a: Klefki|Klefki, L84, F|34/233 par\n|turn|19\n|\n|t:|1781454619\n|switch|p2a: Rotom|Rotom-Heat, L83|195/219\n|cant|p1a: Klefki|par\n|\n|-heal|p1a: Klefki|48/233 par|[from] item: Leftovers\n|upkeep\n|turn|20\n|\n|t:|1781454626\n|switch|p1a: Ampharos|Ampharos, L88, M|302/302\n|move|p2a: Rotom|Discharge|p1a: Ampharos\n|-resisted|p1a: Ampharos\n|-damage|p1a: Ampharos|261/302\n|\n|upkeep\n|turn|21\n|\n|t:|1781454635\n|move|p2a: Rotom|Overheat|p1a: Ampharos\n|-damage|p1a: Ampharos|131/302\n|-unboost|p2a: Rotom|spa|2\n|move|p1a: Ampharos|Volt Switch|p2a: Rotom\n|-resisted|p2a: Rotom\n|-damage|p2a: Rotom|129/219\n|\n|t:|1781454648\n|switch|p1a: Giratina|Giratina-Origin, L72|95/335|[from] Volt Switch\n|\n|upkeep\n|turn|22\n|\n|t:|1781454658\n|move|p2a: Rotom|Volt Switch|p1a: Giratina\n|-resisted|p1a: Giratina\n|-damage|p1a: Giratina|73/335\n|\n|t:|1781454664\n|switch|p2a: Indeedee|Indeedee-F, L90, F|155/272|[from] Volt Switch\n|-damage|p2a: Indeedee|87/272|[from] Spikes\n|-damage|p2a: Indeedee|53/272|[from] Stealth Rock\n|-fieldstart|move: Psychic Terrain|[from] ability: Psychic Surge|[of] p2a: Indeedee\n|move|p1a: Giratina|Draco Meteor|p2a: Indeedee\n|-damage|p2a: Indeedee|0 fnt\n|-unboost|p1a: Giratina|spa|2\n|faint|p2a: Indeedee\n|\n|upkeep\n|\n|t:|1781454677\n|switch|p2a: Delibird|Delibird, F|252/252\n|turn|23\n|\n|t:|1781454691\n|move|p2a: Delibird|Ice Spinner|p1a: Giratina\n|-supereffective|p1a: Giratina\n|-damage|p1a: Giratina|0 fnt\n|-fieldend|move: Psychic Terrain\n|faint|p1a: Giratina\n|\n|upkeep\n|\n|t:|1781454701\n|switch|p1a: Shaymin|Shaymin, L82|298/298\n|turn|24\n|l|\u2606talonflamecom\n|inactive|talonflamecom disconnected and has a minute to reconnect!\n|player|p1|\n|inactive|talonflamecom has 30 seconds to reconnect!\n|inactive|talonflamecom has 20 seconds to reconnect!\n|inactive|talonflamecom has 15 seconds to reconnect!\n|inactive|talonflamecom has 10 seconds to reconnect!\n|inactive|talonflamecom has 5 seconds to reconnect!\n|-message|talonflamecom lost due to inactivity.\n|\n|win|ethlod\n", "uploadtime": 1781454257, "views": 3, "formatid": "gen9randombattle", "rating": null, "private": 0, "password": null}