{"id": "gen9randombattle-2631580100", "format": "[Gen 9] Random Battle", "players": ["w0rld0ftanks38", "bciii"], "log": "|j|\u2606w0rld0ftanks38\n|j|\u2606bciii\n|t:|1781404101\n|gametype|singles\n|player|p1|w0rld0ftanks38|1|1185\n|player|p2|bciii|102|1175\n|gen|9\n|tier|[Gen 9] Random Battle\n|rated|\n|rule|Species Clause: Limit one of each Pok\u00e9mon\n|rule|HP Percentage Mod: HP is shown in percentages\n|rule|Sleep Clause Mod: Limit one foe put to sleep\n|rule|Illusion Level Mod: Illusion disguises the Pok\u00e9mon's true level\n|\n|t:|1781404101\n|teamsize|p1|6\n|teamsize|p2|6\n|start\n|switch|p1a: Illumise|Illumise, L91, F|266/266\n|switch|p2a: Vivillon|Vivillon-Garden, L83, M|268/268\n|turn|1\n|\n|t:|1781404120\n|move|p1a: Illumise|Thunder Wave|p2a: Vivillon\n|-status|p2a: Vivillon|par\n|cant|p2a: Vivillon|par\n|\n|upkeep\n|turn|2\n|\n|t:|1781404155\n|switch|p1a: Sandaconda|Sandaconda, L84, F|258/258\n|cant|p2a: Vivillon|par\n|\n|upkeep\n|turn|3\n|\n|t:|1781404165\n|move|p1a: Sandaconda|Stone Edge|p2a: Vivillon\n|-supereffective|p2a: Vivillon\n|-damage|p2a: Vivillon|0 fnt\n|faint|p2a: Vivillon\n|\n|upkeep\n|\n|t:|1781404173\n|switch|p2a: Spidops|Spidops, L96, F|271/271\n|turn|4\n|\n|t:|1781404182\n|move|p1a: Sandaconda|Stealth Rock|p2a: Spidops\n|-sidestart|p2: bciii|move: Stealth Rock\n|move|p2a: Spidops|Toxic Spikes|p1a: Sandaconda\n|-sidestart|p1: w0rld0ftanks38|move: Toxic Spikes\n|\n|upkeep\n|turn|5\n|\n|t:|1781404189\n|move|p1a: Sandaconda|Glare|p2a: Spidops\n|-status|p2a: Spidops|par\n|move|p2a: Spidops|Sticky Web|p1a: Sandaconda\n|-sidestart|p1: w0rld0ftanks38|move: Sticky Web\n|\n|upkeep\n|turn|6\n|\n|t:|1781404198\n|move|p1a: Sandaconda|Stone Edge|p2a: Spidops\n|-supereffective|p2a: Spidops\n|-damage|p2a: Spidops|141/271 par\n|move|p2a: Spidops|Toxic Spikes|p1a: Sandaconda\n|-sidestart|p1: w0rld0ftanks38|move: Toxic Spikes\n|\n|upkeep\n|turn|7\n|\n|t:|1781404206\n|move|p1a: Sandaconda|Stone Edge|p2a: Spidops\n|-supereffective|p2a: Spidops\n|-damage|p2a: Spidops|5/271 par\n|move|p2a: Spidops|Circle Throw|p1a: Sandaconda\n|-damage|p1a: Sandaconda|222/258\n|drag|p1a: Tornadus|Tornadus, L82, M|263/263\n|\n|upkeep\n|turn|8\n|\n|t:|1781404221\n|move|p1a: Tornadus|Heat Wave|p2a: Spidops\n|-supereffective|p2a: Spidops\n|-damage|p2a: Spidops|0 fnt\n|faint|p2a: Spidops\n|\n|upkeep\n|\n|t:|1781404257\n|switch|p2a: Manaphy|Manaphy, L78|284/284\n|-damage|p2a: Manaphy|249/284|[from] Stealth Rock\n|turn|9\n|\n|t:|1781404281\n|switch|p1a: Illumise|Illumise, L91, F|266/266\n|move|p2a: Manaphy|Ice Beam|p1a: Illumise\n|-damage|p1a: Illumise|215/266\n|\n|-heal|p2a: Manaphy|266/284|[from] item: Leftovers\n|upkeep\n|turn|10\n|\n|t:|1781404300\n|move|p1a: Illumise|Thunder Wave|p2a: Manaphy|[miss]\n|-miss|p1a: Illumise|p2a: Manaphy\n|move|p2a: Manaphy|Tail Glow|p2a: Manaphy\n|-boost|p2a: Manaphy|spa|3\n|\n|-heal|p2a: Manaphy|283/284|[from] item: Leftovers\n|upkeep\n|turn|11\n|\n|t:|1781404310\n|move|p1a: Illumise|Encore|p2a: Manaphy\n|-start|p2a: Manaphy|Encore\n|move|p2a: Manaphy|Tail Glow|p2a: Manaphy\n|-boost|p2a: Manaphy|spa|3\n|\n|-heal|p2a: Manaphy|284/284|[from] item: Leftovers\n|upkeep\n|turn|12\n|\n|t:|1781404323\n|switch|p2a: Oinkologne|Oinkologne-F, L92, F|361/361\n|-damage|p2a: Oinkologne|316/361|[from] Stealth Rock\n|move|p1a: Illumise|Bug Buzz|p2a: Oinkologne\n|-damage|p2a: Oinkologne|240/361\n|\n|-heal|p2a: Oinkologne|262/361|[from] item: Leftovers\n|upkeep\n|turn|13\n|\n|t:|1781404350\n|move|p1a: Illumise|Thunder Wave|p2a: Oinkologne\n|-status|p2a: Oinkologne|par\n|move|p2a: Oinkologne|Curse|p2a: Oinkologne\n|-unboost|p2a: Oinkologne|spe|1\n|-boost|p2a: Oinkologne|atk|1\n|-boost|p2a: Oinkologne|def|1\n|\n|-heal|p2a: Oinkologne|284/361 par|[from] item: Leftovers\n|upkeep\n|turn|14\n|\n|t:|1781404363\n|move|p1a: Illumise|Encore|p2a: Oinkologne\n|-start|p2a: Oinkologne|Encore\n|move|p2a: Oinkologne|Curse|p2a: Oinkologne\n|-unboost|p2a: Oinkologne|spe|1\n|-boost|p2a: Oinkologne|atk|1\n|-boost|p2a: Oinkologne|def|1\n|\n|-heal|p2a: Oinkologne|306/361 par|[from] item: Leftovers\n|upkeep\n|turn|15\n|\n|t:|1781404372\n|move|p1a: Illumise|Bug Buzz|p2a: Oinkologne\n|-damage|p2a: Oinkologne|222/361 par\n|move|p2a: Oinkologne|Curse|p2a: Oinkologne\n|-unboost|p2a: Oinkologne|spe|1\n|-boost|p2a: Oinkologne|atk|1\n|-boost|p2a: Oinkologne|def|1\n|\n|-heal|p2a: Oinkologne|244/361 par|[from] item: Leftovers\n|upkeep\n|turn|16\n|\n|t:|1781404383\n|move|p1a: Illumise|Bug Buzz|p2a: Oinkologne\n|-damage|p2a: Oinkologne|162/361 par\n|move|p2a: Oinkologne|Curse|p2a: Oinkologne\n|-unboost|p2a: Oinkologne|spe|1\n|-boost|p2a: Oinkologne|atk|1\n|-boost|p2a: Oinkologne|def|1\n|\n|-heal|p2a: Oinkologne|184/361 par|[from] item: Leftovers\n|-end|p2a: Oinkologne|Encore\n|upkeep\n|turn|17\n|\n|t:|1781404395\n|move|p1a: Illumise|Encore|p2a: Oinkologne\n|-start|p2a: Oinkologne|Encore\n|cant|p2a: Oinkologne|par\n|\n|-heal|p2a: Oinkologne|206/361 par|[from] item: Leftovers\n|upkeep\n|turn|18\n|\n|t:|1781404404\n|switch|p2a: Hydreigon|Hydreigon, L79, M|275/275\n|-damage|p2a: Hydreigon|241/275|[from] Stealth Rock\n|move|p1a: Illumise|Bug Buzz|p2a: Hydreigon\n|-supereffective|p2a: Hydreigon\n|-damage|p2a: Hydreigon|61/275\n|\n|upkeep\n|turn|19\n|\n|t:|1781404414\n|move|p1a: Illumise|Bug Buzz|p2a: Hydreigon\n|-supereffective|p2a: Hydreigon\n|-crit|p2a: Hydreigon\n|-damage|p2a: Hydreigon|0 fnt\n|faint|p2a: Hydreigon\n|\n|upkeep\n|\n|t:|1781404422\n|switch|p2a: Manaphy|Manaphy, L78|284/284\n|-damage|p2a: Manaphy|249/284|[from] Stealth Rock\n|turn|20\n|\n|t:|1781404439\n|move|p1a: Illumise|Thunder Wave|p2a: Manaphy|[miss]\n|-miss|p1a: Illumise|p2a: Manaphy\n|move|p2a: Manaphy|Hydro Pump|p1a: Illumise\n|-damage|p1a: Illumise|116/266\n|\n|-heal|p2a: Manaphy|266/284|[from] item: Leftovers\n|upkeep\n|turn|21\n|\n|t:|1781404449\n|move|p1a: Illumise|Roost|p1a: Illumise\n|-heal|p1a: Illumise|249/266\n|-singleturn|p1a: Illumise|move: Roost\n|move|p2a: Manaphy|Hydro Pump|p1a: Illumise\n|-damage|p1a: Illumise|147/266\n|\n|-heal|p2a: Manaphy|283/284|[from] item: Leftovers\n|upkeep\n|turn|22\n|\n|t:|1781404457\n|move|p1a: Illumise|Thunder Wave|p2a: Manaphy\n|-status|p2a: Manaphy|par\n|move|p2a: Manaphy|Hydro Pump|p1a: Illumise\n|-damage|p1a: Illumise|41/266\n|\n|-heal|p2a: Manaphy|284/284 par|[from] item: Leftovers\n|upkeep\n|turn|23\n|\n|t:|1781404467\n|move|p1a: Illumise|Roost|p1a: Illumise\n|-heal|p1a: Illumise|174/266\n|-singleturn|p1a: Illumise|move: Roost\n|move|p2a: Manaphy|Hydro Pump|p1a: Illumise\n|-damage|p1a: Illumise|83/266\n|\n|upkeep\n|turn|24\n|\n|t:|1781404474\n|move|p1a: Illumise|Roost|p1a: Illumise\n|-heal|p1a: Illumise|216/266\n|-singleturn|p1a: Illumise|move: Roost\n|move|p2a: Manaphy|Hydro Pump|p1a: Illumise|[miss]\n|-miss|p2a: Manaphy|p1a: Illumise\n|\n|upkeep\n|turn|25\n|\n|t:|1781404481\n|move|p1a: Illumise|Bug Buzz|p2a: Manaphy\n|-damage|p2a: Manaphy|188/284 par\n|-unboost|p2a: Manaphy|spd|1\n|move|p2a: Manaphy|Hydro Pump|p1a: Illumise\n|-damage|p1a: Illumise|110/266\n|\n|-heal|p2a: Manaphy|205/284 par|[from] item: Leftovers\n|upkeep\n|turn|26\n|\n|t:|1781404492\n|move|p1a: Illumise|Roost|p1a: Illumise\n|-heal|p1a: Illumise|243/266\n|-singleturn|p1a: Illumise|move: Roost\n|cant|p2a: Manaphy|par\n|\n|-heal|p2a: Manaphy|222/284 par|[from] item: Leftovers\n|upkeep\n|turn|27\n|\n|t:|1781404499\n|move|p1a: Illumise|Bug Buzz|p2a: Manaphy\n|-damage|p2a: Manaphy|84/284 par\n|move|p2a: Manaphy|Hydro Pump|p1a: Illumise\n|-damage|p1a: Illumise|150/266\n|\n|-heal|p2a: Manaphy|101/284 par|[from] item: Leftovers\n|upkeep\n|turn|28\n|\n|t:|1781404510\n|move|p1a: Illumise|Bug Buzz|p2a: Manaphy\n|-damage|p2a: Manaphy|0 fnt\n|faint|p2a: Manaphy\n|\n|upkeep\n|\n|t:|1781404516\n|switch|p2a: Tornadus|Tornadus-Therian, L79, M|254/254\n|-damage|p2a: Tornadus|191/254|[from] Stealth Rock\n|turn|29\n|\n|t:|1781404524\n|move|p1a: Illumise|Thunder Wave|p2a: Tornadus\n|-status|p2a: Tornadus|par\n|move|p2a: Tornadus|Bleakwind Storm|p1a: Illumise|[miss]\n|-miss|p2a: Tornadus|p1a: Illumise\n|\n|upkeep\n|turn|30\n|\n|t:|1781404545\n|switch|p1a: Scream Tail|Scream Tail, L84|330/330\n|-status|p1a: Scream Tail|tox\n|-activate|p1a: Scream Tail|move: Sticky Web\n|-unboost|p1a: Scream Tail|spe|1\n|move|p2a: Tornadus|Bleakwind Storm|p1a: Scream Tail\n|-damage|p1a: Scream Tail|198/330 tox\n|\n|-heal|p1a: Scream Tail|218/330 tox|[from] item: Leftovers\n|-damage|p1a: Scream Tail|198/330 tox|[from] psn\n|upkeep\n|turn|31\n|\n|t:|1781404560\n|-terastallize|p1a: Scream Tail|Poison\n|move|p1a: Scream Tail|Protect|p1a: Scream Tail\n|-singleturn|p1a: Scream Tail|Protect\n|cant|p2a: Tornadus|par\n|\n|-heal|p1a: Scream Tail|218/330 tox|[from] item: Leftovers\n|-damage|p1a: Scream Tail|178/330 tox|[from] psn\n|upkeep\n|turn|32\n|\n|t:|1781404571\n|-end|p1a: Scream Tail|Protosynthesis|[silent]\n|switch|p1a: Sandaconda|Sandaconda, L84, F|222/258\n|-status|p1a: Sandaconda|tox\n|-activate|p1a: Sandaconda|move: Sticky Web\n|-unboost|p1a: Sandaconda|spe|1\n|move|p2a: Tornadus|Bleakwind Storm|p1a: Sandaconda\n|-damage|p1a: Sandaconda|51/258 tox\n|\n|-heal|p1a: Sandaconda|67/258 tox|[from] item: Leftovers\n|-damage|p1a: Sandaconda|51/258 tox|[from] psn\n|upkeep\n|turn|33\n|\n|t:|1781404585\n|cant|p2a: Tornadus|par\n|move|p1a: Sandaconda|Stone Edge|p2a: Tornadus\n|-supereffective|p2a: Tornadus\n|-damage|p2a: Tornadus|13/254 par\n|\n|-activate|p1a: Sandaconda|ability: Shed Skin\n|-curestatus|p1a: Sandaconda|tox|[msg]\n|-heal|p1a: Sandaconda|67/258|[from] item: Leftovers\n|upkeep\n|turn|34\n|\n|t:|1781404597\n|move|p2a: Tornadus|Bleakwind Storm|p1a: Sandaconda\n|-damage|p1a: Sandaconda|0 fnt\n|faint|p1a: Sandaconda\n|\n|upkeep\n|\n|t:|1781404608\n|switch|p1a: Illumise|Illumise, L91, F|150/266\n|turn|35\n|\n|t:|1781404613\n|move|p1a: Illumise|Bug Buzz|p2a: Tornadus\n|-resisted|p2a: Tornadus\n|-damage|p2a: Tornadus|0 fnt\n|faint|p2a: Tornadus\n|\n|upkeep\n|\n|t:|1781404618\n|switch|p2a: Oinkologne|Oinkologne-F, L92, F|206/361 par\n|-damage|p2a: Oinkologne|161/361 par|[from] Stealth Rock\n|turn|36\n|\n|t:|1781404630\n|move|p1a: Illumise|Bug Buzz|p2a: Oinkologne\n|-damage|p2a: Oinkologne|77/361 par\n|move|p2a: Oinkologne|Double-Edge|p1a: Illumise\n|-damage|p1a: Illumise|2/266\n|-damage|p2a: Oinkologne|28/361 par|[from] Recoil\n|\n|-heal|p2a: Oinkologne|50/361 par|[from] item: Leftovers\n|upkeep\n|turn|37\n|\n|t:|1781404640\n|move|p1a: Illumise|Bug Buzz|p2a: Oinkologne\n|-damage|p2a: Oinkologne|0 fnt\n|faint|p2a: Oinkologne\n|\n|win|w0rld0ftanks38\n|raw|w0rld0ftanks38's rating: 1185 &rarr; <strong>1209</strong><br />(+24 for winning)\n|raw|bciii's rating: 1175 &rarr; <strong>1151</strong><br />(-24 for losing)\n|l|\u2606bciii\n|player|p2|\n", "inputlog": ">version a8376a258c1d4662feba110a92103f3664a72141\n>start {\"formatid\":\"gen9randombattle\",\"seed\":\"sodium,9b9ea2c8b5b8155c90d60bace6412269\",\"rated\":\"Rated battle\"}\n>player p1 {\"name\":\"w0rld0ftanks38\",\"avatar\":\"1\",\"rating\":1185,\"seed\":\"sodium,b5f1362ed88d83842e7f3a06f1f0420c\"}\n>player p2 {\"name\":\"bciii\",\"avatar\":\"102\",\"rating\":1175,\"seed\":\"sodium,d970a917afd2eb24367e4a22b203b03f\"}\n>p1 move thunderwave\n>p2 move hurricane\n>p1 switch 2\n>p2 move hurricane\n>p1 move stoneedge\n>p2 move sleeppowder\n>p2 switch 2\n>p1 move stealthrock\n>p2 move toxicspikes\n>p1 move glare\n>p2 move stickyweb\n>p1 move stoneedge\n>p2 move toxicspikes\n>p1 move stoneedge\n>p2 move circlethrow\n>p1 move heatwave\n>p2 move circlethrow\n>p2 switch 3\n>p1 switch 2\n>p2 move icebeam\n>p1 move thunderwave\n>p2 move tailglow\n>p1 move encore\n>p2 move hydropump\n>p1 move bugbuzz\n>p2 switch 6\n>p1 move thunderwave\n>p2 move curse\n>p1 move encore\n>p2 move lashout\n>p1 move bugbuzz\n>p2 move curse\n>p1 move bugbuzz\n>p2 move curse\n>p1 move encore\n>p2 move doubleedge\n>p1 move bugbuzz\n>p2 switch 5\n>p1 move bugbuzz\n>p2 move fireblast\n>p2 switch 6\n>p1 move thunderwave\n>p2 move hydropump\n>p1 move roost\n>p2 move hydropump\n>p1 move thunderwave\n>p2 move hydropump\n>p1 move roost\n>p2 move hydropump\n>p1 move roost\n>p2 move hydropump\n>p1 move bugbuzz\n>p2 move hydropump\n>p1 move roost\n>p2 move hydropump\n>p1 move bugbuzz\n>p2 move hydropump\n>p1 move bugbuzz\n>p2 move hydropump\n>p2 switch 4\n>p1 move thunderwave\n>p2 move bleakwindstorm\n>p1 switch 6\n>p2 move bleakwindstorm\n>p1 move protect terastallize\n>p2 move bleakwindstorm\n>p1 switch 4\n>p2 move bleakwindstorm\n>p1 move stoneedge\n>p2 move bleakwindstorm\n>p1 move stoneedge\n>p2 move bleakwindstorm\n>p1 switch 6\n>p1 move bugbuzz\n>p2 move bleakwindstorm\n>p2 switch 5\n>p1 move bugbuzz\n>p2 move doubleedge\n>p1 move bugbuzz\n>p2 move lashout", "uploadtime": 1781404650, "views": 8, "formatid": "gen9randombattle", "rating": 1151, "private": 0, "password": null}