{"id": "gen9randombattle-2631782747", "format": "[Gen 9] Random Battle", "players": ["krishiiii68", "ucurt5555"], "log": "|j|\u2606krishiiii68\n|j|\u2606ucurt5555\n|t:|1781438917\n|gametype|singles\n|player|p1|krishiiii68|serena|1000\n|player|p2|ucurt5555|169|1000\n|gen|9\n|tier|[Gen 9] Random Battle\n|rated|\n|rule|Species Clause: Limit one of each Pok\u00e9mon\n|rule|HP Percentage Mod: HP is shown in percentages\n|rule|Sleep Clause Mod: Limit one foe put to sleep\n|rule|Illusion Level Mod: Illusion disguises the Pok\u00e9mon's true level\n|\n|t:|1781438917\n|teamsize|p1|6\n|teamsize|p2|6\n|start\n|switch|p1a: Miraidon|Miraidon, L65|238/238\n|switch|p2a: Chi-Yu|Chi-Yu, L77|211/211\n|-fieldstart|move: Electric Terrain|[from] ability: Hadron Engine|[of] p1a: Miraidon\n|-ability|p2a: Chi-Yu|Beads of Ruin\n|turn|1\n|inactive|Battle timer is ON: inactive players will automatically lose when time's up. (requested by krishiiii68)\n|inactive|krishiiii68 has 120 seconds left.\n|\n|t:|1781438949\n|move|p1a: Miraidon|Electro Drift|p2a: Chi-Yu\n|-damage|p2a: Chi-Yu|34/211\n|-damage|p1a: Miraidon|215/238|[from] item: Life Orb\n|move|p2a: Chi-Yu|Will-O-Wisp|p1a: Miraidon\n|-status|p1a: Miraidon|brn\n|\n|-damage|p1a: Miraidon|201/238 brn|[from] brn\n|upkeep\n|turn|2\n|\n|t:|1781438968\n|switch|p1a: Mimikyu|Mimikyu, L79, M|216/216\n|move|p2a: Chi-Yu|Dark Pulse|p1a: Mimikyu\n|-activate|p1a: Mimikyu|ability: Disguise\n|-damage|p1a: Mimikyu|216/216\n|detailschange|p1a: Mimikyu|Mimikyu-Busted, L79, M\n|-damage|p1a: Mimikyu|189/216|[from] pokemon: Mimikyu-Busted\n|\n|upkeep\n|turn|3\n|\n|t:|1781438984\n|move|p1a: Mimikyu|Shadow Sneak|p2a: Chi-Yu\n|-resisted|p2a: Chi-Yu\n|-damage|p2a: Chi-Yu|7/211\n|-damage|p1a: Mimikyu|168/216|[from] item: Life Orb\n|move|p2a: Chi-Yu|Dark Pulse|p1a: Mimikyu\n|-damage|p1a: Mimikyu|50/216\n|\n|upkeep\n|turn|4\n|\n|t:|1781438993\n|move|p1a: Mimikyu|Shadow Sneak|p2a: Chi-Yu\n|-resisted|p2a: Chi-Yu\n|-damage|p2a: Chi-Yu|0 fnt\n|faint|p2a: Chi-Yu\n|-damage|p1a: Mimikyu|29/216|[from] item: Life Orb\n|\n|upkeep\n|inactive|ucurt5555 has 120 seconds left.\n|\n|t:|1781439029\n|switch|p2a: Zebstrika|Zebstrika, L87, M|272/272\n|turn|5\n|\n|t:|1781439034\n|move|p1a: Mimikyu|Shadow Sneak|p2a: Zebstrika\n|-damage|p2a: Zebstrika|217/272\n|-damage|p1a: Mimikyu|8/216|[from] item: Life Orb\n|move|p2a: Zebstrika|Volt Switch|p1a: Mimikyu\n|-damage|p1a: Mimikyu|0 fnt\n|faint|p1a: Mimikyu\n|-damage|p2a: Zebstrika|190/272|[from] item: Life Orb\n|\n|t:|1781439043\n|switch|p2a: Glastrier|Glastrier, L86|312/312|[from] Volt Switch\n|\n|-fieldend|move: Electric Terrain\n|upkeep\n|\n|t:|1781439051\n|switch|p1a: Groudon|Groudon, L72|263/263\n|-weather|SunnyDay|[from] ability: Drought|[of] p1a: Groudon\n|turn|6\n|\n|t:|1781439061\n|-terastallize|p2a: Glastrier|Ground\n|move|p1a: Groudon|Will-O-Wisp|p2a: Glastrier\n|-status|p2a: Glastrier|brn\n|move|p2a: Glastrier|Close Combat|p1a: Groudon\n|-crit|p1a: Groudon\n|-damage|p1a: Groudon|187/263\n|-unboost|p2a: Glastrier|def|1\n|-unboost|p2a: Glastrier|spd|1\n|\n|-weather|SunnyDay|[upkeep]\n|-heal|p1a: Groudon|203/263|[from] item: Leftovers\n|-damage|p2a: Glastrier|293/312 brn|[from] brn\n|upkeep\n|turn|7\n|inactive|ucurt5555 has 120 seconds left.\n|inactive|krishiiii68 has 120 seconds left.\n|\n|t:|1781439093\n|move|p1a: Groudon|Precipice Blades|p2a: Glastrier\n|-crit|p2a: Glastrier\n|-damage|p2a: Glastrier|82/312 brn\n|move|p2a: Glastrier|Icicle Crash|p1a: Groudon\n|-supereffective|p1a: Groudon\n|-damage|p1a: Groudon|100/263\n|\n|-weather|SunnyDay|[upkeep]\n|-heal|p1a: Groudon|116/263|[from] item: Leftovers\n|-damage|p2a: Glastrier|63/312 brn|[from] brn\n|upkeep\n|turn|8\n|inactive|krishiiii68 has 120 seconds left.\n|inactive|ucurt5555 has 120 seconds left.\n|\n|t:|1781439105\n|move|p1a: Groudon|Heat Crash|p2a: Glastrier\n|-damage|p2a: Glastrier|13/312 brn\n|move|p2a: Glastrier|Icicle Crash|p1a: Groudon\n|-supereffective|p1a: Groudon\n|-damage|p1a: Groudon|17/263\n|\n|-weather|SunnyDay|[upkeep]\n|-heal|p1a: Groudon|33/263|[from] item: Leftovers\n|-damage|p2a: Glastrier|0 fnt|[from] brn\n|faint|p2a: Glastrier\n|upkeep\n|inactive|ucurt5555 has 120 seconds left.\n|\n|t:|1781439121\n|switch|p2a: Lucario|Lucario, L84, F|255/255\n|turn|9\n|inactive|krishiiii68 has 120 seconds left.\n|inactive|krishiiii68 has 90 seconds left.\n|\n|t:|1781439175\n|switch|p1a: Mesprit|Mesprit, L85|275/275\n|move|p2a: Lucario|Extreme Speed|p1a: Mesprit\n|-damage|p1a: Mesprit|209/275\n|-damage|p2a: Lucario|230/255|[from] item: Life Orb\n|\n|-weather|SunnyDay|[upkeep]\n|-heal|p1a: Mesprit|226/275|[from] item: Leftovers\n|upkeep\n|turn|10\n|inactive|krishiiii68 has 90 seconds left.\n|inactive|ucurt5555 has 120 seconds left.\n|\n|t:|1781439206\n|move|p2a: Lucario|Meteor Mash|p1a: Mesprit\n|-damage|p1a: Mesprit|117/275\n|-boost|p2a: Lucario|atk|1\n|-damage|p2a: Lucario|205/255|[from] item: Life Orb\n|move|p1a: Mesprit|Psychic Noise|p2a: Lucario\n|-damage|p2a: Lucario|97/255\n|-start|p2a: Lucario|move: Heal Block\n|\n|-weather|none\n|-heal|p1a: Mesprit|134/275|[from] item: Leftovers\n|upkeep\n|turn|11\n|inactive|krishiiii68 has 90 seconds left.\n|\n|t:|1781439218\n|-terastallize|p1a: Mesprit|Electric\n|move|p2a: Lucario|Meteor Mash|p1a: Mesprit\n|-resisted|p1a: Mesprit\n|-damage|p1a: Mesprit|40/275\n|-damage|p2a: Lucario|72/255|[from] item: Life Orb\n|move|p1a: Mesprit|Psychic Noise|p2a: Lucario\n|-damage|p2a: Lucario|0 fnt\n|faint|p2a: Lucario\n|\n|-heal|p1a: Mesprit|57/275|[from] item: Leftovers\n|upkeep\n|inactive|ucurt5555 has 90 seconds left.\n|\n|t:|1781439234\n|switch|p2a: Mewtwo|Mewtwo, L72|272/272\n|-ability|p2a: Mewtwo|Pressure\n|turn|12\n|inactive|ucurt5555 has 90 seconds left.\n|inactive|krishiiii68 has 90 seconds left.\n|\n|t:|1781439245\n|move|p2a: Mewtwo|Aura Sphere|p1a: Mesprit\n|-damage|p1a: Mesprit|0 fnt\n|faint|p1a: Mesprit\n|-damage|p2a: Mewtwo|245/272|[from] item: Life Orb\n|\n|upkeep\n|inactive|krishiiii68 has 90 seconds left.\n|\n|t:|1781439262\n|switch|p1a: Miraidon|Miraidon, L65|201/238 brn\n|-fieldstart|move: Electric Terrain|[from] ability: Hadron Engine|[of] p1a: Miraidon\n|turn|13\n|\n|t:|1781439276\n|move|p2a: Mewtwo|Aura Sphere|p1a: Miraidon\n|-damage|p1a: Miraidon|123/238 brn\n|-damage|p2a: Mewtwo|218/272|[from] item: Life Orb\n|move|p1a: Miraidon|Draco Meteor|p2a: Mewtwo\n|-damage|p2a: Mewtwo|2/272\n|-unboost|p1a: Miraidon|spa|2\n|-damage|p1a: Miraidon|100/238 brn|[from] item: Life Orb\n|\n|-damage|p1a: Miraidon|86/238 brn|[from] brn\n|upkeep\n|turn|14\n|inactive|krishiiii68 has 90 seconds left.\n|\n|t:|1781439298\n|move|p2a: Mewtwo|Aura Sphere|p1a: Miraidon\n|-damage|p1a: Miraidon|8/238 brn\n|-damage|p2a: Mewtwo|0 fnt|[from] item: Life Orb\n|faint|p2a: Mewtwo\n|move|p1a: Miraidon|Dragon Pulse|p2: Mewtwo|[notarget]\n|-fail|p1a: Miraidon\n|\n|-damage|p1a: Miraidon|0 fnt|[from] brn\n|faint|p1a: Miraidon\n|upkeep\n|inactive|ucurt5555 has 90 seconds left.\n|\n|t:|1781439321\n|switch|p2a: Zebstrika|Zebstrika, L87, M|190/272\n|switch|p1a: Groudon|Groudon, L72|33/263\n|-weather|SunnyDay|[from] ability: Drought|[of] p1a: Groudon\n|turn|15\n|\n|t:|1781439338\n|move|p2a: Zebstrika|High Horsepower|p1a: Groudon\n|-damage|p1a: Groudon|0 fnt\n|faint|p1a: Groudon\n|-damage|p2a: Zebstrika|163/272|[from] item: Life Orb\n|\n|-weather|SunnyDay|[upkeep]\n|upkeep\n|\n|t:|1781439344\n|switch|p1a: Maushold|Maushold, L76|238/238\n|turn|16\n|inactive|ucurt5555 has 90 seconds left.\n|\n|t:|1781439354\n|switch|p1a: Regieleki|Regieleki, L79|256/256\n|move|p2a: Zebstrika|Supercell Slam|p1a: Regieleki\n|-resisted|p1a: Regieleki\n|-damage|p1a: Regieleki|97/256\n|-damage|p2a: Zebstrika|136/272|[from] item: Life Orb\n|\n|-weather|SunnyDay|[upkeep]\n|upkeep\n|turn|17\n|inactive|ucurt5555 has 90 seconds left.\n|\n|t:|1781439369\n|move|p1a: Regieleki|Rapid Spin|p2a: Zebstrika\n|-crit|p2a: Zebstrika\n|-damage|p2a: Zebstrika|71/272\n|-boost|p1a: Regieleki|spe|1\n|move|p2a: Zebstrika|Supercell Slam|p1a: Regieleki\n|-resisted|p1a: Regieleki\n|-damage|p1a: Regieleki|0 fnt\n|faint|p1a: Regieleki\n|-damage|p2a: Zebstrika|44/272|[from] item: Life Orb\n|\n|-weather|SunnyDay|[upkeep]\n|-fieldend|move: Electric Terrain\n|upkeep\n|\n|t:|1781439377\n|switch|p1a: Maushold|Maushold, L76|238/238\n|turn|18\n|\n|t:|1781439383\n|move|p2a: Zebstrika|Supercell Slam|p1a: Maushold\n|-damage|p1a: Maushold|38/238\n|-damage|p2a: Zebstrika|17/272|[from] item: Life Orb\n|move|p1a: Maushold|Tidy Up|p1a: Maushold\n|-boost|p1a: Maushold|atk|1\n|-boost|p1a: Maushold|spe|1\n|\n|-weather|SunnyDay|[upkeep]\n|upkeep\n|turn|19\n|inactive|krishiiii68 has 90 seconds left.\n|\n|t:|1781439393\n|move|p1a: Maushold|Bite|p2a: Zebstrika\n|-damage|p2a: Zebstrika|0 fnt\n|faint|p2a: Zebstrika\n|\n|-weather|none\n|upkeep\n|\n|t:|1781439399\n|switch|p2a: Gardevoir|Gardevoir, L83, F|249/249\n|-ability|p2a: Gardevoir|Technician|Trace|[from] ability: Trace|[of] p1a: Maushold\n|turn|20\n|\n|t:|1781439410\n|move|p1a: Maushold|Population Bomb|p2a: Gardevoir\n|-damage|p2a: Gardevoir|207/249\n|-damage|p2a: Gardevoir|165/249\n|-damage|p2a: Gardevoir|123/249\n|-damage|p2a: Gardevoir|77/249\n|-damage|p2a: Gardevoir|37/249\n|-damage|p2a: Gardevoir|0 fnt\n|faint|p2a: Gardevoir\n|-hitcount|p2: Gardevoir|6\n|\n|win|krishiiii68\n|raw|krishiiii68's rating: 1000 &rarr; <strong>1040</strong><br />(+40 for winning)\n|raw|ucurt5555's rating: 1000 &rarr; <strong>1000</strong><br />(+0 for losing)\n", "inputlog": ">version a8376a258c1d4662feba110a92103f3664a72141\n>start {\"formatid\":\"gen9randombattle\",\"seed\":\"sodium,6872f621ad9b9e3f2a776de1f04b3307\",\"rated\":\"Rated battle\"}\n>player p1 {\"name\":\"krishiiii68\",\"avatar\":\"serena\",\"rating\":1000,\"seed\":\"sodium,3c64c8a20acb580ba9848d66292a84e2\"}\n>player p2 {\"name\":\"ucurt5555\",\"avatar\":\"169\",\"rating\":1000,\"seed\":\"sodium,ce6929f54e3321bfc36eb6ce6ab3616f\"}\n>p1 move electrodrift\n>p2 move willowisp\n>p1 switch 6\n>p2 move darkpulse\n>p1 move shadowsneak\n>p2 move darkpulse\n>p1 move shadowsneak\n>p2 move darkpulse\n>p2 switch 6\n>p1 move shadowsneak\n>p2 move voltswitch\n>p2 switch 2\n>p1 switch 3\n>p1 move willowisp\n>p2 move closecombat terastallize\n>p1 move precipiceblades\n>p2 move iciclecrash\n>p1 move heatcrash\n>p2 move iciclecrash\n>p2 switch 5\n>p1 switch 2\n>p2 move extremespeed\n>p1 move psychicnoise\n>p2 move meteormash\n>p1 move psychicnoise terastallize\n>p2 move meteormash\n>p2 switch 4\n>p1 move uturn\n>p2 move aurasphere\n>p1 switch 6\n>p1 move dracometeor\n>p2 move aurasphere\n>p1 move dragonpulse\n>p2 move aurasphere\n>p1 switch 2\n>p2 switch 2\n>p1 move willowisp\n>p2 move highhorsepower\n>p1 switch 4\n>p1 switch 5\n>p2 move supercellslam\n>p1 move rapidspin\n>p2 move supercellslam\n>p1 switch 5\n>p1 move tidyup\n>p2 move supercellslam\n>p1 move bite\n>p2 move supercellslam\n>p2 switch 3\n>p1 move populationbomb\n>p2 move moonblast", "uploadtime": 1781439421, "views": 4, "formatid": "gen9randombattle", "rating": 1000, "private": 0, "password": null}