{"id": "gen9randombattle-2631570422", "format": "[Gen 9] Random Battle", "players": ["Aeeeaplyuu", "Wigglystuff"], "log": "|j|\u2606Aeeeaplyuu\n|j|\u2606Wigglystuff\n|t:|1781402762\n|gametype|singles\n|player|p1|Aeeeaplyuu|265|2044\n|player|p2|Wigglystuff|1|1963\n|gen|9\n|tier|[Gen 9] Random Battle\n|rated|\n|rule|Species Clause: Limit one of each Pok\u00e9mon\n|rule|HP Percentage Mod: HP is shown in percentages\n|rule|Sleep Clause Mod: Limit one foe put to sleep\n|rule|Illusion Level Mod: Illusion disguises the Pok\u00e9mon's true level\n|\n|t:|1781402762\n|teamsize|p1|6\n|teamsize|p2|6\n|start\n|switch|p1a: Keldeo|Keldeo-Resolute, L79|273/273\n|switch|p2a: Phione|Phione, L91|293/293\n|turn|1\n|\n|t:|1781402772\n|switch|p2a: Alcremie|Alcremie-Matcha-Cream, L90, F|263/263\n|move|p1a: Keldeo|Calm Mind|p1a: Keldeo\n|-boost|p1a: Keldeo|spa|1\n|-boost|p1a: Keldeo|spd|1\n|\n|upkeep\n|turn|2\n|\n|t:|1781402780\n|move|p1a: Keldeo|Calm Mind|p1a: Keldeo\n|-boost|p1a: Keldeo|spa|1\n|-boost|p1a: Keldeo|spd|1\n|move|p2a: Alcremie|Calm Mind|p2a: Alcremie\n|-boost|p2a: Alcremie|spa|1\n|-boost|p2a: Alcremie|spd|1\n|\n|upkeep\n|turn|3\n|\n|t:|1781402784\n|move|p1a: Keldeo|Hydro Pump|p2a: Alcremie\n|-damage|p2a: Alcremie|127/263\n|move|p2a: Alcremie|Calm Mind|p2a: Alcremie\n|-boost|p2a: Alcremie|spa|1\n|-boost|p2a: Alcremie|spd|1\n|\n|-heal|p2a: Alcremie|143/263|[from] item: Leftovers\n|upkeep\n|turn|4\n|\n|t:|1781402790\n|move|p1a: Keldeo|Calm Mind|p1a: Keldeo\n|-boost|p1a: Keldeo|spa|1\n|-boost|p1a: Keldeo|spd|1\n|move|p2a: Alcremie|Recover|p2a: Alcremie\n|-heal|p2a: Alcremie|263/263\n|\n|upkeep\n|turn|5\n|\n|t:|1781402793\n|move|p1a: Keldeo|Hydro Pump|p2a: Alcremie\n|-damage|p2a: Alcremie|154/263\n|move|p2a: Alcremie|Psyshock|p1a: Keldeo\n|-supereffective|p1a: Keldeo\n|-crit|p1a: Keldeo\n|-damage|p1a: Keldeo|0 fnt\n|faint|p1a: Keldeo\n|\n|-heal|p2a: Alcremie|170/263|[from] item: Leftovers\n|upkeep\n|\n|t:|1781402807\n|switch|p1a: Talonflame|Talonflame, L83, M|265/265\n|turn|6\n|\n|t:|1781402813\n|move|p1a: Talonflame|Brave Bird|p2a: Alcremie\n|-damage|p2a: Alcremie|61/263\n|-damage|p1a: Talonflame|229/265|[from] Recoil\n|move|p2a: Alcremie|Psyshock|p1a: Talonflame\n|-damage|p1a: Talonflame|58/265\n|\n|-heal|p2a: Alcremie|77/263|[from] item: Leftovers\n|upkeep\n|turn|7\n|\n|t:|1781402828\n|switch|p2a: Dachsbun|Dachsbun, L92, F|254/254\n|move|p1a: Talonflame|Brave Bird|p2a: Dachsbun\n|-damage|p2a: Dachsbun|166/254\n|-damage|p1a: Talonflame|29/265|[from] Recoil\n|\n|-heal|p2a: Dachsbun|181/254|[from] item: Leftovers\n|upkeep\n|turn|8\n|\n|t:|1781402836\n|switch|p1a: Mew|Mew, L82|298/298\n|move|p2a: Dachsbun|Wish|p2a: Dachsbun\n|\n|-heal|p2a: Dachsbun|196/254|[from] item: Leftovers\n|upkeep\n|turn|9\n|\n|t:|1781402843\n|switch|p2a: Alcremie|Alcremie-Matcha-Cream, L90, F|77/263\n|move|p1a: Mew|Toxic Spikes|p2a: Alcremie\n|-sidestart|p2: Wigglystuff|move: Toxic Spikes\n|\n|-heal|p2a: Alcremie|204/263|[from] move: Wish|[wisher] Dachsbun\n|-heal|p2a: Alcremie|220/263|[from] item: Leftovers\n|upkeep\n|turn|10\n|\n|t:|1781402857\n|switch|p2a: Banette|Banette, L93, F|270/270\n|-status|p2a: Banette|psn\n|move|p1a: Mew|Toxic Spikes|p2a: Banette\n|-sidestart|p2: Wigglystuff|move: Toxic Spikes\n|\n|-damage|p2a: Banette|237/270 psn|[from] psn\n|upkeep\n|turn|11\n|\n|t:|1781402866\n|switch|p1a: Talonflame|Talonflame, L83, M|29/265\n|-terastallize|p2a: Banette|Poison\n|move|p2a: Banette|Poltergeist|p1a: Talonflame\n|-activate|p1a: Talonflame|move: Poltergeist|Heavy-Duty Boots\n|-damage|p1a: Talonflame|0 fnt\n|faint|p1a: Talonflame\n|-damage|p2a: Banette|210/270 psn|[from] item: Life Orb\n|\n|-damage|p2a: Banette|177/270 psn|[from] psn\n|upkeep\n|\n|t:|1781402876\n|switch|p1a: Mew|Mew, L82|298/298\n|turn|12\n|\n|t:|1781402882\n|switch|p2a: Phione|Phione, L91|293/293\n|-status|p2a: Phione|tox\n|move|p1a: Mew|Psychic Noise|p2a: Phione\n|-damage|p2a: Phione|214/293 tox\n|-start|p2a: Phione|move: Heal Block\n|\n|-damage|p2a: Phione|196/293 tox|[from] psn\n|upkeep\n|turn|13\n|\n|t:|1781402891\n|move|p1a: Mew|Stealth Rock|p2a: Phione\n|-sidestart|p2: Wigglystuff|move: Stealth Rock\n|move|p2a: Phione|Take Heart|p2a: Phione\n|-boost|p2a: Phione|spa|1\n|-boost|p2a: Phione|spd|1\n|-curestatus|p2a: Phione|tox|[msg]\n|\n|-end|p2a: Phione|move: Heal Block\n|upkeep\n|turn|14\n|\n|t:|1781402900\n|move|p1a: Mew|Encore|p2a: Phione\n|-start|p2a: Phione|Encore\n|move|p2a: Phione|Take Heart|p2a: Phione\n|-boost|p2a: Phione|spa|1\n|-boost|p2a: Phione|spd|1\n|\n|-heal|p2a: Phione|214/293|[from] item: Leftovers\n|upkeep\n|turn|15\n|\n|t:|1781402910\n|switch|p2a: Krookodile|Krookodile, L79, M|280/280\n|-status|p2a: Krookodile|tox\n|-damage|p2a: Krookodile|263/280 tox|[from] Stealth Rock\n|-ability|p2a: Krookodile|Intimidate|boost\n|-unboost|p1a: Mew|atk|1\n|move|p1a: Mew|Psychic Noise|p2a: Krookodile\n|-immune|p2a: Krookodile\n|\n|-damage|p2a: Krookodile|246/280 tox|[from] psn\n|upkeep\n|turn|16\n|\n|t:|1781402922\n|switch|p1a: Wigglytuff|Wigglytuff, L96, F|424/424\n|move|p2a: Krookodile|Stealth Rock|p1a: Wigglytuff\n|-sidestart|p1: Aeeeaplyuu|move: Stealth Rock\n|\n|-damage|p2a: Krookodile|212/280 tox|[from] psn\n|upkeep\n|turn|17\n|\n|t:|1781402930\n|switch|p2a: Banette|Banette, L93, F, tera:Poison|177/270 psn\n|-sideend|p2: Wigglystuff|move: Toxic Spikes|[of] p2a: Banette\n|-damage|p2a: Banette|144/270 psn|[from] Stealth Rock\n|move|p1a: Wigglytuff|Alluring Voice|p2a: Banette\n|-resisted|p2a: Banette\n|-damage|p2a: Banette|88/270 psn\n|\n|-damage|p2a: Banette|55/270 psn|[from] psn\n|upkeep\n|turn|18\n|\n|t:|1781402939\n|move|p1a: Wigglytuff|Protect|p1a: Wigglytuff\n|-singleturn|p1a: Wigglytuff|Protect\n|move|p2a: Banette|Gunk Shot|p1a: Wigglytuff\n|-activate|p1a: Wigglytuff|move: Protect\n|\n|-damage|p2a: Banette|22/270 psn|[from] psn\n|upkeep\n|turn|19\n|\n|t:|1781402946\n|move|p2a: Banette|Gunk Shot|p1a: Wigglytuff\n|-supereffective|p1a: Wigglytuff\n|-damage|p1a: Wigglytuff|0 fnt\n|faint|p1a: Wigglytuff\n|-damage|p2a: Banette|0 fnt|[from] item: Life Orb\n|faint|p2a: Banette\n|\n|upkeep\n|\n|t:|1781402958\n|switch|p2a: Dachsbun|Dachsbun, L92, F|196/254\n|switch|p1a: Mew|Mew, L82|298/298\n|-damage|p2a: Dachsbun|165/254|[from] Stealth Rock\n|-damage|p1a: Mew|261/298|[from] Stealth Rock\n|turn|20\n|\n|t:|1781402966\n|move|p2a: Dachsbun|Yawn|p1a: Mew\n|-start|p1a: Mew|move: Yawn|[of] p2a: Dachsbun\n|move|p1a: Mew|Toxic Spikes|p2a: Dachsbun\n|-sidestart|p2: Wigglystuff|move: Toxic Spikes\n|\n|-heal|p2a: Dachsbun|180/254|[from] item: Leftovers\n|-heal|p1a: Mew|279/298|[from] item: Leftovers\n|upkeep\n|turn|21\n|\n|t:|1781402976\n|move|p2a: Dachsbun|Wish|p2a: Dachsbun\n|move|p1a: Mew|Toxic Spikes|p2a: Dachsbun\n|-sidestart|p2: Wigglystuff|move: Toxic Spikes\n|\n|-heal|p2a: Dachsbun|195/254|[from] item: Leftovers\n|-heal|p1a: Mew|297/298|[from] item: Leftovers\n|-end|p1a: Mew|move: Yawn|[silent]\n|-status|p1a: Mew|slp\n|upkeep\n|turn|22\n|\n|t:|1781402988\n|switch|p2a: Krookodile|Krookodile, L79, M|212/280 tox\n|-damage|p2a: Krookodile|195/280 tox|[from] Stealth Rock\n|-ability|p2a: Krookodile|Intimidate|boost\n|-unboost|p1a: Mew|atk|1\n|switch|p1a: Dragapult|Dragapult, L77, F|262/262\n|-damage|p1a: Dragapult|230/262|[from] Stealth Rock\n|\n|-heal|p2a: Krookodile|280/280 tox|[from] move: Wish|[wisher] Dachsbun\n|-damage|p2a: Krookodile|263/280 tox|[from] psn\n|upkeep\n|turn|23\n|\n|t:|1781402999\n|switch|p1a: Mew|Mew, L82|297/298 slp\n|-damage|p1a: Mew|260/298 slp|[from] Stealth Rock\n|move|p2a: Krookodile|Knock Off|p1a: Mew\n|-supereffective|p1a: Mew\n|-damage|p1a: Mew|0 fnt\n|-enditem|p1a: Mew|Leftovers|[from] move: Knock Off|[of] p2a: Krookodile\n|faint|p1a: Mew\n|-damage|p2a: Krookodile|235/280 tox|[from] item: Life Orb\n|\n|-damage|p2a: Krookodile|201/280 tox|[from] psn\n|upkeep\n|\n|t:|1781403005\n|switch|p1a: Iron Boulder|Iron Boulder, L77|265/265\n|-damage|p1a: Iron Boulder|232/265|[from] Stealth Rock\n|turn|24\n|\n|t:|1781403009\n|move|p1a: Iron Boulder|Close Combat|p2a: Krookodile\n|-supereffective|p2a: Krookodile\n|-damage|p2a: Krookodile|0 fnt\n|-unboost|p1a: Iron Boulder|def|1\n|-unboost|p1a: Iron Boulder|spd|1\n|faint|p2a: Krookodile\n|-damage|p1a: Iron Boulder|206/265|[from] item: Life Orb\n|\n|upkeep\n|\n|t:|1781403016\n|switch|p2a: Dachsbun|Dachsbun, L92, F|195/254\n|-damage|p2a: Dachsbun|164/254|[from] Stealth Rock\n|-status|p2a: Dachsbun|tox\n|turn|25\n|\n|t:|1781403024\n|move|p1a: Iron Boulder|Mighty Cleave|p2a: Dachsbun\n|-damage|p2a: Dachsbun|67/254 tox\n|-damage|p1a: Iron Boulder|180/265|[from] item: Life Orb\n|move|p2a: Dachsbun|Yawn|p1a: Iron Boulder\n|-start|p1a: Iron Boulder|move: Yawn|[of] p2a: Dachsbun\n|\n|-heal|p2a: Dachsbun|82/254 tox|[from] item: Leftovers\n|-damage|p2a: Dachsbun|67/254 tox|[from] psn\n|upkeep\n|turn|26\n|\n|t:|1781403035\n|move|p1a: Iron Boulder|Mighty Cleave|p2a: Dachsbun\n|-damage|p2a: Dachsbun|0 fnt\n|faint|p2a: Dachsbun\n|-damage|p1a: Iron Boulder|154/265|[from] item: Life Orb\n|\n|-end|p1a: Iron Boulder|move: Yawn|[silent]\n|-status|p1a: Iron Boulder|slp\n|upkeep\n|\n|t:|1781403043\n|switch|p2a: Phione|Phione, L91|214/293\n|-damage|p2a: Phione|178/293|[from] Stealth Rock\n|-status|p2a: Phione|tox\n|turn|27\n|\n|t:|1781403047\n|-end|p1a: Iron Boulder|Quark Drive|[silent]\n|switch|p1a: Dragapult|Dragapult, L77, F|230/262\n|-damage|p1a: Dragapult|198/262|[from] Stealth Rock\n|move|p2a: Phione|Take Heart|p2a: Phione\n|-boost|p2a: Phione|spa|1\n|-boost|p2a: Phione|spd|1\n|-curestatus|p2a: Phione|tox|[msg]\n|\n|-heal|p2a: Phione|196/293|[from] item: Leftovers\n|upkeep\n|turn|28\n|\n|t:|1781403056\n|-terastallize|p1a: Dragapult|Ghost\n|move|p1a: Dragapult|Dragon Dance|p1a: Dragapult\n|-boost|p1a: Dragapult|atk|1\n|-boost|p1a: Dragapult|spe|1\n|move|p2a: Phione|Ice Beam|p1a: Dragapult\n|-damage|p1a: Dragapult|74/262\n|\n|-heal|p2a: Phione|214/293|[from] item: Leftovers\n|upkeep\n|turn|29\n|\n|t:|1781403064\n|move|p1a: Dragapult|Dragon Darts|p2a: Phione\n|-damage|p2a: Phione|111/293\n|-anim|p1a: Dragapult|Dragon Darts|p2a: Phione\n|-damage|p2a: Phione|10/293\n|-damage|p1a: Dragapult|48/262|[from] item: Life Orb\n|move|p2a: Phione|Scald|p1a: Dragapult\n|-damage|p1a: Dragapult|0 fnt\n|faint|p1a: Dragapult\n|\n|-heal|p2a: Phione|28/293|[from] item: Leftovers\n|upkeep\n|-message|Aeeeaplyuu forfeited.\n|\n|win|Wigglystuff\n", "inputlog": ">version a8376a258c1d4662feba110a92103f3664a72141\n>start {\"formatid\":\"gen9randombattle\",\"seed\":\"sodium,a1bf5f6408f0b2ed10f9744136d5e5b4\",\"rated\":\"Rated battle\"}\n>player p1 {\"name\":\"Aeeeaplyuu\",\"avatar\":\"265\",\"rating\":2044,\"seed\":\"sodium,766245da440359b87ef890fae0e7931e\"}\n>player p2 {\"name\":\"Wigglystuff\",\"avatar\":\"1\",\"rating\":1963,\"seed\":\"sodium,691feef7e0c2718c5b81fc1542bef803\"}\n>p1 move calmmind\n>p2 switch 4\n>p1 move calmmind\n>p2 move calmmind\n>p1 move hydropump\n>p2 move calmmind\n>p1 move calmmind\n>p2 move recover\n>p1 move hydropump\n>p2 move psyshock\n>p1 switch 4\n>p1 move bravebird\n>p2 move psyshock\n>p1 move bravebird\n>p2 switch 2\n>p1 switch 2\n>p2 move wish\n>p1 move toxicspikes\n>p2 switch 2\n>p1 move toxicspikes\n>p2 switch 6\n>p1 switch 2\n>p2 move poltergeist terastallize\n>p1 switch 2\n>p1 move psychicnoise\n>p2 switch 4\n>p1 move stealthrock\n>p2 move takeheart\n>p1 move encore\n>p2 move scald\n>p1 move psychicnoise\n>p2 switch 5\n>p1 switch 6\n>p2 move stealthrock\n>p1 move alluringvoice\n>p2 switch 4\n>p1 move protect\n>p2 move gunkshot\n>p1 move wish\n>p2 move gunkshot\n>p1 switch 6\n>p2 switch 2\n>p1 move toxicspikes\n>p2 move yawn\n>p1 move toxicspikes\n>p2 move wish\n>p1 switch 5\n>p2 switch 4\n>p1 switch 5\n>p2 move knockoff\n>p1 switch 3\n>p1 move closecombat\n>p2 move knockoff\n>p2 switch 4\n>p1 move mightycleave\n>p2 move yawn\n>p1 move mightycleave\n>p2 move wish\n>p2 switch 5\n>p1 switch 5\n>p2 move takeheart\n>p1 move dragondance terastallize\n>p2 move icebeam\n>p1 move dragondarts\n>p2 move scald\n>forcelose p1", "uploadtime": 1781402764, "views": 5, "formatid": "gen9randombattle", "rating": null, "private": 0, "password": null}