{"id": "gen9randombattle-2631480938", "format": "[Gen 9] Random Battle", "players": ["soccrbeast888", "Fortre"], "log": "|j|\u2606soccrbeast888\n|j|\u2606Fortre\n|t:|1781390324\n|gametype|singles\n|player|p1|soccrbeast888|rancher|2067\n|player|p2|Fortre|1|2019\n|gen|9\n|tier|[Gen 9] Random Battle\n|rated|\n|rule|Species Clause: Limit one of each Pok\u00e9mon\n|rule|HP Percentage Mod: HP is shown in percentages\n|rule|Sleep Clause Mod: Limit one foe put to sleep\n|rule|Illusion Level Mod: Illusion disguises the Pok\u00e9mon's true level\n|\n|t:|1781390324\n|teamsize|p1|6\n|teamsize|p2|6\n|start\n|switch|p1a: Toxicroak|Toxicroak, L84, M|277/277\n|switch|p2a: Diancie|Diancie, L82|216/216\n|turn|1\n|\n|t:|1781390343\n|switch|p1a: Azumarill|Azumarill, L82, F|298/298\n|move|p2a: Diancie|Stealth Rock|p1a: Azumarill\n|-sidestart|p1: soccrbeast888|move: Stealth Rock\n|\n|upkeep\n|turn|2\n|\n|t:|1781390349\n|switch|p2a: Tatsugiri|Tatsugiri, L87, M|260/260\n|move|p1a: Azumarill|Liquidation|p2a: Tatsugiri\n|-ability|p2a: Tatsugiri|Storm Drain|boost\n|-boost|p2a: Tatsugiri|spa|1\n|\n|upkeep\n|turn|3\n|\n|t:|1781390371\n|switch|p1a: Kilowattrel|Kilowattrel, L83, M|252/252\n|move|p2a: Tatsugiri|Draco Meteor|p1a: Kilowattrel\n|-damage|p1a: Kilowattrel|0 fnt\n|-unboost|p2a: Tatsugiri|spa|2\n|faint|p1a: Kilowattrel\n|\n|upkeep\n|\n|t:|1781390378\n|switch|p1a: Toxicroak|Toxicroak, L84, M|277/277\n|-damage|p1a: Toxicroak|260/277|[from] Stealth Rock\n|turn|4\n|\n|t:|1781390384\n|switch|p2a: Diancie|Diancie, L82|216/216\n|move|p1a: Toxicroak|Close Combat|p2a: Diancie\n|-damage|p2a: Diancie|68/216\n|-unboost|p1a: Toxicroak|def|1\n|-unboost|p1a: Toxicroak|spd|1\n|\n|-heal|p2a: Diancie|81/216|[from] item: Leftovers\n|upkeep\n|turn|5\n|\n|t:|1781390388\n|move|p1a: Toxicroak|Close Combat|p2a: Diancie\n|-damage|p2a: Diancie|0 fnt\n|-unboost|p1a: Toxicroak|def|1\n|-unboost|p1a: Toxicroak|spd|1\n|faint|p2a: Diancie\n|\n|upkeep\n|\n|t:|1781390399\n|switch|p2a: Scovillain|Scovillain, L91, M|266/266\n|turn|6\n|\n|t:|1781390411\n|switch|p1a: Garganacl|Garganacl, L80, F|291/291\n|-damage|p1a: Garganacl|255/291|[from] Stealth Rock\n|move|p2a: Scovillain|Flamethrower|p1a: Garganacl\n|-resisted|p1a: Garganacl\n|-damage|p1a: Garganacl|193/291\n|\n|-heal|p1a: Garganacl|211/291|[from] item: Leftovers\n|upkeep\n|turn|7\n|\n|t:|1781390421\n|switch|p2a: Regirock|Regirock, L83|268/268\n|move|p1a: Garganacl|Stealth Rock|p2a: Regirock\n|-sidestart|p2: Fortre|move: Stealth Rock\n|\n|-heal|p1a: Garganacl|229/291|[from] item: Leftovers\n|upkeep\n|turn|8\n|\n|t:|1781390430\n|switch|p1a: Azumarill|Azumarill, L82, F|298/298\n|-damage|p1a: Azumarill|261/298|[from] Stealth Rock\n|move|p2a: Regirock|Body Press|p1a: Azumarill\n|-resisted|p1a: Azumarill\n|-damage|p1a: Azumarill|201/298\n|\n|upkeep\n|turn|9\n|\n|t:|1781390448\n|move|p2a: Regirock|Stone Edge|p1a: Azumarill|[miss]\n|-miss|p2a: Regirock|p1a: Azumarill\n|move|p1a: Azumarill|Superpower|p2a: Regirock\n|-supereffective|p2a: Regirock\n|-damage|p2a: Regirock|102/268\n|-unboost|p1a: Azumarill|atk|1\n|-unboost|p1a: Azumarill|def|1\n|\n|upkeep\n|turn|10\n|\n|t:|1781390466\n|switch|p1a: Toxicroak|Toxicroak, L84, M|260/277\n|-damage|p1a: Toxicroak|243/277|[from] Stealth Rock\n|move|p2a: Regirock|Iron Defense|p2a: Regirock\n|-boost|p2a: Regirock|def|2\n|\n|upkeep\n|turn|11\n|\n|t:|1781390472\n|-terastallize|p2a: Regirock|Fighting\n|move|p1a: Toxicroak|Close Combat|p2a: Regirock\n|-damage|p2a: Regirock|48/268\n|-unboost|p1a: Toxicroak|def|1\n|-unboost|p1a: Toxicroak|spd|1\n|move|p2a: Regirock|Rest|p2a: Regirock\n|-status|p2a: Regirock|slp|[from] move: Rest\n|-heal|p2a: Regirock|268/268 slp|[silent]\n|-enditem|p2a: Regirock|Chesto Berry|[eat]\n|-curestatus|p2a: Regirock|slp|[msg]\n|\n|upkeep\n|turn|12\n|\n|t:|1781390484\n|switch|p1a: Annihilape|Annihilape, L76, F|292/292\n|-damage|p1a: Annihilape|274/292|[from] Stealth Rock\n|move|p2a: Regirock|Body Press|p1a: Annihilape\n|-immune|p1a: Annihilape\n|\n|-heal|p1a: Annihilape|292/292|[from] item: Leftovers\n|upkeep\n|turn|13\n|\n|t:|1781390490\n|switch|p2a: Noctowl|Noctowl, L95, F|344/344\n|move|p1a: Annihilape|Bulk Up|p1a: Annihilape\n|-boost|p1a: Annihilape|atk|1\n|-boost|p1a: Annihilape|def|1\n|\n|upkeep\n|turn|14\n|\n|t:|1781390500\n|switch|p1a: Azumarill|Azumarill, L82, F|201/298\n|-damage|p1a: Azumarill|164/298|[from] Stealth Rock\n|move|p2a: Noctowl|Hurricane|p1a: Azumarill\n|-damage|p1a: Azumarill|19/298\n|\n|upkeep\n|turn|15\n|\n|t:|1781390506\n|move|p2a: Noctowl|Hyper Voice|p1a: Azumarill\n|-damage|p1a: Azumarill|0 fnt\n|faint|p1a: Azumarill\n|\n|upkeep\n|\n|t:|1781390514\n|switch|p1a: Toxicroak|Toxicroak, L84, M|243/277\n|-damage|p1a: Toxicroak|226/277|[from] Stealth Rock\n|turn|16\n|\n|t:|1781390522\n|move|p1a: Toxicroak|Gunk Shot|p2a: Noctowl|[miss]\n|-miss|p1a: Toxicroak|p2a: Noctowl\n|move|p2a: Noctowl|Hurricane|p1a: Toxicroak\n|-supereffective|p1a: Toxicroak\n|-damage|p1a: Toxicroak|0 fnt\n|faint|p1a: Toxicroak\n|\n|upkeep\n|\n|t:|1781390533\n|switch|p1a: Kleavor|Kleavor, L78, M|237/237\n|-damage|p1a: Kleavor|178/237|[from] Stealth Rock\n|turn|17\n|\n|t:|1781390538\n|switch|p2a: Regirock|Regirock, L83, tera:Fighting|268/268\n|-damage|p2a: Regirock|252/268|[from] Stealth Rock\n|move|p1a: Kleavor|Stone Axe|p2a: Regirock\n|-resisted|p2a: Regirock\n|-damage|p2a: Regirock|206/268\n|\n|upkeep\n|turn|18\n|\n|t:|1781390554\n|switch|p2a: Tatsugiri|Tatsugiri, L87, M|260/260\n|move|p1a: Kleavor|Stone Axe|p2a: Tatsugiri\n|-damage|p2a: Tatsugiri|44/260\n|\n|upkeep\n|turn|19\n|\n|t:|1781390561\n|move|p2a: Tatsugiri|Hydro Pump|p1a: Kleavor\n|-supereffective|p1a: Kleavor\n|-damage|p1a: Kleavor|0 fnt\n|faint|p1a: Kleavor\n|\n|upkeep\n|\n|t:|1781390568\n|switch|p1a: Annihilape|Annihilape, L76, F|292/292\n|-damage|p1a: Annihilape|274/292|[from] Stealth Rock\n|turn|20\n|\n|t:|1781390579\n|move|p2a: Tatsugiri|Nasty Plot|p2a: Tatsugiri\n|-boost|p2a: Tatsugiri|spa|2\n|move|p1a: Annihilape|Drain Punch|p2a: Tatsugiri\n|-damage|p2a: Tatsugiri|0 fnt\n|-heal|p1a: Annihilape|292/292|[from] drain|[of] p2a: Tatsugiri\n|faint|p2a: Tatsugiri\n|\n|upkeep\n|\n|t:|1781390582\n|switch|p2a: Noctowl|Noctowl, L95, F|344/344\n|turn|21\n|\n|t:|1781390604\n|-terastallize|p1a: Annihilape|Ghost\n|move|p2a: Noctowl|Hurricane|p1a: Annihilape\n|-damage|p1a: Annihilape|132/292\n|move|p1a: Annihilape|Drain Punch|p2a: Noctowl\n|-damage|p2a: Noctowl|250/344\n|-heal|p1a: Annihilape|179/292|[from] drain|[of] p2a: Noctowl\n|\n|-heal|p1a: Annihilape|197/292|[from] item: Leftovers\n|upkeep\n|turn|22\n|\n|t:|1781390610\n|move|p2a: Noctowl|Hurricane|p1a: Annihilape\n|-damage|p1a: Annihilape|37/292\n|move|p1a: Annihilape|Drain Punch|p2a: Noctowl\n|-damage|p2a: Noctowl|142/344\n|-heal|p1a: Annihilape|91/292|[from] drain|[of] p2a: Noctowl\n|\n|-heal|p1a: Annihilape|109/292|[from] item: Leftovers\n|upkeep\n|turn|23\n|\n|t:|1781390619\n|move|p2a: Noctowl|Hurricane|p1a: Annihilape|[miss]\n|-miss|p2a: Noctowl|p1a: Annihilape\n|move|p1a: Annihilape|Drain Punch|p2a: Noctowl\n|-damage|p2a: Noctowl|43/344\n|-heal|p1a: Annihilape|159/292|[from] drain|[of] p2a: Noctowl\n|\n|-heal|p1a: Annihilape|177/292|[from] item: Leftovers\n|upkeep\n|turn|24\n|\n|t:|1781390629\n|move|p2a: Noctowl|Hurricane|p1a: Annihilape|[miss]\n|-miss|p2a: Noctowl|p1a: Annihilape\n|move|p1a: Annihilape|Drain Punch|p2a: Noctowl\n|-damage|p2a: Noctowl|0 fnt\n|-heal|p1a: Annihilape|199/292|[from] drain|[of] p2a: Noctowl\n|faint|p2a: Noctowl\n|\n|-heal|p1a: Annihilape|217/292|[from] item: Leftovers\n|upkeep\n|\n|t:|1781390638\n|switch|p2a: Meowscarada|Meowscarada, L78, M|247/247\n|-damage|p2a: Meowscarada|217/247|[from] Stealth Rock\n|turn|25\n|\n|t:|1781390653\n|move|p2a: Meowscarada|Knock Off|p1a: Annihilape\n|-start|p2a: Meowscarada|typechange|Dark|[from] ability: Protean\n|-supereffective|p1a: Annihilape\n|-damage|p1a: Annihilape|0 fnt\n|-enditem|p1a: Annihilape|Leftovers|[from] move: Knock Off|[of] p2a: Meowscarada\n|faint|p1a: Annihilape\n|-damage|p2a: Meowscarada|193/247|[from] item: Life Orb\n|\n|upkeep\n|\n|t:|1781390656\n|switch|p1a: Garganacl|Garganacl, L80, F|229/291\n|-damage|p1a: Garganacl|193/291|[from] Stealth Rock\n|turn|26\n|\n|t:|1781390662\n|move|p2a: Meowscarada|Flower Trick|p1a: Garganacl\n|-supereffective|p1a: Garganacl\n|-crit|p1a: Garganacl\n|-damage|p1a: Garganacl|53/291\n|-damage|p2a: Meowscarada|169/247|[from] item: Life Orb\n|move|p1a: Garganacl|Recover|p1a: Garganacl\n|-heal|p1a: Garganacl|199/291\n|\n|-heal|p1a: Garganacl|217/291|[from] item: Leftovers\n|upkeep\n|turn|27\n|\n|t:|1781390667\n|move|p2a: Meowscarada|Knock Off|p1a: Garganacl\n|-damage|p1a: Garganacl|120/291\n|-enditem|p1a: Garganacl|Leftovers|[from] move: Knock Off|[of] p2a: Meowscarada\n|-damage|p2a: Meowscarada|145/247|[from] item: Life Orb\n|move|p1a: Garganacl|Recover|p1a: Garganacl\n|-heal|p1a: Garganacl|266/291\n|\n|upkeep\n|turn|28\n|\n|t:|1781390672\n|switch|p2a: Scovillain|Scovillain, L91, M|266/266\n|-damage|p2a: Scovillain|200/266|[from] Stealth Rock\n|move|p1a: Garganacl|Salt Cure|p2a: Scovillain\n|-supereffective|p2a: Scovillain\n|-damage|p2a: Scovillain|104/266\n|-start|p2a: Scovillain|Salt Cure\n|\n|-damage|p2a: Scovillain|71/266|[from] Salt Cure\n|upkeep\n|turn|29\n|\n|t:|1781390678\n|move|p1a: Garganacl|Protect|p1a: Garganacl\n|-singleturn|p1a: Garganacl|Protect\n|move|p2a: Scovillain|Leaf Storm|p1a: Garganacl\n|-activate|p1a: Garganacl|move: Protect\n|\n|-damage|p2a: Scovillain|38/266|[from] Salt Cure\n|upkeep\n|turn|30\n|\n|t:|1781390682\n|move|p2a: Scovillain|Leaf Storm|p1a: Garganacl\n|-supereffective|p1a: Garganacl\n|-damage|p1a: Garganacl|0 fnt\n|-unboost|p2a: Scovillain|spa|2\n|faint|p1a: Garganacl\n|\n|win|Fortre\n", "inputlog": ">version a8376a258c1d4662feba110a92103f3664a72141\n>start {\"formatid\":\"gen9randombattle\",\"seed\":\"sodium,99ad4e01623165935af371d03070efa5\",\"rated\":\"Rated battle\"}\n>player p1 {\"name\":\"soccrbeast888\",\"avatar\":\"rancher\",\"rating\":2067,\"seed\":\"sodium,3eadc5987c23835c41696cb51a9100f2\"}\n>player p2 {\"name\":\"Fortre\",\"avatar\":\"1\",\"rating\":2019,\"seed\":\"sodium,19976e540b5fa9417c68e4e3ec5752d2\"}\n>p1 switch 2\n>p2 move stealthrock\n>p1 move liquidation\n>p2 switch 5\n>p1 switch 5\n>p2 move dracometeor\n>p1 switch 2\n>p1 move closecombat\n>p2 switch 5\n>p1 move closecombat\n>p2 move moonblast\n>p2 switch 3\n>p1 switch 3\n>p2 move flamethrower\n>p1 move stealthrock\n>p2 switch 6\n>p1 switch 5\n>p2 move bodypress\n>p1 move superpower\n>p2 move stoneedge\n>p1 switch 3\n>p2 move irondefense\n>p1 move closecombat\n>p2 move rest terastallize\n>p1 switch 4\n>p2 move bodypress\n>p1 move bulkup\n>p2 switch 4\n>p1 switch 3\n>p2 move hurricane\n>p1 move playrough\n>p2 move hypervoice\n>p1 switch 4\n>p1 move gunkshot\n>p2 move hurricane\n>p1 switch 6\n>p1 move stoneaxe\n>p2 switch 4\n>p1 move stoneaxe\n>p2 switch 5\n>p1 move stoneaxe\n>p2 move hydropump\n>p1 switch 3\n>p1 move drainpunch\n>p2 move nastyplot\n>p2 switch 4\n>p1 move drainpunch terastallize\n>p2 move hurricane\n>p1 move drainpunch\n>p2 move hurricane\n>p1 move drainpunch\n>p2 move hurricane\n>p1 move drainpunch\n>p2 move hurricane\n>p2 switch 2\n>p1 move ragefist\n>p2 move knockoff\n>p1 switch 5\n>p1 move recover\n>p2 move flowertrick\n>p1 move recover\n>p2 move knockoff\n>p1 move saltcure\n>p2 switch 6\n>p1 move protect\n>p2 move leafstorm\n>p1 move recover\n>p2 move leafstorm", "uploadtime": 1781390326, "views": 5, "formatid": "gen9randombattle", "rating": null, "private": 0, "password": null}