{"id": "gen9randombattle-2631449541", "format": "[Gen 9] Random Battle", "players": ["Zabalilla", "huijokp"], "log": "|j|\u2606Zabalilla\n|j|\u2606huijokp\n|t:|1781386059\n|gametype|singles\n|player|p1|Zabalilla|170|1997\n|player|p2|huijokp|265|1981\n|gen|9\n|tier|[Gen 9] Random Battle\n|rated|\n|rule|Species Clause: Limit one of each Pok\u00e9mon\n|rule|HP Percentage Mod: HP is shown in percentages\n|rule|Sleep Clause Mod: Limit one foe put to sleep\n|rule|Illusion Level Mod: Illusion disguises the Pok\u00e9mon's true level\n|\n|t:|1781386059\n|teamsize|p1|6\n|teamsize|p2|6\n|start\n|switch|p1a: Wyrdeer|Wyrdeer, L87, F|321/321\n|switch|p2a: Malamar|Malamar, L82, M|275/275\n|-ability|p1a: Wyrdeer|Intimidate|boost\n|-boost|p2a: Malamar|atk|1\n|turn|1\n|inactive|Battle timer is ON: inactive players will automatically lose when time's up. (requested by Zabalilla)\n|\n|t:|1781386073\n|move|p2a: Malamar|Superpower|p1a: Wyrdeer\n|-damage|p1a: Wyrdeer|181/321\n|-boost|p2a: Malamar|atk|1\n|-boost|p2a: Malamar|def|1\n|move|p1a: Wyrdeer|Megahorn|p2a: Malamar\n|-supereffective|p2a: Malamar\n|-damage|p2a: Malamar|11/275\n|\n|-heal|p2a: Malamar|28/275|[from] item: Leftovers\n|upkeep\n|turn|2\n|\n|t:|1781386091\n|move|p2a: Malamar|Knock Off|p1a: Wyrdeer\n|-supereffective|p1a: Wyrdeer\n|-damage|p1a: Wyrdeer|0 fnt\n|-enditem|p1a: Wyrdeer|Assault Vest|[from] move: Knock Off|[of] p2a: Malamar\n|faint|p1a: Wyrdeer\n|\n|-heal|p2a: Malamar|45/275|[from] item: Leftovers\n|upkeep\n|\n|t:|1781386094\n|switch|p1a: Volcarona|Volcarona, L77, F|257/257\n|turn|3\n|\n|t:|1781386099\n|switch|p2a: Flareon|Flareon, L90, M|263/263\n|move|p1a: Volcarona|Fiery Dance|p2a: Flareon\n|-resisted|p2a: Flareon\n|-damage|p2a: Flareon|229/263\n|-boost|p1a: Volcarona|spa|1\n|\n|-status|p2a: Flareon|tox|[from] item: Toxic Orb\n|upkeep\n|turn|4\n|\n|t:|1781386111\n|switch|p1a: Appletun|Appletun, L92, M|352/352\n|move|p2a: Flareon|Trailblaze|p1a: Appletun\n|-resisted|p1a: Appletun\n|-damage|p1a: Appletun|334/352\n|-boost|p2a: Flareon|spe|1\n|\n|-heal|p1a: Appletun|352/352|[from] item: Leftovers\n|-damage|p2a: Flareon|213/263 tox|[from] psn\n|upkeep\n|turn|5\n|\n|t:|1781386120\n|-terastallize|p2a: Flareon|Normal\n|move|p2a: Flareon|Facade|p1a: Appletun\n|-damage|p1a: Appletun|34/352\n|move|p1a: Appletun|Dragon Pulse|p2a: Flareon\n|-damage|p2a: Flareon|128/263 tox\n|\n|-heal|p1a: Appletun|56/352|[from] item: Leftovers\n|-damage|p2a: Flareon|96/263 tox|[from] psn\n|upkeep\n|turn|6\n|\n|t:|1781386125\n|move|p2a: Flareon|Facade|p1a: Appletun\n|-damage|p1a: Appletun|0 fnt\n|faint|p1a: Appletun\n|\n|-damage|p2a: Flareon|48/263 tox|[from] psn\n|upkeep\n|\n|t:|1781386128\n|switch|p1a: Brute Bonnet|Brute Bonnet, L80|309/309\n|turn|7\n|\n|t:|1781386136\n|move|p1a: Brute Bonnet|Sucker Punch|p2a: Flareon\n|-damage|p2a: Flareon|0 fnt\n|faint|p2a: Flareon\n|\n|upkeep\n|\n|t:|1781386140\n|switch|p2a: Malamar|Malamar, L82, M|45/275\n|turn|8\n|\n|t:|1781386142\n|move|p2a: Malamar|Rest|p2a: Malamar\n|-status|p2a: Malamar|slp|[from] move: Rest\n|-heal|p2a: Malamar|275/275 slp|[silent]\n|move|p1a: Brute Bonnet|Seed Bomb|p2a: Malamar\n|-damage|p2a: Malamar|176/275 slp\n|\n|-heal|p2a: Malamar|193/275 slp|[from] item: Leftovers\n|upkeep\n|turn|9\n|\n|t:|1781386145\n|-end|p1a: Brute Bonnet|Protosynthesis|[silent]\n|switch|p1a: Volcarona|Volcarona, L77, F|257/257\n|cant|p2a: Malamar|slp\n|move|p2a: Malamar|Sleep Talk|p2a: Malamar\n|move|p2a: Malamar|Rest||[from] move: Sleep Talk|[still]\n|-fail|p2a: Malamar\n|\n|-heal|p2a: Malamar|210/275 slp|[from] item: Leftovers\n|upkeep\n|turn|10\n|\n|t:|1781386156\n|switch|p2a: Grafaiai|Grafaiai, L86, M|249/249\n|move|p1a: Volcarona|Quiver Dance|p1a: Volcarona\n|-boost|p1a: Volcarona|spa|1\n|-boost|p1a: Volcarona|spd|1\n|-boost|p1a: Volcarona|spe|1\n|\n|upkeep\n|turn|11\n|\n|t:|1781386160\n|move|p1a: Volcarona|Fiery Dance|p2a: Grafaiai\n|-damage|p2a: Grafaiai|146/249\n|move|p2a: Grafaiai|Super Fang|p1a: Volcarona\n|-damage|p1a: Volcarona|129/257\n|\n|upkeep\n|turn|12\n|\n|t:|1781386165\n|move|p1a: Volcarona|Fiery Dance|p2a: Grafaiai\n|-damage|p2a: Grafaiai|35/249\n|-boost|p1a: Volcarona|spa|1\n|move|p2a: Grafaiai|Gunk Shot|p1a: Volcarona|[miss]\n|-miss|p2a: Grafaiai|p1a: Volcarona\n|\n|upkeep\n|turn|13\n|\n|t:|1781386172\n|move|p1a: Volcarona|Fiery Dance|p2a: Grafaiai\n|-damage|p2a: Grafaiai|0 fnt\n|-boost|p1a: Volcarona|spa|1\n|faint|p2a: Grafaiai\n|\n|upkeep\n|\n|t:|1781386174\n|switch|p2a: Snorlax|Snorlax, L82, F|397/397\n|turn|14\n|\n|t:|1781386181\n|move|p1a: Volcarona|Giga Drain|p2a: Snorlax\n|-damage|p2a: Snorlax|284/397\n|-heal|p1a: Volcarona|186/257|[from] drain|[of] p2a: Snorlax\n|move|p2a: Snorlax|Body Slam|p1a: Volcarona\n|-damage|p1a: Volcarona|57/257\n|-status|p1a: Volcarona|par\n|\n|-heal|p2a: Snorlax|308/397|[from] item: Leftovers\n|upkeep\n|turn|15\n|\n|t:|1781386189\n|move|p1a: Volcarona|Giga Drain|p2a: Snorlax\n|-damage|p2a: Snorlax|184/397\n|-heal|p1a: Volcarona|119/257 par|[from] drain|[of] p2a: Snorlax\n|move|p2a: Snorlax|Body Slam|p1a: Volcarona\n|-damage|p1a: Volcarona|0 fnt\n|faint|p1a: Volcarona\n|\n|-heal|p2a: Snorlax|208/397|[from] item: Leftovers\n|upkeep\n|\n|t:|1781386193\n|switch|p1a: Zekrom|Zekrom, L71|259/259\n|-ability|p1a: Zekrom|Teravolt\n|turn|16\n|\n|t:|1781386198\n|move|p1a: Zekrom|Dragon Dance|p1a: Zekrom\n|-boost|p1a: Zekrom|atk|1\n|-boost|p1a: Zekrom|spe|1\n|move|p2a: Snorlax|Curse|p2a: Snorlax\n|-unboost|p2a: Snorlax|spe|1\n|-boost|p2a: Snorlax|atk|1\n|-boost|p2a: Snorlax|def|1\n|\n|-heal|p2a: Snorlax|232/397|[from] item: Leftovers\n|upkeep\n|turn|17\n|\n|t:|1781386202\n|-terastallize|p1a: Zekrom|Electric\n|move|p1a: Zekrom|Bolt Strike|p2a: Snorlax\n|-damage|p2a: Snorlax|2/397\n|-status|p2a: Snorlax|par\n|move|p2a: Snorlax|Curse|p2a: Snorlax\n|-unboost|p2a: Snorlax|spe|1\n|-boost|p2a: Snorlax|atk|1\n|-boost|p2a: Snorlax|def|1\n|\n|-heal|p2a: Snorlax|26/397 par|[from] item: Leftovers\n|upkeep\n|turn|18\n|\n|t:|1781386207\n|move|p1a: Zekrom|Bolt Strike|p2a: Snorlax\n|-damage|p2a: Snorlax|0 fnt\n|faint|p2a: Snorlax\n|\n|upkeep\n|\n|t:|1781386210\n|switch|p2a: Gogoat|Gogoat, L88, F|360/360\n|turn|19\n|\n|t:|1781386215\n|move|p1a: Zekrom|Outrage|p2a: Gogoat\n|-damage|p2a: Gogoat|119/360\n|move|p2a: Gogoat|Earthquake|p1a: Zekrom\n|-supereffective|p1a: Zekrom\n|-damage|p1a: Zekrom|117/259\n|\n|-heal|p1a: Zekrom|133/259|[from] item: Leftovers\n|-heal|p2a: Gogoat|141/360|[from] item: Leftovers\n|upkeep\n|turn|20\n|\n|t:|1781386221\n|move|p1a: Zekrom|Outrage|p2a: Gogoat|[from] lockedmove\n|-damage|p2a: Gogoat|0 fnt\n|faint|p2a: Gogoat\n|\n|-heal|p1a: Zekrom|149/259|[from] item: Leftovers\n|upkeep\n|\n|t:|1781386223\n|switch|p2a: Regice|Regice, L88|284/284\n|turn|21\n|\n|t:|1781386228\n|move|p1a: Zekrom|Outrage|p2a: Regice|[from] lockedmove\n|-damage|p2a: Regice|121/284\n|-start|p1a: Zekrom|confusion|[fatigue]\n|move|p2a: Regice|Ice Beam|p1a: Zekrom\n|-damage|p1a: Zekrom|34/259\n|\n|-heal|p1a: Zekrom|50/259|[from] item: Leftovers\n|upkeep\n|turn|22\n|\n|t:|1781386232\n|-activate|p1a: Zekrom|confusion\n|move|p1a: Zekrom|Bolt Strike|p2a: Regice\n|-damage|p2a: Regice|0 fnt\n|faint|p2a: Regice\n|\n|-heal|p1a: Zekrom|66/259|[from] item: Leftovers\n|upkeep\n|\n|t:|1781386235\n|switch|p2a: Malamar|Malamar, L82, M|210/275 slp\n|turn|23\n|\n|t:|1781386238\n|-activate|p1a: Zekrom|confusion\n|-damage|p1a: Zekrom|21/259|[from] confusion\n|cant|p2a: Malamar|slp\n|move|p2a: Malamar|Sleep Talk|p2a: Malamar\n|move|p2a: Malamar|Knock Off|p1a: Zekrom|[from] move: Sleep Talk\n|-damage|p1a: Zekrom|0 fnt\n|-enditem|p1a: Zekrom|Leftovers|[from] move: Knock Off|[of] p2a: Malamar\n|faint|p1a: Zekrom\n|\n|-heal|p2a: Malamar|227/275 slp|[from] item: Leftovers\n|upkeep\n|\n|t:|1781386246\n|switch|p1a: Brute Bonnet|Brute Bonnet, L80|309/309\n|turn|24\n|\n|t:|1781386251\n|-curestatus|p2a: Malamar|slp|[msg]\n|move|p2a: Malamar|Superpower|p1a: Brute Bonnet\n|-supereffective|p1a: Brute Bonnet\n|-damage|p1a: Brute Bonnet|151/309\n|-boost|p2a: Malamar|atk|1\n|-boost|p2a: Malamar|def|1\n|move|p1a: Brute Bonnet|Spore|p2a: Malamar\n|-status|p2a: Malamar|slp|[from] move: Spore\n|\n|-heal|p2a: Malamar|244/275 slp|[from] item: Leftovers\n|-heal|p1a: Brute Bonnet|170/309|[from] item: Leftovers\n|upkeep\n|turn|25\n|\n|t:|1781386254\n|-end|p1a: Brute Bonnet|Protosynthesis|[silent]\n|switch|p1a: Revavroom|Revavroom, L79, M|256/256\n|cant|p2a: Malamar|slp\n|move|p2a: Malamar|Sleep Talk|p2a: Malamar\n|move|p2a: Malamar|Rest||[from] move: Sleep Talk|[still]\n|-fail|p2a: Malamar\n|\n|-heal|p2a: Malamar|261/275 slp|[from] item: Leftovers\n|upkeep\n|turn|26\n|\n|t:|1781386263\n|move|p1a: Revavroom|Shift Gear|p1a: Revavroom\n|-boost|p1a: Revavroom|spe|2\n|-boost|p1a: Revavroom|atk|1\n|-curestatus|p2a: Malamar|slp|[msg]\n|move|p2a: Malamar|Sleep Talk||[still]\n|-fail|p2a: Malamar\n|\n|-heal|p2a: Malamar|275/275|[from] item: Leftovers\n|upkeep\n|turn|27\n|\n|t:|1781386270\n|move|p1a: Revavroom|Gunk Shot|p2a: Malamar\n|-damage|p2a: Malamar|84/275\n|-damage|p1a: Revavroom|231/256|[from] item: Life Orb\n|move|p2a: Malamar|Superpower|p1a: Revavroom\n|-damage|p1a: Revavroom|109/256\n|-boost|p2a: Malamar|atk|1\n|-boost|p2a: Malamar|def|1\n|\n|-heal|p2a: Malamar|101/275|[from] item: Leftovers\n|upkeep\n|turn|28\n|\n|t:|1781386276\n|move|p1a: Revavroom|Gunk Shot|p2a: Malamar|[miss]\n|-miss|p1a: Revavroom|p2a: Malamar\n|move|p2a: Malamar|Knock Off|p1a: Revavroom\n|-damage|p1a: Revavroom|0 fnt\n|-enditem|p1a: Revavroom|Life Orb|[from] move: Knock Off|[of] p2a: Malamar\n|faint|p1a: Revavroom\n|\n|-heal|p2a: Malamar|118/275|[from] item: Leftovers\n|upkeep\n|c|\u2606Zabalilla|Que puta suerte\n|c|\u2606Zabalilla|incre\u00edble\n|\n|t:|1781386289\n|switch|p1a: Brute Bonnet|Brute Bonnet, L80|170/309\n|turn|29\n|\n|t:|1781386314\n|move|p2a: Malamar|Superpower|p1a: Brute Bonnet\n|-supereffective|p1a: Brute Bonnet\n|-damage|p1a: Brute Bonnet|0 fnt\n|-boost|p2a: Malamar|atk|1\n|-boost|p2a: Malamar|def|1\n|faint|p1a: Brute Bonnet\n|-end|p1a: Brute Bonnet|Protosynthesis|[silent]\n|\n|win|huijokp\n", "inputlog": ">version a8376a258c1d4662feba110a92103f3664a72141\n>start {\"formatid\":\"gen9randombattle\",\"seed\":\"sodium,49595adac7f5fd49b8848d45bc021e1c\",\"rated\":\"Rated battle\"}\n>player p1 {\"name\":\"Zabalilla\",\"avatar\":\"170\",\"rating\":1997,\"seed\":\"sodium,2ece553fbea6a7b8b9f7c748bd92a287\"}\n>player p2 {\"name\":\"huijokp\",\"avatar\":\"265\",\"rating\":1981,\"seed\":\"sodium,27c88392c89309b34f73e5f5ec1d49c9\"}\n>p1 move megahorn\n>p2 move superpower\n>p1 move bodyslam\n>p2 move knockoff\n>p1 switch 3\n>p1 move fierydance\n>p2 switch 5\n>p1 switch 2\n>p2 move trailblaze\n>p1 move dragonpulse\n>p2 move facade terastallize\n>p1 move dragonpulse\n>p2 move facade\n>p1 switch 6\n>p1 move suckerpunch\n>p2 move flareblitz\n>p2 switch 5\n>p1 move seedbomb\n>p2 move rest\n>p1 switch 2\n>p2 move sleeptalk\n>p1 move quiverdance\n>p2 switch 4\n>p1 move fierydance\n>p2 move superfang\n>p1 move fierydance\n>p2 move gunkshot\n>p1 move fierydance\n>p2 move gunkshot\n>p2 switch 2\n>p1 move gigadrain\n>p2 move bodyslam\n>p1 move gigadrain\n>p2 move bodyslam\n>p1 switch 4\n>p1 move dragondance\n>p2 move curse\n>p1 move boltstrike terastallize\n>p2 move curse\n>p1 move boltstrike\n>p2 move rest\n>p2 switch 3\n>p1 move outrage\n>p2 move earthquake\n>p1 move outrage\n>p2 move earthquake\n>p2 switch 6\n>p1 move outrage\n>p2 move icebeam\n>p1 move boltstrike\n>p2 move icebeam\n>p2 switch 4\n>p1 move boltstrike\n>p2 move sleeptalk\n>p1 switch 2\n>p1 move spore\n>p2 move superpower\n>p1 switch 5\n>p2 move sleeptalk\n>p1 move shiftgear\n>p2 move sleeptalk\n>p1 move gunkshot\n>p2 move superpower\n>p1 move gunkshot\n>p2 move knockoff\n>chat \u2606Zabalilla|Que puta suerte \n>chat \u2606Zabalilla|incre\u00edble \n>p1 switch 5\n>p1 move seedbomb\n>p2 move superpower", "uploadtime": 1781386061, "views": 9, "formatid": "gen9randombattle", "rating": null, "private": 0, "password": null}