{"id": "gen9randombattle-2631959347", "format": "[Gen 9] Random Battle", "players": ["philschmil", "Dr3ntel"], "log": "|j|\u2606philschmil\n|j|\u203dDr3ntel\n|t:|1781460031\n|gametype|singles\n|player|p1|philschmil|alder|1999\n|player|p2|Dr3ntel|2|1955\n|gen|9\n|tier|[Gen 9] Random Battle\n|rated|\n|rule|Species Clause: Limit one of each Pok\u00e9mon\n|rule|HP Percentage Mod: HP is shown in percentages\n|rule|Sleep Clause Mod: Limit one foe put to sleep\n|rule|Illusion Level Mod: Illusion disguises the Pok\u00e9mon's true level\n|\n|t:|1781460031\n|teamsize|p1|6\n|teamsize|p2|6\n|start\n|switch|p1a: Meganium|Meganium, L90, F|290/290\n|switch|p2a: Shaymin|Shaymin-Sky, L73|266/266\n|turn|1\n|inactive|Battle timer is ON: inactive players will automatically lose when time's up. (requested by philschmil)\n|\n|t:|1781460051\n|switch|p1a: Florges|Florges-Orange, L85, F|271/271\n|move|p2a: Shaymin|Earth Power|p1a: Florges\n|-damage|p1a: Florges|218/271\n|\n|-heal|p1a: Florges|234/271|[from] item: Leftovers\n|upkeep\n|turn|2\n|\n|t:|1781460062\n|switch|p2a: Vileplume|Vileplume, L85, F|266/266\n|move|p1a: Florges|Calm Mind|p1a: Florges\n|-boost|p1a: Florges|spa|1\n|-boost|p1a: Florges|spd|1\n|\n|-heal|p1a: Florges|250/271|[from] item: Leftovers\n|upkeep\n|turn|3\n|\n|t:|1781460087\n|move|p1a: Florges|Tera Blast|p2a: Vileplume\n|-damage|p2a: Vileplume|175/266\n|move|p2a: Vileplume|Leech Seed|p1a: Florges\n|-start|p1a: Florges|move: Leech Seed\n|\n|-heal|p1a: Florges|266/271|[from] item: Leftovers\n|-heal|p2a: Vileplume|191/266|[from] item: Leftovers\n|-damage|p1a: Florges|233/271|[from] Leech Seed|[of] p2a: Vileplume\n|-heal|p2a: Vileplume|224/266|[silent]\n|upkeep\n|turn|4\n|\n|t:|1781460094\n|move|p1a: Florges|Calm Mind|p1a: Florges\n|-boost|p1a: Florges|spa|1\n|-boost|p1a: Florges|spd|1\n|move|p2a: Vileplume|Sludge Bomb|p1a: Florges\n|-supereffective|p1a: Florges\n|-damage|p1a: Florges|167/271\n|\n|-heal|p1a: Florges|183/271|[from] item: Leftovers\n|-heal|p2a: Vileplume|240/266|[from] item: Leftovers\n|-damage|p1a: Florges|150/271|[from] Leech Seed|[of] p2a: Vileplume\n|-heal|p2a: Vileplume|266/266|[silent]\n|upkeep\n|turn|5\n|\n|t:|1781460101\n|move|p1a: Florges|Moonblast|p2a: Vileplume\n|-resisted|p2a: Vileplume\n|-damage|p2a: Vileplume|147/266\n|move|p2a: Vileplume|Giga Drain|p1a: Florges\n|-damage|p1a: Florges|122/271\n|-heal|p2a: Vileplume|161/266|[from] drain|[of] p1a: Florges\n|\n|-heal|p1a: Florges|138/271|[from] item: Leftovers\n|-heal|p2a: Vileplume|177/266|[from] item: Leftovers\n|-damage|p1a: Florges|105/271|[from] Leech Seed|[of] p2a: Vileplume\n|-heal|p2a: Vileplume|210/266|[silent]\n|upkeep\n|turn|6\n|\n|t:|1781460110\n|move|p1a: Florges|Synthesis|p1a: Florges\n|-heal|p1a: Florges|240/271\n|move|p2a: Vileplume|Sludge Bomb|p1a: Florges\n|-supereffective|p1a: Florges\n|-damage|p1a: Florges|172/271\n|\n|-heal|p1a: Florges|188/271|[from] item: Leftovers\n|-heal|p2a: Vileplume|226/266|[from] item: Leftovers\n|-damage|p1a: Florges|155/271|[from] Leech Seed|[of] p2a: Vileplume\n|-heal|p2a: Vileplume|259/266|[silent]\n|upkeep\n|turn|7\n|\n|t:|1781460113\n|move|p1a: Florges|Calm Mind|p1a: Florges\n|-boost|p1a: Florges|spa|1\n|-boost|p1a: Florges|spd|1\n|move|p2a: Vileplume|Sludge Bomb|p1a: Florges\n|-supereffective|p1a: Florges\n|-damage|p1a: Florges|99/271\n|\n|-heal|p1a: Florges|115/271|[from] item: Leftovers\n|-heal|p2a: Vileplume|266/266|[from] item: Leftovers\n|-damage|p1a: Florges|82/271|[from] Leech Seed|[of] p2a: Vileplume\n|upkeep\n|turn|8\n|\n|t:|1781460115\n|move|p1a: Florges|Synthesis|p1a: Florges\n|-heal|p1a: Florges|217/271\n|move|p2a: Vileplume|Sludge Bomb|p1a: Florges\n|-supereffective|p1a: Florges\n|-damage|p1a: Florges|163/271\n|\n|-heal|p1a: Florges|179/271|[from] item: Leftovers\n|-damage|p1a: Florges|146/271|[from] Leech Seed|[of] p2a: Vileplume\n|upkeep\n|turn|9\n|\n|t:|1781460118\n|move|p1a: Florges|Moonblast|p2a: Vileplume\n|-resisted|p2a: Vileplume\n|-damage|p2a: Vileplume|135/266\n|move|p2a: Vileplume|Sludge Bomb|p1a: Florges\n|-supereffective|p1a: Florges\n|-crit|p1a: Florges\n|-damage|p1a: Florges|0 fnt\n|faint|p1a: Florges\n|\n|-heal|p2a: Vileplume|151/266|[from] item: Leftovers\n|upkeep\n|\n|t:|1781460129\n|switch|p1a: Crabominable|Crabominable, L90, M|321/321\n|turn|10\n|\n|t:|1781460140\n|switch|p2a: Skeledirge|Skeledirge, L79, M|294/294\n|move|p1a: Crabominable|Ice Hammer|p2a: Skeledirge\n|-resisted|p2a: Skeledirge\n|-damage|p2a: Skeledirge|196/294\n|-unboost|p1a: Crabominable|spe|1\n|\n|upkeep\n|turn|11\n|\n|t:|1781460148\n|move|p2a: Skeledirge|Slack Off|p2a: Skeledirge\n|-heal|p2a: Skeledirge|294/294\n|move|p1a: Crabominable|Earthquake|p2a: Skeledirge\n|-supereffective|p2a: Skeledirge\n|-damage|p2a: Skeledirge|100/294\n|\n|upkeep\n|turn|12\n|\n|t:|1781460153\n|move|p2a: Skeledirge|Will-O-Wisp|p1a: Crabominable\n|-status|p1a: Crabominable|brn\n|move|p1a: Crabominable|Knock Off|p2a: Skeledirge\n|-supereffective|p2a: Skeledirge\n|-damage|p2a: Skeledirge|7/294\n|-enditem|p2a: Skeledirge|Heavy-Duty Boots|[from] move: Knock Off|[of] p1a: Crabominable\n|\n|-damage|p1a: Crabominable|301/321 brn|[from] brn\n|upkeep\n|turn|13\n|\n|t:|1781460157\n|move|p2a: Skeledirge|Slack Off|p2a: Skeledirge\n|-heal|p2a: Skeledirge|154/294\n|move|p1a: Crabominable|Earthquake|p2a: Skeledirge\n|-supereffective|p2a: Skeledirge\n|-damage|p2a: Skeledirge|45/294\n|\n|-damage|p1a: Crabominable|281/321 brn|[from] brn\n|upkeep\n|turn|14\n|\n|t:|1781460163\n|move|p2a: Skeledirge|Slack Off|p2a: Skeledirge\n|-heal|p2a: Skeledirge|192/294\n|move|p1a: Crabominable|Earthquake|p2a: Skeledirge\n|-supereffective|p2a: Skeledirge\n|-damage|p2a: Skeledirge|91/294\n|\n|-damage|p1a: Crabominable|261/321 brn|[from] brn\n|upkeep\n|turn|15\n|\n|t:|1781460165\n|move|p2a: Skeledirge|Slack Off|p2a: Skeledirge\n|-heal|p2a: Skeledirge|238/294\n|move|p1a: Crabominable|Earthquake|p2a: Skeledirge\n|-supereffective|p2a: Skeledirge\n|-damage|p2a: Skeledirge|134/294\n|\n|-damage|p1a: Crabominable|241/321 brn|[from] brn\n|upkeep\n|turn|16\n|\n|t:|1781460173\n|move|p2a: Skeledirge|Torch Song|p1a: Crabominable\n|-supereffective|p1a: Crabominable\n|-damage|p1a: Crabominable|109/321 brn\n|-boost|p2a: Skeledirge|spa|1\n|move|p1a: Crabominable|Earthquake|p2a: Skeledirge\n|-supereffective|p2a: Skeledirge\n|-damage|p2a: Skeledirge|41/294\n|\n|-damage|p1a: Crabominable|89/321 brn|[from] brn\n|upkeep\n|turn|17\n|\n|t:|1781460176\n|move|p2a: Skeledirge|Slack Off|p2a: Skeledirge\n|-heal|p2a: Skeledirge|188/294\n|move|p1a: Crabominable|Earthquake|p2a: Skeledirge\n|-supereffective|p2a: Skeledirge\n|-damage|p2a: Skeledirge|83/294\n|\n|-damage|p1a: Crabominable|69/321 brn|[from] brn\n|upkeep\n|turn|18\n|\n|t:|1781460179\n|move|p2a: Skeledirge|Slack Off|p2a: Skeledirge\n|-heal|p2a: Skeledirge|230/294\n|move|p1a: Crabominable|Earthquake|p2a: Skeledirge\n|-supereffective|p2a: Skeledirge\n|-damage|p2a: Skeledirge|121/294\n|\n|-damage|p1a: Crabominable|49/321 brn|[from] brn\n|upkeep\n|turn|19\n|\n|t:|1781460189\n|move|p2a: Skeledirge|Slack Off|p2a: Skeledirge\n|-heal|p2a: Skeledirge|268/294\n|move|p1a: Crabominable|Earthquake|p2a: Skeledirge\n|-supereffective|p2a: Skeledirge\n|-damage|p2a: Skeledirge|168/294\n|\n|-damage|p1a: Crabominable|29/321 brn|[from] brn\n|upkeep\n|turn|20\n|\n|t:|1781460192\n|move|p2a: Skeledirge|Torch Song|p1a: Crabominable\n|-supereffective|p1a: Crabominable\n|-damage|p1a: Crabominable|0 fnt\n|-boost|p2a: Skeledirge|spa|1\n|faint|p1a: Crabominable\n|\n|upkeep\n|\n|t:|1781460194\n|switch|p1a: Mabosstiff|Mabosstiff, L86, M|278/278\n|turn|21\n|\n|t:|1781460201\n|-terastallize|p2a: Skeledirge|Fairy\n|move|p1a: Mabosstiff|Crunch|p2a: Skeledirge\n|-resisted|p2a: Skeledirge\n|-damage|p2a: Skeledirge|87/294\n|-unboost|p2a: Skeledirge|def|1\n|move|p2a: Skeledirge|Slack Off|p2a: Skeledirge\n|-heal|p2a: Skeledirge|234/294\n|\n|upkeep\n|turn|22\n|\n|t:|1781460212\n|switch|p1a: Braviary|Braviary, L85, M|309/309\n|move|p2a: Skeledirge|Will-O-Wisp|p1a: Braviary\n|-status|p1a: Braviary|brn\n|\n|-damage|p1a: Braviary|290/309 brn|[from] brn\n|upkeep\n|turn|23\n|\n|t:|1781460220\n|move|p1a: Braviary|Brave Bird|p2a: Skeledirge\n|-damage|p2a: Skeledirge|116/294\n|-damage|p1a: Braviary|251/309 brn|[from] Recoil\n|move|p2a: Skeledirge|Torch Song|p1a: Braviary\n|-damage|p1a: Braviary|52/309 brn\n|-boost|p2a: Skeledirge|spa|1\n|\n|-damage|p1a: Braviary|33/309 brn|[from] brn\n|upkeep\n|turn|24\n|\n|t:|1781460228\n|move|p1a: Braviary|Brave Bird|p2a: Skeledirge\n|-damage|p2a: Skeledirge|0 fnt\n|faint|p2a: Skeledirge\n|-damage|p1a: Braviary|0 fnt|[from] Recoil\n|faint|p1a: Braviary\n|\n|upkeep\n|\n|t:|1781460239\n|switch|p1a: Mabosstiff|Mabosstiff, L86, M|278/278\n|switch|p2a: Porygon2|Porygon2, L81|270/270\n|-ability|p2a: Porygon2|Download|boost\n|-boost|p2a: Porygon2|spa|1\n|turn|25\n|\n|t:|1781460255\n|switch|p1a: Meganium|Meganium, L90, F|290/290\n|move|p2a: Porygon2|Thunder Wave|p1a: Meganium|[miss]\n|-miss|p2a: Porygon2|p1a: Meganium\n|\n|upkeep\n|turn|26\n|\n|t:|1781460261\n|move|p1a: Meganium|Knock Off|p2a: Porygon2\n|-damage|p2a: Porygon2|222/270\n|-enditem|p2a: Porygon2|Eviolite|[from] move: Knock Off|[of] p1a: Meganium\n|move|p2a: Porygon2|Thunder Wave|p1a: Meganium\n|-status|p1a: Meganium|par\n|\n|upkeep\n|turn|27\n|\n|t:|1781460265\n|switch|p2a: Vileplume|Vileplume, L85, F|151/266\n|move|p1a: Meganium|Swords Dance|p1a: Meganium\n|-boost|p1a: Meganium|atk|2\n|\n|-heal|p2a: Vileplume|167/266|[from] item: Leftovers\n|upkeep\n|turn|28\n|\n|t:|1781460268\n|move|p2a: Vileplume|Sludge Bomb|p1a: Meganium\n|-supereffective|p1a: Meganium\n|-damage|p1a: Meganium|110/290 par\n|cant|p1a: Meganium|par\n|\n|-heal|p2a: Vileplume|183/266|[from] item: Leftovers\n|-heal|p1a: Meganium|128/290 par|[from] item: Leftovers\n|upkeep\n|turn|29\n|\n|t:|1781460272\n|move|p2a: Vileplume|Sludge Bomb|p1a: Meganium\n|-supereffective|p1a: Meganium\n|-damage|p1a: Meganium|0 fnt\n|faint|p1a: Meganium\n|\n|-heal|p2a: Vileplume|199/266|[from] item: Leftovers\n|upkeep\n|\n|t:|1781460274\n|switch|p1a: Mabosstiff|Mabosstiff, L86, M|278/278\n|turn|30\n|\n|t:|1781460276\n|move|p1a: Mabosstiff|Psychic Fangs|p2a: Vileplume\n|-supereffective|p2a: Vileplume\n|-damage|p2a: Vileplume|0 fnt\n|faint|p2a: Vileplume\n|\n|upkeep\n|\n|t:|1781460288\n|switch|p2a: Porygon2|Porygon2, L81|222/270\n|-ability|p2a: Porygon2|Download|boost\n|-boost|p2a: Porygon2|spa|1\n|turn|31\n|\n|t:|1781460292\n|move|p1a: Mabosstiff|Psychic Fangs|p2a: Porygon2\n|-damage|p2a: Porygon2|117/270\n|move|p2a: Porygon2|Thunder Wave|p1a: Mabosstiff\n|-status|p1a: Mabosstiff|par\n|\n|upkeep\n|turn|32\n|\n|t:|1781460302\n|move|p2a: Porygon2|Recover|p2a: Porygon2\n|-heal|p2a: Porygon2|252/270\n|move|p1a: Mabosstiff|Psychic Fangs|p2a: Porygon2\n|-damage|p2a: Porygon2|131/270\n|\n|upkeep\n|turn|33\n|\n|t:|1781460304\n|move|p2a: Porygon2|Recover|p2a: Porygon2\n|-heal|p2a: Porygon2|266/270\n|move|p1a: Mabosstiff|Psychic Fangs|p2a: Porygon2\n|-damage|p2a: Porygon2|161/270\n|\n|upkeep\n|turn|34\n|\n|t:|1781460306\n|move|p2a: Porygon2|Tera Blast|p1a: Mabosstiff\n|-damage|p1a: Mabosstiff|131/278 par\n|move|p1a: Mabosstiff|Psychic Fangs|p2a: Porygon2\n|-damage|p2a: Porygon2|41/270\n|\n|upkeep\n|turn|35\n|\n|t:|1781460310\n|move|p2a: Porygon2|Recover|p2a: Porygon2\n|-heal|p2a: Porygon2|176/270\n|move|p1a: Mabosstiff|Psychic Fangs|p2a: Porygon2\n|-damage|p2a: Porygon2|66/270\n|\n|upkeep\n|turn|36\n|\n|t:|1781460312\n|move|p2a: Porygon2|Recover|p2a: Porygon2\n|-heal|p2a: Porygon2|201/270\n|cant|p1a: Mabosstiff|par\n|\n|upkeep\n|turn|37\n|\n|t:|1781460313\n|move|p2a: Porygon2|Tera Blast|p1a: Mabosstiff\n|-damage|p1a: Mabosstiff|0 fnt\n|faint|p1a: Mabosstiff\n|\n|upkeep\n|\n|t:|1781460315\n|switch|p1a: Tsareena|Tsareena, L87, F|267/267\n|turn|38\n|\n|t:|1781460336\n|move|p1a: Tsareena|High Jump Kick|p2a: Porygon2\n|-supereffective|p2a: Porygon2\n|-damage|p2a: Porygon2|0 fnt\n|faint|p2a: Porygon2\n|\n|upkeep\n|\n|t:|1781460342\n|switch|p2a: Shaymin|Shaymin-Sky, L73|266/266\n|turn|39\n|\n|t:|1781460361\n|-terastallize|p1a: Tsareena|Steel\n|move|p2a: Shaymin|Air Slash|p1a: Tsareena\n|-resisted|p1a: Tsareena\n|-damage|p1a: Tsareena|216/267\n|cant|p1a: Tsareena|flinch\n|\n|upkeep\n|turn|40\n|\n|t:|1781460374\n|switch|p2a: Camerupt|Camerupt, L91, M|275/275\n|move|p1a: Tsareena|Rapid Spin|p2a: Camerupt\n|-damage|p2a: Camerupt|222/275\n|-boost|p1a: Tsareena|spe|1\n|\n|-heal|p2a: Camerupt|239/275|[from] item: Leftovers\n|upkeep\n|turn|41\n|\n|t:|1781460383\n|move|p1a: Tsareena|Power Whip|p2a: Camerupt\n|-damage|p2a: Camerupt|55/275\n|move|p2a: Camerupt|Earthquake|p1a: Tsareena\n|-supereffective|p1a: Tsareena\n|-damage|p1a: Tsareena|0 fnt\n|faint|p1a: Tsareena\n|\n|win|Dr3ntel\n", "inputlog": ">version a8376a258c1d4662feba110a92103f3664a72141\n>start {\"formatid\":\"gen9randombattle\",\"seed\":\"sodium,da6507e9d936cc7b60d73eafef847a73\",\"rated\":\"Rated battle\"}\n>player p1 {\"name\":\"philschmil\",\"avatar\":\"alder\",\"rating\":1999,\"seed\":\"sodium,bd82fe713672ca0d875b7e922c79f778\"}\n>player p2 {\"name\":\"Dr3ntel\",\"avatar\":\"2\",\"rating\":1955,\"seed\":\"sodium,60ce91e233ec0816bcca3f4854538da4\"}\n>p1 switch 2\n>p2 move earthpower\n>p1 move calmmind\n>p2 switch 2\n>p1 move terablast\n>p2 move leechseed\n>p1 move calmmind\n>p2 move sludgebomb\n>p1 move moonblast\n>p2 move gigadrain\n>p1 move synthesis\n>p2 move sludgebomb\n>p1 move calmmind\n>p2 move sludgebomb\n>p1 move synthesis\n>p2 move sludgebomb\n>p1 move moonblast\n>p2 move sludgebomb\n>p1 switch 6\n>p1 move icehammer\n>p2 switch 5\n>p1 move earthquake\n>p2 move slackoff\n>p1 move knockoff\n>p2 move willowisp\n>p1 move earthquake\n>p2 move slackoff\n>p1 move earthquake\n>p2 move slackoff\n>p1 move earthquake\n>p2 move slackoff\n>p1 move earthquake\n>p2 move torchsong\n>p1 move earthquake\n>p2 move slackoff\n>p1 move earthquake\n>p2 move slackoff\n>p1 move earthquake\n>p2 move slackoff\n>p1 move earthquake\n>p2 move torchsong\n>p1 switch 3\n>p1 move crunch\n>p2 move slackoff terastallize\n>p1 switch 5\n>p2 move willowisp\n>p1 move bravebird\n>p2 move torchsong\n>p1 move bravebird\n>p2 move torchsong\n>p1 switch 5\n>p2 switch 6\n>p1 switch 2\n>p2 move thunderwave\n>p1 move knockoff\n>p2 move thunderwave\n>p1 move swordsdance\n>p2 switch 5\n>p1 move knockoff\n>p2 move sludgebomb\n>p1 move knockoff\n>p2 move sludgebomb\n>p1 switch 2\n>p1 move psychicfangs\n>p2 move leechseed\n>p2 switch 5\n>p1 move psychicfangs\n>p2 move thunderwave\n>p1 move psychicfangs\n>p2 move recover\n>p1 move psychicfangs\n>p2 move recover\n>p1 move psychicfangs\n>p2 move terablast\n>p1 move psychicfangs\n>p2 move recover\n>p1 move psychicfangs\n>p2 move recover\n>p1 move psychicfangs\n>p2 move terablast\n>p1 switch 4\n>p1 move highjumpkick\n>p2 move thunderwave\n>p2 switch 2\n>p1 move rapidspin terastallize\n>p2 move airslash\n>p1 move rapidspin\n>p2 switch 3\n>p1 move powerwhip\n>p2 move earthquake", "uploadtime": 1781460034, "views": 4, "formatid": "gen9randombattle", "rating": null, "private": 0, "password": null}