{"id": "gen9randombattle-2631593210", "format": "[Gen 9] Random Battle", "players": ["personanongrattata", "boxhero147"], "log": "|j|\u2606personanongrattata\n|j|\u2606boxhero147\n|t:|1781405902\n|gametype|singles\n|player|p1|personanongrattata|youngster-gen4dp|1977\n|player|p2|boxhero147|169|2088\n|gen|9\n|tier|[Gen 9] Random Battle\n|rated|\n|rule|Species Clause: Limit one of each Pok\u00e9mon\n|rule|HP Percentage Mod: HP is shown in percentages\n|rule|Sleep Clause Mod: Limit one foe put to sleep\n|rule|Illusion Level Mod: Illusion disguises the Pok\u00e9mon's true level\n|\n|t:|1781405902\n|teamsize|p1|6\n|teamsize|p2|6\n|start\n|switch|p1a: Vivillon|Vivillon-River, L83, M|268/268\n|switch|p2a: Inteleon|Inteleon, L81, M|246/246\n|turn|1\n|inactive|Battle timer is ON: inactive players will automatically lose when time's up. (requested by personanongrattata)\n|\n|t:|1781405909\n|switch|p1a: Rotom|Rotom-Mow, L87|229/229\n|move|p2a: Inteleon|U-turn|p1a: Rotom\n|-supereffective|p1a: Rotom\n|-damage|p1a: Rotom|157/229\n|\n|t:|1781405924\n|switch|p2a: Klefki|Klefki, L84, M|233/233|[from] U-turn\n|\n|-heal|p1a: Rotom|171/229|[from] item: Leftovers\n|upkeep\n|turn|2\n|\n|t:|1781405933\n|move|p1a: Rotom|Thunderbolt|p2a: Klefki\n|-damage|p2a: Klefki|121/233\n|move|p2a: Klefki|Play Rough|p1a: Rotom\n|-damage|p1a: Rotom|107/229\n|\n|-heal|p1a: Rotom|121/229|[from] item: Leftovers\n|-heal|p2a: Klefki|135/233|[from] item: Leftovers\n|upkeep\n|turn|3\n|\n|t:|1781405937\n|move|p1a: Rotom|Thunderbolt|p2a: Klefki\n|-damage|p2a: Klefki|33/233\n|move|p2a: Klefki|Play Rough|p1a: Rotom\n|-damage|p1a: Rotom|48/229\n|\n|-heal|p1a: Rotom|62/229|[from] item: Leftovers\n|-heal|p2a: Klefki|47/233|[from] item: Leftovers\n|upkeep\n|turn|4\n|\n|t:|1781405941\n|move|p1a: Rotom|Thunderbolt|p2a: Klefki\n|-damage|p2a: Klefki|0 fnt\n|faint|p2a: Klefki\n|\n|-heal|p1a: Rotom|76/229|[from] item: Leftovers\n|upkeep\n|\n|t:|1781405951\n|switch|p2a: Inteleon|Inteleon, L81, M|246/246\n|turn|5\n|\n|t:|1781405954\n|switch|p1a: Skuntank|Skuntank, L84, M|310/310\n|move|p2a: Inteleon|U-turn|p1a: Skuntank\n|-damage|p1a: Skuntank|258/310\n|\n|t:|1781405959\n|switch|p2a: Koraidon|Koraidon, L64|235/235|[from] U-turn\n|-weather|SunnyDay|[from] ability: Orichalcum Pulse|[of] p2a: Koraidon\n|-activate|p2a: Koraidon|Orichalcum Pulse|[source]\n|\n|-weather|SunnyDay|[upkeep]\n|upkeep\n|turn|6\n|\n|t:|1781405963\n|switch|p1a: Uxie|Uxie, L83|260/260\n|move|p2a: Koraidon|U-turn|p1a: Uxie\n|-supereffective|p1a: Uxie\n|-damage|p1a: Uxie|150/260\n|\n|t:|1781405970\n|switch|p2a: Wo-Chien|Wo-Chien, L83|277/277|[from] U-turn\n|-ability|p2a: Wo-Chien|Tablets of Ruin\n|\n|-weather|SunnyDay|[upkeep]\n|-heal|p1a: Uxie|166/260|[from] item: Leftovers\n|upkeep\n|turn|7\n|\n|t:|1781405973\n|move|p1a: Uxie|U-turn|p2a: Wo-Chien\n|-supereffective|p2a: Wo-Chien\n|-damage|p2a: Wo-Chien|157/277\n|\n|t:|1781405979\n|switch|p1a: Flareon|Flareon, L90, F|263/263|[from] U-turn\n|move|p2a: Wo-Chien|Knock Off|p1a: Flareon\n|-damage|p1a: Flareon|151/263\n|-enditem|p1a: Flareon|Toxic Orb|[from] move: Knock Off|[of] p2a: Wo-Chien\n|\n|-weather|SunnyDay|[upkeep]\n|-heal|p2a: Wo-Chien|174/277|[from] item: Leftovers\n|upkeep\n|turn|8\n|\n|t:|1781405989\n|move|p1a: Flareon|Will-O-Wisp|p2a: Wo-Chien\n|-status|p2a: Wo-Chien|brn\n|move|p2a: Wo-Chien|Ruination|p1a: Flareon\n|-damage|p1a: Flareon|76/263\n|\n|-weather|SunnyDay|[upkeep]\n|-heal|p2a: Wo-Chien|191/277 brn|[from] item: Leftovers\n|-damage|p2a: Wo-Chien|174/277 brn|[from] brn\n|upkeep\n|turn|9\n|\n|t:|1781405998\n|move|p1a: Flareon|Flare Blitz|p2a: Wo-Chien\n|-supereffective|p2a: Wo-Chien\n|-crit|p2a: Wo-Chien\n|-damage|p2a: Wo-Chien|0 fnt\n|faint|p2a: Wo-Chien\n|-damage|p1a: Flareon|19/263|[from] Recoil\n|\n|-weather|none\n|upkeep\n|\n|t:|1781406004\n|switch|p2a: Inteleon|Inteleon, L81, M|246/246\n|turn|10\n|\n|t:|1781406011\n|switch|p1a: Skuntank|Skuntank, L84, M|258/310\n|move|p2a: Inteleon|Ice Beam|p1a: Skuntank\n|-damage|p1a: Skuntank|112/310\n|\n|upkeep\n|turn|11\n|\n|t:|1781406016\n|move|p1a: Skuntank|Sucker Punch|p2a: Inteleon\n|-damage|p2a: Inteleon|129/246\n|-damage|p1a: Skuntank|81/310|[from] item: Life Orb\n|move|p2a: Inteleon|Ice Beam|p1a: Skuntank\n|-damage|p1a: Skuntank|0 fnt\n|faint|p1a: Skuntank\n|\n|upkeep\n|\n|t:|1781406029\n|switch|p1a: Calyrex|Calyrex-Shadow, L64|235/235\n|-ability|p1a: Calyrex|As One\n|-ability|p1a: Calyrex|Unnerve\n|turn|12\n|\n|t:|1781406048\n|switch|p2a: Dudunsparce|Dudunsparce-Three-Segment, L83, F|343/343\n|move|p1a: Calyrex|Astral Barrage|p2a: Dudunsparce\n|-immune|p2a: Dudunsparce\n|\n|upkeep\n|turn|13\n|\n|t:|1781406053\n|switch|p1a: Uxie|Uxie, L83|166/260\n|move|p2a: Dudunsparce|Calm Mind|p2a: Dudunsparce\n|-boost|p2a: Dudunsparce|spa|1\n|-boost|p2a: Dudunsparce|spd|1\n|\n|-heal|p1a: Uxie|182/260|[from] item: Leftovers\n|upkeep\n|turn|14\n|\n|t:|1781406062\n|move|p1a: Uxie|Encore|p2a: Dudunsparce\n|-start|p2a: Dudunsparce|Encore\n|move|p2a: Dudunsparce|Calm Mind|p2a: Dudunsparce\n|-boost|p2a: Dudunsparce|spa|1\n|-boost|p2a: Dudunsparce|spd|1\n|\n|-heal|p1a: Uxie|198/260|[from] item: Leftovers\n|upkeep\n|turn|15\n|\n|t:|1781406065\n|move|p1a: Uxie|Psychic Noise|p2a: Dudunsparce\n|-damage|p2a: Dudunsparce|304/343\n|-start|p2a: Dudunsparce|move: Heal Block\n|move|p2a: Dudunsparce|Calm Mind|p2a: Dudunsparce\n|-boost|p2a: Dudunsparce|spa|1\n|-boost|p2a: Dudunsparce|spd|1\n|\n|-heal|p1a: Uxie|214/260|[from] item: Leftovers\n|upkeep\n|turn|16\n|\n|t:|1781406069\n|move|p1a: Uxie|Yawn|p2a: Dudunsparce\n|-start|p2a: Dudunsparce|move: Yawn|[of] p1a: Uxie\n|move|p2a: Dudunsparce|Calm Mind|p2a: Dudunsparce\n|-boost|p2a: Dudunsparce|spa|1\n|-boost|p2a: Dudunsparce|spd|1\n|\n|-heal|p1a: Uxie|230/260|[from] item: Leftovers\n|-end|p2a: Dudunsparce|Encore\n|-end|p2a: Dudunsparce|move: Heal Block\n|upkeep\n|turn|17\n|\n|t:|1781406074\n|move|p1a: Uxie|Encore|p2a: Dudunsparce\n|-start|p2a: Dudunsparce|Encore\n|move|p2a: Dudunsparce|Calm Mind|p2a: Dudunsparce\n|-boost|p2a: Dudunsparce|spa|1\n|-boost|p2a: Dudunsparce|spd|1\n|\n|-heal|p1a: Uxie|246/260|[from] item: Leftovers\n|-heal|p2a: Dudunsparce|325/343|[from] item: Leftovers\n|-end|p2a: Dudunsparce|move: Yawn|[silent]\n|-status|p2a: Dudunsparce|slp\n|upkeep\n|turn|18\n|\n|t:|1781406080\n|switch|p1a: Flareon|Flareon, L90, F|19/263\n|cant|p2a: Dudunsparce|slp\n|\n|-heal|p2a: Dudunsparce|343/343 slp|[from] item: Leftovers\n|upkeep\n|turn|19\n|\n|t:|1781406083\n|move|p1a: Flareon|Flare Blitz|p2a: Dudunsparce\n|-damage|p2a: Dudunsparce|156/343 slp\n|-damage|p1a: Flareon|0 fnt|[from] Recoil\n|faint|p1a: Flareon\n|cant|p2a: Dudunsparce|slp\n|\n|-heal|p2a: Dudunsparce|177/343 slp|[from] item: Leftovers\n|-end|p2a: Dudunsparce|Encore\n|upkeep\n|\n|t:|1781406091\n|switch|p1a: Uxie|Uxie, L83|246/260\n|turn|20\n|\n|t:|1781406097\n|move|p1a: Uxie|Encore|p2a: Dudunsparce\n|-start|p2a: Dudunsparce|Encore\n|-curestatus|p2a: Dudunsparce|slp|[msg]\n|move|p2a: Dudunsparce|Calm Mind|p2a: Dudunsparce\n|-boost|p2a: Dudunsparce|spa|1\n|-boost|p2a: Dudunsparce|spd|1\n|\n|-heal|p1a: Uxie|260/260|[from] item: Leftovers\n|-heal|p2a: Dudunsparce|198/343|[from] item: Leftovers\n|upkeep\n|turn|21\n|\n|t:|1781406101\n|move|p1a: Uxie|Psychic Noise|p2a: Dudunsparce\n|-damage|p2a: Dudunsparce|179/343\n|-start|p2a: Dudunsparce|move: Heal Block\n|move|p2a: Dudunsparce|Calm Mind|p2a: Dudunsparce\n|-boost|p2a: Dudunsparce|spa|0\n|-boost|p2a: Dudunsparce|spd|0\n|\n|upkeep\n|turn|22\n|\n|t:|1781406107\n|move|p1a: Uxie|Psychic Noise|p2a: Dudunsparce\n|-damage|p2a: Dudunsparce|160/343\n|move|p2a: Dudunsparce|Calm Mind|p2a: Dudunsparce\n|-boost|p2a: Dudunsparce|spa|0\n|-boost|p2a: Dudunsparce|spd|0\n|\n|-end|p2a: Dudunsparce|Encore\n|-end|p2a: Dudunsparce|move: Heal Block\n|upkeep\n|turn|23\n|\n|t:|1781406112\n|move|p1a: Uxie|Encore|p2a: Dudunsparce\n|-start|p2a: Dudunsparce|Encore\n|move|p2a: Dudunsparce|Calm Mind|p2a: Dudunsparce\n|-boost|p2a: Dudunsparce|spa|0\n|-boost|p2a: Dudunsparce|spd|0\n|\n|-heal|p2a: Dudunsparce|181/343|[from] item: Leftovers\n|upkeep\n|turn|24\n|\n|t:|1781406114\n|move|p1a: Uxie|Psychic Noise|p2a: Dudunsparce\n|-damage|p2a: Dudunsparce|160/343\n|-start|p2a: Dudunsparce|move: Heal Block\n|move|p2a: Dudunsparce|Calm Mind|p2a: Dudunsparce\n|-boost|p2a: Dudunsparce|spa|0\n|-boost|p2a: Dudunsparce|spd|0\n|\n|upkeep\n|turn|25\n|\n|t:|1781406121\n|move|p1a: Uxie|Psychic Noise|p2a: Dudunsparce\n|-damage|p2a: Dudunsparce|142/343\n|move|p2a: Dudunsparce|Calm Mind|p2a: Dudunsparce\n|-boost|p2a: Dudunsparce|spa|0\n|-boost|p2a: Dudunsparce|spd|0\n|\n|-end|p2a: Dudunsparce|Encore\n|-end|p2a: Dudunsparce|move: Heal Block\n|upkeep\n|turn|26\n|\n|t:|1781406129\n|move|p1a: Uxie|Encore|p2a: Dudunsparce\n|-start|p2a: Dudunsparce|Encore\n|move|p2a: Dudunsparce|Calm Mind|p2a: Dudunsparce\n|-boost|p2a: Dudunsparce|spa|0\n|-boost|p2a: Dudunsparce|spd|0\n|\n|-heal|p2a: Dudunsparce|163/343|[from] item: Leftovers\n|upkeep\n|turn|27\n|\n|t:|1781406134\n|move|p1a: Uxie|Psychic Noise|p2a: Dudunsparce\n|-damage|p2a: Dudunsparce|144/343\n|-start|p2a: Dudunsparce|move: Heal Block\n|move|p2a: Dudunsparce|Calm Mind|p2a: Dudunsparce\n|-boost|p2a: Dudunsparce|spa|0\n|-boost|p2a: Dudunsparce|spd|0\n|\n|upkeep\n|turn|28\n|\n|t:|1781406140\n|move|p1a: Uxie|Yawn|p2a: Dudunsparce\n|-start|p2a: Dudunsparce|move: Yawn|[of] p1a: Uxie\n|move|p2a: Dudunsparce|Calm Mind|p2a: Dudunsparce\n|-boost|p2a: Dudunsparce|spa|0\n|-boost|p2a: Dudunsparce|spd|0\n|\n|-end|p2a: Dudunsparce|Encore\n|-end|p2a: Dudunsparce|move: Heal Block\n|upkeep\n|turn|29\n|\n|t:|1781406148\n|move|p1a: Uxie|Encore|p2a: Dudunsparce\n|-start|p2a: Dudunsparce|Encore\n|move|p2a: Dudunsparce|Calm Mind|p2a: Dudunsparce\n|-boost|p2a: Dudunsparce|spa|0\n|-boost|p2a: Dudunsparce|spd|0\n|\n|-heal|p2a: Dudunsparce|165/343|[from] item: Leftovers\n|-end|p2a: Dudunsparce|move: Yawn|[silent]\n|-status|p2a: Dudunsparce|slp\n|upkeep\n|turn|30\n|\n|t:|1781406152\n|move|p1a: Uxie|Psychic Noise|p2a: Dudunsparce\n|-damage|p2a: Dudunsparce|146/343 slp\n|-start|p2a: Dudunsparce|move: Heal Block\n|cant|p2a: Dudunsparce|slp\n|\n|upkeep\n|turn|31\n|\n|t:|1781406156\n|move|p1a: Uxie|Psychic Noise|p2a: Dudunsparce\n|-damage|p2a: Dudunsparce|125/343 slp\n|-curestatus|p2a: Dudunsparce|slp|[msg]\n|move|p2a: Dudunsparce|Calm Mind|p2a: Dudunsparce\n|-boost|p2a: Dudunsparce|spa|0\n|-boost|p2a: Dudunsparce|spd|0\n|\n|-end|p2a: Dudunsparce|Encore\n|-end|p2a: Dudunsparce|move: Heal Block\n|upkeep\n|turn|32\n|\n|t:|1781406160\n|move|p1a: Uxie|Encore|p2a: Dudunsparce\n|-start|p2a: Dudunsparce|Encore\n|move|p2a: Dudunsparce|Calm Mind|p2a: Dudunsparce\n|-boost|p2a: Dudunsparce|spa|0\n|-boost|p2a: Dudunsparce|spd|0\n|\n|-heal|p2a: Dudunsparce|146/343|[from] item: Leftovers\n|upkeep\n|turn|33\n|\n|t:|1781406166\n|move|p1a: Uxie|U-turn|p2a: Dudunsparce\n|-damage|p2a: Dudunsparce|105/343\n|-ability|p2a: Dudunsparce|Rattled|boost\n|-boost|p2a: Dudunsparce|spe|1\n|\n|t:|1781406169\n|switch|p1a: Calyrex|Calyrex-Shadow, L64|235/235|[from] U-turn\n|-ability|p1a: Calyrex|As One\n|-ability|p1a: Calyrex|Unnerve\n|move|p2a: Dudunsparce|Calm Mind|p2a: Dudunsparce\n|-boost|p2a: Dudunsparce|spa|0\n|-boost|p2a: Dudunsparce|spd|0\n|\n|-heal|p2a: Dudunsparce|126/343|[from] item: Leftovers\n|upkeep\n|turn|34\n|\n|t:|1781406178\n|move|p1a: Calyrex|Psyshock|p2a: Dudunsparce\n|-damage|p2a: Dudunsparce|12/343\n|-damage|p1a: Calyrex|212/235|[from] item: Life Orb\n|move|p2a: Dudunsparce|Calm Mind|p2a: Dudunsparce\n|-boost|p2a: Dudunsparce|spa|0\n|-boost|p2a: Dudunsparce|spd|0\n|\n|-heal|p2a: Dudunsparce|33/343|[from] item: Leftovers\n|-end|p2a: Dudunsparce|Encore\n|upkeep\n|turn|35\n|\n|t:|1781406183\n|move|p1a: Calyrex|Psyshock|p2a: Dudunsparce\n|-damage|p2a: Dudunsparce|0 fnt\n|faint|p2a: Dudunsparce\n|-ability|p1a: Calyrex|Grim Neigh|boost\n|-boost|p1a: Calyrex|spa|1\n|-damage|p1a: Calyrex|189/235|[from] item: Life Orb\n|\n|upkeep\n|\n|t:|1781406190\n|switch|p2a: Inteleon|Inteleon, L81, M|129/246\n|turn|36\n|\n|t:|1781406200\n|move|p2a: Inteleon|Scald|p1a: Calyrex\n|-damage|p1a: Calyrex|15/235\n|move|p1a: Calyrex|Astral Barrage|p2a: Inteleon\n|-damage|p2a: Inteleon|0 fnt\n|faint|p2a: Inteleon\n|-ability|p1a: Calyrex|Grim Neigh|boost\n|-boost|p1a: Calyrex|spa|1\n|-damage|p1a: Calyrex|0 fnt|[from] item: Life Orb\n|faint|p1a: Calyrex\n|\n|upkeep\n|\n|t:|1781406215\n|switch|p2a: Koraidon|Koraidon, L64|235/235\n|switch|p1a: Uxie|Uxie, L83|260/260\n|-weather|SunnyDay|[from] ability: Orichalcum Pulse|[of] p2a: Koraidon\n|-activate|p2a: Koraidon|Orichalcum Pulse|[source]\n|turn|37\n|\n|t:|1781406219\n|move|p2a: Koraidon|U-turn|p1a: Uxie\n|-supereffective|p1a: Uxie\n|-damage|p1a: Uxie|144/260\n|\n|t:|1781406222\n|switch|p2a: Skarmory|Skarmory, L80, M|235/235|[from] U-turn\n|move|p1a: Uxie|Psychic Noise|p2a: Skarmory\n|-resisted|p2a: Skarmory\n|-damage|p2a: Skarmory|191/235\n|-start|p2a: Skarmory|move: Heal Block\n|\n|-weather|SunnyDay|[upkeep]\n|-heal|p1a: Uxie|160/260|[from] item: Leftovers\n|upkeep\n|turn|38\n|\n|t:|1781406227\n|move|p1a: Uxie|U-turn|p2a: Skarmory\n|-resisted|p2a: Skarmory\n|-damage|p2a: Skarmory|184/235\n|\n|t:|1781406229\n|switch|p1a: Vivillon|Vivillon-River, L83, M|268/268|[from] U-turn\n|move|p2a: Skarmory|Brave Bird|p1a: Vivillon\n|-supereffective|p1a: Vivillon\n|-damage|p1a: Vivillon|0 fnt\n|faint|p1a: Vivillon\n|-damage|p2a: Skarmory|96/235|[from] Recoil\n|\n|-weather|SunnyDay|[upkeep]\n|-end|p2a: Skarmory|move: Heal Block\n|upkeep\n|\n|t:|1781406231\n|switch|p1a: Rotom|Rotom-Mow, L87|76/229\n|turn|39\n|\n|t:|1781406241\n|move|p1a: Rotom|Will-O-Wisp|p2a: Skarmory\n|-status|p2a: Skarmory|brn\n|move|p2a: Skarmory|Brave Bird|p1a: Rotom\n|-damage|p1a: Rotom|37/229\n|-damage|p2a: Skarmory|83/235 brn|[from] Recoil\n|\n|-weather|SunnyDay|[upkeep]\n|-heal|p1a: Rotom|51/229|[from] item: Leftovers\n|-heal|p2a: Skarmory|97/235 brn|[from] item: Leftovers\n|-damage|p2a: Skarmory|83/235 brn|[from] brn\n|upkeep\n|turn|40\n|\n|t:|1781406244\n|move|p1a: Rotom|Volt Switch|p2a: Skarmory\n|-supereffective|p2a: Skarmory\n|-damage|p2a: Skarmory|0 fnt\n|faint|p2a: Skarmory\n|\n|t:|1781406246\n|switch|p1a: Uxie|Uxie, L83|160/260|[from] Volt Switch\n|\n|-weather|SunnyDay|[upkeep]\n|-heal|p1a: Uxie|176/260|[from] item: Leftovers\n|upkeep\n|\n|t:|1781406248\n|switch|p2a: Koraidon|Koraidon, L64|235/235\n|-activate|p2a: Koraidon|ability: Orichalcum Pulse\n|turn|41\n|\n|t:|1781406253\n|-terastallize|p2a: Koraidon|Fire\n|move|p2a: Koraidon|Flare Blitz|p1a: Uxie\n|-damage|p1a: Uxie|0 fnt\n|faint|p1a: Uxie\n|-damage|p2a: Koraidon|177/235|[from] Recoil\n|\n|-weather|none\n|upkeep\n|\n|t:|1781406259\n|switch|p1a: Rotom|Rotom-Mow, L87|51/229\n|turn|42\n|-message|personanongrattata forfeited.\n|\n|win|boxhero147\n", "inputlog": ">version a8376a258c1d4662feba110a92103f3664a72141\n>start {\"formatid\":\"gen9randombattle\",\"seed\":\"sodium,12a2e1d3bb4fb7a2b3b83cfd7b8406df\",\"rated\":\"Rated battle\"}\n>player p1 {\"name\":\"personanongrattata\",\"avatar\":\"youngster-gen4dp\",\"rating\":1977,\"seed\":\"sodium,d9368be8ee027b0a02305534ce8887eb\"}\n>player p2 {\"name\":\"boxhero147\",\"avatar\":\"169\",\"rating\":2088,\"seed\":\"sodium,be50b2488a99fb6a4d8adddd49c4f6d1\"}\n>p1 switch 2\n>p2 move uturn\n>p2 switch 3\n>p1 move thunderbolt\n>p2 move playrough\n>p1 move thunderbolt\n>p2 move playrough\n>p1 move thunderbolt\n>p2 move playrough\n>p2 switch 3\n>p1 switch 3\n>p2 move uturn\n>p2 switch 6\n>p1 switch 5\n>p2 move uturn\n>p2 switch 4\n>p1 move uturn\n>p2 move knockoff\n>p1 switch 6\n>p1 move willowisp\n>p2 move ruination\n>p1 move flareblitz\n>p2 move gigadrain\n>p2 switch 6\n>p1 switch 5\n>p2 move icebeam\n>p1 move suckerpunch\n>p2 move icebeam\n>p1 switch 4\n>p1 move astralbarrage\n>p2 switch 2\n>p1 switch 6\n>p2 move calmmind\n>p1 move encore\n>p2 move shadowball\n>p1 move psychicnoise\n>p2 move calmmind\n>p1 move yawn\n>p2 move calmmind\n>p1 move encore\n>p2 move shadowball\n>p1 switch 5\n>p2 move calmmind\n>p1 move flareblitz\n>p2 move calmmind\n>p1 switch 5\n>p1 move encore\n>p2 move shadowball\n>p1 move psychicnoise\n>p2 move calmmind\n>p1 move psychicnoise\n>p2 move calmmind\n>p1 move encore\n>p2 move shadowball\n>p1 move psychicnoise\n>p2 move calmmind\n>p1 move psychicnoise\n>p2 move calmmind\n>p1 move encore\n>p2 move roost\n>p1 move psychicnoise\n>p2 move calmmind\n>p1 move yawn\n>p2 move calmmind\n>p1 move encore\n>p2 move shadowball\n>p1 move psychicnoise\n>p2 move calmmind\n>p1 move psychicnoise\n>p2 move calmmind\n>p1 move encore\n>p2 move roost\n>p1 move uturn\n>p2 move calmmind\n>p1 switch 6\n>p1 move psyshock\n>p2 move calmmind\n>p1 move psyshock\n>p2 move roost\n>p2 switch 2\n>p1 move astralbarrage\n>p2 move scald\n>p1 switch 6\n>p2 switch 4\n>p1 move psychicnoise\n>p2 move uturn\n>p2 switch 5\n>p1 move uturn\n>p2 move bravebird\n>p1 switch 2\n>p1 switch 3\n>p1 move willowisp\n>p2 move bravebird\n>p1 move voltswitch\n>p2 move bravebird\n>p1 switch 2\n>p2 switch 5\n>p1 move yawn\n>p2 move flareblitz terastallize\n>p1 switch 2\n>forcelose p1", "uploadtime": 1781405905, "views": 5, "formatid": "gen9randombattle", "rating": null, "private": 0, "password": null}