{"id": "gen9randombattle-2631387415", "format": "[Gen 9] Random Battle", "players": ["Poulin", "EduArdo1516"], "log": "|j|\u2606Poulin\n|j|\u2606EduArdo1516\n|t:|1781378650\n|gametype|singles\n|player|p1|Poulin|170|1966\n|player|p2|EduArdo1516|102|2013\n|gen|9\n|tier|[Gen 9] Random Battle\n|rated|\n|rule|Species Clause: Limit one of each Pok\u00e9mon\n|rule|HP Percentage Mod: HP is shown in percentages\n|rule|Sleep Clause Mod: Limit one foe put to sleep\n|rule|Illusion Level Mod: Illusion disguises the Pok\u00e9mon's true level\n|\n|t:|1781378650\n|teamsize|p1|6\n|teamsize|p2|6\n|start\n|switch|p1a: Leafeon|Leafeon, L88, F|258/258\n|switch|p2a: Necrozma|Necrozma-Dawn-Wings, L76|272/272\n|turn|1\n|inactive|Battle timer is ON: inactive players will automatically lose when time's up. (requested by EduArdo1516)\n|inactive|Poulin also wants the timer to be on.\n|\n|t:|1781378663\n|switch|p2a: Overqwil|Overqwil, L82, F|274/274\n|-ability|p2a: Overqwil|Intimidate|boost\n|-unboost|p1a: Leafeon|atk|1\n|move|p1a: Leafeon|Knock Off|p2a: Overqwil\n|-resisted|p2a: Overqwil\n|-damage|p2a: Overqwil|242/274\n|-enditem|p2a: Overqwil|Life Orb|[from] move: Knock Off|[of] p1a: Leafeon\n|-damage|p1a: Leafeon|233/258|[from] item: Life Orb\n|\n|upkeep\n|turn|2\n|\n|t:|1781378668\n|switch|p1a: Kingambit|Kingambit, L74, F|270/270\n|move|p2a: Overqwil|Swords Dance|p2a: Overqwil\n|-boost|p2a: Overqwil|atk|2\n|\n|upkeep\n|turn|3\n|\n|t:|1781378672\n|move|p2a: Overqwil|Liquidation|p1a: Kingambit\n|-crit|p1a: Kingambit\n|-damage|p1a: Kingambit|95/270\n|move|p1a: Kingambit|Swords Dance|p1a: Kingambit\n|-boost|p1a: Kingambit|atk|2\n|\n|-heal|p1a: Kingambit|111/270|[from] item: Leftovers\n|upkeep\n|turn|4\n|\n|t:|1781378678\n|move|p2a: Overqwil|Liquidation|p1a: Kingambit\n|-damage|p1a: Kingambit|0 fnt\n|faint|p1a: Kingambit\n|-end|p1a: Kingambit|fallenundefined|[silent]\n|\n|upkeep\n|\n|t:|1781378682\n|switch|p1a: Regirock|Regirock, L83|268/268\n|turn|5\n|\n|t:|1781378687\n|move|p2a: Overqwil|Swords Dance|p2a: Overqwil\n|-boost|p2a: Overqwil|atk|2\n|move|p1a: Regirock|Curse|p1a: Regirock\n|-unboost|p1a: Regirock|spe|1\n|-boost|p1a: Regirock|atk|1\n|-boost|p1a: Regirock|def|1\n|\n|upkeep\n|turn|6\n|\n|t:|1781378690\n|-terastallize|p1a: Regirock|Fighting\n|move|p2a: Overqwil|Liquidation|p1a: Regirock\n|-damage|p1a: Regirock|197/268\n|move|p1a: Regirock|Body Press|p2a: Overqwil\n|-damage|p2a: Overqwil|38/274\n|\n|upkeep\n|turn|7\n|\n|t:|1781378700\n|move|p2a: Overqwil|Gunk Shot|p1a: Regirock\n|-damage|p1a: Regirock|65/268\n|-status|p1a: Regirock|psn\n|move|p1a: Regirock|Body Press|p2a: Overqwil\n|-damage|p2a: Overqwil|0 fnt\n|faint|p2a: Overqwil\n|\n|-damage|p1a: Regirock|32/268 psn|[from] psn\n|upkeep\n|\n|t:|1781378714\n|switch|p2a: Glalie|Glalie, L96, M|309/309\n|turn|8\n|\n|t:|1781378721\n|switch|p1a: Regieleki|Regieleki, L79|256/256\n|move|p2a: Glalie|Freeze-Dry|p1a: Regieleki\n|-damage|p1a: Regieleki|114/256\n|\n|upkeep\n|turn|9\n|\n|t:|1781378735\n|move|p1a: Regieleki|Volt Switch|p2a: Glalie\n|-damage|p2a: Glalie|215/309\n|\n|t:|1781378739\n|switch|p1a: Falinks|Falinks, L84|246/246|[from] Volt Switch\n|move|p2a: Glalie|Freeze-Dry|p1a: Falinks\n|-damage|p1a: Falinks|137/246\n|\n|upkeep\n|turn|10\n|\n|t:|1781378745\n|move|p2a: Glalie|Taunt|p1a: Falinks\n|-start|p1a: Falinks|move: Taunt\n|cant|p1a: Falinks|move: Taunt|No Retreat\n|\n|upkeep\n|turn|11\n|\n|t:|1781378753\n|switch|p1a: Regieleki|Regieleki, L79|114/256\n|move|p2a: Glalie|Freeze-Dry|p1a: Regieleki\n|-damage|p1a: Regieleki|0 fnt\n|faint|p1a: Regieleki\n|\n|upkeep\n|\n|t:|1781378757\n|switch|p1a: Leafeon|Leafeon, L88, F|233/258\n|turn|12\n|\n|t:|1781378771\n|move|p1a: Leafeon|Swords Dance|p1a: Leafeon\n|-boost|p1a: Leafeon|atk|2\n|move|p2a: Glalie|Freeze-Dry|p1a: Leafeon\n|-supereffective|p1a: Leafeon\n|-damage|p1a: Leafeon|45/258\n|-status|p1a: Leafeon|frz\n|\n|upkeep\n|turn|13\n|-message|Poulin forfeited.\n|\n|win|EduArdo1516\n", "inputlog": ">version a8376a258c1d4662feba110a92103f3664a72141\n>start {\"formatid\":\"gen9randombattle\",\"seed\":\"sodium,c6c3aed2bfcc507c39a626804b6fab5e\",\"rated\":\"Rated battle\"}\n>player p1 {\"name\":\"Poulin\",\"avatar\":\"170\",\"rating\":1966,\"seed\":\"sodium,38e36cdd7782f742c00f62eb978a35e5\"}\n>player p2 {\"name\":\"EduArdo1516\",\"avatar\":\"102\",\"rating\":2013,\"seed\":\"sodium,775716c4e1b5f4070f0a8288d56b7bca\"}\n>p1 move knockoff\n>p2 switch 2\n>p1 switch 2\n>p2 move swordsdance\n>p1 move swordsdance\n>p2 move liquidation\n>p1 move ironhead\n>p2 move liquidation\n>p1 switch 4\n>p1 move curse\n>p2 move swordsdance\n>p1 move bodypress terastallize\n>p2 move liquidation\n>p1 move bodypress\n>p2 move gunkshot\n>p2 switch 4\n>p1 switch 5\n>p2 move freezedry\n>p1 move voltswitch\n>p2 move freezedry\n>p1 switch 6\n>p1 move noretreat\n>p2 move taunt\n>p1 switch 6\n>p2 move freezedry\n>p1 switch 2\n>p1 move swordsdance\n>p2 move freezedry\n>forcelose p1", "uploadtime": 1781378652, "views": 8, "formatid": "gen9randombattle", "rating": null, "private": 0, "password": null}