{"id": "gen9randombattle-2631844787", "format": "[Gen 9] Random Battle", "players": ["eliasmo", "coolx1"], "log": "|j|\u2606eliasmo\n|j|\u2606coolx1\n|t:|1781447337\n|gametype|singles\n|player|p1|eliasmo|2|2052\n|player|p2|coolx1|169|2033\n|gen|9\n|tier|[Gen 9] Random Battle\n|rated|\n|rule|Species Clause: Limit one of each Pok\u00e9mon\n|rule|HP Percentage Mod: HP is shown in percentages\n|rule|Sleep Clause Mod: Limit one foe put to sleep\n|rule|Illusion Level Mod: Illusion disguises the Pok\u00e9mon's true level\n|\n|t:|1781447337\n|teamsize|p1|6\n|teamsize|p2|6\n|start\n|switch|p1a: Dewgong|Dewgong, L94, F|322/322\n|switch|p2a: Morpeko|Morpeko, L88, M|245/245\n|turn|1\n|inactive|Battle timer is ON: inactive players will automatically lose when time's up. (requested by eliasmo)\n|\n|t:|1781447352\n|switch|p1a: Goodra|Goodra-Hisui, L82, M|265/265\n|move|p2a: Morpeko|Aura Wheel|p1a: Goodra\n|-resisted|p1a: Goodra\n|-damage|p1a: Goodra|204/265\n|-boost|p2a: Morpeko|spe|1\n|\n|-formechange|p2a: Morpeko|Morpeko-Hangry||[from] ability: Hunger Switch\n|upkeep\n|turn|2\n|\n|t:|1781447367\n|move|p2a: Morpeko|Parting Shot|p1a: Goodra\n|-unboost|p1a: Goodra|atk|1\n|-unboost|p1a: Goodra|spa|1\n|\n|t:|1781447369\n|switch|p2a: Spiritomb|Spiritomb, L89, F|234/234|[from] Parting Shot\n|move|p1a: Goodra|Earthquake|p2a: Spiritomb\n|-damage|p2a: Spiritomb|197/234\n|\n|-heal|p2a: Spiritomb|211/234|[from] item: Leftovers\n|upkeep\n|turn|3\n|inactive|eliasmo has 120 seconds left.\n|inactive|eliasmo has 90 seconds left.\n|\n|t:|1781447455\n|move|p1a: Goodra|Draco Meteor|p2a: Spiritomb\n|-damage|p2a: Spiritomb|126/234\n|-unboost|p1a: Goodra|spa|2\n|move|p2a: Spiritomb|Poltergeist|p1a: Goodra\n|-activate|p1a: Goodra|move: Poltergeist|Assault Vest\n|-damage|p1a: Goodra|87/265\n|\n|-heal|p2a: Spiritomb|140/234|[from] item: Leftovers\n|upkeep\n|turn|4\n|\n|t:|1781447462\n|switch|p1a: Blastoise|Blastoise, L80, M|258/258\n|move|p2a: Spiritomb|Poltergeist|p1a: Blastoise\n|-activate|p1a: Blastoise|move: Poltergeist|White Herb\n|-damage|p1a: Blastoise|149/258\n|\n|-heal|p2a: Spiritomb|154/234|[from] item: Leftovers\n|upkeep\n|turn|5\n|\n|t:|1781447470\n|move|p1a: Blastoise|Shell Smash|p1a: Blastoise\n|-unboost|p1a: Blastoise|def|1\n|-unboost|p1a: Blastoise|spd|1\n|-boost|p1a: Blastoise|atk|2\n|-boost|p1a: Blastoise|spa|2\n|-boost|p1a: Blastoise|spe|2\n|-enditem|p1a: Blastoise|White Herb\n|-clearnegativeboost|p1a: Blastoise|[silent]\n|move|p2a: Spiritomb|Foul Play|p1a: Blastoise\n|-damage|p1a: Blastoise|0 fnt\n|faint|p1a: Blastoise\n|\n|-heal|p2a: Spiritomb|168/234|[from] item: Leftovers\n|upkeep\n|\n|t:|1781447476\n|switch|p1a: Lurantis|Lurantis, L87, F|264/264\n|turn|6\n|\n|t:|1781447485\n|move|p1a: Lurantis|Leaf Storm|p2a: Spiritomb\n|-damage|p2a: Spiritomb|62/234\n|-boost|p1a: Lurantis|spa|2\n|move|p2a: Spiritomb|Toxic|p1a: Lurantis\n|-status|p1a: Lurantis|tox\n|\n|-heal|p2a: Spiritomb|76/234|[from] item: Leftovers\n|-damage|p1a: Lurantis|248/264 tox|[from] psn\n|upkeep\n|turn|7\n|\n|t:|1781447494\n|switch|p2a: Talonflame|Talonflame, L83, M|265/265\n|move|p1a: Lurantis|Leech Life|p2a: Talonflame\n|-resisted|p2a: Talonflame\n|-damage|p2a: Talonflame|245/265\n|-heal|p1a: Lurantis|258/264 tox|[from] drain|[of] p2a: Talonflame\n|\n|-damage|p1a: Lurantis|226/264 tox|[from] psn\n|upkeep\n|turn|8\n|\n|t:|1781447501\n|switch|p1a: Goodra|Goodra-Hisui, L82, M|87/265\n|move|p2a: Talonflame|Flare Blitz|p1a: Goodra\n|-damage|p1a: Goodra|0 fnt\n|faint|p1a: Goodra\n|-damage|p2a: Talonflame|216/265|[from] Recoil\n|\n|upkeep\n|\n|t:|1781447505\n|switch|p1a: Dewgong|Dewgong, L94, F|322/322\n|turn|9\n|\n|t:|1781447511\n|switch|p2a: Luvdisc|Luvdisc, M|247/247\n|move|p1a: Dewgong|Hydro Pump|p2a: Luvdisc|[miss]\n|-miss|p1a: Dewgong|p2a: Luvdisc\n|\n|upkeep\n|turn|10\n|inactive|eliasmo has 120 seconds left.\n|\n|t:|1781447519\n|move|p2a: Luvdisc|Whirlpool|p1a: Dewgong\n|-resisted|p1a: Dewgong\n|-damage|p1a: Dewgong|309/322\n|-activate|p1a: Dewgong|move: Whirlpool|[of] p2a: Luvdisc\n|move|p1a: Dewgong|Encore|p2a: Luvdisc\n|-start|p2a: Luvdisc|Encore\n|\n|-damage|p1a: Dewgong|269/322|[from] move: Whirlpool|[partiallytrapped]\n|upkeep\n|turn|11\n|\n|t:|1781447539\n|move|p2a: Luvdisc|Whirlpool|p1a: Dewgong\n|-resisted|p1a: Dewgong\n|-damage|p1a: Dewgong|256/322\n|move|p1a: Dewgong|Flip Turn|p2a: Luvdisc\n|-resisted|p2a: Luvdisc\n|-damage|p2a: Luvdisc|208/247\n|inactive|eliasmo has 120 seconds left.\n|\n|t:|1781447556\n|switch|p1a: Lurantis|Lurantis, L87, F|226/264 tox|[from] Flip Turn\n|\n|-damage|p1a: Lurantis|210/264 tox|[from] psn\n|upkeep\n|turn|12\n|\n|t:|1781447561\n|switch|p2a: Talonflame|Talonflame, L83, M|216/265\n|move|p1a: Lurantis|Leaf Storm|p2a: Talonflame\n|-resisted|p2a: Talonflame\n|-damage|p2a: Talonflame|179/265\n|-boost|p1a: Lurantis|spa|2\n|\n|-damage|p1a: Lurantis|178/264 tox|[from] psn\n|upkeep\n|turn|13\n|\n|t:|1781447568\n|switch|p1a: Dewgong|Dewgong, L94, F|256/322\n|move|p2a: Talonflame|Brave Bird|p1a: Dewgong\n|-damage|p1a: Dewgong|148/322\n|-damage|p2a: Talonflame|143/265|[from] Recoil\n|\n|upkeep\n|turn|14\n|\n|t:|1781447579\n|switch|p2a: Luvdisc|Luvdisc, M|208/247\n|move|p1a: Dewgong|Hydro Pump|p2a: Luvdisc\n|-resisted|p2a: Luvdisc\n|-damage|p2a: Luvdisc|149/247\n|\n|upkeep\n|turn|15\n|\n|t:|1781447585\n|move|p2a: Luvdisc|Whirlpool|p1a: Dewgong\n|-resisted|p1a: Dewgong\n|-damage|p1a: Dewgong|135/322\n|-activate|p1a: Dewgong|move: Whirlpool|[of] p2a: Luvdisc\n|move|p1a: Dewgong|Encore|p2a: Luvdisc\n|-start|p2a: Luvdisc|Encore\n|\n|-damage|p1a: Dewgong|95/322|[from] move: Whirlpool|[partiallytrapped]\n|upkeep\n|turn|16\n|\n|t:|1781447594\n|move|p2a: Luvdisc|Whirlpool|p1a: Dewgong\n|-resisted|p1a: Dewgong\n|-damage|p1a: Dewgong|83/322\n|move|p1a: Dewgong|Hydro Pump|p2a: Luvdisc\n|-resisted|p2a: Luvdisc\n|-damage|p2a: Luvdisc|89/247\n|\n|-damage|p1a: Dewgong|43/322|[from] move: Whirlpool|[partiallytrapped]\n|upkeep\n|turn|17\n|\n|t:|1781447605\n|move|p2a: Luvdisc|Whirlpool|p1a: Dewgong\n|-resisted|p1a: Dewgong\n|-damage|p1a: Dewgong|31/322\n|move|p1a: Dewgong|Hydro Pump|p2a: Luvdisc\n|-resisted|p2a: Luvdisc\n|-damage|p2a: Luvdisc|27/247\n|\n|-damage|p1a: Dewgong|0 fnt|[from] move: Whirlpool|[partiallytrapped]\n|faint|p1a: Dewgong\n|upkeep\n|\n|t:|1781447615\n|switch|p1a: Dusknoir|Dusknoir, L89, M|225/225\n|-item|p2a: Luvdisc|Heavy-Duty Boots|[from] ability: Frisk|[of] p1a: Dusknoir\n|turn|18\n|\n|t:|1781447630\n|switch|p2a: Spiritomb|Spiritomb, L89, F|76/234\n|move|p1a: Dusknoir|Shadow Sneak|p2a: Spiritomb\n|-crit|p2a: Spiritomb\n|-damage|p2a: Spiritomb|1/234\n|-damage|p1a: Dusknoir|203/225|[from] item: Life Orb\n|\n|-heal|p2a: Spiritomb|15/234|[from] item: Leftovers\n|upkeep\n|turn|19\n|\n|t:|1781447646\n|switch|p2a: Morpeko|Morpeko, L88, M|245/245\n|move|p1a: Dusknoir|Shadow Sneak|p2a: Morpeko\n|-resisted|p2a: Morpeko\n|-damage|p2a: Morpeko|203/245\n|-damage|p1a: Dusknoir|181/225|[from] item: Life Orb\n|\n|-formechange|p2a: Morpeko|Morpeko-Hangry||[from] ability: Hunger Switch\n|upkeep\n|turn|20\n|\n|t:|1781447656\n|switch|p1a: Lurantis|Lurantis, L87, F|178/264 tox\n|move|p2a: Morpeko|Aura Wheel|p1a: Lurantis\n|-damage|p1a: Lurantis|54/264 tox\n|-boost|p2a: Morpeko|spe|1\n|\n|-damage|p1a: Lurantis|38/264 tox|[from] psn\n|-formechange|p2a: Morpeko|Morpeko||[from] ability: Hunger Switch\n|upkeep\n|turn|21\n|\n|t:|1781447660\n|move|p2a: Morpeko|Protect|p2a: Morpeko\n|-singleturn|p2a: Morpeko|Protect\n|move|p1a: Lurantis|Leech Life|p2a: Morpeko\n|-activate|p2a: Morpeko|move: Protect\n|\n|-damage|p1a: Lurantis|6/264 tox|[from] psn\n|-formechange|p2a: Morpeko|Morpeko-Hangry||[from] ability: Hunger Switch\n|upkeep\n|turn|22\n|\n|t:|1781447664\n|move|p2a: Morpeko|Aura Wheel|p1a: Lurantis\n|-damage|p1a: Lurantis|0 fnt\n|-boost|p2a: Morpeko|spe|1\n|faint|p1a: Lurantis\n|\n|-formechange|p2a: Morpeko|Morpeko||[from] ability: Hunger Switch\n|upkeep\n|\n|t:|1781447667\n|switch|p1a: Zarude|Zarude-Dada, L77|288/288\n|turn|23\n|\n|t:|1781447672\n|move|p2a: Morpeko|Parting Shot|p1a: Zarude\n|-unboost|p1a: Zarude|atk|1\n|-unboost|p1a: Zarude|spa|1\n|\n|t:|1781447676\n|switch|p2a: Spiritomb|Spiritomb, L89, F|15/234|[from] Parting Shot\n|move|p1a: Zarude|Swords Dance|p1a: Zarude\n|-boost|p1a: Zarude|atk|2\n|\n|-heal|p2a: Spiritomb|29/234|[from] item: Leftovers\n|upkeep\n|turn|24\n|\n|t:|1781447687\n|move|p1a: Zarude|Knock Off|p2a: Spiritomb\n|-damage|p2a: Spiritomb|0 fnt\n|-enditem|p2a: Spiritomb|Leftovers|[from] move: Knock Off|[of] p1a: Zarude\n|faint|p2a: Spiritomb\n|-damage|p1a: Zarude|260/288|[from] item: Life Orb\n|\n|upkeep\n|\n|t:|1781447692\n|switch|p2a: Luvdisc|Luvdisc, M|27/247\n|turn|25\n|\n|t:|1781447696\n|move|p2a: Luvdisc|Endeavor|p1a: Zarude\n|-damage|p1a: Zarude|27/288\n|move|p1a: Zarude|Knock Off|p2a: Luvdisc\n|-damage|p2a: Luvdisc|0 fnt\n|-enditem|p2a: Luvdisc|Heavy-Duty Boots|[from] move: Knock Off|[of] p1a: Zarude\n|faint|p2a: Luvdisc\n|-damage|p1a: Zarude|0 fnt|[from] item: Life Orb\n|faint|p1a: Zarude\n|\n|upkeep\n|\n|t:|1781447707\n|switch|p2a: Morpeko|Morpeko, L88, M|203/245\n|switch|p1a: Dusknoir|Dusknoir, L89, M|181/225\n|-item|p2a: Morpeko|Heavy-Duty Boots|[from] ability: Frisk|[of] p1a: Dusknoir\n|turn|26\n|\n|t:|1781447713\n|move|p2a: Morpeko|Protect|p2a: Morpeko\n|-singleturn|p2a: Morpeko|Protect\n|move|p1a: Dusknoir|Earthquake|p2a: Morpeko\n|-activate|p2a: Morpeko|move: Protect\n|\n|-formechange|p2a: Morpeko|Morpeko-Hangry||[from] ability: Hunger Switch\n|upkeep\n|turn|27\n|\n|t:|1781447720\n|-terastallize|p1a: Dusknoir|Ground\n|move|p2a: Morpeko|Aura Wheel|p1a: Dusknoir\n|-damage|p1a: Dusknoir|102/225\n|-boost|p2a: Morpeko|spe|1\n|move|p1a: Dusknoir|Earthquake|p2a: Morpeko\n|-supereffective|p2a: Morpeko\n|-damage|p2a: Morpeko|0 fnt\n|faint|p2a: Morpeko\n|-damage|p1a: Dusknoir|80/225|[from] item: Life Orb\n|\n|upkeep\n|\n|t:|1781447732\n|switch|p2a: Talonflame|Talonflame, L83, M|143/265\n|turn|28\n|\n|t:|1781447736\n|move|p1a: Dusknoir|Shadow Sneak|p2a: Talonflame\n|-damage|p2a: Talonflame|64/265\n|-damage|p1a: Dusknoir|58/225|[from] item: Life Orb\n|move|p2a: Talonflame|Flare Blitz|p1a: Dusknoir\n|-damage|p1a: Dusknoir|0 fnt\n|faint|p1a: Dusknoir\n|-damage|p2a: Talonflame|45/265|[from] Recoil\n|\n|win|coolx1\n", "uploadtime": 1781447339, "views": 3, "formatid": "gen9randombattle", "rating": null, "private": 0, "password": null}