{"id": "gen9randombattle-2631411497", "format": "[Gen 9] Random Battle", "players": ["eheg", "Goggyo"], "log": "|j|\u2606eheg\n|j|\u2606Goggyo\n|t:|1781381435\n|gametype|singles\n|player|p1|eheg|2|1997\n|player|p2|Goggyo|169|2028\n|gen|9\n|tier|[Gen 9] Random Battle\n|rated|\n|rule|Species Clause: Limit one of each Pok\u00e9mon\n|rule|HP Percentage Mod: HP is shown in percentages\n|rule|Sleep Clause Mod: Limit one foe put to sleep\n|rule|Illusion Level Mod: Illusion disguises the Pok\u00e9mon's true level\n|\n|t:|1781381435\n|teamsize|p1|6\n|teamsize|p2|6\n|start\n|switch|p1a: Manaphy|Manaphy, L78|284/284\n|switch|p2a: Delphox|Delphox, L84, M|263/263\n|turn|1\n|\n|t:|1781381454\n|switch|p2a: Tatsugiri|Tatsugiri, L87, M|260/260\n|move|p1a: Manaphy|Tail Glow|p1a: Manaphy\n|-boost|p1a: Manaphy|spa|3\n|\n|upkeep\n|turn|2\n|\n|t:|1781381467\n|move|p1a: Manaphy|Energy Ball|p2a: Tatsugiri\n|-damage|p2a: Tatsugiri|125/260\n|move|p2a: Tatsugiri|Rapid Spin|p1a: Manaphy\n|-damage|p1a: Manaphy|261/284\n|-boost|p2a: Tatsugiri|spe|1\n|\n|-heal|p1a: Manaphy|278/284|[from] item: Leftovers\n|upkeep\n|turn|3\n|\n|t:|1781381476\n|move|p2a: Tatsugiri|Draco Meteor|p1a: Manaphy\n|-damage|p1a: Manaphy|124/284\n|-unboost|p2a: Tatsugiri|spa|2\n|move|p1a: Manaphy|Energy Ball|p2a: Tatsugiri\n|-damage|p2a: Tatsugiri|1/260\n|\n|-heal|p1a: Manaphy|141/284|[from] item: Leftovers\n|upkeep\n|turn|4\n|\n|t:|1781381486\n|move|p2a: Tatsugiri|Draco Meteor|p1a: Manaphy\n|-damage|p1a: Manaphy|54/284\n|-unboost|p2a: Tatsugiri|spa|2\n|move|p1a: Manaphy|Energy Ball|p2a: Tatsugiri\n|-damage|p2a: Tatsugiri|0 fnt\n|faint|p2a: Tatsugiri\n|\n|-heal|p1a: Manaphy|71/284|[from] item: Leftovers\n|upkeep\n|\n|t:|1781381500\n|switch|p2a: Delphox|Delphox, L84, M|263/263\n|turn|5\n|\n|t:|1781381503\n|move|p2a: Delphox|Psyshock|p1a: Manaphy\n|-damage|p1a: Manaphy|0 fnt\n|faint|p1a: Manaphy\n|\n|upkeep\n|\n|t:|1781381518\n|switch|p1a: Gengar|Gengar, L81, F|230/230\n|turn|6\n|\n|t:|1781381527\n|switch|p2a: Snorlax|Snorlax, L82, F|397/397\n|move|p1a: Gengar|Shadow Ball|p2a: Snorlax\n|-immune|p2a: Snorlax\n|\n|upkeep\n|turn|7\n|\n|t:|1781381542\n|move|p1a: Gengar|Nasty Plot|p1a: Gengar\n|-boost|p1a: Gengar|spa|2\n|move|p2a: Snorlax|Earthquake|p1a: Gengar\n|-supereffective|p1a: Gengar\n|-damage|p1a: Gengar|46/230\n|\n|upkeep\n|turn|8\n|\n|t:|1781381555\n|switch|p2a: Tornadus|Tornadus-Therian, L79, M|254/254\n|move|p1a: Gengar|Focus Blast|p2a: Tornadus\n|-resisted|p2a: Tornadus\n|-damage|p2a: Tornadus|168/254\n|-unboost|p2a: Tornadus|spd|1\n|-damage|p1a: Gengar|23/230|[from] item: Life Orb\n|\n|upkeep\n|turn|9\n|\n|t:|1781381569\n|switch|p1a: Bellibolt|Bellibolt, L84, F|320/320\n|move|p2a: Tornadus|Knock Off|p1a: Bellibolt\n|-damage|p1a: Bellibolt|256/320\n|-start|p1a: Bellibolt|Charge|Knock Off|[from] ability: Electromorphosis\n|-enditem|p1a: Bellibolt|Leftovers|[from] move: Knock Off|[of] p2a: Tornadus\n|\n|upkeep\n|turn|10\n|\n|t:|1781381580\n|move|p2a: Tornadus|U-turn|p1a: Bellibolt\n|-damage|p1a: Bellibolt|216/320\n|-start|p1a: Bellibolt|Charge|U-turn|[from] ability: Electromorphosis\n|\n|t:|1781381583\n|switch|p2a: Snorlax|Snorlax, L82, F|397/397|[from] U-turn\n|move|p1a: Bellibolt|Muddy Water|p2a: Snorlax\n|-damage|p2a: Snorlax|340/397\n|\n|-heal|p2a: Snorlax|364/397|[from] item: Leftovers\n|upkeep\n|turn|11\n|\n|t:|1781381593\n|move|p1a: Bellibolt|Toxic|p2a: Snorlax\n|-status|p2a: Snorlax|tox\n|move|p2a: Snorlax|Curse|p2a: Snorlax\n|-unboost|p2a: Snorlax|spe|1\n|-boost|p2a: Snorlax|atk|1\n|-boost|p2a: Snorlax|def|1\n|\n|-heal|p2a: Snorlax|388/397 tox|[from] item: Leftovers\n|-damage|p2a: Snorlax|364/397 tox|[from] psn\n|upkeep\n|turn|12\n|\n|t:|1781381603\n|move|p1a: Bellibolt|Thunderbolt|p2a: Snorlax\n|-damage|p2a: Snorlax|178/397 tox\n|-end|p1a: Bellibolt|Charge|[silent]\n|move|p2a: Snorlax|Earthquake|p1a: Bellibolt\n|-supereffective|p1a: Bellibolt\n|-damage|p1a: Bellibolt|14/320\n|-start|p1a: Bellibolt|Charge|Earthquake|[from] ability: Electromorphosis\n|\n|-heal|p2a: Snorlax|202/397 tox|[from] item: Leftovers\n|-damage|p2a: Snorlax|154/397 tox|[from] psn\n|upkeep\n|turn|13\n|\n|t:|1781381612\n|move|p1a: Bellibolt|Thunderbolt|p2a: Snorlax\n|-damage|p2a: Snorlax|0 fnt\n|faint|p2a: Snorlax\n|-end|p1a: Bellibolt|Charge|[silent]\n|\n|upkeep\n|\n|t:|1781381615\n|switch|p2a: Tornadus|Tornadus-Therian, L79, M|252/254\n|turn|14\n|\n|t:|1781381620\n|move|p2a: Tornadus|Knock Off|p1a: Bellibolt\n|-damage|p1a: Bellibolt|0 fnt\n|faint|p1a: Bellibolt\n|\n|upkeep\n|\n|t:|1781381624\n|switch|p1a: Regice|Regice, L88|284/284\n|turn|15\n|\n|t:|1781381638\n|move|p2a: Tornadus|Heat Wave|p1a: Regice\n|-supereffective|p1a: Regice\n|-damage|p1a: Regice|222/284\n|move|p1a: Regice|Thunderbolt|p2a: Tornadus\n|-supereffective|p2a: Tornadus\n|-damage|p2a: Tornadus|150/254\n|\n|upkeep\n|turn|16\n|\n|t:|1781381648\n|move|p2a: Tornadus|U-turn|p1a: Regice\n|-damage|p1a: Regice|183/284\n|\n|t:|1781381661\n|switch|p2a: Bronzong|Bronzong, L88|261/261|[from] U-turn\n|move|p1a: Regice|Ice Beam|p2a: Bronzong\n|-resisted|p2a: Bronzong\n|-damage|p2a: Bronzong|218/261\n|\n|-heal|p2a: Bronzong|234/261|[from] item: Leftovers\n|upkeep\n|turn|17\n|\n|t:|1781381670\n|switch|p1a: Cinderace|Cinderace, L77, F|249/249\n|move|p2a: Bronzong|Iron Head|p1a: Cinderace\n|-resisted|p1a: Cinderace\n|-damage|p1a: Cinderace|197/249\n|\n|-heal|p2a: Bronzong|250/261|[from] item: Leftovers\n|upkeep\n|turn|18\n|\n|t:|1781381691\n|switch|p2a: Tornadus|Tornadus-Therian, L79, M|234/254\n|move|p1a: Cinderace|Pyro Ball|p2a: Tornadus\n|-damage|p2a: Tornadus|24/254\n|-status|p2a: Tornadus|brn\n|\n|-damage|p2a: Tornadus|9/254 brn|[from] brn\n|upkeep\n|turn|19\n|\n|t:|1781381704\n|switch|p1a: Sylveon|Sylveon, L85, F|300/300\n|move|p2a: Tornadus|U-turn|p1a: Sylveon\n|-resisted|p1a: Sylveon\n|-crit|p1a: Sylveon\n|-damage|p1a: Sylveon|278/300\n|\n|t:|1781381710\n|switch|p2a: Bronzong|Bronzong, L88|250/261|[from] U-turn\n|\n|-heal|p1a: Sylveon|296/300|[from] item: Leftovers\n|-heal|p2a: Bronzong|261/261|[from] item: Leftovers\n|upkeep\n|turn|20\n|\n|t:|1781381718\n|switch|p1a: Cinderace|Cinderace, L77, F|197/249\n|move|p2a: Bronzong|Earthquake|p1a: Cinderace\n|-supereffective|p1a: Cinderace\n|-damage|p1a: Cinderace|9/249\n|\n|upkeep\n|turn|21\n|\n|t:|1781381728\n|switch|p2a: Delphox|Delphox, L84, M|263/263\n|move|p1a: Cinderace|U-turn|p2a: Delphox\n|-start|p1a: Cinderace|typechange|Bug|[from] ability: Libero\n|-damage|p2a: Delphox|149/263\n|\n|t:|1781381736\n|switch|p1a: Gengar|Gengar, L81, F|23/230|[from] U-turn\n|\n|upkeep\n|turn|22\n|\n|t:|1781381748\n|move|p1a: Gengar|Shadow Ball|p2a: Delphox\n|-supereffective|p2a: Delphox\n|-damage|p2a: Delphox|0 fnt\n|faint|p2a: Delphox\n|-damage|p1a: Gengar|0 fnt|[from] item: Life Orb\n|faint|p1a: Gengar\n|\n|upkeep\n|\n|t:|1781381758\n|switch|p1a: Cinderace|Cinderace, L77, F|9/249\n|switch|p2a: Bronzong|Bronzong, L88|261/261\n|turn|23\n|\n|t:|1781381778\n|move|p1a: Cinderace|Pyro Ball|p2a: Bronzong|[miss]\n|-miss|p1a: Cinderace|p2a: Bronzong\n|move|p2a: Bronzong|Earthquake|p1a: Cinderace\n|-supereffective|p1a: Cinderace\n|-damage|p1a: Cinderace|0 fnt\n|faint|p1a: Cinderace\n|\n|upkeep\n|\n|t:|1781381786\n|switch|p1a: Regice|Regice, L88|183/284\n|turn|24\n|\n|t:|1781381789\n|move|p1a: Regice|Thunderbolt|p2a: Bronzong\n|-damage|p2a: Bronzong|203/261\n|move|p2a: Bronzong|Hypnosis|p1a: Regice|[miss]\n|-miss|p2a: Bronzong|p1a: Regice\n|\n|-heal|p2a: Bronzong|219/261|[from] item: Leftovers\n|upkeep\n|turn|25\n|\n|t:|1781381797\n|move|p1a: Regice|Rest|p1a: Regice\n|-status|p1a: Regice|slp|[from] move: Rest\n|-heal|p1a: Regice|284/284 slp|[silent]\n|move|p2a: Bronzong|Iron Head|p1a: Regice\n|-supereffective|p1a: Regice\n|-damage|p1a: Regice|126/284 slp\n|\n|-heal|p2a: Bronzong|235/261|[from] item: Leftovers\n|upkeep\n|turn|26\n|\n|t:|1781381805\n|cant|p1a: Regice|slp\n|move|p1a: Regice|Sleep Talk|p1a: Regice\n|move|p1a: Regice|Rest||[from] move: Sleep Talk|[still]\n|-fail|p1a: Regice\n|move|p2a: Bronzong|Iron Head|p1a: Regice\n|-supereffective|p1a: Regice\n|-damage|p1a: Regice|0 fnt\n|faint|p1a: Regice\n|\n|-heal|p2a: Bronzong|251/261|[from] item: Leftovers\n|upkeep\n|\n|t:|1781381815\n|switch|p1a: Sylveon|Sylveon, L85, F|296/300\n|turn|27\n|\n|t:|1781381821\n|-terastallize|p1a: Sylveon|Steel\n|move|p1a: Sylveon|Calm Mind|p1a: Sylveon\n|-boost|p1a: Sylveon|spa|1\n|-boost|p1a: Sylveon|spd|1\n|move|p2a: Bronzong|Hypnosis|p1a: Sylveon\n|-status|p1a: Sylveon|slp|[from] move: Hypnosis\n|\n|-heal|p1a: Sylveon|300/300 slp|[from] item: Leftovers\n|-heal|p2a: Bronzong|261/261|[from] item: Leftovers\n|upkeep\n|turn|28\n|\n|t:|1781381829\n|cant|p1a: Sylveon|slp\n|move|p2a: Bronzong|Earthquake|p1a: Sylveon\n|-supereffective|p1a: Sylveon\n|-damage|p1a: Sylveon|114/300 slp\n|\n|-heal|p1a: Sylveon|132/300 slp|[from] item: Leftovers\n|upkeep\n|turn|29\n|\n|t:|1781381836\n|cant|p1a: Sylveon|slp\n|move|p2a: Bronzong|Earthquake|p1a: Sylveon\n|-supereffective|p1a: Sylveon\n|-damage|p1a: Sylveon|0 fnt\n|faint|p1a: Sylveon\n|\n|win|Goggyo\n|raw|eheg's rating: 1997 &rarr; <strong>1979</strong><br />(-18 for losing)\n|raw|Goggyo's rating: 2028 &rarr; <strong>2046</strong><br />(+18 for winning)\n", "inputlog": ">version a8376a258c1d4662feba110a92103f3664a72141\n>start {\"formatid\":\"gen9randombattle\",\"seed\":\"sodium,392a018d95d80dde7050a9ebfe26f092\",\"rated\":\"Rated battle\"}\n>player p1 {\"name\":\"eheg\",\"avatar\":\"2\",\"rating\":1997,\"seed\":\"sodium,37d6a43510c76acddf706f78567e3358\"}\n>player p2 {\"name\":\"Goggyo\",\"avatar\":\"169\",\"rating\":2028,\"seed\":\"sodium,b6b34f8053e803ece1e9be35cd053852\"}\n>p1 move tailglow\n>p2 switch 3\n>p1 move energyball\n>p2 move rapidspin\n>p1 move energyball\n>p2 move dracometeor\n>p1 move energyball\n>p2 move dracometeor\n>p2 switch 3\n>p1 move surf\n>p2 move psyshock\n>p1 switch 2\n>p1 move shadowball\n>p2 switch 4\n>p1 move nastyplot\n>p2 move earthquake\n>p1 move focusblast\n>p2 switch 6\n>p1 switch 5\n>p2 move knockoff\n>p1 move muddywater\n>p2 move uturn\n>p2 switch 6\n>p1 move toxic\n>p2 move curse\n>p1 move thunderbolt\n>p2 move earthquake\n>p1 move thunderbolt\n>p2 move earthquake\n>p2 switch 6\n>p1 move slackoff\n>p2 move knockoff\n>p1 switch 6\n>p1 move thunderbolt\n>p2 move heatwave\n>p1 move icebeam\n>p2 move uturn\n>p2 switch 5\n>p1 switch 3\n>p2 move ironhead\n>p1 move pyroball\n>p2 switch 5\n>p1 switch 4\n>p2 move uturn\n>p2 switch 5\n>p1 switch 4\n>p2 move earthquake\n>p1 move uturn\n>p2 switch 4\n>p1 switch 5\n>p1 move shadowball\n>p2 move psyshock\n>p1 switch 5\n>p2 switch 4\n>p1 move pyroball\n>p2 move earthquake\n>p1 switch 3\n>p1 move thunderbolt\n>p2 move hypnosis\n>p1 move rest\n>p2 move ironhead\n>p1 move sleeptalk\n>p2 move ironhead\n>p1 switch 4\n>p1 move calmmind terastallize\n>p2 move hypnosis\n>p1 move wish\n>p2 move earthquake\n>p1 move wish\n>p2 move earthquake", "uploadtime": 1781381439, "views": 11, "formatid": "gen9randombattle", "rating": 1979, "private": 0, "password": null}