{"id": "gen9randombattle-2631421955", "format": "[Gen 9] Random Battle", "players": ["Salazzle Dazzle 1", "MasterSlash001"], "log": "|j|\u2606Salazzle Dazzle 1\n|j|\u2606MasterSlash001\n|t:|1781382690\n|gametype|singles\n|player|p1|Salazzle Dazzle 1|lenora|1934\n|player|p2|MasterSlash001|volkner|2025\n|gen|9\n|tier|[Gen 9] Random Battle\n|rated|\n|rule|Species Clause: Limit one of each Pok\u00e9mon\n|rule|HP Percentage Mod: HP is shown in percentages\n|rule|Sleep Clause Mod: Limit one foe put to sleep\n|rule|Illusion Level Mod: Illusion disguises the Pok\u00e9mon's true level\n|\n|t:|1781382690\n|teamsize|p1|6\n|teamsize|p2|6\n|start\n|switch|p1a: Tinkaton|Tinkaton, L82, F|274/274\n|switch|p2a: Slaking|Slaking, L84, F|389/389\n|-ability|p1a: Tinkaton|Mold Breaker\n|turn|1\n|\n|t:|1781382698\n|move|p1a: Tinkaton|Protect|p1a: Tinkaton\n|-singleturn|p1a: Tinkaton|Protect\n|move|p2a: Slaking|Earthquake|p1a: Tinkaton\n|-activate|p1a: Tinkaton|move: Protect\n|\n|upkeep\n|turn|2\n|inactive|Battle timer is ON: inactive players will automatically lose when time's up. (requested by MasterSlash001)\n|\n|t:|1781382706\n|switch|p2a: Shaymin|Shaymin, L82|298/298\n|move|p1a: Tinkaton|Swords Dance|p1a: Tinkaton\n|-boost|p1a: Tinkaton|atk|2\n|\n|upkeep\n|turn|3\n|\n|t:|1781382713\n|move|p2a: Shaymin|Earth Power|p1a: Tinkaton\n|-supereffective|p1a: Tinkaton\n|-damage|p1a: Tinkaton|164/274\n|move|p1a: Tinkaton|Gigaton Hammer|p2a: Shaymin\n|-damage|p2a: Shaymin|33/298\n|\n|-heal|p2a: Shaymin|51/298|[from] item: Leftovers\n|-heal|p1a: Tinkaton|181/274|[from] item: Leftovers\n|upkeep\n|turn|4\n|\n|t:|1781382722\n|move|p2a: Shaymin|Earth Power|p1a: Tinkaton\n|-supereffective|p1a: Tinkaton\n|-damage|p1a: Tinkaton|71/274\n|move|p1a: Tinkaton|Play Rough|p2a: Shaymin\n|-damage|p2a: Shaymin|0 fnt\n|faint|p2a: Shaymin\n|\n|-heal|p1a: Tinkaton|88/274|[from] item: Leftovers\n|upkeep\n|\n|t:|1781382736\n|switch|p2a: Mimikyu|Mimikyu, L79, F|216/216\n|turn|5\n|\n|t:|1781382740\n|move|p1a: Tinkaton|Gigaton Hammer|p2a: Mimikyu\n|-supereffective|p2a: Mimikyu\n|-damage|p2a: Mimikyu|0 fnt\n|faint|p2a: Mimikyu\n|\n|-heal|p1a: Tinkaton|105/274|[from] item: Leftovers\n|upkeep\n|\n|t:|1781382747\n|switch|p2a: Iron Boulder|Iron Boulder, L77|265/265\n|-enditem|p2a: Iron Boulder|Booster Energy\n|-activate|p2a: Iron Boulder|ability: Quark Drive|[fromitem]\n|-start|p2a: Iron Boulder|quarkdrivespe\n|turn|6\n|\n|t:|1781382753\n|move|p2a: Iron Boulder|Swords Dance|p2a: Iron Boulder\n|-boost|p2a: Iron Boulder|atk|2\n|move|p1a: Tinkaton|Play Rough|p2a: Iron Boulder\n|-damage|p2a: Iron Boulder|90/265\n|\n|-heal|p1a: Tinkaton|122/274|[from] item: Leftovers\n|upkeep\n|turn|7\n|\n|t:|1781382762\n|move|p2a: Iron Boulder|Close Combat|p1a: Tinkaton\n|-damage|p1a: Tinkaton|0 fnt\n|-unboost|p2a: Iron Boulder|def|1\n|-unboost|p2a: Iron Boulder|spd|1\n|faint|p1a: Tinkaton\n|\n|upkeep\n|\n|t:|1781382781\n|switch|p1a: Porygon2|Porygon2, L81|270/270\n|-ability|p1a: Porygon2|Download|boost\n|-boost|p1a: Porygon2|atk|1\n|turn|8\n|\n|t:|1781382789\n|-terastallize|p1a: Porygon2|Fighting\n|move|p2a: Iron Boulder|Mighty Cleave|p1a: Porygon2\n|-resisted|p1a: Porygon2\n|-crit|p1a: Porygon2\n|-damage|p1a: Porygon2|160/270\n|move|p1a: Porygon2|Shadow Ball|p2a: Iron Boulder\n|-supereffective|p2a: Iron Boulder\n|-damage|p2a: Iron Boulder|0 fnt\n|faint|p2a: Iron Boulder\n|-end|p2a: Iron Boulder|Quark Drive|[silent]\n|\n|upkeep\n|\n|t:|1781382799\n|switch|p2a: Slaking|Slaking, L84, F|389/389\n|turn|9\n|\n|t:|1781382810\n|switch|p1a: Coalossal|Coalossal, L89, M|341/341\n|move|p2a: Slaking|Double-Edge|p1a: Coalossal\n|-resisted|p1a: Coalossal\n|-damage|p1a: Coalossal|270/341\n|-status|p2a: Slaking|brn|[from] ability: Flame Body|[of] p1a: Coalossal\n|-damage|p2a: Slaking|366/389 brn|[from] Recoil\n|\n|-damage|p2a: Slaking|342/389 brn|[from] brn\n|upkeep\n|turn|10\n|-message|MasterSlash001 forfeited.\n|\n|win|Salazzle Dazzle 1\n", "inputlog": ">version a8376a258c1d4662feba110a92103f3664a72141\n>start {\"formatid\":\"gen9randombattle\",\"seed\":\"sodium,2f3c0f980d830bdba6c74a68ec30db7e\",\"rated\":\"Rated battle\"}\n>player p1 {\"name\":\"Salazzle Dazzle 1\",\"avatar\":\"lenora\",\"rating\":1934,\"seed\":\"sodium,f0fe0fda27e2cefc7186f758781507c8\"}\n>player p2 {\"name\":\"MasterSlash001\",\"avatar\":\"volkner\",\"rating\":2025,\"seed\":\"sodium,167df01a2eed40e3e6e8a956489c83c0\"}\n>p1 move protect\n>p2 move earthquake\n>p1 move swordsdance\n>p2 switch 5\n>p1 move gigatonhammer\n>p2 move earthpower\n>p1 move playrough\n>p2 move earthpower\n>p2 switch 4\n>p1 move gigatonhammer\n>p2 move swordsdance\n>p2 switch 6\n>p1 move playrough\n>p2 move swordsdance\n>p1 move playrough\n>p2 move closecombat\n>p1 switch 6\n>p1 move shadowball terastallize\n>p2 move mightycleave\n>p2 switch 5\n>p1 switch 4\n>p2 move doubleedge\n>forcelose p2", "uploadtime": 1781382692, "views": 13, "formatid": "gen9randombattle", "rating": null, "private": 0, "password": null}