{"id": "gen9randombattle-2631746803", "format": "[Gen 9] Random Battle", "players": ["PotatoeOfLife", "Third Mo0n"], "log": "|j|\u2606PotatoeOfLife\n|j|\u2606Third Mo0n\n|t:|1781432984\n|gametype|singles\n|player|p1|PotatoeOfLife|pokemonbreeder-gen4|1942\n|player|p2|Third Mo0n|plasmagrunt|1953\n|gen|9\n|tier|[Gen 9] Random Battle\n|rated|\n|rule|Species Clause: Limit one of each Pok\u00e9mon\n|rule|HP Percentage Mod: HP is shown in percentages\n|rule|Sleep Clause Mod: Limit one foe put to sleep\n|rule|Illusion Level Mod: Illusion disguises the Pok\u00e9mon's true level\n|\n|t:|1781432984\n|teamsize|p1|6\n|teamsize|p2|6\n|start\n|switch|p1a: Electivire|Electivire, L84, M|263/263\n|switch|p2a: Registeel|Registeel, L81|262/262\n|turn|1\n|inactive|Battle timer is ON: inactive players will automatically lose when time's up. (requested by Third Mo0n)\n|\n|t:|1781432991\n|move|p1a: Electivire|Bulk Up|p1a: Electivire\n|-boost|p1a: Electivire|atk|1\n|-boost|p1a: Electivire|def|1\n|move|p2a: Registeel|Iron Defense|p2a: Registeel\n|-boost|p2a: Registeel|def|2\n|\n|upkeep\n|turn|2\n|\n|t:|1781433003\n|move|p1a: Electivire|Earthquake|p2a: Registeel\n|-supereffective|p2a: Registeel\n|-damage|p2a: Registeel|153/262\n|-damage|p1a: Electivire|237/263|[from] item: Life Orb\n|move|p2a: Registeel|Iron Defense|p2a: Registeel\n|-boost|p2a: Registeel|def|2\n|\n|upkeep\n|turn|3\n|\n|t:|1781433012\n|move|p1a: Electivire|Bulk Up|p1a: Electivire\n|-boost|p1a: Electivire|atk|1\n|-boost|p1a: Electivire|def|1\n|move|p2a: Registeel|Iron Defense|p2a: Registeel\n|-boost|p2a: Registeel|def|2\n|\n|upkeep\n|turn|4\n|\n|t:|1781433018\n|move|p1a: Electivire|Earthquake|p2a: Registeel\n|-supereffective|p2a: Registeel\n|-damage|p2a: Registeel|83/262\n|-damage|p1a: Electivire|211/263|[from] item: Life Orb\n|move|p2a: Registeel|Body Press|p1a: Electivire\n|-crit|p1a: Electivire\n|-damage|p1a: Electivire|0 fnt\n|faint|p1a: Electivire\n|\n|upkeep\n|\n|t:|1781433030\n|switch|p1a: Slither Wing|Slither Wing, L81|270/270\n|turn|5\n|\n|t:|1781433034\n|move|p1a: Slither Wing|Close Combat|p2a: Registeel\n|-supereffective|p2a: Registeel\n|-damage|p2a: Registeel|27/262\n|-unboost|p1a: Slither Wing|def|1\n|-unboost|p1a: Slither Wing|spd|1\n|move|p2a: Registeel|Rest|p2a: Registeel\n|-status|p2a: Registeel|slp|[from] move: Rest\n|-heal|p2a: Registeel|262/262 slp|[silent]\n|-enditem|p2a: Registeel|Chesto Berry|[eat]\n|-curestatus|p2a: Registeel|slp|[msg]\n|\n|upkeep\n|turn|6\n|\n|t:|1781433045\n|move|p1a: Slither Wing|Will-O-Wisp|p2a: Registeel\n|-status|p2a: Registeel|brn\n|move|p2a: Registeel|Body Press|p1a: Slither Wing\n|-resisted|p1a: Slither Wing\n|-damage|p1a: Slither Wing|134/270\n|\n|-damage|p2a: Registeel|246/262 brn|[from] brn\n|upkeep\n|turn|7\n|\n|t:|1781433053\n|move|p1a: Slither Wing|Morning Sun|p1a: Slither Wing\n|-heal|p1a: Slither Wing|269/270\n|move|p2a: Registeel|Body Press|p1a: Slither Wing\n|-resisted|p1a: Slither Wing\n|-crit|p1a: Slither Wing\n|-damage|p1a: Slither Wing|87/270\n|\n|-damage|p2a: Registeel|230/262 brn|[from] brn\n|upkeep\n|turn|8\n|\n|t:|1781433061\n|move|p1a: Slither Wing|U-turn|p2a: Registeel\n|-resisted|p2a: Registeel\n|-damage|p2a: Registeel|222/262 brn\n|\n|t:|1781433077\n|-end|p1a: Slither Wing|Protosynthesis|[silent]\n|switch|p1a: Barraskewda|Barraskewda, L81, F|231/231|[from] U-turn\n|move|p2a: Registeel|Body Press|p1a: Barraskewda\n|-damage|p1a: Barraskewda|29/231\n|\n|-damage|p2a: Registeel|206/262 brn|[from] brn\n|upkeep\n|turn|9\n|\n|t:|1781433085\n|move|p1a: Barraskewda|Close Combat|p2a: Registeel\n|-supereffective|p2a: Registeel\n|-damage|p2a: Registeel|154/262 brn\n|-unboost|p1a: Barraskewda|def|1\n|-unboost|p1a: Barraskewda|spd|1\n|move|p2a: Registeel|Rest|p2a: Registeel\n|-status|p2a: Registeel|slp|[from] move: Rest\n|-heal|p2a: Registeel|262/262 slp|[silent]\n|\n|upkeep\n|turn|10\n|\n|t:|1781433094\n|switch|p1a: Slither Wing|Slither Wing, L81|87/270\n|cant|p2a: Registeel|slp\n|\n|upkeep\n|turn|11\n|\n|t:|1781433098\n|move|p1a: Slither Wing|Morning Sun|p1a: Slither Wing\n|-heal|p1a: Slither Wing|222/270\n|cant|p2a: Registeel|slp\n|\n|upkeep\n|turn|12\n|\n|t:|1781433106\n|move|p1a: Slither Wing|Close Combat|p2a: Registeel\n|-supereffective|p2a: Registeel\n|-damage|p2a: Registeel|208/262 slp\n|-unboost|p1a: Slither Wing|def|1\n|-unboost|p1a: Slither Wing|spd|1\n|-curestatus|p2a: Registeel|slp|[msg]\n|move|p2a: Registeel|Body Press|p1a: Slither Wing\n|-resisted|p1a: Slither Wing\n|-damage|p1a: Slither Wing|0 fnt\n|faint|p1a: Slither Wing\n|-end|p1a: Slither Wing|Protosynthesis|[silent]\n|\n|upkeep\n|\n|t:|1781433109\n|switch|p1a: Malamar|Malamar, L82, F|275/275\n|turn|13\n|\n|t:|1781433118\n|move|p1a: Malamar|Superpower|p2a: Registeel\n|-supereffective|p2a: Registeel\n|-damage|p2a: Registeel|180/262\n|-boost|p1a: Malamar|atk|1\n|-boost|p1a: Malamar|def|1\n|move|p2a: Registeel|Body Press|p1a: Malamar\n|-damage|p1a: Malamar|53/275\n|\n|-heal|p1a: Malamar|70/275|[from] item: Leftovers\n|upkeep\n|turn|14\n|\n|t:|1781433127\n|move|p1a: Malamar|Superpower|p2a: Registeel\n|-supereffective|p2a: Registeel\n|-damage|p2a: Registeel|138/262\n|-boost|p1a: Malamar|atk|1\n|-boost|p1a: Malamar|def|1\n|move|p2a: Registeel|Body Press|p1a: Malamar\n|-damage|p1a: Malamar|0 fnt\n|faint|p1a: Malamar\n|\n|upkeep\n|\n|t:|1781433131\n|switch|p1a: Barraskewda|Barraskewda, L81, F|29/231\n|turn|15\n|c|\u2606Third Mo0n|damn\n|c|\u2606Third Mo0n|is all of your guys melee\n|\n|t:|1781433139\n|move|p1a: Barraskewda|Waterfall|p2a: Registeel\n|-damage|p2a: Registeel|110/262\n|move|p2a: Registeel|Body Press|p1a: Barraskewda\n|-damage|p1a: Barraskewda|0 fnt\n|faint|p1a: Barraskewda\n|\n|upkeep\n|\n|t:|1781433147\n|switch|p1a: Wugtrio|Wugtrio, L91, F|212/212\n|turn|16\n|\n|t:|1781433152\n|move|p1a: Wugtrio|Liquidation|p2a: Registeel\n|-damage|p2a: Registeel|82/262\n|move|p2a: Registeel|Body Press|p1a: Wugtrio\n|-damage|p1a: Wugtrio|0 fnt\n|-ability|p1a: Wugtrio|Gooey\n|-fail|p2a: Registeel|unboost|[from] ability: Clear Body|[of] p2a: Registeel\n|faint|p1a: Wugtrio\n|\n|upkeep\n|\n|t:|1781433154\n|switch|p1a: Bisharp|Bisharp, L79, M|232/232\n|turn|17\n|c|\u2606PotatoeOfLife|indeed\n|\n|t:|1781433162\n|move|p1a: Bisharp|Iron Head|p2a: Registeel\n|-resisted|p2a: Registeel\n|-damage|p2a: Registeel|74/262\n|move|p2a: Registeel|Rest|p2a: Registeel\n|-status|p2a: Registeel|slp|[from] move: Rest\n|-heal|p2a: Registeel|262/262 slp|[silent]\n|\n|upkeep\n|turn|18\n|c|\u2606PotatoeOfLife|bad luck, but still gg\n|c|\u2606Third Mo0n|you had something going\n|c|\u2606Third Mo0n|I hate burn\n|\n|t:|1781433181\n|move|p1a: Bisharp|Throat Chop|p2a: Registeel\n|-damage|p2a: Registeel|246/262 slp\n|-start|p2a: Registeel|Throat Chop|[silent]\n|cant|p2a: Registeel|slp\n|\n|upkeep\n|turn|19\n|\n|t:|1781433186\n|move|p1a: Bisharp|Throat Chop|p2a: Registeel\n|-damage|p2a: Registeel|228/262 slp\n|cant|p2a: Registeel|slp\n|\n|-end|p2a: Registeel|Throat Chop|[silent]\n|upkeep\n|turn|20\n|\n|t:|1781433191\n|-terastallize|p1a: Bisharp|Flying\n|move|p1a: Bisharp|Throat Chop|p2a: Registeel\n|-damage|p2a: Registeel|212/262 slp\n|-start|p2a: Registeel|Throat Chop|[silent]\n|-curestatus|p2a: Registeel|slp|[msg]\n|move|p2a: Registeel|Body Press|p1a: Bisharp\n|-resisted|p1a: Bisharp\n|-damage|p1a: Bisharp|140/232\n|\n|upkeep\n|turn|21\n|\n|t:|1781433200\n|move|p1a: Bisharp|Throat Chop|p2a: Registeel\n|-damage|p2a: Registeel|194/262\n|move|p2a: Registeel|Body Press|p1a: Bisharp\n|-resisted|p1a: Bisharp\n|-crit|p1a: Bisharp\n|-damage|p1a: Bisharp|0 fnt\n|faint|p1a: Bisharp\n|\n|win|Third Mo0n\n", "inputlog": ">version a8376a258c1d4662feba110a92103f3664a72141\n>start {\"formatid\":\"gen9randombattle\",\"seed\":\"sodium,c1f68f0220cf0f98aee06a1f0ec693e6\",\"rated\":\"Rated battle\"}\n>player p1 {\"name\":\"PotatoeOfLife\",\"avatar\":\"pokemonbreeder-gen4\",\"rating\":1942,\"seed\":\"sodium,811f812ad56d0852072af2c52bea4ffe\"}\n>player p2 {\"name\":\"Third Mo0n\",\"avatar\":\"plasmagrunt\",\"rating\":1953,\"seed\":\"sodium,0edf5abff36b6a0676758e08cba9b4dc\"}\n>p1 move bulkup\n>p2 move irondefense\n>p1 move earthquake\n>p2 move irondefense\n>p1 move bulkup\n>p2 move irondefense\n>p1 move earthquake\n>p2 move bodypress\n>p1 switch 4\n>p1 move closecombat\n>p2 move rest\n>p1 move willowisp\n>p2 move bodypress\n>p1 move morningsun\n>p2 move bodypress\n>p1 move uturn\n>p2 move bodypress\n>p1 switch 6\n>p1 move closecombat\n>p2 move rest\n>p1 switch 6\n>p2 move bodypress\n>p1 move morningsun\n>p2 move bodypress\n>p1 move closecombat\n>p2 move bodypress\n>p1 switch 3\n>p1 move superpower\n>p2 move bodypress\n>p1 move superpower\n>p2 move bodypress\n>p1 switch 6\n>chat \u2606Third Mo0n|damn\n>chat \u2606Third Mo0n|is all of your guys melee\n>p1 move waterfall\n>p2 move bodypress\n>p1 switch 5\n>p1 move liquidation\n>p2 move bodypress\n>p1 switch 2\n>chat \u2606PotatoeOfLife|indeed\n>p1 move ironhead\n>p2 move rest\n>chat \u2606PotatoeOfLife|bad luck, but still gg\n>chat \u2606Third Mo0n|you had something going\n>chat \u2606Third Mo0n|I hate burn\n>p1 move throatchop\n>p2 move bodypress\n>p1 move throatchop\n>p2 move bodypress\n>p1 move throatchop terastallize\n>p2 move bodypress\n>p1 move throatchop\n>p2 move bodypress", "uploadtime": 1781432986, "views": 5, "formatid": "gen9randombattle", "rating": null, "private": 0, "password": null}