{"id": "gen9randombattle-2631593575", "format": "[Gen 9] Random Battle", "players": ["grass1234567", "NidKrosis"], "log": "|j|\u2606grass1234567\n|j|\u2606NidKrosis\n|t:|1781405950\n|gametype|singles\n|player|p1|grass1234567|pokemaniac|1945\n|player|p2|NidKrosis|karen|1989\n|gen|9\n|tier|[Gen 9] Random Battle\n|rated|\n|rule|Species Clause: Limit one of each Pok\u00e9mon\n|rule|HP Percentage Mod: HP is shown in percentages\n|rule|Sleep Clause Mod: Limit one foe put to sleep\n|rule|Illusion Level Mod: Illusion disguises the Pok\u00e9mon's true level\n|\n|t:|1781405950\n|teamsize|p1|6\n|teamsize|p2|6\n|start\n|switch|p1a: Granbull|Granbull, L88, F|302/302\n|switch|p2a: Dragonite|Dragonite, L74, F|257/257\n|-ability|p1a: Granbull|Intimidate|boost\n|-unboost|p2a: Dragonite|atk|1\n|turn|1\n|inactive|Battle timer is ON: inactive players will automatically lose when time's up. (requested by NidKrosis)\n|\n|t:|1781405964\n|switch|p2a: Rotom|Rotom, L88|231/231\n|move|p1a: Granbull|Thunder Wave|p2a: Rotom\n|-immune|p2a: Rotom\n|\n|upkeep\n|turn|2\n|\n|t:|1781405985\n|switch|p1a: Iron Moth|Iron Moth, L78|253/253\n|move|p2a: Rotom|Trick|p1a: Iron Moth\n|-activate|p2a: Rotom|move: Trick|[of] p1a: Iron Moth\n|-item|p1a: Iron Moth|Choice Scarf|[from] move: Trick\n|-item|p2a: Rotom|Heavy-Duty Boots|[from] move: Trick\n|\n|upkeep\n|turn|3\n|\n|t:|1781406001\n|-end|p1a: Iron Moth|Quark Drive|[silent]\n|switch|p1a: Morpeko|Morpeko, L88, M|245/245\n|move|p2a: Rotom|Volt Switch|p1a: Morpeko\n|-resisted|p1a: Morpeko\n|-damage|p1a: Morpeko|190/245\n|\n|t:|1781406015\n|switch|p2a: Gumshoos|Gumshoos, L95, F|321/321|[from] Volt Switch\n|\n|-heal|p1a: Morpeko|205/245|[from] item: Leftovers\n|-formechange|p1a: Morpeko|Morpeko-Hangry||[from] ability: Hunger Switch\n|upkeep\n|turn|4\n|\n|t:|1781406023\n|move|p1a: Morpeko|Protect|p1a: Morpeko\n|-singleturn|p1a: Morpeko|Protect\n|move|p2a: Gumshoos|Double-Edge|p1a: Morpeko\n|-activate|p1a: Morpeko|move: Protect\n|\n|-heal|p1a: Morpeko|220/245|[from] item: Leftovers\n|-formechange|p1a: Morpeko|Morpeko||[from] ability: Hunger Switch\n|upkeep\n|turn|5\n|\n|t:|1781406048\n|switch|p1a: Granbull|Granbull, L88, F|302/302\n|-ability|p1a: Granbull|Intimidate|boost\n|-unboost|p2a: Gumshoos|atk|1\n|move|p2a: Gumshoos|Double-Edge|p1a: Granbull\n|-damage|p1a: Granbull|22/302\n|-damage|p2a: Gumshoos|229/321|[from] Recoil\n|\n|-heal|p1a: Granbull|40/302|[from] item: Leftovers\n|upkeep\n|turn|6\n|\n|t:|1781406057\n|switch|p1a: Greedent|Greedent, L86, M|347/347\n|move|p2a: Gumshoos|Double-Edge|p1a: Greedent\n|-damage|p1a: Greedent|141/347\n|-enditem|p1a: Greedent|Sitrus Berry|[eat]\n|-heal|p1a: Greedent|227/347|[from] item: Sitrus Berry\n|-heal|p1a: Greedent|342/347|[from] ability: Cheek Pouch\n|-damage|p2a: Gumshoos|161/321|[from] Recoil\n|\n|upkeep\n|turn|7\n|\n|t:|1781406068\n|switch|p2a: Rotom|Rotom, L88|231/231\n|-terastallize|p1a: Greedent|Ghost\n|move|p1a: Greedent|Swords Dance|p1a: Greedent\n|-boost|p1a: Greedent|atk|2\n|\n|upkeep\n|turn|8\n|\n|t:|1781406088\n|move|p2a: Rotom|Shadow Ball|p1a: Greedent\n|-supereffective|p1a: Greedent\n|-damage|p1a: Greedent|138/347\n|-unboost|p1a: Greedent|spd|1\n|move|p1a: Greedent|Knock Off|p2a: Rotom\n|-supereffective|p2a: Rotom\n|-damage|p2a: Rotom|0 fnt\n|-enditem|p2a: Rotom|Heavy-Duty Boots|[from] move: Knock Off|[of] p1a: Greedent\n|faint|p2a: Rotom\n|\n|upkeep\n|\n|t:|1781406103\n|switch|p2a: Kingambit|Kingambit, L74, M|270/270\n|-activate|p2a: Kingambit|ability: Supreme Overlord\n|-start|p2a: Kingambit|fallen1|[silent]\n|turn|9\n|\n|t:|1781406128\n|switch|p1a: Iron Moth|Iron Moth, L78|253/253\n|move|p2a: Kingambit|Kowtow Cleave|p1a: Iron Moth\n|-damage|p1a: Iron Moth|106/253\n|\n|upkeep\n|turn|10\n|inactive|grass1234567 has 120 seconds left.\n|\n|t:|1781406148\n|-end|p1a: Iron Moth|Quark Drive|[silent]\n|switch|p1a: Dachsbun|Dachsbun, L92, M|254/254\n|-end|p2a: Kingambit|fallen1|[silent]\n|switch|p2a: Cinderace|Cinderace, L77, M|249/249\n|\n|upkeep\n|turn|11\n|\n|t:|1781406157\n|move|p1a: Dachsbun|Protect|p1a: Dachsbun\n|-singleturn|p1a: Dachsbun|Protect\n|move|p2a: Cinderace|Pyro Ball|p1a: Dachsbun\n|-activate|p1a: Dachsbun|move: Protect\n|\n|upkeep\n|turn|12\n|\n|t:|1781406168\n|switch|p2a: Mesprit|Mesprit, L85|275/275\n|move|p1a: Dachsbun|Wish|p1a: Dachsbun\n|\n|upkeep\n|turn|13\n|inactive|grass1234567 has 120 seconds left.\n|\n|t:|1781406189\n|switch|p1a: Lokix|Lokix, L82, F|251/251\n|move|p2a: Mesprit|Stealth Rock|p1a: Lokix\n|-sidestart|p1: grass1234567|move: Stealth Rock\n|\n|upkeep\n|turn|14\n|inactive|grass1234567 has 120 seconds left.\n|\n|t:|1781406204\n|switch|p2a: Gumshoos|Gumshoos, L95, F|161/321\n|move|p1a: Lokix|Knock Off|p2a: Gumshoos\n|-damage|p2a: Gumshoos|5/321\n|-enditem|p2a: Gumshoos|Choice Band|[from] move: Knock Off|[of] p1a: Lokix\n|-damage|p1a: Lokix|226/251|[from] item: Life Orb\n|\n|upkeep\n|turn|15\n|\n|t:|1781406218\n|move|p1a: Lokix|Leech Life|p2a: Gumshoos\n|-damage|p2a: Gumshoos|0 fnt\n|-heal|p1a: Lokix|229/251|[from] drain|[of] p2a: Gumshoos\n|faint|p2a: Gumshoos\n|-damage|p1a: Lokix|204/251|[from] item: Life Orb\n|\n|upkeep\n|\n|t:|1781406231\n|switch|p2a: Kingambit|Kingambit, L74, M|270/270\n|-activate|p2a: Kingambit|ability: Supreme Overlord\n|-start|p2a: Kingambit|fallen2|[silent]\n|turn|16\n|inactive|grass1234567 has 120 seconds left.\n|\n|t:|1781406250\n|switch|p1a: Granbull|Granbull, L88, F|40/302\n|-damage|p1a: Granbull|3/302|[from] Stealth Rock\n|-ability|p1a: Granbull|Intimidate|boost\n|-unboost|p2a: Kingambit|atk|1\n|move|p2a: Kingambit|Swords Dance|p2a: Kingambit\n|-boost|p2a: Kingambit|atk|2\n|\n|-heal|p1a: Granbull|21/302|[from] item: Leftovers\n|upkeep\n|turn|17\n|inactive|grass1234567 has 120 seconds left.\n|\n|t:|1781406260\n|move|p2a: Kingambit|Sucker Punch||[still]\n|-fail|p2a: Kingambit\n|move|p1a: Granbull|Thunder Wave|p2a: Kingambit\n|-status|p2a: Kingambit|par\n|\n|-heal|p1a: Granbull|39/302|[from] item: Leftovers\n|upkeep\n|turn|18\n|\n|t:|1781406269\n|cant|p2a: Kingambit|par\n|move|p1a: Granbull|Roar|p2a: Kingambit\n|-end|p2a: Kingambit|fallen2|[silent]\n|drag|p2a: Cinderace|Cinderace, L77, M|249/249\n|\n|-heal|p1a: Granbull|57/302|[from] item: Leftovers\n|upkeep\n|turn|19\n|\n|t:|1781406276\n|switch|p1a: Dachsbun|Dachsbun, L92, M|254/254\n|-damage|p1a: Dachsbun|223/254|[from] Stealth Rock\n|move|p2a: Cinderace|U-turn|p1a: Dachsbun\n|-start|p2a: Cinderace|typechange|Bug|[from] ability: Libero\n|-resisted|p1a: Dachsbun\n|-damage|p1a: Dachsbun|199/254\n|\n|t:|1781406281\n|switch|p2a: Mesprit|Mesprit, L85|275/275|[from] U-turn\n|\n|-heal|p1a: Dachsbun|214/254|[from] item: Leftovers\n|upkeep\n|turn|20\n|\n|t:|1781406288\n|move|p1a: Dachsbun|Protect|p1a: Dachsbun\n|-singleturn|p1a: Dachsbun|Protect\n|move|p2a: Mesprit|Knock Off|p1a: Dachsbun\n|-activate|p1a: Dachsbun|move: Protect\n|\n|-heal|p1a: Dachsbun|229/254|[from] item: Leftovers\n|upkeep\n|turn|21\n|\n|t:|1781406310\n|move|p1a: Dachsbun|Wish|p1a: Dachsbun\n|move|p2a: Mesprit|Encore|p1a: Dachsbun\n|-start|p1a: Dachsbun|Encore\n|\n|-heal|p1a: Dachsbun|244/254|[from] item: Leftovers\n|upkeep\n|turn|22\n|\n|t:|1781406327\n|switch|p1a: Morpeko|Morpeko, L88, M|220/245\n|-damage|p1a: Morpeko|190/245|[from] Stealth Rock\n|move|p2a: Mesprit|Knock Off|p1a: Morpeko\n|-resisted|p1a: Morpeko\n|-damage|p1a: Morpeko|138/245\n|-enditem|p1a: Morpeko|Leftovers|[from] move: Knock Off|[of] p2a: Mesprit\n|\n|-heal|p1a: Morpeko|245/245|[from] move: Wish|[wisher] Dachsbun\n|-formechange|p1a: Morpeko|Morpeko-Hangry||[from] ability: Hunger Switch\n|upkeep\n|turn|23\n|\n|t:|1781406338\n|switch|p2a: Cinderace|Cinderace, L77, M|249/249\n|move|p1a: Morpeko|Rapid Spin|p2a: Cinderace\n|-damage|p2a: Cinderace|204/249\n|-boost|p1a: Morpeko|spe|1\n|-sideend|p1: grass1234567|Stealth Rock|[from] move: Rapid Spin|[of] p1a: Morpeko\n|\n|-formechange|p1a: Morpeko|Morpeko||[from] ability: Hunger Switch\n|upkeep\n|turn|24\n|l|\u2606NidKrosis\n|inactive|NidKrosis disconnected and has a minute to reconnect!\n|player|p2|\n|inactive|NidKrosis has 30 seconds to reconnect!\n|inactive|NidKrosis has 20 seconds to reconnect!\n|inactive|NidKrosis has 15 seconds to reconnect!\n|inactive|NidKrosis has 10 seconds to reconnect!\n|inactive|NidKrosis has 5 seconds to reconnect!\n|-message|NidKrosis lost due to inactivity.\n|\n|win|grass1234567\n", "uploadtime": 1781405952, "views": 3, "formatid": "gen9randombattle", "rating": null, "private": 0, "password": null}