{"id": "gen9randombattle-2631813432", "format": "[Gen 9] Random Battle", "players": ["ciubucvi67%", "metaltunder"], "log": "|j|\u2606ciubucvi67%\n|j|\u2606metaltunder\n|t:|1781443387\n|gametype|singles\n|player|p1|ciubucvi67%|mrfuji-gen3|2130\n|player|p2|metaltunder|palmer|2040\n|gen|9\n|tier|[Gen 9] Random Battle\n|rated|\n|rule|Species Clause: Limit one of each Pok\u00e9mon\n|rule|HP Percentage Mod: HP is shown in percentages\n|rule|Sleep Clause Mod: Limit one foe put to sleep\n|rule|Illusion Level Mod: Illusion disguises the Pok\u00e9mon's true level\n|\n|t:|1781443387\n|teamsize|p1|6\n|teamsize|p2|6\n|start\n|switch|p1a: Pincurchin|Pincurchin, F|258/258\n|switch|p2a: Volcanion|Volcanion, L79|255/255\n|-fieldstart|move: Electric Terrain|[from] ability: Electric Surge|[of] p1a: Pincurchin\n|turn|1\n|inactive|Battle timer is ON: inactive players will automatically lose when time's up. (requested by metaltunder)\n|\n|t:|1781443413\n|switch|p2a: Eternatus|Eternatus, L69|308/308\n|-ability|p2a: Eternatus|Pressure\n|move|p1a: Pincurchin|Toxic Spikes|p2a: Eternatus\n|-sidestart|p2: metaltunder|move: Toxic Spikes\n|\n|upkeep\n|turn|2\n|\n|t:|1781443421\n|switch|p1a: Chandelure|Chandelure, L83, F|235/235\n|move|p2a: Eternatus|Sludge Bomb|p1a: Chandelure\n|-resisted|p1a: Chandelure\n|-damage|p1a: Chandelure|191/235\n|-status|p1a: Chandelure|psn\n|\n|-damage|p1a: Chandelure|162/235 psn|[from] psn\n|upkeep\n|turn|3\n|\n|t:|1781443437\n|move|p2a: Eternatus|Sludge Bomb|p1a: Chandelure\n|-resisted|p1a: Chandelure\n|-damage|p1a: Chandelure|119/235 psn\n|move|p1a: Chandelure|Pain Split|p2a: Eternatus\n|-sethp|p2a: Eternatus|213/308|[from] move: Pain Split|[silent]\n|-sethp|p1a: Chandelure|213/235 psn|[from] move: Pain Split\n|\n|-damage|p1a: Chandelure|184/235 psn|[from] psn\n|upkeep\n|turn|4\n|\n|t:|1781443451\n|switch|p1a: Golurk|Golurk, L87|297/297\n|move|p2a: Eternatus|Dynamax Cannon|p1a: Golurk\n|-damage|p1a: Golurk|198/297\n|\n|upkeep\n|turn|5\n|\n|t:|1781443458\n|switch|p2a: Bombirdier|Bombirdier, L85, F|258/258\n|move|p1a: Golurk|Stealth Rock|p2a: Bombirdier\n|-sidestart|p2: metaltunder|move: Stealth Rock\n|\n|-fieldend|move: Electric Terrain\n|upkeep\n|turn|6\n|\n|t:|1781443466\n|move|p2a: Bombirdier|Stealth Rock|p1a: Golurk\n|-sidestart|p1: ciubucvi67%|move: Stealth Rock\n|move|p1a: Golurk|Dynamic Punch|p2a: Bombirdier\n|-damage|p2a: Bombirdier|135/258\n|-start|p2a: Bombirdier|confusion\n|-damage|p1a: Golurk|169/297|[from] item: Life Orb\n|\n|upkeep\n|turn|7\n|\n|t:|1781443470\n|-activate|p2a: Bombirdier|confusion\n|-damage|p2a: Bombirdier|101/258|[from] confusion\n|move|p1a: Golurk|Dynamic Punch|p2a: Bombirdier\n|-damage|p2a: Bombirdier|0 fnt\n|faint|p2a: Bombirdier\n|-damage|p1a: Golurk|140/297|[from] item: Life Orb\n|\n|upkeep\n|\n|t:|1781443475\n|switch|p2a: Muk|Muk-Alola, L82, F|306/306\n|-sideend|p2: metaltunder|move: Toxic Spikes|[of] p2a: Muk\n|-damage|p2a: Muk|268/306|[from] Stealth Rock\n|turn|8\n|\n|t:|1781443484\n|switch|p2a: Houndstone|Houndstone, L86, M|264/264\n|-damage|p2a: Houndstone|231/264|[from] Stealth Rock\n|move|p1a: Golurk|Dynamic Punch|p2a: Houndstone\n|-immune|p2a: Houndstone\n|\n|-heal|p2a: Houndstone|247/264|[from] item: Leftovers\n|upkeep\n|turn|9\n|\n|t:|1781443493\n|switch|p1a: Gumshoos|Gumshoos, L95, M|321/321\n|-damage|p1a: Gumshoos|281/321|[from] Stealth Rock\n|move|p2a: Houndstone|Poltergeist|p1a: Gumshoos\n|-immune|p1a: Gumshoos\n|\n|-heal|p2a: Houndstone|263/264|[from] item: Leftovers\n|upkeep\n|turn|10\n|\n|t:|1781443519\n|move|p2a: Houndstone|Body Press|p1a: Gumshoos\n|-supereffective|p1a: Gumshoos\n|-damage|p1a: Gumshoos|135/321\n|move|p1a: Gumshoos|Knock Off|p2a: Houndstone\n|-supereffective|p2a: Houndstone\n|-damage|p2a: Houndstone|130/264\n|-enditem|p2a: Houndstone|Leftovers|[from] move: Knock Off|[of] p1a: Gumshoos\n|\n|upkeep\n|turn|11\n|\n|t:|1781443523\n|move|p2a: Houndstone|Rest|p2a: Houndstone\n|-status|p2a: Houndstone|slp|[from] move: Rest\n|-heal|p2a: Houndstone|264/264 slp|[silent]\n|move|p1a: Gumshoos|Knock Off|p2a: Houndstone\n|-supereffective|p2a: Houndstone\n|-damage|p2a: Houndstone|176/264 slp\n|\n|upkeep\n|turn|12\n|\n|t:|1781443527\n|cant|p2a: Houndstone|slp\n|move|p2a: Houndstone|Sleep Talk|p2a: Houndstone\n|move|p2a: Houndstone|Poltergeist|p1a: Gumshoos|[from] move: Sleep Talk\n|-immune|p1a: Gumshoos\n|move|p1a: Gumshoos|Knock Off|p2a: Houndstone\n|-supereffective|p2a: Houndstone\n|-damage|p2a: Houndstone|90/264 slp\n|\n|upkeep\n|turn|13\n|\n|t:|1781443529\n|cant|p2a: Houndstone|slp\n|move|p2a: Houndstone|Sleep Talk|p2a: Houndstone\n|move|p2a: Houndstone|Rest||[from] move: Sleep Talk|[still]\n|-fail|p2a: Houndstone\n|move|p1a: Gumshoos|Knock Off|p2a: Houndstone\n|-supereffective|p2a: Houndstone\n|-damage|p2a: Houndstone|0 fnt\n|faint|p2a: Houndstone\n|\n|upkeep\n|\n|t:|1781443539\n|switch|p2a: Muk|Muk-Alola, L82, F|268/306\n|-damage|p2a: Muk|230/306|[from] Stealth Rock\n|turn|14\n|\n|t:|1781443548\n|move|p1a: Gumshoos|Knock Off|p2a: Muk\n|-resisted|p2a: Muk\n|-crit|p2a: Muk\n|-damage|p2a: Muk|110/306\n|-enditem|p2a: Muk|Assault Vest|[from] move: Knock Off|[of] p1a: Gumshoos\n|move|p2a: Muk|Drain Punch|p1a: Gumshoos\n|-supereffective|p1a: Gumshoos\n|-damage|p1a: Gumshoos|9/321\n|-heal|p2a: Muk|173/306|[from] drain|[of] p1a: Gumshoos\n|\n|upkeep\n|turn|15\n|\n|t:|1781443551\n|move|p1a: Gumshoos|Knock Off|p2a: Muk\n|-resisted|p2a: Muk\n|-damage|p2a: Muk|120/306\n|move|p2a: Muk|Drain Punch|p1a: Gumshoos\n|-supereffective|p1a: Gumshoos\n|-damage|p1a: Gumshoos|0 fnt\n|-heal|p2a: Muk|125/306|[from] drain|[of] p1a: Gumshoos\n|faint|p1a: Gumshoos\n|\n|upkeep\n|\n|t:|1781443559\n|switch|p1a: Golurk|Golurk, L87|140/297\n|-damage|p1a: Golurk|122/297|[from] Stealth Rock\n|turn|16\n|inactive|metaltunder has 120 seconds left.\n|inactive|metaltunder has 90 seconds left.\n|\n|t:|1781443619\n|move|p2a: Muk|Shadow Sneak|p1a: Golurk\n|-supereffective|p1a: Golurk\n|-damage|p1a: Golurk|62/297\n|move|p1a: Golurk|Earthquake|p2a: Muk\n|-supereffective|p2a: Muk\n|-damage|p2a: Muk|0 fnt\n|faint|p2a: Muk\n|-damage|p1a: Golurk|33/297|[from] item: Life Orb\n|\n|upkeep\n|inactive|metaltunder has 90 seconds left.\n|\n|t:|1781443626\n|switch|p2a: Eternatus|Eternatus, L69|213/308\n|-damage|p2a: Eternatus|175/308|[from] Stealth Rock\n|-ability|p2a: Eternatus|Pressure\n|turn|17\n|inactive|metaltunder has 90 seconds left.\n|\n|t:|1781443655\n|move|p2a: Eternatus|Dynamax Cannon|p1a: Golurk\n|-damage|p1a: Golurk|0 fnt\n|faint|p1a: Golurk\n|\n|upkeep\n|inactive|ciubucvi67% has 120 seconds left.\n|inactive|ciubucvi67% has 90 seconds left.\n|\n|t:|1781443717\n|switch|p1a: Reshiram|Reshiram, L76|277/277\n|-ability|p1a: Reshiram|Turboblaze\n|turn|18\n|\n|t:|1781443745\n|-terastallize|p1a: Reshiram|Fire\n|move|p2a: Eternatus|Sludge Bomb|p1a: Reshiram\n|-damage|p1a: Reshiram|204/277\n|move|p1a: Reshiram|Dragon Dance|p1a: Reshiram\n|-boost|p1a: Reshiram|atk|1\n|-boost|p1a: Reshiram|spe|1\n|\n|upkeep\n|turn|19\n|\n|t:|1781443757\n|move|p1a: Reshiram|Outrage|p2a: Eternatus\n|-supereffective|p2a: Eternatus\n|-damage|p2a: Eternatus|0 fnt\n|-damage|p1a: Reshiram|158/277|[from] item: Rocky Helmet|[of] p2a: Eternatus\n|faint|p2a: Eternatus\n|\n|upkeep\n|\n|t:|1781443761\n|switch|p2a: Farigiraf|Farigiraf, L90, F|362/362\n|-damage|p2a: Farigiraf|317/362|[from] Stealth Rock\n|turn|20\n|inactive|ciubucvi67% has 90 seconds left.\n|inactive|ciubucvi67% has 60 seconds left.\n|\n|t:|1781443826\n|move|p1a: Reshiram|Outrage|p2a: Farigiraf|[from] lockedmove\n|-damage|p2a: Farigiraf|112/362\n|-start|p1a: Reshiram|confusion|[fatigue]\n|move|p2a: Farigiraf|Psychic Noise|p1a: Reshiram\n|-damage|p1a: Reshiram|76/277\n|-start|p1a: Reshiram|move: Heal Block\n|\n|-heal|p2a: Farigiraf|134/362|[from] item: Leftovers\n|upkeep\n|turn|21\n|inactive|metaltunder has 90 seconds left.\n|\n|t:|1781443832\n|-activate|p1a: Reshiram|confusion\n|move|p1a: Reshiram|Flare Blitz|p2a: Farigiraf\n|-damage|p2a: Farigiraf|0 fnt\n|faint|p2a: Farigiraf\n|-damage|p1a: Reshiram|32/277|[from] Recoil\n|\n|-end|p1a: Reshiram|move: Heal Block\n|upkeep\n|\n|t:|1781443835\n|switch|p2a: Volcanion|Volcanion, L79|255/255\n|-damage|p2a: Volcanion|192/255|[from] Stealth Rock\n|turn|22\n|inactive|ciubucvi67% has 60 seconds left.\n|\n|t:|1781443848\n|-activate|p1a: Reshiram|confusion\n|move|p1a: Reshiram|Outrage|p2a: Volcanion\n|-damage|p2a: Volcanion|30/255\n|move|p2a: Volcanion|Steam Eruption|p1a: Reshiram\n|-supereffective|p1a: Reshiram\n|-damage|p1a: Reshiram|0 fnt\n|faint|p1a: Reshiram\n|\n|upkeep\n|-message|metaltunder forfeited.\n|\n|win|ciubucvi67%\n", "inputlog": ">version a8376a258c1d4662feba110a92103f3664a72141\n>start {\"formatid\":\"gen9randombattle\",\"seed\":\"sodium,86b1f4b31363e290791969dea6fae289\",\"rated\":\"Rated battle\"}\n>player p1 {\"name\":\"ciubucvi67%\",\"avatar\":\"mrfuji-gen3\",\"rating\":2130,\"seed\":\"sodium,e77b984122ca0f481a6271be606dea07\"}\n>player p2 {\"name\":\"metaltunder\",\"avatar\":\"palmer\",\"rating\":2040,\"seed\":\"sodium,edb302054925662c2a2636c3e7ba0360\"}\n>p1 move toxicspikes\n>p2 switch 6\n>p1 switch 2\n>p2 move sludgebomb\n>p1 move painsplit\n>p2 move sludgebomb\n>p1 switch 4\n>p2 move dynamaxcannon\n>p1 move stealthrock\n>p2 switch 4\n>p1 move dynamicpunch\n>p2 move stealthrock\n>p1 move dynamicpunch\n>p2 move knockoff\n>p2 switch 3\n>p1 move dynamicpunch\n>p2 switch 5\n>p1 switch 6\n>p2 move poltergeist\n>p1 move knockoff\n>p2 move bodypress\n>p1 move knockoff\n>p2 move rest\n>p1 move knockoff\n>p2 move sleeptalk\n>p1 move knockoff\n>p2 move sleeptalk\n>p2 switch 5\n>p1 move knockoff\n>p2 move drainpunch\n>p1 move knockoff\n>p2 move drainpunch\n>p1 switch 6\n>p1 move earthquake\n>p2 move shadowsneak\n>p2 switch 4\n>p1 move earthquake\n>p2 move dynamaxcannon\n>p1 switch 5\n>p1 move dragondance terastallize\n>p2 move sludgebomb\n>p1 move outrage\n>p2 move sludgebomb\n>p2 switch 2\n>p1 move outrage\n>p2 move psychicnoise\n>p1 move flareblitz\n>p2 move psychicnoise\n>p2 switch 6\n>p1 move outrage\n>p2 move steameruption\n>forcelose p2", "uploadtime": 1781443388, "views": 6, "formatid": "gen9randombattle", "rating": null, "private": 0, "password": null}