{"id": "gen9randombattle-2631782111", "format": "[Gen 9] Random Battle", "players": ["robinoche", "crimdawgx2"], "log": "|j|\u2606robinoche\n|j|\u203dcrimdawgx2\n|t:|1781438824\n|gametype|singles\n|player|p1|robinoche|nate|1487\n|player|p2|crimdawgx2|101|1529\n|gen|9\n|tier|[Gen 9] Random Battle\n|rated|\n|rule|Species Clause: Limit one of each Pok\u00e9mon\n|rule|HP Percentage Mod: HP is shown in percentages\n|rule|Sleep Clause Mod: Limit one foe put to sleep\n|rule|Illusion Level Mod: Illusion disguises the Pok\u00e9mon's true level\n|\n|t:|1781438824\n|teamsize|p1|6\n|teamsize|p2|6\n|start\n|switch|p1a: Sawsbuck|Sawsbuck, L88, M|284/284\n|switch|p2a: Dewgong|Dewgong, L94, F|322/322\n|turn|1\n|inactive|Battle timer is ON: inactive players will automatically lose when time's up. (requested by robinoche)\n|inactive|crimdawgx2 also wants the timer to be on.\n|\n|t:|1781438835\n|move|p1a: Sawsbuck|Swords Dance|p1a: Sawsbuck\n|-boost|p1a: Sawsbuck|atk|2\n|move|p2a: Dewgong|Triple Axel|p1a: Sawsbuck\n|-supereffective|p1a: Sawsbuck\n|-damage|p1a: Sawsbuck|236/284\n|-supereffective|p1a: Sawsbuck\n|-damage|p1a: Sawsbuck|138/284\n|-supereffective|p1a: Sawsbuck\n|-damage|p1a: Sawsbuck|4/284\n|-hitcount|p1a: Sawsbuck|3\n|\n|upkeep\n|turn|2\n|\n|t:|1781438858\n|-terastallize|p2a: Dewgong|Steel\n|move|p1a: Sawsbuck|Horn Leech|p2a: Dewgong\n|-resisted|p2a: Dewgong\n|-damage|p2a: Dewgong|217/322\n|-heal|p1a: Sawsbuck|57/284|[from] drain|[of] p2a: Dewgong\n|-damage|p1a: Sawsbuck|29/284|[from] item: Life Orb\n|move|p2a: Dewgong|Flip Turn|p1a: Sawsbuck\n|-resisted|p1a: Sawsbuck\n|-damage|p1a: Sawsbuck|0 fnt\n|faint|p1a: Sawsbuck\n|inactive|crimdawgx2 has 120 seconds left.\n|\n|t:|1781438890\n|switch|p2a: Slither Wing|Slither Wing, L81|270/270|[from] Flip Turn\n|\n|upkeep\n|\n|t:|1781438899\n|switch|p1a: Vivillon|Vivillon-Tundra, L83, F|268/268\n|turn|3\n|\n|t:|1781438919\n|-end|p2a: Slither Wing|Protosynthesis|[silent]\n|switch|p2a: Grimmsnarl|Grimmsnarl, L83, M|293/293\n|move|p1a: Vivillon|Sleep Powder|p2a: Grimmsnarl\n|-status|p2a: Grimmsnarl|slp|[from] move: Sleep Powder\n|\n|upkeep\n|turn|4\n|\n|t:|1781438930\n|switch|p2a: Dewgong|Dewgong, L94, F, tera:Steel|217/322\n|move|p1a: Vivillon|Quiver Dance|p1a: Vivillon\n|-boost|p1a: Vivillon|spa|1\n|-boost|p1a: Vivillon|spd|1\n|-boost|p1a: Vivillon|spe|1\n|\n|upkeep\n|turn|5\n|\n|t:|1781438943\n|-terastallize|p1a: Vivillon|Steel\n|move|p1a: Vivillon|Quiver Dance|p1a: Vivillon\n|-boost|p1a: Vivillon|spa|1\n|-boost|p1a: Vivillon|spd|1\n|-boost|p1a: Vivillon|spe|1\n|move|p2a: Dewgong|Encore|p1a: Vivillon\n|-start|p1a: Vivillon|Encore\n|\n|upkeep\n|turn|6\n|\n|t:|1781438954\n|move|p1a: Vivillon|Quiver Dance|p1a: Vivillon\n|-boost|p1a: Vivillon|spa|1\n|-boost|p1a: Vivillon|spd|1\n|-boost|p1a: Vivillon|spe|1\n|move|p2a: Dewgong|Flip Turn|p1a: Vivillon\n|-damage|p1a: Vivillon|169/268\n|\n|t:|1781438970\n|switch|p2a: Slither Wing|Slither Wing, L81|270/270|[from] Flip Turn\n|\n|upkeep\n|turn|7\n|\n|t:|1781438974\n|move|p1a: Vivillon|Quiver Dance|p1a: Vivillon\n|-boost|p1a: Vivillon|spa|1\n|-boost|p1a: Vivillon|spd|1\n|-boost|p1a: Vivillon|spe|1\n|move|p2a: Slither Wing|Close Combat|p1a: Vivillon\n|-supereffective|p1a: Vivillon\n|-damage|p1a: Vivillon|0 fnt\n|-unboost|p2a: Slither Wing|def|1\n|-unboost|p2a: Slither Wing|spd|1\n|faint|p1a: Vivillon\n|\n|upkeep\n|\n|t:|1781438984\n|switch|p1a: Florges|Florges-Orange, L85, F|271/271\n|turn|8\n|inactive|crimdawgx2 has 120 seconds left.\n|\n|t:|1781438996\n|move|p2a: Slither Wing|U-turn|p1a: Florges\n|-resisted|p1a: Florges\n|-crit|p1a: Florges\n|-damage|p1a: Florges|193/271\n|\n|t:|1781439004\n|-end|p2a: Slither Wing|Protosynthesis|[silent]\n|switch|p2a: Victreebel|Victreebel, L90, M|290/290|[from] U-turn\n|move|p1a: Florges|Calm Mind|p1a: Florges\n|-boost|p1a: Florges|spa|1\n|-boost|p1a: Florges|spd|1\n|\n|-heal|p1a: Florges|209/271|[from] item: Leftovers\n|upkeep\n|turn|9\n|inactive|crimdawgx2 has 120 seconds left.\n|\n|t:|1781439012\n|switch|p1a: Lucario|Lucario, L84, M|255/255\n|move|p2a: Victreebel|Poison Jab|p1a: Lucario\n|-immune|p1a: Lucario\n|\n|upkeep\n|turn|10\n|inactive|crimdawgx2 has 120 seconds left.\n|\n|t:|1781439024\n|switch|p2a: Grimmsnarl|Grimmsnarl, L83, M|293/293 slp\n|move|p1a: Lucario|Nasty Plot|p1a: Lucario\n|-boost|p1a: Lucario|spa|2\n|\n|upkeep\n|turn|11\n|\n|t:|1781439033\n|cant|p2a: Grimmsnarl|slp\n|move|p1a: Lucario|Nasty Plot|p1a: Lucario\n|-boost|p1a: Lucario|spa|2\n|\n|upkeep\n|turn|12\n|\n|t:|1781439038\n|cant|p2a: Grimmsnarl|slp\n|move|p1a: Lucario|Flash Cannon|p2a: Grimmsnarl\n|-supereffective|p2a: Grimmsnarl\n|-damage|p2a: Grimmsnarl|0 fnt\n|faint|p2a: Grimmsnarl\n|-damage|p1a: Lucario|230/255|[from] item: Life Orb\n|\n|upkeep\n|inactive|crimdawgx2 has 120 seconds left.\n|\n|t:|1781439055\n|switch|p2a: Slither Wing|Slither Wing, L81|270/270\n|turn|13\n|\n|t:|1781439064\n|move|p1a: Lucario|Flash Cannon|p2a: Slither Wing\n|-damage|p2a: Slither Wing|0 fnt\n|faint|p2a: Slither Wing\n|-end|p2a: Slither Wing|Protosynthesis|[silent]\n|-damage|p1a: Lucario|205/255|[from] item: Life Orb\n|\n|upkeep\n|inactive|crimdawgx2 has 120 seconds left.\n|\n|t:|1781439083\n|switch|p2a: Zamazenta|Zamazenta, L71|248/248\n|-ability|p2a: Zamazenta|Dauntless Shield|boost\n|-boost|p2a: Zamazenta|def|1\n|turn|14\n|inactive|crimdawgx2 has 120 seconds left.\n|\n|t:|1781439114\n|move|p2a: Zamazenta|Close Combat|p1a: Lucario\n|-supereffective|p1a: Lucario\n|-damage|p1a: Lucario|0 fnt\n|-unboost|p2a: Zamazenta|def|1\n|-unboost|p2a: Zamazenta|spd|1\n|faint|p1a: Lucario\n|\n|upkeep\n|\n|t:|1781439119\n|switch|p1a: Dragapult|Dragapult, L77, M|262/262\n|turn|15\n|inactive|crimdawgx2 has 90 seconds left.\n|\n|t:|1781439140\n|switch|p2a: Dewgong|Dewgong, L94, F, tera:Steel|217/322\n|move|p1a: Dragapult|Dragon Dance|p1a: Dragapult\n|-boost|p1a: Dragapult|atk|1\n|-boost|p1a: Dragapult|spe|1\n|\n|upkeep\n|turn|16\n|\n|t:|1781439144\n|move|p1a: Dragapult|Fire Blast|p2a: Dewgong\n|-supereffective|p2a: Dewgong\n|-damage|p2a: Dewgong|139/322\n|-damage|p1a: Dragapult|236/262|[from] item: Life Orb\n|move|p2a: Dewgong|Encore|p1a: Dragapult\n|-start|p1a: Dragapult|Encore\n|\n|upkeep\n|turn|17\n|\n|t:|1781439153\n|move|p1a: Dragapult|Fire Blast|p2a: Dewgong\n|-supereffective|p2a: Dewgong\n|-damage|p2a: Dewgong|69/322\n|-damage|p1a: Dragapult|210/262|[from] item: Life Orb\n|move|p2a: Dewgong|Triple Axel|p1a: Dragapult\n|-supereffective|p1a: Dragapult\n|-damage|p1a: Dragapult|160/262\n|-supereffective|p1a: Dragapult\n|-damage|p1a: Dragapult|52/262\n|-supereffective|p1a: Dragapult\n|-damage|p1a: Dragapult|0 fnt\n|faint|p1a: Dragapult\n|-hitcount|p1: Dragapult|3\n|\n|upkeep\n|\n|t:|1781439158\n|switch|p1a: Arcanine|Arcanine-Hisui, L79, M|279/279\n|turn|18\n|\n|t:|1781439173\n|move|p1a: Arcanine|Flare Blitz|p2a: Dewgong\n|-supereffective|p2a: Dewgong\n|-damage|p2a: Dewgong|0 fnt\n|faint|p2a: Dewgong\n|\n|upkeep\n|\n|t:|1781439191\n|switch|p2a: Zamazenta|Zamazenta, L71|248/248\n|turn|19\n|\n|t:|1781439194\n|move|p2a: Zamazenta|Iron Head|p1a: Arcanine\n|-damage|p1a: Arcanine|190/279\n|move|p1a: Arcanine|Flare Blitz|p2a: Zamazenta\n|-crit|p2a: Zamazenta\n|-damage|p2a: Zamazenta|0 fnt\n|faint|p2a: Zamazenta\n|\n|upkeep\n|\n|t:|1781439205\n|switch|p2a: Munkidori|Munkidori, L79, M|269/269\n|turn|20\n|\n|t:|1781439214\n|move|p2a: Munkidori|U-turn|p1a: Arcanine\n|-resisted|p1a: Arcanine\n|-damage|p1a: Arcanine|168/279\n|-status|p1a: Arcanine|tox|[from] ability: Toxic Chain|[of] p2a: Munkidori\n|\n|t:|1781439216\n|switch|p2a: Victreebel|Victreebel, L90, M|290/290|[from] U-turn\n|move|p1a: Arcanine|Flare Blitz|p2a: Victreebel\n|-supereffective|p2a: Victreebel\n|-damage|p2a: Victreebel|0 fnt\n|faint|p2a: Victreebel\n|\n|-damage|p1a: Arcanine|151/279 tox|[from] psn\n|upkeep\n|\n|t:|1781439218\n|switch|p2a: Munkidori|Munkidori, L79, M|269/269\n|turn|21\n|\n|t:|1781439226\n|move|p2a: Munkidori|Sludge Wave|p1a: Arcanine\n|-resisted|p1a: Arcanine\n|-crit|p1a: Arcanine\n|-damage|p1a: Arcanine|4/279 tox\n|move|p1a: Arcanine|Flare Blitz|p2a: Munkidori\n|-damage|p2a: Munkidori|31/269\n|\n|-damage|p1a: Arcanine|0 fnt|[from] psn\n|faint|p1a: Arcanine\n|upkeep\n|\n|t:|1781439229\n|switch|p1a: Florges|Florges-Orange, L85, F|209/271\n|turn|22\n|\n|t:|1781439232\n|move|p2a: Munkidori|Sludge Wave|p1a: Florges\n|-supereffective|p1a: Florges\n|-damage|p1a: Florges|0 fnt\n|faint|p1a: Florges\n|\n|win|crimdawgx2\n|raw|robinoche's rating: 1487 &rarr; <strong>1469</strong><br />(-18 for losing)\n|raw|crimdawgx2's rating: 1529 &rarr; <strong>1547</strong><br />(+18 for winning)\n", "inputlog": ">version a8376a258c1d4662feba110a92103f3664a72141\n>start {\"formatid\":\"gen9randombattle\",\"seed\":\"sodium,94510d96eb3b04bef85730efd490aa18\",\"rated\":\"Rated battle\"}\n>player p1 {\"name\":\"robinoche\",\"avatar\":\"nate\",\"rating\":1487,\"seed\":\"sodium,cd9a56f870270c0dd555d1b9ce1007d5\"}\n>player p2 {\"name\":\"crimdawgx2\",\"avatar\":\"101\",\"rating\":1529,\"seed\":\"sodium,d6deb866b25b2f5493a8eb0eedf637dd\"}\n>p1 move swordsdance\n>p2 move tripleaxel\n>p1 move hornleech\n>p2 move flipturn terastallize\n>p2 switch 5\n>p1 switch 5\n>p1 move sleeppowder\n>p2 switch 3\n>p1 move quiverdance\n>p2 switch 5\n>p1 move quiverdance terastallize\n>p2 move encore\n>p1 move quiverdance\n>p2 move flipturn\n>p2 switch 3\n>p1 move quiverdance\n>p2 move closecombat\n>p1 switch 2\n>p1 move calmmind\n>p2 move uturn\n>p2 switch 2\n>p1 switch 6\n>p2 move poisonjab\n>p1 move nastyplot\n>p2 switch 5\n>p1 move nastyplot\n>p2 move lightscreen\n>p1 move flashcannon\n>p2 move thunderwave\n>p2 switch 2\n>p1 move flashcannon\n>p2 move closecombat\n>p2 switch 4\n>p1 move flashcannon\n>p2 move closecombat\n>p1 switch 4\n>p1 move dragondance\n>p2 switch 3\n>p1 move fireblast\n>p2 move encore\n>p1 move fireblast\n>p2 move tripleaxel\n>p1 switch 3\n>p1 move flareblitz\n>p2 move surf\n>p2 switch 3\n>p1 move flareblitz\n>p2 move ironhead\n>p2 switch 6\n>p1 move flareblitz\n>p2 move uturn\n>p2 switch 5\n>p2 switch 5\n>p1 move flareblitz\n>p2 move sludgewave\n>p1 switch 6\n>p1 move moonblast\n>p2 move sludgewave", "uploadtime": 1781439235, "views": 3, "formatid": "gen9randombattle", "rating": 1469, "private": 0, "password": null}