{"id": "gen9randombattle-2631587483", "format": "[Gen 9] Random Battle", "players": ["nocomment3", "mayqueen nyannyan"], "log": "|j|\u2606nocomment3\n|j|\u2606mayqueen nyannyan\n|t:|1781405107\n|gametype|singles\n|player|p1|nocomment3|265|2264\n|player|p2|mayqueen nyannyan|169|2308\n|gen|9\n|tier|[Gen 9] Random Battle\n|rated|\n|rule|Species Clause: Limit one of each Pok\u00e9mon\n|rule|HP Percentage Mod: HP is shown in percentages\n|rule|Sleep Clause Mod: Limit one foe put to sleep\n|rule|Illusion Level Mod: Illusion disguises the Pok\u00e9mon's true level\n|\n|t:|1781405107\n|teamsize|p1|6\n|teamsize|p2|6\n|start\n|switch|p1a: Feraligatr|Feraligatr, L79, M|264/264\n|switch|p2a: Swalot|Swalot, L90, M|326/326\n|turn|1\n|\n|t:|1781405148\n|switch|p1a: Malamar|Malamar, L82, F|275/275\n|move|p2a: Swalot|Toxic|p1a: Malamar\n|-status|p1a: Malamar|tox\n|\n|-damage|p1a: Malamar|258/275 tox|[from] psn\n|upkeep\n|turn|2\n|\n|t:|1781405153\n|move|p2a: Swalot|Protect|p2a: Swalot\n|-singleturn|p2a: Swalot|Protect\n|move|p1a: Malamar|Superpower|p2a: Swalot\n|-activate|p2a: Swalot|move: Protect\n|\n|-damage|p1a: Malamar|224/275 tox|[from] psn\n|upkeep\n|turn|3\n|\n|t:|1781405157\n|switch|p2a: Uxie|Uxie, L83|260/260\n|move|p1a: Malamar|Knock Off|p2a: Uxie\n|-supereffective|p2a: Uxie\n|-damage|p2a: Uxie|116/260\n|-enditem|p2a: Uxie|Leftovers|[from] move: Knock Off|[of] p1a: Malamar\n|\n|-damage|p1a: Malamar|173/275 tox|[from] psn\n|upkeep\n|turn|4\n|\n|t:|1781405162\n|switch|p1a: Pawmot|Pawmot, L80, F|243/243\n|move|p2a: Uxie|Stealth Rock|p1a: Pawmot\n|-sidestart|p1: nocomment3|move: Stealth Rock\n|\n|upkeep\n|turn|5\n|\n|t:|1781405172\n|move|p1a: Pawmot|Double Shock|p2a: Uxie\n|-damage|p2a: Uxie|0 fnt\n|-start|p1a: Pawmot|typechange|???/Fighting|[from] move: Double Shock\n|faint|p2a: Uxie\n|-damage|p1a: Pawmot|219/243|[from] item: Life Orb\n|\n|upkeep\n|\n|t:|1781405180\n|switch|p2a: Dusknoir|Dusknoir, L89, M|225/225\n|-item|p1a: Pawmot|Life Orb|[from] ability: Frisk|[of] p2a: Dusknoir\n|turn|6\n|\n|t:|1781405191\n|switch|p1a: Malamar|Malamar, L82, F|173/275 tox\n|-damage|p1a: Malamar|139/275 tox|[from] Stealth Rock\n|move|p2a: Dusknoir|Poltergeist|p1a: Malamar\n|-activate|p1a: Malamar|move: Poltergeist|Chesto Berry\n|-damage|p1a: Malamar|0 fnt\n|faint|p1a: Malamar\n|\n|upkeep\n|\n|t:|1781405201\n|switch|p1a: Smeargle|Smeargle, L95, M|258/258\n|-damage|p1a: Smeargle|226/258|[from] Stealth Rock\n|turn|7\n|\n|t:|1781405207\n|switch|p2a: Mandibuzz|Mandibuzz, L85, F|326/326\n|move|p1a: Smeargle|Shell Smash|p1a: Smeargle\n|-unboost|p1a: Smeargle|def|1\n|-unboost|p1a: Smeargle|spd|1\n|-boost|p1a: Smeargle|atk|2\n|-boost|p1a: Smeargle|spa|2\n|-boost|p1a: Smeargle|spe|2\n|\n|upkeep\n|turn|8\n|\n|t:|1781405214\n|move|p1a: Smeargle|Population Bomb|p2a: Mandibuzz\n|-damage|p2a: Mandibuzz|298/326\n|-damage|p2a: Mandibuzz|268/326\n|-damage|p2a: Mandibuzz|240/326\n|-damage|p2a: Mandibuzz|209/326\n|-damage|p2a: Mandibuzz|179/326\n|-damage|p2a: Mandibuzz|152/326\n|-damage|p2a: Mandibuzz|125/326\n|-damage|p2a: Mandibuzz|95/326\n|-damage|p2a: Mandibuzz|67/326\n|-damage|p2a: Mandibuzz|40/326\n|-hitcount|p2a: Mandibuzz|10\n|move|p2a: Mandibuzz|Brave Bird|p1a: Smeargle\n|-damage|p1a: Smeargle|0 fnt\n|faint|p1a: Smeargle\n|-damage|p2a: Mandibuzz|0 fnt|[from] Recoil\n|faint|p2a: Mandibuzz\n|\n|upkeep\n|\n|t:|1781405233\n|switch|p1a: Sylveon|Sylveon, L85, M|300/300\n|switch|p2a: Swalot|Swalot, L90, M|326/326\n|-damage|p1a: Sylveon|263/300|[from] Stealth Rock\n|turn|9\n|\n|t:|1781405238\n|move|p1a: Sylveon|Hyper Voice|p2a: Swalot\n|-resisted|p2a: Swalot\n|-damage|p2a: Swalot|262/326\n|move|p2a: Swalot|Toxic|p1a: Sylveon\n|-status|p1a: Sylveon|tox\n|\n|-heal|p1a: Sylveon|281/300 tox|[from] item: Leftovers\n|-heal|p2a: Swalot|282/326|[from] item: Leftovers\n|-damage|p1a: Sylveon|263/300 tox|[from] psn\n|upkeep\n|turn|10\n|j| bomboa\n|\n|t:|1781405244\n|move|p1a: Sylveon|Hyper Voice|p2a: Swalot\n|-resisted|p2a: Swalot\n|-damage|p2a: Swalot|222/326\n|move|p2a: Swalot|Sludge Bomb|p1a: Sylveon\n|-supereffective|p1a: Sylveon\n|-damage|p1a: Sylveon|131/300 tox\n|\n|-heal|p1a: Sylveon|149/300 tox|[from] item: Leftovers\n|-heal|p2a: Swalot|242/326|[from] item: Leftovers\n|-damage|p1a: Sylveon|113/300 tox|[from] psn\n|upkeep\n|turn|11\n|\n|t:|1781405247\n|move|p2a: Swalot|Protect|p2a: Swalot\n|-singleturn|p2a: Swalot|Protect\n|move|p1a: Sylveon|Hyper Voice|p2a: Swalot\n|-activate|p2a: Swalot|move: Protect\n|\n|-heal|p1a: Sylveon|131/300 tox|[from] item: Leftovers\n|-heal|p2a: Swalot|262/326|[from] item: Leftovers\n|-damage|p1a: Sylveon|77/300 tox|[from] psn\n|upkeep\n|turn|12\n|\n|t:|1781405249\n|move|p1a: Sylveon|Hyper Voice|p2a: Swalot\n|-resisted|p2a: Swalot\n|-damage|p2a: Swalot|193/326\n|move|p2a: Swalot|Sludge Bomb|p1a: Sylveon\n|-supereffective|p1a: Sylveon\n|-damage|p1a: Sylveon|0 fnt\n|faint|p1a: Sylveon\n|\n|-heal|p2a: Swalot|213/326|[from] item: Leftovers\n|upkeep\n|\n|t:|1781405253\n|switch|p1a: Articuno|Articuno-Galar, L84|288/288\n|turn|13\n|l| bomboa\n|\n|t:|1781405261\n|switch|p2a: Dusknoir|Dusknoir, L89, M|225/225\n|-item|p1a: Articuno|Heavy-Duty Boots|[from] ability: Frisk|[of] p2a: Dusknoir\n|move|p1a: Articuno|Freezing Glare|p2a: Dusknoir\n|-damage|p2a: Dusknoir|144/225\n|\n|upkeep\n|turn|14\n|\n|t:|1781405266\n|move|p1a: Articuno|Freezing Glare|p2a: Dusknoir\n|-damage|p2a: Dusknoir|65/225\n|-status|p2a: Dusknoir|frz\n|cant|p2a: Dusknoir|frz\n|\n|upkeep\n|turn|15\n|\n|t:|1781405276\n|switch|p2a: Swalot|Swalot, L90, M|213/326\n|move|p1a: Articuno|Freezing Glare|p2a: Swalot\n|-supereffective|p2a: Swalot\n|-damage|p2a: Swalot|0 fnt\n|faint|p2a: Swalot\n|\n|upkeep\n|\n|t:|1781405279\n|switch|p2a: Okidogi|Okidogi, L77, M|262/262\n|turn|16\n|\n|t:|1781405282\n|-terastallize|p2a: Okidogi|Dark\n|move|p1a: Articuno|Hurricane|p2a: Okidogi\n|-damage|p2a: Okidogi|156/262\n|-start|p2a: Okidogi|confusion\n|-activate|p2a: Okidogi|confusion\n|move|p2a: Okidogi|Knock Off|p1a: Articuno\n|-supereffective|p1a: Articuno\n|-damage|p1a: Articuno|70/288\n|-enditem|p1a: Articuno|Heavy-Duty Boots|[from] move: Knock Off|[of] p2a: Okidogi\n|\n|upkeep\n|turn|17\n|\n|t:|1781405290\n|move|p1a: Articuno|Hurricane|p2a: Okidogi\n|-damage|p2a: Okidogi|60/262\n|-activate|p2a: Okidogi|confusion\n|-damage|p2a: Okidogi|32/262|[from] confusion\n|\n|upkeep\n|turn|18\n|\n|t:|1781405295\n|move|p1a: Articuno|Hurricane|p2a: Okidogi|[miss]\n|-miss|p1a: Articuno|p2a: Okidogi\n|-end|p2a: Okidogi|confusion\n|move|p2a: Okidogi|Knock Off|p1a: Articuno\n|-supereffective|p1a: Articuno\n|-damage|p1a: Articuno|0 fnt\n|faint|p1a: Articuno\n|\n|upkeep\n|\n|t:|1781405298\n|switch|p1a: Pawmot|Pawmot, L80, F|219/243\n|-damage|p1a: Pawmot|204/243|[from] Stealth Rock\n|turn|19\n|\n|t:|1781405300\n|move|p1a: Pawmot|Ice Punch|p2a: Okidogi\n|-damage|p2a: Okidogi|0 fnt\n|faint|p2a: Okidogi\n|-damage|p1a: Pawmot|180/243|[from] item: Life Orb\n|\n|upkeep\n|\n|t:|1781405303\n|switch|p2a: Dusknoir|Dusknoir, L89, M|65/225 frz\n|-item|p1a: Pawmot|Life Orb|[from] ability: Frisk|[of] p2a: Dusknoir\n|turn|20\n|\n|t:|1781405308\n|cant|p2a: Dusknoir|frz\n|move|p1a: Pawmot|Double Shock|p2a: Dusknoir\n|-damage|p2a: Dusknoir|0 fnt\n|-start|p1a: Pawmot|typechange|???/Fighting|[from] move: Double Shock\n|faint|p2a: Dusknoir\n|-damage|p1a: Pawmot|156/243|[from] item: Life Orb\n|\n|upkeep\n|-message|mayqueen nyannyan forfeited.\n|\n|win|nocomment3\n", "inputlog": ">version a8376a258c1d4662feba110a92103f3664a72141\n>start {\"formatid\":\"gen9randombattle\",\"seed\":\"sodium,c00e376136f6b06dda2aad961c8d9064\",\"rated\":\"Rated battle\"}\n>player p1 {\"name\":\"nocomment3\",\"avatar\":\"265\",\"rating\":2264,\"seed\":\"sodium,beb2cd70779f166e7ce05df46005dd2c\"}\n>player p2 {\"name\":\"mayqueen nyannyan\",\"avatar\":\"169\",\"rating\":2308,\"seed\":\"sodium,368c75527971b0a9405ffb93cf0ac5c5\"}\n>p1 switch 5\n>p2 move toxic\n>p1 move superpower\n>p2 move protect\n>p1 move knockoff\n>p2 switch 4\n>p1 switch 4\n>p2 move stealthrock\n>p1 move doubleshock\n>p2 move psychicnoise\n>p2 switch 2\n>p1 switch 4\n>p2 move poltergeist\n>p1 switch 3\n>p1 move shellsmash\n>p2 switch 6\n>p1 move populationbomb\n>p2 move bravebird\n>p1 switch 2\n>p2 switch 4\n>p1 move hypervoice\n>p2 move toxic\n>p1 move hypervoice\n>p2 move sludgebomb\n>p1 move hypervoice\n>p2 move protect\n>p1 move hypervoice\n>p2 move sludgebomb\n>p1 switch 6\n>p1 move freezingglare\n>p2 switch 6\n>p1 move freezingglare\n>p2 move poltergeist\n>p1 move freezingglare\n>p2 switch 6\n>p2 switch 3\n>p1 move hurricane\n>p2 move knockoff terastallize\n>p1 move hurricane\n>p2 move knockoff\n>p1 move hurricane\n>p2 move knockoff\n>p1 switch 4\n>p1 move icepunch\n>p2 move drainpunch\n>p2 switch 6\n>p1 move doubleshock\n>p2 move shadowsneak\n>forcelose p2", "uploadtime": 1781405108, "views": 4, "formatid": "gen9randombattle", "rating": null, "private": 0, "password": null}