{"id": "gen9randombattle-2631894411", "format": "[Gen 9] Random Battle", "players": ["cuerodeolancho", "SyxthSence"], "log": "|j|\u2606cuerodeolancho\n|j|\u2606SyxthSence\n|t:|1781452946\n|gametype|singles\n|player|p1|cuerodeolancho|janitor|2154\n|player|p2|SyxthSence|170|2143\n|gen|9\n|tier|[Gen 9] Random Battle\n|rated|\n|rule|Species Clause: Limit one of each Pok\u00e9mon\n|rule|HP Percentage Mod: HP is shown in percentages\n|rule|Sleep Clause Mod: Limit one foe put to sleep\n|rule|Illusion Level Mod: Illusion disguises the Pok\u00e9mon's true level\n|\n|t:|1781452946\n|teamsize|p1|6\n|teamsize|p2|6\n|start\n|switch|p1a: Grumpig|Grumpig, L92, F|297/297\n|switch|p2a: Granbull|Granbull, L88, M|302/302\n|-ability|p2a: Granbull|Intimidate|boost\n|-unboost|p1a: Grumpig|atk|1\n|turn|1\n|inactive|Battle timer is ON: inactive players will automatically lose when time's up. (requested by cuerodeolancho)\n|\n|t:|1781452973\n|move|p1a: Grumpig|Nasty Plot|p1a: Grumpig\n|-boost|p1a: Grumpig|spa|2\n|move|p2a: Granbull|Thunder Wave|p1a: Grumpig\n|-status|p1a: Grumpig|par\n|\n|upkeep\n|turn|2\n|\n|t:|1781452979\n|switch|p2a: Sableye|Sableye, L88, M|231/231\n|move|p1a: Grumpig|Psyshock|p2a: Sableye\n|-immune|p2a: Sableye\n|\n|upkeep\n|turn|3\n|\n|t:|1781452987\n|switch|p1a: Roaring Moon|Roaring Moon, L72|270/270\n|-enditem|p1a: Roaring Moon|Booster Energy\n|-activate|p1a: Roaring Moon|ability: Protosynthesis|[fromitem]\n|-start|p1a: Roaring Moon|protosynthesisatk\n|move|p2a: Sableye|Encore|p1a: Roaring Moon\n|-hint|Since gen 7, Dark is immune to Prankster moves.\n|-immune|p1a: Roaring Moon\n|\n|upkeep\n|turn|4\n|\n|t:|1781452991\n|switch|p2a: Granbull|Granbull, L88, M|302/302\n|-ability|p2a: Granbull|Intimidate|boost\n|-unboost|p1a: Roaring Moon|atk|1\n|move|p1a: Roaring Moon|Dragon Dance|p1a: Roaring Moon\n|-boost|p1a: Roaring Moon|atk|1\n|-boost|p1a: Roaring Moon|spe|1\n|\n|upkeep\n|turn|5\n|\n|t:|1781452996\n|-terastallize|p1a: Roaring Moon|Steel\n|move|p1a: Roaring Moon|Dragon Dance|p1a: Roaring Moon\n|-boost|p1a: Roaring Moon|atk|1\n|-boost|p1a: Roaring Moon|spe|1\n|move|p2a: Granbull|Roar|p1a: Roaring Moon\n|-end|p1a: Roaring Moon|Protosynthesis|[silent]\n|drag|p1a: Grumpig|Grumpig, L92, F|297/297 par\n|\n|upkeep\n|turn|6\n|c|\u2606cuerodeolancho|im ass\n|\n|t:|1781453005\n|switch|p2a: Mismagius|Mismagius, L86, M|243/243\n|move|p1a: Grumpig|Shadow Ball|p2a: Mismagius\n|-supereffective|p2a: Mismagius\n|-damage|p2a: Mismagius|131/243\n|\n|-heal|p2a: Mismagius|146/243|[from] item: Leftovers\n|upkeep\n|turn|7\n|\n|t:|1781453014\n|move|p2a: Mismagius|Shadow Ball|p1a: Grumpig\n|-supereffective|p1a: Grumpig\n|-damage|p1a: Grumpig|151/297 par\n|move|p1a: Grumpig|Shadow Ball|p2a: Mismagius\n|-supereffective|p2a: Mismagius\n|-damage|p2a: Mismagius|38/243\n|-unboost|p2a: Mismagius|spd|1\n|\n|-heal|p2a: Mismagius|53/243|[from] item: Leftovers\n|-heal|p1a: Grumpig|169/297 par|[from] item: Leftovers\n|upkeep\n|turn|8\n|\n|t:|1781453023\n|switch|p2a: Sableye|Sableye, L88, M|231/231\n|move|p1a: Grumpig|Shadow Ball|p2a: Sableye\n|-damage|p2a: Sableye|155/231\n|\n|-heal|p2a: Sableye|169/231|[from] item: Leftovers\n|-heal|p1a: Grumpig|187/297 par|[from] item: Leftovers\n|upkeep\n|turn|9\n|\n|t:|1781453026\n|move|p2a: Sableye|Knock Off|p1a: Grumpig\n|-supereffective|p1a: Grumpig\n|-damage|p1a: Grumpig|0 fnt\n|-enditem|p1a: Grumpig|Leftovers|[from] move: Knock Off|[of] p2a: Sableye\n|faint|p1a: Grumpig\n|\n|-heal|p2a: Sableye|183/231|[from] item: Leftovers\n|upkeep\n|\n|t:|1781453029\n|switch|p1a: Roaring Moon|Roaring Moon, L72, tera:Steel|270/270\n|turn|10\n|\n|t:|1781453032\n|-end|p1a: Roaring Moon|Protosynthesis|[silent]\n|switch|p1a: Meganium|Meganium, L90, M|290/290\n|move|p2a: Sableye|Will-O-Wisp|p1a: Meganium\n|-status|p1a: Meganium|brn\n|\n|-heal|p2a: Sableye|197/231|[from] item: Leftovers\n|-damage|p1a: Meganium|272/290 brn|[from] brn\n|upkeep\n|turn|11\n|\n|t:|1781453040\n|switch|p2a: Granbull|Granbull, L88, M|302/302\n|-ability|p2a: Granbull|Intimidate|boost\n|-unboost|p1a: Meganium|atk|1\n|move|p1a: Meganium|Energy Ball|p2a: Granbull\n|-damage|p2a: Granbull|181/302\n|\n|-heal|p1a: Meganium|290/290 brn|[from] item: Leftovers\n|-heal|p2a: Granbull|199/302|[from] item: Leftovers\n|-damage|p1a: Meganium|272/290 brn|[from] brn\n|upkeep\n|turn|12\n|\n|t:|1781453051\n|move|p1a: Meganium|Energy Ball|p2a: Granbull\n|-damage|p2a: Granbull|84/302\n|-unboost|p2a: Granbull|spd|1\n|move|p2a: Granbull|Play Rough|p1a: Meganium\n|-damage|p1a: Meganium|157/290 brn\n|\n|-heal|p1a: Meganium|175/290 brn|[from] item: Leftovers\n|-heal|p2a: Granbull|102/302|[from] item: Leftovers\n|-damage|p1a: Meganium|157/290 brn|[from] brn\n|upkeep\n|turn|13\n|\n|t:|1781453067\n|switch|p2a: Luxray|Luxray, L88, M|283/283\n|move|p1a: Meganium|Energy Ball|p2a: Luxray\n|-damage|p2a: Luxray|174/283\n|\n|-heal|p1a: Meganium|175/290 brn|[from] item: Leftovers\n|-damage|p1a: Meganium|157/290 brn|[from] brn\n|-status|p2a: Luxray|brn|[from] item: Flame Orb\n|upkeep\n|turn|14\n|inactive|cuerodeolancho has 120 seconds left.\n|\n|t:|1781453102\n|move|p1a: Meganium|Energy Ball|p2a: Luxray\n|-damage|p2a: Luxray|68/283 brn\n|move|p2a: Luxray|Facade|p1a: Meganium\n|-damage|p1a: Meganium|4/290 brn\n|\n|-heal|p1a: Meganium|22/290 brn|[from] item: Leftovers\n|-damage|p1a: Meganium|4/290 brn|[from] brn\n|-damage|p2a: Luxray|51/283 brn|[from] brn\n|upkeep\n|turn|15\n|\n|t:|1781453108\n|move|p1a: Meganium|Energy Ball|p2a: Luxray\n|-damage|p2a: Luxray|0 fnt\n|faint|p2a: Luxray\n|\n|-heal|p1a: Meganium|22/290 brn|[from] item: Leftovers\n|-damage|p1a: Meganium|4/290 brn|[from] brn\n|upkeep\n|\n|t:|1781453110\n|switch|p2a: Palafin|Palafin, L77, F|281/281\n|turn|16\n|\n|t:|1781453116\n|move|p2a: Palafin|Drain Punch|p1a: Meganium\n|-damage|p1a: Meganium|0 fnt\n|faint|p1a: Meganium\n|\n|upkeep\n|\n|t:|1781453126\n|switch|p1a: Gyarados|Gyarados, L79, F|280/280\n|-ability|p1a: Gyarados|Intimidate|boost\n|-unboost|p2a: Palafin|atk|1\n|turn|17\n|\n|t:|1781453134\n|detailschange|p2a: Palafin|Palafin-Hero, L77, F\n|switch|p2a: Granbull|Granbull, L88, M|102/302\n|-ability|p2a: Granbull|Intimidate|boost\n|-unboost|p1a: Gyarados|atk|1\n|move|p1a: Gyarados|Waterfall|p2a: Granbull\n|-damage|p2a: Granbull|38/302\n|\n|-heal|p2a: Granbull|56/302|[from] item: Leftovers\n|upkeep\n|turn|18\n|\n|t:|1781453141\n|switch|p2a: Sableye|Sableye, L88, M|197/231\n|move|p1a: Gyarados|Waterfall|p2a: Sableye\n|-damage|p2a: Sableye|130/231\n|\n|-heal|p2a: Sableye|144/231|[from] item: Leftovers\n|upkeep\n|turn|19\n|\n|t:|1781453143\n|move|p2a: Sableye|Will-O-Wisp|p1a: Gyarados\n|-status|p1a: Gyarados|brn\n|move|p1a: Gyarados|Waterfall|p2a: Sableye\n|-damage|p2a: Sableye|113/231\n|\n|-heal|p2a: Sableye|127/231|[from] item: Leftovers\n|-damage|p1a: Gyarados|263/280 brn|[from] brn\n|upkeep\n|turn|20\n|\n|t:|1781453146\n|move|p2a: Sableye|Recover|p2a: Sableye\n|-heal|p2a: Sableye|231/231\n|move|p1a: Gyarados|Waterfall|p2a: Sableye\n|-damage|p2a: Sableye|201/231\n|\n|-heal|p2a: Sableye|215/231|[from] item: Leftovers\n|-damage|p1a: Gyarados|246/280 brn|[from] brn\n|upkeep\n|turn|21\n|\n|t:|1781453151\n|switch|p2a: Palafin|Palafin-Hero, L77, F|281/281\n|-activate|p2a: Palafin|ability: Zero to Hero\n|move|p1a: Gyarados|Waterfall|p2a: Palafin\n|-resisted|p2a: Palafin\n|-damage|p2a: Palafin|266/281\n|\n|-heal|p2a: Palafin|281/281|[from] item: Leftovers\n|-damage|p1a: Gyarados|229/280 brn|[from] brn\n|upkeep\n|turn|22\n|\n|t:|1781453163\n|switch|p1a: Dudunsparce|Dudunsparce-Three-Segment, L83, M|343/343\n|move|p2a: Palafin|Bulk Up|p2a: Palafin\n|-boost|p2a: Palafin|atk|1\n|-boost|p2a: Palafin|def|1\n|\n|upkeep\n|turn|23\n|\n|t:|1781453168\n|switch|p2a: Sableye|Sableye, L88, M|215/231\n|move|p1a: Dudunsparce|Boomburst|p2a: Sableye\n|-immune|p2a: Sableye\n|\n|-heal|p2a: Sableye|229/231|[from] item: Leftovers\n|upkeep\n|turn|24\n|\n|t:|1781453175\n|switch|p1a: Gyarados|Gyarados, L79, F|229/280 brn\n|-ability|p1a: Gyarados|Intimidate|boost\n|-unboost|p2a: Sableye|atk|1\n|move|p2a: Sableye|Encore||[still]\n|-fail|p2a: Sableye\n|\n|-heal|p2a: Sableye|231/231|[from] item: Leftovers\n|-damage|p1a: Gyarados|212/280 brn|[from] brn\n|upkeep\n|turn|25\n|\n|t:|1781453181\n|switch|p2a: Palafin|Palafin-Hero, L77, F|281/281\n|move|p1a: Gyarados|Waterfall|p2a: Palafin\n|-resisted|p2a: Palafin\n|-damage|p2a: Palafin|257/281\n|\n|-heal|p2a: Palafin|274/281|[from] item: Leftovers\n|-damage|p1a: Gyarados|195/280 brn|[from] brn\n|upkeep\n|turn|26\n|\n|t:|1781453193\n|switch|p1a: Dudunsparce|Dudunsparce-Three-Segment, L83, M|343/343\n|move|p2a: Palafin|Bulk Up|p2a: Palafin\n|-boost|p2a: Palafin|atk|1\n|-boost|p2a: Palafin|def|1\n|\n|-heal|p2a: Palafin|281/281|[from] item: Leftovers\n|upkeep\n|turn|27\n|\n|t:|1781453197\n|move|p2a: Palafin|Drain Punch|p1a: Dudunsparce\n|-supereffective|p1a: Dudunsparce\n|-damage|p1a: Dudunsparce|107/343\n|move|p1a: Dudunsparce|Boomburst|p2a: Palafin\n|-damage|p2a: Palafin|148/281\n|\n|-heal|p2a: Palafin|165/281|[from] item: Leftovers\n|-heal|p1a: Dudunsparce|128/343|[from] item: Leftovers\n|upkeep\n|turn|28\n|\n|t:|1781453200\n|move|p2a: Palafin|Drain Punch|p1a: Dudunsparce\n|-supereffective|p1a: Dudunsparce\n|-damage|p1a: Dudunsparce|0 fnt\n|-heal|p2a: Palafin|229/281|[from] drain|[of] p1a: Dudunsparce\n|faint|p1a: Dudunsparce\n|\n|-heal|p2a: Palafin|246/281|[from] item: Leftovers\n|upkeep\n|-message|cuerodeolancho forfeited.\n|\n|win|SyxthSence\n", "inputlog": ">version a8376a258c1d4662feba110a92103f3664a72141\n>start {\"formatid\":\"gen9randombattle\",\"seed\":\"sodium,57dd6e4e9ef07af99cf793c3750c97bb\",\"rated\":\"Rated battle\"}\n>player p1 {\"name\":\"cuerodeolancho\",\"avatar\":\"janitor\",\"rating\":2154,\"seed\":\"sodium,162540fc1118ef7a8ea9b8c7f0050862\"}\n>player p2 {\"name\":\"SyxthSence\",\"avatar\":\"170\",\"rating\":2143,\"seed\":\"sodium,81961a3da8eb2af1157ac2da1aa56987\"}\n>p1 move nastyplot\n>p2 move thunderwave\n>p1 move psyshock\n>p2 switch 2\n>p1 switch 2\n>p2 move encore\n>p1 move dragondance\n>p2 switch 2\n>p1 move dragondance terastallize\n>p2 move roar\n>chat \u2606cuerodeolancho|im ass\n>p1 move shadowball\n>p2 switch 5\n>p1 move shadowball\n>p2 move shadowball\n>p1 move shadowball\n>p2 switch 2\n>p1 move shadowball\n>p2 move knockoff\n>p1 switch 2\n>p1 switch 5\n>p2 move willowisp\n>p1 move energyball\n>p2 switch 5\n>p1 move energyball\n>p2 move playrough\n>p1 move energyball\n>p2 switch 6\n>p1 move energyball\n>p2 move facade\n>p1 move energyball\n>p2 move trailblaze\n>p2 switch 3\n>p1 move energyball\n>p2 move drainpunch\n>p1 switch 3\n>p1 move waterfall\n>p2 switch 6\n>p1 move waterfall\n>p2 switch 5\n>p1 move waterfall\n>p2 move willowisp\n>p1 move waterfall\n>p2 move recover\n>p1 move waterfall\n>p2 switch 6\n>p1 switch 4\n>p2 move bulkup\n>p1 move boomburst\n>p2 switch 6\n>p1 switch 4\n>p2 move encore\n>p1 move waterfall\n>p2 switch 6\n>p1 switch 4\n>p2 move bulkup\n>p1 move boomburst\n>p2 move drainpunch\n>p1 move boomburst\n>p2 move drainpunch\n>forcelose p1", "uploadtime": 1781452947, "views": 10, "formatid": "gen9randombattle", "rating": null, "private": 0, "password": null}