{"id": "gen9randombattle-2631375715", "format": "[Gen 9] Random Battle", "players": ["DarkoBoss", "anateuh"], "log": "|j|\u2606DarkoBoss\n|j|\u2606anateuh\n|t:|1781377283\n|gametype|singles\n|player|p1|DarkoBoss|elesa|1928\n|player|p2|anateuh|2|1978\n|gen|9\n|tier|[Gen 9] Random Battle\n|rated|\n|rule|Species Clause: Limit one of each Pok\u00e9mon\n|rule|HP Percentage Mod: HP is shown in percentages\n|rule|Sleep Clause Mod: Limit one foe put to sleep\n|rule|Illusion Level Mod: Illusion disguises the Pok\u00e9mon's true level\n|\n|t:|1781377283\n|teamsize|p1|6\n|teamsize|p2|6\n|start\n|switch|p1a: Galvantula|Galvantula, L82, F|249/249\n|switch|p2a: Magcargo|Magcargo, L95, F|268/268\n|turn|1\n|\n|t:|1781377298\n|move|p1a: Galvantula|Sticky Web|p2a: Magcargo\n|-sidestart|p2: anateuh|move: Sticky Web\n|move|p2a: Magcargo|Power Gem|p1a: Galvantula\n|-supereffective|p1a: Galvantula\n|-enditem|p1a: Galvantula|Focus Sash\n|-damage|p1a: Galvantula|1/249\n|\n|upkeep\n|turn|2\n|\n|t:|1781377327\n|move|p1a: Galvantula|Thunder|p2a: Magcargo\n|-damage|p2a: Magcargo|171/268\n|move|p2a: Magcargo|Power Gem|p1a: Galvantula\n|-supereffective|p1a: Galvantula\n|-crit|p1a: Galvantula\n|-damage|p1a: Galvantula|0 fnt\n|faint|p1a: Galvantula\n|\n|upkeep\n|\n|t:|1781377343\n|switch|p1a: Raichu|Raichu, L88, F|249/249\n|turn|3\n|\n|t:|1781377348\n|switch|p2a: Shaymin|Shaymin, L82|298/298\n|-activate|p2a: Shaymin|move: Sticky Web\n|-unboost|p2a: Shaymin|spe|1\n|move|p1a: Raichu|Surf|p2a: Shaymin\n|-resisted|p2a: Shaymin\n|-damage|p2a: Shaymin|268/298\n|\n|-heal|p2a: Shaymin|286/298|[from] item: Leftovers\n|upkeep\n|turn|4\n|\n|t:|1781377352\n|move|p1a: Raichu|Nuzzle|p2a: Shaymin\n|-resisted|p2a: Shaymin\n|-damage|p2a: Shaymin|276/298\n|-status|p2a: Shaymin|par\n|move|p2a: Shaymin|Seed Flare|p1a: Raichu\n|-damage|p1a: Raichu|164/249\n|-unboost|p1a: Raichu|spd|2\n|\n|-heal|p2a: Shaymin|294/298 par|[from] item: Leftovers\n|upkeep\n|turn|5\n|\n|t:|1781377356\n|switch|p1a: Delibird|Delibird, F|252/252\n|move|p2a: Shaymin|Seed Flare|p1a: Delibird\n|-resisted|p1a: Delibird\n|-damage|p1a: Delibird|167/252\n|-unboost|p1a: Delibird|spd|2\n|\n|-heal|p2a: Shaymin|298/298 par|[from] item: Leftovers\n|upkeep\n|turn|6\n|\n|t:|1781377362\n|-curestatus|p2a: Shaymin|par|[from] ability: Natural Cure|[silent]\n|switch|p2a: Ceruledge|Ceruledge, L78, F|245/245\n|move|p1a: Delibird|Freeze-Dry|p2a: Ceruledge\n|-resisted|p2a: Ceruledge\n|-damage|p2a: Ceruledge|205/245\n|\n|upkeep\n|turn|7\n|\n|t:|1781377375\n|switch|p1a: Raichu|Raichu, L88, F|164/249\n|move|p2a: Ceruledge|Bitter Blade|p1a: Raichu\n|-damage|p1a: Raichu|29/249\n|-heal|p2a: Ceruledge|245/245|[from] drain|[of] p1a: Raichu\n|\n|upkeep\n|turn|8\n|\n|t:|1781377381\n|switch|p2a: Shaymin|Shaymin, L82|298/298\n|-activate|p2a: Shaymin|move: Sticky Web\n|-unboost|p2a: Shaymin|spe|1\n|move|p1a: Raichu|Thunderbolt|p2a: Shaymin\n|-resisted|p2a: Shaymin\n|-damage|p2a: Shaymin|249/298\n|\n|-heal|p2a: Shaymin|267/298|[from] item: Leftovers\n|upkeep\n|turn|9\n|\n|t:|1781377385\n|move|p1a: Raichu|Nuzzle|p2a: Shaymin\n|-resisted|p2a: Shaymin\n|-crit|p2a: Shaymin\n|-damage|p2a: Shaymin|251/298\n|-status|p2a: Shaymin|par\n|move|p2a: Shaymin|Air Slash|p1a: Raichu\n|-resisted|p1a: Raichu\n|-damage|p1a: Raichu|10/249\n|\n|-heal|p2a: Shaymin|269/298 par|[from] item: Leftovers\n|upkeep\n|turn|10\n|\n|t:|1781377388\n|switch|p1a: Delibird|Delibird, F|167/252\n|cant|p2a: Shaymin|par\n|\n|-heal|p2a: Shaymin|287/298 par|[from] item: Leftovers\n|upkeep\n|turn|11\n|\n|t:|1781377392\n|-curestatus|p2a: Shaymin|par|[from] ability: Natural Cure|[silent]\n|switch|p2a: Ceruledge|Ceruledge, L78, F|245/245\n|move|p1a: Delibird|Spikes|p2a: Ceruledge\n|-sidestart|p2: anateuh|Spikes\n|\n|upkeep\n|turn|12\n|\n|t:|1781377396\n|move|p1a: Delibird|Spikes|p2a: Ceruledge\n|-sidestart|p2: anateuh|Spikes\n|move|p2a: Ceruledge|Bitter Blade|p1a: Delibird\n|-supereffective|p1a: Delibird\n|-damage|p1a: Delibird|0 fnt\n|faint|p1a: Delibird\n|\n|upkeep\n|\n|t:|1781377399\n|switch|p1a: Raichu|Raichu, L88, F|10/249\n|turn|13\n|\n|t:|1781377404\n|switch|p2a: Shaymin|Shaymin, L82|287/298\n|-activate|p2a: Shaymin|move: Sticky Web\n|-unboost|p2a: Shaymin|spe|1\n|-damage|p2a: Shaymin|238/298|[from] Spikes\n|move|p1a: Raichu|Nuzzle|p2a: Shaymin\n|-resisted|p2a: Shaymin\n|-damage|p2a: Shaymin|226/298\n|-status|p2a: Shaymin|par\n|\n|-heal|p2a: Shaymin|244/298 par|[from] item: Leftovers\n|upkeep\n|turn|14\n|\n|t:|1781377412\n|switch|p1a: Iron Leaves|Iron Leaves, L80|275/275\n|cant|p2a: Shaymin|par\n|\n|-heal|p2a: Shaymin|262/298 par|[from] item: Leftovers\n|upkeep\n|turn|15\n|\n|t:|1781377415\n|move|p1a: Iron Leaves|Swords Dance|p1a: Iron Leaves\n|-boost|p1a: Iron Leaves|atk|2\n|move|p2a: Shaymin|Air Slash|p1a: Iron Leaves\n|-supereffective|p1a: Iron Leaves\n|-damage|p1a: Iron Leaves|175/275\n|\n|-heal|p2a: Shaymin|280/298 par|[from] item: Leftovers\n|upkeep\n|turn|16\n|\n|t:|1781377427\n|move|p1a: Iron Leaves|Psyblade|p2a: Shaymin\n|-damage|p2a: Shaymin|46/298 par\n|-damage|p1a: Iron Leaves|148/275|[from] item: Life Orb\n|move|p2a: Shaymin|Air Slash|p1a: Iron Leaves\n|-supereffective|p1a: Iron Leaves\n|-crit|p1a: Iron Leaves\n|-damage|p1a: Iron Leaves|8/275\n|\n|-heal|p2a: Shaymin|64/298 par|[from] item: Leftovers\n|upkeep\n|turn|17\n|\n|t:|1781377433\n|move|p1a: Iron Leaves|Leaf Blade|p2a: Shaymin\n|-resisted|p2a: Shaymin\n|-damage|p2a: Shaymin|0 fnt\n|faint|p2a: Shaymin\n|-damage|p1a: Iron Leaves|0 fnt|[from] item: Life Orb\n|faint|p1a: Iron Leaves\n|-end|p1a: Iron Leaves|Quark Drive|[silent]\n|\n|upkeep\n|\n|t:|1781377441\n|switch|p1a: Cloyster|Cloyster, L80, M|211/211\n|switch|p2a: Grumpig|Grumpig, L92, M|297/297\n|-activate|p2a: Grumpig|move: Sticky Web\n|-unboost|p2a: Grumpig|spe|1\n|-damage|p2a: Grumpig|248/297|[from] Spikes\n|turn|18\n|\n|t:|1781377448\n|switch|p1a: Raichu|Raichu, L88, F|10/249\n|move|p2a: Grumpig|Focus Blast|p1a: Raichu|[miss]\n|-miss|p2a: Grumpig|p1a: Raichu\n|\n|-heal|p2a: Grumpig|266/297|[from] item: Leftovers\n|upkeep\n|turn|19\n|\n|t:|1781377450\n|move|p1a: Raichu|Nuzzle|p2a: Grumpig\n|-damage|p2a: Grumpig|241/297\n|-status|p2a: Grumpig|par\n|move|p2a: Grumpig|Shadow Ball|p1a: Raichu\n|-damage|p1a: Raichu|0 fnt\n|faint|p1a: Raichu\n|\n|-heal|p2a: Grumpig|259/297 par|[from] item: Leftovers\n|upkeep\n|\n|t:|1781377458\n|switch|p1a: Cloyster|Cloyster, L80, M|211/211\n|turn|20\n|\n|t:|1781377462\n|move|p1a: Cloyster|Shell Smash|p1a: Cloyster\n|-unboost|p1a: Cloyster|def|1\n|-unboost|p1a: Cloyster|spd|1\n|-boost|p1a: Cloyster|atk|2\n|-boost|p1a: Cloyster|spa|2\n|-boost|p1a: Cloyster|spe|2\n|-enditem|p1a: Cloyster|White Herb\n|-clearnegativeboost|p1a: Cloyster|[silent]\n|move|p2a: Grumpig|Psychic|p1a: Cloyster\n|-damage|p1a: Cloyster|37/211\n|\n|-heal|p2a: Grumpig|277/297 par|[from] item: Leftovers\n|upkeep\n|turn|21\n|\n|t:|1781377469\n|switch|p2a: Magcargo|Magcargo, L95, F|171/268\n|move|p1a: Cloyster|Shell Smash|p1a: Cloyster\n|-unboost|p1a: Cloyster|def|1\n|-unboost|p1a: Cloyster|spd|1\n|-boost|p1a: Cloyster|atk|2\n|-boost|p1a: Cloyster|spa|2\n|-boost|p1a: Cloyster|spe|2\n|\n|upkeep\n|turn|22\n|\n|t:|1781377472\n|move|p1a: Cloyster|Rock Blast|p2a: Magcargo\n|-supereffective|p2a: Magcargo\n|-damage|p2a: Magcargo|107/268\n|-ability|p2a: Magcargo|Weak Armor|boost\n|-unboost|p2a: Magcargo|def|1\n|-boost|p2a: Magcargo|spe|2\n|-supereffective|p2a: Magcargo\n|-damage|p2a: Magcargo|0 fnt\n|faint|p2a: Magcargo\n|-hitcount|p2: Magcargo|2\n|\n|upkeep\n|\n|t:|1781377483\n|switch|p2a: Blastoise|Blastoise, L80, M|258/258\n|-activate|p2a: Blastoise|move: Sticky Web\n|-unboost|p2a: Blastoise|spe|1\n|-damage|p2a: Blastoise|215/258|[from] Spikes\n|-enditem|p2a: Blastoise|White Herb\n|-clearnegativeboost|p2a: Blastoise|[silent]\n|turn|23\n|\n|t:|1781377490\n|move|p1a: Cloyster|Rock Blast|p2a: Blastoise\n|-damage|p2a: Blastoise|169/258\n|-damage|p2a: Blastoise|122/258\n|-damage|p2a: Blastoise|76/258\n|-damage|p2a: Blastoise|27/258\n|-damage|p2a: Blastoise|0 fnt\n|faint|p2a: Blastoise\n|-hitcount|p2: Blastoise|5\n|\n|upkeep\n|-message|anateuh forfeited.\n|\n|win|DarkoBoss\n", "uploadtime": 1781377285, "views": 6, "formatid": "gen9randombattle", "rating": null, "private": 0, "password": null}