{"id": "gen9randombattle-2632021710", "format": "[Gen 9] Random Battle", "players": ["WhatEver2102", "demonburster"], "log": "|j|\u2606WhatEver2102\n|j|\u2606demonburster\n|t:|1781466867\n|gametype|singles\n|player|p1|WhatEver2102|juan|1950\n|player|p2|demonburster|2|1904\n|gen|9\n|tier|[Gen 9] Random Battle\n|rated|\n|rule|Species Clause: Limit one of each Pok\u00e9mon\n|rule|HP Percentage Mod: HP is shown in percentages\n|rule|Sleep Clause Mod: Limit one foe put to sleep\n|rule|Illusion Level Mod: Illusion disguises the Pok\u00e9mon's true level\n|\n|t:|1781466867\n|teamsize|p1|6\n|teamsize|p2|6\n|start\n|switch|p1a: Mienshao|Mienshao, L83, M|244/244\n|switch|p2a: Glalie|Glalie, L96, F|309/309\n|turn|1\n|inactive|Battle timer is ON: inactive players will automatically lose when time's up. (requested by demonburster)\n|\n|t:|1781466886\n|-terastallize|p2a: Glalie|Ground\n|move|p1a: Mienshao|Swords Dance|p1a: Mienshao\n|-boost|p1a: Mienshao|atk|2\n|move|p2a: Glalie|Earthquake|p1a: Mienshao\n|-damage|p1a: Mienshao|94/244\n|\n|upkeep\n|turn|2\n|\n|t:|1781466896\n|move|p1a: Mienshao|Close Combat|p2a: Glalie\n|-damage|p2a: Glalie|0 fnt\n|-unboost|p1a: Mienshao|def|1\n|-unboost|p1a: Mienshao|spd|1\n|faint|p2a: Glalie\n|-damage|p1a: Mienshao|70/244|[from] item: Life Orb\n|\n|upkeep\n|inactive|demonburster has 120 seconds left.\n|\n|t:|1781466921\n|switch|p2a: Brute Bonnet|Brute Bonnet, L80|309/309\n|turn|3\n|\n|t:|1781466938\n|switch|p1a: Appletun|Appletun, L92, M|352/352\n|move|p2a: Brute Bonnet|Sucker Punch||[still]\n|-fail|p2a: Brute Bonnet\n|\n|upkeep\n|turn|4\n|\n|t:|1781466944\n|-end|p2a: Brute Bonnet|Protosynthesis|[silent]\n|switch|p2a: Wigglytuff|Wigglytuff, L96, F|424/424\n|move|p1a: Appletun|Apple Acid|p2a: Wigglytuff\n|-damage|p2a: Wigglytuff|280/424\n|-unboost|p2a: Wigglytuff|spd|1\n|-ability|p2a: Wigglytuff|Competitive|boost\n|-boost|p2a: Wigglytuff|spa|2\n|\n|-heal|p2a: Wigglytuff|306/424|[from] item: Leftovers\n|upkeep\n|turn|5\n|\n|t:|1781466958\n|switch|p1a: Lanturn|Lanturn, L89, M|367/367\n|move|p2a: Wigglytuff|Dazzling Gleam|p1a: Lanturn\n|-damage|p1a: Lanturn|163/367\n|\n|-heal|p1a: Lanturn|185/367|[from] item: Leftovers\n|-heal|p2a: Wigglytuff|332/424|[from] item: Leftovers\n|upkeep\n|turn|6\n|\n|t:|1781466966\n|switch|p2a: Pikachu|Pikachu, L93, F|216/216\n|move|p1a: Lanturn|Thunderbolt|p2a: Pikachu\n|-ability|p2a: Pikachu|Lightning Rod|boost\n|-boost|p2a: Pikachu|spa|1\n|\n|-heal|p1a: Lanturn|207/367|[from] item: Leftovers\n|upkeep\n|turn|7\n|\n|t:|1781466977\n|move|p2a: Pikachu|Knock Off|p1a: Lanturn\n|-damage|p1a: Lanturn|57/367\n|-enditem|p1a: Lanturn|Leftovers|[from] move: Knock Off|[of] p2a: Pikachu\n|move|p1a: Lanturn|Scald|p2a: Pikachu\n|-damage|p2a: Pikachu|111/216\n|-status|p2a: Pikachu|brn\n|\n|-damage|p2a: Pikachu|98/216 brn|[from] brn\n|upkeep\n|turn|8\n|\n|t:|1781466985\n|move|p2a: Pikachu|Surf|p1a: Lanturn\n|-resisted|p1a: Lanturn\n|-damage|p1a: Lanturn|0 fnt\n|faint|p1a: Lanturn\n|\n|-damage|p2a: Pikachu|85/216 brn|[from] brn\n|upkeep\n|\n|t:|1781466996\n|switch|p1a: Mienshao|Mienshao, L83, M|151/244\n|turn|9\n|\n|t:|1781467000\n|move|p1a: Mienshao|Knock Off|p2a: Pikachu\n|-damage|p2a: Pikachu|0 fnt\n|-enditem|p2a: Pikachu|Light Ball|[from] move: Knock Off|[of] p1a: Mienshao\n|faint|p2a: Pikachu\n|-damage|p1a: Mienshao|127/244|[from] item: Life Orb\n|\n|upkeep\n|\n|t:|1781467004\n|switch|p2a: Wigglytuff|Wigglytuff, L96, F|332/424\n|turn|10\n|\n|t:|1781467018\n|switch|p1a: Chandelure|Chandelure, L83, F|235/235\n|move|p2a: Wigglytuff|Wish|p2a: Wigglytuff\n|\n|-heal|p2a: Wigglytuff|358/424|[from] item: Leftovers\n|upkeep\n|turn|11\n|\n|t:|1781467025\n|move|p1a: Chandelure|Will-O-Wisp|p2a: Wigglytuff\n|-status|p2a: Wigglytuff|brn\n|move|p2a: Wigglytuff|Knock Off|p1a: Chandelure\n|-supereffective|p1a: Chandelure\n|-damage|p1a: Chandelure|161/235\n|-enditem|p1a: Chandelure|Heavy-Duty Boots|[from] move: Knock Off|[of] p2a: Wigglytuff\n|\n|-heal|p2a: Wigglytuff|424/424 brn|[from] move: Wish|[wisher] Wigglytuff\n|-damage|p2a: Wigglytuff|398/424 brn|[from] brn\n|upkeep\n|turn|12\n|\n|t:|1781467029\n|move|p1a: Chandelure|Fire Blast|p2a: Wigglytuff\n|-damage|p2a: Wigglytuff|196/424 brn\n|move|p2a: Wigglytuff|Wish|p2a: Wigglytuff\n|\n|-heal|p2a: Wigglytuff|222/424 brn|[from] item: Leftovers\n|-damage|p2a: Wigglytuff|196/424 brn|[from] brn\n|upkeep\n|turn|13\n|\n|t:|1781467041\n|move|p2a: Wigglytuff|Protect|p2a: Wigglytuff\n|-singleturn|p2a: Wigglytuff|Protect\n|move|p1a: Chandelure|Will-O-Wisp|p2a: Wigglytuff\n|-activate|p2a: Wigglytuff|move: Protect\n|\n|-heal|p2a: Wigglytuff|408/424 brn|[from] move: Wish|[wisher] Wigglytuff\n|-heal|p2a: Wigglytuff|424/424 brn|[from] item: Leftovers\n|-damage|p2a: Wigglytuff|398/424 brn|[from] brn\n|upkeep\n|turn|14\n|\n|t:|1781467047\n|move|p1a: Chandelure|Calm Mind|p1a: Chandelure\n|-boost|p1a: Chandelure|spa|1\n|-boost|p1a: Chandelure|spd|1\n|move|p2a: Wigglytuff|Wish|p2a: Wigglytuff\n|\n|-heal|p2a: Wigglytuff|424/424 brn|[from] item: Leftovers\n|-damage|p2a: Wigglytuff|398/424 brn|[from] brn\n|upkeep\n|turn|15\n|\n|t:|1781467071\n|switch|p2a: Zamazenta|Zamazenta-Crowned, L68|238/238\n|-ability|p2a: Zamazenta|Dauntless Shield|boost\n|-boost|p2a: Zamazenta|def|1\n|move|p1a: Chandelure|Fire Blast|p2a: Zamazenta\n|-supereffective|p2a: Zamazenta\n|-damage|p2a: Zamazenta|0 fnt\n|faint|p2a: Zamazenta\n|\n|upkeep\n|\n|t:|1781467075\n|switch|p2a: Brute Bonnet|Brute Bonnet, L80|309/309\n|turn|16\n|\n|t:|1781467080\n|move|p1a: Chandelure|Will-O-Wisp|p2a: Brute Bonnet\n|-status|p2a: Brute Bonnet|brn\n|move|p2a: Brute Bonnet|Crunch|p1a: Chandelure\n|-supereffective|p1a: Chandelure\n|-damage|p1a: Chandelure|71/235\n|\n|-damage|p2a: Brute Bonnet|290/309 brn|[from] brn\n|upkeep\n|turn|17\n|\n|t:|1781467089\n|move|p2a: Brute Bonnet|Sucker Punch|p1a: Chandelure\n|-supereffective|p1a: Chandelure\n|-damage|p1a: Chandelure|0 fnt\n|faint|p1a: Chandelure\n|\n|-heal|p2a: Brute Bonnet|309/309 brn|[from] item: Leftovers\n|-damage|p2a: Brute Bonnet|290/309 brn|[from] brn\n|upkeep\n|\n|t:|1781467102\n|switch|p1a: Mienshao|Mienshao, L83, M|208/244\n|turn|18\n|\n|t:|1781467121\n|move|p1a: Mienshao|Swords Dance|p1a: Mienshao\n|-boost|p1a: Mienshao|atk|2\n|move|p2a: Brute Bonnet|Spore|p1a: Mienshao\n|-status|p1a: Mienshao|slp|[from] move: Spore\n|\n|-heal|p2a: Brute Bonnet|309/309 brn|[from] item: Leftovers\n|-damage|p2a: Brute Bonnet|290/309 brn|[from] brn\n|upkeep\n|turn|19\n|\n|t:|1781467134\n|cant|p1a: Mienshao|slp\n|move|p2a: Brute Bonnet|Seed Bomb|p1a: Mienshao\n|-damage|p1a: Mienshao|144/244 slp\n|\n|-heal|p2a: Brute Bonnet|309/309 brn|[from] item: Leftovers\n|-damage|p2a: Brute Bonnet|290/309 brn|[from] brn\n|upkeep\n|turn|20\n|\n|t:|1781467140\n|cant|p1a: Mienshao|slp\n|move|p2a: Brute Bonnet|Seed Bomb|p1a: Mienshao\n|-damage|p1a: Mienshao|74/244 slp\n|\n|-heal|p2a: Brute Bonnet|309/309 brn|[from] item: Leftovers\n|-damage|p2a: Brute Bonnet|290/309 brn|[from] brn\n|upkeep\n|turn|21\n|\n|t:|1781467151\n|switch|p1a: Appletun|Appletun, L92, M|352/352\n|-end|p2a: Brute Bonnet|Protosynthesis|[silent]\n|switch|p2a: Wigglytuff|Wigglytuff, L96, F|398/424 brn\n|\n|-heal|p2a: Wigglytuff|424/424 brn|[from] item: Leftovers\n|-damage|p2a: Wigglytuff|398/424 brn|[from] brn\n|upkeep\n|turn|22\n|\n|t:|1781467157\n|move|p2a: Wigglytuff|Dazzling Gleam|p1a: Appletun\n|-supereffective|p1a: Appletun\n|-damage|p1a: Appletun|164/352\n|move|p1a: Appletun|Leech Seed|p2a: Wigglytuff|[miss]\n|-miss|p1a: Appletun|p2a: Wigglytuff\n|\n|-heal|p2a: Wigglytuff|424/424 brn|[from] item: Leftovers\n|-heal|p1a: Appletun|186/352|[from] item: Leftovers\n|-damage|p2a: Wigglytuff|398/424 brn|[from] brn\n|upkeep\n|turn|23\n|\n|t:|1781467165\n|-terastallize|p1a: Appletun|Steel\n|move|p2a: Wigglytuff|Dazzling Gleam|p1a: Appletun\n|-resisted|p1a: Appletun\n|-damage|p1a: Appletun|141/352\n|move|p1a: Appletun|Leech Seed|p2a: Wigglytuff\n|-start|p2a: Wigglytuff|move: Leech Seed\n|\n|-heal|p2a: Wigglytuff|424/424 brn|[from] item: Leftovers\n|-heal|p1a: Appletun|163/352|[from] item: Leftovers\n|-damage|p2a: Wigglytuff|371/424 brn|[from] Leech Seed|[of] p1a: Appletun\n|-heal|p1a: Appletun|216/352|[silent]\n|-damage|p2a: Wigglytuff|345/424 brn|[from] brn\n|upkeep\n|turn|24\n|\n|t:|1781467175\n|move|p2a: Wigglytuff|Wish|p2a: Wigglytuff\n|move|p1a: Appletun|Recover|p1a: Appletun\n|-heal|p1a: Appletun|352/352\n|\n|-heal|p2a: Wigglytuff|371/424 brn|[from] item: Leftovers\n|-damage|p2a: Wigglytuff|318/424 brn|[from] Leech Seed|[of] p1a: Appletun\n|-damage|p2a: Wigglytuff|292/424 brn|[from] brn\n|upkeep\n|turn|25\n|\n|t:|1781467181\n|move|p2a: Wigglytuff|Knock Off|p1a: Appletun\n|-damage|p1a: Appletun|316/352\n|-enditem|p1a: Appletun|Leftovers|[from] move: Knock Off|[of] p2a: Wigglytuff\n|move|p1a: Appletun|Apple Acid|p2a: Wigglytuff\n|-damage|p2a: Wigglytuff|156/424 brn\n|-unboost|p2a: Wigglytuff|spd|1\n|-ability|p2a: Wigglytuff|Competitive|boost\n|-boost|p2a: Wigglytuff|spa|2\n|\n|-heal|p2a: Wigglytuff|368/424 brn|[from] move: Wish|[wisher] Wigglytuff\n|-heal|p2a: Wigglytuff|394/424 brn|[from] item: Leftovers\n|-damage|p2a: Wigglytuff|341/424 brn|[from] Leech Seed|[of] p1a: Appletun\n|-heal|p1a: Appletun|352/352|[silent]\n|-damage|p2a: Wigglytuff|315/424 brn|[from] brn\n|upkeep\n|turn|26\n|\n|t:|1781467191\n|move|p2a: Wigglytuff|Wish|p2a: Wigglytuff\n|move|p1a: Appletun|Apple Acid|p2a: Wigglytuff\n|-damage|p2a: Wigglytuff|122/424 brn\n|-unboost|p2a: Wigglytuff|spd|1\n|-ability|p2a: Wigglytuff|Competitive|boost\n|-boost|p2a: Wigglytuff|spa|2\n|\n|-heal|p2a: Wigglytuff|148/424 brn|[from] item: Leftovers\n|-damage|p2a: Wigglytuff|95/424 brn|[from] Leech Seed|[of] p1a: Appletun\n|-damage|p2a: Wigglytuff|69/424 brn|[from] brn\n|upkeep\n|turn|27\n|\n|t:|1781467200\n|move|p2a: Wigglytuff|Protect|p2a: Wigglytuff\n|-singleturn|p2a: Wigglytuff|Protect\n|move|p1a: Appletun|Apple Acid|p2a: Wigglytuff\n|-activate|p2a: Wigglytuff|move: Protect\n|\n|-heal|p2a: Wigglytuff|281/424 brn|[from] move: Wish|[wisher] Wigglytuff\n|-heal|p2a: Wigglytuff|307/424 brn|[from] item: Leftovers\n|-damage|p2a: Wigglytuff|254/424 brn|[from] Leech Seed|[of] p1a: Appletun\n|-damage|p2a: Wigglytuff|228/424 brn|[from] brn\n|upkeep\n|turn|28\n|\n|t:|1781467203\n|switch|p2a: Brute Bonnet|Brute Bonnet, L80|290/309 brn\n|move|p1a: Appletun|Apple Acid|p2a: Brute Bonnet\n|-resisted|p2a: Brute Bonnet\n|-crit|p2a: Brute Bonnet\n|-damage|p2a: Brute Bonnet|219/309 brn\n|-unboost|p2a: Brute Bonnet|spd|1\n|\n|-heal|p2a: Brute Bonnet|238/309 brn|[from] item: Leftovers\n|-damage|p2a: Brute Bonnet|219/309 brn|[from] brn\n|upkeep\n|turn|29\n|\n|t:|1781467208\n|move|p2a: Brute Bonnet|Crunch|p1a: Appletun\n|-damage|p1a: Appletun|306/352\n|move|p1a: Appletun|Apple Acid|p2a: Brute Bonnet\n|-resisted|p2a: Brute Bonnet\n|-damage|p2a: Brute Bonnet|147/309 brn\n|-unboost|p2a: Brute Bonnet|spd|1\n|\n|-heal|p2a: Brute Bonnet|166/309 brn|[from] item: Leftovers\n|-damage|p2a: Brute Bonnet|147/309 brn|[from] brn\n|upkeep\n|turn|30\n|\n|t:|1781467217\n|move|p2a: Brute Bonnet|Crunch|p1a: Appletun\n|-damage|p1a: Appletun|261/352\n|move|p1a: Appletun|Apple Acid|p2a: Brute Bonnet\n|-resisted|p2a: Brute Bonnet\n|-damage|p2a: Brute Bonnet|42/309 brn\n|-unboost|p2a: Brute Bonnet|spd|1\n|\n|-heal|p2a: Brute Bonnet|61/309 brn|[from] item: Leftovers\n|-damage|p2a: Brute Bonnet|42/309 brn|[from] brn\n|upkeep\n|turn|31\n|\n|t:|1781467223\n|-end|p2a: Brute Bonnet|Protosynthesis|[silent]\n|switch|p2a: Wigglytuff|Wigglytuff, L96, F|228/424 brn\n|move|p1a: Appletun|Apple Acid|p2a: Wigglytuff\n|-damage|p2a: Wigglytuff|104/424 brn\n|-unboost|p2a: Wigglytuff|spd|1\n|-ability|p2a: Wigglytuff|Competitive|boost\n|-boost|p2a: Wigglytuff|spa|2\n|\n|-heal|p2a: Wigglytuff|130/424 brn|[from] item: Leftovers\n|-damage|p2a: Wigglytuff|104/424 brn|[from] brn\n|upkeep\n|turn|32\n|\n|t:|1781467227\n|move|p2a: Wigglytuff|Wish|p2a: Wigglytuff\n|move|p1a: Appletun|Apple Acid|p2a: Wigglytuff\n|-damage|p2a: Wigglytuff|0 fnt\n|faint|p2a: Wigglytuff\n|\n|upkeep\n|\n|t:|1781467231\n|switch|p2a: Brute Bonnet|Brute Bonnet, L80|42/309 brn\n|turn|33\n|\n|t:|1781467236\n|move|p2a: Brute Bonnet|Spore|p1a: Appletun\n|-message|Sleep Clause Mod activated.\n|-hint|Sleep Clause Mod prevents players from putting more than one of their opponent's Pok\u00e9mon to sleep at a time\n|move|p1a: Appletun|Draco Meteor|p2a: Brute Bonnet\n|-damage|p2a: Brute Bonnet|0 fnt\n|-unboost|p1a: Appletun|spa|2\n|faint|p2a: Brute Bonnet\n|-end|p2a: Brute Bonnet|Protosynthesis|[silent]\n|\n|upkeep\n|\n|t:|1781467243\n|switch|p2a: Exeggutor|Exeggutor-Alola, L89, F|314/314\n|turn|34\n|\n|t:|1781467265\n|move|p2a: Exeggutor|Flamethrower|p1a: Appletun\n|-supereffective|p1a: Appletun\n|-damage|p1a: Appletun|135/352\n|move|p1a: Appletun|Apple Acid|p2a: Exeggutor\n|-resisted|p2a: Exeggutor\n|-damage|p2a: Exeggutor|301/314\n|-unboost|p2a: Exeggutor|spd|1\n|\n|upkeep\n|turn|35\n|\n|t:|1781467293\n|move|p2a: Exeggutor|Flamethrower|p1a: Appletun\n|-supereffective|p1a: Appletun\n|-damage|p1a: Appletun|9/352\n|move|p1a: Appletun|Recover|p1a: Appletun\n|-heal|p1a: Appletun|185/352\n|\n|upkeep\n|turn|36\n|\n|t:|1781467299\n|move|p2a: Exeggutor|Flamethrower|p1a: Appletun\n|-supereffective|p1a: Appletun\n|-damage|p1a: Appletun|49/352\n|move|p1a: Appletun|Recover|p1a: Appletun\n|-heal|p1a: Appletun|225/352\n|\n|upkeep\n|turn|37\n|\n|t:|1781467302\n|switch|p1a: Mienshao|Mienshao, L83, M|155/244 slp\n|move|p2a: Exeggutor|Flamethrower|p1a: Mienshao\n|-crit|p1a: Mienshao\n|-damage|p1a: Mienshao|0 fnt\n|faint|p1a: Mienshao\n|\n|upkeep\n|\n|t:|1781467312\n|switch|p1a: Iron Leaves|Iron Leaves, L80|275/275\n|turn|38\n|\n|t:|1781467314\n|move|p1a: Iron Leaves|Psyblade|p2a: Exeggutor\n|-damage|p2a: Exeggutor|165/314\n|-damage|p1a: Iron Leaves|248/275|[from] item: Life Orb\n|move|p2a: Exeggutor|Flamethrower|p1a: Iron Leaves\n|-supereffective|p1a: Iron Leaves\n|-damage|p1a: Iron Leaves|30/275\n|-status|p1a: Iron Leaves|brn\n|\n|-damage|p1a: Iron Leaves|13/275 brn|[from] brn\n|upkeep\n|turn|39\n|\n|t:|1781467317\n|move|p1a: Iron Leaves|Psyblade|p2a: Exeggutor\n|-damage|p2a: Exeggutor|103/314\n|-damage|p1a: Iron Leaves|0 fnt|[from] item: Life Orb\n|faint|p1a: Iron Leaves\n|-end|p1a: Iron Leaves|Quark Drive|[silent]\n|move|p2a: Exeggutor|Flamethrower|p1: Iron Leaves|[notarget]\n|-fail|p2a: Exeggutor\n|\n|upkeep\n|\n|t:|1781467325\n|switch|p1a: Palkia|Palkia-Origin, L72|249/249\n|-ability|p1a: Palkia|Pressure\n|turn|40\n|\n|t:|1781467329\n|move|p1a: Palkia|Draco Meteor|p2a: Exeggutor\n|-supereffective|p2a: Exeggutor\n|-damage|p2a: Exeggutor|0 fnt\n|-unboost|p1a: Palkia|spa|2\n|faint|p2a: Exeggutor\n|\n|win|WhatEver2102\n", "inputlog": ">version a8376a258c1d4662feba110a92103f3664a72141\n>start {\"formatid\":\"gen9randombattle\",\"seed\":\"sodium,2a000061b747eb34922180b01e7d7a79\",\"rated\":\"Rated battle\"}\n>player p1 {\"name\":\"WhatEver2102\",\"avatar\":\"juan\",\"rating\":1950,\"seed\":\"sodium,91c2619dbe7bd8d40addbcf8aac5272e\"}\n>player p2 {\"name\":\"demonburster\",\"avatar\":\"2\",\"rating\":1904,\"seed\":\"sodium,a8f2fd00ff02507de1c6fd08129f09b0\"}\n>p1 move swordsdance\n>p2 move earthquake terastallize\n>p1 move closecombat\n>p2 move earthquake\n>p2 switch 5\n>p1 switch 3\n>p2 move suckerpunch\n>p1 move appleacid\n>p2 switch 3\n>p1 switch 2\n>p2 move dazzlinggleam\n>p1 move thunderbolt\n>p2 switch 4\n>p1 move scald\n>p2 move knockoff\n>p1 move scald\n>p2 move surf\n>p1 switch 3\n>p1 move knockoff\n>p2 move voltswitch\n>p2 switch 4\n>p1 switch 5\n>p2 move wish\n>p1 move willowisp\n>p2 move knockoff\n>p1 move fireblast\n>p2 move wish\n>p1 move willowisp\n>p2 move protect\n>p1 move calmmind\n>p2 move wish\n>p1 move fireblast\n>p2 switch 2\n>p2 switch 3\n>p1 move willowisp\n>p2 move crunch\n>p1 move fireblast\n>p2 move suckerpunch\n>p1 switch 5\n>p1 move swordsdance\n>p2 move spore\n>p1 move poisonjab\n>p2 move seedbomb\n>p1 move poisonjab\n>p2 move seedbomb\n>p1 switch 2\n>p2 switch 2\n>p1 move leechseed\n>p2 move dazzlinggleam\n>p1 move leechseed terastallize\n>p2 move dazzlinggleam\n>p1 move recover\n>p2 move wish\n>p1 move appleacid\n>p2 move knockoff\n>p1 move appleacid\n>p2 move wish\n>p1 move appleacid\n>p2 move protect\n>p1 move appleacid\n>p2 switch 2\n>p1 move appleacid\n>p2 move crunch\n>p1 move appleacid\n>p2 move crunch\n>p1 move appleacid\n>p2 switch 2\n>p1 move appleacid\n>p2 move wish\n>p2 switch 2\n>p1 move dracometeor\n>p2 move spore\n>p2 switch 6\n>p1 move appleacid\n>p2 move flamethrower\n>p1 move recover\n>p2 move flamethrower\n>p1 move recover\n>p2 move flamethrower\n>p1 switch 2\n>p2 move flamethrower\n>p1 switch 4\n>p1 move psyblade\n>p2 move flamethrower\n>p1 move psyblade\n>p2 move flamethrower\n>p1 switch 6\n>p1 move dracometeor\n>p2 move flamethrower", "uploadtime": 1781466869, "views": 4, "formatid": "gen9randombattle", "rating": null, "private": 0, "password": null, "player_dets": [{"name": "WhatEver2102", "avatar": "juan", "rating": 1950, "seed": "sodium,91c2619dbe7bd8d40addbcf8aac5272e"}, {"name": "demonburster", "avatar": "2", "rating": 1904, "seed": "sodium,a8f2fd00ff02507de1c6fd08129f09b0"}], "teams_full": [{"Mienshao": {"name": "Mienshao", "species": "Mienshao", "speciesId": "mienshao", "gender": "M", "shiny": false, "level": 83, "moves": ["swordsdance", "knockoff", "poisonjab", "closecombat"], "ability": "Regenerator", "evs": {"hp": 85, "atk": 85, "def": 85, "spa": 85, "spd": 85, "spe": 85}, "ivs": {"hp": 31, "atk": 31, "def": 31, "spa": 31, "spd": 31, "spe": 31}, "item": "Life Orb", "teraType": "Poison", "role": "Setup Sweeper", "bvs": {"hp": 65, "atk": 125, "def": 60, "spa": 95, "spd": 60, "spe": 105}, "stats": {"hp": 244, "atk": 255, "def": 147, "spa": 205, "spd": 147, "spe": 222}, "types": ["Fighting"]}, "Lanturn": {"name": "Lanturn", "species": "Lanturn", "speciesId": "lanturn", "gender": "M", "shiny": false, "level": 89, "moves": ["scald", "icebeam", "thunderbolt", "thunderwave"], "ability": "Volt Absorb", "evs": {"hp": 85, "atk": 0, "def": 85, "spa": 85, "spd": 85, "spe": 85}, "ivs": {"hp": 31, "atk": 0, "def": 31, "spa": 31, "spd": 31, "spe": 31}, "item": "Leftovers", "teraType": "Flying", "role": "Bulky Attacker", "bvs": {"hp": 125, "atk": 58, "def": 58, "spa": 76, "spd": 76, "spe": 67}, "stats": {"hp": 367, "atk": 108, "def": 154, "spa": 186, "spd": 186, "spe": 170}, "types": ["Water", "Electric"]}, "Appletun": {"name": "Appletun", "species": "Appletun", "speciesId": "appletun", "gender": "M", "shiny": false, "level": 92, "moves": ["leechseed", "recover", "dracometeor", "appleacid"], "ability": "Thick Fat", "evs": {"hp": 85, "atk": 0, "def": 85, "spa": 85, "spd": 85, "spe": 85}, "ivs": {"hp": 31, "atk": 0, "def": 31, "spa": 31, "spd": 31, "spe": 31}, "item": "Leftovers", "teraType": "Steel", "role": "Bulky Attacker", "bvs": {"hp": 110, "atk": 85, "def": 80, "spa": 100, "spd": 80, "spe": 30}, "stats": {"hp": 352, "atk": 161, "def": 200, "spa": 236, "spd": 200, "spe": 108}, "types": ["Grass", "Dragon"]}, "Iron Leaves": {"name": "Iron Leaves", "species": "Iron Leaves", "speciesId": "ironleaves", "gender": "N", "shiny": false, "level": 80, "moves": ["closecombat", "psyblade", "swordsdance", "leafblade"], "ability": "Quark Drive", "evs": {"hp": 85, "atk": 85, "def": 85, "spa": 85, "spd": 85, "spe": 85}, "ivs": {"hp": 31, "atk": 31, "def": 31, "spa": 31, "spd": 31, "spe": 31}, "item": "Life Orb", "teraType": "Fighting", "role": "Wallbreaker", "bvs": {"hp": 90, "atk": 130, "def": 88, "spa": 70, "spd": 108, "spe": 104}, "stats": {"hp": 275, "atk": 254, "def": 187, "spa": 158, "spd": 219, "spe": 213}, "types": ["Grass", "Psychic"]}, "Chandelure": {"name": "Chandelure", "species": "Chandelure", "speciesId": "chandelure", "gender": "F", "shiny": false, "level": 83, "moves": ["willowisp", "calmmind", "fireblast", "shadowball"], "ability": "Flash Fire", "evs": {"hp": 85, "atk": 0, "def": 85, "spa": 85, "spd": 85, "spe": 85}, "ivs": {"hp": 31, "atk": 0, "def": 31, "spa": 31, "spd": 31, "spe": 31}, "item": "Heavy-Duty Boots", "teraType": "Ghost", "role": "Fast Bulky Setup", "bvs": {"hp": 60, "atk": 55, "def": 90, "spa": 145, "spd": 90, "spe": 80}, "stats": {"hp": 235, "atk": 96, "def": 197, "spa": 288, "spd": 197, "spe": 180}, "types": ["Ghost", "Fire"]}, "Palkia": {"name": "Palkia", "species": "Palkia-Origin", "speciesId": "palkiaorigin", "gender": "N", "shiny": false, "level": 72, "moves": ["fireblast", "dracometeor", "hydropump", "thunderwave"], "ability": "Pressure", "evs": {"hp": 85, "atk": 0, "def": 85, "spa": 85, "spd": 85, "spe": 85}, "ivs": {"hp": 31, "atk": 0, "def": 31, "spa": 31, "spd": 31, "spe": 31}, "item": "Lustrous Globe", "teraType": "Dragon", "role": "Bulky Attacker", "bvs": {"hp": 90, "atk": 100, "def": 100, "spa": 150, "spd": 120, "spe": 120}, "stats": {"hp": 249, "atk": 149, "def": 186, "spa": 258, "spd": 215, "spe": 215}, "types": ["Water", "Dragon"]}}, {"Glalie": {"name": "Glalie", "species": "Glalie", "speciesId": "glalie", "gender": "F", "shiny": false, "level": 96, "moves": ["earthquake", "freezedry", "spikes", "taunt"], "ability": "Inner Focus", "evs": {"hp": 85, "atk": 85, "def": 85, "spa": 85, "spd": 85, "spe": 85}, "ivs": {"hp": 31, "atk": 31, "def": 31, "spa": 31, "spd": 31, "spe": 31}, "item": "Heavy-Duty Boots", "teraType": "Ground", "role": "Fast Support", "bvs": {"hp": 80, "atk": 80, "def": 80, "spa": 80, "spd": 80, "spe": 80}, "stats": {"hp": 309, "atk": 208, "def": 208, "spa": 208, "spd": 208, "spe": 208}, "types": ["Ice"]}, "Zamazenta": {"name": "Zamazenta", "species": "Zamazenta", "speciesId": "zamazentacrowned", "gender": "N", "shiny": false, "level": 68, "moves": ["stoneedge", "bodypress", "irondefense", "heavyslam"], "ability": "Dauntless Shield", "evs": {"hp": 85, "atk": 85, "def": 85, "spa": 85, "spd": 85, "spe": 85}, "ivs": {"hp": 31, "atk": 31, "def": 31, "spa": 31, "spd": 31, "spe": 31}, "item": "Rusted Shield", "teraType": "Fighting", "role": "Bulky Setup", "bvs": {"hp": 92, "atk": 120, "def": 115, "spa": 80, "spd": 115, "spe": 138}, "stats": {"hp": 238, "atk": 203, "def": 196, "spa": 149, "spd": 196, "spe": 228}, "types": ["Fighting"]}, "Wigglytuff": {"name": "Wigglytuff", "species": "Wigglytuff", "speciesId": "wigglytuff", "gender": "F", "shiny": false, "level": 96, "moves": ["knockoff", "protect", "wish", "dazzlinggleam"], "ability": "Competitive", "evs": {"hp": 85, "atk": 85, "def": 85, "spa": 85, "spd": 85, "spe": 85}, "ivs": {"hp": 31, "atk": 31, "def": 31, "spa": 31, "spd": 31, "spe": 31}, "item": "Leftovers", "teraType": "Poison", "role": "Bulky Support", "bvs": {"hp": 140, "atk": 70, "def": 45, "spa": 85, "spd": 50, "spe": 45}, "stats": {"hp": 424, "atk": 189, "def": 141, "spa": 218, "spd": 150, "spe": 141}, "types": ["Normal", "Fairy"]}, "Pikachu": {"name": "Pikachu", "species": "Pikachu", "speciesId": "pikachu", "gender": "F", "shiny": false, "level": 93, "moves": ["volttackle", "knockoff", "surf", "voltswitch"], "ability": "Lightning Rod", "evs": {"hp": 85, "atk": 85, "def": 85, "spa": 85, "spd": 85, "spe": 85}, "ivs": {"hp": 31, "atk": 31, "def": 31, "spa": 31, "spd": 31, "spe": 31}, "item": "Light Ball", "teraType": "Water", "role": "Fast Attacker", "bvs": {"hp": 35, "atk": 55, "def": 40, "spa": 50, "spd": 50, "spe": 90}, "stats": {"hp": 216, "atk": 155, "def": 127, "spa": 146, "spd": 146, "spe": 220}, "types": ["Electric"]}, "Brute Bonnet": {"name": "Brute Bonnet", "species": "Brute Bonnet", "speciesId": "brutebonnet", "gender": "N", "shiny": false, "level": 80, "moves": ["spore", "suckerpunch", "crunch", "seedbomb"], "ability": "Protosynthesis", "evs": {"hp": 85, "atk": 85, "def": 85, "spa": 85, "spd": 85, "spe": 85}, "ivs": {"hp": 31, "atk": 31, "def": 31, "spa": 31, "spd": 31, "spe": 31}, "item": "Leftovers", "teraType": "Dark", "role": "Bulky Support", "bvs": {"hp": 111, "atk": 127, "def": 99, "spa": 79, "spd": 99, "spe": 55}, "stats": {"hp": 309, "atk": 249, "def": 205, "spa": 173, "spd": 205, "spe": 134}, "types": ["Grass", "Dark"]}, "Exeggutor": {"name": "Exeggutor", "species": "Exeggutor-Alola", "speciesId": "exeggutoralola", "gender": "F", "shiny": false, "level": 89, "moves": ["dracometeor", "flamethrower", "leafstorm", "gigadrain"], "ability": "Frisk", "evs": {"hp": 85, "atk": 0, "def": 85, "spa": 85, "spd": 85, "spe": 85}, "ivs": {"hp": 31, "atk": 0, "def": 31, "spa": 31, "spd": 31, "spe": 31}, "item": "Choice Specs", "teraType": "Fire", "role": "Wallbreaker", "bvs": {"hp": 95, "atk": 105, "def": 85, "spa": 125, "spd": 75, "spe": 45}, "stats": {"hp": 314, "atk": 191, "def": 202, "spa": 273, "spd": 184, "spe": 131}, "types": ["Grass", "Dragon"]}}]}