{"id": "gen9randombattle-2631855484", "format": "[Gen 9] Random Battle", "players": ["katsuge5", "fashionstar510"], "log": "|j|\u2606katsuge5\n|j|\u203dfashionstar510\n|t:|1781448594\n|gametype|singles\n|player|p1|katsuge5|101|2279\n|player|p2|fashionstar510|266|2314\n|gen|9\n|tier|[Gen 9] Random Battle\n|rated|\n|rule|Species Clause: Limit one of each Pok\u00e9mon\n|rule|HP Percentage Mod: HP is shown in percentages\n|rule|Sleep Clause Mod: Limit one foe put to sleep\n|rule|Illusion Level Mod: Illusion disguises the Pok\u00e9mon's true level\n|\n|t:|1781448594\n|teamsize|p1|6\n|teamsize|p2|6\n|start\n|switch|p1a: Falinks|Falinks, L84|246/246\n|switch|p2a: Mienshao|Mienshao, L83, F|243/243\n|turn|1\n|inactive|Battle timer is ON: inactive players will automatically lose when time's up. (requested by fashionstar510)\n|j| PokemonCestDur\n|\n|t:|1781448616\n|switch|p1a: Arbok|Arbok, L87, M|246/246\n|-ability|p1a: Arbok|Intimidate|boost\n|-unboost|p2a: Mienshao|atk|1\n|move|p2a: Mienshao|High Jump Kick|p1a: Arbok\n|-resisted|p1a: Arbok\n|-damage|p1a: Arbok|139/246\n|\n|upkeep\n|turn|2\n|\n|t:|1781448641\n|switch|p2a: Charizard|Charizard, L85, F|271/271\n|move|p1a: Arbok|Glare|p2a: Charizard\n|-status|p2a: Charizard|par\n|\n|upkeep\n|turn|3\n|inactive|katsuge5 has 120 seconds left.\n|\n|t:|1781448680\n|switch|p1a: Clawitzer|Clawitzer, L87, M|265/265\n|cant|p2a: Charizard|par\n|\n|upkeep\n|turn|4\n|\n|t:|1781448694\n|switch|p2a: Rillaboom|Rillaboom, L79, M|288/288\n|-fieldstart|move: Grassy Terrain|[from] ability: Grassy Surge|[of] p2a: Rillaboom\n|move|p1a: Clawitzer|Dragon Pulse|p2a: Rillaboom\n|-damage|p2a: Rillaboom|155/288\n|\n|-heal|p2a: Rillaboom|173/288|[from] Grassy Terrain\n|upkeep\n|turn|5\n|\n|t:|1781448704\n|switch|p1a: Arbok|Arbok, L87, M|139/246\n|-ability|p1a: Arbok|Intimidate|boost\n|-unboost|p2a: Rillaboom|atk|1\n|move|p2a: Rillaboom|Wood Hammer|p1a: Arbok\n|-resisted|p1a: Arbok\n|-damage|p1a: Arbok|53/246\n|-damage|p2a: Rillaboom|145/288|[from] Recoil\n|-damage|p2a: Rillaboom|117/288|[from] item: Life Orb\n|\n|-heal|p1a: Arbok|68/246|[from] Grassy Terrain\n|-heal|p2a: Rillaboom|135/288|[from] Grassy Terrain\n|upkeep\n|turn|6\n|\n|t:|1781448717\n|switch|p2a: Charizard|Charizard, L85, F|271/271 par\n|move|p1a: Arbok|Gunk Shot|p2a: Charizard\n|-damage|p2a: Charizard|68/271 par\n|-damage|p1a: Arbok|44/246|[from] item: Life Orb\n|\n|-heal|p1a: Arbok|59/246|[from] Grassy Terrain\n|upkeep\n|turn|7\n|\n|t:|1781448739\n|move|p1a: Arbok|Knock Off|p2a: Charizard\n|-damage|p2a: Charizard|0 fnt\n|-enditem|p2a: Charizard|Heavy-Duty Boots|[from] move: Knock Off|[of] p1a: Arbok\n|faint|p2a: Charizard\n|-damage|p1a: Arbok|35/246|[from] item: Life Orb\n|\n|-heal|p1a: Arbok|50/246|[from] Grassy Terrain\n|upkeep\n|\n|t:|1781448752\n|switch|p2a: Mienshao|Mienshao, L83, F|243/243\n|turn|8\n|inactive|katsuge5 has 90 seconds left.\n|\n|t:|1781448795\n|switch|p1a: Ampharos|Ampharos, L88, M|302/302\n|move|p2a: Mienshao|High Jump Kick|p1a: Ampharos\n|-crit|p1a: Ampharos\n|-damage|p1a: Ampharos|0 fnt\n|faint|p1a: Ampharos\n|\n|-fieldend|move: Grassy Terrain\n|upkeep\n|\n|t:|1781448809\n|switch|p1a: Dudunsparce|Dudunsparce-Three-Segment, L83, M|343/343\n|turn|9\n|\n|t:|1781448815\n|switch|p2a: Farigiraf|Farigiraf, L90, F|362/362\n|-terastallize|p1a: Dudunsparce|Ghost\n|move|p1a: Dudunsparce|Boomburst|p2a: Farigiraf\n|-damage|p2a: Farigiraf|217/362\n|\n|-heal|p2a: Farigiraf|239/362|[from] item: Leftovers\n|upkeep\n|turn|10\n|\n|t:|1781448830\n|move|p2a: Farigiraf|Wish|p2a: Farigiraf\n|move|p1a: Dudunsparce|Toxic|p2a: Farigiraf\n|-status|p2a: Farigiraf|tox\n|\n|-heal|p2a: Farigiraf|261/362 tox|[from] item: Leftovers\n|-damage|p2a: Farigiraf|239/362 tox|[from] psn\n|upkeep\n|turn|11\n|\n|t:|1781448837\n|switch|p1a: Clawitzer|Clawitzer, L87, M|265/265\n|move|p2a: Farigiraf|Psychic Noise|p1a: Clawitzer\n|-damage|p1a: Clawitzer|195/265\n|-start|p1a: Clawitzer|move: Heal Block\n|\n|-heal|p2a: Farigiraf|362/362 tox|[from] move: Wish|[wisher] Farigiraf\n|-damage|p2a: Farigiraf|318/362 tox|[from] psn\n|upkeep\n|turn|12\n|\n|t:|1781448853\n|move|p2a: Farigiraf|Body Slam|p1a: Clawitzer\n|-crit|p1a: Clawitzer\n|-damage|p1a: Clawitzer|48/265\n|-status|p1a: Clawitzer|par\n|cant|p1a: Clawitzer|par\n|\n|-heal|p2a: Farigiraf|340/362 tox|[from] item: Leftovers\n|-damage|p2a: Farigiraf|274/362 tox|[from] psn\n|-end|p1a: Clawitzer|move: Heal Block\n|upkeep\n|turn|13\n|c|\u2606katsuge5|geez\n|\n|t:|1781448864\n|move|p2a: Farigiraf|Psychic Noise|p1a: Clawitzer\n|-damage|p1a: Clawitzer|0 fnt\n|faint|p1a: Clawitzer\n|\n|-heal|p2a: Farigiraf|296/362 tox|[from] item: Leftovers\n|-damage|p2a: Farigiraf|208/362 tox|[from] psn\n|upkeep\n|\n|t:|1781448868\n|switch|p1a: Cinccino|Cinccino, L83, M|260/260\n|turn|14\n|\n|t:|1781448874\n|move|p1a: Cinccino|U-turn|p2a: Farigiraf\n|-supereffective|p2a: Farigiraf\n|-damage|p2a: Farigiraf|96/362 tox\n|\n|t:|1781448879\n|switch|p1a: Dudunsparce|Dudunsparce-Three-Segment, L83, M, tera:Ghost|343/343|[from] U-turn\n|move|p2a: Farigiraf|Body Slam|p1a: Dudunsparce\n|-immune|p1a: Dudunsparce\n|\n|-heal|p2a: Farigiraf|118/362 tox|[from] item: Leftovers\n|-damage|p2a: Farigiraf|8/362 tox|[from] psn\n|upkeep\n|turn|15\n|inactive|katsuge5 has 90 seconds left.\n|\n|t:|1781448915\n|switch|p1a: Cinccino|Cinccino, L83, M|260/260\n|move|p2a: Farigiraf|Psychic Noise|p1a: Cinccino\n|-damage|p1a: Cinccino|128/260\n|-start|p1a: Cinccino|move: Heal Block\n|\n|-heal|p2a: Farigiraf|30/362 tox|[from] item: Leftovers\n|-damage|p2a: Farigiraf|0 fnt|[from] psn\n|faint|p2a: Farigiraf\n|upkeep\n|\n|t:|1781448927\n|switch|p2a: Zamazenta|Zamazenta-Crowned, L68|238/238\n|-ability|p2a: Zamazenta|Dauntless Shield|boost\n|-boost|p2a: Zamazenta|def|1\n|turn|16\n|\n|t:|1781448938\n|move|p1a: Cinccino|U-turn|p2a: Zamazenta\n|-resisted|p2a: Zamazenta\n|-damage|p2a: Zamazenta|232/238\n|inactive|katsuge5 has 60 seconds left.\n|\n|t:|1781448961\n|switch|p1a: Dudunsparce|Dudunsparce-Three-Segment, L83, M, tera:Ghost|343/343|[from] U-turn\n|move|p2a: Zamazenta|Heavy Slam|p1a: Dudunsparce\n|-damage|p1a: Dudunsparce|241/343\n|\n|-heal|p1a: Dudunsparce|262/343|[from] item: Leftovers\n|upkeep\n|turn|17\n|inactive|katsuge5 has 60 seconds left.\n|\n|t:|1781448975\n|switch|p2a: Banette|Banette, L93, M|270/270\n|move|p1a: Dudunsparce|Boomburst|p2a: Banette\n|-immune|p2a: Banette\n|\n|-heal|p1a: Dudunsparce|283/343|[from] item: Leftovers\n|upkeep\n|turn|18\n|inactive|katsuge5 has 60 seconds left.\n|\n|t:|1781449005\n|switch|p1a: Arbok|Arbok, L87, M|50/246\n|-ability|p1a: Arbok|Intimidate|boost\n|-unboost|p2a: Banette|atk|1\n|move|p2a: Banette|Poltergeist|p1a: Arbok\n|-activate|p1a: Arbok|move: Poltergeist|Life Orb\n|-damage|p1a: Arbok|0 fnt\n|faint|p1a: Arbok\n|-damage|p2a: Banette|243/270|[from] item: Life Orb\n|\n|upkeep\n|inactive|katsuge5 has 30 seconds left.\n|inactive|katsuge5 has 20 seconds left.\n|\n|t:|1781449037\n|switch|p1a: Falinks|Falinks, L84|246/246\n|turn|19\n|inactive|katsuge5 has 30 seconds left this turn.\n|inactive|katsuge5 has 20 seconds left.\n|inactive|katsuge5 has 15 seconds left.\n|\n|t:|1781449053\n|move|p1a: Falinks|No Retreat|p1a: Falinks\n|-boost|p1a: Falinks|atk|1\n|-boost|p1a: Falinks|def|1\n|-boost|p1a: Falinks|spa|1\n|-boost|p1a: Falinks|spd|1\n|-boost|p1a: Falinks|spe|1\n|-start|p1a: Falinks|move: No Retreat\n|move|p2a: Banette|Poltergeist|p1a: Falinks\n|-activate|p1a: Falinks|move: Poltergeist|Life Orb\n|-damage|p1a: Falinks|156/246\n|-damage|p2a: Banette|216/270|[from] item: Life Orb\n|\n|upkeep\n|turn|20\n|inactive|katsuge5 has 25 seconds left this turn.\n|inactive|katsuge5 has 20 seconds left.\n|\n|t:|1781449062\n|switch|p2a: Mienshao|Mienshao, L83, F|243/243\n|move|p1a: Falinks|Knock Off|p2a: Mienshao\n|-resisted|p2a: Mienshao\n|-damage|p2a: Mienshao|155/243\n|-enditem|p2a: Mienshao|Choice Band|[from] move: Knock Off|[of] p1a: Falinks\n|-damage|p1a: Falinks|132/246|[from] item: Life Orb\n|\n|upkeep\n|turn|21\n|inactive|katsuge5 has 30 seconds left this turn.\n|inactive|katsuge5 has 20 seconds left.\n|inactive|katsuge5 has 15 seconds left.\n|inactive|katsuge5 has 10 seconds left.\n|\n|t:|1781449084\n|move|p1a: Falinks|Close Combat|p2a: Mienshao\n|-damage|p2a: Mienshao|0 fnt\n|-unboost|p1a: Falinks|def|1\n|-unboost|p1a: Falinks|spd|1\n|faint|p2a: Mienshao\n|-damage|p1a: Falinks|108/246|[from] item: Life Orb\n|\n|upkeep\n|\n|t:|1781449102\n|switch|p2a: Rillaboom|Rillaboom, L79, M|135/288\n|-fieldstart|move: Grassy Terrain|[from] ability: Grassy Surge|[of] p2a: Rillaboom\n|turn|22\n|inactive|katsuge5 has 25 seconds left this turn.\n|inactive|katsuge5 has 20 seconds left.\n|inactive|katsuge5 has 15 seconds left.\n|\n|t:|1781449117\n|move|p2a: Rillaboom|Grassy Glide|p1a: Falinks\n|-damage|p1a: Falinks|14/246\n|-damage|p2a: Rillaboom|107/288|[from] item: Life Orb\n|move|p1a: Falinks|Close Combat|p2a: Rillaboom\n|-damage|p2a: Rillaboom|0 fnt\n|-unboost|p1a: Falinks|def|1\n|-unboost|p1a: Falinks|spd|1\n|faint|p2a: Rillaboom\n|-damage|p1a: Falinks|0 fnt|[from] item: Life Orb\n|faint|p1a: Falinks\n|\n|upkeep\n|inactive|katsuge5 has 20 seconds left this turn.\n|inactive|katsuge5 has 15 seconds left.\n|inactive|katsuge5 has 10 seconds left.\n|\n|t:|1781449138\n|switch|p2a: Banette|Banette, L93, M|216/270\n|switch|p1a: Cinccino|Cinccino, L83, M|128/260\n|turn|23\n|inactive|katsuge5 has 20 seconds left this turn.\n|inactive|katsuge5 has 15 seconds left.\n|\n|t:|1781449148\n|-terastallize|p2a: Banette|Poison\n|move|p1a: Cinccino|Bullet Seed|p2a: Banette\n|-resisted|p2a: Banette\n|-damage|p2a: Banette|198/270\n|-resisted|p2a: Banette\n|-crit|p2a: Banette\n|-damage|p2a: Banette|168/270\n|-start|p1a: Cinccino|Disable|Bullet Seed|[from] ability: Cursed Body|[of] p2a: Banette\n|-resisted|p2a: Banette\n|-damage|p2a: Banette|150/270\n|-resisted|p2a: Banette\n|-damage|p2a: Banette|131/270\n|-hitcount|p2a: Banette|4\n|move|p2a: Banette|Gunk Shot|p1a: Cinccino\n|-damage|p1a: Cinccino|0 fnt\n|faint|p1a: Cinccino\n|-damage|p2a: Banette|104/270|[from] item: Life Orb\n|\n|-heal|p2a: Banette|120/270|[from] Grassy Terrain\n|upkeep\n|inactive|katsuge5 has 20 seconds left this turn.\n|\n|t:|1781449150\n|switch|p1a: Dudunsparce|Dudunsparce-Three-Segment, L83, M, tera:Ghost|283/343\n|turn|24\n|inactive|katsuge5 has 30 seconds left this turn.\n|\n|t:|1781449154\n|move|p2a: Banette|Poltergeist|p1a: Dudunsparce\n|-activate|p1a: Dudunsparce|move: Poltergeist|Leftovers\n|-supereffective|p1a: Dudunsparce\n|-damage|p1a: Dudunsparce|0 fnt\n|faint|p1a: Dudunsparce\n|-damage|p2a: Banette|93/270|[from] item: Life Orb\n|\n|win|fashionstar510\n", "uploadtime": 1781448597, "views": 5, "formatid": "gen9randombattle", "rating": null, "private": 0, "password": null}