{"id": "gen9randombattle-2631628915", "format": "[Gen 9] Random Battle", "players": ["Jadasteel", "asmpokee"], "log": "|j|\u2606Jadasteel\n|j|\u2606asmpokee\n|t:|1781411353\n|gametype|singles\n|player|p1|Jadasteel|fantina|2022\n|player|p2|asmpokee|102|2135\n|gen|9\n|tier|[Gen 9] Random Battle\n|rated|\n|rule|Species Clause: Limit one of each Pok\u00e9mon\n|rule|HP Percentage Mod: HP is shown in percentages\n|rule|Sleep Clause Mod: Limit one foe put to sleep\n|rule|Illusion Level Mod: Illusion disguises the Pok\u00e9mon's true level\n|\n|t:|1781411353\n|teamsize|p1|6\n|teamsize|p2|6\n|start\n|switch|p1a: Archaludon|Archaludon, L78, F|268/268\n|switch|p2a: Gardevoir|Gardevoir, L83, M|249/249\n|-ability|p2a: Gardevoir|Stamina|Trace|[from] ability: Trace|[of] p1a: Archaludon\n|turn|1\n|inactive|Battle timer is ON: inactive players will automatically lose when time's up. (requested by Jadasteel)\n|\n|t:|1781411367\n|switch|p2a: Blastoise|Blastoise, L80, M|258/258\n|switch|p1a: Iron Crown|Iron Crown, L78|268/268\n|\n|upkeep\n|turn|2\n|\n|t:|1781411379\n|move|p1a: Iron Crown|Calm Mind|p1a: Iron Crown\n|-boost|p1a: Iron Crown|spa|1\n|-boost|p1a: Iron Crown|spd|1\n|move|p2a: Blastoise|Shell Smash|p2a: Blastoise\n|-unboost|p2a: Blastoise|def|1\n|-unboost|p2a: Blastoise|spd|1\n|-boost|p2a: Blastoise|atk|2\n|-boost|p2a: Blastoise|spa|2\n|-boost|p2a: Blastoise|spe|2\n|-enditem|p2a: Blastoise|White Herb\n|-clearnegativeboost|p2a: Blastoise|[silent]\n|\n|upkeep\n|turn|3\n|\n|t:|1781411383\n|move|p2a: Blastoise|Earthquake|p1a: Iron Crown\n|-supereffective|p1a: Iron Crown\n|-damage|p1a: Iron Crown|42/268\n|move|p1a: Iron Crown|Psyshock|p2a: Blastoise\n|-damage|p2a: Blastoise|129/258\n|\n|-heal|p1a: Iron Crown|58/268|[from] item: Leftovers\n|upkeep\n|turn|4\n|\n|t:|1781411391\n|-end|p1a: Iron Crown|Quark Drive|[silent]\n|switch|p1a: Kilowattrel|Kilowattrel, L83, F|252/252\n|move|p2a: Blastoise|Earthquake|p1a: Kilowattrel\n|-immune|p1a: Kilowattrel\n|\n|upkeep\n|turn|5\n|\n|t:|1781411398\n|-terastallize|p1a: Kilowattrel|Water\n|move|p2a: Blastoise|Ice Beam|p1a: Kilowattrel\n|-resisted|p1a: Kilowattrel\n|-damage|p1a: Kilowattrel|181/252\n|move|p1a: Kilowattrel|Thunderbolt|p2a: Blastoise\n|-supereffective|p2a: Blastoise\n|-damage|p2a: Blastoise|0 fnt\n|faint|p2a: Blastoise\n|\n|upkeep\n|\n|t:|1781411417\n|switch|p2a: Gardevoir|Gardevoir, L83, M|249/249\n|-ability|p2a: Gardevoir|Volt Absorb|Trace|[from] ability: Trace|[of] p1a: Kilowattrel\n|turn|6\n|\n|t:|1781411425\n|-terastallize|p2a: Gardevoir|Fairy\n|move|p2a: Gardevoir|Moonblast|p1a: Kilowattrel\n|-damage|p1a: Kilowattrel|0 fnt\n|faint|p1a: Kilowattrel\n|\n|upkeep\n|\n|t:|1781411440\n|switch|p1a: Iron Leaves|Iron Leaves, L80|275/275\n|turn|7\n|\n|t:|1781411448\n|move|p2a: Gardevoir|Moonblast|p1a: Iron Leaves\n|-damage|p1a: Iron Leaves|117/275\n|move|p1a: Iron Leaves|Leaf Blade|p2a: Gardevoir\n|-damage|p2a: Gardevoir|30/249\n|\n|upkeep\n|turn|8\n|\n|t:|1781411458\n|move|p2a: Gardevoir|Moonblast|p1a: Iron Leaves\n|-damage|p1a: Iron Leaves|0 fnt\n|faint|p1a: Iron Leaves\n|-end|p1a: Iron Leaves|Quark Drive|[silent]\n|\n|upkeep\n|\n|t:|1781411459\n|switch|p1a: Archaludon|Archaludon, L78, F|268/268\n|turn|9\n|\n|t:|1781411467\n|move|p2a: Gardevoir|Moonblast|p1a: Archaludon\n|-crit|p1a: Archaludon\n|-damage|p1a: Archaludon|0 fnt\n|faint|p1a: Archaludon\n|\n|upkeep\n|\n|t:|1781411470\n|switch|p1a: Hydrapple|Hydrapple, L83, M|312/312\n|turn|10\n|\n|t:|1781411474\n|move|p2a: Gardevoir|Moonblast|p1a: Hydrapple\n|-supereffective|p1a: Hydrapple\n|-damage|p1a: Hydrapple|0 fnt\n|faint|p1a: Hydrapple\n|\n|upkeep\n|\n|t:|1781411478\n|switch|p1a: Scrafty|Scrafty, L83, M|244/244\n|turn|11\n|\n|t:|1781411480\n|move|p2a: Gardevoir|Moonblast|p1a: Scrafty\n|-supereffective|p1a: Scrafty\n|-damage|p1a: Scrafty|0 fnt\n|faint|p1a: Scrafty\n|\n|upkeep\n|\n|t:|1781411481\n|switch|p1a: Iron Crown|Iron Crown, L78|58/268\n|turn|12\n|\n|t:|1781411484\n|move|p2a: Gardevoir|Moonblast|p1a: Iron Crown\n|-resisted|p1a: Iron Crown\n|-damage|p1a: Iron Crown|0 fnt\n|faint|p1a: Iron Crown\n|-end|p1a: Iron Crown|Quark Drive|[silent]\n|\n|win|asmpokee\n", "uploadtime": 1781411355, "views": 4, "formatid": "gen9randombattle", "rating": null, "private": 0, "password": null}