{"id": "gen9randombattle-2631638553", "format": "[Gen 9] Random Battle", "players": ["SteelixPrismGX", "Chickenadoboy"], "log": "|j|\u2606SteelixPrismGX\n|j|\u2606Chickenadoboy\n|t:|1781412927\n|gametype|singles\n|player|p1|SteelixPrismGX|siebold|2040\n|player|p2|Chickenadoboy|266|2108\n|gen|9\n|tier|[Gen 9] Random Battle\n|rated|\n|rule|Species Clause: Limit one of each Pok\u00e9mon\n|rule|HP Percentage Mod: HP is shown in percentages\n|rule|Sleep Clause Mod: Limit one foe put to sleep\n|rule|Illusion Level Mod: Illusion disguises the Pok\u00e9mon's true level\n|\n|t:|1781412927\n|teamsize|p1|6\n|teamsize|p2|6\n|start\n|switch|p1a: Latios|Latios, L78, M|253/253\n|switch|p2a: Noivern|Noivern, L82, M|274/274\n|turn|1\n|inactive|Battle timer is ON: inactive players will automatically lose when time's up. (requested by SteelixPrismGX)\n|\n|t:|1781412959\n|switch|p1a: Hypno|Hypno, L95, F|315/315\n|move|p2a: Noivern|U-turn|p1a: Hypno\n|-supereffective|p1a: Hypno\n|-damage|p1a: Hypno|231/315\n|\n|t:|1781412965\n|switch|p2a: Lokix|Lokix, L82, M|251/251|[from] U-turn\n|\n|-heal|p1a: Hypno|250/315|[from] item: Leftovers\n|upkeep\n|turn|2\n|\n|t:|1781412974\n|move|p1a: Hypno|Protect|p1a: Hypno\n|-singleturn|p1a: Hypno|Protect\n|move|p2a: Lokix|Knock Off|p1a: Hypno\n|-activate|p1a: Hypno|move: Protect\n|\n|-heal|p1a: Hypno|269/315|[from] item: Leftovers\n|upkeep\n|turn|3\n|\n|t:|1781412980\n|move|p2a: Lokix|Knock Off|p1a: Hypno\n|-supereffective|p1a: Hypno\n|-damage|p1a: Hypno|0 fnt\n|-enditem|p1a: Hypno|Leftovers|[from] move: Knock Off|[of] p2a: Lokix\n|faint|p1a: Hypno\n|-damage|p2a: Lokix|226/251|[from] item: Life Orb\n|\n|upkeep\n|\n|t:|1781412983\n|switch|p1a: Poliwrath|Poliwrath, L88, M|302/302\n|turn|4\n|\n|t:|1781412993\n|switch|p2a: Reuniclus|Reuniclus, L88, F|337/337\n|move|p1a: Poliwrath|Liquidation|p2a: Reuniclus\n|-damage|p2a: Reuniclus|232/337\n|\n|upkeep\n|turn|5\n|\n|t:|1781412999\n|move|p1a: Poliwrath|Knock Off|p2a: Reuniclus\n|-supereffective|p2a: Reuniclus\n|-damage|p2a: Reuniclus|60/337\n|-enditem|p2a: Reuniclus|Life Orb|[from] move: Knock Off|[of] p1a: Poliwrath\n|move|p2a: Reuniclus|Recover|p2a: Reuniclus\n|-heal|p2a: Reuniclus|229/337\n|\n|upkeep\n|turn|6\n|\n|t:|1781413005\n|move|p1a: Poliwrath|Liquidation|p2a: Reuniclus\n|-damage|p2a: Reuniclus|121/337\n|move|p2a: Reuniclus|Recover|p2a: Reuniclus\n|-heal|p2a: Reuniclus|290/337\n|\n|upkeep\n|turn|7\n|\n|t:|1781413012\n|switch|p1a: Skuntank|Skuntank, L84, F|310/310\n|move|p2a: Reuniclus|Psyshock|p1a: Skuntank\n|-immune|p1a: Skuntank\n|\n|upkeep\n|turn|8\n|\n|t:|1781413028\n|switch|p2a: Honchkrow|Honchkrow, L86, M|312/312\n|move|p1a: Skuntank|Gunk Shot|p2a: Honchkrow\n|-damage|p2a: Honchkrow|128/312\n|\n|upkeep\n|turn|9\n|\n|t:|1781413034\n|move|p1a: Skuntank|Gunk Shot|p2a: Honchkrow\n|-damage|p2a: Honchkrow|0 fnt\n|faint|p2a: Honchkrow\n|\n|upkeep\n|\n|t:|1781413056\n|switch|p2a: Lokix|Lokix, L82, M|226/251\n|turn|10\n|\n|t:|1781413071\n|move|p2a: Lokix|Knock Off|p1a: Skuntank\n|-resisted|p1a: Skuntank\n|-damage|p1a: Skuntank|144/310\n|-enditem|p1a: Skuntank|Leftovers|[from] move: Knock Off|[of] p2a: Lokix\n|-damage|p2a: Lokix|201/251|[from] item: Life Orb\n|move|p1a: Skuntank|Gunk Shot|p2a: Lokix\n|-damage|p2a: Lokix|62/251\n|\n|upkeep\n|turn|11\n|\n|t:|1781413084\n|move|p2a: Lokix|Leech Life|p1a: Skuntank\n|-damage|p1a: Skuntank|8/310\n|-heal|p2a: Lokix|130/251|[from] drain|[of] p1a: Skuntank\n|-damage|p2a: Lokix|105/251|[from] item: Life Orb\n|move|p1a: Skuntank|Gunk Shot|p2a: Lokix\n|-damage|p2a: Lokix|0 fnt\n|faint|p2a: Lokix\n|\n|upkeep\n|\n|t:|1781413093\n|switch|p2a: Noivern|Noivern, L82, M|274/274\n|turn|12\n|\n|t:|1781413098\n|move|p2a: Noivern|U-turn|p1a: Skuntank\n|-damage|p1a: Skuntank|0 fnt\n|-damage|p2a: Noivern|206/274|[from] ability: Aftermath|[of] p1a: Skuntank\n|faint|p1a: Skuntank\n|\n|t:|1781413100\n|switch|p2a: Reuniclus|Reuniclus, L88, F|290/337|[from] U-turn\n|\n|upkeep\n|\n|t:|1781413109\n|switch|p1a: Barraskewda|Barraskewda, L81, F|231/231\n|turn|13\n|\n|t:|1781413117\n|move|p1a: Barraskewda|Throat Chop|p2a: Reuniclus\n|-supereffective|p2a: Reuniclus\n|-damage|p2a: Reuniclus|100/337\n|-start|p2a: Reuniclus|Throat Chop|[silent]\n|move|p2a: Reuniclus|Recover|p2a: Reuniclus\n|-heal|p2a: Reuniclus|269/337\n|\n|upkeep\n|turn|14\n|inactive|Chickenadoboy has 120 seconds left.\n|\n|t:|1781413147\n|-terastallize|p2a: Reuniclus|Fighting\n|move|p1a: Barraskewda|Throat Chop|p2a: Reuniclus\n|-resisted|p2a: Reuniclus\n|-damage|p2a: Reuniclus|220/337\n|move|p2a: Reuniclus|Psyshock|p1a: Barraskewda\n|-damage|p1a: Barraskewda|68/231\n|\n|-end|p2a: Reuniclus|Throat Chop|[silent]\n|upkeep\n|turn|15\n|\n|t:|1781413153\n|switch|p1a: Latios|Latios, L78, M|253/253\n|move|p2a: Reuniclus|Calm Mind|p2a: Reuniclus\n|-boost|p2a: Reuniclus|spa|1\n|-boost|p2a: Reuniclus|spd|1\n|\n|upkeep\n|turn|16\n|\n|t:|1781413162\n|switch|p2a: Blissey|Blissey, L85, F|572/572\n|move|p1a: Latios|Psyshock|p2a: Blissey\n|-damage|p2a: Blissey|224/572\n|\n|-heal|p2a: Blissey|259/572|[from] item: Leftovers\n|upkeep\n|turn|17\n|\n|t:|1781413168\n|move|p1a: Latios|Psyshock|p2a: Blissey\n|-damage|p2a: Blissey|0 fnt\n|faint|p2a: Blissey\n|\n|upkeep\n|\n|t:|1781413170\n|switch|p2a: Noivern|Noivern, L82, M|206/274\n|turn|18\n|\n|t:|1781413175\n|switch|p1a: Poliwrath|Poliwrath, L88, M|302/302\n|move|p2a: Noivern|U-turn|p1a: Poliwrath\n|-resisted|p1a: Poliwrath\n|-damage|p1a: Poliwrath|285/302\n|\n|t:|1781413176\n|switch|p2a: Reuniclus|Reuniclus, L88, F, tera:Fighting|220/337|[from] U-turn\n|\n|upkeep\n|turn|19\n|\n|t:|1781413183\n|move|p1a: Poliwrath|Liquidation|p2a: Reuniclus\n|-damage|p2a: Reuniclus|117/337\n|move|p2a: Reuniclus|Recover|p2a: Reuniclus\n|-heal|p2a: Reuniclus|286/337\n|\n|upkeep\n|turn|20\n|\n|t:|1781413187\n|move|p1a: Poliwrath|Liquidation|p2a: Reuniclus\n|-damage|p2a: Reuniclus|184/337\n|move|p2a: Reuniclus|Psyshock|p1a: Poliwrath\n|-supereffective|p1a: Poliwrath\n|-damage|p1a: Poliwrath|85/302\n|\n|upkeep\n|turn|21\n|\n|t:|1781413192\n|switch|p1a: Latios|Latios, L78, M|253/253\n|move|p2a: Reuniclus|Recover|p2a: Reuniclus\n|-heal|p2a: Reuniclus|337/337\n|\n|upkeep\n|turn|22\n|\n|t:|1781413212\n|move|p1a: Latios|Calm Mind|p1a: Latios\n|-boost|p1a: Latios|spa|1\n|-boost|p1a: Latios|spd|1\n|move|p2a: Reuniclus|Recover||[still]\n|-fail|p2a: Reuniclus|heal\n|\n|upkeep\n|turn|23\n|-message|Chickenadoboy forfeited.\n|\n|win|SteelixPrismGX\n|raw|SteelixPrismGX's rating: 2040 &rarr; <strong>2064</strong><br />(+24 for winning)\n|raw|Chickenadoboy's rating: 2108 &rarr; <strong>2084</strong><br />(-24 for losing)\n|l|\u2606Chickenadoboy\n|player|p2|\n", "inputlog": ">version a8376a258c1d4662feba110a92103f3664a72141\n>start {\"formatid\":\"gen9randombattle\",\"seed\":\"sodium,b5a535060c8140fe54906ad79921257b\",\"rated\":\"Rated battle\"}\n>player p1 {\"name\":\"SteelixPrismGX\",\"avatar\":\"siebold\",\"rating\":2040,\"seed\":\"sodium,d9d5534106fcf94b5fa6d9e362be7f2e\"}\n>player p2 {\"name\":\"Chickenadoboy\",\"avatar\":\"266\",\"rating\":2108,\"seed\":\"sodium,8f09b182cbb5df05dfe0bae928dc6be8\"}\n>p1 switch 4\n>p2 move uturn\n>p2 switch 2\n>p1 move protect\n>p2 move knockoff\n>p1 move focusblast\n>p2 move knockoff\n>p1 switch 2\n>p1 move liquidation\n>p2 switch 4\n>p1 move knockoff\n>p2 move recover\n>p1 move liquidation\n>p2 move recover\n>p1 switch 6\n>p2 move psyshock\n>p1 move gunkshot\n>p2 switch 3\n>p1 move gunkshot\n>p2 move bravebird\n>p2 switch 4\n>p1 move gunkshot\n>p2 move knockoff\n>p1 move gunkshot\n>p2 move leechlife\n>p2 switch 2\n>p1 move knockoff\n>p2 move uturn\n>p2 switch 3\n>p1 switch 3\n>p1 move throatchop\n>p2 move recover\n>p1 move throatchop\n>p2 move psyshock terastallize\n>p1 switch 4\n>p2 move calmmind\n>p1 move psyshock\n>p2 switch 5\n>p1 move psyshock\n>p2 move softboiled\n>p2 switch 3\n>p1 switch 6\n>p2 move uturn\n>p2 switch 5\n>p1 move liquidation\n>p2 move recover\n>p1 move liquidation\n>p2 move psyshock\n>p1 switch 6\n>p2 move recover\n>p1 move calmmind\n>p2 move recover\n>forcelose p2", "uploadtime": 1781412928, "views": 7, "formatid": "gen9randombattle", "rating": 2064, "private": 0, "password": null}