{"id": "gen9randombattle-2631701233", "format": "[Gen 9] Random Battle", "players": ["peekatchoum", "mantheman97"], "log": "|j|\u2606peekatchoum\n|j|\u2606mantheman97\n|t:|1781424608\n|gametype|singles\n|player|p1|peekatchoum|266|1999\n|player|p2|mantheman97|265|2273\n|gen|9\n|tier|[Gen 9] Random Battle\n|rated|\n|rule|Species Clause: Limit one of each Pok\u00e9mon\n|rule|HP Percentage Mod: HP is shown in percentages\n|rule|Sleep Clause Mod: Limit one foe put to sleep\n|rule|Illusion Level Mod: Illusion disguises the Pok\u00e9mon's true level\n|\n|t:|1781424608\n|teamsize|p1|6\n|teamsize|p2|6\n|start\n|switch|p1a: Vivillon|Vivillon-Sandstorm, L83, F|268/268\n|switch|p2a: Porygon2|Porygon2, L81|270/270\n|-ability|p2a: Porygon2|Download|boost\n|-boost|p2a: Porygon2|spa|1\n|turn|1\n|inactive|Battle timer is ON: inactive players will automatically lose when time's up. (requested by peekatchoum)\n|\n|t:|1781424627\n|move|p1a: Vivillon|Sleep Powder|p2a: Porygon2\n|-status|p2a: Porygon2|slp|[from] move: Sleep Powder\n|cant|p2a: Porygon2|slp\n|\n|upkeep\n|turn|2\n|\n|t:|1781424639\n|switch|p1a: Electivire|Electivire, L84, M|263/263\n|switch|p2a: Dialga|Dialga, L73|266/266\n|-ability|p2a: Dialga|Pressure\n|\n|upkeep\n|turn|3\n|\n|t:|1781424656\n|move|p1a: Electivire|Earthquake|p2a: Dialga\n|-supereffective|p2a: Dialga\n|-damage|p2a: Dialga|24/266\n|move|p2a: Dialga|Draco Meteor|p1a: Electivire\n|-damage|p1a: Electivire|104/263\n|-unboost|p2a: Dialga|spa|2\n|\n|upkeep\n|turn|4\n|\n|t:|1781424673\n|switch|p2a: Iron Jugulis|Iron Jugulis, L77|271/271\n|move|p1a: Electivire|Earthquake|p2a: Iron Jugulis\n|-immune|p2a: Iron Jugulis\n|\n|upkeep\n|turn|5\n|\n|t:|1781424682\n|switch|p1a: Grimmsnarl|Grimmsnarl, L83, M|293/293\n|move|p2a: Iron Jugulis|Hurricane|p1a: Grimmsnarl\n|-damage|p1a: Grimmsnarl|164/293\n|\n|-heal|p1a: Grimmsnarl|182/293|[from] item: Leftovers\n|upkeep\n|turn|6\n|\n|t:|1781424694\n|-end|p2a: Iron Jugulis|Quark Drive|[silent]\n|switch|p2a: Porygon2|Porygon2, L81|270/270 slp\n|-ability|p2a: Porygon2|Download|boost\n|-boost|p2a: Porygon2|atk|1\n|move|p1a: Grimmsnarl|Spirit Break|p2a: Porygon2\n|-damage|p2a: Porygon2|204/270 slp\n|-unboost|p2a: Porygon2|spa|1\n|\n|-heal|p1a: Grimmsnarl|200/293|[from] item: Leftovers\n|upkeep\n|turn|7\n|\n|t:|1781424704\n|move|p1a: Grimmsnarl|Spirit Break|p2a: Porygon2\n|-damage|p2a: Porygon2|146/270 slp\n|-unboost|p2a: Porygon2|spa|1\n|cant|p2a: Porygon2|slp\n|\n|-heal|p1a: Grimmsnarl|218/293|[from] item: Leftovers\n|upkeep\n|turn|8\n|\n|t:|1781424708\n|move|p1a: Grimmsnarl|Taunt|p2a: Porygon2\n|-start|p2a: Porygon2|move: Taunt\n|-curestatus|p2a: Porygon2|slp|[msg]\n|cant|p2a: Porygon2|move: Taunt|Recover\n|\n|-heal|p1a: Grimmsnarl|236/293|[from] item: Leftovers\n|upkeep\n|turn|9\n|\n|t:|1781424717\n|switch|p2a: Kleavor|Kleavor, L78, F|237/237\n|move|p1a: Grimmsnarl|Spirit Break|p2a: Kleavor\n|-damage|p2a: Kleavor|150/237\n|-unboost|p2a: Kleavor|spa|1\n|\n|-heal|p1a: Grimmsnarl|254/293|[from] item: Leftovers\n|upkeep\n|turn|10\n|\n|t:|1781424734\n|switch|p1a: Hippowdon|Hippowdon, L82, F|311/311\n|-weather|Sandstorm|[from] ability: Sand Stream|[of] p1a: Hippowdon\n|move|p2a: Kleavor|Stone Axe|p1a: Hippowdon\n|-resisted|p1a: Hippowdon\n|-damage|p1a: Hippowdon|263/311\n|-sidestart|p1: peekatchoum|move: Stealth Rock\n|\n|-weather|Sandstorm|[upkeep]\n|-heal|p1a: Hippowdon|282/311|[from] item: Leftovers\n|upkeep\n|turn|11\n|inactive|peekatchoum has 120 seconds left.\n|\n|t:|1781424773\n|switch|p2a: Porygon2|Porygon2, L81|146/270\n|-ability|p2a: Porygon2|Download|boost\n|-boost|p2a: Porygon2|spa|1\n|switch|p1a: Grimmsnarl|Grimmsnarl, L83, M|254/293\n|-damage|p1a: Grimmsnarl|218/293|[from] Stealth Rock\n|\n|-weather|Sandstorm|[upkeep]\n|-damage|p1a: Grimmsnarl|200/293|[from] Sandstorm\n|-damage|p2a: Porygon2|130/270|[from] Sandstorm\n|-heal|p1a: Grimmsnarl|218/293|[from] item: Leftovers\n|upkeep\n|turn|12\n|\n|t:|1781424784\n|move|p1a: Grimmsnarl|Taunt|p2a: Porygon2\n|-start|p2a: Porygon2|move: Taunt\n|move|p2a: Porygon2|Tri Attack|p1a: Grimmsnarl\n|-damage|p1a: Grimmsnarl|83/293\n|\n|-weather|Sandstorm|[upkeep]\n|-damage|p1a: Grimmsnarl|65/293|[from] Sandstorm\n|-damage|p2a: Porygon2|114/270|[from] Sandstorm\n|-heal|p1a: Grimmsnarl|83/293|[from] item: Leftovers\n|upkeep\n|turn|13\n|\n|t:|1781424792\n|move|p1a: Grimmsnarl|Spirit Break|p2a: Porygon2\n|-damage|p2a: Porygon2|47/270\n|-unboost|p2a: Porygon2|spa|1\n|move|p2a: Porygon2|Tri Attack|p1a: Grimmsnarl\n|-damage|p1a: Grimmsnarl|0 fnt\n|faint|p1a: Grimmsnarl\n|\n|-weather|Sandstorm|[upkeep]\n|-damage|p2a: Porygon2|31/270|[from] Sandstorm\n|upkeep\n|\n|t:|1781424804\n|switch|p1a: Flygon|Flygon, L82, F|265/265\n|-damage|p1a: Flygon|249/265|[from] Stealth Rock\n|turn|14\n|\n|t:|1781424816\n|switch|p2a: Dialga|Dialga, L73|24/266\n|-ability|p2a: Dialga|Pressure\n|move|p1a: Flygon|Outrage|p2a: Dialga\n|-damage|p2a: Dialga|0 fnt\n|faint|p2a: Dialga\n|\n|-weather|none\n|upkeep\n|\n|t:|1781424839\n|switch|p2a: Quaquaval|Quaquaval, L79, F|264/264\n|turn|15\n|\n|t:|1781424851\n|-terastallize|p2a: Quaquaval|Steel\n|move|p1a: Flygon|Outrage|p2a: Quaquaval|[from] lockedmove\n|-resisted|p2a: Quaquaval\n|-damage|p2a: Quaquaval|196/264\n|-start|p1a: Flygon|confusion|[fatigue]\n|move|p2a: Quaquaval|Aqua Step|p1a: Flygon\n|-damage|p1a: Flygon|150/265\n|-boost|p2a: Quaquaval|spe|1\n|\n|-heal|p2a: Quaquaval|212/264|[from] item: Leftovers\n|upkeep\n|turn|16\n|inactive|mantheman97 has 120 seconds left.\n|\n|t:|1781424868\n|switch|p1a: Scrafty|Scrafty, L83, F|244/244\n|-damage|p1a: Scrafty|229/244|[from] Stealth Rock\n|move|p2a: Quaquaval|Swords Dance|p2a: Quaquaval\n|-boost|p2a: Quaquaval|atk|2\n|\n|-heal|p2a: Quaquaval|228/264|[from] item: Leftovers\n|-heal|p1a: Scrafty|244/244|[from] item: Leftovers\n|upkeep\n|turn|17\n|inactive|mantheman97 has 120 seconds left.\n|inactive|peekatchoum has 120 seconds left.\n|\n|t:|1781424892\n|-terastallize|p1a: Scrafty|Poison\n|move|p2a: Quaquaval|Swords Dance|p2a: Quaquaval\n|-boost|p2a: Quaquaval|atk|2\n|move|p1a: Scrafty|Bulk Up|p1a: Scrafty\n|-boost|p1a: Scrafty|atk|1\n|-boost|p1a: Scrafty|def|1\n|\n|-heal|p2a: Quaquaval|244/264|[from] item: Leftovers\n|upkeep\n|turn|18\n|inactive|mantheman97 has 120 seconds left.\n|\n|t:|1781424900\n|move|p2a: Quaquaval|Aqua Step|p1a: Scrafty\n|-damage|p1a: Scrafty|105/244\n|-boost|p2a: Quaquaval|spe|1\n|move|p1a: Scrafty|Drain Punch|p2a: Quaquaval\n|-supereffective|p2a: Quaquaval\n|-damage|p2a: Quaquaval|8/264\n|-heal|p1a: Scrafty|223/244|[from] drain|[of] p2a: Quaquaval\n|\n|-heal|p2a: Quaquaval|24/264|[from] item: Leftovers\n|-heal|p1a: Scrafty|238/244|[from] item: Leftovers\n|upkeep\n|turn|19\n|\n|t:|1781424907\n|move|p2a: Quaquaval|Aqua Step|p1a: Scrafty\n|-damage|p1a: Scrafty|103/244\n|-boost|p2a: Quaquaval|spe|1\n|move|p1a: Scrafty|Drain Punch|p2a: Quaquaval\n|-supereffective|p2a: Quaquaval\n|-damage|p2a: Quaquaval|0 fnt\n|-heal|p1a: Scrafty|115/244|[from] drain|[of] p2a: Quaquaval\n|faint|p2a: Quaquaval\n|\n|-heal|p1a: Scrafty|130/244|[from] item: Leftovers\n|upkeep\n|inactive|mantheman97 has 120 seconds left.\n|\n|t:|1781424924\n|switch|p2a: Porygon2|Porygon2, L81|31/270\n|-ability|p2a: Porygon2|Download|boost\n|-boost|p2a: Porygon2|spa|1\n|turn|20\n|inactive|mantheman97 has 120 seconds left.\n|\n|t:|1781424939\n|move|p1a: Scrafty|Drain Punch|p2a: Porygon2\n|-supereffective|p2a: Porygon2\n|-damage|p2a: Porygon2|0 fnt\n|-heal|p1a: Scrafty|146/244|[from] drain|[of] p2a: Porygon2\n|faint|p2a: Porygon2\n|\n|-heal|p1a: Scrafty|161/244|[from] item: Leftovers\n|upkeep\n|\n|t:|1781424949\n|switch|p2a: Wugtrio|Wugtrio, L91, F|212/212\n|turn|21\n|\n|t:|1781424954\n|move|p2a: Wugtrio|Stomping Tantrum|p1a: Scrafty\n|-supereffective|p1a: Scrafty\n|-damage|p1a: Scrafty|55/244\n|move|p1a: Scrafty|Drain Punch|p2a: Wugtrio\n|-crit|p2a: Wugtrio\n|-damage|p2a: Wugtrio|0 fnt\n|-heal|p1a: Scrafty|161/244|[from] drain|[of] p2a: Wugtrio\n|-ability|p2a: Wugtrio|Gooey\n|-unboost|p1a: Scrafty|spe|1\n|faint|p2a: Wugtrio\n|\n|-heal|p1a: Scrafty|176/244|[from] item: Leftovers\n|upkeep\n|\n|t:|1781424958\n|switch|p2a: Iron Jugulis|Iron Jugulis, L77|271/271\n|turn|22\n|\n|t:|1781424964\n|move|p2a: Iron Jugulis|Dark Pulse|p1a: Scrafty\n|-damage|p1a: Scrafty|101/244\n|move|p1a: Scrafty|Drain Punch|p2a: Iron Jugulis\n|-damage|p2a: Iron Jugulis|151/271\n|-heal|p1a: Scrafty|161/244|[from] drain|[of] p2a: Iron Jugulis\n|\n|-heal|p1a: Scrafty|176/244|[from] item: Leftovers\n|upkeep\n|turn|23\n|\n|t:|1781424969\n|move|p2a: Iron Jugulis|Dark Pulse|p1a: Scrafty\n|-damage|p1a: Scrafty|107/244\n|move|p1a: Scrafty|Drain Punch|p2a: Iron Jugulis\n|-damage|p2a: Iron Jugulis|21/271\n|-heal|p1a: Scrafty|172/244|[from] drain|[of] p2a: Iron Jugulis\n|\n|-heal|p1a: Scrafty|187/244|[from] item: Leftovers\n|upkeep\n|turn|24\n|\n|t:|1781424974\n|move|p2a: Iron Jugulis|Dark Pulse|p1a: Scrafty\n|-damage|p1a: Scrafty|123/244\n|move|p1a: Scrafty|Drain Punch|p2a: Iron Jugulis\n|-damage|p2a: Iron Jugulis|0 fnt\n|-heal|p1a: Scrafty|134/244|[from] drain|[of] p2a: Iron Jugulis\n|faint|p2a: Iron Jugulis\n|-end|p2a: Iron Jugulis|Quark Drive|[silent]\n|\n|-heal|p1a: Scrafty|149/244|[from] item: Leftovers\n|upkeep\n|\n|t:|1781424978\n|switch|p2a: Kleavor|Kleavor, L78, F|150/237\n|turn|25\n|c|\u2606peekatchoum|gg\n|c|\u2606mantheman97|gg\n|\n|t:|1781424983\n|move|p2a: Kleavor|Stone Axe|p1a: Scrafty\n|-damage|p1a: Scrafty|88/244\n|move|p1a: Scrafty|Drain Punch|p2a: Kleavor\n|-damage|p2a: Kleavor|30/237\n|-heal|p1a: Scrafty|148/244|[from] drain|[of] p2a: Kleavor\n|\n|-heal|p1a: Scrafty|163/244|[from] item: Leftovers\n|upkeep\n|turn|26\n|\n|t:|1781424988\n|move|p2a: Kleavor|Stone Axe|p1a: Scrafty\n|-damage|p1a: Scrafty|94/244\n|move|p1a: Scrafty|Knock Off|p2a: Kleavor\n|-damage|p2a: Kleavor|0 fnt\n|-enditem|p2a: Kleavor|Heavy-Duty Boots|[from] move: Knock Off|[of] p1a: Scrafty\n|faint|p2a: Kleavor\n|\n|win|peekatchoum\n|raw|peekatchoum's rating: 1999 &rarr; <strong>2032</strong><br />(+33 for winning)\n|raw|mantheman97's rating: 2283 &rarr; <strong>2250</strong><br />(-33 for losing)\n", "inputlog": ">version a8376a258c1d4662feba110a92103f3664a72141\n>start {\"formatid\":\"gen9randombattle\",\"seed\":\"sodium,6bfa3715d3b700b4586822d87b7ff7ed\",\"rated\":\"Rated battle\"}\n>player p1 {\"name\":\"peekatchoum\",\"avatar\":\"266\",\"rating\":1999,\"seed\":\"sodium,b0609f51b7e59517c53552f1a045a80e\"}\n>player p2 {\"name\":\"mantheman97\",\"avatar\":\"265\",\"rating\":2273,\"seed\":\"sodium,6ca03006efe756fdc94660a5a486ff15\"}\n>p1 move sleeppowder\n>p2 move discharge\n>p1 switch 4\n>p2 switch 6\n>p1 move earthquake\n>p2 move dracometeor\n>p1 move earthquake\n>p2 switch 5\n>p1 switch 6\n>p2 move hurricane\n>p1 move spiritbreak\n>p2 switch 6\n>p1 move spiritbreak\n>p2 move triattack\n>p1 move taunt\n>p2 move recover\n>p1 move spiritbreak\n>p2 switch 2\n>p1 switch 2\n>p2 move stoneaxe\n>p1 switch 2\n>p2 switch 2\n>p1 move taunt\n>p2 move triattack\n>p1 move spiritbreak\n>p2 move triattack\n>p1 switch 5\n>p1 move outrage\n>p2 switch 5\n>p2 switch 4\n>p1 move outrage\n>p2 move aquastep terastallize\n>p1 switch 3\n>p2 move swordsdance\n>p1 move bulkup terastallize\n>p2 move swordsdance\n>p1 move drainpunch\n>p2 move aquastep\n>p1 move drainpunch\n>p2 move aquastep\n>p2 switch 5\n>p1 move drainpunch\n>p2 move discharge\n>p2 switch 3\n>p1 move drainpunch\n>p2 move stompingtantrum\n>p2 switch 6\n>p1 move drainpunch\n>p2 move darkpulse\n>p1 move drainpunch\n>p2 move darkpulse\n>p1 move drainpunch\n>p2 move darkpulse\n>p2 switch 2\n>chat \u2606peekatchoum|gg\n>chat \u2606mantheman97|gg\n>p1 move drainpunch\n>p2 move stoneaxe\n>p1 move knockoff\n>p2 move stoneaxe", "uploadtime": 1781424988, "views": 6, "formatid": "gen9randombattle", "rating": 2032, "private": 0, "password": null}