{"id": "gen9randombattle-2631390102", "format": "[Gen 9] Random Battle", "players": ["quagapult", "Ggstarmie"], "log": "|j|\u2606quagapult\n|j|\u2606Ggstarmie\n|t:|1781378960\n|gametype|singles\n|player|p1|quagapult|170|1938\n|player|p2|Ggstarmie|266|1962\n|gen|9\n|tier|[Gen 9] Random Battle\n|rated|\n|rule|Species Clause: Limit one of each Pok\u00e9mon\n|rule|HP Percentage Mod: HP is shown in percentages\n|rule|Sleep Clause Mod: Limit one foe put to sleep\n|rule|Illusion Level Mod: Illusion disguises the Pok\u00e9mon's true level\n|\n|t:|1781378960\n|teamsize|p1|6\n|teamsize|p2|6\n|start\n|switch|p1a: Armarouge|Armarouge, L80, F|267/267\n|switch|p2a: Incineroar|Incineroar, L82, F|290/290\n|-ability|p2a: Incineroar|Intimidate|boost\n|-unboost|p1a: Armarouge|atk|1\n|turn|1\n|inactive|Battle timer is ON: inactive players will automatically lose when time's up. (requested by quagapult)\n|\n|t:|1781378971\n|switch|p1a: Swampert|Swampert, L83, M|302/302\n|move|p2a: Incineroar|Knock Off|p1a: Swampert\n|-damage|p1a: Swampert|196/302\n|-enditem|p1a: Swampert|Leftovers|[from] move: Knock Off|[of] p2a: Incineroar\n|\n|upkeep\n|turn|2\n|\n|t:|1781378980\n|switch|p2a: Amoonguss|Amoonguss, L82, M|321/321\n|move|p1a: Swampert|Yawn|p2a: Amoonguss\n|-start|p2a: Amoonguss|move: Yawn|[of] p1a: Swampert\n|\n|upkeep\n|turn|3\n|\n|t:|1781378985\n|switch|p2a: Mandibuzz|Mandibuzz, L85, F|326/326\n|move|p1a: Swampert|Flip Turn|p2a: Mandibuzz\n|-damage|p2a: Mandibuzz|263/326\n|\n|t:|1781379007\n|switch|p1a: Honchkrow|Honchkrow, L86, M|312/312|[from] Flip Turn\n|\n|upkeep\n|turn|4\n|\n|t:|1781379015\n|switch|p2a: Piloswine|Piloswine, L85, M|309/309\n|move|p1a: Honchkrow|Brave Bird|p2a: Piloswine\n|-damage|p2a: Piloswine|183/309\n|-damage|p1a: Honchkrow|270/312|[from] Recoil\n|\n|upkeep\n|turn|5\n|\n|t:|1781379026\n|move|p1a: Honchkrow|Brave Bird|p2a: Piloswine\n|-damage|p2a: Piloswine|71/309\n|-damage|p1a: Honchkrow|233/312|[from] Recoil\n|move|p2a: Piloswine|Icicle Crash|p1a: Honchkrow\n|-supereffective|p1a: Honchkrow\n|-damage|p1a: Honchkrow|0 fnt\n|faint|p1a: Honchkrow\n|\n|upkeep\n|inactive|quagapult has 120 seconds left.\n|\n|t:|1781379061\n|switch|p1a: Swampert|Swampert, L83, M|196/302\n|turn|6\n|\n|t:|1781379068\n|switch|p2a: Amoonguss|Amoonguss, L82, M|321/321\n|move|p1a: Swampert|Flip Turn|p2a: Amoonguss\n|-resisted|p2a: Amoonguss\n|-damage|p2a: Amoonguss|277/321\n|\n|t:|1781379077\n|switch|p1a: Armarouge|Armarouge, L80, F|267/267|[from] Flip Turn\n|\n|-heal|p2a: Amoonguss|297/321|[from] item: Leftovers\n|upkeep\n|turn|7\n|\n|t:|1781379085\n|switch|p2a: Piloswine|Piloswine, L85, M|71/309\n|-terastallize|p1a: Armarouge|Fighting\n|move|p1a: Armarouge|Focus Blast|p2a: Piloswine\n|-supereffective|p2a: Piloswine\n|-damage|p2a: Piloswine|0 fnt\n|faint|p2a: Piloswine\n|\n|upkeep\n|\n|t:|1781379090\n|switch|p2a: Amoonguss|Amoonguss, L82, M|321/321\n|turn|8\n|\n|t:|1781379106\n|switch|p1a: Swampert|Swampert, L83, M|196/302\n|move|p2a: Amoonguss|Toxic|p1a: Swampert\n|-status|p1a: Swampert|tox\n|\n|-damage|p1a: Swampert|178/302 tox|[from] psn\n|upkeep\n|turn|9\n|\n|t:|1781379111\n|move|p1a: Swampert|Yawn|p2a: Amoonguss\n|-start|p2a: Amoonguss|move: Yawn|[of] p1a: Swampert\n|move|p2a: Amoonguss|Giga Drain|p1a: Swampert\n|-supereffective|p1a: Swampert\n|-damage|p1a: Swampert|0 fnt\n|faint|p1a: Swampert\n|\n|upkeep\n|\n|t:|1781379122\n|switch|p1a: Armarouge|Armarouge, L80, F, tera:Fighting|267/267\n|turn|10\n|\n|t:|1781379126\n|switch|p2a: Dewgong|Dewgong, L94, M|322/322\n|move|p1a: Armarouge|Focus Blast|p2a: Dewgong|[miss]\n|-miss|p1a: Armarouge|p2a: Dewgong\n|\n|upkeep\n|turn|11\n|\n|t:|1781379135\n|move|p2a: Dewgong|Knock Off|p1a: Armarouge\n|-resisted|p1a: Armarouge\n|-damage|p1a: Armarouge|236/267\n|-ability|p1a: Armarouge|Weak Armor|boost\n|-unboost|p1a: Armarouge|def|1\n|-boost|p1a: Armarouge|spe|2\n|-enditem|p1a: Armarouge|Choice Specs|[from] move: Knock Off|[of] p2a: Dewgong\n|move|p1a: Armarouge|Focus Blast|p2a: Dewgong\n|-supereffective|p2a: Dewgong\n|-damage|p2a: Dewgong|160/322\n|\n|upkeep\n|turn|12\n|\n|t:|1781379152\n|switch|p2a: Amoonguss|Amoonguss, L82, M|321/321\n|move|p1a: Armarouge|Focus Blast|p2a: Amoonguss\n|-resisted|p2a: Amoonguss\n|-damage|p2a: Amoonguss|240/321\n|\n|-heal|p2a: Amoonguss|260/321|[from] item: Leftovers\n|upkeep\n|turn|13\n|\n|t:|1781379164\n|switch|p2a: Dewgong|Dewgong, L94, M|160/322\n|move|p1a: Armarouge|Armor Cannon|p2a: Dewgong\n|-damage|p2a: Dewgong|120/322\n|-unboost|p1a: Armarouge|def|1\n|-unboost|p1a: Armarouge|spd|1\n|\n|upkeep\n|turn|14\n|\n|t:|1781379172\n|move|p1a: Armarouge|Focus Blast|p2a: Dewgong|[miss]\n|-miss|p1a: Armarouge|p2a: Dewgong\n|move|p2a: Dewgong|Hydro Pump|p1a: Armarouge\n|-damage|p1a: Armarouge|29/267\n|\n|upkeep\n|turn|15\n|\n|t:|1781379187\n|move|p1a: Armarouge|Focus Blast|p2a: Dewgong\n|-supereffective|p2a: Dewgong\n|-damage|p2a: Dewgong|0 fnt\n|faint|p2a: Dewgong\n|\n|upkeep\n|\n|t:|1781379189\n|switch|p2a: Mandibuzz|Mandibuzz, L85, F|263/326\n|turn|16\n|\n|t:|1781379194\n|move|p1a: Armarouge|Armor Cannon|p2a: Mandibuzz\n|-damage|p2a: Mandibuzz|118/326\n|-unboost|p1a: Armarouge|def|1\n|-unboost|p1a: Armarouge|spd|1\n|move|p2a: Mandibuzz|Foul Play|p1a: Armarouge\n|-resisted|p1a: Armarouge\n|-damage|p1a: Armarouge|0 fnt\n|faint|p1a: Armarouge\n|\n|upkeep\n|\n|t:|1781379209\n|switch|p1a: Haxorus|Haxorus, L77, M|244/244\n|-ability|p1a: Haxorus|Mold Breaker\n|turn|17\n|\n|t:|1781379214\n|move|p1a: Haxorus|Swords Dance|p1a: Haxorus\n|-boost|p1a: Haxorus|atk|2\n|move|p2a: Mandibuzz|Toxic|p1a: Haxorus\n|-status|p1a: Haxorus|tox\n|\n|-damage|p1a: Haxorus|229/244 tox|[from] psn\n|upkeep\n|turn|18\n|\n|t:|1781379222\n|move|p1a: Haxorus|Scale Shot|p2a: Mandibuzz|[miss]\n|-miss|p1a: Haxorus|p2a: Mandibuzz\n|move|p2a: Mandibuzz|Roost|p2a: Mandibuzz\n|-heal|p2a: Mandibuzz|281/326\n|-singleturn|p2a: Mandibuzz|move: Roost\n|\n|-damage|p1a: Haxorus|199/244 tox|[from] psn\n|upkeep\n|turn|19\n|\n|t:|1781379226\n|move|p1a: Haxorus|Scale Shot|p2a: Mandibuzz\n|-damage|p2a: Mandibuzz|230/326\n|-damage|p2a: Mandibuzz|175/326\n|-damage|p2a: Mandibuzz|117/326\n|-damage|p2a: Mandibuzz|63/326\n|-damage|p2a: Mandibuzz|9/326\n|-hitcount|p2a: Mandibuzz|5\n|-unboost|p1a: Haxorus|def|1\n|-boost|p1a: Haxorus|spe|1\n|move|p2a: Mandibuzz|Foul Play|p1a: Haxorus\n|-damage|p1a: Haxorus|0 fnt\n|faint|p1a: Haxorus\n|\n|upkeep\n|\n|t:|1781379241\n|switch|p1a: Crawdaunt|Crawdaunt, L84, M|243/243\n|turn|20\n|\n|t:|1781379247\n|move|p2a: Mandibuzz|Toxic|p1a: Crawdaunt\n|-status|p1a: Crawdaunt|tox\n|move|p1a: Crawdaunt|Knock Off|p2a: Mandibuzz\n|-resisted|p2a: Mandibuzz\n|-damage|p2a: Mandibuzz|0 fnt\n|-enditem|p2a: Mandibuzz|Heavy-Duty Boots|[from] move: Knock Off|[of] p1a: Crawdaunt\n|faint|p2a: Mandibuzz\n|\n|-damage|p1a: Crawdaunt|228/243 tox|[from] psn\n|upkeep\n|\n|t:|1781379250\n|switch|p2a: Hitmontop|Hitmontop, L88, M|231/231\n|turn|21\n|\n|t:|1781379264\n|move|p2a: Hitmontop|Bulk Up|p2a: Hitmontop\n|-boost|p2a: Hitmontop|atk|1\n|-boost|p2a: Hitmontop|def|1\n|move|p1a: Crawdaunt|Knock Off|p2a: Hitmontop\n|-resisted|p2a: Hitmontop\n|-damage|p2a: Hitmontop|163/231\n|-enditem|p2a: Hitmontop|Leftovers|[from] move: Knock Off|[of] p1a: Crawdaunt\n|\n|-damage|p1a: Crawdaunt|198/243 tox|[from] psn\n|upkeep\n|turn|22\n|\n|t:|1781379275\n|move|p2a: Hitmontop|Rapid Spin|p1a: Crawdaunt\n|-damage|p1a: Crawdaunt|106/243 tox\n|-boost|p2a: Hitmontop|spe|1\n|move|p1a: Crawdaunt|Knock Off|p2a: Hitmontop\n|-resisted|p2a: Hitmontop\n|-damage|p2a: Hitmontop|117/231\n|\n|-damage|p1a: Crawdaunt|61/243 tox|[from] psn\n|upkeep\n|turn|23\n|-message|quagapult forfeited.\n|\n|win|Ggstarmie\n", "uploadtime": 1781378962, "views": 7, "formatid": "gen9randombattle", "rating": null, "private": 0, "password": null}