{"id": "gen9randombattle-2632005753", "format": "[Gen 9] Random Battle", "players": ["PohKayMahn", "justinfrog"], "log": "|j|\u2606PohKayMahn\n|j|\u2606justinfrog\n|t:|1781465119\n|gametype|singles\n|player|p1|PohKayMahn|169|1937\n|player|p2|justinfrog|1|1909\n|gen|9\n|tier|[Gen 9] Random Battle\n|rated|\n|rule|Species Clause: Limit one of each Pok\u00e9mon\n|rule|HP Percentage Mod: HP is shown in percentages\n|rule|Sleep Clause Mod: Limit one foe put to sleep\n|rule|Illusion Level Mod: Illusion disguises the Pok\u00e9mon's true level\n|\n|t:|1781465119\n|teamsize|p1|6\n|teamsize|p2|6\n|start\n|switch|p1a: Donphan|Donphan, L84, F|288/288\n|switch|p2a: Luxray|Luxray, L88, F|284/284\n|-ability|p2a: Luxray|Intimidate|boost\n|-unboost|p1a: Donphan|atk|1\n|turn|1\n|inactive|Battle timer is ON: inactive players will automatically lose when time's up. (requested by PohKayMahn)\n|\n|t:|1781465126\n|switch|p2a: Cryogonal|Cryogonal, L89|287/287\n|move|p1a: Donphan|Stealth Rock|p2a: Cryogonal\n|-sidestart|p2: justinfrog|move: Stealth Rock\n|\n|upkeep\n|turn|2\n|\n|t:|1781465155\n|switch|p1a: Garganacl|Garganacl, L80, F|291/291\n|move|p2a: Cryogonal|Rapid Spin|p1a: Garganacl\n|-resisted|p1a: Garganacl\n|-damage|p1a: Garganacl|282/291\n|-boost|p2a: Cryogonal|spe|1\n|-sideend|p2: justinfrog|Stealth Rock|[from] move: Rapid Spin|[of] p2a: Cryogonal\n|\n|-heal|p1a: Garganacl|291/291|[from] item: Leftovers\n|upkeep\n|turn|3\n|\n|t:|1781465164\n|switch|p2a: Reuniclus|Reuniclus, L88, F|337/337\n|move|p1a: Garganacl|Salt Cure|p2a: Reuniclus\n|-damage|p2a: Reuniclus|291/337\n|-start|p2a: Reuniclus|Salt Cure\n|\n|upkeep\n|turn|4\n|\n|t:|1781465171\n|switch|p1a: Sinistcha|Sinistcha, L83|254/254\n|move|p2a: Reuniclus|Focus Blast|p1a: Sinistcha\n|-immune|p1a: Sinistcha\n|\n|upkeep\n|turn|5\n|\n|t:|1781465197\n|switch|p2a: Cryogonal|Cryogonal, L89|287/287\n|move|p1a: Sinistcha|Strength Sap|p2a: Cryogonal\n|-unboost|p2a: Cryogonal|atk|1\n|\n|upkeep\n|turn|6\n|\n|t:|1781465210\n|switch|p1a: Garganacl|Garganacl, L80, F|291/291\n|move|p2a: Cryogonal|Freeze-Dry|p1a: Garganacl\n|-damage|p1a: Garganacl|204/291\n|\n|-heal|p1a: Garganacl|222/291|[from] item: Leftovers\n|upkeep\n|turn|7\n|\n|t:|1781465216\n|switch|p2a: Reuniclus|Reuniclus, L88, F|291/337\n|switch|p1a: Donphan|Donphan, L84, F|288/288\n|\n|upkeep\n|turn|8\n|\n|t:|1781465227\n|switch|p2a: Cryogonal|Cryogonal, L89|287/287\n|move|p1a: Donphan|Knock Off|p2a: Cryogonal\n|-damage|p2a: Cryogonal|173/287\n|-enditem|p2a: Cryogonal|Heavy-Duty Boots|[from] move: Knock Off|[of] p1a: Donphan\n|\n|upkeep\n|turn|9\n|\n|t:|1781465241\n|move|p2a: Cryogonal|Freeze-Dry|p1a: Donphan\n|-supereffective|p1a: Donphan\n|-damage|p1a: Donphan|76/288\n|move|p1a: Donphan|Stealth Rock|p2a: Cryogonal\n|-sidestart|p2: justinfrog|move: Stealth Rock\n|\n|-heal|p1a: Donphan|94/288|[from] item: Leftovers\n|upkeep\n|turn|10\n|\n|t:|1781465249\n|switch|p1a: Barraskewda|Barraskewda, L81, M|231/231\n|move|p2a: Cryogonal|Freeze-Dry|p1a: Barraskewda\n|-supereffective|p1a: Barraskewda\n|-damage|p1a: Barraskewda|0 fnt\n|faint|p1a: Barraskewda\n|\n|upkeep\n|inactive|PohKayMahn has 120 seconds left.\n|\n|t:|1781465301\n|switch|p1a: Armarouge|Armarouge, L80, M|267/267\n|turn|11\n|\n|t:|1781465306\n|switch|p2a: Heatran|Heatran, L79, F|273/273\n|-damage|p2a: Heatran|239/273|[from] Stealth Rock\n|-item|p2a: Heatran|Air Balloon\n|move|p1a: Armarouge|Armor Cannon|p2a: Heatran\n|-start|p2a: Heatran|ability: Flash Fire\n|\n|upkeep\n|turn|12\n|\n|t:|1781465324\n|switch|p1a: Kingdra|Kingdra, L84, M|263/263\n|move|p2a: Heatran|Magma Storm|p1a: Kingdra\n|-resisted|p1a: Kingdra\n|-damage|p1a: Kingdra|220/263\n|-activate|p1a: Kingdra|move: Magma Storm|[of] p2a: Heatran\n|\n|-damage|p1a: Kingdra|188/263|[from] move: Magma Storm|[partiallytrapped]\n|upkeep\n|turn|13\n|\n|t:|1781465331\n|-end|p2a: Heatran|ability: Flash Fire|[silent]\n|switch|p2a: Luxray|Luxray, L88, F|284/284\n|-damage|p2a: Luxray|249/284|[from] Stealth Rock\n|-ability|p2a: Luxray|Intimidate|boost\n|-unboost|p1a: Kingdra|atk|1\n|move|p1a: Kingdra|Rain Dance|p1a: Kingdra\n|-weather|RainDance\n|\n|-weather|RainDance|[upkeep]\n|-end|p1a: Kingdra|Magma Storm|[partiallytrapped]|[silent]\n|upkeep\n|turn|14\n|inactive|PohKayMahn has 120 seconds left.\n|\n|t:|1781465362\n|move|p1a: Kingdra|Draco Meteor|p2a: Luxray\n|-damage|p2a: Luxray|139/284\n|-unboost|p1a: Kingdra|spa|2\n|-damage|p1a: Kingdra|162/263|[from] item: Life Orb\n|move|p2a: Luxray|Play Rough|p1a: Kingdra\n|-supereffective|p1a: Kingdra\n|-damage|p1a: Kingdra|4/263\n|\n|-weather|RainDance|[upkeep]\n|upkeep\n|turn|15\n|\n|t:|1781465382\n|move|p1a: Kingdra|Wave Crash|p2a: Luxray\n|-damage|p2a: Luxray|0 fnt\n|faint|p2a: Luxray\n|-damage|p1a: Kingdra|0 fnt|[from] Recoil\n|faint|p1a: Kingdra\n|\n|-weather|RainDance|[upkeep]\n|upkeep\n|inactive|PohKayMahn has 90 seconds left.\n|\n|t:|1781465428\n|switch|p1a: Donphan|Donphan, L84, F|94/288\n|switch|p2a: Reuniclus|Reuniclus, L88, F|291/337\n|turn|16\n|\n|t:|1781465437\n|move|p1a: Donphan|Knock Off|p2a: Reuniclus\n|-supereffective|p2a: Reuniclus\n|-damage|p2a: Reuniclus|127/337\n|-enditem|p2a: Reuniclus|Life Orb|[from] move: Knock Off|[of] p1a: Donphan\n|move|p2a: Reuniclus|Psyshock|p1a: Donphan\n|-damage|p1a: Donphan|6/288\n|\n|-weather|RainDance|[upkeep]\n|-heal|p1a: Donphan|24/288|[from] item: Leftovers\n|upkeep\n|turn|17\n|\n|t:|1781465442\n|move|p1a: Donphan|Earthquake|p2a: Reuniclus\n|-damage|p2a: Reuniclus|3/337\n|move|p2a: Reuniclus|Recover|p2a: Reuniclus\n|-heal|p2a: Reuniclus|172/337\n|\n|-weather|none\n|-heal|p1a: Donphan|42/288|[from] item: Leftovers\n|upkeep\n|turn|18\n|\n|t:|1781465447\n|move|p1a: Donphan|Earthquake|p2a: Reuniclus\n|-damage|p2a: Reuniclus|25/337\n|move|p2a: Reuniclus|Recover|p2a: Reuniclus\n|-heal|p2a: Reuniclus|194/337\n|\n|-heal|p1a: Donphan|60/288|[from] item: Leftovers\n|upkeep\n|turn|19\n|\n|t:|1781465452\n|move|p1a: Donphan|Earthquake|p2a: Reuniclus\n|-damage|p2a: Reuniclus|61/337\n|move|p2a: Reuniclus|Psyshock|p1a: Donphan\n|-damage|p1a: Donphan|0 fnt\n|faint|p1a: Donphan\n|\n|upkeep\n|inactive|PohKayMahn has 90 seconds left.\n|\n|t:|1781465482\n|switch|p1a: Sinistcha|Sinistcha, L83|254/254\n|turn|20\n|\n|t:|1781465495\n|move|p1a: Sinistcha|Calm Mind|p1a: Sinistcha\n|-boost|p1a: Sinistcha|spa|1\n|-boost|p1a: Sinistcha|spd|1\n|move|p2a: Reuniclus|Psyshock|p1a: Sinistcha\n|-damage|p1a: Sinistcha|158/254\n|\n|-heal|p1a: Sinistcha|173/254|[from] item: Leftovers\n|upkeep\n|turn|21\n|\n|t:|1781465510\n|switch|p2a: Heatran|Heatran, L79, F|239/273\n|-damage|p2a: Heatran|205/273|[from] Stealth Rock\n|-item|p2a: Heatran|Air Balloon\n|move|p1a: Sinistcha|Shadow Ball|p2a: Heatran\n|-damage|p2a: Heatran|67/273\n|-unboost|p2a: Heatran|spd|1\n|-enditem|p2a: Heatran|Air Balloon\n|\n|-heal|p1a: Sinistcha|188/254|[from] item: Leftovers\n|upkeep\n|turn|22\n|\n|t:|1781465522\n|move|p2a: Heatran|Magma Storm|p1a: Sinistcha|[miss]\n|-miss|p2a: Heatran|p1a: Sinistcha\n|move|p1a: Sinistcha|Shadow Ball|p2a: Heatran\n|-damage|p2a: Heatran|0 fnt\n|faint|p2a: Heatran\n|\n|-heal|p1a: Sinistcha|203/254|[from] item: Leftovers\n|upkeep\n|\n|t:|1781465533\n|switch|p2a: Cryogonal|Cryogonal, L89|173/287\n|-damage|p2a: Cryogonal|102/287|[from] Stealth Rock\n|turn|23\n|inactive|PohKayMahn has 90 seconds left.\n|\n|t:|1781465544\n|switch|p1a: Garganacl|Garganacl, L80, F|222/291\n|move|p2a: Cryogonal|Haze|p2a: Cryogonal\n|-clearallboost\n|\n|-heal|p1a: Garganacl|240/291|[from] item: Leftovers\n|upkeep\n|turn|24\n|\n|t:|1781465550\n|switch|p2a: Reuniclus|Reuniclus, L88, F|61/337\n|move|p1a: Garganacl|Salt Cure|p2a: Reuniclus\n|-damage|p2a: Reuniclus|16/337\n|-start|p2a: Reuniclus|Salt Cure\n|\n|-heal|p1a: Garganacl|258/291|[from] item: Leftovers\n|upkeep\n|turn|25\n|\n|t:|1781465561\n|move|p2a: Reuniclus|Recover|p2a: Reuniclus\n|-heal|p2a: Reuniclus|185/337\n|move|p1a: Garganacl|Salt Cure|p2a: Reuniclus\n|-damage|p2a: Reuniclus|145/337\n|\n|-heal|p1a: Garganacl|276/291|[from] item: Leftovers\n|upkeep\n|turn|26\n|\n|t:|1781465566\n|switch|p1a: Sinistcha|Sinistcha, L83|203/254\n|move|p2a: Reuniclus|Recover|p2a: Reuniclus\n|-heal|p2a: Reuniclus|314/337\n|\n|-heal|p1a: Sinistcha|218/254|[from] item: Leftovers\n|upkeep\n|turn|27\n|\n|t:|1781465572\n|switch|p2a: Cryogonal|Cryogonal, L89|102/287\n|-damage|p2a: Cryogonal|31/287|[from] Stealth Rock\n|move|p1a: Sinistcha|Shadow Ball|p2a: Cryogonal\n|-damage|p2a: Cryogonal|0 fnt\n|faint|p2a: Cryogonal\n|\n|-heal|p1a: Sinistcha|233/254|[from] item: Leftovers\n|upkeep\n|\n|t:|1781465582\n|switch|p2a: Necrozma|Necrozma-Dawn-Wings, L76|272/272\n|-damage|p2a: Necrozma|238/272|[from] Stealth Rock\n|turn|28\n|inactive|PohKayMahn has 120 seconds left.\n|\n|t:|1781465594\n|-terastallize|p1a: Sinistcha|Steel\n|-terastallize|p2a: Necrozma|Fighting\n|move|p1a: Sinistcha|Shadow Ball|p2a: Necrozma\n|-damage|p2a: Necrozma|162/272\n|move|p2a: Necrozma|Dragon Dance|p2a: Necrozma\n|-boost|p2a: Necrozma|atk|1\n|-boost|p2a: Necrozma|spe|1\n|\n|-heal|p1a: Sinistcha|248/254|[from] item: Leftovers\n|upkeep\n|turn|29\n|inactive|PohKayMahn has 120 seconds left.\n|\n|t:|1781465601\n|move|p2a: Necrozma|Brick Break|p1a: Sinistcha\n|-supereffective|p1a: Sinistcha\n|-damage|p1a: Sinistcha|0 fnt\n|faint|p1a: Sinistcha\n|-damage|p2a: Necrozma|135/272|[from] item: Life Orb\n|\n|upkeep\n|inactive|PohKayMahn has 120 seconds left.\n|\n|t:|1781465612\n|switch|p1a: Garganacl|Garganacl, L80, F|276/291\n|turn|30\n|inactive|PohKayMahn has 120 seconds left.\n|\n|t:|1781465619\n|move|p2a: Necrozma|Brick Break|p1a: Garganacl\n|-supereffective|p1a: Garganacl\n|-damage|p1a: Garganacl|63/291\n|-damage|p2a: Necrozma|108/272|[from] item: Life Orb\n|move|p1a: Garganacl|Iron Defense|p1a: Garganacl\n|-boost|p1a: Garganacl|def|2\n|\n|-heal|p1a: Garganacl|81/291|[from] item: Leftovers\n|upkeep\n|turn|31\n|-message|PohKayMahn forfeited.\n|\n|win|justinfrog\n", "inputlog": ">version a8376a258c1d4662feba110a92103f3664a72141\n>start {\"formatid\":\"gen9randombattle\",\"seed\":\"sodium,0cd59c4f82b485419e62667e8c38bc80\",\"rated\":\"Rated battle\"}\n>player p1 {\"name\":\"PohKayMahn\",\"avatar\":\"169\",\"rating\":1937,\"seed\":\"sodium,59154ec748610e95d68de30b84bd8f24\"}\n>player p2 {\"name\":\"justinfrog\",\"avatar\":\"1\",\"rating\":1909,\"seed\":\"sodium,3bb31204df9af5f0736fbf0c494412e7\"}\n>p1 move stealthrock\n>p2 switch 5\n>p1 switch 6\n>p2 move rapidspin\n>p1 move saltcure\n>p2 switch 3\n>p1 switch 5\n>p2 move focusblast\n>p1 move strengthsap\n>p2 switch 3\n>p1 switch 5\n>p2 move freezedry\n>p1 switch 6\n>p2 switch 3\n>p1 move knockoff\n>p2 switch 3\n>p1 move stealthrock\n>p2 move freezedry\n>p1 switch 4\n>p2 move freezedry\n>p1 switch 2\n>p1 move armorcannon\n>p2 switch 2\n>p1 switch 3\n>p2 move magmastorm\n>p1 move raindance\n>p2 switch 5\n>p1 move dracometeor\n>p2 move playrough\n>p1 move wavecrash\n>p2 move wildcharge\n>p1 switch 4\n>p2 switch 3\n>p1 move knockoff\n>p2 move psyshock\n>p1 move earthquake\n>p2 move recover\n>p1 move earthquake\n>p2 move recover\n>p1 move earthquake\n>p2 move psyshock\n>p1 switch 5\n>p1 move calmmind\n>p2 move psyshock\n>p1 move shadowball\n>p2 switch 5\n>p1 move shadowball\n>p2 move magmastorm\n>p2 switch 2\n>p1 switch 6\n>p2 move haze\n>p1 move saltcure\n>p2 switch 5\n>p1 move saltcure\n>p2 move recover\n>p1 switch 6\n>p2 move recover\n>p1 move shadowball\n>p2 switch 5\n>p2 switch 4\n>p1 move shadowball terastallize\n>p2 move dragondance terastallize\n>p1 move strengthsap\n>p2 move brickbreak\n>p1 switch 6\n>p1 move irondefense\n>p2 move brickbreak\n>forcelose p1", "uploadtime": 1781465120, "views": 6, "formatid": "gen9randombattle", "rating": null, "private": 0, "password": null}