{"id": "gen9randombattle-2631846218", "format": "[Gen 9] Random Battle", "players": ["imover923", "mundigsters"], "log": "|j|\u2606imover923\n|j|\u2606mundigsters\n|t:|1781447515\n|gametype|singles\n|player|p1|imover923|266|1953\n|player|p2|mundigsters|2|2007\n|gen|9\n|tier|[Gen 9] Random Battle\n|rated|\n|rule|Species Clause: Limit one of each Pok\u00e9mon\n|rule|HP Percentage Mod: HP is shown in percentages\n|rule|Sleep Clause Mod: Limit one foe put to sleep\n|rule|Illusion Level Mod: Illusion disguises the Pok\u00e9mon's true level\n|\n|t:|1781447515\n|teamsize|p1|6\n|teamsize|p2|6\n|start\n|switch|p1a: Golurk|Golurk, L87|297/297\n|switch|p2a: Ampharos|Ampharos, L88, M|302/302\n|turn|1\n|inactive|Battle timer is ON: inactive players will automatically lose when time's up. (requested by mundigsters)\n|\n|t:|1781447524\n|switch|p2a: Landorus|Landorus-Therian, L76, M|260/260\n|-ability|p2a: Landorus|Intimidate|boost\n|-unboost|p1a: Golurk|atk|1\n|move|p1a: Golurk|Dynamic Punch|p2a: Landorus\n|-resisted|p2a: Landorus\n|-damage|p2a: Landorus|214/260\n|-start|p2a: Landorus|confusion\n|\n|-heal|p2a: Landorus|230/260|[from] item: Leftovers\n|upkeep\n|turn|2\n|\n|t:|1781447540\n|switch|p2a: Oinkologne|Oinkologne, L92, M|352/352\n|switch|p1a: Piloswine|Piloswine, L85, M|309/309\n|\n|upkeep\n|turn|3\n|\n|t:|1781447565\n|move|p2a: Oinkologne|Curse|p2a: Oinkologne\n|-unboost|p2a: Oinkologne|spe|1\n|-boost|p2a: Oinkologne|atk|1\n|-boost|p2a: Oinkologne|def|1\n|move|p1a: Piloswine|Stealth Rock|p2a: Oinkologne\n|-sidestart|p2: mundigsters|move: Stealth Rock\n|\n|upkeep\n|turn|4\n|\n|t:|1781447571\n|switch|p1a: Gothitelle|Gothitelle, L90, M|272/272\n|move|p2a: Oinkologne|Lash Out|p1a: Gothitelle\n|-supereffective|p1a: Gothitelle\n|-damage|p1a: Gothitelle|88/272\n|\n|-heal|p1a: Gothitelle|105/272|[from] item: Leftovers\n|upkeep\n|turn|5\n|\n|t:|1781447582\n|move|p1a: Gothitelle|Focus Blast|p2a: Oinkologne\n|-supereffective|p2a: Oinkologne\n|-damage|p2a: Oinkologne|150/352\n|move|p2a: Oinkologne|Lash Out|p1a: Gothitelle\n|-supereffective|p1a: Gothitelle\n|-crit|p1a: Gothitelle\n|-damage|p1a: Gothitelle|0 fnt\n|faint|p1a: Gothitelle\n|\n|-heal|p2a: Oinkologne|172/352|[from] item: Leftovers\n|upkeep\n|\n|t:|1781447587\n|switch|p1a: Keldeo|Keldeo-Resolute, L79|273/273\n|turn|6\n|\n|t:|1781447602\n|move|p1a: Keldeo|Secret Sword|p2a: Oinkologne\n|-supereffective|p2a: Oinkologne\n|-crit|p2a: Oinkologne\n|-damage|p2a: Oinkologne|0 fnt\n|faint|p2a: Oinkologne\n|-damage|p1a: Keldeo|246/273|[from] item: Life Orb\n|\n|upkeep\n|\n|t:|1781447606\n|switch|p2a: Ampharos|Ampharos, L88, M|302/302\n|-damage|p2a: Ampharos|265/302|[from] Stealth Rock\n|turn|7\n|\n|t:|1781447612\n|switch|p1a: Piloswine|Piloswine, L85, M|309/309\n|move|p2a: Ampharos|Dragon Tail|p1a: Piloswine\n|-damage|p1a: Piloswine|283/309\n|drag|p1a: Ditto|Ditto, L87|225/225\n|-transform|p1a: Ditto|p2a: Ampharos|[from] ability: Imposter\n|\n|upkeep\n|turn|8\n|\n|t:|1781447620\n|move|p1a: Ditto|Volt Switch|p2a: Ampharos\n|-resisted|p2a: Ampharos\n|-damage|p2a: Ampharos|234/302\n|\n|t:|1781447623\n|switch|p1a: Piloswine|Piloswine, L85, M|283/309|[from] Volt Switch\n|move|p2a: Ampharos|Dazzling Gleam|p1a: Piloswine\n|-damage|p1a: Piloswine|224/309\n|\n|upkeep\n|turn|9\n|\n|t:|1781447627\n|switch|p2a: Landorus|Landorus-Therian, L76, M|230/260\n|-damage|p2a: Landorus|198/260|[from] Stealth Rock\n|-ability|p2a: Landorus|Intimidate|boost\n|-unboost|p1a: Piloswine|atk|1\n|move|p1a: Piloswine|Icicle Crash|p2a: Landorus\n|-supereffective|p2a: Landorus\n|-damage|p2a: Landorus|0 fnt\n|faint|p2a: Landorus\n|\n|upkeep\n|c|\u2606imover923|LEL\n|\n|t:|1781447635\n|switch|p2a: Scovillain|Scovillain, L91, F|266/266\n|-damage|p2a: Scovillain|200/266|[from] Stealth Rock\n|turn|10\n|c|\u2606imover923|you no what i think your full of shet\n|\n|t:|1781447654\n|move|p2a: Scovillain|Flamethrower|p1a: Piloswine\n|-supereffective|p1a: Piloswine\n|-damage|p1a: Piloswine|60/309\n|move|p1a: Piloswine|Earthquake|p2a: Scovillain\n|-damage|p2a: Scovillain|118/266\n|\n|upkeep\n|turn|11\n|c|\u2606imover923|breh\n|inactive|imover923 has 120 seconds left.\n|\n|t:|1781447695\n|switch|p1a: Keldeo|Keldeo-Resolute, L79|246/273\n|move|p2a: Scovillain|Flamethrower|p1a: Keldeo\n|-resisted|p1a: Keldeo\n|-damage|p1a: Keldeo|159/273\n|\n|upkeep\n|turn|12\n|\n|t:|1781447702\n|switch|p2a: Kingdra|Kingdra, L84, M|263/263\n|-damage|p2a: Kingdra|231/263|[from] Stealth Rock\n|move|p1a: Keldeo|Secret Sword|p2a: Kingdra\n|-crit|p2a: Kingdra\n|-damage|p2a: Kingdra|43/263\n|-damage|p1a: Keldeo|132/273|[from] item: Life Orb\n|\n|upkeep\n|turn|13\n|\n|t:|1781447706\n|move|p1a: Keldeo|Secret Sword|p2a: Kingdra\n|-damage|p2a: Kingdra|0 fnt\n|faint|p2a: Kingdra\n|-damage|p1a: Keldeo|105/273|[from] item: Life Orb\n|\n|upkeep\n|\n|t:|1781447710\n|switch|p2a: Scovillain|Scovillain, L91, F|118/266\n|-damage|p2a: Scovillain|52/266|[from] Stealth Rock\n|turn|14\n|\n|t:|1781447720\n|move|p1a: Keldeo|Secret Sword|p2a: Scovillain\n|-damage|p2a: Scovillain|0 fnt\n|faint|p2a: Scovillain\n|-damage|p1a: Keldeo|78/273|[from] item: Life Orb\n|\n|upkeep\n|\n|t:|1781447723\n|switch|p2a: Vivillon|Vivillon-Sandstorm, L83, F|268/268\n|turn|15\n|inactive|imover923 has 120 seconds left.\n|\n|t:|1781447776\n|move|p1a: Keldeo|Air Slash|p2a: Vivillon\n|-supereffective|p2a: Vivillon\n|-damage|p2a: Vivillon|31/268\n|-damage|p1a: Keldeo|51/273|[from] item: Life Orb\n|move|p2a: Vivillon|Quiver Dance|p2a: Vivillon\n|-boost|p2a: Vivillon|spa|1\n|-boost|p2a: Vivillon|spd|1\n|-boost|p2a: Vivillon|spe|1\n|\n|upkeep\n|turn|16\n|\n|t:|1781447782\n|move|p2a: Vivillon|Hurricane|p1a: Keldeo\n|-supereffective|p1a: Keldeo\n|-damage|p1a: Keldeo|0 fnt\n|faint|p1a: Keldeo\n|\n|upkeep\n|\n|t:|1781447785\n|switch|p1a: Piloswine|Piloswine, L85, M|60/309\n|turn|17\n|\n|t:|1781447790\n|move|p1a: Piloswine|Ice Shard|p2a: Vivillon\n|-supereffective|p2a: Vivillon\n|-damage|p2a: Vivillon|0 fnt\n|faint|p2a: Vivillon\n|\n|upkeep\n|\n|t:|1781447792\n|switch|p2a: Ampharos|Ampharos, L88, M|234/302\n|-damage|p2a: Ampharos|197/302|[from] Stealth Rock\n|turn|18\n|\n|t:|1781447795\n|move|p1a: Piloswine|Ice Shard|p2a: Ampharos\n|-damage|p2a: Ampharos|155/302\n|move|p2a: Ampharos|Dazzling Gleam|p1a: Piloswine\n|-damage|p1a: Piloswine|0 fnt\n|faint|p1a: Piloswine\n|\n|upkeep\n|\n|t:|1781447801\n|switch|p1a: Golurk|Golurk, L87|297/297\n|turn|19\n|\n|t:|1781447805\n|-terastallize|p2a: Ampharos|Fairy\n|move|p2a: Ampharos|Dazzling Gleam|p1a: Golurk\n|-damage|p1a: Golurk|179/297\n|move|p1a: Golurk|Poltergeist|p2a: Ampharos\n|-activate|p2a: Ampharos|move: Poltergeist|Assault Vest\n|-damage|p2a: Ampharos|0 fnt\n|faint|p2a: Ampharos\n|\n|win|imover923\n", "inputlog": ">version a8376a258c1d4662feba110a92103f3664a72141\n>start {\"formatid\":\"gen9randombattle\",\"seed\":\"sodium,3ee115d11cd40577fe577c025dbc6c28\",\"rated\":\"Rated battle\"}\n>player p1 {\"name\":\"imover923\",\"avatar\":\"266\",\"rating\":1953,\"seed\":\"sodium,5f3bd4235b2646b9e1d6474c410668c2\"}\n>player p2 {\"name\":\"mundigsters\",\"avatar\":\"2\",\"rating\":2007,\"seed\":\"sodium,c29b809e3dcadccfcfdd301a1aff382f\"}\n>p1 move dynamicpunch\n>p2 switch 2\n>p1 switch 2\n>p2 switch 5\n>p1 move stealthrock\n>p2 move curse\n>p1 switch 6\n>p2 move lashout\n>p1 move focusblast\n>p2 move lashout\n>p1 switch 5\n>p1 move secretsword\n>p2 move bodyslam\n>p2 switch 2\n>p1 switch 6\n>p2 move dragontail\n>p1 move voltswitch\n>p2 move dazzlinggleam\n>p1 switch 4\n>p1 move iciclecrash\n>p2 switch 5\n>chat \u2606imover923|LEL\n>p2 switch 6\n>chat \u2606imover923|you no what i think your full of shet\n>p1 move earthquake\n>p2 move flamethrower\n>chat \u2606imover923|breh\n>p1 switch 6\n>p2 move flamethrower\n>p1 move secretsword\n>p2 switch 4\n>p1 move secretsword\n>p2 move outrage\n>p2 switch 4\n>p1 move secretsword\n>p2 move flamethrower\n>p2 switch 3\n>p1 move airslash\n>p2 move quiverdance\n>p1 move airslash\n>p2 move hurricane\n>p1 switch 6\n>p1 move iceshard\n>p2 move hurricane\n>p2 switch 5\n>p1 move iceshard\n>p2 move dazzlinggleam\n>p1 switch 2\n>p1 move poltergeist\n>p2 move dazzlinggleam terastallize", "uploadtime": 1781447517, "views": 5, "formatid": "gen9randombattle", "rating": null, "private": 0, "password": null}