{"id": "gen9randombattle-2631952809", "format": "[Gen 9] Random Battle", "players": ["Lachrymose", "nickolassbomfim"], "log": "|j|\u203dLachrymose\n|j|\u2606nickolassbomfim\n|t:|1781459329\n|gametype|singles\n|player|p1|Lachrymose|2|1985\n|player|p2|nickolassbomfim|red-masters|1921\n|gen|9\n|tier|[Gen 9] Random Battle\n|rated|\n|rule|Species Clause: Limit one of each Pok\u00e9mon\n|rule|HP Percentage Mod: HP is shown in percentages\n|rule|Sleep Clause Mod: Limit one foe put to sleep\n|rule|Illusion Level Mod: Illusion disguises the Pok\u00e9mon's true level\n|\n|t:|1781459329\n|teamsize|p1|6\n|teamsize|p2|6\n|start\n|switch|p1a: Suicune|Suicune, L82|298/298\n|switch|p2a: Garganacl|Garganacl, L80, F|291/291\n|-ability|p1a: Suicune|Pressure\n|turn|1\n|\n|t:|1781459335\n|move|p1a: Suicune|Scald|p2a: Garganacl\n|-supereffective|p2a: Garganacl\n|-damage|p2a: Garganacl|141/291\n|move|p2a: Garganacl|Salt Cure|p1a: Suicune\n|-damage|p1a: Suicune|265/298\n|-start|p1a: Suicune|Salt Cure\n|\n|-heal|p1a: Suicune|283/298|[from] item: Leftovers\n|-heal|p2a: Garganacl|159/291|[from] item: Leftovers\n|-damage|p1a: Suicune|209/298|[from] Salt Cure\n|upkeep\n|turn|2\n|inactive|Battle timer is ON: inactive players will automatically lose when time's up. (requested by nickolassbomfim)\n|\n|t:|1781459341\n|move|p1a: Suicune|Scald|p2a: Garganacl\n|-supereffective|p2a: Garganacl\n|-damage|p2a: Garganacl|9/291\n|move|p2a: Garganacl|Recover|p2a: Garganacl\n|-heal|p2a: Garganacl|155/291\n|\n|-heal|p1a: Suicune|227/298|[from] item: Leftovers\n|-heal|p2a: Garganacl|173/291|[from] item: Leftovers\n|-damage|p1a: Suicune|153/298|[from] Salt Cure\n|upkeep\n|turn|3\n|\n|t:|1781459353\n|switch|p1a: Lurantis|Lurantis, L87, F, shiny|264/264\n|move|p2a: Garganacl|Recover|p2a: Garganacl\n|-heal|p2a: Garganacl|291/291\n|\n|upkeep\n|turn|4\n|\n|t:|1781459358\n|move|p1a: Lurantis|Leaf Storm|p2a: Garganacl\n|-supereffective|p2a: Garganacl\n|-damage|p2a: Garganacl|9/291\n|-boost|p1a: Lurantis|spa|2\n|move|p2a: Garganacl|Stealth Rock|p1a: Lurantis\n|-sidestart|p1: Lachrymose|move: Stealth Rock\n|\n|-heal|p2a: Garganacl|27/291|[from] item: Leftovers\n|upkeep\n|turn|5\n|\n|t:|1781459366\n|move|p1a: Lurantis|Superpower|p2a: Garganacl\n|-supereffective|p2a: Garganacl\n|-damage|p2a: Garganacl|0 fnt\n|-boost|p1a: Lurantis|atk|1\n|-boost|p1a: Lurantis|def|1\n|faint|p2a: Garganacl\n|\n|upkeep\n|\n|t:|1781459368\n|switch|p2a: Shaymin|Shaymin-Sky, L73|266/266\n|turn|6\n|\n|t:|1781459379\n|switch|p1a: Skarmory|Skarmory, L80, F|235/235\n|-damage|p1a: Skarmory|206/235|[from] Stealth Rock\n|move|p2a: Shaymin|Air Slash|p1a: Skarmory\n|-resisted|p1a: Skarmory\n|-damage|p1a: Skarmory|163/235\n|\n|-heal|p1a: Skarmory|177/235|[from] item: Leftovers\n|upkeep\n|turn|7\n|\n|t:|1781459387\n|switch|p2a: Ninetales|Ninetales-Alola, L78, F|242/242\n|-weather|Snowscape|[from] ability: Snow Warning|[of] p2a: Ninetales\n|move|p1a: Skarmory|Roost|p1a: Skarmory\n|-heal|p1a: Skarmory|235/235\n|-singleturn|p1a: Skarmory|move: Roost\n|\n|-weather|Snowscape|[upkeep]\n|upkeep\n|turn|8\n|inactive|Lachrymose has 120 seconds left.\n|\n|t:|1781459430\n|switch|p1a: Suicune|Suicune, L82|153/298\n|-damage|p1a: Suicune|116/298|[from] Stealth Rock\n|-ability|p1a: Suicune|Pressure\n|move|p2a: Ninetales|Aurora Veil|p2a: Ninetales\n|-sidestart|p2: nickolassbomfim|move: Aurora Veil\n|\n|-weather|Snowscape|[upkeep]\n|-heal|p1a: Suicune|134/298|[from] item: Leftovers\n|upkeep\n|turn|9\n|\n|t:|1781459434\n|move|p2a: Ninetales|Freeze-Dry|p1a: Suicune\n|-supereffective|p1a: Suicune\n|-damage|p1a: Suicune|36/298\n|move|p1a: Suicune|Scald|p2a: Ninetales\n|-damage|p2a: Ninetales|203/242\n|\n|-weather|Snowscape|[upkeep]\n|-heal|p1a: Suicune|54/298|[from] item: Leftovers\n|upkeep\n|turn|10\n|\n|t:|1781459438\n|move|p2a: Ninetales|Freeze-Dry|p1a: Suicune\n|-supereffective|p1a: Suicune\n|-damage|p1a: Suicune|0 fnt\n|faint|p1a: Suicune\n|\n|-weather|Snowscape|[upkeep]\n|upkeep\n|inactive|Lachrymose has 120 seconds left.\n|\n|t:|1781459453\n|switch|p1a: Ludicolo|Ludicolo, L90, M|290/290\n|-damage|p1a: Ludicolo|254/290|[from] Stealth Rock\n|turn|11\n|\n|t:|1781459456\n|move|p2a: Ninetales|Freeze-Dry|p1a: Ludicolo\n|-supereffective|p1a: Ludicolo\n|-damage|p1a: Ludicolo|62/290\n|-status|p1a: Ludicolo|frz\n|cant|p1a: Ludicolo|frz\n|\n|-weather|none\n|upkeep\n|turn|12\n|\n|t:|1781459459\n|move|p2a: Ninetales|Freeze-Dry|p1a: Ludicolo\n|-supereffective|p1a: Ludicolo\n|-damage|p1a: Ludicolo|0 fnt\n|faint|p1a: Ludicolo\n|\n|upkeep\n|\n|t:|1781459461\n|switch|p1a: Skarmory|Skarmory, L80, F|235/235\n|-damage|p1a: Skarmory|206/235|[from] Stealth Rock\n|turn|13\n|\n|t:|1781459465\n|switch|p2a: Grumpig|Grumpig, L92, M|297/297\n|move|p1a: Skarmory|Iron Defense|p1a: Skarmory\n|-boost|p1a: Skarmory|def|2\n|\n|-heal|p1a: Skarmory|220/235|[from] item: Leftovers\n|upkeep\n|turn|14\n|\n|t:|1781459473\n|switch|p1a: Lurantis|Lurantis, L87, F, shiny|264/264\n|-damage|p1a: Lurantis|231/264|[from] Stealth Rock\n|move|p2a: Grumpig|Trick|p1a: Lurantis\n|-activate|p2a: Grumpig|move: Trick|[of] p1a: Lurantis\n|-item|p1a: Lurantis|Choice Scarf|[from] move: Trick\n|-item|p2a: Grumpig|Leftovers|[from] move: Trick\n|\n|upkeep\n|turn|15\n|\n|t:|1781459486\n|switch|p2a: Torkoal|Torkoal, L88, M|266/266\n|-weather|SunnyDay|[from] ability: Drought|[of] p2a: Torkoal\n|move|p1a: Lurantis|Knock Off|p2a: Torkoal\n|-damage|p2a: Torkoal|242/266\n|-enditem|p2a: Torkoal|Heavy-Duty Boots|[from] move: Knock Off|[of] p1a: Lurantis\n|\n|-weather|SunnyDay|[upkeep]\n|-sideend|p2: nickolassbomfim|move: Aurora Veil\n|upkeep\n|turn|16\n|\n|t:|1781459493\n|switch|p1a: Luxray|Luxray, L88, F|284/284\n|-damage|p1a: Luxray|249/284|[from] Stealth Rock\n|-ability|p1a: Luxray|Intimidate|boost\n|-unboost|p2a: Torkoal|atk|1\n|move|p2a: Torkoal|Fire Blast|p1a: Luxray\n|-damage|p1a: Luxray|122/284\n|-status|p1a: Luxray|brn\n|\n|-weather|SunnyDay|[upkeep]\n|-damage|p1a: Luxray|105/284 brn|[from] brn\n|upkeep\n|turn|17\n|\n|t:|1781459504\n|move|p1a: Luxray|Volt Switch|p2a: Torkoal\n|-damage|p2a: Torkoal|154/266\n|\n|t:|1781459510\n|switch|p1a: Honchkrow|Honchkrow, L86, M|312/312|[from] Volt Switch\n|move|p2a: Torkoal|Fire Blast|p1a: Honchkrow\n|-damage|p1a: Honchkrow|59/312\n|-status|p1a: Honchkrow|brn\n|\n|-weather|SunnyDay|[upkeep]\n|-damage|p1a: Honchkrow|40/312 brn|[from] brn\n|upkeep\n|turn|18\n|\n|t:|1781459520\n|switch|p2a: Ninetales|Ninetales-Alola, L78, F|203/242\n|-weather|Snowscape|[from] ability: Snow Warning|[of] p2a: Ninetales\n|move|p1a: Honchkrow|Brave Bird|p2a: Ninetales\n|-damage|p2a: Ninetales|140/242\n|-damage|p1a: Honchkrow|19/312 brn|[from] Recoil\n|\n|-weather|Snowscape|[upkeep]\n|-damage|p1a: Honchkrow|0 fnt|[from] brn\n|faint|p1a: Honchkrow\n|upkeep\n|\n|t:|1781459528\n|switch|p1a: Skarmory|Skarmory, L80, F|220/235\n|-damage|p1a: Skarmory|191/235|[from] Stealth Rock\n|turn|19\n|\n|t:|1781459531\n|move|p2a: Ninetales|Aurora Veil|p2a: Ninetales\n|-sidestart|p2: nickolassbomfim|move: Aurora Veil\n|move|p1a: Skarmory|Iron Defense|p1a: Skarmory\n|-boost|p1a: Skarmory|def|2\n|\n|-weather|Snowscape|[upkeep]\n|-heal|p1a: Skarmory|205/235|[from] item: Leftovers\n|upkeep\n|turn|20\n|\n|t:|1781459533\n|move|p2a: Ninetales|Blizzard|p1a: Skarmory\n|-damage|p1a: Skarmory|97/235\n|move|p1a: Skarmory|Iron Defense|p1a: Skarmory\n|-boost|p1a: Skarmory|def|2\n|\n|-weather|Snowscape|[upkeep]\n|-heal|p1a: Skarmory|111/235|[from] item: Leftovers\n|upkeep\n|turn|21\n|\n|t:|1781459537\n|move|p2a: Ninetales|Blizzard|p1a: Skarmory\n|-damage|p1a: Skarmory|0 fnt\n|faint|p1a: Skarmory\n|\n|-weather|Snowscape|[upkeep]\n|upkeep\n|-message|Lachrymose forfeited.\n|\n|win|nickolassbomfim\n", "inputlog": ">version a8376a258c1d4662feba110a92103f3664a72141\n>start {\"formatid\":\"gen9randombattle\",\"seed\":\"sodium,8462d97038cad56e698480b95e839e89\",\"rated\":\"Rated battle\"}\n>player p1 {\"name\":\"Lachrymose\",\"avatar\":\"2\",\"rating\":1985,\"seed\":\"sodium,b5d6110393444fd4bc3f30b4bf602a02\"}\n>player p2 {\"name\":\"nickolassbomfim\",\"avatar\":\"red-masters\",\"rating\":1921,\"seed\":\"sodium,beb1c4e083824a3ef5fc33c65e1abf73\"}\n>p1 move scald\n>p2 move saltcure\n>p1 move scald\n>p2 move recover\n>p1 switch 3\n>p2 move recover\n>p1 move leafstorm\n>p2 move stealthrock\n>p1 move superpower\n>p2 move saltcure\n>p2 switch 2\n>p1 switch 2\n>p2 move airslash\n>p1 move roost\n>p2 switch 3\n>p1 switch 3\n>p2 move auroraveil\n>p1 move scald\n>p2 move freezedry\n>p1 move scald\n>p2 move freezedry\n>p1 switch 4\n>p1 move raindance\n>p2 move freezedry\n>p1 move raindance\n>p2 move freezedry\n>p1 switch 3\n>p1 move irondefense\n>p2 switch 4\n>p1 switch 2\n>p2 move trick\n>p1 move knockoff\n>p2 switch 6\n>p1 switch 5\n>p2 move fireblast\n>p1 move voltswitch\n>p2 move fireblast\n>p1 switch 6\n>p1 move bravebird\n>p2 switch 4\n>p1 switch 2\n>p1 move irondefense\n>p2 move auroraveil\n>p1 move irondefense\n>p2 move blizzard\n>p1 move roost\n>p2 move blizzard\n>forcelose p1", "uploadtime": 1781459332, "views": 4, "formatid": "gen9randombattle", "rating": null, "private": 0, "password": null}