{"id": "gen9randombattle-2631547397", "format": "[Gen 9] Random Battle", "players": ["FIGBOI", "macmacandcheese"], "log": "|j|\u2606FIGBOI\n|j|\u2606macmacandcheese\n|t:|1781399608\n|gametype|singles\n|player|p1|FIGBOI|steven|1301\n|player|p2|macmacandcheese|266|1333\n|gen|9\n|tier|[Gen 9] Random Battle\n|rated|\n|rule|Species Clause: Limit one of each Pok\u00e9mon\n|rule|HP Percentage Mod: HP is shown in percentages\n|rule|Sleep Clause Mod: Limit one foe put to sleep\n|rule|Illusion Level Mod: Illusion disguises the Pok\u00e9mon's true level\n|\n|t:|1781399608\n|teamsize|p1|6\n|teamsize|p2|6\n|start\n|switch|p1a: Iron Jugulis|Iron Jugulis, L77|271/271\n|switch|p2a: Arbok|Arbok, L87, M|246/246\n|-ability|p2a: Arbok|Intimidate|boost\n|-unboost|p1a: Iron Jugulis|atk|1\n|turn|1\n|inactive|Battle timer is ON: inactive players will automatically lose when time's up. (requested by macmacandcheese)\n|\n|t:|1781399614\n|move|p1a: Iron Jugulis|Meteor Beam||[still]\n|-prepare|p1a: Iron Jugulis|Meteor Beam\n|-boost|p1a: Iron Jugulis|spa|1\n|-enditem|p1a: Iron Jugulis|Power Herb\n|-anim|p1a: Iron Jugulis|Meteor Beam|p2a: Arbok\n|-damage|p2a: Arbok|113/246\n|move|p2a: Arbok|Toxic Spikes|p1a: Iron Jugulis\n|-sidestart|p1: FIGBOI|move: Toxic Spikes\n|\n|upkeep\n|turn|2\n|\n|t:|1781399623\n|move|p1a: Iron Jugulis|Meteor Beam||[still]\n|-prepare|p1a: Iron Jugulis|Meteor Beam\n|-boost|p1a: Iron Jugulis|spa|1\n|move|p2a: Arbok|Toxic Spikes|p1a: Iron Jugulis\n|-sidestart|p1: FIGBOI|move: Toxic Spikes\n|\n|upkeep\n|turn|3\n|\n|t:|1781399630\n|move|p1a: Iron Jugulis|Meteor Beam|p2a: Arbok|[from] lockedmove\n|-damage|p2a: Arbok|0 fnt\n|faint|p2a: Arbok\n|\n|upkeep\n|\n|t:|1781399636\n|switch|p2a: Dialga|Dialga-Origin, L73|266/266\n|-ability|p2a: Dialga|Pressure\n|turn|4\n|\n|t:|1781399639\n|move|p1a: Iron Jugulis|Earth Power|p2a: Dialga\n|-supereffective|p2a: Dialga\n|-damage|p2a: Dialga|22/266\n|move|p2a: Dialga|Thunder Wave|p1a: Iron Jugulis\n|-status|p1a: Iron Jugulis|par\n|\n|upkeep\n|turn|5\n|\n|t:|1781399647\n|move|p2a: Dialga|Draco Meteor|p1a: Iron Jugulis\n|-damage|p1a: Iron Jugulis|58/271 par\n|-unboost|p2a: Dialga|spa|2\n|cant|p1a: Iron Jugulis|par\n|\n|upkeep\n|turn|6\n|\n|t:|1781399660\n|move|p2a: Dialga|Flash Cannon|p1a: Iron Jugulis\n|-damage|p1a: Iron Jugulis|0 fnt\n|faint|p1a: Iron Jugulis\n|-end|p1a: Iron Jugulis|Quark Drive|[silent]\n|\n|upkeep\n|\n|t:|1781399662\n|switch|p1a: Zangoose|Zangoose, L85, F|263/263\n|-status|p1a: Zangoose|tox\n|turn|7\n|\n|t:|1781399675\n|move|p1a: Zangoose|Knock Off|p2a: Dialga\n|-damage|p2a: Dialga|0 fnt\n|faint|p2a: Dialga\n|\n|-damage|p1a: Zangoose|247/263 tox|[from] psn\n|upkeep\n|\n|t:|1781399683\n|switch|p2a: Eiscue|Eiscue, L88, M|274/274\n|turn|8\n|\n|t:|1781399691\n|move|p1a: Zangoose|Knock Off|p2a: Eiscue\n|-activate|p2a: Eiscue|ability: Ice Face\n|-damage|p2a: Eiscue|274/274\n|-enditem|p2a: Eiscue|Sitrus Berry|[from] move: Knock Off|[of] p1a: Zangoose\n|detailschange|p2a: Eiscue|Eiscue-Noice, L88, M\n|move|p2a: Eiscue|Belly Drum|p2a: Eiscue\n|-damage|p2a: Eiscue|137/274\n|-setboost|p2a: Eiscue|atk|6|[from] move: Belly Drum\n|\n|-damage|p1a: Zangoose|215/263 tox|[from] psn\n|upkeep\n|turn|9\n|\n|t:|1781399701\n|move|p1a: Zangoose|Quick Attack|p2a: Eiscue\n|-damage|p2a: Eiscue|58/274\n|move|p2a: Eiscue|Ice Spinner|p1a: Zangoose\n|-damage|p1a: Zangoose|0 fnt\n|faint|p1a: Zangoose\n|\n|upkeep\n|l|\u2606macmacandcheese\n|inactive|macmacandcheese disconnected and has a minute to reconnect!\n|player|p2|\n|inactive|FIGBOI has 120 seconds left.\n|\n|t:|1781399736\n|switch|p1a: Kingdra|Kingdra, L84, F|263/263\n|-status|p1a: Kingdra|tox\n|-enditem|p1a: Kingdra|Lum Berry|[eat]\n|-curestatus|p1a: Kingdra|tox|[msg]\n|turn|10\n|inactive|FIGBOI has 120 seconds left.\n|j|\u2606macmacandcheese\n|inactive|macmacandcheese reconnected and has 140 seconds left.\n|player|p2|macmacandcheese|266|\n|\n|t:|1781399754\n|-terastallize|p1a: Kingdra|Water\n|move|p2a: Eiscue|Ice Spinner|p1a: Kingdra\n|-resisted|p1a: Kingdra\n|-damage|p1a: Kingdra|107/263\n|move|p1a: Kingdra|Wave Crash|p2a: Eiscue\n|-damage|p2a: Eiscue|0 fnt\n|faint|p2a: Eiscue\n|-damage|p1a: Kingdra|88/263|[from] Recoil\n|\n|upkeep\n|\n|t:|1781399765\n|switch|p2a: Blastoise|Blastoise, L80, M|258/258\n|turn|11\n|inactive|FIGBOI has 120 seconds left.\n|\n|t:|1781399771\n|move|p1a: Kingdra|Dragon Dance|p1a: Kingdra\n|-boost|p1a: Kingdra|atk|1\n|-boost|p1a: Kingdra|spe|1\n|move|p2a: Blastoise|Shell Smash|p2a: Blastoise\n|-unboost|p2a: Blastoise|def|1\n|-unboost|p2a: Blastoise|spd|1\n|-boost|p2a: Blastoise|atk|2\n|-boost|p2a: Blastoise|spa|2\n|-boost|p2a: Blastoise|spe|2\n|-enditem|p2a: Blastoise|White Herb\n|-clearnegativeboost|p2a: Blastoise|[silent]\n|\n|upkeep\n|turn|12\n|\n|t:|1781399784\n|move|p2a: Blastoise|Tera Blast|p1a: Kingdra\n|-damage|p1a: Kingdra|0 fnt\n|faint|p1a: Kingdra\n|\n|upkeep\n|\n|t:|1781399789\n|switch|p1a: Bellibolt|Bellibolt, L84, F|320/320\n|-status|p1a: Bellibolt|tox\n|turn|13\n|l|\u2606FIGBOI\n|inactive|FIGBOI disconnected and has a minute to reconnect!\n|player|p1|\n|\n|t:|1781399805\n|-terastallize|p2a: Blastoise|Grass\n|move|p2a: Blastoise|Hydro Pump|p1a: Bellibolt|[miss]\n|-miss|p2a: Blastoise|p1a: Bellibolt\n|move|p1a: Bellibolt|Thunderbolt|p2a: Blastoise\n|-resisted|p2a: Blastoise\n|-damage|p2a: Blastoise|213/258\n|\n|-damage|p1a: Bellibolt|300/320 tox|[from] psn\n|upkeep\n|turn|14\n|j|\u2606FIGBOI\n|inactive|FIGBOI reconnected and has 145 seconds left.\n|player|p1|FIGBOI|steven|\n|\n|t:|1781399812\n|move|p2a: Blastoise|Tera Blast|p1a: Bellibolt|[anim] Tera Blast Grass\n|-damage|p1a: Bellibolt|161/320 tox\n|-start|p1a: Bellibolt|Charge|Tera Blast|[from] ability: Electromorphosis\n|move|p1a: Bellibolt|Toxic|p2a: Blastoise\n|-status|p2a: Blastoise|tox\n|\n|-heal|p1a: Bellibolt|181/320 tox|[from] item: Leftovers\n|-damage|p2a: Blastoise|197/258 tox|[from] psn\n|-damage|p1a: Bellibolt|141/320 tox|[from] psn\n|upkeep\n|turn|15\n|\n|t:|1781399817\n|move|p2a: Blastoise|Hydro Pump|p1a: Bellibolt|[miss]\n|-miss|p2a: Blastoise|p1a: Bellibolt\n|move|p1a: Bellibolt|Slack Off|p1a: Bellibolt\n|-heal|p1a: Bellibolt|301/320 tox\n|\n|-heal|p1a: Bellibolt|320/320 tox|[from] item: Leftovers\n|-damage|p2a: Blastoise|165/258 tox|[from] psn\n|-damage|p1a: Bellibolt|260/320 tox|[from] psn\n|upkeep\n|turn|16\n|\n|t:|1781399836\n|switch|p1a: Hatterene|Hatterene, L85, F|236/236\n|-status|p1a: Hatterene|tox\n|move|p2a: Blastoise|Shell Smash|p2a: Blastoise\n|-unboost|p2a: Blastoise|def|1\n|-unboost|p2a: Blastoise|spd|1\n|-boost|p2a: Blastoise|atk|2\n|-boost|p2a: Blastoise|spa|2\n|-boost|p2a: Blastoise|spe|2\n|\n|-damage|p2a: Blastoise|117/258 tox|[from] psn\n|-damage|p1a: Hatterene|222/236 tox|[from] psn\n|upkeep\n|turn|17\n|\n|t:|1781399846\n|switch|p1a: Bellibolt|Bellibolt, L84, F|260/320 tox\n|move|p2a: Blastoise|Tera Blast|p1a: Bellibolt|[anim] Tera Blast Grass\n|-damage|p1a: Bellibolt|29/320 tox\n|-start|p1a: Bellibolt|Charge|Tera Blast|[from] ability: Electromorphosis\n|\n|-heal|p1a: Bellibolt|49/320 tox|[from] item: Leftovers\n|-damage|p2a: Blastoise|53/258 tox|[from] psn\n|-damage|p1a: Bellibolt|29/320 tox|[from] psn\n|upkeep\n|turn|18\n|\n|t:|1781399859\n|switch|p1a: Hatterene|Hatterene, L85, F|222/236 tox\n|move|p2a: Blastoise|Tera Blast|p1a: Hatterene|[anim] Tera Blast Grass\n|-damage|p1a: Hatterene|42/236 tox\n|\n|-heal|p1a: Hatterene|56/236 tox|[from] item: Leftovers\n|-damage|p2a: Blastoise|0 fnt|[from] psn\n|faint|p2a: Blastoise\n|-damage|p1a: Hatterene|42/236 tox|[from] psn\n|upkeep\n|\n|t:|1781399867\n|switch|p2a: Tentacruel|Tentacruel, L84, F|272/272\n|turn|19\n|\n|t:|1781399870\n|move|p2a: Tentacruel|Rapid Spin|p1a: Hatterene\n|-damage|p1a: Hatterene|17/236 tox\n|-boost|p2a: Tentacruel|spe|1\n|move|p1a: Hatterene|Psychic|p2a: Tentacruel\n|-supereffective|p2a: Tentacruel\n|-damage|p2a: Tentacruel|144/272\n|\n|-heal|p1a: Hatterene|31/236 tox|[from] item: Leftovers\n|-damage|p1a: Hatterene|3/236 tox|[from] psn\n|upkeep\n|turn|20\n|\n|t:|1781399876\n|move|p2a: Tentacruel|Rapid Spin|p1a: Hatterene\n|-damage|p1a: Hatterene|0 fnt\n|-boost|p2a: Tentacruel|spe|1\n|faint|p1a: Hatterene\n|\n|upkeep\n|\n|t:|1781399880\n|switch|p1a: Furret|Furret, L94, M|312/312\n|-status|p1a: Furret|tox\n|-item|p2a: Tentacruel|Assault Vest|[from] ability: Frisk|[of] p1a: Furret\n|turn|21\n|\n|t:|1781399889\n|move|p2a: Tentacruel|Knock Off|p1a: Furret\n|-damage|p1a: Furret|248/312 tox\n|-enditem|p1a: Furret|Choice Band|[from] move: Knock Off|[of] p2a: Tentacruel\n|move|p1a: Furret|Double-Edge|p2a: Tentacruel\n|-damage|p2a: Tentacruel|0 fnt\n|faint|p2a: Tentacruel\n|-damage|p1a: Furret|200/312 tox|[from] Recoil\n|\n|-damage|p1a: Furret|181/312 tox|[from] psn\n|upkeep\n|\n|t:|1781399893\n|switch|p2a: Noivern|Noivern, L82, M|274/274\n|turn|22\n|\n|t:|1781399908\n|switch|p1a: Bellibolt|Bellibolt, L84, F|29/320 tox\n|move|p2a: Noivern|Draco Meteor|p1a: Bellibolt\n|-damage|p1a: Bellibolt|0 fnt\n|-unboost|p2a: Noivern|spa|2\n|faint|p1a: Bellibolt\n|\n|upkeep\n|\n|t:|1781399913\n|switch|p1a: Furret|Furret, L94, M|181/312 tox\n|-item|p2a: Noivern|Heavy-Duty Boots|[from] ability: Frisk|[of] p1a: Furret\n|turn|23\n|\n|t:|1781399923\n|move|p2a: Noivern|Hurricane|p1a: Furret\n|-damage|p1a: Furret|109/312 tox\n|move|p1a: Furret|Double-Edge|p2a: Noivern\n|-damage|p2a: Noivern|117/274\n|-damage|p1a: Furret|57/312 tox|[from] Recoil\n|\n|-damage|p1a: Furret|38/312 tox|[from] psn\n|upkeep\n|turn|24\n|\n|t:|1781399933\n|move|p2a: Noivern|Flamethrower|p1a: Furret\n|-damage|p1a: Furret|0 fnt\n|faint|p1a: Furret\n|\n|win|macmacandcheese\n|raw|FIGBOI's rating: 1301 &rarr; <strong>1283</strong><br />(-18 for losing)\n|raw|macmacandcheese's rating: 1333 &rarr; <strong>1351</strong><br />(+18 for winning)\n|c|\u2606FIGBOI|lol gg\n|c|\u2606macmacandcheese|gg\n", "inputlog": ">version a8376a258c1d4662feba110a92103f3664a72141\n>start {\"formatid\":\"gen9randombattle\",\"seed\":\"sodium,dc2473eeaa06269f6661475505f8f1fe\",\"rated\":\"Rated battle\"}\n>player p1 {\"name\":\"FIGBOI\",\"avatar\":\"steven\",\"rating\":1301,\"seed\":\"sodium,e586863c8bd289fd44c57c57b7ff08fb\"}\n>player p2 {\"name\":\"macmacandcheese\",\"avatar\":\"266\",\"rating\":1333,\"seed\":\"sodium,4212a9b725d157e04953c9499649010f\"}\n>p1 move meteorbeam\n>p2 move toxicspikes\n>p1 move meteorbeam\n>p2 move toxicspikes\n>p1 move meteorbeam\n>p2 move gunkshot\n>p2 switch 2\n>p1 move earthpower\n>p2 move thunderwave\n>p1 move hurricane\n>p2 move dracometeor\n>p1 move hurricane\n>p2 move flashcannon\n>p1 switch 4\n>p1 move knockoff\n>p2 move dracometeor\n>p2 switch 3\n>p1 move knockoff\n>p2 move bellydrum\n>p1 move quickattack\n>p2 move icespinner\n>p1 switch 5\n>p1 move wavecrash terastallize\n>p2 move icespinner\n>p2 switch 6\n>p1 move dragondance\n>p2 move shellsmash\n>p1 move outrage\n>p2 move terablast\n>p1 switch 6\n>p1 move thunderbolt\n>p2 move hydropump terastallize\n>p1 move toxic\n>p2 move terablast\n>p1 move slackoff\n>p2 move hydropump\n>p1 switch 2\n>p2 move shellsmash\n>p1 switch 2\n>p2 move terablast\n>p1 switch 2\n>p2 move terablast\n>p2 switch 4\n>p1 move psychic\n>p2 move rapidspin\n>p1 move psychic\n>p2 move rapidspin\n>p1 switch 3\n>p1 move doubleedge\n>p2 move knockoff\n>p2 switch 5\n>p1 switch 2\n>p2 move dracometeor\n>p1 switch 2\n>p1 move doubleedge\n>p2 move hurricane\n>p1 move doubleedge\n>p2 move flamethrower", "uploadtime": 1781399944, "views": 3, "formatid": "gen9randombattle", "rating": 1283, "private": 0, "password": null}