{"id": "gen9randombattle-2631629669", "format": "[Gen 9] Random Battle", "players": ["bonbonbo", "FireHowe"], "log": "|j|\u2606bonbonbo\n|j|\u2606FireHowe\n|t:|1781411476\n|gametype|singles\n|player|p1|bonbonbo|170|1930\n|player|p2|FireHowe|giovanni|1950\n|gen|9\n|tier|[Gen 9] Random Battle\n|rated|\n|rule|Species Clause: Limit one of each Pok\u00e9mon\n|rule|HP Percentage Mod: HP is shown in percentages\n|rule|Sleep Clause Mod: Limit one foe put to sleep\n|rule|Illusion Level Mod: Illusion disguises the Pok\u00e9mon's true level\n|\n|t:|1781411476\n|teamsize|p1|6\n|teamsize|p2|6\n|start\n|switch|p1a: Rotom|Rotom-Heat, L83|219/219\n|switch|p2a: Ursaring|Ursaring, L84, M|288/288\n|turn|1\n|inactive|Battle timer is ON: inactive players will automatically lose when time's up. (requested by FireHowe)\n|inactive|FireHowe has 120 seconds left.\n|\n|t:|1781411519\n|move|p1a: Rotom|Volt Switch|p2a: Ursaring\n|-damage|p2a: Ursaring|198/288\n|c|\u2606FireHowe|speced?\n|\n|t:|1781411531\n|switch|p1a: Gallade|Gallade, L80, M|240/240|[from] Volt Switch\n|move|p2a: Ursaring|Swords Dance|p2a: Ursaring\n|-boost|p2a: Ursaring|atk|2\n|\n|-status|p2a: Ursaring|tox|[from] item: Toxic Orb\n|upkeep\n|turn|2\n|\n|t:|1781411535\n|move|p1a: Gallade|Sacred Sword|p2a: Ursaring\n|-supereffective|p2a: Ursaring\n|-damage|p2a: Ursaring|0 fnt\n|faint|p2a: Ursaring\n|\n|upkeep\n|\n|t:|1781411541\n|switch|p2a: Zapdos|Zapdos-Galar, L77|265/265\n|turn|3\n|\n|t:|1781411545\n|switch|p1a: Rotom|Rotom-Heat, L83|219/219\n|move|p2a: Zapdos|Bulk Up|p2a: Zapdos\n|-boost|p2a: Zapdos|atk|1\n|-boost|p2a: Zapdos|def|1\n|\n|upkeep\n|turn|4\n|\n|t:|1781411551\n|move|p2a: Zapdos|Close Combat|p1a: Rotom\n|-damage|p1a: Rotom|0 fnt\n|-unboost|p2a: Zapdos|def|1\n|-unboost|p2a: Zapdos|spd|1\n|faint|p1a: Rotom\n|-damage|p2a: Zapdos|239/265|[from] item: Life Orb\n|\n|upkeep\n|\n|t:|1781411559\n|switch|p1a: Gallade|Gallade, L80, M|240/240\n|turn|5\n|\n|t:|1781411565\n|switch|p2a: Reuniclus|Reuniclus, L88, M|337/337\n|move|p1a: Gallade|Psycho Cut|p2a: Reuniclus\n|-resisted|p2a: Reuniclus\n|-crit|p2a: Reuniclus\n|-damage|p2a: Reuniclus|234/337\n|\n|upkeep\n|turn|6\n|\n|t:|1781411572\n|switch|p1a: Eelektross|Eelektross, L87, M|290/290\n|move|p2a: Reuniclus|Calm Mind|p2a: Reuniclus\n|-boost|p2a: Reuniclus|spa|1\n|-boost|p2a: Reuniclus|spd|1\n|\n|upkeep\n|turn|7\n|\n|t:|1781411584\n|move|p1a: Eelektross|Knock Off|p2a: Reuniclus\n|-supereffective|p2a: Reuniclus\n|-damage|p2a: Reuniclus|48/337\n|-enditem|p2a: Reuniclus|Life Orb|[from] move: Knock Off|[of] p1a: Eelektross\n|move|p2a: Reuniclus|Psychic|p1a: Eelektross\n|-damage|p1a: Eelektross|74/290\n|\n|-heal|p1a: Eelektross|92/290|[from] item: Leftovers\n|upkeep\n|turn|8\n|\n|t:|1781411590\n|move|p1a: Eelektross|Knock Off|p2a: Reuniclus\n|-supereffective|p2a: Reuniclus\n|-damage|p2a: Reuniclus|0 fnt\n|faint|p2a: Reuniclus\n|\n|-heal|p1a: Eelektross|110/290|[from] item: Leftovers\n|upkeep\n|\n|t:|1781411596\n|switch|p2a: Zapdos|Zapdos-Galar, L77|239/265\n|turn|9\n|\n|t:|1781411609\n|move|p2a: Zapdos|Knock Off|p1a: Eelektross\n|-damage|p1a: Eelektross|13/290\n|-enditem|p1a: Eelektross|Leftovers|[from] move: Knock Off|[of] p2a: Zapdos\n|-damage|p2a: Zapdos|213/265|[from] item: Life Orb\n|move|p1a: Eelektross|Supercell Slam|p2a: Zapdos\n|-supereffective|p2a: Zapdos\n|-damage|p2a: Zapdos|0 fnt\n|faint|p2a: Zapdos\n|\n|upkeep\n|\n|t:|1781411617\n|switch|p2a: Phione|Phione, L91|293/293\n|turn|10\n|\n|t:|1781411622\n|move|p2a: Phione|Scald|p1a: Eelektross\n|-damage|p1a: Eelektross|0 fnt\n|faint|p1a: Eelektross\n|\n|upkeep\n|\n|t:|1781411635\n|switch|p1a: Arceus|Arceus-Grass, L73|296/296\n|turn|11\n|\n|t:|1781411643\n|switch|p2a: Pelipper|Pelipper, L86, M|243/243\n|-weather|RainDance|[from] ability: Drizzle|[of] p2a: Pelipper\n|move|p1a: Arceus|Calm Mind|p1a: Arceus\n|-boost|p1a: Arceus|spa|1\n|-boost|p1a: Arceus|spd|1\n|\n|-weather|RainDance|[upkeep]\n|upkeep\n|turn|12\n|\n|t:|1781411649\n|move|p1a: Arceus|Calm Mind|p1a: Arceus\n|-boost|p1a: Arceus|spa|1\n|-boost|p1a: Arceus|spd|1\n|move|p2a: Pelipper|Hurricane|p1a: Arceus\n|-supereffective|p1a: Arceus\n|-damage|p1a: Arceus|182/296\n|-start|p1a: Arceus|confusion\n|\n|-weather|RainDance|[upkeep]\n|upkeep\n|turn|13\n|\n|t:|1781411655\n|-activate|p1a: Arceus|confusion\n|move|p1a: Arceus|Judgment|p2a: Pelipper\n|-damage|p2a: Pelipper|0 fnt\n|faint|p2a: Pelipper\n|\n|-weather|RainDance|[upkeep]\n|upkeep\n|\n|t:|1781411662\n|switch|p2a: Phione|Phione, L91|293/293\n|turn|14\n|\n|t:|1781411664\n|-terastallize|p2a: Phione|Steel\n|-end|p1a: Arceus|confusion\n|move|p1a: Arceus|Judgment|p2a: Phione\n|-resisted|p2a: Phione\n|-damage|p2a: Phione|178/293\n|move|p2a: Phione|Take Heart|p2a: Phione\n|-boost|p2a: Phione|spa|1\n|-boost|p2a: Phione|spd|1\n|\n|-weather|RainDance|[upkeep]\n|-heal|p2a: Phione|196/293|[from] item: Leftovers\n|upkeep\n|turn|15\n|\n|t:|1781411674\n|move|p1a: Arceus|Earth Power|p2a: Phione\n|-supereffective|p2a: Phione\n|-damage|p2a: Phione|38/293\n|move|p2a: Phione|Ice Beam|p1a: Arceus\n|-supereffective|p1a: Arceus\n|-damage|p1a: Arceus|92/296\n|\n|-weather|none\n|-heal|p2a: Phione|56/293|[from] item: Leftovers\n|upkeep\n|turn|16\n|\n|t:|1781411681\n|move|p1a: Arceus|Earth Power|p2a: Phione\n|-supereffective|p2a: Phione\n|-damage|p2a: Phione|0 fnt\n|faint|p2a: Phione\n|\n|upkeep\n|\n|t:|1781411683\n|switch|p2a: Sandaconda|Sandaconda, L84, F|258/258\n|turn|17\n|\n|t:|1781411686\n|move|p1a: Arceus|Judgment|p2a: Sandaconda\n|-supereffective|p2a: Sandaconda\n|-damage|p2a: Sandaconda|0 fnt\n|faint|p2a: Sandaconda\n|\n|win|bonbonbo\n", "inputlog": ">version a8376a258c1d4662feba110a92103f3664a72141\n>start {\"formatid\":\"gen9randombattle\",\"seed\":\"sodium,e754336e1089a1eef8f8b5d6ae9b1f13\",\"rated\":\"Rated battle\"}\n>player p1 {\"name\":\"bonbonbo\",\"avatar\":\"170\",\"rating\":1930,\"seed\":\"sodium,8d3cb3f4adf5d65c894d27b39635f858\"}\n>player p2 {\"name\":\"FireHowe\",\"avatar\":\"giovanni\",\"rating\":1950,\"seed\":\"sodium,3198a4a05db71217d209c01264d05eb6\"}\n>p1 move voltswitch\n>p2 move swordsdance\n>chat \u2606FireHowe|speced?\n>p1 switch 3\n>p1 move sacredsword\n>p2 move facade\n>p2 switch 5\n>p1 switch 3\n>p2 move bulkup\n>p1 move discharge\n>p2 move closecombat\n>p1 switch 3\n>p1 move psychocut\n>p2 switch 6\n>p1 switch 6\n>p2 move calmmind\n>p1 move knockoff\n>p2 move psychic\n>p1 move knockoff\n>p2 move psychic\n>p2 switch 6\n>p1 move supercellslam\n>p2 move knockoff\n>p2 switch 2\n>p1 move knockoff\n>p2 move scald\n>p1 switch 4\n>p1 move calmmind\n>p2 switch 3\n>p1 move calmmind\n>p2 move hurricane\n>p1 move judgment\n>p2 move hurricane\n>p2 switch 3\n>p1 move judgment\n>p2 move takeheart terastallize\n>p1 move earthpower\n>p2 move icebeam\n>p1 move earthpower\n>p2 move icebeam\n>p2 switch 4\n>p1 move judgment\n>p2 move stoneedge", "uploadtime": 1781411479, "views": 4, "formatid": "gen9randombattle", "rating": null, "private": 0, "password": null}