{"id": "gen9randombattle-2631570845", "format": "[Gen 9] Random Battle", "players": ["Thugballs", "coldinvestor"], "log": "|j|\u2606Thugballs\n|j|\u2606coldinvestor\n|t:|1781402820\n|gametype|singles\n|player|p1|Thugballs|266|1335\n|player|p2|coldinvestor|102|1357\n|gen|9\n|tier|[Gen 9] Random Battle\n|rated|\n|rule|Species Clause: Limit one of each Pok\u00e9mon\n|rule|HP Percentage Mod: HP is shown in percentages\n|rule|Sleep Clause Mod: Limit one foe put to sleep\n|rule|Illusion Level Mod: Illusion disguises the Pok\u00e9mon's true level\n|\n|t:|1781402821\n|teamsize|p1|6\n|teamsize|p2|6\n|start\n|switch|p1a: Tauros|Tauros-Paldea-Blaze, L81, M|252/252\n|switch|p2a: Lokix|Lokix, L82, F|251/251\n|turn|1\n|inactive|Battle timer is ON: inactive players will automatically lose when time's up. (requested by coldinvestor)\n|\n|t:|1781402845\n|switch|p2a: Grumpig|Grumpig, L92, M|297/297\n|move|p1a: Tauros|Raging Bull|p2a: Grumpig\n|-damage|p2a: Grumpig|242/297\n|\n|upkeep\n|turn|2\n|\n|t:|1781402867\n|switch|p1a: Sylveon|Sylveon, L85, M|300/300\n|move|p2a: Grumpig|Psychic|p1a: Sylveon\n|-damage|p1a: Sylveon|219/300\n|\n|-heal|p1a: Sylveon|237/300|[from] item: Leftovers\n|upkeep\n|turn|3\n|\n|t:|1781402877\n|move|p2a: Grumpig|Psychic|p1a: Sylveon\n|-damage|p1a: Sylveon|164/300\n|move|p1a: Sylveon|Hyper Voice|p2a: Grumpig\n|-damage|p2a: Grumpig|149/297\n|\n|-heal|p1a: Sylveon|182/300|[from] item: Leftovers\n|upkeep\n|turn|4\n|\n|t:|1781402884\n|move|p2a: Grumpig|Psychic|p1a: Sylveon\n|-damage|p1a: Sylveon|100/300\n|move|p1a: Sylveon|Wish|p1a: Sylveon\n|\n|-heal|p1a: Sylveon|118/300|[from] item: Leftovers\n|upkeep\n|turn|5\n|\n|t:|1781402895\n|move|p2a: Grumpig|Psychic|p1a: Sylveon\n|-damage|p1a: Sylveon|42/300\n|move|p1a: Sylveon|Hyper Voice|p2a: Grumpig\n|-damage|p2a: Grumpig|43/297\n|\n|-heal|p1a: Sylveon|192/300|[from] move: Wish|[wisher] Sylveon\n|-heal|p1a: Sylveon|210/300|[from] item: Leftovers\n|upkeep\n|turn|6\n|\n|t:|1781402899\n|move|p2a: Grumpig|Psychic|p1a: Sylveon\n|-damage|p1a: Sylveon|134/300\n|move|p1a: Sylveon|Wish|p1a: Sylveon\n|\n|-heal|p1a: Sylveon|152/300|[from] item: Leftovers\n|upkeep\n|turn|7\n|\n|t:|1781402902\n|move|p2a: Grumpig|Psychic|p1a: Sylveon\n|-damage|p1a: Sylveon|76/300\n|move|p1a: Sylveon|Hyper Voice|p2a: Grumpig\n|-damage|p2a: Grumpig|0 fnt\n|faint|p2a: Grumpig\n|\n|-heal|p1a: Sylveon|226/300|[from] move: Wish|[wisher] Sylveon\n|-heal|p1a: Sylveon|244/300|[from] item: Leftovers\n|upkeep\n|\n|t:|1781402906\n|switch|p2a: Regigigas|Regigigas, L84|322/322\n|-start|p2a: Regigigas|ability: Slow Start\n|turn|8\n|\n|t:|1781402915\n|move|p1a: Sylveon|Calm Mind|p1a: Sylveon\n|-boost|p1a: Sylveon|spa|1\n|-boost|p1a: Sylveon|spd|1\n|move|p2a: Regigigas|Knock Off|p1a: Sylveon\n|-resisted|p1a: Sylveon\n|-damage|p1a: Sylveon|212/300\n|-enditem|p1a: Sylveon|Leftovers|[from] move: Knock Off|[of] p2a: Regigigas\n|\n|upkeep\n|turn|9\n|\n|t:|1781402921\n|move|p1a: Sylveon|Hyper Voice|p2a: Regigigas\n|-damage|p2a: Regigigas|150/322\n|move|p2a: Regigigas|Body Slam|p1a: Sylveon\n|-damage|p1a: Sylveon|128/300\n|\n|-heal|p2a: Regigigas|170/322|[from] item: Leftovers\n|upkeep\n|turn|10\n|\n|t:|1781402930\n|move|p2a: Regigigas|Protect|p2a: Regigigas\n|-singleturn|p2a: Regigigas|Protect\n|move|p1a: Sylveon|Hyper Voice|p2a: Regigigas\n|-activate|p2a: Regigigas|move: Protect\n|\n|-heal|p2a: Regigigas|190/322|[from] item: Leftovers\n|upkeep\n|turn|11\n|\n|t:|1781402937\n|move|p1a: Sylveon|Wish|p1a: Sylveon\n|move|p2a: Regigigas|Body Slam|p1a: Sylveon\n|-damage|p1a: Sylveon|37/300\n|\n|-heal|p2a: Regigigas|210/322|[from] item: Leftovers\n|upkeep\n|turn|12\n|\n|t:|1781402941\n|move|p1a: Sylveon|Protect|p1a: Sylveon\n|-singleturn|p1a: Sylveon|Protect\n|move|p2a: Regigigas|Protect||[still]\n|-fail|p2a: Regigigas\n|\n|-heal|p1a: Sylveon|187/300|[from] move: Wish|[wisher] Sylveon\n|-heal|p2a: Regigigas|230/322|[from] item: Leftovers\n|-end|p2a: Regigigas|Slow Start\n|upkeep\n|turn|13\n|\n|t:|1781402953\n|move|p2a: Regigigas|Body Slam|p1a: Sylveon\n|-damage|p1a: Sylveon|10/300\n|move|p1a: Sylveon|Wish|p1a: Sylveon\n|\n|-heal|p2a: Regigigas|250/322|[from] item: Leftovers\n|upkeep\n|turn|14\n|\n|t:|1781402960\n|move|p2a: Regigigas|Substitute|p2a: Regigigas\n|-start|p2a: Regigigas|Substitute\n|-damage|p2a: Regigigas|170/322\n|move|p1a: Sylveon|Calm Mind|p1a: Sylveon\n|-boost|p1a: Sylveon|spa|1\n|-boost|p1a: Sylveon|spd|1\n|\n|-heal|p1a: Sylveon|160/300|[from] move: Wish|[wisher] Sylveon\n|-heal|p2a: Regigigas|190/322|[from] item: Leftovers\n|upkeep\n|turn|15\n|\n|t:|1781402970\n|-terastallize|p1a: Sylveon|Steel\n|move|p2a: Regigigas|Protect|p2a: Regigigas\n|-singleturn|p2a: Regigigas|Protect\n|move|p1a: Sylveon|Wish|p1a: Sylveon\n|\n|-heal|p2a: Regigigas|210/322|[from] item: Leftovers\n|upkeep\n|turn|16\n|\n|t:|1781402976\n|move|p2a: Regigigas|Body Slam|p1a: Sylveon\n|-resisted|p1a: Sylveon\n|-damage|p1a: Sylveon|73/300\n|move|p1a: Sylveon|Hyper Voice|p2a: Regigigas\n|-damage|p2a: Regigigas|0 fnt\n|faint|p2a: Regigigas\n|-end|p2a: Regigigas|Slow Start|[silent]\n|\n|-heal|p1a: Sylveon|223/300|[from] move: Wish|[wisher] Sylveon\n|upkeep\n|\n|t:|1781402992\n|switch|p2a: Annihilape|Annihilape, L76, F|292/292\n|turn|17\n|c|\u2606Thugballs|Dang I\u2019m kinda gaming\n|\n|t:|1781403009\n|switch|p1a: Brambleghast|Brambleghast, L88, F|240/240\n|move|p2a: Annihilape|Drain Punch|p1a: Brambleghast\n|-immune|p1a: Brambleghast\n|\n|upkeep\n|turn|18\n|\n|t:|1781403014\n|move|p1a: Brambleghast|Poltergeist|p2a: Annihilape\n|-activate|p2a: Annihilape|move: Poltergeist|Chesto Berry\n|-supereffective|p2a: Annihilape\n|-crit|p2a: Annihilape\n|-damage|p2a: Annihilape|0 fnt\n|faint|p2a: Annihilape\n|\n|upkeep\n|\n|t:|1781403020\n|switch|p2a: Lokix|Lokix, L82, F|251/251\n|turn|19\n|\n|t:|1781403027\n|switch|p1a: Sylveon|Sylveon, L85, M, tera:Steel|223/300\n|move|p2a: Lokix|Swords Dance|p2a: Lokix\n|-boost|p2a: Lokix|atk|2\n|\n|upkeep\n|turn|20\n|\n|t:|1781403053\n|move|p2a: Lokix|Leech Life|p1a: Sylveon\n|-resisted|p1a: Sylveon\n|-damage|p1a: Sylveon|0 fnt\n|faint|p1a: Sylveon\n|-damage|p2a: Lokix|226/251|[from] item: Life Orb\n|\n|upkeep\n|\n|t:|1781403063\n|switch|p1a: Tauros|Tauros-Paldea-Blaze, L81, M|252/252\n|turn|21\n|\n|t:|1781403072\n|-terastallize|p2a: Lokix|Dark\n|move|p1a: Tauros|Raging Bull|p2a: Lokix\n|-damage|p2a: Lokix|108/251\n|move|p2a: Lokix|Leech Life|p1a: Tauros\n|-resisted|p1a: Tauros\n|-damage|p1a: Tauros|158/252\n|-heal|p2a: Lokix|155/251|[from] drain|[of] p1a: Tauros\n|-damage|p2a: Lokix|130/251|[from] item: Life Orb\n|\n|upkeep\n|turn|22\n|\n|t:|1781403080\n|move|p2a: Lokix|Sucker Punch|p1a: Tauros\n|-resisted|p1a: Tauros\n|-damage|p1a: Tauros|0 fnt\n|faint|p1a: Tauros\n|-damage|p2a: Lokix|105/251|[from] item: Life Orb\n|\n|upkeep\n|\n|t:|1781403094\n|switch|p1a: Brambleghast|Brambleghast, L88, F|240/240\n|turn|23\n|\n|t:|1781403098\n|move|p2a: Lokix|Sucker Punch||[still]\n|-fail|p2a: Lokix\n|move|p1a: Brambleghast|Spikes|p2a: Lokix\n|-sidestart|p2: coldinvestor|Spikes\n|\n|upkeep\n|turn|24\n|\n|t:|1781403102\n|move|p2a: Lokix|Sucker Punch|p1a: Brambleghast\n|-supereffective|p1a: Brambleghast\n|-damage|p1a: Brambleghast|0 fnt\n|faint|p1a: Brambleghast\n|-damage|p2a: Lokix|80/251|[from] item: Life Orb\n|\n|upkeep\n|\n|t:|1781403104\n|switch|p1a: Iron Crown|Iron Crown, L78|268/268\n|turn|25\n|\n|t:|1781403122\n|move|p2a: Lokix|Sucker Punch||[still]\n|-fail|p2a: Lokix\n|move|p1a: Iron Crown|Calm Mind|p1a: Iron Crown\n|-boost|p1a: Iron Crown|spa|1\n|-boost|p1a: Iron Crown|spd|1\n|\n|upkeep\n|turn|26\n|\n|t:|1781403125\n|move|p2a: Lokix|Sucker Punch||[still]\n|-fail|p2a: Lokix\n|move|p1a: Iron Crown|Calm Mind|p1a: Iron Crown\n|-boost|p1a: Iron Crown|spa|1\n|-boost|p1a: Iron Crown|spd|1\n|\n|upkeep\n|turn|27\n|\n|t:|1781403129\n|move|p2a: Lokix|Sucker Punch||[still]\n|-fail|p2a: Lokix\n|move|p1a: Iron Crown|Calm Mind|p1a: Iron Crown\n|-boost|p1a: Iron Crown|spa|1\n|-boost|p1a: Iron Crown|spd|1\n|\n|upkeep\n|turn|28\n|\n|t:|1781403139\n|move|p2a: Lokix|Sucker Punch||[still]\n|-fail|p2a: Lokix\n|move|p1a: Iron Crown|Calm Mind|p1a: Iron Crown\n|-boost|p1a: Iron Crown|spa|1\n|-boost|p1a: Iron Crown|spd|1\n|\n|upkeep\n|turn|29\n|\n|t:|1781403143\n|move|p1a: Iron Crown|Tachyon Cutter|p2a: Lokix\n|-damage|p2a: Lokix|0 fnt\n|faint|p2a: Lokix\n|-hitcount|p2: Lokix|1\n|\n|upkeep\n|c|\u2606Thugballs|2nd try\n|c|\u2606Thugballs|lol\n|inactive|coldinvestor has 120 seconds left.\n|c|\u2606Thugballs|I tried twice to literally I deserved it\n|inactive|coldinvestor has 90 seconds left.\n|inactive|coldinvestor has 60 seconds left.\n|c|\u2606Thugballs|I saw you weren\u2019t a second so I assumed you were a second to last kinda guy\n|inactive|coldinvestor has 30 seconds left.\n|inactive|coldinvestor has 20 seconds left.\n|inactive|coldinvestor has 15 seconds left.\n|inactive|coldinvestor has 10 seconds left.\n|inactive|coldinvestor has 5 seconds left.\n|-message|coldinvestor lost due to inactivity.\n|\n|win|Thugballs\n|raw|Thugballs's rating: 1335 &rarr; <strong>1356</strong><br />(+21 for winning)\n|raw|coldinvestor's rating: 1357 &rarr; <strong>1336</strong><br />(-21 for losing)\n", "inputlog": ">version a8376a258c1d4662feba110a92103f3664a72141\n>start {\"formatid\":\"gen9randombattle\",\"seed\":\"sodium,29c584767036c355d28a37335ee4b730\",\"rated\":\"Rated battle\"}\n>player p1 {\"name\":\"Thugballs\",\"avatar\":\"266\",\"rating\":1335,\"seed\":\"sodium,29c3c1540eda602aff4ab85947112b8a\"}\n>player p2 {\"name\":\"coldinvestor\",\"avatar\":\"102\",\"rating\":1357,\"seed\":\"sodium,817003af9d74e9ef3e4e1e4cc38a62f6\"}\n>p1 move ragingbull\n>p2 switch 4\n>p1 switch 5\n>p2 move psychic\n>p1 move hypervoice\n>p2 move psychic\n>p1 move wish\n>p2 move psychic\n>p1 move hypervoice\n>p2 move psychic\n>p1 move wish\n>p2 move psychic\n>p1 move hypervoice\n>p2 move psychic\n>p2 switch 3\n>p1 move calmmind\n>p2 move knockoff\n>p1 move hypervoice\n>p2 move bodyslam\n>p1 move hypervoice\n>p2 move protect\n>p1 move wish\n>p2 move bodyslam\n>p1 move protect\n>p2 move protect\n>p1 move wish\n>p2 move bodyslam\n>p1 move calmmind\n>p2 move substitute\n>p1 move wish terastallize\n>p2 move protect\n>p1 move hypervoice\n>p2 move bodyslam\n>p2 switch 5\n>chat \u2606Thugballs|Dang I\u2019m kinda gaming\n>p1 switch 6\n>p2 move drainpunch\n>p1 move poltergeist\n>p2 move bulkup\n>p2 switch 4\n>p1 switch 6\n>p2 move swordsdance\n>p1 move hypervoice\n>p2 move leechlife\n>p1 switch 5\n>p1 move ragingbull\n>p2 move leechlife terastallize\n>p1 move closecombat\n>p2 move suckerpunch\n>p1 switch 6\n>p1 move spikes\n>p2 move suckerpunch\n>p1 move powerwhip\n>p2 move suckerpunch\n>p1 switch 3\n>p1 move calmmind\n>p2 move suckerpunch\n>p1 move calmmind\n>p2 move suckerpunch\n>p1 move calmmind\n>p2 move suckerpunch\n>p1 move calmmind\n>p2 move suckerpunch\n>p1 move tachyoncutter\n>p2 move knockoff\n>chat \u2606Thugballs|2nd try\n>chat \u2606Thugballs|lol\n>chat \u2606Thugballs|I tried twice to literally I deserved it\n>chat \u2606Thugballs|I saw you weren\u2019t a second so I assumed you were a second to last kinda guy\n>forcelose p2", "uploadtime": 1781403302, "views": 19, "formatid": "gen9randombattle", "rating": 1336, "private": 0, "password": null}