{"id": "gen9randombattle-2631394828", "format": "[Gen 9] Random Battle", "players": ["SickBoy08", "UncleKrack"], "log": "|j|\u2606SickBoy08\n|j|\u2606UncleKrack\n|t:|1781379494\n|gametype|singles\n|player|p1|SickBoy08|veteran|1554\n|player|p2|UncleKrack|emmet|1553\n|gen|9\n|tier|[Gen 9] Random Battle\n|rated|\n|rule|Species Clause: Limit one of each Pok\u00e9mon\n|rule|HP Percentage Mod: HP is shown in percentages\n|rule|Sleep Clause Mod: Limit one foe put to sleep\n|rule|Illusion Level Mod: Illusion disguises the Pok\u00e9mon's true level\n|\n|t:|1781379494\n|teamsize|p1|6\n|teamsize|p2|6\n|start\n|switch|p1a: Quaquaval|Quaquaval, L79, M|264/264\n|switch|p2a: Vikavolt|Vikavolt, L83, M|263/263\n|turn|1\n|inactive|Battle timer is ON: inactive players will automatically lose when time's up. (requested by UncleKrack)\n|inactive|SickBoy08 also wants the timer to be on.\n|\n|t:|1781379506\n|switch|p1a: Blissey|Blissey, L85, F|572/572\n|move|p2a: Vikavolt|Discharge|p1a: Blissey\n|-damage|p1a: Blissey|494/572\n|\n|-heal|p1a: Blissey|529/572|[from] item: Leftovers\n|upkeep\n|turn|2\n|\n|t:|1781379510\n|move|p1a: Blissey|Stealth Rock|p2a: Vikavolt\n|-sidestart|p2: UncleKrack|move: Stealth Rock\n|move|p2a: Vikavolt|Sticky Web|p1a: Blissey\n|-sidestart|p1: SickBoy08|move: Sticky Web\n|\n|-heal|p1a: Blissey|564/572|[from] item: Leftovers\n|upkeep\n|turn|3\n|\n|t:|1781379524\n|switch|p2a: Quagsire|Quagsire, L84, F|297/297\n|-damage|p2a: Quagsire|279/297|[from] Stealth Rock\n|move|p1a: Blissey|Thunder Wave|p2a: Quagsire\n|-immune|p2a: Quagsire\n|\n|-heal|p1a: Blissey|572/572|[from] item: Leftovers\n|-heal|p2a: Quagsire|297/297|[from] item: Leftovers\n|upkeep\n|turn|4\n|\n|t:|1781379530\n|move|p1a: Blissey|Seismic Toss|p2a: Quagsire\n|-damage|p2a: Quagsire|212/297\n|move|p2a: Quagsire|Spikes|p1a: Blissey\n|-sidestart|p1: SickBoy08|Spikes\n|\n|-heal|p2a: Quagsire|230/297|[from] item: Leftovers\n|upkeep\n|turn|5\n|\n|t:|1781379534\n|move|p1a: Blissey|Seismic Toss|p2a: Quagsire\n|-damage|p2a: Quagsire|145/297\n|move|p2a: Quagsire|Toxic|p1a: Blissey\n|-status|p1a: Blissey|tox\n|\n|-heal|p2a: Quagsire|163/297|[from] item: Leftovers\n|-damage|p1a: Blissey|537/572 tox|[from] psn\n|upkeep\n|turn|6\n|\n|t:|1781379537\n|move|p1a: Blissey|Seismic Toss|p2a: Quagsire\n|-damage|p2a: Quagsire|78/297\n|move|p2a: Quagsire|Recover|p2a: Quagsire\n|-heal|p2a: Quagsire|227/297\n|\n|-heal|p1a: Blissey|572/572 tox|[from] item: Leftovers\n|-heal|p2a: Quagsire|245/297|[from] item: Leftovers\n|-damage|p1a: Blissey|502/572 tox|[from] psn\n|upkeep\n|turn|7\n|\n|t:|1781379543\n|-curestatus|p1a: Blissey|tox|[from] ability: Natural Cure|[silent]\n|switch|p1a: Serperior|Serperior, L79, M|248/248\n|-activate|p1a: Serperior|move: Sticky Web\n|-boost|p1a: Serperior|spe|1\n|-damage|p1a: Serperior|217/248|[from] Spikes\n|move|p2a: Quagsire|Spikes|p1a: Serperior\n|-sidestart|p1: SickBoy08|Spikes\n|\n|-heal|p1a: Serperior|232/248|[from] item: Leftovers\n|-heal|p2a: Quagsire|263/297|[from] item: Leftovers\n|upkeep\n|turn|8\n|\n|t:|1781379553\n|switch|p2a: Ceruledge|Ceruledge, L78, M|245/245\n|move|p1a: Serperior|Substitute|p1a: Serperior\n|-start|p1a: Serperior|Substitute\n|-damage|p1a: Serperior|170/248\n|\n|-heal|p1a: Serperior|185/248|[from] item: Leftovers\n|upkeep\n|turn|9\n|\n|t:|1781379565\n|move|p1a: Serperior|Leaf Storm|p2a: Ceruledge\n|-resisted|p2a: Ceruledge\n|-damage|p2a: Ceruledge|197/245\n|-boost|p1a: Serperior|spa|2\n|move|p2a: Ceruledge|Poltergeist|p1a: Serperior\n|-activate|p1a: Serperior|move: Poltergeist|Leftovers\n|-end|p1a: Serperior|Substitute\n|\n|-heal|p1a: Serperior|200/248|[from] item: Leftovers\n|upkeep\n|turn|10\n|\n|t:|1781379573\n|-terastallize|p1a: Serperior|Rock\n|move|p1a: Serperior|Tera Blast|p2a: Ceruledge|[anim] Tera Blast Rock\n|-supereffective|p2a: Ceruledge\n|-damage|p2a: Ceruledge|0 fnt\n|faint|p2a: Ceruledge\n|\n|-heal|p1a: Serperior|215/248|[from] item: Leftovers\n|upkeep\n|\n|t:|1781379591\n|switch|p2a: Vigoroth|Vigoroth, L85, M|275/275\n|-damage|p2a: Vigoroth|241/275|[from] Stealth Rock\n|turn|11\n|\n|t:|1781379595\n|move|p1a: Serperior|Substitute|p1a: Serperior\n|-start|p1a: Serperior|Substitute\n|-damage|p1a: Serperior|153/248\n|move|p2a: Vigoroth|Body Slam|p1a: Serperior\n|-resisted|p1a: Serperior\n|-activate|p1a: Serperior|move: Substitute|[damage]\n|\n|-heal|p1a: Serperior|168/248|[from] item: Leftovers\n|upkeep\n|turn|12\n|\n|t:|1781379598\n|move|p1a: Serperior|Leech Seed|p2a: Vigoroth\n|-start|p2a: Vigoroth|move: Leech Seed\n|move|p2a: Vigoroth|Body Slam|p1a: Serperior\n|-resisted|p1a: Serperior\n|-end|p1a: Serperior|Substitute\n|\n|-heal|p1a: Serperior|183/248|[from] item: Leftovers\n|-damage|p2a: Vigoroth|207/275|[from] Leech Seed|[of] p1a: Serperior\n|-heal|p1a: Serperior|217/248|[silent]\n|upkeep\n|turn|13\n|\n|t:|1781379603\n|move|p1a: Serperior|Substitute|p1a: Serperior\n|-start|p1a: Serperior|Substitute\n|-damage|p1a: Serperior|155/248\n|move|p2a: Vigoroth|Bulk Up|p2a: Vigoroth\n|-boost|p2a: Vigoroth|atk|1\n|-boost|p2a: Vigoroth|def|1\n|\n|-heal|p1a: Serperior|170/248|[from] item: Leftovers\n|-damage|p2a: Vigoroth|173/275|[from] Leech Seed|[of] p1a: Serperior\n|-heal|p1a: Serperior|204/248|[silent]\n|upkeep\n|turn|14\n|\n|t:|1781379608\n|move|p1a: Serperior|Leaf Storm|p2a: Vigoroth\n|-damage|p2a: Vigoroth|0 fnt\n|-boost|p1a: Serperior|spa|2\n|faint|p2a: Vigoroth\n|\n|-heal|p1a: Serperior|219/248|[from] item: Leftovers\n|upkeep\n|\n|t:|1781379612\n|switch|p2a: Primarina|Primarina, L83, M|268/268\n|-damage|p2a: Primarina|235/268|[from] Stealth Rock\n|turn|15\n|\n|t:|1781379620\n|-terastallize|p2a: Primarina|Poison\n|move|p1a: Serperior|Leaf Storm|p2a: Primarina\n|-resisted|p2a: Primarina\n|-damage|p2a: Primarina|116/268\n|-boost|p1a: Serperior|spa|2\n|move|p2a: Primarina|Sparkling Aria|p1a: Serperior\n|-supereffective|p1a: Serperior\n|-damage|p1a: Serperior|0 fnt\n|faint|p1a: Serperior\n|\n|-heal|p2a: Primarina|132/268|[from] item: Leftovers\n|upkeep\n|inactive|SickBoy08 has 120 seconds left.\n|\n|t:|1781379661\n|switch|p1a: Ninetales|Ninetales, L85, F|263/263\n|-weather|SunnyDay|[from] ability: Drought|[of] p1a: Ninetales\n|turn|16\n|inactive|SickBoy08 has 120 seconds left.\n|\n|t:|1781379675\n|move|p1a: Ninetales|Scorching Sands|p2a: Primarina\n|-supereffective|p2a: Primarina\n|-damage|p2a: Primarina|56/268\n|move|p2a: Primarina|Calm Mind|p2a: Primarina\n|-boost|p2a: Primarina|spa|1\n|-boost|p2a: Primarina|spd|1\n|\n|-weather|SunnyDay|[upkeep]\n|-heal|p2a: Primarina|72/268|[from] item: Leftovers\n|upkeep\n|turn|17\n|inactive|SickBoy08 has 120 seconds left.\n|\n|t:|1781379683\n|move|p1a: Ninetales|Fire Blast|p2a: Primarina\n|-damage|p2a: Primarina|0 fnt\n|faint|p2a: Primarina\n|\n|-weather|SunnyDay|[upkeep]\n|upkeep\n|\n|t:|1781379688\n|switch|p2a: Calyrex|Calyrex-Ice, L72|263/263\n|-ability|p2a: Calyrex|As One\n|-ability|p2a: Calyrex|Unnerve\n|-damage|p2a: Calyrex|198/263|[from] Stealth Rock\n|turn|18\n|\n|t:|1781379694\n|move|p1a: Ninetales|Fire Blast|p2a: Calyrex\n|-supereffective|p2a: Calyrex\n|-damage|p2a: Calyrex|0 fnt\n|faint|p2a: Calyrex\n|\n|-weather|SunnyDay|[upkeep]\n|upkeep\n|\n|t:|1781379698\n|switch|p2a: Vikavolt|Vikavolt, L83, M|263/263\n|turn|19\n|\n|t:|1781379703\n|move|p1a: Ninetales|Fire Blast|p2a: Vikavolt|[miss]\n|-miss|p1a: Ninetales|p2a: Vikavolt\n|move|p2a: Vikavolt|Discharge|p1a: Ninetales\n|-damage|p1a: Ninetales|169/263\n|\n|-weather|SunnyDay|[upkeep]\n|upkeep\n|turn|20\n|\n|t:|1781379706\n|move|p1a: Ninetales|Fire Blast|p2a: Vikavolt\n|-supereffective|p2a: Vikavolt\n|-damage|p2a: Vikavolt|0 fnt\n|faint|p2a: Vikavolt\n|\n|-weather|none\n|upkeep\n|\n|t:|1781379709\n|switch|p2a: Quagsire|Quagsire, L84, F|263/297\n|-damage|p2a: Quagsire|245/297|[from] Stealth Rock\n|turn|21\n|\n|t:|1781379714\n|switch|p1a: Quaquaval|Quaquaval, L79, M|264/264\n|-activate|p1a: Quaquaval|move: Sticky Web\n|-unboost|p1a: Quaquaval|spe|1\n|-damage|p1a: Quaquaval|220/264|[from] Spikes\n|move|p2a: Quagsire|Toxic|p1a: Quaquaval\n|-status|p1a: Quaquaval|tox\n|\n|-heal|p2a: Quagsire|263/297|[from] item: Leftovers\n|-damage|p1a: Quaquaval|204/264 tox|[from] psn\n|upkeep\n|turn|22\n|\n|t:|1781379720\n|move|p1a: Quaquaval|Knock Off|p2a: Quagsire\n|-damage|p2a: Quagsire|156/297\n|-enditem|p2a: Quagsire|Leftovers|[from] move: Knock Off|[of] p1a: Quaquaval\n|move|p2a: Quagsire|Earthquake|p1a: Quaquaval\n|-damage|p1a: Quaquaval|95/264 tox\n|\n|-damage|p1a: Quaquaval|63/264 tox|[from] psn\n|upkeep\n|turn|23\n|\n|t:|1781379726\n|switch|p1a: Malamar|Malamar, L82, M|275/275\n|-activate|p1a: Malamar|move: Sticky Web\n|-boost|p1a: Malamar|spe|1\n|-damage|p1a: Malamar|230/275|[from] Spikes\n|move|p2a: Quagsire|Recover|p2a: Quagsire\n|-heal|p2a: Quagsire|297/297\n|\n|upkeep\n|turn|24\n|\n|t:|1781379732\n|move|p1a: Malamar|Superpower|p2a: Quagsire\n|-damage|p2a: Quagsire|218/297\n|-boost|p1a: Malamar|atk|1\n|-boost|p1a: Malamar|def|1\n|move|p2a: Quagsire|Toxic|p1a: Malamar\n|-status|p1a: Malamar|tox\n|\n|-damage|p1a: Malamar|213/275 tox|[from] psn\n|upkeep\n|turn|25\n|\n|t:|1781379738\n|switch|p1a: Cloyster|Cloyster, L80, F|211/211\n|-activate|p1a: Cloyster|move: Sticky Web\n|-unboost|p1a: Cloyster|spe|1\n|-damage|p1a: Cloyster|176/211|[from] Spikes\n|-enditem|p1a: Cloyster|White Herb\n|-clearnegativeboost|p1a: Cloyster|[silent]\n|move|p2a: Quagsire|Spikes|p1a: Cloyster\n|-sidestart|p1: SickBoy08|Spikes\n|\n|upkeep\n|turn|26\n|\n|t:|1781379741\n|move|p1a: Cloyster|Shell Smash|p1a: Cloyster\n|-unboost|p1a: Cloyster|def|1\n|-unboost|p1a: Cloyster|spd|1\n|-boost|p1a: Cloyster|atk|2\n|-boost|p1a: Cloyster|spa|2\n|-boost|p1a: Cloyster|spe|2\n|move|p2a: Quagsire|Toxic|p1a: Cloyster\n|-status|p1a: Cloyster|tox\n|\n|-damage|p1a: Cloyster|163/211 tox|[from] psn\n|upkeep\n|turn|27\n|\n|t:|1781379745\n|move|p1a: Cloyster|Shell Smash|p1a: Cloyster\n|-unboost|p1a: Cloyster|def|1\n|-unboost|p1a: Cloyster|spd|1\n|-boost|p1a: Cloyster|atk|2\n|-boost|p1a: Cloyster|spa|2\n|-boost|p1a: Cloyster|spe|2\n|move|p2a: Quagsire|Earthquake|p1a: Cloyster\n|-damage|p1a: Cloyster|108/211 tox\n|\n|-damage|p1a: Cloyster|82/211 tox|[from] psn\n|upkeep\n|turn|28\n|\n|t:|1781379748\n|move|p1a: Cloyster|Shell Smash|p1a: Cloyster\n|-unboost|p1a: Cloyster|def|1\n|-unboost|p1a: Cloyster|spd|1\n|-boost|p1a: Cloyster|atk|2\n|-boost|p1a: Cloyster|spa|2\n|-boost|p1a: Cloyster|spe|2\n|move|p2a: Quagsire|Earthquake|p1a: Cloyster\n|-damage|p1a: Cloyster|24/211 tox\n|\n|-damage|p1a: Cloyster|0 fnt|[from] psn\n|faint|p1a: Cloyster\n|upkeep\n|\n|t:|1781379750\n|switch|p1a: Ninetales|Ninetales, L85, F|169/263\n|-weather|SunnyDay|[from] ability: Drought|[of] p1a: Ninetales\n|turn|29\n|\n|t:|1781379754\n|move|p1a: Ninetales|Solar Beam||[still]\n|-prepare|p1a: Ninetales|Solar Beam\n|-anim|p1a: Ninetales|Solar Beam|p2a: Quagsire\n|-supereffective|p2a: Quagsire\n|-damage|p2a: Quagsire|0 fnt\n|faint|p2a: Quagsire\n|\n|win|SickBoy08\n|raw|SickBoy08's rating: 1554 &rarr; <strong>1574</strong><br />(+20 for winning)\n|raw|UncleKrack's rating: 1553 &rarr; <strong>1533</strong><br />(-20 for losing)\n", "inputlog": ">version a8376a258c1d4662feba110a92103f3664a72141\n>start {\"formatid\":\"gen9randombattle\",\"seed\":\"sodium,d79e86a901bfdd626a95ca015c9074b5\",\"rated\":\"Rated battle\"}\n>player p1 {\"name\":\"SickBoy08\",\"avatar\":\"veteran\",\"rating\":1554,\"seed\":\"sodium,b09649a2268661f9c86a94068fade646\"}\n>player p2 {\"name\":\"UncleKrack\",\"avatar\":\"emmet\",\"rating\":1553,\"seed\":\"sodium,7ec28188ca1c4799a83ad448244819f5\"}\n>p1 switch 2\n>p2 move discharge\n>p1 move stealthrock\n>p2 move stickyweb\n>p1 move thunderwave\n>p2 switch 6\n>p1 move seismictoss\n>p2 move spikes\n>p1 move seismictoss\n>p2 move toxic\n>p1 move seismictoss\n>p2 move recover\n>p1 switch 4\n>p2 move spikes\n>p1 move substitute\n>p2 switch 4\n>p1 move leafstorm\n>p2 move poltergeist\n>p1 move terablast terastallize\n>p2 move bitterblade\n>p2 switch 3\n>p1 move substitute\n>p2 move bodyslam\n>p1 move leechseed\n>p2 move bodyslam\n>p1 move substitute\n>p2 move bulkup\n>p1 move leafstorm\n>p2 move bodyslam\n>p2 switch 2\n>p1 move leafstorm\n>p2 move sparklingaria terastallize\n>p1 switch 5\n>p1 move scorchingsands\n>p2 move calmmind\n>p1 move fireblast\n>p2 move sparklingaria\n>p2 switch 5\n>p1 move fireblast\n>p2 move agility\n>p2 switch 6\n>p1 move fireblast\n>p2 move discharge\n>p1 move fireblast\n>p2 move discharge\n>p2 switch 4\n>p1 switch 2\n>p2 move toxic\n>p1 move knockoff\n>p2 move earthquake\n>p1 switch 6\n>p2 move recover\n>p1 move superpower\n>p2 move toxic\n>p1 switch 3\n>p2 move spikes\n>p1 move shellsmash\n>p2 move toxic\n>p1 move shellsmash\n>p2 move earthquake\n>p1 move shellsmash\n>p2 move earthquake\n>p1 switch 2\n>p1 move solarbeam\n>p2 move earthquake", "uploadtime": 1781379755, "views": 6, "formatid": "gen9randombattle", "rating": 1533, "private": 0, "password": null}