{"id": "gen9randombattle-2631389371", "format": "[Gen 9] Random Battle", "players": ["Sparrow666x", "Usummega"], "log": "|j|\u2606Sparrow666x\n|j|\u2606Usummega\n|t:|1781378878\n|gametype|singles\n|player|p1|Sparrow666x|2|2256\n|player|p2|Usummega|maxie-gen6|2332\n|gen|9\n|tier|[Gen 9] Random Battle\n|rated|\n|rule|Species Clause: Limit one of each Pok\u00e9mon\n|rule|HP Percentage Mod: HP is shown in percentages\n|rule|Sleep Clause Mod: Limit one foe put to sleep\n|rule|Illusion Level Mod: Illusion disguises the Pok\u00e9mon's true level\n|\n|t:|1781378878\n|teamsize|p1|6\n|teamsize|p2|6\n|start\n|switch|p1a: Gouging Fire|Gouging Fire, L74|277/277\n|switch|p2a: Skuntank|Skuntank, L84, M|310/310\n|turn|1\n|\n|t:|1781378905\n|move|p2a: Skuntank|Gunk Shot|p1a: Gouging Fire\n|-damage|p1a: Gouging Fire|166/277\n|-status|p1a: Gouging Fire|psn\n|move|p1a: Gouging Fire|Dragon Dance|p1a: Gouging Fire\n|-boost|p1a: Gouging Fire|atk|1\n|-boost|p1a: Gouging Fire|spe|1\n|\n|-damage|p1a: Gouging Fire|132/277 psn|[from] psn\n|upkeep\n|turn|2\n|inactive|Battle timer is ON: inactive players will automatically lose when time's up. (requested by Usummega)\n|\n|t:|1781378919\n|switch|p2a: Wyrdeer|Wyrdeer, L87, M|321/321\n|-ability|p2a: Wyrdeer|Intimidate|boost\n|-unboost|p1a: Gouging Fire|atk|1\n|move|p1a: Gouging Fire|Earthquake|p2a: Wyrdeer\n|-damage|p2a: Wyrdeer|248/321\n|\n|-heal|p2a: Wyrdeer|268/321|[from] item: Leftovers\n|-damage|p1a: Gouging Fire|98/277 psn|[from] psn\n|upkeep\n|turn|3\n|\n|t:|1781378940\n|move|p1a: Gouging Fire|Heat Crash|p2a: Wyrdeer\n|-damage|p2a: Wyrdeer|135/321\n|move|p2a: Wyrdeer|Psychic Noise|p1a: Gouging Fire\n|-damage|p1a: Gouging Fire|5/277 psn\n|-start|p1a: Gouging Fire|move: Heal Block\n|\n|-heal|p2a: Wyrdeer|155/321|[from] item: Leftovers\n|-damage|p1a: Gouging Fire|0 fnt|[from] psn\n|faint|p1a: Gouging Fire\n|-end|p1a: Gouging Fire|Protosynthesis|[silent]\n|upkeep\n|inactive|Sparrow666x has 120 seconds left.\n|\n|t:|1781378960\n|switch|p1a: Dialga|Dialga, L73|266/266\n|-ability|p1a: Dialga|Pressure\n|turn|4\n|\n|t:|1781378971\n|switch|p2a: Dedenne|Dedenne, L88, F|261/261\n|move|p1a: Dialga|Draco Meteor|p2a: Dedenne\n|-immune|p2a: Dedenne\n|\n|upkeep\n|turn|5\n|inactive|Sparrow666x has 120 seconds left.\n|\n|t:|1781378987\n|switch|p1a: Chansey|Chansey, L85, F|564/564\n|move|p2a: Dedenne|Nuzzle|p1a: Chansey\n|-damage|p1a: Chansey|525/564\n|-status|p1a: Chansey|par\n|\n|upkeep\n|turn|6\n|j| rufoush\n|inactive|Sparrow666x has 120 seconds left.\n|\n|t:|1781379000\n|move|p2a: Dedenne|U-turn|p1a: Chansey\n|-crit|p1a: Chansey\n|-damage|p1a: Chansey|399/564 par\n|\n|t:|1781379007\n|switch|p2a: Iron Hands|Iron Hands, L79|373/373|[from] U-turn\n|move|p1a: Chansey|Seismic Toss|p2a: Iron Hands\n|-damage|p2a: Iron Hands|288/373\n|\n|upkeep\n|turn|7\n|inactive|Sparrow666x has 120 seconds left.\n|\n|t:|1781379043\n|-curestatus|p1a: Chansey|par|[from] ability: Natural Cure|[silent]\n|switch|p1a: Salazzle|Salazzle, L83, F|249/249\n|move|p2a: Iron Hands|Close Combat|p1a: Salazzle\n|-resisted|p1a: Salazzle\n|-damage|p1a: Salazzle|157/249\n|-unboost|p2a: Iron Hands|def|1\n|-unboost|p2a: Iron Hands|spd|1\n|\n|-heal|p1a: Salazzle|172/249|[from] item: Leftovers\n|upkeep\n|turn|8\n|\n|t:|1781379054\n|move|p1a: Salazzle|Flamethrower|p2a: Iron Hands\n|-damage|p2a: Iron Hands|165/373\n|move|p2a: Iron Hands|Volt Switch|p1a: Salazzle\n|-damage|p1a: Salazzle|117/249\n|\n|t:|1781379064\n|-end|p2a: Iron Hands|Quark Drive|[silent]\n|switch|p2a: Skuntank|Skuntank, L84, M|310/310|[from] Volt Switch\n|\n|-heal|p1a: Salazzle|132/249|[from] item: Leftovers\n|upkeep\n|turn|9\n|\n|t:|1781379071\n|move|p1a: Salazzle|Protect|p1a: Salazzle\n|-singleturn|p1a: Salazzle|Protect\n|move|p2a: Skuntank|Knock Off|p1a: Salazzle\n|-activate|p1a: Salazzle|move: Protect\n|\n|-heal|p1a: Salazzle|147/249|[from] item: Leftovers\n|upkeep\n|turn|10\n|\n|t:|1781379081\n|switch|p1a: Dialga|Dialga, L73|266/266\n|-ability|p1a: Dialga|Pressure\n|move|p2a: Skuntank|Knock Off|p1a: Dialga\n|-damage|p1a: Dialga|184/266\n|-enditem|p1a: Dialga|Assault Vest|[from] move: Knock Off|[of] p2a: Skuntank\n|\n|upkeep\n|turn|11\n|inactive|Sparrow666x has 120 seconds left.\n|\n|t:|1781379094\n|switch|p2a: Dedenne|Dedenne, L88, F|261/261\n|move|p1a: Dialga|Fire Blast|p2a: Dedenne\n|-damage|p2a: Dedenne|169/261\n|\n|upkeep\n|turn|12\n|inactive|Sparrow666x has 120 seconds left.\n|\n|t:|1781379104\n|switch|p1a: Chansey|Chansey, L85, F|399/564\n|move|p2a: Dedenne|Dazzling Gleam|p1a: Chansey\n|-damage|p1a: Chansey|351/564\n|\n|upkeep\n|turn|13\n|inactive|Sparrow666x has 120 seconds left.\n|\n|t:|1781379127\n|move|p2a: Dedenne|U-turn|p1a: Chansey\n|-damage|p1a: Chansey|264/564\n|\n|t:|1781379138\n|switch|p2a: Iron Hands|Iron Hands, L79|165/373|[from] U-turn\n|move|p1a: Chansey|Seismic Toss|p2a: Iron Hands\n|-damage|p2a: Iron Hands|80/373\n|\n|upkeep\n|turn|14\n|inactive|Sparrow666x has 120 seconds left.\n|\n|t:|1781379146\n|-end|p2a: Iron Hands|Quark Drive|[silent]\n|switch|p2a: Wyrdeer|Wyrdeer, L87, M|155/321\n|-ability|p2a: Wyrdeer|Intimidate|boost\n|-unboost|p1a: Chansey|atk|1\n|move|p1a: Chansey|Seismic Toss|p2a: Wyrdeer\n|-damage|p2a: Wyrdeer|70/321\n|\n|-heal|p2a: Wyrdeer|90/321|[from] item: Leftovers\n|upkeep\n|turn|15\n|inactive|Sparrow666x has 120 seconds left.\n|\n|t:|1781379175\n|-terastallize|p1a: Chansey|Dark\n|move|p2a: Wyrdeer|Earthquake|p1a: Chansey\n|-damage|p1a: Chansey|72/564\n|move|p1a: Chansey|Thunder Wave|p2a: Wyrdeer\n|-status|p2a: Wyrdeer|par\n|\n|-heal|p2a: Wyrdeer|110/321 par|[from] item: Leftovers\n|upkeep\n|turn|16\n|\n|t:|1781379203\n|move|p1a: Chansey|Soft-Boiled|p1a: Chansey\n|-heal|p1a: Chansey|354/564\n|move|p2a: Wyrdeer|Megahorn|p1a: Chansey|[miss]\n|-miss|p2a: Wyrdeer|p1a: Chansey\n|\n|-heal|p2a: Wyrdeer|130/321 par|[from] item: Leftovers\n|upkeep\n|turn|17\n|\n|t:|1781379209\n|switch|p1a: Dialga|Dialga, L73|184/266\n|-ability|p1a: Dialga|Pressure\n|cant|p2a: Wyrdeer|par\n|\n|-heal|p2a: Wyrdeer|150/321 par|[from] item: Leftovers\n|upkeep\n|turn|18\n|\n|t:|1781379214\n|switch|p2a: Dedenne|Dedenne, L88, F|169/261\n|move|p1a: Dialga|Draco Meteor|p2a: Dedenne\n|-immune|p2a: Dedenne\n|\n|upkeep\n|turn|19\n|inactive|Sparrow666x has 120 seconds left.\n|\n|t:|1781379234\n|move|p2a: Dedenne|Dazzling Gleam|p1a: Dialga\n|-damage|p1a: Dialga|94/266\n|move|p1a: Dialga|Heavy Slam|p2a: Dedenne\n|-damage|p2a: Dedenne|19/261\n|-enditem|p2a: Dedenne|Sitrus Berry|[eat]\n|-heal|p2a: Dedenne|84/261|[from] item: Sitrus Berry\n|-heal|p2a: Dedenne|171/261|[from] ability: Cheek Pouch\n|\n|upkeep\n|turn|20\n|\n|t:|1781379246\n|move|p2a: Dedenne|Dazzling Gleam|p1a: Dialga\n|-damage|p1a: Dialga|4/266\n|move|p1a: Dialga|Heavy Slam|p2a: Dedenne\n|-damage|p2a: Dedenne|32/261\n|\n|upkeep\n|turn|21\n|inactive|Sparrow666x has 90 seconds left.\n|\n|t:|1781379273\n|move|p2a: Dedenne|U-turn|p1a: Dialga\n|-resisted|p1a: Dialga\n|-damage|p1a: Dialga|0 fnt\n|faint|p1a: Dialga\n|\n|t:|1781379281\n|switch|p2a: Skuntank|Skuntank, L84, M|310/310|[from] U-turn\n|\n|upkeep\n|inactive|Sparrow666x has 90 seconds left.\n|inactive|Sparrow666x has 60 seconds left.\n|\n|t:|1781379322\n|switch|p1a: Chansey|Chansey, L85, F|219/219\n|-start|p1a: Chansey|typechange|Dark|[silent]\n|turn|22\n|inactive|Sparrow666x has 60 seconds left.\n|\n|t:|1781379345\n|move|p1a: Chansey|Will-O-Wisp|p2a: Skuntank|[miss]\n|-miss|p1a: Chansey|p2a: Skuntank\n|move|p2a: Skuntank|Gunk Shot|p1a: Chansey\n|-resisted|p1a: Chansey\n|-damage|p1a: Chansey|128/219\n|replace|p1a: Zoroark|Zoroark-Hisui, L80, F\n|-end|p1a: Zoroark|Illusion\n|-hint|Illusion Level Mod is active, so this Pok\u00e9mon's true level was hidden.\n|\n|upkeep\n|turn|23\n|inactive|Sparrow666x has 60 seconds left.\n|inactive|Sparrow666x has 30 seconds left.\n|inactive|Sparrow666x has 20 seconds left.\n|inactive|Usummega has 120 seconds left.\n|\n|t:|1781379396\n|switch|p2a: Wyrdeer|Wyrdeer, L87, M|150/321 par\n|-ability|p2a: Wyrdeer|Intimidate|boost\n|-unboost|p1a: Zoroark|atk|1\n|move|p1a: Zoroark|Hyper Voice|p2a: Wyrdeer\n|-damage|p2a: Wyrdeer|0 fnt\n|faint|p2a: Wyrdeer\n|-damage|p1a: Zoroark|107/219|[from] item: Life Orb\n|\n|upkeep\n|inactive|Usummega has 120 seconds left.\n|\n|t:|1781379406\n|switch|p2a: Dedenne|Dedenne, L88, F|32/261\n|turn|24\n|inactive|Sparrow666x has 30 seconds left.\n|\n|t:|1781379421\n|switch|p1a: Salazzle|Salazzle, L83, F|147/249\n|move|p2a: Dedenne|Thunderbolt|p1a: Salazzle\n|-damage|p1a: Salazzle|26/249\n|\n|-heal|p1a: Salazzle|41/249|[from] item: Leftovers\n|upkeep\n|turn|25\n|l| rufoush\n|inactive|Sparrow666x has 30 seconds left.\n|\n|t:|1781379427\n|switch|p2a: Iron Hands|Iron Hands, L79|80/373\n|move|p1a: Salazzle|Flamethrower|p2a: Iron Hands\n|-damage|p2a: Iron Hands|0 fnt\n|faint|p2a: Iron Hands\n|-end|p2a: Iron Hands|Quark Drive|[silent]\n|\n|-heal|p1a: Salazzle|56/249|[from] item: Leftovers\n|upkeep\n|\n|t:|1781379430\n|switch|p2a: Skuntank|Skuntank, L84, M|310/310\n|turn|26\n|\n|t:|1781379436\n|move|p1a: Salazzle|Protect|p1a: Salazzle\n|-singleturn|p1a: Salazzle|Protect\n|move|p2a: Skuntank|Knock Off|p1a: Salazzle\n|-activate|p1a: Salazzle|move: Protect\n|\n|-heal|p1a: Salazzle|71/249|[from] item: Leftovers\n|upkeep\n|turn|27\n|\n|t:|1781379445\n|move|p1a: Salazzle|Flamethrower|p2a: Skuntank\n|-damage|p2a: Skuntank|223/310\n|move|p2a: Skuntank|Knock Off|p1a: Salazzle\n|-damage|p1a: Salazzle|0 fnt\n|-enditem|p1a: Salazzle|Leftovers|[from] move: Knock Off|[of] p2a: Skuntank\n|faint|p1a: Salazzle\n|\n|upkeep\n|\n|t:|1781379450\n|switch|p1a: Chansey|Chansey, L85, F|107/219\n|turn|28\n|\n|t:|1781379454\n|move|p2a: Skuntank|Sucker Punch|p1a: Chansey\n|-supereffective|p1a: Chansey\n|-damage|p1a: Chansey|0 fnt\n|replace|p1a: Zoroark|Zoroark-Hisui, L80, F\n|-end|p1a: Zoroark|Illusion\n|faint|p1a: Zoroark\n|\n|upkeep\n|\n|t:|1781379460\n|switch|p1a: Chansey|Chansey, L85, F, tera:Dark|354/564\n|turn|29\n|inactive|Sparrow666x has 60 seconds left.\n|\n|t:|1781379465\n|move|p2a: Skuntank|Gunk Shot|p1a: Chansey\n|-damage|p1a: Chansey|96/564\n|move|p1a: Chansey|Thunder Wave|p2a: Skuntank\n|-status|p2a: Skuntank|par\n|\n|upkeep\n|turn|30\n|\n|t:|1781379473\n|move|p1a: Chansey|Soft-Boiled|p1a: Chansey\n|-heal|p1a: Chansey|378/564\n|cant|p2a: Skuntank|par\n|\n|upkeep\n|turn|31\n|\n|t:|1781379480\n|move|p1a: Chansey|Seismic Toss|p2a: Skuntank\n|-damage|p2a: Skuntank|138/310 par\n|move|p2a: Skuntank|Knock Off|p1a: Chansey\n|-resisted|p1a: Chansey\n|-damage|p1a: Chansey|266/564\n|-enditem|p1a: Chansey|Eviolite|[from] move: Knock Off|[of] p2a: Skuntank\n|\n|upkeep\n|turn|32\n|\n|t:|1781379489\n|move|p1a: Chansey|Seismic Toss|p2a: Skuntank\n|-damage|p2a: Skuntank|53/310 par\n|move|p2a: Skuntank|Gunk Shot|p1a: Chansey\n|-damage|p1a: Chansey|0 fnt\n|faint|p1a: Chansey\n|\n|upkeep\n|\n|t:|1781379493\n|switch|p1a: Flutter Mane|Flutter Mane, L74|203/203\n|turn|33\n|\n|t:|1781379512\n|move|p1a: Flutter Mane|Calm Mind|p1a: Flutter Mane\n|-boost|p1a: Flutter Mane|spa|1\n|-boost|p1a: Flutter Mane|spd|1\n|cant|p2a: Skuntank|par\n|\n|upkeep\n|turn|34\n|\n|t:|1781379526\n|move|p2a: Skuntank|Sucker Punch|p1a: Flutter Mane\n|-damage|p1a: Flutter Mane|94/203\n|move|p1a: Flutter Mane|Moonblast|p2a: Skuntank\n|-damage|p2a: Skuntank|0 fnt\n|faint|p2a: Skuntank\n|-damage|p1a: Flutter Mane|74/203|[from] item: Life Orb\n|\n|upkeep\n|\n|t:|1781379531\n|switch|p2a: Torterra|Torterra, L78, M|276/276\n|turn|35\n|\n|t:|1781379536\n|move|p1a: Flutter Mane|Moonblast|p2a: Torterra\n|-damage|p2a: Torterra|69/276\n|-damage|p1a: Flutter Mane|54/203|[from] item: Life Orb\n|move|p2a: Torterra|Shell Smash|p2a: Torterra\n|-unboost|p2a: Torterra|def|1\n|-unboost|p2a: Torterra|spd|1\n|-boost|p2a: Torterra|atk|2\n|-boost|p2a: Torterra|spa|2\n|-boost|p2a: Torterra|spe|2\n|\n|upkeep\n|turn|36\n|\n|t:|1781379547\n|move|p2a: Torterra|Bullet Seed|p1a: Flutter Mane\n|-damage|p1a: Flutter Mane|0 fnt\n|faint|p1a: Flutter Mane\n|-end|p1a: Flutter Mane|Protosynthesis|[silent]\n|-hitcount|p1: Flutter Mane|1\n|\n|win|Usummega\n|raw|Sparrow666x's rating: 2256 &rarr; <strong>2242</strong><br />(-14 for losing)\n|raw|Usummega's rating: 2369 &rarr; <strong>2383</strong><br />(+14 for winning)\n", "inputlog": ">version a8376a258c1d4662feba110a92103f3664a72141\n>start {\"formatid\":\"gen9randombattle\",\"seed\":\"sodium,2bfaaabda24815d42b8322ef8a4098c2\",\"rated\":\"Rated battle\"}\n>player p1 {\"name\":\"Sparrow666x\",\"avatar\":\"2\",\"rating\":2256,\"seed\":\"sodium,d2a7926799d8ee88daa191f4a7d13181\"}\n>player p2 {\"name\":\"Usummega\",\"avatar\":\"maxie-gen6\",\"rating\":2332,\"seed\":\"sodium,58fc4dba3f78f7a6521fb8e65a5b0780\"}\n>p1 move dragondance\n>p2 move gunkshot\n>p1 move earthquake\n>p2 switch 6\n>p1 move heatcrash\n>p2 move psychicnoise\n>p1 switch 2\n>p1 move dracometeor\n>p2 switch 5\n>p1 switch 5\n>p2 move nuzzle\n>p1 move seismictoss\n>p2 move uturn\n>p2 switch 3\n>p1 switch 6\n>p2 move closecombat\n>p1 move flamethrower\n>p2 move voltswitch\n>p2 switch 6\n>p1 move protect\n>p2 move knockoff\n>p1 switch 5\n>p2 move knockoff\n>p1 move fireblast\n>p2 switch 3\n>p1 switch 6\n>p2 move dazzlinggleam\n>p1 move seismictoss\n>p2 move uturn\n>p2 switch 6\n>p1 move seismictoss\n>p2 switch 5\n>p1 move thunderwave terastallize\n>p2 move earthquake\n>p1 move softboiled\n>p2 move megahorn\n>p1 switch 6\n>p2 move earthquake\n>p1 move dracometeor\n>p2 switch 6\n>p1 move heavyslam\n>p2 move dazzlinggleam\n>p1 move heavyslam\n>p2 move dazzlinggleam\n>p1 move heavyslam\n>p2 move uturn\n>p2 switch 3\n>p1 switch 3\n>p1 move willowisp\n>p2 move gunkshot\n>p1 move hypervoice\n>p2 switch 6\n>p2 switch 3\n>p1 switch 5\n>p2 move thunderbolt\n>p1 move flamethrower\n>p2 switch 5\n>p2 switch 6\n>p1 move protect\n>p2 move knockoff\n>p1 move flamethrower\n>p2 move knockoff\n>p1 switch 5\n>p1 move hypervoice\n>p2 move suckerpunch\n>p1 switch 6\n>p1 move thunderwave\n>p2 move gunkshot\n>p1 move softboiled\n>p2 move knockoff\n>p1 move seismictoss\n>p2 move knockoff\n>p1 move seismictoss\n>p2 move gunkshot\n>p1 switch 4\n>p1 move calmmind\n>p2 move knockoff\n>p1 move moonblast\n>p2 move suckerpunch\n>p2 switch 2\n>p1 move moonblast\n>p2 move shellsmash\n>p1 move moonblast\n>p2 move bulletseed", "uploadtime": 1781378880, "views": 10, "formatid": "gen9randombattle", "rating": 2242, "private": 0, "password": null}