{"id": "gen9randombattle-2631670952", "format": "[Gen 9] Random Battle", "players": ["forgetful ape", "skuxxboi69"], "log": "|j|\u2606forgetful ape\n|j|\u2606skuxxboi69\n|t:|1781418709\n|gametype|singles\n|player|p1|forgetful ape|clown|1979\n|player|p2|skuxxboi69|266|1948\n|gen|9\n|tier|[Gen 9] Random Battle\n|rated|\n|rule|Species Clause: Limit one of each Pok\u00e9mon\n|rule|HP Percentage Mod: HP is shown in percentages\n|rule|Sleep Clause Mod: Limit one foe put to sleep\n|rule|Illusion Level Mod: Illusion disguises the Pok\u00e9mon's true level\n|\n|t:|1781418709\n|teamsize|p1|6\n|teamsize|p2|6\n|start\n|switch|p1a: Tentacruel|Tentacruel, L84, F|272/272\n|switch|p2a: Dragalge|Dragalge, L88, F|258/258\n|turn|1\n|inactive|Battle timer is ON: inactive players will automatically lose when time's up. (requested by forgetful ape)\n|\n|t:|1781418730\n|switch|p1a: Oinkologne|Oinkologne, L92, M|352/352\n|move|p2a: Dragalge|Draco Meteor|p1a: Oinkologne|[miss]\n|-miss|p2a: Dragalge|p1a: Oinkologne\n|\n|upkeep\n|turn|2\n|\n|t:|1781418744\n|switch|p2a: Leavanny|Leavanny, L86, F|269/269\n|move|p1a: Oinkologne|Body Slam|p2a: Leavanny\n|-damage|p2a: Leavanny|152/269\n|\n|upkeep\n|turn|3\n|\n|t:|1781418752\n|move|p2a: Leavanny|Sticky Web|p1a: Oinkologne\n|-sidestart|p1: forgetful ape|move: Sticky Web\n|move|p1a: Oinkologne|Curse|p1a: Oinkologne\n|-unboost|p1a: Oinkologne|spe|1\n|-boost|p1a: Oinkologne|atk|1\n|-boost|p1a: Oinkologne|def|1\n|\n|upkeep\n|turn|4\n|\n|t:|1781418759\n|move|p2a: Leavanny|Knock Off|p1a: Oinkologne\n|-damage|p1a: Oinkologne|302/352\n|-enditem|p1a: Oinkologne|Leftovers|[from] move: Knock Off|[of] p2a: Leavanny\n|move|p1a: Oinkologne|Body Slam|p2a: Leavanny\n|-damage|p2a: Leavanny|0 fnt\n|faint|p2a: Leavanny\n|\n|upkeep\n|inactive|skuxxboi69 has 120 seconds left.\n|\n|t:|1781418790\n|switch|p2a: Hydrapple|Hydrapple, L83, M|312/312\n|turn|5\n|inactive|skuxxboi69 has 120 seconds left.\n|\n|t:|1781418807\n|move|p2a: Hydrapple|Fickle Beam|p1a: Oinkologne|[anim] Fickle Beam All Out\n|-activate|p2a: Hydrapple|move: Fickle Beam\n|-damage|p1a: Oinkologne|20/352\n|move|p1a: Oinkologne|Body Slam|p2a: Hydrapple\n|-damage|p2a: Hydrapple|174/312\n|-status|p2a: Hydrapple|par\n|\n|upkeep\n|turn|6\n|inactive|skuxxboi69 has 120 seconds left.\n|\n|t:|1781418818\n|switch|p2a: Necrozma|Necrozma-Dawn-Wings, L76|272/272\n|move|p1a: Oinkologne|Body Slam|p2a: Necrozma\n|-immune|p2a: Necrozma\n|\n|upkeep\n|turn|7\n|inactive|skuxxboi69 has 120 seconds left.\n|\n|t:|1781418826\n|move|p2a: Necrozma|Photon Geyser|p1a: Oinkologne\n|-damage|p1a: Oinkologne|0 fnt\n|faint|p1a: Oinkologne\n|\n|upkeep\n|\n|t:|1781418841\n|switch|p1a: Vivillon|Vivillon-Icy Snow, L83, F|268/268\n|turn|8\n|\n|t:|1781418848\n|switch|p2a: Illumise|Illumise, L91, F|266/266\n|move|p1a: Vivillon|Quiver Dance|p1a: Vivillon\n|-boost|p1a: Vivillon|spa|1\n|-boost|p1a: Vivillon|spd|1\n|-boost|p1a: Vivillon|spe|1\n|\n|upkeep\n|turn|9\n|\n|t:|1781418857\n|switch|p1a: Whiscash|Whiscash, L88, F|337/337\n|-activate|p1a: Whiscash|move: Sticky Web\n|-unboost|p1a: Whiscash|spe|1\n|move|p2a: Illumise|Encore||[still]\n|-fail|p2a: Illumise\n|\n|upkeep\n|turn|10\n|\n|t:|1781418865\n|switch|p2a: Milotic|Milotic, L83, F|293/293\n|switch|p1a: Tentacruel|Tentacruel, L84, F|272/272\n|-activate|p1a: Tentacruel|move: Sticky Web\n|-unboost|p1a: Tentacruel|spe|1\n|\n|upkeep\n|turn|11\n|\n|t:|1781418872\n|switch|p2a: Necrozma|Necrozma-Dawn-Wings, L76|272/272\n|move|p1a: Tentacruel|Rapid Spin|p2a: Necrozma\n|-immune|p2a: Necrozma\n|\n|upkeep\n|turn|12\n|inactive|forgetful ape has 120 seconds left.\n|\n|t:|1781418912\n|move|p2a: Necrozma|Photon Geyser|p1a: Tentacruel\n|-supereffective|p1a: Tentacruel\n|-damage|p1a: Tentacruel|66/272\n|move|p1a: Tentacruel|Toxic|p2a: Necrozma\n|-status|p2a: Necrozma|tox\n|\n|-heal|p1a: Tentacruel|83/272|[from] item: Leftovers\n|-damage|p2a: Necrozma|255/272 tox|[from] psn\n|upkeep\n|turn|13\n|\n|t:|1781418922\n|switch|p1a: Vivillon|Vivillon-Icy Snow, L83, F|268/268\n|move|p2a: Necrozma|Photon Geyser|p1a: Vivillon\n|-crit|p1a: Vivillon\n|-damage|p1a: Vivillon|0 fnt\n|faint|p1a: Vivillon\n|\n|-heal|p2a: Necrozma|272/272 tox|[from] item: Leftovers\n|-damage|p2a: Necrozma|238/272 tox|[from] psn\n|upkeep\n|inactive|forgetful ape has 120 seconds left.\n|\n|t:|1781418949\n|switch|p1a: Gouging Fire|Gouging Fire, L74|277/277\n|turn|14\n|\n|t:|1781418975\n|move|p1a: Gouging Fire|Dragon Dance|p1a: Gouging Fire\n|-boost|p1a: Gouging Fire|atk|1\n|-boost|p1a: Gouging Fire|spe|1\n|move|p2a: Necrozma|Photon Geyser|p1a: Gouging Fire\n|-damage|p1a: Gouging Fire|127/277\n|\n|-heal|p2a: Necrozma|255/272 tox|[from] item: Leftovers\n|-damage|p2a: Necrozma|204/272 tox|[from] psn\n|upkeep\n|turn|15\n|inactive|forgetful ape has 120 seconds left.\n|\n|t:|1781418987\n|move|p1a: Gouging Fire|Outrage|p2a: Necrozma\n|-crit|p2a: Necrozma\n|-damage|p2a: Necrozma|0 fnt\n|faint|p2a: Necrozma\n|\n|upkeep\n|inactive|skuxxboi69 has 120 seconds left.\n|\n|t:|1781419013\n|switch|p2a: Milotic|Milotic, L83, F|293/293\n|turn|16\n|inactive|forgetful ape has 120 seconds left.\n|\n|t:|1781419045\n|move|p1a: Gouging Fire|Outrage|p2a: Milotic|[from] lockedmove\n|-damage|p2a: Milotic|100/293\n|-start|p1a: Gouging Fire|confusion|[fatigue]\n|move|p2a: Milotic|Scald|p1a: Gouging Fire\n|-damage|p1a: Gouging Fire|33/277\n|\n|-heal|p2a: Milotic|118/293|[from] item: Leftovers\n|upkeep\n|turn|17\n|\n|t:|1781419056\n|-activate|p1a: Gouging Fire|confusion\n|-damage|p1a: Gouging Fire|0 fnt|[from] confusion\n|faint|p1a: Gouging Fire\n|-end|p1a: Gouging Fire|Protosynthesis|[silent]\n|move|p2a: Milotic|Recover|p2a: Milotic\n|-heal|p2a: Milotic|265/293\n|\n|-heal|p2a: Milotic|283/293|[from] item: Leftovers\n|upkeep\n|\n|t:|1781419059\n|switch|p1a: Tentacruel|Tentacruel, L84, F|83/272\n|-activate|p1a: Tentacruel|move: Sticky Web\n|-unboost|p1a: Tentacruel|spe|1\n|turn|18\n|\n|t:|1781419079\n|move|p1a: Tentacruel|Rapid Spin|p2a: Milotic\n|-damage|p2a: Milotic|252/293\n|-boost|p1a: Tentacruel|spe|1\n|-sideend|p1: forgetful ape|Sticky Web|[from] move: Rapid Spin|[of] p1a: Tentacruel\n|move|p2a: Milotic|Dragon Tail|p1a: Tentacruel\n|-damage|p1a: Tentacruel|46/272\n|drag|p1a: Regigigas|Regigigas, L84|322/322\n|-start|p1a: Regigigas|ability: Slow Start\n|\n|-heal|p2a: Milotic|270/293|[from] item: Leftovers\n|upkeep\n|turn|19\n|inactive|forgetful ape has 120 seconds left.\n|\n|t:|1781419093\n|move|p2a: Milotic|Scald|p1a: Regigigas\n|-damage|p1a: Regigigas|252/322\n|-status|p1a: Regigigas|brn\n|move|p1a: Regigigas|Knock Off|p2a: Milotic\n|-damage|p2a: Milotic|244/293\n|-enditem|p2a: Milotic|Leftovers|[from] move: Knock Off|[of] p1a: Regigigas\n|\n|-heal|p1a: Regigigas|272/322 brn|[from] item: Leftovers\n|-damage|p1a: Regigigas|252/322 brn|[from] brn\n|upkeep\n|turn|20\n|\n|t:|1781419101\n|move|p1a: Regigigas|Body Slam|p2a: Milotic\n|-damage|p2a: Milotic|210/293\n|move|p2a: Milotic|Dragon Tail|p1a: Regigigas\n|-damage|p1a: Regigigas|228/322 brn\n|drag|p1a: Tentacruel|Tentacruel, L84, F|46/272\n|\n|-heal|p1a: Tentacruel|63/272|[from] item: Leftovers\n|upkeep\n|turn|21\n|\n|t:|1781419111\n|switch|p2a: Dragalge|Dragalge, L88, F|258/258\n|move|p1a: Tentacruel|Toxic|p2a: Dragalge\n|-immune|p2a: Dragalge\n|\n|-heal|p1a: Tentacruel|80/272|[from] item: Leftovers\n|upkeep\n|turn|22\n|\n|t:|1781419121\n|move|p1a: Tentacruel|Rapid Spin|p2a: Dragalge\n|-damage|p2a: Dragalge|233/258\n|-boost|p1a: Tentacruel|spe|1\n|move|p2a: Dragalge|Dragon Tail|p1a: Tentacruel|[miss]\n|-miss|p2a: Dragalge|p1a: Tentacruel\n|\n|-heal|p1a: Tentacruel|97/272|[from] item: Leftovers\n|upkeep\n|turn|23\n|inactive|skuxxboi69 has 120 seconds left.\n|\n|t:|1781419135\n|move|p1a: Tentacruel|Rapid Spin|p2a: Dragalge\n|-damage|p2a: Dragalge|207/258\n|-boost|p1a: Tentacruel|spe|1\n|move|p2a: Dragalge|Dragon Tail|p1a: Tentacruel\n|-damage|p1a: Tentacruel|0 fnt\n|faint|p1a: Tentacruel\n|\n|upkeep\n|\n|t:|1781419139\n|switch|p1a: Whiscash|Whiscash, L88, F|337/337\n|turn|24\n|\n|t:|1781419145\n|move|p1a: Whiscash|Earthquake|p2a: Dragalge\n|-supereffective|p2a: Dragalge\n|-damage|p2a: Dragalge|0 fnt\n|faint|p2a: Dragalge\n|-damage|p1a: Whiscash|304/337|[from] item: Life Orb\n|\n|upkeep\n|inactive|skuxxboi69 has 120 seconds left.\n|\n|t:|1781419156\n|switch|p2a: Hydrapple|Hydrapple, L83, M|278/312 par\n|turn|25\n|\n|t:|1781419163\n|move|p1a: Whiscash|Stone Edge|p2a: Hydrapple\n|-damage|p2a: Hydrapple|199/312 par\n|-damage|p1a: Whiscash|271/337|[from] item: Life Orb\n|move|p2a: Hydrapple|Leaf Storm|p1a: Whiscash\n|-supereffective|p1a: Whiscash\n|-damage|p1a: Whiscash|0 fnt\n|-unboost|p2a: Hydrapple|spa|2\n|faint|p1a: Whiscash\n|\n|upkeep\n|\n|t:|1781419165\n|switch|p1a: Regigigas|Regigigas, L84|228/322 brn\n|-start|p1a: Regigigas|ability: Slow Start\n|turn|26\n|l|\u2606forgetful ape\n|inactive|forgetful ape disconnected and has a minute to reconnect!\n|player|p1|\n|\n|t:|1781419177\n|switch|p2a: Milotic|Milotic, L83, F|210/293\n|move|p1a: Regigigas|Body Slam|p2a: Milotic\n|-damage|p2a: Milotic|175/293\n|\n|-heal|p1a: Regigigas|248/322 brn|[from] item: Leftovers\n|-damage|p1a: Regigigas|228/322 brn|[from] brn\n|upkeep\n|turn|27\n|inactive|forgetful ape has 30 seconds to reconnect!\n|inactive|forgetful ape has 20 seconds to reconnect!\n|inactive|forgetful ape has 15 seconds to reconnect!\n|inactive|forgetful ape has 10 seconds to reconnect!\n|inactive|forgetful ape has 5 seconds to reconnect!\n|-message|forgetful ape lost due to inactivity.\n|\n|win|skuxxboi69\n|raw|forgetful ape's rating: 1979 &rarr; <strong>1957</strong><br />(-22 for losing)\n|raw|skuxxboi69's rating: 1948 &rarr; <strong>1970</strong><br />(+22 for winning)\n", "inputlog": ">version a8376a258c1d4662feba110a92103f3664a72141\n>start {\"formatid\":\"gen9randombattle\",\"seed\":\"sodium,bbd26604f2622144a2dbde4a51aeb853\",\"rated\":\"Rated battle\"}\n>player p1 {\"name\":\"forgetful ape\",\"avatar\":\"clown\",\"rating\":1979,\"seed\":\"sodium,edc49e3ef3310db2bcfc80465a173afe\"}\n>player p2 {\"name\":\"skuxxboi69\",\"avatar\":\"266\",\"rating\":1948,\"seed\":\"sodium,8c49ff4b6c651cbe899311c7259ddc5f\"}\n>p1 switch 4\n>p2 move dracometeor\n>p1 move bodyslam\n>p2 switch 5\n>p1 move curse\n>p2 move stickyweb\n>p1 move bodyslam\n>p2 move knockoff\n>p2 switch 6\n>p1 move bodyslam\n>p2 move ficklebeam\n>p1 move bodyslam\n>p2 switch 4\n>p1 move lashout\n>p2 move photongeyser\n>p1 switch 3\n>p1 move quiverdance\n>p2 switch 2\n>p1 switch 2\n>p2 move encore\n>p1 switch 4\n>p2 switch 3\n>p1 move rapidspin\n>p2 switch 2\n>p1 move toxic\n>p2 move photongeyser\n>p1 switch 2\n>p2 move photongeyser\n>p1 switch 5\n>p1 move dragondance\n>p2 move photongeyser\n>p1 move outrage\n>p2 move photongeyser\n>p2 switch 2\n>p1 move outrage\n>p2 move scald\n>p1 move outrage\n>p2 move recover\n>p1 switch 2\n>p1 move rapidspin\n>p2 move dragontail\n>p1 move knockoff\n>p2 move scald\n>p1 move bodyslam\n>p2 move dragontail\n>p1 move toxic\n>p2 switch 5\n>p1 move rapidspin\n>p2 move dragontail\n>p1 move rapidspin\n>p2 move dragontail\n>p1 switch 4\n>p1 move earthquake\n>p2 move dracometeor\n>p2 switch 4\n>p1 move stoneedge\n>p2 move leafstorm\n>p1 switch 6\n>p1 move bodyslam\n>p2 switch 5\n>forcelose p1", "uploadtime": 1781419237, "views": 5, "formatid": "gen9randombattle", "rating": 1957, "private": 0, "password": null}