{"id": "gen9randombattle-2631400105", "format": "[Gen 9] Random Battle", "players": ["Tartyranocif", "blazakinlion"], "log": "|j|\u2606Tartyranocif\n|j|\u2606blazakinlion\n|t:|1781380102\n|gametype|singles\n|player|p1|Tartyranocif|cynthia|1127\n|player|p2|blazakinlion|102|1098\n|gen|9\n|tier|[Gen 9] Random Battle\n|rated|\n|rule|Species Clause: Limit one of each Pok\u00e9mon\n|rule|HP Percentage Mod: HP is shown in percentages\n|rule|Sleep Clause Mod: Limit one foe put to sleep\n|rule|Illusion Level Mod: Illusion disguises the Pok\u00e9mon's true level\n|\n|t:|1781380102\n|teamsize|p1|6\n|teamsize|p2|6\n|start\n|switch|p1a: Ursaluna|Ursaluna-Bloodmoon, L79, M|308/308\n|switch|p2a: Spectrier|Spectrier, L75|274/274\n|turn|1\n|c|\u2606blazakinlion|im gonna kick ur ass\n|inactive|Battle timer is ON: inactive players will automatically lose when time's up. (requested by blazakinlion)\n|\n|t:|1781380147\n|switch|p1a: Tentacruel|Tentacruel, L84, F|272/272\n|move|p2a: Spectrier|Nasty Plot|p2a: Spectrier\n|-boost|p2a: Spectrier|spa|2\n|\n|upkeep\n|turn|2\n|\n|t:|1781380156\n|move|p2a: Spectrier|Shadow Ball|p1a: Tentacruel\n|-damage|p1a: Tentacruel|175/272\n|move|p1a: Tentacruel|Knock Off|p2a: Spectrier\n|-supereffective|p2a: Spectrier\n|-damage|p2a: Spectrier|116/274\n|-enditem|p2a: Spectrier|Leftovers|[from] move: Knock Off|[of] p1a: Tentacruel\n|\n|upkeep\n|turn|3\n|\n|t:|1781380162\n|move|p2a: Spectrier|Shadow Ball|p1a: Tentacruel\n|-damage|p1a: Tentacruel|75/272\n|-unboost|p1a: Tentacruel|spd|1\n|move|p1a: Tentacruel|Knock Off|p2a: Spectrier\n|-supereffective|p2a: Spectrier\n|-damage|p2a: Spectrier|16/274\n|\n|upkeep\n|turn|4\n|\n|t:|1781380171\n|move|p2a: Spectrier|Shadow Ball|p1a: Tentacruel\n|-damage|p1a: Tentacruel|0 fnt\n|faint|p1a: Tentacruel\n|-ability|p2a: Spectrier|Grim Neigh|boost\n|-boost|p2a: Spectrier|spa|1\n|\n|upkeep\n|\n|t:|1781380174\n|switch|p1a: Mimikyu|Mimikyu, L79, F|216/216\n|turn|5\n|\n|t:|1781380183\n|move|p1a: Mimikyu|Shadow Sneak|p2a: Spectrier\n|-supereffective|p2a: Spectrier\n|-damage|p2a: Spectrier|0 fnt\n|faint|p2a: Spectrier\n|-damage|p1a: Mimikyu|195/216|[from] item: Life Orb\n|\n|upkeep\n|\n|t:|1781380193\n|switch|p2a: Bellossom|Bellossom, L84, M|263/263\n|turn|6\n|\n|t:|1781380206\n|move|p1a: Mimikyu|Swords Dance|p1a: Mimikyu\n|-boost|p1a: Mimikyu|atk|2\n|move|p2a: Bellossom|Strength Sap|p1a: Mimikyu\n|-unboost|p1a: Mimikyu|atk|1\n|\n|upkeep\n|turn|7\n|\n|t:|1781380227\n|move|p1a: Mimikyu|Swords Dance|p1a: Mimikyu\n|-boost|p1a: Mimikyu|atk|2\n|move|p2a: Bellossom|Strength Sap|p1a: Mimikyu\n|-unboost|p1a: Mimikyu|atk|1\n|\n|upkeep\n|turn|8\n|\n|t:|1781380232\n|move|p1a: Mimikyu|Play Rough|p2a: Bellossom\n|-damage|p2a: Bellossom|68/263\n|-damage|p1a: Mimikyu|174/216|[from] item: Life Orb\n|move|p2a: Bellossom|Sludge Bomb|p1a: Mimikyu\n|-activate|p1a: Mimikyu|ability: Disguise\n|-damage|p1a: Mimikyu|174/216\n|detailschange|p1a: Mimikyu|Mimikyu-Busted, L79, F\n|-damage|p1a: Mimikyu|147/216|[from] pokemon: Mimikyu-Busted\n|\n|-heal|p2a: Bellossom|84/263|[from] item: Leftovers\n|upkeep\n|turn|9\n|\n|t:|1781380237\n|move|p1a: Mimikyu|Drain Punch|p2a: Bellossom\n|-damage|p2a: Bellossom|0 fnt\n|-heal|p1a: Mimikyu|189/216|[from] drain|[of] p2a: Bellossom\n|faint|p2a: Bellossom\n|-damage|p1a: Mimikyu|168/216|[from] item: Life Orb\n|\n|upkeep\n|\n|t:|1781380249\n|switch|p2a: Beartic|Beartic, L91, F|321/321\n|turn|10\n|\n|t:|1781380253\n|move|p1a: Mimikyu|Drain Punch|p2a: Beartic\n|-supereffective|p2a: Beartic\n|-damage|p2a: Beartic|82/321\n|-heal|p1a: Mimikyu|216/216|[from] drain|[of] p2a: Beartic\n|-damage|p1a: Mimikyu|195/216|[from] item: Life Orb\n|move|p2a: Beartic|Icicle Crash|p1a: Mimikyu\n|-damage|p1a: Mimikyu|38/216\n|\n|upkeep\n|turn|11\n|\n|t:|1781380257\n|move|p1a: Mimikyu|Drain Punch|p2a: Beartic\n|-supereffective|p2a: Beartic\n|-damage|p2a: Beartic|0 fnt\n|-heal|p1a: Mimikyu|79/216|[from] drain|[of] p2a: Beartic\n|faint|p2a: Beartic\n|-damage|p1a: Mimikyu|58/216|[from] item: Life Orb\n|\n|upkeep\n|\n|t:|1781380259\n|switch|p2a: Swanna|Swanna, L89, F|278/278\n|turn|12\n|\n|t:|1781380265\n|move|p1a: Mimikyu|Shadow Sneak|p2a: Swanna\n|-damage|p2a: Swanna|160/278\n|-damage|p1a: Mimikyu|37/216|[from] item: Life Orb\n|move|p2a: Swanna|Hydro Pump|p1a: Mimikyu\n|-damage|p1a: Mimikyu|0 fnt\n|faint|p1a: Mimikyu\n|\n|upkeep\n|\n|t:|1781380279\n|switch|p1a: Eiscue|Eiscue, L88, F|274/274\n|turn|13\n|\n|t:|1781380293\n|-terastallize|p1a: Eiscue|Water\n|move|p2a: Swanna|Hydro Pump|p1a: Eiscue|[miss]\n|-miss|p2a: Swanna|p1a: Eiscue\n|move|p1a: Eiscue|Belly Drum|p1a: Eiscue\n|-damage|p1a: Eiscue|137/274\n|-setboost|p1a: Eiscue|atk|6|[from] move: Belly Drum\n|-enditem|p1a: Eiscue|Sitrus Berry|[eat]\n|-heal|p1a: Eiscue|205/274|[from] item: Sitrus Berry\n|\n|upkeep\n|turn|14\n|\n|t:|1781380302\n|move|p2a: Swanna|Brave Bird|p1a: Eiscue\n|-activate|p1a: Eiscue|ability: Ice Face\n|-damage|p1a: Eiscue|205/274\n|detailschange|p1a: Eiscue|Eiscue-Noice, L88, F, tera:Water\n|move|p1a: Eiscue|Ice Spinner|p2a: Swanna\n|-damage|p2a: Swanna|0 fnt\n|faint|p2a: Swanna\n|\n|upkeep\n|\n|t:|1781380313\n|switch|p2a: Iron Bundle|Iron Bundle, L78|215/215\n|turn|15\n|\n|t:|1781380319\n|move|p1a: Eiscue|Iron Head|p2a: Iron Bundle\n|-damage|p2a: Iron Bundle|38/215\n|move|p2a: Iron Bundle|Freeze-Dry|p1a: Eiscue\n|-supereffective|p1a: Eiscue\n|-damage|p1a: Eiscue|0 fnt\n|faint|p1a: Eiscue\n|\n|upkeep\n|\n|t:|1781380332\n|switch|p1a: Ursaluna|Ursaluna-Bloodmoon, L79, M|308/308\n|turn|16\n|\n|t:|1781380343\n|move|p1a: Ursaluna|Vacuum Wave|p2a: Iron Bundle\n|-supereffective|p2a: Iron Bundle\n|-damage|p2a: Iron Bundle|0 fnt\n|faint|p2a: Iron Bundle\n|-end|p2a: Iron Bundle|Quark Drive|[silent]\n|\n|upkeep\n|\n|t:|1781380346\n|switch|p2a: Maushold|Maushold, L76|238/238\n|turn|17\n|\n|t:|1781380351\n|-terastallize|p2a: Maushold|Ghost\n|move|p2a: Maushold|Tidy Up|p2a: Maushold\n|-boost|p2a: Maushold|atk|1\n|-boost|p2a: Maushold|spe|1\n|move|p1a: Ursaluna|Blood Moon|p2a: Maushold\n|-damage|p2a: Maushold|16/238\n|\n|upkeep\n|turn|18\n|\n|t:|1781380358\n|switch|p1a: Gliscor|Gliscor, L76, M|239/239\n|move|p2a: Maushold|Population Bomb|p1a: Gliscor\n|-damage|p1a: Gliscor|212/239\n|-damage|p1a: Gliscor|187/239\n|-damage|p1a: Gliscor|159/239\n|-damage|p1a: Gliscor|129/239\n|-damage|p1a: Gliscor|104/239\n|-damage|p1a: Gliscor|74/239\n|-damage|p1a: Gliscor|46/239\n|-damage|p1a: Gliscor|21/239\n|-damage|p1a: Gliscor|0 fnt\n|faint|p1a: Gliscor\n|-hitcount|p1: Gliscor|9\n|\n|upkeep\n|\n|t:|1781380361\n|switch|p1a: Quaquaval|Quaquaval, L79, M|264/264\n|turn|19\n|\n|t:|1781380366\n|move|p2a: Maushold|Population Bomb|p1a: Quaquaval\n|-damage|p1a: Quaquaval|224/264\n|-damage|p1a: Quaquaval|188/264\n|-damage|p1a: Quaquaval|148/264\n|-damage|p1a: Quaquaval|112/264\n|-damage|p1a: Quaquaval|70/264\n|-damage|p1a: Quaquaval|33/264\n|-damage|p1a: Quaquaval|0 fnt\n|faint|p1a: Quaquaval\n|-hitcount|p1: Quaquaval|7\n|\n|upkeep\n|\n|t:|1781380369\n|switch|p1a: Ursaluna|Ursaluna-Bloodmoon, L79, M|308/308\n|turn|20\n|\n|t:|1781380379\n|move|p1a: Ursaluna|Vacuum Wave|p2a: Maushold\n|-damage|p2a: Maushold|0 fnt\n|faint|p2a: Maushold\n|\n|win|Tartyranocif\n", "inputlog": ">version a8376a258c1d4662feba110a92103f3664a72141\n>start {\"formatid\":\"gen9randombattle\",\"seed\":\"sodium,db77019c82c28a033821f86c16f1cc44\",\"rated\":\"Rated battle\"}\n>player p1 {\"name\":\"Tartyranocif\",\"avatar\":\"cynthia\",\"rating\":1127,\"seed\":\"sodium,1dec33fd4b73abeb0d87849158fc8d89\"}\n>player p2 {\"name\":\"blazakinlion\",\"avatar\":\"102\",\"rating\":1098,\"seed\":\"sodium,cff8f6f178d4480950114a1c9630837d\"}\n>chat \u2606blazakinlion|im gonna kick ur ass\n>p1 switch 4\n>p2 move nastyplot\n>p1 move knockoff\n>p2 move shadowball\n>p1 move knockoff\n>p2 move shadowball\n>p1 move knockoff\n>p2 move shadowball\n>p1 switch 2\n>p1 move shadowsneak\n>p2 move shadowball\n>p2 switch 2\n>p1 move swordsdance\n>p2 move strengthsap\n>p1 move swordsdance\n>p2 move strengthsap\n>p1 move playrough\n>p2 move sludgebomb\n>p1 move drainpunch\n>p2 move strengthsap\n>p2 switch 4\n>p1 move drainpunch\n>p2 move iciclecrash\n>p1 move drainpunch\n>p2 move iciclecrash\n>p2 switch 5\n>p1 move shadowsneak\n>p2 move hydropump\n>p1 switch 6\n>p1 move bellydrum terastallize\n>p2 move hydropump\n>p1 move icespinner\n>p2 move bravebird\n>p2 switch 6\n>p1 move ironhead\n>p2 move freezedry\n>p1 switch 4\n>p1 move vacuumwave\n>p2 move hydropump\n>p2 switch 3\n>p1 move bloodmoon\n>p2 move tidyup terastallize\n>p1 switch 5\n>p2 move populationbomb\n>p1 switch 3\n>p1 move aquastep\n>p2 move populationbomb\n>p1 switch 5\n>p1 move vacuumwave\n>p2 move populationbomb", "uploadtime": 1781380109, "views": 6, "formatid": "gen9randombattle", "rating": null, "private": 0, "password": null}