{"id": "gen9randombattle-2631937671", "format": "[Gen 9] Random Battle", "players": ["mlp799", "mire_ottomi"], "log": "|j|\u2606mlp799\n|j|\u2606mire_ottomi\n|t:|1781457660\n|gametype|singles\n|player|p1|mlp799|101|1022\n|player|p2|mire_ottomi|parasollady-gen4|1013\n|gen|9\n|tier|[Gen 9] Random Battle\n|rated|\n|rule|Species Clause: Limit one of each Pok\u00e9mon\n|rule|HP Percentage Mod: HP is shown in percentages\n|rule|Sleep Clause Mod: Limit one foe put to sleep\n|rule|Illusion Level Mod: Illusion disguises the Pok\u00e9mon's true level\n|\n|t:|1781457660\n|teamsize|p1|6\n|teamsize|p2|6\n|start\n|switch|p1a: Sunflora|Sunflora, F|312/312\n|switch|p2a: Victreebel|Victreebel, L90, F|290/290\n|turn|1\n|inactive|Battle timer is ON: inactive players will automatically lose when time's up. (requested by mlp799)\n|\n|t:|1781457689\n|switch|p1a: Masquerain|Masquerain, L87, F|264/264\n|-ability|p1a: Masquerain|Intimidate|boost\n|-unboost|p2a: Victreebel|atk|1\n|move|p2a: Victreebel|Power Whip|p1a: Masquerain\n|-resisted|p1a: Masquerain\n|-damage|p1a: Masquerain|225/264\n|-damage|p2a: Victreebel|261/290|[from] item: Life Orb\n|\n|upkeep\n|turn|2\n|\n|t:|1781457702\n|move|p2a: Victreebel|Sucker Punch||[still]\n|-fail|p2a: Victreebel\n|move|p1a: Masquerain|Sticky Web|p2a: Victreebel\n|-sidestart|p2: mire_ottomi|move: Sticky Web\n|\n|upkeep\n|turn|3\n|\n|t:|1781457711\n|switch|p2a: Pikachu|Pikachu-Unova, L93, F|216/216\n|-activate|p2a: Pikachu|move: Sticky Web\n|-unboost|p2a: Pikachu|spe|1\n|move|p1a: Masquerain|Hurricane|p2a: Pikachu|[miss]\n|-miss|p1a: Masquerain|p2a: Pikachu\n|\n|upkeep\n|turn|4\n|\n|t:|1781457724\n|switch|p1a: Ampharos|Ampharos, L88, F|302/302\n|move|p2a: Pikachu|Surf|p1a: Ampharos\n|-damage|p1a: Ampharos|240/302\n|\n|upkeep\n|turn|5\n|\n|t:|1781457736\n|move|p1a: Ampharos|Focus Blast|p2a: Pikachu|[miss]\n|-miss|p1a: Ampharos|p2a: Pikachu\n|move|p2a: Pikachu|Surf|p1a: Ampharos\n|-damage|p1a: Ampharos|183/302\n|\n|upkeep\n|turn|6\n|\n|t:|1781457746\n|-terastallize|p2a: Pikachu|Water\n|move|p1a: Ampharos|Focus Blast|p2a: Pikachu\n|-damage|p2a: Pikachu|79/216\n|move|p2a: Pikachu|Surf|p1a: Ampharos\n|-damage|p1a: Ampharos|93/302\n|\n|upkeep\n|turn|7\n|\n|t:|1781457762\n|move|p1a: Ampharos|Volt Switch|p2a: Pikachu\n|-ability|p2a: Pikachu|Lightning Rod|boost\n|-boost|p2a: Pikachu|spa|1\n|move|p2a: Pikachu|Surf|p1a: Ampharos\n|-damage|p1a: Ampharos|0 fnt\n|faint|p1a: Ampharos\n|\n|upkeep\n|\n|t:|1781457771\n|switch|p1a: Sunflora|Sunflora, F|312/312\n|turn|8\n|\n|t:|1781457778\n|switch|p2a: Rotom|Rotom-Heat, L83|219/219\n|move|p1a: Sunflora|Solar Beam||[still]\n|-prepare|p1a: Sunflora|Solar Beam\n|\n|upkeep\n|turn|9\n|\n|t:|1781457787\n|move|p2a: Rotom|Will-O-Wisp|p1a: Sunflora\n|-status|p1a: Sunflora|brn\n|move|p1a: Sunflora|Solar Beam|p2a: Rotom|[from] lockedmove\n|-resisted|p2a: Rotom\n|-damage|p2a: Rotom|118/219\n|-damage|p1a: Sunflora|281/312 brn|[from] item: Life Orb\n|\n|-damage|p1a: Sunflora|262/312 brn|[from] brn\n|upkeep\n|turn|10\n|\n|t:|1781457797\n|switch|p1a: Golduck|Golduck, L90, F|290/290\n|-ability|p1a: Golduck|Cloud Nine\n|move|p2a: Rotom|Overheat|p1a: Golduck\n|-resisted|p1a: Golduck\n|-crit|p1a: Golduck\n|-damage|p1a: Golduck|185/290\n|-unboost|p2a: Rotom|spa|2\n|\n|upkeep\n|turn|11\n|\n|t:|1781457808\n|switch|p2a: Falinks|Falinks, L84|246/246\n|-activate|p2a: Falinks|move: Sticky Web\n|-unboost|p2a: Falinks|spe|1\n|-ability|p2a: Falinks|Defiant|boost\n|-boost|p2a: Falinks|atk|2\n|move|p1a: Golduck|Flip Turn|p2a: Falinks\n|-damage|p2a: Falinks|185/246\n|\n|t:|1781457818\n|switch|p1a: Zapdos|Zapdos, L78|268/268|[from] Flip Turn\n|\n|upkeep\n|turn|12\n|\n|t:|1781457823\n|move|p1a: Zapdos|Hurricane|p2a: Falinks\n|-supereffective|p2a: Falinks\n|-damage|p2a: Falinks|0 fnt\n|faint|p2a: Falinks\n|\n|upkeep\n|\n|t:|1781457829\n|switch|p2a: Munkidori|Munkidori, L79, M|269/269\n|-activate|p2a: Munkidori|move: Sticky Web\n|-unboost|p2a: Munkidori|spe|1\n|turn|13\n|\n|t:|1781457835\n|move|p1a: Zapdos|U-turn|p2a: Munkidori\n|-damage|p2a: Munkidori|218/269\n|\n|t:|1781457837\n|switch|p1a: Comfey|Comfey, L85, F|225/225|[from] U-turn\n|move|p2a: Munkidori|Sludge Wave|p1a: Comfey\n|-supereffective|p1a: Comfey\n|-damage|p1a: Comfey|0 fnt\n|faint|p1a: Comfey\n|-damage|p2a: Munkidori|192/269|[from] item: Life Orb\n|\n|upkeep\n|\n|t:|1781457846\n|switch|p1a: Golduck|Golduck, L90, F|185/290\n|-ability|p1a: Golduck|Cloud Nine\n|turn|14\n|\n|t:|1781457853\n|move|p1a: Golduck|Flip Turn|p2a: Munkidori\n|-damage|p2a: Munkidori|113/269\n|\n|t:|1781457858\n|switch|p1a: Sunflora|Sunflora, F|262/312 brn|[from] Flip Turn\n|move|p2a: Munkidori|Sludge Wave|p1a: Sunflora\n|-supereffective|p1a: Sunflora\n|-crit|p1a: Sunflora\n|-damage|p1a: Sunflora|0 fnt\n|faint|p1a: Sunflora\n|-damage|p2a: Munkidori|87/269|[from] item: Life Orb\n|\n|upkeep\n|-message|mlp799 forfeited.\n|\n|win|mire_ottomi\n|raw|mlp799's rating: 1022 &rarr; <strong>1008</strong><br />(-14 for losing)\n|raw|mire_ottomi's rating: 1013 &rarr; <strong>1052</strong><br />(+39 for winning)\n|l|\u2606mlp799\n|player|p1|\n", "inputlog": ">version a8376a258c1d4662feba110a92103f3664a72141\n>start {\"formatid\":\"gen9randombattle\",\"seed\":\"sodium,f7a007b992a6659e4607bf333bc19a76\",\"rated\":\"Rated battle\"}\n>player p1 {\"name\":\"mlp799\",\"avatar\":\"101\",\"rating\":1022,\"seed\":\"sodium,405c481998ad35cd8ea3295f8d7c6200\"}\n>player p2 {\"name\":\"mire_ottomi\",\"avatar\":\"parasollady-gen4\",\"rating\":1013,\"seed\":\"sodium,74c3efdfaac5e738ce749b923d78bc7a\"}\n>p1 switch 3\n>p2 move powerwhip\n>p1 move stickyweb\n>p2 move suckerpunch\n>p1 move hurricane\n>p2 switch 6\n>p1 switch 2\n>p2 move surf\n>p1 move focusblast\n>p2 move surf\n>p1 move focusblast\n>p2 move surf terastallize\n>p1 move voltswitch\n>p2 move surf\n>p1 switch 3\n>p1 move solarbeam\n>p2 switch 4\n>p1 move solarbeam\n>p2 move willowisp\n>p1 switch 5\n>p2 move overheat\n>p1 move flipturn\n>p2 switch 3\n>p1 switch 6\n>p1 move hurricane\n>p2 move knockoff\n>p2 switch 5\n>p1 move uturn\n>p2 move sludgewave\n>p1 switch 4\n>p1 switch 6\n>p1 move flipturn\n>p2 move sludgewave\n>p1 switch 5\n>forcelose p1", "uploadtime": 1781457943, "views": 4, "formatid": "gen9randombattle", "rating": 1008, "private": 0, "password": null}