{"id": "gen9randombattle-2631392223", "format": "[Gen 9] Random Battle", "players": ["Picchiamper", "omarbenavente"], "log": "|j|\u2606Picchiamper\n|j|\u2606omarbenavente\n|t:|1781379204\n|gametype|singles\n|player|p1|Picchiamper|silver|1369\n|player|p2|omarbenavente|170|1397\n|gen|9\n|tier|[Gen 9] Random Battle\n|rated|\n|rule|Species Clause: Limit one of each Pok\u00e9mon\n|rule|HP Percentage Mod: HP is shown in percentages\n|rule|Sleep Clause Mod: Limit one foe put to sleep\n|rule|Illusion Level Mod: Illusion disguises the Pok\u00e9mon's true level\n|\n|t:|1781379204\n|teamsize|p1|6\n|teamsize|p2|6\n|start\n|switch|p1a: Garchomp|Garchomp, L74, M|282/282\n|switch|p2a: Spidops|Spidops, L96, F|271/271\n|turn|1\n|inactive|Battle timer is ON: inactive players will automatically lose when time's up. (requested by Picchiamper)\n|\n|t:|1781379210\n|move|p1a: Garchomp|Stealth Rock|p2a: Spidops\n|-sidestart|p2: omarbenavente|move: Stealth Rock\n|move|p2a: Spidops|Sticky Web|p1a: Garchomp\n|-sidestart|p1: Picchiamper|move: Sticky Web\n|\n|upkeep\n|turn|2\n|\n|t:|1781379214\n|move|p2a: Spidops|Toxic Spikes|p1a: Garchomp\n|-sidestart|p1: Picchiamper|move: Toxic Spikes\n|move|p1a: Garchomp|Dragon Tail|p2a: Spidops\n|-damage|p2a: Spidops|220/271\n|drag|p2a: Alomomola|Alomomola, L87, F|429/429\n|-damage|p2a: Alomomola|376/429|[from] Stealth Rock\n|\n|upkeep\n|turn|3\n|\n|t:|1781379221\n|move|p2a: Alomomola|Flip Turn|p1a: Garchomp\n|-damage|p1a: Garchomp|224/282\n|-damage|p2a: Alomomola|323/429|[from] ability: Rough Skin|[of] p1a: Garchomp\n|-damage|p2a: Alomomola|252/429|[from] item: Rocky Helmet|[of] p1a: Garchomp\n|\n|t:|1781379231\n|switch|p2a: Spidops|Spidops, L96, F|220/271|[from] Flip Turn\n|move|p1a: Garchomp|Dragon Tail|p2a: Spidops|[miss]\n|-miss|p1a: Garchomp|p2a: Spidops\n|\n|upkeep\n|turn|4\n|\n|t:|1781379240\n|move|p2a: Spidops|Toxic Spikes|p1a: Garchomp\n|-sidestart|p1: Picchiamper|move: Toxic Spikes\n|move|p1a: Garchomp|Dragon Tail|p2a: Spidops\n|-damage|p2a: Spidops|163/271\n|drag|p2a: Alomomola|Alomomola, L87, F|395/429\n|-damage|p2a: Alomomola|342/429|[from] Stealth Rock\n|\n|upkeep\n|turn|5\n|\n|t:|1781379246\n|move|p1a: Garchomp|Outrage|p2a: Alomomola\n|-damage|p2a: Alomomola|201/429\n|-damage|p1a: Garchomp|177/282|[from] item: Rocky Helmet|[of] p2a: Alomomola\n|move|p2a: Alomomola|Scald|p1a: Garchomp\n|-damage|p1a: Garchomp|125/282\n|\n|upkeep\n|turn|6\n|\n|t:|1781379249\n|move|p2a: Alomomola|Protect|p2a: Alomomola\n|-singleturn|p2a: Alomomola|Protect\n|move|p1a: Garchomp|Outrage|p2a: Alomomola|[from] lockedmove\n|-activate|p2a: Alomomola|move: Protect\n|\n|upkeep\n|turn|7\n|\n|t:|1781379255\n|move|p2a: Alomomola|Wish|p2a: Alomomola\n|move|p1a: Garchomp|Dragon Tail|p2a: Alomomola\n|-damage|p2a: Alomomola|132/429\n|-damage|p1a: Garchomp|78/282|[from] item: Rocky Helmet|[of] p2a: Alomomola\n|drag|p2a: Armarouge|Armarouge, L80, F|267/267\n|-damage|p2a: Armarouge|201/267|[from] Stealth Rock\n|\n|upkeep\n|turn|8\n|\n|t:|1781379269\n|switch|p2a: Alomomola|Alomomola, L87, F|275/429\n|-damage|p2a: Alomomola|222/429|[from] Stealth Rock\n|move|p1a: Garchomp|Earthquake|p2a: Alomomola\n|-damage|p2a: Alomomola|116/429\n|\n|-heal|p2a: Alomomola|330/429|[from] move: Wish|[wisher] Alomomola\n|upkeep\n|turn|9\n|\n|t:|1781379275\n|move|p2a: Alomomola|Wish|p2a: Alomomola\n|move|p1a: Garchomp|Dragon Tail|p2a: Alomomola|[miss]\n|-miss|p1a: Garchomp|p2a: Alomomola\n|\n|upkeep\n|turn|10\n|\n|t:|1781379281\n|switch|p1a: Tatsugiri|Tatsugiri, L87, F|260/260\n|move|p2a: Alomomola|Scald|p1a: Tatsugiri\n|-ability|p1a: Tatsugiri|Storm Drain|boost\n|-boost|p1a: Tatsugiri|spa|1\n|\n|-heal|p2a: Alomomola|429/429|[from] move: Wish|[wisher] Alomomola\n|upkeep\n|turn|11\n|\n|t:|1781379289\n|switch|p2a: Spidops|Spidops, L96, F|163/271\n|move|p1a: Tatsugiri|Rapid Spin|p2a: Spidops\n|-damage|p2a: Spidops|143/271\n|-boost|p1a: Tatsugiri|spe|1\n|-sideend|p1: Picchiamper|Toxic Spikes|[from] move: Rapid Spin|[of] p1a: Tatsugiri\n|-sideend|p1: Picchiamper|Sticky Web|[from] move: Rapid Spin|[of] p1a: Tatsugiri\n|\n|upkeep\n|turn|12\n|\n|t:|1781379296\n|-terastallize|p1a: Tatsugiri|Water\n|move|p1a: Tatsugiri|Surf|p2a: Spidops\n|-damage|p2a: Spidops|0 fnt\n|faint|p2a: Spidops\n|\n|upkeep\n|\n|t:|1781379326\n|switch|p2a: Carbink|Carbink, L90|236/236\n|-damage|p2a: Carbink|207/236|[from] Stealth Rock\n|turn|13\n|\n|t:|1781379329\n|move|p1a: Tatsugiri|Surf|p2a: Carbink\n|-supereffective|p2a: Carbink\n|-damage|p2a: Carbink|0 fnt\n|faint|p2a: Carbink\n|\n|upkeep\n|-message|omarbenavente forfeited.\n|\n|win|Picchiamper\n|raw|Picchiamper's rating: 1369 &rarr; <strong>1391</strong><br />(+22 for winning)\n|raw|omarbenavente's rating: 1397 &rarr; <strong>1375</strong><br />(-22 for losing)\n|l|\u2606omarbenavente\n|player|p2|\n", "inputlog": ">version a8376a258c1d4662feba110a92103f3664a72141\n>start {\"formatid\":\"gen9randombattle\",\"seed\":\"sodium,a05b0e94dd191c29160cd04275b17b30\",\"rated\":\"Rated battle\"}\n>player p1 {\"name\":\"Picchiamper\",\"avatar\":\"silver\",\"rating\":1369,\"seed\":\"sodium,0bfb397b1865ba1e8dc6dbe4efaaa0cf\"}\n>player p2 {\"name\":\"omarbenavente\",\"avatar\":\"170\",\"rating\":1397,\"seed\":\"sodium,22fc6f9f93d8bb840535750c904dd9db\"}\n>p1 move stealthrock\n>p2 move stickyweb\n>p1 move dragontail\n>p2 move toxicspikes\n>p1 move dragontail\n>p2 move flipturn\n>p2 switch 4\n>p1 move dragontail\n>p2 move toxicspikes\n>p1 move outrage\n>p2 move scald\n>p1 move outrage\n>p2 move protect\n>p1 move dragontail\n>p2 move wish\n>p1 move earthquake\n>p2 switch 3\n>p1 move dragontail\n>p2 move wish\n>p1 switch 4\n>p2 move scald\n>p1 move rapidspin\n>p2 switch 4\n>p1 move surf terastallize\n>p2 move circlethrow\n>p2 switch 6\n>p1 move surf\n>p2 move moonblast\n>forcelose p2", "uploadtime": 1781379335, "views": 7, "formatid": "gen9randombattle", "rating": 1375, "private": 0, "password": null}