{"id": "gen9randombattle-2631655124", "format": "[Gen 9] Random Battle", "players": ["zenkijooj", "redemption48"], "log": "|j|\u2606zenkijooj\n|j|\u2606redemption48\n|t:|1781415788\n|gametype|singles\n|player|p1|zenkijooj|rosa|1943\n|player|p2|redemption48|265|1977\n|gen|9\n|tier|[Gen 9] Random Battle\n|rated|\n|rule|Species Clause: Limit one of each Pok\u00e9mon\n|rule|HP Percentage Mod: HP is shown in percentages\n|rule|Sleep Clause Mod: Limit one foe put to sleep\n|rule|Illusion Level Mod: Illusion disguises the Pok\u00e9mon's true level\n|\n|t:|1781415788\n|teamsize|p1|6\n|teamsize|p2|6\n|start\n|switch|p1a: Latios|Latios, L78, M|253/253\n|switch|p2a: Delphox|Delphox, L84, M|263/263\n|turn|1\n|inactive|Battle timer is ON: inactive players will automatically lose when time's up. (requested by redemption48)\n|\n|t:|1781415804\n|switch|p2a: Persian|Persian-Alola, L86, M|252/252\n|move|p1a: Latios|Calm Mind|p1a: Latios\n|-boost|p1a: Latios|spa|1\n|-boost|p1a: Latios|spd|1\n|\n|upkeep\n|turn|2\n|\n|t:|1781415815\n|-terastallize|p2a: Persian|Fairy\n|move|p2a: Persian|Nasty Plot|p2a: Persian\n|-boost|p2a: Persian|spa|2\n|move|p1a: Latios|Draco Meteor|p2a: Persian\n|-immune|p2a: Persian\n|\n|upkeep\n|turn|3\n|inactive|zenkijooj has 120 seconds left.\n|inactive|zenkijooj has 90 seconds left.\n|\n|t:|1781415884\n|-terastallize|p1a: Latios|Steel\n|move|p2a: Persian|Nasty Plot|p2a: Persian\n|-boost|p2a: Persian|spa|2\n|move|p1a: Latios|Calm Mind|p1a: Latios\n|-boost|p1a: Latios|spa|1\n|-boost|p1a: Latios|spd|1\n|\n|upkeep\n|turn|4\n|inactive|zenkijooj has 90 seconds left.\n|\n|t:|1781415893\n|move|p2a: Persian|Dark Pulse|p1a: Latios\n|-damage|p1a: Latios|132/253\n|-damage|p2a: Persian|227/252|[from] item: Life Orb\n|move|p1a: Latios|Psyshock|p2a: Persian\n|-crit|p2a: Persian\n|-damage|p2a: Persian|7/252\n|\n|upkeep\n|turn|5\n|\n|t:|1781415900\n|move|p2a: Persian|Dark Pulse|p1a: Latios\n|-damage|p1a: Latios|3/253\n|-damage|p2a: Persian|0 fnt|[from] item: Life Orb\n|faint|p2a: Persian\n|move|p1a: Latios|Recover|p1a: Latios\n|-heal|p1a: Latios|130/253\n|\n|upkeep\n|c|\u2606redemption48|Rofl\n|\n|t:|1781415924\n|switch|p2a: Iron Valiant|Iron Valiant, L78|244/244\n|turn|6\n|inactive|zenkijooj has 90 seconds left.\n|\n|t:|1781415949\n|switch|p1a: Rabsca|Rabsca, L91, F|284/284\n|move|p2a: Iron Valiant|Close Combat|p1a: Rabsca\n|-resisted|p1a: Rabsca\n|-damage|p1a: Rabsca|245/284\n|-unboost|p2a: Iron Valiant|def|1\n|-unboost|p2a: Iron Valiant|spd|1\n|-damage|p2a: Iron Valiant|220/244|[from] item: Life Orb\n|\n|upkeep\n|turn|7\n|\n|t:|1781415957\n|-end|p2a: Iron Valiant|Quark Drive|[silent]\n|switch|p2a: Honchkrow|Honchkrow, L86, F|312/312\n|switch|p1a: Honchkrow|Honchkrow, L86, M|312/312\n|\n|upkeep\n|turn|8\n|\n|t:|1781415967\n|move|p1a: Honchkrow|Brave Bird|p2a: Honchkrow\n|-damage|p2a: Honchkrow|66/312\n|-damage|p1a: Honchkrow|231/312|[from] Recoil\n|move|p2a: Honchkrow|U-turn|p1a: Honchkrow\n|-damage|p1a: Honchkrow|145/312\n|\n|t:|1781415976\n|switch|p2a: Iron Valiant|Iron Valiant, L78|220/244|[from] U-turn\n|\n|upkeep\n|turn|9\n|\n|t:|1781415998\n|switch|p1a: Hippowdon|Hippowdon, L82, F|311/311\n|-weather|Sandstorm|[from] ability: Sand Stream|[of] p1a: Hippowdon\n|move|p2a: Iron Valiant|Moonblast|p1a: Hippowdon\n|-damage|p1a: Hippowdon|154/311\n|-damage|p2a: Iron Valiant|196/244|[from] item: Life Orb\n|\n|-weather|Sandstorm|[upkeep]\n|-damage|p2a: Iron Valiant|181/244|[from] Sandstorm\n|-heal|p1a: Hippowdon|173/311|[from] item: Leftovers\n|upkeep\n|turn|10\n|\n|t:|1781416006\n|-end|p2a: Iron Valiant|Quark Drive|[silent]\n|switch|p2a: Milotic|Milotic, L83, M|293/293\n|move|p1a: Hippowdon|Earthquake|p2a: Milotic\n|-damage|p2a: Milotic|176/293\n|\n|-weather|Sandstorm|[upkeep]\n|-damage|p2a: Milotic|158/293|[from] Sandstorm\n|-heal|p2a: Milotic|176/293|[from] item: Leftovers\n|-heal|p1a: Hippowdon|192/311|[from] item: Leftovers\n|upkeep\n|turn|11\n|\n|t:|1781416022\n|move|p2a: Milotic|Scald|p1a: Hippowdon\n|-supereffective|p1a: Hippowdon\n|-damage|p1a: Hippowdon|0 fnt\n|faint|p1a: Hippowdon\n|\n|-weather|Sandstorm|[upkeep]\n|-damage|p2a: Milotic|158/293|[from] Sandstorm\n|-heal|p2a: Milotic|176/293|[from] item: Leftovers\n|upkeep\n|\n|t:|1781416032\n|switch|p1a: Pikachu|Pikachu-Unova, L93, M|216/216\n|turn|12\n|\n|t:|1781416039\n|switch|p2a: Drifblim|Drifblim, L86, M|398/398\n|move|p1a: Pikachu|Volt Switch|p2a: Drifblim\n|-supereffective|p2a: Drifblim\n|-damage|p2a: Drifblim|72/398\n|inactive|zenkijooj has 90 seconds left.\n|\n|t:|1781416059\n|switch|p1a: Honchkrow|Honchkrow, L86, M|145/312|[from] Volt Switch\n|\n|-weather|Sandstorm|[upkeep]\n|-damage|p2a: Drifblim|48/398|[from] Sandstorm\n|-damage|p1a: Honchkrow|126/312|[from] Sandstorm\n|upkeep\n|turn|13\n|\n|t:|1781416062\n|move|p2a: Drifblim|Strength Sap|p1a: Honchkrow\n|-unboost|p1a: Honchkrow|atk|1\n|-heal|p2a: Drifblim|312/398\n|move|p1a: Honchkrow|Brave Bird|p2a: Drifblim\n|-damage|p2a: Drifblim|134/398\n|-damage|p1a: Honchkrow|67/312|[from] Recoil\n|\n|-weather|none\n|upkeep\n|turn|14\n|\n|t:|1781416071\n|move|p2a: Drifblim|Strength Sap|p1a: Honchkrow\n|-unboost|p1a: Honchkrow|atk|1\n|-heal|p2a: Drifblim|310/398\n|move|p1a: Honchkrow|U-turn|p2a: Drifblim\n|-resisted|p2a: Drifblim\n|-damage|p2a: Drifblim|298/398\n|\n|t:|1781416074\n|switch|p1a: Pikachu|Pikachu-Unova, L93, M|216/216|[from] U-turn\n|\n|upkeep\n|turn|15\n|\n|t:|1781416086\n|move|p1a: Pikachu|Volt Switch|p2a: Drifblim\n|-supereffective|p2a: Drifblim\n|-damage|p2a: Drifblim|0 fnt\n|faint|p2a: Drifblim\n|\n|t:|1781416104\n|switch|p1a: Honchkrow|Honchkrow, L86, M|67/312|[from] Volt Switch\n|\n|upkeep\n|\n|t:|1781416113\n|switch|p2a: Iron Valiant|Iron Valiant, L78|181/244\n|turn|16\n|\n|t:|1781416120\n|move|p1a: Honchkrow|Sucker Punch|p2a: Iron Valiant\n|-resisted|p2a: Iron Valiant\n|-damage|p2a: Iron Valiant|156/244\n|move|p2a: Iron Valiant|Moonblast|p1a: Honchkrow\n|-supereffective|p1a: Honchkrow\n|-damage|p1a: Honchkrow|0 fnt\n|faint|p1a: Honchkrow\n|-damage|p2a: Iron Valiant|132/244|[from] item: Life Orb\n|\n|upkeep\n|inactive|zenkijooj has 90 seconds left.\n|\n|t:|1781416166\n|switch|p1a: Pikachu|Pikachu-Unova, L93, M|216/216\n|turn|17\n|\n|t:|1781416169\n|move|p1a: Pikachu|Fake Out|p2a: Iron Valiant\n|-damage|p2a: Iron Valiant|82/244\n|cant|p2a: Iron Valiant|flinch\n|\n|upkeep\n|turn|18\n|\n|t:|1781416174\n|switch|p1a: Rabsca|Rabsca, L91, F|245/284\n|move|p2a: Iron Valiant|Knock Off|p1a: Rabsca\n|-supereffective|p1a: Rabsca\n|-crit|p1a: Rabsca\n|-damage|p1a: Rabsca|0 fnt\n|-enditem|p1a: Rabsca|Heavy-Duty Boots|[from] move: Knock Off|[of] p2a: Iron Valiant\n|faint|p1a: Rabsca\n|-damage|p2a: Iron Valiant|58/244|[from] item: Life Orb\n|\n|upkeep\n|inactive|zenkijooj has 90 seconds left.\n|inactive|zenkijooj has 60 seconds left.\n|\n|t:|1781416226\n|switch|p1a: Latios|Latios, L78, M, tera:Steel|130/253\n|turn|19\n|\n|t:|1781416253\n|switch|p1a: Eiscue|Eiscue, L88, F|274/274\n|move|p2a: Iron Valiant|Close Combat|p1a: Eiscue\n|-activate|p1a: Eiscue|ability: Ice Face\n|-damage|p1a: Eiscue|274/274\n|-unboost|p2a: Iron Valiant|def|1\n|-unboost|p2a: Iron Valiant|spd|1\n|detailschange|p1a: Eiscue|Eiscue-Noice, L88, F\n|-damage|p2a: Iron Valiant|34/244|[from] item: Life Orb\n|\n|upkeep\n|turn|20\n|\n|t:|1781416262\n|-end|p2a: Iron Valiant|Quark Drive|[silent]\n|switch|p2a: Milotic|Milotic, L83, M|176/293\n|move|p1a: Eiscue|Liquidation|p2a: Milotic\n|-resisted|p2a: Milotic\n|-damage|p2a: Milotic|146/293\n|-unboost|p2a: Milotic|def|1\n|-ability|p2a: Milotic|Competitive|boost\n|-boost|p2a: Milotic|spa|2\n|\n|-heal|p2a: Milotic|164/293|[from] item: Leftovers\n|upkeep\n|turn|21\n|inactive|zenkijooj has 30 seconds left.\n|inactive|zenkijooj has 20 seconds left.\n|\n|t:|1781416294\n|switch|p1a: Pikachu|Pikachu-Unova, L93, M|216/216\n|move|p2a: Milotic|Scald|p1a: Pikachu\n|-damage|p1a: Pikachu|0 fnt\n|faint|p1a: Pikachu\n|\n|-heal|p2a: Milotic|182/293|[from] item: Leftovers\n|upkeep\n|inactive|zenkijooj has 25 seconds left this turn.\n|inactive|zenkijooj has 20 seconds left.\n|\n|t:|1781416300\n|switch|p1a: Latios|Latios, L78, M, tera:Steel|130/253\n|turn|22\n|inactive|zenkijooj has 30 seconds left this turn.\n|inactive|zenkijooj has 20 seconds left.\n|\n|t:|1781416311\n|move|p1a: Latios|Recover|p1a: Latios\n|-heal|p1a: Latios|253/253\n|move|p2a: Milotic|Scald|p1a: Latios\n|-damage|p1a: Latios|99/253\n|-status|p1a: Latios|brn\n|\n|-heal|p2a: Milotic|200/293|[from] item: Leftovers\n|-damage|p1a: Latios|84/253 brn|[from] brn\n|upkeep\n|turn|23\n|inactive|zenkijooj has 30 seconds left this turn.\n|\n|t:|1781416319\n|switch|p2a: Honchkrow|Honchkrow, L86, F|66/312\n|move|p1a: Latios|Psyshock|p2a: Honchkrow\n|-immune|p2a: Honchkrow\n|\n|-damage|p1a: Latios|69/253 brn|[from] brn\n|upkeep\n|turn|24\n|\n|t:|1781416326\n|move|p1a: Latios|Recover|p1a: Latios\n|-heal|p1a: Latios|196/253 brn\n|move|p2a: Honchkrow|Brave Bird|p1a: Latios\n|-resisted|p1a: Latios\n|-damage|p1a: Latios|103/253 brn\n|-damage|p2a: Honchkrow|35/312|[from] Recoil\n|\n|-damage|p1a: Latios|88/253 brn|[from] brn\n|upkeep\n|turn|25\n|\n|t:|1781416342\n|move|p1a: Latios|Recover|p1a: Latios\n|-heal|p1a: Latios|215/253 brn\n|move|p2a: Honchkrow|Heat Wave|p1a: Latios\n|-supereffective|p1a: Latios\n|-damage|p1a: Latios|87/253 brn\n|\n|-damage|p1a: Latios|72/253 brn|[from] brn\n|upkeep\n|turn|26\n|\n|t:|1781416350\n|move|p1a: Latios|Draco Meteor|p2a: Honchkrow\n|-damage|p2a: Honchkrow|0 fnt\n|-unboost|p1a: Latios|spa|2\n|faint|p2a: Honchkrow\n|\n|-damage|p1a: Latios|57/253 brn|[from] brn\n|upkeep\n|\n|t:|1781416369\n|switch|p2a: Delphox|Delphox, L84, M|263/263\n|turn|27\n|\n|t:|1781416372\n|move|p2a: Delphox|Fire Blast|p1a: Latios\n|-supereffective|p1a: Latios\n|-damage|p1a: Latios|0 fnt\n|faint|p1a: Latios\n|\n|upkeep\n|\n|t:|1781416374\n|switch|p1a: Eiscue|Eiscue-Noice, L88, F|274/274\n|turn|28\n|\n|t:|1781416376\n|move|p2a: Delphox|Fire Blast|p1a: Eiscue\n|-supereffective|p1a: Eiscue\n|-damage|p1a: Eiscue|0 fnt\n|faint|p1a: Eiscue\n|\n|win|redemption48\n", "inputlog": ">version a8376a258c1d4662feba110a92103f3664a72141\n>start {\"formatid\":\"gen9randombattle\",\"seed\":\"sodium,cc742a7ea0d68fe33578785958028310\",\"rated\":\"Rated battle\"}\n>player p1 {\"name\":\"zenkijooj\",\"avatar\":\"rosa\",\"rating\":1943,\"seed\":\"sodium,d15d6dbe58cce4a23f91740f543ed114\"}\n>player p2 {\"name\":\"redemption48\",\"avatar\":\"265\",\"rating\":1977,\"seed\":\"sodium,e7e3794ff4ed8cc9a17ae65894c9a784\"}\n>p1 move calmmind\n>p2 switch 4\n>p1 move dracometeor\n>p2 move nastyplot terastallize\n>p1 move calmmind terastallize\n>p2 move nastyplot\n>p1 move psyshock\n>p2 move darkpulse\n>p1 move recover\n>p2 move darkpulse\n>chat \u2606redemption48|Rofl\n>p2 switch 3\n>p1 switch 5\n>p2 move closecombat\n>p1 switch 2\n>p2 switch 5\n>p1 move bravebird\n>p2 move uturn\n>p2 switch 5\n>p1 switch 3\n>p2 move moonblast\n>p1 move earthquake\n>p2 switch 2\n>p1 move earthquake\n>p2 move scald\n>p1 switch 6\n>p1 move voltswitch\n>p2 switch 6\n>p1 switch 3\n>p1 move bravebird\n>p2 move strengthsap\n>p1 move uturn\n>p2 move strengthsap\n>p1 switch 3\n>p1 move voltswitch\n>p2 move airslash\n>p1 switch 3\n>p2 switch 2\n>p1 move suckerpunch\n>p2 move moonblast\n>p1 switch 3\n>p1 move fakeout\n>p2 move closecombat\n>p1 switch 2\n>p2 move knockoff\n>p1 switch 5\n>p1 switch 4\n>p2 move closecombat\n>p1 move liquidation\n>p2 switch 6\n>p1 switch 2\n>p2 move scald\n>p1 switch 4\n>p1 move recover\n>p2 move scald\n>p1 move psyshock\n>p2 switch 5\n>p1 move recover\n>p2 move bravebird\n>p1 move recover\n>p2 move heatwave\n>p1 move dracometeor\n>p2 move heatwave\n>p2 switch 4\n>p1 move recover\n>p2 move fireblast\n>p1 switch 2\n>p1 move bellydrum\n>p2 move fireblast", "uploadtime": 1781415790, "views": 8, "formatid": "gen9randombattle", "rating": null, "private": 0, "password": null}