{"id": "gen9randombattle-2631501783", "format": "[Gen 9] Random Battle", "players": ["bojangles mkII", "lakdl"], "log": "|j|\u2606bojangles mkII\n|j|\u2606lakdl\n|t:|1781393207\n|gametype|singles\n|player|p1|bojangles mkII|unknown|1999\n|player|p2|lakdl|skyla|1941\n|gen|9\n|tier|[Gen 9] Random Battle\n|rated|\n|rule|Species Clause: Limit one of each Pok\u00e9mon\n|rule|HP Percentage Mod: HP is shown in percentages\n|rule|Sleep Clause Mod: Limit one foe put to sleep\n|rule|Illusion Level Mod: Illusion disguises the Pok\u00e9mon's true level\n|\n|t:|1781393207\n|teamsize|p1|6\n|teamsize|p2|6\n|start\n|switch|p1a: Gallade|Gallade, L80, M|240/240\n|switch|p2a: Iron Moth|Iron Moth, L78|253/253\n|turn|1\n|inactive|Battle timer is ON: inactive players will automatically lose when time's up. (requested by bojangles mkII)\n|\n|t:|1781393222\n|-end|p2a: Iron Moth|Quark Drive|[silent]\n|switch|p2a: Tropius|Tropius, L91, F|328/328\n|move|p1a: Gallade|Psycho Cut|p2a: Tropius\n|-damage|p2a: Tropius|150/328\n|-enditem|p2a: Tropius|Sitrus Berry|[eat]\n|-heal|p2a: Tropius|232/328|[from] item: Sitrus Berry\n|\n|-item|p2a: Tropius|Sitrus Berry|[from] ability: Harvest\n|upkeep\n|turn|2\n|\n|t:|1781393232\n|switch|p1a: Farigiraf|Farigiraf, L90, F|362/362\n|move|p2a: Tropius|Dragon Dance|p2a: Tropius\n|-boost|p2a: Tropius|atk|1\n|-boost|p2a: Tropius|spe|1\n|\n|upkeep\n|turn|3\n|\n|t:|1781393260\n|switch|p2a: Phione|Phione, L91|293/293\n|move|p1a: Farigiraf|Body Slam|p2a: Phione\n|-damage|p2a: Phione|188/293\n|\n|-heal|p2a: Phione|206/293|[from] item: Leftovers\n|upkeep\n|turn|4\n|\n|t:|1781393265\n|switch|p1a: Mandibuzz|Mandibuzz, L85, F|326/326\n|move|p2a: Phione|Take Heart|p2a: Phione\n|-boost|p2a: Phione|spa|1\n|-boost|p2a: Phione|spd|1\n|\n|-heal|p2a: Phione|224/293|[from] item: Leftovers\n|upkeep\n|turn|5\n|\n|t:|1781393273\n|move|p2a: Phione|Scald|p1a: Mandibuzz\n|-damage|p1a: Mandibuzz|209/326\n|move|p1a: Mandibuzz|Brave Bird|p2a: Phione\n|-crit|p2a: Phione\n|-damage|p2a: Phione|79/293\n|-damage|p1a: Mandibuzz|161/326|[from] Recoil\n|\n|-heal|p2a: Phione|97/293|[from] item: Leftovers\n|upkeep\n|turn|6\n|\n|t:|1781393282\n|move|p2a: Phione|Rest|p2a: Phione\n|-status|p2a: Phione|slp|[from] move: Rest\n|-heal|p2a: Phione|293/293 slp|[silent]\n|move|p1a: Mandibuzz|Brave Bird|p2a: Phione\n|-damage|p2a: Phione|197/293 slp\n|-damage|p1a: Mandibuzz|129/326|[from] Recoil\n|\n|-heal|p2a: Phione|215/293 slp|[from] item: Leftovers\n|upkeep\n|turn|7\n|\n|t:|1781393285\n|cant|p2a: Phione|slp\n|move|p2a: Phione|Sleep Talk|p2a: Phione\n|move|p2a: Phione|Scald|p1a: Mandibuzz|[from] move: Sleep Talk\n|-damage|p1a: Mandibuzz|9/326\n|move|p1a: Mandibuzz|Brave Bird|p2a: Phione\n|-damage|p2a: Phione|119/293 slp\n|-damage|p1a: Mandibuzz|0 fnt|[from] Recoil\n|faint|p1a: Mandibuzz\n|\n|-heal|p2a: Phione|137/293 slp|[from] item: Leftovers\n|upkeep\n|\n|t:|1781393290\n|switch|p1a: Scyther|Scyther, L82, F|249/249\n|turn|8\n|\n|t:|1781393296\n|move|p1a: Scyther|Dual Wingbeat|p2a: Phione\n|-damage|p2a: Phione|65/293 slp\n|-damage|p2a: Phione|0 fnt\n|faint|p2a: Phione\n|-hitcount|p2: Phione|2\n|\n|upkeep\n|\n|t:|1781393310\n|switch|p2a: Tropius|Tropius, L91, F|232/328\n|turn|9\n|\n|t:|1781393313\n|move|p1a: Scyther|Dual Wingbeat|p2a: Tropius\n|-supereffective|p2a: Tropius\n|-damage|p2a: Tropius|112/328\n|-enditem|p2a: Tropius|Sitrus Berry|[eat]\n|-heal|p2a: Tropius|194/328|[from] item: Sitrus Berry\n|-supereffective|p2a: Tropius\n|-damage|p2a: Tropius|78/328\n|-hitcount|p2a: Tropius|2\n|move|p2a: Tropius|Dragon Dance|p2a: Tropius\n|-boost|p2a: Tropius|atk|1\n|-boost|p2a: Tropius|spe|1\n|\n|upkeep\n|turn|10\n|\n|t:|1781393324\n|switch|p1a: Eiscue|Eiscue, L88, M|274/274\n|move|p2a: Tropius|Synthesis|p2a: Tropius\n|-heal|p2a: Tropius|242/328\n|\n|upkeep\n|turn|11\n|\n|t:|1781393334\n|move|p2a: Tropius|Dual Wingbeat|p1a: Eiscue\n|-activate|p1a: Eiscue|ability: Ice Face\n|-damage|p1a: Eiscue|274/274\n|detailschange|p1a: Eiscue|Eiscue-Noice, L88, M\n|-damage|p1a: Eiscue|205/274\n|-hitcount|p1a: Eiscue|2\n|move|p1a: Eiscue|Liquidation|p2a: Tropius\n|-resisted|p2a: Tropius\n|-damage|p2a: Tropius|217/328\n|\n|-item|p2a: Tropius|Sitrus Berry|[from] ability: Harvest\n|upkeep\n|turn|12\n|\n|t:|1781393349\n|move|p1a: Eiscue|Ice Spinner|p2a: Tropius\n|-supereffective|p2a: Tropius\n|-damage|p2a: Tropius|0 fnt\n|faint|p2a: Tropius\n|\n|upkeep\n|\n|t:|1781393358\n|switch|p2a: Farigiraf|Farigiraf, L90, F|362/362\n|turn|13\n|\n|t:|1781393364\n|move|p1a: Eiscue|Belly Drum|p1a: Eiscue\n|-damage|p1a: Eiscue|68/274\n|-setboost|p1a: Eiscue|atk|6|[from] move: Belly Drum\n|-enditem|p1a: Eiscue|Sitrus Berry|[eat]\n|-heal|p1a: Eiscue|136/274|[from] item: Sitrus Berry\n|move|p2a: Farigiraf|Psychic Noise|p1a: Eiscue\n|-crit|p1a: Eiscue\n|-damage|p1a: Eiscue|0 fnt\n|faint|p1a: Eiscue\n|\n|upkeep\n|c|\u2606bojangles mkII|cool\n|\n|t:|1781393384\n|switch|p1a: Scyther|Scyther, L82, F|249/249\n|turn|14\n|\n|t:|1781393390\n|move|p1a: Scyther|Swords Dance|p1a: Scyther\n|-boost|p1a: Scyther|atk|2\n|move|p2a: Farigiraf|Body Slam|p1a: Scyther\n|-damage|p1a: Scyther|143/249\n|\n|upkeep\n|turn|15\n|\n|t:|1781393396\n|move|p1a: Scyther|Bug Bite|p2a: Farigiraf\n|-supereffective|p2a: Farigiraf\n|-damage|p2a: Farigiraf|0 fnt\n|faint|p2a: Farigiraf\n|\n|upkeep\n|\n|t:|1781393411\n|switch|p2a: Hawlucha|Hawlucha, L80, M|256/256\n|turn|16\n|\n|t:|1781393426\n|move|p2a: Hawlucha|Brave Bird|p1a: Scyther\n|-supereffective|p1a: Scyther\n|-damage|p1a: Scyther|0 fnt\n|faint|p1a: Scyther\n|-damage|p2a: Hawlucha|209/256|[from] Recoil\n|\n|upkeep\n|\n|t:|1781393430\n|switch|p1a: Golem|Golem, L87, M|281/281\n|turn|17\n|\n|t:|1781393466\n|-terastallize|p1a: Golem|Ground\n|move|p2a: Hawlucha|Close Combat|p1a: Golem\n|-crit|p1a: Golem\n|-damage|p1a: Golem|164/281\n|-unboost|p2a: Hawlucha|def|1\n|-unboost|p2a: Hawlucha|spd|1\n|-enditem|p2a: Hawlucha|White Herb\n|-clearnegativeboost|p2a: Hawlucha|[silent]\n|move|p1a: Golem|Rock Polish|p1a: Golem\n|-boost|p1a: Golem|spe|2\n|\n|upkeep\n|turn|18\n|c|\u2606bojangles mkII|cool\n|\n|t:|1781393483\n|-terastallize|p2a: Hawlucha|Flying\n|move|p2a: Hawlucha|Brave Bird|p1a: Golem\n|-damage|p1a: Golem|56/281\n|-damage|p2a: Hawlucha|173/256|[from] Recoil\n|move|p1a: Golem|Stone Edge|p2a: Hawlucha|[miss]\n|-miss|p1a: Golem|p2a: Hawlucha\n|\n|upkeep\n|turn|19\n|\n|t:|1781393490\n|move|p2a: Hawlucha|Brave Bird|p1a: Golem\n|-damage|p1a: Golem|0 fnt\n|faint|p1a: Golem\n|-damage|p2a: Hawlucha|155/256|[from] Recoil\n|\n|upkeep\n|c|\u2606bojangles mkII|mhm\n|\n|t:|1781393494\n|switch|p1a: Farigiraf|Farigiraf, L90, F|362/362\n|turn|20\n|\n|t:|1781393500\n|move|p2a: Hawlucha|Swords Dance|p2a: Hawlucha\n|-boost|p2a: Hawlucha|atk|2\n|move|p1a: Farigiraf|Psychic Noise|p2a: Hawlucha\n|-damage|p2a: Hawlucha|29/256\n|-start|p2a: Hawlucha|move: Heal Block\n|\n|upkeep\n|turn|21\n|\n|t:|1781393506\n|move|p2a: Hawlucha|Throat Chop|p1a: Farigiraf\n|-supereffective|p1a: Farigiraf\n|-damage|p1a: Farigiraf|132/362\n|-start|p1a: Farigiraf|Throat Chop|[silent]\n|cant|p1a: Farigiraf|move: Throat Chop\n|\n|-heal|p1a: Farigiraf|154/362|[from] item: Leftovers\n|-end|p2a: Hawlucha|move: Heal Block\n|upkeep\n|turn|22\n|\n|t:|1781393510\n|move|p2a: Hawlucha|Throat Chop|p1a: Farigiraf\n|-supereffective|p1a: Farigiraf\n|-damage|p1a: Farigiraf|0 fnt\n|faint|p1a: Farigiraf\n|\n|upkeep\n|c|\u2606bojangles mkII|sure\n|\n|t:|1781393513\n|switch|p1a: Gallade|Gallade, L80, M|240/240\n|turn|23\n|\n|t:|1781393515\n|move|p2a: Hawlucha|Brave Bird|p1a: Gallade\n|-supereffective|p1a: Gallade\n|-damage|p1a: Gallade|0 fnt\n|faint|p1a: Gallade\n|-damage|p2a: Hawlucha|0 fnt|[from] Recoil\n|faint|p2a: Hawlucha\n|\n|win|lakdl\n", "inputlog": ">version a8376a258c1d4662feba110a92103f3664a72141\n>start {\"formatid\":\"gen9randombattle\",\"seed\":\"sodium,6aa725e4148ce2e330b083efb2a1b82e\",\"rated\":\"Rated battle\"}\n>player p1 {\"name\":\"bojangles mkII\",\"avatar\":\"unknown\",\"rating\":1999,\"seed\":\"sodium,b4b287729c7ac130f4cd23f8531c6265\"}\n>player p2 {\"name\":\"lakdl\",\"avatar\":\"skyla\",\"rating\":1941,\"seed\":\"sodium,a4fa6f410eb9138b6e05f99b0a591bbf\"}\n>p1 move psychocut\n>p2 switch 2\n>p1 switch 3\n>p2 move dragondance\n>p1 move bodyslam\n>p2 switch 6\n>p1 switch 2\n>p2 move takeheart\n>p1 move bravebird\n>p2 move scald\n>p1 move bravebird\n>p2 move rest\n>p1 move bravebird\n>p2 move sleeptalk\n>p1 switch 4\n>p1 move dualwingbeat\n>p2 move sleeptalk\n>p2 switch 6\n>p1 move dualwingbeat\n>p2 move dragondance\n>p1 switch 5\n>p2 move synthesis\n>p1 move liquidation\n>p2 move dualwingbeat\n>p1 move icespinner\n>p2 move earthquake\n>p2 switch 4\n>p1 move bellydrum\n>p2 move psychicnoise\n>chat \u2606bojangles mkII|cool\n>p1 switch 5\n>p1 move swordsdance\n>p2 move bodyslam\n>p1 move bugbite\n>p2 move bodyslam\n>p2 switch 3\n>p1 move dualwingbeat\n>p2 move bravebird\n>p1 switch 6\n>p1 move rockpolish terastallize\n>p2 move closecombat\n>chat \u2606bojangles mkII|cool\n>p1 move stoneedge\n>p2 move bravebird terastallize\n>p1 move explosion\n>p2 move bravebird\n>chat \u2606bojangles mkII|mhm\n>p1 switch 2\n>p1 move psychicnoise\n>p2 move swordsdance\n>p1 move psychicnoise\n>p2 move throatchop\n>p1 move bodyslam\n>p2 move throatchop\n>chat \u2606bojangles mkII|sure\n>p1 switch 3\n>p1 move psychocut\n>p2 move bravebird", "uploadtime": 1781393209, "views": 5, "formatid": "gen9randombattle", "rating": null, "private": 0, "password": null}