{"id": "gen9randombattle-2631610839", "format": "[Gen 9] Random Battle", "players": ["moomoo798", "Shomsnack"], "log": "|j|\u2606moomoo798\n|j|\u203dShomsnack\n|t:|1781408552\n|gametype|singles\n|player|p1|moomoo798|jasmine|1933\n|player|p2|Shomsnack|170|1967\n|gen|9\n|tier|[Gen 9] Random Battle\n|rated|\n|rule|Species Clause: Limit one of each Pok\u00e9mon\n|rule|HP Percentage Mod: HP is shown in percentages\n|rule|Sleep Clause Mod: Limit one foe put to sleep\n|rule|Illusion Level Mod: Illusion disguises the Pok\u00e9mon's true level\n|\n|t:|1781408552\n|teamsize|p1|6\n|teamsize|p2|6\n|start\n|switch|p1a: Copperajah|Copperajah, L86, F|350/350\n|switch|p2a: Inteleon|Inteleon, L81, M|246/246\n|turn|1\n|inactive|Battle timer is ON: inactive players will automatically lose when time's up. (requested by moomoo798)\n|inactive|moomoo798 has 120 seconds left.\n|\n|t:|1781408593\n|move|p2a: Inteleon|Scald|p1a: Copperajah\n|-damage|p1a: Copperajah|175/350\n|-status|p1a: Copperajah|brn\n|move|p1a: Copperajah|Iron Head|p2a: Inteleon\n|-resisted|p2a: Inteleon\n|-damage|p2a: Inteleon|181/246\n|\n|-damage|p1a: Copperajah|154/350 brn|[from] brn\n|upkeep\n|turn|2\n|\n|t:|1781408599\n|switch|p1a: Gastrodon|Gastrodon, L86, M|331/331\n|move|p2a: Inteleon|Scald|p1a: Gastrodon\n|-ability|p1a: Gastrodon|Storm Drain|boost\n|-boost|p1a: Gastrodon|spa|1\n|\n|upkeep\n|turn|3\n|\n|t:|1781408606\n|switch|p2a: Latias|Latias, L79, F|256/256\n|move|p1a: Gastrodon|Stealth Rock|p2a: Latias\n|-sidestart|p2: Shomsnack|move: Stealth Rock\n|\n|upkeep\n|turn|4\n|\n|t:|1781408618\n|move|p2a: Latias|Calm Mind|p2a: Latias\n|-boost|p2a: Latias|spa|1\n|-boost|p2a: Latias|spd|1\n|move|p1a: Gastrodon|Ice Beam|p2a: Latias\n|-supereffective|p2a: Latias\n|-damage|p2a: Latias|150/256\n|\n|upkeep\n|turn|5\n|\n|t:|1781408630\n|switch|p1a: Arcanine|Arcanine-Hisui, L79, M|280/280\n|move|p2a: Latias|Psyshock|p1a: Arcanine\n|-damage|p1a: Arcanine|103/280\n|\n|upkeep\n|turn|6\n|\n|t:|1781408634\n|switch|p1a: Copperajah|Copperajah, L86, F|154/350 brn\n|move|p2a: Latias|Psyshock|p1a: Copperajah\n|-resisted|p1a: Copperajah\n|-damage|p1a: Copperajah|74/350 brn\n|\n|-damage|p1a: Copperajah|53/350 brn|[from] brn\n|upkeep\n|turn|7\n|\n|t:|1781408637\n|move|p2a: Latias|Psyshock|p1a: Copperajah\n|-resisted|p1a: Copperajah\n|-damage|p1a: Copperajah|0 fnt\n|faint|p1a: Copperajah\n|\n|upkeep\n|\n|t:|1781408646\n|switch|p1a: Electrode|Electrode, L92|260/260\n|turn|8\n|\n|t:|1781408650\n|switch|p2a: Scrafty|Scrafty, L83, M|244/244\n|-damage|p2a: Scrafty|229/244|[from] Stealth Rock\n|move|p1a: Electrode|Thunder Wave|p2a: Scrafty\n|-status|p2a: Scrafty|par\n|\n|-heal|p2a: Scrafty|244/244 par|[from] item: Leftovers\n|upkeep\n|turn|9\n|\n|t:|1781408659\n|switch|p1a: Spidops|Spidops, L96, F|271/271\n|move|p2a: Scrafty|Knock Off|p1a: Spidops\n|-damage|p1a: Spidops|196/271\n|-enditem|p1a: Spidops|Heavy-Duty Boots|[from] move: Knock Off|[of] p2a: Scrafty\n|\n|-activate|p2a: Scrafty|ability: Shed Skin\n|-curestatus|p2a: Scrafty|par|[msg]\n|upkeep\n|turn|10\n|\n|t:|1781408666\n|move|p2a: Scrafty|Bulk Up|p2a: Scrafty\n|-boost|p2a: Scrafty|atk|1\n|-boost|p2a: Scrafty|def|1\n|move|p1a: Spidops|Sticky Web|p2a: Scrafty\n|-sidestart|p2: Shomsnack|move: Sticky Web\n|\n|upkeep\n|turn|11\n|\n|t:|1781408669\n|move|p2a: Scrafty|Knock Off|p1a: Spidops\n|-damage|p1a: Spidops|112/271\n|move|p1a: Spidops|Circle Throw|p2a: Scrafty\n|-supereffective|p2a: Scrafty\n|-damage|p2a: Scrafty|190/244\n|drag|p2a: Latias|Latias, L79, F|150/256\n|-damage|p2a: Latias|118/256|[from] Stealth Rock\n|\n|upkeep\n|turn|12\n|\n|t:|1781408674\n|move|p2a: Latias|Draco Meteor|p1a: Spidops\n|-damage|p1a: Spidops|0 fnt\n|-unboost|p2a: Latias|spa|2\n|faint|p1a: Spidops\n|\n|upkeep\n|\n|t:|1781408684\n|switch|p1a: Arcanine|Arcanine-Hisui, L79, M|103/280\n|turn|13\n|\n|t:|1781408697\n|move|p2a: Latias|Recover|p2a: Latias\n|-heal|p2a: Latias|246/256\n|move|p1a: Arcanine|Morning Sun|p1a: Arcanine\n|-heal|p1a: Arcanine|243/280\n|\n|upkeep\n|turn|14\n|\n|t:|1781408700\n|switch|p2a: Scrafty|Scrafty, L83, M|190/244\n|-damage|p2a: Scrafty|175/244|[from] Stealth Rock\n|-activate|p2a: Scrafty|move: Sticky Web\n|-unboost|p2a: Scrafty|spe|1\n|move|p1a: Arcanine|Head Smash|p2a: Scrafty\n|-resisted|p2a: Scrafty\n|-damage|p2a: Scrafty|111/244\n|\n|-heal|p2a: Scrafty|126/244|[from] item: Leftovers\n|upkeep\n|turn|15\n|\n|t:|1781408721\n|move|p1a: Arcanine|Flare Blitz|p2a: Scrafty\n|-damage|p2a: Scrafty|27/244\n|move|p2a: Scrafty|Drain Punch|p1a: Arcanine\n|-supereffective|p1a: Arcanine\n|-damage|p1a: Arcanine|81/280\n|-heal|p2a: Scrafty|108/244|[from] drain|[of] p1a: Arcanine\n|\n|-heal|p2a: Scrafty|123/244|[from] item: Leftovers\n|upkeep\n|turn|16\n|\n|t:|1781408724\n|move|p1a: Arcanine|Flare Blitz|p2a: Scrafty\n|-damage|p2a: Scrafty|12/244\n|move|p2a: Scrafty|Drain Punch|p1a: Arcanine\n|-supereffective|p1a: Arcanine\n|-damage|p1a: Arcanine|0 fnt\n|-heal|p2a: Scrafty|53/244|[from] drain|[of] p1a: Arcanine\n|faint|p1a: Arcanine\n|\n|-heal|p2a: Scrafty|68/244|[from] item: Leftovers\n|upkeep\n|\n|t:|1781408728\n|switch|p1a: Electrode|Electrode, L92|260/260\n|turn|17\n|\n|t:|1781408732\n|move|p1a: Electrode|Thunderbolt|p2a: Scrafty\n|-damage|p2a: Scrafty|0 fnt\n|faint|p2a: Scrafty\n|\n|upkeep\n|\n|t:|1781408739\n|switch|p2a: Gliscor|Gliscor, L76, M|239/239\n|-damage|p2a: Gliscor|210/239|[from] Stealth Rock\n|turn|18\n|\n|t:|1781408749\n|switch|p1a: Persian|Persian-Alola, L86, M|252/252\n|move|p2a: Gliscor|Earthquake|p1a: Persian\n|-damage|p1a: Persian|198/252\n|\n|-status|p2a: Gliscor|tox|[from] item: Toxic Orb\n|upkeep\n|turn|19\n|\n|t:|1781408755\n|move|p1a: Persian|Nasty Plot|p1a: Persian\n|-boost|p1a: Persian|spa|2\n|move|p2a: Gliscor|Toxic|p1a: Persian\n|-status|p1a: Persian|tox\n|\n|-damage|p1a: Persian|183/252 tox|[from] psn\n|-heal|p2a: Gliscor|239/239 tox|[from] ability: Poison Heal\n|upkeep\n|turn|20\n|\n|t:|1781408764\n|move|p1a: Persian|Dark Pulse|p2a: Gliscor\n|-damage|p2a: Gliscor|0 fnt\n|faint|p2a: Gliscor\n|-damage|p1a: Persian|158/252 tox|[from] item: Life Orb\n|\n|-damage|p1a: Persian|128/252 tox|[from] psn\n|upkeep\n|\n|t:|1781408773\n|switch|p2a: Squawkabilly|Squawkabilly, L85, M|278/278\n|-damage|p2a: Squawkabilly|209/278|[from] Stealth Rock\n|turn|21\n|\n|t:|1781408782\n|move|p1a: Persian|Dark Pulse|p2a: Squawkabilly\n|-damage|p2a: Squawkabilly|0 fnt\n|faint|p2a: Squawkabilly\n|-damage|p1a: Persian|103/252 tox|[from] item: Life Orb\n|\n|-damage|p1a: Persian|58/252 tox|[from] psn\n|upkeep\n|\n|t:|1781408785\n|switch|p2a: Frosmoth|Frosmoth, L82, F|249/249\n|turn|22\n|\n|t:|1781408803\n|move|p1a: Persian|Dark Pulse|p2a: Frosmoth\n|-damage|p2a: Frosmoth|150/249\n|-damage|p1a: Persian|33/252 tox|[from] item: Life Orb\n|move|p2a: Frosmoth|Quiver Dance|p2a: Frosmoth\n|-boost|p2a: Frosmoth|spa|1\n|-boost|p2a: Frosmoth|spd|1\n|-boost|p2a: Frosmoth|spe|1\n|\n|-damage|p1a: Persian|0 fnt|[from] psn\n|faint|p1a: Persian\n|upkeep\n|\n|t:|1781408808\n|switch|p1a: Electrode|Electrode, L92|260/260\n|turn|23\n|\n|t:|1781408814\n|switch|p2a: Inteleon|Inteleon, L81, M|181/246\n|-damage|p2a: Inteleon|151/246|[from] Stealth Rock\n|-activate|p2a: Inteleon|move: Sticky Web\n|-unboost|p2a: Inteleon|spe|1\n|move|p1a: Electrode|Explosion|p2a: Inteleon\n|-damage|p2a: Inteleon|0 fnt\n|faint|p1a: Electrode\n|faint|p2a: Inteleon\n|\n|upkeep\n|\n|t:|1781408817\n|switch|p1a: Gastrodon|Gastrodon, L86, M|331/331\n|switch|p2a: Frosmoth|Frosmoth, L82, F|150/249\n|turn|24\n|-message|moomoo798 forfeited.\n|\n|win|Shomsnack\n", "inputlog": ">version a8376a258c1d4662feba110a92103f3664a72141\n>start {\"formatid\":\"gen9randombattle\",\"seed\":\"sodium,03a362728bb53e5eecf2d492ae3154dd\",\"rated\":\"Rated battle\"}\n>player p1 {\"name\":\"moomoo798\",\"avatar\":\"jasmine\",\"rating\":1933,\"seed\":\"sodium,d32c20571bf2c533376634a85f79986d\"}\n>player p2 {\"name\":\"Shomsnack\",\"avatar\":\"170\",\"rating\":1967,\"seed\":\"sodium,b8b7003cf2ffbebf2150e61e6ec60eeb\"}\n>p1 move ironhead\n>p2 move scald\n>p1 switch 2\n>p2 move scald\n>p1 move stealthrock\n>p2 switch 5\n>p1 move icebeam\n>p2 move calmmind\n>p1 switch 3\n>p2 move psyshock\n>p1 switch 2\n>p2 move psyshock\n>p1 move playrough\n>p2 move psyshock\n>p1 switch 5\n>p1 move thunderwave\n>p2 switch 3\n>p1 switch 6\n>p2 move knockoff\n>p1 move stickyweb\n>p2 move bulkup\n>p1 move circlethrow\n>p2 move knockoff\n>p1 move knockoff\n>p2 move dracometeor\n>p1 switch 2\n>p1 move morningsun\n>p2 move recover\n>p1 move headsmash\n>p2 switch 3\n>p1 move flareblitz\n>p2 move drainpunch\n>p1 move flareblitz\n>p2 move drainpunch\n>p1 switch 6\n>p1 move thunderbolt\n>p2 move knockoff\n>p2 switch 2\n>p1 switch 4\n>p2 move earthquake\n>p1 move nastyplot\n>p2 move toxic\n>p1 move darkpulse\n>p2 move substitute\n>p2 switch 4\n>p1 move darkpulse\n>p2 move uturn\n>p2 switch 6\n>p1 move darkpulse\n>p2 move quiverdance\n>p1 switch 4\n>p1 move explosion\n>p2 switch 5\n>p1 switch 3\n>p2 switch 5\n>forcelose p1", "uploadtime": 1781408554, "views": 4, "formatid": "gen9randombattle", "rating": null, "private": 0, "password": null}