{"id": "gen9randombattle-2631885504", "format": "[Gen 9] Random Battle", "players": ["randomdude8876", "wout0706"], "log": "|j|\u2606randomdude8876\n|j|\u2606wout0706\n|t:|1781451983\n|gametype|singles\n|player|p1|randomdude8876|hiker-gen4|1937\n|player|p2|wout0706|1|1961\n|gen|9\n|tier|[Gen 9] Random Battle\n|rated|\n|rule|Species Clause: Limit one of each Pok\u00e9mon\n|rule|HP Percentage Mod: HP is shown in percentages\n|rule|Sleep Clause Mod: Limit one foe put to sleep\n|rule|Illusion Level Mod: Illusion disguises the Pok\u00e9mon's true level\n|\n|t:|1781451983\n|teamsize|p1|6\n|teamsize|p2|6\n|start\n|switch|p1a: Uxie|Uxie, L83|260/260\n|switch|p2a: Qwilfish|Qwilfish-Hisui, L83, M|244/244\n|-ability|p2a: Qwilfish|Intimidate|boost\n|-unboost|p1a: Uxie|atk|1\n|turn|1\n|inactive|Battle timer is ON: inactive players will automatically lose when time's up. (requested by randomdude8876)\n|\n|t:|1781451996\n|move|p1a: Uxie|U-turn|p2a: Qwilfish\n|-crit|p2a: Qwilfish\n|-damage|p2a: Qwilfish|202/244\n|\n|t:|1781452016\n|switch|p1a: Golem|Golem, L87, M|281/281|[from] U-turn\n|move|p2a: Qwilfish|Crunch|p1a: Golem\n|-damage|p1a: Golem|220/281\n|-unboost|p1a: Golem|def|1\n|\n|upkeep\n|turn|2\n|\n|t:|1781452032\n|switch|p2a: Slither Wing|Slither Wing, L81|270/270\n|move|p1a: Golem|Rock Polish|p1a: Golem\n|-boost|p1a: Golem|spe|2\n|\n|upkeep\n|turn|3\n|\n|t:|1781452039\n|move|p1a: Golem|Stone Edge|p2a: Slither Wing\n|-damage|p2a: Slither Wing|114/270\n|move|p2a: Slither Wing|Close Combat|p1a: Golem\n|-supereffective|p1a: Golem\n|-damage|p1a: Golem|0 fnt\n|-unboost|p2a: Slither Wing|def|1\n|-unboost|p2a: Slither Wing|spd|1\n|faint|p1a: Golem\n|\n|upkeep\n|\n|t:|1781452056\n|switch|p1a: Fezandipiti|Fezandipiti, L82, M|278/278\n|turn|4\n|\n|t:|1781452072\n|-end|p2a: Slither Wing|Protosynthesis|[silent]\n|switch|p2a: Qwilfish|Qwilfish-Hisui, L83, M|202/244\n|-ability|p2a: Qwilfish|Intimidate|boost\n|-unboost|p1a: Fezandipiti|atk|1\n|move|p1a: Fezandipiti|Swords Dance|p1a: Fezandipiti\n|-boost|p1a: Fezandipiti|atk|2\n|\n|upkeep\n|turn|5\n|\n|t:|1781452086\n|move|p1a: Fezandipiti|Play Rough|p2a: Qwilfish\n|-damage|p2a: Qwilfish|108/244\n|move|p2a: Qwilfish|Gunk Shot|p1a: Fezandipiti\n|-damage|p1a: Fezandipiti|146/278\n|\n|-heal|p1a: Fezandipiti|163/278|[from] item: Leftovers\n|upkeep\n|turn|6\n|\n|t:|1781452102\n|move|p1a: Fezandipiti|Play Rough|p2a: Qwilfish\n|-damage|p2a: Qwilfish|23/244\n|move|p2a: Qwilfish|Gunk Shot|p1a: Fezandipiti|[miss]\n|-miss|p2a: Qwilfish|p1a: Fezandipiti\n|\n|-heal|p1a: Fezandipiti|180/278|[from] item: Leftovers\n|upkeep\n|turn|7\n|\n|t:|1781452120\n|move|p1a: Fezandipiti|Tera Blast|p2a: Qwilfish\n|-damage|p2a: Qwilfish|0 fnt\n|faint|p2a: Qwilfish\n|\n|-heal|p1a: Fezandipiti|197/278|[from] item: Leftovers\n|upkeep\n|\n|t:|1781452125\n|switch|p2a: Arceus|Arceus-Rock, L74|300/300\n|turn|8\n|\n|t:|1781452129\n|move|p2a: Arceus|Earth Power|p1a: Fezandipiti\n|-supereffective|p1a: Fezandipiti\n|-damage|p1a: Fezandipiti|111/278\n|move|p1a: Fezandipiti|Play Rough|p2a: Arceus\n|-damage|p2a: Arceus|194/300\n|-unboost|p2a: Arceus|atk|1\n|\n|-heal|p1a: Fezandipiti|128/278|[from] item: Leftovers\n|upkeep\n|turn|9\n|\n|t:|1781452143\n|-terastallize|p1a: Fezandipiti|Ground\n|move|p2a: Arceus|Earth Power|p1a: Fezandipiti\n|-damage|p1a: Fezandipiti|80/278\n|move|p1a: Fezandipiti|Tera Blast|p2a: Arceus|[anim] Tera Blast Ground\n|-supereffective|p2a: Arceus\n|-damage|p2a: Arceus|0 fnt\n|faint|p2a: Arceus\n|\n|-heal|p1a: Fezandipiti|97/278|[from] item: Leftovers\n|upkeep\n|\n|t:|1781452152\n|switch|p2a: Maushold|Maushold, L76|238/238\n|turn|10\n|\n|t:|1781452157\n|move|p2a: Maushold|Population Bomb|p1a: Fezandipiti\n|-damage|p1a: Fezandipiti|73/278\n|-damage|p1a: Fezandipiti|48/278\n|-damage|p1a: Fezandipiti|26/278\n|-damage|p1a: Fezandipiti|4/278\n|-damage|p1a: Fezandipiti|0 fnt\n|faint|p1a: Fezandipiti\n|-hitcount|p1: Fezandipiti|5\n|\n|upkeep\n|\n|t:|1781452169\n|switch|p1a: Tyranitar|Tyranitar, L78, M|284/284\n|-weather|Sandstorm|[from] ability: Sand Stream|[of] p1a: Tyranitar\n|turn|11\n|\n|t:|1781452177\n|switch|p2a: Kricketune|Kricketune, L99, M|312/312\n|move|p1a: Tyranitar|Knock Off|p2a: Kricketune\n|-damage|p2a: Kricketune|158/312\n|-enditem|p2a: Kricketune|Heavy-Duty Boots|[from] move: Knock Off|[of] p1a: Tyranitar\n|\n|-weather|Sandstorm|[upkeep]\n|-damage|p2a: Kricketune|139/312|[from] Sandstorm\n|upkeep\n|turn|12\n|\n|t:|1781452188\n|move|p2a: Kricketune|Pounce|p1a: Tyranitar\n|-supereffective|p1a: Tyranitar\n|-damage|p1a: Tyranitar|108/284\n|-unboost|p1a: Tyranitar|spe|1\n|move|p1a: Tyranitar|Stone Edge|p2a: Kricketune\n|-supereffective|p2a: Kricketune\n|-damage|p2a: Kricketune|0 fnt\n|faint|p2a: Kricketune\n|\n|-weather|Sandstorm|[upkeep]\n|upkeep\n|\n|t:|1781452196\n|switch|p2a: Slither Wing|Slither Wing, L81|114/270\n|turn|13\n|\n|t:|1781452200\n|move|p2a: Slither Wing|U-turn|p1a: Tyranitar\n|-supereffective|p1a: Tyranitar\n|-damage|p1a: Tyranitar|0 fnt\n|faint|p1a: Tyranitar\n|\n|t:|1781452205\n|-end|p2a: Slither Wing|Protosynthesis|[silent]\n|switch|p2a: Maushold|Maushold, L76|238/238|[from] U-turn\n|\n|-weather|Sandstorm|[upkeep]\n|-damage|p2a: Maushold|224/238|[from] Sandstorm\n|upkeep\n|\n|t:|1781452223\n|switch|p1a: Uxie|Uxie, L83|260/260\n|turn|14\n|\n|t:|1781452228\n|move|p2a: Maushold|Population Bomb|p1a: Uxie\n|-damage|p1a: Uxie|242/260\n|-damage|p1a: Uxie|226/260\n|-damage|p1a: Uxie|208/260\n|-damage|p1a: Uxie|192/260\n|-damage|p1a: Uxie|176/260\n|-damage|p1a: Uxie|160/260\n|-damage|p1a: Uxie|142/260\n|-damage|p1a: Uxie|126/260\n|-damage|p1a: Uxie|108/260\n|-damage|p1a: Uxie|90/260\n|-hitcount|p1a: Uxie|10\n|move|p1a: Uxie|Encore|p2a: Maushold\n|-start|p2a: Maushold|Encore\n|\n|-weather|Sandstorm|[upkeep]\n|-damage|p2a: Maushold|210/238|[from] Sandstorm\n|-damage|p1a: Uxie|74/260|[from] Sandstorm\n|-heal|p1a: Uxie|90/260|[from] item: Leftovers\n|upkeep\n|turn|15\n|\n|t:|1781452243\n|switch|p1a: Drifblim|Drifblim, L86, F|398/398\n|move|p2a: Maushold|Population Bomb|p1a: Drifblim\n|-immune|p1a: Drifblim\n|\n|-weather|none\n|upkeep\n|turn|16\n|\n|t:|1781452251\n|switch|p2a: Eternatus|Eternatus, L69|308/308\n|-ability|p2a: Eternatus|Pressure\n|move|p1a: Drifblim|Air Slash|p2a: Eternatus\n|-damage|p2a: Eternatus|220/308\n|\n|upkeep\n|turn|17\n|\n|t:|1781452259\n|move|p2a: Eternatus|Toxic|p1a: Drifblim\n|-status|p1a: Drifblim|tox\n|move|p1a: Drifblim|Shadow Ball|p2a: Eternatus\n|-damage|p2a: Eternatus|120/308\n|-unboost|p2a: Eternatus|spd|1\n|\n|-damage|p1a: Drifblim|374/398 tox|[from] psn\n|upkeep\n|turn|18\n|\n|t:|1781452270\n|switch|p2a: Maushold|Maushold, L76|210/238\n|move|p1a: Drifblim|Shadow Ball|p2a: Maushold\n|-immune|p2a: Maushold\n|\n|-damage|p1a: Drifblim|326/398 tox|[from] psn\n|upkeep\n|turn|19\n|\n|t:|1781452279\n|move|p2a: Maushold|Encore|p1a: Drifblim\n|-start|p1a: Drifblim|Encore\n|move|p1a: Drifblim|Shadow Ball|p2a: Maushold\n|-immune|p2a: Maushold\n|\n|-damage|p1a: Drifblim|254/398 tox|[from] psn\n|upkeep\n|turn|20\n|\n|t:|1781452283\n|switch|p1a: Manaphy|Manaphy, L78|284/284\n|move|p2a: Maushold|Tidy Up|p2a: Maushold\n|-boost|p2a: Maushold|atk|1\n|-boost|p2a: Maushold|spe|1\n|\n|upkeep\n|turn|21\n|\n|t:|1781452287\n|move|p2a: Maushold|Population Bomb|p1a: Manaphy\n|-damage|p1a: Manaphy|251/284\n|-damage|p1a: Manaphy|218/284\n|-damage|p1a: Manaphy|184/284\n|-damage|p1a: Manaphy|150/284\n|-damage|p1a: Manaphy|117/284\n|-damage|p1a: Manaphy|84/284\n|-damage|p1a: Manaphy|53/284\n|-damage|p1a: Manaphy|19/284\n|-damage|p1a: Manaphy|0 fnt\n|faint|p1a: Manaphy\n|-hitcount|p1: Manaphy|9\n|\n|upkeep\n|-message|randomdude8876 forfeited.\n|\n|win|wout0706\n", "inputlog": ">version a8376a258c1d4662feba110a92103f3664a72141\n>start {\"formatid\":\"gen9randombattle\",\"seed\":\"sodium,5a12d194504a8e7a02bb9bce6dcb2e82\",\"rated\":\"Rated battle\"}\n>player p1 {\"name\":\"randomdude8876\",\"avatar\":\"hiker-gen4\",\"rating\":1937,\"seed\":\"sodium,193aec007603ac7d3d9191b58b2341fa\"}\n>player p2 {\"name\":\"wout0706\",\"avatar\":\"1\",\"rating\":1961,\"seed\":\"sodium,61aa0d1dc75a9c9c43bb2ce3c6f07211\"}\n>p1 move uturn\n>p2 move crunch\n>p1 switch 4\n>p1 move rockpolish\n>p2 switch 4\n>p1 move stoneedge\n>p2 move closecombat\n>p1 switch 2\n>p1 move swordsdance\n>p2 switch 4\n>p1 move playrough\n>p2 move gunkshot\n>p1 move playrough\n>p2 move gunkshot\n>p1 move terablast\n>p2 move spikes\n>p2 switch 2\n>p1 move playrough\n>p2 move earthpower\n>p1 move terablast terastallize\n>p2 move earthpower\n>p2 switch 6\n>p1 move gunkshot\n>p2 move populationbomb\n>p1 switch 5\n>p1 move knockoff\n>p2 switch 5\n>p1 move stoneedge\n>p2 move pounce\n>p2 switch 4\n>p1 move knockoff\n>p2 move uturn\n>p2 switch 5\n>p1 switch 4\n>p1 move encore\n>p2 move populationbomb\n>p1 switch 3\n>p2 move populationbomb\n>p1 move airslash\n>p2 switch 3\n>p1 move shadowball\n>p2 move toxic\n>p1 move shadowball\n>p2 switch 3\n>p1 move strengthsap\n>p2 move encore\n>p1 switch 6\n>p2 move tidyup\n>p1 move surf\n>p2 move populationbomb\n>forcelose p1", "uploadtime": 1781451985, "views": 6, "formatid": "gen9randombattle", "rating": null, "private": 0, "password": null}