{"id": "gen9randombattle-2631497538", "format": "[Gen 9] Random Battle", "players": ["italksmackinchat", "PokeBooBowl"], "log": "|j|\u2606italksmackinchat\n|j|\u2606PokeBooBowl\n|t:|1781392599\n|gametype|singles\n|player|p1|italksmackinchat|102|1376\n|player|p2|PokeBooBowl|idol|1320\n|gen|9\n|tier|[Gen 9] Random Battle\n|rated|\n|rule|Species Clause: Limit one of each Pok\u00e9mon\n|rule|HP Percentage Mod: HP is shown in percentages\n|rule|Sleep Clause Mod: Limit one foe put to sleep\n|rule|Illusion Level Mod: Illusion disguises the Pok\u00e9mon's true level\n|\n|t:|1781392599\n|teamsize|p1|6\n|teamsize|p2|6\n|start\n|switch|p1a: Garganacl|Garganacl, L80, M|291/291\n|switch|p2a: Samurott|Samurott, L88, F|310/310\n|turn|1\n|inactive|Battle timer is ON: inactive players will automatically lose when time's up. (requested by PokeBooBowl)\n|\n|t:|1781392621\n|switch|p1a: Iron Hands|Iron Hands, L79|373/373\n|move|p2a: Samurott|Swords Dance|p2a: Samurott\n|-boost|p2a: Samurott|atk|2\n|\n|upkeep\n|turn|2\n|inactive|PokeBooBowl has 120 seconds left.\n|\n|t:|1781392669\n|move|p2a: Samurott|Liquidation|p1a: Iron Hands\n|-damage|p1a: Iron Hands|118/373\n|-damage|p2a: Samurott|279/310|[from] item: Life Orb\n|move|p1a: Iron Hands|Wild Charge|p2a: Samurott\n|-supereffective|p2a: Samurott\n|-damage|p2a: Samurott|57/310\n|-damage|p1a: Iron Hands|62/373|[from] Recoil\n|\n|-heal|p1a: Iron Hands|85/373|[from] item: Leftovers\n|upkeep\n|turn|3\n|\n|t:|1781392677\n|move|p2a: Samurott|Liquidation|p1a: Iron Hands\n|-damage|p1a: Iron Hands|0 fnt\n|faint|p1a: Iron Hands\n|-end|p1a: Iron Hands|Quark Drive|[silent]\n|-damage|p2a: Samurott|26/310|[from] item: Life Orb\n|\n|upkeep\n|\n|t:|1781392697\n|switch|p1a: Mismagius|Mismagius, L86, F|243/243\n|turn|4\n|inactive|PokeBooBowl has 120 seconds left.\n|\n|t:|1781392710\n|move|p1a: Mismagius|Shadow Ball|p2a: Samurott\n|-damage|p2a: Samurott|0 fnt\n|faint|p2a: Samurott\n|\n|upkeep\n|\n|t:|1781392720\n|switch|p2a: Dunsparce|Dunsparce, L86, M|312/312\n|turn|5\n|inactive|PokeBooBowl has 120 seconds left.\n|\n|t:|1781392734\n|move|p1a: Mismagius|Nasty Plot|p1a: Mismagius\n|-boost|p1a: Mismagius|spa|2\n|move|p2a: Dunsparce|Coil|p2a: Dunsparce\n|-boost|p2a: Dunsparce|atk|1\n|-boost|p2a: Dunsparce|def|1\n|-boost|p2a: Dunsparce|accuracy|1\n|\n|upkeep\n|turn|6\n|l|\u2606italksmackinchat\n|inactive|italksmackinchat disconnected and has a minute to reconnect!\n|player|p1|\n|j|\u2606italksmackinchat\n|inactive|italksmackinchat reconnected and has 150 seconds left.\n|player|p1|italksmackinchat|102|\n|\n|t:|1781392754\n|switch|p2a: Dondozo|Dondozo, L78, F|362/362\n|-terastallize|p1a: Mismagius|Fighting\n|move|p1a: Mismagius|Tera Blast|p2a: Dondozo|[anim] Tera Blast Fighting\n|-damage|p2a: Dondozo|241/362\n|\n|-heal|p2a: Dondozo|263/362|[from] item: Leftovers\n|upkeep\n|turn|7\n|\n|t:|1781392766\n|switch|p1a: Froslass|Froslass, L87, F|263/263\n|move|p2a: Dondozo|Wave Crash|p1a: Froslass\n|-damage|p1a: Froslass|139/263\n|-start|p2a: Dondozo|Disable|Wave Crash|[from] ability: Cursed Body|[of] p1a: Froslass\n|-damage|p2a: Dondozo|222/362|[from] Recoil\n|\n|-heal|p2a: Dondozo|244/362|[from] item: Leftovers\n|upkeep\n|turn|8\n|\n|t:|1781392773\n|switch|p2a: Dunsparce|Dunsparce, L86, M|312/312\n|move|p1a: Froslass|Will-O-Wisp|p2a: Dunsparce\n|-status|p2a: Dunsparce|brn\n|\n|-damage|p2a: Dunsparce|293/312 brn|[from] brn\n|upkeep\n|turn|9\n|\n|t:|1781392795\n|switch|p1a: Garganacl|Garganacl, L80, M|291/291\n|move|p2a: Dunsparce|Earthquake|p1a: Garganacl\n|-supereffective|p1a: Garganacl\n|-damage|p1a: Garganacl|245/291\n|\n|-heal|p1a: Garganacl|263/291|[from] item: Leftovers\n|-damage|p2a: Dunsparce|274/312 brn|[from] brn\n|upkeep\n|turn|10\n|\n|t:|1781392802\n|switch|p2a: Venusaur|Venusaur, L84, M|272/272\n|move|p1a: Garganacl|Salt Cure|p2a: Venusaur\n|-damage|p2a: Venusaur|229/272\n|-start|p2a: Venusaur|Salt Cure\n|\n|-heal|p2a: Venusaur|246/272|[from] item: Leftovers\n|-heal|p1a: Garganacl|281/291|[from] item: Leftovers\n|-damage|p2a: Venusaur|212/272|[from] Salt Cure\n|upkeep\n|turn|11\n|\n|t:|1781392815\n|move|p1a: Garganacl|Protect|p1a: Garganacl\n|-singleturn|p1a: Garganacl|Protect\n|move|p2a: Venusaur|Knock Off|p1a: Garganacl\n|-activate|p1a: Garganacl|move: Protect\n|\n|-heal|p2a: Venusaur|229/272|[from] item: Leftovers\n|-heal|p1a: Garganacl|291/291|[from] item: Leftovers\n|-damage|p2a: Venusaur|195/272|[from] Salt Cure\n|upkeep\n|turn|12\n|\n|t:|1781392844\n|move|p2a: Venusaur|Synthesis|p2a: Venusaur\n|-heal|p2a: Venusaur|272/272\n|move|p1a: Garganacl|Recover||[still]\n|-fail|p1a: Garganacl|heal\n|\n|-damage|p2a: Venusaur|238/272|[from] Salt Cure\n|upkeep\n|turn|13\n|\n|t:|1781392856\n|switch|p2a: Dondozo|Dondozo, L78, F|244/362\n|move|p1a: Garganacl|Earthquake|p2a: Dondozo\n|-crit|p2a: Dondozo\n|-damage|p2a: Dondozo|161/362\n|\n|-heal|p2a: Dondozo|183/362|[from] item: Leftovers\n|upkeep\n|turn|14\n|\n|t:|1781392870\n|move|p1a: Garganacl|Salt Cure|p2a: Dondozo\n|-damage|p2a: Dondozo|149/362\n|-start|p2a: Dondozo|Salt Cure\n|move|p2a: Dondozo|Rest|p2a: Dondozo\n|-status|p2a: Dondozo|slp|[from] move: Rest\n|-heal|p2a: Dondozo|362/362 slp|[silent]\n|\n|-damage|p2a: Dondozo|272/362 slp|[from] Salt Cure\n|upkeep\n|turn|15\n|inactive|italksmackinchat has 120 seconds left.\n|\n|t:|1781392896\n|switch|p2a: Venusaur|Venusaur, L84, M|238/272\n|move|p1a: Garganacl|Earthquake|p2a: Venusaur\n|-damage|p2a: Venusaur|173/272\n|\n|-heal|p2a: Venusaur|190/272|[from] item: Leftovers\n|upkeep\n|turn|16\n|\n|t:|1781392904\n|switch|p1a: Duraludon|Duraludon, L82, M|249/249\n|move|p2a: Venusaur|Earth Power|p1a: Duraludon\n|-supereffective|p1a: Duraludon\n|-damage|p1a: Duraludon|119/249\n|\n|-heal|p2a: Venusaur|207/272|[from] item: Leftovers\n|upkeep\n|turn|17\n|inactive|italksmackinchat has 120 seconds left.\n|\n|t:|1781392934\n|move|p1a: Duraludon|Draco Meteor|p2a: Venusaur\n|-damage|p2a: Venusaur|56/272\n|-unboost|p1a: Duraludon|spa|2\n|move|p2a: Venusaur|Knock Off|p1a: Duraludon\n|-damage|p1a: Duraludon|86/249\n|-enditem|p1a: Duraludon|Eviolite|[from] move: Knock Off|[of] p2a: Venusaur\n|\n|-heal|p2a: Venusaur|73/272|[from] item: Leftovers\n|upkeep\n|turn|18\n|\n|t:|1781392943\n|move|p1a: Duraludon|Draco Meteor|p2a: Venusaur\n|-damage|p2a: Venusaur|7/272\n|-unboost|p1a: Duraludon|spa|2\n|move|p2a: Venusaur|Synthesis|p2a: Venusaur\n|-heal|p2a: Venusaur|143/272\n|\n|-heal|p2a: Venusaur|160/272|[from] item: Leftovers\n|upkeep\n|turn|19\n|\n|t:|1781392954\n|switch|p1a: Froslass|Froslass, L87, F|139/263\n|move|p2a: Venusaur|Synthesis|p2a: Venusaur\n|-heal|p2a: Venusaur|272/272\n|\n|upkeep\n|turn|20\n|\n|t:|1781392964\n|-terastallize|p2a: Venusaur|Dark\n|move|p1a: Froslass|Triple Axel|p2a: Venusaur\n|-damage|p2a: Venusaur|250/272\n|-damage|p2a: Venusaur|207/272\n|-damage|p2a: Venusaur|146/272\n|-hitcount|p2a: Venusaur|3\n|move|p2a: Venusaur|Knock Off|p1a: Froslass\n|-supereffective|p1a: Froslass\n|-damage|p1a: Froslass|0 fnt\n|-start|p2a: Venusaur|Disable|Knock Off|[from] ability: Cursed Body|[of] p1a: Froslass\n|-enditem|p1a: Froslass|Wide Lens|[from] move: Knock Off|[of] p2a: Venusaur\n|faint|p1a: Froslass\n|\n|-heal|p2a: Venusaur|163/272|[from] item: Leftovers\n|upkeep\n|\n|t:|1781392979\n|switch|p1a: Flygon|Flygon, L82, F|265/265\n|turn|21\n|\n|t:|1781392987\n|switch|p2a: Dondozo|Dondozo, L78, F|272/362 slp\n|move|p1a: Flygon|U-turn|p2a: Dondozo\n|-damage|p2a: Dondozo|229/362 slp\n|\n|t:|1781392993\n|switch|p1a: Garganacl|Garganacl, L80, M|291/291|[from] U-turn\n|\n|-heal|p2a: Dondozo|251/362 slp|[from] item: Leftovers\n|upkeep\n|turn|22\n|\n|t:|1781392997\n|move|p1a: Garganacl|Salt Cure|p2a: Dondozo\n|-damage|p2a: Dondozo|212/362 slp\n|-start|p2a: Dondozo|Salt Cure\n|cant|p2a: Dondozo|slp\n|move|p2a: Dondozo|Sleep Talk|p2a: Dondozo\n|move|p2a: Dondozo|Wave Crash|p1a: Garganacl|[from] move: Sleep Talk\n|-supereffective|p1a: Garganacl\n|-damage|p1a: Garganacl|117/291\n|-damage|p2a: Dondozo|155/362 slp|[from] Recoil\n|\n|-heal|p1a: Garganacl|135/291|[from] item: Leftovers\n|-heal|p2a: Dondozo|177/362 slp|[from] item: Leftovers\n|-damage|p2a: Dondozo|87/362 slp|[from] Salt Cure\n|upkeep\n|turn|23\n|\n|t:|1781393009\n|switch|p2a: Dunsparce|Dunsparce, L86, M|274/312 brn\n|move|p1a: Garganacl|Earthquake|p2a: Dunsparce\n|-damage|p2a: Dunsparce|225/312 brn\n|\n|-heal|p1a: Garganacl|153/291|[from] item: Leftovers\n|-damage|p2a: Dunsparce|206/312 brn|[from] brn\n|upkeep\n|turn|24\n|\n|t:|1781393016\n|move|p2a: Dunsparce|Coil|p2a: Dunsparce\n|-boost|p2a: Dunsparce|atk|1\n|-boost|p2a: Dunsparce|def|1\n|-boost|p2a: Dunsparce|accuracy|1\n|move|p1a: Garganacl|Recover|p1a: Garganacl\n|-heal|p1a: Garganacl|291/291\n|\n|-damage|p2a: Dunsparce|187/312 brn|[from] brn\n|upkeep\n|turn|25\n|\n|t:|1781393020\n|move|p2a: Dunsparce|Roost|p2a: Dunsparce\n|-heal|p2a: Dunsparce|312/312 brn\n|-singleturn|p2a: Dunsparce|move: Roost\n|move|p1a: Garganacl|Salt Cure|p2a: Dunsparce\n|-damage|p2a: Dunsparce|291/312 brn\n|-start|p2a: Dunsparce|Salt Cure\n|\n|-damage|p2a: Dunsparce|272/312 brn|[from] brn\n|-damage|p2a: Dunsparce|233/312 brn|[from] Salt Cure\n|upkeep\n|turn|26\n|\n|t:|1781393029\n|switch|p2a: Espeon|Espeon, L84, M|246/246\n|switch|p1a: Mismagius|Mismagius, L86, F, tera:Fighting|243/243\n|\n|upkeep\n|turn|27\n|\n|t:|1781393039\n|move|p2a: Espeon|Psychic|p1a: Mismagius\n|-supereffective|p1a: Mismagius\n|-damage|p1a: Mismagius|0 fnt\n|faint|p1a: Mismagius\n|\n|upkeep\n|\n|t:|1781393047\n|switch|p1a: Flygon|Flygon, L82, F|265/265\n|turn|28\n|\n|t:|1781393051\n|switch|p2a: Dunsparce|Dunsparce, L86, M|233/312 brn\n|move|p1a: Flygon|U-turn|p2a: Dunsparce\n|-damage|p2a: Dunsparce|192/312 brn\n|\n|t:|1781393055\n|switch|p1a: Garganacl|Garganacl, L80, M|291/291|[from] U-turn\n|\n|-damage|p2a: Dunsparce|173/312 brn|[from] brn\n|upkeep\n|turn|29\n|\n|t:|1781393060\n|move|p2a: Dunsparce|Roost|p2a: Dunsparce\n|-heal|p2a: Dunsparce|312/312 brn\n|-singleturn|p2a: Dunsparce|move: Roost\n|move|p1a: Garganacl|Salt Cure|p2a: Dunsparce\n|-damage|p2a: Dunsparce|281/312 brn\n|-start|p2a: Dunsparce|Salt Cure\n|\n|-damage|p2a: Dunsparce|262/312 brn|[from] brn\n|-damage|p2a: Dunsparce|223/312 brn|[from] Salt Cure\n|upkeep\n|turn|30\n|-message|italksmackinchat forfeited.\n|\n|win|PokeBooBowl\n|raw|italksmackinchat's rating: 1376 &rarr; <strong>1353</strong><br />(-23 for losing)\n|raw|PokeBooBowl's rating: 1320 &rarr; <strong>1343</strong><br />(+23 for winning)\n|l|\u2606italksmackinchat\n|player|p1|\n", "inputlog": ">version a8376a258c1d4662feba110a92103f3664a72141\n>start {\"formatid\":\"gen9randombattle\",\"seed\":\"sodium,479fca96bcf25a812f588f2ab8b064ad\",\"rated\":\"Rated battle\"}\n>player p1 {\"name\":\"italksmackinchat\",\"avatar\":\"102\",\"rating\":1376,\"seed\":\"sodium,1b9efa90f7daf4aacd64750399ee8c39\"}\n>player p2 {\"name\":\"PokeBooBowl\",\"avatar\":\"idol\",\"rating\":1320,\"seed\":\"sodium,bed6d693f3ca71552bc88c8cbc5ab88a\"}\n>p1 switch 4\n>p2 move swordsdance\n>p1 move wildcharge\n>p2 move liquidation\n>p1 move drainpunch\n>p2 move liquidation\n>p1 switch 6\n>p1 move shadowball\n>p2 move knockoff\n>p2 switch 4\n>p1 move nastyplot\n>p2 move coil\n>p1 move terablast terastallize\n>p2 switch 5\n>p1 switch 3\n>p2 move wavecrash\n>p1 move willowisp\n>p2 switch 5\n>p1 switch 4\n>p2 move earthquake\n>p1 move saltcure\n>p2 switch 2\n>p1 move protect\n>p2 move knockoff\n>p1 move recover\n>p2 move synthesis\n>p1 move earthquake\n>p2 switch 5\n>p1 move saltcure\n>p2 move rest\n>p1 move earthquake\n>p2 switch 5\n>p1 switch 5\n>p2 move earthpower\n>p1 move dracometeor\n>p2 move knockoff\n>p1 move dracometeor\n>p2 move synthesis\n>p1 switch 4\n>p2 move synthesis\n>p1 move tripleaxel\n>p2 move knockoff terastallize\n>p1 switch 2\n>p1 move uturn\n>p2 switch 5\n>p1 switch 5\n>p1 move saltcure\n>p2 move sleeptalk\n>p1 move earthquake\n>p2 switch 2\n>p1 move recover\n>p2 move coil\n>p1 move saltcure\n>p2 move roost\n>p1 switch 3\n>p2 switch 6\n>p1 move shadowball\n>p2 move psychic\n>p1 switch 5\n>p1 move uturn\n>p2 switch 6\n>p1 switch 3\n>p1 move saltcure\n>p2 move roost\n>forcelose p1", "uploadtime": 1781393069, "views": 4, "formatid": "gen9randombattle", "rating": 1343, "private": 0, "password": null}