{"id": "gen9randombattle-2631379078", "format": "[Gen 9] Random Battle", "players": ["franzy613", "enaser17"], "log": "|j|\u2606franzy613\n|j|\u2606enaser17\n|t:|1781377678\n|gametype|singles\n|player|p1|franzy613|flannery|1990\n|player|p2|enaser17|skyla|1985\n|gen|9\n|tier|[Gen 9] Random Battle\n|rated|\n|rule|Species Clause: Limit one of each Pok\u00e9mon\n|rule|HP Percentage Mod: HP is shown in percentages\n|rule|Sleep Clause Mod: Limit one foe put to sleep\n|rule|Illusion Level Mod: Illusion disguises the Pok\u00e9mon's true level\n|\n|t:|1781377678\n|teamsize|p1|6\n|teamsize|p2|6\n|start\n|switch|p1a: Registeel|Registeel, L81|262/262\n|switch|p2a: Piloswine|Piloswine, L85, M|309/309\n|turn|1\n|inactive|Battle timer is ON: inactive players will automatically lose when time's up. (requested by franzy613)\n|inactive|franzy613 has 120 seconds left.\n|\n|t:|1781377729\n|switch|p1a: Quagsire|Quagsire, L84, F|297/297\n|move|p2a: Piloswine|Stealth Rock|p1a: Quagsire\n|-sidestart|p1: franzy613|move: Stealth Rock\n|\n|upkeep\n|turn|2\n|\n|t:|1781377751\n|switch|p2a: Slowking|Slowking-Galar, L85, M|300/300\n|move|p1a: Quagsire|Toxic|p2a: Slowking|[miss]\n|-miss|p1a: Quagsire|p2a: Slowking\n|\n|upkeep\n|turn|3\n|\n|t:|1781377754\n|switch|p2a: Meowscarada|Meowscarada, L78, F|247/247\n|move|p1a: Quagsire|Earthquake|p2a: Meowscarada\n|-resisted|p2a: Meowscarada\n|-damage|p2a: Meowscarada|190/247\n|\n|upkeep\n|turn|4\n|\n|t:|1781377782\n|switch|p1a: Registeel|Registeel, L81|262/262\n|-damage|p1a: Registeel|246/262|[from] Stealth Rock\n|move|p2a: Meowscarada|Toxic Spikes|p1a: Registeel\n|-start|p2a: Meowscarada|typechange|Poison|[from] ability: Protean\n|-sidestart|p1: franzy613|move: Toxic Spikes\n|\n|upkeep\n|turn|5\n|\n|t:|1781377793\n|move|p2a: Meowscarada|U-turn|p1a: Registeel\n|-resisted|p1a: Registeel\n|-damage|p1a: Registeel|230/262\n|\n|t:|1781377795\n|switch|p2a: Salazzle|Salazzle, L83, F|249/249|[from] U-turn\n|move|p1a: Registeel|Iron Defense|p1a: Registeel\n|-boost|p1a: Registeel|def|2\n|\n|upkeep\n|turn|6\n|\n|t:|1781377815\n|-terastallize|p1a: Registeel|Fighting\n|move|p2a: Salazzle|Substitute|p2a: Salazzle\n|-start|p2a: Salazzle|Substitute\n|-damage|p2a: Salazzle|187/249\n|move|p1a: Registeel|Iron Defense|p1a: Registeel\n|-boost|p1a: Registeel|def|2\n|\n|-heal|p2a: Salazzle|202/249|[from] item: Leftovers\n|upkeep\n|turn|7\n|\n|t:|1781377827\n|move|p2a: Salazzle|Toxic|p1a: Registeel\n|-status|p1a: Registeel|tox\n|move|p1a: Registeel|Body Press|p2a: Salazzle\n|-resisted|p2a: Salazzle\n|-end|p2a: Salazzle|Substitute\n|\n|-heal|p2a: Salazzle|217/249|[from] item: Leftovers\n|-damage|p1a: Registeel|214/262 tox|[from] psn\n|upkeep\n|turn|8\n|\n|t:|1781377836\n|move|p2a: Salazzle|Protect|p2a: Salazzle\n|-singleturn|p2a: Salazzle|Protect\n|move|p1a: Registeel|Body Press|p2a: Salazzle\n|-activate|p2a: Salazzle|move: Protect\n|\n|-heal|p2a: Salazzle|232/249|[from] item: Leftovers\n|-damage|p1a: Registeel|182/262 tox|[from] psn\n|upkeep\n|turn|9\n|c|\u2606franzy613|look man\n|\n|t:|1781377843\n|move|p2a: Salazzle|Substitute|p2a: Salazzle\n|-start|p2a: Salazzle|Substitute\n|-damage|p2a: Salazzle|170/249\n|move|p1a: Registeel|Body Press|p2a: Salazzle\n|-resisted|p2a: Salazzle\n|-end|p2a: Salazzle|Substitute\n|\n|-heal|p2a: Salazzle|185/249|[from] item: Leftovers\n|-damage|p1a: Registeel|134/262 tox|[from] psn\n|upkeep\n|turn|10\n|\n|t:|1781377847\n|move|p2a: Salazzle|Protect|p2a: Salazzle\n|-singleturn|p2a: Salazzle|Protect\n|move|p1a: Registeel|Rest|p1a: Registeel\n|-status|p1a: Registeel|slp|[from] move: Rest\n|-heal|p1a: Registeel|262/262 slp|[silent]\n|-enditem|p1a: Registeel|Chesto Berry|[eat]\n|-curestatus|p1a: Registeel|slp|[msg]\n|\n|-heal|p2a: Salazzle|200/249|[from] item: Leftovers\n|upkeep\n|turn|11\n|\n|t:|1781377857\n|move|p2a: Salazzle|Toxic|p1a: Registeel\n|-status|p1a: Registeel|tox\n|move|p1a: Registeel|Iron Defense|p1a: Registeel\n|-boost|p1a: Registeel|def|2\n|\n|-heal|p2a: Salazzle|215/249|[from] item: Leftovers\n|-damage|p1a: Registeel|246/262 tox|[from] psn\n|upkeep\n|turn|12\n|\n|t:|1781377861\n|move|p2a: Salazzle|Substitute|p2a: Salazzle\n|-start|p2a: Salazzle|Substitute\n|-damage|p2a: Salazzle|153/249\n|move|p1a: Registeel|Iron Head|p2a: Salazzle\n|-resisted|p2a: Salazzle\n|-crit|p2a: Salazzle\n|-end|p2a: Salazzle|Substitute\n|\n|-heal|p2a: Salazzle|168/249|[from] item: Leftovers\n|-damage|p1a: Registeel|214/262 tox|[from] psn\n|upkeep\n|turn|13\n|\n|t:|1781377864\n|move|p2a: Salazzle|Protect|p2a: Salazzle\n|-singleturn|p2a: Salazzle|Protect\n|move|p1a: Registeel|Body Press|p2a: Salazzle\n|-activate|p2a: Salazzle|move: Protect\n|\n|-heal|p2a: Salazzle|183/249|[from] item: Leftovers\n|-damage|p1a: Registeel|166/262 tox|[from] psn\n|upkeep\n|turn|14\n|\n|t:|1781377873\n|move|p2a: Salazzle|Substitute|p2a: Salazzle\n|-start|p2a: Salazzle|Substitute\n|-damage|p2a: Salazzle|121/249\n|move|p1a: Registeel|Rest|p1a: Registeel\n|-status|p1a: Registeel|slp|[from] move: Rest\n|-heal|p1a: Registeel|262/262 slp|[silent]\n|\n|-heal|p2a: Salazzle|136/249|[from] item: Leftovers\n|upkeep\n|turn|15\n|\n|t:|1781377876\n|switch|p2a: Piloswine|Piloswine, L85, M|309/309\n|cant|p1a: Registeel|slp\n|\n|upkeep\n|turn|16\n|\n|t:|1781377882\n|cant|p1a: Registeel|slp\n|move|p2a: Piloswine|Roar|p1a: Registeel\n|drag|p1a: Comfey|Comfey, L85, M|225/225\n|-damage|p1a: Comfey|197/225|[from] Stealth Rock\n|-status|p1a: Comfey|psn\n|\n|-heal|p1a: Comfey|211/225 psn|[from] item: Leftovers\n|-damage|p1a: Comfey|183/225 psn|[from] psn\n|upkeep\n|turn|17\n|\n|t:|1781377894\n|move|p1a: Comfey|Draining Kiss|p2a: Piloswine\n|-damage|p2a: Piloswine|270/309\n|-heal|p1a: Comfey|212/225 psn|[from] drain|[of] p2a: Piloswine\n|move|p2a: Piloswine|Earthquake|p1a: Comfey\n|-damage|p1a: Comfey|110/225 psn\n|\n|-heal|p1a: Comfey|124/225 psn|[from] item: Leftovers\n|-damage|p1a: Comfey|96/225 psn|[from] psn\n|upkeep\n|turn|18\n|\n|t:|1781377897\n|move|p1a: Comfey|Synthesis|p1a: Comfey\n|-heal|p1a: Comfey|208/225 psn\n|move|p2a: Piloswine|Earthquake|p1a: Comfey\n|-damage|p1a: Comfey|94/225 psn\n|\n|-heal|p1a: Comfey|108/225 psn|[from] item: Leftovers\n|-damage|p1a: Comfey|80/225 psn|[from] psn\n|upkeep\n|turn|19\n|\n|t:|1781377901\n|switch|p1a: Ludicolo|Ludicolo, L90, F|290/290\n|-damage|p1a: Ludicolo|254/290|[from] Stealth Rock\n|-status|p1a: Ludicolo|psn\n|move|p2a: Piloswine|Earthquake|p1a: Ludicolo\n|-resisted|p1a: Ludicolo\n|-damage|p1a: Ludicolo|190/290 psn\n|\n|-damage|p1a: Ludicolo|154/290 psn|[from] psn\n|upkeep\n|turn|20\n|\n|t:|1781377907\n|switch|p2a: Slowking|Slowking-Galar, L85, M|300/300\n|move|p1a: Ludicolo|Rain Dance|p1a: Ludicolo\n|-weather|RainDance\n|\n|-weather|RainDance|[upkeep]\n|-damage|p1a: Ludicolo|118/290 psn|[from] psn\n|upkeep\n|turn|21\n|\n|t:|1781377913\n|move|p1a: Ludicolo|Hydro Pump|p2a: Slowking\n|-damage|p2a: Slowking|93/300\n|-damage|p1a: Ludicolo|89/290 psn|[from] item: Life Orb\n|move|p2a: Slowking|Sludge Bomb|p1a: Ludicolo\n|-supereffective|p1a: Ludicolo\n|-damage|p1a: Ludicolo|0 fnt\n|faint|p1a: Ludicolo\n|\n|-weather|RainDance|[upkeep]\n|-heal|p2a: Slowking|111/300|[from] item: Leftovers\n|upkeep\n|\n|t:|1781377920\n|switch|p1a: Hydreigon|Hydreigon, L79, F|275/275\n|-damage|p1a: Hydreigon|241/275|[from] Stealth Rock\n|turn|22\n|\n|t:|1781377924\n|switch|p2a: Meowscarada|Meowscarada, L78, F|190/247\n|move|p1a: Hydreigon|Dark Pulse|p2a: Meowscarada\n|-resisted|p2a: Meowscarada\n|-damage|p2a: Meowscarada|111/247\n|-damage|p1a: Hydreigon|214/275|[from] item: Life Orb\n|\n|-weather|RainDance|[upkeep]\n|upkeep\n|turn|23\n|\n|t:|1781377928\n|switch|p1a: Registeel|Registeel, L81, tera:Fighting|262/262 slp\n|-damage|p1a: Registeel|246/262 slp|[from] Stealth Rock\n|move|p2a: Meowscarada|Toxic Spikes|p1a: Registeel\n|-start|p2a: Meowscarada|typechange|Poison|[from] ability: Protean\n|-sidestart|p1: franzy613|move: Toxic Spikes\n|\n|-weather|RainDance|[upkeep]\n|upkeep\n|turn|24\n|\n|t:|1781377938\n|move|p2a: Meowscarada|U-turn|p1a: Registeel\n|-resisted|p1a: Registeel\n|-damage|p1a: Registeel|231/262 slp\n|\n|t:|1781377940\n|switch|p2a: Piloswine|Piloswine, L85, M|270/309|[from] U-turn\n|-curestatus|p1a: Registeel|slp|[msg]\n|move|p1a: Registeel|Iron Defense|p1a: Registeel\n|-boost|p1a: Registeel|def|2\n|\n|-weather|none\n|upkeep\n|turn|25\n|\n|t:|1781377950\n|move|p1a: Registeel|Body Press|p2a: Piloswine\n|-supereffective|p2a: Piloswine\n|-damage|p2a: Piloswine|0 fnt\n|faint|p2a: Piloswine\n|\n|upkeep\n|\n|t:|1781377951\n|switch|p2a: Salazzle|Salazzle, L83, F|136/249\n|turn|26\n|\n|t:|1781377955\n|move|p2a: Salazzle|Toxic|p1a: Registeel\n|-status|p1a: Registeel|tox\n|move|p1a: Registeel|Body Press|p2a: Salazzle\n|-resisted|p2a: Salazzle\n|-damage|p2a: Salazzle|0 fnt\n|faint|p2a: Salazzle\n|\n|-damage|p1a: Registeel|215/262 tox|[from] psn\n|upkeep\n|\n|t:|1781377958\n|switch|p2a: Slowking|Slowking-Galar, L85, M|211/300\n|turn|27\n|\n|t:|1781377984\n|switch|p1a: Comfey|Comfey, L85, M|80/225 psn\n|-damage|p1a: Comfey|52/225 psn|[from] Stealth Rock\n|move|p2a: Slowking|Sludge Bomb|p1a: Comfey\n|-supereffective|p1a: Comfey\n|-damage|p1a: Comfey|0 fnt\n|faint|p1a: Comfey\n|\n|-heal|p2a: Slowking|229/300|[from] item: Leftovers\n|upkeep\n|\n|t:|1781377987\n|switch|p1a: Quagsire|Quagsire, L84, F|297/297\n|-damage|p1a: Quagsire|279/297|[from] Stealth Rock\n|-status|p1a: Quagsire|tox\n|turn|28\n|\n|t:|1781377992\n|switch|p2a: Meowscarada|Meowscarada, L78, F|111/247\n|move|p1a: Quagsire|Ice Beam|p2a: Meowscarada\n|-supereffective|p2a: Meowscarada\n|-damage|p2a: Meowscarada|0 fnt\n|faint|p2a: Meowscarada\n|\n|-heal|p1a: Quagsire|297/297 tox|[from] item: Leftovers\n|-damage|p1a: Quagsire|279/297 tox|[from] psn\n|upkeep\n|\n|t:|1781377998\n|switch|p2a: Gumshoos|Gumshoos, L95, M|321/321\n|turn|29\n|\n|t:|1781378011\n|move|p2a: Gumshoos|Double-Edge|p1a: Quagsire\n|-crit|p1a: Quagsire\n|-damage|p1a: Quagsire|0 fnt\n|faint|p1a: Quagsire\n|-damage|p2a: Gumshoos|229/321|[from] Recoil\n|\n|upkeep\n|\n|t:|1781378022\n|switch|p1a: Hydreigon|Hydreigon, L79, F|214/275\n|-damage|p1a: Hydreigon|180/275|[from] Stealth Rock\n|turn|30\n|\n|t:|1781378028\n|move|p1a: Hydreigon|Draco Meteor|p2a: Gumshoos\n|-damage|p2a: Gumshoos|15/321\n|-unboost|p1a: Hydreigon|spa|2\n|-damage|p1a: Hydreigon|153/275|[from] item: Life Orb\n|move|p2a: Gumshoos|Double-Edge|p1a: Hydreigon\n|-damage|p1a: Hydreigon|0 fnt\n|faint|p1a: Hydreigon\n|-damage|p2a: Gumshoos|0 fnt|[from] Recoil\n|faint|p2a: Gumshoos\n|\n|upkeep\n|\n|t:|1781378035\n|switch|p1a: Electivire|Electivire, L84, M|263/263\n|switch|p2a: Slowking|Slowking-Galar, L85, M|300/300\n|-damage|p1a: Electivire|231/263|[from] Stealth Rock\n|-status|p1a: Electivire|tox\n|turn|31\n|\n|t:|1781378040\n|switch|p2a: Cresselia|Cresselia, L80, F|323/323\n|move|p1a: Electivire|Earthquake|p2a: Cresselia\n|-immune|p2a: Cresselia|[from] ability: Levitate\n|\n|-damage|p1a: Electivire|215/263 tox|[from] psn\n|upkeep\n|turn|32\n|\n|t:|1781378052\n|switch|p1a: Registeel|Registeel, L81, tera:Fighting|215/262 tox\n|-damage|p1a: Registeel|199/262 tox|[from] Stealth Rock\n|move|p2a: Cresselia|Moonlight|p2a: Cresselia\n|-fail|p2a: Cresselia|heal\n|\n|-damage|p1a: Registeel|183/262 tox|[from] psn\n|upkeep\n|turn|33\n|\n|t:|1781378064\n|move|p2a: Cresselia|Psyshock|p1a: Registeel\n|-supereffective|p1a: Registeel\n|-damage|p1a: Registeel|97/262 tox\n|move|p1a: Registeel|Iron Defense|p1a: Registeel\n|-boost|p1a: Registeel|def|2\n|\n|-damage|p1a: Registeel|65/262 tox|[from] psn\n|upkeep\n|turn|34\n|\n|t:|1781378067\n|move|p2a: Cresselia|Moonblast|p1a: Registeel\n|-supereffective|p1a: Registeel\n|-damage|p1a: Registeel|0 fnt\n|faint|p1a: Registeel\n|\n|upkeep\n|-message|franzy613 forfeited.\n|\n|win|enaser17\n", "uploadtime": 1781377679, "views": 6, "formatid": "gen9randombattle", "rating": null, "private": 0, "password": null}