{"id": "gen9randombattle-2631447708", "format": "[Gen 9] Random Battle", "players": ["BafoDePiranha", "iseeY0shi"], "log": "|j|\u2606BafoDePiranha\n|j|\u2606iseeY0shi\n|t:|1781385829\n|gametype|singles\n|player|p1|BafoDePiranha|karen|2118\n|player|p2|iseeY0shi|2|2078\n|gen|9\n|tier|[Gen 9] Random Battle\n|rated|\n|rule|Species Clause: Limit one of each Pok\u00e9mon\n|rule|HP Percentage Mod: HP is shown in percentages\n|rule|Sleep Clause Mod: Limit one foe put to sleep\n|rule|Illusion Level Mod: Illusion disguises the Pok\u00e9mon's true level\n|\n|t:|1781385829\n|teamsize|p1|6\n|teamsize|p2|6\n|start\n|switch|p1a: Mamoswine|Mamoswine, L81, M|311/311\n|switch|p2a: Houndoom|Houndoom, L87, F|272/272\n|turn|1\n|inactive|Battle timer is ON: inactive players will automatically lose when time's up. (requested by iseeY0shi)\n|l|\u2606BafoDePiranha\n|inactive|BafoDePiranha disconnected and has a minute to reconnect!\n|player|p1|\n|j|\u2606BafoDePiranha\n|inactive|BafoDePiranha reconnected and has 145 seconds left.\n|player|p1|BafoDePiranha|karen|\n|\n|t:|1781385852\n|switch|p2a: Mismagius|Mismagius, L86, F|243/243\n|move|p1a: Mamoswine|Earthquake|p2a: Mismagius\n|-immune|p2a: Mismagius|[from] ability: Levitate\n|\n|upkeep\n|turn|2\n|\n|t:|1781385856\n|move|p2a: Mismagius|Nasty Plot|p2a: Mismagius\n|-boost|p2a: Mismagius|spa|2\n|move|p1a: Mamoswine|Icicle Crash|p2a: Mismagius\n|-crit|p2a: Mismagius\n|-damage|p2a: Mismagius|0 fnt\n|faint|p2a: Mismagius\n|-damage|p1a: Mamoswine|280/311|[from] item: Life Orb\n|\n|upkeep\n|\n|t:|1781385873\n|switch|p2a: Dialga|Dialga, L73|266/266\n|-ability|p2a: Dialga|Pressure\n|turn|3\n|\n|t:|1781385880\n|-terastallize|p2a: Dialga|Dragon\n|move|p1a: Mamoswine|Earthquake|p2a: Dialga\n|-damage|p2a: Dialga|130/266\n|-damage|p1a: Mamoswine|249/311|[from] item: Life Orb\n|move|p2a: Dialga|Draco Meteor|p1a: Mamoswine\n|-damage|p1a: Mamoswine|0 fnt\n|-unboost|p2a: Dialga|spa|2\n|faint|p1a: Mamoswine\n|\n|upkeep\n|\n|t:|1781385902\n|switch|p1a: Dodrio|Dodrio, L85, M|241/241\n|turn|4\n|\n|t:|1781385907\n|switch|p2a: Toxapex|Toxapex, L82, M|216/216\n|move|p1a: Dodrio|Brave Bird|p2a: Toxapex\n|-damage|p2a: Toxapex|77/216\n|-damage|p1a: Dodrio|195/241|[from] Recoil\n|\n|-heal|p2a: Toxapex|90/216|[from] item: Leftovers\n|upkeep\n|turn|5\n|\n|t:|1781385915\n|switch|p2a: Dialga|Dialga, L73, tera:Dragon|130/266\n|-ability|p2a: Dialga|Pressure\n|move|p1a: Dodrio|Brave Bird|p2a: Dialga\n|-damage|p2a: Dialga|0 fnt\n|faint|p2a: Dialga\n|-damage|p1a: Dodrio|152/241|[from] Recoil\n|\n|upkeep\n|\n|t:|1781385925\n|switch|p2a: Toxapex|Toxapex, L82, M|162/216\n|turn|6\n|\n|t:|1781385935\n|move|p1a: Dodrio|Brave Bird|p2a: Toxapex\n|-damage|p2a: Toxapex|26/216\n|-damage|p1a: Dodrio|107/241|[from] Recoil\n|move|p2a: Toxapex|Recover|p2a: Toxapex\n|-heal|p2a: Toxapex|134/216\n|\n|-heal|p2a: Toxapex|147/216|[from] item: Leftovers\n|upkeep\n|turn|7\n|\n|t:|1781385940\n|switch|p1a: Orthworm|Orthworm, L88, F|266/266\n|move|p2a: Toxapex|Liquidation|p1a: Orthworm\n|-damage|p1a: Orthworm|226/266\n|\n|-heal|p2a: Toxapex|160/216|[from] item: Leftovers\n|upkeep\n|turn|8\n|\n|t:|1781385943\n|switch|p2a: Scovillain|Scovillain, L91, F|266/266\n|move|p1a: Orthworm|Coil|p1a: Orthworm\n|-boost|p1a: Orthworm|atk|1\n|-boost|p1a: Orthworm|def|1\n|-boost|p1a: Orthworm|accuracy|1\n|\n|upkeep\n|turn|9\n|\n|t:|1781385948\n|switch|p1a: Wugtrio|Wugtrio, L91, F|212/212\n|move|p2a: Scovillain|Flamethrower|p1a: Wugtrio\n|-resisted|p1a: Wugtrio\n|-damage|p1a: Wugtrio|150/212\n|\n|upkeep\n|turn|10\n|\n|t:|1781385951\n|move|p2a: Scovillain|Protect|p2a: Scovillain\n|-singleturn|p2a: Scovillain|Protect\n|move|p1a: Wugtrio|Liquidation|p2a: Scovillain\n|-activate|p2a: Scovillain|move: Protect\n|\n|upkeep\n|turn|11\n|\n|t:|1781385955\n|switch|p1a: Delphox|Delphox, L84, F|263/263\n|switch|p2a: Toxapex|Toxapex, L82, M|216/216\n|\n|upkeep\n|turn|12\n|\n|t:|1781385964\n|move|p1a: Delphox|Psyshock|p2a: Toxapex\n|-supereffective|p2a: Toxapex\n|-damage|p2a: Toxapex|100/216\n|move|p2a: Toxapex|Toxic|p1a: Delphox\n|-status|p1a: Delphox|tox\n|\n|-heal|p2a: Toxapex|113/216|[from] item: Leftovers\n|-damage|p1a: Delphox|247/263 tox|[from] psn\n|upkeep\n|turn|13\n|\n|t:|1781385969\n|switch|p1a: Dodrio|Dodrio, L85, M|107/241\n|switch|p2a: Houndoom|Houndoom, L87, F|272/272\n|\n|upkeep\n|turn|14\n|\n|t:|1781385974\n|move|p1a: Dodrio|Brave Bird|p2a: Houndoom\n|-damage|p2a: Houndoom|0 fnt\n|faint|p2a: Houndoom\n|-damage|p1a: Dodrio|17/241|[from] Recoil\n|\n|upkeep\n|\n|t:|1781385976\n|switch|p2a: Toxapex|Toxapex, L82, M|185/216\n|turn|15\n|\n|t:|1781385984\n|switch|p1a: Orthworm|Orthworm, L88, F|226/266\n|move|p2a: Toxapex|Liquidation|p1a: Orthworm\n|-damage|p1a: Orthworm|181/266\n|\n|-heal|p2a: Toxapex|198/216|[from] item: Leftovers\n|upkeep\n|turn|16\n|\n|t:|1781385989\n|switch|p1a: Dodrio|Dodrio, L85, M|17/241\n|move|p2a: Toxapex|Liquidation|p1a: Dodrio\n|-damage|p1a: Dodrio|0 fnt\n|faint|p1a: Dodrio\n|\n|-heal|p2a: Toxapex|211/216|[from] item: Leftovers\n|upkeep\n|\n|t:|1781385992\n|switch|p1a: Delphox|Delphox, L84, F|247/263 tox\n|turn|17\n|\n|t:|1781385995\n|switch|p2a: Hydreigon|Hydreigon, L79, M|275/275\n|move|p1a: Delphox|Nasty Plot|p1a: Delphox\n|-boost|p1a: Delphox|spa|2\n|\n|-damage|p1a: Delphox|231/263 tox|[from] psn\n|upkeep\n|turn|18\n|\n|t:|1781386010\n|switch|p1a: Wugtrio|Wugtrio, L91, F|150/212\n|move|p2a: Hydreigon|Dark Pulse|p1a: Wugtrio\n|-damage|p1a: Wugtrio|21/212\n|-damage|p2a: Hydreigon|248/275|[from] item: Life Orb\n|\n|upkeep\n|turn|19\n|\n|t:|1781386013\n|switch|p2a: Toxapex|Toxapex, L82, M|216/216\n|move|p1a: Wugtrio|Liquidation|p2a: Toxapex\n|-resisted|p2a: Toxapex\n|-damage|p2a: Toxapex|165/216\n|\n|-heal|p2a: Toxapex|178/216|[from] item: Leftovers\n|upkeep\n|turn|20\n|\n|t:|1781386017\n|move|p1a: Wugtrio|Liquidation|p2a: Toxapex\n|-resisted|p2a: Toxapex\n|-damage|p2a: Toxapex|128/216\n|move|p2a: Toxapex|Liquidation|p1a: Wugtrio\n|-resisted|p1a: Wugtrio\n|-damage|p1a: Wugtrio|0 fnt\n|-ability|p1a: Wugtrio|Gooey\n|-unboost|p2a: Toxapex|spe|1\n|faint|p1a: Wugtrio\n|\n|-heal|p2a: Toxapex|141/216|[from] item: Leftovers\n|upkeep\n|\n|t:|1781386020\n|switch|p1a: Sudowoodo|Sudowoodo, L94, F|284/284\n|turn|21\n|\n|t:|1781386029\n|move|p1a: Sudowoodo|Head Smash|p2a: Toxapex\n|-damage|p2a: Toxapex|0 fnt\n|faint|p2a: Toxapex\n|\n|upkeep\n|\n|t:|1781386035\n|switch|p2a: Scovillain|Scovillain, L91, F|266/266\n|turn|22\n|\n|t:|1781386038\n|move|p2a: Scovillain|Substitute|p2a: Scovillain\n|-start|p2a: Scovillain|Substitute\n|-damage|p2a: Scovillain|200/266\n|move|p1a: Sudowoodo|Head Smash|p2a: Scovillain|[miss]\n|-miss|p1a: Sudowoodo|p2a: Scovillain\n|\n|-heal|p2a: Scovillain|216/266|[from] item: Leftovers\n|upkeep\n|turn|23\n|\n|t:|1781386041\n|switch|p1a: Delphox|Delphox, L84, F|231/263 tox\n|move|p2a: Scovillain|Leech Seed|p1a: Delphox\n|-start|p1a: Delphox|move: Leech Seed\n|\n|-heal|p2a: Scovillain|232/266|[from] item: Leftovers\n|-damage|p1a: Delphox|199/263 tox|[from] Leech Seed|[of] p2a: Scovillain\n|-heal|p2a: Scovillain|264/266|[silent]\n|-damage|p1a: Delphox|183/263 tox|[from] psn\n|upkeep\n|turn|24\n|\n|t:|1781386046\n|move|p2a: Scovillain|Protect|p2a: Scovillain\n|-singleturn|p2a: Scovillain|Protect\n|move|p1a: Delphox|Psyshock|p2a: Scovillain\n|-activate|p2a: Scovillain|move: Protect\n|\n|-heal|p2a: Scovillain|266/266|[from] item: Leftovers\n|-damage|p1a: Delphox|151/263 tox|[from] Leech Seed|[of] p2a: Scovillain\n|-damage|p1a: Delphox|119/263 tox|[from] psn\n|upkeep\n|turn|25\n|\n|t:|1781386053\n|switch|p1a: Sudowoodo|Sudowoodo, L94, F|284/284\n|move|p2a: Scovillain|Flamethrower|p1a: Sudowoodo\n|-resisted|p1a: Sudowoodo\n|-damage|p1a: Sudowoodo|211/284\n|\n|upkeep\n|turn|26\n|\n|t:|1781386055\n|move|p2a: Scovillain|Protect|p2a: Scovillain\n|-singleturn|p2a: Scovillain|Protect\n|move|p1a: Sudowoodo|Earthquake|p2a: Scovillain\n|-activate|p2a: Scovillain|move: Protect\n|\n|upkeep\n|turn|27\n|\n|t:|1781386060\n|move|p2a: Scovillain|Leech Seed|p1a: Sudowoodo\n|-start|p1a: Sudowoodo|move: Leech Seed\n|move|p1a: Sudowoodo|Earthquake|p2a: Scovillain\n|-end|p2a: Scovillain|Substitute\n|\n|-damage|p1a: Sudowoodo|176/284|[from] Leech Seed|[of] p2a: Scovillain\n|upkeep\n|turn|28\n|\n|t:|1781386065\n|switch|p1a: Orthworm|Orthworm, L88, F|181/266\n|move|p2a: Scovillain|Substitute|p2a: Scovillain\n|-start|p2a: Scovillain|Substitute\n|-damage|p2a: Scovillain|200/266\n|\n|-heal|p2a: Scovillain|216/266|[from] item: Leftovers\n|upkeep\n|turn|29\n|\n|t:|1781386071\n|-terastallize|p1a: Orthworm|Fighting\n|move|p2a: Scovillain|Flamethrower|p1a: Orthworm\n|-damage|p1a: Orthworm|31/266\n|move|p1a: Orthworm|Body Press|p2a: Scovillain\n|-end|p2a: Scovillain|Substitute\n|\n|-heal|p2a: Scovillain|232/266|[from] item: Leftovers\n|upkeep\n|turn|30\n|\n|t:|1781386075\n|move|p2a: Scovillain|Flamethrower|p1a: Orthworm\n|-damage|p1a: Orthworm|0 fnt\n|faint|p1a: Orthworm\n|\n|-heal|p2a: Scovillain|248/266|[from] item: Leftovers\n|upkeep\n|\n|t:|1781386088\n|switch|p1a: Sudowoodo|Sudowoodo, L94, F|176/284\n|turn|31\n|\n|t:|1781386091\n|move|p2a: Scovillain|Protect|p2a: Scovillain\n|-singleturn|p2a: Scovillain|Protect\n|move|p1a: Sudowoodo|Earthquake|p2a: Scovillain\n|-activate|p2a: Scovillain|move: Protect\n|\n|-heal|p2a: Scovillain|264/266|[from] item: Leftovers\n|upkeep\n|turn|32\n|\n|t:|1781386095\n|switch|p2a: Hydreigon|Hydreigon, L79, M|248/275\n|switch|p1a: Delphox|Delphox, L84, F|119/263 tox\n|\n|-damage|p1a: Delphox|103/263 tox|[from] psn\n|upkeep\n|turn|33\n|-message|BafoDePiranha forfeited.\n|\n|win|iseeY0shi\n", "inputlog": ">version a8376a258c1d4662feba110a92103f3664a72141\n>start {\"formatid\":\"gen9randombattle\",\"seed\":\"sodium,eb071721d0e44e2c111352f9849a15c3\",\"rated\":\"Rated battle\"}\n>player p1 {\"name\":\"BafoDePiranha\",\"avatar\":\"karen\",\"rating\":2118,\"seed\":\"sodium,c5de81b318e769b6bfd813a4d21533c4\"}\n>player p2 {\"name\":\"iseeY0shi\",\"avatar\":\"2\",\"rating\":2078,\"seed\":\"sodium,eafadc5281be17d8222c580d0b1dc21e\"}\n>p1 move earthquake\n>p2 switch 4\n>p1 move iciclecrash\n>p2 move nastyplot\n>p2 switch 5\n>p1 move earthquake\n>p2 move dracometeor terastallize\n>p1 switch 6\n>p1 move bravebird\n>p2 switch 2\n>p1 move bravebird\n>p2 switch 2\n>p2 switch 2\n>p1 move bravebird\n>p2 move recover\n>p1 switch 2\n>p2 move liquidation\n>p1 move coil\n>p2 switch 3\n>p1 switch 5\n>p2 move flamethrower\n>p1 move liquidation\n>p2 move protect\n>p1 switch 4\n>p2 switch 3\n>p1 move psyshock\n>p2 move toxic\n>p1 switch 2\n>p2 switch 4\n>p1 move bravebird\n>p2 move darkpulse\n>p2 switch 4\n>p1 switch 5\n>p2 move liquidation\n>p1 switch 5\n>p2 move liquidation\n>p1 switch 2\n>p1 move nastyplot\n>p2 switch 6\n>p1 switch 4\n>p2 move darkpulse\n>p1 move liquidation\n>p2 switch 6\n>p1 move liquidation\n>p2 move liquidation\n>p1 switch 3\n>p1 move headsmash\n>p2 move toxic\n>p2 switch 3\n>p1 move headsmash\n>p2 move substitute\n>p1 switch 4\n>p2 move leechseed\n>p1 move psyshock\n>p2 move protect\n>p1 switch 4\n>p2 move flamethrower\n>p1 move earthquake\n>p2 move protect\n>p1 move earthquake\n>p2 move leechseed\n>p1 switch 5\n>p2 move substitute\n>p1 move bodypress terastallize\n>p2 move flamethrower\n>p1 move bodypress\n>p2 move flamethrower\n>p1 switch 5\n>p1 move earthquake\n>p2 move protect\n>p1 switch 4\n>p2 switch 6\n>forcelose p1", "uploadtime": 1781385831, "views": 6, "formatid": "gen9randombattle", "rating": null, "private": 0, "password": null}