{"id": "gen9randombattle-2631969294", "format": "[Gen 9] Random Battle", "players": ["grabschaender", "skippyjonez"], "log": "|j|\u2606grabschaender\n|j|\u2606skippyjonez\n|t:|1781461111\n|gametype|singles\n|player|p1|grabschaender|candice|2244\n|player|p2|skippyjonez|cameraman|2154\n|gen|9\n|tier|[Gen 9] Random Battle\n|rated|\n|rule|Species Clause: Limit one of each Pok\u00e9mon\n|rule|HP Percentage Mod: HP is shown in percentages\n|rule|Sleep Clause Mod: Limit one foe put to sleep\n|rule|Illusion Level Mod: Illusion disguises the Pok\u00e9mon's true level\n|\n|t:|1781461111\n|teamsize|p1|6\n|teamsize|p2|6\n|start\n|switch|p1a: Copperajah|Copperajah, L86, F|350/350\n|switch|p2a: Jirachi|Jirachi, L80|291/291\n|turn|1\n|\n|t:|1781461126\n|switch|p2a: Arcanine|Arcanine, L84, M|288/288\n|-ability|p2a: Arcanine|Intimidate|boost\n|-unboost|p1a: Copperajah|atk|1\n|move|p1a: Copperajah|Knock Off|p2a: Arcanine\n|-damage|p2a: Arcanine|189/288\n|-enditem|p2a: Arcanine|Heavy-Duty Boots|[from] move: Knock Off|[of] p1a: Copperajah\n|\n|upkeep\n|turn|2\n|\n|t:|1781461135\n|switch|p1a: Pelipper|Pelipper, L86, M|243/243\n|-weather|RainDance|[from] ability: Drizzle|[of] p1a: Pelipper\n|move|p2a: Arcanine|Morning Sun|p2a: Arcanine\n|-heal|p2a: Arcanine|261/288\n|\n|-weather|RainDance|[upkeep]\n|upkeep\n|turn|3\n|\n|t:|1781461151\n|switch|p2a: Vaporeon|Vaporeon, L86, F|364/364\n|move|p1a: Pelipper|Hydro Pump|p2a: Vaporeon\n|-immune|p2a: Vaporeon|[from] ability: Water Absorb\n|\n|-weather|RainDance|[upkeep]\n|upkeep\n|turn|4\n|\n|t:|1781461158\n|move|p1a: Pelipper|U-turn|p2a: Vaporeon\n|-damage|p2a: Vaporeon|325/364\n|\n|t:|1781461159\n|switch|p1a: Lapras|Lapras, L87, F|367/367|[from] U-turn\n|move|p2a: Vaporeon|Wish|p2a: Vaporeon\n|\n|-weather|RainDance|[upkeep]\n|-heal|p2a: Vaporeon|347/364|[from] item: Leftovers\n|upkeep\n|turn|5\n|\n|t:|1781461165\n|switch|p2a: Poliwrath|Poliwrath, L88, F|302/302\n|move|p1a: Lapras|Dragon Dance|p1a: Lapras\n|-boost|p1a: Lapras|atk|1\n|-boost|p1a: Lapras|spe|1\n|\n|-weather|RainDance|[upkeep]\n|upkeep\n|turn|6\n|\n|t:|1781461169\n|switch|p1a: Gengar|Gengar, L81, M|230/230\n|move|p2a: Poliwrath|Bulk Up|p2a: Poliwrath\n|-boost|p2a: Poliwrath|atk|1\n|-boost|p2a: Poliwrath|def|1\n|\n|-weather|none\n|upkeep\n|turn|7\n|\n|t:|1781461179\n|switch|p2a: Houndoom|Houndoom, L87, F|272/272\n|move|p1a: Gengar|Trick|p2a: Houndoom\n|-activate|p1a: Gengar|move: Trick|[of] p2a: Houndoom\n|-item|p2a: Houndoom|Choice Specs|[from] move: Trick\n|-item|p1a: Gengar|Heavy-Duty Boots|[from] move: Trick\n|\n|upkeep\n|turn|8\n|\n|t:|1781461186\n|switch|p1a: Tyranitar|Tyranitar, L78, M|284/284\n|-weather|Sandstorm|[from] ability: Sand Stream|[of] p1a: Tyranitar\n|move|p2a: Houndoom|Dark Pulse|p1a: Tyranitar\n|-resisted|p1a: Tyranitar\n|-damage|p1a: Tyranitar|237/284\n|\n|-weather|Sandstorm|[upkeep]\n|-damage|p2a: Houndoom|255/272|[from] Sandstorm\n|upkeep\n|turn|9\n|\n|t:|1781461193\n|switch|p2a: Arcanine|Arcanine, L84, M|261/288\n|-ability|p2a: Arcanine|Intimidate|boost\n|-unboost|p1a: Tyranitar|atk|1\n|move|p1a: Tyranitar|Knock Off|p2a: Arcanine\n|-damage|p2a: Arcanine|200/288\n|\n|-weather|Sandstorm|[upkeep]\n|-damage|p2a: Arcanine|182/288|[from] Sandstorm\n|upkeep\n|turn|10\n|\n|t:|1781461200\n|switch|p1a: Gengar|Gengar, L81, M|230/230\n|move|p2a: Arcanine|Close Combat|p1a: Gengar\n|-immune|p1a: Gengar\n|\n|-weather|Sandstorm|[upkeep]\n|-damage|p1a: Gengar|216/230|[from] Sandstorm\n|-damage|p2a: Arcanine|164/288|[from] Sandstorm\n|upkeep\n|turn|11\n|\n|t:|1781461212\n|switch|p2a: Jirachi|Jirachi, L80|291/291\n|move|p1a: Gengar|Sludge Wave|p2a: Jirachi\n|-immune|p2a: Jirachi\n|\n|-weather|Sandstorm|[upkeep]\n|-damage|p1a: Gengar|202/230|[from] Sandstorm\n|upkeep\n|turn|12\n|\n|t:|1781461220\n|switch|p2a: Houndoom|Houndoom, L87, F|255/272\n|move|p1a: Gengar|Shadow Ball|p2a: Houndoom\n|-resisted|p2a: Houndoom\n|-damage|p2a: Houndoom|203/272\n|-unboost|p2a: Houndoom|spd|1\n|\n|-weather|none\n|upkeep\n|turn|13\n|\n|t:|1781461231\n|move|p1a: Gengar|Focus Blast|p2a: Houndoom\n|-supereffective|p2a: Houndoom\n|-damage|p2a: Houndoom|0 fnt\n|faint|p2a: Houndoom\n|\n|upkeep\n|\n|t:|1781461247\n|switch|p2a: Jirachi|Jirachi, L80|291/291\n|turn|14\n|\n|t:|1781461251\n|move|p1a: Gengar|Shadow Ball|p2a: Jirachi\n|-supereffective|p2a: Jirachi\n|-damage|p2a: Jirachi|105/291\n|move|p2a: Jirachi|Psychic|p1a: Gengar\n|-supereffective|p1a: Gengar\n|-damage|p1a: Gengar|2/230\n|\n|-heal|p2a: Jirachi|123/291|[from] item: Leftovers\n|upkeep\n|turn|15\n|\n|t:|1781461264\n|switch|p2a: Vaporeon|Vaporeon, L86, F|347/364\n|move|p1a: Gengar|Shadow Ball|p2a: Vaporeon\n|-damage|p2a: Vaporeon|259/364\n|\n|-heal|p2a: Vaporeon|281/364|[from] item: Leftovers\n|upkeep\n|turn|16\n|\n|t:|1781461268\n|move|p1a: Gengar|Trick|p2a: Vaporeon\n|-activate|p1a: Gengar|move: Trick|[of] p2a: Vaporeon\n|-item|p2a: Vaporeon|Heavy-Duty Boots|[from] move: Trick\n|-item|p1a: Gengar|Leftovers|[from] move: Trick\n|move|p2a: Vaporeon|Flip Turn|p1a: Gengar\n|-damage|p1a: Gengar|0 fnt\n|-start|p2a: Vaporeon|Disable|Flip Turn|[from] ability: Cursed Body|[of] p1a: Gengar\n|faint|p1a: Gengar\n|\n|t:|1781461279\n|switch|p2a: Jirachi|Jirachi, L80|123/291|[from] Flip Turn\n|\n|-heal|p2a: Jirachi|141/291|[from] item: Leftovers\n|upkeep\n|\n|t:|1781461283\n|switch|p1a: Copperajah|Copperajah, L86, F|350/350\n|turn|17\n|\n|t:|1781461288\n|move|p2a: Jirachi|Protect|p2a: Jirachi\n|-singleturn|p2a: Jirachi|Protect\n|move|p1a: Copperajah|Earthquake|p2a: Jirachi\n|-activate|p2a: Jirachi|move: Protect\n|\n|-heal|p2a: Jirachi|159/291|[from] item: Leftovers\n|upkeep\n|turn|18\n|\n|t:|1781461301\n|-terastallize|p2a: Jirachi|Water\n|move|p2a: Jirachi|Wish|p2a: Jirachi\n|move|p1a: Copperajah|Earthquake|p2a: Jirachi\n|-damage|p2a: Jirachi|24/291\n|\n|-heal|p2a: Jirachi|42/291|[from] item: Leftovers\n|upkeep\n|turn|19\n|\n|t:|1781461309\n|move|p2a: Jirachi|Protect|p2a: Jirachi\n|-singleturn|p2a: Jirachi|Protect\n|move|p1a: Copperajah|Earthquake|p2a: Jirachi\n|-activate|p2a: Jirachi|move: Protect\n|\n|-heal|p2a: Jirachi|187/291|[from] move: Wish|[wisher] Jirachi\n|-heal|p2a: Jirachi|205/291|[from] item: Leftovers\n|upkeep\n|turn|20\n|\n|t:|1781461312\n|move|p2a: Jirachi|Wish|p2a: Jirachi\n|move|p1a: Copperajah|Earthquake|p2a: Jirachi\n|-crit|p2a: Jirachi\n|-damage|p2a: Jirachi|22/291\n|\n|-heal|p2a: Jirachi|40/291|[from] item: Leftovers\n|upkeep\n|turn|21\n|\n|t:|1781461319\n|move|p2a: Jirachi|Protect|p2a: Jirachi\n|-singleturn|p2a: Jirachi|Protect\n|move|p1a: Copperajah|Earthquake|p2a: Jirachi\n|-activate|p2a: Jirachi|move: Protect\n|\n|-heal|p2a: Jirachi|185/291|[from] move: Wish|[wisher] Jirachi\n|-heal|p2a: Jirachi|203/291|[from] item: Leftovers\n|upkeep\n|turn|22\n|\n|t:|1781461323\n|move|p2a: Jirachi|Wish|p2a: Jirachi\n|move|p1a: Copperajah|Earthquake|p2a: Jirachi\n|-damage|p2a: Jirachi|77/291\n|\n|-heal|p2a: Jirachi|95/291|[from] item: Leftovers\n|upkeep\n|turn|23\n|\n|t:|1781461332\n|switch|p1a: Tyranitar|Tyranitar, L78, M|237/284\n|-weather|Sandstorm|[from] ability: Sand Stream|[of] p1a: Tyranitar\n|move|p2a: Jirachi|Protect||[still]\n|-fail|p2a: Jirachi\n|\n|-weather|Sandstorm|[upkeep]\n|-damage|p2a: Jirachi|77/291|[from] Sandstorm\n|-heal|p2a: Jirachi|222/291|[from] move: Wish|[wisher] Jirachi\n|-heal|p2a: Jirachi|240/291|[from] item: Leftovers\n|upkeep\n|turn|24\n|\n|t:|1781461335\n|move|p2a: Jirachi|Iron Head|p1a: Tyranitar\n|-supereffective|p1a: Tyranitar\n|-damage|p1a: Tyranitar|99/284\n|-enditem|p1a: Tyranitar|Weakness Policy\n|-boost|p1a: Tyranitar|atk|2|[from] item: Weakness Policy\n|-boost|p1a: Tyranitar|spa|2|[from] item: Weakness Policy\n|cant|p1a: Tyranitar|flinch\n|\n|-weather|Sandstorm|[upkeep]\n|-damage|p2a: Jirachi|222/291|[from] Sandstorm\n|-heal|p2a: Jirachi|240/291|[from] item: Leftovers\n|upkeep\n|turn|25\n|\n|t:|1781461340\n|switch|p1a: Copperajah|Copperajah, L86, F|350/350\n|move|p2a: Jirachi|Iron Head|p1a: Copperajah\n|-resisted|p1a: Copperajah\n|-damage|p1a: Copperajah|307/350\n|\n|-weather|Sandstorm|[upkeep]\n|-damage|p2a: Jirachi|222/291|[from] Sandstorm\n|-heal|p2a: Jirachi|240/291|[from] item: Leftovers\n|upkeep\n|turn|26\n|\n|t:|1781461342\n|move|p2a: Jirachi|Protect|p2a: Jirachi\n|-singleturn|p2a: Jirachi|Protect\n|move|p1a: Copperajah|Knock Off|p2a: Jirachi\n|-activate|p2a: Jirachi|move: Protect\n|\n|-weather|Sandstorm|[upkeep]\n|-damage|p2a: Jirachi|222/291|[from] Sandstorm\n|-heal|p2a: Jirachi|240/291|[from] item: Leftovers\n|upkeep\n|turn|27\n|\n|t:|1781461352\n|switch|p2a: Arcanine|Arcanine, L84, M|164/288\n|-ability|p2a: Arcanine|Intimidate|boost\n|-unboost|p1a: Copperajah|atk|1\n|move|p1a: Copperajah|Knock Off|p2a: Arcanine\n|-damage|p2a: Arcanine|98/288\n|\n|-weather|none\n|upkeep\n|turn|28\n|\n|t:|1781461356\n|switch|p1a: Pelipper|Pelipper, L86, M|243/243\n|-weather|RainDance|[from] ability: Drizzle|[of] p1a: Pelipper\n|move|p2a: Arcanine|Morning Sun|p2a: Arcanine\n|-heal|p2a: Arcanine|170/288\n|\n|-weather|RainDance|[upkeep]\n|upkeep\n|turn|29\n|\n|t:|1781461433\n|switch|p2a: Vaporeon|Vaporeon, L86, F|281/364\n|move|p1a: Pelipper|Hurricane|p2a: Vaporeon\n|-damage|p2a: Vaporeon|173/364\n|-start|p2a: Vaporeon|confusion\n|\n|-weather|RainDance|[upkeep]\n|upkeep\n|turn|30\n|\n|t:|1781461440\n|move|p1a: Pelipper|Hurricane|p2a: Vaporeon\n|-damage|p2a: Vaporeon|55/364\n|-activate|p2a: Vaporeon|confusion\n|move|p2a: Vaporeon|Wish|p2a: Vaporeon\n|\n|-weather|RainDance|[upkeep]\n|upkeep\n|turn|31\n|\n|t:|1781461446\n|-activate|p2a: Vaporeon|confusion\n|move|p2a: Vaporeon|Protect|p2a: Vaporeon\n|-singleturn|p2a: Vaporeon|Protect\n|move|p1a: Pelipper|Hurricane|p2a: Vaporeon\n|-activate|p2a: Vaporeon|move: Protect\n|\n|-weather|RainDance|[upkeep]\n|-heal|p2a: Vaporeon|237/364|[from] move: Wish|[wisher] Vaporeon\n|upkeep\n|turn|32\n|\n|t:|1781461452\n|-activate|p2a: Vaporeon|confusion\n|move|p2a: Vaporeon|Wish|p2a: Vaporeon\n|move|p1a: Pelipper|U-turn|p2a: Vaporeon\n|-damage|p2a: Vaporeon|197/364\n|\n|t:|1781461454\n|switch|p1a: Lapras|Lapras, L87, F|367/367|[from] U-turn\n|\n|-weather|none\n|upkeep\n|turn|33\n|\n|t:|1781461463\n|switch|p2a: Poliwrath|Poliwrath, L88, F|302/302\n|move|p1a: Lapras|Dragon Dance|p1a: Lapras\n|-boost|p1a: Lapras|atk|1\n|-boost|p1a: Lapras|spe|1\n|\n|upkeep\n|turn|34\n|\n|t:|1781461468\n|-terastallize|p1a: Lapras|Ground\n|move|p1a: Lapras|Earthquake|p2a: Poliwrath\n|-damage|p2a: Poliwrath|154/302\n|move|p2a: Poliwrath|Bulk Up|p2a: Poliwrath\n|-boost|p2a: Poliwrath|atk|1\n|-boost|p2a: Poliwrath|def|1\n|\n|-heal|p2a: Poliwrath|172/302|[from] item: Leftovers\n|upkeep\n|turn|35\n|\n|t:|1781461474\n|switch|p1a: Pelipper|Pelipper, L86, M|243/243\n|-weather|RainDance|[from] ability: Drizzle|[of] p1a: Pelipper\n|move|p2a: Poliwrath|Drain Punch|p1a: Pelipper\n|-resisted|p1a: Pelipper\n|-damage|p1a: Pelipper|185/243\n|-heal|p2a: Poliwrath|201/302|[from] drain|[of] p1a: Pelipper\n|\n|-weather|RainDance|[upkeep]\n|-heal|p2a: Poliwrath|219/302|[from] item: Leftovers\n|upkeep\n|turn|36\n|\n|t:|1781461490\n|switch|p2a: Vaporeon|Vaporeon, L86, F|197/364\n|move|p1a: Pelipper|Hurricane|p2a: Vaporeon\n|-damage|p2a: Vaporeon|89/364\n|-start|p2a: Vaporeon|confusion\n|\n|-weather|RainDance|[upkeep]\n|upkeep\n|turn|37\n|\n|t:|1781461496\n|-activate|p2a: Vaporeon|confusion\n|move|p2a: Vaporeon|Scald|p1a: Pelipper\n|-resisted|p1a: Pelipper\n|-damage|p1a: Pelipper|95/243\n|move|p1a: Pelipper|Hurricane|p2a: Vaporeon\n|-damage|p2a: Vaporeon|0 fnt\n|faint|p2a: Vaporeon\n|\n|-weather|RainDance|[upkeep]\n|upkeep\n|\n|t:|1781461503\n|switch|p2a: Cetitan|Cetitan, L82, M|413/413\n|turn|38\n|\n|t:|1781461508\n|move|p2a: Cetitan|Icicle Crash|p1a: Pelipper\n|-damage|p1a: Pelipper|0 fnt\n|faint|p1a: Pelipper\n|\n|-weather|RainDance|[upkeep]\n|upkeep\n|\n|t:|1781461511\n|switch|p1a: Copperajah|Copperajah, L86, F|307/350\n|turn|39\n|\n|t:|1781461519\n|switch|p2a: Arcanine|Arcanine, L84, M|170/288\n|-ability|p2a: Arcanine|Intimidate|boost\n|-unboost|p1a: Copperajah|atk|1\n|move|p1a: Copperajah|Earthquake|p2a: Arcanine\n|-supereffective|p2a: Arcanine\n|-damage|p2a: Arcanine|0 fnt\n|faint|p2a: Arcanine\n|\n|-weather|none\n|upkeep\n|\n|t:|1781461523\n|switch|p2a: Poliwrath|Poliwrath, L88, F|219/302\n|turn|40\n|\n|t:|1781461527\n|switch|p1a: Meowstic|Meowstic, L89, M|277/277\n|move|p2a: Poliwrath|Bulk Up|p2a: Poliwrath\n|-boost|p2a: Poliwrath|atk|1\n|-boost|p2a: Poliwrath|def|1\n|\n|-heal|p2a: Poliwrath|237/302|[from] item: Leftovers\n|upkeep\n|turn|41\n|\n|t:|1781461537\n|switch|p2a: Jirachi|Jirachi, L80, tera:Water|240/291\n|move|p1a: Meowstic|Psychic Noise|p2a: Jirachi\n|-damage|p2a: Jirachi|161/291\n|-start|p2a: Jirachi|move: Heal Block\n|\n|upkeep\n|turn|42\n|\n|t:|1781461543\n|move|p1a: Meowstic|Psychic Noise|p2a: Jirachi\n|-damage|p2a: Jirachi|80/291\n|move|p2a: Jirachi|Iron Head|p1a: Meowstic\n|-crit|p1a: Meowstic\n|-damage|p1a: Meowstic|141/277\n|\n|-end|p2a: Jirachi|move: Heal Block\n|upkeep\n|turn|43\n|\n|t:|1781461551\n|move|p2a: Jirachi|Protect|p2a: Jirachi\n|-singleturn|p2a: Jirachi|Protect\n|move|p1a: Meowstic|Psychic Noise|p2a: Jirachi\n|-activate|p2a: Jirachi|move: Protect\n|\n|-heal|p2a: Jirachi|98/291|[from] item: Leftovers\n|upkeep\n|turn|44\n|\n|t:|1781461555\n|move|p1a: Meowstic|Psychic Noise|p2a: Jirachi\n|-damage|p2a: Jirachi|19/291\n|-start|p2a: Jirachi|move: Heal Block\n|move|p2a: Jirachi|Iron Head|p1a: Meowstic\n|-damage|p1a: Meowstic|51/277\n|\n|upkeep\n|turn|45\n|\n|t:|1781461562\n|move|p1a: Meowstic|Psychic Noise|p2a: Jirachi\n|-damage|p2a: Jirachi|0 fnt\n|faint|p2a: Jirachi\n|\n|upkeep\n|\n|t:|1781461564\n|switch|p2a: Cetitan|Cetitan, L82, M|413/413\n|turn|46\n|\n|t:|1781461570\n|switch|p1a: Tyranitar|Tyranitar, L78, M|99/284\n|-weather|Sandstorm|[from] ability: Sand Stream|[of] p1a: Tyranitar\n|move|p2a: Cetitan|Icicle Crash|p1a: Tyranitar\n|-damage|p1a: Tyranitar|0 fnt\n|faint|p1a: Tyranitar\n|\n|-weather|Sandstorm|[upkeep]\n|-damage|p2a: Cetitan|388/413|[from] Sandstorm\n|upkeep\n|\n|t:|1781461571\n|switch|p1a: Copperajah|Copperajah, L86, F|307/350\n|turn|47\n|\n|t:|1781461592\n|move|p2a: Cetitan|Liquidation|p1a: Copperajah\n|-damage|p1a: Copperajah|185/350\n|move|p1a: Copperajah|Earthquake|p2a: Cetitan\n|-damage|p2a: Cetitan|201/413\n|\n|-weather|Sandstorm|[upkeep]\n|-damage|p2a: Cetitan|176/413|[from] Sandstorm\n|upkeep\n|turn|48\n|\n|t:|1781461599\n|move|p2a: Cetitan|Superpower|p1a: Copperajah\n|-supereffective|p1a: Copperajah\n|-damage|p1a: Copperajah|0 fnt\n|-unboost|p2a: Cetitan|atk|1\n|-unboost|p2a: Cetitan|def|1\n|faint|p1a: Copperajah\n|-damage|p2a: Cetitan|135/413|[from] item: Life Orb\n|\n|-weather|Sandstorm|[upkeep]\n|-damage|p2a: Cetitan|110/413|[from] Sandstorm\n|upkeep\n|\n|t:|1781461604\n|switch|p1a: Lapras|Lapras, L87, F, tera:Ground|367/367\n|turn|49\n|\n|t:|1781461608\n|switch|p2a: Poliwrath|Poliwrath, L88, F|237/302\n|move|p1a: Lapras|Dragon Dance|p1a: Lapras\n|-boost|p1a: Lapras|atk|1\n|-boost|p1a: Lapras|spe|1\n|\n|-weather|Sandstorm|[upkeep]\n|-damage|p2a: Poliwrath|219/302|[from] Sandstorm\n|-heal|p2a: Poliwrath|237/302|[from] item: Leftovers\n|upkeep\n|turn|50\n|\n|t:|1781461616\n|move|p1a: Lapras|Earthquake|p2a: Poliwrath\n|-damage|p2a: Poliwrath|87/302\n|move|p2a: Poliwrath|Bulk Up|p2a: Poliwrath\n|-boost|p2a: Poliwrath|atk|1\n|-boost|p2a: Poliwrath|def|1\n|\n|-weather|none\n|-heal|p2a: Poliwrath|105/302|[from] item: Leftovers\n|upkeep\n|turn|51\n|\n|t:|1781461620\n|move|p1a: Lapras|Earthquake|p2a: Poliwrath\n|-damage|p2a: Poliwrath|11/302\n|move|p2a: Poliwrath|Drain Punch|p1a: Lapras\n|-damage|p1a: Lapras|226/367\n|-heal|p2a: Poliwrath|82/302|[from] drain|[of] p1a: Lapras\n|\n|-heal|p2a: Poliwrath|100/302|[from] item: Leftovers\n|upkeep\n|turn|52\n|\n|t:|1781461626\n|move|p1a: Lapras|Earthquake|p2a: Poliwrath\n|-damage|p2a: Poliwrath|10/302\n|move|p2a: Poliwrath|Drain Punch|p1a: Lapras\n|-damage|p1a: Lapras|85/367\n|-heal|p2a: Poliwrath|81/302|[from] drain|[of] p1a: Lapras\n|\n|-heal|p2a: Poliwrath|99/302|[from] item: Leftovers\n|upkeep\n|turn|53\n|\n|t:|1781461633\n|move|p1a: Lapras|Earthquake|p2a: Poliwrath\n|-damage|p2a: Poliwrath|3/302\n|move|p2a: Poliwrath|Drain Punch|p1a: Lapras\n|-damage|p1a: Lapras|0 fnt\n|-heal|p2a: Poliwrath|46/302|[from] drain|[of] p1a: Lapras\n|faint|p1a: Lapras\n|\n|-heal|p2a: Poliwrath|64/302|[from] item: Leftovers\n|upkeep\n|\n|t:|1781461635\n|switch|p1a: Meowstic|Meowstic, L89, M|51/277\n|turn|54\n|\n|t:|1781461638\n|move|p1a: Meowstic|Psychic Noise|p2a: Poliwrath\n|-supereffective|p2a: Poliwrath\n|-damage|p2a: Poliwrath|0 fnt\n|faint|p2a: Poliwrath\n|\n|upkeep\n|\n|t:|1781461640\n|switch|p2a: Cetitan|Cetitan, L82, M|110/413\n|turn|55\n|\n|t:|1781461642\n|move|p2a: Cetitan|Ice Shard|p1a: Meowstic\n|-damage|p1a: Meowstic|0 fnt\n|faint|p1a: Meowstic\n|-damage|p2a: Cetitan|69/413|[from] item: Life Orb\n|\n|win|skippyjonez\n", "inputlog": ">version a8376a258c1d4662feba110a92103f3664a72141\n>start {\"formatid\":\"gen9randombattle\",\"seed\":\"sodium,629ed0f3f7af7468aa31efd699d47522\",\"rated\":\"Rated battle\"}\n>player p1 {\"name\":\"grabschaender\",\"avatar\":\"candice\",\"rating\":2244,\"seed\":\"sodium,6f1a58c2e08e9877db9d467d9f7e0cac\"}\n>player p2 {\"name\":\"skippyjonez\",\"avatar\":\"cameraman\",\"rating\":2154,\"seed\":\"sodium,dcde1d7098d29413ff030850bef344ee\"}\n>p1 move knockoff\n>p2 switch 5\n>p1 switch 2\n>p2 move morningsun\n>p1 move hydropump\n>p2 switch 3\n>p1 move uturn\n>p2 move wish\n>p1 switch 4\n>p1 move dragondance\n>p2 switch 4\n>p1 switch 3\n>p2 move bulkup\n>p1 move trick\n>p2 switch 2\n>p1 switch 5\n>p2 move darkpulse\n>p1 move knockoff\n>p2 switch 3\n>p1 switch 5\n>p2 move closecombat\n>p1 move sludgewave\n>p2 switch 5\n>p1 move shadowball\n>p2 switch 3\n>p1 move focusblast\n>p2 move fireblast\n>p2 switch 3\n>p1 move shadowball\n>p2 move psychic\n>p1 move shadowball\n>p2 switch 4\n>p1 move trick\n>p2 move flipturn\n>p2 switch 4\n>p1 switch 2\n>p1 move earthquake\n>p2 move protect\n>p1 move earthquake\n>p2 move wish terastallize\n>p1 move earthquake\n>p2 move protect\n>p1 move earthquake\n>p2 move wish\n>p1 move earthquake\n>p2 move protect\n>p1 move earthquake\n>p2 move wish\n>p1 switch 5\n>p2 move protect\n>p1 move knockoff\n>p2 move ironhead\n>p1 switch 5\n>p2 move ironhead\n>p1 move knockoff\n>p2 move protect\n>p1 move knockoff\n>p2 switch 5\n>p1 switch 4\n>p2 move morningsun\n>p1 move hurricane\n>p2 switch 4\n>p1 move hurricane\n>p2 move wish\n>p1 move hurricane\n>p2 move protect\n>p1 move uturn\n>p2 move wish\n>p1 switch 3\n>p1 move dragondance\n>p2 switch 2\n>p1 move earthquake terastallize\n>p2 move bulkup\n>p1 switch 3\n>p2 move drainpunch\n>p1 move hurricane\n>p2 switch 2\n>p1 move hurricane\n>p2 move scald\n>p2 switch 6\n>p1 move hydropump\n>p2 move iciclecrash\n>p1 switch 4\n>p1 move earthquake\n>p2 switch 4\n>p2 switch 2\n>p1 switch 6\n>p2 move bulkup\n>p1 move psychicnoise\n>p2 switch 5\n>p1 move psychicnoise\n>p2 move ironhead\n>p1 move psychicnoise\n>p2 move protect\n>p1 move psychicnoise\n>p2 move ironhead\n>p1 move psychicnoise\n>p2 move ironhead\n>p2 switch 4\n>p1 switch 5\n>p2 move iciclecrash\n>p1 switch 6\n>p1 move earthquake\n>p2 move liquidation\n>p1 move earthquake\n>p2 move superpower\n>p1 switch 3\n>p1 move dragondance\n>p2 switch 5\n>p1 move earthquake\n>p2 move bulkup\n>p1 move earthquake\n>p2 move drainpunch\n>p1 move earthquake\n>p2 move drainpunch\n>p1 move earthquake\n>p2 move drainpunch\n>p1 switch 5\n>p1 move psychicnoise\n>p2 move liquidation\n>p2 switch 5\n>p1 move psychicnoise\n>p2 move iceshard", "uploadtime": 1781461114, "views": 6, "formatid": "gen9randombattle", "rating": null, "private": 0, "password": null}