{"id": "gen9randombattle-2631727246", "format": "[Gen 9] Random Battle", "players": ["romcou", "kkfuticipote"], "log": "|j|\u2606romcou\n|j|\u2606kkfuticipote\n|t:|1781429499\n|gametype|singles\n|player|p1|romcou|266|1932\n|player|p2|kkfuticipote|twins-gen4dp|1921\n|gen|9\n|tier|[Gen 9] Random Battle\n|rated|\n|rule|Species Clause: Limit one of each Pok\u00e9mon\n|rule|HP Percentage Mod: HP is shown in percentages\n|rule|Sleep Clause Mod: Limit one foe put to sleep\n|rule|Illusion Level Mod: Illusion disguises the Pok\u00e9mon's true level\n|\n|t:|1781429499\n|teamsize|p1|6\n|teamsize|p2|6\n|start\n|switch|p1a: Lapras|Lapras, L87, F|367/367\n|switch|p2a: Zangoose|Zangoose, L85, M|263/263\n|turn|1\n|inactive|Battle timer is ON: inactive players will automatically lose when time's up. (requested by kkfuticipote)\n|inactive|romcou has 120 seconds left.\n|\n|t:|1781429537\n|move|p2a: Zangoose|Swords Dance|p2a: Zangoose\n|-boost|p2a: Zangoose|atk|2\n|move|p1a: Lapras|Dragon Dance|p1a: Lapras\n|-boost|p1a: Lapras|atk|1\n|-boost|p1a: Lapras|spe|1\n|\n|-status|p2a: Zangoose|tox|[from] item: Toxic Orb\n|upkeep\n|turn|2\n|\n|t:|1781429556\n|move|p1a: Lapras|Waterfall|p2a: Zangoose\n|-damage|p2a: Zangoose|109/263 tox\n|move|p2a: Zangoose|Facade|p1a: Lapras\n|-damage|p1a: Lapras|0 fnt\n|faint|p1a: Lapras\n|\n|-damage|p2a: Zangoose|93/263 tox|[from] psn\n|upkeep\n|\n|t:|1781429577\n|switch|p1a: Iron Valiant|Iron Valiant, L78|244/244\n|turn|3\n|\n|t:|1781429584\n|switch|p2a: Glimmora|Glimmora, L75, F|248/248\n|move|p1a: Iron Valiant|Spirit Break|p2a: Glimmora\n|-resisted|p2a: Glimmora\n|-damage|p2a: Glimmora|186/248\n|-unboost|p2a: Glimmora|spa|1\n|-activate|p2a: Glimmora|ability: Toxic Debris\n|-sidestart|p1: romcou|move: Toxic Spikes\n|-damage|p1a: Iron Valiant|220/244|[from] item: Life Orb\n|\n|upkeep\n|turn|4\n|\n|t:|1781429599\n|move|p1a: Iron Valiant|Close Combat|p2a: Glimmora\n|-damage|p2a: Glimmora|0 fnt\n|-unboost|p1a: Iron Valiant|def|1\n|-unboost|p1a: Iron Valiant|spd|1\n|-activate|p2a: Glimmora|ability: Toxic Debris\n|-sidestart|p1: romcou|move: Toxic Spikes\n|faint|p2a: Glimmora\n|-damage|p1a: Iron Valiant|196/244|[from] item: Life Orb\n|\n|upkeep\n|\n|t:|1781429607\n|switch|p2a: Ariados|Ariados, L95, F|287/287\n|turn|5\n|\n|t:|1781429615\n|-end|p1a: Iron Valiant|Quark Drive|[silent]\n|switch|p1a: Vespiquen|Vespiquen, L99, F|299/299\n|-ability|p1a: Vespiquen|Pressure\n|move|p2a: Ariados|Sticky Web|p1a: Vespiquen\n|-sidestart|p1: romcou|move: Sticky Web\n|\n|upkeep\n|turn|6\n|\n|t:|1781429622\n|switch|p2a: Pyroar|Pyroar, L88, F|295/295\n|-ability|p2a: Pyroar|Unnerve\n|move|p1a: Vespiquen|Air Slash|p2a: Pyroar\n|-damage|p2a: Pyroar|181/295\n|\n|upkeep\n|turn|7\n|\n|t:|1781429630\n|switch|p1a: Oranguru|Oranguru, L92, M|315/315\n|-status|p1a: Oranguru|tox\n|-activate|p1a: Oranguru|move: Sticky Web\n|-unboost|p1a: Oranguru|spe|1\n|move|p2a: Pyroar|Fire Blast|p1a: Oranguru|[miss]\n|-miss|p2a: Pyroar|p1a: Oranguru\n|\n|-damage|p1a: Oranguru|296/315 tox|[from] psn\n|upkeep\n|turn|8\n|\n|t:|1781429640\n|switch|p2a: Ariados|Ariados, L95, F|287/287\n|move|p1a: Oranguru|Focus Blast|p2a: Ariados|[miss]\n|-miss|p1a: Oranguru|p2a: Ariados\n|\n|-heal|p1a: Oranguru|315/315 tox|[from] item: Leftovers\n|-damage|p1a: Oranguru|277/315 tox|[from] psn\n|upkeep\n|turn|9\n|\n|t:|1781429651\n|switch|p1a: Vespiquen|Vespiquen, L99, F|299/299\n|-ability|p1a: Vespiquen|Pressure\n|move|p2a: Ariados|Megahorn|p1a: Vespiquen\n|-resisted|p1a: Vespiquen\n|-damage|p1a: Vespiquen|239/299\n|\n|upkeep\n|turn|10\n|\n|t:|1781429663\n|switch|p2a: Pyroar|Pyroar, L88, F|181/295\n|-ability|p2a: Pyroar|Unnerve\n|move|p1a: Vespiquen|Air Slash|p2a: Pyroar\n|-damage|p2a: Pyroar|66/295\n|\n|upkeep\n|turn|11\n|\n|t:|1781429671\n|switch|p1a: Oranguru|Oranguru, L92, M|277/315 tox\n|-activate|p1a: Oranguru|move: Sticky Web\n|-unboost|p1a: Oranguru|spe|1\n|move|p2a: Pyroar|Fire Blast|p1a: Oranguru\n|-damage|p1a: Oranguru|171/315 tox\n|\n|-heal|p1a: Oranguru|190/315 tox|[from] item: Leftovers\n|-damage|p1a: Oranguru|171/315 tox|[from] psn\n|upkeep\n|turn|12\n|inactive|kkfuticipote has 120 seconds left.\n|inactive|kkfuticipote has 90 seconds left.\n|\n|t:|1781429748\n|switch|p2a: Mightyena|Mightyena, L96, F|290/290\n|-ability|p2a: Mightyena|Intimidate|boost\n|-fail|p1a: Oranguru|unboost|Attack|[from] ability: Inner Focus|[of] p1a: Oranguru\n|move|p1a: Oranguru|Psyshock|p2a: Mightyena\n|-immune|p2a: Mightyena\n|\n|-heal|p1a: Oranguru|190/315 tox|[from] item: Leftovers\n|-damage|p1a: Oranguru|152/315 tox|[from] psn\n|upkeep\n|turn|13\n|\n|t:|1781429764\n|switch|p1a: Iron Valiant|Iron Valiant, L78|196/244\n|-status|p1a: Iron Valiant|tox\n|-activate|p1a: Iron Valiant|move: Sticky Web\n|-unboost|p1a: Iron Valiant|spe|1\n|move|p2a: Mightyena|Crunch|p1a: Iron Valiant\n|-resisted|p1a: Iron Valiant\n|-damage|p1a: Iron Valiant|170/244 tox\n|\n|-damage|p1a: Iron Valiant|155/244 tox|[from] psn\n|upkeep\n|turn|14\n|\n|t:|1781429777\n|-end|p1a: Iron Valiant|Quark Drive|[silent]\n|switch|p1a: Vespiquen|Vespiquen, L99, F|239/299\n|-ability|p1a: Vespiquen|Pressure\n|move|p2a: Mightyena|Play Rough|p1a: Vespiquen\n|-damage|p1a: Vespiquen|180/299\n|\n|upkeep\n|turn|15\n|\n|t:|1781429786\n|switch|p2a: Barraskewda|Barraskewda, L81, F|231/231\n|move|p1a: Vespiquen|Roost|p1a: Vespiquen\n|-heal|p1a: Vespiquen|299/299\n|-singleturn|p1a: Vespiquen|move: Roost\n|\n|upkeep\n|turn|16\n|inactive|kkfuticipote has 90 seconds left.\n|\n|t:|1781429794\n|switch|p1a: Baxcalibur|Baxcalibur, L75, M|295/295\n|-status|p1a: Baxcalibur|tox\n|-activate|p1a: Baxcalibur|move: Sticky Web\n|-unboost|p1a: Baxcalibur|spe|1\n|move|p2a: Barraskewda|Waterfall|p1a: Baxcalibur\n|-resisted|p1a: Baxcalibur\n|-damage|p1a: Baxcalibur|217/295 tox\n|\n|-damage|p1a: Baxcalibur|199/295 tox|[from] psn\n|upkeep\n|turn|17\n|\n|t:|1781429801\n|move|p2a: Barraskewda|Waterfall|p1a: Baxcalibur\n|-resisted|p1a: Baxcalibur\n|-damage|p1a: Baxcalibur|121/295 tox\n|move|p1a: Baxcalibur|Glaive Rush|p2a: Barraskewda\n|-damage|p2a: Barraskewda|0 fnt\n|-singlemove|p1a: Baxcalibur|Glaive Rush|[silent]\n|faint|p2a: Barraskewda\n|\n|-damage|p1a: Baxcalibur|85/295 tox|[from] psn\n|upkeep\n|\n|t:|1781429810\n|switch|p2a: Zangoose|Zangoose, L85, M|93/263 tox\n|turn|18\n|\n|t:|1781429814\n|-terastallize|p2a: Zangoose|Normal\n|move|p2a: Zangoose|Facade|p1a: Baxcalibur\n|-damage|p1a: Baxcalibur|0 fnt\n|faint|p1a: Baxcalibur\n|\n|-damage|p2a: Zangoose|77/263 tox|[from] psn\n|upkeep\n|\n|t:|1781429820\n|switch|p1a: Vespiquen|Vespiquen, L99, F|299/299\n|-ability|p1a: Vespiquen|Pressure\n|turn|19\n|\n|t:|1781429825\n|-terastallize|p1a: Vespiquen|Steel\n|move|p2a: Zangoose|Facade|p1a: Vespiquen\n|-resisted|p1a: Vespiquen\n|-damage|p1a: Vespiquen|166/299\n|move|p1a: Vespiquen|Air Slash|p2a: Zangoose\n|-damage|p2a: Zangoose|0 fnt\n|faint|p2a: Zangoose\n|\n|upkeep\n|\n|t:|1781429828\n|switch|p2a: Pyroar|Pyroar, L88, F|66/295\n|-ability|p2a: Pyroar|Unnerve\n|turn|20\n|\n|t:|1781429835\n|switch|p1a: Iron Valiant|Iron Valiant, L78|155/244 tox\n|-activate|p1a: Iron Valiant|move: Sticky Web\n|-unboost|p1a: Iron Valiant|spe|1\n|move|p2a: Pyroar|Fire Blast|p1a: Iron Valiant\n|-damage|p1a: Iron Valiant|0 fnt\n|faint|p1a: Iron Valiant\n|-end|p1a: Iron Valiant|Quark Drive|[silent]\n|\n|upkeep\n|\n|t:|1781429838\n|switch|p1a: Oranguru|Oranguru, L92, M|152/315 tox\n|-activate|p1a: Oranguru|move: Sticky Web\n|-unboost|p1a: Oranguru|spe|1\n|turn|21\n|\n|t:|1781429846\n|switch|p2a: Ariados|Ariados, L95, F|287/287\n|move|p1a: Oranguru|Psyshock|p2a: Ariados\n|-supereffective|p2a: Ariados\n|-damage|p2a: Ariados|71/287\n|\n|-heal|p1a: Oranguru|171/315 tox|[from] item: Leftovers\n|-damage|p1a: Oranguru|152/315 tox|[from] psn\n|upkeep\n|turn|22\n|\n|t:|1781429853\n|move|p2a: Ariados|Megahorn|p1a: Oranguru|[miss]\n|-miss|p2a: Ariados|p1a: Oranguru\n|move|p1a: Oranguru|Thunderbolt|p2a: Ariados\n|-damage|p2a: Ariados|0 fnt\n|faint|p2a: Ariados\n|\n|-heal|p1a: Oranguru|171/315 tox|[from] item: Leftovers\n|-damage|p1a: Oranguru|133/315 tox|[from] psn\n|upkeep\n|\n|t:|1781429856\n|switch|p2a: Mightyena|Mightyena, L96, F|290/290\n|-ability|p2a: Mightyena|Intimidate|boost\n|-fail|p1a: Oranguru|unboost|Attack|[from] ability: Inner Focus|[of] p1a: Oranguru\n|turn|23\n|\n|t:|1781429867\n|move|p2a: Mightyena|Crunch|p1a: Oranguru\n|-supereffective|p1a: Oranguru\n|-damage|p1a: Oranguru|0 fnt\n|faint|p1a: Oranguru\n|\n|upkeep\n|\n|t:|1781429870\n|switch|p1a: Vespiquen|Vespiquen, L99, F, tera:Steel|166/299\n|-ability|p1a: Vespiquen|Pressure\n|turn|24\n|\n|t:|1781429874\n|move|p2a: Mightyena|Taunt|p1a: Vespiquen\n|-start|p1a: Vespiquen|move: Taunt\n|cant|p1a: Vespiquen|move: Taunt|Roost\n|\n|upkeep\n|turn|25\n|\n|t:|1781429877\n|move|p2a: Mightyena|Crunch|p1a: Vespiquen\n|-damage|p1a: Vespiquen|84/299\n|move|p1a: Vespiquen|Air Slash|p2a: Mightyena\n|-damage|p2a: Mightyena|185/290\n|\n|-heal|p2a: Mightyena|203/290|[from] item: Leftovers\n|upkeep\n|turn|26\n|\n|t:|1781429882\n|move|p2a: Mightyena|Crunch|p1a: Vespiquen\n|-damage|p1a: Vespiquen|5/299\n|move|p1a: Vespiquen|Air Slash|p2a: Mightyena\n|-damage|p2a: Mightyena|97/290\n|\n|-heal|p2a: Mightyena|115/290|[from] item: Leftovers\n|-end|p1a: Vespiquen|move: Taunt\n|upkeep\n|turn|27\n|\n|t:|1781429886\n|move|p2a: Mightyena|Crunch|p1a: Vespiquen\n|-damage|p1a: Vespiquen|0 fnt\n|faint|p1a: Vespiquen\n|\n|-heal|p2a: Mightyena|133/290|[from] item: Leftovers\n|upkeep\n|\n|t:|1781429889\n|switch|p1a: Gallade|Gallade, L80, M|240/240\n|-status|p1a: Gallade|tox\n|-activate|p1a: Gallade|move: Sticky Web\n|-unboost|p1a: Gallade|spe|1\n|turn|28\n|\n|t:|1781429893\n|move|p2a: Mightyena|Play Rough|p1a: Gallade\n|-supereffective|p1a: Gallade\n|-damage|p1a: Gallade|32/240 tox\n|move|p1a: Gallade|Sacred Sword|p2a: Mightyena\n|-supereffective|p2a: Mightyena\n|-damage|p2a: Mightyena|0 fnt\n|faint|p2a: Mightyena\n|\n|-damage|p1a: Gallade|17/240 tox|[from] psn\n|upkeep\n|-message|romcou forfeited.\n|\n|win|kkfuticipote\n", "inputlog": ">version a8376a258c1d4662feba110a92103f3664a72141\n>start {\"formatid\":\"gen9randombattle\",\"seed\":\"sodium,59b8ed4e9d3e9b21fa32bff29100e005\",\"rated\":\"Rated battle\"}\n>player p1 {\"name\":\"romcou\",\"avatar\":\"266\",\"rating\":1932,\"seed\":\"sodium,c41de697ffbe769b049d44fdfc348143\"}\n>player p2 {\"name\":\"kkfuticipote\",\"avatar\":\"twins-gen4dp\",\"rating\":1921,\"seed\":\"sodium,069dde379ae009b7290dbc733334d813\"}\n>p1 move dragondance\n>p2 move swordsdance\n>p1 move waterfall\n>p2 move facade\n>p1 switch 6\n>p1 move spiritbreak\n>p2 switch 5\n>p1 move closecombat\n>p2 move sludgewave\n>p2 switch 4\n>p1 switch 5\n>p2 move stickyweb\n>p1 move airslash\n>p2 switch 3\n>p1 switch 2\n>p2 move fireblast\n>p1 move focusblast\n>p2 switch 3\n>p1 switch 2\n>p2 move megahorn\n>p1 move airslash\n>p2 switch 3\n>p1 switch 2\n>p2 move fireblast\n>p1 move psyshock\n>p2 switch 2\n>p1 switch 5\n>p2 move crunch\n>p1 switch 2\n>p2 move playrough\n>p1 move roost\n>p2 switch 6\n>p1 switch 4\n>p2 move waterfall\n>p1 move glaiverush\n>p2 move waterfall\n>p2 switch 5\n>p1 move glaiverush\n>p2 move facade terastallize\n>p1 switch 4\n>p1 move airslash terastallize\n>p2 move facade\n>p2 switch 2\n>p1 switch 2\n>p2 move fireblast\n>p1 switch 5\n>p1 move psyshock\n>p2 switch 3\n>p1 move thunderbolt\n>p2 move megahorn\n>p2 switch 6\n>p1 move focusblast\n>p2 move crunch\n>p1 switch 2\n>p1 move roost\n>p2 move taunt\n>p1 move airslash\n>p2 move crunch\n>p1 move airslash\n>p2 move crunch\n>p1 move roost\n>p2 move crunch\n>p1 switch 3\n>p1 move sacredsword\n>p2 move playrough\n>forcelose p1", "uploadtime": 1781429502, "views": 6, "formatid": "gen9randombattle", "rating": null, "private": 0, "password": null}