{"id": "gen9randombattle-2631470047", "format": "[Gen 9] Random Battle", "players": ["ifishboi", "schleeby"], "log": "|j|\u203difishboi\n|j|\u2606schleeby\n|t:|1781388720\n|gametype|singles\n|player|p1|ifishboi|roxie-masters|1918\n|player|p2|schleeby|rosa|1927\n|gen|9\n|tier|[Gen 9] Random Battle\n|rated|\n|rule|Species Clause: Limit one of each Pok\u00e9mon\n|rule|HP Percentage Mod: HP is shown in percentages\n|rule|Sleep Clause Mod: Limit one foe put to sleep\n|rule|Illusion Level Mod: Illusion disguises the Pok\u00e9mon's true level\n|\n|t:|1781388720\n|teamsize|p1|6\n|teamsize|p2|6\n|start\n|switch|p1a: Flamigo|Flamigo, L82, M|269/269\n|switch|p2a: Landorus|Landorus-Therian, L76, M|260/260\n|-ability|p2a: Landorus|Intimidate|boost\n|-fail|p1a: Flamigo|unboost|Attack|[from] ability: Scrappy|[of] p1a: Flamigo\n|turn|1\n|\n|t:|1781388734\n|switch|p2a: Glaceon|Glaceon, L94, F|275/275\n|move|p1a: Flamigo|Close Combat|p2a: Glaceon\n|-supereffective|p2a: Glaceon\n|-crit|p2a: Glaceon\n|-damage|p2a: Glaceon|0 fnt\n|-unboost|p1a: Flamigo|def|1\n|-unboost|p1a: Flamigo|spd|1\n|faint|p2a: Glaceon\n|-damage|p1a: Flamigo|243/269|[from] item: Life Orb\n|\n|upkeep\n|\n|t:|1781388747\n|switch|p2a: Latios|Latios, L78, M|253/253\n|turn|2\n|\n|t:|1781388763\n|switch|p1a: Clefable|Clefable, L83, F|293/293\n|move|p2a: Latios|Flip Turn|p1a: Clefable\n|-damage|p1a: Clefable|254/293\n|\n|t:|1781388773\n|switch|p2a: Landorus|Landorus-Therian, L76, M|260/260|[from] Flip Turn\n|-ability|p2a: Landorus|Intimidate|boost\n|-unboost|p1a: Clefable|atk|1\n|\n|-heal|p1a: Clefable|272/293|[from] item: Leftovers\n|upkeep\n|turn|3\n|\n|t:|1781388783\n|move|p2a: Landorus|Taunt|p1a: Clefable\n|-start|p1a: Clefable|move: Taunt\n|move|p1a: Clefable|Knock Off|p2a: Landorus\n|-damage|p2a: Landorus|221/260\n|-enditem|p2a: Landorus|Leftovers|[from] move: Knock Off|[of] p1a: Clefable\n|\n|-heal|p1a: Clefable|290/293|[from] item: Leftovers\n|upkeep\n|turn|4\n|\n|t:|1781388793\n|switch|p1a: Beartic|Beartic, L91, M|321/321\n|move|p2a: Landorus|Stealth Rock|p1a: Beartic\n|-sidestart|p1: ifishboi|move: Stealth Rock\n|\n|upkeep\n|turn|5\n|\n|t:|1781388798\n|move|p2a: Landorus|U-turn|p1a: Beartic\n|-damage|p1a: Beartic|268/321\n|\n|t:|1781388800\n|switch|p2a: Lanturn|Lanturn, L89, M|367/367|[from] U-turn\n|move|p1a: Beartic|Snowscape|p1a: Beartic\n|-weather|Snowscape\n|\n|-weather|Snowscape|[upkeep]\n|upkeep\n|turn|6\n|inactive|Battle timer is ON: inactive players will automatically lose when time's up. (requested by schleeby)\n|\n|t:|1781388814\n|switch|p2a: Landorus|Landorus-Therian, L76, M|221/260\n|-ability|p2a: Landorus|Intimidate|boost\n|-unboost|p1a: Beartic|atk|1\n|move|p1a: Beartic|Swords Dance|p1a: Beartic\n|-boost|p1a: Beartic|atk|2\n|\n|-weather|Snowscape|[upkeep]\n|upkeep\n|turn|7\n|\n|t:|1781388827\n|switch|p2a: Lanturn|Lanturn, L89, M|367/367\n|move|p1a: Beartic|Icicle Crash|p2a: Lanturn\n|-resisted|p2a: Lanturn\n|-damage|p2a: Lanturn|251/367\n|\n|-weather|Snowscape|[upkeep]\n|upkeep\n|turn|8\n|\n|t:|1781388856\n|move|p1a: Beartic|Close Combat|p2a: Lanturn\n|-damage|p2a: Lanturn|5/367\n|-unboost|p1a: Beartic|def|1\n|-unboost|p1a: Beartic|spd|1\n|move|p2a: Lanturn|Thunder Wave|p1a: Beartic\n|-status|p1a: Beartic|par\n|\n|-weather|Snowscape|[upkeep]\n|upkeep\n|turn|9\n|\n|t:|1781388864\n|move|p2a: Lanturn|Thunderbolt|p1a: Beartic\n|-damage|p1a: Beartic|129/321 par\n|move|p1a: Beartic|Close Combat|p2a: Lanturn\n|-damage|p2a: Lanturn|0 fnt\n|-unboost|p1a: Beartic|def|1\n|-unboost|p1a: Beartic|spd|1\n|faint|p2a: Lanturn\n|\n|-weather|none\n|upkeep\n|\n|t:|1781388873\n|switch|p2a: Primarina|Primarina, L83, F|268/268\n|turn|10\n|\n|t:|1781388877\n|move|p2a: Primarina|Sparkling Aria|p1a: Beartic\n|-damage|p1a: Beartic|0 fnt\n|faint|p1a: Beartic\n|\n|upkeep\n|\n|t:|1781388886\n|switch|p1a: Feraligatr|Feraligatr, L79, M|264/264\n|-damage|p1a: Feraligatr|231/264|[from] Stealth Rock\n|turn|11\n|inactive|schleeby has 120 seconds left.\n|\n|t:|1781388928\n|move|p1a: Feraligatr|Dragon Dance|p1a: Feraligatr\n|-boost|p1a: Feraligatr|atk|1\n|-boost|p1a: Feraligatr|spe|1\n|move|p2a: Primarina|Calm Mind|p2a: Primarina\n|-boost|p2a: Primarina|spa|1\n|-boost|p2a: Primarina|spd|1\n|\n|upkeep\n|turn|12\n|inactive|ifishboi has 120 seconds left.\n|\n|t:|1781388961\n|move|p1a: Feraligatr|Liquidation|p2a: Primarina\n|-resisted|p2a: Primarina\n|-damage|p2a: Primarina|139/268\n|move|p2a: Primarina|Draining Kiss|p1a: Feraligatr\n|-damage|p1a: Feraligatr|120/264\n|-heal|p2a: Primarina|222/268|[from] drain|[of] p1a: Feraligatr\n|\n|-heal|p2a: Primarina|238/268|[from] item: Leftovers\n|upkeep\n|turn|13\n|inactive|schleeby has 120 seconds left.\n|\n|t:|1781388982\n|move|p1a: Feraligatr|Dragon Dance|p1a: Feraligatr\n|-boost|p1a: Feraligatr|atk|1\n|-boost|p1a: Feraligatr|spe|1\n|move|p2a: Primarina|Draining Kiss|p1a: Feraligatr\n|-crit|p1a: Feraligatr\n|-damage|p1a: Feraligatr|0 fnt\n|-heal|p2a: Primarina|268/268|[from] drain|[of] p1a: Feraligatr\n|faint|p1a: Feraligatr\n|\n|upkeep\n|inactive|ifishboi has 120 seconds left.\n|\n|t:|1781389004\n|switch|p1a: Clefable|Clefable, L83, F|290/293\n|-damage|p1a: Clefable|254/293|[from] Stealth Rock\n|turn|14\n|inactive|schleeby has 120 seconds left.\n|\n|t:|1781389020\n|switch|p2a: Landorus|Landorus-Therian, L76, M|221/260\n|-ability|p2a: Landorus|Intimidate|boost\n|-unboost|p1a: Clefable|atk|1\n|move|p1a: Clefable|Knock Off|p2a: Landorus\n|-damage|p2a: Landorus|196/260\n|\n|-heal|p1a: Clefable|272/293|[from] item: Leftovers\n|upkeep\n|turn|15\n|inactive|ifishboi has 120 seconds left.\n|\n|t:|1781389041\n|switch|p1a: Vespiquen|Vespiquen, L99, F|299/299\n|-ability|p1a: Vespiquen|Pressure\n|move|p2a: Landorus|Earthquake|p1a: Vespiquen\n|-immune|p1a: Vespiquen\n|\n|upkeep\n|turn|16\n|inactive|ifishboi has 120 seconds left.\n|\n|t:|1781389048\n|switch|p1a: Flamigo|Flamigo, L82, M|243/269\n|-damage|p1a: Flamigo|210/269|[from] Stealth Rock\n|move|p2a: Landorus|Taunt|p1a: Flamigo\n|-start|p1a: Flamigo|move: Taunt\n|\n|upkeep\n|turn|17\n|\n|t:|1781389052\n|move|p1a: Flamigo|Brave Bird|p2a: Landorus\n|-damage|p2a: Landorus|4/260\n|-damage|p1a: Flamigo|147/269|[from] Recoil\n|-damage|p1a: Flamigo|121/269|[from] item: Life Orb\n|move|p2a: Landorus|U-turn|p1a: Flamigo\n|-resisted|p1a: Flamigo\n|-damage|p1a: Flamigo|106/269\n|\n|t:|1781389063\n|switch|p2a: Latios|Latios, L78, M|253/253|[from] U-turn\n|\n|upkeep\n|turn|18\n|inactive|ifishboi has 120 seconds left.\n|\n|t:|1781389090\n|switch|p1a: Vespiquen|Vespiquen, L99, F|299/299\n|-ability|p1a: Vespiquen|Pressure\n|move|p2a: Latios|Luster Purge|p1a: Vespiquen\n|-crit|p1a: Vespiquen\n|-damage|p1a: Vespiquen|113/299\n|-unboost|p1a: Vespiquen|spd|1\n|\n|upkeep\n|turn|19\n|\n|t:|1781389109\n|move|p2a: Latios|Luster Purge|p1a: Vespiquen\n|-damage|p1a: Vespiquen|0 fnt\n|faint|p1a: Vespiquen\n|\n|upkeep\n|inactive|ifishboi has 120 seconds left.\n|\n|t:|1781389147\n|switch|p1a: Arceus|Arceus-Dragon, L71|288/288\n|-damage|p1a: Arceus|252/288|[from] Stealth Rock\n|turn|20\n|inactive|ifishboi has 90 seconds left.\n|inactive|ifishboi has 60 seconds left.\n|\n|t:|1781389198\n|move|p2a: Latios|Luster Purge|p1a: Arceus\n|-damage|p1a: Arceus|89/288\n|-unboost|p1a: Arceus|spd|1\n|move|p1a: Arceus|Dragon Dance|p1a: Arceus\n|-boost|p1a: Arceus|atk|1\n|-boost|p1a: Arceus|spe|1\n|\n|upkeep\n|turn|21\n|inactive|ifishboi has 60 seconds left.\n|\n|t:|1781389205\n|move|p1a: Arceus|Flare Blitz|p2a: Latios\n|-resisted|p2a: Latios\n|-damage|p2a: Latios|185/253\n|-damage|p1a: Arceus|67/288|[from] Recoil\n|move|p2a: Latios|Luster Purge|p1a: Arceus\n|-damage|p1a: Arceus|0 fnt\n|faint|p1a: Arceus\n|\n|upkeep\n|\n|t:|1781389209\n|switch|p1a: Clefable|Clefable, L83, F|272/293\n|-damage|p1a: Clefable|236/293|[from] Stealth Rock\n|turn|22\n|\n|t:|1781389212\n|move|p2a: Latios|Luster Purge|p1a: Clefable\n|-damage|p1a: Clefable|62/293\n|-unboost|p1a: Clefable|spd|1\n|move|p1a: Clefable|Moonblast|p2a: Latios\n|-supereffective|p2a: Latios\n|-damage|p2a: Latios|0 fnt\n|faint|p2a: Latios\n|\n|-heal|p1a: Clefable|80/293|[from] item: Leftovers\n|upkeep\n|\n|t:|1781389222\n|switch|p2a: Pawmot|Pawmot, L80, F|243/243\n|turn|23\n|\n|t:|1781389235\n|move|p2a: Pawmot|Double Shock|p1a: Clefable\n|-damage|p1a: Clefable|0 fnt\n|-start|p2a: Pawmot|typechange|???/Fighting|[from] move: Double Shock\n|faint|p1a: Clefable\n|-damage|p2a: Pawmot|219/243|[from] item: Life Orb\n|\n|upkeep\n|\n|t:|1781389237\n|switch|p1a: Flamigo|Flamigo, L82, M|106/269\n|-damage|p1a: Flamigo|73/269|[from] Stealth Rock\n|turn|24\n|\n|t:|1781389240\n|move|p2a: Pawmot|Ice Punch|p1a: Flamigo\n|-supereffective|p1a: Flamigo\n|-damage|p1a: Flamigo|0 fnt\n|faint|p1a: Flamigo\n|-damage|p2a: Pawmot|195/243|[from] item: Life Orb\n|\n|win|schleeby\n", "uploadtime": 1781388723, "views": 3, "formatid": "gen9randombattle", "rating": null, "private": 0, "password": null}