{"id": "gen9randombattle-2631887450", "format": "[Gen 9] Random Battle", "players": ["rgrgreger", "Lunar Sloth"], "log": "|j|\u2606rgrgreger\n|j|\u2606Lunar Sloth\n|t:|1781452200\n|gametype|singles\n|player|p1|rgrgreger|zinzolin|1988\n|player|p2|Lunar Sloth|jupiter|2009\n|gen|9\n|tier|[Gen 9] Random Battle\n|rated|\n|rule|Species Clause: Limit one of each Pok\u00e9mon\n|rule|HP Percentage Mod: HP is shown in percentages\n|rule|Sleep Clause Mod: Limit one foe put to sleep\n|rule|Illusion Level Mod: Illusion disguises the Pok\u00e9mon's true level\n|\n|t:|1781452200\n|teamsize|p1|6\n|teamsize|p2|6\n|start\n|switch|p1a: Drednaw|Drednaw, L81, M|278/278\n|switch|p2a: Noctowl|Noctowl, L95, M|344/344\n|turn|1\n|inactive|Battle timer is ON: inactive players will automatically lose when time's up. (requested by rgrgreger)\n|\n|t:|1781452226\n|move|p2a: Noctowl|Hyper Voice|p1a: Drednaw\n|-resisted|p1a: Drednaw\n|-damage|p1a: Drednaw|128/278\n|move|p1a: Drednaw|Shell Smash|p1a: Drednaw\n|-unboost|p1a: Drednaw|def|1\n|-unboost|p1a: Drednaw|spd|1\n|-boost|p1a: Drednaw|atk|2\n|-boost|p1a: Drednaw|spa|2\n|-boost|p1a: Drednaw|spe|2\n|-enditem|p1a: Drednaw|White Herb\n|-clearnegativeboost|p1a: Drednaw|[silent]\n|\n|upkeep\n|turn|2\n|\n|t:|1781452251\n|move|p1a: Drednaw|Stone Edge|p2a: Noctowl|[miss]\n|-miss|p1a: Drednaw|p2a: Noctowl\n|move|p2a: Noctowl|Hyper Voice|p1a: Drednaw\n|-resisted|p1a: Drednaw\n|-damage|p1a: Drednaw|0 fnt\n|faint|p1a: Drednaw\n|\n|upkeep\n|\n|t:|1781452258\n|switch|p1a: Florges|Florges, L85, F|271/271\n|turn|3\n|\n|t:|1781452265\n|move|p2a: Noctowl|Nasty Plot|p2a: Noctowl\n|-boost|p2a: Noctowl|spa|2\n|move|p1a: Florges|Calm Mind|p1a: Florges\n|-boost|p1a: Florges|spa|1\n|-boost|p1a: Florges|spd|1\n|\n|upkeep\n|turn|4\n|\n|t:|1781452272\n|move|p2a: Noctowl|Nasty Plot|p2a: Noctowl\n|-boost|p2a: Noctowl|spa|2\n|move|p1a: Florges|Calm Mind|p1a: Florges\n|-boost|p1a: Florges|spa|1\n|-boost|p1a: Florges|spd|1\n|\n|upkeep\n|turn|5\n|\n|t:|1781452279\n|move|p2a: Noctowl|Hyper Voice|p1a: Florges\n|-damage|p1a: Florges|168/271\n|move|p1a: Florges|Moonblast|p2a: Noctowl\n|-damage|p2a: Noctowl|166/344\n|-unboost|p2a: Noctowl|spa|1\n|\n|-heal|p1a: Florges|184/271|[from] item: Leftovers\n|upkeep\n|turn|6\n|\n|t:|1781452287\n|switch|p2a: Maushold|Maushold, L76|238/238\n|move|p1a: Florges|Moonblast|p2a: Maushold\n|-damage|p2a: Maushold|0 fnt\n|faint|p2a: Maushold\n|\n|-heal|p1a: Florges|200/271|[from] item: Leftovers\n|upkeep\n|\n|t:|1781452295\n|switch|p2a: Greninja|Greninja, L80, M|246/246\n|turn|7\n|\n|t:|1781452301\n|switch|p1a: Sandslash|Sandslash-Alola, L88, M|275/275\n|move|p2a: Greninja|Gunk Shot|p1a: Sandslash\n|-start|p2a: Greninja|typechange|Poison|[from] ability: Protean\n|-immune|p1a: Sandslash\n|\n|upkeep\n|turn|8\n|\n|t:|1781452310\n|move|p2a: Greninja|U-turn|p1a: Sandslash\n|-resisted|p1a: Sandslash\n|-damage|p1a: Sandslash|252/275\n|-damage|p2a: Greninja|222/246|[from] item: Life Orb\n|\n|t:|1781452312\n|switch|p2a: Barraskewda|Barraskewda, L81, F|231/231|[from] U-turn\n|move|p1a: Sandslash|Rapid Spin|p2a: Barraskewda\n|-damage|p2a: Barraskewda|177/231\n|-boost|p1a: Sandslash|spe|1\n|\n|-heal|p1a: Sandslash|269/275|[from] item: Leftovers\n|upkeep\n|turn|9\n|\n|t:|1781452319\n|switch|p1a: Appletun|Appletun, L92, F|352/352\n|move|p2a: Barraskewda|Flip Turn|p1a: Appletun\n|-resisted|p1a: Appletun\n|-damage|p1a: Appletun|326/352\n|\n|t:|1781452328\n|switch|p2a: Heracross|Heracross, L80, F|259/259|[from] Flip Turn\n|\n|-heal|p1a: Appletun|348/352|[from] item: Leftovers\n|-status|p2a: Heracross|brn|[from] item: Flame Orb\n|upkeep\n|turn|10\n|inactive|rgrgreger has 120 seconds left.\n|\n|t:|1781452385\n|switch|p1a: Ceruledge|Ceruledge, L78, F|245/245\n|move|p2a: Heracross|Close Combat|p1a: Ceruledge\n|-immune|p1a: Ceruledge\n|\n|-damage|p2a: Heracross|243/259 brn|[from] brn\n|upkeep\n|turn|11\n|\n|t:|1781452410\n|move|p2a: Heracross|Knock Off|p1a: Ceruledge\n|-supereffective|p1a: Ceruledge\n|-damage|p1a: Ceruledge|0 fnt\n|-enditem|p1a: Ceruledge|Heavy-Duty Boots|[from] move: Knock Off|[of] p2a: Heracross\n|faint|p1a: Ceruledge\n|\n|-damage|p2a: Heracross|227/259 brn|[from] brn\n|upkeep\n|\n|t:|1781452416\n|switch|p1a: Appletun|Appletun, L92, F|348/352\n|turn|12\n|\n|t:|1781452437\n|switch|p2a: Noctowl|Noctowl, L95, M|166/344\n|move|p1a: Appletun|Dragon Pulse|p2a: Noctowl\n|-crit|p2a: Noctowl\n|-damage|p2a: Noctowl|28/344\n|\n|-heal|p1a: Appletun|352/352|[from] item: Leftovers\n|upkeep\n|turn|13\n|\n|t:|1781452445\n|switch|p1a: Sandslash|Sandslash-Alola, L88, M|269/275\n|move|p2a: Noctowl|Hurricane|p1a: Sandslash|[miss]\n|-miss|p2a: Noctowl|p1a: Sandslash\n|\n|-heal|p1a: Sandslash|275/275|[from] item: Leftovers\n|upkeep\n|turn|14\n|\n|t:|1781452452\n|move|p2a: Noctowl|Hurricane|p1a: Sandslash\n|-resisted|p1a: Sandslash\n|-damage|p1a: Sandslash|113/275\n|move|p1a: Sandslash|Rapid Spin|p2a: Noctowl\n|-damage|p2a: Noctowl|0 fnt\n|-boost|p1a: Sandslash|spe|1\n|faint|p2a: Noctowl\n|\n|-heal|p1a: Sandslash|130/275|[from] item: Leftovers\n|upkeep\n|\n|t:|1781452465\n|switch|p2a: Barraskewda|Barraskewda, L81, F|177/231\n|turn|15\n|inactive|Lunar Sloth has 120 seconds left.\n|\n|t:|1781452485\n|move|p2a: Barraskewda|Waterfall|p1a: Sandslash\n|-damage|p1a: Sandslash|31/275\n|move|p1a: Sandslash|Rapid Spin|p2a: Barraskewda\n|-damage|p2a: Barraskewda|118/231\n|-boost|p1a: Sandslash|spe|1\n|\n|-heal|p1a: Sandslash|48/275|[from] item: Leftovers\n|upkeep\n|turn|16\n|\n|t:|1781452492\n|move|p1a: Sandslash|Iron Head|p2a: Barraskewda\n|-resisted|p2a: Barraskewda\n|-damage|p2a: Barraskewda|53/231\n|move|p2a: Barraskewda|Waterfall|p1a: Sandslash\n|-damage|p1a: Sandslash|0 fnt\n|faint|p1a: Sandslash\n|\n|upkeep\n|\n|t:|1781452498\n|switch|p1a: Crawdaunt|Crawdaunt, L84, M|243/243\n|turn|17\n|\n|t:|1781452510\n|switch|p2a: Crabominable|Crabominable, L90, M|321/321\n|move|p1a: Crawdaunt|Dragon Dance|p1a: Crawdaunt\n|-boost|p1a: Crawdaunt|atk|1\n|-boost|p1a: Crawdaunt|spe|1\n|\n|upkeep\n|turn|18\n|\n|t:|1781452518\n|-terastallize|p1a: Crawdaunt|Water\n|-terastallize|p2a: Crabominable|Water\n|move|p1a: Crawdaunt|Crabhammer|p2a: Crabominable\n|-resisted|p2a: Crabominable\n|-crit|p2a: Crabominable\n|-damage|p2a: Crabominable|61/321\n|-damage|p1a: Crawdaunt|219/243|[from] item: Life Orb\n|move|p2a: Crabominable|Drain Punch|p1a: Crawdaunt\n|-damage|p1a: Crawdaunt|71/243\n|-heal|p2a: Crabominable|135/321|[from] drain|[of] p1a: Crawdaunt\n|\n|upkeep\n|turn|19\n|inactive|Lunar Sloth has 120 seconds left.\n|\n|t:|1781452549\n|switch|p2a: Barraskewda|Barraskewda, L81, F|53/231\n|move|p1a: Crawdaunt|Knock Off|p2a: Barraskewda\n|-damage|p2a: Barraskewda|0 fnt\n|-enditem|p2a: Barraskewda|Choice Band|[from] move: Knock Off|[of] p1a: Crawdaunt\n|faint|p2a: Barraskewda\n|-damage|p1a: Crawdaunt|47/243|[from] item: Life Orb\n|\n|upkeep\n|\n|t:|1781452551\n|switch|p2a: Greninja|Greninja, L80, M|222/246\n|turn|20\n|\n|t:|1781452557\n|move|p1a: Crawdaunt|Aqua Jet|p2a: Greninja\n|-resisted|p2a: Greninja\n|-damage|p2a: Greninja|134/246\n|-damage|p1a: Crawdaunt|23/243|[from] item: Life Orb\n|move|p2a: Greninja|U-turn|p1a: Crawdaunt\n|-start|p2a: Greninja|typechange|Bug|[from] ability: Protean\n|-damage|p1a: Crawdaunt|0 fnt\n|faint|p1a: Crawdaunt\n|-damage|p2a: Greninja|110/246|[from] item: Life Orb\n|\n|t:|1781452561\n|switch|p2a: Heracross|Heracross, L80, F|227/259 brn|[from] U-turn\n|\n|-damage|p2a: Heracross|211/259 brn|[from] brn\n|upkeep\n|-message|rgrgreger forfeited.\n|\n|win|Lunar Sloth\n|raw|rgrgreger's rating: 1988 &rarr; <strong>1969</strong><br />(-19 for losing)\n|raw|Lunar Sloth's rating: 2009 &rarr; <strong>2028</strong><br />(+19 for winning)\n", "inputlog": ">version a8376a258c1d4662feba110a92103f3664a72141\n>start {\"formatid\":\"gen9randombattle\",\"seed\":\"sodium,800d2d19e97c281eadbadb5bdcfd3bd9\",\"rated\":\"Rated battle\"}\n>player p1 {\"name\":\"rgrgreger\",\"avatar\":\"zinzolin\",\"rating\":1988,\"seed\":\"sodium,4341fa034506a4bac0b6930e41504367\"}\n>player p2 {\"name\":\"Lunar Sloth\",\"avatar\":\"jupiter\",\"rating\":2009,\"seed\":\"sodium,a28baadd2a0a8f8fab372097e0b0b893\"}\n>p1 move shellsmash\n>p2 move hypervoice\n>p1 move stoneedge\n>p2 move hypervoice\n>p1 switch 3\n>p1 move calmmind\n>p2 move nastyplot\n>p1 move calmmind\n>p2 move nastyplot\n>p1 move moonblast\n>p2 move hypervoice\n>p1 move moonblast\n>p2 switch 5\n>p2 switch 2\n>p1 switch 4\n>p2 move gunkshot\n>p1 move rapidspin\n>p2 move uturn\n>p2 switch 4\n>p1 switch 2\n>p2 move flipturn\n>p2 switch 6\n>p1 switch 6\n>p2 move closecombat\n>p1 move bitterblade\n>p2 move knockoff\n>p1 switch 6\n>p1 move dragonpulse\n>p2 switch 5\n>p1 switch 2\n>p2 move hurricane\n>p1 move rapidspin\n>p2 move hurricane\n>p2 switch 6\n>p1 move rapidspin\n>p2 move waterfall\n>p1 move ironhead\n>p2 move waterfall\n>p1 switch 5\n>p1 move dragondance\n>p2 switch 3\n>p1 move crabhammer terastallize\n>p2 move drainpunch terastallize\n>p1 move knockoff\n>p2 switch 3\n>p2 switch 4\n>p1 move aquajet\n>p2 move uturn\n>p2 switch 5\n>forcelose p1", "uploadtime": 1781452202, "views": 6, "formatid": "gen9randombattle", "rating": 1969, "private": 0, "password": null}