{"id": "gen9randombattle-2631467398", "format": "[Gen 9] Random Battle", "players": ["mrcar5", "nitromegamer007"], "log": "|j|\u2606mrcar5\n|j|\u2606nitromegamer007\n|t:|1781388336\n|gametype|singles\n|player|p1|mrcar5|265|\n|player|p2|nitromegamer007|101|\n|gen|9\n|tier|[Gen 9] Random Battle\n|rule|Species Clause: Limit one of each Pok\u00e9mon\n|rule|HP Percentage Mod: HP is shown in percentages\n|rule|Sleep Clause Mod: Limit one foe put to sleep\n|rule|Illusion Level Mod: Illusion disguises the Pok\u00e9mon's true level\n|\n|t:|1781388336\n|teamsize|p1|6\n|teamsize|p2|6\n|start\n|switch|p1a: Comfey|Comfey, L85, M|225/225\n|switch|p2a: Chien-Pao|Chien-Pao, L72|234/234\n|-ability|p2a: Chien-Pao|Sword of Ruin\n|turn|1\n|l|\u2606mrcar5\n|player|p1|\n|j|\u2606mrcar5\n|player|p1|mrcar5|265|\n|\n|t:|1781388379\n|-terastallize|p1a: Comfey|Ground\n|move|p2a: Chien-Pao|Swords Dance|p2a: Chien-Pao\n|-boost|p2a: Chien-Pao|atk|2\n|move|p1a: Comfey|Calm Mind|p1a: Comfey\n|-boost|p1a: Comfey|spa|1\n|-boost|p1a: Comfey|spd|1\n|\n|upkeep\n|turn|2\n|\n|t:|1781388389\n|move|p2a: Chien-Pao|Icicle Crash|p1a: Comfey\n|-supereffective|p1a: Comfey\n|-damage|p1a: Comfey|0 fnt\n|faint|p1a: Comfey\n|\n|upkeep\n|\n|t:|1781388401\n|switch|p1a: Raging Bolt|Raging Bolt, L78|323/323\n|turn|3\n|\n|t:|1781388411\n|move|p1a: Raging Bolt|Thunderclap|p2a: Chien-Pao\n|-damage|p2a: Chien-Pao|104/234\n|move|p2a: Chien-Pao|Icicle Crash|p1a: Raging Bolt\n|-supereffective|p1a: Raging Bolt\n|-damage|p1a: Raging Bolt|0 fnt\n|faint|p1a: Raging Bolt\n|-end|p1a: Raging Bolt|Protosynthesis|[silent]\n|\n|upkeep\n|\n|t:|1781388421\n|switch|p1a: Houndstone|Houndstone, L86, F|264/264\n|turn|4\n|\n|t:|1781388428\n|move|p2a: Chien-Pao|Throat Chop|p1a: Houndstone\n|-supereffective|p1a: Houndstone\n|-damage|p1a: Houndstone|84/264\n|-start|p1a: Houndstone|Throat Chop|[silent]\n|move|p1a: Houndstone|Body Press|p2a: Chien-Pao\n|-supereffective|p2a: Chien-Pao\n|-damage|p2a: Chien-Pao|0 fnt\n|faint|p2a: Chien-Pao\n|\n|upkeep\n|\n|t:|1781388441\n|switch|p2a: Hoopa|Hoopa, L85|275/275\n|turn|5\n|\n|t:|1781388448\n|move|p1a: Houndstone|Shadow Sneak|p2a: Hoopa\n|-supereffective|p2a: Hoopa\n|-damage|p2a: Hoopa|23/275\n|move|p2a: Hoopa|Shadow Ball|p1a: Houndstone\n|-supereffective|p1a: Houndstone\n|-damage|p1a: Houndstone|0 fnt\n|faint|p1a: Houndstone\n|\n|upkeep\n|\n|t:|1781388462\n|switch|p1a: Urshifu|Urshifu-Rapid-Strike, L75, M|274/274\n|turn|6\n|\n|t:|1781388475\n|-terastallize|p2a: Hoopa|Ghost\n|move|p2a: Hoopa|Shadow Ball|p1a: Urshifu\n|-damage|p1a: Urshifu|46/274\n|move|p1a: Urshifu|Surging Strikes|p2a: Hoopa\n|-crit|p2a: Hoopa\n|-damage|p2a: Hoopa|0 fnt\n|faint|p2a: Hoopa\n|-hitcount|p2: Hoopa|1\n|-damage|p1a: Urshifu|19/274|[from] item: Life Orb\n|\n|upkeep\n|\n|t:|1781388486\n|switch|p2a: Blastoise|Blastoise, L80, M|258/258\n|turn|7\n|\n|t:|1781388497\n|move|p1a: Urshifu|Close Combat|p2a: Blastoise\n|-damage|p2a: Blastoise|98/258\n|-unboost|p1a: Urshifu|def|1\n|-unboost|p1a: Urshifu|spd|1\n|-damage|p1a: Urshifu|0 fnt|[from] item: Life Orb\n|faint|p1a: Urshifu\n|move|p2a: Blastoise|Earthquake|p1: Urshifu|[notarget]\n|-fail|p2a: Blastoise\n|\n|upkeep\n|\n|t:|1781388508\n|switch|p1a: Minior|Minior-Violet, L79|224/224\n|-formechange|p1a: Minior|Minior-Meteor||[from] ability: Shields Down\n|turn|8\n|\n|t:|1781388523\n|move|p2a: Blastoise|Ice Beam|p1a: Minior\n|-supereffective|p1a: Minior\n|-damage|p1a: Minior|116/224\n|move|p1a: Minior|Shell Smash|p1a: Minior\n|-unboost|p1a: Minior|def|1\n|-unboost|p1a: Minior|spd|1\n|-boost|p1a: Minior|atk|2\n|-boost|p1a: Minior|spa|2\n|-boost|p1a: Minior|spe|2\n|-enditem|p1a: Minior|White Herb\n|-clearnegativeboost|p1a: Minior|[silent]\n|\n|upkeep\n|turn|9\n|\n|t:|1781388536\n|move|p1a: Minior|Acrobatics|p2a: Blastoise\n|-damage|p2a: Blastoise|0 fnt\n|faint|p2a: Blastoise\n|\n|upkeep\n|\n|t:|1781388542\n|switch|p2a: Mewtwo|Mewtwo, L72|272/272\n|-ability|p2a: Mewtwo|Unnerve\n|turn|10\n|\n|t:|1781388552\n|move|p1a: Minior|Acrobatics|p2a: Mewtwo\n|-damage|p2a: Mewtwo|95/272\n|move|p2a: Mewtwo|Psystrike|p1a: Minior\n|-damage|p1a: Minior|0 fnt\n|faint|p1a: Minior\n|-damage|p2a: Mewtwo|68/272|[from] item: Life Orb\n|\n|upkeep\n|\n|t:|1781388556\n|switch|p1a: Flamigo|Flamigo, L82, F|269/269\n|turn|11\n|\n|t:|1781388570\n|move|p2a: Mewtwo|Psystrike|p1a: Flamigo\n|-supereffective|p1a: Flamigo\n|-damage|p1a: Flamigo|0 fnt\n|faint|p1a: Flamigo\n|-damage|p2a: Mewtwo|41/272|[from] item: Life Orb\n|\n|win|nitromegamer007\n", "inputlog": ">version a8376a258c1d4662feba110a92103f3664a72141\n>start {\"formatid\":\"gen9randombattle\",\"seed\":\"sodium,ff1e0cde84facb245bc03340c58654f2\"}\n>player p1 {\"name\":\"mrcar5\",\"avatar\":\"265\",\"rating\":0,\"seed\":\"sodium,741567eeba60f10698f4ec39d34cb84e\"}\n>player p2 {\"name\":\"nitromegamer007\",\"avatar\":\"101\",\"rating\":0,\"seed\":\"sodium,919937cef3744edfe90c7e358e76e749\"}\n>p1 move calmmind terastallize\n>p2 move swordsdance\n>p1 move encore\n>p2 move iciclecrash\n>p1 switch 2\n>p1 move thunderclap\n>p2 move iciclecrash\n>p1 switch 4\n>p1 move bodypress\n>p2 move throatchop\n>p2 switch 4\n>p1 move shadowsneak\n>p2 move shadowball\n>p1 switch 6\n>p1 move surgingstrikes\n>p2 move shadowball terastallize\n>p2 switch 3\n>p1 move closecombat\n>p2 move earthquake\n>p1 switch 3\n>p1 move shellsmash\n>p2 move icebeam\n>p1 move acrobatics\n>p2 move hydropump\n>p2 switch 2\n>p1 move acrobatics\n>p2 move psystrike\n>p1 switch 5\n>p1 move bravebird\n>p2 move psystrike", "uploadtime": 1781388577, "views": 18, "formatid": "gen9randombattle", "rating": null, "private": 0, "password": null}