{"id": "gen9randombattle-2631611376", "format": "[Gen 9] Random Battle", "players": ["DJSparker", "nickolassbomfim"], "log": "|j|\u2606DJSparker\n|j|\u2606nickolassbomfim\n|t:|1781408631\n|gametype|singles\n|player|p1|DJSparker|psychic-gen4|1918\n|player|p2|nickolassbomfim|red-masters|1934\n|gen|9\n|tier|[Gen 9] Random Battle\n|rated|\n|rule|Species Clause: Limit one of each Pok\u00e9mon\n|rule|HP Percentage Mod: HP is shown in percentages\n|rule|Sleep Clause Mod: Limit one foe put to sleep\n|rule|Illusion Level Mod: Illusion disguises the Pok\u00e9mon's true level\n|\n|t:|1781408631\n|teamsize|p1|6\n|teamsize|p2|6\n|start\n|switch|p1a: Ceruledge|Ceruledge, L78, M|245/245\n|switch|p2a: Uxie|Uxie, L83|260/260\n|turn|1\n|inactive|Battle timer is ON: inactive players will automatically lose when time's up. (requested by nickolassbomfim)\n|\n|t:|1781408651\n|switch|p1a: Whiscash|Whiscash, L88, M|337/337\n|move|p2a: Uxie|Thunder Wave|p1a: Whiscash\n|-immune|p1a: Whiscash\n|\n|upkeep\n|turn|2\n|\n|t:|1781408658\n|move|p2a: Uxie|U-turn|p1a: Whiscash\n|-damage|p1a: Whiscash|295/337\n|\n|t:|1781408660\n|switch|p2a: Poliwrath|Poliwrath, L88, F|302/302|[from] U-turn\n|move|p1a: Whiscash|Stealth Rock|p2a: Poliwrath\n|-sidestart|p2: nickolassbomfim|move: Stealth Rock\n|\n|-heal|p1a: Whiscash|316/337|[from] item: Leftovers\n|upkeep\n|turn|3\n|\n|t:|1781408680\n|switch|p1a: Breloom|Breloom, L83, F|235/235\n|move|p2a: Poliwrath|Knock Off|p1a: Breloom\n|-resisted|p1a: Breloom\n|-damage|p1a: Breloom|194/235\n|-enditem|p1a: Breloom|Life Orb|[from] move: Knock Off|[of] p2a: Poliwrath\n|\n|upkeep\n|turn|4\n|\n|t:|1781408686\n|move|p2a: Poliwrath|Close Combat|p1a: Breloom\n|-damage|p1a: Breloom|56/235\n|-unboost|p2a: Poliwrath|def|1\n|-unboost|p2a: Poliwrath|spd|1\n|move|p1a: Breloom|Spore|p2a: Poliwrath\n|-status|p2a: Poliwrath|slp|[from] move: Spore\n|\n|upkeep\n|turn|5\n|\n|t:|1781408690\n|switch|p2a: Uxie|Uxie, L83|260/260\n|-damage|p2a: Uxie|228/260|[from] Stealth Rock\n|move|p1a: Breloom|Bullet Seed|p2a: Uxie\n|-damage|p2a: Uxie|194/260\n|-damage|p2a: Uxie|157/260\n|-damage|p2a: Uxie|124/260\n|-damage|p2a: Uxie|88/260\n|-hitcount|p2a: Uxie|4\n|\n|-heal|p2a: Uxie|104/260|[from] item: Leftovers\n|upkeep\n|turn|6\n|\n|t:|1781408702\n|switch|p1a: Whiscash|Whiscash, L88, M|316/337\n|move|p2a: Uxie|Psychic Noise|p1a: Whiscash\n|-crit|p1a: Whiscash\n|-damage|p1a: Whiscash|210/337\n|-start|p1a: Whiscash|move: Heal Block\n|\n|-heal|p2a: Uxie|120/260|[from] item: Leftovers\n|upkeep\n|turn|7\n|\n|t:|1781408712\n|move|p2a: Uxie|U-turn|p1a: Whiscash\n|-damage|p1a: Whiscash|163/337\n|\n|t:|1781408715\n|switch|p2a: Poliwrath|Poliwrath, L88, F|302/302 slp|[from] U-turn\n|-damage|p2a: Poliwrath|284/302 slp|[from] Stealth Rock\n|move|p1a: Whiscash|Ice Beam|p2a: Poliwrath\n|-resisted|p2a: Poliwrath\n|-damage|p2a: Poliwrath|266/302 slp\n|\n|-end|p1a: Whiscash|move: Heal Block\n|upkeep\n|turn|8\n|\n|t:|1781408719\n|switch|p1a: Breloom|Breloom, L83, F|56/235\n|cant|p2a: Poliwrath|slp\n|\n|upkeep\n|turn|9\n|\n|t:|1781408722\n|cant|p2a: Poliwrath|slp\n|move|p1a: Breloom|Bullet Seed|p2a: Poliwrath\n|-supereffective|p2a: Poliwrath\n|-damage|p2a: Poliwrath|180/302 slp\n|-supereffective|p2a: Poliwrath\n|-damage|p2a: Poliwrath|88/302 slp\n|-supereffective|p2a: Poliwrath\n|-damage|p2a: Poliwrath|4/302 slp\n|-hitcount|p2a: Poliwrath|3\n|\n|upkeep\n|turn|10\n|\n|t:|1781408730\n|move|p1a: Breloom|Mach Punch|p2a: Poliwrath\n|-damage|p2a: Poliwrath|0 fnt\n|faint|p2a: Poliwrath\n|\n|upkeep\n|\n|t:|1781408738\n|switch|p2a: Uxie|Uxie, L83|120/260\n|-damage|p2a: Uxie|88/260|[from] Stealth Rock\n|turn|11\n|\n|t:|1781408746\n|move|p1a: Breloom|Mach Punch|p2a: Uxie\n|-resisted|p2a: Uxie\n|-damage|p2a: Uxie|58/260\n|move|p2a: Uxie|Psychic Noise|p1a: Breloom\n|-supereffective|p1a: Breloom\n|-damage|p1a: Breloom|0 fnt\n|faint|p1a: Breloom\n|\n|-heal|p2a: Uxie|74/260|[from] item: Leftovers\n|upkeep\n|\n|t:|1781408755\n|switch|p1a: Cinderace|Cinderace, L77, F|249/249\n|turn|12\n|\n|t:|1781408758\n|move|p1a: Cinderace|U-turn|p2a: Uxie\n|-start|p1a: Cinderace|typechange|Bug|[from] ability: Libero\n|-supereffective|p2a: Uxie\n|-damage|p2a: Uxie|0 fnt\n|faint|p2a: Uxie\n|\n|t:|1781408763\n|switch|p1a: Ceruledge|Ceruledge, L78, M|245/245|[from] U-turn\n|\n|upkeep\n|\n|t:|1781408770\n|switch|p2a: Dugtrio|Dugtrio-Alola, L84, F|196/196\n|-damage|p2a: Dugtrio|190/196|[from] Stealth Rock\n|turn|13\n|\n|t:|1781408784\n|-terastallize|p1a: Ceruledge|Fighting\n|move|p2a: Dugtrio|Swords Dance|p2a: Dugtrio\n|-boost|p2a: Dugtrio|atk|2\n|move|p1a: Ceruledge|Swords Dance|p1a: Ceruledge\n|-boost|p1a: Ceruledge|atk|2\n|\n|upkeep\n|turn|14\n|\n|t:|1781408789\n|move|p2a: Dugtrio|Earthquake|p1a: Ceruledge\n|-damage|p1a: Ceruledge|0 fnt\n|faint|p1a: Ceruledge\n|-damage|p2a: Dugtrio|171/196|[from] item: Life Orb\n|\n|upkeep\n|\n|t:|1781408802\n|switch|p1a: Bombirdier|Bombirdier, L85, F|258/258\n|turn|15\n|\n|t:|1781408807\n|-terastallize|p2a: Dugtrio|Steel\n|move|p2a: Dugtrio|Iron Head|p1a: Bombirdier\n|-damage|p1a: Bombirdier|0 fnt\n|faint|p1a: Bombirdier\n|-damage|p2a: Dugtrio|152/196|[from] item: Life Orb\n|\n|upkeep\n|\n|t:|1781408813\n|switch|p1a: Garchomp|Garchomp, L74, M|282/282\n|turn|16\n|\n|t:|1781408817\n|move|p2a: Dugtrio|Iron Head|p1a: Garchomp\n|-damage|p1a: Garchomp|0 fnt\n|-damage|p2a: Dugtrio|128/196|[from] ability: Rough Skin|[of] p1a: Garchomp\n|faint|p1a: Garchomp\n|-damage|p2a: Dugtrio|109/196|[from] item: Life Orb\n|\n|upkeep\n|-message|DJSparker forfeited.\n|\n|win|nickolassbomfim\n", "uploadtime": 1781408632, "views": 4, "formatid": "gen9randombattle", "rating": null, "private": 0, "password": null}