{"id": "gen9randombattle-2631732868", "format": "[Gen 9] Random Battle", "players": ["8btry8", "PrimalRazz"], "log": "|j|\u26068btry8\n|j|\u2606PrimalRazz\n|t:|1781430502\n|gametype|singles\n|player|p1|8btry8|1|1916\n|player|p2|PrimalRazz|scientist|1908\n|gen|9\n|tier|[Gen 9] Random Battle\n|rated|\n|rule|Species Clause: Limit one of each Pok\u00e9mon\n|rule|HP Percentage Mod: HP is shown in percentages\n|rule|Sleep Clause Mod: Limit one foe put to sleep\n|rule|Illusion Level Mod: Illusion disguises the Pok\u00e9mon's true level\n|\n|t:|1781430502\n|teamsize|p1|6\n|teamsize|p2|6\n|start\n|switch|p1a: Decidueye|Decidueye-Hisui, L87, M|295/295\n|switch|p2a: Scovillain|Scovillain, L91, F|266/266\n|turn|1\n|inactive|Battle timer is ON: inactive players will automatically lose when time's up. (requested by PrimalRazz)\n|\n|t:|1781430515\n|move|p2a: Scovillain|Substitute|p2a: Scovillain\n|-start|p2a: Scovillain|Substitute\n|-damage|p2a: Scovillain|200/266\n|move|p1a: Decidueye|Triple Arrows|p2a: Scovillain\n|-end|p2a: Scovillain|Substitute\n|\n|-heal|p2a: Scovillain|216/266|[from] item: Leftovers\n|upkeep\n|turn|2\n|\n|t:|1781430524\n|move|p2a: Scovillain|Flamethrower|p1a: Decidueye\n|-supereffective|p1a: Decidueye\n|-damage|p1a: Decidueye|71/295\n|-status|p1a: Decidueye|brn\n|move|p1a: Decidueye|Triple Arrows|p2a: Scovillain\n|-damage|p2a: Scovillain|153/266\n|-unboost|p2a: Scovillain|def|1\n|\n|-heal|p2a: Scovillain|169/266|[from] item: Leftovers\n|-heal|p1a: Decidueye|89/295 brn|[from] item: Leftovers\n|-damage|p1a: Decidueye|71/295 brn|[from] brn\n|upkeep\n|turn|3\n|\n|t:|1781430537\n|move|p2a: Scovillain|Flamethrower|p1a: Decidueye\n|-supereffective|p1a: Decidueye\n|-damage|p1a: Decidueye|0 fnt\n|faint|p1a: Decidueye\n|\n|-heal|p2a: Scovillain|185/266|[from] item: Leftovers\n|upkeep\n|\n|t:|1781430549\n|switch|p1a: Golurk|Golurk, L87|297/297\n|turn|4\n|\n|t:|1781430563\n|move|p2a: Scovillain|Protect|p2a: Scovillain\n|-singleturn|p2a: Scovillain|Protect\n|move|p1a: Golurk|Poltergeist|p2a: Scovillain\n|-activate|p2a: Scovillain|move: Protect\n|\n|-heal|p2a: Scovillain|201/266|[from] item: Leftovers\n|upkeep\n|turn|5\n|\n|t:|1781430573\n|move|p2a: Scovillain|Substitute|p2a: Scovillain\n|-start|p2a: Scovillain|Substitute\n|-damage|p2a: Scovillain|135/266\n|move|p1a: Golurk|Poltergeist|p2a: Scovillain\n|-activate|p2a: Scovillain|move: Poltergeist|Leftovers\n|-end|p2a: Scovillain|Substitute\n|-damage|p1a: Golurk|268/297|[from] item: Life Orb\n|\n|-heal|p2a: Scovillain|151/266|[from] item: Leftovers\n|upkeep\n|turn|6\n|\n|t:|1781430585\n|switch|p2a: Vigoroth|Vigoroth, L85, F|275/275\n|move|p1a: Golurk|Earthquake|p2a: Vigoroth\n|-damage|p2a: Vigoroth|141/275\n|-damage|p1a: Golurk|239/297|[from] item: Life Orb\n|\n|upkeep\n|turn|7\n|\n|t:|1781430595\n|move|p2a: Vigoroth|Knock Off|p1a: Golurk\n|-supereffective|p1a: Golurk\n|-damage|p1a: Golurk|99/297\n|-enditem|p1a: Golurk|Life Orb|[from] move: Knock Off|[of] p2a: Vigoroth\n|move|p1a: Golurk|Dynamic Punch|p2a: Vigoroth\n|-supereffective|p2a: Vigoroth\n|-damage|p2a: Vigoroth|5/275\n|-start|p2a: Vigoroth|confusion\n|\n|upkeep\n|turn|8\n|\n|t:|1781430613\n|-activate|p2a: Vigoroth|confusion\n|move|p2a: Vigoroth|Slack Off|p2a: Vigoroth\n|-heal|p2a: Vigoroth|143/275\n|move|p1a: Golurk|Stealth Rock|p2a: Vigoroth\n|-sidestart|p2: PrimalRazz|move: Stealth Rock\n|\n|upkeep\n|turn|9\n|\n|t:|1781430619\n|-end|p2a: Vigoroth|confusion\n|move|p2a: Vigoroth|Bulk Up|p2a: Vigoroth\n|-boost|p2a: Vigoroth|atk|1\n|-boost|p2a: Vigoroth|def|1\n|move|p1a: Golurk|Dynamic Punch|p2a: Vigoroth\n|-supereffective|p2a: Vigoroth\n|-damage|p2a: Vigoroth|61/275\n|-start|p2a: Vigoroth|confusion\n|\n|upkeep\n|turn|10\n|\n|t:|1781430631\n|-activate|p2a: Vigoroth|confusion\n|move|p2a: Vigoroth|Slack Off|p2a: Vigoroth\n|-heal|p2a: Vigoroth|199/275\n|move|p1a: Golurk|Dynamic Punch|p2a: Vigoroth\n|-supereffective|p2a: Vigoroth\n|-damage|p2a: Vigoroth|109/275\n|\n|upkeep\n|turn|11\n|\n|t:|1781430639\n|-activate|p2a: Vigoroth|confusion\n|-damage|p2a: Vigoroth|84/275|[from] confusion\n|move|p1a: Golurk|Dynamic Punch|p2a: Vigoroth\n|-supereffective|p2a: Vigoroth\n|-damage|p2a: Vigoroth|0 fnt\n|faint|p2a: Vigoroth\n|\n|upkeep\n|\n|t:|1781430657\n|switch|p2a: Poliwrath|Poliwrath, L88, F|302/302\n|-damage|p2a: Poliwrath|284/302|[from] Stealth Rock\n|turn|12\n|\n|t:|1781430664\n|move|p2a: Poliwrath|Liquidation|p1a: Golurk\n|-supereffective|p1a: Golurk\n|-damage|p1a: Golurk|0 fnt\n|faint|p1a: Golurk\n|\n|upkeep\n|\n|t:|1781430676\n|switch|p1a: Eelektross|Eelektross, L87, F|290/290\n|turn|13\n|\n|t:|1781430703\n|move|p2a: Poliwrath|Liquidation|p1a: Eelektross\n|-damage|p1a: Eelektross|179/290\n|move|p1a: Eelektross|Supercell Slam|p2a: Poliwrath|[miss]\n|-miss|p1a: Eelektross|p2a: Poliwrath\n|-damage|p1a: Eelektross|34/290|[from] supercellslam\n|\n|-heal|p1a: Eelektross|52/290|[from] item: Leftovers\n|upkeep\n|turn|14\n|\n|t:|1781430713\n|move|p2a: Poliwrath|Liquidation|p1a: Eelektross\n|-damage|p1a: Eelektross|0 fnt\n|faint|p1a: Eelektross\n|\n|upkeep\n|inactive|8btry8 has 120 seconds left.\n|\n|t:|1781430748\n|switch|p1a: Electrode|Electrode, L92|260/260\n|turn|15\n|\n|t:|1781430760\n|switch|p2a: Appletun|Appletun, L92, M|352/352\n|-damage|p2a: Appletun|308/352|[from] Stealth Rock\n|move|p1a: Electrode|Thunderbolt|p2a: Appletun\n|-resisted|p2a: Appletun\n|-damage|p2a: Appletun|286/352\n|-status|p2a: Appletun|par\n|\n|-heal|p2a: Appletun|308/352 par|[from] item: Leftovers\n|upkeep\n|turn|16\n|\n|t:|1781430781\n|switch|p1a: Ludicolo|Ludicolo, L90, F|290/290\n|move|p2a: Appletun|Apple Acid|p1a: Ludicolo\n|-damage|p1a: Ludicolo|206/290\n|-unboost|p1a: Ludicolo|spd|1\n|\n|-heal|p2a: Appletun|330/352 par|[from] item: Leftovers\n|upkeep\n|turn|17\n|\n|t:|1781430791\n|move|p1a: Ludicolo|Ice Beam|p2a: Appletun\n|-supereffective|p2a: Appletun\n|-damage|p2a: Appletun|114/352 par\n|move|p2a: Appletun|Dragon Pulse|p1a: Ludicolo\n|-damage|p1a: Ludicolo|79/290\n|\n|-heal|p2a: Appletun|136/352 par|[from] item: Leftovers\n|upkeep\n|turn|18\n|\n|t:|1781430800\n|move|p1a: Ludicolo|Ice Beam|p2a: Appletun\n|-supereffective|p2a: Appletun\n|-crit|p2a: Appletun\n|-damage|p2a: Appletun|0 fnt\n|faint|p2a: Appletun\n|\n|upkeep\n|\n|t:|1781430817\n|switch|p2a: Scovillain|Scovillain, L91, F|151/266\n|-damage|p2a: Scovillain|85/266|[from] Stealth Rock\n|turn|19\n|inactive|8btry8 has 120 seconds left.\n|\n|t:|1781430823\n|switch|p1a: Electrode|Electrode, L92|260/260\n|move|p2a: Scovillain|Flamethrower|p1a: Electrode\n|-damage|p1a: Electrode|145/260\n|\n|-heal|p1a: Electrode|161/260|[from] item: Leftovers\n|-heal|p2a: Scovillain|101/266|[from] item: Leftovers\n|upkeep\n|turn|20\n|inactive|8btry8 has 120 seconds left.\n|\n|t:|1781430833\n|move|p1a: Electrode|Thunder Wave|p2a: Scovillain\n|-status|p2a: Scovillain|par\n|move|p2a: Scovillain|Leech Seed|p1a: Electrode\n|-start|p1a: Electrode|move: Leech Seed\n|\n|-heal|p1a: Electrode|177/260|[from] item: Leftovers\n|-heal|p2a: Scovillain|117/266 par|[from] item: Leftovers\n|-damage|p1a: Electrode|145/260|[from] Leech Seed|[of] p2a: Scovillain\n|-heal|p2a: Scovillain|149/266 par|[silent]\n|upkeep\n|turn|21\n|\n|t:|1781430843\n|move|p1a: Electrode|Explosion|p2a: Scovillain\n|-damage|p2a: Scovillain|5/266 par\n|faint|p1a: Electrode\n|cant|p2a: Scovillain|par\n|\n|-heal|p2a: Scovillain|21/266 par|[from] item: Leftovers\n|upkeep\n|inactive|8btry8 has 120 seconds left.\n|\n|t:|1781430854\n|switch|p1a: Terapagos|Terapagos, L77, M|265/265\n|-activate|p1a: Terapagos|ability: Tera Shift\n|detailschange|p1a: Terapagos|Terapagos-Terastal, L77, M\n|-heal|p1a: Terapagos|273/273|[silent]\n|turn|22\n|inactive|8btry8 has 120 seconds left.\n|\n|t:|1781430874\n|move|p1a: Terapagos|Rapid Spin|p2a: Scovillain\n|-damage|p2a: Scovillain|0 fnt\n|-boost|p1a: Terapagos|spe|1\n|faint|p2a: Scovillain\n|\n|upkeep\n|\n|t:|1781430882\n|switch|p2a: Poliwrath|Poliwrath, L88, F|284/302\n|-damage|p2a: Poliwrath|266/302|[from] Stealth Rock\n|turn|23\n|inactive|8btry8 has 120 seconds left.\n|\n|t:|1781430888\n|move|p1a: Terapagos|Tera Starstorm|p2a: Poliwrath\n|-damage|p2a: Poliwrath|194/302\n|move|p2a: Poliwrath|Knock Off|p1a: Terapagos\n|-activate|p1a: Terapagos|ability: Tera Shell\n|-resisted|p1a: Terapagos\n|-damage|p1a: Terapagos|238/273\n|-enditem|p1a: Terapagos|Heavy-Duty Boots|[from] move: Knock Off|[of] p2a: Poliwrath\n|\n|upkeep\n|turn|24\n|inactive|8btry8 has 120 seconds left.\n|\n|t:|1781430908\n|-terastallize|p1a: Terapagos|Stellar\n|detailschange|p1a: Terapagos|Terapagos-Stellar, L77, M, tera:Stellar\n|-heal|p1a: Terapagos|338/373|[silent]\n|move|p1a: Terapagos|Rapid Spin|p2a: Poliwrath\n|-damage|p2a: Poliwrath|128/302\n|-boost|p1a: Terapagos|spe|1\n|move|p2a: Poliwrath|Circle Throw|p1a: Terapagos\n|-supereffective|p1a: Terapagos\n|-damage|p1a: Terapagos|222/373\n|drag|p1a: Ludicolo|Ludicolo, L90, F|79/290\n|\n|upkeep\n|turn|25\n|inactive|8btry8 has 120 seconds left.\n|\n|t:|1781430922\n|move|p1a: Ludicolo|Giga Drain|p2a: Poliwrath\n|-supereffective|p2a: Poliwrath\n|-damage|p2a: Poliwrath|0 fnt\n|-heal|p1a: Ludicolo|143/290|[from] drain|[of] p2a: Poliwrath\n|faint|p2a: Poliwrath\n|\n|upkeep\n|\n|t:|1781430927\n|switch|p2a: Iron Moth|Iron Moth, L78|253/253\n|turn|26\n|\n|t:|1781430936\n|move|p2a: Iron Moth|Fiery Dance|p1a: Ludicolo\n|-damage|p1a: Ludicolo|65/290\n|-boost|p2a: Iron Moth|spa|1\n|move|p1a: Ludicolo|Giga Drain|p2a: Iron Moth\n|-resisted|p2a: Iron Moth\n|-damage|p2a: Iron Moth|222/253\n|-heal|p1a: Ludicolo|81/290|[from] drain|[of] p2a: Iron Moth\n|\n|upkeep\n|turn|27\n|-message|8btry8 forfeited.\n|\n|win|PrimalRazz\n", "inputlog": ">version a8376a258c1d4662feba110a92103f3664a72141\n>start {\"formatid\":\"gen9randombattle\",\"seed\":\"sodium,01536d4da8709790e153cdb23be4f7a5\",\"rated\":\"Rated battle\"}\n>player p1 {\"name\":\"8btry8\",\"avatar\":\"1\",\"rating\":1916,\"seed\":\"sodium,3736883b119f031c2f0dcab03e334fbd\"}\n>player p2 {\"name\":\"PrimalRazz\",\"avatar\":\"scientist\",\"rating\":1908,\"seed\":\"sodium,55c0a153c776cea10f61c94567e29b9a\"}\n>p1 move triplearrows\n>p2 move substitute\n>p1 move triplearrows\n>p2 move flamethrower\n>p1 move triplearrows\n>p2 move flamethrower\n>p1 switch 2\n>p1 move poltergeist\n>p2 move protect\n>p1 move poltergeist\n>p2 move substitute\n>p1 move earthquake\n>p2 switch 3\n>p1 move dynamicpunch\n>p2 move knockoff\n>p1 move stealthrock\n>p2 move slackoff\n>p1 move dynamicpunch\n>p2 move bulkup\n>p1 move dynamicpunch\n>p2 move slackoff\n>p1 move dynamicpunch\n>p2 move knockoff\n>p2 switch 6\n>p1 move poltergeist\n>p2 move liquidation\n>p1 switch 3\n>p1 move supercellslam\n>p2 move liquidation\n>p1 move supercellslam\n>p2 move liquidation\n>p1 switch 5\n>p1 move thunderbolt\n>p2 switch 5\n>p1 switch 4\n>p2 move appleacid\n>p1 move icebeam\n>p2 move dragonpulse\n>p1 move icebeam\n>p2 move dragonpulse\n>p2 switch 3\n>p1 switch 4\n>p2 move flamethrower\n>p1 move thunderwave\n>p2 move leechseed\n>p1 move explosion\n>p2 move flamethrower\n>p1 switch 6\n>p1 move rapidspin\n>p2 move leechseed\n>p2 switch 5\n>p1 move terastarstorm\n>p2 move knockoff\n>p1 move rapidspin terastallize\n>p2 move circlethrow\n>p1 move gigadrain\n>p2 move closecombat\n>p2 switch 4\n>p1 move gigadrain\n>p2 move fierydance\n>forcelose p1", "uploadtime": 1781430504, "views": 5, "formatid": "gen9randombattle", "rating": null, "private": 0, "password": null}