{"id": "gen9randombattle-2631537197", "format": "[Gen 9] Random Battle", "players": ["Best Kittel", "ChriSD2nD"], "log": "|j|\u2606Best Kittel\n|j|\u203dChriSD2nD\n|t:|1781398194\n|gametype|singles\n|player|p1|Best Kittel|volkner|1676\n|player|p2|ChriSD2nD|bugcatcher-gen4dp|1637\n|gen|9\n|tier|[Gen 9] Random Battle\n|rated|\n|rule|Species Clause: Limit one of each Pok\u00e9mon\n|rule|HP Percentage Mod: HP is shown in percentages\n|rule|Sleep Clause Mod: Limit one foe put to sleep\n|rule|Illusion Level Mod: Illusion disguises the Pok\u00e9mon's true level\n|\n|t:|1781398194\n|teamsize|p1|6\n|teamsize|p2|6\n|start\n|switch|p1a: Swanna|Swanna, L89, F|278/278\n|switch|p2a: Ursaluna|Ursaluna, L79, F|335/335\n|turn|1\n|inactive|Battle timer is ON: inactive players will automatically lose when time's up. (requested by ChriSD2nD)\n|\n|t:|1781398204\n|switch|p2a: Plusle|Plusle, L95, M|268/268\n|move|p1a: Swanna|Hydro Pump|p2a: Plusle\n|-damage|p2a: Plusle|153/268\n|\n|upkeep\n|turn|2\n|\n|t:|1781398211\n|switch|p1a: Gliscor|Gliscor, L76, F|239/239\n|move|p2a: Plusle|Nasty Plot|p2a: Plusle\n|-boost|p2a: Plusle|spa|2\n|\n|-status|p1a: Gliscor|tox|[from] item: Toxic Orb\n|upkeep\n|turn|3\n|\n|t:|1781398216\n|move|p2a: Plusle|Alluring Voice|p1a: Gliscor\n|-damage|p1a: Gliscor|39/239 tox\n|-damage|p2a: Plusle|127/268|[from] item: Life Orb\n|move|p1a: Gliscor|Earthquake|p2a: Plusle\n|-supereffective|p2a: Plusle\n|-damage|p2a: Plusle|0 fnt\n|faint|p2a: Plusle\n|\n|-heal|p1a: Gliscor|68/239 tox|[from] ability: Poison Heal\n|upkeep\n|\n|t:|1781398226\n|switch|p2a: Mamoswine|Mamoswine, L81, F|311/311\n|turn|4\n|\n|t:|1781398234\n|move|p1a: Gliscor|Protect|p1a: Gliscor\n|-singleturn|p1a: Gliscor|Protect\n|move|p2a: Mamoswine|Stealth Rock|p1a: Gliscor\n|-sidestart|p1: Best Kittel|move: Stealth Rock\n|\n|-heal|p1a: Gliscor|97/239 tox|[from] ability: Poison Heal\n|upkeep\n|turn|5\n|\n|t:|1781398237\n|switch|p1a: Swanna|Swanna, L89, F|278/278\n|move|p2a: Mamoswine|Icicle Crash|p1a: Swanna\n|-damage|p1a: Swanna|110/278\n|-damage|p2a: Mamoswine|280/311|[from] item: Life Orb\n|\n|upkeep\n|turn|6\n|\n|t:|1781398242\n|move|p1a: Swanna|Defog|p2a: Mamoswine\n|-unboost|p2a: Mamoswine|evasion|1\n|-sideend|p1: Best Kittel|Stealth Rock|[from] move: Defog|[of] p1a: Swanna\n|move|p2a: Mamoswine|Icicle Crash|p1a: Swanna\n|-damage|p1a: Swanna|0 fnt\n|faint|p1a: Swanna\n|-damage|p2a: Mamoswine|249/311|[from] item: Life Orb\n|\n|upkeep\n|\n|t:|1781398253\n|switch|p1a: Venomoth|Venomoth, L84, F|255/255\n|turn|7\n|\n|t:|1781398266\n|switch|p2a: Hypno|Hypno, L95, F|315/315\n|move|p1a: Venomoth|Sleep Powder|p2a: Hypno\n|-immune|p2a: Hypno|[from] ability: Insomnia\n|\n|upkeep\n|turn|8\n|\n|t:|1781398278\n|switch|p1a: Gliscor|Gliscor, L76, F|97/239 tox\n|move|p2a: Hypno|Psychic Noise|p1a: Gliscor\n|-damage|p1a: Gliscor|0 fnt\n|faint|p1a: Gliscor\n|\n|upkeep\n|\n|t:|1781398288\n|switch|p1a: Venomoth|Venomoth, L84, F|255/255\n|turn|9\n|\n|t:|1781398294\n|move|p1a: Venomoth|Quiver Dance|p1a: Venomoth\n|-boost|p1a: Venomoth|spa|1\n|-boost|p1a: Venomoth|spd|1\n|-boost|p1a: Venomoth|spe|1\n|move|p2a: Hypno|Psychic Noise|p1a: Venomoth\n|-supereffective|p1a: Venomoth\n|-damage|p1a: Venomoth|139/255\n|-start|p1a: Venomoth|move: Heal Block\n|\n|upkeep\n|turn|10\n|\n|t:|1781398300\n|move|p1a: Venomoth|Bug Buzz|p2a: Hypno\n|-supereffective|p2a: Hypno\n|-damage|p2a: Hypno|117/315\n|-unboost|p2a: Hypno|spd|1\n|move|p2a: Hypno|Psychic Noise|p1a: Venomoth\n|-supereffective|p1a: Venomoth\n|-damage|p1a: Venomoth|13/255\n|\n|-heal|p2a: Hypno|136/315|[from] item: Leftovers\n|-end|p1a: Venomoth|move: Heal Block\n|upkeep\n|turn|11\n|\n|t:|1781398304\n|move|p2a: Hypno|Protect|p2a: Hypno\n|-singleturn|p2a: Hypno|Protect\n|move|p1a: Venomoth|Bug Buzz|p2a: Hypno\n|-activate|p2a: Hypno|move: Protect\n|\n|-heal|p2a: Hypno|155/315|[from] item: Leftovers\n|upkeep\n|turn|12\n|\n|t:|1781398314\n|move|p1a: Venomoth|Bug Buzz|p2a: Hypno\n|-supereffective|p2a: Hypno\n|-damage|p2a: Hypno|0 fnt\n|faint|p2a: Hypno\n|\n|upkeep\n|\n|t:|1781398316\n|switch|p2a: Mamoswine|Mamoswine, L81, F|249/311\n|turn|13\n|\n|t:|1781398321\n|switch|p1a: Hitmonchan|Hitmonchan, L87, M|229/229\n|move|p2a: Mamoswine|Ice Shard|p1a: Hitmonchan\n|-damage|p1a: Hitmonchan|163/229\n|-damage|p2a: Mamoswine|218/311|[from] item: Life Orb\n|\n|upkeep\n|turn|14\n|\n|t:|1781398334\n|switch|p2a: Araquanid|Araquanid, L82, M|246/246\n|move|p1a: Hitmonchan|Swords Dance|p1a: Hitmonchan\n|-boost|p1a: Hitmonchan|atk|2\n|\n|upkeep\n|turn|15\n|inactive|Best Kittel has 120 seconds left.\n|\n|t:|1781398371\n|move|p1a: Hitmonchan|Knock Off|p2a: Araquanid\n|-damage|p2a: Araquanid|50/246\n|-enditem|p2a: Araquanid|Heavy-Duty Boots|[from] move: Knock Off|[of] p1a: Hitmonchan\n|-damage|p1a: Hitmonchan|141/229|[from] item: Life Orb\n|move|p2a: Araquanid|Hydro Pump|p1a: Hitmonchan\n|-damage|p1a: Hitmonchan|36/229\n|\n|upkeep\n|turn|16\n|inactive|Best Kittel has 120 seconds left.\n|\n|t:|1781398401\n|move|p1a: Hitmonchan|Drain Punch|p2a: Araquanid\n|-resisted|p2a: Araquanid\n|-damage|p2a: Araquanid|0 fnt\n|-heal|p1a: Hitmonchan|61/229|[from] drain|[of] p2a: Araquanid\n|faint|p2a: Araquanid\n|-damage|p1a: Hitmonchan|39/229|[from] item: Life Orb\n|\n|upkeep\n|\n|t:|1781398410\n|switch|p2a: Pyroar|Pyroar, L88, M|295/295\n|-ability|p2a: Pyroar|Unnerve\n|turn|17\n|inactive|Best Kittel has 90 seconds left.\n|\n|t:|1781398433\n|move|p1a: Hitmonchan|Mach Punch|p2a: Pyroar\n|-supereffective|p2a: Pyroar\n|-damage|p2a: Pyroar|0 fnt\n|faint|p2a: Pyroar\n|-damage|p1a: Hitmonchan|17/229|[from] item: Life Orb\n|\n|upkeep\n|\n|t:|1781398451\n|switch|p2a: Mamoswine|Mamoswine, L81, F|218/311\n|turn|18\n|\n|t:|1781398454\n|-terastallize|p2a: Mamoswine|Ground\n|move|p1a: Hitmonchan|Mach Punch|p2a: Mamoswine\n|-damage|p2a: Mamoswine|58/311\n|-damage|p1a: Hitmonchan|0 fnt|[from] item: Life Orb\n|faint|p1a: Hitmonchan\n|move|p2a: Mamoswine|Ice Shard|p1: Hitmonchan|[notarget]\n|-fail|p2a: Mamoswine\n|\n|upkeep\n|\n|t:|1781398461\n|switch|p1a: Mismagius|Mismagius, L86, F|243/243\n|turn|19\n|\n|t:|1781398469\n|move|p1a: Mismagius|Dazzling Gleam|p2a: Mamoswine\n|-damage|p2a: Mamoswine|0 fnt\n|faint|p2a: Mamoswine\n|-damage|p1a: Mismagius|219/243|[from] item: Life Orb\n|\n|upkeep\n|\n|t:|1781398474\n|switch|p2a: Ursaluna|Ursaluna, L79, F|335/335\n|turn|20\n|\n|t:|1781398478\n|move|p1a: Mismagius|Nasty Plot|p1a: Mismagius\n|-boost|p1a: Mismagius|spa|2\n|move|p2a: Ursaluna|Trailblaze|p1a: Mismagius\n|-damage|p1a: Mismagius|165/243\n|-boost|p2a: Ursaluna|spe|1\n|\n|-status|p2a: Ursaluna|brn|[from] item: Flame Orb\n|upkeep\n|turn|21\n|\n|t:|1781398482\n|move|p1a: Mismagius|Dazzling Gleam|p2a: Ursaluna\n|-damage|p2a: Ursaluna|156/335 brn\n|-damage|p1a: Mismagius|141/243|[from] item: Life Orb\n|move|p2a: Ursaluna|Trailblaze|p1a: Mismagius\n|-damage|p1a: Mismagius|59/243\n|-boost|p2a: Ursaluna|spe|1\n|\n|-damage|p2a: Ursaluna|136/335 brn|[from] brn\n|upkeep\n|turn|22\n|c|\u2606Best Kittel|hly comeback smfh\n|\n|t:|1781398504\n|move|p2a: Ursaluna|Trailblaze|p1a: Mismagius\n|-damage|p1a: Mismagius|0 fnt\n|-boost|p2a: Ursaluna|spe|1\n|faint|p1a: Mismagius\n|\n|-damage|p2a: Ursaluna|116/335 brn|[from] brn\n|upkeep\n|\n|t:|1781398509\n|switch|p1a: Venomoth|Venomoth, L84, F|13/255\n|turn|23\n|\n|t:|1781398516\n|move|p2a: Ursaluna|Trailblaze|p1a: Venomoth\n|-resisted|p1a: Venomoth\n|-damage|p1a: Venomoth|0 fnt\n|-boost|p2a: Ursaluna|spe|1\n|faint|p1a: Venomoth\n|\n|-damage|p2a: Ursaluna|96/335 brn|[from] brn\n|upkeep\n|\n|t:|1781398519\n|switch|p1a: Blaziken|Blaziken, L76, F|247/247\n|turn|24\n|\n|t:|1781398523\n|-terastallize|p1a: Blaziken|Fighting\n|move|p2a: Ursaluna|Headlong Rush|p1a: Blaziken\n|-damage|p1a: Blaziken|0 fnt\n|-unboost|p2a: Ursaluna|def|1\n|-unboost|p2a: Ursaluna|spd|1\n|faint|p1a: Blaziken\n|\n|win|ChriSD2nD\n|raw|Best Kittel's rating: 1676 &rarr; <strong>1654</strong><br />(-22 for losing)\n|raw|ChriSD2nD's rating: 1637 &rarr; <strong>1659</strong><br />(+22 for winning)\n|c|\u2606Best Kittel|good job lil homie\n|l|\u203dChriSD2nD\n|player|p2|\n", "inputlog": ">version a8376a258c1d4662feba110a92103f3664a72141\n>start {\"formatid\":\"gen9randombattle\",\"seed\":\"sodium,3e380e5d95b278ee269c81b086d5f65a\",\"rated\":\"Rated battle\"}\n>player p1 {\"name\":\"Best Kittel\",\"avatar\":\"volkner\",\"rating\":1676,\"seed\":\"sodium,8b1751eea605eaf9ebc6ff292f6f60e8\"}\n>player p2 {\"name\":\"ChriSD2nD\",\"avatar\":\"bugcatcher-gen4dp\",\"rating\":1637,\"seed\":\"sodium,58c5226632e7f3005fedb6f1aaeed886\"}\n>p1 move hydropump\n>p2 switch 6\n>p1 switch 2\n>p2 move nastyplot\n>p1 move earthquake\n>p2 move alluringvoice\n>p2 switch 5\n>p1 move protect\n>p2 move stealthrock\n>p1 switch 2\n>p2 move iciclecrash\n>p1 move defog\n>p2 move iciclecrash\n>p1 switch 5\n>p1 move sleeppowder\n>p2 switch 4\n>p1 switch 2\n>p2 move psychicnoise\n>p1 switch 2\n>p1 move quiverdance\n>p2 move psychicnoise\n>p1 move bugbuzz\n>p2 move psychicnoise\n>p1 move bugbuzz\n>p2 move protect\n>p1 move bugbuzz\n>p2 move psychicnoise\n>p2 switch 4\n>p1 switch 4\n>p2 move iceshard\n>p1 move swordsdance\n>p2 switch 3\n>p1 move knockoff\n>p2 move hydropump\n>p1 move drainpunch\n>p2 move leechlife\n>p2 switch 2\n>p1 move machpunch\n>p2 move hypervoice\n>p2 switch 3\n>p1 move machpunch\n>p2 move iceshard terastallize\n>p1 switch 6\n>p1 move dazzlinggleam\n>p2 move iciclecrash\n>p2 switch 6\n>p1 move nastyplot\n>p2 move trailblaze\n>p1 move dazzlinggleam\n>p2 move trailblaze\n>chat \u2606Best Kittel|hly comeback smfh \n>p1 move dazzlinggleam\n>p2 move trailblaze\n>p1 switch 4\n>p1 move quiverdance\n>p2 move trailblaze\n>p1 switch 3\n>p1 move closecombat terastallize\n>p2 move headlongrush", "uploadtime": 1781398530, "views": 7, "formatid": "gen9randombattle", "rating": 1654, "private": 0, "password": null}