{"id": "gen9randombattle-2631451680", "format": "[Gen 9] Random Battle", "players": ["ThunderrBagua", "nocomment3"], "log": "|j|\u2606ThunderrBagua\n|j|\u2606nocomment3\n|t:|1781386325\n|gametype|singles\n|player|p1|ThunderrBagua|marshal|2094\n|player|p2|nocomment3|2|2122\n|gen|9\n|tier|[Gen 9] Random Battle\n|rated|\n|rule|Species Clause: Limit one of each Pok\u00e9mon\n|rule|HP Percentage Mod: HP is shown in percentages\n|rule|Sleep Clause Mod: Limit one foe put to sleep\n|rule|Illusion Level Mod: Illusion disguises the Pok\u00e9mon's true level\n|\n|t:|1781386325\n|teamsize|p1|6\n|teamsize|p2|6\n|start\n|switch|p1a: Emboar|Emboar, L84, F|322/322\n|switch|p2a: Barraskewda|Barraskewda, L81, M|231/231\n|turn|1\n|inactive|Battle timer is ON: inactive players will automatically lose when time's up. (requested by ThunderrBagua)\n|l|\u2606nocomment3\n|inactive|nocomment3 disconnected and has a minute to reconnect!\n|player|p2|\n|inactive|ThunderrBagua has 120 seconds left.\n|inactive|nocomment3 has 30 seconds to reconnect!\n|j|\u2606nocomment3\n|inactive|nocomment3 reconnected and has 115 seconds left.\n|player|p2|nocomment3|2|\n|\n|t:|1781386366\n|move|p2a: Barraskewda|Flip Turn|p1a: Emboar\n|-supereffective|p1a: Emboar\n|-damage|p1a: Emboar|50/322\n|\n|t:|1781386375\n|switch|p2a: Oricorio|Oricorio-Pa'u, L87, M|272/272|[from] Flip Turn\n|move|p1a: Emboar|Head Smash|p2a: Oricorio\n|-supereffective|p2a: Oricorio\n|-damage|p2a: Oricorio|0 fnt\n|faint|p2a: Oricorio\n|-damage|p1a: Emboar|0 fnt|[from] Recoil\n|faint|p1a: Emboar\n|\n|upkeep\n|\n|t:|1781386388\n|switch|p2a: Barraskewda|Barraskewda, L81, M|231/231\n|switch|p1a: Delibird|Delibird, M|252/252\n|turn|2\n|\n|t:|1781386395\n|-terastallize|p2a: Barraskewda|Fighting\n|move|p2a: Barraskewda|Close Combat|p1a: Delibird\n|-damage|p1a: Delibird|0 fnt\n|-unboost|p2a: Barraskewda|def|1\n|-unboost|p2a: Barraskewda|spd|1\n|faint|p1a: Delibird\n|\n|upkeep\n|\n|t:|1781386397\n|switch|p1a: Gholdengo|Gholdengo, L77|261/261\n|turn|3\n|\n|t:|1781386405\n|switch|p2a: Hippowdon|Hippowdon, L82, M|311/311\n|-weather|Sandstorm|[from] ability: Sand Stream|[of] p2a: Hippowdon\n|move|p1a: Gholdengo|Thunder Wave|p2a: Hippowdon\n|-immune|p2a: Hippowdon\n|\n|-weather|Sandstorm|[upkeep]\n|upkeep\n|turn|4\n|\n|t:|1781386418\n|switch|p1a: Snorlax|Snorlax, L82, M|397/397\n|switch|p2a: Barraskewda|Barraskewda, L81, M, tera:Fighting|231/231\n|\n|-weather|Sandstorm|[upkeep]\n|-damage|p2a: Barraskewda|217/231|[from] Sandstorm\n|-damage|p1a: Snorlax|373/397|[from] Sandstorm\n|-heal|p1a: Snorlax|397/397|[from] item: Leftovers\n|upkeep\n|turn|5\n|\n|t:|1781386421\n|-terastallize|p1a: Snorlax|Poison\n|move|p2a: Barraskewda|Flip Turn|p1a: Snorlax\n|-damage|p1a: Snorlax|256/397\n|\n|t:|1781386425\n|switch|p2a: Hippowdon|Hippowdon, L82, M|311/311|[from] Flip Turn\n|move|p1a: Snorlax|Body Slam|p2a: Hippowdon\n|-crit|p2a: Hippowdon\n|-damage|p2a: Hippowdon|193/311\n|-status|p2a: Hippowdon|par\n|-damage|p1a: Snorlax|190/397|[from] item: Rocky Helmet|[of] p2a: Hippowdon\n|\n|-weather|Sandstorm|[upkeep]\n|-damage|p1a: Snorlax|166/397|[from] Sandstorm\n|-heal|p1a: Snorlax|190/397|[from] item: Leftovers\n|upkeep\n|turn|6\n|\n|t:|1781386428\n|move|p1a: Snorlax|Curse|p1a: Snorlax\n|-unboost|p1a: Snorlax|spe|1\n|-boost|p1a: Snorlax|atk|1\n|-boost|p1a: Snorlax|def|1\n|move|p2a: Hippowdon|Earthquake|p1a: Snorlax\n|-supereffective|p1a: Snorlax\n|-damage|p1a: Snorlax|0 fnt\n|faint|p1a: Snorlax\n|\n|-weather|Sandstorm|[upkeep]\n|upkeep\n|\n|t:|1781386432\n|switch|p1a: Mimikyu|Mimikyu, L79, F|216/216\n|turn|7\n|\n|t:|1781386440\n|move|p1a: Mimikyu|Swords Dance|p1a: Mimikyu\n|-boost|p1a: Mimikyu|atk|2\n|move|p2a: Hippowdon|Earthquake|p1a: Mimikyu\n|-activate|p1a: Mimikyu|ability: Disguise\n|-damage|p1a: Mimikyu|216/216\n|detailschange|p1a: Mimikyu|Mimikyu-Busted, L79, F\n|-damage|p1a: Mimikyu|189/216|[from] pokemon: Mimikyu-Busted\n|\n|-weather|none\n|upkeep\n|turn|8\n|\n|t:|1781386444\n|move|p1a: Mimikyu|Swords Dance|p1a: Mimikyu\n|-boost|p1a: Mimikyu|atk|2\n|move|p2a: Hippowdon|Earthquake|p1a: Mimikyu\n|-damage|p1a: Mimikyu|51/216\n|\n|upkeep\n|turn|9\n|\n|t:|1781386447\n|move|p1a: Mimikyu|Drain Punch|p2a: Hippowdon\n|-damage|p2a: Hippowdon|58/311 par\n|-heal|p1a: Mimikyu|119/216|[from] drain|[of] p2a: Hippowdon\n|-damage|p1a: Mimikyu|83/216|[from] item: Rocky Helmet|[of] p2a: Hippowdon\n|-damage|p1a: Mimikyu|62/216|[from] item: Life Orb\n|move|p2a: Hippowdon|Earthquake|p1a: Mimikyu\n|-damage|p1a: Mimikyu|0 fnt\n|faint|p1a: Mimikyu\n|\n|upkeep\n|\n|t:|1781386451\n|switch|p1a: Pyroar|Pyroar, L88, F|295/295\n|-ability|p1a: Pyroar|Unnerve\n|turn|10\n|\n|t:|1781386453\n|move|p1a: Pyroar|Work Up|p1a: Pyroar\n|-boost|p1a: Pyroar|atk|1\n|-boost|p1a: Pyroar|spa|1\n|move|p2a: Hippowdon|Earthquake|p1a: Pyroar\n|-supereffective|p1a: Pyroar\n|-damage|p1a: Pyroar|43/295\n|\n|upkeep\n|turn|11\n|\n|t:|1781386457\n|move|p1a: Pyroar|Work Up|p1a: Pyroar\n|-boost|p1a: Pyroar|atk|1\n|-boost|p1a: Pyroar|spa|1\n|cant|p2a: Hippowdon|par\n|\n|upkeep\n|turn|12\n|\n|t:|1781386461\n|move|p1a: Pyroar|Work Up|p1a: Pyroar\n|-boost|p1a: Pyroar|atk|1\n|-boost|p1a: Pyroar|spa|1\n|cant|p2a: Hippowdon|par\n|\n|upkeep\n|turn|13\n|-message|ThunderrBagua forfeited.\n|\n|win|nocomment3\n", "inputlog": ">version a8376a258c1d4662feba110a92103f3664a72141\n>start {\"formatid\":\"gen9randombattle\",\"seed\":\"sodium,bc26c821e152c888df47e423b02e597f\",\"rated\":\"Rated battle\"}\n>player p1 {\"name\":\"ThunderrBagua\",\"avatar\":\"marshal\",\"rating\":2094,\"seed\":\"sodium,a035f7d36a05fe0ab07fbc11e2369110\"}\n>player p2 {\"name\":\"nocomment3\",\"avatar\":\"2\",\"rating\":2122,\"seed\":\"sodium,cd54ecdd5867124b9de8b07e1a4ec237\"}\n>p1 move headsmash\n>p2 move flipturn\n>p2 switch 3\n>p1 switch 3\n>p2 switch 3\n>p1 move spikes\n>p2 move closecombat terastallize\n>p1 switch 5\n>p1 move thunderwave\n>p2 switch 2\n>p1 switch 4\n>p2 switch 2\n>p1 move bodyslam terastallize\n>p2 move flipturn\n>p2 switch 2\n>p1 move curse\n>p2 move earthquake\n>p1 switch 6\n>p1 move swordsdance\n>p2 move earthquake\n>p1 move swordsdance\n>p2 move earthquake\n>p1 move drainpunch\n>p2 move earthquake\n>p1 switch 2\n>p1 move workup\n>p2 move earthquake\n>p1 move workup\n>p2 move earthquake\n>p1 move workup\n>p2 move earthquake\n>forcelose p1", "uploadtime": 1781386328, "views": 7, "formatid": "gen9randombattle", "rating": null, "private": 0, "password": null}