{"id": "gen9randombattle-2631574809", "format": "[Gen 9] Random Battle", "players": ["Budgers", "drgonblaster"], "log": "|j|\u2606Budgers\n|j|\u2606drgonblaster\n|t:|1781403371\n|gametype|singles\n|player|p1|Budgers|169|1925\n|player|p2|drgonblaster|nate|1920\n|gen|9\n|tier|[Gen 9] Random Battle\n|rated|\n|rule|Species Clause: Limit one of each Pok\u00e9mon\n|rule|HP Percentage Mod: HP is shown in percentages\n|rule|Sleep Clause Mod: Limit one foe put to sleep\n|rule|Illusion Level Mod: Illusion disguises the Pok\u00e9mon's true level\n|\n|t:|1781403371\n|teamsize|p1|6\n|teamsize|p2|6\n|start\n|switch|p1a: Bastiodon|Bastiodon, L89, M|252/252\n|switch|p2a: Maushold|Maushold, L76|238/238\n|turn|1\n|inactive|Battle timer is ON: inactive players will automatically lose when time's up. (requested by drgonblaster)\n|\n|t:|1781403389\n|switch|p2a: Passimian|Passimian, L83, M|302/302\n|move|p1a: Bastiodon|Body Press|p2a: Passimian\n|-damage|p2a: Passimian|206/302\n|\n|-heal|p2a: Passimian|224/302|[from] item: Leftovers\n|upkeep\n|turn|2\n|\n|t:|1781403395\n|switch|p1a: Toucannon|Toucannon, L88, F|284/284\n|move|p2a: Passimian|Bulk Up|p2a: Passimian\n|-boost|p2a: Passimian|atk|1\n|-boost|p2a: Passimian|def|1\n|\n|-heal|p2a: Passimian|242/302|[from] item: Leftovers\n|upkeep\n|turn|3\n|\n|t:|1781403418\n|-singleturn|p1a: Toucannon|move: Beak Blast\n|move|p2a: Passimian|Gunk Shot|p1a: Toucannon|[miss]\n|-miss|p2a: Passimian|p1a: Toucannon\n|move|p1a: Toucannon|Beak Blast|p2a: Passimian\n|-supereffective|p2a: Passimian\n|-damage|p2a: Passimian|60/302\n|\n|-heal|p2a: Passimian|78/302|[from] item: Leftovers\n|upkeep\n|turn|4\n|inactive|drgonblaster has 120 seconds left.\n|\n|t:|1781403442\n|move|p2a: Passimian|Gunk Shot|p1a: Toucannon\n|-damage|p1a: Toucannon|121/284\n|move|p1a: Toucannon|Boomburst|p2a: Passimian\n|-damage|p2a: Passimian|0 fnt\n|faint|p2a: Passimian\n|\n|upkeep\n|inactive|drgonblaster has 120 seconds left.\n|\n|t:|1781403466\n|switch|p2a: Meowstic|Meowstic, L89, M|277/277\n|turn|5\n|\n|t:|1781403477\n|switch|p1a: Bronzong|Bronzong, L88|261/261\n|move|p2a: Meowstic|Reflect|p2a: Meowstic\n|-sidestart|p2: drgonblaster|Reflect\n|\n|upkeep\n|turn|6\n|\n|t:|1781403486\n|switch|p2a: Eelektross|Eelektross, L87, M|290/290\n|move|p1a: Bronzong|Iron Defense|p1a: Bronzong\n|-boost|p1a: Bronzong|def|2\n|\n|upkeep\n|turn|7\n|\n|t:|1781403491\n|move|p2a: Eelektross|Coil|p2a: Eelektross\n|-boost|p2a: Eelektross|atk|1\n|-boost|p2a: Eelektross|def|1\n|-boost|p2a: Eelektross|accuracy|1\n|move|p1a: Bronzong|Body Press|p2a: Eelektross\n|-damage|p2a: Eelektross|239/290\n|\n|-heal|p2a: Eelektross|257/290|[from] item: Leftovers\n|upkeep\n|turn|8\n|\n|t:|1781403493\n|move|p2a: Eelektross|Coil|p2a: Eelektross\n|-boost|p2a: Eelektross|atk|1\n|-boost|p2a: Eelektross|def|1\n|-boost|p2a: Eelektross|accuracy|1\n|move|p1a: Bronzong|Psychic Noise|p2a: Eelektross\n|-damage|p2a: Eelektross|176/290\n|-start|p2a: Eelektross|move: Heal Block\n|\n|upkeep\n|turn|9\n|\n|t:|1781403495\n|move|p2a: Eelektross|Fire Punch|p1a: Bronzong\n|-supereffective|p1a: Bronzong\n|-crit|p1a: Bronzong\n|-damage|p1a: Bronzong|0 fnt\n|faint|p1a: Bronzong\n|\n|-end|p2a: Eelektross|move: Heal Block\n|upkeep\n|\n|t:|1781403502\n|switch|p1a: Mismagius|Mismagius, L86, F|243/243\n|turn|10\n|\n|t:|1781403505\n|move|p1a: Mismagius|Shadow Ball|p2a: Eelektross\n|-damage|p2a: Eelektross|71/290\n|move|p2a: Eelektross|Supercell Slam|p1a: Mismagius\n|-damage|p1a: Mismagius|0 fnt\n|faint|p1a: Mismagius\n|\n|-heal|p2a: Eelektross|89/290|[from] item: Leftovers\n|upkeep\n|\n|t:|1781403509\n|switch|p1a: Arceus|Arceus-Electric, L70|284/284\n|turn|11\n|\n|t:|1781403512\n|move|p1a: Arceus|Ice Beam|p2a: Eelektross\n|-damage|p2a: Eelektross|30/290\n|-status|p2a: Eelektross|frz\n|cant|p2a: Eelektross|frz\n|\n|-heal|p2a: Eelektross|48/290 frz|[from] item: Leftovers\n|upkeep\n|turn|12\n|c|\u2606drgonblaster|bruh cmon\n|\n|t:|1781403523\n|move|p1a: Arceus|Calm Mind|p1a: Arceus\n|-boost|p1a: Arceus|spa|1\n|-boost|p1a: Arceus|spd|1\n|cant|p2a: Eelektross|frz\n|\n|-heal|p2a: Eelektross|66/290 frz|[from] item: Leftovers\n|-sideend|p2: drgonblaster|Reflect\n|upkeep\n|turn|13\n|\n|t:|1781403532\n|move|p1a: Arceus|Ice Beam|p2a: Eelektross\n|-damage|p2a: Eelektross|0 fnt\n|faint|p2a: Eelektross\n|\n|upkeep\n|c|\u2606Budgers|sry\n|\n|t:|1781403550\n|switch|p2a: Meowstic|Meowstic, L89, M|277/277\n|turn|14\n|\n|t:|1781403555\n|move|p2a: Meowstic|Light Screen|p2a: Meowstic\n|-sidestart|p2: drgonblaster|move: Light Screen\n|move|p1a: Arceus|Calm Mind|p1a: Arceus\n|-boost|p1a: Arceus|spa|1\n|-boost|p1a: Arceus|spd|1\n|\n|upkeep\n|turn|15\n|\n|t:|1781403558\n|switch|p2a: Maushold|Maushold, L76|238/238\n|move|p1a: Arceus|Judgment|p2a: Maushold\n|-damage|p2a: Maushold|103/238\n|\n|upkeep\n|turn|16\n|\n|t:|1781403568\n|move|p2a: Maushold|Population Bomb|p1a: Arceus\n|-damage|p1a: Arceus|263/284\n|-damage|p1a: Arceus|242/284\n|-damage|p1a: Arceus|221/284\n|-damage|p1a: Arceus|202/284\n|-damage|p1a: Arceus|181/284\n|-damage|p1a: Arceus|159/284\n|-damage|p1a: Arceus|137/284\n|-damage|p1a: Arceus|116/284\n|-damage|p1a: Arceus|97/284\n|-damage|p1a: Arceus|76/284\n|-hitcount|p1a: Arceus|10\n|move|p1a: Arceus|Judgment|p2a: Maushold\n|-damage|p2a: Maushold|0 fnt\n|faint|p2a: Maushold\n|\n|upkeep\n|\n|t:|1781403572\n|switch|p2a: Zacian|Zacian-Crowned, L64|225/225\n|-ability|p2a: Zacian|Intrepid Sword|boost\n|-boost|p2a: Zacian|atk|1\n|turn|17\n|\n|t:|1781403576\n|move|p2a: Zacian|Swords Dance|p2a: Zacian\n|-boost|p2a: Zacian|atk|2\n|move|p1a: Arceus|Recover|p1a: Arceus\n|-heal|p1a: Arceus|218/284\n|\n|upkeep\n|turn|18\n|\n|t:|1781403580\n|-terastallize|p2a: Zacian|Fighting\n|move|p2a: Zacian|Close Combat|p1a: Arceus\n|-damage|p1a: Arceus|0 fnt\n|-unboost|p2a: Zacian|def|1\n|-unboost|p2a: Zacian|spd|1\n|faint|p1a: Arceus\n|\n|upkeep\n|\n|t:|1781403584\n|switch|p1a: Toucannon|Toucannon, L88, F|121/284\n|turn|19\n|\n|t:|1781403587\n|switch|p2a: Meowstic|Meowstic, L89, M|277/277\n|-singleturn|p1a: Toucannon|move: Beak Blast\n|move|p1a: Toucannon|Beak Blast|p2a: Meowstic\n|-damage|p2a: Meowstic|127/277\n|\n|upkeep\n|turn|20\n|\n|t:|1781403595\n|switch|p1a: Bastiodon|Bastiodon, L89, M|252/252\n|move|p2a: Meowstic|Psychic Noise|p1a: Bastiodon\n|-immune|p1a: Bastiodon|[from] ability: Soundproof\n|\n|upkeep\n|turn|21\n|\n|t:|1781403600\n|switch|p2a: Zacian|Zacian-Crowned, L64, tera:Fighting|225/225\n|move|p1a: Bastiodon|Iron Defense|p1a: Bastiodon\n|-boost|p1a: Bastiodon|def|2\n|\n|-sideend|p2: drgonblaster|move: Light Screen\n|upkeep\n|turn|22\n|\n|t:|1781403604\n|-terastallize|p1a: Bastiodon|Fighting\n|move|p2a: Zacian|Swords Dance|p2a: Zacian\n|-boost|p2a: Zacian|atk|2\n|move|p1a: Bastiodon|Iron Defense|p1a: Bastiodon\n|-boost|p1a: Bastiodon|def|2\n|\n|upkeep\n|turn|23\n|\n|t:|1781403610\n|move|p2a: Zacian|Play Rough|p1a: Bastiodon\n|-supereffective|p1a: Bastiodon\n|-damage|p1a: Bastiodon|184/252\n|-unboost|p1a: Bastiodon|atk|1\n|move|p1a: Bastiodon|Body Press|p2a: Zacian\n|-damage|p2a: Zacian|0 fnt\n|faint|p2a: Zacian\n|\n|upkeep\n|\n|t:|1781403617\n|switch|p2a: Meowstic|Meowstic, L89, M|127/277\n|turn|24\n|\n|t:|1781403619\n|move|p2a: Meowstic|Reflect|p2a: Meowstic\n|-sidestart|p2: drgonblaster|Reflect\n|move|p1a: Bastiodon|Body Press|p2a: Meowstic\n|-resisted|p2a: Meowstic\n|-damage|p2a: Meowstic|10/277\n|\n|upkeep\n|turn|25\n|\n|t:|1781403621\n|move|p2a: Meowstic|Light Screen|p2a: Meowstic\n|-sidestart|p2: drgonblaster|move: Light Screen\n|move|p1a: Bastiodon|Body Press|p2a: Meowstic\n|-resisted|p2a: Meowstic\n|-damage|p2a: Meowstic|0 fnt\n|faint|p2a: Meowstic\n|\n|upkeep\n|\n|t:|1781403623\n|switch|p2a: Mabosstiff|Mabosstiff, L86, F|278/278\n|turn|26\n|\n|t:|1781403627\n|move|p2a: Mabosstiff|Play Rough|p1a: Bastiodon\n|-supereffective|p1a: Bastiodon\n|-damage|p1a: Bastiodon|154/252\n|move|p1a: Bastiodon|Body Press|p2a: Mabosstiff\n|-supereffective|p2a: Mabosstiff\n|-damage|p2a: Mabosstiff|0 fnt\n|faint|p2a: Mabosstiff\n|\n|win|Budgers\n", "inputlog": ">version a8376a258c1d4662feba110a92103f3664a72141\n>start {\"formatid\":\"gen9randombattle\",\"seed\":\"sodium,68f7b12c662f1c865e3c78c591f9e64c\",\"rated\":\"Rated battle\"}\n>player p1 {\"name\":\"Budgers\",\"avatar\":\"169\",\"rating\":1925,\"seed\":\"sodium,26db01f1be557cae40006fb765fdf5ec\"}\n>player p2 {\"name\":\"drgonblaster\",\"avatar\":\"nate\",\"rating\":1920,\"seed\":\"sodium,1b43368510580a198073d7bd51aa282b\"}\n>p1 move bodypress\n>p2 switch 4\n>p1 switch 6\n>p2 move bulkup\n>p1 move beakblast\n>p2 move gunkshot\n>p1 move boomburst\n>p2 move gunkshot\n>p2 switch 2\n>p1 switch 2\n>p2 move reflect\n>p1 move irondefense\n>p2 switch 5\n>p1 move bodypress\n>p2 move coil\n>p1 move psychicnoise\n>p2 move coil\n>p1 move psychicnoise\n>p2 move firepunch\n>p1 switch 3\n>p1 move shadowball\n>p2 move supercellslam\n>p1 switch 4\n>p1 move icebeam\n>p2 move drainpunch\n>chat \u2606drgonblaster|bruh cmon\n>p1 move calmmind\n>p2 move drainpunch\n>p1 move icebeam\n>p2 move drainpunch\n>chat \u2606Budgers|sry\n>p2 switch 5\n>p1 move calmmind\n>p2 move lightscreen\n>p1 move judgment\n>p2 switch 4\n>p1 move judgment\n>p2 move populationbomb\n>p2 switch 6\n>p1 move recover\n>p2 move swordsdance\n>p1 move judgment\n>p2 move closecombat terastallize\n>p1 switch 2\n>p1 move beakblast\n>p2 switch 4\n>p1 switch 6\n>p2 move psychicnoise\n>p1 move irondefense\n>p2 switch 4\n>p1 move irondefense terastallize\n>p2 move swordsdance\n>p1 move bodypress\n>p2 move playrough\n>p2 switch 4\n>p1 move bodypress\n>p2 move reflect\n>p1 move bodypress\n>p2 move lightscreen\n>p2 switch 3\n>p1 move bodypress\n>p2 move playrough", "uploadtime": 1781403373, "views": 4, "formatid": "gen9randombattle", "rating": null, "private": 0, "password": null}