{"id": "gen9randombattle-2631442586", "format": "[Gen 9] Random Battle", "players": ["Vegeta's Hairlinee", "moritzvb"], "log": "|j|\u2606Vegeta's Hairlinee\n|j|\u2606moritzvb\n|t:|1781385211\n|gametype|singles\n|player|p1|Vegeta's Hairlinee|2|2225\n|player|p2|moritzvb|ariana|2176\n|gen|9\n|tier|[Gen 9] Random Battle\n|rated|\n|rule|Species Clause: Limit one of each Pok\u00e9mon\n|rule|HP Percentage Mod: HP is shown in percentages\n|rule|Sleep Clause Mod: Limit one foe put to sleep\n|rule|Illusion Level Mod: Illusion disguises the Pok\u00e9mon's true level\n|\n|t:|1781385211\n|teamsize|p1|6\n|teamsize|p2|6\n|start\n|switch|p1a: Leavanny|Leavanny, L86, M|269/269\n|switch|p2a: Camerupt|Camerupt, L91, M|275/275\n|turn|1\n|\n|t:|1781385234\n|move|p1a: Leavanny|Sticky Web|p2a: Camerupt\n|-sidestart|p2: moritzvb|move: Sticky Web\n|move|p2a: Camerupt|Stealth Rock|p1a: Leavanny\n|-sidestart|p1: Vegeta's Hairlinee|move: Stealth Rock\n|\n|upkeep\n|turn|2\n|\n|t:|1781385239\n|switch|p1a: Primarina|Primarina, L83, M|268/268\n|-damage|p1a: Primarina|235/268|[from] Stealth Rock\n|move|p2a: Camerupt|Will-O-Wisp|p1a: Primarina\n|-status|p1a: Primarina|brn\n|\n|-heal|p1a: Primarina|251/268 brn|[from] item: Leftovers\n|-damage|p1a: Primarina|235/268 brn|[from] brn\n|upkeep\n|turn|3\n|\n|t:|1781385244\n|switch|p2a: Metagross|Metagross, L79|256/256\n|-activate|p2a: Metagross|move: Sticky Web\n|-fail|p2a: Metagross|unboost|[from] ability: Clear Body|[of] p2a: Metagross\n|move|p1a: Primarina|Sparkling Aria|p2a: Metagross\n|-damage|p2a: Metagross|142/256\n|\n|-heal|p1a: Primarina|251/268 brn|[from] item: Leftovers\n|-damage|p1a: Primarina|235/268 brn|[from] brn\n|upkeep\n|turn|4\n|\n|t:|1781385260\n|switch|p1a: Torkoal|Torkoal, L88, M|266/266\n|-weather|SunnyDay|[from] ability: Drought|[of] p1a: Torkoal\n|move|p2a: Metagross|Knock Off|p1a: Torkoal\n|-crit|p1a: Torkoal\n|-damage|p1a: Torkoal|150/266\n|-enditem|p1a: Torkoal|Heavy-Duty Boots|[from] move: Knock Off|[of] p2a: Metagross\n|\n|-weather|SunnyDay|[upkeep]\n|upkeep\n|turn|5\n|\n|t:|1781385275\n|switch|p2a: Komala|Komala, L88, M|258/258\n|-activate|p2a: Komala|move: Sticky Web\n|-unboost|p2a: Komala|spe|1\n|-ability|p2a: Komala|Comatose\n|move|p1a: Torkoal|Stealth Rock|p2a: Komala\n|-sidestart|p2: moritzvb|move: Stealth Rock\n|\n|-weather|SunnyDay|[upkeep]\n|upkeep\n|turn|6\n|j| rufoush\n|l| rufoush\n|\n|t:|1781385284\n|move|p2a: Komala|Rapid Spin|p1a: Torkoal\n|-crit|p1a: Torkoal\n|-damage|p1a: Torkoal|83/266\n|-boost|p2a: Komala|spe|1\n|-sideend|p2: moritzvb|Stealth Rock|[from] move: Rapid Spin|[of] p2a: Komala\n|-sideend|p2: moritzvb|Sticky Web|[from] move: Rapid Spin|[of] p2a: Komala\n|move|p1a: Torkoal|Lava Plume|p2a: Komala\n|-damage|p2a: Komala|177/258\n|\n|-weather|SunnyDay|[upkeep]\n|upkeep\n|turn|7\n|c|\u2606moritzvb|show me your ghost type\n|c|\u2606Vegeta's Hairlinee|unfortunate i dont have\n|\n|t:|1781385304\n|move|p2a: Komala|U-turn|p1a: Torkoal\n|-resisted|p1a: Torkoal\n|-damage|p1a: Torkoal|62/266\n|c|\u2606moritzvb|was meant to send before you chose a move\n|\n|t:|1781385318\n|switch|p2a: Volcanion|Volcanion, L79|255/255|[from] U-turn\n|move|p1a: Torkoal|Lava Plume|p2a: Volcanion\n|-resisted|p2a: Volcanion\n|-damage|p2a: Volcanion|232/255\n|\n|-weather|SunnyDay|[upkeep]\n|upkeep\n|turn|8\n|\n|t:|1781385340\n|move|p2a: Volcanion|Steam Eruption|p1a: Torkoal\n|-supereffective|p1a: Torkoal\n|-damage|p1a: Torkoal|0 fnt\n|faint|p1a: Torkoal\n|\n|-weather|none\n|upkeep\n|c|\u2606moritzvb|since it's not worth predicting since the odds are you don't have one\n|c|\u2606Vegeta's Hairlinee|u shouldve predicted anyway\n|c|\u2606moritzvb|like magic bounce\n|\n|t:|1781385380\n|switch|p1a: Iron Treads|Iron Treads, L77|265/265\n|-damage|p1a: Iron Treads|257/265|[from] Stealth Rock\n|turn|9\n|\n|t:|1781385395\n|switch|p2a: Gliscor|Gliscor, L76, M|239/239\n|move|p1a: Iron Treads|Earthquake|p2a: Gliscor\n|-immune|p2a: Gliscor\n|\n|-status|p2a: Gliscor|tox|[from] item: Toxic Orb\n|upkeep\n|turn|10\n|\n|t:|1781385415\n|-end|p1a: Iron Treads|Quark Drive|[silent]\n|switch|p1a: Leavanny|Leavanny, L86, M|269/269\n|-damage|p1a: Leavanny|202/269|[from] Stealth Rock\n|move|p2a: Gliscor|Knock Off|p1a: Leavanny\n|-damage|p1a: Leavanny|147/269\n|-enditem|p1a: Leavanny|Focus Sash|[from] move: Knock Off|[of] p2a: Gliscor\n|\n|upkeep\n|turn|11\n|\n|t:|1781385422\n|switch|p2a: Volcanion|Volcanion, L79|232/255\n|move|p1a: Leavanny|Sticky Web|p2a: Volcanion\n|-sidestart|p2: moritzvb|move: Sticky Web\n|\n|upkeep\n|turn|12\n|\n|t:|1781385427\n|move|p1a: Leavanny|Knock Off|p2a: Volcanion\n|-damage|p2a: Volcanion|165/255\n|-enditem|p2a: Volcanion|Assault Vest|[from] move: Knock Off|[of] p1a: Leavanny\n|move|p2a: Volcanion|Flame Charge|p1a: Leavanny\n|-supereffective|p1a: Leavanny\n|-damage|p1a: Leavanny|0 fnt\n|-boost|p2a: Volcanion|spe|1\n|faint|p1a: Leavanny\n|\n|upkeep\n|\n|t:|1781385446\n|switch|p1a: Mabosstiff|Mabosstiff, L86, M|278/278\n|-damage|p1a: Mabosstiff|244/278|[from] Stealth Rock\n|turn|13\n|\n|t:|1781385450\n|move|p1a: Mabosstiff|Wild Charge|p2a: Volcanion\n|-supereffective|p2a: Volcanion\n|-crit|p2a: Volcanion\n|-damage|p2a: Volcanion|0 fnt\n|faint|p2a: Volcanion\n|-damage|p1a: Mabosstiff|203/278|[from] Recoil\n|\n|upkeep\n|\n|t:|1781385456\n|switch|p2a: Gliscor|Gliscor, L76, M|239/239 tox\n|turn|14\n|\n|t:|1781385460\n|switch|p1a: Primarina|Primarina, L83, M|235/268 brn\n|-damage|p1a: Primarina|202/268 brn|[from] Stealth Rock\n|move|p2a: Gliscor|Earthquake|p1a: Primarina\n|-damage|p1a: Primarina|111/268 brn\n|\n|-heal|p1a: Primarina|127/268 brn|[from] item: Leftovers\n|-damage|p1a: Primarina|111/268 brn|[from] brn\n|upkeep\n|turn|15\n|\n|t:|1781385475\n|switch|p2a: Metagross|Metagross, L79|142/256\n|-activate|p2a: Metagross|move: Sticky Web\n|-fail|p2a: Metagross|unboost|[from] ability: Clear Body|[of] p2a: Metagross\n|move|p1a: Primarina|Sparkling Aria|p2a: Metagross\n|-damage|p2a: Metagross|28/256\n|\n|-heal|p1a: Primarina|127/268 brn|[from] item: Leftovers\n|-damage|p1a: Primarina|111/268 brn|[from] brn\n|upkeep\n|turn|16\n|\n|t:|1781385483\n|move|p2a: Metagross|Heavy Slam|p1a: Primarina\n|-damage|p1a: Primarina|0 fnt\n|faint|p1a: Primarina\n|\n|upkeep\n|j| rufoush\n|\n|t:|1781385494\n|switch|p1a: Chi-Yu|Chi-Yu, L77|211/211\n|-ability|p1a: Chi-Yu|Beads of Ruin\n|turn|17\n|\n|t:|1781385497\n|move|p1a: Chi-Yu|Nasty Plot|p1a: Chi-Yu\n|-boost|p1a: Chi-Yu|spa|2\n|move|p2a: Metagross|Heavy Slam|p1a: Chi-Yu\n|-resisted|p1a: Chi-Yu\n|-damage|p1a: Chi-Yu|91/211\n|\n|upkeep\n|turn|18\n|\n|t:|1781385502\n|move|p1a: Chi-Yu|Dark Pulse|p2a: Metagross\n|-supereffective|p2a: Metagross\n|-damage|p2a: Metagross|0 fnt\n|faint|p2a: Metagross\n|\n|upkeep\n|\n|t:|1781385505\n|switch|p2a: Komala|Komala, L88, M|177/258\n|-activate|p2a: Komala|move: Sticky Web\n|-unboost|p2a: Komala|spe|1\n|-ability|p2a: Komala|Comatose\n|turn|19\n|\n|t:|1781385511\n|-terastallize|p1a: Chi-Yu|Dark\n|move|p1a: Chi-Yu|Dark Pulse|p2a: Komala\n|-damage|p2a: Komala|0 fnt\n|faint|p2a: Komala\n|\n|upkeep\n|\n|t:|1781385523\n|switch|p2a: Camerupt|Camerupt, L91, M|275/275\n|-activate|p2a: Camerupt|move: Sticky Web\n|-unboost|p2a: Camerupt|spe|1\n|turn|20\n|\n|t:|1781385530\n|move|p1a: Chi-Yu|Dark Pulse|p2a: Camerupt\n|-damage|p2a: Camerupt|0 fnt\n|faint|p2a: Camerupt\n|\n|upkeep\n|\n|t:|1781385533\n|switch|p2a: Espathra|Espathra, L80, M|283/283\n|-activate|p2a: Espathra|move: Sticky Web\n|-unboost|p2a: Espathra|spe|1\n|turn|21\n|\n|t:|1781385539\n|-terastallize|p2a: Espathra|Fairy\n|move|p1a: Chi-Yu|Dark Pulse|p2a: Espathra\n|-resisted|p2a: Espathra\n|-damage|p2a: Espathra|53/283\n|move|p2a: Espathra|Calm Mind|p2a: Espathra\n|-boost|p2a: Espathra|spa|1\n|-boost|p2a: Espathra|spd|1\n|\n|-heal|p2a: Espathra|70/283|[from] item: Leftovers\n|-ability|p2a: Espathra|Speed Boost|boost\n|-boost|p2a: Espathra|spe|1\n|upkeep\n|turn|22\n|c|\u2606Vegeta's Hairlinee|damn\n|\n|t:|1781385561\n|switch|p1a: Iron Treads|Iron Treads, L77|257/265\n|-damage|p1a: Iron Treads|249/265|[from] Stealth Rock\n|move|p2a: Espathra|Dazzling Gleam|p1a: Iron Treads\n|-resisted|p1a: Iron Treads\n|-damage|p1a: Iron Treads|198/265\n|\n|-heal|p2a: Espathra|87/283|[from] item: Leftovers\n|-ability|p2a: Espathra|Speed Boost|boost\n|-boost|p2a: Espathra|spe|1\n|upkeep\n|turn|23\n|\n|t:|1781385580\n|move|p2a: Espathra|Substitute|p2a: Espathra\n|-start|p2a: Espathra|Substitute\n|-damage|p2a: Espathra|17/283\n|move|p1a: Iron Treads|Iron Head|p2a: Espathra\n|-supereffective|p2a: Espathra\n|-crit|p2a: Espathra\n|-end|p2a: Espathra|Substitute\n|\n|-heal|p2a: Espathra|34/283|[from] item: Leftovers\n|-ability|p2a: Espathra|Speed Boost|boost\n|-boost|p2a: Espathra|spe|1\n|upkeep\n|turn|24\n|\n|t:|1781385585\n|move|p2a: Espathra|Stored Power|p1a: Iron Treads\n|-resisted|p1a: Iron Treads\n|-damage|p1a: Iron Treads|138/265\n|move|p1a: Iron Treads|Iron Head|p2a: Espathra\n|-supereffective|p2a: Espathra\n|-crit|p2a: Espathra\n|-damage|p2a: Espathra|0 fnt\n|faint|p2a: Espathra\n|\n|upkeep\n|\n|t:|1781385587\n|switch|p2a: Gliscor|Gliscor, L76, M|239/239 tox\n|turn|25\n|\n|t:|1781385593\n|move|p1a: Iron Treads|Iron Head|p2a: Gliscor\n|-damage|p2a: Gliscor|173/239 tox\n|cant|p2a: Gliscor|flinch\n|\n|-heal|p2a: Gliscor|202/239 tox|[from] ability: Poison Heal\n|upkeep\n|turn|26\n|\n|t:|1781385598\n|move|p2a: Gliscor|Protect|p2a: Gliscor\n|-singleturn|p2a: Gliscor|Protect\n|move|p1a: Iron Treads|Iron Head|p2a: Gliscor\n|-activate|p2a: Gliscor|move: Protect\n|\n|-heal|p2a: Gliscor|231/239 tox|[from] ability: Poison Heal\n|upkeep\n|turn|27\n|\n|t:|1781385601\n|move|p1a: Iron Treads|Iron Head|p2a: Gliscor\n|-damage|p2a: Gliscor|168/239 tox\n|move|p2a: Gliscor|Earthquake|p1a: Iron Treads\n|-supereffective|p1a: Iron Treads\n|-damage|p1a: Iron Treads|0 fnt\n|faint|p1a: Iron Treads\n|-end|p1a: Iron Treads|Quark Drive|[silent]\n|\n|-heal|p2a: Gliscor|197/239 tox|[from] ability: Poison Heal\n|upkeep\n|\n|t:|1781385608\n|switch|p1a: Chi-Yu|Chi-Yu, L77, tera:Dark|91/211\n|-ability|p1a: Chi-Yu|Beads of Ruin\n|turn|28\n|\n|t:|1781385612\n|move|p1a: Chi-Yu|Dark Pulse|p2a: Gliscor\n|-damage|p2a: Gliscor|0 fnt\n|faint|p2a: Gliscor\n|\n|win|Vegeta's Hairlinee\n", "inputlog": ">version a8376a258c1d4662feba110a92103f3664a72141\n>start {\"formatid\":\"gen9randombattle\",\"seed\":\"sodium,55aeb0880487e5af80a24d90402f74a0\",\"rated\":\"Rated battle\"}\n>player p1 {\"name\":\"Vegeta's Hairlinee\",\"avatar\":\"2\",\"rating\":2225,\"seed\":\"sodium,0cd71f3b5548eece0d3a83cfd1b83d1f\"}\n>player p2 {\"name\":\"moritzvb\",\"avatar\":\"ariana\",\"rating\":2176,\"seed\":\"sodium,729ddef593195eefdb1c7ba27d8e6b1a\"}\n>p1 move stickyweb\n>p2 move stealthrock\n>p1 switch 5\n>p2 move willowisp\n>p1 move sparklingaria\n>p2 switch 2\n>p1 switch 6\n>p2 move knockoff\n>p1 move stealthrock\n>p2 switch 5\n>p1 move lavaplume\n>p2 move rapidspin\n>chat \u2606moritzvb|show me your ghost type\n>chat \u2606Vegeta's Hairlinee|unfortunate i dont have\n>p1 move lavaplume\n>p2 move uturn\n>chat \u2606moritzvb|was meant to send before you chose a move\n>p2 switch 4\n>p1 move stealthrock\n>p2 move steameruption\n>chat \u2606moritzvb|since it's not worth predicting since the odds are you don't have one\n>chat \u2606Vegeta's Hairlinee|u shouldve predicted anyway\n>chat \u2606moritzvb|like magic bounce\n>p1 switch 2\n>p1 move earthquake\n>p2 switch 3\n>p1 switch 5\n>p2 move knockoff\n>p1 move stickyweb\n>p2 switch 3\n>p1 move knockoff\n>p2 move flamecharge\n>p1 switch 3\n>p1 move wildcharge\n>p2 move steameruption\n>p2 switch 3\n>p1 switch 6\n>p2 move earthquake\n>p1 move sparklingaria\n>p2 switch 5\n>p1 move sparklingaria\n>p2 move heavyslam\n>p1 switch 4\n>p1 move nastyplot\n>p2 move heavyslam\n>p1 move darkpulse\n>p2 move heavyslam\n>p2 switch 4\n>p1 move darkpulse terastallize\n>p2 move rapidspin\n>p2 switch 2\n>p1 move darkpulse\n>p2 move earthquake\n>p2 switch 6\n>p1 move darkpulse\n>p2 move calmmind terastallize\n>chat \u2606Vegeta's Hairlinee|damn \n>p1 switch 5\n>p2 move dazzlinggleam\n>p1 move ironhead\n>p2 move substitute\n>p1 move ironhead\n>p2 move storedpower\n>p2 switch 5\n>p1 move ironhead\n>p2 move earthquake\n>p1 move ironhead\n>p2 move protect\n>p1 move ironhead\n>p2 move earthquake\n>p1 switch 5\n>p1 move darkpulse\n>p2 move earthquake", "uploadtime": 1781385214, "views": 8, "formatid": "gen9randombattle", "rating": null, "private": 0, "password": null}