{"id": "gen9randombattle-2631597669", "format": "[Gen 9] Random Battle", "players": ["Ggcbhg", "Cesar A Bedoya"], "log": "|j|\u2606Ggcbhg\n|j|\u2606Cesar A Bedoya\n|t:|1781406542\n|gametype|singles\n|player|p1|Ggcbhg|265|1864\n|player|p2|Cesar A Bedoya|shadowtriad|1917\n|gen|9\n|tier|[Gen 9] Random Battle\n|rated|\n|rule|Species Clause: Limit one of each Pok\u00e9mon\n|rule|HP Percentage Mod: HP is shown in percentages\n|rule|Sleep Clause Mod: Limit one foe put to sleep\n|rule|Illusion Level Mod: Illusion disguises the Pok\u00e9mon's true level\n|\n|t:|1781406542\n|teamsize|p1|6\n|teamsize|p2|6\n|start\n|switch|p1a: Venomoth|Venomoth, L84, M|255/255\n|switch|p2a: Volbeat|Volbeat, L90, M|263/263\n|turn|1\n|inactive|Battle timer is ON: inactive players will automatically lose when time's up. (requested by Ggcbhg)\n|\n|t:|1781406556\n|switch|p1a: Chansey|Chansey, L85, F|564/564\n|move|p2a: Volbeat|Thunder Wave|p1a: Chansey|[miss]\n|-miss|p2a: Volbeat|p1a: Chansey\n|\n|upkeep\n|turn|2\n|\n|t:|1781406568\n|move|p2a: Volbeat|Lunge|p1a: Chansey\n|-damage|p1a: Chansey|366/564\n|-unboost|p1a: Chansey|atk|1\n|move|p1a: Chansey|Thunder Wave|p2a: Volbeat\n|-status|p2a: Volbeat|par\n|\n|upkeep\n|turn|3\n|\n|t:|1781406575\n|move|p1a: Chansey|Stealth Rock|p2a: Volbeat\n|-sidestart|p2: Cesar A Bedoya|move: Stealth Rock\n|cant|p2a: Volbeat|par\n|\n|upkeep\n|turn|4\n|\n|t:|1781406587\n|move|p2a: Volbeat|Encore|p1a: Chansey\n|-start|p1a: Chansey|Encore\n|move|p1a: Chansey|Stealth Rock||[still]\n|-fail|p1a: Chansey\n|\n|upkeep\n|turn|5\n|\n|t:|1781406596\n|move|p1a: Chansey|Stealth Rock||[still]\n|-fail|p1a: Chansey\n|move|p2a: Volbeat|Lunge|p1a: Chansey\n|-damage|p1a: Chansey|198/564\n|-unboost|p1a: Chansey|atk|1\n|\n|upkeep\n|turn|6\n|\n|t:|1781406604\n|switch|p1a: Venomoth|Venomoth, L84, M|255/255\n|move|p2a: Volbeat|Lunge|p1a: Venomoth\n|-resisted|p1a: Venomoth\n|-damage|p1a: Venomoth|204/255\n|-unboost|p1a: Venomoth|atk|1\n|\n|upkeep\n|turn|7\n|\n|t:|1781406619\n|cant|p2a: Volbeat|par\n|move|p1a: Venomoth|Bug Buzz|p2a: Volbeat\n|-damage|p2a: Volbeat|178/263 par\n|\n|upkeep\n|turn|8\n|\n|t:|1781406627\n|move|p2a: Volbeat|Thunder Wave|p1a: Venomoth\n|-status|p1a: Venomoth|par\n|cant|p1a: Venomoth|par\n|\n|upkeep\n|turn|9\n|\n|t:|1781406636\n|switch|p2a: Gliscor|Gliscor, L76, M|239/239\n|-damage|p2a: Gliscor|210/239|[from] Stealth Rock\n|move|p1a: Venomoth|Bug Buzz|p2a: Gliscor\n|-resisted|p2a: Gliscor\n|-damage|p2a: Gliscor|96/239\n|\n|-status|p2a: Gliscor|tox|[from] item: Toxic Orb\n|upkeep\n|turn|10\n|\n|t:|1781406648\n|move|p2a: Gliscor|Protect|p2a: Gliscor\n|-singleturn|p2a: Gliscor|Protect\n|move|p1a: Venomoth|Quiver Dance|p1a: Venomoth\n|-boost|p1a: Venomoth|spa|1\n|-boost|p1a: Venomoth|spd|1\n|-boost|p1a: Venomoth|spe|1\n|\n|-heal|p2a: Gliscor|125/239 tox|[from] ability: Poison Heal\n|upkeep\n|turn|11\n|\n|t:|1781406670\n|move|p2a: Gliscor|Earthquake|p1a: Venomoth\n|-damage|p1a: Venomoth|89/255 par\n|move|p1a: Venomoth|Sludge Wave|p2a: Gliscor\n|-resisted|p2a: Gliscor\n|-damage|p2a: Gliscor|0 fnt\n|faint|p2a: Gliscor\n|\n|upkeep\n|\n|t:|1781406678\n|switch|p2a: Arcanine|Arcanine-Hisui, L79, F|280/280\n|turn|12\n|\n|t:|1781406688\n|move|p2a: Arcanine|Flare Blitz|p1a: Venomoth\n|-supereffective|p1a: Venomoth\n|-damage|p1a: Venomoth|0 fnt\n|faint|p1a: Venomoth\n|\n|upkeep\n|\n|t:|1781406695\n|switch|p1a: Floatzel|Floatzel, L86, M|286/286\n|turn|13\n|\n|t:|1781406700\n|switch|p2a: Volbeat|Volbeat, L90, M|178/263 par\n|move|p1a: Floatzel|Flip Turn|p2a: Volbeat\n|-damage|p2a: Volbeat|63/263 par\n|\n|t:|1781406705\n|switch|p1a: Chansey|Chansey, L85, F|198/564|[from] Flip Turn\n|\n|upkeep\n|turn|14\n|\n|t:|1781406710\n|move|p1a: Chansey|Soft-Boiled|p1a: Chansey\n|-heal|p1a: Chansey|480/564\n|move|p2a: Volbeat|Lunge|p1a: Chansey\n|-damage|p1a: Chansey|303/564\n|-unboost|p1a: Chansey|atk|1\n|\n|upkeep\n|turn|15\n|\n|t:|1781406717\n|move|p1a: Chansey|Soft-Boiled|p1a: Chansey\n|-heal|p1a: Chansey|564/564\n|cant|p2a: Volbeat|par\n|\n|upkeep\n|turn|16\n|\n|t:|1781406724\n|move|p1a: Chansey|Seismic Toss|p2a: Volbeat\n|-damage|p2a: Volbeat|0 fnt\n|faint|p2a: Volbeat\n|\n|upkeep\n|\n|t:|1781406734\n|switch|p2a: Terrakion|Terrakion, L79|273/273\n|-damage|p2a: Terrakion|256/273|[from] Stealth Rock\n|turn|17\n|\n|t:|1781406742\n|-terastallize|p1a: Chansey|Poison\n|move|p2a: Terrakion|Close Combat|p1a: Chansey\n|-resisted|p1a: Chansey\n|-damage|p1a: Chansey|342/564\n|-unboost|p2a: Terrakion|def|1\n|-unboost|p2a: Terrakion|spd|1\n|move|p1a: Chansey|Thunder Wave|p2a: Terrakion|[miss]\n|-miss|p1a: Chansey|p2a: Terrakion\n|\n|upkeep\n|turn|18\n|\n|t:|1781406768\n|switch|p2a: Hypno|Hypno, L95, F|315/315\n|-damage|p2a: Hypno|276/315|[from] Stealth Rock\n|move|p1a: Chansey|Thunder Wave|p2a: Hypno\n|-status|p2a: Hypno|par\n|\n|-heal|p2a: Hypno|295/315 par|[from] item: Leftovers\n|upkeep\n|turn|19\n|\n|t:|1781406786\n|move|p1a: Chansey|Seismic Toss|p2a: Hypno\n|-damage|p2a: Hypno|210/315 par\n|cant|p2a: Hypno|par\n|\n|-heal|p2a: Hypno|229/315 par|[from] item: Leftovers\n|upkeep\n|turn|20\n|\n|t:|1781406794\n|move|p1a: Chansey|Seismic Toss|p2a: Hypno\n|-damage|p2a: Hypno|144/315 par\n|move|p2a: Hypno|Psychic Noise|p1a: Chansey\n|-supereffective|p1a: Chansey\n|-damage|p1a: Chansey|250/564\n|-start|p1a: Chansey|move: Heal Block\n|\n|-heal|p2a: Hypno|163/315 par|[from] item: Leftovers\n|upkeep\n|turn|21\n|\n|t:|1781406805\n|move|p1a: Chansey|Seismic Toss|p2a: Hypno\n|-damage|p2a: Hypno|78/315 par\n|move|p2a: Hypno|Psychic Noise|p1a: Chansey\n|-supereffective|p1a: Chansey\n|-damage|p1a: Chansey|154/564\n|\n|-heal|p2a: Hypno|97/315 par|[from] item: Leftovers\n|-end|p1a: Chansey|move: Heal Block\n|upkeep\n|turn|22\n|\n|t:|1781406817\n|move|p1a: Chansey|Soft-Boiled|p1a: Chansey\n|-heal|p1a: Chansey|436/564\n|move|p2a: Hypno|Psychic Noise|p1a: Chansey\n|-supereffective|p1a: Chansey\n|-damage|p1a: Chansey|334/564\n|-start|p1a: Chansey|move: Heal Block\n|\n|-heal|p2a: Hypno|116/315 par|[from] item: Leftovers\n|upkeep\n|turn|23\n|\n|t:|1781406827\n|move|p1a: Chansey|Seismic Toss|p2a: Hypno\n|-damage|p2a: Hypno|31/315 par\n|move|p2a: Hypno|Psychic Noise|p1a: Chansey\n|-supereffective|p1a: Chansey\n|-damage|p1a: Chansey|230/564\n|\n|-heal|p2a: Hypno|50/315 par|[from] item: Leftovers\n|-end|p1a: Chansey|move: Heal Block\n|upkeep\n|turn|24\n|\n|t:|1781406847\n|move|p1a: Chansey|Soft-Boiled|p1a: Chansey\n|-heal|p1a: Chansey|512/564\n|move|p2a: Hypno|Psychic Noise|p1a: Chansey\n|-supereffective|p1a: Chansey\n|-damage|p1a: Chansey|420/564\n|-start|p1a: Chansey|move: Heal Block\n|\n|-heal|p2a: Hypno|69/315 par|[from] item: Leftovers\n|upkeep\n|turn|25\n|\n|t:|1781406857\n|move|p1a: Chansey|Seismic Toss|p2a: Hypno\n|-damage|p2a: Hypno|0 fnt\n|faint|p2a: Hypno\n|\n|-end|p1a: Chansey|move: Heal Block\n|upkeep\n|\n|t:|1781406869\n|switch|p2a: Terrakion|Terrakion, L79|256/273\n|-damage|p2a: Terrakion|239/273|[from] Stealth Rock\n|turn|26\n|\n|t:|1781406874\n|move|p2a: Terrakion|Earthquake|p1a: Chansey\n|-supereffective|p1a: Chansey\n|-damage|p1a: Chansey|0 fnt\n|faint|p1a: Chansey\n|\n|upkeep\n|\n|t:|1781406888\n|switch|p1a: Baxcalibur|Baxcalibur, L75, F|295/295\n|turn|27\n|\n|t:|1781406894\n|switch|p2a: Arcanine|Arcanine-Hisui, L79, F|280/280\n|move|p1a: Baxcalibur|Scale Shot|p2a: Arcanine\n|-damage|p2a: Arcanine|246/280\n|-damage|p2a: Arcanine|210/280\n|-damage|p2a: Arcanine|177/280\n|-damage|p2a: Arcanine|140/280\n|-damage|p2a: Arcanine|107/280\n|-hitcount|p2a: Arcanine|5\n|-unboost|p1a: Baxcalibur|def|1\n|-boost|p1a: Baxcalibur|spe|1\n|\n|upkeep\n|turn|28\n|\n|t:|1781406907\n|move|p2a: Arcanine|Extreme Speed|p1a: Baxcalibur\n|-crit|p1a: Baxcalibur\n|-damage|p1a: Baxcalibur|164/295\n|move|p1a: Baxcalibur|Scale Shot|p2a: Arcanine\n|-damage|p2a: Arcanine|73/280\n|-damage|p2a: Arcanine|39/280\n|-crit|p2a: Arcanine\n|-damage|p2a: Arcanine|0 fnt\n|faint|p2a: Arcanine\n|-hitcount|p2: Arcanine|3\n|-unboost|p1a: Baxcalibur|def|1\n|-boost|p1a: Baxcalibur|spe|1\n|\n|upkeep\n|\n|t:|1781406936\n|switch|p2a: Brambleghast|Brambleghast, L88, M|240/240\n|turn|29\n|\n|t:|1781406940\n|-terastallize|p2a: Brambleghast|Steel\n|move|p1a: Baxcalibur|Icicle Spear|p2a: Brambleghast\n|-resisted|p2a: Brambleghast\n|-damage|p2a: Brambleghast|224/240\n|-resisted|p2a: Brambleghast\n|-damage|p2a: Brambleghast|208/240\n|-resisted|p2a: Brambleghast\n|-damage|p2a: Brambleghast|190/240\n|-resisted|p2a: Brambleghast\n|-damage|p2a: Brambleghast|173/240\n|-hitcount|p2a: Brambleghast|4\n|move|p2a: Brambleghast|Rapid Spin|p1a: Baxcalibur\n|-damage|p1a: Baxcalibur|63/295\n|-boost|p2a: Brambleghast|spe|1\n|-sideend|p2: Cesar A Bedoya|Stealth Rock|[from] move: Rapid Spin|[of] p2a: Brambleghast\n|\n|upkeep\n|turn|30\n|\n|t:|1781406955\n|move|p1a: Baxcalibur|Earthquake|p2a: Brambleghast\n|-supereffective|p2a: Brambleghast\n|-damage|p2a: Brambleghast|0 fnt\n|faint|p2a: Brambleghast\n|\n|upkeep\n|-message|Cesar A Bedoya forfeited.\n|\n|win|Ggcbhg\n|raw|Ggcbhg's rating: 1864 &rarr; <strong>1889</strong><br />(+25 for winning)\n|raw|Cesar A Bedoya's rating: 1959 &rarr; <strong>1934</strong><br />(-25 for losing)\n|l|\u2606Cesar A Bedoya\n|player|p2|\n", "inputlog": ">version a8376a258c1d4662feba110a92103f3664a72141\n>start {\"formatid\":\"gen9randombattle\",\"seed\":\"sodium,94c192dcc90693f0277c26deb6f9307e\",\"rated\":\"Rated battle\"}\n>player p1 {\"name\":\"Ggcbhg\",\"avatar\":\"265\",\"rating\":1864,\"seed\":\"sodium,9a9f79e62d32d982e8702703b6b5c922\"}\n>player p2 {\"name\":\"Cesar A Bedoya\",\"avatar\":\"shadowtriad\",\"rating\":1917,\"seed\":\"sodium,38767239be7cb82957f1c726ebb7672f\"}\n>p1 switch 3\n>p2 move thunderwave\n>p1 move thunderwave\n>p2 move lunge\n>p1 move stealthrock\n>p2 move lunge\n>p1 move softboiled\n>p2 move encore\n>p1 move stealthrock\n>p2 move lunge\n>p1 switch 3\n>p2 move lunge\n>p1 move bugbuzz\n>p2 move thunderwave\n>p1 move sludgewave\n>p2 move thunderwave\n>p1 move bugbuzz\n>p2 switch 4\n>p1 move quiverdance\n>p2 move protect\n>p1 move sludgewave\n>p2 move earthquake\n>p2 switch 2\n>p1 move sludgewave\n>p2 move flareblitz\n>p1 switch 4\n>p1 move flipturn\n>p2 switch 4\n>p1 switch 3\n>p1 move softboiled\n>p2 move lunge\n>p1 move softboiled\n>p2 move lunge\n>p1 move seismictoss\n>p2 move lunge\n>p2 switch 6\n>p1 move thunderwave terastallize\n>p2 move closecombat\n>p1 move thunderwave\n>p2 switch 3\n>p1 move seismictoss\n>p2 move psychicnoise\n>p1 move seismictoss\n>p2 move psychicnoise\n>p1 move seismictoss\n>p2 move psychicnoise\n>p1 move softboiled\n>p2 move psychicnoise\n>p1 move seismictoss\n>p2 move psychicnoise\n>p1 move softboiled\n>p2 move psychicnoise\n>p1 move seismictoss\n>p2 move psychicnoise\n>p2 switch 3\n>p1 move thunderwave\n>p2 move earthquake\n>p1 switch 2\n>p1 move scaleshot\n>p2 switch 4\n>p1 move scaleshot\n>p2 move extremespeed\n>p2 switch 5\n>p1 move iciclespear\n>p2 move rapidspin terastallize\n>p1 move earthquake\n>p2 move strengthsap\n>forcelose p2", "uploadtime": 1781406963, "views": 5, "formatid": "gen9randombattle", "rating": 1889, "private": 0, "password": null}