{"id": "gen9randombattle-2631452564", "format": "[Gen 9] Random Battle", "players": ["shootermcgavin3700", "Fortre"], "log": "|j|\u2606shootermcgavin3700\n|j|\u2606Fortre\n|t:|1781386440\n|gametype|singles\n|player|p1|shootermcgavin3700|1|1917\n|player|p2|Fortre|1|1973\n|gen|9\n|tier|[Gen 9] Random Battle\n|rated|\n|rule|Species Clause: Limit one of each Pok\u00e9mon\n|rule|HP Percentage Mod: HP is shown in percentages\n|rule|Sleep Clause Mod: Limit one foe put to sleep\n|rule|Illusion Level Mod: Illusion disguises the Pok\u00e9mon's true level\n|\n|t:|1781386440\n|teamsize|p1|6\n|teamsize|p2|6\n|start\n|switch|p1a: Sableye|Sableye, L88, M|231/231\n|switch|p2a: Polteageist|Polteageist-Antique, L78|222/222\n|turn|1\n|inactive|Battle timer is ON: inactive players will automatically lose when time's up. (requested by shootermcgavin3700)\n|\n|t:|1781386451\n|switch|p2a: Clodsire|Clodsire, L81, M|343/343\n|move|p1a: Sableye|Knock Off|p2a: Clodsire\n|-damage|p2a: Clodsire|226/343\n|-enditem|p2a: Clodsire|Leftovers|[from] move: Knock Off|[of] p1a: Sableye\n|\n|upkeep\n|turn|2\n|\n|t:|1781386458\n|switch|p1a: Sandy Shocks|Sandy Shocks, L80|267/267\n|move|p2a: Clodsire|Stealth Rock|p1a: Sandy Shocks\n|-sidestart|p1: shootermcgavin3700|move: Stealth Rock\n|\n|upkeep\n|turn|3\n|\n|t:|1781386468\n|switch|p2a: Bronzong|Bronzong, L88|261/261\n|move|p1a: Sandy Shocks|Earth Power|p2a: Bronzong\n|-immune|p2a: Bronzong|[from] ability: Levitate\n|\n|upkeep\n|turn|4\n|l|\u2606shootermcgavin3700\n|inactive|shootermcgavin3700 disconnected and has a minute to reconnect!\n|player|p1|\n|j|\u2606shootermcgavin3700\n|inactive|shootermcgavin3700 reconnected and has 135 seconds left.\n|player|p1|shootermcgavin3700|1|\n|\n|t:|1781386484\n|move|p1a: Sandy Shocks|Thunder Wave|p2a: Bronzong\n|-status|p2a: Bronzong|par\n|move|p2a: Bronzong|Earthquake|p1a: Sandy Shocks\n|-supereffective|p1a: Sandy Shocks\n|-damage|p1a: Sandy Shocks|111/267\n|\n|upkeep\n|turn|5\n|\n|t:|1781386494\n|move|p1a: Sandy Shocks|Volt Switch|p2a: Bronzong\n|-damage|p2a: Bronzong|203/261 par\n|\n|t:|1781386496\n|-end|p1a: Sandy Shocks|Protosynthesis|[silent]\n|switch|p1a: Vaporeon|Vaporeon, L86, F|364/364|[from] Volt Switch\n|-damage|p1a: Vaporeon|319/364|[from] Stealth Rock\n|cant|p2a: Bronzong|par\n|\n|-heal|p1a: Vaporeon|341/364|[from] item: Leftovers\n|-heal|p2a: Bronzong|219/261 par|[from] item: Leftovers\n|upkeep\n|turn|6\n|\n|t:|1781386501\n|move|p1a: Vaporeon|Calm Mind|p1a: Vaporeon\n|-boost|p1a: Vaporeon|spa|1\n|-boost|p1a: Vaporeon|spd|1\n|move|p2a: Bronzong|Hypnosis|p1a: Vaporeon\n|-status|p1a: Vaporeon|slp|[from] move: Hypnosis\n|\n|-heal|p1a: Vaporeon|363/364 slp|[from] item: Leftovers\n|-heal|p2a: Bronzong|235/261 par|[from] item: Leftovers\n|upkeep\n|turn|7\n|\n|t:|1781386507\n|switch|p2a: Dewgong|Dewgong, L94, F|322/322\n|cant|p1a: Vaporeon|slp\n|\n|-heal|p1a: Vaporeon|364/364 slp|[from] item: Leftovers\n|upkeep\n|turn|8\n|\n|t:|1781386511\n|move|p2a: Dewgong|Knock Off|p1a: Vaporeon\n|-damage|p1a: Vaporeon|280/364 slp\n|-enditem|p1a: Vaporeon|Leftovers|[from] move: Knock Off|[of] p2a: Dewgong\n|-curestatus|p1a: Vaporeon|slp|[msg]\n|move|p1a: Vaporeon|Scald|p2a: Dewgong\n|-resisted|p2a: Dewgong\n|-damage|p2a: Dewgong|280/322\n|\n|upkeep\n|turn|9\n|\n|t:|1781386525\n|switch|p2a: Clodsire|Clodsire, L81, M|226/343\n|move|p1a: Vaporeon|Wish|p1a: Vaporeon\n|\n|upkeep\n|turn|10\n|\n|t:|1781386530\n|move|p1a: Vaporeon|Scald|p2a: Clodsire\n|-heal|p2a: Clodsire|311/343|[from] ability: Water Absorb|[of] p1a: Vaporeon\n|move|p2a: Clodsire|Gunk Shot|p1a: Vaporeon|[miss]\n|-miss|p2a: Clodsire|p1a: Vaporeon\n|\n|-heal|p1a: Vaporeon|364/364|[from] move: Wish|[wisher] Vaporeon\n|upkeep\n|turn|11\n|\n|t:|1781386537\n|switch|p1a: Sableye|Sableye, L88, M|231/231\n|-damage|p1a: Sableye|203/231|[from] Stealth Rock\n|move|p2a: Clodsire|Earthquake|p1a: Sableye\n|-damage|p1a: Sableye|116/231\n|\n|-heal|p1a: Sableye|130/231|[from] item: Leftovers\n|upkeep\n|turn|12\n|\n|t:|1781386542\n|move|p1a: Sableye|Encore|p2a: Clodsire\n|-start|p2a: Clodsire|Encore\n|move|p2a: Clodsire|Earthquake|p1a: Sableye\n|-damage|p1a: Sableye|36/231\n|\n|-heal|p1a: Sableye|50/231|[from] item: Leftovers\n|upkeep\n|turn|13\n|\n|t:|1781386545\n|switch|p1a: Sandy Shocks|Sandy Shocks, L80|111/267\n|move|p2a: Clodsire|Earthquake|p1a: Sandy Shocks\n|-supereffective|p1a: Sandy Shocks\n|-damage|p1a: Sandy Shocks|0 fnt\n|faint|p1a: Sandy Shocks\n|-end|p1a: Sandy Shocks|Protosynthesis|[silent]\n|\n|upkeep\n|\n|t:|1781386553\n|switch|p1a: Feraligatr|Feraligatr, L79, F|264/264\n|-damage|p1a: Feraligatr|231/264|[from] Stealth Rock\n|turn|14\n|\n|t:|1781386558\n|switch|p2a: Dewgong|Dewgong, L94, F|280/322\n|move|p1a: Feraligatr|Dragon Dance|p1a: Feraligatr\n|-boost|p1a: Feraligatr|atk|1\n|-boost|p1a: Feraligatr|spe|1\n|\n|upkeep\n|turn|15\n|\n|t:|1781386560\n|move|p1a: Feraligatr|Trailblaze|p2a: Dewgong\n|-supereffective|p2a: Dewgong\n|-damage|p2a: Dewgong|124/322\n|move|p2a: Dewgong|Knock Off|p1a: Feraligatr\n|-damage|p1a: Feraligatr|170/264\n|-enditem|p1a: Feraligatr|Life Orb|[from] move: Knock Off|[of] p2a: Dewgong\n|\n|upkeep\n|turn|16\n|\n|t:|1781386566\n|move|p1a: Feraligatr|Trailblaze|p2a: Dewgong\n|-supereffective|p2a: Dewgong\n|-damage|p2a: Dewgong|6/322\n|move|p2a: Dewgong|Flip Turn|p1a: Feraligatr\n|-resisted|p1a: Feraligatr\n|-damage|p1a: Feraligatr|140/264\n|\n|t:|1781386570\n|switch|p2a: Bronzong|Bronzong, L88|235/261 par|[from] Flip Turn\n|\n|-heal|p2a: Bronzong|251/261 par|[from] item: Leftovers\n|upkeep\n|turn|17\n|\n|t:|1781386574\n|move|p1a: Feraligatr|Liquidation|p2a: Bronzong\n|-damage|p2a: Bronzong|118/261 par\n|move|p2a: Bronzong|Psychic|p1a: Feraligatr\n|-damage|p1a: Feraligatr|35/264\n|\n|-heal|p2a: Bronzong|134/261 par|[from] item: Leftovers\n|upkeep\n|turn|18\n|\n|t:|1781386585\n|move|p1a: Feraligatr|Dragon Dance|p1a: Feraligatr\n|-boost|p1a: Feraligatr|atk|1\n|-boost|p1a: Feraligatr|spe|1\n|move|p2a: Bronzong|Psychic|p1a: Feraligatr\n|-damage|p1a: Feraligatr|0 fnt\n|faint|p1a: Feraligatr\n|\n|-heal|p2a: Bronzong|150/261 par|[from] item: Leftovers\n|upkeep\n|-message|shootermcgavin3700 forfeited.\n|\n|win|Fortre\n", "uploadtime": 1781386441, "views": 4, "formatid": "gen9randombattle", "rating": null, "private": 0, "password": null}