{"id": "gen9randombattle-2631381421", "format": "[Gen 9] Random Battle", "players": ["canbetaught2", "popinatzsu"], "log": "|j|\u2606canbetaught2\n|j|\u2606popinatzsu\n|t:|1781377956\n|gametype|singles\n|player|p1|canbetaught2|hilda|1925\n|player|p2|popinatzsu|nessa|1979\n|gen|9\n|tier|[Gen 9] Random Battle\n|rated|\n|rule|Species Clause: Limit one of each Pok\u00e9mon\n|rule|HP Percentage Mod: HP is shown in percentages\n|rule|Sleep Clause Mod: Limit one foe put to sleep\n|rule|Illusion Level Mod: Illusion disguises the Pok\u00e9mon's true level\n|\n|t:|1781377956\n|teamsize|p1|6\n|teamsize|p2|6\n|start\n|switch|p1a: Shaymin|Shaymin, L82|298/298\n|switch|p2a: Arceus|Arceus-Ice, L72|291/291\n|turn|1\n|inactive|Battle timer is ON: inactive players will automatically lose when time's up. (requested by popinatzsu)\n|\n|t:|1781377981\n|switch|p2a: Girafarig|Girafarig, L89, M|269/269\n|move|p1a: Shaymin|Leech Seed|p2a: Girafarig\n|-ability|p2a: Girafarig|Sap Sipper|boost\n|-boost|p2a: Girafarig|atk|1\n|\n|upkeep\n|turn|2\n|\n|t:|1781378008\n|switch|p1a: Moltres|Moltres, L81|278/278\n|move|p2a: Girafarig|Nasty Plot|p2a: Girafarig\n|-boost|p2a: Girafarig|spa|2\n|\n|upkeep\n|turn|3\n|\n|t:|1781378022\n|move|p2a: Girafarig|Thunderbolt|p1a: Moltres\n|-supereffective|p1a: Moltres\n|-damage|p1a: Moltres|0 fnt\n|faint|p1a: Moltres\n|\n|upkeep\n|\n|t:|1781378024\n|switch|p1a: Chansey|Chansey, L85, F|564/564\n|turn|4\n|\n|t:|1781378034\n|switch|p2a: Mudsdale|Mudsdale, L83, F|302/302\n|move|p1a: Chansey|Thunder Wave|p2a: Mudsdale\n|-immune|p2a: Mudsdale\n|\n|upkeep\n|turn|5\n|\n|t:|1781378040\n|switch|p1a: Shaymin|Shaymin, L82|298/298\n|move|p2a: Mudsdale|Stealth Rock|p1a: Shaymin\n|-sidestart|p1: canbetaught2|move: Stealth Rock\n|\n|upkeep\n|turn|6\n|\n|t:|1781378052\n|switch|p2a: Avalugg|Avalugg, L88, F|310/310\n|move|p1a: Shaymin|Seed Flare|p2a: Avalugg\n|-damage|p2a: Avalugg|117/310\n|\n|upkeep\n|turn|7\n|\n|t:|1781378059\n|switch|p2a: Girafarig|Girafarig, L89, M|269/269\n|move|p1a: Shaymin|Air Slash|p2a: Girafarig\n|-damage|p2a: Girafarig|224/269\n|\n|upkeep\n|turn|8\n|\n|t:|1781378066\n|switch|p1a: Oricorio|Oricorio-Pom-Pom, L82, M|257/257\n|switch|p2a: Avalugg|Avalugg, L88, F|117/310\n|\n|upkeep\n|turn|9\n|\n|t:|1781378070\n|move|p1a: Oricorio|Revelation Dance|p2a: Avalugg\n|-damage|p2a: Avalugg|0 fnt\n|faint|p2a: Avalugg\n|\n|upkeep\n|\n|t:|1781378092\n|switch|p2a: Mudsdale|Mudsdale, L83, F|302/302\n|turn|10\n|\n|t:|1781378101\n|switch|p1a: Shaymin|Shaymin, L82|298/298\n|-damage|p1a: Shaymin|261/298|[from] Stealth Rock\n|move|p2a: Mudsdale|Stone Edge|p1a: Shaymin\n|-damage|p1a: Shaymin|188/298\n|\n|-heal|p1a: Shaymin|206/298|[from] item: Leftovers\n|upkeep\n|turn|11\n|\n|t:|1781378114\n|switch|p2a: Girafarig|Girafarig, L89, M|224/269\n|move|p1a: Shaymin|Air Slash|p2a: Girafarig\n|-crit|p2a: Girafarig\n|-damage|p2a: Girafarig|166/269\n|\n|-heal|p1a: Shaymin|224/298|[from] item: Leftovers\n|upkeep\n|turn|12\n|\n|t:|1781378120\n|move|p1a: Shaymin|Air Slash|p2a: Girafarig\n|-damage|p2a: Girafarig|122/269\n|cant|p2a: Girafarig|flinch\n|\n|-heal|p1a: Shaymin|242/298|[from] item: Leftovers\n|upkeep\n|turn|13\n|\n|t:|1781378123\n|switch|p1a: Oricorio|Oricorio-Pom-Pom, L82, M|257/257\n|move|p2a: Girafarig|Psychic|p1a: Oricorio\n|-crit|p1a: Oricorio\n|-damage|p1a: Oricorio|80/257\n|-unboost|p1a: Oricorio|spd|1\n|\n|upkeep\n|turn|14\n|\n|t:|1781378127\n|move|p2a: Girafarig|Psychic|p1a: Oricorio\n|-damage|p1a: Oricorio|0 fnt\n|faint|p1a: Oricorio\n|\n|upkeep\n|\n|t:|1781378130\n|switch|p1a: Magcargo|Magcargo, L95, F|268/268\n|turn|15\n|\n|t:|1781378158\n|move|p2a: Girafarig|Psychic|p1a: Magcargo\n|-damage|p1a: Magcargo|180/268\n|-unboost|p1a: Magcargo|spd|1\n|move|p1a: Magcargo|Shell Smash|p1a: Magcargo\n|-unboost|p1a: Magcargo|def|1\n|-unboost|p1a: Magcargo|spd|1\n|-boost|p1a: Magcargo|atk|2\n|-boost|p1a: Magcargo|spa|2\n|-boost|p1a: Magcargo|spe|2\n|\n|upkeep\n|turn|16\n|inactive|popinatzsu has 120 seconds left.\n|\n|t:|1781378182\n|move|p1a: Magcargo|Power Gem|p2a: Girafarig\n|-damage|p2a: Girafarig|0 fnt\n|faint|p2a: Girafarig\n|\n|upkeep\n|\n|t:|1781378195\n|switch|p2a: Mudsdale|Mudsdale, L83, F|302/302\n|turn|17\n|\n|t:|1781378207\n|-terastallize|p1a: Magcargo|Dragon\n|move|p1a: Magcargo|Earth Power|p2a: Mudsdale\n|-damage|p2a: Mudsdale|129/302\n|-ability|p2a: Mudsdale|Stamina|boost\n|-boost|p2a: Mudsdale|def|1\n|move|p2a: Mudsdale|Earthquake|p1a: Magcargo\n|-damage|p1a: Magcargo|39/268\n|-ability|p1a: Magcargo|Weak Armor|boost\n|-unboost|p1a: Magcargo|def|1\n|-boost|p1a: Magcargo|spe|2\n|\n|-heal|p2a: Mudsdale|147/302|[from] item: Leftovers\n|upkeep\n|turn|18\n|inactive|popinatzsu has 120 seconds left.\n|\n|t:|1781378227\n|switch|p2a: Yanmega|Yanmega, L82, F|275/275\n|move|p1a: Magcargo|Earth Power|p2a: Yanmega\n|-immune|p2a: Yanmega\n|\n|upkeep\n|turn|19\n|\n|t:|1781378235\n|move|p2a: Yanmega|Protect|p2a: Yanmega\n|-singleturn|p2a: Yanmega|Protect\n|move|p1a: Magcargo|Power Gem|p2a: Yanmega\n|-activate|p2a: Yanmega|move: Protect\n|\n|-ability|p2a: Yanmega|Speed Boost|boost\n|-boost|p2a: Yanmega|spe|1\n|upkeep\n|turn|20\n|inactive|popinatzsu has 120 seconds left.\n|\n|t:|1781378247\n|move|p2a: Yanmega|Protect||[still]\n|-fail|p2a: Yanmega\n|move|p1a: Magcargo|Fire Blast|p2a: Yanmega|[miss]\n|-miss|p1a: Magcargo|p2a: Yanmega\n|\n|-ability|p2a: Yanmega|Speed Boost|boost\n|-boost|p2a: Yanmega|spe|1\n|upkeep\n|turn|21\n|\n|t:|1781378252\n|move|p2a: Yanmega|Bug Buzz|p1a: Magcargo\n|-damage|p1a: Magcargo|0 fnt\n|faint|p1a: Magcargo\n|\n|-ability|p2a: Yanmega|Speed Boost|boost\n|-boost|p2a: Yanmega|spe|1\n|upkeep\n|\n|t:|1781378254\n|switch|p1a: Chansey|Chansey, L85, F|564/564\n|-damage|p1a: Chansey|494/564|[from] Stealth Rock\n|turn|22\n|\n|t:|1781378267\n|switch|p2a: Mudsdale|Mudsdale, L83, F|147/302\n|move|p1a: Chansey|Seismic Toss|p2a: Mudsdale\n|-damage|p2a: Mudsdale|62/302\n|-ability|p2a: Mudsdale|Stamina|boost\n|-boost|p2a: Mudsdale|def|1\n|\n|-heal|p2a: Mudsdale|80/302|[from] item: Leftovers\n|upkeep\n|turn|23\n|\n|t:|1781378273\n|move|p1a: Chansey|Seismic Toss|p2a: Mudsdale\n|-damage|p2a: Mudsdale|0 fnt\n|faint|p2a: Mudsdale\n|\n|upkeep\n|\n|t:|1781378277\n|switch|p2a: Sandslash|Sandslash, L89, M|278/278\n|turn|24\n|\n|t:|1781378294\n|switch|p1a: Shaymin|Shaymin, L82|242/298\n|-damage|p1a: Shaymin|205/298|[from] Stealth Rock\n|move|p2a: Sandslash|Knock Off|p1a: Shaymin\n|-damage|p1a: Shaymin|129/298\n|-enditem|p1a: Shaymin|Leftovers|[from] move: Knock Off|[of] p2a: Sandslash\n|\n|upkeep\n|turn|25\n|\n|t:|1781378305\n|switch|p2a: Yanmega|Yanmega, L82, F|275/275\n|move|p1a: Shaymin|Air Slash|p2a: Yanmega\n|-supereffective|p2a: Yanmega\n|-damage|p2a: Yanmega|141/275\n|\n|upkeep\n|turn|26\n|\n|t:|1781378318\n|switch|p1a: Chansey|Chansey, L85, F|494/564\n|-damage|p1a: Chansey|424/564|[from] Stealth Rock\n|move|p2a: Yanmega|Bug Buzz|p1a: Chansey\n|-damage|p1a: Chansey|367/564\n|\n|-ability|p2a: Yanmega|Speed Boost|boost\n|-boost|p2a: Yanmega|spe|1\n|upkeep\n|turn|27\n|\n|t:|1781378325\n|move|p2a: Yanmega|Air Slash|p1a: Chansey\n|-damage|p1a: Chansey|318/564\n|move|p1a: Chansey|Seismic Toss|p2a: Yanmega\n|-damage|p2a: Yanmega|56/275\n|\n|-ability|p2a: Yanmega|Speed Boost|boost\n|-boost|p2a: Yanmega|spe|1\n|upkeep\n|turn|28\n|\n|t:|1781378351\n|switch|p2a: Sandslash|Sandslash, L89, M|278/278\n|move|p1a: Chansey|Seismic Toss|p2a: Sandslash\n|-damage|p2a: Sandslash|193/278\n|\n|-heal|p2a: Sandslash|210/278|[from] item: Leftovers\n|upkeep\n|turn|29\n|\n|t:|1781378358\n|switch|p1a: Shaymin|Shaymin, L82|129/298\n|-damage|p1a: Shaymin|92/298|[from] Stealth Rock\n|move|p2a: Sandslash|Swords Dance|p2a: Sandslash\n|-boost|p2a: Sandslash|atk|2\n|\n|-heal|p2a: Sandslash|227/278|[from] item: Leftovers\n|upkeep\n|turn|30\n|\n|t:|1781378373\n|-terastallize|p2a: Sandslash|Dragon\n|move|p1a: Shaymin|Seed Flare|p2a: Sandslash\n|-resisted|p2a: Sandslash\n|-damage|p2a: Sandslash|153/278\n|move|p2a: Sandslash|Knock Off|p1a: Shaymin\n|-damage|p1a: Shaymin|0 fnt\n|faint|p1a: Shaymin\n|\n|-heal|p2a: Sandslash|170/278|[from] item: Leftovers\n|upkeep\n|\n|t:|1781378376\n|switch|p1a: Kommo-o|Kommo-o, L78, M|245/245\n|-damage|p1a: Kommo-o|230/245|[from] Stealth Rock\n|turn|31\n|\n|t:|1781378382\n|switch|p2a: Yanmega|Yanmega, L82, F|56/275\n|move|p1a: Kommo-o|Clangorous Soul|p1a: Kommo-o\n|-boost|p1a: Kommo-o|atk|1\n|-boost|p1a: Kommo-o|def|1\n|-boost|p1a: Kommo-o|spa|1\n|-boost|p1a: Kommo-o|spd|1\n|-boost|p1a: Kommo-o|spe|1\n|-damage|p1a: Kommo-o|150/245\n|-enditem|p1a: Kommo-o|Throat Spray\n|-boost|p1a: Kommo-o|spa|1|[from] item: Throat Spray\n|\n|upkeep\n|turn|32\n|\n|t:|1781378387\n|move|p2a: Yanmega|Protect|p2a: Yanmega\n|-singleturn|p2a: Yanmega|Protect\n|move|p1a: Kommo-o|Boomburst|p2a: Yanmega\n|-activate|p2a: Yanmega|move: Protect\n|\n|-ability|p2a: Yanmega|Speed Boost|boost\n|-boost|p2a: Yanmega|spe|1\n|upkeep\n|turn|33\n|\n|t:|1781378390\n|move|p2a: Yanmega|Air Slash|p1a: Kommo-o\n|-supereffective|p1a: Kommo-o\n|-damage|p1a: Kommo-o|36/245\n|cant|p1a: Kommo-o|flinch\n|\n|-ability|p2a: Yanmega|Speed Boost|boost\n|-boost|p2a: Yanmega|spe|1\n|upkeep\n|turn|34\n|\n|t:|1781378403\n|move|p2a: Yanmega|Tera Blast|p1a: Kommo-o\n|-damage|p1a: Kommo-o|0 fnt\n|faint|p1a: Kommo-o\n|\n|-ability|p2a: Yanmega|Speed Boost|boost\n|-boost|p2a: Yanmega|spe|1\n|upkeep\n|\n|t:|1781378405\n|switch|p1a: Chansey|Chansey, L85, F|318/564\n|-damage|p1a: Chansey|248/564|[from] Stealth Rock\n|turn|35\n|\n|t:|1781378411\n|switch|p2a: Sandslash|Sandslash, L89, M, tera:Dragon|170/278\n|move|p1a: Chansey|Soft-Boiled|p1a: Chansey\n|-heal|p1a: Chansey|530/564\n|\n|-heal|p2a: Sandslash|187/278|[from] item: Leftovers\n|upkeep\n|turn|36\n|inactive|canbetaught2 has 120 seconds left.\n|\n|t:|1781378451\n|move|p2a: Sandslash|Knock Off|p1a: Chansey\n|-damage|p1a: Chansey|337/564\n|-enditem|p1a: Chansey|Eviolite|[from] move: Knock Off|[of] p2a: Sandslash\n|move|p1a: Chansey|Thunder Wave|p2a: Sandslash\n|-status|p2a: Sandslash|par\n|\n|-heal|p2a: Sandslash|204/278 par|[from] item: Leftovers\n|upkeep\n|turn|37\n|\n|t:|1781378456\n|move|p1a: Chansey|Soft-Boiled|p1a: Chansey\n|-heal|p1a: Chansey|564/564\n|move|p2a: Sandslash|Earthquake|p1a: Chansey\n|-damage|p1a: Chansey|165/564\n|\n|-heal|p2a: Sandslash|221/278 par|[from] item: Leftovers\n|upkeep\n|turn|38\n|\n|t:|1781378466\n|move|p1a: Chansey|Soft-Boiled|p1a: Chansey\n|-heal|p1a: Chansey|447/564\n|cant|p2a: Sandslash|par\n|\n|-heal|p2a: Sandslash|238/278 par|[from] item: Leftovers\n|upkeep\n|turn|39\n|\n|t:|1781378469\n|move|p1a: Chansey|Seismic Toss|p2a: Sandslash\n|-damage|p2a: Sandslash|153/278 par\n|cant|p2a: Sandslash|par\n|\n|-heal|p2a: Sandslash|170/278 par|[from] item: Leftovers\n|upkeep\n|turn|40\n|\n|t:|1781378477\n|move|p1a: Chansey|Seismic Toss|p2a: Sandslash\n|-damage|p2a: Sandslash|85/278 par\n|cant|p2a: Sandslash|par\n|\n|-heal|p2a: Sandslash|102/278 par|[from] item: Leftovers\n|upkeep\n|turn|41\n|c|\u2606popinatzsu|wow\n|inactive|canbetaught2 has 120 seconds left.\n|\n|t:|1781378520\n|move|p1a: Chansey|Seismic Toss|p2a: Sandslash\n|-damage|p2a: Sandslash|17/278 par\n|cant|p2a: Sandslash|par\n|\n|-heal|p2a: Sandslash|34/278 par|[from] item: Leftovers\n|upkeep\n|turn|42\n|inactive|popinatzsu has 120 seconds left.\n|inactive|popinatzsu has 90 seconds left.\n|inactive|popinatzsu has 60 seconds left.\n|inactive|popinatzsu has 30 seconds left.\n|inactive|popinatzsu has 20 seconds left.\n|inactive|popinatzsu has 15 seconds left.\n|inactive|popinatzsu has 10 seconds left.\n|inactive|popinatzsu has 5 seconds left.\n|-message|popinatzsu lost due to inactivity.\n|\n|win|canbetaught2\n", "inputlog": ">version a8376a258c1d4662feba110a92103f3664a72141\n>start {\"formatid\":\"gen9randombattle\",\"seed\":\"sodium,1aec0af365acb3fb6fa73b264bdf2f14\",\"rated\":\"Rated battle\"}\n>player p1 {\"name\":\"canbetaught2\",\"avatar\":\"hilda\",\"rating\":1925,\"seed\":\"sodium,3b1455074aa86c1541925ff8acd9f221\"}\n>player p2 {\"name\":\"popinatzsu\",\"avatar\":\"nessa\",\"rating\":1979,\"seed\":\"sodium,047aa069546ccbba28731cdbdff07a6e\"}\n>p1 move leechseed\n>p2 switch 5\n>p1 switch 3\n>p2 move nastyplot\n>p1 move uturn\n>p2 move thunderbolt\n>p1 switch 5\n>p1 move thunderwave\n>p2 switch 4\n>p1 switch 3\n>p2 move stealthrock\n>p1 move seedflare\n>p2 switch 2\n>p1 move airslash\n>p2 switch 4\n>p1 switch 4\n>p2 switch 4\n>p1 move revelationdance\n>p2 move avalanche\n>p2 switch 2\n>p1 switch 4\n>p2 move stoneedge\n>p1 move airslash\n>p2 switch 4\n>p1 move airslash\n>p2 move psychic\n>p1 switch 4\n>p2 move psychic\n>p1 move hurricane\n>p2 move psychic\n>p1 switch 2\n>p1 move shellsmash\n>p2 move psychic\n>p1 move powergem\n>p2 move psychic\n>p2 switch 4\n>p1 move earthpower terastallize\n>p2 move earthquake\n>p1 move earthpower\n>p2 switch 3\n>p1 move powergem\n>p2 move protect\n>p1 move fireblast\n>p2 move protect\n>p1 move fireblast\n>p2 move bugbuzz\n>p1 switch 3\n>p1 move seismictoss\n>p2 switch 3\n>p1 move seismictoss\n>p2 move earthquake\n>p2 switch 6\n>p1 switch 4\n>p2 move knockoff\n>p1 move airslash\n>p2 switch 3\n>p1 switch 4\n>p2 move bugbuzz\n>p1 move seismictoss\n>p2 move airslash\n>p1 move seismictoss\n>p2 switch 3\n>p1 switch 4\n>p2 move swordsdance\n>p1 move seedflare\n>p2 move knockoff terastallize\n>p1 switch 6\n>p1 move clangoroussoul\n>p2 switch 3\n>p1 move boomburst\n>p2 move protect\n>p1 move boomburst\n>p2 move airslash\n>p1 move boomburst\n>p2 move terablast\n>p1 switch 4\n>p1 move softboiled\n>p2 switch 3\n>p1 move thunderwave\n>p2 move knockoff\n>p1 move softboiled\n>p2 move earthquake\n>p1 move softboiled\n>p2 move earthquake\n>p1 move seismictoss\n>p2 move earthquake\n>p1 move seismictoss\n>p2 move earthquake\n>chat \u2606popinatzsu|wow\n>p1 move seismictoss\n>p2 move earthquake\n>forcelose p2", "uploadtime": 1781377957, "views": 9, "formatid": "gen9randombattle", "rating": null, "private": 0, "password": null}