{"id": "gen9randombattle-2631450437", "format": "[Gen 9] Random Battle", "players": ["wellingtj", "Fortre"], "log": "|j|\u2606wellingtj\n|j|\u2606Fortre\n|t:|1781386166\n|gametype|singles\n|player|p1|wellingtj|lusamine-nihilego|1934\n|player|p2|Fortre|1|1997\n|gen|9\n|tier|[Gen 9] Random Battle\n|rated|\n|rule|Species Clause: Limit one of each Pok\u00e9mon\n|rule|HP Percentage Mod: HP is shown in percentages\n|rule|Sleep Clause Mod: Limit one foe put to sleep\n|rule|Illusion Level Mod: Illusion disguises the Pok\u00e9mon's true level\n|\n|t:|1781386166\n|teamsize|p1|6\n|teamsize|p2|6\n|start\n|switch|p1a: Meganium|Meganium, L90, M|290/290\n|switch|p2a: Donphan|Donphan, L84, M|288/288\n|turn|1\n|\n|t:|1781386174\n|move|p1a: Meganium|Swords Dance|p1a: Meganium\n|-boost|p1a: Meganium|atk|2\n|move|p2a: Donphan|Knock Off|p1a: Meganium\n|-damage|p1a: Meganium|227/290\n|-enditem|p1a: Meganium|Leftovers|[from] move: Knock Off|[of] p2a: Donphan\n|\n|upkeep\n|turn|2\n|\n|t:|1781386185\n|switch|p2a: Wo-Chien|Wo-Chien, L83|277/277\n|-ability|p2a: Wo-Chien|Tablets of Ruin\n|move|p1a: Meganium|Petal Blizzard|p2a: Wo-Chien\n|-resisted|p2a: Wo-Chien\n|-damage|p2a: Wo-Chien|211/277\n|\n|-heal|p2a: Wo-Chien|228/277|[from] item: Leftovers\n|upkeep\n|turn|3\n|\n|t:|1781386190\n|move|p1a: Meganium|Knock Off|p2a: Wo-Chien\n|-resisted|p2a: Wo-Chien\n|-damage|p2a: Wo-Chien|182/277\n|-enditem|p2a: Wo-Chien|Leftovers|[from] move: Knock Off|[of] p1a: Meganium\n|move|p2a: Wo-Chien|Ruination|p1a: Meganium\n|-damage|p1a: Meganium|114/290\n|\n|upkeep\n|turn|4\n|\n|t:|1781386202\n|move|p1a: Meganium|Swords Dance|p1a: Meganium\n|-boost|p1a: Meganium|atk|2\n|move|p2a: Wo-Chien|Knock Off|p1a: Meganium\n|-damage|p1a: Meganium|56/290\n|\n|upkeep\n|turn|5\n|\n|t:|1781386210\n|move|p1a: Meganium|Petal Blizzard|p2a: Wo-Chien\n|-resisted|p2a: Wo-Chien\n|-damage|p2a: Wo-Chien|45/277\n|move|p2a: Wo-Chien|Knock Off|p1a: Meganium\n|-damage|p1a: Meganium|2/290\n|\n|upkeep\n|turn|6\n|\n|t:|1781386216\n|move|p1a: Meganium|Petal Blizzard|p2a: Wo-Chien\n|-resisted|p2a: Wo-Chien\n|-damage|p2a: Wo-Chien|0 fnt\n|faint|p2a: Wo-Chien\n|\n|upkeep\n|\n|t:|1781386222\n|switch|p2a: Galvantula|Galvantula, L82, F|249/249\n|turn|7\n|\n|t:|1781386233\n|move|p2a: Galvantula|Sticky Web|p1a: Meganium\n|-sidestart|p1: wellingtj|move: Sticky Web\n|move|p1a: Meganium|Knock Off|p2a: Galvantula\n|-damage|p2a: Galvantula|0 fnt\n|-enditem|p2a: Galvantula|Heavy-Duty Boots|[from] move: Knock Off|[of] p1a: Meganium\n|faint|p2a: Galvantula\n|\n|upkeep\n|\n|t:|1781386241\n|switch|p2a: Donphan|Donphan, L84, M|288/288\n|turn|8\n|\n|t:|1781386245\n|move|p2a: Donphan|Ice Shard|p1a: Meganium\n|-supereffective|p1a: Meganium\n|-damage|p1a: Meganium|0 fnt\n|faint|p1a: Meganium\n|\n|upkeep\n|\n|t:|1781386258\n|switch|p1a: Falinks|Falinks, L84|246/246\n|-activate|p1a: Falinks|move: Sticky Web\n|-unboost|p1a: Falinks|spe|1\n|-ability|p1a: Falinks|Defiant|boost\n|-boost|p1a: Falinks|atk|2\n|turn|9\n|\n|t:|1781386266\n|move|p2a: Donphan|Earthquake|p1a: Falinks\n|-damage|p1a: Falinks|135/246\n|move|p1a: Falinks|No Retreat|p1a: Falinks\n|-boost|p1a: Falinks|atk|1\n|-boost|p1a: Falinks|def|1\n|-boost|p1a: Falinks|spa|1\n|-boost|p1a: Falinks|spd|1\n|-boost|p1a: Falinks|spe|1\n|-start|p1a: Falinks|move: No Retreat\n|\n|upkeep\n|turn|10\n|\n|t:|1781386273\n|move|p1a: Falinks|Close Combat|p2a: Donphan\n|-ability|p2a: Donphan|Sturdy\n|-damage|p2a: Donphan|1/288\n|-unboost|p1a: Falinks|def|1\n|-unboost|p1a: Falinks|spd|1\n|-damage|p1a: Falinks|111/246|[from] item: Life Orb\n|move|p2a: Donphan|Earthquake|p1a: Falinks\n|-damage|p1a: Falinks|0 fnt\n|faint|p1a: Falinks\n|\n|upkeep\n|\n|t:|1781386285\n|switch|p1a: Rabsca|Rabsca, L91, F|284/284\n|turn|11\n|\n|t:|1781386293\n|move|p1a: Rabsca|Revival Blessing|p1a: Rabsca\n|\n|t:|1781386296\n|-heal|p1: Falinks|123/246|[from] move: Revival Blessing\n|move|p2a: Donphan|Knock Off|p1a: Rabsca\n|-supereffective|p1a: Rabsca\n|-damage|p1a: Rabsca|130/284\n|-enditem|p1a: Rabsca|Heavy-Duty Boots|[from] move: Knock Off|[of] p2a: Donphan\n|\n|upkeep\n|turn|12\n|\n|t:|1781386305\n|move|p2a: Donphan|Ice Shard|p1a: Rabsca\n|-damage|p1a: Rabsca|97/284\n|move|p1a: Rabsca|Earth Power|p2a: Donphan\n|-damage|p2a: Donphan|0 fnt\n|faint|p2a: Donphan\n|\n|upkeep\n|\n|t:|1781386313\n|switch|p2a: Golem|Golem-Alola, L93, F|300/300\n|turn|13\n|\n|t:|1781386319\n|move|p2a: Golem|Double-Edge|p1a: Rabsca\n|-damage|p1a: Rabsca|0 fnt\n|faint|p1a: Rabsca\n|-damage|p2a: Golem|268/300|[from] Recoil\n|\n|upkeep\n|\n|t:|1781386338\n|switch|p1a: Gengar|Gengar, L81, M|230/230\n|-activate|p1a: Gengar|move: Sticky Web\n|-unboost|p1a: Gengar|spe|1\n|turn|14\n|\n|t:|1781386346\n|move|p1a: Gengar|Focus Blast|p2a: Golem\n|-supereffective|p2a: Golem\n|-damage|p2a: Golem|0 fnt\n|faint|p2a: Golem\n|\n|upkeep\n|\n|t:|1781386352\n|switch|p2a: Sandslash|Sandslash, L89, F|278/278\n|turn|15\n|\n|t:|1781386373\n|switch|p1a: Armarouge|Armarouge, L80, F|267/267\n|-activate|p1a: Armarouge|move: Sticky Web\n|-unboost|p1a: Armarouge|spe|1\n|move|p2a: Sandslash|Swords Dance|p2a: Sandslash\n|-boost|p2a: Sandslash|atk|2\n|\n|upkeep\n|turn|16\n|\n|t:|1781386390\n|-terastallize|p2a: Sandslash|Dragon\n|-terastallize|p1a: Armarouge|Grass\n|move|p2a: Sandslash|Swords Dance|p2a: Sandslash\n|-boost|p2a: Sandslash|atk|2\n|move|p1a: Armarouge|Energy Ball|p2a: Sandslash\n|-resisted|p2a: Sandslash\n|-damage|p2a: Sandslash|203/278\n|-unboost|p2a: Sandslash|spd|1\n|\n|-heal|p2a: Sandslash|220/278|[from] item: Leftovers\n|upkeep\n|turn|17\n|\n|t:|1781386403\n|move|p2a: Sandslash|Stone Edge|p1a: Armarouge|[miss]\n|-miss|p2a: Sandslash|p1a: Armarouge\n|move|p1a: Armarouge|Meteor Beam||[still]\n|-prepare|p1a: Armarouge|Meteor Beam\n|-boost|p1a: Armarouge|spa|1\n|-enditem|p1a: Armarouge|Power Herb\n|-anim|p1a: Armarouge|Meteor Beam|p2a: Sandslash\n|-damage|p2a: Sandslash|0 fnt\n|faint|p2a: Sandslash\n|\n|upkeep\n|\n|t:|1781386406\n|switch|p2a: Abomasnow|Abomasnow, L84, M|287/287\n|-weather|Snowscape|[from] ability: Snow Warning|[of] p2a: Abomasnow\n|turn|18\n|\n|t:|1781386414\n|move|p2a: Abomasnow|Blizzard|p1a: Armarouge\n|-supereffective|p1a: Armarouge\n|-damage|p1a: Armarouge|33/267\n|move|p1a: Armarouge|Armor Cannon|p2a: Abomasnow\n|-supereffective|p2a: Abomasnow\n|-damage|p2a: Abomasnow|0 fnt\n|-unboost|p1a: Armarouge|def|1\n|-unboost|p1a: Armarouge|spd|1\n|faint|p2a: Abomasnow\n|\n|win|wellingtj\n", "inputlog": ">version a8376a258c1d4662feba110a92103f3664a72141\n>start {\"formatid\":\"gen9randombattle\",\"seed\":\"sodium,b0aa2699dccf494d9440e2e0ee8094df\",\"rated\":\"Rated battle\"}\n>player p1 {\"name\":\"wellingtj\",\"avatar\":\"lusamine-nihilego\",\"rating\":1934,\"seed\":\"sodium,c6e42ea52717e7c603264c103411b1cb\"}\n>player p2 {\"name\":\"Fortre\",\"avatar\":\"1\",\"rating\":1997,\"seed\":\"sodium,d3f8b36af49f3f43c62b7c15f85835cc\"}\n>p1 move swordsdance\n>p2 move knockoff\n>p1 move petalblizzard\n>p2 switch 5\n>p1 move knockoff\n>p2 move ruination\n>p1 move swordsdance\n>p2 move knockoff\n>p1 move petalblizzard\n>p2 move knockoff\n>p1 move petalblizzard\n>p2 move knockoff\n>p2 switch 2\n>p1 move knockoff\n>p2 move stickyweb\n>p2 switch 5\n>p1 move petalblizzard\n>p2 move iceshard\n>p1 switch 6\n>p1 move noretreat\n>p2 move earthquake\n>p1 move closecombat\n>p2 move earthquake\n>p1 switch 3\n>p1 move revivalblessing\n>p2 move knockoff\n>p1 switch 3\n>p1 move earthpower\n>p2 move iceshard\n>p2 switch 4\n>p1 move earthpower\n>p2 move doubleedge\n>p1 switch 2\n>p1 move focusblast\n>p2 move doubleedge\n>p2 switch 3\n>p1 switch 5\n>p2 move swordsdance\n>p1 move energyball terastallize\n>p2 move swordsdance terastallize\n>p1 move meteorbeam\n>p2 move stoneedge\n>p2 switch 6\n>p1 move armorcannon\n>p2 move blizzard", "uploadtime": 1781386168, "views": 7, "formatid": "gen9randombattle", "rating": null, "private": 0, "password": null}