{"id": "gen9randombattle-2631771107", "format": "[Gen 9] Random Battle", "players": ["smokeycool", "regu2"], "log": "|j|\u2606smokeycool\n|j|\u2606regu2\n|t:|1781437081\n|gametype|singles\n|player|p1|smokeycool|worker|1967\n|player|p2|regu2|2|1977\n|gen|9\n|tier|[Gen 9] Random Battle\n|rated|\n|rule|Species Clause: Limit one of each Pok\u00e9mon\n|rule|HP Percentage Mod: HP is shown in percentages\n|rule|Sleep Clause Mod: Limit one foe put to sleep\n|rule|Illusion Level Mod: Illusion disguises the Pok\u00e9mon's true level\n|\n|t:|1781437081\n|teamsize|p1|6\n|teamsize|p2|6\n|start\n|switch|p1a: Pikachu|Pikachu-Unova, L93, M|216/216\n|switch|p2a: Hippowdon|Hippowdon, L82, M|311/311\n|-weather|Sandstorm|[from] ability: Sand Stream|[of] p2a: Hippowdon\n|turn|1\n|inactive|Battle timer is ON: inactive players will automatically lose when time's up. (requested by regu2)\n|\n|t:|1781437093\n|move|p1a: Pikachu|Fake Out|p2a: Hippowdon\n|-damage|p2a: Hippowdon|275/311\n|-damage|p1a: Pikachu|180/216|[from] item: Rocky Helmet|[of] p2a: Hippowdon\n|cant|p2a: Hippowdon|flinch\n|\n|-weather|Sandstorm|[upkeep]\n|-damage|p1a: Pikachu|167/216|[from] Sandstorm\n|upkeep\n|turn|2\n|\n|t:|1781437109\n|switch|p1a: Trevenant|Trevenant, L89, M|296/296\n|move|p2a: Hippowdon|Earthquake|p1a: Trevenant\n|-resisted|p1a: Trevenant\n|-damage|p1a: Trevenant|239/296\n|\n|-weather|Sandstorm|[upkeep]\n|-damage|p1a: Trevenant|221/296|[from] Sandstorm\n|upkeep\n|turn|3\n|\n|t:|1781437115\n|switch|p2a: Talonflame|Talonflame, L83, M|265/265\n|move|p1a: Trevenant|Poltergeist|p2a: Talonflame\n|-activate|p2a: Talonflame|move: Poltergeist|Heavy-Duty Boots\n|-damage|p2a: Talonflame|41/265\n|-damage|p1a: Trevenant|192/296|[from] item: Life Orb\n|\n|-weather|Sandstorm|[upkeep]\n|-damage|p2a: Talonflame|25/265|[from] Sandstorm\n|-damage|p1a: Trevenant|174/296|[from] Sandstorm\n|upkeep\n|turn|4\n|\n|t:|1781437124\n|switch|p1a: Krookodile|Krookodile, L79, F|280/280\n|-ability|p1a: Krookodile|Intimidate|boost\n|-unboost|p2a: Talonflame|atk|1\n|move|p2a: Talonflame|Roost|p2a: Talonflame\n|-heal|p2a: Talonflame|158/265\n|-singleturn|p2a: Talonflame|move: Roost\n|\n|-weather|Sandstorm|[upkeep]\n|-damage|p2a: Talonflame|142/265|[from] Sandstorm\n|upkeep\n|turn|5\n|\n|t:|1781437129\n|switch|p2a: Hippowdon|Hippowdon, L82, M|275/311\n|move|p1a: Krookodile|Bulk Up|p1a: Krookodile\n|-boost|p1a: Krookodile|atk|1\n|-boost|p1a: Krookodile|def|1\n|\n|-weather|none\n|upkeep\n|turn|6\n|\n|t:|1781437135\n|move|p1a: Krookodile|Bulk Up|p1a: Krookodile\n|-boost|p1a: Krookodile|atk|1\n|-boost|p1a: Krookodile|def|1\n|move|p2a: Hippowdon|Slack Off|p2a: Hippowdon\n|-heal|p2a: Hippowdon|311/311\n|\n|upkeep\n|turn|7\n|\n|t:|1781437138\n|move|p1a: Krookodile|Knock Off|p2a: Hippowdon\n|-damage|p2a: Hippowdon|146/311\n|-damage|p1a: Krookodile|234/280|[from] item: Rocky Helmet|[of] p2a: Hippowdon\n|-enditem|p2a: Hippowdon|Rocky Helmet|[from] move: Knock Off|[of] p1a: Krookodile\n|move|p2a: Hippowdon|Whirlwind|p1a: Krookodile\n|drag|p1a: Arceus|Arceus-Water, L71|288/288\n|\n|upkeep\n|turn|8\n|\n|t:|1781437146\n|move|p1a: Arceus|Judgment|p2a: Hippowdon\n|-supereffective|p2a: Hippowdon\n|-damage|p2a: Hippowdon|0 fnt\n|faint|p2a: Hippowdon\n|\n|upkeep\n|\n|t:|1781437148\n|switch|p2a: Froslass|Froslass, L87, F|263/263\n|turn|9\n|\n|t:|1781437161\n|move|p2a: Froslass|Spikes|p1a: Arceus\n|-sidestart|p1: smokeycool|Spikes\n|move|p1a: Arceus|Judgment|p2a: Froslass\n|-damage|p2a: Froslass|139/263\n|-start|p1a: Arceus|Disable|Judgment|[from] ability: Cursed Body|[of] p2a: Froslass\n|\n|upkeep\n|turn|10\n|\n|t:|1781437174\n|switch|p1a: Krookodile|Krookodile, L79, F|234/280\n|-damage|p1a: Krookodile|199/280|[from] Spikes\n|-ability|p1a: Krookodile|Intimidate|boost\n|-unboost|p2a: Froslass|atk|1\n|move|p2a: Froslass|Spikes|p1a: Krookodile\n|-sidestart|p1: smokeycool|Spikes\n|\n|-heal|p1a: Krookodile|216/280|[from] item: Leftovers\n|upkeep\n|turn|11\n|\n|t:|1781437181\n|move|p2a: Froslass|Spikes|p1a: Krookodile\n|-sidestart|p1: smokeycool|Spikes\n|move|p1a: Krookodile|Knock Off|p2a: Froslass\n|-supereffective|p2a: Froslass\n|-damage|p2a: Froslass|0 fnt\n|-start|p1a: Krookodile|Disable|Knock Off|[from] ability: Cursed Body|[of] p2a: Froslass\n|-enditem|p2a: Froslass|Wide Lens|[from] move: Knock Off|[of] p1a: Krookodile\n|faint|p2a: Froslass\n|\n|-heal|p1a: Krookodile|233/280|[from] item: Leftovers\n|upkeep\n|\n|t:|1781437189\n|switch|p2a: Talonflame|Talonflame, L83, M|142/265\n|turn|12\n|\n|t:|1781437192\n|move|p2a: Talonflame|Overheat|p1a: Krookodile\n|-damage|p1a: Krookodile|86/280\n|-unboost|p2a: Talonflame|spa|2\n|move|p1a: Krookodile|Bulk Up|p1a: Krookodile\n|-boost|p1a: Krookodile|atk|1\n|-boost|p1a: Krookodile|def|1\n|\n|-heal|p1a: Krookodile|103/280|[from] item: Leftovers\n|upkeep\n|turn|13\n|\n|t:|1781437197\n|move|p2a: Talonflame|Overheat|p1a: Krookodile\n|-crit|p1a: Krookodile\n|-damage|p1a: Krookodile|0 fnt\n|-unboost|p2a: Talonflame|spa|2\n|faint|p1a: Krookodile\n|\n|upkeep\n|\n|t:|1781437201\n|switch|p1a: Pikachu|Pikachu-Unova, L93, M|167/216\n|-damage|p1a: Pikachu|113/216|[from] Spikes\n|turn|14\n|\n|t:|1781437208\n|move|p2a: Talonflame|Roost|p2a: Talonflame\n|-heal|p2a: Talonflame|265/265\n|-singleturn|p2a: Talonflame|move: Roost\n|move|p1a: Pikachu|Surf|p2a: Talonflame\n|-supereffective|p2a: Talonflame\n|-damage|p2a: Talonflame|33/265\n|\n|upkeep\n|turn|15\n|\n|t:|1781437212\n|move|p2a: Talonflame|Roost|p2a: Talonflame\n|-heal|p2a: Talonflame|166/265\n|-singleturn|p2a: Talonflame|move: Roost\n|move|p1a: Pikachu|Surf|p2a: Talonflame\n|-supereffective|p2a: Talonflame\n|-damage|p2a: Talonflame|0 fnt\n|faint|p2a: Talonflame\n|\n|upkeep\n|\n|t:|1781437216\n|switch|p2a: Garganacl|Garganacl, L80, M|291/291\n|turn|16\n|\n|t:|1781437220\n|move|p1a: Pikachu|Surf|p2a: Garganacl\n|-supereffective|p2a: Garganacl\n|-damage|p2a: Garganacl|85/291\n|move|p2a: Garganacl|Salt Cure|p1a: Pikachu\n|-damage|p1a: Pikachu|47/216\n|-start|p1a: Pikachu|Salt Cure\n|\n|-heal|p2a: Garganacl|103/291|[from] item: Leftovers\n|-damage|p1a: Pikachu|20/216|[from] Salt Cure\n|upkeep\n|turn|17\n|\n|t:|1781437222\n|move|p2a: Garganacl|Protect|p2a: Garganacl\n|-singleturn|p2a: Garganacl|Protect\n|move|p1a: Pikachu|Surf|p2a: Garganacl\n|-activate|p2a: Garganacl|move: Protect\n|\n|-heal|p2a: Garganacl|121/291|[from] item: Leftovers\n|-damage|p1a: Pikachu|0 fnt|[from] Salt Cure\n|faint|p1a: Pikachu\n|upkeep\n|\n|t:|1781437225\n|switch|p1a: Trevenant|Trevenant, L89, M|174/296\n|-damage|p1a: Trevenant|100/296|[from] Spikes\n|turn|18\n|\n|t:|1781437228\n|move|p2a: Garganacl|Protect|p2a: Garganacl\n|-singleturn|p2a: Garganacl|Protect\n|move|p1a: Trevenant|Horn Leech|p2a: Garganacl\n|-activate|p2a: Garganacl|move: Protect\n|\n|-heal|p2a: Garganacl|139/291|[from] item: Leftovers\n|upkeep\n|turn|19\n|\n|t:|1781437233\n|-terastallize|p2a: Garganacl|Dragon\n|move|p1a: Trevenant|Drain Punch|p2a: Garganacl\n|-damage|p2a: Garganacl|74/291\n|-heal|p1a: Trevenant|133/296|[from] drain|[of] p2a: Garganacl\n|-damage|p1a: Trevenant|104/296|[from] item: Life Orb\n|move|p2a: Garganacl|Salt Cure|p1a: Trevenant\n|-damage|p1a: Trevenant|64/296\n|-start|p1a: Trevenant|Salt Cure\n|\n|-heal|p2a: Garganacl|92/291|[from] item: Leftovers\n|-damage|p1a: Trevenant|27/296|[from] Salt Cure\n|upkeep\n|turn|20\n|\n|t:|1781437237\n|move|p2a: Garganacl|Protect|p2a: Garganacl\n|-singleturn|p2a: Garganacl|Protect\n|move|p1a: Trevenant|Rest|p1a: Trevenant\n|-status|p1a: Trevenant|slp|[from] move: Rest\n|-heal|p1a: Trevenant|296/296 slp|[silent]\n|\n|-heal|p2a: Garganacl|110/291|[from] item: Leftovers\n|-damage|p1a: Trevenant|259/296 slp|[from] Salt Cure\n|upkeep\n|turn|21\n|\n|t:|1781437245\n|-curestatus|p1a: Trevenant|slp|[from] ability: Natural Cure|[silent]\n|switch|p1a: Hydrapple|Hydrapple, L83, F|312/312\n|-damage|p1a: Hydrapple|234/312|[from] Spikes\n|move|p2a: Garganacl|Recover|p2a: Garganacl\n|-heal|p2a: Garganacl|256/291\n|\n|-heal|p1a: Hydrapple|253/312|[from] item: Leftovers\n|-heal|p2a: Garganacl|274/291|[from] item: Leftovers\n|upkeep\n|turn|22\n|\n|t:|1781437252\n|move|p1a: Hydrapple|Nasty Plot|p1a: Hydrapple\n|-boost|p1a: Hydrapple|spa|2\n|move|p2a: Garganacl|Salt Cure|p1a: Hydrapple\n|-damage|p1a: Hydrapple|220/312\n|-start|p1a: Hydrapple|Salt Cure\n|\n|-heal|p1a: Hydrapple|239/312|[from] item: Leftovers\n|-heal|p2a: Garganacl|291/291|[from] item: Leftovers\n|-damage|p1a: Hydrapple|200/312|[from] Salt Cure\n|upkeep\n|turn|23\n|\n|t:|1781437255\n|move|p2a: Garganacl|Protect|p2a: Garganacl\n|-singleturn|p2a: Garganacl|Protect\n|move|p1a: Hydrapple|Recover|p1a: Hydrapple\n|-heal|p1a: Hydrapple|312/312\n|\n|-damage|p1a: Hydrapple|273/312|[from] Salt Cure\n|upkeep\n|turn|24\n|\n|t:|1781437259\n|move|p2a: Garganacl|Protect||[still]\n|-fail|p2a: Garganacl\n|move|p1a: Hydrapple|Fickle Beam|p2a: Garganacl\n|-supereffective|p2a: Garganacl\n|-damage|p2a: Garganacl|0 fnt\n|faint|p2a: Garganacl\n|\n|-heal|p1a: Hydrapple|292/312|[from] item: Leftovers\n|-damage|p1a: Hydrapple|253/312|[from] Salt Cure\n|upkeep\n|\n|t:|1781437262\n|switch|p2a: Regidrago|Regidrago, L77|435/435\n|turn|25\n|\n|t:|1781437265\n|move|p2a: Regidrago|Earthquake|p1a: Hydrapple\n|-resisted|p1a: Hydrapple\n|-damage|p1a: Hydrapple|218/312\n|-damage|p2a: Regidrago|392/435|[from] item: Life Orb\n|move|p1a: Hydrapple|Fickle Beam|p2a: Regidrago\n|-supereffective|p2a: Regidrago\n|-damage|p2a: Regidrago|0 fnt\n|faint|p2a: Regidrago\n|\n|-heal|p1a: Hydrapple|237/312|[from] item: Leftovers\n|-damage|p1a: Hydrapple|198/312|[from] Salt Cure\n|upkeep\n|\n|t:|1781437268\n|switch|p2a: Espathra|Espathra, L80, M|283/283\n|turn|26\n|\n|t:|1781437271\n|move|p2a: Espathra|Calm Mind|p2a: Espathra\n|-boost|p2a: Espathra|spa|1\n|-boost|p2a: Espathra|spd|1\n|move|p1a: Hydrapple|Fickle Beam|p2a: Espathra\n|-damage|p2a: Espathra|108/283\n|\n|-heal|p2a: Espathra|125/283|[from] item: Leftovers\n|-heal|p1a: Hydrapple|217/312|[from] item: Leftovers\n|-damage|p1a: Hydrapple|178/312|[from] Salt Cure\n|-ability|p2a: Espathra|Speed Boost|boost\n|-boost|p2a: Espathra|spe|1\n|upkeep\n|turn|27\n|\n|t:|1781437277\n|move|p2a: Espathra|Calm Mind|p2a: Espathra\n|-boost|p2a: Espathra|spa|1\n|-boost|p2a: Espathra|spd|1\n|move|p1a: Hydrapple|Fickle Beam|p2a: Espathra\n|-damage|p2a: Espathra|0 fnt\n|faint|p2a: Espathra\n|\n|win|smokeycool\n", "inputlog": ">version a8376a258c1d4662feba110a92103f3664a72141\n>start {\"formatid\":\"gen9randombattle\",\"seed\":\"sodium,84fb7a66ed0d6414cfbdbbbb2143fe33\",\"rated\":\"Rated battle\"}\n>player p1 {\"name\":\"smokeycool\",\"avatar\":\"worker\",\"rating\":1967,\"seed\":\"sodium,179ed8a44092c25e2135121b4d95d673\"}\n>player p2 {\"name\":\"regu2\",\"avatar\":\"2\",\"rating\":1977,\"seed\":\"sodium,ef14cb5d1149698855970481d3db7117\"}\n>p1 move fakeout\n>p2 move earthquake\n>p1 switch 3\n>p2 move earthquake\n>p1 move poltergeist\n>p2 switch 2\n>p1 switch 5\n>p2 move roost\n>p1 move bulkup\n>p2 switch 2\n>p1 move bulkup\n>p2 move slackoff\n>p1 move knockoff\n>p2 move whirlwind\n>p1 move judgment\n>p2 move earthquake\n>p2 switch 4\n>p1 move judgment\n>p2 move spikes\n>p1 switch 6\n>p2 move spikes\n>p1 move knockoff\n>p2 move spikes\n>p2 switch 2\n>p1 move bulkup\n>p2 move overheat\n>p1 move gunkshot\n>p2 move overheat\n>p1 switch 3\n>p1 move surf\n>p2 move roost\n>p1 move surf\n>p2 move roost\n>p2 switch 3\n>p1 move surf\n>p2 move saltcure\n>p1 move surf\n>p2 move protect\n>p1 switch 5\n>p1 move hornleech\n>p2 move protect\n>p1 move drainpunch\n>p2 move saltcure terastallize\n>p1 move rest\n>p2 move protect\n>p1 switch 4\n>p2 move recover\n>p1 move nastyplot\n>p2 move saltcure\n>p1 move recover\n>p2 move protect\n>p1 move ficklebeam\n>p2 move protect\n>p2 switch 5\n>p1 move ficklebeam\n>p2 move earthquake\n>p2 switch 6\n>p1 move ficklebeam\n>p2 move calmmind\n>p1 move ficklebeam\n>p2 move calmmind", "uploadtime": 1781437083, "views": 7, "formatid": "gen9randombattle", "rating": null, "private": 0, "password": null}