{"id": "gen9randombattle-2631845706", "format": "[Gen 9] Random Battle", "players": ["Starfacto", "fick runk"], "log": "|j|\u2606Starfacto\n|j|\u2606fick runk\n|t:|1781447449\n|gametype|singles\n|player|p1|Starfacto|boarder|2024\n|player|p2|fick runk|parasollady|2027\n|gen|9\n|tier|[Gen 9] Random Battle\n|rated|\n|rule|Species Clause: Limit one of each Pok\u00e9mon\n|rule|HP Percentage Mod: HP is shown in percentages\n|rule|Sleep Clause Mod: Limit one foe put to sleep\n|rule|Illusion Level Mod: Illusion disguises the Pok\u00e9mon's true level\n|\n|t:|1781447449\n|teamsize|p1|6\n|teamsize|p2|6\n|start\n|switch|p1a: Cacturne|Cacturne, L92, F|278/278\n|switch|p2a: Iron Jugulis|Iron Jugulis, L77|271/271\n|turn|1\n|inactive|Battle timer is ON: inactive players will automatically lose when time's up. (requested by fick runk)\n|\n|t:|1781447460\n|switch|p1a: Clefable|Clefable, L83, M|293/293\n|move|p2a: Iron Jugulis|Hurricane|p1a: Clefable|[miss]\n|-miss|p2a: Iron Jugulis|p1a: Clefable\n|\n|upkeep\n|turn|2\n|\n|t:|1781447471\n|-end|p2a: Iron Jugulis|Quark Drive|[silent]\n|switch|p2a: Glastrier|Glastrier, L86|312/312\n|move|p1a: Clefable|Stealth Rock|p2a: Glastrier\n|-sidestart|p2: fick runk|move: Stealth Rock\n|\n|upkeep\n|turn|3\n|\n|t:|1781447496\n|switch|p1a: Cacturne|Cacturne, L92, F|278/278\n|move|p2a: Glastrier|Icicle Crash|p1a: Cacturne\n|-supereffective|p1a: Cacturne\n|-damage|p1a: Cacturne|0 fnt\n|faint|p1a: Cacturne\n|-ability|p2a: Glastrier|Chilling Neigh|boost\n|-boost|p2a: Glastrier|atk|1\n|\n|upkeep\n|\n|t:|1781447499\n|switch|p1a: Tentacruel|Tentacruel, L84, M|272/272\n|turn|4\n|\n|t:|1781447505\n|switch|p2a: Iron Jugulis|Iron Jugulis, L77|271/271\n|-damage|p2a: Iron Jugulis|204/271|[from] Stealth Rock\n|move|p1a: Tentacruel|Sludge Bomb|p2a: Iron Jugulis\n|-damage|p2a: Iron Jugulis|104/271\n|\n|upkeep\n|turn|5\n|\n|t:|1781447517\n|move|p1a: Tentacruel|Knock Off|p2a: Iron Jugulis\n|-resisted|p2a: Iron Jugulis\n|-damage|p2a: Iron Jugulis|77/271\n|-enditem|p2a: Iron Jugulis|Choice Specs|[from] move: Knock Off|[of] p1a: Tentacruel\n|move|p2a: Iron Jugulis|Hurricane|p1a: Tentacruel\n|-damage|p1a: Tentacruel|212/272\n|\n|upkeep\n|turn|6\n|\n|t:|1781447529\n|-end|p2a: Iron Jugulis|Quark Drive|[silent]\n|switch|p2a: Glastrier|Glastrier, L86|312/312\n|move|p1a: Tentacruel|Sludge Bomb|p2a: Glastrier\n|-damage|p2a: Glastrier|239/312\n|\n|upkeep\n|turn|7\n|\n|t:|1781447540\n|move|p1a: Tentacruel|Sludge Bomb|p2a: Glastrier\n|-damage|p2a: Glastrier|172/312\n|move|p2a: Glastrier|High Horsepower|p1a: Tentacruel\n|-supereffective|p1a: Tentacruel\n|-damage|p1a: Tentacruel|0 fnt\n|faint|p1a: Tentacruel\n|-ability|p2a: Glastrier|Chilling Neigh|boost\n|-boost|p2a: Glastrier|atk|1\n|\n|upkeep\n|\n|t:|1781447560\n|switch|p1a: Clefable|Clefable, L83, M|293/293\n|turn|8\n|\n|t:|1781447564\n|move|p1a: Clefable|Fire Blast|p2a: Glastrier\n|-supereffective|p2a: Glastrier\n|-damage|p2a: Glastrier|46/312\n|-status|p2a: Glastrier|brn\n|move|p2a: Glastrier|Heavy Slam|p1a: Clefable\n|-supereffective|p1a: Clefable\n|-damage|p1a: Clefable|160/293\n|\n|-heal|p1a: Clefable|178/293|[from] item: Leftovers\n|-damage|p2a: Glastrier|27/312 brn|[from] brn\n|upkeep\n|turn|9\n|\n|t:|1781447574\n|move|p1a: Clefable|Moonlight|p1a: Clefable\n|-heal|p1a: Clefable|293/293\n|move|p2a: Glastrier|Heavy Slam|p1a: Clefable\n|-supereffective|p1a: Clefable\n|-damage|p1a: Clefable|143/293\n|\n|-heal|p1a: Clefable|161/293|[from] item: Leftovers\n|-damage|p2a: Glastrier|8/312 brn|[from] brn\n|upkeep\n|turn|10\n|\n|t:|1781447580\n|move|p1a: Clefable|Moonblast|p2a: Glastrier\n|-damage|p2a: Glastrier|0 fnt\n|faint|p2a: Glastrier\n|\n|-heal|p1a: Clefable|179/293|[from] item: Leftovers\n|upkeep\n|\n|t:|1781447588\n|switch|p2a: Barraskewda|Barraskewda, L81, M|231/231\n|-damage|p2a: Barraskewda|203/231|[from] Stealth Rock\n|turn|11\n|\n|t:|1781447597\n|move|p2a: Barraskewda|Waterfall|p1a: Clefable\n|-damage|p1a: Clefable|2/293\n|move|p1a: Clefable|Moonblast|p2a: Barraskewda\n|-damage|p2a: Barraskewda|50/231\n|-unboost|p2a: Barraskewda|spa|1\n|\n|-heal|p1a: Clefable|20/293|[from] item: Leftovers\n|upkeep\n|turn|12\n|\n|t:|1781447602\n|move|p2a: Barraskewda|Waterfall|p1a: Clefable\n|-damage|p1a: Clefable|0 fnt\n|faint|p1a: Clefable\n|\n|upkeep\n|\n|t:|1781447604\n|switch|p1a: Rabsca|Rabsca, L91, M|284/284\n|turn|13\n|\n|t:|1781447609\n|move|p2a: Barraskewda|Waterfall|p1a: Rabsca\n|-damage|p1a: Rabsca|146/284\n|move|p1a: Rabsca|Trick Room|p1a: Rabsca\n|-fieldstart|move: Trick Room|[of] p1a: Rabsca\n|\n|upkeep\n|turn|14\n|\n|t:|1781447614\n|switch|p2a: Sinistcha|Sinistcha, L83|254/254\n|-damage|p2a: Sinistcha|223/254|[from] Stealth Rock\n|move|p1a: Rabsca|Bug Buzz|p2a: Sinistcha\n|-damage|p2a: Sinistcha|78/254\n|\n|-heal|p2a: Sinistcha|93/254|[from] item: Leftovers\n|upkeep\n|turn|15\n|\n|t:|1781447623\n|switch|p2a: Iron Jugulis|Iron Jugulis, L77|77/271\n|-damage|p2a: Iron Jugulis|10/271|[from] Stealth Rock\n|move|p1a: Rabsca|Bug Buzz|p2a: Iron Jugulis\n|-damage|p2a: Iron Jugulis|0 fnt\n|faint|p2a: Iron Jugulis\n|-end|p2a: Iron Jugulis|Quark Drive|[silent]\n|\n|upkeep\n|\n|t:|1781447626\n|switch|p2a: Flygon|Flygon, L82, M|265/265\n|-damage|p2a: Flygon|249/265|[from] Stealth Rock\n|turn|16\n|\n|t:|1781447638\n|move|p1a: Rabsca|Revival Blessing|p1a: Rabsca\n|\n|t:|1781447646\n|-heal|p1: Cacturne|139/278|[from] move: Revival Blessing\n|move|p2a: Flygon|Stone Edge|p1a: Rabsca\n|-supereffective|p1a: Rabsca\n|-damage|p1a: Rabsca|18/284\n|\n|upkeep\n|turn|17\n|\n|t:|1781447659\n|switch|p2a: Sinistcha|Sinistcha, L83|93/254\n|-damage|p2a: Sinistcha|62/254|[from] Stealth Rock\n|move|p1a: Rabsca|Bug Buzz|p2a: Sinistcha\n|-damage|p2a: Sinistcha|0 fnt\n|faint|p2a: Sinistcha\n|\n|-fieldend|move: Trick Room\n|upkeep\n|\n|t:|1781447663\n|switch|p2a: Flygon|Flygon, L82, M|249/265\n|-damage|p2a: Flygon|233/265|[from] Stealth Rock\n|turn|18\n|\n|t:|1781447665\n|move|p2a: Flygon|Earthquake|p1a: Rabsca\n|-resisted|p1a: Rabsca\n|-damage|p1a: Rabsca|0 fnt\n|faint|p1a: Rabsca\n|\n|upkeep\n|\n|t:|1781447667\n|switch|p1a: Gliscor|Gliscor, L76, F|239/239\n|turn|19\n|\n|t:|1781447673\n|move|p2a: Flygon|Dragon Dance|p2a: Flygon\n|-boost|p2a: Flygon|atk|1\n|-boost|p2a: Flygon|spe|1\n|move|p1a: Gliscor|Toxic Spikes|p2a: Flygon\n|-sidestart|p2: fick runk|move: Toxic Spikes\n|\n|-status|p1a: Gliscor|tox|[from] item: Toxic Orb\n|upkeep\n|turn|20\n|\n|t:|1781447678\n|move|p2a: Flygon|Outrage|p1a: Gliscor\n|-damage|p1a: Gliscor|80/239 tox\n|move|p1a: Gliscor|Knock Off|p2a: Flygon\n|-crit|p2a: Flygon\n|-damage|p2a: Flygon|142/265\n|-enditem|p2a: Flygon|Lum Berry|[from] move: Knock Off|[of] p1a: Gliscor\n|\n|-heal|p1a: Gliscor|109/239 tox|[from] ability: Poison Heal\n|upkeep\n|turn|21\n|\n|t:|1781447688\n|move|p2a: Flygon|Outrage|p1a: Gliscor|[from] lockedmove\n|-damage|p1a: Gliscor|0 fnt\n|faint|p1a: Gliscor\n|-start|p2a: Flygon|confusion|[fatigue]\n|\n|upkeep\n|\n|t:|1781447691\n|switch|p1a: Cacturne|Cacturne, L92, F|139/278\n|turn|22\n|\n|t:|1781447699\n|-terastallize|p1a: Cacturne|Dark\n|move|p1a: Cacturne|Sucker Punch|p2a: Flygon\n|-damage|p2a: Flygon|0 fnt\n|faint|p2a: Flygon\n|-damage|p1a: Cacturne|112/278|[from] item: Life Orb\n|\n|upkeep\n|\n|t:|1781447701\n|switch|p2a: Falinks|Falinks, L84|246/246\n|-damage|p2a: Falinks|231/246|[from] Stealth Rock\n|-status|p2a: Falinks|psn\n|turn|23\n|\n|t:|1781447716\n|move|p2a: Falinks|Close Combat|p1a: Cacturne\n|-supereffective|p1a: Cacturne\n|-damage|p1a: Cacturne|0 fnt\n|-unboost|p2a: Falinks|def|1\n|-unboost|p2a: Falinks|spd|1\n|faint|p1a: Cacturne\n|-damage|p2a: Falinks|207/246 psn|[from] item: Life Orb\n|\n|-damage|p2a: Falinks|177/246 psn|[from] psn\n|upkeep\n|\n|t:|1781447719\n|switch|p1a: Maushold|Maushold-Four, L76|238/238\n|turn|24\n|\n|t:|1781447726\n|-terastallize|p2a: Falinks|Steel\n|move|p1a: Maushold|Bite|p2a: Falinks\n|-damage|p2a: Falinks|114/246 psn\n|cant|p2a: Falinks|flinch\n|\n|-damage|p2a: Falinks|84/246 psn|[from] psn\n|upkeep\n|turn|25\n|\n|t:|1781447735\n|move|p1a: Maushold|Population Bomb|p2a: Falinks\n|-resisted|p2a: Falinks\n|-damage|p2a: Falinks|70/246 psn\n|-resisted|p2a: Falinks\n|-damage|p2a: Falinks|55/246 psn\n|-resisted|p2a: Falinks\n|-damage|p2a: Falinks|40/246 psn\n|-resisted|p2a: Falinks\n|-damage|p2a: Falinks|26/246 psn\n|-resisted|p2a: Falinks\n|-damage|p2a: Falinks|11/246 psn\n|-resisted|p2a: Falinks\n|-damage|p2a: Falinks|0 fnt\n|faint|p2a: Falinks\n|-hitcount|p2: Falinks|6\n|\n|upkeep\n|\n|t:|1781447736\n|switch|p2a: Barraskewda|Barraskewda, L81, M|50/231\n|-damage|p2a: Barraskewda|22/231|[from] Stealth Rock\n|-status|p2a: Barraskewda|psn\n|turn|26\n|\n|t:|1781447738\n|move|p2a: Barraskewda|Waterfall|p1a: Maushold\n|-damage|p1a: Maushold|55/238\n|move|p1a: Maushold|Population Bomb|p2a: Barraskewda\n|-damage|p2a: Barraskewda|0 fnt\n|faint|p2a: Barraskewda\n|-hitcount|p2: Barraskewda|1\n|\n|win|Starfacto\n", "inputlog": ">version a8376a258c1d4662feba110a92103f3664a72141\n>start {\"formatid\":\"gen9randombattle\",\"seed\":\"sodium,d4178537b618c264f2c156798a5eba32\",\"rated\":\"Rated battle\"}\n>player p1 {\"name\":\"Starfacto\",\"avatar\":\"boarder\",\"rating\":2024,\"seed\":\"sodium,99c8f2f801fab2108842dda182350fc7\"}\n>player p2 {\"name\":\"fick runk\",\"avatar\":\"parasollady\",\"rating\":2027,\"seed\":\"sodium,9a5e68ce6bdd0607ee0df961e1be2386\"}\n>p1 switch 2\n>p2 move hurricane\n>p1 move stealthrock\n>p2 switch 5\n>p1 switch 2\n>p2 move iciclecrash\n>p1 switch 6\n>p1 move sludgebomb\n>p2 switch 5\n>p1 move knockoff\n>p2 move hurricane\n>p1 move sludgebomb\n>p2 switch 5\n>p1 move sludgebomb\n>p2 move highhorsepower\n>p1 switch 2\n>p1 move fireblast\n>p2 move heavyslam\n>p1 move moonlight\n>p2 move heavyslam\n>p1 move moonblast\n>p2 move heavyslam\n>p2 switch 6\n>p1 move moonblast\n>p2 move waterfall\n>p1 move moonblast\n>p2 move waterfall\n>p1 switch 4\n>p1 move trickroom\n>p2 move waterfall\n>p1 move bugbuzz\n>p2 switch 2\n>p1 move bugbuzz\n>p2 switch 5\n>p2 switch 3\n>p1 move revivalblessing\n>p2 move stoneedge\n>p1 switch 6\n>p1 move bugbuzz\n>p2 switch 5\n>p2 switch 5\n>p1 move bugbuzz\n>p2 move earthquake\n>p1 switch 3\n>p1 move toxicspikes\n>p2 move dragondance\n>p1 move knockoff\n>p2 move outrage\n>p1 move knockoff\n>p2 move outrage\n>p1 switch 6\n>p1 move suckerpunch terastallize\n>p2 move outrage\n>p2 switch 4\n>p1 move leafstorm\n>p2 move closecombat\n>p1 switch 5\n>p1 move bite\n>p2 move closecombat terastallize\n>p1 move populationbomb\n>p2 move closecombat\n>p2 switch 2\n>p1 move populationbomb\n>p2 move waterfall", "uploadtime": 1781447450, "views": 4, "formatid": "gen9randombattle", "rating": null, "private": 0, "password": null}