{"id": "gen9randombattle-2631983995", "format": "[Gen 9] Random Battle", "players": ["churab", "Pokelawl"], "log": "|j|\u2606churab\n|j|\u2606Pokelawl\n|t:|1781462719\n|gametype|singles\n|player|p1|churab|riley|1426\n|player|p2|Pokelawl|265|1460\n|gen|9\n|tier|[Gen 9] Random Battle\n|rated|\n|rule|Species Clause: Limit one of each Pok\u00e9mon\n|rule|HP Percentage Mod: HP is shown in percentages\n|rule|Sleep Clause Mod: Limit one foe put to sleep\n|rule|Illusion Level Mod: Illusion disguises the Pok\u00e9mon's true level\n|\n|t:|1781462719\n|teamsize|p1|6\n|teamsize|p2|6\n|start\n|switch|p1a: Kilowattrel|Kilowattrel, L83, M|252/252\n|switch|p2a: Magcargo|Magcargo, L95, M|268/268\n|turn|1\n|\n|t:|1781462730\n|switch|p1a: Ludicolo|Ludicolo, L90, M|290/290\n|switch|p2a: Whiscash|Whiscash, L88, F|337/337\n|\n|upkeep\n|turn|2\n|\n|t:|1781462738\n|switch|p2a: Ho-Oh|Ho-Oh, L71|268/268\n|move|p1a: Ludicolo|Hydro Pump|p2a: Ho-Oh\n|-supereffective|p2a: Ho-Oh\n|-damage|p2a: Ho-Oh|4/268\n|\n|upkeep\n|turn|3\n|\n|t:|1781462748\n|move|p1a: Ludicolo|Hydro Pump|p2a: Ho-Oh\n|-supereffective|p2a: Ho-Oh\n|-damage|p2a: Ho-Oh|0 fnt\n|faint|p2a: Ho-Oh\n|\n|upkeep\n|\n|t:|1781462757\n|switch|p2a: Slaking|Slaking, L84, M|389/389\n|turn|4\n|\n|t:|1781462761\n|switch|p1a: Sunflora|Sunflora, M|312/312\n|move|p2a: Slaking|Double-Edge|p1a: Sunflora\n|-damage|p1a: Sunflora|0 fnt\n|faint|p1a: Sunflora\n|-damage|p2a: Slaking|286/389|[from] Recoil\n|\n|upkeep\n|\n|t:|1781462771\n|switch|p1a: Iron Hands|Iron Hands, L79|373/373\n|turn|5\n|\n|t:|1781462776\n|switch|p2a: Whiscash|Whiscash, L88, F|337/337\n|move|p1a: Iron Hands|Close Combat|p2a: Whiscash\n|-damage|p2a: Whiscash|160/337\n|-unboost|p1a: Iron Hands|def|1\n|-unboost|p1a: Iron Hands|spd|1\n|\n|upkeep\n|turn|6\n|\n|t:|1781462780\n|move|p2a: Whiscash|Dragon Dance|p2a: Whiscash\n|-boost|p2a: Whiscash|atk|1\n|-boost|p2a: Whiscash|spe|1\n|move|p1a: Iron Hands|Close Combat|p2a: Whiscash\n|-damage|p2a: Whiscash|6/337\n|-unboost|p1a: Iron Hands|def|1\n|-unboost|p1a: Iron Hands|spd|1\n|\n|upkeep\n|turn|7\n|\n|t:|1781462784\n|-end|p1a: Iron Hands|Quark Drive|[silent]\n|switch|p1a: Kilowattrel|Kilowattrel, L83, M|252/252\n|move|p2a: Whiscash|Earthquake|p1a: Kilowattrel\n|-immune|p1a: Kilowattrel\n|\n|upkeep\n|turn|8\n|\n|t:|1781462789\n|move|p1a: Kilowattrel|U-turn|p2a: Whiscash\n|-damage|p2a: Whiscash|0 fnt\n|faint|p2a: Whiscash\n|\n|t:|1781462792\n|switch|p1a: Greedent|Greedent, L86, F|347/347|[from] U-turn\n|\n|upkeep\n|\n|t:|1781462795\n|switch|p2a: Slaking|Slaking, L84, M|286/389\n|turn|9\n|\n|t:|1781462798\n|move|p2a: Slaking|Double-Edge|p1a: Greedent\n|-damage|p1a: Greedent|95/347\n|-enditem|p1a: Greedent|Sitrus Berry|[eat]\n|-heal|p1a: Greedent|181/347|[from] item: Sitrus Berry\n|-heal|p1a: Greedent|296/347|[from] ability: Cheek Pouch\n|-damage|p2a: Slaking|203/389|[from] Recoil\n|move|p1a: Greedent|Swords Dance|p1a: Greedent\n|-boost|p1a: Greedent|atk|2\n|\n|upkeep\n|turn|10\n|\n|t:|1781462802\n|cant|p2a: Slaking|ability: Truant\n|move|p1a: Greedent|Body Slam|p2a: Slaking\n|-crit|p2a: Slaking\n|-damage|p2a: Slaking|0 fnt\n|faint|p2a: Slaking\n|\n|upkeep\n|\n|t:|1781462809\n|switch|p2a: Snorlax|Snorlax, L82, F|397/397\n|turn|11\n|\n|t:|1781462813\n|move|p2a: Snorlax|Body Slam|p1a: Greedent\n|-damage|p1a: Greedent|202/347\n|move|p1a: Greedent|Body Slam|p2a: Snorlax\n|-damage|p2a: Snorlax|177/397\n|\n|upkeep\n|turn|12\n|\n|t:|1781462820\n|move|p2a: Snorlax|Body Slam|p1a: Greedent\n|-damage|p1a: Greedent|123/347\n|-status|p1a: Greedent|par\n|move|p1a: Greedent|Body Slam|p2a: Snorlax\n|-damage|p2a: Snorlax|0 fnt\n|faint|p2a: Snorlax\n|\n|upkeep\n|\n|t:|1781462825\n|switch|p2a: Magcargo|Magcargo, L95, M|268/268\n|turn|13\n|\n|t:|1781462828\n|-terastallize|p2a: Magcargo|Grass\n|move|p2a: Magcargo|Shell Smash|p2a: Magcargo\n|-unboost|p2a: Magcargo|def|1\n|-unboost|p2a: Magcargo|spd|1\n|-boost|p2a: Magcargo|atk|2\n|-boost|p2a: Magcargo|spa|2\n|-boost|p2a: Magcargo|spe|2\n|move|p1a: Greedent|Earthquake|p2a: Magcargo\n|-resisted|p2a: Magcargo\n|-crit|p2a: Magcargo\n|-damage|p2a: Magcargo|151/268\n|-ability|p2a: Magcargo|Weak Armor|boost\n|-unboost|p2a: Magcargo|def|1\n|-boost|p2a: Magcargo|spe|2\n|\n|upkeep\n|turn|14\n|\n|t:|1781462835\n|move|p2a: Magcargo|Earth Power|p1a: Greedent\n|-damage|p1a: Greedent|0 fnt\n|faint|p1a: Greedent\n|\n|upkeep\n|\n|t:|1781462838\n|switch|p1a: Kilowattrel|Kilowattrel, L83, M|252/252\n|turn|15\n|\n|t:|1781462841\n|-terastallize|p1a: Kilowattrel|Water\n|move|p2a: Magcargo|Power Gem|p1a: Kilowattrel\n|-damage|p1a: Kilowattrel|0 fnt\n|faint|p1a: Kilowattrel\n|\n|upkeep\n|\n|t:|1781462847\n|switch|p1a: Ludicolo|Ludicolo, L90, M|290/290\n|turn|16\n|\n|t:|1781462850\n|move|p2a: Magcargo|Fire Blast|p1a: Ludicolo\n|-damage|p1a: Ludicolo|52/290\n|move|p1a: Ludicolo|Ice Beam|p2a: Magcargo\n|-supereffective|p2a: Magcargo\n|-damage|p2a: Magcargo|0 fnt\n|faint|p2a: Magcargo\n|\n|upkeep\n|\n|t:|1781462853\n|switch|p2a: Lanturn|Lanturn, L89, F|367/367\n|turn|17\n|\n|t:|1781462856\n|move|p1a: Ludicolo|Ice Beam|p2a: Lanturn\n|-resisted|p2a: Lanturn\n|-damage|p2a: Lanturn|312/367\n|move|p2a: Lanturn|Ice Beam|p1a: Ludicolo\n|-damage|p1a: Ludicolo|4/290\n|\n|-heal|p2a: Lanturn|334/367|[from] item: Leftovers\n|upkeep\n|turn|18\n|\n|t:|1781462862\n|switch|p1a: Iron Hands|Iron Hands, L79|373/373\n|move|p2a: Lanturn|Ice Beam|p1a: Iron Hands\n|-damage|p1a: Iron Hands|319/373\n|\n|-heal|p2a: Lanturn|356/367|[from] item: Leftovers\n|upkeep\n|turn|19\n|\n|t:|1781462870\n|move|p2a: Lanturn|Scald|p1a: Iron Hands\n|-damage|p1a: Iron Hands|247/373\n|move|p1a: Iron Hands|Close Combat|p2a: Lanturn\n|-damage|p2a: Lanturn|161/367\n|-unboost|p1a: Iron Hands|def|1\n|-unboost|p1a: Iron Hands|spd|1\n|\n|-heal|p2a: Lanturn|183/367|[from] item: Leftovers\n|upkeep\n|turn|20\n|\n|t:|1781462877\n|move|p2a: Lanturn|Scald|p1a: Iron Hands\n|-damage|p1a: Iron Hands|142/373\n|move|p1a: Iron Hands|Close Combat|p2a: Lanturn\n|-damage|p2a: Lanturn|0 fnt\n|-unboost|p1a: Iron Hands|def|1\n|-unboost|p1a: Iron Hands|spd|1\n|faint|p2a: Lanturn\n|\n|win|churab\n|raw|churab's rating: 1426 &rarr; <strong>1448</strong><br />(+22 for winning)\n|raw|Pokelawl's rating: 1460 &rarr; <strong>1438</strong><br />(-22 for losing)\n|l|\u2606Pokelawl\n|player|p2|\n", "inputlog": ">version a8376a258c1d4662feba110a92103f3664a72141\n>start {\"formatid\":\"gen9randombattle\",\"seed\":\"sodium,ccb31bf7e563a09ddd2011433108e1c1\",\"rated\":\"Rated battle\"}\n>player p1 {\"name\":\"churab\",\"avatar\":\"riley\",\"rating\":1426,\"seed\":\"sodium,f38a4cd48b17c606aa8e6e598e583415\"}\n>player p2 {\"name\":\"Pokelawl\",\"avatar\":\"265\",\"rating\":1460,\"seed\":\"sodium,8ed25540857c638f0123b353a55cb0e2\"}\n>p1 switch 4\n>p2 switch 5\n>p1 move hydropump\n>p2 switch 6\n>p1 move hydropump\n>p2 move bravebird\n>p2 switch 2\n>p1 switch 2\n>p2 move doubleedge\n>p1 switch 5\n>p1 move closecombat\n>p2 switch 6\n>p1 move closecombat\n>p2 move dragondance\n>p1 switch 4\n>p2 move earthquake\n>p1 move uturn\n>p2 move stoneedge\n>p1 switch 6\n>p2 switch 6\n>p1 move swordsdance\n>p2 move doubleedge\n>p1 move bodyslam\n>p2 move doubleedge\n>p2 switch 4\n>p1 move bodyslam\n>p2 move bodyslam\n>p1 move bodyslam\n>p2 move bodyslam\n>p2 switch 5\n>p1 move earthquake\n>p2 move shellsmash terastallize\n>p1 move bodyslam\n>p2 move earthpower\n>p1 switch 6\n>p1 move hurricane terastallize\n>p2 move powergem\n>p1 switch 2\n>p1 move icebeam\n>p2 move fireblast\n>p2 switch 3\n>p1 move icebeam\n>p2 move icebeam\n>p1 switch 4\n>p2 move icebeam\n>p1 move closecombat\n>p2 move scald\n>p1 move closecombat\n>p2 move scald", "uploadtime": 1781462882, "views": 3, "formatid": "gen9randombattle", "rating": 1438, "private": 0, "password": null}