{"id": "gen9randombattle-2631913002", "format": "[Gen 9] Random Battle", "players": ["castiel123", "soap_trusted_you"], "log": "|j|\u2606castiel123\n|j|\u2606soap_trusted_you\n|t:|1781454945\n|gametype|singles\n|player|p1|castiel123|170|1968\n|player|p2|soap_trusted_you|roughneck|1959\n|gen|9\n|tier|[Gen 9] Random Battle\n|rated|\n|rule|Species Clause: Limit one of each Pok\u00e9mon\n|rule|HP Percentage Mod: HP is shown in percentages\n|rule|Sleep Clause Mod: Limit one foe put to sleep\n|rule|Illusion Level Mod: Illusion disguises the Pok\u00e9mon's true level\n|\n|t:|1781454945\n|teamsize|p1|6\n|teamsize|p2|6\n|start\n|switch|p1a: Arceus|Arceus-Ghost, L69|280/280\n|switch|p2a: Umbreon|Umbreon, L84, F|297/297\n|turn|1\n|inactive|Battle timer is ON: inactive players will automatically lose when time's up. (requested by soap_trusted_you)\n|\n|t:|1781454961\n|switch|p1a: Bisharp|Bisharp, L79, F|232/232\n|move|p2a: Umbreon|Toxic|p1a: Bisharp\n|-immune|p1a: Bisharp\n|\n|upkeep\n|turn|2\n|\n|t:|1781454969\n|move|p2a: Umbreon|Foul Play|p1a: Bisharp\n|-resisted|p1a: Bisharp\n|-damage|p1a: Bisharp|196/232\n|move|p1a: Bisharp|Swords Dance|p1a: Bisharp\n|-boost|p1a: Bisharp|atk|2\n|\n|upkeep\n|turn|3\n|\n|t:|1781454972\n|move|p2a: Umbreon|Foul Play|p1a: Bisharp\n|-resisted|p1a: Bisharp\n|-damage|p1a: Bisharp|123/232\n|move|p1a: Bisharp|Iron Head|p2a: Umbreon\n|-damage|p2a: Umbreon|149/297\n|\n|-heal|p2a: Umbreon|167/297|[from] item: Leftovers\n|upkeep\n|turn|4\n|\n|t:|1781454981\n|move|p2a: Umbreon|Protect|p2a: Umbreon\n|-singleturn|p2a: Umbreon|Protect\n|move|p1a: Bisharp|Iron Head|p2a: Umbreon\n|-activate|p2a: Umbreon|move: Protect\n|\n|-heal|p2a: Umbreon|185/297|[from] item: Leftovers\n|upkeep\n|turn|5\n|\n|t:|1781454985\n|move|p2a: Umbreon|Foul Play|p1a: Bisharp\n|-resisted|p1a: Bisharp\n|-damage|p1a: Bisharp|56/232\n|move|p1a: Bisharp|Iron Head|p2a: Umbreon\n|-damage|p2a: Umbreon|43/297\n|\n|-heal|p2a: Umbreon|61/297|[from] item: Leftovers\n|upkeep\n|turn|6\n|\n|t:|1781455000\n|switch|p2a: Pelipper|Pelipper, L86, M|243/243\n|-weather|RainDance|[from] ability: Drizzle|[of] p2a: Pelipper\n|move|p1a: Bisharp|Sucker Punch||[still]\n|-fail|p1a: Bisharp\n|\n|-weather|RainDance|[upkeep]\n|upkeep\n|turn|7\n|\n|t:|1781455006\n|move|p1a: Bisharp|Sucker Punch|p2a: Pelipper\n|-damage|p2a: Pelipper|110/243\n|move|p2a: Pelipper|Surf|p1a: Bisharp\n|-damage|p1a: Bisharp|0 fnt\n|faint|p1a: Bisharp\n|\n|-weather|RainDance|[upkeep]\n|upkeep\n|\n|t:|1781455017\n|switch|p1a: Mesprit|Mesprit, L85|275/275\n|turn|8\n|\n|t:|1781455025\n|switch|p2a: Jolteon|Jolteon, L84, M|246/246\n|move|p1a: Mesprit|Stealth Rock|p2a: Jolteon\n|-sidestart|p2: soap_trusted_you|move: Stealth Rock\n|\n|-weather|RainDance|[upkeep]\n|upkeep\n|turn|9\n|\n|t:|1781455033\n|move|p2a: Jolteon|Shadow Ball|p1a: Mesprit\n|-supereffective|p1a: Mesprit\n|-damage|p1a: Mesprit|117/275\n|move|p1a: Mesprit|U-turn|p2a: Jolteon\n|-damage|p2a: Jolteon|173/246\n|\n|t:|1781455043\n|switch|p1a: Vespiquen|Vespiquen, L99, F|299/299|[from] U-turn\n|-ability|p1a: Vespiquen|Pressure\n|\n|-weather|RainDance|[upkeep]\n|upkeep\n|turn|10\n|\n|t:|1781455051\n|switch|p2a: Umbreon|Umbreon, L84, F|61/297\n|-damage|p2a: Umbreon|24/297|[from] Stealth Rock\n|move|p1a: Vespiquen|Toxic|p2a: Umbreon\n|-status|p2a: Umbreon|tox\n|-activate|p2a: Umbreon|ability: Synchronize\n|-status|p1a: Vespiquen|tox\n|\n|-weather|none\n|-heal|p2a: Umbreon|42/297 tox|[from] item: Leftovers\n|-damage|p2a: Umbreon|24/297 tox|[from] psn\n|-damage|p1a: Vespiquen|281/299 tox|[from] psn\n|upkeep\n|turn|11\n|\n|t:|1781455061\n|move|p2a: Umbreon|Wish|p2a: Umbreon\n|move|p1a: Vespiquen|U-turn|p2a: Umbreon\n|-supereffective|p2a: Umbreon\n|-damage|p2a: Umbreon|0 fnt\n|faint|p2a: Umbreon\n|\n|t:|1781455076\n|switch|p1a: Mesprit|Mesprit, L85|117/275|[from] U-turn\n|\n|-heal|p1a: Mesprit|134/275|[from] item: Leftovers\n|upkeep\n|\n|t:|1781455083\n|switch|p2a: Jolteon|Jolteon, L84, M|173/246\n|-damage|p2a: Jolteon|143/246|[from] Stealth Rock\n|turn|12\n|\n|t:|1781455089\n|switch|p1a: Vespiquen|Vespiquen, L99, F|281/299 tox\n|-ability|p1a: Vespiquen|Pressure\n|move|p2a: Jolteon|Thunderbolt|p1a: Vespiquen\n|-supereffective|p1a: Vespiquen\n|-damage|p1a: Vespiquen|35/299 tox\n|\n|-heal|p2a: Jolteon|246/246|[from] move: Wish|[wisher] Umbreon\n|-damage|p1a: Vespiquen|17/299 tox|[from] psn\n|upkeep\n|turn|13\n|\n|t:|1781455110\n|switch|p1a: Jolteon|Jolteon, L84, M|246/246\n|move|p2a: Jolteon|Thunderbolt|p1a: Jolteon\n|-immune|p1a: Jolteon|[from] ability: Volt Absorb\n|\n|upkeep\n|turn|14\n|\n|t:|1781455119\n|switch|p2a: Gothitelle|Gothitelle, L90, M|272/272\n|-damage|p2a: Gothitelle|238/272|[from] Stealth Rock\n|move|p1a: Jolteon|Calm Mind|p1a: Jolteon\n|-boost|p1a: Jolteon|spa|1\n|-boost|p1a: Jolteon|spd|1\n|\n|upkeep\n|turn|15\n|\n|t:|1781455125\n|move|p1a: Jolteon|Shadow Ball|p2a: Gothitelle\n|-supereffective|p2a: Gothitelle\n|-damage|p2a: Gothitelle|51/272\n|-unboost|p2a: Gothitelle|spd|1\n|-damage|p1a: Jolteon|222/246|[from] item: Life Orb\n|move|p2a: Gothitelle|Trick|p1a: Jolteon\n|-activate|p2a: Gothitelle|move: Trick|[of] p1a: Jolteon\n|-item|p1a: Jolteon|Choice Scarf|[from] move: Trick\n|-item|p2a: Gothitelle|Life Orb|[from] move: Trick\n|\n|upkeep\n|turn|16\n|\n|t:|1781455139\n|move|p1a: Jolteon|Alluring Voice|p2a: Gothitelle\n|-damage|p2a: Gothitelle|0 fnt\n|faint|p2a: Gothitelle\n|\n|upkeep\n|\n|t:|1781455161\n|switch|p2a: Avalugg|Avalugg-Hisui, L90, F|317/317\n|turn|17\n|\n|t:|1781455172\n|move|p1a: Jolteon|Alluring Voice|p2a: Avalugg\n|-damage|p2a: Avalugg|151/317\n|move|p2a: Avalugg|Avalanche|p1a: Jolteon\n|-damage|p1a: Jolteon|0 fnt\n|faint|p1a: Jolteon\n|\n|upkeep\n|\n|t:|1781455188\n|switch|p1a: Mesprit|Mesprit, L85|134/275\n|turn|18\n|\n|t:|1781455203\n|move|p1a: Mesprit|Psychic Noise|p2a: Avalugg\n|-damage|p2a: Avalugg|4/317\n|-start|p2a: Avalugg|move: Heal Block\n|cant|p2a: Avalugg|move: Heal Block|Recover\n|\n|-heal|p1a: Mesprit|151/275|[from] item: Leftovers\n|upkeep\n|turn|19\n|\n|t:|1781455209\n|move|p1a: Mesprit|Psychic Noise|p2a: Avalugg\n|-damage|p2a: Avalugg|0 fnt\n|faint|p2a: Avalugg\n|\n|-heal|p1a: Mesprit|168/275|[from] item: Leftovers\n|upkeep\n|\n|t:|1781455211\n|switch|p2a: Jolteon|Jolteon, L84, M|246/246\n|-damage|p2a: Jolteon|216/246|[from] Stealth Rock\n|turn|20\n|\n|t:|1781455215\n|-terastallize|p1a: Mesprit|Dark\n|move|p2a: Jolteon|Shadow Ball|p1a: Mesprit\n|-resisted|p1a: Mesprit\n|-damage|p1a: Mesprit|130/275\n|move|p1a: Mesprit|Psychic Noise|p2a: Jolteon\n|-crit|p2a: Jolteon\n|-damage|p2a: Jolteon|99/246\n|-start|p2a: Jolteon|move: Heal Block\n|\n|-heal|p1a: Mesprit|147/275|[from] item: Leftovers\n|upkeep\n|turn|21\n|\n|t:|1781455225\n|switch|p2a: Pelipper|Pelipper, L86, M|110/243\n|-weather|RainDance|[from] ability: Drizzle|[of] p2a: Pelipper\n|move|p1a: Mesprit|Psychic Noise|p2a: Pelipper\n|-damage|p2a: Pelipper|4/243\n|-start|p2a: Pelipper|move: Heal Block\n|\n|-weather|RainDance|[upkeep]\n|-heal|p1a: Mesprit|164/275|[from] item: Leftovers\n|upkeep\n|turn|22\n|\n|t:|1781455228\n|move|p1a: Mesprit|Psychic Noise|p2a: Pelipper\n|-damage|p2a: Pelipper|0 fnt\n|faint|p2a: Pelipper\n|\n|-weather|RainDance|[upkeep]\n|-heal|p1a: Mesprit|181/275|[from] item: Leftovers\n|upkeep\n|\n|t:|1781455234\n|switch|p2a: Glastrier|Glastrier, L86|311/311\n|-damage|p2a: Glastrier|234/311|[from] Stealth Rock\n|turn|23\n|\n|t:|1781455239\n|move|p1a: Mesprit|U-turn|p2a: Glastrier\n|-damage|p2a: Glastrier|192/311\n|\n|t:|1781455241\n|switch|p1a: Iron Bundle|Iron Bundle, L78|215/215|[from] U-turn\n|move|p2a: Glastrier|Icicle Crash|p1a: Iron Bundle\n|-resisted|p1a: Iron Bundle\n|-crit|p1a: Iron Bundle\n|-damage|p1a: Iron Bundle|151/215\n|\n|-weather|RainDance|[upkeep]\n|upkeep\n|turn|24\n|\n|t:|1781455248\n|move|p1a: Iron Bundle|Hydro Pump|p2a: Glastrier\n|-damage|p2a: Glastrier|0 fnt\n|faint|p2a: Glastrier\n|\n|-weather|RainDance|[upkeep]\n|upkeep\n|\n|t:|1781455252\n|switch|p2a: Jolteon|Jolteon, L84, M|99/246\n|-damage|p2a: Jolteon|69/246|[from] Stealth Rock\n|turn|25\n|\n|t:|1781455257\n|-end|p1a: Iron Bundle|Quark Drive|[silent]\n|switch|p1a: Vespiquen|Vespiquen, L99, F|17/299 tox\n|-ability|p1a: Vespiquen|Pressure\n|-terastallize|p2a: Jolteon|Electric\n|move|p2a: Jolteon|Thunderbolt|p1a: Vespiquen\n|-supereffective|p1a: Vespiquen\n|-damage|p1a: Vespiquen|0 fnt\n|faint|p1a: Vespiquen\n|\n|-weather|none\n|upkeep\n|\n|t:|1781455263\n|switch|p1a: Mesprit|Mesprit, L85, tera:Dark|181/275\n|turn|26\n|\n|t:|1781455265\n|move|p2a: Jolteon|Thunderbolt|p1a: Mesprit\n|-damage|p1a: Mesprit|13/275\n|move|p1a: Mesprit|Psychic Noise|p2a: Jolteon\n|-damage|p2a: Jolteon|0 fnt\n|faint|p2a: Jolteon\n|\n|win|castiel123\n", "uploadtime": 1781454948, "views": 4, "formatid": "gen9randombattle", "rating": null, "private": 0, "password": null}