{"id": "gen9randombattle-2631915923", "format": "[Gen 9] Random Battle", "players": ["JaviC04", "Reulsen"], "log": "|j|\u2606JaviC04\n|j|\u2606Reulsen\n|t:|1781455255\n|gametype|singles\n|player|p1|JaviC04|artist|2082\n|player|p2|Reulsen|red|2039\n|gen|9\n|tier|[Gen 9] Random Battle\n|rated|\n|rule|Species Clause: Limit one of each Pok\u00e9mon\n|rule|HP Percentage Mod: HP is shown in percentages\n|rule|Sleep Clause Mod: Limit one foe put to sleep\n|rule|Illusion Level Mod: Illusion disguises the Pok\u00e9mon's true level\n|\n|t:|1781455255\n|teamsize|p1|6\n|teamsize|p2|6\n|start\n|switch|p1a: Basculegion|Basculegion-F, L83, F|335/335\n|switch|p2a: Cetitan|Cetitan, L82, F|413/413\n|turn|1\n|inactive|Battle timer is ON: inactive players will automatically lose when time's up. (requested by JaviC04)\n|\n|t:|1781455272\n|switch|p2a: Ogerpon|Ogerpon-Wellspring, L76, F|247/247\n|move|p1a: Basculegion|Hydro Pump|p2a: Ogerpon\n|-immune|p2a: Ogerpon|[from] ability: Water Absorb\n|\n|upkeep\n|turn|2\n|\n|t:|1781455278\n|switch|p1a: Bellossom|Bellossom, L84, F|263/263\n|move|p2a: Ogerpon|Swords Dance|p2a: Ogerpon\n|-boost|p2a: Ogerpon|atk|2\n|\n|upkeep\n|turn|3\n|\n|t:|1781455288\n|move|p2a: Ogerpon|Knock Off|p1a: Bellossom\n|-damage|p1a: Bellossom|122/263\n|-enditem|p1a: Bellossom|Leftovers|[from] move: Knock Off|[of] p2a: Ogerpon\n|move|p1a: Bellossom|Strength Sap|p2a: Ogerpon\n|-unboost|p2a: Ogerpon|atk|1\n|-heal|p1a: Bellossom|263/263\n|\n|upkeep\n|turn|4\n|\n|t:|1781455296\n|move|p2a: Ogerpon|Swords Dance|p2a: Ogerpon\n|-boost|p2a: Ogerpon|atk|2\n|move|p1a: Bellossom|Quiver Dance|p1a: Bellossom\n|-boost|p1a: Bellossom|spa|1\n|-boost|p1a: Bellossom|spd|1\n|-boost|p1a: Bellossom|spe|1\n|\n|upkeep\n|turn|5\n|\n|t:|1781455300\n|move|p2a: Ogerpon|Swords Dance|p2a: Ogerpon\n|-boost|p2a: Ogerpon|atk|2\n|move|p1a: Bellossom|Quiver Dance|p1a: Bellossom\n|-boost|p1a: Bellossom|spa|1\n|-boost|p1a: Bellossom|spd|1\n|-boost|p1a: Bellossom|spe|1\n|\n|upkeep\n|turn|6\n|\n|t:|1781455304\n|move|p1a: Bellossom|Strength Sap|p2a: Ogerpon\n|-unboost|p2a: Ogerpon|atk|1\n|move|p2a: Ogerpon|Ivy Cudgel|p1a: Bellossom|[anim] Ivy Cudgel Water\n|-resisted|p1a: Bellossom\n|-damage|p1a: Bellossom|84/263\n|\n|upkeep\n|turn|7\n|\n|t:|1781455311\n|move|p1a: Bellossom|Strength Sap|p2a: Ogerpon\n|-unboost|p2a: Ogerpon|atk|1\n|-heal|p1a: Bellossom|263/263\n|move|p2a: Ogerpon|Swords Dance|p2a: Ogerpon\n|-boost|p2a: Ogerpon|atk|2\n|\n|upkeep\n|turn|8\n|\n|t:|1781455314\n|move|p1a: Bellossom|Giga Drain|p2a: Ogerpon\n|-damage|p2a: Ogerpon|88/247\n|move|p2a: Ogerpon|Swords Dance|p2a: Ogerpon\n|-boost|p2a: Ogerpon|atk|1\n|\n|upkeep\n|turn|9\n|\n|t:|1781455320\n|switch|p2a: Clefable|Clefable, L83, F|293/293\n|move|p1a: Bellossom|Giga Drain|p2a: Clefable\n|-damage|p2a: Clefable|224/293\n|\n|-heal|p2a: Clefable|242/293|[from] item: Leftovers\n|upkeep\n|turn|10\n|\n|t:|1781455330\n|switch|p1a: Electivire|Electivire, L84, F|263/263\n|move|p2a: Clefable|Calm Mind|p2a: Clefable\n|-boost|p2a: Clefable|spa|1\n|-boost|p2a: Clefable|spd|1\n|\n|-heal|p2a: Clefable|260/293|[from] item: Leftovers\n|upkeep\n|turn|11\n|\n|t:|1781455340\n|move|p1a: Electivire|Supercell Slam|p2a: Clefable\n|-damage|p2a: Clefable|61/293\n|-damage|p1a: Electivire|237/263|[from] item: Life Orb\n|move|p2a: Clefable|Moonblast|p1a: Electivire\n|-damage|p1a: Electivire|84/263\n|\n|-heal|p2a: Clefable|79/293|[from] item: Leftovers\n|upkeep\n|turn|12\n|\n|t:|1781455362\n|switch|p2a: Baxcalibur|Baxcalibur, L75, F|295/295\n|move|p1a: Electivire|Supercell Slam|p2a: Baxcalibur\n|-resisted|p2a: Baxcalibur\n|-damage|p2a: Baxcalibur|205/295\n|-damage|p1a: Electivire|58/263|[from] item: Life Orb\n|\n|upkeep\n|turn|13\n|\n|t:|1781455375\n|switch|p1a: Glalie|Glalie, L96, M|309/309\n|move|p2a: Baxcalibur|Ice Shard|p1a: Glalie\n|-resisted|p1a: Glalie\n|-damage|p1a: Glalie|273/309\n|\n|upkeep\n|turn|14\n|\n|t:|1781455387\n|switch|p2a: Hitmonchan|Hitmonchan, L87, M|229/229\n|move|p1a: Glalie|Spikes|p2a: Hitmonchan\n|-sidestart|p2: Reulsen|Spikes\n|\n|upkeep\n|turn|15\n|\n|t:|1781455398\n|switch|p1a: Basculegion|Basculegion-F, L83, F|335/335\n|move|p2a: Hitmonchan|Bulk Up|p2a: Hitmonchan\n|-boost|p2a: Hitmonchan|atk|1\n|-boost|p2a: Hitmonchan|def|1\n|\n|upkeep\n|turn|16\n|\n|t:|1781455413\n|-terastallize|p1a: Basculegion|Water\n|move|p2a: Hitmonchan|Knock Off|p1a: Basculegion\n|-damage|p1a: Basculegion|185/335\n|-enditem|p1a: Basculegion|Assault Vest|[from] move: Knock Off|[of] p2a: Hitmonchan\n|move|p1a: Basculegion|Hydro Pump|p2a: Hitmonchan\n|-damage|p2a: Hitmonchan|78/229\n|\n|-heal|p2a: Hitmonchan|92/229|[from] item: Leftovers\n|upkeep\n|turn|17\n|\n|t:|1781455429\n|switch|p1a: Electivire|Electivire, L84, F|58/263\n|move|p2a: Hitmonchan|Drain Punch|p1a: Electivire\n|-damage|p1a: Electivire|0 fnt\n|-heal|p2a: Hitmonchan|121/229|[from] drain|[of] p1a: Electivire\n|faint|p1a: Electivire\n|\n|-heal|p2a: Hitmonchan|135/229|[from] item: Leftovers\n|upkeep\n|\n|t:|1781455431\n|switch|p1a: Comfey|Comfey, L85, M|225/225\n|turn|18\n|\n|t:|1781455444\n|move|p1a: Comfey|Draining Kiss|p2a: Hitmonchan\n|-supereffective|p2a: Hitmonchan\n|-damage|p2a: Hitmonchan|51/229\n|move|p2a: Hitmonchan|Rapid Spin|p1a: Comfey\n|-damage|p1a: Comfey|163/225\n|-boost|p2a: Hitmonchan|spe|1\n|-sideend|p2: Reulsen|Spikes|[from] move: Rapid Spin|[of] p2a: Hitmonchan\n|\n|-heal|p2a: Hitmonchan|65/229|[from] item: Leftovers\n|-heal|p1a: Comfey|177/225|[from] item: Leftovers\n|upkeep\n|turn|19\n|\n|t:|1781455461\n|switch|p2a: Cetitan|Cetitan, L82, F|413/413\n|move|p1a: Comfey|Draining Kiss|p2a: Cetitan\n|-damage|p2a: Cetitan|346/413\n|-heal|p1a: Comfey|225/225|[from] drain|[of] p2a: Cetitan\n|\n|upkeep\n|turn|20\n|\n|t:|1781455480\n|switch|p1a: Basculegion|Basculegion-F, L83, F, tera:Water|185/335\n|move|p2a: Cetitan|Icicle Crash|p1a: Basculegion\n|-resisted|p1a: Basculegion\n|-damage|p1a: Basculegion|82/335\n|\n|upkeep\n|turn|21\n|\n|t:|1781455498\n|move|p1a: Basculegion|Shadow Ball|p2a: Cetitan\n|-damage|p2a: Cetitan|234/413\n|-unboost|p2a: Cetitan|spd|1\n|move|p2a: Cetitan|Icicle Crash|p1a: Basculegion\n|-resisted|p1a: Basculegion\n|-damage|p1a: Basculegion|0 fnt\n|faint|p1a: Basculegion\n|\n|upkeep\n|\n|t:|1781455502\n|switch|p1a: Glalie|Glalie, L96, M|273/309\n|turn|22\n|\n|t:|1781455511\n|move|p1a: Glalie|Spikes|p2a: Cetitan\n|-sidestart|p2: Reulsen|Spikes\n|move|p2a: Cetitan|Superpower|p1a: Glalie\n|-supereffective|p1a: Glalie\n|-damage|p1a: Glalie|68/309\n|-unboost|p2a: Cetitan|atk|1\n|-unboost|p2a: Cetitan|def|1\n|-damage|p2a: Cetitan|193/413|[from] item: Life Orb\n|\n|upkeep\n|turn|23\n|\n|t:|1781455519\n|move|p1a: Glalie|Earthquake|p2a: Cetitan\n|-damage|p2a: Cetitan|48/413\n|move|p2a: Cetitan|Liquidation|p1a: Glalie\n|-damage|p1a: Glalie|3/309\n|\n|upkeep\n|turn|24\n|\n|t:|1781455526\n|switch|p1a: Comfey|Comfey, L85, M|225/225\n|move|p2a: Cetitan|Ice Shard|p1a: Comfey\n|-damage|p1a: Comfey|189/225\n|-damage|p2a: Cetitan|7/413|[from] item: Life Orb\n|\n|-heal|p1a: Comfey|203/225|[from] item: Leftovers\n|upkeep\n|turn|25\n|\n|t:|1781455532\n|move|p1a: Comfey|Draining Kiss|p2a: Cetitan\n|-damage|p2a: Cetitan|0 fnt\n|-heal|p1a: Comfey|208/225|[from] drain|[of] p2a: Cetitan\n|faint|p2a: Cetitan\n|\n|-heal|p1a: Comfey|222/225|[from] item: Leftovers\n|upkeep\n|inactive|Reulsen has 120 seconds left.\n|\n|t:|1781455575\n|switch|p2a: Poliwrath|Poliwrath, L88, M|302/302\n|-damage|p2a: Poliwrath|265/302|[from] Spikes\n|turn|26\n|\n|t:|1781455593\n|-terastallize|p2a: Poliwrath|Steel\n|move|p1a: Comfey|Calm Mind|p1a: Comfey\n|-boost|p1a: Comfey|spa|1\n|-boost|p1a: Comfey|spd|1\n|move|p2a: Poliwrath|Liquidation|p1a: Comfey\n|-damage|p1a: Comfey|125/225\n|\n|-heal|p1a: Comfey|139/225|[from] item: Leftovers\n|upkeep\n|turn|27\n|inactive|Reulsen has 120 seconds left.\n|\n|t:|1781455604\n|move|p1a: Comfey|Draining Kiss|p2a: Poliwrath\n|-resisted|p2a: Poliwrath\n|-damage|p2a: Poliwrath|242/302\n|-heal|p1a: Comfey|156/225|[from] drain|[of] p2a: Poliwrath\n|move|p2a: Poliwrath|Circle Throw|p1a: Comfey\n|-resisted|p1a: Comfey\n|-damage|p1a: Comfey|123/225\n|drag|p1a: Garganacl|Garganacl, L80, F|291/291\n|\n|upkeep\n|turn|28\n|inactive|Reulsen has 120 seconds left.\n|\n|t:|1781455618\n|switch|p1a: Comfey|Comfey, L85, M|123/225\n|move|p2a: Poliwrath|Liquidation|p1a: Comfey\n|-damage|p1a: Comfey|24/225\n|\n|-heal|p1a: Comfey|38/225|[from] item: Leftovers\n|upkeep\n|turn|29\n|inactive|Reulsen has 120 seconds left.\n|\n|t:|1781455628\n|move|p1a: Comfey|Draining Kiss|p2a: Poliwrath\n|-resisted|p2a: Poliwrath\n|-damage|p2a: Poliwrath|227/302\n|-heal|p1a: Comfey|49/225|[from] drain|[of] p2a: Poliwrath\n|move|p2a: Poliwrath|Liquidation|p1a: Comfey\n|-damage|p1a: Comfey|0 fnt\n|faint|p1a: Comfey\n|\n|upkeep\n|\n|t:|1781455635\n|switch|p1a: Glalie|Glalie, L96, M|3/309\n|turn|30\n|inactive|Reulsen has 120 seconds left.\n|\n|t:|1781455651\n|move|p1a: Glalie|Spikes|p2a: Poliwrath\n|-sidestart|p2: Reulsen|Spikes\n|move|p2a: Poliwrath|Knock Off|p1a: Glalie\n|-damage|p1a: Glalie|0 fnt\n|-enditem|p1a: Glalie|Heavy-Duty Boots|[from] move: Knock Off|[of] p2a: Poliwrath\n|faint|p1a: Glalie\n|\n|upkeep\n|\n|t:|1781455655\n|switch|p1a: Garganacl|Garganacl, L80, F|291/291\n|turn|31\n|\n|t:|1781455659\n|move|p2a: Poliwrath|Liquidation|p1a: Garganacl\n|-supereffective|p1a: Garganacl\n|-damage|p1a: Garganacl|145/291\n|move|p1a: Garganacl|Stealth Rock|p2a: Poliwrath\n|-sidestart|p2: Reulsen|move: Stealth Rock\n|\n|-heal|p1a: Garganacl|163/291|[from] item: Leftovers\n|upkeep\n|turn|32\n|\n|t:|1781455667\n|move|p2a: Poliwrath|Liquidation|p1a: Garganacl\n|-supereffective|p1a: Garganacl\n|-damage|p1a: Garganacl|7/291\n|move|p1a: Garganacl|Salt Cure|p2a: Poliwrath\n|-resisted|p2a: Poliwrath\n|-damage|p2a: Poliwrath|209/302\n|-start|p2a: Poliwrath|Salt Cure\n|\n|-heal|p1a: Garganacl|25/291|[from] item: Leftovers\n|-damage|p2a: Poliwrath|134/302|[from] Salt Cure\n|upkeep\n|turn|33\n|\n|t:|1781455679\n|move|p2a: Poliwrath|Liquidation|p1a: Garganacl\n|-supereffective|p1a: Garganacl\n|-damage|p1a: Garganacl|0 fnt\n|faint|p1a: Garganacl\n|\n|-damage|p2a: Poliwrath|59/302|[from] Salt Cure\n|upkeep\n|\n|t:|1781455681\n|switch|p1a: Bellossom|Bellossom, L84, F|263/263\n|turn|34\n|\n|t:|1781455688\n|move|p2a: Poliwrath|Close Combat|p1a: Bellossom\n|-damage|p1a: Bellossom|125/263\n|-unboost|p2a: Poliwrath|def|1\n|-unboost|p2a: Poliwrath|spd|1\n|move|p1a: Bellossom|Quiver Dance|p1a: Bellossom\n|-boost|p1a: Bellossom|spa|1\n|-boost|p1a: Bellossom|spd|1\n|-boost|p1a: Bellossom|spe|1\n|\n|-damage|p2a: Poliwrath|0 fnt|[from] Salt Cure\n|faint|p2a: Poliwrath\n|upkeep\n|\n|t:|1781455695\n|switch|p2a: Baxcalibur|Baxcalibur, L75, F|205/295\n|-damage|p2a: Baxcalibur|156/295|[from] Spikes\n|-damage|p2a: Baxcalibur|83/295|[from] Stealth Rock\n|turn|35\n|\n|t:|1781455700\n|move|p2a: Baxcalibur|Ice Shard|p1a: Bellossom\n|-supereffective|p1a: Bellossom\n|-damage|p1a: Bellossom|0 fnt\n|faint|p1a: Bellossom\n|\n|win|Reulsen\n", "uploadtime": 1781455256, "views": 3, "formatid": "gen9randombattle", "rating": null, "private": 0, "password": null}