{"id": "gen9randombattle-2631570138", "format": "[Gen 9] Random Battle", "players": ["Imonlyat25powerbtw", "leanpicachu"], "log": "|j|\u2606Imonlyat25powerbtw\n|j|\u2606leanpicachu\n|t:|1781402725\n|gametype|singles\n|player|p1|Imonlyat25powerbtw|101|\n|player|p2|leanpicachu|ash|\n|gen|9\n|tier|[Gen 9] Random Battle\n|rule|Species Clause: Limit one of each Pok\u00e9mon\n|rule|HP Percentage Mod: HP is shown in percentages\n|rule|Sleep Clause Mod: Limit one foe put to sleep\n|rule|Illusion Level Mod: Illusion disguises the Pok\u00e9mon's true level\n|\n|t:|1781402725\n|teamsize|p1|6\n|teamsize|p2|6\n|start\n|switch|p1a: Crabominable|Crabominable, L90, F|321/321\n|switch|p2a: Sylveon|Sylveon, L85, F|300/300\n|turn|1\n|\n|t:|1781402749\n|move|p2a: Sylveon|Calm Mind|p2a: Sylveon\n|-boost|p2a: Sylveon|spa|1\n|-boost|p2a: Sylveon|spd|1\n|move|p1a: Crabominable|Ice Hammer|p2a: Sylveon\n|-damage|p2a: Sylveon|86/300\n|-unboost|p1a: Crabominable|spe|1\n|\n|-heal|p2a: Sylveon|104/300|[from] item: Leftovers\n|upkeep\n|turn|2\n|\n|t:|1781402784\n|move|p2a: Sylveon|Hyper Voice|p1a: Crabominable\n|-supereffective|p1a: Crabominable\n|-damage|p1a: Crabominable|21/321\n|move|p1a: Crabominable|Ice Hammer|p2a: Sylveon\n|-damage|p2a: Sylveon|0 fnt\n|-unboost|p1a: Crabominable|spe|1\n|faint|p2a: Sylveon\n|\n|upkeep\n|\n|t:|1781402802\n|switch|p2a: Golem|Golem, L87, M|281/281\n|turn|3\n|\n|t:|1781402935\n|move|p2a: Golem|Earthquake|p1a: Crabominable\n|-damage|p1a: Crabominable|0 fnt\n|faint|p1a: Crabominable\n|\n|upkeep\n|\n|t:|1781402943\n|switch|p1a: Palkia|Palkia, L75|259/259\n|-ability|p1a: Palkia|Pressure\n|turn|4\n|\n|t:|1781402982\n|switch|p1a: Chandelure|Chandelure, L83, F|235/235\n|move|p2a: Golem|Rock Polish|p2a: Golem\n|-boost|p2a: Golem|spe|2\n|\n|upkeep\n|turn|5\n|l|\u2606leanpicachu\n|player|p2|\n|inactive|Battle timer is ON: inactive players will automatically lose when time's up. (requested by Imonlyat25powerbtw)\n|inactiveoff|Battle timer is now OFF.\n|j|\u2606leanpicachu\n|player|p2|leanpicachu|ash|\n|\n|t:|1781403049\n|move|p1a: Chandelure|Energy Ball|p2a: Golem\n|-supereffective|p2a: Golem\n|-ability|p2a: Golem|Sturdy\n|-damage|p2a: Golem|1/281\n|-enditem|p2a: Golem|Weakness Policy\n|-boost|p2a: Golem|atk|2|[from] item: Weakness Policy\n|-boost|p2a: Golem|spa|2|[from] item: Weakness Policy\n|move|p2a: Golem|Stone Edge|p1a: Chandelure|[miss]\n|-miss|p2a: Golem|p1a: Chandelure\n|\n|upkeep\n|turn|6\n|\n|t:|1781403077\n|move|p1a: Chandelure|Energy Ball|p2a: Golem\n|-supereffective|p2a: Golem\n|-damage|p2a: Golem|0 fnt\n|faint|p2a: Golem\n|\n|upkeep\n|\n|t:|1781403141\n|switch|p2a: Reshiram|Reshiram, L76|277/277\n|-ability|p2a: Reshiram|Turboblaze\n|turn|7\n|\n|t:|1781403254\n|switch|p1a: Mesprit|Mesprit, L85|275/275\n|move|p2a: Reshiram|Earth Power|p1a: Mesprit\n|-damage|p1a: Mesprit|214/275\n|\n|upkeep\n|turn|8\n|\n|t:|1781403279\n|move|p1a: Mesprit|Dazzling Gleam|p2a: Reshiram\n|-damage|p2a: Reshiram|220/277\n|move|p2a: Reshiram|Blue Flare|p1a: Mesprit\n|-damage|p1a: Mesprit|75/275\n|\n|upkeep\n|turn|9\n|\n|t:|1781403297\n|move|p1a: Mesprit|Dazzling Gleam|p2a: Reshiram\n|-damage|p2a: Reshiram|164/277\n|move|p2a: Reshiram|Blue Flare|p1a: Mesprit\n|-damage|p1a: Mesprit|0 fnt\n|faint|p1a: Mesprit\n|\n|upkeep\n|\n|t:|1781403314\n|switch|p1a: Squawkabilly|Squawkabilly-Yellow, L89, M|291/291\n|turn|10\n|\n|t:|1781403378\n|move|p1a: Squawkabilly|Double-Edge|p2a: Reshiram|[miss]\n|-miss|p1a: Squawkabilly|p2a: Reshiram\n|move|p2a: Reshiram|Draco Meteor|p1a: Squawkabilly\n|-damage|p1a: Squawkabilly|60/291\n|-unboost|p2a: Reshiram|spa|2\n|\n|upkeep\n|turn|11\n|\n|t:|1781403387\n|move|p1a: Squawkabilly|Double-Edge|p2a: Reshiram\n|-damage|p2a: Reshiram|0 fnt\n|faint|p2a: Reshiram\n|-damage|p1a: Squawkabilly|6/291|[from] Recoil\n|\n|upkeep\n|\n|t:|1781403413\n|switch|p2a: Flutter Mane|Flutter Mane, L74|203/203\n|turn|12\n|\n|t:|1781403472\n|move|p2a: Flutter Mane|Moonblast|p1a: Squawkabilly\n|-damage|p1a: Squawkabilly|0 fnt\n|faint|p1a: Squawkabilly\n|\n|upkeep\n|\n|t:|1781403477\n|switch|p1a: Chandelure|Chandelure, L83, F|235/235\n|turn|13\n|\n|t:|1781403483\n|-end|p2a: Flutter Mane|Protosynthesis|[silent]\n|switch|p2a: Garchomp|Garchomp, L74, F|282/282\n|move|p1a: Chandelure|Shadow Ball|p2a: Garchomp\n|-damage|p2a: Garchomp|156/282\n|\n|upkeep\n|turn|14\n|\n|t:|1781403532\n|switch|p1a: Palkia|Palkia, L75|259/259\n|-ability|p1a: Palkia|Pressure\n|-terastallize|p2a: Garchomp|Ground\n|move|p2a: Garchomp|Earthquake|p1a: Palkia\n|-damage|p1a: Palkia|119/259\n|\n|upkeep\n|turn|15\n|\n|t:|1781403550\n|move|p2a: Garchomp|Scale Shot|p1a: Palkia\n|-supereffective|p1a: Palkia\n|-damage|p1a: Palkia|69/259\n|-supereffective|p1a: Palkia\n|-damage|p1a: Palkia|15/259\n|-supereffective|p1a: Palkia\n|-damage|p1a: Palkia|0 fnt\n|faint|p1a: Palkia\n|-hitcount|p1: Palkia|3\n|-unboost|p2a: Garchomp|def|1\n|-boost|p2a: Garchomp|spe|1\n|\n|upkeep\n|\n|t:|1781403588\n|switch|p1a: Rabsca|Rabsca, L91, F|284/284\n|turn|16\n|\n|t:|1781403601\n|move|p2a: Garchomp|Fire Fang|p1a: Rabsca\n|-supereffective|p1a: Rabsca\n|-damage|p1a: Rabsca|194/284\n|move|p1a: Rabsca|Revival Blessing|p1a: Rabsca\n|\n|t:|1781403656\n|-heal|p1: Palkia|129/259|[from] move: Revival Blessing\n|\n|upkeep\n|turn|17\n|\n|t:|1781403674\n|move|p2a: Garchomp|Scale Shot|p1a: Rabsca\n|-damage|p1a: Rabsca|170/284\n|-damage|p1a: Rabsca|143/284\n|-damage|p1a: Rabsca|115/284\n|-damage|p1a: Rabsca|90/284\n|-damage|p1a: Rabsca|63/284\n|-hitcount|p1a: Rabsca|5\n|-unboost|p2a: Garchomp|def|1\n|-boost|p2a: Garchomp|spe|1\n|move|p1a: Rabsca|Psychic|p2a: Garchomp\n|-damage|p2a: Garchomp|18/282\n|\n|upkeep\n|turn|18\n|\n|t:|1781403690\n|move|p2a: Garchomp|Scale Shot|p1a: Rabsca\n|-damage|p1a: Rabsca|39/284\n|-damage|p1a: Rabsca|14/284\n|-damage|p1a: Rabsca|0 fnt\n|faint|p1a: Rabsca\n|-hitcount|p1: Rabsca|3\n|-unboost|p2a: Garchomp|def|1\n|-boost|p2a: Garchomp|spe|1\n|\n|upkeep\n|\n|t:|1781403711\n|switch|p1a: Palkia|Palkia, L75|129/259\n|-ability|p1a: Palkia|Pressure\n|turn|19\n|\n|t:|1781403723\n|move|p2a: Garchomp|Scale Shot|p1a: Palkia\n|-supereffective|p1a: Palkia\n|-damage|p1a: Palkia|73/259\n|-supereffective|p1a: Palkia\n|-damage|p1a: Palkia|19/259\n|-supereffective|p1a: Palkia\n|-damage|p1a: Palkia|0 fnt\n|faint|p1a: Palkia\n|-hitcount|p1: Palkia|3\n|-unboost|p2a: Garchomp|def|1\n|-boost|p2a: Garchomp|spe|1\n|\n|upkeep\n|\n|t:|1781403732\n|switch|p1a: Chandelure|Chandelure, L83, F|235/235\n|turn|20\n|\n|t:|1781403749\n|-terastallize|p1a: Chandelure|Fire\n|move|p2a: Garchomp|Earthquake|p1a: Chandelure\n|-supereffective|p1a: Chandelure\n|-crit|p1a: Chandelure\n|-damage|p1a: Chandelure|0 fnt\n|faint|p1a: Chandelure\n|\n|win|leanpicachu\n|l|\u2606Imonlyat25powerbtw\n|player|p1|\n", "inputlog": ">version a8376a258c1d4662feba110a92103f3664a72141\n>start {\"formatid\":\"gen9randombattle\",\"seed\":\"sodium,f82590a3ba3a5ecc44067875f77ef44f\"}\n>player p1 {\"name\":\"Imonlyat25powerbtw\",\"avatar\":\"101\",\"rating\":0,\"seed\":\"sodium,16a0b44df7f9d815723d9b0818004844\"}\n>player p2 {\"name\":\"leanpicachu\",\"avatar\":\"ash\",\"rating\":0,\"seed\":\"sodium,33ce8156a6f0d17da936cbf620f4a8a7\"}\n>p1 move icehammer\n>p2 move calmmind\n>p1 move icehammer\n>p2 move hypervoice\n>p2 switch 5\n>p1 move drainpunch\n>p2 move earthquake\n>p1 switch 4\n>p1 switch 2\n>p2 move rockpolish\n>p1 move energyball\n>p2 move stoneedge\n>p1 move energyball\n>p2 move earthquake\n>p2 switch 4\n>p1 switch 6\n>p2 move earthpower\n>p1 move dazzlinggleam\n>p2 move blueflare\n>p1 move dazzlinggleam\n>p2 move blueflare\n>p1 switch 5\n>p1 move doubleedge\n>p2 move dracometeor\n>p1 move doubleedge\n>p2 move dracometeor\n>p2 switch 2\n>p1 move doubleedge\n>p2 move moonblast\n>p1 switch 6\n>p1 move shadowball\n>p2 switch 6\n>p1 switch 2\n>p2 move earthquake terastallize\n>p1 move hydropump\n>p2 move scaleshot\n>p1 switch 3\n>p1 move revivalblessing\n>p2 move firefang\n>p1 switch 3\n>p1 move psychic\n>p2 move scaleshot\n>p1 move psychic\n>p2 move scaleshot\n>p1 switch 3\n>p1 move dracometeor\n>p2 move scaleshot\n>p1 switch 2\n>p1 move shadowball terastallize\n>p2 move earthquake", "uploadtime": 1781404923, "views": 10, "formatid": "gen9randombattle", "rating": null, "private": 0, "password": null}