{"id": "gen9randombattle-2631467574", "format": "[Gen 9] Random Battle", "players": ["rhinoshark007", "Sekkari-"], "log": "|badge|p1|bronze|gen9randombattle|100-9\n|uhtml|medal-msg|<div class=\"broadcast-blue\">Curious what those medals under the avatar are? PS now has Ladder Seasons! For more information, check out the <a href=\"https://www.smogon.com/forums/threads/3740067/\">thread on Smogon.</a></div>\n|j|\u2606rhinoshark007\n|j|\u2606Sekkari-\n|t:|1781388360\n|gametype|singles\n|player|p1|rhinoshark007|elesa|2351\n|player|p2|Sekkari-|170|2246\n|gen|9\n|tier|[Gen 9] Random Battle\n|rated|\n|rule|Species Clause: Limit one of each Pok\u00e9mon\n|rule|HP Percentage Mod: HP is shown in percentages\n|rule|Sleep Clause Mod: Limit one foe put to sleep\n|rule|Illusion Level Mod: Illusion disguises the Pok\u00e9mon's true level\n|\n|t:|1781388360\n|teamsize|p1|6\n|teamsize|p2|6\n|start\n|switch|p1a: Wyrdeer|Wyrdeer, L87, M|321/321\n|switch|p2a: Slowking|Slowking-Galar, L85, F|300/300\n|-ability|p1a: Wyrdeer|Intimidate|boost\n|-unboost|p2a: Slowking|atk|1\n|turn|1\n|inactive|Battle timer is ON: inactive players will automatically lose when time's up. (requested by rhinoshark007)\n|\n|t:|1781388378\n|move|p1a: Wyrdeer|Earthquake|p2a: Slowking\n|-supereffective|p2a: Slowking\n|-damage|p2a: Slowking|124/300\n|move|p2a: Slowking|Sludge Bomb|p1a: Wyrdeer\n|-damage|p1a: Wyrdeer|204/321\n|\n|-heal|p1a: Wyrdeer|224/321|[from] item: Leftovers\n|-heal|p2a: Slowking|142/300|[from] item: Leftovers\n|upkeep\n|turn|2\n|\n|t:|1781388389\n|switch|p2a: Bombirdier|Bombirdier, L85, M|258/258\n|move|p1a: Wyrdeer|Thunder Wave|p2a: Bombirdier\n|-status|p2a: Bombirdier|par\n|\n|-heal|p1a: Wyrdeer|244/321|[from] item: Leftovers\n|upkeep\n|turn|3\n|\n|t:|1781388398\n|switch|p1a: Vaporeon|Vaporeon, L86, F|364/364\n|move|p2a: Bombirdier|Stealth Rock|p1a: Vaporeon\n|-sidestart|p1: rhinoshark007|move: Stealth Rock\n|\n|upkeep\n|turn|4\n|\n|t:|1781388405\n|switch|p2a: Exeggutor|Exeggutor, L89, M|312/312\n|move|p1a: Vaporeon|Calm Mind|p1a: Vaporeon\n|-boost|p1a: Vaporeon|spa|1\n|-boost|p1a: Vaporeon|spd|1\n|\n|upkeep\n|turn|5\n|\n|t:|1781388412\n|move|p1a: Vaporeon|Calm Mind|p1a: Vaporeon\n|-boost|p1a: Vaporeon|spa|1\n|-boost|p1a: Vaporeon|spd|1\n|move|p2a: Exeggutor|Substitute|p2a: Exeggutor\n|-start|p2a: Exeggutor|Substitute\n|-damage|p2a: Exeggutor|234/312\n|\n|upkeep\n|turn|6\n|\n|t:|1781388419\n|move|p1a: Vaporeon|Scald|p2a: Exeggutor\n|-resisted|p2a: Exeggutor\n|-end|p2a: Exeggutor|Substitute\n|move|p2a: Exeggutor|Calm Mind|p2a: Exeggutor\n|-boost|p2a: Exeggutor|spa|1\n|-boost|p2a: Exeggutor|spd|1\n|\n|upkeep\n|turn|7\n|\n|t:|1781388424\n|move|p1a: Vaporeon|Scald|p2a: Exeggutor\n|-resisted|p2a: Exeggutor\n|-damage|p2a: Exeggutor|161/312\n|move|p2a: Exeggutor|Substitute|p2a: Exeggutor\n|-start|p2a: Exeggutor|Substitute\n|-damage|p2a: Exeggutor|83/312\n|-enditem|p2a: Exeggutor|Sitrus Berry|[eat]\n|-heal|p2a: Exeggutor|161/312|[from] item: Sitrus Berry\n|\n|-item|p2a: Exeggutor|Sitrus Berry|[from] ability: Harvest\n|upkeep\n|turn|8\n|\n|t:|1781388430\n|move|p1a: Vaporeon|Calm Mind|p1a: Vaporeon\n|-boost|p1a: Vaporeon|spa|1\n|-boost|p1a: Vaporeon|spd|1\n|move|p2a: Exeggutor|Calm Mind|p2a: Exeggutor\n|-boost|p2a: Exeggutor|spa|1\n|-boost|p2a: Exeggutor|spd|1\n|\n|upkeep\n|turn|9\n|\n|t:|1781388439\n|move|p1a: Vaporeon|Calm Mind|p1a: Vaporeon\n|-boost|p1a: Vaporeon|spa|1\n|-boost|p1a: Vaporeon|spd|1\n|move|p2a: Exeggutor|Calm Mind|p2a: Exeggutor\n|-boost|p2a: Exeggutor|spa|1\n|-boost|p2a: Exeggutor|spd|1\n|\n|upkeep\n|turn|10\n|\n|t:|1781388441\n|move|p1a: Vaporeon|Calm Mind|p1a: Vaporeon\n|-boost|p1a: Vaporeon|spa|1\n|-boost|p1a: Vaporeon|spd|1\n|move|p2a: Exeggutor|Calm Mind|p2a: Exeggutor\n|-boost|p2a: Exeggutor|spa|1\n|-boost|p2a: Exeggutor|spd|1\n|\n|upkeep\n|turn|11\n|\n|t:|1781388442\n|move|p1a: Vaporeon|Calm Mind|p1a: Vaporeon\n|-boost|p1a: Vaporeon|spa|1\n|-boost|p1a: Vaporeon|spd|1\n|move|p2a: Exeggutor|Calm Mind|p2a: Exeggutor\n|-boost|p2a: Exeggutor|spa|1\n|-boost|p2a: Exeggutor|spd|1\n|\n|upkeep\n|turn|12\n|\n|t:|1781388445\n|move|p1a: Vaporeon|Scald|p2a: Exeggutor\n|-resisted|p2a: Exeggutor\n|-activate|p2a: Exeggutor|move: Substitute|[damage]\n|move|p2a: Exeggutor|Calm Mind|p2a: Exeggutor\n|-boost|p2a: Exeggutor|spa|1\n|-boost|p2a: Exeggutor|spd|1\n|\n|upkeep\n|turn|13\n|\n|t:|1781388449\n|move|p1a: Vaporeon|Wish|p1a: Vaporeon\n|move|p2a: Exeggutor|Giga Drain|p1a: Vaporeon\n|-supereffective|p1a: Vaporeon\n|-damage|p1a: Vaporeon|158/364\n|-heal|p2a: Exeggutor|264/312|[from] drain|[of] p1a: Vaporeon\n|\n|-heal|p1a: Vaporeon|180/364|[from] item: Leftovers\n|upkeep\n|turn|14\n|-message|rhinoshark007 forfeited.\n|\n|win|Sekkari-\n", "inputlog": ">version a8376a258c1d4662feba110a92103f3664a72141\n>start {\"formatid\":\"gen9randombattle\",\"seed\":\"sodium,7d871dc646a5890f7f9fe27d8d22981c\",\"rated\":\"Rated battle\"}\n>player p1 {\"name\":\"rhinoshark007\",\"avatar\":\"elesa\",\"rating\":2351,\"seed\":\"sodium,3cddd2033707855f75b81aa43e76454b\"}\n>player p2 {\"name\":\"Sekkari-\",\"avatar\":\"170\",\"rating\":2246,\"seed\":\"sodium,f10fe59f1c6364faa9623f2f5b803ddf\"}\n>p1 move earthquake\n>p2 move sludgebomb\n>p1 move thunderwave\n>p2 switch 6\n>p1 switch 5\n>p2 move stealthrock\n>p1 move calmmind\n>p2 switch 4\n>p1 move calmmind\n>p2 move substitute\n>p1 move scald\n>p2 move calmmind\n>p1 move scald\n>p2 move substitute\n>p1 move calmmind\n>p2 move calmmind\n>p1 move calmmind\n>p2 move calmmind\n>p1 move calmmind\n>p2 move calmmind\n>p1 move calmmind\n>p2 move calmmind\n>p1 move scald\n>p2 move calmmind\n>p1 move wish\n>p2 move gigadrain\n>forcelose p1", "uploadtime": 1781388362, "views": 5, "formatid": "gen9randombattle", "rating": null, "private": 0, "password": null}