{"id": "gen9randombattle-2631939329", "format": "[Gen 9] Random Battle", "players": ["whatisnexthuh", "memebraker"], "log": "|j|\u2606whatisnexthuh\n|j|\u2606memebraker\n|t:|1781457841\n|gametype|singles\n|player|p1|whatisnexthuh|aromalady|2194\n|player|p2|memebraker|bugcatcher-gen4dp|2175\n|gen|9\n|tier|[Gen 9] Random Battle\n|rated|\n|rule|Species Clause: Limit one of each Pok\u00e9mon\n|rule|HP Percentage Mod: HP is shown in percentages\n|rule|Sleep Clause Mod: Limit one foe put to sleep\n|rule|Illusion Level Mod: Illusion disguises the Pok\u00e9mon's true level\n|\n|t:|1781457841\n|teamsize|p1|6\n|teamsize|p2|6\n|start\n|switch|p1a: Dewgong|Dewgong, L94, M|322/322\n|switch|p2a: Appletun|Appletun, L92, M|352/352\n|turn|1\n|inactive|Battle timer is ON: inactive players will automatically lose when time's up. (requested by memebraker)\n|inactive|whatisnexthuh has 120 seconds left.\n|inactive|whatisnexthuh has 90 seconds left.\n|inactive|memebraker has 120 seconds left.\n|inactive|whatisnexthuh has 60 seconds left.\n|inactive|memebraker has 90 seconds left.\n|inactive|memebraker has 60 seconds left.\n|inactive|memebraker has 30 seconds left.\n|\n|t:|1781458041\n|switch|p2a: Politoed|Politoed, L88, F|302/302\n|-weather|RainDance|[from] ability: Drizzle|[of] p2a: Politoed\n|move|p1a: Dewgong|Knock Off|p2a: Politoed\n|-damage|p2a: Politoed|228/302\n|-enditem|p2a: Politoed|Chesto Berry|[from] move: Knock Off|[of] p1a: Dewgong\n|\n|-weather|RainDance|[upkeep]\n|upkeep\n|turn|2\n|inactive|whatisnexthuh has 120 seconds left.\n|inactive|memebraker has 90 seconds left.\n|inactive|whatisnexthuh has 90 seconds left.\n|\n|t:|1781458087\n|move|p1a: Dewgong|Surf|p2a: Politoed\n|-resisted|p2a: Politoed\n|-damage|p2a: Politoed|168/302\n|move|p2a: Politoed|Hypnosis|p1a: Dewgong\n|-status|p1a: Dewgong|slp|[from] move: Hypnosis\n|\n|-weather|RainDance|[upkeep]\n|upkeep\n|turn|3\n|inactive|memebraker has 90 seconds left.\n|\n|t:|1781458095\n|switch|p2a: Appletun|Appletun, L92, M|352/352\n|cant|p1a: Dewgong|slp\n|\n|-weather|RainDance|[upkeep]\n|upkeep\n|turn|4\n|inactive|whatisnexthuh has 90 seconds left.\n|\n|t:|1781458106\n|cant|p1a: Dewgong|slp\n|move|p2a: Appletun|Leech Seed|p1a: Dewgong\n|-start|p1a: Dewgong|move: Leech Seed\n|\n|-weather|RainDance|[upkeep]\n|-damage|p1a: Dewgong|282/322 slp|[from] Leech Seed|[of] p2a: Appletun\n|upkeep\n|turn|5\n|\n|t:|1781458113\n|switch|p2a: Politoed|Politoed, L88, F|168/302\n|cant|p1a: Dewgong|slp\n|\n|-weather|none\n|-damage|p1a: Dewgong|242/322 slp|[from] Leech Seed|[of] p2a: Politoed\n|-heal|p2a: Politoed|208/302|[silent]\n|upkeep\n|turn|6\n|\n|t:|1781458120\n|-curestatus|p1a: Dewgong|slp|[msg]\n|move|p1a: Dewgong|Flip Turn|p2a: Politoed\n|-resisted|p2a: Politoed\n|-damage|p2a: Politoed|173/302\n|\n|t:|1781458121\n|switch|p1a: Necrozma|Necrozma, L80|286/286|[from] Flip Turn\n|move|p2a: Politoed|Hypnosis|p1a: Necrozma|[miss]\n|-miss|p2a: Politoed|p1a: Necrozma\n|\n|upkeep\n|turn|7\n|inactive|memebraker has 120 seconds left.\n|\n|t:|1781458143\n|switch|p2a: Copperajah|Copperajah, L86, F|349/349\n|move|p1a: Necrozma|Photon Geyser|p2a: Copperajah\n|-resisted|p2a: Copperajah\n|-damage|p2a: Copperajah|283/349\n|\n|upkeep\n|turn|8\n|inactive|whatisnexthuh has 120 seconds left.\n|inactive|whatisnexthuh has 90 seconds left.\n|inactive|whatisnexthuh has 60 seconds left.\n|\n|t:|1781458225\n|move|p1a: Necrozma|Earth Power|p2a: Copperajah\n|-supereffective|p2a: Copperajah\n|-damage|p2a: Copperajah|107/349\n|move|p2a: Copperajah|Knock Off|p1a: Necrozma\n|-supereffective|p1a: Necrozma\n|-damage|p1a: Necrozma|88/286\n|-enditem|p1a: Necrozma|Leftovers|[from] move: Knock Off|[of] p2a: Copperajah\n|\n|upkeep\n|turn|9\n|inactive|memebraker has 90 seconds left.\n|\n|t:|1781458259\n|switch|p2a: Delibird|Delibird, M|252/252\n|move|p1a: Necrozma|Moonlight|p1a: Necrozma\n|-heal|p1a: Necrozma|231/286\n|\n|upkeep\n|turn|10\n|\n|t:|1781458282\n|move|p2a: Delibird|Spikes|p1a: Necrozma\n|-sidestart|p1: whatisnexthuh|Spikes\n|move|p1a: Necrozma|Photon Geyser|p2a: Delibird\n|-damage|p2a: Delibird|80/252\n|\n|upkeep\n|turn|11\n|\n|t:|1781458292\n|move|p2a: Delibird|Spikes|p1a: Necrozma\n|-sidestart|p1: whatisnexthuh|Spikes\n|move|p1a: Necrozma|Photon Geyser|p2a: Delibird\n|-damage|p2a: Delibird|0 fnt\n|faint|p2a: Delibird\n|\n|upkeep\n|\n|t:|1781458297\n|switch|p2a: Hydreigon|Hydreigon, L79, M|275/275\n|turn|12\n|inactive|whatisnexthuh has 30 seconds left.\n|inactive|whatisnexthuh has 20 seconds left.\n|inactive|whatisnexthuh has 15 seconds left.\n|inactive|whatisnexthuh has 10 seconds left.\n|inactive|whatisnexthuh has 5 seconds left.\n|\n|t:|1781458353\n|switch|p1a: Garganacl|Garganacl, L80, M|291/291\n|-damage|p1a: Garganacl|243/291|[from] Spikes\n|move|p2a: Hydreigon|Dark Pulse|p1a: Garganacl\n|-damage|p1a: Garganacl|104/291\n|\n|-heal|p1a: Garganacl|122/291|[from] item: Leftovers\n|upkeep\n|turn|13\n|inactive|whatisnexthuh has 15 seconds left this turn.\n|inactive|whatisnexthuh has 10 seconds left.\n|\n|t:|1781458359\n|move|p2a: Hydreigon|Dark Pulse|p1a: Garganacl\n|-damage|p1a: Garganacl|0 fnt\n|faint|p1a: Garganacl\n|\n|upkeep\n|inactive|whatisnexthuh has 15 seconds left this turn.\n|inactive|whatisnexthuh has 10 seconds left.\n|\n|t:|1781458366\n|switch|p1a: Incineroar|Incineroar, L82, F|290/290\n|-ability|p1a: Incineroar|Intimidate|boost\n|-unboost|p2a: Hydreigon|atk|1\n|turn|14\n|inactive|whatisnexthuh has 20 seconds left this turn.\n|\n|t:|1781458370\n|switch|p2a: Appletun|Appletun, L92, M|352/352\n|move|p1a: Incineroar|Swords Dance|p1a: Incineroar\n|-boost|p1a: Incineroar|atk|2\n|\n|upkeep\n|turn|15\n|inactive|whatisnexthuh has 30 seconds left this turn.\n|inactive|whatisnexthuh has 20 seconds left.\n|inactive|whatisnexthuh has 15 seconds left.\n|\n|t:|1781458386\n|move|p1a: Incineroar|Knock Off|p2a: Appletun\n|-damage|p2a: Appletun|136/352\n|-enditem|p2a: Appletun|Leftovers|[from] move: Knock Off|[of] p1a: Incineroar\n|move|p2a: Appletun|Apple Acid|p1a: Incineroar\n|-resisted|p1a: Incineroar\n|-damage|p1a: Incineroar|235/290\n|-unboost|p1a: Incineroar|spd|1\n|\n|upkeep\n|turn|16\n|inactive|whatisnexthuh has 25 seconds left this turn.\n|inactive|whatisnexthuh has 20 seconds left.\n|inactive|whatisnexthuh has 15 seconds left.\n|inactive|whatisnexthuh has 10 seconds left.\n|\n|t:|1781458401\n|move|p1a: Incineroar|Knock Off|p2a: Appletun\n|-damage|p2a: Appletun|0 fnt\n|faint|p2a: Appletun\n|\n|upkeep\n|\n|t:|1781458407\n|switch|p2a: Politoed|Politoed, L88, F|173/302\n|-weather|RainDance|[from] ability: Drizzle|[of] p2a: Politoed\n|turn|17\n|inactive|whatisnexthuh has 25 seconds left this turn.\n|inactive|whatisnexthuh has 20 seconds left.\n|inactive|whatisnexthuh has 15 seconds left.\n|\n|t:|1781458419\n|-terastallize|p1a: Incineroar|Grass\n|move|p2a: Politoed|Hydro Pump|p1a: Incineroar\n|-resisted|p1a: Incineroar\n|-damage|p1a: Incineroar|94/290\n|move|p1a: Incineroar|Trailblaze|p2a: Politoed\n|-supereffective|p2a: Politoed\n|-damage|p2a: Politoed|0 fnt\n|-boost|p1a: Incineroar|spe|1\n|faint|p2a: Politoed\n|\n|-weather|RainDance|[upkeep]\n|upkeep\n|\n|t:|1781458432\n|switch|p2a: Hydreigon|Hydreigon, L79, M|275/275\n|turn|18\n|inactive|whatisnexthuh has 30 seconds left this turn.\n|inactive|whatisnexthuh has 20 seconds left.\n|inactive|whatisnexthuh has 15 seconds left.\n|inactive|whatisnexthuh has 10 seconds left.\n|\n|t:|1781458453\n|move|p1a: Incineroar|Knock Off|p2a: Hydreigon\n|-resisted|p2a: Hydreigon\n|-damage|p2a: Hydreigon|159/275\n|-enditem|p2a: Hydreigon|Choice Specs|[from] move: Knock Off|[of] p1a: Incineroar\n|move|p2a: Hydreigon|Dark Pulse|p1a: Incineroar\n|-damage|p1a: Incineroar|0 fnt\n|faint|p1a: Incineroar\n|\n|-weather|RainDance|[upkeep]\n|upkeep\n|inactive|whatisnexthuh has 15 seconds left this turn.\n|inactive|whatisnexthuh has 10 seconds left.\n|\n|t:|1781458463\n|switch|p1a: Dewgong|Dewgong, L94, M|242/322\n|-damage|p1a: Dewgong|189/322|[from] Spikes\n|turn|19\n|inactive|whatisnexthuh has 20 seconds left this turn.\n|\n|t:|1781458479\n|move|p2a: Hydreigon|Dark Pulse|p1a: Dewgong\n|-damage|p1a: Dewgong|138/322\n|cant|p1a: Dewgong|flinch\n|\n|-weather|RainDance|[upkeep]\n|upkeep\n|turn|20\n|inactive|whatisnexthuh has 30 seconds left this turn.\n|\n|t:|1781458486\n|move|p2a: Hydreigon|U-turn|p1a: Dewgong\n|-damage|p1a: Dewgong|95/322\n|\n|t:|1781458488\n|switch|p2a: Copperajah|Copperajah, L86, F|107/349|[from] U-turn\n|move|p1a: Dewgong|Triple Axel|p2a: Copperajah\n|-resisted|p2a: Copperajah\n|-damage|p2a: Copperajah|95/349\n|-resisted|p2a: Copperajah\n|-damage|p2a: Copperajah|71/349\n|-hitcount|p2a: Copperajah|2\n|\n|-weather|RainDance|[upkeep]\n|upkeep\n|turn|21\n|\n|t:|1781458499\n|move|p1a: Dewgong|Surf|p2a: Copperajah\n|-damage|p2a: Copperajah|0 fnt\n|faint|p2a: Copperajah\n|\n|-weather|none\n|upkeep\n|\n|t:|1781458502\n|switch|p2a: Metagross|Metagross, L79|256/256\n|turn|22\n|\n|t:|1781458515\n|move|p1a: Dewgong|Surf|p2a: Metagross\n|-damage|p2a: Metagross|160/256\n|move|p2a: Metagross|Heavy Slam|p1a: Dewgong\n|-crit|p1a: Dewgong\n|-damage|p1a: Dewgong|0 fnt\n|faint|p1a: Dewgong\n|\n|upkeep\n|inactive|whatisnexthuh has 30 seconds left.\n|\n|t:|1781458539\n|switch|p1a: Thundurus|Thundurus-Therian, L80, M|258/258\n|turn|23\n|\n|t:|1781458547\n|-terastallize|p2a: Metagross|Ground\n|move|p1a: Thundurus|Thunderbolt|p2a: Metagross\n|-immune|p2a: Metagross\n|move|p2a: Metagross|Agility|p2a: Metagross\n|-boost|p2a: Metagross|spe|2\n|\n|upkeep\n|turn|24\n|\n|t:|1781458555\n|switch|p1a: Necrozma|Necrozma, L80|231/286\n|-damage|p1a: Necrozma|184/286|[from] Spikes\n|move|p2a: Metagross|Psychic Fangs|p1a: Necrozma\n|-resisted|p1a: Necrozma\n|-damage|p1a: Necrozma|139/286\n|\n|upkeep\n|turn|25\n|\n|t:|1781458559\n|move|p2a: Metagross|Earthquake|p1a: Necrozma\n|-damage|p1a: Necrozma|22/286\n|move|p1a: Necrozma|Moonlight|p1a: Necrozma\n|-heal|p1a: Necrozma|165/286\n|\n|upkeep\n|turn|26\n|inactive|whatisnexthuh has 60 seconds left.\n|inactive|whatisnexthuh has 30 seconds left.\n|-message|whatisnexthuh forfeited.\n|\n|win|memebraker\n", "inputlog": ">version a8376a258c1d4662feba110a92103f3664a72141\n>start {\"formatid\":\"gen9randombattle\",\"seed\":\"sodium,8628af0a4208b5439a7dce8e578ce9e8\",\"rated\":\"Rated battle\"}\n>player p1 {\"name\":\"whatisnexthuh\",\"avatar\":\"aromalady\",\"rating\":2194,\"seed\":\"sodium,423efed0fdb4c3f368ed868afc73ce5f\"}\n>player p2 {\"name\":\"memebraker\",\"avatar\":\"bugcatcher-gen4dp\",\"rating\":2175,\"seed\":\"sodium,6f5b0e5b995296799c11f3fb22235ffb\"}\n>p1 move knockoff\n>p2 switch 5\n>p1 move surf\n>p2 move hypnosis\n>p1 move surf\n>p2 switch 5\n>p1 move tripleaxel\n>p2 move leechseed\n>p1 move flipturn\n>p2 switch 5\n>p1 move flipturn\n>p2 move hypnosis\n>p1 switch 3\n>p1 move photongeyser\n>p2 switch 4\n>p1 move earthpower\n>p2 move knockoff\n>p1 move moonlight\n>p2 switch 2\n>p1 move photongeyser\n>p2 move spikes\n>p1 move photongeyser\n>p2 move spikes\n>p2 switch 3\n>p1 switch 4\n>p2 move darkpulse\n>p1 move saltcure\n>p2 move darkpulse\n>p1 switch 6\n>p1 move swordsdance\n>p2 switch 5\n>p1 move knockoff\n>p2 move appleacid\n>p1 move knockoff\n>p2 move dracometeor\n>p2 switch 4\n>p1 move trailblaze terastallize\n>p2 move hydropump\n>p2 switch 5\n>p1 move knockoff\n>p2 move darkpulse\n>p1 switch 3\n>p1 move tripleaxel\n>p2 move darkpulse\n>p1 move tripleaxel\n>p2 move uturn\n>p2 switch 2\n>p1 move surf\n>p2 move knockoff\n>p2 switch 6\n>p1 move surf\n>p2 move heavyslam\n>p1 switch 2\n>p1 move thunderbolt\n>p2 move agility terastallize\n>p1 switch 4\n>p2 move psychicfangs\n>p1 move moonlight\n>p2 move earthquake\n>forcelose p1", "uploadtime": 1781457844, "views": 5, "formatid": "gen9randombattle", "rating": null, "private": 0, "password": null}