{"id": "gen9randombattle-2631463885", "format": "[Gen 9] Random Battle", "players": ["shams713", "Arkaes"], "log": "|j|\u2606shams713\n|j|\u2606Arkaes\n|t:|1781387869\n|gametype|singles\n|player|p1|shams713|101|2051\n|player|p2|Arkaes|hayley|2005\n|gen|9\n|tier|[Gen 9] Random Battle\n|rated|\n|rule|Species Clause: Limit one of each Pok\u00e9mon\n|rule|HP Percentage Mod: HP is shown in percentages\n|rule|Sleep Clause Mod: Limit one foe put to sleep\n|rule|Illusion Level Mod: Illusion disguises the Pok\u00e9mon's true level\n|\n|t:|1781387870\n|teamsize|p1|6\n|teamsize|p2|6\n|start\n|switch|p1a: Alcremie|Alcremie-Salted-Cream, L90, F|263/263\n|switch|p2a: Lunala|Lunala, L70|308/308\n|turn|1\n|inactive|Battle timer is ON: inactive players will automatically lose when time's up. (requested by shams713)\n|inactive|Arkaes has 120 seconds left.\n|\n|t:|1781387920\n|switch|p2a: Tinkaton|Tinkaton, L82, F|274/274\n|-ability|p2a: Tinkaton|Mold Breaker\n|switch|p1a: Hypno|Hypno, L95, F|315/315\n|\n|upkeep\n|turn|2\n|\n|t:|1781387935\n|switch|p1a: Weezing|Weezing, L88, F|258/258\n|move|p2a: Tinkaton|Knock Off|p1a: Weezing\n|-damage|p1a: Weezing|218/258\n|-enditem|p1a: Weezing|Leftovers|[from] move: Knock Off|[of] p2a: Tinkaton\n|\n|upkeep\n|turn|3\n|\n|t:|1781387952\n|switch|p2a: Lunala|Lunala, L70|308/308\n|move|p1a: Weezing|Toxic Spikes|p2a: Lunala\n|-sidestart|p2: Arkaes|move: Toxic Spikes\n|\n|upkeep\n|turn|4\n|\n|t:|1781387962\n|switch|p1a: Hypno|Hypno, L95, F|315/315\n|move|p2a: Lunala|Moongeist Beam|p1a: Hypno\n|-supereffective|p1a: Hypno\n|-damage|p1a: Hypno|177/315\n|\n|-heal|p1a: Hypno|196/315|[from] item: Leftovers\n|upkeep\n|turn|5\n|\n|t:|1781387972\n|switch|p2a: Seviper|Seviper, L93, F|287/287\n|-sideend|p2: Arkaes|move: Toxic Spikes|[of] p2a: Seviper\n|move|p1a: Hypno|Knock Off|p2a: Seviper\n|-damage|p2a: Seviper|198/287\n|-enditem|p2a: Seviper|Leftovers|[from] move: Knock Off|[of] p1a: Hypno\n|\n|-heal|p1a: Hypno|215/315|[from] item: Leftovers\n|upkeep\n|turn|6\n|\n|t:|1781387984\n|switch|p2a: Tinkaton|Tinkaton, L82, F|274/274\n|-ability|p2a: Tinkaton|Mold Breaker\n|move|p1a: Hypno|Psychic Noise|p2a: Tinkaton\n|-resisted|p2a: Tinkaton\n|-damage|p2a: Tinkaton|239/274\n|-start|p2a: Tinkaton|move: Heal Block\n|\n|-heal|p1a: Hypno|234/315|[from] item: Leftovers\n|upkeep\n|turn|7\n|\n|t:|1781387990\n|switch|p1a: Weezing|Weezing, L88, F|218/258\n|move|p2a: Tinkaton|Gigaton Hammer|p1a: Weezing\n|-damage|p1a: Weezing|115/258\n|\n|-end|p2a: Tinkaton|move: Heal Block\n|upkeep\n|turn|8\n|\n|t:|1781387998\n|switch|p2a: Lunala|Lunala, L70|308/308\n|move|p1a: Weezing|Gunk Shot|p2a: Lunala\n|-resisted|p2a: Lunala\n|-damage|p2a: Lunala|269/308\n|-status|p2a: Lunala|psn\n|\n|-heal|p2a: Lunala|288/308 psn|[from] item: Leftovers\n|-damage|p2a: Lunala|250/308 psn|[from] psn\n|upkeep\n|turn|9\n|inactive|shams713 has 120 seconds left.\n|\n|t:|1781388029\n|switch|p1a: Alcremie|Alcremie-Salted-Cream, L90, F|263/263\n|move|p2a: Lunala|Moongeist Beam|p1a: Alcremie\n|-damage|p1a: Alcremie|194/263\n|\n|-heal|p2a: Lunala|269/308 psn|[from] item: Leftovers\n|-heal|p1a: Alcremie|210/263|[from] item: Leftovers\n|-damage|p2a: Lunala|231/308 psn|[from] psn\n|upkeep\n|turn|10\n|inactive|shams713 has 120 seconds left.\n|inactive|Arkaes has 120 seconds left.\n|\n|t:|1781388075\n|switch|p2a: Tinkaton|Tinkaton, L82, F|239/274\n|-ability|p2a: Tinkaton|Mold Breaker\n|switch|p1a: Hypno|Hypno, L95, F|234/315\n|\n|-heal|p2a: Tinkaton|256/274|[from] item: Leftovers\n|-heal|p1a: Hypno|253/315|[from] item: Leftovers\n|upkeep\n|turn|11\n|\n|t:|1781388085\n|switch|p1a: Weezing|Weezing, L88, F|115/258\n|move|p2a: Tinkaton|Knock Off|p1a: Weezing\n|-damage|p1a: Weezing|86/258\n|\n|-heal|p2a: Tinkaton|273/274|[from] item: Leftovers\n|upkeep\n|turn|12\n|inactive|shams713 has 120 seconds left.\n|\n|t:|1781388115\n|move|p2a: Tinkaton|Gigaton Hammer|p1a: Weezing\n|-damage|p1a: Weezing|0 fnt\n|faint|p1a: Weezing\n|\n|-heal|p2a: Tinkaton|274/274|[from] item: Leftovers\n|upkeep\n|\n|t:|1781388128\n|switch|p1a: Stonjourner|Stonjourner, L91, M|330/330\n|turn|13\n|inactive|Arkaes has 120 seconds left.\n|inactive|Arkaes has 90 seconds left.\n|\n|t:|1781388178\n|switch|p2a: Lunala|Lunala, L70|231/308 psn\n|move|p1a: Stonjourner|Rock Polish|p1a: Stonjourner\n|-boost|p1a: Stonjourner|spe|2\n|\n|-heal|p2a: Lunala|250/308 psn|[from] item: Leftovers\n|-damage|p2a: Lunala|212/308 psn|[from] psn\n|upkeep\n|turn|14\n|\n|t:|1781388184\n|move|p1a: Stonjourner|Stone Edge|p2a: Lunala\n|-damage|p2a: Lunala|0 fnt\n|faint|p2a: Lunala\n|-damage|p1a: Stonjourner|297/330|[from] item: Life Orb\n|\n|upkeep\n|\n|t:|1781388191\n|switch|p2a: Golem|Golem, L87, M|281/281\n|turn|15\n|\n|t:|1781388198\n|move|p1a: Stonjourner|Earthquake|p2a: Golem\n|-supereffective|p2a: Golem\n|-damage|p2a: Golem|89/281\n|-damage|p1a: Stonjourner|264/330|[from] item: Life Orb\n|move|p2a: Golem|Earthquake|p1a: Stonjourner\n|-supereffective|p1a: Stonjourner\n|-damage|p1a: Stonjourner|90/330\n|\n|upkeep\n|turn|16\n|\n|t:|1781388209\n|switch|p2a: Rotom|Rotom-Mow, L87|229/229\n|move|p1a: Stonjourner|Earthquake|p2a: Rotom\n|-immune|p2a: Rotom|[from] ability: Levitate\n|\n|upkeep\n|turn|17\n|\n|t:|1781388221\n|switch|p2a: Golem|Golem, L87, M|89/281\n|move|p1a: Stonjourner|Heat Crash|p2a: Golem\n|-resisted|p2a: Golem\n|-damage|p2a: Golem|70/281\n|-damage|p1a: Stonjourner|57/330|[from] item: Life Orb\n|\n|upkeep\n|turn|18\n|-enditem|p2a: Golem|Custap Berry|[eat]\n|-activate|p2a: Golem|item: Custap Berry|[consumed]\n|\n|t:|1781388230\n|move|p2a: Golem|Earthquake|p1a: Stonjourner\n|-supereffective|p1a: Stonjourner\n|-damage|p1a: Stonjourner|0 fnt\n|faint|p1a: Stonjourner\n|\n|upkeep\n|\n|t:|1781388244\n|switch|p1a: Hypno|Hypno, L95, F|253/315\n|turn|19\n|inactive|Arkaes has 120 seconds left.\n|\n|t:|1781388249\n|switch|p2a: Tinkaton|Tinkaton, L82, F|274/274\n|-ability|p2a: Tinkaton|Mold Breaker\n|move|p1a: Hypno|Psychic Noise|p2a: Tinkaton\n|-resisted|p2a: Tinkaton\n|-damage|p2a: Tinkaton|236/274\n|-start|p2a: Tinkaton|move: Heal Block\n|\n|-heal|p1a: Hypno|272/315|[from] item: Leftovers\n|upkeep\n|turn|20\n|\n|t:|1781388254\n|move|p2a: Tinkaton|Knock Off|p1a: Hypno\n|-supereffective|p1a: Hypno\n|-damage|p1a: Hypno|164/315\n|-enditem|p1a: Hypno|Leftovers|[from] move: Knock Off|[of] p2a: Tinkaton\n|move|p1a: Hypno|Knock Off|p2a: Tinkaton\n|-resisted|p2a: Tinkaton\n|-damage|p2a: Tinkaton|196/274\n|-enditem|p2a: Tinkaton|Leftovers|[from] move: Knock Off|[of] p1a: Hypno\n|\n|-end|p2a: Tinkaton|move: Heal Block\n|upkeep\n|turn|21\n|\n|t:|1781388268\n|move|p2a: Tinkaton|Gigaton Hammer|p1a: Hypno\n|-damage|p1a: Hypno|22/315\n|move|p1a: Hypno|Encore|p2a: Tinkaton\n|-start|p2a: Tinkaton|Encore\n|\n|upkeep\n|turn|22\n|\n|t:|1781388278\n|-activate|p2a: Tinkaton|move: Struggle\n|move|p2a: Tinkaton|Struggle|p1a: Hypno\n|-damage|p1a: Hypno|0 fnt\n|faint|p1a: Hypno\n|-damage|p2a: Tinkaton|127/274|[from] recoil\n|\n|upkeep\n|\n|t:|1781388281\n|switch|p1a: Ceruledge|Ceruledge, L78, M|245/245\n|turn|23\n|\n|t:|1781388307\n|switch|p2a: Golem|Golem, L87, M|70/281\n|move|p1a: Ceruledge|Swords Dance|p1a: Ceruledge\n|-boost|p1a: Ceruledge|atk|2\n|\n|upkeep\n|turn|24\n|\n|t:|1781388323\n|-terastallize|p1a: Ceruledge|Fighting\n|move|p1a: Ceruledge|Swords Dance|p1a: Ceruledge\n|-boost|p1a: Ceruledge|atk|2\n|move|p2a: Golem|Explosion|p1a: Ceruledge\n|-damage|p1a: Ceruledge|0 fnt\n|faint|p2a: Golem\n|faint|p1a: Ceruledge\n|\n|upkeep\n|c|\u2606shams713|lol\n|c|\u2606Arkaes|read\n|\n|t:|1781388338\n|switch|p1a: Alcremie|Alcremie-Salted-Cream, L90, F|210/263\n|switch|p2a: Tinkaton|Tinkaton, L82, F|127/274\n|-ability|p2a: Tinkaton|Mold Breaker\n|turn|25\n|\n|t:|1781388347\n|move|p2a: Tinkaton|Gigaton Hammer|p1a: Alcremie\n|-supereffective|p1a: Alcremie\n|-damage|p1a: Alcremie|0 fnt\n|faint|p1a: Alcremie\n|\n|upkeep\n|c|\u2606shams713|i didnt think you had the balls\n|c|\u2606shams713|well played lol\n|\n|t:|1781388362\n|switch|p1a: Deoxys|Deoxys-Speed, L82|216/216\n|-ability|p1a: Deoxys|Pressure\n|turn|26\n|c|\u2606Arkaes|i cant proc your +1 speed\n|c|\u2606Arkaes|thanks\n|\n|t:|1781388370\n|move|p1a: Deoxys|Nasty Plot|p1a: Deoxys\n|-boost|p1a: Deoxys|spa|2\n|move|p2a: Tinkaton|Knock Off|p1a: Deoxys\n|-supereffective|p1a: Deoxys\n|-damage|p1a: Deoxys|114/216\n|-enditem|p1a: Deoxys|Life Orb|[from] move: Knock Off|[of] p2a: Tinkaton\n|\n|upkeep\n|turn|27\n|\n|t:|1781388373\n|move|p1a: Deoxys|Focus Blast|p2a: Tinkaton\n|-damage|p2a: Tinkaton|0 fnt\n|faint|p2a: Tinkaton\n|\n|upkeep\n|\n|t:|1781388381\n|switch|p2a: Rotom|Rotom-Mow, L87|229/229\n|turn|28\n|\n|t:|1781388386\n|move|p1a: Deoxys|Psycho Boost|p2a: Rotom\n|-crit|p2a: Rotom\n|-damage|p2a: Rotom|0 fnt\n|-unboost|p1a: Deoxys|spa|2\n|faint|p2a: Rotom\n|\n|upkeep\n|\n|t:|1781388389\n|switch|p2a: Volcarona|Volcarona, L77, M|257/257\n|turn|29\n|\n|t:|1781388398\n|move|p1a: Deoxys|Nasty Plot|p1a: Deoxys\n|-boost|p1a: Deoxys|spa|2\n|move|p2a: Volcarona|Fiery Dance|p1a: Deoxys\n|-damage|p1a: Deoxys|14/216\n|-boost|p2a: Volcarona|spa|1\n|\n|upkeep\n|turn|30\n|\n|t:|1781388413\n|-terastallize|p2a: Volcarona|Steel\n|move|p1a: Deoxys|Psycho Boost|p2a: Volcarona\n|-resisted|p2a: Volcarona\n|-damage|p2a: Volcarona|134/257\n|-unboost|p1a: Deoxys|spa|2\n|move|p2a: Volcarona|Fiery Dance|p1a: Deoxys\n|-damage|p1a: Deoxys|0 fnt\n|-boost|p2a: Volcarona|spa|1\n|faint|p1a: Deoxys\n|\n|win|Arkaes\n", "inputlog": ">version a8376a258c1d4662feba110a92103f3664a72141\n>start {\"formatid\":\"gen9randombattle\",\"seed\":\"sodium,54dad58abf86cb30a040dd41e6f52bab\",\"rated\":\"Rated battle\"}\n>player p1 {\"name\":\"shams713\",\"avatar\":\"101\",\"rating\":2051,\"seed\":\"sodium,eda083b4b0b7e3b707d851344445275e\"}\n>player p2 {\"name\":\"Arkaes\",\"avatar\":\"hayley\",\"rating\":2005,\"seed\":\"sodium,a96aa6846a0dc992c2e191327b1ba316\"}\n>p1 switch 5\n>p2 switch 4\n>p1 switch 2\n>p2 move knockoff\n>p1 move toxicspikes\n>p2 switch 4\n>p1 switch 2\n>p2 move moongeistbeam\n>p1 move knockoff\n>p2 switch 2\n>p1 move psychicnoise\n>p2 switch 4\n>p1 switch 2\n>p2 move gigatonhammer\n>p1 move gunkshot\n>p2 switch 2\n>p1 switch 5\n>p2 move moongeistbeam\n>p1 switch 2\n>p2 switch 2\n>p1 switch 5\n>p2 move knockoff\n>p1 move painsplit\n>p2 move gigatonhammer\n>p1 switch 3\n>p1 move rockpolish\n>p2 switch 2\n>p1 move stoneedge\n>p2 move moongeistbeam\n>p2 switch 5\n>p1 move earthquake\n>p2 move earthquake\n>p1 move earthquake\n>p2 switch 3\n>p1 move heatcrash\n>p2 switch 3\n>p1 move earthquake\n>p2 move earthquake\n>p1 switch 5\n>p1 move psychicnoise\n>p2 switch 2\n>p1 move knockoff\n>p2 move knockoff\n>p1 move encore\n>p2 move gigatonhammer\n>p1 move psychicnoise\n>p2 move struggle\n>p1 switch 4\n>p1 move swordsdance\n>p2 switch 2\n>p1 move swordsdance terastallize\n>p2 move explosion\n>chat \u2606shams713|lol\n>chat \u2606Arkaes|read\n>p1 switch 2\n>p2 switch 2\n>p1 move alluringvoice\n>p2 move gigatonhammer\n>chat \u2606shams713|i didnt think you had the balls\n>chat \u2606shams713|well played lol\n>p1 switch 6\n>chat \u2606Arkaes|i cant proc your +1 speed\n>chat \u2606Arkaes|thanks\n>p1 move nastyplot\n>p2 move knockoff\n>p1 move focusblast\n>p2 move gigatonhammer\n>p2 switch 3\n>p1 move psychoboost\n>p2 move thunderbolt\n>p2 switch 6\n>p1 move nastyplot\n>p2 move fierydance\n>p1 move psychoboost\n>p2 move fierydance terastallize", "uploadtime": 1781387871, "views": 5, "formatid": "gen9randombattle", "rating": null, "private": 0, "password": null}