{"id": "gen9randombattle-2631530478", "format": "[Gen 9] Random Battle", "players": ["GalarArticunoSlay", "SlugmaPuzzy"], "log": "|j|\u2606GalarArticunoSlay\n|j|\u2606SlugmaPuzzy\n|t:|1781397267\n|gametype|singles\n|player|p1|GalarArticunoSlay|1|1000\n|player|p2|SlugmaPuzzy|102|1000\n|gen|9\n|tier|[Gen 9] Random Battle\n|rated|\n|rule|Species Clause: Limit one of each Pok\u00e9mon\n|rule|HP Percentage Mod: HP is shown in percentages\n|rule|Sleep Clause Mod: Limit one foe put to sleep\n|rule|Illusion Level Mod: Illusion disguises the Pok\u00e9mon's true level\n|\n|t:|1781397267\n|teamsize|p1|6\n|teamsize|p2|6\n|start\n|switch|p1a: Dugtrio|Dugtrio, L84, F|196/196\n|switch|p2a: Toxapex|Toxapex, L82, M|216/216\n|turn|1\n|\n|t:|1781397280\n|switch|p1a: Rotom|Rotom-Wash, L82|216/216\n|move|p2a: Toxapex|Liquidation|p1a: Rotom\n|-resisted|p1a: Rotom\n|-damage|p1a: Rotom|191/216\n|\n|-heal|p1a: Rotom|204/216|[from] item: Leftovers\n|upkeep\n|turn|2\n|inactive|Battle timer is ON: inactive players will automatically lose when time's up. (requested by GalarArticunoSlay)\n|\n|t:|1781397304\n|switch|p2a: Hitmonchan|Hitmonchan, L87, M|229/229\n|move|p1a: Rotom|Thunderbolt|p2a: Hitmonchan\n|-damage|p2a: Hitmonchan|175/229\n|\n|-heal|p1a: Rotom|216/216|[from] item: Leftovers\n|upkeep\n|turn|3\n|\n|t:|1781397318\n|move|p1a: Rotom|Will-O-Wisp|p2a: Hitmonchan\n|-status|p2a: Hitmonchan|brn\n|move|p2a: Hitmonchan|Knock Off|p1a: Rotom\n|-damage|p1a: Rotom|184/216\n|-enditem|p1a: Rotom|Leftovers|[from] move: Knock Off|[of] p2a: Hitmonchan\n|\n|-damage|p2a: Hitmonchan|161/229 brn|[from] brn\n|upkeep\n|turn|4\n|\n|t:|1781397329\n|switch|p1a: Dugtrio|Dugtrio, L84, F|196/196\n|move|p2a: Hitmonchan|Poison Jab|p1a: Dugtrio\n|-resisted|p1a: Dugtrio\n|-damage|p1a: Dugtrio|172/196\n|-status|p1a: Dugtrio|psn\n|\n|-damage|p1a: Dugtrio|148/196 psn|[from] psn\n|-damage|p2a: Hitmonchan|147/229 brn|[from] brn\n|upkeep\n|turn|5\n|\n|t:|1781397343\n|move|p1a: Dugtrio|Earthquake|p2a: Hitmonchan\n|-damage|p2a: Hitmonchan|39/229 brn\n|move|p2a: Hitmonchan|Drain Punch|p1a: Dugtrio\n|-damage|p1a: Dugtrio|73/196 psn\n|-heal|p2a: Hitmonchan|77/229 brn|[from] drain|[of] p1a: Dugtrio\n|\n|-damage|p1a: Dugtrio|49/196 psn|[from] psn\n|-damage|p2a: Hitmonchan|63/229 brn|[from] brn\n|upkeep\n|turn|6\n|\n|t:|1781397355\n|move|p1a: Dugtrio|Earthquake|p2a: Hitmonchan\n|-damage|p2a: Hitmonchan|0 fnt\n|faint|p2a: Hitmonchan\n|\n|-damage|p1a: Dugtrio|25/196 psn|[from] psn\n|upkeep\n|\n|t:|1781397375\n|switch|p2a: Toxapex|Toxapex, L82, M|216/216\n|turn|7\n|\n|t:|1781397383\n|move|p1a: Dugtrio|Earthquake|p2a: Toxapex\n|-supereffective|p2a: Toxapex\n|-damage|p2a: Toxapex|58/216\n|move|p2a: Toxapex|Recover|p2a: Toxapex\n|-heal|p2a: Toxapex|166/216\n|\n|-damage|p1a: Dugtrio|1/196 psn|[from] psn\n|upkeep\n|turn|8\n|\n|t:|1781397395\n|move|p1a: Dugtrio|Earthquake|p2a: Toxapex\n|-supereffective|p2a: Toxapex\n|-damage|p2a: Toxapex|22/216\n|move|p2a: Toxapex|Recover|p2a: Toxapex\n|-heal|p2a: Toxapex|130/216\n|\n|-damage|p1a: Dugtrio|0 fnt|[from] psn\n|faint|p1a: Dugtrio\n|upkeep\n|\n|t:|1781397405\n|switch|p1a: Rotom|Rotom-Wash, L82|184/216\n|turn|9\n|\n|t:|1781397414\n|move|p1a: Rotom|Thunderbolt|p2a: Toxapex\n|-supereffective|p2a: Toxapex\n|-damage|p2a: Toxapex|0 fnt\n|faint|p2a: Toxapex\n|\n|upkeep\n|\n|t:|1781397425\n|switch|p2a: Mewtwo|Mewtwo, L72|272/272\n|-ability|p2a: Mewtwo|Pressure\n|turn|10\n|\n|t:|1781397432\n|move|p2a: Mewtwo|Nasty Plot|p2a: Mewtwo\n|-boost|p2a: Mewtwo|spa|2\n|move|p1a: Rotom|Thunderbolt|p2a: Mewtwo\n|-damage|p2a: Mewtwo|164/272\n|\n|upkeep\n|turn|11\n|\n|t:|1781397442\n|move|p2a: Mewtwo|Psystrike|p1a: Rotom\n|-damage|p1a: Rotom|0 fnt\n|faint|p1a: Rotom\n|-damage|p2a: Mewtwo|137/272|[from] item: Life Orb\n|\n|upkeep\n|\n|t:|1781397457\n|switch|p1a: Magmortar|Magmortar, L88, M|275/275\n|turn|12\n|\n|t:|1781397466\n|move|p2a: Mewtwo|Psystrike|p1a: Magmortar\n|-damage|p1a: Magmortar|0 fnt\n|faint|p1a: Magmortar\n|-damage|p2a: Mewtwo|110/272|[from] item: Life Orb\n|\n|upkeep\n|\n|t:|1781397473\n|switch|p1a: Mew|Mew, L82|298/298\n|turn|13\n|\n|t:|1781397480\n|move|p2a: Mewtwo|Psystrike|p1a: Mew\n|-resisted|p1a: Mew\n|-damage|p1a: Mew|162/298\n|-damage|p2a: Mewtwo|83/272|[from] item: Life Orb\n|move|p1a: Mew|Knock Off|p2a: Mewtwo\n|-supereffective|p2a: Mewtwo\n|-damage|p2a: Mewtwo|0 fnt\n|-enditem|p2a: Mewtwo|Life Orb|[from] move: Knock Off|[of] p1a: Mew\n|faint|p2a: Mewtwo\n|-damage|p1a: Mew|133/298|[from] item: Life Orb\n|\n|upkeep\n|\n|t:|1781397499\n|switch|p2a: Typhlosion|Typhlosion, L84, M|267/267\n|turn|14\n|\n|t:|1781397507\n|move|p2a: Typhlosion|Eruption|p1a: Mew\n|-damage|p1a: Mew|0 fnt\n|faint|p1a: Mew\n|\n|upkeep\n|\n|t:|1781397514\n|switch|p1a: Poliwrath|Poliwrath, L88, F|302/302\n|turn|15\n|\n|t:|1781397520\n|move|p2a: Typhlosion|Eruption|p1a: Poliwrath\n|-resisted|p1a: Poliwrath\n|-damage|p1a: Poliwrath|218/302\n|move|p1a: Poliwrath|Liquidation|p2a: Typhlosion\n|-supereffective|p2a: Typhlosion\n|-damage|p2a: Typhlosion|39/267\n|\n|upkeep\n|turn|16\n|\n|t:|1781397534\n|switch|p2a: Hydreigon|Hydreigon, L79, M|275/275\n|move|p1a: Poliwrath|Liquidation|p2a: Hydreigon\n|-resisted|p2a: Hydreigon\n|-damage|p2a: Hydreigon|224/275\n|\n|upkeep\n|turn|17\n|\n|t:|1781397546\n|move|p2a: Hydreigon|Draco Meteor|p1a: Poliwrath\n|-damage|p1a: Poliwrath|93/302\n|-unboost|p2a: Hydreigon|spa|2\n|-damage|p2a: Hydreigon|197/275|[from] item: Life Orb\n|move|p1a: Poliwrath|Close Combat|p2a: Hydreigon\n|-supereffective|p2a: Hydreigon\n|-damage|p2a: Hydreigon|0 fnt\n|-unboost|p1a: Poliwrath|def|1\n|-unboost|p1a: Poliwrath|spd|1\n|faint|p2a: Hydreigon\n|\n|upkeep\n|\n|t:|1781397560\n|switch|p2a: Typhlosion|Typhlosion, L84, M|39/267\n|turn|18\n|\n|t:|1781397568\n|move|p2a: Typhlosion|Scorching Sands|p1a: Poliwrath\n|-damage|p1a: Poliwrath|23/302\n|-status|p1a: Poliwrath|brn\n|move|p1a: Poliwrath|Liquidation|p2a: Typhlosion\n|-supereffective|p2a: Typhlosion\n|-damage|p2a: Typhlosion|0 fnt\n|faint|p2a: Typhlosion\n|\n|-damage|p1a: Poliwrath|5/302 brn|[from] brn\n|upkeep\n|\n|t:|1781397579\n|switch|p2a: Pyroar|Pyroar, L88, M|295/295\n|-ability|p2a: Pyroar|Unnerve\n|turn|19\n|\n|t:|1781397586\n|move|p2a: Pyroar|Hyper Voice|p1a: Poliwrath\n|-damage|p1a: Poliwrath|0 fnt\n|faint|p1a: Poliwrath\n|\n|upkeep\n|\n|t:|1781397591\n|switch|p1a: Blaziken|Blaziken, L76, F|247/247\n|turn|20\n|\n|t:|1781397607\n|-terastallize|p2a: Pyroar|Fire\n|move|p2a: Pyroar|Hyper Voice|p1a: Blaziken\n|-damage|p1a: Blaziken|100/247\n|move|p1a: Blaziken|Close Combat|p2a: Pyroar\n|-damage|p2a: Pyroar|114/295\n|-unboost|p1a: Blaziken|def|1\n|-unboost|p1a: Blaziken|spd|1\n|-damage|p1a: Blaziken|76/247|[from] item: Life Orb\n|\n|-ability|p1a: Blaziken|Speed Boost|boost\n|-boost|p1a: Blaziken|spe|1\n|upkeep\n|turn|21\n|\n|t:|1781397621\n|-terastallize|p1a: Blaziken|Fighting\n|move|p1a: Blaziken|Close Combat|p2a: Pyroar\n|-damage|p2a: Pyroar|0 fnt\n|-unboost|p1a: Blaziken|def|1\n|-unboost|p1a: Blaziken|spd|1\n|faint|p2a: Pyroar\n|-damage|p1a: Blaziken|52/247|[from] item: Life Orb\n|\n|win|GalarArticunoSlay\n|raw|GalarArticunoSlay's rating: 1000 &rarr; <strong>1040</strong><br />(+40 for winning)\n|raw|SlugmaPuzzy's rating: 1000 &rarr; <strong>1000</strong><br />(+0 for losing)\n|l|\u2606SlugmaPuzzy\n|player|p2|\n", "inputlog": ">version a8376a258c1d4662feba110a92103f3664a72141\n>start {\"formatid\":\"gen9randombattle\",\"seed\":\"sodium,83fd08fd9664bd2987f7cd9d2c5e6b0e\",\"rated\":\"Rated battle\"}\n>player p1 {\"name\":\"GalarArticunoSlay\",\"avatar\":\"1\",\"rating\":1000,\"seed\":\"sodium,a0f1991abdf887dc27fda9b27eb4f8f8\"}\n>player p2 {\"name\":\"SlugmaPuzzy\",\"avatar\":\"102\",\"rating\":1000,\"seed\":\"sodium,ecc41a643771e195b3172824ec079964\"}\n>p1 switch 2\n>p2 move liquidation\n>p1 move thunderbolt\n>p2 switch 6\n>p1 move willowisp\n>p2 move knockoff\n>p1 switch 2\n>p2 move poisonjab\n>p1 move earthquake\n>p2 move drainpunch\n>p1 move earthquake\n>p2 move drainpunch\n>p2 switch 6\n>p1 move earthquake\n>p2 move recover\n>p1 move earthquake\n>p2 move recover\n>p1 switch 2\n>p1 move thunderbolt\n>p2 move toxic\n>p2 switch 5\n>p1 move thunderbolt\n>p2 move nastyplot\n>p1 move nastyplot\n>p2 move psystrike\n>p1 switch 5\n>p1 move fireblast\n>p2 move psystrike\n>p1 switch 3\n>p1 move knockoff\n>p2 move psystrike\n>p2 switch 2\n>p1 move knockoff\n>p2 move eruption\n>p1 switch 6\n>p1 move liquidation\n>p2 move eruption\n>p1 move liquidation\n>p2 switch 4\n>p1 move closecombat\n>p2 move dracometeor\n>p2 switch 4\n>p1 move liquidation\n>p2 move scorchingsands\n>p2 switch 3\n>p1 move liquidation\n>p2 move hypervoice\n>p1 switch 4\n>p1 move closecombat\n>p2 move hypervoice terastallize\n>p1 move closecombat terastallize\n>p2 move hypervoice", "uploadtime": 1781397634, "views": 3, "formatid": "gen9randombattle", "rating": 1000, "private": 0, "password": null}