{"id": "gen9randombattle-2631971998", "format": "[Gen 9] Random Battle", "players": ["tiny spaceship", "JustHaxRelax"], "log": "|j|\u2606tiny spaceship\n|j|\u2606JustHaxRelax\n|t:|1781461415\n|gametype|singles\n|player|p1|tiny spaceship|dawn|2252\n|player|p2|JustHaxRelax|169|2217\n|gen|9\n|tier|[Gen 9] Random Battle\n|rated|\n|rule|Species Clause: Limit one of each Pok\u00e9mon\n|rule|HP Percentage Mod: HP is shown in percentages\n|rule|Sleep Clause Mod: Limit one foe put to sleep\n|rule|Illusion Level Mod: Illusion disguises the Pok\u00e9mon's true level\n|\n|t:|1781461415\n|teamsize|p1|6\n|teamsize|p2|6\n|start\n|switch|p1a: Giratina|Giratina, L75|349/349\n|switch|p2a: Ceruledge|Ceruledge, L78, F|245/245\n|-ability|p1a: Giratina|Pressure\n|turn|1\n|inactive|Battle timer is ON: inactive players will automatically lose when time's up. (requested by tiny spaceship)\n|inactive|JustHaxRelax has 120 seconds left.\n|\n|t:|1781461453\n|move|p1a: Giratina|Shadow Ball|p2a: Ceruledge\n|-supereffective|p2a: Ceruledge\n|-damage|p2a: Ceruledge|113/245\n|move|p2a: Ceruledge|Poltergeist|p1a: Giratina\n|-activate|p1a: Giratina|move: Poltergeist|Leftovers\n|-supereffective|p1a: Giratina\n|-damage|p1a: Giratina|137/349\n|\n|-heal|p1a: Giratina|158/349|[from] item: Leftovers\n|upkeep\n|turn|2\n|\n|t:|1781461464\n|move|p2a: Ceruledge|Shadow Sneak|p1a: Giratina\n|-supereffective|p1a: Giratina\n|-damage|p1a: Giratina|84/349\n|move|p1a: Giratina|Shadow Ball|p2a: Ceruledge\n|-supereffective|p2a: Ceruledge\n|-damage|p2a: Ceruledge|0 fnt\n|faint|p2a: Ceruledge\n|\n|-heal|p1a: Giratina|105/349|[from] item: Leftovers\n|upkeep\n|\n|t:|1781461485\n|switch|p2a: Spectrier|Spectrier, L75|274/274\n|turn|3\n|\n|t:|1781461495\n|switch|p1a: Lurantis|Lurantis, L87, F|264/264\n|move|p2a: Spectrier|Shadow Ball|p1a: Lurantis\n|-damage|p1a: Lurantis|185/264\n|-damage|p2a: Spectrier|247/274|[from] item: Life Orb\n|\n|upkeep\n|turn|4\n|\n|t:|1781461516\n|move|p2a: Spectrier|Will-O-Wisp|p1a: Lurantis\n|-status|p1a: Lurantis|brn\n|move|p1a: Lurantis|Knock Off|p2a: Spectrier\n|-supereffective|p2a: Spectrier\n|-crit|p2a: Spectrier\n|-damage|p2a: Spectrier|70/274\n|-enditem|p2a: Spectrier|Life Orb|[from] move: Knock Off|[of] p1a: Lurantis\n|\n|-damage|p1a: Lurantis|169/264 brn|[from] brn\n|upkeep\n|turn|5\n|\n|t:|1781461531\n|move|p2a: Spectrier|Shadow Ball|p1a: Lurantis\n|-damage|p1a: Lurantis|109/264 brn\n|-boost|p1a: Lurantis|spd|1\n|move|p1a: Lurantis|Leaf Storm|p2a: Spectrier\n|-damage|p2a: Spectrier|0 fnt\n|-boost|p1a: Lurantis|spa|2\n|faint|p2a: Spectrier\n|\n|-damage|p1a: Lurantis|93/264 brn|[from] brn\n|upkeep\n|\n|t:|1781461542\n|switch|p2a: Beartic|Beartic, L91, M|321/321\n|turn|6\n|\n|t:|1781461547\n|move|p2a: Beartic|Icicle Crash|p1a: Lurantis|[miss]\n|-miss|p2a: Beartic|p1a: Lurantis\n|move|p1a: Lurantis|Leaf Storm|p2a: Beartic\n|-damage|p2a: Beartic|69/321\n|-boost|p1a: Lurantis|spa|2\n|\n|-damage|p1a: Lurantis|77/264 brn|[from] brn\n|upkeep\n|turn|7\n|-message|JustHaxRelax forfeited.\n|\n|win|tiny spaceship\n", "inputlog": ">version a8376a258c1d4662feba110a92103f3664a72141\n>start {\"formatid\":\"gen9randombattle\",\"seed\":\"sodium,f6708860a30a8976de2f6d0bf67f7177\",\"rated\":\"Rated battle\"}\n>player p1 {\"name\":\"tiny spaceship\",\"avatar\":\"dawn\",\"rating\":2252,\"seed\":\"sodium,04a2160ee01304831d0f5a09ebe08012\"}\n>player p2 {\"name\":\"JustHaxRelax\",\"avatar\":\"169\",\"rating\":2217,\"seed\":\"sodium,a7b4f6221a35743de3a4474ef513edc4\"}\n>p1 move shadowball\n>p2 move poltergeist\n>p1 move shadowball\n>p2 move shadowsneak\n>p2 switch 6\n>p1 switch 3\n>p2 move shadowball\n>p1 move knockoff\n>p2 move willowisp\n>p1 move leafstorm\n>p2 move shadowball\n>p2 switch 2\n>p1 move leafstorm\n>p2 move iciclecrash\n>forcelose p2", "uploadtime": 1781461418, "views": 5, "formatid": "gen9randombattle", "rating": null, "private": 0, "password": null}