{"id": "gen9randombattle-2631536548", "format": "[Gen 9] Random Battle", "players": ["Emily Montes", "AerachAisteach"], "log": "|j|\u2606Emily Montes\n|j|\u2606AerachAisteach\n|t:|1781398104\n|gametype|singles\n|player|p1|Emily Montes|pokekid|1975\n|player|p2|AerachAisteach|169|1985\n|gen|9\n|tier|[Gen 9] Random Battle\n|rated|\n|rule|Species Clause: Limit one of each Pok\u00e9mon\n|rule|HP Percentage Mod: HP is shown in percentages\n|rule|Sleep Clause Mod: Limit one foe put to sleep\n|rule|Illusion Level Mod: Illusion disguises the Pok\u00e9mon's true level\n|\n|t:|1781398104\n|teamsize|p1|6\n|teamsize|p2|6\n|start\n|switch|p1a: Victreebel|Victreebel, L90, M|290/290\n|switch|p2a: Drifblim|Drifblim, L86, F|398/398\n|turn|1\n|\n|t:|1781398109\n|move|p2a: Drifblim|Air Slash|p1a: Victreebel\n|-supereffective|p1a: Victreebel\n|-damage|p1a: Victreebel|122/290\n|cant|p1a: Victreebel|flinch\n|\n|upkeep\n|turn|2\n|\n|t:|1781398113\n|move|p1a: Victreebel|Sucker Punch|p2a: Drifblim\n|-supereffective|p2a: Drifblim\n|-damage|p2a: Drifblim|169/398\n|-damage|p1a: Victreebel|93/290|[from] item: Life Orb\n|move|p2a: Drifblim|Air Slash|p1a: Victreebel\n|-supereffective|p1a: Victreebel\n|-damage|p1a: Victreebel|0 fnt\n|faint|p1a: Victreebel\n|\n|upkeep\n|\n|t:|1781398120\n|switch|p1a: Arbok|Arbok, L87, F|246/246\n|-ability|p1a: Arbok|Intimidate|boost\n|-unboost|p2a: Drifblim|atk|1\n|turn|3\n|\n|t:|1781398124\n|move|p1a: Arbok|Coil|p1a: Arbok\n|-boost|p1a: Arbok|atk|1\n|-boost|p1a: Arbok|def|1\n|-boost|p1a: Arbok|accuracy|1\n|move|p2a: Drifblim|Strength Sap|p1a: Arbok\n|-unboost|p1a: Arbok|atk|1\n|-heal|p2a: Drifblim|398/398\n|\n|upkeep\n|turn|4\n|\n|t:|1781398129\n|switch|p2a: Grafaiai|Grafaiai, L86, F|249/249\n|move|p1a: Arbok|Coil|p1a: Arbok\n|-boost|p1a: Arbok|atk|1\n|-boost|p1a: Arbok|def|1\n|-boost|p1a: Arbok|accuracy|1\n|\n|upkeep\n|turn|5\n|\n|t:|1781398138\n|switch|p1a: Palossand|Palossand, L89, M|296/296\n|move|p2a: Grafaiai|Encore||[still]\n|-fail|p2a: Grafaiai\n|\n|upkeep\n|turn|6\n|\n|t:|1781398142\n|move|p2a: Grafaiai|Knock Off|p1a: Palossand\n|-supereffective|p1a: Palossand\n|-damage|p1a: Palossand|184/296\n|-enditem|p1a: Palossand|Leftovers|[from] move: Knock Off|[of] p2a: Grafaiai\n|move|p1a: Palossand|Earth Power|p2a: Grafaiai\n|-supereffective|p2a: Grafaiai\n|-damage|p2a: Grafaiai|0 fnt\n|faint|p2a: Grafaiai\n|\n|upkeep\n|\n|t:|1781398149\n|switch|p2a: Venusaur|Venusaur, L84, F|272/272\n|turn|7\n|\n|t:|1781398161\n|switch|p1a: Arbok|Arbok, L87, F|246/246\n|-ability|p1a: Arbok|Intimidate|boost\n|-unboost|p2a: Venusaur|atk|1\n|move|p2a: Venusaur|Sleep Powder|p1a: Arbok\n|-status|p1a: Arbok|slp|[from] move: Sleep Powder\n|\n|upkeep\n|turn|8\n|\n|t:|1781398186\n|switch|p2a: Snorlax|Snorlax, L82, F|397/397\n|cant|p1a: Arbok|slp\n|\n|upkeep\n|turn|9\n|-message|AerachAisteach forfeited.\n|\n|win|Emily Montes\n", "inputlog": ">version a8376a258c1d4662feba110a92103f3664a72141\n>start {\"formatid\":\"gen9randombattle\",\"seed\":\"sodium,2ecc6bd7f241d376d37973991b1c70c1\",\"rated\":\"Rated battle\"}\n>player p1 {\"name\":\"Emily Montes\",\"avatar\":\"pokekid\",\"rating\":1975,\"seed\":\"sodium,dc74ea098d04eed587ec8fafdcf64c29\"}\n>player p2 {\"name\":\"AerachAisteach\",\"avatar\":\"169\",\"rating\":1985,\"seed\":\"sodium,bf2d9dea6af753b91e1f5860f269fcb6\"}\n>p1 move swordsdance\n>p2 move airslash\n>p1 move suckerpunch\n>p2 move airslash\n>p1 switch 2\n>p1 move coil\n>p2 move strengthsap\n>p1 move coil\n>p2 switch 5\n>p1 switch 6\n>p2 move encore\n>p1 move earthpower\n>p2 move knockoff\n>p2 switch 3\n>p1 switch 6\n>p2 move sleeppowder\n>p1 move coil\n>p2 switch 6\n>forcelose p2", "uploadtime": 1781398106, "views": 4, "formatid": "gen9randombattle", "rating": null, "private": 0, "password": null}