{"id": "gen9randombattle-2631491134", "format": "[Gen 9] Random Battle", "players": ["Failtacular3245", "napoliones"], "log": "|j|\u2606Failtacular3245\n|j|\u2606napoliones\n|t:|1781391752\n|gametype|singles\n|player|p1|Failtacular3245|youngster-gen4dp|1947\n|player|p2|napoliones|101|1973\n|gen|9\n|tier|[Gen 9] Random Battle\n|rated|\n|rule|Species Clause: Limit one of each Pok\u00e9mon\n|rule|HP Percentage Mod: HP is shown in percentages\n|rule|Sleep Clause Mod: Limit one foe put to sleep\n|rule|Illusion Level Mod: Illusion disguises the Pok\u00e9mon's true level\n|\n|t:|1781391752\n|teamsize|p1|6\n|teamsize|p2|6\n|start\n|switch|p1a: Dudunsparce|Dudunsparce-Three-Segment, L83, M|343/343\n|switch|p2a: Oricorio|Oricorio-Pa'u, L87, M|272/272\n|turn|1\n|inactive|Battle timer is ON: inactive players will automatically lose when time's up. (requested by napoliones)\n|c|\u2606napoliones|gl hf :)\n|\n|t:|1781391760\n|move|p2a: Oricorio|Quiver Dance|p2a: Oricorio\n|-boost|p2a: Oricorio|spa|1\n|-boost|p2a: Oricorio|spd|1\n|-boost|p2a: Oricorio|spe|1\n|move|p1a: Dudunsparce|Toxic|p2a: Oricorio\n|-status|p2a: Oricorio|tox\n|\n|-damage|p2a: Oricorio|255/272 tox|[from] psn\n|upkeep\n|turn|2\n|\n|t:|1781391767\n|switch|p1a: Klefki|Klefki, L84, F|233/233\n|move|p2a: Oricorio|Quiver Dance|p2a: Oricorio\n|-boost|p2a: Oricorio|spa|1\n|-boost|p2a: Oricorio|spd|1\n|-boost|p2a: Oricorio|spe|1\n|\n|-damage|p2a: Oricorio|221/272 tox|[from] psn\n|upkeep\n|turn|3\n|\n|t:|1781391774\n|move|p1a: Klefki|Magnet Rise|p1a: Klefki\n|-start|p1a: Klefki|Magnet Rise\n|move|p2a: Oricorio|Hurricane|p1a: Klefki\n|-resisted|p1a: Klefki\n|-damage|p1a: Klefki|107/233\n|-start|p1a: Klefki|confusion\n|\n|-heal|p1a: Klefki|121/233|[from] item: Leftovers\n|-damage|p2a: Oricorio|170/272 tox|[from] psn\n|upkeep\n|turn|4\n|\n|t:|1781391779\n|-activate|p1a: Klefki|confusion\n|move|p1a: Klefki|Spikes|p2a: Oricorio\n|-sidestart|p2: napoliones|Spikes\n|move|p2a: Oricorio|Hurricane|p1a: Klefki|[miss]\n|-miss|p2a: Oricorio|p1a: Klefki\n|\n|-heal|p1a: Klefki|135/233|[from] item: Leftovers\n|-damage|p2a: Oricorio|102/272 tox|[from] psn\n|upkeep\n|turn|5\n|\n|t:|1781391784\n|-activate|p1a: Klefki|confusion\n|move|p1a: Klefki|Spikes|p2a: Oricorio\n|-sidestart|p2: napoliones|Spikes\n|move|p2a: Oricorio|Hurricane|p1a: Klefki\n|-resisted|p1a: Klefki\n|-damage|p1a: Klefki|4/233\n|\n|-heal|p1a: Klefki|18/233|[from] item: Leftovers\n|-damage|p2a: Oricorio|17/272 tox|[from] psn\n|upkeep\n|turn|6\n|\n|t:|1781391790\n|-activate|p1a: Klefki|confusion\n|-damage|p1a: Klefki|0 fnt|[from] confusion\n|faint|p1a: Klefki\n|move|p2a: Oricorio|Revelation Dance|p1: Klefki|[notarget]\n|-fail|p2a: Oricorio\n|\n|-damage|p2a: Oricorio|0 fnt|[from] psn\n|faint|p2a: Oricorio\n|upkeep\n|\n|t:|1781391796\n|switch|p2a: Kilowattrel|Kilowattrel, L83, M|252/252\n|switch|p1a: Dudunsparce|Dudunsparce-Three-Segment, L83, M|343/343\n|turn|7\n|\n|t:|1781391802\n|move|p2a: Kilowattrel|Thunderbolt|p1a: Dudunsparce\n|-damage|p1a: Dudunsparce|232/343\n|move|p1a: Dudunsparce|Toxic|p2a: Kilowattrel\n|-status|p2a: Kilowattrel|tox\n|\n|-heal|p1a: Dudunsparce|253/343|[from] item: Leftovers\n|-damage|p2a: Kilowattrel|237/252 tox|[from] psn\n|upkeep\n|turn|8\n|\n|t:|1781391805\n|move|p2a: Kilowattrel|Thunderbolt|p1a: Dudunsparce\n|-damage|p1a: Dudunsparce|139/343\n|move|p1a: Dudunsparce|Boomburst|p2a: Kilowattrel\n|-damage|p2a: Kilowattrel|45/252 tox\n|\n|-heal|p1a: Dudunsparce|160/343|[from] item: Leftovers\n|-damage|p2a: Kilowattrel|15/252 tox|[from] psn\n|upkeep\n|turn|9\n|\n|t:|1781391807\n|move|p2a: Kilowattrel|Hurricane|p1a: Dudunsparce\n|-damage|p1a: Dudunsparce|30/343\n|move|p1a: Dudunsparce|Roost|p1a: Dudunsparce\n|-heal|p1a: Dudunsparce|202/343\n|-singleturn|p1a: Dudunsparce|move: Roost\n|\n|-heal|p1a: Dudunsparce|223/343|[from] item: Leftovers\n|-damage|p2a: Kilowattrel|0 fnt|[from] psn\n|faint|p2a: Kilowattrel\n|upkeep\n|\n|t:|1781391812\n|switch|p2a: Pawmot|Pawmot, L80, F|243/243\n|-damage|p2a: Pawmot|203/243|[from] Spikes\n|turn|10\n|\n|t:|1781391818\n|move|p2a: Pawmot|Close Combat|p1a: Dudunsparce\n|-supereffective|p1a: Dudunsparce\n|-damage|p1a: Dudunsparce|0 fnt\n|-unboost|p2a: Pawmot|def|1\n|-unboost|p2a: Pawmot|spd|1\n|faint|p1a: Dudunsparce\n|-damage|p2a: Pawmot|179/243|[from] item: Life Orb\n|\n|upkeep\n|\n|t:|1781391821\n|switch|p1a: Emboar|Emboar, L84, F|322/322\n|turn|11\n|\n|t:|1781391827\n|move|p1a: Emboar|Flare Blitz|p2a: Pawmot\n|-damage|p2a: Pawmot|0 fnt\n|faint|p2a: Pawmot\n|-damage|p1a: Emboar|263/322|[from] Recoil\n|\n|upkeep\n|\n|t:|1781391832\n|switch|p2a: Kommo-o|Kommo-o, L78, F|245/245\n|-damage|p2a: Kommo-o|205/245|[from] Spikes\n|turn|12\n|\n|t:|1781391835\n|switch|p1a: Alcremie|Alcremie-Lemon-Cream, L90, F|263/263\n|move|p2a: Kommo-o|Clangorous Soul|p2a: Kommo-o\n|-boost|p2a: Kommo-o|atk|1\n|-boost|p2a: Kommo-o|def|1\n|-boost|p2a: Kommo-o|spa|1\n|-boost|p2a: Kommo-o|spd|1\n|-boost|p2a: Kommo-o|spe|1\n|-damage|p2a: Kommo-o|125/245\n|-enditem|p2a: Kommo-o|Throat Spray\n|-boost|p2a: Kommo-o|spa|1|[from] item: Throat Spray\n|\n|upkeep\n|turn|13\n|\n|t:|1781391839\n|-terastallize|p2a: Kommo-o|Normal\n|-terastallize|p1a: Alcremie|Ground\n|move|p2a: Kommo-o|Boomburst|p1a: Alcremie\n|-damage|p1a: Alcremie|61/263\n|move|p1a: Alcremie|Tera Blast|p2a: Kommo-o|[anim] Tera Blast Ground\n|-damage|p2a: Kommo-o|58/245\n|\n|-heal|p1a: Alcremie|77/263|[from] item: Leftovers\n|upkeep\n|turn|14\n|\n|t:|1781391846\n|move|p2a: Kommo-o|Boomburst|p1a: Alcremie\n|-damage|p1a: Alcremie|0 fnt\n|faint|p1a: Alcremie\n|\n|upkeep\n|\n|t:|1781391852\n|switch|p1a: Emboar|Emboar, L84, F|263/322\n|turn|15\n|\n|t:|1781391856\n|move|p2a: Kommo-o|Boomburst|p1a: Emboar\n|-damage|p1a: Emboar|0 fnt\n|faint|p1a: Emboar\n|\n|upkeep\n|\n|t:|1781391858\n|switch|p1a: Whiscash|Whiscash, L88, M|337/337\n|turn|16\n|\n|t:|1781391863\n|move|p2a: Kommo-o|Boomburst|p1a: Whiscash\n|-damage|p1a: Whiscash|58/337\n|move|p1a: Whiscash|Earthquake|p2a: Kommo-o\n|-damage|p2a: Kommo-o|0 fnt\n|faint|p2a: Kommo-o\n|-damage|p1a: Whiscash|25/337|[from] item: Life Orb\n|\n|upkeep\n|\n|t:|1781391868\n|switch|p2a: Vigoroth|Vigoroth, L85, M|275/275\n|-damage|p2a: Vigoroth|230/275|[from] Spikes\n|turn|17\n|\n|t:|1781391877\n|switch|p1a: Walking Wake|Walking Wake, L79|286/286\n|move|p2a: Vigoroth|Bulk Up|p2a: Vigoroth\n|-boost|p2a: Vigoroth|atk|1\n|-boost|p2a: Vigoroth|def|1\n|\n|upkeep\n|turn|18\n|\n|t:|1781391881\n|move|p1a: Walking Wake|Hydro Pump|p2a: Vigoroth|[miss]\n|-miss|p1a: Walking Wake|p2a: Vigoroth\n|move|p2a: Vigoroth|Body Slam|p1a: Walking Wake\n|-damage|p1a: Walking Wake|166/286\n|\n|upkeep\n|turn|19\n|\n|t:|1781391884\n|move|p1a: Walking Wake|Hydro Pump|p2a: Vigoroth\n|-damage|p2a: Vigoroth|65/275\n|move|p2a: Vigoroth|Body Slam|p1a: Walking Wake\n|-damage|p1a: Walking Wake|34/286\n|\n|upkeep\n|turn|20\n|c|\u2606napoliones|gg\n|\n|t:|1781391891\n|move|p1a: Walking Wake|Hydro Pump|p2a: Vigoroth|[miss]\n|-miss|p1a: Walking Wake|p2a: Vigoroth\n|move|p2a: Vigoroth|Body Slam|p1a: Walking Wake\n|-damage|p1a: Walking Wake|0 fnt\n|faint|p1a: Walking Wake\n|-end|p1a: Walking Wake|Protosynthesis|[silent]\n|\n|upkeep\n|\n|t:|1781391893\n|switch|p1a: Whiscash|Whiscash, L88, M|25/337\n|turn|21\n|l|\u2606Failtacular3245\n|inactive|Failtacular3245 disconnected and has a minute to reconnect!\n|player|p1|\n|c|\u2606napoliones|baka\n|inactive|Failtacular3245 has 30 seconds to reconnect!\n|inactive|Failtacular3245 has 20 seconds to reconnect!\n|inactive|Failtacular3245 has 15 seconds to reconnect!\n|inactive|Failtacular3245 has 10 seconds to reconnect!\n|inactive|Failtacular3245 has 5 seconds to reconnect!\n|-message|Failtacular3245 lost due to inactivity.\n|\n|win|napoliones\n", "inputlog": ">version a8376a258c1d4662feba110a92103f3664a72141\n>start {\"formatid\":\"gen9randombattle\",\"seed\":\"sodium,27b0f475c8abfe4980bf87e3f6ae141e\",\"rated\":\"Rated battle\"}\n>player p1 {\"name\":\"Failtacular3245\",\"avatar\":\"youngster-gen4dp\",\"rating\":1947,\"seed\":\"sodium,40f72d0d8eb119bddcfff826a65bf9c7\"}\n>player p2 {\"name\":\"napoliones\",\"avatar\":\"101\",\"rating\":1973,\"seed\":\"sodium,3bcffb2aad597b76877b214f4c6a262f\"}\n>chat \u2606napoliones|gl hf :)\n>p1 move toxic\n>p2 move quiverdance\n>p1 switch 3\n>p2 move quiverdance\n>p1 move magnetrise\n>p2 move hurricane\n>p1 move spikes\n>p2 move hurricane\n>p1 move spikes\n>p2 move hurricane\n>p1 move spikes\n>p2 move revelationdance\n>p1 switch 3\n>p2 switch 2\n>p1 move toxic\n>p2 move thunderbolt\n>p1 move boomburst\n>p2 move thunderbolt\n>p1 move roost\n>p2 move hurricane\n>p2 switch 4\n>p1 move earthquake\n>p2 move closecombat\n>p1 switch 6\n>p1 move flareblitz\n>p2 move revivalblessing\n>p2 switch 5\n>p1 switch 2\n>p2 move clangoroussoul\n>p1 move terablast terastallize\n>p2 move boomburst terastallize\n>p1 move alluringvoice\n>p2 move boomburst\n>p1 switch 2\n>p1 move closecombat\n>p2 move boomburst\n>p1 switch 4\n>p1 move earthquake\n>p2 move boomburst\n>p2 switch 3\n>p1 switch 5\n>p2 move bulkup\n>p1 move hydropump\n>p2 move bodyslam\n>p1 move hydropump\n>p2 move bodyslam\n>chat \u2606napoliones|gg\n>p1 move hydropump\n>p2 move bodyslam\n>p1 switch 5\n>chat \u2606napoliones|baka\n>forcelose p1", "uploadtime": 1781391755, "views": 5, "formatid": "gen9randombattle", "rating": null, "private": 0, "password": null}