{"id": "gen9randombattle-2631792515", "format": "[Gen 9] Random Battle", "players": ["honque honque", "dextross"], "log": "|j|\u2606honque honque\n|j|\u2606dextross\n|t:|1781440396\n|gametype|singles\n|player|p1|honque honque|2|1167\n|player|p2|dextross|cynthia|1173\n|gen|9\n|tier|[Gen 9] Random Battle\n|rated|\n|rule|Species Clause: Limit one of each Pok\u00e9mon\n|rule|HP Percentage Mod: HP is shown in percentages\n|rule|Sleep Clause Mod: Limit one foe put to sleep\n|rule|Illusion Level Mod: Illusion disguises the Pok\u00e9mon's true level\n|\n|t:|1781440396\n|teamsize|p1|6\n|teamsize|p2|6\n|start\n|switch|p1a: Landorus|Landorus, L75, M|257/257\n|switch|p2a: Piloswine|Piloswine, L85, F|309/309\n|turn|1\n|inactive|Battle timer is ON: inactive players will automatically lose when time's up. (requested by honque honque)\n|\n|t:|1781440414\n|move|p1a: Landorus|Stealth Rock|p2a: Piloswine\n|-sidestart|p2: dextross|move: Stealth Rock\n|move|p2a: Piloswine|Stealth Rock|p1a: Landorus\n|-sidestart|p1: honque honque|move: Stealth Rock\n|\n|upkeep\n|turn|2\n|\n|t:|1781440420\n|move|p1a: Landorus|Earth Power|p2a: Piloswine\n|-damage|p2a: Piloswine|184/309\n|move|p2a: Piloswine|Roar|p1a: Landorus\n|drag|p1a: Chimecho|Chimecho, L93, M|290/290\n|-damage|p1a: Chimecho|254/290|[from] Stealth Rock\n|\n|-heal|p1a: Chimecho|272/290|[from] item: Leftovers\n|upkeep\n|turn|3\n|\n|t:|1781440434\n|move|p1a: Chimecho|Calm Mind|p1a: Chimecho\n|-boost|p1a: Chimecho|spa|1\n|-boost|p1a: Chimecho|spd|1\n|move|p2a: Piloswine|Roar|p1a: Chimecho\n|drag|p1a: Iron Moth|Iron Moth, L78|253/253\n|\n|upkeep\n|turn|4\n|\n|t:|1781440445\n|move|p1a: Iron Moth|Fire Blast|p2a: Piloswine\n|-supereffective|p2a: Piloswine\n|-damage|p2a: Piloswine|56/309\n|move|p2a: Piloswine|Earthquake|p1a: Iron Moth\n|-supereffective|p1a: Iron Moth\n|-damage|p1a: Iron Moth|0 fnt\n|faint|p1a: Iron Moth\n|-end|p1a: Iron Moth|Quark Drive|[silent]\n|\n|upkeep\n|\n|t:|1781440462\n|switch|p1a: Vigoroth|Vigoroth, L85, M|275/275\n|-damage|p1a: Vigoroth|241/275|[from] Stealth Rock\n|turn|5\n|\n|t:|1781440482\n|switch|p2a: Drednaw|Drednaw, L81, F|278/278\n|-damage|p2a: Drednaw|244/278|[from] Stealth Rock\n|move|p1a: Vigoroth|Knock Off|p2a: Drednaw\n|-damage|p2a: Drednaw|183/278\n|-enditem|p2a: Drednaw|White Herb|[from] move: Knock Off|[of] p1a: Vigoroth\n|\n|upkeep\n|turn|6\n|\n|t:|1781440494\n|move|p1a: Vigoroth|Bulk Up|p1a: Vigoroth\n|-boost|p1a: Vigoroth|atk|1\n|-boost|p1a: Vigoroth|def|1\n|move|p2a: Drednaw|Shell Smash|p2a: Drednaw\n|-unboost|p2a: Drednaw|def|1\n|-unboost|p2a: Drednaw|spd|1\n|-boost|p2a: Drednaw|atk|2\n|-boost|p2a: Drednaw|spa|2\n|-boost|p2a: Drednaw|spe|2\n|\n|upkeep\n|turn|7\n|\n|t:|1781440520\n|move|p2a: Drednaw|Liquidation|p1a: Vigoroth\n|-damage|p1a: Vigoroth|153/275\n|move|p1a: Vigoroth|Knock Off|p2a: Drednaw\n|-damage|p2a: Drednaw|83/278\n|\n|upkeep\n|turn|8\n|\n|t:|1781440532\n|move|p2a: Drednaw|Liquidation|p1a: Vigoroth\n|-damage|p1a: Vigoroth|56/275\n|move|p1a: Vigoroth|Slack Off|p1a: Vigoroth\n|-heal|p1a: Vigoroth|194/275\n|\n|upkeep\n|turn|9\n|\n|t:|1781440542\n|move|p2a: Drednaw|Liquidation|p1a: Vigoroth\n|-damage|p1a: Vigoroth|98/275\n|move|p1a: Vigoroth|Slack Off|p1a: Vigoroth\n|-heal|p1a: Vigoroth|236/275\n|\n|upkeep\n|turn|10\n|\n|t:|1781440547\n|move|p2a: Drednaw|Liquidation|p1a: Vigoroth\n|-damage|p1a: Vigoroth|142/275\n|-unboost|p1a: Vigoroth|def|1\n|move|p1a: Vigoroth|Slack Off|p1a: Vigoroth\n|-heal|p1a: Vigoroth|275/275\n|\n|upkeep\n|turn|11\n|\n|t:|1781440561\n|move|p2a: Drednaw|Crunch|p1a: Vigoroth\n|-damage|p1a: Vigoroth|136/275\n|-unboost|p1a: Vigoroth|def|1\n|move|p1a: Vigoroth|Bulk Up|p1a: Vigoroth\n|-boost|p1a: Vigoroth|atk|1\n|-boost|p1a: Vigoroth|def|1\n|\n|upkeep\n|turn|12\n|\n|t:|1781440573\n|move|p2a: Drednaw|Crunch|p1a: Vigoroth\n|-damage|p1a: Vigoroth|10/275\n|move|p1a: Vigoroth|Knock Off|p2a: Drednaw\n|-damage|p2a: Drednaw|0 fnt\n|faint|p2a: Drednaw\n|\n|upkeep\n|\n|t:|1781440581\n|switch|p2a: Deoxys|Deoxys-Speed, L82|216/216\n|-damage|p2a: Deoxys|189/216|[from] Stealth Rock\n|-ability|p2a: Deoxys|Pressure\n|turn|13\n|\n|t:|1781440591\n|move|p2a: Deoxys|Dark Pulse|p1a: Vigoroth\n|-damage|p1a: Vigoroth|0 fnt\n|faint|p1a: Vigoroth\n|-damage|p2a: Deoxys|168/216|[from] item: Life Orb\n|\n|upkeep\n|\n|t:|1781440616\n|switch|p1a: Baxcalibur|Baxcalibur, L75, M|295/295\n|-damage|p1a: Baxcalibur|222/295|[from] Stealth Rock\n|turn|14\n|\n|t:|1781440629\n|move|p2a: Deoxys|Psycho Boost|p1a: Baxcalibur\n|-damage|p1a: Baxcalibur|26/295\n|-unboost|p2a: Deoxys|spa|2\n|-damage|p2a: Deoxys|147/216|[from] item: Life Orb\n|move|p1a: Baxcalibur|Swords Dance|p1a: Baxcalibur\n|-boost|p1a: Baxcalibur|atk|2\n|\n|upkeep\n|turn|15\n|\n|t:|1781440636\n|move|p2a: Deoxys|Dark Pulse|p1a: Baxcalibur\n|-damage|p1a: Baxcalibur|0 fnt\n|faint|p1a: Baxcalibur\n|-damage|p2a: Deoxys|126/216|[from] item: Life Orb\n|\n|upkeep\n|\n|t:|1781440645\n|switch|p1a: Chimecho|Chimecho, L93, M|272/290\n|-damage|p1a: Chimecho|236/290|[from] Stealth Rock\n|turn|16\n|\n|t:|1781440656\n|move|p2a: Deoxys|Dark Pulse|p1a: Chimecho\n|-supereffective|p1a: Chimecho\n|-damage|p1a: Chimecho|176/290\n|-damage|p2a: Deoxys|105/216|[from] item: Life Orb\n|move|p1a: Chimecho|Calm Mind|p1a: Chimecho\n|-boost|p1a: Chimecho|spa|1\n|-boost|p1a: Chimecho|spd|1\n|\n|-heal|p1a: Chimecho|194/290|[from] item: Leftovers\n|upkeep\n|turn|17\n|\n|t:|1781440668\n|move|p2a: Deoxys|Nasty Plot|p2a: Deoxys\n|-boost|p2a: Deoxys|spa|2\n|move|p1a: Chimecho|Calm Mind|p1a: Chimecho\n|-boost|p1a: Chimecho|spa|1\n|-boost|p1a: Chimecho|spd|1\n|\n|-heal|p1a: Chimecho|212/290|[from] item: Leftovers\n|upkeep\n|turn|18\n|\n|t:|1781440683\n|move|p2a: Deoxys|Dark Pulse|p1a: Chimecho\n|-supereffective|p1a: Chimecho\n|-damage|p1a: Chimecho|155/290\n|-damage|p2a: Deoxys|84/216|[from] item: Life Orb\n|cant|p1a: Chimecho|flinch\n|\n|-heal|p1a: Chimecho|173/290|[from] item: Leftovers\n|upkeep\n|turn|19\n|\n|t:|1781440691\n|-terastallize|p2a: Deoxys|Psychic\n|move|p2a: Deoxys|Nasty Plot|p2a: Deoxys\n|-boost|p2a: Deoxys|spa|2\n|move|p1a: Chimecho|Recover|p1a: Chimecho\n|-heal|p1a: Chimecho|290/290\n|\n|upkeep\n|turn|20\n|\n|t:|1781440719\n|move|p2a: Deoxys|Psycho Boost|p1a: Chimecho\n|-resisted|p1a: Chimecho\n|-damage|p1a: Chimecho|181/290\n|-unboost|p2a: Deoxys|spa|2\n|-damage|p2a: Deoxys|63/216|[from] item: Life Orb\n|move|p1a: Chimecho|Dazzling Gleam|p2a: Deoxys\n|-damage|p2a: Deoxys|0 fnt\n|faint|p2a: Deoxys\n|\n|-heal|p1a: Chimecho|199/290|[from] item: Leftovers\n|upkeep\n|\n|t:|1781440732\n|switch|p2a: Typhlosion|Typhlosion, L84, F|267/267\n|-damage|p2a: Typhlosion|201/267|[from] Stealth Rock\n|turn|21\n|\n|t:|1781440751\n|move|p2a: Typhlosion|Eruption|p1a: Chimecho\n|-damage|p1a: Chimecho|139/290\n|move|p1a: Chimecho|Psychic Noise|p2a: Typhlosion\n|-damage|p2a: Typhlosion|21/267\n|-start|p2a: Typhlosion|move: Heal Block\n|\n|-heal|p1a: Chimecho|157/290|[from] item: Leftovers\n|upkeep\n|turn|22\n|\n|t:|1781440766\n|switch|p2a: Garchomp|Garchomp, L74, M|282/282\n|-damage|p2a: Garchomp|265/282|[from] Stealth Rock\n|move|p1a: Chimecho|Recover|p1a: Chimecho\n|-heal|p1a: Chimecho|290/290\n|\n|upkeep\n|turn|23\n|\n|t:|1781440773\n|move|p1a: Chimecho|Dazzling Gleam|p2a: Garchomp\n|-supereffective|p2a: Garchomp\n|-damage|p2a: Garchomp|0 fnt\n|faint|p2a: Garchomp\n|\n|upkeep\n|\n|t:|1781440779\n|switch|p2a: Rabsca|Rabsca, L91, M|284/284\n|turn|24\n|\n|t:|1781440794\n|move|p1a: Chimecho|Calm Mind|p1a: Chimecho\n|-boost|p1a: Chimecho|spa|1\n|-boost|p1a: Chimecho|spd|1\n|move|p2a: Rabsca|Revival Blessing|p2a: Rabsca\n|\n|t:|1781440814\n|-heal|p2: Deoxys|108/216|[from] move: Revival Blessing\n|\n|upkeep\n|turn|25\n|\n|t:|1781440821\n|move|p1a: Chimecho|Dazzling Gleam|p2a: Rabsca\n|-damage|p2a: Rabsca|140/284\n|move|p2a: Rabsca|Psychic|p1a: Chimecho\n|-resisted|p1a: Chimecho\n|-damage|p1a: Chimecho|269/290\n|\n|-heal|p1a: Chimecho|287/290|[from] item: Leftovers\n|upkeep\n|turn|26\n|\n|t:|1781440828\n|move|p1a: Chimecho|Dazzling Gleam|p2a: Rabsca\n|-damage|p2a: Rabsca|0 fnt\n|faint|p2a: Rabsca\n|\n|-heal|p1a: Chimecho|290/290|[from] item: Leftovers\n|upkeep\n|\n|t:|1781440857\n|switch|p2a: Deoxys|Deoxys-Speed, L82|108/216\n|-damage|p2a: Deoxys|81/216|[from] Stealth Rock\n|-ability|p2a: Deoxys|Pressure\n|turn|27\n|\n|t:|1781440868\n|move|p2a: Deoxys|Dark Pulse|p1a: Chimecho\n|-supereffective|p1a: Chimecho\n|-damage|p1a: Chimecho|235/290\n|-damage|p2a: Deoxys|60/216|[from] item: Life Orb\n|move|p1a: Chimecho|Calm Mind|p1a: Chimecho\n|-boost|p1a: Chimecho|spa|1\n|-boost|p1a: Chimecho|spd|1\n|\n|-heal|p1a: Chimecho|253/290|[from] item: Leftovers\n|upkeep\n|turn|28\n|inactive|dextross has 120 seconds left.\n|\n|t:|1781440905\n|move|p2a: Deoxys|Dark Pulse|p1a: Chimecho\n|-supereffective|p1a: Chimecho\n|-damage|p1a: Chimecho|209/290\n|-damage|p2a: Deoxys|39/216|[from] item: Life Orb\n|cant|p1a: Chimecho|flinch\n|\n|-heal|p1a: Chimecho|227/290|[from] item: Leftovers\n|upkeep\n|turn|29\n|\n|t:|1781440912\n|move|p2a: Deoxys|Dark Pulse|p1a: Chimecho\n|-supereffective|p1a: Chimecho\n|-damage|p1a: Chimecho|183/290\n|-damage|p2a: Deoxys|18/216|[from] item: Life Orb\n|cant|p1a: Chimecho|flinch\n|\n|-heal|p1a: Chimecho|201/290|[from] item: Leftovers\n|upkeep\n|turn|30\n|inactive|dextross has 120 seconds left.\n|\n|t:|1781440937\n|move|p2a: Deoxys|Dark Pulse|p1a: Chimecho\n|-supereffective|p1a: Chimecho\n|-damage|p1a: Chimecho|159/290\n|-damage|p2a: Deoxys|0 fnt|[from] item: Life Orb\n|faint|p2a: Deoxys\n|move|p1a: Chimecho|Recover|p1a: Chimecho\n|-heal|p1a: Chimecho|290/290\n|\n|upkeep\n|\n|t:|1781440940\n|switch|p2a: Piloswine|Piloswine, L85, F|56/309\n|-damage|p2a: Piloswine|18/309|[from] Stealth Rock\n|turn|31\n|inactive|dextross has 120 seconds left.\n|\n|t:|1781440948\n|move|p1a: Chimecho|Dazzling Gleam|p2a: Piloswine\n|-damage|p2a: Piloswine|0 fnt\n|faint|p2a: Piloswine\n|\n|upkeep\n|inactive|dextross has 120 seconds left.\n|\n|t:|1781440961\n|switch|p2a: Typhlosion|Typhlosion, L84, F|21/267\n|-damage|p2a: Typhlosion|0 fnt|[from] Stealth Rock\n|faint|p2a: Typhlosion\n|\n|win|honque honque\n|raw|honque honque's rating: 1167 &rarr; <strong>1191</strong><br />(+24 for winning)\n|raw|dextross's rating: 1151 &rarr; <strong>1127</strong><br />(-24 for losing)\n|l|\u2606dextross\n|player|p2|\n", "inputlog": ">version a8376a258c1d4662feba110a92103f3664a72141\n>start {\"formatid\":\"gen9randombattle\",\"seed\":\"sodium,ae54a73748b78cf74d236ee281afb007\",\"rated\":\"Rated battle\"}\n>player p1 {\"name\":\"honque honque\",\"avatar\":\"2\",\"rating\":1167,\"seed\":\"sodium,de7f810305aa36fcb4874e8304c4e847\"}\n>player p2 {\"name\":\"dextross\",\"avatar\":\"cynthia\",\"rating\":1173,\"seed\":\"sodium,f3d7befe60da22865ae051dd05cdaa38\"}\n>p1 move stealthrock\n>p2 move stealthrock\n>p1 move earthpower\n>p2 move roar\n>p1 move calmmind\n>p2 move roar\n>p1 move fireblast\n>p2 move earthquake\n>p1 switch 2\n>p1 move knockoff\n>p2 switch 6\n>p1 move bulkup\n>p2 move shellsmash\n>p1 move knockoff\n>p2 move liquidation\n>p1 move slackoff\n>p2 move liquidation\n>p1 move slackoff\n>p2 move liquidation\n>p1 move slackoff\n>p2 move liquidation\n>p1 move bulkup\n>p2 move crunch\n>p1 move knockoff\n>p2 move crunch\n>p2 switch 4\n>p1 move knockoff\n>p2 move darkpulse\n>p1 switch 3\n>p1 move swordsdance\n>p2 move psychoboost\n>p1 move scaleshot\n>p2 move darkpulse\n>p1 switch 5\n>p1 move calmmind\n>p2 move darkpulse\n>p1 move calmmind\n>p2 move nastyplot\n>p1 move recover\n>p2 move darkpulse\n>p1 move recover\n>p2 move nastyplot terastallize\n>p1 move dazzlinggleam\n>p2 move psychoboost\n>p2 switch 2\n>p1 move psychicnoise\n>p2 move eruption\n>p1 move recover\n>p2 switch 3\n>p1 move dazzlinggleam\n>p2 move dragontail\n>p2 switch 5\n>p1 move calmmind\n>p2 move revivalblessing\n>p2 switch 2\n>p1 move dazzlinggleam\n>p2 move psychic\n>p1 move dazzlinggleam\n>p2 move bugbuzz\n>p2 switch 2\n>p1 move calmmind\n>p2 move darkpulse\n>p1 move dazzlinggleam\n>p2 move darkpulse\n>p1 move dazzlinggleam\n>p2 move darkpulse\n>p1 move recover\n>p2 move darkpulse\n>p2 switch 6\n>p1 move dazzlinggleam\n>p2 move roar\n>p2 switch 3", "uploadtime": 1781440984, "views": 9, "formatid": "gen9randombattle", "rating": 1127, "private": 0, "password": null}