{"id": "gen9randombattle-2631634356", "format": "[Gen 9] Random Battle", "players": ["Charizard is Mid", "bluesun000"], "log": "|j|\u2606Charizard is Mid\n|j|\u2606bluesun000\n|t:|1781412231\n|gametype|singles\n|player|p1|Charizard is Mid|pokekid|1918\n|player|p2|bluesun000|palmer|1918\n|gen|9\n|tier|[Gen 9] Random Battle\n|rated|\n|rule|Species Clause: Limit one of each Pok\u00e9mon\n|rule|HP Percentage Mod: HP is shown in percentages\n|rule|Sleep Clause Mod: Limit one foe put to sleep\n|rule|Illusion Level Mod: Illusion disguises the Pok\u00e9mon's true level\n|\n|t:|1781412231\n|teamsize|p1|6\n|teamsize|p2|6\n|start\n|switch|p1a: Dondozo|Dondozo, L78, M|362/362\n|switch|p2a: Rhydon|Rhydon, L85, M|317/317\n|turn|1\n|inactive|Battle timer is ON: inactive players will automatically lose when time's up. (requested by Charizard is Mid)\n|inactive|bluesun000 also wants the timer to be on.\n|inactive|bluesun000 has 120 seconds left.\n|inactive|Charizard is Mid has 120 seconds left.\n|\n|t:|1781412289\n|switch|p2a: Garchomp|Garchomp, L74, F|282/282\n|move|p1a: Dondozo|Wave Crash|p2a: Garchomp\n|-damage|p2a: Garchomp|168/282\n|-damage|p1a: Dondozo|317/362|[from] ability: Rough Skin|[of] p2a: Garchomp\n|-damage|p1a: Dondozo|257/362|[from] item: Rocky Helmet|[of] p2a: Garchomp\n|-damage|p1a: Dondozo|219/362|[from] Recoil\n|\n|-heal|p1a: Dondozo|241/362|[from] item: Leftovers\n|upkeep\n|turn|2\n|\n|t:|1781412309\n|move|p2a: Garchomp|Spikes|p1a: Dondozo\n|-sidestart|p1: Charizard is Mid|Spikes\n|move|p1a: Dondozo|Wave Crash|p2a: Garchomp\n|-damage|p2a: Garchomp|38/282\n|-damage|p1a: Dondozo|196/362|[from] ability: Rough Skin|[of] p2a: Garchomp\n|-damage|p1a: Dondozo|136/362|[from] item: Rocky Helmet|[of] p2a: Garchomp\n|-damage|p1a: Dondozo|93/362|[from] Recoil\n|\n|-heal|p1a: Dondozo|115/362|[from] item: Leftovers\n|upkeep\n|turn|3\n|\n|t:|1781412325\n|move|p2a: Garchomp|Outrage|p1a: Dondozo\n|-damage|p1a: Dondozo|0 fnt\n|faint|p1a: Dondozo\n|\n|upkeep\n|\n|t:|1781412330\n|switch|p1a: Magearna|Magearna-Original, L77|250/250\n|-damage|p1a: Magearna|219/250|[from] Spikes\n|turn|4\n|\n|t:|1781412335\n|move|p2a: Garchomp|Outrage|p1a: Magearna|[from] lockedmove\n|-immune|p1a: Magearna\n|move|p1a: Magearna|Shift Gear|p1a: Magearna\n|-boost|p1a: Magearna|spe|2\n|-boost|p1a: Magearna|atk|1\n|\n|-heal|p1a: Magearna|234/250|[from] item: Leftovers\n|upkeep\n|turn|5\n|\n|t:|1781412365\n|switch|p2a: Delphox|Delphox, L84, M|263/263\n|move|p1a: Magearna|Flash Cannon|p2a: Delphox\n|-resisted|p2a: Delphox\n|-damage|p2a: Delphox|225/263\n|\n|-heal|p1a: Magearna|249/250|[from] item: Leftovers\n|upkeep\n|turn|6\n|\n|t:|1781412390\n|move|p2a: Delphox|Fire Blast|p1a: Magearna\n|-supereffective|p1a: Magearna\n|-damage|p1a: Magearna|21/250\n|move|p1a: Magearna|Fleur Cannon|p2a: Delphox\n|-resisted|p2a: Delphox\n|-damage|p2a: Delphox|162/263\n|-unboost|p1a: Magearna|spa|2\n|\n|-heal|p1a: Magearna|36/250|[from] item: Leftovers\n|upkeep\n|turn|7\n|\n|t:|1781412398\n|switch|p1a: Infernape|Infernape, L82, M|259/259\n|-damage|p1a: Infernape|227/259|[from] Spikes\n|move|p2a: Delphox|Fire Blast|p1a: Infernape\n|-resisted|p1a: Infernape\n|-damage|p1a: Infernape|153/259\n|\n|upkeep\n|turn|8\n|\n|t:|1781412406\n|switch|p2a: Garchomp|Garchomp, L74, F|38/282\n|move|p1a: Infernape|U-turn|p2a: Garchomp\n|-damage|p2a: Garchomp|0 fnt\n|-damage|p1a: Infernape|121/259|[from] ability: Rough Skin|[of] p2a: Garchomp\n|-damage|p1a: Infernape|78/259|[from] item: Rocky Helmet|[of] p2a: Garchomp\n|faint|p2a: Garchomp\n|\n|t:|1781412411\n|switch|p1a: Magearna|Magearna-Original, L77|36/250|[from] U-turn\n|-damage|p1a: Magearna|5/250|[from] Spikes\n|\n|-heal|p1a: Magearna|20/250|[from] item: Leftovers\n|upkeep\n|\n|t:|1781412430\n|switch|p2a: Pikachu|Pikachu-Unova, L93, M|216/216\n|turn|9\n|\n|t:|1781412440\n|move|p2a: Pikachu|Fake Out|p1a: Magearna\n|-resisted|p1a: Magearna\n|-damage|p1a: Magearna|0 fnt\n|faint|p1a: Magearna\n|\n|upkeep\n|\n|t:|1781412447\n|switch|p1a: Thundurus|Thundurus-Therian, L80, M|258/258\n|turn|10\n|inactive|bluesun000 has 120 seconds left.\n|\n|t:|1781412496\n|move|p2a: Pikachu|Knock Off|p1a: Thundurus\n|-damage|p1a: Thundurus|111/258\n|-enditem|p1a: Thundurus|Heavy-Duty Boots|[from] move: Knock Off|[of] p2a: Pikachu\n|move|p1a: Thundurus|Nasty Plot|p1a: Thundurus\n|-boost|p1a: Thundurus|spa|2\n|\n|upkeep\n|turn|11\n|\n|t:|1781412509\n|move|p2a: Pikachu|Surf|p1a: Thundurus\n|-damage|p1a: Thundurus|7/258\n|move|p1a: Thundurus|Focus Blast|p2a: Pikachu\n|-damage|p2a: Pikachu|0 fnt\n|faint|p2a: Pikachu\n|\n|upkeep\n|\n|t:|1781412516\n|switch|p2a: Electrode|Electrode-Hisui, L87|246/246\n|turn|12\n|\n|t:|1781412535\n|move|p2a: Electrode|Substitute|p2a: Electrode\n|-start|p2a: Electrode|Substitute\n|-damage|p2a: Electrode|185/246\n|move|p1a: Thundurus|Tera Blast|p2a: Electrode\n|-end|p2a: Electrode|Substitute\n|\n|-heal|p2a: Electrode|200/246|[from] item: Leftovers\n|upkeep\n|turn|13\n|\n|t:|1781412541\n|move|p2a: Electrode|Giga Drain|p1a: Thundurus\n|-resisted|p1a: Thundurus\n|-damage|p1a: Thundurus|0 fnt\n|-heal|p2a: Electrode|204/246|[from] drain|[of] p1a: Thundurus\n|faint|p1a: Thundurus\n|\n|-heal|p2a: Electrode|219/246|[from] item: Leftovers\n|upkeep\n|\n|t:|1781412545\n|switch|p1a: Dodrio|Dodrio, L85, F|241/241\n|turn|14\n|\n|t:|1781412566\n|-terastallize|p1a: Dodrio|Flying\n|move|p2a: Electrode|Substitute|p2a: Electrode\n|-start|p2a: Electrode|Substitute\n|-damage|p2a: Electrode|158/246\n|move|p1a: Dodrio|Brave Bird|p2a: Electrode\n|-crit|p2a: Electrode\n|-end|p2a: Electrode|Substitute\n|-damage|p1a: Dodrio|221/241|[from] Recoil|[of] p2a: Electrode\n|\n|-heal|p2a: Electrode|173/246|[from] item: Leftovers\n|upkeep\n|turn|15\n|inactive|bluesun000 has 120 seconds left.\n|\n|t:|1781412575\n|move|p2a: Electrode|Thunderbolt|p1a: Dodrio\n|-supereffective|p1a: Dodrio\n|-damage|p1a: Dodrio|0 fnt\n|faint|p1a: Dodrio\n|\n|-heal|p2a: Electrode|188/246|[from] item: Leftovers\n|upkeep\n|\n|t:|1781412578\n|switch|p1a: Spectrier|Spectrier, L75|274/274\n|-damage|p1a: Spectrier|240/274|[from] Spikes\n|turn|16\n|inactive|bluesun000 has 120 seconds left.\n|\n|t:|1781412597\n|move|p2a: Electrode|Leech Seed|p1a: Spectrier\n|-start|p1a: Spectrier|move: Leech Seed\n|move|p1a: Spectrier|Nasty Plot|p1a: Spectrier\n|-boost|p1a: Spectrier|spa|2\n|\n|-heal|p2a: Electrode|203/246|[from] item: Leftovers\n|-heal|p1a: Spectrier|257/274|[from] item: Leftovers\n|-damage|p1a: Spectrier|223/274|[from] Leech Seed|[of] p2a: Electrode\n|-heal|p2a: Electrode|237/246|[silent]\n|upkeep\n|turn|17\n|\n|t:|1781412603\n|move|p2a: Electrode|Substitute|p2a: Electrode\n|-start|p2a: Electrode|Substitute\n|-damage|p2a: Electrode|176/246\n|move|p1a: Spectrier|Draining Kiss|p2a: Electrode\n|-end|p2a: Electrode|Substitute\n|-heal|p1a: Spectrier|269/274|[from] drain|[of] p2a: Electrode\n|\n|-heal|p2a: Electrode|191/246|[from] item: Leftovers\n|-heal|p1a: Spectrier|274/274|[from] item: Leftovers\n|-damage|p1a: Spectrier|240/274|[from] Leech Seed|[of] p2a: Electrode\n|-heal|p2a: Electrode|225/246|[silent]\n|upkeep\n|turn|18\n|\n|t:|1781412616\n|move|p2a: Electrode|Thunderbolt|p1a: Spectrier\n|-damage|p1a: Spectrier|141/274\n|move|p1a: Spectrier|Draining Kiss|p2a: Electrode\n|-damage|p2a: Electrode|149/246\n|-heal|p1a: Spectrier|198/274|[from] drain|[of] p2a: Electrode\n|\n|-heal|p2a: Electrode|164/246|[from] item: Leftovers\n|-heal|p1a: Spectrier|215/274|[from] item: Leftovers\n|-damage|p1a: Spectrier|181/274|[from] Leech Seed|[of] p2a: Electrode\n|-heal|p2a: Electrode|198/246|[silent]\n|upkeep\n|turn|19\n|\n|t:|1781412626\n|move|p2a: Electrode|Giga Drain|p1a: Spectrier\n|-damage|p1a: Spectrier|88/274\n|-heal|p2a: Electrode|245/246|[from] drain|[of] p1a: Spectrier\n|move|p1a: Spectrier|Draining Kiss|p2a: Electrode\n|-damage|p2a: Electrode|155/246\n|-heal|p1a: Spectrier|156/274|[from] drain|[of] p2a: Electrode\n|\n|-heal|p2a: Electrode|170/246|[from] item: Leftovers\n|-heal|p1a: Spectrier|173/274|[from] item: Leftovers\n|-damage|p1a: Spectrier|139/274|[from] Leech Seed|[of] p2a: Electrode\n|-heal|p2a: Electrode|204/246|[silent]\n|upkeep\n|turn|20\n|\n|t:|1781412643\n|move|p2a: Electrode|Giga Drain|p1a: Spectrier\n|-damage|p1a: Spectrier|55/274\n|-heal|p2a: Electrode|246/246|[from] drain|[of] p1a: Spectrier\n|move|p1a: Spectrier|Draining Kiss|p2a: Electrode\n|-damage|p2a: Electrode|161/246\n|-heal|p1a: Spectrier|119/274|[from] drain|[of] p2a: Electrode\n|\n|-heal|p2a: Electrode|176/246|[from] item: Leftovers\n|-heal|p1a: Spectrier|136/274|[from] item: Leftovers\n|-damage|p1a: Spectrier|102/274|[from] Leech Seed|[of] p2a: Electrode\n|-heal|p2a: Electrode|210/246|[silent]\n|upkeep\n|turn|21\n|\n|t:|1781412654\n|move|p2a: Electrode|Thunderbolt|p1a: Spectrier\n|-damage|p1a: Spectrier|0 fnt\n|faint|p1a: Spectrier\n|\n|-heal|p2a: Electrode|225/246|[from] item: Leftovers\n|upkeep\n|c|\u2606bluesun000|gg\n|-message|Charizard is Mid forfeited.\n|\n|win|bluesun000\n", "inputlog": ">version a8376a258c1d4662feba110a92103f3664a72141\n>start {\"formatid\":\"gen9randombattle\",\"seed\":\"sodium,6e2411aa0a2444fbe5c2547ad6457b48\",\"rated\":\"Rated battle\"}\n>player p1 {\"name\":\"Charizard is Mid\",\"avatar\":\"pokekid\",\"rating\":1918,\"seed\":\"sodium,2b48c53cb4323d5457eaa33f22e69a40\"}\n>player p2 {\"name\":\"bluesun000\",\"avatar\":\"palmer\",\"rating\":1918,\"seed\":\"sodium,92dd8770ee47c68276c575697ded8e36\"}\n>p1 move wavecrash\n>p2 switch 3\n>p1 move wavecrash\n>p2 move spikes\n>p1 move wavecrash\n>p2 move outrage\n>p1 switch 4\n>p1 move shiftgear\n>p2 move outrage\n>p1 move flashcannon\n>p2 switch 2\n>p1 move fleurcannon\n>p2 move fireblast\n>p1 switch 3\n>p2 move fireblast\n>p1 move uturn\n>p2 switch 2\n>p1 switch 3\n>p2 switch 5\n>p1 move fleurcannon\n>p2 move fakeout\n>p1 switch 2\n>p1 move nastyplot\n>p2 move knockoff\n>p1 move focusblast\n>p2 move surf\n>p2 switch 4\n>p1 move terablast\n>p2 move substitute\n>p1 move terablast\n>p2 move gigadrain\n>p1 switch 6\n>p1 move bravebird terastallize\n>p2 move substitute\n>p1 move knockoff\n>p2 move thunderbolt\n>p1 switch 5\n>p1 move nastyplot\n>p2 move leechseed\n>p1 move drainingkiss\n>p2 move substitute\n>p1 move drainingkiss\n>p2 move thunderbolt\n>p1 move drainingkiss\n>p2 move gigadrain\n>p1 move drainingkiss\n>p2 move gigadrain\n>p1 move shadowball\n>p2 move thunderbolt\n>chat \u2606bluesun000|gg\n>forcelose p1", "uploadtime": 1781412234, "views": 5, "formatid": "gen9randombattle", "rating": null, "private": 0, "password": null}