{"id": "gen9randombattle-2631381125", "format": "[Gen 9] Random Battle", "players": ["laloe281088", "Pepe Zombi"], "log": "|j|\u2606laloe281088\n|j|\u2606Pepe Zombi\n|t:|1781377921\n|gametype|singles\n|player|p1|laloe281088|265|2074\n|player|p2|Pepe Zombi|miku-ghost|2130\n|gen|9\n|tier|[Gen 9] Random Battle\n|rated|\n|rule|Species Clause: Limit one of each Pok\u00e9mon\n|rule|HP Percentage Mod: HP is shown in percentages\n|rule|Sleep Clause Mod: Limit one foe put to sleep\n|rule|Illusion Level Mod: Illusion disguises the Pok\u00e9mon's true level\n|\n|t:|1781377921\n|teamsize|p1|6\n|teamsize|p2|6\n|start\n|switch|p1a: Toedscruel|Toedscruel, L87, F|281/281\n|switch|p2a: Cobalion|Cobalion, L80|277/277\n|turn|1\n|inactive|Battle timer is ON: inactive players will automatically lose when time's up. (requested by Pepe Zombi)\n|\n|t:|1781377937\n|switch|p2a: Sawsbuck|Sawsbuck-Winter, L88, F|284/284\n|move|p1a: Toedscruel|Knock Off|p2a: Sawsbuck\n|-damage|p2a: Sawsbuck|220/284\n|-enditem|p2a: Sawsbuck|Life Orb|[from] move: Knock Off|[of] p1a: Toedscruel\n|\n|upkeep\n|turn|2\n|\n|t:|1781377947\n|switch|p1a: Grafaiai|Grafaiai, L86, M|249/249\n|move|p2a: Sawsbuck|Swords Dance|p2a: Sawsbuck\n|-boost|p2a: Sawsbuck|atk|2\n|\n|upkeep\n|turn|3\n|\n|t:|1781377954\n|move|p1a: Grafaiai|Swords Dance|p1a: Grafaiai\n|-boost|p1a: Grafaiai|atk|2\n|move|p2a: Sawsbuck|High Horsepower|p1a: Grafaiai\n|-supereffective|p1a: Grafaiai\n|-damage|p1a: Grafaiai|0 fnt\n|faint|p1a: Grafaiai\n|\n|upkeep\n|\n|t:|1781377967\n|switch|p1a: Persian|Persian, L92, M|269/269\n|turn|4\n|\n|t:|1781377971\n|move|p1a: Persian|Switcheroo|p2a: Sawsbuck\n|-activate|p1a: Persian|move: Trick|[of] p2a: Sawsbuck\n|-item|p2a: Sawsbuck|Choice Band|[from] move: Switcheroo\n|-enditem|p1a: Persian|Choice Band|[silent]|[from] move: Switcheroo\n|move|p2a: Sawsbuck|Horn Leech|p1a: Persian\n|-damage|p1a: Persian|0 fnt\n|-heal|p2a: Sawsbuck|284/284|[from] drain|[of] p1a: Persian\n|faint|p1a: Persian\n|\n|upkeep\n|\n|t:|1781377980\n|switch|p1a: Bellossom|Bellossom, L84, F|263/263\n|turn|5\n|j| rufoush\n|\n|t:|1781377984\n|switch|p2a: Dodrio|Dodrio, L85, M|241/241\n|move|p1a: Bellossom|Quiver Dance|p1a: Bellossom\n|-boost|p1a: Bellossom|spa|1\n|-boost|p1a: Bellossom|spd|1\n|-boost|p1a: Bellossom|spe|1\n|\n|upkeep\n|turn|6\n|\n|t:|1781377992\n|-terastallize|p1a: Bellossom|Fairy\n|move|p2a: Dodrio|Brave Bird|p1a: Bellossom\n|-damage|p1a: Bellossom|43/263\n|-damage|p2a: Dodrio|168/241|[from] Recoil\n|move|p1a: Bellossom|Quiver Dance|p1a: Bellossom\n|-boost|p1a: Bellossom|spa|1\n|-boost|p1a: Bellossom|spd|1\n|-boost|p1a: Bellossom|spe|1\n|\n|-heal|p1a: Bellossom|59/263|[from] item: Leftovers\n|upkeep\n|turn|7\n|\n|t:|1781378004\n|move|p1a: Bellossom|Strength Sap|p2a: Dodrio\n|-unboost|p2a: Dodrio|atk|1\n|-heal|p1a: Bellossom|263/263\n|move|p2a: Dodrio|Brave Bird|p1a: Bellossom\n|-damage|p1a: Bellossom|128/263\n|-damage|p2a: Dodrio|123/241|[from] Recoil\n|\n|-heal|p1a: Bellossom|144/263|[from] item: Leftovers\n|upkeep\n|turn|8\n|\n|t:|1781378015\n|switch|p2a: Cobalion|Cobalion, L80|277/277\n|move|p1a: Bellossom|Strength Sap|p2a: Cobalion\n|-unboost|p2a: Cobalion|atk|1\n|-heal|p1a: Bellossom|263/263\n|\n|upkeep\n|turn|9\n|\n|t:|1781378023\n|move|p1a: Bellossom|Moonblast|p2a: Cobalion\n|-damage|p2a: Cobalion|66/277\n|move|p2a: Cobalion|Iron Head|p1a: Bellossom\n|-supereffective|p1a: Bellossom\n|-damage|p1a: Bellossom|177/263\n|\n|-heal|p1a: Bellossom|193/263|[from] item: Leftovers\n|-heal|p2a: Cobalion|83/277|[from] item: Leftovers\n|upkeep\n|turn|10\n|\n|t:|1781378032\n|move|p1a: Bellossom|Quiver Dance|p1a: Bellossom\n|-boost|p1a: Bellossom|spa|1\n|-boost|p1a: Bellossom|spd|1\n|-boost|p1a: Bellossom|spe|1\n|move|p2a: Cobalion|Iron Head|p1a: Bellossom\n|-supereffective|p1a: Bellossom\n|-damage|p1a: Bellossom|91/263\n|\n|-heal|p1a: Bellossom|107/263|[from] item: Leftovers\n|-heal|p2a: Cobalion|100/277|[from] item: Leftovers\n|upkeep\n|turn|11\n|\n|t:|1781378042\n|switch|p2a: Sawsbuck|Sawsbuck-Winter, L88, F|284/284\n|move|p1a: Bellossom|Strength Sap|p2a: Sawsbuck\n|-ability|p2a: Sawsbuck|Sap Sipper|boost\n|-boost|p2a: Sawsbuck|atk|1\n|\n|-heal|p1a: Bellossom|123/263|[from] item: Leftovers\n|upkeep\n|turn|12\n|\n|t:|1781378051\n|move|p1a: Bellossom|Moonblast|p2a: Sawsbuck\n|-damage|p2a: Sawsbuck|0 fnt\n|faint|p2a: Sawsbuck\n|\n|-heal|p1a: Bellossom|139/263|[from] item: Leftovers\n|upkeep\n|\n|t:|1781378063\n|switch|p2a: Blaziken|Blaziken, L76, F|247/247\n|turn|13\n|\n|t:|1781378076\n|move|p1a: Bellossom|Moonblast|p2a: Blaziken\n|-damage|p2a: Blaziken|0 fnt\n|faint|p2a: Blaziken\n|\n|-heal|p1a: Bellossom|155/263|[from] item: Leftovers\n|upkeep\n|\n|t:|1781378079\n|switch|p2a: Swanna|Swanna, L89, F|278/278\n|turn|14\n|\n|t:|1781378086\n|move|p1a: Bellossom|Strength Sap|p2a: Swanna\n|-unboost|p2a: Swanna|atk|1\n|-heal|p1a: Bellossom|263/263\n|move|p2a: Swanna|Brave Bird|p1a: Bellossom\n|-damage|p1a: Bellossom|182/263\n|-damage|p2a: Swanna|251/278|[from] Recoil\n|\n|-heal|p1a: Bellossom|198/263|[from] item: Leftovers\n|upkeep\n|turn|15\n|\n|t:|1781378097\n|move|p1a: Bellossom|Giga Drain|p2a: Swanna\n|-damage|p2a: Swanna|28/278\n|-heal|p1a: Bellossom|263/263|[from] drain|[of] p2a: Swanna\n|move|p2a: Swanna|Hydro Pump|p1a: Bellossom\n|-damage|p1a: Bellossom|220/263\n|\n|-heal|p1a: Bellossom|236/263|[from] item: Leftovers\n|upkeep\n|turn|16\n|\n|t:|1781378108\n|move|p1a: Bellossom|Moonblast|p2a: Swanna\n|-damage|p2a: Swanna|0 fnt\n|faint|p2a: Swanna\n|\n|-heal|p1a: Bellossom|252/263|[from] item: Leftovers\n|upkeep\n|\n|t:|1781378110\n|switch|p2a: Regidrago|Regidrago, L77|435/435\n|turn|17\n|\n|t:|1781378117\n|-terastallize|p2a: Regidrago|Steel\n|move|p1a: Bellossom|Moonblast|p2a: Regidrago\n|-resisted|p2a: Regidrago\n|-damage|p2a: Regidrago|234/435\n|move|p2a: Regidrago|Tera Blast|p1a: Bellossom|[anim] Tera Blast Steel\n|-supereffective|p1a: Bellossom\n|-damage|p1a: Bellossom|182/263\n|-damage|p2a: Regidrago|191/435|[from] item: Life Orb\n|\n|-heal|p1a: Bellossom|198/263|[from] item: Leftovers\n|upkeep\n|turn|18\n|\n|t:|1781378129\n|move|p1a: Bellossom|Moonblast|p2a: Regidrago\n|-resisted|p2a: Regidrago\n|-damage|p2a: Regidrago|10/435\n|-unboost|p2a: Regidrago|spa|1\n|move|p2a: Regidrago|Tera Blast|p1a: Bellossom|[anim] Tera Blast Steel\n|-supereffective|p1a: Bellossom\n|-damage|p1a: Bellossom|19/263\n|-damage|p2a: Regidrago|0 fnt|[from] item: Life Orb\n|faint|p2a: Regidrago\n|\n|-heal|p1a: Bellossom|35/263|[from] item: Leftovers\n|upkeep\n|\n|t:|1781378134\n|switch|p2a: Dodrio|Dodrio, L85, M|123/241\n|turn|19\n|\n|t:|1781378143\n|move|p1a: Bellossom|Strength Sap|p2a: Dodrio\n|-unboost|p2a: Dodrio|atk|1\n|-heal|p1a: Bellossom|263/263\n|move|p2a: Dodrio|Double-Edge|p1a: Bellossom\n|-damage|p1a: Bellossom|119/263\n|-damage|p2a: Dodrio|75/241|[from] Recoil\n|\n|-heal|p1a: Bellossom|135/263|[from] item: Leftovers\n|upkeep\n|turn|20\n|-message|Pepe Zombi forfeited.\n|\n|win|laloe281088\n", "inputlog": ">version a8376a258c1d4662feba110a92103f3664a72141\n>start {\"formatid\":\"gen9randombattle\",\"seed\":\"sodium,16bf3870b6927f4c3e088da8a70c1309\",\"rated\":\"Rated battle\"}\n>player p1 {\"name\":\"laloe281088\",\"avatar\":\"265\",\"rating\":2074,\"seed\":\"sodium,de3b084717f32e5c2b4ab86d0ea367f1\"}\n>player p2 {\"name\":\"Pepe Zombi\",\"avatar\":\"miku-ghost\",\"rating\":2130,\"seed\":\"sodium,a085a02feece970b32e6f147d86620c3\"}\n>p1 move knockoff\n>p2 switch 4\n>p1 switch 6\n>p2 move swordsdance\n>p1 move swordsdance\n>p2 move highhorsepower\n>p1 switch 2\n>p1 move switcheroo\n>p2 move hornleech\n>p1 switch 3\n>p1 move quiverdance\n>p2 switch 5\n>p1 move quiverdance terastallize\n>p2 move bravebird\n>p1 move strengthsap\n>p2 move bravebird\n>p1 move strengthsap\n>p2 switch 4\n>p1 move moonblast\n>p2 move ironhead\n>p1 move quiverdance\n>p2 move ironhead\n>p1 move strengthsap\n>p2 switch 5\n>p1 move moonblast\n>p2 move doubleedge\n>p2 switch 2\n>p1 move moonblast\n>p2 move flareblitz\n>p2 switch 3\n>p1 move strengthsap\n>p2 move bravebird\n>p1 move gigadrain\n>p2 move hydropump\n>p1 move moonblast\n>p2 move bravebird\n>p2 switch 6\n>p1 move moonblast\n>p2 move terablast terastallize\n>p1 move moonblast\n>p2 move terablast\n>p2 switch 4\n>p1 move strengthsap\n>p2 move doubleedge\n>forcelose p2", "uploadtime": 1781377922, "views": 9, "formatid": "gen9randombattle", "rating": null, "private": 0, "password": null}