{"id": "gen9randombattle-2631433874", "format": "[Gen 9] Random Battle", "players": ["JhuniorCq", "Petilil37"], "log": "|j|\u2606JhuniorCq\n|j|\u203dPetilil37\n|t:|1781384140\n|gametype|singles\n|player|p1|JhuniorCq|2|1990\n|player|p2|Petilil37|2|2060\n|gen|9\n|tier|[Gen 9] Random Battle\n|rated|\n|rule|Species Clause: Limit one of each Pok\u00e9mon\n|rule|HP Percentage Mod: HP is shown in percentages\n|rule|Sleep Clause Mod: Limit one foe put to sleep\n|rule|Illusion Level Mod: Illusion disguises the Pok\u00e9mon's true level\n|\n|t:|1781384140\n|teamsize|p1|6\n|teamsize|p2|6\n|start\n|switch|p1a: Cobalion|Cobalion, L80|277/277\n|switch|p2a: Houndoom|Houndoom, L87, F|272/272\n|turn|1\n|\n|t:|1781384159\n|switch|p1a: Dudunsparce|Dudunsparce, L83, F|343/343\n|switch|p2a: Seviper|Seviper, L93, M|287/287\n|\n|upkeep\n|turn|2\n|\n|t:|1781384166\n|move|p2a: Seviper|Switcheroo|p1a: Dudunsparce\n|-activate|p2a: Seviper|move: Trick|[of] p1a: Dudunsparce\n|-item|p1a: Dudunsparce|Choice Scarf|[from] move: Switcheroo\n|-item|p2a: Seviper|Leftovers|[from] move: Switcheroo\n|move|p1a: Dudunsparce|Boomburst|p2a: Seviper\n|-damage|p2a: Seviper|131/287\n|\n|-heal|p2a: Seviper|148/287|[from] item: Leftovers\n|upkeep\n|turn|3\n|\n|t:|1781384172\n|switch|p2a: Wigglytuff|Wigglytuff, L96, F|424/424\n|move|p1a: Dudunsparce|Boomburst|p2a: Wigglytuff\n|-damage|p2a: Wigglytuff|264/424\n|\n|-heal|p2a: Wigglytuff|290/424|[from] item: Leftovers\n|upkeep\n|turn|4\n|\n|t:|1781384179\n|switch|p1a: Farigiraf|Farigiraf, L90, M|362/362\n|move|p2a: Wigglytuff|Wish|p2a: Wigglytuff\n|\n|-heal|p2a: Wigglytuff|316/424|[from] item: Leftovers\n|upkeep\n|turn|5\n|\n|t:|1781384185\n|move|p1a: Farigiraf|Wish|p1a: Farigiraf\n|move|p2a: Wigglytuff|Knock Off|p1a: Farigiraf\n|-supereffective|p1a: Farigiraf\n|-damage|p1a: Farigiraf|214/362\n|-enditem|p1a: Farigiraf|Leftovers|[from] move: Knock Off|[of] p2a: Wigglytuff\n|\n|-heal|p2a: Wigglytuff|424/424|[from] move: Wish|[wisher] Wigglytuff\n|upkeep\n|turn|6\n|\n|t:|1781384194\n|switch|p2a: Houndoom|Houndoom, L87, F|272/272\n|move|p1a: Farigiraf|Psychic Noise|p2a: Houndoom\n|-immune|p2a: Houndoom\n|\n|-heal|p1a: Farigiraf|362/362|[from] move: Wish|[wisher] Farigiraf\n|upkeep\n|turn|7\n|\n|t:|1781384199\n|switch|p1a: Dudunsparce|Dudunsparce, L83, F|343/343\n|move|p2a: Houndoom|Dark Pulse|p1a: Dudunsparce\n|-damage|p1a: Dudunsparce|228/343\n|-ability|p1a: Dudunsparce|Rattled|boost\n|-boost|p1a: Dudunsparce|spe|1\n|\n|upkeep\n|turn|8\n|\n|t:|1781384208\n|move|p1a: Dudunsparce|Boomburst|p2a: Houndoom\n|-damage|p2a: Houndoom|136/272\n|move|p2a: Houndoom|Fire Blast|p1a: Dudunsparce\n|-damage|p1a: Dudunsparce|77/343\n|\n|upkeep\n|turn|9\n|\n|t:|1781384213\n|move|p2a: Houndoom|Sucker Punch|p1a: Dudunsparce\n|-damage|p1a: Dudunsparce|1/343\n|-ability|p1a: Dudunsparce|Rattled|boost\n|-boost|p1a: Dudunsparce|spe|1\n|move|p1a: Dudunsparce|Boomburst|p2a: Houndoom\n|-damage|p2a: Houndoom|0 fnt\n|faint|p2a: Houndoom\n|\n|upkeep\n|\n|t:|1781384219\n|switch|p2a: Wigglytuff|Wigglytuff, L96, F|424/424\n|turn|10\n|\n|t:|1781384233\n|move|p1a: Dudunsparce|Boomburst|p2a: Wigglytuff\n|-crit|p2a: Wigglytuff\n|-damage|p2a: Wigglytuff|166/424\n|move|p2a: Wigglytuff|Dazzling Gleam|p1a: Dudunsparce\n|-crit|p1a: Dudunsparce\n|-damage|p1a: Dudunsparce|0 fnt\n|faint|p1a: Dudunsparce\n|\n|-heal|p2a: Wigglytuff|192/424|[from] item: Leftovers\n|upkeep\n|\n|t:|1781384239\n|switch|p1a: Farigiraf|Farigiraf, L90, M|362/362\n|turn|11\n|\n|t:|1781384243\n|move|p2a: Wigglytuff|Protect|p2a: Wigglytuff\n|-singleturn|p2a: Wigglytuff|Protect\n|move|p1a: Farigiraf|Psychic Noise|p2a: Wigglytuff\n|-activate|p2a: Wigglytuff|move: Protect\n|\n|-heal|p2a: Wigglytuff|218/424|[from] item: Leftovers\n|upkeep\n|turn|12\n|\n|t:|1781384248\n|move|p1a: Farigiraf|Psychic Noise|p2a: Wigglytuff\n|-crit|p2a: Wigglytuff\n|-damage|p2a: Wigglytuff|7/424\n|-start|p2a: Wigglytuff|move: Heal Block\n|move|p2a: Wigglytuff|Knock Off|p1a: Farigiraf\n|-supereffective|p1a: Farigiraf\n|-damage|p1a: Farigiraf|256/362\n|\n|upkeep\n|turn|13\n|\n|t:|1781384257\n|switch|p2a: Feraligatr|Feraligatr, L79, M|264/264\n|move|p1a: Farigiraf|Body Slam|p2a: Feraligatr\n|-damage|p2a: Feraligatr|167/264\n|-status|p2a: Feraligatr|par\n|\n|upkeep\n|turn|14\n|inactive|Battle timer is ON: inactive players will automatically lose when time's up. (requested by JhuniorCq)\n|\n|t:|1781384263\n|switch|p1a: Cacturne|Cacturne, L92, F|278/278\n|move|p2a: Feraligatr|Liquidation|p1a: Cacturne\n|-immune|p1a: Cacturne|[from] ability: Water Absorb\n|\n|upkeep\n|turn|15\n|\n|t:|1781384271\n|move|p1a: Cacturne|Knock Off|p2a: Feraligatr\n|-damage|p2a: Feraligatr|0 fnt\n|-enditem|p2a: Feraligatr|Life Orb|[from] move: Knock Off|[of] p1a: Cacturne\n|faint|p2a: Feraligatr\n|-damage|p1a: Cacturne|251/278|[from] item: Life Orb\n|\n|upkeep\n|-message|Petilil37 forfeited.\n|\n|win|JhuniorCq\n", "inputlog": ">version a8376a258c1d4662feba110a92103f3664a72141\n>start {\"formatid\":\"gen9randombattle\",\"seed\":\"sodium,5ecd335845c007dbeeade3360f40e978\",\"rated\":\"Rated battle\"}\n>player p1 {\"name\":\"JhuniorCq\",\"avatar\":\"2\",\"rating\":1990,\"seed\":\"sodium,59b30ba91d9e0727786d908ba306f26e\"}\n>player p2 {\"name\":\"Petilil37\",\"avatar\":\"2\",\"rating\":2060,\"seed\":\"sodium,a0d54d1a4feec73fd7327b47b84ca9f0\"}\n>p1 switch 2\n>p2 switch 6\n>p1 move boomburst\n>p2 move switcheroo\n>p1 move boomburst\n>p2 switch 2\n>p1 switch 4\n>p2 move wish\n>p1 move wish\n>p2 move knockoff\n>p1 move psychicnoise\n>p2 switch 6\n>p1 switch 4\n>p2 move darkpulse\n>p1 move boomburst\n>p2 move fireblast\n>p1 move boomburst\n>p2 move suckerpunch\n>p2 switch 6\n>p1 move boomburst\n>p2 move dazzlinggleam\n>p1 switch 4\n>p1 move psychicnoise\n>p2 move protect\n>p1 move psychicnoise\n>p2 move knockoff\n>p1 move bodyslam\n>p2 switch 4\n>p1 switch 6\n>p2 move liquidation\n>p1 move knockoff\n>p2 move icepunch\n>forcelose p2", "uploadtime": 1781384142, "views": 10, "formatid": "gen9randombattle", "rating": null, "private": 0, "password": null}