{"id": "gen9randombattle-2631953600", "format": "[Gen 9] Random Battle", "players": ["jrgranitto", "1ns0n14"], "log": "|j|\u2606jrgranitto\n|j|\u26061ns0n14\n|t:|1781459417\n|gametype|singles\n|player|p1|jrgranitto|n|1038\n|player|p2|1ns0n14|waiter-gen4dp|1050\n|gen|9\n|tier|[Gen 9] Random Battle\n|rated|\n|rule|Species Clause: Limit one of each Pok\u00e9mon\n|rule|HP Percentage Mod: HP is shown in percentages\n|rule|Sleep Clause Mod: Limit one foe put to sleep\n|rule|Illusion Level Mod: Illusion disguises the Pok\u00e9mon's true level\n|\n|t:|1781459417\n|teamsize|p1|6\n|teamsize|p2|6\n|start\n|switch|p1a: Espathra|Espathra, L80, M|283/283\n|switch|p2a: Ribombee|Ribombee, L83, F|235/235\n|turn|1\n|\n|t:|1781459433\n|move|p1a: Espathra|Protect|p1a: Espathra\n|-singleturn|p1a: Espathra|Protect\n|move|p2a: Ribombee|Quiver Dance|p2a: Ribombee\n|-boost|p2a: Ribombee|spa|1\n|-boost|p2a: Ribombee|spd|1\n|-boost|p2a: Ribombee|spe|1\n|\n|-ability|p1a: Espathra|Speed Boost|boost\n|-boost|p1a: Espathra|spe|1\n|upkeep\n|turn|2\n|inactive|Battle timer is ON: inactive players will automatically lose when time's up. (requested by jrgranitto)\n|inactive|1ns0n14 also wants the timer to be on.\n|\n|t:|1781459448\n|move|p2a: Ribombee|Bug Buzz|p1a: Espathra\n|-supereffective|p1a: Espathra\n|-damage|p1a: Espathra|0 fnt\n|faint|p1a: Espathra\n|\n|upkeep\n|\n|t:|1781459456\n|switch|p1a: Regirock|Regirock, L83|268/268\n|turn|3\n|\n|t:|1781459471\n|-terastallize|p2a: Ribombee|Ground\n|move|p2a: Ribombee|Quiver Dance|p2a: Ribombee\n|-boost|p2a: Ribombee|spa|1\n|-boost|p2a: Ribombee|spd|1\n|-boost|p2a: Ribombee|spe|1\n|move|p1a: Regirock|Stone Edge|p2a: Ribombee\n|-resisted|p2a: Ribombee\n|-damage|p2a: Ribombee|165/235\n|\n|upkeep\n|turn|4\n|\n|t:|1781459493\n|move|p2a: Ribombee|Bug Buzz|p1a: Regirock\n|-damage|p1a: Regirock|109/268\n|move|p1a: Regirock|Body Press|p2a: Ribombee\n|-damage|p2a: Ribombee|34/235\n|\n|-heal|p1a: Regirock|125/268|[from] item: Leftovers\n|upkeep\n|turn|5\n|\n|t:|1781459507\n|move|p2a: Ribombee|Bug Buzz|p1a: Regirock\n|-damage|p1a: Regirock|0 fnt\n|faint|p1a: Regirock\n|\n|upkeep\n|\n|t:|1781459510\n|switch|p1a: Glastrier|Glastrier, L86|311/311\n|turn|6\n|\n|t:|1781459524\n|move|p2a: Ribombee|Tera Blast|p1a: Glastrier|[anim] Tera Blast Ground\n|-crit|p1a: Glastrier\n|-damage|p1a: Glastrier|104/311\n|move|p1a: Glastrier|Icicle Crash|p2a: Ribombee\n|-supereffective|p2a: Ribombee\n|-damage|p2a: Ribombee|0 fnt\n|faint|p2a: Ribombee\n|-ability|p1a: Glastrier|Chilling Neigh|boost\n|-boost|p1a: Glastrier|atk|1\n|\n|upkeep\n|inactive|1ns0n14 has 120 seconds left.\n|\n|t:|1781459550\n|switch|p2a: Luvdisc|Luvdisc, M|247/247\n|turn|7\n|\n|t:|1781459558\n|move|p2a: Luvdisc|Surf|p1a: Glastrier\n|-damage|p1a: Glastrier|44/311\n|move|p1a: Glastrier|Icicle Crash|p2a: Luvdisc\n|-resisted|p2a: Luvdisc\n|-damage|p2a: Luvdisc|76/247\n|\n|upkeep\n|turn|8\n|\n|t:|1781459565\n|move|p2a: Luvdisc|Surf|p1a: Glastrier\n|-damage|p1a: Glastrier|0 fnt\n|faint|p1a: Glastrier\n|\n|upkeep\n|\n|t:|1781459571\n|switch|p1a: Pawmot|Pawmot, L80, F|243/243\n|turn|9\n|\n|t:|1781459579\n|move|p2a: Luvdisc|Flip Turn|p1a: Pawmot\n|-damage|p1a: Pawmot|188/243\n|inactive|1ns0n14 has 120 seconds left.\n|\n|t:|1781459610\n|switch|p2a: Ursaluna|Ursaluna-Bloodmoon, L79, M|308/308|[from] Flip Turn\n|move|p1a: Pawmot|Double Shock|p2a: Ursaluna\n|-immune|p2a: Ursaluna\n|\n|upkeep\n|turn|10\n|inactive|1ns0n14 has 120 seconds left.\n|\n|t:|1781459621\n|switch|p1a: Grumpig|Grumpig, L92, F|297/297\n|move|p2a: Ursaluna|Earth Power|p1a: Grumpig\n|-damage|p1a: Grumpig|215/297\n|\n|upkeep\n|turn|11\n|inactive|1ns0n14 has 120 seconds left.\n|\n|t:|1781459635\n|move|p1a: Grumpig|Trick|p2a: Ursaluna\n|-activate|p1a: Grumpig|move: Trick|[of] p2a: Ursaluna\n|-item|p2a: Ursaluna|Choice Scarf|[from] move: Trick\n|-item|p1a: Grumpig|Leftovers|[from] move: Trick\n|move|p2a: Ursaluna|Calm Mind|p2a: Ursaluna\n|-boost|p2a: Ursaluna|spa|1\n|-boost|p2a: Ursaluna|spd|1\n|\n|-heal|p1a: Grumpig|233/297|[from] item: Leftovers\n|upkeep\n|turn|12\n|inactive|1ns0n14 has 120 seconds left.\n|\n|t:|1781459652\n|switch|p2a: Luvdisc|Luvdisc, M|76/247\n|move|p1a: Grumpig|Focus Blast|p2a: Luvdisc|[miss]\n|-miss|p1a: Grumpig|p2a: Luvdisc\n|\n|-heal|p1a: Grumpig|251/297|[from] item: Leftovers\n|upkeep\n|turn|13\n|\n|t:|1781459665\n|switch|p1a: Pawmot|Pawmot, L80, F|188/243\n|move|p2a: Luvdisc|Endeavor|p1a: Pawmot\n|-damage|p1a: Pawmot|76/243\n|\n|upkeep\n|turn|14\n|\n|t:|1781459678\n|move|p2a: Luvdisc|Surf|p1a: Pawmot\n|-damage|p1a: Pawmot|0 fnt\n|faint|p1a: Pawmot\n|\n|upkeep\n|\n|t:|1781459691\n|switch|p1a: Grumpig|Grumpig, L92, F|251/297\n|turn|15\n|\n|t:|1781459695\n|move|p2a: Luvdisc|Endeavor|p1a: Grumpig\n|-damage|p1a: Grumpig|76/297\n|move|p1a: Grumpig|Psychic|p2a: Luvdisc\n|-crit|p2a: Luvdisc\n|-damage|p2a: Luvdisc|0 fnt\n|faint|p2a: Luvdisc\n|\n|-heal|p1a: Grumpig|94/297|[from] item: Leftovers\n|upkeep\n|inactive|1ns0n14 has 120 seconds left.\n|\n|t:|1781459709\n|switch|p2a: Articuno|Articuno, L86|295/295\n|-ability|p2a: Articuno|Pressure\n|turn|16\n|\n|t:|1781459716\n|move|p1a: Grumpig|Psychic|p2a: Articuno\n|-damage|p2a: Articuno|211/295\n|move|p2a: Articuno|U-turn|p1a: Grumpig\n|-supereffective|p1a: Grumpig\n|-damage|p1a: Grumpig|0 fnt\n|faint|p1a: Grumpig\n|\n|t:|1781459724\n|switch|p2a: Electrode|Electrode-Hisui, L87|246/246|[from] U-turn\n|\n|upkeep\n|\n|t:|1781459733\n|switch|p1a: Dugtrio|Dugtrio, L84, M|196/196\n|turn|17\n|\n|t:|1781459759\n|move|p2a: Electrode|Giga Drain|p1a: Dugtrio\n|-supereffective|p1a: Dugtrio\n|-damage|p1a: Dugtrio|0 fnt\n|faint|p1a: Dugtrio\n|-damage|p2a: Electrode|222/246|[from] item: Life Orb\n|\n|win|1ns0n14\n|raw|jrgranitto's rating: 1038 &rarr; <strong>1023</strong><br />(-15 for losing)\n|raw|1ns0n14's rating: 1050 &rarr; <strong>1081</strong><br />(+31 for winning)\n|l|\u2606jrgranitto\n|player|p1|\n", "inputlog": ">version a8376a258c1d4662feba110a92103f3664a72141\n>start {\"formatid\":\"gen9randombattle\",\"seed\":\"sodium,e9d84e7e64e1681c57c62dae84e1a0c5\",\"rated\":\"Rated battle\"}\n>player p1 {\"name\":\"jrgranitto\",\"avatar\":\"n\",\"rating\":1038,\"seed\":\"sodium,f5645b4b4bf0df4d9becf7056fca9448\"}\n>player p2 {\"name\":\"1ns0n14\",\"avatar\":\"waiter-gen4dp\",\"rating\":1050,\"seed\":\"sodium,8e51843e50a1b5106b8cf37608c3c4dd\"}\n>p1 move protect\n>p2 move quiverdance\n>p1 move calmmind\n>p2 move bugbuzz\n>p1 switch 2\n>p1 move stoneedge\n>p2 move quiverdance terastallize\n>p1 move bodypress\n>p2 move bugbuzz\n>p1 move bodypress\n>p2 move bugbuzz\n>p1 switch 3\n>p1 move iciclecrash\n>p2 move terablast\n>p2 switch 2\n>p1 move iciclecrash\n>p2 move surf\n>p1 move iciclecrash\n>p2 move surf\n>p1 switch 4\n>p1 move doubleshock\n>p2 move flipturn\n>p2 switch 5\n>p1 switch 6\n>p2 move earthpower\n>p1 move trick\n>p2 move calmmind\n>p1 move focusblast\n>p2 switch 5\n>p1 switch 6\n>p2 move endeavor\n>p1 move revivalblessing\n>p2 move surf\n>p1 switch 6\n>p1 move psychic\n>p2 move endeavor\n>p2 switch 6\n>p1 move psychic\n>p2 move uturn\n>p2 switch 4\n>p1 switch 5\n>p1 move swordsdance\n>p2 move gigadrain", "uploadtime": 1781459771, "views": 5, "formatid": "gen9randombattle", "rating": 1023, "private": 0, "password": null}