{"id": "gen9randombattle-2631384688", "format": "[Gen 9] Random Battle", "players": ["ybg mihan", "cococem"], "log": "|j|\u2606ybg mihan\n|j|\u2606cococem\n|t:|1781378334\n|gametype|singles\n|player|p1|ybg mihan|170|2062\n|player|p2|cococem|baker|2118\n|gen|9\n|tier|[Gen 9] Random Battle\n|rated|\n|rule|Species Clause: Limit one of each Pok\u00e9mon\n|rule|HP Percentage Mod: HP is shown in percentages\n|rule|Sleep Clause Mod: Limit one foe put to sleep\n|rule|Illusion Level Mod: Illusion disguises the Pok\u00e9mon's true level\n|\n|t:|1781378334\n|teamsize|p1|6\n|teamsize|p2|6\n|start\n|switch|p1a: Squawkabilly|Squawkabilly-Yellow, L89, M|291/291\n|switch|p2a: Hitmonlee|Hitmonlee, L85, M|223/223\n|turn|1\n|\n|t:|1781378340\n|move|p2a: Hitmonlee|Mach Punch|p1a: Squawkabilly\n|-damage|p1a: Squawkabilly|189/291\n|move|p1a: Squawkabilly|Brave Bird|p2a: Hitmonlee\n|-supereffective|p2a: Hitmonlee\n|-damage|p2a: Hitmonlee|0 fnt\n|faint|p2a: Hitmonlee\n|-damage|p1a: Squawkabilly|115/291|[from] Recoil\n|\n|upkeep\n|inactive|Battle timer is ON: inactive players will automatically lose when time's up. (requested by ybg mihan)\n|\n|t:|1781378343\n|switch|p2a: Grafaiai|Grafaiai, L86, F|249/249\n|turn|2\n|\n|t:|1781378358\n|switch|p1a: Hitmonchan|Hitmonchan, L87, M|229/229\n|move|p2a: Grafaiai|Gunk Shot|p1a: Hitmonchan\n|-damage|p1a: Hitmonchan|79/229\n|\n|upkeep\n|turn|3\n|\n|t:|1781378363\n|move|p2a: Grafaiai|Gunk Shot|p1a: Hitmonchan\n|-damage|p1a: Hitmonchan|0 fnt\n|faint|p1a: Hitmonchan\n|\n|upkeep\n|\n|t:|1781378366\n|switch|p1a: Latias|Latias, L79, F|256/256\n|turn|4\n|\n|t:|1781378370\n|move|p2a: Grafaiai|U-turn|p1a: Latias\n|-supereffective|p1a: Latias\n|-damage|p1a: Latias|142/256\n|\n|t:|1781378372\n|switch|p2a: Jumpluff|Jumpluff, L87, M|271/271|[from] U-turn\n|move|p1a: Latias|Psyshock|p2a: Jumpluff\n|-damage|p2a: Jumpluff|159/271\n|\n|upkeep\n|turn|5\n|\n|t:|1781378378\n|move|p2a: Jumpluff|Substitute|p2a: Jumpluff\n|-start|p2a: Jumpluff|Substitute\n|-damage|p2a: Jumpluff|92/271\n|move|p1a: Latias|Psyshock|p2a: Jumpluff\n|-end|p2a: Jumpluff|Substitute\n|\n|upkeep\n|turn|6\n|\n|t:|1781378382\n|move|p2a: Jumpluff|Strength Sap|p1a: Latias\n|-unboost|p1a: Latias|atk|1\n|-heal|p2a: Jumpluff|223/271\n|move|p1a: Latias|Psyshock|p2a: Jumpluff\n|-damage|p2a: Jumpluff|111/271\n|\n|upkeep\n|turn|7\n|\n|t:|1781378385\n|move|p2a: Jumpluff|Acrobatics|p1a: Latias\n|-damage|p1a: Latias|55/256\n|move|p1a: Latias|Psyshock|p2a: Jumpluff\n|-damage|p2a: Jumpluff|3/271\n|\n|upkeep\n|turn|8\n|\n|t:|1781378392\n|switch|p1a: Fezandipiti|Fezandipiti, L82, M|278/278\n|move|p2a: Jumpluff|Acrobatics|p1a: Fezandipiti\n|-damage|p1a: Fezandipiti|194/278\n|\n|-heal|p1a: Fezandipiti|211/278|[from] item: Leftovers\n|upkeep\n|turn|9\n|\n|t:|1781378399\n|move|p2a: Jumpluff|Acrobatics|p1a: Fezandipiti\n|-crit|p1a: Fezandipiti\n|-damage|p1a: Fezandipiti|72/278\n|move|p1a: Fezandipiti|Moonblast|p2a: Jumpluff\n|-damage|p2a: Jumpluff|0 fnt\n|faint|p2a: Jumpluff\n|\n|-heal|p1a: Fezandipiti|89/278|[from] item: Leftovers\n|upkeep\n|\n|t:|1781378402\n|switch|p2a: Grafaiai|Grafaiai, L86, F|249/249\n|turn|10\n|\n|t:|1781378405\n|move|p2a: Grafaiai|Gunk Shot|p1a: Fezandipiti|[miss]\n|-miss|p2a: Grafaiai|p1a: Fezandipiti\n|move|p1a: Fezandipiti|Roost|p1a: Fezandipiti\n|-heal|p1a: Fezandipiti|228/278\n|-singleturn|p1a: Fezandipiti|move: Roost\n|\n|-heal|p1a: Fezandipiti|245/278|[from] item: Leftovers\n|upkeep\n|turn|11\n|\n|t:|1781378410\n|switch|p1a: Latias|Latias, L79, F|55/256\n|move|p2a: Grafaiai|Knock Off|p1a: Latias\n|-supereffective|p1a: Latias\n|-damage|p1a: Latias|0 fnt\n|-enditem|p1a: Latias|Soul Dew|[from] move: Knock Off|[of] p2a: Grafaiai\n|faint|p1a: Latias\n|\n|upkeep\n|\n|t:|1781378413\n|switch|p1a: Bruxish|Bruxish, L85, M|254/254\n|turn|12\n|\n|t:|1781378418\n|-terastallize|p2a: Grafaiai|Dark\n|move|p2a: Grafaiai|Knock Off|p1a: Bruxish\n|-supereffective|p1a: Bruxish\n|-crit|p1a: Bruxish\n|-damage|p1a: Bruxish|0 fnt\n|-enditem|p1a: Bruxish|Choice Band|[from] move: Knock Off|[of] p2a: Grafaiai\n|faint|p1a: Bruxish\n|\n|upkeep\n|\n|t:|1781378427\n|switch|p1a: Hawlucha|Hawlucha, L80, M|256/256\n|turn|13\n|\n|t:|1781378433\n|move|p2a: Grafaiai|Gunk Shot|p1a: Hawlucha|[miss]\n|-miss|p2a: Grafaiai|p1a: Hawlucha\n|move|p1a: Hawlucha|Close Combat|p2a: Grafaiai\n|-supereffective|p2a: Grafaiai\n|-damage|p2a: Grafaiai|0 fnt\n|-unboost|p1a: Hawlucha|def|1\n|-unboost|p1a: Hawlucha|spd|1\n|faint|p2a: Grafaiai\n|-enditem|p1a: Hawlucha|White Herb\n|-clearnegativeboost|p1a: Hawlucha|[silent]\n|\n|upkeep\n|\n|t:|1781378436\n|switch|p2a: Magmortar|Magmortar, L88, F|275/275\n|turn|14\n|\n|t:|1781378441\n|move|p1a: Hawlucha|Swords Dance|p1a: Hawlucha\n|-boost|p1a: Hawlucha|atk|2\n|move|p2a: Magmortar|Fire Blast|p1a: Hawlucha\n|-damage|p1a: Hawlucha|46/256\n|\n|upkeep\n|turn|15\n|\n|t:|1781378446\n|move|p1a: Hawlucha|Close Combat|p2a: Magmortar\n|-damage|p2a: Magmortar|35/275\n|-unboost|p1a: Hawlucha|def|1\n|-unboost|p1a: Hawlucha|spd|1\n|move|p2a: Magmortar|Thunderbolt|p1a: Hawlucha\n|-supereffective|p1a: Hawlucha\n|-damage|p1a: Hawlucha|0 fnt\n|faint|p1a: Hawlucha\n|\n|upkeep\n|\n|t:|1781378450\n|switch|p1a: Squawkabilly|Squawkabilly-Yellow, L89, M|115/291\n|turn|16\n|\n|t:|1781378458\n|move|p1a: Squawkabilly|Brave Bird|p2a: Magmortar|[miss]\n|-miss|p1a: Squawkabilly|p2a: Magmortar\n|move|p2a: Magmortar|Fire Blast|p1a: Squawkabilly\n|-damage|p1a: Squawkabilly|0 fnt\n|faint|p1a: Squawkabilly\n|\n|upkeep\n|\n|t:|1781378461\n|switch|p1a: Fezandipiti|Fezandipiti, L82, M|245/278\n|turn|17\n|l|\u2606ybg mihan\n|inactive|ybg mihan disconnected and has a minute to reconnect!\n|player|p1|\n|\n|t:|1781378466\n|move|p1a: Fezandipiti|Moonblast|p2a: Magmortar\n|-resisted|p2a: Magmortar\n|-damage|p2a: Magmortar|0 fnt\n|faint|p2a: Magmortar\n|\n|-heal|p1a: Fezandipiti|262/278|[from] item: Leftovers\n|upkeep\n|\n|t:|1781378471\n|switch|p2a: Blastoise|Blastoise, L80, M|258/258\n|turn|18\n|inactive|ybg mihan has 30 seconds to reconnect!\n|inactive|ybg mihan has 20 seconds to reconnect!\n|inactive|ybg mihan has 15 seconds to reconnect!\n|inactive|ybg mihan has 10 seconds to reconnect!\n|inactive|ybg mihan has 5 seconds to reconnect!\n|-message|ybg mihan lost due to inactivity.\n|\n|win|cococem\n", "inputlog": ">version a8376a258c1d4662feba110a92103f3664a72141\n>start {\"formatid\":\"gen9randombattle\",\"seed\":\"sodium,0f72a0cd681a8cf2b7ff18b66fffc75d\",\"rated\":\"Rated battle\"}\n>player p1 {\"name\":\"ybg mihan\",\"avatar\":\"170\",\"rating\":2062,\"seed\":\"sodium,2ad680c344b78a1ba8899ae242c2b495\"}\n>player p2 {\"name\":\"cococem\",\"avatar\":\"baker\",\"rating\":2118,\"seed\":\"sodium,8084c0ff4cf7f208a3e33ca93dcc85e3\"}\n>p1 move bravebird\n>p2 move machpunch\n>p2 switch 3\n>p1 switch 2\n>p2 move gunkshot\n>p1 move drainpunch\n>p2 move gunkshot\n>p1 switch 3\n>p1 move psyshock\n>p2 move uturn\n>p2 switch 4\n>p1 move psyshock\n>p2 move substitute\n>p1 move psyshock\n>p2 move strengthsap\n>p1 move psyshock\n>p2 move acrobatics\n>p1 switch 5\n>p2 move acrobatics\n>p1 move moonblast\n>p2 move acrobatics\n>p2 switch 4\n>p1 move roost\n>p2 move gunkshot\n>p1 switch 5\n>p2 move knockoff\n>p1 switch 6\n>p1 move psychicfangs\n>p2 move knockoff terastallize\n>p1 switch 4\n>p1 move closecombat\n>p2 move gunkshot\n>p2 switch 5\n>p1 move swordsdance\n>p2 move fireblast\n>p1 move closecombat\n>p2 move thunderbolt\n>p1 switch 2\n>p1 move bravebird\n>p2 move fireblast\n>p1 switch 5\n>p1 move moonblast\n>p2 move fireblast\n>p2 switch 2\n>forcelose p1", "uploadtime": 1781378336, "views": 7, "formatid": "gen9randombattle", "rating": null, "private": 0, "password": null}