{"id": "gen9randombattle-2631752265", "format": "[Gen 9] Random Battle", "players": ["Sohomin", "Gold.Gohan"], "log": "|j|\u2606Sohomin\n|j|\u2606Gold.Gohan\n|t:|1781433928\n|gametype|singles\n|player|p1|Sohomin|grimsley|\n|player|p2|Gold.Gohan|dawn|\n|gen|9\n|tier|[Gen 9] Random Battle\n|rule|Species Clause: Limit one of each Pok\u00e9mon\n|rule|HP Percentage Mod: HP is shown in percentages\n|rule|Sleep Clause Mod: Limit one foe put to sleep\n|rule|Illusion Level Mod: Illusion disguises the Pok\u00e9mon's true level\n|\n|t:|1781433928\n|teamsize|p1|6\n|teamsize|p2|6\n|start\n|switch|p1a: Electrode|Electrode-Hisui, L87|246/246\n|switch|p2a: Diancie|Diancie, L82|216/216\n|turn|1\n|c|\u2606Sohomin|o\n|\n|t:|1781433967\n|switch|p2a: Tropius|Tropius, L91, F|328/328\n|move|p1a: Electrode|Leech Seed|p2a: Tropius\n|-immune|p2a: Tropius\n|\n|upkeep\n|turn|2\n|c|\u2606Sohomin|o_o\n|\n|t:|1781433985\n|move|p1a: Electrode|Thunderbolt|p2a: Tropius\n|-damage|p2a: Tropius|246/328\n|move|p2a: Tropius|Dual Wingbeat|p1a: Electrode\n|-damage|p1a: Electrode|203/246\n|-damage|p1a: Electrode|160/246\n|-hitcount|p1a: Electrode|2\n|\n|-heal|p1a: Electrode|175/246|[from] item: Leftovers\n|upkeep\n|turn|3\n|c|\u2606Gold.Gohan|L\n|c|\u2606Gold.Gohan|Suis neutre\n|c|\u2606Gold.Gohan|et toi aussi\n|c|\u2606Sohomin|effectivement\n|c|\u2606Gold.Gohan|Ptn le duel est nul\n|c|\u2606Sohomin|we\n|\n|t:|1781434018\n|switch|p1a: Honchkrow|Honchkrow, L86, F|312/312\n|move|p2a: Tropius|Dragon Dance|p2a: Tropius\n|-boost|p2a: Tropius|atk|1\n|-boost|p2a: Tropius|spe|1\n|\n|upkeep\n|turn|4\n|c|\u2606Gold.Gohan|^^\n|\n|t:|1781434035\n|switch|p2a: Diancie|Diancie, L82|216/216\n|move|p1a: Honchkrow|Brave Bird|p2a: Diancie\n|-resisted|p2a: Diancie\n|-damage|p2a: Diancie|166/216\n|-damage|p1a: Honchkrow|295/312|[from] Recoil\n|\n|-heal|p2a: Diancie|179/216|[from] item: Leftovers\n|upkeep\n|turn|5\n|\n|t:|1781434046\n|move|p1a: Honchkrow|U-turn|p2a: Diancie\n|-resisted|p2a: Diancie\n|-damage|p2a: Diancie|159/216\n|\n|t:|1781434051\n|switch|p1a: Electrode|Electrode-Hisui, L87|175/246|[from] U-turn\n|move|p2a: Diancie|Diamond Storm|p1a: Electrode\n|-crit|p1a: Electrode\n|-damage|p1a: Electrode|1/246\n|\n|-heal|p1a: Electrode|16/246|[from] item: Leftovers\n|-heal|p2a: Diancie|172/216|[from] item: Leftovers\n|upkeep\n|turn|6\n|c|\u2606Sohomin|yo\n|c|\u2606Sohomin|ptn je pensais pas prendre aussi chere\n|\n|t:|1781434068\n|move|p1a: Electrode|Giga Drain|p2a: Diancie\n|-supereffective|p2a: Diancie\n|-damage|p2a: Diancie|74/216\n|-heal|p1a: Electrode|65/246|[from] drain|[of] p2a: Diancie\n|move|p2a: Diancie|Draining Kiss|p1a: Electrode\n|-damage|p1a: Electrode|10/246\n|-heal|p2a: Diancie|115/216|[from] drain|[of] p1a: Electrode\n|\n|-heal|p1a: Electrode|25/246|[from] item: Leftovers\n|-heal|p2a: Diancie|128/216|[from] item: Leftovers\n|upkeep\n|turn|7\n|c|\u2606Sohomin|o_o\n|c|\u2606Gold.Gohan|Wow\n|\n|t:|1781434084\n|switch|p2a: Tropius|Tropius, L91, F|246/328\n|move|p1a: Electrode|Giga Drain|p2a: Tropius\n|-resisted|p2a: Tropius\n|-damage|p2a: Tropius|230/328\n|-heal|p1a: Electrode|33/246|[from] drain|[of] p2a: Tropius\n|\n|-heal|p1a: Electrode|48/246|[from] item: Leftovers\n|upkeep\n|turn|8\n|\n|t:|1781434093\n|switch|p1a: Honchkrow|Honchkrow, L86, F|295/312\n|move|p2a: Tropius|Dual Wingbeat|p1a: Honchkrow\n|-damage|p1a: Honchkrow|244/312\n|-crit|p1a: Honchkrow\n|-damage|p1a: Honchkrow|154/312\n|-hitcount|p1a: Honchkrow|2\n|\n|upkeep\n|turn|9\n|\n|t:|1781434102\n|switch|p2a: Diancie|Diancie, L82|128/216\n|move|p1a: Honchkrow|Brave Bird|p2a: Diancie\n|-resisted|p2a: Diancie\n|-damage|p2a: Diancie|73/216\n|-damage|p1a: Honchkrow|136/312|[from] Recoil\n|\n|-heal|p2a: Diancie|86/216|[from] item: Leftovers\n|upkeep\n|turn|10\n|\n|t:|1781434114\n|switch|p1a: Iron Crown|Iron Crown, L78|268/268\n|move|p2a: Diancie|Draining Kiss|p1a: Iron Crown\n|-resisted|p1a: Iron Crown\n|-damage|p1a: Iron Crown|247/268\n|-heal|p2a: Diancie|102/216|[from] drain|[of] p1a: Iron Crown\n|\n|-heal|p1a: Iron Crown|263/268|[from] item: Leftovers\n|-heal|p2a: Diancie|115/216|[from] item: Leftovers\n|upkeep\n|turn|11\n|\n|t:|1781434129\n|switch|p2a: Tropius|Tropius, L91, F|230/328\n|move|p1a: Iron Crown|Tachyon Cutter|p2a: Tropius\n|-damage|p2a: Tropius|173/328\n|-damage|p2a: Tropius|118/328\n|-enditem|p2a: Tropius|Sitrus Berry|[eat]\n|-heal|p2a: Tropius|200/328|[from] item: Sitrus Berry\n|-hitcount|p2a: Tropius|2\n|\n|-heal|p1a: Iron Crown|268/268|[from] item: Leftovers\n|-item|p2a: Tropius|Sitrus Berry|[from] ability: Harvest\n|upkeep\n|turn|12\n|c|\u2606Gold.Gohan|Le *4\n|\n|t:|1781434150\n|move|p1a: Iron Crown|Calm Mind|p1a: Iron Crown\n|-boost|p1a: Iron Crown|spa|1\n|-boost|p1a: Iron Crown|spd|1\n|move|p2a: Tropius|Earthquake|p1a: Iron Crown\n|-supereffective|p1a: Iron Crown\n|-damage|p1a: Iron Crown|154/268\n|\n|-heal|p1a: Iron Crown|170/268|[from] item: Leftovers\n|upkeep\n|turn|13\n|\n|t:|1781434158\n|move|p1a: Iron Crown|Psyshock|p2a: Tropius\n|-damage|p2a: Tropius|82/328\n|-enditem|p2a: Tropius|Sitrus Berry|[eat]\n|-heal|p2a: Tropius|164/328|[from] item: Sitrus Berry\n|move|p2a: Tropius|Earthquake|p1a: Iron Crown\n|-supereffective|p1a: Iron Crown\n|-damage|p1a: Iron Crown|40/268\n|\n|-heal|p1a: Iron Crown|56/268|[from] item: Leftovers\n|-item|p2a: Tropius|Sitrus Berry|[from] ability: Harvest\n|upkeep\n|-enditem|p2a: Tropius|Sitrus Berry|[eat]\n|-heal|p2a: Tropius|246/328|[from] item: Sitrus Berry\n|turn|14\n|c|\u2606Sohomin|wsh il tank tropius\n|c|\u2606Sohomin|ff\n|\n|t:|1781434177\n|-end|p1a: Iron Crown|Quark Drive|[silent]\n|switch|p1a: Honchkrow|Honchkrow, L86, F|136/312\n|move|p2a: Tropius|Dragon Dance|p2a: Tropius\n|-boost|p2a: Tropius|atk|1\n|-boost|p2a: Tropius|spe|1\n|\n|-item|p2a: Tropius|Sitrus Berry|[from] ability: Harvest\n|upkeep\n|turn|15\n|c|\u2606Gold.Gohan|Normal\n|c|\u2606Gold.Gohan|il ezt def le poke\n|\n|t:|1781434188\n|move|p1a: Honchkrow|Sucker Punch|p2a: Tropius\n|-damage|p2a: Tropius|156/328\n|-enditem|p2a: Tropius|Sitrus Berry|[eat]\n|-heal|p2a: Tropius|238/328|[from] item: Sitrus Berry\n|move|p2a: Tropius|Dual Wingbeat|p1a: Honchkrow\n|-damage|p1a: Honchkrow|54/312\n|-damage|p1a: Honchkrow|0 fnt\n|faint|p1a: Honchkrow\n|-hitcount|p1: Honchkrow|2\n|\n|upkeep\n|c|\u2606Sohomin|ton crane avec son talent de con la\n|\n|t:|1781434212\n|switch|p1a: Cresselia|Cresselia, L80, F|323/323\n|turn|16\n|\n|t:|1781434220\n|move|p2a: Tropius|Leaf Blade|p1a: Cresselia\n|-damage|p1a: Cresselia|209/323\n|move|p1a: Cresselia|Calm Mind|p1a: Cresselia\n|-boost|p1a: Cresselia|spa|1\n|-boost|p1a: Cresselia|spd|1\n|\n|-heal|p1a: Cresselia|229/323|[from] item: Leftovers\n|-item|p2a: Tropius|Sitrus Berry|[from] ability: Harvest\n|upkeep\n|turn|17\n|c|\u2606Gold.Gohan|Fais un crit stp\n|c|\u2606Gold.Gohan|tropius\n|\n|t:|1781434236\n|move|p2a: Tropius|Leaf Blade|p1a: Cresselia\n|-damage|p1a: Cresselia|109/323\n|move|p1a: Cresselia|Calm Mind|p1a: Cresselia\n|-boost|p1a: Cresselia|spa|1\n|-boost|p1a: Cresselia|spd|1\n|\n|-heal|p1a: Cresselia|129/323|[from] item: Leftovers\n|upkeep\n|turn|18\n|\n|t:|1781434244\n|move|p2a: Tropius|Leaf Blade|p1a: Cresselia\n|-damage|p1a: Cresselia|14/323\n|move|p1a: Cresselia|Moonlight|p1a: Cresselia\n|-heal|p1a: Cresselia|175/323\n|\n|-heal|p1a: Cresselia|195/323|[from] item: Leftovers\n|upkeep\n|turn|19\n|c|\u2606Sohomin|nice\n|c|\u2606Gold.Gohan|Haut taux de crit\n|c|\u2606Gold.Gohan|je le bois pas\n|\n|t:|1781434257\n|move|p2a: Tropius|Leaf Blade|p1a: Cresselia\n|-damage|p1a: Cresselia|80/323\n|move|p1a: Cresselia|Psyshock|p2a: Tropius\n|-damage|p2a: Tropius|121/328\n|-enditem|p2a: Tropius|Sitrus Berry|[eat]\n|-heal|p2a: Tropius|203/328|[from] item: Sitrus Berry\n|\n|-heal|p1a: Cresselia|100/323|[from] item: Leftovers\n|upkeep\n|turn|20\n|c|\u2606Sohomin|azz frr\n|c|\u2606Gold.Gohan|Bon je kill\n|c|\u2606Sohomin|j'ai rien pour tropius\n|\n|t:|1781434273\n|move|p2a: Tropius|Leaf Blade|p1a: Cresselia\n|-damage|p1a: Cresselia|0 fnt\n|faint|p1a: Cresselia\n|\n|upkeep\n|c|\u2606Gold.Gohan|Si\n|c|\u2606Gold.Gohan|tu as un poke\n|c|\u2606Gold.Gohan|Fallait pas te set up dessus\n|c|\u2606Sohomin|oe\n|c|\u2606Sohomin|m'ai j'ai d'abord voulu leech seed\n|c|\u2606Gold.Gohan|Cheh\n|c|\u2606Sohomin|comment j'aurais pu deviner le tropius\n|\n|t:|1781434344\n|switch|p1a: Basculegion|Basculegion-F, L83, F|335/335\n|turn|21\n|\n|t:|1781434350\n|move|p2a: Tropius|Leaf Blade|p1a: Basculegion\n|-supereffective|p1a: Basculegion\n|-crit|p1a: Basculegion\n|-damage|p1a: Basculegion|0 fnt\n|faint|p1a: Basculegion\n|\n|-item|p2a: Tropius|Sitrus Berry|[from] ability: Harvest\n|upkeep\n|\n|t:|1781434356\n|switch|p1a: Electrode|Electrode-Hisui, L87|48/246\n|turn|22\n|c|\u2606Gold.Gohan|Voila le crit J\n|c|\u2606Gold.Gohan|Il est plus rapide ton poke\n|\n|t:|1781434368\n|move|p1a: Electrode|Thunderbolt|p2a: Tropius\n|-damage|p2a: Tropius|115/328\n|-enditem|p2a: Tropius|Sitrus Berry|[eat]\n|-heal|p2a: Tropius|197/328|[from] item: Sitrus Berry\n|move|p2a: Tropius|Earthquake|p1a: Electrode\n|-damage|p1a: Electrode|0 fnt\n|faint|p1a: Electrode\n|\n|upkeep\n|c|\u2606Sohomin|o_o\n|\n|t:|1781434375\n|switch|p1a: Sylveon|Sylveon, L85, F|300/300\n|turn|23\n|\n|t:|1781434395\n|-terastallize|p1a: Sylveon|Steel\n|move|p2a: Tropius|Leaf Blade|p1a: Sylveon\n|-resisted|p1a: Sylveon\n|-damage|p1a: Sylveon|227/300\n|move|p1a: Sylveon|Wish|p1a: Sylveon\n|\n|-heal|p1a: Sylveon|245/300|[from] item: Leftovers\n|upkeep\n|turn|24\n|\n|t:|1781434404\n|move|p2a: Tropius|Dragon Dance|p2a: Tropius\n|-boost|p2a: Tropius|atk|1\n|-boost|p2a: Tropius|spe|1\n|move|p1a: Sylveon|Hyper Voice|p2a: Tropius\n|-damage|p2a: Tropius|76/328\n|\n|-heal|p1a: Sylveon|300/300|[from] move: Wish|[wisher] Sylveon\n|upkeep\n|turn|25\n|\n|t:|1781434414\n|-terastallize|p2a: Tropius|Ground\n|move|p2a: Tropius|Earthquake|p1a: Sylveon\n|-supereffective|p1a: Sylveon\n|-damage|p1a: Sylveon|0 fnt\n|faint|p1a: Sylveon\n|\n|upkeep\n|c|\u2606Sohomin|azz frr\n|\n|t:|1781434422\n|switch|p1a: Iron Crown|Iron Crown, L78|56/268\n|turn|26\n|c|\u2606Gold.Gohan|Tropius 1v6\n|\n|t:|1781434433\n|move|p2a: Tropius|Earthquake|p1a: Iron Crown\n|-supereffective|p1a: Iron Crown\n|-damage|p1a: Iron Crown|0 fnt\n|faint|p1a: Iron Crown\n|-end|p1a: Iron Crown|Quark Drive|[silent]\n|\n|win|Gold.Gohan\n", "inputlog": ">version a8376a258c1d4662feba110a92103f3664a72141\n>start {\"formatid\":\"gen9randombattle\",\"seed\":\"sodium,dd9bdc3aa10d08913e3aaa5d285a3618\"}\n>player p1 {\"name\":\"Sohomin\",\"avatar\":\"grimsley\",\"rating\":0,\"seed\":\"sodium,541c390e77fd3d456c109b0955c15caa\"}\n>player p2 {\"name\":\"Gold.Gohan\",\"avatar\":\"dawn\",\"rating\":0,\"seed\":\"sodium,127aca937e878081025f9f16d4294a09\"}\n>chat \u2606Sohomin|o\n>p1 move leechseed\n>p2 switch 5\n>chat \u2606Sohomin|o_o\n>p1 move thunderbolt\n>p2 move dualwingbeat\n>chat \u2606Gold.Gohan|L\n>chat \u2606Gold.Gohan|Suis neutre\n>chat \u2606Gold.Gohan|et toi aussi\n>chat \u2606Sohomin|effectivement\n>chat \u2606Gold.Gohan|Ptn le duel est nul\n>chat \u2606Sohomin|we\n>p1 switch 4\n>p2 move dragondance\n>chat \u2606Gold.Gohan|^^\n>p1 move bravebird\n>p2 switch 5\n>p1 move uturn\n>p2 move diamondstorm\n>p1 switch 4\n>chat \u2606Sohomin|yo\n>chat \u2606Sohomin|ptn je pensais pas prendre aussi chere\n>p1 move gigadrain\n>p2 move drainingkiss\n>chat \u2606Sohomin|o_o\n>chat \u2606Gold.Gohan|Wow\n>p1 move gigadrain\n>p2 switch 5\n>p1 switch 4\n>p2 move dualwingbeat\n>p1 move bravebird\n>p2 switch 5\n>p1 switch 2\n>p2 move drainingkiss\n>p1 move tachyoncutter\n>p2 switch 5\n>chat \u2606Gold.Gohan|Le *4\n>p1 move calmmind\n>p2 move earthquake\n>p1 move psyshock\n>p2 move earthquake\n>chat \u2606Sohomin|wsh il tank tropius\n>chat \u2606Sohomin|ff\n>p1 switch 2\n>p2 move dragondance\n>chat \u2606Gold.Gohan|Normal\n>chat \u2606Gold.Gohan|il ezt def le poke\n>p1 move suckerpunch\n>p2 move dualwingbeat\n>chat \u2606Sohomin|ton crane avec son talent de con la\n>p1 switch 5\n>p1 move calmmind\n>p2 move leafblade\n>chat \u2606Gold.Gohan|Fais un crit stp\n>chat \u2606Gold.Gohan|tropius\n>p1 move calmmind\n>p2 move leafblade\n>p1 move moonlight\n>p2 move leafblade\n>chat \u2606Sohomin|nice\n>chat \u2606Gold.Gohan|Haut taux de crit\n>chat \u2606Gold.Gohan|je le bois pas\n>p1 move psyshock\n>p2 move leafblade\n>chat \u2606Sohomin|azz frr \n>chat \u2606Gold.Gohan|Bon je kill\n>chat \u2606Sohomin|j'ai rien pour tropius\n>p1 move psyshock\n>p2 move leafblade\n>chat \u2606Gold.Gohan|Si\n>chat \u2606Gold.Gohan|tu as un poke\n>chat \u2606Gold.Gohan|Fallait pas te set up dessus\n>chat \u2606Sohomin|oe\n>chat \u2606Sohomin|m'ai j'ai d'abord voulu leech seed\n>chat \u2606Gold.Gohan|Cheh\n>chat \u2606Sohomin|comment j'aurais pu deviner le tropius\n>p1 switch 6\n>p1 move icebeam\n>p2 move leafblade\n>p1 switch 4\n>chat \u2606Gold.Gohan|Voila le crit J\n>chat \u2606Gold.Gohan|Il est plus rapide ton poke\n>p1 move thunderbolt\n>p2 move earthquake\n>chat \u2606Sohomin|o_o\n>p1 switch 3\n>p1 move wish terastallize\n>p2 move leafblade\n>p1 move hypervoice\n>p2 move dragondance\n>p1 move hypervoice\n>p2 move earthquake terastallize\n>chat \u2606Sohomin|azz frr\n>p1 switch 2\n>chat \u2606Gold.Gohan|Tropius 1v6\n>p1 move focusblast\n>p2 move earthquake", "uploadtime": 1781434435, "views": 5, "formatid": "gen9randombattle", "rating": null, "private": 0, "password": null}