{"id": "gen9randombattle-2632002056", "format": "[Gen 9] Random Battle", "players": ["lykatuchi", "justinprim"], "log": "|j|\u2606lykatuchi\n|j|\u2606justinprim\n|t:|1781464714\n|gametype|singles\n|player|p1|lykatuchi|ethan|1970\n|player|p2|justinprim|101|2042\n|gen|9\n|tier|[Gen 9] Random Battle\n|rated|\n|rule|Species Clause: Limit one of each Pok\u00e9mon\n|rule|HP Percentage Mod: HP is shown in percentages\n|rule|Sleep Clause Mod: Limit one foe put to sleep\n|rule|Illusion Level Mod: Illusion disguises the Pok\u00e9mon's true level\n|\n|t:|1781464714\n|teamsize|p1|6\n|teamsize|p2|6\n|start\n|switch|p1a: Infernape|Infernape, L82, M|259/259\n|switch|p2a: Ditto|Ditto, L87|225/225\n|-transform|p2a: Ditto|p1a: Infernape|[from] ability: Imposter\n|turn|1\n|\n|t:|1781464728\n|move|p2a: Ditto|U-turn|p1a: Infernape\n|-resisted|p1a: Infernape\n|-damage|p1a: Infernape|243/259\n|\n|t:|1781464729\n|switch|p2a: Oricorio|Oricorio-Sensu, L85, M|266/266|[from] U-turn\n|move|p1a: Infernape|Close Combat|p2a: Oricorio\n|-immune|p2a: Oricorio\n|\n|upkeep\n|turn|2\n|inactive|Battle timer is ON: inactive players will automatically lose when time's up. (requested by justinprim)\n|\n|t:|1781464739\n|switch|p1a: Grimmsnarl|Grimmsnarl, L83, M|293/293\n|move|p2a: Oricorio|Quiver Dance|p2a: Oricorio\n|-boost|p2a: Oricorio|spa|1\n|-boost|p2a: Oricorio|spd|1\n|-boost|p2a: Oricorio|spe|1\n|\n|upkeep\n|turn|3\n|\n|t:|1781464743\n|move|p1a: Grimmsnarl|Thunder Wave|p2a: Oricorio\n|-status|p2a: Oricorio|par\n|move|p2a: Oricorio|Hurricane|p1a: Grimmsnarl\n|-damage|p1a: Grimmsnarl|85/293\n|\n|upkeep\n|turn|4\n|\n|t:|1781464749\n|move|p1a: Grimmsnarl|Light Screen|p1a: Grimmsnarl\n|-sidestart|p1: lykatuchi|move: Light Screen\n|cant|p2a: Oricorio|par\n|\n|upkeep\n|turn|5\n|\n|t:|1781464757\n|switch|p1a: Infernape|Infernape, L82, M|243/259\n|move|p2a: Oricorio|Hurricane|p1a: Infernape|[miss]\n|-miss|p2a: Oricorio|p1a: Infernape\n|\n|upkeep\n|turn|6\n|\n|t:|1781464760\n|move|p1a: Infernape|Flare Blitz|p2a: Oricorio\n|-damage|p2a: Oricorio|38/266 par\n|-damage|p1a: Infernape|168/259|[from] Recoil\n|cant|p2a: Oricorio|par\n|\n|upkeep\n|turn|7\n|\n|t:|1781464774\n|switch|p2a: Hydrapple|Hydrapple, L83, M|312/312\n|move|p1a: Infernape|Flare Blitz|p2a: Hydrapple\n|-damage|p2a: Hydrapple|150/312\n|-damage|p1a: Infernape|115/259|[from] Recoil\n|\n|upkeep\n|turn|8\n|\n|t:|1781464781\n|switch|p2a: Oricorio|Oricorio-Sensu, L85, M|38/266 par\n|move|p1a: Infernape|Flare Blitz|p2a: Oricorio\n|-damage|p2a: Oricorio|0 fnt\n|faint|p2a: Oricorio\n|-damage|p1a: Infernape|102/259|[from] Recoil\n|\n|upkeep\n|\n|t:|1781464788\n|switch|p2a: Ditto|Ditto, L87|225/225\n|-transform|p2a: Ditto|p1a: Infernape|[from] ability: Imposter\n|turn|9\n|\n|t:|1781464797\n|switch|p1a: Coalossal|Coalossal, L89, F|341/341\n|move|p2a: Ditto|Close Combat|p1a: Coalossal\n|-supereffective|p1a: Coalossal\n|-damage|p1a: Coalossal|155/341\n|-unboost|p2a: Ditto|def|1\n|-unboost|p2a: Ditto|spd|1\n|\n|upkeep\n|turn|10\n|\n|t:|1781464803\n|move|p2a: Ditto|Close Combat|p1a: Coalossal\n|-supereffective|p1a: Coalossal\n|-damage|p1a: Coalossal|0 fnt\n|-unboost|p2a: Ditto|def|1\n|-unboost|p2a: Ditto|spd|1\n|faint|p1a: Coalossal\n|\n|upkeep\n|\n|t:|1781464809\n|switch|p1a: Haxorus|Haxorus, L77, M|244/244\n|-ability|p1a: Haxorus|Mold Breaker\n|turn|11\n|\n|t:|1781464821\n|switch|p2a: Banette|Banette, L93, F|270/270\n|move|p1a: Haxorus|Outrage|p2a: Banette\n|-damage|p2a: Banette|105/270\n|\n|-sideend|p1: lykatuchi|move: Light Screen\n|upkeep\n|turn|12\n|\n|t:|1781464828\n|move|p2a: Banette|Shadow Sneak|p1a: Haxorus\n|-damage|p1a: Haxorus|161/244\n|-damage|p2a: Banette|78/270|[from] item: Life Orb\n|move|p1a: Haxorus|Outrage|p2a: Banette|[from] lockedmove\n|-damage|p2a: Banette|0 fnt\n|faint|p2a: Banette\n|-start|p1a: Haxorus|confusion|[fatigue]\n|-enditem|p1a: Haxorus|Lum Berry|[eat]\n|-end|p1a: Haxorus|confusion\n|\n|upkeep\n|\n|t:|1781464832\n|switch|p2a: Glaceon|Glaceon, L94, F|275/275\n|turn|13\n|\n|t:|1781464843\n|switch|p1a: Grimmsnarl|Grimmsnarl, L83, M|85/293\n|move|p2a: Glaceon|Freeze-Dry|p1a: Grimmsnarl\n|-damage|p1a: Grimmsnarl|0 fnt\n|faint|p1a: Grimmsnarl\n|\n|upkeep\n|\n|t:|1781464846\n|switch|p1a: Infernape|Infernape, L82, M|102/259\n|turn|14\n|\n|t:|1781464849\n|move|p2a: Glaceon|Protect|p2a: Glaceon\n|-singleturn|p2a: Glaceon|Protect\n|move|p1a: Infernape|Flare Blitz|p2a: Glaceon\n|-activate|p2a: Glaceon|move: Protect\n|\n|upkeep\n|turn|15\n|\n|t:|1781464858\n|-terastallize|p2a: Glaceon|Water\n|move|p1a: Infernape|Flare Blitz|p2a: Glaceon\n|-resisted|p2a: Glaceon\n|-damage|p2a: Glaceon|200/275\n|-damage|p1a: Infernape|77/259|[from] Recoil\n|move|p2a: Glaceon|Wish|p2a: Glaceon\n|\n|upkeep\n|turn|16\n|\n|t:|1781464875\n|move|p1a: Infernape|Flare Blitz|p2a: Glaceon\n|-resisted|p2a: Glaceon\n|-damage|p2a: Glaceon|125/275\n|-damage|p1a: Infernape|52/259|[from] Recoil\n|move|p2a: Glaceon|Freeze-Dry|p1a: Infernape\n|-resisted|p1a: Infernape\n|-damage|p1a: Infernape|0 fnt\n|faint|p1a: Infernape\n|\n|-heal|p2a: Glaceon|262/275|[from] move: Wish|[wisher] Glaceon\n|upkeep\n|\n|t:|1781464878\n|switch|p1a: Frosmoth|Frosmoth, L82, F|249/249\n|turn|17\n|\n|t:|1781464884\n|switch|p2a: Arboliva|Arboliva, L91, F|288/288\n|move|p1a: Frosmoth|Quiver Dance|p1a: Frosmoth\n|-boost|p1a: Frosmoth|spa|1\n|-boost|p1a: Frosmoth|spd|1\n|-boost|p1a: Frosmoth|spe|1\n|\n|upkeep\n|turn|18\n|\n|t:|1781464889\n|move|p1a: Frosmoth|Ice Beam|p2a: Arboliva\n|-supereffective|p2a: Arboliva\n|-damage|p2a: Arboliva|18/288\n|-enditem|p2a: Arboliva|Sitrus Berry|[eat]\n|-heal|p2a: Arboliva|90/288|[from] item: Sitrus Berry\n|move|p2a: Arboliva|Leech Seed|p1a: Frosmoth|[miss]\n|-miss|p2a: Arboliva|p1a: Frosmoth\n|\n|upkeep\n|turn|19\n|\n|t:|1781464896\n|switch|p2a: Ditto|Ditto, L87|225/225\n|-transform|p2a: Ditto|p1a: Frosmoth|[from] ability: Imposter\n|move|p1a: Frosmoth|Ice Beam|p2a: Ditto\n|-resisted|p2a: Ditto\n|-damage|p2a: Ditto|195/225\n|\n|upkeep\n|turn|20\n|\n|t:|1781464910\n|move|p2a: Ditto|Tera Blast|p1a: Frosmoth\n|-damage|p1a: Frosmoth|216/249\n|move|p1a: Frosmoth|Quiver Dance|p1a: Frosmoth\n|-boost|p1a: Frosmoth|spa|1\n|-boost|p1a: Frosmoth|spd|1\n|-boost|p1a: Frosmoth|spe|1\n|\n|upkeep\n|turn|21\n|-message|justinprim forfeited.\n|\n|win|lykatuchi\n", "inputlog": ">version a8376a258c1d4662feba110a92103f3664a72141\n>start {\"formatid\":\"gen9randombattle\",\"seed\":\"sodium,2e2725e290dfe02642856a48854f4057\",\"rated\":\"Rated battle\"}\n>player p1 {\"name\":\"lykatuchi\",\"avatar\":\"ethan\",\"rating\":1970,\"seed\":\"sodium,6f2d3ec76cec84a4f04a03429800c4dd\"}\n>player p2 {\"name\":\"justinprim\",\"avatar\":\"101\",\"rating\":2042,\"seed\":\"sodium,9f9ae791b2e931b32b919c4a80d58d93\"}\n>p1 move closecombat\n>p2 move uturn\n>p2 switch 5\n>p1 switch 3\n>p2 move quiverdance\n>p1 move thunderwave\n>p2 move hurricane\n>p1 move lightscreen\n>p2 move hurricane\n>p1 switch 3\n>p2 move hurricane\n>p1 move flareblitz\n>p2 move hurricane\n>p1 move flareblitz\n>p2 switch 6\n>p1 move flareblitz\n>p2 switch 6\n>p2 switch 5\n>p1 switch 2\n>p2 move closecombat\n>p1 move stealthrock\n>p2 move closecombat\n>p1 switch 5\n>p1 move outrage\n>p2 switch 4\n>p1 move outrage\n>p2 move shadowsneak\n>p2 switch 3\n>p1 switch 3\n>p2 move freezedry\n>p1 switch 2\n>p1 move flareblitz\n>p2 move protect\n>p1 move flareblitz\n>p2 move wish terastallize\n>p1 move flareblitz\n>p2 move freezedry\n>p1 switch 6\n>p1 move quiverdance\n>p2 switch 2\n>p1 move icebeam\n>p2 move leechseed\n>p1 move icebeam\n>p2 switch 4\n>p1 move quiverdance\n>p2 move terablast\n>forcelose p2", "uploadtime": 1781464716, "views": 5, "formatid": "gen9randombattle", "rating": null, "private": 0, "password": null}