{"id": "gen9randombattle-2632021912", "format": "[Gen 9] Random Battle", "players": ["EduArdo1516", "nickolassbomfim"], "log": "|j|\u2606EduArdo1516\n|j|\u2606nickolassbomfim\n|t:|1781466890\n|gametype|singles\n|player|p1|EduArdo1516|1|2028\n|player|p2|nickolassbomfim|red-masters|2051\n|gen|9\n|tier|[Gen 9] Random Battle\n|rated|\n|rule|Species Clause: Limit one of each Pok\u00e9mon\n|rule|HP Percentage Mod: HP is shown in percentages\n|rule|Sleep Clause Mod: Limit one foe put to sleep\n|rule|Illusion Level Mod: Illusion disguises the Pok\u00e9mon's true level\n|\n|t:|1781466890\n|teamsize|p1|6\n|teamsize|p2|6\n|start\n|switch|p1a: Coalossal|Coalossal, L89, M|341/341\n|switch|p2a: Mismagius|Mismagius, L86, F|243/243\n|turn|1\n|inactive|Battle timer is ON: inactive players will automatically lose when time's up. (requested by EduArdo1516)\n|j| KalDK_\n|\n|t:|1781466914\n|move|p2a: Mismagius|Nasty Plot|p2a: Mismagius\n|-boost|p2a: Mismagius|spa|2\n|move|p1a: Coalossal|Overheat|p2a: Mismagius\n|-damage|p2a: Mismagius|122/243\n|-unboost|p1a: Coalossal|spa|2\n|\n|-heal|p2a: Mismagius|137/243|[from] item: Leftovers\n|upkeep\n|turn|2\n|\n|t:|1781466921\n|move|p2a: Mismagius|Shadow Ball|p1a: Coalossal\n|-damage|p1a: Coalossal|151/341\n|-unboost|p1a: Coalossal|spd|1\n|move|p1a: Coalossal|Stone Edge|p2a: Mismagius\n|-damage|p2a: Mismagius|7/243\n|\n|-heal|p2a: Mismagius|22/243|[from] item: Leftovers\n|upkeep\n|turn|3\n|\n|t:|1781466929\n|move|p2a: Mismagius|Shadow Ball|p1a: Coalossal\n|-damage|p1a: Coalossal|0 fnt\n|faint|p1a: Coalossal\n|\n|-heal|p2a: Mismagius|37/243|[from] item: Leftovers\n|upkeep\n|\n|t:|1781466938\n|switch|p1a: Inteleon|Inteleon, L81, M|246/246\n|turn|4\n|\n|t:|1781466954\n|switch|p2a: Tatsugiri|Tatsugiri, L87, M|260/260\n|move|p1a: Inteleon|Scald|p2a: Tatsugiri\n|-ability|p2a: Tatsugiri|Storm Drain|boost\n|-boost|p2a: Tatsugiri|spa|1\n|\n|upkeep\n|turn|5\n|\n|t:|1781466964\n|switch|p1a: Bruxish|Bruxish, L85, F|254/254\n|move|p2a: Tatsugiri|Rapid Spin|p1a: Bruxish\n|-damage|p1a: Bruxish|224/254\n|-boost|p2a: Tatsugiri|spe|1\n|\n|upkeep\n|turn|6\n|\n|t:|1781466984\n|move|p2a: Tatsugiri|Draco Meteor|p1a: Bruxish\n|-damage|p1a: Bruxish|0 fnt\n|-unboost|p2a: Tatsugiri|spa|2\n|faint|p1a: Bruxish\n|\n|upkeep\n|\n|t:|1781466992\n|switch|p1a: Baxcalibur|Baxcalibur, L75, F|295/295\n|turn|7\n|l| KalDK_\n|\n|t:|1781466998\n|move|p2a: Tatsugiri|Nasty Plot|p2a: Tatsugiri\n|-boost|p2a: Tatsugiri|spa|2\n|move|p1a: Baxcalibur|Scale Shot|p2a: Tatsugiri\n|-supereffective|p2a: Tatsugiri\n|-damage|p2a: Tatsugiri|176/260\n|-supereffective|p2a: Tatsugiri\n|-damage|p2a: Tatsugiri|96/260\n|-supereffective|p2a: Tatsugiri\n|-damage|p2a: Tatsugiri|18/260\n|-supereffective|p2a: Tatsugiri\n|-damage|p2a: Tatsugiri|0 fnt\n|faint|p2a: Tatsugiri\n|-hitcount|p2: Tatsugiri|4\n|-unboost|p1a: Baxcalibur|def|1\n|-boost|p1a: Baxcalibur|spe|1\n|\n|upkeep\n|\n|t:|1781467005\n|switch|p2a: Corviknight|Corviknight, L80, M|288/288\n|-ability|p2a: Corviknight|Pressure\n|turn|8\n|\n|t:|1781467014\n|switch|p1a: Pikachu|Pikachu-Kalos, L93, F|216/216\n|move|p2a: Corviknight|Body Press|p1a: Pikachu\n|-damage|p1a: Pikachu|132/216\n|\n|upkeep\n|turn|9\n|\n|t:|1781467029\n|switch|p2a: Mamoswine|Mamoswine, L81, M|311/311\n|move|p1a: Pikachu|Volt Tackle|p2a: Mamoswine\n|-immune|p2a: Mamoswine\n|\n|upkeep\n|turn|10\n|\n|t:|1781467039\n|switch|p2a: Indeedee|Indeedee-F, L90, F|272/272\n|-fieldstart|move: Psychic Terrain|[from] ability: Psychic Surge|[of] p2a: Indeedee\n|-terastallize|p1a: Pikachu|Water\n|move|p1a: Pikachu|Surf|p2a: Indeedee\n|-damage|p2a: Indeedee|146/272\n|\n|upkeep\n|turn|11\n|\n|t:|1781467048\n|switch|p1a: Calyrex|Calyrex-Ice, L72|263/263\n|-ability|p1a: Calyrex|As One\n|-ability|p1a: Calyrex|Unnerve\n|move|p2a: Indeedee|Hyper Voice|p1a: Calyrex\n|-damage|p1a: Calyrex|175/263\n|\n|upkeep\n|turn|12\n|\n|t:|1781467059\n|move|p2a: Indeedee|Hyper Voice|p1a: Calyrex\n|-damage|p1a: Calyrex|81/263\n|move|p1a: Calyrex|Glacial Lance|p2a: Indeedee\n|-damage|p2a: Indeedee|0 fnt\n|faint|p2a: Indeedee\n|-ability|p1a: Calyrex|Chilling Neigh|boost\n|-boost|p1a: Calyrex|atk|1\n|\n|upkeep\n|\n|t:|1781467064\n|switch|p2a: Mismagius|Mismagius, L86, F|37/243\n|turn|13\n|\n|t:|1781467070\n|move|p2a: Mismagius|Shadow Ball|p1a: Calyrex\n|-supereffective|p1a: Calyrex\n|-damage|p1a: Calyrex|0 fnt\n|faint|p1a: Calyrex\n|\n|-heal|p2a: Mismagius|52/243|[from] item: Leftovers\n|upkeep\n|\n|t:|1781467073\n|switch|p1a: Inteleon|Inteleon, L81, M|246/246\n|turn|14\n|\n|t:|1781467078\n|move|p1a: Inteleon|Scald|p2a: Mismagius\n|-damage|p2a: Mismagius|0 fnt\n|faint|p2a: Mismagius\n|\n|-fieldend|move: Psychic Terrain\n|upkeep\n|\n|t:|1781467080\n|switch|p2a: Ursaring|Ursaring, L84, M|288/288\n|turn|15\n|\n|t:|1781467087\n|move|p1a: Inteleon|Scald|p2a: Ursaring\n|-damage|p2a: Ursaring|128/288\n|-status|p2a: Ursaring|brn\n|move|p2a: Ursaring|Swords Dance|p2a: Ursaring\n|-boost|p2a: Ursaring|atk|2\n|\n|-damage|p2a: Ursaring|110/288 brn|[from] brn\n|upkeep\n|turn|16\n|-message|nickolassbomfim forfeited.\n|\n|win|EduArdo1516\n", "inputlog": ">version a8376a258c1d4662feba110a92103f3664a72141\n>start {\"formatid\":\"gen9randombattle\",\"seed\":\"sodium,bc8d7d823259ad54bec672aa5f8269c8\",\"rated\":\"Rated battle\"}\n>player p1 {\"name\":\"EduArdo1516\",\"avatar\":\"1\",\"rating\":2028,\"seed\":\"sodium,69f5a87a353a12a0cc881ef120e97602\"}\n>player p2 {\"name\":\"nickolassbomfim\",\"avatar\":\"red-masters\",\"rating\":2051,\"seed\":\"sodium,f611acac2375f86fcd87783f4371c35c\"}\n>p1 move overheat\n>p2 move nastyplot\n>p1 move stoneedge\n>p2 move shadowball\n>p1 move overheat\n>p2 move shadowball\n>p1 switch 6\n>p1 move scald\n>p2 switch 5\n>p1 switch 2\n>p2 move rapidspin\n>p1 move psychicfangs\n>p2 move dracometeor\n>p1 switch 5\n>p1 move scaleshot\n>p2 move nastyplot\n>p2 switch 2\n>p1 switch 3\n>p2 move bodypress\n>p1 move volttackle\n>p2 switch 4\n>p1 move surf terastallize\n>p2 switch 6\n>p1 switch 4\n>p2 move hypervoice\n>p1 move glaciallance\n>p2 move hypervoice\n>p2 switch 5\n>p1 move glaciallance\n>p2 move shadowball\n>p1 switch 2\n>p1 move scald\n>p2 move thunderbolt\n>p2 switch 3\n>p1 move scald\n>p2 move swordsdance\n>forcelose p2", "uploadtime": 1781466892, "views": 4, "formatid": "gen9randombattle", "rating": null, "private": 0, "password": null}