{"id": "gen9randombattle-2631745240", "format": "[Gen 9] Random Battle", "players": ["kevinnopants", "PotatoeOfLife"], "log": "|j|\u2606kevinnopants\n|j|\u2606PotatoeOfLife\n|t:|1781432709\n|gametype|singles\n|player|p1|kevinnopants|170|2030\n|player|p2|PotatoeOfLife|pokemonbreeder-gen4|1958\n|gen|9\n|tier|[Gen 9] Random Battle\n|rated|\n|rule|Species Clause: Limit one of each Pok\u00e9mon\n|rule|HP Percentage Mod: HP is shown in percentages\n|rule|Sleep Clause Mod: Limit one foe put to sleep\n|rule|Illusion Level Mod: Illusion disguises the Pok\u00e9mon's true level\n|\n|t:|1781432709\n|teamsize|p1|6\n|teamsize|p2|6\n|start\n|switch|p1a: Lugia|Lugia, L73|275/275\n|switch|p2a: Enamorus|Enamorus, L79, F|247/247\n|turn|1\n|\n|t:|1781432724\n|move|p2a: Enamorus|Calm Mind|p2a: Enamorus\n|-boost|p2a: Enamorus|spa|1\n|-boost|p2a: Enamorus|spd|1\n|move|p1a: Lugia|Aeroblast|p2a: Enamorus\n|-damage|p2a: Enamorus|189/247\n|\n|upkeep\n|turn|2\n|\n|t:|1781432730\n|switch|p1a: Bellibolt|Bellibolt, L84, F|320/320\n|move|p2a: Enamorus|Mystical Fire|p1a: Bellibolt\n|-damage|p1a: Bellibolt|227/320\n|-unboost|p1a: Bellibolt|spa|1\n|-start|p1a: Bellibolt|Charge|Mystical Fire|[from] ability: Electromorphosis\n|\n|-heal|p1a: Bellibolt|247/320|[from] item: Leftovers\n|upkeep\n|turn|3\n|\n|t:|1781432736\n|move|p2a: Enamorus|Calm Mind|p2a: Enamorus\n|-boost|p2a: Enamorus|spa|1\n|-boost|p2a: Enamorus|spd|1\n|move|p1a: Bellibolt|Toxic|p2a: Enamorus\n|-status|p2a: Enamorus|tox\n|\n|-heal|p1a: Bellibolt|267/320|[from] item: Leftovers\n|-damage|p2a: Enamorus|174/247 tox|[from] psn\n|upkeep\n|turn|4\n|\n|t:|1781432739\n|switch|p1a: Lugia|Lugia, L73|275/275\n|move|p2a: Enamorus|Mystical Fire|p1a: Lugia\n|-damage|p1a: Lugia|227/275\n|-unboost|p1a: Lugia|spa|1\n|\n|-damage|p2a: Enamorus|144/247 tox|[from] psn\n|upkeep\n|turn|5\n|\n|t:|1781432747\n|move|p2a: Enamorus|Mystical Fire|p1a: Lugia\n|-damage|p1a: Lugia|131/275\n|-unboost|p1a: Lugia|spa|1\n|move|p1a: Lugia|Calm Mind|p1a: Lugia\n|-boost|p1a: Lugia|spa|1\n|-boost|p1a: Lugia|spd|1\n|\n|-damage|p2a: Enamorus|99/247 tox|[from] psn\n|upkeep\n|turn|6\n|\n|t:|1781432751\n|move|p2a: Enamorus|Moonblast|p1a: Lugia\n|-damage|p1a: Lugia|14/275\n|move|p1a: Lugia|Recover|p1a: Lugia\n|-heal|p1a: Lugia|152/275\n|\n|-damage|p2a: Enamorus|39/247 tox|[from] psn\n|upkeep\n|turn|7\n|\n|t:|1781432755\n|move|p2a: Enamorus|Moonblast|p1a: Lugia\n|-damage|p1a: Lugia|34/275\n|-unboost|p1a: Lugia|spa|1\n|move|p1a: Lugia|Recover|p1a: Lugia\n|-heal|p1a: Lugia|172/275\n|\n|-damage|p2a: Enamorus|0 fnt|[from] psn\n|faint|p2a: Enamorus\n|upkeep\n|\n|t:|1781432769\n|switch|p2a: Raikou|Raikou, L81|278/278\n|-ability|p2a: Raikou|Pressure\n|turn|8\n|\n|t:|1781432774\n|switch|p1a: Bellibolt|Bellibolt, L84, F|267/320\n|move|p2a: Raikou|Thunderbolt|p1a: Bellibolt\n|-resisted|p1a: Bellibolt\n|-damage|p1a: Bellibolt|181/320\n|-start|p1a: Bellibolt|Charge|Thunderbolt|[from] ability: Electromorphosis\n|\n|-heal|p1a: Bellibolt|201/320|[from] item: Leftovers\n|upkeep\n|turn|9\n|\n|t:|1781432792\n|switch|p2a: Rillaboom|Rillaboom, L79, M|288/288\n|-fieldstart|move: Grassy Terrain|[from] ability: Grassy Surge|[of] p2a: Rillaboom\n|move|p1a: Bellibolt|Muddy Water|p2a: Rillaboom\n|-resisted|p2a: Rillaboom\n|-damage|p2a: Rillaboom|246/288\n|\n|-heal|p2a: Rillaboom|264/288|[from] Grassy Terrain\n|-heal|p1a: Bellibolt|221/320|[from] Grassy Terrain\n|-heal|p1a: Bellibolt|241/320|[from] item: Leftovers\n|upkeep\n|turn|10\n|\n|t:|1781432797\n|move|p2a: Rillaboom|Wood Hammer|p1a: Bellibolt\n|-damage|p1a: Bellibolt|0 fnt\n|faint|p1a: Bellibolt\n|-damage|p2a: Rillaboom|184/288|[from] Recoil\n|\n|-heal|p2a: Rillaboom|202/288|[from] Grassy Terrain\n|upkeep\n|\n|t:|1781432803\n|switch|p1a: Duraludon|Duraludon, L82, F|249/249\n|turn|11\n|\n|t:|1781432809\n|switch|p2a: Flutter Mane|Flutter Mane, L74|203/203\n|move|p1a: Duraludon|Body Press|p2a: Flutter Mane\n|-immune|p2a: Flutter Mane\n|\n|upkeep\n|turn|12\n|\n|t:|1781432818\n|move|p2a: Flutter Mane|Moonblast|p1a: Duraludon\n|-damage|p1a: Duraludon|120/249\n|-damage|p2a: Flutter Mane|183/203|[from] item: Life Orb\n|move|p1a: Duraludon|Flash Cannon|p2a: Flutter Mane\n|-supereffective|p2a: Flutter Mane\n|-damage|p2a: Flutter Mane|39/203\n|\n|-heal|p2a: Flutter Mane|51/203|[from] Grassy Terrain\n|-heal|p1a: Duraludon|135/249|[from] Grassy Terrain\n|upkeep\n|turn|13\n|\n|t:|1781432824\n|move|p2a: Flutter Mane|Moonblast|p1a: Duraludon\n|-crit|p1a: Duraludon\n|-damage|p1a: Duraludon|0 fnt\n|faint|p1a: Duraludon\n|-damage|p2a: Flutter Mane|31/203|[from] item: Life Orb\n|\n|-heal|p2a: Flutter Mane|43/203|[from] Grassy Terrain\n|-fieldend|move: Grassy Terrain\n|upkeep\n|\n|t:|1781432839\n|switch|p1a: Grimmsnarl|Grimmsnarl, L83, M|293/293\n|turn|14\n|\n|t:|1781432845\n|-end|p2a: Flutter Mane|Protosynthesis|[silent]\n|switch|p2a: Raikou|Raikou, L81|278/278\n|-ability|p2a: Raikou|Pressure\n|move|p1a: Grimmsnarl|Sucker Punch||[still]\n|-fail|p1a: Grimmsnarl\n|\n|upkeep\n|turn|15\n|\n|t:|1781432849\n|move|p2a: Raikou|Scald|p1a: Grimmsnarl\n|-damage|p1a: Grimmsnarl|190/293\n|move|p1a: Grimmsnarl|Spirit Break|p2a: Raikou\n|-damage|p2a: Raikou|161/278\n|-unboost|p2a: Raikou|spa|1\n|\n|-heal|p1a: Grimmsnarl|208/293|[from] item: Leftovers\n|upkeep\n|turn|16\n|\n|t:|1781432851\n|move|p2a: Raikou|Scald|p1a: Grimmsnarl\n|-damage|p1a: Grimmsnarl|136/293\n|move|p1a: Grimmsnarl|Spirit Break|p2a: Raikou\n|-damage|p2a: Raikou|59/278\n|-unboost|p2a: Raikou|spa|1\n|\n|-heal|p1a: Grimmsnarl|154/293|[from] item: Leftovers\n|upkeep\n|turn|17\n|\n|t:|1781432855\n|switch|p2a: Rillaboom|Rillaboom, L79, M|202/288\n|-fieldstart|move: Grassy Terrain|[from] ability: Grassy Surge|[of] p2a: Rillaboom\n|move|p1a: Grimmsnarl|Spirit Break|p2a: Rillaboom\n|-damage|p2a: Rillaboom|105/288\n|-unboost|p2a: Rillaboom|spa|1\n|\n|-heal|p2a: Rillaboom|123/288|[from] Grassy Terrain\n|-heal|p1a: Grimmsnarl|172/293|[from] Grassy Terrain\n|-heal|p1a: Grimmsnarl|190/293|[from] item: Leftovers\n|upkeep\n|turn|18\n|\n|t:|1781432860\n|move|p2a: Rillaboom|U-turn|p1a: Grimmsnarl\n|-damage|p1a: Grimmsnarl|98/293\n|\n|t:|1781432866\n|switch|p2a: Raikou|Raikou, L81|59/278|[from] U-turn\n|-ability|p2a: Raikou|Pressure\n|move|p1a: Grimmsnarl|Spirit Break|p2a: Raikou\n|-damage|p2a: Raikou|0 fnt\n|faint|p2a: Raikou\n|\n|-heal|p1a: Grimmsnarl|116/293|[from] Grassy Terrain\n|-heal|p1a: Grimmsnarl|134/293|[from] item: Leftovers\n|upkeep\n|\n|t:|1781432868\n|switch|p2a: Rillaboom|Rillaboom, L79, M|123/288\n|turn|19\n|\n|t:|1781432871\n|move|p2a: Rillaboom|Grassy Glide|p1a: Grimmsnarl\n|-damage|p1a: Grimmsnarl|0 fnt\n|faint|p1a: Grimmsnarl\n|\n|-heal|p2a: Rillaboom|141/288|[from] Grassy Terrain\n|upkeep\n|\n|t:|1781432877\n|switch|p1a: Lugia|Lugia, L73|172/275\n|turn|20\n|\n|t:|1781432882\n|switch|p2a: Flutter Mane|Flutter Mane, L74|43/203\n|move|p1a: Lugia|Recover|p1a: Lugia\n|-heal|p1a: Lugia|275/275\n|\n|-heal|p2a: Flutter Mane|55/203|[from] Grassy Terrain\n|upkeep\n|turn|21\n|\n|t:|1781432885\n|move|p2a: Flutter Mane|Shadow Ball|p1a: Lugia\n|-supereffective|p1a: Lugia\n|-damage|p1a: Lugia|193/275\n|-damage|p2a: Flutter Mane|35/203|[from] item: Life Orb\n|move|p1a: Lugia|Calm Mind|p1a: Lugia\n|-boost|p1a: Lugia|spa|1\n|-boost|p1a: Lugia|spd|1\n|\n|-heal|p2a: Flutter Mane|47/203|[from] Grassy Terrain\n|-fieldend|move: Grassy Terrain\n|upkeep\n|turn|22\n|\n|t:|1781432890\n|move|p2a: Flutter Mane|Shadow Ball|p1a: Lugia\n|-supereffective|p1a: Lugia\n|-damage|p1a: Lugia|68/275\n|-damage|p2a: Flutter Mane|27/203|[from] item: Life Orb\n|move|p1a: Lugia|Recover|p1a: Lugia\n|-heal|p1a: Lugia|206/275\n|\n|upkeep\n|turn|23\n|\n|t:|1781432895\n|move|p2a: Flutter Mane|Shadow Ball|p1a: Lugia\n|-supereffective|p1a: Lugia\n|-damage|p1a: Lugia|86/275\n|-damage|p2a: Flutter Mane|7/203|[from] item: Life Orb\n|move|p1a: Lugia|Recover|p1a: Lugia\n|-heal|p1a: Lugia|224/275\n|\n|upkeep\n|turn|24\n|\n|t:|1781432898\n|move|p2a: Flutter Mane|Shadow Ball|p1a: Lugia\n|-supereffective|p1a: Lugia\n|-damage|p1a: Lugia|104/275\n|-unboost|p1a: Lugia|spd|1\n|-damage|p2a: Flutter Mane|0 fnt|[from] item: Life Orb\n|faint|p2a: Flutter Mane\n|-end|p2a: Flutter Mane|Protosynthesis|[silent]\n|move|p1a: Lugia|Recover|p1a: Lugia\n|-heal|p1a: Lugia|242/275\n|\n|upkeep\n|\n|t:|1781432904\n|switch|p2a: Walking Wake|Walking Wake, L79|286/286\n|turn|25\n|\n|t:|1781432911\n|move|p2a: Walking Wake|Hydro Pump|p1a: Lugia\n|-damage|p1a: Lugia|104/275\n|move|p1a: Lugia|Calm Mind|p1a: Lugia\n|-boost|p1a: Lugia|spa|1\n|-boost|p1a: Lugia|spd|1\n|\n|upkeep\n|turn|26\n|\n|t:|1781432915\n|move|p2a: Walking Wake|Hydro Pump|p1a: Lugia\n|-damage|p1a: Lugia|13/275\n|move|p1a: Lugia|Recover|p1a: Lugia\n|-heal|p1a: Lugia|151/275\n|\n|upkeep\n|turn|27\n|\n|t:|1781432919\n|-end|p2a: Walking Wake|Protosynthesis|[silent]\n|switch|p2a: Rillaboom|Rillaboom, L79, M|141/288\n|-fieldstart|move: Grassy Terrain|[from] ability: Grassy Surge|[of] p2a: Rillaboom\n|move|p1a: Lugia|Recover|p1a: Lugia\n|-heal|p1a: Lugia|275/275\n|\n|-heal|p2a: Rillaboom|159/288|[from] Grassy Terrain\n|upkeep\n|turn|28\n|\n|t:|1781432925\n|move|p1a: Lugia|Aeroblast|p2a: Rillaboom\n|-supereffective|p2a: Rillaboom\n|-damage|p2a: Rillaboom|0 fnt\n|faint|p2a: Rillaboom\n|\n|upkeep\n|\n|t:|1781432928\n|switch|p2a: Walking Wake|Walking Wake, L79|235/235\n|turn|29\n|\n|t:|1781432938\n|move|p2a: Walking Wake|Dark Pulse|p1a: Lugia\n|-supereffective|p1a: Lugia\n|-damage|p1a: Lugia|196/275\n|move|p1a: Lugia|Calm Mind|p1a: Lugia\n|-boost|p1a: Lugia|spa|1\n|-boost|p1a: Lugia|spd|1\n|\n|upkeep\n|turn|30\n|\n|t:|1781432944\n|move|p2a: Walking Wake|Dark Pulse|p1a: Lugia\n|-supereffective|p1a: Lugia\n|-damage|p1a: Lugia|88/275\n|move|p1a: Lugia|Aeroblast|p2a: Walking Wake|[miss]\n|-miss|p1a: Lugia|p2a: Walking Wake\n|\n|upkeep\n|turn|31\n|\n|t:|1781432949\n|move|p2a: Walking Wake|Dark Pulse|p1a: Lugia\n|-supereffective|p1a: Lugia\n|-damage|p1a: Lugia|0 fnt\n|faint|p1a: Lugia\n|\n|-fieldend|move: Grassy Terrain\n|upkeep\n|\n|t:|1781432953\n|switch|p1a: Baxcalibur|Baxcalibur, L75, M|295/295\n|turn|32\n|\n|t:|1781432957\n|move|p2a: Walking Wake|Dark Pulse|p1a: Baxcalibur\n|-damage|p1a: Baxcalibur|124/295\n|move|p1a: Baxcalibur|Glaive Rush|p2a: Walking Wake\n|-damage|p2a: Walking Wake|0 fnt\n|-singlemove|p1a: Baxcalibur|Glaive Rush|[silent]\n|replace|p2a: Zoroark|Zoroark, L83, M\n|-end|p2a: Zoroark|Illusion\n|-hint|Illusion Level Mod is active, so this Pok\u00e9mon's true level was hidden.\n|faint|p2a: Zoroark\n|\n|upkeep\n|\n|t:|1781432960\n|switch|p2a: Walking Wake|Walking Wake, L79|286/286\n|turn|33\n|\n|t:|1781432964\n|move|p2a: Walking Wake|Flamethrower|p1a: Baxcalibur\n|-damage|p1a: Baxcalibur|0 fnt\n|faint|p1a: Baxcalibur\n|\n|upkeep\n|\n|t:|1781432967\n|switch|p1a: Bruxish|Bruxish, L85, F|254/254\n|turn|34\n|\n|t:|1781432972\n|move|p1a: Bruxish|Psychic Fangs|p2a: Walking Wake\n|-damage|p2a: Walking Wake|124/286\n|move|p2a: Walking Wake|Flamethrower|p1a: Bruxish\n|-resisted|p1a: Bruxish\n|-damage|p1a: Bruxish|189/254\n|\n|upkeep\n|turn|35\n|\n|t:|1781432975\n|-terastallize|p1a: Bruxish|Psychic\n|move|p1a: Bruxish|Psychic Fangs|p2a: Walking Wake\n|-damage|p2a: Walking Wake|0 fnt\n|faint|p2a: Walking Wake\n|-end|p2a: Walking Wake|Protosynthesis|[silent]\n|\n|win|kevinnopants\n", "inputlog": ">version a8376a258c1d4662feba110a92103f3664a72141\n>start {\"formatid\":\"gen9randombattle\",\"seed\":\"sodium,1958feba0ec8f54af85cb09f47217b94\",\"rated\":\"Rated battle\"}\n>player p1 {\"name\":\"kevinnopants\",\"avatar\":\"170\",\"rating\":2030,\"seed\":\"sodium,ea49c6d1b8ea123760885ab66adc869e\"}\n>player p2 {\"name\":\"PotatoeOfLife\",\"avatar\":\"pokemonbreeder-gen4\",\"rating\":1958,\"seed\":\"sodium,5b14fc56624ee4d06fc2fd2fedc35d0d\"}\n>p1 move aeroblast\n>p2 move calmmind\n>p1 switch 2\n>p2 move mysticalfire\n>p1 move toxic\n>p2 move calmmind\n>p1 switch 2\n>p2 move mysticalfire\n>p1 move calmmind\n>p2 move mysticalfire\n>p1 move recover\n>p2 move moonblast\n>p1 move recover\n>p2 move moonblast\n>p2 switch 4\n>p1 switch 2\n>p2 move thunderbolt\n>p1 move muddywater\n>p2 switch 6\n>p1 move toxic\n>p2 move woodhammer\n>p1 switch 6\n>p1 move bodypress\n>p2 switch 5\n>p1 move flashcannon\n>p2 move moonblast\n>p1 move flashcannon\n>p2 move moonblast\n>p1 switch 3\n>p1 move suckerpunch\n>p2 switch 6\n>p1 move spiritbreak\n>p2 move scald\n>p1 move spiritbreak\n>p2 move scald\n>p1 move spiritbreak\n>p2 switch 5\n>p1 move spiritbreak\n>p2 move uturn\n>p2 switch 5\n>p2 switch 5\n>p1 move suckerpunch\n>p2 move grassyglide\n>p1 switch 2\n>p1 move recover\n>p2 switch 6\n>p1 move calmmind\n>p2 move shadowball\n>p1 move recover\n>p2 move shadowball\n>p1 move recover\n>p2 move shadowball\n>p1 move recover\n>p2 move shadowball\n>p2 switch 2\n>p1 move calmmind\n>p2 move hydropump\n>p1 move recover\n>p2 move hydropump\n>p1 move recover\n>p2 switch 6\n>p1 move aeroblast\n>p2 move woodhammer\n>p2 switch 3\n>p1 move calmmind\n>p2 move darkpulse\n>p1 move aeroblast\n>p2 move darkpulse\n>p1 move aeroblast\n>p2 move darkpulse\n>p1 switch 4\n>p1 move glaiverush\n>p2 move darkpulse\n>p2 switch 6\n>p1 move glaiverush\n>p2 move flamethrower\n>p1 switch 5\n>p1 move psychicfangs\n>p2 move flamethrower\n>p1 move psychicfangs terastallize\n>p2 move flamethrower", "uploadtime": 1781432712, "views": 4, "formatid": "gen9randombattle", "rating": null, "private": 0, "password": null}