{"id": "gen9randombattle-2631760567", "format": "[Gen 9] Random Battle", "players": ["DaMoistAvocado", "arno123"], "log": "|j|\u2606DaMoistAvocado\n|j|\u2606arno123\n|t:|1781435335\n|gametype|singles\n|player|p1|DaMoistAvocado|steven|1940\n|player|p2|arno123|101|1908\n|gen|9\n|tier|[Gen 9] Random Battle\n|rated|\n|rule|Species Clause: Limit one of each Pok\u00e9mon\n|rule|HP Percentage Mod: HP is shown in percentages\n|rule|Sleep Clause Mod: Limit one foe put to sleep\n|rule|Illusion Level Mod: Illusion disguises the Pok\u00e9mon's true level\n|\n|t:|1781435335\n|teamsize|p1|6\n|teamsize|p2|6\n|start\n|switch|p1a: Dialga|Dialga, L73|266/266\n|switch|p2a: Lycanroc|Lycanroc-Dusk, L81, M|254/254\n|-ability|p1a: Dialga|Pressure\n|turn|1\n|inactive|Battle timer is ON: inactive players will automatically lose when time's up. (requested by arno123)\n|inactive|DaMoistAvocado has 120 seconds left.\n|inactive|DaMoistAvocado has 90 seconds left.\n|\n|t:|1781435408\n|move|p2a: Lycanroc|Close Combat|p1a: Dialga\n|-supereffective|p1a: Dialga\n|-damage|p1a: Dialga|0 fnt\n|-unboost|p2a: Lycanroc|def|1\n|-unboost|p2a: Lycanroc|spd|1\n|faint|p1a: Dialga\n|\n|upkeep\n|inactive|DaMoistAvocado has 120 seconds left.\n|inactive|DaMoistAvocado has 90 seconds left.\n|\n|t:|1781435468\n|switch|p1a: Jolteon|Jolteon, L84, M|246/246\n|turn|2\n|\n|t:|1781435481\n|switch|p2a: Altaria|Altaria, L89, M|278/278\n|move|p1a: Jolteon|Thunderbolt|p2a: Altaria\n|-damage|p2a: Altaria|196/278\n|-status|p2a: Altaria|par\n|\n|upkeep\n|turn|3\n|\n|t:|1781435488\n|switch|p1a: Weavile|Weavile, L79, M|240/240\n|cant|p2a: Altaria|par\n|\n|upkeep\n|turn|4\n|\n|t:|1781435504\n|-curestatus|p2a: Altaria|par|[from] ability: Natural Cure|[silent]\n|switch|p2a: Scizor|Scizor, L79, F|240/240\n|move|p1a: Weavile|Swords Dance|p1a: Weavile\n|-boost|p1a: Weavile|atk|2\n|\n|upkeep\n|turn|5\n|\n|t:|1781435515\n|move|p2a: Scizor|Bullet Punch|p1a: Weavile\n|-supereffective|p1a: Weavile\n|-damage|p1a: Weavile|0 fnt\n|faint|p1a: Weavile\n|\n|upkeep\n|inactive|DaMoistAvocado has 90 seconds left.\n|\n|t:|1781435541\n|switch|p1a: Rhyperior|Rhyperior, L82, F|323/323\n|turn|6\n|\n|t:|1781435555\n|switch|p2a: Conkeldurr|Conkeldurr, L80, F|299/299\n|move|p1a: Rhyperior|Rock Polish|p1a: Rhyperior\n|-boost|p1a: Rhyperior|spe|2\n|\n|-status|p2a: Conkeldurr|brn|[from] item: Flame Orb\n|upkeep\n|turn|7\n|inactive|DaMoistAvocado has 90 seconds left.\n|\n|t:|1781435600\n|move|p1a: Rhyperior|Earthquake|p2a: Conkeldurr\n|-damage|p2a: Conkeldurr|154/299 brn\n|move|p2a: Conkeldurr|Close Combat|p1a: Rhyperior\n|-supereffective|p1a: Rhyperior\n|-damage|p1a: Rhyperior|71/323\n|-unboost|p2a: Conkeldurr|def|1\n|-unboost|p2a: Conkeldurr|spd|1\n|-enditem|p1a: Rhyperior|Weakness Policy\n|-boost|p1a: Rhyperior|atk|2|[from] item: Weakness Policy\n|-boost|p1a: Rhyperior|spa|2|[from] item: Weakness Policy\n|\n|-damage|p2a: Conkeldurr|136/299 brn|[from] brn\n|upkeep\n|turn|8\n|\n|t:|1781435607\n|move|p2a: Conkeldurr|Mach Punch|p1a: Rhyperior\n|-supereffective|p1a: Rhyperior\n|-damage|p1a: Rhyperior|0 fnt\n|faint|p1a: Rhyperior\n|\n|-damage|p2a: Conkeldurr|118/299 brn|[from] brn\n|upkeep\n|\n|t:|1781435609\n|switch|p1a: Rabsca|Rabsca, L91, M|284/284\n|turn|9\n|\n|t:|1781435624\n|move|p2a: Conkeldurr|Facade|p1a: Rabsca\n|-damage|p1a: Rabsca|102/284\n|move|p1a: Rabsca|Psychic|p2a: Conkeldurr\n|-supereffective|p2a: Conkeldurr\n|-damage|p2a: Conkeldurr|0 fnt\n|faint|p2a: Conkeldurr\n|\n|upkeep\n|\n|t:|1781435647\n|switch|p2a: Altaria|Altaria, L89, M|196/278\n|turn|10\n|\n|t:|1781435652\n|switch|p1a: Jolteon|Jolteon, L84, M|246/246\n|move|p2a: Altaria|Brave Bird|p1a: Jolteon\n|-resisted|p1a: Jolteon\n|-damage|p1a: Jolteon|167/246\n|-damage|p2a: Altaria|170/278|[from] Recoil\n|\n|-heal|p1a: Jolteon|182/246|[from] item: Leftovers\n|upkeep\n|turn|11\n|\n|t:|1781435656\n|move|p1a: Jolteon|Calm Mind|p1a: Jolteon\n|-boost|p1a: Jolteon|spa|1\n|-boost|p1a: Jolteon|spd|1\n|move|p2a: Altaria|Roost|p2a: Altaria\n|-heal|p2a: Altaria|278/278\n|-singleturn|p2a: Altaria|move: Roost\n|\n|-heal|p1a: Jolteon|197/246|[from] item: Leftovers\n|upkeep\n|turn|12\n|\n|t:|1781435663\n|move|p1a: Jolteon|Substitute|p1a: Jolteon\n|-start|p1a: Jolteon|Substitute\n|-damage|p1a: Jolteon|136/246\n|move|p2a: Altaria|Earthquake|p1a: Jolteon\n|-supereffective|p1a: Jolteon\n|-end|p1a: Jolteon|Substitute\n|\n|-heal|p1a: Jolteon|151/246|[from] item: Leftovers\n|upkeep\n|turn|13\n|\n|t:|1781435671\n|-terastallize|p1a: Jolteon|Ice\n|move|p1a: Jolteon|Tera Blast|p2a: Altaria|[anim] Tera Blast Ice\n|-supereffective|p2a: Altaria\n|-damage|p2a: Altaria|0 fnt\n|faint|p2a: Altaria\n|\n|-heal|p1a: Jolteon|166/246|[from] item: Leftovers\n|upkeep\n|\n|t:|1781435677\n|switch|p2a: Scizor|Scizor, L79, F|240/240\n|turn|14\n|inactive|DaMoistAvocado has 120 seconds left.\n|\n|t:|1781435718\n|switch|p1a: Lilligant|Lilligant-Hisui, L79, F|240/240\n|move|p2a: Scizor|Bullet Punch|p1a: Lilligant\n|-damage|p1a: Lilligant|113/240\n|\n|upkeep\n|turn|15\n|\n|t:|1781435726\n|-terastallize|p2a: Scizor|Steel\n|move|p2a: Scizor|Bullet Punch|p1a: Lilligant\n|-damage|p1a: Lilligant|0 fnt\n|faint|p1a: Lilligant\n|\n|upkeep\n|inactive|DaMoistAvocado has 90 seconds left.\n|\n|t:|1781435753\n|switch|p1a: Rabsca|Rabsca, L91, M|102/284\n|turn|16\n|\n|t:|1781435769\n|move|p2a: Scizor|Bullet Punch|p1a: Rabsca\n|-damage|p1a: Rabsca|0 fnt\n|faint|p1a: Rabsca\n|\n|upkeep\n|inactive|DaMoistAvocado has 90 seconds left.\n|\n|t:|1781435785\n|switch|p1a: Jolteon|Jolteon, L84, M, tera:Ice|166/246\n|turn|17\n|\n|t:|1781435789\n|move|p2a: Scizor|Bullet Punch|p1a: Jolteon\n|-supereffective|p1a: Jolteon\n|-damage|p1a: Jolteon|0 fnt\n|faint|p1a: Jolteon\n|\n|win|arno123\n", "uploadtime": 1781435336, "views": 3, "formatid": "gen9randombattle", "rating": null, "private": 0, "password": null}