{"id": "gen9randombattle-2631360263", "format": "[Gen 9] Random Battle", "players": ["LaxMD", "N.TdaRajada"], "log": "|j|\u2606LaxMD\n|j|\u2606N.TdaRajada\n|t:|1781375540\n|gametype|singles\n|player|p1|LaxMD|teamrocket|1787\n|player|p2|N.TdaRajada|102|1837\n|gen|9\n|tier|[Gen 9] Random Battle\n|rated|\n|rule|Species Clause: Limit one of each Pok\u00e9mon\n|rule|HP Percentage Mod: HP is shown in percentages\n|rule|Sleep Clause Mod: Limit one foe put to sleep\n|rule|Illusion Level Mod: Illusion disguises the Pok\u00e9mon's true level\n|\n|t:|1781375540\n|teamsize|p1|6\n|teamsize|p2|6\n|start\n|switch|p1a: Delphox|Delphox, L84, F|263/263\n|switch|p2a: Wigglytuff|Wigglytuff, L96, F|424/424\n|turn|1\n|inactive|Battle timer is ON: inactive players will automatically lose when time's up. (requested by LaxMD)\n|\n|t:|1781375548\n|move|p2a: Wigglytuff|Protect|p2a: Wigglytuff\n|-singleturn|p2a: Wigglytuff|Protect\n|move|p1a: Delphox|Fire Blast|p2a: Wigglytuff\n|-activate|p2a: Wigglytuff|move: Protect\n|\n|upkeep\n|turn|2\n|\n|t:|1781375557\n|switch|p2a: Snorlax|Snorlax, L82, M|397/397\n|move|p1a: Delphox|Fire Blast|p2a: Snorlax\n|-damage|p2a: Snorlax|309/397\n|\n|-heal|p2a: Snorlax|333/397|[from] item: Leftovers\n|upkeep\n|turn|3\n|\n|t:|1781375564\n|switch|p1a: Skarmory|Skarmory, L80, M|235/235\n|move|p2a: Snorlax|Curse|p2a: Snorlax\n|-unboost|p2a: Snorlax|spe|1\n|-boost|p2a: Snorlax|atk|1\n|-boost|p2a: Snorlax|def|1\n|\n|-heal|p2a: Snorlax|357/397|[from] item: Leftovers\n|upkeep\n|turn|4\n|\n|t:|1781375592\n|move|p1a: Skarmory|Spikes|p2a: Snorlax\n|-sidestart|p2: N.TdaRajada|Spikes\n|move|p2a: Snorlax|Body Slam|p1a: Skarmory\n|-resisted|p1a: Skarmory\n|-damage|p1a: Skarmory|188/235\n|-damage|p2a: Snorlax|291/397|[from] item: Rocky Helmet|[of] p1a: Skarmory\n|\n|-heal|p2a: Snorlax|315/397|[from] item: Leftovers\n|upkeep\n|turn|5\n|\n|t:|1781375595\n|move|p2a: Snorlax|Body Slam|p1a: Skarmory\n|-resisted|p1a: Skarmory\n|-damage|p1a: Skarmory|134/235\n|-damage|p2a: Snorlax|249/397|[from] item: Rocky Helmet|[of] p1a: Skarmory\n|move|p1a: Skarmory|Whirlwind|p2a: Snorlax\n|drag|p2a: Lokix|Lokix, L82, M|251/251\n|-damage|p2a: Lokix|220/251|[from] Spikes\n|\n|upkeep\n|turn|6\n|\n|t:|1781375604\n|move|p2a: Lokix|U-turn|p1a: Skarmory\n|-resisted|p1a: Skarmory\n|-crit|p1a: Skarmory\n|-damage|p1a: Skarmory|88/235\n|-damage|p2a: Lokix|179/251|[from] item: Rocky Helmet|[of] p1a: Skarmory\n|\n|t:|1781375615\n|switch|p2a: Wigglytuff|Wigglytuff, L96, F|424/424|[from] U-turn\n|-damage|p2a: Wigglytuff|371/424|[from] Spikes\n|move|p1a: Skarmory|Roost|p1a: Skarmory\n|-heal|p1a: Skarmory|206/235\n|-singleturn|p1a: Skarmory|move: Roost\n|\n|-heal|p2a: Wigglytuff|397/424|[from] item: Leftovers\n|upkeep\n|turn|7\n|\n|t:|1781375625\n|switch|p1a: Delphox|Delphox, L84, F|263/263\n|move|p2a: Wigglytuff|Wish|p2a: Wigglytuff\n|\n|-heal|p2a: Wigglytuff|423/424|[from] item: Leftovers\n|upkeep\n|turn|8\n|\n|t:|1781375631\n|switch|p2a: Snorlax|Snorlax, L82, M|249/397\n|-damage|p2a: Snorlax|200/397|[from] Spikes\n|move|p1a: Delphox|Focus Blast|p2a: Snorlax|[miss]\n|-miss|p1a: Delphox|p2a: Snorlax\n|\n|-heal|p2a: Snorlax|397/397|[from] move: Wish|[wisher] Wigglytuff\n|upkeep\n|turn|9\n|\n|t:|1781375635\n|move|p1a: Delphox|Focus Blast|p2a: Snorlax\n|-supereffective|p2a: Snorlax\n|-damage|p2a: Snorlax|143/397\n|move|p2a: Snorlax|Body Slam|p1a: Delphox\n|-damage|p1a: Delphox|155/263\n|-status|p1a: Delphox|par\n|\n|-heal|p2a: Snorlax|167/397|[from] item: Leftovers\n|upkeep\n|turn|10\n|\n|t:|1781375642\n|cant|p1a: Delphox|par\n|move|p2a: Snorlax|Body Slam|p1a: Delphox\n|-damage|p1a: Delphox|47/263 par\n|\n|-heal|p2a: Snorlax|191/397|[from] item: Leftovers\n|upkeep\n|turn|11\n|\n|t:|1781375659\n|move|p1a: Delphox|Focus Blast|p2a: Snorlax\n|-supereffective|p2a: Snorlax\n|-damage|p2a: Snorlax|0 fnt\n|faint|p2a: Snorlax\n|\n|upkeep\n|\n|t:|1781375686\n|switch|p2a: Wigglytuff|Wigglytuff, L96, F|423/424\n|-damage|p2a: Wigglytuff|370/424|[from] Spikes\n|turn|12\n|\n|t:|1781375689\n|move|p2a: Wigglytuff|Wish|p2a: Wigglytuff\n|move|p1a: Delphox|Focus Blast|p2a: Wigglytuff\n|-damage|p2a: Wigglytuff|176/424\n|\n|-heal|p2a: Wigglytuff|202/424|[from] item: Leftovers\n|upkeep\n|turn|13\n|\n|t:|1781375697\n|move|p2a: Wigglytuff|Fire Blast|p1a: Delphox\n|-resisted|p1a: Delphox\n|-damage|p1a: Delphox|3/263 par\n|move|p1a: Delphox|Focus Blast|p2a: Wigglytuff\n|-damage|p2a: Wigglytuff|10/424\n|-unboost|p2a: Wigglytuff|spd|1\n|-ability|p2a: Wigglytuff|Competitive|boost\n|-boost|p2a: Wigglytuff|spa|2\n|\n|-heal|p2a: Wigglytuff|222/424|[from] move: Wish|[wisher] Wigglytuff\n|-heal|p2a: Wigglytuff|248/424|[from] item: Leftovers\n|upkeep\n|turn|14\n|\n|t:|1781375710\n|move|p2a: Wigglytuff|Wish|p2a: Wigglytuff\n|move|p1a: Delphox|Focus Blast|p2a: Wigglytuff\n|-damage|p2a: Wigglytuff|0 fnt\n|faint|p2a: Wigglytuff\n|\n|upkeep\n|\n|t:|1781375723\n|switch|p2a: Lokix|Lokix, L82, M|179/251\n|-damage|p2a: Lokix|148/251|[from] Spikes\n|turn|15\n|\n|t:|1781375726\n|move|p2a: Lokix|U-turn|p1a: Delphox\n|-damage|p1a: Delphox|0 fnt\n|faint|p1a: Delphox\n|\n|t:|1781375731\n|switch|p2a: Mandibuzz|Mandibuzz, L85, F|326/326|[from] U-turn\n|\n|upkeep\n|\n|t:|1781375743\n|switch|p1a: Skarmory|Skarmory, L80, M|206/235\n|turn|16\n|\n|t:|1781375764\n|move|p2a: Mandibuzz|Defog|p1a: Skarmory\n|-unboost|p1a: Skarmory|evasion|1\n|-sideend|p2: N.TdaRajada|Spikes|[from] move: Defog|[of] p2a: Mandibuzz\n|move|p1a: Skarmory|Spikes|p2a: Mandibuzz\n|-sidestart|p2: N.TdaRajada|Spikes\n|\n|upkeep\n|turn|17\n|\n|t:|1781375782\n|move|p2a: Mandibuzz|Defog|p1a: Skarmory\n|-unboost|p1a: Skarmory|evasion|1\n|-sideend|p2: N.TdaRajada|Spikes|[from] move: Defog|[of] p2a: Mandibuzz\n|move|p1a: Skarmory|Brave Bird|p2a: Mandibuzz\n|-damage|p2a: Mandibuzz|233/326\n|-damage|p1a: Skarmory|175/235|[from] Recoil\n|\n|upkeep\n|turn|18\n|\n|t:|1781375801\n|move|p2a: Mandibuzz|Foul Play|p1a: Skarmory\n|-damage|p1a: Skarmory|115/235\n|-damage|p2a: Mandibuzz|179/326|[from] item: Rocky Helmet|[of] p1a: Skarmory\n|move|p1a: Skarmory|Spikes|p2a: Mandibuzz\n|-sidestart|p2: N.TdaRajada|Spikes\n|\n|upkeep\n|turn|19\n|\n|t:|1781375811\n|move|p2a: Mandibuzz|Foul Play|p1a: Skarmory\n|-damage|p1a: Skarmory|51/235\n|-damage|p2a: Mandibuzz|125/326|[from] item: Rocky Helmet|[of] p1a: Skarmory\n|move|p1a: Skarmory|Roost|p1a: Skarmory\n|-heal|p1a: Skarmory|169/235\n|-singleturn|p1a: Skarmory|move: Roost\n|\n|upkeep\n|turn|20\n|\n|t:|1781375817\n|move|p2a: Mandibuzz|Roost|p2a: Mandibuzz\n|-heal|p2a: Mandibuzz|288/326\n|-singleturn|p2a: Mandibuzz|move: Roost\n|move|p1a: Skarmory|Spikes|p2a: Mandibuzz\n|-sidestart|p2: N.TdaRajada|Spikes\n|\n|upkeep\n|turn|21\n|\n|t:|1781375820\n|move|p2a: Mandibuzz|Defog|p1a: Skarmory\n|-unboost|p1a: Skarmory|evasion|1\n|-sideend|p2: N.TdaRajada|Spikes|[from] move: Defog|[of] p2a: Mandibuzz\n|move|p1a: Skarmory|Whirlwind|p2a: Mandibuzz\n|drag|p2a: Torterra|Torterra, L78, M|276/276\n|\n|upkeep\n|turn|22\n|\n|t:|1781375826\n|switch|p2a: Mandibuzz|Mandibuzz, L85, F|288/326\n|move|p1a: Skarmory|Whirlwind|p2a: Mandibuzz\n|drag|p2a: Lokix|Lokix, L82, M|148/251\n|\n|upkeep\n|turn|23\n|\n|t:|1781375831\n|switch|p2a: Mandibuzz|Mandibuzz, L85, F|288/326\n|move|p1a: Skarmory|Spikes|p2a: Mandibuzz\n|-sidestart|p2: N.TdaRajada|Spikes\n|\n|upkeep\n|turn|24\n|\n|t:|1781375838\n|move|p2a: Mandibuzz|Foul Play|p1a: Skarmory\n|-damage|p1a: Skarmory|103/235\n|-damage|p2a: Mandibuzz|234/326|[from] item: Rocky Helmet|[of] p1a: Skarmory\n|move|p1a: Skarmory|Whirlwind|p2a: Mandibuzz\n|drag|p2a: Lokix|Lokix, L82, M|148/251\n|-damage|p2a: Lokix|117/251|[from] Spikes\n|\n|upkeep\n|turn|25\n|\n|t:|1781375853\n|switch|p2a: Mandibuzz|Mandibuzz, L85, F|234/326\n|move|p1a: Skarmory|Roost|p1a: Skarmory\n|-heal|p1a: Skarmory|221/235\n|-singleturn|p1a: Skarmory|move: Roost\n|\n|upkeep\n|turn|26\n|\n|t:|1781375857\n|move|p2a: Mandibuzz|Defog|p1a: Skarmory\n|-unboost|p1a: Skarmory|evasion|1\n|-sideend|p2: N.TdaRajada|Spikes|[from] move: Defog|[of] p2a: Mandibuzz\n|move|p1a: Skarmory|Whirlwind|p2a: Mandibuzz\n|drag|p2a: Torterra|Torterra, L78, M|276/276\n|\n|upkeep\n|turn|27\n|\n|t:|1781375863\n|switch|p2a: Mandibuzz|Mandibuzz, L85, F|234/326\n|move|p1a: Skarmory|Whirlwind|p2a: Mandibuzz\n|drag|p2a: Mienshao|Mienshao, L83, F, shiny|244/244\n|\n|upkeep\n|turn|28\n|\n|t:|1781375873\n|move|p2a: Mienshao|Fake Out|p1a: Skarmory\n|-resisted|p1a: Skarmory\n|-damage|p1a: Skarmory|210/235\n|-damage|p2a: Mienshao|204/244|[from] item: Rocky Helmet|[of] p1a: Skarmory\n|cant|p1a: Skarmory|flinch\n|\n|upkeep\n|turn|29\n|\n|t:|1781375887\n|switch|p2a: Mandibuzz|Mandibuzz, L85, F|234/326\n|move|p1a: Skarmory|Spikes|p2a: Mandibuzz\n|-sidestart|p2: N.TdaRajada|Spikes\n|\n|upkeep\n|turn|30\n|\n|t:|1781375889\n|move|p2a: Mandibuzz|Defog|p1a: Skarmory\n|-unboost|p1a: Skarmory|evasion|1\n|-sideend|p2: N.TdaRajada|Spikes|[from] move: Defog|[of] p2a: Mandibuzz\n|move|p1a: Skarmory|Whirlwind|p2a: Mandibuzz\n|drag|p2a: Torterra|Torterra, L78, M|276/276\n|\n|upkeep\n|turn|31\n|\n|t:|1781375893\n|switch|p2a: Mandibuzz|Mandibuzz, L85, F|234/326\n|move|p1a: Skarmory|Whirlwind|p2a: Mandibuzz\n|drag|p2a: Torterra|Torterra, L78, M|276/276\n|\n|upkeep\n|turn|32\n|\n|t:|1781375899\n|switch|p2a: Mandibuzz|Mandibuzz, L85, F|234/326\n|move|p1a: Skarmory|Whirlwind|p2a: Mandibuzz\n|drag|p2a: Mienshao|Mienshao, L83, F, shiny|244/244\n|\n|upkeep\n|turn|33\n|\n|t:|1781375903\n|move|p2a: Mienshao|Fake Out|p1a: Skarmory\n|-resisted|p1a: Skarmory\n|-damage|p1a: Skarmory|198/235\n|-damage|p2a: Mienshao|204/244|[from] item: Rocky Helmet|[of] p1a: Skarmory\n|cant|p1a: Skarmory|flinch\n|\n|upkeep\n|turn|34\n|\n|t:|1781375907\n|switch|p2a: Mandibuzz|Mandibuzz, L85, F|234/326\n|move|p1a: Skarmory|Whirlwind|p2a: Mandibuzz\n|drag|p2a: Mienshao|Mienshao, L83, F, shiny|244/244\n|\n|upkeep\n|turn|35\n|\n|t:|1781375911\n|switch|p2a: Mandibuzz|Mandibuzz, L85, F|234/326\n|move|p1a: Skarmory|Brave Bird|p2a: Mandibuzz\n|-damage|p2a: Mandibuzz|141/326\n|-damage|p1a: Skarmory|167/235|[from] Recoil\n|\n|upkeep\n|turn|36\n|\n|t:|1781375914\n|move|p2a: Mandibuzz|Roost|p2a: Mandibuzz\n|-heal|p2a: Mandibuzz|304/326\n|-singleturn|p2a: Mandibuzz|move: Roost\n|move|p1a: Skarmory|Roost|p1a: Skarmory\n|-heal|p1a: Skarmory|235/235\n|-singleturn|p1a: Skarmory|move: Roost\n|\n|upkeep\n|turn|37\n|\n|t:|1781375924\n|move|p2a: Mandibuzz|Foul Play|p1a: Skarmory\n|-damage|p1a: Skarmory|171/235\n|-damage|p2a: Mandibuzz|250/326|[from] item: Rocky Helmet|[of] p1a: Skarmory\n|move|p1a: Skarmory|Spikes|p2a: Mandibuzz\n|-sidestart|p2: N.TdaRajada|Spikes\n|\n|upkeep\n|turn|38\n|\n|t:|1781375929\n|move|p2a: Mandibuzz|Defog|p1a: Skarmory\n|-unboost|p1a: Skarmory|evasion|1\n|-sideend|p2: N.TdaRajada|Spikes|[from] move: Defog|[of] p2a: Mandibuzz\n|move|p1a: Skarmory|Spikes|p2a: Mandibuzz\n|-sidestart|p2: N.TdaRajada|Spikes\n|\n|upkeep\n|turn|39\n|\n|t:|1781375931\n|move|p2a: Mandibuzz|Defog|p1a: Skarmory\n|-unboost|p1a: Skarmory|evasion|0\n|-sideend|p2: N.TdaRajada|Spikes|[from] move: Defog|[of] p2a: Mandibuzz\n|move|p1a: Skarmory|Spikes|p2a: Mandibuzz\n|-sidestart|p2: N.TdaRajada|Spikes\n|\n|upkeep\n|turn|40\n|\n|t:|1781375934\n|move|p2a: Mandibuzz|Defog|p1a: Skarmory\n|-unboost|p1a: Skarmory|evasion|0\n|-sideend|p2: N.TdaRajada|Spikes|[from] move: Defog|[of] p2a: Mandibuzz\n|move|p1a: Skarmory|Spikes|p2a: Mandibuzz\n|-sidestart|p2: N.TdaRajada|Spikes\n|\n|upkeep\n|turn|41\n|\n|t:|1781375940\n|move|p2a: Mandibuzz|Foul Play|p1a: Skarmory\n|-damage|p1a: Skarmory|104/235\n|-damage|p2a: Mandibuzz|196/326|[from] item: Rocky Helmet|[of] p1a: Skarmory\n|move|p1a: Skarmory|Spikes|p2a: Mandibuzz\n|-sidestart|p2: N.TdaRajada|Spikes\n|\n|upkeep\n|turn|42\n|\n|t:|1781375947\n|move|p2a: Mandibuzz|Foul Play|p1a: Skarmory\n|-damage|p1a: Skarmory|41/235\n|-damage|p2a: Mandibuzz|142/326|[from] item: Rocky Helmet|[of] p1a: Skarmory\n|move|p1a: Skarmory|Roost|p1a: Skarmory\n|-heal|p1a: Skarmory|159/235\n|-singleturn|p1a: Skarmory|move: Roost\n|\n|upkeep\n|turn|43\n|\n|t:|1781375955\n|move|p2a: Mandibuzz|Defog|p1a: Skarmory\n|-unboost|p1a: Skarmory|evasion|0\n|-sideend|p2: N.TdaRajada|Spikes|[from] move: Defog|[of] p2a: Mandibuzz\n|move|p1a: Skarmory|Whirlwind|p2a: Mandibuzz\n|drag|p2a: Lokix|Lokix, L82, M|117/251\n|\n|upkeep\n|turn|44\n|\n|t:|1781375967\n|switch|p2a: Mandibuzz|Mandibuzz, L85, F|142/326\n|move|p1a: Skarmory|Spikes|p2a: Mandibuzz\n|-sidestart|p2: N.TdaRajada|Spikes\n|\n|upkeep\n|turn|45\n|\n|t:|1781375971\n|move|p2a: Mandibuzz|Roost|p2a: Mandibuzz\n|-heal|p2a: Mandibuzz|305/326\n|-singleturn|p2a: Mandibuzz|move: Roost\n|move|p1a: Skarmory|Whirlwind|p2a: Mandibuzz\n|drag|p2a: Lokix|Lokix, L82, M|117/251\n|-damage|p2a: Lokix|86/251|[from] Spikes\n|\n|upkeep\n|turn|46\n|\n|t:|1781375974\n|switch|p2a: Mandibuzz|Mandibuzz, L85, F|305/326\n|move|p1a: Skarmory|Spikes|p2a: Mandibuzz\n|-sidestart|p2: N.TdaRajada|Spikes\n|\n|upkeep\n|turn|47\n|\n|t:|1781375977\n|move|p2a: Mandibuzz|Defog|p1a: Skarmory\n|-unboost|p1a: Skarmory|evasion|0\n|-sideend|p2: N.TdaRajada|Spikes|[from] move: Defog|[of] p2a: Mandibuzz\n|move|p1a: Skarmory|Spikes|p2a: Mandibuzz\n|-sidestart|p2: N.TdaRajada|Spikes\n|\n|upkeep\n|turn|48\n|\n|t:|1781375979\n|move|p2a: Mandibuzz|Defog|p1a: Skarmory\n|-unboost|p1a: Skarmory|evasion|0\n|-sideend|p2: N.TdaRajada|Spikes|[from] move: Defog|[of] p2a: Mandibuzz\n|move|p1a: Skarmory|Whirlwind|p2a: Mandibuzz\n|drag|p2a: Mienshao|Mienshao, L83, F, shiny|244/244\n|\n|upkeep\n|turn|49\n|\n|t:|1781375984\n|move|p2a: Mienshao|Fake Out|p1a: Skarmory\n|-resisted|p1a: Skarmory\n|-damage|p1a: Skarmory|147/235\n|-damage|p2a: Mienshao|204/244|[from] item: Rocky Helmet|[of] p1a: Skarmory\n|cant|p1a: Skarmory|flinch\n|\n|upkeep\n|turn|50\n|\n|t:|1781375988\n|switch|p2a: Mandibuzz|Mandibuzz, L85, F|305/326\n|move|p1a: Skarmory|Roost|p1a: Skarmory\n|-heal|p1a: Skarmory|235/235\n|-singleturn|p1a: Skarmory|move: Roost\n|\n|upkeep\n|turn|51\n|\n|t:|1781375995\n|move|p2a: Mandibuzz|Foul Play|p1a: Skarmory\n|-damage|p1a: Skarmory|169/235\n|-damage|p2a: Mandibuzz|251/326|[from] item: Rocky Helmet|[of] p1a: Skarmory\n|move|p1a: Skarmory|Spikes|p2a: Mandibuzz\n|-sidestart|p2: N.TdaRajada|Spikes\n|\n|upkeep\n|turn|52\n|\n|t:|1781375998\n|move|p2a: Mandibuzz|Defog|p1a: Skarmory\n|-unboost|p1a: Skarmory|evasion|0\n|-sideend|p2: N.TdaRajada|Spikes|[from] move: Defog|[of] p2a: Mandibuzz\n|move|p1a: Skarmory|Spikes|p2a: Mandibuzz\n|-sidestart|p2: N.TdaRajada|Spikes\n|\n|upkeep\n|turn|53\n|\n|t:|1781376000\n|move|p2a: Mandibuzz|Defog|p1a: Skarmory\n|-unboost|p1a: Skarmory|evasion|0\n|-sideend|p2: N.TdaRajada|Spikes|[from] move: Defog|[of] p2a: Mandibuzz\n|move|p1a: Skarmory|Spikes|p2a: Mandibuzz\n|-sidestart|p2: N.TdaRajada|Spikes\n|\n|upkeep\n|turn|54\n|\n|t:|1781376002\n|move|p2a: Mandibuzz|Defog|p1a: Skarmory\n|-unboost|p1a: Skarmory|evasion|0\n|-sideend|p2: N.TdaRajada|Spikes|[from] move: Defog|[of] p2a: Mandibuzz\n|move|p1a: Skarmory|Spikes|p2a: Mandibuzz\n|-sidestart|p2: N.TdaRajada|Spikes\n|\n|upkeep\n|turn|55\n|\n|t:|1781376006\n|move|p2a: Mandibuzz|Foul Play|p1a: Skarmory\n|-damage|p1a: Skarmory|108/235\n|-damage|p2a: Mandibuzz|197/326|[from] item: Rocky Helmet|[of] p1a: Skarmory\n|move|p1a: Skarmory|Spikes|p2a: Mandibuzz\n|-sidestart|p2: N.TdaRajada|Spikes\n|\n|upkeep\n|turn|56\n|\n|t:|1781376012\n|move|p2a: Mandibuzz|Defog|p1a: Skarmory\n|-unboost|p1a: Skarmory|evasion|0\n|-sideend|p2: N.TdaRajada|Spikes|[from] move: Defog|[of] p2a: Mandibuzz\n|move|p1a: Skarmory|Roost|p1a: Skarmory\n|-heal|p1a: Skarmory|226/235\n|-singleturn|p1a: Skarmory|move: Roost\n|\n|upkeep\n|turn|57\n|\n|t:|1781376017\n|move|p2a: Mandibuzz|Foul Play|p1a: Skarmory\n|-damage|p1a: Skarmory|160/235\n|-damage|p2a: Mandibuzz|143/326|[from] item: Rocky Helmet|[of] p1a: Skarmory\n|move|p1a: Skarmory|Spikes|p2a: Mandibuzz\n|-sidestart|p2: N.TdaRajada|Spikes\n|\n|upkeep\n|turn|58\n|\n|t:|1781376026\n|move|p2a: Mandibuzz|Roost|p2a: Mandibuzz\n|-heal|p2a: Mandibuzz|306/326\n|-singleturn|p2a: Mandibuzz|move: Roost\n|move|p1a: Skarmory|Brave Bird|p2a: Mandibuzz\n|-damage|p2a: Mandibuzz|213/326\n|-damage|p1a: Skarmory|129/235|[from] Recoil\n|\n|upkeep\n|turn|59\n|\n|t:|1781376036\n|move|p2a: Mandibuzz|Defog|p1a: Skarmory\n|-unboost|p1a: Skarmory|evasion|0\n|-sideend|p2: N.TdaRajada|Spikes|[from] move: Defog|[of] p2a: Mandibuzz\n|move|p1a: Skarmory|Whirlwind|p2a: Mandibuzz\n|drag|p2a: Lokix|Lokix, L82, M|86/251\n|\n|upkeep\n|turn|60\n|\n|t:|1781376050\n|switch|p2a: Mandibuzz|Mandibuzz, L85, F|213/326\n|move|p1a: Skarmory|Spikes|p2a: Mandibuzz\n|-sidestart|p2: N.TdaRajada|Spikes\n|\n|upkeep\n|turn|61\n|\n|t:|1781376054\n|move|p2a: Mandibuzz|Foul Play|p1a: Skarmory\n|-damage|p1a: Skarmory|71/235\n|-damage|p2a: Mandibuzz|159/326|[from] item: Rocky Helmet|[of] p1a: Skarmory\n|move|p1a: Skarmory|Whirlwind|p2a: Mandibuzz\n|drag|p2a: Mienshao|Mienshao, L83, F, shiny|244/244\n|-damage|p2a: Mienshao|214/244|[from] Spikes\n|\n|upkeep\n|turn|62\n|\n|t:|1781376058\n|move|p2a: Mienshao|Fake Out|p1a: Skarmory\n|-resisted|p1a: Skarmory\n|-damage|p1a: Skarmory|58/235\n|-damage|p2a: Mienshao|174/244|[from] item: Rocky Helmet|[of] p1a: Skarmory\n|cant|p1a: Skarmory|flinch\n|\n|upkeep\n|turn|63\n|\n|t:|1781376062\n|switch|p2a: Mandibuzz|Mandibuzz, L85, F|159/326\n|move|p1a: Skarmory|Roost|p1a: Skarmory\n|-heal|p1a: Skarmory|176/235\n|-singleturn|p1a: Skarmory|move: Roost\n|\n|upkeep\n|turn|64\n|\n|t:|1781376069\n|move|p2a: Mandibuzz|Defog|p1a: Skarmory\n|-unboost|p1a: Skarmory|evasion|0\n|-sideend|p2: N.TdaRajada|Spikes|[from] move: Defog|[of] p2a: Mandibuzz\n|move|p1a: Skarmory|Spikes|p2a: Mandibuzz\n|-sidestart|p2: N.TdaRajada|Spikes\n|\n|upkeep\n|turn|65\n|\n|t:|1781376083\n|move|p2a: Mandibuzz|Roost|p2a: Mandibuzz\n|-heal|p2a: Mandibuzz|322/326\n|-singleturn|p2a: Mandibuzz|move: Roost\n|move|p1a: Skarmory|Brave Bird|p2a: Mandibuzz\n|-damage|p2a: Mandibuzz|231/326\n|-damage|p1a: Skarmory|146/235|[from] Recoil\n|\n|upkeep\n|turn|66\n|\n|t:|1781376089\n|move|p2a: Mandibuzz|Foul Play|p1a: Skarmory\n|-damage|p1a: Skarmory|79/235\n|-damage|p2a: Mandibuzz|177/326|[from] item: Rocky Helmet|[of] p1a: Skarmory\n|move|p1a: Skarmory|Spikes|p2a: Mandibuzz\n|-sidestart|p2: N.TdaRajada|Spikes\n|\n|upkeep\n|turn|67\n|\n|t:|1781376109\n|move|p2a: Mandibuzz|Defog|p1a: Skarmory\n|-unboost|p1a: Skarmory|evasion|0\n|-sideend|p2: N.TdaRajada|Spikes|[from] move: Defog|[of] p2a: Mandibuzz\n|move|p1a: Skarmory|Spikes|p2a: Mandibuzz\n|-sidestart|p2: N.TdaRajada|Spikes\n|\n|upkeep\n|turn|68\n|\n|t:|1781376117\n|move|p2a: Mandibuzz|Foul Play|p1a: Skarmory\n|-damage|p1a: Skarmory|15/235\n|-damage|p2a: Mandibuzz|123/326|[from] item: Rocky Helmet|[of] p1a: Skarmory\n|move|p1a: Skarmory|Spikes|p2a: Mandibuzz\n|-sidestart|p2: N.TdaRajada|Spikes\n|\n|upkeep\n|turn|69\n|\n|t:|1781376120\n|move|p2a: Mandibuzz|Defog|p1a: Skarmory\n|-unboost|p1a: Skarmory|evasion|0\n|-sideend|p2: N.TdaRajada|Spikes|[from] move: Defog|[of] p2a: Mandibuzz\n|move|p1a: Skarmory|Spikes|p2a: Mandibuzz\n|-sidestart|p2: N.TdaRajada|Spikes\n|\n|upkeep\n|turn|70\n|\n|t:|1781376126\n|move|p2a: Mandibuzz|Roost|p2a: Mandibuzz\n|-heal|p2a: Mandibuzz|286/326\n|-singleturn|p2a: Mandibuzz|move: Roost\n|move|p1a: Skarmory|Spikes|p2a: Mandibuzz\n|-sidestart|p2: N.TdaRajada|Spikes\n|\n|upkeep\n|turn|71\n|\n|t:|1781376131\n|move|p2a: Mandibuzz|Defog|p1a: Skarmory\n|-unboost|p1a: Skarmory|evasion|0\n|-sideend|p2: N.TdaRajada|Spikes|[from] move: Defog|[of] p2a: Mandibuzz\n|move|p1a: Skarmory|Spikes|p2a: Mandibuzz\n|-sidestart|p2: N.TdaRajada|Spikes\n|\n|upkeep\n|turn|72\n|\n|t:|1781376142\n|move|p2a: Mandibuzz|Roost|p2a: Mandibuzz\n|-heal|p2a: Mandibuzz|326/326\n|-singleturn|p2a: Mandibuzz|move: Roost\n|move|p1a: Skarmory|Whirlwind|p2a: Mandibuzz\n|drag|p2a: Mienshao|Mienshao, L83, F, shiny|244/244\n|-damage|p2a: Mienshao|214/244|[from] Spikes\n|\n|upkeep\n|turn|73\n|\n|t:|1781376151\n|move|p2a: Mienshao|Fake Out|p1a: Skarmory\n|-resisted|p1a: Skarmory\n|-damage|p1a: Skarmory|3/235\n|-damage|p2a: Mienshao|174/244|[from] item: Rocky Helmet|[of] p1a: Skarmory\n|cant|p1a: Skarmory|flinch\n|\n|upkeep\n|turn|74\n|\n|t:|1781376155\n|switch|p2a: Mandibuzz|Mandibuzz, L85, F|326/326\n|move|p1a: Skarmory|Spikes|p2a: Mandibuzz\n|-sidestart|p2: N.TdaRajada|Spikes\n|\n|upkeep\n|turn|75\n|\n|t:|1781376157\n|move|p2a: Mandibuzz|Defog|p1a: Skarmory\n|-unboost|p1a: Skarmory|evasion|0\n|-sideend|p2: N.TdaRajada|Spikes|[from] move: Defog|[of] p2a: Mandibuzz\n|move|p1a: Skarmory|Whirlwind|p2a: Mandibuzz\n|drag|p2a: Mienshao|Mienshao, L83, F, shiny|244/244\n|\n|upkeep\n|turn|76\n|\n|t:|1781376160\n|move|p2a: Mienshao|U-turn|p1a: Skarmory\n|-resisted|p1a: Skarmory\n|-damage|p1a: Skarmory|0 fnt\n|-damage|p2a: Mienshao|204/244|[from] item: Rocky Helmet|[of] p1a: Skarmory\n|faint|p1a: Skarmory\n|\n|t:|1781376161\n|switch|p2a: Mandibuzz|Mandibuzz, L85, F|326/326|[from] U-turn\n|\n|upkeep\n|\n|t:|1781376164\n|switch|p1a: Wugtrio|Wugtrio, L91, M|212/212\n|turn|77\n|\n|t:|1781376173\n|move|p1a: Wugtrio|Liquidation|p2a: Mandibuzz\n|-damage|p2a: Mandibuzz|193/326\n|move|p2a: Mandibuzz|Foul Play|p1a: Wugtrio\n|-damage|p1a: Wugtrio|62/212\n|-ability|p1a: Wugtrio|Gooey\n|-unboost|p2a: Mandibuzz|spe|1\n|\n|upkeep\n|turn|78\n|inactive|LaxMD has 120 seconds left.\n|\n|t:|1781376206\n|switch|p2a: Mienshao|Mienshao, L83, F, shiny|244/244\n|move|p1a: Wugtrio|Liquidation|p2a: Mienshao\n|-damage|p2a: Mienshao|18/244\n|\n|upkeep\n|turn|79\n|\n|t:|1781376208\n|move|p2a: Mienshao|Fake Out|p1a: Wugtrio\n|-damage|p1a: Wugtrio|12/212\n|-ability|p1a: Wugtrio|Gooey\n|-unboost|p2a: Mienshao|spe|1\n|cant|p1a: Wugtrio|flinch\n|\n|upkeep\n|turn|80\n|\n|t:|1781376217\n|switch|p2a: Lokix|Lokix, L82, M|86/251\n|move|p1a: Wugtrio|Liquidation|p2a: Lokix\n|-damage|p2a: Lokix|0 fnt\n|faint|p2a: Lokix\n|\n|upkeep\n|\n|t:|1781376219\n|switch|p2a: Mienshao|Mienshao, L83, F, shiny|99/244\n|turn|81\n|\n|t:|1781376226\n|move|p2a: Mienshao|Fake Out|p1a: Wugtrio\n|-damage|p1a: Wugtrio|0 fnt\n|-ability|p1a: Wugtrio|Gooey\n|-unboost|p2a: Mienshao|spe|1\n|faint|p1a: Wugtrio\n|\n|upkeep\n|\n|t:|1781376228\n|switch|p1a: Tauros|Tauros-Paldea-Aqua, L81, M|254/254\n|-ability|p1a: Tauros|Intimidate|boost\n|-unboost|p2a: Mienshao|atk|1\n|turn|82\n|\n|t:|1781376235\n|switch|p2a: Mandibuzz|Mandibuzz, L85, F|193/326\n|move|p1a: Tauros|Wave Crash|p2a: Mandibuzz\n|-damage|p2a: Mandibuzz|12/326\n|-damage|p1a: Tauros|194/254|[from] Recoil\n|\n|upkeep\n|turn|83\n|\n|t:|1781376251\n|move|p1a: Tauros|Wave Crash|p2a: Mandibuzz\n|-damage|p2a: Mandibuzz|0 fnt\n|faint|p2a: Mandibuzz\n|-damage|p1a: Tauros|190/254|[from] Recoil\n|\n|upkeep\n|\n|t:|1781376257\n|switch|p2a: Mienshao|Mienshao, L83, F, shiny|180/244\n|turn|84\n|\n|t:|1781376259\n|move|p2a: Mienshao|Fake Out|p1a: Tauros\n|-damage|p1a: Tauros|160/254\n|cant|p1a: Tauros|flinch\n|\n|upkeep\n|turn|85\n|\n|t:|1781376268\n|move|p2a: Mienshao|Close Combat|p1a: Tauros\n|-damage|p1a: Tauros|22/254\n|-unboost|p2a: Mienshao|def|1\n|-unboost|p2a: Mienshao|spd|1\n|move|p1a: Tauros|Wave Crash|p2a: Mienshao\n|-damage|p2a: Mienshao|0 fnt\n|faint|p2a: Mienshao\n|-damage|p1a: Tauros|0 fnt|[from] Recoil\n|faint|p1a: Tauros\n|\n|upkeep\n|\n|t:|1781376281\n|switch|p2a: Torterra|Torterra, L78, M|276/276\n|switch|p1a: Victreebel|Victreebel, L90, M|290/290\n|turn|86\n|\n|t:|1781376302\n|move|p1a: Victreebel|Sunny Day|p1a: Victreebel\n|-weather|SunnyDay\n|move|p2a: Torterra|Shell Smash|p2a: Torterra\n|-unboost|p2a: Torterra|def|1\n|-unboost|p2a: Torterra|spd|1\n|-boost|p2a: Torterra|atk|2\n|-boost|p2a: Torterra|spa|2\n|-boost|p2a: Torterra|spe|2\n|\n|-weather|SunnyDay|[upkeep]\n|upkeep\n|turn|87\n|inactive|N.TdaRajada has 120 seconds left.\n|\n|t:|1781376328\n|-terastallize|p2a: Torterra|Ground\n|move|p1a: Victreebel|Weather Ball|p2a: Torterra\n|-damage|p2a: Torterra|2/276\n|-damage|p1a: Victreebel|261/290|[from] item: Life Orb\n|move|p2a: Torterra|Headlong Rush|p1a: Victreebel\n|-damage|p1a: Victreebel|0 fnt\n|-unboost|p2a: Torterra|def|1\n|-unboost|p2a: Torterra|spd|1\n|faint|p1a: Victreebel\n|\n|-weather|SunnyDay|[upkeep]\n|upkeep\n|\n|t:|1781376335\n|switch|p1a: Indeedee|Indeedee-F, L90, F|272/272\n|-fieldstart|move: Psychic Terrain|[from] ability: Psychic Surge|[of] p1a: Indeedee\n|turn|88\n|inactive|N.TdaRajada has 120 seconds left.\n|\n|t:|1781376361\n|-terastallize|p1a: Indeedee|Psychic\n|move|p2a: Torterra|Headlong Rush|p1a: Indeedee\n|-damage|p1a: Indeedee|0 fnt\n|-unboost|p2a: Torterra|def|1\n|-unboost|p2a: Torterra|spd|1\n|faint|p1a: Indeedee\n|\n|win|N.TdaRajada\n|raw|LaxMD's rating: 1789 &rarr; <strong>1772</strong><br />(-17 for losing)\n|raw|N.TdaRajada's rating: 1837 &rarr; <strong>1854</strong><br />(+17 for winning)\n|c|\u2606N.TdaRajada|loser\n|l|\u2606LaxMD\n|player|p1|\n|l|\u2606N.TdaRajada\n|player|p2|\n|j|\u2606N.TdaRajada\n|player|p2|N.TdaRajada|102|\n", "inputlog": ">version a8376a258c1d4662feba110a92103f3664a72141\n>start {\"formatid\":\"gen9randombattle\",\"seed\":\"sodium,c6102573f8713197bd3e5b78f906b524\",\"rated\":\"Rated battle\"}\n>player p1 {\"name\":\"LaxMD\",\"avatar\":\"teamrocket\",\"rating\":1787,\"seed\":\"sodium,631eb23ee347ea63c1f61f29e15e4788\"}\n>player p2 {\"name\":\"N.TdaRajada\",\"avatar\":\"102\",\"rating\":1837,\"seed\":\"sodium,98d22011e800a4ae0c7f4ab354feff7e\"}\n>p1 move fireblast\n>p2 move protect\n>p1 move fireblast\n>p2 switch 4\n>p1 switch 3\n>p2 move curse\n>p1 move spikes\n>p2 move bodyslam\n>p1 move whirlwind\n>p2 move bodyslam\n>p1 move roost\n>p2 move uturn\n>p2 switch 4\n>p1 switch 3\n>p2 move wish\n>p1 move focusblast\n>p2 switch 2\n>p1 move focusblast\n>p2 move bodyslam\n>p1 move focusblast\n>p2 move bodyslam\n>p1 move focusblast\n>p2 move bodyslam\n>p2 switch 2\n>p1 move focusblast\n>p2 move wish\n>p1 move focusblast\n>p2 move fireblast\n>p1 move focusblast\n>p2 move wish\n>p2 switch 4\n>p1 move focusblast\n>p2 move uturn\n>p2 switch 3\n>p1 switch 3\n>p1 move spikes\n>p2 move defog\n>p1 move bravebird\n>p2 move defog\n>p1 move spikes\n>p2 move foulplay\n>p1 move roost\n>p2 move foulplay\n>p1 move spikes\n>p2 move roost\n>p1 move whirlwind\n>p2 move defog\n>p1 move whirlwind\n>p2 switch 5\n>p1 move spikes\n>p2 switch 3\n>p1 move whirlwind\n>p2 move foulplay\n>p1 move roost\n>p2 switch 3\n>p1 move whirlwind\n>p2 move defog\n>p1 move whirlwind\n>p2 switch 5\n>p1 move spikes\n>p2 move fakeout\n>p1 move spikes\n>p2 switch 6\n>p1 move whirlwind\n>p2 move defog\n>p1 move whirlwind\n>p2 switch 5\n>p1 move whirlwind\n>p2 switch 5\n>p1 move spikes\n>p2 move fakeout\n>p1 move whirlwind\n>p2 switch 6\n>p1 move bravebird\n>p2 switch 6\n>p1 move roost\n>p2 move roost\n>p1 move spikes\n>p2 move foulplay\n>p1 move spikes\n>p2 move defog\n>p1 move spikes\n>p2 move defog\n>p1 move spikes\n>p2 move defog\n>p1 move spikes\n>p2 move foulplay\n>p1 move roost\n>p2 move foulplay\n>p1 move whirlwind\n>p2 move defog\n>p1 move spikes\n>p2 switch 3\n>p1 move whirlwind\n>p2 move roost\n>p1 move spikes\n>p2 switch 3\n>p1 move spikes\n>p2 move defog\n>p1 move whirlwind\n>p2 move defog\n>p1 move spikes\n>p2 move fakeout\n>p1 move roost\n>p2 switch 6\n>p1 move spikes\n>p2 move foulplay\n>p1 move spikes\n>p2 move defog\n>p1 move spikes\n>p2 move defog\n>p1 move spikes\n>p2 move defog\n>p1 move spikes\n>p2 move foulplay\n>p1 move roost\n>p2 move defog\n>p1 move spikes\n>p2 move foulplay\n>p1 move bravebird\n>p2 move roost\n>p1 move whirlwind\n>p2 move defog\n>p1 move spikes\n>p2 switch 3\n>p1 move whirlwind\n>p2 move foulplay\n>p1 move roost\n>p2 move fakeout\n>p1 move roost\n>p2 switch 6\n>p1 move spikes\n>p2 move defog\n>p1 move bravebird\n>p2 move roost\n>p1 move spikes\n>p2 move foulplay\n>p1 move spikes\n>p2 move defog\n>p1 move spikes\n>p2 move foulplay\n>p1 move spikes\n>p2 move defog\n>p1 move spikes\n>p2 move roost\n>p1 move spikes\n>p2 move defog\n>p1 move whirlwind\n>p2 move roost\n>p1 move spikes\n>p2 move fakeout\n>p1 move spikes\n>p2 switch 6\n>p1 move whirlwind\n>p2 move defog\n>p1 move spikes\n>p2 move uturn\n>p2 switch 6\n>p1 switch 4\n>p1 move liquidation\n>p2 move foulplay\n>p1 move liquidation\n>p2 switch 6\n>p1 move liquidation\n>p2 move fakeout\n>p1 move liquidation\n>p2 switch 3\n>p2 switch 3\n>p1 move liquidation\n>p2 move fakeout\n>p1 switch 5\n>p1 move wavecrash\n>p2 switch 6\n>p1 move wavecrash\n>p2 move roost\n>p2 switch 6\n>p1 move wavecrash\n>p2 move fakeout\n>p1 move wavecrash\n>p2 move closecombat\n>p1 switch 6\n>p2 switch 5\n>p1 move sunnyday\n>p2 move shellsmash\n>p1 move weatherball\n>p2 move headlongrush terastallize\n>p1 switch 2\n>p1 move psyshock terastallize\n>p2 move headlongrush", "uploadtime": 1781376422, "views": 26, "formatid": "gen9randombattle", "rating": 1772, "private": 0, "password": null, "player_dets": [{"name": "LaxMD", "avatar": "teamrocket", "rating": 1787, "seed": "sodium,631eb23ee347ea63c1f61f29e15e4788"}, {"name": "N.TdaRajada", "avatar": "102", "rating": 1837, "seed": "sodium,98d22011e800a4ae0c7f4ab354feff7e"}], "teams_full": [{"Delphox": {"name": "Delphox", "species": "Delphox", "speciesId": "delphox", "gender": "F", "shiny": false, "level": 84, "moves": ["fireblast", "grassknot", "focusblast", "psyshock"], "ability": "Blaze", "evs": {"hp": 85, "atk": 0, "def": 85, "spa": 85, "spd": 85, "spe": 85}, "ivs": {"hp": 31, "atk": 0, "def": 31, "spa": 31, "spd": 31, "spe": 31}, "item": "Choice Specs", "teraType": "Fire", "role": "Fast Attacker", "bvs": {"hp": 75, "atk": 69, "def": 72, "spa": 114, "spd": 100, "spe": 104}, "stats": {"hp": 263, "atk": 120, "def": 169, "spa": 240, "spd": 216, "spe": 223}, "types": ["Fire", "Psychic"]}, "Indeedee": {"name": "Indeedee", "species": "Indeedee-F", "speciesId": "indeedeef", "gender": "F", "shiny": false, "level": 90, "moves": ["hypervoice", "psyshock", "shadowball", "calmmind"], "ability": "Psychic Surge", "evs": {"hp": 85, "atk": 0, "def": 85, "spa": 85, "spd": 85, "spe": 85}, "ivs": {"hp": 31, "atk": 0, "def": 31, "spa": 31, "spd": 31, "spe": 31}, "item": "Life Orb", "teraType": "Psychic", "role": "Fast Attacker", "bvs": {"hp": 70, "atk": 55, "def": 65, "spa": 95, "spd": 105, "spe": 85}, "stats": {"hp": 272, "atk": 104, "def": 168, "spa": 222, "spd": 240, "spe": 204}, "types": ["Psychic", "Normal"]}, "Skarmory": {"name": "Skarmory", "species": "Skarmory", "speciesId": "skarmory", "gender": "M", "shiny": false, "level": 80, "moves": ["whirlwind", "bravebird", "spikes", "roost"], "ability": "Sturdy", "evs": {"hp": 85, "atk": 85, "def": 85, "spa": 85, "spd": 85, "spe": 85}, "ivs": {"hp": 31, "atk": 31, "def": 31, "spa": 31, "spd": 31, "spe": 31}, "item": "Rocky Helmet", "teraType": "Dragon", "role": "Bulky Support", "bvs": {"hp": 65, "atk": 80, "def": 140, "spa": 40, "spd": 70, "spe": 70}, "stats": {"hp": 235, "atk": 174, "def": 270, "spa": 110, "spd": 158, "spe": 158}, "types": ["Steel", "Flying"]}, "Wugtrio": {"name": "Wugtrio", "species": "Wugtrio", "speciesId": "wugtrio", "gender": "M", "shiny": false, "level": 91, "moves": ["liquidation", "aquajet", "throatchop", "stompingtantrum"], "ability": "Gooey", "evs": {"hp": 85, "atk": 85, "def": 85, "spa": 85, "spd": 85, "spe": 85}, "ivs": {"hp": 31, "atk": 31, "def": 31, "spa": 31, "spd": 31, "spe": 31}, "item": "Choice Band", "teraType": "Dark", "role": "Fast Attacker", "bvs": {"hp": 35, "atk": 100, "def": 50, "spa": 50, "spd": 70, "spe": 120}, "stats": {"hp": 212, "atk": 234, "def": 143, "spa": 143, "spd": 179, "spe": 270}, "types": ["Water"]}, "Tauros": {"name": "Tauros", "species": "Tauros-Paldea-Aqua", "speciesId": "taurospaldeaaqua", "gender": "M", "shiny": false, "level": 81, "moves": ["stoneedge", "closecombat", "wavecrash", "aquajet"], "ability": "Intimidate", "evs": {"hp": 85, "atk": 85, "def": 85, "spa": 85, "spd": 85, "spe": 85}, "ivs": {"hp": 31, "atk": 31, "def": 31, "spa": 31, "spd": 31, "spe": 31}, "item": "Choice Band", "teraType": "Water", "role": "Wallbreaker", "bvs": {"hp": 75, "atk": 110, "def": 105, "spa": 30, "spd": 70, "spe": 100}, "stats": {"hp": 254, "atk": 225, "def": 217, "spa": 95, "spd": 160, "spe": 209}, "types": ["Fighting", "Water"]}, "Victreebel": {"name": "Victreebel", "species": "Victreebel", "speciesId": "victreebel", "gender": "M", "shiny": false, "level": 90, "moves": ["powerwhip", "sunnyday", "sludgewave", "weatherball"], "ability": "Chlorophyll", "evs": {"hp": 85, "atk": 85, "def": 85, "spa": 85, "spd": 85, "spe": 85}, "ivs": {"hp": 31, "atk": 31, "def": 31, "spa": 31, "spd": 31, "spe": 31}, "item": "Life Orb", "teraType": "Fire", "role": "Fast Attacker", "bvs": {"hp": 80, "atk": 105, "def": 65, "spa": 100, "spd": 70, "spe": 70}, "stats": {"hp": 290, "atk": 240, "def": 168, "spa": 231, "spd": 177, "spe": 177}, "types": ["Grass", "Poison"]}}, {"Wigglytuff": {"name": "Wigglytuff", "species": "Wigglytuff", "speciesId": "wigglytuff", "gender": "F", "shiny": false, "level": 96, "moves": ["wish", "protect", "dazzlinggleam", "fireblast"], "ability": "Competitive", "evs": {"hp": 85, "atk": 0, "def": 85, "spa": 85, "spd": 85, "spe": 85}, "ivs": {"hp": 31, "atk": 0, "def": 31, "spa": 31, "spd": 31, "spe": 31}, "item": "Leftovers", "teraType": "Poison", "role": "Bulky Support", "bvs": {"hp": 140, "atk": 70, "def": 45, "spa": 85, "spd": 50, "spe": 45}, "stats": {"hp": 424, "atk": 139, "def": 141, "spa": 218, "spd": 150, "spe": 141}, "types": ["Normal", "Fairy"]}, "Lokix": {"name": "Lokix", "species": "Lokix", "speciesId": "lokix", "gender": "M", "shiny": false, "level": 82, "moves": ["firstimpression", "uturn", "knockoff", "suckerpunch"], "ability": "Tinted Lens", "evs": {"hp": 85, "atk": 85, "def": 85, "spa": 85, "spd": 85, "spe": 85}, "ivs": {"hp": 31, "atk": 31, "def": 31, "spa": 31, "spd": 31, "spe": 31}, "item": "Silver Powder", "teraType": "Bug", "role": "Fast Attacker", "bvs": {"hp": 71, "atk": 102, "def": 78, "spa": 52, "spd": 55, "spe": 92}, "stats": {"hp": 251, "atk": 214, "def": 175, "spa": 132, "spd": 137, "spe": 198}, "types": ["Bug", "Dark"]}, "Mandibuzz": {"name": "Mandibuzz", "species": "Mandibuzz", "speciesId": "mandibuzz", "gender": "F", "shiny": false, "level": 85, "moves": ["toxic", "defog", "foulplay", "roost"], "ability": "Overcoat", "evs": {"hp": 85, "atk": 0, "def": 85, "spa": 85, "spd": 85, "spe": 85}, "ivs": {"hp": 31, "atk": 0, "def": 31, "spa": 31, "spd": 31, "spe": 31}, "item": "Heavy-Duty Boots", "teraType": "Steel", "role": "Bulky Support", "bvs": {"hp": 110, "atk": 65, "def": 105, "spa": 55, "spd": 95, "spe": 80}, "stats": {"hp": 326, "atk": 115, "def": 227, "spa": 142, "spd": 210, "spe": 185}, "types": ["Dark", "Flying"]}, "Snorlax": {"name": "Snorlax", "species": "Snorlax", "speciesId": "snorlax", "gender": "M", "shiny": false, "level": 82, "moves": ["bodyslam", "curse", "crunch", "earthquake"], "ability": "Thick Fat", "evs": {"hp": 85, "atk": 85, "def": 85, "spa": 85, "spd": 85, "spe": 85}, "ivs": {"hp": 31, "atk": 31, "def": 31, "spa": 31, "spd": 31, "spe": 31}, "item": "Leftovers", "teraType": "Ground", "role": "Bulky Setup", "bvs": {"hp": 160, "atk": 110, "def": 65, "spa": 65, "spd": 110, "spe": 30}, "stats": {"hp": 397, "atk": 228, "def": 154, "spa": 154, "spd": 228, "spe": 96}, "types": ["Normal"]}, "Torterra": {"name": "Torterra", "species": "Torterra", "speciesId": "torterra", "gender": "M", "shiny": false, "level": 78, "moves": ["headlongrush", "shellsmash", "rockblast", "bulletseed"], "ability": "Overgrow", "evs": {"hp": 85, "atk": 85, "def": 85, "spa": 85, "spd": 85, "spe": 85}, "ivs": {"hp": 31, "atk": 31, "def": 31, "spa": 31, "spd": 31, "spe": 31}, "item": "Loaded Dice", "teraType": "Ground", "role": "Setup Sweeper", "bvs": {"hp": 95, "atk": 109, "def": 105, "spa": 75, "spd": 85, "spe": 56}, "stats": {"hp": 276, "atk": 215, "def": 209, "spa": 162, "spd": 178, "spe": 132}, "types": ["Grass", "Ground"]}, "Mienshao": {"name": "Mienshao", "species": "Mienshao", "speciesId": "mienshao", "gender": "F", "shiny": true, "level": 83, "moves": ["closecombat", "fakeout", "uturn", "knockoff"], "ability": "Regenerator", "evs": {"hp": 85, "atk": 85, "def": 85, "spa": 85, "spd": 85, "spe": 85}, "ivs": {"hp": 31, "atk": 31, "def": 31, "spa": 31, "spd": 31, "spe": 31}, "item": "Assault Vest", "teraType": "Dark", "role": "AV Pivot", "bvs": {"hp": 65, "atk": 125, "def": 60, "spa": 95, "spd": 60, "spe": 105}, "stats": {"hp": 244, "atk": 255, "def": 147, "spa": 205, "spd": 147, "spe": 222}, "types": ["Fighting"]}}]}