{"id": "gen9randombattle-2631667678", "format": "[Gen 9] Random Battle", "players": ["corgie98", "JadedInfinite"], "log": "|j|\u2606corgie98\n|j|\u2606JadedInfinite\n|t:|1781418091\n|gametype|singles\n|player|p1|corgie98|266|1492\n|player|p2|JadedInfinite|hoopster|1487\n|gen|9\n|tier|[Gen 9] Random Battle\n|rated|\n|rule|Species Clause: Limit one of each Pok\u00e9mon\n|rule|HP Percentage Mod: HP is shown in percentages\n|rule|Sleep Clause Mod: Limit one foe put to sleep\n|rule|Illusion Level Mod: Illusion disguises the Pok\u00e9mon's true level\n|\n|t:|1781418091\n|teamsize|p1|6\n|teamsize|p2|6\n|start\n|switch|p1a: Kleavor|Kleavor, L78, M|237/237\n|switch|p2a: Toxicroak|Toxicroak, L84, F|277/277\n|turn|1\n|inactive|Battle timer is ON: inactive players will automatically lose when time's up. (requested by JadedInfinite)\n|inactive|corgie98 has 120 seconds left.\n|\n|t:|1781418130\n|switch|p1a: Gengar|Gengar, L81, F|230/230\n|move|p2a: Toxicroak|Swords Dance|p2a: Toxicroak\n|-boost|p2a: Toxicroak|atk|2\n|\n|upkeep\n|turn|2\n|\n|t:|1781418155\n|move|p1a: Gengar|Shadow Ball|p2a: Toxicroak\n|-damage|p2a: Toxicroak|109/277\n|-unboost|p2a: Toxicroak|spd|1\n|-damage|p1a: Gengar|207/230|[from] item: Life Orb\n|move|p2a: Toxicroak|Earthquake|p1a: Gengar\n|-supereffective|p1a: Gengar\n|-damage|p1a: Gengar|0 fnt\n|faint|p1a: Gengar\n|-damage|p2a: Toxicroak|82/277|[from] item: Life Orb\n|\n|upkeep\n|\n|t:|1781418167\n|switch|p1a: Tornadus|Tornadus-Therian, L79, M|254/254\n|turn|3\n|\n|t:|1781418191\n|move|p1a: Tornadus|Bleakwind Storm|p2a: Toxicroak\n|-supereffective|p2a: Toxicroak\n|-damage|p2a: Toxicroak|0 fnt\n|faint|p2a: Toxicroak\n|\n|upkeep\n|\n|t:|1781418194\n|switch|p2a: Froslass|Froslass, L87, F|263/263\n|turn|4\n|\n|t:|1781418208\n|switch|p1a: Kleavor|Kleavor, L78, M|237/237\n|move|p2a: Froslass|Triple Axel|p1a: Kleavor\n|-damage|p1a: Kleavor|215/237\n|-damage|p1a: Kleavor|173/237\n|-damage|p1a: Kleavor|112/237\n|-hitcount|p1a: Kleavor|3\n|\n|upkeep\n|turn|5\n|\n|t:|1781418223\n|move|p2a: Froslass|Triple Axel|p1a: Kleavor\n|-damage|p1a: Kleavor|91/237\n|-damage|p1a: Kleavor|51/237\n|-damage|p1a: Kleavor|0 fnt\n|faint|p1a: Kleavor\n|-hitcount|p1: Kleavor|3\n|\n|upkeep\n|\n|t:|1781418232\n|switch|p1a: Vigoroth|Vigoroth, L85, M|275/275\n|turn|6\n|\n|t:|1781418242\n|move|p2a: Froslass|Triple Axel|p1a: Vigoroth\n|-damage|p1a: Vigoroth|260/275\n|-damage|p1a: Vigoroth|233/275\n|-damage|p1a: Vigoroth|188/275\n|-hitcount|p1a: Vigoroth|3\n|move|p1a: Vigoroth|Knock Off|p2a: Froslass\n|-supereffective|p2a: Froslass\n|-damage|p2a: Froslass|129/263\n|-enditem|p2a: Froslass|Wide Lens|[from] move: Knock Off|[of] p1a: Vigoroth\n|\n|upkeep\n|turn|7\n|\n|t:|1781418258\n|switch|p2a: Annihilape|Annihilape, L76, M|292/292\n|move|p1a: Vigoroth|Bulk Up|p1a: Vigoroth\n|-boost|p1a: Vigoroth|atk|1\n|-boost|p1a: Vigoroth|def|1\n|\n|upkeep\n|turn|8\n|\n|t:|1781418269\n|move|p1a: Vigoroth|Knock Off|p2a: Annihilape\n|-damage|p2a: Annihilape|191/292\n|-enditem|p2a: Annihilape|Leftovers|[from] move: Knock Off|[of] p1a: Vigoroth\n|move|p2a: Annihilape|Drain Punch|p1a: Vigoroth\n|-supereffective|p1a: Vigoroth\n|-damage|p1a: Vigoroth|108/275\n|-heal|p2a: Annihilape|231/292|[from] drain|[of] p1a: Vigoroth\n|\n|upkeep\n|turn|9\n|\n|t:|1781418293\n|move|p1a: Vigoroth|Bulk Up|p1a: Vigoroth\n|-boost|p1a: Vigoroth|atk|1\n|-boost|p1a: Vigoroth|def|1\n|move|p2a: Annihilape|Bulk Up|p2a: Annihilape\n|-boost|p2a: Annihilape|atk|1\n|-boost|p2a: Annihilape|def|1\n|\n|upkeep\n|turn|10\n|\n|t:|1781418301\n|move|p1a: Vigoroth|Slack Off|p1a: Vigoroth\n|-heal|p1a: Vigoroth|246/275\n|move|p2a: Annihilape|Taunt|p1a: Vigoroth\n|-start|p1a: Vigoroth|move: Taunt\n|\n|upkeep\n|turn|11\n|\n|t:|1781418307\n|move|p1a: Vigoroth|Knock Off|p2a: Annihilape\n|-damage|p2a: Annihilape|160/292\n|move|p2a: Annihilape|Bulk Up|p2a: Annihilape\n|-boost|p2a: Annihilape|atk|1\n|-boost|p2a: Annihilape|def|1\n|\n|upkeep\n|turn|12\n|\n|t:|1781418324\n|move|p1a: Vigoroth|Knock Off|p2a: Annihilape\n|-crit|p2a: Annihilape\n|-damage|p2a: Annihilape|14/292\n|move|p2a: Annihilape|Drain Punch|p1a: Vigoroth\n|-supereffective|p1a: Vigoroth\n|-damage|p1a: Vigoroth|136/275\n|-heal|p2a: Annihilape|69/292|[from] drain|[of] p1a: Vigoroth\n|\n|upkeep\n|turn|13\n|\n|t:|1781418332\n|move|p1a: Vigoroth|Knock Off|p2a: Annihilape\n|-damage|p2a: Annihilape|24/292\n|move|p2a: Annihilape|Drain Punch|p1a: Vigoroth\n|-supereffective|p1a: Vigoroth\n|-damage|p1a: Vigoroth|28/275\n|-heal|p2a: Annihilape|78/292|[from] drain|[of] p1a: Vigoroth\n|\n|-end|p1a: Vigoroth|move: Taunt\n|upkeep\n|turn|14\n|\n|t:|1781418339\n|move|p1a: Vigoroth|Slack Off|p1a: Vigoroth\n|-heal|p1a: Vigoroth|166/275\n|move|p2a: Annihilape|Drain Punch|p1a: Vigoroth\n|-supereffective|p1a: Vigoroth\n|-damage|p1a: Vigoroth|58/275\n|-heal|p2a: Annihilape|132/292|[from] drain|[of] p1a: Vigoroth\n|\n|upkeep\n|turn|15\n|\n|t:|1781418348\n|-terastallize|p1a: Vigoroth|Ghost\n|move|p1a: Vigoroth|Slack Off|p1a: Vigoroth\n|-heal|p1a: Vigoroth|196/275\n|move|p2a: Annihilape|Drain Punch|p1a: Vigoroth\n|-immune|p1a: Vigoroth\n|\n|upkeep\n|turn|16\n|\n|t:|1781418356\n|move|p1a: Vigoroth|Knock Off|p2a: Annihilape\n|-damage|p2a: Annihilape|85/292\n|move|p2a: Annihilape|Rage Fist|p1a: Vigoroth\n|-supereffective|p1a: Vigoroth\n|-damage|p1a: Vigoroth|0 fnt\n|faint|p1a: Vigoroth\n|\n|upkeep\n|\n|t:|1781418362\n|switch|p1a: Tornadus|Tornadus-Therian, L79, M|254/254\n|turn|17\n|\n|t:|1781418375\n|-terastallize|p2a: Annihilape|Water\n|move|p1a: Tornadus|Bleakwind Storm|p2a: Annihilape\n|-damage|p2a: Annihilape|0 fnt\n|faint|p2a: Annihilape\n|\n|upkeep\n|\n|t:|1781418381\n|switch|p2a: Chansey|Chansey, L85, F|564/564\n|turn|18\n|\n|t:|1781418390\n|switch|p1a: Arboliva|Arboliva, L91, M|288/288\n|move|p2a: Chansey|Thunder Wave|p1a: Arboliva\n|-status|p1a: Arboliva|par\n|\n|upkeep\n|turn|19\n|inactive|JadedInfinite has 120 seconds left.\n|\n|t:|1781418446\n|move|p2a: Chansey|Seismic Toss|p1a: Arboliva\n|-damage|p1a: Arboliva|203/288 par\n|move|p1a: Arboliva|Leech Seed|p2a: Chansey|[miss]\n|-miss|p1a: Arboliva|p2a: Chansey\n|\n|upkeep\n|turn|20\n|\n|t:|1781418452\n|move|p2a: Chansey|Seismic Toss|p1a: Arboliva\n|-damage|p1a: Arboliva|118/288 par\n|-enditem|p1a: Arboliva|Sitrus Berry|[eat]\n|-heal|p1a: Arboliva|190/288 par|[from] item: Sitrus Berry\n|move|p1a: Arboliva|Leech Seed|p2a: Chansey\n|-start|p2a: Chansey|move: Leech Seed\n|\n|-damage|p2a: Chansey|494/564|[from] Leech Seed|[of] p1a: Arboliva\n|-heal|p1a: Arboliva|260/288 par|[silent]\n|upkeep\n|turn|21\n|\n|t:|1781418467\n|switch|p2a: Cramorant|Cramorant, L86, F|261/261\n|move|p1a: Arboliva|Substitute|p1a: Arboliva\n|-start|p1a: Arboliva|Substitute\n|-damage|p1a: Arboliva|188/288 par\n|\n|-item|p1a: Arboliva|Sitrus Berry|[from] ability: Harvest\n|upkeep\n|turn|22\n|inactive|JadedInfinite has 90 seconds left.\n|inactive|JadedInfinite has 60 seconds left.\n|inactive|JadedInfinite has 30 seconds left.\n|inactive|JadedInfinite has 20 seconds left.\n|\n|t:|1781418561\n|move|p2a: Cramorant|Brave Bird|p1a: Arboliva\n|-supereffective|p1a: Arboliva\n|-end|p1a: Arboliva|Substitute\n|-damage|p2a: Cramorant|237/261|[from] Recoil|[of] p1a: Arboliva\n|move|p1a: Arboliva|Leech Seed|p2a: Cramorant\n|-start|p2a: Cramorant|move: Leech Seed\n|\n|-damage|p2a: Cramorant|205/261|[from] Leech Seed|[of] p1a: Arboliva\n|-heal|p1a: Arboliva|220/288 par|[silent]\n|upkeep\n|turn|23\n|inactive|JadedInfinite has 30 seconds left this turn.\n|\n|t:|1781418571\n|move|p1a: Arboliva|Protect|p1a: Arboliva\n|-singleturn|p1a: Arboliva|Protect\n|move|p2a: Cramorant|Brave Bird|p1a: Arboliva\n|-activate|p1a: Arboliva|move: Protect\n|\n|-damage|p2a: Cramorant|173/261|[from] Leech Seed|[of] p1a: Arboliva\n|-heal|p1a: Arboliva|252/288 par|[silent]\n|upkeep\n|turn|24\n|\n|t:|1781418589\n|switch|p1a: Tornadus|Tornadus-Therian, L79, M|254/254\n|move|p2a: Cramorant|Brave Bird|p1a: Tornadus\n|-damage|p1a: Tornadus|122/254\n|-damage|p2a: Cramorant|129/261|[from] Recoil\n|\n|-damage|p2a: Cramorant|97/261|[from] Leech Seed|[of] p1a: Tornadus\n|-heal|p1a: Tornadus|154/254|[silent]\n|upkeep\n|turn|25\n|inactive|JadedInfinite has 30 seconds left.\n|\n|t:|1781418607\n|switch|p2a: Chansey|Chansey, L85, F|494/564\n|move|p1a: Tornadus|Bleakwind Storm|p2a: Chansey\n|-damage|p2a: Chansey|409/564\n|\n|upkeep\n|turn|26\n|\n|t:|1781418619\n|move|p1a: Tornadus|Bleakwind Storm|p2a: Chansey\n|-damage|p2a: Chansey|318/564\n|move|p2a: Chansey|Stealth Rock|p1a: Tornadus\n|-sidestart|p1: corgie98|move: Stealth Rock\n|\n|upkeep\n|turn|27\n|\n|t:|1781418640\n|switch|p1a: Arboliva|Arboliva, L91, M|252/288 par\n|-damage|p1a: Arboliva|216/288 par|[from] Stealth Rock\n|move|p2a: Chansey|Thunder Wave|p1a: Arboliva\n|-fail|p1a: Arboliva|par\n|\n|upkeep\n|turn|28\n|\n|t:|1781418660\n|move|p2a: Chansey|Seismic Toss|p1a: Arboliva\n|-damage|p1a: Arboliva|131/288 par\n|-enditem|p1a: Arboliva|Sitrus Berry|[eat]\n|-heal|p1a: Arboliva|203/288 par|[from] item: Sitrus Berry\n|move|p1a: Arboliva|Leech Seed|p2a: Chansey\n|-start|p2a: Chansey|move: Leech Seed\n|\n|-damage|p2a: Chansey|248/564|[from] Leech Seed|[of] p1a: Arboliva\n|-heal|p1a: Arboliva|273/288 par|[silent]\n|-item|p1a: Arboliva|Sitrus Berry|[from] ability: Harvest\n|upkeep\n|turn|29\n|\n|t:|1781418673\n|switch|p2a: Noivern|Noivern, L82, M|274/274\n|move|p1a: Arboliva|Substitute|p1a: Arboliva\n|-start|p1a: Arboliva|Substitute\n|-damage|p1a: Arboliva|201/288 par\n|\n|upkeep\n|turn|30\n|\n|t:|1781418682\n|move|p2a: Noivern|Flamethrower|p1a: Arboliva\n|-supereffective|p1a: Arboliva\n|-damage|p1a: Arboliva|103/288 par\n|-enditem|p1a: Arboliva|Sitrus Berry|[eat]\n|-heal|p1a: Arboliva|175/288 par|[from] item: Sitrus Berry\n|move|p1a: Arboliva|Leech Seed|p2a: Noivern\n|-start|p2a: Noivern|move: Leech Seed\n|\n|-damage|p2a: Noivern|240/274|[from] Leech Seed|[of] p1a: Arboliva\n|-heal|p1a: Arboliva|209/288 par|[silent]\n|-item|p1a: Arboliva|Sitrus Berry|[from] ability: Harvest\n|upkeep\n|turn|31\n|\n|t:|1781418694\n|cant|p1a: Arboliva|par\n|move|p2a: Noivern|Hurricane|p1a: Arboliva\n|-supereffective|p1a: Arboliva\n|-damage|p1a: Arboliva|33/288 par\n|-enditem|p1a: Arboliva|Sitrus Berry|[eat]\n|-heal|p1a: Arboliva|105/288 par|[from] item: Sitrus Berry\n|\n|-damage|p2a: Noivern|206/274|[from] Leech Seed|[of] p1a: Arboliva\n|-heal|p1a: Arboliva|139/288 par|[silent]\n|upkeep\n|turn|32\n|inactive|JadedInfinite has 60 seconds left.\n|inactive|JadedInfinite has 30 seconds left.\n|\n|t:|1781418739\n|move|p1a: Arboliva|Protect|p1a: Arboliva\n|-singleturn|p1a: Arboliva|Protect\n|move|p2a: Noivern|Hurricane|p1a: Arboliva\n|-activate|p1a: Arboliva|move: Protect\n|\n|-damage|p2a: Noivern|172/274|[from] Leech Seed|[of] p1a: Arboliva\n|-heal|p1a: Arboliva|173/288 par|[silent]\n|-item|p1a: Arboliva|Sitrus Berry|[from] ability: Harvest\n|upkeep\n|turn|33\n|\n|t:|1781418751\n|move|p2a: Noivern|Hurricane|p1a: Arboliva\n|-supereffective|p1a: Arboliva\n|-damage|p1a: Arboliva|0 fnt\n|faint|p1a: Arboliva\n|\n|upkeep\n|\n|t:|1781418756\n|switch|p1a: Iron Jugulis|Iron Jugulis, L77|271/271\n|-damage|p1a: Iron Jugulis|204/271|[from] Stealth Rock\n|turn|34\n|inactive|JadedInfinite has 30 seconds left.\n|inactive|JadedInfinite has 20 seconds left.\n|inactive|JadedInfinite has 15 seconds left.\n|inactive|JadedInfinite has 10 seconds left.\n|\n|t:|1781418803\n|switch|p2a: Chansey|Chansey, L85, F|248/564\n|move|p1a: Iron Jugulis|Meteor Beam||[still]\n|-prepare|p1a: Iron Jugulis|Meteor Beam\n|-boost|p1a: Iron Jugulis|spa|1\n|-enditem|p1a: Iron Jugulis|Power Herb\n|-anim|p1a: Iron Jugulis|Meteor Beam|p2a: Chansey\n|-damage|p2a: Chansey|179/564\n|\n|upkeep\n|turn|35\n|inactive|JadedInfinite has 20 seconds left this turn.\n|inactive|JadedInfinite has 15 seconds left.\n|\n|t:|1781418823\n|move|p1a: Iron Jugulis|Hurricane|p2a: Chansey|[miss]\n|-miss|p1a: Iron Jugulis|p2a: Chansey\n|move|p2a: Chansey|Thunder Wave|p1a: Iron Jugulis\n|-status|p1a: Iron Jugulis|par\n|\n|upkeep\n|turn|36\n|inactive|JadedInfinite has 25 seconds left this turn.\n|\n|t:|1781418827\n|move|p2a: Chansey|Soft-Boiled|p2a: Chansey\n|-heal|p2a: Chansey|461/564\n|cant|p1a: Iron Jugulis|par\n|\n|upkeep\n|turn|37\n|\n|t:|1781418831\n|move|p2a: Chansey|Seismic Toss|p1a: Iron Jugulis\n|-damage|p1a: Iron Jugulis|119/271 par\n|move|p1a: Iron Jugulis|Hurricane|p2a: Chansey|[miss]\n|-miss|p1a: Iron Jugulis|p2a: Chansey\n|\n|upkeep\n|turn|38\n|\n|t:|1781418839\n|move|p2a: Chansey|Seismic Toss|p1a: Iron Jugulis\n|-damage|p1a: Iron Jugulis|34/271 par\n|move|p1a: Iron Jugulis|Hurricane|p2a: Chansey\n|-damage|p2a: Chansey|356/564\n|\n|upkeep\n|turn|39\n|-message|corgie98 forfeited.\n|\n|win|JadedInfinite\n|raw|corgie98's rating: 1492 &rarr; <strong>1472</strong><br />(-20 for losing)\n|raw|JadedInfinite's rating: 1487 &rarr; <strong>1507</strong><br />(+20 for winning)\n|l|\u2606corgie98\n|player|p1|\n", "inputlog": ">version a8376a258c1d4662feba110a92103f3664a72141\n>start {\"formatid\":\"gen9randombattle\",\"seed\":\"sodium,79fe74d81f06b52ab3ac340423f7798d\",\"rated\":\"Rated battle\"}\n>player p1 {\"name\":\"corgie98\",\"avatar\":\"266\",\"rating\":1492,\"seed\":\"sodium,fdfc7f395b80fda9262f617304b8d235\"}\n>player p2 {\"name\":\"JadedInfinite\",\"avatar\":\"hoopster\",\"rating\":1487,\"seed\":\"sodium,d02f32d17fda20a535a504bc8bf6b4b8\"}\n>p1 switch 6\n>p2 move swordsdance\n>p1 move shadowball\n>p2 move earthquake\n>p1 switch 5\n>p1 move bleakwindstorm\n>p2 move gunkshot\n>p2 switch 6\n>p1 switch 6\n>p2 move tripleaxel\n>p1 move stoneaxe\n>p2 move tripleaxel\n>p1 switch 2\n>p1 move knockoff\n>p2 move tripleaxel\n>p1 move bulkup\n>p2 switch 4\n>p1 move knockoff\n>p2 move drainpunch\n>p1 move bulkup\n>p2 move bulkup\n>p1 move slackoff\n>p2 move taunt\n>p1 move knockoff\n>p2 move bulkup\n>p1 move knockoff\n>p2 move drainpunch\n>p1 move knockoff\n>p2 move drainpunch\n>p1 move slackoff\n>p2 move drainpunch\n>p1 move slackoff terastallize\n>p2 move drainpunch\n>p1 move knockoff\n>p2 move ragefist\n>p1 switch 6\n>p1 move bleakwindstorm\n>p2 move ragefist terastallize\n>p2 switch 5\n>p1 switch 3\n>p2 move thunderwave\n>p1 move leechseed\n>p2 move seismictoss\n>p1 move leechseed\n>p2 move seismictoss\n>p1 move substitute\n>p2 switch 2\n>p1 move leechseed\n>p2 move bravebird\n>p1 move protect\n>p2 move bravebird\n>p1 switch 3\n>p2 move bravebird\n>p1 move bleakwindstorm\n>p2 switch 2\n>p1 move bleakwindstorm\n>p2 move stealthrock\n>p1 switch 3\n>p2 move thunderwave\n>p1 move leechseed\n>p2 move seismictoss\n>p1 move substitute\n>p2 switch 3\n>p1 move leechseed\n>p2 move flamethrower\n>p1 move protect\n>p2 move hurricane\n>p1 move protect\n>p2 move hurricane\n>p1 move hypervoice\n>p2 move hurricane\n>p1 switch 4\n>p1 move meteorbeam\n>p2 switch 3\n>p1 move hurricane\n>p2 move thunderwave\n>p1 move hurricane\n>p2 move softboiled\n>p1 move hurricane\n>p2 move seismictoss\n>p1 move hurricane\n>p2 move seismictoss\n>forcelose p1", "uploadtime": 1781418849, "views": 10, "formatid": "gen9randombattle", "rating": 1472, "private": 0, "password": null}