{"id": "gen9randombattle-2631828685", "format": "[Gen 9] Random Battle", "players": ["RoadToRampage", "z618"], "log": "|j|\u2606RoadToRampage\n|j|\u2606z618\n|t:|1781445371\n|gametype|singles\n|player|p1|RoadToRampage|170|1105\n|player|p2|z618|rosa|1105\n|gen|9\n|tier|[Gen 9] Random Battle\n|rated|\n|rule|Species Clause: Limit one of each Pok\u00e9mon\n|rule|HP Percentage Mod: HP is shown in percentages\n|rule|Sleep Clause Mod: Limit one foe put to sleep\n|rule|Illusion Level Mod: Illusion disguises the Pok\u00e9mon's true level\n|\n|t:|1781445371\n|teamsize|p1|6\n|teamsize|p2|6\n|start\n|switch|p1a: Whimsicott|Whimsicott, L84, M|238/238\n|switch|p2a: Regieleki|Regieleki, L79|256/256\n|turn|1\n|\n|t:|1781445388\n|switch|p1a: Komala|Komala, L88, F|258/258\n|-ability|p1a: Komala|Comatose\n|move|p2a: Regieleki|Rapid Spin|p1a: Komala\n|-crit|p1a: Komala\n|-damage|p1a: Komala|205/258\n|-boost|p2a: Regieleki|spe|1\n|\n|upkeep\n|turn|2\n|\n|t:|1781445398\n|move|p2a: Regieleki|Thunderbolt|p1a: Komala\n|-damage|p1a: Komala|123/258\n|move|p1a: Komala|Earthquake|p2a: Regieleki\n|-supereffective|p2a: Regieleki\n|-damage|p2a: Regieleki|0 fnt\n|faint|p2a: Regieleki\n|\n|upkeep\n|inactive|Battle timer is ON: inactive players will automatically lose when time's up. (requested by RoadToRampage)\n|\n|t:|1781445414\n|switch|p2a: Hippowdon|Hippowdon, L82, M|311/311\n|-weather|Sandstorm|[from] ability: Sand Stream|[of] p2a: Hippowdon\n|turn|3\n|\n|t:|1781445425\n|switch|p1a: Whimsicott|Whimsicott, L84, M|238/238\n|move|p2a: Hippowdon|Stealth Rock|p1a: Whimsicott\n|-sidestart|p1: RoadToRampage|move: Stealth Rock\n|\n|-weather|Sandstorm|[upkeep]\n|-damage|p1a: Whimsicott|224/238|[from] Sandstorm\n|-heal|p1a: Whimsicott|238/238|[from] item: Leftovers\n|upkeep\n|turn|4\n|\n|t:|1781445436\n|move|p1a: Whimsicott|Encore|p2a: Hippowdon\n|-start|p2a: Hippowdon|Encore\n|move|p2a: Hippowdon|Stealth Rock||[still]\n|-fail|p2a: Hippowdon\n|\n|-weather|Sandstorm|[upkeep]\n|-damage|p1a: Whimsicott|224/238|[from] Sandstorm\n|-heal|p1a: Whimsicott|238/238|[from] item: Leftovers\n|upkeep\n|turn|5\n|\n|t:|1781445460\n|switch|p2a: Clodsire|Clodsire, L81, M|343/343\n|move|p1a: Whimsicott|Leech Seed|p2a: Clodsire\n|-start|p2a: Clodsire|move: Leech Seed\n|\n|-weather|Sandstorm|[upkeep]\n|-damage|p1a: Whimsicott|224/238|[from] Sandstorm\n|-heal|p1a: Whimsicott|238/238|[from] item: Leftovers\n|-damage|p2a: Clodsire|301/343|[from] Leech Seed|[of] p1a: Whimsicott\n|upkeep\n|turn|6\n|\n|t:|1781445474\n|switch|p2a: Hippowdon|Hippowdon, L82, M|311/311\n|move|p1a: Whimsicott|Substitute|p1a: Whimsicott\n|-start|p1a: Whimsicott|Substitute\n|-damage|p1a: Whimsicott|179/238\n|\n|-weather|Sandstorm|[upkeep]\n|-damage|p1a: Whimsicott|165/238|[from] Sandstorm\n|-heal|p1a: Whimsicott|179/238|[from] item: Leftovers\n|upkeep\n|turn|7\n|\n|t:|1781445485\n|switch|p2a: Clodsire|Clodsire, L81, M|301/343\n|move|p1a: Whimsicott|Leech Seed|p2a: Clodsire\n|-start|p2a: Clodsire|move: Leech Seed\n|\n|-weather|none\n|-heal|p1a: Whimsicott|193/238|[from] item: Leftovers\n|-heal|p2a: Clodsire|322/343|[from] item: Leftovers\n|-damage|p2a: Clodsire|280/343|[from] Leech Seed|[of] p1a: Whimsicott\n|-heal|p1a: Whimsicott|235/238|[silent]\n|upkeep\n|turn|8\n|\n|t:|1781445501\n|move|p1a: Whimsicott|Moonblast|p2a: Clodsire\n|-resisted|p2a: Clodsire\n|-damage|p2a: Clodsire|240/343\n|-unboost|p2a: Clodsire|spa|1\n|move|p2a: Clodsire|Spikes|p1a: Whimsicott\n|-sidestart|p1: RoadToRampage|Spikes\n|\n|-heal|p1a: Whimsicott|238/238|[from] item: Leftovers\n|-heal|p2a: Clodsire|261/343|[from] item: Leftovers\n|-damage|p2a: Clodsire|219/343|[from] Leech Seed|[of] p1a: Whimsicott\n|upkeep\n|turn|9\n|\n|t:|1781445513\n|switch|p2a: Hippowdon|Hippowdon, L82, M|311/311\n|-weather|Sandstorm|[from] ability: Sand Stream|[of] p2a: Hippowdon\n|move|p1a: Whimsicott|Moonblast|p2a: Hippowdon\n|-damage|p2a: Hippowdon|217/311\n|\n|-weather|Sandstorm|[upkeep]\n|-damage|p1a: Whimsicott|224/238|[from] Sandstorm\n|-heal|p1a: Whimsicott|238/238|[from] item: Leftovers\n|-heal|p2a: Hippowdon|236/311|[from] item: Leftovers\n|upkeep\n|turn|10\n|\n|t:|1781445527\n|move|p1a: Whimsicott|Leech Seed|p2a: Hippowdon\n|-start|p2a: Hippowdon|move: Leech Seed\n|move|p2a: Hippowdon|Stone Edge|p1a: Whimsicott\n|-end|p1a: Whimsicott|Substitute\n|\n|-weather|Sandstorm|[upkeep]\n|-damage|p1a: Whimsicott|224/238|[from] Sandstorm\n|-heal|p1a: Whimsicott|238/238|[from] item: Leftovers\n|-heal|p2a: Hippowdon|255/311|[from] item: Leftovers\n|-damage|p2a: Hippowdon|217/311|[from] Leech Seed|[of] p1a: Whimsicott\n|upkeep\n|turn|11\n|\n|t:|1781445538\n|move|p1a: Whimsicott|Substitute|p1a: Whimsicott\n|-start|p1a: Whimsicott|Substitute\n|-damage|p1a: Whimsicott|179/238\n|move|p2a: Hippowdon|Stone Edge|p1a: Whimsicott\n|-end|p1a: Whimsicott|Substitute\n|\n|-weather|Sandstorm|[upkeep]\n|-damage|p1a: Whimsicott|165/238|[from] Sandstorm\n|-heal|p1a: Whimsicott|179/238|[from] item: Leftovers\n|-heal|p2a: Hippowdon|236/311|[from] item: Leftovers\n|-damage|p2a: Hippowdon|198/311|[from] Leech Seed|[of] p1a: Whimsicott\n|-heal|p1a: Whimsicott|217/238|[silent]\n|upkeep\n|turn|12\n|\n|t:|1781445551\n|switch|p2a: Clodsire|Clodsire, L81, M|219/343\n|move|p1a: Whimsicott|Substitute|p1a: Whimsicott\n|-start|p1a: Whimsicott|Substitute\n|-damage|p1a: Whimsicott|158/238\n|\n|-weather|Sandstorm|[upkeep]\n|-damage|p1a: Whimsicott|144/238|[from] Sandstorm\n|-heal|p1a: Whimsicott|158/238|[from] item: Leftovers\n|-heal|p2a: Clodsire|240/343|[from] item: Leftovers\n|upkeep\n|turn|13\n|\n|t:|1781445562\n|move|p1a: Whimsicott|Leech Seed|p2a: Clodsire\n|-start|p2a: Clodsire|move: Leech Seed\n|move|p2a: Clodsire|Gunk Shot|p1a: Whimsicott\n|-supereffective|p1a: Whimsicott\n|-end|p1a: Whimsicott|Substitute\n|\n|-weather|none\n|-heal|p1a: Whimsicott|172/238|[from] item: Leftovers\n|-heal|p2a: Clodsire|261/343|[from] item: Leftovers\n|-damage|p2a: Clodsire|219/343|[from] Leech Seed|[of] p1a: Whimsicott\n|-heal|p1a: Whimsicott|214/238|[silent]\n|upkeep\n|turn|14\n|\n|t:|1781445572\n|move|p1a: Whimsicott|Substitute|p1a: Whimsicott\n|-start|p1a: Whimsicott|Substitute\n|-damage|p1a: Whimsicott|155/238\n|move|p2a: Clodsire|Gunk Shot|p1a: Whimsicott\n|-supereffective|p1a: Whimsicott\n|-end|p1a: Whimsicott|Substitute\n|\n|-heal|p1a: Whimsicott|169/238|[from] item: Leftovers\n|-heal|p2a: Clodsire|240/343|[from] item: Leftovers\n|-damage|p2a: Clodsire|198/343|[from] Leech Seed|[of] p1a: Whimsicott\n|-heal|p1a: Whimsicott|211/238|[silent]\n|upkeep\n|turn|15\n|\n|t:|1781445583\n|switch|p1a: Dialga|Dialga-Origin, L73|266/266\n|-damage|p1a: Dialga|250/266|[from] Stealth Rock\n|-damage|p1a: Dialga|217/266|[from] Spikes\n|-ability|p1a: Dialga|Pressure\n|move|p2a: Clodsire|Gunk Shot|p1a: Dialga\n|-immune|p1a: Dialga\n|\n|-heal|p2a: Clodsire|219/343|[from] item: Leftovers\n|-damage|p2a: Clodsire|177/343|[from] Leech Seed|[of] p1a: Dialga\n|-heal|p1a: Dialga|259/266|[silent]\n|upkeep\n|turn|16\n|\n|t:|1781445599\n|switch|p2a: Hippowdon|Hippowdon, L82, M|198/311\n|-weather|Sandstorm|[from] ability: Sand Stream|[of] p2a: Hippowdon\n|move|p1a: Dialga|Flash Cannon|p2a: Hippowdon\n|-damage|p2a: Hippowdon|68/311\n|\n|-weather|Sandstorm|[upkeep]\n|-heal|p2a: Hippowdon|87/311|[from] item: Leftovers\n|upkeep\n|turn|17\n|\n|t:|1781445609\n|move|p1a: Dialga|Flash Cannon|p2a: Hippowdon\n|-damage|p2a: Hippowdon|0 fnt\n|faint|p2a: Hippowdon\n|\n|-weather|Sandstorm|[upkeep]\n|upkeep\n|\n|t:|1781445616\n|switch|p2a: Clodsire|Clodsire, L81, M|177/343\n|turn|18\n|\n|t:|1781445621\n|move|p1a: Dialga|Draco Meteor|p2a: Clodsire\n|-crit|p2a: Clodsire\n|-damage|p2a: Clodsire|0 fnt\n|-unboost|p1a: Dialga|spa|2\n|faint|p2a: Clodsire\n|\n|-weather|Sandstorm|[upkeep]\n|upkeep\n|c|\u2606RoadToRampage|Mightve mattered\n|\n|t:|1781445635\n|switch|p2a: Iron Hands|Iron Hands, L79|373/373\n|turn|19\n|\n|t:|1781445646\n|switch|p1a: Scream Tail|Scream Tail, L84|330/330\n|-damage|p1a: Scream Tail|289/330|[from] Stealth Rock\n|-damage|p1a: Scream Tail|248/330|[from] Spikes\n|move|p2a: Iron Hands|Drain Punch|p1a: Scream Tail\n|-resisted|p1a: Scream Tail\n|-damage|p1a: Scream Tail|228/330\n|\n|-weather|Sandstorm|[upkeep]\n|-damage|p1a: Scream Tail|208/330|[from] Sandstorm\n|-damage|p2a: Iron Hands|350/373|[from] Sandstorm\n|-heal|p1a: Scream Tail|228/330|[from] item: Leftovers\n|upkeep\n|turn|20\n|\n|t:|1781445664\n|move|p1a: Scream Tail|Wish|p1a: Scream Tail\n|move|p2a: Iron Hands|Wild Charge|p1a: Scream Tail\n|-damage|p1a: Scream Tail|132/330\n|-damage|p2a: Iron Hands|326/373|[from] Recoil\n|\n|-weather|none\n|-heal|p1a: Scream Tail|152/330|[from] item: Leftovers\n|upkeep\n|turn|21\n|\n|t:|1781445674\n|move|p1a: Scream Tail|Play Rough|p2a: Iron Hands\n|-supereffective|p2a: Iron Hands\n|-damage|p2a: Iron Hands|188/373\n|move|p2a: Iron Hands|Wild Charge|p1a: Scream Tail\n|-damage|p1a: Scream Tail|55/330\n|-damage|p2a: Iron Hands|164/373|[from] Recoil\n|\n|-heal|p1a: Scream Tail|220/330|[from] move: Wish|[wisher] Scream Tail\n|-heal|p1a: Scream Tail|240/330|[from] item: Leftovers\n|upkeep\n|turn|22\n|\n|t:|1781445686\n|move|p1a: Scream Tail|Protect|p1a: Scream Tail\n|-singleturn|p1a: Scream Tail|Protect\n|move|p2a: Iron Hands|Ice Punch|p1a: Scream Tail\n|-activate|p1a: Scream Tail|move: Protect\n|\n|-heal|p1a: Scream Tail|260/330|[from] item: Leftovers\n|upkeep\n|turn|23\n|\n|t:|1781445696\n|move|p1a: Scream Tail|Wish|p1a: Scream Tail\n|move|p2a: Iron Hands|Ice Punch|p1a: Scream Tail\n|-damage|p1a: Scream Tail|207/330\n|\n|-heal|p1a: Scream Tail|227/330|[from] item: Leftovers\n|upkeep\n|turn|24\n|\n|t:|1781445703\n|move|p1a: Scream Tail|Play Rough|p2a: Iron Hands\n|-supereffective|p2a: Iron Hands\n|-damage|p2a: Iron Hands|44/373\n|move|p2a: Iron Hands|Ice Punch|p1a: Scream Tail\n|-damage|p1a: Scream Tail|166/330\n|\n|-heal|p1a: Scream Tail|330/330|[from] move: Wish|[wisher] Scream Tail\n|upkeep\n|turn|25\n|\n|t:|1781445712\n|move|p1a: Scream Tail|Play Rough|p2a: Iron Hands\n|-supereffective|p2a: Iron Hands\n|-damage|p2a: Iron Hands|0 fnt\n|faint|p2a: Iron Hands\n|-end|p2a: Iron Hands|Quark Drive|[silent]\n|\n|upkeep\n|\n|t:|1781445719\n|switch|p2a: Greninja|Greninja, L80, M|246/246\n|turn|26\n|\n|t:|1781445731\n|move|p2a: Greninja|Gunk Shot|p1a: Scream Tail\n|-start|p2a: Greninja|typechange|Poison|[from] ability: Protean\n|-supereffective|p1a: Scream Tail\n|-damage|p1a: Scream Tail|47/330\n|-damage|p2a: Greninja|222/246|[from] item: Life Orb\n|move|p1a: Scream Tail|Thunder Wave|p2a: Greninja\n|-status|p2a: Greninja|par\n|\n|-heal|p1a: Scream Tail|67/330|[from] item: Leftovers\n|upkeep\n|turn|27\n|\n|t:|1781445747\n|move|p1a: Scream Tail|Protect|p1a: Scream Tail\n|-singleturn|p1a: Scream Tail|Protect\n|cant|p2a: Greninja|par\n|\n|-heal|p1a: Scream Tail|87/330|[from] item: Leftovers\n|upkeep\n|turn|28\n|\n|t:|1781445754\n|-end|p1a: Scream Tail|Protosynthesis|[silent]\n|switch|p1a: Dialga|Dialga-Origin, L73|259/266\n|-damage|p1a: Dialga|243/266|[from] Stealth Rock\n|-damage|p1a: Dialga|210/266|[from] Spikes\n|-ability|p1a: Dialga|Pressure\n|move|p2a: Greninja|Hydro Pump|p1a: Dialga|[miss]\n|-miss|p2a: Greninja|p1a: Dialga\n|\n|upkeep\n|turn|29\n|inactive|z618 has 120 seconds left.\n|\n|t:|1781445786\n|move|p1a: Dialga|Draco Meteor|p2a: Greninja\n|-damage|p2a: Greninja|0 fnt\n|-unboost|p1a: Dialga|spa|2\n|faint|p2a: Greninja\n|\n|upkeep\n|inactive|z618 has 120 seconds left.\n|\n|t:|1781445793\n|switch|p2a: Flutter Mane|Flutter Mane, L74|203/203\n|turn|30\n|inactive|RoadToRampage has 120 seconds left.\n|\n|t:|1781445834\n|switch|p1a: Tornadus|Tornadus, L82, M|263/263\n|-damage|p1a: Tornadus|198/263|[from] Stealth Rock\n|move|p2a: Flutter Mane|Calm Mind|p2a: Flutter Mane\n|-boost|p2a: Flutter Mane|spa|1\n|-boost|p2a: Flutter Mane|spd|1\n|\n|upkeep\n|turn|31\n|inactive|z618 has 120 seconds left.\n|\n|t:|1781445859\n|move|p2a: Flutter Mane|Moonblast|p1a: Tornadus\n|-damage|p1a: Tornadus|0 fnt\n|faint|p1a: Tornadus\n|-damage|p2a: Flutter Mane|183/203|[from] item: Life Orb\n|\n|upkeep\n|\n|t:|1781445874\n|switch|p1a: Komala|Komala, L88, F|123/258\n|-damage|p1a: Komala|91/258|[from] Stealth Rock\n|-damage|p1a: Komala|59/258|[from] Spikes\n|-ability|p1a: Komala|Comatose\n|turn|32\n|\n|t:|1781445883\n|move|p2a: Flutter Mane|Moonblast|p1a: Komala\n|-damage|p1a: Komala|0 fnt\n|faint|p1a: Komala\n|-damage|p2a: Flutter Mane|163/203|[from] item: Life Orb\n|\n|upkeep\n|\n|t:|1781445896\n|switch|p1a: Whimsicott|Whimsicott, L84, M|211/238\n|-damage|p1a: Whimsicott|182/238|[from] Stealth Rock\n|-damage|p1a: Whimsicott|153/238|[from] Spikes\n|turn|33\n|\n|t:|1781445910\n|move|p1a: Whimsicott|Leech Seed|p2a: Flutter Mane\n|-start|p2a: Flutter Mane|move: Leech Seed\n|move|p2a: Flutter Mane|Shadow Ball|p1a: Whimsicott\n|-damage|p1a: Whimsicott|0 fnt\n|faint|p1a: Whimsicott\n|-damage|p2a: Flutter Mane|143/203|[from] item: Life Orb\n|\n|upkeep\n|\n|t:|1781445920\n|switch|p1a: Scream Tail|Scream Tail, L84|87/330\n|-damage|p1a: Scream Tail|46/330|[from] Stealth Rock\n|-damage|p1a: Scream Tail|5/330|[from] Spikes\n|turn|34\n|\n|t:|1781445929\n|move|p1a: Scream Tail|Protect|p1a: Scream Tail\n|-singleturn|p1a: Scream Tail|Protect\n|move|p2a: Flutter Mane|Shadow Ball|p1a: Scream Tail\n|-activate|p1a: Scream Tail|move: Protect\n|\n|-heal|p1a: Scream Tail|25/330|[from] item: Leftovers\n|-damage|p2a: Flutter Mane|118/203|[from] Leech Seed|[of] p1a: Scream Tail\n|-heal|p1a: Scream Tail|50/330|[silent]\n|upkeep\n|turn|35\n|\n|t:|1781445939\n|move|p1a: Scream Tail|Protect||[still]\n|-fail|p1a: Scream Tail\n|move|p2a: Flutter Mane|Shadow Ball|p1a: Scream Tail\n|-supereffective|p1a: Scream Tail\n|-damage|p1a: Scream Tail|0 fnt\n|faint|p1a: Scream Tail\n|-end|p1a: Scream Tail|Protosynthesis|[silent]\n|-damage|p2a: Flutter Mane|98/203|[from] item: Life Orb\n|\n|upkeep\n|\n|t:|1781445952\n|switch|p1a: Dialga|Dialga-Origin, L73|210/266\n|-damage|p1a: Dialga|194/266|[from] Stealth Rock\n|-damage|p1a: Dialga|161/266|[from] Spikes\n|-ability|p1a: Dialga|Pressure\n|turn|36\n|\n|t:|1781445962\n|move|p2a: Flutter Mane|Shadow Ball|p1a: Dialga\n|-damage|p1a: Dialga|12/266\n|-unboost|p1a: Dialga|spd|1\n|-damage|p2a: Flutter Mane|78/203|[from] item: Life Orb\n|move|p1a: Dialga|Flash Cannon|p2a: Flutter Mane\n|-supereffective|p2a: Flutter Mane\n|-damage|p2a: Flutter Mane|0 fnt\n|faint|p2a: Flutter Mane\n|-end|p2a: Flutter Mane|Protosynthesis|[silent]\n|\n|win|RoadToRampage\n|raw|RoadToRampage's rating: 1105 &rarr; <strong>1130</strong><br />(+25 for winning)\n|raw|z618's rating: 1105 &rarr; <strong>1080</strong><br />(-25 for losing)\n", "inputlog": ">version a8376a258c1d4662feba110a92103f3664a72141\n>start {\"formatid\":\"gen9randombattle\",\"seed\":\"sodium,47412ea6e468cdbdc73985c5c3ebd669\",\"rated\":\"Rated battle\"}\n>player p1 {\"name\":\"RoadToRampage\",\"avatar\":\"170\",\"rating\":1105,\"seed\":\"sodium,63c41954c4dfe999a9e11106ec6f986f\"}\n>player p2 {\"name\":\"z618\",\"avatar\":\"rosa\",\"rating\":1105,\"seed\":\"sodium,719c4a880adc871469992eb649c43d96\"}\n>p1 switch 3\n>p2 move rapidspin\n>p1 move earthquake\n>p2 move thunderbolt\n>p2 switch 2\n>p1 switch 3\n>p2 move stealthrock\n>p1 move encore\n>p2 move stoneedge\n>p1 move leechseed\n>p2 switch 4\n>p1 move substitute\n>p2 switch 4\n>p1 move leechseed\n>p2 switch 4\n>p1 move moonblast\n>p2 move spikes\n>p1 move moonblast\n>p2 switch 4\n>p1 move leechseed\n>p2 move stoneedge\n>p1 move substitute\n>p2 move stoneedge\n>p1 move substitute\n>p2 switch 4\n>p1 move leechseed\n>p2 move gunkshot\n>p1 move substitute\n>p2 move gunkshot\n>p1 switch 5\n>p2 move gunkshot\n>p1 move flashcannon\n>p2 switch 4\n>p1 move flashcannon\n>p2 move earthquake\n>p2 switch 4\n>p1 move dracometeor\n>p2 move earthquake\n>chat \u2606RoadToRampage|Mightve mattered\n>p2 switch 3\n>p1 switch 2\n>p2 move drainpunch\n>p1 move wish\n>p2 move wildcharge\n>p1 move playrough\n>p2 move wildcharge\n>p1 move protect\n>p2 move icepunch\n>p1 move wish\n>p2 move icepunch\n>p1 move playrough\n>p2 move icepunch\n>p1 move playrough\n>p2 move icepunch\n>p2 switch 6\n>p1 move thunderwave\n>p2 move gunkshot\n>p1 move protect\n>p2 move hydropump\n>p1 switch 2\n>p2 move hydropump\n>p1 move dracometeor\n>p2 move icebeam\n>p2 switch 5\n>p1 switch 4\n>p2 move calmmind\n>p1 move bleakwindstorm\n>p2 move moonblast\n>p1 switch 3\n>p1 move knockoff\n>p2 move moonblast\n>p1 switch 5\n>p1 move leechseed\n>p2 move shadowball\n>p1 switch 2\n>p1 move protect\n>p2 move shadowball\n>p1 move protect\n>p2 move shadowball\n>p1 switch 4\n>p1 move flashcannon\n>p2 move shadowball", "uploadtime": 1781445978, "views": 4, "formatid": "gen9randombattle", "rating": 1080, "private": 0, "password": null, "player_dets": [{"name": "RoadToRampage", "avatar": "170", "rating": 1105, "seed": "sodium,63c41954c4dfe999a9e11106ec6f986f"}, {"name": "z618", "avatar": "rosa", "rating": 1105, "seed": "sodium,719c4a880adc871469992eb649c43d96"}], "teams_full": [{"Whimsicott": {"name": "Whimsicott", "species": "Whimsicott", "speciesId": "whimsicott", "gender": "M", "shiny": false, "level": 84, "moves": ["substitute", "leechseed", "moonblast", "encore"], "ability": "Prankster", "evs": {"hp": 85, "atk": 0, "def": 85, "spa": 85, "spd": 85, "spe": 85}, "ivs": {"hp": 31, "atk": 0, "def": 31, "spa": 31, "spd": 31, "spe": 31}, "item": "Leftovers", "teraType": "Steel", "role": "Bulky Support", "bvs": {"hp": 60, "atk": 67, "def": 85, "spa": 77, "spd": 75, "spe": 116}, "stats": {"hp": 238, "atk": 117, "def": 191, "spa": 178, "spd": 174, "spe": 243}, "types": ["Grass", "Fairy"]}, "Scream Tail": {"name": "Scream Tail", "species": "Scream Tail", "speciesId": "screamtail", "gender": "N", "shiny": false, "level": 84, "moves": ["playrough", "wish", "thunderwave", "protect"], "ability": "Protosynthesis", "evs": {"hp": 85, "atk": 85, "def": 85, "spa": 85, "spd": 85, "spe": 85}, "ivs": {"hp": 31, "atk": 31, "def": 31, "spa": 31, "spd": 31, "spe": 31}, "item": "Leftovers", "teraType": "Poison", "role": "Bulky Support", "bvs": {"hp": 115, "atk": 65, "def": 99, "spa": 65, "spd": 115, "spe": 111}, "stats": {"hp": 330, "atk": 157, "def": 215, "spa": 157, "spd": 241, "spe": 235}, "types": ["Fairy", "Psychic"]}, "Komala": {"name": "Komala", "species": "Komala", "speciesId": "komala", "gender": "F", "shiny": false, "level": 88, "moves": ["earthquake", "knockoff", "rapidspin", "bodyslam"], "ability": "Comatose", "evs": {"hp": 85, "atk": 85, "def": 85, "spa": 85, "spd": 85, "spe": 85}, "ivs": {"hp": 31, "atk": 31, "def": 31, "spa": 31, "spd": 31, "spe": 31}, "item": "Assault Vest", "teraType": "Ghost", "role": "Bulky Support", "bvs": {"hp": 65, "atk": 115, "def": 65, "spa": 75, "spd": 95, "spe": 65}, "stats": {"hp": 258, "atk": 253, "def": 165, "spa": 182, "spd": 217, "spe": 165}, "types": ["Normal"]}, "Tornadus": {"name": "Tornadus", "species": "Tornadus", "speciesId": "tornadus", "gender": "M", "shiny": false, "level": 82, "moves": ["focusblast", "grassknot", "bleakwindstorm", "uturn"], "ability": "Defiant", "evs": {"hp": 81, "atk": 85, "def": 85, "spa": 85, "spd": 85, "spe": 85}, "ivs": {"hp": 31, "atk": 31, "def": 31, "spa": 31, "spd": 31, "spe": 31}, "item": "Choice Specs", "teraType": "Fighting", "role": "Fast Attacker", "bvs": {"hp": 79, "atk": 115, "def": 70, "spa": 125, "spd": 80, "spe": 111}, "stats": {"hp": 263, "atk": 236, "def": 162, "spa": 252, "spd": 178, "spe": 229}, "types": ["Flying"]}, "Dialga": {"name": "Dialga", "species": "Dialga-Origin", "speciesId": "dialgaorigin", "gender": "N", "shiny": false, "level": 73, "moves": ["flashcannon", "dragontail", "fireblast", "dracometeor"], "ability": "Pressure", "evs": {"hp": 85, "atk": 85, "def": 85, "spa": 85, "spd": 85, "spe": 85}, "ivs": {"hp": 31, "atk": 31, "def": 31, "spa": 31, "spd": 31, "spe": 31}, "item": "Adamant Crystal", "teraType": "Steel", "role": "Bulky Attacker", "bvs": {"hp": 100, "atk": 100, "def": 120, "spa": 150, "spd": 120, "spe": 90}, "stats": {"hp": 266, "atk": 188, "def": 218, "spa": 261, "spd": 218, "spe": 174}, "types": ["Steel", "Dragon"]}, "Quaquaval": {"name": "Quaquaval", "species": "Quaquaval", "speciesId": "quaquaval", "gender": "M", "shiny": false, "level": 79, "moves": ["swordsdance", "knockoff", "aquastep", "closecombat"], "ability": "Moxie", "evs": {"hp": 85, "atk": 85, "def": 85, "spa": 85, "spd": 85, "spe": 85}, "ivs": {"hp": 31, "atk": 31, "def": 31, "spa": 31, "spd": 31, "spe": 31}, "item": "Life Orb", "teraType": "Steel", "role": "Setup Sweeper", "bvs": {"hp": 85, "atk": 120, "def": 80, "spa": 85, "spd": 75, "spe": 85}, "stats": {"hp": 264, "atk": 235, "def": 172, "spa": 180, "spd": 164, "spe": 180}, "types": ["Water", "Fighting"]}}, {"Regieleki": {"name": "Regieleki", "species": "Regieleki", "speciesId": "regieleki", "gender": "N", "shiny": false, "level": 79, "moves": ["terablast", "rapidspin", "thunderbolt", "voltswitch"], "ability": "Transistor", "evs": {"hp": 85, "atk": 85, "def": 85, "spa": 85, "spd": 85, "spe": 85}, "ivs": {"hp": 31, "atk": 31, "def": 31, "spa": 31, "spd": 31, "spe": 31}, "item": "Magnet", "teraType": "Ice", "role": "Tera Blast user", "bvs": {"hp": 80, "atk": 100, "def": 50, "spa": 100, "spd": 50, "spe": 200}, "stats": {"hp": 256, "atk": 204, "def": 125, "spa": 204, "spd": 125, "spe": 362}, "types": ["Electric"]}, "Hippowdon": {"name": "Hippowdon", "species": "Hippowdon", "speciesId": "hippowdon", "gender": "M", "shiny": false, "level": 82, "moves": ["stoneedge", "earthquake", "stealthrock", "slackoff"], "ability": "Sand Stream", "evs": {"hp": 85, "atk": 85, "def": 85, "spa": 85, "spd": 85, "spe": 85}, "ivs": {"hp": 31, "atk": 31, "def": 31, "spa": 31, "spd": 31, "spe": 31}, "item": "Leftovers", "teraType": "Steel", "role": "Bulky Support", "bvs": {"hp": 108, "atk": 112, "def": 118, "spa": 68, "spd": 72, "spe": 47}, "stats": {"hp": 311, "atk": 231, "def": 241, "spa": 159, "spd": 165, "spe": 124}, "types": ["Ground"]}, "Iron Hands": {"name": "Iron Hands", "species": "Iron Hands", "speciesId": "ironhands", "gender": "N", "shiny": false, "level": 79, "moves": ["voltswitch", "icepunch", "drainpunch", "wildcharge"], "ability": "Quark Drive", "evs": {"hp": 85, "atk": 85, "def": 85, "spa": 85, "spd": 85, "spe": 85}, "ivs": {"hp": 31, "atk": 31, "def": 31, "spa": 31, "spd": 31, "spe": 31}, "item": "Assault Vest", "teraType": "Fighting", "role": "AV Pivot", "bvs": {"hp": 154, "atk": 140, "def": 108, "spa": 50, "spd": 68, "spe": 50}, "stats": {"hp": 373, "atk": 267, "def": 216, "spa": 125, "spd": 153, "spe": 125}, "types": ["Fighting", "Electric"]}, "Clodsire": {"name": "Clodsire", "species": "Clodsire", "speciesId": "clodsire", "gender": "M", "shiny": false, "level": 81, "moves": ["spikes", "earthquake", "gunkshot", "recover"], "ability": "Water Absorb", "evs": {"hp": 85, "atk": 85, "def": 85, "spa": 85, "spd": 85, "spe": 85}, "ivs": {"hp": 31, "atk": 31, "def": 31, "spa": 31, "spd": 31, "spe": 31}, "item": "Leftovers", "teraType": "Flying", "role": "Bulky Support", "bvs": {"hp": 130, "atk": 75, "def": 60, "spa": 45, "spd": 100, "spe": 20}, "stats": {"hp": 343, "atk": 168, "def": 144, "spa": 120, "spd": 209, "spe": 79}, "types": ["Poison", "Ground"]}, "Flutter Mane": {"name": "Flutter Mane", "species": "Flutter Mane", "speciesId": "fluttermane", "gender": "N", "shiny": false, "level": 74, "moves": ["moonblast", "shadowball", "calmmind", "psyshock"], "ability": "Protosynthesis", "evs": {"hp": 85, "atk": 0, "def": 85, "spa": 85, "spd": 85, "spe": 85}, "ivs": {"hp": 31, "atk": 0, "def": 31, "spa": 31, "spd": 31, "spe": 31}, "item": "Life Orb", "teraType": "Fairy", "role": "Setup Sweeper", "bvs": {"hp": 55, "atk": 55, "def": 55, "spa": 135, "spd": 135, "spe": 135}, "stats": {"hp": 203, "atk": 86, "def": 124, "spa": 243, "spd": 243, "spe": 243}, "types": ["Ghost", "Fairy"]}, "Greninja": {"name": "Greninja", "species": "Greninja", "speciesId": "greninja", "gender": "M", "shiny": false, "level": 80, "moves": ["icebeam", "gunkshot", "spikes", "hydropump"], "ability": "Protean", "evs": {"hp": 85, "atk": 85, "def": 85, "spa": 85, "spd": 85, "spe": 85}, "ivs": {"hp": 31, "atk": 31, "def": 31, "spa": 31, "spd": 31, "spe": 31}, "item": "Life Orb", "teraType": "Poison", "role": "Wallbreaker", "bvs": {"hp": 72, "atk": 95, "def": 67, "spa": 103, "spd": 71, "spe": 122}, "stats": {"hp": 246, "atk": 198, "def": 153, "spa": 211, "spd": 160, "spe": 241}, "types": ["Water", "Dark"]}}]}