{"id": "gen9randombattle-2631498383", "format": "[Gen 9] Random Battle", "players": ["Matuidi14", "Node"], "log": "|j|\u2606Matuidi14\n|j|\u2606Node\n|t:|1781392719\n|gametype|singles\n|player|p1|Matuidi14|clown|2153\n|player|p2|Node|#rbtt9phantoms2|2159\n|gen|9\n|tier|[Gen 9] Random Battle\n|rated|\n|rule|Species Clause: Limit one of each Pok\u00e9mon\n|rule|HP Percentage Mod: HP is shown in percentages\n|rule|Sleep Clause Mod: Limit one foe put to sleep\n|rule|Illusion Level Mod: Illusion disguises the Pok\u00e9mon's true level\n|\n|t:|1781392719\n|teamsize|p1|6\n|teamsize|p2|6\n|start\n|switch|p1a: Flygon|Flygon, L82, F|265/265\n|switch|p2a: Slowbro|Slowbro-Galar, L87, M|307/307\n|turn|1\n|inactive|Battle timer is ON: inactive players will automatically lose when time's up. (requested by Matuidi14)\n|\n|t:|1781392728\n|move|p1a: Flygon|Earthquake|p2a: Slowbro\n|-supereffective|p2a: Slowbro\n|-damage|p2a: Slowbro|25/307\n|move|p2a: Slowbro|Psychic|p1a: Flygon\n|-damage|p1a: Flygon|148/265\n|\n|upkeep\n|turn|2\n|\n|t:|1781392734\n|switch|p2a: Jumpluff|Jumpluff, L87, F|271/271\n|move|p1a: Flygon|Earthquake|p2a: Jumpluff\n|-immune|p2a: Jumpluff\n|\n|upkeep\n|turn|3\n|\n|t:|1781392739\n|switch|p1a: Moltres|Moltres, L81|278/278\n|move|p2a: Jumpluff|Substitute|p2a: Jumpluff\n|-start|p2a: Jumpluff|Substitute\n|-damage|p2a: Jumpluff|204/271\n|\n|upkeep\n|turn|4\n|\n|t:|1781392744\n|move|p2a: Jumpluff|Leech Seed|p1a: Moltres\n|-start|p1a: Moltres|move: Leech Seed\n|move|p1a: Moltres|Brave Bird|p2a: Jumpluff\n|-supereffective|p2a: Jumpluff\n|-end|p2a: Jumpluff|Substitute\n|-damage|p1a: Moltres|256/278|[from] Recoil|[of] p2a: Jumpluff\n|\n|-damage|p1a: Moltres|222/278|[from] Leech Seed|[of] p2a: Jumpluff\n|-heal|p2a: Jumpluff|238/271|[silent]\n|upkeep\n|turn|5\n|\n|t:|1781392751\n|switch|p1a: Perrserker|Perrserker, L89, F|269/269\n|move|p2a: Jumpluff|Substitute|p2a: Jumpluff\n|-start|p2a: Jumpluff|Substitute\n|-damage|p2a: Jumpluff|171/271\n|\n|upkeep\n|turn|6\n|\n|t:|1781392756\n|move|p2a: Jumpluff|Strength Sap|p1a: Perrserker\n|-unboost|p1a: Perrserker|atk|1\n|-heal|p2a: Jumpluff|271/271\n|move|p1a: Perrserker|U-turn|p2a: Jumpluff\n|-end|p2a: Jumpluff|Substitute\n|\n|t:|1781392762\n|switch|p1a: Moltres|Moltres, L81|222/278|[from] U-turn\n|\n|upkeep\n|turn|7\n|\n|t:|1781392774\n|move|p2a: Jumpluff|Substitute|p2a: Jumpluff\n|-start|p2a: Jumpluff|Substitute\n|-damage|p2a: Jumpluff|204/271\n|move|p1a: Moltres|Brave Bird|p2a: Jumpluff\n|-supereffective|p2a: Jumpluff\n|-end|p2a: Jumpluff|Substitute\n|-damage|p1a: Moltres|200/278|[from] Recoil|[of] p2a: Jumpluff\n|\n|upkeep\n|turn|8\n|\n|t:|1781392782\n|move|p2a: Jumpluff|Substitute|p2a: Jumpluff\n|-start|p2a: Jumpluff|Substitute\n|-damage|p2a: Jumpluff|137/271\n|move|p1a: Moltres|Brave Bird|p2a: Jumpluff\n|-supereffective|p2a: Jumpluff\n|-end|p2a: Jumpluff|Substitute\n|-damage|p1a: Moltres|178/278|[from] Recoil|[of] p2a: Jumpluff\n|\n|upkeep\n|turn|9\n|\n|t:|1781392787\n|move|p2a: Jumpluff|Strength Sap|p1a: Moltres\n|-unboost|p1a: Moltres|atk|1\n|-heal|p2a: Jumpluff|271/271\n|move|p1a: Moltres|Brave Bird|p2a: Jumpluff\n|-supereffective|p2a: Jumpluff\n|-damage|p2a: Jumpluff|101/271\n|-damage|p1a: Moltres|122/278|[from] Recoil\n|\n|upkeep\n|turn|10\n|\n|t:|1781392790\n|move|p2a: Jumpluff|Substitute|p2a: Jumpluff\n|-start|p2a: Jumpluff|Substitute\n|-damage|p2a: Jumpluff|34/271\n|move|p1a: Moltres|Fire Blast|p2a: Jumpluff\n|-supereffective|p2a: Jumpluff\n|-crit|p2a: Jumpluff\n|-end|p2a: Jumpluff|Substitute\n|\n|upkeep\n|turn|11\n|\n|t:|1781392799\n|switch|p2a: Gyarados|Gyarados, L79, F|280/280\n|-ability|p2a: Gyarados|Intimidate|boost\n|-unboost|p1a: Moltres|atk|1\n|move|p1a: Moltres|Fire Blast|p2a: Gyarados\n|-resisted|p2a: Gyarados\n|-damage|p2a: Gyarados|218/280\n|\n|upkeep\n|turn|12\n|\n|t:|1781392805\n|switch|p1a: Meganium|Meganium, L90, F|290/290\n|move|p2a: Gyarados|Dragon Dance|p2a: Gyarados\n|-boost|p2a: Gyarados|atk|1\n|-boost|p2a: Gyarados|spe|1\n|\n|upkeep\n|turn|13\n|\n|t:|1781392810\n|move|p2a: Gyarados|Temper Flare|p1a: Meganium\n|-supereffective|p1a: Meganium\n|-damage|p1a: Meganium|154/290\n|move|p1a: Meganium|Petal Blizzard|p2a: Gyarados\n|-damage|p2a: Gyarados|97/280\n|\n|-heal|p1a: Meganium|172/290|[from] item: Leftovers\n|upkeep\n|turn|14\n|\n|t:|1781392817\n|move|p2a: Gyarados|Temper Flare|p1a: Meganium\n|-supereffective|p1a: Meganium\n|-damage|p1a: Meganium|20/290\n|move|p1a: Meganium|Petal Blizzard|p2a: Gyarados\n|-damage|p2a: Gyarados|0 fnt\n|faint|p2a: Gyarados\n|\n|-heal|p1a: Meganium|38/290|[from] item: Leftovers\n|upkeep\n|\n|t:|1781392829\n|switch|p2a: Jumpluff|Jumpluff, L87, F|34/271\n|turn|15\n|\n|t:|1781392831\n|switch|p1a: Perrserker|Perrserker, L89, F|269/269\n|move|p2a: Jumpluff|Strength Sap|p1a: Perrserker\n|-unboost|p1a: Perrserker|atk|1\n|-heal|p2a: Jumpluff|271/271\n|\n|upkeep\n|turn|16\n|\n|t:|1781392837\n|move|p2a: Jumpluff|Acrobatics|p1a: Perrserker\n|-resisted|p1a: Perrserker\n|-damage|p1a: Perrserker|236/269\n|move|p1a: Perrserker|U-turn|p2a: Jumpluff\n|-damage|p2a: Jumpluff|178/271\n|\n|t:|1781392839\n|switch|p1a: Moltres|Moltres, L81|122/278|[from] U-turn\n|\n|upkeep\n|turn|17\n|\n|t:|1781392843\n|move|p2a: Jumpluff|Substitute|p2a: Jumpluff\n|-start|p2a: Jumpluff|Substitute\n|-damage|p2a: Jumpluff|111/271\n|move|p1a: Moltres|Roost|p1a: Moltres\n|-heal|p1a: Moltres|261/278\n|-singleturn|p1a: Moltres|move: Roost\n|\n|upkeep\n|turn|18\n|\n|t:|1781392847\n|move|p2a: Jumpluff|Leech Seed|p1a: Moltres\n|-start|p1a: Moltres|move: Leech Seed\n|move|p1a: Moltres|Brave Bird|p2a: Jumpluff\n|-supereffective|p2a: Jumpluff\n|-end|p2a: Jumpluff|Substitute\n|-damage|p1a: Moltres|239/278|[from] Recoil|[of] p2a: Jumpluff\n|\n|-damage|p1a: Moltres|205/278|[from] Leech Seed|[of] p2a: Jumpluff\n|-heal|p2a: Jumpluff|145/271|[silent]\n|upkeep\n|turn|19\n|\n|t:|1781392851\n|switch|p1a: Perrserker|Perrserker, L89, F|236/269\n|move|p2a: Jumpluff|Substitute|p2a: Jumpluff\n|-start|p2a: Jumpluff|Substitute\n|-damage|p2a: Jumpluff|78/271\n|\n|upkeep\n|turn|20\n|\n|t:|1781392854\n|move|p2a: Jumpluff|Strength Sap|p1a: Perrserker\n|-unboost|p1a: Perrserker|atk|1\n|-heal|p2a: Jumpluff|271/271\n|move|p1a: Perrserker|U-turn|p2a: Jumpluff\n|-end|p2a: Jumpluff|Substitute\n|\n|t:|1781392857\n|switch|p1a: Moltres|Moltres, L81|205/278|[from] U-turn\n|\n|upkeep\n|turn|21\n|\n|t:|1781392862\n|switch|p2a: Slaking|Slaking, L84, F|389/389\n|move|p1a: Moltres|Brave Bird|p2a: Slaking\n|-damage|p2a: Slaking|280/389\n|-damage|p1a: Moltres|169/278|[from] Recoil\n|\n|upkeep\n|turn|22\n|\n|t:|1781392870\n|switch|p1a: Meganium|Meganium, L90, F|38/290\n|move|p2a: Slaking|Double-Edge|p1a: Meganium\n|-damage|p1a: Meganium|0 fnt\n|faint|p1a: Meganium\n|-damage|p2a: Slaking|267/389|[from] Recoil\n|\n|upkeep\n|\n|t:|1781392880\n|switch|p1a: Slither Wing|Slither Wing, L81|270/270\n|turn|23\n|\n|t:|1781392886\n|switch|p2a: Slowbro|Slowbro-Galar, L87, M|127/307\n|move|p1a: Slither Wing|Close Combat|p2a: Slowbro\n|-resisted|p2a: Slowbro\n|-damage|p2a: Slowbro|79/307\n|-unboost|p1a: Slither Wing|def|1\n|-unboost|p1a: Slither Wing|spd|1\n|-damage|p1a: Slither Wing|243/270|[from] item: Life Orb\n|\n|upkeep\n|turn|24\n|\n|t:|1781392901\n|switch|p2a: Jumpluff|Jumpluff, L87, F|271/271\n|move|p1a: Slither Wing|U-turn|p2a: Jumpluff\n|-damage|p2a: Jumpluff|149/271\n|-damage|p1a: Slither Wing|216/270|[from] item: Life Orb\n|\n|t:|1781392906\n|-end|p1a: Slither Wing|Protosynthesis|[silent]\n|switch|p1a: Moltres|Moltres, L81|169/278|[from] U-turn\n|\n|upkeep\n|turn|25\n|\n|t:|1781392909\n|switch|p2a: Slaking|Slaking, L84, F|267/389\n|move|p1a: Moltres|Brave Bird|p2a: Slaking\n|-damage|p2a: Slaking|161/389\n|-damage|p1a: Moltres|134/278|[from] Recoil\n|\n|upkeep\n|turn|26\n|\n|t:|1781392915\n|switch|p1a: Flygon|Flygon, L82, F|148/265\n|move|p2a: Slaking|Knock Off|p1a: Flygon\n|-damage|p1a: Flygon|0 fnt\n|-enditem|p1a: Flygon|Choice Band|[from] move: Knock Off|[of] p2a: Slaking\n|faint|p1a: Flygon\n|\n|upkeep\n|\n|t:|1781392919\n|switch|p1a: Perrserker|Perrserker, L89, F|236/269\n|turn|27\n|\n|t:|1781392927\n|cant|p2a: Slaking|ability: Truant\n|move|p1a: Perrserker|Iron Head|p2a: Slaking\n|-damage|p2a: Slaking|0 fnt\n|faint|p2a: Slaking\n|\n|upkeep\n|\n|t:|1781392935\n|switch|p2a: Zebstrika|Zebstrika, L87, M|272/272\n|turn|28\n|\n|t:|1781392943\n|switch|p1a: Pikachu|Pikachu-World, L93, F|216/216\n|move|p2a: Zebstrika|Overheat|p1a: Pikachu\n|-damage|p1a: Pikachu|77/216\n|-unboost|p2a: Zebstrika|spa|2\n|-damage|p2a: Zebstrika|245/272|[from] item: Life Orb\n|\n|upkeep\n|turn|29\n|\n|t:|1781392950\n|move|p1a: Pikachu|Fake Out|p2a: Zebstrika\n|-crit|p2a: Zebstrika\n|-damage|p2a: Zebstrika|164/272\n|cant|p2a: Zebstrika|flinch\n|\n|upkeep\n|turn|30\n|\n|t:|1781392954\n|switch|p1a: Slither Wing|Slither Wing, L81|216/270\n|move|p2a: Zebstrika|High Horsepower|p1a: Slither Wing\n|-resisted|p1a: Slither Wing\n|-damage|p1a: Slither Wing|159/270\n|-damage|p2a: Zebstrika|137/272|[from] item: Life Orb\n|\n|upkeep\n|turn|31\n|\n|t:|1781392965\n|switch|p2a: Slowbro|Slowbro-Galar, L87, M|181/307\n|move|p1a: Slither Wing|First Impression|p2a: Slowbro\n|-damage|p2a: Slowbro|41/307\n|-damage|p1a: Slither Wing|132/270|[from] item: Life Orb\n|\n|upkeep\n|turn|32\n|\n|t:|1781392977\n|move|p1a: Slither Wing|U-turn|p2a: Slowbro\n|-damage|p2a: Slowbro|0 fnt\n|faint|p2a: Slowbro\n|-damage|p1a: Slither Wing|105/270|[from] item: Life Orb\n|\n|t:|1781392980\n|-end|p1a: Slither Wing|Protosynthesis|[silent]\n|switch|p1a: Perrserker|Perrserker, L89, F|236/269|[from] U-turn\n|\n|upkeep\n|\n|t:|1781392984\n|switch|p2a: Zebstrika|Zebstrika, L87, M|137/272\n|turn|33\n|\n|t:|1781392992\n|switch|p1a: Pikachu|Pikachu-World, L93, F|77/216\n|move|p2a: Zebstrika|Overheat|p1a: Pikachu\n|-damage|p1a: Pikachu|0 fnt\n|-unboost|p2a: Zebstrika|spa|2\n|faint|p1a: Pikachu\n|-damage|p2a: Zebstrika|110/272|[from] item: Life Orb\n|\n|upkeep\n|\n|t:|1781392996\n|switch|p1a: Slither Wing|Slither Wing, L81|105/270\n|turn|34\n|\n|t:|1781393018\n|switch|p2a: Jumpluff|Jumpluff, L87, F|149/271\n|move|p1a: Slither Wing|First Impression|p2a: Jumpluff\n|-damage|p2a: Jumpluff|0 fnt\n|faint|p2a: Jumpluff\n|-damage|p1a: Slither Wing|78/270|[from] item: Life Orb\n|\n|upkeep\n|\n|t:|1781393021\n|switch|p2a: Zebstrika|Zebstrika, L87, M|110/272\n|turn|35\n|\n|t:|1781393024\n|-end|p1a: Slither Wing|Protosynthesis|[silent]\n|switch|p1a: Moltres|Moltres, L81|134/278\n|move|p2a: Zebstrika|Supercell Slam|p1a: Moltres\n|-supereffective|p1a: Moltres\n|-damage|p1a: Moltres|0 fnt\n|faint|p1a: Moltres\n|-damage|p2a: Zebstrika|83/272|[from] item: Life Orb\n|\n|upkeep\n|\n|t:|1781393027\n|switch|p1a: Slither Wing|Slither Wing, L81|78/270\n|turn|36\n|\n|t:|1781393036\n|move|p1a: Slither Wing|First Impression|p2a: Zebstrika\n|-damage|p2a: Zebstrika|0 fnt\n|faint|p2a: Zebstrika\n|-damage|p1a: Slither Wing|51/270|[from] item: Life Orb\n|\n|upkeep\n|\n|t:|1781393037\n|switch|p2a: Darkrai|Darkrai, L77|234/234\n|turn|37\n|\n|t:|1781393044\n|-terastallize|p2a: Darkrai|Poison\n|move|p2a: Darkrai|Nasty Plot|p2a: Darkrai\n|-boost|p2a: Darkrai|spa|2\n|move|p1a: Slither Wing|U-turn|p2a: Darkrai\n|-resisted|p2a: Darkrai\n|-damage|p2a: Darkrai|176/234\n|-damage|p1a: Slither Wing|24/270|[from] item: Life Orb\n|\n|t:|1781393047\n|-end|p1a: Slither Wing|Protosynthesis|[silent]\n|switch|p1a: Perrserker|Perrserker, L89, F|236/269|[from] U-turn\n|\n|upkeep\n|turn|38\n|\n|t:|1781393055\n|-terastallize|p1a: Perrserker|Fighting\n|move|p2a: Darkrai|Sludge Bomb|p1a: Perrserker\n|-damage|p1a: Perrserker|0 fnt\n|faint|p1a: Perrserker\n|-damage|p2a: Darkrai|153/234|[from] item: Life Orb\n|\n|upkeep\n|-message|Matuidi14 forfeited.\n|\n|win|Node\n|raw|Matuidi14's rating: 2153 &rarr; <strong>2133</strong><br />(-20 for losing)\n|raw|Node's rating: 2159 &rarr; <strong>2179</strong><br />(+20 for winning)\n|l|\u2606Matuidi14\n|player|p1|\n", "inputlog": ">version a8376a258c1d4662feba110a92103f3664a72141\n>start {\"formatid\":\"gen9randombattle\",\"seed\":\"sodium,44731a989c1bb198f3b6acf689dbe5db\",\"rated\":\"Rated battle\"}\n>player p1 {\"name\":\"Matuidi14\",\"avatar\":\"clown\",\"rating\":2153,\"seed\":\"sodium,085d8882e5d640c3747e97695e8604c6\"}\n>player p2 {\"name\":\"Node\",\"avatar\":\"#rbtt9phantoms2\",\"rating\":2159,\"seed\":\"sodium,bce8a818eb3e46fe7d2875ae017a0878\"}\n>p1 move earthquake\n>p2 move psychic\n>p1 move earthquake\n>p2 switch 2\n>p1 switch 5\n>p2 move substitute\n>p1 move bravebird\n>p2 move leechseed\n>p1 switch 4\n>p2 move substitute\n>p1 move uturn\n>p2 move strengthsap\n>p1 switch 4\n>p1 move bravebird\n>p2 move substitute\n>p1 move bravebird\n>p2 move substitute\n>p1 move bravebird\n>p2 move strengthsap\n>p1 move fireblast\n>p2 move substitute\n>p1 move fireblast\n>p2 switch 6\n>p1 switch 6\n>p2 move dragondance\n>p1 move petalblizzard\n>p2 move temperflare\n>p1 move petalblizzard\n>p2 move temperflare\n>p2 switch 6\n>p1 switch 4\n>p2 move strengthsap\n>p1 move uturn\n>p2 move acrobatics\n>p1 switch 6\n>p1 move roost\n>p2 move substitute\n>p1 move bravebird\n>p2 move leechseed\n>p1 switch 6\n>p2 move substitute\n>p1 move uturn\n>p2 move strengthsap\n>p1 switch 6\n>p1 move bravebird\n>p2 switch 5\n>p1 switch 4\n>p2 move doubleedge\n>p1 switch 3\n>p1 move closecombat\n>p2 switch 2\n>p1 move uturn\n>p2 switch 5\n>p1 switch 4\n>p1 move bravebird\n>p2 switch 2\n>p1 switch 5\n>p2 move knockoff\n>p1 switch 6\n>p1 move ironhead\n>p2 move knockoff\n>p2 switch 4\n>p1 switch 2\n>p2 move overheat\n>p1 move fakeout\n>p2 move highhorsepower\n>p1 switch 4\n>p2 move highhorsepower\n>p1 move firstimpression\n>p2 switch 5\n>p1 move uturn\n>p2 move surf\n>p1 switch 2\n>p2 switch 5\n>p1 switch 4\n>p2 move overheat\n>p1 switch 2\n>p1 move firstimpression\n>p2 switch 2\n>p2 switch 2\n>p1 switch 5\n>p2 move supercellslam\n>p1 switch 5\n>p1 move firstimpression\n>p2 move voltswitch\n>p2 switch 3\n>p1 move uturn\n>p2 move nastyplot terastallize\n>p1 switch 4\n>p1 move ironhead terastallize\n>p2 move sludgebomb\n>forcelose p1", "uploadtime": 1781392721, "views": 5, "formatid": "gen9randombattle", "rating": 2133, "private": 0, "password": null}