{"id": "gen9randombattle-2631814060", "format": "[Gen 9] Random Battle", "players": ["megamon20xx", "wtfjim"], "log": "|j|\u2606megamon20xx\n|j|\u2606wtfjim\n|t:|1781443472\n|gametype|singles\n|player|p1|megamon20xx|plasmagrunt-gen5bw|1472\n|player|p2|wtfjim|2|1510\n|gen|9\n|tier|[Gen 9] Random Battle\n|rated|\n|rule|Species Clause: Limit one of each Pok\u00e9mon\n|rule|HP Percentage Mod: HP is shown in percentages\n|rule|Sleep Clause Mod: Limit one foe put to sleep\n|rule|Illusion Level Mod: Illusion disguises the Pok\u00e9mon's true level\n|\n|t:|1781443472\n|teamsize|p1|6\n|teamsize|p2|6\n|start\n|switch|p1a: Arceus|Arceus-Dragon, L71|288/288\n|switch|p2a: Glalie|Glalie, L96, M|309/309\n|turn|1\n|\n|t:|1781443484\n|switch|p1a: Magnezone|Magnezone, L85|258/258\n|move|p2a: Glalie|Freeze-Dry|p1a: Magnezone\n|-resisted|p1a: Magnezone\n|-damage|p1a: Magnezone|229/258\n|\n|upkeep\n|turn|2\n|\n|t:|1781443503\n|switch|p2a: Snorlax|Snorlax, L82, F|397/397\n|switch|p1a: Exeggutor|Exeggutor, L89, M|312/312\n|\n|upkeep\n|turn|3\n|\n|t:|1781443510\n|move|p1a: Exeggutor|Leech Seed|p2a: Snorlax\n|-start|p2a: Snorlax|move: Leech Seed\n|move|p2a: Snorlax|Crunch|p1a: Exeggutor\n|-supereffective|p1a: Exeggutor\n|-damage|p1a: Exeggutor|190/312\n|\n|-damage|p2a: Snorlax|348/397|[from] Leech Seed|[of] p1a: Exeggutor\n|-heal|p1a: Exeggutor|239/312|[silent]\n|upkeep\n|turn|4\n|\n|t:|1781443523\n|switch|p2a: Glalie|Glalie, L96, M|309/309\n|move|p1a: Exeggutor|Substitute|p1a: Exeggutor\n|-start|p1a: Exeggutor|Substitute\n|-damage|p1a: Exeggutor|161/312\n|\n|upkeep\n|turn|5\n|\n|t:|1781443532\n|move|p2a: Glalie|Freeze-Dry|p1a: Exeggutor\n|-supereffective|p1a: Exeggutor\n|-end|p1a: Exeggutor|Substitute\n|move|p1a: Exeggutor|Leech Seed|p2a: Glalie\n|-start|p2a: Glalie|move: Leech Seed\n|\n|-damage|p2a: Glalie|271/309|[from] Leech Seed|[of] p1a: Exeggutor\n|-heal|p1a: Exeggutor|199/312|[silent]\n|upkeep\n|turn|6\n|\n|t:|1781443541\n|move|p1a: Exeggutor|Protect|p1a: Exeggutor\n|-singleturn|p1a: Exeggutor|Protect\n|move|p2a: Glalie|Taunt|p1a: Exeggutor\n|-activate|p1a: Exeggutor|move: Protect\n|\n|-damage|p2a: Glalie|233/309|[from] Leech Seed|[of] p1a: Exeggutor\n|-heal|p1a: Exeggutor|237/312|[silent]\n|upkeep\n|turn|7\n|\n|t:|1781443554\n|move|p2a: Glalie|Taunt|p1a: Exeggutor\n|-start|p1a: Exeggutor|move: Taunt\n|move|p1a: Exeggutor|Psychic Noise|p2a: Glalie\n|-damage|p2a: Glalie|139/309\n|-start|p2a: Glalie|move: Heal Block\n|\n|-damage|p2a: Glalie|101/309|[from] Leech Seed|[of] p1a: Exeggutor\n|-heal|p1a: Exeggutor|275/312|[silent]\n|upkeep\n|turn|8\n|\n|t:|1781443565\n|move|p2a: Glalie|Freeze-Dry|p1a: Exeggutor\n|-supereffective|p1a: Exeggutor\n|-damage|p1a: Exeggutor|105/312\n|-enditem|p1a: Exeggutor|Sitrus Berry|[eat]\n|-heal|p1a: Exeggutor|183/312|[from] item: Sitrus Berry\n|move|p1a: Exeggutor|Psychic Noise|p2a: Glalie\n|-damage|p2a: Glalie|0 fnt\n|faint|p2a: Glalie\n|\n|-item|p1a: Exeggutor|Sitrus Berry|[from] ability: Harvest\n|upkeep\n|\n|t:|1781443584\n|switch|p2a: Grumpig|Grumpig, L92, M|297/297\n|turn|9\n|\n|t:|1781443592\n|switch|p1a: Magnezone|Magnezone, L85|229/258\n|-terastallize|p2a: Grumpig|Ghost\n|move|p2a: Grumpig|Shadow Ball|p1a: Magnezone\n|-damage|p1a: Magnezone|165/258\n|\n|upkeep\n|turn|10\n|\n|t:|1781443602\n|switch|p2a: Rhyperior|Rhyperior, L82, M|323/323\n|move|p1a: Magnezone|Volt Switch|p2a: Rhyperior\n|-immune|p2a: Rhyperior\n|\n|upkeep\n|turn|11\n|\n|t:|1781443609\n|switch|p1a: Hippowdon|Hippowdon, L82, M|311/311\n|-weather|Sandstorm|[from] ability: Sand Stream|[of] p1a: Hippowdon\n|move|p2a: Rhyperior|Megahorn|p1a: Hippowdon\n|-damage|p1a: Hippowdon|218/311\n|\n|-weather|Sandstorm|[upkeep]\n|-heal|p1a: Hippowdon|237/311|[from] item: Leftovers\n|upkeep\n|turn|12\n|\n|t:|1781443618\n|switch|p2a: Exeggutor|Exeggutor, L89, M|312/312\n|move|p1a: Hippowdon|Curse|p1a: Hippowdon\n|-unboost|p1a: Hippowdon|spe|1\n|-boost|p1a: Hippowdon|atk|1\n|-boost|p1a: Hippowdon|def|1\n|\n|-weather|Sandstorm|[upkeep]\n|-damage|p2a: Exeggutor|293/312|[from] Sandstorm\n|-heal|p1a: Hippowdon|256/311|[from] item: Leftovers\n|upkeep\n|turn|13\n|\n|t:|1781443628\n|switch|p1a: Arceus|Arceus-Dragon, L71|288/288\n|move|p2a: Exeggutor|Substitute|p2a: Exeggutor\n|-start|p2a: Exeggutor|Substitute\n|-damage|p2a: Exeggutor|215/312\n|\n|-weather|Sandstorm|[upkeep]\n|-damage|p1a: Arceus|270/288|[from] Sandstorm\n|-damage|p2a: Exeggutor|196/312|[from] Sandstorm\n|upkeep\n|turn|14\n|\n|t:|1781443638\n|move|p1a: Arceus|Dragon Dance|p1a: Arceus\n|-boost|p1a: Arceus|atk|1\n|-boost|p1a: Arceus|spe|1\n|move|p2a: Exeggutor|Psyshock|p1a: Arceus\n|-damage|p1a: Arceus|156/288\n|\n|-weather|Sandstorm|[upkeep]\n|-damage|p1a: Arceus|138/288|[from] Sandstorm\n|-damage|p2a: Exeggutor|177/312|[from] Sandstorm\n|upkeep\n|turn|15\n|\n|t:|1781443646\n|move|p1a: Arceus|Flare Blitz|p2a: Exeggutor\n|-supereffective|p2a: Exeggutor\n|-end|p2a: Exeggutor|Substitute\n|-damage|p1a: Arceus|112/288|[from] Recoil|[of] p2a: Exeggutor\n|move|p2a: Exeggutor|Psyshock|p1a: Arceus\n|-damage|p1a: Arceus|9/288\n|\n|-weather|none\n|upkeep\n|turn|16\n|\n|t:|1781443661\n|switch|p2a: Rhyperior|Rhyperior, L82, M|323/323\n|move|p1a: Arceus|Outrage|p2a: Rhyperior\n|-damage|p2a: Rhyperior|172/323\n|\n|upkeep\n|turn|17\n|\n|t:|1781443667\n|move|p1a: Arceus|Outrage|p2a: Rhyperior|[from] lockedmove\n|-damage|p2a: Rhyperior|25/323\n|-start|p1a: Arceus|confusion|[fatigue]\n|move|p2a: Rhyperior|Earthquake|p1a: Arceus\n|-damage|p1a: Arceus|0 fnt\n|faint|p1a: Arceus\n|\n|upkeep\n|\n|t:|1781443672\n|switch|p1a: Kingdra|Kingdra, L84, M|263/263\n|turn|18\n|\n|t:|1781443678\n|move|p1a: Kingdra|Dragon Dance|p1a: Kingdra\n|-boost|p1a: Kingdra|atk|1\n|-boost|p1a: Kingdra|spe|1\n|move|p2a: Rhyperior|Earthquake|p1a: Kingdra\n|-damage|p1a: Kingdra|146/263\n|\n|upkeep\n|turn|19\n|\n|t:|1781443684\n|move|p1a: Kingdra|Iron Head|p2a: Rhyperior\n|-supereffective|p2a: Rhyperior\n|-damage|p2a: Rhyperior|0 fnt\n|faint|p2a: Rhyperior\n|\n|upkeep\n|\n|t:|1781443691\n|switch|p2a: Pecharunt|Pecharunt, L77|262/262\n|turn|20\n|\n|t:|1781443695\n|-terastallize|p1a: Kingdra|Steel\n|move|p1a: Kingdra|Dragon Dance|p1a: Kingdra\n|-boost|p1a: Kingdra|atk|1\n|-boost|p1a: Kingdra|spe|1\n|move|p2a: Pecharunt|Malignant Chain|p1a: Kingdra\n|-immune|p1a: Kingdra\n|\n|upkeep\n|turn|21\n|\n|t:|1781443705\n|move|p1a: Kingdra|Outrage|p2a: Pecharunt\n|-damage|p2a: Pecharunt|108/262\n|move|p2a: Pecharunt|Parting Shot|p1a: Kingdra\n|-unboost|p1a: Kingdra|atk|1\n|-unboost|p1a: Kingdra|spa|1\n|\n|t:|1781443712\n|switch|p2a: Snorlax|Snorlax, L82, F|348/397|[from] Parting Shot\n|\n|-heal|p2a: Snorlax|372/397|[from] item: Leftovers\n|upkeep\n|turn|22\n|\n|t:|1781443718\n|move|p1a: Kingdra|Outrage|p2a: Snorlax|[from] lockedmove\n|-damage|p2a: Snorlax|135/397\n|move|p2a: Snorlax|Earthquake|p1a: Kingdra\n|-supereffective|p1a: Kingdra\n|-damage|p1a: Kingdra|12/263\n|\n|-heal|p2a: Snorlax|159/397|[from] item: Leftovers\n|upkeep\n|turn|23\n|\n|t:|1781443726\n|move|p1a: Kingdra|Outrage|p2a: Snorlax|[from] lockedmove\n|-damage|p2a: Snorlax|0 fnt\n|faint|p2a: Snorlax\n|-start|p1a: Kingdra|confusion|[fatigue]\n|-enditem|p1a: Kingdra|Lum Berry|[eat]\n|-end|p1a: Kingdra|confusion\n|\n|upkeep\n|\n|t:|1781443734\n|switch|p2a: Grumpig|Grumpig, L92, M, tera:Ghost|297/297\n|turn|24\n|\n|t:|1781443738\n|move|p1a: Kingdra|Outrage|p2a: Grumpig\n|-damage|p2a: Grumpig|77/297\n|move|p2a: Grumpig|Shadow Ball|p1a: Kingdra\n|-damage|p1a: Kingdra|0 fnt\n|faint|p1a: Kingdra\n|\n|upkeep\n|\n|t:|1781443742\n|switch|p1a: Emboar|Emboar, L84, M|322/322\n|turn|25\n|\n|t:|1781443748\n|switch|p2a: Pecharunt|Pecharunt, L77|108/262\n|move|p1a: Emboar|Knock Off|p2a: Pecharunt\n|-supereffective|p2a: Pecharunt\n|-damage|p2a: Pecharunt|0 fnt\n|-enditem|p2a: Pecharunt|Leftovers|[from] move: Knock Off|[of] p1a: Emboar\n|faint|p2a: Pecharunt\n|\n|upkeep\n|-message|wtfjim forfeited.\n|\n|win|megamon20xx\n", "inputlog": ">version a8376a258c1d4662feba110a92103f3664a72141\n>start {\"formatid\":\"gen9randombattle\",\"seed\":\"sodium,4fa8324172f8967e2a6a65c108dda3b2\",\"rated\":\"Rated battle\"}\n>player p1 {\"name\":\"megamon20xx\",\"avatar\":\"plasmagrunt-gen5bw\",\"rating\":1472,\"seed\":\"sodium,692afe93c2c080b333c0813310a6f475\"}\n>player p2 {\"name\":\"wtfjim\",\"avatar\":\"2\",\"rating\":1510,\"seed\":\"sodium,5d205b01f56a3196b826cd5edac33382\"}\n>p1 switch 3\n>p2 move freezedry\n>p1 switch 4\n>p2 switch 5\n>p1 move leechseed\n>p2 move crunch\n>p1 move substitute\n>p2 switch 5\n>p1 move leechseed\n>p2 move freezedry\n>p1 move protect\n>p2 move taunt\n>p1 move psychicnoise\n>p2 move taunt\n>p1 move psychicnoise\n>p2 move freezedry\n>p2 switch 3\n>p1 switch 4\n>p2 move shadowball terastallize\n>p1 move voltswitch\n>p2 switch 6\n>p1 switch 6\n>p2 move megahorn\n>p1 move curse\n>p2 switch 2\n>p1 switch 3\n>p2 move substitute\n>p1 move dragondance\n>p2 move psyshock\n>p1 move flareblitz\n>p2 move psyshock\n>p1 move outrage\n>p2 switch 2\n>p1 move outrage\n>p2 move earthquake\n>p1 switch 2\n>p1 move dragondance\n>p2 move earthquake\n>p1 move ironhead\n>p2 move earthquake\n>p2 switch 4\n>p1 move dragondance terastallize\n>p2 move malignantchain\n>p1 move outrage\n>p2 move partingshot\n>p2 switch 5\n>p1 move outrage\n>p2 move earthquake\n>p1 move outrage\n>p2 move earthquake\n>p2 switch 6\n>p1 move outrage\n>p2 move shadowball\n>p1 switch 5\n>p1 move knockoff\n>p2 switch 5\n>forcelose p2", "uploadtime": 1781443475, "views": 6, "formatid": "gen9randombattle", "rating": null, "private": 0, "password": null}