{"id": "gen9randombattle-2631750141", "format": "[Gen 9] Random Battle", "players": ["Zibabu", "Schibi"], "log": "|j|\u2606Zibabu\n|j|\u2606Schibi\n|t:|1781433565\n|gametype|singles\n|player|p1|Zibabu|101|1908\n|player|p2|Schibi|2|2009\n|gen|9\n|tier|[Gen 9] Random Battle\n|rated|\n|rule|Species Clause: Limit one of each Pok\u00e9mon\n|rule|HP Percentage Mod: HP is shown in percentages\n|rule|Sleep Clause Mod: Limit one foe put to sleep\n|rule|Illusion Level Mod: Illusion disguises the Pok\u00e9mon's true level\n|\n|t:|1781433565\n|teamsize|p1|6\n|teamsize|p2|6\n|start\n|switch|p1a: Talonflame|Talonflame, L83, F|265/265\n|switch|p2a: Ariados|Ariados, L95, F|287/287\n|turn|1\n|inactive|Battle timer is ON: inactive players will automatically lose when time's up. (requested by Zibabu)\n|\n|t:|1781433580\n|switch|p2a: Overqwil|Overqwil, L82, M|274/274\n|-ability|p2a: Overqwil|Intimidate|boost\n|-unboost|p1a: Talonflame|atk|1\n|move|p1a: Talonflame|Overheat|p2a: Overqwil\n|-damage|p2a: Overqwil|120/274\n|-unboost|p1a: Talonflame|spa|2\n|\n|upkeep\n|turn|2\n|\n|t:|1781433587\n|move|p1a: Talonflame|Will-O-Wisp|p2a: Overqwil\n|-status|p2a: Overqwil|brn\n|move|p2a: Overqwil|Swords Dance|p2a: Overqwil\n|-boost|p2a: Overqwil|atk|2\n|\n|-damage|p2a: Overqwil|103/274 brn|[from] brn\n|upkeep\n|turn|3\n|\n|t:|1781433599\n|switch|p1a: Magearna|Magearna, L77|250/250\n|move|p2a: Overqwil|Gunk Shot|p1a: Magearna\n|-immune|p1a: Magearna\n|\n|-damage|p2a: Overqwil|86/274 brn|[from] brn\n|upkeep\n|turn|4\n|\n|t:|1781433605\n|switch|p2a: Gastrodon|Gastrodon, L86, F|331/331\n|move|p1a: Magearna|Shift Gear|p1a: Magearna\n|-boost|p1a: Magearna|spe|2\n|-boost|p1a: Magearna|atk|1\n|\n|upkeep\n|turn|5\n|\n|t:|1781433616\n|move|p1a: Magearna|Calm Mind|p1a: Magearna\n|-boost|p1a: Magearna|spa|1\n|-boost|p1a: Magearna|spd|1\n|move|p2a: Gastrodon|Stealth Rock|p1a: Magearna\n|-sidestart|p1: Zibabu|move: Stealth Rock\n|\n|upkeep\n|turn|6\n|\n|t:|1781433625\n|-terastallize|p1a: Magearna|Fairy\n|move|p1a: Magearna|Calm Mind|p1a: Magearna\n|-boost|p1a: Magearna|spa|1\n|-boost|p1a: Magearna|spd|1\n|move|p2a: Gastrodon|Earthquake|p1a: Magearna\n|-damage|p1a: Magearna|163/250\n|\n|-heal|p1a: Magearna|178/250|[from] item: Leftovers\n|upkeep\n|turn|7\n|\n|t:|1781433634\n|move|p1a: Magearna|Fleur Cannon|p2a: Gastrodon\n|-damage|p2a: Gastrodon|0 fnt\n|-unboost|p1a: Magearna|spa|2\n|faint|p2a: Gastrodon\n|-ability|p1a: Magearna|Soul-Heart|boost\n|-boost|p1a: Magearna|spa|1\n|\n|-heal|p1a: Magearna|193/250|[from] item: Leftovers\n|upkeep\n|\n|t:|1781433637\n|switch|p2a: Vaporeon|Vaporeon, L86, M|364/364\n|turn|8\n|\n|t:|1781433642\n|move|p1a: Magearna|Calm Mind|p1a: Magearna\n|-boost|p1a: Magearna|spa|1\n|-boost|p1a: Magearna|spd|1\n|move|p2a: Vaporeon|Roar|p1a: Magearna\n|drag|p1a: Mesprit|Mesprit, L85|275/275\n|-damage|p1a: Mesprit|241/275|[from] Stealth Rock\n|\n|upkeep\n|turn|9\n|\n|t:|1781433648\n|switch|p2a: Overqwil|Overqwil, L82, M|86/274 brn\n|-ability|p2a: Overqwil|Intimidate|boost\n|-unboost|p1a: Mesprit|atk|1\n|move|p1a: Mesprit|Knock Off|p2a: Overqwil\n|-resisted|p2a: Overqwil\n|-damage|p2a: Overqwil|61/274 brn\n|-enditem|p2a: Overqwil|Loaded Dice|[from] move: Knock Off|[of] p1a: Mesprit\n|\n|-damage|p2a: Overqwil|44/274 brn|[from] brn\n|upkeep\n|turn|10\n|\n|t:|1781433669\n|move|p2a: Overqwil|Gunk Shot|p1a: Mesprit|[miss]\n|-miss|p2a: Overqwil|p1a: Mesprit\n|move|p1a: Mesprit|Ice Beam|p2a: Overqwil\n|-damage|p2a: Overqwil|0 fnt\n|faint|p2a: Overqwil\n|\n|upkeep\n|\n|t:|1781433683\n|switch|p2a: Ariados|Ariados, L95, F|287/287\n|turn|11\n|\n|t:|1781433690\n|move|p1a: Mesprit|Psychic Noise|p2a: Ariados\n|-supereffective|p2a: Ariados\n|-crit|p2a: Ariados\n|-damage|p2a: Ariados|5/287\n|-start|p2a: Ariados|move: Heal Block\n|move|p2a: Ariados|Megahorn|p1a: Mesprit\n|-supereffective|p1a: Mesprit\n|-damage|p1a: Mesprit|0 fnt\n|faint|p1a: Mesprit\n|\n|upkeep\n|\n|t:|1781433696\n|switch|p1a: Magearna|Magearna, L77, tera:Fairy|193/250\n|-damage|p1a: Magearna|162/250|[from] Stealth Rock\n|turn|12\n|\n|t:|1781433703\n|move|p1a: Magearna|Flash Cannon|p2a: Ariados\n|-damage|p2a: Ariados|0 fnt\n|faint|p2a: Ariados\n|-ability|p1a: Magearna|Soul-Heart|boost\n|-boost|p1a: Magearna|spa|1\n|\n|-heal|p1a: Magearna|177/250|[from] item: Leftovers\n|upkeep\n|\n|t:|1781433711\n|switch|p2a: Drifblim|Drifblim, L86, M|396/396\n|turn|13\n|\n|t:|1781433718\n|move|p2a: Drifblim|Calm Mind|p2a: Drifblim\n|-boost|p2a: Drifblim|spa|1\n|-boost|p2a: Drifblim|spd|1\n|move|p1a: Magearna|Calm Mind|p1a: Magearna\n|-boost|p1a: Magearna|spa|1\n|-boost|p1a: Magearna|spd|1\n|\n|-heal|p1a: Magearna|192/250|[from] item: Leftovers\n|upkeep\n|turn|14\n|\n|t:|1781433722\n|move|p2a: Drifblim|Shadow Ball|p1a: Magearna\n|-damage|p1a: Magearna|117/250\n|move|p1a: Magearna|Calm Mind|p1a: Magearna\n|-boost|p1a: Magearna|spa|1\n|-boost|p1a: Magearna|spd|1\n|\n|-heal|p1a: Magearna|132/250|[from] item: Leftovers\n|upkeep\n|turn|15\n|\n|t:|1781433729\n|switch|p2a: Vaporeon|Vaporeon, L86, M|364/364\n|move|p1a: Magearna|Fleur Cannon|p2a: Vaporeon\n|-damage|p2a: Vaporeon|0 fnt\n|-unboost|p1a: Magearna|spa|2\n|faint|p2a: Vaporeon\n|-ability|p1a: Magearna|Soul-Heart|boost\n|-boost|p1a: Magearna|spa|1\n|\n|-heal|p1a: Magearna|147/250|[from] item: Leftovers\n|upkeep\n|\n|t:|1781433732\n|switch|p2a: Drifblim|Drifblim, L86, M|396/396\n|turn|16\n|\n|t:|1781433736\n|move|p2a: Drifblim|Shadow Ball|p1a: Magearna\n|-damage|p1a: Magearna|107/250\n|move|p1a: Magearna|Shift Gear|p1a: Magearna\n|-boost|p1a: Magearna|spe|2\n|-boost|p1a: Magearna|atk|1\n|\n|-heal|p1a: Magearna|122/250|[from] item: Leftovers\n|upkeep\n|turn|17\n|-message|Schibi forfeited.\n|\n|win|Zibabu\n", "inputlog": ">version a8376a258c1d4662feba110a92103f3664a72141\n>start {\"formatid\":\"gen9randombattle\",\"seed\":\"sodium,7c7bfc17bb30c8b680e7ac41ebb92548\",\"rated\":\"Rated battle\"}\n>player p1 {\"name\":\"Zibabu\",\"avatar\":\"101\",\"rating\":1908,\"seed\":\"sodium,ec953059ac325eaf64ab64aca595ab0e\"}\n>player p2 {\"name\":\"Schibi\",\"avatar\":\"2\",\"rating\":2009,\"seed\":\"sodium,8e3ecad54cc066fdc5921b743b41dd06\"}\n>p1 move overheat\n>p2 switch 5\n>p1 move willowisp\n>p2 move swordsdance\n>p1 switch 6\n>p2 move gunkshot\n>p1 move shiftgear\n>p2 switch 4\n>p1 move calmmind\n>p2 move stealthrock\n>p1 move calmmind terastallize\n>p2 move earthquake\n>p1 move fleurcannon\n>p2 move earthquake\n>p2 switch 6\n>p1 move calmmind\n>p2 move roar\n>p1 move knockoff\n>p2 switch 4\n>p1 move icebeam\n>p2 move gunkshot\n>p2 switch 5\n>p1 move psychicnoise\n>p2 move megahorn\n>p1 switch 3\n>p1 move flashcannon\n>p2 move poisonjab\n>p2 switch 2\n>p1 move calmmind\n>p2 move calmmind\n>p1 move calmmind\n>p2 move shadowball\n>p1 move fleurcannon\n>p2 switch 4\n>p2 switch 4\n>p1 move shiftgear\n>p2 move shadowball\n>forcelose p2", "uploadtime": 1781433568, "views": 7, "formatid": "gen9randombattle", "rating": null, "private": 0, "password": null}