{"id": "gen9randombattle-2631514698", "format": "[Gen 9] Random Battle", "players": ["TheLudicrousLuv", "boxhero147"], "log": "|j|\u2606TheLudicrousLuv\n|j|\u2606boxhero147\n|t:|1781395020\n|gametype|singles\n|player|p1|TheLudicrousLuv|hilbert-wonderlauncher|2013\n|player|p2|boxhero147|169|2127\n|gen|9\n|tier|[Gen 9] Random Battle\n|rated|\n|rule|Species Clause: Limit one of each Pok\u00e9mon\n|rule|HP Percentage Mod: HP is shown in percentages\n|rule|Sleep Clause Mod: Limit one foe put to sleep\n|rule|Illusion Level Mod: Illusion disguises the Pok\u00e9mon's true level\n|\n|t:|1781395020\n|teamsize|p1|6\n|teamsize|p2|6\n|start\n|switch|p1a: Regigigas|Regigigas, L84|322/322\n|switch|p2a: Araquanid|Araquanid, L82, M|246/246\n|-start|p1a: Regigigas|ability: Slow Start\n|turn|1\n|inactive|Battle timer is ON: inactive players will automatically lose when time's up. (requested by TheLudicrousLuv)\n|\n|t:|1781395027\n|move|p2a: Araquanid|Sticky Web|p1a: Regigigas\n|-sidestart|p1: TheLudicrousLuv|move: Sticky Web\n|move|p1a: Regigigas|Knock Off|p2a: Araquanid\n|-damage|p2a: Araquanid|193/246\n|-enditem|p2a: Araquanid|Heavy-Duty Boots|[from] move: Knock Off|[of] p1a: Regigigas\n|\n|upkeep\n|turn|2\n|\n|t:|1781395029\n|move|p1a: Regigigas|Protect|p1a: Regigigas\n|-singleturn|p1a: Regigigas|Protect\n|move|p2a: Araquanid|Liquidation|p1a: Regigigas\n|-activate|p1a: Regigigas|move: Protect\n|\n|upkeep\n|turn|3\n|\n|t:|1781395031\n|move|p2a: Araquanid|Liquidation|p1a: Regigigas\n|-damage|p1a: Regigigas|205/322\n|-unboost|p1a: Regigigas|def|1\n|move|p1a: Regigigas|Substitute|p1a: Regigigas\n|-start|p1a: Regigigas|Substitute\n|-damage|p1a: Regigigas|125/322\n|\n|-heal|p1a: Regigigas|145/322|[from] item: Leftovers\n|upkeep\n|turn|4\n|\n|t:|1781395034\n|move|p1a: Regigigas|Protect|p1a: Regigigas\n|-singleturn|p1a: Regigigas|Protect\n|move|p2a: Araquanid|Liquidation|p1a: Regigigas\n|-activate|p1a: Regigigas|move: Protect\n|\n|-heal|p1a: Regigigas|165/322|[from] item: Leftovers\n|upkeep\n|turn|5\n|\n|t:|1781395035\n|move|p2a: Araquanid|Liquidation|p1a: Regigigas\n|-end|p1a: Regigigas|Substitute\n|move|p1a: Regigigas|Body Slam|p2a: Araquanid\n|-damage|p2a: Araquanid|130/246\n|\n|-heal|p1a: Regigigas|185/322|[from] item: Leftovers\n|-end|p1a: Regigigas|Slow Start\n|upkeep\n|turn|6\n|\n|t:|1781395037\n|move|p1a: Regigigas|Protect|p1a: Regigigas\n|-singleturn|p1a: Regigigas|Protect\n|move|p2a: Araquanid|Liquidation|p1a: Regigigas\n|-activate|p1a: Regigigas|move: Protect\n|\n|-heal|p1a: Regigigas|205/322|[from] item: Leftovers\n|upkeep\n|turn|7\n|\n|t:|1781395039\n|move|p1a: Regigigas|Body Slam|p2a: Araquanid\n|-damage|p2a: Araquanid|0 fnt\n|faint|p2a: Araquanid\n|\n|-heal|p1a: Regigigas|225/322|[from] item: Leftovers\n|upkeep\n|\n|t:|1781395047\n|switch|p2a: Delibird|Delibird, M|252/252\n|turn|8\n|\n|t:|1781395051\n|move|p1a: Regigigas|Body Slam|p2a: Delibird\n|-damage|p2a: Delibird|57/252\n|move|p2a: Delibird|Brave Bird|p1a: Regigigas\n|-damage|p1a: Regigigas|0 fnt\n|faint|p1a: Regigigas\n|-end|p1a: Regigigas|Slow Start|[silent]\n|-damage|p2a: Delibird|0 fnt|[from] Recoil\n|faint|p2a: Delibird\n|\n|upkeep\n|\n|t:|1781395058\n|switch|p1a: Lugia|Lugia, L73|275/275\n|switch|p2a: Goodra|Goodra, L85, F|292/292\n|turn|9\n|\n|t:|1781395070\n|move|p1a: Lugia|Calm Mind|p1a: Lugia\n|-boost|p1a: Lugia|spa|1\n|-boost|p1a: Lugia|spd|1\n|move|p2a: Goodra|Sludge Bomb|p1a: Lugia\n|-damage|p1a: Lugia|256/275\n|\n|upkeep\n|turn|10\n|\n|t:|1781395080\n|switch|p2a: Cryogonal|Cryogonal, L89|287/287\n|move|p1a: Lugia|Calm Mind|p1a: Lugia\n|-boost|p1a: Lugia|spa|1\n|-boost|p1a: Lugia|spd|1\n|\n|upkeep\n|turn|11\n|\n|t:|1781395083\n|move|p2a: Cryogonal|Freeze-Dry|p1a: Lugia\n|-supereffective|p1a: Lugia\n|-damage|p1a: Lugia|190/275\n|move|p1a: Lugia|Aeroblast|p2a: Cryogonal\n|-damage|p2a: Cryogonal|187/287\n|\n|upkeep\n|turn|12\n|\n|t:|1781395087\n|move|p2a: Cryogonal|Freeze-Dry|p1a: Lugia\n|-supereffective|p1a: Lugia\n|-damage|p1a: Lugia|124/275\n|move|p1a: Lugia|Recover|p1a: Lugia\n|-heal|p1a: Lugia|262/275\n|\n|upkeep\n|turn|13\n|\n|t:|1781395090\n|move|p2a: Cryogonal|Freeze-Dry|p1a: Lugia\n|-supereffective|p1a: Lugia\n|-damage|p1a: Lugia|196/275\n|move|p1a: Lugia|Aeroblast|p2a: Cryogonal\n|-damage|p2a: Cryogonal|75/287\n|\n|upkeep\n|turn|14\n|\n|t:|1781395093\n|move|p2a: Cryogonal|Freeze-Dry|p1a: Lugia\n|-supereffective|p1a: Lugia\n|-damage|p1a: Lugia|134/275\n|move|p1a: Lugia|Aeroblast|p2a: Cryogonal\n|-damage|p2a: Cryogonal|0 fnt\n|faint|p2a: Cryogonal\n|\n|upkeep\n|\n|t:|1781395103\n|switch|p2a: Florges|Florges-Orange, L85, F|271/271\n|turn|15\n|\n|t:|1781395107\n|move|p1a: Lugia|Recover|p1a: Lugia\n|-heal|p1a: Lugia|272/275\n|move|p2a: Florges|Calm Mind|p2a: Florges\n|-boost|p2a: Florges|spa|1\n|-boost|p2a: Florges|spd|1\n|\n|upkeep\n|turn|16\n|\n|t:|1781395110\n|move|p1a: Lugia|Calm Mind|p1a: Lugia\n|-boost|p1a: Lugia|spa|1\n|-boost|p1a: Lugia|spd|1\n|move|p2a: Florges|Calm Mind|p2a: Florges\n|-boost|p2a: Florges|spa|1\n|-boost|p2a: Florges|spd|1\n|\n|upkeep\n|turn|17\n|\n|t:|1781395112\n|move|p1a: Lugia|Calm Mind|p1a: Lugia\n|-boost|p1a: Lugia|spa|1\n|-boost|p1a: Lugia|spd|1\n|move|p2a: Florges|Calm Mind|p2a: Florges\n|-boost|p2a: Florges|spa|1\n|-boost|p2a: Florges|spd|1\n|\n|upkeep\n|turn|18\n|\n|t:|1781395114\n|move|p1a: Lugia|Calm Mind|p1a: Lugia\n|-boost|p1a: Lugia|spa|1\n|-boost|p1a: Lugia|spd|1\n|move|p2a: Florges|Calm Mind|p2a: Florges\n|-boost|p2a: Florges|spa|1\n|-boost|p2a: Florges|spd|1\n|\n|upkeep\n|turn|19\n|\n|t:|1781395116\n|move|p1a: Lugia|Calm Mind|p1a: Lugia\n|-boost|p1a: Lugia|spa|1\n|-boost|p1a: Lugia|spd|1\n|move|p2a: Florges|Calm Mind|p2a: Florges\n|-boost|p2a: Florges|spa|1\n|-boost|p2a: Florges|spd|1\n|\n|upkeep\n|turn|20\n|\n|t:|1781395119\n|move|p1a: Lugia|Aeroblast|p2a: Florges\n|-damage|p2a: Florges|217/271\n|move|p2a: Florges|Calm Mind|p2a: Florges\n|-boost|p2a: Florges|spa|1\n|-boost|p2a: Florges|spd|1\n|\n|-heal|p2a: Florges|233/271|[from] item: Leftovers\n|upkeep\n|turn|21\n|\n|t:|1781395122\n|move|p1a: Lugia|Recover|p1a: Lugia\n|-heal|p1a: Lugia|275/275\n|move|p2a: Florges|Moonblast|p1a: Lugia\n|-damage|p1a: Lugia|233/275\n|\n|-heal|p2a: Florges|249/271|[from] item: Leftovers\n|upkeep\n|turn|22\n|\n|t:|1781395124\n|move|p1a: Lugia|Aeroblast|p2a: Florges\n|-damage|p2a: Florges|201/271\n|move|p2a: Florges|Moonblast|p1a: Lugia\n|-damage|p1a: Lugia|139/275\n|\n|-heal|p2a: Florges|217/271|[from] item: Leftovers\n|upkeep\n|turn|23\n|\n|t:|1781395128\n|move|p1a: Lugia|Recover|p1a: Lugia\n|-heal|p1a: Lugia|275/275\n|move|p2a: Florges|Moonblast|p1a: Lugia\n|-damage|p1a: Lugia|230/275\n|\n|-heal|p2a: Florges|233/271|[from] item: Leftovers\n|upkeep\n|turn|24\n|\n|t:|1781395132\n|move|p1a: Lugia|Aeroblast|p2a: Florges\n|-damage|p2a: Florges|185/271\n|move|p2a: Florges|Moonblast|p1a: Lugia\n|-damage|p1a: Lugia|146/275\n|-unboost|p1a: Lugia|spa|1\n|\n|-heal|p2a: Florges|201/271|[from] item: Leftovers\n|upkeep\n|turn|25\n|\n|t:|1781395135\n|move|p1a: Lugia|Recover|p1a: Lugia\n|-heal|p1a: Lugia|275/275\n|move|p2a: Florges|Moonblast|p1a: Lugia\n|-damage|p1a: Lugia|233/275\n|\n|-heal|p2a: Florges|217/271|[from] item: Leftovers\n|upkeep\n|turn|26\n|\n|t:|1781395141\n|move|p1a: Lugia|Earth Power|p2a: Florges\n|-damage|p2a: Florges|193/271\n|move|p2a: Florges|Moonblast|p1a: Lugia\n|-damage|p1a: Lugia|152/275\n|\n|-heal|p2a: Florges|209/271|[from] item: Leftovers\n|upkeep\n|turn|27\n|\n|t:|1781395144\n|move|p1a: Lugia|Recover|p1a: Lugia\n|-heal|p1a: Lugia|275/275\n|move|p2a: Florges|Moonblast|p1a: Lugia\n|-damage|p1a: Lugia|231/275\n|-unboost|p1a: Lugia|spa|1\n|\n|-heal|p2a: Florges|225/271|[from] item: Leftovers\n|upkeep\n|turn|28\n|\n|t:|1781395148\n|move|p1a: Lugia|Calm Mind|p1a: Lugia\n|-boost|p1a: Lugia|spa|1\n|-boost|p1a: Lugia|spd|0\n|move|p2a: Florges|Moonblast|p1a: Lugia\n|-damage|p1a: Lugia|140/275\n|\n|-heal|p2a: Florges|241/271|[from] item: Leftovers\n|upkeep\n|turn|29\n|\n|t:|1781395150\n|move|p1a: Lugia|Recover|p1a: Lugia\n|-heal|p1a: Lugia|275/275\n|move|p2a: Florges|Moonblast|p1a: Lugia\n|-damage|p1a: Lugia|233/275\n|\n|-heal|p2a: Florges|257/271|[from] item: Leftovers\n|upkeep\n|turn|30\n|\n|t:|1781395153\n|move|p1a: Lugia|Calm Mind|p1a: Lugia\n|-boost|p1a: Lugia|spa|1\n|-boost|p1a: Lugia|spd|0\n|move|p2a: Florges|Moonblast|p1a: Lugia\n|-damage|p1a: Lugia|143/275\n|\n|-heal|p2a: Florges|271/271|[from] item: Leftovers\n|upkeep\n|turn|31\n|\n|t:|1781395156\n|move|p1a: Lugia|Recover|p1a: Lugia\n|-heal|p1a: Lugia|275/275\n|move|p2a: Florges|Moonblast|p1a: Lugia\n|-damage|p1a: Lugia|229/275\n|\n|upkeep\n|turn|32\n|\n|t:|1781395158\n|move|p1a: Lugia|Aeroblast|p2a: Florges|[miss]\n|-miss|p1a: Lugia|p2a: Florges\n|move|p2a: Florges|Moonblast|p1a: Lugia\n|-damage|p1a: Lugia|138/275\n|\n|upkeep\n|turn|33\n|\n|t:|1781395160\n|move|p1a: Lugia|Aeroblast|p2a: Florges\n|-damage|p2a: Florges|223/271\n|move|p2a: Florges|Moonblast|p1a: Lugia\n|-damage|p1a: Lugia|57/275\n|\n|-heal|p2a: Florges|239/271|[from] item: Leftovers\n|upkeep\n|turn|34\n|c|\u2606TheLudicrousLuv|High crit rate mind you\n|\n|t:|1781395169\n|move|p1a: Lugia|Earth Power|p2a: Florges\n|-damage|p2a: Florges|211/271\n|move|p2a: Florges|Moonblast|p1a: Lugia\n|-damage|p1a: Lugia|0 fnt\n|faint|p1a: Lugia\n|\n|-heal|p2a: Florges|227/271|[from] item: Leftovers\n|upkeep\n|c|\u2606boxhero147|bruh i feel you\n|\n|t:|1781395176\n|switch|p1a: Sneasler|Sneasler, L74, F|240/240\n|-activate|p1a: Sneasler|move: Sticky Web\n|-unboost|p1a: Sneasler|spe|1\n|-enditem|p1a: Sneasler|White Herb\n|-clearnegativeboost|p1a: Sneasler|[silent]\n|turn|35\n|c|\u2606boxhero147|i had the same thing happen to me the other day\n|\n|t:|1781395189\n|-terastallize|p2a: Florges|Steel\n|move|p1a: Sneasler|Close Combat|p2a: Florges\n|-supereffective|p2a: Florges\n|-damage|p2a: Florges|0 fnt\n|-unboost|p1a: Sneasler|def|1\n|-unboost|p1a: Sneasler|spd|1\n|faint|p2a: Florges\n|\n|upkeep\n|c|\u2606TheLudicrousLuv|Yeeees\n|\n|t:|1781395198\n|switch|p2a: Goodra|Goodra, L85, F|292/292\n|turn|36\n|\n|t:|1781395206\n|move|p1a: Sneasler|Close Combat|p2a: Goodra\n|-damage|p2a: Goodra|136/292\n|-unboost|p1a: Sneasler|def|1\n|-unboost|p1a: Sneasler|spd|1\n|move|p2a: Goodra|Draco Meteor|p1a: Sneasler\n|-damage|p1a: Sneasler|0 fnt\n|-unboost|p2a: Goodra|spa|2\n|faint|p1a: Sneasler\n|\n|upkeep\n|\n|t:|1781395208\n|switch|p1a: Dragonite|Dragonite, L74, M|257/257\n|turn|37\n|c|\u2606boxhero147|respec\n|\n|t:|1781395218\n|move|p2a: Goodra|Draco Meteor|p1a: Dragonite\n|-supereffective|p1a: Dragonite\n|-damage|p1a: Dragonite|182/257\n|-unboost|p2a: Goodra|spa|2\n|move|p1a: Dragonite|Dragon Dance|p1a: Dragonite\n|-boost|p1a: Dragonite|atk|1\n|-boost|p1a: Dragonite|spe|1\n|\n|upkeep\n|turn|38\n|\n|t:|1781395222\n|move|p1a: Dragonite|Roost|p1a: Dragonite\n|-heal|p1a: Dragonite|257/257\n|-singleturn|p1a: Dragonite|move: Roost\n|move|p2a: Goodra|Draco Meteor|p1a: Dragonite\n|-supereffective|p1a: Dragonite\n|-damage|p1a: Dragonite|202/257\n|-unboost|p2a: Goodra|spa|2\n|\n|upkeep\n|turn|39\n|\n|t:|1781395224\n|switch|p2a: Torterra|Torterra, L78, F|276/276\n|move|p1a: Dragonite|Dragon Dance|p1a: Dragonite\n|-boost|p1a: Dragonite|atk|1\n|-boost|p1a: Dragonite|spe|1\n|\n|upkeep\n|turn|40\n|\n|t:|1781395227\n|move|p1a: Dragonite|Outrage|p2a: Torterra\n|-damage|p2a: Torterra|51/276\n|move|p2a: Torterra|Shell Smash|p2a: Torterra\n|-unboost|p2a: Torterra|def|1\n|-unboost|p2a: Torterra|spd|1\n|-boost|p2a: Torterra|atk|2\n|-boost|p2a: Torterra|spa|2\n|-boost|p2a: Torterra|spe|2\n|\n|upkeep\n|turn|41\n|\n|t:|1781395230\n|move|p1a: Dragonite|Outrage|p2a: Torterra|[from] lockedmove\n|-damage|p2a: Torterra|0 fnt\n|faint|p2a: Torterra\n|-start|p1a: Dragonite|confusion|[fatigue]\n|\n|upkeep\n|\n|t:|1781395232\n|switch|p2a: Goodra|Goodra, L85, F|136/292\n|turn|42\n|c|\u2606TheLudicrousLuv|GGGGGG\n|\n|t:|1781395235\n|-activate|p1a: Dragonite|confusion\n|-damage|p1a: Dragonite|143/257|[from] confusion\n|move|p2a: Goodra|Draco Meteor|p1a: Dragonite\n|-supereffective|p1a: Dragonite\n|-damage|p1a: Dragonite|0 fnt\n|-unboost|p2a: Goodra|spa|2\n|faint|p1a: Dragonite\n|\n|upkeep\n|c|\u2606TheLudicrousLuv|Erm\n|c|\u2606boxhero147|erm\n|\n|t:|1781395242\n|switch|p1a: Mewtwo|Mewtwo, L72|272/272\n|-activate|p1a: Mewtwo|move: Sticky Web\n|-unboost|p1a: Mewtwo|spe|1\n|-ability|p1a: Mewtwo|Pressure\n|turn|43\n|\n|t:|1781395247\n|move|p2a: Goodra|Power Whip|p1a: Mewtwo\n|-damage|p1a: Mewtwo|175/272\n|move|p1a: Mewtwo|Psystrike|p2a: Goodra\n|-damage|p2a: Goodra|0 fnt\n|faint|p2a: Goodra\n|-damage|p1a: Mewtwo|148/272|[from] item: Life Orb\n|\n|win|TheLudicrousLuv\n", "inputlog": ">version a8376a258c1d4662feba110a92103f3664a72141\n>start {\"formatid\":\"gen9randombattle\",\"seed\":\"sodium,7d03c619f295202b56b7e7af3b11f79c\",\"rated\":\"Rated battle\"}\n>player p1 {\"name\":\"TheLudicrousLuv\",\"avatar\":\"hilbert-wonderlauncher\",\"rating\":2013,\"seed\":\"sodium,1f949637ebe4334bcce77d107401f5fb\"}\n>player p2 {\"name\":\"boxhero147\",\"avatar\":\"169\",\"rating\":2127,\"seed\":\"sodium,6d60eb7d4ee030d84650a1dfd89ffbf7\"}\n>p1 move knockoff\n>p2 move stickyweb\n>p1 move protect\n>p2 move liquidation\n>p1 move substitute\n>p2 move liquidation\n>p1 move protect\n>p2 move liquidation\n>p1 move bodyslam\n>p2 move liquidation\n>p1 move protect\n>p2 move liquidation\n>p1 move bodyslam\n>p2 move liquidation\n>p2 switch 2\n>p1 move bodyslam\n>p2 move bravebird\n>p1 switch 5\n>p2 switch 5\n>p1 move calmmind\n>p2 move sludgebomb\n>p1 move calmmind\n>p2 switch 4\n>p1 move aeroblast\n>p2 move freezedry\n>p1 move recover\n>p2 move freezedry\n>p1 move aeroblast\n>p2 move freezedry\n>p1 move aeroblast\n>p2 move freezedry\n>p2 switch 6\n>p1 move recover\n>p2 move calmmind\n>p1 move calmmind\n>p2 move calmmind\n>p1 move calmmind\n>p2 move calmmind\n>p1 move calmmind\n>p2 move calmmind\n>p1 move calmmind\n>p2 move calmmind\n>p1 move aeroblast\n>p2 move calmmind\n>p1 move recover\n>p2 move moonblast\n>p1 move aeroblast\n>p2 move moonblast\n>p1 move recover\n>p2 move moonblast\n>p1 move aeroblast\n>p2 move moonblast\n>p1 move recover\n>p2 move moonblast\n>p1 move earthpower\n>p2 move moonblast\n>p1 move recover\n>p2 move moonblast\n>p1 move calmmind\n>p2 move moonblast\n>p1 move recover\n>p2 move moonblast\n>p1 move calmmind\n>p2 move moonblast\n>p1 move recover\n>p2 move moonblast\n>p1 move aeroblast\n>p2 move moonblast\n>p1 move aeroblast\n>p2 move moonblast\n>chat \u2606TheLudicrousLuv|High crit rate mind you\n>p1 move earthpower\n>p2 move moonblast\n>chat \u2606boxhero147|bruh i feel you\n>p1 switch 6\n>chat \u2606boxhero147|i had the same thing happen to me the other day\n>p1 move closecombat\n>p2 move moonblast terastallize\n>chat \u2606TheLudicrousLuv|Yeeees\n>p2 switch 4\n>p1 move closecombat\n>p2 move dracometeor\n>p1 switch 3\n>chat \u2606boxhero147|respec\n>p1 move dragondance\n>p2 move dracometeor\n>p1 move roost\n>p2 move dracometeor\n>p1 move dragondance\n>p2 switch 3\n>p1 move outrage\n>p2 move shellsmash\n>p1 move outrage\n>p2 move rockblast\n>p2 switch 3\n>chat \u2606TheLudicrousLuv|GGGGGG\n>p1 move outrage\n>p2 move dracometeor\n>chat \u2606TheLudicrousLuv|Erm\n>chat \u2606boxhero147|erm\n>p1 switch 4\n>p1 move psystrike\n>p2 move powerwhip", "uploadtime": 1781395022, "views": 6, "formatid": "gen9randombattle", "rating": null, "private": 0, "password": null}