{"id": "gen9randombattle-2631959943", "format": "[Gen 9] Random Battle", "players": ["Saaskin", "TTeTyLLloK"], "log": "|j|\u2606Saaskin\n|j|\u2606TTeTyLLloK\n|t:|1781460093\n|gametype|singles\n|player|p1|Saaskin|169|1996\n|player|p2|TTeTyLLloK|bruno|1980\n|gen|9\n|tier|[Gen 9] Random Battle\n|rated|\n|rule|Species Clause: Limit one of each Pok\u00e9mon\n|rule|HP Percentage Mod: HP is shown in percentages\n|rule|Sleep Clause Mod: Limit one foe put to sleep\n|rule|Illusion Level Mod: Illusion disguises the Pok\u00e9mon's true level\n|\n|t:|1781460093\n|teamsize|p1|6\n|teamsize|p2|6\n|start\n|switch|p1a: Glaceon|Glaceon, L94, M|275/275\n|switch|p2a: Wigglytuff|Wigglytuff, L96, M|424/424\n|turn|1\n|inactive|Battle timer is ON: inactive players will automatically lose when time's up. (requested by TTeTyLLloK)\n|inactive|Saaskin also wants the timer to be on.\n|\n|t:|1781460111\n|switch|p1a: Donphan|Donphan, L84, M|288/288\n|move|p2a: Wigglytuff|Knock Off|p1a: Donphan\n|-damage|p1a: Donphan|235/288\n|-enditem|p1a: Donphan|Leftovers|[from] move: Knock Off|[of] p2a: Wigglytuff\n|\n|upkeep\n|turn|2\n|\n|t:|1781460119\n|switch|p2a: Regice|Regice, L88|284/284\n|move|p1a: Donphan|Stealth Rock|p2a: Regice\n|-sidestart|p2: TTeTyLLloK|move: Stealth Rock\n|\n|upkeep\n|turn|3\n|\n|t:|1781460135\n|switch|p1a: Glaceon|Glaceon, L94, M|275/275\n|move|p2a: Regice|Ice Beam|p1a: Glaceon\n|-resisted|p1a: Glaceon\n|-damage|p1a: Glaceon|232/275\n|\n|upkeep\n|turn|4\n|\n|t:|1781460138\n|move|p1a: Glaceon|Calm Mind|p1a: Glaceon\n|-boost|p1a: Glaceon|spa|1\n|-boost|p1a: Glaceon|spd|1\n|move|p2a: Regice|Body Press|p1a: Glaceon\n|-supereffective|p1a: Glaceon\n|-damage|p1a: Glaceon|138/275\n|\n|upkeep\n|turn|5\n|\n|t:|1781460142\n|move|p1a: Glaceon|Wish|p1a: Glaceon\n|move|p2a: Regice|Body Press|p1a: Glaceon\n|-supereffective|p1a: Glaceon\n|-damage|p1a: Glaceon|48/275\n|\n|upkeep\n|turn|6\n|\n|t:|1781460154\n|move|p1a: Glaceon|Protect|p1a: Glaceon\n|-singleturn|p1a: Glaceon|Protect\n|move|p2a: Regice|Body Press|p1a: Glaceon\n|-activate|p1a: Glaceon|move: Protect\n|\n|-heal|p1a: Glaceon|185/275|[from] move: Wish|[wisher] Glaceon\n|upkeep\n|turn|7\n|\n|t:|1781460167\n|move|p1a: Glaceon|Wish|p1a: Glaceon\n|move|p2a: Regice|Body Press|p1a: Glaceon\n|-supereffective|p1a: Glaceon\n|-damage|p1a: Glaceon|95/275\n|\n|upkeep\n|turn|8\n|\n|t:|1781460174\n|switch|p2a: Archaludon|Archaludon, L78, M|268/268\n|-damage|p2a: Archaludon|252/268|[from] Stealth Rock\n|move|p1a: Glaceon|Protect||[still]\n|-fail|p1a: Glaceon\n|\n|-heal|p1a: Glaceon|232/275|[from] move: Wish|[wisher] Glaceon\n|upkeep\n|turn|9\n|\n|t:|1781460185\n|switch|p1a: Donphan|Donphan, L84, M|235/288\n|move|p2a: Archaludon|Body Press|p1a: Donphan\n|-damage|p1a: Donphan|188/288\n|\n|upkeep\n|turn|10\n|\n|t:|1781460191\n|move|p2a: Archaludon|Draco Meteor|p1a: Donphan\n|-damage|p1a: Donphan|0 fnt\n|-unboost|p2a: Archaludon|spa|2\n|faint|p1a: Donphan\n|\n|upkeep\n|\n|t:|1781460210\n|switch|p1a: Iron Crown|Iron Crown, L78|268/268\n|turn|11\n|\n|t:|1781460226\n|move|p1a: Iron Crown|Focus Blast|p2a: Archaludon\n|-supereffective|p2a: Archaludon\n|-damage|p2a: Archaludon|18/268\n|-ability|p2a: Archaludon|Stamina|boost\n|-boost|p2a: Archaludon|def|1\n|move|p2a: Archaludon|Dragon Tail|p1a: Iron Crown\n|-resisted|p1a: Iron Crown\n|-damage|p1a: Iron Crown|239/268\n|-end|p1a: Iron Crown|Quark Drive|[silent]\n|drag|p1a: Glaceon|Glaceon, L94, M|232/275\n|\n|upkeep\n|turn|12\n|\n|t:|1781460233\n|move|p2a: Archaludon|Body Press|p1a: Glaceon\n|-supereffective|p1a: Glaceon\n|-damage|p1a: Glaceon|96/275\n|move|p1a: Glaceon|Freeze-Dry|p2a: Archaludon\n|-damage|p2a: Archaludon|0 fnt\n|faint|p2a: Archaludon\n|\n|upkeep\n|\n|t:|1781460237\n|switch|p2a: Malamar|Malamar, L82, F|275/275\n|-damage|p2a: Malamar|241/275|[from] Stealth Rock\n|turn|13\n|\n|t:|1781460245\n|switch|p1a: Iron Crown|Iron Crown, L78|239/268\n|move|p2a: Malamar|Superpower|p1a: Iron Crown\n|-damage|p1a: Iron Crown|160/268\n|-boost|p2a: Malamar|atk|1\n|-boost|p2a: Malamar|def|1\n|\n|upkeep\n|turn|14\n|\n|t:|1781460251\n|move|p1a: Iron Crown|Tachyon Cutter|p2a: Malamar\n|-damage|p2a: Malamar|144/275\n|-damage|p2a: Malamar|48/275\n|-hitcount|p2a: Malamar|2\n|move|p2a: Malamar|Knock Off|p1a: Iron Crown\n|-supereffective|p1a: Iron Crown\n|-damage|p1a: Iron Crown|0 fnt\n|-enditem|p1a: Iron Crown|Choice Specs|[from] move: Knock Off|[of] p2a: Malamar\n|faint|p1a: Iron Crown\n|-end|p1a: Iron Crown|Quark Drive|[silent]\n|\n|upkeep\n|\n|t:|1781460258\n|switch|p1a: Glaceon|Glaceon, L94, M|96/275\n|turn|15\n|\n|t:|1781460262\n|move|p1a: Glaceon|Freeze-Dry|p2a: Malamar\n|-damage|p2a: Malamar|0 fnt\n|faint|p2a: Malamar\n|\n|upkeep\n|\n|t:|1781460268\n|switch|p2a: Overqwil|Overqwil, L82, M|274/274\n|-damage|p2a: Overqwil|240/274|[from] Stealth Rock\n|-ability|p2a: Overqwil|Intimidate|boost\n|-unboost|p1a: Glaceon|atk|1\n|turn|16\n|\n|t:|1781460284\n|switch|p1a: Dodrio|Dodrio, L85, F|241/241\n|move|p2a: Overqwil|Swords Dance|p2a: Overqwil\n|-boost|p2a: Overqwil|atk|2\n|\n|upkeep\n|turn|17\n|\n|t:|1781460291\n|move|p1a: Dodrio|Brave Bird|p2a: Overqwil\n|-damage|p2a: Overqwil|110/274\n|-damage|p1a: Dodrio|198/241|[from] Recoil\n|move|p2a: Overqwil|Scale Shot|p1a: Dodrio\n|-damage|p1a: Dodrio|154/241\n|-damage|p1a: Dodrio|109/241\n|-damage|p1a: Dodrio|65/241\n|-damage|p1a: Dodrio|21/241\n|-hitcount|p1a: Dodrio|4\n|-unboost|p2a: Overqwil|def|1\n|-boost|p2a: Overqwil|spe|1\n|\n|upkeep\n|turn|18\n|\n|t:|1781460301\n|move|p2a: Overqwil|Crunch|p1a: Dodrio\n|-damage|p1a: Dodrio|0 fnt\n|faint|p1a: Dodrio\n|\n|upkeep\n|\n|t:|1781460305\n|switch|p1a: Talonflame|Talonflame, L83, M|265/265\n|turn|19\n|\n|t:|1781460331\n|switch|p2a: Regice|Regice, L88|284/284\n|move|p1a: Talonflame|Brave Bird|p2a: Regice\n|-damage|p2a: Regice|185/284\n|-damage|p1a: Talonflame|232/265|[from] Recoil\n|\n|upkeep\n|turn|20\n|\n|t:|1781460337\n|move|p1a: Talonflame|Flare Blitz|p2a: Regice\n|-supereffective|p2a: Regice\n|-damage|p2a: Regice|0 fnt\n|faint|p2a: Regice\n|-damage|p1a: Talonflame|171/265|[from] Recoil\n|\n|upkeep\n|\n|t:|1781460346\n|switch|p2a: Toxapex|Toxapex, L82, M|216/216\n|-damage|p2a: Toxapex|189/216|[from] Stealth Rock\n|turn|21\n|\n|t:|1781460354\n|move|p1a: Talonflame|Swords Dance|p1a: Talonflame\n|-boost|p1a: Talonflame|atk|2\n|move|p2a: Toxapex|Liquidation|p1a: Talonflame\n|-supereffective|p1a: Talonflame\n|-damage|p1a: Talonflame|15/265\n|\n|upkeep\n|turn|22\n|\n|t:|1781460359\n|switch|p2a: Wigglytuff|Wigglytuff, L96, M|424/424\n|-damage|p2a: Wigglytuff|371/424|[from] Stealth Rock\n|-terastallize|p1a: Talonflame|Ground\n|move|p1a: Talonflame|Tera Blast|p2a: Wigglytuff|[anim] Tera Blast Ground\n|-damage|p2a: Wigglytuff|155/424\n|\n|-heal|p2a: Wigglytuff|181/424|[from] item: Leftovers\n|upkeep\n|turn|23\n|\n|t:|1781460367\n|move|p1a: Talonflame|Tera Blast|p2a: Wigglytuff|[anim] Tera Blast Ground\n|-damage|p2a: Wigglytuff|0 fnt\n|faint|p2a: Wigglytuff\n|\n|upkeep\n|\n|t:|1781460374\n|switch|p2a: Toxapex|Toxapex, L82, M|216/216\n|-damage|p2a: Toxapex|189/216|[from] Stealth Rock\n|turn|24\n|\n|t:|1781460385\n|move|p1a: Talonflame|Brave Bird|p2a: Toxapex\n|-damage|p2a: Toxapex|47/216\n|-damage|p1a: Talonflame|0 fnt|[from] item: Rocky Helmet|[of] p2a: Toxapex\n|faint|p1a: Talonflame\n|move|p2a: Toxapex|Liquidation|p1: Talonflame|[notarget]\n|-fail|p2a: Toxapex\n|\n|upkeep\n|\n|t:|1781460391\n|switch|p1a: Glaceon|Glaceon, L94, M|96/275\n|turn|25\n|\n|t:|1781460394\n|move|p1a: Glaceon|Freeze-Dry|p2a: Toxapex\n|-supereffective|p2a: Toxapex\n|-damage|p2a: Toxapex|0 fnt\n|faint|p2a: Toxapex\n|\n|upkeep\n|\n|t:|1781460396\n|switch|p2a: Overqwil|Overqwil, L82, M|110/274\n|-damage|p2a: Overqwil|76/274|[from] Stealth Rock\n|-ability|p2a: Overqwil|Intimidate|boost\n|-unboost|p1a: Glaceon|atk|1\n|turn|26\n|\n|t:|1781460399\n|-terastallize|p2a: Overqwil|Dragon\n|move|p2a: Overqwil|Scale Shot|p1a: Glaceon\n|-damage|p1a: Glaceon|74/275\n|-damage|p1a: Glaceon|53/275\n|-damage|p1a: Glaceon|32/275\n|-damage|p1a: Glaceon|11/275\n|-hitcount|p1a: Glaceon|4\n|-unboost|p2a: Overqwil|def|1\n|-boost|p2a: Overqwil|spe|1\n|move|p1a: Glaceon|Freeze-Dry|p2a: Overqwil\n|-supereffective|p2a: Overqwil\n|-damage|p2a: Overqwil|0 fnt\n|faint|p2a: Overqwil\n|\n|win|Saaskin\n|raw|Saaskin's rating: 1996 &rarr; <strong>2015</strong><br />(+19 for winning)\n|raw|TTeTyLLloK's rating: 1980 &rarr; <strong>1961</strong><br />(-19 for losing)\n", "inputlog": ">version a8376a258c1d4662feba110a92103f3664a72141\n>start {\"formatid\":\"gen9randombattle\",\"seed\":\"sodium,9c6536fb3af6da0a4385b1fb38e02f14\",\"rated\":\"Rated battle\"}\n>player p1 {\"name\":\"Saaskin\",\"avatar\":\"169\",\"rating\":1996,\"seed\":\"sodium,256844cc8701188ea7f2ab0fa3b2a8ba\"}\n>player p2 {\"name\":\"TTeTyLLloK\",\"avatar\":\"bruno\",\"rating\":1980,\"seed\":\"sodium,ec8263e35aebbadce950c00097510260\"}\n>p1 switch 4\n>p2 move knockoff\n>p1 move stealthrock\n>p2 switch 4\n>p1 switch 4\n>p2 move icebeam\n>p1 move calmmind\n>p2 move bodypress\n>p1 move wish\n>p2 move bodypress\n>p1 move protect\n>p2 move bodypress\n>p1 move wish\n>p2 move bodypress\n>p1 move protect\n>p2 switch 6\n>p1 switch 4\n>p2 move bodypress\n>p1 move earthquake\n>p2 move dracometeor\n>p1 switch 3\n>p1 move focusblast\n>p2 move dragontail\n>p1 move freezedry\n>p2 move bodypress\n>p2 switch 2\n>p1 switch 4\n>p2 move superpower\n>p1 move tachyoncutter\n>p2 move knockoff\n>p1 switch 4\n>p1 move freezedry\n>p2 move rest\n>p2 switch 3\n>p1 switch 2\n>p2 move swordsdance\n>p1 move bravebird\n>p2 move scaleshot\n>p1 move bravebird\n>p2 move crunch\n>p1 switch 6\n>p1 move bravebird\n>p2 switch 6\n>p1 move flareblitz\n>p2 move thunderwave\n>p2 switch 5\n>p1 move swordsdance\n>p2 move liquidation\n>p1 move terablast terastallize\n>p2 switch 4\n>p1 move terablast\n>p2 move knockoff\n>p2 switch 4\n>p1 move bravebird\n>p2 move liquidation\n>p1 switch 2\n>p1 move freezedry\n>p2 move liquidation\n>p2 switch 6\n>p1 move freezedry\n>p2 move scaleshot terastallize", "uploadtime": 1781460095, "views": 6, "formatid": "gen9randombattle", "rating": 1961, "private": 0, "password": null}