{"id": "gen9randombattle-2631935874", "format": "[Gen 9] Random Battle", "players": ["4 akashi_seijuro", "TransGirlFromHell"], "log": "|j|\u26064 akashi_seijuro\n|j|\u2606TransGirlFromHell\n|t:|1781457460\n|gametype|singles\n|player|p1|4 akashi_seijuro|266|1976\n|player|p2|TransGirlFromHell|candice|1932\n|gen|9\n|tier|[Gen 9] Random Battle\n|rated|\n|rule|Species Clause: Limit one of each Pok\u00e9mon\n|rule|HP Percentage Mod: HP is shown in percentages\n|rule|Sleep Clause Mod: Limit one foe put to sleep\n|rule|Illusion Level Mod: Illusion disguises the Pok\u00e9mon's true level\n|\n|t:|1781457460\n|teamsize|p1|6\n|teamsize|p2|6\n|start\n|switch|p1a: Shiftry|Shiftry, L89, M|305/305\n|switch|p2a: Iron Hands|Iron Hands, L79|373/373\n|turn|1\n|inactive|Battle timer is ON: inactive players will automatically lose when time's up. (requested by 4 akashi_seijuro)\n|\n|t:|1781457474\n|switch|p1a: Banette|Banette, L93, M|270/270\n|move|p2a: Iron Hands|Volt Switch|p1a: Banette\n|-damage|p1a: Banette|219/270\n|\n|t:|1781457478\n|-end|p2a: Iron Hands|Quark Drive|[silent]\n|switch|p2a: Groudon|Groudon, L72|263/263|[from] Volt Switch\n|-weather|SunnyDay|[from] ability: Drought|[of] p2a: Groudon\n|\n|-weather|SunnyDay|[upkeep]\n|upkeep\n|turn|2\n|\n|t:|1781457487\n|move|p1a: Banette|Poltergeist|p2a: Groudon\n|-activate|p2a: Groudon|move: Poltergeist|Leftovers\n|-damage|p2a: Groudon|106/263\n|-damage|p1a: Banette|192/270|[from] item: Life Orb\n|move|p2a: Groudon|Thunder Wave|p1a: Banette\n|-status|p1a: Banette|par\n|\n|-weather|SunnyDay|[upkeep]\n|-heal|p2a: Groudon|122/263|[from] item: Leftovers\n|upkeep\n|turn|3\n|\n|t:|1781457492\n|move|p2a: Groudon|Precipice Blades|p1a: Banette\n|-damage|p1a: Banette|50/270 par\n|move|p1a: Banette|Poltergeist|p2a: Groudon\n|-activate|p2a: Groudon|move: Poltergeist|Leftovers\n|-damage|p2a: Groudon|0 fnt\n|faint|p2a: Groudon\n|-damage|p1a: Banette|23/270 par|[from] item: Life Orb\n|\n|-weather|SunnyDay|[upkeep]\n|upkeep\n|\n|t:|1781457495\n|switch|p2a: Braviary|Braviary, L85, M|309/309\n|turn|4\n|\n|t:|1781457498\n|move|p2a: Braviary|Brave Bird|p1a: Banette\n|-damage|p1a: Banette|0 fnt\n|faint|p1a: Banette\n|-damage|p2a: Braviary|301/309|[from] Recoil\n|\n|-weather|SunnyDay|[upkeep]\n|upkeep\n|\n|t:|1781457504\n|switch|p1a: Deoxys|Deoxys-Defense, L84|221/221\n|-ability|p1a: Deoxys|Pressure\n|turn|5\n|\n|t:|1781457509\n|switch|p2a: Whimsicott|Whimsicott, L84, M|238/238\n|move|p1a: Deoxys|Cosmic Power|p1a: Deoxys\n|-boost|p1a: Deoxys|def|1\n|-boost|p1a: Deoxys|spd|1\n|\n|-weather|none\n|upkeep\n|turn|6\n|\n|t:|1781457513\n|switch|p1a: Amoonguss|Amoonguss, L82, M|321/321\n|move|p2a: Whimsicott|Encore||[still]\n|-fail|p2a: Whimsicott\n|\n|upkeep\n|turn|7\n|\n|t:|1781457518\n|switch|p2a: Swanna|Swanna, L89, M|278/278\n|move|p1a: Amoonguss|Sludge Bomb|p2a: Swanna\n|-damage|p2a: Swanna|179/278\n|-status|p2a: Swanna|psn\n|\n|-damage|p2a: Swanna|145/278 psn|[from] psn\n|upkeep\n|turn|8\n|\n|t:|1781457529\n|switch|p1a: Dunsparce|Dunsparce, L86, M|312/312\n|move|p2a: Swanna|Brave Bird|p1a: Dunsparce\n|-damage|p1a: Dunsparce|218/312\n|-damage|p2a: Swanna|114/278 psn|[from] Recoil\n|\n|-damage|p2a: Swanna|80/278 psn|[from] psn\n|upkeep\n|turn|9\n|\n|t:|1781457537\n|move|p2a: Swanna|Roost|p2a: Swanna\n|-heal|p2a: Swanna|219/278 psn\n|-singleturn|p2a: Swanna|move: Roost\n|move|p1a: Dunsparce|Body Slam|p2a: Swanna\n|-crit|p2a: Swanna\n|-damage|p2a: Swanna|84/278 psn\n|\n|-damage|p2a: Swanna|50/278 psn|[from] psn\n|upkeep\n|turn|10\n|\n|t:|1781457541\n|move|p2a: Swanna|Brave Bird|p1a: Dunsparce\n|-damage|p1a: Dunsparce|115/312\n|-damage|p2a: Swanna|16/278 psn|[from] Recoil\n|move|p1a: Dunsparce|Body Slam|p2a: Swanna\n|-damage|p2a: Swanna|0 fnt\n|faint|p2a: Swanna\n|\n|upkeep\n|\n|t:|1781457546\n|switch|p2a: Iron Hands|Iron Hands, L79|373/373\n|turn|11\n|\n|t:|1781457553\n|switch|p1a: Florges|Florges-Orange, L85, F|271/271\n|move|p2a: Iron Hands|Ice Punch|p1a: Florges\n|-damage|p1a: Florges|199/271\n|\n|-heal|p1a: Florges|215/271|[from] item: Leftovers\n|upkeep\n|turn|12\n|\n|t:|1781457558\n|move|p1a: Florges|Moonblast|p2a: Iron Hands\n|-supereffective|p2a: Iron Hands\n|-damage|p2a: Iron Hands|161/373\n|move|p2a: Iron Hands|Thunder Punch|p1a: Florges\n|-crit|p1a: Florges\n|-damage|p1a: Florges|46/271\n|\n|-heal|p1a: Florges|62/271|[from] item: Leftovers\n|upkeep\n|turn|13\n|\n|t:|1781457564\n|move|p1a: Florges|Moonblast|p2a: Iron Hands\n|-supereffective|p2a: Iron Hands\n|-damage|p2a: Iron Hands|0 fnt\n|faint|p2a: Iron Hands\n|-end|p2a: Iron Hands|Quark Drive|[silent]\n|\n|-heal|p1a: Florges|78/271|[from] item: Leftovers\n|upkeep\n|\n|t:|1781457565\n|switch|p2a: Polteageist|Polteageist-Antique, L78|222/222\n|turn|14\n|\n|t:|1781457570\n|move|p1a: Florges|Moonblast|p2a: Polteageist\n|-damage|p2a: Polteageist|125/222\n|-unboost|p2a: Polteageist|spa|1\n|-enditem|p2a: Polteageist|White Herb\n|-clearnegativeboost|p2a: Polteageist|[silent]\n|move|p2a: Polteageist|Shell Smash|p2a: Polteageist\n|-unboost|p2a: Polteageist|def|1\n|-unboost|p2a: Polteageist|spd|1\n|-boost|p2a: Polteageist|atk|2\n|-boost|p2a: Polteageist|spa|2\n|-boost|p2a: Polteageist|spe|2\n|\n|-heal|p1a: Florges|94/271|[from] item: Leftovers\n|upkeep\n|turn|15\n|c|\u2606TransGirlFromHell|sick\n|\n|t:|1781457577\n|move|p2a: Polteageist|Shadow Ball|p1a: Florges\n|-damage|p1a: Florges|0 fnt\n|faint|p1a: Florges\n|\n|upkeep\n|\n|t:|1781457582\n|switch|p1a: Shiftry|Shiftry, L89, M|305/305\n|turn|16\n|\n|t:|1781457586\n|switch|p2a: Whimsicott|Whimsicott, L84, M|238/238\n|move|p1a: Shiftry|Knock Off|p2a: Whimsicott\n|-resisted|p2a: Whimsicott\n|-damage|p2a: Whimsicott|165/238\n|-enditem|p2a: Whimsicott|Leftovers|[from] move: Knock Off|[of] p1a: Shiftry\n|-damage|p1a: Shiftry|275/305|[from] item: Life Orb\n|\n|upkeep\n|turn|17\n|\n|t:|1781457591\n|switch|p1a: Amoonguss|Amoonguss, L82, M|321/321\n|move|p2a: Whimsicott|Moonblast|p1a: Amoonguss\n|-resisted|p1a: Amoonguss\n|-damage|p1a: Amoonguss|279/321\n|-unboost|p1a: Amoonguss|spa|1\n|\n|-heal|p1a: Amoonguss|299/321|[from] item: Leftovers\n|upkeep\n|turn|18\n|\n|t:|1781457598\n|switch|p2a: Braviary|Braviary, L85, M|301/309\n|move|p1a: Amoonguss|Toxic|p2a: Braviary\n|-status|p2a: Braviary|tox\n|\n|-heal|p1a: Amoonguss|319/321|[from] item: Leftovers\n|-damage|p2a: Braviary|282/309 tox|[from] psn\n|upkeep\n|turn|19\n|\n|t:|1781457602\n|switch|p1a: Dunsparce|Dunsparce, L86, M|115/312\n|move|p2a: Braviary|Bulk Up|p2a: Braviary\n|-boost|p2a: Braviary|atk|1\n|-boost|p2a: Braviary|def|1\n|\n|-damage|p2a: Braviary|244/309 tox|[from] psn\n|upkeep\n|turn|20\n|\n|t:|1781457608\n|move|p2a: Braviary|Brave Bird|p1a: Dunsparce\n|-damage|p1a: Dunsparce|0 fnt\n|faint|p1a: Dunsparce\n|-damage|p2a: Braviary|206/309 tox|[from] Recoil\n|\n|-damage|p2a: Braviary|149/309 tox|[from] psn\n|upkeep\n|\n|t:|1781457616\n|switch|p1a: Deoxys|Deoxys-Defense, L84|221/221\n|-ability|p1a: Deoxys|Pressure\n|turn|21\n|\n|t:|1781457621\n|move|p1a: Deoxys|Cosmic Power|p1a: Deoxys\n|-boost|p1a: Deoxys|def|1\n|-boost|p1a: Deoxys|spd|1\n|move|p2a: Braviary|Brave Bird|p1a: Deoxys\n|-damage|p1a: Deoxys|113/221\n|-damage|p2a: Braviary|113/309 tox|[from] Recoil\n|\n|-heal|p1a: Deoxys|126/221|[from] item: Leftovers\n|-damage|p2a: Braviary|37/309 tox|[from] psn\n|upkeep\n|turn|22\n|\n|t:|1781457639\n|-terastallize|p1a: Deoxys|Steel\n|move|p1a: Deoxys|Recover|p1a: Deoxys\n|-heal|p1a: Deoxys|221/221\n|move|p2a: Braviary|Brave Bird|p1a: Deoxys\n|-resisted|p1a: Deoxys\n|-damage|p1a: Deoxys|167/221\n|-damage|p2a: Braviary|19/309 tox|[from] Recoil\n|\n|-heal|p1a: Deoxys|180/221|[from] item: Leftovers\n|-damage|p2a: Braviary|0 fnt|[from] psn\n|faint|p2a: Braviary\n|upkeep\n|\n|t:|1781457644\n|switch|p2a: Whimsicott|Whimsicott, L84, M|165/238\n|turn|23\n|\n|t:|1781457649\n|switch|p2a: Polteageist|Polteageist-Antique, L78|125/222\n|switch|p1a: Amoonguss|Amoonguss, L82, M|321/321\n|\n|upkeep\n|turn|24\n|\n|t:|1781457655\n|move|p2a: Polteageist|Shell Smash|p2a: Polteageist\n|-unboost|p2a: Polteageist|def|1\n|-unboost|p2a: Polteageist|spd|1\n|-boost|p2a: Polteageist|atk|2\n|-boost|p2a: Polteageist|spa|2\n|-boost|p2a: Polteageist|spe|2\n|move|p1a: Amoonguss|Spore|p2a: Polteageist\n|-status|p2a: Polteageist|slp|[from] move: Spore\n|\n|upkeep\n|turn|25\n|c|\u2606TransGirlFromHell|ggs\n|c|\u2606TransGirlFromHell|wp\n|c|\u2606TransGirlFromHell|nothing i could do\n|-message|TransGirlFromHell forfeited.\n|\n|win|4 akashi_seijuro\n", "inputlog": ">version a8376a258c1d4662feba110a92103f3664a72141\n>start {\"formatid\":\"gen9randombattle\",\"seed\":\"sodium,76a60be418514a65a179329eedb7574d\",\"rated\":\"Rated battle\"}\n>player p1 {\"name\":\"4 akashi_seijuro\",\"avatar\":\"266\",\"rating\":1976,\"seed\":\"sodium,be8063c104ac8aebdc3580e375098902\"}\n>player p2 {\"name\":\"TransGirlFromHell\",\"avatar\":\"candice\",\"rating\":1932,\"seed\":\"sodium,40fcba5b19c318f074cfe62fa1818284\"}\n>p1 switch 4\n>p2 move voltswitch\n>p2 switch 5\n>p1 move poltergeist\n>p2 move thunderwave\n>p1 move poltergeist\n>p2 move precipiceblades\n>p2 switch 2\n>p1 move thunderwave\n>p2 move bravebird\n>p1 switch 6\n>p1 move cosmicpower\n>p2 switch 6\n>p1 switch 2\n>p2 move encore\n>p1 move sludgebomb\n>p2 switch 3\n>p1 switch 3\n>p2 move bravebird\n>p1 move bodyslam\n>p2 move roost\n>p1 move bodyslam\n>p2 move bravebird\n>p2 switch 5\n>p1 switch 5\n>p2 move icepunch\n>p1 move moonblast\n>p2 move thunderpunch\n>p1 move moonblast\n>p2 move thunderpunch\n>p2 switch 4\n>p1 move moonblast\n>p2 move shellsmash\n>chat \u2606TransGirlFromHell|sick\n>p1 move moonblast\n>p2 move shadowball\n>p1 switch 4\n>p1 move knockoff\n>p2 switch 3\n>p1 switch 3\n>p2 move moonblast\n>p1 move toxic\n>p2 switch 6\n>p1 switch 5\n>p2 move bulkup\n>p1 move roost\n>p2 move bravebird\n>p1 switch 2\n>p1 move cosmicpower\n>p2 move bravebird\n>p1 move recover terastallize\n>p2 move bravebird\n>p2 switch 6\n>p1 switch 5\n>p2 switch 3\n>p1 move spore\n>p2 move shellsmash\n>chat \u2606TransGirlFromHell|ggs\n>chat \u2606TransGirlFromHell|wp\n>chat \u2606TransGirlFromHell|nothing i could do\n>forcelose p2", "uploadtime": 1781457462, "views": 5, "formatid": "gen9randombattle", "rating": null, "private": 0, "password": null}