{"id": "gen9randombattle-2631807573", "format": "[Gen 9] Random Battle", "players": ["252h", "jatio1"], "log": "|j|\u2606252h\n|j|\u2606jatio1\n|t:|1781442569\n|gametype|singles\n|player|p1|252h|266|1215\n|player|p2|jatio1|richboy-gen4|1231\n|gen|9\n|tier|[Gen 9] Random Battle\n|rated|\n|rule|Species Clause: Limit one of each Pok\u00e9mon\n|rule|HP Percentage Mod: HP is shown in percentages\n|rule|Sleep Clause Mod: Limit one foe put to sleep\n|rule|Illusion Level Mod: Illusion disguises the Pok\u00e9mon's true level\n|\n|t:|1781442569\n|teamsize|p1|6\n|teamsize|p2|6\n|start\n|switch|p1a: Zapdos|Zapdos, L78|268/268\n|switch|p2a: Scrafty|Scrafty, L83, F|244/244\n|-ability|p2a: Scrafty|Intimidate|boost\n|-unboost|p1a: Zapdos|atk|1\n|turn|1\n|inactive|Battle timer is ON: inactive players will automatically lose when time's up. (requested by 252h)\n|\n|t:|1781442581\n|switch|p2a: Archaludon|Archaludon, L78, F|268/268\n|move|p1a: Zapdos|Hurricane|p2a: Archaludon|[miss]\n|-miss|p1a: Zapdos|p2a: Archaludon\n|\n|upkeep\n|turn|2\n|\n|t:|1781442589\n|move|p1a: Zapdos|U-turn|p2a: Archaludon\n|-resisted|p2a: Archaludon\n|-damage|p2a: Archaludon|257/268\n|-ability|p2a: Archaludon|Stamina|boost\n|-boost|p2a: Archaludon|def|1\n|\n|t:|1781442600\n|switch|p1a: Glimmora|Glimmora, L75, F|248/248|[from] U-turn\n|move|p2a: Archaludon|Dragon Tail|p1a: Glimmora\n|-damage|p1a: Glimmora|185/248\n|-activate|p1a: Glimmora|ability: Toxic Debris\n|-sidestart|p2: jatio1|move: Toxic Spikes\n|drag|p1a: Registeel|Registeel, L81|262/262\n|\n|upkeep\n|turn|3\n|\n|t:|1781442615\n|move|p2a: Archaludon|Body Press|p1a: Registeel\n|-supereffective|p1a: Registeel\n|-damage|p1a: Registeel|136/262\n|move|p1a: Registeel|Thunder Wave|p2a: Archaludon\n|-status|p2a: Archaludon|par\n|\n|-heal|p1a: Registeel|152/262|[from] item: Leftovers\n|upkeep\n|turn|4\n|\n|t:|1781442626\n|move|p1a: Registeel|Iron Defense|p1a: Registeel\n|-boost|p1a: Registeel|def|2\n|cant|p2a: Archaludon|par\n|\n|-heal|p1a: Registeel|168/262|[from] item: Leftovers\n|upkeep\n|turn|5\n|\n|t:|1781442635\n|move|p1a: Registeel|Iron Defense|p1a: Registeel\n|-boost|p1a: Registeel|def|2\n|move|p2a: Archaludon|Dragon Tail|p1a: Registeel\n|-resisted|p1a: Registeel\n|-damage|p1a: Registeel|162/262\n|drag|p1a: Squawkabilly|Squawkabilly-White, L89, F|291/291\n|\n|upkeep\n|turn|6\n|\n|t:|1781442647\n|move|p1a: Squawkabilly|Parting Shot|p2a: Archaludon\n|-unboost|p2a: Archaludon|atk|1\n|-unboost|p2a: Archaludon|spa|1\n|\n|t:|1781442652\n|switch|p1a: Registeel|Registeel, L81|162/262|[from] Parting Shot\n|cant|p2a: Archaludon|par\n|\n|-heal|p1a: Registeel|178/262|[from] item: Leftovers\n|upkeep\n|turn|7\n|\n|t:|1781442672\n|move|p1a: Registeel|Iron Defense|p1a: Registeel\n|-boost|p1a: Registeel|def|2\n|move|p2a: Archaludon|Dragon Tail|p1a: Registeel\n|-resisted|p1a: Registeel\n|-damage|p1a: Registeel|172/262\n|drag|p1a: Farigiraf|Farigiraf, L90, M|362/362\n|\n|upkeep\n|turn|8\n|\n|t:|1781442684\n|switch|p2a: Scrafty|Scrafty, L83, F|244/244\n|-status|p2a: Scrafty|psn\n|-ability|p2a: Scrafty|Intimidate|boost\n|-unboost|p1a: Farigiraf|atk|1\n|move|p1a: Farigiraf|Wish|p1a: Farigiraf\n|\n|-damage|p2a: Scrafty|214/244 psn|[from] psn\n|upkeep\n|turn|9\n|\n|t:|1781442697\n|switch|p1a: Glimmora|Glimmora, L75, F|185/248\n|move|p2a: Scrafty|Knock Off|p1a: Glimmora\n|-damage|p1a: Glimmora|83/248\n|-activate|p1a: Glimmora|ability: Toxic Debris\n|-sidestart|p2: jatio1|move: Toxic Spikes\n|-enditem|p1a: Glimmora|Assault Vest|[from] move: Knock Off|[of] p2a: Scrafty\n|\n|-heal|p1a: Glimmora|248/248|[from] move: Wish|[wisher] Farigiraf\n|-heal|p2a: Scrafty|229/244 psn|[from] item: Leftovers\n|-damage|p2a: Scrafty|199/244 psn|[from] psn\n|upkeep\n|turn|10\n|\n|t:|1781442725\n|switch|p2a: Archaludon|Archaludon, L78, F|257/268 par\n|move|p1a: Glimmora|Sludge Wave|p2a: Archaludon\n|-immune|p2a: Archaludon\n|\n|upkeep\n|turn|11\n|\n|t:|1781442734\n|move|p1a: Glimmora|Earth Power|p2a: Archaludon\n|-supereffective|p2a: Archaludon\n|-damage|p2a: Archaludon|139/268 par\n|-ability|p2a: Archaludon|Stamina|boost\n|-boost|p2a: Archaludon|def|1\n|move|p2a: Archaludon|Dragon Tail|p1a: Glimmora\n|-damage|p1a: Glimmora|184/248\n|drag|p1a: Squawkabilly|Squawkabilly-White, L89, F|291/291\n|\n|upkeep\n|turn|12\n|\n|t:|1781442745\n|move|p1a: Squawkabilly|Parting Shot|p2a: Archaludon\n|-unboost|p2a: Archaludon|atk|1\n|-unboost|p2a: Archaludon|spa|1\n|\n|t:|1781442760\n|switch|p1a: Zapdos|Zapdos, L78|268/268|[from] Parting Shot\n|cant|p2a: Archaludon|par\n|\n|upkeep\n|turn|13\n|inactive|252h has 120 seconds left.\n|\n|t:|1781442778\n|switch|p1a: Registeel|Registeel, L81|172/262\n|switch|p2a: Rotom|Rotom, L88|231/231\n|\n|-heal|p1a: Registeel|188/262|[from] item: Leftovers\n|upkeep\n|turn|14\n|inactive|252h has 120 seconds left.\n|\n|t:|1781442804\n|switch|p1a: Mamoswine|Mamoswine, L81, F|311/311\n|move|p2a: Rotom|Trick|p1a: Mamoswine\n|-activate|p2a: Rotom|move: Trick|[of] p1a: Mamoswine\n|-item|p1a: Mamoswine|Choice Scarf|[from] move: Trick\n|-item|p2a: Rotom|Choice Band|[from] move: Trick\n|\n|upkeep\n|turn|15\n|\n|t:|1781442829\n|move|p1a: Mamoswine|Knock Off|p2a: Rotom\n|-supereffective|p2a: Rotom\n|-damage|p2a: Rotom|71/231\n|-enditem|p2a: Rotom|Choice Band|[from] move: Knock Off|[of] p1a: Mamoswine\n|move|p2a: Rotom|Shadow Ball|p1a: Mamoswine\n|-damage|p1a: Mamoswine|179/311\n|\n|upkeep\n|turn|16\n|\n|t:|1781442837\n|move|p1a: Mamoswine|Knock Off|p2a: Rotom\n|-supereffective|p2a: Rotom\n|-damage|p2a: Rotom|0 fnt\n|faint|p2a: Rotom\n|\n|upkeep\n|\n|t:|1781442844\n|switch|p2a: Scrafty|Scrafty, L83, F|199/244 psn\n|-ability|p2a: Scrafty|Intimidate|boost\n|-unboost|p1a: Mamoswine|atk|1\n|turn|17\n|\n|t:|1781442850\n|switch|p1a: Zapdos|Zapdos, L78|268/268\n|move|p2a: Scrafty|Drain Punch|p1a: Zapdos\n|-resisted|p1a: Zapdos\n|-damage|p1a: Zapdos|224/268\n|-heal|p2a: Scrafty|221/244 psn|[from] drain|[of] p1a: Zapdos\n|\n|-heal|p2a: Scrafty|236/244 psn|[from] item: Leftovers\n|-damage|p2a: Scrafty|206/244 psn|[from] psn\n|upkeep\n|turn|18\n|\n|t:|1781442861\n|-terastallize|p2a: Scrafty|Poison\n|move|p1a: Zapdos|Hurricane|p2a: Scrafty\n|-damage|p2a: Scrafty|100/244 psn\n|move|p2a: Scrafty|Dragon Dance|p2a: Scrafty\n|-boost|p2a: Scrafty|atk|1\n|-boost|p2a: Scrafty|spe|1\n|\n|-heal|p2a: Scrafty|115/244 psn|[from] item: Leftovers\n|-damage|p2a: Scrafty|85/244 psn|[from] psn\n|upkeep\n|turn|19\n|\n|t:|1781442871\n|move|p2a: Scrafty|Poison Jab|p1a: Zapdos\n|-damage|p1a: Zapdos|97/268\n|-status|p1a: Zapdos|psn\n|move|p1a: Zapdos|Hurricane|p2a: Scrafty\n|-damage|p2a: Scrafty|0 fnt\n|faint|p2a: Scrafty\n|\n|-damage|p1a: Zapdos|64/268 psn|[from] psn\n|upkeep\n|\n|t:|1781442879\n|switch|p2a: Archaludon|Archaludon, L78, F|139/268 par\n|turn|20\n|\n|t:|1781442890\n|move|p1a: Zapdos|Hurricane|p2a: Archaludon|[miss]\n|-miss|p1a: Zapdos|p2a: Archaludon\n|cant|p2a: Archaludon|par\n|\n|-damage|p1a: Zapdos|31/268 psn|[from] psn\n|upkeep\n|turn|21\n|\n|t:|1781442894\n|move|p1a: Zapdos|Hurricane|p2a: Archaludon\n|-resisted|p2a: Archaludon\n|-damage|p2a: Archaludon|85/268 par\n|-start|p2a: Archaludon|confusion\n|-ability|p2a: Archaludon|Stamina|boost\n|-boost|p2a: Archaludon|def|1\n|-activate|p2a: Archaludon|confusion\n|move|p2a: Archaludon|Dragon Tail|p1a: Zapdos\n|-damage|p1a: Zapdos|0 fnt\n|faint|p1a: Zapdos\n|\n|upkeep\n|\n|t:|1781442903\n|switch|p1a: Mamoswine|Mamoswine, L81, F|179/311\n|turn|22\n|\n|t:|1781442909\n|move|p1a: Mamoswine|Icicle Crash|p2a: Archaludon\n|-damage|p2a: Archaludon|25/268 par\n|-ability|p2a: Archaludon|Stamina|boost\n|-boost|p2a: Archaludon|def|1\n|-activate|p2a: Archaludon|confusion\n|cant|p2a: Archaludon|par\n|\n|upkeep\n|turn|23\n|\n|t:|1781442916\n|move|p1a: Mamoswine|Icicle Crash|p2a: Archaludon\n|-damage|p2a: Archaludon|0 fnt\n|faint|p2a: Archaludon\n|\n|upkeep\n|\n|t:|1781442920\n|switch|p2a: Empoleon|Empoleon, L84, F|278/278\n|turn|24\n|\n|t:|1781442924\n|switch|p1a: Farigiraf|Farigiraf, L90, M|362/362\n|move|p2a: Empoleon|Yawn|p1a: Farigiraf\n|-start|p1a: Farigiraf|move: Yawn|[of] p2a: Empoleon\n|\n|upkeep\n|turn|25\n|\n|t:|1781442938\n|switch|p1a: Squawkabilly|Squawkabilly-White, L89, F|291/291\n|move|p2a: Empoleon|Surf|p1a: Squawkabilly\n|-damage|p1a: Squawkabilly|144/291\n|\n|upkeep\n|turn|26\n|\n|t:|1781442946\n|move|p1a: Squawkabilly|Parting Shot|p2a: Empoleon\n|-unboost|p2a: Empoleon|atk|1\n|-ability|p2a: Empoleon|Competitive|boost\n|-boost|p2a: Empoleon|spa|2\n|-unboost|p2a: Empoleon|spa|1\n|-ability|p2a: Empoleon|Competitive|boost\n|-boost|p2a: Empoleon|spa|2\n|\n|t:|1781442970\n|switch|p1a: Farigiraf|Farigiraf, L90, M|362/362|[from] Parting Shot\n|move|p2a: Empoleon|Surf|p1a: Farigiraf\n|-damage|p1a: Farigiraf|52/362\n|\n|-heal|p1a: Farigiraf|74/362|[from] item: Leftovers\n|upkeep\n|turn|27\n|\n|t:|1781442980\n|move|p1a: Farigiraf|Wish|p1a: Farigiraf\n|move|p2a: Empoleon|Surf|p1a: Farigiraf\n|-damage|p1a: Farigiraf|0 fnt\n|faint|p1a: Farigiraf\n|\n|upkeep\n|\n|t:|1781442986\n|switch|p1a: Mamoswine|Mamoswine, L81, F|179/311\n|turn|28\n|\n|t:|1781442990\n|move|p1a: Mamoswine|Earthquake|p2a: Empoleon\n|-supereffective|p2a: Empoleon\n|-damage|p2a: Empoleon|32/278\n|move|p2a: Empoleon|Surf|p1a: Mamoswine\n|-supereffective|p1a: Mamoswine\n|-damage|p1a: Mamoswine|0 fnt\n|faint|p1a: Mamoswine\n|\n|-heal|p2a: Empoleon|49/278|[from] item: Leftovers\n|upkeep\n|\n|t:|1781443003\n|switch|p1a: Squawkabilly|Squawkabilly-White, L89, F|144/291\n|turn|29\n|\n|t:|1781443007\n|move|p1a: Squawkabilly|Double-Edge|p2a: Empoleon\n|-resisted|p2a: Empoleon\n|-damage|p2a: Empoleon|0 fnt\n|faint|p2a: Empoleon\n|-damage|p1a: Squawkabilly|128/291|[from] Recoil\n|\n|upkeep\n|\n|t:|1781443010\n|switch|p2a: Serperior|Serperior, L79, F|248/248\n|-status|p2a: Serperior|tox\n|turn|30\n|\n|t:|1781443018\n|move|p2a: Serperior|Dragon Pulse|p1a: Squawkabilly\n|-damage|p1a: Squawkabilly|68/291\n|move|p1a: Squawkabilly|Brave Bird|p2a: Serperior\n|-supereffective|p2a: Serperior\n|-damage|p2a: Serperior|0 fnt\n|faint|p2a: Serperior\n|-damage|p1a: Squawkabilly|0 fnt|[from] Recoil\n|faint|p1a: Squawkabilly\n|\n|upkeep\n|\n|t:|1781443024\n|switch|p2a: Conkeldurr|Conkeldurr, L80, M|299/299\n|switch|p1a: Glimmora|Glimmora, L75, F|184/248\n|-status|p2a: Conkeldurr|tox\n|turn|31\n|\n|t:|1781443033\n|move|p1a: Glimmora|Sludge Wave|p2a: Conkeldurr\n|-damage|p2a: Conkeldurr|154/299 tox\n|move|p2a: Conkeldurr|Close Combat|p1a: Glimmora\n|-damage|p1a: Glimmora|0 fnt\n|-unboost|p2a: Conkeldurr|def|1\n|-unboost|p2a: Conkeldurr|spd|1\n|faint|p1a: Glimmora\n|\n|-damage|p2a: Conkeldurr|136/299 tox|[from] psn\n|upkeep\n|\n|t:|1781443038\n|switch|p1a: Registeel|Registeel, L81|188/262\n|turn|32\n|\n|t:|1781443044\n|-terastallize|p1a: Registeel|Fighting\n|move|p1a: Registeel|Body Press|p2a: Conkeldurr\n|-damage|p2a: Conkeldurr|0 fnt\n|faint|p2a: Conkeldurr\n|\n|win|252h\n|raw|252h's rating: 1215 &rarr; <strong>1241</strong><br />(+26 for winning)\n|raw|jatio1's rating: 1231 &rarr; <strong>1205</strong><br />(-26 for losing)\n|l|\u2606jatio1\n|player|p2|\n", "inputlog": ">version a8376a258c1d4662feba110a92103f3664a72141\n>start {\"formatid\":\"gen9randombattle\",\"seed\":\"sodium,a0dcd81fceea84fe9e31d393a384141f\",\"rated\":\"Rated battle\"}\n>player p1 {\"name\":\"252h\",\"avatar\":\"266\",\"rating\":1215,\"seed\":\"sodium,e92ce0edc9b437e392d77c1e90519365\"}\n>player p2 {\"name\":\"jatio1\",\"avatar\":\"richboy-gen4\",\"rating\":1231,\"seed\":\"sodium,31022fb974fecf3f9e9a28028e2230dd\"}\n>p1 move hurricane\n>p2 switch 3\n>p1 move uturn\n>p2 move dragontail\n>p1 switch 3\n>p1 move thunderwave\n>p2 move bodypress\n>p1 move irondefense\n>p2 move bodypress\n>p1 move irondefense\n>p2 move dragontail\n>p1 move partingshot\n>p2 move flashcannon\n>p1 switch 6\n>p1 move irondefense\n>p2 move dragontail\n>p1 move wish\n>p2 switch 3\n>p1 switch 2\n>p2 move knockoff\n>p1 move sludgewave\n>p2 switch 3\n>p1 move earthpower\n>p2 move dragontail\n>p1 move partingshot\n>p2 move dracometeor\n>p1 switch 3\n>p1 switch 5\n>p2 switch 6\n>p1 switch 4\n>p2 move trick\n>p1 move knockoff\n>p2 move shadowball\n>p1 move knockoff\n>p2 move trick\n>p2 switch 3\n>p1 switch 5\n>p2 move drainpunch\n>p1 move hurricane\n>p2 move dragondance terastallize\n>p1 move hurricane\n>p2 move poisonjab\n>p2 switch 6\n>p1 move hurricane\n>p2 move dragontail\n>p1 move hurricane\n>p2 move dragontail\n>p1 switch 5\n>p1 move iciclecrash\n>p2 move bodypress\n>p1 move iciclecrash\n>p2 move bodypress\n>p2 switch 5\n>p1 switch 2\n>p2 move yawn\n>p1 switch 3\n>p2 move surf\n>p1 move partingshot\n>p2 move surf\n>p1 switch 3\n>p1 move wish\n>p2 move surf\n>p1 switch 2\n>p1 move earthquake\n>p2 move surf\n>p1 switch 3\n>p1 move doubleedge\n>p2 move surf\n>p2 switch 4\n>p1 move bravebird\n>p2 move dragonpulse\n>p1 switch 6\n>p2 switch 2\n>p1 move sludgewave\n>p2 move closecombat\n>p1 switch 4\n>p1 move bodypress terastallize\n>p2 move closecombat", "uploadtime": 1781443063, "views": 8, "formatid": "gen9randombattle", "rating": 1205, "private": 0, "password": null}