{"id": "gen9randombattle-2631537287", "format": "[Gen 9] Random Battle", "players": ["renato_0_17", "ParanoidDandroid"], "log": "|j|\u2606renato_0_17\n|j|\u2606ParanoidDandroid\n|t:|1781398206\n|gametype|singles\n|player|p1|renato_0_17|170|1768\n|player|p2|ParanoidDandroid|1|1824\n|gen|9\n|tier|[Gen 9] Random Battle\n|rated|\n|rule|Species Clause: Limit one of each Pok\u00e9mon\n|rule|HP Percentage Mod: HP is shown in percentages\n|rule|Sleep Clause Mod: Limit one foe put to sleep\n|rule|Illusion Level Mod: Illusion disguises the Pok\u00e9mon's true level\n|\n|t:|1781398206\n|teamsize|p1|6\n|teamsize|p2|6\n|start\n|switch|p1a: Quaquaval|Quaquaval, L79, M|264/264\n|switch|p2a: Sunflora|Sunflora, M|312/312\n|turn|1\n|\n|t:|1781398251\n|move|p1a: Quaquaval|Triple Axel|p2a: Sunflora\n|-supereffective|p2a: Sunflora\n|-damage|p2a: Sunflora|256/312\n|-supereffective|p2a: Sunflora\n|-damage|p2a: Sunflora|158/312\n|-supereffective|p2a: Sunflora\n|-damage|p2a: Sunflora|0 fnt\n|faint|p2a: Sunflora\n|-ability|p1a: Quaquaval|Moxie|boost\n|-boost|p1a: Quaquaval|atk|1\n|-hitcount|p2: Sunflora|3\n|\n|upkeep\n|\n|t:|1781398264\n|switch|p2a: Espathra|Espathra, L80, M|283/283\n|turn|2\n|\n|t:|1781398296\n|switch|p1a: Delphox|Delphox, L84, M|263/263\n|move|p2a: Espathra|Calm Mind|p2a: Espathra\n|-boost|p2a: Espathra|spa|1\n|-boost|p2a: Espathra|spd|1\n|\n|-ability|p2a: Espathra|Speed Boost|boost\n|-boost|p2a: Espathra|spe|1\n|upkeep\n|turn|3\n|\n|t:|1781398312\n|move|p2a: Espathra|Calm Mind|p2a: Espathra\n|-boost|p2a: Espathra|spa|1\n|-boost|p2a: Espathra|spd|1\n|move|p1a: Delphox|Psyshock|p2a: Espathra\n|-resisted|p2a: Espathra\n|-damage|p2a: Espathra|188/283\n|\n|-heal|p2a: Espathra|205/283|[from] item: Leftovers\n|-ability|p2a: Espathra|Speed Boost|boost\n|-boost|p2a: Espathra|spe|1\n|upkeep\n|turn|4\n|\n|t:|1781398321\n|move|p2a: Espathra|Stored Power|p1a: Delphox\n|-resisted|p1a: Delphox\n|-damage|p1a: Delphox|134/263\n|move|p1a: Delphox|Psyshock|p2a: Espathra\n|-resisted|p2a: Espathra\n|-damage|p2a: Espathra|103/283\n|\n|-heal|p2a: Espathra|120/283|[from] item: Leftovers\n|-ability|p2a: Espathra|Speed Boost|boost\n|-boost|p2a: Espathra|spe|1\n|upkeep\n|turn|5\n|\n|t:|1781398331\n|move|p2a: Espathra|Roost|p2a: Espathra\n|-heal|p2a: Espathra|262/283\n|-singleturn|p2a: Espathra|move: Roost\n|move|p1a: Delphox|Psyshock|p2a: Espathra\n|-resisted|p2a: Espathra\n|-damage|p2a: Espathra|166/283\n|\n|-heal|p2a: Espathra|183/283|[from] item: Leftovers\n|-ability|p2a: Espathra|Speed Boost|boost\n|-boost|p2a: Espathra|spe|1\n|upkeep\n|turn|6\n|\n|t:|1781398342\n|move|p2a: Espathra|Stored Power|p1a: Delphox\n|-resisted|p1a: Delphox\n|-damage|p1a: Delphox|0 fnt\n|faint|p1a: Delphox\n|\n|-heal|p2a: Espathra|200/283|[from] item: Leftovers\n|-ability|p2a: Espathra|Speed Boost|boost\n|-boost|p2a: Espathra|spe|1\n|upkeep\n|inactive|Battle timer is ON: inactive players will automatically lose when time's up. (requested by ParanoidDandroid)\n|\n|t:|1781398372\n|switch|p1a: Virizion|Virizion, L82|283/283\n|turn|7\n|\n|t:|1781398378\n|-terastallize|p1a: Virizion|Rock\n|move|p2a: Espathra|Stored Power|p1a: Virizion\n|-damage|p1a: Virizion|0 fnt\n|faint|p1a: Virizion\n|\n|-heal|p2a: Espathra|217/283|[from] item: Leftovers\n|-ability|p2a: Espathra|Speed Boost|boost\n|-boost|p2a: Espathra|spe|1\n|upkeep\n|-message|renato_0_17 forfeited.\n|\n|win|ParanoidDandroid\n|raw|renato_0_17's rating: 1768 &rarr; <strong>1751</strong><br />(-17 for losing)\n|raw|ParanoidDandroid's rating: 1824 &rarr; <strong>1841</strong><br />(+17 for winning)\n|l|\u2606renato_0_17\n|player|p1|\n|c|\u2606ParanoidDandroid|gg\n", "inputlog": ">version a8376a258c1d4662feba110a92103f3664a72141\n>start {\"formatid\":\"gen9randombattle\",\"seed\":\"sodium,fb9dcc104f48129cfc031d51f33a8afc\",\"rated\":\"Rated battle\"}\n>player p1 {\"name\":\"renato_0_17\",\"avatar\":\"170\",\"rating\":1768,\"seed\":\"sodium,9b5769168e29cd84d6d1b144b2073528\"}\n>player p2 {\"name\":\"ParanoidDandroid\",\"avatar\":\"1\",\"rating\":1824,\"seed\":\"sodium,748f7defa704d4fbfc3bef7adf64fc34\"}\n>p1 move tripleaxel\n>p2 move sunnyday\n>p2 switch 4\n>p1 switch 5\n>p2 move calmmind\n>p1 move psyshock\n>p2 move calmmind\n>p1 move psyshock\n>p2 move storedpower\n>p1 move psyshock\n>p2 move roost\n>p1 move psyshock\n>p2 move storedpower\n>p1 switch 2\n>p1 move stoneedge terastallize\n>p2 move storedpower\n>forcelose p1", "uploadtime": 1781398391, "views": 4, "formatid": "gen9randombattle", "rating": 1751, "private": 0, "password": null}