{"id": "gen9randombattle-2631577240", "format": "[Gen 9] Random Battle", "players": ["angsi", "LinkNinjaTC11"], "log": "|j|\u2606angsi\n|j|\u2606LinkNinjaTC11\n|t:|1781403701\n|gametype|singles\n|player|p1|angsi|1|1912\n|player|p2|LinkNinjaTC11|veteran|1999\n|gen|9\n|tier|[Gen 9] Random Battle\n|rated|\n|rule|Species Clause: Limit one of each Pok\u00e9mon\n|rule|HP Percentage Mod: HP is shown in percentages\n|rule|Sleep Clause Mod: Limit one foe put to sleep\n|rule|Illusion Level Mod: Illusion disguises the Pok\u00e9mon's true level\n|\n|t:|1781403701\n|teamsize|p1|6\n|teamsize|p2|6\n|start\n|switch|p1a: Golem|Golem, L87, M|281/281\n|switch|p2a: Probopass|Probopass, L91, F|257/257\n|turn|1\n|inactive|Battle timer is ON: inactive players will automatically lose when time's up. (requested by LinkNinjaTC11)\n|\n|t:|1781403712\n|switch|p2a: Vaporeon|Vaporeon, L86, F|364/364\n|move|p1a: Golem|Stealth Rock|p2a: Vaporeon\n|-sidestart|p2: LinkNinjaTC11|move: Stealth Rock\n|\n|upkeep\n|turn|2\n|\n|t:|1781403717\n|switch|p1a: Iron Hands|Iron Hands, L79|373/373\n|move|p2a: Vaporeon|Scald|p1a: Iron Hands\n|-damage|p1a: Iron Hands|285/373\n|\n|upkeep\n|turn|3\n|\n|t:|1781403724\n|switch|p2a: Mew|Mew, L82|298/298\n|-damage|p2a: Mew|261/298|[from] Stealth Rock\n|move|p1a: Iron Hands|Thunder Punch|p2a: Mew\n|-damage|p2a: Mew|177/298\n|\n|-heal|p2a: Mew|195/298|[from] item: Leftovers\n|upkeep\n|turn|4\n|\n|t:|1781403731\n|move|p2a: Mew|Knock Off|p1a: Iron Hands\n|-resisted|p1a: Iron Hands\n|-damage|p1a: Iron Hands|254/373\n|-enditem|p1a: Iron Hands|Assault Vest|[from] move: Knock Off|[of] p2a: Mew\n|move|p1a: Iron Hands|Volt Switch|p2a: Mew\n|-damage|p2a: Mew|155/298\n|\n|t:|1781403735\n|-end|p1a: Iron Hands|Quark Drive|[silent]\n|switch|p1a: Flutter Mane|Flutter Mane, L74|203/203|[from] Volt Switch\n|\n|-heal|p2a: Mew|173/298|[from] item: Leftovers\n|upkeep\n|turn|5\n|\n|t:|1781403742\n|switch|p2a: Volbeat|Volbeat, L90, M|263/263\n|move|p1a: Flutter Mane|Moonblast|p2a: Volbeat\n|-damage|p2a: Volbeat|112/263\n|-unboost|p2a: Volbeat|spa|1\n|\n|upkeep\n|turn|6\n|\n|t:|1781403747\n|-end|p1a: Flutter Mane|Protosynthesis|[silent]\n|switch|p1a: Iron Hands|Iron Hands, L79|254/373\n|move|p2a: Volbeat|Thunder Wave|p1a: Iron Hands\n|-immune|p1a: Iron Hands\n|\n|upkeep\n|turn|7\n|\n|t:|1781403752\n|move|p2a: Volbeat|Roost|p2a: Volbeat\n|-heal|p2a: Volbeat|244/263\n|-singleturn|p2a: Volbeat|move: Roost\n|move|p1a: Iron Hands|Volt Switch|p2a: Volbeat\n|-damage|p2a: Volbeat|202/263\n|\n|t:|1781403754\n|-end|p1a: Iron Hands|Quark Drive|[silent]\n|switch|p1a: Golem|Golem, L87, M|281/281|[from] Volt Switch\n|\n|upkeep\n|turn|8\n|\n|t:|1781403758\n|switch|p2a: Vaporeon|Vaporeon, L86, F|364/364\n|-damage|p2a: Vaporeon|319/364|[from] Stealth Rock\n|move|p1a: Golem|Stone Edge|p2a: Vaporeon\n|-damage|p2a: Vaporeon|139/364\n|\n|-heal|p2a: Vaporeon|161/364|[from] item: Leftovers\n|upkeep\n|turn|9\n|\n|t:|1781403784\n|move|p2a: Vaporeon|Scald|p1a: Golem\n|-supereffective|p1a: Golem\n|-ability|p1a: Golem|Sturdy\n|-damage|p1a: Golem|1/281\n|move|p1a: Golem|Earthquake|p2a: Vaporeon\n|-damage|p2a: Vaporeon|2/364\n|\n|-heal|p2a: Vaporeon|24/364|[from] item: Leftovers\n|upkeep\n|turn|10\n|-enditem|p1a: Golem|Custap Berry|[eat]\n|-activate|p1a: Golem|item: Custap Berry|[consumed]\n|\n|t:|1781403792\n|move|p2a: Vaporeon|Protect|p2a: Vaporeon\n|-singleturn|p2a: Vaporeon|Protect\n|move|p1a: Golem|Explosion|p2a: Vaporeon\n|-activate|p2a: Vaporeon|move: Protect\n|faint|p1a: Golem\n|\n|-heal|p2a: Vaporeon|46/364|[from] item: Leftovers\n|upkeep\n|\n|t:|1781403795\n|switch|p1a: Flutter Mane|Flutter Mane, L74|203/203\n|turn|11\n|\n|t:|1781403800\n|switch|p2a: Volbeat|Volbeat, L90, M|202/263\n|move|p1a: Flutter Mane|Moonblast|p2a: Volbeat\n|-damage|p2a: Volbeat|55/263\n|\n|upkeep\n|turn|12\n|\n|t:|1781403805\n|move|p2a: Volbeat|Roost|p2a: Volbeat\n|-heal|p2a: Volbeat|187/263\n|-singleturn|p2a: Volbeat|move: Roost\n|move|p1a: Flutter Mane|Moonblast|p2a: Volbeat\n|-damage|p2a: Volbeat|39/263\n|\n|upkeep\n|turn|13\n|\n|t:|1781403810\n|-end|p1a: Flutter Mane|Protosynthesis|[silent]\n|switch|p1a: Torterra|Torterra, L78, F|276/276\n|move|p2a: Volbeat|Thunder Wave|p1a: Torterra\n|-immune|p1a: Torterra\n|\n|upkeep\n|turn|14\n|\n|t:|1781403815\n|move|p2a: Volbeat|Lunge|p1a: Torterra\n|-supereffective|p1a: Torterra\n|-damage|p1a: Torterra|126/276\n|-unboost|p1a: Torterra|atk|1\n|move|p1a: Torterra|Rock Blast|p2a: Volbeat\n|-supereffective|p2a: Volbeat\n|-damage|p2a: Volbeat|15/263\n|-supereffective|p2a: Volbeat\n|-damage|p2a: Volbeat|0 fnt\n|faint|p2a: Volbeat\n|-hitcount|p2: Volbeat|2\n|\n|upkeep\n|\n|t:|1781403821\n|switch|p2a: Pelipper|Pelipper, L86, M|243/243\n|-damage|p2a: Pelipper|183/243|[from] Stealth Rock\n|-weather|RainDance|[from] ability: Drizzle|[of] p2a: Pelipper\n|turn|15\n|\n|t:|1781403827\n|move|p2a: Pelipper|Hurricane|p1a: Torterra\n|-supereffective|p1a: Torterra\n|-damage|p1a: Torterra|0 fnt\n|faint|p1a: Torterra\n|\n|-weather|RainDance|[upkeep]\n|upkeep\n|\n|t:|1781403832\n|switch|p1a: Indeedee|Indeedee-F, L90, F|272/272\n|-fieldstart|move: Psychic Terrain|[from] ability: Psychic Surge|[of] p1a: Indeedee\n|turn|16\n|\n|t:|1781403848\n|move|p1a: Indeedee|Calm Mind|p1a: Indeedee\n|-boost|p1a: Indeedee|spa|1\n|-boost|p1a: Indeedee|spd|1\n|move|p2a: Pelipper|Hurricane|p1a: Indeedee\n|-damage|p1a: Indeedee|181/272\n|\n|-weather|RainDance|[upkeep]\n|upkeep\n|turn|17\n|\n|t:|1781403855\n|move|p1a: Indeedee|Psychic|p2a: Pelipper\n|-damage|p2a: Pelipper|0 fnt\n|faint|p2a: Pelipper\n|-damage|p1a: Indeedee|154/272|[from] item: Life Orb\n|\n|-weather|RainDance|[upkeep]\n|upkeep\n|\n|t:|1781403857\n|switch|p2a: Mew|Mew, L82|173/298\n|-damage|p2a: Mew|136/298|[from] Stealth Rock\n|turn|18\n|\n|t:|1781403864\n|switch|p1a: Spidops|Spidops, L96, F|271/271\n|move|p2a: Mew|Knock Off|p1a: Spidops\n|-damage|p1a: Spidops|209/271\n|-enditem|p1a: Spidops|Heavy-Duty Boots|[from] move: Knock Off|[of] p2a: Mew\n|\n|-weather|RainDance|[upkeep]\n|-heal|p2a: Mew|154/298|[from] item: Leftovers\n|upkeep\n|turn|19\n|\n|t:|1781403870\n|switch|p2a: Probopass|Probopass, L91, F|257/257\n|-damage|p2a: Probopass|241/257|[from] Stealth Rock\n|move|p1a: Spidops|Sticky Web|p2a: Probopass\n|-sidestart|p2: LinkNinjaTC11|move: Sticky Web\n|\n|-weather|none\n|-heal|p2a: Probopass|257/257|[from] item: Leftovers\n|upkeep\n|turn|20\n|\n|t:|1781403874\n|move|p2a: Probopass|Power Gem|p1a: Spidops\n|-supereffective|p1a: Spidops\n|-damage|p1a: Spidops|51/271\n|move|p1a: Spidops|Circle Throw|p2a: Probopass\n|-supereffective|p2a: Probopass\n|-damage|p2a: Probopass|125/257\n|drag|p2a: Vaporeon|Vaporeon, L86, F|46/364\n|-damage|p2a: Vaporeon|1/364|[from] Stealth Rock\n|-activate|p2a: Vaporeon|move: Sticky Web\n|-unboost|p2a: Vaporeon|spe|1\n|\n|-heal|p2a: Vaporeon|23/364|[from] item: Leftovers\n|-fieldend|move: Psychic Terrain\n|upkeep\n|turn|21\n|\n|t:|1781403883\n|switch|p2a: Archaludon|Archaludon, L78, M|268/268\n|-damage|p2a: Archaludon|252/268|[from] Stealth Rock\n|-activate|p2a: Archaludon|move: Sticky Web\n|-unboost|p2a: Archaludon|spe|1\n|move|p1a: Spidops|Knock Off|p2a: Archaludon\n|-damage|p2a: Archaludon|133/268\n|-ability|p2a: Archaludon|Stamina|boost\n|-boost|p2a: Archaludon|def|1\n|-enditem|p2a: Archaludon|Lum Berry|[from] move: Knock Off|[of] p1a: Spidops\n|\n|upkeep\n|turn|22\n|\n|t:|1781403888\n|move|p2a: Archaludon|Iron Head|p1a: Spidops\n|-damage|p1a: Spidops|0 fnt\n|faint|p1a: Spidops\n|\n|upkeep\n|\n|t:|1781403911\n|switch|p1a: Flutter Mane|Flutter Mane, L74|203/203\n|turn|23\n|\n|t:|1781403936\n|-terastallize|p1a: Flutter Mane|Fairy\n|move|p1a: Flutter Mane|Moonblast|p2a: Archaludon\n|-damage|p2a: Archaludon|0 fnt\n|faint|p2a: Archaludon\n|\n|upkeep\n|\n|t:|1781403939\n|switch|p2a: Probopass|Probopass, L91, F|125/257\n|-damage|p2a: Probopass|109/257|[from] Stealth Rock\n|-activate|p2a: Probopass|move: Sticky Web\n|-unboost|p2a: Probopass|spe|1\n|turn|24\n|\n|t:|1781403942\n|-end|p1a: Flutter Mane|Protosynthesis|[silent]\n|switch|p1a: Iron Hands|Iron Hands, L79|254/373\n|move|p2a: Probopass|Flash Cannon|p1a: Iron Hands\n|-resisted|p1a: Iron Hands\n|-damage|p1a: Iron Hands|204/373\n|\n|-heal|p2a: Probopass|125/257|[from] item: Leftovers\n|upkeep\n|turn|25\n|\n|t:|1781403945\n|switch|p2a: Mew|Mew, L82|154/298\n|-damage|p2a: Mew|117/298|[from] Stealth Rock\n|-activate|p2a: Mew|move: Sticky Web\n|-unboost|p2a: Mew|spe|1\n|move|p1a: Iron Hands|Volt Switch|p2a: Mew\n|-damage|p2a: Mew|78/298\n|\n|t:|1781403948\n|-end|p1a: Iron Hands|Quark Drive|[silent]\n|switch|p1a: Flutter Mane|Flutter Mane, L74, tera:Fairy|203/203|[from] Volt Switch\n|\n|-heal|p2a: Mew|96/298|[from] item: Leftovers\n|upkeep\n|turn|26\n|\n|t:|1781403959\n|move|p1a: Flutter Mane|Shadow Ball|p2a: Mew\n|-supereffective|p2a: Mew\n|-damage|p2a: Mew|0 fnt\n|faint|p2a: Mew\n|\n|upkeep\n|-message|LinkNinjaTC11 forfeited.\n|\n|win|angsi\n", "inputlog": ">version a8376a258c1d4662feba110a92103f3664a72141\n>start {\"formatid\":\"gen9randombattle\",\"seed\":\"sodium,3eabbf1414f884c2a3bb2ada6222d295\",\"rated\":\"Rated battle\"}\n>player p1 {\"name\":\"angsi\",\"avatar\":\"1\",\"rating\":1912,\"seed\":\"sodium,58ef93afb5a75a57b5a6c64bcc06d7da\"}\n>player p2 {\"name\":\"LinkNinjaTC11\",\"avatar\":\"veteran\",\"rating\":1999,\"seed\":\"sodium,7a0417ddc3d537e4a3d3d7180411a50d\"}\n>p1 move stealthrock\n>p2 switch 5\n>p1 switch 6\n>p2 move scald\n>p1 move thunderpunch\n>p2 switch 4\n>p1 move voltswitch\n>p2 move knockoff\n>p1 switch 3\n>p1 move moonblast\n>p2 switch 3\n>p1 switch 3\n>p2 move thunderwave\n>p1 move voltswitch\n>p2 move roost\n>p1 switch 6\n>p1 move stoneedge\n>p2 switch 4\n>p1 move earthquake\n>p2 move scald\n>p1 move explosion\n>p2 move protect\n>p1 switch 3\n>p1 move moonblast\n>p2 switch 4\n>p1 move moonblast\n>p2 move roost\n>p1 switch 4\n>p2 move thunderwave\n>p1 move rockblast\n>p2 move lunge\n>p2 switch 2\n>p1 move rockblast\n>p2 move hurricane\n>p1 switch 2\n>p1 move calmmind\n>p2 move hurricane\n>p1 move psychic\n>p2 move hurricane\n>p2 switch 3\n>p1 switch 5\n>p2 move knockoff\n>p1 move stickyweb\n>p2 switch 5\n>p1 move circlethrow\n>p2 move powergem\n>p1 move knockoff\n>p2 switch 6\n>p1 move circlethrow\n>p2 move ironhead\n>p1 switch 4\n>p1 move moonblast terastallize\n>p2 move ironhead\n>p2 switch 4\n>p1 switch 6\n>p2 move flashcannon\n>p1 move voltswitch\n>p2 switch 5\n>p1 switch 6\n>p1 move shadowball\n>p2 move psychicnoise\n>forcelose p2", "uploadtime": 1781403704, "views": 5, "formatid": "gen9randombattle", "rating": null, "private": 0, "password": null}