{"id": "gen9randombattle-2631630317", "format": "[Gen 9] Random Battle", "players": ["Vanillavanilla", "mrt4004"], "log": "|j|\u2606Vanillavanilla\n|j|\u2606mrt4004\n|t:|1781411580\n|gametype|singles\n|player|p1|Vanillavanilla|266|1365\n|player|p2|mrt4004|veteran|1418\n|gen|9\n|tier|[Gen 9] Random Battle\n|rated|\n|rule|Species Clause: Limit one of each Pok\u00e9mon\n|rule|HP Percentage Mod: HP is shown in percentages\n|rule|Sleep Clause Mod: Limit one foe put to sleep\n|rule|Illusion Level Mod: Illusion disguises the Pok\u00e9mon's true level\n|\n|t:|1781411580\n|teamsize|p1|6\n|teamsize|p2|6\n|start\n|switch|p1a: Azelf|Azelf, L82|257/257\n|switch|p2a: Scrafty|Scrafty, L83, M|244/244\n|turn|1\n|inactive|Battle timer is ON: inactive players will automatically lose when time's up. (requested by Vanillavanilla)\n|l|\u2606mrt4004\n|inactive|mrt4004 disconnected and has a minute to reconnect!\n|player|p2|\n|j|\u2606mrt4004\n|inactive|mrt4004 reconnected and has 125 seconds left.\n|player|p2|mrt4004|veteran|\n|inactive|mrt4004 has 120 seconds left.\n|\n|t:|1781411623\n|switch|p1a: Mimikyu|Mimikyu, L79, F|216/216\n|move|p2a: Scrafty|Bulk Up|p2a: Scrafty\n|-boost|p2a: Scrafty|atk|1\n|-boost|p2a: Scrafty|def|1\n|\n|upkeep\n|turn|2\n|\n|t:|1781411647\n|move|p1a: Mimikyu|Play Rough|p2a: Scrafty\n|-supereffective|p2a: Scrafty\n|-damage|p2a: Scrafty|20/244\n|-damage|p1a: Mimikyu|195/216|[from] item: Life Orb\n|move|p2a: Scrafty|Knock Off|p1a: Mimikyu\n|-activate|p1a: Mimikyu|ability: Disguise\n|-damage|p1a: Mimikyu|195/216\n|-enditem|p1a: Mimikyu|Life Orb|[from] move: Knock Off|[of] p2a: Scrafty\n|detailschange|p1a: Mimikyu|Mimikyu-Busted, L79, F\n|-damage|p1a: Mimikyu|168/216|[from] pokemon: Mimikyu-Busted\n|\n|-heal|p2a: Scrafty|35/244|[from] item: Leftovers\n|upkeep\n|turn|3\n|\n|t:|1781411662\n|switch|p2a: Dialga|Dialga, L73|266/266\n|-ability|p2a: Dialga|Pressure\n|move|p1a: Mimikyu|Play Rough|p2a: Dialga\n|-damage|p2a: Dialga|187/266\n|\n|-heal|p2a: Dialga|203/266|[from] item: Leftovers\n|upkeep\n|turn|4\n|\n|t:|1781411679\n|switch|p1a: Forretress|Forretress, L84, M|263/263\n|move|p2a: Dialga|Stealth Rock|p1a: Forretress\n|-sidestart|p1: Vanillavanilla|move: Stealth Rock\n|\n|-heal|p2a: Dialga|219/266|[from] item: Leftovers\n|upkeep\n|turn|5\n|\n|t:|1781411696\n|move|p2a: Dialga|Fire Blast|p1a: Forretress|[miss]\n|-miss|p2a: Dialga|p1a: Forretress\n|move|p1a: Forretress|Thunder Wave|p2a: Dialga|[miss]\n|-miss|p1a: Forretress|p2a: Dialga\n|\n|-heal|p2a: Dialga|235/266|[from] item: Leftovers\n|upkeep\n|turn|6\n|\n|t:|1781411703\n|move|p2a: Dialga|Fire Blast|p1a: Forretress\n|-supereffective|p1a: Forretress\n|-ability|p1a: Forretress|Sturdy\n|-damage|p1a: Forretress|1/263\n|move|p1a: Forretress|Thunder Wave|p2a: Dialga\n|-status|p2a: Dialga|par\n|\n|-heal|p1a: Forretress|17/263|[from] item: Leftovers\n|-heal|p2a: Dialga|251/266 par|[from] item: Leftovers\n|upkeep\n|turn|7\n|\n|t:|1781411714\n|move|p1a: Forretress|Spikes|p2a: Dialga\n|-sidestart|p2: mrt4004|Spikes\n|cant|p2a: Dialga|par\n|\n|-heal|p1a: Forretress|33/263|[from] item: Leftovers\n|-heal|p2a: Dialga|266/266 par|[from] item: Leftovers\n|upkeep\n|turn|8\n|\n|t:|1781411719\n|move|p1a: Forretress|Rapid Spin|p2a: Dialga\n|-resisted|p2a: Dialga\n|-damage|p2a: Dialga|251/266 par\n|-boost|p1a: Forretress|spe|1\n|-sideend|p1: Vanillavanilla|Stealth Rock|[from] move: Rapid Spin|[of] p1a: Forretress\n|move|p2a: Dialga|Fire Blast|p1a: Forretress\n|-supereffective|p1a: Forretress\n|-damage|p1a: Forretress|0 fnt\n|faint|p1a: Forretress\n|\n|-heal|p2a: Dialga|266/266 par|[from] item: Leftovers\n|upkeep\n|\n|t:|1781411725\n|switch|p1a: Sandslash|Sandslash, L89, M|278/278\n|turn|9\n|\n|t:|1781411745\n|move|p1a: Sandslash|Swords Dance|p1a: Sandslash\n|-boost|p1a: Sandslash|atk|2\n|move|p2a: Dialga|Draco Meteor|p1a: Sandslash\n|-damage|p1a: Sandslash|92/278\n|-unboost|p2a: Dialga|spa|2\n|\n|-heal|p1a: Sandslash|109/278|[from] item: Leftovers\n|upkeep\n|turn|10\n|\n|t:|1781411751\n|move|p1a: Sandslash|Earthquake|p2a: Dialga\n|-supereffective|p2a: Dialga\n|-damage|p2a: Dialga|0 fnt\n|faint|p2a: Dialga\n|\n|-heal|p1a: Sandslash|126/278|[from] item: Leftovers\n|upkeep\n|\n|t:|1781411756\n|switch|p2a: Meganium|Meganium, L90, M|290/290\n|-damage|p2a: Meganium|254/290|[from] Spikes\n|turn|11\n|\n|t:|1781411771\n|move|p2a: Meganium|Swords Dance|p2a: Meganium\n|-boost|p2a: Meganium|atk|2\n|move|p1a: Sandslash|Knock Off|p2a: Meganium\n|-damage|p2a: Meganium|112/290\n|-enditem|p2a: Meganium|Leftovers|[from] move: Knock Off|[of] p1a: Sandslash\n|\n|-heal|p1a: Sandslash|143/278|[from] item: Leftovers\n|upkeep\n|turn|12\n|inactive|mrt4004 has 120 seconds left.\n|\n|t:|1781411807\n|move|p2a: Meganium|Petal Blizzard|p1a: Sandslash\n|-supereffective|p1a: Sandslash\n|-damage|p1a: Sandslash|0 fnt\n|faint|p1a: Sandslash\n|\n|upkeep\n|\n|t:|1781411826\n|switch|p1a: Floatzel|Floatzel, L86, F|286/286\n|turn|13\n|\n|t:|1781411834\n|move|p1a: Floatzel|Ice Spinner|p2a: Meganium\n|-supereffective|p2a: Meganium\n|-damage|p2a: Meganium|0 fnt\n|faint|p2a: Meganium\n|\n|upkeep\n|\n|t:|1781411838\n|switch|p2a: Scrafty|Scrafty, L83, M|35/244\n|-damage|p2a: Scrafty|5/244|[from] Spikes\n|turn|14\n|\n|t:|1781411856\n|move|p1a: Floatzel|Ice Spinner|p2a: Scrafty\n|-damage|p2a: Scrafty|0 fnt\n|faint|p2a: Scrafty\n|\n|upkeep\n|inactive|mrt4004 has 120 seconds left.\n|c|\u2606mrt4004|Well, it fejitlly be a bad idea play drunk XD\n|\n|t:|1781411888\n|switch|p2a: Raikou|Raikou, L81|278/278\n|-damage|p2a: Raikou|244/278|[from] Spikes\n|-ability|p2a: Raikou|Pressure\n|turn|15\n|\n|t:|1781411903\n|switch|p1a: Mimikyu|Mimikyu-Busted, L79, F|168/216\n|move|p2a: Raikou|Thunderbolt|p1a: Mimikyu\n|-damage|p1a: Mimikyu|77/216\n|-status|p1a: Mimikyu|par\n|\n|-heal|p2a: Raikou|261/278|[from] item: Leftovers\n|upkeep\n|turn|16\n|l|\u2606mrt4004\n|inactive|mrt4004 disconnected and has a minute to reconnect!\n|player|p2|\n|inactive|mrt4004 has 30 seconds to reconnect!\n|inactive|mrt4004 has 20 seconds to reconnect!\n|inactive|mrt4004 has 15 seconds to reconnect!\n|inactive|mrt4004 has 10 seconds to reconnect!\n|inactive|mrt4004 has 5 seconds to reconnect!\n|-message|mrt4004 lost due to inactivity.\n|\n|win|Vanillavanilla\n|raw|Vanillavanilla's rating: 1365 &rarr; <strong>1388</strong><br />(+23 for winning)\n|raw|mrt4004's rating: 1418 &rarr; <strong>1395</strong><br />(-23 for losing)\n|j|\u2606mrt4004\n|player|p2|mrt4004|veteran|\n", "uploadtime": 1781411998, "views": 4, "formatid": "gen9randombattle", "rating": 1388, "private": 0, "password": null}