{"id": "gen9randombattle-2631628546", "format": "[Gen 9] Random Battle", "players": ["Planetary Fern", "iluffy751"], "log": "|j|\u2606Planetary Fern\n|j|\u2606iluffy751\n|t:|1781411292\n|gametype|singles\n|player|p1|Planetary Fern|lanette|1488\n|player|p2|iluffy751|red|1456\n|gen|9\n|tier|[Gen 9] Random Battle\n|rated|\n|rule|Species Clause: Limit one of each Pok\u00e9mon\n|rule|HP Percentage Mod: HP is shown in percentages\n|rule|Sleep Clause Mod: Limit one foe put to sleep\n|rule|Illusion Level Mod: Illusion disguises the Pok\u00e9mon's true level\n|\n|t:|1781411292\n|teamsize|p1|6\n|teamsize|p2|6\n|start\n|switch|p1a: Orthworm|Orthworm, L88, F|266/266\n|switch|p2a: Garchomp|Garchomp, L74, M|282/282\n|turn|1\n|\n|t:|1781411306\n|move|p2a: Garchomp|Swords Dance|p2a: Garchomp\n|-boost|p2a: Garchomp|atk|2\n|move|p1a: Orthworm|Coil|p1a: Orthworm\n|-boost|p1a: Orthworm|atk|1\n|-boost|p1a: Orthworm|def|1\n|-boost|p1a: Orthworm|accuracy|1\n|\n|upkeep\n|turn|2\n|\n|t:|1781411333\n|move|p2a: Garchomp|Swords Dance|p2a: Garchomp\n|-boost|p2a: Garchomp|atk|2\n|move|p1a: Orthworm|Coil|p1a: Orthworm\n|-boost|p1a: Orthworm|atk|1\n|-boost|p1a: Orthworm|def|1\n|-boost|p1a: Orthworm|accuracy|1\n|\n|upkeep\n|turn|3\n|\n|t:|1781411343\n|move|p2a: Garchomp|Swords Dance|p2a: Garchomp\n|-boost|p2a: Garchomp|atk|2\n|move|p1a: Orthworm|Coil|p1a: Orthworm\n|-boost|p1a: Orthworm|atk|1\n|-boost|p1a: Orthworm|def|1\n|-boost|p1a: Orthworm|accuracy|1\n|\n|upkeep\n|turn|4\n|\n|t:|1781411354\n|-terastallize|p2a: Garchomp|Fire\n|move|p2a: Garchomp|Fire Fang|p1a: Orthworm\n|-supereffective|p1a: Orthworm\n|-damage|p1a: Orthworm|138/266\n|move|p1a: Orthworm|Iron Tail|p2a: Garchomp\n|-resisted|p2a: Garchomp\n|-damage|p2a: Garchomp|137/282\n|-damage|p1a: Orthworm|105/266|[from] ability: Rough Skin|[of] p2a: Garchomp\n|\n|upkeep\n|turn|5\n|\n|t:|1781411365\n|move|p2a: Garchomp|Fire Fang|p1a: Orthworm\n|-supereffective|p1a: Orthworm\n|-damage|p1a: Orthworm|0 fnt\n|faint|p1a: Orthworm\n|\n|upkeep\n|\n|t:|1781411368\n|switch|p1a: Keldeo|Keldeo-Resolute, L79|273/273\n|turn|6\n|\n|t:|1781411386\n|switch|p2a: Ampharos|Ampharos, L88, F|302/302\n|move|p1a: Keldeo|Surf|p2a: Ampharos\n|-damage|p2a: Ampharos|206/302\n|\n|upkeep\n|turn|7\n|\n|t:|1781411395\n|switch|p1a: Donphan|Donphan, L84, F|288/288\n|move|p2a: Ampharos|Volt Switch|p1a: Donphan\n|-immune|p1a: Donphan\n|\n|upkeep\n|turn|8\n|\n|t:|1781411406\n|switch|p2a: Flamigo|Flamigo, L82, F|269/269\n|move|p1a: Donphan|Knock Off|p2a: Flamigo\n|-resisted|p2a: Flamigo\n|-damage|p2a: Flamigo|221/269\n|-enditem|p2a: Flamigo|Life Orb|[from] move: Knock Off|[of] p1a: Donphan\n|\n|upkeep\n|turn|9\n|\n|t:|1781411414\n|switch|p1a: Wyrdeer|Wyrdeer, L87, M|321/321\n|-ability|p1a: Wyrdeer|Intimidate|boost\n|-fail|p2a: Flamigo|unboost|Attack|[from] ability: Scrappy|[of] p2a: Flamigo\n|move|p2a: Flamigo|Swords Dance|p2a: Flamigo\n|-boost|p2a: Flamigo|atk|2\n|\n|upkeep\n|turn|10\n|\n|t:|1781411426\n|move|p2a: Flamigo|Brave Bird|p1a: Wyrdeer\n|-damage|p1a: Wyrdeer|18/321\n|-damage|p2a: Flamigo|121/269|[from] Recoil\n|move|p1a: Wyrdeer|Psychic Noise|p2a: Flamigo\n|-supereffective|p2a: Flamigo\n|-damage|p2a: Flamigo|0 fnt\n|faint|p2a: Flamigo\n|\n|-heal|p1a: Wyrdeer|38/321|[from] item: Leftovers\n|upkeep\n|\n|t:|1781411450\n|switch|p2a: Calyrex|Calyrex, L93|337/337\n|-ability|p2a: Calyrex|Unnerve\n|turn|11\n|\n|t:|1781411459\n|move|p2a: Calyrex|Body Press|p1a: Wyrdeer\n|-damage|p1a: Wyrdeer|0 fnt\n|faint|p1a: Wyrdeer\n|\n|upkeep\n|\n|t:|1781411468\n|switch|p1a: Scizor|Scizor, L79, F|240/240\n|turn|12\n|\n|t:|1781411480\n|switch|p2a: Garchomp|Garchomp, L74, M, tera:Fire|137/282\n|move|p1a: Scizor|U-turn|p2a: Garchomp\n|-resisted|p2a: Garchomp\n|-damage|p2a: Garchomp|76/282\n|-damage|p1a: Scizor|210/240|[from] ability: Rough Skin|[of] p2a: Garchomp\n|\n|t:|1781411514\n|switch|p1a: Keldeo|Keldeo-Resolute, L79|273/273|[from] U-turn\n|\n|upkeep\n|turn|13\n|\n|t:|1781411522\n|move|p1a: Keldeo|Surf|p2a: Garchomp\n|-supereffective|p2a: Garchomp\n|-damage|p2a: Garchomp|0 fnt\n|faint|p2a: Garchomp\n|\n|upkeep\n|\n|t:|1781411531\n|switch|p2a: Calyrex|Calyrex, L93|337/337\n|-ability|p2a: Calyrex|Unnerve\n|turn|14\n|\n|t:|1781411558\n|switch|p1a: Scizor|Scizor, L79, F|210/240\n|move|p2a: Calyrex|Body Press|p1a: Scizor\n|-damage|p1a: Scizor|148/240\n|\n|upkeep\n|turn|15\n|\n|t:|1781411572\n|switch|p2a: Ampharos|Ampharos, L88, F|206/302\n|move|p1a: Scizor|U-turn|p2a: Ampharos\n|-damage|p2a: Ampharos|92/302\n|-status|p1a: Scizor|par|[from] ability: Static|[of] p2a: Ampharos\n|\n|t:|1781411598\n|switch|p1a: Keldeo|Keldeo-Resolute, L79|273/273|[from] U-turn\n|\n|upkeep\n|turn|16\n|\n|t:|1781411604\n|move|p1a: Keldeo|Secret Sword|p2a: Ampharos\n|-damage|p2a: Ampharos|0 fnt\n|faint|p2a: Ampharos\n|\n|upkeep\n|\n|t:|1781411626\n|switch|p2a: Calyrex|Calyrex, L93|337/337\n|-ability|p2a: Calyrex|Unnerve\n|turn|17\n|\n|t:|1781411640\n|switch|p1a: Slowbro|Slowbro-Galar, L87, M|307/307\n|switch|p2a: Cetitan|Cetitan, L82, F|413/413\n|\n|upkeep\n|turn|18\n|\n|t:|1781411652\n|move|p2a: Cetitan|Icicle Crash|p1a: Slowbro\n|-damage|p1a: Slowbro|167/307\n|move|p1a: Slowbro|Psychic|p2a: Cetitan\n|-damage|p2a: Cetitan|234/413\n|-damage|p1a: Slowbro|137/307|[from] item: Life Orb\n|\n|upkeep\n|turn|19\n|\n|t:|1781411663\n|switch|p1a: Keldeo|Keldeo-Resolute, L79|273/273\n|move|p2a: Cetitan|Icicle Crash|p1a: Keldeo\n|-resisted|p1a: Keldeo\n|-damage|p1a: Keldeo|183/273\n|\n|-heal|p1a: Keldeo|200/273|[from] item: Leftovers\n|upkeep\n|turn|20\n|\n|t:|1781411677\n|switch|p2a: Venomoth|Venomoth, L84, F|255/255\n|move|p1a: Keldeo|Secret Sword|p2a: Venomoth\n|-resisted|p2a: Venomoth\n|-damage|p2a: Venomoth|222/255\n|\n|-heal|p1a: Keldeo|217/273|[from] item: Leftovers\n|upkeep\n|turn|21\n|\n|t:|1781411688\n|switch|p1a: Scizor|Scizor, L79, F|148/240 par\n|move|p2a: Venomoth|Sleep Powder||[still]\n|-fail|p2a: Venomoth\n|\n|upkeep\n|turn|22\n|\n|t:|1781411695\n|cant|p1a: Scizor|par\n|move|p2a: Venomoth|Quiver Dance|p2a: Venomoth\n|-boost|p2a: Venomoth|spa|1\n|-boost|p2a: Venomoth|spd|1\n|-boost|p2a: Venomoth|spe|1\n|\n|upkeep\n|turn|23\n|\n|t:|1781411704\n|cant|p1a: Scizor|par\n|move|p2a: Venomoth|Quiver Dance|p2a: Venomoth\n|-boost|p2a: Venomoth|spa|1\n|-boost|p2a: Venomoth|spd|1\n|-boost|p2a: Venomoth|spe|1\n|\n|upkeep\n|turn|24\n|\n|t:|1781411712\n|-terastallize|p1a: Scizor|Steel\n|move|p1a: Scizor|Bullet Punch|p2a: Venomoth\n|-damage|p2a: Venomoth|52/255\n|move|p2a: Venomoth|Bug Buzz|p1a: Scizor\n|-resisted|p1a: Scizor\n|-damage|p1a: Scizor|0 fnt\n|faint|p1a: Scizor\n|\n|upkeep\n|\n|t:|1781411720\n|switch|p1a: Donphan|Donphan, L84, F|288/288\n|turn|25\n|\n|t:|1781411725\n|move|p2a: Venomoth|Bug Buzz|p1a: Donphan\n|-damage|p1a: Donphan|129/288\n|move|p1a: Donphan|Earthquake|p2a: Venomoth\n|-damage|p2a: Venomoth|0 fnt\n|faint|p2a: Venomoth\n|\n|upkeep\n|\n|t:|1781411736\n|switch|p2a: Cetitan|Cetitan, L82, F|234/413\n|turn|26\n|\n|t:|1781411747\n|move|p2a: Cetitan|Liquidation|p1a: Donphan\n|-supereffective|p1a: Donphan\n|-damage|p1a: Donphan|0 fnt\n|faint|p1a: Donphan\n|\n|upkeep\n|\n|t:|1781411750\n|switch|p1a: Keldeo|Keldeo-Resolute, L79|217/273\n|turn|27\n|\n|t:|1781411755\n|switch|p2a: Calyrex|Calyrex, L93|337/337\n|-ability|p2a: Calyrex|Unnerve\n|move|p1a: Keldeo|Substitute|p1a: Keldeo\n|-start|p1a: Keldeo|Substitute\n|-damage|p1a: Keldeo|149/273\n|\n|-heal|p1a: Keldeo|166/273|[from] item: Leftovers\n|upkeep\n|turn|28\n|\n|t:|1781411767\n|move|p1a: Keldeo|Calm Mind|p1a: Keldeo\n|-boost|p1a: Keldeo|spa|1\n|-boost|p1a: Keldeo|spd|1\n|move|p2a: Calyrex|Psyshock|p1a: Keldeo\n|-supereffective|p1a: Keldeo\n|-end|p1a: Keldeo|Substitute\n|\n|-heal|p1a: Keldeo|183/273|[from] item: Leftovers\n|upkeep\n|turn|29\n|\n|t:|1781411778\n|move|p1a: Keldeo|Surf|p2a: Calyrex\n|-resisted|p2a: Calyrex\n|-crit|p2a: Calyrex\n|-damage|p2a: Calyrex|226/337\n|move|p2a: Calyrex|Psyshock|p1a: Keldeo\n|-supereffective|p1a: Keldeo\n|-damage|p1a: Keldeo|3/273\n|\n|-heal|p1a: Keldeo|20/273|[from] item: Leftovers\n|-heal|p2a: Calyrex|247/337|[from] item: Leftovers\n|upkeep\n|turn|30\n|\n|t:|1781411788\n|move|p1a: Keldeo|Surf|p2a: Calyrex\n|-resisted|p2a: Calyrex\n|-damage|p2a: Calyrex|172/337\n|move|p2a: Calyrex|Giga Drain|p1a: Keldeo\n|-supereffective|p1a: Keldeo\n|-damage|p1a: Keldeo|0 fnt\n|-heal|p2a: Calyrex|182/337|[from] drain|[of] p1a: Keldeo\n|faint|p1a: Keldeo\n|\n|-heal|p2a: Calyrex|203/337|[from] item: Leftovers\n|upkeep\n|\n|t:|1781411793\n|switch|p1a: Slowbro|Slowbro-Galar, L87, M|239/307\n|turn|31\n|\n|t:|1781411802\n|move|p2a: Calyrex|Psyshock|p1a: Slowbro\n|-damage|p1a: Slowbro|155/307\n|move|p1a: Slowbro|Trick Room|p1a: Slowbro\n|-fieldstart|move: Trick Room|[of] p1a: Slowbro\n|\n|-heal|p2a: Calyrex|224/337|[from] item: Leftovers\n|upkeep\n|turn|32\n|\n|t:|1781411810\n|move|p1a: Slowbro|Shell Side Arm|p2a: Calyrex|[anim] Shell Side Arm Physical\n|-supereffective|p2a: Calyrex\n|-damage|p2a: Calyrex|0 fnt\n|-hint|Physical Shell Side Arm\n|faint|p2a: Calyrex\n|-damage|p1a: Slowbro|125/307|[from] item: Life Orb\n|\n|upkeep\n|\n|t:|1781411818\n|switch|p2a: Cetitan|Cetitan, L82, F|234/413\n|turn|33\n|\n|t:|1781411824\n|move|p1a: Slowbro|Fire Blast|p2a: Cetitan\n|-supereffective|p2a: Cetitan\n|-damage|p2a: Cetitan|0 fnt\n|faint|p2a: Cetitan\n|-damage|p1a: Slowbro|95/307|[from] item: Life Orb\n|\n|win|Planetary Fern\n|raw|Planetary Fern's rating: 1488 &rarr; <strong>1506</strong><br />(+18 for winning)\n|raw|iluffy751's rating: 1456 &rarr; <strong>1438</strong><br />(-18 for losing)\n|l|\u2606iluffy751\n|player|p2|\n", "inputlog": ">version a8376a258c1d4662feba110a92103f3664a72141\n>start {\"formatid\":\"gen9randombattle\",\"seed\":\"sodium,f1c471d39d9e5d02c1af7361e630bf44\",\"rated\":\"Rated battle\"}\n>player p1 {\"name\":\"Planetary Fern\",\"avatar\":\"lanette\",\"rating\":1488,\"seed\":\"sodium,b61485526001c5df8d3c072dcd89f673\"}\n>player p2 {\"name\":\"iluffy751\",\"avatar\":\"red\",\"rating\":1456,\"seed\":\"sodium,e436b3984fd0f04fcc5a6522e4300caf\"}\n>p1 move coil\n>p2 move swordsdance\n>p1 move coil\n>p2 move swordsdance\n>p1 move coil\n>p2 move swordsdance\n>p1 move irontail\n>p2 move firefang terastallize\n>p1 move rest\n>p2 move firefang\n>p1 switch 3\n>p1 move surf\n>p2 switch 4\n>p1 switch 2\n>p2 move voltswitch\n>p1 move knockoff\n>p2 switch 3\n>p1 switch 6\n>p2 move swordsdance\n>p1 move psychicnoise\n>p2 move bravebird\n>p2 switch 2\n>p1 move thunderwave\n>p2 move bodypress\n>p1 switch 4\n>p1 move uturn\n>p2 switch 4\n>p1 switch 2\n>p1 move surf\n>p2 move scaleshot\n>p2 switch 4\n>p1 switch 2\n>p2 move bodypress\n>p1 move uturn\n>p2 switch 3\n>p1 switch 2\n>p1 move secretsword\n>p2 move thunderbolt\n>p2 switch 3\n>p1 switch 5\n>p2 switch 6\n>p1 move psychic\n>p2 move iciclecrash\n>p1 switch 5\n>p2 move iciclecrash\n>p1 move secretsword\n>p2 switch 5\n>p1 switch 2\n>p2 move sleeppowder\n>p1 move bulletpunch\n>p2 move quiverdance\n>p1 move bulletpunch\n>p2 move quiverdance\n>p1 move bulletpunch terastallize\n>p2 move bugbuzz\n>p1 switch 6\n>p1 move earthquake\n>p2 move bugbuzz\n>p2 switch 5\n>p1 move earthquake\n>p2 move liquidation\n>p1 switch 2\n>p1 move substitute\n>p2 switch 6\n>p1 move calmmind\n>p2 move psyshock\n>p1 move surf\n>p2 move psyshock\n>p1 move surf\n>p2 move gigadrain\n>p1 switch 5\n>p1 move trickroom\n>p2 move psyshock\n>p1 move shellsidearm\n>p2 move encore\n>p2 switch 6\n>p1 move fireblast\n>p2 move iciclecrash", "uploadtime": 1781411830, "views": 5, "formatid": "gen9randombattle", "rating": 1438, "private": 0, "password": null}