{"id": "gen9randombattle-2631838946", "format": "[Gen 9] Random Battle", "players": ["MGSsense", "joebidenfan1245"], "log": "|j|\u2606MGSsense\n|j|\u203djoebidenfan1245\n|t:|1781446623\n|gametype|singles\n|player|p1|MGSsense|riley|2045\n|player|p2|joebidenfan1245|265|2043\n|gen|9\n|tier|[Gen 9] Random Battle\n|rated|\n|rule|Species Clause: Limit one of each Pok\u00e9mon\n|rule|HP Percentage Mod: HP is shown in percentages\n|rule|Sleep Clause Mod: Limit one foe put to sleep\n|rule|Illusion Level Mod: Illusion disguises the Pok\u00e9mon's true level\n|\n|t:|1781446623\n|teamsize|p1|6\n|teamsize|p2|6\n|start\n|switch|p1a: Cinderace|Cinderace, L77, M|249/249\n|switch|p2a: Krookodile|Krookodile, L79, F|280/280\n|-ability|p2a: Krookodile|Intimidate|boost\n|-unboost|p1a: Cinderace|atk|1\n|turn|1\n|inactive|Battle timer is ON: inactive players will automatically lose when time's up. (requested by MGSsense)\n|inactive|MGSsense has 120 seconds left.\n|\n|t:|1781446654\n|switch|p2a: Conkeldurr|Conkeldurr, L80, M|299/299\n|move|p1a: Cinderace|U-turn|p2a: Conkeldurr\n|-start|p1a: Cinderace|typechange|Bug|[from] ability: Libero\n|-resisted|p2a: Conkeldurr\n|-damage|p2a: Conkeldurr|262/299\n|\n|t:|1781446670\n|switch|p1a: Scream Tail|Scream Tail, L84|330/330|[from] U-turn\n|\n|-status|p2a: Conkeldurr|brn|[from] item: Flame Orb\n|upkeep\n|turn|2\n|\n|t:|1781446692\n|switch|p2a: Swampert|Swampert, L83, F|302/302\n|move|p1a: Scream Tail|Dazzling Gleam|p2a: Swampert\n|-crit|p2a: Swampert\n|-damage|p2a: Swampert|215/302\n|\n|-heal|p2a: Swampert|233/302|[from] item: Leftovers\n|upkeep\n|turn|3\n|\n|t:|1781446701\n|-end|p1a: Scream Tail|Protosynthesis|[silent]\n|switch|p1a: Gumshoos|Gumshoos, L95, M|321/321\n|move|p2a: Swampert|Earthquake|p1a: Gumshoos\n|-damage|p1a: Gumshoos|182/321\n|\n|-heal|p2a: Swampert|251/302|[from] item: Leftovers\n|upkeep\n|turn|4\n|\n|t:|1781446710\n|move|p2a: Swampert|Earthquake|p1a: Gumshoos\n|-damage|p1a: Gumshoos|40/321\n|move|p1a: Gumshoos|Double-Edge|p2a: Swampert\n|-damage|p2a: Swampert|0 fnt\n|faint|p2a: Swampert\n|-damage|p1a: Gumshoos|0 fnt|[from] Recoil\n|faint|p1a: Gumshoos\n|\n|upkeep\n|\n|t:|1781446730\n|switch|p2a: Suicune|Suicune, L82|298/298\n|switch|p1a: Cinderace|Cinderace, L77, M|249/249\n|-ability|p2a: Suicune|Pressure\n|turn|5\n|\n|t:|1781446738\n|move|p1a: Cinderace|U-turn|p2a: Suicune\n|-start|p1a: Cinderace|typechange|Bug|[from] ability: Libero\n|-damage|p2a: Suicune|207/298\n|\n|t:|1781446743\n|switch|p1a: Scream Tail|Scream Tail, L84|330/330|[from] U-turn\n|move|p2a: Suicune|Scald|p1a: Scream Tail\n|-damage|p1a: Scream Tail|266/330\n|\n|-heal|p1a: Scream Tail|286/330|[from] item: Leftovers\n|-heal|p2a: Suicune|225/298|[from] item: Leftovers\n|upkeep\n|turn|6\n|\n|t:|1781446757\n|move|p1a: Scream Tail|Dazzling Gleam|p2a: Suicune\n|-damage|p2a: Suicune|168/298\n|move|p2a: Suicune|Calm Mind|p2a: Suicune\n|-boost|p2a: Suicune|spa|1\n|-boost|p2a: Suicune|spd|1\n|\n|-heal|p1a: Scream Tail|306/330|[from] item: Leftovers\n|-heal|p2a: Suicune|186/298|[from] item: Leftovers\n|upkeep\n|turn|7\n|\n|t:|1781446766\n|move|p1a: Scream Tail|Encore|p2a: Suicune\n|-start|p2a: Suicune|Encore\n|move|p2a: Suicune|Calm Mind|p2a: Suicune\n|-boost|p2a: Suicune|spa|1\n|-boost|p2a: Suicune|spd|1\n|\n|-heal|p1a: Scream Tail|326/330|[from] item: Leftovers\n|-heal|p2a: Suicune|204/298|[from] item: Leftovers\n|upkeep\n|turn|8\n|\n|t:|1781446783\n|-end|p1a: Scream Tail|Protosynthesis|[silent]\n|switch|p1a: Cinderace|Cinderace, L77, M|249/249\n|switch|p2a: Serperior|Serperior, L79, M|248/248\n|\n|upkeep\n|turn|9\n|\n|t:|1781446797\n|switch|p2a: Conkeldurr|Conkeldurr, L80, M|262/299 brn\n|move|p1a: Cinderace|U-turn|p2a: Conkeldurr\n|-start|p1a: Cinderace|typechange|Bug|[from] ability: Libero\n|-resisted|p2a: Conkeldurr\n|-damage|p2a: Conkeldurr|214/299 brn\n|\n|t:|1781446804\n|switch|p1a: Scream Tail|Scream Tail, L84|326/330|[from] U-turn\n|\n|-heal|p1a: Scream Tail|330/330|[from] item: Leftovers\n|-damage|p2a: Conkeldurr|196/299 brn|[from] brn\n|upkeep\n|turn|10\n|\n|t:|1781446814\n|switch|p2a: Serperior|Serperior, L79, M|248/248\n|move|p1a: Scream Tail|Dazzling Gleam|p2a: Serperior\n|-damage|p2a: Serperior|182/248\n|\n|upkeep\n|turn|11\n|\n|t:|1781446826\n|-end|p1a: Scream Tail|Protosynthesis|[silent]\n|switch|p1a: Swalot|Swalot, L90, F|326/326\n|move|p2a: Serperior|Glare|p1a: Swalot\n|-status|p1a: Swalot|par\n|\n|upkeep\n|turn|12\n|\n|t:|1781446836\n|switch|p2a: Krookodile|Krookodile, L79, F|280/280\n|-ability|p2a: Krookodile|Intimidate|boost\n|-unboost|p1a: Swalot|atk|1\n|move|p1a: Swalot|Sludge Bomb|p2a: Krookodile\n|-resisted|p2a: Krookodile\n|-damage|p2a: Krookodile|226/280\n|\n|-heal|p2a: Krookodile|243/280|[from] item: Leftovers\n|upkeep\n|turn|13\n|\n|t:|1781446849\n|switch|p1a: Swanna|Swanna, L89, F|278/278\n|move|p2a: Krookodile|Knock Off|p1a: Swanna\n|-damage|p1a: Swanna|157/278\n|-enditem|p1a: Swanna|Heavy-Duty Boots|[from] move: Knock Off|[of] p2a: Krookodile\n|\n|-heal|p2a: Krookodile|260/280|[from] item: Leftovers\n|upkeep\n|turn|14\n|\n|t:|1781446865\n|switch|p2a: Suicune|Suicune, L82|204/298\n|-ability|p2a: Suicune|Pressure\n|move|p1a: Swanna|Hydro Pump|p2a: Suicune\n|-resisted|p2a: Suicune\n|-damage|p2a: Suicune|151/298\n|\n|-heal|p2a: Suicune|169/298|[from] item: Leftovers\n|upkeep\n|turn|15\n|\n|t:|1781446875\n|switch|p1a: Scream Tail|Scream Tail, L84|330/330\n|move|p2a: Suicune|Ice Beam|p1a: Scream Tail\n|-damage|p1a: Scream Tail|282/330\n|\n|-heal|p1a: Scream Tail|302/330|[from] item: Leftovers\n|-heal|p2a: Suicune|187/298|[from] item: Leftovers\n|upkeep\n|turn|16\n|\n|t:|1781446886\n|switch|p2a: Serperior|Serperior, L79, M|182/248\n|move|p1a: Scream Tail|Wish|p1a: Scream Tail\n|\n|-heal|p1a: Scream Tail|322/330|[from] item: Leftovers\n|upkeep\n|turn|17\n|\n|t:|1781446897\n|-end|p1a: Scream Tail|Protosynthesis|[silent]\n|switch|p1a: Swalot|Swalot, L90, F|326/326 par\n|switch|p2a: Krookodile|Krookodile, L79, F|260/280\n|-ability|p2a: Krookodile|Intimidate|boost\n|-unboost|p1a: Swalot|atk|1\n|\n|-heal|p2a: Krookodile|277/280|[from] item: Leftovers\n|upkeep\n|turn|18\n|\n|t:|1781446904\n|switch|p1a: Swanna|Swanna, L89, F|157/278\n|move|p2a: Krookodile|Earthquake|p1a: Swanna\n|-immune|p1a: Swanna\n|\n|-heal|p2a: Krookodile|280/280|[from] item: Leftovers\n|upkeep\n|turn|19\n|\n|t:|1781446918\n|move|p1a: Swanna|Roost|p1a: Swanna\n|-heal|p1a: Swanna|278/278\n|-singleturn|p1a: Swanna|move: Roost\n|move|p2a: Krookodile|Gunk Shot|p1a: Swanna\n|-crit|p1a: Swanna\n|-damage|p1a: Swanna|123/278\n|\n|upkeep\n|turn|20\n|\n|t:|1781446926\n|switch|p2a: Suicune|Suicune, L82|187/298\n|-ability|p2a: Suicune|Pressure\n|move|p1a: Swanna|Hydro Pump|p2a: Suicune|[miss]\n|-miss|p1a: Swanna|p2a: Suicune\n|\n|-heal|p2a: Suicune|205/298|[from] item: Leftovers\n|upkeep\n|turn|21\n|\n|t:|1781446936\n|move|p1a: Swanna|Roost|p1a: Swanna\n|-heal|p1a: Swanna|262/278\n|-singleturn|p1a: Swanna|move: Roost\n|move|p2a: Suicune|Ice Beam|p1a: Swanna\n|-resisted|p1a: Swanna\n|-damage|p1a: Swanna|230/278\n|\n|-heal|p2a: Suicune|223/298|[from] item: Leftovers\n|upkeep\n|turn|22\n|\n|t:|1781446944\n|switch|p1a: Scream Tail|Scream Tail, L84|322/330\n|move|p2a: Suicune|Scald|p1a: Scream Tail\n|-damage|p1a: Scream Tail|256/330\n|\n|-heal|p1a: Scream Tail|276/330|[from] item: Leftovers\n|-heal|p2a: Suicune|241/298|[from] item: Leftovers\n|upkeep\n|turn|23\n|\n|t:|1781446949\n|move|p1a: Scream Tail|Dazzling Gleam|p2a: Suicune\n|-damage|p2a: Suicune|189/298\n|move|p2a: Suicune|Substitute|p2a: Suicune\n|-start|p2a: Suicune|Substitute\n|-damage|p2a: Suicune|115/298\n|\n|-heal|p1a: Scream Tail|296/330|[from] item: Leftovers\n|-heal|p2a: Suicune|133/298|[from] item: Leftovers\n|upkeep\n|turn|24\n|\n|t:|1781446954\n|move|p1a: Scream Tail|Encore|p2a: Suicune\n|-start|p2a: Suicune|Encore\n|move|p2a: Suicune|Substitute|p2a: Suicune\n|-fail|p2a: Suicune|move: Substitute\n|\n|-heal|p1a: Scream Tail|316/330|[from] item: Leftovers\n|-heal|p2a: Suicune|151/298|[from] item: Leftovers\n|upkeep\n|turn|25\n|\n|t:|1781446966\n|switch|p2a: Serperior|Serperior, L79, M|182/248\n|move|p1a: Scream Tail|Dazzling Gleam|p2a: Serperior\n|-damage|p2a: Serperior|116/248\n|\n|-heal|p1a: Scream Tail|330/330|[from] item: Leftovers\n|upkeep\n|turn|26\n|\n|t:|1781446976\n|-end|p1a: Scream Tail|Protosynthesis|[silent]\n|switch|p1a: Swalot|Swalot, L90, F|326/326 par\n|move|p2a: Serperior|Leaf Storm|p1a: Swalot\n|-resisted|p1a: Swalot\n|-damage|p1a: Swalot|264/326 par\n|-boost|p2a: Serperior|spa|2\n|-damage|p2a: Serperior|92/248|[from] item: Life Orb\n|\n|-heal|p1a: Swalot|284/326 par|[from] item: Leftovers\n|upkeep\n|turn|27\n|\n|t:|1781446984\n|move|p2a: Serperior|Leaf Storm|p1a: Swalot\n|-resisted|p1a: Swalot\n|-damage|p1a: Swalot|154/326 par\n|-boost|p2a: Serperior|spa|2\n|-damage|p2a: Serperior|68/248|[from] item: Life Orb\n|cant|p1a: Swalot|par\n|\n|-heal|p1a: Swalot|174/326 par|[from] item: Leftovers\n|upkeep\n|turn|28\n|\n|t:|1781446992\n|move|p2a: Serperior|Leaf Storm|p1a: Swalot\n|-resisted|p1a: Swalot\n|-damage|p1a: Swalot|0 fnt\n|-boost|p2a: Serperior|spa|2\n|faint|p1a: Swalot\n|-damage|p2a: Serperior|44/248|[from] item: Life Orb\n|\n|upkeep\n|\n|t:|1781446998\n|switch|p1a: Cinderace|Cinderace, L77, M|249/249\n|turn|29\n|\n|t:|1781447006\n|switch|p2a: Krookodile|Krookodile, L79, F|280/280\n|-ability|p2a: Krookodile|Intimidate|boost\n|-unboost|p1a: Cinderace|atk|1\n|move|p1a: Cinderace|U-turn|p2a: Krookodile\n|-start|p1a: Cinderace|typechange|Bug|[from] ability: Libero\n|-supereffective|p2a: Krookodile\n|-damage|p2a: Krookodile|110/280\n|\n|t:|1781447016\n|switch|p1a: Scream Tail|Scream Tail, L84|330/330|[from] U-turn\n|\n|-heal|p2a: Krookodile|127/280|[from] item: Leftovers\n|upkeep\n|turn|30\n|\n|t:|1781447028\n|switch|p2a: Suicune|Suicune, L82|151/298\n|-ability|p2a: Suicune|Pressure\n|move|p1a: Scream Tail|Dazzling Gleam|p2a: Suicune\n|-damage|p2a: Suicune|100/298\n|\n|-heal|p2a: Suicune|118/298|[from] item: Leftovers\n|upkeep\n|turn|31\n|\n|t:|1781447036\n|switch|p2a: Necrozma|Necrozma, L80|286/286\n|move|p1a: Scream Tail|Dazzling Gleam|p2a: Necrozma\n|-damage|p2a: Necrozma|225/286\n|\n|upkeep\n|turn|32\n|\n|t:|1781447043\n|-end|p1a: Scream Tail|Protosynthesis|[silent]\n|switch|p1a: Overqwil|Overqwil, L82, F|274/274\n|-ability|p1a: Overqwil|Intimidate|boost\n|-unboost|p2a: Necrozma|atk|1\n|move|p2a: Necrozma|Dragon Dance|p2a: Necrozma\n|-boost|p2a: Necrozma|atk|1\n|-boost|p2a: Necrozma|spe|1\n|\n|upkeep\n|turn|33\n|\n|t:|1781447058\n|move|p2a: Necrozma|Dragon Dance|p2a: Necrozma\n|-boost|p2a: Necrozma|atk|1\n|-boost|p2a: Necrozma|spe|1\n|move|p1a: Overqwil|Gunk Shot|p2a: Necrozma\n|-damage|p2a: Necrozma|57/286\n|-status|p2a: Necrozma|psn\n|-damage|p1a: Overqwil|247/274|[from] item: Life Orb\n|\n|-damage|p2a: Necrozma|22/286 psn|[from] psn\n|upkeep\n|turn|34\n|\n|t:|1781447074\n|move|p2a: Necrozma|Earthquake|p1a: Overqwil\n|-supereffective|p1a: Overqwil\n|-damage|p1a: Overqwil|27/274\n|move|p1a: Overqwil|Crunch|p2a: Necrozma\n|-supereffective|p2a: Necrozma\n|-damage|p2a: Necrozma|0 fnt\n|faint|p2a: Necrozma\n|-damage|p1a: Overqwil|0 fnt|[from] item: Life Orb\n|faint|p1a: Overqwil\n|\n|upkeep\n|\n|t:|1781447082\n|switch|p1a: Cinderace|Cinderace, L77, M|249/249\n|switch|p2a: Conkeldurr|Conkeldurr, L80, M|196/299 brn\n|turn|35\n|\n|t:|1781447097\n|move|p1a: Cinderace|U-turn|p2a: Conkeldurr\n|-start|p1a: Cinderace|typechange|Bug|[from] ability: Libero\n|-resisted|p2a: Conkeldurr\n|-damage|p2a: Conkeldurr|145/299 brn\n|\n|t:|1781447106\n|switch|p1a: Scream Tail|Scream Tail, L84|330/330|[from] U-turn\n|move|p2a: Conkeldurr|Facade|p1a: Scream Tail\n|-damage|p1a: Scream Tail|168/330\n|\n|-heal|p1a: Scream Tail|188/330|[from] item: Leftovers\n|-damage|p2a: Conkeldurr|127/299 brn|[from] brn\n|upkeep\n|turn|36\n|\n|t:|1781447114\n|-terastallize|p2a: Conkeldurr|Normal\n|move|p1a: Scream Tail|Dazzling Gleam|p2a: Conkeldurr\n|-damage|p2a: Conkeldurr|40/299 brn\n|move|p2a: Conkeldurr|Facade|p1a: Scream Tail\n|-damage|p1a: Scream Tail|0 fnt\n|faint|p1a: Scream Tail\n|-end|p1a: Scream Tail|Protosynthesis|[silent]\n|\n|-damage|p2a: Conkeldurr|22/299 brn|[from] brn\n|upkeep\n|\n|t:|1781447132\n|switch|p1a: Cinderace|Cinderace, L77, M|249/249\n|turn|37\n|\n|t:|1781447134\n|move|p2a: Conkeldurr|Mach Punch|p1a: Cinderace\n|-damage|p1a: Cinderace|153/249\n|move|p1a: Cinderace|U-turn|p2a: Conkeldurr\n|-start|p1a: Cinderace|typechange|Bug|[from] ability: Libero\n|-damage|p2a: Conkeldurr|0 fnt\n|faint|p2a: Conkeldurr\n|\n|t:|1781447142\n|switch|p1a: Swanna|Swanna, L89, F|230/278|[from] U-turn\n|\n|upkeep\n|\n|t:|1781447145\n|switch|p2a: Krookodile|Krookodile, L79, F|127/280\n|-ability|p2a: Krookodile|Intimidate|boost\n|-unboost|p1a: Swanna|atk|1\n|turn|38\n|\n|t:|1781447152\n|move|p1a: Swanna|Hydro Pump|p2a: Krookodile\n|-supereffective|p2a: Krookodile\n|-damage|p2a: Krookodile|0 fnt\n|faint|p2a: Krookodile\n|\n|upkeep\n|\n|t:|1781447162\n|switch|p2a: Suicune|Suicune, L82|118/298\n|-ability|p2a: Suicune|Pressure\n|turn|39\n|\n|t:|1781447167\n|move|p1a: Swanna|Brave Bird|p2a: Suicune\n|-damage|p2a: Suicune|51/298\n|-damage|p1a: Swanna|208/278|[from] Recoil\n|move|p2a: Suicune|Scald|p1a: Swanna\n|-resisted|p1a: Swanna\n|-damage|p1a: Swanna|166/278\n|-status|p1a: Swanna|brn\n|\n|-heal|p2a: Suicune|69/298|[from] item: Leftovers\n|-damage|p1a: Swanna|149/278 brn|[from] brn\n|upkeep\n|turn|40\n|\n|t:|1781447179\n|move|p1a: Swanna|Brave Bird|p2a: Suicune\n|-damage|p2a: Suicune|30/298\n|-damage|p1a: Swanna|136/278 brn|[from] Recoil\n|move|p2a: Suicune|Scald|p1a: Swanna\n|-resisted|p1a: Swanna\n|-damage|p1a: Swanna|91/278 brn\n|\n|-heal|p2a: Suicune|48/298|[from] item: Leftovers\n|-damage|p1a: Swanna|74/278 brn|[from] brn\n|upkeep\n|turn|41\n|\n|t:|1781447198\n|move|p1a: Swanna|Roost|p1a: Swanna\n|-heal|p1a: Swanna|213/278 brn\n|-singleturn|p1a: Swanna|move: Roost\n|move|p2a: Suicune|Scald|p1a: Swanna\n|-resisted|p1a: Swanna\n|-damage|p1a: Swanna|165/278 brn\n|\n|-heal|p2a: Suicune|66/298|[from] item: Leftovers\n|-damage|p1a: Swanna|148/278 brn|[from] brn\n|upkeep\n|turn|42\n|\n|t:|1781447205\n|move|p1a: Swanna|Brave Bird|p2a: Suicune\n|-damage|p2a: Suicune|31/298\n|-damage|p1a: Swanna|136/278 brn|[from] Recoil\n|move|p2a: Suicune|Scald|p1a: Swanna\n|-resisted|p1a: Swanna\n|-damage|p1a: Swanna|86/278 brn\n|\n|-heal|p2a: Suicune|49/298|[from] item: Leftovers\n|-damage|p1a: Swanna|69/278 brn|[from] brn\n|upkeep\n|turn|43\n|\n|t:|1781447215\n|move|p1a: Swanna|Roost|p1a: Swanna\n|-heal|p1a: Swanna|208/278 brn\n|-singleturn|p1a: Swanna|move: Roost\n|move|p2a: Suicune|Calm Mind|p2a: Suicune\n|-boost|p2a: Suicune|spa|1\n|-boost|p2a: Suicune|spd|1\n|\n|-heal|p2a: Suicune|67/298|[from] item: Leftovers\n|-damage|p1a: Swanna|191/278 brn|[from] brn\n|upkeep\n|turn|44\n|\n|t:|1781447221\n|move|p1a: Swanna|Brave Bird|p2a: Suicune\n|-damage|p2a: Suicune|32/298\n|-damage|p1a: Swanna|179/278 brn|[from] Recoil\n|move|p2a: Suicune|Scald|p1a: Swanna\n|-resisted|p1a: Swanna\n|-damage|p1a: Swanna|112/278 brn\n|\n|-heal|p2a: Suicune|50/298|[from] item: Leftovers\n|-damage|p1a: Swanna|95/278 brn|[from] brn\n|upkeep\n|turn|45\n|\n|t:|1781447227\n|move|p1a: Swanna|Brave Bird|p2a: Suicune\n|-damage|p2a: Suicune|14/298\n|-damage|p1a: Swanna|83/278 brn|[from] Recoil\n|move|p2a: Suicune|Ice Beam|p1a: Swanna\n|-damage|p1a: Swanna|0 fnt\n|faint|p1a: Swanna\n|\n|-heal|p2a: Suicune|32/298|[from] item: Leftovers\n|upkeep\n|\n|t:|1781447241\n|switch|p1a: Cinderace|Cinderace, L77, M|153/249\n|turn|46\n|\n|t:|1781447244\n|move|p1a: Cinderace|U-turn|p2a: Suicune\n|-start|p1a: Cinderace|typechange|Bug|[from] ability: Libero\n|-damage|p2a: Suicune|0 fnt\n|faint|p2a: Suicune\n|\n|upkeep\n|\n|t:|1781447247\n|switch|p2a: Serperior|Serperior, L79, M|44/248\n|turn|47\n|\n|t:|1781447250\n|move|p1a: Cinderace|U-turn|p2a: Serperior\n|-supereffective|p2a: Serperior\n|-damage|p2a: Serperior|0 fnt\n|faint|p2a: Serperior\n|\n|win|MGSsense\n", "inputlog": ">version a8376a258c1d4662feba110a92103f3664a72141\n>start {\"formatid\":\"gen9randombattle\",\"seed\":\"sodium,6aaf13584ed3d9c07d12adc0b46f7291\",\"rated\":\"Rated battle\"}\n>player p1 {\"name\":\"MGSsense\",\"avatar\":\"riley\",\"rating\":2045,\"seed\":\"sodium,e07f5d63dfb6e6955f5eccca9b261dc4\"}\n>player p2 {\"name\":\"joebidenfan1245\",\"avatar\":\"265\",\"rating\":2043,\"seed\":\"sodium,5396b410ac361cf9a044acf900969496\"}\n>p1 move uturn\n>p2 switch 2\n>p1 switch 6\n>p1 move dazzlinggleam\n>p2 switch 6\n>p1 switch 3\n>p2 move earthquake\n>p1 move doubleedge\n>p2 move earthquake\n>p1 switch 6\n>p2 switch 5\n>p1 move uturn\n>p2 move scald\n>p1 switch 3\n>p1 move dazzlinggleam\n>p2 move calmmind\n>p1 move encore\n>p2 move substitute\n>p1 switch 3\n>p2 switch 3\n>p1 move uturn\n>p2 switch 6\n>p1 switch 3\n>p1 move dazzlinggleam\n>p2 switch 6\n>p1 switch 4\n>p2 move glare\n>p1 move sludgebomb\n>p2 switch 2\n>p1 switch 2\n>p2 move knockoff\n>p1 move hydropump\n>p2 switch 3\n>p1 switch 4\n>p2 move icebeam\n>p1 move wish\n>p2 switch 2\n>p1 switch 2\n>p2 switch 3\n>p1 switch 4\n>p2 move earthquake\n>p1 move roost\n>p2 move gunkshot\n>p1 move hydropump\n>p2 switch 2\n>p1 move roost\n>p2 move icebeam\n>p1 switch 2\n>p2 move scald\n>p1 move dazzlinggleam\n>p2 move substitute\n>p1 move encore\n>p2 move calmmind\n>p1 move dazzlinggleam\n>p2 switch 3\n>p1 switch 4\n>p2 move leafstorm\n>p1 move toxicspikes\n>p2 move leafstorm\n>p1 move toxicspikes\n>p2 move leafstorm\n>p1 switch 3\n>p1 move uturn\n>p2 switch 2\n>p1 switch 4\n>p1 move dazzlinggleam\n>p2 switch 3\n>p1 move dazzlinggleam\n>p2 switch 4\n>p1 switch 5\n>p2 move dragondance\n>p1 move gunkshot\n>p2 move dragondance\n>p1 move crunch\n>p2 move earthquake\n>p1 switch 4\n>p2 switch 6\n>p1 move uturn\n>p2 move facade\n>p1 switch 5\n>p1 move dazzlinggleam\n>p2 move facade terastallize\n>p1 switch 5\n>p1 move uturn\n>p2 move machpunch\n>p1 switch 2\n>p2 switch 3\n>p1 move hydropump\n>p2 move gunkshot\n>p2 switch 4\n>p1 move bravebird\n>p2 move scald\n>p1 move bravebird\n>p2 move scald\n>p1 move roost\n>p2 move scald\n>p1 move bravebird\n>p2 move scald\n>p1 move roost\n>p2 move calmmind\n>p1 move bravebird\n>p2 move scald\n>p1 move bravebird\n>p2 move icebeam\n>p1 switch 2\n>p1 move uturn\n>p2 move scald\n>p2 switch 2\n>p1 move uturn\n>p2 move terablast", "uploadtime": 1781446625, "views": 6, "formatid": "gen9randombattle", "rating": null, "private": 0, "password": null, "player_dets": [{"name": "MGSsense", "avatar": "riley", "rating": 2045, "seed": "sodium,e07f5d63dfb6e6955f5eccca9b261dc4"}, {"name": "joebidenfan1245", "avatar": "265", "rating": 2043, "seed": "sodium,5396b410ac361cf9a044acf900969496"}], "teams_full": [{"Cinderace": {"name": "Cinderace", "species": "Cinderace", "speciesId": "cinderace", "gender": "M", "shiny": false, "level": 77, "moves": ["pyroball", "uturn", "highjumpkick", "gunkshot"], "ability": "Libero", "evs": {"hp": 81, "atk": 85, "def": 85, "spa": 85, "spd": 85, "spe": 85}, "ivs": {"hp": 31, "atk": 31, "def": 31, "spa": 31, "spd": 31, "spe": 31}, "item": "Choice Band", "teraType": "Fire", "role": "Wallbreaker", "bvs": {"hp": 80, "atk": 116, "def": 75, "spa": 65, "spd": 75, "spe": 119}, "stats": {"hp": 249, "atk": 223, "def": 160, "spa": 145, "spd": 160, "spe": 228}, "types": ["Fire"]}, "Swanna": {"name": "Swanna", "species": "Swanna", "speciesId": "swanna", "gender": "F", "shiny": false, "level": 89, "moves": ["bravebird", "roost", "hydropump", "defog"], "ability": "Hydration", "evs": {"hp": 85, "atk": 85, "def": 85, "spa": 85, "spd": 85, "spe": 85}, "ivs": {"hp": 31, "atk": 31, "def": 31, "spa": 31, "spd": 31, "spe": 31}, "item": "Heavy-Duty Boots", "teraType": "Ground", "role": "Bulky Support", "bvs": {"hp": 75, "atk": 87, "def": 63, "spa": 87, "spd": 63, "spe": 98}, "stats": {"hp": 278, "atk": 206, "def": 163, "spa": 206, "spd": 163, "spe": 225}, "types": ["Water", "Flying"]}, "Gumshoos": {"name": "Gumshoos", "species": "Gumshoos", "speciesId": "gumshoos", "gender": "M", "shiny": false, "level": 95, "moves": ["knockoff", "uturn", "earthquake", "doubleedge"], "ability": "Adaptability", "evs": {"hp": 85, "atk": 85, "def": 85, "spa": 85, "spd": 85, "spe": 85}, "ivs": {"hp": 31, "atk": 31, "def": 31, "spa": 31, "spd": 31, "spe": 31}, "item": "Choice Band", "teraType": "Ground", "role": "Fast Attacker", "bvs": {"hp": 88, "atk": 110, "def": 60, "spa": 55, "spd": 60, "spe": 45}, "stats": {"hp": 321, "atk": 263, "def": 168, "spa": 158, "spd": 168, "spe": 139}, "types": ["Normal"]}, "Swalot": {"name": "Swalot", "species": "Swalot", "speciesId": "swalot", "gender": "F", "shiny": false, "level": 90, "moves": ["toxicspikes", "encore", "sludgebomb", "knockoff"], "ability": "Liquid Ooze", "evs": {"hp": 85, "atk": 85, "def": 85, "spa": 85, "spd": 85, "spe": 85}, "ivs": {"hp": 31, "atk": 31, "def": 31, "spa": 31, "spd": 31, "spe": 31}, "item": "Leftovers", "teraType": "Dark", "role": "Bulky Attacker", "bvs": {"hp": 100, "atk": 73, "def": 83, "spa": 73, "spd": 83, "spe": 55}, "stats": {"hp": 326, "atk": 183, "def": 201, "spa": 183, "spd": 201, "spe": 150}, "types": ["Poison"]}, "Overqwil": {"name": "Overqwil", "species": "Overqwil", "speciesId": "overqwil", "gender": "F", "shiny": false, "level": 82, "moves": ["liquidation", "swordsdance", "gunkshot", "crunch"], "ability": "Intimidate", "evs": {"hp": 85, "atk": 85, "def": 85, "spa": 85, "spd": 85, "spe": 85}, "ivs": {"hp": 31, "atk": 31, "def": 31, "spa": 31, "spd": 31, "spe": 31}, "item": "Life Orb", "teraType": "Water", "role": "Fast Attacker", "bvs": {"hp": 85, "atk": 115, "def": 95, "spa": 65, "spd": 65, "spe": 85}, "stats": {"hp": 274, "atk": 236, "def": 203, "spa": 154, "spd": 154, "spe": 187}, "types": ["Dark", "Poison"]}, "Scream Tail": {"name": "Scream Tail", "species": "Scream Tail", "speciesId": "screamtail", "gender": "N", "shiny": false, "level": 84, "moves": ["wish", "encore", "protect", "dazzlinggleam"], "ability": "Protosynthesis", "evs": {"hp": 85, "atk": 0, "def": 85, "spa": 85, "spd": 85, "spe": 85}, "ivs": {"hp": 31, "atk": 0, "def": 31, "spa": 31, "spd": 31, "spe": 31}, "item": "Leftovers", "teraType": "Steel", "role": "Bulky Attacker", "bvs": {"hp": 115, "atk": 65, "def": 99, "spa": 65, "spd": 115, "spe": 111}, "stats": {"hp": 330, "atk": 114, "def": 215, "spa": 157, "spd": 241, "spe": 235}, "types": ["Fairy", "Psychic"]}}, {"Krookodile": {"name": "Krookodile", "species": "Krookodile", "speciesId": "krookodile", "gender": "F", "shiny": false, "level": 79, "moves": ["gunkshot", "bulkup", "knockoff", "earthquake"], "ability": "Intimidate", "evs": {"hp": 85, "atk": 85, "def": 85, "spa": 85, "spd": 85, "spe": 85}, "ivs": {"hp": 31, "atk": 31, "def": 31, "spa": 31, "spd": 31, "spe": 31}, "item": "Leftovers", "teraType": "Poison", "role": "Bulky Setup", "bvs": {"hp": 95, "atk": 117, "def": 80, "spa": 65, "spd": 70, "spe": 92}, "stats": {"hp": 280, "atk": 230, "def": 172, "spa": 148, "spd": 156, "spe": 191}, "types": ["Ground", "Dark"]}, "Conkeldurr": {"name": "Conkeldurr", "species": "Conkeldurr", "speciesId": "conkeldurr", "gender": "M", "shiny": false, "level": 80, "moves": ["closecombat", "machpunch", "facade", "knockoff"], "ability": "Guts", "evs": {"hp": 85, "atk": 85, "def": 85, "spa": 85, "spd": 85, "spe": 85}, "ivs": {"hp": 31, "atk": 31, "def": 31, "spa": 31, "spd": 31, "spe": 31}, "item": "Flame Orb", "teraType": "Normal", "role": "Wallbreaker", "bvs": {"hp": 105, "atk": 140, "def": 95, "spa": 55, "spd": 65, "spe": 45}, "stats": {"hp": 299, "atk": 270, "def": 198, "spa": 134, "spd": 150, "spe": 118}, "types": ["Fighting"]}, "Serperior": {"name": "Serperior", "species": "Serperior", "speciesId": "serperior", "gender": "M", "shiny": false, "level": 79, "moves": ["terablast", "leafstorm", "glare", "synthesis"], "ability": "Contrary", "evs": {"hp": 85, "atk": 85, "def": 85, "spa": 85, "spd": 85, "spe": 85}, "ivs": {"hp": 31, "atk": 31, "def": 31, "spa": 31, "spd": 31, "spe": 31}, "item": "Life Orb", "teraType": "Rock", "role": "Tera Blast user", "bvs": {"hp": 75, "atk": 75, "def": 95, "spa": 75, "spd": 95, "spe": 113}, "stats": {"hp": 248, "atk": 164, "def": 196, "spa": 164, "spd": 196, "spe": 224}, "types": ["Grass"]}, "Necrozma": {"name": "Necrozma", "species": "Necrozma", "speciesId": "necrozma", "gender": "N", "shiny": false, "level": 80, "moves": ["photongeyser", "dragondance", "knockoff", "earthquake"], "ability": "Prism Armor", "evs": {"hp": 85, "atk": 85, "def": 85, "spa": 85, "spd": 85, "spe": 85}, "ivs": {"hp": 31, "atk": 31, "def": 31, "spa": 31, "spd": 31, "spe": 31}, "item": "Weakness Policy", "teraType": "Steel", "role": "Bulky Setup", "bvs": {"hp": 97, "atk": 107, "def": 101, "spa": 127, "spd": 89, "spe": 79}, "stats": {"hp": 286, "atk": 217, "def": 208, "spa": 249, "spd": 189, "spe": 173}, "types": ["Psychic"]}, "Suicune": {"name": "Suicune", "species": "Suicune", "speciesId": "suicune", "gender": "N", "shiny": false, "level": 82, "moves": ["icebeam", "substitute", "calmmind", "scald"], "ability": "Pressure", "evs": {"hp": 85, "atk": 0, "def": 85, "spa": 85, "spd": 85, "spe": 85}, "ivs": {"hp": 31, "atk": 0, "def": 31, "spa": 31, "spd": 31, "spe": 31}, "item": "Leftovers", "teraType": "Steel", "role": "Bulky Setup", "bvs": {"hp": 100, "atk": 75, "def": 115, "spa": 90, "spd": 115, "spe": 85}, "stats": {"hp": 298, "atk": 127, "def": 236, "spa": 195, "spd": 236, "spe": 187}, "types": ["Water"]}, "Swampert": {"name": "Swampert", "species": "Swampert", "speciesId": "swampert", "gender": "F", "shiny": false, "level": 83, "moves": ["flipturn", "earthquake", "icebeam", "roar"], "ability": "Torrent", "evs": {"hp": 85, "atk": 85, "def": 85, "spa": 85, "spd": 85, "spe": 85}, "ivs": {"hp": 31, "atk": 31, "def": 31, "spa": 31, "spd": 31, "spe": 31}, "item": "Leftovers", "teraType": "Steel", "role": "Bulky Support", "bvs": {"hp": 100, "atk": 110, "def": 90, "spa": 85, "spd": 90, "spe": 60}, "stats": {"hp": 302, "atk": 230, "def": 197, "spa": 189, "spd": 197, "spe": 147}, "types": ["Water", "Ground"]}}]}