{"id": "gen9randombattle-2631975794", "format": "[Gen 9] Random Battle", "players": ["philschmil", "laundry bias"], "log": "|j|\u2606philschmil\n|j|\u2606laundry bias\n|t:|1781461823\n|gametype|singles\n|player|p1|philschmil|alder|1931\n|player|p2|laundry bias|101|1932\n|gen|9\n|tier|[Gen 9] Random Battle\n|rated|\n|rule|Species Clause: Limit one of each Pok\u00e9mon\n|rule|HP Percentage Mod: HP is shown in percentages\n|rule|Sleep Clause Mod: Limit one foe put to sleep\n|rule|Illusion Level Mod: Illusion disguises the Pok\u00e9mon's true level\n|\n|t:|1781461823\n|teamsize|p1|6\n|teamsize|p2|6\n|start\n|switch|p1a: Brambleghast|Brambleghast, L88, M|240/240\n|switch|p2a: Miraidon|Miraidon, L65|238/238\n|-fieldstart|move: Electric Terrain|[from] ability: Hadron Engine|[of] p2a: Miraidon\n|turn|1\n|inactive|Battle timer is ON: inactive players will automatically lose when time's up. (requested by philschmil)\n|\n|t:|1781461831\n|switch|p2a: Dodrio|Dodrio, L85, M|241/241\n|move|p1a: Brambleghast|Poltergeist|p2a: Dodrio\n|-immune|p2a: Dodrio\n|\n|upkeep\n|turn|2\n|\n|t:|1781461839\n|switch|p1a: Eiscue|Eiscue, L88, F|274/274\n|move|p2a: Dodrio|Knock Off|p1a: Eiscue\n|-activate|p1a: Eiscue|ability: Ice Face\n|-damage|p1a: Eiscue|274/274\n|-enditem|p1a: Eiscue|Sitrus Berry|[from] move: Knock Off|[of] p2a: Dodrio\n|detailschange|p1a: Eiscue|Eiscue-Noice, L88, F\n|\n|upkeep\n|turn|3\n|\n|t:|1781461845\n|switch|p2a: Slaking|Slaking, L84, F|389/389\n|move|p1a: Eiscue|Ice Spinner|p2a: Slaking\n|-damage|p2a: Slaking|316/389\n|-fieldend|move: Electric Terrain\n|\n|upkeep\n|turn|4\n|\n|t:|1781461856\n|move|p1a: Eiscue|Ice Spinner|p2a: Slaking\n|-damage|p2a: Slaking|247/389\n|move|p2a: Slaking|Double-Edge|p1a: Eiscue\n|-damage|p1a: Eiscue|0 fnt\n|faint|p1a: Eiscue\n|-damage|p2a: Slaking|157/389|[from] Recoil\n|\n|upkeep\n|\n|t:|1781461861\n|switch|p1a: Kommo-o|Kommo-o, L78, F|219/219\n|turn|5\n|\n|t:|1781461867\n|switch|p2a: Dodrio|Dodrio, L85, M|241/241\n|move|p1a: Kommo-o|Hyper Voice|p2a: Dodrio\n|-crit|p2a: Dodrio\n|-damage|p2a: Dodrio|0 fnt\n|faint|p2a: Dodrio\n|-damage|p1a: Kommo-o|198/219|[from] item: Life Orb\n|\n|upkeep\n|\n|t:|1781461872\n|switch|p2a: Chien-Pao|Chien-Pao, L72|234/234\n|-ability|p2a: Chien-Pao|Sword of Ruin\n|turn|6\n|\n|t:|1781461896\n|move|p2a: Chien-Pao|Icicle Crash|p1a: Kommo-o\n|-damage|p1a: Kommo-o|0 fnt\n|replace|p1a: Zoroark|Zoroark-Hisui, L80, M\n|-end|p1a: Zoroark|Illusion\n|-hint|Illusion Level Mod is active, so this Pok\u00e9mon's true level was hidden.\n|faint|p1a: Zoroark\n|\n|upkeep\n|\n|t:|1781461901\n|switch|p1a: Volcarona|Volcarona, L77, M|257/257\n|turn|7\n|\n|t:|1781461907\n|switch|p2a: Ceruledge|Ceruledge, L78, F|245/245\n|move|p1a: Volcarona|Bug Buzz|p2a: Ceruledge\n|-resisted|p2a: Ceruledge\n|-damage|p2a: Ceruledge|220/245\n|\n|upkeep\n|turn|8\n|\n|t:|1781461917\n|switch|p1a: Lycanroc|Lycanroc, L86, F|269/269\n|move|p2a: Ceruledge|Poltergeist|p1a: Lycanroc\n|-activate|p1a: Lycanroc|move: Poltergeist|Life Orb\n|-damage|p1a: Lycanroc|104/269\n|\n|upkeep\n|turn|9\n|\n|t:|1781461925\n|switch|p2a: Slaking|Slaking, L84, F|157/389\n|move|p1a: Lycanroc|Stone Edge|p2a: Slaking\n|-damage|p2a: Slaking|17/389\n|-damage|p1a: Lycanroc|78/269|[from] item: Life Orb\n|\n|upkeep\n|turn|10\n|\n|t:|1781461934\n|move|p1a: Lycanroc|Stone Edge|p2a: Slaking\n|-damage|p2a: Slaking|0 fnt\n|faint|p2a: Slaking\n|-damage|p1a: Lycanroc|52/269|[from] item: Life Orb\n|\n|upkeep\n|\n|t:|1781461942\n|switch|p2a: Ceruledge|Ceruledge, L78, F|220/245\n|turn|11\n|\n|t:|1781461952\n|-terastallize|p2a: Ceruledge|Fighting\n|move|p1a: Lycanroc|Stone Edge|p2a: Ceruledge|[miss]\n|-miss|p1a: Lycanroc|p2a: Ceruledge\n|move|p2a: Ceruledge|Swords Dance|p2a: Ceruledge\n|-boost|p2a: Ceruledge|atk|2\n|\n|upkeep\n|turn|12\n|\n|t:|1781461965\n|-terastallize|p1a: Lycanroc|Fighting\n|move|p1a: Lycanroc|Close Combat|p2a: Ceruledge\n|-damage|p2a: Ceruledge|0 fnt\n|-unboost|p1a: Lycanroc|def|1\n|-unboost|p1a: Lycanroc|spd|1\n|faint|p2a: Ceruledge\n|-damage|p1a: Lycanroc|26/269|[from] item: Life Orb\n|\n|upkeep\n|\n|t:|1781461975\n|switch|p2a: Pikachu|Pikachu-Partner, L93, F|216/216\n|turn|13\n|\n|t:|1781461980\n|switch|p1a: Brambleghast|Brambleghast, L88, M|240/240\n|move|p2a: Pikachu|Volt Switch|p1a: Brambleghast\n|-resisted|p1a: Brambleghast\n|-damage|p1a: Brambleghast|179/240\n|inactive|laundry bias has 120 seconds left.\n|\n|t:|1781462015\n|switch|p2a: Chien-Pao|Chien-Pao, L72|234/234|[from] Volt Switch\n|-ability|p2a: Chien-Pao|Sword of Ruin\n|\n|-heal|p1a: Brambleghast|194/240|[from] item: Leftovers\n|upkeep\n|turn|14\n|\n|t:|1781462022\n|move|p2a: Chien-Pao|Icicle Crash|p1a: Brambleghast|[miss]\n|-miss|p2a: Chien-Pao|p1a: Brambleghast\n|move|p1a: Brambleghast|Power Whip|p2a: Chien-Pao\n|-damage|p2a: Chien-Pao|35/234\n|\n|-heal|p1a: Brambleghast|209/240|[from] item: Leftovers\n|upkeep\n|turn|15\n|\n|t:|1781462048\n|move|p2a: Chien-Pao|Icicle Crash|p1a: Brambleghast\n|-supereffective|p1a: Brambleghast\n|-damage|p1a: Brambleghast|0 fnt\n|faint|p1a: Brambleghast\n|\n|upkeep\n|\n|t:|1781462051\n|switch|p1a: Lycanroc|Lycanroc, L86, F, tera:Fighting|26/269\n|turn|16\n|\n|t:|1781462058\n|switch|p2a: Pikachu|Pikachu-Partner, L93, F|216/216\n|move|p1a: Lycanroc|Close Combat|p2a: Pikachu\n|-damage|p2a: Pikachu|0 fnt\n|-unboost|p1a: Lycanroc|def|1\n|-unboost|p1a: Lycanroc|spd|1\n|faint|p2a: Pikachu\n|-damage|p1a: Lycanroc|0 fnt|[from] item: Life Orb\n|faint|p1a: Lycanroc\n|\n|upkeep\n|\n|t:|1781462065\n|switch|p1a: Kommo-o|Kommo-o, L78, F|245/245\n|switch|p2a: Chien-Pao|Chien-Pao, L72|35/234\n|-ability|p2a: Chien-Pao|Sword of Ruin\n|turn|17\n|\n|t:|1781462080\n|move|p2a: Chien-Pao|Icicle Crash|p1a: Kommo-o\n|-supereffective|p1a: Kommo-o\n|-damage|p1a: Kommo-o|5/245\n|move|p1a: Kommo-o|Drain Punch|p2a: Chien-Pao\n|-supereffective|p2a: Chien-Pao\n|-damage|p2a: Chien-Pao|0 fnt\n|-heal|p1a: Kommo-o|23/245|[from] drain|[of] p2a: Chien-Pao\n|faint|p2a: Chien-Pao\n|\n|upkeep\n|\n|t:|1781462085\n|switch|p2a: Miraidon|Miraidon, L65|238/238\n|-fieldstart|move: Electric Terrain|[from] ability: Hadron Engine|[of] p2a: Miraidon\n|turn|18\n|\n|t:|1781462090\n|move|p2a: Miraidon|Electro Drift|p1a: Kommo-o\n|-resisted|p1a: Kommo-o\n|-damage|p1a: Kommo-o|0 fnt\n|faint|p1a: Kommo-o\n|-damage|p2a: Miraidon|215/238|[from] item: Life Orb\n|\n|upkeep\n|\n|t:|1781462092\n|switch|p1a: Volcarona|Volcarona, L77, M|257/257\n|turn|19\n|\n|t:|1781462103\n|move|p2a: Miraidon|Electro Drift|p1a: Volcarona\n|-damage|p1a: Volcarona|66/257\n|-damage|p2a: Miraidon|192/238|[from] item: Life Orb\n|move|p1a: Volcarona|Quiver Dance|p1a: Volcarona\n|-boost|p1a: Volcarona|spa|1\n|-boost|p1a: Volcarona|spd|1\n|-boost|p1a: Volcarona|spe|1\n|\n|upkeep\n|turn|20\n|\n|t:|1781462112\n|move|p1a: Volcarona|Bug Buzz|p2a: Miraidon\n|-damage|p2a: Miraidon|0 fnt\n|faint|p2a: Miraidon\n|\n|win|philschmil\n", "inputlog": ">version a8376a258c1d4662feba110a92103f3664a72141\n>start {\"formatid\":\"gen9randombattle\",\"seed\":\"sodium,659665b0e8a2f36d79fe786dac008104\",\"rated\":\"Rated battle\"}\n>player p1 {\"name\":\"philschmil\",\"avatar\":\"alder\",\"rating\":1931,\"seed\":\"sodium,08d69314cb55882b33cbef996668d88b\"}\n>player p2 {\"name\":\"laundry bias\",\"avatar\":\"101\",\"rating\":1932,\"seed\":\"sodium,1525ec01b54d1205c923726d2c80a7fc\"}\n>p1 move poltergeist\n>p2 switch 5\n>p1 switch 5\n>p2 move knockoff\n>p1 move icespinner\n>p2 switch 2\n>p1 move icespinner\n>p2 move doubleedge\n>p1 switch 2\n>p1 move hypervoice\n>p2 switch 2\n>p2 switch 6\n>p1 move focusblast\n>p2 move iciclecrash\n>p1 switch 3\n>p1 move bugbuzz\n>p2 switch 3\n>p1 switch 4\n>p2 move poltergeist\n>p1 move stoneedge\n>p2 switch 2\n>p1 move stoneedge\n>p2 move earthquake\n>p2 switch 2\n>p1 move stoneedge\n>p2 move swordsdance terastallize\n>p1 move closecombat terastallize\n>p2 move swordsdance\n>p2 switch 4\n>p1 switch 5\n>p2 move voltswitch\n>p2 switch 3\n>p1 move powerwhip\n>p2 move iciclecrash\n>p1 move powerwhip\n>p2 move iciclecrash\n>p1 switch 5\n>p1 move closecombat\n>p2 switch 3\n>p1 switch 6\n>p2 switch 3\n>p1 move drainpunch\n>p2 move iciclecrash\n>p2 switch 5\n>p1 move clangingscales\n>p2 move electrodrift\n>p1 switch 4\n>p1 move quiverdance\n>p2 move electrodrift\n>p1 move bugbuzz\n>p2 move electrodrift", "uploadtime": 1781461825, "views": 4, "formatid": "gen9randombattle", "rating": null, "private": 0, "password": null}