{"id": "gen9randombattle-2631960003", "format": "[Gen 9] Random Battle", "players": ["RedDudeN64", "personanongrattata"], "log": "|j|\u2606RedDudeN64\n|j|\u2606personanongrattata\n|t:|1781460098\n|gametype|singles\n|player|p1|RedDudeN64|red|2123\n|player|p2|personanongrattata|youngster-gen4dp|2201\n|gen|9\n|tier|[Gen 9] Random Battle\n|rated|\n|rule|Species Clause: Limit one of each Pok\u00e9mon\n|rule|HP Percentage Mod: HP is shown in percentages\n|rule|Sleep Clause Mod: Limit one foe put to sleep\n|rule|Illusion Level Mod: Illusion disguises the Pok\u00e9mon's true level\n|\n|t:|1781460098\n|teamsize|p1|6\n|teamsize|p2|6\n|start\n|switch|p1a: Spiritomb|Spiritomb, L89, F|234/234\n|switch|p2a: Slither Wing|Slither Wing, L81|270/270\n|turn|1\n|inactive|Battle timer is ON: inactive players will automatically lose when time's up. (requested by personanongrattata)\n|\n|t:|1781460107\n|move|p2a: Slither Wing|U-turn|p1a: Spiritomb\n|-damage|p1a: Spiritomb|161/234\n|\n|t:|1781460109\n|-end|p2a: Slither Wing|Protosynthesis|[silent]\n|switch|p2a: Torkoal|Torkoal, L88, M|266/266|[from] U-turn\n|-weather|SunnyDay|[from] ability: Drought|[of] p2a: Torkoal\n|move|p1a: Spiritomb|Will-O-Wisp|p2a: Torkoal\n|-immune|p2a: Torkoal\n|\n|-weather|SunnyDay|[upkeep]\n|-heal|p1a: Spiritomb|175/234|[from] item: Leftovers\n|upkeep\n|turn|2\n|\n|t:|1781460113\n|move|p1a: Spiritomb|Poltergeist|p2a: Torkoal\n|-activate|p2a: Torkoal|move: Poltergeist|Heavy-Duty Boots\n|-damage|p2a: Torkoal|184/266\n|move|p2a: Torkoal|Stealth Rock|p1a: Spiritomb\n|-sidestart|p1: RedDudeN64|move: Stealth Rock\n|\n|-weather|SunnyDay|[upkeep]\n|-heal|p1a: Spiritomb|189/234|[from] item: Leftovers\n|upkeep\n|turn|3\n|\n|t:|1781460116\n|move|p1a: Spiritomb|Poltergeist|p2a: Torkoal\n|-activate|p2a: Torkoal|move: Poltergeist|Heavy-Duty Boots\n|-damage|p2a: Torkoal|106/266\n|move|p2a: Torkoal|Lava Plume|p1a: Spiritomb\n|-damage|p1a: Spiritomb|86/234\n|\n|-weather|SunnyDay|[upkeep]\n|-heal|p1a: Spiritomb|100/234|[from] item: Leftovers\n|upkeep\n|turn|4\n|\n|t:|1781460120\n|move|p1a: Spiritomb|Foul Play|p2a: Torkoal\n|-damage|p2a: Torkoal|43/266\n|move|p2a: Torkoal|Lava Plume|p1a: Spiritomb\n|-crit|p1a: Spiritomb\n|-damage|p1a: Spiritomb|0 fnt\n|faint|p1a: Spiritomb\n|\n|-weather|SunnyDay|[upkeep]\n|upkeep\n|\n|t:|1781460129\n|switch|p1a: Reuniclus|Reuniclus, L88, F|337/337\n|turn|5\n|\n|t:|1781460134\n|switch|p2a: Kricketune|Kricketune, L99, F|312/312\n|move|p1a: Reuniclus|Psychic|p2a: Kricketune\n|-damage|p2a: Kricketune|112/312\n|\n|-weather|none\n|upkeep\n|turn|6\n|\n|t:|1781460152\n|move|p2a: Kricketune|Knock Off|p1a: Reuniclus\n|-supereffective|p1a: Reuniclus\n|-damage|p1a: Reuniclus|141/337\n|-enditem|p1a: Reuniclus|Life Orb|[from] move: Knock Off|[of] p2a: Kricketune\n|move|p1a: Reuniclus|Psychic|p2a: Kricketune\n|-damage|p2a: Kricketune|0 fnt\n|faint|p2a: Kricketune\n|\n|upkeep\n|\n|t:|1781460157\n|switch|p2a: Hariyama|Hariyama, L87, F|392/392\n|turn|7\n|\n|t:|1781460160\n|move|p2a: Hariyama|Fake Out|p1a: Reuniclus\n|-damage|p1a: Reuniclus|104/337\n|cant|p1a: Reuniclus|flinch\n|\n|-status|p2a: Hariyama|brn|[from] item: Flame Orb\n|upkeep\n|turn|8\n|\n|t:|1781460165\n|switch|p1a: Incineroar|Incineroar, L82, F|290/290\n|-damage|p1a: Incineroar|218/290|[from] Stealth Rock\n|-ability|p1a: Incineroar|Intimidate|boost\n|-unboost|p2a: Hariyama|atk|1\n|move|p2a: Hariyama|Facade|p1a: Incineroar\n|-damage|p1a: Incineroar|102/290\n|\n|-damage|p2a: Hariyama|368/392 brn|[from] brn\n|upkeep\n|turn|9\n|\n|t:|1781460174\n|move|p1a: Incineroar|Overheat|p2a: Hariyama\n|-damage|p2a: Hariyama|229/392 brn\n|-unboost|p1a: Incineroar|spa|2\n|move|p2a: Hariyama|Facade|p1a: Incineroar\n|-damage|p1a: Incineroar|0 fnt\n|faint|p1a: Incineroar\n|\n|-damage|p2a: Hariyama|205/392 brn|[from] brn\n|upkeep\n|\n|t:|1781460198\n|switch|p1a: Okidogi|Okidogi, L77, M|262/262\n|-damage|p1a: Okidogi|246/262|[from] Stealth Rock\n|turn|10\n|\n|t:|1781460208\n|switch|p2a: Torkoal|Torkoal, L88, M|43/266\n|-weather|SunnyDay|[from] ability: Drought|[of] p2a: Torkoal\n|move|p1a: Okidogi|Gunk Shot|p2a: Torkoal\n|-damage|p2a: Torkoal|0 fnt\n|faint|p2a: Torkoal\n|\n|-weather|SunnyDay|[upkeep]\n|upkeep\n|\n|t:|1781460213\n|switch|p2a: Slither Wing|Slither Wing, L81|270/270\n|-activate|p2a: Slither Wing|ability: Protosynthesis\n|-start|p2a: Slither Wing|protosynthesisatk\n|turn|11\n|inactive|RedDudeN64 has 120 seconds left.\n|\n|t:|1781460246\n|switch|p1a: Reuniclus|Reuniclus, L88, F|104/337\n|move|p2a: Slither Wing|Earthquake|p1a: Reuniclus\n|-damage|p1a: Reuniclus|0 fnt\n|faint|p1a: Reuniclus\n|\n|-weather|SunnyDay|[upkeep]\n|upkeep\n|inactive|RedDudeN64 has 120 seconds left.\n|\n|t:|1781460258\n|switch|p1a: Regidrago|Regidrago, L77|435/435\n|-damage|p1a: Regidrago|381/435|[from] Stealth Rock\n|turn|12\n|\n|t:|1781460271\n|move|p2a: Slither Wing|Earthquake|p1a: Regidrago\n|-crit|p1a: Regidrago\n|-damage|p1a: Regidrago|105/435\n|move|p1a: Regidrago|Dragon Energy|p2a: Slither Wing\n|-damage|p2a: Slither Wing|228/270\n|\n|-weather|SunnyDay|[upkeep]\n|upkeep\n|turn|13\n|-message|RedDudeN64 forfeited.\n|\n|win|personanongrattata\n", "inputlog": ">version a8376a258c1d4662feba110a92103f3664a72141\n>start {\"formatid\":\"gen9randombattle\",\"seed\":\"sodium,67eb7ffb97ebcf4c9e5120341a52f0a1\",\"rated\":\"Rated battle\"}\n>player p1 {\"name\":\"RedDudeN64\",\"avatar\":\"red\",\"rating\":2123,\"seed\":\"sodium,64d45c34c1ec1da0e5dae239be67bc55\"}\n>player p2 {\"name\":\"personanongrattata\",\"avatar\":\"youngster-gen4dp\",\"rating\":2201,\"seed\":\"sodium,ae55786adbb70dc9cf13aac10bbbb35e\"}\n>p1 move willowisp\n>p2 move uturn\n>p2 switch 6\n>p1 move poltergeist\n>p2 move stealthrock\n>p1 move poltergeist\n>p2 move lavaplume\n>p1 move foulplay\n>p2 move lavaplume\n>p1 switch 5\n>p1 move psychic\n>p2 switch 2\n>p1 move psychic\n>p2 move knockoff\n>p2 switch 3\n>p1 move recover\n>p2 move fakeout\n>p1 switch 6\n>p2 move facade\n>p1 move overheat\n>p2 move facade\n>p1 switch 4\n>p1 move gunkshot\n>p2 switch 2\n>p2 switch 6\n>p1 switch 6\n>p2 move earthquake\n>p1 switch 2\n>p1 move dragonenergy\n>p2 move earthquake\n>forcelose p1", "uploadtime": 1781460100, "views": 5, "formatid": "gen9randombattle", "rating": null, "private": 0, "password": null}