{"id": "gen9randombattle-2631969578", "format": "[Gen 9] Random Battle", "players": ["varllyam", "efalunt"], "log": "|j|\u2606varllyam\n|j|\u2606efalunt\n|t:|1781461141\n|gametype|singles\n|player|p1|varllyam|170|2125\n|player|p2|efalunt|supernerd|2157\n|gen|9\n|tier|[Gen 9] Random Battle\n|rated|\n|rule|Species Clause: Limit one of each Pok\u00e9mon\n|rule|HP Percentage Mod: HP is shown in percentages\n|rule|Sleep Clause Mod: Limit one foe put to sleep\n|rule|Illusion Level Mod: Illusion disguises the Pok\u00e9mon's true level\n|\n|t:|1781461141\n|teamsize|p1|6\n|teamsize|p2|6\n|start\n|switch|p1a: Medicham|Medicham, L86, F|243/243\n|switch|p2a: Basculin|Basculin, L86, M|261/261\n|turn|1\n|inactive|Battle timer is ON: inactive players will automatically lose when time's up. (requested by efalunt)\n|\n|t:|1781461156\n|switch|p1a: Mandibuzz|Mandibuzz, L85, F|326/326\n|move|p2a: Basculin|Wave Crash|p1a: Mandibuzz\n|-damage|p1a: Mandibuzz|120/326\n|-damage|p2a: Basculin|193/261|[from] Recoil\n|\n|upkeep\n|turn|2\n|\n|t:|1781461167\n|move|p2a: Basculin|Wave Crash|p1a: Mandibuzz\n|-damage|p1a: Mandibuzz|0 fnt\n|faint|p1a: Mandibuzz\n|-damage|p2a: Basculin|153/261|[from] Recoil\n|\n|upkeep\n|\n|t:|1781461171\n|switch|p1a: Infernape|Infernape, L82, F|259/259\n|turn|3\n|\n|t:|1781461180\n|switch|p2a: Quaquaval|Quaquaval, L79, M|264/264\n|move|p1a: Infernape|Close Combat|p2a: Quaquaval\n|-damage|p2a: Quaquaval|76/264\n|-unboost|p1a: Infernape|def|1\n|-unboost|p1a: Infernape|spd|1\n|-damage|p1a: Infernape|234/259|[from] item: Life Orb\n|\n|upkeep\n|turn|4\n|\n|t:|1781461189\n|move|p1a: Infernape|Close Combat|p2a: Quaquaval\n|-damage|p2a: Quaquaval|0 fnt\n|-unboost|p1a: Infernape|def|1\n|-unboost|p1a: Infernape|spd|1\n|faint|p2a: Quaquaval\n|-damage|p1a: Infernape|209/259|[from] item: Life Orb\n|\n|upkeep\n|\n|t:|1781461190\n|switch|p2a: Basculin|Basculin, L86, M|153/261\n|turn|5\n|\n|t:|1781461194\n|switch|p1a: Bombirdier|Bombirdier, L85, F|258/258\n|move|p2a: Basculin|Aqua Jet|p1a: Bombirdier\n|-damage|p1a: Bombirdier|174/258\n|\n|upkeep\n|turn|6\n|\n|t:|1781461197\n|switch|p2a: Minun|Minun, L95, M|268/268\n|move|p1a: Bombirdier|Knock Off|p2a: Minun\n|-damage|p2a: Minun|60/268\n|-enditem|p2a: Minun|Life Orb|[from] move: Knock Off|[of] p1a: Bombirdier\n|\n|upkeep\n|turn|7\n|\n|t:|1781461202\n|switch|p1a: Arcanine|Arcanine, L84, M|288/288\n|-ability|p1a: Arcanine|Intimidate|boost\n|-unboost|p2a: Minun|atk|1\n|move|p2a: Minun|Thunderbolt|p1a: Arcanine\n|-damage|p1a: Arcanine|185/288\n|\n|upkeep\n|turn|8\n|\n|t:|1781461207\n|move|p2a: Minun|Thunderbolt|p1a: Arcanine\n|-damage|p1a: Arcanine|76/288\n|move|p1a: Arcanine|Morning Sun|p1a: Arcanine\n|-heal|p1a: Arcanine|220/288\n|\n|upkeep\n|turn|9\n|\n|t:|1781461211\n|move|p1a: Arcanine|Extreme Speed|p2a: Minun\n|-damage|p2a: Minun|0 fnt\n|faint|p2a: Minun\n|\n|upkeep\n|\n|t:|1781461215\n|switch|p2a: Basculin|Basculin, L86, M|153/261\n|turn|10\n|\n|t:|1781461228\n|move|p1a: Arcanine|Extreme Speed|p2a: Basculin\n|-damage|p2a: Basculin|81/261\n|move|p2a: Basculin|Flip Turn|p1a: Arcanine\n|-supereffective|p1a: Arcanine\n|-damage|p1a: Arcanine|0 fnt\n|faint|p1a: Arcanine\n|\n|t:|1781461243\n|switch|p2a: Hoopa|Hoopa-Unbound, L80|259/259|[from] Flip Turn\n|\n|upkeep\n|\n|t:|1781461247\n|switch|p1a: Bombirdier|Bombirdier, L85, F|174/258\n|turn|11\n|\n|t:|1781461263\n|move|p1a: Bombirdier|Knock Off|p2a: Hoopa\n|-damage|p2a: Hoopa|22/259\n|-enditem|p2a: Hoopa|Choice Band|[from] move: Knock Off|[of] p1a: Bombirdier\n|move|p2a: Hoopa|Drain Punch|p1a: Bombirdier\n|-damage|p1a: Bombirdier|94/258\n|-heal|p2a: Hoopa|62/259|[from] drain|[of] p1a: Bombirdier\n|-item|p2a: Hoopa|Choice Band|[from] ability: Magician|[of] p1a: Bombirdier\n|\n|upkeep\n|turn|12\n|\n|t:|1781461266\n|move|p1a: Bombirdier|Knock Off|p2a: Hoopa\n|-damage|p2a: Hoopa|0 fnt\n|-enditem|p2a: Hoopa|Choice Band|[from] move: Knock Off|[of] p1a: Bombirdier\n|faint|p2a: Hoopa\n|\n|upkeep\n|\n|t:|1781461275\n|switch|p2a: Brambleghast|Brambleghast, L88, M|240/240\n|turn|13\n|\n|t:|1781461282\n|move|p1a: Bombirdier|Sucker Punch|p2a: Brambleghast\n|-supereffective|p2a: Brambleghast\n|-damage|p2a: Brambleghast|40/240\n|move|p2a: Brambleghast|Power Whip|p1a: Bombirdier\n|-resisted|p1a: Bombirdier\n|-damage|p1a: Bombirdier|16/258\n|\n|upkeep\n|turn|14\n|\n|t:|1781461286\n|move|p2a: Brambleghast|Strength Sap|p1a: Bombirdier\n|-unboost|p1a: Bombirdier|atk|1\n|-heal|p2a: Brambleghast|240/240\n|move|p1a: Bombirdier|Knock Off|p2a: Brambleghast\n|-supereffective|p2a: Brambleghast\n|-damage|p2a: Brambleghast|82/240\n|-enditem|p2a: Brambleghast|Heavy-Duty Boots|[from] move: Knock Off|[of] p1a: Bombirdier\n|\n|upkeep\n|turn|15\n|\n|t:|1781461291\n|move|p2a: Brambleghast|Strength Sap|p1a: Bombirdier\n|-unboost|p1a: Bombirdier|atk|1\n|-heal|p2a: Brambleghast|231/240\n|move|p1a: Bombirdier|Knock Off|p2a: Brambleghast\n|-supereffective|p2a: Brambleghast\n|-damage|p2a: Brambleghast|141/240\n|\n|upkeep\n|turn|16\n|\n|t:|1781461294\n|move|p1a: Bombirdier|Sucker Punch|p2a: Brambleghast\n|-supereffective|p2a: Brambleghast\n|-damage|p2a: Brambleghast|51/240\n|move|p2a: Brambleghast|Power Whip|p1a: Bombirdier\n|-resisted|p1a: Bombirdier\n|-damage|p1a: Bombirdier|0 fnt\n|faint|p1a: Bombirdier\n|\n|upkeep\n|\n|t:|1781461298\n|switch|p1a: Infernape|Infernape, L82, F|209/259\n|turn|17\n|\n|t:|1781461301\n|move|p1a: Infernape|Flare Blitz|p2a: Brambleghast\n|-supereffective|p2a: Brambleghast\n|-damage|p2a: Brambleghast|0 fnt\n|faint|p2a: Brambleghast\n|-damage|p1a: Infernape|192/259|[from] Recoil\n|-damage|p1a: Infernape|167/259|[from] item: Life Orb\n|\n|upkeep\n|\n|t:|1781461302\n|switch|p2a: Basculin|Basculin, L86, M|81/261\n|turn|18\n|\n|t:|1781461304\n|switch|p1a: Stonjourner|Stonjourner, L91, F|330/330\n|move|p2a: Basculin|Aqua Jet|p1a: Stonjourner\n|-supereffective|p1a: Stonjourner\n|-damage|p1a: Stonjourner|218/330\n|\n|upkeep\n|turn|19\n|\n|t:|1781461308\n|switch|p2a: Regidrago|Regidrago, L77|435/435\n|move|p1a: Stonjourner|Earthquake|p2a: Regidrago\n|-damage|p2a: Regidrago|213/435\n|-damage|p1a: Stonjourner|185/330|[from] item: Life Orb\n|\n|upkeep\n|turn|20\n|\n|t:|1781461312\n|move|p2a: Regidrago|Draco Meteor|p1a: Stonjourner\n|-damage|p1a: Stonjourner|0 fnt\n|-unboost|p2a: Regidrago|spa|2\n|faint|p1a: Stonjourner\n|\n|upkeep\n|\n|t:|1781461317\n|switch|p1a: Infernape|Infernape, L82, F|167/259\n|turn|21\n|\n|t:|1781461321\n|-terastallize|p2a: Regidrago|Dragon\n|move|p2a: Regidrago|Draco Meteor|p1a: Infernape\n|-damage|p1a: Infernape|27/259\n|-unboost|p2a: Regidrago|spa|2\n|move|p1a: Infernape|Close Combat|p2a: Regidrago\n|-damage|p2a: Regidrago|0 fnt\n|-unboost|p1a: Infernape|def|1\n|-unboost|p1a: Infernape|spd|1\n|faint|p2a: Regidrago\n|-damage|p1a: Infernape|2/259|[from] item: Life Orb\n|\n|upkeep\n|\n|t:|1781461326\n|switch|p2a: Basculin|Basculin, L86, M|81/261\n|turn|22\n|\n|t:|1781461332\n|move|p2a: Basculin|Aqua Jet|p1a: Infernape\n|-supereffective|p1a: Infernape\n|-damage|p1a: Infernape|0 fnt\n|faint|p1a: Infernape\n|\n|upkeep\n|\n|t:|1781461334\n|switch|p1a: Medicham|Medicham, L86, F|243/243\n|turn|23\n|\n|t:|1781461340\n|move|p2a: Basculin|Aqua Jet|p1a: Medicham\n|-damage|p1a: Medicham|153/243\n|move|p1a: Medicham|Close Combat|p2a: Basculin\n|-damage|p2a: Basculin|0 fnt\n|-unboost|p1a: Medicham|def|1\n|-unboost|p1a: Medicham|spd|1\n|faint|p2a: Basculin\n|\n|win|varllyam\n", "inputlog": ">version a8376a258c1d4662feba110a92103f3664a72141\n>start {\"formatid\":\"gen9randombattle\",\"seed\":\"sodium,b0fe0f3e5ad8f6d31f890d09eb9151c7\",\"rated\":\"Rated battle\"}\n>player p1 {\"name\":\"varllyam\",\"avatar\":\"170\",\"rating\":2125,\"seed\":\"sodium,f6609c29c6d9704922237ea289b75c05\"}\n>player p2 {\"name\":\"efalunt\",\"avatar\":\"supernerd\",\"rating\":2157,\"seed\":\"sodium,71182289746165cdffe343032d12275c\"}\n>p1 switch 4\n>p2 move wavecrash\n>p1 move roost\n>p2 move wavecrash\n>p1 switch 2\n>p1 move closecombat\n>p2 switch 2\n>p1 move closecombat\n>p2 move aquastep\n>p2 switch 2\n>p1 switch 6\n>p2 move aquajet\n>p1 move knockoff\n>p2 switch 4\n>p1 switch 5\n>p2 move thunderbolt\n>p1 move morningsun\n>p2 move thunderbolt\n>p1 move extremespeed\n>p2 move thunderbolt\n>p2 switch 4\n>p1 move extremespeed\n>p2 move flipturn\n>p2 switch 6\n>p1 switch 5\n>p1 move knockoff\n>p2 move drainpunch\n>p1 move knockoff\n>p2 move drainpunch\n>p2 switch 3\n>p1 move suckerpunch\n>p2 move powerwhip\n>p1 move knockoff\n>p2 move strengthsap\n>p1 move knockoff\n>p2 move strengthsap\n>p1 move suckerpunch\n>p2 move powerwhip\n>p1 switch 6\n>p1 move flareblitz\n>p2 move strengthsap\n>p2 switch 6\n>p1 switch 3\n>p2 move aquajet\n>p1 move earthquake\n>p2 switch 5\n>p1 move earthquake\n>p2 move dracometeor\n>p1 switch 3\n>p1 move closecombat\n>p2 move dracometeor terastallize\n>p2 switch 5\n>p1 move closecombat\n>p2 move aquajet\n>p1 switch 4\n>p1 move closecombat\n>p2 move aquajet", "uploadtime": 1781461143, "views": 7, "formatid": "gen9randombattle", "rating": null, "private": 0, "password": null}