{"id": "gen9randombattle-2631824415", "format": "[Gen 9] Random Battle", "players": ["Garrchampion", "luisgutierreezz"], "log": "|j|\u2606Garrchampion\n|j|\u2606luisgutierreezz\n|t:|1781444834\n|gametype|singles\n|player|p1|Garrchampion|cynthia|1397\n|player|p2|luisgutierreezz|102|1427\n|gen|9\n|tier|[Gen 9] Random Battle\n|rated|\n|rule|Species Clause: Limit one of each Pok\u00e9mon\n|rule|HP Percentage Mod: HP is shown in percentages\n|rule|Sleep Clause Mod: Limit one foe put to sleep\n|rule|Illusion Level Mod: Illusion disguises the Pok\u00e9mon's true level\n|\n|t:|1781444834\n|teamsize|p1|6\n|teamsize|p2|6\n|start\n|switch|p1a: Sandslash|Sandslash-Alola, L88, M|275/275\n|switch|p2a: Ninetales|Ninetales-Alola, L78, F|242/242\n|-weather|Snowscape|[from] ability: Snow Warning|[of] p2a: Ninetales\n|turn|1\n|inactive|Battle timer is ON: inactive players will automatically lose when time's up. (requested by luisgutierreezz)\n|\n|t:|1781444859\n|-terastallize|p2a: Ninetales|Steel\n|move|p1a: Sandslash|Swords Dance|p1a: Sandslash\n|-boost|p1a: Sandslash|atk|2\n|move|p2a: Ninetales|Aurora Veil|p2a: Ninetales\n|-sidestart|p2: luisgutierreezz|move: Aurora Veil\n|\n|-weather|Snowscape|[upkeep]\n|upkeep\n|turn|2\n|\n|t:|1781444870\n|switch|p2a: Coalossal|Coalossal, L89, F|341/341\n|move|p1a: Sandslash|Earthquake|p2a: Coalossal\n|-supereffective|p2a: Coalossal\n|-damage|p2a: Coalossal|13/341\n|-damage|p1a: Sandslash|248/275|[from] item: Life Orb\n|\n|-weather|Snowscape|[upkeep]\n|upkeep\n|turn|3\n|\n|t:|1781444887\n|move|p1a: Sandslash|Ice Shard|p2a: Coalossal\n|-resisted|p2a: Coalossal\n|-crit|p2a: Coalossal\n|-damage|p2a: Coalossal|0 fnt\n|faint|p2a: Coalossal\n|-damage|p1a: Sandslash|221/275|[from] item: Life Orb\n|\n|-weather|Snowscape|[upkeep]\n|upkeep\n|\n|t:|1781444895\n|switch|p2a: Beartic|Beartic, L91, F|321/321\n|turn|4\n|\n|t:|1781444913\n|move|p1a: Sandslash|Swords Dance|p1a: Sandslash\n|-boost|p1a: Sandslash|atk|2\n|move|p2a: Beartic|Close Combat|p1a: Sandslash\n|-supereffective|p1a: Sandslash\n|-damage|p1a: Sandslash|0 fnt\n|-unboost|p2a: Beartic|def|1\n|-unboost|p2a: Beartic|spd|1\n|faint|p1a: Sandslash\n|\n|-weather|Snowscape|[upkeep]\n|upkeep\n|inactive|Garrchampion has 120 seconds left.\n|\n|t:|1781444939\n|switch|p1a: Espathra|Espathra, L80, F|283/283\n|turn|5\n|\n|t:|1781444947\n|move|p2a: Beartic|Icicle Crash|p1a: Espathra\n|-damage|p1a: Espathra|94/283\n|move|p1a: Espathra|Lumina Crash|p2a: Beartic\n|-damage|p2a: Beartic|237/321\n|-unboost|p2a: Beartic|spd|2\n|\n|-weather|none\n|-ability|p1a: Espathra|Speed Boost|boost\n|-boost|p1a: Espathra|spe|1\n|upkeep\n|turn|6\n|\n|t:|1781444958\n|switch|p2a: Greninja|Greninja, L80, M|246/246\n|move|p1a: Espathra|Lumina Crash|p2a: Greninja\n|-immune|p2a: Greninja\n|\n|-ability|p1a: Espathra|Speed Boost|boost\n|-boost|p1a: Espathra|spe|1\n|upkeep\n|turn|7\n|\n|t:|1781444971\n|switch|p1a: Alomomola|Alomomola, L87, F|429/429\n|move|p2a: Greninja|Dark Pulse|p1a: Alomomola\n|-damage|p1a: Alomomola|280/429\n|-damage|p2a: Greninja|222/246|[from] item: Life Orb\n|\n|-heal|p1a: Alomomola|306/429|[from] item: Leftovers\n|upkeep\n|turn|8\n|\n|t:|1781444983\n|switch|p2a: Whimsicott|Whimsicott, L84, M|238/238\n|move|p1a: Alomomola|Protect||[still]\n|-fail|p1a: Alomomola\n|\n|-heal|p1a: Alomomola|332/429|[from] item: Leftovers\n|-sideend|p2: luisgutierreezz|move: Aurora Veil\n|upkeep\n|turn|9\n|\n|t:|1781444997\n|move|p2a: Whimsicott|Encore|p1a: Alomomola\n|-start|p1a: Alomomola|Encore\n|move|p1a: Alomomola|Protect||[still]\n|-fail|p1a: Alomomola\n|\n|-heal|p1a: Alomomola|358/429|[from] item: Leftovers\n|upkeep\n|turn|10\n|\n|t:|1781445007\n|switch|p1a: Espathra|Espathra, L80, F|94/283\n|move|p2a: Whimsicott|Leech Seed|p1a: Espathra\n|-start|p1a: Espathra|move: Leech Seed\n|\n|-damage|p1a: Espathra|59/283|[from] Leech Seed|[of] p2a: Whimsicott\n|upkeep\n|turn|11\n|\n|t:|1781445023\n|move|p2a: Whimsicott|Moonblast|p1a: Espathra\n|-damage|p1a: Espathra|0 fnt\n|faint|p1a: Espathra\n|\n|upkeep\n|\n|t:|1781445039\n|switch|p1a: Pawmot|Pawmot, L80, F|243/243\n|turn|12\n|\n|t:|1781445046\n|move|p2a: Whimsicott|Leech Seed|p1a: Pawmot|[miss]\n|-miss|p2a: Whimsicott|p1a: Pawmot\n|move|p1a: Pawmot|Nuzzle|p2a: Whimsicott\n|-resisted|p2a: Whimsicott\n|-crit|p2a: Whimsicott\n|-damage|p2a: Whimsicott|219/238\n|-status|p2a: Whimsicott|par\n|\n|-heal|p2a: Whimsicott|233/238 par|[from] item: Leftovers\n|upkeep\n|turn|13\n|inactive|Garrchampion has 120 seconds left.\n|\n|t:|1781445074\n|switch|p1a: Alomomola|Alomomola, L87, F|429/429\n|move|p2a: Whimsicott|Moonblast|p1a: Alomomola\n|-damage|p1a: Alomomola|305/429\n|\n|-heal|p1a: Alomomola|331/429|[from] item: Leftovers\n|-heal|p2a: Whimsicott|238/238 par|[from] item: Leftovers\n|upkeep\n|turn|14\n|inactive|Garrchampion has 120 seconds left.\n|\n|t:|1781445084\n|cant|p2a: Whimsicott|par\n|move|p1a: Alomomola|Scald|p2a: Whimsicott\n|-resisted|p2a: Whimsicott\n|-damage|p2a: Whimsicott|211/238 par\n|\n|-heal|p1a: Alomomola|357/429|[from] item: Leftovers\n|-heal|p2a: Whimsicott|225/238 par|[from] item: Leftovers\n|upkeep\n|turn|15\n|inactive|Garrchampion has 120 seconds left.\n|\n|t:|1781445098\n|switch|p1a: Greninja|Greninja, L80, M|246/246\n|move|p2a: Whimsicott|Leech Seed|p1a: Greninja\n|-hint|Since gen 7, Dark is immune to Prankster moves.\n|-immune|p1a: Greninja\n|\n|-heal|p2a: Whimsicott|238/238 par|[from] item: Leftovers\n|upkeep\n|turn|16\n|inactive|Garrchampion has 120 seconds left.\n|\n|t:|1781445114\n|move|p1a: Greninja|U-turn|p2a: Whimsicott\n|-start|p1a: Greninja|typechange|Bug|[from] ability: Protean\n|-damage|p2a: Whimsicott|169/238 par\n|\n|t:|1781445119\n|switch|p1a: Alomomola|Alomomola, L87, F|429/429|[from] U-turn\n|move|p2a: Whimsicott|Moonblast|p1a: Alomomola\n|-damage|p1a: Alomomola|309/429\n|\n|-heal|p1a: Alomomola|335/429|[from] item: Leftovers\n|-heal|p2a: Whimsicott|183/238 par|[from] item: Leftovers\n|upkeep\n|turn|17\n|inactive|luisgutierreezz has 120 seconds left.\n|\n|t:|1781445157\n|move|p2a: Whimsicott|Leech Seed|p1a: Alomomola\n|-start|p1a: Alomomola|move: Leech Seed\n|move|p1a: Alomomola|Flip Turn|p2a: Whimsicott\n|-resisted|p2a: Whimsicott\n|-damage|p2a: Whimsicott|155/238 par\n|\n|t:|1781445165\n|switch|p1a: Greninja|Greninja, L80, M|246/246|[from] Flip Turn\n|\n|-heal|p2a: Whimsicott|169/238 par|[from] item: Leftovers\n|upkeep\n|turn|18\n|\n|t:|1781445175\n|switch|p2a: Donphan|Donphan, L84, F|288/288\n|move|p1a: Greninja|Ice Beam|p2a: Donphan\n|-start|p1a: Greninja|typechange|Ice|[from] ability: Protean\n|-supereffective|p2a: Donphan\n|-ability|p2a: Donphan|Sturdy\n|-damage|p2a: Donphan|1/288\n|\n|-heal|p2a: Donphan|19/288|[from] item: Leftovers\n|upkeep\n|turn|19\n|inactive|Garrchampion has 120 seconds left.\n|inactive|luisgutierreezz has 120 seconds left.\n|\n|t:|1781445200\n|switch|p1a: Alomomola|Alomomola, L87, F|429/429\n|switch|p2a: Ninetales|Ninetales-Alola, L78, F, tera:Steel|242/242\n|-weather|Snowscape|[from] ability: Snow Warning|[of] p2a: Ninetales\n|\n|-weather|Snowscape|[upkeep]\n|upkeep\n|turn|20\n|inactive|luisgutierreezz has 120 seconds left.\n|\n|t:|1781445212\n|move|p2a: Ninetales|Aurora Veil|p2a: Ninetales\n|-sidestart|p2: luisgutierreezz|move: Aurora Veil\n|move|p1a: Alomomola|Flip Turn|p2a: Ninetales\n|-damage|p2a: Ninetales|206/242\n|\n|t:|1781445217\n|switch|p1a: Lycanroc|Lycanroc-Midnight, L89, M|296/296|[from] Flip Turn\n|\n|-weather|Snowscape|[upkeep]\n|upkeep\n|turn|21\n|inactive|luisgutierreezz has 120 seconds left.\n|\n|t:|1781445242\n|switch|p2a: Whimsicott|Whimsicott, L84, M|169/238 par\n|move|p1a: Lycanroc|Swords Dance|p1a: Lycanroc\n|-boost|p1a: Lycanroc|atk|2\n|\n|-weather|Snowscape|[upkeep]\n|-heal|p2a: Whimsicott|183/238 par|[from] item: Leftovers\n|upkeep\n|turn|22\n|\n|t:|1781445251\n|move|p2a: Whimsicott|Encore|p1a: Lycanroc\n|-start|p1a: Lycanroc|Encore\n|move|p1a: Lycanroc|Swords Dance|p1a: Lycanroc\n|-boost|p1a: Lycanroc|atk|2\n|\n|-weather|Snowscape|[upkeep]\n|-heal|p2a: Whimsicott|197/238 par|[from] item: Leftovers\n|upkeep\n|turn|23\n|\n|t:|1781445264\n|switch|p1a: Alomomola|Alomomola, L87, F|429/429\n|move|p2a: Whimsicott|Moonblast|p1a: Alomomola\n|-damage|p1a: Alomomola|299/429\n|-unboost|p1a: Alomomola|spa|1\n|\n|-weather|none\n|-heal|p1a: Alomomola|325/429|[from] item: Leftovers\n|-heal|p2a: Whimsicott|211/238 par|[from] item: Leftovers\n|upkeep\n|turn|24\n|\n|t:|1781445276\n|switch|p2a: Ninetales|Ninetales-Alola, L78, F, tera:Steel|206/242\n|-weather|Snowscape|[from] ability: Snow Warning|[of] p2a: Ninetales\n|move|p1a: Alomomola|Flip Turn|p2a: Ninetales\n|-damage|p2a: Ninetales|172/242\n|\n|t:|1781445284\n|switch|p1a: Pawmot|Pawmot, L80, F|243/243|[from] Flip Turn\n|\n|-weather|Snowscape|[upkeep]\n|upkeep\n|turn|25\n|\n|t:|1781445296\n|move|p2a: Ninetales|Moonblast|p1a: Pawmot\n|-supereffective|p1a: Pawmot\n|-damage|p1a: Pawmot|45/243\n|-unboost|p1a: Pawmot|spa|1\n|move|p1a: Pawmot|Revival Blessing|p1a: Pawmot\n|-enditem|p1a: Pawmot|Leppa Berry|[eat]\n|-activate|p1a: Pawmot|item: Leppa Berry|Revival Blessing|[consumed]\n|\n|t:|1781445305\n|-heal|p1: Sandslash|137/275|[from] move: Revival Blessing\n|\n|-weather|Snowscape|[upkeep]\n|upkeep\n|turn|26\n|inactive|Garrchampion has 120 seconds left.\n|\n|t:|1781445325\n|switch|p1a: Alomomola|Alomomola, L87, F|429/429\n|move|p2a: Ninetales|Moonblast|p1a: Alomomola\n|-damage|p1a: Alomomola|315/429\n|\n|-weather|Snowscape|[upkeep]\n|-heal|p1a: Alomomola|341/429|[from] item: Leftovers\n|upkeep\n|turn|27\n|\n|t:|1781445340\n|move|p2a: Ninetales|Freeze-Dry|p1a: Alomomola\n|-supereffective|p1a: Alomomola\n|-damage|p1a: Alomomola|171/429\n|move|p1a: Alomomola|Wish|p1a: Alomomola\n|\n|-weather|Snowscape|[upkeep]\n|-heal|p1a: Alomomola|197/429|[from] item: Leftovers\n|-sideend|p2: luisgutierreezz|move: Aurora Veil\n|upkeep\n|turn|28\n|inactive|Garrchampion has 120 seconds left.\n|\n|t:|1781445356\n|switch|p1a: Sandslash|Sandslash-Alola, L88, M|137/275\n|move|p2a: Ninetales|Aurora Veil|p2a: Ninetales\n|-sidestart|p2: luisgutierreezz|move: Aurora Veil\n|\n|-weather|none\n|-heal|p1a: Sandslash|275/275|[from] move: Wish|[wisher] Alomomola\n|upkeep\n|turn|29\n|inactive|Garrchampion has 120 seconds left.\n|\n|t:|1781445366\n|switch|p2a: Whimsicott|Whimsicott, L84, M|211/238 par\n|move|p1a: Sandslash|Swords Dance|p1a: Sandslash\n|-boost|p1a: Sandslash|atk|2\n|\n|-heal|p2a: Whimsicott|225/238 par|[from] item: Leftovers\n|upkeep\n|turn|30\n|\n|t:|1781445375\n|cant|p2a: Whimsicott|par\n|move|p1a: Sandslash|Triple Axel|p2a: Whimsicott|[miss]\n|-miss|p1a: Sandslash|p2a: Whimsicott\n|\n|-heal|p2a: Whimsicott|238/238 par|[from] item: Leftovers\n|upkeep\n|turn|31\n|\n|t:|1781445391\n|move|p2a: Whimsicott|Leech Seed|p1a: Sandslash\n|-start|p1a: Sandslash|move: Leech Seed\n|move|p1a: Sandslash|Triple Axel|p2a: Whimsicott\n|-supereffective|p2a: Whimsicott\n|-damage|p2a: Whimsicott|172/238 par\n|-supereffective|p2a: Whimsicott\n|-damage|p2a: Whimsicott|43/238 par\n|-supereffective|p2a: Whimsicott\n|-damage|p2a: Whimsicott|0 fnt\n|faint|p2a: Whimsicott\n|-hitcount|p2: Whimsicott|3\n|-damage|p1a: Sandslash|248/275|[from] item: Life Orb\n|\n|upkeep\n|inactive|luisgutierreezz has 120 seconds left.\n|\n|t:|1781445413\n|switch|p2a: Greninja|Greninja, L80, M|222/246\n|turn|32\n|inactive|luisgutierreezz has 120 seconds left.\n|\n|t:|1781445427\n|switch|p1a: Alomomola|Alomomola, L87, F|340/429\n|move|p2a: Greninja|Dark Pulse|p1a: Alomomola\n|-damage|p1a: Alomomola|184/429\n|-damage|p2a: Greninja|198/246|[from] item: Life Orb\n|\n|-heal|p1a: Alomomola|210/429|[from] item: Leftovers\n|upkeep\n|turn|33\n|\n|t:|1781445436\n|move|p1a: Alomomola|Protect|p1a: Alomomola\n|-singleturn|p1a: Alomomola|Protect\n|move|p2a: Greninja|Dark Pulse|p1a: Alomomola\n|-activate|p1a: Alomomola|move: Protect\n|\n|-heal|p1a: Alomomola|236/429|[from] item: Leftovers\n|upkeep\n|turn|34\n|\n|t:|1781445446\n|move|p2a: Greninja|Hydro Pump|p1a: Alomomola\n|-resisted|p1a: Alomomola\n|-damage|p1a: Alomomola|131/429\n|-damage|p2a: Greninja|174/246|[from] item: Life Orb\n|move|p1a: Alomomola|Flip Turn|p2a: Greninja\n|-resisted|p2a: Greninja\n|-damage|p2a: Greninja|156/246\n|\n|t:|1781445455\n|switch|p1a: Greninja|Greninja, L80, M|246/246|[from] Flip Turn\n|\n|upkeep\n|turn|35\n|inactive|luisgutierreezz has 120 seconds left.\n|\n|t:|1781445479\n|move|p1a: Greninja|U-turn|p2a: Greninja\n|-start|p1a: Greninja|typechange|Bug|[from] ability: Protean\n|-supereffective|p2a: Greninja\n|-damage|p2a: Greninja|65/246\n|\n|t:|1781445485\n|switch|p1a: Alomomola|Alomomola, L87, F|274/429|[from] U-turn\n|move|p2a: Greninja|Gunk Shot|p1a: Alomomola\n|-damage|p1a: Alomomola|171/429\n|-damage|p2a: Greninja|41/246|[from] item: Life Orb\n|\n|-heal|p1a: Alomomola|197/429|[from] item: Leftovers\n|-sideend|p2: luisgutierreezz|move: Aurora Veil\n|upkeep\n|turn|36\n|\n|t:|1781445500\n|move|p2a: Greninja|Dark Pulse|p1a: Alomomola\n|-damage|p1a: Alomomola|41/429\n|-damage|p2a: Greninja|17/246|[from] item: Life Orb\n|cant|p1a: Alomomola|flinch\n|\n|-heal|p1a: Alomomola|67/429|[from] item: Leftovers\n|upkeep\n|turn|37\n|\n|t:|1781445510\n|move|p1a: Alomomola|Protect|p1a: Alomomola\n|-singleturn|p1a: Alomomola|Protect\n|move|p2a: Greninja|Dark Pulse|p1a: Alomomola\n|-activate|p1a: Alomomola|move: Protect\n|\n|-heal|p1a: Alomomola|93/429|[from] item: Leftovers\n|upkeep\n|turn|38\n|\n|t:|1781445522\n|switch|p1a: Pawmot|Pawmot, L80, F|45/243\n|move|p2a: Greninja|Dark Pulse|p1a: Pawmot\n|-resisted|p1a: Pawmot\n|-damage|p1a: Pawmot|0 fnt\n|faint|p1a: Pawmot\n|-ability|p2a: Greninja|Battle Bond|boost\n|-boost|p2a: Greninja|atk|1\n|-boost|p2a: Greninja|spa|1\n|-boost|p2a: Greninja|spe|1\n|-activate|p2a: Greninja|ability: Battle Bond\n|-damage|p2a: Greninja|0 fnt|[from] item: Life Orb\n|faint|p2a: Greninja\n|\n|upkeep\n|l|\u2606Garrchampion\n|inactive|Garrchampion disconnected and has a minute to reconnect!\n|player|p1|\n|inactive|Garrchampion has 30 seconds to reconnect!\n|inactive|Garrchampion has 20 seconds to reconnect!\n|inactive|Garrchampion has 15 seconds to reconnect!\n|inactive|Garrchampion has 10 seconds to reconnect!\n|inactive|Garrchampion has 5 seconds to reconnect!\n|-message|Garrchampion lost due to inactivity.\n|\n|win|luisgutierreezz\n|raw|Garrchampion's rating: 1397 &rarr; <strong>1379</strong><br />(-18 for losing)\n|raw|luisgutierreezz's rating: 1427 &rarr; <strong>1445</strong><br />(+18 for winning)\n|j|\u2606Garrchampion\n|player|p1|Garrchampion|cynthia|\n|l|\u2606Garrchampion\n|player|p1|\n", "uploadtime": 1781445615, "views": 9, "formatid": "gen9randombattle", "rating": 1379, "private": 0, "password": null}