{"id": "gen9randombattle-2631570550", "format": "[Gen 9] Random Battle", "players": ["kimahris", "sphealinalright"], "log": "|j|\u2606kimahris\n|j|\u2606sphealinalright\n|t:|1781402781\n|gametype|singles\n|player|p1|kimahris|101|1911\n|player|p2|sphealinalright|backers|1907\n|gen|9\n|tier|[Gen 9] Random Battle\n|rated|\n|rule|Species Clause: Limit one of each Pok\u00e9mon\n|rule|HP Percentage Mod: HP is shown in percentages\n|rule|Sleep Clause Mod: Limit one foe put to sleep\n|rule|Illusion Level Mod: Illusion disguises the Pok\u00e9mon's true level\n|\n|t:|1781402781\n|teamsize|p1|6\n|teamsize|p2|6\n|start\n|switch|p1a: Regidrago|Regidrago, L77|435/435\n|switch|p2a: Bellossom|Bellossom, L84, F|263/263\n|turn|1\n|\n|t:|1781402795\n|switch|p1a: Vigoroth|Vigoroth, L85, F|275/275\n|move|p2a: Bellossom|Moonblast|p1a: Vigoroth\n|-damage|p1a: Vigoroth|216/275\n|\n|upkeep\n|turn|2\n|\n|t:|1781402806\n|switch|p2a: Clefable|Clefable, L83, M|293/293\n|move|p1a: Vigoroth|Body Slam|p2a: Clefable\n|-damage|p2a: Clefable|208/293\n|-status|p2a: Clefable|par\n|\n|-heal|p2a: Clefable|226/293 par|[from] item: Leftovers\n|upkeep\n|turn|3\n|\n|t:|1781402815\n|switch|p1a: Muk|Muk-Alola, L82, M|306/306\n|cant|p2a: Clefable|par\n|\n|-heal|p2a: Clefable|244/293 par|[from] item: Leftovers\n|upkeep\n|turn|4\n|\n|t:|1781402821\n|switch|p1a: Flareon|Flareon, L90, F|263/263\n|switch|p2a: Okidogi|Okidogi, L77, M|262/262\n|\n|-status|p1a: Flareon|tox|[from] item: Toxic Orb\n|upkeep\n|turn|5\n|\n|t:|1781402831\n|move|p1a: Flareon|Flare Blitz|p2a: Okidogi\n|-damage|p2a: Okidogi|24/262\n|-damage|p1a: Flareon|184/263 tox|[from] Recoil\n|move|p2a: Okidogi|Gunk Shot|p1a: Flareon|[miss]\n|-miss|p2a: Okidogi|p1a: Flareon\n|\n|-heal|p2a: Okidogi|40/262|[from] item: Leftovers\n|-damage|p1a: Flareon|168/263 tox|[from] psn\n|upkeep\n|turn|6\n|\n|t:|1781402840\n|move|p1a: Flareon|Quick Attack|p2a: Okidogi\n|-damage|p2a: Okidogi|0 fnt\n|faint|p2a: Okidogi\n|\n|-damage|p1a: Flareon|136/263 tox|[from] psn\n|upkeep\n|\n|t:|1781402850\n|switch|p2a: Probopass|Probopass, L91, M|257/257\n|turn|7\n|\n|t:|1781402858\n|switch|p1a: Minun|Minun, L95, M|268/268\n|move|p2a: Probopass|Body Press|p1a: Minun\n|-damage|p1a: Minun|140/268\n|\n|upkeep\n|turn|8\n|\n|t:|1781402866\n|move|p1a: Minun|Thunderbolt|p2a: Probopass\n|-damage|p2a: Probopass|183/257\n|-damage|p1a: Minun|114/268|[from] item: Life Orb\n|move|p2a: Probopass|Body Press|p1a: Minun\n|-damage|p1a: Minun|0 fnt\n|faint|p1a: Minun\n|\n|-heal|p2a: Probopass|199/257|[from] item: Leftovers\n|upkeep\n|\n|t:|1781402877\n|switch|p1a: Flareon|Flareon, L90, F|136/263 tox\n|turn|9\n|\n|t:|1781402888\n|move|p1a: Flareon|Flare Blitz|p2a: Probopass\n|-damage|p2a: Probopass|30/257\n|-damage|p1a: Flareon|80/263 tox|[from] Recoil\n|move|p2a: Probopass|Body Press|p1a: Flareon\n|-damage|p1a: Flareon|0 fnt\n|faint|p1a: Flareon\n|\n|-heal|p2a: Probopass|46/257|[from] item: Leftovers\n|upkeep\n|\n|t:|1781402899\n|switch|p1a: Vigoroth|Vigoroth, L85, F|216/275\n|turn|10\n|\n|t:|1781402905\n|move|p1a: Vigoroth|Knock Off|p2a: Probopass\n|-damage|p2a: Probopass|10/257\n|-enditem|p2a: Probopass|Leftovers|[from] move: Knock Off|[of] p1a: Vigoroth\n|move|p2a: Probopass|Thunder Wave|p1a: Vigoroth\n|-status|p1a: Vigoroth|par\n|\n|upkeep\n|turn|11\n|\n|t:|1781402911\n|move|p2a: Probopass|Body Press|p1a: Vigoroth\n|-supereffective|p1a: Vigoroth\n|-damage|p1a: Vigoroth|90/275 par\n|move|p1a: Vigoroth|Knock Off|p2a: Probopass\n|-damage|p2a: Probopass|0 fnt\n|faint|p2a: Probopass\n|\n|upkeep\n|\n|t:|1781402921\n|switch|p2a: Komala|Komala, L88, F|258/258\n|-ability|p2a: Komala|Comatose\n|turn|12\n|\n|t:|1781402925\n|move|p2a: Komala|Body Slam|p1a: Vigoroth\n|-damage|p1a: Vigoroth|9/275 par\n|move|p1a: Vigoroth|Body Slam|p2a: Komala\n|-damage|p2a: Komala|164/258\n|\n|upkeep\n|turn|13\n|\n|t:|1781402934\n|move|p2a: Komala|Rapid Spin|p1a: Vigoroth\n|-damage|p1a: Vigoroth|0 fnt\n|-boost|p2a: Komala|spe|1\n|faint|p1a: Vigoroth\n|\n|upkeep\n|\n|t:|1781402944\n|switch|p1a: Regidrago|Regidrago, L77|435/435\n|turn|14\n|\n|t:|1781402951\n|-terastallize|p1a: Regidrago|Steel\n|move|p2a: Komala|Body Slam|p1a: Regidrago\n|-resisted|p1a: Regidrago\n|-damage|p1a: Regidrago|345/435\n|-status|p1a: Regidrago|par\n|cant|p1a: Regidrago|par\n|\n|upkeep\n|turn|15\n|\n|t:|1781402960\n|move|p2a: Komala|Knock Off|p1a: Regidrago\n|-damage|p1a: Regidrago|206/435 par\n|-enditem|p1a: Regidrago|Life Orb|[from] move: Knock Off|[of] p2a: Komala\n|move|p1a: Regidrago|Dragon Dance|p1a: Regidrago\n|-boost|p1a: Regidrago|atk|1\n|-boost|p1a: Regidrago|spe|1\n|\n|upkeep\n|turn|16\n|\n|t:|1781402967\n|move|p2a: Komala|Knock Off|p1a: Regidrago\n|-damage|p1a: Regidrago|114/435 par\n|move|p1a: Regidrago|Dragon Claw|p2a: Komala\n|-damage|p2a: Komala|0 fnt\n|faint|p2a: Komala\n|\n|upkeep\n|\n|t:|1781402976\n|switch|p2a: Rampardos|Rampardos, L90, M|321/321\n|turn|17\n|\n|t:|1781402980\n|move|p2a: Rampardos|Fire Punch|p1a: Regidrago\n|-supereffective|p1a: Regidrago\n|-crit|p1a: Regidrago\n|-damage|p1a: Regidrago|0 fnt\n|faint|p1a: Regidrago\n|\n|upkeep\n|\n|t:|1781402987\n|switch|p1a: Misdreavus|Misdreavus, L90, M|254/254\n|turn|18\n|\n|t:|1781402993\n|switch|p2a: Clefable|Clefable, L83, M|244/293 par\n|move|p1a: Misdreavus|Calm Mind|p1a: Misdreavus\n|-boost|p1a: Misdreavus|spa|1\n|-boost|p1a: Misdreavus|spd|1\n|\n|-heal|p2a: Clefable|262/293 par|[from] item: Leftovers\n|upkeep\n|turn|19\n|\n|t:|1781403001\n|move|p1a: Misdreavus|Shadow Ball|p2a: Clefable\n|-crit|p2a: Clefable\n|-damage|p2a: Clefable|126/293 par\n|cant|p2a: Clefable|par\n|\n|-heal|p2a: Clefable|144/293 par|[from] item: Leftovers\n|upkeep\n|turn|20\n|\n|t:|1781403007\n|move|p1a: Misdreavus|Shadow Ball|p2a: Clefable\n|-damage|p2a: Clefable|63/293 par\n|cant|p2a: Clefable|par\n|\n|-heal|p2a: Clefable|81/293 par|[from] item: Leftovers\n|upkeep\n|turn|21\n|\n|t:|1781403013\n|move|p1a: Misdreavus|Shadow Ball|p2a: Clefable\n|-damage|p2a: Clefable|0 fnt\n|faint|p2a: Clefable\n|\n|upkeep\n|\n|t:|1781403018\n|switch|p2a: Bellossom|Bellossom, L84, F|263/263\n|turn|22\n|\n|t:|1781403027\n|switch|p1a: Muk|Muk-Alola, L82, M|306/306\n|move|p2a: Bellossom|Quiver Dance|p2a: Bellossom\n|-boost|p2a: Bellossom|spa|1\n|-boost|p2a: Bellossom|spd|1\n|-boost|p2a: Bellossom|spe|1\n|\n|upkeep\n|turn|23\n|\n|t:|1781403038\n|switch|p2a: Rampardos|Rampardos, L90, M|321/321\n|move|p1a: Muk|Gunk Shot|p2a: Rampardos\n|-resisted|p2a: Rampardos\n|-damage|p2a: Rampardos|246/321\n|\n|upkeep\n|turn|24\n|\n|t:|1781403048\n|switch|p1a: Misdreavus|Misdreavus, L90, M|254/254\n|-terastallize|p2a: Rampardos|Rock\n|move|p2a: Rampardos|Rock Slide|p1a: Misdreavus\n|-damage|p1a: Misdreavus|0 fnt\n|faint|p1a: Misdreavus\n|\n|upkeep\n|-message|kimahris forfeited.\n|\n|win|sphealinalright\n", "inputlog": ">version a8376a258c1d4662feba110a92103f3664a72141\n>start {\"formatid\":\"gen9randombattle\",\"seed\":\"sodium,6ee011d7e31916724042e6d48c66be1b\",\"rated\":\"Rated battle\"}\n>player p1 {\"name\":\"kimahris\",\"avatar\":\"101\",\"rating\":1911,\"seed\":\"sodium,dd9ce5c7964f5d47df606d88676bfc68\"}\n>player p2 {\"name\":\"sphealinalright\",\"avatar\":\"backers\",\"rating\":1907,\"seed\":\"sodium,ee677d8d3178e3556f2d51881c5857ce\"}\n>p1 switch 5\n>p2 move moonblast\n>p1 move bodyslam\n>p2 switch 6\n>p1 switch 3\n>p2 move moonblast\n>p1 switch 4\n>p2 switch 4\n>p1 move flareblitz\n>p2 move gunkshot\n>p1 move quickattack\n>p2 move drainpunch\n>p2 switch 5\n>p1 switch 2\n>p2 move bodypress\n>p1 move thunderbolt\n>p2 move bodypress\n>p1 switch 2\n>p1 move flareblitz\n>p2 move bodypress\n>p1 switch 3\n>p1 move knockoff\n>p2 move thunderwave\n>p1 move knockoff\n>p2 move bodypress\n>p2 switch 2\n>p1 move bodyslam\n>p2 move bodyslam\n>p1 move slackoff\n>p2 move rapidspin\n>p1 switch 5\n>p1 move dragonclaw terastallize\n>p2 move bodyslam\n>p1 move dragondance\n>p2 move knockoff\n>p1 move dragonclaw\n>p2 move knockoff\n>p2 switch 3\n>p1 move earthquake\n>p2 move firepunch\n>p1 switch 6\n>p1 move calmmind\n>p2 switch 4\n>p1 move shadowball\n>p2 move calmmind\n>p1 move shadowball\n>p2 move moonlight\n>p1 move shadowball\n>p2 move moonlight\n>p2 switch 6\n>p1 switch 4\n>p2 move quiverdance\n>p1 move gunkshot\n>p2 switch 4\n>p1 switch 4\n>p2 move rockslide terastallize\n>forcelose p1", "uploadtime": 1781402782, "views": 5, "formatid": "gen9randombattle", "rating": null, "private": 0, "password": null}