{"id": "gen9randombattle-2631526794", "format": "[Gen 9] Random Battle", "players": ["phantasmiccat", "nocomment3"], "log": "|badge|p1|bronze|gen9ru|100-9\n|uhtml|medal-msg|<div class=\"broadcast-blue\">Curious what those medals under the avatar are? PS now has Ladder Seasons! For more information, check out the <a href=\"https://www.smogon.com/forums/threads/3740067/\">thread on Smogon.</a></div>\n|j|\u2606phantasmiccat\n|j|\u2606nocomment3\n|t:|1781396754\n|gametype|singles\n|player|p1|phantasmiccat|miku-grass|2301\n|player|p2|nocomment3|2|2190\n|gen|9\n|tier|[Gen 9] Random Battle\n|rated|\n|rule|Species Clause: Limit one of each Pok\u00e9mon\n|rule|HP Percentage Mod: HP is shown in percentages\n|rule|Sleep Clause Mod: Limit one foe put to sleep\n|rule|Illusion Level Mod: Illusion disguises the Pok\u00e9mon's true level\n|\n|t:|1781396754\n|teamsize|p1|6\n|teamsize|p2|6\n|start\n|switch|p1a: Incineroar|Incineroar, L82, M|290/290\n|switch|p2a: Cyclizar|Cyclizar, L83, M|252/252\n|-ability|p1a: Incineroar|Intimidate|boost\n|-unboost|p2a: Cyclizar|atk|1\n|turn|1\n|inactive|Battle timer is ON: inactive players will automatically lose when time's up. (requested by phantasmiccat)\n|j| kiwifox_squared\n|\n|t:|1781396774\n|move|p2a: Cyclizar|Shed Tail|p2a: Cyclizar\n|-start|p2a: Cyclizar|Substitute|[from] move: Shed Tail\n|-damage|p2a: Cyclizar|126/252\n|\n|t:|1781396780\n|switch|p2a: Terrakion|Terrakion, L79|273/273|[from] Shed Tail\n|move|p1a: Incineroar|Knock Off|p2a: Terrakion\n|-resisted|p2a: Terrakion\n|-activate|p2a: Terrakion|move: Substitute|[damage]\n|\n|upkeep\n|turn|2\n|inactive|phantasmiccat has 120 seconds left.\n|\n|t:|1781396817\n|switch|p1a: Slowking|Slowking-Galar, L85, M|300/300\n|move|p2a: Terrakion|Close Combat|p1a: Slowking\n|-resisted|p1a: Slowking\n|-crit|p1a: Slowking\n|-damage|p1a: Slowking|229/300\n|-unboost|p2a: Terrakion|def|1\n|-unboost|p2a: Terrakion|spd|1\n|-damage|p2a: Terrakion|246/273|[from] item: Life Orb\n|\n|upkeep\n|turn|3\n|inactive|phantasmiccat has 120 seconds left.\n|\n|t:|1781396826\n|-terastallize|p2a: Terrakion|Ground\n|move|p2a: Terrakion|Earthquake|p1a: Slowking\n|-supereffective|p1a: Slowking\n|-damage|p1a: Slowking|0 fnt\n|faint|p1a: Slowking\n|-damage|p2a: Terrakion|219/273|[from] item: Life Orb\n|\n|upkeep\n|inactive|phantasmiccat has 120 seconds left.\n|\n|t:|1781396834\n|switch|p1a: Basculin|Basculin, L86, M|261/261\n|turn|4\n|\n|t:|1781396842\n|move|p1a: Basculin|Flip Turn|p2a: Terrakion\n|-supereffective|p2a: Terrakion\n|-end|p2a: Terrakion|Substitute\n|\n|t:|1781396845\n|switch|p1a: Lurantis|Lurantis, L87, M|264/264|[from] Flip Turn\n|move|p2a: Terrakion|Close Combat|p1a: Lurantis\n|-damage|p1a: Lurantis|96/264\n|-unboost|p2a: Terrakion|def|1\n|-unboost|p2a: Terrakion|spd|1\n|-damage|p2a: Terrakion|192/273|[from] item: Life Orb\n|\n|upkeep\n|turn|5\n|\n|t:|1781396851\n|move|p2a: Terrakion|Close Combat|p1a: Lurantis\n|-damage|p1a: Lurantis|0 fnt\n|-unboost|p2a: Terrakion|def|1\n|-unboost|p2a: Terrakion|spd|1\n|faint|p1a: Lurantis\n|-damage|p2a: Terrakion|165/273|[from] item: Life Orb\n|\n|upkeep\n|\n|t:|1781396853\n|switch|p1a: Basculin|Basculin, L86, M|261/261\n|turn|6\n|\n|t:|1781396864\n|switch|p2a: Bronzong|Bronzong, L88|261/261\n|move|p1a: Basculin|Flip Turn|p2a: Bronzong\n|-damage|p2a: Bronzong|167/261\n|\n|t:|1781396869\n|switch|p1a: Incineroar|Incineroar, L82, M|290/290|[from] Flip Turn\n|-ability|p1a: Incineroar|Intimidate|boost\n|-unboost|p2a: Bronzong|atk|1\n|\n|-heal|p2a: Bronzong|183/261|[from] item: Leftovers\n|upkeep\n|turn|7\n|\n|t:|1781396875\n|move|p1a: Incineroar|Parting Shot|p2a: Bronzong\n|-unboost|p2a: Bronzong|atk|1\n|-unboost|p2a: Bronzong|spa|1\n|\n|t:|1781396888\n|switch|p1a: Donphan|Donphan, L84, F|288/288|[from] Parting Shot\n|move|p2a: Bronzong|Stealth Rock|p1a: Donphan\n|-sidestart|p1: phantasmiccat|move: Stealth Rock\n|\n|-heal|p2a: Bronzong|199/261|[from] item: Leftovers\n|upkeep\n|turn|8\n|\n|t:|1781396897\n|move|p1a: Donphan|Rapid Spin|p2a: Bronzong\n|-resisted|p2a: Bronzong\n|-damage|p2a: Bronzong|183/261\n|-boost|p1a: Donphan|spe|1\n|-sideend|p1: phantasmiccat|Stealth Rock|[from] move: Rapid Spin|[of] p1a: Donphan\n|move|p2a: Bronzong|Hypnosis|p1a: Donphan|[miss]\n|-miss|p2a: Bronzong|p1a: Donphan\n|\n|-heal|p2a: Bronzong|199/261|[from] item: Leftovers\n|upkeep\n|turn|9\n|\n|t:|1781396904\n|move|p1a: Donphan|Stealth Rock|p2a: Bronzong\n|-sidestart|p2: nocomment3|move: Stealth Rock\n|move|p2a: Bronzong|Psychic|p1a: Donphan\n|-damage|p1a: Donphan|215/288\n|-unboost|p1a: Donphan|spd|1\n|\n|-heal|p1a: Donphan|233/288|[from] item: Leftovers\n|-heal|p2a: Bronzong|215/261|[from] item: Leftovers\n|upkeep\n|turn|10\n|\n|t:|1781396909\n|switch|p1a: Incineroar|Incineroar, L82, M|290/290\n|-ability|p1a: Incineroar|Intimidate|boost\n|-unboost|p2a: Bronzong|atk|1\n|move|p2a: Bronzong|Hypnosis|p1a: Incineroar\n|-status|p1a: Incineroar|slp|[from] move: Hypnosis\n|\n|-heal|p2a: Bronzong|231/261|[from] item: Leftovers\n|upkeep\n|turn|11\n|\n|t:|1781396914\n|switch|p1a: Bellossom|Bellossom, L84, F|263/263\n|move|p2a: Bronzong|Stealth Rock|p1a: Bellossom\n|-sidestart|p1: phantasmiccat|move: Stealth Rock\n|\n|-heal|p2a: Bronzong|247/261|[from] item: Leftovers\n|upkeep\n|turn|12\n|\n|t:|1781396927\n|switch|p2a: Cyclizar|Cyclizar, L83, M|210/252\n|move|p1a: Bellossom|Quiver Dance|p1a: Bellossom\n|-boost|p1a: Bellossom|spa|1\n|-boost|p1a: Bellossom|spd|1\n|-boost|p1a: Bellossom|spe|1\n|\n|upkeep\n|turn|13\n|\n|t:|1781396929\n|move|p2a: Cyclizar|Shed Tail|p2a: Cyclizar\n|-start|p2a: Cyclizar|Substitute|[from] move: Shed Tail\n|-damage|p2a: Cyclizar|84/252\n|\n|t:|1781396931\n|switch|p2a: Gardevoir|Gardevoir, L83, M|249/249|[from] Shed Tail\n|-damage|p2a: Gardevoir|218/249|[from] Stealth Rock\n|-ability|p2a: Gardevoir|Chlorophyll|Trace|[from] ability: Trace|[of] p1a: Bellossom\n|move|p1a: Bellossom|Quiver Dance|p1a: Bellossom\n|-boost|p1a: Bellossom|spa|1\n|-boost|p1a: Bellossom|spd|1\n|-boost|p1a: Bellossom|spe|1\n|\n|upkeep\n|turn|14\n|\n|t:|1781396941\n|move|p1a: Bellossom|Quiver Dance|p1a: Bellossom\n|-boost|p1a: Bellossom|spa|1\n|-boost|p1a: Bellossom|spd|1\n|-boost|p1a: Bellossom|spe|1\n|move|p2a: Gardevoir|Calm Mind|p2a: Gardevoir\n|-boost|p2a: Gardevoir|spa|1\n|-boost|p2a: Gardevoir|spd|1\n|\n|upkeep\n|turn|15\n|\n|t:|1781396946\n|move|p1a: Bellossom|Giga Drain|p2a: Gardevoir\n|-end|p2a: Gardevoir|Substitute\n|move|p2a: Gardevoir|Calm Mind|p2a: Gardevoir\n|-boost|p2a: Gardevoir|spa|1\n|-boost|p2a: Gardevoir|spd|1\n|\n|upkeep\n|turn|16\n|\n|t:|1781396959\n|switch|p1a: Donphan|Donphan, L84, F|233/288\n|-damage|p1a: Donphan|215/288|[from] Stealth Rock\n|move|p2a: Gardevoir|Calm Mind|p2a: Gardevoir\n|-boost|p2a: Gardevoir|spa|1\n|-boost|p2a: Gardevoir|spd|1\n|\n|-heal|p1a: Donphan|233/288|[from] item: Leftovers\n|upkeep\n|turn|17\n|\n|t:|1781396963\n|move|p2a: Gardevoir|Moonblast|p1a: Donphan\n|-damage|p1a: Donphan|0 fnt\n|faint|p1a: Donphan\n|-damage|p2a: Gardevoir|194/249|[from] item: Life Orb\n|\n|upkeep\n|\n|t:|1781396965\n|switch|p1a: Basculin|Basculin, L86, M|261/261\n|-damage|p1a: Basculin|229/261|[from] Stealth Rock\n|turn|18\n|\n|t:|1781396971\n|switch|p2a: Bronzong|Bronzong, L88|247/261\n|-damage|p2a: Bronzong|231/261|[from] Stealth Rock\n|move|p1a: Basculin|Wave Crash|p2a: Bronzong\n|-damage|p2a: Bronzong|31/261\n|-damage|p1a: Basculin|163/261|[from] Recoil\n|\n|-heal|p2a: Bronzong|47/261|[from] item: Leftovers\n|upkeep\n|turn|19\n|\n|t:|1781396978\n|move|p1a: Basculin|Wave Crash|p2a: Bronzong\n|-damage|p2a: Bronzong|0 fnt\n|faint|p2a: Bronzong\n|-damage|p1a: Basculin|147/261|[from] Recoil\n|\n|upkeep\n|\n|t:|1781396994\n|switch|p2a: Cyclizar|Cyclizar, L83, M|168/252\n|turn|20\n|\n|t:|1781396996\n|move|p2a: Cyclizar|Draco Meteor|p1a: Basculin\n|-damage|p1a: Basculin|0 fnt\n|-unboost|p2a: Cyclizar|spa|2\n|faint|p1a: Basculin\n|\n|upkeep\n|\n|t:|1781396999\n|switch|p1a: Bellossom|Bellossom, L84, F|263/263\n|-damage|p1a: Bellossom|231/263|[from] Stealth Rock\n|turn|21\n|\n|t:|1781397005\n|move|p2a: Cyclizar|Shed Tail|p2a: Cyclizar\n|-start|p2a: Cyclizar|Substitute|[from] move: Shed Tail\n|-damage|p2a: Cyclizar|42/252\n|\n|t:|1781397007\n|switch|p2a: Gardevoir|Gardevoir, L83, M|194/249|[from] Shed Tail\n|-damage|p2a: Gardevoir|163/249|[from] Stealth Rock\n|-ability|p2a: Gardevoir|Chlorophyll|Trace|[from] ability: Trace|[of] p1a: Bellossom\n|move|p1a: Bellossom|Quiver Dance|p1a: Bellossom\n|-boost|p1a: Bellossom|spa|1\n|-boost|p1a: Bellossom|spd|1\n|-boost|p1a: Bellossom|spe|1\n|\n|-heal|p1a: Bellossom|247/263|[from] item: Leftovers\n|upkeep\n|turn|22\n|\n|t:|1781397010\n|move|p1a: Bellossom|Giga Drain|p2a: Gardevoir\n|-end|p2a: Gardevoir|Substitute\n|-heal|p1a: Bellossom|263/263|[from] drain|[of] p2a: Gardevoir\n|move|p2a: Gardevoir|Calm Mind|p2a: Gardevoir\n|-boost|p2a: Gardevoir|spa|1\n|-boost|p2a: Gardevoir|spd|1\n|\n|upkeep\n|turn|23\n|\n|t:|1781397014\n|move|p1a: Bellossom|Giga Drain|p2a: Gardevoir\n|-damage|p2a: Gardevoir|105/249\n|move|p2a: Gardevoir|Calm Mind|p2a: Gardevoir\n|-boost|p2a: Gardevoir|spa|1\n|-boost|p2a: Gardevoir|spd|1\n|\n|upkeep\n|turn|24\n|\n|t:|1781397026\n|move|p1a: Bellossom|Giga Drain|p2a: Gardevoir\n|-damage|p2a: Gardevoir|57/249\n|move|p2a: Gardevoir|Calm Mind|p2a: Gardevoir\n|-boost|p2a: Gardevoir|spa|1\n|-boost|p2a: Gardevoir|spd|1\n|\n|upkeep\n|turn|25\n|\n|t:|1781397043\n|move|p1a: Bellossom|Giga Drain|p2a: Gardevoir\n|-damage|p2a: Gardevoir|15/249\n|move|p2a: Gardevoir|Psyshock|p1a: Bellossom\n|-damage|p1a: Bellossom|0 fnt\n|faint|p1a: Bellossom\n|-damage|p2a: Gardevoir|0 fnt|[from] item: Life Orb\n|faint|p2a: Gardevoir\n|\n|upkeep\n|\n|t:|1781397049\n|switch|p2a: Cyclizar|Cyclizar, L83, M|126/252\n|switch|p1a: Incineroar|Incineroar, L82, M|290/290 slp\n|-ability|p1a: Incineroar|Intimidate|boost\n|-unboost|p2a: Cyclizar|atk|1\n|turn|26\n|\n|t:|1781397056\n|move|p2a: Cyclizar|Rapid Spin|p1a: Incineroar\n|-damage|p1a: Incineroar|254/290 slp\n|-boost|p2a: Cyclizar|spe|1\n|-sideend|p2: nocomment3|Stealth Rock|[from] move: Rapid Spin|[of] p2a: Cyclizar\n|cant|p1a: Incineroar|slp\n|\n|upkeep\n|turn|27\n|-message|phantasmiccat forfeited.\n|\n|win|nocomment3\n", "inputlog": ">version a8376a258c1d4662feba110a92103f3664a72141\n>start {\"formatid\":\"gen9randombattle\",\"seed\":\"sodium,4deb9bb05cf5ec2cb0676c16741cabcb\",\"rated\":\"Rated battle\"}\n>player p1 {\"name\":\"phantasmiccat\",\"avatar\":\"miku-grass\",\"rating\":2301,\"seed\":\"sodium,136e13b16fc9f92c718b600ddf193ee0\"}\n>player p2 {\"name\":\"nocomment3\",\"avatar\":\"2\",\"rating\":2190,\"seed\":\"sodium,021f31dab4cae38121a526fe66575bba\"}\n>p1 move knockoff\n>p2 move shedtail\n>p2 switch 6\n>p1 switch 2\n>p2 move closecombat\n>p1 move psychicnoise\n>p2 move earthquake terastallize\n>p1 switch 6\n>p1 move flipturn\n>p2 move closecombat\n>p1 switch 3\n>p1 move leafstorm\n>p2 move closecombat\n>p1 switch 3\n>p1 move flipturn\n>p2 switch 5\n>p1 switch 2\n>p1 move partingshot\n>p2 move stealthrock\n>p1 switch 5\n>p1 move rapidspin\n>p2 move hypnosis\n>p1 move stealthrock\n>p2 move psychic\n>p1 switch 5\n>p2 move hypnosis\n>p1 switch 4\n>p2 move stealthrock\n>p1 move quiverdance\n>p2 switch 6\n>p1 move quiverdance\n>p2 move shedtail\n>p2 switch 2\n>p1 move quiverdance\n>p2 move calmmind\n>p1 move gigadrain\n>p2 move calmmind\n>p1 switch 5\n>p2 move calmmind\n>p1 move rapidspin\n>p2 move moonblast\n>p1 switch 2\n>p1 move wavecrash\n>p2 switch 6\n>p1 move wavecrash\n>p2 move psychic\n>p2 switch 2\n>p1 move wavecrash\n>p2 move dracometeor\n>p1 switch 5\n>p1 move quiverdance\n>p2 move shedtail\n>p2 switch 6\n>p1 move gigadrain\n>p2 move calmmind\n>p1 move gigadrain\n>p2 move calmmind\n>p1 move gigadrain\n>p2 move calmmind\n>p1 move gigadrain\n>p2 move psyshock\n>p1 switch 4\n>p2 switch 6\n>p1 move knockoff\n>p2 move rapidspin\n>forcelose p1", "uploadtime": 1781396757, "views": 9, "formatid": "gen9randombattle", "rating": null, "private": 0, "password": null}