{"id": "gen9randombattle-2631602724", "format": "[Gen 9] Random Battle", "players": ["General Nova64", "Meowerdoom"], "log": "|j|\u2606General Nova64\n|j|\u2606Meowerdoom\n|t:|1781407306\n|gametype|singles\n|player|p1|General Nova64|169|2081\n|player|p2|Meowerdoom|burgh|2102\n|gen|9\n|tier|[Gen 9] Random Battle\n|rated|\n|rule|Species Clause: Limit one of each Pok\u00e9mon\n|rule|HP Percentage Mod: HP is shown in percentages\n|rule|Sleep Clause Mod: Limit one foe put to sleep\n|rule|Illusion Level Mod: Illusion disguises the Pok\u00e9mon's true level\n|\n|t:|1781407306\n|teamsize|p1|6\n|teamsize|p2|6\n|start\n|switch|p1a: Lurantis|Lurantis, L87, M|264/264\n|switch|p2a: Espathra|Espathra, L80, F|283/283\n|turn|1\n|\n|t:|1781407314\n|switch|p1a: Lokix|Lokix, L82, M|251/251\n|move|p2a: Espathra|Protect||[still]\n|-fail|p2a: Espathra\n|\n|-ability|p2a: Espathra|Speed Boost|boost\n|-boost|p2a: Espathra|spe|1\n|upkeep\n|turn|2\n|\n|t:|1781407324\n|switch|p2a: Vileplume|Vileplume, L85, M|266/266\n|move|p1a: Lokix|First Impression|p2a: Vileplume\n|-crit|p2a: Vileplume\n|-damage|p2a: Vileplume|81/266\n|-damage|p1a: Lokix|226/251|[from] item: Life Orb\n|\n|-heal|p2a: Vileplume|97/266|[from] item: Leftovers\n|upkeep\n|turn|3\n|c|\u2606Meowerdoom|:/\n|\n|t:|1781407339\n|move|p1a: Lokix|Knock Off|p2a: Vileplume\n|-damage|p2a: Vileplume|0 fnt\n|-enditem|p2a: Vileplume|Leftovers|[from] move: Knock Off|[of] p1a: Lokix\n|faint|p2a: Vileplume\n|-damage|p1a: Lokix|201/251|[from] item: Life Orb\n|\n|upkeep\n|\n|t:|1781407351\n|switch|p2a: Swampert|Swampert, L83, M|302/302\n|turn|4\n|\n|t:|1781407355\n|move|p1a: Lokix|Knock Off|p2a: Swampert\n|-damage|p2a: Swampert|176/302\n|-enditem|p2a: Swampert|Leftovers|[from] move: Knock Off|[of] p1a: Lokix\n|-damage|p1a: Lokix|176/251|[from] item: Life Orb\n|move|p2a: Swampert|Stealth Rock|p1a: Lokix\n|-sidestart|p1: General Nova64|move: Stealth Rock\n|\n|upkeep\n|turn|5\n|\n|t:|1781407363\n|move|p1a: Lokix|Leech Life|p2a: Swampert\n|-damage|p2a: Swampert|77/302\n|-heal|p1a: Lokix|226/251|[from] drain|[of] p2a: Swampert\n|-damage|p1a: Lokix|201/251|[from] item: Life Orb\n|move|p2a: Swampert|Roar|p1a: Lokix\n|drag|p1a: Zangoose|Zangoose, L85, F|263/263\n|-damage|p1a: Zangoose|231/263|[from] Stealth Rock\n|\n|-status|p1a: Zangoose|tox|[from] item: Toxic Orb\n|upkeep\n|turn|6\n|\n|t:|1781407372\n|move|p1a: Zangoose|Facade|p2a: Swampert\n|-damage|p2a: Swampert|0 fnt\n|faint|p2a: Swampert\n|\n|-damage|p1a: Zangoose|215/263 tox|[from] psn\n|upkeep\n|\n|t:|1781407379\n|switch|p2a: Pikachu|Pikachu-Hoenn, L93, M|216/216\n|turn|7\n|\n|t:|1781407385\n|move|p2a: Pikachu|Volt Tackle|p1a: Zangoose\n|-damage|p1a: Zangoose|0 fnt\n|faint|p1a: Zangoose\n|-damage|p2a: Pikachu|145/216|[from] Recoil\n|\n|upkeep\n|\n|t:|1781407400\n|switch|p1a: Lokix|Lokix, L82, M|201/251\n|-damage|p1a: Lokix|139/251|[from] Stealth Rock\n|turn|8\n|\n|t:|1781407411\n|switch|p2a: Komala|Komala, L88, F|258/258\n|-ability|p2a: Komala|Comatose\n|move|p1a: Lokix|First Impression|p2a: Komala\n|-damage|p2a: Komala|124/258\n|-damage|p1a: Lokix|114/251|[from] item: Life Orb\n|\n|upkeep\n|turn|9\n|\n|t:|1781407418\n|-terastallize|p1a: Lokix|Bug\n|move|p1a: Lokix|Leech Life|p2a: Komala\n|-damage|p2a: Komala|0 fnt\n|-heal|p1a: Lokix|176/251|[from] drain|[of] p2a: Komala\n|faint|p2a: Komala\n|-damage|p1a: Lokix|151/251|[from] item: Life Orb\n|\n|upkeep\n|\n|t:|1781407438\n|switch|p2a: Pikachu|Pikachu-Hoenn, L93, M|145/216\n|turn|10\n|\n|t:|1781407442\n|switch|p1a: Quagsire|Quagsire, L84, M|297/297\n|-damage|p1a: Quagsire|279/297|[from] Stealth Rock\n|move|p2a: Pikachu|Volt Tackle|p1a: Quagsire\n|-immune|p1a: Quagsire\n|\n|-heal|p1a: Quagsire|297/297|[from] item: Leftovers\n|upkeep\n|turn|11\n|\n|t:|1781407449\n|switch|p2a: Cryogonal|Cryogonal, L89|287/287\n|move|p1a: Quagsire|Earthquake|p2a: Cryogonal\n|-immune|p2a: Cryogonal|[from] ability: Levitate\n|\n|upkeep\n|turn|12\n|\n|t:|1781407454\n|switch|p1a: Mabosstiff|Mabosstiff, L86, M|278/278\n|-damage|p1a: Mabosstiff|244/278|[from] Stealth Rock\n|move|p2a: Cryogonal|Freeze-Dry|p1a: Mabosstiff\n|-damage|p1a: Mabosstiff|150/278\n|\n|upkeep\n|turn|13\n|\n|t:|1781407458\n|move|p1a: Mabosstiff|Crunch|p2a: Cryogonal\n|-damage|p2a: Cryogonal|131/287\n|move|p2a: Cryogonal|Freeze-Dry|p1a: Mabosstiff\n|-damage|p1a: Mabosstiff|50/278\n|-status|p1a: Mabosstiff|frz\n|\n|upkeep\n|turn|14\n|\n|t:|1781407462\n|cant|p1a: Mabosstiff|frz\n|move|p2a: Cryogonal|Recover|p2a: Cryogonal\n|-heal|p2a: Cryogonal|275/287\n|\n|upkeep\n|turn|15\n|\n|t:|1781407465\n|cant|p1a: Mabosstiff|frz\n|move|p2a: Cryogonal|Freeze-Dry|p1a: Mabosstiff\n|-damage|p1a: Mabosstiff|0 fnt\n|faint|p1a: Mabosstiff\n|\n|upkeep\n|\n|t:|1781407472\n|switch|p1a: Tauros|Tauros-Paldea-Aqua, L81, M|252/252\n|-damage|p1a: Tauros|237/252|[from] Stealth Rock\n|turn|16\n|\n|t:|1781407476\n|move|p2a: Cryogonal|Freeze-Dry|p1a: Tauros\n|-supereffective|p1a: Tauros\n|-damage|p1a: Tauros|51/252\n|-enditem|p1a: Tauros|Sitrus Berry|[eat]\n|-heal|p1a: Tauros|114/252|[from] item: Sitrus Berry\n|move|p1a: Tauros|Close Combat|p2a: Cryogonal\n|-supereffective|p2a: Cryogonal\n|-damage|p2a: Cryogonal|0 fnt\n|-unboost|p1a: Tauros|def|1\n|-unboost|p1a: Tauros|spd|1\n|faint|p2a: Cryogonal\n|\n|upkeep\n|inactive|Battle timer is ON: inactive players will automatically lose when time's up. (requested by General Nova64)\n|l|\u2606General Nova64\n|inactive|General Nova64 disconnected and has a minute to reconnect!\n|player|p1|\n|\n|t:|1781407500\n|switch|p2a: Espathra|Espathra, L80, F|283/283\n|turn|17\n|inactive|General Nova64 has 30 seconds to reconnect!\n|inactive|General Nova64 has 20 seconds to reconnect!\n|inactive|General Nova64 has 15 seconds to reconnect!\n|inactive|General Nova64 has 10 seconds to reconnect!\n|inactive|General Nova64 has 5 seconds to reconnect!\n|j|\u2606General Nova64\n|inactive|General Nova64 reconnected and has 95 seconds left.\n|player|p1|General Nova64|169|\n|inactive|General Nova64 has 90 seconds left.\n|\n|t:|1781407561\n|move|p2a: Espathra|Protect|p2a: Espathra\n|-singleturn|p2a: Espathra|Protect\n|move|p1a: Tauros|Liquidation|p2a: Espathra\n|-activate|p2a: Espathra|move: Protect\n|\n|-ability|p2a: Espathra|Speed Boost|boost\n|-boost|p2a: Espathra|spe|1\n|-activate|p1a: Tauros|ability: Cud Chew\n|-enditem|p1a: Tauros|Sitrus Berry|[eat]\n|-heal|p1a: Tauros|177/252|[from] item: Sitrus Berry\n|upkeep\n|turn|18\n|\n|t:|1781407568\n|move|p2a: Espathra|Dazzling Gleam|p1a: Tauros\n|-supereffective|p1a: Tauros\n|-damage|p1a: Tauros|0 fnt\n|faint|p1a: Tauros\n|\n|-ability|p2a: Espathra|Speed Boost|boost\n|-boost|p2a: Espathra|spe|1\n|upkeep\n|\n|t:|1781407573\n|switch|p1a: Quagsire|Quagsire, L84, M|297/297\n|-damage|p1a: Quagsire|279/297|[from] Stealth Rock\n|turn|19\n|\n|t:|1781407581\n|move|p2a: Espathra|Protect|p2a: Espathra\n|-singleturn|p2a: Espathra|Protect\n|move|p1a: Quagsire|Toxic|p2a: Espathra\n|-activate|p2a: Espathra|move: Protect\n|\n|-heal|p1a: Quagsire|297/297|[from] item: Leftovers\n|-ability|p2a: Espathra|Speed Boost|boost\n|-boost|p2a: Espathra|spe|1\n|upkeep\n|turn|20\n|\n|t:|1781407589\n|move|p2a: Espathra|Calm Mind|p2a: Espathra\n|-boost|p2a: Espathra|spa|1\n|-boost|p2a: Espathra|spd|1\n|move|p1a: Quagsire|Toxic|p2a: Espathra\n|-status|p2a: Espathra|tox\n|\n|-damage|p2a: Espathra|266/283 tox|[from] psn\n|-ability|p2a: Espathra|Speed Boost|boost\n|-boost|p2a: Espathra|spe|1\n|upkeep\n|turn|21\n|\n|t:|1781407595\n|move|p2a: Espathra|Stored Power|p1a: Quagsire\n|-damage|p1a: Quagsire|135/297\n|move|p1a: Quagsire|Earthquake|p2a: Espathra\n|-damage|p2a: Espathra|122/283 tox\n|\n|-heal|p2a: Espathra|139/283 tox|[from] item: Leftovers\n|-heal|p1a: Quagsire|153/297|[from] item: Leftovers\n|-damage|p2a: Espathra|105/283 tox|[from] psn\n|-ability|p2a: Espathra|Speed Boost|boost\n|-boost|p2a: Espathra|spe|1\n|upkeep\n|turn|22\n|\n|t:|1781407606\n|move|p2a: Espathra|Stored Power|p1a: Quagsire\n|-damage|p1a: Quagsire|0 fnt\n|faint|p1a: Quagsire\n|\n|-heal|p2a: Espathra|122/283 tox|[from] item: Leftovers\n|-damage|p2a: Espathra|71/283 tox|[from] psn\n|-ability|p2a: Espathra|Speed Boost|boost\n|-boost|p2a: Espathra|spe|1\n|upkeep\n|\n|t:|1781407615\n|switch|p1a: Lokix|Lokix, L82, M, tera:Bug|151/251\n|-damage|p1a: Lokix|89/251|[from] Stealth Rock\n|turn|23\n|\n|t:|1781407618\n|move|p2a: Espathra|Protect|p2a: Espathra\n|-singleturn|p2a: Espathra|Protect\n|move|p1a: Lokix|First Impression|p2a: Espathra\n|-activate|p2a: Espathra|move: Protect\n|\n|-heal|p2a: Espathra|88/283 tox|[from] item: Leftovers\n|-damage|p2a: Espathra|20/283 tox|[from] psn\n|upkeep\n|turn|24\n|\n|t:|1781407621\n|move|p1a: Lokix|Sucker Punch|p2a: Espathra\n|-supereffective|p2a: Espathra\n|-damage|p2a: Espathra|0 fnt\n|faint|p2a: Espathra\n|-damage|p1a: Lokix|64/251|[from] item: Life Orb\n|\n|upkeep\n|-message|Meowerdoom forfeited.\n|\n|win|General Nova64\n", "inputlog": ">version a8376a258c1d4662feba110a92103f3664a72141\n>start {\"formatid\":\"gen9randombattle\",\"seed\":\"sodium,da4afa0fb0d3d633637e57c701d299c4\",\"rated\":\"Rated battle\"}\n>player p1 {\"name\":\"General Nova64\",\"avatar\":\"169\",\"rating\":2081,\"seed\":\"sodium,676c44e4ff34aef9b475de285259bb57\"}\n>player p2 {\"name\":\"Meowerdoom\",\"avatar\":\"burgh\",\"rating\":2102,\"seed\":\"sodium,0f0c7938d1c1279fe46c31dce9209459\"}\n>p1 switch 3\n>p2 move protect\n>p1 move firstimpression\n>p2 switch 6\n>chat \u2606Meowerdoom|:/\n>p1 move knockoff\n>p2 move strengthsap\n>p2 switch 3\n>p1 move knockoff\n>p2 move stealthrock\n>p1 move leechlife\n>p2 move roar\n>p1 move facade\n>p2 move knockoff\n>p2 switch 5\n>p1 move knockoff\n>p2 move volttackle\n>p1 switch 6\n>p1 move firstimpression\n>p2 switch 2\n>p1 move leechlife terastallize\n>p2 move bodyslam\n>p2 switch 2\n>p1 switch 4\n>p2 move volttackle\n>p1 move earthquake\n>p2 switch 4\n>p1 switch 2\n>p2 move freezedry\n>p1 move crunch\n>p2 move freezedry\n>p1 move crunch\n>p2 move recover\n>p1 move crunch\n>p2 move freezedry\n>p1 switch 5\n>p1 move closecombat\n>p2 move freezedry\n>p2 switch 6\n>p1 move liquidation\n>p2 move protect\n>p1 move liquidation\n>p2 move dazzlinggleam\n>p1 switch 2\n>p1 move toxic\n>p2 move protect\n>p1 move toxic\n>p2 move calmmind\n>p1 move earthquake\n>p2 move storedpower\n>p1 move earthquake\n>p2 move storedpower\n>p1 switch 4\n>p1 move firstimpression\n>p2 move protect\n>p1 move suckerpunch\n>p2 move storedpower\n>forcelose p2", "uploadtime": 1781407308, "views": 7, "formatid": "gen9randombattle", "rating": null, "private": 0, "password": null}