{"id": "gen9randombattle-2631781768", "format": "[Gen 9] Random Battle", "players": ["ColdWaterSteam", "haxion"], "log": "|j|\u2606ColdWaterSteam\n|j|\u2606haxion\n|t:|1781438772\n|gametype|singles\n|player|p1|ColdWaterSteam|2|2094\n|player|p2|haxion|preschooler|2259\n|gen|9\n|tier|[Gen 9] Random Battle\n|rated|\n|rule|Species Clause: Limit one of each Pok\u00e9mon\n|rule|HP Percentage Mod: HP is shown in percentages\n|rule|Sleep Clause Mod: Limit one foe put to sleep\n|rule|Illusion Level Mod: Illusion disguises the Pok\u00e9mon's true level\n|\n|t:|1781438772\n|teamsize|p1|6\n|teamsize|p2|6\n|start\n|switch|p1a: Walking Wake|Walking Wake, L79|286/286\n|switch|p2a: Phione|Phione, L91|293/293\n|turn|1\n|inactive|Battle timer is ON: inactive players will automatically lose when time's up. (requested by ColdWaterSteam)\n|inactive|haxion also wants the timer to be on.\n|\n|t:|1781438794\n|-end|p1a: Walking Wake|Protosynthesis|[silent]\n|switch|p1a: Toxicroak|Toxicroak, L84, M|277/277\n|switch|p2a: Slowbro|Slowbro-Galar, L87, F|307/307\n|\n|upkeep\n|turn|2\n|inactive|ColdWaterSteam has 120 seconds left.\n|inactive|ColdWaterSteam has 90 seconds left.\n|\n|t:|1781438871\n|-terastallize|p1a: Toxicroak|Dark\n|move|p1a: Toxicroak|Knock Off|p2a: Slowbro\n|-supereffective|p2a: Slowbro\n|-damage|p2a: Slowbro|0 fnt\n|-enditem|p2a: Slowbro|Leftovers|[from] move: Knock Off|[of] p1a: Toxicroak\n|faint|p2a: Slowbro\n|\n|upkeep\n|c|\u2606haxion|wow, must be a menace for you to tera this early\n|inactive|haxion has 120 seconds left.\n|c|\u2606haxion|not even guaranteed kill\n|inactive|haxion has 90 seconds left.\n|\n|t:|1781438940\n|switch|p2a: Gumshoos|Gumshoos, L95, M|321/321\n|turn|3\n|\n|t:|1781438957\n|switch|p1a: Wigglytuff|Wigglytuff, L96, F|424/424\n|move|p2a: Gumshoos|Double-Edge|p1a: Wigglytuff\n|-damage|p1a: Wigglytuff|0 fnt\n|faint|p1a: Wigglytuff\n|-damage|p2a: Gumshoos|181/321|[from] Recoil\n|\n|upkeep\n|\n|t:|1781438969\n|switch|p1a: Smeargle|Smeargle, L95, M|258/258\n|turn|4\n|inactive|haxion has 90 seconds left.\n|\n|t:|1781438983\n|switch|p2a: Ogerpon|Ogerpon-Wellspring, L76, F|247/247\n|move|p1a: Smeargle|Sticky Web|p2a: Ogerpon\n|-sidestart|p2: haxion|move: Sticky Web\n|\n|upkeep\n|turn|5\n|inactive|haxion has 90 seconds left.\n|inactive|ColdWaterSteam has 60 seconds left.\n|\n|t:|1781439005\n|switch|p1a: Tentacruel|Tentacruel, L84, M|272/272\n|move|p2a: Ogerpon|Power Whip|p1a: Tentacruel\n|-damage|p1a: Tentacruel|80/272\n|\n|-heal|p1a: Tentacruel|97/272|[from] item: Leftovers\n|upkeep\n|turn|6\n|inactive|haxion has 90 seconds left.\n|\n|t:|1781439031\n|-terastallize|p2a: Ogerpon|Water\n|detailschange|p2a: Ogerpon|Ogerpon-Wellspring-Tera, L76, F, tera:Water\n|-ability|p2a: Ogerpon|Embody Aspect (Wellspring)|boost\n|-boost|p2a: Ogerpon|spd|1\n|move|p1a: Tentacruel|Sludge Bomb|p2a: Ogerpon\n|-damage|p2a: Ogerpon|190/247\n|move|p2a: Ogerpon|Swords Dance|p2a: Ogerpon\n|-boost|p2a: Ogerpon|atk|2\n|\n|-heal|p1a: Tentacruel|114/272|[from] item: Leftovers\n|upkeep\n|turn|7\n|inactive|ColdWaterSteam has 60 seconds left.\n|\n|t:|1781439053\n|move|p1a: Tentacruel|Toxic|p2a: Ogerpon\n|-status|p2a: Ogerpon|tox\n|move|p2a: Ogerpon|Knock Off|p1a: Tentacruel\n|-damage|p1a: Tentacruel|0 fnt\n|-enditem|p1a: Tentacruel|Leftovers|[from] move: Knock Off|[of] p2a: Ogerpon\n|faint|p1a: Tentacruel\n|\n|-damage|p2a: Ogerpon|175/247 tox|[from] psn\n|upkeep\n|c|\u2606haxion|i thought that was a speed boost, not spd ^^\"\n|inactive|ColdWaterSteam has 30 seconds left.\n|\n|t:|1781439089\n|switch|p1a: Walking Wake|Walking Wake, L79|286/286\n|turn|8\n|inactive|haxion has 90 seconds left.\n|\n|t:|1781439095\n|move|p1a: Walking Wake|Draco Meteor|p2a: Ogerpon\n|-damage|p2a: Ogerpon|46/247 tox\n|-unboost|p1a: Walking Wake|spa|2\n|-damage|p1a: Walking Wake|258/286|[from] item: Life Orb\n|move|p2a: Ogerpon|Power Whip|p1a: Walking Wake\n|-damage|p1a: Walking Wake|0 fnt\n|faint|p1a: Walking Wake\n|-end|p1a: Walking Wake|Protosynthesis|[silent]\n|\n|-damage|p2a: Ogerpon|16/247 tox|[from] psn\n|upkeep\n|\n|t:|1781439103\n|switch|p1a: Smeargle|Smeargle, L95, M|258/258\n|turn|9\n|\n|t:|1781439110\n|move|p2a: Ogerpon|Knock Off|p1a: Smeargle\n|-enditem|p1a: Smeargle|Focus Sash\n|-damage|p1a: Smeargle|1/258\n|move|p1a: Smeargle|Stealth Rock|p2a: Ogerpon\n|-sidestart|p2: haxion|move: Stealth Rock\n|\n|-damage|p2a: Ogerpon|0 fnt|[from] psn\n|faint|p2a: Ogerpon\n|detailschange|p2: Ogerpon|Ogerpon-Wellspring, L76, F|[silent]\n|upkeep\n|inactive|haxion has 90 seconds left.\n|inactive|haxion has 60 seconds left.\n|inactive|haxion has 30 seconds left.\n|\n|t:|1781439189\n|switch|p2a: Gumshoos|Gumshoos, L95, M|181/321\n|-activate|p2a: Gumshoos|move: Sticky Web\n|-unboost|p2a: Gumshoos|spe|1\n|-damage|p2a: Gumshoos|141/321|[from] Stealth Rock\n|turn|10\n|\n|t:|1781439201\n|move|p1a: Smeargle|Spore|p2a: Gumshoos\n|-status|p2a: Gumshoos|slp|[from] move: Spore\n|cant|p2a: Gumshoos|slp\n|\n|upkeep\n|turn|11\n|\n|t:|1781439205\n|switch|p2a: Okidogi|Okidogi, L77, M|262/262\n|-activate|p2a: Okidogi|move: Sticky Web\n|-unboost|p2a: Okidogi|spe|1\n|-damage|p2a: Okidogi|246/262|[from] Stealth Rock\n|move|p1a: Smeargle|Ceaseless Edge|p2a: Okidogi\n|-resisted|p2a: Okidogi\n|-damage|p2a: Okidogi|235/262\n|-sidestart|p2: haxion|Spikes\n|\n|-heal|p2a: Okidogi|251/262|[from] item: Leftovers\n|upkeep\n|turn|12\n|inactive|ColdWaterSteam has 60 seconds left.\n|\n|t:|1781439225\n|switch|p1a: Toxicroak|Toxicroak, L84, M, tera:Dark|277/277\n|move|p2a: Okidogi|Bulk Up|p2a: Okidogi\n|-boost|p2a: Okidogi|atk|1\n|-boost|p2a: Okidogi|def|1\n|\n|-heal|p2a: Okidogi|262/262|[from] item: Leftovers\n|upkeep\n|turn|13\n|\n|t:|1781439237\n|switch|p1a: Smeargle|Smeargle, L95, M|1/258\n|move|p2a: Okidogi|Drain Punch|p1a: Smeargle\n|-supereffective|p1a: Smeargle\n|-damage|p1a: Smeargle|0 fnt\n|faint|p1a: Smeargle\n|\n|upkeep\n|\n|t:|1781439247\n|switch|p1a: Ceruledge|Ceruledge, L78, F|245/245\n|turn|14\n|\n|t:|1781439261\n|move|p1a: Ceruledge|Swords Dance|p1a: Ceruledge\n|-boost|p1a: Ceruledge|atk|2\n|move|p2a: Okidogi|Bulk Up|p2a: Okidogi\n|-boost|p2a: Okidogi|atk|1\n|-boost|p2a: Okidogi|def|1\n|\n|upkeep\n|turn|15\n|inactive|ColdWaterSteam has 60 seconds left.\n|\n|t:|1781439272\n|move|p1a: Ceruledge|Poltergeist|p2a: Okidogi\n|-activate|p2a: Okidogi|move: Poltergeist|Leftovers\n|-damage|p2a: Okidogi|142/262\n|move|p2a: Okidogi|Knock Off|p1a: Ceruledge\n|-supereffective|p1a: Ceruledge\n|-damage|p1a: Ceruledge|0 fnt\n|-enditem|p1a: Ceruledge|Heavy-Duty Boots|[from] move: Knock Off|[of] p2a: Okidogi\n|faint|p1a: Ceruledge\n|\n|-heal|p2a: Okidogi|158/262|[from] item: Leftovers\n|upkeep\n|inactive|ColdWaterSteam has 60 seconds left.\n|\n|t:|1781439281\n|switch|p1a: Toxicroak|Toxicroak, L84, M, tera:Dark|277/277\n|turn|16\n|\n|t:|1781439284\n|move|p1a: Toxicroak|Earthquake|p2a: Okidogi\n|-supereffective|p2a: Okidogi\n|-damage|p2a: Okidogi|56/262\n|move|p2a: Okidogi|Drain Punch|p1a: Toxicroak\n|-supereffective|p1a: Toxicroak\n|-damage|p1a: Toxicroak|0 fnt\n|-heal|p2a: Okidogi|195/262|[from] drain|[of] p1a: Toxicroak\n|faint|p1a: Toxicroak\n|\n|win|haxion\n", "inputlog": ">version a8376a258c1d4662feba110a92103f3664a72141\n>start {\"formatid\":\"gen9randombattle\",\"seed\":\"sodium,ef63cf35060be6aa6a6395fcaec95ebe\",\"rated\":\"Rated battle\"}\n>player p1 {\"name\":\"ColdWaterSteam\",\"avatar\":\"2\",\"rating\":2094,\"seed\":\"sodium,0d3471d1ee487235c411f0adad30086f\"}\n>player p2 {\"name\":\"haxion\",\"avatar\":\"preschooler\",\"rating\":2259,\"seed\":\"sodium,78d939c2fe22f1fe5c8b259c3016a9a8\"}\n>p1 switch 5\n>p2 switch 4\n>p1 move knockoff terastallize\n>p2 move psychic\n>chat \u2606haxion|wow, must be a menace for you to tera this early\n>chat \u2606haxion|not even guaranteed kill\n>p2 switch 6\n>p1 switch 4\n>p2 move doubleedge\n>p1 switch 6\n>p1 move stickyweb\n>p2 switch 3\n>p1 switch 2\n>p2 move powerwhip\n>p1 move sludgebomb\n>p2 move swordsdance terastallize\n>p1 move toxic\n>p2 move knockoff\n>chat \u2606haxion|i thought that was a speed boost, not spd ^^\"\n>p1 switch 5\n>p1 move dracometeor\n>p2 move powerwhip\n>p1 switch 2\n>p1 move stealthrock\n>p2 move knockoff\n>p2 switch 3\n>p1 move spore\n>p2 move uturn\n>p1 move ceaselessedge\n>p2 switch 5\n>p1 switch 4\n>p2 move bulkup\n>p1 switch 4\n>p2 move drainpunch\n>p1 switch 3\n>p1 move swordsdance\n>p2 move bulkup\n>p1 move poltergeist\n>p2 move knockoff\n>p1 switch 4\n>p1 move earthquake\n>p2 move drainpunch", "uploadtime": 1781438774, "views": 5, "formatid": "gen9randombattle", "rating": null, "private": 0, "password": null}