{"id": "gen9randombattle-2631406708", "format": "[Gen 9] Random Battle", "players": ["realasshole", "BearOfGaming"], "log": "|j|\u2606realasshole\n|j|\u2606BearOfGaming\n|t:|1781380867\n|gametype|singles\n|player|p1|realasshole|2|1197\n|player|p2|BearOfGaming|iris-gen5bw2|1245\n|gen|9\n|tier|[Gen 9] Random Battle\n|rated|\n|rule|Species Clause: Limit one of each Pok\u00e9mon\n|rule|HP Percentage Mod: HP is shown in percentages\n|rule|Sleep Clause Mod: Limit one foe put to sleep\n|rule|Illusion Level Mod: Illusion disguises the Pok\u00e9mon's true level\n|\n|t:|1781380867\n|teamsize|p1|6\n|teamsize|p2|6\n|start\n|switch|p1a: Mew|Mew, L82|298/298\n|switch|p2a: Gengar|Gengar, L81, M|230/230\n|turn|1\n|inactive|Battle timer is ON: inactive players will automatically lose when time's up. (requested by realasshole)\n|\n|t:|1781380881\n|switch|p1a: Volbeat|Volbeat, L90, M|263/263\n|move|p2a: Gengar|Shadow Ball|p1a: Volbeat\n|-damage|p1a: Volbeat|146/263\n|-damage|p2a: Gengar|207/230|[from] item: Life Orb\n|\n|upkeep\n|turn|2\n|\n|t:|1781380894\n|move|p1a: Volbeat|Thunder Wave|p2a: Gengar\n|-status|p2a: Gengar|par\n|move|p2a: Gengar|Sludge Wave|p1a: Volbeat\n|-damage|p1a: Volbeat|0 fnt\n|faint|p1a: Volbeat\n|-damage|p2a: Gengar|184/230 par|[from] item: Life Orb\n|\n|upkeep\n|inactive|realasshole has 120 seconds left.\n|\n|t:|1781380934\n|switch|p1a: Mienshao|Mienshao, L83, M|244/244\n|turn|3\n|c|\u2606BearOfGaming|I've had enough of Volbeat and Illumsie fuck em both\n|c|\u2606BearOfGaming|I got swept because of a prankster Illumsie last game\n|\n|t:|1781380955\n|move|p1a: Mienshao|Knock Off|p2a: Gengar\n|-supereffective|p2a: Gengar\n|-damage|p2a: Gengar|0 fnt\n|-enditem|p2a: Gengar|Life Orb|[from] move: Knock Off|[of] p1a: Mienshao\n|faint|p2a: Gengar\n|\n|upkeep\n|\n|t:|1781380970\n|switch|p2a: Haxorus|Haxorus, L77, M|244/244\n|-ability|p2a: Haxorus|Mold Breaker\n|turn|4\n|\n|t:|1781380982\n|switch|p1a: Dachsbun|Dachsbun, L92, M|254/254\n|move|p2a: Haxorus|Dragon Dance|p2a: Haxorus\n|-boost|p2a: Haxorus|atk|1\n|-boost|p2a: Haxorus|spe|1\n|\n|upkeep\n|turn|5\n|\n|t:|1781380990\n|-terastallize|p2a: Haxorus|Steel\n|move|p2a: Haxorus|Dragon Dance|p2a: Haxorus\n|-boost|p2a: Haxorus|atk|1\n|-boost|p2a: Haxorus|spe|1\n|move|p1a: Dachsbun|Play Rough|p2a: Haxorus\n|-resisted|p2a: Haxorus\n|-damage|p2a: Haxorus|195/244\n|\n|upkeep\n|turn|6\n|\n|t:|1781381000\n|move|p2a: Haxorus|Iron Head|p1a: Dachsbun\n|-supereffective|p1a: Dachsbun\n|-crit|p1a: Dachsbun\n|-damage|p1a: Dachsbun|0 fnt\n|faint|p1a: Dachsbun\n|\n|upkeep\n|inactive|realasshole has 120 seconds left.\n|\n|t:|1781381032\n|switch|p1a: Mew|Mew, L82|298/298\n|turn|7\n|\n|t:|1781381037\n|move|p2a: Haxorus|Iron Head|p1a: Mew\n|-damage|p1a: Mew|127/298\n|move|p1a: Mew|Close Combat|p2a: Haxorus\n|-supereffective|p2a: Haxorus\n|-damage|p2a: Haxorus|0 fnt\n|-unboost|p1a: Mew|def|1\n|-unboost|p1a: Mew|spd|1\n|faint|p2a: Haxorus\n|-damage|p1a: Mew|98/298|[from] item: Life Orb\n|\n|upkeep\n|\n|t:|1781381049\n|switch|p2a: Emboar|Emboar, L84, F|322/322\n|turn|8\n|\n|t:|1781381058\n|move|p2a: Emboar|Sucker Punch|p1a: Mew\n|-supereffective|p1a: Mew\n|-damage|p1a: Mew|0 fnt\n|faint|p1a: Mew\n|\n|upkeep\n|\n|t:|1781381063\n|switch|p1a: Alomomola|Alomomola, L87, F|429/429\n|turn|9\n|\n|t:|1781381069\n|move|p1a: Alomomola|Scald|p2a: Emboar\n|-supereffective|p2a: Emboar\n|-damage|p2a: Emboar|238/322\n|move|p2a: Emboar|Wild Charge|p1a: Alomomola\n|-supereffective|p1a: Alomomola\n|-damage|p1a: Alomomola|237/429\n|-damage|p2a: Emboar|185/322|[from] item: Rocky Helmet|[of] p1a: Alomomola\n|-damage|p2a: Emboar|137/322|[from] Recoil\n|\n|upkeep\n|turn|10\n|\n|t:|1781381095\n|move|p2a: Emboar|Sucker Punch|p1a: Alomomola\n|-damage|p1a: Alomomola|175/429\n|-damage|p2a: Emboar|84/322|[from] item: Rocky Helmet|[of] p1a: Alomomola\n|move|p1a: Alomomola|Scald|p2a: Emboar\n|-supereffective|p2a: Emboar\n|-damage|p2a: Emboar|4/322\n|\n|upkeep\n|turn|11\n|\n|t:|1781381104\n|move|p2a: Emboar|Sucker Punch||[still]\n|-fail|p2a: Emboar\n|move|p1a: Alomomola|Wish|p1a: Alomomola\n|\n|upkeep\n|turn|12\n|\n|t:|1781381109\n|move|p1a: Alomomola|Scald|p2a: Emboar\n|-supereffective|p2a: Emboar\n|-damage|p2a: Emboar|0 fnt\n|faint|p2a: Emboar\n|\n|-heal|p1a: Alomomola|389/429|[from] move: Wish|[wisher] Alomomola\n|upkeep\n|\n|t:|1781381117\n|switch|p2a: Drifblim|Drifblim, L86, M|396/396\n|turn|13\n|\n|t:|1781381145\n|move|p2a: Drifblim|Calm Mind|p2a: Drifblim\n|-boost|p2a: Drifblim|spa|1\n|-boost|p2a: Drifblim|spd|1\n|move|p1a: Alomomola|Wish|p1a: Alomomola\n|\n|upkeep\n|turn|14\n|\n|t:|1781381157\n|move|p2a: Drifblim|Calm Mind|p2a: Drifblim\n|-boost|p2a: Drifblim|spa|1\n|-boost|p2a: Drifblim|spd|1\n|move|p1a: Alomomola|Flip Turn|p2a: Drifblim\n|-damage|p2a: Drifblim|312/396\n|inactive|realasshole has 120 seconds left.\n|inactive|realasshole has 90 seconds left.\n|\n|t:|1781381214\n|switch|p1a: Mienshao|Mienshao, L83, M|244/244|[from] Flip Turn\n|\n|upkeep\n|turn|15\n|inactive|BearOfGaming has 120 seconds left.\n|\n|t:|1781381256\n|move|p1a: Mienshao|Knock Off|p2a: Drifblim\n|-supereffective|p2a: Drifblim\n|-damage|p2a: Drifblim|36/396\n|-enditem|p2a: Drifblim|Sitrus Berry|[from] move: Knock Off|[of] p1a: Mienshao\n|move|p2a: Drifblim|Air Slash|p1a: Mienshao\n|-supereffective|p1a: Mienshao\n|-damage|p1a: Mienshao|0 fnt\n|faint|p1a: Mienshao\n|\n|upkeep\n|inactive|realasshole has 90 seconds left.\n|\n|t:|1781381275\n|switch|p1a: Scyther|Scyther, L82, M|249/249\n|turn|16\n|inactive|BearOfGaming has 120 seconds left.\n|\n|t:|1781381283\n|move|p2a: Drifblim|Air Slash|p1a: Scyther\n|-supereffective|p1a: Scyther\n|-damage|p1a: Scyther|0 fnt\n|faint|p1a: Scyther\n|\n|upkeep\n|\n|t:|1781381292\n|switch|p1a: Alomomola|Alomomola, L87, F|429/429\n|turn|17\n|\n|t:|1781381298\n|-terastallize|p1a: Alomomola|Steel\n|move|p2a: Drifblim|Strength Sap|p1a: Alomomola\n|-unboost|p1a: Alomomola|atk|1\n|-heal|p2a: Drifblim|216/396\n|move|p1a: Alomomola|Flip Turn|p2a: Drifblim\n|-damage|p2a: Drifblim|153/396\n|\n|upkeep\n|turn|18\n|\n|t:|1781381308\n|move|p2a: Drifblim|Strength Sap|p1a: Alomomola\n|-unboost|p1a: Alomomola|atk|1\n|-heal|p2a: Drifblim|273/396\n|move|p1a: Alomomola|Scald|p2a: Drifblim\n|-damage|p2a: Drifblim|239/396\n|\n|upkeep\n|turn|19\n|l|\u2606realasshole\n|inactive|realasshole disconnected and has a minute to reconnect!\n|player|p1|\n|j|\u2606realasshole\n|inactive|realasshole reconnected and has 75 seconds left.\n|player|p1|realasshole|2|\n|-message|realasshole forfeited.\n|\n|win|BearOfGaming\n|raw|realasshole's rating: 1168 &rarr; <strong>1148</strong><br />(-20 for losing)\n|raw|BearOfGaming's rating: 1245 &rarr; <strong>1265</strong><br />(+20 for winning)\n|l|\u2606realasshole\n|player|p1|\n", "inputlog": ">version a8376a258c1d4662feba110a92103f3664a72141\n>start {\"formatid\":\"gen9randombattle\",\"seed\":\"sodium,7e9b4c9bd4a0b36e57a6045eb36baf64\",\"rated\":\"Rated battle\"}\n>player p1 {\"name\":\"realasshole\",\"avatar\":\"2\",\"rating\":1197,\"seed\":\"sodium,0ff2baf48e46ebe63b817294950166c4\"}\n>player p2 {\"name\":\"BearOfGaming\",\"avatar\":\"iris-gen5bw2\",\"rating\":1245,\"seed\":\"sodium,4bfad0f1301a1815250886135828f956\"}\n>p1 switch 4\n>p2 move shadowball\n>p1 move thunderwave\n>p2 move sludgewave\n>p1 switch 3\n>chat \u2606BearOfGaming|I've had enough of Volbeat and Illumsie fuck em both\n>chat \u2606BearOfGaming|I got swept because of a prankster Illumsie last game\n>p1 move knockoff\n>p2 move willowisp\n>p2 switch 5\n>p1 switch 6\n>p2 move dragondance\n>p1 move playrough\n>p2 move dragondance terastallize\n>p1 move bodypress\n>p2 move ironhead\n>p1 switch 4\n>p1 move closecombat\n>p2 move ironhead\n>p2 switch 3\n>p1 move psychicfangs\n>p2 move suckerpunch\n>p1 switch 2\n>p1 move scald\n>p2 move wildcharge\n>p1 move scald\n>p2 move suckerpunch\n>p1 move wish\n>p2 move suckerpunch\n>p1 move scald\n>p2 move wildcharge\n>p2 switch 6\n>p1 move wish\n>p2 move calmmind\n>p1 move flipturn\n>p2 move calmmind\n>p1 switch 6\n>p1 move knockoff\n>p2 move airslash\n>p1 switch 5\n>p1 move dualwingbeat\n>p2 move airslash\n>p1 switch 6\n>p1 move flipturn terastallize\n>p2 move strengthsap\n>p1 move scald\n>p2 move strengthsap\n>forcelose p1", "uploadtime": 1781381364, "views": 14, "formatid": "gen9randombattle", "rating": 1148, "private": 0, "password": null}