{"id": "gen9randombattle-2631467296", "format": "[Gen 9] Random Battle", "players": ["Andress1199", "Flei"], "log": "|j|\u2606Andress1199\n|j|\u2606Flei\n|t:|1781388323\n|gametype|singles\n|player|p1|Andress1199|1|\n|player|p2|Flei|giovanni|\n|gen|9\n|tier|[Gen 9] Random Battle\n|rule|Species Clause: Limit one of each Pok\u00e9mon\n|rule|HP Percentage Mod: HP is shown in percentages\n|rule|Sleep Clause Mod: Limit one foe put to sleep\n|rule|Illusion Level Mod: Illusion disguises the Pok\u00e9mon's true level\n|\n|t:|1781388323\n|teamsize|p1|6\n|teamsize|p2|6\n|start\n|switch|p1a: Infernape|Infernape, L82, F|259/259\n|switch|p2a: Grafaiai|Grafaiai, L86, F|249/249\n|turn|1\n|inactive|Battle timer is ON: inactive players will automatically lose when time's up. (requested by Andress1199)\n|\n|t:|1781388402\n|switch|p1a: Registeel|Registeel, L81|262/262\n|move|p2a: Grafaiai|Gunk Shot|p1a: Registeel\n|-immune|p1a: Registeel\n|\n|upkeep\n|turn|2\n|\n|t:|1781388408\n|move|p2a: Grafaiai|Knock Off|p1a: Registeel\n|-damage|p1a: Registeel|209/262\n|-enditem|p1a: Registeel|Chesto Berry|[from] move: Knock Off|[of] p2a: Grafaiai\n|move|p1a: Registeel|Iron Head|p2a: Grafaiai\n|-damage|p2a: Grafaiai|176/249\n|\n|upkeep\n|turn|3\n|\n|t:|1781388418\n|move|p2a: Grafaiai|Super Fang|p1a: Registeel\n|-damage|p1a: Registeel|105/262\n|move|p1a: Registeel|Iron Head|p2a: Grafaiai\n|-damage|p2a: Grafaiai|95/249\n|\n|upkeep\n|turn|4\n|\n|t:|1781388423\n|move|p2a: Grafaiai|U-turn|p1a: Registeel\n|-resisted|p1a: Registeel\n|-damage|p1a: Registeel|88/262\n|\n|t:|1781388426\n|switch|p2a: Typhlosion|Typhlosion-Hisui, L83, F|257/257|[from] U-turn\n|move|p1a: Registeel|Iron Head|p2a: Typhlosion\n|-resisted|p2a: Typhlosion\n|-damage|p2a: Typhlosion|220/257\n|\n|upkeep\n|turn|5\n|\n|t:|1781388440\n|switch|p1a: Okidogi|Okidogi, L77, M|262/262\n|move|p2a: Typhlosion|Fire Blast|p1a: Okidogi\n|-damage|p1a: Okidogi|114/262\n|\n|-heal|p1a: Okidogi|130/262|[from] item: Leftovers\n|upkeep\n|turn|6\n|\n|t:|1781388452\n|move|p2a: Typhlosion|Fire Blast|p1a: Okidogi|[miss]\n|-miss|p2a: Typhlosion|p1a: Okidogi\n|move|p1a: Okidogi|Knock Off|p2a: Typhlosion\n|-supereffective|p2a: Typhlosion\n|-damage|p2a: Typhlosion|62/257\n|-enditem|p2a: Typhlosion|Heavy-Duty Boots|[from] move: Knock Off|[of] p1a: Okidogi\n|\n|-heal|p1a: Okidogi|146/262|[from] item: Leftovers\n|upkeep\n|turn|7\n|\n|t:|1781388459\n|move|p2a: Typhlosion|Fire Blast|p1a: Okidogi|[miss]\n|-miss|p2a: Typhlosion|p1a: Okidogi\n|move|p1a: Okidogi|Knock Off|p2a: Typhlosion\n|-supereffective|p2a: Typhlosion\n|-damage|p2a: Typhlosion|0 fnt\n|faint|p2a: Typhlosion\n|\n|-heal|p1a: Okidogi|162/262|[from] item: Leftovers\n|upkeep\n|\n|t:|1781388474\n|switch|p2a: Chimecho|Chimecho, L93, M|290/290\n|turn|8\n|\n|t:|1781388481\n|switch|p1a: Registeel|Registeel, L81|88/262\n|move|p2a: Chimecho|Thunder Wave|p1a: Registeel\n|-status|p1a: Registeel|par\n|\n|upkeep\n|turn|9\n|\n|t:|1781388487\n|move|p2a: Chimecho|Psychic Noise|p1a: Registeel\n|-resisted|p1a: Registeel\n|-damage|p1a: Registeel|56/262 par\n|-start|p1a: Registeel|move: Heal Block\n|cant|p1a: Registeel|par\n|\n|upkeep\n|turn|10\n|\n|t:|1781388496\n|move|p2a: Chimecho|Psychic Noise|p1a: Registeel\n|-resisted|p1a: Registeel\n|-damage|p1a: Registeel|22/262 par\n|move|p1a: Registeel|Iron Head|p2a: Chimecho\n|-damage|p2a: Chimecho|232/290\n|\n|-heal|p2a: Chimecho|250/290|[from] item: Leftovers\n|-end|p1a: Registeel|move: Heal Block\n|upkeep\n|turn|11\n|inactive|Andress1199 has 270 seconds left.\n|\n|t:|1781388527\n|move|p2a: Chimecho|Psychic Noise|p1a: Registeel\n|-resisted|p1a: Registeel\n|-damage|p1a: Registeel|0 fnt\n|faint|p1a: Registeel\n|\n|-heal|p2a: Chimecho|268/290|[from] item: Leftovers\n|upkeep\n|inactive|Andress1199 has 270 seconds left.\n|\n|t:|1781388535\n|switch|p1a: Groudon|Groudon, L72|263/263\n|-weather|SunnyDay|[from] ability: Drought|[of] p1a: Groudon\n|turn|12\n|\n|t:|1781388540\n|move|p2a: Chimecho|Psychic Noise|p1a: Groudon\n|-damage|p1a: Groudon|145/263\n|-start|p1a: Groudon|move: Heal Block\n|move|p1a: Groudon|Thunder Wave|p2a: Chimecho\n|-status|p2a: Chimecho|par\n|\n|-weather|SunnyDay|[upkeep]\n|-heal|p2a: Chimecho|286/290 par|[from] item: Leftovers\n|upkeep\n|turn|13\n|\n|t:|1781388550\n|move|p1a: Groudon|Heat Crash|p2a: Chimecho\n|-damage|p2a: Chimecho|161/290 par\n|cant|p2a: Chimecho|par\n|\n|-weather|SunnyDay|[upkeep]\n|-heal|p2a: Chimecho|179/290 par|[from] item: Leftovers\n|-end|p1a: Groudon|move: Heal Block\n|upkeep\n|turn|14\n|\n|t:|1781388565\n|switch|p2a: Politoed|Politoed, L88, M|302/302\n|-weather|RainDance|[from] ability: Drizzle|[of] p2a: Politoed\n|move|p1a: Groudon|Heat Crash|p2a: Politoed\n|-resisted|p2a: Politoed\n|-damage|p2a: Politoed|280/302\n|\n|-weather|RainDance|[upkeep]\n|-heal|p2a: Politoed|298/302|[from] item: Leftovers\n|-heal|p1a: Groudon|161/263|[from] item: Leftovers\n|upkeep\n|turn|15\n|\n|t:|1781388575\n|switch|p1a: Porygon2|Porygon2, L81|270/270\n|-ability|p1a: Porygon2|Download|boost\n|-boost|p1a: Porygon2|atk|1\n|move|p2a: Politoed|Hydro Pump|p1a: Porygon2\n|-damage|p1a: Porygon2|147/270\n|\n|-weather|RainDance|[upkeep]\n|-heal|p2a: Politoed|302/302|[from] item: Leftovers\n|upkeep\n|turn|16\n|\n|t:|1781388596\n|move|p2a: Politoed|Hypnosis|p1a: Porygon2|[miss]\n|-miss|p2a: Politoed|p1a: Porygon2\n|move|p1a: Porygon2|Discharge|p2a: Politoed\n|-supereffective|p2a: Politoed\n|-damage|p2a: Politoed|210/302\n|\n|-weather|RainDance|[upkeep]\n|-heal|p2a: Politoed|228/302|[from] item: Leftovers\n|upkeep\n|turn|17\n|\n|t:|1781388606\n|move|p2a: Politoed|Hypnosis|p1a: Porygon2\n|-status|p1a: Porygon2|slp|[from] move: Hypnosis\n|cant|p1a: Porygon2|slp\n|\n|-weather|RainDance|[upkeep]\n|-heal|p2a: Politoed|246/302|[from] item: Leftovers\n|upkeep\n|turn|18\n|inactive|Andress1199 has 270 seconds left.\n|\n|t:|1781388637\n|move|p2a: Politoed|Hydro Pump|p1a: Porygon2|[miss]\n|-miss|p2a: Politoed|p1a: Porygon2\n|cant|p1a: Porygon2|slp\n|\n|-weather|none\n|-heal|p2a: Politoed|264/302|[from] item: Leftovers\n|upkeep\n|turn|19\n|\n|t:|1781388645\n|switch|p2a: Duraludon|Duraludon, L82, M|249/249\n|-curestatus|p1a: Porygon2|slp|[msg]\n|move|p1a: Porygon2|Discharge|p2a: Duraludon\n|-resisted|p2a: Duraludon\n|-damage|p2a: Duraludon|223/249\n|-status|p2a: Duraludon|par\n|\n|upkeep\n|turn|20\n|inactive|Andress1199 has 270 seconds left.\n|\n|t:|1781388666\n|move|p1a: Porygon2|Ice Beam|p2a: Duraludon\n|-damage|p2a: Duraludon|160/249 par\n|move|p2a: Duraludon|Draco Meteor|p1a: Porygon2\n|-damage|p1a: Porygon2|44/270\n|-unboost|p2a: Duraludon|spa|2\n|\n|upkeep\n|turn|21\n|\n|t:|1781388673\n|switch|p1a: Okidogi|Okidogi, L77, M|162/262\n|move|p2a: Duraludon|Body Press|p1a: Okidogi\n|-resisted|p1a: Okidogi\n|-damage|p1a: Okidogi|136/262\n|\n|-heal|p1a: Okidogi|152/262|[from] item: Leftovers\n|upkeep\n|turn|22\n|inactive|Andress1199 has 270 seconds left.\n|\n|t:|1781388684\n|switch|p2a: Grafaiai|Grafaiai, L86, F|95/249\n|move|p1a: Okidogi|Drain Punch|p2a: Grafaiai\n|-damage|p2a: Grafaiai|0 fnt\n|-heal|p1a: Okidogi|200/262|[from] drain|[of] p2a: Grafaiai\n|faint|p2a: Grafaiai\n|\n|-heal|p1a: Okidogi|216/262|[from] item: Leftovers\n|upkeep\n|\n|t:|1781388696\n|switch|p2a: Vigoroth|Vigoroth, L85, M|275/275\n|turn|23\n|inactive|Andress1199 has 270 seconds left.\n|inactive|Andress1199 has 240 seconds left.\n|\n|t:|1781388745\n|move|p2a: Vigoroth|Bulk Up|p2a: Vigoroth\n|-boost|p2a: Vigoroth|atk|1\n|-boost|p2a: Vigoroth|def|1\n|move|p1a: Okidogi|Bulk Up|p1a: Okidogi\n|-boost|p1a: Okidogi|atk|1\n|-boost|p1a: Okidogi|def|1\n|\n|-heal|p1a: Okidogi|232/262|[from] item: Leftovers\n|upkeep\n|turn|24\n|\n|t:|1781388758\n|move|p2a: Vigoroth|Body Slam|p1a: Okidogi\n|-damage|p1a: Okidogi|157/262\n|move|p1a: Okidogi|Knock Off|p2a: Vigoroth\n|-damage|p2a: Vigoroth|223/275\n|-status|p2a: Vigoroth|tox|[from] ability: Toxic Chain|[of] p1a: Okidogi\n|-enditem|p2a: Vigoroth|Eviolite|[from] move: Knock Off|[of] p1a: Okidogi\n|\n|-heal|p1a: Okidogi|173/262|[from] item: Leftovers\n|-damage|p2a: Vigoroth|206/275 tox|[from] psn\n|upkeep\n|turn|25\n|inactive|Andress1199 has 240 seconds left.\n|\n|t:|1781388783\n|-terastallize|p2a: Vigoroth|Ghost\n|move|p2a: Vigoroth|Body Slam|p1a: Okidogi\n|-damage|p1a: Okidogi|97/262\n|move|p1a: Okidogi|Drain Punch|p2a: Vigoroth\n|-immune|p2a: Vigoroth\n|\n|-heal|p1a: Okidogi|113/262|[from] item: Leftovers\n|-damage|p2a: Vigoroth|172/275 tox|[from] psn\n|upkeep\n|turn|26\n|\n|t:|1781388792\n|move|p2a: Vigoroth|Body Slam|p1a: Okidogi\n|-damage|p1a: Okidogi|47/262\n|move|p1a: Okidogi|Knock Off|p2a: Vigoroth\n|-supereffective|p2a: Vigoroth\n|-damage|p2a: Vigoroth|68/275 tox\n|\n|-heal|p1a: Okidogi|63/262|[from] item: Leftovers\n|-damage|p2a: Vigoroth|17/275 tox|[from] psn\n|upkeep\n|turn|27\n|inactive|Andress1199 has 240 seconds left.\n|\n|t:|1781388823\n|move|p2a: Vigoroth|Body Slam|p1a: Okidogi\n|-damage|p1a: Okidogi|0 fnt\n|faint|p1a: Okidogi\n|\n|-damage|p2a: Vigoroth|0 fnt|[from] psn\n|faint|p2a: Vigoroth\n|upkeep\n|\n|t:|1781388837\n|switch|p2a: Chimecho|Chimecho, L93, M|179/290 par\n|switch|p1a: Arceus|Arceus-Ice, L72|291/291\n|turn|28\n|\n|t:|1781388847\n|move|p1a: Arceus|Calm Mind|p1a: Arceus\n|-boost|p1a: Arceus|spa|1\n|-boost|p1a: Arceus|spd|1\n|move|p2a: Chimecho|Thunder Wave|p1a: Arceus\n|-status|p1a: Arceus|par\n|\n|-heal|p2a: Chimecho|197/290 par|[from] item: Leftovers\n|upkeep\n|turn|29\n|\n|t:|1781388852\n|move|p1a: Arceus|Calm Mind|p1a: Arceus\n|-boost|p1a: Arceus|spa|1\n|-boost|p1a: Arceus|spd|1\n|move|p2a: Chimecho|Encore|p1a: Arceus\n|-start|p1a: Arceus|Encore\n|\n|-heal|p2a: Chimecho|215/290 par|[from] item: Leftovers\n|upkeep\n|turn|30\n|\n|t:|1781388858\n|switch|p2a: Duraludon|Duraludon, L82, M|160/249 par\n|move|p1a: Arceus|Calm Mind|p1a: Arceus\n|-boost|p1a: Arceus|spa|1\n|-boost|p1a: Arceus|spd|1\n|\n|upkeep\n|turn|31\n|\n|t:|1781388867\n|switch|p1a: Porygon2|Porygon2, L81|44/270\n|-ability|p1a: Porygon2|Download|boost\n|-boost|p1a: Porygon2|spa|1\n|move|p2a: Duraludon|Body Press|p1a: Porygon2\n|-supereffective|p1a: Porygon2\n|-damage|p1a: Porygon2|0 fnt\n|faint|p1a: Porygon2\n|\n|upkeep\n|\n|t:|1781388876\n|switch|p1a: Infernape|Infernape, L82, F|259/259\n|turn|32\n|\n|t:|1781388879\n|switch|p2a: Politoed|Politoed, L88, M|264/302\n|-weather|RainDance|[from] ability: Drizzle|[of] p2a: Politoed\n|move|p1a: Infernape|Close Combat|p2a: Politoed\n|-damage|p2a: Politoed|89/302\n|-unboost|p1a: Infernape|def|1\n|-unboost|p1a: Infernape|spd|1\n|-damage|p1a: Infernape|234/259|[from] item: Life Orb\n|\n|-weather|RainDance|[upkeep]\n|-heal|p2a: Politoed|107/302|[from] item: Leftovers\n|upkeep\n|turn|33\n|inactive|Andress1199 has 270 seconds left.\n|\n|t:|1781388893\n|switch|p2a: Chimecho|Chimecho, L93, M|215/290 par\n|move|p1a: Infernape|Close Combat|p2a: Chimecho\n|-resisted|p2a: Chimecho\n|-damage|p2a: Chimecho|129/290 par\n|-unboost|p1a: Infernape|def|1\n|-unboost|p1a: Infernape|spd|1\n|-damage|p1a: Infernape|209/259|[from] item: Life Orb\n|\n|-weather|RainDance|[upkeep]\n|-heal|p2a: Chimecho|147/290 par|[from] item: Leftovers\n|upkeep\n|turn|34\n|inactive|Andress1199 has 270 seconds left.\n|\n|t:|1781388899\n|switch|p1a: Arceus|Arceus-Ice, L72|291/291 par\n|move|p2a: Chimecho|Recover|p2a: Chimecho\n|-heal|p2a: Chimecho|290/290 par\n|\n|-weather|RainDance|[upkeep]\n|upkeep\n|turn|35\n|\n|t:|1781388905\n|move|p1a: Arceus|Judgment|p2a: Chimecho\n|-damage|p2a: Chimecho|185/290 par\n|move|p2a: Chimecho|Psychic Noise|p1a: Arceus\n|-damage|p1a: Arceus|204/291 par\n|-start|p1a: Arceus|move: Heal Block\n|\n|-weather|RainDance|[upkeep]\n|-heal|p2a: Chimecho|203/290 par|[from] item: Leftovers\n|upkeep\n|turn|36\n|inactive|Andress1199 has 270 seconds left.\n|inactive|Andress1199 has 240 seconds left.\n|\n|t:|1781388966\n|switch|p1a: Groudon|Groudon, L72|161/263\n|-weather|SunnyDay|[from] ability: Drought|[of] p1a: Groudon\n|cant|p2a: Chimecho|par\n|\n|-weather|SunnyDay|[upkeep]\n|-heal|p1a: Groudon|177/263|[from] item: Leftovers\n|-heal|p2a: Chimecho|221/290 par|[from] item: Leftovers\n|upkeep\n|turn|37\n|\n|t:|1781388977\n|move|p1a: Groudon|Thunder Wave|p2a: Chimecho|[miss]\n|-miss|p1a: Groudon|p2a: Chimecho\n|move|p2a: Chimecho|Psychic Noise|p1a: Groudon\n|-damage|p1a: Groudon|65/263\n|-start|p1a: Groudon|move: Heal Block\n|\n|-weather|SunnyDay|[upkeep]\n|-heal|p2a: Chimecho|239/290 par|[from] item: Leftovers\n|upkeep\n|turn|38\n|\n|t:|1781388987\n|switch|p1a: Arceus|Arceus-Ice, L72|204/291 par\n|switch|p2a: Politoed|Politoed, L88, M|107/302\n|-weather|RainDance|[from] ability: Drizzle|[of] p2a: Politoed\n|\n|-weather|RainDance|[upkeep]\n|-heal|p2a: Politoed|125/302|[from] item: Leftovers\n|upkeep\n|turn|39\n|inactive|Andress1199 has 240 seconds left.\n|\n|t:|1781388995\n|move|p2a: Politoed|Hydro Pump|p1a: Arceus\n|-damage|p1a: Arceus|27/291 par\n|move|p1a: Arceus|Earth Power|p2a: Politoed\n|-damage|p2a: Politoed|77/302\n|\n|-weather|RainDance|[upkeep]\n|-heal|p2a: Politoed|95/302|[from] item: Leftovers\n|upkeep\n|turn|40\n|\n|t:|1781389005\n|move|p2a: Politoed|Ice Beam|p1a: Arceus\n|-resisted|p1a: Arceus\n|-damage|p1a: Arceus|0 fnt\n|faint|p1a: Arceus\n|\n|-weather|RainDance|[upkeep]\n|-heal|p2a: Politoed|113/302|[from] item: Leftovers\n|upkeep\n|inactive|Andress1199 has 240 seconds left.\n|\n|t:|1781389018\n|switch|p1a: Infernape|Infernape, L82, F|209/259\n|turn|41\n|\n|t:|1781389026\n|switch|p2a: Chimecho|Chimecho, L93, M|239/290 par\n|-terastallize|p1a: Infernape|Fighting\n|move|p1a: Infernape|Close Combat|p2a: Chimecho\n|-resisted|p2a: Chimecho\n|-damage|p2a: Chimecho|134/290 par\n|-unboost|p1a: Infernape|def|1\n|-unboost|p1a: Infernape|spd|1\n|-damage|p1a: Infernape|184/259|[from] item: Life Orb\n|\n|-weather|RainDance|[upkeep]\n|-heal|p2a: Chimecho|152/290 par|[from] item: Leftovers\n|upkeep\n|turn|42\n|\n|t:|1781389036\n|switch|p1a: Groudon|Groudon, L72|65/263\n|-weather|SunnyDay|[from] ability: Drought|[of] p1a: Groudon\n|move|p2a: Chimecho|Recover|p2a: Chimecho\n|-heal|p2a: Chimecho|290/290 par\n|\n|-weather|SunnyDay|[upkeep]\n|-heal|p1a: Groudon|81/263|[from] item: Leftovers\n|upkeep\n|turn|43\n|\n|t:|1781389042\n|move|p1a: Groudon|Heat Crash|p2a: Chimecho\n|-damage|p2a: Chimecho|154/290 par\n|cant|p2a: Chimecho|par\n|\n|-weather|SunnyDay|[upkeep]\n|-heal|p1a: Groudon|97/263|[from] item: Leftovers\n|-heal|p2a: Chimecho|172/290 par|[from] item: Leftovers\n|upkeep\n|turn|44\n|\n|t:|1781389050\n|move|p1a: Groudon|Heat Crash|p2a: Chimecho\n|-damage|p2a: Chimecho|47/290 par\n|move|p2a: Chimecho|Recover|p2a: Chimecho\n|-heal|p2a: Chimecho|192/290 par\n|\n|-weather|SunnyDay|[upkeep]\n|-heal|p1a: Groudon|113/263|[from] item: Leftovers\n|-heal|p2a: Chimecho|210/290 par|[from] item: Leftovers\n|upkeep\n|turn|45\n|\n|t:|1781389057\n|switch|p2a: Politoed|Politoed, L88, M|113/302\n|-weather|RainDance|[from] ability: Drizzle|[of] p2a: Politoed\n|move|p1a: Groudon|Heat Crash|p2a: Politoed\n|-resisted|p2a: Politoed\n|-damage|p2a: Politoed|88/302\n|\n|-weather|RainDance|[upkeep]\n|-heal|p2a: Politoed|106/302|[from] item: Leftovers\n|-heal|p1a: Groudon|129/263|[from] item: Leftovers\n|upkeep\n|turn|46\n|inactive|Andress1199 has 270 seconds left.\n|\n|t:|1781389068\n|move|p2a: Politoed|Hydro Pump|p1a: Groudon\n|-supereffective|p1a: Groudon\n|-damage|p1a: Groudon|0 fnt\n|faint|p1a: Groudon\n|\n|-weather|RainDance|[upkeep]\n|-heal|p2a: Politoed|124/302|[from] item: Leftovers\n|upkeep\n|\n|t:|1781389071\n|switch|p1a: Infernape|Infernape, L82, F, tera:Fighting|184/259\n|turn|47\n|\n|t:|1781389082\n|move|p1a: Infernape|Gunk Shot|p2a: Politoed\n|-damage|p2a: Politoed|12/302\n|-status|p2a: Politoed|psn\n|-damage|p1a: Infernape|159/259|[from] item: Life Orb\n|move|p2a: Politoed|Hydro Pump|p1a: Infernape\n|-damage|p1a: Infernape|0 fnt\n|faint|p1a: Infernape\n|\n|win|Flei\n|c|\u2606Andress1199|gg\n|c|\u2606Flei|gg\n", "inputlog": ">version a8376a258c1d4662feba110a92103f3664a72141\n>start {\"formatid\":\"gen9randombattle\",\"seed\":\"sodium,8f146ad3227d57da92da8d95e38ba226\"}\n>player p1 {\"name\":\"Andress1199\",\"avatar\":\"1\",\"rating\":0,\"seed\":\"sodium,5a0373d8badc9fa368048a128d9b551b\"}\n>player p2 {\"name\":\"Flei\",\"avatar\":\"giovanni\",\"rating\":0,\"seed\":\"sodium,5e9ce1f2a43157adfe93d05fd834c63c\"}\n>p1 switch 4\n>p2 move gunkshot\n>p1 move ironhead\n>p2 move knockoff\n>p1 move ironhead\n>p2 move superfang\n>p1 move ironhead\n>p2 move uturn\n>p2 switch 5\n>p1 switch 3\n>p2 move fireblast\n>p1 move knockoff\n>p2 move fireblast\n>p1 move knockoff\n>p2 move fireblast\n>p2 switch 4\n>p1 switch 3\n>p2 move thunderwave\n>p1 move ironhead\n>p2 move psychicnoise\n>p1 move ironhead\n>p2 move psychicnoise\n>p1 move ironhead\n>p2 move psychicnoise\n>p1 switch 6\n>p1 move thunderwave\n>p2 move psychicnoise\n>p1 move heatcrash\n>p2 move psychicnoise\n>p1 move heatcrash\n>p2 switch 3\n>p1 switch 5\n>p2 move hydropump\n>p1 move discharge\n>p2 move hypnosis\n>p1 move discharge\n>p2 move hypnosis\n>p1 move discharge\n>p2 move hydropump\n>p1 move discharge\n>p2 switch 2\n>p1 move icebeam\n>p2 move dracometeor\n>p1 switch 3\n>p2 move bodypress\n>p1 move drainpunch\n>p2 switch 5\n>p2 switch 6\n>p1 move bulkup\n>p2 move bulkup\n>p1 move knockoff\n>p2 move bodyslam\n>p1 move drainpunch\n>p2 move bodyslam terastallize\n>p1 move knockoff\n>p2 move bodyslam\n>p1 move knockoff\n>p2 move bodyslam\n>p1 switch 2\n>p2 switch 3\n>p1 move calmmind\n>p2 move thunderwave\n>p1 move calmmind\n>p2 move encore\n>p1 move calmmind\n>p2 switch 5\n>p1 switch 3\n>p2 move bodypress\n>p1 switch 4\n>p1 move closecombat\n>p2 switch 2\n>p1 move closecombat\n>p2 switch 5\n>p1 switch 3\n>p2 move recover\n>p1 move judgment\n>p2 move psychicnoise\n>p1 switch 5\n>p2 move recover\n>p1 move thunderwave\n>p2 move psychicnoise\n>p1 switch 5\n>p2 switch 5\n>p1 move earthpower\n>p2 move hydropump\n>p1 move earthpower\n>p2 move icebeam\n>p1 switch 3\n>p1 move closecombat terastallize\n>p2 switch 5\n>p1 switch 5\n>p2 move recover\n>p1 move heatcrash\n>p2 move psychicnoise\n>p1 move heatcrash\n>p2 move recover\n>p1 move heatcrash\n>p2 switch 5\n>p1 move precipiceblades\n>p2 move hydropump\n>p1 switch 5\n>p1 move gunkshot\n>p2 move hydropump", "uploadtime": 1781389095, "views": 5, "formatid": "gen9randombattle", "rating": null, "private": 0, "password": null}