{"id": "gen9randombattle-2631451079", "format": "[Gen 9] Random Battle", "players": ["MooMoo Mamu", "Meowerdoom"], "log": "|j|\u2606MooMoo Mamu\n|j|\u2606Meowerdoom\n|t:|1781386250\n|gametype|singles\n|player|p1|MooMoo Mamu|170|2099\n|player|p2|Meowerdoom|burgh|2077\n|gen|9\n|tier|[Gen 9] Random Battle\n|rated|\n|rule|Species Clause: Limit one of each Pok\u00e9mon\n|rule|HP Percentage Mod: HP is shown in percentages\n|rule|Sleep Clause Mod: Limit one foe put to sleep\n|rule|Illusion Level Mod: Illusion disguises the Pok\u00e9mon's true level\n|\n|t:|1781386250\n|teamsize|p1|6\n|teamsize|p2|6\n|start\n|switch|p1a: Tentacruel|Tentacruel, L84, F|272/272\n|switch|p2a: Rayquaza|Rayquaza, L72|270/270\n|-ability|p2a: Rayquaza|Air Lock\n|turn|1\n|\n|t:|1781386278\n|switch|p1a: Chimecho|Chimecho, L93, M|290/290\n|move|p2a: Rayquaza|Scale Shot|p1a: Chimecho\n|-damage|p1a: Chimecho|262/290\n|-damage|p1a: Chimecho|232/290\n|-damage|p1a: Chimecho|202/290\n|-damage|p1a: Chimecho|172/290\n|-hitcount|p1a: Chimecho|4\n|-unboost|p2a: Rayquaza|def|1\n|-boost|p2a: Rayquaza|spe|1\n|\n|-heal|p1a: Chimecho|190/290|[from] item: Leftovers\n|upkeep\n|turn|2\n|\n|t:|1781386286\n|switch|p2a: Komala|Komala, L88, M|258/258\n|-ability|p2a: Komala|Comatose\n|move|p1a: Chimecho|Thunder Wave|p2a: Komala\n|-immune|p2a: Komala|[from] ability: Comatose\n|\n|-heal|p1a: Chimecho|208/290|[from] item: Leftovers\n|upkeep\n|turn|3\n|\n|t:|1781386303\n|move|p1a: Chimecho|Recover|p1a: Chimecho\n|-heal|p1a: Chimecho|290/290\n|move|p2a: Komala|U-turn|p1a: Chimecho\n|-supereffective|p1a: Chimecho\n|-damage|p1a: Chimecho|174/290\n|\n|t:|1781386309\n|switch|p2a: Magcargo|Magcargo, L95, M|268/268|[from] U-turn\n|\n|-heal|p1a: Chimecho|192/290|[from] item: Leftovers\n|upkeep\n|turn|4\n|\n|t:|1781386348\n|move|p1a: Chimecho|Psychic Noise|p2a: Magcargo\n|-damage|p2a: Magcargo|175/268\n|-start|p2a: Magcargo|move: Heal Block\n|move|p2a: Magcargo|Stealth Rock|p1a: Chimecho\n|-sidestart|p1: MooMoo Mamu|move: Stealth Rock\n|\n|-heal|p1a: Chimecho|210/290|[from] item: Leftovers\n|upkeep\n|turn|5\n|\n|t:|1781386358\n|move|p1a: Chimecho|Encore|p2a: Magcargo\n|-start|p2a: Magcargo|Encore\n|move|p2a: Magcargo|Stealth Rock||[still]\n|-fail|p2a: Magcargo\n|\n|-heal|p1a: Chimecho|228/290|[from] item: Leftovers\n|-end|p2a: Magcargo|move: Heal Block\n|upkeep\n|turn|6\n|\n|t:|1781386368\n|switch|p1a: Ceruledge|Ceruledge, L78, F|245/245\n|switch|p2a: Komala|Komala, L88, M|258/258\n|-ability|p2a: Komala|Comatose\n|\n|upkeep\n|turn|7\n|\n|t:|1781386388\n|move|p1a: Ceruledge|Swords Dance|p1a: Ceruledge\n|-boost|p1a: Ceruledge|atk|2\n|move|p2a: Komala|Knock Off|p1a: Ceruledge\n|-supereffective|p1a: Ceruledge\n|-damage|p1a: Ceruledge|63/245\n|-ability|p1a: Ceruledge|Weak Armor|boost\n|-unboost|p1a: Ceruledge|def|1\n|-boost|p1a: Ceruledge|spe|2\n|-enditem|p1a: Ceruledge|Heavy-Duty Boots|[from] move: Knock Off|[of] p2a: Komala\n|\n|upkeep\n|turn|8\n|\n|t:|1781386402\n|switch|p2a: Poliwrath|Poliwrath, L88, F|302/302\n|move|p1a: Ceruledge|Bitter Blade|p2a: Poliwrath\n|-resisted|p2a: Poliwrath\n|-damage|p2a: Poliwrath|216/302\n|-heal|p1a: Ceruledge|106/245|[from] drain|[of] p2a: Poliwrath\n|\n|upkeep\n|turn|9\n|\n|t:|1781386411\n|move|p1a: Ceruledge|Poltergeist|p2a: Poliwrath\n|-activate|p2a: Poliwrath|move: Poltergeist|Assault Vest\n|-damage|p2a: Poliwrath|0 fnt\n|faint|p2a: Poliwrath\n|\n|upkeep\n|\n|t:|1781386430\n|switch|p2a: Rayquaza|Rayquaza, L72|270/270\n|-ability|p2a: Rayquaza|Air Lock\n|turn|10\n|\n|t:|1781386435\n|move|p1a: Ceruledge|Poltergeist|p2a: Rayquaza\n|-activate|p2a: Rayquaza|move: Poltergeist|Loaded Dice\n|-damage|p2a: Rayquaza|5/270\n|move|p2a: Rayquaza|Scale Shot|p1a: Ceruledge\n|-damage|p1a: Ceruledge|58/245\n|-ability|p1a: Ceruledge|Weak Armor|boost\n|-unboost|p1a: Ceruledge|def|1\n|-boost|p1a: Ceruledge|spe|2\n|-damage|p1a: Ceruledge|0 fnt\n|faint|p1a: Ceruledge\n|-hitcount|p1: Ceruledge|2\n|-unboost|p2a: Rayquaza|def|1\n|-boost|p2a: Rayquaza|spe|1\n|\n|upkeep\n|\n|t:|1781386448\n|switch|p1a: Chimecho|Chimecho, L93, M|228/290\n|-damage|p1a: Chimecho|192/290|[from] Stealth Rock\n|turn|11\n|\n|t:|1781386462\n|move|p2a: Rayquaza|Dragon Ascent|p1a: Chimecho\n|-damage|p1a: Chimecho|63/290\n|-unboost|p2a: Rayquaza|def|1\n|-unboost|p2a: Rayquaza|spd|1\n|move|p1a: Chimecho|Psychic Noise|p2a: Rayquaza\n|-damage|p2a: Rayquaza|0 fnt\n|faint|p2a: Rayquaza\n|\n|-heal|p1a: Chimecho|81/290|[from] item: Leftovers\n|upkeep\n|\n|t:|1781386494\n|switch|p2a: Volcarona|Volcarona, L77, F|257/257\n|turn|12\n|\n|t:|1781386500\n|-terastallize|p2a: Volcarona|Fire\n|move|p2a: Volcarona|Fiery Dance|p1a: Chimecho\n|-damage|p1a: Chimecho|0 fnt\n|faint|p1a: Chimecho\n|\n|upkeep\n|\n|t:|1781386505\n|switch|p1a: Tentacruel|Tentacruel, L84, F|272/272\n|-damage|p1a: Tentacruel|238/272|[from] Stealth Rock\n|turn|13\n|\n|t:|1781386508\n|switch|p2a: Komala|Komala, L88, M|258/258\n|-ability|p2a: Komala|Comatose\n|move|p1a: Tentacruel|Rapid Spin|p2a: Komala\n|-damage|p2a: Komala|225/258\n|-boost|p1a: Tentacruel|spe|1\n|-sideend|p1: MooMoo Mamu|Stealth Rock|[from] move: Rapid Spin|[of] p1a: Tentacruel\n|\n|-heal|p1a: Tentacruel|255/272|[from] item: Leftovers\n|upkeep\n|turn|14\n|\n|t:|1781386532\n|switch|p1a: Ribombee|Ribombee, L83, M|235/235\n|move|p2a: Komala|Body Slam|p1a: Ribombee\n|-damage|p1a: Ribombee|87/235\n|\n|upkeep\n|turn|15\n|\n|t:|1781386539\n|move|p1a: Ribombee|Moonblast|p2a: Komala\n|-crit|p2a: Komala\n|-damage|p2a: Komala|137/258\n|move|p2a: Komala|Rapid Spin|p1a: Ribombee\n|-damage|p1a: Ribombee|0 fnt\n|-boost|p2a: Komala|spe|1\n|faint|p1a: Ribombee\n|\n|upkeep\n|\n|t:|1781386543\n|switch|p1a: Cetitan|Cetitan, L82, F|413/413\n|turn|16\n|\n|t:|1781386550\n|move|p2a: Komala|Knock Off|p1a: Cetitan\n|-damage|p1a: Cetitan|308/413\n|-enditem|p1a: Cetitan|Life Orb|[from] move: Knock Off|[of] p2a: Komala\n|move|p1a: Cetitan|Icicle Crash|p2a: Komala\n|-damage|p2a: Komala|0 fnt\n|faint|p2a: Komala\n|\n|upkeep\n|\n|t:|1781386571\n|switch|p2a: Volcarona|Volcarona, L77, F, tera:Fire|257/257\n|turn|17\n|\n|t:|1781386579\n|switch|p1a: Tentacruel|Tentacruel, L84, F|255/272\n|move|p2a: Volcarona|Fiery Dance|p1a: Tentacruel\n|-resisted|p1a: Tentacruel\n|-damage|p1a: Tentacruel|209/272\n|\n|-heal|p1a: Tentacruel|226/272|[from] item: Leftovers\n|upkeep\n|turn|18\n|-message|Meowerdoom forfeited.\n|\n|win|MooMoo Mamu\n", "inputlog": ">version a8376a258c1d4662feba110a92103f3664a72141\n>start {\"formatid\":\"gen9randombattle\",\"seed\":\"sodium,fbdc7cb4e86a47c7a39ffc84173f0cae\",\"rated\":\"Rated battle\"}\n>player p1 {\"name\":\"MooMoo Mamu\",\"avatar\":\"170\",\"rating\":2099,\"seed\":\"sodium,76ec8b41484fe0cd38a6c45605e3785a\"}\n>player p2 {\"name\":\"Meowerdoom\",\"avatar\":\"burgh\",\"rating\":2077,\"seed\":\"sodium,227c3da3b3462545176c1f162602d955\"}\n>p1 switch 6\n>p2 move scaleshot\n>p1 move thunderwave\n>p2 switch 6\n>p1 move recover\n>p2 move uturn\n>p2 switch 3\n>p1 move psychicnoise\n>p2 move stealthrock\n>p1 move encore\n>p2 move yawn\n>p1 switch 4\n>p2 switch 3\n>p1 move swordsdance\n>p2 move knockoff\n>p1 move bitterblade\n>p2 switch 5\n>p1 move poltergeist\n>p2 move liquidation\n>p2 switch 6\n>p1 move poltergeist\n>p2 move scaleshot\n>p1 switch 4\n>p1 move psychicnoise\n>p2 move dragonascent\n>p2 switch 2\n>p1 move thunderwave\n>p2 move fierydance terastallize\n>p1 switch 6\n>p1 move rapidspin\n>p2 switch 5\n>p1 switch 5\n>p2 move bodyslam\n>p1 move moonblast\n>p2 move rapidspin\n>p1 switch 3\n>p1 move iciclecrash\n>p2 move knockoff\n>p2 switch 5\n>p1 switch 5\n>p2 move fierydance\n>forcelose p2", "uploadtime": 1781386252, "views": 7, "formatid": "gen9randombattle", "rating": null, "private": 0, "password": null}