{"id": "gen9randombattle-2632020188", "format": "[Gen 9] Random Battle", "players": ["scampy789", "Highster5"], "log": "|j|\u2606scampy789\n|j|\u2606Highster5\n|t:|1781466703\n|gametype|singles\n|player|p1|scampy789|170|2160\n|player|p2|Highster5|nemona-masters|2147\n|gen|9\n|tier|[Gen 9] Random Battle\n|rated|\n|rule|Species Clause: Limit one of each Pok\u00e9mon\n|rule|HP Percentage Mod: HP is shown in percentages\n|rule|Sleep Clause Mod: Limit one foe put to sleep\n|rule|Illusion Level Mod: Illusion disguises the Pok\u00e9mon's true level\n|\n|t:|1781466703\n|teamsize|p1|6\n|teamsize|p2|6\n|start\n|switch|p1a: Iron Treads|Iron Treads, L77|265/265\n|switch|p2a: Kyurem|Kyurem-White, L73|303/303\n|-ability|p2a: Kyurem|Turboblaze\n|turn|1\n|inactive|Battle timer is ON: inactive players will automatically lose when time's up. (requested by Highster5)\n|inactive|scampy789 also wants the timer to be on.\n|\n|t:|1781466724\n|switch|p2a: Veluza|Veluza, L85, F|292/292\n|move|p1a: Iron Treads|Iron Head|p2a: Veluza\n|-resisted|p2a: Veluza\n|-damage|p2a: Veluza|248/292\n|\n|upkeep\n|turn|2\n|j| Mastersatanr\n|inactive|scampy789 has 120 seconds left.\n|\n|t:|1781466760\n|move|p1a: Iron Treads|Volt Switch|p2a: Veluza\n|-supereffective|p2a: Veluza\n|-damage|p2a: Veluza|168/292\n|\n|t:|1781466770\n|-end|p1a: Iron Treads|Quark Drive|[silent]\n|switch|p1a: Leafeon|Leafeon, L88, M|258/258|[from] Volt Switch\n|move|p2a: Veluza|Fillet Away|p2a: Veluza\n|-boost|p2a: Veluza|atk|2\n|-boost|p2a: Veluza|spa|2\n|-boost|p2a: Veluza|spe|2\n|-damage|p2a: Veluza|22/292\n|-enditem|p2a: Veluza|Sitrus Berry|[eat]\n|-heal|p2a: Veluza|95/292|[from] item: Sitrus Berry\n|\n|upkeep\n|turn|3\n|inactive|scampy789 has 120 seconds left.\n|\n|t:|1781466786\n|move|p2a: Veluza|Psycho Cut|p1a: Leafeon\n|-damage|p1a: Leafeon|99/258\n|move|p1a: Leafeon|Knock Off|p2a: Veluza\n|-supereffective|p2a: Veluza\n|-damage|p2a: Veluza|0 fnt\n|faint|p2a: Veluza\n|-damage|p1a: Leafeon|74/258|[from] item: Life Orb\n|\n|upkeep\n|\n|t:|1781466799\n|switch|p2a: Shaymin|Shaymin-Sky, L73|266/266\n|turn|4\n|inactive|scampy789 has 120 seconds left.\n|\n|t:|1781466825\n|move|p2a: Shaymin|Air Slash|p1a: Leafeon\n|-supereffective|p1a: Leafeon\n|-damage|p1a: Leafeon|0 fnt\n|faint|p1a: Leafeon\n|\n|upkeep\n|\n|t:|1781466828\n|switch|p1a: Iron Treads|Iron Treads, L77|265/265\n|turn|5\n|\n|t:|1781466834\n|move|p2a: Shaymin|Seed Flare|p1a: Iron Treads|[miss]\n|-miss|p2a: Shaymin|p1a: Iron Treads\n|move|p1a: Iron Treads|Iron Head|p2a: Shaymin\n|-damage|p2a: Shaymin|155/266\n|\n|upkeep\n|turn|6\n|\n|t:|1781466839\n|move|p2a: Shaymin|Seed Flare|p1a: Iron Treads\n|-damage|p1a: Iron Treads|159/265\n|-unboost|p1a: Iron Treads|spd|2\n|move|p1a: Iron Treads|Rapid Spin|p2a: Shaymin\n|-damage|p2a: Shaymin|114/266\n|-boost|p1a: Iron Treads|spe|1\n|\n|upkeep\n|turn|7\n|\n|t:|1781466857\n|switch|p2a: Slowking|Slowking, L88, F|310/310\n|move|p1a: Iron Treads|Iron Head|p2a: Slowking\n|-resisted|p2a: Slowking\n|-damage|p2a: Slowking|267/310\n|\n|upkeep\n|turn|8\n|inactive|scampy789 has 120 seconds left.\n|\n|t:|1781466878\n|move|p1a: Iron Treads|Volt Switch|p2a: Slowking\n|-supereffective|p2a: Slowking\n|-damage|p2a: Slowking|213/310\n|inactive|scampy789 has 120 seconds left.\n|\n|t:|1781466891\n|-end|p1a: Iron Treads|Quark Drive|[silent]\n|switch|p1a: Rotom|Rotom-Fan, L86|226/226|[from] Volt Switch\n|move|p2a: Slowking|Scald|p1a: Rotom\n|-damage|p1a: Rotom|141/226\n|-status|p1a: Rotom|brn\n|\n|-damage|p1a: Rotom|127/226 brn|[from] brn\n|upkeep\n|turn|9\n|inactive|scampy789 has 120 seconds left.\n|\n|t:|1781466900\n|switch|p2a: Groudon|Groudon, L72|263/263\n|-weather|SunnyDay|[from] ability: Drought|[of] p2a: Groudon\n|move|p1a: Rotom|Thunder Wave|p2a: Groudon\n|-immune|p2a: Groudon\n|\n|-weather|SunnyDay|[upkeep]\n|-damage|p1a: Rotom|113/226 brn|[from] brn\n|upkeep\n|turn|10\n|inactive|scampy789 has 120 seconds left.\n|\n|t:|1781466914\n|move|p1a: Rotom|Air Slash|p2a: Groudon\n|-damage|p2a: Groudon|161/263\n|move|p2a: Groudon|Spikes|p1a: Rotom\n|-sidestart|p1: scampy789|Spikes\n|\n|-weather|SunnyDay|[upkeep]\n|-heal|p2a: Groudon|177/263|[from] item: Leftovers\n|-damage|p1a: Rotom|99/226 brn|[from] brn\n|upkeep\n|turn|11\n|\n|t:|1781466920\n|move|p1a: Rotom|Air Slash|p2a: Groudon\n|-damage|p2a: Groudon|69/263\n|move|p2a: Groudon|Heat Crash|p1a: Rotom\n|-damage|p1a: Rotom|0 fnt\n|faint|p1a: Rotom\n|\n|-weather|SunnyDay|[upkeep]\n|-heal|p2a: Groudon|85/263|[from] item: Leftovers\n|upkeep\n|\n|t:|1781466928\n|switch|p1a: Arceus|Arceus-Flying, L69|279/279\n|turn|12\n|\n|t:|1781466933\n|move|p1a: Arceus|Judgment|p2a: Groudon\n|-damage|p2a: Groudon|0 fnt\n|faint|p2a: Groudon\n|\n|-weather|SunnyDay|[upkeep]\n|upkeep\n|\n|t:|1781466937\n|switch|p2a: Glalie|Glalie, L96, M|309/309\n|turn|13\n|inactive|scampy789 has 120 seconds left.\n|\n|t:|1781466973\n|switch|p1a: Furret|Furret, L94, F|312/312\n|-damage|p1a: Furret|273/312|[from] Spikes\n|-item|p2a: Glalie|Heavy-Duty Boots|[from] ability: Frisk|[of] p1a: Furret\n|move|p2a: Glalie|Freeze-Dry|p1a: Furret\n|-damage|p1a: Furret|165/312\n|\n|-weather|none\n|upkeep\n|turn|14\n|inactive|scampy789 has 120 seconds left.\n|\n|t:|1781466984\n|move|p1a: Furret|Tidy Up|p1a: Furret\n|-sideend|p1: scampy789|Spikes\n|-activate|p1a: Furret|move: Tidy Up\n|-boost|p1a: Furret|atk|1\n|-boost|p1a: Furret|spe|1\n|move|p2a: Glalie|Freeze-Dry|p1a: Furret\n|-damage|p1a: Furret|62/312\n|\n|upkeep\n|turn|15\n|inactive|scampy789 has 120 seconds left.\n|\n|t:|1781466993\n|switch|p2a: Slowking|Slowking, L88, F|310/310\n|move|p1a: Furret|Double-Edge|p2a: Slowking\n|-crit|p2a: Slowking\n|-damage|p2a: Slowking|0 fnt\n|faint|p2a: Slowking\n|-damage|p1a: Furret|0 fnt|[from] Recoil\n|faint|p1a: Furret\n|\n|upkeep\n|inactive|scampy789 has 120 seconds left.\n|\n|t:|1781467004\n|switch|p1a: Zebstrika|Zebstrika, L87, M|272/272\n|switch|p2a: Kyurem|Kyurem-White, L73|303/303\n|-ability|p2a: Kyurem|Turboblaze\n|turn|16\n|inactive|scampy789 has 120 seconds left.\n|\n|t:|1781467019\n|move|p2a: Kyurem|Ice Beam|p1a: Zebstrika\n|-damage|p1a: Zebstrika|124/272\n|move|p1a: Zebstrika|Volt Switch|p2a: Kyurem\n|-resisted|p2a: Kyurem\n|-damage|p2a: Kyurem|258/303\n|-damage|p1a: Zebstrika|97/272|[from] item: Life Orb\n|\n|t:|1781467028\n|switch|p1a: Iron Treads|Iron Treads, L77|159/265|[from] Volt Switch\n|\n|upkeep\n|turn|17\n|inactive|scampy789 has 120 seconds left.\n|\n|t:|1781467037\n|switch|p2a: Shaymin|Shaymin-Sky, L73|114/266\n|move|p1a: Iron Treads|Rapid Spin|p2a: Shaymin\n|-damage|p2a: Shaymin|72/266\n|-boost|p1a: Iron Treads|spe|1\n|\n|upkeep\n|turn|18\n|\n|t:|1781467044\n|move|p1a: Iron Treads|Iron Head|p2a: Shaymin\n|-damage|p2a: Shaymin|0 fnt\n|faint|p2a: Shaymin\n|\n|upkeep\n|\n|t:|1781467049\n|switch|p2a: Glalie|Glalie, L96, M|309/309\n|turn|19\n|\n|t:|1781467060\n|-terastallize|p2a: Glalie|Ground\n|move|p1a: Iron Treads|Iron Head|p2a: Glalie\n|-damage|p2a: Glalie|231/309\n|move|p2a: Glalie|Earthquake|p1a: Iron Treads\n|-supereffective|p1a: Iron Treads\n|-damage|p1a: Iron Treads|0 fnt\n|faint|p1a: Iron Treads\n|-end|p1a: Iron Treads|Quark Drive|[silent]\n|\n|upkeep\n|inactive|scampy789 has 120 seconds left.\n|\n|t:|1781467097\n|switch|p1a: Arceus|Arceus-Flying, L69|279/279\n|turn|20\n|\n|t:|1781467103\n|move|p2a: Glalie|Freeze-Dry|p1a: Arceus\n|-supereffective|p1a: Arceus\n|-damage|p1a: Arceus|129/279\n|move|p1a: Arceus|Calm Mind|p1a: Arceus\n|-boost|p1a: Arceus|spa|1\n|-boost|p1a: Arceus|spd|1\n|\n|upkeep\n|turn|21\n|\n|t:|1781467111\n|move|p2a: Glalie|Freeze-Dry|p1a: Arceus\n|-supereffective|p1a: Arceus\n|-damage|p1a: Arceus|31/279\n|move|p1a: Arceus|Recover|p1a: Arceus\n|-heal|p1a: Arceus|171/279\n|\n|upkeep\n|turn|22\n|\n|t:|1781467115\n|move|p2a: Glalie|Freeze-Dry|p1a: Arceus\n|-supereffective|p1a: Arceus\n|-damage|p1a: Arceus|73/279\n|move|p1a: Arceus|Recover|p1a: Arceus\n|-heal|p1a: Arceus|213/279\n|\n|upkeep\n|turn|23\n|\n|t:|1781467119\n|move|p2a: Glalie|Taunt|p1a: Arceus\n|-start|p1a: Arceus|move: Taunt\n|cant|p1a: Arceus|move: Taunt|Calm Mind\n|\n|upkeep\n|turn|24\n|\n|t:|1781467125\n|move|p2a: Glalie|Freeze-Dry|p1a: Arceus\n|-supereffective|p1a: Arceus\n|-damage|p1a: Arceus|99/279\n|move|p1a: Arceus|Judgment|p2a: Glalie\n|-damage|p2a: Glalie|98/309\n|\n|upkeep\n|turn|25\n|\n|t:|1781467135\n|move|p2a: Glalie|Freeze-Dry|p1a: Arceus\n|-supereffective|p1a: Arceus\n|-damage|p1a: Arceus|0 fnt\n|faint|p1a: Arceus\n|\n|upkeep\n|\n|t:|1781467137\n|switch|p1a: Zebstrika|Zebstrika, L87, M|97/272\n|turn|26\n|\n|t:|1781467150\n|move|p1a: Zebstrika|High Horsepower|p2a: Glalie|[miss]\n|-miss|p1a: Zebstrika|p2a: Glalie\n|move|p2a: Glalie|Freeze-Dry|p1a: Zebstrika\n|-damage|p1a: Zebstrika|0 fnt\n|faint|p1a: Zebstrika\n|\n|win|Highster5\n", "inputlog": ">version a8376a258c1d4662feba110a92103f3664a72141\n>start {\"formatid\":\"gen9randombattle\",\"seed\":\"sodium,77bd8d5d6d73c1cd6bd83509c4ef460a\",\"rated\":\"Rated battle\"}\n>player p1 {\"name\":\"scampy789\",\"avatar\":\"170\",\"rating\":2160,\"seed\":\"sodium,8dd00d278dcf37484cc4968c16bad1a9\"}\n>player p2 {\"name\":\"Highster5\",\"avatar\":\"nemona-masters\",\"rating\":2147,\"seed\":\"sodium,f99a529b9dc1e868fa2397d8188928f3\"}\n>p1 move ironhead\n>p2 switch 6\n>p1 move voltswitch\n>p2 move filletaway\n>p1 switch 2\n>p1 move knockoff\n>p2 move psychocut\n>p2 switch 3\n>p1 move knockoff\n>p2 move airslash\n>p1 switch 2\n>p1 move ironhead\n>p2 move seedflare\n>p1 move rapidspin\n>p2 move seedflare\n>p1 move ironhead\n>p2 switch 5\n>p1 move voltswitch\n>p2 move scald\n>p1 switch 3\n>p1 move thunderwave\n>p2 switch 4\n>p1 move airslash\n>p2 move spikes\n>p1 move airslash\n>p2 move heatcrash\n>p1 switch 4\n>p1 move judgment\n>p2 move roar\n>p2 switch 2\n>p1 switch 5\n>p2 move freezedry\n>p1 move tidyup\n>p2 move freezedry\n>p1 move doubleedge\n>p2 switch 4\n>p1 switch 6\n>p2 switch 6\n>p1 move voltswitch\n>p2 move icebeam\n>p1 switch 3\n>p1 move rapidspin\n>p2 switch 5\n>p1 move ironhead\n>p2 move synthesis\n>p2 switch 4\n>p1 move ironhead\n>p2 move earthquake terastallize\n>p1 switch 5\n>p1 move calmmind\n>p2 move freezedry\n>p1 move recover\n>p2 move freezedry\n>p1 move recover\n>p2 move freezedry\n>p1 move calmmind\n>p2 move taunt\n>p1 move judgment\n>p2 move freezedry\n>p1 move judgment\n>p2 move freezedry\n>p1 switch 3\n>p1 move highhorsepower\n>p2 move freezedry", "uploadtime": 1781466705, "views": 5, "formatid": "gen9randombattle", "rating": null, "private": 0, "password": null}