{"id": "gen9randombattle-2631723799", "format": "[Gen 9] Random Battle", "players": ["arukanu", "syiffer"], "log": "|j|\u2606arukanu\n|j|\u2606syiffer\n|t:|1781428869\n|gametype|singles\n|player|p1|arukanu|caitlin|1999\n|player|p2|syiffer|170|2085\n|gen|9\n|tier|[Gen 9] Random Battle\n|rated|\n|rule|Species Clause: Limit one of each Pok\u00e9mon\n|rule|HP Percentage Mod: HP is shown in percentages\n|rule|Sleep Clause Mod: Limit one foe put to sleep\n|rule|Illusion Level Mod: Illusion disguises the Pok\u00e9mon's true level\n|\n|t:|1781428869\n|teamsize|p1|6\n|teamsize|p2|6\n|start\n|switch|p1a: Shiftry|Shiftry, L89, F|305/305\n|switch|p2a: Manaphy|Manaphy, L78|284/284\n|turn|1\n|inactive|Battle timer is ON: inactive players will automatically lose when time's up. (requested by arukanu)\n|\n|t:|1781428902\n|switch|p2a: Skarmory|Skarmory, L80, M|235/235\n|move|p1a: Shiftry|Swords Dance|p1a: Shiftry\n|-boost|p1a: Shiftry|atk|2\n|\n|upkeep\n|turn|2\n|\n|t:|1781428911\n|move|p1a: Shiftry|Knock Off|p2a: Skarmory\n|-damage|p2a: Skarmory|1/235\n|-damage|p1a: Shiftry|255/305|[from] item: Rocky Helmet|[of] p2a: Skarmory\n|-enditem|p2a: Skarmory|Rocky Helmet|[from] move: Knock Off|[of] p1a: Shiftry\n|-damage|p1a: Shiftry|225/305|[from] item: Life Orb\n|move|p2a: Skarmory|Body Press|p1a: Shiftry\n|-supereffective|p1a: Shiftry\n|-damage|p1a: Shiftry|49/305\n|\n|upkeep\n|turn|3\n|\n|t:|1781428938\n|switch|p2a: Whimsicott|Whimsicott, L84, F|238/238\n|move|p1a: Shiftry|Knock Off|p2a: Whimsicott\n|-resisted|p2a: Whimsicott\n|-damage|p2a: Whimsicott|79/238\n|-enditem|p2a: Whimsicott|Leftovers|[from] move: Knock Off|[of] p1a: Shiftry\n|-damage|p1a: Shiftry|19/305|[from] item: Life Orb\n|\n|upkeep\n|turn|4\n|\n|t:|1781428948\n|move|p1a: Shiftry|Sucker Punch|p2a: Whimsicott\n|-resisted|p2a: Whimsicott\n|-damage|p2a: Whimsicott|0 fnt\n|faint|p2a: Whimsicott\n|-damage|p1a: Shiftry|0 fnt|[from] item: Life Orb\n|faint|p1a: Shiftry\n|\n|upkeep\n|inactive|syiffer has 120 seconds left.\n|\n|t:|1781428963\n|switch|p2a: Volcanion|Volcanion, L79|256/256\n|switch|p1a: Solgaleo|Solgaleo, L74|325/325\n|turn|5\n|\n|t:|1781428970\n|move|p1a: Solgaleo|Knock Off|p2a: Volcanion\n|-damage|p2a: Volcanion|200/256\n|-enditem|p2a: Volcanion|Heavy-Duty Boots|[from] move: Knock Off|[of] p1a: Solgaleo\n|move|p2a: Volcanion|Steam Eruption|p1a: Solgaleo\n|-damage|p1a: Solgaleo|186/325\n|-status|p1a: Solgaleo|brn\n|\n|-damage|p1a: Solgaleo|166/325 brn|[from] brn\n|upkeep\n|turn|6\n|\n|t:|1781428980\n|move|p1a: Solgaleo|Flame Charge|p2a: Volcanion\n|-resisted|p2a: Volcanion\n|-damage|p2a: Volcanion|197/256\n|-boost|p1a: Solgaleo|spe|1\n|move|p2a: Volcanion|Flamethrower|p1a: Solgaleo\n|-supereffective|p1a: Solgaleo\n|-damage|p1a: Solgaleo|0 fnt\n|faint|p1a: Solgaleo\n|\n|upkeep\n|\n|t:|1781428987\n|switch|p1a: Hypno|Hypno, L95, F|315/315\n|turn|7\n|inactive|syiffer has 120 seconds left.\n|\n|t:|1781429043\n|move|p1a: Hypno|Toxic|p2a: Volcanion\n|-status|p2a: Volcanion|tox\n|move|p2a: Volcanion|Steam Eruption|p1a: Hypno\n|-damage|p1a: Hypno|221/315\n|\n|-heal|p1a: Hypno|240/315|[from] item: Leftovers\n|-damage|p2a: Volcanion|181/256 tox|[from] psn\n|upkeep\n|turn|8\n|\n|t:|1781429056\n|switch|p2a: Mamoswine|Mamoswine, L81, F, shiny|311/311\n|move|p1a: Hypno|Psychic Noise|p2a: Mamoswine\n|-damage|p2a: Mamoswine|208/311\n|-start|p2a: Mamoswine|move: Heal Block\n|\n|-heal|p1a: Hypno|259/315|[from] item: Leftovers\n|upkeep\n|turn|9\n|\n|t:|1781429066\n|move|p1a: Hypno|Protect|p1a: Hypno\n|-singleturn|p1a: Hypno|Protect\n|move|p2a: Mamoswine|Knock Off|p1a: Hypno\n|-activate|p1a: Hypno|move: Protect\n|\n|-heal|p1a: Hypno|278/315|[from] item: Leftovers\n|-end|p2a: Mamoswine|move: Heal Block\n|upkeep\n|turn|10\n|\n|t:|1781429073\n|move|p1a: Hypno|Focus Blast|p2a: Mamoswine|[miss]\n|-miss|p1a: Hypno|p2a: Mamoswine\n|move|p2a: Mamoswine|Knock Off|p1a: Hypno\n|-supereffective|p1a: Hypno\n|-damage|p1a: Hypno|8/315\n|-enditem|p1a: Hypno|Leftovers|[from] move: Knock Off|[of] p2a: Mamoswine\n|\n|upkeep\n|turn|11\n|inactive|syiffer has 120 seconds left.\n|\n|t:|1781429084\n|switch|p2a: Volcanion|Volcanion, L79|181/256 tox\n|move|p1a: Hypno|Focus Blast|p2a: Volcanion\n|-damage|p2a: Volcanion|91/256 tox\n|\n|-damage|p2a: Volcanion|75/256 tox|[from] psn\n|upkeep\n|turn|12\n|\n|t:|1781429093\n|switch|p2a: Mamoswine|Mamoswine, L81, F, shiny|208/311\n|move|p1a: Hypno|Protect||[still]\n|-fail|p1a: Hypno\n|\n|upkeep\n|turn|13\n|\n|t:|1781429101\n|move|p2a: Mamoswine|Ice Shard|p1a: Hypno\n|-damage|p1a: Hypno|0 fnt\n|faint|p1a: Hypno\n|\n|upkeep\n|\n|t:|1781429108\n|switch|p1a: Bellossom|Bellossom, L84, M|263/263\n|turn|14\n|inactive|syiffer has 120 seconds left.\n|\n|t:|1781429163\n|-terastallize|p1a: Bellossom|Poison\n|move|p2a: Mamoswine|Ice Shard|p1a: Bellossom\n|-damage|p1a: Bellossom|193/263\n|move|p1a: Bellossom|Quiver Dance|p1a: Bellossom\n|-boost|p1a: Bellossom|spa|1\n|-boost|p1a: Bellossom|spd|1\n|-boost|p1a: Bellossom|spe|1\n|\n|-heal|p1a: Bellossom|209/263|[from] item: Leftovers\n|upkeep\n|turn|15\n|\n|t:|1781429173\n|switch|p2a: Eelektross|Eelektross, L87, F|290/290\n|move|p1a: Bellossom|Quiver Dance|p1a: Bellossom\n|-boost|p1a: Bellossom|spa|1\n|-boost|p1a: Bellossom|spd|1\n|-boost|p1a: Bellossom|spe|1\n|\n|-heal|p1a: Bellossom|225/263|[from] item: Leftovers\n|upkeep\n|turn|16\n|\n|t:|1781429179\n|move|p1a: Bellossom|Sludge Bomb|p2a: Eelektross\n|-damage|p2a: Eelektross|169/290\n|move|p2a: Eelektross|Dragon Tail|p1a: Bellossom\n|-damage|p1a: Bellossom|177/263\n|drag|p1a: Dugtrio|Dugtrio, L84, F|196/196\n|\n|upkeep\n|turn|17\n|\n|t:|1781429191\n|move|p1a: Dugtrio|Stone Edge|p2a: Eelektross\n|-damage|p2a: Eelektross|51/290\n|move|p2a: Eelektross|U-turn|p1a: Dugtrio\n|-damage|p1a: Dugtrio|101/196\n|\n|t:|1781429204\n|switch|p2a: Mamoswine|Mamoswine, L81, F, shiny|208/311|[from] U-turn\n|\n|upkeep\n|turn|18\n|\n|t:|1781429207\n|move|p1a: Dugtrio|Stone Edge|p2a: Mamoswine\n|-damage|p2a: Mamoswine|97/311\n|move|p2a: Mamoswine|Earthquake|p1a: Dugtrio\n|-damage|p1a: Dugtrio|0 fnt\n|faint|p1a: Dugtrio\n|\n|upkeep\n|\n|t:|1781429213\n|switch|p1a: Bellossom|Bellossom, L84, M, tera:Poison|177/263\n|turn|19\n|\n|t:|1781429217\n|move|p2a: Mamoswine|Earthquake|p1a: Bellossom\n|-supereffective|p1a: Bellossom\n|-damage|p1a: Bellossom|0 fnt\n|faint|p1a: Bellossom\n|\n|upkeep\n|\n|t:|1781429221\n|switch|p1a: Mimikyu|Mimikyu, L79, M|216/216\n|turn|20\n|\n|t:|1781429225\n|move|p1a: Mimikyu|Swords Dance|p1a: Mimikyu\n|-boost|p1a: Mimikyu|atk|2\n|move|p2a: Mamoswine|Earthquake|p1a: Mimikyu\n|-activate|p1a: Mimikyu|ability: Disguise\n|-damage|p1a: Mimikyu|216/216\n|detailschange|p1a: Mimikyu|Mimikyu-Busted, L79, M\n|-damage|p1a: Mimikyu|189/216|[from] pokemon: Mimikyu-Busted\n|\n|upkeep\n|turn|21\n|\n|t:|1781429229\n|move|p1a: Mimikyu|Shadow Claw|p2a: Mamoswine\n|-damage|p2a: Mamoswine|0 fnt\n|faint|p2a: Mamoswine\n|-damage|p1a: Mimikyu|168/216|[from] item: Life Orb\n|\n|upkeep\n|\n|t:|1781429235\n|switch|p2a: Skarmory|Skarmory, L80, M|1/235\n|turn|22\n|\n|t:|1781429242\n|move|p1a: Mimikyu|Shadow Claw|p2a: Skarmory\n|-damage|p2a: Skarmory|0 fnt\n|faint|p2a: Skarmory\n|-damage|p1a: Mimikyu|147/216|[from] item: Life Orb\n|\n|upkeep\n|\n|t:|1781429245\n|switch|p2a: Volcanion|Volcanion, L79|75/256 tox\n|turn|23\n|\n|t:|1781429247\n|move|p1a: Mimikyu|Shadow Claw|p2a: Volcanion\n|-damage|p2a: Volcanion|0 fnt\n|faint|p2a: Volcanion\n|-damage|p1a: Mimikyu|126/216|[from] item: Life Orb\n|\n|upkeep\n|\n|t:|1781429250\n|switch|p2a: Eelektross|Eelektross, L87, F|51/290\n|turn|24\n|\n|t:|1781429252\n|move|p1a: Mimikyu|Shadow Claw|p2a: Eelektross\n|-damage|p2a: Eelektross|0 fnt\n|faint|p2a: Eelektross\n|-damage|p1a: Mimikyu|105/216|[from] item: Life Orb\n|\n|upkeep\n|\n|t:|1781429255\n|switch|p2a: Manaphy|Manaphy, L78|284/284\n|turn|25\n|\n|t:|1781429259\n|-terastallize|p2a: Manaphy|Water\n|move|p2a: Manaphy|Surf|p1a: Mimikyu\n|-damage|p1a: Mimikyu|3/216\n|move|p1a: Mimikyu|Play Rough|p2a: Manaphy\n|-damage|p2a: Manaphy|68/284\n|-unboost|p2a: Manaphy|atk|1\n|-damage|p1a: Mimikyu|0 fnt|[from] item: Life Orb\n|faint|p1a: Mimikyu\n|\n|win|syiffer\n|raw|arukanu's rating: 1999 &rarr; <strong>1984</strong><br />(-15 for losing)\n|raw|syiffer's rating: 2085 &rarr; <strong>2100</strong><br />(+15 for winning)\n", "uploadtime": 1781428871, "views": 3, "formatid": "gen9randombattle", "rating": 1984, "private": 0, "password": null}