{"id": "gen9randombattle-2631549801", "format": "[Gen 9] Random Battle", "players": ["Rocksas", "baconstripsco"], "log": "|j|\u2606Rocksas\n|j|\u2606baconstripsco\n|t:|1781399941\n|gametype|singles\n|player|p1|Rocksas|n|1914\n|player|p2|baconstripsco|102|1926\n|gen|9\n|tier|[Gen 9] Random Battle\n|rated|\n|rule|Species Clause: Limit one of each Pok\u00e9mon\n|rule|HP Percentage Mod: HP is shown in percentages\n|rule|Sleep Clause Mod: Limit one foe put to sleep\n|rule|Illusion Level Mod: Illusion disguises the Pok\u00e9mon's true level\n|\n|t:|1781399941\n|teamsize|p1|6\n|teamsize|p2|6\n|start\n|switch|p1a: Piloswine|Piloswine, L85, M|309/309\n|switch|p2a: Swampert|Swampert, L83, M|302/302\n|turn|1\n|inactive|Battle timer is ON: inactive players will automatically lose when time's up. (requested by baconstripsco)\n|\n|t:|1781399966\n|move|p2a: Swampert|Yawn|p1a: Piloswine\n|-start|p1a: Piloswine|move: Yawn|[of] p2a: Swampert\n|move|p1a: Piloswine|Stealth Rock|p2a: Swampert\n|-sidestart|p2: baconstripsco|move: Stealth Rock\n|\n|upkeep\n|turn|2\n|\n|t:|1781399976\n|switch|p2a: Swanna|Swanna, L89, F|278/278\n|switch|p1a: Vileplume|Vileplume, L85, M|266/266\n|\n|upkeep\n|turn|3\n|\n|t:|1781399985\n|move|p2a: Swanna|Defog|p1a: Vileplume\n|-unboost|p1a: Vileplume|evasion|1\n|-sideend|p2: baconstripsco|Stealth Rock|[from] move: Defog|[of] p2a: Swanna\n|move|p1a: Vileplume|Sleep Powder|p2a: Swanna\n|-status|p2a: Swanna|slp|[from] move: Sleep Powder\n|\n|upkeep\n|turn|4\n|\n|t:|1781399995\n|switch|p2a: Cresselia|Cresselia, L80, F|323/323\n|move|p1a: Vileplume|Sludge Bomb|p2a: Cresselia\n|-damage|p2a: Cresselia|239/323\n|-status|p2a: Cresselia|psn\n|\n|-heal|p2a: Cresselia|259/323 psn|[from] item: Leftovers\n|-damage|p2a: Cresselia|219/323 psn|[from] psn\n|upkeep\n|turn|5\n|\n|t:|1781400006\n|switch|p1a: Piloswine|Piloswine, L85, M|309/309\n|move|p2a: Cresselia|Psyshock|p1a: Piloswine\n|-damage|p1a: Piloswine|263/309\n|\n|-heal|p2a: Cresselia|239/323 psn|[from] item: Leftovers\n|-damage|p2a: Cresselia|199/323 psn|[from] psn\n|upkeep\n|turn|6\n|\n|t:|1781400016\n|switch|p2a: Swampert|Swampert, L83, M|302/302\n|move|p1a: Piloswine|Stealth Rock|p2a: Swampert\n|-sidestart|p2: baconstripsco|move: Stealth Rock\n|\n|upkeep\n|turn|7\n|\n|t:|1781400022\n|switch|p1a: Vileplume|Vileplume, L85, M|266/266\n|move|p2a: Swampert|Yawn|p1a: Vileplume\n|-start|p1a: Vileplume|move: Yawn|[of] p2a: Swampert\n|\n|upkeep\n|turn|8\n|\n|t:|1781400029\n|switch|p2a: Swanna|Swanna, L89, F|278/278 slp\n|move|p1a: Vileplume|Giga Drain|p2a: Swanna\n|-damage|p2a: Swanna|166/278 slp\n|\n|-end|p1a: Vileplume|move: Yawn|[silent]\n|-status|p1a: Vileplume|slp\n|upkeep\n|turn|9\n|\n|t:|1781400038\n|switch|p1a: Primarina|Primarina, L83, F|268/268\n|cant|p2a: Swanna|slp\n|\n|upkeep\n|turn|10\n|\n|t:|1781400044\n|cant|p2a: Swanna|slp\n|move|p1a: Primarina|Moonblast|p2a: Swanna\n|-crit|p2a: Swanna\n|-damage|p2a: Swanna|0 fnt\n|faint|p2a: Swanna\n|\n|upkeep\n|\n|t:|1781400068\n|switch|p2a: Swampert|Swampert, L83, M|302/302\n|-damage|p2a: Swampert|284/302|[from] Stealth Rock\n|turn|11\n|\n|t:|1781400080\n|move|p2a: Swampert|Stealth Rock|p1a: Primarina\n|-sidestart|p1: Rocksas|move: Stealth Rock\n|move|p1a: Primarina|Calm Mind|p1a: Primarina\n|-boost|p1a: Primarina|spa|1\n|-boost|p1a: Primarina|spd|1\n|\n|-heal|p2a: Swampert|302/302|[from] item: Leftovers\n|upkeep\n|turn|12\n|\n|t:|1781400089\n|move|p2a: Swampert|Earthquake|p1a: Primarina\n|-damage|p1a: Primarina|136/268\n|move|p1a: Primarina|Draining Kiss|p2a: Swampert\n|-damage|p2a: Swampert|199/302\n|-heal|p1a: Primarina|213/268|[from] drain|[of] p2a: Swampert\n|\n|-heal|p2a: Swampert|217/302|[from] item: Leftovers\n|-heal|p1a: Primarina|229/268|[from] item: Leftovers\n|upkeep\n|turn|13\n|\n|t:|1781400098\n|move|p2a: Swampert|Earthquake|p1a: Primarina\n|-damage|p1a: Primarina|97/268\n|move|p1a: Primarina|Draining Kiss|p2a: Swampert\n|-damage|p2a: Swampert|126/302\n|-heal|p1a: Primarina|165/268|[from] drain|[of] p2a: Swampert\n|\n|-heal|p1a: Primarina|181/268|[from] item: Leftovers\n|-heal|p2a: Swampert|144/302|[from] item: Leftovers\n|upkeep\n|turn|14\n|\n|t:|1781400108\n|switch|p2a: Scovillain|Scovillain, L91, F|266/266\n|move|p1a: Primarina|Moonblast|p2a: Scovillain\n|-resisted|p2a: Scovillain\n|-damage|p2a: Scovillain|152/266\n|-unboost|p2a: Scovillain|spa|1\n|\n|-heal|p1a: Primarina|197/268|[from] item: Leftovers\n|upkeep\n|turn|15\n|\n|t:|1781400121\n|switch|p2a: Gardevoir|Gardevoir, L83, F|249/249\n|-damage|p2a: Gardevoir|218/249|[from] Stealth Rock\n|-ability|p2a: Gardevoir|Liquid Voice|Trace|[from] ability: Trace|[of] p1a: Primarina\n|move|p1a: Primarina|Psychic Noise|p2a: Gardevoir\n|-damage|p2a: Gardevoir|104/249\n|-start|p2a: Gardevoir|move: Heal Block\n|\n|-heal|p1a: Primarina|213/268|[from] item: Leftovers\n|upkeep\n|turn|16\n|\n|t:|1781400136\n|move|p2a: Gardevoir|Trick|p1a: Primarina\n|-activate|p2a: Gardevoir|move: Trick|[of] p1a: Primarina\n|-item|p1a: Primarina|Choice Scarf|[from] move: Trick\n|-item|p2a: Gardevoir|Leftovers|[from] move: Trick\n|move|p1a: Primarina|Moonblast|p2a: Gardevoir\n|-damage|p2a: Gardevoir|0 fnt\n|faint|p2a: Gardevoir\n|\n|upkeep\n|\n|t:|1781400144\n|switch|p2a: Scovillain|Scovillain, L91, F|152/266\n|turn|17\n|\n|t:|1781400151\n|move|p1a: Primarina|Moonblast|p2a: Scovillain\n|-resisted|p2a: Scovillain\n|-damage|p2a: Scovillain|56/266\n|move|p2a: Scovillain|Energy Ball|p1a: Primarina\n|-supereffective|p1a: Primarina\n|-damage|p1a: Primarina|81/268\n|\n|upkeep\n|turn|18\n|\n|t:|1781400161\n|move|p1a: Primarina|Moonblast|p2a: Scovillain\n|-resisted|p2a: Scovillain\n|-damage|p2a: Scovillain|0 fnt\n|faint|p2a: Scovillain\n|\n|upkeep\n|\n|t:|1781400168\n|switch|p2a: Hydreigon|Hydreigon, L79, M|275/275\n|-damage|p2a: Hydreigon|241/275|[from] Stealth Rock\n|turn|19\n|\n|t:|1781400173\n|-terastallize|p2a: Hydreigon|Steel\n|move|p1a: Primarina|Moonblast|p2a: Hydreigon\n|-resisted|p2a: Hydreigon\n|-damage|p2a: Hydreigon|142/275\n|-unboost|p2a: Hydreigon|spa|1\n|move|p2a: Hydreigon|Flash Cannon|p1a: Primarina\n|-damage|p1a: Primarina|32/268\n|\n|upkeep\n|turn|20\n|-message|baconstripsco forfeited.\n|\n|win|Rocksas\n", "inputlog": ">version a8376a258c1d4662feba110a92103f3664a72141\n>start {\"formatid\":\"gen9randombattle\",\"seed\":\"sodium,2db66a3a8643c4aaf937e832b4fad9af\",\"rated\":\"Rated battle\"}\n>player p1 {\"name\":\"Rocksas\",\"avatar\":\"n\",\"rating\":1914,\"seed\":\"sodium,90722ddd8a09927f65ae5838b3d86803\"}\n>player p2 {\"name\":\"baconstripsco\",\"avatar\":\"102\",\"rating\":1926,\"seed\":\"sodium,c449aae46ec119d9d356e903f4048a15\"}\n>p1 move stealthrock\n>p2 move yawn\n>p1 switch 3\n>p2 switch 4\n>p1 move sleeppowder\n>p2 move defog\n>p1 move sludgebomb\n>p2 switch 2\n>p1 switch 3\n>p2 move psyshock\n>p1 move stealthrock\n>p2 switch 4\n>p1 switch 3\n>p2 move yawn\n>p1 move gigadrain\n>p2 switch 2\n>p1 switch 5\n>p2 move bravebird\n>p1 move moonblast\n>p2 move defog\n>p2 switch 2\n>p1 move calmmind\n>p2 move stealthrock\n>p1 move drainingkiss\n>p2 move earthquake\n>p1 move drainingkiss\n>p2 move earthquake\n>p1 move moonblast\n>p2 switch 6\n>p1 move psychicnoise\n>p2 switch 3\n>p1 move moonblast\n>p2 move trick\n>p2 switch 3\n>p1 move moonblast\n>p2 move energyball\n>p1 move moonblast\n>p2 move energyball\n>p2 switch 5\n>p1 move moonblast\n>p2 move flashcannon terastallize\n>forcelose p2", "uploadtime": 1781399944, "views": 5, "formatid": "gen9randombattle", "rating": null, "private": 0, "password": null}