{"id": "gen9randombattle-2631992456", "format": "[Gen 9] Random Battle", "players": ["jokaire", "NYCHomo"], "log": "|j|\u2606jokaire\n|j|\u2606NYCHomo\n|t:|1781463655\n|gametype|singles\n|player|p1|jokaire|clown|1947\n|player|p2|NYCHomo|101|1902\n|gen|9\n|tier|[Gen 9] Random Battle\n|rated|\n|rule|Species Clause: Limit one of each Pok\u00e9mon\n|rule|HP Percentage Mod: HP is shown in percentages\n|rule|Sleep Clause Mod: Limit one foe put to sleep\n|rule|Illusion Level Mod: Illusion disguises the Pok\u00e9mon's true level\n|\n|t:|1781463655\n|teamsize|p1|6\n|teamsize|p2|6\n|start\n|switch|p1a: Klefki|Klefki, L84, M|219/219\n|switch|p2a: Flutter Mane|Flutter Mane, L74|203/203\n|turn|1\n|inactive|Battle timer is ON: inactive players will automatically lose when time's up. (requested by NYCHomo)\n|\n|t:|1781463688\n|-end|p2a: Flutter Mane|Protosynthesis|[silent]\n|switch|p2a: Tsareena|Tsareena, L87, F|267/267\n|switch|p1a: Snorlax|Snorlax, L82, M|397/397\n|\n|upkeep\n|turn|2\n|\n|t:|1781463696\n|switch|p1a: Eternatus|Eternatus, L69|308/308\n|-ability|p1a: Eternatus|Pressure\n|move|p2a: Tsareena|High Jump Kick|p1a: Eternatus\n|-resisted|p1a: Eternatus\n|-damage|p1a: Eternatus|216/308\n|-damage|p2a: Tsareena|223/267|[from] item: Rocky Helmet|[of] p1a: Eternatus\n|\n|upkeep\n|turn|3\n|\n|t:|1781463703\n|switch|p2a: Glastrier|Glastrier, L86|311/311\n|move|p1a: Eternatus|Recover|p1a: Eternatus\n|-heal|p1a: Eternatus|308/308\n|\n|upkeep\n|turn|4\n|\n|t:|1781463710\n|switch|p1a: Klefki|Klefki, L84, M|233/233\n|move|p2a: Glastrier|High Horsepower|p1a: Klefki\n|-supereffective|p1a: Klefki\n|-damage|p1a: Klefki|0 fnt\n|faint|p1a: Klefki\n|-ability|p2a: Glastrier|Chilling Neigh|boost\n|-boost|p2a: Glastrier|atk|1\n|\n|upkeep\n|\n|t:|1781463719\n|switch|p1a: Eternatus|Eternatus, L69|219/219\n|turn|5\n|\n|t:|1781463724\n|-terastallize|p2a: Glastrier|Ground\n|move|p1a: Eternatus|Will-O-Wisp|p2a: Glastrier|[miss]\n|-miss|p1a: Eternatus|p2a: Glastrier\n|move|p2a: Glastrier|High Horsepower|p1a: Eternatus|[miss]\n|-miss|p2a: Glastrier|p1a: Eternatus\n|\n|upkeep\n|turn|6\n|\n|t:|1781463728\n|move|p1a: Eternatus|Will-O-Wisp|p2a: Glastrier|[miss]\n|-miss|p1a: Eternatus|p2a: Glastrier\n|move|p2a: Glastrier|High Horsepower|p1a: Eternatus\n|-damage|p1a: Eternatus|0 fnt\n|replace|p1a: Zoroark|Zoroark-Hisui, L80, M\n|-end|p1a: Zoroark|Illusion\n|-hint|Illusion Level Mod is active, so this Pok\u00e9mon's true level was hidden.\n|faint|p1a: Zoroark\n|-ability|p2a: Glastrier|Chilling Neigh|boost\n|-boost|p2a: Glastrier|atk|1\n|\n|upkeep\n|\n|t:|1781463738\n|switch|p1a: Latios|Latios, L78, M|253/253\n|turn|7\n|\n|t:|1781463747\n|switch|p2a: Jumpluff|Jumpluff, L87, M|271/271\n|move|p1a: Latios|Draco Meteor|p2a: Jumpluff\n|-damage|p2a: Jumpluff|109/271\n|-unboost|p1a: Latios|spa|2\n|\n|upkeep\n|turn|8\n|\n|t:|1781463753\n|switch|p1a: Eternatus|Eternatus, L69|308/308\n|-ability|p1a: Eternatus|Pressure\n|move|p2a: Jumpluff|Strength Sap|p1a: Eternatus\n|-unboost|p1a: Eternatus|atk|1\n|-heal|p2a: Jumpluff|231/271\n|\n|upkeep\n|turn|9\n|\n|t:|1781463756\n|move|p2a: Jumpluff|Sleep Powder|p1a: Eternatus\n|-status|p1a: Eternatus|slp|[from] move: Sleep Powder\n|cant|p1a: Eternatus|slp\n|\n|upkeep\n|turn|10\n|\n|t:|1781463762\n|switch|p2a: Ditto|Ditto, L87|225/225\n|-transform|p2a: Ditto|p1a: Eternatus|[from] ability: Imposter\n|-ability|p2a: Ditto|Pressure\n|switch|p1a: Cloyster|Cloyster, L80, F|211/211\n|\n|upkeep\n|turn|11\n|\n|t:|1781463769\n|move|p2a: Ditto|Dynamax Cannon|p1a: Cloyster\n|-damage|p1a: Cloyster|0 fnt\n|faint|p1a: Cloyster\n|\n|upkeep\n|-message|jokaire forfeited.\n|\n|win|NYCHomo\n", "inputlog": ">version a8376a258c1d4662feba110a92103f3664a72141\n>start {\"formatid\":\"gen9randombattle\",\"seed\":\"sodium,bfc3e19e8265a62d18f949683eb91ae8\",\"rated\":\"Rated battle\"}\n>player p1 {\"name\":\"jokaire\",\"avatar\":\"clown\",\"rating\":1947,\"seed\":\"sodium,c97aa59eeb141b2938c7c42e98cdf192\"}\n>player p2 {\"name\":\"NYCHomo\",\"avatar\":\"101\",\"rating\":1902,\"seed\":\"sodium,61bee627e54c1c2ba7d78db57091c5fc\"}\n>p1 switch 3\n>p2 switch 5\n>p1 switch 5\n>p2 move highjumpkick\n>p1 move recover\n>p2 switch 6\n>p1 switch 6\n>p2 move highhorsepower\n>p1 switch 3\n>p1 move willowisp\n>p2 move highhorsepower terastallize\n>p1 move willowisp\n>p2 move highhorsepower\n>p1 switch 4\n>p1 move dracometeor\n>p2 switch 3\n>p1 switch 6\n>p2 move strengthsap\n>p1 move sludgebomb\n>p2 move sleeppowder\n>p1 switch 2\n>p2 switch 4\n>p1 move shellsmash\n>p2 move dynamaxcannon\n>forcelose p1", "uploadtime": 1781463657, "views": 8, "formatid": "gen9randombattle", "rating": null, "private": 0, "password": null}