{"id": "gen9randombattle-2631520437", "format": "[Gen 9] Random Battle", "players": ["nitro crate", "vazquez 2.0"], "log": "|j|\u2606nitro crate\n|j|\u2606vazquez 2.0\n|t:|1781395866\n|gametype|singles\n|player|p1|nitro crate|1|2008\n|player|p2|vazquez 2.0|n-masters|2060\n|gen|9\n|tier|[Gen 9] Random Battle\n|rated|\n|rule|Species Clause: Limit one of each Pok\u00e9mon\n|rule|HP Percentage Mod: HP is shown in percentages\n|rule|Sleep Clause Mod: Limit one foe put to sleep\n|rule|Illusion Level Mod: Illusion disguises the Pok\u00e9mon's true level\n|\n|t:|1781395866\n|teamsize|p1|6\n|teamsize|p2|6\n|start\n|switch|p1a: Arbok|Arbok, L87, F|246/246\n|switch|p2a: Cinderace|Cinderace, L77, M|250/250\n|-ability|p1a: Arbok|Intimidate|boost\n|-unboost|p2a: Cinderace|atk|1\n|turn|1\n|inactive|Battle timer is ON: inactive players will automatically lose when time's up. (requested by nitro crate)\n|\n|t:|1781395877\n|move|p2a: Cinderace|Will-O-Wisp|p1a: Arbok\n|-status|p1a: Arbok|brn\n|move|p1a: Arbok|Coil|p1a: Arbok\n|-boost|p1a: Arbok|atk|1\n|-boost|p1a: Arbok|def|1\n|-boost|p1a: Arbok|accuracy|1\n|\n|-damage|p1a: Arbok|231/246 brn|[from] brn\n|upkeep\n|turn|2\n|\n|t:|1781395880\n|move|p2a: Cinderace|U-turn|p1a: Arbok\n|-start|p2a: Cinderace|typechange|Bug|[from] ability: Libero\n|-resisted|p1a: Arbok\n|-damage|p1a: Arbok|212/246 brn\n|\n|t:|1781395888\n|switch|p2a: Garchomp|Garchomp, L74, M|282/282|[from] U-turn\n|move|p1a: Arbok|Coil|p1a: Arbok\n|-boost|p1a: Arbok|atk|1\n|-boost|p1a: Arbok|def|1\n|-boost|p1a: Arbok|accuracy|1\n|\n|-heal|p1a: Arbok|227/246 brn|[from] item: Leftovers\n|-damage|p1a: Arbok|212/246 brn|[from] brn\n|upkeep\n|turn|3\n|\n|t:|1781395896\n|move|p2a: Garchomp|Spikes|p1a: Arbok\n|-sidestart|p1: nitro crate|Spikes\n|move|p1a: Arbok|Coil|p1a: Arbok\n|-boost|p1a: Arbok|atk|1\n|-boost|p1a: Arbok|def|1\n|-boost|p1a: Arbok|accuracy|1\n|\n|-heal|p1a: Arbok|227/246 brn|[from] item: Leftovers\n|-damage|p1a: Arbok|212/246 brn|[from] brn\n|upkeep\n|turn|4\n|\n|t:|1781395898\n|move|p2a: Garchomp|Earthquake|p1a: Arbok\n|-supereffective|p1a: Arbok\n|-damage|p1a: Arbok|122/246 brn\n|move|p1a: Arbok|Coil|p1a: Arbok\n|-boost|p1a: Arbok|atk|1\n|-boost|p1a: Arbok|def|1\n|-boost|p1a: Arbok|accuracy|1\n|\n|-heal|p1a: Arbok|137/246 brn|[from] item: Leftovers\n|-damage|p1a: Arbok|122/246 brn|[from] brn\n|upkeep\n|turn|5\n|\n|t:|1781395906\n|move|p2a: Garchomp|Earthquake|p1a: Arbok\n|-supereffective|p1a: Arbok\n|-damage|p1a: Arbok|42/246 brn\n|move|p1a: Arbok|Earthquake|p2a: Garchomp\n|-damage|p2a: Garchomp|169/282\n|\n|-heal|p1a: Arbok|57/246 brn|[from] item: Leftovers\n|-damage|p1a: Arbok|42/246 brn|[from] brn\n|upkeep\n|turn|6\n|\n|t:|1781395909\n|move|p1a: Arbok|Sucker Punch|p2a: Garchomp\n|-crit|p2a: Garchomp\n|-damage|p2a: Garchomp|39/282\n|-damage|p1a: Arbok|12/246 brn|[from] ability: Rough Skin|[of] p2a: Garchomp\n|-damage|p1a: Arbok|0 fnt|[from] item: Rocky Helmet|[of] p2a: Garchomp\n|faint|p1a: Arbok\n|move|p2a: Garchomp|Earthquake|p1: Arbok|[notarget]\n|-fail|p2a: Garchomp\n|\n|upkeep\n|\n|t:|1781395913\n|switch|p1a: Scyther|Scyther, L82, M|249/249\n|turn|7\n|\n|t:|1781395917\n|switch|p2a: Cinderace|Cinderace, L77, M|250/250\n|move|p1a: Scyther|Defog|p2a: Cinderace\n|-unboost|p2a: Cinderace|evasion|1\n|-sideend|p1: nitro crate|Spikes|[from] move: Defog|[of] p1a: Scyther\n|\n|upkeep\n|turn|8\n|\n|t:|1781395934\n|switch|p1a: Probopass|Probopass, L91, M|257/257\n|move|p2a: Cinderace|Will-O-Wisp|p1a: Probopass\n|-status|p1a: Probopass|brn\n|\n|-damage|p1a: Probopass|241/257 brn|[from] brn\n|upkeep\n|turn|9\n|\n|t:|1781395941\n|switch|p1a: Granbull|Granbull, L88, F|302/302\n|-ability|p1a: Granbull|Intimidate|boost\n|-unboost|p2a: Cinderace|atk|1\n|move|p2a: Cinderace|U-turn|p1a: Granbull\n|-start|p2a: Cinderace|typechange|Bug|[from] ability: Libero\n|-resisted|p1a: Granbull\n|-crit|p1a: Granbull\n|-damage|p1a: Granbull|242/302\n|\n|t:|1781395957\n|switch|p2a: Banette|Banette, L93, M|270/270|[from] U-turn\n|\n|-heal|p1a: Granbull|260/302|[from] item: Leftovers\n|upkeep\n|turn|10\n|\n|t:|1781395963\n|move|p2a: Banette|Poltergeist|p1a: Granbull\n|-activate|p1a: Granbull|move: Poltergeist|Leftovers\n|-damage|p1a: Granbull|26/302\n|-damage|p2a: Banette|243/270|[from] item: Life Orb\n|move|p1a: Granbull|Thunder Wave|p2a: Banette\n|-status|p2a: Banette|par\n|\n|-heal|p1a: Granbull|44/302|[from] item: Leftovers\n|upkeep\n|turn|11\n|\n|t:|1781395969\n|switch|p1a: Probopass|Probopass, L91, M|241/257 brn\n|move|p2a: Banette|Shadow Sneak|p1a: Probopass\n|-damage|p1a: Probopass|194/257 brn\n|-damage|p2a: Banette|216/270 par|[from] item: Life Orb\n|\n|-damage|p1a: Probopass|178/257 brn|[from] brn\n|upkeep\n|turn|12\n|\n|t:|1781395975\n|switch|p2a: Garchomp|Garchomp, L74, M|39/282\n|move|p1a: Probopass|Power Gem|p2a: Garchomp\n|-resisted|p2a: Garchomp\n|-damage|p2a: Garchomp|0 fnt\n|faint|p2a: Garchomp\n|\n|-damage|p1a: Probopass|162/257 brn|[from] brn\n|upkeep\n|\n|t:|1781395982\n|switch|p2a: Archaludon|Archaludon, L78, F|268/268\n|turn|13\n|\n|t:|1781395996\n|move|p2a: Archaludon|Swords Dance|p2a: Archaludon\n|-boost|p2a: Archaludon|atk|2\n|move|p1a: Probopass|Rest|p1a: Probopass\n|-status|p1a: Probopass|slp|[from] move: Rest\n|-heal|p1a: Probopass|257/257 slp|[silent]\n|-enditem|p1a: Probopass|Chesto Berry|[eat]\n|-curestatus|p1a: Probopass|slp|[msg]\n|\n|upkeep\n|turn|14\n|\n|t:|1781396000\n|move|p2a: Archaludon|Earthquake|p1a: Probopass\n|-supereffective|p1a: Probopass\n|-damage|p1a: Probopass|0 fnt\n|faint|p1a: Probopass\n|\n|upkeep\n|\n|t:|1781396012\n|switch|p1a: Carbink|Carbink, L90|236/236\n|turn|15\n|\n|t:|1781396015\n|-terastallize|p1a: Carbink|Fighting\n|move|p2a: Archaludon|Iron Head|p1a: Carbink\n|-damage|p1a: Carbink|137/236\n|cant|p1a: Carbink|flinch\n|\n|upkeep\n|turn|16\n|\n|t:|1781396026\n|move|p2a: Archaludon|Outrage|p1a: Carbink\n|-damage|p1a: Carbink|0 fnt\n|faint|p1a: Carbink\n|\n|upkeep\n|-message|nitro crate forfeited.\n|\n|win|vazquez 2.0\n", "inputlog": ">version a8376a258c1d4662feba110a92103f3664a72141\n>start {\"formatid\":\"gen9randombattle\",\"seed\":\"sodium,9153d6b8a06a8743b791e6d892ef8715\",\"rated\":\"Rated battle\"}\n>player p1 {\"name\":\"nitro crate\",\"avatar\":\"1\",\"rating\":2008,\"seed\":\"sodium,048c3c791fe73b4c7b824d2c7583d8d1\"}\n>player p2 {\"name\":\"vazquez 2.0\",\"avatar\":\"n-masters\",\"rating\":2060,\"seed\":\"sodium,cdd1ea17d44ef698ca8891394f3a2e5a\"}\n>p1 move coil\n>p2 move willowisp\n>p1 move coil\n>p2 move uturn\n>p2 switch 4\n>p1 move coil\n>p2 move spikes\n>p1 move coil\n>p2 move earthquake\n>p1 move earthquake\n>p2 move earthquake\n>p1 move suckerpunch\n>p2 move earthquake\n>p1 switch 2\n>p1 move defog\n>p2 switch 4\n>p1 switch 3\n>p2 move willowisp\n>p1 switch 5\n>p2 move uturn\n>p2 switch 6\n>p1 move thunderwave\n>p2 move poltergeist\n>p1 switch 5\n>p2 move shadowsneak\n>p1 move powergem\n>p2 switch 4\n>p2 switch 5\n>p1 move rest\n>p2 move swordsdance\n>p1 move irondefense\n>p2 move earthquake\n>p1 switch 4\n>p1 move irondefense terastallize\n>p2 move ironhead\n>p1 move rest\n>p2 move outrage\n>forcelose p1", "uploadtime": 1781395868, "views": 5, "formatid": "gen9randombattle", "rating": null, "private": 0, "password": null}