{"id": "gen9randombattle-2631528333", "format": "[Gen 9] Random Battle", "players": ["lkj47", "Kill Potential"], "log": "|j|\u2606lkj47\n|j|\u2606Kill Potential\n|t:|1781396970\n|gametype|singles\n|player|p1|lkj47|hilbert|1931\n|player|p2|Kill Potential|mars|1918\n|gen|9\n|tier|[Gen 9] Random Battle\n|rated|\n|rule|Species Clause: Limit one of each Pok\u00e9mon\n|rule|HP Percentage Mod: HP is shown in percentages\n|rule|Sleep Clause Mod: Limit one foe put to sleep\n|rule|Illusion Level Mod: Illusion disguises the Pok\u00e9mon's true level\n|\n|t:|1781396970\n|teamsize|p1|6\n|teamsize|p2|6\n|start\n|switch|p1a: Forretress|Forretress, L84, F|263/263\n|switch|p2a: Toxapex|Toxapex, L82, F|216/216\n|turn|1\n|inactive|Battle timer is ON: inactive players will automatically lose when time's up. (requested by Kill Potential)\n|\n|t:|1781396987\n|switch|p2a: Dialga|Dialga, L73|266/266\n|-ability|p2a: Dialga|Pressure\n|move|p1a: Forretress|Stealth Rock|p2a: Dialga\n|-sidestart|p2: Kill Potential|move: Stealth Rock\n|\n|upkeep\n|turn|2\n|\n|t:|1781396994\n|move|p2a: Dialga|Fire Blast|p1a: Forretress\n|-supereffective|p1a: Forretress\n|-ability|p1a: Forretress|Sturdy\n|-damage|p1a: Forretress|1/263\n|move|p1a: Forretress|Thunder Wave|p2a: Dialga\n|-status|p2a: Dialga|par\n|\n|-heal|p1a: Forretress|17/263|[from] item: Leftovers\n|upkeep\n|turn|3\n|\n|t:|1781397003\n|switch|p1a: Klawf|Klawf, L90, M|272/272\n|move|p2a: Dialga|Heavy Slam|p1a: Klawf\n|-supereffective|p1a: Klawf\n|-damage|p1a: Klawf|98/272\n|\n|upkeep\n|turn|4\n|\n|t:|1781397018\n|move|p1a: Klawf|High Horsepower|p2a: Dialga\n|-supereffective|p2a: Dialga\n|-damage|p2a: Dialga|42/266 par\n|move|p2a: Dialga|Heavy Slam|p1a: Klawf\n|-supereffective|p1a: Klawf\n|-damage|p1a: Klawf|0 fnt\n|faint|p1a: Klawf\n|\n|upkeep\n|\n|t:|1781397026\n|switch|p1a: Crawdaunt|Crawdaunt, L84, M|243/243\n|turn|5\n|\n|t:|1781397030\n|move|p1a: Crawdaunt|Knock Off|p2a: Dialga\n|-damage|p2a: Dialga|0 fnt\n|-enditem|p2a: Dialga|Assault Vest|[from] move: Knock Off|[of] p1a: Crawdaunt\n|faint|p2a: Dialga\n|-damage|p1a: Crawdaunt|219/243|[from] item: Life Orb\n|\n|upkeep\n|\n|t:|1781397039\n|switch|p2a: Okidogi|Okidogi, L77, M|262/262\n|-damage|p2a: Okidogi|246/262|[from] Stealth Rock\n|turn|6\n|\n|t:|1781397046\n|switch|p1a: Raichu|Raichu, L88, F|249/249\n|move|p2a: Okidogi|Drain Punch|p1a: Raichu\n|-damage|p1a: Raichu|137/249\n|-heal|p2a: Okidogi|262/262|[from] drain|[of] p1a: Raichu\n|\n|upkeep\n|turn|7\n|\n|t:|1781397059\n|move|p1a: Raichu|Thunderbolt|p2a: Okidogi\n|-damage|p2a: Okidogi|159/262\n|-damage|p1a: Raichu|113/249|[from] item: Life Orb\n|move|p2a: Okidogi|Drain Punch|p1a: Raichu\n|-damage|p1a: Raichu|8/249\n|-heal|p2a: Okidogi|212/262|[from] drain|[of] p1a: Raichu\n|\n|upkeep\n|turn|8\n|\n|t:|1781397065\n|switch|p2a: Piloswine|Piloswine, L85, M|309/309\n|-damage|p2a: Piloswine|271/309|[from] Stealth Rock\n|move|p1a: Raichu|Thunderbolt|p2a: Piloswine\n|-immune|p2a: Piloswine\n|\n|upkeep\n|turn|9\n|\n|t:|1781397069\n|switch|p1a: Ogerpon|Ogerpon-Wellspring, L76, F|247/247\n|move|p2a: Piloswine|Stealth Rock|p1a: Ogerpon\n|-sidestart|p1: lkj47|move: Stealth Rock\n|\n|upkeep\n|turn|10\n|\n|t:|1781397075\n|move|p1a: Ogerpon|Ivy Cudgel|p2a: Piloswine|[anim] Ivy Cudgel Water\n|-supereffective|p2a: Piloswine\n|-damage|p2a: Piloswine|95/309\n|move|p2a: Piloswine|Roar|p1a: Ogerpon\n|drag|p1a: Forretress|Forretress, L84, F|17/263\n|-damage|p1a: Forretress|0 fnt|[from] Stealth Rock\n|faint|p1a: Forretress\n|\n|upkeep\n|\n|t:|1781397080\n|switch|p1a: Ogerpon|Ogerpon-Wellspring, L76, F|247/247\n|-damage|p1a: Ogerpon|217/247|[from] Stealth Rock\n|turn|11\n|\n|t:|1781397087\n|move|p1a: Ogerpon|Wood Hammer|p2a: Piloswine\n|-supereffective|p2a: Piloswine\n|-damage|p2a: Piloswine|0 fnt\n|faint|p2a: Piloswine\n|-damage|p1a: Ogerpon|186/247|[from] Recoil\n|\n|upkeep\n|\n|t:|1781397098\n|switch|p2a: Dodrio|Dodrio, L85, M|241/241\n|turn|12\n|\n|t:|1781397104\n|switch|p1a: Raichu|Raichu, L88, F|8/249\n|-damage|p1a: Raichu|0 fnt|[from] Stealth Rock\n|faint|p1a: Raichu\n|move|p2a: Dodrio|Swords Dance|p2a: Dodrio\n|-boost|p2a: Dodrio|atk|2\n|\n|upkeep\n|\n|t:|1781397111\n|switch|p1a: Tropius|Tropius, L91, F|328/328\n|-damage|p1a: Tropius|246/328|[from] Stealth Rock\n|turn|13\n|c|\u2606Kill Potential|dont care steel\n|\n|t:|1781397123\n|-terastallize|p2a: Dodrio|Flying\n|-terastallize|p1a: Tropius|Ground\n|move|p2a: Dodrio|Brave Bird|p1a: Tropius\n|-damage|p1a: Tropius|0 fnt\n|faint|p1a: Tropius\n|-damage|p2a: Dodrio|160/241|[from] Recoil\n|\n|upkeep\n|-message|lkj47 forfeited.\n|\n|win|Kill Potential\n", "inputlog": ">version a8376a258c1d4662feba110a92103f3664a72141\n>start {\"formatid\":\"gen9randombattle\",\"seed\":\"sodium,6828ec9d81e226132c437fa037ba9cc8\",\"rated\":\"Rated battle\"}\n>player p1 {\"name\":\"lkj47\",\"avatar\":\"hilbert\",\"rating\":1931,\"seed\":\"sodium,13283810cef52b52fc643bcfa00f0c4e\"}\n>player p2 {\"name\":\"Kill Potential\",\"avatar\":\"mars\",\"rating\":1918,\"seed\":\"sodium,870a8743c75780faa45b9a346adea2ad\"}\n>p1 move stealthrock\n>p2 switch 2\n>p1 move thunderwave\n>p2 move fireblast\n>p1 switch 5\n>p2 move heavyslam\n>p1 move highhorsepower\n>p2 move heavyslam\n>p1 switch 6\n>p1 move knockoff\n>p2 move dracometeor\n>p2 switch 5\n>p1 switch 3\n>p2 move drainpunch\n>p1 move thunderbolt\n>p2 move drainpunch\n>p1 move thunderbolt\n>p2 switch 6\n>p1 switch 4\n>p2 move stealthrock\n>p1 move ivycudgel\n>p2 move roar\n>p1 switch 5\n>p1 move woodhammer\n>p2 move roar\n>p2 switch 4\n>p1 switch 4\n>p2 move swordsdance\n>p1 switch 2\n>chat \u2606Kill Potential|dont care steel\n>p1 move dragondance terastallize\n>p2 move bravebird terastallize\n>forcelose p1", "uploadtime": 1781396972, "views": 5, "formatid": "gen9randombattle", "rating": null, "private": 0, "password": null}