{"id": "gen9randombattle-2631873860", "format": "[Gen 9] Random Battle", "players": ["PlizComeToBrazil", "KlausUnbound"], "log": "|j|\u2606PlizComeToBrazil\n|j|\u2606KlausUnbound\n|t:|1781450677\n|gametype|singles\n|player|p1|PlizComeToBrazil|102|2188\n|player|p2|KlausUnbound|heroine2-conquest|2281\n|gen|9\n|tier|[Gen 9] Random Battle\n|rated|\n|rule|Species Clause: Limit one of each Pok\u00e9mon\n|rule|HP Percentage Mod: HP is shown in percentages\n|rule|Sleep Clause Mod: Limit one foe put to sleep\n|rule|Illusion Level Mod: Illusion disguises the Pok\u00e9mon's true level\n|\n|t:|1781450677\n|teamsize|p1|6\n|teamsize|p2|6\n|start\n|switch|p1a: Lunala|Lunala, L70|308/308\n|switch|p2a: Meowscarada|Meowscarada, L78, F|247/247\n|turn|1\n|inactive|Battle timer is ON: inactive players will automatically lose when time's up. (requested by KlausUnbound)\n|\n|t:|1781450689\n|switch|p1a: Skuntank|Skuntank, L84, M|310/310\n|move|p2a: Meowscarada|Knock Off|p1a: Skuntank\n|-start|p2a: Meowscarada|typechange|Dark|[from] ability: Protean\n|-resisted|p1a: Skuntank\n|-damage|p1a: Skuntank|224/310\n|-enditem|p1a: Skuntank|Assault Vest|[from] move: Knock Off|[of] p2a: Meowscarada\n|\n|upkeep\n|turn|2\n|\n|t:|1781450703\n|switch|p2a: Emboar|Emboar, L84, M|322/322\n|move|p1a: Skuntank|Knock Off|p2a: Emboar\n|-resisted|p2a: Emboar\n|-damage|p2a: Emboar|256/322\n|-enditem|p2a: Emboar|Assault Vest|[from] move: Knock Off|[of] p1a: Skuntank\n|\n|upkeep\n|turn|3\n|\n|t:|1781450713\n|switch|p1a: Skeledirge|Skeledirge, L79, F|294/294\n|move|p2a: Emboar|Flare Blitz|p1a: Skeledirge\n|-resisted|p1a: Skeledirge\n|-damage|p1a: Skeledirge|210/294\n|-damage|p2a: Emboar|228/322|[from] Recoil\n|\n|upkeep\n|turn|4\n|\n|t:|1781450729\n|switch|p2a: Drednaw|Drednaw, L81, M|278/278\n|move|p1a: Skeledirge|Torch Song|p2a: Drednaw\n|-resisted|p2a: Drednaw\n|-damage|p2a: Drednaw|254/278\n|-boost|p1a: Skeledirge|spa|1\n|\n|upkeep\n|turn|5\n|\n|t:|1781450740\n|switch|p1a: Illumise|Illumise, L91, F|266/266\n|move|p2a: Drednaw|Stone Edge|p1a: Illumise\n|-supereffective|p1a: Illumise\n|-damage|p1a: Illumise|20/266\n|\n|upkeep\n|turn|6\n|\n|t:|1781450749\n|-terastallize|p1a: Illumise|Steel\n|move|p1a: Illumise|Roost|p1a: Illumise\n|-heal|p1a: Illumise|153/266\n|move|p2a: Drednaw|Stone Edge|p1a: Illumise\n|-resisted|p1a: Illumise\n|-damage|p1a: Illumise|90/266\n|\n|upkeep\n|turn|7\n|\n|t:|1781450758\n|-terastallize|p2a: Drednaw|Dark\n|move|p1a: Illumise|Roost|p1a: Illumise\n|-heal|p1a: Illumise|223/266\n|move|p2a: Drednaw|Shell Smash|p2a: Drednaw\n|-unboost|p2a: Drednaw|def|1\n|-unboost|p2a: Drednaw|spd|1\n|-boost|p2a: Drednaw|atk|2\n|-boost|p2a: Drednaw|spa|2\n|-boost|p2a: Drednaw|spe|2\n|-enditem|p2a: Drednaw|White Herb\n|-clearnegativeboost|p2a: Drednaw|[silent]\n|\n|upkeep\n|turn|8\n|\n|t:|1781450770\n|switch|p1a: Overqwil|Overqwil, L82, M|274/274\n|-ability|p1a: Overqwil|Intimidate|boost\n|-unboost|p2a: Drednaw|atk|1\n|move|p2a: Drednaw|Crunch|p1a: Overqwil\n|-resisted|p1a: Overqwil\n|-damage|p1a: Overqwil|175/274\n|\n|upkeep\n|turn|9\n|\n|t:|1781450791\n|switch|p1a: Illumise|Illumise, L91, F, tera:Steel|223/266\n|move|p2a: Drednaw|Liquidation|p1a: Illumise\n|-damage|p1a: Illumise|60/266\n|\n|upkeep\n|turn|10\n|\n|t:|1781450797\n|switch|p1a: Overqwil|Overqwil, L82, M|175/274\n|-ability|p1a: Overqwil|Intimidate|boost\n|-unboost|p2a: Drednaw|atk|1\n|move|p2a: Drednaw|Shell Smash|p2a: Drednaw\n|-unboost|p2a: Drednaw|def|1\n|-unboost|p2a: Drednaw|spd|1\n|-boost|p2a: Drednaw|atk|2\n|-boost|p2a: Drednaw|spa|2\n|-boost|p2a: Drednaw|spe|2\n|\n|upkeep\n|turn|11\n|\n|t:|1781450812\n|move|p2a: Drednaw|Liquidation|p1a: Overqwil\n|-damage|p1a: Overqwil|1/274\n|-unboost|p1a: Overqwil|def|1\n|move|p1a: Overqwil|Gunk Shot|p2a: Drednaw|[miss]\n|-miss|p1a: Overqwil|p2a: Drednaw\n|\n|upkeep\n|turn|12\n|\n|t:|1781450822\n|move|p2a: Drednaw|Crunch|p1a: Overqwil\n|-resisted|p1a: Overqwil\n|-damage|p1a: Overqwil|0 fnt\n|faint|p1a: Overqwil\n|\n|upkeep\n|\n|t:|1781450844\n|switch|p1a: Lapras|Lapras, L87, F|367/367\n|turn|13\n|\n|t:|1781450852\n|move|p2a: Drednaw|Stone Edge|p1a: Lapras\n|-supereffective|p1a: Lapras\n|-damage|p1a: Lapras|0 fnt\n|faint|p1a: Lapras\n|\n|upkeep\n|c|\u2606KlausUnbound|gg\n|-message|PlizComeToBrazil forfeited.\n|\n|win|KlausUnbound\n", "inputlog": ">version a8376a258c1d4662feba110a92103f3664a72141\n>start {\"formatid\":\"gen9randombattle\",\"seed\":\"sodium,9f99c6f23e54e6cc47af52e59d909c9e\",\"rated\":\"Rated battle\"}\n>player p1 {\"name\":\"PlizComeToBrazil\",\"avatar\":\"102\",\"rating\":2188,\"seed\":\"sodium,04cebcf6f2cc9f5a938296d4bad2fe8e\"}\n>player p2 {\"name\":\"KlausUnbound\",\"avatar\":\"heroine2-conquest\",\"rating\":2281,\"seed\":\"sodium,0628eb3dfe5c0a90895b94e4583f0510\"}\n>p1 switch 5\n>p2 move knockoff\n>p1 move knockoff\n>p2 switch 5\n>p1 switch 2\n>p2 move flareblitz\n>p1 move torchsong\n>p2 switch 2\n>p1 switch 3\n>p2 move stoneedge\n>p1 move roost terastallize\n>p2 move stoneedge\n>p1 move roost\n>p2 move shellsmash terastallize\n>p1 switch 6\n>p2 move crunch\n>p1 switch 6\n>p2 move liquidation\n>p1 switch 6\n>p2 move shellsmash\n>p1 move gunkshot\n>p2 move liquidation\n>p1 move gunkshot\n>p2 move crunch\n>p1 switch 4\n>p1 move earthquake\n>p2 move stoneedge\n>chat \u2606KlausUnbound|gg\n>forcelose p1", "uploadtime": 1781450681, "views": 4, "formatid": "gen9randombattle", "rating": null, "private": 0, "password": null}