{"id": "gen9randombattle-2631564345", "format": "[Gen 9] Random Battle", "players": ["gatonet_gnr", "Mitchel531"], "log": "|j|\u2606gatonet_gnr\n|j|\u2606Mitchel531\n|t:|1781401961\n|gametype|singles\n|player|p1|gatonet_gnr|jacinthe|2037\n|player|p2|Mitchel531|169|2078\n|gen|9\n|tier|[Gen 9] Random Battle\n|rated|\n|rule|Species Clause: Limit one of each Pok\u00e9mon\n|rule|HP Percentage Mod: HP is shown in percentages\n|rule|Sleep Clause Mod: Limit one foe put to sleep\n|rule|Illusion Level Mod: Illusion disguises the Pok\u00e9mon's true level\n|\n|t:|1781401961\n|teamsize|p1|6\n|teamsize|p2|6\n|start\n|switch|p1a: Regirock|Regirock, L83|268/268\n|switch|p2a: Annihilape|Annihilape, L76, F|292/292\n|turn|1\n|\n|t:|1781401973\n|switch|p1a: Pelipper|Pelipper, L86, M|243/243\n|-weather|RainDance|[from] ability: Drizzle|[of] p1a: Pelipper\n|move|p2a: Annihilape|Bulk Up|p2a: Annihilape\n|-boost|p2a: Annihilape|atk|1\n|-boost|p2a: Annihilape|def|1\n|\n|-weather|RainDance|[upkeep]\n|upkeep\n|turn|2\n|inactive|Battle timer is ON: inactive players will automatically lose when time's up. (requested by gatonet_gnr)\n|\n|t:|1781402018\n|-terastallize|p2a: Annihilape|Ghost\n|move|p2a: Annihilape|Rage Fist|p1a: Pelipper\n|-damage|p1a: Pelipper|133/243\n|move|p1a: Pelipper|Weather Ball|p2a: Annihilape\n|-damage|p2a: Annihilape|13/292\n|\n|-weather|RainDance|[upkeep]\n|upkeep\n|turn|3\n|\n|t:|1781402034\n|switch|p1a: Landorus|Landorus-Therian, L76, M|260/260\n|-ability|p1a: Landorus|Intimidate|boost\n|-unboost|p2a: Annihilape|atk|1\n|-ability|p2a: Annihilape|Defiant|boost\n|-boost|p2a: Annihilape|atk|2\n|move|p2a: Annihilape|Rest|p2a: Annihilape\n|-status|p2a: Annihilape|slp|[from] move: Rest\n|-heal|p2a: Annihilape|292/292 slp|[silent]\n|-enditem|p2a: Annihilape|Chesto Berry|[eat]\n|-curestatus|p2a: Annihilape|slp|[msg]\n|\n|-weather|RainDance|[upkeep]\n|upkeep\n|turn|4\n|\n|t:|1781402045\n|move|p1a: Landorus|Taunt|p2a: Annihilape\n|-start|p2a: Annihilape|move: Taunt\n|move|p2a: Annihilape|Rage Fist|p1a: Landorus\n|-crit|p1a: Landorus\n|-damage|p1a: Landorus|0 fnt\n|faint|p1a: Landorus\n|\n|-weather|RainDance|[upkeep]\n|upkeep\n|inactive|gatonet_gnr has 120 seconds left.\n|\n|t:|1781402094\n|switch|p1a: Azelf|Azelf, L82|257/257\n|turn|5\n|\n|t:|1781402102\n|move|p1a: Azelf|Psychic|p2a: Annihilape\n|-damage|p2a: Annihilape|169/292\n|move|p2a: Annihilape|Rage Fist|p1a: Azelf\n|-supereffective|p1a: Azelf\n|-damage|p1a: Azelf|0 fnt\n|faint|p1a: Azelf\n|\n|-weather|none\n|upkeep\n|\n|t:|1781402109\n|switch|p1a: Regirock|Regirock, L83|268/268\n|turn|6\n|\n|t:|1781402114\n|-terastallize|p1a: Regirock|Fighting\n|move|p2a: Annihilape|Drain Punch|p1a: Regirock\n|-damage|p1a: Regirock|186/268\n|-heal|p2a: Annihilape|210/292|[from] drain|[of] p1a: Regirock\n|move|p1a: Regirock|Iron Defense|p1a: Regirock\n|-boost|p1a: Regirock|def|2\n|\n|-end|p2a: Annihilape|move: Taunt\n|upkeep\n|turn|7\n|\n|t:|1781402121\n|move|p2a: Annihilape|Rage Fist|p1a: Regirock\n|-damage|p1a: Regirock|76/268\n|move|p1a: Regirock|Iron Defense|p1a: Regirock\n|-boost|p1a: Regirock|def|2\n|\n|upkeep\n|turn|8\n|\n|t:|1781402134\n|move|p2a: Annihilape|Bulk Up|p2a: Annihilape\n|-boost|p2a: Annihilape|atk|1\n|-boost|p2a: Annihilape|def|1\n|move|p1a: Regirock|Rest|p1a: Regirock\n|-status|p1a: Regirock|slp|[from] move: Rest\n|-heal|p1a: Regirock|268/268 slp|[silent]\n|-enditem|p1a: Regirock|Chesto Berry|[eat]\n|-curestatus|p1a: Regirock|slp|[msg]\n|\n|upkeep\n|turn|9\n|\n|t:|1781402144\n|move|p2a: Annihilape|Bulk Up|p2a: Annihilape\n|-boost|p2a: Annihilape|atk|1\n|-boost|p2a: Annihilape|def|1\n|move|p1a: Regirock|Iron Defense|p1a: Regirock\n|-boost|p1a: Regirock|def|2\n|\n|upkeep\n|turn|10\n|\n|t:|1781402149\n|move|p2a: Annihilape|Bulk Up|p2a: Annihilape\n|-boost|p2a: Annihilape|atk|1\n|-boost|p2a: Annihilape|def|1\n|move|p1a: Regirock|Stone Edge|p2a: Annihilape|[miss]\n|-miss|p1a: Regirock|p2a: Annihilape\n|\n|upkeep\n|turn|11\n|c|\u2606gatonet_gnr|gg\n|\n|t:|1781402155\n|move|p2a: Annihilape|Bulk Up|p2a: Annihilape\n|-boost|p2a: Annihilape|atk|1\n|-boost|p2a: Annihilape|def|1\n|move|p1a: Regirock|Stone Edge|p2a: Annihilape\n|-damage|p2a: Annihilape|171/292\n|\n|upkeep\n|turn|12\n|\n|t:|1781402164\n|move|p2a: Annihilape|Rage Fist|p1a: Regirock\n|-damage|p1a: Regirock|142/268\n|move|p1a: Regirock|Stone Edge|p2a: Annihilape\n|-damage|p2a: Annihilape|135/292\n|\n|upkeep\n|turn|13\n|\n|t:|1781402172\n|move|p2a: Annihilape|Rage Fist|p1a: Regirock\n|-damage|p1a: Regirock|0 fnt\n|faint|p1a: Regirock\n|\n|upkeep\n|\n|t:|1781402181\n|switch|p1a: Gastrodon|Gastrodon-East, L86, F|331/331\n|turn|14\n|\n|t:|1781402185\n|move|p2a: Annihilape|Rage Fist|p1a: Gastrodon\n|-damage|p1a: Gastrodon|0 fnt\n|faint|p1a: Gastrodon\n|\n|upkeep\n|\n|t:|1781402197\n|switch|p1a: Dusknoir|Dusknoir, L89, M|225/225\n|turn|15\n|\n|t:|1781402201\n|move|p2a: Annihilape|Rage Fist|p1a: Dusknoir\n|-supereffective|p1a: Dusknoir\n|-damage|p1a: Dusknoir|0 fnt\n|faint|p1a: Dusknoir\n|\n|upkeep\n|\n|t:|1781402204\n|switch|p1a: Pelipper|Pelipper, L86, M|133/243\n|-weather|RainDance|[from] ability: Drizzle|[of] p1a: Pelipper\n|turn|16\n|\n|t:|1781402207\n|move|p2a: Annihilape|Rage Fist|p1a: Pelipper\n|-damage|p1a: Pelipper|0 fnt\n|faint|p1a: Pelipper\n|\n|win|Mitchel531\n", "inputlog": ">version a8376a258c1d4662feba110a92103f3664a72141\n>start {\"formatid\":\"gen9randombattle\",\"seed\":\"sodium,ea35b4079d398767ef826223a4992bde\",\"rated\":\"Rated battle\"}\n>player p1 {\"name\":\"gatonet_gnr\",\"avatar\":\"jacinthe\",\"rating\":2037,\"seed\":\"sodium,dda3daf7ec1b07cbbfc44355c68c012c\"}\n>player p2 {\"name\":\"Mitchel531\",\"avatar\":\"169\",\"rating\":2078,\"seed\":\"sodium,88a09f96b0af732076d61058a6967a98\"}\n>p1 switch 3\n>p2 move bulkup\n>p1 move weatherball\n>p2 move ragefist terastallize\n>p1 switch 4\n>p2 move rest\n>p1 move taunt\n>p2 move ragefist\n>p1 switch 6\n>p1 move psychic\n>p2 move ragefist\n>p1 switch 3\n>p1 move irondefense terastallize\n>p2 move drainpunch\n>p1 move irondefense\n>p2 move ragefist\n>p1 move rest\n>p2 move bulkup\n>p1 move irondefense\n>p2 move bulkup\n>p1 move stoneedge\n>p2 move bulkup\n>chat \u2606gatonet_gnr|gg\n>p1 move stoneedge\n>p2 move bulkup\n>p1 move stoneedge\n>p2 move ragefist\n>p1 move stoneedge\n>p2 move ragefist\n>p1 switch 2\n>p1 move icebeam\n>p2 move ragefist\n>p1 switch 5\n>p1 move poltergeist\n>p2 move ragefist\n>p1 switch 4\n>p1 move weatherball\n>p2 move ragefist", "uploadtime": 1781401963, "views": 6, "formatid": "gen9randombattle", "rating": null, "private": 0, "password": null}