{"id": "gen9randombattle-2631718501", "format": "[Gen 9] Random Battle", "players": ["yuwan23221", "KoffeeArchive"], "log": "|j|\u2606yuwan23221\n|j|\u2606KoffeeArchive\n|t:|1781427887\n|gametype|singles\n|player|p1|yuwan23221|170|2032\n|player|p2|KoffeeArchive|clair|1985\n|gen|9\n|tier|[Gen 9] Random Battle\n|rated|\n|rule|Species Clause: Limit one of each Pok\u00e9mon\n|rule|HP Percentage Mod: HP is shown in percentages\n|rule|Sleep Clause Mod: Limit one foe put to sleep\n|rule|Illusion Level Mod: Illusion disguises the Pok\u00e9mon's true level\n|\n|t:|1781427887\n|teamsize|p1|6\n|teamsize|p2|6\n|start\n|switch|p1a: Qwilfish|Qwilfish-Hisui, L83, F|244/244\n|switch|p2a: Palkia|Palkia, L75|259/259\n|-ability|p2a: Palkia|Pressure\n|-ability|p1a: Qwilfish|Intimidate|boost\n|-unboost|p2a: Palkia|atk|1\n|turn|1\n|inactive|Battle timer is ON: inactive players will automatically lose when time's up. (requested by KoffeeArchive)\n|\n|t:|1781427902\n|switch|p1a: Toxapex|Toxapex, L82, M|216/216\n|move|p2a: Palkia|Thunder Wave|p1a: Toxapex\n|-status|p1a: Toxapex|par\n|\n|upkeep\n|turn|2\n|\n|t:|1781427917\n|move|p2a: Palkia|Spacial Rend|p1a: Toxapex\n|-crit|p1a: Toxapex\n|-damage|p1a: Toxapex|74/216 par\n|move|p1a: Toxapex|Toxic|p2a: Palkia\n|-status|p2a: Palkia|tox\n|\n|-heal|p1a: Toxapex|87/216 par|[from] item: Leftovers\n|-damage|p2a: Palkia|243/259 tox|[from] psn\n|upkeep\n|turn|3\n|\n|t:|1781427924\n|switch|p1a: Suicune|Suicune, L82|298/298\n|-ability|p1a: Suicune|Pressure\n|move|p2a: Palkia|Spacial Rend|p1a: Suicune\n|-damage|p1a: Suicune|168/298\n|\n|-heal|p1a: Suicune|186/298|[from] item: Leftovers\n|-damage|p2a: Palkia|211/259 tox|[from] psn\n|upkeep\n|turn|4\n|l|\u2606yuwan23221\n|inactive|yuwan23221 disconnected and has a minute to reconnect!\n|player|p1|\n|j|\u2606yuwan23221\n|inactive|yuwan23221 reconnected and has 130 seconds left.\n|player|p1|yuwan23221|170|\n|\n|t:|1781427951\n|switch|p2a: Luxray|Luxray, L88, F|284/284\n|-ability|p2a: Luxray|Intimidate|boost\n|-unboost|p1a: Suicune|atk|1\n|switch|p1a: Toxapex|Toxapex, L82, M|159/216 par\n|\n|-heal|p1a: Toxapex|172/216 par|[from] item: Leftovers\n|upkeep\n|turn|5\n|\n|t:|1781427958\n|switch|p1a: Qwilfish|Qwilfish-Hisui, L83, F|244/244\n|-ability|p1a: Qwilfish|Intimidate|boost\n|-unboost|p2a: Luxray|atk|1\n|move|p2a: Luxray|Wild Charge|p1a: Qwilfish\n|-damage|p1a: Qwilfish|187/244\n|-damage|p2a: Luxray|270/284|[from] Recoil\n|\n|upkeep\n|turn|6\n|\n|t:|1781427964\n|move|p1a: Qwilfish|Toxic Spikes|p2a: Luxray\n|-sidestart|p2: KoffeeArchive|move: Toxic Spikes\n|move|p2a: Luxray|Volt Switch|p1a: Qwilfish\n|-damage|p1a: Qwilfish|106/244\n|\n|t:|1781427970\n|switch|p2a: Palkia|Palkia, L75|211/259 tox|[from] Volt Switch\n|-ability|p2a: Palkia|Pressure\n|\n|-damage|p2a: Palkia|195/259 tox|[from] psn\n|upkeep\n|turn|7\n|\n|t:|1781427972\n|switch|p1a: Toxapex|Toxapex, L82, M|216/216 par\n|move|p2a: Palkia|Spacial Rend|p1a: Toxapex|[miss]\n|-miss|p2a: Palkia|p1a: Toxapex\n|\n|-damage|p2a: Palkia|163/259 tox|[from] psn\n|upkeep\n|turn|8\n|\n|t:|1781427979\n|switch|p2a: Quagsire|Quagsire, L84, M|297/297\n|-status|p2a: Quagsire|psn\n|move|p1a: Toxapex|Recover||[still]\n|-fail|p1a: Toxapex|heal\n|\n|-damage|p2a: Quagsire|260/297 psn|[from] psn\n|upkeep\n|turn|9\n|\n|t:|1781427986\n|switch|p1a: Goodra|Goodra, L85, M|292/292\n|-terastallize|p2a: Quagsire|Poison\n|move|p2a: Quagsire|Earthquake|p1a: Goodra\n|-damage|p1a: Goodra|175/292\n|\n|-heal|p2a: Quagsire|278/297 psn|[from] item: Leftovers\n|-damage|p2a: Quagsire|241/297 psn|[from] psn\n|upkeep\n|turn|10\n|\n|t:|1781427995\n|switch|p2a: Palkia|Palkia, L75|163/259 tox\n|-ability|p2a: Palkia|Pressure\n|move|p1a: Goodra|Draco Meteor|p2a: Palkia\n|-supereffective|p2a: Palkia\n|-damage|p2a: Palkia|0 fnt\n|-unboost|p1a: Goodra|spa|2\n|faint|p2a: Palkia\n|\n|upkeep\n|\n|t:|1781427999\n|switch|p2a: Quagsire|Quagsire, L84, M, tera:Poison|241/297 psn\n|-sideend|p2: KoffeeArchive|move: Toxic Spikes|[of] p2a: Quagsire\n|turn|11\n|\n|t:|1781428004\n|switch|p2a: Luxray|Luxray, L88, F|270/284\n|-ability|p2a: Luxray|Intimidate|boost\n|-unboost|p1a: Goodra|atk|1\n|move|p1a: Goodra|Draco Meteor|p2a: Luxray\n|-damage|p2a: Luxray|216/284\n|-unboost|p1a: Goodra|spa|2\n|\n|upkeep\n|turn|12\n|\n|t:|1781428012\n|move|p1a: Goodra|Knock Off|p2a: Luxray\n|-damage|p2a: Luxray|164/284\n|-enditem|p2a: Luxray|Assault Vest|[from] move: Knock Off|[of] p1a: Goodra\n|move|p2a: Luxray|Volt Switch|p1a: Goodra\n|-resisted|p1a: Goodra\n|-damage|p1a: Goodra|159/292\n|\n|t:|1781428015\n|switch|p2a: Zekrom|Zekrom, L71|259/259|[from] Volt Switch\n|-ability|p2a: Zekrom|Teravolt\n|\n|upkeep\n|turn|13\n|\n|t:|1781428023\n|switch|p1a: Qwilfish|Qwilfish-Hisui, L83, F|106/244\n|-ability|p1a: Qwilfish|Intimidate|boost\n|-unboost|p2a: Zekrom|atk|1\n|move|p2a: Zekrom|Substitute|p2a: Zekrom\n|-start|p2a: Zekrom|Substitute\n|-damage|p2a: Zekrom|195/259\n|\n|-heal|p2a: Zekrom|211/259|[from] item: Leftovers\n|upkeep\n|turn|14\n|\n|t:|1781428026\n|move|p1a: Qwilfish|Crunch|p2a: Zekrom\n|-end|p2a: Zekrom|Substitute\n|move|p2a: Zekrom|Dragon Dance|p2a: Zekrom\n|-boost|p2a: Zekrom|atk|1\n|-boost|p2a: Zekrom|spe|1\n|\n|-heal|p2a: Zekrom|227/259|[from] item: Leftovers\n|upkeep\n|turn|15\n|\n|t:|1781428035\n|move|p2a: Zekrom|Dragon Dance|p2a: Zekrom\n|-boost|p2a: Zekrom|atk|1\n|-boost|p2a: Zekrom|spe|1\n|move|p1a: Qwilfish|Crunch|p2a: Zekrom\n|-damage|p2a: Zekrom|145/259\n|-unboost|p2a: Zekrom|def|1\n|\n|-heal|p2a: Zekrom|161/259|[from] item: Leftovers\n|upkeep\n|turn|16\n|\n|t:|1781428039\n|move|p2a: Zekrom|Bolt Strike|p1a: Qwilfish\n|-damage|p1a: Qwilfish|0 fnt\n|faint|p1a: Qwilfish\n|\n|-heal|p2a: Zekrom|177/259|[from] item: Leftovers\n|upkeep\n|\n|t:|1781428050\n|switch|p1a: Suicune|Suicune, L82|186/298\n|-ability|p1a: Suicune|Pressure\n|turn|17\n|\n|t:|1781428055\n|-terastallize|p1a: Suicune|Steel\n|move|p2a: Zekrom|Substitute|p2a: Zekrom\n|-start|p2a: Zekrom|Substitute\n|-damage|p2a: Zekrom|113/259\n|move|p1a: Suicune|Ice Beam|p2a: Zekrom\n|-supereffective|p2a: Zekrom\n|-end|p2a: Zekrom|Substitute\n|\n|-heal|p2a: Zekrom|129/259|[from] item: Leftovers\n|-heal|p1a: Suicune|204/298|[from] item: Leftovers\n|upkeep\n|turn|18\n|\n|t:|1781428059\n|move|p2a: Zekrom|Bolt Strike|p1a: Suicune\n|-damage|p1a: Suicune|35/298\n|move|p1a: Suicune|Ice Beam|p2a: Zekrom\n|-supereffective|p2a: Zekrom\n|-damage|p2a: Zekrom|1/259\n|-status|p2a: Zekrom|frz\n|\n|-heal|p2a: Zekrom|17/259 frz|[from] item: Leftovers\n|-heal|p1a: Suicune|53/298|[from] item: Leftovers\n|upkeep\n|turn|19\n|\n|t:|1781428063\n|cant|p2a: Zekrom|frz\n|move|p1a: Suicune|Ice Beam|p2a: Zekrom\n|-supereffective|p2a: Zekrom\n|-damage|p2a: Zekrom|0 fnt\n|faint|p2a: Zekrom\n|\n|-heal|p1a: Suicune|71/298|[from] item: Leftovers\n|upkeep\n|\n|t:|1781428071\n|switch|p2a: Froslass|Froslass, L87, F|263/263\n|turn|20\n|\n|t:|1781428075\n|switch|p1a: Toxapex|Toxapex, L82, M|216/216 par\n|move|p2a: Froslass|Poltergeist|p1a: Toxapex\n|-activate|p1a: Toxapex|move: Poltergeist|Leftovers\n|-damage|p1a: Toxapex|146/216 par\n|\n|-heal|p1a: Toxapex|159/216 par|[from] item: Leftovers\n|upkeep\n|turn|21\n|\n|t:|1781428083\n|move|p2a: Froslass|Taunt|p1a: Toxapex\n|-start|p1a: Toxapex|move: Taunt\n|cant|p1a: Toxapex|move: Taunt|Toxic\n|\n|-heal|p1a: Toxapex|172/216 par|[from] item: Leftovers\n|upkeep\n|turn|22\n|\n|t:|1781428088\n|move|p2a: Froslass|Poltergeist|p1a: Toxapex\n|-activate|p1a: Toxapex|move: Poltergeist|Leftovers\n|-damage|p1a: Toxapex|99/216 par\n|move|p1a: Toxapex|Liquidation|p2a: Froslass\n|-damage|p2a: Froslass|187/263\n|\n|-heal|p1a: Toxapex|112/216 par|[from] item: Leftovers\n|upkeep\n|turn|23\n|\n|t:|1781428095\n|move|p2a: Froslass|Poltergeist|p1a: Toxapex\n|-activate|p1a: Toxapex|move: Poltergeist|Leftovers\n|-damage|p1a: Toxapex|34/216 par\n|move|p1a: Toxapex|Liquidation|p2a: Froslass\n|-damage|p2a: Froslass|115/263\n|-start|p1a: Toxapex|Disable|Liquidation|[from] ability: Cursed Body|[of] p2a: Froslass\n|\n|-heal|p1a: Toxapex|47/216 par|[from] item: Leftovers\n|-end|p1a: Toxapex|move: Taunt\n|upkeep\n|turn|24\n|\n|t:|1781428100\n|switch|p1a: Houndoom|Houndoom, L87, F|272/272\n|move|p2a: Froslass|Poltergeist|p1a: Houndoom\n|-activate|p1a: Houndoom|move: Poltergeist|Heavy-Duty Boots\n|-resisted|p1a: Houndoom\n|-damage|p1a: Houndoom|199/272\n|\n|upkeep\n|turn|25\n|\n|t:|1781428106\n|move|p2a: Froslass|Destiny Bond|p2a: Froslass\n|-singlemove|p2a: Froslass|Destiny Bond\n|move|p1a: Houndoom|Nasty Plot|p1a: Houndoom\n|-boost|p1a: Houndoom|spa|2\n|\n|upkeep\n|turn|26\n|\n|t:|1781428111\n|move|p2a: Froslass|Poltergeist|p1a: Houndoom\n|-activate|p1a: Houndoom|move: Poltergeist|Heavy-Duty Boots\n|-resisted|p1a: Houndoom\n|-damage|p1a: Houndoom|118/272\n|move|p1a: Houndoom|Dark Pulse|p2a: Froslass\n|-supereffective|p2a: Froslass\n|-damage|p2a: Froslass|0 fnt\n|-start|p1a: Houndoom|Disable|Dark Pulse|[from] ability: Cursed Body|[of] p2a: Froslass\n|faint|p2a: Froslass\n|\n|upkeep\n|\n|t:|1781428117\n|switch|p2a: Quagsire|Quagsire, L84, M, tera:Poison|241/297 psn\n|turn|27\n|\n|t:|1781428121\n|switch|p1a: Goodra|Goodra, L85, M|159/292\n|move|p2a: Quagsire|Earthquake|p1a: Goodra\n|-damage|p1a: Goodra|57/292\n|\n|-heal|p2a: Quagsire|259/297 psn|[from] item: Leftovers\n|-damage|p2a: Quagsire|222/297 psn|[from] psn\n|upkeep\n|turn|28\n|\n|t:|1781428129\n|switch|p2a: Luxray|Luxray, L88, F|164/284\n|-ability|p2a: Luxray|Intimidate|boost\n|-unboost|p1a: Goodra|atk|1\n|move|p1a: Goodra|Draco Meteor|p2a: Luxray\n|-damage|p2a: Luxray|0 fnt\n|-unboost|p1a: Goodra|spa|2\n|faint|p2a: Luxray\n|\n|upkeep\n|\n|t:|1781428132\n|switch|p2a: Quagsire|Quagsire, L84, M, tera:Poison|222/297 psn\n|turn|29\n|\n|t:|1781428133\n|move|p1a: Goodra|Draco Meteor|p2a: Quagsire\n|-damage|p2a: Quagsire|29/297 psn\n|-unboost|p1a: Goodra|spa|2\n|move|p2a: Quagsire|Toxic|p1a: Goodra\n|-status|p1a: Goodra|tox\n|\n|-heal|p2a: Quagsire|47/297 psn|[from] item: Leftovers\n|-damage|p1a: Goodra|39/292 tox|[from] psn\n|-damage|p2a: Quagsire|10/297 psn|[from] psn\n|upkeep\n|turn|30\n|\n|t:|1781428137\n|move|p1a: Goodra|Knock Off|p2a: Quagsire\n|-damage|p2a: Quagsire|0 fnt\n|-enditem|p2a: Quagsire|Leftovers|[from] move: Knock Off|[of] p1a: Goodra\n|faint|p2a: Quagsire\n|\n|-damage|p1a: Goodra|3/292 tox|[from] psn\n|upkeep\n|\n|t:|1781428139\n|switch|p2a: Kingambit|Kingambit, L74, F|270/270\n|-activate|p2a: Kingambit|ability: Supreme Overlord\n|-start|p2a: Kingambit|fallen5|[silent]\n|turn|31\n|\n|t:|1781428141\n|move|p1a: Goodra|Fire Blast|p2a: Kingambit\n|-supereffective|p2a: Kingambit\n|-damage|p2a: Kingambit|204/270\n|move|p2a: Kingambit|Swords Dance|p2a: Kingambit\n|-boost|p2a: Kingambit|atk|2\n|\n|-heal|p2a: Kingambit|220/270|[from] item: Leftovers\n|-damage|p1a: Goodra|0 fnt|[from] psn\n|faint|p1a: Goodra\n|upkeep\n|\n|t:|1781428144\n|switch|p1a: Koraidon|Koraidon, L64|235/235\n|-weather|SunnyDay|[from] ability: Orichalcum Pulse|[of] p1a: Koraidon\n|-activate|p1a: Koraidon|Orichalcum Pulse|[source]\n|turn|32\n|\n|t:|1781428149\n|move|p1a: Koraidon|Flare Blitz|p2a: Kingambit\n|-supereffective|p2a: Kingambit\n|-damage|p2a: Kingambit|2/270\n|-damage|p1a: Koraidon|163/235|[from] Recoil\n|move|p2a: Kingambit|Iron Head|p1a: Koraidon\n|-crit|p1a: Koraidon\n|-damage|p1a: Koraidon|0 fnt\n|faint|p1a: Koraidon\n|\n|-weather|SunnyDay|[upkeep]\n|-heal|p2a: Kingambit|18/270|[from] item: Leftovers\n|upkeep\n|\n|t:|1781428153\n|switch|p1a: Houndoom|Houndoom, L87, F|118/272\n|turn|33\n|\n|t:|1781428160\n|move|p1a: Houndoom|Sucker Punch|p2a: Kingambit\n|-resisted|p2a: Kingambit\n|-damage|p2a: Kingambit|0 fnt\n|faint|p2a: Kingambit\n|-end|p2a: Kingambit|fallen5|[silent]\n|\n|win|yuwan23221\n", "inputlog": ">version a8376a258c1d4662feba110a92103f3664a72141\n>start {\"formatid\":\"gen9randombattle\",\"seed\":\"sodium,cbd91875e87d10c1a799fd0757a41921\",\"rated\":\"Rated battle\"}\n>player p1 {\"name\":\"yuwan23221\",\"avatar\":\"170\",\"rating\":2032,\"seed\":\"sodium,d7510b2d4361dce2e14547a1078c8a5f\"}\n>player p2 {\"name\":\"KoffeeArchive\",\"avatar\":\"clair\",\"rating\":1985,\"seed\":\"sodium,905d9fa2c7f57008b6ac86871c40f50c\"}\n>p1 switch 3\n>p2 move thunderwave\n>p1 move toxic\n>p2 move spacialrend\n>p1 switch 6\n>p2 move spacialrend\n>p1 switch 6\n>p2 switch 5\n>p1 switch 3\n>p2 move wildcharge\n>p1 move toxicspikes\n>p2 move voltswitch\n>p2 switch 5\n>p1 switch 3\n>p2 move spacialrend\n>p1 move recover\n>p2 switch 2\n>p1 switch 5\n>p2 move earthquake terastallize\n>p1 move dracometeor\n>p2 switch 2\n>p2 switch 2\n>p1 move dracometeor\n>p2 switch 5\n>p1 move knockoff\n>p2 move voltswitch\n>p2 switch 3\n>p1 switch 3\n>p2 move substitute\n>p1 move crunch\n>p2 move dragondance\n>p1 move crunch\n>p2 move dragondance\n>p1 move gunkshot\n>p2 move boltstrike\n>p1 switch 6\n>p1 move icebeam terastallize\n>p2 move substitute\n>p1 move icebeam\n>p2 move boltstrike\n>p1 move icebeam\n>p2 move boltstrike\n>p2 switch 6\n>p1 switch 5\n>p2 move poltergeist\n>p1 move toxic\n>p2 move taunt\n>p1 move liquidation\n>p2 move poltergeist\n>p1 move liquidation\n>p2 move poltergeist\n>p1 switch 2\n>p2 move poltergeist\n>p1 move nastyplot\n>p2 move destinybond\n>p1 move darkpulse\n>p2 move poltergeist\n>p2 switch 5\n>p1 switch 3\n>p2 move earthquake\n>p1 move dracometeor\n>p2 switch 3\n>p2 switch 3\n>p1 move dracometeor\n>p2 move toxic\n>p1 move knockoff\n>p2 move earthquake\n>p2 switch 4\n>p1 move fireblast\n>p2 move swordsdance\n>p1 switch 4\n>p1 move flareblitz\n>p2 move ironhead\n>p1 switch 3\n>p1 move suckerpunch\n>p2 move suckerpunch", "uploadtime": 1781427889, "views": 4, "formatid": "gen9randombattle", "rating": null, "private": 0, "password": null}