{"id": "gen9randombattle-2631527299", "format": "[Gen 9] Random Battle", "players": ["T3NTACRUEL34", "Dolfin99"], "log": "|j|\u2606T3NTACRUEL34\n|j|\u2606Dolfin99\n|t:|1781396822\n|gametype|singles\n|player|p1|T3NTACRUEL34|janine|1370\n|player|p2|Dolfin99|101|1334\n|gen|9\n|tier|[Gen 9] Random Battle\n|rated|\n|rule|Species Clause: Limit one of each Pok\u00e9mon\n|rule|HP Percentage Mod: HP is shown in percentages\n|rule|Sleep Clause Mod: Limit one foe put to sleep\n|rule|Illusion Level Mod: Illusion disguises the Pok\u00e9mon's true level\n|\n|t:|1781396822\n|teamsize|p1|6\n|teamsize|p2|6\n|start\n|switch|p1a: Sableye|Sableye, L88, F|231/231\n|switch|p2a: Azumarill|Azumarill, L82, F|298/298\n|turn|1\n|inactive|Battle timer is ON: inactive players will automatically lose when time's up. (requested by T3NTACRUEL34)\n|\n|t:|1781396832\n|move|p1a: Sableye|Will-O-Wisp|p2a: Azumarill\n|-status|p2a: Azumarill|brn\n|move|p2a: Azumarill|Play Rough|p1a: Sableye\n|-supereffective|p1a: Sableye\n|-damage|p1a: Sableye|42/231\n|\n|-heal|p1a: Sableye|56/231|[from] item: Leftovers\n|-damage|p2a: Azumarill|280/298 brn|[from] brn\n|upkeep\n|turn|2\n|\n|t:|1781396848\n|switch|p1a: Archaludon|Archaludon, L78, F|268/268\n|move|p2a: Azumarill|Play Rough|p1a: Archaludon\n|-damage|p1a: Archaludon|206/268\n|-ability|p1a: Archaludon|Stamina|boost\n|-boost|p1a: Archaludon|def|1\n|\n|-damage|p2a: Azumarill|262/298 brn|[from] brn\n|upkeep\n|turn|3\n|\n|t:|1781396877\n|move|p1a: Archaludon|Swords Dance|p1a: Archaludon\n|-boost|p1a: Archaludon|atk|2\n|move|p2a: Azumarill|Play Rough|p1a: Archaludon\n|-damage|p1a: Archaludon|165/268\n|-ability|p1a: Archaludon|Stamina|boost\n|-boost|p1a: Archaludon|def|1\n|\n|-damage|p2a: Azumarill|244/298 brn|[from] brn\n|upkeep\n|turn|4\n|\n|t:|1781396885\n|move|p1a: Archaludon|Iron Head|p2a: Azumarill\n|-damage|p2a: Azumarill|78/298 brn\n|move|p2a: Azumarill|Play Rough|p1a: Archaludon\n|-damage|p1a: Archaludon|129/268\n|-ability|p1a: Archaludon|Stamina|boost\n|-boost|p1a: Archaludon|def|1\n|\n|-damage|p2a: Azumarill|60/298 brn|[from] brn\n|upkeep\n|turn|5\n|\n|t:|1781396899\n|move|p1a: Archaludon|Iron Head|p2a: Azumarill\n|-crit|p2a: Azumarill\n|-damage|p2a: Azumarill|0 fnt\n|faint|p2a: Azumarill\n|\n|upkeep\n|\n|t:|1781396905\n|switch|p2a: Coalossal|Coalossal, L89, F|341/341\n|turn|6\n|\n|t:|1781396912\n|-terastallize|p1a: Archaludon|Ground\n|move|p1a: Archaludon|Earthquake|p2a: Coalossal\n|-supereffective|p2a: Coalossal\n|-damage|p2a: Coalossal|0 fnt\n|faint|p2a: Coalossal\n|\n|upkeep\n|\n|t:|1781396922\n|switch|p2a: Articuno|Articuno, L86|295/295\n|-ability|p2a: Articuno|Pressure\n|turn|7\n|inactive|T3NTACRUEL34 has 120 seconds left.\n|\n|t:|1781396965\n|switch|p1a: Poliwrath|Poliwrath, L88, M|302/302\n|move|p2a: Articuno|Freeze-Dry|p1a: Poliwrath\n|-supereffective|p1a: Poliwrath\n|-damage|p1a: Poliwrath|168/302\n|-status|p1a: Poliwrath|frz\n|\n|-heal|p1a: Poliwrath|186/302 frz|[from] item: Leftovers\n|upkeep\n|turn|8\n|\n|t:|1781396982\n|switch|p1a: Sableye|Sableye, L88, F|56/231\n|move|p2a: Articuno|Freeze-Dry|p1a: Sableye\n|-damage|p1a: Sableye|0 fnt\n|faint|p1a: Sableye\n|\n|upkeep\n|inactive|T3NTACRUEL34 has 90 seconds left.\n|\n|t:|1781397033\n|switch|p1a: Phione|Phione, L91|293/293\n|turn|9\n|\n|t:|1781397038\n|move|p1a: Phione|Take Heart|p1a: Phione\n|-boost|p1a: Phione|spa|1\n|-boost|p1a: Phione|spd|1\n|move|p2a: Articuno|Freeze-Dry|p1a: Phione\n|-supereffective|p1a: Phione\n|-damage|p1a: Phione|197/293\n|\n|-heal|p1a: Phione|215/293|[from] item: Leftovers\n|upkeep\n|turn|10\n|\n|t:|1781397048\n|move|p1a: Phione|Sleep Talk||[still]\n|-fail|p1a: Phione\n|move|p2a: Articuno|Freeze-Dry|p1a: Phione\n|-supereffective|p1a: Phione\n|-damage|p1a: Phione|117/293\n|\n|-heal|p1a: Phione|135/293|[from] item: Leftovers\n|upkeep\n|turn|11\n|\n|t:|1781397059\n|move|p1a: Phione|Rest|p1a: Phione\n|-status|p1a: Phione|slp|[from] move: Rest\n|-heal|p1a: Phione|293/293 slp|[silent]\n|move|p2a: Articuno|Freeze-Dry|p1a: Phione\n|-supereffective|p1a: Phione\n|-damage|p1a: Phione|183/293 slp\n|\n|-heal|p1a: Phione|201/293 slp|[from] item: Leftovers\n|upkeep\n|turn|12\n|inactive|T3NTACRUEL34 has 90 seconds left.\n|\n|t:|1781397073\n|cant|p1a: Phione|slp\n|move|p1a: Phione|Sleep Talk|p1a: Phione\n|move|p1a: Phione|Scald|p2a: Articuno|[from] move: Sleep Talk\n|-damage|p2a: Articuno|204/295\n|-status|p2a: Articuno|brn\n|move|p2a: Articuno|Freeze-Dry|p1a: Phione\n|-supereffective|p1a: Phione\n|-damage|p1a: Phione|93/293 slp\n|\n|-heal|p1a: Phione|111/293 slp|[from] item: Leftovers\n|-damage|p2a: Articuno|186/295 brn|[from] brn\n|upkeep\n|turn|13\n|c|\u2606T3NTACRUEL34|Im dumb and gay\n|\n|t:|1781397083\n|cant|p1a: Phione|slp\n|move|p2a: Articuno|Freeze-Dry|p1a: Phione\n|-supereffective|p1a: Phione\n|-damage|p1a: Phione|7/293 slp\n|\n|-heal|p1a: Phione|25/293 slp|[from] item: Leftovers\n|-damage|p2a: Articuno|168/295 brn|[from] brn\n|upkeep\n|turn|14\n|\n|t:|1781397096\n|-curestatus|p1a: Phione|slp|[msg]\n|move|p1a: Phione|Rest|p1a: Phione\n|-status|p1a: Phione|slp|[from] move: Rest\n|-heal|p1a: Phione|293/293 slp|[silent]\n|move|p2a: Articuno|Freeze-Dry|p1a: Phione\n|-supereffective|p1a: Phione\n|-damage|p1a: Phione|191/293 slp\n|\n|-heal|p1a: Phione|209/293 slp|[from] item: Leftovers\n|-damage|p2a: Articuno|150/295 brn|[from] brn\n|upkeep\n|turn|15\n|\n|t:|1781397103\n|cant|p1a: Phione|slp\n|move|p1a: Phione|Sleep Talk|p1a: Phione\n|move|p1a: Phione|Take Heart|p1a: Phione|[from] move: Sleep Talk\n|-boost|p1a: Phione|spa|1\n|-boost|p1a: Phione|spd|1\n|-curestatus|p1a: Phione|slp|[msg]\n|move|p2a: Articuno|Freeze-Dry|p1a: Phione\n|-supereffective|p1a: Phione\n|-damage|p1a: Phione|135/293\n|\n|-heal|p1a: Phione|153/293|[from] item: Leftovers\n|-damage|p2a: Articuno|132/295 brn|[from] brn\n|upkeep\n|turn|16\n|inactive|Dolfin99 has 120 seconds left.\n|\n|t:|1781397137\n|move|p1a: Phione|Scald|p2a: Articuno\n|-damage|p2a: Articuno|0 fnt\n|faint|p2a: Articuno\n|\n|-heal|p1a: Phione|171/293|[from] item: Leftovers\n|upkeep\n|\n|t:|1781397141\n|switch|p2a: Slowbro|Slowbro, L85, F|300/300\n|turn|17\n|inactive|T3NTACRUEL34 has 120 seconds left.\n|\n|t:|1781397154\n|move|p1a: Phione|Scald|p2a: Slowbro\n|-resisted|p2a: Slowbro\n|-damage|p2a: Slowbro|210/300\n|-status|p2a: Slowbro|brn\n|move|p2a: Slowbro|Thunder Wave|p1a: Phione\n|-status|p1a: Phione|par\n|\n|-heal|p2a: Slowbro|228/300 brn|[from] item: Leftovers\n|-heal|p1a: Phione|189/293 par|[from] item: Leftovers\n|-damage|p2a: Slowbro|210/300 brn|[from] brn\n|upkeep\n|turn|18\n|inactive|T3NTACRUEL34 has 120 seconds left.\n|\n|t:|1781397165\n|move|p2a: Slowbro|Psychic Noise|p1a: Phione\n|-damage|p1a: Phione|149/293 par\n|-start|p1a: Phione|move: Heal Block\n|cant|p1a: Phione|move: Heal Block|Rest\n|\n|-heal|p2a: Slowbro|228/300 brn|[from] item: Leftovers\n|-damage|p2a: Slowbro|210/300 brn|[from] brn\n|upkeep\n|turn|19\n|inactive|T3NTACRUEL34 has 120 seconds left.\n|\n|t:|1781397180\n|move|p2a: Slowbro|Scald|p1a: Phione\n|-resisted|p1a: Phione\n|-damage|p1a: Phione|128/293 par\n|cant|p1a: Phione|par\n|\n|-heal|p2a: Slowbro|228/300 brn|[from] item: Leftovers\n|-damage|p2a: Slowbro|210/300 brn|[from] brn\n|-end|p1a: Phione|move: Heal Block\n|upkeep\n|turn|20\n|\n|t:|1781397192\n|move|p2a: Slowbro|Psychic Noise|p1a: Phione\n|-damage|p1a: Phione|82/293 par\n|-start|p1a: Phione|move: Heal Block\n|cant|p1a: Phione|move: Heal Block|Rest\n|\n|-heal|p2a: Slowbro|228/300 brn|[from] item: Leftovers\n|-damage|p2a: Slowbro|210/300 brn|[from] brn\n|upkeep\n|turn|21\n|\n|t:|1781397203\n|move|p2a: Slowbro|Psychic Noise|p1a: Phione\n|-damage|p1a: Phione|39/293 par\n|move|p1a: Phione|Scald|p2a: Slowbro\n|-resisted|p2a: Slowbro\n|-damage|p2a: Slowbro|126/300 brn\n|\n|-heal|p2a: Slowbro|144/300 brn|[from] item: Leftovers\n|-damage|p2a: Slowbro|126/300 brn|[from] brn\n|-end|p1a: Phione|move: Heal Block\n|upkeep\n|turn|22\n|\n|t:|1781397215\n|move|p2a: Slowbro|Psychic Noise|p1a: Phione\n|-damage|p1a: Phione|0 fnt\n|faint|p1a: Phione\n|\n|-heal|p2a: Slowbro|144/300 brn|[from] item: Leftovers\n|-damage|p2a: Slowbro|126/300 brn|[from] brn\n|upkeep\n|\n|t:|1781397230\n|switch|p1a: Dragalge|Dragalge, L88, F|258/258\n|turn|23\n|\n|t:|1781397246\n|move|p1a: Dragalge|Draco Meteor|p2a: Slowbro\n|-damage|p2a: Slowbro|0 fnt\n|-unboost|p1a: Dragalge|spa|2\n|faint|p2a: Slowbro\n|\n|upkeep\n|\n|t:|1781397254\n|switch|p2a: Iron Valiant|Iron Valiant, L78|244/244\n|turn|24\n|\n|t:|1781397266\n|switch|p1a: Spidops|Spidops, L96, F|271/271\n|move|p2a: Iron Valiant|Psychic|p1a: Spidops\n|-damage|p1a: Spidops|197/271\n|-damage|p2a: Iron Valiant|220/244|[from] item: Life Orb\n|\n|upkeep\n|turn|25\n|\n|t:|1781397279\n|move|p2a: Iron Valiant|Calm Mind|p2a: Iron Valiant\n|-boost|p2a: Iron Valiant|spa|1\n|-boost|p2a: Iron Valiant|spd|1\n|move|p1a: Spidops|Sticky Web|p2a: Iron Valiant\n|-sidestart|p2: Dolfin99|move: Sticky Web\n|\n|upkeep\n|turn|26\n|\n|t:|1781397284\n|move|p2a: Iron Valiant|Calm Mind|p2a: Iron Valiant\n|-boost|p2a: Iron Valiant|spa|1\n|-boost|p2a: Iron Valiant|spd|1\n|move|p1a: Spidops|Circle Throw|p2a: Iron Valiant\n|-resisted|p2a: Iron Valiant\n|-damage|p2a: Iron Valiant|197/244\n|-end|p2a: Iron Valiant|Quark Drive|[silent]\n|drag|p2a: Chimecho|Chimecho, L93, F|290/290\n|\n|upkeep\n|turn|27\n|\n|t:|1781397295\n|move|p2a: Chimecho|Cosmic Power|p2a: Chimecho\n|-boost|p2a: Chimecho|def|1\n|-boost|p2a: Chimecho|spd|1\n|move|p1a: Spidops|Toxic Spikes|p2a: Chimecho\n|-sidestart|p2: Dolfin99|move: Toxic Spikes\n|\n|upkeep\n|turn|28\n|\n|t:|1781397301\n|move|p2a: Chimecho|Cosmic Power|p2a: Chimecho\n|-boost|p2a: Chimecho|def|1\n|-boost|p2a: Chimecho|spd|1\n|move|p1a: Spidops|Circle Throw|p2a: Chimecho\n|-resisted|p2a: Chimecho\n|-damage|p2a: Chimecho|278/290\n|drag|p2a: Iron Valiant|Iron Valiant, L78|197/244\n|-activate|p2a: Iron Valiant|move: Sticky Web\n|-unboost|p2a: Iron Valiant|spe|1\n|-status|p2a: Iron Valiant|psn\n|\n|-damage|p2a: Iron Valiant|167/244 psn|[from] psn\n|upkeep\n|turn|29\n|c|\u2606T3NTACRUEL34|????\n|\n|t:|1781397310\n|move|p2a: Iron Valiant|Moonblast|p1a: Spidops\n|-damage|p1a: Spidops|83/271\n|-damage|p2a: Iron Valiant|143/244 psn|[from] item: Life Orb\n|move|p1a: Spidops|Spikes|p2a: Iron Valiant\n|-sidestart|p2: Dolfin99|Spikes\n|\n|-damage|p2a: Iron Valiant|113/244 psn|[from] psn\n|upkeep\n|turn|30\n|\n|t:|1781397322\n|move|p2a: Iron Valiant|Moonblast|p1a: Spidops\n|-damage|p1a: Spidops|0 fnt\n|faint|p1a: Spidops\n|-damage|p2a: Iron Valiant|89/244 psn|[from] item: Life Orb\n|\n|-damage|p2a: Iron Valiant|59/244 psn|[from] psn\n|upkeep\n|\n|t:|1781397328\n|switch|p1a: Archaludon|Archaludon, L78, F, tera:Ground|129/268\n|turn|31\n|\n|t:|1781397333\n|move|p1a: Archaludon|Iron Head|p2a: Iron Valiant\n|-supereffective|p2a: Iron Valiant\n|-damage|p2a: Iron Valiant|0 fnt\n|faint|p2a: Iron Valiant\n|-end|p2a: Iron Valiant|Quark Drive|[silent]\n|\n|upkeep\n|\n|t:|1781397336\n|switch|p2a: Chimecho|Chimecho, L93, F|278/290\n|turn|32\n|\n|t:|1781397345\n|move|p1a: Archaludon|Outrage|p2a: Chimecho\n|-damage|p2a: Chimecho|169/290\n|move|p2a: Chimecho|Dazzling Gleam|p1a: Archaludon\n|-damage|p1a: Archaludon|34/268\n|-ability|p1a: Archaludon|Stamina|boost\n|-boost|p1a: Archaludon|def|1\n|\n|-heal|p2a: Chimecho|187/290|[from] item: Leftovers\n|upkeep\n|turn|33\n|\n|t:|1781397353\n|-terastallize|p2a: Chimecho|Steel\n|move|p1a: Archaludon|Outrage|p2a: Chimecho|[from] lockedmove\n|-resisted|p2a: Chimecho\n|-damage|p2a: Chimecho|125/290\n|move|p2a: Chimecho|Dazzling Gleam|p1a: Archaludon\n|-crit|p1a: Archaludon\n|-damage|p1a: Archaludon|0 fnt\n|faint|p1a: Archaludon\n|\n|-heal|p2a: Chimecho|143/290|[from] item: Leftovers\n|upkeep\n|\n|t:|1781397365\n|switch|p1a: Dragalge|Dragalge, L88, F|258/258\n|turn|34\n|\n|t:|1781397373\n|move|p2a: Chimecho|Recover|p2a: Chimecho\n|-heal|p2a: Chimecho|288/290\n|move|p1a: Dragalge|Focus Blast|p2a: Chimecho\n|-supereffective|p2a: Chimecho\n|-damage|p2a: Chimecho|118/290\n|\n|-heal|p2a: Chimecho|136/290|[from] item: Leftovers\n|upkeep\n|turn|35\n|\n|t:|1781397380\n|move|p2a: Chimecho|Recover|p2a: Chimecho\n|-heal|p2a: Chimecho|281/290\n|move|p1a: Dragalge|Focus Blast|p2a: Chimecho\n|-supereffective|p2a: Chimecho\n|-damage|p2a: Chimecho|117/290\n|\n|-heal|p2a: Chimecho|135/290|[from] item: Leftovers\n|upkeep\n|turn|36\n|\n|t:|1781397387\n|switch|p1a: Poliwrath|Poliwrath, L88, M|186/302 frz\n|move|p2a: Chimecho|Recover|p2a: Chimecho\n|-heal|p2a: Chimecho|280/290\n|\n|-heal|p2a: Chimecho|290/290|[from] item: Leftovers\n|-heal|p1a: Poliwrath|204/302 frz|[from] item: Leftovers\n|upkeep\n|turn|37\n|\n|t:|1781397395\n|move|p2a: Chimecho|Cosmic Power|p2a: Chimecho\n|-boost|p2a: Chimecho|def|1\n|-boost|p2a: Chimecho|spd|1\n|cant|p1a: Poliwrath|frz\n|\n|-heal|p1a: Poliwrath|222/302 frz|[from] item: Leftovers\n|upkeep\n|turn|38\n|\n|t:|1781397399\n|move|p2a: Chimecho|Dazzling Gleam|p1a: Poliwrath\n|-supereffective|p1a: Poliwrath\n|-damage|p1a: Poliwrath|92/302 frz\n|cant|p1a: Poliwrath|frz\n|\n|-heal|p1a: Poliwrath|110/302 frz|[from] item: Leftovers\n|upkeep\n|turn|39\n|\n|t:|1781397410\n|move|p2a: Chimecho|Dazzling Gleam|p1a: Poliwrath\n|-supereffective|p1a: Poliwrath\n|-damage|p1a: Poliwrath|0 fnt\n|faint|p1a: Poliwrath\n|\n|upkeep\n|\n|t:|1781397412\n|switch|p1a: Dragalge|Dragalge, L88, F|258/258\n|turn|40\n|\n|t:|1781397418\n|move|p2a: Chimecho|Cosmic Power|p2a: Chimecho\n|-boost|p2a: Chimecho|def|1\n|-boost|p2a: Chimecho|spd|1\n|move|p1a: Dragalge|Focus Blast|p2a: Chimecho\n|-supereffective|p2a: Chimecho\n|-damage|p2a: Chimecho|210/290\n|\n|-heal|p2a: Chimecho|228/290|[from] item: Leftovers\n|upkeep\n|turn|41\n|\n|t:|1781397430\n|move|p2a: Chimecho|Cosmic Power|p2a: Chimecho\n|-boost|p2a: Chimecho|def|1\n|-boost|p2a: Chimecho|spd|1\n|move|p1a: Dragalge|Focus Blast|p2a: Chimecho\n|-supereffective|p2a: Chimecho\n|-damage|p2a: Chimecho|158/290\n|\n|-heal|p2a: Chimecho|176/290|[from] item: Leftovers\n|upkeep\n|turn|42\n|\n|t:|1781397435\n|move|p2a: Chimecho|Recover|p2a: Chimecho\n|-heal|p2a: Chimecho|290/290\n|move|p1a: Dragalge|Focus Blast|p2a: Chimecho\n|-supereffective|p2a: Chimecho\n|-damage|p2a: Chimecho|220/290\n|\n|-heal|p2a: Chimecho|238/290|[from] item: Leftovers\n|upkeep\n|turn|43\n|c|\u2606T3NTACRUEL34|Ur fking gay\n|\n|t:|1781397445\n|move|p2a: Chimecho|Cosmic Power|p2a: Chimecho\n|-boost|p2a: Chimecho|def|1\n|-boost|p2a: Chimecho|spd|1\n|move|p1a: Dragalge|Focus Blast|p2a: Chimecho\n|-supereffective|p2a: Chimecho\n|-damage|p2a: Chimecho|178/290\n|\n|-heal|p2a: Chimecho|196/290|[from] item: Leftovers\n|upkeep\n|turn|44\n|c|\u2606Dolfin99|someones mad\n|\n|t:|1781397455\n|move|p2a: Chimecho|Cosmic Power|p2a: Chimecho\n|-boost|p2a: Chimecho|def|1\n|-boost|p2a: Chimecho|spd|1\n|move|p1a: Dragalge|Focus Blast|p2a: Chimecho\n|-supereffective|p2a: Chimecho\n|-damage|p2a: Chimecho|146/290\n|\n|-heal|p2a: Chimecho|164/290|[from] item: Leftovers\n|upkeep\n|turn|45\n|\n|t:|1781397463\n|move|p2a: Chimecho|Recover|p2a: Chimecho\n|-heal|p2a: Chimecho|290/290\n|move|p1a: Dragalge|Focus Blast|p2a: Chimecho\n|-supereffective|p2a: Chimecho\n|-damage|p2a: Chimecho|238/290\n|\n|-heal|p2a: Chimecho|256/290|[from] item: Leftovers\n|upkeep\n|turn|46\n|\n|t:|1781397472\n|move|p2a: Chimecho|Cosmic Power|p2a: Chimecho\n|-boost|p2a: Chimecho|def|1\n|-boost|p2a: Chimecho|spd|1\n|move|p1a: Dragalge|Draco Meteor|p2a: Chimecho\n|-resisted|p2a: Chimecho\n|-crit|p2a: Chimecho\n|-damage|p2a: Chimecho|109/290\n|-unboost|p1a: Dragalge|spa|2\n|\n|-heal|p2a: Chimecho|127/290|[from] item: Leftovers\n|upkeep\n|turn|47\n|-message|T3NTACRUEL34 forfeited.\n|\n|win|Dolfin99\n", "inputlog": ">version a8376a258c1d4662feba110a92103f3664a72141\n>start {\"formatid\":\"gen9randombattle\",\"seed\":\"sodium,fa032f7e5378a55c22946d7aa51b3685\",\"rated\":\"Rated battle\"}\n>player p1 {\"name\":\"T3NTACRUEL34\",\"avatar\":\"janine\",\"rating\":1370,\"seed\":\"sodium,c034d7afc5eba47cf7ffd5a6eabad25e\"}\n>player p2 {\"name\":\"Dolfin99\",\"avatar\":\"101\",\"rating\":1334,\"seed\":\"sodium,72dfa6c2fff84b2fd61f565c8fdeb380\"}\n>p1 move willowisp\n>p2 move playrough\n>p1 switch 4\n>p2 move playrough\n>p1 move swordsdance\n>p2 move playrough\n>p1 move ironhead\n>p2 move playrough\n>p1 move ironhead\n>p2 move playrough\n>p2 switch 2\n>p1 move earthquake terastallize\n>p2 move flamethrower\n>p2 switch 6\n>p1 switch 5\n>p2 move freezedry\n>p1 switch 4\n>p2 move freezedry\n>p1 switch 3\n>p1 move takeheart\n>p2 move freezedry\n>p1 move sleeptalk\n>p2 move freezedry\n>p1 move rest\n>p2 move freezedry\n>p1 move sleeptalk\n>p2 move freezedry\n>chat \u2606T3NTACRUEL34|Im dumb and gay\n>p1 move rest\n>p2 move freezedry\n>p1 move rest\n>p2 move freezedry\n>p1 move sleeptalk\n>p2 move freezedry\n>p1 move scald\n>p2 move freezedry\n>p2 switch 3\n>p1 move scald\n>p2 move thunderwave\n>p1 move rest\n>p2 move psychicnoise\n>p1 move scald\n>p2 move scald\n>p1 move rest\n>p2 move psychicnoise\n>p1 move scald\n>p2 move psychicnoise\n>p1 move rest\n>p2 move psychicnoise\n>p1 switch 2\n>p1 move dracometeor\n>p2 move thunderwave\n>p2 switch 5\n>p1 switch 6\n>p2 move psychic\n>p1 move stickyweb\n>p2 move calmmind\n>p1 move circlethrow\n>p2 move calmmind\n>p1 move toxicspikes\n>p2 move cosmicpower\n>p1 move circlethrow\n>p2 move cosmicpower\n>chat \u2606T3NTACRUEL34|????\n>p1 move spikes\n>p2 move moonblast\n>p1 move spikes\n>p2 move moonblast\n>p1 switch 5\n>p1 move ironhead\n>p2 move moonblast\n>p2 switch 4\n>p1 move outrage\n>p2 move dazzlinggleam\n>p1 move outrage\n>p2 move dazzlinggleam terastallize\n>p1 switch 6\n>p1 move focusblast\n>p2 move recover\n>p1 move focusblast\n>p2 move recover\n>p1 switch 4\n>p2 move recover\n>p1 move drainpunch\n>p2 move cosmicpower\n>p1 move drainpunch\n>p2 move dazzlinggleam\n>p1 move drainpunch\n>p2 move dazzlinggleam\n>p1 switch 4\n>p1 move focusblast\n>p2 move cosmicpower\n>p1 move focusblast\n>p2 move cosmicpower\n>p1 move focusblast\n>p2 move recover\n>chat \u2606T3NTACRUEL34|Ur fking gay\n>p1 move focusblast\n>p2 move cosmicpower\n>chat \u2606Dolfin99|someones mad\n>p1 move focusblast\n>p2 move cosmicpower\n>p1 move focusblast\n>p2 move recover\n>p1 move dracometeor\n>p2 move cosmicpower\n>forcelose p1", "uploadtime": 1781397437, "views": 5, "formatid": "gen9randombattle", "rating": null, "private": 0, "password": null, "player_dets": [{"name": "T3NTACRUEL34", "avatar": "janine", "rating": 1370, "seed": "sodium,c034d7afc5eba47cf7ffd5a6eabad25e"}, {"name": "Dolfin99", "avatar": "101", "rating": 1334, "seed": "sodium,72dfa6c2fff84b2fd61f565c8fdeb380"}], "teams_full": [{"Sableye": {"name": "Sableye", "species": "Sableye", "speciesId": "sableye", "gender": "F", "shiny": false, "level": 88, "moves": ["encore", "knockoff", "recover", "willowisp"], "ability": "Prankster", "evs": {"hp": 85, "atk": 85, "def": 85, "spa": 85, "spd": 85, "spe": 85}, "ivs": {"hp": 31, "atk": 31, "def": 31, "spa": 31, "spd": 31, "spe": 31}, "item": "Leftovers", "teraType": "Poison", "role": "Bulky Support", "bvs": {"hp": 50, "atk": 75, "def": 75, "spa": 65, "spd": 65, "spe": 50}, "stats": {"hp": 231, "atk": 182, "def": 182, "spa": 165, "spd": 165, "spe": 138}, "types": ["Dark", "Ghost"]}, "Dragalge": {"name": "Dragalge", "species": "Dragalge", "speciesId": "dragalge", "gender": "F", "shiny": false, "level": 88, "moves": ["focusblast", "toxic", "dracometeor", "sludgewave"], "ability": "Adaptability", "evs": {"hp": 85, "atk": 0, "def": 85, "spa": 85, "spd": 85, "spe": 85}, "ivs": {"hp": 31, "atk": 0, "def": 31, "spa": 31, "spd": 31, "spe": 31}, "item": "Leftovers", "teraType": "Fighting", "role": "Bulky Attacker", "bvs": {"hp": 65, "atk": 75, "def": 90, "spa": 97, "spd": 123, "spe": 44}, "stats": {"hp": 258, "atk": 137, "def": 209, "spa": 221, "spd": 267, "spe": 128}, "types": ["Poison", "Dragon"]}, "Phione": {"name": "Phione", "species": "Phione", "speciesId": "phione", "gender": "N", "shiny": false, "level": 91, "moves": ["scald", "sleeptalk", "takeheart", "rest"], "ability": "Hydration", "evs": {"hp": 85, "atk": 0, "def": 85, "spa": 85, "spd": 85, "spe": 85}, "ivs": {"hp": 31, "atk": 0, "def": 31, "spa": 31, "spd": 31, "spe": 31}, "item": "Leftovers", "teraType": "Steel", "role": "Bulky Setup", "bvs": {"hp": 80, "atk": 80, "def": 80, "spa": 80, "spd": 80, "spe": 80}, "stats": {"hp": 293, "atk": 150, "def": 197, "spa": 197, "spd": 197, "spe": 197}, "types": ["Water"]}, "Archaludon": {"name": "Archaludon", "species": "Archaludon", "speciesId": "archaludon", "gender": "F", "shiny": false, "level": 78, "moves": ["outrage", "ironhead", "earthquake", "swordsdance"], "ability": "Stamina", "evs": {"hp": 85, "atk": 85, "def": 85, "spa": 85, "spd": 85, "spe": 85}, "ivs": {"hp": 31, "atk": 31, "def": 31, "spa": 31, "spd": 31, "spe": 31}, "item": "Lum Berry", "teraType": "Ground", "role": "Bulky Setup", "bvs": {"hp": 90, "atk": 105, "def": 130, "spa": 125, "spd": 65, "spe": 85}, "stats": {"hp": 268, "atk": 209, "def": 248, "spa": 240, "spd": 146, "spe": 178}, "types": ["Steel", "Dragon"]}, "Poliwrath": {"name": "Poliwrath", "species": "Poliwrath", "speciesId": "poliwrath", "gender": "M", "shiny": false, "level": 88, "moves": ["drainpunch", "poisonjab", "liquidation", "bulkup"], "ability": "Water Absorb", "evs": {"hp": 85, "atk": 85, "def": 85, "spa": 85, "spd": 85, "spe": 85}, "ivs": {"hp": 31, "atk": 31, "def": 31, "spa": 31, "spd": 31, "spe": 31}, "item": "Leftovers", "teraType": "Steel", "role": "Bulky Setup", "bvs": {"hp": 90, "atk": 95, "def": 95, "spa": 70, "spd": 90, "spe": 70}, "stats": {"hp": 302, "atk": 217, "def": 217, "spa": 173, "spd": 209, "spe": 173}, "types": ["Water", "Fighting"]}, "Spidops": {"name": "Spidops", "species": "Spidops", "speciesId": "spidops", "gender": "F", "shiny": false, "level": 96, "moves": ["circlethrow", "toxicspikes", "spikes", "stickyweb"], "ability": "Stakeout", "evs": {"hp": 85, "atk": 85, "def": 85, "spa": 85, "spd": 85, "spe": 85}, "ivs": {"hp": 31, "atk": 31, "def": 31, "spa": 31, "spd": 31, "spe": 31}, "item": "Heavy-Duty Boots", "teraType": "Ghost", "role": "Bulky Support", "bvs": {"hp": 60, "atk": 79, "def": 92, "spa": 52, "spd": 86, "spe": 35}, "stats": {"hp": 271, "atk": 206, "def": 231, "spa": 154, "spd": 220, "spe": 122}, "types": ["Bug"]}}, {"Azumarill": {"name": "Azumarill", "species": "Azumarill", "speciesId": "azumarill", "gender": "F", "shiny": false, "level": 82, "moves": ["playrough", "aquajet", "liquidation", "icespinner"], "ability": "Huge Power", "evs": {"hp": 85, "atk": 85, "def": 85, "spa": 85, "spd": 85, "spe": 85}, "ivs": {"hp": 31, "atk": 31, "def": 31, "spa": 31, "spd": 31, "spe": 31}, "item": "Choice Band", "teraType": "Water", "role": "Bulky Attacker", "bvs": {"hp": 100, "atk": 50, "def": 80, "spa": 60, "spd": 80, "spe": 50}, "stats": {"hp": 298, "atk": 129, "def": 178, "spa": 146, "spd": 178, "spe": 129}, "types": ["Water", "Fairy"]}, "Coalossal": {"name": "Coalossal", "species": "Coalossal", "speciesId": "coalossal", "gender": "F", "shiny": false, "level": 89, "moves": ["flamethrower", "stoneedge", "stealthrock", "rapidspin"], "ability": "Flame Body", "evs": {"hp": 85, "atk": 85, "def": 85, "spa": 85, "spd": 85, "spe": 85}, "ivs": {"hp": 31, "atk": 31, "def": 31, "spa": 31, "spd": 31, "spe": 31}, "item": "Heavy-Duty Boots", "teraType": "Water", "role": "Bulky Support", "bvs": {"hp": 110, "atk": 80, "def": 120, "spa": 80, "spd": 90, "spe": 30}, "stats": {"hp": 341, "atk": 193, "def": 264, "spa": 193, "spd": 211, "spe": 104}, "types": ["Rock", "Fire"]}, "Slowbro": {"name": "Slowbro", "species": "Slowbro", "speciesId": "slowbro", "gender": "F", "shiny": false, "level": 85, "moves": ["psychicnoise", "scald", "thunderwave", "slackoff"], "ability": "Regenerator", "evs": {"hp": 85, "atk": 0, "def": 85, "spa": 85, "spd": 85, "spe": 85}, "ivs": {"hp": 31, "atk": 0, "def": 31, "spa": 31, "spd": 31, "spe": 31}, "item": "Leftovers", "teraType": "Poison", "role": "Bulky Attacker", "bvs": {"hp": 95, "atk": 75, "def": 110, "spa": 100, "spd": 80, "spe": 30}, "stats": {"hp": 300, "atk": 132, "def": 236, "spa": 219, "spd": 185, "spe": 100}, "types": ["Water", "Psychic"]}, "Chimecho": {"name": "Chimecho", "species": "Chimecho", "speciesId": "chimecho", "gender": "F", "shiny": false, "level": 93, "moves": ["dazzlinggleam", "recover", "storedpower", "cosmicpower"], "ability": "Levitate", "evs": {"hp": 85, "atk": 0, "def": 85, "spa": 85, "spd": 85, "spe": 85}, "ivs": {"hp": 31, "atk": 0, "def": 31, "spa": 31, "spd": 31, "spe": 31}, "item": "Leftovers", "teraType": "Steel", "role": "Bulky Attacker", "bvs": {"hp": 75, "atk": 50, "def": 80, "spa": 95, "spd": 90, "spe": 65}, "stats": {"hp": 290, "atk": 98, "def": 202, "spa": 230, "spd": 220, "spe": 174}, "types": ["Psychic"]}, "Iron Valiant": {"name": "Iron Valiant", "species": "Iron Valiant", "speciesId": "ironvaliant", "gender": "N", "shiny": false, "level": 78, "moves": ["psychic", "moonblast", "closecombat", "calmmind"], "ability": "Quark Drive", "evs": {"hp": 85, "atk": 85, "def": 85, "spa": 85, "spd": 85, "spe": 85}, "ivs": {"hp": 31, "atk": 31, "def": 31, "spa": 31, "spd": 31, "spe": 31}, "item": "Life Orb", "teraType": "Fairy", "role": "Fast Attacker", "bvs": {"hp": 74, "atk": 130, "def": 90, "spa": 120, "spd": 60, "spe": 116}, "stats": {"hp": 244, "atk": 248, "def": 185, "spa": 232, "spd": 139, "spe": 226}, "types": ["Fairy", "Fighting"]}, "Articuno": {"name": "Articuno", "species": "Articuno", "speciesId": "articuno", "gender": "N", "shiny": false, "level": 86, "moves": ["roost", "uturn", "freezedry", "bravebird"], "ability": "Pressure", "evs": {"hp": 85, "atk": 85, "def": 85, "spa": 85, "spd": 85, "spe": 85}, "ivs": {"hp": 31, "atk": 31, "def": 31, "spa": 31, "spd": 31, "spe": 31}, "item": "Heavy-Duty Boots", "teraType": "Ground", "role": "Bulky Support", "bvs": {"hp": 90, "atk": 85, "def": 100, "spa": 95, "spd": 125, "spe": 85}, "stats": {"hp": 295, "atk": 195, "def": 221, "spa": 213, "spd": 264, "spe": 195}, "types": ["Ice", "Flying"]}}]}