{"id": "gen9randombattle-2631448132", "format": "[Gen 9] Random Battle", "players": ["Axelace", "Petilil37"], "log": "|j|\u2606Axelace\n|j|\u203dPetilil37\n|t:|1781385888\n|gametype|singles\n|player|p1|Axelace|riley|2094\n|player|p2|Petilil37|2|2097\n|gen|9\n|tier|[Gen 9] Random Battle\n|rated|\n|rule|Species Clause: Limit one of each Pok\u00e9mon\n|rule|HP Percentage Mod: HP is shown in percentages\n|rule|Sleep Clause Mod: Limit one foe put to sleep\n|rule|Illusion Level Mod: Illusion disguises the Pok\u00e9mon's true level\n|\n|t:|1781385888\n|teamsize|p1|6\n|teamsize|p2|6\n|start\n|switch|p1a: Latias|Latias, L79, F|256/256\n|switch|p2a: Tauros|Tauros-Paldea-Combat, L82, M|257/257\n|-ability|p2a: Tauros|Intimidate|boost\n|-unboost|p1a: Latias|atk|1\n|turn|1\n|\n|t:|1781385910\n|switch|p2a: Perrserker|Perrserker, L89, F|269/269\n|move|p1a: Latias|Calm Mind|p1a: Latias\n|-boost|p1a: Latias|spa|1\n|-boost|p1a: Latias|spd|1\n|\n|upkeep\n|turn|2\n|\n|t:|1781385925\n|move|p1a: Latias|Draco Meteor|p2a: Perrserker\n|-resisted|p2a: Perrserker\n|-damage|p2a: Perrserker|123/269\n|-unboost|p1a: Latias|spa|2\n|move|p2a: Perrserker|Stealth Rock|p1a: Latias\n|-sidestart|p1: Axelace|move: Stealth Rock\n|\n|upkeep\n|turn|3\n|\n|t:|1781385934\n|switch|p1a: Overqwil|Overqwil, L82, F|274/274\n|-damage|p1a: Overqwil|240/274|[from] Stealth Rock\n|-ability|p1a: Overqwil|Intimidate|boost\n|-unboost|p2a: Perrserker|atk|1\n|move|p2a: Perrserker|U-turn|p1a: Overqwil\n|-damage|p1a: Overqwil|178/274\n|-damage|p2a: Perrserker|97/269|[from] item: Life Orb\n|\n|t:|1781385940\n|switch|p2a: Ambipom|Ambipom, L84, F|263/263|[from] U-turn\n|\n|upkeep\n|turn|4\n|\n|t:|1781385944\n|move|p2a: Ambipom|Fake Out|p1a: Overqwil\n|-damage|p1a: Overqwil|105/274\n|cant|p1a: Overqwil|flinch\n|\n|upkeep\n|turn|5\n|\n|t:|1781385948\n|move|p2a: Ambipom|Double-Edge|p1a: Overqwil\n|-damage|p1a: Overqwil|0 fnt\n|faint|p1a: Overqwil\n|-damage|p2a: Ambipom|228/263|[from] Recoil\n|\n|upkeep\n|\n|t:|1781385956\n|switch|p1a: Excadrill|Excadrill, L79, M|303/303\n|-damage|p1a: Excadrill|294/303|[from] Stealth Rock\n|-ability|p1a: Excadrill|Mold Breaker\n|turn|6\n|\n|t:|1781385960\n|move|p2a: Ambipom|U-turn|p1a: Excadrill\n|-resisted|p1a: Excadrill\n|-damage|p1a: Excadrill|261/303\n|\n|t:|1781385961\n|switch|p2a: Tauros|Tauros-Paldea-Combat, L82, M|257/257|[from] U-turn\n|-ability|p2a: Tauros|Intimidate|boost\n|-unboost|p1a: Excadrill|atk|1\n|move|p1a: Excadrill|Rapid Spin|p2a: Tauros\n|-crit|p2a: Tauros\n|-damage|p2a: Tauros|199/257\n|-boost|p1a: Excadrill|spe|1\n|-sideend|p1: Axelace|Stealth Rock|[from] move: Rapid Spin|[of] p1a: Excadrill\n|\n|upkeep\n|turn|7\n|\n|t:|1781385971\n|move|p1a: Excadrill|Iron Head|p2a: Tauros\n|-damage|p2a: Tauros|142/257\n|move|p2a: Tauros|Throat Chop|p1a: Excadrill\n|-damage|p1a: Excadrill|141/303\n|-start|p1a: Excadrill|Throat Chop|[silent]\n|\n|upkeep\n|turn|8\n|\n|t:|1781385981\n|move|p1a: Excadrill|Earthquake|p2a: Tauros\n|-damage|p2a: Tauros|69/257\n|move|p2a: Tauros|Throat Chop|p1a: Excadrill\n|-damage|p1a: Excadrill|21/303\n|\n|-end|p1a: Excadrill|Throat Chop|[silent]\n|upkeep\n|turn|9\n|\n|t:|1781385989\n|move|p1a: Excadrill|Earthquake|p2a: Tauros\n|-damage|p2a: Tauros|2/257\n|move|p2a: Tauros|Throat Chop|p1a: Excadrill\n|-damage|p1a: Excadrill|0 fnt\n|faint|p1a: Excadrill\n|\n|upkeep\n|\n|t:|1781385999\n|switch|p1a: Koraidon|Koraidon, L64|235/235\n|-weather|SunnyDay|[from] ability: Orichalcum Pulse|[of] p1a: Koraidon\n|-activate|p1a: Koraidon|Orichalcum Pulse|[source]\n|turn|10\n|\n|t:|1781386004\n|switch|p2a: Dachsbun|Dachsbun, L92, M|254/254\n|move|p1a: Koraidon|Flare Blitz|p2a: Dachsbun\n|-ability|p2a: Dachsbun|Well-Baked Body|boost\n|-boost|p2a: Dachsbun|def|2\n|\n|-weather|SunnyDay|[upkeep]\n|upkeep\n|turn|11\n|\n|t:|1781386012\n|switch|p1a: Seviper|Seviper, L93, F|287/287\n|move|p2a: Dachsbun|Body Press|p1a: Seviper\n|-resisted|p1a: Seviper\n|-damage|p1a: Seviper|193/287\n|\n|-weather|SunnyDay|[upkeep]\n|upkeep\n|turn|12\n|\n|t:|1781386022\n|switch|p2a: Tauros|Tauros-Paldea-Combat, L82, M|2/257\n|-ability|p2a: Tauros|Intimidate|boost\n|-unboost|p1a: Seviper|atk|1\n|move|p1a: Seviper|Knock Off|p2a: Tauros\n|-resisted|p2a: Tauros\n|-damage|p2a: Tauros|0 fnt\n|-enditem|p2a: Tauros|Choice Band|[from] move: Knock Off|[of] p1a: Seviper\n|faint|p2a: Tauros\n|-damage|p1a: Seviper|165/287|[from] item: Life Orb\n|\n|-weather|SunnyDay|[upkeep]\n|upkeep\n|\n|t:|1781386025\n|switch|p2a: Ambipom|Ambipom, L84, F|228/263\n|turn|13\n|\n|t:|1781386030\n|move|p2a: Ambipom|Double-Edge|p1a: Seviper\n|-damage|p1a: Seviper|0 fnt\n|faint|p1a: Seviper\n|-damage|p2a: Ambipom|174/263|[from] Recoil\n|\n|-weather|SunnyDay|[upkeep]\n|upkeep\n|\n|t:|1781386036\n|switch|p1a: Koraidon|Koraidon, L64|235/235\n|-activate|p1a: Koraidon|ability: Orichalcum Pulse\n|turn|14\n|\n|t:|1781386040\n|move|p2a: Ambipom|U-turn|p1a: Koraidon\n|-resisted|p1a: Koraidon\n|-damage|p1a: Koraidon|207/235\n|\n|t:|1781386041\n|switch|p2a: Dachsbun|Dachsbun, L92, M|254/254|[from] U-turn\n|move|p1a: Koraidon|U-turn|p2a: Dachsbun\n|-resisted|p2a: Dachsbun\n|-crit|p2a: Dachsbun\n|-damage|p2a: Dachsbun|209/254\n|\n|t:|1781386044\n|switch|p1a: Ambipom|Ambipom, L84, F|263/263|[from] U-turn\n|\n|-weather|none\n|-heal|p2a: Dachsbun|224/254|[from] item: Leftovers\n|upkeep\n|turn|15\n|\n|t:|1781386048\n|move|p2a: Dachsbun|Protect|p2a: Dachsbun\n|-singleturn|p2a: Dachsbun|Protect\n|move|p1a: Ambipom|Double-Edge|p2a: Dachsbun\n|-activate|p2a: Dachsbun|move: Protect\n|\n|-heal|p2a: Dachsbun|239/254|[from] item: Leftovers\n|upkeep\n|turn|16\n|\n|t:|1781386059\n|switch|p2a: Perrserker|Perrserker, L89, F|97/269\n|move|p1a: Ambipom|Knock Off|p2a: Perrserker\n|-damage|p2a: Perrserker|33/269\n|-enditem|p2a: Perrserker|Life Orb|[from] move: Knock Off|[of] p1a: Ambipom\n|\n|upkeep\n|turn|17\n|\n|t:|1781386062\n|move|p1a: Ambipom|Double-Edge|p2a: Perrserker\n|-resisted|p2a: Perrserker\n|-damage|p2a: Perrserker|0 fnt\n|faint|p2a: Perrserker\n|-damage|p1a: Ambipom|252/263|[from] Recoil\n|\n|upkeep\n|\n|t:|1781386067\n|switch|p2a: Pelipper|Pelipper, L86, F|243/243\n|-weather|RainDance|[from] ability: Drizzle|[of] p2a: Pelipper\n|turn|18\n|\n|t:|1781386078\n|switch|p1a: Koraidon|Koraidon, L64|207/235\n|-weather|SunnyDay|[from] ability: Orichalcum Pulse|[of] p1a: Koraidon\n|-activate|p1a: Koraidon|Orichalcum Pulse|[source]\n|move|p2a: Pelipper|U-turn|p1a: Koraidon\n|-resisted|p1a: Koraidon\n|-damage|p1a: Koraidon|190/235\n|\n|t:|1781386083\n|switch|p2a: Dachsbun|Dachsbun, L92, M|239/254|[from] U-turn\n|\n|-weather|SunnyDay|[upkeep]\n|-heal|p2a: Dachsbun|254/254|[from] item: Leftovers\n|upkeep\n|turn|19\n|\n|t:|1781386087\n|move|p2a: Dachsbun|Play Rough|p1a: Koraidon\n|-supereffective|p1a: Koraidon\n|-damage|p1a: Koraidon|0 fnt\n|faint|p1a: Koraidon\n|\n|-weather|SunnyDay|[upkeep]\n|upkeep\n|\n|t:|1781386091\n|switch|p1a: Ambipom|Ambipom, L84, F|252/263\n|turn|20\n|\n|t:|1781386100\n|move|p2a: Dachsbun|Protect|p2a: Dachsbun\n|-singleturn|p2a: Dachsbun|Protect\n|move|p1a: Ambipom|Knock Off|p2a: Dachsbun\n|-activate|p2a: Dachsbun|move: Protect\n|\n|-weather|SunnyDay|[upkeep]\n|upkeep\n|turn|21\n|\n|t:|1781386107\n|-terastallize|p2a: Dachsbun|Steel\n|move|p1a: Ambipom|Knock Off|p2a: Dachsbun\n|-crit|p2a: Dachsbun\n|-damage|p2a: Dachsbun|176/254\n|-enditem|p2a: Dachsbun|Leftovers|[from] move: Knock Off|[of] p1a: Ambipom\n|move|p2a: Dachsbun|Body Press|p1a: Ambipom\n|-supereffective|p1a: Ambipom\n|-damage|p1a: Ambipom|76/263\n|\n|-weather|SunnyDay|[upkeep]\n|upkeep\n|turn|22\n|\n|t:|1781386117\n|move|p1a: Ambipom|Double-Edge|p2a: Dachsbun\n|-resisted|p2a: Dachsbun\n|-damage|p2a: Dachsbun|116/254\n|-damage|p1a: Ambipom|56/263|[from] Recoil\n|move|p2a: Dachsbun|Wish|p2a: Dachsbun\n|\n|-weather|none\n|upkeep\n|turn|23\n|\n|t:|1781386122\n|switch|p1a: Latias|Latias, L79, F|256/256\n|move|p2a: Dachsbun|Protect||[still]\n|-fail|p2a: Dachsbun\n|\n|-heal|p2a: Dachsbun|243/254|[from] move: Wish|[wisher] Dachsbun\n|upkeep\n|turn|24\n|\n|t:|1781386127\n|-terastallize|p1a: Latias|Steel\n|move|p2a: Dachsbun|Play Rough|p1a: Latias\n|-resisted|p1a: Latias\n|-damage|p1a: Latias|209/256\n|move|p1a: Latias|Calm Mind|p1a: Latias\n|-boost|p1a: Latias|spa|1\n|-boost|p1a: Latias|spd|1\n|\n|upkeep\n|turn|25\n|\n|t:|1781386134\n|move|p2a: Dachsbun|Body Press|p1a: Latias\n|-supereffective|p1a: Latias\n|-damage|p1a: Latias|47/256\n|move|p1a: Latias|Recover|p1a: Latias\n|-heal|p1a: Latias|175/256\n|\n|upkeep\n|turn|26\n|\n|t:|1781386138\n|move|p2a: Dachsbun|Body Press|p1a: Latias\n|-supereffective|p1a: Latias\n|-damage|p1a: Latias|11/256\n|move|p1a: Latias|Draco Meteor|p2a: Dachsbun\n|-resisted|p2a: Dachsbun\n|-damage|p2a: Dachsbun|129/254\n|-unboost|p1a: Latias|spa|2\n|\n|upkeep\n|turn|27\n|-message|Axelace forfeited.\n|\n|win|Petilil37\n", "inputlog": ">version a8376a258c1d4662feba110a92103f3664a72141\n>start {\"formatid\":\"gen9randombattle\",\"seed\":\"sodium,63ca22fe944327dffe3c61718c78b80f\",\"rated\":\"Rated battle\"}\n>player p1 {\"name\":\"Axelace\",\"avatar\":\"riley\",\"rating\":2094,\"seed\":\"sodium,e556f8cfd56ba7333e90e470f9d579c2\"}\n>player p2 {\"name\":\"Petilil37\",\"avatar\":\"2\",\"rating\":2097,\"seed\":\"sodium,6ee1a917679b08a6da3fda0ad5d3eac6\"}\n>p1 move calmmind\n>p2 switch 5\n>p1 move dracometeor\n>p2 move stealthrock\n>p1 switch 4\n>p2 move uturn\n>p2 switch 3\n>p1 move gunkshot\n>p2 move fakeout\n>p1 move gunkshot\n>p2 move doubleedge\n>p1 switch 2\n>p1 move rapidspin\n>p2 move uturn\n>p2 switch 5\n>p1 move ironhead\n>p2 move throatchop\n>p1 move earthquake\n>p2 move throatchop\n>p1 move earthquake\n>p2 move throatchop\n>p1 switch 3\n>p1 move flareblitz\n>p2 switch 6\n>p1 switch 5\n>p2 move bodypress\n>p1 move knockoff\n>p2 switch 6\n>p2 switch 5\n>p1 move gunkshot\n>p2 move doubleedge\n>p1 switch 5\n>p1 move uturn\n>p2 move uturn\n>p2 switch 6\n>p1 switch 6\n>p1 move doubleedge\n>p2 move protect\n>p1 move knockoff\n>p2 switch 3\n>p1 move doubleedge\n>p2 move uturn\n>p2 switch 4\n>p1 switch 6\n>p2 move uturn\n>p2 switch 3\n>p1 move uturn\n>p2 move playrough\n>p1 switch 6\n>p1 move knockoff\n>p2 move protect\n>p1 move knockoff\n>p2 move bodypress terastallize\n>p1 move doubleedge\n>p2 move wish\n>p1 switch 4\n>p2 move protect\n>p1 move calmmind terastallize\n>p2 move playrough\n>p1 move recover\n>p2 move bodypress\n>p1 move dracometeor\n>p2 move bodypress\n>forcelose p1", "uploadtime": 1781385889, "views": 5, "formatid": "gen9randombattle", "rating": null, "private": 0, "password": null}