{"id": "gen9randombattle-2631374629", "format": "[Gen 9] Random Battle", "players": ["Usummega", "jimothy cool yt"], "log": "|badge|p2|silver|gen9randombattle|30-9\n|uhtml|medal-msg|<div class=\"broadcast-blue\">Curious what those medals under the avatar are? PS now has Ladder Seasons! For more information, check out the <a href=\"https://www.smogon.com/forums/threads/3740067/\">thread on Smogon.</a></div>\n|j|\u2606Usummega\n|j|\u2606jimothy cool yt\n|t:|1781377159\n|gametype|singles\n|player|p1|Usummega|maxie-gen6|2248\n|player|p2|jimothy cool yt|lucas|2416\n|gen|9\n|tier|[Gen 9] Random Battle\n|rated|\n|rule|Species Clause: Limit one of each Pok\u00e9mon\n|rule|HP Percentage Mod: HP is shown in percentages\n|rule|Sleep Clause Mod: Limit one foe put to sleep\n|rule|Illusion Level Mod: Illusion disguises the Pok\u00e9mon's true level\n|\n|t:|1781377159\n|teamsize|p1|6\n|teamsize|p2|6\n|start\n|switch|p1a: Electivire|Electivire, L84, F|263/263\n|switch|p2a: Iron Boulder|Iron Boulder, L77|265/265\n|turn|1\n|inactive|Battle timer is ON: inactive players will automatically lose when time's up. (requested by jimothy cool yt)\n|inactive|Usummega has 120 seconds left.\n|\n|t:|1781377214\n|-end|p2a: Iron Boulder|Quark Drive|[silent]\n|switch|p2a: Quagsire|Quagsire, L84, M|297/297\n|switch|p1a: Dondozo|Dondozo, L78, M|362/362\n|\n|upkeep\n|turn|2\n|\n|t:|1781377230\n|move|p2a: Quagsire|Spikes|p1a: Dondozo\n|-sidestart|p1: Usummega|Spikes\n|move|p1a: Dondozo|Wave Crash|p2a: Quagsire\n|-damage|p2a: Quagsire|185/297\n|-damage|p1a: Dondozo|325/362|[from] Recoil\n|\n|-heal|p2a: Quagsire|203/297|[from] item: Leftovers\n|-heal|p1a: Dondozo|347/362|[from] item: Leftovers\n|upkeep\n|turn|3\n|\n|t:|1781377239\n|switch|p1a: Serperior|Serperior, L79, F|248/248\n|-damage|p1a: Serperior|217/248|[from] Spikes\n|move|p2a: Quagsire|Spikes|p1a: Serperior\n|-sidestart|p1: Usummega|Spikes\n|\n|-heal|p1a: Serperior|232/248|[from] item: Leftovers\n|-heal|p2a: Quagsire|221/297|[from] item: Leftovers\n|upkeep\n|turn|4\n|\n|t:|1781377244\n|switch|p2a: Spidops|Spidops, L96, F|271/271\n|move|p1a: Serperior|Substitute|p1a: Serperior\n|-start|p1a: Serperior|Substitute\n|-damage|p1a: Serperior|170/248\n|\n|-heal|p1a: Serperior|185/248|[from] item: Leftovers\n|upkeep\n|turn|5\n|inactive|Usummega has 120 seconds left.\n|inactive|Usummega has 90 seconds left.\n|\n|t:|1781377312\n|move|p1a: Serperior|Leaf Storm|p2a: Spidops|[miss]\n|-miss|p1a: Serperior|p2a: Spidops\n|move|p2a: Spidops|Knock Off|p1a: Serperior\n|-end|p1a: Serperior|Substitute\n|\n|-heal|p1a: Serperior|200/248|[from] item: Leftovers\n|upkeep\n|turn|6\n|inactive|Usummega has 90 seconds left.\n|\n|t:|1781377320\n|move|p1a: Serperior|Leaf Storm|p2a: Spidops\n|-resisted|p2a: Spidops\n|-damage|p2a: Spidops|224/271\n|-boost|p1a: Serperior|spa|2\n|move|p2a: Spidops|Toxic Spikes|p1a: Serperior\n|-sidestart|p1: Usummega|move: Toxic Spikes\n|\n|-heal|p1a: Serperior|215/248|[from] item: Leftovers\n|upkeep\n|turn|7\n|inactive|Usummega has 90 seconds left.\n|\n|t:|1781377336\n|move|p1a: Serperior|Leaf Storm|p2a: Spidops\n|-resisted|p2a: Spidops\n|-damage|p2a: Spidops|143/271\n|-boost|p1a: Serperior|spa|2\n|move|p2a: Spidops|Circle Throw|p1a: Serperior\n|-damage|p1a: Serperior|167/248\n|drag|p1a: Entei|Entei, L78|307/307\n|-damage|p1a: Entei|256/307|[from] Spikes\n|-status|p1a: Entei|psn\n|\n|-damage|p1a: Entei|218/307 psn|[from] psn\n|upkeep\n|turn|8\n|inactive|Usummega has 90 seconds left.\n|\n|t:|1781377353\n|switch|p2a: Dewgong|Dewgong, L94, M|322/322\n|move|p1a: Entei|Sacred Fire|p2a: Dewgong\n|-damage|p2a: Dewgong|250/322\n|\n|-damage|p1a: Entei|180/307 psn|[from] psn\n|upkeep\n|turn|9\n|inactive|Usummega has 90 seconds left.\n|\n|t:|1781377368\n|move|p1a: Entei|Sacred Fire|p2a: Dewgong\n|-damage|p2a: Dewgong|169/322\n|move|p2a: Dewgong|Flip Turn|p1a: Entei\n|-supereffective|p1a: Entei\n|-damage|p1a: Entei|46/307 psn\n|\n|t:|1781377385\n|switch|p2a: Armarouge|Armarouge, L80, M|267/267|[from] Flip Turn\n|\n|-damage|p1a: Entei|8/307 psn|[from] psn\n|upkeep\n|turn|10\n|\n|t:|1781377397\n|switch|p1a: Magmortar|Magmortar, L88, M|275/275\n|move|p2a: Armarouge|Armor Cannon|p1a: Magmortar\n|-resisted|p1a: Magmortar\n|-damage|p1a: Magmortar|176/275\n|-unboost|p2a: Armarouge|def|1\n|-unboost|p2a: Armarouge|spd|1\n|\n|upkeep\n|turn|11\n|inactive|jimothy cool yt has 120 seconds left.\n|\n|t:|1781377429\n|switch|p2a: Quagsire|Quagsire, L84, M|221/297\n|move|p1a: Magmortar|Fire Blast|p2a: Quagsire\n|-resisted|p2a: Quagsire\n|-damage|p2a: Quagsire|131/297\n|-status|p2a: Quagsire|brn\n|\n|-heal|p2a: Quagsire|149/297 brn|[from] item: Leftovers\n|-damage|p2a: Quagsire|131/297 brn|[from] brn\n|upkeep\n|turn|12\n|\n|t:|1781377448\n|move|p1a: Magmortar|Taunt|p2a: Quagsire\n|-start|p2a: Quagsire|move: Taunt\n|cant|p2a: Quagsire|move: Taunt|Recover\n|\n|-heal|p2a: Quagsire|149/297 brn|[from] item: Leftovers\n|-damage|p2a: Quagsire|131/297 brn|[from] brn\n|upkeep\n|turn|13\n|\n|t:|1781377456\n|switch|p1a: Entei|Entei, L78|8/307 psn\n|-damage|p1a: Entei|0 fnt|[from] Spikes\n|faint|p1a: Entei\n|move|p2a: Quagsire|Earthquake|p1: Entei|[notarget]\n|-fail|p2a: Quagsire\n|\n|-heal|p2a: Quagsire|149/297 brn|[from] item: Leftovers\n|-damage|p2a: Quagsire|131/297 brn|[from] brn\n|upkeep\n|inactive|Usummega has 90 seconds left.\n|\n|t:|1781377471\n|switch|p1a: Serperior|Serperior, L79, F|167/248\n|-damage|p1a: Serperior|126/248|[from] Spikes\n|-status|p1a: Serperior|psn\n|turn|14\n|\n|t:|1781377481\n|switch|p2a: Spidops|Spidops, L96, F|143/271\n|move|p1a: Serperior|Leaf Storm|p2a: Spidops|[miss]\n|-miss|p1a: Serperior|p2a: Spidops\n|\n|-heal|p1a: Serperior|141/248 psn|[from] item: Leftovers\n|-damage|p1a: Serperior|110/248 psn|[from] psn\n|upkeep\n|turn|15\n|\n|t:|1781377498\n|move|p1a: Serperior|Leech Seed|p2a: Spidops\n|-start|p2a: Spidops|move: Leech Seed\n|move|p2a: Spidops|Toxic Spikes|p1a: Serperior\n|-sidestart|p1: Usummega|move: Toxic Spikes\n|\n|-heal|p1a: Serperior|125/248 psn|[from] item: Leftovers\n|-damage|p2a: Spidops|110/271|[from] Leech Seed|[of] p1a: Serperior\n|-heal|p1a: Serperior|158/248 psn|[silent]\n|-damage|p1a: Serperior|127/248 psn|[from] psn\n|upkeep\n|turn|16\n|\n|t:|1781377511\n|move|p1a: Serperior|Leaf Storm|p2a: Spidops\n|-resisted|p2a: Spidops\n|-damage|p2a: Spidops|63/271\n|-boost|p1a: Serperior|spa|2\n|move|p2a: Spidops|Knock Off|p1a: Serperior\n|-damage|p1a: Serperior|50/248 psn\n|-enditem|p1a: Serperior|Leftovers|[from] move: Knock Off|[of] p2a: Spidops\n|\n|-damage|p2a: Spidops|30/271|[from] Leech Seed|[of] p1a: Serperior\n|-heal|p1a: Serperior|83/248 psn|[silent]\n|-damage|p1a: Serperior|52/248 psn|[from] psn\n|upkeep\n|turn|17\n|\n|t:|1781377518\n|move|p1a: Serperior|Leaf Storm|p2a: Spidops\n|-resisted|p2a: Spidops\n|-crit|p2a: Spidops\n|-damage|p2a: Spidops|0 fnt\n|-boost|p1a: Serperior|spa|2\n|faint|p2a: Spidops\n|\n|-damage|p1a: Serperior|21/248 psn|[from] psn\n|upkeep\n|\n|t:|1781377524\n|switch|p2a: Iron Boulder|Iron Boulder, L77|265/265\n|turn|18\n|\n|t:|1781377539\n|move|p2a: Iron Boulder|Mighty Cleave|p1a: Serperior\n|-damage|p1a: Serperior|0 fnt\n|faint|p1a: Serperior\n|-damage|p2a: Iron Boulder|239/265|[from] item: Life Orb\n|\n|upkeep\n|\n|t:|1781377551\n|switch|p1a: Dondozo|Dondozo, L78, M|347/362\n|-damage|p1a: Dondozo|287/362|[from] Spikes\n|-status|p1a: Dondozo|tox\n|turn|19\n|\n|t:|1781377556\n|-end|p2a: Iron Boulder|Quark Drive|[silent]\n|switch|p2a: Dewgong|Dewgong, L94, M|169/322\n|move|p1a: Dondozo|Rest|p1a: Dondozo\n|-status|p1a: Dondozo|slp|[from] move: Rest\n|-heal|p1a: Dondozo|362/362 slp|[silent]\n|\n|upkeep\n|turn|20\n|\n|t:|1781377571\n|switch|p1a: Magmortar|Magmortar, L88, M|176/275\n|move|p2a: Dewgong|Encore||[still]\n|-fail|p2a: Dewgong\n|\n|upkeep\n|turn|21\n|\n|t:|1781377589\n|switch|p2a: Gliscor|Gliscor, L76, M|239/239\n|move|p1a: Magmortar|Thunderbolt|p2a: Gliscor\n|-immune|p2a: Gliscor\n|\n|-status|p2a: Gliscor|tox|[from] item: Toxic Orb\n|upkeep\n|turn|22\n|inactive|Usummega has 120 seconds left.\n|\n|t:|1781377618\n|switch|p1a: Rabsca|Rabsca, L91, M|284/284\n|move|p2a: Gliscor|Earthquake|p1a: Rabsca\n|-resisted|p1a: Rabsca\n|-damage|p1a: Rabsca|241/284\n|\n|upkeep\n|turn|23\n|inactive|Usummega has 120 seconds left.\n|\n|t:|1781377628\n|move|p2a: Gliscor|Toxic|p1a: Rabsca\n|-status|p1a: Rabsca|tox\n|-activate|p1a: Rabsca|ability: Synchronize\n|-fail|p2a: Gliscor|tox\n|move|p1a: Rabsca|Psychic|p2a: Gliscor\n|-damage|p2a: Gliscor|86/239 tox\n|\n|-heal|p2a: Gliscor|115/239 tox|[from] ability: Poison Heal\n|-damage|p1a: Rabsca|224/284 tox|[from] psn\n|upkeep\n|turn|24\n|\n|t:|1781377644\n|switch|p2a: Armarouge|Armarouge, L80, M|267/267\n|move|p1a: Rabsca|Revival Blessing|p1a: Rabsca\n|inactive|Usummega has 120 seconds left.\n|\n|t:|1781377660\n|-heal|p1: Serperior|124/248|[from] move: Revival Blessing\n|\n|-damage|p1a: Rabsca|190/284 tox|[from] psn\n|upkeep\n|turn|25\n|\n|t:|1781377665\n|switch|p1a: Magmortar|Magmortar, L88, M|176/275\n|move|p2a: Armarouge|Armor Cannon|p1a: Magmortar\n|-resisted|p1a: Magmortar\n|-damage|p1a: Magmortar|73/275\n|-unboost|p2a: Armarouge|def|1\n|-unboost|p2a: Armarouge|spd|1\n|\n|upkeep\n|turn|26\n|\n|t:|1781377673\n|move|p1a: Magmortar|Scorching Sands|p2a: Armarouge\n|-supereffective|p2a: Armarouge\n|-damage|p2a: Armarouge|33/267\n|move|p2a: Armarouge|Armor Cannon|p1a: Magmortar\n|-resisted|p1a: Magmortar\n|-damage|p1a: Magmortar|0 fnt\n|-unboost|p2a: Armarouge|def|1\n|-unboost|p2a: Armarouge|spd|1\n|faint|p1a: Magmortar\n|\n|upkeep\n|\n|t:|1781377678\n|switch|p1a: Electivire|Electivire, L84, F|263/263\n|-damage|p1a: Electivire|220/263|[from] Spikes\n|-status|p1a: Electivire|tox\n|turn|27\n|\n|t:|1781377690\n|switch|p2a: Quagsire|Quagsire, L84, M|131/297 brn\n|move|p1a: Electivire|Flamethrower|p2a: Quagsire\n|-resisted|p2a: Quagsire\n|-damage|p2a: Quagsire|80/297 brn\n|-damage|p1a: Electivire|194/263 tox|[from] item: Life Orb\n|\n|-heal|p2a: Quagsire|98/297 brn|[from] item: Leftovers\n|-damage|p1a: Electivire|178/263 tox|[from] psn\n|-damage|p2a: Quagsire|80/297 brn|[from] brn\n|upkeep\n|turn|28\n|\n|t:|1781377697\n|switch|p2a: Gliscor|Gliscor, L76, M|115/239 tox\n|move|p1a: Electivire|Knock Off|p2a: Gliscor\n|-damage|p2a: Gliscor|21/239 tox\n|-enditem|p2a: Gliscor|Toxic Orb|[from] move: Knock Off|[of] p1a: Electivire\n|-damage|p1a: Electivire|152/263 tox|[from] item: Life Orb\n|\n|-damage|p1a: Electivire|120/263 tox|[from] psn\n|-heal|p2a: Gliscor|50/239 tox|[from] ability: Poison Heal\n|upkeep\n|turn|29\n|\n|t:|1781377703\n|move|p2a: Gliscor|Protect|p2a: Gliscor\n|-singleturn|p2a: Gliscor|Protect\n|move|p1a: Electivire|Flamethrower|p2a: Gliscor\n|-activate|p2a: Gliscor|move: Protect\n|\n|-damage|p1a: Electivire|72/263 tox|[from] psn\n|-heal|p2a: Gliscor|79/239 tox|[from] ability: Poison Heal\n|upkeep\n|turn|30\n|\n|t:|1781377719\n|move|p2a: Gliscor|Protect||[still]\n|-fail|p2a: Gliscor\n|move|p1a: Electivire|Flamethrower|p2a: Gliscor\n|-damage|p2a: Gliscor|0 fnt\n|faint|p2a: Gliscor\n|-damage|p1a: Electivire|46/263 tox|[from] item: Life Orb\n|\n|-damage|p1a: Electivire|0 fnt|[from] psn\n|faint|p1a: Electivire\n|upkeep\n|\n|t:|1781377742\n|switch|p1a: Serperior|Serperior, L79, F|124/248\n|switch|p2a: Iron Boulder|Iron Boulder, L77|239/265\n|-damage|p1a: Serperior|83/248|[from] Spikes\n|-status|p1a: Serperior|tox\n|turn|31\n|\n|t:|1781377749\n|switch|p1a: Rabsca|Rabsca, L91, M|190/284 tox\n|move|p2a: Iron Boulder|Mighty Cleave|p1a: Rabsca\n|-supereffective|p1a: Rabsca\n|-damage|p1a: Rabsca|0 fnt\n|faint|p1a: Rabsca\n|-damage|p2a: Iron Boulder|213/265|[from] item: Life Orb\n|\n|upkeep\n|\n|t:|1781377751\n|switch|p1a: Dondozo|Dondozo, L78, M|362/362 slp\n|-damage|p1a: Dondozo|302/362 slp|[from] Spikes\n|turn|32\n|\n|t:|1781377759\n|-terastallize|p2a: Iron Boulder|Fighting\n|move|p2a: Iron Boulder|Close Combat|p1a: Dondozo\n|-damage|p1a: Dondozo|154/362 slp\n|-unboost|p2a: Iron Boulder|def|1\n|-unboost|p2a: Iron Boulder|spd|1\n|-damage|p2a: Iron Boulder|187/265|[from] item: Life Orb\n|cant|p1a: Dondozo|slp\n|move|p1a: Dondozo|Sleep Talk|p1a: Dondozo\n|move|p1a: Dondozo|Rest||[from] move: Sleep Talk|[still]\n|-fail|p1a: Dondozo\n|\n|-heal|p1a: Dondozo|176/362 slp|[from] item: Leftovers\n|upkeep\n|turn|33\n|\n|t:|1781377776\n|move|p2a: Iron Boulder|Close Combat|p1a: Dondozo\n|-crit|p1a: Dondozo\n|-damage|p1a: Dondozo|0 fnt\n|-unboost|p2a: Iron Boulder|def|1\n|-unboost|p2a: Iron Boulder|spd|1\n|faint|p1a: Dondozo\n|-damage|p2a: Iron Boulder|161/265|[from] item: Life Orb\n|\n|upkeep\n|-message|Usummega forfeited.\n|\n|win|jimothy cool yt\n", "inputlog": ">version a8376a258c1d4662feba110a92103f3664a72141\n>start {\"formatid\":\"gen9randombattle\",\"seed\":\"sodium,2ec6cff828fe2c32d5a37fe6619ffe23\",\"rated\":\"Rated battle\"}\n>player p1 {\"name\":\"Usummega\",\"avatar\":\"maxie-gen6\",\"rating\":2248,\"seed\":\"sodium,4ec2c9c63cf080b1d6e44a4a85cd4daf\"}\n>player p2 {\"name\":\"jimothy cool yt\",\"avatar\":\"lucas\",\"rating\":2416,\"seed\":\"sodium,a4790592f926f4ec1369e4c45221ee62\"}\n>p1 switch 5\n>p2 switch 4\n>p1 move wavecrash\n>p2 move spikes\n>p1 switch 6\n>p2 move spikes\n>p1 move substitute\n>p2 switch 3\n>p1 move leafstorm\n>p2 move knockoff\n>p1 move leafstorm\n>p2 move toxicspikes\n>p1 move leafstorm\n>p2 move circlethrow\n>p1 move sacredfire\n>p2 switch 5\n>p1 move sacredfire\n>p2 move flipturn\n>p2 switch 2\n>p1 switch 3\n>p2 move armorcannon\n>p1 move fireblast\n>p2 switch 3\n>p1 move taunt\n>p2 move recover\n>p1 switch 3\n>p2 move earthquake\n>p1 switch 4\n>p1 move leafstorm\n>p2 switch 5\n>p1 move leechseed\n>p2 move toxicspikes\n>p1 move leafstorm\n>p2 move knockoff\n>p1 move leafstorm\n>p2 move circlethrow\n>p2 switch 4\n>p1 move leafstorm\n>p2 move mightycleave\n>p1 switch 6\n>p1 move rest\n>p2 switch 2\n>p1 switch 3\n>p2 move encore\n>p1 move thunderbolt\n>p2 switch 6\n>p1 switch 2\n>p2 move earthquake\n>p1 move psychic\n>p2 move toxic\n>p1 move revivalblessing\n>p2 switch 3\n>p1 switch 6\n>p1 switch 2\n>p2 move armorcannon\n>p1 move scorchingsands\n>p2 move armorcannon\n>p1 switch 5\n>p1 move flamethrower\n>p2 switch 5\n>p1 move knockoff\n>p2 switch 3\n>p1 move flamethrower\n>p2 move protect\n>p1 move flamethrower\n>p2 move protect\n>p1 switch 6\n>p2 switch 2\n>p1 switch 2\n>p2 move mightycleave\n>p1 switch 3\n>p1 move sleeptalk\n>p2 move closecombat terastallize\n>p1 move sleeptalk\n>p2 move closecombat\n>forcelose p1", "uploadtime": 1781377161, "views": 11, "formatid": "gen9randombattle", "rating": null, "private": 0, "password": null}