{"id": "gen9randombattle-2631424781", "format": "[Gen 9] Random Battle", "players": ["fat boy wonder", "G0d_OfMars20"], "log": "|j|\u2606fat boy wonder\n|j|\u2606G0d_OfMars20\n|t:|1781383022\n|gametype|singles\n|player|p1|fat boy wonder|169|1939\n|player|p2|G0d_OfMars20|chili|1902\n|gen|9\n|tier|[Gen 9] Random Battle\n|rated|\n|rule|Species Clause: Limit one of each Pok\u00e9mon\n|rule|HP Percentage Mod: HP is shown in percentages\n|rule|Sleep Clause Mod: Limit one foe put to sleep\n|rule|Illusion Level Mod: Illusion disguises the Pok\u00e9mon's true level\n|\n|t:|1781383022\n|teamsize|p1|6\n|teamsize|p2|6\n|start\n|switch|p1a: Qwilfish|Qwilfish-Hisui, L83, M|244/244\n|switch|p2a: Froslass|Froslass, L87, F|263/263\n|-ability|p1a: Qwilfish|Intimidate|boost\n|-unboost|p2a: Froslass|atk|1\n|turn|1\n|inactive|Battle timer is ON: inactive players will automatically lose when time's up. (requested by G0d_OfMars20)\n|\n|t:|1781383028\n|move|p2a: Froslass|Spikes|p1a: Qwilfish\n|-sidestart|p1: fat boy wonder|Spikes\n|move|p1a: Qwilfish|Spikes|p2a: Froslass\n|-sidestart|p2: G0d_OfMars20|Spikes\n|\n|upkeep\n|turn|2\n|\n|t:|1781383031\n|move|p2a: Froslass|Spikes|p1a: Qwilfish\n|-sidestart|p1: fat boy wonder|Spikes\n|move|p1a: Qwilfish|Spikes|p2a: Froslass\n|-sidestart|p2: G0d_OfMars20|Spikes\n|\n|upkeep\n|turn|3\n|\n|t:|1781383033\n|move|p2a: Froslass|Spikes|p1a: Qwilfish\n|-sidestart|p1: fat boy wonder|Spikes\n|move|p1a: Qwilfish|Spikes|p2a: Froslass\n|-sidestart|p2: G0d_OfMars20|Spikes\n|\n|upkeep\n|turn|4\n|\n|t:|1781383041\n|move|p2a: Froslass|Triple Axel|p1a: Qwilfish\n|-damage|p1a: Qwilfish|234/244\n|-damage|p1a: Qwilfish|216/244\n|-damage|p1a: Qwilfish|186/244\n|-hitcount|p1a: Qwilfish|3\n|move|p1a: Qwilfish|Crunch|p2a: Froslass\n|-supereffective|p2a: Froslass\n|-damage|p2a: Froslass|77/263\n|\n|upkeep\n|turn|5\n|\n|t:|1781383045\n|move|p2a: Froslass|Destiny Bond|p2a: Froslass\n|-singlemove|p2a: Froslass|Destiny Bond\n|move|p1a: Qwilfish|Crunch|p2a: Froslass\n|-supereffective|p2a: Froslass\n|-damage|p2a: Froslass|0 fnt\n|faint|p2a: Froslass\n|-activate|p2a: Froslass|move: Destiny Bond\n|faint|p1a: Qwilfish\n|\n|upkeep\n|\n|t:|1781383056\n|switch|p2a: Oranguru|Oranguru, L92, M|315/315\n|switch|p1a: Kricketune|Kricketune, L99, F|312/312\n|-damage|p2a: Oranguru|237/315|[from] Spikes\n|turn|6\n|\n|t:|1781383064\n|move|p1a: Kricketune|Pounce|p2a: Oranguru\n|-supereffective|p2a: Oranguru\n|-damage|p2a: Oranguru|43/315\n|-unboost|p2a: Oranguru|spe|1\n|move|p2a: Oranguru|Hyper Voice|p1a: Kricketune\n|-damage|p1a: Kricketune|110/312\n|\n|upkeep\n|turn|7\n|\n|t:|1781383069\n|move|p1a: Kricketune|Pounce|p2a: Oranguru\n|-supereffective|p2a: Oranguru\n|-damage|p2a: Oranguru|0 fnt\n|faint|p2a: Oranguru\n|\n|upkeep\n|\n|t:|1781383089\n|switch|p2a: Whiscash|Whiscash, L88, M|337/337\n|-damage|p2a: Whiscash|253/337|[from] Spikes\n|turn|8\n|\n|t:|1781383093\n|move|p1a: Kricketune|Taunt|p2a: Whiscash\n|-immune|p2a: Whiscash|[from] ability: Oblivious\n|move|p2a: Whiscash|Stealth Rock|p1a: Kricketune\n|-sidestart|p1: fat boy wonder|move: Stealth Rock\n|\n|-heal|p2a: Whiscash|274/337|[from] item: Leftovers\n|upkeep\n|turn|9\n|\n|t:|1781383104\n|move|p1a: Kricketune|Sticky Web|p2a: Whiscash\n|-sidestart|p2: G0d_OfMars20|move: Sticky Web\n|move|p2a: Whiscash|Ice Beam|p1a: Kricketune\n|-damage|p1a: Kricketune|39/312\n|\n|-heal|p2a: Whiscash|295/337|[from] item: Leftovers\n|upkeep\n|turn|10\n|\n|t:|1781383111\n|move|p1a: Kricketune|Knock Off|p2a: Whiscash\n|-damage|p2a: Whiscash|199/337\n|-enditem|p2a: Whiscash|Leftovers|[from] move: Knock Off|[of] p1a: Kricketune\n|move|p2a: Whiscash|Ice Beam|p1a: Kricketune\n|-damage|p1a: Kricketune|0 fnt\n|faint|p1a: Kricketune\n|\n|upkeep\n|\n|t:|1781383118\n|switch|p1a: Armarouge|Armarouge, L80, F|267/267\n|-damage|p1a: Armarouge|201/267|[from] Spikes\n|-damage|p1a: Armarouge|135/267|[from] Stealth Rock\n|turn|11\n|\n|t:|1781383128\n|move|p1a: Armarouge|Energy Ball|p2a: Whiscash\n|-supereffective|p2a: Whiscash\n|-damage|p2a: Whiscash|0 fnt\n|faint|p2a: Whiscash\n|\n|upkeep\n|\n|t:|1781383131\n|switch|p2a: Emboar|Emboar, L84, F|322/322\n|-damage|p2a: Emboar|242/322|[from] Spikes\n|-activate|p2a: Emboar|move: Sticky Web\n|-unboost|p2a: Emboar|spe|1\n|turn|12\n|\n|t:|1781383141\n|switch|p1a: Electrode|Electrode, L92|260/260\n|move|p2a: Emboar|Head Smash|p1a: Electrode\n|-damage|p1a: Electrode|31/260\n|-status|p2a: Emboar|par|[from] ability: Static|[of] p1a: Electrode\n|-damage|p2a: Emboar|127/322 par|[from] Recoil\n|\n|upkeep\n|turn|13\n|\n|t:|1781383148\n|move|p1a: Electrode|Thunderbolt|p2a: Emboar\n|-damage|p2a: Emboar|0 fnt\n|faint|p2a: Emboar\n|\n|upkeep\n|\n|t:|1781383160\n|switch|p2a: Bastiodon|Bastiodon, L89, M|252/252\n|-damage|p2a: Bastiodon|189/252|[from] Spikes\n|-activate|p2a: Bastiodon|move: Sticky Web\n|-unboost|p2a: Bastiodon|spe|1\n|turn|14\n|\n|t:|1781383163\n|move|p1a: Electrode|Thunderbolt|p2a: Bastiodon\n|-damage|p2a: Bastiodon|125/252\n|-status|p2a: Bastiodon|par\n|move|p2a: Bastiodon|Body Press|p1a: Electrode\n|-damage|p1a: Electrode|0 fnt\n|faint|p1a: Electrode\n|\n|upkeep\n|\n|t:|1781383170\n|switch|p1a: Armarouge|Armarouge, L80, F|135/267\n|-damage|p1a: Armarouge|69/267|[from] Spikes\n|-damage|p1a: Armarouge|3/267|[from] Stealth Rock\n|turn|15\n|\n|t:|1781383180\n|move|p1a: Armarouge|Armor Cannon|p2a: Bastiodon\n|-damage|p2a: Bastiodon|0 fnt\n|-unboost|p1a: Armarouge|def|1\n|-unboost|p1a: Armarouge|spd|1\n|faint|p2a: Bastiodon\n|\n|upkeep\n|\n|t:|1781383182\n|switch|p2a: Gholdengo|Gholdengo, L77|261/261\n|-damage|p2a: Gholdengo|196/261|[from] Spikes\n|-activate|p2a: Gholdengo|move: Sticky Web\n|-unboost|p2a: Gholdengo|spe|1\n|turn|16\n|\n|t:|1781383185\n|move|p1a: Armarouge|Armor Cannon|p2a: Gholdengo\n|-supereffective|p2a: Gholdengo\n|-damage|p2a: Gholdengo|0 fnt\n|-unboost|p1a: Armarouge|def|1\n|-unboost|p1a: Armarouge|spd|1\n|faint|p2a: Gholdengo\n|\n|win|fat boy wonder\n", "inputlog": ">version a8376a258c1d4662feba110a92103f3664a72141\n>start {\"formatid\":\"gen9randombattle\",\"seed\":\"sodium,5b9d6eb281df53bc70f1f15881ef2db9\",\"rated\":\"Rated battle\"}\n>player p1 {\"name\":\"fat boy wonder\",\"avatar\":\"169\",\"rating\":1939,\"seed\":\"sodium,654bd7e28c9fdac80d28074cadae6a7c\"}\n>player p2 {\"name\":\"G0d_OfMars20\",\"avatar\":\"chili\",\"rating\":1902,\"seed\":\"sodium,0d4ce171814a31f6a7d97e42c2adc7fe\"}\n>p1 move spikes\n>p2 move spikes\n>p1 move spikes\n>p2 move spikes\n>p1 move spikes\n>p2 move spikes\n>p1 move crunch\n>p2 move tripleaxel\n>p1 move crunch\n>p2 move destinybond\n>p1 switch 3\n>p2 switch 4\n>p1 move pounce\n>p2 move hypervoice\n>p1 move pounce\n>p2 move hypervoice\n>p2 switch 6\n>p1 move taunt\n>p2 move stealthrock\n>p1 move stickyweb\n>p2 move icebeam\n>p1 move knockoff\n>p2 move icebeam\n>p1 switch 4\n>p1 move energyball\n>p2 move earthquake\n>p2 switch 5\n>p1 switch 2\n>p2 move headsmash\n>p1 move thunderbolt\n>p2 move headsmash\n>p2 switch 3\n>p1 move thunderbolt\n>p2 move bodypress\n>p1 switch 2\n>p1 move armorcannon\n>p2 move rest\n>p2 switch 2\n>p1 move armorcannon\n>p2 move shadowball", "uploadtime": 1781383024, "views": 12, "formatid": "gen9randombattle", "rating": null, "private": 0, "password": null}