{"id": "gen9randombattle-2631582593", "format": "[Gen 9] Random Battle", "players": ["coolbai", "angsi"], "log": "|j|\u2606coolbai\n|j|\u2606angsi\n|t:|1781404446\n|gametype|singles\n|player|p1|coolbai|lillie-masters|1920\n|player|p2|angsi|1|1912\n|gen|9\n|tier|[Gen 9] Random Battle\n|rated|\n|rule|Species Clause: Limit one of each Pok\u00e9mon\n|rule|HP Percentage Mod: HP is shown in percentages\n|rule|Sleep Clause Mod: Limit one foe put to sleep\n|rule|Illusion Level Mod: Illusion disguises the Pok\u00e9mon's true level\n|\n|t:|1781404446\n|teamsize|p1|6\n|teamsize|p2|6\n|start\n|switch|p1a: Cresselia|Cresselia, L80, F|323/323\n|switch|p2a: Baxcalibur|Baxcalibur, L75, M|295/295\n|turn|1\n|\n|t:|1781404468\n|switch|p1a: Glaceon|Glaceon, L94, M|275/275\n|switch|p2a: Sandy Shocks|Sandy Shocks, L80|267/267\n|\n|upkeep\n|turn|2\n|\n|t:|1781404474\n|-end|p2a: Sandy Shocks|Protosynthesis|[silent]\n|switch|p2a: Muk|Muk, L86, M|321/321\n|move|p1a: Glaceon|Freeze-Dry|p2a: Muk\n|-crit|p2a: Muk\n|-damage|p2a: Muk|213/321\n|-status|p2a: Muk|frz\n|\n|upkeep\n|turn|3\n|\n|t:|1781404479\n|move|p1a: Glaceon|Calm Mind|p1a: Glaceon\n|-boost|p1a: Glaceon|spa|1\n|-boost|p1a: Glaceon|spd|1\n|cant|p2a: Muk|frz\n|\n|upkeep\n|turn|4\n|\n|t:|1781404482\n|move|p1a: Glaceon|Freeze-Dry|p2a: Muk\n|-damage|p2a: Muk|111/321 frz\n|cant|p2a: Muk|frz\n|\n|upkeep\n|turn|5\n|\n|t:|1781404486\n|move|p1a: Glaceon|Freeze-Dry|p2a: Muk\n|-damage|p2a: Muk|8/321 frz\n|cant|p2a: Muk|frz\n|\n|upkeep\n|turn|6\n|\n|t:|1781404489\n|move|p1a: Glaceon|Freeze-Dry|p2a: Muk\n|-damage|p2a: Muk|0 fnt\n|faint|p2a: Muk\n|\n|upkeep\n|\n|t:|1781404491\n|switch|p2a: Hitmonlee|Hitmonlee, L85, M|224/224\n|turn|7\n|\n|t:|1781404495\n|switch|p1a: Spiritomb|Spiritomb, L89, F|234/234\n|move|p2a: Hitmonlee|Swords Dance|p2a: Hitmonlee\n|-boost|p2a: Hitmonlee|atk|2\n|\n|upkeep\n|turn|8\n|\n|t:|1781404501\n|-terastallize|p2a: Hitmonlee|Dark\n|move|p2a: Hitmonlee|Knock Off|p1a: Spiritomb\n|-damage|p1a: Spiritomb|45/234\n|-enditem|p1a: Spiritomb|Leftovers|[from] move: Knock Off|[of] p2a: Hitmonlee\n|move|p1a: Spiritomb|Poltergeist|p2a: Hitmonlee\n|-activate|p2a: Hitmonlee|move: Poltergeist|White Herb\n|-resisted|p2a: Hitmonlee\n|-damage|p2a: Hitmonlee|129/224\n|\n|upkeep\n|turn|9\n|\n|t:|1781404509\n|move|p1a: Spiritomb|Sucker Punch|p2a: Hitmonlee\n|-resisted|p2a: Hitmonlee\n|-damage|p2a: Hitmonlee|76/224\n|move|p2a: Hitmonlee|Knock Off|p1a: Spiritomb\n|-damage|p1a: Spiritomb|0 fnt\n|faint|p1a: Spiritomb\n|\n|upkeep\n|inactive|Battle timer is ON: inactive players will automatically lose when time's up. (requested by angsi)\n|\n|t:|1781404520\n|switch|p1a: Ambipom|Ambipom, L84, M|263/263\n|turn|10\n|\n|t:|1781404524\n|switch|p2a: Houndstone|Houndstone, L86, M|264/264\n|move|p1a: Ambipom|U-turn|p2a: Houndstone\n|-resisted|p2a: Houndstone\n|-damage|p2a: Houndstone|249/264\n|\n|t:|1781404541\n|switch|p1a: Glaceon|Glaceon, L94, M|275/275|[from] U-turn\n|\n|-heal|p2a: Houndstone|264/264|[from] item: Leftovers\n|upkeep\n|turn|11\n|\n|t:|1781404545\n|move|p1a: Glaceon|Freeze-Dry|p2a: Houndstone\n|-damage|p2a: Houndstone|165/264\n|move|p2a: Houndstone|Body Press|p1a: Glaceon\n|-supereffective|p1a: Glaceon\n|-damage|p1a: Glaceon|179/275\n|\n|-heal|p2a: Houndstone|181/264|[from] item: Leftovers\n|upkeep\n|turn|12\n|\n|t:|1781404564\n|switch|p2a: Hitmonlee|Hitmonlee, L85, M, tera:Dark|76/224\n|move|p1a: Glaceon|Freeze-Dry|p2a: Hitmonlee\n|-damage|p2a: Hitmonlee|0 fnt\n|faint|p2a: Hitmonlee\n|\n|upkeep\n|\n|t:|1781404575\n|switch|p2a: Sandy Shocks|Sandy Shocks, L80|267/267\n|turn|13\n|-message|angsi forfeited.\n|\n|win|coolbai\n", "inputlog": ">version a8376a258c1d4662feba110a92103f3664a72141\n>start {\"formatid\":\"gen9randombattle\",\"seed\":\"sodium,c310f1538a5e8ca6a669d3b4c15c3125\",\"rated\":\"Rated battle\"}\n>player p1 {\"name\":\"coolbai\",\"avatar\":\"lillie-masters\",\"rating\":1920,\"seed\":\"sodium,b8180fe20b6431854f67464c4f45c9f3\"}\n>player p2 {\"name\":\"angsi\",\"avatar\":\"1\",\"rating\":1912,\"seed\":\"sodium,5f7032a635c91a34b81fd4879e035cac\"}\n>p1 switch 5\n>p2 switch 6\n>p1 move freezedry\n>p2 switch 2\n>p1 move calmmind\n>p2 move knockoff\n>p1 move freezedry\n>p2 move knockoff\n>p1 move freezedry\n>p2 move knockoff\n>p1 move freezedry\n>p2 move knockoff\n>p2 switch 5\n>p1 switch 4\n>p2 move swordsdance\n>p1 move poltergeist\n>p2 move knockoff terastallize\n>p1 move suckerpunch\n>p2 move knockoff\n>p1 switch 2\n>p1 move uturn\n>p2 switch 4\n>p1 switch 4\n>p1 move freezedry\n>p2 move bodypress\n>p1 move freezedry\n>p2 switch 4\n>p2 switch 2\n>forcelose p2", "uploadtime": 1781404448, "views": 5, "formatid": "gen9randombattle", "rating": null, "private": 0, "password": null}