{"id": "gen9randombattle-2631898918", "format": "[Gen 9] Random Battle", "players": ["i'm_new_so_be_cool", "who is to say"], "log": "|badge|p1|bronze|gen9ubers|100-9\n|uhtml|medal-msg|<div class=\"broadcast-blue\">Curious what those medals under the avatar are? PS now has Ladder Seasons! For more information, check out the <a href=\"https://www.smogon.com/forums/threads/3740067/\">thread on Smogon.</a></div>\n|j|\u2606i'm_new_so_be_cool\n|j|\u2606who is to say\n|t:|1781453429\n|gametype|singles\n|player|p1|i'm_new_so_be_cool|ninjaboy|2214\n|player|p2|who is to say|1|2257\n|gen|9\n|tier|[Gen 9] Random Battle\n|rated|\n|rule|Species Clause: Limit one of each Pok\u00e9mon\n|rule|HP Percentage Mod: HP is shown in percentages\n|rule|Sleep Clause Mod: Limit one foe put to sleep\n|rule|Illusion Level Mod: Illusion disguises the Pok\u00e9mon's true level\n|\n|t:|1781453429\n|teamsize|p1|6\n|teamsize|p2|6\n|start\n|switch|p1a: Sandaconda|Sandaconda, L84, F|258/258\n|switch|p2a: Yanmega|Yanmega, L82, M|275/275\n|turn|1\n|\n|t:|1781453446\n|move|p2a: Yanmega|Bug Buzz|p1a: Sandaconda\n|-crit|p1a: Sandaconda\n|-damage|p1a: Sandaconda|81/258\n|move|p1a: Sandaconda|Rock Blast|p2a: Yanmega\n|-supereffective|p2a: Yanmega\n|-damage|p2a: Yanmega|195/275\n|-supereffective|p2a: Yanmega\n|-damage|p2a: Yanmega|111/275\n|-supereffective|p2a: Yanmega\n|-damage|p2a: Yanmega|23/275\n|-supereffective|p2a: Yanmega\n|-damage|p2a: Yanmega|0 fnt\n|faint|p2a: Yanmega\n|-hitcount|p2: Yanmega|4\n|\n|upkeep\n|\n|t:|1781453456\n|switch|p2a: Lycanroc|Lycanroc-Midnight, L89, M|296/296\n|turn|2\n|\n|t:|1781453471\n|move|p2a: Lycanroc|Close Combat|p1a: Sandaconda\n|-damage|p1a: Sandaconda|0 fnt\n|-unboost|p2a: Lycanroc|def|1\n|-unboost|p2a: Lycanroc|spd|1\n|faint|p1a: Sandaconda\n|-damage|p2a: Lycanroc|267/296|[from] item: Life Orb\n|\n|upkeep\n|\n|t:|1781453503\n|switch|p1a: Scizor|Scizor, L79, F|240/240\n|turn|3\n|\n|t:|1781453519\n|move|p2a: Lycanroc|Stone Edge|p1a: Scizor\n|-crit|p1a: Scizor\n|-damage|p1a: Scizor|0 fnt\n|faint|p1a: Scizor\n|-damage|p2a: Lycanroc|238/296|[from] item: Life Orb\n|\n|upkeep\n|c|\u2606i'm_new_so_be_cool|Uuuh\n|\n|t:|1781453544\n|switch|p1a: Comfey|Comfey, L85, M|225/225\n|turn|4\n|\n|t:|1781453559\n|move|p1a: Comfey|Calm Mind|p1a: Comfey\n|-boost|p1a: Comfey|spa|1\n|-boost|p1a: Comfey|spd|1\n|move|p2a: Lycanroc|Swords Dance|p2a: Lycanroc\n|-boost|p2a: Lycanroc|atk|2\n|\n|upkeep\n|turn|5\n|\n|t:|1781453563\n|move|p1a: Comfey|Giga Drain|p2a: Lycanroc\n|-supereffective|p2a: Lycanroc\n|-damage|p2a: Lycanroc|22/296\n|move|p2a: Lycanroc|Stone Edge|p1a: Comfey\n|-damage|p1a: Comfey|0 fnt\n|faint|p1a: Comfey\n|-damage|p2a: Lycanroc|0 fnt|[from] item: Life Orb\n|faint|p2a: Lycanroc\n|\n|upkeep\n|\n|t:|1781453572\n|switch|p1a: Clefable|Clefable, L83, F|293/293\n|switch|p2a: Skuntank|Skuntank, L84, F|310/310\n|turn|6\n|\n|t:|1781453590\n|switch|p1a: Revavroom|Revavroom, L79, M|256/256\n|move|p2a: Skuntank|Gunk Shot|p1a: Revavroom\n|-immune|p1a: Revavroom\n|\n|upkeep\n|turn|7\n|\n|t:|1781453607\n|-terastallize|p1a: Revavroom|Ground\n|move|p2a: Skuntank|Taunt|p1a: Revavroom\n|-start|p1a: Revavroom|move: Taunt\n|cant|p1a: Revavroom|move: Taunt|Shift Gear\n|\n|upkeep\n|turn|8\n|\n|t:|1781453621\n|switch|p2a: Toucannon|Toucannon, L88, M|284/284\n|move|p1a: Revavroom|High Horsepower|p2a: Toucannon\n|-immune|p2a: Toucannon\n|\n|upkeep\n|turn|9\n|\n|t:|1781453630\n|switch|p1a: Skeledirge|Skeledirge, L79, F|294/294\n|move|p2a: Toucannon|Boomburst|p1a: Skeledirge\n|-immune|p1a: Skeledirge\n|\n|upkeep\n|turn|10\n|\n|t:|1781453638\n|move|p2a: Toucannon|Knock Off|p1a: Skeledirge\n|-supereffective|p1a: Skeledirge\n|-damage|p1a: Skeledirge|128/294\n|-enditem|p1a: Skeledirge|Heavy-Duty Boots|[from] move: Knock Off|[of] p2a: Toucannon\n|move|p1a: Skeledirge|Will-O-Wisp|p2a: Toucannon\n|-status|p2a: Toucannon|brn\n|\n|-damage|p2a: Toucannon|267/284 brn|[from] brn\n|upkeep\n|turn|11\n|\n|t:|1781453646\n|switch|p2a: Groudon|Groudon, L72|263/263\n|-weather|SunnyDay|[from] ability: Drought|[of] p2a: Groudon\n|move|p1a: Skeledirge|Slack Off|p1a: Skeledirge\n|-heal|p1a: Skeledirge|275/294\n|\n|-weather|SunnyDay|[upkeep]\n|upkeep\n|turn|12\n|\n|t:|1781453652\n|-terastallize|p2a: Groudon|Fire\n|move|p2a: Groudon|Swords Dance|p2a: Groudon\n|-boost|p2a: Groudon|atk|2\n|move|p1a: Skeledirge|Will-O-Wisp|p2a: Groudon\n|-immune|p2a: Groudon\n|\n|-weather|SunnyDay|[upkeep]\n|upkeep\n|turn|13\n|inactive|Battle timer is ON: inactive players will automatically lose when time's up. (requested by who is to say)\n|\n|t:|1781453732\n|move|p2a: Groudon|Precipice Blades|p1a: Skeledirge\n|-supereffective|p1a: Skeledirge\n|-damage|p1a: Skeledirge|39/294\n|move|p1a: Skeledirge|Hex|p2a: Groudon\n|-crit|p2a: Groudon\n|-damage|p2a: Groudon|140/263\n|\n|-weather|SunnyDay|[upkeep]\n|-heal|p2a: Groudon|156/263|[from] item: Leftovers\n|upkeep\n|turn|14\n|\n|t:|1781453740\n|move|p2a: Groudon|Heat Crash|p1a: Skeledirge\n|-resisted|p1a: Skeledirge\n|-damage|p1a: Skeledirge|0 fnt\n|faint|p1a: Skeledirge\n|\n|-weather|SunnyDay|[upkeep]\n|-heal|p2a: Groudon|172/263|[from] item: Leftovers\n|upkeep\n|\n|t:|1781453743\n|switch|p1a: Revavroom|Revavroom, L79, M, tera:Ground|256/256\n|turn|15\n|\n|t:|1781453749\n|move|p1a: Revavroom|High Horsepower|p2a: Groudon\n|-supereffective|p2a: Groudon\n|-damage|p2a: Groudon|0 fnt\n|faint|p2a: Groudon\n|-damage|p1a: Revavroom|231/256|[from] item: Life Orb\n|\n|-weather|none\n|upkeep\n|\n|t:|1781453756\n|switch|p2a: Toucannon|Toucannon, L88, M|267/284 brn\n|turn|16\n|\n|t:|1781453761\n|move|p1a: Revavroom|Shift Gear|p1a: Revavroom\n|-boost|p1a: Revavroom|spe|2\n|-boost|p1a: Revavroom|atk|1\n|move|p2a: Toucannon|Boomburst|p1a: Revavroom\n|-damage|p1a: Revavroom|68/256\n|\n|-damage|p2a: Toucannon|250/284 brn|[from] brn\n|upkeep\n|turn|17\n|\n|t:|1781453770\n|-singleturn|p2a: Toucannon|move: Beak Blast\n|move|p1a: Revavroom|Gunk Shot|p2a: Toucannon\n|-damage|p2a: Toucannon|0 fnt\n|faint|p2a: Toucannon\n|-damage|p1a: Revavroom|43/256|[from] item: Life Orb\n|\n|upkeep\n|\n|t:|1781453773\n|switch|p2a: Skuntank|Skuntank, L84, F|310/310\n|turn|18\n|\n|t:|1781453781\n|switch|p2a: Dachsbun|Dachsbun, L92, M|254/254\n|move|p1a: Revavroom|High Horsepower|p2a: Dachsbun\n|-damage|p2a: Dachsbun|112/254\n|-damage|p1a: Revavroom|18/256|[from] item: Life Orb\n|\n|-heal|p2a: Dachsbun|127/254|[from] item: Leftovers\n|upkeep\n|turn|19\n|\n|t:|1781453796\n|move|p1a: Revavroom|Iron Head|p2a: Dachsbun\n|-supereffective|p2a: Dachsbun\n|-damage|p2a: Dachsbun|0 fnt\n|faint|p2a: Dachsbun\n|-damage|p1a: Revavroom|0 fnt|[from] item: Life Orb\n|faint|p1a: Revavroom\n|\n|upkeep\n|\n|t:|1781453799\n|switch|p2a: Skuntank|Skuntank, L84, F|310/310\n|switch|p1a: Clefable|Clefable, L83, F|293/293\n|turn|20\n|\n|t:|1781453801\n|move|p2a: Skuntank|Gunk Shot|p1a: Clefable\n|-supereffective|p1a: Clefable\n|-damage|p1a: Clefable|33/293\n|-status|p1a: Clefable|psn\n|move|p1a: Clefable|Thunder Wave|p2a: Skuntank\n|-status|p2a: Skuntank|par\n|\n|-heal|p1a: Clefable|51/293 psn|[from] item: Leftovers\n|-damage|p1a: Clefable|15/293 psn|[from] psn\n|upkeep\n|turn|21\n|\n|t:|1781453808\n|move|p1a: Clefable|Moonlight|p1a: Clefable\n|-heal|p1a: Clefable|161/293 psn\n|move|p2a: Skuntank|Gunk Shot|p1a: Clefable\n|-supereffective|p1a: Clefable\n|-damage|p1a: Clefable|0 fnt\n|faint|p1a: Clefable\n|\n|win|who is to say\n", "inputlog": ">version a8376a258c1d4662feba110a92103f3664a72141\n>start {\"formatid\":\"gen9randombattle\",\"seed\":\"sodium,8ff16f3d207f083c03b96b253525b82b\",\"rated\":\"Rated battle\"}\n>player p1 {\"name\":\"i'm_new_so_be_cool\",\"avatar\":\"ninjaboy\",\"rating\":2214,\"seed\":\"sodium,0b4d9729860c62928ae61c02545e539e\"}\n>player p2 {\"name\":\"who is to say\",\"avatar\":\"1\",\"rating\":2257,\"seed\":\"sodium,c3cfd1278ef8231eba23d938f36c0da1\"}\n>p1 move rockblast\n>p2 move bugbuzz\n>p2 switch 5\n>p1 move earthquake\n>p2 move closecombat\n>p1 switch 2\n>p1 move closecombat\n>p2 move stoneedge\n>chat \u2606i'm_new_so_be_cool|Uuuh\n>p1 switch 5\n>p1 move calmmind\n>p2 move swordsdance\n>p1 move gigadrain\n>p2 move stoneedge\n>p1 switch 6\n>p2 switch 6\n>p1 switch 3\n>p2 move gunkshot\n>p1 move shiftgear terastallize\n>p2 move taunt\n>p1 move highhorsepower\n>p2 switch 3\n>p1 switch 4\n>p2 move boomburst\n>p1 move willowisp\n>p2 move knockoff\n>p1 move slackoff\n>p2 switch 2\n>p1 move willowisp\n>p2 move swordsdance terastallize\n>p1 move hex\n>p2 move precipiceblades\n>p1 move hex\n>p2 move heatcrash\n>p1 switch 4\n>p1 move highhorsepower\n>p2 move heatcrash\n>p2 switch 2\n>p1 move shiftgear\n>p2 move boomburst\n>p1 move gunkshot\n>p2 move beakblast\n>p2 switch 3\n>p1 move highhorsepower\n>p2 switch 4\n>p1 move ironhead\n>p2 move wish\n>p1 switch 3\n>p2 switch 4\n>p1 move thunderwave\n>p2 move gunkshot\n>p1 move moonlight\n>p2 move gunkshot", "uploadtime": 1781453430, "views": 4, "formatid": "gen9randombattle", "rating": null, "private": 0, "password": null}