{"id": "gen9randombattle-2631565342", "format": "[Gen 9] Random Battle", "players": ["ChesireAstro", "Ape711"], "log": "|j|\u2606ChesireAstro\n|j|\u2606Ape711\n|t:|1781402094\n|gametype|singles\n|player|p1|ChesireAstro|dawn-gen4pt|1059\n|player|p2|Ape711|janitor|1045\n|gen|9\n|tier|[Gen 9] Random Battle\n|rated|\n|rule|Species Clause: Limit one of each Pok\u00e9mon\n|rule|HP Percentage Mod: HP is shown in percentages\n|rule|Sleep Clause Mod: Limit one foe put to sleep\n|rule|Illusion Level Mod: Illusion disguises the Pok\u00e9mon's true level\n|\n|t:|1781402094\n|teamsize|p1|6\n|teamsize|p2|6\n|start\n|switch|p1a: Blastoise|Blastoise, L80, M|258/258\n|switch|p2a: Toxapex|Toxapex, L82, M|216/216\n|turn|1\n|inactive|Battle timer is ON: inactive players will automatically lose when time's up. (requested by ChesireAstro)\n|inactive|Ape711 has 120 seconds left.\n|\n|t:|1781402149\n|switch|p1a: Swalot|Swalot, L90, M|326/326\n|move|p2a: Toxapex|Toxic|p1a: Swalot\n|-immune|p1a: Swalot\n|\n|upkeep\n|turn|2\n|\n|t:|1781402156\n|switch|p2a: Perrserker|Perrserker, L89, M|269/269\n|move|p1a: Swalot|Knock Off|p2a: Perrserker\n|-damage|p2a: Perrserker|215/269\n|-enditem|p2a: Perrserker|Choice Band|[from] move: Knock Off|[of] p1a: Swalot\n|\n|upkeep\n|turn|3\n|\n|t:|1781402178\n|switch|p1a: Braviary|Braviary, L85, M|309/309\n|move|p2a: Perrserker|Knock Off|p1a: Braviary\n|-damage|p1a: Braviary|186/309\n|-enditem|p1a: Braviary|Heavy-Duty Boots|[from] move: Knock Off|[of] p2a: Perrserker\n|\n|upkeep\n|turn|4\n|\n|t:|1781402195\n|switch|p2a: Toxapex|Toxapex, L82, M|216/216\n|move|p1a: Braviary|Roost|p1a: Braviary\n|-heal|p1a: Braviary|309/309\n|-singleturn|p1a: Braviary|move: Roost\n|\n|upkeep\n|turn|5\n|\n|t:|1781402203\n|switch|p1a: Swalot|Swalot, L90, M|326/326\n|switch|p2a: Solgaleo|Solgaleo, L74|325/325\n|\n|upkeep\n|turn|6\n|\n|t:|1781402218\n|switch|p1a: Blastoise|Blastoise, L80, M|258/258\n|move|p2a: Solgaleo|Flame Charge|p1a: Blastoise\n|-resisted|p1a: Blastoise\n|-damage|p1a: Blastoise|242/258\n|-boost|p2a: Solgaleo|spe|1\n|\n|upkeep\n|turn|7\n|\n|t:|1781402227\n|switch|p2a: Toxapex|Toxapex, L82, M|216/216\n|move|p1a: Blastoise|Earthquake|p2a: Toxapex\n|-supereffective|p2a: Toxapex\n|-damage|p2a: Toxapex|142/216\n|\n|-heal|p2a: Toxapex|155/216|[from] item: Leftovers\n|upkeep\n|turn|8\n|\n|t:|1781402235\n|switch|p1a: Swalot|Swalot, L90, M|326/326\n|move|p2a: Toxapex|Liquidation|p1a: Swalot\n|-damage|p1a: Swalot|262/326\n|\n|-heal|p1a: Swalot|282/326|[from] item: Leftovers\n|-heal|p2a: Toxapex|168/216|[from] item: Leftovers\n|upkeep\n|turn|9\n|j| Master Thespian\n|\n|t:|1781402246\n|switch|p2a: Falinks|Falinks, L84|246/246\n|move|p1a: Swalot|Knock Off|p2a: Falinks\n|-resisted|p2a: Falinks\n|-damage|p2a: Falinks|218/246\n|-enditem|p2a: Falinks|Life Orb|[from] move: Knock Off|[of] p1a: Swalot\n|\n|-heal|p1a: Swalot|302/326|[from] item: Leftovers\n|upkeep\n|turn|10\n|\n|t:|1781402259\n|move|p2a: Falinks|No Retreat|p2a: Falinks\n|-boost|p2a: Falinks|atk|1\n|-boost|p2a: Falinks|def|1\n|-boost|p2a: Falinks|spa|1\n|-boost|p2a: Falinks|spd|1\n|-boost|p2a: Falinks|spe|1\n|-start|p2a: Falinks|move: No Retreat\n|move|p1a: Swalot|Sludge Bomb|p2a: Falinks\n|-damage|p2a: Falinks|139/246\n|\n|-heal|p1a: Swalot|322/326|[from] item: Leftovers\n|upkeep\n|turn|11\n|\n|t:|1781402268\n|move|p2a: Falinks|Knock Off|p1a: Swalot\n|-damage|p1a: Swalot|214/326\n|-enditem|p1a: Swalot|Leftovers|[from] move: Knock Off|[of] p2a: Falinks\n|move|p1a: Swalot|Sludge Bomb|p2a: Falinks\n|-damage|p2a: Falinks|55/246\n|\n|upkeep\n|turn|12\n|\n|t:|1781402275\n|move|p2a: Falinks|Close Combat|p1a: Swalot\n|-resisted|p1a: Swalot\n|-damage|p1a: Swalot|122/326\n|-unboost|p2a: Falinks|def|1\n|-unboost|p2a: Falinks|spd|1\n|move|p1a: Swalot|Sludge Bomb|p2a: Falinks\n|-damage|p2a: Falinks|0 fnt\n|faint|p2a: Falinks\n|\n|upkeep\n|\n|t:|1781402279\n|switch|p2a: Solgaleo|Solgaleo, L74|325/325\n|turn|13\n|\n|t:|1781402286\n|switch|p1a: Blastoise|Blastoise, L80, M|242/258\n|move|p2a: Solgaleo|Flame Charge|p1a: Blastoise\n|-resisted|p1a: Blastoise\n|-damage|p1a: Blastoise|225/258\n|-boost|p2a: Solgaleo|spe|1\n|\n|upkeep\n|turn|14\n|\n|t:|1781402293\n|switch|p2a: Toxapex|Toxapex, L82, M|216/216\n|move|p1a: Blastoise|Earthquake|p2a: Toxapex\n|-supereffective|p2a: Toxapex\n|-damage|p2a: Toxapex|140/216\n|\n|-heal|p2a: Toxapex|153/216|[from] item: Leftovers\n|upkeep\n|turn|15\n|\n|t:|1781402301\n|switch|p1a: Swalot|Swalot, L90, M|122/326\n|move|p2a: Toxapex|Liquidation|p1a: Swalot\n|-damage|p1a: Swalot|59/326\n|-unboost|p1a: Swalot|def|1\n|\n|-heal|p2a: Toxapex|166/216|[from] item: Leftovers\n|upkeep\n|turn|16\n|inactive|Ape711 has 120 seconds left.\n|\n|t:|1781402351\n|switch|p1a: Weezing|Weezing-Galar, L86, M|252/252\n|move|p2a: Toxapex|Liquidation|p1a: Weezing\n|-damage|p1a: Weezing|203/252\n|\n|-heal|p1a: Weezing|218/252|[from] item: Leftovers\n|-heal|p2a: Toxapex|179/216|[from] item: Leftovers\n|upkeep\n|turn|17\n|\n|t:|1781402361\n|move|p1a: Weezing|Will-O-Wisp|p2a: Toxapex\n|-status|p2a: Toxapex|brn\n|move|p2a: Toxapex|Liquidation|p1a: Weezing\n|-damage|p1a: Weezing|196/252\n|\n|-heal|p1a: Weezing|211/252|[from] item: Leftovers\n|-heal|p2a: Toxapex|192/216 brn|[from] item: Leftovers\n|-damage|p2a: Toxapex|179/216 brn|[from] brn\n|upkeep\n|turn|18\n|\n|t:|1781402373\n|move|p1a: Weezing|Gunk Shot|p2a: Toxapex\n|-resisted|p2a: Toxapex\n|-crit|p2a: Toxapex\n|-damage|p2a: Toxapex|113/216 brn\n|move|p2a: Toxapex|Liquidation|p1a: Weezing\n|-damage|p1a: Weezing|186/252\n|-unboost|p1a: Weezing|def|1\n|\n|-heal|p1a: Weezing|201/252|[from] item: Leftovers\n|-heal|p2a: Toxapex|126/216 brn|[from] item: Leftovers\n|-damage|p2a: Toxapex|113/216 brn|[from] brn\n|upkeep\n|turn|19\n|\n|t:|1781402385\n|switch|p1a: Braviary|Braviary, L85, M|309/309\n|move|p2a: Toxapex|Recover|p2a: Toxapex\n|-heal|p2a: Toxapex|216/216 brn\n|\n|-damage|p2a: Toxapex|203/216 brn|[from] brn\n|upkeep\n|turn|20\n|\n|t:|1781402397\n|switch|p1a: Weezing|Weezing-Galar, L86, M|201/252\n|move|p2a: Toxapex|Toxic|p1a: Weezing\n|-immune|p1a: Weezing\n|\n|-heal|p1a: Weezing|216/252|[from] item: Leftovers\n|-heal|p2a: Toxapex|216/216 brn|[from] item: Leftovers\n|-damage|p2a: Toxapex|203/216 brn|[from] brn\n|upkeep\n|turn|21\n|\n|t:|1781402408\n|move|p1a: Weezing|Strange Steam|p2a: Toxapex\n|-resisted|p2a: Toxapex\n|-damage|p2a: Toxapex|173/216 brn\n|move|p2a: Toxapex|Liquidation|p1a: Weezing\n|-damage|p1a: Weezing|195/252\n|-unboost|p1a: Weezing|def|1\n|\n|-heal|p1a: Weezing|210/252|[from] item: Leftovers\n|-heal|p2a: Toxapex|186/216 brn|[from] item: Leftovers\n|-damage|p2a: Toxapex|173/216 brn|[from] brn\n|upkeep\n|turn|22\n|\n|t:|1781402418\n|move|p1a: Weezing|Gunk Shot|p2a: Toxapex\n|-resisted|p2a: Toxapex\n|-damage|p2a: Toxapex|130/216 brn\n|move|p2a: Toxapex|Liquidation|p1a: Weezing\n|-damage|p1a: Weezing|175/252\n|\n|-heal|p1a: Weezing|190/252|[from] item: Leftovers\n|-heal|p2a: Toxapex|143/216 brn|[from] item: Leftovers\n|-damage|p2a: Toxapex|130/216 brn|[from] brn\n|upkeep\n|turn|23\n|\n|t:|1781402432\n|switch|p2a: Solgaleo|Solgaleo, L74|325/325\n|move|p1a: Weezing|Strange Steam|p2a: Solgaleo\n|-resisted|p2a: Solgaleo\n|-damage|p2a: Solgaleo|273/325\n|\n|-heal|p1a: Weezing|205/252|[from] item: Leftovers\n|upkeep\n|turn|24\n|\n|t:|1781402441\n|switch|p1a: Blastoise|Blastoise, L80, M|225/258\n|move|p2a: Solgaleo|Sunsteel Strike|p1a: Blastoise\n|-resisted|p1a: Blastoise\n|-damage|p1a: Blastoise|171/258\n|\n|upkeep\n|turn|25\n|\n|t:|1781402454\n|switch|p2a: Toxapex|Toxapex, L82, M|202/216 brn\n|move|p1a: Blastoise|Shell Smash|p1a: Blastoise\n|-unboost|p1a: Blastoise|def|1\n|-unboost|p1a: Blastoise|spd|1\n|-boost|p1a: Blastoise|atk|2\n|-boost|p1a: Blastoise|spa|2\n|-boost|p1a: Blastoise|spe|2\n|-enditem|p1a: Blastoise|White Herb\n|-clearnegativeboost|p1a: Blastoise|[silent]\n|\n|-heal|p2a: Toxapex|215/216 brn|[from] item: Leftovers\n|-damage|p2a: Toxapex|202/216 brn|[from] brn\n|upkeep\n|turn|26\n|\n|t:|1781402468\n|switch|p1a: Weezing|Weezing-Galar, L86, M|205/252\n|move|p2a: Toxapex|Haze|p2a: Toxapex\n|-clearallboost\n|\n|-heal|p1a: Weezing|220/252|[from] item: Leftovers\n|-heal|p2a: Toxapex|215/216 brn|[from] item: Leftovers\n|-damage|p2a: Toxapex|202/216 brn|[from] brn\n|upkeep\n|turn|27\n|\n|t:|1781402478\n|move|p1a: Weezing|Strange Steam|p2a: Toxapex\n|-resisted|p2a: Toxapex\n|-damage|p2a: Toxapex|173/216 brn\n|move|p2a: Toxapex|Liquidation|p1a: Weezing\n|-damage|p1a: Weezing|199/252\n|-unboost|p1a: Weezing|def|1\n|\n|-heal|p1a: Weezing|214/252|[from] item: Leftovers\n|-heal|p2a: Toxapex|186/216 brn|[from] item: Leftovers\n|-damage|p2a: Toxapex|173/216 brn|[from] brn\n|upkeep\n|turn|28\n|\n|t:|1781402489\n|switch|p2a: Solgaleo|Solgaleo, L74|273/325\n|move|p1a: Weezing|Gunk Shot|p2a: Solgaleo\n|-immune|p2a: Solgaleo\n|\n|-heal|p1a: Weezing|229/252|[from] item: Leftovers\n|upkeep\n|turn|29\n|\n|t:|1781402502\n|switch|p1a: Blastoise|Blastoise, L80, M|171/258\n|move|p2a: Solgaleo|Sunsteel Strike|p1a: Blastoise\n|-resisted|p1a: Blastoise\n|-damage|p1a: Blastoise|116/258\n|\n|upkeep\n|turn|30\n|\n|t:|1781402511\n|switch|p2a: Toxapex|Toxapex, L82, M|216/216 brn\n|move|p1a: Blastoise|Earthquake|p2a: Toxapex\n|-supereffective|p2a: Toxapex\n|-damage|p2a: Toxapex|138/216 brn\n|\n|-heal|p2a: Toxapex|151/216 brn|[from] item: Leftovers\n|-damage|p2a: Toxapex|138/216 brn|[from] brn\n|upkeep\n|turn|31\n|\n|t:|1781402522\n|switch|p1a: Weezing|Weezing-Galar, L86, M|229/252\n|move|p2a: Toxapex|Recover|p2a: Toxapex\n|-heal|p2a: Toxapex|216/216 brn\n|\n|-heal|p1a: Weezing|244/252|[from] item: Leftovers\n|-damage|p2a: Toxapex|203/216 brn|[from] brn\n|upkeep\n|turn|32\n|\n|t:|1781402536\n|move|p1a: Weezing|Strange Steam|p2a: Toxapex\n|-resisted|p2a: Toxapex\n|-crit|p2a: Toxapex\n|-damage|p2a: Toxapex|154/216 brn\n|move|p2a: Toxapex|Liquidation|p1a: Weezing\n|-damage|p1a: Weezing|220/252\n|\n|-heal|p1a: Weezing|235/252|[from] item: Leftovers\n|-heal|p2a: Toxapex|167/216 brn|[from] item: Leftovers\n|-damage|p2a: Toxapex|154/216 brn|[from] brn\n|upkeep\n|turn|33\n|\n|t:|1781402546\n|move|p1a: Weezing|Strange Steam|p2a: Toxapex\n|-resisted|p2a: Toxapex\n|-damage|p2a: Toxapex|124/216 brn\n|-start|p2a: Toxapex|confusion\n|-activate|p2a: Toxapex|confusion\n|-damage|p2a: Toxapex|110/216 brn|[from] confusion\n|\n|-heal|p1a: Weezing|250/252|[from] item: Leftovers\n|-heal|p2a: Toxapex|123/216 brn|[from] item: Leftovers\n|-damage|p2a: Toxapex|110/216 brn|[from] brn\n|upkeep\n|turn|34\n|\n|t:|1781402558\n|switch|p2a: Solgaleo|Solgaleo, L74|273/325\n|move|p1a: Weezing|Will-O-Wisp|p2a: Solgaleo\n|-status|p2a: Solgaleo|brn\n|\n|-heal|p1a: Weezing|252/252|[from] item: Leftovers\n|-damage|p2a: Solgaleo|253/325 brn|[from] brn\n|upkeep\n|turn|35\n|\n|t:|1781402567\n|switch|p1a: Blastoise|Blastoise, L80, M|116/258\n|move|p2a: Solgaleo|Sunsteel Strike|p1a: Blastoise\n|-resisted|p1a: Blastoise\n|-damage|p1a: Blastoise|90/258\n|\n|-damage|p2a: Solgaleo|233/325 brn|[from] brn\n|upkeep\n|turn|36\n|\n|t:|1781402584\n|move|p2a: Solgaleo|Earthquake|p1a: Blastoise\n|-damage|p1a: Blastoise|54/258\n|move|p1a: Blastoise|Earthquake|p2a: Solgaleo\n|-supereffective|p2a: Solgaleo\n|-damage|p2a: Solgaleo|127/325 brn\n|-enditem|p2a: Solgaleo|Weakness Policy\n|-boost|p2a: Solgaleo|atk|2|[from] item: Weakness Policy\n|-boost|p2a: Solgaleo|spa|2|[from] item: Weakness Policy\n|\n|-damage|p2a: Solgaleo|107/325 brn|[from] brn\n|upkeep\n|turn|37\n|\n|t:|1781402594\n|move|p2a: Solgaleo|Earthquake|p1a: Blastoise\n|-crit|p1a: Blastoise\n|-damage|p1a: Blastoise|0 fnt\n|faint|p1a: Blastoise\n|\n|-damage|p2a: Solgaleo|87/325 brn|[from] brn\n|upkeep\n|\n|t:|1781402606\n|switch|p1a: Braviary|Braviary, L85, M|309/309\n|turn|38\n|\n|t:|1781402612\n|move|p2a: Solgaleo|Sunsteel Strike|p1a: Braviary\n|-damage|p1a: Braviary|192/309\n|move|p1a: Braviary|Close Combat|p2a: Solgaleo\n|-damage|p2a: Solgaleo|0 fnt\n|-unboost|p1a: Braviary|def|1\n|-unboost|p1a: Braviary|spd|1\n|faint|p2a: Solgaleo\n|\n|upkeep\n|\n|t:|1781402619\n|switch|p2a: Vivillon|Vivillon-Sun, L83, F|268/268\n|turn|39\n|\n|t:|1781402626\n|switch|p1a: Weezing|Weezing-Galar, L86, M|252/252\n|move|p2a: Vivillon|Sleep Powder|p1a: Weezing\n|-status|p1a: Weezing|slp|[from] move: Sleep Powder\n|\n|upkeep\n|turn|40\n|\n|t:|1781402633\n|switch|p1a: Braviary|Braviary, L85, M|192/309\n|move|p2a: Vivillon|Quiver Dance|p2a: Vivillon\n|-boost|p2a: Vivillon|spa|1\n|-boost|p2a: Vivillon|spd|1\n|-boost|p2a: Vivillon|spe|1\n|\n|upkeep\n|turn|41\n|\n|t:|1781402640\n|move|p2a: Vivillon|Hurricane|p1a: Braviary\n|-damage|p1a: Braviary|17/309\n|-start|p1a: Braviary|confusion\n|-activate|p1a: Braviary|confusion\n|move|p1a: Braviary|Brave Bird|p2a: Vivillon\n|-supereffective|p2a: Vivillon\n|-damage|p2a: Vivillon|0 fnt\n|faint|p2a: Vivillon\n|-damage|p1a: Braviary|0 fnt|[from] Recoil\n|faint|p1a: Braviary\n|\n|upkeep\n|\n|t:|1781402653\n|switch|p2a: Braviary|Braviary, L85, M|309/309\n|switch|p1a: Swalot|Swalot, L90, M|59/326\n|turn|42\n|\n|t:|1781402660\n|move|p2a: Braviary|Brave Bird|p1a: Swalot\n|-damage|p1a: Swalot|0 fnt\n|faint|p1a: Swalot\n|-damage|p2a: Braviary|290/309|[from] Recoil\n|\n|upkeep\n|\n|t:|1781402669\n|switch|p1a: Lurantis|Lurantis, L87, M|264/264\n|turn|43\n|\n|t:|1781402686\n|switch|p1a: Weezing|Weezing-Galar, L86, M|252/252 slp\n|move|p2a: Braviary|Brave Bird|p1a: Weezing\n|-damage|p1a: Weezing|140/252 slp\n|-damage|p2a: Braviary|253/309|[from] Recoil\n|\n|-heal|p1a: Weezing|155/252 slp|[from] item: Leftovers\n|upkeep\n|turn|44\n|\n|t:|1781402696\n|move|p2a: Braviary|Bulk Up|p2a: Braviary\n|-boost|p2a: Braviary|atk|1\n|-boost|p2a: Braviary|def|1\n|cant|p1a: Weezing|slp\n|\n|-heal|p1a: Weezing|170/252 slp|[from] item: Leftovers\n|upkeep\n|turn|45\n|\n|t:|1781402703\n|move|p2a: Braviary|Brave Bird|p1a: Weezing\n|-damage|p1a: Weezing|0 fnt\n|faint|p1a: Weezing\n|-damage|p2a: Braviary|197/309|[from] Recoil\n|\n|upkeep\n|\n|t:|1781402708\n|switch|p1a: Appletun|Appletun, L92, F|352/352\n|turn|46\n|\n|t:|1781402715\n|-terastallize|p1a: Appletun|Steel\n|move|p2a: Braviary|Brave Bird|p1a: Appletun\n|-resisted|p1a: Appletun\n|-damage|p1a: Appletun|242/352\n|-damage|p2a: Braviary|161/309|[from] Recoil\n|move|p1a: Appletun|Leech Seed|p2a: Braviary\n|-start|p2a: Braviary|move: Leech Seed\n|\n|-heal|p1a: Appletun|264/352|[from] item: Leftovers\n|-damage|p2a: Braviary|123/309|[from] Leech Seed|[of] p1a: Appletun\n|-heal|p1a: Appletun|302/352|[silent]\n|upkeep\n|turn|47\n|\n|t:|1781402734\n|-terastallize|p2a: Braviary|Fighting\n|move|p2a: Braviary|Close Combat|p1a: Appletun\n|-supereffective|p1a: Appletun\n|-damage|p1a: Appletun|0 fnt\n|-unboost|p2a: Braviary|def|1\n|-unboost|p2a: Braviary|spd|1\n|faint|p1a: Appletun\n|\n|upkeep\n|-message|ChesireAstro forfeited.\n|\n|win|Ape711\n|raw|ChesireAstro's rating: 1059 &rarr; <strong>1039</strong><br />(-20 for losing)\n|raw|Ape711's rating: 1045 &rarr; <strong>1080</strong><br />(+35 for winning)\n|l|\u2606ChesireAstro\n|player|p1|\n|c|\u2606Ape711|ggs\n", "inputlog": ">version a8376a258c1d4662feba110a92103f3664a72141\n>start {\"formatid\":\"gen9randombattle\",\"seed\":\"sodium,65ed9e36d1b6778071175ec291fb05c4\",\"rated\":\"Rated battle\"}\n>player p1 {\"name\":\"ChesireAstro\",\"avatar\":\"dawn-gen4pt\",\"rating\":1059,\"seed\":\"sodium,ab0236e10d79776aef13c1daf615e4c1\"}\n>player p2 {\"name\":\"Ape711\",\"avatar\":\"janitor\",\"rating\":1045,\"seed\":\"sodium,5bf91b6b8cfbc5831bc3303f6a3dfbaa\"}\n>p1 switch 5\n>p2 move toxic\n>p1 move knockoff\n>p2 switch 4\n>p1 switch 4\n>p2 move knockoff\n>p1 move roost\n>p2 switch 4\n>p1 switch 4\n>p2 switch 6\n>p1 switch 5\n>p2 move flamecharge\n>p1 move earthquake\n>p2 switch 6\n>p1 switch 5\n>p2 move liquidation\n>p1 move knockoff\n>p2 switch 3\n>p1 move sludgebomb\n>p2 move noretreat\n>p1 move sludgebomb\n>p2 move knockoff\n>p1 move sludgebomb\n>p2 move closecombat\n>p2 switch 6\n>p1 switch 5\n>p2 move flamecharge\n>p1 move earthquake\n>p2 switch 3\n>p1 switch 5\n>p2 move liquidation\n>p1 switch 6\n>p2 move liquidation\n>p1 move willowisp\n>p2 move liquidation\n>p1 move gunkshot\n>p2 move liquidation\n>p1 switch 4\n>p2 move recover\n>p1 switch 4\n>p2 move toxic\n>p1 move strangesteam\n>p2 move liquidation\n>p1 move gunkshot\n>p2 move liquidation\n>p1 move strangesteam\n>p2 switch 3\n>p1 switch 5\n>p2 move sunsteelstrike\n>p1 move shellsmash\n>p2 switch 3\n>p1 switch 5\n>p2 move haze\n>p1 move strangesteam\n>p2 move liquidation\n>p1 move gunkshot\n>p2 switch 3\n>p1 switch 5\n>p2 move sunsteelstrike\n>p1 move earthquake\n>p2 switch 3\n>p1 switch 5\n>p2 move recover\n>p1 move strangesteam\n>p2 move liquidation\n>p1 move strangesteam\n>p2 move liquidation\n>p1 move willowisp\n>p2 switch 3\n>p1 switch 5\n>p2 move sunsteelstrike\n>p1 move earthquake\n>p2 move earthquake\n>p1 move earthquake\n>p2 move earthquake\n>p1 switch 4\n>p1 move closecombat\n>p2 move sunsteelstrike\n>p2 switch 2\n>p1 switch 5\n>p2 move sleeppowder\n>p1 switch 5\n>p2 move quiverdance\n>p1 move bravebird\n>p2 move hurricane\n>p1 switch 6\n>p2 switch 5\n>p1 move painsplit\n>p2 move bravebird\n>p1 switch 3\n>p1 switch 5\n>p2 move bravebird\n>p1 move willowisp\n>p2 move bulkup\n>p1 move willowisp\n>p2 move bravebird\n>p1 switch 2\n>p1 move leechseed terastallize\n>p2 move bravebird\n>p1 move recover\n>p2 move closecombat terastallize\n>forcelose p1", "uploadtime": 1781402756, "views": 4, "formatid": "gen9randombattle", "rating": 1039, "private": 0, "password": null, "player_dets": [{"name": "ChesireAstro", "avatar": "dawn-gen4pt", "rating": 1059, "seed": "sodium,ab0236e10d79776aef13c1daf615e4c1"}, {"name": "Ape711", "avatar": "janitor", "rating": 1045, "seed": "sodium,5bf91b6b8cfbc5831bc3303f6a3dfbaa"}], "teams_full": [{"Blastoise": {"name": "Blastoise", "species": "Blastoise", "speciesId": "blastoise", "gender": "M", "shiny": false, "level": 80, "moves": ["shellsmash", "icebeam", "hydropump", "earthquake"], "ability": "Torrent", "evs": {"hp": 85, "atk": 85, "def": 85, "spa": 85, "spd": 85, "spe": 85}, "ivs": {"hp": 31, "atk": 31, "def": 31, "spa": 31, "spd": 31, "spe": 31}, "item": "White Herb", "teraType": "Steel", "role": "Setup Sweeper", "bvs": {"hp": 79, "atk": 83, "def": 100, "spa": 85, "spd": 105, "spe": 78}, "stats": {"hp": 258, "atk": 179, "def": 206, "spa": 182, "spd": 214, "spe": 171}, "types": ["Water"]}, "Appletun": {"name": "Appletun", "species": "Appletun", "speciesId": "appletun", "gender": "F", "shiny": false, "level": 92, "moves": ["dragonpulse", "appleacid", "leechseed", "recover"], "ability": "Thick Fat", "evs": {"hp": 85, "atk": 0, "def": 85, "spa": 85, "spd": 85, "spe": 85}, "ivs": {"hp": 31, "atk": 0, "def": 31, "spa": 31, "spd": 31, "spe": 31}, "item": "Leftovers", "teraType": "Steel", "role": "Bulky Attacker", "bvs": {"hp": 110, "atk": 85, "def": 80, "spa": 100, "spd": 80, "spe": 30}, "stats": {"hp": 352, "atk": 161, "def": 200, "spa": 236, "spd": 200, "spe": 108}, "types": ["Grass", "Dragon"]}, "Lurantis": {"name": "Lurantis", "species": "Lurantis", "speciesId": "lurantis", "gender": "M", "shiny": false, "level": 87, "moves": ["knockoff", "synthesis", "superpower", "leafstorm"], "ability": "Contrary", "evs": {"hp": 85, "atk": 85, "def": 85, "spa": 85, "spd": 85, "spe": 85}, "ivs": {"hp": 31, "atk": 31, "def": 31, "spa": 31, "spd": 31, "spe": 31}, "item": "Leftovers", "teraType": "Fighting", "role": "Bulky Attacker", "bvs": {"hp": 70, "atk": 105, "def": 90, "spa": 80, "spd": 90, "spe": 45}, "stats": {"hp": 264, "atk": 232, "def": 206, "spa": 189, "spd": 206, "spe": 128}, "types": ["Grass"]}, "Braviary": {"name": "Braviary", "species": "Braviary", "speciesId": "braviary", "gender": "M", "shiny": false, "level": 85, "moves": ["closecombat", "bulkup", "bravebird", "roost"], "ability": "Defiant", "evs": {"hp": 85, "atk": 85, "def": 85, "spa": 85, "spd": 85, "spe": 85}, "ivs": {"hp": 31, "atk": 31, "def": 31, "spa": 31, "spd": 31, "spe": 31}, "item": "Heavy-Duty Boots", "teraType": "Steel", "role": "Fast Bulky Setup", "bvs": {"hp": 100, "atk": 123, "def": 75, "spa": 57, "spd": 75, "spe": 80}, "stats": {"hp": 309, "atk": 258, "def": 176, "spa": 146, "spd": 176, "spe": 185}, "types": ["Normal", "Flying"]}, "Swalot": {"name": "Swalot", "species": "Swalot", "speciesId": "swalot", "gender": "M", "shiny": false, "level": 90, "moves": ["knockoff", "painsplit", "sludgebomb", "toxicspikes"], "ability": "Liquid Ooze", "evs": {"hp": 85, "atk": 85, "def": 85, "spa": 85, "spd": 85, "spe": 85}, "ivs": {"hp": 31, "atk": 31, "def": 31, "spa": 31, "spd": 31, "spe": 31}, "item": "Leftovers", "teraType": "Dark", "role": "Bulky Attacker", "bvs": {"hp": 100, "atk": 73, "def": 83, "spa": 73, "spd": 83, "spe": 55}, "stats": {"hp": 326, "atk": 183, "def": 201, "spa": 183, "spd": 201, "spe": 150}, "types": ["Poison"]}, "Weezing": {"name": "Weezing", "species": "Weezing-Galar", "speciesId": "weezinggalar", "gender": "M", "shiny": false, "level": 86, "moves": ["defog", "strangesteam", "gunkshot", "willowisp"], "ability": "Levitate", "evs": {"hp": 85, "atk": 85, "def": 85, "spa": 85, "spd": 85, "spe": 85}, "ivs": {"hp": 31, "atk": 31, "def": 31, "spa": 31, "spd": 31, "spe": 31}, "item": "Leftovers", "teraType": "Steel", "role": "Bulky Support", "bvs": {"hp": 65, "atk": 90, "def": 120, "spa": 85, "spd": 70, "spe": 60}, "stats": {"hp": 252, "atk": 204, "def": 256, "spa": 195, "spd": 170, "spe": 152}, "types": ["Poison", "Fairy"]}}, {"Toxapex": {"name": "Toxapex", "species": "Toxapex", "speciesId": "toxapex", "gender": "M", "shiny": false, "level": 82, "moves": ["recover", "liquidation", "toxic", "haze"], "ability": "Regenerator", "evs": {"hp": 85, "atk": 85, "def": 85, "spa": 85, "spd": 85, "spe": 85}, "ivs": {"hp": 31, "atk": 31, "def": 31, "spa": 31, "spd": 31, "spe": 31}, "item": "Leftovers", "teraType": "Steel", "role": "Bulky Support", "bvs": {"hp": 50, "atk": 63, "def": 152, "spa": 53, "spd": 142, "spe": 35}, "stats": {"hp": 216, "atk": 150, "def": 296, "spa": 134, "spd": 280, "spe": 105}, "types": ["Poison", "Water"]}, "Vivillon": {"name": "Vivillon", "species": "Vivillon-Sun", "speciesId": "vivillon", "gender": "F", "shiny": false, "level": 83, "moves": ["hurricane", "sleeppowder", "quiverdance", "terablast"], "ability": "Compound Eyes", "evs": {"hp": 85, "atk": 0, "def": 85, "spa": 85, "spd": 85, "spe": 85}, "ivs": {"hp": 31, "atk": 0, "def": 31, "spa": 31, "spd": 31, "spe": 31}, "item": "Heavy-Duty Boots", "teraType": "Ground", "role": "Tera Blast user", "bvs": {"hp": 80, "atk": 52, "def": 50, "spa": 90, "spd": 50, "spe": 89}, "stats": {"hp": 268, "atk": 91, "def": 131, "spa": 197, "spd": 131, "spe": 195}, "types": ["Bug", "Flying"]}, "Falinks": {"name": "Falinks", "species": "Falinks", "speciesId": "falinks", "gender": "N", "shiny": false, "level": 84, "moves": ["noretreat", "closecombat", "knockoff", "ironhead"], "ability": "Defiant", "evs": {"hp": 85, "atk": 85, "def": 85, "spa": 85, "spd": 85, "spe": 85}, "ivs": {"hp": 31, "atk": 31, "def": 31, "spa": 31, "spd": 31, "spe": 31}, "item": "Life Orb", "teraType": "Dark", "role": "Setup Sweeper", "bvs": {"hp": 65, "atk": 100, "def": 100, "spa": 70, "spd": 60, "spe": 75}, "stats": {"hp": 246, "atk": 216, "def": 216, "spa": 166, "spd": 149, "spe": 174}, "types": ["Fighting"]}, "Perrserker": {"name": "Perrserker", "species": "Perrserker", "speciesId": "perrserker", "gender": "M", "shiny": false, "level": 89, "moves": ["closecombat", "knockoff", "uturn", "ironhead"], "ability": "Tough Claws", "evs": {"hp": 85, "atk": 85, "def": 85, "spa": 85, "spd": 85, "spe": 85}, "ivs": {"hp": 31, "atk": 31, "def": 31, "spa": 31, "spd": 31, "spe": 31}, "item": "Choice Band", "teraType": "Fighting", "role": "Fast Attacker", "bvs": {"hp": 70, "atk": 110, "def": 100, "spa": 50, "spd": 60, "spe": 50}, "stats": {"hp": 269, "atk": 247, "def": 229, "spa": 140, "spd": 158, "spe": 140}, "types": ["Steel"]}, "Braviary": {"name": "Braviary", "species": "Braviary", "speciesId": "braviary", "gender": "M", "shiny": false, "level": 85, "moves": ["bravebird", "bulkup", "closecombat", "roost"], "ability": "Defiant", "evs": {"hp": 85, "atk": 85, "def": 85, "spa": 85, "spd": 85, "spe": 85}, "ivs": {"hp": 31, "atk": 31, "def": 31, "spa": 31, "spd": 31, "spe": 31}, "item": "Heavy-Duty Boots", "teraType": "Fighting", "role": "Fast Bulky Setup", "bvs": {"hp": 100, "atk": 123, "def": 75, "spa": 57, "spd": 75, "spe": 80}, "stats": {"hp": 309, "atk": 258, "def": 176, "spa": 146, "spd": 176, "spe": 185}, "types": ["Normal", "Flying"]}, "Solgaleo": {"name": "Solgaleo", "species": "Solgaleo", "speciesId": "solgaleo", "gender": "N", "shiny": false, "level": 74, "moves": ["knockoff", "sunsteelstrike", "earthquake", "flamecharge"], "ability": "Full Metal Body", "evs": {"hp": 85, "atk": 85, "def": 85, "spa": 85, "spd": 85, "spe": 85}, "ivs": {"hp": 31, "atk": 31, "def": 31, "spa": 31, "spd": 31, "spe": 31}, "item": "Weakness Policy", "teraType": "Dark", "role": "Bulky Setup", "bvs": {"hp": 137, "atk": 137, "def": 107, "spa": 113, "spd": 89, "spe": 97}, "stats": {"hp": 325, "atk": 246, "def": 201, "spa": 210, "spd": 175, "spe": 187}, "types": ["Psychic", "Steel"]}}]}