{"id": "gen9randombattle-2631638257", "format": "[Gen 9] Random Battle", "players": ["moskie", "Sacred Quill"], "log": "|j|\u2606moskie\n|j|\u203dSacred Quill\n|t:|1781412881\n|gametype|singles\n|player|p1|moskie|169|1648\n|player|p2|Sacred Quill|clerk|1718\n|gen|9\n|tier|[Gen 9] Random Battle\n|rated|\n|rule|Species Clause: Limit one of each Pok\u00e9mon\n|rule|HP Percentage Mod: HP is shown in percentages\n|rule|Sleep Clause Mod: Limit one foe put to sleep\n|rule|Illusion Level Mod: Illusion disguises the Pok\u00e9mon's true level\n|\n|t:|1781412881\n|teamsize|p1|6\n|teamsize|p2|6\n|start\n|switch|p1a: Haxorus|Haxorus, L77, F|244/244\n|switch|p2a: Chesnaught|Chesnaught, L84, F|285/285\n|-ability|p1a: Haxorus|Mold Breaker\n|turn|1\n|\n|t:|1781412897\n|switch|p1a: Greedent|Greedent, L86, F|347/347\n|move|p2a: Chesnaught|Knock Off|p1a: Greedent\n|-damage|p1a: Greedent|275/347\n|-enditem|p1a: Greedent|Sitrus Berry|[from] move: Knock Off|[of] p2a: Chesnaught\n|\n|upkeep\n|turn|2\n|\n|t:|1781412907\n|move|p2a: Chesnaught|Body Press|p1a: Greedent\n|-supereffective|p1a: Greedent\n|-damage|p1a: Greedent|105/347\n|move|p1a: Greedent|Body Slam|p2a: Chesnaught\n|-damage|p2a: Chesnaught|215/285\n|-damage|p1a: Greedent|48/347|[from] item: Rocky Helmet|[of] p2a: Chesnaught\n|\n|upkeep\n|turn|3\n|\n|t:|1781412911\n|move|p2a: Chesnaught|Body Press|p1a: Greedent\n|-supereffective|p1a: Greedent\n|-damage|p1a: Greedent|0 fnt\n|faint|p1a: Greedent\n|\n|upkeep\n|\n|t:|1781412915\n|switch|p1a: Electrode|Electrode, L92|260/260\n|turn|4\n|\n|t:|1781412919\n|-terastallize|p1a: Electrode|Ice\n|move|p1a: Electrode|Tera Blast|p2a: Chesnaught|[anim] Tera Blast Ice\n|-supereffective|p2a: Chesnaught\n|-damage|p2a: Chesnaught|0 fnt\n|faint|p2a: Chesnaught\n|-damage|p1a: Electrode|234/260|[from] item: Life Orb\n|\n|upkeep\n|\n|t:|1781412925\n|switch|p2a: Snorlax|Snorlax, L82, F|397/397\n|turn|5\n|\n|t:|1781412928\n|move|p1a: Electrode|Volt Switch|p2a: Snorlax\n|-damage|p2a: Snorlax|303/397\n|-damage|p1a: Electrode|208/260|[from] item: Life Orb\n|\n|t:|1781412932\n|switch|p1a: Empoleon|Empoleon, L84, M|278/278|[from] Volt Switch\n|move|p2a: Snorlax|Body Slam|p1a: Empoleon\n|-resisted|p1a: Empoleon\n|-damage|p1a: Empoleon|230/278\n|\n|-heal|p1a: Empoleon|247/278|[from] item: Leftovers\n|-heal|p2a: Snorlax|327/397|[from] item: Leftovers\n|upkeep\n|turn|6\n|\n|t:|1781412941\n|move|p1a: Empoleon|Surf|p2a: Snorlax\n|-damage|p2a: Snorlax|242/397\n|move|p2a: Snorlax|Body Slam|p1a: Empoleon\n|-resisted|p1a: Empoleon\n|-damage|p1a: Empoleon|200/278\n|-status|p1a: Empoleon|par\n|\n|-heal|p2a: Snorlax|266/397|[from] item: Leftovers\n|-heal|p1a: Empoleon|217/278 par|[from] item: Leftovers\n|upkeep\n|turn|7\n|\n|t:|1781412950\n|move|p2a: Snorlax|Curse|p2a: Snorlax\n|-unboost|p2a: Snorlax|spe|1\n|-boost|p2a: Snorlax|atk|1\n|-boost|p2a: Snorlax|def|1\n|move|p1a: Empoleon|Flip Turn|p2a: Snorlax\n|-damage|p2a: Snorlax|220/397\n|\n|t:|1781412958\n|switch|p1a: Haxorus|Haxorus, L77, F|244/244|[from] Flip Turn\n|-ability|p1a: Haxorus|Mold Breaker\n|\n|-heal|p2a: Snorlax|244/397|[from] item: Leftovers\n|upkeep\n|turn|8\n|\n|t:|1781412963\n|move|p1a: Haxorus|Dragon Dance|p1a: Haxorus\n|-boost|p1a: Haxorus|atk|1\n|-boost|p1a: Haxorus|spe|1\n|move|p2a: Snorlax|Body Slam|p1a: Haxorus\n|-damage|p1a: Haxorus|94/244\n|-status|p1a: Haxorus|par\n|-enditem|p1a: Haxorus|Lum Berry|[eat]\n|-curestatus|p1a: Haxorus|par|[msg]\n|\n|-heal|p2a: Snorlax|268/397|[from] item: Leftovers\n|upkeep\n|turn|9\n|\n|t:|1781412971\n|move|p1a: Haxorus|Iron Head|p2a: Snorlax\n|-damage|p2a: Snorlax|183/397\n|cant|p2a: Snorlax|flinch\n|\n|-heal|p2a: Snorlax|207/397|[from] item: Leftovers\n|upkeep\n|turn|10\n|\n|t:|1781412981\n|move|p1a: Haxorus|Iron Head|p2a: Snorlax\n|-damage|p2a: Snorlax|130/397\n|move|p2a: Snorlax|Body Slam|p1a: Haxorus\n|-damage|p1a: Haxorus|0 fnt\n|faint|p1a: Haxorus\n|\n|-heal|p2a: Snorlax|154/397|[from] item: Leftovers\n|upkeep\n|\n|t:|1781412985\n|switch|p1a: Rillaboom|Rillaboom, L79, M|288/288\n|-fieldstart|move: Grassy Terrain|[from] ability: Grassy Surge|[of] p1a: Rillaboom\n|turn|11\n|\n|t:|1781412993\n|move|p1a: Rillaboom|Wood Hammer|p2a: Snorlax\n|-damage|p2a: Snorlax|0 fnt\n|faint|p2a: Snorlax\n|-damage|p1a: Rillaboom|237/288|[from] Recoil\n|-damage|p1a: Rillaboom|209/288|[from] item: Life Orb\n|\n|-heal|p1a: Rillaboom|227/288|[from] Grassy Terrain\n|upkeep\n|\n|t:|1781412998\n|switch|p2a: Skarmory|Skarmory, L80, M|235/235\n|turn|12\n|\n|t:|1781413007\n|switch|p1a: Empoleon|Empoleon, L84, M|217/278 par\n|move|p2a: Skarmory|Spikes|p1a: Empoleon\n|-sidestart|p1: moskie|Spikes\n|\n|-heal|p1a: Empoleon|234/278 par|[from] Grassy Terrain\n|-heal|p1a: Empoleon|251/278 par|[from] item: Leftovers\n|upkeep\n|turn|13\n|\n|t:|1781413012\n|move|p2a: Skarmory|Spikes|p1a: Empoleon\n|-sidestart|p1: moskie|Spikes\n|cant|p1a: Empoleon|par\n|\n|-heal|p1a: Empoleon|268/278 par|[from] Grassy Terrain\n|-heal|p1a: Empoleon|278/278 par|[from] item: Leftovers\n|upkeep\n|turn|14\n|\n|t:|1781413016\n|cant|p1a: Empoleon|par\n|move|p2a: Skarmory|Whirlwind|p1a: Empoleon\n|drag|p1a: Gouging Fire|Gouging Fire, L74|277/277\n|\n|upkeep\n|turn|15\n|\n|t:|1781413027\n|-terastallize|p2a: Skarmory|Dragon\n|move|p1a: Gouging Fire|Heat Crash|p2a: Skarmory\n|-resisted|p2a: Skarmory\n|-damage|p2a: Skarmory|196/235\n|-damage|p1a: Gouging Fire|231/277|[from] item: Rocky Helmet|[of] p2a: Skarmory\n|move|p2a: Skarmory|Spikes|p1a: Gouging Fire\n|-sidestart|p1: moskie|Spikes\n|\n|-heal|p1a: Gouging Fire|248/277|[from] Grassy Terrain\n|-heal|p2a: Skarmory|210/235|[from] Grassy Terrain\n|-fieldend|move: Grassy Terrain\n|upkeep\n|turn|16\n|\n|t:|1781413044\n|move|p1a: Gouging Fire|Dragon Dance|p1a: Gouging Fire\n|-boost|p1a: Gouging Fire|atk|1\n|-boost|p1a: Gouging Fire|spe|1\n|move|p2a: Skarmory|Whirlwind|p1a: Gouging Fire\n|-end|p1a: Gouging Fire|Protosynthesis|[silent]\n|drag|p1a: Electrode|Electrode, L92, tera:Ice|208/260\n|-damage|p1a: Electrode|143/260|[from] Spikes\n|\n|upkeep\n|turn|17\n|\n|t:|1781413052\n|switch|p2a: Weavile|Weavile, L79, F|239/239\n|move|p1a: Electrode|Tera Blast|p2a: Weavile|[anim] Tera Blast Ice\n|-resisted|p2a: Weavile\n|-crit|p2a: Weavile\n|-damage|p2a: Weavile|153/239\n|-damage|p1a: Electrode|117/260|[from] item: Life Orb\n|\n|upkeep\n|turn|18\n|\n|t:|1781413059\n|switch|p2a: Ambipom|Ambipom, L84, F|263/263\n|move|p1a: Electrode|Volt Switch|p2a: Ambipom\n|-damage|p2a: Ambipom|153/263\n|-damage|p1a: Electrode|91/260|[from] item: Life Orb\n|\n|t:|1781413071\n|switch|p1a: Gouging Fire|Gouging Fire, L74|248/277|[from] Volt Switch\n|\n|upkeep\n|turn|19\n|\n|t:|1781413082\n|move|p2a: Ambipom|Fake Out|p1a: Gouging Fire\n|-damage|p1a: Gouging Fire|172/277\n|cant|p1a: Gouging Fire|flinch\n|\n|upkeep\n|turn|20\n|\n|t:|1781413085\n|move|p2a: Ambipom|Knock Off|p1a: Gouging Fire\n|-damage|p1a: Gouging Fire|114/277\n|-enditem|p1a: Gouging Fire|Heavy-Duty Boots|[from] move: Knock Off|[of] p2a: Ambipom\n|move|p1a: Gouging Fire|Dragon Dance|p1a: Gouging Fire\n|-boost|p1a: Gouging Fire|atk|1\n|-boost|p1a: Gouging Fire|spe|1\n|\n|upkeep\n|turn|21\n|\n|t:|1781413091\n|switch|p2a: Skarmory|Skarmory, L80, M, tera:Dragon|210/235\n|move|p1a: Gouging Fire|Heat Crash|p2a: Skarmory\n|-resisted|p2a: Skarmory\n|-damage|p2a: Skarmory|152/235\n|-damage|p1a: Gouging Fire|68/277|[from] item: Rocky Helmet|[of] p2a: Skarmory\n|\n|upkeep\n|turn|22\n|\n|t:|1781413095\n|move|p1a: Gouging Fire|Outrage|p2a: Skarmory\n|-supereffective|p2a: Skarmory\n|-damage|p2a: Skarmory|0 fnt\n|-damage|p1a: Gouging Fire|22/277|[from] item: Rocky Helmet|[of] p2a: Skarmory\n|faint|p2a: Skarmory\n|\n|upkeep\n|\n|t:|1781413098\n|switch|p2a: Weavile|Weavile, L79, F|153/239\n|turn|23\n|\n|t:|1781413100\n|move|p2a: Weavile|Ice Shard|p1a: Gouging Fire\n|-damage|p1a: Gouging Fire|0 fnt\n|faint|p1a: Gouging Fire\n|-end|p1a: Gouging Fire|Protosynthesis|[silent]\n|\n|upkeep\n|\n|t:|1781413104\n|switch|p1a: Empoleon|Empoleon, L84, M|278/278 par\n|-damage|p1a: Empoleon|209/278 par|[from] Spikes\n|turn|24\n|\n|t:|1781413115\n|switch|p2a: Ambipom|Ambipom, L84, F|153/263\n|move|p1a: Empoleon|Stealth Rock|p2a: Ambipom\n|-sidestart|p2: Sacred Quill|move: Stealth Rock\n|\n|-heal|p1a: Empoleon|226/278 par|[from] item: Leftovers\n|upkeep\n|turn|25\n|\n|t:|1781413121\n|move|p2a: Ambipom|Knock Off|p1a: Empoleon\n|-damage|p1a: Empoleon|153/278 par\n|-enditem|p1a: Empoleon|Leftovers|[from] move: Knock Off|[of] p2a: Ambipom\n|cant|p1a: Empoleon|par\n|\n|upkeep\n|turn|26\n|\n|t:|1781413125\n|move|p2a: Ambipom|Low Kick|p1a: Empoleon\n|-supereffective|p1a: Empoleon\n|-damage|p1a: Empoleon|31/278 par\n|cant|p1a: Empoleon|par\n|\n|upkeep\n|turn|27\n|\n|t:|1781413130\n|move|p2a: Ambipom|Low Kick|p1a: Empoleon\n|-supereffective|p1a: Empoleon\n|-damage|p1a: Empoleon|0 fnt\n|faint|p1a: Empoleon\n|\n|upkeep\n|\n|t:|1781413132\n|switch|p1a: Rillaboom|Rillaboom, L79, M|227/288\n|-damage|p1a: Rillaboom|155/288|[from] Spikes\n|-fieldstart|move: Grassy Terrain|[from] ability: Grassy Surge|[of] p1a: Rillaboom\n|turn|28\n|\n|t:|1781413143\n|move|p2a: Ambipom|Knock Off|p1a: Rillaboom\n|-damage|p1a: Rillaboom|77/288\n|-enditem|p1a: Rillaboom|Life Orb|[from] move: Knock Off|[of] p2a: Ambipom\n|move|p1a: Rillaboom|Wood Hammer|p2a: Ambipom\n|-damage|p2a: Ambipom|0 fnt\n|faint|p2a: Ambipom\n|-damage|p1a: Rillaboom|27/288|[from] Recoil\n|\n|-heal|p1a: Rillaboom|45/288|[from] Grassy Terrain\n|upkeep\n|\n|t:|1781413149\n|switch|p2a: Weavile|Weavile, L79, F|153/239\n|-damage|p2a: Weavile|94/239|[from] Stealth Rock\n|turn|29\n|\n|t:|1781413152\n|move|p2a: Weavile|Ice Shard|p1a: Rillaboom\n|-supereffective|p1a: Rillaboom\n|-damage|p1a: Rillaboom|0 fnt\n|faint|p1a: Rillaboom\n|\n|-heal|p2a: Weavile|108/239|[from] Grassy Terrain\n|upkeep\n|\n|t:|1781413154\n|switch|p1a: Electrode|Electrode, L92, tera:Ice|91/260\n|-damage|p1a: Electrode|26/260|[from] Spikes\n|turn|30\n|\n|t:|1781413157\n|move|p2a: Weavile|Ice Shard|p1a: Electrode\n|-resisted|p1a: Electrode\n|-damage|p1a: Electrode|0 fnt\n|faint|p1a: Electrode\n|\n|win|Sacred Quill\n|raw|moskie's rating: 1648 &rarr; <strong>1632</strong><br />(-16 for losing)\n|raw|Sacred Quill's rating: 1718 &rarr; <strong>1734</strong><br />(+16 for winning)\n", "inputlog": ">version a8376a258c1d4662feba110a92103f3664a72141\n>start {\"formatid\":\"gen9randombattle\",\"seed\":\"sodium,cc75ef3dece2d5d88ddc0e214f7bf886\",\"rated\":\"Rated battle\"}\n>player p1 {\"name\":\"moskie\",\"avatar\":\"169\",\"rating\":1648,\"seed\":\"sodium,bec596372350ffcaaa36f9b3a9898272\"}\n>player p2 {\"name\":\"Sacred Quill\",\"avatar\":\"clerk\",\"rating\":1718,\"seed\":\"sodium,67eb3dafb24a4008eabcf0c4461f9760\"}\n>p1 switch 5\n>p2 move knockoff\n>p1 move bodyslam\n>p2 move bodypress\n>p1 move bodyslam\n>p2 move bodypress\n>p1 switch 6\n>p1 move terablast terastallize\n>p2 move knockoff\n>p2 switch 2\n>p1 move voltswitch\n>p2 move bodyslam\n>p1 switch 2\n>p1 move surf\n>p2 move bodyslam\n>p1 move flipturn\n>p2 move curse\n>p1 switch 5\n>p1 move dragondance\n>p2 move bodyslam\n>p1 move ironhead\n>p2 move bodyslam\n>p1 move ironhead\n>p2 move bodyslam\n>p1 switch 4\n>p1 move woodhammer\n>p2 move rest\n>p2 switch 3\n>p1 switch 5\n>p2 move spikes\n>p1 move surf\n>p2 move spikes\n>p1 move stealthrock\n>p2 move whirlwind\n>p1 move heatcrash\n>p2 move spikes terastallize\n>p1 move dragondance\n>p2 move whirlwind\n>p1 move terablast\n>p2 switch 5\n>p1 move voltswitch\n>p2 switch 4\n>p1 switch 2\n>p1 move dragondance\n>p2 move fakeout\n>p1 move dragondance\n>p2 move knockoff\n>p1 move heatcrash\n>p2 switch 5\n>p1 move outrage\n>p2 move whirlwind\n>p2 switch 4\n>p1 move outrage\n>p2 move iceshard\n>p1 switch 3\n>p1 move stealthrock\n>p2 switch 5\n>p1 move flipturn\n>p2 move knockoff\n>p1 move surf\n>p2 move lowkick\n>p1 move flipturn\n>p2 move lowkick\n>p1 switch 5\n>p1 move woodhammer\n>p2 move knockoff\n>p2 switch 5\n>p1 move grassyglide\n>p2 move iceshard\n>p1 switch 2\n>p1 move thunderbolt\n>p2 move iceshard", "uploadtime": 1781413160, "views": 3, "formatid": "gen9randombattle", "rating": 1632, "private": 0, "password": null}