{"id": "gen9randombattle-2631858386", "format": "[Gen 9] Random Battle", "players": ["zsmith544", "faaskaas"], "log": "|j|\u2606zsmith544\n|j|\u2606faaskaas\n|t:|1781448940\n|gametype|singles\n|player|p1|zsmith544|265|2036\n|player|p2|faaskaas|hiker-gen4|2067\n|gen|9\n|tier|[Gen 9] Random Battle\n|rated|\n|rule|Species Clause: Limit one of each Pok\u00e9mon\n|rule|HP Percentage Mod: HP is shown in percentages\n|rule|Sleep Clause Mod: Limit one foe put to sleep\n|rule|Illusion Level Mod: Illusion disguises the Pok\u00e9mon's true level\n|\n|t:|1781448940\n|teamsize|p1|6\n|teamsize|p2|6\n|start\n|switch|p1a: Rampardos|Rampardos, L90, M|321/321\n|switch|p2a: Fezandipiti|Fezandipiti, L82, M|278/278\n|turn|1\n|inactive|Battle timer is ON: inactive players will automatically lose when time's up. (requested by faaskaas)\n|inactive|zsmith544 also wants the timer to be on.\n|\n|t:|1781448966\n|move|p2a: Fezandipiti|U-turn|p1a: Rampardos\n|-damage|p1a: Rampardos|267/321\n|\n|t:|1781448975\n|switch|p2a: Iron Leaves|Iron Leaves, L80|275/275|[from] U-turn\n|move|p1a: Rampardos|Earthquake|p2a: Iron Leaves\n|-resisted|p2a: Iron Leaves\n|-damage|p2a: Iron Leaves|196/275\n|-damage|p1a: Rampardos|235/321|[from] item: Life Orb\n|\n|upkeep\n|turn|2\n|\n|t:|1781448985\n|switch|p1a: Scovillain|Scovillain, L91, F|266/266\n|move|p2a: Iron Leaves|Swords Dance|p2a: Iron Leaves\n|-boost|p2a: Iron Leaves|atk|2\n|\n|upkeep\n|turn|3\n|\n|t:|1781448994\n|move|p2a: Iron Leaves|Close Combat|p1a: Scovillain\n|-damage|p1a: Scovillain|0 fnt\n|-unboost|p2a: Iron Leaves|def|1\n|-unboost|p2a: Iron Leaves|spd|1\n|faint|p1a: Scovillain\n|-damage|p2a: Iron Leaves|169/275|[from] item: Life Orb\n|\n|upkeep\n|\n|t:|1781449009\n|switch|p1a: Mightyena|Mightyena, L96, F|290/290\n|-ability|p1a: Mightyena|Intimidate|boost\n|-unboost|p2a: Iron Leaves|atk|1\n|turn|4\n|\n|t:|1781449023\n|-end|p2a: Iron Leaves|Quark Drive|[silent]\n|switch|p2a: Fezandipiti|Fezandipiti, L82, M|278/278\n|move|p1a: Mightyena|Sucker Punch||[still]\n|-fail|p1a: Mightyena\n|\n|upkeep\n|turn|5\n|\n|t:|1781449039\n|switch|p1a: Rampardos|Rampardos, L90, M|235/321\n|move|p2a: Fezandipiti|U-turn|p1a: Rampardos\n|-damage|p1a: Rampardos|183/321\n|-status|p1a: Rampardos|tox|[from] ability: Toxic Chain|[of] p2a: Fezandipiti\n|\n|t:|1781449043\n|switch|p2a: Iron Leaves|Iron Leaves, L80|169/275|[from] U-turn\n|\n|-damage|p1a: Rampardos|163/321 tox|[from] psn\n|upkeep\n|turn|6\n|\n|t:|1781449055\n|move|p2a: Iron Leaves|Leaf Blade|p1a: Rampardos\n|-supereffective|p1a: Rampardos\n|-damage|p1a: Rampardos|0 fnt\n|faint|p1a: Rampardos\n|-damage|p2a: Iron Leaves|142/275|[from] item: Life Orb\n|\n|upkeep\n|\n|t:|1781449068\n|switch|p1a: Oricorio|Oricorio, L84, F|263/263\n|turn|7\n|\n|t:|1781449082\n|-end|p2a: Iron Leaves|Quark Drive|[silent]\n|switch|p2a: Alomomola|Alomomola, L87, M|429/429\n|move|p1a: Oricorio|Quiver Dance|p1a: Oricorio\n|-boost|p1a: Oricorio|spa|1\n|-boost|p1a: Oricorio|spd|1\n|-boost|p1a: Oricorio|spe|1\n|\n|upkeep\n|turn|8\n|\n|t:|1781449098\n|move|p1a: Oricorio|Quiver Dance|p1a: Oricorio\n|-boost|p1a: Oricorio|spa|1\n|-boost|p1a: Oricorio|spd|1\n|-boost|p1a: Oricorio|spe|1\n|move|p2a: Alomomola|Flip Turn|p1a: Oricorio\n|-supereffective|p1a: Oricorio\n|-damage|p1a: Oricorio|137/263\n|\n|t:|1781449119\n|switch|p2a: Fezandipiti|Fezandipiti, L82, M|278/278|[from] Flip Turn\n|\n|upkeep\n|turn|9\n|inactive|zsmith544 has 120 seconds left.\n|\n|t:|1781449154\n|-terastallize|p1a: Oricorio|Ground\n|move|p1a: Oricorio|Revelation Dance|p2a: Fezandipiti\n|-supereffective|p2a: Fezandipiti\n|-damage|p2a: Fezandipiti|0 fnt\n|faint|p2a: Fezandipiti\n|\n|upkeep\n|inactive|faaskaas has 120 seconds left.\n|inactive|faaskaas has 90 seconds left.\n|\n|t:|1781449230\n|switch|p2a: Alomomola|Alomomola, L87, M|429/429\n|turn|10\n|\n|t:|1781449234\n|move|p1a: Oricorio|Hurricane|p2a: Alomomola\n|-damage|p2a: Alomomola|101/429\n|move|p2a: Alomomola|Flip Turn|p1a: Oricorio\n|-supereffective|p1a: Oricorio\n|-damage|p1a: Oricorio|0 fnt\n|faint|p1a: Oricorio\n|\n|t:|1781449241\n|switch|p2a: Flamigo|Flamigo, L82, M|269/269|[from] Flip Turn\n|\n|upkeep\n|\n|t:|1781449258\n|switch|p1a: Mightyena|Mightyena, L96, F|290/290\n|-ability|p1a: Mightyena|Intimidate|boost\n|-fail|p2a: Flamigo|unboost|Attack|[from] ability: Scrappy|[of] p2a: Flamigo\n|turn|11\n|\n|t:|1781449263\n|move|p2a: Flamigo|Close Combat|p1a: Mightyena\n|-supereffective|p1a: Mightyena\n|-damage|p1a: Mightyena|0 fnt\n|-unboost|p2a: Flamigo|def|1\n|-unboost|p2a: Flamigo|spd|1\n|faint|p1a: Mightyena\n|-damage|p2a: Flamigo|243/269|[from] item: Life Orb\n|\n|upkeep\n|\n|t:|1781449271\n|switch|p1a: Clawitzer|Clawitzer, L87, M|265/265\n|turn|12\n|\n|t:|1781449279\n|switch|p2a: Alomomola|Alomomola, L87, M|244/429\n|move|p1a: Clawitzer|Dragon Pulse|p2a: Alomomola\n|-damage|p2a: Alomomola|0 fnt\n|faint|p2a: Alomomola\n|\n|upkeep\n|\n|t:|1781449283\n|switch|p2a: Flutter Mane|Flutter Mane, L74|203/203\n|turn|13\n|-message|zsmith544 forfeited.\n|\n|win|faaskaas\n", "inputlog": ">version a8376a258c1d4662feba110a92103f3664a72141\n>start {\"formatid\":\"gen9randombattle\",\"seed\":\"sodium,dcb1e0c6c2998ecf60e4098f8fbf4b8d\",\"rated\":\"Rated battle\"}\n>player p1 {\"name\":\"zsmith544\",\"avatar\":\"265\",\"rating\":2036,\"seed\":\"sodium,3159d0de5a584b5cba6e91f58b455e3c\"}\n>player p2 {\"name\":\"faaskaas\",\"avatar\":\"hiker-gen4\",\"rating\":2067,\"seed\":\"sodium,1c6e369e678f4044a4714f6725ad2cd1\"}\n>p1 move earthquake\n>p2 move uturn\n>p2 switch 2\n>p1 switch 5\n>p2 move swordsdance\n>p1 move flamethrower\n>p2 move closecombat\n>p1 switch 3\n>p1 move suckerpunch\n>p2 switch 2\n>p1 switch 5\n>p2 move uturn\n>p2 switch 2\n>p1 move firepunch\n>p2 move leafblade\n>p1 switch 2\n>p1 move quiverdance\n>p2 switch 5\n>p1 move quiverdance\n>p2 move flipturn\n>p2 switch 2\n>p1 move revelationdance terastallize\n>p2 move gunkshot\n>p2 switch 2\n>p1 move hurricane\n>p2 move flipturn\n>p2 switch 4\n>p1 switch 5\n>p1 move playrough\n>p2 move closecombat\n>p1 switch 4\n>p1 move dragonpulse\n>p2 switch 4\n>p2 switch 3\n>forcelose p1", "uploadtime": 1781448942, "views": 7, "formatid": "gen9randombattle", "rating": null, "private": 0, "password": null}