{"id": "gen9randombattle-2631907726", "format": "[Gen 9] Random Battle", "players": ["ArbysDealer23", "Reulsen"], "log": "|j|\u2606ArbysDealer23\n|j|\u2606Reulsen\n|t:|1781454388\n|gametype|singles\n|player|p1|ArbysDealer23|miku-fire|1977\n|player|p2|Reulsen|red|2003\n|gen|9\n|tier|[Gen 9] Random Battle\n|rated|\n|rule|Species Clause: Limit one of each Pok\u00e9mon\n|rule|HP Percentage Mod: HP is shown in percentages\n|rule|Sleep Clause Mod: Limit one foe put to sleep\n|rule|Illusion Level Mod: Illusion disguises the Pok\u00e9mon's true level\n|\n|t:|1781454388\n|teamsize|p1|6\n|teamsize|p2|6\n|start\n|switch|p1a: Blaziken|Blaziken, L76, M|247/247\n|switch|p2a: Hypno|Hypno, L95, M|315/315\n|turn|1\n|inactive|Battle timer is ON: inactive players will automatically lose when time's up. (requested by ArbysDealer23)\n|\n|t:|1781454408\n|switch|p1a: Dewgong|Dewgong, L94, F|322/322\n|move|p2a: Hypno|Psychic Noise|p1a: Dewgong\n|-damage|p1a: Dewgong|258/322\n|-start|p1a: Dewgong|move: Heal Block\n|\n|upkeep\n|turn|2\n|\n|t:|1781454418\n|move|p1a: Dewgong|Knock Off|p2a: Hypno\n|-supereffective|p2a: Hypno\n|-damage|p2a: Hypno|163/315\n|-enditem|p2a: Hypno|Leftovers|[from] move: Knock Off|[of] p1a: Dewgong\n|move|p2a: Hypno|Toxic|p1a: Dewgong\n|-status|p1a: Dewgong|tox\n|\n|-damage|p1a: Dewgong|238/322 tox|[from] psn\n|-end|p1a: Dewgong|move: Heal Block\n|upkeep\n|turn|3\n|inactive|Reulsen has 120 seconds left.\n|\n|t:|1781454449\n|switch|p2a: Leavanny|Leavanny, L86, F|269/269\n|move|p1a: Dewgong|Hydro Pump|p2a: Leavanny|[miss]\n|-miss|p1a: Dewgong|p2a: Leavanny\n|\n|-damage|p1a: Dewgong|198/322 tox|[from] psn\n|upkeep\n|turn|4\n|\n|t:|1781454466\n|switch|p1a: Glimmora|Glimmora, L75, F|248/248\n|move|p2a: Leavanny|Sticky Web|p1a: Glimmora\n|-sidestart|p1: ArbysDealer23|move: Sticky Web\n|\n|upkeep\n|turn|5\n|\n|t:|1781454474\n|switch|p2a: Hypno|Hypno, L95, M|163/315\n|move|p1a: Glimmora|Meteor Beam||[still]\n|-prepare|p1a: Glimmora|Meteor Beam\n|-boost|p1a: Glimmora|spa|1\n|-enditem|p1a: Glimmora|Power Herb\n|-anim|p1a: Glimmora|Meteor Beam|p2a: Hypno|[miss]\n|-miss|p1a: Glimmora|p2a: Hypno\n|\n|upkeep\n|turn|6\n|\n|t:|1781454489\n|move|p2a: Hypno|Encore|p1a: Glimmora\n|-start|p1a: Glimmora|Encore\n|move|p1a: Glimmora|Meteor Beam||[still]\n|-prepare|p1a: Glimmora|Meteor Beam\n|-boost|p1a: Glimmora|spa|1\n|\n|upkeep\n|turn|7\n|\n|t:|1781454494\n|move|p2a: Hypno|Psychic Noise|p1a: Glimmora\n|-supereffective|p1a: Glimmora\n|-damage|p1a: Glimmora|42/248\n|-start|p1a: Glimmora|move: Heal Block\n|move|p1a: Glimmora|Meteor Beam|p2a: Hypno|[from] lockedmove\n|-damage|p2a: Hypno|0 fnt\n|faint|p2a: Hypno\n|\n|upkeep\n|\n|t:|1781454512\n|switch|p2a: Primarina|Primarina, L83, M|268/268\n|turn|8\n|\n|t:|1781454520\n|switch|p1a: Gastrodon|Gastrodon-East, L86, M|331/331\n|-activate|p1a: Gastrodon|move: Sticky Web\n|-unboost|p1a: Gastrodon|spe|1\n|move|p2a: Primarina|Sparkling Aria|p1a: Gastrodon\n|-ability|p1a: Gastrodon|Storm Drain|boost\n|-boost|p1a: Gastrodon|spa|1\n|\n|upkeep\n|turn|9\n|\n|t:|1781454535\n|switch|p2a: Swalot|Swalot, L90, F|326/326\n|move|p1a: Gastrodon|Sludge Bomb|p2a: Swalot\n|-resisted|p2a: Swalot\n|-damage|p2a: Swalot|279/326\n|\n|-heal|p2a: Swalot|299/326|[from] item: Leftovers\n|upkeep\n|turn|10\n|\n|t:|1781454546\n|move|p2a: Swalot|Toxic|p1a: Gastrodon\n|-status|p1a: Gastrodon|tox\n|move|p1a: Gastrodon|Earthquake|p2a: Swalot\n|-supereffective|p2a: Swalot\n|-damage|p2a: Swalot|93/326\n|\n|-heal|p2a: Swalot|113/326|[from] item: Leftovers\n|-damage|p1a: Gastrodon|311/331 tox|[from] psn\n|upkeep\n|turn|11\n|\n|t:|1781454555\n|move|p2a: Swalot|Protect|p2a: Swalot\n|-singleturn|p2a: Swalot|Protect\n|move|p1a: Gastrodon|Surf|p2a: Swalot\n|-activate|p2a: Swalot|move: Protect\n|\n|-heal|p2a: Swalot|133/326|[from] item: Leftovers\n|-heal|p1a: Gastrodon|331/331 tox|[from] item: Leftovers\n|-damage|p1a: Gastrodon|291/331 tox|[from] psn\n|upkeep\n|turn|12\n|\n|t:|1781454570\n|move|p2a: Swalot|Earthquake|p1a: Gastrodon\n|-damage|p1a: Gastrodon|218/331 tox\n|move|p1a: Gastrodon|Earthquake|p2a: Swalot\n|-supereffective|p2a: Swalot\n|-damage|p2a: Swalot|0 fnt\n|faint|p2a: Swalot\n|\n|-heal|p1a: Gastrodon|238/331 tox|[from] item: Leftovers\n|-damage|p1a: Gastrodon|178/331 tox|[from] psn\n|upkeep\n|\n|t:|1781454582\n|switch|p2a: Leavanny|Leavanny, L86, F|269/269\n|turn|13\n|\n|t:|1781454591\n|switch|p1a: Glimmora|Glimmora, L75, F|42/248\n|-activate|p1a: Glimmora|move: Sticky Web\n|-unboost|p1a: Glimmora|spe|1\n|move|p2a: Leavanny|Leaf Blade|p1a: Glimmora\n|-damage|p1a: Glimmora|0 fnt\n|-activate|p1a: Glimmora|ability: Toxic Debris\n|-sidestart|p2: Reulsen|move: Toxic Spikes\n|faint|p1a: Glimmora\n|\n|upkeep\n|\n|t:|1781454607\n|switch|p1a: Eelektross|Eelektross, L87, M|290/290\n|turn|14\n|\n|t:|1781454618\n|switch|p2a: Baxcalibur|Baxcalibur, L75, F|295/295\n|-status|p2a: Baxcalibur|psn\n|move|p1a: Eelektross|Fire Punch|p2a: Baxcalibur\n|-damage|p2a: Baxcalibur|224/295 psn\n|-ability|p2a: Baxcalibur|Thermal Exchange|boost\n|-boost|p2a: Baxcalibur|atk|1\n|\n|-damage|p2a: Baxcalibur|188/295 psn|[from] psn\n|upkeep\n|turn|15\n|\n|t:|1781454634\n|move|p2a: Baxcalibur|Icicle Spear|p1a: Eelektross\n|-damage|p1a: Eelektross|245/290\n|-damage|p1a: Eelektross|202/290\n|-damage|p1a: Eelektross|153/290\n|-damage|p1a: Eelektross|104/290\n|-damage|p1a: Eelektross|59/290\n|-hitcount|p1a: Eelektross|5\n|move|p1a: Eelektross|Drain Punch|p2a: Baxcalibur\n|-supereffective|p2a: Baxcalibur\n|-damage|p2a: Baxcalibur|58/295 psn\n|-heal|p1a: Eelektross|124/290|[from] drain|[of] p2a: Baxcalibur\n|\n|-heal|p1a: Eelektross|142/290|[from] item: Leftovers\n|-damage|p2a: Baxcalibur|22/295 psn|[from] psn\n|upkeep\n|turn|16\n|\n|t:|1781454652\n|move|p2a: Baxcalibur|Scale Shot|p1a: Eelektross\n|-damage|p1a: Eelektross|96/290\n|-damage|p1a: Eelektross|51/290\n|-damage|p1a: Eelektross|5/290\n|-damage|p1a: Eelektross|0 fnt\n|faint|p1a: Eelektross\n|-hitcount|p1: Eelektross|4\n|-unboost|p2a: Baxcalibur|def|1\n|-boost|p2a: Baxcalibur|spe|1\n|\n|-damage|p2a: Baxcalibur|0 fnt|[from] psn\n|faint|p2a: Baxcalibur\n|upkeep\n|inactive|Reulsen has 120 seconds left.\n|\n|t:|1781454676\n|switch|p2a: Leavanny|Leavanny, L86, F|269/269\n|switch|p1a: Gastrodon|Gastrodon-East, L86, M|178/331 tox\n|-activate|p1a: Gastrodon|move: Sticky Web\n|-unboost|p1a: Gastrodon|spe|1\n|turn|17\n|inactive|Reulsen has 120 seconds left.\n|\n|t:|1781454691\n|-terastallize|p1a: Gastrodon|Poison\n|move|p2a: Leavanny|Leaf Blade|p1a: Gastrodon\n|-resisted|p1a: Gastrodon\n|-damage|p1a: Gastrodon|112/331 tox\n|move|p1a: Gastrodon|Recover|p1a: Gastrodon\n|-heal|p1a: Gastrodon|278/331 tox\n|\n|-heal|p1a: Gastrodon|298/331 tox|[from] item: Leftovers\n|-damage|p1a: Gastrodon|278/331 tox|[from] psn\n|upkeep\n|turn|18\n|\n|t:|1781454707\n|move|p2a: Leavanny|Knock Off|p1a: Gastrodon\n|-damage|p1a: Gastrodon|188/331 tox\n|-enditem|p1a: Gastrodon|Leftovers|[from] move: Knock Off|[of] p2a: Leavanny\n|move|p1a: Gastrodon|Sludge Bomb|p2a: Leavanny\n|-supereffective|p2a: Leavanny\n|-damage|p2a: Leavanny|81/269\n|\n|-damage|p1a: Gastrodon|148/331 tox|[from] psn\n|upkeep\n|turn|19\n|\n|t:|1781454725\n|move|p2a: Leavanny|Knock Off|p1a: Gastrodon\n|-damage|p1a: Gastrodon|87/331 tox\n|move|p1a: Gastrodon|Sludge Bomb|p2a: Leavanny\n|-supereffective|p2a: Leavanny\n|-crit|p2a: Leavanny\n|-damage|p2a: Leavanny|0 fnt\n|faint|p2a: Leavanny\n|\n|-damage|p1a: Gastrodon|27/331 tox|[from] psn\n|upkeep\n|\n|t:|1781454740\n|switch|p2a: Latios|Latios, L78, M|253/253\n|turn|20\n|\n|t:|1781454753\n|switch|p1a: Mismagius|Mismagius, L86, F|243/243\n|-terastallize|p2a: Latios|Steel\n|move|p2a: Latios|Calm Mind|p2a: Latios\n|-boost|p2a: Latios|spa|1\n|-boost|p2a: Latios|spd|1\n|\n|upkeep\n|turn|21\n|\n|t:|1781454760\n|move|p1a: Mismagius|Nasty Plot|p1a: Mismagius\n|-boost|p1a: Mismagius|spa|2\n|move|p2a: Latios|Psyshock|p1a: Mismagius\n|-damage|p1a: Mismagius|11/243\n|\n|-heal|p1a: Mismagius|26/243|[from] item: Leftovers\n|upkeep\n|turn|22\n|\n|t:|1781454769\n|move|p1a: Mismagius|Shadow Ball|p2a: Latios\n|-damage|p2a: Latios|145/253\n|-unboost|p2a: Latios|spd|1\n|move|p2a: Latios|Psyshock|p1a: Mismagius\n|-damage|p1a: Mismagius|0 fnt\n|faint|p1a: Mismagius\n|\n|upkeep\n|\n|t:|1781454776\n|switch|p1a: Dewgong|Dewgong, L94, F|198/322 tox\n|turn|23\n|inactive|Reulsen has 120 seconds left.\n|\n|t:|1781454784\n|move|p2a: Latios|Calm Mind|p2a: Latios\n|-boost|p2a: Latios|spa|1\n|-boost|p2a: Latios|spd|1\n|move|p1a: Dewgong|Ice Beam|p2a: Latios\n|-resisted|p2a: Latios\n|-damage|p2a: Latios|118/253\n|\n|-damage|p1a: Dewgong|178/322 tox|[from] psn\n|upkeep\n|turn|24\n|inactive|Reulsen has 120 seconds left.\n|\n|t:|1781454794\n|move|p2a: Latios|Psyshock|p1a: Dewgong\n|-damage|p1a: Dewgong|0 fnt\n|faint|p1a: Dewgong\n|\n|upkeep\n|\n|t:|1781454796\n|switch|p1a: Blaziken|Blaziken, L76, M|247/247\n|-activate|p1a: Blaziken|move: Sticky Web\n|-unboost|p1a: Blaziken|spe|1\n|turn|25\n|\n|t:|1781454803\n|move|p2a: Latios|Psyshock|p1a: Blaziken\n|-supereffective|p1a: Blaziken\n|-damage|p1a: Blaziken|0 fnt\n|faint|p1a: Blaziken\n|\n|upkeep\n|\n|t:|1781454805\n|switch|p1a: Gastrodon|Gastrodon-East, L86, M, tera:Poison|27/331 tox\n|-activate|p1a: Gastrodon|move: Sticky Web\n|-unboost|p1a: Gastrodon|spe|1\n|turn|26\n|\n|t:|1781454812\n|move|p2a: Latios|Psyshock|p1a: Gastrodon\n|-supereffective|p1a: Gastrodon\n|-damage|p1a: Gastrodon|0 fnt\n|faint|p1a: Gastrodon\n|\n|win|Reulsen\n", "uploadtime": 1781454390, "views": 4, "formatid": "gen9randombattle", "rating": null, "private": 0, "password": null}