{"id": "gen9randombattle-2631775099", "format": "[Gen 9] Random Battle", "players": ["NickPlayeZ", "mbkproductions"], "log": "|j|\u2606NickPlayeZ\n|j|\u2606mbkproductions\n|t:|1781437724\n|gametype|singles\n|player|p1|NickPlayeZ|emmet|2101\n|player|p2|mbkproductions|170|2137\n|gen|9\n|tier|[Gen 9] Random Battle\n|rated|\n|rule|Species Clause: Limit one of each Pok\u00e9mon\n|rule|HP Percentage Mod: HP is shown in percentages\n|rule|Sleep Clause Mod: Limit one foe put to sleep\n|rule|Illusion Level Mod: Illusion disguises the Pok\u00e9mon's true level\n|\n|t:|1781437724\n|teamsize|p1|6\n|teamsize|p2|6\n|start\n|switch|p1a: Ting-Lu|Ting-Lu, L78|370/370\n|switch|p2a: Florges|Florges-Blue, L85, F|271/271\n|-ability|p1a: Ting-Lu|Vessel of Ruin\n|turn|1\n|inactive|Battle timer is ON: inactive players will automatically lose when time's up. (requested by NickPlayeZ)\n|\n|t:|1781437747\n|switch|p1a: Cresselia|Cresselia, L80, F|323/323\n|move|p2a: Florges|Moonblast|p1a: Cresselia\n|-damage|p1a: Cresselia|220/323\n|\n|-heal|p1a: Cresselia|240/323|[from] item: Leftovers\n|upkeep\n|turn|2\n|\n|t:|1781437756\n|switch|p2a: Cinccino|Cinccino, L83, F|260/260\n|move|p1a: Cresselia|Calm Mind|p1a: Cresselia\n|-boost|p1a: Cresselia|spa|1\n|-boost|p1a: Cresselia|spd|1\n|\n|-heal|p1a: Cresselia|260/323|[from] item: Leftovers\n|upkeep\n|turn|3\n|\n|t:|1781437762\n|switch|p1a: Hitmontop|Hitmontop, L88, M|231/231\n|-ability|p1a: Hitmontop|Intimidate|boost\n|-unboost|p2a: Cinccino|atk|1\n|move|p2a: Cinccino|Tail Slap|p1a: Hitmontop\n|-crit|p1a: Hitmontop\n|-damage|p1a: Hitmontop|179/231\n|-damage|p1a: Hitmontop|155/231\n|-damage|p1a: Hitmontop|131/231\n|-damage|p1a: Hitmontop|107/231\n|-hitcount|p1a: Hitmontop|4\n|\n|upkeep\n|turn|4\n|\n|t:|1781437784\n|switch|p2a: Braviary|Braviary, L85, M|309/309\n|switch|p1a: Kleavor|Kleavor, L78, F|237/237\n|\n|upkeep\n|turn|5\n|\n|t:|1781437802\n|move|p2a: Braviary|Bulk Up|p2a: Braviary\n|-boost|p2a: Braviary|atk|1\n|-boost|p2a: Braviary|def|1\n|move|p1a: Kleavor|Stone Axe|p2a: Braviary\n|-supereffective|p2a: Braviary\n|-damage|p2a: Braviary|117/309\n|-sidestart|p2: mbkproductions|move: Stealth Rock\n|\n|upkeep\n|turn|6\n|\n|t:|1781437806\n|move|p2a: Braviary|Brave Bird|p1a: Kleavor\n|-damage|p1a: Kleavor|0 fnt\n|faint|p1a: Kleavor\n|-damage|p2a: Braviary|39/309|[from] Recoil\n|\n|upkeep\n|\n|t:|1781437813\n|switch|p1a: Altaria|Altaria, L89, M|278/278\n|turn|7\n|\n|t:|1781437816\n|move|p1a: Altaria|Brave Bird|p2a: Braviary\n|-damage|p2a: Braviary|0 fnt\n|faint|p2a: Braviary\n|-damage|p1a: Altaria|265/278|[from] Recoil\n|\n|upkeep\n|\n|t:|1781437824\n|switch|p2a: Cinccino|Cinccino, L83, F|260/260\n|-damage|p2a: Cinccino|228/260|[from] Stealth Rock\n|turn|8\n|\n|t:|1781437830\n|move|p2a: Cinccino|Triple Axel|p1a: Altaria|[miss]\n|-miss|p2a: Cinccino|p1a: Altaria\n|move|p1a: Altaria|Brave Bird|p2a: Cinccino\n|-damage|p2a: Cinccino|89/260\n|-damage|p1a: Altaria|219/278|[from] Recoil\n|\n|upkeep\n|turn|9\n|\n|t:|1781437835\n|switch|p1a: Hitmontop|Hitmontop, L88, M|107/231\n|-ability|p1a: Hitmontop|Intimidate|boost\n|-unboost|p2a: Cinccino|atk|1\n|move|p2a: Cinccino|Triple Axel|p1a: Hitmontop\n|-crit|p1a: Hitmontop\n|-damage|p1a: Hitmontop|76/231\n|-damage|p1a: Hitmontop|49/231\n|-damage|p1a: Hitmontop|12/231\n|-hitcount|p1a: Hitmontop|3\n|\n|upkeep\n|turn|10\n|\n|t:|1781437838\n|move|p1a: Hitmontop|Sucker Punch|p2a: Cinccino\n|-damage|p2a: Cinccino|12/260\n|move|p2a: Cinccino|Bullet Seed|p1a: Hitmontop\n|-damage|p1a: Hitmontop|0 fnt\n|faint|p1a: Hitmontop\n|-hitcount|p1: Hitmontop|1\n|\n|upkeep\n|\n|t:|1781437841\n|switch|p1a: Samurott|Samurott, L88, M|310/310\n|turn|11\n|\n|t:|1781437844\n|move|p1a: Samurott|Aqua Jet|p2a: Cinccino\n|-damage|p2a: Cinccino|0 fnt\n|faint|p2a: Cinccino\n|\n|upkeep\n|\n|t:|1781437852\n|switch|p2a: Hitmonlee|Hitmonlee, L85, M|224/224\n|-damage|p2a: Hitmonlee|210/224|[from] Stealth Rock\n|turn|12\n|inactive|NickPlayeZ has 120 seconds left.\n|\n|t:|1781437886\n|move|p2a: Hitmonlee|Swords Dance|p2a: Hitmonlee\n|-boost|p2a: Hitmonlee|atk|2\n|move|p1a: Samurott|Hydro Pump|p2a: Hitmonlee\n|-damage|p2a: Hitmonlee|84/224\n|\n|upkeep\n|turn|13\n|inactive|NickPlayeZ has 120 seconds left.\n|\n|t:|1781437908\n|move|p2a: Hitmonlee|Close Combat|p1a: Samurott\n|-damage|p1a: Samurott|24/310\n|-unboost|p2a: Hitmonlee|def|1\n|-unboost|p2a: Hitmonlee|spd|1\n|-enditem|p2a: Hitmonlee|White Herb\n|-clearnegativeboost|p2a: Hitmonlee|[silent]\n|move|p1a: Samurott|Grass Knot|p2a: Hitmonlee\n|-damage|p2a: Hitmonlee|43/224\n|\n|upkeep\n|turn|14\n|\n|t:|1781437919\n|move|p1a: Samurott|Aqua Jet|p2a: Hitmonlee\n|-damage|p2a: Hitmonlee|0 fnt\n|faint|p2a: Hitmonlee\n|\n|upkeep\n|\n|t:|1781437924\n|switch|p2a: Lurantis|Lurantis, L87, F|264/264\n|-damage|p2a: Lurantis|231/264|[from] Stealth Rock\n|turn|15\n|\n|t:|1781437927\n|move|p1a: Samurott|Knock Off|p2a: Lurantis\n|-damage|p2a: Lurantis|154/264\n|-enditem|p2a: Lurantis|Leftovers|[from] move: Knock Off|[of] p1a: Samurott\n|move|p2a: Lurantis|Synthesis|p2a: Lurantis\n|-heal|p2a: Lurantis|264/264\n|\n|upkeep\n|turn|16\n|\n|t:|1781437933\n|switch|p1a: Altaria|Altaria, L89, M|219/278\n|move|p2a: Lurantis|Superpower|p1a: Altaria\n|-resisted|p1a: Altaria\n|-damage|p1a: Altaria|178/278\n|-boost|p2a: Lurantis|atk|1\n|-boost|p2a: Lurantis|def|1\n|\n|upkeep\n|turn|17\n|\n|t:|1781437952\n|move|p1a: Altaria|Dragon Dance|p1a: Altaria\n|-boost|p1a: Altaria|atk|1\n|-boost|p1a: Altaria|spe|1\n|move|p2a: Lurantis|Defog|p1a: Altaria\n|-unboost|p1a: Altaria|evasion|1\n|-sideend|p2: mbkproductions|Stealth Rock|[from] move: Defog|[of] p2a: Lurantis\n|\n|upkeep\n|turn|18\n|\n|t:|1781437963\n|switch|p2a: Bellibolt|Bellibolt, L84, M|320/320\n|move|p1a: Altaria|Brave Bird|p2a: Bellibolt\n|-resisted|p2a: Bellibolt\n|-damage|p2a: Bellibolt|236/320\n|-start|p2a: Bellibolt|Charge|Brave Bird|[from] ability: Electromorphosis\n|-damage|p1a: Altaria|150/278|[from] Recoil\n|\n|-heal|p2a: Bellibolt|256/320|[from] item: Leftovers\n|upkeep\n|turn|19\n|\n|t:|1781437970\n|-terastallize|p1a: Altaria|Ground\n|-terastallize|p2a: Bellibolt|Water\n|move|p1a: Altaria|Roost|p1a: Altaria\n|-heal|p1a: Altaria|278/278\n|move|p2a: Bellibolt|Volt Switch|p1a: Altaria\n|-immune|p1a: Altaria\n|-end|p2a: Bellibolt|Charge|[silent]\n|\n|-heal|p2a: Bellibolt|276/320|[from] item: Leftovers\n|upkeep\n|turn|20\n|\n|t:|1781437985\n|move|p1a: Altaria|Brave Bird|p2a: Bellibolt\n|-damage|p2a: Bellibolt|125/320\n|-start|p2a: Bellibolt|Charge|Brave Bird|[from] ability: Electromorphosis\n|-damage|p1a: Altaria|228/278|[from] Recoil\n|move|p2a: Bellibolt|Muddy Water|p1a: Altaria\n|-supereffective|p1a: Altaria\n|-damage|p1a: Altaria|66/278\n|\n|-heal|p2a: Bellibolt|145/320|[from] item: Leftovers\n|upkeep\n|turn|21\n|\n|t:|1781437992\n|move|p1a: Altaria|Brave Bird|p2a: Bellibolt\n|-damage|p2a: Bellibolt|0 fnt\n|faint|p2a: Bellibolt\n|-damage|p1a: Altaria|18/278|[from] Recoil\n|\n|upkeep\n|\n|t:|1781437995\n|switch|p2a: Florges|Florges-Blue, L85, F|271/271\n|turn|22\n|\n|t:|1781438005\n|move|p1a: Altaria|Roost|p1a: Altaria\n|-heal|p1a: Altaria|157/278\n|move|p2a: Florges|Calm Mind|p2a: Florges\n|-boost|p2a: Florges|spa|1\n|-boost|p2a: Florges|spd|1\n|\n|upkeep\n|turn|23\n|\n|t:|1781438013\n|move|p1a: Altaria|Earthquake|p2a: Florges\n|-damage|p2a: Florges|115/271\n|move|p2a: Florges|Wish|p2a: Florges\n|\n|-heal|p2a: Florges|131/271|[from] item: Leftovers\n|upkeep\n|turn|24\n|\n|t:|1781438016\n|move|p1a: Altaria|Earthquake|p2a: Florges\n|-damage|p2a: Florges|0 fnt\n|faint|p2a: Florges\n|\n|upkeep\n|c|\u2606NickPlayeZ|gg\n|-message|mbkproductions forfeited.\n|\n|win|NickPlayeZ\n", "inputlog": ">version a8376a258c1d4662feba110a92103f3664a72141\n>start {\"formatid\":\"gen9randombattle\",\"seed\":\"sodium,30b4c9f0abac75b8c82d7b2b3b284456\",\"rated\":\"Rated battle\"}\n>player p1 {\"name\":\"NickPlayeZ\",\"avatar\":\"emmet\",\"rating\":2101,\"seed\":\"sodium,7f0392df6f95f3bca534ce3758a7caae\"}\n>player p2 {\"name\":\"mbkproductions\",\"avatar\":\"170\",\"rating\":2137,\"seed\":\"sodium,bfb03c4efb01f4eac473e81c60f7b9e8\"}\n>p1 switch 3\n>p2 move moonblast\n>p1 move calmmind\n>p2 switch 5\n>p1 switch 4\n>p2 move tailslap\n>p1 switch 6\n>p2 switch 2\n>p1 move stoneaxe\n>p2 move bulkup\n>p1 move closecombat\n>p2 move bravebird\n>p1 switch 2\n>p1 move bravebird\n>p2 move roost\n>p2 switch 2\n>p1 move bravebird\n>p2 move tripleaxel\n>p1 switch 6\n>p2 move tripleaxel\n>p1 move suckerpunch\n>p2 move bulletseed\n>p1 switch 5\n>p1 move aquajet\n>p2 move bulletseed\n>p2 switch 6\n>p1 move hydropump\n>p2 move swordsdance\n>p1 move grassknot\n>p2 move closecombat\n>p1 move aquajet\n>p2 move knockoff\n>p2 switch 3\n>p1 move knockoff\n>p2 move synthesis\n>p1 switch 6\n>p2 move superpower\n>p1 move dragondance\n>p2 move defog\n>p1 move bravebird\n>p2 switch 4\n>p1 move roost terastallize\n>p2 move voltswitch terastallize\n>p1 move bravebird\n>p2 move muddywater\n>p1 move bravebird\n>p2 move muddywater\n>p2 switch 5\n>p1 move roost\n>p2 move calmmind\n>p1 move earthquake\n>p2 move wish\n>p1 move earthquake\n>p2 move moonblast\n>chat \u2606NickPlayeZ|gg\n>forcelose p2", "uploadtime": 1781437726, "views": 5, "formatid": "gen9randombattle", "rating": null, "private": 0, "password": null}