{"id": "gen9randombattle-2631724912", "format": "[Gen 9] Random Battle", "players": ["kkfuticipote", "079206025404h"], "log": "|j|\u2606kkfuticipote\n|j|\u2606079206025404h\n|t:|1781429077\n|gametype|singles\n|player|p1|kkfuticipote|twins-gen4dp|1903\n|player|p2|079206025404h|2|1874\n|gen|9\n|tier|[Gen 9] Random Battle\n|rated|\n|rule|Species Clause: Limit one of each Pok\u00e9mon\n|rule|HP Percentage Mod: HP is shown in percentages\n|rule|Sleep Clause Mod: Limit one foe put to sleep\n|rule|Illusion Level Mod: Illusion disguises the Pok\u00e9mon's true level\n|\n|t:|1781429077\n|teamsize|p1|6\n|teamsize|p2|6\n|start\n|switch|p1a: Camerupt|Camerupt, L91, M|275/275\n|switch|p2a: Mewtwo|Mewtwo, L72|272/272\n|-ability|p2a: Mewtwo|Pressure\n|turn|1\n|inactive|Battle timer is ON: inactive players will automatically lose when time's up. (requested by kkfuticipote)\n|\n|t:|1781429088\n|move|p2a: Mewtwo|Nasty Plot|p2a: Mewtwo\n|-boost|p2a: Mewtwo|spa|2\n|move|p1a: Camerupt|Earthquake|p2a: Mewtwo\n|-damage|p2a: Mewtwo|119/272\n|\n|upkeep\n|turn|2\n|\n|t:|1781429095\n|move|p2a: Mewtwo|Psystrike|p1a: Camerupt\n|-damage|p1a: Camerupt|0 fnt\n|faint|p1a: Camerupt\n|-damage|p2a: Mewtwo|92/272|[from] item: Life Orb\n|\n|upkeep\n|\n|t:|1781429107\n|switch|p1a: Bellibolt|Bellibolt, L84, F|320/320\n|turn|3\n|\n|t:|1781429111\n|-terastallize|p2a: Mewtwo|Psychic\n|move|p2a: Mewtwo|Psystrike|p1a: Bellibolt\n|-damage|p1a: Bellibolt|0 fnt\n|faint|p1a: Bellibolt\n|-damage|p2a: Mewtwo|65/272|[from] item: Life Orb\n|\n|upkeep\n|\n|t:|1781429121\n|switch|p1a: Iron Hands|Iron Hands, L79|373/373\n|turn|4\n|\n|t:|1781429124\n|move|p1a: Iron Hands|Fake Out|p2a: Mewtwo\n|-damage|p2a: Mewtwo|27/272\n|cant|p2a: Mewtwo|flinch\n|\n|upkeep\n|turn|5\n|\n|t:|1781429130\n|move|p2a: Mewtwo|Psystrike|p1a: Iron Hands\n|-supereffective|p1a: Iron Hands\n|-damage|p1a: Iron Hands|0 fnt\n|faint|p1a: Iron Hands\n|-end|p1a: Iron Hands|Quark Drive|[silent]\n|-damage|p2a: Mewtwo|0 fnt|[from] item: Life Orb\n|faint|p2a: Mewtwo\n|\n|upkeep\n|\n|t:|1781429143\n|switch|p2a: Mabosstiff|Mabosstiff, L86, F|278/278\n|switch|p1a: Hydreigon|Hydreigon, L79, M|275/275\n|turn|6\n|\n|t:|1781429150\n|move|p1a: Hydreigon|Draco Meteor|p2a: Mabosstiff|[miss]\n|-miss|p1a: Hydreigon|p2a: Mabosstiff\n|move|p2a: Mabosstiff|Play Rough|p1a: Hydreigon\n|-supereffective|p1a: Hydreigon\n|-crit|p1a: Hydreigon\n|-damage|p1a: Hydreigon|0 fnt\n|faint|p1a: Hydreigon\n|\n|upkeep\n|\n|t:|1781429153\n|switch|p1a: Arceus|Arceus-Fighting, L70|284/284\n|turn|7\n|\n|t:|1781429160\n|-terastallize|p1a: Arceus|Steel\n|move|p1a: Arceus|Cosmic Power|p1a: Arceus\n|-boost|p1a: Arceus|def|1\n|-boost|p1a: Arceus|spd|1\n|move|p2a: Mabosstiff|Play Rough|p1a: Arceus\n|-resisted|p1a: Arceus\n|-damage|p1a: Arceus|248/284\n|\n|upkeep\n|turn|8\n|\n|t:|1781429181\n|switch|p2a: Greedent|Greedent, L86, M|347/347\n|move|p1a: Arceus|Cosmic Power|p1a: Arceus\n|-boost|p1a: Arceus|def|1\n|-boost|p1a: Arceus|spd|1\n|\n|upkeep\n|turn|9\n|\n|t:|1781429189\n|move|p1a: Arceus|Cosmic Power|p1a: Arceus\n|-boost|p1a: Arceus|def|1\n|-boost|p1a: Arceus|spd|1\n|move|p2a: Greedent|Earthquake|p1a: Arceus\n|-supereffective|p1a: Arceus\n|-damage|p1a: Arceus|190/284\n|\n|upkeep\n|turn|10\n|\n|t:|1781429198\n|move|p1a: Arceus|Body Press|p2a: Greedent\n|-supereffective|p2a: Greedent\n|-damage|p2a: Greedent|0 fnt\n|faint|p2a: Greedent\n|\n|upkeep\n|\n|t:|1781429203\n|switch|p2a: Oricorio|Oricorio-Pa'u, L87, F|272/272\n|turn|11\n|\n|t:|1781429214\n|move|p2a: Oricorio|Quiver Dance|p2a: Oricorio\n|-boost|p2a: Oricorio|spa|1\n|-boost|p2a: Oricorio|spd|1\n|-boost|p2a: Oricorio|spe|1\n|move|p1a: Arceus|Cosmic Power|p1a: Arceus\n|-boost|p1a: Arceus|def|1\n|-boost|p1a: Arceus|spd|1\n|\n|upkeep\n|turn|12\n|\n|t:|1781429221\n|move|p2a: Oricorio|Quiver Dance|p2a: Oricorio\n|-boost|p2a: Oricorio|spa|1\n|-boost|p2a: Oricorio|spd|1\n|-boost|p2a: Oricorio|spe|1\n|move|p1a: Arceus|Cosmic Power|p1a: Arceus\n|-boost|p1a: Arceus|def|1\n|-boost|p1a: Arceus|spd|1\n|\n|upkeep\n|turn|13\n|\n|t:|1781429228\n|move|p2a: Oricorio|Quiver Dance|p2a: Oricorio\n|-boost|p2a: Oricorio|spa|1\n|-boost|p2a: Oricorio|spd|1\n|-boost|p2a: Oricorio|spe|1\n|move|p1a: Arceus|Cosmic Power|p1a: Arceus\n|-boost|p1a: Arceus|def|1\n|-boost|p1a: Arceus|spd|1\n|\n|upkeep\n|turn|14\n|\n|t:|1781429237\n|move|p2a: Oricorio|Quiver Dance|p2a: Oricorio\n|-boost|p2a: Oricorio|spa|1\n|-boost|p2a: Oricorio|spd|1\n|-boost|p2a: Oricorio|spe|1\n|move|p1a: Arceus|Stored Power|p2a: Oricorio\n|-resisted|p2a: Oricorio\n|-damage|p2a: Oricorio|242/272\n|\n|upkeep\n|turn|15\n|\n|t:|1781429246\n|move|p2a: Oricorio|Revelation Dance|p1a: Arceus\n|-resisted|p1a: Arceus\n|-damage|p1a: Arceus|153/284\n|move|p1a: Arceus|Body Press|p2a: Oricorio\n|-resisted|p2a: Oricorio\n|-damage|p2a: Oricorio|148/272\n|\n|upkeep\n|turn|16\n|\n|t:|1781429257\n|move|p2a: Oricorio|Quiver Dance|p2a: Oricorio\n|-boost|p2a: Oricorio|spa|1\n|-boost|p2a: Oricorio|spd|1\n|-boost|p2a: Oricorio|spe|1\n|move|p1a: Arceus|Body Press|p2a: Oricorio\n|-resisted|p2a: Oricorio\n|-damage|p2a: Oricorio|49/272\n|\n|upkeep\n|turn|17\n|\n|t:|1781429265\n|move|p2a: Oricorio|Roost|p2a: Oricorio\n|-heal|p2a: Oricorio|185/272\n|-singleturn|p2a: Oricorio|move: Roost\n|move|p1a: Arceus|Body Press|p2a: Oricorio\n|-resisted|p2a: Oricorio\n|-damage|p2a: Oricorio|0 fnt\n|faint|p2a: Oricorio\n|\n|upkeep\n|\n|t:|1781429276\n|switch|p2a: Floatzel|Floatzel, L86, M|286/286\n|turn|18\n|\n|t:|1781429281\n|move|p2a: Floatzel|Wave Crash|p1a: Arceus\n|-damage|p1a: Arceus|105/284\n|-damage|p2a: Floatzel|270/286|[from] Recoil\n|move|p1a: Arceus|Recover|p1a: Arceus\n|-heal|p1a: Arceus|247/284\n|\n|upkeep\n|turn|19\n|\n|t:|1781429287\n|move|p2a: Floatzel|Wave Crash|p1a: Arceus\n|-damage|p1a: Arceus|192/284\n|-damage|p2a: Floatzel|252/286|[from] Recoil\n|move|p1a: Arceus|Stored Power|p2a: Floatzel\n|-damage|p2a: Floatzel|14/286\n|\n|upkeep\n|turn|20\n|\n|t:|1781429294\n|move|p2a: Floatzel|Wave Crash|p1a: Arceus\n|-damage|p1a: Arceus|140/284\n|-damage|p2a: Floatzel|0 fnt|[from] Recoil\n|faint|p2a: Floatzel\n|move|p1a: Arceus|Recover|p1a: Arceus\n|-heal|p1a: Arceus|282/284\n|\n|upkeep\n|\n|t:|1781429302\n|switch|p2a: Haxorus|Haxorus, L77, M|244/244\n|-ability|p2a: Haxorus|Mold Breaker\n|turn|21\n|\n|t:|1781429307\n|move|p1a: Arceus|Stored Power|p2a: Haxorus\n|-damage|p2a: Haxorus|48/244\n|move|p2a: Haxorus|Earthquake|p1a: Arceus\n|-supereffective|p1a: Arceus\n|-damage|p1a: Arceus|242/284\n|\n|upkeep\n|turn|22\n|-message|079206025404h forfeited.\n|\n|win|kkfuticipote\n|raw|kkfuticipote's rating: 1903 &rarr; <strong>1921</strong><br />(+18 for winning)\n|raw|079206025404h's rating: 1874 &rarr; <strong>1856</strong><br />(-18 for losing)\n", "inputlog": ">version a8376a258c1d4662feba110a92103f3664a72141\n>start {\"formatid\":\"gen9randombattle\",\"seed\":\"sodium,dfdac788f469c984451c16f990962c0d\",\"rated\":\"Rated battle\"}\n>player p1 {\"name\":\"kkfuticipote\",\"avatar\":\"twins-gen4dp\",\"rating\":1903,\"seed\":\"sodium,faa2e7ef915aa87e9cf95535f4b3600d\"}\n>player p2 {\"name\":\"079206025404h\",\"avatar\":\"2\",\"rating\":1874,\"seed\":\"sodium,0fcc48c8fc67846b8bb4f8e38acc21a0\"}\n>p1 move earthquake\n>p2 move nastyplot\n>p1 move earthquake\n>p2 move psystrike\n>p1 switch 3\n>p1 move thunderbolt\n>p2 move psystrike terastallize\n>p1 switch 2\n>p1 move fakeout\n>p2 move psystrike\n>p1 move voltswitch\n>p2 move psystrike\n>p1 switch 6\n>p2 switch 5\n>p1 move dracometeor\n>p2 move playrough\n>p1 switch 5\n>p1 move cosmicpower terastallize\n>p2 move playrough\n>p1 move cosmicpower\n>p2 switch 4\n>p1 move cosmicpower\n>p2 move earthquake\n>p1 move bodypress\n>p2 move earthquake\n>p2 switch 2\n>p1 move cosmicpower\n>p2 move quiverdance\n>p1 move cosmicpower\n>p2 move quiverdance\n>p1 move cosmicpower\n>p2 move quiverdance\n>p1 move storedpower\n>p2 move quiverdance\n>p1 move bodypress\n>p2 move revelationdance\n>p1 move bodypress\n>p2 move quiverdance\n>p1 move bodypress\n>p2 move roost\n>p2 switch 6\n>p1 move recover\n>p2 move wavecrash\n>p1 move storedpower\n>p2 move wavecrash\n>p1 move recover\n>p2 move wavecrash\n>p2 switch 3\n>p1 move storedpower\n>p2 move earthquake\n>forcelose p2", "uploadtime": 1781429313, "views": 7, "formatid": "gen9randombattle", "rating": 1856, "private": 0, "password": null}