{"id": "gen9randombattle-2631522682", "format": "[Gen 9] Random Battle", "players": ["SoCapable", "Dfrrnspa97"], "log": "|j|\u2606SoCapable\n|j|\u2606Dfrrnspa97\n|t:|1781396184\n|gametype|singles\n|player|p1|SoCapable|silver|2177\n|player|p2|Dfrrnspa97|266|2220\n|gen|9\n|tier|[Gen 9] Random Battle\n|rated|\n|rule|Species Clause: Limit one of each Pok\u00e9mon\n|rule|HP Percentage Mod: HP is shown in percentages\n|rule|Sleep Clause Mod: Limit one foe put to sleep\n|rule|Illusion Level Mod: Illusion disguises the Pok\u00e9mon's true level\n|\n|t:|1781396184\n|teamsize|p1|6\n|teamsize|p2|6\n|start\n|switch|p1a: Regice|Regice, L88|284/284\n|switch|p2a: Pyroar|Pyroar, L88, M|295/295\n|-ability|p2a: Pyroar|Unnerve\n|turn|1\n|\n|t:|1781396195\n|move|p2a: Pyroar|Fire Blast|p1a: Regice\n|-supereffective|p1a: Regice\n|-crit|p1a: Regice\n|-damage|p1a: Regice|72/284\n|move|p1a: Regice|Thunderbolt|p2a: Pyroar\n|-damage|p2a: Pyroar|217/295\n|\n|upkeep\n|turn|2\n|\n|t:|1781396202\n|switch|p1a: Dipplin|Dipplin, L88, M|284/284\n|move|p2a: Pyroar|Fire Blast|p1a: Dipplin\n|-damage|p1a: Dipplin|187/284\n|\n|upkeep\n|turn|3\n|inactive|Battle timer is ON: inactive players will automatically lose when time's up. (requested by SoCapable)\n|\n|t:|1781396207\n|switch|p2a: Braviary|Braviary, L85, M|309/309\n|move|p1a: Dipplin|Dragon Tail|p2a: Braviary\n|-damage|p2a: Braviary|246/309\n|drag|p2a: Yanmega|Yanmega, L82, F|275/275\n|\n|upkeep\n|turn|4\n|\n|t:|1781396219\n|move|p2a: Yanmega|Bug Buzz|p1a: Dipplin\n|-supereffective|p1a: Dipplin\n|-damage|p1a: Dipplin|37/284\n|move|p1a: Dipplin|Dragon Tail|p2a: Yanmega\n|-damage|p2a: Yanmega|208/275\n|drag|p2a: Pyroar|Pyroar, L88, M|217/295\n|-ability|p2a: Pyroar|Unnerve\n|\n|upkeep\n|turn|5\n|\n|t:|1781396232\n|move|p2a: Pyroar|Hyper Voice|p1a: Dipplin\n|-damage|p1a: Dipplin|0 fnt\n|faint|p1a: Dipplin\n|\n|upkeep\n|\n|t:|1781396237\n|switch|p1a: Farigiraf|Farigiraf, L90, M|362/362\n|turn|6\n|\n|t:|1781396240\n|move|p2a: Pyroar|Dark Pulse|p1a: Farigiraf\n|-supereffective|p1a: Farigiraf\n|-damage|p1a: Farigiraf|218/362\n|cant|p1a: Farigiraf|flinch\n|\n|-heal|p1a: Farigiraf|240/362|[from] item: Leftovers\n|upkeep\n|turn|7\n|\n|t:|1781396245\n|switch|p2a: Mabosstiff|Mabosstiff, L86, F|278/278\n|move|p1a: Farigiraf|Protect||[still]\n|-fail|p1a: Farigiraf\n|\n|-heal|p1a: Farigiraf|262/362|[from] item: Leftovers\n|upkeep\n|turn|8\n|\n|t:|1781396249\n|move|p1a: Farigiraf|Protect|p1a: Farigiraf\n|-singleturn|p1a: Farigiraf|Protect\n|move|p2a: Mabosstiff|Crunch|p1a: Farigiraf\n|-activate|p1a: Farigiraf|move: Protect\n|\n|-heal|p1a: Farigiraf|284/362|[from] item: Leftovers\n|upkeep\n|turn|9\n|\n|t:|1781396251\n|switch|p1a: Regice|Regice, L88|72/284\n|move|p2a: Mabosstiff|Crunch|p1a: Regice\n|-damage|p1a: Regice|0 fnt\n|faint|p1a: Regice\n|\n|upkeep\n|\n|t:|1781396259\n|switch|p1a: Malamar|Malamar, L82, F|275/275\n|turn|10\n|\n|t:|1781396262\n|switch|p2a: Yanmega|Yanmega, L82, F|208/275\n|move|p1a: Malamar|Superpower|p2a: Yanmega\n|-resisted|p2a: Yanmega\n|-damage|p2a: Yanmega|188/275\n|-boost|p1a: Malamar|atk|1\n|-boost|p1a: Malamar|def|1\n|\n|upkeep\n|turn|11\n|\n|t:|1781396271\n|-terastallize|p1a: Malamar|Poison\n|move|p2a: Yanmega|Bug Buzz|p1a: Malamar\n|-resisted|p1a: Malamar\n|-damage|p1a: Malamar|211/275\n|move|p1a: Malamar|Psycho Cut|p2a: Yanmega\n|-damage|p2a: Yanmega|83/275\n|\n|-ability|p2a: Yanmega|Speed Boost|boost\n|-boost|p2a: Yanmega|spe|1\n|upkeep\n|turn|12\n|\n|t:|1781396277\n|move|p2a: Yanmega|Air Slash|p1a: Malamar|[miss]\n|-miss|p2a: Yanmega|p1a: Malamar\n|move|p1a: Malamar|Knock Off|p2a: Yanmega\n|-damage|p2a: Yanmega|0 fnt\n|-enditem|p2a: Yanmega|Heavy-Duty Boots|[from] move: Knock Off|[of] p1a: Malamar\n|faint|p2a: Yanmega\n|\n|upkeep\n|inactive|Dfrrnspa97 has 120 seconds left.\n|\n|t:|1781396309\n|switch|p2a: Pyroar|Pyroar, L88, M|217/295\n|-ability|p2a: Pyroar|Unnerve\n|turn|13\n|\n|t:|1781396337\n|-terastallize|p2a: Pyroar|Fire\n|move|p2a: Pyroar|Will-O-Wisp|p1a: Malamar\n|-status|p1a: Malamar|brn\n|move|p1a: Malamar|Superpower|p2a: Pyroar\n|-damage|p2a: Pyroar|152/295\n|-boost|p1a: Malamar|atk|1\n|-boost|p1a: Malamar|def|1\n|\n|-damage|p1a: Malamar|194/275 brn|[from] brn\n|upkeep\n|turn|14\n|\n|t:|1781396341\n|move|p2a: Pyroar|Fire Blast|p1a: Malamar\n|-damage|p1a: Malamar|0 fnt\n|faint|p1a: Malamar\n|\n|upkeep\n|-message|SoCapable forfeited.\n|\n|win|Dfrrnspa97\n", "inputlog": ">version a8376a258c1d4662feba110a92103f3664a72141\n>start {\"formatid\":\"gen9randombattle\",\"seed\":\"sodium,a5ddfa11a0dd35f0ab5dce1d42bee281\",\"rated\":\"Rated battle\"}\n>player p1 {\"name\":\"SoCapable\",\"avatar\":\"silver\",\"rating\":2177,\"seed\":\"sodium,852d14a5a5511822469357d7ce93df8d\"}\n>player p2 {\"name\":\"Dfrrnspa97\",\"avatar\":\"266\",\"rating\":2220,\"seed\":\"sodium,012c2e2ccbfa8337fe24ce1c10defe2d\"}\n>p1 move thunderbolt\n>p2 move fireblast\n>p1 switch 5\n>p2 move fireblast\n>p1 move dragontail\n>p2 switch 4\n>p1 move dragontail\n>p2 move bugbuzz\n>p1 move dragonpulse\n>p2 move hypervoice\n>p1 switch 2\n>p1 move bodyslam\n>p2 move darkpulse\n>p1 move protect\n>p2 switch 3\n>p1 move protect\n>p2 move crunch\n>p1 switch 5\n>p2 move crunch\n>p1 switch 4\n>p1 move superpower\n>p2 switch 4\n>p1 move psychocut terastallize\n>p2 move bugbuzz\n>p1 move knockoff\n>p2 move airslash\n>p2 switch 3\n>p1 move superpower\n>p2 move willowisp terastallize\n>p1 move rest\n>p2 move fireblast\n>forcelose p1", "uploadtime": 1781396186, "views": 6, "formatid": "gen9randombattle", "rating": null, "private": 0, "password": null}