{"id": "gen9randombattle-2631699429", "format": "[Gen 9] Random Battle", "players": ["nardodick", "MasterRumba"], "log": "|j|\u2606nardodick\n|j|\u2606MasterRumba\n|t:|1781424260\n|gametype|singles\n|player|p1|nardodick|102|2279\n|player|p2|MasterRumba|2|2152\n|gen|9\n|tier|[Gen 9] Random Battle\n|rated|\n|rule|Species Clause: Limit one of each Pok\u00e9mon\n|rule|HP Percentage Mod: HP is shown in percentages\n|rule|Sleep Clause Mod: Limit one foe put to sleep\n|rule|Illusion Level Mod: Illusion disguises the Pok\u00e9mon's true level\n|\n|t:|1781424260\n|teamsize|p1|6\n|teamsize|p2|6\n|start\n|switch|p1a: Arceus|Arceus-Water, L71|288/288\n|switch|p2a: Dialga|Dialga, L73|266/266\n|-ability|p2a: Dialga|Pressure\n|turn|1\n|inactive|Battle timer is ON: inactive players will automatically lose when time's up. (requested by nardodick)\n|\n|t:|1781424282\n|move|p1a: Arceus|Will-O-Wisp|p2a: Dialga\n|-status|p2a: Dialga|brn\n|move|p2a: Dialga|Dragon Tail|p1a: Arceus\n|-damage|p1a: Arceus|261/288\n|drag|p1a: Hippowdon|Hippowdon, L82, F|311/311\n|-weather|Sandstorm|[from] ability: Sand Stream|[of] p1a: Hippowdon\n|\n|-weather|Sandstorm|[upkeep]\n|-damage|p2a: Dialga|250/266 brn|[from] brn\n|upkeep\n|turn|2\n|\n|t:|1781424314\n|switch|p2a: Whiscash|Whiscash, L88, F|337/337\n|move|p1a: Hippowdon|Curse|p1a: Hippowdon\n|-unboost|p1a: Hippowdon|spe|1\n|-boost|p1a: Hippowdon|atk|1\n|-boost|p1a: Hippowdon|def|1\n|\n|-weather|Sandstorm|[upkeep]\n|upkeep\n|turn|3\n|\n|t:|1781424323\n|move|p2a: Whiscash|Stealth Rock|p1a: Hippowdon\n|-sidestart|p1: nardodick|move: Stealth Rock\n|move|p1a: Hippowdon|Earthquake|p2a: Whiscash\n|-damage|p2a: Whiscash|154/337\n|\n|-weather|Sandstorm|[upkeep]\n|-heal|p2a: Whiscash|175/337|[from] item: Leftovers\n|upkeep\n|turn|4\n|\n|t:|1781424326\n|move|p2a: Whiscash|Spikes|p1a: Hippowdon\n|-sidestart|p1: nardodick|Spikes\n|move|p1a: Hippowdon|Earthquake|p2a: Whiscash\n|-damage|p2a: Whiscash|0 fnt\n|faint|p2a: Whiscash\n|\n|-weather|Sandstorm|[upkeep]\n|upkeep\n|\n|t:|1781424343\n|switch|p2a: Giratina|Giratina-Origin, L72|335/335\n|turn|5\n|\n|t:|1781424354\n|move|p2a: Giratina|Draco Meteor|p1a: Hippowdon\n|-damage|p1a: Hippowdon|137/311\n|-unboost|p2a: Giratina|spa|2\n|move|p1a: Hippowdon|Stone Edge|p2a: Giratina\n|-crit|p2a: Giratina\n|-damage|p2a: Giratina|163/335\n|\n|-weather|none\n|-heal|p1a: Hippowdon|156/311|[from] item: Leftovers\n|upkeep\n|turn|6\n|\n|t:|1781424365\n|switch|p2a: Volbeat|Volbeat, L90, M|263/263\n|move|p1a: Hippowdon|Stone Edge|p2a: Volbeat\n|-supereffective|p2a: Volbeat\n|-damage|p2a: Volbeat|7/263\n|\n|-heal|p1a: Hippowdon|175/311|[from] item: Leftovers\n|upkeep\n|turn|7\n|\n|t:|1781424370\n|move|p2a: Volbeat|Encore|p1a: Hippowdon\n|-start|p1a: Hippowdon|Encore\n|move|p1a: Hippowdon|Stone Edge|p2a: Volbeat\n|-supereffective|p2a: Volbeat\n|-damage|p2a: Volbeat|0 fnt\n|faint|p2a: Volbeat\n|\n|-heal|p1a: Hippowdon|194/311|[from] item: Leftovers\n|upkeep\n|\n|t:|1781424373\n|switch|p2a: Lucario|Lucario, L84, M|255/255\n|turn|8\n|\n|t:|1781424381\n|switch|p1a: Illumise|Illumise, L91, F|266/266\n|move|p2a: Lucario|Nasty Plot|p2a: Lucario\n|-boost|p2a: Lucario|spa|2\n|\n|upkeep\n|turn|9\n|\n|t:|1781424386\n|switch|p2a: Dialga|Dialga, L73|250/266 brn\n|-ability|p2a: Dialga|Pressure\n|move|p1a: Illumise|Encore||[still]\n|-fail|p1a: Illumise\n|\n|-damage|p2a: Dialga|234/266 brn|[from] brn\n|upkeep\n|turn|10\n|\n|t:|1781424389\n|switch|p1a: Hippowdon|Hippowdon, L82, F|194/311\n|-damage|p1a: Hippowdon|175/311|[from] Stealth Rock\n|-damage|p1a: Hippowdon|137/311|[from] Spikes\n|-weather|Sandstorm|[from] ability: Sand Stream|[of] p1a: Hippowdon\n|move|p2a: Dialga|Dragon Tail|p1a: Hippowdon\n|-damage|p1a: Hippowdon|114/311\n|drag|p1a: Illumise|Illumise, L91, F|266/266\n|\n|-weather|Sandstorm|[upkeep]\n|-damage|p1a: Illumise|250/266|[from] Sandstorm\n|-damage|p2a: Dialga|218/266 brn|[from] brn\n|upkeep\n|turn|11\n|\n|t:|1781424396\n|switch|p1a: Hippowdon|Hippowdon, L82, F|114/311\n|-damage|p1a: Hippowdon|95/311|[from] Stealth Rock\n|-damage|p1a: Hippowdon|57/311|[from] Spikes\n|move|p2a: Dialga|Dragon Tail|p1a: Hippowdon\n|-damage|p1a: Hippowdon|34/311\n|drag|p1a: Arceus|Arceus-Water, L71|261/288\n|-damage|p1a: Arceus|225/288|[from] Stealth Rock\n|-damage|p1a: Arceus|189/288|[from] Spikes\n|\n|-weather|Sandstorm|[upkeep]\n|-damage|p1a: Arceus|171/288|[from] Sandstorm\n|-damage|p2a: Dialga|202/266 brn|[from] brn\n|upkeep\n|turn|12\n|\n|t:|1781424402\n|move|p1a: Arceus|Recover|p1a: Arceus\n|-heal|p1a: Arceus|288/288\n|move|p2a: Dialga|Dragon Tail|p1a: Arceus\n|-damage|p1a: Arceus|259/288\n|drag|p1a: Jolteon|Jolteon, L84, M|246/246\n|-damage|p1a: Jolteon|216/246|[from] Stealth Rock\n|-damage|p1a: Jolteon|186/246|[from] Spikes\n|\n|-weather|Sandstorm|[upkeep]\n|-damage|p1a: Jolteon|171/246|[from] Sandstorm\n|-heal|p1a: Jolteon|186/246|[from] item: Leftovers\n|-damage|p2a: Dialga|186/266 brn|[from] brn\n|upkeep\n|turn|13\n|\n|t:|1781424405\n|move|p1a: Jolteon|Substitute|p1a: Jolteon\n|-start|p1a: Jolteon|Substitute\n|-damage|p1a: Jolteon|125/246\n|move|p2a: Dialga|Dragon Tail|p1a: Jolteon\n|-activate|p1a: Jolteon|move: Substitute|[damage]\n|\n|-weather|Sandstorm|[upkeep]\n|-damage|p1a: Jolteon|110/246|[from] Sandstorm\n|-heal|p1a: Jolteon|125/246|[from] item: Leftovers\n|-damage|p2a: Dialga|170/266 brn|[from] brn\n|upkeep\n|turn|14\n|\n|t:|1781424416\n|move|p1a: Jolteon|Calm Mind|p1a: Jolteon\n|-boost|p1a: Jolteon|spa|1\n|-boost|p1a: Jolteon|spd|1\n|move|p2a: Dialga|Heavy Slam|p1a: Jolteon\n|-resisted|p1a: Jolteon\n|-end|p1a: Jolteon|Substitute\n|\n|-weather|none\n|-heal|p1a: Jolteon|140/246|[from] item: Leftovers\n|-damage|p2a: Dialga|154/266 brn|[from] brn\n|upkeep\n|turn|15\n|\n|t:|1781424437\n|move|p1a: Jolteon|Substitute|p1a: Jolteon\n|-start|p1a: Jolteon|Substitute\n|-damage|p1a: Jolteon|79/246\n|move|p2a: Dialga|Draco Meteor|p1a: Jolteon\n|-end|p1a: Jolteon|Substitute\n|-unboost|p2a: Dialga|spa|2\n|\n|-heal|p1a: Jolteon|94/246|[from] item: Leftovers\n|-damage|p2a: Dialga|138/266 brn|[from] brn\n|upkeep\n|turn|16\n|\n|t:|1781424444\n|switch|p2a: Giratina|Giratina-Origin, L72|163/335\n|move|p1a: Jolteon|Substitute|p1a: Jolteon\n|-start|p1a: Jolteon|Substitute\n|-damage|p1a: Jolteon|33/246\n|\n|-heal|p1a: Jolteon|48/246|[from] item: Leftovers\n|upkeep\n|turn|17\n|inactive|nardodick has 120 seconds left.\n|\n|t:|1781424488\n|move|p2a: Giratina|Shadow Sneak|p1a: Jolteon\n|-activate|p1a: Jolteon|move: Substitute|[damage]\n|move|p1a: Jolteon|Thunderbolt|p2a: Giratina\n|-resisted|p2a: Giratina\n|-damage|p2a: Giratina|84/335\n|\n|-heal|p1a: Jolteon|63/246|[from] item: Leftovers\n|upkeep\n|turn|18\n|\n|t:|1781424492\n|move|p2a: Giratina|Shadow Sneak|p1a: Jolteon\n|-end|p1a: Jolteon|Substitute\n|move|p1a: Jolteon|Thunderbolt|p2a: Giratina\n|-resisted|p2a: Giratina\n|-damage|p2a: Giratina|8/335\n|\n|-heal|p1a: Jolteon|78/246|[from] item: Leftovers\n|upkeep\n|turn|19\n|\n|t:|1781424498\n|move|p2a: Giratina|Shadow Sneak|p1a: Jolteon\n|-damage|p1a: Jolteon|18/246\n|move|p1a: Jolteon|Thunderbolt|p2a: Giratina\n|-resisted|p2a: Giratina\n|-damage|p2a: Giratina|0 fnt\n|faint|p2a: Giratina\n|\n|-heal|p1a: Jolteon|33/246|[from] item: Leftovers\n|upkeep\n|\n|t:|1781424501\n|switch|p2a: Lucario|Lucario, L84, M|255/255\n|turn|20\n|\n|t:|1781424506\n|move|p2a: Lucario|Vacuum Wave|p1a: Jolteon\n|-damage|p1a: Jolteon|0 fnt\n|faint|p1a: Jolteon\n|-damage|p2a: Lucario|230/255|[from] item: Life Orb\n|\n|upkeep\n|\n|t:|1781424526\n|switch|p1a: Trevenant|Trevenant, L89, F|296/296\n|-damage|p1a: Trevenant|259/296|[from] Stealth Rock\n|-damage|p1a: Trevenant|222/296|[from] Spikes\n|turn|21\n|\n|t:|1781424544\n|move|p2a: Lucario|Flash Cannon|p1a: Trevenant\n|-damage|p1a: Trevenant|105/296\n|-damage|p2a: Lucario|205/255|[from] item: Life Orb\n|move|p1a: Trevenant|Drain Punch|p2a: Lucario\n|-supereffective|p2a: Lucario\n|-damage|p2a: Lucario|2/255\n|-heal|p1a: Trevenant|207/296|[from] drain|[of] p2a: Lucario\n|-damage|p1a: Trevenant|178/296|[from] item: Life Orb\n|\n|upkeep\n|turn|22\n|\n|t:|1781424558\n|move|p2a: Lucario|Flash Cannon|p1a: Trevenant\n|-damage|p1a: Trevenant|56/296\n|-damage|p2a: Lucario|0 fnt|[from] item: Life Orb\n|faint|p2a: Lucario\n|move|p1a: Trevenant|Drain Punch|p2: Lucario|[notarget]\n|-fail|p1a: Trevenant\n|\n|upkeep\n|\n|t:|1781424564\n|switch|p2a: Dialga|Dialga, L73|138/266 brn\n|-ability|p2a: Dialga|Pressure\n|turn|23\n|\n|t:|1781424570\n|move|p2a: Dialga|Draco Meteor|p1a: Trevenant|[miss]\n|-miss|p2a: Dialga|p1a: Trevenant\n|move|p1a: Trevenant|Drain Punch|p2a: Dialga\n|-supereffective|p2a: Dialga\n|-damage|p2a: Dialga|0 fnt\n|-heal|p1a: Trevenant|125/296|[from] drain|[of] p2a: Dialga\n|faint|p2a: Dialga\n|-damage|p1a: Trevenant|96/296|[from] item: Life Orb\n|\n|upkeep\n|\n|t:|1781424573\n|switch|p2a: Cloyster|Cloyster, L80, F|211/211\n|turn|24\n|\n|t:|1781424580\n|switch|p1a: Illumise|Illumise, L91, F|250/266\n|move|p2a: Cloyster|Icicle Spear|p1a: Illumise\n|-damage|p1a: Illumise|226/266\n|-damage|p1a: Illumise|201/266\n|-damage|p1a: Illumise|176/266\n|-damage|p1a: Illumise|149/266\n|-damage|p1a: Illumise|122/266\n|-hitcount|p1a: Illumise|5\n|\n|upkeep\n|turn|25\n|\n|t:|1781424595\n|-terastallize|p2a: Cloyster|Ground\n|move|p1a: Illumise|Encore|p2a: Cloyster\n|-start|p2a: Cloyster|Encore\n|move|p2a: Cloyster|Icicle Spear|p1a: Illumise\n|-damage|p1a: Illumise|95/266\n|-damage|p1a: Illumise|70/266\n|-damage|p1a: Illumise|43/266\n|-damage|p1a: Illumise|16/266\n|-damage|p1a: Illumise|0 fnt\n|faint|p1a: Illumise\n|-hitcount|p1: Illumise|5\n|\n|upkeep\n|\n|t:|1781424598\n|switch|p1a: Arceus|Arceus-Water, L71|259/288\n|-damage|p1a: Arceus|223/288|[from] Stealth Rock\n|-damage|p1a: Arceus|187/288|[from] Spikes\n|turn|26\n|\n|t:|1781424602\n|move|p1a: Arceus|Judgment|p2a: Cloyster\n|-supereffective|p2a: Cloyster\n|-damage|p2a: Cloyster|0 fnt\n|faint|p2a: Cloyster\n|\n|win|nardodick\n|raw|nardodick's rating: 2279 &rarr; <strong>2292</strong><br />(+13 for winning)\n|raw|MasterRumba's rating: 2152 &rarr; <strong>2139</strong><br />(-13 for losing)\n", "inputlog": ">version a8376a258c1d4662feba110a92103f3664a72141\n>start {\"formatid\":\"gen9randombattle\",\"seed\":\"sodium,d4c56864b46b4273bbaadf502016c312\",\"rated\":\"Rated battle\"}\n>player p1 {\"name\":\"nardodick\",\"avatar\":\"102\",\"rating\":2279,\"seed\":\"sodium,ee14014c49112d42d95a5940cefed3f0\"}\n>player p2 {\"name\":\"MasterRumba\",\"avatar\":\"2\",\"rating\":2152,\"seed\":\"sodium,5ebee31bc416371dfa38ed45f36bd49f\"}\n>p1 move willowisp\n>p2 move dragontail\n>p1 move curse\n>p2 switch 2\n>p1 move earthquake\n>p2 move stealthrock\n>p1 move earthquake\n>p2 move spikes\n>p2 switch 3\n>p1 move stoneedge\n>p2 move dracometeor\n>p1 move stoneedge\n>p2 switch 6\n>p1 move stoneedge\n>p2 move encore\n>p2 switch 5\n>p1 switch 6\n>p2 move nastyplot\n>p1 move encore\n>p2 switch 2\n>p1 switch 6\n>p2 move dragontail\n>p1 switch 6\n>p2 move dragontail\n>p1 move recover\n>p2 move dragontail\n>p1 move substitute\n>p2 move dragontail\n>p1 move calmmind\n>p2 move heavyslam\n>p1 move substitute\n>p2 move dracometeor\n>p1 move substitute\n>p2 switch 6\n>p1 move thunderbolt\n>p2 move shadowsneak\n>p1 move thunderbolt\n>p2 move shadowsneak\n>p1 move thunderbolt\n>p2 move shadowsneak\n>p2 switch 2\n>p1 move thunderbolt\n>p2 move vacuumwave\n>p1 switch 5\n>p1 move drainpunch\n>p2 move flashcannon\n>p1 move drainpunch\n>p2 move flashcannon\n>p2 switch 6\n>p1 move drainpunch\n>p2 move dracometeor\n>p2 switch 4\n>p1 switch 6\n>p2 move iciclespear\n>p1 move encore\n>p2 move iciclespear terastallize\n>p1 switch 2\n>p1 move judgment\n>p2 move iciclespear", "uploadtime": 1781424602, "views": 7, "formatid": "gen9randombattle", "rating": 2139, "private": 0, "password": null}