{"id": "gen9randombattle-2631924789", "format": "[Gen 9] Random Battle", "players": ["l'ingegnere", "King 11111111111"], "log": "|j|\u2606l'ingegnere\n|j|\u2606King 11111111111\n|t:|1781456220\n|gametype|singles\n|player|p1|l'ingegnere|scientist-gen4|1939\n|player|p2|King 11111111111|lucas|2004\n|gen|9\n|tier|[Gen 9] Random Battle\n|rated|\n|rule|Species Clause: Limit one of each Pok\u00e9mon\n|rule|HP Percentage Mod: HP is shown in percentages\n|rule|Sleep Clause Mod: Limit one foe put to sleep\n|rule|Illusion Level Mod: Illusion disguises the Pok\u00e9mon's true level\n|\n|t:|1781456220\n|teamsize|p1|6\n|teamsize|p2|6\n|start\n|switch|p1a: Samurott|Samurott-Hisui, L77, F|265/265\n|switch|p2a: Oinkologne|Oinkologne-F, L92, F|361/361\n|turn|1\n|inactive|Battle timer is ON: inactive players will automatically lose when time's up. (requested by King 11111111111)\n|\n|t:|1781456230\n|move|p1a: Samurott|Razor Shell|p2a: Oinkologne\n|-damage|p2a: Oinkologne|183/361\n|move|p2a: Oinkologne|Curse|p2a: Oinkologne\n|-unboost|p2a: Oinkologne|spe|1\n|-boost|p2a: Oinkologne|atk|1\n|-boost|p2a: Oinkologne|def|1\n|\n|-heal|p2a: Oinkologne|205/361|[from] item: Leftovers\n|upkeep\n|turn|2\n|\n|t:|1781456244\n|move|p1a: Samurott|Razor Shell|p2a: Oinkologne|[miss]\n|-miss|p1a: Samurott|p2a: Oinkologne\n|move|p2a: Oinkologne|Double-Edge|p1a: Samurott\n|-damage|p1a: Samurott|9/265\n|-damage|p2a: Oinkologne|121/361|[from] Recoil\n|\n|-heal|p2a: Oinkologne|143/361|[from] item: Leftovers\n|upkeep\n|turn|3\n|\n|t:|1781456249\n|move|p1a: Samurott|Razor Shell|p2a: Oinkologne\n|-damage|p2a: Oinkologne|28/361\n|move|p2a: Oinkologne|Lash Out|p1a: Samurott\n|-resisted|p1a: Samurott\n|-damage|p1a: Samurott|0 fnt\n|faint|p1a: Samurott\n|\n|-heal|p2a: Oinkologne|50/361|[from] item: Leftovers\n|upkeep\n|\n|t:|1781456257\n|switch|p1a: Porygon2|Porygon2, L81|270/270\n|-ability|p1a: Porygon2|Download|boost\n|-boost|p1a: Porygon2|spa|1\n|turn|4\n|\n|t:|1781456265\n|move|p1a: Porygon2|Tera Blast|p2a: Oinkologne\n|-damage|p2a: Oinkologne|0 fnt\n|faint|p2a: Oinkologne\n|\n|upkeep\n|\n|t:|1781456278\n|switch|p2a: Flamigo|Flamigo, L82, M|269/269\n|turn|5\n|\n|t:|1781456296\n|-terastallize|p1a: Porygon2|Fighting\n|move|p2a: Flamigo|U-turn|p1a: Porygon2\n|-resisted|p1a: Porygon2\n|-damage|p1a: Porygon2|253/270\n|\n|t:|1781456301\n|switch|p2a: Golem|Golem-Alola, L93, M|300/300|[from] U-turn\n|move|p1a: Porygon2|Thunder Wave|p2a: Golem\n|-immune|p2a: Golem\n|\n|upkeep\n|turn|6\n|\n|t:|1781456314\n|switch|p2a: Primarina|Primarina, L83, M|268/268\n|move|p1a: Porygon2|Tera Blast|p2a: Primarina|[anim] Tera Blast Fighting\n|-resisted|p2a: Primarina\n|-damage|p2a: Primarina|212/268\n|\n|-heal|p2a: Primarina|228/268|[from] item: Leftovers\n|upkeep\n|turn|7\n|\n|t:|1781456323\n|move|p2a: Primarina|Calm Mind|p2a: Primarina\n|-boost|p2a: Primarina|spa|1\n|-boost|p2a: Primarina|spd|1\n|move|p1a: Porygon2|Thunder Wave|p2a: Primarina\n|-status|p2a: Primarina|par\n|\n|-heal|p2a: Primarina|244/268 par|[from] item: Leftovers\n|upkeep\n|turn|8\n|\n|t:|1781456330\n|switch|p1a: Excadrill|Excadrill, L79, F|303/303\n|-ability|p1a: Excadrill|Mold Breaker\n|move|p2a: Primarina|Moonblast|p1a: Excadrill\n|-resisted|p1a: Excadrill\n|-damage|p1a: Excadrill|185/303\n|\n|-heal|p1a: Excadrill|203/303|[from] item: Leftovers\n|-heal|p2a: Primarina|260/268 par|[from] item: Leftovers\n|upkeep\n|turn|9\n|\n|t:|1781456342\n|move|p1a: Excadrill|Iron Head|p2a: Primarina\n|-crit|p2a: Primarina\n|-damage|p2a: Primarina|103/268 par\n|cant|p2a: Primarina|flinch\n|\n|-heal|p1a: Excadrill|221/303|[from] item: Leftovers\n|-heal|p2a: Primarina|119/268 par|[from] item: Leftovers\n|upkeep\n|turn|10\n|\n|t:|1781456348\n|move|p1a: Excadrill|Iron Head|p2a: Primarina\n|-damage|p2a: Primarina|16/268 par\n|cant|p2a: Primarina|flinch\n|\n|-heal|p1a: Excadrill|239/303|[from] item: Leftovers\n|-heal|p2a: Primarina|32/268 par|[from] item: Leftovers\n|upkeep\n|turn|11\n|\n|t:|1781456353\n|move|p1a: Excadrill|Rapid Spin|p2a: Primarina\n|-damage|p2a: Primarina|0 fnt\n|-boost|p1a: Excadrill|spe|1\n|faint|p2a: Primarina\n|\n|-heal|p1a: Excadrill|257/303|[from] item: Leftovers\n|upkeep\n|\n|t:|1781456357\n|switch|p2a: Flamigo|Flamigo, L82, M|269/269\n|turn|12\n|\n|t:|1781456362\n|move|p2a: Flamigo|Close Combat|p1a: Excadrill\n|-supereffective|p1a: Excadrill\n|-damage|p1a: Excadrill|0 fnt\n|-unboost|p2a: Flamigo|def|1\n|-unboost|p2a: Flamigo|spd|1\n|faint|p1a: Excadrill\n|\n|upkeep\n|\n|t:|1781456372\n|switch|p1a: Porygon2|Porygon2, L81, tera:Fighting|253/270\n|-ability|p1a: Porygon2|Download|boost\n|-boost|p1a: Porygon2|spa|1\n|turn|13\n|\n|t:|1781456376\n|switch|p2a: Articuno|Articuno, L86|295/295\n|-ability|p2a: Articuno|Pressure\n|move|p1a: Porygon2|Tera Blast|p2a: Articuno|[anim] Tera Blast Fighting\n|-damage|p2a: Articuno|205/295\n|\n|upkeep\n|turn|14\n|\n|t:|1781456382\n|move|p2a: Articuno|Brave Bird|p1a: Porygon2\n|-supereffective|p1a: Porygon2\n|-damage|p1a: Porygon2|95/270\n|-damage|p2a: Articuno|153/295|[from] Recoil\n|move|p1a: Porygon2|Shadow Ball|p2a: Articuno\n|-damage|p2a: Articuno|88/295\n|\n|upkeep\n|turn|15\n|\n|t:|1781456386\n|move|p2a: Articuno|Brave Bird|p1a: Porygon2\n|-supereffective|p1a: Porygon2\n|-damage|p1a: Porygon2|0 fnt\n|faint|p1a: Porygon2\n|-damage|p2a: Articuno|57/295|[from] Recoil\n|\n|upkeep\n|\n|t:|1781456389\n|switch|p1a: Ogerpon|Ogerpon-Wellspring, L76, F|247/247\n|turn|16\n|\n|t:|1781456401\n|move|p1a: Ogerpon|Ivy Cudgel|p2a: Articuno|[anim] Ivy Cudgel Water\n|-damage|p2a: Articuno|0 fnt\n|faint|p2a: Articuno\n|\n|upkeep\n|\n|t:|1781456409\n|switch|p2a: Flamigo|Flamigo, L82, M|269/269\n|turn|17\n|\n|t:|1781456416\n|move|p2a: Flamigo|Brave Bird|p1a: Ogerpon\n|-supereffective|p1a: Ogerpon\n|-damage|p1a: Ogerpon|0 fnt\n|faint|p1a: Ogerpon\n|-damage|p2a: Flamigo|187/269|[from] Recoil\n|\n|upkeep\n|\n|t:|1781456420\n|switch|p1a: Entei|Entei, L78|307/307\n|turn|18\n|\n|t:|1781456424\n|switch|p2a: Golem|Golem-Alola, L93, M|300/300\n|move|p1a: Entei|Sacred Fire|p2a: Golem\n|-resisted|p2a: Golem\n|-damage|p2a: Golem|246/300\n|\n|upkeep\n|turn|19\n|\n|t:|1781456431\n|move|p1a: Entei|Sacred Fire|p2a: Golem\n|-resisted|p2a: Golem\n|-damage|p2a: Golem|191/300\n|move|p2a: Golem|Rock Polish|p2a: Golem\n|-boost|p2a: Golem|spe|2\n|\n|upkeep\n|turn|20\n|-message|l'ingegnere forfeited.\n|\n|win|King 11111111111\n", "inputlog": ">version a8376a258c1d4662feba110a92103f3664a72141\n>start {\"formatid\":\"gen9randombattle\",\"seed\":\"sodium,b0accb243c4af80411517c60a17f94e9\",\"rated\":\"Rated battle\"}\n>player p1 {\"name\":\"l'ingegnere\",\"avatar\":\"scientist-gen4\",\"rating\":1939,\"seed\":\"sodium,2550ffdac59d3bd731e51433babf571a\"}\n>player p2 {\"name\":\"King 11111111111\",\"avatar\":\"lucas\",\"rating\":2004,\"seed\":\"sodium,593c9a6cc4dfc4f08c6cb9d6c1d5d71b\"}\n>p1 move razorshell\n>p2 move curse\n>p1 move razorshell\n>p2 move doubleedge\n>p1 move razorshell\n>p2 move lashout\n>p1 switch 4\n>p1 move terablast\n>p2 move doubleedge\n>p2 switch 4\n>p1 move thunderwave terastallize\n>p2 move uturn\n>p2 switch 2\n>p1 move terablast\n>p2 switch 3\n>p1 move thunderwave\n>p2 move calmmind\n>p1 switch 3\n>p2 move moonblast\n>p1 move ironhead\n>p2 move psychicnoise\n>p1 move ironhead\n>p2 move psychicnoise\n>p1 move rapidspin\n>p2 move psychicnoise\n>p2 switch 2\n>p1 move ironhead\n>p2 move closecombat\n>p1 switch 3\n>p1 move terablast\n>p2 switch 6\n>p1 move shadowball\n>p2 move bravebird\n>p1 move recover\n>p2 move bravebird\n>p1 switch 2\n>p1 move ivycudgel\n>p2 move freezedry\n>p2 switch 6\n>p1 move ivycudgel\n>p2 move bravebird\n>p1 switch 5\n>p1 move sacredfire\n>p2 switch 3\n>p1 move sacredfire\n>p2 move rockpolish\n>forcelose p1", "uploadtime": 1781456221, "views": 5, "formatid": "gen9randombattle", "rating": null, "private": 0, "password": null}