{"id": "gen9randombattle-2631855799", "format": "[Gen 9] Random Battle", "players": ["Lachrymose", "waifuslussy"], "log": "|j|\u203dLachrymose\n|j|\u2606waifuslussy\n|t:|1781448634\n|gametype|singles\n|player|p1|Lachrymose|2|1963\n|player|p2|waifuslussy|unknown|1997\n|gen|9\n|tier|[Gen 9] Random Battle\n|rated|\n|rule|Species Clause: Limit one of each Pok\u00e9mon\n|rule|HP Percentage Mod: HP is shown in percentages\n|rule|Sleep Clause Mod: Limit one foe put to sleep\n|rule|Illusion Level Mod: Illusion disguises the Pok\u00e9mon's true level\n|\n|t:|1781448634\n|teamsize|p1|6\n|teamsize|p2|6\n|start\n|switch|p1a: Kingambit|Kingambit, L74, M|270/270\n|switch|p2a: Masquerain|Masquerain, L87, F|264/264\n|-ability|p2a: Masquerain|Intimidate|boost\n|-unboost|p1a: Kingambit|atk|1\n|turn|1\n|inactive|Battle timer is ON: inactive players will automatically lose when time's up. (requested by waifuslussy)\n|\n|t:|1781448649\n|switch|p2a: Dragalge|Dragalge, L88, F|258/258\n|-end|p1a: Kingambit|fallenundefined|[silent]\n|switch|p1a: Espeon|Espeon, L84, F|246/246\n|\n|upkeep\n|turn|2\n|\n|t:|1781448653\n|switch|p2a: Wo-Chien|Wo-Chien, L83|277/277\n|-ability|p2a: Wo-Chien|Tablets of Ruin\n|move|p1a: Espeon|Psychic|p2a: Wo-Chien\n|-immune|p2a: Wo-Chien\n|\n|upkeep\n|turn|3\n|\n|t:|1781448664\n|-terastallize|p1a: Espeon|Fairy\n|move|p1a: Espeon|Alluring Voice|p2a: Wo-Chien\n|-supereffective|p2a: Wo-Chien\n|-damage|p2a: Wo-Chien|59/277\n|-damage|p1a: Espeon|222/246|[from] item: Life Orb\n|move|p2a: Wo-Chien|Knock Off|p1a: Espeon\n|-resisted|p1a: Espeon\n|-damage|p1a: Espeon|160/246\n|-enditem|p1a: Espeon|Life Orb|[from] move: Knock Off|[of] p2a: Wo-Chien\n|\n|-heal|p2a: Wo-Chien|76/277|[from] item: Leftovers\n|upkeep\n|turn|4\n|\n|t:|1781448672\n|switch|p2a: Arcanine|Arcanine, L84, F|288/288\n|-ability|p2a: Arcanine|Intimidate|boost\n|-unboost|p1a: Espeon|atk|1\n|move|p1a: Espeon|Alluring Voice|p2a: Arcanine\n|-resisted|p2a: Arcanine\n|-damage|p2a: Arcanine|235/288\n|\n|upkeep\n|turn|5\n|\n|t:|1781448683\n|switch|p1a: Pachirisu|Pachirisu, L96, M|271/271\n|move|p2a: Arcanine|Flare Blitz|p1a: Pachirisu\n|-damage|p1a: Pachirisu|127/271\n|-damage|p2a: Arcanine|187/288|[from] Recoil\n|\n|upkeep\n|turn|6\n|\n|t:|1781448689\n|switch|p2a: Wo-Chien|Wo-Chien, L83|76/277\n|-ability|p2a: Wo-Chien|Tablets of Ruin\n|move|p1a: Pachirisu|Super Fang|p2a: Wo-Chien\n|-damage|p2a: Wo-Chien|38/277\n|\n|-heal|p2a: Wo-Chien|55/277|[from] item: Leftovers\n|upkeep\n|turn|7\n|\n|t:|1781448698\n|switch|p2a: Arcanine|Arcanine, L84, F|187/288\n|-ability|p2a: Arcanine|Intimidate|boost\n|-unboost|p1a: Pachirisu|atk|1\n|move|p1a: Pachirisu|U-turn|p2a: Arcanine\n|-resisted|p2a: Arcanine\n|-damage|p2a: Arcanine|174/288\n|\n|t:|1781448711\n|switch|p1a: Morpeko|Morpeko, L88, M|245/245|[from] U-turn\n|\n|-formechange|p1a: Morpeko|Morpeko-Hangry||[from] ability: Hunger Switch\n|upkeep\n|turn|8\n|\n|t:|1781448719\n|switch|p2a: Wo-Chien|Wo-Chien, L83|55/277\n|-ability|p2a: Wo-Chien|Tablets of Ruin\n|move|p1a: Morpeko|Aura Wheel|p2a: Wo-Chien\n|-resisted|p2a: Wo-Chien\n|-damage|p2a: Wo-Chien|12/277\n|-boost|p1a: Morpeko|spe|1\n|\n|-heal|p2a: Wo-Chien|29/277|[from] item: Leftovers\n|-formechange|p1a: Morpeko|Morpeko||[from] ability: Hunger Switch\n|upkeep\n|turn|9\n|\n|t:|1781448728\n|move|p1a: Morpeko|Aura Wheel|p2a: Wo-Chien\n|-resisted|p2a: Wo-Chien\n|-damage|p2a: Wo-Chien|0 fnt\n|-boost|p1a: Morpeko|spe|1\n|faint|p2a: Wo-Chien\n|\n|-formechange|p1a: Morpeko|Morpeko-Hangry||[from] ability: Hunger Switch\n|upkeep\n|\n|t:|1781448735\n|switch|p2a: Furret|Furret, L94, M|312/312\n|-item|p1a: Morpeko|Heavy-Duty Boots|[from] ability: Frisk|[of] p2a: Furret\n|turn|10\n|\n|t:|1781448741\n|move|p1a: Morpeko|Parting Shot|p2a: Furret\n|-unboost|p2a: Furret|atk|1\n|-unboost|p2a: Furret|spa|1\n|\n|t:|1781448745\n|switch|p1a: Kingambit|Kingambit, L74, M|270/270|[from] Parting Shot\n|move|p2a: Furret|Double-Edge|p1a: Kingambit\n|-resisted|p1a: Kingambit\n|-damage|p1a: Kingambit|208/270\n|-damage|p2a: Furret|292/312|[from] Recoil\n|\n|-heal|p1a: Kingambit|224/270|[from] item: Leftovers\n|upkeep\n|turn|11\n|\n|t:|1781448753\n|switch|p2a: Arcanine|Arcanine, L84, F|174/288\n|-ability|p2a: Arcanine|Intimidate|boost\n|-unboost|p1a: Kingambit|atk|1\n|move|p1a: Kingambit|Kowtow Cleave|p2a: Arcanine\n|-damage|p2a: Arcanine|113/288\n|\n|-heal|p1a: Kingambit|240/270|[from] item: Leftovers\n|upkeep\n|turn|12\n|\n|t:|1781448761\n|-end|p1a: Kingambit|fallenundefined|[silent]\n|switch|p1a: Morpeko|Morpeko, L88, M|245/245\n|move|p2a: Arcanine|Morning Sun|p2a: Arcanine\n|-heal|p2a: Arcanine|257/288\n|\n|-formechange|p1a: Morpeko|Morpeko-Hangry||[from] ability: Hunger Switch\n|upkeep\n|turn|13\n|\n|t:|1781448770\n|move|p1a: Morpeko|Aura Wheel|p2a: Arcanine\n|-damage|p2a: Arcanine|116/288\n|-boost|p1a: Morpeko|spe|1\n|move|p2a: Arcanine|Flare Blitz|p1a: Morpeko\n|-damage|p1a: Morpeko|61/245\n|-damage|p2a: Arcanine|55/288|[from] Recoil\n|\n|-formechange|p1a: Morpeko|Morpeko||[from] ability: Hunger Switch\n|upkeep\n|turn|14\n|\n|t:|1781448774\n|move|p2a: Arcanine|Extreme Speed|p1a: Morpeko\n|-damage|p1a: Morpeko|0 fnt\n|faint|p1a: Morpeko\n|\n|upkeep\n|\n|t:|1781448782\n|switch|p1a: Espeon|Espeon, L84, F, tera:Fairy|160/246\n|turn|15\n|\n|t:|1781448802\n|move|p2a: Arcanine|Extreme Speed|p1a: Espeon\n|-damage|p1a: Espeon|72/246\n|move|p1a: Espeon|Psychic|p2a: Arcanine\n|-damage|p2a: Arcanine|0 fnt\n|faint|p2a: Arcanine\n|\n|upkeep\n|\n|t:|1781448804\n|switch|p2a: Furret|Furret, L94, M|292/312\n|turn|16\n|\n|t:|1781448811\n|switch|p1a: Kingambit|Kingambit, L74, M|240/270\n|-activate|p1a: Kingambit|ability: Supreme Overlord\n|-start|p1a: Kingambit|fallen1|[silent]\n|move|p2a: Furret|U-turn|p1a: Kingambit\n|-damage|p1a: Kingambit|175/270\n|\n|t:|1781448815\n|switch|p2a: Masquerain|Masquerain, L87, F|264/264|[from] U-turn\n|-ability|p2a: Masquerain|Intimidate|boost\n|-unboost|p1a: Kingambit|atk|1\n|\n|-heal|p1a: Kingambit|191/270|[from] item: Leftovers\n|upkeep\n|turn|17\n|\n|t:|1781448827\n|-end|p1a: Kingambit|fallen1|[silent]\n|switch|p1a: Pachirisu|Pachirisu, L96, M|127/271\n|move|p2a: Masquerain|Quiver Dance|p2a: Masquerain\n|-boost|p2a: Masquerain|spa|1\n|-boost|p2a: Masquerain|spd|1\n|-boost|p2a: Masquerain|spe|1\n|\n|upkeep\n|turn|18\n|\n|t:|1781448834\n|move|p2a: Masquerain|Bug Buzz|p1a: Pachirisu\n|-damage|p1a: Pachirisu|43/271\n|move|p1a: Pachirisu|Nuzzle|p2a: Masquerain\n|-supereffective|p2a: Masquerain\n|-damage|p2a: Masquerain|222/264\n|-status|p2a: Masquerain|par\n|\n|upkeep\n|turn|19\n|\n|t:|1781448839\n|move|p1a: Pachirisu|Super Fang|p2a: Masquerain\n|-damage|p2a: Masquerain|111/264 par\n|cant|p2a: Masquerain|par\n|\n|upkeep\n|turn|20\n|\n|t:|1781448847\n|move|p1a: Pachirisu|Super Fang|p2a: Masquerain\n|-damage|p2a: Masquerain|56/264 par\n|cant|p2a: Masquerain|par\n|\n|upkeep\n|turn|21\n|-message|waifuslussy forfeited.\n|\n|win|Lachrymose\n", "inputlog": ">version a8376a258c1d4662feba110a92103f3664a72141\n>start {\"formatid\":\"gen9randombattle\",\"seed\":\"sodium,9dd0b2c3ceaad5653c1ead18392d5277\",\"rated\":\"Rated battle\"}\n>player p1 {\"name\":\"Lachrymose\",\"avatar\":\"2\",\"rating\":1963,\"seed\":\"sodium,2dd42663788bebad66b942984114079f\"}\n>player p2 {\"name\":\"waifuslussy\",\"avatar\":\"unknown\",\"rating\":1997,\"seed\":\"sodium,246f9bc100aec174447bc6062ab5e4a2\"}\n>p1 switch 4\n>p2 switch 3\n>p1 move psychic\n>p2 switch 5\n>p1 move alluringvoice terastallize\n>p2 move knockoff\n>p1 move alluringvoice\n>p2 switch 2\n>p1 switch 6\n>p2 move flareblitz\n>p1 move superfang\n>p2 switch 2\n>p1 move uturn\n>p2 switch 2\n>p1 switch 2\n>p1 move aurawheel\n>p2 switch 2\n>p1 move aurawheel\n>p2 move gigadrain\n>p2 switch 4\n>p1 move partingshot\n>p2 move doubleedge\n>p1 switch 4\n>p1 move kowtowcleave\n>p2 switch 2\n>p1 switch 4\n>p2 move morningsun\n>p1 move aurawheel\n>p2 move flareblitz\n>p1 move aurawheel\n>p2 move extremespeed\n>p1 switch 6\n>p1 move psychic\n>p2 move extremespeed\n>p2 switch 2\n>p1 switch 4\n>p2 move uturn\n>p2 switch 3\n>p1 switch 2\n>p2 move quiverdance\n>p1 move nuzzle\n>p2 move bugbuzz\n>p1 move superfang\n>p2 move bugbuzz\n>p1 move superfang\n>p2 move bugbuzz\n>forcelose p2", "uploadtime": 1781448636, "views": 5, "formatid": "gen9randombattle", "rating": null, "private": 0, "password": null}