{"id": "gen9randombattle-2631561793", "format": "[Gen 9] Random Battle", "players": ["SILENTBOY9T4", "sashauhsa"], "log": "|j|\u2606SILENTBOY9T4\n|j|\u2606sashauhsa\n|t:|1781401615\n|gametype|singles\n|player|p1|SILENTBOY9T4|266|1086\n|player|p2|sashauhsa|101|1051\n|gen|9\n|tier|[Gen 9] Random Battle\n|rated|\n|rule|Species Clause: Limit one of each Pok\u00e9mon\n|rule|HP Percentage Mod: HP is shown in percentages\n|rule|Sleep Clause Mod: Limit one foe put to sleep\n|rule|Illusion Level Mod: Illusion disguises the Pok\u00e9mon's true level\n|\n|t:|1781401615\n|teamsize|p1|6\n|teamsize|p2|6\n|start\n|switch|p1a: Infernape|Infernape, L82, M|259/259\n|switch|p2a: Tauros|Tauros-Paldea-Aqua, L81, M|254/254\n|-ability|p2a: Tauros|Intimidate|boost\n|-unboost|p1a: Infernape|atk|1\n|turn|1\n|inactive|Battle timer is ON: inactive players will automatically lose when time's up. (requested by sashauhsa)\n|\n|t:|1781401639\n|switch|p1a: Oricorio|Oricorio-Pom-Pom, L82, F|257/257\n|move|p2a: Tauros|Bulk Up|p2a: Tauros\n|-boost|p2a: Tauros|atk|1\n|-boost|p2a: Tauros|def|1\n|\n|upkeep\n|turn|2\n|\n|t:|1781401665\n|move|p2a: Tauros|Close Combat|p1a: Oricorio\n|-resisted|p1a: Oricorio\n|-damage|p1a: Oricorio|91/257\n|-unboost|p2a: Tauros|def|1\n|-unboost|p2a: Tauros|spd|1\n|-damage|p2a: Tauros|229/254|[from] item: Life Orb\n|move|p1a: Oricorio|Revelation Dance|p2a: Tauros\n|-supereffective|p2a: Tauros\n|-damage|p2a: Tauros|0 fnt\n|faint|p2a: Tauros\n|\n|upkeep\n|inactive|sashauhsa has 120 seconds left.\n|\n|t:|1781401696\n|switch|p2a: Cryogonal|Cryogonal, L89|287/287\n|turn|3\n|\n|t:|1781401716\n|-terastallize|p2a: Cryogonal|Electric\n|move|p2a: Cryogonal|Tera Blast|p1a: Oricorio|[anim] Tera Blast Electric\n|-damage|p1a: Oricorio|0 fnt\n|faint|p1a: Oricorio\n|\n|upkeep\n|\n|t:|1781401729\n|switch|p1a: Ceruledge|Ceruledge, L78, F|245/245\n|turn|4\n|\n|t:|1781401741\n|move|p2a: Cryogonal|Tera Blast|p1a: Ceruledge|[anim] Tera Blast Electric\n|-damage|p1a: Ceruledge|149/245\n|move|p1a: Ceruledge|Swords Dance|p1a: Ceruledge\n|-boost|p1a: Ceruledge|atk|2\n|\n|upkeep\n|turn|5\n|\n|t:|1781401748\n|move|p2a: Cryogonal|Tera Blast|p1a: Ceruledge|[anim] Tera Blast Electric\n|-damage|p1a: Ceruledge|53/245\n|move|p1a: Ceruledge|Bitter Blade|p2a: Cryogonal\n|-damage|p2a: Cryogonal|20/287\n|-heal|p1a: Ceruledge|187/245|[from] drain|[of] p2a: Cryogonal\n|\n|upkeep\n|turn|6\n|\n|t:|1781401757\n|move|p2a: Cryogonal|Tera Blast|p1a: Ceruledge|[anim] Tera Blast Electric\n|-crit|p1a: Ceruledge\n|-damage|p1a: Ceruledge|39/245\n|move|p1a: Ceruledge|Bitter Blade|p2a: Cryogonal\n|-damage|p2a: Cryogonal|0 fnt\n|-heal|p1a: Ceruledge|49/245|[from] drain|[of] p2a: Cryogonal\n|faint|p2a: Cryogonal\n|\n|upkeep\n|inactive|sashauhsa has 120 seconds left.\n|\n|t:|1781401779\n|switch|p2a: Zapdos|Zapdos, L78|268/268\n|turn|7\n|\n|t:|1781401787\n|move|p2a: Zapdos|Thunderbolt|p1a: Ceruledge\n|-damage|p1a: Ceruledge|0 fnt\n|faint|p1a: Ceruledge\n|\n|upkeep\n|\n|t:|1781401794\n|switch|p1a: Froslass|Froslass, L87, F|263/263\n|turn|8\n|inactive|sashauhsa has 120 seconds left.\n|\n|t:|1781401820\n|switch|p2a: Scovillain|Scovillain, L91, M|266/266\n|-terastallize|p1a: Froslass|Ice\n|move|p1a: Froslass|Triple Axel|p2a: Scovillain\n|-damage|p2a: Scovillain|236/266\n|-damage|p2a: Scovillain|174/266\n|-damage|p2a: Scovillain|74/266\n|-hitcount|p2a: Scovillain|3\n|\n|upkeep\n|turn|9\n|\n|t:|1781401836\n|move|p1a: Froslass|Triple Axel|p2a: Scovillain\n|-damage|p2a: Scovillain|42/266\n|-damage|p2a: Scovillain|0 fnt\n|faint|p2a: Scovillain\n|-hitcount|p2: Scovillain|2\n|\n|upkeep\n|inactive|sashauhsa has 120 seconds left.\n|\n|t:|1781401854\n|switch|p2a: Seviper|Seviper, L93, F|287/287\n|turn|10\n|inactive|sashauhsa has 120 seconds left.\n|\n|t:|1781401865\n|move|p1a: Froslass|Poltergeist|p2a: Seviper\n|-activate|p2a: Seviper|move: Poltergeist|Leftovers\n|-damage|p2a: Seviper|152/287\n|move|p2a: Seviper|Gunk Shot|p1a: Froslass|[miss]\n|-miss|p2a: Seviper|p1a: Froslass\n|\n|-heal|p2a: Seviper|169/287|[from] item: Leftovers\n|upkeep\n|turn|11\n|\n|t:|1781401878\n|move|p1a: Froslass|Triple Axel|p2a: Seviper\n|-damage|p2a: Seviper|135/287\n|-damage|p2a: Seviper|71/287\n|-damage|p2a: Seviper|0 fnt\n|faint|p2a: Seviper\n|-hitcount|p2: Seviper|3\n|\n|upkeep\n|\n|t:|1781401881\n|switch|p2a: Zapdos|Zapdos, L78|268/268\n|turn|12\n|\n|t:|1781401890\n|move|p1a: Froslass|Triple Axel|p2a: Zapdos\n|-supereffective|p2a: Zapdos\n|-damage|p2a: Zapdos|204/268\n|-supereffective|p2a: Zapdos\n|-damage|p2a: Zapdos|96/268\n|-supereffective|p2a: Zapdos\n|-damage|p2a: Zapdos|0 fnt\n|faint|p2a: Zapdos\n|-hitcount|p2: Zapdos|3\n|\n|upkeep\n|\n|t:|1781401893\n|switch|p2a: Kingambit|Kingambit, L74, M|270/270\n|-activate|p2a: Kingambit|ability: Supreme Overlord\n|-start|p2a: Kingambit|fallen5|[silent]\n|turn|13\n|\n|t:|1781401910\n|move|p1a: Froslass|Triple Axel|p2a: Kingambit\n|-resisted|p2a: Kingambit\n|-damage|p2a: Kingambit|258/270\n|-resisted|p2a: Kingambit\n|-damage|p2a: Kingambit|234/270\n|-resisted|p2a: Kingambit\n|-damage|p2a: Kingambit|202/270\n|-hitcount|p2a: Kingambit|3\n|move|p2a: Kingambit|Swords Dance|p2a: Kingambit\n|-boost|p2a: Kingambit|atk|2\n|\n|-heal|p2a: Kingambit|218/270|[from] item: Leftovers\n|upkeep\n|turn|14\n|\n|t:|1781401923\n|move|p1a: Froslass|Triple Axel|p2a: Kingambit\n|-resisted|p2a: Kingambit\n|-damage|p2a: Kingambit|205/270\n|-resisted|p2a: Kingambit\n|-damage|p2a: Kingambit|179/270\n|-resisted|p2a: Kingambit\n|-damage|p2a: Kingambit|145/270\n|-hitcount|p2a: Kingambit|3\n|move|p2a: Kingambit|Iron Head|p1a: Froslass\n|-supereffective|p1a: Froslass\n|-damage|p1a: Froslass|0 fnt\n|-start|p2a: Kingambit|Disable|Iron Head|[from] ability: Cursed Body|[of] p1a: Froslass\n|faint|p1a: Froslass\n|\n|-heal|p2a: Kingambit|161/270|[from] item: Leftovers\n|upkeep\n|inactive|SILENTBOY9T4 has 120 seconds left.\n|\n|t:|1781401944\n|switch|p1a: Infernape|Infernape, L82, M|259/259\n|turn|15\n|\n|t:|1781401950\n|move|p2a: Kingambit|Sucker Punch|p1a: Infernape\n|-resisted|p1a: Infernape\n|-crit|p1a: Infernape\n|-damage|p1a: Infernape|55/259\n|move|p1a: Infernape|Close Combat|p2a: Kingambit\n|-supereffective|p2a: Kingambit\n|-damage|p2a: Kingambit|0 fnt\n|-unboost|p1a: Infernape|def|1\n|-unboost|p1a: Infernape|spd|1\n|faint|p2a: Kingambit\n|-end|p2a: Kingambit|fallen5|[silent]\n|\n|win|SILENTBOY9T4\n|raw|SILENTBOY9T4's rating: 1086 &rarr; <strong>1110</strong><br />(+24 for winning)\n|raw|sashauhsa's rating: 1051 &rarr; <strong>1035</strong><br />(-16 for losing)\n|l|\u2606sashauhsa\n|player|p2|\n", "inputlog": ">version a8376a258c1d4662feba110a92103f3664a72141\n>start {\"formatid\":\"gen9randombattle\",\"seed\":\"sodium,841be83a600a7ca06b78274a9bf7c080\",\"rated\":\"Rated battle\"}\n>player p1 {\"name\":\"SILENTBOY9T4\",\"avatar\":\"266\",\"rating\":1086,\"seed\":\"sodium,aaf5d7fd6d310de8de93634ea807ff65\"}\n>player p2 {\"name\":\"sashauhsa\",\"avatar\":\"101\",\"rating\":1051,\"seed\":\"sodium,7f6830f899ca208c69f09091e3eff354\"}\n>p1 switch 6\n>p2 move bulkup\n>p1 move revelationdance\n>p2 move closecombat\n>p2 switch 2\n>p1 move quiverdance\n>p2 move terablast terastallize\n>p1 switch 2\n>p1 move swordsdance\n>p2 move terablast\n>p1 move bitterblade\n>p2 move terablast\n>p1 move bitterblade\n>p2 move terablast\n>p2 switch 6\n>p1 move bitterblade\n>p2 move thunderbolt\n>p1 switch 3\n>p1 move tripleaxel terastallize\n>p2 switch 3\n>p1 move tripleaxel\n>p2 move flamethrower\n>p2 switch 4\n>p1 move poltergeist\n>p2 move gunkshot\n>p1 move tripleaxel\n>p2 move gunkshot\n>p2 switch 3\n>p1 move tripleaxel\n>p2 move thunderbolt\n>p2 switch 5\n>p1 move tripleaxel\n>p2 move swordsdance\n>p1 move tripleaxel\n>p2 move ironhead\n>p1 switch 6\n>p1 move closecombat\n>p2 move suckerpunch", "uploadtime": 1781401965, "views": 16, "formatid": "gen9randombattle", "rating": 1035, "private": 0, "password": null}