{"id": "gen9randombattle-2632003605", "format": "[Gen 9] Random Battle", "players": ["Pila_User", "DiogoGJ09"], "log": "|j|\u2606Pila_User\n|j|\u2606DiogoGJ09\n|t:|1781464883\n|gametype|singles\n|player|p1|Pila_User|266|\n|player|p2|DiogoGJ09|2|\n|gen|9\n|tier|[Gen 9] Random Battle\n|rule|Species Clause: Limit one of each Pok\u00e9mon\n|rule|HP Percentage Mod: HP is shown in percentages\n|rule|Sleep Clause Mod: Limit one foe put to sleep\n|rule|Illusion Level Mod: Illusion disguises the Pok\u00e9mon's true level\n|\n|t:|1781464883\n|teamsize|p1|6\n|teamsize|p2|6\n|start\n|switch|p1a: Iron Valiant|Iron Valiant, L78|244/244\n|switch|p2a: Iron Crown|Iron Crown, L78|268/268\n|turn|1\n|\n|t:|1781464898\n|move|p1a: Iron Valiant|Knock Off|p2a: Iron Crown\n|-supereffective|p2a: Iron Crown\n|-damage|p2a: Iron Crown|86/268\n|-enditem|p2a: Iron Crown|Choice Specs|[from] move: Knock Off|[of] p1a: Iron Valiant\n|-damage|p1a: Iron Valiant|220/244|[from] item: Life Orb\n|move|p2a: Iron Crown|Psyshock|p1a: Iron Valiant\n|-supereffective|p1a: Iron Valiant\n|-damage|p1a: Iron Valiant|28/244\n|\n|upkeep\n|turn|2\n|\n|t:|1781464908\n|move|p1a: Iron Valiant|Knock Off|p2a: Iron Crown\n|-supereffective|p2a: Iron Crown\n|-damage|p2a: Iron Crown|0 fnt\n|faint|p2a: Iron Crown\n|-end|p2a: Iron Crown|Quark Drive|[silent]\n|-damage|p1a: Iron Valiant|4/244|[from] item: Life Orb\n|\n|upkeep\n|\n|t:|1781464930\n|switch|p2a: Gliscor|Gliscor, L76, F|239/239\n|turn|3\n|\n|t:|1781464941\n|move|p2a: Gliscor|Protect|p2a: Gliscor\n|-singleturn|p2a: Gliscor|Protect\n|move|p1a: Iron Valiant|Moonblast|p2a: Gliscor\n|-activate|p2a: Gliscor|move: Protect\n|\n|-status|p2a: Gliscor|tox|[from] item: Toxic Orb\n|upkeep\n|turn|4\n|\n|t:|1781464953\n|move|p1a: Iron Valiant|Moonblast|p2a: Gliscor\n|-damage|p2a: Gliscor|82/239 tox\n|-damage|p1a: Iron Valiant|0 fnt|[from] item: Life Orb\n|faint|p1a: Iron Valiant\n|-end|p1a: Iron Valiant|Quark Drive|[silent]\n|move|p2a: Gliscor|Knock Off|p1: Iron Valiant|[notarget]\n|-fail|p2a: Gliscor\n|\n|-heal|p2a: Gliscor|111/239 tox|[from] ability: Poison Heal\n|upkeep\n|\n|t:|1781464965\n|switch|p1a: Flutter Mane|Flutter Mane, L74|203/203\n|turn|5\n|\n|t:|1781464975\n|move|p1a: Flutter Mane|Moonblast|p2a: Gliscor\n|-damage|p2a: Gliscor|0 fnt\n|faint|p2a: Gliscor\n|\n|upkeep\n|\n|t:|1781464985\n|switch|p2a: Espathra|Espathra, L80, F|283/283\n|turn|6\n|\n|t:|1781464996\n|move|p1a: Flutter Mane|Moonblast|p2a: Espathra\n|-damage|p2a: Espathra|70/283\n|move|p2a: Espathra|Calm Mind|p2a: Espathra\n|-boost|p2a: Espathra|spa|1\n|-boost|p2a: Espathra|spd|1\n|\n|-heal|p2a: Espathra|87/283|[from] item: Leftovers\n|-ability|p2a: Espathra|Speed Boost|boost\n|-boost|p2a: Espathra|spe|1\n|upkeep\n|turn|7\n|\n|t:|1781465011\n|-terastallize|p2a: Espathra|Fairy\n|move|p2a: Espathra|Stored Power|p1a: Flutter Mane\n|-damage|p1a: Flutter Mane|104/203\n|move|p1a: Flutter Mane|Moonblast|p2a: Espathra\n|-damage|p2a: Espathra|0 fnt\n|faint|p2a: Espathra\n|\n|upkeep\n|\n|t:|1781465025\n|switch|p2a: Copperajah|Copperajah, L86, M|350/350\n|turn|8\n|\n|t:|1781465031\n|move|p1a: Flutter Mane|Moonblast|p2a: Copperajah\n|-resisted|p2a: Copperajah\n|-damage|p2a: Copperajah|266/350\n|move|p2a: Copperajah|Heavy Slam|p1a: Flutter Mane\n|-supereffective|p1a: Flutter Mane\n|-damage|p1a: Flutter Mane|0 fnt\n|faint|p1a: Flutter Mane\n|-end|p1a: Flutter Mane|Protosynthesis|[silent]\n|\n|upkeep\n|\n|t:|1781465042\n|switch|p1a: Hariyama|Hariyama, L87, F|392/392\n|turn|9\n|\n|t:|1781465048\n|move|p1a: Hariyama|Close Combat|p2a: Copperajah\n|-supereffective|p2a: Copperajah\n|-damage|p2a: Copperajah|0 fnt\n|-unboost|p1a: Hariyama|def|1\n|-unboost|p1a: Hariyama|spd|1\n|faint|p2a: Copperajah\n|\n|upkeep\n|\n|t:|1781465058\n|switch|p2a: Arceus|Arceus, L68|276/276\n|turn|10\n|\n|t:|1781465069\n|move|p2a: Arceus|Earthquake|p1a: Hariyama\n|-damage|p1a: Hariyama|252/392\n|-damage|p2a: Arceus|249/276|[from] item: Life Orb\n|move|p1a: Hariyama|Close Combat|p2a: Arceus\n|-supereffective|p2a: Arceus\n|-damage|p2a: Arceus|0 fnt\n|-unboost|p1a: Hariyama|def|1\n|-unboost|p1a: Hariyama|spd|1\n|faint|p2a: Arceus\n|\n|upkeep\n|\n|t:|1781465079\n|switch|p2a: Skeledirge|Skeledirge, L79, F|294/294\n|turn|11\n|\n|t:|1781465086\n|move|p2a: Skeledirge|Will-O-Wisp|p1a: Hariyama|[miss]\n|-miss|p2a: Skeledirge|p1a: Hariyama\n|move|p1a: Hariyama|Knock Off|p2a: Skeledirge\n|-supereffective|p2a: Skeledirge\n|-damage|p2a: Skeledirge|122/294\n|-enditem|p2a: Skeledirge|Heavy-Duty Boots|[from] move: Knock Off|[of] p1a: Hariyama\n|\n|upkeep\n|turn|12\n|\n|t:|1781465094\n|move|p1a: Hariyama|Bullet Punch|p2a: Skeledirge\n|-resisted|p2a: Skeledirge\n|-damage|p2a: Skeledirge|106/294\n|move|p2a: Skeledirge|Torch Song|p1a: Hariyama\n|-damage|p1a: Hariyama|213/392\n|-boost|p2a: Skeledirge|spa|1\n|\n|upkeep\n|turn|13\n|\n|t:|1781465105\n|move|p2a: Skeledirge|Hex|p1a: Hariyama\n|-damage|p1a: Hariyama|123/392\n|move|p1a: Hariyama|Knock Off|p2a: Skeledirge\n|-supereffective|p2a: Skeledirge\n|-damage|p2a: Skeledirge|0 fnt\n|faint|p2a: Skeledirge\n|\n|win|Pila_User\n|l|\u2606DiogoGJ09\n|player|p2|\n", "uploadtime": 1781465112, "views": 1, "formatid": "gen9randombattle", "rating": null, "private": 0, "password": null}