{"id": "gen9randombattle-2631849479", "format": "[Gen 9] Random Battle", "players": ["luc050805", "moritzvb"], "log": "|j|\u2606luc050805\n|j|\u2606moritzvb\n|t:|1781447896\n|gametype|singles\n|player|p1|luc050805|veteranf|2068\n|player|p2|moritzvb|ariana|2143\n|gen|9\n|tier|[Gen 9] Random Battle\n|rated|\n|rule|Species Clause: Limit one of each Pok\u00e9mon\n|rule|HP Percentage Mod: HP is shown in percentages\n|rule|Sleep Clause Mod: Limit one foe put to sleep\n|rule|Illusion Level Mod: Illusion disguises the Pok\u00e9mon's true level\n|\n|t:|1781447896\n|teamsize|p1|6\n|teamsize|p2|6\n|start\n|switch|p1a: Koraidon|Koraidon, L64|235/235\n|switch|p2a: Dusknoir|Dusknoir, L89, M|225/225\n|-weather|SunnyDay|[from] ability: Orichalcum Pulse|[of] p1a: Koraidon\n|-activate|p1a: Koraidon|Orichalcum Pulse|[source]\n|-item|p1a: Koraidon|Loaded Dice|[from] ability: Frisk|[of] p2a: Dusknoir\n|turn|1\n|inactive|Battle timer is ON: inactive players will automatically lose when time's up. (requested by luc050805)\n|\n|t:|1781447908\n|-terastallize|p1a: Koraidon|Fire\n|move|p1a: Koraidon|Swords Dance|p1a: Koraidon\n|-boost|p1a: Koraidon|atk|2\n|move|p2a: Dusknoir|Will-O-Wisp|p1a: Koraidon\n|-immune|p1a: Koraidon\n|\n|-weather|SunnyDay|[upkeep]\n|upkeep\n|turn|2\n|\n|t:|1781447918\n|move|p1a: Koraidon|Scale Shot|p2a: Dusknoir\n|-damage|p2a: Dusknoir|186/225\n|-damage|p2a: Dusknoir|146/225\n|-damage|p2a: Dusknoir|110/225\n|-damage|p2a: Dusknoir|73/225\n|-hitcount|p2a: Dusknoir|4\n|-unboost|p1a: Koraidon|def|1\n|-boost|p1a: Koraidon|spe|1\n|move|p2a: Dusknoir|Earthquake|p1a: Koraidon\n|-supereffective|p1a: Koraidon\n|-damage|p1a: Koraidon|0 fnt\n|faint|p1a: Koraidon\n|\n|-weather|SunnyDay|[upkeep]\n|-heal|p2a: Dusknoir|87/225|[from] item: Leftovers\n|upkeep\n|\n|t:|1781447934\n|switch|p1a: Umbreon|Umbreon, L84, M|297/297\n|turn|3\n|c|\u2606moritzvb|maybe controversial, but that was not worth it\n|\n|t:|1781447946\n|switch|p2a: Archaludon|Archaludon, L78, F|268/268\n|move|p1a: Umbreon|Foul Play|p2a: Archaludon\n|-crit|p2a: Archaludon\n|-damage|p2a: Archaludon|156/268\n|-ability|p2a: Archaludon|Stamina|boost\n|-boost|p2a: Archaludon|def|1\n|\n|-weather|SunnyDay|[upkeep]\n|upkeep\n|turn|4\n|c|\u2606luc050805|i try i saw the end of the tunel\n|inactive|luc050805 has 120 seconds left.\n|c|\u2606moritzvb|happens to the best of us\n|\n|t:|1781447995\n|move|p2a: Archaludon|Iron Head|p1a: Umbreon\n|-damage|p1a: Umbreon|233/297\n|cant|p1a: Umbreon|flinch\n|\n|-weather|SunnyDay|[upkeep]\n|-heal|p1a: Umbreon|251/297|[from] item: Leftovers\n|upkeep\n|turn|5\n|\n|t:|1781448005\n|switch|p2a: Crawdaunt|Crawdaunt, L84, M|243/243\n|move|p1a: Umbreon|Wish|p1a: Umbreon\n|\n|-weather|none\n|-heal|p1a: Umbreon|269/297|[from] item: Leftovers\n|upkeep\n|turn|6\n|\n|t:|1781448008\n|move|p1a: Umbreon|Toxic|p2a: Crawdaunt\n|-status|p2a: Crawdaunt|tox\n|move|p2a: Crawdaunt|Dragon Dance|p2a: Crawdaunt\n|-boost|p2a: Crawdaunt|atk|1\n|-boost|p2a: Crawdaunt|spe|1\n|\n|-heal|p1a: Umbreon|297/297|[from] move: Wish|[wisher] Umbreon\n|-damage|p2a: Crawdaunt|228/243 tox|[from] psn\n|upkeep\n|turn|7\n|\n|t:|1781448013\n|move|p2a: Crawdaunt|Crabhammer|p1a: Umbreon\n|-damage|p1a: Umbreon|37/297\n|-damage|p2a: Crawdaunt|204/243 tox|[from] item: Life Orb\n|move|p1a: Umbreon|Foul Play|p2a: Crawdaunt\n|-resisted|p2a: Crawdaunt\n|-damage|p2a: Crawdaunt|117/243 tox\n|\n|-heal|p1a: Umbreon|55/297|[from] item: Leftovers\n|-damage|p2a: Crawdaunt|87/243 tox|[from] psn\n|upkeep\n|turn|8\n|\n|t:|1781448018\n|move|p1a: Umbreon|Protect|p1a: Umbreon\n|-singleturn|p1a: Umbreon|Protect\n|move|p2a: Crawdaunt|Knock Off|p1a: Umbreon\n|-activate|p1a: Umbreon|move: Protect\n|\n|-heal|p1a: Umbreon|73/297|[from] item: Leftovers\n|-damage|p2a: Crawdaunt|42/243 tox|[from] psn\n|upkeep\n|turn|9\n|\n|t:|1781448020\n|move|p1a: Umbreon|Protect|p1a: Umbreon\n|-singleturn|p1a: Umbreon|Protect\n|move|p2a: Crawdaunt|Knock Off|p1a: Umbreon\n|-activate|p1a: Umbreon|move: Protect\n|\n|-heal|p1a: Umbreon|91/297|[from] item: Leftovers\n|-damage|p2a: Crawdaunt|0 fnt|[from] psn\n|faint|p2a: Crawdaunt\n|upkeep\n|\n|t:|1781448026\n|switch|p2a: Chien-Pao|Chien-Pao, L72|234/234\n|-ability|p2a: Chien-Pao|Sword of Ruin\n|turn|10\n|\n|t:|1781448031\n|switch|p1a: Corviknight|Corviknight, L80, F|288/288\n|move|p2a: Chien-Pao|Sacred Sword|p1a: Corviknight\n|-damage|p1a: Corviknight|220/288\n|\n|-heal|p1a: Corviknight|238/288|[from] item: Leftovers\n|upkeep\n|turn|11\n|\n|t:|1781448045\n|switch|p2a: Drifblim|Drifblim, L86, F|396/396\n|move|p1a: Corviknight|U-turn|p2a: Drifblim\n|-resisted|p2a: Drifblim\n|-damage|p2a: Drifblim|379/396\n|\n|t:|1781448051\n|switch|p1a: Regice|Regice, L88|284/284|[from] U-turn\n|\n|upkeep\n|turn|12\n|\n|t:|1781448058\n|switch|p2a: Archaludon|Archaludon, L78, F|156/268\n|move|p1a: Regice|Thunder Wave|p2a: Archaludon\n|-status|p2a: Archaludon|par\n|-enditem|p2a: Archaludon|Lum Berry|[eat]\n|-curestatus|p2a: Archaludon|par|[msg]\n|\n|upkeep\n|turn|13\n|\n|t:|1781448067\n|move|p2a: Archaludon|Iron Head|p1a: Regice\n|-supereffective|p1a: Regice\n|-crit|p1a: Regice\n|-damage|p1a: Regice|80/284\n|move|p1a: Regice|Ice Beam|p2a: Archaludon\n|-damage|p2a: Archaludon|23/268\n|-status|p2a: Archaludon|frz\n|-ability|p2a: Archaludon|Stamina|boost\n|-boost|p2a: Archaludon|def|1\n|\n|upkeep\n|turn|14\n|\n|t:|1781448073\n|cant|p2a: Archaludon|frz\n|move|p1a: Regice|Ice Beam|p2a: Archaludon\n|-damage|p2a: Archaludon|0 fnt\n|faint|p2a: Archaludon\n|\n|upkeep\n|c|\u2606luc050805|mb\n|\n|t:|1781448101\n|switch|p2a: Gallade|Gallade, L80, M|240/240\n|turn|15\n|\n|t:|1781448104\n|move|p2a: Gallade|Sacred Sword|p1a: Regice\n|-supereffective|p1a: Regice\n|-damage|p1a: Regice|0 fnt\n|faint|p1a: Regice\n|\n|upkeep\n|\n|t:|1781448107\n|switch|p1a: Corviknight|Corviknight, L80, F|238/288\n|turn|16\n|\n|t:|1781448113\n|switch|p2a: Drifblim|Drifblim, L86, F|379/396\n|move|p1a: Corviknight|U-turn|p2a: Drifblim\n|-resisted|p2a: Drifblim\n|-damage|p2a: Drifblim|362/396\n|\n|t:|1781448115\n|switch|p1a: Sylveon|Sylveon, L85, F|300/300|[from] U-turn\n|\n|upkeep\n|turn|17\n|\n|t:|1781448122\n|-terastallize|p2a: Drifblim|Steel\n|move|p2a: Drifblim|Calm Mind|p2a: Drifblim\n|-boost|p2a: Drifblim|spa|1\n|-boost|p2a: Drifblim|spd|1\n|move|p1a: Sylveon|Calm Mind|p1a: Sylveon\n|-boost|p1a: Sylveon|spa|1\n|-boost|p1a: Sylveon|spd|1\n|\n|upkeep\n|turn|18\n|\n|t:|1781448129\n|move|p2a: Drifblim|Calm Mind|p2a: Drifblim\n|-boost|p2a: Drifblim|spa|1\n|-boost|p2a: Drifblim|spd|1\n|move|p1a: Sylveon|Hyper Voice|p2a: Drifblim\n|-resisted|p2a: Drifblim\n|-damage|p2a: Drifblim|295/396\n|\n|upkeep\n|turn|19\n|\n|t:|1781448131\n|move|p2a: Drifblim|Calm Mind|p2a: Drifblim\n|-boost|p2a: Drifblim|spa|1\n|-boost|p2a: Drifblim|spd|1\n|move|p1a: Sylveon|Wish|p1a: Sylveon\n|\n|upkeep\n|turn|20\n|\n|t:|1781448137\n|switch|p1a: Umbreon|Umbreon, L84, M|91/297\n|move|p2a: Drifblim|Shadow Ball|p1a: Umbreon\n|-resisted|p1a: Umbreon\n|-damage|p1a: Umbreon|16/297\n|\n|-heal|p1a: Umbreon|166/297|[from] move: Wish|[wisher] Sylveon\n|-heal|p1a: Umbreon|184/297|[from] item: Leftovers\n|upkeep\n|turn|21\n|\n|t:|1781448140\n|move|p2a: Drifblim|Air Slash|p1a: Umbreon\n|-damage|p1a: Umbreon|36/297\n|move|p1a: Umbreon|Foul Play|p2a: Drifblim\n|-damage|p2a: Drifblim|192/396\n|-enditem|p2a: Drifblim|Sitrus Berry|[eat]\n|-heal|p2a: Drifblim|291/396|[from] item: Sitrus Berry\n|\n|-heal|p1a: Umbreon|54/297|[from] item: Leftovers\n|upkeep\n|turn|22\n|\n|t:|1781448143\n|move|p2a: Drifblim|Air Slash|p1a: Umbreon\n|-damage|p1a: Umbreon|0 fnt\n|faint|p1a: Umbreon\n|\n|upkeep\n|\n|t:|1781448148\n|switch|p1a: Hawlucha|Hawlucha, L80, F|256/256\n|turn|23\n|\n|t:|1781448152\n|move|p2a: Drifblim|Air Slash|p1a: Hawlucha\n|-supereffective|p1a: Hawlucha\n|-damage|p1a: Hawlucha|0 fnt\n|faint|p1a: Hawlucha\n|\n|upkeep\n|\n|t:|1781448154\n|switch|p1a: Corviknight|Corviknight, L80, F|238/288\n|turn|24\n|\n|t:|1781448162\n|move|p2a: Drifblim|Strength Sap|p1a: Corviknight\n|-ability|p1a: Corviknight|Mirror Armor\n|-unboost|p2a: Drifblim|atk|1\n|-heal|p2a: Drifblim|396/396\n|move|p1a: Corviknight|Brave Bird|p2a: Drifblim\n|-resisted|p2a: Drifblim\n|-damage|p2a: Drifblim|311/396\n|-damage|p1a: Corviknight|210/288|[from] Recoil\n|\n|-heal|p1a: Corviknight|228/288|[from] item: Leftovers\n|upkeep\n|turn|25\n|\n|t:|1781448166\n|move|p2a: Drifblim|Shadow Ball|p1a: Corviknight\n|-damage|p1a: Corviknight|17/288\n|move|p1a: Corviknight|Brave Bird|p2a: Drifblim\n|-resisted|p2a: Drifblim\n|-damage|p2a: Drifblim|220/396\n|-damage|p1a: Corviknight|0 fnt|[from] Recoil\n|faint|p1a: Corviknight\n|\n|upkeep\n|\n|t:|1781448169\n|switch|p1a: Sylveon|Sylveon, L85, F|300/300\n|turn|26\n|\n|t:|1781448173\n|move|p2a: Drifblim|Air Slash|p1a: Sylveon\n|-damage|p1a: Sylveon|147/300\n|move|p1a: Sylveon|Calm Mind|p1a: Sylveon\n|-boost|p1a: Sylveon|spa|1\n|-boost|p1a: Sylveon|spd|1\n|\n|-heal|p1a: Sylveon|165/300|[from] item: Leftovers\n|upkeep\n|turn|27\n|\n|t:|1781448179\n|move|p1a: Sylveon|Protect|p1a: Sylveon\n|-singleturn|p1a: Sylveon|Protect\n|move|p2a: Drifblim|Air Slash|p1a: Sylveon\n|-activate|p1a: Sylveon|move: Protect\n|\n|-heal|p1a: Sylveon|183/300|[from] item: Leftovers\n|upkeep\n|turn|28\n|\n|t:|1781448181\n|move|p2a: Drifblim|Air Slash|p1a: Sylveon\n|-damage|p1a: Sylveon|83/300\n|move|p1a: Sylveon|Wish|p1a: Sylveon\n|\n|-heal|p1a: Sylveon|101/300|[from] item: Leftovers\n|upkeep\n|turn|29\n|\n|t:|1781448187\n|move|p1a: Sylveon|Protect|p1a: Sylveon\n|-singleturn|p1a: Sylveon|Protect\n|move|p2a: Drifblim|Calm Mind|p2a: Drifblim\n|-boost|p2a: Drifblim|spa|1\n|-boost|p2a: Drifblim|spd|1\n|\n|-heal|p1a: Sylveon|251/300|[from] move: Wish|[wisher] Sylveon\n|-heal|p1a: Sylveon|269/300|[from] item: Leftovers\n|upkeep\n|turn|30\n|\n|t:|1781448192\n|move|p2a: Drifblim|Air Slash|p1a: Sylveon\n|-damage|p1a: Sylveon|163/300\n|cant|p1a: Sylveon|flinch\n|\n|-heal|p1a: Sylveon|181/300|[from] item: Leftovers\n|upkeep\n|turn|31\n|\n|t:|1781448198\n|move|p1a: Sylveon|Protect|p1a: Sylveon\n|-singleturn|p1a: Sylveon|Protect\n|move|p2a: Drifblim|Calm Mind|p2a: Drifblim\n|-boost|p2a: Drifblim|spa|1\n|-boost|p2a: Drifblim|spd|1\n|\n|-heal|p1a: Sylveon|199/300|[from] item: Leftovers\n|upkeep\n|turn|32\n|\n|t:|1781448201\n|move|p2a: Drifblim|Air Slash|p1a: Sylveon\n|-damage|p1a: Sylveon|63/300\n|cant|p1a: Sylveon|flinch\n|\n|-heal|p1a: Sylveon|81/300|[from] item: Leftovers\n|upkeep\n|turn|33\n|\n|t:|1781448206\n|move|p2a: Drifblim|Shadow Ball|p1a: Sylveon\n|-damage|p1a: Sylveon|0 fnt\n|faint|p1a: Sylveon\n|\n|win|moritzvb\n|raw|luc050805's rating: 2068 &rarr; <strong>2052</strong><br />(-16 for losing)\n|raw|moritzvb's rating: 2143 &rarr; <strong>2159</strong><br />(+16 for winning)\n", "inputlog": ">version a8376a258c1d4662feba110a92103f3664a72141\n>start {\"formatid\":\"gen9randombattle\",\"seed\":\"sodium,8a22b37d3c69a883d748a4c545481aa4\",\"rated\":\"Rated battle\"}\n>player p1 {\"name\":\"luc050805\",\"avatar\":\"veteranf\",\"rating\":2068,\"seed\":\"sodium,0e596c8be59a9f08c864a67c27a515c1\"}\n>player p2 {\"name\":\"moritzvb\",\"avatar\":\"ariana\",\"rating\":2143,\"seed\":\"sodium,9a4a008290a6d2829a5654017eb15e89\"}\n>p1 move swordsdance terastallize\n>p2 move willowisp\n>p1 move scaleshot\n>p2 move earthquake\n>p1 switch 2\n>chat \u2606moritzvb|maybe controversial, but that was not worth it\n>p1 move foulplay\n>p2 switch 6\n>chat \u2606luc050805|i try i saw the end of the tunel \n>chat \u2606moritzvb|happens to the best of us\n>p1 move foulplay\n>p2 move ironhead\n>p1 move wish\n>p2 switch 5\n>p1 move toxic\n>p2 move dragondance\n>p1 move foulplay\n>p2 move crabhammer\n>p1 move protect\n>p2 move knockoff\n>p1 move protect\n>p2 move knockoff\n>p2 switch 4\n>p1 switch 5\n>p2 move sacredsword\n>p1 move uturn\n>p2 switch 3\n>p1 switch 4\n>p1 move thunderwave\n>p2 switch 5\n>p1 move icebeam\n>p2 move ironhead\n>p1 move icebeam\n>p2 move outrage\n>chat \u2606luc050805|mb\n>p2 switch 2\n>p1 move thunderwave\n>p2 move sacredsword\n>p1 switch 4\n>p1 move uturn\n>p2 switch 5\n>p1 switch 6\n>p1 move calmmind\n>p2 move calmmind terastallize\n>p1 move hypervoice\n>p2 move calmmind\n>p1 move wish\n>p2 move calmmind\n>p1 switch 5\n>p2 move shadowball\n>p1 move foulplay\n>p2 move airslash\n>p1 move foulplay\n>p2 move airslash\n>p1 switch 3\n>p1 move closecombat\n>p2 move airslash\n>p1 switch 6\n>p1 move bravebird\n>p2 move strengthsap\n>p1 move bravebird\n>p2 move shadowball\n>p1 switch 5\n>p1 move calmmind\n>p2 move airslash\n>p1 move protect\n>p2 move airslash\n>p1 move wish\n>p2 move airslash\n>p1 move protect\n>p2 move calmmind\n>p1 move wish\n>p2 move airslash\n>p1 move protect\n>p2 move calmmind\n>p1 move wish\n>p2 move airslash\n>p1 move calmmind\n>p2 move shadowball", "uploadtime": 1781447899, "views": 6, "formatid": "gen9randombattle", "rating": 2052, "private": 0, "password": null}