{"id": "gen9randombattle-2631383399", "format": "[Gen 9] Random Battle", "players": ["Micael Lopes", "strmz"], "log": "|j|\u2606Micael Lopes\n|j|\u2606strmz\n|t:|1781378183\n|gametype|singles\n|player|p1|Micael Lopes|benga|1570\n|player|p2|strmz|170|1536\n|gen|9\n|tier|[Gen 9] Random Battle\n|rated|\n|rule|Species Clause: Limit one of each Pok\u00e9mon\n|rule|HP Percentage Mod: HP is shown in percentages\n|rule|Sleep Clause Mod: Limit one foe put to sleep\n|rule|Illusion Level Mod: Illusion disguises the Pok\u00e9mon's true level\n|\n|t:|1781378183\n|teamsize|p1|6\n|teamsize|p2|6\n|start\n|switch|p1a: Palafin|Palafin, L77, F|281/281\n|switch|p2a: Krookodile|Krookodile, L79, F|280/280\n|-ability|p2a: Krookodile|Intimidate|boost\n|-unboost|p1a: Palafin|atk|1\n|turn|1\n|inactive|Battle timer is ON: inactive players will automatically lose when time's up. (requested by Micael Lopes)\n|inactive|strmz has 120 seconds left.\n|\n|t:|1781378229\n|switch|p2a: Suicune|Suicune, L82|298/298\n|-ability|p2a: Suicune|Pressure\n|move|p1a: Palafin|Flip Turn|p2a: Suicune\n|-resisted|p2a: Suicune\n|-damage|p2a: Suicune|281/298\n|\n|t:|1781378233\n|detailschange|p1a: Palafin|Palafin-Hero, L77, F\n|switch|p1a: Torkoal|Torkoal, L88, M|266/266|[from] Flip Turn\n|-weather|SunnyDay|[from] ability: Drought|[of] p1a: Torkoal\n|\n|-weather|SunnyDay|[upkeep]\n|-heal|p2a: Suicune|298/298|[from] item: Leftovers\n|upkeep\n|turn|2\n|c|\u2606strmz|that is a goat fist pokemon\n|\n|t:|1781378248\n|move|p2a: Suicune|Calm Mind|p2a: Suicune\n|-boost|p2a: Suicune|spa|1\n|-boost|p2a: Suicune|spd|1\n|move|p1a: Torkoal|Yawn|p2a: Suicune\n|-start|p2a: Suicune|move: Yawn|[of] p1a: Torkoal\n|\n|-weather|SunnyDay|[upkeep]\n|upkeep\n|turn|3\n|\n|t:|1781378259\n|move|p2a: Suicune|Calm Mind|p2a: Suicune\n|-boost|p2a: Suicune|spa|1\n|-boost|p2a: Suicune|spd|1\n|move|p1a: Torkoal|Stealth Rock|p2a: Suicune\n|-sidestart|p2: strmz|move: Stealth Rock\n|\n|-weather|SunnyDay|[upkeep]\n|-end|p2a: Suicune|move: Yawn|[silent]\n|-status|p2a: Suicune|slp\n|upkeep\n|turn|4\n|\n|t:|1781378268\n|switch|p1a: Rhyperior|Rhyperior, L82, M|323/323\n|cant|p2a: Suicune|slp\n|\n|-weather|SunnyDay|[upkeep]\n|upkeep\n|turn|5\n|\n|t:|1781378281\n|cant|p2a: Suicune|slp\n|move|p1a: Rhyperior|Dragon Tail|p2a: Suicune\n|-damage|p2a: Suicune|256/298 slp\n|drag|p2a: Ditto|Ditto, L87|225/225\n|-damage|p2a: Ditto|197/225|[from] Stealth Rock\n|-transform|p2a: Ditto|p1a: Rhyperior|[from] ability: Imposter\n|\n|-weather|none\n|upkeep\n|turn|6\n|\n|t:|1781378294\n|move|p2a: Ditto|Earthquake|p1a: Rhyperior\n|-supereffective|p1a: Rhyperior\n|-damage|p1a: Rhyperior|173/323\n|move|p1a: Rhyperior|Earthquake|p2a: Ditto\n|-supereffective|p2a: Ditto\n|-damage|p2a: Ditto|43/225\n|\n|upkeep\n|turn|7\n|\n|t:|1781378300\n|move|p2a: Ditto|Earthquake|p1a: Rhyperior\n|-supereffective|p1a: Rhyperior\n|-damage|p1a: Rhyperior|19/323\n|move|p1a: Rhyperior|Earthquake|p2a: Ditto\n|-supereffective|p2a: Ditto\n|-damage|p2a: Ditto|0 fnt\n|faint|p2a: Ditto\n|\n|upkeep\n|\n|t:|1781378307\n|switch|p2a: Suicune|Suicune, L82|256/298 slp\n|-damage|p2a: Suicune|219/298 slp|[from] Stealth Rock\n|-ability|p2a: Suicune|Pressure\n|turn|8\n|\n|t:|1781378322\n|-curestatus|p2a: Suicune|slp|[msg]\n|move|p2a: Suicune|Scald|p1a: Rhyperior\n|-supereffective|p1a: Rhyperior\n|-crit|p1a: Rhyperior\n|-damage|p1a: Rhyperior|0 fnt\n|faint|p1a: Rhyperior\n|\n|-heal|p2a: Suicune|237/298|[from] item: Leftovers\n|upkeep\n|\n|t:|1781378325\n|switch|p1a: Torkoal|Torkoal, L88, M|266/266\n|-weather|SunnyDay|[from] ability: Drought|[of] p1a: Torkoal\n|turn|9\n|c|\u2606strmz|lol\n|c|\u2606strmz|that was too much\n|\n|t:|1781378333\n|move|p2a: Suicune|Substitute|p2a: Suicune\n|-start|p2a: Suicune|Substitute\n|-damage|p2a: Suicune|163/298\n|move|p1a: Torkoal|Yawn||[still]\n|-fail|p1a: Torkoal\n|\n|-weather|SunnyDay|[upkeep]\n|-heal|p2a: Suicune|181/298|[from] item: Leftovers\n|upkeep\n|turn|10\n|\n|t:|1781378341\n|move|p2a: Suicune|Calm Mind|p2a: Suicune\n|-boost|p2a: Suicune|spa|1\n|-boost|p2a: Suicune|spd|1\n|move|p1a: Torkoal|Solar Beam||[still]\n|-prepare|p1a: Torkoal|Solar Beam\n|-anim|p1a: Torkoal|Solar Beam|p2a: Suicune\n|-supereffective|p2a: Suicune\n|-end|p2a: Suicune|Substitute\n|\n|-weather|SunnyDay|[upkeep]\n|-heal|p2a: Suicune|199/298|[from] item: Leftovers\n|upkeep\n|turn|11\n|\n|t:|1781378354\n|move|p2a: Suicune|Substitute|p2a: Suicune\n|-start|p2a: Suicune|Substitute\n|-damage|p2a: Suicune|125/298\n|move|p1a: Torkoal|Solar Beam||[still]\n|-prepare|p1a: Torkoal|Solar Beam\n|-anim|p1a: Torkoal|Solar Beam|p2a: Suicune\n|-supereffective|p2a: Suicune\n|-end|p2a: Suicune|Substitute\n|\n|-weather|SunnyDay|[upkeep]\n|-heal|p2a: Suicune|143/298|[from] item: Leftovers\n|upkeep\n|turn|12\n|\n|t:|1781378370\n|-terastallize|p2a: Suicune|Steel\n|move|p2a: Suicune|Scald|p1a: Torkoal\n|-supereffective|p1a: Torkoal\n|-damage|p1a: Torkoal|144/266\n|move|p1a: Torkoal|Solar Beam||[still]\n|-prepare|p1a: Torkoal|Solar Beam\n|-anim|p1a: Torkoal|Solar Beam|p2a: Suicune\n|-resisted|p2a: Suicune\n|-damage|p2a: Suicune|117/298\n|\n|-weather|SunnyDay|[upkeep]\n|-heal|p2a: Suicune|135/298|[from] item: Leftovers\n|upkeep\n|turn|13\n|\n|t:|1781378392\n|move|p2a: Suicune|Substitute|p2a: Suicune\n|-start|p2a: Suicune|Substitute\n|-damage|p2a: Suicune|61/298\n|move|p1a: Torkoal|Lava Plume|p2a: Suicune\n|-supereffective|p2a: Suicune\n|-end|p2a: Suicune|Substitute\n|\n|-weather|none\n|-heal|p2a: Suicune|79/298|[from] item: Leftovers\n|upkeep\n|turn|14\n|\n|t:|1781378402\n|switch|p1a: Palafin|Palafin-Hero, L77, F|281/281\n|-activate|p1a: Palafin|ability: Zero to Hero\n|move|p2a: Suicune|Scald|p1a: Palafin\n|-resisted|p1a: Palafin\n|-damage|p1a: Palafin|218/281\n|-status|p1a: Palafin|brn\n|\n|-heal|p2a: Suicune|97/298|[from] item: Leftovers\n|-damage|p1a: Palafin|201/281 brn|[from] brn\n|upkeep\n|turn|15\n|\n|t:|1781378424\n|switch|p2a: Slowbro|Slowbro-Galar, L87, F|307/307\n|-damage|p2a: Slowbro|269/307|[from] Stealth Rock\n|move|p1a: Palafin|Close Combat|p2a: Slowbro\n|-resisted|p2a: Slowbro\n|-damage|p2a: Slowbro|252/307\n|-unboost|p1a: Palafin|def|1\n|-unboost|p1a: Palafin|spd|1\n|\n|-damage|p1a: Palafin|184/281 brn|[from] brn\n|upkeep\n|turn|16\n|\n|t:|1781378437\n|switch|p1a: Torkoal|Torkoal, L88, M|144/266\n|-weather|SunnyDay|[from] ability: Drought|[of] p1a: Torkoal\n|move|p2a: Slowbro|Shell Side Arm|p1a: Torkoal|[anim] Shell Side Arm Special\n|-damage|p1a: Torkoal|27/266\n|-hint|Special Shell Side Arm\n|-status|p1a: Torkoal|psn\n|\n|-weather|SunnyDay|[upkeep]\n|-damage|p1a: Torkoal|0 fnt|[from] psn\n|faint|p1a: Torkoal\n|upkeep\n|\n|t:|1781378442\n|switch|p1a: Drifblim|Drifblim, L86, M|398/398\n|turn|17\n|\n|t:|1781378466\n|move|p1a: Drifblim|Shadow Ball|p2a: Slowbro\n|-supereffective|p2a: Slowbro\n|-damage|p2a: Slowbro|132/307\n|move|p2a: Slowbro|Psychic|p1a: Drifblim\n|-damage|p1a: Drifblim|259/398\n|\n|-weather|SunnyDay|[upkeep]\n|upkeep\n|turn|18\n|\n|t:|1781378477\n|switch|p2a: Krookodile|Krookodile, L79, F|280/280\n|-damage|p2a: Krookodile|263/280|[from] Stealth Rock\n|-ability|p2a: Krookodile|Intimidate|boost\n|-unboost|p1a: Drifblim|atk|1\n|move|p1a: Drifblim|Shadow Ball|p2a: Krookodile\n|-resisted|p2a: Krookodile\n|-damage|p2a: Krookodile|211/280\n|\n|-weather|SunnyDay|[upkeep]\n|-heal|p2a: Krookodile|228/280|[from] item: Leftovers\n|upkeep\n|turn|19\n|\n|t:|1781378489\n|-terastallize|p1a: Drifblim|Dark\n|move|p2a: Krookodile|Bulk Up|p2a: Krookodile\n|-boost|p2a: Krookodile|atk|1\n|-boost|p2a: Krookodile|def|1\n|move|p1a: Drifblim|Strength Sap|p2a: Krookodile\n|-unboost|p2a: Krookodile|atk|1\n|-heal|p1a: Drifblim|398/398\n|\n|-weather|SunnyDay|[upkeep]\n|-heal|p2a: Krookodile|245/280|[from] item: Leftovers\n|upkeep\n|turn|20\n|inactive|strmz has 120 seconds left.\n|\n|t:|1781378505\n|move|p2a: Krookodile|Knock Off|p1a: Drifblim\n|-resisted|p1a: Drifblim\n|-crit|p1a: Drifblim\n|-damage|p1a: Drifblim|280/398\n|-enditem|p1a: Drifblim|Heavy-Duty Boots|[from] move: Knock Off|[of] p2a: Krookodile\n|move|p1a: Drifblim|Air Slash|p2a: Krookodile\n|-damage|p2a: Krookodile|143/280\n|\n|-weather|none\n|-heal|p2a: Krookodile|160/280|[from] item: Leftovers\n|upkeep\n|turn|21\n|inactive|strmz has 120 seconds left.\n|\n|t:|1781378519\n|move|p2a: Krookodile|Earthquake|p1a: Drifblim\n|-damage|p1a: Drifblim|103/398\n|move|p1a: Drifblim|Strength Sap|p2a: Krookodile\n|-unboost|p2a: Krookodile|atk|1\n|-heal|p1a: Drifblim|333/398\n|\n|-heal|p2a: Krookodile|177/280|[from] item: Leftovers\n|upkeep\n|turn|22\n|inactive|strmz has 120 seconds left.\n|\n|t:|1781378538\n|switch|p2a: Suicune|Suicune, L82, tera:Steel|97/298\n|-damage|p2a: Suicune|79/298|[from] Stealth Rock\n|-ability|p2a: Suicune|Pressure\n|move|p1a: Drifblim|Air Slash|p2a: Suicune\n|-resisted|p2a: Suicune\n|-damage|p2a: Suicune|48/298\n|\n|-heal|p2a: Suicune|66/298|[from] item: Leftovers\n|upkeep\n|turn|23\n|inactive|strmz has 120 seconds left.\n|\n|t:|1781378549\n|move|p2a: Suicune|Calm Mind|p2a: Suicune\n|-boost|p2a: Suicune|spa|1\n|-boost|p2a: Suicune|spd|1\n|move|p1a: Drifblim|Shadow Ball|p2a: Suicune\n|-damage|p2a: Suicune|18/298\n|\n|-heal|p2a: Suicune|36/298|[from] item: Leftovers\n|upkeep\n|turn|24\n|inactive|strmz has 120 seconds left.\n|\n|t:|1781378557\n|move|p1a: Drifblim|Shadow Ball|p2a: Suicune\n|-damage|p2a: Suicune|0 fnt\n|faint|p2a: Suicune\n|\n|upkeep\n|inactive|strmz has 120 seconds left.\n|\n|t:|1781378569\n|switch|p2a: Donphan|Donphan, L84, F|288/288\n|-damage|p2a: Donphan|270/288|[from] Stealth Rock\n|turn|25\n|inactive|strmz has 120 seconds left.\n|\n|t:|1781378575\n|move|p1a: Drifblim|Strength Sap|p2a: Donphan\n|-unboost|p2a: Donphan|atk|1\n|-heal|p1a: Drifblim|398/398\n|move|p2a: Donphan|Earthquake|p1a: Drifblim\n|-damage|p1a: Drifblim|269/398\n|\n|upkeep\n|turn|26\n|\n|t:|1781378582\n|switch|p2a: Raikou|Raikou, L81|278/278\n|-damage|p2a: Raikou|244/278|[from] Stealth Rock\n|-ability|p2a: Raikou|Pressure\n|move|p1a: Drifblim|Shadow Ball|p2a: Raikou\n|-damage|p2a: Raikou|168/278\n|\n|upkeep\n|turn|27\n|\n|t:|1781378591\n|move|p2a: Raikou|Thunderbolt|p1a: Drifblim\n|-damage|p1a: Drifblim|41/398\n|move|p1a: Drifblim|Shadow Ball|p2a: Raikou\n|-damage|p2a: Raikou|90/278\n|\n|upkeep\n|turn|28\n|\n|t:|1781378597\n|move|p2a: Raikou|Thunderbolt|p1a: Drifblim\n|-damage|p1a: Drifblim|0 fnt\n|faint|p1a: Drifblim\n|\n|upkeep\n|\n|t:|1781378609\n|switch|p1a: Grumpig|Grumpig, L92, F|297/297\n|turn|29\n|\n|t:|1781378613\n|switch|p2a: Krookodile|Krookodile, L79, F|177/280\n|-damage|p2a: Krookodile|160/280|[from] Stealth Rock\n|-ability|p2a: Krookodile|Intimidate|boost\n|-unboost|p1a: Grumpig|atk|1\n|move|p1a: Grumpig|Psychic|p2a: Krookodile\n|-immune|p2a: Krookodile\n|\n|-heal|p2a: Krookodile|177/280|[from] item: Leftovers\n|upkeep\n|turn|30\n|\n|t:|1781378625\n|move|p1a: Grumpig|Dazzling Gleam|p2a: Krookodile\n|-supereffective|p2a: Krookodile\n|-damage|p2a: Krookodile|9/280\n|move|p2a: Krookodile|Knock Off|p1a: Grumpig\n|-supereffective|p1a: Grumpig\n|-damage|p1a: Grumpig|73/297\n|-enditem|p1a: Grumpig|Leftovers|[from] move: Knock Off|[of] p2a: Krookodile\n|\n|-heal|p2a: Krookodile|26/280|[from] item: Leftovers\n|upkeep\n|turn|31\n|\n|t:|1781378637\n|switch|p2a: Slowbro|Slowbro-Galar, L87, F|234/307\n|-damage|p2a: Slowbro|196/307|[from] Stealth Rock\n|move|p1a: Grumpig|Dazzling Gleam|p2a: Slowbro\n|-resisted|p2a: Slowbro\n|-damage|p2a: Slowbro|171/307\n|\n|upkeep\n|turn|32\n|\n|t:|1781378645\n|move|p1a: Grumpig|Shadow Ball|p2a: Slowbro\n|-supereffective|p2a: Slowbro\n|-damage|p2a: Slowbro|75/307\n|move|p2a: Slowbro|Shell Side Arm|p1a: Grumpig|[anim] Shell Side Arm Physical\n|-damage|p1a: Grumpig|0 fnt\n|-hint|Physical Shell Side Arm\n|faint|p1a: Grumpig\n|\n|upkeep\n|\n|t:|1781378648\n|switch|p1a: Phione|Phione, L91|293/293\n|turn|33\n|\n|t:|1781378658\n|switch|p2a: Donphan|Donphan, L84, F|270/288\n|-damage|p2a: Donphan|252/288|[from] Stealth Rock\n|move|p1a: Phione|Take Heart|p1a: Phione\n|-boost|p1a: Phione|spa|1\n|-boost|p1a: Phione|spd|1\n|\n|upkeep\n|turn|34\n|\n|t:|1781378670\n|move|p1a: Phione|Take Heart|p1a: Phione\n|-boost|p1a: Phione|spa|1\n|-boost|p1a: Phione|spd|1\n|move|p2a: Donphan|Knock Off|p1a: Phione\n|-crit|p1a: Phione\n|-damage|p1a: Phione|164/293\n|-enditem|p1a: Phione|Leftovers|[from] move: Knock Off|[of] p2a: Donphan\n|\n|upkeep\n|turn|35\n|\n|t:|1781378677\n|move|p1a: Phione|Scald|p2a: Donphan\n|-supereffective|p2a: Donphan\n|-crit|p2a: Donphan\n|-damage|p2a: Donphan|0 fnt\n|faint|p2a: Donphan\n|\n|upkeep\n|\n|t:|1781378684\n|switch|p2a: Raikou|Raikou, L81|90/278\n|-damage|p2a: Raikou|56/278|[from] Stealth Rock\n|-ability|p2a: Raikou|Pressure\n|turn|36\n|\n|t:|1781378692\n|move|p2a: Raikou|Thunderbolt|p1a: Phione\n|-supereffective|p1a: Phione\n|-damage|p1a: Phione|8/293\n|move|p1a: Phione|Scald|p2a: Raikou\n|-damage|p2a: Raikou|0 fnt\n|faint|p2a: Raikou\n|\n|upkeep\n|\n|t:|1781378699\n|switch|p2a: Slowbro|Slowbro-Galar, L87, F|177/307\n|-damage|p2a: Slowbro|139/307|[from] Stealth Rock\n|turn|37\n|\n|t:|1781378709\n|switch|p2a: Krookodile|Krookodile, L79, F|26/280\n|-damage|p2a: Krookodile|9/280|[from] Stealth Rock\n|-ability|p2a: Krookodile|Intimidate|boost\n|-unboost|p1a: Phione|atk|1\n|move|p1a: Phione|Scald|p2a: Krookodile\n|-supereffective|p2a: Krookodile\n|-damage|p2a: Krookodile|0 fnt\n|faint|p2a: Krookodile\n|\n|upkeep\n|\n|t:|1781378717\n|switch|p2a: Slowbro|Slowbro-Galar, L87, F|241/307\n|-damage|p2a: Slowbro|203/307|[from] Stealth Rock\n|turn|38\n|\n|t:|1781378725\n|move|p1a: Phione|Scald|p2a: Slowbro\n|-damage|p2a: Slowbro|67/307\n|move|p2a: Slowbro|Shell Side Arm|p1a: Phione|[anim] Shell Side Arm Physical\n|-damage|p1a: Phione|0 fnt\n|-hint|Physical Shell Side Arm\n|faint|p1a: Phione\n|\n|upkeep\n|\n|t:|1781378728\n|switch|p1a: Palafin|Palafin-Hero, L77, F|184/281 brn\n|turn|39\n|\n|t:|1781378738\n|move|p1a: Palafin|Wave Crash|p2a: Slowbro\n|-damage|p2a: Slowbro|0 fnt\n|faint|p2a: Slowbro\n|-damage|p1a: Palafin|162/281 brn|[from] Recoil\n|\n|win|Micael Lopes\n|raw|Micael Lopes's rating: 1566 &rarr; <strong>1584</strong><br />(+18 for winning)\n|raw|strmz's rating: 1536 &rarr; <strong>1518</strong><br />(-18 for losing)\n|l|\u2606strmz\n|player|p2|\n|c|\u2606Micael Lopes|**__Sexy game.__**\n", "uploadtime": 1781378751, "views": 6, "formatid": "gen9randombattle", "rating": 1518, "private": 0, "password": null}