{"id": "gen9randombattle-2631660190", "format": "[Gen 9] Random Battle", "players": ["Dlorktoro", "4lex111"], "log": "|j|\u2606Dlorktoro\n|j|\u26064lex111\n|t:|1781416711\n|gametype|singles\n|player|p1|Dlorktoro|crasherwake|1000\n|player|p2|4lex111|102|1050\n|gen|9\n|tier|[Gen 9] Random Battle\n|rated|\n|rule|Species Clause: Limit one of each Pok\u00e9mon\n|rule|HP Percentage Mod: HP is shown in percentages\n|rule|Sleep Clause Mod: Limit one foe put to sleep\n|rule|Illusion Level Mod: Illusion disguises the Pok\u00e9mon's true level\n|\n|t:|1781416711\n|teamsize|p1|6\n|teamsize|p2|6\n|start\n|switch|p1a: Swampert|Swampert, L83, M|302/302\n|switch|p2a: Deoxys|Deoxys-Defense, L84|221/221\n|-ability|p2a: Deoxys|Pressure\n|turn|1\n|\n|t:|1781416728\n|move|p2a: Deoxys|Stealth Rock|p1a: Swampert\n|-sidestart|p1: Dlorktoro|move: Stealth Rock\n|move|p1a: Swampert|Knock Off|p2a: Deoxys\n|-supereffective|p2a: Deoxys\n|-damage|p2a: Deoxys|129/221\n|-enditem|p2a: Deoxys|Leftovers|[from] move: Knock Off|[of] p1a: Swampert\n|\n|upkeep\n|turn|2\n|\n|t:|1781416740\n|move|p2a: Deoxys|Recover|p2a: Deoxys\n|-heal|p2a: Deoxys|221/221\n|move|p1a: Swampert|Earthquake|p2a: Deoxys\n|-damage|p2a: Deoxys|152/221\n|\n|upkeep\n|turn|3\n|\n|t:|1781416746\n|move|p2a: Deoxys|Knock Off|p1a: Swampert\n|-damage|p1a: Swampert|250/302\n|-enditem|p1a: Swampert|Leftovers|[from] move: Knock Off|[of] p2a: Deoxys\n|move|p1a: Swampert|Roar|p2a: Deoxys\n|drag|p2a: Roaring Moon|Roaring Moon, L72|270/270\n|\n|upkeep\n|turn|4\n|\n|t:|1781416761\n|move|p2a: Roaring Moon|Outrage|p1a: Swampert\n|-damage|p1a: Swampert|63/302\n|move|p1a: Swampert|Ice Beam|p2a: Roaring Moon\n|-supereffective|p2a: Roaring Moon\n|-damage|p2a: Roaring Moon|142/270\n|\n|upkeep\n|turn|5\n|\n|t:|1781416774\n|switch|p1a: Cobalion|Cobalion, L80|277/277\n|-damage|p1a: Cobalion|269/277|[from] Stealth Rock\n|move|p2a: Roaring Moon|Outrage|p1a: Cobalion|[from] lockedmove\n|-resisted|p1a: Cobalion\n|-crit|p1a: Cobalion\n|-damage|p1a: Cobalion|167/277\n|\n|-heal|p1a: Cobalion|184/277|[from] item: Leftovers\n|upkeep\n|turn|6\n|\n|t:|1781416786\n|move|p1a: Cobalion|Close Combat|p2a: Roaring Moon\n|-supereffective|p2a: Roaring Moon\n|-crit|p2a: Roaring Moon\n|-damage|p2a: Roaring Moon|0 fnt\n|-unboost|p1a: Cobalion|def|1\n|-unboost|p1a: Cobalion|spd|1\n|faint|p2a: Roaring Moon\n|-end|p2a: Roaring Moon|Protosynthesis|[silent]\n|\n|-heal|p1a: Cobalion|201/277|[from] item: Leftovers\n|upkeep\n|inactive|Battle timer is ON: inactive players will automatically lose when time's up. (requested by Dlorktoro)\n|\n|t:|1781416802\n|switch|p2a: Rhydon|Rhydon, L85, F|317/317\n|turn|7\n|\n|t:|1781416813\n|move|p1a: Cobalion|Taunt|p2a: Rhydon\n|-start|p2a: Rhydon|move: Taunt\n|move|p2a: Rhydon|Earthquake|p1a: Cobalion\n|-supereffective|p1a: Cobalion\n|-damage|p1a: Cobalion|0 fnt\n|faint|p1a: Cobalion\n|\n|upkeep\n|\n|t:|1781416819\n|switch|p1a: Feraligatr|Feraligatr, L79, M|264/264\n|-damage|p1a: Feraligatr|231/264|[from] Stealth Rock\n|turn|8\n|\n|t:|1781416830\n|switch|p2a: Deoxys|Deoxys-Defense, L84|152/221\n|-ability|p2a: Deoxys|Pressure\n|move|p1a: Feraligatr|Dragon Dance|p1a: Feraligatr\n|-boost|p1a: Feraligatr|atk|1\n|-boost|p1a: Feraligatr|spe|1\n|\n|upkeep\n|turn|9\n|\n|t:|1781416843\n|move|p1a: Feraligatr|Liquidation|p2a: Deoxys\n|-damage|p2a: Deoxys|6/221\n|move|p2a: Deoxys|Knock Off|p1a: Feraligatr\n|-damage|p1a: Feraligatr|176/264\n|-enditem|p1a: Feraligatr|Life Orb|[from] move: Knock Off|[of] p2a: Deoxys\n|\n|upkeep\n|turn|10\n|\n|t:|1781416867\n|move|p1a: Feraligatr|Trailblaze|p2a: Deoxys\n|-damage|p2a: Deoxys|0 fnt\n|faint|p2a: Deoxys\n|\n|upkeep\n|\n|t:|1781416876\n|switch|p2a: Mightyena|Mightyena, L96, M|290/290\n|-ability|p2a: Mightyena|Intimidate|boost\n|-unboost|p1a: Feraligatr|atk|1\n|turn|11\n|\n|t:|1781416886\n|move|p2a: Mightyena|Sucker Punch|p1a: Feraligatr\n|-damage|p1a: Feraligatr|85/264\n|move|p1a: Feraligatr|Liquidation|p2a: Mightyena\n|-damage|p2a: Mightyena|185/290\n|\n|upkeep\n|turn|12\n|\n|t:|1781416907\n|switch|p1a: Amoonguss|Amoonguss, L82, F|321/321\n|-damage|p1a: Amoonguss|281/321|[from] Stealth Rock\n|move|p2a: Mightyena|Play Rough|p1a: Amoonguss\n|-resisted|p1a: Amoonguss\n|-damage|p1a: Amoonguss|236/321\n|-damage|p2a: Mightyena|137/290|[from] item: Rocky Helmet|[of] p1a: Amoonguss\n|\n|upkeep\n|turn|13\n|\n|t:|1781416922\n|move|p2a: Mightyena|Sucker Punch||[still]\n|-fail|p2a: Mightyena\n|move|p1a: Amoonguss|Spore|p2a: Mightyena\n|-status|p2a: Mightyena|slp|[from] move: Spore\n|\n|upkeep\n|turn|14\n|\n|t:|1781416932\n|cant|p2a: Mightyena|slp\n|move|p1a: Amoonguss|Sludge Bomb|p2a: Mightyena\n|-damage|p2a: Mightyena|74/290 slp\n|\n|upkeep\n|turn|15\n|\n|t:|1781416937\n|cant|p2a: Mightyena|slp\n|move|p1a: Amoonguss|Sludge Bomb|p2a: Mightyena\n|-damage|p2a: Mightyena|5/290 slp\n|\n|upkeep\n|turn|16\n|\n|t:|1781416946\n|switch|p2a: Granbull|Granbull, L88, M|302/302\n|-ability|p2a: Granbull|Intimidate|boost\n|-unboost|p1a: Amoonguss|atk|1\n|move|p1a: Amoonguss|Giga Drain|p2a: Granbull\n|-damage|p2a: Granbull|214/302\n|-heal|p1a: Amoonguss|280/321|[from] drain|[of] p2a: Granbull\n|\n|-heal|p2a: Granbull|232/302|[from] item: Leftovers\n|upkeep\n|turn|17\n|\n|t:|1781416958\n|move|p2a: Granbull|Earthquake|p1a: Amoonguss\n|-damage|p1a: Amoonguss|174/321\n|move|p1a: Amoonguss|Sludge Bomb|p2a: Granbull\n|-supereffective|p2a: Granbull\n|-damage|p2a: Granbull|16/302\n|\n|-heal|p2a: Granbull|34/302|[from] item: Leftovers\n|upkeep\n|turn|18\n|\n|t:|1781416974\n|move|p2a: Granbull|Earthquake|p1a: Amoonguss\n|-damage|p1a: Amoonguss|70/321\n|move|p1a: Amoonguss|Giga Drain|p2a: Granbull\n|-damage|p2a: Granbull|0 fnt\n|-heal|p1a: Amoonguss|87/321|[from] drain|[of] p2a: Granbull\n|faint|p2a: Granbull\n|\n|upkeep\n|\n|t:|1781416982\n|switch|p2a: Primarina|Primarina, L83, M|268/268\n|turn|19\n|\n|t:|1781416994\n|move|p2a: Primarina|Psychic|p1a: Amoonguss\n|-supereffective|p1a: Amoonguss\n|-damage|p1a: Amoonguss|0 fnt\n|faint|p1a: Amoonguss\n|\n|upkeep\n|\n|t:|1781417003\n|switch|p1a: Magmortar|Magmortar, L88, F|275/275\n|turn|20\n|\n|t:|1781417009\n|-terastallize|p1a: Magmortar|Electric\n|move|p1a: Magmortar|Thunderbolt|p2a: Primarina\n|-supereffective|p2a: Primarina\n|-damage|p2a: Primarina|70/268\n|move|p2a: Primarina|Sparkling Aria|p1a: Magmortar\n|-damage|p1a: Magmortar|112/275\n|\n|-heal|p2a: Primarina|86/268|[from] item: Leftovers\n|upkeep\n|turn|21\n|\n|t:|1781417024\n|-terastallize|p2a: Primarina|Poison\n|move|p1a: Magmortar|Thunderbolt|p2a: Primarina\n|-damage|p2a: Primarina|0 fnt\n|faint|p2a: Primarina\n|\n|upkeep\n|\n|t:|1781417030\n|switch|p2a: Rhydon|Rhydon, L85, F|317/317\n|turn|22\n|\n|t:|1781417034\n|move|p1a: Magmortar|Knock Off|p2a: Rhydon\n|-damage|p2a: Rhydon|278/317\n|-enditem|p2a: Rhydon|Eviolite|[from] move: Knock Off|[of] p1a: Magmortar\n|move|p2a: Rhydon|Earthquake|p1a: Magmortar\n|-supereffective|p1a: Magmortar\n|-damage|p1a: Magmortar|0 fnt\n|faint|p1a: Magmortar\n|\n|upkeep\n|\n|t:|1781417039\n|switch|p1a: Swampert|Swampert, L83, M|63/302\n|-damage|p1a: Swampert|45/302|[from] Stealth Rock\n|turn|23\n|\n|t:|1781417047\n|move|p1a: Swampert|Earthquake|p2a: Rhydon\n|-supereffective|p2a: Rhydon\n|-damage|p2a: Rhydon|102/317\n|move|p2a: Rhydon|Earthquake|p1a: Swampert\n|-damage|p1a: Swampert|0 fnt\n|faint|p1a: Swampert\n|\n|upkeep\n|\n|t:|1781417061\n|switch|p1a: Feraligatr|Feraligatr, L79, M|85/264\n|-damage|p1a: Feraligatr|52/264|[from] Stealth Rock\n|turn|24\n|\n|t:|1781417074\n|move|p1a: Feraligatr|Liquidation|p2a: Rhydon\n|-supereffective|p2a: Rhydon\n|-damage|p2a: Rhydon|0 fnt\n|faint|p2a: Rhydon\n|\n|upkeep\n|\n|t:|1781417079\n|switch|p2a: Mightyena|Mightyena, L96, M|5/290 slp\n|-ability|p2a: Mightyena|Intimidate|boost\n|-unboost|p1a: Feraligatr|atk|1\n|turn|25\n|\n|t:|1781417099\n|-curestatus|p2a: Mightyena|slp|[msg]\n|move|p2a: Mightyena|Sucker Punch|p1a: Feraligatr\n|-damage|p1a: Feraligatr|0 fnt\n|faint|p1a: Feraligatr\n|\n|upkeep\n|\n|t:|1781417104\n|switch|p1a: Articuno|Articuno-Galar, L84|288/288\n|turn|26\n|\n|t:|1781417111\n|move|p1a: Articuno|Hurricane|p2a: Mightyena|[miss]\n|-miss|p1a: Articuno|p2a: Mightyena\n|move|p2a: Mightyena|Throat Chop|p1a: Articuno\n|-supereffective|p1a: Articuno\n|-damage|p1a: Articuno|66/288\n|-start|p1a: Articuno|Throat Chop|[silent]\n|\n|upkeep\n|turn|27\n|\n|t:|1781417119\n|move|p2a: Mightyena|Sucker Punch|p1a: Articuno\n|-supereffective|p1a: Articuno\n|-damage|p1a: Articuno|0 fnt\n|faint|p1a: Articuno\n|\n|win|4lex111\n|raw|Dlorktoro's rating: 1105 &rarr; <strong>1076</strong><br />(-29 for losing)\n|raw|4lex111's rating: 1050 &rarr; <strong>1088</strong><br />(+38 for winning)\n|l|\u2606Dlorktoro\n|player|p1|\n", "inputlog": ">version a8376a258c1d4662feba110a92103f3664a72141\n>start {\"formatid\":\"gen9randombattle\",\"seed\":\"sodium,da0889665c7042f45f8c44046f485f86\",\"rated\":\"Rated battle\"}\n>player p1 {\"name\":\"Dlorktoro\",\"avatar\":\"crasherwake\",\"rating\":1000,\"seed\":\"sodium,437b0e843a0e1aa70b0ac79ba634a977\"}\n>player p2 {\"name\":\"4lex111\",\"avatar\":\"102\",\"rating\":1050,\"seed\":\"sodium,082bbbb60f0e54ff82f3298321272b93\"}\n>p1 move knockoff\n>p2 move stealthrock\n>p1 move earthquake\n>p2 move recover\n>p1 move roar\n>p2 move knockoff\n>p1 move icebeam\n>p2 move outrage\n>p1 switch 2\n>p2 move outrage\n>p1 move closecombat\n>p2 move outrage\n>p2 switch 5\n>p1 move taunt\n>p2 move earthquake\n>p1 switch 6\n>p1 move dragondance\n>p2 switch 2\n>p1 move liquidation\n>p2 move knockoff\n>p1 move trailblaze\n>p2 move recover\n>p2 switch 4\n>p1 move liquidation\n>p2 move suckerpunch\n>p1 switch 5\n>p2 move playrough\n>p1 move spore\n>p2 move suckerpunch\n>p1 move sludgebomb\n>p2 move suckerpunch\n>p1 move sludgebomb\n>p2 move suckerpunch\n>p1 move gigadrain\n>p2 switch 3\n>p1 move sludgebomb\n>p2 move earthquake\n>p1 move gigadrain\n>p2 move earthquake\n>p2 switch 6\n>p1 move gigadrain\n>p2 move psychic\n>p1 switch 3\n>p1 move thunderbolt terastallize\n>p2 move sparklingaria\n>p1 move thunderbolt\n>p2 move sparklingaria terastallize\n>p2 switch 2\n>p1 move knockoff\n>p2 move earthquake\n>p1 switch 2\n>p1 move earthquake\n>p2 move earthquake\n>p1 switch 5\n>p1 move liquidation\n>p2 move stoneedge\n>p2 switch 3\n>p1 move liquidation\n>p2 move suckerpunch\n>p1 switch 4\n>p1 move hurricane\n>p2 move throatchop\n>p1 move hurricane\n>p2 move suckerpunch", "uploadtime": 1781417134, "views": 15, "formatid": "gen9randombattle", "rating": 1076, "private": 0, "password": null}