{"id": "gen9randombattle-2631543722", "format": "[Gen 9] Random Battle", "players": ["Jardenat", "El professional"], "log": "|j|\u2606Jardenat\n|j|\u2606El professional\n|t:|1781399107\n|gametype|singles\n|player|p1|Jardenat|marlon|2041\n|player|p2|El professional|170|2092\n|gen|9\n|tier|[Gen 9] Random Battle\n|rated|\n|rule|Species Clause: Limit one of each Pok\u00e9mon\n|rule|HP Percentage Mod: HP is shown in percentages\n|rule|Sleep Clause Mod: Limit one foe put to sleep\n|rule|Illusion Level Mod: Illusion disguises the Pok\u00e9mon's true level\n|\n|t:|1781399107\n|teamsize|p1|6\n|teamsize|p2|6\n|start\n|switch|p1a: Crawdaunt|Crawdaunt, L84, M|243/243\n|switch|p2a: Braviary|Braviary, L85, M|309/309\n|turn|1\n|inactive|Battle timer is ON: inactive players will automatically lose when time's up. (requested by El professional)\n|inactive|Jardenat has 120 seconds left.\n|\n|t:|1781399168\n|switch|p1a: Dusknoir|Dusknoir, L89, M|225/225\n|-item|p2a: Braviary|Heavy-Duty Boots|[from] ability: Frisk|[of] p1a: Dusknoir\n|move|p2a: Braviary|Bulk Up|p2a: Braviary\n|-boost|p2a: Braviary|atk|1\n|-boost|p2a: Braviary|def|1\n|\n|upkeep\n|turn|2\n|\n|t:|1781399176\n|switch|p2a: Gouging Fire|Gouging Fire, L74|277/277\n|move|p1a: Dusknoir|Will-O-Wisp|p2a: Gouging Fire|[miss]\n|-miss|p1a: Dusknoir|p2a: Gouging Fire\n|\n|upkeep\n|turn|3\n|inactive|Jardenat has 120 seconds left.\n|\n|t:|1781399210\n|switch|p1a: Arbok|Arbok, L87, F|246/246\n|-ability|p1a: Arbok|Intimidate|boost\n|-unboost|p2a: Gouging Fire|atk|1\n|move|p2a: Gouging Fire|Dragon Dance|p2a: Gouging Fire\n|-boost|p2a: Gouging Fire|atk|1\n|-boost|p2a: Gouging Fire|spe|1\n|\n|upkeep\n|turn|4\n|\n|t:|1781399216\n|move|p2a: Gouging Fire|Dragon Dance|p2a: Gouging Fire\n|-boost|p2a: Gouging Fire|atk|1\n|-boost|p2a: Gouging Fire|spe|1\n|move|p1a: Arbok|Glare|p2a: Gouging Fire\n|-status|p2a: Gouging Fire|par\n|\n|upkeep\n|turn|5\n|\n|t:|1781399229\n|move|p1a: Arbok|Gunk Shot|p2a: Gouging Fire\n|-damage|p2a: Gouging Fire|160/277 par\n|cant|p2a: Gouging Fire|par\n|\n|upkeep\n|turn|6\n|\n|t:|1781399236\n|move|p1a: Arbok|Gunk Shot|p2a: Gouging Fire|[miss]\n|-miss|p1a: Arbok|p2a: Gouging Fire\n|move|p2a: Gouging Fire|Dragon Dance|p2a: Gouging Fire\n|-boost|p2a: Gouging Fire|atk|1\n|-boost|p2a: Gouging Fire|spe|1\n|\n|upkeep\n|turn|7\n|\n|t:|1781399238\n|move|p2a: Gouging Fire|Earthquake|p1a: Arbok\n|-supereffective|p1a: Arbok\n|-damage|p1a: Arbok|0 fnt\n|faint|p1a: Arbok\n|\n|upkeep\n|\n|t:|1781399251\n|switch|p1a: Grumpig|Grumpig, L92, F|297/297\n|turn|8\n|\n|t:|1781399263\n|move|p2a: Gouging Fire|Outrage|p1a: Grumpig\n|-damage|p1a: Grumpig|39/297\n|move|p1a: Grumpig|Earth Power|p2a: Gouging Fire\n|-supereffective|p2a: Gouging Fire\n|-damage|p2a: Gouging Fire|4/277 par\n|\n|-heal|p1a: Grumpig|57/297|[from] item: Leftovers\n|upkeep\n|turn|9\n|\n|t:|1781399271\n|move|p2a: Gouging Fire|Outrage|p1a: Grumpig|[from] lockedmove\n|-damage|p1a: Grumpig|0 fnt\n|faint|p1a: Grumpig\n|-start|p2a: Gouging Fire|confusion|[fatigue]\n|\n|upkeep\n|\n|t:|1781399276\n|switch|p1a: Crawdaunt|Crawdaunt, L84, M|243/243\n|turn|10\n|\n|t:|1781399279\n|move|p1a: Crawdaunt|Aqua Jet|p2a: Gouging Fire\n|-damage|p2a: Gouging Fire|0 fnt\n|faint|p2a: Gouging Fire\n|-end|p2a: Gouging Fire|Protosynthesis|[silent]\n|-damage|p1a: Crawdaunt|219/243|[from] item: Life Orb\n|\n|upkeep\n|\n|t:|1781399302\n|switch|p2a: Yanmega|Yanmega, L82, F|275/275\n|turn|11\n|inactive|Jardenat has 120 seconds left.\n|\n|t:|1781399332\n|switch|p1a: Dusknoir|Dusknoir, L89, M|225/225\n|-item|p2a: Yanmega|Heavy-Duty Boots|[from] ability: Frisk|[of] p1a: Dusknoir\n|move|p2a: Yanmega|Bug Buzz|p1a: Dusknoir\n|-resisted|p1a: Dusknoir\n|-damage|p1a: Dusknoir|193/225\n|-unboost|p1a: Dusknoir|spd|1\n|\n|-heal|p1a: Dusknoir|207/225|[from] item: Leftovers\n|-ability|p2a: Yanmega|Speed Boost|boost\n|-boost|p2a: Yanmega|spe|1\n|upkeep\n|turn|12\n|\n|t:|1781399343\n|move|p2a: Yanmega|Air Slash|p1a: Dusknoir\n|-damage|p1a: Dusknoir|117/225\n|cant|p1a: Dusknoir|flinch\n|\n|-heal|p1a: Dusknoir|131/225|[from] item: Leftovers\n|-ability|p2a: Yanmega|Speed Boost|boost\n|-boost|p2a: Yanmega|spe|1\n|upkeep\n|turn|13\n|\n|t:|1781399355\n|move|p2a: Yanmega|Air Slash|p1a: Dusknoir\n|-damage|p1a: Dusknoir|44/225\n|cant|p1a: Dusknoir|flinch\n|\n|-heal|p1a: Dusknoir|58/225|[from] item: Leftovers\n|-ability|p2a: Yanmega|Speed Boost|boost\n|-boost|p2a: Yanmega|spe|1\n|upkeep\n|turn|14\n|\n|t:|1781399361\n|move|p2a: Yanmega|Air Slash|p1a: Dusknoir\n|-damage|p1a: Dusknoir|0 fnt\n|faint|p1a: Dusknoir\n|\n|-ability|p2a: Yanmega|Speed Boost|boost\n|-boost|p2a: Yanmega|spe|1\n|upkeep\n|\n|t:|1781399369\n|switch|p1a: Crabominable|Crabominable, L90, M|321/321\n|turn|15\n|\n|t:|1781399373\n|-terastallize|p1a: Crabominable|Ground\n|move|p2a: Yanmega|Protect|p2a: Yanmega\n|-singleturn|p2a: Yanmega|Protect\n|move|p1a: Crabominable|Ice Hammer|p2a: Yanmega\n|-activate|p2a: Yanmega|move: Protect\n|\n|-ability|p2a: Yanmega|Speed Boost|boost\n|-boost|p2a: Yanmega|spe|1\n|upkeep\n|turn|16\n|\n|t:|1781399382\n|switch|p2a: Crabominable|Crabominable, L90, M|321/321\n|move|p1a: Crabominable|Ice Hammer|p2a: Crabominable\n|-resisted|p2a: Crabominable\n|-damage|p2a: Crabominable|168/321\n|-unboost|p1a: Crabominable|spe|1\n|\n|upkeep\n|turn|17\n|\n|t:|1781399387\n|switch|p1a: Crawdaunt|Crawdaunt, L84, M|219/243\n|move|p2a: Crabominable|Drain Punch|p1a: Crawdaunt\n|-supereffective|p1a: Crawdaunt\n|-damage|p1a: Crawdaunt|0 fnt\n|-heal|p2a: Crabominable|278/321|[from] drain|[of] p1a: Crawdaunt\n|faint|p1a: Crawdaunt\n|\n|upkeep\n|\n|t:|1781399391\n|switch|p1a: Infernape|Infernape, L82, M|259/259\n|turn|18\n|\n|t:|1781399396\n|move|p1a: Infernape|Close Combat|p2a: Crabominable\n|-supereffective|p2a: Crabominable\n|-damage|p2a: Crabominable|0 fnt\n|-unboost|p1a: Infernape|def|1\n|-unboost|p1a: Infernape|spd|1\n|faint|p2a: Crabominable\n|-damage|p1a: Infernape|234/259|[from] item: Life Orb\n|\n|upkeep\n|\n|t:|1781399402\n|switch|p2a: Braviary|Braviary, L85, M|309/309\n|turn|19\n|inactive|Jardenat has 120 seconds left.\n|\n|t:|1781399435\n|move|p1a: Infernape|Overheat|p2a: Braviary\n|-crit|p2a: Braviary\n|-damage|p2a: Braviary|15/309\n|-unboost|p1a: Infernape|spa|2\n|-damage|p1a: Infernape|209/259|[from] item: Life Orb\n|move|p2a: Braviary|Brave Bird|p1a: Infernape\n|-supereffective|p1a: Infernape\n|-damage|p1a: Infernape|0 fnt\n|faint|p1a: Infernape\n|-damage|p2a: Braviary|0 fnt|[from] Recoil\n|faint|p2a: Braviary\n|\n|upkeep\n|inactive|Jardenat has 120 seconds left.\n|\n|t:|1781399451\n|switch|p1a: Crabominable|Crabominable, L90, M, tera:Ground|321/321\n|switch|p2a: Meowscarada|Meowscarada, L78, M|247/247\n|turn|20\n|\n|t:|1781399459\n|move|p2a: Meowscarada|Knock Off|p1a: Crabominable\n|-start|p2a: Meowscarada|typechange|Dark|[from] ability: Protean\n|-damage|p1a: Crabominable|181/321\n|-enditem|p1a: Crabominable|Choice Band|[from] move: Knock Off|[of] p2a: Meowscarada\n|-damage|p2a: Meowscarada|223/247|[from] item: Life Orb\n|move|p1a: Crabominable|Ice Hammer|p2a: Meowscarada\n|-damage|p2a: Meowscarada|0 fnt\n|-unboost|p1a: Crabominable|spe|1\n|faint|p2a: Meowscarada\n|\n|upkeep\n|\n|t:|1781399462\n|switch|p2a: Meloetta|Meloetta, L82|298/298\n|turn|21\n|\n|t:|1781399473\n|-terastallize|p2a: Meloetta|Normal\n|move|p2a: Meloetta|Hyper Voice|p1a: Crabominable\n|-damage|p1a: Crabominable|0 fnt\n|faint|p1a: Crabominable\n|\n|win|El professional\n", "inputlog": ">version a8376a258c1d4662feba110a92103f3664a72141\n>start {\"formatid\":\"gen9randombattle\",\"seed\":\"sodium,f8fa8541a9c41bf74233948e9b4d8cf7\",\"rated\":\"Rated battle\"}\n>player p1 {\"name\":\"Jardenat\",\"avatar\":\"marlon\",\"rating\":2041,\"seed\":\"sodium,d50b7992745ac006502e22ef42edb04f\"}\n>player p2 {\"name\":\"El professional\",\"avatar\":\"170\",\"rating\":2092,\"seed\":\"sodium,78e97f1ee74c4eb9419bfedde2aa0ac4\"}\n>p1 switch 4\n>p2 move bulkup\n>p1 move willowisp\n>p2 switch 5\n>p1 switch 2\n>p2 move dragondance\n>p1 move glare\n>p2 move dragondance\n>p1 move gunkshot\n>p2 move dragondance\n>p1 move gunkshot\n>p2 move dragondance\n>p1 move gunkshot\n>p2 move earthquake\n>p1 switch 3\n>p1 move earthpower\n>p2 move outrage\n>p1 move earthpower\n>p2 move outrage\n>p1 switch 4\n>p1 move aquajet\n>p2 move outrage\n>p2 switch 3\n>p1 switch 2\n>p2 move bugbuzz\n>p1 move poltergeist\n>p2 move airslash\n>p1 move painsplit\n>p2 move airslash\n>p1 move painsplit\n>p2 move airslash\n>p1 switch 6\n>p1 move icehammer terastallize\n>p2 move protect\n>p1 move icehammer\n>p2 switch 4\n>p1 switch 2\n>p2 move drainpunch\n>p1 switch 5\n>p1 move closecombat\n>p2 move drainpunch\n>p2 switch 5\n>p1 move overheat\n>p2 move bravebird\n>p1 switch 2\n>p2 switch 2\n>p1 move icehammer\n>p2 move knockoff\n>p2 switch 6\n>p1 move icehammer\n>p2 move hypervoice terastallize", "uploadtime": 1781399109, "views": 7, "formatid": "gen9randombattle", "rating": null, "private": 0, "password": null}