{"id": "gen9randombattle-2631598170", "format": "[Gen 9] Random Battle", "players": ["personanongrattata", "Boogey"], "log": "|j|\u2606personanongrattata\n|j|\u2606Boogey\n|t:|1781406614\n|gametype|singles\n|player|p1|personanongrattata|youngster-gen4dp|1963\n|player|p2|Boogey|265|2002\n|gen|9\n|tier|[Gen 9] Random Battle\n|rated|\n|rule|Species Clause: Limit one of each Pok\u00e9mon\n|rule|HP Percentage Mod: HP is shown in percentages\n|rule|Sleep Clause Mod: Limit one foe put to sleep\n|rule|Illusion Level Mod: Illusion disguises the Pok\u00e9mon's true level\n|\n|t:|1781406614\n|teamsize|p1|6\n|teamsize|p2|6\n|start\n|switch|p1a: Spectrier|Spectrier, L75|274/274\n|switch|p2a: Iron Treads|Iron Treads, L77|265/265\n|turn|1\n|inactive|Battle timer is ON: inactive players will automatically lose when time's up. (requested by personanongrattata)\n|\n|t:|1781406626\n|switch|p1a: Gogoat|Gogoat, L88, F|360/360\n|move|p2a: Iron Treads|Earthquake|p1a: Gogoat\n|-resisted|p1a: Gogoat\n|-damage|p1a: Gogoat|297/360\n|\n|-heal|p1a: Gogoat|319/360|[from] item: Leftovers\n|upkeep\n|turn|2\n|\n|t:|1781406630\n|-end|p2a: Iron Treads|Quark Drive|[silent]\n|switch|p2a: Granbull|Granbull, L88, F|302/302\n|-ability|p2a: Granbull|Intimidate|boost\n|-unboost|p1a: Gogoat|atk|1\n|move|p1a: Gogoat|Earthquake|p2a: Granbull\n|-damage|p2a: Granbull|247/302\n|\n|-heal|p1a: Gogoat|341/360|[from] item: Leftovers\n|-heal|p2a: Granbull|265/302|[from] item: Leftovers\n|upkeep\n|turn|3\n|\n|t:|1781406643\n|switch|p1a: Scizor|Scizor, L79, M|240/240\n|move|p2a: Granbull|Thunder Wave|p1a: Scizor|[miss]\n|-miss|p2a: Granbull|p1a: Scizor\n|\n|-heal|p2a: Granbull|283/302|[from] item: Leftovers\n|upkeep\n|turn|4\n|\n|t:|1781406658\n|switch|p2a: Iron Treads|Iron Treads, L77|265/265\n|move|p1a: Scizor|Knock Off|p2a: Iron Treads\n|-damage|p2a: Iron Treads|171/265\n|-enditem|p2a: Iron Treads|Leftovers|[from] move: Knock Off|[of] p1a: Scizor\n|-damage|p1a: Scizor|216/240|[from] item: Life Orb\n|\n|upkeep\n|turn|5\n|\n|t:|1781406661\n|switch|p1a: Gogoat|Gogoat, L88, F|341/360\n|move|p2a: Iron Treads|Earthquake|p1a: Gogoat\n|-resisted|p1a: Gogoat\n|-damage|p1a: Gogoat|278/360\n|\n|-heal|p1a: Gogoat|300/360|[from] item: Leftovers\n|upkeep\n|turn|6\n|\n|t:|1781406666\n|move|p2a: Iron Treads|Stealth Rock|p1a: Gogoat\n|-sidestart|p1: personanongrattata|move: Stealth Rock\n|move|p1a: Gogoat|Horn Leech|p2a: Iron Treads\n|-damage|p2a: Iron Treads|90/265\n|-heal|p1a: Gogoat|341/360|[from] drain|[of] p2a: Iron Treads\n|\n|-heal|p1a: Gogoat|360/360|[from] item: Leftovers\n|upkeep\n|turn|7\n|\n|t:|1781406669\n|-end|p2a: Iron Treads|Quark Drive|[silent]\n|switch|p2a: Granbull|Granbull, L88, F|283/302\n|-ability|p2a: Granbull|Intimidate|boost\n|-unboost|p1a: Gogoat|atk|1\n|move|p1a: Gogoat|Bulk Up|p1a: Gogoat\n|-boost|p1a: Gogoat|atk|1\n|-boost|p1a: Gogoat|def|1\n|\n|-heal|p2a: Granbull|301/302|[from] item: Leftovers\n|upkeep\n|turn|8\n|\n|t:|1781406673\n|move|p1a: Gogoat|Horn Leech|p2a: Granbull\n|-damage|p2a: Granbull|199/302\n|move|p2a: Granbull|Thunder Wave|p1a: Gogoat\n|-status|p1a: Gogoat|par\n|\n|-heal|p2a: Granbull|217/302|[from] item: Leftovers\n|upkeep\n|turn|9\n|\n|t:|1781406679\n|move|p1a: Gogoat|Horn Leech|p2a: Granbull\n|-damage|p2a: Granbull|120/302\n|move|p2a: Granbull|Roar|p1a: Gogoat\n|drag|p1a: Spectrier|Spectrier, L75|274/274\n|-damage|p1a: Spectrier|240/274|[from] Stealth Rock\n|\n|-heal|p2a: Granbull|138/302|[from] item: Leftovers\n|upkeep\n|turn|10\n|\n|t:|1781406687\n|switch|p2a: Kleavor|Kleavor, L78, F|237/237\n|move|p1a: Spectrier|Shadow Ball|p2a: Kleavor\n|-damage|p2a: Kleavor|65/237\n|-damage|p1a: Spectrier|213/274|[from] item: Life Orb\n|\n|upkeep\n|turn|11\n|\n|t:|1781406697\n|switch|p1a: Scizor|Scizor, L79, M|216/240\n|-damage|p1a: Scizor|186/240|[from] Stealth Rock\n|move|p2a: Kleavor|Stone Axe|p1a: Scizor|[miss]\n|-miss|p2a: Kleavor|p1a: Scizor\n|\n|upkeep\n|turn|12\n|\n|t:|1781406705\n|switch|p2a: Iron Treads|Iron Treads, L77|90/265\n|move|p1a: Scizor|Knock Off|p2a: Iron Treads\n|-damage|p2a: Iron Treads|30/265\n|-damage|p1a: Scizor|162/240|[from] item: Life Orb\n|\n|upkeep\n|turn|13\n|\n|t:|1781406716\n|move|p1a: Scizor|Bullet Punch|p2a: Iron Treads\n|-resisted|p2a: Iron Treads\n|-damage|p2a: Iron Treads|0 fnt\n|faint|p2a: Iron Treads\n|-end|p2a: Iron Treads|Quark Drive|[silent]\n|-damage|p1a: Scizor|138/240|[from] item: Life Orb\n|\n|upkeep\n|\n|t:|1781406724\n|switch|p2a: Oricorio|Oricorio-Pa'u, L87, M|272/272\n|turn|14\n|inactive|personanongrattata has 120 seconds left.\n|\n|t:|1781406759\n|move|p2a: Oricorio|Hurricane|p1a: Scizor\n|-damage|p1a: Scizor|5/240\n|move|p1a: Scizor|Knock Off|p2a: Oricorio\n|-supereffective|p2a: Oricorio\n|-damage|p2a: Oricorio|41/272\n|-enditem|p2a: Oricorio|Heavy-Duty Boots|[from] move: Knock Off|[of] p1a: Scizor\n|-damage|p1a: Scizor|0 fnt|[from] item: Life Orb\n|faint|p1a: Scizor\n|\n|upkeep\n|\n|t:|1781406763\n|switch|p1a: Spectrier|Spectrier, L75|213/274\n|-damage|p1a: Spectrier|179/274|[from] Stealth Rock\n|turn|15\n|inactive|Boogey has 120 seconds left.\n|\n|t:|1781406809\n|move|p1a: Spectrier|Draining Kiss|p2a: Oricorio\n|-damage|p2a: Oricorio|0 fnt\n|-heal|p1a: Spectrier|210/274|[from] drain|[of] p2a: Oricorio\n|faint|p2a: Oricorio\n|-ability|p1a: Spectrier|Grim Neigh|boost\n|-boost|p1a: Spectrier|spa|1\n|-damage|p1a: Spectrier|183/274|[from] item: Life Orb\n|\n|upkeep\n|\n|t:|1781406813\n|switch|p2a: Kleavor|Kleavor, L78, F|65/237\n|turn|16\n|inactive|personanongrattata has 120 seconds left.\n|\n|t:|1781406856\n|switch|p1a: Gogoat|Gogoat, L88, F|360/360 par\n|-damage|p1a: Gogoat|315/360 par|[from] Stealth Rock\n|move|p2a: Kleavor|Stone Axe|p1a: Gogoat\n|-damage|p1a: Gogoat|165/360 par\n|\n|-heal|p1a: Gogoat|187/360 par|[from] item: Leftovers\n|upkeep\n|turn|17\n|inactive|Boogey has 120 seconds left.\n|\n|t:|1781406867\n|switch|p2a: Froslass|Froslass, L87, F|263/263\n|move|p1a: Gogoat|Milk Drink|p1a: Gogoat\n|-heal|p1a: Gogoat|360/360 par\n|\n|upkeep\n|turn|18\n|\n|t:|1781406875\n|switch|p1a: Glastrier|Glastrier, L86|312/312\n|move|p2a: Froslass|Triple Axel|p1a: Glastrier\n|-resisted|p1a: Glastrier\n|-damage|p1a: Glastrier|305/312\n|-resisted|p1a: Glastrier\n|-damage|p1a: Glastrier|291/312\n|-resisted|p1a: Glastrier\n|-damage|p1a: Glastrier|270/312\n|-hitcount|p1a: Glastrier|3\n|\n|upkeep\n|turn|19\n|\n|t:|1781406880\n|switch|p2a: Granbull|Granbull, L88, F|138/302\n|-ability|p2a: Granbull|Intimidate|boost\n|-unboost|p1a: Glastrier|atk|1\n|move|p1a: Glastrier|High Horsepower|p2a: Granbull|[miss]\n|-miss|p1a: Glastrier|p2a: Granbull\n|\n|-heal|p2a: Granbull|156/302|[from] item: Leftovers\n|upkeep\n|turn|20\n|inactive|personanongrattata has 120 seconds left.\n|\n|t:|1781406923\n|move|p2a: Granbull|Play Rough|p1a: Glastrier\n|-damage|p1a: Glastrier|185/312\n|move|p1a: Glastrier|Icicle Crash|p2a: Granbull\n|-damage|p2a: Granbull|71/302\n|\n|-heal|p2a: Granbull|89/302|[from] item: Leftovers\n|upkeep\n|turn|21\n|\n|t:|1781406929\n|move|p2a: Granbull|Play Rough|p1a: Glastrier\n|-damage|p1a: Glastrier|89/312\n|move|p1a: Glastrier|Icicle Crash|p2a: Granbull\n|-crit|p2a: Granbull\n|-damage|p2a: Granbull|0 fnt\n|faint|p2a: Granbull\n|-ability|p1a: Glastrier|Chilling Neigh|boost\n|-boost|p1a: Glastrier|atk|1\n|\n|upkeep\n|\n|t:|1781406935\n|switch|p2a: Kleavor|Kleavor, L78, F|65/237\n|turn|22\n|inactive|personanongrattata has 120 seconds left.\n|\n|t:|1781406948\n|move|p2a: Kleavor|Stone Axe|p1a: Glastrier\n|-supereffective|p1a: Glastrier\n|-crit|p1a: Glastrier\n|-damage|p1a: Glastrier|0 fnt\n|faint|p1a: Glastrier\n|\n|upkeep\n|inactive|personanongrattata has 120 seconds left.\n|\n|t:|1781406962\n|switch|p1a: Gogoat|Gogoat, L88, F|360/360 par\n|-damage|p1a: Gogoat|315/360 par|[from] Stealth Rock\n|turn|23\n|\n|t:|1781406969\n|switch|p2a: Lilligant|Lilligant-Hisui, L79, F|240/240\n|move|p1a: Gogoat|Horn Leech|p2a: Lilligant\n|-resisted|p2a: Lilligant\n|-damage|p2a: Lilligant|189/240\n|-heal|p1a: Gogoat|341/360 par|[from] drain|[of] p2a: Lilligant\n|\n|-heal|p1a: Gogoat|360/360 par|[from] item: Leftovers\n|upkeep\n|turn|24\n|\n|t:|1781406980\n|switch|p1a: Typhlosion|Typhlosion-Hisui, L83, F|257/257\n|-damage|p1a: Typhlosion|193/257|[from] Stealth Rock\n|move|p2a: Lilligant|Victory Dance|p2a: Lilligant\n|-boost|p2a: Lilligant|atk|1\n|-boost|p2a: Lilligant|def|1\n|-boost|p2a: Lilligant|spe|1\n|\n|upkeep\n|turn|25\n|\n|t:|1781406987\n|-terastallize|p2a: Lilligant|Fighting\n|move|p2a: Lilligant|Leaf Blade|p1a: Typhlosion|[miss]\n|-miss|p2a: Lilligant|p1a: Typhlosion\n|move|p1a: Typhlosion|Fire Blast|p2a: Lilligant\n|-damage|p2a: Lilligant|38/240\n|\n|upkeep\n|turn|26\n|\n|t:|1781407002\n|move|p2a: Lilligant|Leaf Blade|p1a: Typhlosion\n|-resisted|p1a: Typhlosion\n|-crit|p1a: Typhlosion\n|-damage|p1a: Typhlosion|0 fnt\n|faint|p1a: Typhlosion\n|-damage|p2a: Lilligant|14/240|[from] item: Life Orb\n|\n|upkeep\n|\n|t:|1781407013\n|switch|p1a: Gogoat|Gogoat, L88, F|360/360 par\n|-damage|p1a: Gogoat|315/360 par|[from] Stealth Rock\n|turn|27\n|\n|t:|1781407020\n|move|p2a: Lilligant|Ice Spinner|p1a: Gogoat\n|-supereffective|p1a: Gogoat\n|-damage|p1a: Gogoat|0 fnt\n|faint|p1a: Gogoat\n|-damage|p2a: Lilligant|0 fnt|[from] item: Life Orb\n|faint|p2a: Lilligant\n|\n|upkeep\n|\n|t:|1781407040\n|switch|p2a: Kleavor|Kleavor, L78, F|65/237\n|switch|p1a: Meloetta|Meloetta, L82|298/298\n|-damage|p1a: Meloetta|261/298|[from] Stealth Rock\n|turn|28\n|\n|t:|1781407049\n|move|p2a: Kleavor|X-Scissor|p1a: Meloetta\n|-supereffective|p1a: Meloetta\n|-damage|p1a: Meloetta|0 fnt\n|faint|p1a: Meloetta\n|\n|upkeep\n|\n|t:|1781407071\n|switch|p1a: Spectrier|Spectrier, L75|183/274\n|-damage|p1a: Spectrier|149/274|[from] Stealth Rock\n|turn|29\n|\n|t:|1781407075\n|move|p2a: Kleavor|X-Scissor|p1a: Spectrier\n|-resisted|p1a: Spectrier\n|-damage|p1a: Spectrier|44/274\n|move|p1a: Spectrier|Draining Kiss|p2a: Kleavor\n|-damage|p2a: Kleavor|0 fnt\n|-heal|p1a: Spectrier|93/274|[from] drain|[of] p2a: Kleavor\n|faint|p2a: Kleavor\n|-ability|p1a: Spectrier|Grim Neigh|boost\n|-boost|p1a: Spectrier|spa|1\n|-damage|p1a: Spectrier|66/274|[from] item: Life Orb\n|\n|upkeep\n|\n|t:|1781407079\n|switch|p2a: Froslass|Froslass, L87, F|263/263\n|turn|30\n|\n|t:|1781407084\n|-terastallize|p1a: Spectrier|Dark\n|move|p2a: Froslass|Triple Axel|p1a: Spectrier\n|-damage|p1a: Spectrier|35/274\n|-damage|p1a: Spectrier|0 fnt\n|faint|p1a: Spectrier\n|-hitcount|p1: Spectrier|2\n|\n|win|Boogey\n", "inputlog": ">version a8376a258c1d4662feba110a92103f3664a72141\n>start {\"formatid\":\"gen9randombattle\",\"seed\":\"sodium,89d38f2be9e546c8a9828eb2b07888ac\",\"rated\":\"Rated battle\"}\n>player p1 {\"name\":\"personanongrattata\",\"avatar\":\"youngster-gen4dp\",\"rating\":1963,\"seed\":\"sodium,413904d41b5b7adee1720c22008c0e40\"}\n>player p2 {\"name\":\"Boogey\",\"avatar\":\"265\",\"rating\":2002,\"seed\":\"sodium,d638d04730eb1cb0bb0acab813f7a191\"}\n>p1 switch 4\n>p2 move earthquake\n>p1 move earthquake\n>p2 switch 5\n>p1 switch 3\n>p2 move thunderwave\n>p1 move knockoff\n>p2 switch 5\n>p1 switch 3\n>p2 move earthquake\n>p1 move hornleech\n>p2 move stealthrock\n>p1 move bulkup\n>p2 switch 5\n>p1 move hornleech\n>p2 move thunderwave\n>p1 move hornleech\n>p2 move roar\n>p1 move shadowball\n>p2 switch 4\n>p1 switch 3\n>p2 move stoneaxe\n>p1 move knockoff\n>p2 switch 5\n>p1 move bulletpunch\n>p2 move earthquake\n>p2 switch 6\n>p1 move knockoff\n>p2 move hurricane\n>p1 switch 3\n>p1 move drainingkiss\n>p2 move roost\n>p2 switch 5\n>p1 switch 4\n>p2 move stoneaxe\n>p1 move milkdrink\n>p2 switch 3\n>p1 switch 2\n>p2 move tripleaxel\n>p1 move highhorsepower\n>p2 switch 4\n>p1 move iciclecrash\n>p2 move playrough\n>p1 move iciclecrash\n>p2 move playrough\n>p2 switch 3\n>p1 move iciclecrash\n>p2 move stoneaxe\n>p1 switch 2\n>p1 move hornleech\n>p2 switch 2\n>p1 switch 5\n>p2 move victorydance\n>p1 move fireblast\n>p2 move leafblade terastallize\n>p1 move fireblast\n>p2 move leafblade\n>p1 switch 5\n>p1 move milkdrink\n>p2 move icespinner\n>p1 switch 6\n>p2 switch 2\n>p1 move relicsong\n>p2 move xscissor\n>p1 switch 4\n>p1 move drainingkiss\n>p2 move xscissor\n>p2 switch 4\n>p1 move shadowball terastallize\n>p2 move tripleaxel", "uploadtime": 1781406615, "views": 6, "formatid": "gen9randombattle", "rating": null, "private": 0, "password": null}