{"id": "gen9randombattle-2631888675", "format": "[Gen 9] Random Battle", "players": ["joelcolo10", "UziBoii"], "log": "|j|\u2606joelcolo10\n|j|\u2606UziBoii\n|t:|1781452329\n|gametype|singles\n|player|p1|joelcolo10|102|1503\n|player|p2|UziBoii|steven|1491\n|gen|9\n|tier|[Gen 9] Random Battle\n|rated|\n|rule|Species Clause: Limit one of each Pok\u00e9mon\n|rule|HP Percentage Mod: HP is shown in percentages\n|rule|Sleep Clause Mod: Limit one foe put to sleep\n|rule|Illusion Level Mod: Illusion disguises the Pok\u00e9mon's true level\n|\n|t:|1781452329\n|teamsize|p1|6\n|teamsize|p2|6\n|start\n|switch|p1a: Arceus|Arceus-Ghost, L69|280/280\n|switch|p2a: Landorus|Landorus-Therian, L76, M|260/260\n|-ability|p2a: Landorus|Intimidate|boost\n|-unboost|p1a: Arceus|atk|1\n|turn|1\n|inactive|Battle timer is ON: inactive players will automatically lose when time's up. (requested by UziBoii)\n|inactive|joelcolo10 also wants the timer to be on.\n|\n|t:|1781452339\n|move|p1a: Arceus|Judgment|p2a: Landorus\n|-damage|p2a: Landorus|131/260\n|move|p2a: Landorus|Stealth Rock|p1a: Arceus\n|-sidestart|p1: joelcolo10|move: Stealth Rock\n|\n|-heal|p2a: Landorus|147/260|[from] item: Leftovers\n|upkeep\n|turn|2\n|\n|t:|1781452350\n|move|p1a: Arceus|Judgment|p2a: Landorus\n|-damage|p2a: Landorus|36/260\n|move|p2a: Landorus|U-turn|p1a: Arceus\n|-resisted|p1a: Arceus\n|-damage|p1a: Arceus|255/280\n|\n|t:|1781452356\n|switch|p2a: Rampardos|Rampardos, L90, F|321/321|[from] U-turn\n|\n|upkeep\n|turn|3\n|\n|t:|1781452364\n|move|p1a: Arceus|Focus Blast|p2a: Rampardos\n|-supereffective|p2a: Rampardos\n|-damage|p2a: Rampardos|119/321\n|move|p2a: Rampardos|Rock Slide|p1a: Arceus\n|-damage|p1a: Arceus|39/280\n|\n|upkeep\n|turn|4\n|\n|t:|1781452374\n|move|p1a: Arceus|Judgment|p2a: Rampardos\n|-damage|p2a: Rampardos|0 fnt\n|faint|p2a: Rampardos\n|\n|upkeep\n|\n|t:|1781452383\n|switch|p2a: Roaring Moon|Roaring Moon, L72|270/270\n|turn|5\n|\n|t:|1781452387\n|move|p2a: Roaring Moon|Knock Off|p1a: Arceus\n|-supereffective|p1a: Arceus\n|-damage|p1a: Arceus|0 fnt\n|faint|p1a: Arceus\n|\n|upkeep\n|\n|t:|1781452400\n|switch|p1a: Registeel|Registeel, L81|262/262\n|-damage|p1a: Registeel|246/262|[from] Stealth Rock\n|turn|6\n|\n|t:|1781452409\n|-end|p2a: Roaring Moon|Protosynthesis|[silent]\n|switch|p2a: Landorus|Landorus-Therian, L76, M|36/260\n|-ability|p2a: Landorus|Intimidate|boost\n|-fail|p1a: Registeel|unboost|[from] ability: Clear Body|[of] p1a: Registeel\n|move|p1a: Registeel|Iron Defense|p1a: Registeel\n|-boost|p1a: Registeel|def|2\n|\n|-heal|p2a: Landorus|52/260|[from] item: Leftovers\n|upkeep\n|turn|7\n|\n|t:|1781452416\n|move|p2a: Landorus|Earthquake|p1a: Registeel\n|-supereffective|p1a: Registeel\n|-damage|p1a: Registeel|168/262\n|move|p1a: Registeel|Iron Head|p2a: Landorus\n|-damage|p2a: Landorus|0 fnt\n|faint|p2a: Landorus\n|\n|upkeep\n|\n|t:|1781452429\n|switch|p2a: Lugia|Lugia, L73|275/275\n|turn|8\n|\n|t:|1781452434\n|move|p2a: Lugia|Calm Mind|p2a: Lugia\n|-boost|p2a: Lugia|spa|1\n|-boost|p2a: Lugia|spd|1\n|move|p1a: Registeel|Iron Head|p2a: Lugia\n|-damage|p2a: Lugia|248/275\n|\n|upkeep\n|turn|9\n|\n|t:|1781452454\n|switch|p1a: Abomasnow|Abomasnow, L84, F|287/287\n|-damage|p1a: Abomasnow|216/287|[from] Stealth Rock\n|-weather|Snowscape|[from] ability: Snow Warning|[of] p1a: Abomasnow\n|move|p2a: Lugia|Earth Power|p1a: Abomasnow\n|-resisted|p1a: Abomasnow\n|-damage|p1a: Abomasnow|182/287\n|\n|-weather|Snowscape|[upkeep]\n|upkeep\n|turn|10\n|\n|t:|1781452472\n|switch|p2a: Lycanroc|Lycanroc-Midnight, L89, F|296/296\n|move|p1a: Abomasnow|Blizzard|p2a: Lycanroc\n|-damage|p2a: Lycanroc|176/296\n|\n|-weather|Snowscape|[upkeep]\n|upkeep\n|turn|11\n|\n|t:|1781452480\n|move|p2a: Lycanroc|Stone Edge|p1a: Abomasnow\n|-supereffective|p1a: Abomasnow\n|-crit|p1a: Abomasnow\n|-damage|p1a: Abomasnow|0 fnt\n|faint|p1a: Abomasnow\n|-damage|p2a: Lycanroc|147/296|[from] item: Life Orb\n|\n|-weather|Snowscape|[upkeep]\n|upkeep\n|\n|t:|1781452485\n|switch|p1a: Lurantis|Lurantis, L87, M|264/264\n|-damage|p1a: Lurantis|231/264|[from] Stealth Rock\n|turn|12\n|\n|t:|1781452491\n|move|p2a: Lycanroc|Close Combat|p1a: Lurantis\n|-damage|p1a: Lurantis|95/264\n|-unboost|p2a: Lycanroc|def|1\n|-unboost|p2a: Lycanroc|spd|1\n|-damage|p2a: Lycanroc|118/296|[from] item: Life Orb\n|move|p1a: Lurantis|Leaf Storm|p2a: Lycanroc\n|-supereffective|p2a: Lycanroc\n|-damage|p2a: Lycanroc|0 fnt\n|-boost|p1a: Lurantis|spa|2\n|faint|p2a: Lycanroc\n|\n|-weather|Snowscape|[upkeep]\n|upkeep\n|\n|t:|1781452499\n|switch|p2a: Lugia|Lugia, L73|248/275\n|turn|13\n|\n|t:|1781452503\n|move|p2a: Lugia|Aeroblast|p1a: Lurantis\n|-supereffective|p1a: Lurantis\n|-damage|p1a: Lurantis|0 fnt\n|faint|p1a: Lurantis\n|\n|-weather|none\n|upkeep\n|\n|t:|1781452518\n|switch|p1a: Reshiram|Reshiram, L76|277/277\n|-ability|p1a: Reshiram|Turboblaze\n|turn|14\n|\n|t:|1781452524\n|move|p2a: Lugia|Recover|p2a: Lugia\n|-heal|p2a: Lugia|275/275\n|move|p1a: Reshiram|Dragon Tail|p2a: Lugia\n|-damage|p2a: Lugia|220/275\n|drag|p2a: Veluza|Veluza, L85, M|292/292\n|\n|upkeep\n|turn|15\n|\n|t:|1781452533\n|move|p2a: Veluza|Aqua Cutter|p1a: Reshiram\n|-damage|p1a: Reshiram|166/277\n|move|p1a: Reshiram|Dragon Tail|p2a: Veluza\n|-damage|p2a: Veluza|226/292\n|drag|p2a: Roaring Moon|Roaring Moon, L72|270/270\n|\n|upkeep\n|turn|16\n|\n|t:|1781452540\n|move|p2a: Roaring Moon|Earthquake|p1a: Reshiram\n|-supereffective|p1a: Reshiram\n|-damage|p1a: Reshiram|22/277\n|move|p1a: Reshiram|Draco Meteor|p2a: Roaring Moon\n|-supereffective|p2a: Roaring Moon\n|-damage|p2a: Roaring Moon|0 fnt\n|-unboost|p1a: Reshiram|spa|2\n|faint|p2a: Roaring Moon\n|-end|p2a: Roaring Moon|Protosynthesis|[silent]\n|\n|upkeep\n|\n|t:|1781452544\n|switch|p2a: Lugia|Lugia, L73|220/275\n|turn|17\n|\n|t:|1781452546\n|move|p2a: Lugia|Earth Power|p1a: Reshiram\n|-supereffective|p1a: Reshiram\n|-damage|p1a: Reshiram|0 fnt\n|faint|p1a: Reshiram\n|\n|upkeep\n|\n|t:|1781452549\n|switch|p1a: Delphox|Delphox, L84, F|263/263\n|-damage|p1a: Delphox|198/263|[from] Stealth Rock\n|turn|18\n|\n|t:|1781452563\n|move|p1a: Delphox|Fire Blast|p2a: Lugia\n|-damage|p2a: Lugia|67/275\n|move|p2a: Lugia|Calm Mind|p2a: Lugia\n|-boost|p2a: Lugia|spa|1\n|-boost|p2a: Lugia|spd|1\n|\n|upkeep\n|turn|19\n|\n|t:|1781452567\n|move|p1a: Delphox|Fire Blast|p2a: Lugia\n|-damage|p2a: Lugia|0 fnt\n|faint|p2a: Lugia\n|\n|upkeep\n|\n|t:|1781452570\n|switch|p2a: Veluza|Veluza, L85, M|226/292\n|turn|20\n|\n|t:|1781452574\n|switch|p1a: Registeel|Registeel, L81|168/262\n|-damage|p1a: Registeel|152/262|[from] Stealth Rock\n|move|p2a: Veluza|Fillet Away|p2a: Veluza\n|-boost|p2a: Veluza|atk|2\n|-boost|p2a: Veluza|spa|2\n|-boost|p2a: Veluza|spe|2\n|-damage|p2a: Veluza|80/292\n|-enditem|p2a: Veluza|Sitrus Berry|[eat]\n|-heal|p2a: Veluza|153/292|[from] item: Sitrus Berry\n|\n|upkeep\n|turn|21\n|\n|t:|1781452584\n|move|p2a: Veluza|Aqua Cutter|p1a: Registeel\n|-damage|p1a: Registeel|2/262\n|move|p1a: Registeel|Rest|p1a: Registeel\n|-status|p1a: Registeel|slp|[from] move: Rest\n|-heal|p1a: Registeel|262/262 slp|[silent]\n|-enditem|p1a: Registeel|Chesto Berry|[eat]\n|-curestatus|p1a: Registeel|slp|[msg]\n|\n|upkeep\n|turn|22\n|\n|t:|1781452592\n|move|p2a: Veluza|Aqua Cutter|p1a: Registeel\n|-damage|p1a: Registeel|109/262\n|move|p1a: Registeel|Iron Defense|p1a: Registeel\n|-boost|p1a: Registeel|def|2\n|\n|upkeep\n|turn|23\n|\n|t:|1781452599\n|move|p2a: Veluza|Aqua Cutter|p1a: Registeel\n|-crit|p1a: Registeel\n|-damage|p1a: Registeel|0 fnt\n|faint|p1a: Registeel\n|\n|upkeep\n|\n|t:|1781452602\n|switch|p1a: Delphox|Delphox, L84, F|198/263\n|-damage|p1a: Delphox|133/263|[from] Stealth Rock\n|turn|24\n|\n|t:|1781452605\n|-terastallize|p1a: Delphox|Grass\n|move|p2a: Veluza|Aqua Cutter|p1a: Delphox\n|-resisted|p1a: Delphox\n|-damage|p1a: Delphox|0 fnt\n|faint|p1a: Delphox\n|\n|win|UziBoii\n|raw|joelcolo10's rating: 1503 &rarr; <strong>1482</strong><br />(-21 for losing)\n|raw|UziBoii's rating: 1491 &rarr; <strong>1512</strong><br />(+21 for winning)\n", "inputlog": ">version a8376a258c1d4662feba110a92103f3664a72141\n>start {\"formatid\":\"gen9randombattle\",\"seed\":\"sodium,c742418aa8fb4ef3cde6e9ce1993f257\",\"rated\":\"Rated battle\"}\n>player p1 {\"name\":\"joelcolo10\",\"avatar\":\"102\",\"rating\":1503,\"seed\":\"sodium,d2a9284f11a5b9d7432f40b69dc7330e\"}\n>player p2 {\"name\":\"UziBoii\",\"avatar\":\"steven\",\"rating\":1491,\"seed\":\"sodium,262f11760eb244622618e24d3f5c65d6\"}\n>p1 move judgment\n>p2 move stealthrock\n>p1 move judgment\n>p2 move uturn\n>p2 switch 4\n>p1 move focusblast\n>p2 move rockslide\n>p1 move judgment\n>p2 move rockslide\n>p2 switch 3\n>p1 move focusblast\n>p2 move knockoff\n>p1 switch 6\n>p1 move irondefense\n>p2 switch 4\n>p1 move ironhead\n>p2 move earthquake\n>p2 switch 6\n>p1 move ironhead\n>p2 move calmmind\n>p1 switch 4\n>p2 move earthpower\n>p1 move blizzard\n>p2 switch 2\n>p1 move earthquake\n>p2 move stoneedge\n>p1 switch 5\n>p1 move leafstorm\n>p2 move closecombat\n>p2 switch 2\n>p1 move knockoff\n>p2 move aeroblast\n>p1 switch 3\n>p1 move dragontail\n>p2 move recover\n>p1 move dragontail\n>p2 move aquacutter\n>p1 move dracometeor\n>p2 move earthquake\n>p2 switch 5\n>p1 move dragontail\n>p2 move earthpower\n>p1 switch 2\n>p1 move fireblast\n>p2 move calmmind\n>p1 move fireblast\n>p2 move recover\n>p2 switch 4\n>p1 switch 4\n>p2 move filletaway\n>p1 move rest\n>p2 move aquacutter\n>p1 move irondefense\n>p2 move aquacutter\n>p1 move bodypress\n>p2 move aquacutter\n>p1 switch 4\n>p1 move grassknot terastallize\n>p2 move aquacutter", "uploadtime": 1781452608, "views": 7, "formatid": "gen9randombattle", "rating": 1482, "private": 0, "password": null}