{"id": "gen9randombattle-2631517133", "format": "[Gen 9] Random Battle", "players": ["Lackt333", "Spectrumy"], "log": "|j|\u2606Lackt333\n|j|\u2606Spectrumy\n|t:|1781395385\n|gametype|singles\n|player|p1|Lackt333|266|1904\n|player|p2|Spectrumy|1|1951\n|gen|9\n|tier|[Gen 9] Random Battle\n|rated|\n|rule|Species Clause: Limit one of each Pok\u00e9mon\n|rule|HP Percentage Mod: HP is shown in percentages\n|rule|Sleep Clause Mod: Limit one foe put to sleep\n|rule|Illusion Level Mod: Illusion disguises the Pok\u00e9mon's true level\n|\n|t:|1781395385\n|teamsize|p1|6\n|teamsize|p2|6\n|start\n|switch|p1a: Luxray|Luxray, L88, M|283/283\n|switch|p2a: Cyclizar|Cyclizar, L83, M|252/252\n|turn|1\n|inactive|Battle timer is ON: inactive players will automatically lose when time's up. (requested by Lackt333)\n|\n|t:|1781395414\n|switch|p1a: Sandaconda|Sandaconda, L84, M|258/258\n|move|p2a: Cyclizar|Knock Off|p1a: Sandaconda\n|-damage|p1a: Sandaconda|208/258\n|-enditem|p1a: Sandaconda|Loaded Dice|[from] move: Knock Off|[of] p2a: Cyclizar\n|\n|upkeep\n|turn|2\n|inactive|Spectrumy has 120 seconds left.\n|\n|t:|1781395448\n|switch|p2a: Illumise|Illumise, L91, F|266/266\n|move|p1a: Sandaconda|Coil|p1a: Sandaconda\n|-boost|p1a: Sandaconda|atk|1\n|-boost|p1a: Sandaconda|def|1\n|-boost|p1a: Sandaconda|accuracy|1\n|\n|upkeep\n|turn|3\n|l|\u2606Lackt333\n|inactive|Lackt333 disconnected and has a minute to reconnect!\n|player|p1|\n|j|\u2606Lackt333\n|inactive|Lackt333 reconnected and has 130 seconds left.\n|player|p1|Lackt333|266|\n|\n|t:|1781395477\n|switch|p1a: Flareon|Flareon, L90, M|263/263\n|move|p2a: Illumise|Encore||[still]\n|-fail|p2a: Illumise\n|\n|-status|p1a: Flareon|tox|[from] item: Toxic Orb\n|upkeep\n|turn|4\n|inactive|Spectrumy has 120 seconds left.\n|inactive|Spectrumy has 90 seconds left.\n|\n|t:|1781395524\n|switch|p2a: Dedenne|Dedenne, L88, M|261/261\n|move|p1a: Flareon|Flare Blitz|p2a: Dedenne\n|-damage|p2a: Dedenne|0 fnt\n|faint|p2a: Dedenne\n|-damage|p1a: Flareon|177/263 tox|[from] Recoil\n|\n|-damage|p1a: Flareon|161/263 tox|[from] psn\n|upkeep\n|inactive|Spectrumy has 90 seconds left.\n|\n|t:|1781395539\n|switch|p2a: Cyclizar|Cyclizar, L83, M|252/252\n|turn|5\n|\n|t:|1781395544\n|move|p2a: Cyclizar|Draco Meteor|p1a: Flareon\n|-damage|p1a: Flareon|67/263 tox\n|-unboost|p2a: Cyclizar|spa|2\n|move|p1a: Flareon|Facade|p2a: Cyclizar\n|-damage|p2a: Cyclizar|0 fnt\n|faint|p2a: Cyclizar\n|\n|-damage|p1a: Flareon|35/263 tox|[from] psn\n|upkeep\n|inactive|Spectrumy has 90 seconds left.\n|\n|t:|1781395560\n|switch|p2a: Conkeldurr|Conkeldurr, L80, F|299/299\n|turn|6\n|\n|t:|1781395566\n|move|p2a: Conkeldurr|Mach Punch|p1a: Flareon\n|-damage|p1a: Flareon|0 fnt\n|faint|p1a: Flareon\n|\n|-status|p2a: Conkeldurr|brn|[from] item: Flame Orb\n|upkeep\n|\n|t:|1781395574\n|switch|p1a: Poliwrath|Poliwrath, L88, M|302/302\n|turn|7\n|\n|t:|1781395587\n|move|p1a: Poliwrath|Liquidation|p2a: Conkeldurr\n|-damage|p2a: Conkeldurr|206/299 brn\n|move|p2a: Conkeldurr|Facade|p1a: Poliwrath\n|-damage|p1a: Poliwrath|131/302\n|\n|-heal|p1a: Poliwrath|149/302|[from] item: Leftovers\n|-damage|p2a: Conkeldurr|188/299 brn|[from] brn\n|upkeep\n|turn|8\n|\n|t:|1781395597\n|move|p1a: Poliwrath|Drain Punch|p2a: Conkeldurr\n|-damage|p2a: Conkeldurr|103/299 brn\n|-heal|p1a: Poliwrath|192/302|[from] drain|[of] p2a: Conkeldurr\n|move|p2a: Conkeldurr|Facade|p1a: Poliwrath\n|-damage|p1a: Poliwrath|26/302\n|\n|-heal|p1a: Poliwrath|44/302|[from] item: Leftovers\n|-damage|p2a: Conkeldurr|85/299 brn|[from] brn\n|upkeep\n|turn|9\n|\n|t:|1781395604\n|move|p2a: Conkeldurr|Mach Punch|p1a: Poliwrath\n|-damage|p1a: Poliwrath|0 fnt\n|faint|p1a: Poliwrath\n|\n|-damage|p2a: Conkeldurr|67/299 brn|[from] brn\n|upkeep\n|\n|t:|1781395610\n|switch|p1a: Luxray|Luxray, L88, M|283/283\n|turn|10\n|inactive|Spectrumy has 120 seconds left.\n|\n|t:|1781395623\n|move|p2a: Conkeldurr|Mach Punch|p1a: Luxray\n|-damage|p1a: Luxray|202/283\n|move|p1a: Luxray|Supercell Slam|p2a: Conkeldurr\n|-damage|p2a: Conkeldurr|0 fnt\n|faint|p2a: Conkeldurr\n|\n|-status|p1a: Luxray|brn|[from] item: Flame Orb\n|upkeep\n|inactive|Spectrumy has 120 seconds left.\n|\n|t:|1781395644\n|switch|p2a: Magearna|Magearna, L77|250/250\n|turn|11\n|\n|t:|1781395648\n|move|p1a: Luxray|Supercell Slam|p2a: Magearna\n|-damage|p2a: Magearna|55/250\n|move|p2a: Magearna|Fleur Cannon|p1a: Luxray\n|-damage|p1a: Luxray|57/283 brn\n|-unboost|p2a: Magearna|spa|2\n|\n|-heal|p2a: Magearna|70/250|[from] item: Leftovers\n|-damage|p1a: Luxray|40/283 brn|[from] brn\n|upkeep\n|turn|12\n|inactive|Spectrumy has 120 seconds left.\n|\n|t:|1781395665\n|switch|p2a: Illumise|Illumise, L91, F|266/266\n|move|p1a: Luxray|Supercell Slam|p2a: Illumise\n|-damage|p2a: Illumise|37/266\n|\n|-damage|p1a: Luxray|23/283 brn|[from] brn\n|upkeep\n|turn|13\n|\n|t:|1781395683\n|switch|p1a: Sandaconda|Sandaconda, L84, M|208/258\n|move|p2a: Illumise|Bug Buzz|p1a: Sandaconda\n|-damage|p1a: Sandaconda|109/258\n|\n|upkeep\n|turn|14\n|\n|t:|1781395690\n|move|p2a: Illumise|Bug Buzz|p1a: Sandaconda\n|-damage|p1a: Sandaconda|4/258\n|move|p1a: Sandaconda|Rock Blast|p2a: Illumise\n|-supereffective|p2a: Illumise\n|-damage|p2a: Illumise|0 fnt\n|faint|p2a: Illumise\n|-hitcount|p2: Illumise|1\n|\n|upkeep\n|\n|t:|1781395707\n|switch|p2a: Lapras|Lapras, L87, M|367/367\n|turn|15\n|\n|t:|1781395714\n|move|p1a: Sandaconda|Rock Blast|p2a: Lapras\n|-supereffective|p2a: Lapras\n|-damage|p2a: Lapras|327/367\n|-supereffective|p2a: Lapras\n|-damage|p2a: Lapras|287/367\n|-supereffective|p2a: Lapras\n|-damage|p2a: Lapras|247/367\n|-supereffective|p2a: Lapras\n|-damage|p2a: Lapras|205/367\n|-hitcount|p2a: Lapras|4\n|move|p2a: Lapras|Freeze-Dry|p1a: Sandaconda\n|-supereffective|p1a: Sandaconda\n|-damage|p1a: Sandaconda|0 fnt\n|faint|p1a: Sandaconda\n|\n|upkeep\n|\n|t:|1781395719\n|switch|p1a: Luxray|Luxray, L88, M|23/283 brn\n|turn|16\n|inactive|Spectrumy has 120 seconds left.\n|\n|t:|1781395729\n|-terastallize|p2a: Lapras|Ice\n|move|p1a: Luxray|Facade|p2a: Lapras\n|-damage|p2a: Lapras|0 fnt\n|faint|p2a: Lapras\n|\n|-damage|p1a: Luxray|6/283 brn|[from] brn\n|upkeep\n|\n|t:|1781395735\n|switch|p2a: Magearna|Magearna, L77|70/250\n|turn|17\n|\n|t:|1781395740\n|-terastallize|p1a: Luxray|Normal\n|move|p1a: Luxray|Facade|p2a: Magearna\n|-resisted|p2a: Magearna\n|-damage|p2a: Magearna|0 fnt\n|faint|p2a: Magearna\n|\n|win|Lackt333\n", "inputlog": ">version a8376a258c1d4662feba110a92103f3664a72141\n>start {\"formatid\":\"gen9randombattle\",\"seed\":\"sodium,15ad1f093d54bd8343c6bb8b320bfae5\",\"rated\":\"Rated battle\"}\n>player p1 {\"name\":\"Lackt333\",\"avatar\":\"266\",\"rating\":1904,\"seed\":\"sodium,8683f16b8321bf19d4ce5f5580bb9739\"}\n>player p2 {\"name\":\"Spectrumy\",\"avatar\":\"1\",\"rating\":1951,\"seed\":\"sodium,583995e15c8e9c0d42574b47c804892f\"}\n>p1 switch 4\n>p2 move knockoff\n>p1 move coil\n>p2 switch 2\n>p1 switch 3\n>p2 move encore\n>p1 move flareblitz\n>p2 switch 4\n>p2 switch 2\n>p1 move facade\n>p2 move dracometeor\n>p2 switch 6\n>p1 move flareblitz\n>p2 move machpunch\n>p1 switch 2\n>p1 move liquidation\n>p2 move facade\n>p1 move drainpunch\n>p2 move facade\n>p1 move drainpunch\n>p2 move machpunch\n>p1 switch 4\n>p1 move supercellslam\n>p2 move machpunch\n>p2 switch 3\n>p1 move supercellslam\n>p2 move fleurcannon\n>p1 move supercellslam\n>p2 switch 4\n>p1 switch 3\n>p2 move bugbuzz\n>p1 move rockblast\n>p2 move bugbuzz\n>p2 switch 5\n>p1 move rockblast\n>p2 move freezedry\n>p1 switch 3\n>p1 move facade\n>p2 move freezedry terastallize\n>p2 switch 4\n>p1 move facade terastallize\n>p2 move voltswitch", "uploadtime": 1781395387, "views": 5, "formatid": "gen9randombattle", "rating": null, "private": 0, "password": null}