{"id": "gen9randombattle-2631369906", "format": "[Gen 9] Random Battle", "players": ["bluffmepls", "jimothy cool yt"], "log": "|badge|p2|silver|gen9randombattle|30-9\n|uhtml|medal-msg|<div class=\"broadcast-blue\">Curious what those medals under the avatar are? PS now has Ladder Seasons! For more information, check out the <a href=\"https://www.smogon.com/forums/threads/3740067/\">thread on Smogon.</a></div>\n|j|\u2606bluffmepls\n|j|\u2606jimothy cool yt\n|t:|1781376625\n|gametype|singles\n|player|p1|bluffmepls|170|2199\n|player|p2|jimothy cool yt|lucas|2448\n|gen|9\n|tier|[Gen 9] Random Battle\n|rated|\n|rule|Species Clause: Limit one of each Pok\u00e9mon\n|rule|HP Percentage Mod: HP is shown in percentages\n|rule|Sleep Clause Mod: Limit one foe put to sleep\n|rule|Illusion Level Mod: Illusion disguises the Pok\u00e9mon's true level\n|\n|t:|1781376625\n|teamsize|p1|6\n|teamsize|p2|6\n|start\n|switch|p1a: Illumise|Illumise, L91, F|266/266\n|switch|p2a: Farigiraf|Farigiraf, L90, F|362/362\n|turn|1\n|inactive|Battle timer is ON: inactive players will automatically lose when time's up. (requested by jimothy cool yt)\n|inactive|bluffmepls also wants the timer to be on.\n|\n|t:|1781376638\n|switch|p2a: Clodsire|Clodsire, L81, F|343/343\n|move|p1a: Illumise|Bug Buzz|p2a: Clodsire\n|-resisted|p2a: Clodsire\n|-damage|p2a: Clodsire|298/343\n|\n|-heal|p2a: Clodsire|319/343|[from] item: Leftovers\n|upkeep\n|turn|2\n|\n|t:|1781376647\n|switch|p1a: Cramorant|Cramorant, L86, M|261/261\n|move|p2a: Clodsire|Toxic Spikes|p1a: Cramorant\n|-sidestart|p1: bluffmepls|move: Toxic Spikes\n|\n|-heal|p2a: Clodsire|340/343|[from] item: Leftovers\n|upkeep\n|turn|3\n|\n|t:|1781376661\n|switch|p2a: Farigiraf|Farigiraf, L90, F|362/362\n|move|p1a: Cramorant|Surf|p2a: Farigiraf\n|-formechange|p1a: Cramorant|Cramorant-Gulping|\n|-crit|p2a: Farigiraf\n|-damage|p2a: Farigiraf|220/362\n|\n|-heal|p2a: Farigiraf|242/362|[from] item: Leftovers\n|upkeep\n|turn|4\n|\n|t:|1781376669\n|move|p1a: Cramorant|Defog|p2a: Farigiraf\n|-unboost|p2a: Farigiraf|evasion|1\n|-sideend|p1: bluffmepls|Toxic Spikes|[from] move: Defog|[of] p1a: Cramorant\n|move|p2a: Farigiraf|Wish|p2a: Farigiraf\n|\n|-heal|p2a: Farigiraf|264/362|[from] item: Leftovers\n|upkeep\n|turn|5\n|\n|t:|1781376675\n|move|p1a: Cramorant|Surf|p2a: Farigiraf\n|-damage|p2a: Farigiraf|168/362\n|move|p2a: Farigiraf|Body Slam|p1a: Cramorant\n|-damage|p1a: Cramorant|123/261\n|-damage|p2a: Farigiraf|78/362|[from] ability: Gulp Missile|[of] p1a: Cramorant\n|-unboost|p2a: Farigiraf|def|1\n|-formechange|p1a: Cramorant|Cramorant|\n|\n|-heal|p2a: Farigiraf|259/362|[from] move: Wish|[wisher] Farigiraf\n|-heal|p2a: Farigiraf|281/362|[from] item: Leftovers\n|upkeep\n|turn|6\n|\n|t:|1781376688\n|switch|p1a: Garganacl|Garganacl, L80, F|291/291\n|move|p2a: Farigiraf|Body Slam|p1a: Garganacl\n|-resisted|p1a: Garganacl\n|-damage|p1a: Garganacl|256/291\n|\n|-heal|p2a: Farigiraf|303/362|[from] item: Leftovers\n|-heal|p1a: Garganacl|274/291|[from] item: Leftovers\n|upkeep\n|turn|7\n|\n|t:|1781376700\n|switch|p2a: Clodsire|Clodsire, L81, F|340/343\n|move|p1a: Garganacl|Salt Cure|p2a: Clodsire\n|-resisted|p2a: Clodsire\n|-crit|p2a: Clodsire\n|-damage|p2a: Clodsire|298/343\n|-start|p2a: Clodsire|Salt Cure\n|\n|-heal|p1a: Garganacl|291/291|[from] item: Leftovers\n|-heal|p2a: Clodsire|319/343|[from] item: Leftovers\n|-damage|p2a: Clodsire|277/343|[from] Salt Cure\n|upkeep\n|turn|8\n|\n|t:|1781376706\n|move|p1a: Garganacl|Earthquake|p2a: Clodsire\n|-supereffective|p2a: Clodsire\n|-damage|p2a: Clodsire|103/343\n|move|p2a: Clodsire|Toxic Spikes|p1a: Garganacl\n|-sidestart|p1: bluffmepls|move: Toxic Spikes\n|\n|-heal|p2a: Clodsire|124/343|[from] item: Leftovers\n|-damage|p2a: Clodsire|82/343|[from] Salt Cure\n|upkeep\n|turn|9\n|\n|t:|1781376716\n|switch|p2a: Clawitzer|Clawitzer, L87, M|265/265\n|move|p1a: Garganacl|Earthquake|p2a: Clawitzer\n|-damage|p2a: Clawitzer|197/265\n|\n|upkeep\n|turn|10\n|\n|t:|1781376733\n|move|p1a: Garganacl|Protect|p1a: Garganacl\n|-singleturn|p1a: Garganacl|Protect\n|move|p2a: Clawitzer|U-turn|p1a: Garganacl\n|-activate|p1a: Garganacl|move: Protect\n|\n|upkeep\n|turn|11\n|\n|t:|1781376742\n|switch|p1a: Cramorant|Cramorant, L86, M|123/261\n|move|p2a: Clawitzer|Water Pulse|p1a: Cramorant\n|-resisted|p1a: Cramorant\n|-crit|p1a: Cramorant\n|-damage|p1a: Cramorant|45/261\n|\n|upkeep\n|turn|12\n|\n|t:|1781376748\n|move|p1a: Cramorant|Roost|p1a: Cramorant\n|-heal|p1a: Cramorant|176/261\n|-singleturn|p1a: Cramorant|move: Roost\n|move|p2a: Clawitzer|U-turn|p1a: Cramorant\n|-damage|p1a: Cramorant|121/261\n|\n|t:|1781376750\n|switch|p2a: Farigiraf|Farigiraf, L90, F|303/362|[from] U-turn\n|\n|-heal|p2a: Farigiraf|325/362|[from] item: Leftovers\n|upkeep\n|turn|13\n|\n|t:|1781376767\n|switch|p1a: Illumise|Illumise, L91, F|266/266\n|move|p2a: Farigiraf|Psychic Noise|p1a: Illumise\n|-damage|p1a: Illumise|167/266\n|-start|p1a: Illumise|move: Heal Block\n|\n|-heal|p2a: Farigiraf|347/362|[from] item: Leftovers\n|upkeep\n|turn|14\n|\n|t:|1781376778\n|switch|p1a: Cramorant|Cramorant, L86, M|121/261\n|move|p2a: Farigiraf|Wish|p2a: Farigiraf\n|\n|-heal|p2a: Farigiraf|362/362|[from] item: Leftovers\n|upkeep\n|turn|15\n|\n|t:|1781376781\n|move|p1a: Cramorant|Roost|p1a: Cramorant\n|-heal|p1a: Cramorant|252/261\n|-singleturn|p1a: Cramorant|move: Roost\n|move|p2a: Farigiraf|Body Slam|p1a: Cramorant\n|-damage|p1a: Cramorant|119/261\n|\n|upkeep\n|turn|16\n|\n|t:|1781376785\n|move|p1a: Cramorant|Surf|p2a: Farigiraf\n|-formechange|p1a: Cramorant|Cramorant-Gorging|\n|-damage|p2a: Farigiraf|260/362\n|move|p2a: Farigiraf|Body Slam|p1a: Cramorant\n|-damage|p1a: Cramorant|0 fnt\n|-damage|p2a: Farigiraf|170/362|[from] ability: Gulp Missile|[of] p1a: Cramorant\n|-status|p2a: Farigiraf|par\n|-formechange|p1a: Cramorant|Cramorant|\n|faint|p1a: Cramorant\n|\n|-heal|p2a: Farigiraf|192/362 par|[from] item: Leftovers\n|upkeep\n|\n|t:|1781376791\n|switch|p1a: Illumise|Illumise, L91, F|167/266\n|turn|17\n|\n|t:|1781376811\n|switch|p2a: Clodsire|Clodsire, L81, F|82/343\n|move|p1a: Illumise|Bug Buzz|p2a: Clodsire\n|-resisted|p2a: Clodsire\n|-damage|p2a: Clodsire|43/343\n|\n|-heal|p2a: Clodsire|64/343|[from] item: Leftovers\n|upkeep\n|turn|18\n|\n|t:|1781376828\n|switch|p1a: Garganacl|Garganacl, L80, F|291/291\n|move|p2a: Clodsire|Recover|p2a: Clodsire\n|-heal|p2a: Clodsire|236/343\n|\n|-heal|p2a: Clodsire|257/343|[from] item: Leftovers\n|upkeep\n|turn|19\n|\n|t:|1781376851\n|move|p1a: Garganacl|Salt Cure|p2a: Clodsire\n|-resisted|p2a: Clodsire\n|-damage|p2a: Clodsire|230/343\n|-start|p2a: Clodsire|Salt Cure\n|move|p2a: Clodsire|Recover|p2a: Clodsire\n|-heal|p2a: Clodsire|343/343\n|\n|-damage|p2a: Clodsire|301/343|[from] Salt Cure\n|upkeep\n|turn|20\n|\n|t:|1781376861\n|switch|p2a: Clawitzer|Clawitzer, L87, M|197/265\n|move|p1a: Garganacl|Earthquake|p2a: Clawitzer\n|-damage|p2a: Clawitzer|136/265\n|\n|upkeep\n|turn|21\n|\n|t:|1781376873\n|switch|p1a: Sawsbuck|Sawsbuck-Autumn, L88, F|284/284\n|-status|p1a: Sawsbuck|psn\n|move|p2a: Clawitzer|Water Pulse|p1a: Sawsbuck\n|-resisted|p1a: Sawsbuck\n|-damage|p1a: Sawsbuck|217/284 psn\n|\n|-damage|p1a: Sawsbuck|182/284 psn|[from] psn\n|upkeep\n|turn|22\n|\n|t:|1781376893\n|switch|p2a: Kricketune|Kricketune, L99, F|312/312\n|move|p1a: Sawsbuck|Swords Dance|p1a: Sawsbuck\n|-boost|p1a: Sawsbuck|atk|2\n|\n|-damage|p1a: Sawsbuck|147/284 psn|[from] psn\n|upkeep\n|turn|23\n|\n|t:|1781376910\n|switch|p2a: Farigiraf|Farigiraf, L90, F|192/362 par\n|move|p1a: Sawsbuck|Headbutt|p2a: Farigiraf\n|-damage|p2a: Farigiraf|0 fnt\n|faint|p2a: Farigiraf\n|-damage|p1a: Sawsbuck|119/284 psn|[from] item: Life Orb\n|\n|-damage|p1a: Sawsbuck|84/284 psn|[from] psn\n|upkeep\n|inactive|jimothy cool yt has 120 seconds left.\n|\n|t:|1781376931\n|switch|p2a: Clodsire|Clodsire, L81, F|301/343\n|turn|24\n|\n|t:|1781376936\n|move|p1a: Sawsbuck|High Horsepower|p2a: Clodsire\n|-supereffective|p2a: Clodsire\n|-damage|p2a: Clodsire|15/343\n|-damage|p1a: Sawsbuck|56/284 psn|[from] item: Life Orb\n|move|p2a: Clodsire|Recover|p2a: Clodsire\n|-heal|p2a: Clodsire|187/343\n|\n|-heal|p2a: Clodsire|208/343|[from] item: Leftovers\n|-damage|p1a: Sawsbuck|21/284 psn|[from] psn\n|upkeep\n|turn|25\n|\n|t:|1781376944\n|switch|p2a: Kricketune|Kricketune, L99, F|312/312\n|move|p1a: Sawsbuck|High Horsepower|p2a: Kricketune\n|-resisted|p2a: Kricketune\n|-damage|p2a: Kricketune|199/312\n|-damage|p1a: Sawsbuck|0 fnt|[from] item: Life Orb\n|faint|p1a: Sawsbuck\n|\n|upkeep\n|\n|t:|1781376952\n|switch|p1a: Vivillon|Vivillon, L83, M|268/268\n|turn|26\n|\n|t:|1781376964\n|switch|p2a: Ursaluna|Ursaluna, L79, F|335/335\n|move|p1a: Vivillon|Sleep Powder|p2a: Ursaluna\n|-status|p2a: Ursaluna|slp|[from] move: Sleep Powder\n|\n|upkeep\n|turn|27\n|\n|t:|1781376970\n|switch|p2a: Florges|Florges, L85, F|271/271\n|move|p1a: Vivillon|Quiver Dance|p1a: Vivillon\n|-boost|p1a: Vivillon|spa|1\n|-boost|p1a: Vivillon|spd|1\n|-boost|p1a: Vivillon|spe|1\n|\n|upkeep\n|turn|28\n|\n|t:|1781376975\n|move|p1a: Vivillon|Hurricane|p2a: Florges\n|-damage|p2a: Florges|174/271\n|-start|p2a: Florges|confusion\n|-activate|p2a: Florges|confusion\n|-damage|p2a: Florges|155/271|[from] confusion\n|\n|-heal|p2a: Florges|171/271|[from] item: Leftovers\n|upkeep\n|turn|29\n|\n|t:|1781376979\n|move|p1a: Vivillon|Quiver Dance|p1a: Vivillon\n|-boost|p1a: Vivillon|spa|1\n|-boost|p1a: Vivillon|spd|1\n|-boost|p1a: Vivillon|spe|1\n|-activate|p2a: Florges|confusion\n|-damage|p2a: Florges|151/271|[from] confusion\n|\n|-heal|p2a: Florges|167/271|[from] item: Leftovers\n|upkeep\n|turn|30\n|\n|t:|1781376984\n|move|p1a: Vivillon|Hurricane|p2a: Florges\n|-damage|p2a: Florges|19/271\n|-activate|p2a: Florges|confusion\n|move|p2a: Florges|Synthesis|p2a: Florges\n|-heal|p2a: Florges|154/271\n|\n|-heal|p2a: Florges|170/271|[from] item: Leftovers\n|upkeep\n|turn|31\n|\n|t:|1781377013\n|switch|p2a: Clodsire|Clodsire, L81, F|208/343\n|move|p1a: Vivillon|Hurricane|p2a: Clodsire\n|-damage|p2a: Clodsire|102/343\n|-start|p2a: Clodsire|confusion\n|\n|-heal|p2a: Clodsire|123/343|[from] item: Leftovers\n|upkeep\n|turn|32\n|\n|t:|1781377033\n|move|p1a: Vivillon|Hurricane|p2a: Clodsire\n|-damage|p2a: Clodsire|30/343\n|-activate|p2a: Clodsire|confusion\n|-damage|p2a: Clodsire|0 fnt|[from] confusion\n|faint|p2a: Clodsire\n|\n|upkeep\n|inactive|jimothy cool yt has 120 seconds left.\n|\n|t:|1781377051\n|switch|p2a: Florges|Florges, L85, F|170/271\n|turn|33\n|\n|t:|1781377055\n|move|p1a: Vivillon|Hurricane|p2a: Florges\n|-damage|p2a: Florges|44/271\n|move|p2a: Florges|Synthesis|p2a: Florges\n|-heal|p2a: Florges|179/271\n|\n|-heal|p2a: Florges|195/271|[from] item: Leftovers\n|upkeep\n|turn|34\n|\n|t:|1781377059\n|move|p1a: Vivillon|Quiver Dance|p1a: Vivillon\n|-boost|p1a: Vivillon|spa|1\n|-boost|p1a: Vivillon|spd|1\n|-boost|p1a: Vivillon|spe|1\n|move|p2a: Florges|Calm Mind|p2a: Florges\n|-boost|p2a: Florges|spa|1\n|-boost|p2a: Florges|spd|1\n|\n|-heal|p2a: Florges|211/271|[from] item: Leftovers\n|upkeep\n|turn|35\n|\n|t:|1781377062\n|move|p1a: Vivillon|Hurricane|p2a: Florges\n|-damage|p2a: Florges|94/271\n|move|p2a: Florges|Calm Mind|p2a: Florges\n|-boost|p2a: Florges|spa|1\n|-boost|p2a: Florges|spd|1\n|\n|-heal|p2a: Florges|110/271|[from] item: Leftovers\n|upkeep\n|turn|36\n|\n|t:|1781377065\n|move|p1a: Vivillon|Hurricane|p2a: Florges\n|-damage|p2a: Florges|19/271\n|-start|p2a: Florges|confusion\n|-activate|p2a: Florges|confusion\n|-damage|p2a: Florges|0 fnt|[from] confusion\n|faint|p2a: Florges\n|\n|upkeep\n|-message|jimothy cool yt forfeited.\n|\n|win|bluffmepls\n", "inputlog": ">version a8376a258c1d4662feba110a92103f3664a72141\n>start {\"formatid\":\"gen9randombattle\",\"seed\":\"sodium,5046213d7d86a8c89e13f3c10c1b8703\",\"rated\":\"Rated battle\"}\n>player p1 {\"name\":\"bluffmepls\",\"avatar\":\"170\",\"rating\":2199,\"seed\":\"sodium,37096ed0ed40c826bf8e4abd591e9292\"}\n>player p2 {\"name\":\"jimothy cool yt\",\"avatar\":\"lucas\",\"rating\":2448,\"seed\":\"sodium,59369ba683bf3cf54b491af69c208026\"}\n>p1 move bugbuzz\n>p2 switch 2\n>p1 switch 2\n>p2 move toxicspikes\n>p1 move surf\n>p2 switch 2\n>p1 move defog\n>p2 move wish\n>p1 move surf\n>p2 move bodyslam\n>p1 switch 6\n>p2 move bodyslam\n>p1 move saltcure\n>p2 switch 2\n>p1 move earthquake\n>p2 move toxicspikes\n>p1 move earthquake\n>p2 switch 5\n>p1 move protect\n>p2 move uturn\n>p1 switch 6\n>p2 move waterpulse\n>p1 move roost\n>p2 move uturn\n>p2 switch 2\n>p1 switch 2\n>p2 move psychicnoise\n>p1 switch 2\n>p2 move wish\n>p1 move roost\n>p2 move bodyslam\n>p1 move surf\n>p2 move bodyslam\n>p1 switch 2\n>p1 move bugbuzz\n>p2 switch 5\n>p1 switch 6\n>p2 move recover\n>p1 move saltcure\n>p2 move recover\n>p1 move earthquake\n>p2 switch 2\n>p1 switch 3\n>p2 move waterpulse\n>p1 move swordsdance\n>p2 switch 3\n>p1 move headbutt\n>p2 switch 5\n>p2 switch 2\n>p1 move highhorsepower\n>p2 move recover\n>p1 move highhorsepower\n>p2 switch 5\n>p1 switch 4\n>p1 move sleeppowder\n>p2 switch 4\n>p1 move quiverdance\n>p2 switch 6\n>p1 move hurricane\n>p2 move calmmind\n>p1 move quiverdance\n>p2 move calmmind\n>p1 move hurricane\n>p2 move synthesis\n>p1 move hurricane\n>p2 switch 5\n>p1 move hurricane\n>p2 move recover\n>p2 switch 5\n>p1 move hurricane\n>p2 move synthesis\n>p1 move quiverdance\n>p2 move calmmind\n>p1 move hurricane\n>p2 move calmmind\n>p1 move hurricane\n>p2 move synthesis\n>forcelose p2", "uploadtime": 1781376627, "views": 11, "formatid": "gen9randombattle", "rating": null, "private": 0, "password": null}