{"id": "gen9randombattle-2631710770", "format": "[Gen 9] Random Battle", "players": ["Saaskin", "Lachrymose"], "log": "|j|\u2606Saaskin\n|j|\u203dLachrymose\n|t:|1781426417\n|gametype|singles\n|player|p1|Saaskin|265|2030\n|player|p2|Lachrymose|169|2046\n|gen|9\n|tier|[Gen 9] Random Battle\n|rated|\n|rule|Species Clause: Limit one of each Pok\u00e9mon\n|rule|HP Percentage Mod: HP is shown in percentages\n|rule|Sleep Clause Mod: Limit one foe put to sleep\n|rule|Illusion Level Mod: Illusion disguises the Pok\u00e9mon's true level\n|\n|t:|1781426417\n|teamsize|p1|6\n|teamsize|p2|6\n|start\n|switch|p1a: Zapdos|Zapdos, L78|268/268\n|switch|p2a: Articuno|Articuno-Galar, L84|288/288\n|turn|1\n|inactive|Battle timer is ON: inactive players will automatically lose when time's up. (requested by Saaskin)\n|\n|t:|1781426435\n|switch|p2a: Giratina|Giratina, L75|349/349\n|-ability|p2a: Giratina|Pressure\n|move|p1a: Zapdos|U-turn|p2a: Giratina\n|-resisted|p2a: Giratina\n|-damage|p2a: Giratina|331/349\n|\n|t:|1781426463\n|switch|p1a: Venusaur|Venusaur, L84, M|272/272|[from] U-turn\n|\n|-heal|p2a: Giratina|349/349|[from] item: Leftovers\n|upkeep\n|turn|2\n|inactive|Lachrymose has 120 seconds left.\n|\n|t:|1781426494\n|move|p1a: Venusaur|Knock Off|p2a: Giratina\n|-supereffective|p2a: Giratina\n|-damage|p2a: Giratina|243/349\n|-enditem|p2a: Giratina|Leftovers|[from] move: Knock Off|[of] p1a: Venusaur\n|move|p2a: Giratina|Calm Mind|p2a: Giratina\n|-boost|p2a: Giratina|spa|1\n|-boost|p2a: Giratina|spd|1\n|\n|upkeep\n|turn|3\n|\n|t:|1781426502\n|switch|p1a: Lumineon|Lumineon, L93, M|279/279\n|move|p2a: Giratina|Dragon Pulse|p1a: Lumineon\n|-crit|p1a: Lumineon\n|-damage|p1a: Lumineon|126/279\n|\n|upkeep\n|turn|4\n|\n|t:|1781426513\n|move|p1a: Lumineon|Ice Beam|p2a: Giratina\n|-supereffective|p2a: Giratina\n|-damage|p2a: Giratina|177/349\n|move|p2a: Giratina|Dragon Pulse|p1a: Lumineon\n|-damage|p1a: Lumineon|23/279\n|\n|upkeep\n|turn|5\n|\n|t:|1781426523\n|move|p1a: Lumineon|Ice Beam|p2a: Giratina\n|-supereffective|p2a: Giratina\n|-damage|p2a: Giratina|103/349\n|move|p2a: Giratina|Rest|p2a: Giratina\n|-status|p2a: Giratina|slp|[from] move: Rest\n|-heal|p2a: Giratina|349/349 slp|[silent]\n|\n|upkeep\n|turn|6\n|\n|t:|1781426536\n|move|p1a: Lumineon|Encore|p2a: Giratina\n|-start|p2a: Giratina|Encore\n|cant|p2a: Giratina|slp\n|\n|upkeep\n|turn|7\n|\n|t:|1781426545\n|switch|p1a: Breloom|Breloom, L83, F|235/235\n|cant|p2a: Giratina|slp\n|\n|upkeep\n|turn|8\n|\n|t:|1781426569\n|-curestatus|p2a: Giratina|slp|[msg]\n|move|p2a: Giratina|Rest|p2a: Giratina\n|-fail|p2a: Giratina|heal\n|move|p1a: Breloom|Rock Tomb|p2a: Giratina\n|-damage|p2a: Giratina|255/349\n|-unboost|p2a: Giratina|spe|1\n|-damage|p1a: Breloom|212/235|[from] item: Life Orb\n|\n|-end|p2a: Giratina|Encore\n|upkeep\n|turn|9\n|\n|t:|1781426579\n|move|p1a: Breloom|Spore|p2a: Giratina\n|-status|p2a: Giratina|slp|[from] move: Spore\n|cant|p2a: Giratina|slp\n|\n|upkeep\n|turn|10\n|\n|t:|1781426589\n|move|p1a: Breloom|Bullet Seed|p2a: Giratina\n|-resisted|p2a: Giratina\n|-damage|p2a: Giratina|228/349 slp\n|-resisted|p2a: Giratina\n|-damage|p2a: Giratina|201/349 slp\n|-hitcount|p2a: Giratina|2\n|-damage|p1a: Breloom|189/235|[from] item: Life Orb\n|cant|p2a: Giratina|slp\n|move|p2a: Giratina|Sleep Talk|p2a: Giratina\n|move|p2a: Giratina|Calm Mind|p2a: Giratina|[from] move: Sleep Talk\n|-boost|p2a: Giratina|spa|1\n|-boost|p2a: Giratina|spd|1\n|\n|upkeep\n|turn|11\n|\n|t:|1781426600\n|move|p1a: Breloom|Rock Tomb|p2a: Giratina\n|-damage|p2a: Giratina|113/349 slp\n|-unboost|p2a: Giratina|spe|1\n|-damage|p1a: Breloom|166/235|[from] item: Life Orb\n|cant|p2a: Giratina|slp\n|\n|upkeep\n|turn|12\n|\n|t:|1781426605\n|move|p1a: Breloom|Rock Tomb|p2a: Giratina\n|-damage|p2a: Giratina|23/349 slp\n|-unboost|p2a: Giratina|spe|1\n|-damage|p1a: Breloom|143/235|[from] item: Life Orb\n|-curestatus|p2a: Giratina|slp|[msg]\n|move|p2a: Giratina|Rest|p2a: Giratina\n|-status|p2a: Giratina|slp|[from] move: Rest\n|-heal|p2a: Giratina|349/349 slp|[silent]\n|\n|upkeep\n|turn|13\n|\n|t:|1781426616\n|switch|p1a: Okidogi|Okidogi, L77, M|262/262\n|cant|p2a: Giratina|slp\n|move|p2a: Giratina|Sleep Talk|p2a: Giratina\n|move|p2a: Giratina|Dragon Pulse|p1a: Okidogi|[from] move: Sleep Talk\n|-damage|p1a: Okidogi|102/262\n|\n|-heal|p1a: Okidogi|118/262|[from] item: Leftovers\n|upkeep\n|turn|14\n|-message|Saaskin forfeited.\n|\n|win|Lachrymose\n", "inputlog": ">version a8376a258c1d4662feba110a92103f3664a72141\n>start {\"formatid\":\"gen9randombattle\",\"seed\":\"sodium,01190fdbdbf20071e66816c85a5083eb\",\"rated\":\"Rated battle\"}\n>player p1 {\"name\":\"Saaskin\",\"avatar\":\"265\",\"rating\":2030,\"seed\":\"sodium,0921443900cf93b00c2e7505dc1b14d0\"}\n>player p2 {\"name\":\"Lachrymose\",\"avatar\":\"169\",\"rating\":2046,\"seed\":\"sodium,28cb2c55170f350052352e7d9127e51a\"}\n>p1 move uturn\n>p2 switch 5\n>p1 switch 5\n>p1 move knockoff\n>p2 move calmmind\n>p1 switch 3\n>p2 move dragonpulse\n>p1 move icebeam\n>p2 move dragonpulse\n>p1 move icebeam\n>p2 move rest\n>p1 move encore\n>p2 move sleeptalk\n>p1 switch 6\n>p2 move rest\n>p1 move rocktomb\n>p2 move rest\n>p1 move spore\n>p2 move dragonpulse\n>p1 move bulletseed\n>p2 move sleeptalk\n>p1 move rocktomb\n>p2 move rest\n>p1 move rocktomb\n>p2 move rest\n>p1 switch 4\n>p2 move sleeptalk\n>forcelose p1", "uploadtime": 1781426418, "views": 4, "formatid": "gen9randombattle", "rating": null, "private": 0, "password": null}