{"id": "gen9randombattle-2631672788", "format": "[Gen 9] Random Battle", "players": ["hnrysml", "woxihuanni"], "log": "|j|\u2606hnrysml\n|j|\u2606woxihuanni\n|t:|1781419045\n|gametype|singles\n|player|p1|hnrysml|birdkeeper-gen4dp|2054\n|player|p2|woxihuanni|169|2161\n|gen|9\n|tier|[Gen 9] Random Battle\n|rated|\n|rule|Species Clause: Limit one of each Pok\u00e9mon\n|rule|HP Percentage Mod: HP is shown in percentages\n|rule|Sleep Clause Mod: Limit one foe put to sleep\n|rule|Illusion Level Mod: Illusion disguises the Pok\u00e9mon's true level\n|\n|t:|1781419045\n|teamsize|p1|6\n|teamsize|p2|6\n|start\n|switch|p1a: Porygon2|Porygon2, L81|270/270\n|switch|p2a: Ting-Lu|Ting-Lu, L78|370/370\n|-ability|p1a: Porygon2|Download|boost\n|-boost|p1a: Porygon2|spa|1\n|-ability|p2a: Ting-Lu|Vessel of Ruin\n|turn|1\n|c|\u2606hnrysml|glhf\n|inactive|Battle timer is ON: inactive players will automatically lose when time's up. (requested by woxihuanni)\n|\n|t:|1781419065\n|move|p1a: Porygon2|Ice Beam|p2a: Ting-Lu\n|-supereffective|p2a: Ting-Lu\n|-damage|p2a: Ting-Lu|208/370\n|move|p2a: Ting-Lu|Spikes|p1a: Porygon2\n|-sidestart|p1: hnrysml|Spikes\n|\n|-heal|p2a: Ting-Lu|231/370|[from] item: Leftovers\n|upkeep\n|turn|2\n|\n|t:|1781419074\n|move|p1a: Porygon2|Tri Attack|p2a: Ting-Lu\n|-damage|p2a: Ting-Lu|119/370\n|move|p2a: Ting-Lu|Ruination|p1a: Porygon2\n|-damage|p1a: Porygon2|135/270\n|\n|-heal|p2a: Ting-Lu|142/370|[from] item: Leftovers\n|upkeep\n|turn|3\n|\n|t:|1781419078\n|switch|p2a: Flutter Mane|Flutter Mane, L74|203/203\n|move|p1a: Porygon2|Ice Beam|p2a: Flutter Mane\n|-crit|p2a: Flutter Mane\n|-damage|p2a: Flutter Mane|93/203\n|\n|upkeep\n|turn|4\n|\n|t:|1781419083\n|move|p2a: Flutter Mane|Moonblast|p1a: Porygon2\n|-damage|p1a: Porygon2|35/270\n|move|p1a: Porygon2|Discharge|p2a: Flutter Mane\n|-crit|p2a: Flutter Mane\n|-damage|p2a: Flutter Mane|0 fnt\n|faint|p2a: Flutter Mane\n|-end|p2a: Flutter Mane|Protosynthesis|[silent]\n|\n|upkeep\n|\n|t:|1781419087\n|switch|p2a: Exeggutor|Exeggutor, L89, M|312/312\n|turn|5\n|c|\u2606hnrysml|woxihuanporygon2\n|\n|t:|1781419096\n|move|p2a: Exeggutor|Psychic Noise|p1a: Porygon2\n|-damage|p1a: Porygon2|0 fnt\n|faint|p1a: Porygon2\n|\n|upkeep\n|\n|t:|1781419105\n|switch|p1a: Pelipper|Pelipper, L86, M|243/243\n|-weather|RainDance|[from] ability: Drizzle|[of] p1a: Pelipper\n|turn|6\n|\n|t:|1781419111\n|switch|p2a: Ting-Lu|Ting-Lu, L78|142/370\n|-ability|p2a: Ting-Lu|Vessel of Ruin\n|move|p1a: Pelipper|Hurricane|p2a: Ting-Lu\n|-crit|p2a: Ting-Lu\n|-damage|p2a: Ting-Lu|0 fnt\n|faint|p2a: Ting-Lu\n|\n|-weather|RainDance|[upkeep]\n|upkeep\n|\n|t:|1781419116\n|switch|p2a: Iron Thorns|Iron Thorns, L83|302/302\n|turn|7\n|\n|t:|1781419119\n|switch|p1a: Poliwrath|Poliwrath, L88, F|302/302\n|-damage|p1a: Poliwrath|265/302|[from] Spikes\n|move|p2a: Iron Thorns|Volt Switch|p1a: Poliwrath\n|-supereffective|p1a: Poliwrath\n|-damage|p1a: Poliwrath|157/302\n|\n|t:|1781419123\n|-end|p2a: Iron Thorns|Quark Drive|[silent]\n|switch|p2a: Exeggutor|Exeggutor, L89, M|312/312|[from] Volt Switch\n|\n|-weather|RainDance|[upkeep]\n|upkeep\n|turn|8\n|\n|t:|1781419131\n|move|p1a: Poliwrath|Knock Off|p2a: Exeggutor\n|-supereffective|p2a: Exeggutor\n|-damage|p2a: Exeggutor|138/312\n|-enditem|p2a: Exeggutor|Sitrus Berry|[from] move: Knock Off|[of] p1a: Poliwrath\n|-damage|p1a: Poliwrath|127/302|[from] item: Life Orb\n|move|p2a: Exeggutor|Psychic Noise|p1a: Poliwrath\n|-supereffective|p1a: Poliwrath\n|-damage|p1a: Poliwrath|0 fnt\n|faint|p1a: Poliwrath\n|\n|-weather|RainDance|[upkeep]\n|upkeep\n|\n|t:|1781419133\n|switch|p1a: Pelipper|Pelipper, L86, M|243/243\n|turn|9\n|\n|t:|1781419140\n|switch|p2a: Swanna|Swanna, L89, F|278/278\n|move|p1a: Pelipper|U-turn|p2a: Swanna\n|-resisted|p2a: Swanna\n|-damage|p2a: Swanna|260/278\n|\n|t:|1781419144\n|switch|p1a: Raging Bolt|Raging Bolt, L78|323/323|[from] U-turn\n|-damage|p1a: Raging Bolt|283/323|[from] Spikes\n|-enditem|p1a: Raging Bolt|Booster Energy\n|-activate|p1a: Raging Bolt|ability: Protosynthesis|[fromitem]\n|-start|p1a: Raging Bolt|protosynthesisspa\n|\n|-weather|RainDance|[upkeep]\n|upkeep\n|turn|10\n|\n|t:|1781419151\n|move|p2a: Swanna|Hydro Pump|p1a: Raging Bolt\n|-resisted|p1a: Raging Bolt\n|-damage|p1a: Raging Bolt|191/323\n|move|p1a: Raging Bolt|Calm Mind|p1a: Raging Bolt\n|-boost|p1a: Raging Bolt|spa|1\n|-boost|p1a: Raging Bolt|spd|1\n|\n|-weather|none\n|upkeep\n|turn|11\n|\n|t:|1781419159\n|switch|p2a: Iron Thorns|Iron Thorns, L83|302/302\n|move|p1a: Raging Bolt|Dragon Pulse|p2a: Iron Thorns\n|-damage|p2a: Iron Thorns|170/302\n|\n|upkeep\n|turn|12\n|\n|t:|1781419164\n|move|p2a: Iron Thorns|Earthquake|p1a: Raging Bolt\n|-supereffective|p1a: Raging Bolt\n|-damage|p1a: Raging Bolt|7/323\n|move|p1a: Raging Bolt|Dragon Pulse|p2a: Iron Thorns\n|-damage|p2a: Iron Thorns|35/302\n|\n|upkeep\n|turn|13\n|\n|t:|1781419169\n|-end|p2a: Iron Thorns|Quark Drive|[silent]\n|switch|p2a: Exeggutor|Exeggutor, L89, M|138/312\n|move|p1a: Raging Bolt|Thunderbolt|p2a: Exeggutor\n|-resisted|p2a: Exeggutor\n|-damage|p2a: Exeggutor|19/312\n|-status|p2a: Exeggutor|par\n|\n|upkeep\n|turn|14\n|\n|t:|1781419172\n|move|p1a: Raging Bolt|Dragon Pulse|p2a: Exeggutor\n|-damage|p2a: Exeggutor|0 fnt\n|faint|p2a: Exeggutor\n|\n|upkeep\n|\n|t:|1781419173\n|switch|p2a: Swanna|Swanna, L89, F|260/278\n|turn|15\n|\n|t:|1781419175\n|-terastallize|p2a: Swanna|Ground\n|move|p1a: Raging Bolt|Thunderclap|p2a: Swanna\n|-immune|p2a: Swanna\n|move|p2a: Swanna|Brave Bird|p1a: Raging Bolt\n|-resisted|p1a: Raging Bolt\n|-damage|p1a: Raging Bolt|0 fnt\n|faint|p1a: Raging Bolt\n|-end|p1a: Raging Bolt|Protosynthesis|[silent]\n|-damage|p2a: Swanna|258/278|[from] Recoil\n|\n|upkeep\n|\n|t:|1781419177\n|switch|p1a: Pelipper|Pelipper, L86, M|243/243\n|-weather|RainDance|[from] ability: Drizzle|[of] p1a: Pelipper\n|turn|16\n|\n|t:|1781419181\n|move|p2a: Swanna|Brave Bird|p1a: Pelipper\n|-damage|p1a: Pelipper|134/243\n|-damage|p2a: Swanna|222/278|[from] Recoil\n|move|p1a: Pelipper|Weather Ball|p2a: Swanna\n|-supereffective|p2a: Swanna\n|-damage|p2a: Swanna|0 fnt\n|faint|p2a: Swanna\n|\n|-weather|RainDance|[upkeep]\n|upkeep\n|\n|t:|1781419183\n|switch|p2a: Iron Thorns|Iron Thorns, L83|35/302\n|turn|17\n|\n|t:|1781419188\n|move|p2a: Iron Thorns|Stone Edge|p1a: Pelipper\n|-supereffective|p1a: Pelipper\n|-damage|p1a: Pelipper|0 fnt\n|faint|p1a: Pelipper\n|\n|-weather|RainDance|[upkeep]\n|upkeep\n|\n|t:|1781419190\n|switch|p1a: Iron Valiant|Iron Valiant, L78|244/244\n|-damage|p1a: Iron Valiant|214/244|[from] Spikes\n|turn|18\n|\n|t:|1781419194\n|move|p1a: Iron Valiant|Moonblast|p2a: Iron Thorns\n|-damage|p2a: Iron Thorns|0 fnt\n|faint|p2a: Iron Thorns\n|-end|p2a: Iron Thorns|Quark Drive|[silent]\n|-damage|p1a: Iron Valiant|190/244|[from] item: Life Orb\n|\n|-weather|RainDance|[upkeep]\n|upkeep\n|\n|t:|1781419195\n|switch|p2a: Hydrapple|Hydrapple, L83, F|312/312\n|turn|19\n|\n|t:|1781419198\n|move|p1a: Iron Valiant|Moonblast|p2a: Hydrapple\n|-supereffective|p2a: Hydrapple\n|-damage|p2a: Hydrapple|0 fnt\n|faint|p2a: Hydrapple\n|-damage|p1a: Iron Valiant|166/244|[from] item: Life Orb\n|\n|win|hnrysml\n|raw|hnrysml's rating: 2054 &rarr; <strong>2080</strong><br />(+26 for winning)\n|raw|woxihuanni's rating: 2161 &rarr; <strong>2135</strong><br />(-26 for losing)\n", "inputlog": ">version a8376a258c1d4662feba110a92103f3664a72141\n>start {\"formatid\":\"gen9randombattle\",\"seed\":\"sodium,300811e4a26cf6fa9d8bb21c16b61f1a\",\"rated\":\"Rated battle\"}\n>player p1 {\"name\":\"hnrysml\",\"avatar\":\"birdkeeper-gen4dp\",\"rating\":2054,\"seed\":\"sodium,17517d57be2653f90dcbf17c132140fe\"}\n>player p2 {\"name\":\"woxihuanni\",\"avatar\":\"169\",\"rating\":2161,\"seed\":\"sodium,a331d49510cc3b740f346035235ad060\"}\n>chat \u2606hnrysml|glhf\n>p1 move icebeam\n>p2 move spikes\n>p1 move triattack\n>p2 move ruination\n>p1 move icebeam\n>p2 switch 6\n>p1 move discharge\n>p2 move moonblast\n>p2 switch 3\n>chat \u2606hnrysml|woxihuanporygon2\n>p1 move icebeam\n>p2 move psychicnoise\n>p1 switch 5\n>p1 move hurricane\n>p2 switch 6\n>p2 switch 5\n>p1 switch 3\n>p2 move voltswitch\n>p2 switch 6\n>p1 move knockoff\n>p2 move psychicnoise\n>p1 switch 3\n>p1 move uturn\n>p2 switch 2\n>p1 switch 6\n>p1 move calmmind\n>p2 move hydropump\n>p1 move dragonpulse\n>p2 switch 6\n>p1 move dragonpulse\n>p2 move earthquake\n>p1 move thunderbolt\n>p2 switch 2\n>p1 move dragonpulse\n>p2 move leechseed\n>p2 switch 6\n>p1 move thunderclap\n>p2 move bravebird terastallize\n>p1 switch 6\n>p1 move weatherball\n>p2 move bravebird\n>p2 switch 2\n>p1 move weatherball\n>p2 move stoneedge\n>p1 switch 2\n>p1 move moonblast\n>p2 move wildcharge\n>p2 switch 4\n>p1 move moonblast\n>p2 move leafstorm", "uploadtime": 1781419198, "views": 5, "formatid": "gen9randombattle", "rating": 2080, "private": 0, "password": null}