{"id": "gen9randombattle-2631413514", "format": "[Gen 9] Random Battle", "players": ["dragonite0127", "zoziiipoo"], "log": "|j|\u2606dragonite0127\n|j|\u2606zoziiipoo\n|t:|1781381676\n|gametype|singles\n|player|p1|dragonite0127|n|1347\n|player|p2|zoziiipoo|volkner|1363\n|gen|9\n|tier|[Gen 9] Random Battle\n|rated|\n|rule|Species Clause: Limit one of each Pok\u00e9mon\n|rule|HP Percentage Mod: HP is shown in percentages\n|rule|Sleep Clause Mod: Limit one foe put to sleep\n|rule|Illusion Level Mod: Illusion disguises the Pok\u00e9mon's true level\n|\n|t:|1781381676\n|teamsize|p1|6\n|teamsize|p2|6\n|start\n|switch|p1a: Zekrom|Zekrom, L71|259/259\n|switch|p2a: Kricketune|Kricketune, L99, F|311/311\n|-ability|p1a: Zekrom|Teravolt\n|turn|1\n|inactive|Battle timer is ON: inactive players will automatically lose when time's up. (requested by zoziiipoo)\n|\n|t:|1781381688\n|move|p2a: Kricketune|Taunt|p1a: Zekrom\n|-start|p1a: Zekrom|move: Taunt\n|cant|p1a: Zekrom|move: Taunt|Dragon Dance\n|\n|upkeep\n|turn|2\n|\n|t:|1781381694\n|move|p2a: Kricketune|Sticky Web|p1a: Zekrom\n|-sidestart|p1: dragonite0127|move: Sticky Web\n|move|p1a: Zekrom|Bolt Strike|p2a: Kricketune\n|-damage|p2a: Kricketune|133/311\n|\n|upkeep\n|turn|3\n|\n|t:|1781381716\n|switch|p1a: Vikavolt|Vikavolt, L83, M|263/263\n|move|p2a: Kricketune|Knock Off|p1a: Vikavolt\n|-damage|p1a: Vikavolt|185/263\n|-enditem|p1a: Vikavolt|Heavy-Duty Boots|[from] move: Knock Off|[of] p2a: Kricketune\n|\n|upkeep\n|turn|4\n|\n|t:|1781381730\n|switch|p2a: Eternatus|Eternatus, L69|308/308\n|-ability|p2a: Eternatus|Pressure\n|move|p1a: Vikavolt|Sticky Web|p2a: Eternatus\n|-sidestart|p2: zoziiipoo|move: Sticky Web\n|\n|upkeep\n|turn|5\n|\n|t:|1781381751\n|move|p2a: Eternatus|Fire Blast|p1a: Vikavolt|[miss]\n|-miss|p2a: Eternatus|p1a: Vikavolt\n|move|p1a: Vikavolt|Thunderbolt|p2a: Eternatus\n|-resisted|p2a: Eternatus\n|-damage|p2a: Eternatus|227/308\n|\n|-heal|p2a: Eternatus|246/308|[from] item: Leftovers\n|upkeep\n|turn|6\n|\n|t:|1781381763\n|switch|p1a: Sudowoodo|Sudowoodo, L94, F|284/284\n|-activate|p1a: Sudowoodo|move: Sticky Web\n|-unboost|p1a: Sudowoodo|spe|1\n|move|p2a: Eternatus|Fire Blast|p1a: Sudowoodo\n|-resisted|p1a: Sudowoodo\n|-damage|p1a: Sudowoodo|247/284\n|\n|-heal|p2a: Eternatus|265/308|[from] item: Leftovers\n|-heal|p1a: Sudowoodo|264/284|[from] item: Leftovers\n|upkeep\n|turn|7\n|\n|t:|1781381775\n|move|p2a: Eternatus|Dynamax Cannon|p1a: Sudowoodo\n|-damage|p1a: Sudowoodo|159/284\n|move|p1a: Sudowoodo|Stealth Rock|p2a: Eternatus\n|-sidestart|p2: zoziiipoo|move: Stealth Rock\n|\n|-heal|p2a: Eternatus|284/308|[from] item: Leftovers\n|-heal|p1a: Sudowoodo|176/284|[from] item: Leftovers\n|upkeep\n|turn|8\n|\n|t:|1781381784\n|move|p2a: Eternatus|Dynamax Cannon|p1a: Sudowoodo\n|-damage|p1a: Sudowoodo|65/284\n|move|p1a: Sudowoodo|Head Smash|p2a: Eternatus\n|-damage|p2a: Eternatus|46/308\n|\n|-heal|p2a: Eternatus|65/308|[from] item: Leftovers\n|-heal|p1a: Sudowoodo|82/284|[from] item: Leftovers\n|upkeep\n|turn|9\n|\n|t:|1781381794\n|move|p1a: Sudowoodo|Sucker Punch|p2a: Eternatus\n|-damage|p2a: Eternatus|0 fnt\n|faint|p2a: Eternatus\n|\n|-heal|p1a: Sudowoodo|99/284|[from] item: Leftovers\n|upkeep\n|\n|t:|1781381809\n|switch|p2a: Luvdisc|Luvdisc, M|247/247\n|turn|10\n|\n|t:|1781381825\n|move|p2a: Luvdisc|Surf|p1a: Sudowoodo\n|-supereffective|p1a: Sudowoodo\n|-damage|p1a: Sudowoodo|0 fnt\n|faint|p1a: Sudowoodo\n|\n|upkeep\n|\n|t:|1781381839\n|switch|p1a: Trevenant|Trevenant, L89, F|296/296\n|-activate|p1a: Trevenant|move: Sticky Web\n|-unboost|p1a: Trevenant|spe|1\n|turn|11\n|\n|t:|1781381848\n|switch|p2a: Kricketune|Kricketune, L99, F|133/311\n|-activate|p2a: Kricketune|move: Sticky Web\n|-unboost|p2a: Kricketune|spe|1\n|-damage|p2a: Kricketune|56/311|[from] Stealth Rock\n|move|p1a: Trevenant|Toxic|p2a: Kricketune\n|-status|p2a: Kricketune|tox\n|\n|-damage|p2a: Kricketune|37/311 tox|[from] psn\n|upkeep\n|turn|12\n|\n|t:|1781381860\n|move|p1a: Trevenant|Protect|p1a: Trevenant\n|-singleturn|p1a: Trevenant|Protect\n|move|p2a: Kricketune|Pounce|p1a: Trevenant\n|-activate|p1a: Trevenant|move: Protect\n|\n|-damage|p2a: Kricketune|0 fnt|[from] psn\n|faint|p2a: Kricketune\n|upkeep\n|\n|t:|1781381874\n|switch|p2a: Lokix|Lokix, L82, F|251/251\n|-activate|p2a: Lokix|move: Sticky Web\n|-unboost|p2a: Lokix|spe|1\n|-damage|p2a: Lokix|189/251|[from] Stealth Rock\n|turn|13\n|\n|t:|1781381887\n|move|p2a: Lokix|First Impression|p1a: Trevenant\n|-damage|p1a: Trevenant|179/296\n|move|p1a: Trevenant|Toxic|p2a: Lokix\n|-status|p2a: Lokix|tox\n|\n|-damage|p2a: Lokix|174/251 tox|[from] psn\n|upkeep\n|turn|14\n|\n|t:|1781381900\n|move|p2a: Lokix|Knock Off|p1a: Trevenant\n|-supereffective|p1a: Trevenant\n|-damage|p1a: Trevenant|0 fnt\n|-enditem|p1a: Trevenant|Sitrus Berry|[from] move: Knock Off|[of] p2a: Lokix\n|faint|p1a: Trevenant\n|\n|-damage|p2a: Lokix|144/251 tox|[from] psn\n|upkeep\n|\n|t:|1781381922\n|switch|p1a: Salamence|Salamence, L77, F|273/273\n|turn|15\n|\n|t:|1781381927\n|move|p1a: Salamence|Dual Wingbeat|p2a: Lokix|[miss]\n|-miss|p1a: Salamence|p2a: Lokix\n|move|p2a: Lokix|Knock Off|p1a: Salamence\n|-damage|p1a: Salamence|158/273\n|-enditem|p1a: Salamence|Heavy-Duty Boots|[from] move: Knock Off|[of] p2a: Lokix\n|\n|-damage|p2a: Lokix|99/251 tox|[from] psn\n|upkeep\n|turn|16\n|\n|t:|1781381939\n|move|p2a: Lokix|Sucker Punch|p1a: Salamence\n|-damage|p1a: Salamence|76/273\n|move|p1a: Salamence|Dual Wingbeat|p2a: Lokix\n|-supereffective|p2a: Lokix\n|-damage|p2a: Lokix|0 fnt\n|faint|p2a: Lokix\n|-ability|p1a: Salamence|Moxie|boost\n|-boost|p1a: Salamence|atk|1\n|-hitcount|p2: Lokix|1\n|\n|upkeep\n|\n|t:|1781381954\n|switch|p2a: Dragonite|Dragonite, L74, F|257/257\n|turn|17\n|\n|t:|1781381963\n|move|p1a: Salamence|Outrage|p2a: Dragonite\n|-supereffective|p2a: Dragonite\n|-damage|p2a: Dragonite|46/257\n|move|p2a: Dragonite|Dragon Dance|p2a: Dragonite\n|-boost|p2a: Dragonite|atk|1\n|-boost|p2a: Dragonite|spe|1\n|\n|upkeep\n|turn|18\n|\n|t:|1781381975\n|move|p2a: Dragonite|Outrage|p1a: Salamence\n|-supereffective|p1a: Salamence\n|-damage|p1a: Salamence|0 fnt\n|faint|p1a: Salamence\n|\n|upkeep\n|\n|t:|1781381990\n|switch|p1a: Phione|Phione, L91|293/293\n|-activate|p1a: Phione|move: Sticky Web\n|-unboost|p1a: Phione|spe|1\n|turn|19\n|\n|t:|1781382003\n|-terastallize|p1a: Phione|Steel\n|move|p2a: Dragonite|Outrage|p1a: Phione|[from] lockedmove\n|-resisted|p1a: Phione\n|-damage|p1a: Phione|192/293\n|move|p1a: Phione|Scald|p2a: Dragonite\n|-resisted|p2a: Dragonite\n|-damage|p2a: Dragonite|0 fnt\n|faint|p2a: Dragonite\n|\n|-heal|p1a: Phione|210/293|[from] item: Leftovers\n|upkeep\n|\n|t:|1781382016\n|switch|p2a: Luvdisc|Luvdisc, M|247/247\n|turn|20\n|\n|t:|1781382027\n|move|p2a: Luvdisc|Whirlpool|p1a: Phione\n|-damage|p1a: Phione|182/293\n|-activate|p1a: Phione|move: Whirlpool|[of] p2a: Luvdisc\n|move|p1a: Phione|Scald|p2a: Luvdisc\n|-resisted|p2a: Luvdisc\n|-damage|p2a: Luvdisc|202/247\n|-status|p2a: Luvdisc|brn\n|\n|-heal|p1a: Phione|200/293|[from] item: Leftovers\n|-damage|p2a: Luvdisc|187/247 brn|[from] brn\n|-damage|p1a: Phione|164/293|[from] move: Whirlpool|[partiallytrapped]\n|upkeep\n|turn|21\n|\n|t:|1781382041\n|move|p2a: Luvdisc|Substitute|p2a: Luvdisc\n|-start|p2a: Luvdisc|Substitute\n|-damage|p2a: Luvdisc|126/247 brn\n|move|p1a: Phione|Scald|p2a: Luvdisc\n|-resisted|p2a: Luvdisc\n|-activate|p2a: Luvdisc|move: Substitute|[damage]\n|\n|-heal|p1a: Phione|182/293|[from] item: Leftovers\n|-damage|p2a: Luvdisc|111/247 brn|[from] brn\n|-damage|p1a: Phione|146/293|[from] move: Whirlpool|[partiallytrapped]\n|upkeep\n|turn|22\n|\n|t:|1781382055\n|move|p2a: Luvdisc|Surf|p1a: Phione\n|-damage|p1a: Phione|71/293\n|move|p1a: Phione|Scald|p2a: Luvdisc\n|-resisted|p2a: Luvdisc\n|-end|p2a: Luvdisc|Substitute\n|\n|-heal|p1a: Phione|89/293|[from] item: Leftovers\n|-damage|p2a: Luvdisc|96/247 brn|[from] brn\n|-damage|p1a: Phione|53/293|[from] move: Whirlpool|[partiallytrapped]\n|upkeep\n|turn|23\n|\n|t:|1781382068\n|move|p2a: Luvdisc|Surf|p1a: Phione\n|-damage|p1a: Phione|0 fnt\n|faint|p1a: Phione\n|\n|-damage|p2a: Luvdisc|81/247 brn|[from] brn\n|upkeep\n|\n|t:|1781382087\n|switch|p1a: Vikavolt|Vikavolt, L83, M|185/263\n|turn|24\n|\n|t:|1781382102\n|-terastallize|p2a: Luvdisc|Ground\n|move|p2a: Luvdisc|Surf|p1a: Vikavolt\n|-damage|p1a: Vikavolt|100/263\n|move|p1a: Vikavolt|Energy Ball|p2a: Luvdisc\n|-supereffective|p2a: Luvdisc\n|-damage|p2a: Luvdisc|0 fnt\n|faint|p2a: Luvdisc\n|\n|upkeep\n|\n|t:|1781382115\n|switch|p2a: Arceus|Arceus, L68|276/276\n|-activate|p2a: Arceus|move: Sticky Web\n|-unboost|p2a: Arceus|spe|1\n|-damage|p2a: Arceus|242/276|[from] Stealth Rock\n|turn|25\n|\n|t:|1781382122\n|move|p2a: Arceus|Swords Dance|p2a: Arceus\n|-boost|p2a: Arceus|atk|2\n|move|p1a: Vikavolt|Thunderbolt|p2a: Arceus\n|-damage|p2a: Arceus|122/276\n|\n|upkeep\n|turn|26\n|\n|t:|1781382130\n|move|p2a: Arceus|Extreme Speed|p1a: Vikavolt\n|-damage|p1a: Vikavolt|0 fnt\n|faint|p1a: Vikavolt\n|-damage|p2a: Arceus|95/276|[from] item: Life Orb\n|\n|upkeep\n|\n|t:|1781382136\n|switch|p1a: Zekrom|Zekrom, L71|259/259\n|-activate|p1a: Zekrom|move: Sticky Web\n|-unboost|p1a: Zekrom|spe|1\n|-ability|p1a: Zekrom|Teravolt\n|turn|27\n|\n|t:|1781382143\n|move|p2a: Arceus|Earthquake|p1a: Zekrom\n|-supereffective|p1a: Zekrom\n|-damage|p1a: Zekrom|7/259\n|-damage|p2a: Arceus|68/276|[from] item: Life Orb\n|move|p1a: Zekrom|Bolt Strike|p2a: Arceus\n|-damage|p2a: Arceus|0 fnt\n|faint|p2a: Arceus\n|\n|win|dragonite0127\n|raw|dragonite0127's rating: 1347 &rarr; <strong>1368</strong><br />(+21 for winning)\n|raw|zoziiipoo's rating: 1363 &rarr; <strong>1342</strong><br />(-21 for losing)\n|c|\u2606zoziiipoo|Gg\n|l|\u2606zoziiipoo\n|player|p2|\n", "inputlog": ">version a8376a258c1d4662feba110a92103f3664a72141\n>start {\"formatid\":\"gen9randombattle\",\"seed\":\"sodium,acf1bf416e877451f4edfc42f29656be\",\"rated\":\"Rated battle\"}\n>player p1 {\"name\":\"dragonite0127\",\"avatar\":\"n\",\"rating\":1347,\"seed\":\"sodium,1600813e7e052fccb507172403c858b3\"}\n>player p2 {\"name\":\"zoziiipoo\",\"avatar\":\"volkner\",\"rating\":1363,\"seed\":\"sodium,009d3168f48b0742e517af84ead4cf76\"}\n>p1 move dragondance\n>p2 move taunt\n>p1 move boltstrike\n>p2 move stickyweb\n>p1 switch 5\n>p2 move knockoff\n>p1 move stickyweb\n>p2 switch 3\n>p1 move thunderbolt\n>p2 move fireblast\n>p1 switch 2\n>p2 move fireblast\n>p1 move stealthrock\n>p2 move dynamaxcannon\n>p1 move headsmash\n>p2 move dynamaxcannon\n>p1 move suckerpunch\n>p2 move dynamaxcannon\n>p2 switch 6\n>p1 move woodhammer\n>p2 move surf\n>p1 switch 3\n>p1 move toxic\n>p2 switch 3\n>p1 move protect\n>p2 move pounce\n>p2 switch 2\n>p1 move toxic\n>p2 move firstimpression\n>p1 move drainpunch\n>p2 move knockoff\n>p1 switch 4\n>p1 move dualwingbeat\n>p2 move knockoff\n>p1 move dualwingbeat\n>p2 move suckerpunch\n>p2 switch 4\n>p1 move outrage\n>p2 move dragondance\n>p1 move outrage\n>p2 move outrage\n>p1 switch 6\n>p1 move scald terastallize\n>p2 move outrage\n>p2 switch 3\n>p1 move scald\n>p2 move whirlpool\n>p1 move scald\n>p2 move substitute\n>p1 move scald\n>p2 move surf\n>p1 move rest\n>p2 move surf\n>p1 switch 2\n>p1 move energyball\n>p2 move surf terastallize\n>p2 switch 5\n>p1 move thunderbolt\n>p2 move swordsdance\n>p1 move thunderbolt\n>p2 move extremespeed\n>p1 switch 5\n>p1 move boltstrike\n>p2 move earthquake", "uploadtime": 1781382159, "views": 11, "formatid": "gen9randombattle", "rating": 1342, "private": 0, "password": null}