{"id": "gen9randombattle-2631966147", "format": "[Gen 9] Random Battle", "players": ["TheSakman", "RedDudeN64"], "log": "|j|\u2606TheSakman\n|j|\u2606RedDudeN64\n|t:|1781460753\n|gametype|singles\n|player|p1|TheSakman|ltsurge|2015\n|player|p2|RedDudeN64|red|2064\n|gen|9\n|tier|[Gen 9] Random Battle\n|rated|\n|rule|Species Clause: Limit one of each Pok\u00e9mon\n|rule|HP Percentage Mod: HP is shown in percentages\n|rule|Sleep Clause Mod: Limit one foe put to sleep\n|rule|Illusion Level Mod: Illusion disguises the Pok\u00e9mon's true level\n|\n|t:|1781460753\n|teamsize|p1|6\n|teamsize|p2|6\n|start\n|switch|p1a: Corviknight|Corviknight, L80, M|288/288\n|switch|p2a: Keldeo|Keldeo-Resolute, L79|273/273\n|-ability|p1a: Corviknight|Pressure\n|turn|1\n|inactive|Battle timer is ON: inactive players will automatically lose when time's up. (requested by RedDudeN64)\n|\n|t:|1781460763\n|switch|p2a: Talonflame|Talonflame, L83, M|265/265\n|move|p1a: Corviknight|Brave Bird|p2a: Talonflame\n|-damage|p2a: Talonflame|133/265\n|-damage|p1a: Corviknight|244/288|[from] Recoil\n|\n|-heal|p1a: Corviknight|262/288|[from] item: Leftovers\n|upkeep\n|turn|2\n|inactive|TheSakman has 120 seconds left.\n|\n|t:|1781460795\n|switch|p1a: Muk|Muk, L86, F|321/321\n|move|p2a: Talonflame|Swords Dance|p2a: Talonflame\n|-boost|p2a: Talonflame|atk|2\n|\n|upkeep\n|turn|3\n|\n|t:|1781460805\n|move|p2a: Talonflame|Flare Blitz|p1a: Muk\n|-damage|p1a: Muk|96/321\n|-damage|p2a: Talonflame|59/265|[from] Recoil\n|move|p1a: Muk|Gunk Shot|p2a: Talonflame\n|-damage|p2a: Talonflame|0 fnt\n|faint|p2a: Talonflame\n|\n|upkeep\n|\n|t:|1781460812\n|switch|p2a: Leafeon|Leafeon, L88, F|258/258\n|turn|4\n|\n|t:|1781460818\n|switch|p1a: Forretress|Forretress, L84, F|263/263\n|move|p2a: Leafeon|Double-Edge|p1a: Forretress\n|-resisted|p1a: Forretress\n|-damage|p1a: Forretress|214/263\n|-damage|p2a: Leafeon|242/258|[from] Recoil\n|-damage|p2a: Leafeon|217/258|[from] item: Life Orb\n|\n|-heal|p1a: Forretress|230/263|[from] item: Leftovers\n|upkeep\n|turn|5\n|\n|t:|1781460824\n|move|p2a: Leafeon|Swords Dance|p2a: Leafeon\n|-boost|p2a: Leafeon|atk|2\n|move|p1a: Forretress|Stealth Rock|p2a: Leafeon\n|-sidestart|p2: RedDudeN64|move: Stealth Rock\n|\n|-heal|p1a: Forretress|246/263|[from] item: Leftovers\n|upkeep\n|turn|6\n|\n|t:|1781460839\n|move|p2a: Leafeon|Swords Dance|p2a: Leafeon\n|-boost|p2a: Leafeon|atk|2\n|move|p1a: Forretress|Spikes|p2a: Leafeon\n|-sidestart|p2: RedDudeN64|Spikes\n|\n|-heal|p1a: Forretress|262/263|[from] item: Leftovers\n|upkeep\n|turn|7\n|\n|t:|1781460853\n|move|p2a: Leafeon|Double-Edge|p1a: Forretress\n|-resisted|p1a: Forretress\n|-damage|p1a: Forretress|133/263\n|-damage|p2a: Leafeon|174/258|[from] Recoil\n|-damage|p2a: Leafeon|149/258|[from] item: Life Orb\n|move|p1a: Forretress|Iron Head|p2a: Leafeon\n|-damage|p2a: Leafeon|89/258\n|\n|-heal|p1a: Forretress|149/263|[from] item: Leftovers\n|upkeep\n|turn|8\n|\n|t:|1781460857\n|move|p2a: Leafeon|Swords Dance|p2a: Leafeon\n|-boost|p2a: Leafeon|atk|2\n|move|p1a: Forretress|Iron Head|p2a: Leafeon\n|-damage|p2a: Leafeon|31/258\n|\n|-heal|p1a: Forretress|165/263|[from] item: Leftovers\n|upkeep\n|turn|9\n|\n|t:|1781460860\n|move|p2a: Leafeon|Synthesis|p2a: Leafeon\n|-heal|p2a: Leafeon|160/258\n|move|p1a: Forretress|Iron Head|p2a: Leafeon\n|-crit|p2a: Leafeon\n|-damage|p2a: Leafeon|75/258\n|\n|-heal|p1a: Forretress|181/263|[from] item: Leftovers\n|upkeep\n|turn|10\n|\n|t:|1781460872\n|move|p2a: Leafeon|Synthesis|p2a: Leafeon\n|-heal|p2a: Leafeon|204/258\n|move|p1a: Forretress|Spikes|p2a: Leafeon\n|-sidestart|p2: RedDudeN64|Spikes\n|\n|-heal|p1a: Forretress|197/263|[from] item: Leftovers\n|upkeep\n|turn|11\n|\n|t:|1781460881\n|move|p2a: Leafeon|Double-Edge|p1a: Forretress\n|-resisted|p1a: Forretress\n|-damage|p1a: Forretress|19/263\n|-damage|p2a: Leafeon|145/258|[from] Recoil\n|-damage|p2a: Leafeon|120/258|[from] item: Life Orb\n|move|p1a: Forretress|Iron Head|p2a: Leafeon\n|-damage|p2a: Leafeon|63/258\n|\n|-heal|p1a: Forretress|35/263|[from] item: Leftovers\n|upkeep\n|turn|12\n|\n|t:|1781460884\n|move|p2a: Leafeon|Synthesis|p2a: Leafeon\n|-heal|p2a: Leafeon|192/258\n|move|p1a: Forretress|Iron Head|p2a: Leafeon\n|-damage|p2a: Leafeon|134/258\n|\n|-heal|p1a: Forretress|51/263|[from] item: Leftovers\n|upkeep\n|turn|13\n|\n|t:|1781460887\n|move|p2a: Leafeon|Synthesis|p2a: Leafeon\n|-heal|p2a: Leafeon|258/258\n|move|p1a: Forretress|Iron Head|p2a: Leafeon\n|-damage|p2a: Leafeon|204/258\n|\n|-heal|p1a: Forretress|67/263|[from] item: Leftovers\n|upkeep\n|turn|14\n|\n|t:|1781460890\n|move|p2a: Leafeon|Double-Edge|p1a: Forretress\n|-resisted|p1a: Forretress\n|-damage|p1a: Forretress|0 fnt\n|faint|p1a: Forretress\n|-damage|p2a: Leafeon|182/258|[from] Recoil\n|-damage|p2a: Leafeon|157/258|[from] item: Life Orb\n|\n|upkeep\n|\n|t:|1781460895\n|switch|p1a: Corviknight|Corviknight, L80, M|262/288\n|-ability|p1a: Corviknight|Pressure\n|turn|15\n|\n|t:|1781460905\n|move|p2a: Leafeon|Double-Edge|p1a: Corviknight\n|-resisted|p1a: Corviknight\n|-damage|p1a: Corviknight|2/288\n|-damage|p2a: Leafeon|71/258|[from] Recoil\n|-damage|p2a: Leafeon|46/258|[from] item: Life Orb\n|move|p1a: Corviknight|Brave Bird|p2a: Leafeon\n|-supereffective|p2a: Leafeon\n|-damage|p2a: Leafeon|0 fnt\n|faint|p2a: Leafeon\n|-damage|p1a: Corviknight|0 fnt|[from] Recoil\n|faint|p1a: Corviknight\n|\n|upkeep\n|\n|t:|1781460915\n|switch|p2a: Sudowoodo|Sudowoodo, L94, F|284/284\n|switch|p1a: Dusknoir|Dusknoir, L89, F|225/225\n|-item|p2a: Sudowoodo|Choice Band|[from] ability: Frisk|[of] p1a: Dusknoir\n|-damage|p2a: Sudowoodo|249/284|[from] Stealth Rock\n|-damage|p2a: Sudowoodo|202/284|[from] Spikes\n|turn|16\n|\n|t:|1781460922\n|move|p1a: Dusknoir|Substitute|p1a: Dusknoir\n|-start|p1a: Dusknoir|Substitute\n|-damage|p1a: Dusknoir|169/225\n|move|p2a: Sudowoodo|Head Smash|p1a: Dusknoir\n|-end|p1a: Dusknoir|Substitute\n|\n|-heal|p1a: Dusknoir|183/225|[from] item: Leftovers\n|upkeep\n|turn|17\n|\n|t:|1781460934\n|switch|p1a: Donphan|Donphan, L84, M|288/288\n|move|p2a: Sudowoodo|Head Smash|p1a: Donphan\n|-resisted|p1a: Donphan\n|-damage|p1a: Donphan|174/288\n|\n|upkeep\n|turn|18\n|\n|t:|1781460939\n|switch|p2a: Milotic|Milotic, L83, F|293/293\n|-damage|p2a: Milotic|257/293|[from] Stealth Rock\n|-damage|p2a: Milotic|209/293|[from] Spikes\n|move|p1a: Donphan|Earthquake|p2a: Milotic\n|-damage|p2a: Milotic|17/293\n|\n|-heal|p2a: Milotic|35/293|[from] item: Leftovers\n|upkeep\n|turn|19\n|\n|t:|1781460943\n|switch|p1a: Muk|Muk, L86, F|96/321\n|move|p2a: Milotic|Scald|p1a: Muk\n|-damage|p1a: Muk|47/321\n|\n|-heal|p2a: Milotic|53/293|[from] item: Leftovers\n|upkeep\n|turn|20\n|\n|t:|1781460947\n|move|p2a: Milotic|Recover|p2a: Milotic\n|-heal|p2a: Milotic|200/293\n|move|p1a: Muk|Knock Off|p2a: Milotic\n|-damage|p2a: Milotic|122/293\n|-enditem|p2a: Milotic|Leftovers|[from] move: Knock Off|[of] p1a: Muk\n|\n|upkeep\n|turn|21\n|\n|t:|1781460951\n|move|p2a: Milotic|Scald|p1a: Muk\n|-damage|p1a: Muk|0 fnt\n|faint|p1a: Muk\n|\n|upkeep\n|\n|t:|1781460956\n|switch|p1a: Dusknoir|Dusknoir, L89, F|183/225\n|turn|22\n|\n|t:|1781460969\n|move|p2a: Milotic|Scald|p1a: Dusknoir\n|-damage|p1a: Dusknoir|125/225\n|move|p1a: Dusknoir|Substitute|p1a: Dusknoir\n|-start|p1a: Dusknoir|Substitute\n|-damage|p1a: Dusknoir|69/225\n|\n|-heal|p1a: Dusknoir|83/225|[from] item: Leftovers\n|upkeep\n|turn|23\n|\n|t:|1781460974\n|-singleturn|p1a: Dusknoir|move: Focus Punch\n|move|p2a: Milotic|Recover|p2a: Milotic\n|-heal|p2a: Milotic|269/293\n|move|p1a: Dusknoir|Focus Punch|p2a: Milotic\n|-damage|p2a: Milotic|144/293\n|\n|-heal|p1a: Dusknoir|97/225|[from] item: Leftovers\n|upkeep\n|turn|24\n|\n|t:|1781460980\n|move|p2a: Milotic|Scald|p1a: Dusknoir\n|-end|p1a: Dusknoir|Substitute\n|move|p1a: Dusknoir|Pain Split|p2a: Milotic\n|-sethp|p2a: Milotic|120/293|[from] move: Pain Split|[silent]\n|-sethp|p1a: Dusknoir|120/225|[from] move: Pain Split\n|\n|-heal|p1a: Dusknoir|134/225|[from] item: Leftovers\n|upkeep\n|turn|25\n|\n|t:|1781460984\n|move|p2a: Milotic|Scald|p1a: Dusknoir\n|-damage|p1a: Dusknoir|70/225\n|move|p1a: Dusknoir|Substitute|p1a: Dusknoir\n|-start|p1a: Dusknoir|Substitute\n|-damage|p1a: Dusknoir|14/225\n|\n|-heal|p1a: Dusknoir|28/225|[from] item: Leftovers\n|upkeep\n|turn|26\n|\n|t:|1781460989\n|-singleturn|p1a: Dusknoir|move: Focus Punch\n|move|p2a: Milotic|Scald|p1a: Dusknoir\n|-end|p1a: Dusknoir|Substitute\n|move|p1a: Dusknoir|Focus Punch|p2a: Milotic\n|-damage|p2a: Milotic|0 fnt\n|faint|p2a: Milotic\n|\n|-heal|p1a: Dusknoir|42/225|[from] item: Leftovers\n|upkeep\n|\n|t:|1781460993\n|switch|p2a: Keldeo|Keldeo-Resolute, L79|273/273\n|-damage|p2a: Keldeo|256/273|[from] Stealth Rock\n|-damage|p2a: Keldeo|211/273|[from] Spikes\n|turn|27\n|\n|t:|1781460996\n|move|p2a: Keldeo|Surf|p1a: Dusknoir\n|-damage|p1a: Dusknoir|0 fnt\n|faint|p1a: Dusknoir\n|\n|-heal|p2a: Keldeo|228/273|[from] item: Leftovers\n|upkeep\n|\n|t:|1781460998\n|switch|p1a: Alcremie|Alcremie-Mint-Cream, L90, F|263/263\n|turn|28\n|\n|t:|1781461002\n|move|p2a: Keldeo|Calm Mind|p2a: Keldeo\n|-boost|p2a: Keldeo|spa|1\n|-boost|p2a: Keldeo|spd|1\n|move|p1a: Alcremie|Calm Mind|p1a: Alcremie\n|-boost|p1a: Alcremie|spa|1\n|-boost|p1a: Alcremie|spd|1\n|\n|-heal|p2a: Keldeo|245/273|[from] item: Leftovers\n|upkeep\n|turn|29\n|\n|t:|1781461006\n|-terastallize|p2a: Keldeo|Steel\n|move|p2a: Keldeo|Calm Mind|p2a: Keldeo\n|-boost|p2a: Keldeo|spa|1\n|-boost|p2a: Keldeo|spd|1\n|move|p1a: Alcremie|Calm Mind|p1a: Alcremie\n|-boost|p1a: Alcremie|spa|1\n|-boost|p1a: Alcremie|spd|1\n|\n|-heal|p2a: Keldeo|262/273|[from] item: Leftovers\n|upkeep\n|turn|30\n|\n|t:|1781461022\n|move|p2a: Keldeo|Calm Mind|p2a: Keldeo\n|-boost|p2a: Keldeo|spa|1\n|-boost|p2a: Keldeo|spd|1\n|move|p1a: Alcremie|Alluring Voice|p2a: Keldeo\n|-resisted|p2a: Keldeo\n|-damage|p2a: Keldeo|217/273\n|-start|p2a: Keldeo|confusion\n|\n|-heal|p2a: Keldeo|234/273|[from] item: Leftovers\n|upkeep\n|turn|31\n|\n|t:|1781461027\n|-activate|p2a: Keldeo|confusion\n|move|p2a: Keldeo|Calm Mind|p2a: Keldeo\n|-boost|p2a: Keldeo|spa|1\n|-boost|p2a: Keldeo|spd|1\n|move|p1a: Alcremie|Psyshock|p2a: Keldeo\n|-resisted|p2a: Keldeo\n|-damage|p2a: Keldeo|160/273\n|\n|-heal|p2a: Keldeo|177/273|[from] item: Leftovers\n|upkeep\n|turn|32\n|\n|t:|1781461032\n|switch|p1a: Donphan|Donphan, L84, M|174/288\n|-activate|p2a: Keldeo|confusion\n|-damage|p2a: Keldeo|161/273|[from] confusion\n|\n|-heal|p2a: Keldeo|178/273|[from] item: Leftovers\n|upkeep\n|turn|33\n|\n|t:|1781461035\n|-end|p2a: Keldeo|confusion\n|move|p2a: Keldeo|Surf|p1a: Donphan\n|-supereffective|p1a: Donphan\n|-damage|p1a: Donphan|0 fnt\n|faint|p1a: Donphan\n|\n|-heal|p2a: Keldeo|195/273|[from] item: Leftovers\n|upkeep\n|\n|t:|1781461038\n|switch|p1a: Alcremie|Alcremie-Mint-Cream, L90, F|263/263\n|turn|34\n|-message|TheSakman forfeited.\n|\n|win|RedDudeN64\n", "inputlog": ">version a8376a258c1d4662feba110a92103f3664a72141\n>start {\"formatid\":\"gen9randombattle\",\"seed\":\"sodium,320f3df9968dc4182940b6679122a387\",\"rated\":\"Rated battle\"}\n>player p1 {\"name\":\"TheSakman\",\"avatar\":\"ltsurge\",\"rating\":2015,\"seed\":\"sodium,d606ff6748bc1278c97f5d69631171e3\"}\n>player p2 {\"name\":\"RedDudeN64\",\"avatar\":\"red\",\"rating\":2064,\"seed\":\"sodium,cc28bb9bc817a0283819a3b55a365f60\"}\n>p1 move bravebird\n>p2 switch 4\n>p1 switch 6\n>p2 move swordsdance\n>p1 move gunkshot\n>p2 move flareblitz\n>p2 switch 3\n>p1 switch 4\n>p2 move doubleedge\n>p1 move stealthrock\n>p2 move swordsdance\n>p1 move spikes\n>p2 move swordsdance\n>p1 move ironhead\n>p2 move doubleedge\n>p1 move ironhead\n>p2 move swordsdance\n>p1 move ironhead\n>p2 move synthesis\n>p1 move spikes\n>p2 move synthesis\n>p1 move ironhead\n>p2 move doubleedge\n>p1 move ironhead\n>p2 move synthesis\n>p1 move ironhead\n>p2 move synthesis\n>p1 move ironhead\n>p2 move doubleedge\n>p1 switch 6\n>p1 move bravebird\n>p2 move doubleedge\n>p1 switch 2\n>p2 switch 2\n>p1 move substitute\n>p2 move headsmash\n>p1 switch 5\n>p2 move headsmash\n>p1 move earthquake\n>p2 switch 6\n>p1 switch 4\n>p2 move scald\n>p1 move knockoff\n>p2 move recover\n>p1 move gunkshot\n>p2 move scald\n>p1 switch 5\n>p1 move substitute\n>p2 move scald\n>p1 move focuspunch\n>p2 move recover\n>p1 move painsplit\n>p2 move scald\n>p1 move substitute\n>p2 move scald\n>p1 move focuspunch\n>p2 move scald\n>p2 switch 4\n>p1 move poltergeist\n>p2 move surf\n>p1 switch 3\n>p1 move calmmind\n>p2 move calmmind\n>p1 move calmmind\n>p2 move calmmind terastallize\n>p1 move alluringvoice\n>p2 move calmmind\n>p1 move psyshock\n>p2 move calmmind\n>p1 switch 4\n>p2 move secretsword\n>p1 move earthquake\n>p2 move surf\n>p1 switch 4\n>forcelose p1", "uploadtime": 1781460755, "views": 4, "formatid": "gen9randombattle", "rating": null, "private": 0, "password": null}