{"id": "gen9randombattle-2631552917", "format": "[Gen 9] Random Battle", "players": ["deathler", "SoCapable"], "log": "|badge|p1|bronze|gen9randombattle|100-9\n|uhtml|medal-msg|<div class=\"broadcast-blue\">Curious what those medals under the avatar are? PS now has Ladder Seasons! For more information, check out the <a href=\"https://www.smogon.com/forums/threads/3740067/\">thread on Smogon.</a></div>\n|j|\u2606deathler\n|j|\u2606SoCapable\n|t:|1781400357\n|gametype|singles\n|player|p1|deathler|101|2324\n|player|p2|SoCapable|silver|2223\n|gen|9\n|tier|[Gen 9] Random Battle\n|rated|\n|rule|Species Clause: Limit one of each Pok\u00e9mon\n|rule|HP Percentage Mod: HP is shown in percentages\n|rule|Sleep Clause Mod: Limit one foe put to sleep\n|rule|Illusion Level Mod: Illusion disguises the Pok\u00e9mon's true level\n|\n|t:|1781400357\n|teamsize|p1|6\n|teamsize|p2|6\n|start\n|switch|p1a: Hatterene|Hatterene, L85, F|236/236\n|switch|p2a: Scovillain|Scovillain, L91, M|266/266\n|turn|1\n|inactive|Battle timer is ON: inactive players will automatically lose when time's up. (requested by SoCapable)\n|\n|t:|1781400371\n|switch|p2a: Sunflora|Sunflora, F|312/312\n|move|p1a: Hatterene|Mystical Fire|p2a: Sunflora\n|-supereffective|p2a: Sunflora\n|-damage|p2a: Sunflora|186/312\n|-unboost|p2a: Sunflora|spa|1\n|\n|upkeep\n|turn|2\n|\n|t:|1781400387\n|switch|p1a: Lapras|Lapras, L87, M|368/368\n|move|p2a: Sunflora|Sunny Day|p2a: Sunflora\n|-weather|SunnyDay\n|\n|-weather|SunnyDay|[upkeep]\n|upkeep\n|turn|3\n|\n|t:|1781400400\n|move|p2a: Sunflora|Solar Beam||[still]\n|-prepare|p2a: Sunflora|Solar Beam\n|-anim|p2a: Sunflora|Solar Beam|p1a: Lapras\n|-supereffective|p1a: Lapras\n|-crit|p1a: Lapras\n|-damage|p1a: Lapras|0 fnt\n|faint|p1a: Lapras\n|-damage|p2a: Sunflora|155/312|[from] item: Life Orb\n|\n|-weather|SunnyDay|[upkeep]\n|upkeep\n|\n|t:|1781400412\n|switch|p1a: Cinccino|Cinccino, L83, F|260/260\n|turn|4\n|\n|t:|1781400421\n|move|p1a: Cinccino|Tail Slap|p2a: Sunflora\n|-damage|p2a: Sunflora|109/312\n|-damage|p2a: Sunflora|66/312\n|-damage|p2a: Sunflora|24/312\n|-damage|p2a: Sunflora|0 fnt\n|faint|p2a: Sunflora\n|-hitcount|p2: Sunflora|4\n|\n|-weather|SunnyDay|[upkeep]\n|upkeep\n|\n|t:|1781400423\n|switch|p2a: Scovillain|Scovillain, L91, M|266/266\n|turn|5\n|\n|t:|1781400435\n|switch|p1a: Hatterene|Hatterene, L85, F|236/236\n|move|p2a: Scovillain|Flamethrower|p1a: Hatterene\n|-damage|p1a: Hatterene|80/236\n|\n|-weather|SunnyDay|[upkeep]\n|upkeep\n|turn|6\n|\n|t:|1781400440\n|move|p2a: Scovillain|Flamethrower|p1a: Hatterene\n|-damage|p1a: Hatterene|0 fnt\n|faint|p1a: Hatterene\n|\n|-weather|none\n|upkeep\n|\n|t:|1781400446\n|switch|p1a: Hitmonlee|Hitmonlee, L85, M|223/223\n|turn|7\n|\n|t:|1781400462\n|move|p1a: Hitmonlee|Knock Off|p2a: Scovillain\n|-damage|p2a: Scovillain|116/266\n|-enditem|p2a: Scovillain|Choice Specs|[from] move: Knock Off|[of] p1a: Hitmonlee\n|move|p2a: Scovillain|Flamethrower|p1a: Hitmonlee\n|-damage|p1a: Hitmonlee|118/223\n|\n|upkeep\n|turn|8\n|\n|t:|1781400470\n|switch|p1a: Cinccino|Cinccino, L83, F|260/260\n|move|p2a: Scovillain|Overheat|p1a: Cinccino|[miss]\n|-miss|p2a: Scovillain|p1a: Cinccino\n|\n|upkeep\n|turn|9\n|\n|t:|1781400475\n|move|p1a: Cinccino|Tail Slap|p2a: Scovillain\n|-damage|p2a: Scovillain|71/266\n|-damage|p2a: Scovillain|29/266\n|-damage|p2a: Scovillain|0 fnt\n|faint|p2a: Scovillain\n|-hitcount|p2: Scovillain|3\n|\n|upkeep\n|\n|t:|1781400484\n|switch|p2a: Furret|Furret, L94, F|312/312\n|-item|p1a: Cinccino|Loaded Dice|[from] ability: Frisk|[of] p2a: Furret\n|turn|10\n|\n|t:|1781400489\n|switch|p1a: Perrserker|Perrserker, L89, F|269/269\n|move|p2a: Furret|Double-Edge|p1a: Perrserker\n|-resisted|p1a: Perrserker\n|-damage|p1a: Perrserker|190/269\n|-damage|p2a: Furret|286/312|[from] Recoil\n|\n|upkeep\n|turn|11\n|\n|t:|1781400496\n|switch|p2a: Veluza|Veluza, L85, M|292/292\n|move|p1a: Perrserker|U-turn|p2a: Veluza\n|-supereffective|p2a: Veluza\n|-damage|p2a: Veluza|42/292\n|\n|t:|1781400502\n|switch|p1a: Cinccino|Cinccino, L83, F|260/260|[from] U-turn\n|\n|upkeep\n|turn|12\n|\n|t:|1781400507\n|move|p2a: Veluza|Aqua Cutter|p1a: Cinccino\n|-damage|p1a: Cinccino|106/260\n|move|p1a: Cinccino|Bullet Seed|p2a: Veluza\n|-supereffective|p2a: Veluza\n|-damage|p2a: Veluza|0 fnt\n|faint|p2a: Veluza\n|-hitcount|p2: Veluza|1\n|\n|upkeep\n|\n|t:|1781400512\n|switch|p2a: Furret|Furret, L94, F|286/312\n|-item|p1a: Cinccino|Loaded Dice|[from] ability: Frisk|[of] p2a: Furret\n|turn|13\n|\n|t:|1781400521\n|move|p1a: Cinccino|Tail Slap|p2a: Furret\n|-damage|p2a: Furret|243/312\n|-damage|p2a: Furret|198/312\n|-damage|p2a: Furret|155/312\n|-damage|p2a: Furret|112/312\n|-hitcount|p2a: Furret|4\n|move|p2a: Furret|U-turn|p1a: Cinccino\n|-damage|p1a: Cinccino|0 fnt\n|faint|p1a: Cinccino\n|inactive|SoCapable has 120 seconds left.\n|j| ezgamer15\n|inactive|SoCapable has 90 seconds left.\n|inactive|SoCapable has 60 seconds left.\n|inactive|SoCapable has 30 seconds left.\n|inactive|SoCapable has 20 seconds left.\n|inactive|SoCapable has 15 seconds left.\n|inactive|SoCapable has 10 seconds left.\n|inactive|SoCapable has 5 seconds left.\n|\n|t:|1781400666\n|switch|p2a: Cyclizar|Cyclizar, L83, F|252/252|[from] U-turn\n|\n|upkeep\n|\n|t:|1781400675\n|switch|p1a: Iron Hands|Iron Hands, L79|373/373\n|turn|14\n|inactive|SoCapable has 25 seconds left this turn.\n|inactive|SoCapable has 20 seconds left.\n|inactive|SoCapable has 15 seconds left.\n|\n|t:|1781400686\n|move|p2a: Cyclizar|Shed Tail|p2a: Cyclizar\n|-start|p2a: Cyclizar|Substitute|[from] move: Shed Tail\n|-damage|p2a: Cyclizar|126/252\n|inactive|SoCapable has 20 seconds left this turn.\n|\n|t:|1781400689\n|switch|p2a: Furret|Furret, L94, F|112/312|[from] Shed Tail\n|-item|p1a: Iron Hands|Leftovers|[from] ability: Frisk|[of] p2a: Furret\n|move|p1a: Iron Hands|Swords Dance|p1a: Iron Hands\n|-boost|p1a: Iron Hands|atk|2\n|\n|upkeep\n|turn|15\n|inactive|SoCapable has 30 seconds left this turn.\n|\n|t:|1781400695\n|-end|p1a: Iron Hands|Quark Drive|[silent]\n|switch|p1a: Perrserker|Perrserker, L89, F|190/269\n|move|p2a: Furret|Double-Edge|p1a: Perrserker\n|-resisted|p1a: Perrserker\n|-damage|p1a: Perrserker|107/269\n|-damage|p2a: Furret|85/312|[from] Recoil\n|\n|upkeep\n|turn|16\n|inactive|SoCapable has 30 seconds left.\n|\n|t:|1781400707\n|move|p2a: Furret|Double-Edge|p1a: Perrserker\n|-resisted|p1a: Perrserker\n|-damage|p1a: Perrserker|24/269\n|-damage|p2a: Furret|58/312|[from] Recoil\n|move|p1a: Perrserker|Iron Head|p2a: Furret\n|-end|p2a: Furret|Substitute\n|\n|upkeep\n|turn|17\n|\n|t:|1781400713\n|move|p2a: Furret|Double-Edge|p1a: Perrserker\n|-resisted|p1a: Perrserker\n|-damage|p1a: Perrserker|0 fnt\n|faint|p1a: Perrserker\n|-damage|p2a: Furret|50/312|[from] Recoil\n|\n|upkeep\n|\n|t:|1781400715\n|switch|p1a: Iron Hands|Iron Hands, L79|373/373\n|turn|18\n|\n|t:|1781400729\n|switch|p2a: Cyclizar|Cyclizar, L83, F|210/252\n|move|p1a: Iron Hands|Drain Punch|p2a: Cyclizar\n|-supereffective|p2a: Cyclizar\n|-damage|p2a: Cyclizar|0 fnt\n|faint|p2a: Cyclizar\n|\n|upkeep\n|\n|t:|1781400734\n|switch|p2a: Samurott|Samurott-Hisui, L77, M|265/265\n|turn|19\n|\n|t:|1781400740\n|-terastallize|p2a: Samurott|Water\n|move|p2a: Samurott|Razor Shell|p1a: Iron Hands\n|-damage|p1a: Iron Hands|189/373\n|-unboost|p1a: Iron Hands|def|1\n|move|p1a: Iron Hands|Drain Punch|p2a: Samurott\n|-damage|p2a: Samurott|159/265\n|-heal|p1a: Iron Hands|242/373|[from] drain|[of] p2a: Samurott\n|\n|-heal|p1a: Iron Hands|265/373|[from] item: Leftovers\n|upkeep\n|turn|20\n|\n|t:|1781400754\n|-end|p1a: Iron Hands|Quark Drive|[silent]\n|switch|p1a: Hitmonlee|Hitmonlee, L85, M|118/223\n|move|p2a: Samurott|Razor Shell|p1a: Hitmonlee\n|-damage|p1a: Hitmonlee|0 fnt\n|faint|p1a: Hitmonlee\n|\n|upkeep\n|\n|t:|1781400757\n|switch|p1a: Iron Hands|Iron Hands, L79|265/373\n|turn|21\n|\n|t:|1781400764\n|move|p2a: Samurott|Razor Shell|p1a: Iron Hands\n|-damage|p1a: Iron Hands|79/373\n|-unboost|p1a: Iron Hands|def|1\n|move|p1a: Iron Hands|Thunder Punch|p2a: Samurott\n|-supereffective|p2a: Samurott\n|-damage|p2a: Samurott|0 fnt\n|faint|p2a: Samurott\n|\n|-heal|p1a: Iron Hands|102/373|[from] item: Leftovers\n|upkeep\n|\n|t:|1781400766\n|switch|p2a: Furret|Furret, L94, F|50/312\n|-item|p1a: Iron Hands|Leftovers|[from] ability: Frisk|[of] p2a: Furret\n|turn|22\n|-message|deathler forfeited.\n|\n|win|SoCapable\n", "inputlog": ">version a8376a258c1d4662feba110a92103f3664a72141\n>start {\"formatid\":\"gen9randombattle\",\"seed\":\"sodium,301cd374dd600a168780655cf03a2319\",\"rated\":\"Rated battle\"}\n>player p1 {\"name\":\"deathler\",\"avatar\":\"101\",\"rating\":2324,\"seed\":\"sodium,1c0f4ce624d24e44ad80a07c9185f151\"}\n>player p2 {\"name\":\"SoCapable\",\"avatar\":\"silver\",\"rating\":2223,\"seed\":\"sodium,784f0c246cade09a335c5e79b76ca0a8\"}\n>p1 move mysticalfire\n>p2 switch 6\n>p1 switch 4\n>p2 move sunnyday\n>p1 move freezedry\n>p2 move solarbeam\n>p1 switch 3\n>p1 move tailslap\n>p2 move solarbeam\n>p2 switch 6\n>p1 switch 4\n>p2 move flamethrower\n>p1 move mysticalfire\n>p2 move flamethrower\n>p1 switch 5\n>p1 move knockoff\n>p2 move flamethrower\n>p1 switch 4\n>p2 move overheat\n>p1 move tailslap\n>p2 move overheat\n>p2 switch 3\n>p1 switch 2\n>p2 move doubleedge\n>p1 move uturn\n>p2 switch 2\n>p1 switch 2\n>p1 move bulletseed\n>p2 move aquacutter\n>p2 switch 2\n>p1 move tailslap\n>p2 move uturn\n>p2 switch 5\n>p1 switch 6\n>p1 move swordsdance\n>p2 move shedtail\n>p2 switch 5\n>p1 switch 2\n>p2 move doubleedge\n>p1 move ironhead\n>p2 move doubleedge\n>p1 move ironhead\n>p2 move doubleedge\n>p1 switch 2\n>p1 move drainpunch\n>p2 switch 5\n>p2 switch 4\n>p1 move drainpunch\n>p2 move razorshell terastallize\n>p1 switch 4\n>p2 move razorshell\n>p1 switch 4\n>p1 move thunderpunch\n>p2 move razorshell\n>p2 switch 5\n>forcelose p1", "uploadtime": 1781400360, "views": 4, "formatid": "gen9randombattle", "rating": null, "private": 0, "password": null}