{"id": "gen9randombattle-2631556963", "format": "[Gen 9] Random Battle", "players": ["Spartior1", "lectruist6"], "log": "|j|\u2606Spartior1\n|j|\u203dlectruist6\n|t:|1781400938\n|gametype|singles\n|player|p1|Spartior1|101|1419\n|player|p2|lectruist6|gardenia|1440\n|gen|9\n|tier|[Gen 9] Random Battle\n|rated|\n|rule|Species Clause: Limit one of each Pok\u00e9mon\n|rule|HP Percentage Mod: HP is shown in percentages\n|rule|Sleep Clause Mod: Limit one foe put to sleep\n|rule|Illusion Level Mod: Illusion disguises the Pok\u00e9mon's true level\n|\n|t:|1781400938\n|teamsize|p1|6\n|teamsize|p2|6\n|start\n|switch|p1a: Hydrapple|Hydrapple, L83, M|312/312\n|switch|p2a: Raikou|Raikou, L81|278/278\n|-ability|p2a: Raikou|Pressure\n|turn|1\n|inactive|Battle timer is ON: inactive players will automatically lose when time's up. (requested by Spartior1)\n|\n|t:|1781400957\n|switch|p2a: Pecharunt|Pecharunt, L77|262/262\n|move|p1a: Hydrapple|Earth Power|p2a: Pecharunt\n|-supereffective|p2a: Pecharunt\n|-damage|p2a: Pecharunt|36/262\n|\n|-heal|p2a: Pecharunt|52/262|[from] item: Leftovers\n|upkeep\n|turn|2\n|\n|t:|1781400966\n|move|p2a: Pecharunt|Malignant Chain|p1a: Hydrapple\n|-supereffective|p1a: Hydrapple\n|-damage|p1a: Hydrapple|132/312\n|-status|p1a: Hydrapple|tox\n|-start|p1a: Hydrapple|confusion|[from] ability: Poison Puppeteer|[of] p2a: Pecharunt\n|-activate|p1a: Hydrapple|confusion\n|move|p1a: Hydrapple|Earth Power|p2a: Pecharunt\n|-supereffective|p2a: Pecharunt\n|-damage|p2a: Pecharunt|0 fnt\n|faint|p2a: Pecharunt\n|\n|-damage|p1a: Hydrapple|113/312 tox|[from] psn\n|upkeep\n|\n|t:|1781400982\n|switch|p2a: Froslass|Froslass, L87, F|263/263\n|turn|3\n|\n|t:|1781400997\n|switch|p1a: Perrserker|Perrserker, L89, M|269/269\n|move|p2a: Froslass|Triple Axel|p1a: Perrserker\n|-resisted|p1a: Perrserker\n|-damage|p1a: Perrserker|261/269\n|-resisted|p1a: Perrserker\n|-damage|p1a: Perrserker|243/269\n|-resisted|p1a: Perrserker\n|-damage|p1a: Perrserker|219/269\n|-hitcount|p1a: Perrserker|3\n|\n|upkeep\n|turn|4\n|\n|t:|1781401012\n|switch|p2a: Ting-Lu|Ting-Lu, L78|370/370\n|-ability|p2a: Ting-Lu|Vessel of Ruin\n|move|p1a: Perrserker|Stealth Rock|p2a: Ting-Lu\n|-sidestart|p2: lectruist6|move: Stealth Rock\n|\n|upkeep\n|turn|5\n|\n|t:|1781401022\n|move|p1a: Perrserker|Close Combat|p2a: Ting-Lu\n|-supereffective|p2a: Ting-Lu\n|-damage|p2a: Ting-Lu|68/370\n|-unboost|p1a: Perrserker|def|1\n|-unboost|p1a: Perrserker|spd|1\n|-damage|p1a: Perrserker|193/269|[from] item: Life Orb\n|move|p2a: Ting-Lu|Stealth Rock|p1a: Perrserker\n|-sidestart|p1: Spartior1|move: Stealth Rock\n|\n|-heal|p2a: Ting-Lu|91/370|[from] item: Leftovers\n|upkeep\n|turn|6\n|\n|t:|1781401043\n|switch|p2a: Veluza|Veluza, L85, M|292/292\n|-damage|p2a: Veluza|256/292|[from] Stealth Rock\n|move|p1a: Perrserker|Close Combat|p2a: Veluza\n|-resisted|p2a: Veluza\n|-damage|p2a: Veluza|161/292\n|-unboost|p1a: Perrserker|def|1\n|-unboost|p1a: Perrserker|spd|1\n|-damage|p1a: Perrserker|167/269|[from] item: Life Orb\n|\n|upkeep\n|turn|7\n|\n|t:|1781401057\n|switch|p1a: Hydrapple|Hydrapple, L83, M|217/312 tox\n|-damage|p1a: Hydrapple|178/312 tox|[from] Stealth Rock\n|move|p2a: Veluza|Aqua Cutter|p1a: Hydrapple\n|-resisted|p1a: Hydrapple\n|-crit|p1a: Hydrapple\n|-damage|p1a: Hydrapple|118/312 tox\n|\n|-damage|p1a: Hydrapple|99/312 tox|[from] psn\n|upkeep\n|turn|8\n|\n|t:|1781401070\n|switch|p2a: Gogoat|Gogoat, L88, F|360/360\n|-damage|p2a: Gogoat|315/360|[from] Stealth Rock\n|switch|p1a: Articuno|Articuno-Galar, L84|288/288\n|\n|-heal|p2a: Gogoat|337/360|[from] item: Leftovers\n|upkeep\n|turn|9\n|\n|t:|1781401085\n|switch|p2a: Raikou|Raikou, L81|278/278\n|-damage|p2a: Raikou|244/278|[from] Stealth Rock\n|-ability|p2a: Raikou|Pressure\n|move|p1a: Articuno|Calm Mind|p1a: Articuno\n|-boost|p1a: Articuno|spa|1\n|-boost|p1a: Articuno|spd|1\n|\n|-heal|p2a: Raikou|261/278|[from] item: Leftovers\n|upkeep\n|turn|10\n|\n|t:|1781401097\n|switch|p1a: Hydrapple|Hydrapple, L83, M|203/312 tox\n|-damage|p1a: Hydrapple|164/312 tox|[from] Stealth Rock\n|move|p2a: Raikou|Calm Mind|p2a: Raikou\n|-boost|p2a: Raikou|spa|1\n|-boost|p2a: Raikou|spd|1\n|\n|-heal|p2a: Raikou|278/278|[from] item: Leftovers\n|-damage|p1a: Hydrapple|145/312 tox|[from] psn\n|upkeep\n|turn|11\n|\n|t:|1781401107\n|move|p2a: Raikou|Calm Mind|p2a: Raikou\n|-boost|p2a: Raikou|spa|1\n|-boost|p2a: Raikou|spd|1\n|move|p1a: Hydrapple|Earth Power|p2a: Raikou\n|-supereffective|p2a: Raikou\n|-damage|p2a: Raikou|178/278\n|\n|-heal|p2a: Raikou|195/278|[from] item: Leftovers\n|-damage|p1a: Hydrapple|107/312 tox|[from] psn\n|upkeep\n|turn|12\n|\n|t:|1781401123\n|move|p2a: Raikou|Calm Mind|p2a: Raikou\n|-boost|p2a: Raikou|spa|1\n|-boost|p2a: Raikou|spd|1\n|move|p1a: Hydrapple|Earth Power|p2a: Raikou\n|-supereffective|p2a: Raikou\n|-damage|p2a: Raikou|105/278\n|\n|-heal|p2a: Raikou|122/278|[from] item: Leftovers\n|-damage|p1a: Hydrapple|50/312 tox|[from] psn\n|upkeep\n|turn|13\n|\n|t:|1781401131\n|move|p2a: Raikou|Shadow Ball|p1a: Hydrapple\n|-crit|p1a: Hydrapple\n|-damage|p1a: Hydrapple|0 fnt\n|faint|p1a: Hydrapple\n|\n|-heal|p2a: Raikou|139/278|[from] item: Leftovers\n|upkeep\n|\n|t:|1781401158\n|switch|p1a: Golurk|Golurk, L87|297/297\n|-damage|p1a: Golurk|279/297|[from] Stealth Rock\n|turn|14\n|\n|t:|1781401167\n|-terastallize|p1a: Golurk|Fighting\n|move|p2a: Raikou|Scald|p1a: Golurk\n|-damage|p1a: Golurk|122/297\n|move|p1a: Golurk|Earthquake|p2a: Raikou\n|-supereffective|p2a: Raikou\n|-damage|p2a: Raikou|0 fnt\n|faint|p2a: Raikou\n|\n|upkeep\n|\n|t:|1781401188\n|switch|p2a: Veluza|Veluza, L85, M|161/292\n|-damage|p2a: Veluza|125/292|[from] Stealth Rock\n|turn|15\n|\n|t:|1781401196\n|move|p2a: Veluza|Psycho Cut|p1a: Golurk\n|-supereffective|p1a: Golurk\n|-damage|p1a: Golurk|0 fnt\n|faint|p1a: Golurk\n|\n|upkeep\n|\n|t:|1781401218\n|switch|p1a: Perrserker|Perrserker, L89, M|167/269\n|-damage|p1a: Perrserker|151/269|[from] Stealth Rock\n|turn|16\n|\n|t:|1781401227\n|move|p2a: Veluza|Psycho Cut|p1a: Perrserker\n|-resisted|p1a: Perrserker\n|-damage|p1a: Perrserker|81/269\n|move|p1a: Perrserker|Knock Off|p2a: Veluza\n|-supereffective|p2a: Veluza\n|-damage|p2a: Veluza|0 fnt\n|-enditem|p2a: Veluza|Choice Band|[from] move: Knock Off|[of] p1a: Perrserker\n|faint|p2a: Veluza\n|-damage|p1a: Perrserker|55/269|[from] item: Life Orb\n|\n|upkeep\n|\n|t:|1781401238\n|switch|p2a: Gogoat|Gogoat, L88, F|337/360\n|-damage|p2a: Gogoat|292/360|[from] Stealth Rock\n|turn|17\n|\n|t:|1781401252\n|switch|p1a: Articuno|Articuno-Galar, L84|288/288\n|move|p2a: Gogoat|Bulk Up|p2a: Gogoat\n|-boost|p2a: Gogoat|atk|1\n|-boost|p2a: Gogoat|def|1\n|\n|-heal|p2a: Gogoat|314/360|[from] item: Leftovers\n|upkeep\n|turn|18\n|\n|t:|1781401282\n|-terastallize|p2a: Gogoat|Water\n|move|p1a: Articuno|Hurricane|p2a: Gogoat|[miss]\n|-miss|p1a: Articuno|p2a: Gogoat\n|move|p2a: Gogoat|Bulk Up|p2a: Gogoat\n|-boost|p2a: Gogoat|atk|1\n|-boost|p2a: Gogoat|def|1\n|\n|-heal|p2a: Gogoat|336/360|[from] item: Leftovers\n|upkeep\n|turn|19\n|\n|t:|1781401293\n|move|p1a: Articuno|Freezing Glare|p2a: Gogoat\n|-damage|p2a: Gogoat|221/360\n|move|p2a: Gogoat|Horn Leech|p1a: Articuno\n|-resisted|p1a: Articuno\n|-damage|p1a: Articuno|199/288\n|-heal|p2a: Gogoat|266/360|[from] drain|[of] p1a: Articuno\n|\n|-heal|p2a: Gogoat|288/360|[from] item: Leftovers\n|upkeep\n|turn|20\n|\n|t:|1781401303\n|move|p1a: Articuno|Freezing Glare|p2a: Gogoat\n|-damage|p2a: Gogoat|167/360\n|move|p2a: Gogoat|Horn Leech|p1a: Articuno\n|-resisted|p1a: Articuno\n|-damage|p1a: Articuno|115/288\n|-heal|p2a: Gogoat|209/360|[from] drain|[of] p1a: Articuno\n|\n|-heal|p2a: Gogoat|231/360|[from] item: Leftovers\n|upkeep\n|turn|21\n|\n|t:|1781401312\n|move|p1a: Articuno|Freezing Glare|p2a: Gogoat\n|-damage|p2a: Gogoat|116/360\n|move|p2a: Gogoat|Milk Drink|p2a: Gogoat\n|-heal|p2a: Gogoat|296/360\n|\n|-heal|p2a: Gogoat|318/360|[from] item: Leftovers\n|upkeep\n|turn|22\n|\n|t:|1781401319\n|move|p1a: Articuno|Recover|p1a: Articuno\n|-heal|p1a: Articuno|259/288\n|move|p2a: Gogoat|Bulk Up|p2a: Gogoat\n|-boost|p2a: Gogoat|atk|1\n|-boost|p2a: Gogoat|def|1\n|\n|-heal|p2a: Gogoat|340/360|[from] item: Leftovers\n|upkeep\n|turn|23\n|\n|t:|1781401326\n|move|p1a: Articuno|Freezing Glare|p2a: Gogoat\n|-damage|p2a: Gogoat|226/360\n|move|p2a: Gogoat|Horn Leech|p1a: Articuno\n|-resisted|p1a: Articuno\n|-damage|p1a: Articuno|146/288\n|-heal|p2a: Gogoat|283/360|[from] drain|[of] p1a: Articuno\n|\n|-heal|p2a: Gogoat|305/360|[from] item: Leftovers\n|upkeep\n|turn|24\n|\n|t:|1781401335\n|move|p1a: Articuno|Freezing Glare|p2a: Gogoat\n|-damage|p2a: Gogoat|194/360\n|move|p2a: Gogoat|Horn Leech|p1a: Articuno\n|-resisted|p1a: Articuno\n|-damage|p1a: Articuno|29/288\n|-heal|p2a: Gogoat|253/360|[from] drain|[of] p1a: Articuno\n|\n|-heal|p2a: Gogoat|275/360|[from] item: Leftovers\n|upkeep\n|turn|25\n|\n|t:|1781401347\n|move|p1a: Articuno|Freezing Glare|p2a: Gogoat\n|-damage|p2a: Gogoat|148/360\n|move|p2a: Gogoat|Horn Leech|p1a: Articuno\n|-resisted|p1a: Articuno\n|-damage|p1a: Articuno|0 fnt\n|-heal|p2a: Gogoat|163/360|[from] drain|[of] p1a: Articuno\n|faint|p1a: Articuno\n|\n|-heal|p2a: Gogoat|185/360|[from] item: Leftovers\n|upkeep\n|\n|t:|1781401353\n|switch|p1a: Maushold|Maushold-Four, L76|238/238\n|-damage|p1a: Maushold|209/238|[from] Stealth Rock\n|turn|26\n|\n|t:|1781401361\n|move|p1a: Maushold|Tidy Up|p1a: Maushold\n|-sideend|p1: Spartior1|Stealth Rock\n|-sideend|p2: lectruist6|Stealth Rock\n|-activate|p1a: Maushold|move: Tidy Up\n|-boost|p1a: Maushold|atk|1\n|-boost|p1a: Maushold|spe|1\n|move|p2a: Gogoat|Horn Leech|p1a: Maushold\n|-damage|p1a: Maushold|0 fnt\n|-heal|p2a: Gogoat|290/360|[from] drain|[of] p1a: Maushold\n|faint|p1a: Maushold\n|\n|-heal|p2a: Gogoat|312/360|[from] item: Leftovers\n|upkeep\n|\n|t:|1781401369\n|switch|p1a: Klawf|Klawf, L90, M|272/272\n|turn|27\n|\n|t:|1781401373\n|move|p1a: Klawf|Stone Edge|p2a: Gogoat\n|-damage|p2a: Gogoat|221/360\n|move|p2a: Gogoat|Horn Leech|p1a: Klawf\n|-supereffective|p1a: Klawf\n|-damage|p1a: Klawf|0 fnt\n|-heal|p2a: Gogoat|357/360|[from] drain|[of] p1a: Klawf\n|faint|p1a: Klawf\n|\n|-heal|p2a: Gogoat|360/360|[from] item: Leftovers\n|upkeep\n|-message|Spartior1 forfeited.\n|\n|win|lectruist6\n|raw|Spartior1's rating: 1419 &rarr; <strong>1400</strong><br />(-19 for losing)\n|raw|lectruist6's rating: 1440 &rarr; <strong>1459</strong><br />(+19 for winning)\n|l|\u2606Spartior1\n|player|p1|\n", "inputlog": ">version a8376a258c1d4662feba110a92103f3664a72141\n>start {\"formatid\":\"gen9randombattle\",\"seed\":\"sodium,96d1c9fd78c238f66a8a68e1f3a04313\",\"rated\":\"Rated battle\"}\n>player p1 {\"name\":\"Spartior1\",\"avatar\":\"101\",\"rating\":1419,\"seed\":\"sodium,716657198df0ed1d4822578518703908\"}\n>player p2 {\"name\":\"lectruist6\",\"avatar\":\"gardenia\",\"rating\":1440,\"seed\":\"sodium,6fa049807c60ef140530ca42988497c7\"}\n>p1 move earthpower\n>p2 switch 2\n>p1 move earthpower\n>p2 move malignantchain\n>p2 switch 5\n>p1 switch 3\n>p2 move tripleaxel\n>p1 move stealthrock\n>p2 switch 4\n>p1 move closecombat\n>p2 move stealthrock\n>p1 move closecombat\n>p2 switch 6\n>p1 switch 3\n>p2 move aquacutter\n>p1 switch 4\n>p2 switch 3\n>p1 move calmmind\n>p2 switch 2\n>p1 switch 4\n>p2 move calmmind\n>p1 move earthpower\n>p2 move calmmind\n>p1 move earthpower\n>p2 move calmmind\n>p1 move earthpower\n>p2 move shadowball\n>p1 switch 5\n>p1 move earthquake terastallize\n>p2 move scald\n>p2 switch 3\n>p1 move earthquake\n>p2 move psychocut\n>p1 switch 3\n>p1 move knockoff\n>p2 move psychocut\n>p2 switch 2\n>p1 switch 4\n>p2 move bulkup\n>p1 move hurricane\n>p2 move bulkup terastallize\n>p1 move freezingglare\n>p2 move hornleech\n>p1 move freezingglare\n>p2 move hornleech\n>p1 move freezingglare\n>p2 move milkdrink\n>p1 move recover\n>p2 move bulkup\n>p1 move freezingglare\n>p2 move hornleech\n>p1 move freezingglare\n>p2 move hornleech\n>p1 move freezingglare\n>p2 move hornleech\n>p1 switch 2\n>p1 move tidyup\n>p2 move hornleech\n>p1 switch 6\n>p1 move stoneedge\n>p2 move hornleech\n>forcelose p1", "uploadtime": 1781401384, "views": 4, "formatid": "gen9randombattle", "rating": 1400, "private": 0, "password": null}