{"id": "gen9randombattle-2631412656", "format": "[Gen 9] Random Battle", "players": ["Gon03", "ludiyolo swaggins"], "log": "|j|\u2606Gon03\n|j|\u2606ludiyolo swaggins\n|t:|1781381573\n|gametype|singles\n|player|p1|Gon03|102|1934\n|player|p2|ludiyolo swaggins|clair|1941\n|gen|9\n|tier|[Gen 9] Random Battle\n|rated|\n|rule|Species Clause: Limit one of each Pok\u00e9mon\n|rule|HP Percentage Mod: HP is shown in percentages\n|rule|Sleep Clause Mod: Limit one foe put to sleep\n|rule|Illusion Level Mod: Illusion disguises the Pok\u00e9mon's true level\n|\n|t:|1781381573\n|teamsize|p1|6\n|teamsize|p2|6\n|start\n|switch|p1a: Tropius|Tropius, L91, F|328/328\n|switch|p2a: Chimecho|Chimecho, L93, F|290/290\n|turn|1\n|inactive|Battle timer is ON: inactive players will automatically lose when time's up. (requested by Gon03)\n|\n|t:|1781381584\n|switch|p2a: Cacturne|Cacturne, L92, F|278/278\n|switch|p1a: Tinkaton|Tinkaton, L82, F|274/274\n|-ability|p1a: Tinkaton|Mold Breaker\n|\n|upkeep\n|turn|2\n|\n|t:|1781381591\n|switch|p2a: Wyrdeer|Wyrdeer, L87, M|321/321\n|-ability|p2a: Wyrdeer|Intimidate|boost\n|-unboost|p1a: Tinkaton|atk|1\n|move|p1a: Tinkaton|Thunder Wave|p2a: Wyrdeer\n|-status|p2a: Wyrdeer|par\n|\n|upkeep\n|turn|3\n|\n|t:|1781381603\n|switch|p1a: Cramorant|Cramorant, L86, M|261/261\n|move|p2a: Wyrdeer|Thunder Wave|p1a: Cramorant\n|-status|p1a: Cramorant|par\n|\n|upkeep\n|turn|4\n|\n|t:|1781381615\n|cant|p1a: Cramorant|par\n|move|p2a: Wyrdeer|Body Slam|p1a: Cramorant\n|-damage|p1a: Cramorant|132/261 par\n|\n|upkeep\n|turn|5\n|\n|t:|1781381617\n|move|p1a: Cramorant|Brave Bird|p2a: Wyrdeer\n|-damage|p2a: Wyrdeer|191/321 par\n|-damage|p1a: Cramorant|89/261 par|[from] Recoil\n|cant|p2a: Wyrdeer|par\n|\n|-heal|p2a: Wyrdeer|211/321 par|[from] item: Leftovers\n|upkeep\n|turn|6\n|\n|t:|1781381622\n|move|p1a: Cramorant|Surf|p2a: Wyrdeer\n|-formechange|p1a: Cramorant|Cramorant-Gorging|\n|-damage|p2a: Wyrdeer|106/321 par\n|cant|p2a: Wyrdeer|par\n|\n|-heal|p2a: Wyrdeer|126/321 par|[from] item: Leftovers\n|upkeep\n|turn|7\n|\n|t:|1781381631\n|move|p1a: Cramorant|Brave Bird|p2a: Wyrdeer\n|-damage|p2a: Wyrdeer|0 fnt\n|faint|p2a: Wyrdeer\n|-damage|p1a: Cramorant|47/261 par|[from] Recoil\n|\n|upkeep\n|\n|t:|1781381636\n|switch|p2a: Garganacl|Garganacl, L80, M|291/291\n|turn|8\n|\n|t:|1781381639\n|move|p2a: Garganacl|Salt Cure|p1a: Cramorant\n|-supereffective|p1a: Cramorant\n|-damage|p1a: Cramorant|0 fnt\n|-damage|p2a: Garganacl|219/291|[from] ability: Gulp Missile|[of] p1a: Cramorant\n|-formechange|p1a: Cramorant|Cramorant|\n|faint|p1a: Cramorant\n|\n|-heal|p2a: Garganacl|237/291|[from] item: Leftovers\n|upkeep\n|\n|t:|1781381644\n|switch|p1a: Tinkaton|Tinkaton, L82, F|274/274\n|-ability|p1a: Tinkaton|Mold Breaker\n|turn|9\n|\n|t:|1781381661\n|switch|p2a: Registeel|Registeel, L81|262/262\n|move|p1a: Tinkaton|Gigaton Hammer|p2a: Registeel\n|-resisted|p2a: Registeel\n|-damage|p2a: Registeel|217/262\n|\n|upkeep\n|turn|10\n|\n|t:|1781381668\n|move|p1a: Tinkaton|Thunder Wave|p2a: Registeel\n|-status|p2a: Registeel|par\n|move|p2a: Registeel|Iron Defense|p2a: Registeel\n|-boost|p2a: Registeel|def|2\n|\n|upkeep\n|turn|11\n|\n|t:|1781381673\n|move|p1a: Tinkaton|Encore|p2a: Registeel\n|-start|p2a: Registeel|Encore\n|move|p2a: Registeel|Iron Defense|p2a: Registeel\n|-boost|p2a: Registeel|def|2\n|\n|upkeep\n|turn|12\n|\n|t:|1781381684\n|switch|p2a: Chimecho|Chimecho, L93, F|290/290\n|move|p1a: Tinkaton|Play Rough|p2a: Chimecho\n|-damage|p2a: Chimecho|211/290\n|\n|-heal|p2a: Chimecho|229/290|[from] item: Leftovers\n|upkeep\n|turn|13\n|\n|t:|1781381690\n|switch|p2a: Garganacl|Garganacl, L80, M|237/291\n|move|p1a: Tinkaton|Thunder Wave|p2a: Garganacl|[miss]\n|-miss|p1a: Tinkaton|p2a: Garganacl\n|\n|-heal|p2a: Garganacl|255/291|[from] item: Leftovers\n|upkeep\n|turn|14\n|\n|t:|1781381703\n|-terastallize|p2a: Garganacl|Ghost\n|move|p1a: Tinkaton|Gigaton Hammer|p2a: Garganacl\n|-damage|p2a: Garganacl|149/291\n|move|p2a: Garganacl|Salt Cure|p1a: Tinkaton\n|-resisted|p1a: Tinkaton\n|-damage|p1a: Tinkaton|250/274\n|-start|p1a: Tinkaton|Salt Cure\n|\n|-heal|p1a: Tinkaton|267/274|[from] item: Leftovers\n|-heal|p2a: Garganacl|167/291|[from] item: Leftovers\n|-damage|p1a: Tinkaton|199/274|[from] Salt Cure\n|upkeep\n|turn|15\n|\n|t:|1781381715\n|switch|p1a: Ambipom|Ambipom, L84, M|263/263\n|move|p2a: Garganacl|Recover|p2a: Garganacl\n|-heal|p2a: Garganacl|291/291\n|\n|upkeep\n|turn|16\n|\n|t:|1781381727\n|switch|p2a: Registeel|Registeel, L81|217/262 par\n|move|p1a: Ambipom|Knock Off|p2a: Registeel\n|-damage|p2a: Registeel|150/262 par\n|-enditem|p2a: Registeel|Chesto Berry|[from] move: Knock Off|[of] p1a: Ambipom\n|\n|upkeep\n|turn|17\n|\n|t:|1781381732\n|switch|p1a: Polteageist|Polteageist-Antique, L78|222/222\n|move|p2a: Registeel|Body Press|p1a: Polteageist\n|-immune|p1a: Polteageist\n|\n|upkeep\n|turn|18\n|\n|t:|1781381738\n|switch|p2a: Cacturne|Cacturne, L92, F|278/278\n|move|p1a: Polteageist|Shell Smash|p1a: Polteageist\n|-unboost|p1a: Polteageist|def|1\n|-unboost|p1a: Polteageist|spd|1\n|-boost|p1a: Polteageist|atk|2\n|-boost|p1a: Polteageist|spa|2\n|-boost|p1a: Polteageist|spe|2\n|-enditem|p1a: Polteageist|White Herb\n|-clearnegativeboost|p1a: Polteageist|[silent]\n|\n|upkeep\n|turn|19\n|\n|t:|1781381742\n|-terastallize|p1a: Polteageist|Fighting\n|move|p2a: Cacturne|Sucker Punch|p1a: Polteageist\n|-resisted|p1a: Polteageist\n|-damage|p1a: Polteageist|131/222\n|-damage|p2a: Cacturne|251/278|[from] item: Life Orb\n|move|p1a: Polteageist|Tera Blast|p2a: Cacturne|[anim] Tera Blast Fighting\n|-supereffective|p2a: Cacturne\n|-damage|p2a: Cacturne|0 fnt\n|faint|p2a: Cacturne\n|\n|upkeep\n|\n|t:|1781381745\n|switch|p2a: Fezandipiti|Fezandipiti, L82, M|278/278\n|turn|20\n|\n|t:|1781381751\n|move|p1a: Polteageist|Shadow Ball|p2a: Fezandipiti\n|-damage|p2a: Fezandipiti|125/278\n|-unboost|p2a: Fezandipiti|spd|1\n|move|p2a: Fezandipiti|Play Rough|p1a: Polteageist\n|-supereffective|p1a: Polteageist\n|-damage|p1a: Polteageist|0 fnt\n|-start|p2a: Fezandipiti|Disable|Play Rough|[from] ability: Cursed Body|[of] p1a: Polteageist\n|faint|p1a: Polteageist\n|\n|-heal|p2a: Fezandipiti|142/278|[from] item: Leftovers\n|upkeep\n|\n|t:|1781381755\n|switch|p1a: Ambipom|Ambipom, L84, M|263/263\n|turn|21\n|\n|t:|1781381764\n|move|p1a: Ambipom|Double-Edge|p2a: Fezandipiti\n|-damage|p2a: Fezandipiti|0 fnt\n|faint|p2a: Fezandipiti\n|-damage|p1a: Ambipom|216/263|[from] Recoil\n|\n|upkeep\n|\n|t:|1781381768\n|switch|p2a: Garganacl|Garganacl, L80, M, tera:Ghost|291/291\n|turn|22\n|\n|t:|1781381776\n|switch|p1a: Tinkaton|Tinkaton, L82, F|199/274\n|-ability|p1a: Tinkaton|Mold Breaker\n|move|p2a: Garganacl|Stealth Rock|p1a: Tinkaton\n|-sidestart|p1: Gon03|move: Stealth Rock\n|\n|-heal|p1a: Tinkaton|216/274|[from] item: Leftovers\n|upkeep\n|turn|23\n|\n|t:|1781381779\n|switch|p2a: Registeel|Registeel, L81|150/262 par\n|move|p1a: Tinkaton|Encore||[still]\n|-fail|p1a: Tinkaton\n|\n|-heal|p1a: Tinkaton|233/274|[from] item: Leftovers\n|upkeep\n|turn|24\n|\n|t:|1781381788\n|switch|p1a: Ambipom|Ambipom, L84, M|216/263\n|-damage|p1a: Ambipom|184/263|[from] Stealth Rock\n|move|p2a: Registeel|Rest|p2a: Registeel\n|-status|p2a: Registeel|slp|[from] move: Rest\n|-heal|p2a: Registeel|262/262 slp|[silent]\n|\n|upkeep\n|turn|25\n|\n|t:|1781381795\n|move|p1a: Ambipom|Low Kick|p2a: Registeel\n|-supereffective|p2a: Registeel\n|-damage|p2a: Registeel|92/262 slp\n|cant|p2a: Registeel|slp\n|\n|upkeep\n|turn|26\n|\n|t:|1781381801\n|switch|p1a: Rampardos|Rampardos, L90, F|321/321\n|-damage|p1a: Rampardos|281/321|[from] Stealth Rock\n|switch|p2a: Garganacl|Garganacl, L80, M, tera:Ghost|291/291\n|\n|upkeep\n|turn|27\n|\n|t:|1781381808\n|move|p1a: Rampardos|Rock Slide|p2a: Garganacl\n|-damage|p2a: Garganacl|119/291\n|move|p2a: Garganacl|Body Press|p1a: Rampardos\n|-supereffective|p1a: Rampardos\n|-damage|p1a: Rampardos|121/321\n|\n|-heal|p2a: Garganacl|137/291|[from] item: Leftovers\n|upkeep\n|turn|28\n|\n|t:|1781381817\n|move|p1a: Rampardos|Rock Slide|p2a: Garganacl|[miss]\n|-miss|p1a: Rampardos|p2a: Garganacl\n|move|p2a: Garganacl|Body Press|p1a: Rampardos\n|-supereffective|p1a: Rampardos\n|-damage|p1a: Rampardos|0 fnt\n|faint|p1a: Rampardos\n|\n|-heal|p2a: Garganacl|155/291|[from] item: Leftovers\n|upkeep\n|c|\u2606Gon03|Come on\n|\n|t:|1781381822\n|switch|p1a: Ambipom|Ambipom, L84, M|184/263\n|-damage|p1a: Ambipom|152/263|[from] Stealth Rock\n|turn|29\n|\n|t:|1781381833\n|move|p1a: Ambipom|Knock Off|p2a: Garganacl\n|-supereffective|p2a: Garganacl\n|-damage|p2a: Garganacl|3/291\n|-enditem|p2a: Garganacl|Leftovers|[from] move: Knock Off|[of] p1a: Ambipom\n|move|p2a: Garganacl|Recover|p2a: Garganacl\n|-heal|p2a: Garganacl|149/291\n|\n|upkeep\n|turn|30\n|\n|t:|1781381838\n|switch|p1a: Tropius|Tropius, L91, F|328/328\n|-damage|p1a: Tropius|246/328|[from] Stealth Rock\n|move|p2a: Garganacl|Recover|p2a: Garganacl\n|-heal|p2a: Garganacl|291/291\n|\n|upkeep\n|turn|31\n|\n|t:|1781381849\n|move|p1a: Tropius|Leech Seed|p2a: Garganacl\n|-start|p2a: Garganacl|move: Leech Seed\n|move|p2a: Garganacl|Salt Cure|p1a: Tropius\n|-supereffective|p1a: Tropius\n|-damage|p1a: Tropius|172/328\n|-start|p1a: Tropius|Salt Cure\n|\n|-damage|p2a: Garganacl|255/291|[from] Leech Seed|[of] p1a: Tropius\n|-heal|p1a: Tropius|208/328|[silent]\n|-damage|p1a: Tropius|167/328|[from] Salt Cure\n|upkeep\n|turn|32\n|\n|t:|1781381856\n|switch|p2a: Registeel|Registeel, L81|92/262 slp\n|move|p1a: Tropius|Protect||[still]\n|-fail|p1a: Tropius\n|\n|-damage|p1a: Tropius|126/328|[from] Salt Cure\n|upkeep\n|-enditem|p1a: Tropius|Sitrus Berry|[eat]\n|-heal|p1a: Tropius|208/328|[from] item: Sitrus Berry\n|turn|33\n|\n|t:|1781381871\n|move|p1a: Tropius|Leech Seed|p2a: Registeel\n|-start|p2a: Registeel|move: Leech Seed\n|cant|p2a: Registeel|slp\n|\n|-damage|p2a: Registeel|60/262 slp|[from] Leech Seed|[of] p1a: Tropius\n|-heal|p1a: Tropius|240/328|[silent]\n|-damage|p1a: Tropius|199/328|[from] Salt Cure\n|upkeep\n|turn|34\n|\n|t:|1781381884\n|switch|p1a: Ambipom|Ambipom, L84, M|152/263\n|-damage|p1a: Ambipom|120/263|[from] Stealth Rock\n|switch|p2a: Garganacl|Garganacl, L80, M, tera:Ghost|255/291\n|\n|upkeep\n|turn|35\n|\n|t:|1781381889\n|move|p1a: Ambipom|Triple Axel|p2a: Garganacl\n|-damage|p2a: Garganacl|230/291\n|-damage|p2a: Garganacl|183/291\n|-damage|p2a: Garganacl|111/291\n|-hitcount|p2a: Garganacl|3\n|move|p2a: Garganacl|Body Press|p1a: Ambipom\n|-supereffective|p1a: Ambipom\n|-damage|p1a: Ambipom|0 fnt\n|faint|p1a: Ambipom\n|\n|upkeep\n|\n|t:|1781381894\n|switch|p1a: Tinkaton|Tinkaton, L82, F|233/274\n|-damage|p1a: Tinkaton|216/274|[from] Stealth Rock\n|-ability|p1a: Tinkaton|Mold Breaker\n|turn|36\n|\n|t:|1781381902\n|switch|p2a: Registeel|Registeel, L81|60/262 slp\n|move|p1a: Tinkaton|Gigaton Hammer|p2a: Registeel\n|-resisted|p2a: Registeel\n|-damage|p2a: Registeel|16/262 slp\n|\n|-heal|p1a: Tinkaton|233/274|[from] item: Leftovers\n|upkeep\n|turn|37\n|\n|t:|1781381908\n|move|p1a: Tinkaton|Play Rough|p2a: Registeel\n|-resisted|p2a: Registeel\n|-damage|p2a: Registeel|0 fnt\n|faint|p2a: Registeel\n|\n|-heal|p1a: Tinkaton|250/274|[from] item: Leftovers\n|upkeep\n|\n|t:|1781381912\n|switch|p2a: Chimecho|Chimecho, L93, F|229/290\n|turn|38\n|\n|t:|1781381920\n|move|p1a: Tinkaton|Thunder Wave|p2a: Chimecho\n|-status|p2a: Chimecho|par\n|cant|p2a: Chimecho|par\n|\n|-heal|p1a: Tinkaton|267/274|[from] item: Leftovers\n|-heal|p2a: Chimecho|247/290 par|[from] item: Leftovers\n|upkeep\n|turn|39\n|\n|t:|1781381929\n|move|p1a: Tinkaton|Play Rough|p2a: Chimecho\n|-damage|p2a: Chimecho|175/290 par\n|cant|p2a: Chimecho|par\n|\n|-heal|p1a: Tinkaton|274/274|[from] item: Leftovers\n|-heal|p2a: Chimecho|193/290 par|[from] item: Leftovers\n|upkeep\n|turn|40\n|\n|t:|1781381932\n|move|p1a: Tinkaton|Gigaton Hammer|p2a: Chimecho\n|-damage|p2a: Chimecho|75/290 par\n|move|p2a: Chimecho|Recover|p2a: Chimecho\n|-heal|p2a: Chimecho|220/290 par\n|\n|-heal|p2a: Chimecho|238/290 par|[from] item: Leftovers\n|upkeep\n|turn|41\n|\n|t:|1781381938\n|switch|p2a: Garganacl|Garganacl, L80, M, tera:Ghost|111/291\n|move|p1a: Tinkaton|Encore||[still]\n|-fail|p1a: Tinkaton\n|\n|upkeep\n|turn|42\n|\n|t:|1781381950\n|move|p1a: Tinkaton|Gigaton Hammer|p2a: Garganacl\n|-damage|p2a: Garganacl|14/291\n|move|p2a: Garganacl|Recover|p2a: Garganacl\n|-heal|p2a: Garganacl|160/291\n|\n|upkeep\n|turn|43\n|\n|t:|1781381957\n|switch|p2a: Chimecho|Chimecho, L93, F|238/290 par\n|move|p1a: Tinkaton|Encore||[still]\n|-fail|p1a: Tinkaton\n|\n|-heal|p2a: Chimecho|256/290 par|[from] item: Leftovers\n|upkeep\n|turn|44\n|\n|t:|1781381966\n|switch|p1a: Tropius|Tropius, L91, F|199/328\n|-damage|p1a: Tropius|117/328|[from] Stealth Rock\n|move|p2a: Chimecho|Cosmic Power|p2a: Chimecho\n|-boost|p2a: Chimecho|def|1\n|-boost|p2a: Chimecho|spd|1\n|\n|-heal|p2a: Chimecho|274/290 par|[from] item: Leftovers\n|upkeep\n|turn|45\n|\n|t:|1781381972\n|move|p1a: Tropius|Leech Seed|p2a: Chimecho\n|-start|p2a: Chimecho|move: Leech Seed\n|cant|p2a: Chimecho|par\n|\n|-heal|p2a: Chimecho|290/290 par|[from] item: Leftovers\n|-damage|p2a: Chimecho|254/290 par|[from] Leech Seed|[of] p1a: Tropius\n|-heal|p1a: Tropius|153/328|[silent]\n|upkeep\n|turn|46\n|\n|t:|1781381978\n|switch|p2a: Garganacl|Garganacl, L80, M, tera:Ghost|160/291\n|move|p1a: Tropius|Substitute|p1a: Tropius\n|-start|p1a: Tropius|Substitute\n|-damage|p1a: Tropius|71/328\n|\n|-item|p1a: Tropius|Sitrus Berry|[from] ability: Harvest\n|upkeep\n|-enditem|p1a: Tropius|Sitrus Berry|[eat]\n|-heal|p1a: Tropius|153/328|[from] item: Sitrus Berry\n|turn|47\n|\n|t:|1781381984\n|move|p1a: Tropius|Leech Seed|p2a: Garganacl|[miss]\n|-miss|p1a: Tropius|p2a: Garganacl\n|move|p2a: Garganacl|Salt Cure|p1a: Tropius\n|-supereffective|p1a: Tropius\n|-activate|p1a: Tropius|move: Substitute|[damage]\n|\n|upkeep\n|turn|48\n|\n|t:|1781381989\n|move|p1a: Tropius|Leech Seed|p2a: Garganacl\n|-start|p2a: Garganacl|move: Leech Seed\n|move|p2a: Garganacl|Salt Cure|p1a: Tropius\n|-supereffective|p1a: Tropius\n|-end|p1a: Tropius|Substitute\n|\n|-damage|p2a: Garganacl|124/291|[from] Leech Seed|[of] p1a: Tropius\n|-heal|p1a: Tropius|189/328|[silent]\n|-item|p1a: Tropius|Sitrus Berry|[from] ability: Harvest\n|upkeep\n|turn|49\n|-message|ludiyolo swaggins forfeited.\n|\n|win|Gon03\n", "inputlog": ">version a8376a258c1d4662feba110a92103f3664a72141\n>start {\"formatid\":\"gen9randombattle\",\"seed\":\"sodium,b11971857e12d3b2d6ec56c1ca40e915\",\"rated\":\"Rated battle\"}\n>player p1 {\"name\":\"Gon03\",\"avatar\":\"102\",\"rating\":1934,\"seed\":\"sodium,522ca75a6e943ae255d1a98875530230\"}\n>player p2 {\"name\":\"ludiyolo swaggins\",\"avatar\":\"clair\",\"rating\":1941,\"seed\":\"sodium,d28d3851793748d34a4dea49b9309d40\"}\n>p1 switch 4\n>p2 switch 2\n>p1 move thunderwave\n>p2 switch 5\n>p1 switch 2\n>p2 move thunderwave\n>p1 move bravebird\n>p2 move bodyslam\n>p1 move bravebird\n>p2 move bodyslam\n>p1 move surf\n>p2 move bodyslam\n>p1 move bravebird\n>p2 move bodyslam\n>p2 switch 6\n>p1 move surf\n>p2 move saltcure\n>p1 switch 2\n>p1 move gigatonhammer\n>p2 switch 3\n>p1 move thunderwave\n>p2 move irondefense\n>p1 move encore\n>p2 move bodypress\n>p1 move playrough\n>p2 switch 2\n>p1 move thunderwave\n>p2 switch 3\n>p1 move gigatonhammer\n>p2 move saltcure terastallize\n>p1 switch 5\n>p2 move recover\n>p1 move knockoff\n>p2 switch 2\n>p1 switch 3\n>p2 move bodypress\n>p1 move shellsmash\n>p2 switch 5\n>p1 move terablast terastallize\n>p2 move suckerpunch\n>p2 switch 4\n>p1 move shadowball\n>p2 move playrough\n>p1 switch 3\n>p1 move doubleedge\n>p2 move gunkshot\n>p2 switch 2\n>p1 switch 5\n>p2 move stealthrock\n>p1 move encore\n>p2 switch 5\n>p1 switch 5\n>p2 move rest\n>p1 move lowkick\n>p2 move bodypress\n>p1 switch 6\n>p2 switch 5\n>p1 move rockslide\n>p2 move bodypress\n>p1 move rockslide\n>p2 move bodypress\n>chat \u2606Gon03|Come on\n>p1 switch 6\n>p1 move knockoff\n>p2 move recover\n>p1 switch 4\n>p2 move recover\n>p1 move leechseed\n>p2 move saltcure\n>p1 move protect\n>p2 switch 5\n>p1 move leechseed\n>p2 move ironhead\n>p1 switch 4\n>p2 switch 5\n>p1 move tripleaxel\n>p2 move bodypress\n>p1 switch 5\n>p1 move gigatonhammer\n>p2 switch 5\n>p1 move playrough\n>p2 move bodypress\n>p2 switch 3\n>p1 move thunderwave\n>p2 move cosmicpower\n>p1 move playrough\n>p2 move cosmicpower\n>p1 move gigatonhammer\n>p2 move recover\n>p1 move encore\n>p2 switch 5\n>p1 move gigatonhammer\n>p2 move recover\n>p1 move encore\n>p2 switch 5\n>p1 switch 4\n>p2 move cosmicpower\n>p1 move leechseed\n>p2 move storedpower\n>p1 move substitute\n>p2 switch 5\n>p1 move leechseed\n>p2 move saltcure\n>p1 move leechseed\n>p2 move saltcure\n>forcelose p2", "uploadtime": 1781381575, "views": 9, "formatid": "gen9randombattle", "rating": null, "private": 0, "password": null, "player_dets": [{"name": "Gon03", "avatar": "102", "rating": 1934, "seed": "sodium,522ca75a6e943ae255d1a98875530230"}, {"name": "ludiyolo swaggins", "avatar": "clair", "rating": 1941, "seed": "sodium,d28d3851793748d34a4dea49b9309d40"}], "teams_full": [{"Tropius": {"name": "Tropius", "species": "Tropius", "speciesId": "tropius", "gender": "F", "shiny": false, "level": 91, "moves": ["protect", "airslash", "leechseed", "substitute"], "ability": "Harvest", "evs": {"hp": 85, "atk": 0, "def": 85, "spa": 85, "spd": 85, "spe": 85}, "ivs": {"hp": 31, "atk": 0, "def": 31, "spa": 31, "spd": 31, "spe": 31}, "item": "Sitrus Berry", "teraType": "Steel", "role": "Bulky Support", "bvs": {"hp": 99, "atk": 68, "def": 83, "spa": 72, "spd": 87, "spe": 51}, "stats": {"hp": 328, "atk": 128, "def": 203, "spa": 183, "spd": 210, "spe": 145}}, "Cramorant": {"name": "Cramorant", "species": "Cramorant", "speciesId": "cramorant", "gender": "M", "shiny": false, "level": 86, "moves": ["roost", "surf", "defog", "bravebird"], "ability": "Gulp Missile", "evs": {"hp": 85, "atk": 85, "def": 85, "spa": 85, "spd": 85, "spe": 85}, "ivs": {"hp": 31, "atk": 31, "def": 31, "spa": 31, "spd": 31, "spe": 31}, "item": "Heavy-Duty Boots", "teraType": "Ground", "role": "Bulky Support", "bvs": {"hp": 70, "atk": 85, "def": 55, "spa": 85, "spd": 95, "spe": 85}, "stats": {"hp": 261, "atk": 195, "def": 144, "spa": 195, "spd": 213, "spe": 195}}, "Polteageist": {"name": "Polteageist", "species": "Polteageist-Antique", "speciesId": "polteageist", "gender": "N", "shiny": false, "level": 78, "moves": ["terablast", "shadowball", "shellsmash", "strengthsap"], "ability": "Cursed Body", "evs": {"hp": 85, "atk": 0, "def": 85, "spa": 85, "spd": 85, "spe": 85}, "ivs": {"hp": 31, "atk": 0, "def": 31, "spa": 31, "spd": 31, "spe": 31}, "item": "White Herb", "teraType": "Fighting", "role": "Tera Blast user", "bvs": {"hp": 60, "atk": 65, "def": 65, "spa": 134, "spd": 114, "spe": 70}, "stats": {"hp": 222, "atk": 106, "def": 146, "spa": 254, "spd": 223, "spe": 154}}, "Tinkaton": {"name": "Tinkaton", "species": "Tinkaton", "speciesId": "tinkaton", "gender": "F", "shiny": false, "level": 82, "moves": ["gigatonhammer", "thunderwave", "encore", "playrough"], "ability": "Mold Breaker", "evs": {"hp": 85, "atk": 85, "def": 85, "spa": 85, "spd": 85, "spe": 85}, "ivs": {"hp": 31, "atk": 31, "def": 31, "spa": 31, "spd": 31, "spe": 31}, "item": "Leftovers", "teraType": "Water", "role": "Bulky Attacker", "bvs": {"hp": 85, "atk": 75, "def": 77, "spa": 70, "spd": 105, "spe": 94}, "stats": {"hp": 274, "atk": 170, "def": 173, "spa": 162, "spd": 219, "spe": 201}}, "Ambipom": {"name": "Ambipom", "species": "Ambipom", "speciesId": "ambipom", "gender": "M", "shiny": false, "level": 84, "moves": ["doubleedge", "lowkick", "tripleaxel", "knockoff"], "ability": "Technician", "evs": {"hp": 85, "atk": 85, "def": 85, "spa": 85, "spd": 85, "spe": 85}, "ivs": {"hp": 31, "atk": 31, "def": 31, "spa": 31, "spd": 31, "spe": 31}, "item": "Choice Band", "teraType": "Ice", "role": "Fast Attacker", "bvs": {"hp": 75, "atk": 100, "def": 66, "spa": 60, "spd": 66, "spe": 115}, "stats": {"hp": 263, "atk": 216, "def": 159, "spa": 149, "spd": 159, "spe": 241}}, "Rampardos": {"name": "Rampardos", "species": "Rampardos", "speciesId": "rampardos", "gender": "F", "shiny": false, "level": 90, "moves": ["earthquake", "rockslide", "zenheadbutt", "firepunch"], "ability": "Sheer Force", "evs": {"hp": 85, "atk": 85, "def": 85, "spa": 85, "spd": 85, "spe": 85}, "ivs": {"hp": 31, "atk": 31, "def": 31, "spa": 31, "spd": 31, "spe": 31}, "item": "Life Orb", "teraType": "Rock", "role": "Wallbreaker", "bvs": {"hp": 97, "atk": 165, "def": 60, "spa": 65, "spd": 50, "spe": 58}, "stats": {"hp": 321, "atk": 348, "def": 159, "spa": 168, "spd": 141, "spe": 156}}}, {"Chimecho": {"name": "Chimecho", "species": "Chimecho", "speciesId": "chimecho", "gender": "F", "shiny": false, "level": 93, "moves": ["storedpower", "cosmicpower", "dazzlinggleam", "recover"], "ability": "Levitate", "evs": {"hp": 85, "atk": 0, "def": 85, "spa": 85, "spd": 85, "spe": 85}, "ivs": {"hp": 31, "atk": 0, "def": 31, "spa": 31, "spd": 31, "spe": 31}, "item": "Leftovers", "teraType": "Steel", "role": "Bulky Attacker", "bvs": {"hp": 75, "atk": 50, "def": 80, "spa": 95, "spd": 90, "spe": 65}, "stats": {"hp": 290, "atk": 98, "def": 202, "spa": 230, "spd": 220, "spe": 174}}, "Cacturne": {"name": "Cacturne", "species": "Cacturne", "speciesId": "cacturne", "gender": "F", "shiny": false, "level": 92, "moves": ["knockoff", "focusblast", "suckerpunch", "leafstorm"], "ability": "Water Absorb", "evs": {"hp": 85, "atk": 85, "def": 85, "spa": 85, "spd": 85, "spe": 85}, "ivs": {"hp": 31, "atk": 31, "def": 31, "spa": 31, "spd": 31, "spe": 31}, "item": "Life Orb", "teraType": "Dark", "role": "Wallbreaker", "bvs": {"hp": 70, "atk": 115, "def": 60, "spa": 115, "spd": 60, "spe": 55}, "stats": {"hp": 278, "atk": 264, "def": 163, "spa": 264, "spd": 163, "spe": 154}}, "Registeel": {"name": "Registeel", "species": "Registeel", "speciesId": "registeel", "gender": "N", "shiny": false, "level": 81, "moves": ["ironhead", "rest", "irondefense", "bodypress"], "ability": "Clear Body", "evs": {"hp": 85, "atk": 85, "def": 85, "spa": 85, "spd": 85, "spe": 85}, "ivs": {"hp": 31, "atk": 31, "def": 31, "spa": 31, "spd": 31, "spe": 31}, "item": "Chesto Berry", "teraType": "Fighting", "role": "Bulky Setup", "bvs": {"hp": 80, "atk": 75, "def": 150, "spa": 75, "spd": 150, "spe": 50}, "stats": {"hp": 262, "atk": 168, "def": 290, "spa": 168, "spd": 290, "spe": 128}}, "Fezandipiti": {"name": "Fezandipiti", "species": "Fezandipiti", "speciesId": "fezandipiti", "gender": "M", "shiny": false, "level": 82, "moves": ["playrough", "gunkshot", "terablast", "swordsdance"], "ability": "Toxic Chain", "evs": {"hp": 85, "atk": 85, "def": 85, "spa": 85, "spd": 85, "spe": 85}, "ivs": {"hp": 31, "atk": 31, "def": 31, "spa": 31, "spd": 31, "spe": 31}, "item": "Leftovers", "teraType": "Ground", "role": "Tera Blast user", "bvs": {"hp": 88, "atk": 91, "def": 82, "spa": 70, "spd": 125, "spe": 99}, "stats": {"hp": 278, "atk": 196, "def": 182, "spa": 162, "spd": 252, "spe": 210}}, "Wyrdeer": {"name": "Wyrdeer", "species": "Wyrdeer", "speciesId": "wyrdeer", "gender": "M", "shiny": false, "level": 87, "moves": ["bodyslam", "earthquake", "psychicnoise", "thunderwave"], "ability": "Intimidate", "evs": {"hp": 85, "atk": 85, "def": 85, "spa": 85, "spd": 85, "spe": 85}, "ivs": {"hp": 31, "atk": 31, "def": 31, "spa": 31, "spd": 31, "spe": 31}, "item": "Leftovers", "teraType": "Ground", "role": "Bulky Attacker", "bvs": {"hp": 103, "atk": 105, "def": 72, "spa": 105, "spd": 75, "spe": 65}, "stats": {"hp": 321, "atk": 232, "def": 175, "spa": 232, "spd": 180, "spe": 163}}, "Garganacl": {"name": "Garganacl", "species": "Garganacl", "speciesId": "garganacl", "gender": "M", "shiny": false, "level": 80, "moves": ["bodypress", "saltcure", "stealthrock", "recover"], "ability": "Purifying Salt", "evs": {"hp": 85, "atk": 85, "def": 85, "spa": 85, "spd": 85, "spe": 85}, "ivs": {"hp": 31, "atk": 31, "def": 31, "spa": 31, "spd": 31, "spe": 31}, "item": "Leftovers", "teraType": "Ghost", "role": "Bulky Support", "bvs": {"hp": 100, "atk": 100, "def": 130, "spa": 45, "spd": 90, "spe": 35}, "stats": {"hp": 291, "atk": 206, "def": 254, "spa": 118, "spd": 190, "spe": 102}}}]}