{"id": "gen9randombattle-2631645995", "format": "[Gen 9] Random Battle", "players": ["malnouriished", "Minemi"], "log": "|j|\u2606malnouriished\n|j|\u2606Minemi\n|t:|1781414178\n|gametype|singles\n|player|p1|malnouriished|shadowtriad|1313\n|player|p2|Minemi|clerkf|1357\n|gen|9\n|tier|[Gen 9] Random Battle\n|rated|\n|rule|Species Clause: Limit one of each Pok\u00e9mon\n|rule|HP Percentage Mod: HP is shown in percentages\n|rule|Sleep Clause Mod: Limit one foe put to sleep\n|rule|Illusion Level Mod: Illusion disguises the Pok\u00e9mon's true level\n|\n|t:|1781414178\n|teamsize|p1|6\n|teamsize|p2|6\n|start\n|switch|p1a: Brute Bonnet|Brute Bonnet, L80|309/309\n|switch|p2a: Trevenant|Trevenant, L89, F|296/296\n|turn|1\n|inactive|Battle timer is ON: inactive players will automatically lose when time's up. (requested by Minemi)\n|c|\u2606malnouriished|gl\n|inactive|malnouriished has 120 seconds left.\n|\n|t:|1781414215\n|-end|p1a: Brute Bonnet|Protosynthesis|[silent]\n|switch|p1a: Klefki|Klefki, L84, F|233/233\n|move|p2a: Trevenant|Will-O-Wisp|p1a: Klefki\n|-status|p1a: Klefki|brn\n|\n|-damage|p1a: Klefki|219/233 brn|[from] brn\n|upkeep\n|turn|2\n|\n|t:|1781414232\n|move|p1a: Klefki|Spikes|p2a: Trevenant\n|-sidestart|p2: Minemi|Spikes\n|move|p2a: Trevenant|Poltergeist|p1a: Klefki\n|-activate|p1a: Klefki|move: Poltergeist|Leftovers\n|-damage|p1a: Klefki|32/233 brn\n|-damage|p2a: Trevenant|267/296|[from] item: Life Orb\n|\n|-heal|p1a: Klefki|46/233 brn|[from] item: Leftovers\n|-damage|p1a: Klefki|32/233 brn|[from] brn\n|upkeep\n|turn|3\n|\n|t:|1781414239\n|move|p1a: Klefki|Thunder Wave|p2a: Trevenant\n|-status|p2a: Trevenant|par\n|move|p2a: Trevenant|Drain Punch|p1a: Klefki\n|-damage|p1a: Klefki|0 fnt\n|-heal|p2a: Trevenant|283/296 par|[from] drain|[of] p1a: Klefki\n|faint|p1a: Klefki\n|-damage|p2a: Trevenant|254/296 par|[from] item: Life Orb\n|\n|upkeep\n|\n|t:|1781414261\n|switch|p1a: Emboar|Emboar, L84, M|322/322\n|turn|4\n|\n|t:|1781414277\n|-curestatus|p2a: Trevenant|par|[from] ability: Natural Cure|[silent]\n|switch|p2a: Latios|Latios, L78, M|253/253\n|move|p1a: Emboar|Flare Blitz|p2a: Latios\n|-resisted|p2a: Latios\n|-damage|p2a: Latios|148/253\n|-status|p2a: Latios|brn\n|-damage|p1a: Emboar|287/322|[from] Recoil\n|\n|-heal|p1a: Emboar|307/322|[from] item: Leftovers\n|-damage|p2a: Latios|133/253 brn|[from] brn\n|upkeep\n|turn|5\n|\n|t:|1781414297\n|switch|p1a: Brute Bonnet|Brute Bonnet, L80|309/309\n|move|p2a: Latios|Calm Mind|p2a: Latios\n|-boost|p2a: Latios|spa|1\n|-boost|p2a: Latios|spd|1\n|\n|-damage|p2a: Latios|118/253 brn|[from] brn\n|upkeep\n|turn|6\n|\n|t:|1781414305\n|move|p2a: Latios|Recover|p2a: Latios\n|-heal|p2a: Latios|245/253 brn\n|move|p1a: Brute Bonnet|Crunch|p2a: Latios\n|-supereffective|p2a: Latios\n|-damage|p2a: Latios|29/253 brn\n|\n|-damage|p2a: Latios|14/253 brn|[from] brn\n|upkeep\n|turn|7\n|\n|t:|1781414315\n|move|p2a: Latios|Recover|p2a: Latios\n|-heal|p2a: Latios|141/253 brn\n|move|p1a: Brute Bonnet|Spore||[still]\n|-fail|p1a: Brute Bonnet\n|\n|-damage|p2a: Latios|126/253 brn|[from] brn\n|upkeep\n|turn|8\n|\n|t:|1781414320\n|switch|p2a: Trevenant|Trevenant, L89, F|254/296\n|-damage|p2a: Trevenant|217/296|[from] Spikes\n|move|p1a: Brute Bonnet|Crunch|p2a: Trevenant\n|-supereffective|p2a: Trevenant\n|-damage|p2a: Trevenant|25/296\n|\n|upkeep\n|turn|9\n|\n|t:|1781414325\n|move|p2a: Trevenant|Drain Punch|p1a: Brute Bonnet\n|-supereffective|p1a: Brute Bonnet\n|-damage|p1a: Brute Bonnet|132/309\n|-heal|p2a: Trevenant|114/296|[from] drain|[of] p1a: Brute Bonnet\n|-damage|p2a: Trevenant|85/296|[from] item: Life Orb\n|move|p1a: Brute Bonnet|Crunch|p2a: Trevenant\n|-supereffective|p2a: Trevenant\n|-damage|p2a: Trevenant|0 fnt\n|faint|p2a: Trevenant\n|\n|-heal|p1a: Brute Bonnet|151/309|[from] item: Leftovers\n|upkeep\n|\n|t:|1781414341\n|switch|p2a: Latios|Latios, L78, M|126/253 brn\n|turn|10\n|\n|t:|1781414349\n|move|p1a: Brute Bonnet|Sucker Punch|p2a: Latios\n|-supereffective|p2a: Latios\n|-damage|p2a: Latios|0 fnt\n|faint|p2a: Latios\n|\n|-heal|p1a: Brute Bonnet|170/309|[from] item: Leftovers\n|upkeep\n|\n|t:|1781414354\n|switch|p2a: Munkidori|Munkidori, L79, M|269/269\n|-damage|p2a: Munkidori|236/269|[from] Spikes\n|turn|11\n|inactive|malnouriished has 120 seconds left.\n|\n|t:|1781414385\n|move|p2a: Munkidori|Sludge Wave|p1a: Brute Bonnet\n|-supereffective|p1a: Brute Bonnet\n|-damage|p1a: Brute Bonnet|0 fnt\n|faint|p1a: Brute Bonnet\n|-end|p1a: Brute Bonnet|Protosynthesis|[silent]\n|-damage|p2a: Munkidori|210/269|[from] item: Life Orb\n|\n|upkeep\n|inactive|malnouriished has 120 seconds left.\n|\n|t:|1781414403\n|switch|p1a: Basculegion|Basculegion-F, L83, F|335/335\n|turn|12\n|\n|t:|1781414418\n|move|p2a: Munkidori|Psyshock|p1a: Basculegion\n|-damage|p1a: Basculegion|193/335\n|-damage|p2a: Munkidori|184/269|[from] item: Life Orb\n|move|p1a: Basculegion|Shadow Ball|p2a: Munkidori\n|-supereffective|p2a: Munkidori\n|-damage|p2a: Munkidori|0 fnt\n|faint|p2a: Munkidori\n|\n|upkeep\n|\n|t:|1781414425\n|switch|p2a: Ditto|Ditto, L87|225/225\n|-damage|p2a: Ditto|197/225|[from] Spikes\n|-transform|p2a: Ditto|p1a: Basculegion|[from] ability: Imposter\n|turn|13\n|inactive|malnouriished has 120 seconds left.\n|\n|t:|1781414446\n|-terastallize|p1a: Basculegion|Water\n|move|p2a: Ditto|Shadow Ball|p1a: Basculegion\n|-damage|p1a: Basculegion|107/335\n|move|p1a: Basculegion|Shadow Ball|p2a: Ditto\n|-supereffective|p2a: Ditto\n|-damage|p2a: Ditto|0 fnt\n|faint|p2a: Ditto\n|\n|upkeep\n|\n|t:|1781414456\n|switch|p2a: Probopass|Probopass, L91, M|257/257\n|-damage|p2a: Probopass|225/257|[from] Spikes\n|turn|14\n|\n|t:|1781414468\n|move|p1a: Basculegion|Flip Turn|p2a: Probopass\n|-supereffective|p2a: Probopass\n|-damage|p2a: Probopass|117/257\n|\n|t:|1781414474\n|switch|p1a: Gogoat|Gogoat, L88, F|360/360|[from] Flip Turn\n|move|p2a: Probopass|Power Gem|p1a: Gogoat\n|-damage|p1a: Gogoat|281/360\n|\n|-heal|p1a: Gogoat|303/360|[from] item: Leftovers\n|-heal|p2a: Probopass|133/257|[from] item: Leftovers\n|upkeep\n|turn|15\n|\n|t:|1781414489\n|move|p1a: Gogoat|Bulk Up|p1a: Gogoat\n|-boost|p1a: Gogoat|atk|1\n|-boost|p1a: Gogoat|def|1\n|move|p2a: Probopass|Iron Defense|p2a: Probopass\n|-boost|p2a: Probopass|def|2\n|\n|-heal|p1a: Gogoat|325/360|[from] item: Leftovers\n|-heal|p2a: Probopass|149/257|[from] item: Leftovers\n|upkeep\n|turn|16\n|\n|t:|1781414493\n|move|p1a: Gogoat|Earthquake|p2a: Probopass\n|-supereffective|p2a: Probopass\n|-damage|p2a: Probopass|9/257\n|move|p2a: Probopass|Iron Defense|p2a: Probopass\n|-boost|p2a: Probopass|def|2\n|\n|-heal|p1a: Gogoat|347/360|[from] item: Leftovers\n|-heal|p2a: Probopass|25/257|[from] item: Leftovers\n|upkeep\n|turn|17\n|\n|t:|1781414499\n|move|p1a: Gogoat|Earthquake|p2a: Probopass\n|-supereffective|p2a: Probopass\n|-damage|p2a: Probopass|0 fnt\n|faint|p2a: Probopass\n|\n|-heal|p1a: Gogoat|360/360|[from] item: Leftovers\n|upkeep\n|\n|t:|1781414501\n|switch|p2a: Salamence|Salamence, L77, F|273/273\n|turn|18\n|inactive|malnouriished has 120 seconds left.\n|\n|t:|1781414536\n|switch|p1a: Rampardos|Rampardos, L90, F|321/321\n|move|p2a: Salamence|Dragon Dance|p2a: Salamence\n|-boost|p2a: Salamence|atk|1\n|-boost|p2a: Salamence|spe|1\n|\n|upkeep\n|turn|19\n|inactive|malnouriished has 120 seconds left.\n|\n|t:|1781414557\n|-terastallize|p2a: Salamence|Steel\n|move|p2a: Salamence|Dragon Dance|p2a: Salamence\n|-boost|p2a: Salamence|atk|1\n|-boost|p2a: Salamence|spe|1\n|move|p1a: Rampardos|Earthquake|p2a: Salamence\n|-supereffective|p2a: Salamence\n|-damage|p2a: Salamence|0 fnt\n|faint|p2a: Salamence\n|-damage|p1a: Rampardos|289/321|[from] item: Life Orb\n|\n|win|malnouriished\n|raw|malnouriished's rating: 1313 &rarr; <strong>1336</strong><br />(+23 for winning)\n|raw|Minemi's rating: 1357 &rarr; <strong>1334</strong><br />(-23 for losing)\n|c|\u2606malnouriished|gg\n|l|\u2606Minemi\n|player|p2|\n", "inputlog": ">version a8376a258c1d4662feba110a92103f3664a72141\n>start {\"formatid\":\"gen9randombattle\",\"seed\":\"sodium,e91946cf3a2b848a17a3fdaf7c25ab3c\",\"rated\":\"Rated battle\"}\n>player p1 {\"name\":\"malnouriished\",\"avatar\":\"shadowtriad\",\"rating\":1313,\"seed\":\"sodium,20f006cc1b16b4fe2276bde74b4da30e\"}\n>player p2 {\"name\":\"Minemi\",\"avatar\":\"clerkf\",\"rating\":1357,\"seed\":\"sodium,c1618bd2936e072f866e929962dbb23c\"}\n>chat \u2606malnouriished|gl\n>p1 switch 2\n>p2 move willowisp\n>p1 move spikes\n>p2 move poltergeist\n>p1 move thunderwave\n>p2 move drainpunch\n>p1 switch 5\n>p1 move flareblitz\n>p2 switch 5\n>p1 switch 2\n>p2 move calmmind\n>p1 move crunch\n>p2 move recover\n>p1 move spore\n>p2 move recover\n>p1 move crunch\n>p2 switch 5\n>p1 move crunch\n>p2 move drainpunch\n>p2 switch 5\n>p1 move suckerpunch\n>p2 move dracometeor\n>p2 switch 6\n>p1 move crunch\n>p2 move sludgewave\n>p1 switch 3\n>p1 move shadowball\n>p2 move psyshock\n>p2 switch 3\n>p1 move shadowball terastallize\n>p2 move shadowball\n>p2 switch 4\n>p1 move flipturn\n>p2 move powergem\n>p1 switch 6\n>p1 move bulkup\n>p2 move irondefense\n>p1 move earthquake\n>p2 move irondefense\n>p1 move earthquake\n>p2 move bodypress\n>p2 switch 2\n>p1 switch 4\n>p2 move dragondance\n>p1 move earthquake\n>p2 move dragondance terastallize", "uploadtime": 1781414597, "views": 5, "formatid": "gen9randombattle", "rating": 1334, "private": 0, "password": null}