{"id": "gen9randombattle-2631940840", "format": "[Gen 9] Random Battle", "players": ["EmiyaLukas0", "Rlrn"], "log": "|j|\u2606EmiyaLukas0\n|j|\u2606Rlrn\n|t:|1781458006\n|gametype|singles\n|player|p1|EmiyaLukas0|ash-kalos|\n|player|p2|Rlrn|red|\n|gen|9\n|tier|[Gen 9] Random Battle\n|rule|Species Clause: Limit one of each Pok\u00e9mon\n|rule|HP Percentage Mod: HP is shown in percentages\n|rule|Sleep Clause Mod: Limit one foe put to sleep\n|rule|Illusion Level Mod: Illusion disguises the Pok\u00e9mon's true level\n|\n|t:|1781458006\n|teamsize|p1|6\n|teamsize|p2|6\n|start\n|switch|p1a: Cinderace|Cinderace, L77, M|249/249\n|switch|p2a: Sceptile|Sceptile, L87, F|264/264\n|turn|1\n|c|\u2606EmiyaLukas0|MDRRR\n|\n|t:|1781458025\n|switch|p2a: Vikavolt|Vikavolt, L83, M|263/263\n|move|p1a: Cinderace|Pyro Ball|p2a: Vikavolt\n|-supereffective|p2a: Vikavolt\n|-damage|p2a: Vikavolt|0 fnt\n|faint|p2a: Vikavolt\n|\n|upkeep\n|\n|t:|1781458035\n|switch|p2a: Dudunsparce|Dudunsparce, L83, F|343/343\n|turn|2\n|c|\u2606EmiyaLukas0|Ah oe faut pas switch avec des insectes\n|\n|t:|1781458048\n|switch|p1a: Tauros|Tauros-Paldea-Combat, L82, M|257/257\n|-ability|p1a: Tauros|Intimidate|boost\n|-unboost|p2a: Dudunsparce|atk|1\n|-ability|p2a: Dudunsparce|Rattled|boost\n|-boost|p2a: Dudunsparce|spe|1\n|move|p2a: Dudunsparce|Boomburst|p1a: Tauros\n|-damage|p1a: Tauros|101/257\n|\n|upkeep\n|turn|3\n|\n|t:|1781458075\n|switch|p2a: Deoxys|Deoxys-Speed, L82|216/216\n|-ability|p2a: Deoxys|Pressure\n|move|p1a: Tauros|Close Combat|p2a: Deoxys\n|-resisted|p2a: Deoxys\n|-damage|p2a: Deoxys|122/216\n|-unboost|p1a: Tauros|def|1\n|-unboost|p1a: Tauros|spd|1\n|-damage|p1a: Tauros|76/257|[from] item: Life Orb\n|\n|upkeep\n|turn|4\n|\n|t:|1781458091\n|move|p2a: Deoxys|Dark Pulse|p1a: Tauros\n|-resisted|p1a: Tauros\n|-damage|p1a: Tauros|8/257\n|-damage|p2a: Deoxys|101/216|[from] item: Life Orb\n|move|p1a: Tauros|Close Combat|p2a: Deoxys\n|-resisted|p2a: Deoxys\n|-damage|p2a: Deoxys|19/216\n|-unboost|p1a: Tauros|def|1\n|-unboost|p1a: Tauros|spd|1\n|-damage|p1a: Tauros|0 fnt|[from] item: Life Orb\n|faint|p1a: Tauros\n|\n|upkeep\n|\n|t:|1781458103\n|switch|p1a: Bisharp|Bisharp, L79, M|232/232\n|turn|5\n|\n|t:|1781458108\n|switch|p2a: Sceptile|Sceptile, L87, F|264/264\n|move|p1a: Bisharp|Sucker Punch||[still]\n|-fail|p1a: Bisharp\n|\n|upkeep\n|turn|6\n|\n|t:|1781458122\n|move|p2a: Sceptile|Leaf Blade|p1a: Bisharp\n|-resisted|p1a: Bisharp\n|-crit|p1a: Bisharp\n|-damage|p1a: Bisharp|179/232\n|-damage|p2a: Sceptile|238/264|[from] item: Life Orb\n|move|p1a: Bisharp|Stealth Rock|p2a: Sceptile\n|-sidestart|p2: Rlrn|move: Stealth Rock\n|\n|upkeep\n|turn|7\n|\n|t:|1781458133\n|move|p2a: Sceptile|Earthquake|p1a: Bisharp\n|-supereffective|p1a: Bisharp\n|-damage|p1a: Bisharp|59/232\n|-damage|p2a: Sceptile|212/264|[from] item: Life Orb\n|move|p1a: Bisharp|Throat Chop|p2a: Sceptile\n|-damage|p2a: Sceptile|110/264\n|-start|p2a: Sceptile|Throat Chop|[silent]\n|\n|upkeep\n|turn|8\n|\n|t:|1781458146\n|switch|p2a: Ogerpon|Ogerpon-Cornerstone, L76, F|247/247\n|-damage|p2a: Ogerpon|217/247|[from] Stealth Rock\n|move|p1a: Bisharp|Sucker Punch||[still]\n|-fail|p1a: Bisharp\n|\n|upkeep\n|turn|9\n|\n|t:|1781458165\n|move|p2a: Ogerpon|Superpower|p1a: Bisharp\n|-supereffective|p1a: Bisharp\n|-damage|p1a: Bisharp|0 fnt\n|-unboost|p2a: Ogerpon|atk|1\n|-unboost|p2a: Ogerpon|def|1\n|faint|p1a: Bisharp\n|\n|upkeep\n|\n|t:|1781458171\n|switch|p1a: Cinderace|Cinderace, L77, M|249/249\n|turn|10\n|\n|t:|1781458180\n|switch|p2a: Dudunsparce|Dudunsparce, L83, F|343/343\n|-damage|p2a: Dudunsparce|301/343|[from] Stealth Rock\n|move|p1a: Cinderace|Pyro Ball|p2a: Dudunsparce\n|-damage|p2a: Dudunsparce|112/343\n|\n|-heal|p2a: Dudunsparce|133/343|[from] item: Leftovers\n|upkeep\n|turn|11\n|\n|t:|1781458193\n|move|p1a: Cinderace|Pyro Ball|p2a: Dudunsparce\n|-damage|p2a: Dudunsparce|0 fnt\n|faint|p2a: Dudunsparce\n|\n|upkeep\n|\n|t:|1781458205\n|switch|p2a: Braviary|Braviary, L85, M|309/309\n|turn|12\n|\n|t:|1781458212\n|switch|p1a: Granbull|Granbull, L88, F|302/302\n|-ability|p1a: Granbull|Intimidate|boost\n|-unboost|p2a: Braviary|atk|1\n|-ability|p2a: Braviary|Defiant|boost\n|-boost|p2a: Braviary|atk|2\n|move|p2a: Braviary|Close Combat|p1a: Granbull\n|-resisted|p1a: Granbull\n|-damage|p1a: Granbull|213/302\n|-unboost|p2a: Braviary|def|1\n|-unboost|p2a: Braviary|spd|1\n|\n|-heal|p1a: Granbull|231/302|[from] item: Leftovers\n|upkeep\n|turn|13\n|\n|t:|1781458229\n|move|p2a: Braviary|Close Combat|p1a: Granbull\n|-resisted|p1a: Granbull\n|-damage|p1a: Granbull|152/302\n|-unboost|p2a: Braviary|def|1\n|-unboost|p2a: Braviary|spd|1\n|move|p1a: Granbull|Thunder Wave|p2a: Braviary\n|-status|p2a: Braviary|par\n|\n|-heal|p1a: Granbull|170/302|[from] item: Leftovers\n|upkeep\n|turn|14\n|\n|t:|1781458243\n|move|p1a: Granbull|Play Rough|p2a: Braviary\n|-damage|p2a: Braviary|17/309 par\n|move|p2a: Braviary|Brave Bird|p1a: Granbull\n|-damage|p1a: Granbull|0 fnt\n|faint|p1a: Granbull\n|-damage|p2a: Braviary|0 fnt|[from] Recoil\n|faint|p2a: Braviary\n|\n|upkeep\n|\n|t:|1781458258\n|switch|p2a: Sceptile|Sceptile, L87, F|110/264\n|switch|p1a: Annihilape|Annihilape, L76, M|292/292\n|-damage|p2a: Sceptile|77/264|[from] Stealth Rock\n|turn|15\n|\n|t:|1781458266\n|move|p2a: Sceptile|Earthquake|p1a: Annihilape\n|-damage|p1a: Annihilape|189/292\n|-damage|p2a: Sceptile|51/264|[from] item: Life Orb\n|move|p1a: Annihilape|Gunk Shot|p2a: Sceptile\n|-supereffective|p2a: Sceptile\n|-damage|p2a: Sceptile|0 fnt\n|faint|p2a: Sceptile\n|\n|-heal|p1a: Annihilape|207/292|[from] item: Leftovers\n|upkeep\n|\n|t:|1781458279\n|switch|p2a: Ogerpon|Ogerpon-Cornerstone, L76, F|217/247\n|-damage|p2a: Ogerpon|187/247|[from] Stealth Rock\n|turn|16\n|\n|t:|1781458287\n|move|p2a: Ogerpon|Ivy Cudgel|p1a: Annihilape|[anim] Ivy Cudgel Rock\n|-resisted|p1a: Annihilape\n|-damage|p1a: Annihilape|134/292\n|move|p1a: Annihilape|Rage Fist|p2a: Ogerpon\n|-damage|p2a: Ogerpon|30/247\n|\n|-heal|p1a: Annihilape|152/292|[from] item: Leftovers\n|upkeep\n|turn|17\n|\n|t:|1781458300\n|move|p2a: Ogerpon|Superpower|p1a: Annihilape\n|-immune|p1a: Annihilape\n|move|p1a: Annihilape|Drain Punch|p2a: Ogerpon\n|-supereffective|p2a: Ogerpon\n|-damage|p2a: Ogerpon|0 fnt\n|-heal|p1a: Annihilape|167/292|[from] drain|[of] p2a: Ogerpon\n|faint|p2a: Ogerpon\n|\n|-heal|p1a: Annihilape|185/292|[from] item: Leftovers\n|upkeep\n|c|\u2606EmiyaLukas0|Aie la table des types\n|\n|t:|1781458312\n|switch|p2a: Deoxys|Deoxys-Speed, L82|19/216\n|-damage|p2a: Deoxys|0 fnt|[from] Stealth Rock\n|faint|p2a: Deoxys\n|\n|win|EmiyaLukas0\n|l|\u2606Rlrn\n|player|p2|\n", "inputlog": ">version a8376a258c1d4662feba110a92103f3664a72141\n>start {\"formatid\":\"gen9randombattle\",\"seed\":\"sodium,1a4d81d005525e9732949447a7d22847\"}\n>player p1 {\"name\":\"EmiyaLukas0\",\"avatar\":\"ash-kalos\",\"rating\":0,\"seed\":\"sodium,eb882a6c7f8a0836c88e57f0cb3e41a0\"}\n>player p2 {\"name\":\"Rlrn\",\"avatar\":\"red\",\"rating\":0,\"seed\":\"sodium,88cc4241479e719acd71234593056f78\"}\n>chat \u2606EmiyaLukas0|MDRRR\n>p1 move pyroball\n>p2 switch 6\n>p2 switch 2\n>chat \u2606EmiyaLukas0|Ah oe faut pas switch avec des insectes\n>p1 switch 4\n>p2 move boomburst\n>p1 move closecombat\n>p2 switch 3\n>p1 move closecombat\n>p2 move darkpulse\n>p1 switch 3\n>p1 move suckerpunch\n>p2 switch 6\n>p1 move stealthrock\n>p2 move leafblade\n>p1 move throatchop\n>p2 move earthquake\n>p1 move suckerpunch\n>p2 switch 4\n>p1 move throatchop\n>p2 move superpower\n>p1 switch 4\n>p1 move pyroball\n>p2 switch 3\n>p1 move pyroball\n>p2 move roost\n>p2 switch 5\n>p1 switch 5\n>p2 move closecombat\n>p1 move thunderwave\n>p2 move closecombat\n>p1 move playrough\n>p2 move bravebird\n>p1 switch 6\n>p2 switch 4\n>p1 move gunkshot\n>p2 move earthquake\n>p2 switch 3\n>p1 move ragefist\n>p2 move ivycudgel\n>p1 move drainpunch\n>p2 move superpower\n>chat \u2606EmiyaLukas0|Aie la table des types\n>p2 switch 6", "uploadtime": 1781458337, "views": 5, "formatid": "gen9randombattle", "rating": null, "private": 0, "password": null}