{"id": "gen9randombattle-2631592036", "format": "[Gen 9] Random Battle", "players": ["Dollainthewoods", "who is to say"], "log": "|j|\u2606Dollainthewoods\n|j|\u2606who is to say\n|t:|1781405741\n|gametype|singles\n|player|p1|Dollainthewoods|101|2131\n|player|p2|who is to say|170|2232\n|gen|9\n|tier|[Gen 9] Random Battle\n|rated|\n|rule|Species Clause: Limit one of each Pok\u00e9mon\n|rule|HP Percentage Mod: HP is shown in percentages\n|rule|Sleep Clause Mod: Limit one foe put to sleep\n|rule|Illusion Level Mod: Illusion disguises the Pok\u00e9mon's true level\n|\n|t:|1781405741\n|teamsize|p1|6\n|teamsize|p2|6\n|start\n|switch|p1a: Oricorio|Oricorio-Pom-Pom, L82, F|257/257\n|switch|p2a: Sunflora|Sunflora, F|312/312\n|turn|1\n|inactive|Battle timer is ON: inactive players will automatically lose when time's up. (requested by Dollainthewoods)\n|\n|t:|1781405774\n|switch|p2a: Glimmora|Glimmora, L75, F|248/248\n|move|p1a: Oricorio|Quiver Dance|p1a: Oricorio\n|-boost|p1a: Oricorio|spa|1\n|-boost|p1a: Oricorio|spd|1\n|-boost|p1a: Oricorio|spe|1\n|\n|upkeep\n|turn|2\n|\n|t:|1781405782\n|move|p1a: Oricorio|Quiver Dance|p1a: Oricorio\n|-boost|p1a: Oricorio|spa|1\n|-boost|p1a: Oricorio|spd|1\n|-boost|p1a: Oricorio|spe|1\n|move|p2a: Glimmora|Meteor Beam||[still]\n|-prepare|p2a: Glimmora|Meteor Beam\n|-boost|p2a: Glimmora|spa|1\n|-enditem|p2a: Glimmora|Power Herb\n|-anim|p2a: Glimmora|Meteor Beam|p1a: Oricorio\n|-supereffective|p1a: Oricorio\n|-damage|p1a: Oricorio|11/257\n|\n|upkeep\n|turn|3\n|\n|t:|1781405792\n|move|p1a: Oricorio|Roost|p1a: Oricorio\n|-heal|p1a: Oricorio|140/257\n|-singleturn|p1a: Oricorio|move: Roost\n|move|p2a: Glimmora|Earth Power|p1a: Oricorio\n|-supereffective|p1a: Oricorio\n|-damage|p1a: Oricorio|14/257\n|\n|upkeep\n|turn|4\n|\n|t:|1781405799\n|move|p1a: Oricorio|Roost|p1a: Oricorio\n|-heal|p1a: Oricorio|143/257\n|-singleturn|p1a: Oricorio|move: Roost\n|move|p2a: Glimmora|Earth Power|p1a: Oricorio\n|-supereffective|p1a: Oricorio\n|-damage|p1a: Oricorio|13/257\n|\n|upkeep\n|turn|5\n|\n|t:|1781405806\n|move|p1a: Oricorio|Roost|p1a: Oricorio\n|-heal|p1a: Oricorio|142/257\n|-singleturn|p1a: Oricorio|move: Roost\n|move|p2a: Glimmora|Earth Power|p1a: Oricorio\n|-supereffective|p1a: Oricorio\n|-damage|p1a: Oricorio|24/257\n|\n|upkeep\n|turn|6\n|\n|t:|1781405818\n|move|p1a: Oricorio|Roost|p1a: Oricorio\n|-heal|p1a: Oricorio|153/257\n|-singleturn|p1a: Oricorio|move: Roost\n|move|p2a: Glimmora|Earth Power|p1a: Oricorio\n|-supereffective|p1a: Oricorio\n|-damage|p1a: Oricorio|29/257\n|\n|upkeep\n|turn|7\n|\n|t:|1781405823\n|move|p1a: Oricorio|Roost|p1a: Oricorio\n|-heal|p1a: Oricorio|158/257\n|-singleturn|p1a: Oricorio|move: Roost\n|move|p2a: Glimmora|Earth Power|p1a: Oricorio\n|-supereffective|p1a: Oricorio\n|-damage|p1a: Oricorio|30/257\n|\n|upkeep\n|turn|8\n|\n|t:|1781405828\n|move|p1a: Oricorio|Quiver Dance|p1a: Oricorio\n|-boost|p1a: Oricorio|spa|1\n|-boost|p1a: Oricorio|spd|1\n|-boost|p1a: Oricorio|spe|1\n|move|p2a: Glimmora|Earth Power|p1a: Oricorio\n|-immune|p1a: Oricorio\n|\n|upkeep\n|turn|9\n|\n|t:|1781405829\n|move|p1a: Oricorio|Roost|p1a: Oricorio\n|-heal|p1a: Oricorio|159/257\n|-singleturn|p1a: Oricorio|move: Roost\n|move|p2a: Glimmora|Earth Power|p1a: Oricorio\n|-supereffective|p1a: Oricorio\n|-damage|p1a: Oricorio|61/257\n|-unboost|p1a: Oricorio|spd|1\n|\n|upkeep\n|turn|10\n|\n|t:|1781405842\n|-terastallize|p1a: Oricorio|Ground\n|move|p1a: Oricorio|Quiver Dance|p1a: Oricorio\n|-boost|p1a: Oricorio|spa|1\n|-boost|p1a: Oricorio|spd|1\n|-boost|p1a: Oricorio|spe|1\n|move|p2a: Glimmora|Sludge Wave|p1a: Oricorio\n|-resisted|p1a: Oricorio\n|-damage|p1a: Oricorio|23/257\n|\n|upkeep\n|turn|11\n|\n|t:|1781405863\n|move|p1a: Oricorio|Roost|p1a: Oricorio\n|-heal|p1a: Oricorio|152/257\n|move|p2a: Glimmora|Energy Ball|p1a: Oricorio\n|-supereffective|p1a: Oricorio\n|-damage|p1a: Oricorio|58/257\n|\n|upkeep\n|turn|12\n|\n|t:|1781405869\n|move|p1a: Oricorio|Revelation Dance|p2a: Glimmora\n|-supereffective|p2a: Glimmora\n|-damage|p2a: Glimmora|0 fnt\n|faint|p2a: Glimmora\n|\n|upkeep\n|\n|t:|1781405872\n|switch|p2a: Wugtrio|Wugtrio, L91, M|212/212\n|turn|13\n|\n|t:|1781405878\n|switch|p1a: Palossand|Palossand, L89, M|296/296\n|move|p2a: Wugtrio|Aqua Jet|p1a: Palossand\n|-supereffective|p1a: Palossand\n|-damage|p1a: Palossand|176/296\n|-ability|p1a: Palossand|Water Compaction|boost\n|-boost|p1a: Palossand|def|2\n|\n|-heal|p1a: Palossand|194/296|[from] item: Leftovers\n|upkeep\n|turn|14\n|\n|t:|1781405881\n|switch|p2a: Sunflora|Sunflora, F|312/312\n|move|p1a: Palossand|Stealth Rock|p2a: Sunflora\n|-sidestart|p2: who is to say|move: Stealth Rock\n|\n|-heal|p1a: Palossand|212/296|[from] item: Leftovers\n|upkeep\n|turn|15\n|\n|t:|1781405885\n|switch|p1a: Zacian|Zacian-Crowned, L64|225/225\n|-ability|p1a: Zacian|Intrepid Sword|boost\n|-boost|p1a: Zacian|atk|1\n|move|p2a: Sunflora|Leaf Storm|p1a: Zacian\n|-resisted|p1a: Zacian\n|-damage|p1a: Zacian|70/225\n|-unboost|p2a: Sunflora|spa|2\n|\n|upkeep\n|turn|16\n|\n|t:|1781405892\n|move|p1a: Zacian|Play Rough|p2a: Sunflora\n|-damage|p2a: Sunflora|179/312\n|move|p2a: Sunflora|Leaf Storm|p1a: Zacian\n|-resisted|p1a: Zacian\n|-damage|p1a: Zacian|0 fnt\n|-unboost|p2a: Sunflora|spa|2\n|faint|p1a: Zacian\n|\n|upkeep\n|\n|t:|1781405903\n|switch|p1a: Oricorio|Oricorio-Pom-Pom, L82, F, tera:Ground|58/257\n|turn|17\n|\n|t:|1781405907\n|move|p1a: Oricorio|Hurricane|p2a: Sunflora|[miss]\n|-miss|p1a: Oricorio|p2a: Sunflora\n|move|p2a: Sunflora|Leaf Storm|p1a: Oricorio\n|-supereffective|p1a: Oricorio\n|-crit|p1a: Oricorio\n|-damage|p1a: Oricorio|0 fnt\n|-unboost|p2a: Sunflora|spa|2\n|faint|p1a: Oricorio\n|\n|upkeep\n|\n|t:|1781405918\n|switch|p1a: Whimsicott|Whimsicott, L84, M|238/238\n|turn|18\n|\n|t:|1781405921\n|switch|p2a: Gliscor|Gliscor, L76, F|239/239\n|-damage|p2a: Gliscor|210/239|[from] Stealth Rock\n|move|p1a: Whimsicott|Substitute|p1a: Whimsicott\n|-start|p1a: Whimsicott|Substitute\n|-damage|p1a: Whimsicott|179/238\n|\n|-heal|p1a: Whimsicott|193/238|[from] item: Leftovers\n|-status|p2a: Gliscor|tox|[from] item: Toxic Orb\n|upkeep\n|turn|19\n|\n|t:|1781405927\n|move|p1a: Whimsicott|Leech Seed|p2a: Gliscor\n|-start|p2a: Gliscor|move: Leech Seed\n|move|p2a: Gliscor|Earthquake|p1a: Whimsicott\n|-resisted|p1a: Whimsicott\n|-activate|p1a: Whimsicott|move: Substitute|[damage]\n|\n|-heal|p1a: Whimsicott|207/238|[from] item: Leftovers\n|-damage|p2a: Gliscor|181/239 tox|[from] Leech Seed|[of] p1a: Whimsicott\n|-heal|p1a: Whimsicott|236/238|[silent]\n|-heal|p2a: Gliscor|210/239 tox|[from] ability: Poison Heal\n|upkeep\n|turn|20\n|\n|t:|1781405931\n|move|p1a: Whimsicott|Encore|p2a: Gliscor\n|-start|p2a: Gliscor|Encore\n|move|p2a: Gliscor|Earthquake|p1a: Whimsicott\n|-resisted|p1a: Whimsicott\n|-end|p1a: Whimsicott|Substitute\n|\n|-heal|p1a: Whimsicott|238/238|[from] item: Leftovers\n|-damage|p2a: Gliscor|181/239 tox|[from] Leech Seed|[of] p1a: Whimsicott\n|-heal|p2a: Gliscor|210/239 tox|[from] ability: Poison Heal\n|upkeep\n|turn|21\n|\n|t:|1781405936\n|switch|p2a: Iron Leaves|Iron Leaves, L80|275/275\n|-damage|p2a: Iron Leaves|241/275|[from] Stealth Rock\n|move|p1a: Whimsicott|Substitute|p1a: Whimsicott\n|-start|p1a: Whimsicott|Substitute\n|-damage|p1a: Whimsicott|179/238\n|\n|-heal|p1a: Whimsicott|193/238|[from] item: Leftovers\n|upkeep\n|turn|22\n|\n|t:|1781405939\n|move|p1a: Whimsicott|Moonblast|p2a: Iron Leaves\n|-damage|p2a: Iron Leaves|168/275\n|move|p2a: Iron Leaves|Psyblade|p1a: Whimsicott\n|-end|p1a: Whimsicott|Substitute\n|-damage|p2a: Iron Leaves|141/275|[from] item: Life Orb\n|\n|-heal|p1a: Whimsicott|207/238|[from] item: Leftovers\n|upkeep\n|turn|23\n|\n|t:|1781405944\n|switch|p1a: Illumise|Illumise, L91, F|266/266\n|move|p2a: Iron Leaves|Psyblade|p1a: Illumise\n|-damage|p1a: Illumise|124/266\n|-damage|p2a: Iron Leaves|114/275|[from] item: Life Orb\n|\n|upkeep\n|turn|24\n|\n|t:|1781405950\n|-end|p2a: Iron Leaves|Quark Drive|[silent]\n|switch|p2a: Gliscor|Gliscor, L76, F|210/239 tox\n|-damage|p2a: Gliscor|181/239 tox|[from] Stealth Rock\n|move|p1a: Illumise|Roost|p1a: Illumise\n|-heal|p1a: Illumise|257/266\n|-singleturn|p1a: Illumise|move: Roost\n|\n|-heal|p2a: Gliscor|210/239 tox|[from] ability: Poison Heal\n|upkeep\n|turn|25\n|\n|t:|1781405955\n|switch|p1a: Urshifu|Urshifu-Rapid-Strike, L75, M|274/274\n|move|p2a: Gliscor|Toxic|p1a: Urshifu\n|-status|p1a: Urshifu|tox\n|\n|-damage|p1a: Urshifu|257/274 tox|[from] psn\n|-heal|p2a: Gliscor|239/239 tox|[from] ability: Poison Heal\n|upkeep\n|turn|26\n|\n|t:|1781405967\n|switch|p1a: Whimsicott|Whimsicott, L84, M|207/238\n|-terastallize|p2a: Gliscor|Water\n|move|p2a: Gliscor|Earthquake|p1a: Whimsicott\n|-resisted|p1a: Whimsicott\n|-damage|p1a: Whimsicott|166/238\n|\n|-heal|p1a: Whimsicott|180/238|[from] item: Leftovers\n|upkeep\n|turn|27\n|\n|t:|1781405977\n|switch|p2a: Dunsparce|Dunsparce, L86, M|312/312\n|-damage|p2a: Dunsparce|273/312|[from] Stealth Rock\n|move|p1a: Whimsicott|Substitute|p1a: Whimsicott\n|-start|p1a: Whimsicott|Substitute\n|-damage|p1a: Whimsicott|121/238\n|\n|-heal|p1a: Whimsicott|135/238|[from] item: Leftovers\n|upkeep\n|turn|28\n|\n|t:|1781405981\n|move|p1a: Whimsicott|Leech Seed|p2a: Dunsparce\n|-start|p2a: Dunsparce|move: Leech Seed\n|move|p2a: Dunsparce|Body Slam|p1a: Whimsicott\n|-crit|p1a: Whimsicott\n|-end|p1a: Whimsicott|Substitute\n|\n|-heal|p1a: Whimsicott|149/238|[from] item: Leftovers\n|-damage|p2a: Dunsparce|234/312|[from] Leech Seed|[of] p1a: Whimsicott\n|-heal|p1a: Whimsicott|188/238|[silent]\n|upkeep\n|turn|29\n|\n|t:|1781405986\n|switch|p2a: Sunflora|Sunflora, F|179/312\n|-damage|p2a: Sunflora|140/312|[from] Stealth Rock\n|move|p1a: Whimsicott|Substitute|p1a: Whimsicott\n|-start|p1a: Whimsicott|Substitute\n|-damage|p1a: Whimsicott|129/238\n|\n|-heal|p1a: Whimsicott|143/238|[from] item: Leftovers\n|upkeep\n|turn|30\n|\n|t:|1781405989\n|move|p1a: Whimsicott|Moonblast|p2a: Sunflora\n|-damage|p2a: Sunflora|68/312\n|move|p2a: Sunflora|Sludge Bomb|p1a: Whimsicott\n|-supereffective|p1a: Whimsicott\n|-end|p1a: Whimsicott|Substitute\n|\n|-heal|p1a: Whimsicott|157/238|[from] item: Leftovers\n|upkeep\n|turn|31\n|\n|t:|1781405993\n|move|p1a: Whimsicott|Moonblast|p2a: Sunflora\n|-damage|p2a: Sunflora|0 fnt\n|faint|p2a: Sunflora\n|\n|-heal|p1a: Whimsicott|171/238|[from] item: Leftovers\n|upkeep\n|\n|t:|1781405997\n|switch|p2a: Dunsparce|Dunsparce, L86, M|234/312\n|-damage|p2a: Dunsparce|195/312|[from] Stealth Rock\n|turn|32\n|\n|t:|1781406000\n|switch|p1a: Palossand|Palossand, L89, M|212/296\n|move|p2a: Dunsparce|Body Slam|p1a: Palossand\n|-immune|p1a: Palossand\n|\n|-heal|p1a: Palossand|230/296|[from] item: Leftovers\n|upkeep\n|turn|33\n|\n|t:|1781406005\n|switch|p2a: Gliscor|Gliscor, L76, F, tera:Water|239/239 tox\n|-damage|p2a: Gliscor|210/239 tox|[from] Stealth Rock\n|move|p1a: Palossand|Earth Power|p2a: Gliscor\n|-damage|p2a: Gliscor|65/239 tox\n|\n|-heal|p1a: Palossand|248/296|[from] item: Leftovers\n|-heal|p2a: Gliscor|94/239 tox|[from] ability: Poison Heal\n|upkeep\n|turn|34\n|\n|t:|1781406010\n|move|p2a: Gliscor|Protect|p2a: Gliscor\n|-singleturn|p2a: Gliscor|Protect\n|move|p1a: Palossand|Earth Power|p2a: Gliscor\n|-activate|p2a: Gliscor|move: Protect\n|\n|-heal|p1a: Palossand|266/296|[from] item: Leftovers\n|-heal|p2a: Gliscor|123/239 tox|[from] ability: Poison Heal\n|upkeep\n|turn|35\n|\n|t:|1781406014\n|switch|p2a: Iron Leaves|Iron Leaves, L80|114/275\n|-damage|p2a: Iron Leaves|80/275|[from] Stealth Rock\n|move|p1a: Palossand|Earth Power|p2a: Iron Leaves\n|-resisted|p2a: Iron Leaves\n|-damage|p2a: Iron Leaves|29/275\n|\n|-heal|p1a: Palossand|284/296|[from] item: Leftovers\n|upkeep\n|turn|36\n|\n|t:|1781406018\n|switch|p1a: Illumise|Illumise, L91, F|257/266\n|move|p2a: Iron Leaves|Psyblade|p1a: Illumise\n|-damage|p1a: Illumise|123/266\n|-damage|p2a: Iron Leaves|2/275|[from] item: Life Orb\n|\n|upkeep\n|turn|37\n|\n|t:|1781406021\n|move|p1a: Illumise|Roost|p1a: Illumise\n|-heal|p1a: Illumise|256/266\n|-singleturn|p1a: Illumise|move: Roost\n|move|p2a: Iron Leaves|Psyblade|p1a: Illumise\n|-damage|p1a: Illumise|118/266\n|-damage|p2a: Iron Leaves|0 fnt|[from] item: Life Orb\n|faint|p2a: Iron Leaves\n|-end|p2a: Iron Leaves|Quark Drive|[silent]\n|\n|upkeep\n|\n|t:|1781406028\n|switch|p2a: Gliscor|Gliscor, L76, F, tera:Water|123/239 tox\n|-damage|p2a: Gliscor|94/239 tox|[from] Stealth Rock\n|turn|38\n|\n|t:|1781406046\n|switch|p1a: Urshifu|Urshifu-Rapid-Strike, L75, M|257/274 tox\n|move|p2a: Gliscor|Earthquake|p1a: Urshifu\n|-damage|p1a: Urshifu|164/274 tox\n|\n|-damage|p1a: Urshifu|147/274 tox|[from] psn\n|-heal|p2a: Gliscor|123/239 tox|[from] ability: Poison Heal\n|upkeep\n|turn|39\n|-message|who is to say forfeited.\n|\n|win|Dollainthewoods\n|raw|Dollainthewoods's rating: 2131 &rarr; <strong>2157</strong><br />(+26 for winning)\n|raw|who is to say's rating: 2232 &rarr; <strong>2206</strong><br />(-26 for losing)\n", "inputlog": ">version a8376a258c1d4662feba110a92103f3664a72141\n>start {\"formatid\":\"gen9randombattle\",\"seed\":\"sodium,9ea03678916975ff5ca5ab3f64d924cb\",\"rated\":\"Rated battle\"}\n>player p1 {\"name\":\"Dollainthewoods\",\"avatar\":\"101\",\"rating\":2131,\"seed\":\"sodium,baa14c86dd5675d4a7b1f601a6ae38ea\"}\n>player p2 {\"name\":\"who is to say\",\"avatar\":\"170\",\"rating\":2232,\"seed\":\"sodium,67048be2da2ae8f709cb89f99b1f7ce0\"}\n>p1 move quiverdance\n>p2 switch 4\n>p1 move quiverdance\n>p2 move meteorbeam\n>p1 move roost\n>p2 move earthpower\n>p1 move roost\n>p2 move earthpower\n>p1 move roost\n>p2 move earthpower\n>p1 move roost\n>p2 move earthpower\n>p1 move roost\n>p2 move earthpower\n>p1 move quiverdance\n>p2 move earthpower\n>p1 move roost\n>p2 move earthpower\n>p1 move quiverdance terastallize\n>p2 move sludgewave\n>p1 move roost\n>p2 move energyball\n>p1 move revelationdance\n>p2 move energyball\n>p2 switch 5\n>p1 switch 2\n>p2 move aquajet\n>p1 move stealthrock\n>p2 switch 4\n>p1 switch 5\n>p2 move leafstorm\n>p1 move playrough\n>p2 move leafstorm\n>p1 switch 2\n>p1 move hurricane\n>p2 move leafstorm\n>p1 switch 3\n>p1 move substitute\n>p2 switch 2\n>p1 move leechseed\n>p2 move earthquake\n>p1 move encore\n>p2 move earthquake\n>p1 move substitute\n>p2 switch 6\n>p1 move moonblast\n>p2 move psyblade\n>p1 switch 4\n>p2 move psyblade\n>p1 move roost\n>p2 switch 6\n>p1 switch 6\n>p2 move toxic\n>p1 switch 4\n>p2 move earthquake terastallize\n>p1 move substitute\n>p2 switch 3\n>p1 move leechseed\n>p2 move bodyslam\n>p1 move substitute\n>p2 switch 2\n>p1 move moonblast\n>p2 move sludgebomb\n>p1 move moonblast\n>p2 move sludgebomb\n>p2 switch 2\n>p1 switch 5\n>p2 move bodyslam\n>p1 move earthpower\n>p2 switch 3\n>p1 move earthpower\n>p2 move protect\n>p1 move earthpower\n>p2 switch 6\n>p1 switch 6\n>p2 move psyblade\n>p1 move roost\n>p2 move psyblade\n>p2 switch 6\n>p1 switch 4\n>p2 move earthquake\n>forcelose p2", "uploadtime": 1781405743, "views": 11, "formatid": "gen9randombattle", "rating": 2157, "private": 0, "password": null}