{"id": "gen9randombattle-2631755604", "format": "[Gen 9] Random Battle", "players": ["SGA4MVP23", "ZamaBinLadan"], "log": "|j|\u2606SGA4MVP23\n|j|\u2606ZamaBinLadan\n|t:|1781434496\n|gametype|singles\n|player|p1|SGA4MVP23|marshal|1880\n|player|p2|ZamaBinLadan|169|1901\n|gen|9\n|tier|[Gen 9] Random Battle\n|rated|\n|rule|Species Clause: Limit one of each Pok\u00e9mon\n|rule|HP Percentage Mod: HP is shown in percentages\n|rule|Sleep Clause Mod: Limit one foe put to sleep\n|rule|Illusion Level Mod: Illusion disguises the Pok\u00e9mon's true level\n|\n|t:|1781434496\n|teamsize|p1|6\n|teamsize|p2|6\n|start\n|switch|p1a: Regidrago|Regidrago, L77|435/435\n|switch|p2a: Entei|Entei, L78|307/307\n|turn|1\n|\n|t:|1781434506\n|move|p2a: Entei|Sacred Fire|p1a: Regidrago|[miss]\n|-miss|p2a: Entei|p1a: Regidrago\n|move|p1a: Regidrago|Dragon Dance|p1a: Regidrago\n|-boost|p1a: Regidrago|atk|1\n|-boost|p1a: Regidrago|spe|1\n|\n|upkeep\n|turn|2\n|\n|t:|1781434511\n|move|p1a: Regidrago|Earthquake|p2a: Entei\n|-supereffective|p2a: Entei\n|-damage|p2a: Entei|44/307\n|-damage|p1a: Regidrago|392/435|[from] item: Life Orb\n|move|p2a: Entei|Sacred Fire|p1a: Regidrago\n|-resisted|p1a: Regidrago\n|-damage|p1a: Regidrago|263/435\n|-status|p1a: Regidrago|brn\n|\n|-damage|p1a: Regidrago|236/435 brn|[from] brn\n|upkeep\n|turn|3\n|inactive|Battle timer is ON: inactive players will automatically lose when time's up. (requested by SGA4MVP23)\n|\n|t:|1781434532\n|switch|p2a: Trevenant|Trevenant, L89, M|296/296\n|move|p1a: Regidrago|Dragon Claw|p2a: Trevenant\n|-damage|p2a: Trevenant|183/296\n|-damage|p1a: Regidrago|193/435 brn|[from] item: Life Orb\n|\n|-damage|p1a: Regidrago|166/435 brn|[from] brn\n|upkeep\n|turn|4\n|\n|t:|1781434540\n|move|p1a: Regidrago|Dragon Claw|p2a: Trevenant\n|-damage|p2a: Trevenant|69/296\n|-enditem|p2a: Trevenant|Sitrus Berry|[eat]\n|-heal|p2a: Trevenant|143/296|[from] item: Sitrus Berry\n|-damage|p1a: Regidrago|123/435 brn|[from] item: Life Orb\n|move|p2a: Trevenant|Drain Punch|p1a: Regidrago\n|-damage|p1a: Regidrago|19/435 brn\n|-heal|p2a: Trevenant|195/296|[from] drain|[of] p1a: Regidrago\n|\n|-damage|p1a: Regidrago|0 fnt|[from] brn\n|faint|p1a: Regidrago\n|-item|p2a: Trevenant|Sitrus Berry|[from] ability: Harvest\n|upkeep\n|\n|t:|1781434557\n|switch|p1a: Slaking|Slaking, L84, M|389/389\n|turn|5\n|\n|t:|1781434560\n|move|p2a: Trevenant|Protect|p2a: Trevenant\n|-singleturn|p2a: Trevenant|Protect\n|move|p1a: Slaking|Knock Off|p2a: Trevenant\n|-activate|p2a: Trevenant|move: Protect\n|\n|upkeep\n|turn|6\n|\n|t:|1781434567\n|switch|p1a: Kingambit|Kingambit, L74, F|270/270\n|-activate|p1a: Kingambit|ability: Supreme Overlord\n|-start|p1a: Kingambit|fallen1|[silent]\n|move|p2a: Trevenant|Toxic|p1a: Kingambit\n|-immune|p1a: Kingambit\n|\n|upkeep\n|turn|7\n|\n|t:|1781434586\n|-end|p1a: Kingambit|fallen1|[silent]\n|switch|p1a: Slither Wing|Slither Wing, L81|270/270\n|-enditem|p1a: Slither Wing|Booster Energy\n|-activate|p1a: Slither Wing|ability: Protosynthesis|[fromitem]\n|-start|p1a: Slither Wing|protosynthesisatk\n|move|p2a: Trevenant|Drain Punch|p1a: Slither Wing\n|-resisted|p1a: Slither Wing\n|-damage|p1a: Slither Wing|232/270\n|-heal|p2a: Trevenant|214/296|[from] drain|[of] p1a: Slither Wing\n|\n|upkeep\n|turn|8\n|\n|t:|1781434596\n|switch|p2a: Entei|Entei, L78|44/307\n|move|p1a: Slither Wing|Flame Charge|p2a: Entei\n|-resisted|p2a: Entei\n|-damage|p2a: Entei|13/307\n|-boost|p1a: Slither Wing|spe|1\n|\n|upkeep\n|turn|9\n|\n|t:|1781434609\n|move|p2a: Entei|Extreme Speed|p1a: Slither Wing\n|-damage|p1a: Slither Wing|140/270\n|move|p1a: Slither Wing|Flame Charge|p2a: Entei\n|-resisted|p2a: Entei\n|-damage|p2a: Entei|0 fnt\n|-boost|p1a: Slither Wing|spe|1\n|faint|p2a: Entei\n|\n|upkeep\n|\n|t:|1781434624\n|switch|p2a: Metagross|Metagross, L79|256/256\n|turn|10\n|\n|t:|1781434633\n|move|p1a: Slither Wing|Close Combat|p2a: Metagross\n|-damage|p2a: Metagross|93/256\n|-unboost|p1a: Slither Wing|def|1\n|-unboost|p1a: Slither Wing|spd|1\n|move|p2a: Metagross|Heavy Slam|p1a: Slither Wing\n|-damage|p1a: Slither Wing|0 fnt\n|faint|p1a: Slither Wing\n|-end|p1a: Slither Wing|Protosynthesis|[silent]\n|\n|-heal|p2a: Metagross|109/256|[from] item: Leftovers\n|upkeep\n|\n|t:|1781434656\n|switch|p1a: Ampharos|Ampharos, L88, M|302/302\n|turn|11\n|\n|t:|1781434662\n|move|p2a: Metagross|Stealth Rock|p1a: Ampharos\n|-sidestart|p1: SGA4MVP23|move: Stealth Rock\n|move|p1a: Ampharos|Discharge|p2a: Metagross\n|-damage|p2a: Metagross|7/256\n|\n|-heal|p2a: Metagross|23/256|[from] item: Leftovers\n|upkeep\n|turn|12\n|\n|t:|1781434667\n|move|p2a: Metagross|Knock Off|p1a: Ampharos\n|-damage|p1a: Ampharos|230/302\n|-status|p2a: Metagross|par|[from] ability: Static|[of] p1a: Ampharos\n|-enditem|p1a: Ampharos|Assault Vest|[from] move: Knock Off|[of] p2a: Metagross\n|move|p1a: Ampharos|Volt Switch|p2a: Metagross\n|-damage|p2a: Metagross|0 fnt\n|faint|p2a: Metagross\n|\n|t:|1781434673\n|switch|p1a: Reuniclus|Reuniclus, L88, M|337/337|[from] Volt Switch\n|\n|upkeep\n|\n|t:|1781434678\n|switch|p2a: Trevenant|Trevenant, L89, M|214/296\n|turn|13\n|\n|t:|1781434707\n|move|p2a: Trevenant|Poltergeist|p1a: Reuniclus\n|-activate|p1a: Reuniclus|move: Poltergeist|Life Orb\n|-supereffective|p1a: Reuniclus\n|-damage|p1a: Reuniclus|53/337\n|move|p1a: Reuniclus|Psychic|p2a: Trevenant\n|-damage|p2a: Trevenant|37/296\n|-enditem|p2a: Trevenant|Sitrus Berry|[eat]\n|-heal|p2a: Trevenant|111/296|[from] item: Sitrus Berry\n|\n|-item|p2a: Trevenant|Sitrus Berry|[from] ability: Harvest\n|upkeep\n|-enditem|p2a: Trevenant|Sitrus Berry|[eat]\n|-heal|p2a: Trevenant|185/296|[from] item: Sitrus Berry\n|turn|14\n|\n|t:|1781434716\n|move|p2a: Trevenant|Poltergeist|p1a: Reuniclus\n|-activate|p1a: Reuniclus|move: Poltergeist|Life Orb\n|-supereffective|p1a: Reuniclus\n|-damage|p1a: Reuniclus|0 fnt\n|faint|p1a: Reuniclus\n|\n|-item|p2a: Trevenant|Sitrus Berry|[from] ability: Harvest\n|upkeep\n|\n|t:|1781434720\n|switch|p1a: Ampharos|Ampharos, L88, M|230/302\n|-damage|p1a: Ampharos|193/302|[from] Stealth Rock\n|turn|15\n|\n|t:|1781434738\n|move|p2a: Trevenant|Poltergeist||[still]\n|-fail|p2a: Trevenant\n|move|p1a: Ampharos|Volt Switch|p2a: Trevenant\n|-resisted|p2a: Trevenant\n|-damage|p2a: Trevenant|143/296\n|-enditem|p2a: Trevenant|Sitrus Berry|[eat]\n|-heal|p2a: Trevenant|217/296|[from] item: Sitrus Berry\n|\n|t:|1781434743\n|switch|p1a: Kingambit|Kingambit, L74, F|270/270|[from] Volt Switch\n|-damage|p1a: Kingambit|254/270|[from] Stealth Rock\n|-activate|p1a: Kingambit|ability: Supreme Overlord\n|-start|p1a: Kingambit|fallen3|[silent]\n|\n|-heal|p1a: Kingambit|270/270|[from] item: Leftovers\n|-item|p2a: Trevenant|Sitrus Berry|[from] ability: Harvest\n|upkeep\n|turn|16\n|\n|t:|1781434747\n|-end|p1a: Kingambit|fallen3|[silent]\n|switch|p1a: Ampharos|Ampharos, L88, M|193/302\n|-damage|p1a: Ampharos|156/302|[from] Stealth Rock\n|move|p2a: Trevenant|Drain Punch|p1a: Ampharos\n|-damage|p1a: Ampharos|91/302\n|-heal|p2a: Trevenant|250/296|[from] drain|[of] p1a: Ampharos\n|\n|upkeep\n|turn|17\n|\n|t:|1781434756\n|move|p2a: Trevenant|Toxic|p1a: Ampharos\n|-status|p1a: Ampharos|tox\n|move|p1a: Ampharos|Discharge|p2a: Trevenant\n|-resisted|p2a: Trevenant\n|-damage|p2a: Trevenant|198/296\n|\n|-damage|p1a: Ampharos|73/302 tox|[from] psn\n|upkeep\n|turn|18\n|\n|t:|1781434768\n|move|p2a: Trevenant|Drain Punch|p1a: Ampharos\n|-damage|p1a: Ampharos|8/302 tox\n|-heal|p2a: Trevenant|231/296|[from] drain|[of] p1a: Ampharos\n|move|p1a: Ampharos|Discharge|p2a: Trevenant\n|-resisted|p2a: Trevenant\n|-damage|p2a: Trevenant|177/296\n|-status|p2a: Trevenant|par\n|\n|-damage|p1a: Ampharos|0 fnt|[from] psn\n|faint|p1a: Ampharos\n|upkeep\n|\n|t:|1781434776\n|switch|p1a: Kingambit|Kingambit, L74, F|270/270\n|-damage|p1a: Kingambit|254/270|[from] Stealth Rock\n|-activate|p1a: Kingambit|ability: Supreme Overlord\n|-start|p1a: Kingambit|fallen4|[silent]\n|turn|19\n|\n|t:|1781434781\n|-terastallize|p2a: Trevenant|Dark\n|move|p1a: Kingambit|Kowtow Cleave|p2a: Trevenant\n|-resisted|p2a: Trevenant\n|-damage|p2a: Trevenant|113/296 par\n|-enditem|p2a: Trevenant|Sitrus Berry|[eat]\n|-heal|p2a: Trevenant|187/296 par|[from] item: Sitrus Berry\n|move|p2a: Trevenant|Drain Punch|p1a: Kingambit\n|-supereffective|p1a: Kingambit\n|-crit|p1a: Kingambit\n|-damage|p1a: Kingambit|0 fnt\n|-heal|p2a: Trevenant|296/296 par|[from] drain|[of] p1a: Kingambit\n|faint|p1a: Kingambit\n|-end|p1a: Kingambit|fallen4|[silent]\n|\n|upkeep\n|\n|t:|1781434790\n|switch|p1a: Slaking|Slaking, L84, M|389/389\n|-damage|p1a: Slaking|341/389|[from] Stealth Rock\n|turn|20\n|-message|SGA4MVP23 forfeited.\n|\n|win|ZamaBinLadan\n|raw|SGA4MVP23's rating: 1880 &rarr; <strong>1861</strong><br />(-19 for losing)\n|raw|ZamaBinLadan's rating: 1901 &rarr; <strong>1920</strong><br />(+19 for winning)\n", "uploadtime": 1781434800, "views": 2, "formatid": "gen9randombattle", "rating": 1861, "private": 0, "password": null}