{"id": "gen9randombattle-2631707701", "format": "[Gen 9] Random Battle", "players": ["Davide070701", "Saaskin"], "log": "|j|\u2606Davide070701\n|j|\u2606Saaskin\n|t:|1781425834\n|gametype|singles\n|player|p1|Davide070701|170|2023\n|player|p2|Saaskin|265|2009\n|gen|9\n|tier|[Gen 9] Random Battle\n|rated|\n|rule|Species Clause: Limit one of each Pok\u00e9mon\n|rule|HP Percentage Mod: HP is shown in percentages\n|rule|Sleep Clause Mod: Limit one foe put to sleep\n|rule|Illusion Level Mod: Illusion disguises the Pok\u00e9mon's true level\n|\n|t:|1781425834\n|teamsize|p1|6\n|teamsize|p2|6\n|start\n|switch|p1a: Scizor|Scizor, L79, F|240/240\n|switch|p2a: Muk|Muk-Alola, L82, F|306/306\n|turn|1\n|inactive|Battle timer is ON: inactive players will automatically lose when time's up. (requested by Saaskin)\n|\n|t:|1781425847\n|move|p1a: Scizor|Knock Off|p2a: Muk\n|-resisted|p2a: Muk\n|-damage|p2a: Muk|250/306\n|-enditem|p2a: Muk|Assault Vest|[from] move: Knock Off|[of] p1a: Scizor\n|-damage|p1a: Scizor|216/240|[from] item: Life Orb\n|move|p2a: Muk|Knock Off|p1a: Scizor\n|-damage|p1a: Scizor|111/240\n|-enditem|p1a: Scizor|Life Orb|[from] move: Knock Off|[of] p2a: Muk\n|\n|upkeep\n|turn|2\n|\n|t:|1781425854\n|move|p1a: Scizor|Swords Dance|p1a: Scizor\n|-boost|p1a: Scizor|atk|2\n|move|p2a: Muk|Drain Punch|p1a: Scizor\n|-damage|p1a: Scizor|61/240\n|-heal|p2a: Muk|275/306|[from] drain|[of] p1a: Scizor\n|\n|upkeep\n|turn|3\n|\n|t:|1781425859\n|switch|p2a: Tauros|Tauros-Paldea-Combat, L82, M|257/257\n|-ability|p2a: Tauros|Intimidate|boost\n|-unboost|p1a: Scizor|atk|1\n|move|p1a: Scizor|Close Combat|p2a: Tauros\n|-damage|p2a: Tauros|130/257\n|-unboost|p1a: Scizor|def|1\n|-unboost|p1a: Scizor|spd|1\n|\n|upkeep\n|turn|4\n|\n|t:|1781425869\n|move|p2a: Tauros|Close Combat|p1a: Scizor\n|-damage|p1a: Scizor|0 fnt\n|-unboost|p2a: Tauros|def|1\n|-unboost|p2a: Tauros|spd|1\n|faint|p1a: Scizor\n|\n|upkeep\n|\n|t:|1781425876\n|switch|p1a: Gengar|Gengar, L81, M|230/230\n|turn|5\n|\n|t:|1781425880\n|switch|p2a: Gurdurr|Gurdurr, L85, F|283/283\n|move|p1a: Gengar|Nasty Plot|p1a: Gengar\n|-boost|p1a: Gengar|spa|2\n|\n|upkeep\n|turn|6\n|\n|t:|1781425888\n|move|p1a: Gengar|Sludge Wave|p2a: Gurdurr\n|-crit|p2a: Gurdurr\n|-damage|p2a: Gurdurr|0 fnt\n|faint|p2a: Gurdurr\n|-damage|p1a: Gengar|207/230|[from] item: Life Orb\n|\n|upkeep\n|\n|t:|1781425892\n|switch|p2a: Muk|Muk-Alola, L82, F|275/306\n|turn|7\n|\n|t:|1781425895\n|move|p1a: Gengar|Focus Blast|p2a: Muk\n|-damage|p2a: Muk|46/306\n|-damage|p1a: Gengar|184/230|[from] item: Life Orb\n|move|p2a: Muk|Knock Off|p1a: Gengar\n|-supereffective|p1a: Gengar\n|-damage|p1a: Gengar|0 fnt\n|-start|p2a: Muk|Disable|Knock Off|[from] ability: Cursed Body|[of] p1a: Gengar\n|-enditem|p1a: Gengar|Life Orb|[from] move: Knock Off|[of] p2a: Muk\n|faint|p1a: Gengar\n|\n|upkeep\n|\n|t:|1781425909\n|switch|p1a: Regieleki|Regieleki, L79|256/256\n|turn|8\n|\n|t:|1781425912\n|move|p2a: Muk|Shadow Sneak|p1a: Regieleki\n|-damage|p1a: Regieleki|207/256\n|move|p1a: Regieleki|Thunderbolt|p2a: Muk\n|-damage|p2a: Muk|0 fnt\n|faint|p2a: Muk\n|\n|upkeep\n|\n|t:|1781425918\n|switch|p2a: Iron Leaves|Iron Leaves, L80|275/275\n|turn|9\n|\n|t:|1781425935\n|-terastallize|p1a: Regieleki|Ice\n|move|p1a: Regieleki|Tera Blast|p2a: Iron Leaves|[anim] Tera Blast Ice\n|-supereffective|p2a: Iron Leaves\n|-damage|p2a: Iron Leaves|135/275\n|move|p2a: Iron Leaves|Leaf Blade|p1a: Regieleki\n|-crit|p1a: Regieleki\n|-damage|p1a: Regieleki|0 fnt\n|faint|p1a: Regieleki\n|\n|upkeep\n|\n|t:|1781425946\n|switch|p1a: Sawsbuck|Sawsbuck-Autumn, L88, F|284/284\n|turn|10\n|\n|t:|1781425955\n|-end|p2a: Iron Leaves|Quark Drive|[silent]\n|switch|p2a: Tauros|Tauros-Paldea-Combat, L82, M|130/257\n|-ability|p2a: Tauros|Intimidate|boost\n|-unboost|p1a: Sawsbuck|atk|1\n|move|p1a: Sawsbuck|Swords Dance|p1a: Sawsbuck\n|-boost|p1a: Sawsbuck|atk|2\n|\n|upkeep\n|turn|11\n|\n|t:|1781425960\n|-terastallize|p2a: Tauros|Steel\n|move|p1a: Sawsbuck|Horn Leech|p2a: Tauros\n|-resisted|p2a: Tauros\n|-damage|p2a: Tauros|49/257\n|-damage|p1a: Sawsbuck|256/284|[from] item: Life Orb\n|move|p2a: Tauros|Close Combat|p1a: Sawsbuck\n|-supereffective|p1a: Sawsbuck\n|-damage|p1a: Sawsbuck|0 fnt\n|-unboost|p2a: Tauros|def|1\n|-unboost|p2a: Tauros|spd|1\n|faint|p1a: Sawsbuck\n|\n|upkeep\n|\n|t:|1781425980\n|switch|p1a: Zamazenta|Zamazenta-Crowned, L68|238/238\n|-ability|p1a: Zamazenta|Dauntless Shield|boost\n|-boost|p1a: Zamazenta|def|1\n|turn|12\n|\n|t:|1781425987\n|move|p1a: Zamazenta|Body Press|p2a: Tauros\n|-supereffective|p2a: Tauros\n|-damage|p2a: Tauros|0 fnt\n|faint|p2a: Tauros\n|\n|upkeep\n|\n|t:|1781425991\n|switch|p2a: Garganacl|Garganacl, L80, F|291/291\n|turn|13\n|\n|t:|1781425998\n|move|p1a: Zamazenta|Body Press|p2a: Garganacl\n|-supereffective|p2a: Garganacl\n|-damage|p2a: Garganacl|111/291\n|move|p2a: Garganacl|Salt Cure|p1a: Zamazenta\n|-resisted|p1a: Zamazenta\n|-damage|p1a: Zamazenta|233/238\n|-start|p1a: Zamazenta|Salt Cure\n|\n|-heal|p2a: Garganacl|129/291|[from] item: Leftovers\n|-damage|p1a: Zamazenta|174/238|[from] Salt Cure\n|upkeep\n|turn|14\n|\n|t:|1781426002\n|switch|p2a: Iron Leaves|Iron Leaves, L80|135/275\n|move|p1a: Zamazenta|Iron Defense|p1a: Zamazenta\n|-boost|p1a: Zamazenta|def|2\n|\n|-damage|p1a: Zamazenta|115/238|[from] Salt Cure\n|upkeep\n|turn|15\n|\n|t:|1781426006\n|move|p1a: Zamazenta|Body Press|p2a: Iron Leaves\n|-resisted|p2a: Iron Leaves\n|-damage|p2a: Iron Leaves|39/275\n|move|p2a: Iron Leaves|Close Combat|p1a: Zamazenta\n|-supereffective|p1a: Zamazenta\n|-damage|p1a: Zamazenta|13/238\n|-unboost|p2a: Iron Leaves|def|1\n|-unboost|p2a: Iron Leaves|spd|1\n|\n|-damage|p1a: Zamazenta|0 fnt|[from] Salt Cure\n|faint|p1a: Zamazenta\n|upkeep\n|\n|t:|1781426009\n|switch|p1a: Primarina|Primarina, L83, F|268/268\n|turn|16\n|\n|t:|1781426019\n|-end|p2a: Iron Leaves|Quark Drive|[silent]\n|switch|p2a: Garganacl|Garganacl, L80, F|129/291\n|move|p1a: Primarina|Hydro Pump|p2a: Garganacl\n|-supereffective|p2a: Garganacl\n|-damage|p2a: Garganacl|0 fnt\n|faint|p2a: Garganacl\n|\n|upkeep\n|\n|t:|1781426020\n|switch|p2a: Iron Leaves|Iron Leaves, L80|39/275\n|turn|17\n|\n|t:|1781426022\n|move|p2a: Iron Leaves|Leaf Blade|p1a: Primarina\n|-supereffective|p1a: Primarina\n|-damage|p1a: Primarina|0 fnt\n|faint|p1a: Primarina\n|\n|win|Saaskin\n|raw|Davide070701's rating: 2023 &rarr; <strong>2002</strong><br />(-21 for losing)\n|raw|Saaskin's rating: 2009 &rarr; <strong>2030</strong><br />(+21 for winning)\n|l|\u2606Davide070701\n|player|p1|\n", "inputlog": ">version a8376a258c1d4662feba110a92103f3664a72141\n>start {\"formatid\":\"gen9randombattle\",\"seed\":\"sodium,8cbd15158e0487e8fd72c7544eb3064d\",\"rated\":\"Rated battle\"}\n>player p1 {\"name\":\"Davide070701\",\"avatar\":\"170\",\"rating\":2023,\"seed\":\"sodium,944856a94b630deca3f79815c306080c\"}\n>player p2 {\"name\":\"Saaskin\",\"avatar\":\"265\",\"rating\":2009,\"seed\":\"sodium,1d82155932e6096f890b74105020763a\"}\n>p1 move knockoff\n>p2 move knockoff\n>p1 move swordsdance\n>p2 move drainpunch\n>p1 move closecombat\n>p2 switch 5\n>p1 move closecombat\n>p2 move closecombat\n>p1 switch 5\n>p1 move nastyplot\n>p2 switch 3\n>p1 move sludgewave\n>p2 move knockoff\n>p2 switch 5\n>p1 move focusblast\n>p2 move knockoff\n>p1 switch 6\n>p1 move thunderbolt\n>p2 move shadowsneak\n>p2 switch 6\n>p1 move terablast terastallize\n>p2 move leafblade\n>p1 switch 4\n>p1 move swordsdance\n>p2 switch 3\n>p1 move hornleech\n>p2 move closecombat terastallize\n>p1 switch 3\n>p1 move bodypress\n>p2 move closecombat\n>p2 switch 2\n>p1 move bodypress\n>p2 move saltcure\n>p1 move irondefense\n>p2 switch 3\n>p1 move bodypress\n>p2 move closecombat\n>p1 switch 2\n>p1 move hydropump\n>p2 switch 3\n>p2 switch 3\n>p1 move hydropump\n>p2 move leafblade", "uploadtime": 1781425836, "views": 7, "formatid": "gen9randombattle", "rating": 2002, "private": 0, "password": null}