{"id": "gen9randombattle-2631604908", "format": "[Gen 9] Random Battle", "players": ["Haste II", "SHREKS GIRTH"], "log": "|j|\u2606Haste II\n|j|\u2606SHREKS GIRTH\n|t:|1781407638\n|gametype|singles\n|player|p1|Haste II|lucas|1643\n|player|p2|SHREKS GIRTH|266|1641\n|gen|9\n|tier|[Gen 9] Random Battle\n|rated|\n|rule|Species Clause: Limit one of each Pok\u00e9mon\n|rule|HP Percentage Mod: HP is shown in percentages\n|rule|Sleep Clause Mod: Limit one foe put to sleep\n|rule|Illusion Level Mod: Illusion disguises the Pok\u00e9mon's true level\n|\n|t:|1781407638\n|teamsize|p1|6\n|teamsize|p2|6\n|start\n|switch|p1a: Pecharunt|Pecharunt, L77|262/262\n|switch|p2a: Bronzong|Bronzong, L88|261/261\n|turn|1\n|c|\u2606SHREKS GIRTH|glhf\n|inactive|Battle timer is ON: inactive players will automatically lose when time's up. (requested by SHREKS GIRTH)\n|\n|t:|1781407660\n|move|p1a: Pecharunt|Shadow Ball|p2a: Bronzong\n|-supereffective|p2a: Bronzong\n|-damage|p2a: Bronzong|163/261\n|move|p2a: Bronzong|Psychic Noise|p1a: Pecharunt\n|-supereffective|p1a: Pecharunt\n|-damage|p1a: Pecharunt|92/262\n|-start|p1a: Pecharunt|move: Heal Block\n|\n|-heal|p2a: Bronzong|179/261|[from] item: Leftovers\n|upkeep\n|turn|2\n|\n|t:|1781407667\n|move|p1a: Pecharunt|Parting Shot|p2a: Bronzong\n|-unboost|p2a: Bronzong|atk|1\n|-unboost|p2a: Bronzong|spa|1\n|\n|t:|1781407680\n|switch|p1a: Dedenne|Dedenne, L88, M|261/261|[from] Parting Shot\n|move|p2a: Bronzong|Psychic Noise|p1a: Dedenne\n|-damage|p1a: Dedenne|207/261\n|-start|p1a: Dedenne|move: Heal Block\n|\n|-heal|p2a: Bronzong|195/261|[from] item: Leftovers\n|upkeep\n|turn|3\n|\n|t:|1781407695\n|move|p1a: Dedenne|Nuzzle|p2a: Bronzong\n|-damage|p2a: Bronzong|182/261\n|-status|p2a: Bronzong|par\n|cant|p2a: Bronzong|par\n|\n|-heal|p2a: Bronzong|198/261 par|[from] item: Leftovers\n|-end|p1a: Dedenne|move: Heal Block\n|upkeep\n|turn|4\n|\n|t:|1781407702\n|move|p1a: Dedenne|Thunderbolt|p2a: Bronzong\n|-damage|p2a: Bronzong|120/261 par\n|move|p2a: Bronzong|Iron Defense|p2a: Bronzong\n|-boost|p2a: Bronzong|def|2\n|\n|-heal|p2a: Bronzong|136/261 par|[from] item: Leftovers\n|upkeep\n|turn|5\n|\n|t:|1781407710\n|switch|p2a: Sunflora|Sunflora, M|312/312\n|move|p1a: Dedenne|Thunderbolt|p2a: Sunflora\n|-resisted|p2a: Sunflora\n|-damage|p2a: Sunflora|273/312\n|\n|upkeep\n|turn|6\n|\n|t:|1781407720\n|move|p1a: Dedenne|Nuzzle|p2a: Sunflora\n|-resisted|p2a: Sunflora\n|-damage|p2a: Sunflora|264/312\n|-status|p2a: Sunflora|par\n|move|p2a: Sunflora|Earth Power|p1a: Dedenne\n|-supereffective|p1a: Dedenne\n|-damage|p1a: Dedenne|0 fnt\n|faint|p1a: Dedenne\n|-damage|p2a: Sunflora|233/312 par|[from] item: Life Orb\n|\n|upkeep\n|inactive|Haste II has 120 seconds left.\n|\n|t:|1781407771\n|switch|p1a: Pecharunt|Pecharunt, L77|92/262\n|turn|7\n|\n|t:|1781407775\n|move|p1a: Pecharunt|Recover|p1a: Pecharunt\n|-heal|p1a: Pecharunt|223/262\n|move|p2a: Sunflora|Earth Power|p1a: Pecharunt\n|-supereffective|p1a: Pecharunt\n|-damage|p1a: Pecharunt|0 fnt\n|faint|p1a: Pecharunt\n|-damage|p2a: Sunflora|202/312 par|[from] item: Life Orb\n|\n|upkeep\n|\n|t:|1781407784\n|switch|p1a: Amoonguss|Amoonguss, L82, F|321/321\n|turn|8\n|\n|t:|1781407787\n|move|p1a: Amoonguss|Sludge Bomb|p2a: Sunflora\n|-supereffective|p2a: Sunflora\n|-damage|p2a: Sunflora|68/312 par\n|move|p2a: Sunflora|Sunny Day|p2a: Sunflora\n|-weather|SunnyDay\n|\n|-weather|SunnyDay|[upkeep]\n|upkeep\n|turn|9\n|\n|t:|1781407796\n|move|p2a: Sunflora|Weather Ball|p1a: Amoonguss\n|-supereffective|p1a: Amoonguss\n|-damage|p1a: Amoonguss|0 fnt\n|faint|p1a: Amoonguss\n|-damage|p2a: Sunflora|37/312 par|[from] item: Life Orb\n|\n|-weather|SunnyDay|[upkeep]\n|upkeep\n|inactive|Haste II has 120 seconds left.\n|\n|t:|1781407807\n|switch|p1a: Feraligatr|Feraligatr, L79, F|264/264\n|turn|10\n|\n|t:|1781407813\n|move|p1a: Feraligatr|Ice Punch|p2a: Sunflora\n|-supereffective|p2a: Sunflora\n|-damage|p2a: Sunflora|0 fnt\n|faint|p2a: Sunflora\n|\n|-weather|SunnyDay|[upkeep]\n|upkeep\n|\n|t:|1781407826\n|switch|p2a: Lycanroc|Lycanroc-Midnight, L89, M|296/296\n|turn|11\n|\n|t:|1781407836\n|move|p2a: Lycanroc|Knock Off|p1a: Feraligatr\n|-damage|p1a: Feraligatr|163/264\n|-enditem|p1a: Feraligatr|Life Orb|[from] move: Knock Off|[of] p2a: Lycanroc\n|-damage|p2a: Lycanroc|267/296|[from] item: Life Orb\n|move|p1a: Feraligatr|Liquidation|p2a: Lycanroc\n|-supereffective|p2a: Lycanroc\n|-damage|p2a: Lycanroc|145/296\n|\n|-weather|SunnyDay|[upkeep]\n|upkeep\n|turn|12\n|\n|t:|1781407841\n|move|p2a: Lycanroc|Stone Edge|p1a: Feraligatr\n|-damage|p1a: Feraligatr|2/264\n|-damage|p2a: Lycanroc|116/296|[from] item: Life Orb\n|move|p1a: Feraligatr|Liquidation|p2a: Lycanroc\n|-supereffective|p2a: Lycanroc\n|-damage|p2a: Lycanroc|0 fnt\n|faint|p2a: Lycanroc\n|\n|-weather|none\n|upkeep\n|\n|t:|1781407847\n|switch|p2a: Wugtrio|Wugtrio, L91, F|212/212\n|turn|13\n|\n|t:|1781407874\n|move|p2a: Wugtrio|Liquidation|p1a: Feraligatr\n|-resisted|p1a: Feraligatr\n|-damage|p1a: Feraligatr|0 fnt\n|faint|p1a: Feraligatr\n|\n|upkeep\n|inactive|Haste II has 120 seconds left.\n|\n|t:|1781407886\n|switch|p1a: Tauros|Tauros-Paldea-Combat, L82, M|257/257\n|-ability|p1a: Tauros|Intimidate|boost\n|-unboost|p2a: Wugtrio|atk|1\n|turn|14\n|inactive|Haste II has 120 seconds left.\n|\n|t:|1781407909\n|switch|p2a: Basculegion|Basculegion-F, L83, F|335/335\n|move|p1a: Tauros|Bulk Up|p1a: Tauros\n|-boost|p1a: Tauros|atk|1\n|-boost|p1a: Tauros|def|1\n|\n|upkeep\n|turn|15\n|\n|t:|1781407917\n|move|p1a: Tauros|Throat Chop|p2a: Basculegion\n|-supereffective|p2a: Basculegion\n|-damage|p2a: Basculegion|44/335\n|-start|p2a: Basculegion|Throat Chop|[silent]\n|-damage|p1a: Tauros|232/257|[from] item: Life Orb\n|move|p2a: Basculegion|Hydro Pump|p1a: Tauros\n|-damage|p1a: Tauros|0 fnt\n|faint|p1a: Tauros\n|\n|upkeep\n|\n|t:|1781407939\n|switch|p1a: Alomomola|Alomomola, L87, M|429/429\n|turn|16\n|inactive|Haste II has 90 seconds left.\n|inactive|Haste II has 60 seconds left.\n|\n|t:|1781408002\n|switch|p2a: Wugtrio|Wugtrio, L91, F|212/212\n|move|p1a: Alomomola|Scald|p2a: Wugtrio\n|-resisted|p2a: Wugtrio\n|-damage|p2a: Wugtrio|185/212\n|-status|p2a: Wugtrio|brn\n|\n|-damage|p2a: Wugtrio|172/212 brn|[from] brn\n|upkeep\n|turn|17\n|\n|t:|1781408010\n|move|p1a: Alomomola|Protect|p1a: Alomomola\n|-singleturn|p1a: Alomomola|Protect\n|move|p2a: Wugtrio|Liquidation|p1a: Alomomola\n|-activate|p1a: Alomomola|move: Protect\n|\n|-damage|p2a: Wugtrio|159/212 brn|[from] brn\n|upkeep\n|turn|18\n|\n|t:|1781408013\n|move|p2a: Wugtrio|Liquidation|p1a: Alomomola\n|-resisted|p1a: Alomomola\n|-damage|p1a: Alomomola|386/429\n|-unboost|p1a: Alomomola|def|1\n|move|p1a: Alomomola|Wish|p1a: Alomomola\n|\n|-damage|p2a: Wugtrio|146/212 brn|[from] brn\n|upkeep\n|turn|19\n|\n|t:|1781408017\n|move|p2a: Wugtrio|Liquidation|p1a: Alomomola\n|-resisted|p1a: Alomomola\n|-damage|p1a: Alomomola|319/429\n|move|p1a: Alomomola|Scald|p2a: Wugtrio\n|-resisted|p2a: Wugtrio\n|-damage|p2a: Wugtrio|120/212 brn\n|\n|-heal|p1a: Alomomola|429/429|[from] move: Wish|[wisher] Alomomola\n|-damage|p2a: Wugtrio|107/212 brn|[from] brn\n|upkeep\n|turn|20\n|\n|t:|1781408023\n|move|p2a: Wugtrio|Liquidation|p1a: Alomomola\n|-resisted|p1a: Alomomola\n|-damage|p1a: Alomomola|370/429\n|move|p1a: Alomomola|Scald|p2a: Wugtrio\n|-resisted|p2a: Wugtrio\n|-damage|p2a: Wugtrio|81/212 brn\n|\n|-damage|p2a: Wugtrio|68/212 brn|[from] brn\n|upkeep\n|turn|21\n|\n|t:|1781408025\n|move|p2a: Wugtrio|Liquidation|p1a: Alomomola\n|-resisted|p1a: Alomomola\n|-damage|p1a: Alomomola|309/429\n|move|p1a: Alomomola|Wish|p1a: Alomomola\n|\n|-damage|p2a: Wugtrio|55/212 brn|[from] brn\n|upkeep\n|turn|22\n|\n|t:|1781408029\n|move|p2a: Wugtrio|Liquidation|p1a: Alomomola\n|-resisted|p1a: Alomomola\n|-damage|p1a: Alomomola|249/429\n|-unboost|p1a: Alomomola|def|1\n|move|p1a: Alomomola|Scald|p2a: Wugtrio\n|-resisted|p2a: Wugtrio\n|-damage|p2a: Wugtrio|30/212 brn\n|\n|-heal|p1a: Alomomola|429/429|[from] move: Wish|[wisher] Alomomola\n|-damage|p2a: Wugtrio|17/212 brn|[from] brn\n|upkeep\n|turn|23\n|\n|t:|1781408032\n|move|p1a: Alomomola|Protect|p1a: Alomomola\n|-singleturn|p1a: Alomomola|Protect\n|move|p2a: Wugtrio|Liquidation|p1a: Alomomola\n|-activate|p1a: Alomomola|move: Protect\n|\n|-damage|p2a: Wugtrio|4/212 brn|[from] brn\n|upkeep\n|turn|24\n|\n|t:|1781408034\n|move|p2a: Wugtrio|Liquidation|p1a: Alomomola\n|-resisted|p1a: Alomomola\n|-damage|p1a: Alomomola|350/429\n|-unboost|p1a: Alomomola|def|1\n|move|p1a: Alomomola|Wish|p1a: Alomomola\n|\n|-damage|p2a: Wugtrio|0 fnt|[from] brn\n|faint|p2a: Wugtrio\n|upkeep\n|\n|t:|1781408049\n|switch|p2a: Bronzong|Bronzong, L88|136/261 par\n|turn|25\n|inactive|Haste II has 120 seconds left.\n|\n|t:|1781408068\n|move|p1a: Alomomola|Scald|p2a: Bronzong\n|-damage|p2a: Bronzong|96/261 par\n|move|p2a: Bronzong|Psychic Noise|p1a: Alomomola\n|-damage|p1a: Alomomola|230/429\n|-start|p1a: Alomomola|move: Heal Block\n|\n|-heal|p2a: Bronzong|112/261 par|[from] item: Leftovers\n|upkeep\n|turn|26\n|\n|t:|1781408080\n|move|p1a: Alomomola|Scald|p2a: Bronzong\n|-damage|p2a: Bronzong|75/261 par\n|move|p2a: Bronzong|Body Press|p1a: Alomomola\n|-damage|p1a: Alomomola|51/429\n|\n|-heal|p2a: Bronzong|91/261 par|[from] item: Leftovers\n|-end|p1a: Alomomola|move: Heal Block\n|upkeep\n|turn|27\n|\n|t:|1781408087\n|move|p1a: Alomomola|Scald|p2a: Bronzong\n|-damage|p2a: Bronzong|55/261 par\n|move|p2a: Bronzong|Psychic Noise|p1a: Alomomola\n|-damage|p1a: Alomomola|0 fnt\n|faint|p1a: Alomomola\n|\n|win|SHREKS GIRTH\n|raw|Haste II's rating: 1643 &rarr; <strong>1623</strong><br />(-20 for losing)\n|raw|SHREKS GIRTH's rating: 1641 &rarr; <strong>1661</strong><br />(+20 for winning)\n|c|\u2606SHREKS GIRTH|gg\n|l|\u2606Haste II\n|player|p1|\n", "inputlog": ">version a8376a258c1d4662feba110a92103f3664a72141\n>start {\"formatid\":\"gen9randombattle\",\"seed\":\"sodium,5e27fa56c343a571314902c53c061b8d\",\"rated\":\"Rated battle\"}\n>player p1 {\"name\":\"Haste II\",\"avatar\":\"lucas\",\"rating\":1643,\"seed\":\"sodium,417e6f35f5d80e3d2a4294a9764bb3ce\"}\n>player p2 {\"name\":\"SHREKS GIRTH\",\"avatar\":\"266\",\"rating\":1641,\"seed\":\"sodium,035289fa71a1bb146573610abb31790d\"}\n>chat \u2606SHREKS GIRTH|glhf\n>p1 move shadowball\n>p2 move psychicnoise\n>p1 move partingshot\n>p2 move psychicnoise\n>p1 switch 3\n>p1 move nuzzle\n>p2 move irondefense\n>p1 move thunderbolt\n>p2 move irondefense\n>p1 move thunderbolt\n>p2 switch 3\n>p1 move nuzzle\n>p2 move earthpower\n>p1 switch 3\n>p1 move recover\n>p2 move earthpower\n>p1 switch 4\n>p1 move sludgebomb\n>p2 move sunnyday\n>p1 move sludgebomb\n>p2 move weatherball\n>p1 switch 6\n>p1 move icepunch\n>p2 move solarbeam\n>p2 switch 4\n>p1 move liquidation\n>p2 move knockoff\n>p1 move liquidation\n>p2 move stoneedge\n>p2 switch 2\n>p1 move trailblaze\n>p2 move liquidation\n>p1 switch 2\n>p1 move bulkup\n>p2 switch 6\n>p1 move throatchop\n>p2 move hydropump\n>p1 switch 5\n>p1 move scald\n>p2 switch 6\n>p1 move protect\n>p2 move liquidation\n>p1 move wish\n>p2 move liquidation\n>p1 move scald\n>p2 move liquidation\n>p1 move scald\n>p2 move liquidation\n>p1 move wish\n>p2 move liquidation\n>p1 move scald\n>p2 move liquidation\n>p1 move protect\n>p2 move liquidation\n>p1 move wish\n>p2 move liquidation\n>p2 switch 3\n>p1 move scald\n>p2 move psychicnoise\n>p1 move scald\n>p2 move bodypress\n>p1 move scald\n>p2 move psychicnoise", "uploadtime": 1781408094, "views": 3, "formatid": "gen9randombattle", "rating": 1623, "private": 0, "password": null}