{"id": "gen9randombattle-2631745740", "format": "[Gen 9] Random Battle", "players": ["tttttttttyyygggg", "Zibabu"], "log": "|j|\u2606tttttttttyyygggg\n|j|\u2606Zibabu\n|t:|1781432792\n|gametype|singles\n|player|p1|tttttttttyyygggg|101|1907\n|player|p2|Zibabu|101|1906\n|gen|9\n|tier|[Gen 9] Random Battle\n|rated|\n|rule|Species Clause: Limit one of each Pok\u00e9mon\n|rule|HP Percentage Mod: HP is shown in percentages\n|rule|Sleep Clause Mod: Limit one foe put to sleep\n|rule|Illusion Level Mod: Illusion disguises the Pok\u00e9mon's true level\n|\n|t:|1781432792\n|teamsize|p1|6\n|teamsize|p2|6\n|start\n|switch|p1a: Raikou|Raikou, L81|278/278\n|switch|p2a: Venusaur|Venusaur, L84, M|272/272\n|-ability|p1a: Raikou|Pressure\n|turn|1\n|inactive|Battle timer is ON: inactive players will automatically lose when time's up. (requested by Zibabu)\n|inactive|tttttttttyyygggg also wants the timer to be on.\n|\n|t:|1781432809\n|move|p1a: Raikou|Volt Switch|p2a: Venusaur\n|-resisted|p2a: Venusaur\n|-damage|p2a: Venusaur|219/272\n|\n|t:|1781432823\n|switch|p1a: Toxapex|Toxapex, L82, F|216/216|[from] Volt Switch\n|move|p2a: Venusaur|Sludge Bomb|p1a: Toxapex\n|-resisted|p1a: Toxapex\n|-damage|p1a: Toxapex|185/216\n|\n|-heal|p2a: Venusaur|236/272|[from] item: Leftovers\n|-heal|p1a: Toxapex|198/216|[from] item: Leftovers\n|upkeep\n|turn|2\n|\n|t:|1781432843\n|switch|p1a: Magearna|Magearna-Original, L77|250/250\n|move|p2a: Venusaur|Earth Power|p1a: Magearna\n|-supereffective|p1a: Magearna\n|-damage|p1a: Magearna|138/250\n|\n|-heal|p2a: Venusaur|253/272|[from] item: Leftovers\n|-heal|p1a: Magearna|153/250|[from] item: Leftovers\n|upkeep\n|turn|3\n|\n|t:|1781432853\n|move|p2a: Venusaur|Earth Power|p1a: Magearna\n|-supereffective|p1a: Magearna\n|-damage|p1a: Magearna|41/250\n|move|p1a: Magearna|Thunder Wave|p2a: Venusaur|[miss]\n|-miss|p1a: Magearna|p2a: Venusaur\n|\n|-heal|p2a: Venusaur|270/272|[from] item: Leftovers\n|-heal|p1a: Magearna|56/250|[from] item: Leftovers\n|upkeep\n|turn|4\n|\n|t:|1781432860\n|move|p2a: Venusaur|Earth Power|p1a: Magearna\n|-supereffective|p1a: Magearna\n|-damage|p1a: Magearna|0 fnt\n|faint|p1a: Magearna\n|\n|-heal|p2a: Venusaur|272/272|[from] item: Leftovers\n|upkeep\n|\n|t:|1781432863\n|switch|p1a: Calyrex|Calyrex-Shadow, L64|235/235\n|-ability|p1a: Calyrex|As One\n|-ability|p1a: Calyrex|Unnerve\n|turn|5\n|\n|t:|1781432874\n|switch|p2a: Wo-Chien|Wo-Chien, L83|277/277\n|-ability|p2a: Wo-Chien|Tablets of Ruin\n|move|p1a: Calyrex|Nasty Plot|p1a: Calyrex\n|-boost|p1a: Calyrex|spa|2\n|\n|upkeep\n|turn|6\n|\n|t:|1781432881\n|move|p1a: Calyrex|Pollen Puff|p2a: Wo-Chien\n|-supereffective|p2a: Wo-Chien\n|-damage|p2a: Wo-Chien|0 fnt\n|faint|p2a: Wo-Chien\n|-ability|p1a: Calyrex|Grim Neigh|boost\n|-boost|p1a: Calyrex|spa|1\n|-damage|p1a: Calyrex|212/235|[from] item: Life Orb\n|\n|upkeep\n|\n|t:|1781432892\n|switch|p2a: Grafaiai|Grafaiai, L86, F|249/249\n|turn|7\n|\n|t:|1781432911\n|switch|p1a: Tauros|Tauros-Paldea-Combat, L82, M|257/257\n|-ability|p1a: Tauros|Intimidate|boost\n|-unboost|p2a: Grafaiai|atk|1\n|move|p2a: Grafaiai|Knock Off|p1a: Tauros\n|-resisted|p1a: Tauros\n|-damage|p1a: Tauros|230/257\n|-enditem|p1a: Tauros|Choice Band|[from] move: Knock Off|[of] p2a: Grafaiai\n|-damage|p2a: Grafaiai|225/249|[from] item: Life Orb\n|\n|upkeep\n|turn|8\n|\n|t:|1781432932\n|switch|p2a: Vaporeon|Vaporeon, L86, F|364/364\n|switch|p1a: Calyrex|Calyrex-Shadow, L64|212/235\n|-ability|p1a: Calyrex|As One\n|-ability|p1a: Calyrex|Unnerve\n|\n|upkeep\n|turn|9\n|\n|t:|1781432939\n|move|p1a: Calyrex|Astral Barrage|p2a: Vaporeon\n|-damage|p2a: Vaporeon|231/364\n|-damage|p1a: Calyrex|189/235|[from] item: Life Orb\n|move|p2a: Vaporeon|Flip Turn|p1a: Calyrex\n|-damage|p1a: Calyrex|113/235\n|\n|t:|1781432943\n|switch|p2a: Grafaiai|Grafaiai, L86, F|225/249|[from] Flip Turn\n|\n|upkeep\n|turn|10\n|\n|t:|1781432948\n|move|p2a: Grafaiai|Swords Dance|p2a: Grafaiai\n|-boost|p2a: Grafaiai|atk|2\n|move|p1a: Calyrex|Psyshock|p2a: Grafaiai\n|-supereffective|p2a: Grafaiai\n|-damage|p2a: Grafaiai|0 fnt\n|faint|p2a: Grafaiai\n|-ability|p1a: Calyrex|Grim Neigh|boost\n|-boost|p1a: Calyrex|spa|1\n|-damage|p1a: Calyrex|90/235|[from] item: Life Orb\n|\n|upkeep\n|\n|t:|1781432958\n|switch|p2a: Baxcalibur|Baxcalibur, L75, F|295/295\n|turn|11\n|\n|t:|1781432978\n|switch|p1a: Toxapex|Toxapex, L82, F|216/216\n|move|p2a: Baxcalibur|Scale Shot|p1a: Toxapex\n|-damage|p1a: Toxapex|195/216\n|-damage|p1a: Toxapex|174/216\n|-damage|p1a: Toxapex|153/216\n|-damage|p1a: Toxapex|132/216\n|-hitcount|p1a: Toxapex|4\n|-unboost|p2a: Baxcalibur|def|1\n|-boost|p2a: Baxcalibur|spe|1\n|\n|-heal|p1a: Toxapex|145/216|[from] item: Leftovers\n|upkeep\n|turn|12\n|\n|t:|1781432986\n|switch|p2a: Golem|Golem-Alola, L93, M|300/300\n|move|p1a: Toxapex|Toxic|p2a: Golem\n|-status|p2a: Golem|tox\n|\n|-heal|p1a: Toxapex|158/216|[from] item: Leftovers\n|-damage|p2a: Golem|282/300 tox|[from] psn\n|upkeep\n|turn|13\n|\n|t:|1781432992\n|move|p2a: Golem|Rock Polish|p2a: Golem\n|-boost|p2a: Golem|spe|2\n|move|p1a: Toxapex|Liquidation|p2a: Golem\n|-supereffective|p2a: Golem\n|-damage|p2a: Golem|198/300 tox\n|\n|-heal|p1a: Toxapex|171/216|[from] item: Leftovers\n|-damage|p2a: Golem|162/300 tox|[from] psn\n|upkeep\n|turn|14\n|\n|t:|1781433002\n|-terastallize|p1a: Toxapex|Grass\n|move|p2a: Golem|Double-Edge|p1a: Toxapex\n|-resisted|p1a: Toxapex\n|-damage|p1a: Toxapex|72/216\n|-damage|p2a: Golem|129/300 tox|[from] Recoil\n|-damage|p2a: Golem|99/300 tox|[from] item: Life Orb\n|move|p1a: Toxapex|Haze|p1a: Toxapex\n|-clearallboost\n|\n|-heal|p1a: Toxapex|85/216|[from] item: Leftovers\n|-damage|p2a: Golem|45/300 tox|[from] psn\n|upkeep\n|turn|15\n|\n|t:|1781433008\n|move|p2a: Golem|Stone Edge|p1a: Toxapex\n|-damage|p1a: Toxapex|0 fnt\n|faint|p1a: Toxapex\n|-damage|p2a: Golem|15/300 tox|[from] item: Life Orb\n|\n|-damage|p2a: Golem|0 fnt|[from] psn\n|faint|p2a: Golem\n|upkeep\n|\n|t:|1781433023\n|switch|p2a: Venusaur|Venusaur, L84, M|272/272\n|switch|p1a: Calyrex|Calyrex-Shadow, L64|90/235\n|-ability|p1a: Calyrex|As One\n|-ability|p1a: Calyrex|Unnerve\n|turn|16\n|\n|t:|1781433032\n|move|p1a: Calyrex|Psyshock|p2a: Venusaur\n|-supereffective|p2a: Venusaur\n|-damage|p2a: Venusaur|59/272\n|-damage|p1a: Calyrex|67/235|[from] item: Life Orb\n|move|p2a: Venusaur|Sludge Bomb|p1a: Calyrex\n|-resisted|p1a: Calyrex\n|-damage|p1a: Calyrex|15/235\n|\n|-heal|p2a: Venusaur|76/272|[from] item: Leftovers\n|upkeep\n|turn|17\n|\n|t:|1781433044\n|move|p1a: Calyrex|Astral Barrage|p2a: Venusaur\n|-damage|p2a: Venusaur|0 fnt\n|faint|p2a: Venusaur\n|-ability|p1a: Calyrex|Grim Neigh|boost\n|-boost|p1a: Calyrex|spa|1\n|-damage|p1a: Calyrex|0 fnt|[from] item: Life Orb\n|faint|p1a: Calyrex\n|\n|upkeep\n|\n|t:|1781433051\n|switch|p1a: Primarina|Primarina, L83, F|268/268\n|switch|p2a: Vaporeon|Vaporeon, L86, F|231/364\n|turn|18\n|\n|t:|1781433060\n|move|p2a: Vaporeon|Wish|p2a: Vaporeon\n|move|p1a: Primarina|Moonblast|p2a: Vaporeon\n|-damage|p2a: Vaporeon|63/364\n|\n|-heal|p2a: Vaporeon|85/364|[from] item: Leftovers\n|upkeep\n|turn|19\n|\n|t:|1781433067\n|switch|p1a: Raikou|Raikou, L81|278/278\n|-ability|p1a: Raikou|Pressure\n|move|p2a: Vaporeon|Scald|p1a: Raikou\n|-damage|p1a: Raikou|193/278\n|\n|-heal|p2a: Vaporeon|267/364|[from] move: Wish|[wisher] Vaporeon\n|-heal|p2a: Vaporeon|289/364|[from] item: Leftovers\n|upkeep\n|turn|20\n|\n|t:|1781433078\n|move|p1a: Raikou|Thunderbolt|p2a: Vaporeon\n|-supereffective|p2a: Vaporeon\n|-damage|p2a: Vaporeon|13/364\n|move|p2a: Vaporeon|Flip Turn|p1a: Raikou\n|-damage|p1a: Raikou|132/278\n|\n|t:|1781433081\n|switch|p2a: Baxcalibur|Baxcalibur, L75, F|295/295|[from] Flip Turn\n|\n|upkeep\n|turn|21\n|\n|t:|1781433091\n|move|p1a: Raikou|Thunderbolt|p2a: Baxcalibur\n|-resisted|p2a: Baxcalibur\n|-damage|p2a: Baxcalibur|205/295\n|-status|p2a: Baxcalibur|par\n|cant|p2a: Baxcalibur|par\n|\n|upkeep\n|turn|22\n|-message|Zibabu forfeited.\n|\n|win|tttttttttyyygggg\n", "uploadtime": 1781432794, "views": 3, "formatid": "gen9randombattle", "rating": null, "private": 0, "password": null}