{"id": "gen9randombattle-2631740461", "format": "[Gen 9] Random Battle", "players": ["paddyd121", "nqg"], "log": "|j|\u2606paddyd121\n|j|\u2606nqg\n|t:|1781431880\n|gametype|singles\n|player|p1|paddyd121|ethan|1939\n|player|p2|nqg|102|1974\n|gen|9\n|tier|[Gen 9] Random Battle\n|rated|\n|rule|Species Clause: Limit one of each Pok\u00e9mon\n|rule|HP Percentage Mod: HP is shown in percentages\n|rule|Sleep Clause Mod: Limit one foe put to sleep\n|rule|Illusion Level Mod: Illusion disguises the Pok\u00e9mon's true level\n|\n|t:|1781431880\n|teamsize|p1|6\n|teamsize|p2|6\n|start\n|switch|p1a: Tyranitar|Tyranitar, L78, F|284/284\n|switch|p2a: Gengar|Gengar, L81, M|230/230\n|-weather|Sandstorm|[from] ability: Sand Stream|[of] p1a: Tyranitar\n|turn|1\n|\n|t:|1781431906\n|switch|p2a: Krookodile|Krookodile, L79, F|280/280\n|-ability|p2a: Krookodile|Intimidate|boost\n|-unboost|p1a: Tyranitar|atk|1\n|switch|p1a: Calyrex|Calyrex, L93|337/337\n|-ability|p1a: Calyrex|Unnerve\n|\n|-weather|Sandstorm|[upkeep]\n|-damage|p1a: Calyrex|316/337|[from] Sandstorm\n|-heal|p1a: Calyrex|337/337|[from] item: Leftovers\n|upkeep\n|turn|2\n|inactive|Battle timer is ON: inactive players will automatically lose when time's up. (requested by nqg)\n|\n|t:|1781431917\n|move|p1a: Calyrex|Leech Seed|p2a: Krookodile|[miss]\n|-miss|p1a: Calyrex|p2a: Krookodile\n|move|p2a: Krookodile|Knock Off|p1a: Calyrex\n|-supereffective|p1a: Calyrex\n|-damage|p1a: Calyrex|131/337\n|-enditem|p1a: Calyrex|Leftovers|[from] move: Knock Off|[of] p2a: Krookodile\n|\n|-weather|Sandstorm|[upkeep]\n|-damage|p1a: Calyrex|110/337|[from] Sandstorm\n|upkeep\n|turn|3\n|\n|t:|1781431928\n|switch|p2a: Pachirisu|Pachirisu, L96, M|271/271\n|move|p1a: Calyrex|Giga Drain|p2a: Pachirisu\n|-damage|p2a: Pachirisu|223/271\n|-heal|p1a: Calyrex|134/337|[from] drain|[of] p2a: Pachirisu\n|\n|-weather|Sandstorm|[upkeep]\n|-damage|p2a: Pachirisu|207/271|[from] Sandstorm\n|-damage|p1a: Calyrex|113/337|[from] Sandstorm\n|upkeep\n|turn|4\n|\n|t:|1781431937\n|switch|p1a: Drifblim|Drifblim, L86, F|396/396\n|move|p2a: Pachirisu|U-turn|p1a: Drifblim\n|-resisted|p1a: Drifblim\n|-damage|p1a: Drifblim|381/396\n|\n|t:|1781431948\n|switch|p2a: Krookodile|Krookodile, L79, F|280/280|[from] U-turn\n|-ability|p2a: Krookodile|Intimidate|boost\n|-unboost|p1a: Drifblim|atk|1\n|\n|-weather|Sandstorm|[upkeep]\n|-damage|p1a: Drifblim|357/396|[from] Sandstorm\n|upkeep\n|turn|5\n|\n|t:|1781431959\n|move|p2a: Krookodile|Knock Off|p1a: Drifblim\n|-supereffective|p1a: Drifblim\n|-damage|p1a: Drifblim|33/396\n|-enditem|p1a: Drifblim|Sitrus Berry|[from] move: Knock Off|[of] p2a: Krookodile\n|move|p1a: Drifblim|Strength Sap|p2a: Krookodile\n|-unboost|p2a: Krookodile|atk|1\n|-heal|p1a: Drifblim|263/396\n|\n|-weather|none\n|upkeep\n|turn|6\n|\n|t:|1781431968\n|move|p1a: Drifblim|Calm Mind|p1a: Drifblim\n|-boost|p1a: Drifblim|spa|1\n|-boost|p1a: Drifblim|spd|1\n|move|p2a: Krookodile|Bulk Up|p2a: Krookodile\n|-boost|p2a: Krookodile|atk|1\n|-boost|p2a: Krookodile|def|1\n|\n|upkeep\n|turn|7\n|\n|t:|1781431977\n|move|p1a: Drifblim|Air Slash|p2a: Krookodile\n|-damage|p2a: Krookodile|139/280\n|move|p2a: Krookodile|Knock Off|p1a: Drifblim\n|-supereffective|p1a: Drifblim\n|-damage|p1a: Drifblim|33/396\n|\n|-heal|p2a: Krookodile|156/280|[from] item: Leftovers\n|upkeep\n|turn|8\n|\n|t:|1781431985\n|switch|p2a: Pachirisu|Pachirisu, L96, M|207/271\n|move|p1a: Drifblim|Strength Sap|p2a: Pachirisu\n|-unboost|p2a: Pachirisu|atk|1\n|-heal|p1a: Drifblim|174/396\n|\n|upkeep\n|turn|9\n|\n|t:|1781431994\n|switch|p1a: Toxtricity|Toxtricity, L82, F|257/257\n|move|p2a: Pachirisu|Nuzzle|p1a: Toxtricity\n|-resisted|p1a: Toxtricity\n|-damage|p1a: Toxtricity|250/257\n|\n|upkeep\n|turn|10\n|\n|t:|1781432003\n|move|p2a: Pachirisu|U-turn|p1a: Toxtricity\n|-resisted|p1a: Toxtricity\n|-damage|p1a: Toxtricity|234/257\n|\n|t:|1781432008\n|switch|p2a: Krookodile|Krookodile, L79, F|156/280|[from] U-turn\n|-ability|p2a: Krookodile|Intimidate|boost\n|-unboost|p1a: Toxtricity|atk|1\n|move|p1a: Toxtricity|Shift Gear|p1a: Toxtricity\n|-boost|p1a: Toxtricity|spe|2\n|-boost|p1a: Toxtricity|atk|1\n|\n|-heal|p2a: Krookodile|173/280|[from] item: Leftovers\n|upkeep\n|turn|11\n|\n|t:|1781432021\n|switch|p1a: Calyrex|Calyrex, L93|113/337\n|-ability|p1a: Calyrex|Unnerve\n|move|p2a: Krookodile|Earthquake|p1a: Calyrex\n|-resisted|p1a: Calyrex\n|-damage|p1a: Calyrex|57/337\n|\n|-heal|p2a: Krookodile|190/280|[from] item: Leftovers\n|upkeep\n|turn|12\n|\n|t:|1781432027\n|switch|p2a: Pachirisu|Pachirisu, L96, M|207/271\n|move|p1a: Calyrex|Leech Seed|p2a: Pachirisu\n|-start|p2a: Pachirisu|move: Leech Seed\n|\n|-damage|p2a: Pachirisu|174/271|[from] Leech Seed|[of] p1a: Calyrex\n|-heal|p1a: Calyrex|90/337|[silent]\n|upkeep\n|turn|13\n|\n|t:|1781432033\n|switch|p1a: Drifblim|Drifblim, L86, F|174/396\n|move|p2a: Pachirisu|U-turn|p1a: Drifblim\n|-resisted|p1a: Drifblim\n|-damage|p1a: Drifblim|160/396\n|\n|t:|1781432040\n|switch|p2a: Gengar|Gengar, L81, M|230/230|[from] U-turn\n|\n|upkeep\n|turn|14\n|\n|t:|1781432046\n|switch|p1a: Sawsbuck|Sawsbuck-Winter, L88, M|284/284\n|move|p2a: Gengar|Nasty Plot|p2a: Gengar\n|-boost|p2a: Gengar|spa|2\n|\n|upkeep\n|turn|15\n|\n|t:|1781432054\n|move|p2a: Gengar|Sludge Wave|p1a: Sawsbuck\n|-supereffective|p1a: Sawsbuck\n|-damage|p1a: Sawsbuck|0 fnt\n|faint|p1a: Sawsbuck\n|-damage|p2a: Gengar|207/230|[from] item: Life Orb\n|\n|upkeep\n|\n|t:|1781432056\n|switch|p1a: Palafin|Palafin, L77, F|281/281\n|turn|16\n|\n|t:|1781432064\n|detailschange|p1a: Palafin|Palafin-Hero, L77, F\n|switch|p1a: Drifblim|Drifblim, L86, F|160/396\n|move|p2a: Gengar|Shadow Ball|p1a: Drifblim\n|-supereffective|p1a: Drifblim\n|-damage|p1a: Drifblim|0 fnt\n|faint|p1a: Drifblim\n|-damage|p2a: Gengar|184/230|[from] item: Life Orb\n|\n|upkeep\n|\n|t:|1781432066\n|switch|p1a: Toxtricity|Toxtricity, L82, F|234/257\n|turn|17\n|\n|t:|1781432072\n|-terastallize|p1a: Toxtricity|Normal\n|move|p2a: Gengar|Shadow Ball|p1a: Toxtricity\n|-immune|p1a: Toxtricity\n|move|p1a: Toxtricity|Shift Gear|p1a: Toxtricity\n|-boost|p1a: Toxtricity|spe|2\n|-boost|p1a: Toxtricity|atk|1\n|\n|upkeep\n|turn|18\n|\n|t:|1781432079\n|move|p1a: Toxtricity|Overdrive|p2a: Gengar\n|-damage|p2a: Gengar|34/230\n|-enditem|p1a: Toxtricity|Throat Spray\n|-boost|p1a: Toxtricity|spa|1|[from] item: Throat Spray\n|move|p2a: Gengar|Sludge Wave|p1a: Toxtricity\n|-damage|p1a: Toxtricity|0 fnt\n|faint|p1a: Toxtricity\n|-damage|p2a: Gengar|11/230|[from] item: Life Orb\n|\n|upkeep\n|\n|t:|1781432085\n|switch|p1a: Palafin|Palafin-Hero, L77, F|281/281\n|-activate|p1a: Palafin|ability: Zero to Hero\n|turn|19\n|\n|t:|1781432089\n|switch|p2a: Lumineon|Lumineon, L93, M|279/279\n|move|p1a: Palafin|Jet Punch|p2a: Lumineon\n|-ability|p2a: Lumineon|Storm Drain|boost\n|-boost|p2a: Lumineon|spa|1\n|\n|upkeep\n|turn|20\n|\n|t:|1781432099\n|switch|p1a: Tyranitar|Tyranitar, L78, F|284/284\n|-weather|Sandstorm|[from] ability: Sand Stream|[of] p1a: Tyranitar\n|move|p2a: Lumineon|Encore||[still]\n|-fail|p2a: Lumineon\n|\n|-weather|Sandstorm|[upkeep]\n|-damage|p2a: Lumineon|262/279|[from] Sandstorm\n|upkeep\n|turn|21\n|\n|t:|1781432110\n|move|p2a: Lumineon|Hydro Pump|p1a: Tyranitar|[miss]\n|-miss|p2a: Lumineon|p1a: Tyranitar\n|move|p1a: Tyranitar|Stealth Rock|p2a: Lumineon\n|-sidestart|p2: nqg|move: Stealth Rock\n|\n|-weather|Sandstorm|[upkeep]\n|-damage|p2a: Lumineon|245/279|[from] Sandstorm\n|upkeep\n|turn|22\n|\n|t:|1781432118\n|move|p2a: Lumineon|Encore|p1a: Tyranitar\n|-start|p1a: Tyranitar|Encore\n|move|p1a: Tyranitar|Stealth Rock||[still]\n|-fail|p1a: Tyranitar\n|\n|-weather|Sandstorm|[upkeep]\n|-damage|p2a: Lumineon|228/279|[from] Sandstorm\n|upkeep\n|turn|23\n|\n|t:|1781432124\n|switch|p1a: Calyrex|Calyrex, L93|90/337\n|-ability|p1a: Calyrex|Unnerve\n|move|p2a: Lumineon|Ice Beam|p1a: Calyrex\n|-supereffective|p1a: Calyrex\n|-damage|p1a: Calyrex|0 fnt\n|faint|p1a: Calyrex\n|\n|-weather|Sandstorm|[upkeep]\n|-damage|p2a: Lumineon|211/279|[from] Sandstorm\n|upkeep\n|\n|t:|1781432126\n|switch|p1a: Palafin|Palafin-Hero, L77, F|281/281\n|turn|24\n|\n|t:|1781432131\n|move|p2a: Lumineon|Hydro Pump|p1a: Palafin\n|-resisted|p1a: Palafin\n|-damage|p1a: Palafin|185/281\n|move|p1a: Palafin|Close Combat|p2a: Lumineon\n|-damage|p2a: Lumineon|48/279\n|-unboost|p1a: Palafin|def|1\n|-unboost|p1a: Palafin|spd|1\n|\n|-weather|none\n|upkeep\n|turn|25\n|\n|t:|1781432140\n|move|p2a: Lumineon|Encore|p1a: Palafin\n|-start|p1a: Palafin|Encore\n|move|p1a: Palafin|Close Combat|p2a: Lumineon\n|-damage|p2a: Lumineon|0 fnt\n|-unboost|p1a: Palafin|def|1\n|-unboost|p1a: Palafin|spd|1\n|faint|p2a: Lumineon\n|\n|upkeep\n|\n|t:|1781432147\n|switch|p2a: Swanna|Swanna, L89, F|278/278\n|turn|26\n|\n|t:|1781432151\n|switch|p1a: Tyranitar|Tyranitar, L78, F|284/284\n|-weather|Sandstorm|[from] ability: Sand Stream|[of] p1a: Tyranitar\n|move|p2a: Swanna|Brave Bird|p1a: Tyranitar\n|-resisted|p1a: Tyranitar\n|-damage|p1a: Tyranitar|229/284\n|-damage|p2a: Swanna|260/278|[from] Recoil\n|\n|-weather|Sandstorm|[upkeep]\n|-damage|p2a: Swanna|243/278|[from] Sandstorm\n|-heal|p1a: Tyranitar|246/284|[from] item: Leftovers\n|upkeep\n|turn|27\n|\n|t:|1781432158\n|move|p2a: Swanna|Hydro Pump|p1a: Tyranitar\n|-supereffective|p1a: Tyranitar\n|-damage|p1a: Tyranitar|78/284\n|move|p1a: Tyranitar|Stone Edge|p2a: Swanna\n|-supereffective|p2a: Swanna\n|-damage|p2a: Swanna|0 fnt\n|faint|p2a: Swanna\n|\n|-weather|Sandstorm|[upkeep]\n|-heal|p1a: Tyranitar|95/284|[from] item: Leftovers\n|upkeep\n|\n|t:|1781432163\n|switch|p2a: Krookodile|Krookodile, L79, F|190/280\n|-damage|p2a: Krookodile|173/280|[from] Stealth Rock\n|-ability|p2a: Krookodile|Intimidate|boost\n|-unboost|p1a: Tyranitar|atk|1\n|turn|28\n|\n|t:|1781432171\n|switch|p1a: Palafin|Palafin-Hero, L77, F|185/281\n|move|p2a: Krookodile|Earthquake|p1a: Palafin\n|-damage|p1a: Palafin|83/281\n|\n|-weather|Sandstorm|[upkeep]\n|-damage|p1a: Palafin|66/281|[from] Sandstorm\n|-heal|p2a: Krookodile|190/280|[from] item: Leftovers\n|upkeep\n|turn|29\n|\n|t:|1781432175\n|move|p1a: Palafin|Jet Punch|p2a: Krookodile\n|-supereffective|p2a: Krookodile\n|-damage|p2a: Krookodile|0 fnt\n|faint|p2a: Krookodile\n|\n|-weather|Sandstorm|[upkeep]\n|-damage|p1a: Palafin|49/281|[from] Sandstorm\n|upkeep\n|\n|t:|1781432184\n|switch|p2a: Pachirisu|Pachirisu, L96, M|174/271\n|-damage|p2a: Pachirisu|141/271|[from] Stealth Rock\n|turn|30\n|\n|t:|1781432199\n|move|p1a: Palafin|Jet Punch|p2a: Pachirisu\n|-damage|p2a: Pachirisu|20/271\n|move|p2a: Pachirisu|Thunderbolt|p1a: Palafin\n|-supereffective|p1a: Palafin\n|-damage|p1a: Palafin|0 fnt\n|faint|p1a: Palafin\n|\n|-weather|none\n|upkeep\n|\n|t:|1781432203\n|switch|p1a: Tyranitar|Tyranitar, L78, F|95/284\n|-weather|Sandstorm|[from] ability: Sand Stream|[of] p1a: Tyranitar\n|turn|31\n|\n|t:|1781432207\n|move|p2a: Pachirisu|U-turn|p1a: Tyranitar\n|-supereffective|p1a: Tyranitar\n|-damage|p1a: Tyranitar|21/284\n|\n|t:|1781432209\n|switch|p2a: Gengar|Gengar, L81, M|11/230|[from] U-turn\n|-damage|p2a: Gengar|0 fnt|[from] Stealth Rock\n|faint|p2a: Gengar\n|move|p1a: Tyranitar|Knock Off|p2: Gengar|[notarget]\n|-fail|p1a: Tyranitar\n|\n|-weather|Sandstorm|[upkeep]\n|-heal|p1a: Tyranitar|38/284|[from] item: Leftovers\n|upkeep\n|\n|t:|1781432215\n|switch|p2a: Pachirisu|Pachirisu, L96, M|20/271\n|-damage|p2a: Pachirisu|0 fnt|[from] Stealth Rock\n|faint|p2a: Pachirisu\n|\n|t:|1781432217\n|switch|p2a: Revavroom|Revavroom, L79, F|256/256\n|-damage|p2a: Revavroom|240/256|[from] Stealth Rock\n|turn|32\n|\n|t:|1781432224\n|-terastallize|p2a: Revavroom|Ground\n|move|p2a: Revavroom|Iron Head|p1a: Tyranitar\n|-supereffective|p1a: Tyranitar\n|-crit|p1a: Tyranitar\n|-damage|p1a: Tyranitar|0 fnt\n|faint|p1a: Tyranitar\n|-damage|p2a: Revavroom|215/256|[from] item: Life Orb\n|\n|win|nqg\n", "inputlog": ">version a8376a258c1d4662feba110a92103f3664a72141\n>start {\"formatid\":\"gen9randombattle\",\"seed\":\"sodium,e597a70579f43d40235a52feefa5b340\",\"rated\":\"Rated battle\"}\n>player p1 {\"name\":\"paddyd121\",\"avatar\":\"ethan\",\"rating\":1939,\"seed\":\"sodium,b07a1a52ccdb7ebfb307e94214e8cc6b\"}\n>player p2 {\"name\":\"nqg\",\"avatar\":\"102\",\"rating\":1974,\"seed\":\"sodium,50424e30e39e7771ec48b7bb4c4b5dad\"}\n>p1 switch 2\n>p2 switch 6\n>p1 move leechseed\n>p2 move knockoff\n>p1 move gigadrain\n>p2 switch 4\n>p1 switch 5\n>p2 move uturn\n>p2 switch 4\n>p1 move strengthsap\n>p2 move knockoff\n>p1 move calmmind\n>p2 move bulkup\n>p1 move airslash\n>p2 move knockoff\n>p1 move strengthsap\n>p2 switch 4\n>p1 switch 6\n>p2 move nuzzle\n>p1 move shiftgear\n>p2 move uturn\n>p2 switch 4\n>p1 switch 5\n>p2 move earthquake\n>p1 move leechseed\n>p2 switch 4\n>p1 switch 6\n>p2 move uturn\n>p2 switch 6\n>p1 switch 4\n>p2 move nastyplot\n>p1 move highhorsepower\n>p2 move sludgewave\n>p1 switch 3\n>p1 switch 4\n>p2 move shadowball\n>p1 switch 5\n>p1 move shiftgear terastallize\n>p2 move shadowball\n>p1 move overdrive\n>p2 move sludgewave\n>p1 switch 4\n>p1 move jetpunch\n>p2 switch 5\n>p1 switch 2\n>p2 move encore\n>p1 move stealthrock\n>p2 move hydropump\n>p1 move knockoff\n>p2 move encore\n>p1 switch 6\n>p2 move icebeam\n>p1 switch 2\n>p1 move closecombat\n>p2 move hydropump\n>p1 move closecombat\n>p2 move encore\n>p2 switch 3\n>p1 switch 6\n>p2 move bravebird\n>p1 move stoneedge\n>p2 move hydropump\n>p2 switch 4\n>p1 switch 6\n>p2 move earthquake\n>p1 move jetpunch\n>p2 move earthquake\n>p2 switch 6\n>p1 move jetpunch\n>p2 move thunderbolt\n>p1 switch 6\n>p1 move knockoff\n>p2 move uturn\n>p2 switch 5\n>p2 switch 5\n>p2 switch 2\n>p1 move knockoff\n>p2 move ironhead terastallize", "uploadtime": 1781431881, "views": 7, "formatid": "gen9randombattle", "rating": null, "private": 0, "password": null}