{"id": "gen9randombattle-2631797042", "format": "[Gen 9] Random Battle", "players": ["Grabbb", "4125al41"], "log": "|badge|p1|bronze|gen9nu|100-9\n|uhtml|medal-msg|<div class=\"broadcast-blue\">Curious what those medals under the avatar are? PS now has Ladder Seasons! For more information, check out the <a href=\"https://www.smogon.com/forums/threads/3740067/\">thread on Smogon.</a></div>\n|j|\u2606Grabbb\n|j|\u26064125al41\n|t:|1781441066\n|gametype|singles\n|player|p1|Grabbb|1|1928\n|player|p2|4125al41|lucas|1935\n|gen|9\n|tier|[Gen 9] Random Battle\n|rated|\n|rule|Species Clause: Limit one of each Pok\u00e9mon\n|rule|HP Percentage Mod: HP is shown in percentages\n|rule|Sleep Clause Mod: Limit one foe put to sleep\n|rule|Illusion Level Mod: Illusion disguises the Pok\u00e9mon's true level\n|\n|t:|1781441066\n|teamsize|p1|6\n|teamsize|p2|6\n|start\n|switch|p1a: Cloyster|Cloyster, L80, F|211/211\n|switch|p2a: Regigigas|Regigigas, L84|322/322\n|-start|p2a: Regigigas|ability: Slow Start\n|turn|1\n|\n|t:|1781441085\n|switch|p2a: Sableye|Sableye, L88, M|231/231\n|move|p1a: Cloyster|Shell Smash|p1a: Cloyster\n|-unboost|p1a: Cloyster|def|1\n|-unboost|p1a: Cloyster|spd|1\n|-boost|p1a: Cloyster|atk|2\n|-boost|p1a: Cloyster|spa|2\n|-boost|p1a: Cloyster|spe|2\n|-enditem|p1a: Cloyster|White Herb\n|-clearnegativeboost|p1a: Cloyster|[silent]\n|\n|upkeep\n|turn|2\n|\n|t:|1781441105\n|switch|p1a: Urshifu|Urshifu, L74, M|270/270\n|move|p2a: Sableye|Will-O-Wisp|p1a: Urshifu\n|-hint|Since gen 7, Dark is immune to Prankster moves.\n|-immune|p1a: Urshifu\n|\n|upkeep\n|turn|3\n|\n|t:|1781441123\n|switch|p2a: Regigigas|Regigigas, L84|322/322\n|-start|p2a: Regigigas|ability: Slow Start\n|move|p1a: Urshifu|U-turn|p2a: Regigigas\n|-damage|p2a: Regigigas|256/322\n|\n|t:|1781441137\n|switch|p1a: Glalie|Glalie, L96, M|309/309|[from] U-turn\n|\n|-heal|p2a: Regigigas|276/322|[from] item: Leftovers\n|upkeep\n|turn|4\n|\n|t:|1781441142\n|move|p1a: Glalie|Spikes|p2a: Regigigas\n|-sidestart|p2: 4125al41|Spikes\n|move|p2a: Regigigas|Body Slam|p1a: Glalie\n|-damage|p1a: Glalie|242/309\n|\n|-heal|p2a: Regigigas|296/322|[from] item: Leftovers\n|upkeep\n|turn|5\n|\n|t:|1781441157\n|move|p1a: Glalie|Spikes|p2a: Regigigas\n|-sidestart|p2: 4125al41|Spikes\n|move|p2a: Regigigas|Substitute|p2a: Regigigas\n|-start|p2a: Regigigas|Substitute\n|-damage|p2a: Regigigas|216/322\n|\n|-heal|p2a: Regigigas|236/322|[from] item: Leftovers\n|upkeep\n|turn|6\n|\n|t:|1781441168\n|move|p1a: Glalie|Freeze-Dry|p2a: Regigigas\n|-activate|p2a: Regigigas|move: Substitute|[damage]\n|move|p2a: Regigigas|Body Slam|p1a: Glalie\n|-damage|p1a: Glalie|172/309\n|\n|-heal|p2a: Regigigas|256/322|[from] item: Leftovers\n|upkeep\n|turn|7\n|\n|t:|1781441173\n|move|p2a: Regigigas|Protect|p2a: Regigigas\n|-singleturn|p2a: Regigigas|Protect\n|move|p1a: Glalie|Freeze-Dry|p2a: Regigigas\n|-activate|p2a: Regigigas|move: Protect\n|\n|-heal|p2a: Regigigas|276/322|[from] item: Leftovers\n|upkeep\n|turn|8\n|\n|t:|1781441176\n|move|p1a: Glalie|Freeze-Dry|p2a: Regigigas\n|-end|p2a: Regigigas|Substitute\n|move|p2a: Regigigas|Body Slam|p1a: Glalie\n|-damage|p1a: Glalie|109/309\n|\n|-heal|p2a: Regigigas|296/322|[from] item: Leftovers\n|-end|p2a: Regigigas|Slow Start\n|upkeep\n|turn|9\n|\n|t:|1781441191\n|move|p2a: Regigigas|Substitute|p2a: Regigigas\n|-start|p2a: Regigigas|Substitute\n|-damage|p2a: Regigigas|216/322\n|move|p1a: Glalie|Spikes|p2a: Regigigas\n|-sidestart|p2: 4125al41|Spikes\n|\n|-heal|p2a: Regigigas|236/322|[from] item: Leftovers\n|upkeep\n|turn|10\n|\n|t:|1781441194\n|move|p2a: Regigigas|Body Slam|p1a: Glalie\n|-damage|p1a: Glalie|0 fnt\n|faint|p1a: Glalie\n|\n|-heal|p2a: Regigigas|256/322|[from] item: Leftovers\n|upkeep\n|\n|t:|1781441210\n|switch|p1a: Zamazenta|Zamazenta, L71|248/248\n|-ability|p1a: Zamazenta|Dauntless Shield|boost\n|-boost|p1a: Zamazenta|def|1\n|turn|11\n|\n|t:|1781441215\n|move|p1a: Zamazenta|Iron Defense|p1a: Zamazenta\n|-boost|p1a: Zamazenta|def|2\n|move|p2a: Regigigas|Body Slam|p1a: Zamazenta\n|-damage|p1a: Zamazenta|200/248\n|\n|-heal|p2a: Regigigas|276/322|[from] item: Leftovers\n|upkeep\n|turn|12\n|\n|t:|1781441220\n|move|p1a: Zamazenta|Iron Defense|p1a: Zamazenta\n|-boost|p1a: Zamazenta|def|2\n|move|p2a: Regigigas|Body Slam|p1a: Zamazenta\n|-damage|p1a: Zamazenta|163/248\n|-status|p1a: Zamazenta|par\n|\n|-heal|p2a: Regigigas|296/322|[from] item: Leftovers\n|upkeep\n|turn|13\n|\n|t:|1781441226\n|move|p2a: Regigigas|Body Slam|p1a: Zamazenta\n|-damage|p1a: Zamazenta|126/248 par\n|move|p1a: Zamazenta|Body Press|p2a: Regigigas\n|-supereffective|p2a: Regigigas\n|-end|p2a: Regigigas|Substitute\n|\n|-heal|p2a: Regigigas|316/322|[from] item: Leftovers\n|upkeep\n|turn|14\n|\n|t:|1781441237\n|move|p2a: Regigigas|Substitute|p2a: Regigigas\n|-start|p2a: Regigigas|Substitute\n|-damage|p2a: Regigigas|236/322\n|move|p1a: Zamazenta|Body Press|p2a: Regigigas\n|-supereffective|p2a: Regigigas\n|-end|p2a: Regigigas|Substitute\n|\n|-heal|p2a: Regigigas|256/322|[from] item: Leftovers\n|upkeep\n|turn|15\n|\n|t:|1781441240\n|move|p2a: Regigigas|Substitute|p2a: Regigigas\n|-start|p2a: Regigigas|Substitute\n|-damage|p2a: Regigigas|176/322\n|move|p1a: Zamazenta|Body Press|p2a: Regigigas\n|-supereffective|p2a: Regigigas\n|-end|p2a: Regigigas|Substitute\n|\n|-heal|p2a: Regigigas|196/322|[from] item: Leftovers\n|upkeep\n|turn|16\n|\n|t:|1781441243\n|move|p2a: Regigigas|Substitute|p2a: Regigigas\n|-start|p2a: Regigigas|Substitute\n|-damage|p2a: Regigigas|116/322\n|move|p1a: Zamazenta|Body Press|p2a: Regigigas\n|-supereffective|p2a: Regigigas\n|-end|p2a: Regigigas|Substitute\n|\n|-heal|p2a: Regigigas|136/322|[from] item: Leftovers\n|upkeep\n|turn|17\n|\n|t:|1781441245\n|move|p2a: Regigigas|Substitute|p2a: Regigigas\n|-start|p2a: Regigigas|Substitute\n|-damage|p2a: Regigigas|56/322\n|cant|p1a: Zamazenta|par\n|\n|-heal|p2a: Regigigas|76/322|[from] item: Leftovers\n|upkeep\n|turn|18\n|\n|t:|1781441249\n|move|p2a: Regigigas|Protect|p2a: Regigigas\n|-singleturn|p2a: Regigigas|Protect\n|cant|p1a: Zamazenta|par\n|\n|-heal|p2a: Regigigas|96/322|[from] item: Leftovers\n|upkeep\n|turn|19\n|\n|t:|1781441251\n|move|p2a: Regigigas|Body Slam|p1a: Zamazenta\n|-damage|p1a: Zamazenta|89/248 par\n|move|p1a: Zamazenta|Body Press|p2a: Regigigas\n|-supereffective|p2a: Regigigas\n|-end|p2a: Regigigas|Substitute\n|\n|-heal|p2a: Regigigas|116/322|[from] item: Leftovers\n|upkeep\n|turn|20\n|\n|t:|1781441254\n|move|p2a: Regigigas|Substitute|p2a: Regigigas\n|-start|p2a: Regigigas|Substitute\n|-damage|p2a: Regigigas|36/322\n|move|p1a: Zamazenta|Body Press|p2a: Regigigas\n|-supereffective|p2a: Regigigas\n|-end|p2a: Regigigas|Substitute\n|\n|-heal|p2a: Regigigas|56/322|[from] item: Leftovers\n|upkeep\n|turn|21\n|\n|t:|1781441257\n|move|p2a: Regigigas|Protect|p2a: Regigigas\n|-singleturn|p2a: Regigigas|Protect\n|move|p1a: Zamazenta|Body Press|p2a: Regigigas\n|-activate|p2a: Regigigas|move: Protect\n|\n|-heal|p2a: Regigigas|76/322|[from] item: Leftovers\n|upkeep\n|turn|22\n|\n|t:|1781441259\n|move|p2a: Regigigas|Body Slam|p1a: Zamazenta\n|-damage|p1a: Zamazenta|50/248 par\n|move|p1a: Zamazenta|Body Press|p2a: Regigigas\n|-supereffective|p2a: Regigigas\n|-damage|p2a: Regigigas|0 fnt\n|faint|p2a: Regigigas\n|-end|p2a: Regigigas|Slow Start|[silent]\n|\n|upkeep\n|\n|t:|1781441270\n|switch|p2a: Venusaur|Venusaur, L84, F|272/272\n|-damage|p2a: Venusaur|204/272|[from] Spikes\n|turn|23\n|\n|t:|1781441273\n|move|p2a: Venusaur|Sludge Bomb|p1a: Zamazenta\n|-damage|p1a: Zamazenta|0 fnt\n|faint|p1a: Zamazenta\n|\n|-heal|p2a: Venusaur|221/272|[from] item: Leftovers\n|upkeep\n|\n|t:|1781441284\n|switch|p1a: Urshifu|Urshifu, L74, M|270/270\n|turn|24\n|\n|t:|1781441289\n|move|p1a: Urshifu|Wicked Blow|p2a: Venusaur\n|-crit|p2a: Venusaur\n|-damage|p2a: Venusaur|34/272\n|move|p2a: Venusaur|Sludge Bomb|p1a: Urshifu\n|-damage|p1a: Urshifu|135/270\n|-status|p1a: Urshifu|psn\n|\n|-heal|p2a: Venusaur|51/272|[from] item: Leftovers\n|-damage|p1a: Urshifu|102/270 psn|[from] psn\n|upkeep\n|turn|25\n|\n|t:|1781441294\n|move|p1a: Urshifu|Wicked Blow|p2a: Venusaur\n|-crit|p2a: Venusaur\n|-damage|p2a: Venusaur|0 fnt\n|faint|p2a: Venusaur\n|\n|-damage|p1a: Urshifu|69/270 psn|[from] psn\n|upkeep\n|\n|t:|1781441297\n|switch|p2a: Basculin|Basculin-Blue-Striped, L86, M|261/261\n|-damage|p2a: Basculin|196/261|[from] Spikes\n|turn|26\n|\n|t:|1781441306\n|switch|p1a: Cloyster|Cloyster, L80, F|211/211\n|move|p2a: Basculin|Flip Turn|p1a: Cloyster\n|-resisted|p1a: Cloyster\n|-damage|p1a: Cloyster|170/211\n|\n|t:|1781441316\n|switch|p2a: Sableye|Sableye, L88, M|231/231|[from] Flip Turn\n|-damage|p2a: Sableye|174/231|[from] Spikes\n|\n|-heal|p2a: Sableye|188/231|[from] item: Leftovers\n|upkeep\n|turn|27\n|\n|t:|1781441329\n|switch|p1a: Urshifu|Urshifu, L74, M|69/270 psn\n|move|p2a: Sableye|Knock Off|p1a: Urshifu\n|-resisted|p1a: Urshifu\n|-damage|p1a: Urshifu|44/270 psn\n|-enditem|p1a: Urshifu|Choice Band|[from] move: Knock Off|[of] p2a: Sableye\n|\n|-heal|p2a: Sableye|202/231|[from] item: Leftovers\n|-damage|p1a: Urshifu|11/270 psn|[from] psn\n|upkeep\n|turn|28\n|\n|t:|1781441338\n|switch|p2a: Gumshoos|Gumshoos, L95, F|321/321\n|-damage|p2a: Gumshoos|241/321|[from] Spikes\n|move|p1a: Urshifu|Wicked Blow|p2a: Gumshoos\n|-crit|p2a: Gumshoos\n|-damage|p2a: Gumshoos|93/321\n|\n|-damage|p1a: Urshifu|0 fnt|[from] psn\n|faint|p1a: Urshifu\n|upkeep\n|\n|t:|1781441352\n|switch|p1a: Ribombee|Ribombee, L83, M|235/235\n|turn|29\n|\n|t:|1781441359\n|move|p1a: Ribombee|Moonblast|p2a: Gumshoos\n|-damage|p2a: Gumshoos|0 fnt\n|faint|p2a: Gumshoos\n|\n|upkeep\n|\n|t:|1781441368\n|switch|p2a: Basculin|Basculin-Blue-Striped, L86, M|196/261\n|-damage|p2a: Basculin|131/261|[from] Spikes\n|turn|30\n|\n|t:|1781441382\n|switch|p1a: Pachirisu|Pachirisu, L96, F|271/271\n|move|p2a: Basculin|Wave Crash|p1a: Pachirisu\n|-damage|p1a: Pachirisu|27/271\n|-damage|p2a: Basculin|50/261|[from] Recoil\n|\n|upkeep\n|turn|31\n|\n|t:|1781441390\n|move|p1a: Pachirisu|Thunderbolt|p2a: Basculin\n|-supereffective|p2a: Basculin\n|-damage|p2a: Basculin|0 fnt\n|faint|p2a: Basculin\n|\n|upkeep\n|\n|t:|1781441401\n|switch|p2a: Sableye|Sableye, L88, M|202/231\n|-damage|p2a: Sableye|145/231|[from] Spikes\n|turn|32\n|\n|t:|1781441421\n|move|p1a: Pachirisu|U-turn|p2a: Sableye\n|-damage|p2a: Sableye|106/231\n|\n|t:|1781441424\n|switch|p1a: Ribombee|Ribombee, L83, M|235/235|[from] U-turn\n|move|p2a: Sableye|Knock Off|p1a: Ribombee\n|-resisted|p1a: Ribombee\n|-damage|p1a: Ribombee|169/235\n|-enditem|p1a: Ribombee|Heavy-Duty Boots|[from] move: Knock Off|[of] p2a: Sableye\n|\n|-heal|p2a: Sableye|120/231|[from] item: Leftovers\n|upkeep\n|turn|33\n|\n|t:|1781441436\n|-terastallize|p2a: Sableye|Steel\n|move|p2a: Sableye|Recover|p2a: Sableye\n|-heal|p2a: Sableye|231/231\n|move|p1a: Ribombee|Moonblast|p2a: Sableye\n|-resisted|p2a: Sableye\n|-damage|p2a: Sableye|172/231\n|-unboost|p2a: Sableye|spa|1\n|\n|-heal|p2a: Sableye|186/231|[from] item: Leftovers\n|upkeep\n|turn|34\n|\n|t:|1781441444\n|-terastallize|p1a: Ribombee|Ground\n|move|p2a: Sableye|Encore|p1a: Ribombee\n|-start|p1a: Ribombee|Encore\n|move|p1a: Ribombee|Moonblast|p2a: Sableye\n|-resisted|p2a: Sableye\n|-damage|p2a: Sableye|132/231\n|\n|-heal|p2a: Sableye|146/231|[from] item: Leftovers\n|upkeep\n|turn|35\n|\n|t:|1781441452\n|switch|p1a: Pachirisu|Pachirisu, L96, F|27/271\n|move|p2a: Sableye|Knock Off|p1a: Pachirisu\n|-damage|p1a: Pachirisu|0 fnt\n|-enditem|p1a: Pachirisu|Assault Vest|[from] move: Knock Off|[of] p2a: Sableye\n|faint|p1a: Pachirisu\n|\n|-heal|p2a: Sableye|160/231|[from] item: Leftovers\n|upkeep\n|\n|t:|1781441457\n|switch|p1a: Ribombee|Ribombee, L83, M, tera:Ground|169/235\n|turn|36\n|\n|t:|1781441464\n|switch|p2a: Goodra|Goodra, L85, M|292/292\n|-damage|p2a: Goodra|219/292|[from] Spikes\n|move|p1a: Ribombee|Tera Blast|p2a: Goodra|[anim] Tera Blast Ground\n|-damage|p2a: Goodra|182/292\n|\n|upkeep\n|turn|37\n|\n|t:|1781441468\n|move|p1a: Ribombee|Moonblast|p2a: Goodra\n|-supereffective|p2a: Goodra\n|-damage|p2a: Goodra|96/292\n|-unboost|p2a: Goodra|spa|1\n|move|p2a: Goodra|Power Whip|p1a: Ribombee|[miss]\n|-miss|p2a: Goodra|p1a: Ribombee\n|\n|upkeep\n|turn|38\n|\n|t:|1781441489\n|move|p1a: Ribombee|Moonblast|p2a: Goodra\n|-supereffective|p2a: Goodra\n|-damage|p2a: Goodra|10/292\n|move|p2a: Goodra|Power Whip|p1a: Ribombee\n|-supereffective|p1a: Ribombee\n|-damage|p1a: Ribombee|0 fnt\n|faint|p1a: Ribombee\n|\n|upkeep\n|\n|t:|1781441495\n|switch|p1a: Cloyster|Cloyster, L80, F|170/211\n|turn|39\n|\n|t:|1781441501\n|move|p2a: Goodra|Power Whip|p1a: Cloyster\n|-supereffective|p1a: Cloyster\n|-damage|p1a: Cloyster|60/211\n|move|p1a: Cloyster|Shell Smash|p1a: Cloyster\n|-unboost|p1a: Cloyster|def|1\n|-unboost|p1a: Cloyster|spd|1\n|-boost|p1a: Cloyster|atk|2\n|-boost|p1a: Cloyster|spa|2\n|-boost|p1a: Cloyster|spe|2\n|\n|upkeep\n|turn|40\n|\n|t:|1781441507\n|move|p1a: Cloyster|Icicle Spear|p2a: Goodra\n|-supereffective|p2a: Goodra\n|-damage|p2a: Goodra|0 fnt\n|faint|p2a: Goodra\n|-hitcount|p2: Goodra|1\n|\n|upkeep\n|\n|t:|1781441508\n|switch|p2a: Sableye|Sableye, L88, M, tera:Steel|160/231\n|-damage|p2a: Sableye|103/231|[from] Spikes\n|turn|41\n|\n|t:|1781441519\n|move|p2a: Sableye|Encore|p1a: Cloyster\n|-start|p1a: Cloyster|Encore\n|move|p1a: Cloyster|Icicle Spear|p2a: Sableye\n|-resisted|p2a: Sableye\n|-damage|p2a: Sableye|79/231\n|-resisted|p2a: Sableye\n|-damage|p2a: Sableye|55/231\n|-resisted|p2a: Sableye\n|-damage|p2a: Sableye|30/231\n|-resisted|p2a: Sableye\n|-damage|p2a: Sableye|6/231\n|-resisted|p2a: Sableye\n|-damage|p2a: Sableye|0 fnt\n|faint|p2a: Sableye\n|-hitcount|p2: Sableye|5\n|\n|win|Grabbb\n", "inputlog": ">version a8376a258c1d4662feba110a92103f3664a72141\n>start {\"formatid\":\"gen9randombattle\",\"seed\":\"sodium,3675c471af35c257a45f9c2d0b9312c8\",\"rated\":\"Rated battle\"}\n>player p1 {\"name\":\"Grabbb\",\"avatar\":\"1\",\"rating\":1928,\"seed\":\"sodium,d9f990870892aff1be35f6ab1191b254\"}\n>player p2 {\"name\":\"4125al41\",\"avatar\":\"lucas\",\"rating\":1935,\"seed\":\"sodium,5b9c5060b1f8f5656d4e1bbbd3a5943e\"}\n>p1 move shellsmash\n>p2 switch 4\n>p1 switch 3\n>p2 move willowisp\n>p1 move uturn\n>p2 switch 4\n>p1 switch 4\n>p1 move spikes\n>p2 move bodyslam\n>p1 move spikes\n>p2 move substitute\n>p1 move freezedry\n>p2 move bodyslam\n>p1 move freezedry\n>p2 move protect\n>p1 move freezedry\n>p2 move bodyslam\n>p1 move spikes\n>p2 move substitute\n>p1 move freezedry\n>p2 move bodyslam\n>p1 switch 5\n>p1 move irondefense\n>p2 move bodyslam\n>p1 move irondefense\n>p2 move bodyslam\n>p1 move bodypress\n>p2 move bodyslam\n>p1 move bodypress\n>p2 move substitute\n>p1 move bodypress\n>p2 move substitute\n>p1 move bodypress\n>p2 move substitute\n>p1 move bodypress\n>p2 move substitute\n>p1 move bodypress\n>p2 move protect\n>p1 move bodypress\n>p2 move bodyslam\n>p1 move bodypress\n>p2 move substitute\n>p1 move bodypress\n>p2 move protect\n>p1 move bodypress\n>p2 move bodyslam\n>p2 switch 3\n>p1 move rest\n>p2 move sludgebomb\n>p1 switch 4\n>p1 move wickedblow\n>p2 move sludgebomb\n>p1 move wickedblow\n>p2 move sludgebomb\n>p2 switch 5\n>p1 switch 3\n>p2 move flipturn\n>p2 switch 4\n>p1 switch 3\n>p2 move knockoff\n>p1 move wickedblow\n>p2 switch 2\n>p1 switch 2\n>p1 move moonblast\n>p2 move doubleedge\n>p2 switch 4\n>p1 switch 6\n>p2 move wavecrash\n>p1 move thunderbolt\n>p2 move wavecrash\n>p2 switch 2\n>p1 move uturn\n>p2 move knockoff\n>p1 switch 6\n>p1 move moonblast\n>p2 move recover terastallize\n>p1 move terablast terastallize\n>p2 move encore\n>p1 switch 6\n>p2 move knockoff\n>p1 switch 6\n>p1 move terablast\n>p2 switch 6\n>p1 move moonblast\n>p2 move powerwhip\n>p1 move moonblast\n>p2 move powerwhip\n>p1 switch 3\n>p1 move shellsmash\n>p2 move powerwhip\n>p1 move iciclespear\n>p2 move powerwhip\n>p2 switch 6\n>p1 move iciclespear\n>p2 move encore", "uploadtime": 1781441068, "views": 4, "formatid": "gen9randombattle", "rating": null, "private": 0, "password": null}