{"id": "gen9randombattle-2631898182", "format": "[Gen 9] Random Battle", "players": ["DEVILICEMIN", "kormorano"], "log": "|j|\u2606DEVILICEMIN\n|j|\u2606kormorano\n|t:|1781453348\n|gametype|singles\n|player|p1|DEVILICEMIN|265|2074\n|player|p2|kormorano|102|2018\n|gen|9\n|tier|[Gen 9] Random Battle\n|rated|\n|rule|Species Clause: Limit one of each Pok\u00e9mon\n|rule|HP Percentage Mod: HP is shown in percentages\n|rule|Sleep Clause Mod: Limit one foe put to sleep\n|rule|Illusion Level Mod: Illusion disguises the Pok\u00e9mon's true level\n|\n|t:|1781453348\n|teamsize|p1|6\n|teamsize|p2|6\n|start\n|switch|p1a: Breloom|Breloom, L83, F|235/235\n|switch|p2a: Chi-Yu|Chi-Yu, L77|211/211\n|-ability|p2a: Chi-Yu|Beads of Ruin\n|turn|1\n|inactive|Battle timer is ON: inactive players will automatically lose when time's up. (requested by kormorano)\n|\n|t:|1781453356\n|switch|p2a: Vileplume|Vileplume, L85, F|266/266\n|move|p1a: Breloom|Mach Punch|p2a: Vileplume\n|-resisted|p2a: Vileplume\n|-damage|p2a: Vileplume|217/266\n|-damage|p1a: Breloom|212/235|[from] item: Life Orb\n|\n|-heal|p2a: Vileplume|233/266|[from] item: Leftovers\n|upkeep\n|turn|2\n|\n|t:|1781453365\n|switch|p1a: Venusaur|Venusaur, L84, M|272/272\n|move|p2a: Vileplume|Sludge Bomb|p1a: Venusaur\n|-damage|p1a: Venusaur|176/272\n|\n|-heal|p1a: Venusaur|193/272|[from] item: Leftovers\n|-heal|p2a: Vileplume|249/266|[from] item: Leftovers\n|upkeep\n|turn|3\n|\n|t:|1781453376\n|switch|p2a: Chi-Yu|Chi-Yu, L77|211/211\n|-ability|p2a: Chi-Yu|Beads of Ruin\n|move|p1a: Venusaur|Knock Off|p2a: Chi-Yu\n|-resisted|p2a: Chi-Yu\n|-damage|p2a: Chi-Yu|176/211\n|-enditem|p2a: Chi-Yu|Choice Scarf|[from] move: Knock Off|[of] p1a: Venusaur\n|\n|-heal|p1a: Venusaur|210/272|[from] item: Leftovers\n|upkeep\n|turn|4\n|l|\u2606DEVILICEMIN\n|inactive|DEVILICEMIN disconnected and has a minute to reconnect!\n|player|p1|\n|j|\u2606DEVILICEMIN\n|inactive|DEVILICEMIN reconnected and has 125 seconds left.\n|player|p1|DEVILICEMIN|265|\n|inactive|DEVILICEMIN has 120 seconds left.\n|\n|t:|1781453411\n|switch|p1a: Clawitzer|Clawitzer, L87, F|265/265\n|move|p2a: Chi-Yu|Flamethrower|p1a: Clawitzer\n|-resisted|p1a: Clawitzer\n|-damage|p1a: Clawitzer|220/265\n|\n|upkeep\n|turn|5\n|\n|t:|1781453415\n|switch|p2a: Vileplume|Vileplume, L85, F|249/266\n|move|p1a: Clawitzer|U-turn|p2a: Vileplume\n|-damage|p2a: Vileplume|204/266\n|-status|p1a: Clawitzer|slp|[from] ability: Effect Spore|[of] p2a: Vileplume\n|inactive|DEVILICEMIN has 120 seconds left.\n|\n|t:|1781453428\n|switch|p1a: Gouging Fire|Gouging Fire, L74|277/277|[from] U-turn\n|\n|-heal|p2a: Vileplume|220/266|[from] item: Leftovers\n|upkeep\n|turn|6\n|\n|t:|1781453437\n|switch|p2a: Gastrodon|Gastrodon, L86, M|331/331\n|move|p1a: Gouging Fire|Dragon Dance|p1a: Gouging Fire\n|-boost|p1a: Gouging Fire|atk|1\n|-boost|p1a: Gouging Fire|spe|1\n|\n|upkeep\n|turn|7\n|\n|t:|1781453446\n|move|p1a: Gouging Fire|Outrage|p2a: Gastrodon\n|-damage|p2a: Gastrodon|142/331\n|move|p2a: Gastrodon|Earthquake|p1a: Gouging Fire\n|-supereffective|p1a: Gouging Fire\n|-damage|p1a: Gouging Fire|113/277\n|\n|-heal|p2a: Gastrodon|162/331|[from] item: Leftovers\n|upkeep\n|turn|8\n|\n|t:|1781453456\n|move|p1a: Gouging Fire|Outrage|p2a: Gastrodon|[from] lockedmove\n|-damage|p2a: Gastrodon|0 fnt\n|faint|p2a: Gastrodon\n|\n|upkeep\n|\n|t:|1781453467\n|switch|p2a: Clodsire|Clodsire, L81, F|343/343\n|turn|9\n|\n|t:|1781453470\n|move|p1a: Gouging Fire|Outrage|p2a: Clodsire|[from] lockedmove\n|-damage|p2a: Clodsire|102/343\n|-start|p1a: Gouging Fire|confusion|[fatigue]\n|move|p2a: Clodsire|Earthquake|p1a: Gouging Fire\n|-supereffective|p1a: Gouging Fire\n|-damage|p1a: Gouging Fire|0 fnt\n|faint|p1a: Gouging Fire\n|-end|p1a: Gouging Fire|Protosynthesis|[silent]\n|\n|-heal|p2a: Clodsire|123/343|[from] item: Leftovers\n|upkeep\n|\n|t:|1781453484\n|switch|p1a: Iron Thorns|Iron Thorns, L83|302/302\n|-enditem|p1a: Iron Thorns|Booster Energy\n|-activate|p1a: Iron Thorns|ability: Quark Drive|[fromitem]\n|-start|p1a: Iron Thorns|quarkdriveatk\n|turn|10\n|\n|t:|1781453498\n|move|p1a: Iron Thorns|Earthquake|p2a: Clodsire\n|-supereffective|p2a: Clodsire\n|-damage|p2a: Clodsire|0 fnt\n|faint|p2a: Clodsire\n|\n|upkeep\n|\n|t:|1781453507\n|switch|p2a: Vileplume|Vileplume, L85, F|220/266\n|turn|11\n|\n|t:|1781453512\n|move|p1a: Iron Thorns|Earthquake|p2a: Vileplume\n|-damage|p2a: Vileplume|98/266\n|move|p2a: Vileplume|Strength Sap|p1a: Iron Thorns\n|-unboost|p1a: Iron Thorns|atk|1\n|-heal|p2a: Vileplume|266/266\n|\n|upkeep\n|turn|12\n|\n|t:|1781453517\n|-end|p1a: Iron Thorns|Quark Drive|[silent]\n|switch|p1a: Venusaur|Venusaur, L84, M|210/272\n|move|p2a: Vileplume|Giga Drain|p1a: Venusaur\n|-resisted|p1a: Venusaur\n|-damage|p1a: Venusaur|191/272\n|\n|-heal|p1a: Venusaur|208/272|[from] item: Leftovers\n|upkeep\n|turn|13\n|\n|t:|1781453522\n|switch|p2a: Chi-Yu|Chi-Yu, L77|176/211\n|-ability|p2a: Chi-Yu|Beads of Ruin\n|move|p1a: Venusaur|Sludge Bomb|p2a: Chi-Yu\n|-damage|p2a: Chi-Yu|100/211\n|\n|-heal|p1a: Venusaur|225/272|[from] item: Leftovers\n|upkeep\n|turn|14\n|\n|t:|1781453536\n|switch|p1a: Clawitzer|Clawitzer, L87, F|220/265 slp\n|move|p2a: Chi-Yu|Flamethrower|p1a: Clawitzer\n|-resisted|p1a: Clawitzer\n|-damage|p1a: Clawitzer|176/265 slp\n|\n|upkeep\n|turn|15\n|\n|t:|1781453543\n|switch|p2a: Polteageist|Polteageist-Antique, L78|222/222\n|cant|p1a: Clawitzer|slp\n|\n|upkeep\n|turn|16\n|\n|t:|1781453554\n|move|p2a: Polteageist|Shell Smash|p2a: Polteageist\n|-unboost|p2a: Polteageist|def|1\n|-unboost|p2a: Polteageist|spd|1\n|-boost|p2a: Polteageist|atk|2\n|-boost|p2a: Polteageist|spa|2\n|-boost|p2a: Polteageist|spe|2\n|-enditem|p2a: Polteageist|White Herb\n|-clearnegativeboost|p2a: Polteageist|[silent]\n|cant|p1a: Clawitzer|slp\n|\n|upkeep\n|turn|17\n|\n|t:|1781453565\n|move|p2a: Polteageist|Stored Power|p1a: Clawitzer\n|-damage|p1a: Clawitzer|46/265 slp\n|cant|p1a: Clawitzer|slp\n|\n|upkeep\n|turn|18\n|\n|t:|1781453570\n|move|p2a: Polteageist|Shadow Ball|p1a: Clawitzer\n|-damage|p1a: Clawitzer|0 fnt\n|faint|p1a: Clawitzer\n|\n|upkeep\n|\n|t:|1781453587\n|switch|p1a: Venusaur|Venusaur, L84, M|225/272\n|turn|19\n|\n|t:|1781453600\n|-terastallize|p1a: Venusaur|Dark\n|move|p2a: Polteageist|Shadow Ball|p1a: Venusaur\n|-resisted|p1a: Venusaur\n|-damage|p1a: Venusaur|136/272\n|-unboost|p1a: Venusaur|spd|1\n|move|p1a: Venusaur|Knock Off|p2a: Polteageist\n|-supereffective|p2a: Polteageist\n|-damage|p2a: Polteageist|64/222\n|-start|p1a: Venusaur|Disable|Knock Off|[from] ability: Cursed Body|[of] p2a: Polteageist\n|\n|-heal|p1a: Venusaur|153/272|[from] item: Leftovers\n|upkeep\n|turn|20\n|\n|t:|1781453614\n|switch|p1a: Breloom|Breloom, L83, F|212/235\n|move|p2a: Polteageist|Strength Sap|p1a: Breloom\n|-unboost|p1a: Breloom|atk|1\n|-heal|p2a: Polteageist|222/222\n|\n|upkeep\n|turn|21\n|\n|t:|1781453618\n|move|p2a: Polteageist|Shadow Ball|p1a: Breloom\n|-damage|p1a: Breloom|0 fnt\n|faint|p1a: Breloom\n|\n|upkeep\n|\n|t:|1781453621\n|switch|p1a: Venusaur|Venusaur, L84, M, tera:Dark|153/272\n|turn|22\n|\n|t:|1781453627\n|move|p2a: Polteageist|Shadow Ball|p1a: Venusaur\n|-resisted|p1a: Venusaur\n|-damage|p1a: Venusaur|60/272\n|move|p1a: Venusaur|Knock Off|p2a: Polteageist\n|-supereffective|p2a: Polteageist\n|-damage|p2a: Polteageist|46/222\n|\n|-heal|p1a: Venusaur|77/272|[from] item: Leftovers\n|upkeep\n|turn|23\n|-message|DEVILICEMIN forfeited.\n|\n|win|kormorano\n", "inputlog": ">version a8376a258c1d4662feba110a92103f3664a72141\n>start {\"formatid\":\"gen9randombattle\",\"seed\":\"sodium,2d7ff1325a1104b6ccf2f5d54361f6cb\",\"rated\":\"Rated battle\"}\n>player p1 {\"name\":\"DEVILICEMIN\",\"avatar\":\"265\",\"rating\":2074,\"seed\":\"sodium,3bba539b96b05c13bcede4ce7ab5c405\"}\n>player p2 {\"name\":\"kormorano\",\"avatar\":\"102\",\"rating\":2018,\"seed\":\"sodium,db74f12f94efc3c86b7574e02f0e3a13\"}\n>p1 move machpunch\n>p2 switch 6\n>p1 switch 5\n>p2 move sludgebomb\n>p1 move knockoff\n>p2 switch 6\n>p1 switch 3\n>p2 move flamethrower\n>p1 move uturn\n>p2 switch 6\n>p1 switch 6\n>p1 move dragondance\n>p2 switch 4\n>p1 move outrage\n>p2 move earthquake\n>p1 move outrage\n>p2 move earthquake\n>p2 switch 3\n>p1 move outrage\n>p2 move earthquake\n>p1 switch 2\n>p1 move earthquake\n>p2 move poisonjab\n>p2 switch 4\n>p1 move earthquake\n>p2 move strengthsap\n>p1 switch 3\n>p2 move gigadrain\n>p1 move sludgebomb\n>p2 switch 6\n>p1 switch 6\n>p2 move flamethrower\n>p1 move uturn\n>p2 switch 5\n>p1 move darkpulse\n>p2 move shellsmash\n>p1 move darkpulse\n>p2 move storedpower\n>p1 move darkpulse\n>p2 move shadowball\n>p1 switch 6\n>p1 move knockoff terastallize\n>p2 move shadowball\n>p1 switch 5\n>p2 move strengthsap\n>p1 move spore\n>p2 move shadowball\n>p1 switch 5\n>p1 move knockoff\n>p2 move shadowball\n>forcelose p1", "uploadtime": 1781453350, "views": 4, "formatid": "gen9randombattle", "rating": null, "private": 0, "password": null}