{"id": "gen9randombattle-2631575662", "format": "[Gen 9] Random Battle", "players": ["Vikkill", "Digit304"], "log": "|j|\u2606Vikkill\n|j|\u2606Digit304\n|t:|1781403479\n|gametype|singles\n|player|p1|Vikkill|102|1299\n|player|p2|Digit304|colress|1240\n|gen|9\n|tier|[Gen 9] Random Battle\n|rated|\n|rule|Species Clause: Limit one of each Pok\u00e9mon\n|rule|HP Percentage Mod: HP is shown in percentages\n|rule|Sleep Clause Mod: Limit one foe put to sleep\n|rule|Illusion Level Mod: Illusion disguises the Pok\u00e9mon's true level\n|\n|t:|1781403479\n|teamsize|p1|6\n|teamsize|p2|6\n|start\n|switch|p1a: Slowking|Slowking-Galar, L85, M|300/300\n|switch|p2a: Mismagius|Mismagius, L86, M|243/243\n|turn|1\n|\n|t:|1781403496\n|move|p2a: Mismagius|Substitute|p2a: Mismagius\n|-start|p2a: Mismagius|Substitute\n|-damage|p2a: Mismagius|183/243\n|move|p1a: Slowking|Future Sight|p2a: Mismagius\n|-start|p1a: Slowking|move: Future Sight\n|\n|-heal|p2a: Mismagius|198/243|[from] item: Leftovers\n|upkeep\n|turn|2\n|\n|t:|1781403507\n|move|p2a: Mismagius|Nasty Plot|p2a: Mismagius\n|-boost|p2a: Mismagius|spa|2\n|move|p1a: Slowking|Psychic Noise|p2a: Mismagius\n|-damage|p2a: Mismagius|125/243\n|-start|p2a: Mismagius|move: Heal Block\n|\n|upkeep\n|turn|3\n|\n|t:|1781403516\n|move|p2a: Mismagius|Shadow Ball|p1a: Slowking\n|-supereffective|p1a: Slowking\n|-damage|p1a: Slowking|94/300\n|-unboost|p1a: Slowking|spd|1\n|move|p1a: Slowking|Psychic Noise|p2a: Mismagius\n|-damage|p2a: Mismagius|46/243\n|\n|-end|p2a: Mismagius|move: Future Sight\n|-end|p2a: Mismagius|Substitute\n|-end|p2a: Mismagius|move: Heal Block\n|upkeep\n|turn|4\n|\n|t:|1781403540\n|switch|p1a: Iron Bundle|Iron Bundle, L78|215/215\n|move|p2a: Mismagius|Shadow Ball|p1a: Iron Bundle\n|-damage|p1a: Iron Bundle|0 fnt\n|faint|p1a: Iron Bundle\n|-end|p1a: Iron Bundle|Quark Drive|[silent]\n|\n|-heal|p2a: Mismagius|61/243|[from] item: Leftovers\n|upkeep\n|\n|t:|1781403550\n|switch|p1a: Grumpig|Grumpig, L92, F|297/297\n|turn|5\n|\n|t:|1781403555\n|move|p1a: Grumpig|Psyshock|p2a: Mismagius\n|-damage|p2a: Mismagius|0 fnt\n|faint|p2a: Mismagius\n|\n|upkeep\n|\n|t:|1781403596\n|switch|p2a: Gliscor|Gliscor, L76, M|239/239\n|turn|6\n|\n|t:|1781403610\n|move|p1a: Grumpig|Psyshock|p2a: Gliscor\n|-damage|p2a: Gliscor|166/239\n|move|p2a: Gliscor|Toxic|p1a: Grumpig\n|-status|p1a: Grumpig|tox\n|\n|-damage|p1a: Grumpig|279/297 tox|[from] psn\n|-status|p2a: Gliscor|tox|[from] item: Toxic Orb\n|upkeep\n|turn|7\n|\n|t:|1781403624\n|switch|p2a: Latias|Latias, L79, F|256/256\n|move|p1a: Grumpig|Psyshock|p2a: Latias\n|-resisted|p2a: Latias\n|-damage|p2a: Latias|211/256\n|\n|-damage|p1a: Grumpig|243/297 tox|[from] psn\n|upkeep\n|turn|8\n|\n|t:|1781403636\n|switch|p1a: Stonjourner|Stonjourner, L91, F|330/330\n|move|p2a: Latias|Calm Mind|p2a: Latias\n|-boost|p2a: Latias|spa|1\n|-boost|p2a: Latias|spd|1\n|\n|upkeep\n|turn|9\n|\n|t:|1781403650\n|move|p2a: Latias|Calm Mind|p2a: Latias\n|-boost|p2a: Latias|spa|1\n|-boost|p2a: Latias|spd|1\n|move|p1a: Stonjourner|Rock Polish|p1a: Stonjourner\n|-boost|p1a: Stonjourner|spe|2\n|\n|upkeep\n|turn|10\n|\n|t:|1781403662\n|move|p1a: Stonjourner|Stone Edge|p2a: Latias|[miss]\n|-miss|p1a: Stonjourner|p2a: Latias\n|move|p2a: Latias|Calm Mind|p2a: Latias\n|-boost|p2a: Latias|spa|1\n|-boost|p2a: Latias|spd|1\n|\n|upkeep\n|turn|11\n|\n|t:|1781403673\n|move|p1a: Stonjourner|Stone Edge|p2a: Latias|[miss]\n|-miss|p1a: Stonjourner|p2a: Latias\n|move|p2a: Latias|Calm Mind|p2a: Latias\n|-boost|p2a: Latias|spa|1\n|-boost|p2a: Latias|spd|1\n|\n|upkeep\n|turn|12\n|\n|t:|1781403681\n|move|p1a: Stonjourner|Stone Edge|p2a: Latias|[miss]\n|-miss|p1a: Stonjourner|p2a: Latias\n|move|p2a: Latias|Psyshock|p1a: Stonjourner\n|-damage|p1a: Stonjourner|152/330\n|\n|upkeep\n|turn|13\n|c|\u2606Vikkill|3 faiuls\n|c|\u2606Vikkill|at 80%\n|\n|t:|1781403699\n|move|p1a: Stonjourner|Stone Edge|p2a: Latias\n|-crit|p2a: Latias\n|-damage|p2a: Latias|0 fnt\n|faint|p2a: Latias\n|-damage|p1a: Stonjourner|119/330|[from] item: Life Orb\n|\n|upkeep\n|c|\u2606Vikkill|thats insane\n|\n|t:|1781403709\n|switch|p2a: Lilligant|Lilligant-Hisui, L79, F|240/240\n|turn|14\n|\n|t:|1781403721\n|move|p1a: Stonjourner|Heat Crash|p2a: Lilligant\n|-supereffective|p2a: Lilligant\n|-damage|p2a: Lilligant|0 fnt\n|faint|p2a: Lilligant\n|-damage|p1a: Stonjourner|86/330|[from] item: Life Orb\n|\n|upkeep\n|\n|t:|1781403745\n|switch|p2a: Jolteon|Jolteon, L84, M|246/246\n|turn|15\n|\n|t:|1781403758\n|move|p1a: Stonjourner|Earthquake|p2a: Jolteon\n|-supereffective|p2a: Jolteon\n|-damage|p2a: Jolteon|0 fnt\n|faint|p2a: Jolteon\n|-damage|p1a: Stonjourner|53/330|[from] item: Life Orb\n|\n|upkeep\n|\n|t:|1781403766\n|switch|p2a: Gliscor|Gliscor, L76, M|166/239 tox\n|turn|16\n|\n|t:|1781403774\n|move|p1a: Stonjourner|Stone Edge|p2a: Gliscor\n|-damage|p2a: Gliscor|10/239 tox\n|-damage|p1a: Stonjourner|20/330|[from] item: Life Orb\n|move|p2a: Gliscor|Earthquake|p1a: Stonjourner\n|-supereffective|p1a: Stonjourner\n|-damage|p1a: Stonjourner|0 fnt\n|faint|p1a: Stonjourner\n|\n|-heal|p2a: Gliscor|39/239 tox|[from] ability: Poison Heal\n|upkeep\n|\n|t:|1781403793\n|switch|p1a: Grumpig|Grumpig, L92, F|243/297 tox\n|turn|17\n|\n|t:|1781403806\n|move|p2a: Gliscor|Protect|p2a: Gliscor\n|-singleturn|p2a: Gliscor|Protect\n|move|p1a: Grumpig|Shadow Ball|p2a: Gliscor\n|-activate|p2a: Gliscor|move: Protect\n|\n|-damage|p1a: Grumpig|225/297 tox|[from] psn\n|-heal|p2a: Gliscor|68/239 tox|[from] ability: Poison Heal\n|upkeep\n|turn|18\n|\n|t:|1781403820\n|move|p2a: Gliscor|Protect||[still]\n|-fail|p2a: Gliscor\n|move|p1a: Grumpig|Shadow Ball|p2a: Gliscor\n|-damage|p2a: Gliscor|0 fnt\n|faint|p2a: Gliscor\n|\n|-damage|p1a: Grumpig|189/297 tox|[from] psn\n|upkeep\n|\n|t:|1781403829\n|switch|p2a: Pincurchin|Pincurchin, M|258/258\n|-fieldstart|move: Electric Terrain|[from] ability: Electric Surge|[of] p2a: Pincurchin\n|turn|19\n|\n|t:|1781403838\n|move|p1a: Grumpig|Shadow Ball|p2a: Pincurchin\n|-damage|p2a: Pincurchin|206/258\n|move|p2a: Pincurchin|Zing Zap|p1a: Grumpig\n|-damage|p1a: Grumpig|14/297 tox\n|\n|-heal|p2a: Pincurchin|222/258|[from] item: Leftovers\n|-damage|p1a: Grumpig|0 fnt|[from] psn\n|faint|p1a: Grumpig\n|upkeep\n|\n|t:|1781403859\n|switch|p1a: Slowking|Slowking-Galar, L85, M|194/300\n|turn|20\n|\n|t:|1781403872\n|move|p1a: Slowking|Future Sight|p2a: Pincurchin\n|-start|p1a: Slowking|move: Future Sight\n|move|p2a: Pincurchin|Zing Zap|p1a: Slowking\n|-damage|p1a: Slowking|20/300\n|\n|-heal|p2a: Pincurchin|238/258|[from] item: Leftovers\n|upkeep\n|turn|21\n|\n|t:|1781403881\n|move|p1a: Slowking|Sludge Bomb|p2a: Pincurchin\n|-damage|p2a: Pincurchin|139/258\n|move|p2a: Pincurchin|Zing Zap|p1a: Slowking\n|-damage|p1a: Slowking|0 fnt\n|faint|p1a: Slowking\n|\n|-heal|p2a: Pincurchin|155/258|[from] item: Leftovers\n|upkeep\n|\n|t:|1781403891\n|switch|p1a: Mimikyu|Mimikyu, L79, F|216/216\n|turn|22\n|\n|t:|1781403903\n|move|p1a: Mimikyu|Shadow Claw|p2a: Pincurchin\n|-damage|p2a: Pincurchin|89/258\n|-damage|p1a: Mimikyu|195/216|[from] item: Life Orb\n|move|p2a: Pincurchin|Recover|p2a: Pincurchin\n|-heal|p2a: Pincurchin|218/258\n|\n|-end|p2a: Pincurchin|move: Future Sight\n|-damage|p2a: Pincurchin|91/258\n|-heal|p2a: Pincurchin|107/258|[from] item: Leftovers\n|upkeep\n|turn|23\n|\n|t:|1781403918\n|move|p1a: Mimikyu|Shadow Claw|p2a: Pincurchin\n|-damage|p2a: Pincurchin|43/258\n|-damage|p1a: Mimikyu|174/216|[from] item: Life Orb\n|move|p2a: Pincurchin|Recover|p2a: Pincurchin\n|-heal|p2a: Pincurchin|172/258\n|\n|-heal|p2a: Pincurchin|188/258|[from] item: Leftovers\n|-fieldend|move: Electric Terrain\n|upkeep\n|turn|24\n|\n|t:|1781403928\n|move|p1a: Mimikyu|Swords Dance|p1a: Mimikyu\n|-boost|p1a: Mimikyu|atk|2\n|move|p2a: Pincurchin|Recover|p2a: Pincurchin\n|-heal|p2a: Pincurchin|258/258\n|\n|upkeep\n|turn|25\n|\n|t:|1781403946\n|-terastallize|p1a: Mimikyu|Fairy\n|move|p1a: Mimikyu|Swords Dance|p1a: Mimikyu\n|-boost|p1a: Mimikyu|atk|2\n|move|p2a: Pincurchin|Curse|p2a: Pincurchin\n|-unboost|p2a: Pincurchin|spe|1\n|-boost|p2a: Pincurchin|atk|1\n|-boost|p2a: Pincurchin|def|1\n|\n|upkeep\n|turn|26\n|\n|t:|1781403964\n|move|p1a: Mimikyu|Shadow Claw|p2a: Pincurchin\n|-damage|p2a: Pincurchin|133/258\n|-damage|p1a: Mimikyu|153/216|[from] item: Life Orb\n|move|p2a: Pincurchin|Curse|p2a: Pincurchin\n|-unboost|p2a: Pincurchin|spe|1\n|-boost|p2a: Pincurchin|atk|1\n|-boost|p2a: Pincurchin|def|1\n|\n|-heal|p2a: Pincurchin|149/258|[from] item: Leftovers\n|upkeep\n|turn|27\n|\n|t:|1781403983\n|move|p1a: Mimikyu|Shadow Claw|p2a: Pincurchin\n|-damage|p2a: Pincurchin|48/258\n|-damage|p1a: Mimikyu|132/216|[from] item: Life Orb\n|move|p2a: Pincurchin|Recover|p2a: Pincurchin\n|-heal|p2a: Pincurchin|177/258\n|\n|-heal|p2a: Pincurchin|193/258|[from] item: Leftovers\n|upkeep\n|turn|28\n|\n|t:|1781403996\n|move|p1a: Mimikyu|Shadow Claw|p2a: Pincurchin\n|-damage|p2a: Pincurchin|99/258\n|-damage|p1a: Mimikyu|111/216|[from] item: Life Orb\n|move|p2a: Pincurchin|Recover|p2a: Pincurchin\n|-heal|p2a: Pincurchin|228/258\n|\n|-heal|p2a: Pincurchin|244/258|[from] item: Leftovers\n|upkeep\n|turn|29\n|\n|t:|1781404015\n|move|p1a: Mimikyu|Swords Dance|p1a: Mimikyu\n|-boost|p1a: Mimikyu|atk|2\n|move|p2a: Pincurchin|Curse|p2a: Pincurchin\n|-unboost|p2a: Pincurchin|spe|1\n|-boost|p2a: Pincurchin|atk|1\n|-boost|p2a: Pincurchin|def|1\n|\n|-heal|p2a: Pincurchin|258/258|[from] item: Leftovers\n|upkeep\n|turn|30\n|\n|t:|1781404027\n|move|p1a: Mimikyu|Shadow Claw|p2a: Pincurchin\n|-damage|p2a: Pincurchin|151/258\n|-damage|p1a: Mimikyu|90/216|[from] item: Life Orb\n|move|p2a: Pincurchin|Curse|p2a: Pincurchin\n|-unboost|p2a: Pincurchin|spe|1\n|-boost|p2a: Pincurchin|atk|1\n|-boost|p2a: Pincurchin|def|1\n|\n|-heal|p2a: Pincurchin|167/258|[from] item: Leftovers\n|upkeep\n|turn|31\n|\n|t:|1781404039\n|move|p1a: Mimikyu|Shadow Claw|p2a: Pincurchin\n|-damage|p2a: Pincurchin|73/258\n|-damage|p1a: Mimikyu|69/216|[from] item: Life Orb\n|move|p2a: Pincurchin|Recover|p2a: Pincurchin\n|-heal|p2a: Pincurchin|202/258\n|\n|-heal|p2a: Pincurchin|218/258|[from] item: Leftovers\n|upkeep\n|turn|32\n|c|\u2606Vikkill|0 crist is insane\n|\n|t:|1781404062\n|move|p1a: Mimikyu|Shadow Claw|p2a: Pincurchin\n|-damage|p2a: Pincurchin|132/258\n|-damage|p1a: Mimikyu|48/216|[from] item: Life Orb\n|move|p2a: Pincurchin|Recover|p2a: Pincurchin\n|-heal|p2a: Pincurchin|258/258\n|\n|upkeep\n|turn|33\n|\n|t:|1781404079\n|move|p1a: Mimikyu|Shadow Claw|p2a: Pincurchin\n|-damage|p2a: Pincurchin|171/258\n|-damage|p1a: Mimikyu|27/216|[from] item: Life Orb\n|move|p2a: Pincurchin|Zing Zap|p1a: Mimikyu\n|-activate|p1a: Mimikyu|ability: Disguise\n|-damage|p1a: Mimikyu|27/216\n|detailschange|p1a: Mimikyu|Mimikyu-Busted, L79, F, tera:Fairy\n|-damage|p1a: Mimikyu|0 fnt|[from] pokemon: Mimikyu-Busted\n|faint|p1a: Mimikyu\n|\n|-heal|p2a: Pincurchin|187/258|[from] item: Leftovers\n|upkeep\n|\n|t:|1781404092\n|switch|p1a: Primarina|Primarina, L83, M|268/268\n|turn|34\n|\n|t:|1781404099\n|move|p1a: Primarina|Moonblast|p2a: Pincurchin\n|-damage|p2a: Pincurchin|90/258\n|move|p2a: Pincurchin|Zing Zap|p1a: Primarina\n|-supereffective|p1a: Primarina\n|-damage|p1a: Primarina|0 fnt\n|faint|p1a: Primarina\n|\n|win|Digit304\n|raw|Vikkill's rating: 1299 &rarr; <strong>1270</strong><br />(-29 for losing)\n|raw|Digit304's rating: 1240 &rarr; <strong>1269</strong><br />(+29 for winning)\n|c|\u2606Vikkill|ggs\n|l|\u2606Vikkill\n|player|p1|\n|c|\u2606Digit304|Gg\n", "inputlog": ">version a8376a258c1d4662feba110a92103f3664a72141\n>start {\"formatid\":\"gen9randombattle\",\"seed\":\"sodium,1aae66a49b038211f64153c4b6209687\",\"rated\":\"Rated battle\"}\n>player p1 {\"name\":\"Vikkill\",\"avatar\":\"102\",\"rating\":1299,\"seed\":\"sodium,41241162d8300c5e5e9c4e872a0c334b\"}\n>player p2 {\"name\":\"Digit304\",\"avatar\":\"colress\",\"rating\":1240,\"seed\":\"sodium,047ab3827db67eda58304754157b2e02\"}\n>p1 move futuresight\n>p2 move substitute\n>p1 move psychicnoise\n>p2 move nastyplot\n>p1 move psychicnoise\n>p2 move shadowball\n>p1 switch 5\n>p2 move shadowball\n>p1 switch 4\n>p1 move psyshock\n>p2 move shadowball\n>p2 switch 5\n>p1 move psyshock\n>p2 move toxic\n>p1 move psyshock\n>p2 switch 3\n>p1 switch 2\n>p2 move calmmind\n>p1 move rockpolish\n>p2 move calmmind\n>p1 move stoneedge\n>p2 move calmmind\n>p1 move stoneedge\n>p2 move calmmind\n>p1 move stoneedge\n>p2 move psyshock\n>chat \u2606Vikkill|3 faiuls\n>chat \u2606Vikkill|at 80%\n>p1 move stoneedge\n>p2 move dracometeor\n>chat \u2606Vikkill|thats insane\n>p2 switch 2\n>p1 move heatcrash\n>p2 move leafblade\n>p2 switch 4\n>p1 move earthquake\n>p2 move voltswitch\n>p2 switch 3\n>p1 move stoneedge\n>p2 move earthquake\n>p1 switch 2\n>p1 move shadowball\n>p2 move protect\n>p1 move shadowball\n>p2 move protect\n>p2 switch 6\n>p1 move shadowball\n>p2 move zingzap\n>p1 switch 5\n>p1 move futuresight\n>p2 move zingzap\n>p1 move sludgebomb\n>p2 move zingzap\n>p1 switch 3\n>p1 move shadowclaw\n>p2 move recover\n>p1 move shadowclaw\n>p2 move recover\n>p1 move swordsdance\n>p2 move recover\n>p1 move swordsdance terastallize\n>p2 move curse\n>p1 move shadowclaw\n>p2 move curse\n>p1 move shadowclaw\n>p2 move recover\n>p1 move shadowclaw\n>p2 move recover\n>p1 move swordsdance\n>p2 move curse\n>p1 move shadowclaw\n>p2 move curse\n>p1 move shadowclaw\n>p2 move recover\n>chat \u2606Vikkill|0 crist is insane\n>p1 move shadowclaw\n>p2 move recover\n>p1 move shadowclaw\n>p2 move zingzap\n>p1 switch 6\n>p1 move moonblast\n>p2 move zingzap", "uploadtime": 1781404117, "views": 12, "formatid": "gen9randombattle", "rating": 1269, "private": 0, "password": null}