{"id": "gen9randombattle-2631591895", "format": "[Gen 9] Random Battle", "players": ["Arcangel666", "Budgers"], "log": "|j|\u2606Arcangel666\n|j|\u2606Budgers\n|t:|1781405721\n|gametype|singles\n|player|p1|Arcangel666|piers-masters|1992\n|player|p2|Budgers|169|1986\n|gen|9\n|tier|[Gen 9] Random Battle\n|rated|\n|rule|Species Clause: Limit one of each Pok\u00e9mon\n|rule|HP Percentage Mod: HP is shown in percentages\n|rule|Sleep Clause Mod: Limit one foe put to sleep\n|rule|Illusion Level Mod: Illusion disguises the Pok\u00e9mon's true level\n|\n|t:|1781405721\n|teamsize|p1|6\n|teamsize|p2|6\n|start\n|switch|p1a: Primarina|Primarina, L83, F|268/268\n|switch|p2a: Tatsugiri|Tatsugiri, L87, F|260/260\n|turn|1\n|\n|t:|1781405732\n|switch|p2a: Fezandipiti|Fezandipiti, L82, M|278/278\n|move|p1a: Primarina|Moonblast|p2a: Fezandipiti\n|-resisted|p2a: Fezandipiti\n|-damage|p2a: Fezandipiti|201/278\n|\n|-heal|p2a: Fezandipiti|218/278|[from] item: Leftovers\n|upkeep\n|turn|2\n|inactive|Battle timer is ON: inactive players will automatically lose when time's up. (requested by Budgers)\n|\n|t:|1781405737\n|switch|p1a: Okidogi|Okidogi, L77, M|262/262\n|move|p2a: Fezandipiti|Swords Dance|p2a: Fezandipiti\n|-boost|p2a: Fezandipiti|atk|2\n|\n|-heal|p2a: Fezandipiti|235/278|[from] item: Leftovers\n|upkeep\n|turn|3\n|\n|t:|1781405749\n|switch|p2a: Groudon|Groudon, L72|263/263\n|-weather|SunnyDay|[from] ability: Drought|[of] p2a: Groudon\n|move|p1a: Okidogi|Gunk Shot|p2a: Groudon\n|-resisted|p2a: Groudon\n|-damage|p2a: Groudon|211/263\n|-status|p2a: Groudon|psn\n|\n|-weather|SunnyDay|[upkeep]\n|-heal|p2a: Groudon|227/263 psn|[from] item: Leftovers\n|-damage|p2a: Groudon|195/263 psn|[from] psn\n|upkeep\n|turn|4\n|\n|t:|1781405759\n|switch|p1a: Porygon-Z|Porygon-Z, L83|277/277\n|move|p2a: Groudon|Thunder Wave|p1a: Porygon-Z\n|-status|p1a: Porygon-Z|par\n|\n|-weather|SunnyDay|[upkeep]\n|-heal|p2a: Groudon|211/263 psn|[from] item: Leftovers\n|-damage|p2a: Groudon|179/263 psn|[from] psn\n|upkeep\n|turn|5\n|\n|t:|1781405762\n|move|p2a: Groudon|Precipice Blades|p1a: Porygon-Z\n|-damage|p1a: Porygon-Z|127/277 par\n|cant|p1a: Porygon-Z|par\n|\n|-weather|SunnyDay|[upkeep]\n|-heal|p2a: Groudon|195/263 psn|[from] item: Leftovers\n|-damage|p2a: Groudon|163/263 psn|[from] psn\n|upkeep\n|turn|6\n|\n|t:|1781405766\n|move|p2a: Groudon|Precipice Blades|p1a: Porygon-Z\n|-damage|p1a: Porygon-Z|0 fnt\n|faint|p1a: Porygon-Z\n|\n|-weather|SunnyDay|[upkeep]\n|-heal|p2a: Groudon|179/263 psn|[from] item: Leftovers\n|-damage|p2a: Groudon|147/263 psn|[from] psn\n|upkeep\n|\n|t:|1781405770\n|switch|p1a: Barraskewda|Barraskewda, L81, F|231/231\n|turn|7\n|\n|t:|1781405773\n|move|p1a: Barraskewda|Waterfall|p2a: Groudon\n|-supereffective|p2a: Groudon\n|-damage|p2a: Groudon|31/263 psn\n|cant|p2a: Groudon|flinch\n|\n|-weather|none\n|-heal|p2a: Groudon|47/263 psn|[from] item: Leftovers\n|-damage|p2a: Groudon|15/263 psn|[from] psn\n|upkeep\n|turn|8\n|\n|t:|1781405777\n|move|p1a: Barraskewda|Waterfall|p2a: Groudon\n|-supereffective|p2a: Groudon\n|-damage|p2a: Groudon|0 fnt\n|faint|p2a: Groudon\n|\n|upkeep\n|\n|t:|1781405792\n|switch|p2a: Duraludon|Duraludon, L82, F|249/249\n|turn|9\n|\n|t:|1781405814\n|switch|p1a: Okidogi|Okidogi, L77, M|262/262\n|move|p2a: Duraludon|Flash Cannon|p1a: Okidogi\n|-damage|p1a: Okidogi|156/262\n|\n|-heal|p1a: Okidogi|172/262|[from] item: Leftovers\n|upkeep\n|turn|10\n|inactive|Budgers has 120 seconds left.\n|inactive|Budgers has 90 seconds left.\n|\n|t:|1781405870\n|switch|p2a: Delphox|Delphox, L84, F|263/263\n|move|p1a: Okidogi|Drain Punch|p2a: Delphox\n|-resisted|p2a: Delphox\n|-damage|p2a: Delphox|212/263\n|-heal|p1a: Okidogi|198/262|[from] drain|[of] p2a: Delphox\n|\n|-heal|p1a: Okidogi|214/262|[from] item: Leftovers\n|upkeep\n|turn|11\n|\n|t:|1781405881\n|switch|p1a: Barraskewda|Barraskewda, L81, F|231/231\n|move|p2a: Delphox|Psyshock|p1a: Barraskewda\n|-damage|p1a: Barraskewda|92/231\n|\n|upkeep\n|turn|12\n|\n|t:|1781405885\n|move|p2a: Delphox|Psyshock|p1a: Barraskewda\n|-damage|p1a: Barraskewda|0 fnt\n|faint|p1a: Barraskewda\n|\n|upkeep\n|\n|t:|1781405888\n|switch|p1a: Perrserker|Perrserker, L89, M|269/269\n|turn|13\n|\n|t:|1781405892\n|switch|p2a: Duraludon|Duraludon, L82, F|249/249\n|move|p1a: Perrserker|Stealth Rock|p2a: Duraludon\n|-sidestart|p2: Budgers|move: Stealth Rock\n|\n|upkeep\n|turn|14\n|\n|t:|1781405896\n|move|p2a: Duraludon|Flash Cannon|p1a: Perrserker\n|-resisted|p1a: Perrserker\n|-damage|p1a: Perrserker|210/269\n|move|p1a: Perrserker|Knock Off|p2a: Duraludon\n|-damage|p2a: Duraludon|171/249\n|-enditem|p2a: Duraludon|Eviolite|[from] move: Knock Off|[of] p1a: Perrserker\n|-damage|p1a: Perrserker|184/269|[from] item: Life Orb\n|\n|upkeep\n|turn|15\n|\n|t:|1781405899\n|move|p2a: Duraludon|Body Press|p1a: Perrserker\n|-supereffective|p1a: Perrserker\n|-damage|p1a: Perrserker|86/269\n|move|p1a: Perrserker|Close Combat|p2a: Duraludon\n|-supereffective|p2a: Duraludon\n|-damage|p2a: Duraludon|0 fnt\n|-unboost|p1a: Perrserker|def|1\n|-unboost|p1a: Perrserker|spd|1\n|faint|p2a: Duraludon\n|-damage|p1a: Perrserker|60/269|[from] item: Life Orb\n|\n|upkeep\n|\n|t:|1781405915\n|switch|p2a: Tatsugiri|Tatsugiri, L87, F|260/260\n|turn|16\n|\n|t:|1781405917\n|move|p2a: Tatsugiri|Rapid Spin|p1a: Perrserker\n|-resisted|p1a: Perrserker\n|-damage|p1a: Perrserker|46/269\n|-boost|p2a: Tatsugiri|spe|1\n|-sideend|p2: Budgers|Stealth Rock|[from] move: Rapid Spin|[of] p2a: Tatsugiri\n|move|p1a: Perrserker|Stealth Rock|p2a: Tatsugiri\n|-sidestart|p2: Budgers|move: Stealth Rock\n|\n|upkeep\n|turn|17\n|\n|t:|1781405921\n|move|p2a: Tatsugiri|Rapid Spin|p1a: Perrserker\n|-resisted|p1a: Perrserker\n|-damage|p1a: Perrserker|30/269\n|-boost|p2a: Tatsugiri|spe|1\n|-sideend|p2: Budgers|Stealth Rock|[from] move: Rapid Spin|[of] p2a: Tatsugiri\n|move|p1a: Perrserker|Stealth Rock|p2a: Tatsugiri\n|-sidestart|p2: Budgers|move: Stealth Rock\n|\n|upkeep\n|turn|18\n|\n|t:|1781405924\n|switch|p1a: Primarina|Primarina, L83, F|268/268\n|move|p2a: Tatsugiri|Rapid Spin|p1a: Primarina\n|-damage|p1a: Primarina|243/268\n|-boost|p2a: Tatsugiri|spe|1\n|-sideend|p2: Budgers|Stealth Rock|[from] move: Rapid Spin|[of] p2a: Tatsugiri\n|\n|upkeep\n|turn|19\n|\n|t:|1781405927\n|switch|p2a: Fezandipiti|Fezandipiti, L82, M|235/278\n|move|p1a: Primarina|Flip Turn|p2a: Fezandipiti\n|-damage|p2a: Fezandipiti|175/278\n|\n|t:|1781405930\n|switch|p1a: Banette|Banette, L93, F|270/270|[from] Flip Turn\n|\n|-heal|p2a: Fezandipiti|192/278|[from] item: Leftovers\n|upkeep\n|turn|20\n|\n|t:|1781405935\n|move|p2a: Fezandipiti|Play Rough|p1a: Banette\n|-damage|p1a: Banette|173/270\n|-start|p2a: Fezandipiti|Disable|Play Rough|[from] ability: Cursed Body|[of] p1a: Banette\n|move|p1a: Banette|Poltergeist|p2a: Fezandipiti\n|-activate|p2a: Fezandipiti|move: Poltergeist|Leftovers\n|-damage|p2a: Fezandipiti|0 fnt\n|faint|p2a: Fezandipiti\n|-damage|p1a: Banette|146/270|[from] item: Life Orb\n|\n|upkeep\n|\n|t:|1781405938\n|switch|p2a: Tatsugiri|Tatsugiri, L87, F|260/260\n|turn|21\n|\n|t:|1781405941\n|switch|p1a: Primarina|Primarina, L83, F|243/268\n|move|p2a: Tatsugiri|Hydro Pump|p1a: Primarina\n|-resisted|p1a: Primarina\n|-damage|p1a: Primarina|189/268\n|\n|upkeep\n|turn|22\n|\n|t:|1781405948\n|move|p2a: Tatsugiri|Nasty Plot|p2a: Tatsugiri\n|-boost|p2a: Tatsugiri|spa|2\n|move|p1a: Primarina|Moonblast|p2a: Tatsugiri\n|-supereffective|p2a: Tatsugiri\n|-damage|p2a: Tatsugiri|0 fnt\n|faint|p2a: Tatsugiri\n|\n|upkeep\n|\n|t:|1781405950\n|switch|p2a: Spectrier|Spectrier, L75|274/274\n|turn|23\n|\n|t:|1781405957\n|switch|p1a: Perrserker|Perrserker, L89, M|30/269\n|move|p2a: Spectrier|Shadow Ball|p1a: Perrserker\n|-damage|p1a: Perrserker|0 fnt\n|faint|p1a: Perrserker\n|-ability|p2a: Spectrier|Grim Neigh|boost\n|-boost|p2a: Spectrier|spa|1\n|-damage|p2a: Spectrier|247/274|[from] item: Life Orb\n|\n|upkeep\n|\n|t:|1781405959\n|switch|p1a: Banette|Banette, L93, F|146/270\n|turn|24\n|\n|t:|1781405962\n|-terastallize|p2a: Spectrier|Dark\n|move|p1a: Banette|Shadow Sneak|p2a: Spectrier\n|-resisted|p2a: Spectrier\n|-damage|p2a: Spectrier|186/274\n|-damage|p1a: Banette|119/270|[from] item: Life Orb\n|move|p2a: Spectrier|Dark Pulse|p1a: Banette\n|-supereffective|p1a: Banette\n|-damage|p1a: Banette|0 fnt\n|faint|p1a: Banette\n|-ability|p2a: Spectrier|Grim Neigh|boost\n|-boost|p2a: Spectrier|spa|1\n|-damage|p2a: Spectrier|159/274|[from] item: Life Orb\n|\n|upkeep\n|\n|t:|1781405964\n|switch|p1a: Okidogi|Okidogi, L77, M|214/262\n|turn|25\n|\n|t:|1781405968\n|-terastallize|p1a: Okidogi|Dark\n|move|p2a: Spectrier|Will-O-Wisp|p1a: Okidogi\n|-status|p1a: Okidogi|brn\n|move|p1a: Okidogi|Drain Punch|p2a: Spectrier\n|-supereffective|p2a: Spectrier\n|-damage|p2a: Spectrier|48/274\n|-heal|p1a: Okidogi|262/262 brn|[from] drain|[of] p2a: Spectrier\n|-status|p2a: Spectrier|tox|[from] ability: Toxic Chain|[of] p1a: Okidogi\n|\n|-damage|p2a: Spectrier|31/274 tox|[from] psn\n|-damage|p1a: Okidogi|246/262 brn|[from] brn\n|upkeep\n|turn|26\n|\n|t:|1781405973\n|move|p2a: Spectrier|Shadow Ball|p1a: Okidogi\n|-resisted|p1a: Okidogi\n|-damage|p1a: Okidogi|110/262 brn\n|-damage|p2a: Spectrier|4/274 tox|[from] item: Life Orb\n|move|p1a: Okidogi|Bulk Up|p1a: Okidogi\n|-boost|p1a: Okidogi|atk|1\n|-boost|p1a: Okidogi|def|1\n|\n|-heal|p1a: Okidogi|126/262 brn|[from] item: Leftovers\n|-damage|p2a: Spectrier|0 fnt|[from] psn\n|faint|p2a: Spectrier\n|-damage|p1a: Okidogi|110/262 brn|[from] brn\n|upkeep\n|\n|t:|1781405976\n|switch|p2a: Delphox|Delphox, L84, F|212/263\n|turn|27\n|\n|t:|1781405982\n|move|p2a: Delphox|Grass Knot|p1a: Okidogi\n|-damage|p1a: Okidogi|43/262 brn\n|move|p1a: Okidogi|Knock Off|p2a: Delphox\n|-supereffective|p2a: Delphox\n|-damage|p2a: Delphox|14/263\n|-enditem|p2a: Delphox|Choice Scarf|[from] move: Knock Off|[of] p1a: Okidogi\n|\n|-heal|p1a: Okidogi|59/262 brn|[from] item: Leftovers\n|-damage|p1a: Okidogi|43/262 brn|[from] brn\n|upkeep\n|turn|28\n|\n|t:|1781405985\n|move|p2a: Delphox|Grass Knot|p1a: Okidogi\n|-damage|p1a: Okidogi|0 fnt\n|faint|p1a: Okidogi\n|\n|upkeep\n|\n|t:|1781405987\n|switch|p1a: Primarina|Primarina, L83, F|189/268\n|turn|29\n|\n|t:|1781405989\n|move|p2a: Delphox|Psyshock|p1a: Primarina\n|-damage|p1a: Primarina|87/268\n|move|p1a: Primarina|Moonblast|p2a: Delphox\n|-resisted|p2a: Delphox\n|-damage|p2a: Delphox|0 fnt\n|faint|p2a: Delphox\n|\n|win|Arcangel666\n", "inputlog": ">version a8376a258c1d4662feba110a92103f3664a72141\n>start {\"formatid\":\"gen9randombattle\",\"seed\":\"sodium,e39a5092604e2fc0456fdc5c700626d0\",\"rated\":\"Rated battle\"}\n>player p1 {\"name\":\"Arcangel666\",\"avatar\":\"piers-masters\",\"rating\":1992,\"seed\":\"sodium,59215c6b4a1d20c0677e203bc97d7c54\"}\n>player p2 {\"name\":\"Budgers\",\"avatar\":\"169\",\"rating\":1986,\"seed\":\"sodium,1645374510262756ed57189eff94356c\"}\n>p1 move moonblast\n>p2 switch 2\n>p1 switch 6\n>p2 move swordsdance\n>p1 move gunkshot\n>p2 switch 3\n>p1 switch 2\n>p2 move thunderwave\n>p1 move terablast\n>p2 move precipiceblades\n>p1 move terablast\n>p2 move precipiceblades\n>p1 switch 3\n>p1 move waterfall\n>p2 move thunderwave\n>p1 move waterfall\n>p2 move thunderwave\n>p2 switch 4\n>p1 switch 2\n>p2 move flashcannon\n>p1 move drainpunch\n>p2 switch 5\n>p1 switch 2\n>p2 move psyshock\n>p1 move throatchop\n>p2 move psyshock\n>p1 switch 4\n>p1 move stealthrock\n>p2 switch 5\n>p1 move knockoff\n>p2 move flashcannon\n>p1 move closecombat\n>p2 move bodypress\n>p2 switch 2\n>p1 move stealthrock\n>p2 move rapidspin\n>p1 move stealthrock\n>p2 move rapidspin\n>p1 switch 6\n>p2 move rapidspin\n>p1 move flipturn\n>p2 switch 3\n>p1 switch 5\n>p1 move poltergeist\n>p2 move playrough\n>p2 switch 3\n>p1 switch 5\n>p2 move hydropump\n>p1 move moonblast\n>p2 move nastyplot\n>p2 switch 6\n>p1 switch 6\n>p2 move shadowball\n>p1 switch 5\n>p1 move shadowsneak\n>p2 move darkpulse terastallize\n>p1 switch 2\n>p1 move drainpunch terastallize\n>p2 move willowisp\n>p1 move bulkup\n>p2 move shadowball\n>p2 switch 5\n>p1 move knockoff\n>p2 move grassknot\n>p1 move knockoff\n>p2 move grassknot\n>p1 switch 6\n>p1 move moonblast\n>p2 move psyshock", "uploadtime": 1781405723, "views": 9, "formatid": "gen9randombattle", "rating": null, "private": 0, "password": null}