{"id": "gen9randombattle-2631388327", "format": "[Gen 9] Random Battle", "players": ["JayCroc", "dggg"], "log": "|j|\u2606JayCroc\n|j|\u2606dggg\n|t:|1781378754\n|gametype|singles\n|player|p1|JayCroc|ivor|2127\n|player|p2|dggg|102|2088\n|gen|9\n|tier|[Gen 9] Random Battle\n|rated|\n|rule|Species Clause: Limit one of each Pok\u00e9mon\n|rule|HP Percentage Mod: HP is shown in percentages\n|rule|Sleep Clause Mod: Limit one foe put to sleep\n|rule|Illusion Level Mod: Illusion disguises the Pok\u00e9mon's true level\n|\n|t:|1781378754\n|teamsize|p1|6\n|teamsize|p2|6\n|start\n|switch|p1a: Krookodile|Krookodile, L79, M|280/280\n|switch|p2a: Braviary|Braviary, L85, M|309/309\n|-ability|p1a: Krookodile|Intimidate|boost\n|-unboost|p2a: Braviary|atk|1\n|-ability|p2a: Braviary|Defiant|boost\n|-boost|p2a: Braviary|atk|2\n|turn|1\n|inactive|Battle timer is ON: inactive players will automatically lose when time's up. (requested by JayCroc)\n|\n|t:|1781378769\n|move|p1a: Krookodile|Stone Edge|p2a: Braviary\n|-supereffective|p2a: Braviary\n|-crit|p2a: Braviary\n|-damage|p2a: Braviary|0 fnt\n|faint|p2a: Braviary\n|\n|upkeep\n|\n|t:|1781378778\n|switch|p2a: Primarina|Primarina, L83, M|268/268\n|turn|2\n|\n|t:|1781378790\n|switch|p1a: Clawitzer|Clawitzer, L87, M|265/265\n|move|p2a: Primarina|Moonblast|p1a: Clawitzer\n|-damage|p1a: Clawitzer|153/265\n|\n|upkeep\n|turn|3\n|\n|t:|1781378798\n|move|p1a: Clawitzer|U-turn|p2a: Primarina\n|-resisted|p2a: Primarina\n|-damage|p2a: Primarina|245/268\n|\n|t:|1781378801\n|switch|p1a: Granbull|Granbull, L88, F|302/302|[from] U-turn\n|-ability|p1a: Granbull|Intimidate|boost\n|-unboost|p2a: Primarina|atk|1\n|move|p2a: Primarina|Calm Mind|p2a: Primarina\n|-boost|p2a: Primarina|spa|1\n|-boost|p2a: Primarina|spd|1\n|\n|-heal|p2a: Primarina|261/268|[from] item: Leftovers\n|upkeep\n|turn|4\n|\n|t:|1781378812\n|move|p2a: Primarina|Moonblast|p1a: Granbull\n|-damage|p1a: Granbull|68/302\n|-unboost|p1a: Granbull|spa|1\n|move|p1a: Granbull|Thunder Wave|p2a: Primarina\n|-status|p2a: Primarina|par\n|\n|-heal|p1a: Granbull|86/302|[from] item: Leftovers\n|-heal|p2a: Primarina|268/268 par|[from] item: Leftovers\n|upkeep\n|turn|5\n|\n|t:|1781378822\n|move|p1a: Granbull|Play Rough|p2a: Primarina\n|-damage|p2a: Primarina|130/268 par\n|move|p2a: Primarina|Draining Kiss|p1a: Granbull\n|-damage|p1a: Granbull|0 fnt\n|-heal|p2a: Primarina|195/268 par|[from] drain|[of] p1a: Granbull\n|faint|p1a: Granbull\n|\n|-heal|p2a: Primarina|211/268 par|[from] item: Leftovers\n|upkeep\n|\n|t:|1781378842\n|switch|p1a: Delibird|Delibird, F|252/252\n|turn|6\n|\n|t:|1781378850\n|move|p1a: Delibird|Brave Bird|p2a: Primarina\n|-damage|p2a: Primarina|79/268 par\n|-damage|p1a: Delibird|208/252|[from] Recoil\n|cant|p2a: Primarina|par\n|\n|-heal|p2a: Primarina|95/268 par|[from] item: Leftovers\n|upkeep\n|turn|7\n|\n|t:|1781378865\n|move|p1a: Delibird|Brave Bird|p2a: Primarina\n|-damage|p2a: Primarina|0 fnt\n|faint|p2a: Primarina\n|-damage|p1a: Delibird|177/252|[from] Recoil\n|\n|upkeep\n|\n|t:|1781378868\n|switch|p2a: Iron Moth|Iron Moth, L78|253/253\n|turn|8\n|\n|t:|1781378875\n|switch|p1a: Camerupt|Camerupt, L91, M|275/275\n|move|p2a: Iron Moth|Energy Ball|p1a: Camerupt\n|-damage|p1a: Camerupt|153/275\n|\n|-heal|p1a: Camerupt|170/275|[from] item: Leftovers\n|upkeep\n|turn|9\n|\n|t:|1781378884\n|-end|p2a: Iron Moth|Quark Drive|[silent]\n|switch|p2a: Grumpig|Grumpig, L92, M|297/297\n|move|p1a: Camerupt|Roar|p2a: Grumpig\n|drag|p2a: Iron Boulder|Iron Boulder, L77|265/265\n|\n|-heal|p1a: Camerupt|187/275|[from] item: Leftovers\n|upkeep\n|turn|10\n|\n|t:|1781378893\n|-end|p2a: Iron Boulder|Quark Drive|[silent]\n|switch|p2a: Grumpig|Grumpig, L92, M|297/297\n|move|p1a: Camerupt|Roar|p2a: Grumpig\n|drag|p2a: Klawf|Klawf, L90, M|272/272\n|\n|-heal|p1a: Camerupt|204/275|[from] item: Leftovers\n|upkeep\n|turn|11\n|\n|t:|1781378900\n|move|p2a: Klawf|Crabhammer|p1a: Camerupt\n|-supereffective|p1a: Camerupt\n|-crit|p1a: Camerupt\n|-damage|p1a: Camerupt|0 fnt\n|faint|p1a: Camerupt\n|\n|upkeep\n|\n|t:|1781378905\n|switch|p1a: Clawitzer|Clawitzer, L87, M|153/265\n|turn|12\n|\n|t:|1781378909\n|switch|p2a: Grumpig|Grumpig, L92, M|297/297\n|move|p1a: Clawitzer|Water Pulse|p2a: Grumpig\n|-damage|p2a: Grumpig|164/297\n|\n|-heal|p2a: Grumpig|182/297|[from] item: Leftovers\n|upkeep\n|turn|13\n|\n|t:|1781378917\n|move|p2a: Grumpig|Dazzling Gleam|p1a: Clawitzer\n|-damage|p1a: Clawitzer|91/265\n|move|p1a: Clawitzer|Water Pulse|p2a: Grumpig\n|-damage|p2a: Grumpig|44/297\n|-start|p2a: Grumpig|confusion\n|\n|-heal|p2a: Grumpig|62/297|[from] item: Leftovers\n|upkeep\n|turn|14\n|\n|t:|1781378924\n|-activate|p2a: Grumpig|confusion\n|-damage|p2a: Grumpig|47/297|[from] confusion\n|move|p1a: Clawitzer|Water Pulse|p2a: Grumpig\n|-damage|p2a: Grumpig|0 fnt\n|faint|p2a: Grumpig\n|\n|upkeep\n|\n|t:|1781378942\n|switch|p2a: Iron Boulder|Iron Boulder, L77|265/265\n|turn|15\n|\n|t:|1781378950\n|move|p2a: Iron Boulder|Close Combat|p1a: Clawitzer\n|-damage|p1a: Clawitzer|0 fnt\n|-unboost|p2a: Iron Boulder|def|1\n|-unboost|p2a: Iron Boulder|spd|1\n|faint|p1a: Clawitzer\n|-damage|p2a: Iron Boulder|239/265|[from] item: Life Orb\n|\n|upkeep\n|\n|t:|1781378958\n|switch|p1a: Forretress|Forretress, L84, M|263/263\n|turn|16\n|\n|t:|1781378968\n|-end|p2a: Iron Boulder|Quark Drive|[silent]\n|switch|p2a: Klawf|Klawf, L90, M|272/272\n|move|p1a: Forretress|Rapid Spin|p2a: Klawf\n|-resisted|p2a: Klawf\n|-damage|p2a: Klawf|259/272\n|-boost|p1a: Forretress|spe|1\n|\n|upkeep\n|turn|17\n|\n|t:|1781378974\n|move|p2a: Klawf|Swords Dance|p2a: Klawf\n|-boost|p2a: Klawf|atk|2\n|move|p1a: Forretress|Stealth Rock|p2a: Klawf\n|-sidestart|p2: dggg|move: Stealth Rock\n|\n|upkeep\n|turn|18\n|\n|t:|1781378980\n|move|p2a: Klawf|Crabhammer|p1a: Forretress\n|-damage|p1a: Forretress|156/263\n|move|p1a: Forretress|Iron Head|p2a: Klawf\n|-supereffective|p2a: Klawf\n|-crit|p2a: Klawf\n|-damage|p2a: Klawf|67/272\n|-ability|p2a: Klawf|Anger Shell|boost\n|-boost|p2a: Klawf|atk|1\n|-boost|p2a: Klawf|spa|1\n|-boost|p2a: Klawf|spe|1\n|-unboost|p2a: Klawf|def|1\n|-unboost|p2a: Klawf|spd|1\n|\n|-heal|p1a: Forretress|172/263|[from] item: Leftovers\n|upkeep\n|turn|19\n|\n|t:|1781378992\n|move|p2a: Klawf|Stone Edge|p1a: Forretress\n|-damage|p1a: Forretress|0 fnt\n|faint|p1a: Forretress\n|\n|upkeep\n|\n|t:|1781378996\n|switch|p1a: Krookodile|Krookodile, L79, M|280/280\n|-ability|p1a: Krookodile|Intimidate|boost\n|-unboost|p2a: Klawf|atk|1\n|turn|20\n|\n|t:|1781379008\n|-terastallize|p1a: Krookodile|Ground\n|move|p2a: Klawf|Crabhammer|p1a: Krookodile\n|-supereffective|p1a: Krookodile\n|-damage|p1a: Krookodile|0 fnt\n|faint|p1a: Krookodile\n|\n|upkeep\n|-message|JayCroc forfeited.\n|\n|win|dggg\n", "inputlog": ">version a8376a258c1d4662feba110a92103f3664a72141\n>start {\"formatid\":\"gen9randombattle\",\"seed\":\"sodium,1dc1c4315a350d5fc24debeacbe31965\",\"rated\":\"Rated battle\"}\n>player p1 {\"name\":\"JayCroc\",\"avatar\":\"ivor\",\"rating\":2127,\"seed\":\"sodium,d869c7b5c625cb73293059cd714b1d3f\"}\n>player p2 {\"name\":\"dggg\",\"avatar\":\"102\",\"rating\":2088,\"seed\":\"sodium,c2cbd0ee878bee436d1981584719858e\"}\n>p1 move stoneedge\n>p2 move bulkup\n>p2 switch 5\n>p1 switch 2\n>p2 move moonblast\n>p1 move uturn\n>p2 move calmmind\n>p1 switch 6\n>p1 move thunderwave\n>p2 move moonblast\n>p1 move playrough\n>p2 move drainingkiss\n>p1 switch 4\n>p1 move bravebird\n>p2 move drainingkiss\n>p1 move bravebird\n>p2 move moonblast\n>p2 switch 4\n>p1 switch 5\n>p2 move energyball\n>p1 move roar\n>p2 switch 6\n>p1 move roar\n>p2 switch 3\n>p1 move willowisp\n>p2 move crabhammer\n>p1 switch 6\n>p1 move waterpulse\n>p2 switch 2\n>p1 move waterpulse\n>p2 move dazzlinggleam\n>p1 move waterpulse\n>p2 move dazzlinggleam\n>p2 switch 3\n>p1 move waterpulse\n>p2 move closecombat\n>p1 switch 3\n>p1 move rapidspin\n>p2 switch 2\n>p1 move stealthrock\n>p2 move swordsdance\n>p1 move ironhead\n>p2 move crabhammer\n>p1 move ironhead\n>p2 move stoneedge\n>p1 switch 2\n>p1 move earthquake terastallize\n>p2 move crabhammer\n>forcelose p1", "uploadtime": 1781378755, "views": 7, "formatid": "gen9randombattle", "rating": null, "private": 0, "password": null}