{"id": "gen9randombattle-2631439912", "format": "[Gen 9] Random Battle", "players": ["Gaaraks", "Petilil37"], "log": "|j|\u2606Gaaraks\n|j|\u203dPetilil37\n|t:|1781384881\n|gametype|singles\n|player|p1|Gaaraks|102|2087\n|player|p2|Petilil37|2|2065\n|gen|9\n|tier|[Gen 9] Random Battle\n|rated|\n|rule|Species Clause: Limit one of each Pok\u00e9mon\n|rule|HP Percentage Mod: HP is shown in percentages\n|rule|Sleep Clause Mod: Limit one foe put to sleep\n|rule|Illusion Level Mod: Illusion disguises the Pok\u00e9mon's true level\n|\n|t:|1781384881\n|teamsize|p1|6\n|teamsize|p2|6\n|start\n|switch|p1a: Raikou|Raikou, L81|278/278\n|switch|p2a: Gholdengo|Gholdengo, L77|261/261\n|-ability|p1a: Raikou|Pressure\n|turn|1\n|\n|t:|1781384901\n|move|p2a: Gholdengo|Trick|p1a: Raikou\n|-activate|p2a: Gholdengo|move: Trick|[of] p1a: Raikou\n|-item|p1a: Raikou|Choice Scarf|[from] move: Trick\n|-item|p2a: Gholdengo|Leftovers|[from] move: Trick\n|move|p1a: Raikou|Scald|p2a: Gholdengo\n|-damage|p2a: Gholdengo|201/261\n|\n|-heal|p2a: Gholdengo|217/261|[from] item: Leftovers\n|upkeep\n|turn|2\n|\n|t:|1781384911\n|switch|p2a: Araquanid|Araquanid, L82, F|246/246\n|move|p1a: Raikou|Scald|p2a: Araquanid\n|-resisted|p2a: Araquanid\n|-damage|p2a: Araquanid|222/246\n|\n|upkeep\n|turn|3\n|inactive|Battle timer is ON: inactive players will automatically lose when time's up. (requested by Gaaraks)\n|\n|t:|1781384914\n|switch|p1a: Pelipper|Pelipper, L86, F|243/243\n|-weather|RainDance|[from] ability: Drizzle|[of] p1a: Pelipper\n|move|p2a: Araquanid|Sticky Web|p1a: Pelipper\n|-sidestart|p1: Gaaraks|move: Sticky Web\n|\n|-weather|RainDance|[upkeep]\n|upkeep\n|turn|4\n|\n|t:|1781384927\n|move|p1a: Pelipper|Hurricane|p2a: Araquanid\n|-supereffective|p2a: Araquanid\n|-damage|p2a: Araquanid|0 fnt\n|faint|p2a: Araquanid\n|\n|-weather|RainDance|[upkeep]\n|upkeep\n|\n|t:|1781384934\n|switch|p2a: Gholdengo|Gholdengo, L77|217/261\n|turn|5\n|\n|t:|1781384950\n|switch|p1a: Lanturn|Lanturn, L89, M|367/367\n|move|p2a: Gholdengo|Shadow Ball|p1a: Lanturn\n|-damage|p1a: Lanturn|270/367\n|-unboost|p1a: Lanturn|spd|1\n|\n|-weather|RainDance|[upkeep]\n|-heal|p2a: Gholdengo|233/261|[from] item: Leftovers\n|upkeep\n|turn|6\n|\n|t:|1781384954\n|move|p2a: Gholdengo|Shadow Ball|p1a: Lanturn\n|-damage|p1a: Lanturn|120/367\n|move|p1a: Lanturn|Scald|p2a: Gholdengo\n|-damage|p2a: Gholdengo|113/261\n|-status|p2a: Gholdengo|brn\n|\n|-weather|RainDance|[upkeep]\n|-heal|p2a: Gholdengo|129/261 brn|[from] item: Leftovers\n|-damage|p2a: Gholdengo|113/261 brn|[from] brn\n|upkeep\n|turn|7\n|\n|t:|1781384967\n|move|p2a: Gholdengo|Shadow Ball|p1a: Lanturn\n|-damage|p1a: Lanturn|0 fnt\n|faint|p1a: Lanturn\n|\n|-weather|none\n|-heal|p2a: Gholdengo|129/261 brn|[from] item: Leftovers\n|-damage|p2a: Gholdengo|113/261 brn|[from] brn\n|upkeep\n|\n|t:|1781384972\n|switch|p1a: Pelipper|Pelipper, L86, F|243/243\n|-weather|RainDance|[from] ability: Drizzle|[of] p1a: Pelipper\n|turn|8\n|\n|t:|1781384974\n|move|p2a: Gholdengo|Shadow Ball|p1a: Pelipper\n|-damage|p1a: Pelipper|147/243\n|move|p1a: Pelipper|Weather Ball|p2a: Gholdengo\n|-damage|p2a: Gholdengo|0 fnt\n|faint|p2a: Gholdengo\n|\n|-weather|RainDance|[upkeep]\n|upkeep\n|\n|t:|1781384980\n|switch|p2a: Gothitelle|Gothitelle, L90, F|272/272\n|turn|9\n|\n|t:|1781384989\n|move|p2a: Gothitelle|Psychic|p1a: Pelipper\n|-damage|p1a: Pelipper|11/243\n|move|p1a: Pelipper|Weather Ball|p2a: Gothitelle\n|-damage|p2a: Gothitelle|94/272\n|\n|-weather|RainDance|[upkeep]\n|upkeep\n|turn|10\n|\n|t:|1781384994\n|move|p2a: Gothitelle|Psychic|p1a: Pelipper\n|-crit|p1a: Pelipper\n|-damage|p1a: Pelipper|0 fnt\n|faint|p1a: Pelipper\n|\n|-weather|RainDance|[upkeep]\n|upkeep\n|\n|t:|1781385007\n|switch|p1a: Raikou|Raikou, L81|278/278\n|-activate|p1a: Raikou|move: Sticky Web\n|-unboost|p1a: Raikou|spe|1\n|-ability|p1a: Raikou|Pressure\n|turn|11\n|\n|t:|1781385020\n|move|p2a: Gothitelle|Psychic|p1a: Raikou\n|-damage|p1a: Raikou|182/278\n|move|p1a: Raikou|Thunderbolt|p2a: Gothitelle\n|-damage|p2a: Gothitelle|7/272\n|\n|-weather|RainDance|[upkeep]\n|upkeep\n|turn|12\n|\n|t:|1781385026\n|switch|p2a: Umbreon|Umbreon, L84, M|297/297\n|move|p1a: Raikou|Thunderbolt|p2a: Umbreon\n|-damage|p2a: Umbreon|222/297\n|\n|-weather|none\n|-heal|p2a: Umbreon|240/297|[from] item: Leftovers\n|upkeep\n|turn|13\n|\n|t:|1781385030\n|switch|p1a: Camerupt|Camerupt, L91, F|275/275\n|-activate|p1a: Camerupt|move: Sticky Web\n|-unboost|p1a: Camerupt|spe|1\n|move|p2a: Umbreon|Toxic|p1a: Camerupt\n|-status|p1a: Camerupt|tox\n|\n|-heal|p2a: Umbreon|258/297|[from] item: Leftovers\n|-damage|p1a: Camerupt|258/275 tox|[from] psn\n|upkeep\n|turn|14\n|\n|t:|1781385033\n|move|p2a: Umbreon|Foul Play|p1a: Camerupt\n|-damage|p1a: Camerupt|138/275 tox\n|move|p1a: Camerupt|Will-O-Wisp||[still]\n|-status|p2a: Umbreon|brn\n|-activate|p2a: Umbreon|ability: Synchronize\n|-fail|p2a: Umbreon\n|\n|-heal|p2a: Umbreon|276/297 brn|[from] item: Leftovers\n|-heal|p1a: Camerupt|155/275 tox|[from] item: Leftovers\n|-damage|p1a: Camerupt|121/275 tox|[from] psn\n|-damage|p2a: Umbreon|258/297 brn|[from] brn\n|upkeep\n|turn|15\n|\n|t:|1781385042\n|switch|p2a: Gothitelle|Gothitelle, L90, F|7/272\n|move|p1a: Camerupt|Overheat|p2a: Gothitelle|[miss]\n|-miss|p1a: Camerupt|p2a: Gothitelle\n|\n|-heal|p1a: Camerupt|138/275 tox|[from] item: Leftovers\n|-damage|p1a: Camerupt|87/275 tox|[from] psn\n|upkeep\n|turn|16\n|\n|t:|1781385045\n|move|p2a: Gothitelle|Psychic|p1a: Camerupt\n|-damage|p1a: Camerupt|0 fnt\n|faint|p1a: Camerupt\n|\n|upkeep\n|\n|t:|1781385046\n|switch|p1a: Raikou|Raikou, L81|182/278\n|-activate|p1a: Raikou|move: Sticky Web\n|-unboost|p1a: Raikou|spe|1\n|-ability|p1a: Raikou|Pressure\n|turn|17\n|\n|t:|1781385049\n|move|p2a: Gothitelle|Psychic|p1a: Raikou\n|-damage|p1a: Raikou|73/278\n|move|p1a: Raikou|Thunderbolt|p2a: Gothitelle\n|-damage|p2a: Gothitelle|0 fnt\n|faint|p2a: Gothitelle\n|\n|upkeep\n|\n|t:|1781385050\n|switch|p2a: Umbreon|Umbreon, L84, M|258/297 brn\n|turn|18\n|\n|t:|1781385053\n|move|p1a: Raikou|Thunderbolt|p2a: Umbreon\n|-damage|p2a: Umbreon|183/297 brn\n|move|p2a: Umbreon|Toxic|p1a: Raikou\n|-status|p1a: Raikou|tox\n|\n|-heal|p2a: Umbreon|201/297 brn|[from] item: Leftovers\n|-damage|p1a: Raikou|56/278 tox|[from] psn\n|-damage|p2a: Umbreon|183/297 brn|[from] brn\n|upkeep\n|turn|19\n|\n|t:|1781385057\n|switch|p1a: Golurk|Golurk, L87|297/297\n|-activate|p1a: Golurk|move: Sticky Web\n|-unboost|p1a: Golurk|spe|1\n|move|p2a: Umbreon|Wish|p2a: Umbreon\n|\n|-heal|p2a: Umbreon|201/297 brn|[from] item: Leftovers\n|-damage|p2a: Umbreon|183/297 brn|[from] brn\n|upkeep\n|turn|20\n|\n|t:|1781385064\n|move|p2a: Umbreon|Protect|p2a: Umbreon\n|-singleturn|p2a: Umbreon|Protect\n|move|p1a: Golurk|Stealth Rock|p2a: Umbreon\n|-sidestart|p2: Petilil37|move: Stealth Rock\n|\n|-heal|p2a: Umbreon|297/297 brn|[from] move: Wish|[wisher] Umbreon\n|-damage|p2a: Umbreon|279/297 brn|[from] brn\n|upkeep\n|turn|21\n|\n|t:|1781385066\n|move|p2a: Umbreon|Toxic|p1a: Golurk\n|-status|p1a: Golurk|tox\n|move|p1a: Golurk|Earthquake|p2a: Umbreon\n|-damage|p2a: Umbreon|127/297 brn\n|-damage|p1a: Golurk|268/297 tox|[from] item: Life Orb\n|\n|-heal|p2a: Umbreon|145/297 brn|[from] item: Leftovers\n|-damage|p1a: Golurk|250/297 tox|[from] psn\n|-damage|p2a: Umbreon|127/297 brn|[from] brn\n|upkeep\n|turn|22\n|\n|t:|1781385069\n|move|p2a: Umbreon|Protect|p2a: Umbreon\n|-singleturn|p2a: Umbreon|Protect\n|move|p1a: Golurk|Earthquake|p2a: Umbreon\n|-activate|p2a: Umbreon|move: Protect\n|\n|-heal|p2a: Umbreon|145/297 brn|[from] item: Leftovers\n|-damage|p1a: Golurk|214/297 tox|[from] psn\n|-damage|p2a: Umbreon|127/297 brn|[from] brn\n|upkeep\n|turn|23\n|\n|t:|1781385073\n|move|p2a: Umbreon|Foul Play|p1a: Golurk\n|-supereffective|p1a: Golurk\n|-damage|p1a: Golurk|76/297 tox\n|move|p1a: Golurk|Earthquake|p2a: Umbreon\n|-damage|p2a: Umbreon|0 fnt\n|faint|p2a: Umbreon\n|-damage|p1a: Golurk|47/297 tox|[from] item: Life Orb\n|\n|-damage|p1a: Golurk|0 fnt|[from] psn\n|faint|p1a: Golurk\n|upkeep\n|\n|t:|1781385077\n|switch|p2a: Conkeldurr|Conkeldurr, L80, F|299/299\n|switch|p1a: Raikou|Raikou, L81|56/278 tox\n|-activate|p1a: Raikou|move: Sticky Web\n|-unboost|p1a: Raikou|spe|1\n|-ability|p1a: Raikou|Pressure\n|-damage|p2a: Conkeldurr|281/299|[from] Stealth Rock\n|turn|24\n|\n|t:|1781385079\n|move|p2a: Conkeldurr|Mach Punch|p1a: Raikou\n|-damage|p1a: Raikou|0 fnt\n|faint|p1a: Raikou\n|\n|-status|p2a: Conkeldurr|brn|[from] item: Flame Orb\n|upkeep\n|\n|t:|1781385082\n|switch|p1a: Altaria|Altaria, L89, M|278/278\n|turn|25\n|\n|t:|1781385085\n|-terastallize|p2a: Conkeldurr|Normal\n|move|p1a: Altaria|Dragon Dance|p1a: Altaria\n|-boost|p1a: Altaria|atk|1\n|-boost|p1a: Altaria|spe|1\n|move|p2a: Conkeldurr|Facade|p1a: Altaria\n|-damage|p1a: Altaria|14/278\n|\n|-damage|p2a: Conkeldurr|263/299 brn|[from] brn\n|upkeep\n|turn|26\n|\n|t:|1781385090\n|move|p2a: Conkeldurr|Mach Punch|p1a: Altaria\n|-resisted|p1a: Altaria\n|-crit|p1a: Altaria\n|-damage|p1a: Altaria|0 fnt\n|faint|p1a: Altaria\n|\n|win|Petilil37\n", "inputlog": ">version a8376a258c1d4662feba110a92103f3664a72141\n>start {\"formatid\":\"gen9randombattle\",\"seed\":\"sodium,e25933a033bcac277a1d3509775c90bc\",\"rated\":\"Rated battle\"}\n>player p1 {\"name\":\"Gaaraks\",\"avatar\":\"102\",\"rating\":2087,\"seed\":\"sodium,0d53ecb72c207b5ea9d493ab894b9942\"}\n>player p2 {\"name\":\"Petilil37\",\"avatar\":\"2\",\"rating\":2065,\"seed\":\"sodium,21877480cad10b8e0692ba603c230da2\"}\n>p1 move scald\n>p2 move trick\n>p1 move scald\n>p2 switch 5\n>p1 switch 6\n>p2 move stickyweb\n>p1 move hurricane\n>p2 move liquidation\n>p2 switch 5\n>p1 switch 5\n>p2 move shadowball\n>p1 move scald\n>p2 move shadowball\n>p1 move scald\n>p2 move shadowball\n>p1 switch 5\n>p1 move weatherball\n>p2 move shadowball\n>p2 switch 6\n>p1 move weatherball\n>p2 move psychic\n>p1 move weatherball\n>p2 move psychic\n>p1 switch 6\n>p1 move thunderbolt\n>p2 move psychic\n>p1 move thunderbolt\n>p2 switch 4\n>p1 switch 3\n>p2 move toxic\n>p1 move willowisp\n>p2 move foulplay\n>p1 move overheat\n>p2 switch 4\n>p1 move earthquake\n>p2 move psychic\n>p1 switch 3\n>p1 move thunderbolt\n>p2 move psychic\n>p2 switch 4\n>p1 move thunderbolt\n>p2 move toxic\n>p1 switch 2\n>p2 move wish\n>p1 move stealthrock\n>p2 move protect\n>p1 move earthquake\n>p2 move toxic\n>p1 move earthquake\n>p2 move protect\n>p1 move earthquake\n>p2 move foulplay\n>p1 switch 2\n>p2 switch 2\n>p1 move thunderbolt\n>p2 move machpunch\n>p1 switch 4\n>p1 move dragondance\n>p2 move facade terastallize\n>p1 move bravebird\n>p2 move machpunch", "uploadtime": 1781384883, "views": 10, "formatid": "gen9randombattle", "rating": null, "private": 0, "password": null}