{"id": "gen9randombattle-2631651126", "format": "[Gen 9] Random Battle", "players": ["lime777", "SupaSpooksSama"], "log": "|j|\u2606lime777\n|j|\u2606SupaSpooksSama\n|t:|1781415083\n|gametype|singles\n|player|p1|lime777|swimmerf|1458\n|player|p2|SupaSpooksSama|1|1468\n|gen|9\n|tier|[Gen 9] Random Battle\n|rated|\n|rule|Species Clause: Limit one of each Pok\u00e9mon\n|rule|HP Percentage Mod: HP is shown in percentages\n|rule|Sleep Clause Mod: Limit one foe put to sleep\n|rule|Illusion Level Mod: Illusion disguises the Pok\u00e9mon's true level\n|\n|t:|1781415083\n|teamsize|p1|6\n|teamsize|p2|6\n|start\n|switch|p1a: Froslass|Froslass, L87, F|263/263\n|switch|p2a: Mew|Mew, L82|298/298\n|turn|1\n|\n|t:|1781415093\n|move|p1a: Froslass|Poltergeist|p2a: Mew\n|-activate|p2a: Mew|move: Poltergeist|Leftovers\n|-supereffective|p2a: Mew\n|-damage|p2a: Mew|100/298\n|move|p2a: Mew|Stealth Rock|p1a: Froslass\n|-sidestart|p1: lime777|move: Stealth Rock\n|\n|-heal|p2a: Mew|118/298|[from] item: Leftovers\n|upkeep\n|turn|2\n|\n|t:|1781415107\n|-terastallize|p2a: Mew|Dark\n|move|p1a: Froslass|Spikes|p2a: Mew\n|-sidestart|p2: SupaSpooksSama|Spikes\n|move|p2a: Mew|Encore|p1a: Froslass\n|-start|p1a: Froslass|Encore\n|\n|-heal|p2a: Mew|136/298|[from] item: Leftovers\n|upkeep\n|turn|3\n|\n|t:|1781415113\n|move|p1a: Froslass|Spikes|p2a: Mew\n|-sidestart|p2: SupaSpooksSama|Spikes\n|move|p2a: Mew|Toxic Spikes|p1a: Froslass\n|-sidestart|p1: lime777|move: Toxic Spikes\n|\n|-heal|p2a: Mew|154/298|[from] item: Leftovers\n|upkeep\n|turn|4\n|\n|t:|1781415117\n|move|p1a: Froslass|Spikes|p2a: Mew\n|-sidestart|p2: SupaSpooksSama|Spikes\n|move|p2a: Mew|Toxic Spikes|p1a: Froslass\n|-sidestart|p1: lime777|move: Toxic Spikes\n|\n|-heal|p2a: Mew|172/298|[from] item: Leftovers\n|upkeep\n|turn|5\n|\n|t:|1781415136\n|switch|p1a: Zebstrika|Zebstrika, L87, F|272/272\n|-damage|p1a: Zebstrika|238/272|[from] Stealth Rock\n|-status|p1a: Zebstrika|tox\n|move|p2a: Mew|Psychic|p1a: Zebstrika\n|-damage|p1a: Zebstrika|115/272 tox\n|-unboost|p1a: Zebstrika|spd|1\n|\n|-heal|p2a: Mew|190/298|[from] item: Leftovers\n|-damage|p1a: Zebstrika|98/272 tox|[from] psn\n|upkeep\n|turn|6\n|inactive|Battle timer is ON: inactive players will automatically lose when time's up. (requested by lime777)\n|\n|t:|1781415162\n|move|p1a: Zebstrika|Supercell Slam|p2a: Mew\n|-damage|p2a: Mew|54/298\n|-damage|p1a: Zebstrika|71/272 tox|[from] item: Life Orb\n|move|p2a: Mew|Psychic|p1a: Zebstrika\n|-damage|p1a: Zebstrika|0 fnt\n|faint|p1a: Zebstrika\n|\n|-heal|p2a: Mew|72/298|[from] item: Leftovers\n|upkeep\n|\n|t:|1781415184\n|switch|p1a: Scovillain|Scovillain, L91, M|266/266\n|turn|7\n|\n|t:|1781415196\n|move|p2a: Mew|Psychic|p1a: Scovillain\n|-damage|p1a: Scovillain|151/266\n|move|p1a: Scovillain|Sunny Day|p1a: Scovillain\n|-weather|SunnyDay\n|\n|-weather|SunnyDay|[upkeep]\n|-heal|p2a: Mew|90/298|[from] item: Leftovers\n|upkeep\n|turn|8\n|\n|t:|1781415213\n|move|p1a: Scovillain|Energy Ball|p2a: Mew\n|-damage|p2a: Mew|0 fnt\n|faint|p2a: Mew\n|\n|-weather|SunnyDay|[upkeep]\n|upkeep\n|\n|t:|1781415219\n|switch|p2a: Bombirdier|Bombirdier, L85, M|258/258\n|turn|9\n|\n|t:|1781415225\n|-terastallize|p1a: Scovillain|Fire\n|move|p2a: Bombirdier|Sucker Punch|p1a: Scovillain\n|-damage|p1a: Scovillain|13/266\n|move|p1a: Scovillain|Fire Blast|p2a: Bombirdier\n|-damage|p2a: Bombirdier|0 fnt\n|faint|p2a: Bombirdier\n|\n|-weather|SunnyDay|[upkeep]\n|upkeep\n|\n|t:|1781415237\n|switch|p2a: Incineroar|Incineroar, L82, F|290/290\n|-damage|p2a: Incineroar|218/290|[from] Spikes\n|-ability|p2a: Incineroar|Intimidate|boost\n|-unboost|p1a: Scovillain|atk|1\n|turn|10\n|\n|t:|1781415246\n|move|p1a: Scovillain|Stomping Tantrum|p2a: Incineroar\n|-supereffective|p2a: Incineroar\n|-damage|p2a: Incineroar|126/290\n|move|p2a: Incineroar|Knock Off|p1a: Scovillain\n|-damage|p1a: Scovillain|0 fnt\n|-enditem|p1a: Scovillain|Heavy-Duty Boots|[from] move: Knock Off|[of] p2a: Incineroar\n|faint|p1a: Scovillain\n|\n|-weather|SunnyDay|[upkeep]\n|upkeep\n|\n|t:|1781415258\n|switch|p1a: Delphox|Delphox, L84, F|263/263\n|-damage|p1a: Delphox|198/263|[from] Stealth Rock\n|-status|p1a: Delphox|tox\n|turn|11\n|\n|t:|1781415270\n|switch|p2a: Bastiodon|Bastiodon, L89, M|252/252\n|-damage|p2a: Bastiodon|189/252|[from] Spikes\n|move|p1a: Delphox|Focus Blast|p2a: Bastiodon|[miss]\n|-miss|p1a: Delphox|p2a: Bastiodon\n|\n|-weather|none\n|-damage|p1a: Delphox|182/263 tox|[from] psn\n|upkeep\n|turn|12\n|\n|t:|1781415282\n|move|p1a: Delphox|Focus Blast|p2a: Bastiodon\n|-supereffective|p2a: Bastiodon\n|-damage|p2a: Bastiodon|0 fnt\n|faint|p2a: Bastiodon\n|\n|-damage|p1a: Delphox|150/263 tox|[from] psn\n|upkeep\n|\n|t:|1781415295\n|switch|p2a: Drednaw|Drednaw, L81, F|278/278\n|-damage|p2a: Drednaw|209/278|[from] Spikes\n|turn|13\n|\n|t:|1781415301\n|move|p1a: Delphox|Focus Blast|p2a: Drednaw\n|-supereffective|p2a: Drednaw\n|-damage|p2a: Drednaw|0 fnt\n|faint|p2a: Drednaw\n|\n|-damage|p1a: Delphox|102/263 tox|[from] psn\n|upkeep\n|\n|t:|1781415304\n|switch|p2a: Incineroar|Incineroar, L82, F|126/290\n|-damage|p2a: Incineroar|54/290|[from] Spikes\n|-ability|p2a: Incineroar|Intimidate|boost\n|-unboost|p1a: Delphox|atk|1\n|turn|14\n|\n|t:|1781415318\n|move|p1a: Delphox|Focus Blast|p2a: Incineroar\n|-supereffective|p2a: Incineroar\n|-damage|p2a: Incineroar|0 fnt\n|faint|p2a: Incineroar\n|\n|-damage|p1a: Delphox|38/263 tox|[from] psn\n|upkeep\n|\n|t:|1781415321\n|switch|p2a: Gogoat|Gogoat, L88, F|360/360\n|-damage|p2a: Gogoat|270/360|[from] Spikes\n|turn|15\n|\n|t:|1781415327\n|move|p1a: Delphox|Focus Blast|p2a: Gogoat\n|-damage|p2a: Gogoat|172/360\n|move|p2a: Gogoat|Rock Slide|p1a: Delphox\n|-supereffective|p1a: Delphox\n|-crit|p1a: Delphox\n|-damage|p1a: Delphox|0 fnt\n|faint|p1a: Delphox\n|\n|-heal|p2a: Gogoat|194/360|[from] item: Leftovers\n|upkeep\n|\n|t:|1781415330\n|switch|p1a: Froslass|Froslass, L87, F|263/263\n|-damage|p1a: Froslass|198/263|[from] Stealth Rock\n|-status|p1a: Froslass|tox\n|turn|16\n|\n|t:|1781415334\n|move|p1a: Froslass|Triple Axel|p2a: Gogoat\n|-supereffective|p2a: Gogoat\n|-damage|p2a: Gogoat|144/360\n|-supereffective|p2a: Gogoat\n|-damage|p2a: Gogoat|40/360\n|-supereffective|p2a: Gogoat\n|-damage|p2a: Gogoat|0 fnt\n|faint|p2a: Gogoat\n|-hitcount|p2: Gogoat|3\n|\n|win|lime777\n|raw|lime777's rating: 1458 &rarr; <strong>1479</strong><br />(+21 for winning)\n|raw|SupaSpooksSama's rating: 1468 &rarr; <strong>1447</strong><br />(-21 for losing)\n|l|\u2606SupaSpooksSama\n|player|p2|\n", "inputlog": ">version a8376a258c1d4662feba110a92103f3664a72141\n>start {\"formatid\":\"gen9randombattle\",\"seed\":\"sodium,d310206fbecf4935cfa7a9c8cfc54a54\",\"rated\":\"Rated battle\"}\n>player p1 {\"name\":\"lime777\",\"avatar\":\"swimmerf\",\"rating\":1458,\"seed\":\"sodium,d8eb2743de158b96cb3a9385a7a808a0\"}\n>player p2 {\"name\":\"SupaSpooksSama\",\"avatar\":\"1\",\"rating\":1468,\"seed\":\"sodium,67176989e1d86aa209da7c09fbb22958\"}\n>p1 move poltergeist\n>p2 move stealthrock\n>p1 move spikes\n>p2 move encore terastallize\n>p1 move spikes\n>p2 move toxicspikes\n>p1 move spikes\n>p2 move toxicspikes\n>p1 switch 3\n>p2 move psychic\n>p1 move supercellslam\n>p2 move psychic\n>p1 switch 6\n>p1 move sunnyday\n>p2 move psychic\n>p1 move energyball\n>p2 move psychic\n>p2 switch 3\n>p1 move fireblast terastallize\n>p2 move suckerpunch\n>p2 switch 4\n>p1 move stompingtantrum\n>p2 move knockoff\n>p1 switch 2\n>p1 move focusblast\n>p2 switch 2\n>p1 move focusblast\n>p2 move foulplay\n>p2 switch 6\n>p1 move focusblast\n>p2 move shellsmash\n>p2 switch 2\n>p1 move focusblast\n>p2 move knockoff\n>p2 switch 5\n>p1 move focusblast\n>p2 move rockslide\n>p1 switch 3\n>p1 move tripleaxel\n>p2 move milkdrink", "uploadtime": 1781415346, "views": 4, "formatid": "gen9randombattle", "rating": 1447, "private": 0, "password": null}