{"id": "gen9randombattle-2631952804", "format": "[Gen 9] Random Battle", "players": ["thatdankcharizard", "xdx42"], "log": "|j|\u2606thatdankcharizard\n|j|\u2606xdx42\n|t:|1781459328\n|gametype|singles\n|player|p1|thatdankcharizard|266|2053\n|player|p2|xdx42|cyrus|2014\n|gen|9\n|tier|[Gen 9] Random Battle\n|rated|\n|rule|Species Clause: Limit one of each Pok\u00e9mon\n|rule|HP Percentage Mod: HP is shown in percentages\n|rule|Sleep Clause Mod: Limit one foe put to sleep\n|rule|Illusion Level Mod: Illusion disguises the Pok\u00e9mon's true level\n|\n|t:|1781459328\n|teamsize|p1|6\n|teamsize|p2|6\n|start\n|switch|p1a: Pyroar|Pyroar, L88, F|295/295\n|switch|p2a: Palossand|Palossand, L89, M|296/296\n|-ability|p1a: Pyroar|Unnerve\n|turn|1\n|inactive|Battle timer is ON: inactive players will automatically lose when time's up. (requested by xdx42)\n|\n|t:|1781459357\n|switch|p1a: Whiscash|Whiscash, L88, M|337/337\n|move|p2a: Palossand|Earth Power|p1a: Whiscash\n|-damage|p1a: Whiscash|216/337\n|\n|upkeep\n|turn|2\n|\n|t:|1781459369\n|move|p1a: Whiscash|Dragon Dance|p1a: Whiscash\n|-boost|p1a: Whiscash|atk|1\n|-boost|p1a: Whiscash|spe|1\n|move|p2a: Palossand|Stealth Rock|p1a: Whiscash\n|-sidestart|p1: thatdankcharizard|move: Stealth Rock\n|\n|upkeep\n|turn|3\n|\n|t:|1781459375\n|switch|p2a: Sceptile|Sceptile, L87, M|264/264\n|move|p1a: Whiscash|Liquidation|p2a: Sceptile\n|-resisted|p2a: Sceptile\n|-damage|p2a: Sceptile|163/264\n|-damage|p1a: Whiscash|183/337|[from] item: Life Orb\n|\n|upkeep\n|turn|4\n|\n|t:|1781459381\n|switch|p1a: Jirachi|Jirachi, L80|291/291\n|-damage|p1a: Jirachi|273/291|[from] Stealth Rock\n|move|p2a: Sceptile|Leaf Blade|p1a: Jirachi\n|-resisted|p1a: Jirachi\n|-damage|p1a: Jirachi|212/291\n|-damage|p2a: Sceptile|137/264|[from] item: Life Orb\n|\n|-heal|p1a: Jirachi|230/291|[from] item: Leftovers\n|upkeep\n|turn|5\n|\n|t:|1781459388\n|switch|p2a: Palossand|Palossand, L89, M|296/296\n|move|p1a: Jirachi|Protect||[still]\n|-fail|p1a: Jirachi\n|\n|-heal|p1a: Jirachi|248/291|[from] item: Leftovers\n|upkeep\n|turn|6\n|\n|t:|1781459394\n|switch|p1a: Whiscash|Whiscash, L88, M|183/337\n|-damage|p1a: Whiscash|162/337|[from] Stealth Rock\n|move|p2a: Palossand|Earth Power|p1a: Whiscash\n|-damage|p1a: Whiscash|32/337\n|\n|upkeep\n|turn|7\n|\n|t:|1781459399\n|move|p1a: Whiscash|Liquidation|p2a: Palossand\n|-supereffective|p2a: Palossand\n|-damage|p2a: Palossand|114/296\n|-ability|p2a: Palossand|Water Compaction|boost\n|-boost|p2a: Palossand|def|2\n|-damage|p1a: Whiscash|0 fnt|[from] item: Life Orb\n|faint|p1a: Whiscash\n|move|p2a: Palossand|Earth Power|p1: Whiscash|[notarget]\n|-fail|p2a: Palossand\n|\n|-heal|p2a: Palossand|132/296|[from] item: Leftovers\n|upkeep\n|\n|t:|1781459410\n|switch|p1a: Crawdaunt|Crawdaunt, L84, F|243/243\n|-damage|p1a: Crawdaunt|213/243|[from] Stealth Rock\n|turn|8\n|\n|t:|1781459414\n|move|p1a: Crawdaunt|Knock Off|p2a: Palossand\n|-supereffective|p2a: Palossand\n|-damage|p2a: Palossand|0 fnt\n|-enditem|p2a: Palossand|Leftovers|[from] move: Knock Off|[of] p1a: Crawdaunt\n|faint|p2a: Palossand\n|-damage|p1a: Crawdaunt|189/243|[from] item: Life Orb\n|\n|upkeep\n|\n|t:|1781459416\n|switch|p2a: Sceptile|Sceptile, L87, M|137/264\n|turn|9\n|\n|t:|1781459423\n|move|p2a: Sceptile|Leaf Blade|p1a: Crawdaunt\n|-supereffective|p1a: Crawdaunt\n|-damage|p1a: Crawdaunt|0 fnt\n|faint|p1a: Crawdaunt\n|-damage|p2a: Sceptile|111/264|[from] item: Life Orb\n|\n|upkeep\n|\n|t:|1781459426\n|switch|p1a: Pyroar|Pyroar, L88, F|295/295\n|-ability|p1a: Pyroar|Unnerve\n|turn|10\n|\n|t:|1781459432\n|switch|p2a: Poliwrath|Poliwrath, L88, F|302/302\n|move|p1a: Pyroar|Hyper Voice|p2a: Poliwrath\n|-damage|p2a: Poliwrath|199/302\n|\n|-heal|p2a: Poliwrath|217/302|[from] item: Leftovers\n|upkeep\n|turn|11\n|\n|t:|1781459438\n|switch|p1a: Jirachi|Jirachi, L80|248/291\n|-damage|p1a: Jirachi|230/291|[from] Stealth Rock\n|move|p2a: Poliwrath|Liquidation|p1a: Jirachi\n|-damage|p1a: Jirachi|139/291\n|\n|-heal|p1a: Jirachi|157/291|[from] item: Leftovers\n|-heal|p2a: Poliwrath|235/302|[from] item: Leftovers\n|upkeep\n|turn|12\n|\n|t:|1781459442\n|move|p1a: Jirachi|Wish|p1a: Jirachi\n|move|p2a: Poliwrath|Liquidation|p1a: Jirachi\n|-damage|p1a: Jirachi|63/291\n|\n|-heal|p1a: Jirachi|81/291|[from] item: Leftovers\n|-heal|p2a: Poliwrath|253/302|[from] item: Leftovers\n|upkeep\n|turn|13\n|\n|t:|1781459447\n|move|p1a: Jirachi|Psychic|p2a: Poliwrath\n|-supereffective|p2a: Poliwrath\n|-damage|p2a: Poliwrath|67/302\n|move|p2a: Poliwrath|Bulk Up|p2a: Poliwrath\n|-boost|p2a: Poliwrath|atk|1\n|-boost|p2a: Poliwrath|def|1\n|\n|-heal|p1a: Jirachi|226/291|[from] move: Wish|[wisher] Jirachi\n|-heal|p1a: Jirachi|244/291|[from] item: Leftovers\n|-heal|p2a: Poliwrath|85/302|[from] item: Leftovers\n|upkeep\n|turn|14\n|\n|t:|1781459450\n|move|p1a: Jirachi|Psychic|p2a: Poliwrath\n|-supereffective|p2a: Poliwrath\n|-damage|p2a: Poliwrath|0 fnt\n|faint|p2a: Poliwrath\n|\n|-heal|p1a: Jirachi|262/291|[from] item: Leftovers\n|upkeep\n|\n|t:|1781459459\n|switch|p2a: Sceptile|Sceptile, L87, M|111/264\n|turn|15\n|\n|t:|1781459467\n|move|p2a: Sceptile|Swords Dance|p2a: Sceptile\n|-boost|p2a: Sceptile|atk|2\n|move|p1a: Jirachi|Psychic|p2a: Sceptile\n|-damage|p2a: Sceptile|20/264\n|\n|-heal|p1a: Jirachi|280/291|[from] item: Leftovers\n|upkeep\n|turn|16\n|\n|t:|1781459478\n|move|p2a: Sceptile|Earthquake|p1a: Jirachi\n|-supereffective|p1a: Jirachi\n|-damage|p1a: Jirachi|0 fnt\n|faint|p1a: Jirachi\n|-damage|p2a: Sceptile|0 fnt|[from] item: Life Orb\n|faint|p2a: Sceptile\n|\n|upkeep\n|\n|t:|1781459500\n|switch|p2a: Qwilfish|Qwilfish, L86, M|252/252\n|switch|p1a: Duraludon|Duraludon, L82, M|249/249\n|-ability|p2a: Qwilfish|Intimidate|boost\n|-unboost|p1a: Duraludon|atk|1\n|-damage|p1a: Duraludon|234/249|[from] Stealth Rock\n|turn|17\n|\n|t:|1781459512\n|switch|p2a: Mienshao|Mienshao, L83, M|243/243\n|move|p1a: Duraludon|Body Press|p2a: Mienshao\n|-damage|p2a: Mienshao|156/243\n|\n|upkeep\n|turn|18\n|\n|t:|1781459517\n|-terastallize|p1a: Duraludon|Fighting\n|move|p2a: Mienshao|High Jump Kick|p1a: Duraludon\n|-damage|p1a: Duraludon|83/249\n|move|p1a: Duraludon|Body Press|p2a: Mienshao\n|-damage|p2a: Mienshao|23/243\n|\n|upkeep\n|turn|19\n|\n|t:|1781459522\n|move|p2a: Mienshao|High Jump Kick|p1a: Duraludon\n|-damage|p1a: Duraludon|0 fnt\n|faint|p1a: Duraludon\n|\n|upkeep\n|\n|t:|1781459527\n|switch|p1a: Pyroar|Pyroar, L88, F|295/295\n|-ability|p1a: Pyroar|Unnerve\n|turn|20\n|\n|t:|1781459532\n|move|p1a: Pyroar|Hyper Voice|p2a: Mienshao\n|-damage|p2a: Mienshao|0 fnt\n|faint|p2a: Mienshao\n|\n|upkeep\n|\n|t:|1781459536\n|switch|p2a: Gothitelle|Gothitelle, L90, M|272/272\n|turn|21\n|\n|t:|1781459541\n|move|p1a: Pyroar|Dark Pulse|p2a: Gothitelle\n|-supereffective|p2a: Gothitelle\n|-damage|p2a: Gothitelle|168/272\n|move|p2a: Gothitelle|Calm Mind|p2a: Gothitelle\n|-boost|p2a: Gothitelle|spa|1\n|-boost|p2a: Gothitelle|spd|1\n|\n|-heal|p2a: Gothitelle|185/272|[from] item: Leftovers\n|upkeep\n|turn|22\n|\n|t:|1781459548\n|move|p1a: Pyroar|Dark Pulse|p2a: Gothitelle\n|-supereffective|p2a: Gothitelle\n|-damage|p2a: Gothitelle|115/272\n|move|p2a: Gothitelle|Focus Blast|p1a: Pyroar\n|-supereffective|p1a: Pyroar\n|-damage|p1a: Pyroar|0 fnt\n|faint|p1a: Pyroar\n|\n|-heal|p2a: Gothitelle|132/272|[from] item: Leftovers\n|upkeep\n|\n|t:|1781459551\n|switch|p1a: Azelf|Azelf, L82|257/257\n|-damage|p1a: Azelf|225/257|[from] Stealth Rock\n|turn|23\n|\n|t:|1781459557\n|move|p1a: Azelf|Nasty Plot|p1a: Azelf\n|-boost|p1a: Azelf|spa|2\n|move|p2a: Gothitelle|Thunderbolt|p1a: Azelf\n|-damage|p1a: Azelf|98/257\n|\n|-heal|p2a: Gothitelle|149/272|[from] item: Leftovers\n|upkeep\n|turn|24\n|\n|t:|1781459562\n|move|p1a: Azelf|Psyshock|p2a: Gothitelle\n|-resisted|p2a: Gothitelle\n|-damage|p2a: Gothitelle|35/272\n|-damage|p1a: Azelf|73/257|[from] item: Life Orb\n|move|p2a: Gothitelle|Thunderbolt|p1a: Azelf\n|-damage|p1a: Azelf|0 fnt\n|faint|p1a: Azelf\n|\n|win|xdx42\n", "inputlog": ">version a8376a258c1d4662feba110a92103f3664a72141\n>start {\"formatid\":\"gen9randombattle\",\"seed\":\"sodium,825a7fd8cb7da67c1612bfc685a5aaf6\",\"rated\":\"Rated battle\"}\n>player p1 {\"name\":\"thatdankcharizard\",\"avatar\":\"266\",\"rating\":2053,\"seed\":\"sodium,75da3f2092dd167786b234fb75cc74f5\"}\n>player p2 {\"name\":\"xdx42\",\"avatar\":\"cyrus\",\"rating\":2014,\"seed\":\"sodium,94520259d5344ca301028775e161ad0e\"}\n>p1 switch 6\n>p2 move earthpower\n>p1 move dragondance\n>p2 move stealthrock\n>p1 move liquidation\n>p2 switch 6\n>p1 switch 4\n>p2 move leafblade\n>p1 move protect\n>p2 switch 6\n>p1 switch 4\n>p2 move earthpower\n>p1 move liquidation\n>p2 move earthpower\n>p1 switch 2\n>p1 move knockoff\n>p2 move earthpower\n>p2 switch 6\n>p1 move knockoff\n>p2 move leafblade\n>p1 switch 6\n>p1 move hypervoice\n>p2 switch 2\n>p1 switch 4\n>p2 move liquidation\n>p1 move wish\n>p2 move liquidation\n>p1 move psychic\n>p2 move bulkup\n>p1 move psychic\n>p2 move liquidation\n>p2 switch 2\n>p1 move psychic\n>p2 move swordsdance\n>p1 move psychic\n>p2 move earthquake\n>p1 switch 3\n>p2 switch 4\n>p1 move bodypress\n>p2 switch 3\n>p1 move bodypress terastallize\n>p2 move highjumpkick\n>p1 move bodypress\n>p2 move highjumpkick\n>p1 switch 4\n>p1 move hypervoice\n>p2 move highjumpkick\n>p2 switch 5\n>p1 move darkpulse\n>p2 move calmmind\n>p1 move darkpulse\n>p2 move focusblast\n>p1 switch 5\n>p1 move nastyplot\n>p2 move thunderbolt\n>p1 move psyshock\n>p2 move thunderbolt", "uploadtime": 1781459332, "views": 4, "formatid": "gen9randombattle", "rating": null, "private": 0, "password": null}