{"id": "gen9randombattle-2631894546", "format": "[Gen 9] Random Battle", "players": ["Ggs1237", "katsuge5"], "log": "|j|\u2606Ggs1237\n|j|\u2606katsuge5\n|t:|1781452963\n|gametype|singles\n|player|p1|Ggs1237|linebacker|2174\n|player|p2|katsuge5|101|2290\n|gen|9\n|tier|[Gen 9] Random Battle\n|rated|\n|rule|Species Clause: Limit one of each Pok\u00e9mon\n|rule|HP Percentage Mod: HP is shown in percentages\n|rule|Sleep Clause Mod: Limit one foe put to sleep\n|rule|Illusion Level Mod: Illusion disguises the Pok\u00e9mon's true level\n|\n|t:|1781452963\n|teamsize|p1|6\n|teamsize|p2|6\n|start\n|switch|p1a: Plusle|Plusle, L95, F|268/268\n|switch|p2a: Skarmory|Skarmory, L80, M|235/235\n|turn|1\n|inactive|Battle timer is ON: inactive players will automatically lose when time's up. (requested by Ggs1237)\n|\n|t:|1781452971\n|switch|p2a: Dugtrio|Dugtrio-Alola, L84, F|196/196\n|move|p1a: Plusle|Nasty Plot|p1a: Plusle\n|-boost|p1a: Plusle|spa|2\n|\n|upkeep\n|turn|2\n|\n|t:|1781452980\n|move|p1a: Plusle|Grass Knot|p2a: Dugtrio\n|-damage|p2a: Dugtrio|1/196\n|-ability|p2a: Dugtrio|Tangling Hair\n|-unboost|p1a: Plusle|spe|1\n|-damage|p1a: Plusle|242/268|[from] item: Life Orb\n|move|p2a: Dugtrio|Earthquake|p1a: Plusle\n|-supereffective|p1a: Plusle\n|-damage|p1a: Plusle|0 fnt\n|faint|p1a: Plusle\n|-damage|p2a: Dugtrio|0 fnt|[from] item: Life Orb\n|faint|p2a: Dugtrio\n|\n|upkeep\n|\n|t:|1781452989\n|switch|p1a: Flamigo|Flamigo, L82, M|269/269\n|switch|p2a: Hydreigon|Hydreigon, L79, M|275/275\n|turn|3\n|inactive|katsuge5 has 120 seconds left.\n|inactive|katsuge5 has 90 seconds left.\n|\n|t:|1781453059\n|switch|p2a: Entei|Entei, L78|307/307\n|move|p1a: Flamigo|Close Combat|p2a: Entei\n|-damage|p2a: Entei|82/307\n|-unboost|p1a: Flamigo|def|1\n|-unboost|p1a: Flamigo|spd|1\n|\n|upkeep\n|turn|4\n|inactive|katsuge5 has 90 seconds left.\n|\n|t:|1781453073\n|switch|p1a: Cloyster|Cloyster, L80, M|211/211\n|move|p2a: Entei|Flare Blitz|p1a: Cloyster\n|-damage|p1a: Cloyster|97/211\n|-damage|p2a: Entei|44/307|[from] Recoil\n|\n|upkeep\n|turn|5\n|\n|t:|1781453078\n|move|p2a: Entei|Flare Blitz|p1a: Cloyster\n|-damage|p1a: Cloyster|0 fnt\n|faint|p1a: Cloyster\n|-damage|p2a: Entei|12/307|[from] Recoil\n|\n|upkeep\n|\n|t:|1781453091\n|switch|p1a: Electivire|Electivire, L84, M|263/263\n|turn|6\n|\n|t:|1781453109\n|move|p1a: Electivire|Earthquake|p2a: Entei\n|-supereffective|p2a: Entei\n|-crit|p2a: Entei\n|-damage|p2a: Entei|0 fnt\n|faint|p2a: Entei\n|-damage|p1a: Electivire|237/263|[from] item: Life Orb\n|\n|upkeep\n|inactive|katsuge5 has 90 seconds left.\n|\n|t:|1781453129\n|switch|p2a: Skarmory|Skarmory, L80, M|235/235\n|turn|7\n|inactive|katsuge5 has 90 seconds left.\n|\n|t:|1781453140\n|-terastallize|p2a: Skarmory|Dragon\n|move|p1a: Electivire|Supercell Slam|p2a: Skarmory\n|-resisted|p2a: Skarmory\n|-damage|p2a: Skarmory|179/235\n|-damage|p1a: Electivire|194/263|[from] item: Rocky Helmet|[of] p2a: Skarmory\n|-damage|p1a: Electivire|168/263|[from] item: Life Orb\n|move|p2a: Skarmory|Stealth Rock|p1a: Electivire\n|-sidestart|p1: Ggs1237|move: Stealth Rock\n|\n|upkeep\n|turn|8\n|\n|t:|1781453144\n|move|p1a: Electivire|Bulk Up|p1a: Electivire\n|-boost|p1a: Electivire|atk|1\n|-boost|p1a: Electivire|def|1\n|move|p2a: Skarmory|Roost|p2a: Skarmory\n|-heal|p2a: Skarmory|235/235\n|\n|upkeep\n|turn|9\n|\n|t:|1781453152\n|move|p1a: Electivire|Bulk Up|p1a: Electivire\n|-boost|p1a: Electivire|atk|1\n|-boost|p1a: Electivire|def|1\n|move|p2a: Skarmory|Body Press|p1a: Electivire\n|-damage|p1a: Electivire|121/263\n|\n|upkeep\n|turn|10\n|\n|t:|1781453156\n|move|p1a: Electivire|Ice Punch|p2a: Skarmory\n|-supereffective|p2a: Skarmory\n|-ability|p2a: Skarmory|Sturdy\n|-damage|p2a: Skarmory|1/235\n|-damage|p1a: Electivire|78/263|[from] item: Rocky Helmet|[of] p2a: Skarmory\n|-damage|p1a: Electivire|52/263|[from] item: Life Orb\n|move|p2a: Skarmory|Body Press|p1a: Electivire\n|-damage|p1a: Electivire|12/263\n|\n|upkeep\n|turn|11\n|\n|t:|1781453162\n|move|p1a: Electivire|Ice Punch|p2a: Skarmory\n|-supereffective|p2a: Skarmory\n|-damage|p2a: Skarmory|0 fnt\n|-damage|p1a: Electivire|0 fnt|[from] item: Rocky Helmet|[of] p2a: Skarmory\n|faint|p2a: Skarmory\n|faint|p1a: Electivire\n|\n|upkeep\n|inactive|katsuge5 has 120 seconds left.\n|\n|t:|1781453183\n|switch|p1a: Flamigo|Flamigo, L82, M|269/269\n|switch|p2a: Hydreigon|Hydreigon, L79, M|275/275\n|-damage|p1a: Flamigo|236/269|[from] Stealth Rock\n|turn|12\n|\n|t:|1781453191\n|move|p2a: Hydreigon|Draco Meteor|p1a: Flamigo\n|-damage|p1a: Flamigo|0 fnt\n|-unboost|p2a: Hydreigon|spa|2\n|faint|p1a: Flamigo\n|\n|upkeep\n|\n|t:|1781453195\n|switch|p1a: Dunsparce|Dunsparce, L86, F|312/312\n|-damage|p1a: Dunsparce|273/312|[from] Stealth Rock\n|turn|13\n|inactive|katsuge5 has 120 seconds left.\n|\n|t:|1781453235\n|switch|p2a: Blastoise|Blastoise, L80, M|258/258\n|move|p1a: Dunsparce|Coil|p1a: Dunsparce\n|-boost|p1a: Dunsparce|atk|1\n|-boost|p1a: Dunsparce|def|1\n|-boost|p1a: Dunsparce|accuracy|1\n|\n|upkeep\n|turn|14\n|\n|t:|1781453241\n|move|p2a: Blastoise|Shell Smash|p2a: Blastoise\n|-unboost|p2a: Blastoise|def|1\n|-unboost|p2a: Blastoise|spd|1\n|-boost|p2a: Blastoise|atk|2\n|-boost|p2a: Blastoise|spa|2\n|-boost|p2a: Blastoise|spe|2\n|-enditem|p2a: Blastoise|White Herb\n|-clearnegativeboost|p2a: Blastoise|[silent]\n|move|p1a: Dunsparce|Body Slam|p2a: Blastoise\n|-damage|p2a: Blastoise|159/258\n|-status|p2a: Blastoise|par\n|\n|upkeep\n|turn|15\n|\n|t:|1781453257\n|move|p2a: Blastoise|Hydro Pump|p1a: Dunsparce\n|-damage|p1a: Dunsparce|113/312\n|move|p1a: Dunsparce|Body Slam|p2a: Blastoise\n|-damage|p2a: Blastoise|54/258 par\n|\n|upkeep\n|turn|16\n|\n|t:|1781453264\n|move|p2a: Blastoise|Hydro Pump|p1a: Dunsparce\n|-damage|p1a: Dunsparce|0 fnt\n|faint|p1a: Dunsparce\n|\n|upkeep\n|\n|t:|1781453265\n|switch|p1a: Staraptor|Staraptor, L79, M|263/263\n|-damage|p1a: Staraptor|198/263|[from] Stealth Rock\n|turn|17\n|\n|t:|1781453268\n|-terastallize|p1a: Staraptor|Flying\n|move|p1a: Staraptor|Brave Bird|p2a: Blastoise\n|-damage|p2a: Blastoise|0 fnt\n|faint|p2a: Blastoise\n|-damage|p1a: Staraptor|180/263|[from] Recoil\n|\n|upkeep\n|inactive|katsuge5 has 120 seconds left.\n|inactive|katsuge5 has 90 seconds left.\n|\n|t:|1781453321\n|switch|p2a: Golduck|Golduck, L90, F|290/290\n|-ability|p2a: Golduck|Cloud Nine\n|turn|18\n|\n|t:|1781453326\n|move|p2a: Golduck|Ice Beam|p1a: Staraptor\n|-supereffective|p1a: Staraptor\n|-damage|p1a: Staraptor|0 fnt\n|faint|p1a: Staraptor\n|-damage|p2a: Golduck|261/290|[from] item: Life Orb\n|\n|win|katsuge5\n", "inputlog": ">version a8376a258c1d4662feba110a92103f3664a72141\n>start {\"formatid\":\"gen9randombattle\",\"seed\":\"sodium,4c6b46fc639014a8e64c100c8dad0e8d\",\"rated\":\"Rated battle\"}\n>player p1 {\"name\":\"Ggs1237\",\"avatar\":\"linebacker\",\"rating\":2174,\"seed\":\"sodium,7476a38e2f069e1175dee0cfffd2cc28\"}\n>player p2 {\"name\":\"katsuge5\",\"avatar\":\"101\",\"rating\":2290,\"seed\":\"sodium,183f6bdeb9a1ac26b1917297b109e4b1\"}\n>p1 move nastyplot\n>p2 switch 6\n>p1 move grassknot\n>p2 move earthquake\n>p1 switch 4\n>p2 switch 2\n>p1 move closecombat\n>p2 switch 3\n>p1 switch 2\n>p2 move flareblitz\n>p1 move shellsmash\n>p2 move flareblitz\n>p1 switch 6\n>p1 move earthquake\n>p2 move flareblitz\n>p2 switch 6\n>p1 move supercellslam\n>p2 move stealthrock terastallize\n>p1 move bulkup\n>p2 move roost\n>p1 move bulkup\n>p2 move bodypress\n>p1 move icepunch\n>p2 move bodypress\n>p1 move icepunch\n>p2 move roost\n>p1 switch 2\n>p2 switch 3\n>p1 move closecombat\n>p2 move dracometeor\n>p1 switch 5\n>p1 move coil\n>p2 switch 5\n>p1 move bodyslam\n>p2 move shellsmash\n>p1 move bodyslam\n>p2 move hydropump\n>p1 move roost\n>p2 move hydropump\n>p1 switch 3\n>p1 move bravebird terastallize\n>p2 move icebeam\n>p2 switch 4\n>p1 move bravebird\n>p2 move icebeam", "uploadtime": 1781452965, "views": 6, "formatid": "gen9randombattle", "rating": null, "private": 0, "password": null}