{"id": "gen9randombattle-2631511033", "format": "[Gen 9] Random Battle", "players": ["MMF6G", "MandoWarrior"], "log": "|j|\u2606MMF6G\n|j|\u2606MandoWarrior\n|t:|1781394494\n|gametype|singles\n|player|p1|MMF6G|veteran|2047\n|player|p2|MandoWarrior|giovanni|2074\n|gen|9\n|tier|[Gen 9] Random Battle\n|rated|\n|rule|Species Clause: Limit one of each Pok\u00e9mon\n|rule|HP Percentage Mod: HP is shown in percentages\n|rule|Sleep Clause Mod: Limit one foe put to sleep\n|rule|Illusion Level Mod: Illusion disguises the Pok\u00e9mon's true level\n|\n|t:|1781394494\n|teamsize|p1|6\n|teamsize|p2|6\n|start\n|switch|p1a: Solgaleo|Solgaleo, L74|325/325\n|switch|p2a: Dondozo|Dondozo, L78, M|362/362\n|turn|1\n|inactive|Battle timer is ON: inactive players will automatically lose when time's up. (requested by MandoWarrior)\n|inactive|MMF6G also wants the timer to be on.\n|l|\u2606MMF6G\n|inactive|MMF6G disconnected and has a minute to reconnect!\n|player|p1|\n|j|\u2606MMF6G\n|inactive|MMF6G reconnected and has 120 seconds left.\n|player|p1|MMF6G|veteran|\n|\n|t:|1781394531\n|switch|p1a: Drifblim|Drifblim, L86, M|398/398\n|move|p2a: Dondozo|Curse|p2a: Dondozo\n|-unboost|p2a: Dondozo|spe|1\n|-boost|p2a: Dondozo|atk|1\n|-boost|p2a: Dondozo|def|1\n|\n|upkeep\n|turn|2\n|\n|t:|1781394536\n|switch|p2a: Ting-Lu|Ting-Lu, L78|370/370\n|-ability|p2a: Ting-Lu|Vessel of Ruin\n|move|p1a: Drifblim|Shadow Ball|p2a: Ting-Lu\n|-resisted|p2a: Ting-Lu\n|-damage|p2a: Ting-Lu|334/370\n|\n|-heal|p2a: Ting-Lu|357/370|[from] item: Leftovers\n|upkeep\n|turn|3\n|\n|t:|1781394547\n|switch|p1a: Conkeldurr|Conkeldurr, L80, F|299/299\n|move|p2a: Ting-Lu|Spikes|p1a: Conkeldurr\n|-sidestart|p1: MMF6G|Spikes\n|\n|-heal|p2a: Ting-Lu|370/370|[from] item: Leftovers\n|-status|p1a: Conkeldurr|brn|[from] item: Flame Orb\n|upkeep\n|turn|4\n|\n|t:|1781394553\n|switch|p2a: Whimsicott|Whimsicott, L84, M|238/238\n|move|p1a: Conkeldurr|Close Combat|p2a: Whimsicott\n|-resisted|p2a: Whimsicott\n|-damage|p2a: Whimsicott|112/238\n|-unboost|p1a: Conkeldurr|def|1\n|-unboost|p1a: Conkeldurr|spd|1\n|\n|-heal|p2a: Whimsicott|126/238|[from] item: Leftovers\n|-damage|p1a: Conkeldurr|281/299 brn|[from] brn\n|upkeep\n|turn|5\n|\n|t:|1781394561\n|switch|p1a: Solgaleo|Solgaleo, L74|325/325\n|-damage|p1a: Solgaleo|285/325|[from] Spikes\n|move|p2a: Whimsicott|Leech Seed|p1a: Solgaleo\n|-start|p1a: Solgaleo|move: Leech Seed\n|\n|-heal|p2a: Whimsicott|140/238|[from] item: Leftovers\n|-heal|p1a: Solgaleo|305/325|[from] item: Leftovers\n|-damage|p1a: Solgaleo|265/325|[from] Leech Seed|[of] p2a: Whimsicott\n|-heal|p2a: Whimsicott|180/238|[silent]\n|upkeep\n|turn|6\n|\n|t:|1781394567\n|switch|p2a: Ting-Lu|Ting-Lu, L78|370/370\n|-ability|p2a: Ting-Lu|Vessel of Ruin\n|move|p1a: Solgaleo|Sunsteel Strike|p2a: Ting-Lu\n|-damage|p2a: Ting-Lu|285/370\n|\n|-heal|p1a: Solgaleo|285/325|[from] item: Leftovers\n|-heal|p2a: Ting-Lu|308/370|[from] item: Leftovers\n|-damage|p1a: Solgaleo|245/325|[from] Leech Seed|[of] p2a: Ting-Lu\n|-heal|p2a: Ting-Lu|348/370|[silent]\n|upkeep\n|turn|7\n|\n|t:|1781394573\n|switch|p1a: Drifblim|Drifblim, L86, M|398/398\n|move|p2a: Ting-Lu|Whirlwind|p1a: Drifblim\n|drag|p1a: Torterra|Torterra, L78, M|276/276\n|-damage|p1a: Torterra|242/276|[from] Spikes\n|\n|-heal|p2a: Ting-Lu|370/370|[from] item: Leftovers\n|upkeep\n|turn|8\n|\n|t:|1781394582\n|switch|p1a: Drifblim|Drifblim, L86, M|398/398\n|switch|p2a: Tinkaton|Tinkaton, L82, F|274/274\n|-ability|p2a: Tinkaton|Mold Breaker\n|\n|upkeep\n|turn|9\n|\n|t:|1781394594\n|move|p2a: Tinkaton|Knock Off|p1a: Drifblim\n|-supereffective|p1a: Drifblim\n|-damage|p1a: Drifblim|216/398\n|-enditem|p1a: Drifblim|Heavy-Duty Boots|[from] move: Knock Off|[of] p2a: Tinkaton\n|move|p1a: Drifblim|Defog|p2a: Tinkaton\n|-unboost|p2a: Tinkaton|evasion|1\n|-sideend|p1: MMF6G|Spikes|[from] move: Defog|[of] p1a: Drifblim\n|\n|upkeep\n|turn|10\n|\n|t:|1781394597\n|move|p2a: Tinkaton|Gigaton Hammer|p1a: Drifblim\n|-damage|p1a: Drifblim|0 fnt\n|faint|p1a: Drifblim\n|\n|upkeep\n|\n|t:|1781394618\n|switch|p1a: Gyarados|Gyarados, L79, F|280/280\n|-ability|p1a: Gyarados|Intimidate|boost\n|-unboost|p2a: Tinkaton|atk|1\n|turn|11\n|\n|t:|1781394622\n|switch|p2a: Whimsicott|Whimsicott, L84, M|180/238\n|move|p1a: Gyarados|Dragon Dance|p1a: Gyarados\n|-boost|p1a: Gyarados|atk|1\n|-boost|p1a: Gyarados|spe|1\n|\n|-heal|p2a: Whimsicott|194/238|[from] item: Leftovers\n|upkeep\n|turn|12\n|\n|t:|1781394629\n|move|p2a: Whimsicott|Encore|p1a: Gyarados\n|-start|p1a: Gyarados|Encore\n|move|p1a: Gyarados|Dragon Dance|p1a: Gyarados\n|-boost|p1a: Gyarados|atk|1\n|-boost|p1a: Gyarados|spe|1\n|\n|-heal|p2a: Whimsicott|208/238|[from] item: Leftovers\n|upkeep\n|turn|13\n|\n|t:|1781394634\n|switch|p1a: Torterra|Torterra, L78, M|242/276\n|move|p2a: Whimsicott|Leech Seed|p1a: Torterra\n|-immune|p1a: Torterra\n|\n|-heal|p2a: Whimsicott|222/238|[from] item: Leftovers\n|upkeep\n|turn|14\n|\n|t:|1781394639\n|move|p2a: Whimsicott|Moonblast|p1a: Torterra\n|-damage|p1a: Torterra|146/276\n|-unboost|p1a: Torterra|spa|1\n|move|p1a: Torterra|Rock Blast|p2a: Whimsicott\n|-damage|p2a: Whimsicott|203/238\n|-damage|p2a: Whimsicott|185/238\n|-damage|p2a: Whimsicott|168/238\n|-damage|p2a: Whimsicott|150/238\n|-hitcount|p2a: Whimsicott|4\n|\n|-heal|p2a: Whimsicott|164/238|[from] item: Leftovers\n|upkeep\n|turn|15\n|\n|t:|1781394643\n|switch|p1a: Solgaleo|Solgaleo, L74|245/325\n|move|p2a: Whimsicott|Moonblast|p1a: Solgaleo\n|-resisted|p1a: Solgaleo\n|-damage|p1a: Solgaleo|196/325\n|\n|-heal|p2a: Whimsicott|178/238|[from] item: Leftovers\n|-heal|p1a: Solgaleo|216/325|[from] item: Leftovers\n|upkeep\n|turn|16\n|\n|t:|1781394647\n|switch|p2a: Ting-Lu|Ting-Lu, L78|370/370\n|-ability|p2a: Ting-Lu|Vessel of Ruin\n|move|p1a: Solgaleo|Morning Sun|p1a: Solgaleo\n|-heal|p1a: Solgaleo|325/325\n|\n|upkeep\n|turn|17\n|\n|t:|1781394666\n|switch|p1a: Conkeldurr|Conkeldurr, L80, F|281/299 brn\n|move|p2a: Ting-Lu|Spikes|p1a: Conkeldurr\n|-sidestart|p1: MMF6G|Spikes\n|\n|-damage|p1a: Conkeldurr|263/299 brn|[from] brn\n|upkeep\n|turn|18\n|\n|t:|1781394672\n|switch|p2a: Smeargle|Smeargle, L95, M|258/258\n|move|p1a: Conkeldurr|Knock Off|p2a: Smeargle\n|-damage|p2a: Smeargle|64/258\n|-enditem|p2a: Smeargle|Wide Lens|[from] move: Knock Off|[of] p1a: Conkeldurr\n|\n|-damage|p1a: Conkeldurr|245/299 brn|[from] brn\n|upkeep\n|turn|19\n|\n|t:|1781394676\n|move|p1a: Conkeldurr|Mach Punch|p2a: Smeargle\n|-supereffective|p2a: Smeargle\n|-damage|p2a: Smeargle|0 fnt\n|faint|p2a: Smeargle\n|\n|-damage|p1a: Conkeldurr|227/299 brn|[from] brn\n|upkeep\n|\n|t:|1781394678\n|switch|p2a: Whimsicott|Whimsicott, L84, M|178/238\n|turn|20\n|\n|t:|1781394682\n|move|p2a: Whimsicott|Leech Seed|p1a: Conkeldurr\n|-start|p1a: Conkeldurr|move: Leech Seed\n|move|p1a: Conkeldurr|Facade|p2a: Whimsicott\n|-damage|p2a: Whimsicott|0 fnt\n|faint|p2a: Whimsicott\n|\n|-damage|p1a: Conkeldurr|209/299 brn|[from] brn\n|upkeep\n|\n|t:|1781394688\n|switch|p2a: Golduck|Golduck, L90, M|290/290\n|-ability|p2a: Golduck|Cloud Nine\n|turn|21\n|\n|t:|1781394695\n|move|p2a: Golduck|Hydro Pump|p1a: Conkeldurr\n|-damage|p1a: Conkeldurr|0 fnt\n|faint|p1a: Conkeldurr\n|\n|upkeep\n|\n|t:|1781394709\n|switch|p1a: Gyarados|Gyarados, L79, F|280/280\n|-ability|p1a: Gyarados|Intimidate|boost\n|-unboost|p2a: Golduck|atk|1\n|turn|22\n|\n|t:|1781394711\n|switch|p2a: Dondozo|Dondozo, L78, M|362/362\n|move|p1a: Gyarados|Dragon Dance|p1a: Gyarados\n|-boost|p1a: Gyarados|atk|1\n|-boost|p1a: Gyarados|spe|1\n|\n|upkeep\n|turn|23\n|\n|t:|1781394715\n|move|p1a: Gyarados|Earthquake|p2a: Dondozo\n|-damage|p2a: Dondozo|289/362\n|move|p2a: Dondozo|Curse|p2a: Dondozo\n|-unboost|p2a: Dondozo|spe|1\n|-boost|p2a: Dondozo|atk|1\n|-boost|p2a: Dondozo|def|1\n|\n|-heal|p2a: Dondozo|311/362|[from] item: Leftovers\n|upkeep\n|turn|24\n|\n|t:|1781394719\n|switch|p1a: Torterra|Torterra, L78, M|146/276\n|-damage|p1a: Torterra|112/276|[from] Spikes\n|move|p2a: Dondozo|Curse|p2a: Dondozo\n|-unboost|p2a: Dondozo|spe|1\n|-boost|p2a: Dondozo|atk|1\n|-boost|p2a: Dondozo|def|1\n|\n|-heal|p2a: Dondozo|333/362|[from] item: Leftovers\n|upkeep\n|turn|25\n|\n|t:|1781394726\n|-terastallize|p1a: Torterra|Grass\n|move|p1a: Torterra|Shell Smash|p1a: Torterra\n|-unboost|p1a: Torterra|def|1\n|-unboost|p1a: Torterra|spd|1\n|-boost|p1a: Torterra|atk|2\n|-boost|p1a: Torterra|spa|2\n|-boost|p1a: Torterra|spe|2\n|move|p2a: Dondozo|Wave Crash|p1a: Torterra\n|-resisted|p1a: Torterra\n|-damage|p1a: Torterra|10/276\n|-damage|p2a: Dondozo|299/362|[from] Recoil\n|\n|-heal|p2a: Dondozo|321/362|[from] item: Leftovers\n|upkeep\n|turn|26\n|\n|t:|1781394728\n|move|p1a: Torterra|Bullet Seed|p2a: Dondozo\n|-supereffective|p2a: Dondozo\n|-damage|p2a: Dondozo|273/362\n|-supereffective|p2a: Dondozo\n|-damage|p2a: Dondozo|225/362\n|-supereffective|p2a: Dondozo\n|-damage|p2a: Dondozo|177/362\n|-supereffective|p2a: Dondozo\n|-damage|p2a: Dondozo|133/362\n|-supereffective|p2a: Dondozo\n|-damage|p2a: Dondozo|89/362\n|-hitcount|p2a: Dondozo|5\n|move|p2a: Dondozo|Wave Crash|p1a: Torterra\n|-resisted|p1a: Torterra\n|-damage|p1a: Torterra|0 fnt\n|faint|p1a: Torterra\n|-damage|p2a: Dondozo|86/362|[from] Recoil\n|\n|-heal|p2a: Dondozo|108/362|[from] item: Leftovers\n|upkeep\n|\n|t:|1781394744\n|switch|p1a: Rampardos|Rampardos, L90, F|321/321\n|-damage|p1a: Rampardos|281/321|[from] Spikes\n|turn|27\n|\n|t:|1781394750\n|switch|p2a: Ting-Lu|Ting-Lu, L78|370/370\n|-ability|p2a: Ting-Lu|Vessel of Ruin\n|move|p1a: Rampardos|Rock Slide|p2a: Ting-Lu\n|-resisted|p2a: Ting-Lu\n|-damage|p2a: Ting-Lu|273/370\n|\n|-heal|p2a: Ting-Lu|296/370|[from] item: Leftovers\n|upkeep\n|turn|28\n|\n|t:|1781394756\n|move|p1a: Rampardos|Fire Punch|p2a: Ting-Lu\n|-damage|p2a: Ting-Lu|162/370\n|move|p2a: Ting-Lu|Spikes|p1a: Rampardos\n|-sidestart|p1: MMF6G|Spikes\n|\n|-heal|p2a: Ting-Lu|185/370|[from] item: Leftovers\n|upkeep\n|turn|29\n|\n|t:|1781394763\n|switch|p1a: Gyarados|Gyarados, L79, F|280/280\n|-ability|p1a: Gyarados|Intimidate|boost\n|-unboost|p2a: Ting-Lu|atk|1\n|move|p2a: Ting-Lu|Earthquake|p1a: Gyarados\n|-immune|p1a: Gyarados\n|\n|-heal|p2a: Ting-Lu|208/370|[from] item: Leftovers\n|upkeep\n|turn|30\n|\n|t:|1781394765\n|move|p1a: Gyarados|Dragon Dance|p1a: Gyarados\n|-boost|p1a: Gyarados|atk|1\n|-boost|p1a: Gyarados|spe|1\n|move|p2a: Ting-Lu|Whirlwind|p1a: Gyarados\n|drag|p1a: Rampardos|Rampardos, L90, F|281/321\n|-damage|p1a: Rampardos|228/321|[from] Spikes\n|\n|-heal|p2a: Ting-Lu|231/370|[from] item: Leftovers\n|upkeep\n|turn|31\n|\n|t:|1781394770\n|move|p1a: Rampardos|Fire Punch|p2a: Ting-Lu\n|-damage|p2a: Ting-Lu|92/370\n|move|p2a: Ting-Lu|Earthquake|p1a: Rampardos\n|-supereffective|p1a: Rampardos\n|-damage|p1a: Rampardos|48/321\n|\n|-heal|p2a: Ting-Lu|115/370|[from] item: Leftovers\n|upkeep\n|turn|32\n|\n|t:|1781394775\n|move|p1a: Rampardos|Fire Punch|p2a: Ting-Lu\n|-damage|p2a: Ting-Lu|0 fnt\n|faint|p2a: Ting-Lu\n|\n|upkeep\n|\n|t:|1781394777\n|switch|p2a: Tinkaton|Tinkaton, L82, F|274/274\n|-ability|p2a: Tinkaton|Mold Breaker\n|turn|33\n|\n|t:|1781394785\n|move|p2a: Tinkaton|Knock Off|p1a: Rampardos\n|-damage|p1a: Rampardos|0 fnt\n|-enditem|p1a: Rampardos|Life Orb|[from] move: Knock Off|[of] p2a: Tinkaton\n|faint|p1a: Rampardos\n|\n|upkeep\n|\n|t:|1781394801\n|switch|p1a: Gyarados|Gyarados, L79, F|280/280\n|-ability|p1a: Gyarados|Intimidate|boost\n|-unboost|p2a: Tinkaton|atk|1\n|turn|34\n|\n|t:|1781394816\n|move|p2a: Tinkaton|Knock Off|p1a: Gyarados\n|-damage|p1a: Gyarados|238/280\n|-enditem|p1a: Gyarados|Heavy-Duty Boots|[from] move: Knock Off|[of] p2a: Tinkaton\n|move|p1a: Gyarados|Dragon Dance|p1a: Gyarados\n|-boost|p1a: Gyarados|atk|1\n|-boost|p1a: Gyarados|spe|1\n|\n|upkeep\n|turn|35\n|\n|t:|1781394824\n|move|p1a: Gyarados|Dragon Dance|p1a: Gyarados\n|-boost|p1a: Gyarados|atk|1\n|-boost|p1a: Gyarados|spe|1\n|move|p2a: Tinkaton|Gigaton Hammer|p1a: Gyarados\n|-resisted|p1a: Gyarados\n|-damage|p1a: Gyarados|190/280\n|\n|upkeep\n|turn|36\n|\n|t:|1781394835\n|move|p1a: Gyarados|Earthquake|p2a: Tinkaton\n|-supereffective|p2a: Tinkaton\n|-damage|p2a: Tinkaton|0 fnt\n|faint|p2a: Tinkaton\n|\n|upkeep\n|\n|t:|1781394837\n|switch|p2a: Dondozo|Dondozo, L78, M|108/362\n|turn|37\n|\n|t:|1781394840\n|move|p1a: Gyarados|Earthquake|p2a: Dondozo\n|-damage|p2a: Dondozo|42/362\n|move|p2a: Dondozo|Rest|p2a: Dondozo\n|-status|p2a: Dondozo|slp|[from] move: Rest\n|-heal|p2a: Dondozo|362/362 slp|[silent]\n|\n|upkeep\n|turn|38\n|\n|t:|1781394847\n|move|p1a: Gyarados|Earthquake|p2a: Dondozo\n|-damage|p2a: Dondozo|292/362 slp\n|cant|p2a: Dondozo|slp\n|move|p2a: Dondozo|Sleep Talk|p2a: Dondozo\n|move|p2a: Dondozo|Wave Crash|p1a: Gyarados|[from] move: Sleep Talk\n|-resisted|p1a: Gyarados\n|-damage|p1a: Gyarados|119/280\n|-damage|p2a: Dondozo|269/362 slp|[from] Recoil\n|\n|-heal|p2a: Dondozo|291/362 slp|[from] item: Leftovers\n|upkeep\n|turn|39\n|\n|t:|1781394849\n|move|p1a: Gyarados|Earthquake|p2a: Dondozo\n|-damage|p2a: Dondozo|222/362 slp\n|cant|p2a: Dondozo|slp\n|move|p2a: Dondozo|Sleep Talk|p2a: Dondozo\n|move|p2a: Dondozo|Wave Crash|p1a: Gyarados|[from] move: Sleep Talk\n|-resisted|p1a: Gyarados\n|-damage|p1a: Gyarados|50/280\n|-damage|p2a: Dondozo|199/362 slp|[from] Recoil\n|\n|-heal|p2a: Dondozo|221/362 slp|[from] item: Leftovers\n|upkeep\n|turn|40\n|\n|t:|1781394852\n|move|p1a: Gyarados|Earthquake|p2a: Dondozo\n|-damage|p2a: Dondozo|152/362 slp\n|-curestatus|p2a: Dondozo|slp|[msg]\n|move|p2a: Dondozo|Rest|p2a: Dondozo\n|-status|p2a: Dondozo|slp|[from] move: Rest\n|-heal|p2a: Dondozo|362/362 slp|[silent]\n|\n|upkeep\n|turn|41\n|\n|t:|1781394854\n|move|p1a: Gyarados|Earthquake|p2a: Dondozo\n|-damage|p2a: Dondozo|295/362 slp\n|cant|p2a: Dondozo|slp\n|move|p2a: Dondozo|Sleep Talk|p2a: Dondozo\n|move|p2a: Dondozo|Curse|p2a: Dondozo|[from] move: Sleep Talk\n|-unboost|p2a: Dondozo|spe|1\n|-boost|p2a: Dondozo|atk|1\n|-boost|p2a: Dondozo|def|1\n|\n|-heal|p2a: Dondozo|317/362 slp|[from] item: Leftovers\n|upkeep\n|turn|42\n|\n|t:|1781394856\n|move|p1a: Gyarados|Earthquake|p2a: Dondozo\n|-damage|p2a: Dondozo|274/362 slp\n|cant|p2a: Dondozo|slp\n|move|p2a: Dondozo|Sleep Talk|p2a: Dondozo\n|move|p2a: Dondozo|Curse|p2a: Dondozo|[from] move: Sleep Talk\n|-unboost|p2a: Dondozo|spe|1\n|-boost|p2a: Dondozo|atk|1\n|-boost|p2a: Dondozo|def|1\n|\n|-heal|p2a: Dondozo|296/362 slp|[from] item: Leftovers\n|upkeep\n|turn|43\n|\n|t:|1781394858\n|move|p1a: Gyarados|Earthquake|p2a: Dondozo\n|-damage|p2a: Dondozo|265/362 slp\n|-curestatus|p2a: Dondozo|slp|[msg]\n|move|p2a: Dondozo|Wave Crash|p1a: Gyarados\n|-resisted|p1a: Gyarados\n|-damage|p1a: Gyarados|0 fnt\n|faint|p1a: Gyarados\n|-damage|p2a: Dondozo|248/362|[from] Recoil\n|\n|-heal|p2a: Dondozo|270/362|[from] item: Leftovers\n|upkeep\n|-message|MMF6G forfeited.\n|\n|win|MandoWarrior\n", "inputlog": ">version a8376a258c1d4662feba110a92103f3664a72141\n>start {\"formatid\":\"gen9randombattle\",\"seed\":\"sodium,1647a911b45d9522d3bc25d9f50bd09f\",\"rated\":\"Rated battle\"}\n>player p1 {\"name\":\"MMF6G\",\"avatar\":\"veteran\",\"rating\":2047,\"seed\":\"sodium,4233049401e7e3df3ca4038b2feb2549\"}\n>player p2 {\"name\":\"MandoWarrior\",\"avatar\":\"giovanni\",\"rating\":2074,\"seed\":\"sodium,94e435aa05a18d44c54420449433b1a4\"}\n>p1 switch 6\n>p2 move curse\n>p1 move shadowball\n>p2 switch 6\n>p1 switch 3\n>p2 move spikes\n>p1 move closecombat\n>p2 switch 5\n>p1 switch 6\n>p2 move leechseed\n>p1 move sunsteelstrike\n>p2 switch 5\n>p1 switch 3\n>p2 move whirlwind\n>p1 switch 2\n>p2 switch 2\n>p1 move defog\n>p2 move knockoff\n>p1 move strengthsap\n>p2 move gigatonhammer\n>p1 switch 5\n>p1 move dragondance\n>p2 switch 5\n>p1 move temperflare\n>p2 move encore\n>p1 switch 2\n>p2 move leechseed\n>p1 move rockblast\n>p2 move moonblast\n>p1 switch 3\n>p2 move moonblast\n>p1 move morningsun\n>p2 switch 2\n>p1 switch 6\n>p2 move spikes\n>p1 move knockoff\n>p2 switch 3\n>p1 move machpunch\n>p2 move populationbomb\n>p2 switch 2\n>p1 move facade\n>p2 move leechseed\n>p2 switch 4\n>p1 move knockoff\n>p2 move hydropump\n>p1 switch 2\n>p1 move dragondance\n>p2 switch 6\n>p1 move earthquake\n>p2 move curse\n>p1 switch 3\n>p2 move curse\n>p1 move shellsmash terastallize\n>p2 move wavecrash\n>p1 move bulletseed\n>p2 move wavecrash\n>p1 switch 4\n>p1 move rockslide\n>p2 switch 3\n>p1 move firepunch\n>p2 move spikes\n>p1 switch 3\n>p2 move earthquake\n>p1 move dragondance\n>p2 move whirlwind\n>p1 move firepunch\n>p2 move earthquake\n>p1 move firepunch\n>p2 move spikes\n>p2 switch 5\n>p1 move earthquake\n>p2 move knockoff\n>p1 switch 3\n>p1 move dragondance\n>p2 move knockoff\n>p1 move dragondance\n>p2 move gigatonhammer\n>p1 move earthquake\n>p2 move playrough\n>p2 switch 3\n>p1 move earthquake\n>p2 move rest\n>p1 move earthquake\n>p2 move sleeptalk\n>p1 move earthquake\n>p2 move sleeptalk\n>p1 move earthquake\n>p2 move rest\n>p1 move earthquake\n>p2 move sleeptalk\n>p1 move earthquake\n>p2 move sleeptalk\n>p1 move earthquake\n>p2 move wavecrash\n>forcelose p1", "uploadtime": 1781394495, "views": 5, "formatid": "gen9randombattle", "rating": null, "private": 0, "password": null, "player_dets": [{"name": "MMF6G", "avatar": "veteran", "rating": 2047, "seed": "sodium,4233049401e7e3df3ca4038b2feb2549"}, {"name": "MandoWarrior", "avatar": "giovanni", "rating": 2074, "seed": "sodium,94e435aa05a18d44c54420449433b1a4"}], "teams_full": [{"Solgaleo": {"name": "Solgaleo", "species": "Solgaleo", "speciesId": "solgaleo", "gender": "N", "shiny": false, "level": 74, "moves": ["sunsteelstrike", "earthquake", "psychicfangs", "morningsun"], "ability": "Full Metal Body", "evs": {"hp": 85, "atk": 85, "def": 85, "spa": 85, "spd": 85, "spe": 85}, "ivs": {"hp": 31, "atk": 31, "def": 31, "spa": 31, "spd": 31, "spe": 31}, "item": "Leftovers", "teraType": "Water", "role": "Bulky Attacker", "bvs": {"hp": 137, "atk": 137, "def": 107, "spa": 113, "spd": 89, "spe": 97}, "stats": {"hp": 325, "atk": 246, "def": 201, "spa": 210, "spd": 175, "spe": 187}}, "Torterra": {"name": "Torterra", "species": "Torterra", "speciesId": "torterra", "gender": "M", "shiny": false, "level": 78, "moves": ["headlongrush", "shellsmash", "rockblast", "bulletseed"], "ability": "Overgrow", "evs": {"hp": 85, "atk": 85, "def": 85, "spa": 85, "spd": 85, "spe": 85}, "ivs": {"hp": 31, "atk": 31, "def": 31, "spa": 31, "spd": 31, "spe": 31}, "item": "Loaded Dice", "teraType": "Grass", "role": "Setup Sweeper", "bvs": {"hp": 95, "atk": 109, "def": 105, "spa": 75, "spd": 85, "spe": 56}, "stats": {"hp": 276, "atk": 215, "def": 209, "spa": 162, "spd": 178, "spe": 132}}, "Conkeldurr": {"name": "Conkeldurr", "species": "Conkeldurr", "speciesId": "conkeldurr", "gender": "F", "shiny": false, "level": 80, "moves": ["closecombat", "facade", "knockoff", "machpunch"], "ability": "Guts", "evs": {"hp": 85, "atk": 85, "def": 85, "spa": 85, "spd": 85, "spe": 85}, "ivs": {"hp": 31, "atk": 31, "def": 31, "spa": 31, "spd": 31, "spe": 31}, "item": "Flame Orb", "teraType": "Normal", "role": "Wallbreaker", "bvs": {"hp": 105, "atk": 140, "def": 95, "spa": 55, "spd": 65, "spe": 45}, "stats": {"hp": 299, "atk": 270, "def": 198, "spa": 134, "spd": 150, "spe": 118}}, "Rampardos": {"name": "Rampardos", "species": "Rampardos", "speciesId": "rampardos", "gender": "F", "shiny": false, "level": 90, "moves": ["zenheadbutt", "firepunch", "earthquake", "rockslide"], "ability": "Sheer Force", "evs": {"hp": 85, "atk": 85, "def": 85, "spa": 85, "spd": 85, "spe": 85}, "ivs": {"hp": 31, "atk": 31, "def": 31, "spa": 31, "spd": 31, "spe": 31}, "item": "Life Orb", "teraType": "Psychic", "role": "Wallbreaker", "bvs": {"hp": 97, "atk": 165, "def": 60, "spa": 65, "spd": 50, "spe": 58}, "stats": {"hp": 321, "atk": 348, "def": 159, "spa": 168, "spd": 141, "spe": 156}}, "Gyarados": {"name": "Gyarados", "species": "Gyarados", "speciesId": "gyarados", "gender": "F", "shiny": false, "level": 79, "moves": ["temperflare", "earthquake", "waterfall", "dragondance"], "ability": "Intimidate", "evs": {"hp": 85, "atk": 85, "def": 85, "spa": 85, "spd": 85, "spe": 85}, "ivs": {"hp": 31, "atk": 31, "def": 31, "spa": 31, "spd": 31, "spe": 31}, "item": "Heavy-Duty Boots", "teraType": "Ground", "role": "Setup Sweeper", "bvs": {"hp": 95, "atk": 125, "def": 79, "spa": 60, "spd": 100, "spe": 81}, "stats": {"hp": 280, "atk": 243, "def": 170, "spa": 140, "spd": 204, "spe": 174}}, "Drifblim": {"name": "Drifblim", "species": "Drifblim", "speciesId": "drifblim", "gender": "M", "shiny": false, "level": 86, "moves": ["strengthsap", "defog", "shadowball", "airslash"], "ability": "Aftermath", "evs": {"hp": 85, "atk": 0, "def": 85, "spa": 85, "spd": 85, "spe": 85}, "ivs": {"hp": 31, "atk": 0, "def": 31, "spa": 31, "spd": 31, "spe": 31}, "item": "Heavy-Duty Boots", "teraType": "Fairy", "role": "Bulky Attacker", "bvs": {"hp": 150, "atk": 80, "def": 44, "spa": 90, "spd": 54, "spe": 80}, "stats": {"hp": 398, "atk": 142, "def": 125, "spa": 204, "spd": 142, "spe": 187}}}, {"Dondozo": {"name": "Dondozo", "species": "Dondozo", "speciesId": "dondozo", "gender": "M", "shiny": false, "level": 78, "moves": ["curse", "rest", "sleeptalk", "wavecrash"], "ability": "Unaware", "evs": {"hp": 85, "atk": 85, "def": 85, "spa": 85, "spd": 85, "spe": 85}, "ivs": {"hp": 31, "atk": 31, "def": 31, "spa": 31, "spd": 31, "spe": 31}, "item": "Leftovers", "teraType": "Dragon", "role": "Bulky Setup", "bvs": {"hp": 150, "atk": 100, "def": 115, "spa": 65, "spd": 65, "spe": 35}, "stats": {"hp": 362, "atk": 201, "def": 224, "spa": 146, "spd": 146, "spe": 100}}, "Tinkaton": {"name": "Tinkaton", "species": "Tinkaton", "speciesId": "tinkaton", "gender": "F", "shiny": false, "level": 82, "moves": ["knockoff", "stealthrock", "playrough", "gigatonhammer"], "ability": "Mold Breaker", "evs": {"hp": 85, "atk": 85, "def": 85, "spa": 85, "spd": 85, "spe": 85}, "ivs": {"hp": 31, "atk": 31, "def": 31, "spa": 31, "spd": 31, "spe": 31}, "item": "Leftovers", "teraType": "Water", "role": "Bulky Attacker", "bvs": {"hp": 85, "atk": 75, "def": 77, "spa": 70, "spd": 105, "spe": 94}, "stats": {"hp": 274, "atk": 170, "def": 173, "spa": 162, "spd": 219, "spe": 201}}, "Smeargle": {"name": "Smeargle", "species": "Smeargle", "speciesId": "smeargle", "gender": "M", "shiny": false, "level": 95, "moves": ["shellsmash", "populationbomb", "spore", "powertrip"], "ability": "Technician", "evs": {"hp": 85, "atk": 85, "def": 85, "spa": 85, "spd": 85, "spe": 85}, "ivs": {"hp": 31, "atk": 31, "def": 31, "spa": 31, "spd": 31, "spe": 31}, "item": "Wide Lens", "teraType": "Normal", "role": "Setup Sweeper", "bvs": {"hp": 55, "atk": 20, "def": 35, "spa": 20, "spd": 45, "spe": 75}, "stats": {"hp": 258, "atk": 92, "def": 120, "spa": 92, "spd": 139, "spe": 196}}, "Golduck": {"name": "Golduck", "species": "Golduck", "speciesId": "golduck", "gender": "M", "shiny": false, "level": 90, "moves": ["grassknot", "flipturn", "hydropump", "icebeam"], "ability": "Cloud Nine", "evs": {"hp": 85, "atk": 85, "def": 85, "spa": 85, "spd": 85, "spe": 85}, "ivs": {"hp": 31, "atk": 31, "def": 31, "spa": 31, "spd": 31, "spe": 31}, "item": "Choice Specs", "teraType": "Grass", "role": "Fast Attacker", "bvs": {"hp": 80, "atk": 82, "def": 78, "spa": 95, "spd": 80, "spe": 85}, "stats": {"hp": 290, "atk": 199, "def": 192, "spa": 222, "spd": 195, "spe": 204}}, "Whimsicott": {"name": "Whimsicott", "species": "Whimsicott", "speciesId": "whimsicott", "gender": "M", "shiny": false, "level": 84, "moves": ["encore", "substitute", "moonblast", "leechseed"], "ability": "Prankster", "evs": {"hp": 85, "atk": 0, "def": 85, "spa": 85, "spd": 85, "spe": 85}, "ivs": {"hp": 31, "atk": 0, "def": 31, "spa": 31, "spd": 31, "spe": 31}, "item": "Leftovers", "teraType": "Poison", "role": "Bulky Support", "bvs": {"hp": 60, "atk": 67, "def": 85, "spa": 77, "spd": 75, "spe": 116}, "stats": {"hp": 238, "atk": 117, "def": 191, "spa": 178, "spd": 174, "spe": 243}}, "Ting-Lu": {"name": "Ting-Lu", "species": "Ting-Lu", "speciesId": "tinglu", "gender": "N", "shiny": false, "level": 78, "moves": ["throatchop", "whirlwind", "earthquake", "spikes"], "ability": "Vessel of Ruin", "evs": {"hp": 85, "atk": 85, "def": 85, "spa": 85, "spd": 85, "spe": 85}, "ivs": {"hp": 31, "atk": 31, "def": 31, "spa": 31, "spd": 31, "spe": 31}, "item": "Leftovers", "teraType": "Ghost", "role": "Bulky Support", "bvs": {"hp": 155, "atk": 110, "def": 125, "spa": 55, "spd": 80, "spe": 45}, "stats": {"hp": 370, "atk": 217, "def": 240, "spa": 131, "spd": 170, "spe": 115}}}]}