{"id": "gen9randombattle-2631543010", "format": "[Gen 9] Random Battle", "players": ["BeakBoi", "empolegoate"], "log": "|j|\u2606BeakBoi\n|j|\u2606empolegoate\n|t:|1781399005\n|gametype|singles\n|player|p1|BeakBoi|265|1230\n|player|p2|empolegoate|sailor|1199\n|gen|9\n|tier|[Gen 9] Random Battle\n|rated|\n|rule|Species Clause: Limit one of each Pok\u00e9mon\n|rule|HP Percentage Mod: HP is shown in percentages\n|rule|Sleep Clause Mod: Limit one foe put to sleep\n|rule|Illusion Level Mod: Illusion disguises the Pok\u00e9mon's true level\n|\n|t:|1781399005\n|teamsize|p1|6\n|teamsize|p2|6\n|start\n|switch|p1a: Comfey|Comfey, L85, M|225/225\n|switch|p2a: Mewtwo|Mewtwo, L72|272/272\n|-ability|p2a: Mewtwo|Unnerve\n|turn|1\n|\n|t:|1781399019\n|move|p2a: Mewtwo|Nasty Plot|p2a: Mewtwo\n|-boost|p2a: Mewtwo|spa|2\n|move|p1a: Comfey|Taunt|p2a: Mewtwo\n|-start|p2a: Mewtwo|move: Taunt\n|\n|upkeep\n|turn|2\n|\n|t:|1781399026\n|move|p2a: Mewtwo|Psystrike|p1a: Comfey\n|-damage|p1a: Comfey|0 fnt\n|faint|p1a: Comfey\n|-damage|p2a: Mewtwo|245/272|[from] item: Life Orb\n|\n|upkeep\n|\n|t:|1781399038\n|switch|p1a: Lycanroc|Lycanroc, L86, M|269/269\n|turn|3\n|\n|t:|1781399043\n|move|p1a: Lycanroc|Crunch|p2a: Mewtwo\n|-supereffective|p2a: Mewtwo\n|-damage|p2a: Mewtwo|40/272\n|-damage|p1a: Lycanroc|243/269|[from] item: Life Orb\n|move|p2a: Mewtwo|Aura Sphere|p1a: Lycanroc\n|-supereffective|p1a: Lycanroc\n|-damage|p1a: Lycanroc|0 fnt\n|faint|p1a: Lycanroc\n|-damage|p2a: Mewtwo|13/272|[from] item: Life Orb\n|\n|upkeep\n|\n|t:|1781399060\n|switch|p1a: Conkeldurr|Conkeldurr, L80, M|299/299\n|turn|4\n|\n|t:|1781399065\n|move|p1a: Conkeldurr|Mach Punch|p2a: Mewtwo\n|-resisted|p2a: Mewtwo\n|-damage|p2a: Mewtwo|0 fnt\n|faint|p2a: Mewtwo\n|\n|-status|p1a: Conkeldurr|brn|[from] item: Flame Orb\n|upkeep\n|\n|t:|1781399071\n|switch|p2a: Regigigas|Regigigas, L84|322/322\n|-start|p2a: Regigigas|ability: Slow Start\n|turn|5\n|\n|t:|1781399120\n|-terastallize|p2a: Regigigas|Ghost\n|move|p1a: Conkeldurr|Knock Off|p2a: Regigigas\n|-supereffective|p2a: Regigigas\n|-damage|p2a: Regigigas|100/322\n|-enditem|p2a: Regigigas|Leftovers|[from] move: Knock Off|[of] p1a: Conkeldurr\n|move|p2a: Regigigas|Body Slam|p1a: Conkeldurr\n|-damage|p1a: Conkeldurr|235/299 brn\n|\n|-damage|p1a: Conkeldurr|217/299 brn|[from] brn\n|upkeep\n|turn|6\n|\n|t:|1781399132\n|move|p1a: Conkeldurr|Knock Off|p2a: Regigigas\n|-supereffective|p2a: Regigigas\n|-damage|p2a: Regigigas|0 fnt\n|faint|p2a: Regigigas\n|-end|p2a: Regigigas|Slow Start|[silent]\n|\n|-damage|p1a: Conkeldurr|199/299 brn|[from] brn\n|upkeep\n|\n|t:|1781399135\n|switch|p2a: Heracross|Heracross, L80, M|259/259\n|turn|7\n|\n|t:|1781399148\n|switch|p1a: Gardevoir|Gardevoir, L83, F|249/249\n|-ability|p1a: Gardevoir|Moxie|Trace|[from] ability: Trace|[of] p2a: Heracross\n|move|p2a: Heracross|Earthquake|p1a: Gardevoir\n|-damage|p1a: Gardevoir|157/249\n|\n|upkeep\n|turn|8\n|\n|t:|1781399165\n|switch|p2a: Flareon|Flareon, L90, F|263/263\n|move|p1a: Gardevoir|Moonblast|p2a: Flareon\n|-resisted|p2a: Flareon\n|-damage|p2a: Flareon|219/263\n|\n|-status|p2a: Flareon|tox|[from] item: Toxic Orb\n|upkeep\n|turn|9\n|\n|t:|1781399170\n|switch|p1a: Pyroar|Pyroar, L88, F|295/295\n|-ability|p1a: Pyroar|Unnerve\n|move|p2a: Flareon|Trailblaze|p1a: Pyroar\n|-resisted|p1a: Pyroar\n|-damage|p1a: Pyroar|253/295\n|-boost|p2a: Flareon|spe|1\n|\n|-damage|p2a: Flareon|203/263 tox|[from] psn\n|upkeep\n|turn|10\n|\n|t:|1781399180\n|move|p2a: Flareon|Facade|p1a: Pyroar\n|-damage|p1a: Pyroar|26/295\n|move|p1a: Pyroar|Hyper Voice|p2a: Flareon\n|-damage|p2a: Flareon|116/263 tox\n|\n|-damage|p2a: Flareon|84/263 tox|[from] psn\n|upkeep\n|turn|11\n|\n|t:|1781399188\n|move|p2a: Flareon|Quick Attack|p1a: Pyroar\n|-damage|p1a: Pyroar|0 fnt\n|faint|p1a: Pyroar\n|\n|-damage|p2a: Flareon|36/263 tox|[from] psn\n|upkeep\n|\n|t:|1781399197\n|switch|p1a: Flapple|Flapple, L88, M|266/266\n|turn|12\n|\n|t:|1781399206\n|move|p1a: Flapple|Sucker Punch|p2a: Flareon\n|-damage|p2a: Flareon|0 fnt\n|faint|p2a: Flareon\n|\n|upkeep\n|\n|t:|1781399209\n|switch|p2a: Heracross|Heracross, L80, M|259/259\n|turn|13\n|\n|t:|1781399225\n|switch|p1a: Conkeldurr|Conkeldurr, L80, M|199/299 brn\n|move|p2a: Heracross|Megahorn|p1a: Conkeldurr\n|-resisted|p1a: Conkeldurr\n|-damage|p1a: Conkeldurr|129/299 brn\n|\n|-damage|p1a: Conkeldurr|111/299 brn|[from] brn\n|upkeep\n|turn|14\n|\n|t:|1781399240\n|switch|p2a: Gouging Fire|Gouging Fire, L74|277/277\n|move|p1a: Conkeldurr|Facade|p2a: Gouging Fire\n|-damage|p2a: Gouging Fire|116/277\n|\n|-damage|p1a: Conkeldurr|93/299 brn|[from] brn\n|upkeep\n|turn|15\n|\n|t:|1781399251\n|move|p1a: Conkeldurr|Mach Punch|p2a: Gouging Fire\n|-damage|p2a: Gouging Fire|44/277\n|move|p2a: Gouging Fire|Earthquake|p1a: Conkeldurr\n|-damage|p1a: Conkeldurr|29/299 brn\n|\n|-damage|p1a: Conkeldurr|11/299 brn|[from] brn\n|upkeep\n|turn|16\n|\n|t:|1781399258\n|-end|p2a: Gouging Fire|Protosynthesis|[silent]\n|switch|p2a: Heracross|Heracross, L80, M|259/259\n|move|p1a: Conkeldurr|Mach Punch|p2a: Heracross\n|-resisted|p2a: Heracross\n|-damage|p2a: Heracross|211/259\n|\n|-damage|p1a: Conkeldurr|0 fnt|[from] brn\n|faint|p1a: Conkeldurr\n|upkeep\n|\n|t:|1781399263\n|switch|p1a: Gardevoir|Gardevoir, L83, F|157/249\n|-ability|p1a: Gardevoir|Moxie|Trace|[from] ability: Trace|[of] p2a: Heracross\n|turn|17\n|inactive|Battle timer is ON: inactive players will automatically lose when time's up. (requested by empolegoate)\n|\n|t:|1781399361\n|move|p2a: Heracross|Megahorn|p1a: Gardevoir\n|-damage|p1a: Gardevoir|0 fnt\n|faint|p1a: Gardevoir\n|-ability|p2a: Heracross|Moxie|boost\n|-boost|p2a: Heracross|atk|1\n|\n|upkeep\n|\n|t:|1781399369\n|switch|p1a: Flapple|Flapple, L88, M|266/266\n|turn|18\n|\n|t:|1781399379\n|-terastallize|p1a: Flapple|Steel\n|move|p2a: Heracross|Megahorn|p1a: Flapple|[miss]\n|-miss|p2a: Heracross|p1a: Flapple\n|move|p1a: Flapple|Dragon Dance|p1a: Flapple\n|-boost|p1a: Flapple|atk|1\n|-boost|p1a: Flapple|spe|1\n|\n|upkeep\n|turn|19\n|\n|t:|1781399392\n|switch|p2a: Gouging Fire|Gouging Fire, L74|44/277\n|move|p1a: Flapple|Outrage|p2a: Gouging Fire\n|-supereffective|p2a: Gouging Fire\n|-damage|p2a: Gouging Fire|0 fnt\n|faint|p2a: Gouging Fire\n|-end|p2a: Gouging Fire|Protosynthesis|[silent]\n|\n|upkeep\n|\n|t:|1781399394\n|switch|p2a: Bisharp|Bisharp, L79, M|232/232\n|turn|20\n|\n|t:|1781399400\n|move|p2a: Bisharp|Sucker Punch|p1a: Flapple\n|-damage|p1a: Flapple|179/266\n|move|p1a: Flapple|Outrage|p2a: Bisharp|[from] lockedmove\n|-resisted|p2a: Bisharp\n|-damage|p2a: Bisharp|112/232\n|-start|p1a: Flapple|confusion|[fatigue]\n|\n|upkeep\n|turn|21\n|\n|t:|1781399413\n|-activate|p1a: Flapple|confusion\n|move|p1a: Flapple|Dragon Dance|p1a: Flapple\n|-boost|p1a: Flapple|atk|1\n|-boost|p1a: Flapple|spe|1\n|move|p2a: Bisharp|Throat Chop|p1a: Flapple\n|-damage|p1a: Flapple|91/266\n|-start|p1a: Flapple|Throat Chop|[silent]\n|\n|upkeep\n|turn|22\n|\n|t:|1781399423\n|move|p2a: Bisharp|Sucker Punch|p1a: Flapple\n|-damage|p1a: Flapple|4/266\n|-end|p1a: Flapple|confusion\n|move|p1a: Flapple|Outrage|p2a: Bisharp\n|-resisted|p2a: Bisharp\n|-damage|p2a: Bisharp|0 fnt\n|faint|p2a: Bisharp\n|\n|-end|p1a: Flapple|Throat Chop|[silent]\n|upkeep\n|\n|t:|1781399428\n|switch|p2a: Heracross|Heracross, L80, M|211/259\n|turn|23\n|\n|t:|1781399434\n|move|p1a: Flapple|Outrage|p2a: Heracross|[from] lockedmove\n|-damage|p2a: Heracross|0 fnt\n|faint|p2a: Heracross\n|-start|p1a: Flapple|confusion|[fatigue]\n|\n|win|BeakBoi\n|raw|BeakBoi's rating: 1230 &rarr; <strong>1253</strong><br />(+23 for winning)\n|raw|empolegoate's rating: 1199 &rarr; <strong>1176</strong><br />(-23 for losing)\n|c|\u2606BeakBoi|ggs\n|l|\u2606empolegoate\n|player|p2|\n", "uploadtime": 1781399456, "views": 3, "formatid": "gen9randombattle", "rating": 1176, "private": 0, "password": null}