{"id": "gen9randombattle-2631592785", "format": "[Gen 9] Random Battle", "players": ["medo6037", "Datboydougy"], "log": "|j|\u2606medo6037\n|j|\u203dDatboydougy\n|t:|1781405844\n|gametype|singles\n|player|p1|medo6037|n|2192\n|player|p2|Datboydougy|102|2180\n|gen|9\n|tier|[Gen 9] Random Battle\n|rated|\n|rule|Species Clause: Limit one of each Pok\u00e9mon\n|rule|HP Percentage Mod: HP is shown in percentages\n|rule|Sleep Clause Mod: Limit one foe put to sleep\n|rule|Illusion Level Mod: Illusion disguises the Pok\u00e9mon's true level\n|\n|t:|1781405844\n|teamsize|p1|6\n|teamsize|p2|6\n|start\n|switch|p1a: Urshifu|Urshifu, L74, F|270/270\n|switch|p2a: Munkidori|Munkidori, L79, M|269/269\n|turn|1\n|\n|t:|1781405852\n|move|p2a: Munkidori|Fake Out|p1a: Urshifu\n|-damage|p1a: Urshifu|250/270\n|-status|p1a: Urshifu|tox|[from] ability: Toxic Chain|[of] p2a: Munkidori\n|cant|p1a: Urshifu|flinch\n|\n|-damage|p1a: Urshifu|234/270 tox|[from] psn\n|upkeep\n|turn|2\n|\n|t:|1781405857\n|move|p1a: Urshifu|Wicked Blow|p2a: Munkidori\n|-supereffective|p2a: Munkidori\n|-crit|p2a: Munkidori\n|-damage|p2a: Munkidori|0 fnt\n|faint|p2a: Munkidori\n|\n|-damage|p1a: Urshifu|202/270 tox|[from] psn\n|upkeep\n|\n|t:|1781405863\n|switch|p2a: Ting-Lu|Ting-Lu, L78|370/370\n|-ability|p2a: Ting-Lu|Vessel of Ruin\n|turn|3\n|\n|t:|1781405881\n|switch|p1a: Eelektross|Eelektross, L87, F|290/290\n|move|p2a: Ting-Lu|Payback|p1a: Eelektross\n|-damage|p1a: Eelektross|241/290\n|\n|-heal|p1a: Eelektross|259/290|[from] item: Leftovers\n|upkeep\n|turn|4\n|\n|t:|1781405889\n|move|p1a: Eelektross|Knock Off|p2a: Ting-Lu\n|-resisted|p2a: Ting-Lu\n|-crit|p2a: Ting-Lu\n|-damage|p2a: Ting-Lu|323/370\n|-enditem|p2a: Ting-Lu|Assault Vest|[from] move: Knock Off|[of] p1a: Eelektross\n|move|p2a: Ting-Lu|Ruination|p1a: Eelektross\n|-damage|p1a: Eelektross|130/290\n|\n|-heal|p1a: Eelektross|148/290|[from] item: Leftovers\n|upkeep\n|turn|5\n|\n|t:|1781405920\n|switch|p2a: Golurk|Golurk, L87|297/297\n|move|p1a: Eelektross|Coil|p1a: Eelektross\n|-boost|p1a: Eelektross|atk|1\n|-boost|p1a: Eelektross|def|1\n|-boost|p1a: Eelektross|accuracy|1\n|\n|-heal|p1a: Eelektross|166/290|[from] item: Leftovers\n|upkeep\n|turn|6\n|\n|t:|1781405930\n|move|p2a: Golurk|Poltergeist|p1a: Eelektross\n|-activate|p1a: Eelektross|move: Poltergeist|Leftovers\n|-damage|p1a: Eelektross|0 fnt\n|faint|p1a: Eelektross\n|\n|upkeep\n|\n|t:|1781405938\n|switch|p1a: Urshifu|Urshifu, L74, F|202/270 tox\n|turn|7\n|\n|t:|1781405944\n|switch|p2a: Mabosstiff|Mabosstiff, L86, M|278/278\n|move|p1a: Urshifu|Close Combat|p2a: Mabosstiff\n|-supereffective|p2a: Mabosstiff\n|-damage|p2a: Mabosstiff|54/278\n|-unboost|p1a: Urshifu|def|1\n|-unboost|p1a: Urshifu|spd|1\n|\n|-damage|p1a: Urshifu|186/270 tox|[from] psn\n|upkeep\n|turn|8\n|\n|t:|1781405959\n|switch|p1a: Brambleghast|Brambleghast, L88, F|240/240\n|move|p2a: Mabosstiff|Psychic Fangs|p1a: Brambleghast\n|-damage|p1a: Brambleghast|72/240\n|\n|-heal|p1a: Brambleghast|87/240|[from] item: Leftovers\n|upkeep\n|turn|9\n|\n|t:|1781405986\n|move|p2a: Mabosstiff|Psychic Fangs|p1a: Brambleghast\n|-damage|p1a: Brambleghast|0 fnt\n|faint|p1a: Brambleghast\n|\n|upkeep\n|\n|t:|1781405995\n|switch|p1a: Urshifu|Urshifu, L74, F|186/270 tox\n|turn|10\n|\n|t:|1781406001\n|move|p2a: Mabosstiff|Psychic Fangs|p1a: Urshifu\n|-immune|p1a: Urshifu\n|move|p1a: Urshifu|U-turn|p2a: Mabosstiff\n|-supereffective|p2a: Mabosstiff\n|-damage|p2a: Mabosstiff|0 fnt\n|faint|p2a: Mabosstiff\n|\n|t:|1781406006\n|switch|p1a: Heracross|Heracross, L80, M|259/259|[from] U-turn\n|\n|-status|p1a: Heracross|brn|[from] item: Flame Orb\n|upkeep\n|\n|t:|1781406022\n|switch|p2a: Golurk|Golurk, L87|297/297\n|turn|11\n|\n|t:|1781406032\n|switch|p1a: Urshifu|Urshifu, L74, F|186/270 tox\n|move|p2a: Golurk|Dynamic Punch|p1a: Urshifu\n|-supereffective|p1a: Urshifu\n|-damage|p1a: Urshifu|0 fnt\n|faint|p1a: Urshifu\n|\n|upkeep\n|inactive|Battle timer is ON: inactive players will automatically lose when time's up. (requested by Datboydougy)\n|\n|t:|1781406036\n|switch|p1a: Ho-Oh|Ho-Oh, L71|268/268\n|turn|12\n|\n|t:|1781406057\n|switch|p2a: Ting-Lu|Ting-Lu, L78|323/370\n|-ability|p2a: Ting-Lu|Vessel of Ruin\n|move|p1a: Ho-Oh|Sacred Fire|p2a: Ting-Lu\n|-damage|p2a: Ting-Lu|238/370\n|\n|upkeep\n|turn|13\n|\n|t:|1781406066\n|move|p1a: Ho-Oh|Sacred Fire|p2a: Ting-Lu\n|-damage|p2a: Ting-Lu|165/370\n|move|p2a: Ting-Lu|Ruination|p1a: Ho-Oh\n|-damage|p1a: Ho-Oh|134/268\n|\n|upkeep\n|turn|14\n|\n|t:|1781406077\n|switch|p2a: Samurott|Samurott, L88, F|310/310\n|move|p1a: Ho-Oh|Sacred Fire|p2a: Samurott\n|-resisted|p2a: Samurott\n|-damage|p2a: Samurott|262/310\n|\n|upkeep\n|turn|15\n|\n|t:|1781406086\n|move|p2a: Samurott|Liquidation|p1a: Ho-Oh\n|-supereffective|p1a: Ho-Oh\n|-damage|p1a: Ho-Oh|0 fnt\n|faint|p1a: Ho-Oh\n|-damage|p2a: Samurott|231/310|[from] item: Life Orb\n|\n|upkeep\n|\n|t:|1781406107\n|switch|p1a: Heracross|Heracross, L80, M|259/259 brn\n|turn|16\n|\n|t:|1781406121\n|move|p1a: Heracross|Knock Off|p2a: Samurott\n|-damage|p2a: Samurott|120/310\n|-enditem|p2a: Samurott|Life Orb|[from] move: Knock Off|[of] p1a: Heracross\n|move|p2a: Samurott|Liquidation|p1a: Heracross\n|-damage|p1a: Heracross|133/259 brn\n|-unboost|p1a: Heracross|def|1\n|\n|-damage|p1a: Heracross|117/259 brn|[from] brn\n|upkeep\n|turn|17\n|\n|t:|1781406134\n|move|p2a: Samurott|Aqua Jet|p1a: Heracross\n|-damage|p1a: Heracross|33/259 brn\n|move|p1a: Heracross|Trailblaze|p2a: Samurott\n|-supereffective|p2a: Samurott\n|-crit|p2a: Samurott\n|-damage|p2a: Samurott|0 fnt\n|-boost|p1a: Heracross|spe|1\n|faint|p2a: Samurott\n|\n|-damage|p1a: Heracross|17/259 brn|[from] brn\n|upkeep\n|\n|t:|1781406164\n|switch|p2a: Ting-Lu|Ting-Lu, L78|165/370\n|-ability|p2a: Ting-Lu|Vessel of Ruin\n|turn|18\n|\n|t:|1781406177\n|move|p1a: Heracross|Knock Off|p2a: Ting-Lu\n|-resisted|p2a: Ting-Lu\n|-damage|p2a: Ting-Lu|132/370\n|move|p2a: Ting-Lu|Heavy Slam|p1a: Heracross\n|-damage|p1a: Heracross|0 fnt\n|faint|p1a: Heracross\n|\n|upkeep\n|\n|t:|1781406180\n|switch|p1a: Spectrier|Spectrier, L75|274/274\n|turn|19\n|\n|t:|1781406185\n|-terastallize|p1a: Spectrier|Fairy\n|move|p1a: Spectrier|Nasty Plot|p1a: Spectrier\n|-boost|p1a: Spectrier|spa|2\n|move|p2a: Ting-Lu|Earthquake|p1a: Spectrier\n|-damage|p1a: Spectrier|126/274\n|\n|-heal|p1a: Spectrier|143/274|[from] item: Leftovers\n|upkeep\n|turn|20\n|\n|t:|1781406197\n|move|p1a: Spectrier|Draining Kiss|p2a: Ting-Lu\n|-supereffective|p2a: Ting-Lu\n|-damage|p2a: Ting-Lu|0 fnt\n|-heal|p1a: Spectrier|242/274|[from] drain|[of] p2a: Ting-Lu\n|faint|p2a: Ting-Lu\n|-ability|p1a: Spectrier|Grim Neigh|boost\n|-boost|p1a: Spectrier|spa|1\n|\n|-heal|p1a: Spectrier|259/274|[from] item: Leftovers\n|upkeep\n|\n|t:|1781406203\n|switch|p2a: Golurk|Golurk, L87|297/297\n|turn|21\n|\n|t:|1781406217\n|-terastallize|p2a: Golurk|Ground\n|move|p1a: Spectrier|Substitute|p1a: Spectrier\n|-start|p1a: Spectrier|Substitute\n|-damage|p1a: Spectrier|191/274\n|move|p2a: Golurk|Earthquake|p1a: Spectrier\n|-end|p1a: Spectrier|Substitute\n|\n|-heal|p1a: Spectrier|208/274|[from] item: Leftovers\n|upkeep\n|turn|22\n|\n|t:|1781406225\n|move|p1a: Spectrier|Shadow Ball|p2a: Golurk\n|-damage|p2a: Golurk|33/297\n|move|p2a: Golurk|Earthquake|p1a: Spectrier\n|-damage|p1a: Spectrier|0 fnt\n|faint|p1a: Spectrier\n|\n|win|Datboydougy\n", "inputlog": ">version a8376a258c1d4662feba110a92103f3664a72141\n>start {\"formatid\":\"gen9randombattle\",\"seed\":\"sodium,0778630d6ea381f7daae383512734ce5\",\"rated\":\"Rated battle\"}\n>player p1 {\"name\":\"medo6037\",\"avatar\":\"n\",\"rating\":2192,\"seed\":\"sodium,24a302a58a0e6b02e050e2d6b363aaf6\"}\n>player p2 {\"name\":\"Datboydougy\",\"avatar\":\"102\",\"rating\":2180,\"seed\":\"sodium,5f1b9643180b30e52bf0cb1108110bf8\"}\n>p1 move wickedblow\n>p2 move fakeout\n>p1 move wickedblow\n>p2 move uturn\n>p2 switch 5\n>p1 switch 6\n>p2 move payback\n>p1 move knockoff\n>p2 move ruination\n>p1 move coil\n>p2 switch 4\n>p1 move knockoff\n>p2 move poltergeist\n>p1 switch 6\n>p1 move closecombat\n>p2 switch 3\n>p1 switch 5\n>p2 move psychicfangs\n>p1 move powerwhip\n>p2 move psychicfangs\n>p1 switch 5\n>p1 move uturn\n>p2 move psychicfangs\n>p1 switch 4\n>p2 switch 3\n>p1 switch 4\n>p2 move dynamicpunch\n>p1 switch 3\n>p1 move sacredfire\n>p2 switch 4\n>p1 move sacredfire\n>p2 move ruination\n>p1 move sacredfire\n>p2 switch 2\n>p1 move sacredfire\n>p2 move liquidation\n>p1 switch 4\n>p1 move knockoff\n>p2 move liquidation\n>p1 move trailblaze\n>p2 move aquajet\n>p2 switch 2\n>p1 move knockoff\n>p2 move heavyslam\n>p1 switch 2\n>p1 move nastyplot terastallize\n>p2 move earthquake\n>p1 move drainingkiss\n>p2 move heavyslam\n>p2 switch 4\n>p1 move substitute\n>p2 move earthquake terastallize\n>p1 move shadowball\n>p2 move earthquake", "uploadtime": 1781405846, "views": 4, "formatid": "gen9randombattle", "rating": null, "private": 0, "password": null}