{"id": "gen9randombattle-2631733942", "format": "[Gen 9] Random Battle", "players": ["ftaochaphet", "juan1738"], "log": "|j|\u2606ftaochaphet\n|j|\u2606juan1738\n|t:|1781430698\n|gametype|singles\n|player|p1|ftaochaphet|102|2203\n|player|p2|juan1738|102|2065\n|gen|9\n|tier|[Gen 9] Random Battle\n|rated|\n|rule|Species Clause: Limit one of each Pok\u00e9mon\n|rule|HP Percentage Mod: HP is shown in percentages\n|rule|Sleep Clause Mod: Limit one foe put to sleep\n|rule|Illusion Level Mod: Illusion disguises the Pok\u00e9mon's true level\n|\n|t:|1781430698\n|teamsize|p1|6\n|teamsize|p2|6\n|start\n|switch|p1a: Espathra|Espathra, L80, M|283/283\n|switch|p2a: Pyroar|Pyroar, L88, M|295/295\n|-ability|p2a: Pyroar|Unnerve\n|turn|1\n|inactive|Battle timer is ON: inactive players will automatically lose when time's up. (requested by ftaochaphet)\n|\n|t:|1781430713\n|move|p2a: Pyroar|Dark Pulse|p1a: Espathra\n|-supereffective|p1a: Espathra\n|-damage|p1a: Espathra|95/283\n|move|p1a: Espathra|Calm Mind|p1a: Espathra\n|-boost|p1a: Espathra|spa|1\n|-boost|p1a: Espathra|spd|1\n|\n|-heal|p1a: Espathra|112/283|[from] item: Leftovers\n|-ability|p1a: Espathra|Speed Boost|boost\n|-boost|p1a: Espathra|spe|1\n|upkeep\n|turn|2\n|\n|t:|1781430722\n|move|p1a: Espathra|Calm Mind|p1a: Espathra\n|-boost|p1a: Espathra|spa|1\n|-boost|p1a: Espathra|spd|1\n|move|p2a: Pyroar|Dark Pulse|p1a: Espathra\n|-supereffective|p1a: Espathra\n|-damage|p1a: Espathra|8/283\n|\n|-heal|p1a: Espathra|25/283|[from] item: Leftovers\n|-ability|p1a: Espathra|Speed Boost|boost\n|-boost|p1a: Espathra|spe|1\n|upkeep\n|turn|3\n|\n|t:|1781430731\n|move|p1a: Espathra|Stored Power|p2a: Pyroar\n|-damage|p2a: Pyroar|0 fnt\n|faint|p2a: Pyroar\n|\n|-heal|p1a: Espathra|42/283|[from] item: Leftovers\n|-ability|p1a: Espathra|Speed Boost|boost\n|-boost|p1a: Espathra|spe|1\n|upkeep\n|\n|t:|1781430739\n|switch|p2a: Krookodile|Krookodile, L79, F|280/280\n|-ability|p2a: Krookodile|Intimidate|boost\n|-unboost|p1a: Espathra|atk|1\n|turn|4\n|\n|t:|1781430744\n|-terastallize|p2a: Krookodile|Poison\n|move|p1a: Espathra|Dazzling Gleam|p2a: Krookodile\n|-resisted|p2a: Krookodile\n|-damage|p2a: Krookodile|210/280\n|move|p2a: Krookodile|Knock Off|p1a: Espathra\n|-supereffective|p1a: Espathra\n|-damage|p1a: Espathra|0 fnt\n|-enditem|p1a: Espathra|Leftovers|[from] move: Knock Off|[of] p2a: Krookodile\n|faint|p1a: Espathra\n|-damage|p2a: Krookodile|182/280|[from] item: Life Orb\n|\n|upkeep\n|\n|t:|1781430748\n|switch|p1a: Floatzel|Floatzel, L86, F|286/286\n|turn|5\n|\n|t:|1781430756\n|move|p1a: Floatzel|Bulk Up|p1a: Floatzel\n|-boost|p1a: Floatzel|atk|1\n|-boost|p1a: Floatzel|def|1\n|move|p2a: Krookodile|Stealth Rock|p1a: Floatzel\n|-sidestart|p1: ftaochaphet|move: Stealth Rock\n|\n|upkeep\n|turn|6\n|\n|t:|1781430773\n|move|p1a: Floatzel|Bulk Up|p1a: Floatzel\n|-boost|p1a: Floatzel|atk|1\n|-boost|p1a: Floatzel|def|1\n|move|p2a: Krookodile|Knock Off|p1a: Floatzel\n|-damage|p1a: Floatzel|192/286\n|-enditem|p1a: Floatzel|Leftovers|[from] move: Knock Off|[of] p2a: Krookodile\n|-damage|p2a: Krookodile|154/280|[from] item: Life Orb\n|\n|upkeep\n|turn|7\n|\n|t:|1781430778\n|move|p1a: Floatzel|Wave Crash|p2a: Krookodile\n|-damage|p2a: Krookodile|0 fnt\n|faint|p2a: Krookodile\n|-damage|p1a: Floatzel|141/286|[from] Recoil\n|\n|upkeep\n|\n|t:|1781430790\n|switch|p2a: Metagross|Metagross, L79|256/256\n|turn|8\n|\n|t:|1781430796\n|move|p1a: Floatzel|Wave Crash|p2a: Metagross\n|-damage|p2a: Metagross|52/256\n|-damage|p1a: Floatzel|74/286|[from] Recoil\n|move|p2a: Metagross|Agility|p2a: Metagross\n|-boost|p2a: Metagross|spe|2\n|\n|upkeep\n|turn|9\n|\n|t:|1781430802\n|move|p2a: Metagross|Psychic Fangs|p1a: Floatzel\n|-damage|p1a: Floatzel|2/286\n|move|p1a: Floatzel|Wave Crash|p2a: Metagross\n|-damage|p2a: Metagross|0 fnt\n|faint|p2a: Metagross\n|-damage|p1a: Floatzel|0 fnt|[from] Recoil\n|faint|p1a: Floatzel\n|\n|upkeep\n|\n|t:|1781430809\n|switch|p1a: Politoed|Politoed, L88, M|302/302\n|switch|p2a: Vikavolt|Vikavolt, L83, F|263/263\n|-damage|p1a: Politoed|265/302|[from] Stealth Rock\n|-weather|RainDance|[from] ability: Drizzle|[of] p1a: Politoed\n|turn|10\n|\n|t:|1781430814\n|-terastallize|p1a: Politoed|Water\n|move|p1a: Politoed|Weather Ball|p2a: Vikavolt\n|-damage|p2a: Vikavolt|0 fnt\n|faint|p2a: Vikavolt\n|\n|-weather|RainDance|[upkeep]\n|upkeep\n|\n|t:|1781430819\n|switch|p2a: Walking Wake|Walking Wake, L79|286/286\n|turn|11\n|\n|t:|1781430822\n|switch|p1a: Scream Tail|Scream Tail, L84|330/330\n|-damage|p1a: Scream Tail|289/330|[from] Stealth Rock\n|move|p2a: Walking Wake|Sunny Day|p2a: Walking Wake\n|-weather|SunnyDay\n|-activate|p1a: Scream Tail|ability: Protosynthesis\n|-start|p1a: Scream Tail|protosynthesisspd\n|-activate|p2a: Walking Wake|ability: Protosynthesis\n|-start|p2a: Walking Wake|protosynthesisspa\n|\n|-weather|SunnyDay|[upkeep]\n|-heal|p1a: Scream Tail|309/330|[from] item: Leftovers\n|upkeep\n|turn|12\n|\n|t:|1781430829\n|move|p1a: Scream Tail|Play Rough|p2a: Walking Wake\n|-supereffective|p2a: Walking Wake\n|-damage|p2a: Walking Wake|148/286\n|move|p2a: Walking Wake|Hydro Steam|p1a: Scream Tail\n|-damage|p1a: Scream Tail|153/330\n|-damage|p2a: Walking Wake|120/286|[from] item: Life Orb\n|\n|-weather|SunnyDay|[upkeep]\n|-heal|p1a: Scream Tail|173/330|[from] item: Leftovers\n|upkeep\n|turn|13\n|\n|t:|1781430834\n|move|p1a: Scream Tail|Play Rough|p2a: Walking Wake\n|-supereffective|p2a: Walking Wake\n|-damage|p2a: Walking Wake|0 fnt\n|faint|p2a: Walking Wake\n|-end|p2a: Walking Wake|Protosynthesis|[silent]\n|\n|-weather|SunnyDay|[upkeep]\n|-heal|p1a: Scream Tail|193/330|[from] item: Leftovers\n|upkeep\n|\n|t:|1781430837\n|switch|p2a: Cloyster|Cloyster, L80, M|211/211\n|turn|14\n|\n|t:|1781430839\n|move|p1a: Scream Tail|Thunder Wave|p2a: Cloyster\n|-status|p2a: Cloyster|par\n|move|p2a: Cloyster|Shell Smash|p2a: Cloyster\n|-unboost|p2a: Cloyster|def|1\n|-unboost|p2a: Cloyster|spd|1\n|-boost|p2a: Cloyster|atk|2\n|-boost|p2a: Cloyster|spa|2\n|-boost|p2a: Cloyster|spe|2\n|-enditem|p2a: Cloyster|White Herb\n|-clearnegativeboost|p2a: Cloyster|[silent]\n|\n|-weather|SunnyDay|[upkeep]\n|-heal|p1a: Scream Tail|213/330|[from] item: Leftovers\n|upkeep\n|turn|15\n|\n|t:|1781430843\n|move|p1a: Scream Tail|Play Rough|p2a: Cloyster\n|-damage|p2a: Cloyster|168/211 par\n|cant|p2a: Cloyster|par\n|\n|-weather|none\n|-end|p1a: Scream Tail|Protosynthesis\n|-heal|p1a: Scream Tail|233/330|[from] item: Leftovers\n|upkeep\n|turn|16\n|\n|t:|1781430846\n|-end|p1a: Scream Tail|Protosynthesis|[silent]\n|switch|p1a: Politoed|Politoed, L88, M, tera:Water|265/302\n|-damage|p1a: Politoed|228/302|[from] Stealth Rock\n|-weather|RainDance|[from] ability: Drizzle|[of] p1a: Politoed\n|move|p2a: Cloyster|Shell Smash|p2a: Cloyster\n|-unboost|p2a: Cloyster|def|1\n|-unboost|p2a: Cloyster|spd|1\n|-boost|p2a: Cloyster|atk|2\n|-boost|p2a: Cloyster|spa|2\n|-boost|p2a: Cloyster|spe|2\n|\n|-weather|RainDance|[upkeep]\n|upkeep\n|turn|17\n|\n|t:|1781430851\n|move|p2a: Cloyster|Rock Blast|p1a: Politoed\n|-damage|p1a: Politoed|175/302\n|-damage|p1a: Politoed|124/302\n|-damage|p1a: Politoed|67/302\n|-damage|p1a: Politoed|14/302\n|-damage|p1a: Politoed|0 fnt\n|faint|p1a: Politoed\n|-hitcount|p1: Politoed|5\n|\n|-weather|RainDance|[upkeep]\n|upkeep\n|\n|t:|1781430856\n|switch|p1a: Dodrio|Dodrio, L85, M|241/241\n|turn|18\n|\n|t:|1781430861\n|move|p2a: Cloyster|Icicle Spear|p1a: Dodrio\n|-supereffective|p1a: Dodrio\n|-damage|p1a: Dodrio|77/241\n|-supereffective|p1a: Dodrio\n|-damage|p1a: Dodrio|0 fnt\n|faint|p1a: Dodrio\n|-hitcount|p1: Dodrio|2\n|\n|-weather|RainDance|[upkeep]\n|upkeep\n|\n|t:|1781430863\n|switch|p1a: Ceruledge|Ceruledge, L78, F|245/245\n|turn|19\n|\n|t:|1781430872\n|move|p1a: Ceruledge|Shadow Sneak|p2a: Cloyster\n|-damage|p2a: Cloyster|123/211 par\n|cant|p2a: Cloyster|par\n|\n|-weather|RainDance|[upkeep]\n|upkeep\n|turn|20\n|\n|t:|1781430877\n|move|p1a: Ceruledge|Shadow Sneak|p2a: Cloyster\n|-damage|p2a: Cloyster|78/211 par\n|move|p2a: Cloyster|Rock Blast|p1a: Ceruledge\n|-supereffective|p1a: Ceruledge\n|-damage|p1a: Ceruledge|139/245\n|-ability|p1a: Ceruledge|Weak Armor|boost\n|-unboost|p1a: Ceruledge|def|1\n|-boost|p1a: Ceruledge|spe|2\n|-supereffective|p1a: Ceruledge\n|-damage|p1a: Ceruledge|0 fnt\n|faint|p1a: Ceruledge\n|-hitcount|p1: Ceruledge|2\n|\n|-weather|none\n|upkeep\n|\n|t:|1781430878\n|switch|p1a: Scream Tail|Scream Tail, L84|233/330\n|-damage|p1a: Scream Tail|192/330|[from] Stealth Rock\n|turn|21\n|\n|t:|1781430883\n|move|p2a: Cloyster|Icicle Spear|p1a: Scream Tail\n|-damage|p1a: Scream Tail|129/330\n|-damage|p1a: Scream Tail|59/330\n|-crit|p1a: Scream Tail\n|-damage|p1a: Scream Tail|0 fnt\n|faint|p1a: Scream Tail\n|-end|p1a: Scream Tail|Protosynthesis|[silent]\n|-hitcount|p1: Scream Tail|3\n|\n|win|juan1738\n|raw|ftaochaphet's rating: 2203 &rarr; <strong>2175</strong><br />(-28 for losing)\n|raw|juan1738's rating: 2065 &rarr; <strong>2093</strong><br />(+28 for winning)\n", "uploadtime": 1781430700, "views": 3, "formatid": "gen9randombattle", "rating": 2093, "private": 0, "password": null}