{"id": "gen9randombattle-2631665918", "format": "[Gen 9] Random Battle", "players": ["phivu", "hcff"], "log": "|badge|p1|bronze|gen9randombattle|100-9\n|uhtml|medal-msg|<div class=\"broadcast-blue\">Curious what those medals under the avatar are? PS now has Ladder Seasons! For more information, check out the <a href=\"https://www.smogon.com/forums/threads/3740067/\">thread on Smogon.</a></div>\n|j|\u2606phivu\n|j|\u2606hcff\n|t:|1781417756\n|gametype|singles\n|player|p1|phivu|266|2318\n|player|p2|hcff|ingo|2311\n|gen|9\n|tier|[Gen 9] Random Battle\n|rated|\n|rule|Species Clause: Limit one of each Pok\u00e9mon\n|rule|HP Percentage Mod: HP is shown in percentages\n|rule|Sleep Clause Mod: Limit one foe put to sleep\n|rule|Illusion Level Mod: Illusion disguises the Pok\u00e9mon's true level\n|\n|t:|1781417756\n|teamsize|p1|6\n|teamsize|p2|6\n|start\n|switch|p1a: Moltres|Moltres, L81|278/278\n|switch|p2a: Calyrex|Calyrex-Shadow, L64|235/235\n|-ability|p2a: Calyrex|As One\n|-ability|p2a: Calyrex|Unnerve\n|turn|1\n|\n|t:|1781417789\n|move|p2a: Calyrex|Astral Barrage|p1a: Moltres\n|-damage|p1a: Moltres|103/278\n|move|p1a: Moltres|Brave Bird|p2a: Calyrex\n|-damage|p2a: Calyrex|54/235\n|-damage|p1a: Moltres|43/278|[from] Recoil\n|\n|upkeep\n|turn|2\n|\n|t:|1781417803\n|switch|p2a: Lycanroc|Lycanroc, L86, M|269/269\n|move|p1a: Moltres|Brave Bird|p2a: Lycanroc\n|-resisted|p2a: Lycanroc\n|-damage|p2a: Lycanroc|194/269\n|-damage|p1a: Moltres|18/278|[from] Recoil\n|\n|upkeep\n|turn|3\n|\n|t:|1781417816\n|switch|p1a: Okidogi|Okidogi, L77, M|262/262\n|move|p2a: Lycanroc|Stealth Rock|p1a: Okidogi\n|-sidestart|p1: phivu|move: Stealth Rock\n|\n|upkeep\n|turn|4\n|\n|t:|1781417824\n|switch|p2a: Bronzong|Bronzong, L88|261/261\n|move|p1a: Okidogi|Knock Off|p2a: Bronzong\n|-supereffective|p2a: Bronzong\n|-damage|p2a: Bronzong|157/261\n|-enditem|p2a: Bronzong|Leftovers|[from] move: Knock Off|[of] p1a: Okidogi\n|\n|upkeep\n|turn|5\n|\n|t:|1781417852\n|switch|p1a: Pelipper|Pelipper, L86, F|243/243\n|-weather|RainDance|[from] ability: Drizzle|[of] p1a: Pelipper\n|move|p2a: Bronzong|Hypnosis|p1a: Pelipper\n|-status|p1a: Pelipper|slp|[from] move: Hypnosis\n|\n|-weather|RainDance|[upkeep]\n|upkeep\n|turn|6\n|\n|t:|1781417884\n|switch|p1a: Dragapult|Dragapult, L77, F|262/262\n|-damage|p1a: Dragapult|230/262|[from] Stealth Rock\n|switch|p2a: Calyrex|Calyrex-Shadow, L64|54/235\n|-ability|p2a: Calyrex|As One\n|-ability|p2a: Calyrex|Unnerve\n|\n|-weather|RainDance|[upkeep]\n|upkeep\n|turn|7\n|\n|t:|1781417891\n|switch|p2a: Mightyena|Mightyena, L96, M|290/290\n|-ability|p2a: Mightyena|Intimidate|boost\n|-fail|p1a: Dragapult|unboost|[from] ability: Clear Body|[of] p1a: Dragapult\n|move|p1a: Dragapult|Dragon Darts|p2a: Mightyena\n|-damage|p2a: Mightyena|215/290\n|-anim|p1a: Dragapult|Dragon Darts|p2a: Mightyena\n|-damage|p2a: Mightyena|140/290\n|-damage|p1a: Dragapult|204/262|[from] item: Life Orb\n|\n|-weather|RainDance|[upkeep]\n|-heal|p2a: Mightyena|158/290|[from] item: Leftovers\n|upkeep\n|turn|8\n|\n|t:|1781417904\n|switch|p1a: Klawf|Klawf, L90, F|272/272\n|-damage|p1a: Klawf|238/272|[from] Stealth Rock\n|move|p2a: Mightyena|Crunch|p1a: Klawf\n|-damage|p1a: Klawf|162/272\n|\n|-weather|RainDance|[upkeep]\n|-heal|p2a: Mightyena|176/290|[from] item: Leftovers\n|upkeep\n|turn|9\n|\n|t:|1781417913\n|switch|p2a: Toxicroak|Toxicroak, L84, M|277/277\n|move|p1a: Klawf|Stealth Rock|p2a: Toxicroak\n|-sidestart|p2: hcff|move: Stealth Rock\n|\n|-weather|none\n|upkeep\n|turn|10\n|\n|t:|1781417924\n|move|p2a: Toxicroak|Knock Off|p1a: Klawf\n|-damage|p1a: Klawf|88/272\n|-enditem|p1a: Klawf|Life Orb|[from] move: Knock Off|[of] p2a: Toxicroak\n|-damage|p2a: Toxicroak|250/277|[from] item: Life Orb\n|move|p1a: Klawf|High Horsepower|p2a: Toxicroak\n|-supereffective|p2a: Toxicroak\n|-damage|p2a: Toxicroak|58/277\n|\n|upkeep\n|turn|11\n|\n|t:|1781417945\n|move|p2a: Toxicroak|Knock Off|p1a: Klawf\n|-damage|p1a: Klawf|41/272\n|-damage|p2a: Toxicroak|31/277|[from] item: Life Orb\n|move|p1a: Klawf|Knock Off|p2a: Toxicroak\n|-resisted|p2a: Toxicroak\n|-damage|p2a: Toxicroak|0 fnt\n|-enditem|p2a: Toxicroak|Life Orb|[from] move: Knock Off|[of] p1a: Klawf\n|faint|p2a: Toxicroak\n|\n|upkeep\n|\n|t:|1781417949\n|switch|p2a: Brambleghast|Brambleghast, L88, F|240/240\n|turn|12\n|\n|t:|1781417959\n|move|p2a: Brambleghast|Power Whip|p1a: Klawf\n|-supereffective|p1a: Klawf\n|-damage|p1a: Klawf|0 fnt\n|faint|p1a: Klawf\n|\n|upkeep\n|\n|t:|1781417986\n|switch|p1a: Okidogi|Okidogi, L77, M|262/262\n|-damage|p1a: Okidogi|246/262|[from] Stealth Rock\n|turn|13\n|\n|t:|1781417999\n|move|p2a: Brambleghast|Rapid Spin|p1a: Okidogi\n|-damage|p1a: Okidogi|208/262\n|-boost|p2a: Brambleghast|spe|1\n|-sideend|p2: hcff|Stealth Rock|[from] move: Rapid Spin|[of] p2a: Brambleghast\n|move|p1a: Okidogi|Knock Off|p2a: Brambleghast\n|-supereffective|p2a: Brambleghast\n|-damage|p2a: Brambleghast|70/240\n|-status|p2a: Brambleghast|tox|[from] ability: Toxic Chain|[of] p1a: Okidogi\n|-enditem|p2a: Brambleghast|Heavy-Duty Boots|[from] move: Knock Off|[of] p1a: Okidogi\n|\n|-damage|p2a: Brambleghast|55/240 tox|[from] psn\n|upkeep\n|turn|14\n|\n|t:|1781418024\n|move|p2a: Brambleghast|Spikes|p1a: Okidogi\n|-sidestart|p1: phivu|Spikes\n|move|p1a: Okidogi|Knock Off|p2a: Brambleghast\n|-supereffective|p2a: Brambleghast\n|-damage|p2a: Brambleghast|0 fnt\n|faint|p2a: Brambleghast\n|\n|upkeep\n|\n|t:|1781418027\n|switch|p2a: Bronzong|Bronzong, L88|157/261\n|turn|15\n|\n|t:|1781418039\n|switch|p1a: Moltres|Moltres, L81|18/278\n|move|p2a: Bronzong|Hypnosis|p1a: Moltres\n|-message|Sleep Clause Mod activated.\n|-hint|Sleep Clause Mod prevents players from putting more than one of their opponent's Pok\u00e9mon to sleep at a time\n|\n|upkeep\n|turn|16\n|c|\u2606hcff|Oops\n|\n|t:|1781418057\n|switch|p2a: Lycanroc|Lycanroc, L86, M|194/269\n|move|p1a: Moltres|Will-O-Wisp|p2a: Lycanroc\n|-status|p2a: Lycanroc|brn\n|\n|-damage|p2a: Lycanroc|178/269 brn|[from] brn\n|upkeep\n|turn|17\n|\n|t:|1781418064\n|move|p2a: Lycanroc|Close Combat|p1a: Moltres\n|-resisted|p1a: Moltres\n|-crit|p1a: Moltres\n|-damage|p1a: Moltres|0 fnt\n|-unboost|p2a: Lycanroc|def|1\n|-unboost|p2a: Lycanroc|spd|1\n|faint|p1a: Moltres\n|-damage|p2a: Lycanroc|152/269 brn|[from] item: Life Orb\n|\n|-damage|p2a: Lycanroc|136/269 brn|[from] brn\n|upkeep\n|\n|t:|1781418085\n|switch|p1a: Okidogi|Okidogi, L77, M|208/262\n|-damage|p1a: Okidogi|192/262|[from] Stealth Rock\n|-damage|p1a: Okidogi|160/262|[from] Spikes\n|turn|18\n|\n|t:|1781418089\n|move|p2a: Lycanroc|Stone Edge|p1a: Okidogi\n|-resisted|p1a: Okidogi\n|-damage|p1a: Okidogi|126/262\n|-damage|p2a: Lycanroc|110/269 brn|[from] item: Life Orb\n|move|p1a: Okidogi|Drain Punch|p2a: Lycanroc\n|-supereffective|p2a: Lycanroc\n|-damage|p2a: Lycanroc|0 fnt\n|-heal|p1a: Okidogi|181/262|[from] drain|[of] p2a: Lycanroc\n|faint|p2a: Lycanroc\n|\n|upkeep\n|\n|t:|1781418091\n|switch|p2a: Bronzong|Bronzong, L88|157/261\n|turn|19\n|\n|t:|1781418106\n|move|p1a: Okidogi|Drain Punch|p2a: Bronzong\n|-damage|p2a: Bronzong|90/261\n|-heal|p1a: Okidogi|215/262|[from] drain|[of] p2a: Bronzong\n|move|p2a: Bronzong|Psychic Noise|p1a: Okidogi\n|-supereffective|p1a: Okidogi\n|-damage|p1a: Okidogi|0 fnt\n|faint|p1a: Okidogi\n|\n|upkeep\n|\n|t:|1781418131\n|switch|p1a: Gardevoir|Gardevoir, L83, F|249/249\n|-damage|p1a: Gardevoir|218/249|[from] Stealth Rock\n|-damage|p1a: Gardevoir|187/249|[from] Spikes\n|-ability|p1a: Gardevoir|Levitate|Trace|[from] ability: Trace|[of] p2a: Bronzong\n|turn|20\n|\n|t:|1781418165\n|-terastallize|p2a: Bronzong|Electric\n|move|p1a: Gardevoir|Mystical Fire|p2a: Bronzong\n|-crit|p2a: Bronzong\n|-damage|p2a: Bronzong|14/261\n|-unboost|p2a: Bronzong|spa|1\n|move|p2a: Bronzong|Iron Head|p1a: Gardevoir\n|-supereffective|p1a: Gardevoir\n|-damage|p1a: Gardevoir|0 fnt\n|faint|p1a: Gardevoir\n|\n|upkeep\n|\n|t:|1781418193\n|switch|p1a: Pelipper|Pelipper, L86, F|243/243 slp\n|-weather|RainDance|[from] ability: Drizzle|[of] p1a: Pelipper\n|turn|21\n|\n|t:|1781418202\n|cant|p1a: Pelipper|slp\n|move|p2a: Bronzong|Psychic Noise|p1a: Pelipper\n|-damage|p1a: Pelipper|185/243 slp\n|-start|p1a: Pelipper|move: Heal Block\n|\n|-weather|RainDance|[upkeep]\n|upkeep\n|turn|22\n|\n|t:|1781418210\n|cant|p1a: Pelipper|slp\n|move|p2a: Bronzong|Psychic Noise|p1a: Pelipper\n|-damage|p1a: Pelipper|130/243 slp\n|\n|-weather|RainDance|[upkeep]\n|-end|p1a: Pelipper|move: Heal Block\n|upkeep\n|turn|23\n|\n|t:|1781418212\n|cant|p1a: Pelipper|slp\n|move|p2a: Bronzong|Psychic Noise|p1a: Pelipper\n|-damage|p1a: Pelipper|75/243 slp\n|-start|p1a: Pelipper|move: Heal Block\n|\n|-weather|RainDance|[upkeep]\n|upkeep\n|turn|24\n|\n|t:|1781418216\n|-curestatus|p1a: Pelipper|slp|[msg]\n|move|p1a: Pelipper|Knock Off|p2a: Bronzong\n|-damage|p2a: Bronzong|0 fnt\n|faint|p2a: Bronzong\n|\n|-weather|RainDance|[upkeep]\n|-end|p1a: Pelipper|move: Heal Block\n|upkeep\n|\n|t:|1781418220\n|switch|p2a: Mightyena|Mightyena, L96, M|176/290\n|-ability|p2a: Mightyena|Intimidate|boost\n|-unboost|p1a: Pelipper|atk|1\n|turn|25\n|\n|t:|1781418232\n|move|p2a: Mightyena|Crunch|p1a: Pelipper\n|-damage|p1a: Pelipper|0 fnt\n|faint|p1a: Pelipper\n|\n|-weather|none\n|-heal|p2a: Mightyena|194/290|[from] item: Leftovers\n|upkeep\n|\n|t:|1781418235\n|switch|p1a: Dragapult|Dragapult, L77, F|204/262\n|-damage|p1a: Dragapult|172/262|[from] Stealth Rock\n|-damage|p1a: Dragapult|140/262|[from] Spikes\n|turn|26\n|\n|t:|1781418240\n|move|p1a: Dragapult|Dragon Darts|p2a: Mightyena\n|-damage|p2a: Mightyena|128/290\n|-anim|p1a: Dragapult|Dragon Darts|p2a: Mightyena\n|-damage|p2a: Mightyena|57/290\n|-damage|p1a: Dragapult|114/262|[from] item: Life Orb\n|move|p2a: Mightyena|Crunch|p1a: Dragapult\n|-supereffective|p1a: Dragapult\n|-damage|p1a: Dragapult|0 fnt\n|faint|p1a: Dragapult\n|\n|win|hcff\n|raw|phivu's rating: 2318 &rarr; <strong>2298</strong><br />(-20 for losing)\n|raw|hcff's rating: 2311 &rarr; <strong>2331</strong><br />(+20 for winning)\n|l|\u2606phivu\n|player|p1|\n", "inputlog": ">version a8376a258c1d4662feba110a92103f3664a72141\n>start {\"formatid\":\"gen9randombattle\",\"seed\":\"sodium,ecf54dc5be3b2876b97d2f06c6af9ee3\",\"rated\":\"Rated battle\"}\n>player p1 {\"name\":\"phivu\",\"avatar\":\"266\",\"rating\":2318,\"seed\":\"sodium,c85f0f3d0829a74e4f8afcdfdd72acb1\"}\n>player p2 {\"name\":\"hcff\",\"avatar\":\"ingo\",\"rating\":2311,\"seed\":\"sodium,541691cfe3fc5d04b4898756cf110b03\"}\n>p1 move bravebird\n>p2 move astralbarrage\n>p1 move bravebird\n>p2 switch 4\n>p1 switch 3\n>p2 move stealthrock\n>p1 move knockoff\n>p2 switch 3\n>p1 switch 5\n>p2 move hypnosis\n>p1 switch 4\n>p2 switch 4\n>p1 move dragondarts\n>p2 switch 6\n>p1 switch 6\n>p2 move crunch\n>p1 move stealthrock\n>p2 switch 2\n>p1 move highhorsepower\n>p2 move knockoff\n>p1 move knockoff\n>p2 move knockoff\n>p2 switch 5\n>p1 move knockoff\n>p2 move powerwhip\n>p1 switch 5\n>p1 move knockoff\n>p2 move rapidspin\n>p1 move knockoff\n>p2 move spikes\n>p2 switch 4\n>p1 switch 3\n>p2 move hypnosis\n>chat \u2606hcff|Oops\n>p1 move willowisp\n>p2 switch 3\n>p1 move roost\n>p2 move closecombat\n>p1 switch 3\n>p1 move drainpunch\n>p2 move stoneedge\n>p2 switch 3\n>p1 move drainpunch\n>p2 move psychicnoise\n>p1 switch 2\n>p1 move mysticalfire\n>p2 move ironhead terastallize\n>p1 switch 4\n>p1 move surf\n>p2 move psychicnoise\n>p1 move knockoff\n>p2 move psychicnoise\n>p1 move roost\n>p2 move psychicnoise\n>p1 move knockoff\n>p2 move psychicnoise\n>p2 switch 2\n>p1 move surf\n>p2 move crunch\n>p1 switch 6\n>p1 move dragondarts\n>p2 move crunch", "uploadtime": 1781418244, "views": 7, "formatid": "gen9randombattle", "rating": 2298, "private": 0, "password": null}