{"id": "gen9randombattle-2631635988", "format": "[Gen 9] Random Battle", "players": ["gr88nhood", "gasolfaria"], "log": "|j|\u2606gr88nhood\n|j|\u2606gasolfaria\n|t:|1781412505\n|gametype|singles\n|player|p1|gr88nhood|2|1706\n|player|p2|gasolfaria|pokemonrangerf|1753\n|gen|9\n|tier|[Gen 9] Random Battle\n|rated|\n|rule|Species Clause: Limit one of each Pok\u00e9mon\n|rule|HP Percentage Mod: HP is shown in percentages\n|rule|Sleep Clause Mod: Limit one foe put to sleep\n|rule|Illusion Level Mod: Illusion disguises the Pok\u00e9mon's true level\n|\n|t:|1781412505\n|teamsize|p1|6\n|teamsize|p2|6\n|start\n|switch|p1a: Lapras|Lapras, L87, M|367/367\n|switch|p2a: Bronzong|Bronzong, L88|261/261\n|turn|1\n|\n|t:|1781412514\n|switch|p1a: Palossand|Palossand, L89, F|296/296\n|move|p2a: Bronzong|Iron Defense|p2a: Bronzong\n|-boost|p2a: Bronzong|def|2\n|\n|upkeep\n|turn|2\n|\n|t:|1781412524\n|switch|p2a: Chien-Pao|Chien-Pao, L72|234/234\n|-ability|p2a: Chien-Pao|Sword of Ruin\n|move|p1a: Palossand|Shadow Ball|p2a: Chien-Pao\n|-resisted|p2a: Chien-Pao\n|-damage|p2a: Chien-Pao|159/234\n|\n|upkeep\n|turn|3\n|\n|t:|1781412534\n|switch|p1a: Registeel|Registeel, L81|262/262\n|move|p2a: Chien-Pao|Crunch|p1a: Registeel\n|-damage|p1a: Registeel|156/262\n|\n|upkeep\n|turn|4\n|\n|t:|1781412540\n|move|p2a: Chien-Pao|Crunch|p1a: Registeel\n|-damage|p1a: Registeel|60/262\n|move|p1a: Registeel|Iron Head|p2a: Chien-Pao\n|-supereffective|p2a: Chien-Pao\n|-damage|p2a: Chien-Pao|7/234\n|\n|upkeep\n|turn|5\n|\n|t:|1781412544\n|move|p2a: Chien-Pao|Crunch|p1a: Registeel\n|-damage|p1a: Registeel|0 fnt\n|faint|p1a: Registeel\n|\n|upkeep\n|\n|t:|1781412553\n|switch|p1a: Tatsugiri|Tatsugiri, L87, F|260/260\n|turn|6\n|\n|t:|1781412562\n|move|p2a: Chien-Pao|Crunch|p1a: Tatsugiri\n|-damage|p1a: Tatsugiri|76/260\n|move|p1a: Tatsugiri|Rapid Spin|p2a: Chien-Pao\n|-damage|p2a: Chien-Pao|0 fnt\n|-boost|p1a: Tatsugiri|spe|1\n|faint|p2a: Chien-Pao\n|\n|upkeep\n|\n|t:|1781412572\n|switch|p2a: Bronzong|Bronzong, L88|261/261\n|turn|7\n|\n|t:|1781412576\n|switch|p1a: Palossand|Palossand, L89, F|296/296\n|move|p2a: Bronzong|Iron Defense|p2a: Bronzong\n|-boost|p2a: Bronzong|def|2\n|\n|upkeep\n|turn|8\n|\n|t:|1781412581\n|switch|p2a: Darkrai|Darkrai, L77|234/234\n|move|p1a: Palossand|Shadow Ball|p2a: Darkrai\n|-resisted|p2a: Darkrai\n|-damage|p2a: Darkrai|179/234\n|\n|upkeep\n|turn|9\n|\n|t:|1781412591\n|switch|p1a: Tatsugiri|Tatsugiri, L87, F|76/260\n|move|p2a: Darkrai|Dark Pulse|p1a: Tatsugiri\n|-damage|p1a: Tatsugiri|0 fnt\n|faint|p1a: Tatsugiri\n|-damage|p2a: Darkrai|156/234|[from] item: Life Orb\n|\n|upkeep\n|\n|t:|1781412593\n|switch|p1a: Zacian|Zacian, L69|241/241\n|-ability|p1a: Zacian|Intrepid Sword|boost\n|-boost|p1a: Zacian|atk|1\n|turn|10\n|\n|t:|1781412600\n|switch|p2a: Bronzong|Bronzong, L88|261/261\n|move|p1a: Zacian|Close Combat|p2a: Bronzong\n|-damage|p2a: Bronzong|149/261\n|-unboost|p1a: Zacian|def|1\n|-unboost|p1a: Zacian|spd|1\n|-damage|p1a: Zacian|217/241|[from] item: Life Orb\n|\n|upkeep\n|turn|11\n|\n|t:|1781412608\n|switch|p1a: Palossand|Palossand, L89, F|296/296\n|move|p2a: Bronzong|Iron Head|p1a: Palossand\n|-damage|p1a: Palossand|223/296\n|\n|-heal|p1a: Palossand|241/296|[from] item: Leftovers\n|upkeep\n|turn|12\n|\n|t:|1781412618\n|switch|p2a: Hitmonlee|Hitmonlee, L85, M|223/223\n|move|p1a: Palossand|Sludge Bomb|p2a: Hitmonlee\n|-crit|p2a: Hitmonlee\n|-damage|p2a: Hitmonlee|128/223\n|-status|p2a: Hitmonlee|psn\n|\n|-heal|p1a: Palossand|259/296|[from] item: Leftovers\n|-damage|p2a: Hitmonlee|101/223 psn|[from] psn\n|upkeep\n|turn|13\n|\n|t:|1781412631\n|move|p2a: Hitmonlee|Knock Off|p1a: Palossand\n|-supereffective|p1a: Palossand\n|-damage|p1a: Palossand|47/296\n|-enditem|p1a: Palossand|Leftovers|[from] move: Knock Off|[of] p2a: Hitmonlee\n|move|p1a: Palossand|Shadow Ball|p2a: Hitmonlee\n|-damage|p2a: Hitmonlee|13/223 psn\n|\n|-damage|p2a: Hitmonlee|0 fnt|[from] psn\n|faint|p2a: Hitmonlee\n|upkeep\n|\n|t:|1781412643\n|switch|p2a: Darkrai|Darkrai, L77|156/234\n|turn|14\n|\n|t:|1781412646\n|move|p2a: Darkrai|Dark Pulse|p1a: Palossand\n|-supereffective|p1a: Palossand\n|-damage|p1a: Palossand|0 fnt\n|faint|p1a: Palossand\n|-damage|p2a: Darkrai|133/234|[from] item: Life Orb\n|\n|upkeep\n|\n|t:|1781412650\n|switch|p1a: Zacian|Zacian, L69|217/241\n|turn|15\n|\n|t:|1781412656\n|-terastallize|p2a: Darkrai|Poison\n|move|p2a: Darkrai|Sludge Bomb|p1a: Zacian\n|-supereffective|p1a: Zacian\n|-crit|p1a: Zacian\n|-damage|p1a: Zacian|0 fnt\n|faint|p1a: Zacian\n|-damage|p2a: Darkrai|110/234|[from] item: Life Orb\n|\n|upkeep\n|\n|t:|1781412662\n|switch|p1a: Lapras|Lapras, L87, M|367/367\n|turn|16\n|\n|t:|1781412665\n|move|p2a: Darkrai|Focus Blast|p1a: Lapras|[miss]\n|-miss|p2a: Darkrai|p1a: Lapras\n|move|p1a: Lapras|Sparkling Aria|p2a: Darkrai\n|-damage|p2a: Darkrai|0 fnt\n|faint|p2a: Darkrai\n|\n|upkeep\n|\n|t:|1781412680\n|switch|p2a: Bronzong|Bronzong, L88|149/261\n|turn|17\n|\n|t:|1781412684\n|move|p1a: Lapras|Sparkling Aria|p2a: Bronzong\n|-damage|p2a: Bronzong|40/261\n|move|p2a: Bronzong|Rest|p2a: Bronzong\n|-status|p2a: Bronzong|slp|[from] move: Rest\n|-heal|p2a: Bronzong|261/261 slp|[silent]\n|-enditem|p2a: Bronzong|Chesto Berry|[eat]\n|-curestatus|p2a: Bronzong|slp|[msg]\n|\n|upkeep\n|turn|18\n|\n|t:|1781412691\n|move|p1a: Lapras|Sparkling Aria|p2a: Bronzong\n|-damage|p2a: Bronzong|158/261\n|move|p2a: Bronzong|Iron Defense|p2a: Bronzong\n|-boost|p2a: Bronzong|def|2\n|\n|upkeep\n|turn|19\n|\n|t:|1781412693\n|move|p1a: Lapras|Sparkling Aria|p2a: Bronzong\n|-damage|p2a: Bronzong|43/261\n|move|p2a: Bronzong|Body Press|p1a: Lapras\n|-supereffective|p1a: Lapras\n|-damage|p1a: Lapras|95/367\n|\n|upkeep\n|turn|20\n|\n|t:|1781412697\n|move|p1a: Lapras|Sparkling Aria|p2a: Bronzong\n|-damage|p2a: Bronzong|0 fnt\n|faint|p2a: Bronzong\n|\n|upkeep\n|\n|t:|1781412699\n|switch|p2a: Floatzel|Floatzel, L86, F|286/286\n|turn|21\n|\n|t:|1781412706\n|move|p2a: Floatzel|Bulk Up|p2a: Floatzel\n|-boost|p2a: Floatzel|atk|1\n|-boost|p2a: Floatzel|def|1\n|move|p1a: Lapras|Sparkling Aria|p2a: Floatzel\n|-resisted|p2a: Floatzel\n|-damage|p2a: Floatzel|182/286\n|\n|-heal|p2a: Floatzel|199/286|[from] item: Leftovers\n|upkeep\n|turn|22\n|\n|t:|1781412709\n|move|p2a: Floatzel|Bulk Up|p2a: Floatzel\n|-boost|p2a: Floatzel|atk|1\n|-boost|p2a: Floatzel|def|1\n|move|p1a: Lapras|Sparkling Aria|p2a: Floatzel\n|-resisted|p2a: Floatzel\n|-damage|p2a: Floatzel|103/286\n|\n|-heal|p2a: Floatzel|120/286|[from] item: Leftovers\n|upkeep\n|turn|23\n|\n|t:|1781412714\n|move|p2a: Floatzel|Ice Spinner|p1a: Lapras\n|-resisted|p1a: Lapras\n|-damage|p1a: Lapras|63/367\n|move|p1a: Lapras|Sparkling Aria|p2a: Floatzel\n|-resisted|p2a: Floatzel\n|-damage|p2a: Floatzel|29/286\n|\n|-heal|p2a: Floatzel|46/286|[from] item: Leftovers\n|upkeep\n|turn|24\n|\n|t:|1781412717\n|move|p2a: Floatzel|Ice Spinner|p1a: Lapras\n|-resisted|p1a: Lapras\n|-damage|p1a: Lapras|31/367\n|move|p1a: Lapras|Sparkling Aria|p2a: Floatzel\n|-resisted|p2a: Floatzel\n|-damage|p2a: Floatzel|0 fnt\n|faint|p2a: Floatzel\n|\n|upkeep\n|\n|t:|1781412720\n|switch|p2a: Coalossal|Coalossal, L89, M|341/341\n|turn|25\n|\n|t:|1781412723\n|move|p1a: Lapras|Sparkling Aria|p2a: Coalossal\n|-supereffective|p2a: Coalossal\n|-damage|p2a: Coalossal|0 fnt\n|faint|p2a: Coalossal\n|\n|win|gr88nhood\n|raw|gr88nhood's rating: 1706 &rarr; <strong>1729</strong><br />(+23 for winning)\n|raw|gasolfaria's rating: 1753 &rarr; <strong>1730</strong><br />(-23 for losing)\n", "inputlog": ">version a8376a258c1d4662feba110a92103f3664a72141\n>start {\"formatid\":\"gen9randombattle\",\"seed\":\"sodium,baa1159277ae6673a5c89afd5e78596f\",\"rated\":\"Rated battle\"}\n>player p1 {\"name\":\"gr88nhood\",\"avatar\":\"2\",\"rating\":1706,\"seed\":\"sodium,0357e1c6fe87d52b3fe6b1a3d3705887\"}\n>player p2 {\"name\":\"gasolfaria\",\"avatar\":\"pokemonrangerf\",\"rating\":1753,\"seed\":\"sodium,f1c8d203ab33fb2a2502dc647ba0b7b1\"}\n>p1 switch 6\n>p2 move irondefense\n>p1 move shadowball\n>p2 switch 4\n>p1 switch 3\n>p2 move crunch\n>p1 move ironhead\n>p2 move crunch\n>p1 move rest\n>p2 move crunch\n>p1 switch 2\n>p1 move rapidspin\n>p2 move crunch\n>p2 switch 4\n>p1 switch 3\n>p2 move irondefense\n>p1 move shadowball\n>p2 switch 5\n>p1 switch 3\n>p2 move darkpulse\n>p1 switch 5\n>p1 move closecombat\n>p2 switch 5\n>p1 switch 3\n>p2 move ironhead\n>p1 move sludgebomb\n>p2 switch 2\n>p1 move shadowball\n>p2 move knockoff\n>p2 switch 5\n>p1 move sludgebomb\n>p2 move darkpulse\n>p1 switch 3\n>p1 move swordsdance\n>p2 move sludgebomb terastallize\n>p1 switch 6\n>p1 move sparklingaria\n>p2 move focusblast\n>p2 switch 2\n>p1 move sparklingaria\n>p2 move rest\n>p1 move sparklingaria\n>p2 move irondefense\n>p1 move sparklingaria\n>p2 move bodypress\n>p1 move sparklingaria\n>p2 move bodypress\n>p2 switch 3\n>p1 move sparklingaria\n>p2 move bulkup\n>p1 move sparklingaria\n>p2 move bulkup\n>p1 move sparklingaria\n>p2 move icespinner\n>p1 move sparklingaria\n>p2 move icespinner\n>p2 switch 6\n>p1 move sparklingaria\n>p2 move rapidspin", "uploadtime": 1781412726, "views": 4, "formatid": "gen9randombattle", "rating": 1729, "private": 0, "password": null}