{"id": "gen9randombattle-2631550002", "format": "[Gen 9] Random Battle", "players": ["fwmedi", "iipaibai"], "log": "|j|\u2606fwmedi\n|j|\u2606iipaibai\n|t:|1781399970\n|gametype|singles\n|player|p1|fwmedi|hilbert|\n|player|p2|iipaibai|beauty-gen4dp|\n|gen|9\n|tier|[Gen 9] Random Battle\n|rule|Species Clause: Limit one of each Pok\u00e9mon\n|rule|HP Percentage Mod: HP is shown in percentages\n|rule|Sleep Clause Mod: Limit one foe put to sleep\n|rule|Illusion Level Mod: Illusion disguises the Pok\u00e9mon's true level\n|\n|t:|1781399970\n|teamsize|p1|6\n|teamsize|p2|6\n|start\n|switch|p1a: Toxicroak|Toxicroak, L84, M|277/277\n|switch|p2a: Luxray|Luxray, L88, F|284/284\n|-ability|p2a: Luxray|Intimidate|boost\n|-unboost|p1a: Toxicroak|atk|1\n|turn|1\n|inactive|Battle timer is ON: inactive players will automatically lose when time's up. (requested by fwmedi)\n|\n|t:|1781400008\n|switch|p1a: Dunsparce|Dunsparce, L86, F|312/312\n|move|p2a: Luxray|Volt Switch|p1a: Dunsparce\n|-damage|p1a: Dunsparce|252/312\n|\n|t:|1781400024\n|switch|p2a: Whiscash|Whiscash, L88, F|337/337|[from] Volt Switch\n|\n|upkeep\n|turn|2\n|\n|t:|1781400045\n|move|p2a: Whiscash|Dragon Dance|p2a: Whiscash\n|-boost|p2a: Whiscash|atk|1\n|-boost|p2a: Whiscash|spe|1\n|move|p1a: Dunsparce|Roost|p1a: Dunsparce\n|-heal|p1a: Dunsparce|312/312\n|-singleturn|p1a: Dunsparce|move: Roost\n|\n|upkeep\n|turn|3\n|\n|t:|1781400063\n|move|p2a: Whiscash|Dragon Dance|p2a: Whiscash\n|-boost|p2a: Whiscash|atk|1\n|-boost|p2a: Whiscash|spe|1\n|move|p1a: Dunsparce|Coil|p1a: Dunsparce\n|-boost|p1a: Dunsparce|atk|1\n|-boost|p1a: Dunsparce|def|1\n|-boost|p1a: Dunsparce|accuracy|1\n|\n|upkeep\n|turn|4\n|\n|t:|1781400073\n|move|p2a: Whiscash|Earthquake|p1a: Dunsparce\n|-damage|p1a: Dunsparce|172/312\n|-damage|p2a: Whiscash|304/337|[from] item: Life Orb\n|move|p1a: Dunsparce|Coil|p1a: Dunsparce\n|-boost|p1a: Dunsparce|atk|1\n|-boost|p1a: Dunsparce|def|1\n|-boost|p1a: Dunsparce|accuracy|1\n|\n|upkeep\n|turn|5\n|\n|t:|1781400084\n|move|p2a: Whiscash|Earthquake|p1a: Dunsparce\n|-crit|p1a: Dunsparce\n|-damage|p1a: Dunsparce|0 fnt\n|faint|p1a: Dunsparce\n|-damage|p2a: Whiscash|271/337|[from] item: Life Orb\n|\n|upkeep\n|\n|t:|1781400106\n|switch|p1a: Slaking|Slaking, L84, M|389/389\n|turn|6\n|\n|t:|1781400118\n|move|p2a: Whiscash|Earthquake|p1a: Slaking\n|-damage|p1a: Slaking|143/389\n|-damage|p2a: Whiscash|238/337|[from] item: Life Orb\n|move|p1a: Slaking|Giga Impact|p2a: Whiscash\n|-damage|p2a: Whiscash|0 fnt\n|-mustrecharge|p1a: Slaking\n|faint|p2a: Whiscash\n|\n|upkeep\n|\n|t:|1781400137\n|switch|p2a: Gliscor|Gliscor, L76, M|239/239\n|turn|7\n|\n|t:|1781400140\n|cant|p1a: Slaking|recharge\n|move|p2a: Gliscor|Knock Off|p1a: Slaking\n|-damage|p1a: Slaking|89/389\n|-enditem|p1a: Slaking|Choice Band|[from] move: Knock Off|[of] p2a: Gliscor\n|\n|-status|p2a: Gliscor|tox|[from] item: Toxic Orb\n|upkeep\n|turn|8\n|\n|t:|1781400157\n|move|p1a: Slaking|Giga Impact|p2a: Gliscor\n|-damage|p2a: Gliscor|28/239 tox\n|-mustrecharge|p1a: Slaking\n|move|p2a: Gliscor|Earthquake|p1a: Slaking\n|-damage|p1a: Slaking|16/389\n|\n|-heal|p2a: Gliscor|57/239 tox|[from] ability: Poison Heal\n|upkeep\n|turn|9\n|\n|t:|1781400166\n|cant|p1a: Slaking|recharge\n|move|p2a: Gliscor|Knock Off|p1a: Slaking\n|-damage|p1a: Slaking|0 fnt\n|faint|p1a: Slaking\n|\n|-heal|p2a: Gliscor|86/239 tox|[from] ability: Poison Heal\n|upkeep\n|\n|t:|1781400181\n|switch|p1a: Iron Valiant|Iron Valiant, L78|244/244\n|turn|10\n|\n|t:|1781400200\n|-terastallize|p1a: Iron Valiant|Steel\n|move|p2a: Gliscor|Protect|p2a: Gliscor\n|-singleturn|p2a: Gliscor|Protect\n|move|p1a: Iron Valiant|Calm Mind|p1a: Iron Valiant\n|-boost|p1a: Iron Valiant|spa|1\n|-boost|p1a: Iron Valiant|spd|1\n|\n|-heal|p2a: Gliscor|115/239 tox|[from] ability: Poison Heal\n|upkeep\n|turn|11\n|\n|t:|1781400213\n|move|p2a: Gliscor|Protect||[still]\n|-fail|p2a: Gliscor\n|move|p1a: Iron Valiant|Moonblast|p2a: Gliscor\n|-damage|p2a: Gliscor|0 fnt\n|faint|p2a: Gliscor\n|-damage|p1a: Iron Valiant|220/244|[from] item: Life Orb\n|\n|upkeep\n|\n|t:|1781400220\n|switch|p2a: Deoxys|Deoxys-Speed, L82|216/216\n|-ability|p2a: Deoxys|Pressure\n|turn|12\n|\n|t:|1781400226\n|move|p2a: Deoxys|Focus Blast|p1a: Iron Valiant\n|-supereffective|p1a: Iron Valiant\n|-damage|p1a: Iron Valiant|35/244\n|-damage|p2a: Deoxys|195/216|[from] item: Life Orb\n|move|p1a: Iron Valiant|Moonblast|p2a: Deoxys\n|-damage|p2a: Deoxys|0 fnt\n|faint|p2a: Deoxys\n|-damage|p1a: Iron Valiant|11/244|[from] item: Life Orb\n|\n|upkeep\n|\n|t:|1781400237\n|switch|p2a: Luxray|Luxray, L88, F|284/284\n|-ability|p2a: Luxray|Intimidate|boost\n|-unboost|p1a: Iron Valiant|atk|1\n|turn|13\n|\n|t:|1781400246\n|move|p1a: Iron Valiant|Moonblast|p2a: Luxray\n|-damage|p2a: Luxray|154/284\n|-damage|p1a: Iron Valiant|0 fnt|[from] item: Life Orb\n|faint|p1a: Iron Valiant\n|-end|p1a: Iron Valiant|Quark Drive|[silent]\n|move|p2a: Luxray|Volt Switch|p1: Iron Valiant|[notarget]\n|-fail|p2a: Luxray\n|\n|upkeep\n|inactive|fwmedi has 270 seconds left.\n|\n|t:|1781400287\n|switch|p1a: Froslass|Froslass, L87, F|263/263\n|turn|14\n|\n|t:|1781400301\n|move|p1a: Froslass|Poltergeist|p2a: Luxray\n|-activate|p2a: Luxray|move: Poltergeist|Assault Vest\n|-damage|p2a: Luxray|45/284\n|move|p2a: Luxray|Throat Chop|p1a: Froslass\n|-supereffective|p1a: Froslass\n|-damage|p1a: Froslass|95/263\n|-start|p1a: Froslass|Throat Chop|[silent]\n|-start|p2a: Luxray|Disable|Throat Chop|[from] ability: Cursed Body|[of] p1a: Froslass\n|\n|upkeep\n|turn|15\n|inactive|fwmedi has 270 seconds left.\n|inactive|iipaibai has 270 seconds left.\n|\n|t:|1781400332\n|switch|p2a: Gogoat|Gogoat, L88, F|360/360\n|move|p1a: Froslass|Poltergeist|p2a: Gogoat\n|-activate|p2a: Gogoat|move: Poltergeist|Leftovers\n|-damage|p2a: Gogoat|219/360\n|\n|-heal|p2a: Gogoat|241/360|[from] item: Leftovers\n|-end|p1a: Froslass|Throat Chop|[silent]\n|upkeep\n|turn|16\n|inactive|fwmedi has 270 seconds left.\n|inactive|iipaibai has 270 seconds left.\n|inactiveoff|Battle timer is now OFF.\n|\n|t:|1781400760\n|move|p1a: Froslass|Triple Axel|p2a: Gogoat\n|-supereffective|p2a: Gogoat\n|-damage|p2a: Gogoat|187/360\n|-supereffective|p2a: Gogoat\n|-damage|p2a: Gogoat|91/360\n|-supereffective|p2a: Gogoat\n|-damage|p2a: Gogoat|0 fnt\n|faint|p2a: Gogoat\n|-hitcount|p2: Gogoat|3\n|\n|upkeep\n|\n|t:|1781400767\n|switch|p2a: Wigglytuff|Wigglytuff, L96, M|424/424\n|turn|17\n|\n|t:|1781400774\n|move|p1a: Froslass|Will-O-Wisp|p2a: Wigglytuff\n|-status|p2a: Wigglytuff|brn\n|move|p2a: Wigglytuff|Knock Off|p1a: Froslass\n|-supereffective|p1a: Froslass\n|-damage|p1a: Froslass|15/263\n|-enditem|p1a: Froslass|Wide Lens|[from] move: Knock Off|[of] p2a: Wigglytuff\n|\n|-damage|p2a: Wigglytuff|398/424 brn|[from] brn\n|upkeep\n|turn|18\n|\n|t:|1781400787\n|move|p1a: Froslass|Triple Axel|p2a: Wigglytuff|[miss]\n|-miss|p1a: Froslass|p2a: Wigglytuff\n|move|p2a: Wigglytuff|Knock Off|p1a: Froslass\n|-supereffective|p1a: Froslass\n|-damage|p1a: Froslass|0 fnt\n|-start|p2a: Wigglytuff|Disable|Knock Off|[from] ability: Cursed Body|[of] p1a: Froslass\n|faint|p1a: Froslass\n|\n|-heal|p2a: Wigglytuff|424/424 brn|[from] item: Leftovers\n|-damage|p2a: Wigglytuff|398/424 brn|[from] brn\n|upkeep\n|\n|t:|1781400800\n|switch|p1a: Toxicroak|Toxicroak, L84, M|277/277\n|turn|19\n|\n|t:|1781400877\n|move|p1a: Toxicroak|Gunk Shot|p2a: Wigglytuff|[miss]\n|-miss|p1a: Toxicroak|p2a: Wigglytuff\n|move|p2a: Wigglytuff|Wish|p2a: Wigglytuff\n|\n|-heal|p2a: Wigglytuff|424/424 brn|[from] item: Leftovers\n|-damage|p2a: Wigglytuff|398/424 brn|[from] brn\n|upkeep\n|turn|20\n|\n|t:|1781400899\n|move|p1a: Toxicroak|Gunk Shot|p2a: Wigglytuff\n|-supereffective|p2a: Wigglytuff\n|-damage|p2a: Wigglytuff|0 fnt\n|faint|p2a: Wigglytuff\n|\n|upkeep\n|\n|t:|1781400904\n|switch|p2a: Luxray|Luxray, L88, F|45/284\n|-ability|p2a: Luxray|Intimidate|boost\n|-unboost|p1a: Toxicroak|atk|1\n|turn|21\n|\n|t:|1781400909\n|move|p1a: Toxicroak|Gunk Shot|p2a: Luxray\n|-damage|p2a: Luxray|0 fnt\n|faint|p2a: Luxray\n|\n|win|fwmedi\n|l|\u2606iipaibai\n|player|p2|\n", "inputlog": ">version a8376a258c1d4662feba110a92103f3664a72141\n>start {\"formatid\":\"gen9randombattle\",\"seed\":\"sodium,925fd55a722fc5f09950dc0fb164a088\"}\n>player p1 {\"name\":\"fwmedi\",\"avatar\":\"hilbert\",\"rating\":0,\"seed\":\"sodium,4503794a94b2a2b3d890f2c76b286f0f\"}\n>player p2 {\"name\":\"iipaibai\",\"avatar\":\"beauty-gen4dp\",\"rating\":0,\"seed\":\"sodium,ae12f6a761293c50a92eb331f5c2210f\"}\n>p1 switch 5\n>p2 move voltswitch\n>p2 switch 6\n>p1 move roost\n>p2 move dragondance\n>p1 move coil\n>p2 move dragondance\n>p1 move coil\n>p2 move earthquake\n>p1 move roost\n>p2 move earthquake\n>p1 switch 4\n>p1 move gigaimpact\n>p2 move earthquake\n>p2 switch 3\n>p1 move recharge\n>p2 move knockoff\n>p1 move gigaimpact\n>p2 move earthquake\n>p1 move recharge\n>p2 move knockoff\n>p1 switch 3\n>p1 move calmmind terastallize\n>p2 move protect\n>p1 move moonblast\n>p2 move protect\n>p2 switch 2\n>p1 move moonblast\n>p2 move focusblast\n>p2 switch 6\n>p1 move moonblast\n>p2 move voltswitch\n>p1 switch 2\n>p1 move poltergeist\n>p2 move throatchop\n>p1 move poltergeist\n>p2 switch 5\n>p1 move tripleaxel\n>p2 move bulkup\n>p2 switch 4\n>p1 move willowisp\n>p2 move knockoff\n>p1 move tripleaxel\n>p2 move knockoff\n>p1 switch 5\n>p1 move gunkshot\n>p2 move wish\n>p1 move gunkshot\n>p2 move alluringvoice\n>p2 switch 5\n>p1 move gunkshot\n>p2 move wildcharge", "uploadtime": 1781400916, "views": 5, "formatid": "gen9randombattle", "rating": null, "private": 0, "password": null}