{"id": "gen9randombattle-2631954206", "format": "[Gen 9] Random Battle", "players": ["Youknowit123", "schleeby"], "log": "|j|\u2606Youknowit123\n|j|\u2606schleeby\n|t:|1781459487\n|gametype|singles\n|player|p1|Youknowit123|102|2012\n|player|p2|schleeby|rosa|2102\n|gen|9\n|tier|[Gen 9] Random Battle\n|rated|\n|rule|Species Clause: Limit one of each Pok\u00e9mon\n|rule|HP Percentage Mod: HP is shown in percentages\n|rule|Sleep Clause Mod: Limit one foe put to sleep\n|rule|Illusion Level Mod: Illusion disguises the Pok\u00e9mon's true level\n|\n|t:|1781459487\n|teamsize|p1|6\n|teamsize|p2|6\n|start\n|switch|p1a: Breloom|Breloom, L83, F|235/235\n|switch|p2a: Keldeo|Keldeo-Resolute, L79|273/273\n|turn|1\n|\n|t:|1781459498\n|switch|p1a: Pincurchin|Pincurchin, M|258/258\n|-fieldstart|move: Electric Terrain|[from] ability: Electric Surge|[of] p1a: Pincurchin\n|move|p2a: Keldeo|Secret Sword|p1a: Pincurchin\n|-damage|p1a: Pincurchin|171/258\n|\n|-heal|p1a: Pincurchin|187/258|[from] item: Leftovers\n|upkeep\n|turn|2\n|\n|t:|1781459503\n|switch|p2a: Scovillain|Scovillain, L91, F|266/266\n|move|p1a: Pincurchin|Zing Zap|p2a: Scovillain\n|-resisted|p2a: Scovillain\n|-damage|p2a: Scovillain|181/266\n|\n|-heal|p1a: Pincurchin|203/258|[from] item: Leftovers\n|upkeep\n|turn|3\n|\n|t:|1781459524\n|move|p2a: Scovillain|Overheat|p1a: Pincurchin\n|-damage|p1a: Pincurchin|0 fnt\n|-unboost|p2a: Scovillain|spa|2\n|faint|p1a: Pincurchin\n|\n|upkeep\n|\n|t:|1781459535\n|switch|p1a: Mewtwo|Mewtwo, L72|272/272\n|-ability|p1a: Mewtwo|Unnerve\n|turn|4\n|\n|t:|1781459542\n|move|p1a: Mewtwo|Nasty Plot|p1a: Mewtwo\n|-boost|p1a: Mewtwo|spa|2\n|move|p2a: Scovillain|Overheat|p1a: Mewtwo\n|-damage|p1a: Mewtwo|127/272\n|-unboost|p2a: Scovillain|spa|2\n|\n|upkeep\n|turn|5\n|\n|t:|1781459554\n|move|p1a: Mewtwo|Psystrike|p2a: Scovillain\n|-damage|p2a: Scovillain|0 fnt\n|faint|p2a: Scovillain\n|-damage|p1a: Mewtwo|100/272|[from] item: Life Orb\n|\n|-fieldend|move: Electric Terrain\n|upkeep\n|\n|t:|1781459556\n|switch|p2a: Deoxys|Deoxys-Speed, L82|216/216\n|-ability|p2a: Deoxys|Pressure\n|turn|6\n|\n|t:|1781459563\n|switch|p1a: Kingambit|Kingambit, L74, M|270/270\n|-activate|p1a: Kingambit|ability: Supreme Overlord\n|-start|p1a: Kingambit|fallen1|[silent]\n|move|p2a: Deoxys|Dark Pulse|p1a: Kingambit\n|-resisted|p1a: Kingambit\n|-damage|p1a: Kingambit|227/270\n|-damage|p2a: Deoxys|195/216|[from] item: Life Orb\n|\n|-heal|p1a: Kingambit|243/270|[from] item: Leftovers\n|upkeep\n|turn|7\n|\n|t:|1781459567\n|switch|p2a: Keldeo|Keldeo-Resolute, L79|273/273\n|move|p1a: Kingambit|Sucker Punch||[still]\n|-fail|p1a: Kingambit\n|\n|-heal|p1a: Kingambit|259/270|[from] item: Leftovers\n|upkeep\n|turn|8\n|\n|t:|1781459576\n|-end|p1a: Kingambit|fallen1|[silent]\n|switch|p1a: Veluza|Veluza, L85, F|292/292\n|move|p2a: Keldeo|Substitute|p2a: Keldeo\n|-start|p2a: Keldeo|Substitute\n|-damage|p2a: Keldeo|205/273\n|\n|-heal|p2a: Keldeo|222/273|[from] item: Leftovers\n|upkeep\n|turn|9\n|\n|t:|1781459582\n|move|p2a: Keldeo|Secret Sword|p1a: Veluza\n|-resisted|p1a: Veluza\n|-damage|p1a: Veluza|236/292\n|move|p1a: Veluza|Psycho Cut|p2a: Keldeo\n|-supereffective|p2a: Keldeo\n|-end|p2a: Keldeo|Substitute\n|\n|-heal|p2a: Keldeo|239/273|[from] item: Leftovers\n|upkeep\n|turn|10\n|\n|t:|1781459591\n|switch|p2a: Dondozo|Dondozo, L78, M|362/362\n|move|p1a: Veluza|Psycho Cut|p2a: Dondozo\n|-damage|p2a: Dondozo|212/362\n|\n|-heal|p2a: Dondozo|234/362|[from] item: Leftovers\n|upkeep\n|turn|11\n|\n|t:|1781459599\n|move|p1a: Veluza|Psycho Cut|p2a: Dondozo\n|-damage|p2a: Dondozo|90/362\n|move|p2a: Dondozo|Wave Crash|p1a: Veluza\n|-resisted|p1a: Veluza\n|-damage|p1a: Veluza|172/292\n|-damage|p2a: Dondozo|69/362|[from] Recoil\n|\n|-heal|p2a: Dondozo|91/362|[from] item: Leftovers\n|upkeep\n|turn|12\n|\n|t:|1781459603\n|move|p1a: Veluza|Psycho Cut|p2a: Dondozo\n|-crit|p2a: Dondozo\n|-damage|p2a: Dondozo|0 fnt\n|faint|p2a: Dondozo\n|\n|upkeep\n|\n|t:|1781459611\n|switch|p2a: Staraptor|Staraptor, L79, M|263/263\n|turn|13\n|\n|t:|1781459627\n|switch|p1a: Kingambit|Kingambit, L74, M|259/270\n|-activate|p1a: Kingambit|ability: Supreme Overlord\n|-start|p1a: Kingambit|fallen1|[silent]\n|move|p2a: Staraptor|Brave Bird|p1a: Kingambit\n|-resisted|p1a: Kingambit\n|-damage|p1a: Kingambit|152/270\n|-damage|p2a: Staraptor|228/263|[from] Recoil\n|\n|-heal|p1a: Kingambit|168/270|[from] item: Leftovers\n|upkeep\n|turn|14\n|\n|t:|1781459632\n|switch|p2a: Keldeo|Keldeo-Resolute, L79|239/273\n|move|p1a: Kingambit|Iron Head|p2a: Keldeo\n|-resisted|p2a: Keldeo\n|-damage|p2a: Keldeo|190/273\n|\n|-heal|p2a: Keldeo|207/273|[from] item: Leftovers\n|-heal|p1a: Kingambit|184/270|[from] item: Leftovers\n|upkeep\n|turn|15\n|\n|t:|1781459642\n|switch|p2a: Staraptor|Staraptor, L79, M|228/263\n|-end|p1a: Kingambit|fallen1|[silent]\n|switch|p1a: Veluza|Veluza, L85, F|172/292\n|\n|upkeep\n|turn|16\n|\n|t:|1781459650\n|move|p1a: Veluza|Aqua Jet|p2a: Staraptor\n|-damage|p2a: Staraptor|137/263\n|move|p2a: Staraptor|U-turn|p1a: Veluza\n|-supereffective|p1a: Veluza\n|-damage|p1a: Veluza|10/292\n|\n|t:|1781459654\n|switch|p2a: Keldeo|Keldeo-Resolute, L79|207/273|[from] U-turn\n|\n|-heal|p2a: Keldeo|224/273|[from] item: Leftovers\n|upkeep\n|turn|17\n|\n|t:|1781459662\n|switch|p1a: Breloom|Breloom, L83, F|235/235\n|move|p2a: Keldeo|Calm Mind|p2a: Keldeo\n|-boost|p2a: Keldeo|spa|1\n|-boost|p2a: Keldeo|spd|1\n|\n|-heal|p2a: Keldeo|241/273|[from] item: Leftovers\n|upkeep\n|turn|18\n|\n|t:|1781459669\n|move|p2a: Keldeo|Secret Sword|p1a: Breloom\n|-damage|p1a: Breloom|82/235\n|move|p1a: Breloom|Bullet Seed|p2a: Keldeo\n|-supereffective|p2a: Keldeo\n|-damage|p2a: Keldeo|108/273\n|-supereffective|p2a: Keldeo\n|-damage|p2a: Keldeo|0 fnt\n|faint|p2a: Keldeo\n|-hitcount|p2: Keldeo|2\n|-damage|p1a: Breloom|59/235|[from] item: Life Orb\n|\n|upkeep\n|\n|t:|1781459684\n|switch|p2a: Deoxys|Deoxys-Speed, L82|195/216\n|-ability|p2a: Deoxys|Pressure\n|turn|19\n|\n|t:|1781459693\n|move|p1a: Breloom|Mach Punch|p2a: Deoxys\n|-resisted|p2a: Deoxys\n|-damage|p2a: Deoxys|140/216\n|-damage|p1a: Breloom|36/235|[from] item: Life Orb\n|move|p2a: Deoxys|Dark Pulse|p1a: Breloom\n|-resisted|p1a: Breloom\n|-damage|p1a: Breloom|0 fnt\n|faint|p1a: Breloom\n|-damage|p2a: Deoxys|119/216|[from] item: Life Orb\n|\n|upkeep\n|\n|t:|1781459699\n|switch|p1a: Kingambit|Kingambit, L74, M|184/270\n|-activate|p1a: Kingambit|ability: Supreme Overlord\n|-start|p1a: Kingambit|fallen2|[silent]\n|turn|20\n|\n|t:|1781459706\n|switch|p2a: Staraptor|Staraptor, L79, M|137/263\n|move|p1a: Kingambit|Kowtow Cleave|p2a: Staraptor\n|-damage|p2a: Staraptor|0 fnt\n|faint|p2a: Staraptor\n|\n|-heal|p1a: Kingambit|200/270|[from] item: Leftovers\n|upkeep\n|\n|t:|1781459707\n|switch|p2a: Meloetta|Meloetta, L82|298/298\n|turn|21\n|\n|t:|1781459719\n|-terastallize|p2a: Meloetta|Normal\n|move|p2a: Meloetta|Focus Blast|p1a: Kingambit\n|-supereffective|p1a: Kingambit\n|-damage|p1a: Kingambit|0 fnt\n|faint|p1a: Kingambit\n|-end|p1a: Kingambit|fallen2|[silent]\n|\n|upkeep\n|\n|t:|1781459724\n|switch|p1a: Mewtwo|Mewtwo, L72|100/272\n|-ability|p1a: Mewtwo|Unnerve\n|turn|22\n|\n|t:|1781459732\n|move|p1a: Mewtwo|Dark Pulse|p2a: Meloetta\n|-damage|p2a: Meloetta|240/298\n|-damage|p1a: Mewtwo|73/272|[from] item: Life Orb\n|cant|p2a: Meloetta|flinch\n|\n|-heal|p2a: Meloetta|258/298|[from] item: Leftovers\n|upkeep\n|turn|23\n|\n|t:|1781459738\n|switch|p2a: Deoxys|Deoxys-Speed, L82|119/216\n|-ability|p2a: Deoxys|Pressure\n|move|p1a: Mewtwo|Aura Sphere|p2a: Deoxys\n|-resisted|p2a: Deoxys\n|-damage|p2a: Deoxys|77/216\n|-damage|p1a: Mewtwo|46/272|[from] item: Life Orb\n|\n|upkeep\n|turn|24\n|\n|t:|1781459748\n|move|p2a: Deoxys|Dark Pulse|p1a: Mewtwo\n|-supereffective|p1a: Mewtwo\n|-damage|p1a: Mewtwo|0 fnt\n|faint|p1a: Mewtwo\n|-damage|p2a: Deoxys|56/216|[from] item: Life Orb\n|\n|upkeep\n|\n|t:|1781459753\n|switch|p1a: Stonjourner|Stonjourner, L91, F|330/330\n|turn|25\n|\n|t:|1781459763\n|switch|p1a: Veluza|Veluza, L85, F|10/292\n|move|p2a: Deoxys|Focus Blast|p1a: Veluza|[miss]\n|-miss|p2a: Deoxys|p1a: Veluza\n|\n|upkeep\n|turn|26\n|\n|t:|1781459771\n|switch|p2a: Meloetta|Meloetta, L82, tera:Normal|258/298\n|move|p1a: Veluza|Aqua Jet|p2a: Meloetta\n|-damage|p2a: Meloetta|182/298\n|\n|-heal|p2a: Meloetta|200/298|[from] item: Leftovers\n|upkeep\n|turn|27\n|\n|t:|1781459779\n|move|p1a: Veluza|Aqua Jet|p2a: Meloetta\n|-damage|p2a: Meloetta|116/298\n|move|p2a: Meloetta|Psyshock|p1a: Veluza\n|-resisted|p1a: Veluza\n|-damage|p1a: Veluza|0 fnt\n|faint|p1a: Veluza\n|\n|-heal|p2a: Meloetta|134/298|[from] item: Leftovers\n|upkeep\n|\n|t:|1781459784\n|switch|p1a: Stonjourner|Stonjourner, L91, F|330/330\n|turn|28\n|\n|t:|1781459789\n|move|p2a: Meloetta|Focus Blast|p1a: Stonjourner|[miss]\n|-miss|p2a: Meloetta|p1a: Stonjourner\n|move|p1a: Stonjourner|Rock Polish|p1a: Stonjourner\n|-boost|p1a: Stonjourner|spe|2\n|\n|-heal|p2a: Meloetta|152/298|[from] item: Leftovers\n|upkeep\n|turn|29\n|\n|t:|1781459801\n|-terastallize|p1a: Stonjourner|Ground\n|move|p1a: Stonjourner|Earthquake|p2a: Meloetta\n|-damage|p2a: Meloetta|0 fnt\n|faint|p2a: Meloetta\n|-damage|p1a: Stonjourner|297/330|[from] item: Life Orb\n|\n|upkeep\n|\n|t:|1781459805\n|switch|p2a: Deoxys|Deoxys-Speed, L82|56/216\n|-ability|p2a: Deoxys|Pressure\n|turn|30\n|\n|t:|1781459808\n|move|p1a: Stonjourner|Heat Crash|p2a: Deoxys\n|-damage|p2a: Deoxys|0 fnt\n|faint|p2a: Deoxys\n|-damage|p1a: Stonjourner|264/330|[from] item: Life Orb\n|\n|win|Youknowit123\n", "inputlog": ">version a8376a258c1d4662feba110a92103f3664a72141\n>start {\"formatid\":\"gen9randombattle\",\"seed\":\"sodium,07a6d0687bc96cb894b57de9d84a6732\",\"rated\":\"Rated battle\"}\n>player p1 {\"name\":\"Youknowit123\",\"avatar\":\"102\",\"rating\":2012,\"seed\":\"sodium,fda8a769f2b3d0df0290248f1b2c9434\"}\n>player p2 {\"name\":\"schleeby\",\"avatar\":\"rosa\",\"rating\":2102,\"seed\":\"sodium,646ea3ddcd9f05bb4755a9de3bd32e34\"}\n>p1 switch 3\n>p2 move secretsword\n>p1 move zingzap\n>p2 switch 3\n>p1 move liquidation\n>p2 move overheat\n>p1 switch 4\n>p1 move nastyplot\n>p2 move overheat\n>p1 move psystrike\n>p2 move overheat\n>p2 switch 5\n>p1 switch 2\n>p2 move darkpulse\n>p1 move suckerpunch\n>p2 switch 3\n>p1 switch 6\n>p2 move substitute\n>p1 move psychocut\n>p2 move secretsword\n>p1 move psychocut\n>p2 switch 2\n>p1 move psychocut\n>p2 move wavecrash\n>p1 move psychocut\n>p2 move wavecrash\n>p2 switch 4\n>p1 switch 6\n>p2 move bravebird\n>p1 move ironhead\n>p2 switch 2\n>p1 switch 6\n>p2 switch 2\n>p1 move aquajet\n>p2 move uturn\n>p2 switch 2\n>p1 switch 3\n>p2 move calmmind\n>p1 move bulletseed\n>p2 move secretsword\n>p2 switch 3\n>p1 move machpunch\n>p2 move darkpulse\n>p1 switch 6\n>p1 move kowtowcleave\n>p2 switch 2\n>p2 switch 6\n>p1 move kowtowcleave\n>p2 move focusblast terastallize\n>p1 switch 2\n>p1 move darkpulse\n>p2 move hypervoice\n>p1 move aurasphere\n>p2 switch 2\n>p1 move darkpulse\n>p2 move darkpulse\n>p1 switch 5\n>p1 switch 3\n>p2 move focusblast\n>p1 move aquajet\n>p2 switch 2\n>p1 move aquajet\n>p2 move psyshock\n>p1 switch 3\n>p1 move rockpolish\n>p2 move focusblast\n>p1 move earthquake terastallize\n>p2 move focusblast\n>p2 switch 2\n>p1 move heatcrash\n>p2 move psychoboost", "uploadtime": 1781459489, "views": 11, "formatid": "gen9randombattle", "rating": null, "private": 0, "password": null}