{"id": "gen9randombattle-2631417918", "format": "[Gen 9] Random Battle", "players": ["SingWay", "scampy789"], "log": "|j|\u2606SingWay\n|j|\u2606scampy789\n|t:|1781382209\n|gametype|singles\n|player|p1|SingWay|burglar|2051\n|player|p2|scampy789|101|2073\n|gen|9\n|tier|[Gen 9] Random Battle\n|rated|\n|rule|Species Clause: Limit one of each Pok\u00e9mon\n|rule|HP Percentage Mod: HP is shown in percentages\n|rule|Sleep Clause Mod: Limit one foe put to sleep\n|rule|Illusion Level Mod: Illusion disguises the Pok\u00e9mon's true level\n|\n|t:|1781382209\n|teamsize|p1|6\n|teamsize|p2|6\n|start\n|switch|p1a: Hydrapple|Hydrapple, L83, M|312/312\n|switch|p2a: Regirock|Regirock, L83|268/268\n|turn|1\n|inactive|Battle timer is ON: inactive players will automatically lose when time's up. (requested by scampy789)\n|inactive|scampy789 has 120 seconds left.\n|\n|t:|1781382251\n|switch|p2a: Dragapult|Dragapult, L77, F|262/262\n|move|p1a: Hydrapple|Fickle Beam|p2a: Dragapult|[anim] Fickle Beam All Out\n|-activate|p1a: Hydrapple|move: Fickle Beam\n|-supereffective|p2a: Dragapult\n|-damage|p2a: Dragapult|0 fnt\n|faint|p2a: Dragapult\n|\n|upkeep\n|\n|t:|1781382266\n|switch|p2a: Bisharp|Bisharp, L79, M|232/232\n|turn|2\n|\n|t:|1781382271\n|move|p2a: Bisharp|Swords Dance|p2a: Bisharp\n|-boost|p2a: Bisharp|atk|2\n|move|p1a: Hydrapple|Dragon Tail|p2a: Bisharp\n|-resisted|p2a: Bisharp\n|-damage|p2a: Bisharp|214/232\n|drag|p2a: Rotom|Rotom-Mow, L87|229/229\n|\n|upkeep\n|turn|3\n|\n|t:|1781382281\n|move|p2a: Rotom|Will-O-Wisp|p1a: Hydrapple\n|-status|p1a: Hydrapple|brn\n|move|p1a: Hydrapple|Fickle Beam|p2a: Rotom\n|-damage|p2a: Rotom|151/229\n|\n|-heal|p2a: Rotom|165/229|[from] item: Leftovers\n|-damage|p1a: Hydrapple|293/312 brn|[from] brn\n|upkeep\n|turn|4\n|\n|t:|1781382291\n|switch|p2a: Bisharp|Bisharp, L79, M|214/232\n|move|p1a: Hydrapple|Dragon Tail|p2a: Bisharp|[miss]\n|-miss|p1a: Hydrapple|p2a: Bisharp\n|\n|-damage|p1a: Hydrapple|274/312 brn|[from] brn\n|upkeep\n|turn|5\n|\n|t:|1781382300\n|switch|p1a: Alomomola|Alomomola, L87, M|429/429\n|move|p2a: Bisharp|Iron Head|p1a: Alomomola\n|-resisted|p1a: Alomomola\n|-damage|p1a: Alomomola|382/429\n|-damage|p2a: Bisharp|176/232|[from] item: Rocky Helmet|[of] p1a: Alomomola\n|\n|upkeep\n|turn|6\n|\n|t:|1781382307\n|switch|p2a: Gastrodon|Gastrodon, L86, F|331/331\n|move|p1a: Alomomola|Flip Turn|p2a: Gastrodon\n|-ability|p2a: Gastrodon|Storm Drain|boost\n|-boost|p2a: Gastrodon|spa|1\n|\n|upkeep\n|turn|7\n|\n|t:|1781382326\n|move|p1a: Alomomola|Wish|p1a: Alomomola\n|move|p2a: Gastrodon|Stealth Rock|p1a: Alomomola\n|-sidestart|p1: SingWay|move: Stealth Rock\n|\n|upkeep\n|turn|8\n|\n|t:|1781382345\n|switch|p1a: Hydrapple|Hydrapple, L83, M|312/312 brn\n|-damage|p1a: Hydrapple|273/312 brn|[from] Stealth Rock\n|switch|p2a: Bisharp|Bisharp, L79, M|176/232\n|\n|-heal|p1a: Hydrapple|312/312 brn|[from] move: Wish|[wisher] Alomomola\n|-damage|p1a: Hydrapple|293/312 brn|[from] brn\n|upkeep\n|turn|9\n|\n|t:|1781382354\n|switch|p1a: Alomomola|Alomomola, L87, M|429/429\n|-damage|p1a: Alomomola|376/429|[from] Stealth Rock\n|move|p2a: Bisharp|Throat Chop|p1a: Alomomola\n|-damage|p1a: Alomomola|280/429\n|-start|p1a: Alomomola|Throat Chop|[silent]\n|-damage|p2a: Bisharp|138/232|[from] item: Rocky Helmet|[of] p1a: Alomomola\n|\n|upkeep\n|turn|10\n|\n|t:|1781382361\n|move|p1a: Alomomola|Wish|p1a: Alomomola\n|move|p2a: Bisharp|Swords Dance|p2a: Bisharp\n|-boost|p2a: Bisharp|atk|2\n|\n|-end|p1a: Alomomola|Throat Chop|[silent]\n|upkeep\n|turn|11\n|\n|t:|1781382367\n|move|p1a: Alomomola|Scald|p2a: Bisharp\n|-damage|p2a: Bisharp|96/232\n|-status|p2a: Bisharp|brn\n|move|p2a: Bisharp|Swords Dance|p2a: Bisharp\n|-boost|p2a: Bisharp|atk|2\n|\n|-heal|p1a: Alomomola|429/429|[from] move: Wish|[wisher] Alomomola\n|-damage|p2a: Bisharp|82/232 brn|[from] brn\n|upkeep\n|turn|12\n|\n|t:|1781382374\n|move|p1a: Alomomola|Wish|p1a: Alomomola\n|move|p2a: Bisharp|Throat Chop|p1a: Alomomola\n|-damage|p1a: Alomomola|276/429\n|-start|p1a: Alomomola|Throat Chop|[silent]\n|-damage|p2a: Bisharp|44/232 brn|[from] item: Rocky Helmet|[of] p1a: Alomomola\n|\n|-damage|p2a: Bisharp|30/232 brn|[from] brn\n|upkeep\n|turn|13\n|\n|t:|1781382387\n|move|p1a: Alomomola|Protect|p1a: Alomomola\n|-singleturn|p1a: Alomomola|Protect\n|move|p2a: Bisharp|Swords Dance|p2a: Bisharp\n|-boost|p2a: Bisharp|atk|2\n|\n|-heal|p1a: Alomomola|429/429|[from] move: Wish|[wisher] Alomomola\n|-damage|p2a: Bisharp|16/232 brn|[from] brn\n|-end|p1a: Alomomola|Throat Chop|[silent]\n|upkeep\n|turn|14\n|\n|t:|1781382393\n|move|p1a: Alomomola|Wish|p1a: Alomomola\n|move|p2a: Bisharp|Throat Chop|p1a: Alomomola\n|-damage|p1a: Alomomola|254/429\n|-start|p1a: Alomomola|Throat Chop|[silent]\n|-damage|p2a: Bisharp|0 fnt|[from] item: Rocky Helmet|[of] p1a: Alomomola\n|faint|p2a: Bisharp\n|\n|upkeep\n|\n|t:|1781382401\n|switch|p2a: Rotom|Rotom-Mow, L87|165/229\n|turn|15\n|\n|t:|1781382406\n|switch|p1a: Hydrapple|Hydrapple, L83, M|312/312 brn\n|-damage|p1a: Hydrapple|273/312 brn|[from] Stealth Rock\n|move|p2a: Rotom|Nasty Plot|p2a: Rotom\n|-boost|p2a: Rotom|spa|2\n|\n|-heal|p1a: Hydrapple|312/312 brn|[from] move: Wish|[wisher] Alomomola\n|-heal|p2a: Rotom|179/229|[from] item: Leftovers\n|-damage|p1a: Hydrapple|293/312 brn|[from] brn\n|upkeep\n|turn|16\n|\n|t:|1781382415\n|move|p2a: Rotom|Thunderbolt|p1a: Hydrapple\n|-resisted|p1a: Hydrapple\n|-damage|p1a: Hydrapple|253/312 brn\n|move|p1a: Hydrapple|Fickle Beam|p2a: Rotom\n|-damage|p2a: Rotom|92/229\n|\n|-heal|p2a: Rotom|106/229|[from] item: Leftovers\n|-damage|p1a: Hydrapple|234/312 brn|[from] brn\n|upkeep\n|turn|17\n|\n|t:|1781382427\n|move|p2a: Rotom|Thunderbolt|p1a: Hydrapple\n|-resisted|p1a: Hydrapple\n|-damage|p1a: Hydrapple|192/312 brn\n|move|p1a: Hydrapple|Fickle Beam|p2a: Rotom\n|-crit|p2a: Rotom\n|-damage|p2a: Rotom|0 fnt\n|faint|p2a: Rotom\n|\n|-damage|p1a: Hydrapple|173/312 brn|[from] brn\n|upkeep\n|\n|t:|1781382435\n|switch|p2a: Regirock|Regirock, L83|268/268\n|turn|18\n|\n|t:|1781382442\n|-terastallize|p2a: Regirock|Fighting\n|move|p2a: Regirock|Iron Defense|p2a: Regirock\n|-boost|p2a: Regirock|def|2\n|move|p1a: Hydrapple|Giga Drain|p2a: Regirock\n|-damage|p2a: Regirock|189/268\n|-heal|p1a: Hydrapple|213/312 brn|[from] drain|[of] p2a: Regirock\n|\n|-damage|p1a: Hydrapple|194/312 brn|[from] brn\n|upkeep\n|turn|19\n|\n|t:|1781382456\n|switch|p1a: Volbeat|Volbeat, L90, M|263/263\n|move|p2a: Regirock|Body Press|p1a: Volbeat\n|-resisted|p1a: Volbeat\n|-damage|p1a: Volbeat|112/263\n|\n|upkeep\n|turn|20\n|\n|t:|1781382472\n|move|p1a: Volbeat|U-turn|p2a: Regirock\n|-resisted|p2a: Regirock\n|-damage|p2a: Regirock|180/268\n|\n|t:|1781382478\n|switch|p1a: Alomomola|Alomomola, L87, M|397/429|[from] U-turn\n|-damage|p1a: Alomomola|344/429|[from] Stealth Rock\n|move|p2a: Regirock|Body Press|p1a: Alomomola\n|-damage|p1a: Alomomola|4/429\n|-damage|p2a: Regirock|136/268|[from] item: Rocky Helmet|[of] p1a: Alomomola\n|\n|upkeep\n|turn|21\n|\n|t:|1781382492\n|move|p1a: Alomomola|Scald|p2a: Regirock\n|-damage|p2a: Regirock|91/268\n|move|p2a: Regirock|Rest|p2a: Regirock\n|-status|p2a: Regirock|slp|[from] move: Rest\n|-heal|p2a: Regirock|268/268 slp|[silent]\n|-enditem|p2a: Regirock|Chesto Berry|[eat]\n|-curestatus|p2a: Regirock|slp|[msg]\n|\n|upkeep\n|turn|22\n|\n|t:|1781382499\n|move|p1a: Alomomola|Scald|p2a: Regirock\n|-damage|p2a: Regirock|222/268\n|-status|p2a: Regirock|brn\n|move|p2a: Regirock|Stone Edge|p1a: Alomomola|[miss]\n|-miss|p2a: Regirock|p1a: Alomomola\n|\n|-damage|p2a: Regirock|206/268 brn|[from] brn\n|upkeep\n|turn|23\n|\n|t:|1781382508\n|move|p1a: Alomomola|Flip Turn|p2a: Regirock\n|-damage|p2a: Regirock|190/268 brn\n|\n|t:|1781382511\n|switch|p1a: Volbeat|Volbeat, L90, M|112/263|[from] Flip Turn\n|move|p2a: Regirock|Stone Edge|p1a: Volbeat\n|-supereffective|p1a: Volbeat\n|-damage|p1a: Volbeat|6/263\n|\n|-damage|p2a: Regirock|174/268 brn|[from] brn\n|upkeep\n|turn|24\n|\n|t:|1781382519\n|move|p1a: Volbeat|Roost|p1a: Volbeat\n|-heal|p1a: Volbeat|138/263\n|-singleturn|p1a: Volbeat|move: Roost\n|move|p2a: Regirock|Body Press|p1a: Volbeat\n|-resisted|p1a: Volbeat\n|-damage|p1a: Volbeat|65/263\n|\n|-damage|p2a: Regirock|158/268 brn|[from] brn\n|upkeep\n|turn|25\n|\n|t:|1781382525\n|move|p1a: Volbeat|Roost|p1a: Volbeat\n|-heal|p1a: Volbeat|197/263\n|-singleturn|p1a: Volbeat|move: Roost\n|move|p2a: Regirock|Rest|p2a: Regirock\n|-status|p2a: Regirock|slp|[from] move: Rest\n|-heal|p2a: Regirock|268/268 slp|[silent]\n|\n|upkeep\n|turn|26\n|\n|t:|1781382537\n|switch|p2a: Poliwrath|Poliwrath, L88, F|302/302\n|move|p1a: Volbeat|U-turn|p2a: Poliwrath\n|-resisted|p2a: Poliwrath\n|-damage|p2a: Poliwrath|272/302\n|\n|t:|1781382558\n|switch|p1a: Hydrapple|Hydrapple, L83, M|298/312 brn|[from] U-turn\n|-damage|p1a: Hydrapple|259/312 brn|[from] Stealth Rock\n|\n|-damage|p1a: Hydrapple|240/312 brn|[from] brn\n|upkeep\n|turn|27\n|\n|t:|1781382575\n|move|p2a: Poliwrath|Close Combat|p1a: Hydrapple\n|-damage|p1a: Hydrapple|113/312 brn\n|-unboost|p2a: Poliwrath|def|1\n|-unboost|p2a: Poliwrath|spd|1\n|move|p1a: Hydrapple|Giga Drain|p2a: Poliwrath\n|-supereffective|p2a: Poliwrath\n|-damage|p2a: Poliwrath|102/302\n|-heal|p1a: Hydrapple|198/312 brn|[from] drain|[of] p2a: Poliwrath\n|\n|-damage|p1a: Hydrapple|179/312 brn|[from] brn\n|upkeep\n|turn|28\n|\n|t:|1781382582\n|move|p2a: Poliwrath|Close Combat|p1a: Hydrapple\n|-damage|p1a: Hydrapple|70/312 brn\n|-unboost|p2a: Poliwrath|def|1\n|-unboost|p2a: Poliwrath|spd|1\n|move|p1a: Hydrapple|Giga Drain|p2a: Poliwrath\n|-supereffective|p2a: Poliwrath\n|-damage|p2a: Poliwrath|0 fnt\n|-heal|p1a: Hydrapple|121/312 brn|[from] drain|[of] p2a: Poliwrath\n|faint|p2a: Poliwrath\n|\n|-damage|p1a: Hydrapple|102/312 brn|[from] brn\n|upkeep\n|\n|t:|1781382593\n|switch|p2a: Regirock|Regirock, L83, tera:Fighting|268/268 slp\n|turn|29\n|-message|scampy789 forfeited.\n|\n|win|SingWay\n", "inputlog": ">version a8376a258c1d4662feba110a92103f3664a72141\n>start {\"formatid\":\"gen9randombattle\",\"seed\":\"sodium,5c598012f1d2d2e885d4e0a6a19c17af\",\"rated\":\"Rated battle\"}\n>player p1 {\"name\":\"SingWay\",\"avatar\":\"burglar\",\"rating\":2051,\"seed\":\"sodium,0b81d1b7a300fad3dc652a77b9dd4639\"}\n>player p2 {\"name\":\"scampy789\",\"avatar\":\"101\",\"rating\":2073,\"seed\":\"sodium,1d40463b0a738f362c6163f40ca16e46\"}\n>p1 move ficklebeam\n>p2 switch 5\n>p2 switch 6\n>p1 move dragontail\n>p2 move swordsdance\n>p1 move ficklebeam\n>p2 move willowisp\n>p1 move dragontail\n>p2 switch 4\n>p1 switch 6\n>p2 move ironhead\n>p1 move flipturn\n>p2 switch 2\n>p1 move wish\n>p2 move stealthrock\n>p1 switch 6\n>p2 switch 2\n>p1 switch 6\n>p2 move throatchop\n>p1 move wish\n>p2 move swordsdance\n>p1 move scald\n>p2 move swordsdance\n>p1 move wish\n>p2 move throatchop\n>p1 move protect\n>p2 move swordsdance\n>p1 move wish\n>p2 move throatchop\n>p2 switch 4\n>p1 switch 6\n>p2 move nastyplot\n>p1 move ficklebeam\n>p2 move thunderbolt\n>p1 move ficklebeam\n>p2 move thunderbolt\n>p2 switch 5\n>p1 move gigadrain\n>p2 move irondefense terastallize\n>p1 switch 2\n>p2 move bodypress\n>p1 move uturn\n>p2 move bodypress\n>p1 switch 6\n>p1 move scald\n>p2 move rest\n>p1 move scald\n>p2 move stoneedge\n>p1 move flipturn\n>p2 move stoneedge\n>p1 switch 6\n>p1 move roost\n>p2 move bodypress\n>p1 move roost\n>p2 move rest\n>p1 move uturn\n>p2 switch 3\n>p1 switch 2\n>p1 move gigadrain\n>p2 move closecombat\n>p1 move gigadrain\n>p2 move closecombat\n>p2 switch 3\n>forcelose p2", "uploadtime": 1781382210, "views": 15, "formatid": "gen9randombattle", "rating": null, "private": 0, "password": null}