{"id": "gen9randombattle-2631557633", "format": "[Gen 9] Random Battle", "players": ["100425DJ", "blazitile"], "log": "|j|\u2606100425DJ\n|j|\u2606blazitile\n|t:|1781401026\n|gametype|singles\n|player|p1|100425DJ|emmet|1222\n|player|p2|blazitile|1|1212\n|gen|9\n|tier|[Gen 9] Random Battle\n|rated|\n|rule|Species Clause: Limit one of each Pok\u00e9mon\n|rule|HP Percentage Mod: HP is shown in percentages\n|rule|Sleep Clause Mod: Limit one foe put to sleep\n|rule|Illusion Level Mod: Illusion disguises the Pok\u00e9mon's true level\n|\n|t:|1781401026\n|teamsize|p1|6\n|teamsize|p2|6\n|start\n|switch|p1a: Tauros|Tauros, L82, M|257/257\n|switch|p2a: Regice|Regice, L88|284/284\n|turn|1\n|\n|t:|1781401048\n|move|p1a: Tauros|Close Combat|p2a: Regice\n|-supereffective|p2a: Regice\n|-damage|p2a: Regice|110/284\n|-unboost|p1a: Tauros|def|1\n|-unboost|p1a: Tauros|spd|1\n|-damage|p1a: Tauros|232/257|[from] item: Life Orb\n|move|p2a: Regice|Ice Beam|p1a: Tauros\n|-damage|p1a: Tauros|34/257\n|\n|upkeep\n|turn|2\n|\n|t:|1781401071\n|move|p1a: Tauros|Close Combat|p2a: Regice\n|-supereffective|p2a: Regice\n|-damage|p2a: Regice|0 fnt\n|-unboost|p1a: Tauros|def|1\n|-unboost|p1a: Tauros|spd|1\n|faint|p2a: Regice\n|-damage|p1a: Tauros|9/257|[from] item: Life Orb\n|\n|upkeep\n|\n|t:|1781401083\n|switch|p2a: Talonflame|Talonflame, L83, M|265/265\n|turn|3\n|\n|t:|1781401094\n|move|p2a: Talonflame|Brave Bird|p1a: Tauros\n|-damage|p1a: Tauros|0 fnt\n|faint|p1a: Tauros\n|-damage|p2a: Talonflame|262/265|[from] Recoil\n|\n|upkeep\n|\n|t:|1781401116\n|switch|p1a: Kyogre|Kyogre, L71|259/259\n|-weather|RainDance|[from] ability: Drizzle|[of] p1a: Kyogre\n|turn|4\n|\n|t:|1781401141\n|move|p2a: Talonflame|Brave Bird|p1a: Kyogre\n|-damage|p1a: Kyogre|139/259\n|-damage|p2a: Talonflame|222/265|[from] Recoil\n|move|p1a: Kyogre|Thunder|p2a: Talonflame\n|-supereffective|p2a: Talonflame\n|-damage|p2a: Talonflame|34/265\n|-status|p2a: Talonflame|par\n|\n|-weather|RainDance|[upkeep]\n|-heal|p1a: Kyogre|155/259|[from] item: Leftovers\n|upkeep\n|turn|5\n|\n|t:|1781401169\n|move|p1a: Kyogre|Thunder|p2a: Talonflame\n|-supereffective|p2a: Talonflame\n|-damage|p2a: Talonflame|0 fnt\n|faint|p2a: Talonflame\n|\n|-weather|RainDance|[upkeep]\n|-heal|p1a: Kyogre|171/259|[from] item: Leftovers\n|upkeep\n|\n|t:|1781401173\n|switch|p2a: Lilligant|Lilligant-Hisui, L79, F|240/240\n|turn|6\n|\n|t:|1781401192\n|switch|p1a: Oricorio|Oricorio-Sensu, L85, F|266/266\n|move|p2a: Lilligant|Victory Dance|p2a: Lilligant\n|-boost|p2a: Lilligant|atk|1\n|-boost|p2a: Lilligant|def|1\n|-boost|p2a: Lilligant|spe|1\n|-activate|p1a: Oricorio|ability: Dancer\n|move|p1a: Oricorio|Victory Dance|p1a: Oricorio|[from] ability: Dancer\n|-boost|p1a: Oricorio|atk|1\n|-boost|p1a: Oricorio|def|1\n|-boost|p1a: Oricorio|spe|1\n|\n|-weather|RainDance|[upkeep]\n|upkeep\n|turn|7\n|\n|t:|1781401216\n|move|p2a: Lilligant|Ice Spinner|p1a: Oricorio\n|-supereffective|p1a: Oricorio\n|-damage|p1a: Oricorio|35/266\n|-damage|p2a: Lilligant|216/240|[from] item: Life Orb\n|move|p1a: Oricorio|Hurricane|p2a: Lilligant\n|-supereffective|p2a: Lilligant\n|-damage|p2a: Lilligant|0 fnt\n|faint|p2a: Lilligant\n|\n|-weather|RainDance|[upkeep]\n|upkeep\n|\n|t:|1781401234\n|switch|p2a: Lumineon|Lumineon, L93, F|279/279\n|turn|8\n|\n|t:|1781401248\n|move|p1a: Oricorio|Roost|p1a: Oricorio\n|-heal|p1a: Oricorio|168/266\n|-singleturn|p1a: Oricorio|move: Roost\n|move|p2a: Lumineon|Ice Beam|p1a: Oricorio\n|-damage|p1a: Oricorio|95/266\n|\n|-weather|none\n|upkeep\n|turn|9\n|\n|t:|1781401268\n|move|p1a: Oricorio|Roost|p1a: Oricorio\n|-heal|p1a: Oricorio|228/266\n|-singleturn|p1a: Oricorio|move: Roost\n|move|p2a: Lumineon|Encore|p1a: Oricorio\n|-start|p1a: Oricorio|Encore\n|\n|upkeep\n|turn|10\n|\n|t:|1781401282\n|switch|p1a: Meloetta|Meloetta, L82|298/298\n|switch|p2a: Rabsca|Rabsca, L91, F|284/284\n|\n|upkeep\n|turn|11\n|\n|t:|1781401297\n|move|p1a: Meloetta|Hyper Voice|p2a: Rabsca\n|-damage|p2a: Rabsca|184/284\n|move|p2a: Rabsca|Revival Blessing|p2a: Rabsca\n|\n|t:|1781401301\n|-heal|p2: Lilligant|120/240|[from] move: Revival Blessing\n|\n|upkeep\n|turn|12\n|\n|t:|1781401316\n|move|p1a: Meloetta|Hyper Voice|p2a: Rabsca\n|-damage|p2a: Rabsca|94/284\n|move|p2a: Rabsca|Bug Buzz|p1a: Meloetta\n|-supereffective|p1a: Meloetta\n|-damage|p1a: Meloetta|110/298\n|-unboost|p1a: Meloetta|spd|1\n|\n|-heal|p1a: Meloetta|128/298|[from] item: Leftovers\n|upkeep\n|turn|13\n|\n|t:|1781401327\n|move|p1a: Meloetta|Hyper Voice|p2a: Rabsca\n|-damage|p2a: Rabsca|0 fnt\n|faint|p2a: Rabsca\n|\n|-heal|p1a: Meloetta|146/298|[from] item: Leftovers\n|upkeep\n|\n|t:|1781401332\n|switch|p2a: Lilligant|Lilligant-Hisui, L79, F|120/240\n|turn|14\n|\n|t:|1781401339\n|move|p2a: Lilligant|Victory Dance|p2a: Lilligant\n|-boost|p2a: Lilligant|atk|1\n|-boost|p2a: Lilligant|def|1\n|-boost|p2a: Lilligant|spe|1\n|move|p1a: Meloetta|Psyshock|p2a: Lilligant\n|-supereffective|p2a: Lilligant\n|-damage|p2a: Lilligant|0 fnt\n|faint|p2a: Lilligant\n|\n|-heal|p1a: Meloetta|164/298|[from] item: Leftovers\n|upkeep\n|\n|t:|1781401348\n|switch|p2a: Lumineon|Lumineon, L93, F|279/279\n|turn|15\n|\n|t:|1781401356\n|move|p2a: Lumineon|Hydro Pump|p1a: Meloetta\n|-damage|p1a: Meloetta|35/298\n|move|p1a: Meloetta|Psyshock|p2a: Lumineon\n|-damage|p2a: Lumineon|171/279\n|\n|-heal|p1a: Meloetta|53/298|[from] item: Leftovers\n|upkeep\n|turn|16\n|\n|t:|1781401368\n|move|p2a: Lumineon|Ice Beam|p1a: Meloetta\n|-damage|p1a: Meloetta|0 fnt\n|faint|p1a: Meloetta\n|\n|upkeep\n|\n|t:|1781401389\n|switch|p1a: Haxorus|Haxorus, L77, M|244/244\n|-ability|p1a: Haxorus|Mold Breaker\n|turn|17\n|\n|t:|1781401398\n|switch|p1a: Mewtwo|Mewtwo, L72|272/272\n|-ability|p1a: Mewtwo|Unnerve\n|move|p2a: Lumineon|Ice Beam|p1a: Mewtwo\n|-damage|p1a: Mewtwo|197/272\n|\n|upkeep\n|turn|18\n|\n|t:|1781401408\n|move|p1a: Mewtwo|Nasty Plot|p1a: Mewtwo\n|-boost|p1a: Mewtwo|spa|2\n|move|p2a: Lumineon|U-turn|p1a: Mewtwo\n|-supereffective|p1a: Mewtwo\n|-damage|p1a: Mewtwo|85/272\n|\n|t:|1781401411\n|switch|p2a: Latias|Latias, L79, F|256/256|[from] U-turn\n|\n|upkeep\n|turn|19\n|\n|t:|1781401427\n|-terastallize|p2a: Latias|Steel\n|move|p1a: Mewtwo|Psystrike|p2a: Latias\n|-resisted|p2a: Latias\n|-damage|p2a: Latias|104/256\n|-damage|p1a: Mewtwo|58/272|[from] item: Life Orb\n|move|p2a: Latias|Calm Mind|p2a: Latias\n|-boost|p2a: Latias|spa|1\n|-boost|p2a: Latias|spd|1\n|\n|upkeep\n|turn|20\n|\n|t:|1781401444\n|move|p1a: Mewtwo|Aura Sphere|p2a: Latias\n|-supereffective|p2a: Latias\n|-damage|p2a: Latias|0 fnt\n|faint|p2a: Latias\n|-damage|p1a: Mewtwo|31/272|[from] item: Life Orb\n|\n|upkeep\n|\n|t:|1781401448\n|switch|p2a: Lumineon|Lumineon, L93, F|171/279\n|turn|21\n|\n|t:|1781401454\n|move|p1a: Mewtwo|Aura Sphere|p2a: Lumineon\n|-damage|p2a: Lumineon|36/279\n|-damage|p1a: Mewtwo|4/272|[from] item: Life Orb\n|move|p2a: Lumineon|Ice Beam|p1a: Mewtwo\n|-damage|p1a: Mewtwo|0 fnt\n|faint|p1a: Mewtwo\n|\n|upkeep\n|\n|t:|1781401466\n|switch|p1a: Kyogre|Kyogre, L71|171/259\n|-weather|RainDance|[from] ability: Drizzle|[of] p1a: Kyogre\n|turn|22\n|-message|blazitile forfeited.\n|\n|win|100425DJ\n|raw|100425DJ's rating: 1222 &rarr; <strong>1246</strong><br />(+24 for winning)\n|raw|blazitile's rating: 1212 &rarr; <strong>1188</strong><br />(-24 for losing)\n|l|\u2606blazitile\n|player|p2|\n", "inputlog": ">version a8376a258c1d4662feba110a92103f3664a72141\n>start {\"formatid\":\"gen9randombattle\",\"seed\":\"sodium,8af794781f4a4394aa453aa93dc76979\",\"rated\":\"Rated battle\"}\n>player p1 {\"name\":\"100425DJ\",\"avatar\":\"emmet\",\"rating\":1222,\"seed\":\"sodium,4387c298d7074a6d1b371f33e6c66c71\"}\n>player p2 {\"name\":\"blazitile\",\"avatar\":\"1\",\"rating\":1212,\"seed\":\"sodium,2087919295f6d0bd7d77e38f2872bd11\"}\n>p1 move closecombat\n>p2 move icebeam\n>p1 move closecombat\n>p2 move rest\n>p2 switch 3\n>p1 move bodyslam\n>p2 move bravebird\n>p1 switch 3\n>p1 move thunder\n>p2 move bravebird\n>p1 move thunder\n>p2 move bravebird\n>p2 switch 6\n>p1 switch 5\n>p2 move victorydance\n>p1 move hurricane\n>p2 move icespinner\n>p2 switch 5\n>p1 move roost\n>p2 move icebeam\n>p1 move roost\n>p2 move encore\n>p1 switch 2\n>p2 switch 2\n>p1 move hypervoice\n>p2 move revivalblessing\n>p2 switch 5\n>p1 move hypervoice\n>p2 move bugbuzz\n>p1 move hypervoice\n>p2 move bugbuzz\n>p2 switch 5\n>p1 move psyshock\n>p2 move victorydance\n>p2 switch 2\n>p1 move psyshock\n>p2 move hydropump\n>p1 move psyshock\n>p2 move icebeam\n>p1 switch 4\n>p1 switch 6\n>p2 move icebeam\n>p1 move nastyplot\n>p2 move uturn\n>p2 switch 4\n>p1 move psystrike\n>p2 move calmmind terastallize\n>p1 move aurasphere\n>p2 move recover\n>p2 switch 4\n>p1 move aurasphere\n>p2 move icebeam\n>p1 switch 5\n>forcelose p2", "uploadtime": 1781401484, "views": 6, "formatid": "gen9randombattle", "rating": 1188, "private": 0, "password": null}