{"id": "gen9randombattle-2631740300", "format": "[Gen 9] Random Battle", "players": ["Etjx", "Gaaraks"], "log": "|j|\u2606Etjx@!\n|j|\u2606Gaaraks\n|t:|1781431853\n|gametype|singles\n|player|p1|Etjx|policeman-gen4|2070\n|player|p2|Gaaraks|2|2044\n|gen|9\n|tier|[Gen 9] Random Battle\n|rated|\n|rule|Species Clause: Limit one of each Pok\u00e9mon\n|rule|HP Percentage Mod: HP is shown in percentages\n|rule|Sleep Clause Mod: Limit one foe put to sleep\n|rule|Illusion Level Mod: Illusion disguises the Pok\u00e9mon's true level\n|\n|t:|1781431853\n|teamsize|p1|6\n|teamsize|p2|6\n|start\n|switch|p1a: Iron Valiant|Iron Valiant, L78|244/244\n|switch|p2a: Breloom|Breloom, L83, F|235/235\n|turn|1\n|inactive|Battle timer is ON: inactive players will automatically lose when time's up. (requested by Etjx)\n|\n|t:|1781431862\n|switch|p2a: Regice|Regice, L88|284/284\n|move|p1a: Iron Valiant|Moonblast|p2a: Regice\n|-damage|p2a: Regice|222/284\n|-damage|p1a: Iron Valiant|220/244|[from] item: Life Orb\n|\n|upkeep\n|turn|2\n|\n|t:|1781431870\n|move|p1a: Iron Valiant|Close Combat|p2a: Regice\n|-supereffective|p2a: Regice\n|-damage|p2a: Regice|0 fnt\n|-unboost|p1a: Iron Valiant|def|1\n|-unboost|p1a: Iron Valiant|spd|1\n|faint|p2a: Regice\n|-damage|p1a: Iron Valiant|196/244|[from] item: Life Orb\n|\n|upkeep\n|\n|t:|1781431873\n|switch|p2a: Hypno|Hypno, L95, M|315/315\n|turn|3\n|\n|t:|1781431883\n|-end|p1a: Iron Valiant|Quark Drive|[silent]\n|switch|p1a: Ho-Oh|Ho-Oh, L71|268/268\n|move|p2a: Hypno|Psychic Noise|p1a: Ho-Oh\n|-damage|p1a: Ho-Oh|208/268\n|-start|p1a: Ho-Oh|move: Heal Block\n|\n|upkeep\n|turn|4\n|\n|t:|1781431887\n|move|p2a: Hypno|Toxic|p1a: Ho-Oh\n|-status|p1a: Ho-Oh|tox\n|move|p1a: Ho-Oh|Sacred Fire|p2a: Hypno\n|-crit|p2a: Hypno\n|-damage|p2a: Hypno|174/315\n|-status|p2a: Hypno|brn\n|\n|-heal|p2a: Hypno|193/315 brn|[from] item: Leftovers\n|-damage|p1a: Ho-Oh|192/268 tox|[from] psn\n|-damage|p2a: Hypno|174/315 brn|[from] brn\n|-end|p1a: Ho-Oh|move: Heal Block\n|upkeep\n|turn|5\n|\n|t:|1781431892\n|move|p2a: Hypno|Psychic Noise|p1a: Ho-Oh\n|-damage|p1a: Ho-Oh|132/268 tox\n|-start|p1a: Ho-Oh|move: Heal Block\n|move|p1a: Ho-Oh|Brave Bird|p2a: Hypno\n|-damage|p2a: Hypno|56/315 brn\n|-damage|p1a: Ho-Oh|93/268 tox|[from] Recoil\n|\n|-heal|p2a: Hypno|75/315 brn|[from] item: Leftovers\n|-damage|p1a: Ho-Oh|61/268 tox|[from] psn\n|-damage|p2a: Hypno|56/315 brn|[from] brn\n|upkeep\n|turn|6\n|\n|t:|1781431897\n|move|p2a: Hypno|Toxic|p1a: Ho-Oh\n|-fail|p1a: Ho-Oh|tox\n|move|p1a: Ho-Oh|Brave Bird|p2a: Hypno\n|-damage|p2a: Hypno|0 fnt\n|faint|p2a: Hypno\n|-damage|p1a: Ho-Oh|43/268 tox|[from] Recoil\n|\n|-damage|p1a: Ho-Oh|0 fnt|[from] psn\n|faint|p1a: Ho-Oh\n|upkeep\n|\n|t:|1781431902\n|switch|p2a: Kyogre|Kyogre, L71|259/259\n|switch|p1a: Regidrago|Regidrago, L77|435/435\n|-weather|RainDance|[from] ability: Drizzle|[of] p2a: Kyogre\n|turn|7\n|\n|t:|1781431913\n|move|p2a: Kyogre|Ice Beam|p1a: Regidrago\n|-supereffective|p1a: Regidrago\n|-damage|p1a: Regidrago|207/435\n|move|p1a: Regidrago|Outrage|p2a: Kyogre\n|-damage|p2a: Kyogre|54/259\n|\n|-weather|RainDance|[upkeep]\n|upkeep\n|turn|8\n|\n|t:|1781431919\n|move|p2a: Kyogre|Ice Beam|p1a: Regidrago\n|-supereffective|p1a: Regidrago\n|-damage|p1a: Regidrago|1/435\n|move|p1a: Regidrago|Outrage|p2a: Kyogre|[from] lockedmove\n|-damage|p2a: Kyogre|0 fnt\n|faint|p2a: Kyogre\n|-start|p1a: Regidrago|confusion|[fatigue]\n|\n|-weather|RainDance|[upkeep]\n|upkeep\n|\n|t:|1781431927\n|switch|p2a: Breloom|Breloom, L83, F|235/235\n|turn|9\n|\n|t:|1781431932\n|-activate|p1a: Regidrago|confusion\n|move|p1a: Regidrago|Outrage|p2a: Breloom\n|-damage|p2a: Breloom|72/235\n|move|p2a: Breloom|Swords Dance|p2a: Breloom\n|-boost|p2a: Breloom|atk|2\n|\n|-weather|RainDance|[upkeep]\n|upkeep\n|turn|10\n|\n|t:|1781431936\n|-activate|p1a: Regidrago|confusion\n|move|p1a: Regidrago|Outrage|p2a: Breloom|[from] lockedmove\n|-damage|p2a: Breloom|0 fnt\n|faint|p2a: Breloom\n|\n|-weather|RainDance|[upkeep]\n|upkeep\n|-message|Gaaraks forfeited.\n|\n|win|Etjx\n", "inputlog": ">version a8376a258c1d4662feba110a92103f3664a72141\n>start {\"formatid\":\"gen9randombattle\",\"seed\":\"sodium,8c3bcd2195244fcc0c34224179be296e\",\"rated\":\"Rated battle\"}\n>player p1 {\"name\":\"Etjx\",\"avatar\":\"policeman-gen4\",\"rating\":2070,\"seed\":\"sodium,1d49d2219bca3aa7933736ef186b09a3\"}\n>player p2 {\"name\":\"Gaaraks\",\"avatar\":\"2\",\"rating\":2044,\"seed\":\"sodium,f3aee2302f275463b1eb87b926128f33\"}\n>p1 move moonblast\n>p2 switch 5\n>p1 move closecombat\n>p2 move icebeam\n>p2 switch 6\n>p1 switch 3\n>p2 move psychicnoise\n>p1 move sacredfire\n>p2 move toxic\n>p1 move bravebird\n>p2 move psychicnoise\n>p1 move bravebird\n>p2 move toxic\n>p1 switch 5\n>p2 switch 4\n>p1 move outrage\n>p2 move icebeam\n>p1 move outrage\n>p2 move icebeam\n>p2 switch 5\n>p1 move outrage\n>p2 move swordsdance\n>p1 move outrage\n>p2 move swordsdance\n>forcelose p2", "uploadtime": 1781431854, "views": 7, "formatid": "gen9randombattle", "rating": null, "private": 0, "password": null}