{"id": "gen9randombattle-2632003955", "format": "[Gen 9] Random Battle", "players": ["justinprim", "UmbreonSolitario"], "log": "|j|\u2606justinprim\n|j|\u2606UmbreonSolitario\n|t:|1781464920\n|gametype|singles\n|player|p1|justinprim|101|2018\n|player|p2|UmbreonSolitario|266|2010\n|gen|9\n|tier|[Gen 9] Random Battle\n|rated|\n|rule|Species Clause: Limit one of each Pok\u00e9mon\n|rule|HP Percentage Mod: HP is shown in percentages\n|rule|Sleep Clause Mod: Limit one foe put to sleep\n|rule|Illusion Level Mod: Illusion disguises the Pok\u00e9mon's true level\n|\n|t:|1781464920\n|teamsize|p1|6\n|teamsize|p2|6\n|start\n|switch|p1a: Sableye|Sableye, L88, F|231/231\n|switch|p2a: Mightyena|Mightyena, L96, F|290/290\n|-ability|p2a: Mightyena|Intimidate|boost\n|-unboost|p1a: Sableye|atk|1\n|turn|1\n|\n|t:|1781464929\n|move|p2a: Mightyena|Crunch|p1a: Sableye\n|-damage|p1a: Sableye|111/231\n|move|p1a: Sableye|Knock Off|p2a: Mightyena\n|-resisted|p2a: Mightyena\n|-damage|p2a: Mightyena|257/290\n|-enditem|p2a: Mightyena|Leftovers|[from] move: Knock Off|[of] p1a: Sableye\n|\n|-heal|p1a: Sableye|125/231|[from] item: Leftovers\n|upkeep\n|turn|2\n|\n|t:|1781464938\n|move|p1a: Sableye|Recover|p1a: Sableye\n|-heal|p1a: Sableye|231/231\n|move|p2a: Mightyena|Crunch|p1a: Sableye\n|-damage|p1a: Sableye|129/231\n|\n|-heal|p1a: Sableye|143/231|[from] item: Leftovers\n|upkeep\n|turn|3\n|\n|t:|1781464943\n|switch|p1a: Bisharp|Bisharp, L79, F|232/232\n|move|p2a: Mightyena|Poison Fang|p1a: Bisharp\n|-immune|p1a: Bisharp\n|\n|upkeep\n|turn|4\n|\n|t:|1781464948\n|move|p2a: Mightyena|Taunt|p1a: Bisharp\n|-start|p1a: Bisharp|move: Taunt\n|cant|p1a: Bisharp|move: Taunt|Swords Dance\n|\n|upkeep\n|turn|5\n|inactive|Battle timer is ON: inactive players will automatically lose when time's up. (requested by justinprim)\n|\n|t:|1781464963\n|switch|p2a: Flamigo|Flamigo, L82, M|269/269\n|move|p1a: Bisharp|Iron Head|p2a: Flamigo\n|-damage|p2a: Flamigo|155/269\n|\n|upkeep\n|turn|6\n|\n|t:|1781464978\n|switch|p1a: Armarouge|Armarouge, L80, M|267/267\n|move|p2a: Flamigo|Close Combat|p1a: Armarouge\n|-resisted|p1a: Armarouge\n|-damage|p1a: Armarouge|198/267\n|-unboost|p2a: Flamigo|def|1\n|-unboost|p2a: Flamigo|spd|1\n|-ability|p1a: Armarouge|Weak Armor|boost\n|-unboost|p1a: Armarouge|def|1\n|-boost|p1a: Armarouge|spe|2\n|\n|upkeep\n|turn|7\n|\n|t:|1781464989\n|switch|p2a: Ursaring|Ursaring, L84, F|288/288\n|move|p1a: Armarouge|Meteor Beam||[still]\n|-prepare|p1a: Armarouge|Meteor Beam\n|-boost|p1a: Armarouge|spa|1\n|-enditem|p1a: Armarouge|Power Herb\n|-anim|p1a: Armarouge|Meteor Beam|p2a: Ursaring|[miss]\n|-miss|p1a: Armarouge|p2a: Ursaring\n|\n|upkeep\n|turn|8\n|\n|t:|1781464995\n|move|p1a: Armarouge|Armor Cannon|p2a: Ursaring\n|-damage|p2a: Ursaring|117/288\n|-unboost|p1a: Armarouge|def|1\n|-unboost|p1a: Armarouge|spd|1\n|move|p2a: Ursaring|Throat Chop|p1a: Armarouge\n|-supereffective|p1a: Armarouge\n|-damage|p1a: Armarouge|0 fnt\n|faint|p1a: Armarouge\n|\n|upkeep\n|\n|t:|1781465001\n|switch|p1a: Duraludon|Duraludon, L82, M|249/249\n|turn|9\n|\n|t:|1781465010\n|move|p1a: Duraludon|Iron Defense|p1a: Duraludon\n|-boost|p1a: Duraludon|def|2\n|move|p2a: Ursaring|Body Slam|p1a: Duraludon\n|-resisted|p1a: Duraludon\n|-damage|p1a: Duraludon|234/249\n|\n|upkeep\n|turn|10\n|\n|t:|1781465015\n|switch|p2a: Mightyena|Mightyena, L96, F|257/290\n|-ability|p2a: Mightyena|Intimidate|boost\n|-unboost|p1a: Duraludon|atk|1\n|move|p1a: Duraludon|Body Press|p2a: Mightyena\n|-supereffective|p2a: Mightyena\n|-damage|p2a: Mightyena|25/290\n|\n|upkeep\n|turn|11\n|\n|t:|1781465021\n|move|p2a: Mightyena|Taunt|p1a: Duraludon\n|-start|p1a: Duraludon|move: Taunt\n|move|p1a: Duraludon|Body Press|p2a: Mightyena\n|-supereffective|p2a: Mightyena\n|-damage|p2a: Mightyena|0 fnt\n|faint|p2a: Mightyena\n|\n|upkeep\n|\n|t:|1781465029\n|switch|p2a: Flamigo|Flamigo, L82, M|155/269\n|turn|12\n|\n|t:|1781465034\n|move|p2a: Flamigo|Close Combat|p1a: Duraludon\n|-supereffective|p1a: Duraludon\n|-damage|p1a: Duraludon|154/249\n|-unboost|p2a: Flamigo|def|1\n|-unboost|p2a: Flamigo|spd|1\n|move|p1a: Duraludon|Draco Meteor|p2a: Flamigo\n|-damage|p2a: Flamigo|0 fnt\n|-unboost|p1a: Duraludon|spa|2\n|faint|p2a: Flamigo\n|\n|upkeep\n|\n|t:|1781465040\n|switch|p2a: Sneasler|Sneasler, L74, F|240/240\n|turn|13\n|\n|t:|1781465045\n|switch|p1a: Sableye|Sableye, L88, F|143/231\n|move|p2a: Sneasler|Swords Dance|p2a: Sneasler\n|-boost|p2a: Sneasler|atk|2\n|\n|-heal|p1a: Sableye|157/231|[from] item: Leftovers\n|upkeep\n|turn|14\n|\n|t:|1781465050\n|switch|p2a: Ursaring|Ursaring, L84, F|117/288\n|move|p1a: Sableye|Encore||[still]\n|-fail|p1a: Sableye\n|\n|-heal|p1a: Sableye|171/231|[from] item: Leftovers\n|upkeep\n|turn|15\n|\n|t:|1781465054\n|move|p2a: Ursaring|Throat Chop|p1a: Sableye\n|-damage|p1a: Sableye|98/231\n|-start|p1a: Sableye|Throat Chop|[silent]\n|move|p1a: Sableye|Knock Off|p2a: Ursaring\n|-damage|p2a: Ursaring|47/288\n|-enditem|p2a: Ursaring|Eviolite|[from] move: Knock Off|[of] p1a: Sableye\n|\n|-heal|p1a: Sableye|112/231|[from] item: Leftovers\n|upkeep\n|turn|16\n|\n|t:|1781465060\n|move|p1a: Sableye|Recover|p1a: Sableye\n|-heal|p1a: Sableye|228/231\n|move|p2a: Ursaring|Rest|p2a: Ursaring\n|-status|p2a: Ursaring|slp|[from] move: Rest\n|-heal|p2a: Ursaring|288/288 slp|[silent]\n|\n|-heal|p1a: Sableye|231/231|[from] item: Leftovers\n|-end|p1a: Sableye|Throat Chop|[silent]\n|upkeep\n|turn|17\n|\n|t:|1781465066\n|switch|p1a: Duraludon|Duraludon, L82, M|154/249\n|cant|p2a: Ursaring|slp\n|move|p2a: Ursaring|Sleep Talk|p2a: Ursaring\n|move|p2a: Ursaring|Body Slam|p1a: Duraludon|[from] move: Sleep Talk\n|-resisted|p1a: Duraludon\n|-damage|p1a: Duraludon|106/249\n|\n|upkeep\n|turn|18\n|\n|t:|1781465070\n|move|p1a: Duraludon|Iron Defense|p1a: Duraludon\n|-boost|p1a: Duraludon|def|2\n|cant|p2a: Ursaring|slp\n|move|p2a: Ursaring|Sleep Talk|p2a: Ursaring\n|move|p2a: Ursaring|Rest||[from] move: Sleep Talk|[still]\n|-fail|p2a: Ursaring\n|\n|upkeep\n|turn|19\n|\n|t:|1781465073\n|move|p1a: Duraludon|Body Press|p2a: Ursaring\n|-supereffective|p2a: Ursaring\n|-damage|p2a: Ursaring|36/288 slp\n|-curestatus|p2a: Ursaring|slp|[msg]\n|move|p2a: Ursaring|Body Slam|p1a: Duraludon\n|-resisted|p1a: Duraludon\n|-damage|p1a: Duraludon|90/249\n|\n|upkeep\n|turn|20\n|\n|t:|1781465077\n|move|p1a: Duraludon|Body Press|p2a: Ursaring\n|-supereffective|p2a: Ursaring\n|-damage|p2a: Ursaring|0 fnt\n|faint|p2a: Ursaring\n|\n|upkeep\n|\n|t:|1781465080\n|switch|p2a: Sneasler|Sneasler, L74, F|240/240\n|turn|21\n|\n|t:|1781465083\n|move|p2a: Sneasler|Close Combat|p1a: Duraludon\n|-supereffective|p1a: Duraludon\n|-damage|p1a: Duraludon|24/249\n|-unboost|p2a: Sneasler|def|1\n|-unboost|p2a: Sneasler|spd|1\n|-enditem|p2a: Sneasler|White Herb\n|-clearnegativeboost|p2a: Sneasler|[silent]\n|move|p1a: Duraludon|Draco Meteor|p2a: Sneasler\n|-damage|p2a: Sneasler|65/240\n|-unboost|p1a: Duraludon|spa|2\n|\n|upkeep\n|turn|22\n|\n|t:|1781465088\n|switch|p1a: Sableye|Sableye, L88, F|231/231\n|move|p2a: Sneasler|Close Combat|p1a: Sableye\n|-immune|p1a: Sableye\n|\n|upkeep\n|turn|23\n|\n|t:|1781465092\n|move|p1a: Sableye|Will-O-Wisp|p2a: Sneasler|[miss]\n|-miss|p1a: Sableye|p2a: Sneasler\n|move|p2a: Sneasler|Acrobatics|p1a: Sableye\n|-crit|p1a: Sableye\n|-damage|p1a: Sableye|102/231\n|\n|-heal|p1a: Sableye|116/231|[from] item: Leftovers\n|upkeep\n|turn|24\n|\n|t:|1781465097\n|move|p1a: Sableye|Recover|p1a: Sableye\n|-heal|p1a: Sableye|231/231\n|move|p2a: Sneasler|Acrobatics|p1a: Sableye\n|-damage|p1a: Sableye|151/231\n|\n|-heal|p1a: Sableye|165/231|[from] item: Leftovers\n|upkeep\n|turn|25\n|\n|t:|1781465099\n|move|p1a: Sableye|Will-O-Wisp|p2a: Sneasler\n|-status|p2a: Sneasler|brn\n|move|p2a: Sneasler|Acrobatics|p1a: Sableye\n|-damage|p1a: Sableye|127/231\n|\n|-heal|p1a: Sableye|141/231|[from] item: Leftovers\n|-damage|p2a: Sneasler|50/240 brn|[from] brn\n|upkeep\n|turn|26\n|\n|t:|1781465105\n|move|p1a: Sableye|Encore|p2a: Sneasler\n|-start|p2a: Sneasler|Encore\n|move|p2a: Sneasler|Acrobatics|p1a: Sableye\n|-damage|p1a: Sableye|97/231\n|\n|-heal|p1a: Sableye|111/231|[from] item: Leftovers\n|-damage|p2a: Sneasler|35/240 brn|[from] brn\n|upkeep\n|turn|27\n|\n|t:|1781465108\n|move|p1a: Sableye|Recover|p1a: Sableye\n|-heal|p1a: Sableye|227/231\n|move|p2a: Sneasler|Acrobatics|p1a: Sableye\n|-crit|p1a: Sableye\n|-damage|p1a: Sableye|161/231\n|\n|-heal|p1a: Sableye|175/231|[from] item: Leftovers\n|-damage|p2a: Sneasler|20/240 brn|[from] brn\n|upkeep\n|turn|28\n|\n|t:|1781465111\n|move|p1a: Sableye|Recover|p1a: Sableye\n|-heal|p1a: Sableye|231/231\n|move|p2a: Sneasler|Acrobatics|p1a: Sableye\n|-damage|p1a: Sableye|186/231\n|\n|-heal|p1a: Sableye|200/231|[from] item: Leftovers\n|-damage|p2a: Sneasler|5/240 brn|[from] brn\n|-end|p2a: Sneasler|Encore\n|upkeep\n|turn|29\n|\n|t:|1781465113\n|move|p1a: Sableye|Recover|p1a: Sableye\n|-heal|p1a: Sableye|231/231\n|move|p2a: Sneasler|Close Combat|p1a: Sableye\n|-immune|p1a: Sableye\n|\n|-damage|p2a: Sneasler|0 fnt|[from] brn\n|faint|p2a: Sneasler\n|upkeep\n|\n|t:|1781465115\n|switch|p2a: Magearna|Magearna, L77|250/250\n|turn|30\n|\n|t:|1781465122\n|move|p1a: Sableye|Will-O-Wisp|p2a: Magearna|[miss]\n|-miss|p1a: Sableye|p2a: Magearna\n|move|p2a: Magearna|Fleur Cannon|p1a: Sableye\n|-supereffective|p1a: Sableye\n|-damage|p1a: Sableye|0 fnt\n|-unboost|p2a: Magearna|spa|2\n|faint|p1a: Sableye\n|-ability|p2a: Magearna|Soul-Heart|boost\n|-boost|p2a: Magearna|spa|1\n|\n|upkeep\n|\n|t:|1781465125\n|switch|p1a: Bisharp|Bisharp, L79, F|232/232\n|turn|31\n|\n|t:|1781465131\n|-terastallize|p2a: Magearna|Ground\n|move|p1a: Bisharp|Swords Dance|p1a: Bisharp\n|-boost|p1a: Bisharp|atk|2\n|move|p2a: Magearna|Shift Gear|p2a: Magearna\n|-boost|p2a: Magearna|spe|2\n|-boost|p2a: Magearna|atk|1\n|\n|upkeep\n|turn|32\n|\n|t:|1781465140\n|move|p2a: Magearna|Tera Blast|p1a: Bisharp|[anim] Tera Blast Ground\n|-supereffective|p1a: Bisharp\n|-damage|p1a: Bisharp|92/232\n|move|p1a: Bisharp|Iron Head|p2a: Magearna\n|-damage|p2a: Magearna|79/250\n|\n|upkeep\n|turn|33\n|\n|t:|1781465146\n|move|p1a: Bisharp|Sucker Punch||[still]\n|-fail|p1a: Bisharp\n|move|p2a: Magearna|Shift Gear|p2a: Magearna\n|-boost|p2a: Magearna|spe|2\n|-boost|p2a: Magearna|atk|1\n|\n|upkeep\n|turn|34\n|\n|t:|1781465148\n|move|p1a: Bisharp|Sucker Punch|p2a: Magearna\n|-damage|p2a: Magearna|0 fnt\n|faint|p2a: Magearna\n|\n|upkeep\n|\n|t:|1781465149\n|switch|p2a: Zekrom|Zekrom, L71|259/259\n|-ability|p2a: Zekrom|Teravolt\n|turn|35\n|\n|t:|1781465154\n|move|p2a: Zekrom|Substitute|p2a: Zekrom\n|-start|p2a: Zekrom|Substitute\n|-damage|p2a: Zekrom|195/259\n|move|p1a: Bisharp|Throat Chop|p2a: Zekrom\n|-end|p2a: Zekrom|Substitute\n|\n|-heal|p2a: Zekrom|211/259|[from] item: Leftovers\n|upkeep\n|turn|36\n|\n|t:|1781465157\n|move|p2a: Zekrom|Bolt Strike|p1a: Bisharp\n|-damage|p1a: Bisharp|0 fnt\n|faint|p1a: Bisharp\n|\n|-heal|p2a: Zekrom|227/259|[from] item: Leftovers\n|upkeep\n|\n|t:|1781465167\n|switch|p1a: Duraludon|Duraludon, L82, M|24/249\n|turn|37\n|\n|t:|1781465171\n|move|p1a: Duraludon|Body Press|p2a: Zekrom\n|-crit|p2a: Zekrom\n|-damage|p2a: Zekrom|144/259\n|move|p2a: Zekrom|Dragon Dance|p2a: Zekrom\n|-boost|p2a: Zekrom|atk|1\n|-boost|p2a: Zekrom|spe|1\n|\n|-heal|p2a: Zekrom|160/259|[from] item: Leftovers\n|upkeep\n|turn|38\n|\n|t:|1781465176\n|move|p2a: Zekrom|Bolt Strike|p1a: Duraludon\n|-resisted|p1a: Duraludon\n|-damage|p1a: Duraludon|0 fnt\n|faint|p1a: Duraludon\n|\n|-heal|p2a: Zekrom|176/259|[from] item: Leftovers\n|upkeep\n|\n|t:|1781465178\n|switch|p1a: Latias|Latias, L79, F|256/256\n|turn|39\n|\n|t:|1781465182\n|-terastallize|p1a: Latias|Steel\n|move|p2a: Zekrom|Substitute|p2a: Zekrom\n|-start|p2a: Zekrom|Substitute\n|-damage|p2a: Zekrom|112/259\n|move|p1a: Latias|Draco Meteor|p2a: Zekrom\n|-supereffective|p2a: Zekrom\n|-end|p2a: Zekrom|Substitute\n|-unboost|p1a: Latias|spa|2\n|\n|-heal|p2a: Zekrom|128/259|[from] item: Leftovers\n|upkeep\n|turn|40\n|\n|t:|1781465188\n|move|p2a: Zekrom|Substitute|p2a: Zekrom\n|-start|p2a: Zekrom|Substitute\n|-damage|p2a: Zekrom|64/259\n|move|p1a: Latias|Draco Meteor|p2a: Zekrom\n|-supereffective|p2a: Zekrom\n|-end|p2a: Zekrom|Substitute\n|-unboost|p1a: Latias|spa|2\n|\n|-heal|p2a: Zekrom|80/259|[from] item: Leftovers\n|upkeep\n|turn|41\n|\n|t:|1781465192\n|move|p2a: Zekrom|Dragon Dance|p2a: Zekrom\n|-boost|p2a: Zekrom|atk|1\n|-boost|p2a: Zekrom|spe|1\n|move|p1a: Latias|Draco Meteor|p2a: Zekrom|[miss]\n|-miss|p1a: Latias|p2a: Zekrom\n|\n|-heal|p2a: Zekrom|96/259|[from] item: Leftovers\n|upkeep\n|turn|42\n|c|\u2606justinprim|Wow\n|\n|t:|1781465201\n|switch|p1a: Basculegion|Basculegion-F, L83, F|335/335\n|move|p2a: Zekrom|Substitute|p2a: Zekrom\n|-start|p2a: Zekrom|Substitute\n|-damage|p2a: Zekrom|32/259\n|\n|-heal|p2a: Zekrom|48/259|[from] item: Leftovers\n|upkeep\n|turn|43\n|\n|t:|1781465205\n|move|p2a: Zekrom|Bolt Strike|p1a: Basculegion\n|-supereffective|p1a: Basculegion\n|-damage|p1a: Basculegion|0 fnt\n|faint|p1a: Basculegion\n|\n|-heal|p2a: Zekrom|64/259|[from] item: Leftovers\n|upkeep\n|-message|justinprim forfeited.\n|\n|win|UmbreonSolitario\n", "uploadtime": 1781464924, "views": 6, "formatid": "gen9randombattle", "rating": null, "private": 0, "password": null}