{"id": "gen9randombattle-2631871913", "format": "[Gen 9] Random Battle", "players": ["DBKaiyote", "kevinnopants"], "log": "|j|\u2606DBKaiyote\n|j|\u2606kevinnopants\n|t:|1781450458\n|gametype|singles\n|player|p1|DBKaiyote|swimmer-gen4|2031\n|player|p2|kevinnopants|2|2002\n|gen|9\n|tier|[Gen 9] Random Battle\n|rated|\n|rule|Species Clause: Limit one of each Pok\u00e9mon\n|rule|HP Percentage Mod: HP is shown in percentages\n|rule|Sleep Clause Mod: Limit one foe put to sleep\n|rule|Illusion Level Mod: Illusion disguises the Pok\u00e9mon's true level\n|\n|t:|1781450458\n|teamsize|p1|6\n|teamsize|p2|6\n|start\n|switch|p1a: Sandslash|Sandslash-Alola, L88, M|275/275\n|switch|p2a: Dewgong|Dewgong, L94, M|322/322\n|turn|1\n|\n|t:|1781450480\n|move|p2a: Dewgong|Surf|p1a: Sandslash\n|-damage|p1a: Sandslash|200/275\n|move|p1a: Sandslash|Iron Head|p2a: Dewgong\n|-damage|p2a: Dewgong|229/322\n|\n|upkeep\n|turn|2\n|inactive|Battle timer is ON: inactive players will automatically lose when time's up. (requested by kevinnopants)\n|\n|t:|1781450484\n|switch|p1a: Palkia|Palkia-Origin, L72|249/249\n|-ability|p1a: Palkia|Pressure\n|move|p2a: Dewgong|Surf|p1a: Palkia\n|-resisted|p1a: Palkia\n|-damage|p1a: Palkia|229/249\n|\n|upkeep\n|turn|3\n|\n|t:|1781450488\n|move|p1a: Palkia|Thunder Wave|p2a: Dewgong\n|-status|p2a: Dewgong|par\n|move|p2a: Dewgong|Triple Axel|p1a: Palkia|[miss]\n|-miss|p2a: Dewgong|p1a: Palkia\n|\n|upkeep\n|turn|4\n|\n|t:|1781450492\n|move|p1a: Palkia|Spacial Rend|p2a: Dewgong\n|-damage|p2a: Dewgong|159/322 par\n|move|p2a: Dewgong|Flip Turn|p1a: Palkia\n|-resisted|p1a: Palkia\n|-damage|p1a: Palkia|214/249\n|\n|t:|1781450496\n|switch|p2a: Sylveon|Sylveon, L85, M|300/300|[from] Flip Turn\n|\n|upkeep\n|turn|5\n|\n|t:|1781450508\n|switch|p1a: Slowbro|Slowbro, L85, F|300/300\n|switch|p2a: Dewgong|Dewgong, L94, M|159/322 par\n|\n|upkeep\n|turn|6\n|\n|t:|1781450518\n|move|p1a: Slowbro|Calm Mind|p1a: Slowbro\n|-boost|p1a: Slowbro|spa|1\n|-boost|p1a: Slowbro|spd|1\n|cant|p2a: Dewgong|par\n|\n|upkeep\n|turn|7\n|\n|t:|1781450522\n|move|p1a: Slowbro|Psychic Noise|p2a: Dewgong\n|-crit|p2a: Dewgong\n|-damage|p2a: Dewgong|47/322 par\n|-start|p2a: Dewgong|move: Heal Block\n|cant|p2a: Dewgong|par\n|\n|upkeep\n|turn|8\n|\n|t:|1781450528\n|move|p1a: Slowbro|Psychic Noise|p2a: Dewgong\n|-damage|p2a: Dewgong|0 fnt\n|faint|p2a: Dewgong\n|\n|upkeep\n|\n|t:|1781450533\n|switch|p2a: Serperior|Serperior, L79, M|248/248\n|turn|9\n|\n|t:|1781450542\n|switch|p1a: Sandslash|Sandslash-Alola, L88, M|200/275\n|move|p2a: Serperior|Leaf Storm|p1a: Sandslash\n|-resisted|p1a: Sandslash\n|-damage|p1a: Sandslash|149/275\n|-boost|p2a: Serperior|spa|2\n|-damage|p2a: Serperior|224/248|[from] item: Life Orb\n|\n|upkeep\n|turn|10\n|\n|t:|1781450563\n|-terastallize|p2a: Serperior|Fire\n|move|p2a: Serperior|Tera Blast|p1a: Sandslash|[anim] Tera Blast Fire\n|-supereffective|p1a: Sandslash\n|-damage|p1a: Sandslash|0 fnt\n|faint|p1a: Sandslash\n|-damage|p2a: Serperior|200/248|[from] item: Life Orb\n|\n|upkeep\n|\n|t:|1781450571\n|switch|p1a: Palkia|Palkia-Origin, L72|214/249\n|-ability|p1a: Palkia|Pressure\n|turn|11\n|\n|t:|1781450580\n|move|p2a: Serperior|Leaf Storm|p1a: Palkia\n|-damage|p1a: Palkia|0 fnt\n|-boost|p2a: Serperior|spa|2\n|faint|p1a: Palkia\n|-damage|p2a: Serperior|176/248|[from] item: Life Orb\n|\n|upkeep\n|\n|t:|1781450595\n|switch|p1a: Piloswine|Piloswine, L85, F|309/309\n|turn|12\n|inactive|kevinnopants has 120 seconds left.\n|\n|t:|1781450633\n|-terastallize|p1a: Piloswine|Poison\n|move|p2a: Serperior|Leaf Storm|p1a: Piloswine\n|-resisted|p1a: Piloswine\n|-damage|p1a: Piloswine|153/309\n|-boost|p2a: Serperior|spa|2\n|-damage|p2a: Serperior|152/248|[from] item: Life Orb\n|move|p1a: Piloswine|Earthquake|p2a: Serperior\n|-supereffective|p2a: Serperior\n|-damage|p2a: Serperior|0 fnt\n|faint|p2a: Serperior\n|\n|upkeep\n|\n|t:|1781450641\n|switch|p2a: Mew|Mew, L82|298/298\n|turn|13\n|\n|t:|1781450655\n|switch|p1a: Slowbro|Slowbro, L85, F|300/300\n|move|p2a: Mew|Swords Dance|p2a: Mew\n|-boost|p2a: Mew|atk|2\n|\n|upkeep\n|turn|14\n|\n|t:|1781450669\n|move|p2a: Mew|Knock Off|p1a: Slowbro\n|-supereffective|p1a: Slowbro\n|-damage|p1a: Slowbro|0 fnt\n|-enditem|p1a: Slowbro|Leftovers|[from] move: Knock Off|[of] p2a: Mew\n|faint|p1a: Slowbro\n|-damage|p2a: Mew|269/298|[from] item: Life Orb\n|\n|upkeep\n|\n|t:|1781450684\n|switch|p1a: Slaking|Slaking, L84, M|389/389\n|turn|15\n|\n|t:|1781450690\n|switch|p2a: Sylveon|Sylveon, L85, M|300/300\n|move|p1a: Slaking|Knock Off|p2a: Sylveon\n|-resisted|p2a: Sylveon\n|-crit|p2a: Sylveon\n|-damage|p2a: Sylveon|169/300\n|-enditem|p2a: Sylveon|Leftovers|[from] move: Knock Off|[of] p1a: Slaking\n|\n|upkeep\n|turn|16\n|\n|t:|1781450695\n|switch|p1a: Piloswine|Piloswine, L85, F, tera:Poison|153/309\n|move|p2a: Sylveon|Hyper Voice|p1a: Piloswine\n|-resisted|p1a: Piloswine\n|-damage|p1a: Piloswine|96/309\n|\n|upkeep\n|turn|17\n|\n|t:|1781450704\n|move|p2a: Sylveon|Wish|p2a: Sylveon\n|move|p1a: Piloswine|Earthquake|p2a: Sylveon\n|-damage|p2a: Sylveon|31/300\n|\n|upkeep\n|turn|18\n|\n|t:|1781450708\n|move|p2a: Sylveon|Protect|p2a: Sylveon\n|-singleturn|p2a: Sylveon|Protect\n|move|p1a: Piloswine|Stealth Rock|p2a: Sylveon\n|-sidestart|p2: kevinnopants|move: Stealth Rock\n|\n|-heal|p2a: Sylveon|181/300|[from] move: Wish|[wisher] Sylveon\n|upkeep\n|turn|19\n|\n|t:|1781450711\n|switch|p2a: Mew|Mew, L82|269/298\n|-damage|p2a: Mew|232/298|[from] Stealth Rock\n|move|p1a: Piloswine|Earthquake|p2a: Mew\n|-damage|p2a: Mew|121/298\n|\n|upkeep\n|turn|20\n|\n|t:|1781450715\n|move|p2a: Mew|Psychic Fangs|p1a: Piloswine\n|-supereffective|p1a: Piloswine\n|-damage|p1a: Piloswine|0 fnt\n|faint|p1a: Piloswine\n|-damage|p2a: Mew|92/298|[from] item: Life Orb\n|\n|upkeep\n|\n|t:|1781450718\n|switch|p1a: Pikachu|Pikachu-Hoenn, L93, F|216/216\n|turn|21\n|\n|t:|1781450725\n|move|p1a: Pikachu|Fake Out|p2a: Mew\n|-damage|p2a: Mew|47/298\n|cant|p2a: Mew|flinch\n|\n|upkeep\n|turn|22\n|\n|t:|1781450730\n|move|p1a: Pikachu|Volt Tackle|p2a: Mew\n|-damage|p2a: Mew|0 fnt\n|faint|p2a: Mew\n|-damage|p1a: Pikachu|200/216|[from] Recoil\n|\n|upkeep\n|\n|t:|1781450743\n|switch|p2a: Lurantis|Lurantis, L87, F|264/264\n|-damage|p2a: Lurantis|231/264|[from] Stealth Rock\n|turn|23\n|\n|t:|1781450749\n|switch|p1a: Slaking|Slaking, L84, M|389/389\n|move|p2a: Lurantis|Superpower|p1a: Slaking\n|-supereffective|p1a: Slaking\n|-damage|p1a: Slaking|209/389\n|-boost|p2a: Lurantis|atk|1\n|-boost|p2a: Lurantis|def|1\n|\n|-heal|p2a: Lurantis|247/264|[from] item: Leftovers\n|upkeep\n|turn|24\n|\n|t:|1781450754\n|move|p1a: Slaking|Giga Impact|p2a: Lurantis\n|-damage|p2a: Lurantis|30/264\n|-mustrecharge|p1a: Slaking\n|move|p2a: Lurantis|Synthesis|p2a: Lurantis\n|-heal|p2a: Lurantis|162/264\n|\n|-heal|p2a: Lurantis|178/264|[from] item: Leftovers\n|upkeep\n|turn|25\n|-message|DBKaiyote forfeited.\n|\n|win|kevinnopants\n", "uploadtime": 1781450460, "views": 3, "formatid": "gen9randombattle", "rating": null, "private": 0, "password": null}