{"id": "gen9randombattle-2631846945", "format": "[Gen 9] Random Battle", "players": ["matthewma654321", "goinforasmoke"], "log": "|j|\u2606matthewma654321\n|j|\u2606goinforasmoke\n|t:|1781447601\n|gametype|singles\n|player|p1|matthewma654321|102|1977\n|player|p2|goinforasmoke|acetrainer-gen6xy|2038\n|gen|9\n|tier|[Gen 9] Random Battle\n|rated|\n|rule|Species Clause: Limit one of each Pok\u00e9mon\n|rule|HP Percentage Mod: HP is shown in percentages\n|rule|Sleep Clause Mod: Limit one foe put to sleep\n|rule|Illusion Level Mod: Illusion disguises the Pok\u00e9mon's true level\n|\n|t:|1781447601\n|teamsize|p1|6\n|teamsize|p2|6\n|start\n|switch|p1a: Granbull|Granbull, L88, M|302/302\n|switch|p2a: Palkia|Palkia, L75|259/259\n|-ability|p2a: Palkia|Pressure\n|-ability|p1a: Granbull|Intimidate|boost\n|-unboost|p2a: Palkia|atk|1\n|turn|1\n|inactive|Battle timer is ON: inactive players will automatically lose when time's up. (requested by goinforasmoke)\n|\n|t:|1781447614\n|move|p2a: Palkia|Hydro Pump|p1a: Granbull\n|-damage|p1a: Granbull|91/302\n|move|p1a: Granbull|Thunder Wave|p2a: Palkia\n|-status|p2a: Palkia|par\n|\n|-heal|p1a: Granbull|109/302|[from] item: Leftovers\n|upkeep\n|turn|2\n|\n|t:|1781447627\n|move|p1a: Granbull|Play Rough|p2a: Palkia|[miss]\n|-miss|p1a: Granbull|p2a: Palkia\n|move|p2a: Palkia|Hydro Pump|p1a: Granbull\n|-damage|p1a: Granbull|0 fnt\n|faint|p1a: Granbull\n|\n|upkeep\n|\n|t:|1781447632\n|switch|p1a: Iron Valiant|Iron Valiant, L78|244/244\n|turn|3\n|\n|t:|1781447639\n|move|p1a: Iron Valiant|Swords Dance|p1a: Iron Valiant\n|-boost|p1a: Iron Valiant|atk|2\n|cant|p2a: Palkia|par\n|\n|upkeep\n|turn|4\n|\n|t:|1781447643\n|move|p1a: Iron Valiant|Spirit Break|p2a: Palkia\n|-supereffective|p2a: Palkia\n|-damage|p2a: Palkia|0 fnt\n|faint|p2a: Palkia\n|-damage|p1a: Iron Valiant|220/244|[from] item: Life Orb\n|\n|upkeep\n|\n|t:|1781447654\n|switch|p2a: Reuniclus|Reuniclus, L88, F|337/337\n|turn|5\n|\n|t:|1781447656\n|-terastallize|p2a: Reuniclus|Steel\n|move|p1a: Iron Valiant|Knock Off|p2a: Reuniclus\n|-damage|p2a: Reuniclus|119/337\n|-enditem|p2a: Reuniclus|Life Orb|[from] move: Knock Off|[of] p1a: Iron Valiant\n|-damage|p1a: Iron Valiant|196/244|[from] item: Life Orb\n|move|p2a: Reuniclus|Psychic|p1a: Iron Valiant\n|-supereffective|p1a: Iron Valiant\n|-damage|p1a: Iron Valiant|0 fnt\n|faint|p1a: Iron Valiant\n|-end|p1a: Iron Valiant|Quark Drive|[silent]\n|\n|upkeep\n|\n|t:|1781447662\n|switch|p1a: Malamar|Malamar, L82, M|275/275\n|turn|6\n|\n|t:|1781447673\n|switch|p2a: Miraidon|Miraidon, L65|238/238\n|-fieldstart|move: Electric Terrain|[from] ability: Hadron Engine|[of] p2a: Miraidon\n|move|p1a: Malamar|Superpower|p2a: Miraidon\n|-damage|p2a: Miraidon|148/238\n|-boost|p1a: Malamar|atk|1\n|-boost|p1a: Malamar|def|1\n|\n|upkeep\n|turn|7\n|inactive|matthewma654321 has 120 seconds left.\n|\n|t:|1781447719\n|move|p2a: Miraidon|Volt Switch|p1a: Malamar\n|-damage|p1a: Malamar|110/275\n|\n|t:|1781447724\n|switch|p2a: Reuniclus|Reuniclus, L88, F, tera:Steel|119/337|[from] Volt Switch\n|move|p1a: Malamar|Knock Off|p2a: Reuniclus\n|-damage|p2a: Reuniclus|25/337\n|\n|upkeep\n|turn|8\n|\n|t:|1781447730\n|move|p1a: Malamar|Superpower|p2a: Reuniclus\n|-supereffective|p2a: Reuniclus\n|-damage|p2a: Reuniclus|0 fnt\n|-boost|p1a: Malamar|atk|1\n|-boost|p1a: Malamar|def|1\n|faint|p2a: Reuniclus\n|\n|upkeep\n|\n|t:|1781447732\n|switch|p2a: Miraidon|Miraidon, L65|148/238\n|-activate|p2a: Miraidon|ability: Hadron Engine\n|turn|9\n|\n|t:|1781447736\n|move|p2a: Miraidon|Volt Switch|p1a: Malamar\n|-damage|p1a: Malamar|0 fnt\n|faint|p1a: Malamar\n|\n|t:|1781447740\n|switch|p2a: Blastoise|Blastoise, L80, M|258/258|[from] Volt Switch\n|\n|upkeep\n|\n|t:|1781447753\n|switch|p1a: Gumshoos|Gumshoos, L95, M|321/321\n|turn|10\n|\n|t:|1781447761\n|-terastallize|p1a: Gumshoos|Normal\n|move|p2a: Blastoise|Shell Smash|p2a: Blastoise\n|-unboost|p2a: Blastoise|def|1\n|-unboost|p2a: Blastoise|spd|1\n|-boost|p2a: Blastoise|atk|2\n|-boost|p2a: Blastoise|spa|2\n|-boost|p2a: Blastoise|spe|2\n|-enditem|p2a: Blastoise|White Herb\n|-clearnegativeboost|p2a: Blastoise|[silent]\n|move|p1a: Gumshoos|Double-Edge|p2a: Blastoise\n|-damage|p2a: Blastoise|0 fnt\n|faint|p2a: Blastoise\n|-damage|p1a: Gumshoos|236/321|[from] Recoil\n|\n|-fieldend|move: Electric Terrain\n|upkeep\n|\n|t:|1781447773\n|switch|p2a: Miraidon|Miraidon, L65|148/238\n|-fieldstart|move: Electric Terrain|[from] ability: Hadron Engine|[of] p2a: Miraidon\n|turn|11\n|\n|t:|1781447774\n|move|p2a: Miraidon|Electro Drift|p1a: Gumshoos\n|-damage|p1a: Gumshoos|0 fnt\n|faint|p1a: Gumshoos\n|\n|upkeep\n|\n|t:|1781447778\n|switch|p1a: Cresselia|Cresselia, L80, F|323/323\n|turn|12\n|\n|t:|1781447794\n|move|p2a: Miraidon|Electro Drift|p1a: Cresselia\n|-damage|p1a: Cresselia|134/323\n|move|p1a: Cresselia|Calm Mind|p1a: Cresselia\n|-boost|p1a: Cresselia|spa|1\n|-boost|p1a: Cresselia|spd|1\n|\n|-heal|p1a: Cresselia|154/323|[from] item: Leftovers\n|upkeep\n|turn|13\n|\n|t:|1781447802\n|move|p2a: Miraidon|Electro Drift|p1a: Cresselia\n|-damage|p1a: Cresselia|34/323\n|move|p1a: Cresselia|Moonlight|p1a: Cresselia\n|-heal|p1a: Cresselia|195/323\n|\n|-heal|p1a: Cresselia|215/323|[from] item: Leftovers\n|upkeep\n|turn|14\n|\n|t:|1781447806\n|switch|p2a: Delphox|Delphox, L84, F|263/263\n|move|p1a: Cresselia|Moonlight|p1a: Cresselia\n|-heal|p1a: Cresselia|323/323\n|\n|upkeep\n|turn|15\n|\n|t:|1781447814\n|move|p2a: Delphox|Nasty Plot|p2a: Delphox\n|-boost|p2a: Delphox|spa|2\n|move|p1a: Cresselia|Calm Mind|p1a: Cresselia\n|-boost|p1a: Cresselia|spa|1\n|-boost|p1a: Cresselia|spd|1\n|\n|-fieldend|move: Electric Terrain\n|upkeep\n|turn|16\n|\n|t:|1781447817\n|move|p2a: Delphox|Nasty Plot|p2a: Delphox\n|-boost|p2a: Delphox|spa|2\n|move|p1a: Cresselia|Calm Mind|p1a: Cresselia\n|-boost|p1a: Cresselia|spa|1\n|-boost|p1a: Cresselia|spd|1\n|\n|upkeep\n|turn|17\n|\n|t:|1781447821\n|move|p2a: Delphox|Fire Blast|p1a: Cresselia\n|-damage|p1a: Cresselia|194/323\n|move|p1a: Cresselia|Calm Mind|p1a: Cresselia\n|-boost|p1a: Cresselia|spa|1\n|-boost|p1a: Cresselia|spd|1\n|\n|-heal|p1a: Cresselia|214/323|[from] item: Leftovers\n|upkeep\n|turn|18\n|\n|t:|1781447824\n|move|p2a: Delphox|Nasty Plot|p2a: Delphox\n|-boost|p2a: Delphox|spa|2\n|move|p1a: Cresselia|Calm Mind|p1a: Cresselia\n|-boost|p1a: Cresselia|spa|1\n|-boost|p1a: Cresselia|spd|1\n|\n|-heal|p1a: Cresselia|234/323|[from] item: Leftovers\n|upkeep\n|turn|19\n|\n|t:|1781447826\n|move|p2a: Delphox|Psyshock|p1a: Cresselia\n|-resisted|p1a: Cresselia\n|-damage|p1a: Cresselia|65/323\n|move|p1a: Cresselia|Calm Mind|p1a: Cresselia\n|-boost|p1a: Cresselia|spa|1\n|-boost|p1a: Cresselia|spd|1\n|\n|-heal|p1a: Cresselia|85/323|[from] item: Leftovers\n|upkeep\n|turn|20\n|-message|matthewma654321 forfeited.\n|\n|win|goinforasmoke\n|raw|matthewma654321's rating: 1977 &rarr; <strong>1960</strong><br />(-17 for losing)\n|raw|goinforasmoke's rating: 2038 &rarr; <strong>2055</strong><br />(+17 for winning)\n", "inputlog": ">version a8376a258c1d4662feba110a92103f3664a72141\n>start {\"formatid\":\"gen9randombattle\",\"seed\":\"sodium,236b83d04aab2ab776f18b7051766331\",\"rated\":\"Rated battle\"}\n>player p1 {\"name\":\"matthewma654321\",\"avatar\":\"102\",\"rating\":1977,\"seed\":\"sodium,077dc78dbc02db2b8e5f54da1f1aad8e\"}\n>player p2 {\"name\":\"goinforasmoke\",\"avatar\":\"acetrainer-gen6xy\",\"rating\":2038,\"seed\":\"sodium,36d478b0b44b8c4c202cf3d8cbbd5b11\"}\n>p1 move thunderwave\n>p2 move hydropump\n>p1 move playrough\n>p2 move hydropump\n>p1 switch 2\n>p1 move swordsdance\n>p2 move hydropump\n>p1 move spiritbreak\n>p2 move thunderwave\n>p2 switch 5\n>p1 move knockoff\n>p2 move psychic terastallize\n>p1 switch 3\n>p1 move superpower\n>p2 switch 6\n>p1 move knockoff\n>p2 move voltswitch\n>p2 switch 6\n>p1 move superpower\n>p2 move focusblast\n>p2 switch 6\n>p1 move superpower\n>p2 move voltswitch\n>p2 switch 2\n>p1 switch 6\n>p1 move doubleedge terastallize\n>p2 move shellsmash\n>p2 switch 2\n>p1 move doubleedge\n>p2 move electrodrift\n>p1 switch 5\n>p1 move calmmind\n>p2 move electrodrift\n>p1 move moonlight\n>p2 move electrodrift\n>p1 move moonlight\n>p2 switch 3\n>p1 move calmmind\n>p2 move nastyplot\n>p1 move calmmind\n>p2 move nastyplot\n>p1 move calmmind\n>p2 move fireblast\n>p1 move calmmind\n>p2 move nastyplot\n>p1 move calmmind\n>p2 move psyshock\n>forcelose p1", "uploadtime": 1781447603, "views": 7, "formatid": "gen9randombattle", "rating": 1960, "private": 0, "password": null}