{"id": "gen9randombattle-2631556821", "format": "[Gen 9] Random Battle", "players": ["xxzfn", "who is to say"], "log": "|j|\u2606xxzfn\n|j|\u2606who is to say\n|t:|1781400917\n|gametype|singles\n|player|p1|xxzfn|265|2232\n|player|p2|who is to say|170|2258\n|gen|9\n|tier|[Gen 9] Random Battle\n|rated|\n|rule|Species Clause: Limit one of each Pok\u00e9mon\n|rule|HP Percentage Mod: HP is shown in percentages\n|rule|Sleep Clause Mod: Limit one foe put to sleep\n|rule|Illusion Level Mod: Illusion disguises the Pok\u00e9mon's true level\n|\n|t:|1781400917\n|teamsize|p1|6\n|teamsize|p2|6\n|start\n|switch|p1a: Dewgong|Dewgong, L94, F|322/322\n|switch|p2a: Tinkaton|Tinkaton, L82, F|274/274\n|-ability|p2a: Tinkaton|Mold Breaker\n|turn|1\n|inactive|Battle timer is ON: inactive players will automatically lose when time's up. (requested by xxzfn)\n|inactive|who is to say has 120 seconds left.\n|\n|t:|1781400954\n|move|p2a: Tinkaton|Thunder Wave|p1a: Dewgong|[miss]\n|-miss|p2a: Tinkaton|p1a: Dewgong\n|move|p1a: Dewgong|Flip Turn|p2a: Tinkaton\n|-damage|p2a: Tinkaton|207/274\n|\n|t:|1781400969\n|switch|p1a: Orthworm|Orthworm, L88, M|266/266|[from] Flip Turn\n|\n|-heal|p2a: Tinkaton|224/274|[from] item: Leftovers\n|upkeep\n|turn|2\n|j| deathler\n|l| deathler\n|\n|t:|1781400986\n|move|p2a: Tinkaton|Thunder Wave|p1a: Orthworm\n|-status|p1a: Orthworm|par\n|move|p1a: Orthworm|Stealth Rock|p2a: Tinkaton\n|-sidestart|p2: who is to say|move: Stealth Rock\n|\n|-heal|p2a: Tinkaton|241/274|[from] item: Leftovers\n|upkeep\n|turn|3\n|\n|t:|1781401000\n|move|p2a: Tinkaton|Encore|p1a: Orthworm\n|-start|p1a: Orthworm|Encore\n|move|p1a: Orthworm|Stealth Rock||[still]\n|-fail|p1a: Orthworm\n|\n|-heal|p2a: Tinkaton|258/274|[from] item: Leftovers\n|upkeep\n|turn|4\n|\n|t:|1781401006\n|switch|p1a: Dewgong|Dewgong, L94, F|322/322\n|move|p2a: Tinkaton|Thunder Wave|p1a: Dewgong\n|-status|p1a: Dewgong|par\n|\n|-heal|p2a: Tinkaton|274/274|[from] item: Leftovers\n|upkeep\n|turn|5\n|\n|t:|1781401014\n|move|p2a: Tinkaton|Gigaton Hammer|p1a: Dewgong\n|-damage|p1a: Dewgong|204/322 par\n|cant|p1a: Dewgong|par\n|\n|upkeep\n|turn|6\n|\n|t:|1781401019\n|move|p2a: Tinkaton|Play Rough|p1a: Dewgong\n|-damage|p1a: Dewgong|131/322 par\n|move|p1a: Dewgong|Hydro Pump|p2a: Tinkaton\n|-damage|p2a: Tinkaton|166/274\n|\n|-heal|p2a: Tinkaton|183/274|[from] item: Leftovers\n|upkeep\n|turn|7\n|\n|t:|1781401026\n|move|p2a: Tinkaton|Gigaton Hammer|p1a: Dewgong\n|-damage|p1a: Dewgong|11/322 par\n|move|p1a: Dewgong|Knock Off|p2a: Tinkaton\n|-resisted|p2a: Tinkaton\n|-damage|p2a: Tinkaton|148/274\n|-enditem|p2a: Tinkaton|Leftovers|[from] move: Knock Off|[of] p1a: Dewgong\n|\n|upkeep\n|turn|8\n|\n|t:|1781401030\n|move|p2a: Tinkaton|Play Rough|p1a: Dewgong\n|-damage|p1a: Dewgong|0 fnt\n|faint|p1a: Dewgong\n|\n|upkeep\n|\n|t:|1781401033\n|switch|p1a: Orthworm|Orthworm, L88, M|266/266 par\n|turn|9\n|\n|t:|1781401038\n|switch|p2a: Gurdurr|Gurdurr, L85, F|283/283\n|-damage|p2a: Gurdurr|266/283|[from] Stealth Rock\n|cant|p1a: Orthworm|par\n|\n|upkeep\n|turn|10\n|\n|t:|1781401046\n|switch|p1a: Kilowattrel|Kilowattrel, L83, F|252/252\n|move|p2a: Gurdurr|Knock Off|p1a: Kilowattrel\n|-damage|p1a: Kilowattrel|157/252\n|-enditem|p1a: Kilowattrel|Heavy-Duty Boots|[from] move: Knock Off|[of] p2a: Gurdurr\n|\n|upkeep\n|turn|11\n|\n|t:|1781401053\n|switch|p2a: Swalot|Swalot, L90, M|326/326\n|-damage|p2a: Swalot|286/326|[from] Stealth Rock\n|move|p1a: Kilowattrel|Hurricane|p2a: Swalot\n|-damage|p2a: Swalot|160/326\n|-start|p2a: Swalot|confusion\n|\n|-heal|p2a: Swalot|180/326|[from] item: Leftovers\n|upkeep\n|turn|12\n|\n|t:|1781401060\n|move|p1a: Kilowattrel|U-turn|p2a: Swalot\n|-resisted|p2a: Swalot\n|-damage|p2a: Swalot|163/326\n|\n|t:|1781401063\n|switch|p1a: Orthworm|Orthworm, L88, M|266/266 par|[from] U-turn\n|-activate|p2a: Swalot|confusion\n|-damage|p2a: Swalot|134/326|[from] confusion\n|\n|-heal|p2a: Swalot|154/326|[from] item: Leftovers\n|upkeep\n|turn|13\n|\n|t:|1781401073\n|-end|p2a: Swalot|confusion\n|move|p2a: Swalot|Knock Off|p1a: Orthworm\n|-damage|p1a: Orthworm|225/266 par\n|-enditem|p1a: Orthworm|Leftovers|[from] move: Knock Off|[of] p2a: Swalot\n|move|p1a: Orthworm|Shed Tail|p1a: Orthworm\n|-start|p1a: Orthworm|Substitute|[from] move: Shed Tail\n|-damage|p1a: Orthworm|92/266 par\n|\n|t:|1781401078\n|switch|p1a: Tauros|Tauros-Paldea-Combat, L82, M|257/257|[from] Shed Tail\n|-ability|p1a: Tauros|Intimidate|boost\n|-unboost|p2a: Swalot|atk|1\n|\n|-heal|p2a: Swalot|174/326|[from] item: Leftovers\n|upkeep\n|turn|14\n|\n|t:|1781401083\n|move|p1a: Tauros|Earthquake|p2a: Swalot\n|-supereffective|p2a: Swalot\n|-damage|p2a: Swalot|0 fnt\n|faint|p2a: Swalot\n|\n|upkeep\n|\n|t:|1781401090\n|switch|p2a: Flamigo|Flamigo, L82, F|269/269\n|-damage|p2a: Flamigo|236/269|[from] Stealth Rock\n|turn|15\n|\n|t:|1781401097\n|switch|p1a: Kilowattrel|Kilowattrel, L83, F|157/252\n|move|p2a: Flamigo|Brave Bird|p1a: Kilowattrel\n|-resisted|p1a: Kilowattrel\n|-damage|p1a: Kilowattrel|60/252\n|-damage|p2a: Flamigo|204/269|[from] Recoil\n|\n|upkeep\n|turn|16\n|\n|t:|1781401101\n|move|p2a: Flamigo|Brave Bird|p1a: Kilowattrel\n|-resisted|p1a: Kilowattrel\n|-damage|p1a: Kilowattrel|0 fnt\n|faint|p1a: Kilowattrel\n|-damage|p2a: Flamigo|184/269|[from] Recoil\n|\n|upkeep\n|\n|t:|1781401107\n|switch|p1a: Pincurchin|Pincurchin, F|258/258\n|-fieldstart|move: Electric Terrain|[from] ability: Electric Surge|[of] p1a: Pincurchin\n|turn|17\n|\n|t:|1781401110\n|switch|p2a: Lilligant|Lilligant, L86, F|261/261\n|-damage|p2a: Lilligant|229/261|[from] Stealth Rock\n|move|p1a: Pincurchin|Zing Zap|p2a: Lilligant\n|-resisted|p2a: Lilligant\n|-damage|p2a: Lilligant|148/261\n|\n|upkeep\n|turn|18\n|\n|t:|1781401119\n|move|p2a: Lilligant|Quiver Dance|p2a: Lilligant\n|-boost|p2a: Lilligant|spa|1\n|-boost|p2a: Lilligant|spd|1\n|-boost|p2a: Lilligant|spe|1\n|move|p1a: Pincurchin|Zing Zap|p2a: Lilligant\n|-resisted|p2a: Lilligant\n|-damage|p2a: Lilligant|56/261\n|\n|upkeep\n|turn|19\n|\n|t:|1781401122\n|move|p2a: Lilligant|Giga Drain|p1a: Pincurchin\n|-damage|p1a: Pincurchin|94/258\n|-heal|p2a: Lilligant|138/261|[from] drain|[of] p1a: Pincurchin\n|-damage|p2a: Lilligant|112/261|[from] item: Life Orb\n|move|p1a: Pincurchin|Zing Zap|p2a: Lilligant\n|-resisted|p2a: Lilligant\n|-damage|p2a: Lilligant|27/261\n|\n|-heal|p1a: Pincurchin|110/258|[from] item: Leftovers\n|upkeep\n|turn|20\n|\n|t:|1781401128\n|move|p2a: Lilligant|Giga Drain|p1a: Pincurchin\n|-damage|p1a: Pincurchin|0 fnt\n|-heal|p2a: Lilligant|82/261|[from] drain|[of] p1a: Pincurchin\n|faint|p1a: Pincurchin\n|-damage|p2a: Lilligant|56/261|[from] item: Life Orb\n|\n|upkeep\n|\n|t:|1781401130\n|switch|p1a: Tauros|Tauros-Paldea-Combat, L82, M|257/257\n|-ability|p1a: Tauros|Intimidate|boost\n|-unboost|p2a: Lilligant|atk|1\n|turn|21\n|\n|t:|1781401139\n|move|p2a: Lilligant|Giga Drain|p1a: Tauros\n|-damage|p1a: Tauros|30/257\n|-heal|p2a: Lilligant|170/261|[from] drain|[of] p1a: Tauros\n|-damage|p2a: Lilligant|144/261|[from] item: Life Orb\n|move|p1a: Tauros|Close Combat|p2a: Lilligant\n|-damage|p2a: Lilligant|0 fnt\n|-unboost|p1a: Tauros|def|1\n|-unboost|p1a: Tauros|spd|1\n|faint|p2a: Lilligant\n|\n|-fieldend|move: Electric Terrain\n|upkeep\n|\n|t:|1781401150\n|switch|p2a: Flamigo|Flamigo, L82, F|184/269\n|-damage|p2a: Flamigo|151/269|[from] Stealth Rock\n|turn|22\n|\n|t:|1781401152\n|move|p2a: Flamigo|Close Combat|p1a: Tauros\n|-damage|p1a: Tauros|0 fnt\n|-unboost|p2a: Flamigo|def|1\n|-unboost|p2a: Flamigo|spd|1\n|faint|p1a: Tauros\n|\n|upkeep\n|\n|t:|1781401157\n|switch|p1a: Falinks|Falinks, L84|246/246\n|turn|23\n|\n|t:|1781401166\n|-terastallize|p2a: Flamigo|Fighting\n|move|p2a: Flamigo|Close Combat|p1a: Falinks\n|-damage|p1a: Falinks|88/246\n|-unboost|p2a: Flamigo|def|1\n|-unboost|p2a: Flamigo|spd|1\n|move|p1a: Falinks|No Retreat|p1a: Falinks\n|-boost|p1a: Falinks|atk|1\n|-boost|p1a: Falinks|def|1\n|-boost|p1a: Falinks|spa|1\n|-boost|p1a: Falinks|spd|1\n|-boost|p1a: Falinks|spe|1\n|-start|p1a: Falinks|move: No Retreat\n|\n|upkeep\n|turn|24\n|\n|t:|1781401174\n|move|p2a: Flamigo|Close Combat|p1a: Falinks\n|-damage|p1a: Falinks|0 fnt\n|-unboost|p2a: Flamigo|def|1\n|-unboost|p2a: Flamigo|spd|1\n|faint|p1a: Falinks\n|\n|upkeep\n|-message|xxzfn forfeited.\n|\n|win|who is to say\n", "uploadtime": 1781400920, "views": 5, "formatid": "gen9randombattle", "rating": null, "private": 0, "password": null}