{"id": "gen9randombattle-2632006336", "format": "[Gen 9] Random Battle", "players": ["scampy789", "Sushi4928"], "log": "|j|\u2606scampy789\n|j|\u2606Sushi4928\n|t:|1781465180\n|gametype|singles\n|player|p1|scampy789|170|2101\n|player|p2|Sushi4928|266|2070\n|gen|9\n|tier|[Gen 9] Random Battle\n|rated|\n|rule|Species Clause: Limit one of each Pok\u00e9mon\n|rule|HP Percentage Mod: HP is shown in percentages\n|rule|Sleep Clause Mod: Limit one foe put to sleep\n|rule|Illusion Level Mod: Illusion disguises the Pok\u00e9mon's true level\n|\n|t:|1781465180\n|teamsize|p1|6\n|teamsize|p2|6\n|start\n|switch|p1a: Rhyperior|Rhyperior, L82, M|323/323\n|switch|p2a: Espeon|Espeon, L84, M|246/246\n|turn|1\n|inactive|Battle timer is ON: inactive players will automatically lose when time's up. (requested by Sushi4928)\n|inactive|scampy789 also wants the timer to be on.\n|\n|t:|1781465191\n|switch|p2a: Hydreigon|Hydreigon, L79, M|275/275\n|move|p1a: Rhyperior|Megahorn|p2a: Hydreigon\n|-supereffective|p2a: Hydreigon\n|-damage|p2a: Hydreigon|67/275\n|\n|upkeep\n|turn|2\n|\n|t:|1781465207\n|move|p2a: Hydreigon|Draco Meteor|p1a: Rhyperior\n|-damage|p1a: Rhyperior|11/323\n|-unboost|p2a: Hydreigon|spa|2\n|move|p1a: Rhyperior|Rock Polish|p1a: Rhyperior\n|-boost|p1a: Rhyperior|spe|2\n|\n|upkeep\n|turn|3\n|\n|t:|1781465228\n|switch|p2a: Excadrill|Excadrill, L79, F|303/303\n|-ability|p2a: Excadrill|Mold Breaker\n|move|p1a: Rhyperior|Stone Edge|p2a: Excadrill\n|-resisted|p2a: Excadrill\n|-damage|p2a: Excadrill|258/303\n|\n|upkeep\n|turn|4\n|\n|t:|1781465241\n|move|p1a: Rhyperior|Earthquake|p2a: Excadrill\n|-supereffective|p2a: Excadrill\n|-damage|p2a: Excadrill|0 fnt\n|faint|p2a: Excadrill\n|\n|upkeep\n|\n|t:|1781465243\n|switch|p2a: Espeon|Espeon, L84, M|246/246\n|turn|5\n|\n|t:|1781465255\n|switch|p1a: Bisharp|Bisharp, L79, M|232/232\n|move|p2a: Espeon|Shadow Ball|p1a: Bisharp\n|-resisted|p1a: Bisharp\n|-damage|p1a: Bisharp|196/232\n|-damage|p2a: Espeon|222/246|[from] item: Life Orb\n|\n|upkeep\n|turn|6\n|\n|t:|1781465267\n|switch|p2a: Grimmsnarl|Grimmsnarl, L83, M|293/293\n|move|p1a: Bisharp|Stealth Rock|p2a: Grimmsnarl\n|-sidestart|p2: Sushi4928|move: Stealth Rock\n|\n|upkeep\n|turn|7\n|\n|t:|1781465275\n|move|p2a: Grimmsnarl|Reflect|p2a: Grimmsnarl\n|-sidestart|p2: Sushi4928|Reflect\n|move|p1a: Bisharp|Iron Head|p2a: Grimmsnarl\n|-supereffective|p2a: Grimmsnarl\n|-damage|p2a: Grimmsnarl|176/293\n|\n|upkeep\n|turn|8\n|\n|t:|1781465285\n|move|p2a: Grimmsnarl|Light Screen|p2a: Grimmsnarl\n|-sidestart|p2: Sushi4928|move: Light Screen\n|move|p1a: Bisharp|Iron Head|p2a: Grimmsnarl\n|-supereffective|p2a: Grimmsnarl\n|-damage|p2a: Grimmsnarl|56/293\n|\n|upkeep\n|turn|9\n|\n|t:|1781465294\n|switch|p2a: Hydreigon|Hydreigon, L79, M|67/275\n|-damage|p2a: Hydreigon|33/275|[from] Stealth Rock\n|move|p1a: Bisharp|Iron Head|p2a: Hydreigon\n|-crit|p2a: Hydreigon\n|-damage|p2a: Hydreigon|0 fnt\n|faint|p2a: Hydreigon\n|\n|upkeep\n|\n|t:|1781465296\n|switch|p2a: Oricorio|Oricorio-Pom-Pom, L82, M|257/257\n|turn|10\n|inactive|scampy789 has 120 seconds left.\n|\n|t:|1781465347\n|move|p2a: Oricorio|Quiver Dance|p2a: Oricorio\n|-boost|p2a: Oricorio|spa|1\n|-boost|p2a: Oricorio|spd|1\n|-boost|p2a: Oricorio|spe|1\n|move|p1a: Bisharp|Throat Chop|p2a: Oricorio\n|-damage|p2a: Oricorio|203/257\n|-start|p2a: Oricorio|Throat Chop|[silent]\n|\n|upkeep\n|turn|11\n|\n|t:|1781465350\n|move|p2a: Oricorio|Quiver Dance|p2a: Oricorio\n|-boost|p2a: Oricorio|spa|1\n|-boost|p2a: Oricorio|spd|1\n|-boost|p2a: Oricorio|spe|1\n|move|p1a: Bisharp|Throat Chop|p2a: Oricorio\n|-crit|p2a: Oricorio\n|-damage|p2a: Oricorio|50/257\n|\n|-end|p2a: Oricorio|Throat Chop|[silent]\n|upkeep\n|turn|12\n|\n|t:|1781465358\n|move|p2a: Oricorio|Roost|p2a: Oricorio\n|-heal|p2a: Oricorio|179/257\n|-singleturn|p2a: Oricorio|move: Roost\n|move|p1a: Bisharp|Throat Chop|p2a: Oricorio\n|-damage|p2a: Oricorio|119/257\n|-start|p2a: Oricorio|Throat Chop|[silent]\n|\n|upkeep\n|turn|13\n|\n|t:|1781465364\n|move|p2a: Oricorio|Quiver Dance|p2a: Oricorio\n|-boost|p2a: Oricorio|spa|1\n|-boost|p2a: Oricorio|spd|1\n|-boost|p2a: Oricorio|spe|1\n|move|p1a: Bisharp|Throat Chop|p2a: Oricorio\n|-damage|p2a: Oricorio|64/257\n|\n|-end|p2a: Oricorio|Throat Chop|[silent]\n|upkeep\n|turn|14\n|\n|t:|1781465370\n|move|p2a: Oricorio|Revelation Dance|p1a: Bisharp\n|-damage|p1a: Bisharp|16/232\n|move|p1a: Bisharp|Throat Chop|p2a: Oricorio\n|-damage|p2a: Oricorio|13/257\n|-start|p2a: Oricorio|Throat Chop|[silent]\n|\n|-sideend|p2: Sushi4928|Reflect\n|upkeep\n|turn|15\n|\n|t:|1781465377\n|move|p2a: Oricorio|Roost|p2a: Oricorio\n|-heal|p2a: Oricorio|142/257\n|-singleturn|p2a: Oricorio|move: Roost\n|move|p1a: Bisharp|Throat Chop|p2a: Oricorio\n|-crit|p2a: Oricorio\n|-damage|p2a: Oricorio|0 fnt\n|faint|p2a: Oricorio\n|\n|-sideend|p2: Sushi4928|move: Light Screen\n|upkeep\n|c|\u2606Sushi4928|right\n|-message|Sushi4928 forfeited.\n|\n|win|scampy789\n", "inputlog": ">version a8376a258c1d4662feba110a92103f3664a72141\n>start {\"formatid\":\"gen9randombattle\",\"seed\":\"sodium,b089ee6c840aa97daa56303962c027eb\",\"rated\":\"Rated battle\"}\n>player p1 {\"name\":\"scampy789\",\"avatar\":\"170\",\"rating\":2101,\"seed\":\"sodium,011969f2b7f96dccde3f2baf31944f62\"}\n>player p2 {\"name\":\"Sushi4928\",\"avatar\":\"266\",\"rating\":2070,\"seed\":\"sodium,c6e5a7d54da9fee3142df4ad468dee9a\"}\n>p1 move megahorn\n>p2 switch 3\n>p1 move rockpolish\n>p2 move dracometeor\n>p1 move stoneedge\n>p2 switch 2\n>p1 move earthquake\n>p2 move earthquake\n>p2 switch 3\n>p1 switch 6\n>p2 move shadowball\n>p1 move stealthrock\n>p2 switch 5\n>p1 move ironhead\n>p2 move reflect\n>p1 move ironhead\n>p2 move lightscreen\n>p1 move ironhead\n>p2 switch 2\n>p2 switch 4\n>p1 move throatchop\n>p2 move quiverdance\n>p1 move throatchop\n>p2 move quiverdance\n>p1 move throatchop\n>p2 move roost\n>p1 move throatchop\n>p2 move quiverdance\n>p1 move throatchop\n>p2 move revelationdance\n>p1 move throatchop\n>p2 move roost\n>chat \u2606Sushi4928|right\n>forcelose p2", "uploadtime": 1781465182, "views": 6, "formatid": "gen9randombattle", "rating": null, "private": 0, "password": null}