{"id": "gen9randombattle-2631795814", "format": "[Gen 9] Random Battle", "players": ["TheLastOne", "kormorano"], "log": "|j|\u2606TheLastOne\n|j|\u2606kormorano\n|t:|1781440888\n|gametype|singles\n|player|p1|TheLastOne|falkner|1982\n|player|p2|kormorano|102|2074\n|gen|9\n|tier|[Gen 9] Random Battle\n|rated|\n|rule|Species Clause: Limit one of each Pok\u00e9mon\n|rule|HP Percentage Mod: HP is shown in percentages\n|rule|Sleep Clause Mod: Limit one foe put to sleep\n|rule|Illusion Level Mod: Illusion disguises the Pok\u00e9mon's true level\n|\n|t:|1781440888\n|teamsize|p1|6\n|teamsize|p2|6\n|start\n|switch|p1a: Swanna|Swanna, L89, M|278/278\n|switch|p2a: Diancie|Diancie, L82|216/216\n|turn|1\n|inactive|Battle timer is ON: inactive players will automatically lose when time's up. (requested by kormorano)\n|inactive|TheLastOne also wants the timer to be on.\n|\n|t:|1781440900\n|move|p1a: Swanna|Hydro Pump|p2a: Diancie\n|-supereffective|p2a: Diancie\n|-damage|p2a: Diancie|114/216\n|move|p2a: Diancie|Diamond Storm|p1a: Swanna\n|-supereffective|p1a: Swanna\n|-damage|p1a: Swanna|48/278\n|\n|upkeep\n|turn|2\n|\n|t:|1781440920\n|move|p1a: Swanna|Hydro Pump|p2a: Diancie\n|-supereffective|p2a: Diancie\n|-damage|p2a: Diancie|12/216\n|move|p2a: Diancie|Moonblast|p1a: Swanna\n|-damage|p1a: Swanna|0 fnt\n|faint|p1a: Swanna\n|\n|upkeep\n|\n|t:|1781440931\n|switch|p1a: Feraligatr|Feraligatr, L79, M|264/264\n|turn|3\n|\n|t:|1781440943\n|move|p1a: Feraligatr|Ice Punch|p2a: Diancie\n|-damage|p2a: Diancie|0 fnt\n|faint|p2a: Diancie\n|\n|upkeep\n|\n|t:|1781440951\n|switch|p2a: Serperior|Serperior, L79, F|248/248\n|turn|4\n|\n|t:|1781440958\n|switch|p1a: Frosmoth|Frosmoth, L82, M|249/249\n|move|p2a: Serperior|Leaf Storm|p1a: Frosmoth|[miss]\n|-miss|p2a: Serperior|p1a: Frosmoth\n|\n|upkeep\n|turn|5\n|\n|t:|1781440977\n|switch|p2a: Ariados|Ariados, L95, M|287/287\n|move|p1a: Frosmoth|Bug Buzz|p2a: Ariados\n|-resisted|p2a: Ariados\n|-damage|p2a: Ariados|229/287\n|\n|upkeep\n|turn|6\n|\n|t:|1781440987\n|switch|p1a: Garganacl|Garganacl, L80, M|291/291\n|move|p2a: Ariados|Poison Jab|p1a: Garganacl\n|-resisted|p1a: Garganacl\n|-damage|p1a: Garganacl|255/291\n|\n|-heal|p1a: Garganacl|273/291|[from] item: Leftovers\n|upkeep\n|turn|7\n|\n|t:|1781440990\n|move|p2a: Ariados|Sticky Web|p1a: Garganacl\n|-sidestart|p1: TheLastOne|move: Sticky Web\n|move|p1a: Garganacl|Salt Cure|p2a: Ariados\n|-supereffective|p2a: Ariados\n|-damage|p2a: Ariados|149/287\n|-start|p2a: Ariados|Salt Cure\n|\n|-heal|p1a: Garganacl|291/291|[from] item: Leftovers\n|-damage|p2a: Ariados|114/287|[from] Salt Cure\n|upkeep\n|turn|8\n|\n|t:|1781440993\n|move|p2a: Ariados|Knock Off|p1a: Garganacl\n|-damage|p1a: Garganacl|226/291\n|-enditem|p1a: Garganacl|Leftovers|[from] move: Knock Off|[of] p2a: Ariados\n|move|p1a: Garganacl|Salt Cure|p2a: Ariados\n|-supereffective|p2a: Ariados\n|-damage|p2a: Ariados|24/287\n|\n|-damage|p2a: Ariados|0 fnt|[from] Salt Cure\n|faint|p2a: Ariados\n|upkeep\n|\n|t:|1781441003\n|switch|p2a: Sandaconda|Sandaconda, L84, M|258/258\n|turn|9\n|\n|t:|1781441012\n|move|p2a: Sandaconda|Earthquake|p1a: Garganacl\n|-supereffective|p1a: Garganacl\n|-damage|p1a: Garganacl|64/291\n|move|p1a: Garganacl|Iron Defense|p1a: Garganacl\n|-boost|p1a: Garganacl|def|2\n|\n|upkeep\n|turn|10\n|\n|t:|1781441018\n|-terastallize|p1a: Garganacl|Ghost\n|move|p2a: Sandaconda|Earthquake|p1a: Garganacl\n|-damage|p1a: Garganacl|19/291\n|move|p1a: Garganacl|Recover|p1a: Garganacl\n|-heal|p1a: Garganacl|165/291\n|\n|upkeep\n|turn|11\n|\n|t:|1781441038\n|move|p2a: Sandaconda|Coil|p2a: Sandaconda\n|-boost|p2a: Sandaconda|atk|1\n|-boost|p2a: Sandaconda|def|1\n|-boost|p2a: Sandaconda|accuracy|1\n|move|p1a: Garganacl|Salt Cure|p2a: Sandaconda\n|-resisted|p2a: Sandaconda\n|-damage|p2a: Sandaconda|246/258\n|-start|p2a: Sandaconda|Salt Cure\n|\n|-damage|p2a: Sandaconda|214/258|[from] Salt Cure\n|upkeep\n|turn|12\n|\n|t:|1781441041\n|move|p2a: Sandaconda|Coil|p2a: Sandaconda\n|-boost|p2a: Sandaconda|atk|1\n|-boost|p2a: Sandaconda|def|1\n|-boost|p2a: Sandaconda|accuracy|1\n|move|p1a: Garganacl|Iron Defense|p1a: Garganacl\n|-boost|p1a: Garganacl|def|2\n|\n|-damage|p2a: Sandaconda|182/258|[from] Salt Cure\n|upkeep\n|turn|13\n|\n|t:|1781441050\n|move|p2a: Sandaconda|Earthquake|p1a: Garganacl\n|-damage|p1a: Garganacl|104/291\n|move|p1a: Garganacl|Iron Defense|p1a: Garganacl\n|-boost|p1a: Garganacl|def|2\n|\n|-damage|p2a: Sandaconda|150/258|[from] Salt Cure\n|upkeep\n|turn|14\n|\n|t:|1781441053\n|move|p2a: Sandaconda|Earthquake|p1a: Garganacl\n|-damage|p1a: Garganacl|56/291\n|move|p1a: Garganacl|Recover|p1a: Garganacl\n|-heal|p1a: Garganacl|202/291\n|\n|-damage|p2a: Sandaconda|118/258|[from] Salt Cure\n|upkeep\n|turn|15\n|\n|t:|1781441056\n|move|p2a: Sandaconda|Earthquake|p1a: Garganacl\n|-damage|p1a: Garganacl|159/291\n|move|p1a: Garganacl|Recover|p1a: Garganacl\n|-heal|p1a: Garganacl|291/291\n|\n|-damage|p2a: Sandaconda|86/258|[from] Salt Cure\n|upkeep\n|turn|16\n|\n|t:|1781441060\n|move|p2a: Sandaconda|Coil|p2a: Sandaconda\n|-boost|p2a: Sandaconda|atk|1\n|-boost|p2a: Sandaconda|def|1\n|-boost|p2a: Sandaconda|accuracy|1\n|move|p1a: Garganacl|Body Press|p2a: Sandaconda\n|-damage|p2a: Sandaconda|11/258\n|\n|-damage|p2a: Sandaconda|0 fnt|[from] Salt Cure\n|faint|p2a: Sandaconda\n|upkeep\n|\n|t:|1781441062\n|switch|p2a: Serperior|Serperior, L79, F|248/248\n|turn|17\n|\n|t:|1781441065\n|move|p2a: Serperior|Leech Seed|p1a: Garganacl\n|-start|p1a: Garganacl|move: Leech Seed\n|move|p1a: Garganacl|Body Press|p2a: Serperior\n|-damage|p2a: Serperior|2/248\n|\n|-heal|p2a: Serperior|17/248|[from] item: Leftovers\n|-damage|p1a: Garganacl|255/291|[from] Leech Seed|[of] p2a: Serperior\n|-heal|p2a: Serperior|53/248|[silent]\n|upkeep\n|turn|18\n|\n|t:|1781441068\n|move|p2a: Serperior|Leaf Storm|p1a: Garganacl\n|-damage|p1a: Garganacl|147/291\n|-boost|p2a: Serperior|spa|2\n|move|p1a: Garganacl|Body Press|p2a: Serperior\n|-damage|p2a: Serperior|0 fnt\n|faint|p2a: Serperior\n|\n|upkeep\n|\n|t:|1781441073\n|switch|p2a: Donphan|Donphan, L84, F|288/288\n|turn|19\n|\n|t:|1781441077\n|move|p2a: Donphan|Earthquake|p1a: Garganacl\n|-crit|p1a: Garganacl\n|-damage|p1a: Garganacl|14/291\n|move|p1a: Garganacl|Salt Cure|p2a: Donphan\n|-resisted|p2a: Donphan\n|-damage|p2a: Donphan|272/288\n|-start|p2a: Donphan|Salt Cure\n|\n|-damage|p1a: Garganacl|0 fnt|[from] Leech Seed|[of] p2a: Donphan\n|-heal|p2a: Donphan|286/288|[silent]\n|faint|p1a: Garganacl\n|-damage|p2a: Donphan|250/288|[from] Salt Cure\n|upkeep\n|\n|t:|1781441084\n|switch|p1a: Frosmoth|Frosmoth, L82, M|249/249\n|turn|20\n|\n|t:|1781441089\n|switch|p2a: Kingambit|Kingambit, L74, M|270/270\n|-activate|p2a: Kingambit|ability: Supreme Overlord\n|-start|p2a: Kingambit|fallen4|[silent]\n|move|p1a: Frosmoth|Ice Beam|p2a: Kingambit\n|-resisted|p2a: Kingambit\n|-damage|p2a: Kingambit|210/270\n|\n|-heal|p2a: Kingambit|226/270|[from] item: Leftovers\n|upkeep\n|turn|21\n|\n|t:|1781441100\n|switch|p1a: Furret|Furret, L94, M|312/312\n|-activate|p1a: Furret|move: Sticky Web\n|-unboost|p1a: Furret|spe|1\n|-item|p2a: Kingambit|Leftovers|[from] ability: Frisk|[of] p1a: Furret\n|move|p2a: Kingambit|Iron Head|p1a: Furret\n|-damage|p1a: Furret|165/312\n|\n|-heal|p2a: Kingambit|242/270|[from] item: Leftovers\n|upkeep\n|turn|22\n|\n|t:|1781441108\n|-end|p2a: Kingambit|fallen4|[silent]\n|switch|p2a: Donphan|Donphan, L84, F|250/288\n|move|p1a: Furret|Trick|p2a: Donphan\n|-activate|p1a: Furret|move: Trick|[of] p2a: Donphan\n|-item|p2a: Donphan|Choice Band|[from] move: Trick\n|-item|p1a: Furret|Assault Vest|[from] move: Trick\n|\n|upkeep\n|turn|23\n|\n|t:|1781441116\n|move|p1a: Furret|U-turn|p2a: Donphan\n|-damage|p2a: Donphan|212/288\n|\n|t:|1781441119\n|switch|p1a: Brute Bonnet|Brute Bonnet, L80|309/309|[from] U-turn\n|-activate|p1a: Brute Bonnet|move: Sticky Web\n|-unboost|p1a: Brute Bonnet|spe|1\n|move|p2a: Donphan|Earthquake|p1a: Brute Bonnet\n|-resisted|p1a: Brute Bonnet\n|-damage|p1a: Brute Bonnet|224/309\n|\n|-heal|p1a: Brute Bonnet|243/309|[from] item: Leftovers\n|upkeep\n|turn|24\n|\n|t:|1781441125\n|move|p2a: Donphan|Earthquake|p1a: Brute Bonnet\n|-resisted|p1a: Brute Bonnet\n|-damage|p1a: Brute Bonnet|156/309\n|move|p1a: Brute Bonnet|Spore|p2a: Donphan\n|-status|p2a: Donphan|slp|[from] move: Spore\n|\n|-heal|p1a: Brute Bonnet|175/309|[from] item: Leftovers\n|upkeep\n|turn|25\n|\n|t:|1781441130\n|-end|p1a: Brute Bonnet|Protosynthesis|[silent]\n|switch|p1a: Feraligatr|Feraligatr, L79, M|264/264\n|-activate|p1a: Feraligatr|move: Sticky Web\n|-unboost|p1a: Feraligatr|spe|1\n|cant|p2a: Donphan|slp\n|\n|upkeep\n|turn|26\n|\n|t:|1781441133\n|switch|p2a: Kingambit|Kingambit, L74, M|242/270\n|-activate|p2a: Kingambit|ability: Supreme Overlord\n|-start|p2a: Kingambit|fallen4|[silent]\n|move|p1a: Feraligatr|Dragon Dance|p1a: Feraligatr\n|-boost|p1a: Feraligatr|atk|1\n|-boost|p1a: Feraligatr|spe|1\n|\n|-heal|p2a: Kingambit|258/270|[from] item: Leftovers\n|upkeep\n|turn|27\n|\n|t:|1781441144\n|move|p1a: Feraligatr|Liquidation|p2a: Kingambit\n|-damage|p2a: Kingambit|73/270\n|move|p2a: Kingambit|Kowtow Cleave|p1a: Feraligatr\n|-damage|p1a: Feraligatr|137/264\n|\n|-heal|p2a: Kingambit|89/270|[from] item: Leftovers\n|upkeep\n|turn|28\n|\n|t:|1781441148\n|move|p2a: Kingambit|Sucker Punch|p1a: Feraligatr\n|-damage|p1a: Feraligatr|40/264\n|move|p1a: Feraligatr|Liquidation|p2a: Kingambit\n|-damage|p2a: Kingambit|0 fnt\n|faint|p2a: Kingambit\n|-end|p2a: Kingambit|fallen4|[silent]\n|\n|upkeep\n|\n|t:|1781441150\n|switch|p2a: Donphan|Donphan, L84, F|212/288 slp\n|turn|29\n|\n|t:|1781441156\n|-terastallize|p2a: Donphan|Dragon\n|move|p1a: Feraligatr|Liquidation|p2a: Donphan\n|-resisted|p2a: Donphan\n|-damage|p2a: Donphan|130/288 slp\n|-curestatus|p2a: Donphan|slp|[msg]\n|move|p2a: Donphan|Earthquake|p1a: Feraligatr\n|-damage|p1a: Feraligatr|0 fnt\n|faint|p1a: Feraligatr\n|\n|upkeep\n|\n|t:|1781441163\n|switch|p1a: Brute Bonnet|Brute Bonnet, L80|175/309\n|-activate|p1a: Brute Bonnet|move: Sticky Web\n|-unboost|p1a: Brute Bonnet|spe|1\n|turn|30\n|\n|t:|1781441166\n|move|p2a: Donphan|Earthquake|p1a: Brute Bonnet\n|-resisted|p1a: Brute Bonnet\n|-damage|p1a: Brute Bonnet|83/309\n|move|p1a: Brute Bonnet|Spore|p2a: Donphan\n|-status|p2a: Donphan|slp|[from] move: Spore\n|\n|-heal|p1a: Brute Bonnet|102/309|[from] item: Leftovers\n|upkeep\n|turn|31\n|\n|t:|1781441169\n|cant|p2a: Donphan|slp\n|move|p1a: Brute Bonnet|Crunch|p2a: Donphan\n|-damage|p2a: Donphan|60/288 slp\n|\n|-heal|p1a: Brute Bonnet|121/309|[from] item: Leftovers\n|upkeep\n|turn|32\n|\n|t:|1781441171\n|move|p1a: Brute Bonnet|Sucker Punch|p2a: Donphan\n|-damage|p2a: Donphan|0 fnt\n|faint|p2a: Donphan\n|\n|win|TheLastOne\n|raw|TheLastOne's rating: 1982 &rarr; <strong>2007</strong><br />(+25 for winning)\n|raw|kormorano's rating: 2074 &rarr; <strong>2049</strong><br />(-25 for losing)\n", "inputlog": ">version a8376a258c1d4662feba110a92103f3664a72141\n>start {\"formatid\":\"gen9randombattle\",\"seed\":\"sodium,ea7e50e6b5f25b545b7d53f435989087\",\"rated\":\"Rated battle\"}\n>player p1 {\"name\":\"TheLastOne\",\"avatar\":\"falkner\",\"rating\":1982,\"seed\":\"sodium,de49d4ed033aff2d15b04c5dbb43dbc3\"}\n>player p2 {\"name\":\"kormorano\",\"avatar\":\"102\",\"rating\":2074,\"seed\":\"sodium,502688815dd652b182ad0d8fc29e5efc\"}\n>p1 move hydropump\n>p2 move diamondstorm\n>p1 move hydropump\n>p2 move moonblast\n>p1 switch 4\n>p1 move icepunch\n>p2 move diamondstorm\n>p2 switch 5\n>p1 switch 3\n>p2 move leafstorm\n>p1 move bugbuzz\n>p2 switch 4\n>p1 switch 2\n>p2 move poisonjab\n>p1 move saltcure\n>p2 move stickyweb\n>p1 move saltcure\n>p2 move knockoff\n>p2 switch 2\n>p1 move irondefense\n>p2 move earthquake\n>p1 move recover terastallize\n>p2 move earthquake\n>p1 move saltcure\n>p2 move coil\n>p1 move irondefense\n>p2 move coil\n>p1 move irondefense\n>p2 move earthquake\n>p1 move recover\n>p2 move earthquake\n>p1 move recover\n>p2 move earthquake\n>p1 move bodypress\n>p2 move coil\n>p2 switch 4\n>p1 move bodypress\n>p2 move leechseed\n>p1 move bodypress\n>p2 move leafstorm\n>p2 switch 3\n>p1 move saltcure\n>p2 move earthquake\n>p1 switch 2\n>p1 move icebeam\n>p2 switch 6\n>p1 switch 6\n>p2 move ironhead\n>p1 move trick\n>p2 switch 6\n>p1 move uturn\n>p2 move earthquake\n>p1 switch 5\n>p1 move spore\n>p2 move earthquake\n>p1 switch 3\n>p2 move earthquake\n>p1 move dragondance\n>p2 switch 6\n>p1 move liquidation\n>p2 move kowtowcleave\n>p1 move liquidation\n>p2 move suckerpunch\n>p2 switch 6\n>p1 move liquidation\n>p2 move earthquake terastallize\n>p1 switch 3\n>p1 move spore\n>p2 move earthquake\n>p1 move crunch\n>p2 move earthquake\n>p1 move suckerpunch\n>p2 move earthquake", "uploadtime": 1781440890, "views": 7, "formatid": "gen9randombattle", "rating": 2007, "private": 0, "password": null}