{"id": "gen9randombattle-2631547272", "format": "[Gen 9] Random Battle", "players": ["hmmjrji", "Addddlleyy"], "log": "|j|\u2606hmmjrji\n|j|\u2606Addddlleyy\n|t:|1781399591\n|gametype|singles\n|player|p1|hmmjrji|1|1983\n|player|p2|Addddlleyy|swimmer|2037\n|gen|9\n|tier|[Gen 9] Random Battle\n|rated|\n|rule|Species Clause: Limit one of each Pok\u00e9mon\n|rule|HP Percentage Mod: HP is shown in percentages\n|rule|Sleep Clause Mod: Limit one foe put to sleep\n|rule|Illusion Level Mod: Illusion disguises the Pok\u00e9mon's true level\n|\n|t:|1781399591\n|teamsize|p1|6\n|teamsize|p2|6\n|start\n|switch|p1a: Flutter Mane|Flutter Mane, L74|203/203\n|switch|p2a: Sceptile|Sceptile, L87, M|264/264\n|turn|1\n|inactive|Battle timer is ON: inactive players will automatically lose when time's up. (requested by Addddlleyy)\n|\n|t:|1781399603\n|-end|p1a: Flutter Mane|Protosynthesis|[silent]\n|switch|p1a: Wo-Chien|Wo-Chien, L83|277/277\n|-ability|p1a: Wo-Chien|Tablets of Ruin\n|move|p2a: Sceptile|Earthquake|p1a: Wo-Chien\n|-resisted|p1a: Wo-Chien\n|-damage|p1a: Wo-Chien|248/277\n|-damage|p2a: Sceptile|238/264|[from] item: Life Orb\n|\n|-heal|p1a: Wo-Chien|265/277|[from] item: Leftovers\n|upkeep\n|turn|2\n|\n|t:|1781399620\n|move|p2a: Sceptile|Focus Blast|p1a: Wo-Chien|[miss]\n|-miss|p2a: Sceptile|p1a: Wo-Chien\n|move|p1a: Wo-Chien|Knock Off|p2a: Sceptile\n|-crit|p2a: Sceptile\n|-damage|p2a: Sceptile|58/264\n|-enditem|p2a: Sceptile|Life Orb|[from] move: Knock Off|[of] p1a: Wo-Chien\n|\n|-heal|p1a: Wo-Chien|277/277|[from] item: Leftovers\n|upkeep\n|turn|3\n|\n|t:|1781399632\n|switch|p2a: Iron Hands|Iron Hands, L79|373/373\n|move|p1a: Wo-Chien|Knock Off|p2a: Iron Hands\n|-resisted|p2a: Iron Hands\n|-damage|p2a: Iron Hands|335/373\n|-enditem|p2a: Iron Hands|Assault Vest|[from] move: Knock Off|[of] p1a: Wo-Chien\n|\n|upkeep\n|turn|4\n|\n|t:|1781399643\n|switch|p1a: Victreebel|Victreebel, L90, F|290/290\n|move|p2a: Iron Hands|Volt Switch|p1a: Victreebel\n|-resisted|p1a: Victreebel\n|-damage|p1a: Victreebel|266/290\n|\n|t:|1781399651\n|-end|p2a: Iron Hands|Quark Drive|[silent]\n|switch|p2a: Arcanine|Arcanine-Hisui, L79, F|280/280|[from] Volt Switch\n|\n|upkeep\n|turn|5\n|\n|t:|1781399666\n|switch|p1a: Regigigas|Regigigas, L84|322/322\n|-start|p1a: Regigigas|ability: Slow Start\n|move|p2a: Arcanine|Flare Blitz|p1a: Regigigas\n|-damage|p1a: Regigigas|204/322\n|\n|-heal|p1a: Regigigas|224/322|[from] item: Leftovers\n|upkeep\n|turn|6\n|\n|t:|1781399675\n|switch|p2a: Iron Hands|Iron Hands, L79|335/373\n|move|p1a: Regigigas|Body Slam|p2a: Iron Hands\n|-damage|p2a: Iron Hands|269/373\n|\n|-heal|p1a: Regigigas|244/322|[from] item: Leftovers\n|upkeep\n|turn|7\n|\n|t:|1781399681\n|switch|p1a: Victreebel|Victreebel, L90, F|266/290\n|move|p2a: Iron Hands|Ice Punch|p1a: Victreebel\n|-supereffective|p1a: Victreebel\n|-damage|p1a: Victreebel|106/290\n|\n|upkeep\n|turn|8\n|\n|t:|1781399688\n|move|p1a: Victreebel|Poison Jab|p2a: Iron Hands\n|-damage|p2a: Iron Hands|139/373\n|-damage|p1a: Victreebel|77/290|[from] item: Life Orb\n|move|p2a: Iron Hands|Ice Punch|p1a: Victreebel\n|-supereffective|p1a: Victreebel\n|-damage|p1a: Victreebel|0 fnt\n|faint|p1a: Victreebel\n|\n|upkeep\n|\n|t:|1781399695\n|switch|p1a: Flutter Mane|Flutter Mane, L74|203/203\n|turn|9\n|\n|t:|1781399700\n|-end|p2a: Iron Hands|Quark Drive|[silent]\n|switch|p2a: Arcanine|Arcanine-Hisui, L79, F|280/280\n|move|p1a: Flutter Mane|Shadow Ball|p2a: Arcanine\n|-damage|p2a: Arcanine|145/280\n|\n|upkeep\n|turn|10\n|\n|t:|1781399705\n|-end|p1a: Flutter Mane|Protosynthesis|[silent]\n|switch|p1a: Regigigas|Regigigas, L84|244/322\n|-start|p1a: Regigigas|ability: Slow Start\n|move|p2a: Arcanine|Morning Sun|p2a: Arcanine\n|-heal|p2a: Arcanine|280/280\n|\n|-heal|p1a: Regigigas|264/322|[from] item: Leftovers\n|upkeep\n|turn|11\n|\n|t:|1781399709\n|switch|p2a: Iron Hands|Iron Hands, L79|139/373\n|move|p1a: Regigigas|Body Slam|p2a: Iron Hands\n|-damage|p2a: Iron Hands|73/373\n|\n|-heal|p1a: Regigigas|284/322|[from] item: Leftovers\n|upkeep\n|turn|12\n|\n|t:|1781399724\n|move|p2a: Iron Hands|Drain Punch|p1a: Regigigas\n|-supereffective|p1a: Regigigas\n|-damage|p1a: Regigigas|126/322\n|-heal|p2a: Iron Hands|152/373|[from] drain|[of] p1a: Regigigas\n|move|p1a: Regigigas|Knock Off|p2a: Iron Hands\n|-resisted|p2a: Iron Hands\n|-damage|p2a: Iron Hands|136/373\n|\n|-heal|p1a: Regigigas|146/322|[from] item: Leftovers\n|upkeep\n|turn|13\n|\n|t:|1781399737\n|move|p2a: Iron Hands|Volt Switch|p1a: Regigigas\n|-crit|p1a: Regigigas\n|-damage|p1a: Regigigas|91/322\n|\n|t:|1781399744\n|-end|p2a: Iron Hands|Quark Drive|[silent]\n|switch|p2a: Arcanine|Arcanine-Hisui, L79, F|280/280|[from] Volt Switch\n|move|p1a: Regigigas|Body Slam|p2a: Arcanine\n|-resisted|p2a: Arcanine\n|-crit|p2a: Arcanine\n|-damage|p2a: Arcanine|226/280\n|\n|-heal|p1a: Regigigas|111/322|[from] item: Leftovers\n|upkeep\n|turn|14\n|\n|t:|1781399756\n|move|p2a: Arcanine|Flare Blitz|p1a: Regigigas\n|-damage|p1a: Regigigas|8/322\n|move|p1a: Regigigas|Rest|p1a: Regigigas\n|-status|p1a: Regigigas|slp|[from] move: Rest\n|-heal|p1a: Regigigas|322/322 slp|[silent]\n|\n|upkeep\n|turn|15\n|\n|t:|1781399768\n|switch|p2a: Cyclizar|Cyclizar, L83, F|252/252\n|cant|p1a: Regigigas|slp\n|move|p1a: Regigigas|Sleep Talk|p1a: Regigigas\n|move|p1a: Regigigas|Knock Off|p2a: Cyclizar|[from] move: Sleep Talk\n|-damage|p2a: Cyclizar|187/252\n|-enditem|p2a: Cyclizar|Heavy-Duty Boots|[from] move: Knock Off|[of] p1a: Regigigas\n|\n|-end|p1a: Regigigas|Slow Start\n|upkeep\n|turn|16\n|\n|t:|1781399781\n|move|p2a: Cyclizar|Shed Tail|p2a: Cyclizar\n|-start|p2a: Cyclizar|Substitute|[from] move: Shed Tail\n|-damage|p2a: Cyclizar|61/252\n|\n|t:|1781399783\n|switch|p2a: Iron Hands|Iron Hands, L79|136/373|[from] Shed Tail\n|cant|p1a: Regigigas|slp\n|\n|upkeep\n|turn|17\n|\n|t:|1781399791\n|-curestatus|p1a: Regigigas|slp|[msg]\n|move|p1a: Regigigas|Body Slam|p2a: Iron Hands\n|-end|p2a: Iron Hands|Substitute\n|move|p2a: Iron Hands|Drain Punch|p1a: Regigigas\n|-supereffective|p1a: Regigigas\n|-damage|p1a: Regigigas|166/322\n|-heal|p2a: Iron Hands|214/373|[from] drain|[of] p1a: Regigigas\n|\n|-heal|p1a: Regigigas|186/322|[from] item: Leftovers\n|upkeep\n|turn|18\n|\n|t:|1781399800\n|move|p1a: Regigigas|Body Slam|p2a: Iron Hands\n|-damage|p2a: Iron Hands|85/373\n|move|p2a: Iron Hands|Drain Punch|p1a: Regigigas\n|-supereffective|p1a: Regigigas\n|-damage|p1a: Regigigas|16/322\n|-heal|p2a: Iron Hands|170/373|[from] drain|[of] p1a: Regigigas\n|\n|-heal|p1a: Regigigas|36/322|[from] item: Leftovers\n|upkeep\n|turn|19\n|\n|t:|1781399805\n|move|p1a: Regigigas|Body Slam|p2a: Iron Hands\n|-damage|p2a: Iron Hands|53/373\n|move|p2a: Iron Hands|Drain Punch|p1a: Regigigas\n|-supereffective|p1a: Regigigas\n|-damage|p1a: Regigigas|0 fnt\n|-heal|p2a: Iron Hands|71/373|[from] drain|[of] p1a: Regigigas\n|faint|p1a: Regigigas\n|-end|p1a: Regigigas|Slow Start|[silent]\n|\n|upkeep\n|\n|t:|1781399821\n|switch|p1a: Flutter Mane|Flutter Mane, L74|203/203\n|turn|20\n|\n|t:|1781399830\n|-end|p2a: Iron Hands|Quark Drive|[silent]\n|switch|p2a: Cyclizar|Cyclizar, L83, F|145/252\n|move|p1a: Flutter Mane|Moonblast|p2a: Cyclizar\n|-supereffective|p2a: Cyclizar\n|-damage|p2a: Cyclizar|0 fnt\n|faint|p2a: Cyclizar\n|\n|upkeep\n|\n|t:|1781399833\n|switch|p2a: Arcanine|Arcanine-Hisui, L79, F|226/280\n|turn|21\n|\n|t:|1781399837\n|-end|p1a: Flutter Mane|Protosynthesis|[silent]\n|switch|p1a: Probopass|Probopass, L91, M|257/257\n|move|p2a: Arcanine|Flare Blitz|p1a: Probopass\n|-damage|p1a: Probopass|175/257\n|\n|upkeep\n|turn|22\n|\n|t:|1781399846\n|switch|p2a: Blastoise|Blastoise, L80, F|258/258\n|move|p1a: Probopass|Body Press|p2a: Blastoise\n|-damage|p2a: Blastoise|164/258\n|\n|upkeep\n|turn|23\n|\n|t:|1781399853\n|switch|p1a: Wo-Chien|Wo-Chien, L83|277/277\n|-ability|p1a: Wo-Chien|Tablets of Ruin\n|move|p2a: Blastoise|Hydro Pump|p1a: Wo-Chien\n|-resisted|p1a: Wo-Chien\n|-damage|p1a: Wo-Chien|241/277\n|\n|-heal|p1a: Wo-Chien|258/277|[from] item: Leftovers\n|upkeep\n|turn|24\n|\n|t:|1781399859\n|switch|p2a: Iron Hands|Iron Hands, L79|71/373\n|move|p1a: Wo-Chien|Giga Drain|p2a: Iron Hands\n|-damage|p2a: Iron Hands|0 fnt\n|-heal|p1a: Wo-Chien|277/277|[from] drain|[of] p2a: Iron Hands\n|faint|p2a: Iron Hands\n|-end|p2a: Iron Hands|Quark Drive|[silent]\n|\n|upkeep\n|\n|t:|1781399862\n|switch|p2a: Arcanine|Arcanine-Hisui, L79, F|226/280\n|turn|25\n|\n|t:|1781399872\n|move|p2a: Arcanine|Flare Blitz|p1a: Wo-Chien\n|-supereffective|p1a: Wo-Chien\n|-damage|p1a: Wo-Chien|85/277\n|move|p1a: Wo-Chien|Stun Spore|p2a: Arcanine\n|-status|p2a: Arcanine|par\n|\n|-heal|p1a: Wo-Chien|102/277|[from] item: Leftovers\n|upkeep\n|turn|26\n|\n|t:|1781399875\n|move|p1a: Wo-Chien|Giga Drain|p2a: Arcanine\n|-damage|p2a: Arcanine|132/280 par\n|-heal|p1a: Wo-Chien|149/277|[from] drain|[of] p2a: Arcanine\n|move|p2a: Arcanine|Flare Blitz|p1a: Wo-Chien\n|-supereffective|p1a: Wo-Chien\n|-damage|p1a: Wo-Chien|0 fnt\n|faint|p1a: Wo-Chien\n|\n|upkeep\n|\n|t:|1781399882\n|switch|p1a: Probopass|Probopass, L91, M|175/257\n|turn|27\n|\n|t:|1781399898\n|switch|p2a: Blastoise|Blastoise, L80, F|164/258\n|move|p1a: Probopass|Body Press|p2a: Blastoise\n|-damage|p2a: Blastoise|77/258\n|\n|upkeep\n|turn|28\n|\n|t:|1781399925\n|-terastallize|p1a: Probopass|Fighting\n|move|p2a: Blastoise|Hydro Pump|p1a: Probopass\n|-damage|p1a: Probopass|85/257\n|move|p1a: Probopass|Body Press|p2a: Blastoise\n|-damage|p2a: Blastoise|0 fnt\n|faint|p2a: Blastoise\n|\n|upkeep\n|\n|t:|1781399931\n|switch|p2a: Sceptile|Sceptile, L87, M|58/264\n|turn|29\n|\n|t:|1781399935\n|move|p2a: Sceptile|Leaf Storm|p1a: Probopass\n|-damage|p1a: Probopass|0 fnt\n|-unboost|p2a: Sceptile|spa|2\n|faint|p1a: Probopass\n|\n|upkeep\n|\n|t:|1781399939\n|switch|p1a: Slither Wing|Slither Wing, L81|270/270\n|-enditem|p1a: Slither Wing|Booster Energy\n|-activate|p1a: Slither Wing|ability: Protosynthesis|[fromitem]\n|-start|p1a: Slither Wing|protosynthesisatk\n|turn|30\n|\n|t:|1781399949\n|move|p2a: Sceptile|Rock Slide|p1a: Slither Wing\n|-damage|p1a: Slither Wing|212/270\n|move|p1a: Slither Wing|Bulk Up|p1a: Slither Wing\n|-boost|p1a: Slither Wing|atk|1\n|-boost|p1a: Slither Wing|def|1\n|\n|upkeep\n|turn|31\n|\n|t:|1781399958\n|move|p2a: Sceptile|Rock Slide|p1a: Slither Wing\n|-damage|p1a: Slither Wing|174/270\n|cant|p1a: Slither Wing|flinch\n|\n|upkeep\n|turn|32\n|\n|t:|1781399965\n|switch|p2a: Glastrier|Glastrier, L86|312/312\n|move|p1a: Slither Wing|Acrobatics|p2a: Glastrier\n|-damage|p2a: Glastrier|188/312\n|\n|upkeep\n|turn|33\n|\n|t:|1781399977\n|move|p1a: Slither Wing|Close Combat|p2a: Glastrier\n|-supereffective|p2a: Glastrier\n|-damage|p2a: Glastrier|0 fnt\n|-unboost|p1a: Slither Wing|def|1\n|-unboost|p1a: Slither Wing|spd|1\n|faint|p2a: Glastrier\n|\n|upkeep\n|\n|t:|1781399986\n|switch|p2a: Arcanine|Arcanine-Hisui, L79, F|132/280 par\n|turn|34\n|\n|t:|1781399994\n|-terastallize|p2a: Arcanine|Fire\n|move|p1a: Slither Wing|Close Combat|p2a: Arcanine\n|-damage|p2a: Arcanine|0 fnt\n|-unboost|p1a: Slither Wing|def|1\n|-unboost|p1a: Slither Wing|spd|1\n|faint|p2a: Arcanine\n|\n|upkeep\n|\n|t:|1781400000\n|switch|p2a: Sceptile|Sceptile, L87, M|58/264\n|turn|35\n|\n|t:|1781400008\n|move|p2a: Sceptile|Leaf Storm|p1a: Slither Wing\n|-resisted|p1a: Slither Wing\n|-damage|p1a: Slither Wing|0 fnt\n|-unboost|p2a: Sceptile|spa|2\n|faint|p1a: Slither Wing\n|-end|p1a: Slither Wing|Protosynthesis|[silent]\n|\n|upkeep\n|\n|t:|1781400011\n|switch|p1a: Flutter Mane|Flutter Mane, L74|203/203\n|turn|36\n|\n|t:|1781400016\n|move|p2a: Sceptile|Rock Slide|p1a: Flutter Mane\n|-damage|p1a: Flutter Mane|128/203\n|cant|p1a: Flutter Mane|flinch\n|\n|upkeep\n|turn|37\n|\n|t:|1781400021\n|move|p2a: Sceptile|Rock Slide|p1a: Flutter Mane\n|-damage|p1a: Flutter Mane|47/203\n|move|p1a: Flutter Mane|Moonblast|p2a: Sceptile\n|-damage|p2a: Sceptile|0 fnt\n|faint|p2a: Sceptile\n|\n|win|hmmjrji\n", "inputlog": ">version a8376a258c1d4662feba110a92103f3664a72141\n>start {\"formatid\":\"gen9randombattle\",\"seed\":\"sodium,695f6be0c423bbc1abd18ff035e431e0\",\"rated\":\"Rated battle\"}\n>player p1 {\"name\":\"hmmjrji\",\"avatar\":\"1\",\"rating\":1983,\"seed\":\"sodium,b16c95f7deb1bbc310f343eb3529d0d4\"}\n>player p2 {\"name\":\"Addddlleyy\",\"avatar\":\"swimmer\",\"rating\":2037,\"seed\":\"sodium,548173212d635d54698a5870180e81a1\"}\n>p1 switch 3\n>p2 move earthquake\n>p1 move knockoff\n>p2 move focusblast\n>p1 move knockoff\n>p2 switch 6\n>p1 switch 4\n>p2 move voltswitch\n>p2 switch 3\n>p1 switch 5\n>p2 move flareblitz\n>p1 move bodyslam\n>p2 switch 3\n>p1 switch 5\n>p2 move icepunch\n>p1 move poisonjab\n>p2 move icepunch\n>p1 switch 3\n>p1 move shadowball\n>p2 switch 3\n>p1 switch 5\n>p2 move morningsun\n>p1 move bodyslam\n>p2 switch 3\n>p1 move knockoff\n>p2 move drainpunch\n>p1 move bodyslam\n>p2 move voltswitch\n>p2 switch 3\n>p1 move rest\n>p2 move flareblitz\n>p1 move sleeptalk\n>p2 switch 5\n>p1 move bodyslam\n>p2 move shedtail\n>p2 switch 3\n>p1 move bodyslam\n>p2 move drainpunch\n>p1 move bodyslam\n>p2 move drainpunch\n>p1 move bodyslam\n>p2 move drainpunch\n>p1 switch 5\n>p1 move moonblast\n>p2 switch 3\n>p2 switch 5\n>p1 switch 2\n>p2 move flareblitz\n>p1 move bodypress\n>p2 switch 4\n>p1 switch 4\n>p2 move hydropump\n>p1 move gigadrain\n>p2 switch 3\n>p2 switch 4\n>p1 move stunspore\n>p2 move flareblitz\n>p1 move gigadrain\n>p2 move flareblitz\n>p1 switch 4\n>p1 move bodypress\n>p2 switch 3\n>p1 move bodypress terastallize\n>p2 move hydropump\n>p2 switch 6\n>p1 move rest\n>p2 move leafstorm\n>p1 switch 6\n>p1 move bulkup\n>p2 move rockslide\n>p1 move acrobatics\n>p2 move rockslide\n>p1 move acrobatics\n>p2 switch 2\n>p1 move closecombat\n>p2 move iciclecrash\n>p2 switch 3\n>p1 move closecombat\n>p2 move morningsun terastallize\n>p2 switch 2\n>p1 move acrobatics\n>p2 move leafstorm\n>p1 switch 2\n>p1 move moonblast\n>p2 move rockslide\n>p1 move moonblast\n>p2 move rockslide", "uploadtime": 1781399592, "views": 5, "formatid": "gen9randombattle", "rating": null, "private": 0, "password": null}