{"id": "gen9randombattle-2631848163", "format": "[Gen 9] Random Battle", "players": ["Ultrxviolet", "man on da lakers"], "log": "|j|\u2606Ultrxviolet\n|j|\u203dman on da lakers\n|t:|1781447744\n|gametype|singles\n|player|p1|Ultrxviolet|lucy|\n|player|p2|man on da lakers|veteran|\n|gen|9\n|tier|[Gen 9] Random Battle\n|rule|Species Clause: Limit one of each Pok\u00e9mon\n|rule|HP Percentage Mod: HP is shown in percentages\n|rule|Sleep Clause Mod: Limit one foe put to sleep\n|rule|Illusion Level Mod: Illusion disguises the Pok\u00e9mon's true level\n|\n|t:|1781447744\n|teamsize|p1|6\n|teamsize|p2|6\n|start\n|switch|p1a: Scyther|Scyther, L82, F|249/249\n|switch|p2a: Noivern|Noivern, L82, F|274/274\n|turn|1\n|\n|t:|1781447760\n|switch|p1a: Heatran|Heatran, L79, F|273/273\n|move|p2a: Noivern|Hurricane|p1a: Heatran|[miss]\n|-miss|p2a: Noivern|p1a: Heatran\n|\n|upkeep\n|turn|2\n|j| SCARCITY25\n|j| goinforasmoke\n|j| JALEN DUREN\n|\n|t:|1781447774\n|switch|p2a: Kingdra|Kingdra, L84, M|263/263\n|move|p1a: Heatran|Magma Storm|p2a: Kingdra\n|-resisted|p2a: Kingdra\n|-damage|p2a: Kingdra|235/263\n|-activate|p2a: Kingdra|move: Magma Storm|[of] p1a: Heatran\n|\n|-damage|p2a: Kingdra|203/263|[from] move: Magma Storm|[partiallytrapped]\n|upkeep\n|turn|3\n|\n|t:|1781447800\n|switch|p1a: Torkoal|Torkoal, L88, F|266/266\n|-weather|SunnyDay|[from] ability: Drought|[of] p1a: Torkoal\n|move|p2a: Kingdra|Dragon Dance|p2a: Kingdra\n|-boost|p2a: Kingdra|atk|1\n|-boost|p2a: Kingdra|spe|1\n|\n|-weather|SunnyDay|[upkeep]\n|-end|p2a: Kingdra|Magma Storm|[partiallytrapped]|[silent]\n|upkeep\n|turn|4\n|j| dgrgrnd\n|c| dgrgrnd|beat his ass nim\n|\n|t:|1781447810\n|move|p2a: Kingdra|Outrage|p1a: Torkoal\n|-damage|p1a: Torkoal|151/266\n|move|p1a: Torkoal|Stealth Rock|p2a: Kingdra\n|-sidestart|p2: man on da lakers|move: Stealth Rock\n|\n|-weather|SunnyDay|[upkeep]\n|upkeep\n|turn|5\n|\n|t:|1781447815\n|switch|p1a: Bronzong|Bronzong, L88|261/261\n|move|p2a: Kingdra|Outrage|p1a: Bronzong|[from] lockedmove\n|-resisted|p1a: Bronzong\n|-damage|p1a: Bronzong|185/261\n|\n|-weather|SunnyDay|[upkeep]\n|upkeep\n|turn|6\n|\n|t:|1781447817\n|move|p2a: Kingdra|Outrage|p1a: Bronzong|[from] lockedmove\n|-resisted|p1a: Bronzong\n|-damage|p1a: Bronzong|119/261\n|-start|p2a: Kingdra|confusion|[fatigue]\n|-enditem|p2a: Kingdra|Lum Berry|[eat]\n|-end|p2a: Kingdra|confusion\n|move|p1a: Bronzong|Iron Defense|p1a: Bronzong\n|-boost|p1a: Bronzong|def|2\n|\n|-weather|SunnyDay|[upkeep]\n|upkeep\n|turn|7\n|\n|t:|1781447826\n|switch|p2a: Noivern|Noivern, L82, F|274/274\n|-damage|p2a: Noivern|206/274|[from] Stealth Rock\n|move|p1a: Bronzong|Body Press|p2a: Noivern\n|-resisted|p2a: Noivern\n|-damage|p2a: Noivern|127/274\n|\n|-weather|none\n|upkeep\n|turn|8\n|\n|t:|1781447834\n|switch|p1a: Heatran|Heatran, L79, F|273/273\n|move|p2a: Noivern|Flamethrower|p1a: Heatran\n|-start|p1a: Heatran|ability: Flash Fire\n|\n|upkeep\n|turn|9\n|\n|t:|1781447841\n|switch|p2a: Kingdra|Kingdra, L84, M|203/263\n|-damage|p2a: Kingdra|171/263|[from] Stealth Rock\n|move|p1a: Heatran|Lava Plume|p2a: Kingdra\n|-resisted|p2a: Kingdra\n|-damage|p2a: Kingdra|138/263\n|\n|upkeep\n|turn|10\n|\n|t:|1781447856\n|-end|p1a: Heatran|ability: Flash Fire|[silent]\n|switch|p1a: Torkoal|Torkoal, L88, F|151/266\n|-weather|SunnyDay|[from] ability: Drought|[of] p1a: Torkoal\n|move|p2a: Kingdra|Dragon Dance|p2a: Kingdra\n|-boost|p2a: Kingdra|atk|1\n|-boost|p2a: Kingdra|spe|1\n|\n|-weather|SunnyDay|[upkeep]\n|upkeep\n|turn|11\n|\n|t:|1781447863\n|move|p2a: Kingdra|Waterfall|p1a: Torkoal\n|-supereffective|p1a: Torkoal\n|-damage|p1a: Torkoal|71/266\n|cant|p1a: Torkoal|flinch\n|\n|-weather|SunnyDay|[upkeep]\n|upkeep\n|turn|12\n|\n|t:|1781447870\n|move|p2a: Kingdra|Waterfall|p1a: Torkoal\n|-supereffective|p1a: Torkoal\n|-damage|p1a: Torkoal|0 fnt\n|faint|p1a: Torkoal\n|\n|-weather|SunnyDay|[upkeep]\n|upkeep\n|\n|t:|1781447881\n|switch|p1a: Bronzong|Bronzong, L88|119/261\n|turn|13\n|n|\u203dman on da lakers|manondalakers\n|\n|t:|1781447899\n|switch|p2a: Bombirdier|Bombirdier, L85, M|258/258\n|move|p1a: Bronzong|Iron Defense|p1a: Bronzong\n|-boost|p1a: Bronzong|def|2\n|\n|-weather|SunnyDay|[upkeep]\n|upkeep\n|turn|14\n|\n|t:|1781447908\n|move|p2a: Bombirdier|Knock Off|p1a: Bronzong\n|-supereffective|p1a: Bronzong\n|-damage|p1a: Bronzong|39/261\n|-enditem|p1a: Bronzong|Chesto Berry|[from] move: Knock Off|[of] p2a: Bombirdier\n|move|p1a: Bronzong|Body Press|p2a: Bombirdier\n|-damage|p2a: Bombirdier|125/258\n|\n|-weather|none\n|upkeep\n|turn|15\n|\n|t:|1781447915\n|move|p2a: Bombirdier|Knock Off|p1a: Bronzong\n|-supereffective|p1a: Bronzong\n|-damage|p1a: Bronzong|0 fnt\n|faint|p1a: Bronzong\n|\n|upkeep\n|\n|t:|1781447932\n|switch|p1a: Scyther|Scyther, L82, F|249/249\n|turn|16\n|\n|t:|1781447939\n|move|p1a: Scyther|Dual Wingbeat|p2a: Bombirdier\n|-damage|p2a: Bombirdier|56/258\n|-damage|p2a: Bombirdier|0 fnt\n|faint|p2a: Bombirdier\n|-hitcount|p2: Bombirdier|2\n|\n|upkeep\n|l| JALEN DUREN\n|\n|t:|1781447950\n|switch|p2a: Garganacl|Garganacl, L80, M|291/291\n|-damage|p2a: Garganacl|255/291|[from] Stealth Rock\n|turn|17\n|\n|t:|1781447955\n|move|p1a: Scyther|Close Combat|p2a: Garganacl\n|-supereffective|p2a: Garganacl\n|-damage|p2a: Garganacl|117/291\n|-unboost|p1a: Scyther|def|1\n|-unboost|p1a: Scyther|spd|1\n|move|p2a: Garganacl|Stealth Rock|p1a: Scyther\n|-sidestart|p1: Ultrxviolet|move: Stealth Rock\n|\n|-heal|p2a: Garganacl|135/291|[from] item: Leftovers\n|upkeep\n|turn|18\n|\n|t:|1781447962\n|-terastallize|p2a: Garganacl|Ghost\n|move|p1a: Scyther|Close Combat|p2a: Garganacl\n|-immune|p2a: Garganacl\n|move|p2a: Garganacl|Recover|p2a: Garganacl\n|-heal|p2a: Garganacl|281/291\n|\n|-heal|p2a: Garganacl|291/291|[from] item: Leftovers\n|upkeep\n|turn|19\n|\n|t:|1781447974\n|switch|p1a: Heatran|Heatran, L79, F|273/273\n|-damage|p1a: Heatran|239/273|[from] Stealth Rock\n|move|p2a: Garganacl|Salt Cure|p1a: Heatran\n|-damage|p1a: Heatran|200/273\n|-start|p1a: Heatran|Salt Cure\n|\n|-damage|p1a: Heatran|132/273|[from] Salt Cure\n|upkeep\n|turn|20\n|\n|t:|1781447986\n|move|p1a: Heatran|Magma Storm|p2a: Garganacl|[miss]\n|-miss|p1a: Heatran|p2a: Garganacl\n|move|p2a: Garganacl|Body Press|p1a: Heatran\n|-supereffective|p1a: Heatran\n|-crit|p1a: Heatran\n|-damage|p1a: Heatran|0 fnt\n|faint|p1a: Heatran\n|\n|upkeep\n|\n|t:|1781447992\n|switch|p1a: Kommo-o|Kommo-o, L78, M|245/245\n|-damage|p1a: Kommo-o|230/245|[from] Stealth Rock\n|turn|21\n|\n|t:|1781447998\n|move|p1a: Kommo-o|Swords Dance|p1a: Kommo-o\n|-boost|p1a: Kommo-o|atk|2\n|move|p2a: Garganacl|Salt Cure|p1a: Kommo-o\n|-resisted|p1a: Kommo-o\n|-damage|p1a: Kommo-o|212/245\n|-start|p1a: Kommo-o|Salt Cure\n|\n|-damage|p1a: Kommo-o|182/245|[from] Salt Cure\n|upkeep\n|turn|22\n|\n|t:|1781448013\n|move|p1a: Kommo-o|Scale Shot|p2a: Garganacl|[miss]\n|-miss|p1a: Kommo-o|p2a: Garganacl\n|move|p2a: Garganacl|Body Press|p1a: Kommo-o\n|-damage|p1a: Kommo-o|125/245\n|\n|-damage|p1a: Kommo-o|95/245|[from] Salt Cure\n|upkeep\n|turn|23\n|\n|t:|1781448017\n|move|p1a: Kommo-o|Scale Shot|p2a: Garganacl\n|-damage|p2a: Garganacl|249/291\n|-damage|p2a: Garganacl|207/291\n|-damage|p2a: Garganacl|168/291\n|-damage|p2a: Garganacl|131/291\n|-damage|p2a: Garganacl|89/291\n|-hitcount|p2a: Garganacl|5\n|-unboost|p1a: Kommo-o|def|1\n|-boost|p1a: Kommo-o|spe|1\n|move|p2a: Garganacl|Recover|p2a: Garganacl\n|-heal|p2a: Garganacl|235/291\n|\n|-heal|p2a: Garganacl|253/291|[from] item: Leftovers\n|-damage|p1a: Kommo-o|65/245|[from] Salt Cure\n|upkeep\n|turn|24\n|c|\u2606Ultrxviolet|i'm going to clover react you\n|\n|t:|1781448036\n|move|p1a: Kommo-o|Scale Shot|p2a: Garganacl\n|-damage|p2a: Garganacl|210/291\n|-damage|p2a: Garganacl|167/291\n|-damage|p2a: Garganacl|124/291\n|-damage|p2a: Garganacl|82/291\n|-damage|p2a: Garganacl|43/291\n|-hitcount|p2a: Garganacl|5\n|-unboost|p1a: Kommo-o|def|1\n|-boost|p1a: Kommo-o|spe|1\n|move|p2a: Garganacl|Recover|p2a: Garganacl\n|-heal|p2a: Garganacl|189/291\n|\n|-heal|p2a: Garganacl|207/291|[from] item: Leftovers\n|-damage|p1a: Kommo-o|35/245|[from] Salt Cure\n|upkeep\n|turn|25\n|\n|t:|1781448039\n|move|p1a: Kommo-o|Scale Shot|p2a: Garganacl|[miss]\n|-miss|p1a: Kommo-o|p2a: Garganacl\n|move|p2a: Garganacl|Body Press|p1a: Kommo-o\n|-damage|p1a: Kommo-o|0 fnt\n|faint|p1a: Kommo-o\n|\n|-heal|p2a: Garganacl|225/291|[from] item: Leftovers\n|upkeep\n|\n|t:|1781448043\n|switch|p1a: Reuniclus|Reuniclus, L88, M|337/337\n|turn|26\n|\n|t:|1781448048\n|-terastallize|p1a: Reuniclus|Steel\n|move|p1a: Reuniclus|Calm Mind|p1a: Reuniclus\n|-boost|p1a: Reuniclus|spa|1\n|-boost|p1a: Reuniclus|spd|1\n|move|p2a: Garganacl|Salt Cure|p1a: Reuniclus\n|-resisted|p1a: Reuniclus\n|-damage|p1a: Reuniclus|316/337\n|-start|p1a: Reuniclus|Salt Cure\n|\n|-heal|p2a: Garganacl|243/291|[from] item: Leftovers\n|upkeep\n|turn|27\n|\n|t:|1781448054\n|move|p1a: Reuniclus|Calm Mind|p1a: Reuniclus\n|-boost|p1a: Reuniclus|spa|1\n|-boost|p1a: Reuniclus|spd|1\n|move|p2a: Garganacl|Body Press|p1a: Reuniclus\n|-supereffective|p1a: Reuniclus\n|-damage|p1a: Reuniclus|170/337\n|\n|-heal|p2a: Garganacl|261/291|[from] item: Leftovers\n|upkeep\n|turn|28\n|j| boogah\n|\n|t:|1781448063\n|move|p1a: Reuniclus|Recover|p1a: Reuniclus\n|-heal|p1a: Reuniclus|337/337\n|move|p2a: Garganacl|Body Press|p1a: Reuniclus\n|-supereffective|p1a: Reuniclus\n|-damage|p1a: Reuniclus|205/337\n|\n|-heal|p2a: Garganacl|279/291|[from] item: Leftovers\n|upkeep\n|turn|29\n|\n|t:|1781448079\n|switch|p2a: Ogerpon|Ogerpon-Hearthflame, L74, F|239/239\n|-damage|p2a: Ogerpon|180/239|[from] Stealth Rock\n|-ability|p2a: Ogerpon|Mold Breaker\n|move|p1a: Reuniclus|Psyshock|p2a: Ogerpon\n|-damage|p2a: Ogerpon|0 fnt\n|faint|p2a: Ogerpon\n|\n|upkeep\n|\n|t:|1781448082\n|switch|p2a: Sawsbuck|Sawsbuck-Autumn, L88, F|284/284\n|-damage|p2a: Sawsbuck|249/284|[from] Stealth Rock\n|turn|30\n|\n|t:|1781448087\n|switch|p1a: Scyther|Scyther, L82, F|249/249\n|move|p2a: Sawsbuck|High Horsepower|p1a: Scyther\n|-immune|p1a: Scyther\n|\n|upkeep\n|turn|31\n|\n|t:|1781448092\n|switch|p2a: Garganacl|Garganacl, L80, M, tera:Ghost|279/291\n|-damage|p2a: Garganacl|243/291|[from] Stealth Rock\n|move|p1a: Scyther|Dual Wingbeat|p2a: Garganacl\n|-damage|p2a: Garganacl|189/291\n|-damage|p2a: Garganacl|138/291\n|-hitcount|p2a: Garganacl|2\n|\n|-heal|p2a: Garganacl|156/291|[from] item: Leftovers\n|upkeep\n|turn|32\n|\n|t:|1781448098\n|move|p1a: Scyther|U-turn|p2a: Garganacl\n|-resisted|p2a: Garganacl\n|-damage|p2a: Garganacl|129/291\n|\n|t:|1781448100\n|switch|p1a: Reuniclus|Reuniclus, L88, M, tera:Steel|205/337|[from] U-turn\n|move|p2a: Garganacl|Recover|p2a: Garganacl\n|-heal|p2a: Garganacl|275/291\n|\n|-heal|p2a: Garganacl|291/291|[from] item: Leftovers\n|upkeep\n|turn|33\n|\n|t:|1781448142\n|switch|p2a: Noivern|Noivern, L82, F|127/274\n|-damage|p2a: Noivern|59/274|[from] Stealth Rock\n|move|p1a: Reuniclus|Calm Mind|p1a: Reuniclus\n|-boost|p1a: Reuniclus|spa|1\n|-boost|p1a: Reuniclus|spd|1\n|\n|upkeep\n|turn|34\n|\n|t:|1781448147\n|move|p2a: Noivern|Flamethrower|p1a: Reuniclus\n|-supereffective|p1a: Reuniclus\n|-damage|p1a: Reuniclus|81/337\n|move|p1a: Reuniclus|Recover|p1a: Reuniclus\n|-heal|p1a: Reuniclus|250/337\n|\n|upkeep\n|turn|35\n|\n|t:|1781448152\n|switch|p2a: Sawsbuck|Sawsbuck-Autumn, L88, F|249/284\n|-damage|p2a: Sawsbuck|214/284|[from] Stealth Rock\n|move|p1a: Reuniclus|Recover|p1a: Reuniclus\n|-heal|p1a: Reuniclus|337/337\n|\n|upkeep\n|turn|36\n|\n|t:|1781448156\n|move|p2a: Sawsbuck|Swords Dance|p2a: Sawsbuck\n|-boost|p2a: Sawsbuck|atk|2\n|move|p1a: Reuniclus|Psyshock|p2a: Sawsbuck\n|-damage|p2a: Sawsbuck|0 fnt\n|faint|p2a: Sawsbuck\n|\n|upkeep\n|\n|t:|1781448162\n|switch|p2a: Kingdra|Kingdra, L84, M|138/263\n|-damage|p2a: Kingdra|106/263|[from] Stealth Rock\n|turn|37\n|\n|t:|1781448166\n|move|p2a: Kingdra|Waterfall|p1a: Reuniclus\n|-damage|p1a: Reuniclus|243/337\n|move|p1a: Reuniclus|Psyshock|p2a: Kingdra\n|-damage|p2a: Kingdra|0 fnt\n|faint|p2a: Kingdra\n|\n|upkeep\n|\n|t:|1781448171\n|switch|p2a: Noivern|Noivern, L82, F|59/274\n|-damage|p2a: Noivern|0 fnt|[from] Stealth Rock\n|faint|p2a: Noivern\n|\n|t:|1781448172\n|switch|p2a: Garganacl|Garganacl, L80, M, tera:Ghost|291/291\n|-damage|p2a: Garganacl|255/291|[from] Stealth Rock\n|turn|38\n|\n|t:|1781448174\n|move|p1a: Reuniclus|Psyshock|p2a: Garganacl\n|-damage|p2a: Garganacl|72/291\n|move|p2a: Garganacl|Body Press|p1a: Reuniclus\n|-supereffective|p1a: Reuniclus\n|-damage|p1a: Reuniclus|107/337\n|\n|-heal|p2a: Garganacl|90/291|[from] item: Leftovers\n|upkeep\n|turn|39\n|\n|t:|1781448178\n|move|p1a: Reuniclus|Psyshock|p2a: Garganacl\n|-damage|p2a: Garganacl|0 fnt\n|faint|p2a: Garganacl\n|\n|win|Ultrxviolet\n|c|\u2606Ultrxviolet|gg\n|l| goinforasmoke\n", "inputlog": ">version a8376a258c1d4662feba110a92103f3664a72141\n>start {\"formatid\":\"gen9randombattle\",\"seed\":\"sodium,3a37ee1a54b7e98545c85199153c2fa9\"}\n>player p1 {\"name\":\"Ultrxviolet\",\"avatar\":\"lucy\",\"rating\":0,\"seed\":\"sodium,cdc5f7f69ee6c6be7d0505f8d453792a\"}\n>player p2 {\"name\":\"man on da lakers\",\"avatar\":\"veteran\",\"rating\":0,\"seed\":\"sodium,827fe6764084937836b3430932aba248\"}\n>p1 switch 4\n>p2 move hurricane\n>p1 move magmastorm\n>p2 switch 4\n>p1 switch 2\n>p2 move dragondance\n>chat  dgrgrnd|beat his ass nim\n>p1 move stealthrock\n>p2 move outrage\n>p1 switch 3\n>p2 move outrage\n>p1 move irondefense\n>p2 move outrage\n>p1 move bodypress\n>p2 switch 4\n>p1 switch 2\n>p2 move flamethrower\n>p1 move lavaplume\n>p2 switch 4\n>p1 switch 3\n>p2 move dragondance\n>p1 move solarbeam\n>p2 move waterfall\n>p1 move solarbeam\n>p2 move waterfall\n>p1 switch 2\n>p1 move irondefense\n>p2 switch 3\n>p1 move bodypress\n>p2 move knockoff\n>p1 move bodypress\n>p2 move knockoff\n>p1 switch 4\n>p1 move dualwingbeat\n>p2 move bravebird\n>p2 switch 5\n>p1 move closecombat\n>p2 move stealthrock\n>p1 move closecombat\n>p2 move recover terastallize\n>p1 switch 3\n>p2 move saltcure\n>p1 move magmastorm\n>p2 move bodypress\n>p1 switch 5\n>p1 move swordsdance\n>p2 move saltcure\n>p1 move scaleshot\n>p2 move bodypress\n>p1 move scaleshot\n>p2 move recover\n>chat \u2606Ultrxviolet|i'm going to clover react you\n>p1 move scaleshot\n>p2 move recover\n>p1 move scaleshot\n>p2 move bodypress\n>p1 switch 6\n>p1 move calmmind terastallize\n>p2 move saltcure\n>p1 move calmmind\n>p2 move bodypress\n>p1 move recover\n>p2 move bodypress\n>p1 move psyshock\n>p2 switch 6\n>p2 switch 2\n>p1 switch 3\n>p2 move highhorsepower\n>p1 move dualwingbeat\n>p2 switch 6\n>p1 move uturn\n>p2 move recover\n>p1 switch 3\n>p1 move calmmind\n>p2 switch 4\n>p1 move recover\n>p2 move flamethrower\n>p1 move recover\n>p2 switch 6\n>p1 move psyshock\n>p2 move swordsdance\n>p2 switch 3\n>p1 move psyshock\n>p2 move waterfall\n>p2 switch 6\n>p2 switch 4\n>p1 move psyshock\n>p2 move bodypress\n>p1 move psyshock\n>p2 move bodypress", "uploadtime": 1781448181, "views": 14, "formatid": "gen9randombattle", "rating": null, "private": 0, "password": null}