{"id": "gen9randombattle-2631537650", "format": "[Gen 9] Random Battle", "players": ["masbahlilganteng", "LuCk1saSkill"], "log": "|j|\u2606masbahlilganteng\n|j|\u2606LuCk1saSkill\n|t:|1781398257\n|gametype|singles\n|player|p1|masbahlilganteng|hoopster|2128\n|player|p2|LuCk1saSkill|169|2104\n|gen|9\n|tier|[Gen 9] Random Battle\n|rated|\n|rule|Species Clause: Limit one of each Pok\u00e9mon\n|rule|HP Percentage Mod: HP is shown in percentages\n|rule|Sleep Clause Mod: Limit one foe put to sleep\n|rule|Illusion Level Mod: Illusion disguises the Pok\u00e9mon's true level\n|\n|t:|1781398257\n|teamsize|p1|6\n|teamsize|p2|6\n|start\n|switch|p1a: Dedenne|Dedenne, L88, M|261/261\n|switch|p2a: Magearna|Magearna-Original, L77|250/250\n|turn|1\n|inactive|Battle timer is ON: inactive players will automatically lose when time's up. (requested by masbahlilganteng)\n|\n|t:|1781398280\n|switch|p2a: Krookodile|Krookodile, L79, F|280/280\n|-ability|p2a: Krookodile|Intimidate|boost\n|-unboost|p1a: Dedenne|atk|1\n|move|p1a: Dedenne|Nuzzle|p2a: Krookodile\n|-immune|p2a: Krookodile\n|\n|upkeep\n|turn|2\n|\n|t:|1781398287\n|switch|p1a: Hariyama|Hariyama, L87, F|392/392\n|move|p2a: Krookodile|Knock Off|p1a: Hariyama\n|-resisted|p1a: Hariyama\n|-damage|p1a: Hariyama|327/392\n|-enditem|p1a: Hariyama|Assault Vest|[from] move: Knock Off|[of] p2a: Krookodile\n|\n|upkeep\n|turn|3\n|\n|t:|1781398303\n|switch|p2a: Gardevoir|Gardevoir, L83, M|249/249\n|-ability|p2a: Gardevoir|Thick Fat|Trace|[from] ability: Trace|[of] p1a: Hariyama\n|move|p1a: Hariyama|Knock Off|p2a: Gardevoir\n|-damage|p2a: Gardevoir|138/249\n|-enditem|p2a: Gardevoir|Life Orb|[from] move: Knock Off|[of] p1a: Hariyama\n|\n|upkeep\n|turn|4\n|\n|t:|1781398327\n|move|p2a: Gardevoir|Moonblast|p1a: Hariyama\n|-supereffective|p1a: Hariyama\n|-damage|p1a: Hariyama|3/392\n|move|p1a: Hariyama|Heavy Slam|p2a: Gardevoir\n|-supereffective|p2a: Gardevoir\n|-damage|p2a: Gardevoir|0 fnt\n|faint|p2a: Gardevoir\n|\n|upkeep\n|\n|t:|1781398331\n|switch|p2a: Magearna|Magearna-Original, L77|250/250\n|turn|5\n|\n|t:|1781398337\n|move|p1a: Hariyama|Bullet Punch|p2a: Magearna\n|-crit|p2a: Magearna\n|-damage|p2a: Magearna|199/250\n|move|p2a: Magearna|Shift Gear|p2a: Magearna\n|-boost|p2a: Magearna|spe|2\n|-boost|p2a: Magearna|atk|1\n|\n|upkeep\n|turn|6\n|\n|t:|1781398346\n|move|p2a: Magearna|Iron Head|p1a: Hariyama\n|-damage|p1a: Hariyama|0 fnt\n|faint|p1a: Hariyama\n|-ability|p2a: Magearna|Soul-Heart|boost\n|-boost|p2a: Magearna|spa|1\n|\n|upkeep\n|\n|t:|1781398369\n|switch|p1a: Duraludon|Duraludon, L82, M|249/249\n|turn|7\n|\n|t:|1781398373\n|move|p2a: Magearna|Fleur Cannon|p1a: Duraludon\n|-damage|p1a: Duraludon|17/249\n|-unboost|p2a: Magearna|spa|2\n|move|p1a: Duraludon|Thunder Wave|p2a: Magearna\n|-status|p2a: Magearna|par\n|\n|upkeep\n|turn|8\n|\n|t:|1781398401\n|move|p1a: Duraludon|Body Press|p2a: Magearna\n|-damage|p2a: Magearna|142/250 par\n|move|p2a: Magearna|Shift Gear|p2a: Magearna\n|-boost|p2a: Magearna|spe|2\n|-boost|p2a: Magearna|atk|1\n|\n|upkeep\n|turn|9\n|\n|t:|1781398408\n|move|p2a: Magearna|Iron Head|p1a: Duraludon\n|-resisted|p1a: Duraludon\n|-damage|p1a: Duraludon|0 fnt\n|faint|p1a: Duraludon\n|-ability|p2a: Magearna|Soul-Heart|boost\n|-boost|p2a: Magearna|spa|1\n|\n|upkeep\n|inactive|masbahlilganteng has 120 seconds left.\n|\n|t:|1781398438\n|switch|p1a: Sudowoodo|Sudowoodo, L94, M|284/284\n|turn|10\n|\n|t:|1781398441\n|move|p2a: Magearna|Iron Head|p1a: Sudowoodo\n|-supereffective|p1a: Sudowoodo\n|-damage|p1a: Sudowoodo|80/284\n|move|p1a: Sudowoodo|Earthquake|p2a: Magearna\n|-supereffective|p2a: Magearna\n|-damage|p2a: Magearna|0 fnt\n|faint|p2a: Magearna\n|\n|-heal|p1a: Sudowoodo|97/284|[from] item: Leftovers\n|upkeep\n|\n|t:|1781398446\n|switch|p2a: Krookodile|Krookodile, L79, F|280/280\n|-ability|p2a: Krookodile|Intimidate|boost\n|-unboost|p1a: Sudowoodo|atk|1\n|turn|11\n|inactive|masbahlilganteng has 120 seconds left.\n|\n|t:|1781398463\n|-terastallize|p1a: Sudowoodo|Grass\n|move|p2a: Krookodile|Earthquake|p1a: Sudowoodo\n|-resisted|p1a: Sudowoodo\n|-damage|p1a: Sudowoodo|55/284\n|move|p1a: Sudowoodo|Wood Hammer|p2a: Krookodile\n|-supereffective|p2a: Krookodile\n|-damage|p2a: Krookodile|28/280\n|\n|-heal|p2a: Krookodile|45/280|[from] item: Leftovers\n|-heal|p1a: Sudowoodo|72/284|[from] item: Leftovers\n|upkeep\n|turn|12\n|inactive|masbahlilganteng has 120 seconds left.\n|\n|t:|1781398482\n|move|p2a: Krookodile|Knock Off|p1a: Sudowoodo\n|-damage|p1a: Sudowoodo|0 fnt\n|-enditem|p1a: Sudowoodo|Leftovers|[from] move: Knock Off|[of] p2a: Krookodile\n|faint|p1a: Sudowoodo\n|\n|-heal|p2a: Krookodile|62/280|[from] item: Leftovers\n|upkeep\n|\n|t:|1781398486\n|switch|p1a: Froslass|Froslass, L87, F|263/263\n|turn|13\n|\n|t:|1781398492\n|switch|p2a: Lycanroc|Lycanroc, L86, F|269/269\n|move|p1a: Froslass|Triple Axel|p2a: Lycanroc\n|-damage|p2a: Lycanroc|247/269\n|-damage|p2a: Lycanroc|198/269\n|-damage|p2a: Lycanroc|128/269\n|-hitcount|p2a: Lycanroc|3\n|\n|upkeep\n|turn|14\n|\n|t:|1781398501\n|switch|p1a: Dedenne|Dedenne, L88, M|261/261\n|move|p2a: Lycanroc|Stone Edge|p1a: Dedenne\n|-crit|p1a: Dedenne\n|-damage|p1a: Dedenne|0 fnt\n|faint|p1a: Dedenne\n|-damage|p2a: Lycanroc|102/269|[from] item: Life Orb\n|\n|upkeep\n|\n|t:|1781398504\n|switch|p1a: Froslass|Froslass, L87, F|263/263\n|turn|15\n|\n|t:|1781398507\n|move|p2a: Lycanroc|Stone Edge|p1a: Froslass\n|-supereffective|p1a: Froslass\n|-crit|p1a: Froslass\n|-damage|p1a: Froslass|0 fnt\n|-start|p2a: Lycanroc|Disable|Stone Edge|[from] ability: Cursed Body|[of] p1a: Froslass\n|faint|p1a: Froslass\n|-damage|p2a: Lycanroc|76/269|[from] item: Life Orb\n|\n|upkeep\n|\n|t:|1781398512\n|switch|p1a: Lunala|Lunala, L70|308/308\n|turn|16\n|\n|t:|1781398517\n|move|p2a: Lycanroc|Accelerock|p1a: Lunala\n|-damage|p1a: Lunala|272/308\n|-damage|p2a: Lycanroc|50/269|[from] item: Life Orb\n|move|p1a: Lunala|Calm Mind|p1a: Lunala\n|-boost|p1a: Lunala|spa|1\n|-boost|p1a: Lunala|spd|1\n|\n|-heal|p1a: Lunala|291/308|[from] item: Leftovers\n|upkeep\n|turn|17\n|\n|t:|1781398531\n|move|p2a: Lycanroc|Accelerock|p1a: Lunala\n|-damage|p1a: Lunala|208/308\n|-damage|p2a: Lycanroc|24/269|[from] item: Life Orb\n|move|p1a: Lunala|Calm Mind|p1a: Lunala\n|-boost|p1a: Lunala|spa|1\n|-boost|p1a: Lunala|spd|1\n|\n|-heal|p1a: Lunala|227/308|[from] item: Leftovers\n|upkeep\n|turn|18\n|\n|t:|1781398538\n|move|p2a: Lycanroc|Stealth Rock|p1a: Lunala\n|-sidestart|p1: masbahlilganteng|move: Stealth Rock\n|move|p1a: Lunala|Moonlight|p1a: Lunala\n|-heal|p1a: Lunala|308/308\n|\n|-end|p2a: Lycanroc|Disable\n|upkeep\n|turn|19\n|\n|t:|1781398542\n|move|p2a: Lycanroc|Stone Edge|p1a: Lunala\n|-damage|p1a: Lunala|212/308\n|-damage|p2a: Lycanroc|0 fnt|[from] item: Life Orb\n|faint|p2a: Lycanroc\n|move|p1a: Lunala|Moonlight|p1a: Lunala\n|-heal|p1a: Lunala|308/308\n|\n|upkeep\n|\n|t:|1781398544\n|switch|p2a: Krookodile|Krookodile, L79, F|62/280\n|-ability|p2a: Krookodile|Intimidate|boost\n|-unboost|p1a: Lunala|atk|1\n|turn|20\n|\n|t:|1781398546\n|move|p2a: Krookodile|Knock Off|p1a: Lunala\n|-supereffective|p1a: Lunala\n|-damage|p1a: Lunala|66/308\n|-enditem|p1a: Lunala|Leftovers|[from] move: Knock Off|[of] p2a: Krookodile\n|move|p1a: Lunala|Moongeist Beam|p2a: Krookodile\n|-resisted|p2a: Krookodile\n|-damage|p2a: Krookodile|0 fnt\n|faint|p2a: Krookodile\n|\n|upkeep\n|\n|t:|1781398548\n|switch|p2a: Electivire|Electivire, L84, F|263/263\n|turn|21\n|\n|t:|1781398551\n|move|p2a: Electivire|Knock Off|p1a: Lunala\n|-supereffective|p1a: Lunala\n|-damage|p1a: Lunala|0 fnt\n|faint|p1a: Lunala\n|-damage|p2a: Electivire|237/263|[from] item: Life Orb\n|\n|win|LuCk1saSkill\n|raw|masbahlilganteng's rating: 2128 &rarr; <strong>2107</strong><br />(-21 for losing)\n|raw|LuCk1saSkill's rating: 2104 &rarr; <strong>2125</strong><br />(+21 for winning)\n", "inputlog": ">version a8376a258c1d4662feba110a92103f3664a72141\n>start {\"formatid\":\"gen9randombattle\",\"seed\":\"sodium,c58439a66b3158a60a7767a54736ccfb\",\"rated\":\"Rated battle\"}\n>player p1 {\"name\":\"masbahlilganteng\",\"avatar\":\"hoopster\",\"rating\":2128,\"seed\":\"sodium,6ad80304270881d7fb4516f509e6cbae\"}\n>player p2 {\"name\":\"LuCk1saSkill\",\"avatar\":\"169\",\"rating\":2104,\"seed\":\"sodium,3ff45b941c0a42114e739789377d8005\"}\n>p1 move nuzzle\n>p2 switch 4\n>p1 switch 4\n>p2 move knockoff\n>p1 move knockoff\n>p2 switch 5\n>p1 move heavyslam\n>p2 move moonblast\n>p2 switch 4\n>p1 move bulletpunch\n>p2 move shiftgear\n>p1 move knockoff\n>p2 move ironhead\n>p1 switch 2\n>p1 move thunderwave\n>p2 move fleurcannon\n>p1 move bodypress\n>p2 move shiftgear\n>p1 move flashcannon\n>p2 move ironhead\n>p1 switch 6\n>p1 move earthquake\n>p2 move ironhead\n>p2 switch 5\n>p1 move woodhammer terastallize\n>p2 move earthquake\n>p1 move stealthrock\n>p2 move knockoff\n>p1 switch 5\n>p1 move tripleaxel\n>p2 switch 2\n>p1 switch 4\n>p2 move stoneedge\n>p1 switch 4\n>p1 move tripleaxel\n>p2 move stoneedge\n>p1 switch 3\n>p1 move calmmind\n>p2 move accelerock\n>p1 move calmmind\n>p2 move accelerock\n>p1 move moonlight\n>p2 move stealthrock\n>p1 move moonlight\n>p2 move stoneedge\n>p2 switch 2\n>p1 move moongeistbeam\n>p2 move knockoff\n>p2 switch 3\n>p1 move moonlight\n>p2 move knockoff", "uploadtime": 1781398259, "views": 5, "formatid": "gen9randombattle", "rating": 2107, "private": 0, "password": null}