{"id": "gen9randombattle-2631905926", "format": "[Gen 9] Random Battle", "players": ["Youknowit123", "Alexander Babits"], "log": "|j|\u2606Youknowit123\n|j|\u203dAlexander Babits\n|t:|1781454192\n|gametype|singles\n|player|p1|Youknowit123|102|2025\n|player|p2|Alexander Babits|2|2111\n|gen|9\n|tier|[Gen 9] Random Battle\n|rated|\n|rule|Species Clause: Limit one of each Pok\u00e9mon\n|rule|HP Percentage Mod: HP is shown in percentages\n|rule|Sleep Clause Mod: Limit one foe put to sleep\n|rule|Illusion Level Mod: Illusion disguises the Pok\u00e9mon's true level\n|\n|t:|1781454192\n|teamsize|p1|6\n|teamsize|p2|6\n|start\n|switch|p1a: Quaquaval|Quaquaval, L79, F|264/264\n|switch|p2a: Ariados|Ariados, L95, F|287/287\n|turn|1\n|\n|t:|1781454211\n|move|p1a: Quaquaval|Swords Dance|p1a: Quaquaval\n|-boost|p1a: Quaquaval|atk|2\n|move|p2a: Ariados|Sticky Web|p1a: Quaquaval\n|-sidestart|p1: Youknowit123|move: Sticky Web\n|\n|upkeep\n|turn|2\n|inactive|Battle timer is ON: inactive players will automatically lose when time's up. (requested by Alexander Babits)\n|\n|t:|1781454217\n|move|p1a: Quaquaval|Aqua Step|p2a: Ariados\n|-damage|p2a: Ariados|40/287\n|-boost|p1a: Quaquaval|spe|1\n|-damage|p1a: Quaquaval|238/264|[from] item: Life Orb\n|move|p2a: Ariados|Poison Jab|p1a: Quaquaval\n|-damage|p1a: Quaquaval|112/264\n|\n|upkeep\n|turn|3\n|\n|t:|1781454227\n|move|p1a: Quaquaval|Aqua Step|p2a: Ariados\n|-damage|p2a: Ariados|0 fnt\n|-boost|p1a: Quaquaval|spe|1\n|faint|p2a: Ariados\n|-ability|p1a: Quaquaval|Moxie|boost\n|-boost|p1a: Quaquaval|atk|1\n|-damage|p1a: Quaquaval|86/264|[from] item: Life Orb\n|\n|upkeep\n|\n|t:|1781454235\n|switch|p2a: Zangoose|Zangoose, L85, F|263/263\n|turn|4\n|\n|t:|1781454258\n|move|p2a: Zangoose|Quick Attack|p1a: Quaquaval\n|-crit|p1a: Quaquaval\n|-damage|p1a: Quaquaval|1/264\n|move|p1a: Quaquaval|Close Combat|p2a: Zangoose\n|-supereffective|p2a: Zangoose\n|-damage|p2a: Zangoose|0 fnt\n|-unboost|p1a: Quaquaval|def|1\n|-unboost|p1a: Quaquaval|spd|1\n|faint|p2a: Zangoose\n|-ability|p1a: Quaquaval|Moxie|boost\n|-boost|p1a: Quaquaval|atk|1\n|-damage|p1a: Quaquaval|0 fnt|[from] item: Life Orb\n|faint|p1a: Quaquaval\n|\n|upkeep\n|inactive|Alexander Babits has 120 seconds left.\n|\n|t:|1781454283\n|switch|p2a: Seviper|Seviper, L93, M|287/287\n|switch|p1a: Yanmega|Yanmega, L82, F|275/275\n|turn|5\n|inactive|Alexander Babits has 120 seconds left.\n|\n|t:|1781454294\n|move|p2a: Seviper|Flamethrower|p1a: Yanmega\n|-supereffective|p1a: Yanmega\n|-damage|p1a: Yanmega|63/275\n|move|p1a: Yanmega|Bug Buzz|p2a: Seviper\n|-resisted|p2a: Seviper\n|-damage|p2a: Seviper|115/287\n|\n|upkeep\n|turn|6\n|\n|t:|1781454301\n|switch|p2a: Reshiram|Reshiram, L76|277/277\n|-ability|p2a: Reshiram|Turboblaze\n|switch|p1a: Chimecho|Chimecho, L93, M|290/290\n|\n|upkeep\n|turn|7\n|\n|t:|1781454307\n|move|p2a: Reshiram|Dragon Dance|p2a: Reshiram\n|-boost|p2a: Reshiram|atk|1\n|-boost|p2a: Reshiram|spe|1\n|move|p1a: Chimecho|Cosmic Power|p1a: Chimecho\n|-boost|p1a: Chimecho|def|1\n|-boost|p1a: Chimecho|spd|1\n|\n|upkeep\n|turn|8\n|\n|t:|1781454320\n|switch|p2a: Seviper|Seviper, L93, M|115/287\n|move|p1a: Chimecho|Cosmic Power|p1a: Chimecho\n|-boost|p1a: Chimecho|def|1\n|-boost|p1a: Chimecho|spd|1\n|\n|upkeep\n|turn|9\n|\n|t:|1781454324\n|move|p2a: Seviper|Switcheroo|p1a: Chimecho\n|-activate|p2a: Seviper|move: Trick|[of] p1a: Chimecho\n|-item|p1a: Chimecho|Choice Scarf|[from] move: Switcheroo\n|-item|p2a: Seviper|Leftovers|[from] move: Switcheroo\n|move|p1a: Chimecho|Stored Power|p2a: Seviper\n|-supereffective|p2a: Seviper\n|-damage|p2a: Seviper|0 fnt\n|faint|p2a: Seviper\n|\n|upkeep\n|\n|t:|1781454342\n|switch|p2a: Swanna|Swanna, L89, F|278/278\n|turn|10\n|inactive|Alexander Babits has 120 seconds left.\n|\n|t:|1781454377\n|move|p1a: Chimecho|Stored Power|p2a: Swanna\n|-damage|p2a: Swanna|116/278\n|move|p2a: Swanna|Hydro Pump|p1a: Chimecho\n|-damage|p1a: Chimecho|235/290\n|\n|upkeep\n|turn|11\n|\n|t:|1781454385\n|switch|p2a: Latios|Latios, L78, M|253/253\n|move|p1a: Chimecho|Stored Power|p2a: Latios\n|-resisted|p2a: Latios\n|-damage|p2a: Latios|199/253\n|\n|upkeep\n|turn|12\n|\n|t:|1781454393\n|move|p1a: Chimecho|Stored Power|p2a: Latios\n|-resisted|p2a: Latios\n|-damage|p2a: Latios|143/253\n|move|p2a: Latios|Luster Purge|p1a: Chimecho\n|-resisted|p1a: Chimecho\n|-damage|p1a: Chimecho|205/290\n|\n|upkeep\n|turn|13\n|\n|t:|1781454398\n|move|p1a: Chimecho|Stored Power|p2a: Latios\n|-resisted|p2a: Latios\n|-damage|p2a: Latios|89/253\n|move|p2a: Latios|Recover|p2a: Latios\n|-heal|p2a: Latios|216/253\n|\n|upkeep\n|turn|14\n|\n|t:|1781454405\n|switch|p1a: Perrserker|Perrserker, L89, F|269/269\n|-activate|p1a: Perrserker|move: Sticky Web\n|-unboost|p1a: Perrserker|spe|1\n|move|p2a: Latios|Luster Purge|p1a: Perrserker\n|-resisted|p1a: Perrserker\n|-damage|p1a: Perrserker|188/269\n|-unboost|p1a: Perrserker|spd|1\n|\n|upkeep\n|turn|15\n|\n|t:|1781454412\n|move|p2a: Latios|Aura Sphere|p1a: Perrserker\n|-supereffective|p1a: Perrserker\n|-damage|p1a: Perrserker|0 fnt\n|faint|p1a: Perrserker\n|\n|upkeep\n|\n|t:|1781454416\n|switch|p1a: Ursaring|Ursaring, L84, M|288/288\n|-activate|p1a: Ursaring|move: Sticky Web\n|-unboost|p1a: Ursaring|spe|1\n|turn|16\n|inactive|Alexander Babits has 120 seconds left.\n|\n|t:|1781454461\n|move|p2a: Latios|Luster Purge|p1a: Ursaring\n|-damage|p1a: Ursaring|180/288\n|-unboost|p1a: Ursaring|spd|1\n|move|p1a: Ursaring|Body Slam|p2a: Latios\n|-damage|p2a: Latios|86/253\n|-status|p2a: Latios|par\n|\n|upkeep\n|turn|17\n|\n|t:|1781454475\n|cant|p2a: Latios|par\n|move|p1a: Ursaring|Body Slam|p2a: Latios\n|-damage|p2a: Latios|0 fnt\n|faint|p2a: Latios\n|\n|upkeep\n|\n|t:|1781454479\n|switch|p2a: Reshiram|Reshiram, L76|277/277\n|-ability|p2a: Reshiram|Turboblaze\n|turn|18\n|\n|t:|1781454493\n|-terastallize|p2a: Reshiram|Dragon\n|move|p2a: Reshiram|Dragon Dance|p2a: Reshiram\n|-boost|p2a: Reshiram|atk|1\n|-boost|p2a: Reshiram|spe|1\n|move|p1a: Ursaring|Body Slam|p2a: Reshiram\n|-damage|p2a: Reshiram|160/277\n|\n|upkeep\n|turn|19\n|\n|t:|1781454505\n|move|p2a: Reshiram|Dragon Dance|p2a: Reshiram\n|-boost|p2a: Reshiram|atk|1\n|-boost|p2a: Reshiram|spe|1\n|move|p1a: Ursaring|Body Slam|p2a: Reshiram\n|-damage|p2a: Reshiram|55/277\n|\n|upkeep\n|turn|20\n|\n|t:|1781454520\n|switch|p1a: Chimecho|Chimecho, L93, M|205/290\n|move|p2a: Reshiram|Outrage|p1a: Chimecho\n|-damage|p1a: Chimecho|0 fnt\n|faint|p1a: Chimecho\n|\n|upkeep\n|\n|t:|1781454526\n|switch|p1a: Ursaluna|Ursaluna-Bloodmoon, L79, M|308/308\n|-activate|p1a: Ursaluna|move: Sticky Web\n|-unboost|p1a: Ursaluna|spe|1\n|turn|21\n|\n|t:|1781454530\n|move|p2a: Reshiram|Outrage|p1a: Ursaluna|[from] lockedmove\n|-damage|p1a: Ursaluna|56/308\n|move|p1a: Ursaluna|Blood Moon|p2a: Reshiram\n|-damage|p2a: Reshiram|0 fnt\n|faint|p2a: Reshiram\n|\n|-heal|p1a: Ursaluna|75/308|[from] item: Leftovers\n|upkeep\n|\n|t:|1781454534\n|switch|p2a: Swanna|Swanna, L89, F|116/278\n|turn|22\n|\n|t:|1781454552\n|move|p2a: Swanna|Hydro Pump|p1a: Ursaluna\n|-supereffective|p1a: Ursaluna\n|-damage|p1a: Ursaluna|0 fnt\n|faint|p1a: Ursaluna\n|\n|upkeep\n|\n|t:|1781454557\n|switch|p1a: Ursaring|Ursaring, L84, M|180/288\n|-activate|p1a: Ursaring|move: Sticky Web\n|-unboost|p1a: Ursaring|spe|1\n|turn|23\n|\n|t:|1781454573\n|move|p2a: Swanna|Roost|p2a: Swanna\n|-heal|p2a: Swanna|255/278\n|-singleturn|p2a: Swanna|move: Roost\n|move|p1a: Ursaring|Body Slam|p2a: Swanna\n|-damage|p2a: Swanna|125/278\n|\n|upkeep\n|turn|24\n|\n|t:|1781454580\n|move|p2a: Swanna|Roost|p2a: Swanna\n|-heal|p2a: Swanna|264/278\n|-singleturn|p2a: Swanna|move: Roost\n|move|p1a: Ursaring|Body Slam|p2a: Swanna\n|-damage|p2a: Swanna|138/278\n|-status|p2a: Swanna|par\n|\n|upkeep\n|turn|25\n|\n|t:|1781454587\n|move|p2a: Swanna|Hydro Pump|p1a: Ursaring\n|-damage|p1a: Ursaring|93/288\n|move|p1a: Ursaring|Body Slam|p2a: Swanna\n|-damage|p2a: Swanna|0 fnt\n|faint|p2a: Swanna\n|\n|win|Youknowit123\n|raw|Youknowit123's rating: 2025 &rarr; <strong>2050</strong><br />(+25 for winning)\n|raw|Alexander Babits's rating: 2111 &rarr; <strong>2086</strong><br />(-25 for losing)\n", "inputlog": ">version a8376a258c1d4662feba110a92103f3664a72141\n>start {\"formatid\":\"gen9randombattle\",\"seed\":\"sodium,f75083ceba852ce019cfaeb12716dd78\",\"rated\":\"Rated battle\"}\n>player p1 {\"name\":\"Youknowit123\",\"avatar\":\"102\",\"rating\":2025,\"seed\":\"sodium,c126aa15d72072c8329bb3e8b34f6b1c\"}\n>player p2 {\"name\":\"Alexander Babits\",\"avatar\":\"2\",\"rating\":2111,\"seed\":\"sodium,77f630b860189c47b4ca699ad00f412c\"}\n>p1 move swordsdance\n>p2 move stickyweb\n>p1 move aquastep\n>p2 move poisonjab\n>p1 move aquastep\n>p2 move poisonjab\n>p2 switch 3\n>p1 move closecombat\n>p2 move quickattack\n>p1 switch 6\n>p2 switch 5\n>p1 move bugbuzz\n>p2 move flamethrower\n>p1 switch 2\n>p2 switch 6\n>p1 move cosmicpower\n>p2 move dragondance\n>p1 move cosmicpower\n>p2 switch 6\n>p1 move storedpower\n>p2 move switcheroo\n>p2 switch 4\n>p1 move storedpower\n>p2 move hydropump\n>p1 move storedpower\n>p2 switch 2\n>p1 move storedpower\n>p2 move lusterpurge\n>p1 move storedpower\n>p2 move recover\n>p1 switch 4\n>p2 move lusterpurge\n>p1 move uturn\n>p2 move aurasphere\n>p1 switch 5\n>p1 move bodyslam\n>p2 move lusterpurge\n>p1 move bodyslam\n>p2 move dracometeor\n>p2 switch 6\n>p1 move bodyslam\n>p2 move dragondance terastallize\n>p1 move bodyslam\n>p2 move dragondance\n>p1 switch 4\n>p2 move outrage\n>p1 switch 3\n>p1 move bloodmoon\n>p2 move outrage\n>p2 switch 2\n>p1 move earthpower\n>p2 move hydropump\n>p1 switch 4\n>p1 move bodyslam\n>p2 move roost\n>p1 move bodyslam\n>p2 move roost\n>p1 move bodyslam\n>p2 move hydropump", "uploadtime": 1781454194, "views": 6, "formatid": "gen9randombattle", "rating": 2050, "private": 0, "password": null}