{"id": "gen9randombattle-2631897282", "format": "[Gen 9] Random Battle", "players": ["antibeato", "cuerodeolancho"], "log": "|j|\u2606antibeato\n|j|\u2606cuerodeolancho\n|t:|1781453257\n|gametype|singles\n|player|p1|antibeato|266|2005\n|player|p2|cuerodeolancho|janitor|2133\n|gen|9\n|tier|[Gen 9] Random Battle\n|rated|\n|rule|Species Clause: Limit one of each Pok\u00e9mon\n|rule|HP Percentage Mod: HP is shown in percentages\n|rule|Sleep Clause Mod: Limit one foe put to sleep\n|rule|Illusion Level Mod: Illusion disguises the Pok\u00e9mon's true level\n|\n|t:|1781453257\n|teamsize|p1|6\n|teamsize|p2|6\n|start\n|switch|p1a: Gothitelle|Gothitelle, L90, M|272/272\n|switch|p2a: Tentacruel|Tentacruel, L84, M|272/272\n|turn|1\n|inactive|Battle timer is ON: inactive players will automatically lose when time's up. (requested by cuerodeolancho)\n|inactive|antibeato also wants the timer to be on.\n|\n|t:|1781453279\n|move|p1a: Gothitelle|Psychic|p2a: Tentacruel\n|-supereffective|p2a: Tentacruel\n|-damage|p2a: Tentacruel|150/272\n|move|p2a: Tentacruel|Flip Turn|p1a: Gothitelle\n|-damage|p1a: Gothitelle|223/272\n|\n|t:|1781453294\n|switch|p2a: Bellossom|Bellossom, L84, F|263/263|[from] Flip Turn\n|\n|upkeep\n|turn|2\n|\n|t:|1781453299\n|switch|p1a: Umbreon|Umbreon, L84, M|297/297\n|move|p2a: Bellossom|Quiver Dance|p2a: Bellossom\n|-boost|p2a: Bellossom|spa|1\n|-boost|p2a: Bellossom|spd|1\n|-boost|p2a: Bellossom|spe|1\n|\n|upkeep\n|turn|3\n|inactive|cuerodeolancho has 120 seconds left.\n|\n|t:|1781453348\n|switch|p2a: Tentacruel|Tentacruel, L84, M|150/272\n|move|p1a: Umbreon|Toxic|p2a: Tentacruel\n|-immune|p2a: Tentacruel\n|\n|upkeep\n|turn|4\n|\n|t:|1781453354\n|move|p2a: Tentacruel|Sludge Bomb|p1a: Umbreon\n|-damage|p1a: Umbreon|239/297\n|-status|p1a: Umbreon|psn\n|-activate|p1a: Umbreon|ability: Synchronize\n|-immune|p2a: Tentacruel\n|move|p1a: Umbreon|Wish|p1a: Umbreon\n|\n|-heal|p1a: Umbreon|257/297 psn|[from] item: Leftovers\n|-damage|p1a: Umbreon|220/297 psn|[from] psn\n|upkeep\n|turn|5\n|inactive|cuerodeolancho has 120 seconds left.\n|\n|t:|1781453361\n|switch|p1a: Gothitelle|Gothitelle, L90, M|223/272\n|move|p2a: Tentacruel|Flip Turn|p1a: Gothitelle\n|-damage|p1a: Gothitelle|177/272\n|inactive|cuerodeolancho has 120 seconds left.\n|\n|t:|1781453369\n|switch|p2a: Magnezone|Magnezone, L85|258/258|[from] Flip Turn\n|\n|-heal|p1a: Gothitelle|272/272|[from] move: Wish|[wisher] Umbreon\n|upkeep\n|turn|6\n|\n|t:|1781453373\n|move|p1a: Gothitelle|Focus Blast|p2a: Magnezone\n|-supereffective|p2a: Magnezone\n|-damage|p2a: Magnezone|82/258\n|move|p2a: Magnezone|Thunderbolt|p1a: Gothitelle\n|-damage|p1a: Gothitelle|166/272\n|\n|upkeep\n|turn|7\n|\n|t:|1781453377\n|move|p1a: Gothitelle|Focus Blast|p2a: Magnezone|[miss]\n|-miss|p1a: Gothitelle|p2a: Magnezone\n|move|p2a: Magnezone|Thunderbolt|p1a: Gothitelle\n|-damage|p1a: Gothitelle|67/272\n|\n|upkeep\n|turn|8\n|\n|t:|1781453380\n|move|p1a: Gothitelle|Focus Blast|p2a: Magnezone|[miss]\n|-miss|p1a: Gothitelle|p2a: Magnezone\n|move|p2a: Magnezone|Thunderbolt|p1a: Gothitelle\n|-damage|p1a: Gothitelle|0 fnt\n|faint|p1a: Gothitelle\n|\n|upkeep\n|\n|t:|1781453398\n|switch|p1a: Slither Wing|Slither Wing, L81|270/270\n|turn|9\n|inactive|cuerodeolancho has 120 seconds left.\n|inactive|cuerodeolancho has 90 seconds left.\n|\n|t:|1781453470\n|move|p2a: Magnezone|Thunderbolt|p1a: Slither Wing\n|-damage|p1a: Slither Wing|155/270\n|move|p1a: Slither Wing|Earthquake|p2a: Magnezone\n|-supereffective|p2a: Magnezone\n|-damage|p2a: Magnezone|0 fnt\n|faint|p2a: Magnezone\n|-damage|p1a: Slither Wing|128/270|[from] item: Life Orb\n|\n|upkeep\n|\n|t:|1781453487\n|switch|p2a: Iron Leaves|Iron Leaves, L80|275/275\n|turn|10\n|\n|t:|1781453499\n|-end|p1a: Slither Wing|Protosynthesis|[silent]\n|switch|p1a: Umbreon|Umbreon, L84, M|220/297 psn\n|move|p2a: Iron Leaves|Leaf Blade|p1a: Umbreon\n|-damage|p1a: Umbreon|90/297 psn\n|\n|-heal|p1a: Umbreon|108/297 psn|[from] item: Leftovers\n|-damage|p1a: Umbreon|71/297 psn|[from] psn\n|upkeep\n|turn|11\n|\n|t:|1781453506\n|move|p1a: Umbreon|Protect|p1a: Umbreon\n|-singleturn|p1a: Umbreon|Protect\n|move|p2a: Iron Leaves|Leaf Blade|p1a: Umbreon\n|-activate|p1a: Umbreon|move: Protect\n|\n|-heal|p1a: Umbreon|89/297 psn|[from] item: Leftovers\n|-damage|p1a: Umbreon|52/297 psn|[from] psn\n|upkeep\n|turn|12\n|inactive|cuerodeolancho has 60 seconds left.\n|inactive|cuerodeolancho has 30 seconds left.\n|\n|t:|1781453568\n|move|p2a: Iron Leaves|Leaf Blade|p1a: Umbreon\n|-damage|p1a: Umbreon|0 fnt\n|faint|p1a: Umbreon\n|\n|upkeep\n|\n|t:|1781453582\n|switch|p1a: Slither Wing|Slither Wing, L81|128/270\n|turn|13\n|\n|t:|1781453586\n|-end|p2a: Iron Leaves|Quark Drive|[silent]\n|switch|p2a: Tentacruel|Tentacruel, L84, M|150/272\n|move|p1a: Slither Wing|First Impression|p2a: Tentacruel\n|-resisted|p2a: Tentacruel\n|-crit|p2a: Tentacruel\n|-damage|p2a: Tentacruel|8/272\n|-damage|p1a: Slither Wing|101/270|[from] item: Life Orb\n|\n|upkeep\n|turn|14\n|\n|t:|1781453604\n|move|p2a: Tentacruel|Sludge Bomb|p1a: Slither Wing\n|-damage|p1a: Slither Wing|22/270\n|-status|p1a: Slither Wing|psn\n|move|p1a: Slither Wing|Wild Charge|p2a: Tentacruel\n|-supereffective|p2a: Tentacruel\n|-damage|p2a: Tentacruel|0 fnt\n|faint|p2a: Tentacruel\n|-damage|p1a: Slither Wing|20/270 psn|[from] Recoil\n|-damage|p1a: Slither Wing|0 fnt|[from] item: Life Orb\n|faint|p1a: Slither Wing\n|-end|p1a: Slither Wing|Protosynthesis|[silent]\n|\n|upkeep\n|\n|t:|1781453617\n|switch|p2a: Iron Leaves|Iron Leaves, L80|275/275\n|switch|p1a: Chien-Pao|Chien-Pao, L72|234/234\n|-ability|p1a: Chien-Pao|Sword of Ruin\n|turn|15\n|\n|t:|1781453627\n|-end|p2a: Iron Leaves|Quark Drive|[silent]\n|switch|p2a: Phione|Phione, L91|293/293\n|move|p1a: Chien-Pao|Icicle Crash|p2a: Phione\n|-resisted|p2a: Phione\n|-damage|p2a: Phione|220/293\n|\n|-heal|p2a: Phione|238/293|[from] item: Leftovers\n|upkeep\n|turn|16\n|\n|t:|1781453643\n|switch|p1a: Palafin|Palafin, L77, F|281/281\n|switch|p2a: Iron Leaves|Iron Leaves, L80|275/275\n|\n|upkeep\n|turn|17\n|\n|t:|1781453654\n|move|p2a: Iron Leaves|Leaf Blade|p1a: Palafin\n|-supereffective|p1a: Palafin\n|-damage|p1a: Palafin|0 fnt\n|faint|p1a: Palafin\n|\n|upkeep\n|\n|t:|1781453659\n|switch|p1a: Chien-Pao|Chien-Pao, L72|234/234\n|-ability|p1a: Chien-Pao|Sword of Ruin\n|turn|18\n|\n|t:|1781453664\n|-end|p2a: Iron Leaves|Quark Drive|[silent]\n|switch|p2a: Zamazenta|Zamazenta, L71|248/248\n|-ability|p2a: Zamazenta|Dauntless Shield|boost\n|-boost|p2a: Zamazenta|def|1\n|-terastallize|p1a: Chien-Pao|Dark\n|move|p1a: Chien-Pao|Crunch|p2a: Zamazenta\n|-resisted|p2a: Zamazenta\n|-damage|p2a: Zamazenta|179/248\n|\n|upkeep\n|turn|19\n|\n|t:|1781453668\n|switch|p1a: Klawf|Klawf, L90, F|272/272\n|move|p2a: Zamazenta|Close Combat|p1a: Klawf\n|-supereffective|p1a: Klawf\n|-damage|p1a: Klawf|2/272\n|-unboost|p2a: Zamazenta|def|1\n|-unboost|p2a: Zamazenta|spd|1\n|-ability|p1a: Klawf|Anger Shell|boost\n|-boost|p1a: Klawf|atk|1\n|-boost|p1a: Klawf|spa|1\n|-boost|p1a: Klawf|spe|1\n|-unboost|p1a: Klawf|def|1\n|-unboost|p1a: Klawf|spd|1\n|\n|upkeep\n|turn|20\n|\n|t:|1781453678\n|switch|p2a: Bellossom|Bellossom, L84, F|263/263\n|move|p1a: Klawf|Crabhammer|p2a: Bellossom\n|-resisted|p2a: Bellossom\n|-crit|p2a: Bellossom\n|-damage|p2a: Bellossom|167/263\n|\n|-heal|p2a: Bellossom|183/263|[from] item: Leftovers\n|upkeep\n|turn|21\n|\n|t:|1781453681\n|move|p1a: Klawf|Stone Edge|p2a: Bellossom\n|-damage|p2a: Bellossom|14/263\n|move|p2a: Bellossom|Giga Drain|p1a: Klawf\n|-supereffective|p1a: Klawf\n|-damage|p1a: Klawf|0 fnt\n|-heal|p2a: Bellossom|15/263|[from] drain|[of] p1a: Klawf\n|faint|p1a: Klawf\n|\n|-heal|p2a: Bellossom|31/263|[from] item: Leftovers\n|upkeep\n|-message|antibeato forfeited.\n|\n|win|cuerodeolancho\n", "inputlog": ">version a8376a258c1d4662feba110a92103f3664a72141\n>start {\"formatid\":\"gen9randombattle\",\"seed\":\"sodium,6597cddb1f701913a3dc1510ec3c64a6\",\"rated\":\"Rated battle\"}\n>player p1 {\"name\":\"antibeato\",\"avatar\":\"266\",\"rating\":2005,\"seed\":\"sodium,3043c3a638e08487410968a7dc644c4c\"}\n>player p2 {\"name\":\"cuerodeolancho\",\"avatar\":\"janitor\",\"rating\":2133,\"seed\":\"sodium,0d5af11a6a631de3db6d28ac2e32e51d\"}\n>p1 move psychic\n>p2 move flipturn\n>p2 switch 3\n>p1 switch 2\n>p2 move quiverdance\n>p1 move toxic\n>p2 switch 3\n>p1 move wish\n>p2 move sludgebomb\n>p1 switch 2\n>p2 move flipturn\n>p2 switch 4\n>p1 move focusblast\n>p2 move thunderbolt\n>p1 move focusblast\n>p2 move thunderbolt\n>p1 move focusblast\n>p2 move thunderbolt\n>p1 switch 5\n>p1 move earthquake\n>p2 move thunderbolt\n>p2 switch 2\n>p1 switch 2\n>p2 move leafblade\n>p1 move protect\n>p2 move leafblade\n>p1 move toxic\n>p2 move leafblade\n>p1 switch 2\n>p1 move firstimpression\n>p2 switch 4\n>p1 move wildcharge\n>p2 move sludgebomb\n>p1 switch 3\n>p2 switch 4\n>p1 move iciclecrash\n>p2 switch 6\n>p1 switch 4\n>p2 switch 6\n>p1 move flipturn\n>p2 move leafblade\n>p1 switch 4\n>p1 move crunch terastallize\n>p2 switch 5\n>p1 switch 6\n>p2 move closecombat\n>p1 move crabhammer\n>p2 switch 3\n>p1 move stoneedge\n>p2 move gigadrain\n>forcelose p1", "uploadtime": 1781453258, "views": 7, "formatid": "gen9randombattle", "rating": null, "private": 0, "password": null}