{"id": "gen9randombattle-2631464703", "format": "[Gen 9] Random Battle", "players": ["zrima", "Fortre"], "log": "|j|\u2606zrima\n|j|\u2606Fortre\n|t:|1781387982\n|gametype|singles\n|player|p1|zrima|acetrainerf-gen4dp|2053\n|player|p2|Fortre|1|2023\n|gen|9\n|tier|[Gen 9] Random Battle\n|rated|\n|rule|Species Clause: Limit one of each Pok\u00e9mon\n|rule|HP Percentage Mod: HP is shown in percentages\n|rule|Sleep Clause Mod: Limit one foe put to sleep\n|rule|Illusion Level Mod: Illusion disguises the Pok\u00e9mon's true level\n|\n|t:|1781387982\n|teamsize|p1|6\n|teamsize|p2|6\n|start\n|switch|p1a: Whimsicott|Whimsicott, L84, M|238/238\n|switch|p2a: Dugtrio|Dugtrio, L84, F|196/196\n|turn|1\n|\n|t:|1781387999\n|switch|p2a: Swalot|Swalot, L90, F|326/326\n|move|p1a: Whimsicott|Leech Seed|p2a: Swalot\n|-start|p2a: Swalot|move: Leech Seed\n|\n|-damage|p2a: Swalot|286/326|[from] Leech Seed|[of] p1a: Whimsicott\n|-damage|p1a: Whimsicott|198/238|[from] ability: Liquid Ooze|[of] p2a: Swalot\n|upkeep\n|turn|2\n|c|\u2606Fortre|Lets gooooo Brasil\n|\n|t:|1781388037\n|switch|p1a: Okidogi|Okidogi, L77, M|262/262\n|move|p2a: Swalot|Gunk Shot|p1a: Okidogi\n|-resisted|p1a: Okidogi\n|-damage|p1a: Okidogi|212/262\n|\n|-heal|p2a: Swalot|306/326|[from] item: Leftovers\n|-damage|p2a: Swalot|266/326|[from] Leech Seed|[of] p1a: Okidogi\n|-damage|p1a: Okidogi|172/262|[from] ability: Liquid Ooze|[of] p2a: Swalot\n|upkeep\n|turn|3\n|\n|t:|1781388046\n|switch|p1a: Shiftry|Shiftry, L89, F|305/305\n|move|p2a: Swalot|Knock Off|p1a: Shiftry\n|-resisted|p1a: Shiftry\n|-damage|p1a: Shiftry|263/305\n|-enditem|p1a: Shiftry|Life Orb|[from] move: Knock Off|[of] p2a: Swalot\n|\n|-heal|p2a: Swalot|286/326|[from] item: Leftovers\n|-damage|p2a: Swalot|246/326|[from] Leech Seed|[of] p1a: Shiftry\n|-damage|p1a: Shiftry|223/305|[from] ability: Liquid Ooze|[of] p2a: Swalot\n|upkeep\n|turn|4\n|\n|t:|1781388067\n|switch|p1a: Okidogi|Okidogi, L77, M|172/262\n|move|p2a: Swalot|Gunk Shot|p1a: Okidogi\n|-resisted|p1a: Okidogi\n|-damage|p1a: Okidogi|118/262\n|\n|-heal|p2a: Swalot|266/326|[from] item: Leftovers\n|-damage|p2a: Swalot|226/326|[from] Leech Seed|[of] p1a: Okidogi\n|-damage|p1a: Okidogi|78/262|[from] ability: Liquid Ooze|[of] p2a: Swalot\n|upkeep\n|turn|5\n|\n|t:|1781388082\n|switch|p2a: Lokix|Lokix, L82, M|251/251\n|move|p1a: Okidogi|High Horsepower|p2a: Lokix\n|-resisted|p2a: Lokix\n|-damage|p2a: Lokix|211/251\n|\n|upkeep\n|turn|6\n|inactive|Battle timer is ON: inactive players will automatically lose when time's up. (requested by zrima)\n|\n|t:|1781388097\n|move|p2a: Lokix|First Impression|p1a: Okidogi\n|-resisted|p1a: Okidogi\n|-damage|p1a: Okidogi|28/262\n|move|p1a: Okidogi|Gunk Shot|p2a: Lokix|[miss]\n|-miss|p1a: Okidogi|p2a: Lokix\n|\n|upkeep\n|turn|7\n|\n|t:|1781388103\n|move|p2a: Lokix|Knock Off|p1a: Okidogi\n|-resisted|p1a: Okidogi\n|-damage|p1a: Okidogi|0 fnt\n|-enditem|p1a: Okidogi|Assault Vest|[from] move: Knock Off|[of] p2a: Lokix\n|faint|p1a: Okidogi\n|\n|upkeep\n|\n|t:|1781388114\n|switch|p1a: Wigglytuff|Wigglytuff, L96, F|424/424\n|turn|8\n|\n|t:|1781388120\n|move|p2a: Lokix|U-turn|p1a: Wigglytuff\n|-resisted|p1a: Wigglytuff\n|-damage|p1a: Wigglytuff|304/424\n|\n|t:|1781388136\n|switch|p2a: Swalot|Swalot, L90, F|226/326|[from] U-turn\n|move|p1a: Wigglytuff|Knock Off|p2a: Swalot\n|-damage|p2a: Swalot|158/326\n|-enditem|p2a: Swalot|Leftovers|[from] move: Knock Off|[of] p1a: Wigglytuff\n|\n|-heal|p1a: Wigglytuff|330/424|[from] item: Leftovers\n|upkeep\n|turn|9\n|\n|t:|1781388147\n|switch|p1a: Tentacruel|Tentacruel, L84, M|272/272\n|move|p2a: Swalot|Gunk Shot|p1a: Tentacruel\n|-resisted|p1a: Tentacruel\n|-damage|p1a: Tentacruel|201/272\n|\n|upkeep\n|turn|10\n|\n|t:|1781388154\n|move|p1a: Tentacruel|Surf|p2a: Swalot\n|-crit|p2a: Swalot\n|-damage|p2a: Swalot|31/326\n|move|p2a: Swalot|Earthquake|p1a: Tentacruel\n|-supereffective|p1a: Tentacruel\n|-damage|p1a: Tentacruel|39/272\n|\n|upkeep\n|turn|11\n|\n|t:|1781388161\n|move|p1a: Tentacruel|Flip Turn|p2a: Swalot\n|-damage|p2a: Swalot|0 fnt\n|faint|p2a: Swalot\n|\n|t:|1781388175\n|switch|p1a: Wigglytuff|Wigglytuff, L96, F|330/424|[from] Flip Turn\n|\n|-heal|p1a: Wigglytuff|356/424|[from] item: Leftovers\n|upkeep\n|\n|t:|1781388179\n|switch|p2a: Ariados|Ariados, L95, F|287/287\n|turn|12\n|\n|t:|1781388190\n|move|p1a: Wigglytuff|Fire Blast|p2a: Ariados\n|-supereffective|p2a: Ariados\n|-damage|p2a: Ariados|91/287\n|move|p2a: Ariados|Sticky Web|p1a: Wigglytuff\n|-sidestart|p1: zrima|move: Sticky Web\n|\n|-heal|p1a: Wigglytuff|382/424|[from] item: Leftovers\n|upkeep\n|turn|13\n|\n|t:|1781388202\n|switch|p2a: Comfey|Comfey, L85, M|225/225\n|move|p1a: Wigglytuff|Fire Blast|p2a: Comfey\n|-damage|p2a: Comfey|142/225\n|\n|-heal|p2a: Comfey|156/225|[from] item: Leftovers\n|-heal|p1a: Wigglytuff|408/424|[from] item: Leftovers\n|upkeep\n|turn|14\n|\n|t:|1781388212\n|switch|p1a: Tentacruel|Tentacruel, L84, M|39/272\n|-activate|p1a: Tentacruel|move: Sticky Web\n|-unboost|p1a: Tentacruel|spe|1\n|move|p2a: Comfey|Encore||[still]\n|-fail|p2a: Comfey\n|\n|-heal|p2a: Comfey|170/225|[from] item: Leftovers\n|upkeep\n|turn|15\n|\n|t:|1781388228\n|-terastallize|p2a: Comfey|Ground\n|move|p2a: Comfey|Tera Blast|p1a: Tentacruel|[anim] Tera Blast Ground\n|-supereffective|p1a: Tentacruel\n|-damage|p1a: Tentacruel|0 fnt\n|faint|p1a: Tentacruel\n|\n|-heal|p2a: Comfey|184/225|[from] item: Leftovers\n|upkeep\n|\n|t:|1781388248\n|switch|p1a: Whimsicott|Whimsicott, L84, M|198/238\n|-activate|p1a: Whimsicott|move: Sticky Web\n|-unboost|p1a: Whimsicott|spe|1\n|turn|16\n|\n|t:|1781388255\n|move|p2a: Comfey|Draining Kiss|p1a: Whimsicott\n|-damage|p1a: Whimsicott|138/238\n|-heal|p2a: Comfey|225/225|[from] drain|[of] p1a: Whimsicott\n|move|p1a: Whimsicott|Leech Seed|p2a: Comfey\n|-start|p2a: Comfey|move: Leech Seed\n|\n|-heal|p1a: Whimsicott|152/238|[from] item: Leftovers\n|-damage|p2a: Comfey|197/225|[from] Leech Seed|[of] p1a: Whimsicott\n|-heal|p1a: Whimsicott|180/238|[silent]\n|upkeep\n|turn|17\n|\n|t:|1781388269\n|move|p1a: Whimsicott|Substitute|p1a: Whimsicott\n|-start|p1a: Whimsicott|Substitute\n|-damage|p1a: Whimsicott|121/238\n|move|p2a: Comfey|Encore|p1a: Whimsicott\n|-start|p1a: Whimsicott|Encore\n|\n|-heal|p2a: Comfey|211/225|[from] item: Leftovers\n|-heal|p1a: Whimsicott|135/238|[from] item: Leftovers\n|-damage|p2a: Comfey|183/225|[from] Leech Seed|[of] p1a: Whimsicott\n|-heal|p1a: Whimsicott|163/238|[silent]\n|upkeep\n|turn|18\n|\n|t:|1781388298\n|switch|p2a: Ariados|Ariados, L95, F|91/287\n|switch|p1a: Wigglytuff|Wigglytuff, L96, F|408/424\n|-activate|p1a: Wigglytuff|move: Sticky Web\n|-unboost|p1a: Wigglytuff|spe|1\n|-ability|p1a: Wigglytuff|Competitive|boost\n|-boost|p1a: Wigglytuff|spa|2\n|\n|-heal|p1a: Wigglytuff|424/424|[from] item: Leftovers\n|upkeep\n|turn|19\n|\n|t:|1781388319\n|switch|p1a: Porygon-Z|Porygon-Z, L83|277/277\n|-activate|p1a: Porygon-Z|move: Sticky Web\n|-unboost|p1a: Porygon-Z|spe|1\n|move|p2a: Ariados|Poison Jab|p1a: Porygon-Z\n|-damage|p1a: Porygon-Z|157/277\n|\n|upkeep\n|turn|20\n|\n|t:|1781388342\n|move|p1a: Porygon-Z|Tri Attack|p2a: Ariados\n|-damage|p2a: Ariados|0 fnt\n|faint|p2a: Ariados\n|\n|upkeep\n|\n|t:|1781388348\n|switch|p2a: Annihilape|Annihilape, L76, F|292/292\n|turn|21\n|inactive|Fortre has 120 seconds left.\n|\n|t:|1781388369\n|switch|p1a: Wigglytuff|Wigglytuff, L96, F|424/424\n|-activate|p1a: Wigglytuff|move: Sticky Web\n|-unboost|p1a: Wigglytuff|spe|1\n|-ability|p1a: Wigglytuff|Competitive|boost\n|-boost|p1a: Wigglytuff|spa|2\n|move|p2a: Annihilape|Bulk Up|p2a: Annihilape\n|-boost|p2a: Annihilape|atk|1\n|-boost|p2a: Annihilape|def|1\n|\n|upkeep\n|turn|22\n|\n|t:|1781388382\n|move|p2a: Annihilape|Drain Punch|p1a: Wigglytuff\n|-damage|p1a: Wigglytuff|276/424\n|move|p1a: Wigglytuff|Thunder Wave|p2a: Annihilape\n|-status|p2a: Annihilape|par\n|\n|-heal|p1a: Wigglytuff|302/424|[from] item: Leftovers\n|upkeep\n|turn|23\n|\n|t:|1781388386\n|move|p1a: Wigglytuff|Dazzling Gleam|p2a: Annihilape\n|-supereffective|p2a: Annihilape\n|-damage|p2a: Annihilape|0 fnt\n|faint|p2a: Annihilape\n|\n|-heal|p1a: Wigglytuff|328/424|[from] item: Leftovers\n|upkeep\n|\n|t:|1781388390\n|switch|p2a: Dugtrio|Dugtrio, L84, F|196/196\n|turn|24\n|\n|t:|1781388393\n|move|p2a: Dugtrio|Earthquake|p1a: Wigglytuff\n|-damage|p1a: Wigglytuff|190/424\n|move|p1a: Wigglytuff|Dazzling Gleam|p2a: Dugtrio\n|-enditem|p2a: Dugtrio|Focus Sash\n|-damage|p2a: Dugtrio|1/196\n|\n|-heal|p1a: Wigglytuff|216/424|[from] item: Leftovers\n|upkeep\n|turn|25\n|\n|t:|1781388399\n|move|p2a: Dugtrio|Earthquake|p1a: Wigglytuff\n|-damage|p1a: Wigglytuff|59/424\n|move|p1a: Wigglytuff|Dazzling Gleam|p2a: Dugtrio\n|-damage|p2a: Dugtrio|0 fnt\n|faint|p2a: Dugtrio\n|\n|-heal|p1a: Wigglytuff|85/424|[from] item: Leftovers\n|upkeep\n|\n|t:|1781388403\n|switch|p2a: Lokix|Lokix, L82, M|211/251\n|turn|26\n|\n|t:|1781388427\n|move|p2a: Lokix|Knock Off|p1a: Wigglytuff\n|-resisted|p1a: Wigglytuff\n|-damage|p1a: Wigglytuff|0 fnt\n|-enditem|p1a: Wigglytuff|Leftovers|[from] move: Knock Off|[of] p2a: Lokix\n|faint|p1a: Wigglytuff\n|\n|upkeep\n|inactive|zrima has 120 seconds left.\n|\n|t:|1781388464\n|switch|p1a: Porygon-Z|Porygon-Z, L83|157/277\n|-activate|p1a: Porygon-Z|move: Sticky Web\n|-unboost|p1a: Porygon-Z|spe|1\n|turn|27\n|l|\u2606Fortre\n|inactive|Fortre disconnected and has a minute to reconnect!\n|player|p2|\n|j|\u2606Fortre\n|inactive|Fortre reconnected and has 145 seconds left.\n|player|p2|Fortre|1|\n|\n|t:|1781388485\n|move|p2a: Lokix|U-turn|p1a: Porygon-Z\n|-damage|p1a: Porygon-Z|58/277\n|\n|t:|1781388491\n|switch|p2a: Comfey|Comfey, L85, M, tera:Ground|183/225|[from] U-turn\n|move|p1a: Porygon-Z|Tri Attack|p2a: Comfey\n|-damage|p2a: Comfey|61/225\n|\n|-heal|p2a: Comfey|75/225|[from] item: Leftovers\n|upkeep\n|turn|28\n|\n|t:|1781388498\n|switch|p1a: Whimsicott|Whimsicott, L84, M|163/238\n|-activate|p1a: Whimsicott|move: Sticky Web\n|-unboost|p1a: Whimsicott|spe|1\n|move|p2a: Comfey|Tera Blast|p1a: Whimsicott|[anim] Tera Blast Ground\n|-resisted|p1a: Whimsicott\n|-damage|p1a: Whimsicott|116/238\n|\n|-heal|p2a: Comfey|89/225|[from] item: Leftovers\n|-heal|p1a: Whimsicott|130/238|[from] item: Leftovers\n|upkeep\n|turn|29\n|inactive|zrima has 90 seconds left.\n|\n|t:|1781388529\n|move|p2a: Comfey|Draining Kiss|p1a: Whimsicott\n|-damage|p1a: Whimsicott|79/238\n|-heal|p2a: Comfey|127/225|[from] drain|[of] p1a: Whimsicott\n|move|p1a: Whimsicott|Encore|p2a: Comfey\n|-start|p2a: Comfey|Encore\n|\n|-heal|p2a: Comfey|141/225|[from] item: Leftovers\n|-heal|p1a: Whimsicott|93/238|[from] item: Leftovers\n|upkeep\n|turn|30\n|inactive|zrima has 90 seconds left.\n|\n|t:|1781388558\n|-terastallize|p1a: Whimsicott|Poison\n|move|p2a: Comfey|Draining Kiss|p1a: Whimsicott\n|-resisted|p1a: Whimsicott\n|-damage|p1a: Whimsicott|64/238\n|-heal|p2a: Comfey|163/225|[from] drain|[of] p1a: Whimsicott\n|move|p1a: Whimsicott|Leech Seed|p2a: Comfey\n|-start|p2a: Comfey|move: Leech Seed\n|\n|-heal|p2a: Comfey|177/225|[from] item: Leftovers\n|-heal|p1a: Whimsicott|78/238|[from] item: Leftovers\n|-damage|p2a: Comfey|149/225|[from] Leech Seed|[of] p1a: Whimsicott\n|-heal|p1a: Whimsicott|106/238|[silent]\n|upkeep\n|turn|31\n|\n|t:|1781388579\n|switch|p2a: Lokix|Lokix, L82, M|211/251\n|move|p1a: Whimsicott|Moonblast|p2a: Lokix\n|-supereffective|p2a: Lokix\n|-damage|p2a: Lokix|0 fnt\n|faint|p2a: Lokix\n|\n|-heal|p1a: Whimsicott|120/238|[from] item: Leftovers\n|upkeep\n|\n|t:|1781388581\n|switch|p2a: Comfey|Comfey, L85, M, tera:Ground|149/225\n|turn|32\n|inactive|zrima has 90 seconds left.\n|\n|t:|1781388596\n|move|p2a: Comfey|Tera Blast|p1a: Whimsicott|[anim] Tera Blast Ground\n|-supereffective|p1a: Whimsicott\n|-damage|p1a: Whimsicott|0 fnt\n|faint|p1a: Whimsicott\n|\n|-heal|p2a: Comfey|163/225|[from] item: Leftovers\n|upkeep\n|\n|t:|1781388608\n|switch|p1a: Shiftry|Shiftry, L89, F|223/305\n|-activate|p1a: Shiftry|move: Sticky Web\n|-unboost|p1a: Shiftry|spe|1\n|turn|33\n|\n|t:|1781388612\n|move|p2a: Comfey|Draining Kiss|p1a: Shiftry\n|-supereffective|p1a: Shiftry\n|-damage|p1a: Shiftry|109/305\n|-heal|p2a: Comfey|225/225|[from] drain|[of] p1a: Shiftry\n|move|p1a: Shiftry|Leaf Storm|p2a: Comfey\n|-supereffective|p2a: Comfey\n|-damage|p2a: Comfey|0 fnt\n|-unboost|p1a: Shiftry|spa|2\n|faint|p2a: Comfey\n|\n|win|zrima\n", "inputlog": ">version a8376a258c1d4662feba110a92103f3664a72141\n>start {\"formatid\":\"gen9randombattle\",\"seed\":\"sodium,0fe66b9a780c3249dc61754b4930fa02\",\"rated\":\"Rated battle\"}\n>player p1 {\"name\":\"zrima\",\"avatar\":\"acetrainerf-gen4dp\",\"rating\":2053,\"seed\":\"sodium,a8c82cfc8f5ad606a76057aeca2716c8\"}\n>player p2 {\"name\":\"Fortre\",\"avatar\":\"1\",\"rating\":2023,\"seed\":\"sodium,1649daccf4c3f0bc1cc64229b45aac12\"}\n>p1 move leechseed\n>p2 switch 2\n>chat \u2606Fortre|Lets gooooo Brasil \n>p1 switch 4\n>p2 move gunkshot\n>p1 switch 3\n>p2 move knockoff\n>p1 switch 3\n>p2 move gunkshot\n>p1 move highhorsepower\n>p2 switch 6\n>p1 move gunkshot\n>p2 move firstimpression\n>p1 move gunkshot\n>p2 move knockoff\n>p1 switch 2\n>p1 move knockoff\n>p2 move uturn\n>p2 switch 6\n>p1 switch 5\n>p2 move gunkshot\n>p1 move surf\n>p2 move earthquake\n>p1 move flipturn\n>p2 move knockoff\n>p1 switch 5\n>p2 switch 4\n>p1 move fireblast\n>p2 move stickyweb\n>p1 move fireblast\n>p2 switch 5\n>p1 switch 5\n>p2 move encore\n>p1 move rapidspin\n>p2 move terablast terastallize\n>p1 switch 4\n>p1 move leechseed\n>p2 move drainingkiss\n>p1 move substitute\n>p2 move encore\n>p1 switch 5\n>p2 switch 5\n>p1 switch 6\n>p2 move poisonjab\n>p1 move triattack\n>p2 move megahorn\n>p2 switch 3\n>p1 switch 6\n>p2 move bulkup\n>p1 move thunderwave\n>p2 move drainpunch\n>p1 move dazzlinggleam\n>p2 move drainpunch\n>p2 switch 2\n>p1 move dazzlinggleam\n>p2 move earthquake\n>p1 move dazzlinggleam\n>p2 move earthquake\n>p2 switch 6\n>p1 move dazzlinggleam\n>p2 move knockoff\n>p1 switch 6\n>p1 move triattack\n>p2 move uturn\n>p2 switch 5\n>p1 switch 5\n>p2 move terablast\n>p1 move encore\n>p2 move drainingkiss\n>p1 move leechseed terastallize\n>p2 move drainingkiss\n>p1 move moonblast\n>p2 switch 5\n>p2 switch 5\n>p1 move moonblast\n>p2 move terablast\n>p1 switch 3\n>p1 move leafstorm\n>p2 move drainingkiss", "uploadtime": 1781387983, "views": 7, "formatid": "gen9randombattle", "rating": null, "private": 0, "password": null}