{"id": "gen9randombattle-2631478123", "format": "[Gen 9] Random Battle", "players": ["Ilovescaldburns", "fortnitekid1212"], "log": "|j|\u2606Ilovescaldburns\n|j|\u2606fortnitekid1212\n|t:|1781389897\n|gametype|singles\n|player|p1|Ilovescaldburns|#wcapiargentina|1944\n|player|p2|fortnitekid1212|169|1985\n|gen|9\n|tier|[Gen 9] Random Battle\n|rated|\n|rule|Species Clause: Limit one of each Pok\u00e9mon\n|rule|HP Percentage Mod: HP is shown in percentages\n|rule|Sleep Clause Mod: Limit one foe put to sleep\n|rule|Illusion Level Mod: Illusion disguises the Pok\u00e9mon's true level\n|\n|t:|1781389897\n|teamsize|p1|6\n|teamsize|p2|6\n|start\n|switch|p1a: Rabsca|Rabsca, L91, M|284/284\n|switch|p2a: Camerupt|Camerupt, L91, M|275/275\n|turn|1\n|inactive|Battle timer is ON: inactive players will automatically lose when time's up. (requested by Ilovescaldburns)\n|l|\u2606fortnitekid1212\n|inactive|fortnitekid1212 disconnected and has a minute to reconnect!\n|player|p2|\n|j|\u2606fortnitekid1212\n|inactive|fortnitekid1212 reconnected and has 135 seconds left.\n|player|p2|fortnitekid1212|169|\n|\n|t:|1781389927\n|switch|p1a: Luvdisc|Luvdisc, F|247/247\n|move|p2a: Camerupt|Overheat|p1a: Luvdisc\n|-resisted|p1a: Luvdisc\n|-damage|p1a: Luvdisc|160/247\n|-unboost|p2a: Camerupt|spa|2\n|\n|upkeep\n|turn|2\n|\n|t:|1781389953\n|move|p1a: Luvdisc|Whirlpool|p2a: Camerupt\n|-supereffective|p2a: Camerupt\n|-damage|p2a: Camerupt|185/275\n|-activate|p2a: Camerupt|move: Whirlpool|[of] p1a: Luvdisc\n|move|p2a: Camerupt|Stealth Rock|p1a: Luvdisc\n|-sidestart|p1: Ilovescaldburns|move: Stealth Rock\n|\n|-heal|p2a: Camerupt|202/275|[from] item: Leftovers\n|-damage|p2a: Camerupt|168/275|[from] move: Whirlpool|[partiallytrapped]\n|upkeep\n|turn|3\n|\n|t:|1781389958\n|move|p1a: Luvdisc|Surf|p2a: Camerupt\n|-supereffective|p2a: Camerupt\n|-damage|p2a: Camerupt|0 fnt\n|faint|p2a: Camerupt\n|\n|upkeep\n|\n|t:|1781389967\n|switch|p2a: Tatsugiri|Tatsugiri, L87, F|260/260\n|turn|4\n|\n|t:|1781389987\n|move|p1a: Luvdisc|Substitute|p1a: Luvdisc\n|-start|p1a: Luvdisc|Substitute\n|-damage|p1a: Luvdisc|99/247\n|move|p2a: Tatsugiri|Rapid Spin|p1a: Luvdisc\n|-activate|p1a: Luvdisc|move: Substitute|[damage]\n|-boost|p2a: Tatsugiri|spe|1\n|\n|upkeep\n|turn|5\n|\n|t:|1781389991\n|move|p2a: Tatsugiri|Rapid Spin|p1a: Luvdisc\n|-activate|p1a: Luvdisc|move: Substitute|[damage]\n|-boost|p2a: Tatsugiri|spe|1\n|move|p1a: Luvdisc|Endeavor|p2a: Tatsugiri\n|-damage|p2a: Tatsugiri|99/260\n|\n|upkeep\n|turn|6\n|\n|t:|1781389998\n|move|p2a: Tatsugiri|Nasty Plot|p2a: Tatsugiri\n|-boost|p2a: Tatsugiri|spa|2\n|move|p1a: Luvdisc|Substitute|p1a: Luvdisc\n|-fail|p1a: Luvdisc|move: Substitute\n|\n|upkeep\n|turn|7\n|\n|t:|1781390005\n|move|p2a: Tatsugiri|Nasty Plot|p2a: Tatsugiri\n|-boost|p2a: Tatsugiri|spa|2\n|move|p1a: Luvdisc|Substitute|p1a: Luvdisc\n|-fail|p1a: Luvdisc|move: Substitute\n|\n|upkeep\n|turn|8\n|inactive|Ilovescaldburns has 120 seconds left.\n|\n|t:|1781390048\n|move|p2a: Tatsugiri|Nasty Plot|p2a: Tatsugiri\n|-boost|p2a: Tatsugiri|spa|2\n|move|p1a: Luvdisc|Endeavor|p2a: Tatsugiri\n|-immune|p2a: Tatsugiri\n|\n|upkeep\n|turn|9\n|\n|t:|1781390053\n|move|p2a: Tatsugiri|Rapid Spin|p1a: Luvdisc\n|-end|p1a: Luvdisc|Substitute\n|-boost|p2a: Tatsugiri|spe|1\n|move|p1a: Luvdisc|Substitute|p1a: Luvdisc\n|-start|p1a: Luvdisc|Substitute\n|-damage|p1a: Luvdisc|38/247\n|\n|upkeep\n|turn|10\n|\n|t:|1781390063\n|move|p2a: Tatsugiri|Rapid Spin|p1a: Luvdisc\n|-activate|p1a: Luvdisc|move: Substitute|[damage]\n|-boost|p2a: Tatsugiri|spe|1\n|move|p1a: Luvdisc|Endeavor|p2a: Tatsugiri\n|-damage|p2a: Tatsugiri|38/260\n|\n|upkeep\n|turn|11\n|-message|Ilovescaldburns forfeited.\n|\n|win|fortnitekid1212\n", "inputlog": ">version a8376a258c1d4662feba110a92103f3664a72141\n>start {\"formatid\":\"gen9randombattle\",\"seed\":\"sodium,03241cadf95b00c8f31ef0caab46b7e6\",\"rated\":\"Rated battle\"}\n>player p1 {\"name\":\"Ilovescaldburns\",\"avatar\":\"#wcapiargentina\",\"rating\":1944,\"seed\":\"sodium,5908c92dbbf34cf228f978aea3396594\"}\n>player p2 {\"name\":\"fortnitekid1212\",\"avatar\":\"169\",\"rating\":1985,\"seed\":\"sodium,cd218cc428bef82ec48da2aaa26634b2\"}\n>p1 switch 2\n>p2 move overheat\n>p1 move whirlpool\n>p2 move stealthrock\n>p1 move surf\n>p2 move earthquake\n>p2 switch 6\n>p1 move substitute\n>p2 move rapidspin\n>p1 move endeavor\n>p2 move rapidspin\n>p1 move substitute\n>p2 move nastyplot\n>p1 move substitute\n>p2 move nastyplot\n>p1 move endeavor\n>p2 move nastyplot\n>p1 move substitute\n>p2 move rapidspin\n>p1 move endeavor\n>p2 move rapidspin\n>forcelose p1", "uploadtime": 1781389899, "views": 5, "formatid": "gen9randombattle", "rating": null, "private": 0, "password": null}