{"id": "gen9randombattle-2631393281", "format": "[Gen 9] Random Battle", "players": ["DikkeBende", "marper8"], "log": "|j|\u2606DikkeBende\n|j|\u2606marper8\n|t:|1781379325\n|gametype|singles\n|player|p1|DikkeBende|biker-gen4|2169\n|player|p2|marper8|102|2232\n|gen|9\n|tier|[Gen 9] Random Battle\n|rated|\n|rule|Species Clause: Limit one of each Pok\u00e9mon\n|rule|HP Percentage Mod: HP is shown in percentages\n|rule|Sleep Clause Mod: Limit one foe put to sleep\n|rule|Illusion Level Mod: Illusion disguises the Pok\u00e9mon's true level\n|\n|t:|1781379325\n|teamsize|p1|6\n|teamsize|p2|6\n|start\n|switch|p1a: Rhyperior|Rhyperior, L82, F|323/323\n|switch|p2a: Iron Jugulis|Iron Jugulis, L77|271/271\n|turn|1\n|inactive|Battle timer is ON: inactive players will automatically lose when time's up. (requested by DikkeBende)\n|\n|t:|1781379340\n|-end|p2a: Iron Jugulis|Quark Drive|[silent]\n|switch|p2a: Basculin|Basculin-Blue-Striped, L86, M|261/261\n|move|p1a: Rhyperior|Dragon Tail|p2a: Basculin|[miss]\n|-miss|p1a: Rhyperior|p2a: Basculin\n|\n|upkeep\n|turn|2\n|\n|t:|1781379348\n|switch|p1a: Toxapex|Toxapex, L82, M|216/216\n|move|p2a: Basculin|Flip Turn|p1a: Toxapex\n|-resisted|p1a: Toxapex\n|-damage|p1a: Toxapex|173/216\n|-damage|p2a: Basculin|218/261|[from] item: Rocky Helmet|[of] p1a: Toxapex\n|\n|t:|1781379350\n|switch|p2a: Raging Bolt|Raging Bolt, L78|323/323|[from] Flip Turn\n|\n|upkeep\n|turn|3\n|\n|t:|1781379362\n|move|p2a: Raging Bolt|Thunderbolt|p1a: Toxapex\n|-supereffective|p1a: Toxapex\n|-damage|p1a: Toxapex|33/216\n|move|p1a: Toxapex|Toxic|p2a: Raging Bolt\n|-status|p2a: Raging Bolt|tox\n|\n|-damage|p2a: Raging Bolt|303/323 tox|[from] psn\n|upkeep\n|turn|4\n|\n|t:|1781379369\n|switch|p1a: Rhyperior|Rhyperior, L82, F|323/323\n|move|p2a: Raging Bolt|Calm Mind|p2a: Raging Bolt\n|-boost|p2a: Raging Bolt|spa|1\n|-boost|p2a: Raging Bolt|spd|1\n|\n|-heal|p2a: Raging Bolt|323/323 tox|[from] item: Leftovers\n|-damage|p2a: Raging Bolt|283/323 tox|[from] psn\n|upkeep\n|turn|5\n|\n|t:|1781379381\n|move|p2a: Raging Bolt|Draco Meteor|p1a: Rhyperior\n|-damage|p1a: Rhyperior|91/323\n|-unboost|p2a: Raging Bolt|spa|2\n|move|p1a: Rhyperior|Earthquake|p2a: Raging Bolt\n|-supereffective|p2a: Raging Bolt\n|-damage|p2a: Raging Bolt|7/323 tox\n|\n|-heal|p2a: Raging Bolt|27/323 tox|[from] item: Leftovers\n|-damage|p2a: Raging Bolt|0 fnt|[from] psn\n|faint|p2a: Raging Bolt\n|-end|p2a: Raging Bolt|Protosynthesis|[silent]\n|upkeep\n|\n|t:|1781379383\n|switch|p2a: Basculin|Basculin-Blue-Striped, L86, M|218/261\n|turn|6\n|\n|t:|1781379396\n|switch|p1a: Dragalge|Dragalge, L88, F|258/258\n|move|p2a: Basculin|Flip Turn|p1a: Dragalge\n|-resisted|p1a: Dragalge\n|-damage|p1a: Dragalge|200/258\n|\n|t:|1781379399\n|switch|p2a: Slaking|Slaking, L84, M|389/389|[from] Flip Turn\n|\n|upkeep\n|turn|7\n|\n|t:|1781379410\n|switch|p1a: Rhyperior|Rhyperior, L82, F|91/323\n|move|p2a: Slaking|Earthquake|p1a: Rhyperior\n|-supereffective|p1a: Rhyperior\n|-damage|p1a: Rhyperior|0 fnt\n|faint|p1a: Rhyperior\n|\n|upkeep\n|\n|t:|1781379425\n|switch|p1a: Toxapex|Toxapex, L82, M|105/216\n|turn|8\n|\n|t:|1781379429\n|switch|p2a: Iron Jugulis|Iron Jugulis, L77|271/271\n|move|p1a: Toxapex|Toxic|p2a: Iron Jugulis\n|-status|p2a: Iron Jugulis|tox\n|\n|-damage|p2a: Iron Jugulis|255/271 tox|[from] psn\n|upkeep\n|turn|9\n|\n|t:|1781379439\n|switch|p1a: Porygon2|Porygon2, L81|270/270\n|-ability|p1a: Porygon2|Download|boost\n|-boost|p1a: Porygon2|spa|1\n|move|p2a: Iron Jugulis|Meteor Beam||[still]\n|-prepare|p2a: Iron Jugulis|Meteor Beam\n|-boost|p2a: Iron Jugulis|spa|1\n|-enditem|p2a: Iron Jugulis|Power Herb\n|-anim|p2a: Iron Jugulis|Meteor Beam|p1a: Porygon2\n|-damage|p1a: Porygon2|181/270\n|\n|-damage|p2a: Iron Jugulis|223/271 tox|[from] psn\n|upkeep\n|turn|10\n|\n|t:|1781379448\n|move|p2a: Iron Jugulis|Dark Pulse|p1a: Porygon2\n|-damage|p1a: Porygon2|93/270\n|cant|p1a: Porygon2|flinch\n|\n|-damage|p2a: Iron Jugulis|175/271 tox|[from] psn\n|upkeep\n|turn|11\n|\n|t:|1781379453\n|move|p2a: Iron Jugulis|Hurricane|p1a: Porygon2\n|-damage|p1a: Porygon2|0 fnt\n|faint|p1a: Porygon2\n|\n|-damage|p2a: Iron Jugulis|111/271 tox|[from] psn\n|upkeep\n|c|\u2606DikkeBende|love a fuckin hax\n|\n|t:|1781379466\n|switch|p1a: Greninja|Greninja, L80, M|246/246\n|turn|12\n|\n|t:|1781379470\n|move|p1a: Greninja|Ice Beam|p2a: Iron Jugulis\n|-start|p1a: Greninja|typechange|Ice|[from] ability: Protean\n|-supereffective|p2a: Iron Jugulis\n|-damage|p2a: Iron Jugulis|0 fnt\n|faint|p2a: Iron Jugulis\n|-end|p2a: Iron Jugulis|Quark Drive|[silent]\n|-damage|p1a: Greninja|222/246|[from] item: Life Orb\n|\n|upkeep\n|\n|t:|1781379474\n|switch|p2a: Basculin|Basculin-Blue-Striped, L86, M|218/261\n|turn|13\n|\n|t:|1781379489\n|switch|p1a: Toxapex|Toxapex, L82, M|177/216\n|move|p2a: Basculin|Double-Edge|p1a: Toxapex\n|-damage|p1a: Toxapex|91/216\n|-damage|p2a: Basculin|175/261|[from] item: Rocky Helmet|[of] p1a: Toxapex\n|-damage|p2a: Basculin|147/261|[from] Recoil\n|\n|upkeep\n|turn|14\n|\n|t:|1781379497\n|switch|p2a: Slaking|Slaking, L84, M|389/389\n|move|p1a: Toxapex|Toxic|p2a: Slaking\n|-status|p2a: Slaking|tox\n|\n|-damage|p2a: Slaking|365/389 tox|[from] psn\n|upkeep\n|turn|15\n|\n|t:|1781379512\n|switch|p1a: Dragalge|Dragalge, L88, F|200/258\n|move|p2a: Slaking|Double-Edge|p1a: Dragalge\n|-damage|p1a: Dragalge|0 fnt\n|faint|p1a: Dragalge\n|-damage|p2a: Slaking|299/389 tox|[from] Recoil\n|\n|-damage|p2a: Slaking|251/389 tox|[from] psn\n|upkeep\n|\n|t:|1781379521\n|switch|p1a: Greninja|Greninja, L80, M|222/246\n|turn|16\n|\n|t:|1781379527\n|switch|p2a: Basculin|Basculin-Blue-Striped, L86, M|147/261\n|move|p1a: Greninja|Gunk Shot|p2a: Basculin\n|-start|p1a: Greninja|typechange|Poison|[from] ability: Protean\n|-damage|p2a: Basculin|0 fnt\n|faint|p2a: Basculin\n|-damage|p1a: Greninja|198/246|[from] item: Life Orb\n|\n|upkeep\n|\n|t:|1781379530\n|switch|p2a: Mimikyu|Mimikyu, L79, F|216/216\n|turn|17\n|\n|t:|1781379540\n|move|p1a: Greninja|Ice Beam|p2a: Mimikyu\n|-activate|p2a: Mimikyu|ability: Disguise\n|-damage|p2a: Mimikyu|216/216\n|detailschange|p2a: Mimikyu|Mimikyu-Busted, L79, F\n|-damage|p2a: Mimikyu|189/216|[from] pokemon: Mimikyu-Busted\n|-damage|p1a: Greninja|174/246|[from] item: Life Orb\n|move|p2a: Mimikyu|Shadow Claw|p1a: Greninja\n|-damage|p1a: Greninja|73/246\n|-damage|p2a: Mimikyu|168/216|[from] item: Life Orb\n|\n|upkeep\n|turn|18\n|\n|t:|1781379553\n|switch|p1a: Toxapex|Toxapex, L82, M|163/216\n|move|p2a: Mimikyu|Shadow Claw|p1a: Toxapex\n|-damage|p1a: Toxapex|108/216\n|-damage|p2a: Mimikyu|132/216|[from] item: Rocky Helmet|[of] p1a: Toxapex\n|-damage|p2a: Mimikyu|111/216|[from] item: Life Orb\n|\n|upkeep\n|turn|19\n|\n|t:|1781379562\n|move|p2a: Mimikyu|Swords Dance|p2a: Mimikyu\n|-boost|p2a: Mimikyu|atk|2\n|move|p1a: Toxapex|Liquidation|p2a: Mimikyu\n|-damage|p2a: Mimikyu|33/216\n|\n|upkeep\n|turn|20\n|\n|t:|1781379568\n|move|p2a: Mimikyu|Shadow Claw|p1a: Toxapex\n|-damage|p1a: Toxapex|7/216\n|-damage|p2a: Mimikyu|0 fnt|[from] item: Rocky Helmet|[of] p1a: Toxapex\n|faint|p2a: Mimikyu\n|move|p1a: Toxapex|Recover|p1a: Toxapex\n|-heal|p1a: Toxapex|115/216\n|\n|upkeep\n|\n|t:|1781379572\n|switch|p2a: Slaking|Slaking, L84, M|251/389 tox\n|turn|21\n|\n|t:|1781379577\n|switch|p1a: Greninja|Greninja, L80, M|73/246\n|move|p2a: Slaking|Earthquake|p1a: Greninja\n|-damage|p1a: Greninja|0 fnt\n|faint|p1a: Greninja\n|\n|-damage|p2a: Slaking|227/389 tox|[from] psn\n|upkeep\n|\n|t:|1781379582\n|switch|p1a: Mewtwo|Mewtwo, L72|272/272\n|-ability|p1a: Mewtwo|Pressure\n|turn|22\n|\n|t:|1781379591\n|move|p1a: Mewtwo|Nasty Plot|p1a: Mewtwo\n|-boost|p1a: Mewtwo|spa|2\n|cant|p2a: Slaking|ability: Truant\n|\n|-damage|p2a: Slaking|179/389 tox|[from] psn\n|upkeep\n|turn|23\n|\n|t:|1781379599\n|move|p1a: Mewtwo|Psystrike|p2a: Slaking\n|-damage|p2a: Slaking|0 fnt\n|faint|p2a: Slaking\n|-damage|p1a: Mewtwo|245/272|[from] item: Life Orb\n|\n|upkeep\n|\n|t:|1781379601\n|switch|p2a: Eiscue|Eiscue, L88, M|274/274\n|turn|24\n|\n|t:|1781379610\n|move|p1a: Mewtwo|Aura Sphere|p2a: Eiscue\n|-supereffective|p2a: Eiscue\n|-damage|p2a: Eiscue|1/274\n|-enditem|p2a: Eiscue|Sitrus Berry|[eat]\n|-heal|p2a: Eiscue|69/274|[from] item: Sitrus Berry\n|-damage|p1a: Mewtwo|218/272|[from] item: Life Orb\n|move|p2a: Eiscue|Belly Drum||[still]\n|-fail|p2a: Eiscue\n|\n|upkeep\n|turn|25\n|\n|t:|1781379621\n|move|p1a: Mewtwo|Aura Sphere|p2a: Eiscue\n|-supereffective|p2a: Eiscue\n|-damage|p2a: Eiscue|0 fnt\n|faint|p2a: Eiscue\n|-damage|p1a: Mewtwo|191/272|[from] item: Life Orb\n|\n|win|DikkeBende\n", "inputlog": ">version a8376a258c1d4662feba110a92103f3664a72141\n>start {\"formatid\":\"gen9randombattle\",\"seed\":\"sodium,47294f1a0fdffa67616f90e023858493\",\"rated\":\"Rated battle\"}\n>player p1 {\"name\":\"DikkeBende\",\"avatar\":\"biker-gen4\",\"rating\":2169,\"seed\":\"sodium,920fe446ab1c9ad2da0d4f41d6c7b4b8\"}\n>player p2 {\"name\":\"marper8\",\"avatar\":\"102\",\"rating\":2232,\"seed\":\"sodium,bd54b8a83bb69ce29743e56d41f4d9a6\"}\n>p1 move dragontail\n>p2 switch 6\n>p1 switch 2\n>p2 move flipturn\n>p2 switch 4\n>p1 move toxic\n>p2 move thunderbolt\n>p1 switch 2\n>p2 move calmmind\n>p1 move earthquake\n>p2 move dracometeor\n>p2 switch 4\n>p1 switch 3\n>p2 move flipturn\n>p2 switch 3\n>p1 switch 3\n>p2 move earthquake\n>p1 switch 2\n>p1 move toxic\n>p2 switch 6\n>p1 switch 6\n>p2 move meteorbeam\n>p1 move recover\n>p2 move darkpulse\n>p1 move recover\n>p2 move hurricane\n>chat \u2606DikkeBende|love a fuckin hax\n>p1 switch 5\n>p1 move icebeam\n>p2 move hurricane\n>p2 switch 3\n>p1 switch 6\n>p2 move doubleedge\n>p1 move toxic\n>p2 switch 6\n>p1 switch 3\n>p2 move doubleedge\n>p1 switch 6\n>p1 move gunkshot\n>p2 switch 6\n>p2 switch 2\n>p1 move icebeam\n>p2 move shadowclaw\n>p1 switch 3\n>p2 move shadowclaw\n>p1 move liquidation\n>p2 move swordsdance\n>p1 move recover\n>p2 move shadowclaw\n>p2 switch 6\n>p1 switch 3\n>p2 move earthquake\n>p1 switch 4\n>p1 move nastyplot\n>p2 move earthquake\n>p1 move psystrike\n>p2 move earthquake\n>p2 switch 5\n>p1 move aurasphere\n>p2 move bellydrum\n>p1 move aurasphere\n>p2 move icespinner", "uploadtime": 1781379327, "views": 10, "formatid": "gen9randombattle", "rating": null, "private": 0, "password": null}