{"id": "gen9randombattle-2632011981", "format": "[Gen 9] Random Battle", "players": ["NZQ", "chichi732"], "log": "|j|\u2606NZQ\n|j|\u2606chichi732\n|t:|1781465796\n|gametype|singles\n|player|p1|NZQ|265|2088\n|player|p2|chichi732|102|2238\n|gen|9\n|tier|[Gen 9] Random Battle\n|rated|\n|rule|Species Clause: Limit one of each Pok\u00e9mon\n|rule|HP Percentage Mod: HP is shown in percentages\n|rule|Sleep Clause Mod: Limit one foe put to sleep\n|rule|Illusion Level Mod: Illusion disguises the Pok\u00e9mon's true level\n|\n|t:|1781465796\n|teamsize|p1|6\n|teamsize|p2|6\n|start\n|switch|p1a: Barraskewda|Barraskewda, L81, M|231/231\n|switch|p2a: Drifblim|Drifblim, L86, M|396/396\n|turn|1\n|inactive|Battle timer is ON: inactive players will automatically lose when time's up. (requested by NZQ)\n|\n|t:|1781465876\n|move|p1a: Barraskewda|Flip Turn|p2a: Drifblim\n|-damage|p2a: Drifblim|213/396\n|\n|t:|1781465879\n|switch|p1a: Regieleki|Regieleki, L79|256/256|[from] Flip Turn\n|move|p2a: Drifblim|Calm Mind|p2a: Drifblim\n|-boost|p2a: Drifblim|spa|1\n|-boost|p2a: Drifblim|spd|1\n|\n|upkeep\n|turn|2\n|\n|t:|1781465883\n|switch|p2a: Sandy Shocks|Sandy Shocks, L80|267/267\n|move|p1a: Regieleki|Thunderbolt|p2a: Sandy Shocks\n|-immune|p2a: Sandy Shocks\n|\n|upkeep\n|turn|3\n|\n|t:|1781465893\n|switch|p1a: Ogerpon|Ogerpon-Hearthflame, L74, F|239/239\n|-ability|p1a: Ogerpon|Mold Breaker\n|move|p2a: Sandy Shocks|Spikes|p1a: Ogerpon\n|-sidestart|p1: NZQ|Spikes\n|\n|upkeep\n|turn|4\n|\n|t:|1781465911\n|-end|p2a: Sandy Shocks|Protosynthesis|[silent]\n|switch|p2a: Chandelure|Chandelure, L83, F|235/235\n|move|p1a: Ogerpon|Trailblaze|p2a: Chandelure\n|-resisted|p2a: Chandelure\n|-damage|p2a: Chandelure|208/235\n|-boost|p1a: Ogerpon|spe|1\n|\n|upkeep\n|turn|5\n|\n|t:|1781465923\n|switch|p1a: Barraskewda|Barraskewda, L81, M|231/231\n|-damage|p1a: Barraskewda|203/231|[from] Spikes\n|move|p2a: Chandelure|Shadow Ball|p1a: Barraskewda\n|-damage|p1a: Barraskewda|41/231\n|-unboost|p1a: Barraskewda|spd|1\n|\n|upkeep\n|turn|6\n|\n|t:|1781465934\n|switch|p2a: Drifblim|Drifblim, L86, M|213/396\n|move|p1a: Barraskewda|Waterfall|p2a: Drifblim\n|-damage|p2a: Drifblim|0 fnt\n|faint|p2a: Drifblim\n|\n|upkeep\n|\n|t:|1781465938\n|switch|p2a: Toedscruel|Toedscruel, L87, M|281/281\n|turn|7\n|\n|t:|1781465943\n|move|p1a: Barraskewda|Waterfall|p2a: Toedscruel\n|-damage|p2a: Toedscruel|98/281\n|move|p2a: Toedscruel|Rapid Spin|p1a: Barraskewda\n|-damage|p1a: Barraskewda|3/231\n|-boost|p2a: Toedscruel|spe|1\n|\n|-heal|p2a: Toedscruel|115/281|[from] item: Leftovers\n|upkeep\n|turn|8\n|\n|t:|1781465955\n|switch|p1a: Tsareena|Tsareena, L87, F|267/267\n|-damage|p1a: Tsareena|234/267|[from] Spikes\n|move|p2a: Toedscruel|Rapid Spin|p1a: Tsareena\n|-crit|p1a: Tsareena\n|-damage|p1a: Tsareena|189/267\n|-boost|p2a: Toedscruel|spe|1\n|\n|-heal|p2a: Toedscruel|132/281|[from] item: Leftovers\n|upkeep\n|turn|9\n|\n|t:|1781465960\n|switch|p2a: Chandelure|Chandelure, L83, F|208/235\n|move|p1a: Tsareena|Triple Axel|p2a: Chandelure\n|-resisted|p2a: Chandelure\n|-damage|p2a: Chandelure|195/235\n|-resisted|p2a: Chandelure\n|-damage|p2a: Chandelure|173/235\n|-hitcount|p2a: Chandelure|2\n|-damage|p1a: Tsareena|163/267|[from] item: Life Orb\n|\n|upkeep\n|turn|10\n|\n|t:|1781465965\n|move|p2a: Chandelure|Fire Blast|p1a: Tsareena\n|-supereffective|p1a: Tsareena\n|-damage|p1a: Tsareena|0 fnt\n|faint|p1a: Tsareena\n|\n|upkeep\n|\n|t:|1781465972\n|switch|p1a: Noctowl|Noctowl, L95, M|344/344\n|turn|11\n|\n|t:|1781465976\n|switch|p2a: Sandy Shocks|Sandy Shocks, L80|267/267\n|move|p1a: Noctowl|Nasty Plot|p1a: Noctowl\n|-boost|p1a: Noctowl|spa|2\n|\n|upkeep\n|turn|12\n|\n|t:|1781465992\n|move|p2a: Sandy Shocks|Thunderbolt|p1a: Noctowl\n|-supereffective|p1a: Noctowl\n|-damage|p1a: Noctowl|168/344\n|move|p1a: Noctowl|Hurricane|p2a: Sandy Shocks|[miss]\n|-miss|p1a: Noctowl|p2a: Sandy Shocks\n|\n|upkeep\n|turn|13\n|\n|t:|1781465998\n|-terastallize|p1a: Noctowl|Normal\n|move|p2a: Sandy Shocks|Thunderbolt|p1a: Noctowl\n|-damage|p1a: Noctowl|87/344\n|move|p1a: Noctowl|Roost|p1a: Noctowl\n|-heal|p1a: Noctowl|259/344\n|\n|upkeep\n|turn|14\n|\n|t:|1781466002\n|move|p2a: Sandy Shocks|Volt Switch|p1a: Noctowl\n|-damage|p1a: Noctowl|193/344\n|\n|t:|1781466005\n|-end|p2a: Sandy Shocks|Protosynthesis|[silent]\n|switch|p2a: Rampardos|Rampardos, L90, M|321/321|[from] Volt Switch\n|move|p1a: Noctowl|Roost|p1a: Noctowl\n|-heal|p1a: Noctowl|344/344\n|\n|upkeep\n|turn|15\n|\n|t:|1781466008\n|move|p2a: Rampardos|Head Smash|p1a: Noctowl\n|-damage|p1a: Noctowl|0 fnt\n|faint|p1a: Noctowl\n|-damage|p2a: Rampardos|149/321|[from] Recoil\n|\n|upkeep\n|\n|t:|1781466014\n|switch|p1a: Iron Treads|Iron Treads, L77|265/265\n|-damage|p1a: Iron Treads|232/265|[from] Spikes\n|turn|16\n|\n|t:|1781466019\n|switch|p2a: Chandelure|Chandelure, L83, F|173/235\n|move|p1a: Iron Treads|Stealth Rock|p2a: Chandelure\n|-sidestart|p2: chichi732|move: Stealth Rock\n|\n|-heal|p1a: Iron Treads|248/265|[from] item: Leftovers\n|upkeep\n|turn|17\n|\n|t:|1781466026\n|switch|p2a: Toedscruel|Toedscruel, L87, M|132/281\n|-damage|p2a: Toedscruel|115/281|[from] Stealth Rock\n|move|p1a: Iron Treads|Earthquake|p2a: Toedscruel\n|-resisted|p2a: Toedscruel\n|-damage|p2a: Toedscruel|52/281\n|\n|-heal|p2a: Toedscruel|69/281|[from] item: Leftovers\n|-heal|p1a: Iron Treads|264/265|[from] item: Leftovers\n|upkeep\n|turn|18\n|\n|t:|1781466032\n|move|p2a: Toedscruel|Earth Power|p1a: Iron Treads\n|-supereffective|p1a: Iron Treads\n|-damage|p1a: Iron Treads|54/265\n|move|p1a: Iron Treads|Iron Head|p2a: Toedscruel\n|-damage|p2a: Toedscruel|0 fnt\n|faint|p2a: Toedscruel\n|\n|-heal|p1a: Iron Treads|70/265|[from] item: Leftovers\n|upkeep\n|\n|t:|1781466039\n|switch|p2a: Rampardos|Rampardos, L90, M|149/321\n|-damage|p2a: Rampardos|109/321|[from] Stealth Rock\n|turn|19\n|\n|t:|1781466043\n|move|p2a: Rampardos|Earthquake|p1a: Iron Treads\n|-supereffective|p1a: Iron Treads\n|-damage|p1a: Iron Treads|0 fnt\n|faint|p1a: Iron Treads\n|-end|p1a: Iron Treads|Quark Drive|[silent]\n|\n|upkeep\n|\n|t:|1781466048\n|switch|p1a: Regieleki|Regieleki, L79|256/256\n|-damage|p1a: Regieleki|224/256|[from] Spikes\n|turn|20\n|inactive|chichi732 has 120 seconds left.\n|\n|t:|1781466094\n|move|p1a: Regieleki|Thunderbolt|p2a: Rampardos\n|-damage|p2a: Rampardos|0 fnt\n|faint|p2a: Rampardos\n|\n|upkeep\n|\n|t:|1781466098\n|switch|p2a: Chandelure|Chandelure, L83, F|173/235\n|turn|21\n|\n|t:|1781466105\n|move|p1a: Regieleki|Thunderbolt|p2a: Chandelure\n|-damage|p2a: Chandelure|49/235\n|move|p2a: Chandelure|Fire Blast|p1a: Regieleki\n|-damage|p1a: Regieleki|0 fnt\n|faint|p1a: Regieleki\n|\n|upkeep\n|\n|t:|1781466111\n|switch|p1a: Ogerpon|Ogerpon-Hearthflame, L74, F|239/239\n|-damage|p1a: Ogerpon|210/239|[from] Spikes\n|-ability|p1a: Ogerpon|Mold Breaker\n|turn|22\n|\n|t:|1781466115\n|move|p1a: Ogerpon|Ivy Cudgel|p2a: Chandelure|[anim] Ivy Cudgel Fire\n|-resisted|p2a: Chandelure\n|-damage|p2a: Chandelure|0 fnt\n|faint|p2a: Chandelure\n|\n|upkeep\n|\n|t:|1781466123\n|switch|p2a: Grimmsnarl|Grimmsnarl, L83, M|293/293\n|-damage|p2a: Grimmsnarl|257/293|[from] Stealth Rock\n|turn|23\n|\n|t:|1781466130\n|move|p2a: Grimmsnarl|Reflect|p2a: Grimmsnarl\n|-sidestart|p2: chichi732|Reflect\n|move|p1a: Ogerpon|Swords Dance|p1a: Ogerpon\n|-boost|p1a: Ogerpon|atk|2\n|\n|upkeep\n|turn|24\n|\n|t:|1781466132\n|move|p2a: Grimmsnarl|Thunder Wave|p1a: Ogerpon\n|-status|p1a: Ogerpon|par\n|move|p1a: Ogerpon|Trailblaze|p2a: Grimmsnarl\n|-damage|p2a: Grimmsnarl|184/293\n|-boost|p1a: Ogerpon|spe|1\n|\n|upkeep\n|turn|25\n|\n|t:|1781466142\n|move|p1a: Ogerpon|Trailblaze|p2a: Grimmsnarl\n|-damage|p2a: Grimmsnarl|108/293\n|-boost|p1a: Ogerpon|spe|1\n|move|p2a: Grimmsnarl|Spirit Break|p1a: Ogerpon\n|-resisted|p1a: Ogerpon\n|-damage|p1a: Ogerpon|157/239 par\n|-unboost|p1a: Ogerpon|spa|1\n|\n|upkeep\n|turn|26\n|\n|t:|1781466151\n|move|p1a: Ogerpon|Horn Leech|p2a: Grimmsnarl\n|-damage|p2a: Grimmsnarl|0 fnt\n|-heal|p1a: Ogerpon|211/239 par|[from] drain|[of] p2a: Grimmsnarl\n|faint|p2a: Grimmsnarl\n|\n|upkeep\n|\n|t:|1781466154\n|switch|p2a: Sandy Shocks|Sandy Shocks, L80|267/267\n|turn|27\n|\n|t:|1781466165\n|-terastallize|p2a: Sandy Shocks|Grass\n|move|p2a: Sandy Shocks|Earth Power|p1a: Ogerpon\n|-damage|p1a: Ogerpon|102/239 par\n|move|p1a: Ogerpon|Trailblaze|p2a: Sandy Shocks\n|-resisted|p2a: Sandy Shocks\n|-damage|p2a: Sandy Shocks|238/267\n|-boost|p1a: Ogerpon|spe|1\n|\n|upkeep\n|turn|28\n|\n|t:|1781466174\n|move|p1a: Ogerpon|Ivy Cudgel|p2a: Sandy Shocks|[anim] Ivy Cudgel Fire\n|-supereffective|p2a: Sandy Shocks\n|-damage|p2a: Sandy Shocks|28/267\n|move|p2a: Sandy Shocks|Earth Power|p1a: Ogerpon\n|-damage|p1a: Ogerpon|0 fnt\n|faint|p1a: Ogerpon\n|\n|upkeep\n|c|\u2606NZQ|gg\n|c|\u2606chichi732|gg\n|\n|t:|1781466182\n|switch|p1a: Barraskewda|Barraskewda, L81, M|3/231\n|-damage|p1a: Barraskewda|0 fnt|[from] Spikes\n|faint|p1a: Barraskewda\n|\n|win|chichi732\n", "inputlog": ">version a8376a258c1d4662feba110a92103f3664a72141\n>start {\"formatid\":\"gen9randombattle\",\"seed\":\"sodium,99340d9aa1ceec6ddb06c52658393012\",\"rated\":\"Rated battle\"}\n>player p1 {\"name\":\"NZQ\",\"avatar\":\"265\",\"rating\":2088,\"seed\":\"sodium,791414503fd667505bc9adee6a1c7a2a\"}\n>player p2 {\"name\":\"chichi732\",\"avatar\":\"102\",\"rating\":2238,\"seed\":\"sodium,02fa896daf22d5e2b38d7aae8eb1f564\"}\n>p1 move flipturn\n>p2 move calmmind\n>p1 switch 2\n>p1 move thunderbolt\n>p2 switch 4\n>p1 switch 3\n>p2 move spikes\n>p1 move trailblaze\n>p2 switch 3\n>p1 switch 2\n>p2 move shadowball\n>p1 move waterfall\n>p2 switch 4\n>p2 switch 2\n>p1 move waterfall\n>p2 move rapidspin\n>p1 switch 5\n>p2 move rapidspin\n>p1 move tripleaxel\n>p2 switch 4\n>p1 move powerwhip\n>p2 move fireblast\n>p1 switch 6\n>p1 move nastyplot\n>p2 switch 3\n>p1 move hurricane\n>p2 move thunderbolt\n>p1 move roost terastallize\n>p2 move thunderbolt\n>p1 move roost\n>p2 move voltswitch\n>p2 switch 6\n>p1 move hypervoice\n>p2 move headsmash\n>p1 switch 4\n>p1 move stealthrock\n>p2 switch 3\n>p1 move earthquake\n>p2 switch 4\n>p1 move ironhead\n>p2 move earthpower\n>p2 switch 3\n>p1 move earthquake\n>p2 move earthquake\n>p1 switch 3\n>p1 move thunderbolt\n>p2 move earthquake\n>p2 switch 4\n>p1 move thunderbolt\n>p2 move fireblast\n>p1 switch 2\n>p1 move ivycudgel\n>p2 move shadowball\n>p2 switch 5\n>p1 move swordsdance\n>p2 move reflect\n>p1 move trailblaze\n>p2 move thunderwave\n>p1 move trailblaze\n>p2 move spiritbreak\n>p1 move hornleech\n>p2 move spiritbreak\n>p2 switch 6\n>p1 move trailblaze\n>p2 move earthpower terastallize\n>p1 move ivycudgel\n>p2 move earthpower\n>chat \u2606NZQ|gg\n>chat \u2606chichi732|gg\n>p1 switch 5", "uploadtime": 1781465798, "views": 5, "formatid": "gen9randombattle", "rating": null, "private": 0, "password": null}