{"id": "gen9randombattle-2631573389", "format": "[Gen 9] Random Battle", "players": ["Hdhfihk", "letmebedeer"], "log": "|j|\u2606Hdhfihk\n|j|\u2606letmebedeer\n|t:|1781403179\n|gametype|singles\n|player|p1|Hdhfihk|169|1000\n|player|p2|letmebedeer|miku-ghost|1040\n|gen|9\n|tier|[Gen 9] Random Battle\n|rated|\n|rule|Species Clause: Limit one of each Pok\u00e9mon\n|rule|HP Percentage Mod: HP is shown in percentages\n|rule|Sleep Clause Mod: Limit one foe put to sleep\n|rule|Illusion Level Mod: Illusion disguises the Pok\u00e9mon's true level\n|\n|t:|1781403179\n|teamsize|p1|6\n|teamsize|p2|6\n|start\n|switch|p1a: Poliwrath|Poliwrath, L88, F|302/302\n|switch|p2a: Samurott|Samurott-Hisui, L77, F|265/265\n|turn|1\n|inactive|Battle timer is ON: inactive players will automatically lose when time's up. (requested by letmebedeer)\n|\n|t:|1781403193\n|switch|p2a: Quagsire|Quagsire, L84, M|297/297\n|move|p1a: Poliwrath|Close Combat|p2a: Quagsire\n|-damage|p2a: Quagsire|161/297\n|-unboost|p1a: Poliwrath|def|1\n|-unboost|p1a: Poliwrath|spd|1\n|\n|-heal|p2a: Quagsire|179/297|[from] item: Leftovers\n|upkeep\n|turn|2\n|\n|t:|1781403203\n|move|p1a: Poliwrath|Knock Off|p2a: Quagsire\n|-damage|p2a: Quagsire|109/297\n|-enditem|p2a: Quagsire|Leftovers|[from] move: Knock Off|[of] p1a: Poliwrath\n|move|p2a: Quagsire|Toxic|p1a: Poliwrath\n|-status|p1a: Poliwrath|tox\n|\n|-damage|p1a: Poliwrath|284/302 tox|[from] psn\n|upkeep\n|turn|3\n|\n|t:|1781403223\n|move|p2a: Quagsire|Recover|p2a: Quagsire\n|-heal|p2a: Quagsire|258/297\n|move|p1a: Poliwrath|Circle Throw|p2a: Quagsire\n|-crit|p2a: Quagsire\n|-damage|p2a: Quagsire|155/297\n|drag|p2a: Arboliva|Arboliva, L91, F|290/290\n|\n|-damage|p1a: Poliwrath|248/302 tox|[from] psn\n|upkeep\n|turn|4\n|\n|t:|1781403234\n|move|p1a: Poliwrath|Close Combat|p2a: Arboliva\n|-supereffective|p2a: Arboliva\n|-damage|p2a: Arboliva|32/290\n|-unboost|p1a: Poliwrath|def|1\n|-unboost|p1a: Poliwrath|spd|1\n|-fieldstart|move: Grassy Terrain|[from] ability: Seed Sower|[of] p2a: Arboliva\n|move|p2a: Arboliva|Energy Ball|p1a: Poliwrath\n|-supereffective|p1a: Poliwrath\n|-damage|p1a: Poliwrath|0 fnt\n|faint|p1a: Poliwrath\n|\n|-heal|p2a: Arboliva|50/290|[from] Grassy Terrain\n|-heal|p2a: Arboliva|68/290|[from] item: Leftovers\n|upkeep\n|\n|t:|1781403257\n|switch|p1a: Glastrier|Glastrier, L86|312/312\n|turn|5\n|\n|t:|1781403263\n|move|p2a: Arboliva|Strength Sap|p1a: Glastrier\n|-unboost|p1a: Glastrier|atk|1\n|-heal|p2a: Arboliva|290/290\n|move|p1a: Glastrier|Icicle Crash|p2a: Arboliva\n|-supereffective|p2a: Arboliva\n|-damage|p2a: Arboliva|116/290\n|\n|-heal|p2a: Arboliva|134/290|[from] Grassy Terrain\n|-heal|p2a: Arboliva|152/290|[from] item: Leftovers\n|upkeep\n|turn|6\n|\n|t:|1781403274\n|move|p2a: Arboliva|Strength Sap|p1a: Glastrier\n|-unboost|p1a: Glastrier|atk|1\n|-heal|p2a: Arboliva|290/290\n|move|p1a: Glastrier|Icicle Crash|p2a: Arboliva\n|-supereffective|p2a: Arboliva\n|-damage|p2a: Arboliva|168/290\n|\n|-heal|p2a: Arboliva|186/290|[from] Grassy Terrain\n|-heal|p2a: Arboliva|204/290|[from] item: Leftovers\n|upkeep\n|turn|7\n|\n|t:|1781403288\n|switch|p1a: Swalot|Swalot, L90, M|326/326\n|move|p2a: Arboliva|Energy Ball|p1a: Swalot\n|-resisted|p1a: Swalot\n|-damage|p1a: Swalot|239/326\n|\n|-heal|p1a: Swalot|259/326|[from] Grassy Terrain\n|-heal|p1a: Swalot|279/326|[from] item: Leftovers\n|-heal|p2a: Arboliva|222/290|[from] Grassy Terrain\n|-heal|p2a: Arboliva|240/290|[from] item: Leftovers\n|upkeep\n|turn|8\n|\n|t:|1781403304\n|switch|p2a: Quagsire|Quagsire, L84, M|155/297\n|move|p1a: Swalot|Gunk Shot|p2a: Quagsire\n|-resisted|p2a: Quagsire\n|-damage|p2a: Quagsire|94/297\n|\n|-heal|p1a: Swalot|299/326|[from] Grassy Terrain\n|-heal|p1a: Swalot|319/326|[from] item: Leftovers\n|-heal|p2a: Quagsire|112/297|[from] Grassy Terrain\n|-fieldend|move: Grassy Terrain\n|upkeep\n|turn|9\n|\n|t:|1781403316\n|move|p1a: Swalot|Earthquake|p2a: Quagsire\n|-damage|p2a: Quagsire|46/297\n|move|p2a: Quagsire|Earthquake|p1a: Swalot\n|-supereffective|p1a: Swalot\n|-damage|p1a: Swalot|131/326\n|\n|-heal|p1a: Swalot|151/326|[from] item: Leftovers\n|upkeep\n|turn|10\n|\n|t:|1781403331\n|move|p1a: Swalot|Earthquake|p2a: Quagsire\n|-damage|p2a: Quagsire|0 fnt\n|faint|p2a: Quagsire\n|\n|-heal|p1a: Swalot|171/326|[from] item: Leftovers\n|upkeep\n|\n|t:|1781403344\n|switch|p2a: Samurott|Samurott-Hisui, L77, F|265/265\n|turn|11\n|\n|t:|1781403350\n|move|p2a: Samurott|Ceaseless Edge|p1a: Swalot|[miss]\n|-miss|p2a: Samurott|p1a: Swalot\n|move|p1a: Swalot|Gunk Shot|p2a: Samurott\n|-damage|p2a: Samurott|120/265\n|-status|p2a: Samurott|psn\n|\n|-heal|p1a: Swalot|191/326|[from] item: Leftovers\n|-damage|p2a: Samurott|87/265 psn|[from] psn\n|upkeep\n|turn|12\n|\n|t:|1781403360\n|move|p2a: Samurott|Ceaseless Edge|p1a: Swalot|[miss]\n|-miss|p2a: Samurott|p1a: Swalot\n|move|p1a: Swalot|Earthquake|p2a: Samurott\n|-damage|p2a: Samurott|12/265 psn\n|\n|-heal|p1a: Swalot|211/326|[from] item: Leftovers\n|-damage|p2a: Samurott|0 fnt|[from] psn\n|faint|p2a: Samurott\n|upkeep\n|c|\u2606letmebedeer|you blind fucking bitch\n|-message|letmebedeer forfeited.\n|\n|win|Hdhfihk\n", "uploadtime": 1781403371, "views": 2, "formatid": "gen9randombattle", "rating": null, "private": 0, "password": null}