{"id": "gen9randombattle-2631864686", "format": "[Gen 9] Random Battle", "players": ["Lunarity123", "Misticrosen"], "log": "|j|\u2606Lunarity123\n|j|\u2606Misticrosen\n|t:|1781449655\n|gametype|singles\n|player|p1|Lunarity123|170|1967\n|player|p2|Misticrosen|266|1908\n|gen|9\n|tier|[Gen 9] Random Battle\n|rated|\n|rule|Species Clause: Limit one of each Pok\u00e9mon\n|rule|HP Percentage Mod: HP is shown in percentages\n|rule|Sleep Clause Mod: Limit one foe put to sleep\n|rule|Illusion Level Mod: Illusion disguises the Pok\u00e9mon's true level\n|\n|t:|1781449655\n|teamsize|p1|6\n|teamsize|p2|6\n|start\n|switch|p1a: Bisharp|Bisharp, L79, F|232/232\n|switch|p2a: Tyranitar|Tyranitar, L78, F|284/284\n|-weather|Sandstorm|[from] ability: Sand Stream|[of] p2a: Tyranitar\n|turn|1\n|inactive|Battle timer is ON: inactive players will automatically lose when time's up. (requested by Lunarity123)\n|\n|t:|1781449680\n|switch|p2a: Chesnaught|Chesnaught, L84, F|285/285\n|move|p1a: Bisharp|Stealth Rock|p2a: Chesnaught\n|-sidestart|p2: Misticrosen|move: Stealth Rock\n|\n|-weather|Sandstorm|[upkeep]\n|-damage|p2a: Chesnaught|268/285|[from] Sandstorm\n|-heal|p2a: Chesnaught|285/285|[from] item: Leftovers\n|upkeep\n|turn|2\n|\n|t:|1781449705\n|switch|p1a: Exeggutor|Exeggutor, L89, M|312/312\n|move|p2a: Chesnaught|Spikes|p1a: Exeggutor\n|-sidestart|p1: Lunarity123|Spikes\n|\n|-weather|Sandstorm|[upkeep]\n|-damage|p2a: Chesnaught|268/285|[from] Sandstorm\n|-damage|p1a: Exeggutor|293/312|[from] Sandstorm\n|-heal|p2a: Chesnaught|285/285|[from] item: Leftovers\n|upkeep\n|turn|3\n|inactive|Misticrosen has 120 seconds left.\n|\n|t:|1781449738\n|switch|p2a: Tyranitar|Tyranitar, L78, F|284/284\n|-damage|p2a: Tyranitar|249/284|[from] Stealth Rock\n|move|p1a: Exeggutor|Substitute|p1a: Exeggutor\n|-start|p1a: Exeggutor|Substitute\n|-damage|p1a: Exeggutor|215/312\n|\n|-weather|Sandstorm|[upkeep]\n|-damage|p1a: Exeggutor|196/312|[from] Sandstorm\n|upkeep\n|turn|4\n|\n|t:|1781449745\n|switch|p2a: Hypno|Hypno, L95, F|315/315\n|-damage|p2a: Hypno|276/315|[from] Stealth Rock\n|move|p1a: Exeggutor|Giga Drain|p2a: Hypno\n|-damage|p2a: Hypno|197/315\n|-heal|p1a: Exeggutor|236/312|[from] drain|[of] p2a: Hypno\n|\n|-weather|Sandstorm|[upkeep]\n|-damage|p2a: Hypno|178/315|[from] Sandstorm\n|-damage|p1a: Exeggutor|217/312|[from] Sandstorm\n|-heal|p2a: Hypno|197/315|[from] item: Leftovers\n|upkeep\n|turn|5\n|\n|t:|1781449751\n|move|p2a: Hypno|Psychic Noise|p1a: Exeggutor\n|-resisted|p1a: Exeggutor\n|-damage|p1a: Exeggutor|171/312\n|-start|p1a: Exeggutor|move: Heal Block\n|move|p1a: Exeggutor|Calm Mind|p1a: Exeggutor\n|-boost|p1a: Exeggutor|spa|1\n|-boost|p1a: Exeggutor|spd|1\n|\n|-weather|none\n|-heal|p2a: Hypno|216/315|[from] item: Leftovers\n|upkeep\n|turn|6\n|\n|t:|1781449760\n|move|p2a: Hypno|Psychic Noise|p1a: Exeggutor\n|-resisted|p1a: Exeggutor\n|-damage|p1a: Exeggutor|144/312\n|move|p1a: Exeggutor|Psychic|p2a: Hypno\n|-resisted|p2a: Hypno\n|-damage|p2a: Hypno|143/315\n|\n|-heal|p2a: Hypno|162/315|[from] item: Leftovers\n|-end|p1a: Exeggutor|move: Heal Block\n|upkeep\n|-enditem|p1a: Exeggutor|Sitrus Berry|[eat]\n|-heal|p1a: Exeggutor|222/312|[from] item: Sitrus Berry\n|turn|7\n|\n|t:|1781449764\n|move|p2a: Hypno|Psychic Noise|p1a: Exeggutor\n|-resisted|p1a: Exeggutor\n|-damage|p1a: Exeggutor|192/312\n|-start|p1a: Exeggutor|move: Heal Block\n|move|p1a: Exeggutor|Calm Mind|p1a: Exeggutor\n|-boost|p1a: Exeggutor|spa|1\n|-boost|p1a: Exeggutor|spd|1\n|\n|-heal|p2a: Hypno|181/315|[from] item: Leftovers\n|-item|p1a: Exeggutor|Sitrus Berry|[from] ability: Harvest\n|upkeep\n|turn|8\n|\n|t:|1781449767\n|move|p2a: Hypno|Psychic Noise|p1a: Exeggutor\n|-resisted|p1a: Exeggutor\n|-damage|p1a: Exeggutor|171/312\n|move|p1a: Exeggutor|Psychic|p2a: Hypno\n|-resisted|p2a: Hypno\n|-damage|p2a: Hypno|94/315\n|\n|-heal|p2a: Hypno|113/315|[from] item: Leftovers\n|-end|p1a: Exeggutor|move: Heal Block\n|upkeep\n|turn|9\n|\n|t:|1781449771\n|move|p2a: Hypno|Psychic Noise|p1a: Exeggutor\n|-resisted|p1a: Exeggutor\n|-damage|p1a: Exeggutor|150/312\n|-start|p1a: Exeggutor|move: Heal Block\n|move|p1a: Exeggutor|Psychic|p2a: Hypno\n|-resisted|p2a: Hypno\n|-damage|p2a: Hypno|20/315\n|\n|-heal|p2a: Hypno|39/315|[from] item: Leftovers\n|upkeep\n|turn|10\n|\n|t:|1781449775\n|move|p2a: Hypno|Psychic Noise|p1a: Exeggutor\n|-resisted|p1a: Exeggutor\n|-damage|p1a: Exeggutor|128/312\n|move|p1a: Exeggutor|Psychic|p2a: Hypno\n|-resisted|p2a: Hypno\n|-crit|p2a: Hypno\n|-damage|p2a: Hypno|0 fnt\n|faint|p2a: Hypno\n|\n|-end|p1a: Exeggutor|move: Heal Block\n|upkeep\n|-enditem|p1a: Exeggutor|Sitrus Berry|[eat]\n|-heal|p1a: Exeggutor|206/312|[from] item: Sitrus Berry\n|\n|t:|1781449786\n|switch|p2a: Thundurus|Thundurus-Therian, L80, M|258/258\n|turn|11\n|\n|t:|1781449793\n|move|p2a: Thundurus|Tera Blast|p1a: Exeggutor\n|-activate|p1a: Exeggutor|move: Substitute|[damage]\n|move|p1a: Exeggutor|Psychic|p2a: Thundurus\n|-damage|p2a: Thundurus|0 fnt\n|faint|p2a: Thundurus\n|\n|-item|p1a: Exeggutor|Sitrus Berry|[from] ability: Harvest\n|upkeep\n|-message|Misticrosen forfeited.\n|\n|win|Lunarity123\n", "inputlog": ">version a8376a258c1d4662feba110a92103f3664a72141\n>start {\"formatid\":\"gen9randombattle\",\"seed\":\"sodium,0f87bf84e342e3f0847c24fbd0ffc262\",\"rated\":\"Rated battle\"}\n>player p1 {\"name\":\"Lunarity123\",\"avatar\":\"170\",\"rating\":1967,\"seed\":\"sodium,410dce28929b39694813d0dee290d79c\"}\n>player p2 {\"name\":\"Misticrosen\",\"avatar\":\"266\",\"rating\":1908,\"seed\":\"sodium,828f0ba2a95ea4ae4b5d4e7f8c2959c2\"}\n>p1 move stealthrock\n>p2 switch 5\n>p1 switch 3\n>p2 move spikes\n>p1 move substitute\n>p2 switch 5\n>p1 move gigadrain\n>p2 switch 4\n>p1 move calmmind\n>p2 move psychicnoise\n>p1 move psychic\n>p2 move psychicnoise\n>p1 move calmmind\n>p2 move psychicnoise\n>p1 move psychic\n>p2 move psychicnoise\n>p1 move psychic\n>p2 move psychicnoise\n>p1 move psychic\n>p2 move psychicnoise\n>p2 switch 3\n>p1 move psychic\n>p2 move terablast\n>forcelose p2", "uploadtime": 1781449657, "views": 4, "formatid": "gen9randombattle", "rating": null, "private": 0, "password": null}