{"id": "gen9randombattle-2631681430", "format": "[Gen 9] Random Battle", "players": ["renz3554", "whisperwyrm"], "log": "|j|\u2606renz3554\n|j|\u2606whisperwyrm\n|t:|1781420692\n|gametype|singles\n|player|p1|renz3554|266|2060\n|player|p2|whisperwyrm|170|2194\n|gen|9\n|tier|[Gen 9] Random Battle\n|rated|\n|rule|Species Clause: Limit one of each Pok\u00e9mon\n|rule|HP Percentage Mod: HP is shown in percentages\n|rule|Sleep Clause Mod: Limit one foe put to sleep\n|rule|Illusion Level Mod: Illusion disguises the Pok\u00e9mon's true level\n|\n|t:|1781420692\n|teamsize|p1|6\n|teamsize|p2|6\n|start\n|switch|p1a: Dipplin|Dipplin, L88, F|284/284\n|switch|p2a: Delphox|Delphox, L84, M|263/263\n|turn|1\n|inactive|Battle timer is ON: inactive players will automatically lose when time's up. (requested by whisperwyrm)\n|\n|t:|1781420701\n|switch|p1a: Camerupt|Camerupt, L91, M|275/275\n|move|p2a: Delphox|Nasty Plot|p2a: Delphox\n|-boost|p2a: Delphox|spa|2\n|\n|upkeep\n|turn|2\n|\n|t:|1781420706\n|move|p2a: Delphox|Grass Knot|p1a: Camerupt\n|-damage|p1a: Camerupt|64/275\n|move|p1a: Camerupt|Earthquake|p2a: Delphox\n|-supereffective|p2a: Delphox\n|-damage|p2a: Delphox|0 fnt\n|faint|p2a: Delphox\n|\n|-heal|p1a: Camerupt|81/275|[from] item: Leftovers\n|upkeep\n|\n|t:|1781420715\n|switch|p2a: Leafeon|Leafeon, L88, F|258/258\n|turn|3\n|\n|t:|1781420721\n|switch|p1a: Dipplin|Dipplin, L88, F|284/284\n|move|p2a: Leafeon|Knock Off|p1a: Dipplin\n|-damage|p1a: Dipplin|226/284\n|-activate|p1a: Dipplin|ability: Sticky Hold\n|-damage|p2a: Leafeon|233/258|[from] item: Life Orb\n|\n|upkeep\n|turn|4\n|\n|t:|1781420724\n|switch|p2a: Staraptor|Staraptor, L79, F|263/263\n|move|p1a: Dipplin|Dragon Pulse|p2a: Staraptor\n|-damage|p2a: Staraptor|118/263\n|\n|upkeep\n|turn|5\n|\n|t:|1781420728\n|switch|p1a: Camerupt|Camerupt, L91, M|81/275\n|move|p2a: Staraptor|Brave Bird|p1a: Camerupt\n|-damage|p1a: Camerupt|0 fnt\n|faint|p1a: Camerupt\n|-damage|p2a: Staraptor|91/263|[from] Recoil\n|\n|upkeep\n|\n|t:|1781420734\n|switch|p1a: Diancie|Diancie, L82|216/216\n|turn|6\n|\n|t:|1781420738\n|switch|p2a: Copperajah|Copperajah, L86, M|350/350\n|move|p1a: Diancie|Diamond Storm|p2a: Copperajah\n|-resisted|p2a: Copperajah\n|-damage|p2a: Copperajah|296/350\n|-boost|p1a: Diancie|def|2\n|\n|upkeep\n|turn|7\n|\n|t:|1781420747\n|move|p1a: Diancie|Body Press|p2a: Copperajah\n|-supereffective|p2a: Copperajah\n|-damage|p2a: Copperajah|0 fnt\n|faint|p2a: Copperajah\n|\n|upkeep\n|\n|t:|1781420752\n|switch|p2a: Toedscruel|Toedscruel, L87, M|281/281\n|turn|8\n|\n|t:|1781420755\n|switch|p1a: Dipplin|Dipplin, L88, F|226/284\n|move|p2a: Toedscruel|Toxic|p1a: Dipplin\n|-status|p1a: Dipplin|tox\n|\n|-damage|p1a: Dipplin|209/284 tox|[from] psn\n|upkeep\n|turn|9\n|\n|t:|1781420761\n|switch|p2a: Dusknoir|Dusknoir, L89, M|225/225\n|-item|p1a: Dipplin|Eviolite|[from] ability: Frisk|[of] p2a: Dusknoir\n|move|p1a: Dipplin|Giga Drain|p2a: Dusknoir\n|-damage|p2a: Dusknoir|170/225\n|-heal|p1a: Dipplin|237/284 tox|[from] drain|[of] p2a: Dusknoir\n|\n|-heal|p2a: Dusknoir|184/225|[from] item: Leftovers\n|-damage|p1a: Dipplin|203/284 tox|[from] psn\n|upkeep\n|turn|10\n|\n|t:|1781420764\n|move|p2a: Dusknoir|Substitute|p2a: Dusknoir\n|-start|p2a: Dusknoir|Substitute\n|-damage|p2a: Dusknoir|128/225\n|move|p1a: Dipplin|Giga Drain|p2a: Dusknoir\n|-end|p2a: Dusknoir|Substitute\n|-heal|p1a: Dipplin|231/284 tox|[from] drain|[of] p2a: Dusknoir\n|\n|-heal|p2a: Dusknoir|142/225|[from] item: Leftovers\n|-damage|p1a: Dipplin|180/284 tox|[from] psn\n|upkeep\n|turn|11\n|\n|t:|1781420771\n|move|p2a: Dusknoir|Substitute|p2a: Dusknoir\n|-start|p2a: Dusknoir|Substitute\n|-damage|p2a: Dusknoir|86/225\n|move|p1a: Dipplin|Dragon Pulse|p2a: Dusknoir\n|-end|p2a: Dusknoir|Substitute\n|\n|-heal|p2a: Dusknoir|100/225|[from] item: Leftovers\n|-damage|p1a: Dipplin|112/284 tox|[from] psn\n|upkeep\n|turn|12\n|\n|t:|1781420774\n|move|p2a: Dusknoir|Substitute|p2a: Dusknoir\n|-start|p2a: Dusknoir|Substitute\n|-damage|p2a: Dusknoir|44/225\n|move|p1a: Dipplin|Giga Drain|p2a: Dusknoir\n|-end|p2a: Dusknoir|Substitute\n|-heal|p1a: Dipplin|140/284 tox|[from] drain|[of] p2a: Dusknoir\n|\n|-heal|p2a: Dusknoir|58/225|[from] item: Leftovers\n|-damage|p1a: Dipplin|55/284 tox|[from] psn\n|upkeep\n|turn|13\n|\n|t:|1781420777\n|move|p2a: Dusknoir|Poltergeist|p1a: Dipplin\n|-activate|p1a: Dipplin|move: Poltergeist|Eviolite\n|-damage|p1a: Dipplin|0 fnt\n|faint|p1a: Dipplin\n|\n|-heal|p2a: Dusknoir|72/225|[from] item: Leftovers\n|upkeep\n|\n|t:|1781420780\n|switch|p1a: Poliwrath|Poliwrath, L88, F|302/302\n|turn|14\n|\n|t:|1781420783\n|move|p1a: Poliwrath|Liquidation|p2a: Dusknoir\n|-crit|p2a: Dusknoir\n|-damage|p2a: Dusknoir|0 fnt\n|faint|p2a: Dusknoir\n|\n|upkeep\n|\n|t:|1781420788\n|switch|p2a: Leafeon|Leafeon, L88, F|233/258\n|turn|15\n|\n|t:|1781420795\n|move|p2a: Leafeon|Swords Dance|p2a: Leafeon\n|-boost|p2a: Leafeon|atk|2\n|move|p1a: Poliwrath|Bulk Up|p1a: Poliwrath\n|-boost|p1a: Poliwrath|atk|1\n|-boost|p1a: Poliwrath|def|1\n|\n|upkeep\n|turn|16\n|\n|t:|1781420800\n|-terastallize|p1a: Poliwrath|Steel\n|move|p2a: Leafeon|Leaf Blade|p1a: Poliwrath\n|-resisted|p1a: Poliwrath\n|-damage|p1a: Poliwrath|216/302\n|-damage|p2a: Leafeon|208/258|[from] item: Life Orb\n|move|p1a: Poliwrath|Ice Punch|p2a: Leafeon\n|-supereffective|p2a: Leafeon\n|-damage|p2a: Leafeon|96/258\n|\n|-heal|p1a: Poliwrath|234/302|[from] item: Leftovers\n|upkeep\n|turn|17\n|\n|t:|1781420808\n|move|p2a: Leafeon|Knock Off|p1a: Poliwrath\n|-damage|p1a: Poliwrath|92/302\n|-enditem|p1a: Poliwrath|Leftovers|[from] move: Knock Off|[of] p2a: Leafeon\n|-damage|p2a: Leafeon|71/258|[from] item: Life Orb\n|move|p1a: Poliwrath|Drain Punch|p2a: Leafeon\n|-damage|p2a: Leafeon|0 fnt\n|-heal|p1a: Poliwrath|128/302|[from] drain|[of] p2a: Leafeon\n|faint|p2a: Leafeon\n|\n|upkeep\n|\n|t:|1781420815\n|switch|p2a: Toedscruel|Toedscruel, L87, M|281/281\n|turn|18\n|\n|t:|1781420828\n|move|p2a: Toedscruel|Earth Power|p1a: Poliwrath\n|-supereffective|p1a: Poliwrath\n|-damage|p1a: Poliwrath|0 fnt\n|faint|p1a: Poliwrath\n|\n|upkeep\n|inactive|renz3554 has 120 seconds left.\n|\n|t:|1781420875\n|switch|p1a: Beartic|Beartic, L91, F|321/321\n|turn|19\n|\n|t:|1781420886\n|-terastallize|p2a: Toedscruel|Water\n|move|p2a: Toedscruel|Earth Power|p1a: Beartic\n|-crit|p1a: Beartic\n|-damage|p1a: Beartic|177/321\n|move|p1a: Beartic|Earthquake|p2a: Toedscruel\n|-damage|p2a: Toedscruel|158/281\n|\n|-heal|p2a: Toedscruel|175/281|[from] item: Leftovers\n|upkeep\n|turn|20\n|\n|t:|1781420892\n|move|p2a: Toedscruel|Giga Drain|p1a: Beartic\n|-damage|p1a: Beartic|104/321\n|-heal|p2a: Toedscruel|212/281|[from] drain|[of] p1a: Beartic\n|move|p1a: Beartic|Snowscape|p1a: Beartic\n|-weather|Snowscape\n|\n|-weather|Snowscape|[upkeep]\n|-heal|p2a: Toedscruel|229/281|[from] item: Leftovers\n|upkeep\n|turn|21\n|inactive|renz3554 has 120 seconds left.\n|inactive|renz3554 has 90 seconds left.\n|\n|t:|1781420946\n|move|p1a: Beartic|Earthquake|p2a: Toedscruel\n|-damage|p2a: Toedscruel|107/281\n|move|p2a: Toedscruel|Giga Drain|p1a: Beartic\n|-damage|p1a: Beartic|26/321\n|-heal|p2a: Toedscruel|146/281|[from] drain|[of] p1a: Beartic\n|\n|-weather|Snowscape|[upkeep]\n|-heal|p2a: Toedscruel|163/281|[from] item: Leftovers\n|upkeep\n|turn|22\n|\n|t:|1781420950\n|move|p1a: Beartic|Close Combat|p2a: Toedscruel\n|-damage|p2a: Toedscruel|15/281\n|-unboost|p1a: Beartic|def|1\n|-unboost|p1a: Beartic|spd|1\n|move|p2a: Toedscruel|Giga Drain|p1a: Beartic\n|-damage|p1a: Beartic|0 fnt\n|-heal|p2a: Toedscruel|28/281|[from] drain|[of] p1a: Beartic\n|faint|p1a: Beartic\n|\n|-weather|Snowscape|[upkeep]\n|-heal|p2a: Toedscruel|45/281|[from] item: Leftovers\n|upkeep\n|\n|t:|1781420956\n|switch|p1a: Diancie|Diancie, L82|216/216\n|turn|23\n|inactive|renz3554 has 90 seconds left.\n|\n|t:|1781420961\n|move|p2a: Toedscruel|Giga Drain|p1a: Diancie\n|-supereffective|p1a: Diancie\n|-damage|p1a: Diancie|120/216\n|-heal|p2a: Toedscruel|93/281|[from] drain|[of] p1a: Diancie\n|move|p1a: Diancie|Diamond Storm|p2a: Toedscruel\n|-damage|p2a: Toedscruel|0 fnt\n|faint|p2a: Toedscruel\n|\n|-weather|Snowscape|[upkeep]\n|-heal|p1a: Diancie|133/216|[from] item: Leftovers\n|upkeep\n|\n|t:|1781420967\n|switch|p2a: Staraptor|Staraptor, L79, F|91/263\n|turn|24\n|-message|whisperwyrm forfeited.\n|\n|win|renz3554\n|raw|renz3554's rating: 2060 &rarr; <strong>2087</strong><br />(+27 for winning)\n|raw|whisperwyrm's rating: 2194 &rarr; <strong>2167</strong><br />(-27 for losing)\n", "inputlog": ">version a8376a258c1d4662feba110a92103f3664a72141\n>start {\"formatid\":\"gen9randombattle\",\"seed\":\"sodium,dac9a9b01dbe8091732de48bc42e171a\",\"rated\":\"Rated battle\"}\n>player p1 {\"name\":\"renz3554\",\"avatar\":\"266\",\"rating\":2060,\"seed\":\"sodium,b0462f010ced8d5b4c5c5f684b74c3b7\"}\n>player p2 {\"name\":\"whisperwyrm\",\"avatar\":\"170\",\"rating\":2194,\"seed\":\"sodium,46583c0e68180700b67ba53871aec82a\"}\n>p1 switch 4\n>p2 move nastyplot\n>p1 move earthquake\n>p2 move grassknot\n>p2 switch 6\n>p1 switch 4\n>p2 move knockoff\n>p1 move dragonpulse\n>p2 switch 2\n>p1 switch 4\n>p2 move bravebird\n>p1 switch 3\n>p1 move diamondstorm\n>p2 switch 5\n>p1 move bodypress\n>p2 move ironhead\n>p2 switch 3\n>p1 switch 4\n>p2 move toxic\n>p1 move gigadrain\n>p2 switch 4\n>p1 move gigadrain\n>p2 move substitute\n>p1 move dragonpulse\n>p2 move substitute\n>p1 move gigadrain\n>p2 move substitute\n>p1 move dragonpulse\n>p2 move poltergeist\n>p1 switch 6\n>p1 move liquidation\n>p2 move painsplit\n>p2 switch 2\n>p1 move bulkup\n>p2 move swordsdance\n>p1 move icepunch terastallize\n>p2 move leafblade\n>p1 move drainpunch\n>p2 move knockoff\n>p2 switch 4\n>p1 move icepunch\n>p2 move earthpower\n>p1 switch 2\n>p1 move earthquake\n>p2 move earthpower terastallize\n>p1 move snowscape\n>p2 move gigadrain\n>p1 move earthquake\n>p2 move gigadrain\n>p1 move closecombat\n>p2 move gigadrain\n>p1 switch 4\n>p1 move diamondstorm\n>p2 move gigadrain\n>p2 switch 5\n>forcelose p2", "uploadtime": 1781420972, "views": 4, "formatid": "gen9randombattle", "rating": 2087, "private": 0, "password": null}