{"id": "gen9randombattle-2631573403", "format": "[Gen 9] Random Battle", "players": ["General Nova64", "b3npaii"], "log": "|j|\u2606General Nova64\n|j|\u2606b3npaii\n|t:|1781403181\n|gametype|singles\n|player|p1|General Nova64|169|2109\n|player|p2|b3npaii|elesa|2158\n|gen|9\n|tier|[Gen 9] Random Battle\n|rated|\n|rule|Species Clause: Limit one of each Pok\u00e9mon\n|rule|HP Percentage Mod: HP is shown in percentages\n|rule|Sleep Clause Mod: Limit one foe put to sleep\n|rule|Illusion Level Mod: Illusion disguises the Pok\u00e9mon's true level\n|\n|t:|1781403181\n|teamsize|p1|6\n|teamsize|p2|6\n|start\n|switch|p1a: Skeledirge|Skeledirge, L79, M|294/294\n|switch|p2a: Vespiquen|Vespiquen, L99, F|299/299\n|-ability|p2a: Vespiquen|Pressure\n|turn|1\n|inactive|Battle timer is ON: inactive players will automatically lose when time's up. (requested by b3npaii)\n|\n|t:|1781403194\n|switch|p2a: Dragalge|Dragalge, L88, F|258/258\n|move|p1a: Skeledirge|Torch Song|p2a: Dragalge\n|-resisted|p2a: Dragalge\n|-damage|p2a: Dragalge|225/258\n|-boost|p1a: Skeledirge|spa|1\n|\n|-heal|p2a: Dragalge|241/258|[from] item: Leftovers\n|upkeep\n|turn|2\n|\n|t:|1781403201\n|move|p1a: Skeledirge|Will-O-Wisp|p2a: Dragalge\n|-status|p2a: Dragalge|brn\n|move|p2a: Dragalge|Toxic|p1a: Skeledirge\n|-status|p1a: Skeledirge|tox\n|\n|-heal|p2a: Dragalge|257/258 brn|[from] item: Leftovers\n|-damage|p1a: Skeledirge|276/294 tox|[from] psn\n|-damage|p2a: Dragalge|241/258 brn|[from] brn\n|upkeep\n|turn|3\n|\n|t:|1781403205\n|move|p1a: Skeledirge|Hex|p2a: Dragalge\n|-damage|p2a: Dragalge|99/258 brn\n|move|p2a: Dragalge|Draco Meteor|p1a: Skeledirge\n|-damage|p1a: Skeledirge|14/294 tox\n|-unboost|p2a: Dragalge|spa|2\n|\n|-heal|p2a: Dragalge|115/258 brn|[from] item: Leftovers\n|-damage|p1a: Skeledirge|0 fnt|[from] psn\n|faint|p1a: Skeledirge\n|-damage|p2a: Dragalge|99/258 brn|[from] brn\n|upkeep\n|\n|t:|1781403216\n|switch|p1a: Giratina|Giratina, L75|349/349\n|-ability|p1a: Giratina|Pressure\n|turn|4\n|\n|t:|1781403222\n|switch|p2a: Muk|Muk-Alola, L82, M|306/306\n|move|p1a: Giratina|Calm Mind|p1a: Giratina\n|-boost|p1a: Giratina|spa|1\n|-boost|p1a: Giratina|spd|1\n|\n|upkeep\n|turn|5\n|\n|t:|1781403229\n|move|p1a: Giratina|Calm Mind|p1a: Giratina\n|-boost|p1a: Giratina|spa|1\n|-boost|p1a: Giratina|spd|1\n|move|p2a: Muk|Knock Off|p1a: Giratina\n|-supereffective|p1a: Giratina\n|-damage|p1a: Giratina|157/349\n|-enditem|p1a: Giratina|Leftovers|[from] move: Knock Off|[of] p2a: Muk\n|\n|upkeep\n|turn|6\n|\n|t:|1781403237\n|move|p1a: Giratina|Calm Mind|p1a: Giratina\n|-boost|p1a: Giratina|spa|1\n|-boost|p1a: Giratina|spd|1\n|move|p2a: Muk|Knock Off|p1a: Giratina\n|-supereffective|p1a: Giratina\n|-damage|p1a: Giratina|23/349\n|\n|upkeep\n|turn|7\n|\n|t:|1781403243\n|move|p2a: Muk|Shadow Sneak|p1a: Giratina\n|-supereffective|p1a: Giratina\n|-damage|p1a: Giratina|0 fnt\n|faint|p1a: Giratina\n|\n|upkeep\n|\n|t:|1781403249\n|switch|p1a: Sceptile|Sceptile, L87, F|264/264\n|turn|8\n|\n|t:|1781403253\n|move|p1a: Sceptile|Leech Seed|p2a: Muk\n|-start|p2a: Muk|move: Leech Seed\n|move|p2a: Muk|Gunk Shot|p1a: Sceptile|[miss]\n|-miss|p2a: Muk|p1a: Sceptile\n|\n|-damage|p2a: Muk|268/306|[from] Leech Seed|[of] p1a: Sceptile\n|upkeep\n|turn|9\n|\n|t:|1781403259\n|switch|p2a: Cinccino|Cinccino, L83, M|260/260\n|move|p1a: Sceptile|Substitute|p1a: Sceptile\n|-start|p1a: Sceptile|Substitute\n|-damage|p1a: Sceptile|198/264\n|\n|-heal|p1a: Sceptile|214/264|[from] item: Leftovers\n|upkeep\n|turn|10\n|\n|t:|1781403263\n|move|p1a: Sceptile|Focus Blast|p2a: Cinccino\n|-supereffective|p2a: Cinccino\n|-damage|p2a: Cinccino|0 fnt\n|faint|p2a: Cinccino\n|\n|-heal|p1a: Sceptile|230/264|[from] item: Leftovers\n|upkeep\n|\n|t:|1781403268\n|switch|p2a: Vespiquen|Vespiquen, L99, F|299/299\n|-ability|p2a: Vespiquen|Pressure\n|turn|11\n|\n|t:|1781403273\n|move|p1a: Sceptile|Leech Seed|p2a: Vespiquen\n|-start|p2a: Vespiquen|move: Leech Seed\n|move|p2a: Vespiquen|Spikes|p1a: Sceptile\n|-sidestart|p1: General Nova64|Spikes\n|\n|-heal|p1a: Sceptile|246/264|[from] item: Leftovers\n|-damage|p2a: Vespiquen|262/299|[from] Leech Seed|[of] p1a: Sceptile\n|-heal|p1a: Sceptile|264/264|[silent]\n|upkeep\n|turn|12\n|\n|t:|1781403280\n|move|p1a: Sceptile|Giga Drain|p2a: Vespiquen\n|-resisted|p2a: Vespiquen\n|-damage|p2a: Vespiquen|247/299\n|move|p2a: Vespiquen|Spikes|p1a: Sceptile\n|-sidestart|p1: General Nova64|Spikes\n|\n|-damage|p2a: Vespiquen|210/299|[from] Leech Seed|[of] p1a: Sceptile\n|upkeep\n|turn|13\n|\n|t:|1781403284\n|move|p1a: Sceptile|Focus Blast|p2a: Vespiquen\n|-resisted|p2a: Vespiquen\n|-damage|p2a: Vespiquen|193/299\n|move|p2a: Vespiquen|Spikes|p1a: Sceptile\n|-sidestart|p1: General Nova64|Spikes\n|\n|-damage|p2a: Vespiquen|156/299|[from] Leech Seed|[of] p1a: Sceptile\n|upkeep\n|turn|14\n|\n|t:|1781403294\n|move|p1a: Sceptile|Giga Drain|p2a: Vespiquen\n|-resisted|p2a: Vespiquen\n|-damage|p2a: Vespiquen|140/299\n|move|p2a: Vespiquen|Roost|p2a: Vespiquen\n|-heal|p2a: Vespiquen|290/299\n|-singleturn|p2a: Vespiquen|move: Roost\n|\n|-damage|p2a: Vespiquen|253/299|[from] Leech Seed|[of] p1a: Sceptile\n|upkeep\n|turn|15\n|\n|t:|1781403318\n|move|p1a: Sceptile|Giga Drain|p2a: Vespiquen\n|-resisted|p2a: Vespiquen\n|-damage|p2a: Vespiquen|237/299\n|move|p2a: Vespiquen|Air Slash|p1a: Sceptile\n|-supereffective|p1a: Sceptile\n|-end|p1a: Sceptile|Substitute\n|\n|-damage|p2a: Vespiquen|200/299|[from] Leech Seed|[of] p1a: Sceptile\n|upkeep\n|turn|16\n|\n|t:|1781403327\n|switch|p2a: Dachsbun|Dachsbun, L92, M|254/254\n|move|p1a: Sceptile|Substitute|p1a: Sceptile\n|-start|p1a: Sceptile|Substitute\n|-damage|p1a: Sceptile|198/264\n|\n|-heal|p1a: Sceptile|214/264|[from] item: Leftovers\n|upkeep\n|turn|17\n|\n|t:|1781403330\n|move|p1a: Sceptile|Leech Seed|p2a: Dachsbun\n|-start|p2a: Dachsbun|move: Leech Seed\n|move|p2a: Dachsbun|Wish|p2a: Dachsbun\n|\n|-heal|p1a: Sceptile|230/264|[from] item: Leftovers\n|-damage|p2a: Dachsbun|223/254|[from] Leech Seed|[of] p1a: Sceptile\n|-heal|p1a: Sceptile|261/264|[silent]\n|upkeep\n|turn|18\n|\n|t:|1781403335\n|switch|p1a: Electivire|Electivire, L84, F|263/263\n|-damage|p1a: Electivire|198/263|[from] Spikes\n|switch|p2a: Dragalge|Dragalge, L88, F|99/258 brn\n|\n|-heal|p2a: Dragalge|226/258 brn|[from] move: Wish|[wisher] Dachsbun\n|-heal|p2a: Dragalge|242/258 brn|[from] item: Leftovers\n|-damage|p2a: Dragalge|226/258 brn|[from] brn\n|upkeep\n|turn|19\n|\n|t:|1781403342\n|move|p1a: Electivire|Bulk Up|p1a: Electivire\n|-boost|p1a: Electivire|atk|1\n|-boost|p1a: Electivire|def|1\n|move|p2a: Dragalge|Sludge Wave|p1a: Electivire\n|-damage|p1a: Electivire|50/263\n|\n|-heal|p2a: Dragalge|242/258 brn|[from] item: Leftovers\n|-damage|p2a: Dragalge|226/258 brn|[from] brn\n|upkeep\n|turn|20\n|\n|t:|1781403348\n|switch|p2a: Dachsbun|Dachsbun, L92, M|223/254\n|move|p1a: Electivire|Earthquake|p2a: Dachsbun\n|-damage|p2a: Dachsbun|93/254\n|-damage|p1a: Electivire|24/263|[from] item: Life Orb\n|\n|-heal|p2a: Dachsbun|108/254|[from] item: Leftovers\n|upkeep\n|turn|21\n|\n|t:|1781403353\n|move|p2a: Dachsbun|Body Press|p1a: Electivire\n|-damage|p1a: Electivire|0 fnt\n|faint|p1a: Electivire\n|\n|-heal|p2a: Dachsbun|123/254|[from] item: Leftovers\n|upkeep\n|\n|t:|1781403361\n|switch|p1a: Bellossom|Bellossom, L84, M|263/263\n|-damage|p1a: Bellossom|198/263|[from] Spikes\n|turn|22\n|\n|t:|1781403365\n|switch|p2a: Muk|Muk-Alola, L82, M|268/306\n|move|p1a: Bellossom|Quiver Dance|p1a: Bellossom\n|-boost|p1a: Bellossom|spa|1\n|-boost|p1a: Bellossom|spd|1\n|-boost|p1a: Bellossom|spe|1\n|\n|-heal|p1a: Bellossom|214/263|[from] item: Leftovers\n|upkeep\n|turn|23\n|\n|t:|1781403370\n|-terastallize|p1a: Bellossom|Rock\n|move|p1a: Bellossom|Quiver Dance|p1a: Bellossom\n|-boost|p1a: Bellossom|spa|1\n|-boost|p1a: Bellossom|spd|1\n|-boost|p1a: Bellossom|spe|1\n|move|p2a: Muk|Gunk Shot|p1a: Bellossom\n|-resisted|p1a: Bellossom\n|-damage|p1a: Bellossom|158/263\n|\n|-heal|p1a: Bellossom|174/263|[from] item: Leftovers\n|upkeep\n|turn|24\n|\n|t:|1781403378\n|move|p1a: Bellossom|Strength Sap|p2a: Muk\n|-unboost|p2a: Muk|atk|1\n|-heal|p1a: Bellossom|263/263\n|move|p2a: Muk|Knock Off|p1a: Bellossom\n|-damage|p1a: Bellossom|193/263\n|-enditem|p1a: Bellossom|Leftovers|[from] move: Knock Off|[of] p2a: Muk\n|\n|upkeep\n|turn|25\n|\n|t:|1781403384\n|switch|p2a: Dragalge|Dragalge, L88, F|226/258 brn\n|move|p1a: Bellossom|Quiver Dance|p1a: Bellossom\n|-boost|p1a: Bellossom|spa|1\n|-boost|p1a: Bellossom|spd|1\n|-boost|p1a: Bellossom|spe|1\n|\n|-heal|p2a: Dragalge|242/258 brn|[from] item: Leftovers\n|-damage|p2a: Dragalge|226/258 brn|[from] brn\n|upkeep\n|turn|26\n|\n|t:|1781403391\n|move|p1a: Bellossom|Tera Blast|p2a: Dragalge|[anim] Tera Blast Rock\n|-damage|p2a: Dragalge|70/258 brn\n|move|p2a: Dragalge|Toxic|p1a: Bellossom\n|-status|p1a: Bellossom|tox\n|\n|-heal|p2a: Dragalge|86/258 brn|[from] item: Leftovers\n|-damage|p1a: Bellossom|177/263 tox|[from] psn\n|-damage|p2a: Dragalge|70/258 brn|[from] brn\n|upkeep\n|turn|27\n|\n|t:|1781403397\n|switch|p2a: Muk|Muk-Alola, L82, M|268/306\n|move|p1a: Bellossom|Tera Blast|p2a: Muk|[anim] Tera Blast Rock\n|-damage|p2a: Muk|154/306\n|\n|-damage|p1a: Bellossom|145/263 tox|[from] psn\n|upkeep\n|turn|28\n|\n|t:|1781403402\n|move|p1a: Bellossom|Strength Sap|p2a: Muk\n|-unboost|p2a: Muk|atk|1\n|-heal|p1a: Bellossom|263/263 tox\n|move|p2a: Muk|Drain Punch|p1a: Bellossom\n|-supereffective|p1a: Bellossom\n|-damage|p1a: Bellossom|193/263 tox\n|-heal|p2a: Muk|189/306|[from] drain|[of] p1a: Bellossom\n|\n|-damage|p1a: Bellossom|145/263 tox|[from] psn\n|upkeep\n|turn|29\n|\n|t:|1781403406\n|move|p1a: Bellossom|Strength Sap|p2a: Muk\n|-unboost|p2a: Muk|atk|1\n|-heal|p1a: Bellossom|263/263 tox\n|move|p2a: Muk|Drain Punch|p1a: Bellossom\n|-supereffective|p1a: Bellossom\n|-damage|p1a: Bellossom|215/263 tox\n|-heal|p2a: Muk|213/306|[from] drain|[of] p1a: Bellossom\n|\n|-damage|p1a: Bellossom|151/263 tox|[from] psn\n|upkeep\n|turn|30\n|\n|t:|1781403409\n|move|p1a: Bellossom|Tera Blast|p2a: Muk|[anim] Tera Blast Rock\n|-damage|p2a: Muk|98/306\n|move|p2a: Muk|Drain Punch|p1a: Bellossom\n|-supereffective|p1a: Bellossom\n|-damage|p1a: Bellossom|97/263 tox\n|-heal|p2a: Muk|125/306|[from] drain|[of] p1a: Bellossom\n|\n|-damage|p1a: Bellossom|17/263 tox|[from] psn\n|upkeep\n|turn|31\n|\n|t:|1781403411\n|move|p2a: Muk|Shadow Sneak|p1a: Bellossom\n|-damage|p1a: Bellossom|4/263 tox\n|move|p1a: Bellossom|Tera Blast|p2a: Muk|[anim] Tera Blast Rock\n|-damage|p2a: Muk|4/306\n|\n|-damage|p1a: Bellossom|0 fnt|[from] psn\n|faint|p1a: Bellossom\n|upkeep\n|\n|t:|1781403415\n|switch|p1a: Sceptile|Sceptile, L87, F|261/264\n|-damage|p1a: Sceptile|195/264|[from] Spikes\n|turn|32\n|\n|t:|1781403421\n|switch|p2a: Vespiquen|Vespiquen, L99, F|200/299\n|-ability|p2a: Vespiquen|Pressure\n|move|p1a: Sceptile|Giga Drain|p2a: Vespiquen\n|-resisted|p2a: Vespiquen\n|-damage|p2a: Vespiquen|182/299\n|-heal|p1a: Sceptile|204/264|[from] drain|[of] p2a: Vespiquen\n|\n|-heal|p1a: Sceptile|220/264|[from] item: Leftovers\n|upkeep\n|turn|33\n|\n|t:|1781403423\n|move|p1a: Sceptile|Leech Seed|p2a: Vespiquen\n|-start|p2a: Vespiquen|move: Leech Seed\n|move|p2a: Vespiquen|Air Slash|p1a: Sceptile\n|-supereffective|p1a: Sceptile\n|-damage|p1a: Sceptile|22/264\n|\n|-heal|p1a: Sceptile|38/264|[from] item: Leftovers\n|-damage|p2a: Vespiquen|145/299|[from] Leech Seed|[of] p1a: Sceptile\n|-heal|p1a: Sceptile|75/264|[silent]\n|upkeep\n|turn|34\n|\n|t:|1781403428\n|move|p1a: Sceptile|Giga Drain|p2a: Vespiquen\n|-resisted|p2a: Vespiquen\n|-damage|p2a: Vespiquen|121/299\n|-heal|p1a: Sceptile|87/264|[from] drain|[of] p2a: Vespiquen\n|move|p2a: Vespiquen|Roost|p2a: Vespiquen\n|-heal|p2a: Vespiquen|271/299\n|-singleturn|p2a: Vespiquen|move: Roost\n|\n|-heal|p1a: Sceptile|103/264|[from] item: Leftovers\n|-damage|p2a: Vespiquen|234/299|[from] Leech Seed|[of] p1a: Sceptile\n|-heal|p1a: Sceptile|140/264|[silent]\n|upkeep\n|turn|35\n|\n|t:|1781403430\n|move|p1a: Sceptile|Giga Drain|p2a: Vespiquen\n|-resisted|p2a: Vespiquen\n|-damage|p2a: Vespiquen|218/299\n|-heal|p1a: Sceptile|148/264|[from] drain|[of] p2a: Vespiquen\n|move|p2a: Vespiquen|Air Slash|p1a: Sceptile\n|-supereffective|p1a: Sceptile\n|-damage|p1a: Sceptile|0 fnt\n|faint|p1a: Sceptile\n|\n|upkeep\n|\n|t:|1781403433\n|switch|p1a: Espathra|Espathra, L80, F|283/283\n|-damage|p1a: Espathra|213/283|[from] Spikes\n|turn|36\n|\n|t:|1781403435\n|move|p1a: Espathra|Calm Mind|p1a: Espathra\n|-boost|p1a: Espathra|spa|1\n|-boost|p1a: Espathra|spd|1\n|move|p2a: Vespiquen|Toxic|p1a: Espathra\n|-status|p1a: Espathra|tox\n|\n|-heal|p1a: Espathra|230/283 tox|[from] item: Leftovers\n|-damage|p2a: Vespiquen|181/299|[from] Leech Seed|[of] p1a: Espathra\n|-heal|p1a: Espathra|267/283 tox|[silent]\n|-damage|p1a: Espathra|250/283 tox|[from] psn\n|-ability|p1a: Espathra|Speed Boost|boost\n|-boost|p1a: Espathra|spe|1\n|upkeep\n|turn|37\n|\n|t:|1781403441\n|switch|p2a: Muk|Muk-Alola, L82, M|4/306\n|move|p1a: Espathra|Calm Mind|p1a: Espathra\n|-boost|p1a: Espathra|spa|1\n|-boost|p1a: Espathra|spd|1\n|\n|-heal|p1a: Espathra|267/283 tox|[from] item: Leftovers\n|-damage|p1a: Espathra|233/283 tox|[from] psn\n|-ability|p1a: Espathra|Speed Boost|boost\n|-boost|p1a: Espathra|spe|1\n|upkeep\n|turn|38\n|\n|t:|1781403444\n|move|p2a: Muk|Shadow Sneak|p1a: Espathra\n|-supereffective|p1a: Espathra\n|-damage|p1a: Espathra|159/283 tox\n|move|p1a: Espathra|Dazzling Gleam|p2a: Muk\n|-damage|p2a: Muk|0 fnt\n|faint|p2a: Muk\n|\n|-heal|p1a: Espathra|176/283 tox|[from] item: Leftovers\n|-damage|p1a: Espathra|125/283 tox|[from] psn\n|-ability|p1a: Espathra|Speed Boost|boost\n|-boost|p1a: Espathra|spe|1\n|upkeep\n|\n|t:|1781403451\n|switch|p2a: Dachsbun|Dachsbun, L92, M|123/254\n|turn|39\n|\n|t:|1781403454\n|move|p2a: Dachsbun|Protect|p2a: Dachsbun\n|-singleturn|p2a: Dachsbun|Protect\n|move|p1a: Espathra|Roost|p1a: Espathra\n|-heal|p1a: Espathra|267/283 tox\n|-singleturn|p1a: Espathra|move: Roost\n|\n|-heal|p1a: Espathra|283/283 tox|[from] item: Leftovers\n|-heal|p2a: Dachsbun|138/254|[from] item: Leftovers\n|-damage|p1a: Espathra|215/283 tox|[from] psn\n|-ability|p1a: Espathra|Speed Boost|boost\n|-boost|p1a: Espathra|spe|1\n|upkeep\n|turn|40\n|\n|t:|1781403458\n|move|p1a: Espathra|Stored Power|p2a: Dachsbun\n|-damage|p2a: Dachsbun|0 fnt\n|faint|p2a: Dachsbun\n|\n|-heal|p1a: Espathra|232/283 tox|[from] item: Leftovers\n|-damage|p1a: Espathra|147/283 tox|[from] psn\n|-ability|p1a: Espathra|Speed Boost|boost\n|-boost|p1a: Espathra|spe|1\n|upkeep\n|\n|t:|1781403459\n|switch|p2a: Vespiquen|Vespiquen, L99, F|181/299\n|-ability|p2a: Vespiquen|Pressure\n|turn|41\n|\n|t:|1781403462\n|-terastallize|p2a: Vespiquen|Steel\n|move|p1a: Espathra|Stored Power|p2a: Vespiquen\n|-resisted|p2a: Vespiquen\n|-damage|p2a: Vespiquen|18/299\n|move|p2a: Vespiquen|Roost|p2a: Vespiquen\n|-heal|p2a: Vespiquen|168/299\n|\n|-heal|p1a: Espathra|164/283 tox|[from] item: Leftovers\n|-damage|p1a: Espathra|62/283 tox|[from] psn\n|-ability|p1a: Espathra|Speed Boost|boost\n|-boost|p1a: Espathra|spe|1\n|upkeep\n|turn|42\n|\n|t:|1781403469\n|switch|p2a: Dragalge|Dragalge, L88, F|70/258 brn\n|move|p1a: Espathra|Roost|p1a: Espathra\n|-heal|p1a: Espathra|204/283 tox\n|-singleturn|p1a: Espathra|move: Roost\n|\n|-heal|p1a: Espathra|221/283 tox|[from] item: Leftovers\n|-heal|p2a: Dragalge|86/258 brn|[from] item: Leftovers\n|-damage|p1a: Espathra|102/283 tox|[from] psn\n|-damage|p2a: Dragalge|70/258 brn|[from] brn\n|upkeep\n|turn|43\n|\n|t:|1781403472\n|move|p1a: Espathra|Stored Power|p2a: Dragalge\n|-supereffective|p2a: Dragalge\n|-damage|p2a: Dragalge|0 fnt\n|faint|p2a: Dragalge\n|\n|-heal|p1a: Espathra|119/283 tox|[from] item: Leftovers\n|-damage|p1a: Espathra|0 fnt|[from] psn\n|faint|p1a: Espathra\n|\n|win|b3npaii\n", "uploadtime": 1781403183, "views": 7, "formatid": "gen9randombattle", "rating": null, "private": 0, "password": null}