{"id": "gen9randombattle-2631531622", "format": "[Gen 9] Random Battle", "players": ["cgbynrnrnyngrnr", "bazar231"], "log": "|j|\u2606cgbynrnrnyngrnr\n|j|\u2606bazar231\n|t:|1781397424\n|gametype|singles\n|player|p1|cgbynrnrnyngrnr|2|1040\n|player|p2|bazar231|170|1040\n|gen|9\n|tier|[Gen 9] Random Battle\n|rated|\n|rule|Species Clause: Limit one of each Pok\u00e9mon\n|rule|HP Percentage Mod: HP is shown in percentages\n|rule|Sleep Clause Mod: Limit one foe put to sleep\n|rule|Illusion Level Mod: Illusion disguises the Pok\u00e9mon's true level\n|\n|t:|1781397424\n|teamsize|p1|6\n|teamsize|p2|6\n|start\n|switch|p1a: Iron Thorns|Iron Thorns, L83|302/302\n|switch|p2a: Farigiraf|Farigiraf, L90, M|362/362\n|-item|p1a: Iron Thorns|Air Balloon\n|turn|1\n|\n|t:|1781397450\n|move|p2a: Farigiraf|Protect|p2a: Farigiraf\n|-singleturn|p2a: Farigiraf|Protect\n|move|p1a: Iron Thorns|Stealth Rock|p2a: Farigiraf\n|-sidestart|p2: bazar231|move: Stealth Rock\n|\n|upkeep\n|turn|2\n|\n|t:|1781397460\n|-end|p1a: Iron Thorns|Quark Drive|[silent]\n|switch|p1a: Perrserker|Perrserker, L89, M|269/269\n|move|p2a: Farigiraf|Body Slam|p1a: Perrserker\n|-resisted|p1a: Perrserker\n|-damage|p1a: Perrserker|224/269\n|\n|upkeep\n|turn|3\n|\n|t:|1781397467\n|move|p2a: Farigiraf|Psychic Noise|p1a: Perrserker\n|-resisted|p1a: Perrserker\n|-damage|p1a: Perrserker|162/269\n|-start|p1a: Perrserker|move: Heal Block\n|move|p1a: Perrserker|Knock Off|p2a: Farigiraf\n|-supereffective|p2a: Farigiraf\n|-damage|p2a: Farigiraf|0 fnt\n|-enditem|p2a: Farigiraf|Leftovers|[from] move: Knock Off|[of] p1a: Perrserker\n|faint|p2a: Farigiraf\n|\n|upkeep\n|\n|t:|1781397495\n|switch|p2a: Azumarill|Azumarill, L82, M|298/298\n|-damage|p2a: Azumarill|261/298|[from] Stealth Rock\n|turn|4\n|\n|t:|1781397504\n|switch|p1a: Iron Thorns|Iron Thorns, L83|302/302\n|-item|p1a: Iron Thorns|Air Balloon\n|move|p2a: Azumarill|Play Rough|p1a: Iron Thorns\n|-damage|p1a: Iron Thorns|163/302\n|-enditem|p1a: Iron Thorns|Air Balloon\n|\n|upkeep\n|turn|5\n|\n|t:|1781397524\n|switch|p2a: Pincurchin|Pincurchin, F|258/258\n|-damage|p2a: Pincurchin|226/258|[from] Stealth Rock\n|-fieldstart|move: Electric Terrain|[from] ability: Electric Surge|[of] p2a: Pincurchin\n|-activate|p1a: Iron Thorns|ability: Quark Drive\n|-start|p1a: Iron Thorns|quarkdriveatk\n|move|p1a: Iron Thorns|Earthquake|p2a: Pincurchin\n|-supereffective|p2a: Pincurchin\n|-damage|p2a: Pincurchin|40/258\n|\n|-heal|p2a: Pincurchin|56/258|[from] item: Leftovers\n|upkeep\n|turn|6\n|\n|t:|1781397543\n|move|p1a: Iron Thorns|Earthquake|p2a: Pincurchin\n|-supereffective|p2a: Pincurchin\n|-damage|p2a: Pincurchin|0 fnt\n|faint|p2a: Pincurchin\n|\n|upkeep\n|\n|t:|1781397549\n|switch|p2a: Archaludon|Archaludon, L78, M|268/268\n|-damage|p2a: Archaludon|252/268|[from] Stealth Rock\n|turn|7\n|\n|t:|1781397562\n|move|p2a: Archaludon|Outrage|p1a: Iron Thorns\n|-damage|p1a: Iron Thorns|70/302\n|move|p1a: Iron Thorns|Earthquake|p2a: Archaludon\n|-supereffective|p2a: Archaludon\n|-damage|p2a: Archaludon|70/268\n|-ability|p2a: Archaludon|Stamina|boost\n|-boost|p2a: Archaludon|def|1\n|\n|upkeep\n|turn|8\n|\n|t:|1781397570\n|move|p2a: Archaludon|Outrage|p1a: Iron Thorns|[from] lockedmove\n|-damage|p1a: Iron Thorns|0 fnt\n|faint|p1a: Iron Thorns\n|-end|p1a: Iron Thorns|Quark Drive|[silent]\n|\n|upkeep\n|\n|t:|1781397577\n|switch|p1a: Grumpig|Grumpig, L92, F|297/297\n|turn|9\n|\n|t:|1781397581\n|move|p1a: Grumpig|Earth Power|p2a: Archaludon\n|-supereffective|p2a: Archaludon\n|-crit|p2a: Archaludon\n|-damage|p2a: Archaludon|0 fnt\n|faint|p2a: Archaludon\n|\n|-fieldend|move: Electric Terrain\n|upkeep\n|\n|t:|1781397591\n|switch|p2a: Azumarill|Azumarill, L82, M|261/298\n|-damage|p2a: Azumarill|224/298|[from] Stealth Rock\n|turn|10\n|\n|t:|1781397601\n|switch|p1a: Arboliva|Arboliva, L91, F|288/288\n|move|p2a: Azumarill|Play Rough|p1a: Arboliva\n|-damage|p1a: Arboliva|131/288\n|-enditem|p1a: Arboliva|Sitrus Berry|[eat]\n|-heal|p1a: Arboliva|203/288|[from] item: Sitrus Berry\n|\n|-item|p1a: Arboliva|Sitrus Berry|[from] ability: Harvest\n|upkeep\n|turn|11\n|\n|t:|1781397611\n|move|p2a: Azumarill|Play Rough|p1a: Arboliva\n|-damage|p1a: Arboliva|62/288\n|-enditem|p1a: Arboliva|Sitrus Berry|[eat]\n|-heal|p1a: Arboliva|134/288|[from] item: Sitrus Berry\n|move|p1a: Arboliva|Leech Seed|p2a: Azumarill\n|-start|p2a: Azumarill|move: Leech Seed\n|\n|-damage|p2a: Azumarill|187/298|[from] Leech Seed|[of] p1a: Arboliva\n|-heal|p1a: Arboliva|171/288|[silent]\n|upkeep\n|turn|12\n|\n|t:|1781397622\n|move|p1a: Arboliva|Protect|p1a: Arboliva\n|-singleturn|p1a: Arboliva|Protect\n|move|p2a: Azumarill|Play Rough|p1a: Arboliva\n|-activate|p1a: Arboliva|move: Protect\n|\n|-damage|p2a: Azumarill|150/298|[from] Leech Seed|[of] p1a: Arboliva\n|-heal|p1a: Arboliva|208/288|[silent]\n|upkeep\n|turn|13\n|-message|bazar231 forfeited.\n|\n|win|cgbynrnrnyngrnr\n|raw|cgbynrnrnyngrnr's rating: 1040 &rarr; <strong>1074</strong><br />(+34 for winning)\n|raw|bazar231's rating: 1040 &rarr; <strong>1024</strong><br />(-16 for losing)\n|l|\u2606bazar231\n|player|p2|\n", "inputlog": ">version a8376a258c1d4662feba110a92103f3664a72141\n>start {\"formatid\":\"gen9randombattle\",\"seed\":\"sodium,6b7895c1313e61a546cf1f493c15dc3f\",\"rated\":\"Rated battle\"}\n>player p1 {\"name\":\"cgbynrnrnyngrnr\",\"avatar\":\"2\",\"rating\":1040,\"seed\":\"sodium,fb77a7c4e6cc6dfd39c984e4e9d72bed\"}\n>player p2 {\"name\":\"bazar231\",\"avatar\":\"170\",\"rating\":1040,\"seed\":\"sodium,06200ad1d3e14ab20fcfd82dd0ee8d0f\"}\n>p1 move stealthrock\n>p2 move protect\n>p1 switch 6\n>p2 move bodyslam\n>p1 move knockoff\n>p2 move psychicnoise\n>p2 switch 2\n>p1 switch 6\n>p2 move playrough\n>p1 move earthquake\n>p2 switch 4\n>p1 move earthquake\n>p2 move recover\n>p2 switch 6\n>p1 move earthquake\n>p2 move outrage\n>p1 move earthquake\n>p2 move outrage\n>p1 switch 5\n>p1 move earthpower\n>p2 move outrage\n>p2 switch 4\n>p1 switch 3\n>p2 move playrough\n>p1 move leechseed\n>p2 move playrough\n>p1 move protect\n>p2 move playrough\n>forcelose p2", "uploadtime": 1781397640, "views": 3, "formatid": "gen9randombattle", "rating": 1024, "private": 0, "password": null}