{"id": "gen9randombattle-2631584158", "format": "[Gen 9] Random Battle", "players": ["catlib", "latias999999999"], "log": "|j|\u2606catlib\n|j|\u2606latias999999999\n|t:|1781404659\n|gametype|singles\n|player|p1|catlib|birdkeeper|1963\n|player|p2|latias999999999|gardenia|2091\n|gen|9\n|tier|[Gen 9] Random Battle\n|rated|\n|rule|Species Clause: Limit one of each Pok\u00e9mon\n|rule|HP Percentage Mod: HP is shown in percentages\n|rule|Sleep Clause Mod: Limit one foe put to sleep\n|rule|Illusion Level Mod: Illusion disguises the Pok\u00e9mon's true level\n|\n|t:|1781404659\n|teamsize|p1|6\n|teamsize|p2|6\n|start\n|switch|p1a: Malamar|Malamar, L82, M|275/275\n|switch|p2a: Mienshao|Mienshao, L83, M|243/243\n|turn|1\n|inactive|Battle timer is ON: inactive players will automatically lose when time's up. (requested by latias999999999)\n|\n|t:|1781404684\n|switch|p1a: Noivern|Noivern, L82, M|274/274\n|move|p2a: Mienshao|U-turn|p1a: Noivern\n|-resisted|p1a: Noivern\n|-damage|p1a: Noivern|228/274\n|\n|t:|1781404696\n|switch|p2a: Rhydon|Rhydon, L85, F|317/317|[from] U-turn\n|\n|upkeep\n|turn|2\n|\n|t:|1781404714\n|switch|p1a: Empoleon|Empoleon, L84, F|278/278\n|move|p2a: Rhydon|Stealth Rock|p1a: Empoleon\n|-sidestart|p1: catlib|move: Stealth Rock\n|\n|upkeep\n|turn|3\n|inactive|latias999999999 has 120 seconds left.\n|\n|t:|1781404763\n|switch|p2a: Klefki|Klefki, L84, F|233/233\n|move|p1a: Empoleon|Yawn|p2a: Klefki\n|-start|p2a: Klefki|move: Yawn|[of] p1a: Empoleon\n|\n|upkeep\n|turn|4\n|inactive|latias999999999 has 90 seconds left.\n|inactive|catlib has 120 seconds left.\n|inactive|latias999999999 has 60 seconds left.\n|\n|t:|1781404844\n|switch|p2a: Dragalge|Dragalge, L88, M|258/258\n|switch|p1a: Medicham|Medicham, L86, F|243/243\n|-damage|p1a: Medicham|228/243|[from] Stealth Rock\n|\n|upkeep\n|turn|5\n|inactive|catlib has 120 seconds left.\n|inactive|latias999999999 has 30 seconds left.\n|\n|t:|1781404874\n|switch|p2a: Klefki|Klefki, L84, F|233/233\n|move|p1a: Medicham|Zen Headbutt|p2a: Klefki\n|-resisted|p2a: Klefki\n|-damage|p2a: Klefki|146/233\n|\n|-heal|p2a: Klefki|160/233|[from] item: Leftovers\n|upkeep\n|turn|6\n|inactive|latias999999999 has 30 seconds left.\n|inactive|latias999999999 has 20 seconds left.\n|inactive|latias999999999 has 15 seconds left.\n|\n|t:|1781404901\n|switch|p1a: Empoleon|Empoleon, L84, F|278/278\n|-damage|p1a: Empoleon|261/278|[from] Stealth Rock\n|move|p2a: Klefki|Thunder Wave|p1a: Empoleon\n|-status|p1a: Empoleon|par\n|\n|-heal|p2a: Klefki|174/233|[from] item: Leftovers\n|-heal|p1a: Empoleon|278/278 par|[from] item: Leftovers\n|upkeep\n|turn|7\n|inactive|latias999999999 has 25 seconds left this turn.\n|\n|t:|1781404913\n|move|p2a: Klefki|Spikes|p1a: Empoleon\n|-sidestart|p1: catlib|Spikes\n|cant|p1a: Empoleon|par\n|\n|-heal|p2a: Klefki|188/233|[from] item: Leftovers\n|upkeep\n|turn|8\n|inactive|latias999999999 has 30 seconds left.\n|\n|t:|1781404920\n|move|p2a: Klefki|Spikes|p1a: Empoleon\n|-sidestart|p1: catlib|Spikes\n|move|p1a: Empoleon|Surf|p2a: Klefki\n|-damage|p2a: Klefki|80/233\n|\n|-heal|p2a: Klefki|94/233|[from] item: Leftovers\n|upkeep\n|turn|9\n|\n|t:|1781404924\n|move|p2a: Klefki|Spikes|p1a: Empoleon\n|-sidestart|p1: catlib|Spikes\n|move|p1a: Empoleon|Surf|p2a: Klefki\n|-damage|p2a: Klefki|0 fnt\n|faint|p2a: Klefki\n|\n|upkeep\n|\n|t:|1781404932\n|switch|p2a: Mienshao|Mienshao, L83, M|243/243\n|turn|10\n|\n|t:|1781404940\n|switch|p1a: Noivern|Noivern, L82, M|228/274\n|move|p2a: Mienshao|High Jump Kick|p1a: Noivern|[miss]\n|-miss|p2a: Mienshao|p1a: Noivern\n|-damage|p2a: Mienshao|122/243|[from] highjumpkick\n|\n|upkeep\n|turn|11\n|\n|t:|1781404946\n|switch|p2a: Rhydon|Rhydon, L85, F|317/317\n|move|p1a: Noivern|Draco Meteor|p2a: Rhydon\n|-damage|p2a: Rhydon|181/317\n|-unboost|p1a: Noivern|spa|2\n|\n|upkeep\n|turn|12\n|inactive|latias999999999 has 60 seconds left.\n|\n|t:|1781404955\n|switch|p1a: Meganium|Meganium, L90, M|290/290\n|-damage|p1a: Meganium|254/290|[from] Stealth Rock\n|-damage|p1a: Meganium|182/290|[from] Spikes\n|move|p2a: Rhydon|Earthquake|p1a: Meganium\n|-resisted|p1a: Meganium\n|-damage|p1a: Meganium|119/290\n|\n|-heal|p1a: Meganium|137/290|[from] item: Leftovers\n|upkeep\n|turn|13\n|inactive|latias999999999 has 60 seconds left.\n|\n|t:|1781404972\n|switch|p2a: Dragalge|Dragalge, L88, M|258/258\n|move|p1a: Meganium|Leech Seed|p2a: Dragalge\n|-start|p2a: Dragalge|move: Leech Seed\n|\n|-heal|p1a: Meganium|155/290|[from] item: Leftovers\n|-damage|p2a: Dragalge|226/258|[from] Leech Seed|[of] p1a: Meganium\n|-heal|p1a: Meganium|187/290|[silent]\n|upkeep\n|turn|14\n|\n|t:|1781404981\n|switch|p1a: Empoleon|Empoleon, L84, F|278/278 par\n|-damage|p1a: Empoleon|261/278 par|[from] Stealth Rock\n|-damage|p1a: Empoleon|192/278 par|[from] Spikes\n|switch|p2a: Mienshao|Mienshao, L83, M|122/243\n|\n|-heal|p1a: Empoleon|209/278 par|[from] item: Leftovers\n|upkeep\n|turn|15\n|\n|t:|1781404989\n|switch|p1a: Noivern|Noivern, L82, M|228/274\n|move|p2a: Mienshao|Knock Off|p1a: Noivern\n|-damage|p1a: Noivern|102/274\n|-enditem|p1a: Noivern|Heavy-Duty Boots|[from] move: Knock Off|[of] p2a: Mienshao\n|\n|upkeep\n|turn|16\n|\n|t:|1781404998\n|switch|p2a: Ribombee|Ribombee, L83, M|235/235\n|move|p1a: Noivern|Hurricane|p2a: Ribombee|[miss]\n|-miss|p1a: Noivern|p2a: Ribombee\n|\n|upkeep\n|turn|17\n|\n|t:|1781405006\n|switch|p1a: Glimmora|Glimmora, L75, F|248/248\n|-damage|p1a: Glimmora|217/248|[from] Stealth Rock\n|-damage|p1a: Glimmora|155/248|[from] Spikes\n|move|p2a: Ribombee|Moonblast|p1a: Glimmora\n|-resisted|p1a: Glimmora\n|-damage|p1a: Glimmora|98/248\n|\n|upkeep\n|turn|18\n|\n|t:|1781405013\n|switch|p2a: Dragalge|Dragalge, L88, M|226/258\n|move|p1a: Glimmora|Meteor Beam||[still]\n|-prepare|p1a: Glimmora|Meteor Beam\n|-boost|p1a: Glimmora|spa|1\n|-enditem|p1a: Glimmora|Power Herb\n|-anim|p1a: Glimmora|Meteor Beam|p2a: Dragalge\n|-damage|p2a: Dragalge|81/258\n|\n|upkeep\n|turn|19\n|\n|t:|1781405020\n|move|p1a: Glimmora|Earth Power|p2a: Dragalge\n|-supereffective|p2a: Dragalge\n|-damage|p2a: Dragalge|0 fnt\n|faint|p2a: Dragalge\n|\n|upkeep\n|\n|t:|1781405030\n|switch|p2a: Mienshao|Mienshao, L83, M|122/243\n|turn|20\n|\n|t:|1781405034\n|move|p2a: Mienshao|High Jump Kick|p1a: Glimmora\n|-damage|p1a: Glimmora|0 fnt\n|-activate|p1a: Glimmora|ability: Toxic Debris\n|-sidestart|p2: latias999999999|move: Toxic Spikes\n|faint|p1a: Glimmora\n|\n|upkeep\n|\n|t:|1781405038\n|switch|p1a: Noivern|Noivern, L82, M|102/274\n|-damage|p1a: Noivern|34/274|[from] Stealth Rock\n|turn|21\n|\n|t:|1781405043\n|switch|p2a: Rhydon|Rhydon, L85, F|181/317\n|-status|p2a: Rhydon|psn\n|move|p1a: Noivern|Hurricane|p2a: Rhydon\n|-resisted|p2a: Rhydon\n|-damage|p2a: Rhydon|122/317 psn\n|\n|-damage|p2a: Rhydon|83/317 psn|[from] psn\n|upkeep\n|turn|22\n|\n|t:|1781405052\n|move|p1a: Noivern|Draco Meteor|p2a: Rhydon\n|-damage|p2a: Rhydon|0 fnt\n|-unboost|p1a: Noivern|spa|2\n|faint|p2a: Rhydon\n|\n|upkeep\n|\n|t:|1781405056\n|switch|p2a: Ambipom|Ambipom, L84, M|263/263\n|-status|p2a: Ambipom|psn\n|turn|23\n|\n|t:|1781405060\n|move|p2a: Ambipom|Fake Out|p1a: Noivern\n|-damage|p1a: Noivern|0 fnt\n|faint|p1a: Noivern\n|\n|-damage|p2a: Ambipom|231/263 psn|[from] psn\n|upkeep\n|\n|t:|1781405072\n|switch|p1a: Malamar|Malamar, L82, M|275/275\n|-damage|p1a: Malamar|241/275|[from] Stealth Rock\n|-damage|p1a: Malamar|173/275|[from] Spikes\n|turn|24\n|\n|t:|1781405084\n|-terastallize|p2a: Ambipom|Normal\n|move|p2a: Ambipom|Double-Edge|p1a: Malamar\n|-damage|p1a: Malamar|0 fnt\n|faint|p1a: Malamar\n|-damage|p2a: Ambipom|174/263 psn|[from] Recoil\n|\n|-damage|p2a: Ambipom|142/263 psn|[from] psn\n|upkeep\n|\n|t:|1781405096\n|switch|p1a: Empoleon|Empoleon, L84, F|209/278 par\n|-damage|p1a: Empoleon|192/278 par|[from] Stealth Rock\n|-damage|p1a: Empoleon|123/278 par|[from] Spikes\n|turn|25\n|\n|t:|1781405110\n|move|p2a: Ambipom|Low Kick|p1a: Empoleon\n|-supereffective|p1a: Empoleon\n|-damage|p1a: Empoleon|13/278 par\n|cant|p1a: Empoleon|par\n|\n|-heal|p1a: Empoleon|30/278 par|[from] item: Leftovers\n|-damage|p2a: Ambipom|110/263 psn|[from] psn\n|upkeep\n|turn|26\n|\n|t:|1781405116\n|move|p2a: Ambipom|Low Kick|p1a: Empoleon\n|-supereffective|p1a: Empoleon\n|-damage|p1a: Empoleon|0 fnt\n|faint|p1a: Empoleon\n|\n|-damage|p2a: Ambipom|78/263 psn|[from] psn\n|upkeep\n|\n|t:|1781405128\n|switch|p1a: Meganium|Meganium, L90, M|187/290\n|-damage|p1a: Meganium|151/290|[from] Stealth Rock\n|-damage|p1a: Meganium|79/290|[from] Spikes\n|turn|27\n|\n|t:|1781405131\n|move|p2a: Ambipom|Double-Edge|p1a: Meganium\n|-damage|p1a: Meganium|0 fnt\n|faint|p1a: Meganium\n|-damage|p2a: Ambipom|52/263 psn|[from] Recoil\n|\n|-damage|p2a: Ambipom|20/263 psn|[from] psn\n|upkeep\n|\n|t:|1781405133\n|switch|p1a: Medicham|Medicham, L86, F|228/243\n|-damage|p1a: Medicham|213/243|[from] Stealth Rock\n|-damage|p1a: Medicham|153/243|[from] Spikes\n|turn|28\n|\n|t:|1781405135\n|move|p2a: Ambipom|Double-Edge|p1a: Medicham\n|-damage|p1a: Medicham|0 fnt\n|faint|p1a: Medicham\n|-damage|p2a: Ambipom|0 fnt|[from] Recoil\n|faint|p2a: Ambipom\n|\n|win|latias999999999\n", "inputlog": ">version a8376a258c1d4662feba110a92103f3664a72141\n>start {\"formatid\":\"gen9randombattle\",\"seed\":\"sodium,518f4b03730a95a1147de82373f9e593\",\"rated\":\"Rated battle\"}\n>player p1 {\"name\":\"catlib\",\"avatar\":\"birdkeeper\",\"rating\":1963,\"seed\":\"sodium,0addd1e4f4cd38695f8816d240993c13\"}\n>player p2 {\"name\":\"latias999999999\",\"avatar\":\"gardenia\",\"rating\":2091,\"seed\":\"sodium,b129ee75da39412161f29abd27c1d14b\"}\n>p1 switch 2\n>p2 move uturn\n>p2 switch 3\n>p1 switch 3\n>p2 move stealthrock\n>p1 move yawn\n>p2 switch 4\n>p1 switch 5\n>p2 switch 5\n>p1 move zenheadbutt\n>p2 switch 5\n>p1 switch 5\n>p2 move thunderwave\n>p1 move yawn\n>p2 move spikes\n>p1 move surf\n>p2 move spikes\n>p1 move surf\n>p2 move spikes\n>p2 switch 3\n>p1 switch 3\n>p2 move highjumpkick\n>p1 move dracometeor\n>p2 switch 4\n>p1 switch 6\n>p2 move earthquake\n>p1 move leechseed\n>p2 switch 5\n>p1 switch 3\n>p2 switch 4\n>p1 switch 6\n>p2 move knockoff\n>p1 move hurricane\n>p2 switch 2\n>p1 switch 4\n>p2 move moonblast\n>p1 move meteorbeam\n>p2 switch 4\n>p1 move earthpower\n>p2 move dracometeor\n>p2 switch 2\n>p1 move sludgewave\n>p2 move highjumpkick\n>p1 switch 4\n>p1 move hurricane\n>p2 switch 5\n>p1 move dracometeor\n>p2 move stoneedge\n>p2 switch 6\n>p1 move roost\n>p2 move fakeout\n>p1 switch 2\n>p1 move rest\n>p2 move doubleedge terastallize\n>p1 switch 6\n>p1 move surf\n>p2 move lowkick\n>p1 move surf\n>p2 move lowkick\n>p1 switch 3\n>p1 move synthesis\n>p2 move doubleedge\n>p1 switch 5\n>p1 move zenheadbutt\n>p2 move doubleedge", "uploadtime": 1781404662, "views": 12, "formatid": "gen9randombattle", "rating": null, "private": 0, "password": null}