{"id": "gen9randombattle-2631517799", "format": "[Gen 9] Random Battle", "players": ["Warmdog", "gbrbbhhnnrhbrgbg"], "log": "|j|\u2606Warmdog\n|j|\u2606gbrbbhhnnrhbrgbg\n|t:|1781395486\n|gametype|singles\n|player|p1|Warmdog|102|1053\n|player|p2|gbrbbhhnnrhbrgbg|266|1040\n|gen|9\n|tier|[Gen 9] Random Battle\n|rated|\n|rule|Species Clause: Limit one of each Pok\u00e9mon\n|rule|HP Percentage Mod: HP is shown in percentages\n|rule|Sleep Clause Mod: Limit one foe put to sleep\n|rule|Illusion Level Mod: Illusion disguises the Pok\u00e9mon's true level\n|\n|t:|1781395486\n|teamsize|p1|6\n|teamsize|p2|6\n|start\n|switch|p1a: Spiritomb|Spiritomb, L89, F|234/234\n|switch|p2a: Greninja|Greninja, L80, M|246/246\n|turn|1\n|\n|t:|1781395513\n|move|p2a: Greninja|Hydro Pump|p1a: Spiritomb|[miss]\n|-start|p2a: Greninja|typechange|Water|[from] ability: Protean\n|-miss|p2a: Greninja|p1a: Spiritomb\n|move|p1a: Spiritomb|Poltergeist|p2a: Greninja\n|-activate|p2a: Greninja|move: Poltergeist|Life Orb\n|-damage|p2a: Greninja|98/246\n|\n|upkeep\n|turn|2\n|\n|t:|1781395533\n|move|p1a: Spiritomb|Sucker Punch|p2a: Greninja\n|-damage|p2a: Greninja|5/246\n|move|p2a: Greninja|Hydro Pump|p1a: Spiritomb\n|-damage|p1a: Spiritomb|113/234\n|-damage|p2a: Greninja|0 fnt|[from] item: Life Orb\n|faint|p2a: Greninja\n|\n|-heal|p1a: Spiritomb|127/234|[from] item: Leftovers\n|upkeep\n|\n|t:|1781395542\n|switch|p2a: Araquanid|Araquanid, L82, M|246/246\n|turn|3\n|\n|t:|1781395560\n|move|p2a: Araquanid|Sticky Web|p1a: Spiritomb\n|-sidestart|p1: Warmdog|move: Sticky Web\n|move|p1a: Spiritomb|Pain Split|p2a: Araquanid\n|-sethp|p2a: Araquanid|186/246|[from] move: Pain Split|[silent]\n|-sethp|p1a: Spiritomb|186/234|[from] move: Pain Split\n|\n|-heal|p1a: Spiritomb|200/234|[from] item: Leftovers\n|upkeep\n|turn|4\n|\n|t:|1781395576\n|move|p2a: Araquanid|Liquidation|p1a: Spiritomb\n|-damage|p1a: Spiritomb|94/234\n|-unboost|p1a: Spiritomb|def|1\n|move|p1a: Spiritomb|Poltergeist|p2a: Araquanid\n|-activate|p2a: Araquanid|move: Poltergeist|Heavy-Duty Boots\n|-damage|p2a: Araquanid|59/246\n|\n|-heal|p1a: Spiritomb|108/234|[from] item: Leftovers\n|upkeep\n|turn|5\n|\n|t:|1781395588\n|move|p1a: Spiritomb|Sucker Punch|p2a: Araquanid\n|-damage|p2a: Araquanid|0 fnt\n|faint|p2a: Araquanid\n|\n|-heal|p1a: Spiritomb|122/234|[from] item: Leftovers\n|upkeep\n|\n|t:|1781395592\n|switch|p2a: Slaking|Slaking, L84, M|389/389\n|turn|6\n|\n|t:|1781395601\n|move|p2a: Slaking|Knock Off|p1a: Spiritomb\n|-damage|p1a: Spiritomb|0 fnt\n|-enditem|p1a: Spiritomb|Leftovers|[from] move: Knock Off|[of] p2a: Slaking\n|faint|p1a: Spiritomb\n|\n|upkeep\n|\n|t:|1781395627\n|switch|p1a: Clodsire|Clodsire, L81, M|343/343\n|-activate|p1a: Clodsire|move: Sticky Web\n|-unboost|p1a: Clodsire|spe|1\n|turn|7\n|\n|t:|1781395633\n|switch|p2a: Iron Crown|Iron Crown, L78|268/268\n|move|p1a: Clodsire|Toxic Spikes|p2a: Iron Crown\n|-sidestart|p2: gbrbbhhnnrhbrgbg|move: Toxic Spikes\n|\n|upkeep\n|turn|8\n|\n|t:|1781395654\n|switch|p1a: Uxie|Uxie, L83|260/260\n|move|p2a: Iron Crown|Tachyon Cutter|p1a: Uxie\n|-damage|p1a: Uxie|199/260\n|-damage|p1a: Uxie|139/260\n|-hitcount|p1a: Uxie|2\n|\n|-heal|p1a: Uxie|155/260|[from] item: Leftovers\n|upkeep\n|turn|9\n|\n|t:|1781395668\n|move|p1a: Uxie|Thunder Wave|p2a: Iron Crown\n|-status|p2a: Iron Crown|par\n|move|p2a: Iron Crown|Tachyon Cutter|p1a: Uxie\n|-crit|p1a: Uxie\n|-damage|p1a: Uxie|52/260\n|-damage|p1a: Uxie|0 fnt\n|faint|p1a: Uxie\n|-hitcount|p1: Uxie|2\n|\n|upkeep\n|\n|t:|1781395684\n|switch|p1a: Infernape|Infernape, L82, F|259/259\n|-activate|p1a: Infernape|move: Sticky Web\n|-unboost|p1a: Infernape|spe|1\n|turn|10\n|\n|t:|1781395697\n|-end|p2a: Iron Crown|Quark Drive|[silent]\n|switch|p2a: Altaria|Altaria, L89, M|278/278\n|move|p1a: Infernape|Overheat|p2a: Altaria\n|-resisted|p2a: Altaria\n|-crit|p2a: Altaria\n|-damage|p2a: Altaria|171/278\n|-unboost|p1a: Infernape|spa|2\n|-damage|p1a: Infernape|234/259|[from] item: Life Orb\n|\n|upkeep\n|turn|11\n|\n|t:|1781395716\n|switch|p1a: Jirachi|Jirachi, L80|291/291\n|-activate|p1a: Jirachi|move: Sticky Web\n|-unboost|p1a: Jirachi|spe|1\n|move|p2a: Altaria|Brave Bird|p1a: Jirachi\n|-resisted|p1a: Jirachi\n|-damage|p1a: Jirachi|239/291\n|-damage|p2a: Altaria|154/278|[from] Recoil\n|\n|upkeep\n|turn|12\n|\n|t:|1781395752\n|move|p2a: Altaria|Defog|p1a: Jirachi\n|-unboost|p1a: Jirachi|evasion|1\n|-sideend|p1: Warmdog|Sticky Web|[from] move: Defog|[of] p2a: Altaria\n|-sideend|p2: gbrbbhhnnrhbrgbg|Toxic Spikes|[from] move: Defog|[of] p2a: Altaria\n|move|p1a: Jirachi|Body Slam|p2a: Altaria\n|-damage|p2a: Altaria|98/278\n|-status|p2a: Altaria|par\n|\n|upkeep\n|turn|13\n|\n|t:|1781395762\n|move|p1a: Jirachi|Iron Head|p2a: Altaria\n|-damage|p2a: Altaria|28/278 par\n|move|p2a: Altaria|Brave Bird|p1a: Jirachi\n|-resisted|p1a: Jirachi\n|-damage|p1a: Jirachi|191/291\n|-damage|p2a: Altaria|12/278 par|[from] Recoil\n|\n|upkeep\n|turn|14\n|\n|t:|1781395783\n|move|p1a: Jirachi|Drain Punch|p2a: Altaria\n|-resisted|p2a: Altaria\n|-damage|p2a: Altaria|0 fnt\n|-heal|p1a: Jirachi|197/291|[from] drain|[of] p2a: Altaria\n|faint|p2a: Altaria\n|\n|upkeep\n|\n|t:|1781395785\n|switch|p2a: Golem|Golem, L87, F|281/281\n|turn|15\n|\n|t:|1781395801\n|move|p1a: Jirachi|Drain Punch|p2a: Golem\n|-supereffective|p2a: Golem\n|-damage|p2a: Golem|213/281\n|-heal|p1a: Jirachi|231/291|[from] drain|[of] p2a: Golem\n|-enditem|p2a: Golem|Weakness Policy\n|-boost|p2a: Golem|atk|2|[from] item: Weakness Policy\n|-boost|p2a: Golem|spa|2|[from] item: Weakness Policy\n|move|p2a: Golem|Rock Polish|p2a: Golem\n|-boost|p2a: Golem|spe|2\n|\n|upkeep\n|turn|16\n|\n|t:|1781395813\n|move|p2a: Golem|Earthquake|p1a: Jirachi\n|-supereffective|p1a: Jirachi\n|-damage|p1a: Jirachi|0 fnt\n|faint|p1a: Jirachi\n|\n|upkeep\n|\n|t:|1781395831\n|switch|p1a: Landorus|Landorus-Therian, L76, M|260/260\n|-ability|p1a: Landorus|Intimidate|boost\n|-unboost|p2a: Golem|atk|1\n|turn|17\n|\n|t:|1781395836\n|move|p2a: Golem|Stone Edge|p1a: Landorus\n|-damage|p1a: Landorus|46/260\n|move|p1a: Landorus|Earthquake|p2a: Golem\n|-supereffective|p2a: Golem\n|-damage|p2a: Golem|27/281\n|\n|-heal|p1a: Landorus|62/260|[from] item: Leftovers\n|upkeep\n|turn|18\n|\n|t:|1781395846\n|move|p2a: Golem|Stone Edge|p1a: Landorus\n|-damage|p1a: Landorus|0 fnt\n|faint|p1a: Landorus\n|\n|upkeep\n|-message|Warmdog forfeited.\n|\n|win|gbrbbhhnnrhbrgbg\n|raw|Warmdog's rating: 1053 &rarr; <strong>1034</strong><br />(-19 for losing)\n|raw|gbrbbhhnnrhbrgbg's rating: 1040 &rarr; <strong>1075</strong><br />(+35 for winning)\n|l|\u2606Warmdog\n|player|p1|\n", "inputlog": ">version a8376a258c1d4662feba110a92103f3664a72141\n>start {\"formatid\":\"gen9randombattle\",\"seed\":\"sodium,b78c796ba04279764eea4e22a7e7591b\",\"rated\":\"Rated battle\"}\n>player p1 {\"name\":\"Warmdog\",\"avatar\":\"102\",\"rating\":1053,\"seed\":\"sodium,5a02223662671b38ecbb1b2f692b8092\"}\n>player p2 {\"name\":\"gbrbbhhnnrhbrgbg\",\"avatar\":\"266\",\"rating\":1040,\"seed\":\"sodium,bde3de9b5f1e0158090b4bf4dd46938a\"}\n>p1 move poltergeist\n>p2 move hydropump\n>p1 move suckerpunch\n>p2 move hydropump\n>p2 switch 3\n>p1 move painsplit\n>p2 move stickyweb\n>p1 move poltergeist\n>p2 move liquidation\n>p1 move suckerpunch\n>p2 move leechlife\n>p2 switch 6\n>p1 move painsplit\n>p2 move knockoff\n>p1 switch 2\n>p1 move toxicspikes\n>p2 switch 2\n>p1 switch 3\n>p2 move tachyoncutter\n>p1 move thunderwave\n>p2 move tachyoncutter\n>p1 switch 4\n>p1 move overheat\n>p2 switch 4\n>p1 switch 5\n>p2 move bravebird\n>p1 move bodyslam\n>p2 move defog\n>p1 move ironhead\n>p2 move bravebird\n>p1 move drainpunch\n>p2 move bravebird\n>p2 switch 5\n>p1 move drainpunch\n>p2 move rockpolish\n>p1 move ironhead\n>p2 move earthquake\n>p1 switch 6\n>p1 move earthquake\n>p2 move stoneedge\n>p1 move earthquake\n>p2 move stoneedge\n>forcelose p1", "uploadtime": 1781395851, "views": 3, "formatid": "gen9randombattle", "rating": 1034, "private": 0, "password": null}