{"id": "gen9randombattle-2631403170", "format": "[Gen 9] Random Battle", "players": ["nano jump", "Usummega"], "log": "|j|\u2606nano jump\n|j|\u2606Usummega\n|t:|1781380456\n|gametype|singles\n|player|p1|nano jump|steven-masters|2312\n|player|p2|Usummega|maxie-gen6|2348\n|gen|9\n|tier|[Gen 9] Random Battle\n|rated|\n|rule|Species Clause: Limit one of each Pok\u00e9mon\n|rule|HP Percentage Mod: HP is shown in percentages\n|rule|Sleep Clause Mod: Limit one foe put to sleep\n|rule|Illusion Level Mod: Illusion disguises the Pok\u00e9mon's true level\n|\n|t:|1781380456\n|teamsize|p1|6\n|teamsize|p2|6\n|start\n|switch|p1a: Lucario|Lucario, L84, M|255/255\n|switch|p2a: Glaceon|Glaceon, L94, M|275/275\n|turn|1\n|inactive|Battle timer is ON: inactive players will automatically lose when time's up. (requested by nano jump)\n|\n|t:|1781380474\n|switch|p2a: Mew|Mew, L82|298/298\n|move|p1a: Lucario|Focus Blast|p2a: Mew\n|-resisted|p2a: Mew\n|-damage|p2a: Mew|216/298\n|-damage|p1a: Lucario|230/255|[from] item: Life Orb\n|\n|upkeep\n|turn|2\n|\n|t:|1781380484\n|switch|p1a: Basculegion|Basculegion, L80, M|323/323\n|move|p2a: Mew|Nasty Plot|p2a: Mew\n|-boost|p2a: Mew|spa|2\n|\n|upkeep\n|turn|3\n|\n|t:|1781380494\n|move|p2a: Mew|Psychic|p1a: Basculegion\n|-damage|p1a: Basculegion|144/323\n|-damage|p2a: Mew|187/298|[from] item: Life Orb\n|move|p1a: Basculegion|Shadow Ball|p2a: Mew\n|-supereffective|p2a: Mew\n|-damage|p2a: Mew|7/298\n|\n|upkeep\n|turn|4\n|\n|t:|1781380499\n|switch|p2a: Glaceon|Glaceon, L94, M|275/275\n|move|p1a: Basculegion|Aqua Jet|p2a: Glaceon\n|-damage|p2a: Glaceon|231/275\n|\n|upkeep\n|turn|5\n|\n|t:|1781380504\n|switch|p1a: Lucario|Lucario, L84, M|230/255\n|move|p2a: Glaceon|Freeze-Dry|p1a: Lucario\n|-resisted|p1a: Lucario\n|-damage|p1a: Lucario|166/255\n|-status|p1a: Lucario|frz\n|\n|upkeep\n|turn|6\n|\n|t:|1781380514\n|switch|p2a: Pikachu|Pikachu-Unova, L93, M|216/216\n|cant|p1a: Lucario|frz\n|\n|upkeep\n|turn|7\n|\n|t:|1781380522\n|switch|p1a: Houndstone|Houndstone, L86, F|264/264\n|move|p2a: Pikachu|Knock Off|p1a: Houndstone\n|-supereffective|p1a: Houndstone\n|-damage|p1a: Houndstone|164/264\n|-enditem|p1a: Houndstone|Assault Vest|[from] move: Knock Off|[of] p2a: Pikachu\n|\n|upkeep\n|turn|8\n|inactive|Usummega has 120 seconds left.\n|inactive|Usummega has 90 seconds left.\n|\n|t:|1781380598\n|switch|p2a: Avalugg|Avalugg, L88, F|310/310\n|move|p1a: Houndstone|Poltergeist|p2a: Avalugg|[miss]\n|-miss|p1a: Houndstone|p2a: Avalugg\n|\n|upkeep\n|turn|9\n|\n|t:|1781380617\n|switch|p1a: Basculegion|Basculegion, L80, M|144/323\n|move|p2a: Avalugg|Avalanche|p1a: Basculegion\n|-resisted|p1a: Basculegion\n|-damage|p1a: Basculegion|92/323\n|\n|upkeep\n|turn|10\n|\n|t:|1781380637\n|switch|p2a: Glaceon|Glaceon, L94, M|231/275\n|move|p1a: Basculegion|Shadow Ball|p2a: Glaceon\n|-damage|p2a: Glaceon|157/275\n|\n|upkeep\n|turn|11\n|\n|t:|1781380647\n|switch|p1a: Lucario|Lucario, L84, M|166/255 frz\n|move|p2a: Glaceon|Freeze-Dry|p1a: Lucario\n|-resisted|p1a: Lucario\n|-damage|p1a: Lucario|100/255 frz\n|\n|upkeep\n|turn|12\n|\n|t:|1781380669\n|switch|p2a: Pikachu|Pikachu-Unova, L93, M|216/216\n|cant|p1a: Lucario|frz\n|\n|upkeep\n|turn|13\n|\n|t:|1781380680\n|switch|p1a: Houndstone|Houndstone, L86, F|164/264\n|move|p2a: Pikachu|Surf|p1a: Houndstone\n|-damage|p1a: Houndstone|73/264\n|\n|upkeep\n|turn|14\n|\n|t:|1781380702\n|move|p1a: Houndstone|Shadow Sneak|p2a: Pikachu\n|-damage|p2a: Pikachu|149/216\n|move|p2a: Pikachu|Surf|p1a: Houndstone\n|-damage|p1a: Houndstone|0 fnt\n|faint|p1a: Houndstone\n|\n|upkeep\n|\n|t:|1781380706\n|switch|p1a: Swalot|Swalot, L90, F|326/326\n|turn|15\n|\n|t:|1781380721\n|switch|p2a: Bronzong|Bronzong, L88|261/261\n|move|p1a: Swalot|Knock Off|p2a: Bronzong\n|-supereffective|p2a: Bronzong\n|-damage|p2a: Bronzong|159/261\n|-enditem|p2a: Bronzong|Leftovers|[from] move: Knock Off|[of] p1a: Swalot\n|\n|upkeep\n|turn|16\n|\n|t:|1781380728\n|switch|p1a: Basculegion|Basculegion, L80, M|92/323\n|move|p2a: Bronzong|Psychic Noise|p1a: Basculegion\n|-damage|p1a: Basculegion|32/323\n|-start|p1a: Basculegion|move: Heal Block\n|\n|upkeep\n|turn|17\n|\n|t:|1781380734\n|switch|p2a: Mew|Mew, L82|7/298\n|move|p1a: Basculegion|Shadow Ball|p2a: Mew\n|-supereffective|p2a: Mew\n|-damage|p2a: Mew|0 fnt\n|faint|p2a: Mew\n|\n|-end|p1a: Basculegion|move: Heal Block\n|upkeep\n|\n|t:|1781380737\n|switch|p2a: Glaceon|Glaceon, L94, M|157/275\n|turn|18\n|\n|t:|1781380741\n|switch|p1a: Lucario|Lucario, L84, M|100/255 frz\n|move|p2a: Glaceon|Freeze-Dry|p1a: Lucario\n|-resisted|p1a: Lucario\n|-damage|p1a: Lucario|28/255 frz\n|\n|upkeep\n|turn|19\n|\n|t:|1781380750\n|cant|p1a: Lucario|frz\n|move|p2a: Glaceon|Freeze-Dry|p1a: Lucario\n|-resisted|p1a: Lucario\n|-damage|p1a: Lucario|0 fnt\n|faint|p1a: Lucario\n|\n|upkeep\n|\n|t:|1781380753\n|switch|p1a: Torkoal|Torkoal, L88, M|266/266\n|-weather|SunnyDay|[from] ability: Drought|[of] p1a: Torkoal\n|turn|20\n|\n|t:|1781380768\n|switch|p2a: Toucannon|Toucannon, L88, M|284/284\n|move|p1a: Torkoal|Fire Blast|p2a: Toucannon|[miss]\n|-miss|p1a: Torkoal|p2a: Toucannon\n|\n|-weather|SunnyDay|[upkeep]\n|upkeep\n|turn|21\n|\n|t:|1781380775\n|switch|p1a: Toucannon|Toucannon, L88, M|284/284\n|move|p2a: Toucannon|Boomburst|p1a: Toucannon\n|-damage|p1a: Toucannon|131/284\n|\n|-weather|SunnyDay|[upkeep]\n|upkeep\n|turn|22\n|\n|t:|1781380780\n|move|p1a: Toucannon|Boomburst|p2a: Toucannon\n|-crit|p2a: Toucannon\n|-damage|p2a: Toucannon|56/284\n|move|p2a: Toucannon|Boomburst|p1a: Toucannon\n|-damage|p1a: Toucannon|0 fnt\n|faint|p1a: Toucannon\n|\n|-weather|SunnyDay|[upkeep]\n|upkeep\n|\n|t:|1781380784\n|switch|p1a: Basculegion|Basculegion, L80, M|32/323\n|turn|23\n|\n|t:|1781380789\n|switch|p2a: Bronzong|Bronzong, L88|159/261\n|move|p1a: Basculegion|Wave Crash|p2a: Bronzong\n|-damage|p2a: Bronzong|97/261\n|-damage|p1a: Basculegion|12/323|[from] Recoil\n|\n|-weather|SunnyDay|[upkeep]\n|upkeep\n|turn|24\n|\n|t:|1781380795\n|switch|p2a: Glaceon|Glaceon, L94, M|157/275\n|move|p1a: Basculegion|Shadow Ball|p2a: Glaceon\n|-damage|p2a: Glaceon|75/275\n|\n|-weather|none\n|upkeep\n|turn|25\n|\n|t:|1781380802\n|switch|p1a: Torkoal|Torkoal, L88, M|266/266\n|-weather|SunnyDay|[from] ability: Drought|[of] p1a: Torkoal\n|move|p2a: Glaceon|Freeze-Dry|p1a: Torkoal\n|-resisted|p1a: Torkoal\n|-damage|p1a: Torkoal|203/266\n|\n|-weather|SunnyDay|[upkeep]\n|upkeep\n|turn|26\n|\n|t:|1781380817\n|switch|p2a: Bronzong|Bronzong, L88|97/261\n|move|p1a: Torkoal|Fire Blast|p2a: Bronzong\n|-supereffective|p2a: Bronzong\n|-damage|p2a: Bronzong|0 fnt\n|faint|p2a: Bronzong\n|\n|-weather|SunnyDay|[upkeep]\n|upkeep\n|\n|t:|1781380819\n|switch|p2a: Toucannon|Toucannon, L88, M|56/284\n|turn|27\n|\n|t:|1781380822\n|switch|p1a: Basculegion|Basculegion, L80, M|12/323\n|move|p2a: Toucannon|Knock Off|p1a: Basculegion\n|-supereffective|p1a: Basculegion\n|-damage|p1a: Basculegion|0 fnt\n|-enditem|p1a: Basculegion|Assault Vest|[from] move: Knock Off|[of] p2a: Toucannon\n|faint|p1a: Basculegion\n|\n|-weather|SunnyDay|[upkeep]\n|upkeep\n|\n|t:|1781380824\n|switch|p1a: Swalot|Swalot, L90, F|326/326\n|turn|28\n|\n|t:|1781380832\n|switch|p2a: Avalugg|Avalugg, L88, F|310/310\n|move|p1a: Swalot|Gunk Shot|p2a: Avalugg\n|-damage|p2a: Avalugg|246/310\n|-status|p2a: Avalugg|psn\n|\n|-weather|SunnyDay|[upkeep]\n|-damage|p2a: Avalugg|208/310 psn|[from] psn\n|upkeep\n|turn|29\n|\n|t:|1781380838\n|switch|p1a: Torkoal|Torkoal, L88, M|203/266\n|move|p2a: Avalugg|Avalanche|p1a: Torkoal\n|-resisted|p1a: Torkoal\n|-damage|p1a: Torkoal|177/266\n|\n|-weather|none\n|-damage|p2a: Avalugg|170/310 psn|[from] psn\n|upkeep\n|turn|30\n|\n|t:|1781380842\n|move|p2a: Avalugg|Body Press|p1a: Torkoal\n|-damage|p1a: Torkoal|108/266\n|move|p1a: Torkoal|Fire Blast|p2a: Avalugg\n|-supereffective|p2a: Avalugg\n|-damage|p2a: Avalugg|0 fnt\n|faint|p2a: Avalugg\n|\n|upkeep\n|\n|t:|1781380852\n|switch|p2a: Toucannon|Toucannon, L88, M|56/284\n|turn|31\n|\n|t:|1781380856\n|move|p2a: Toucannon|Boomburst|p1a: Torkoal\n|-damage|p1a: Torkoal|0 fnt\n|faint|p1a: Torkoal\n|\n|upkeep\n|\n|t:|1781380857\n|switch|p1a: Swalot|Swalot, L90, F|326/326\n|turn|32\n|j| Manxas\n|\n|t:|1781380876\n|move|p2a: Toucannon|Knock Off|p1a: Swalot\n|-damage|p1a: Swalot|234/326\n|-enditem|p1a: Swalot|Leftovers|[from] move: Knock Off|[of] p2a: Toucannon\n|move|p1a: Swalot|Gunk Shot|p2a: Toucannon|[miss]\n|-miss|p1a: Swalot|p2a: Toucannon\n|\n|upkeep\n|turn|33\n|\n|t:|1781380881\n|move|p2a: Toucannon|Boomburst|p1a: Swalot\n|-damage|p1a: Swalot|107/326\n|move|p1a: Swalot|Gunk Shot|p2a: Toucannon\n|-damage|p2a: Toucannon|0 fnt\n|faint|p2a: Toucannon\n|\n|upkeep\n|\n|t:|1781380887\n|switch|p2a: Pikachu|Pikachu-Unova, L93, M|149/216\n|turn|34\n|\n|t:|1781380891\n|move|p2a: Pikachu|Fake Out|p1a: Swalot\n|-damage|p1a: Swalot|57/326\n|cant|p1a: Swalot|flinch\n|\n|upkeep\n|turn|35\n|\n|t:|1781380910\n|-terastallize|p1a: Swalot|Dark\n|move|p2a: Pikachu|Surf|p1a: Swalot\n|-damage|p1a: Swalot|0 fnt\n|faint|p1a: Swalot\n|\n|win|Usummega\n", "inputlog": ">version a8376a258c1d4662feba110a92103f3664a72141\n>start {\"formatid\":\"gen9randombattle\",\"seed\":\"sodium,0149727d5c33c6db3bb7550bdf898710\",\"rated\":\"Rated battle\"}\n>player p1 {\"name\":\"nano jump\",\"avatar\":\"steven-masters\",\"rating\":2312,\"seed\":\"sodium,b5ea65a7e79d29e6fe62edad0b3a1ab8\"}\n>player p2 {\"name\":\"Usummega\",\"avatar\":\"maxie-gen6\",\"rating\":2348,\"seed\":\"sodium,c51e981c5c9aefd8689a98111cb1719a\"}\n>p1 move focusblast\n>p2 switch 6\n>p1 switch 4\n>p2 move nastyplot\n>p1 move shadowball\n>p2 move psychic\n>p1 move aquajet\n>p2 switch 6\n>p1 switch 4\n>p2 move freezedry\n>p1 move focusblast\n>p2 switch 5\n>p1 switch 2\n>p2 move knockoff\n>p1 move poltergeist\n>p2 switch 4\n>p1 switch 4\n>p2 move avalanche\n>p1 move shadowball\n>p2 switch 5\n>p1 switch 2\n>p2 move freezedry\n>p1 move focusblast\n>p2 switch 4\n>p1 switch 4\n>p2 move surf\n>p1 move shadowsneak\n>p2 move surf\n>p1 switch 5\n>p1 move knockoff\n>p2 switch 3\n>p1 switch 2\n>p2 move psychicnoise\n>p1 move shadowball\n>p2 switch 6\n>p2 switch 4\n>p1 switch 4\n>p2 move freezedry\n>p1 move flashcannon\n>p2 move freezedry\n>p1 switch 3\n>p1 move fireblast\n>p2 switch 2\n>p1 switch 6\n>p2 move boomburst\n>p1 move boomburst\n>p2 move boomburst\n>p1 switch 4\n>p1 move wavecrash\n>p2 switch 6\n>p1 move shadowball\n>p2 switch 2\n>p1 switch 6\n>p2 move freezedry\n>p1 move fireblast\n>p2 switch 2\n>p2 switch 6\n>p1 switch 6\n>p2 move knockoff\n>p1 switch 2\n>p1 move gunkshot\n>p2 switch 5\n>p1 switch 6\n>p2 move avalanche\n>p1 move fireblast\n>p2 move bodypress\n>p2 switch 5\n>p1 move fireblast\n>p2 move boomburst\n>p1 switch 6\n>p1 move gunkshot\n>p2 move knockoff\n>p1 move gunkshot\n>p2 move boomburst\n>p2 switch 3\n>p1 move earthquake\n>p2 move fakeout\n>p1 move earthquake terastallize\n>p2 move surf", "uploadtime": 1781380458, "views": 10, "formatid": "gen9randombattle", "rating": null, "private": 0, "password": null}