{"id": "gen9randombattle-2631413775", "format": "[Gen 9] Random Battle", "players": ["UmbreonSolitario", "drugty"], "log": "|j|\u2606UmbreonSolitario\n|j|\u2606drugty\n|t:|1781381710\n|gametype|singles\n|player|p1|UmbreonSolitario|102|1959\n|player|p2|drugty|2|1905\n|gen|9\n|tier|[Gen 9] Random Battle\n|rated|\n|rule|Species Clause: Limit one of each Pok\u00e9mon\n|rule|HP Percentage Mod: HP is shown in percentages\n|rule|Sleep Clause Mod: Limit one foe put to sleep\n|rule|Illusion Level Mod: Illusion disguises the Pok\u00e9mon's true level\n|\n|t:|1781381710\n|teamsize|p1|6\n|teamsize|p2|6\n|start\n|switch|p1a: Cacturne|Cacturne, L92, M|278/278\n|switch|p2a: Suicune|Suicune, L82|298/298\n|-ability|p2a: Suicune|Pressure\n|turn|1\n|\n|t:|1781381727\n|switch|p2a: Seviper|Seviper, L93, F|287/287\n|move|p1a: Cacturne|Swords Dance|p1a: Cacturne\n|-boost|p1a: Cacturne|atk|2\n|\n|upkeep\n|turn|2\n|\n|t:|1781381734\n|move|p2a: Seviper|Gunk Shot|p1a: Cacturne\n|-supereffective|p1a: Cacturne\n|-damage|p1a: Cacturne|0 fnt\n|faint|p1a: Cacturne\n|-damage|p2a: Seviper|259/287|[from] item: Life Orb\n|\n|upkeep\n|\n|t:|1781381740\n|switch|p1a: Tinkaton|Tinkaton, L82, F|274/274\n|-ability|p1a: Tinkaton|Mold Breaker\n|turn|3\n|\n|t:|1781381748\n|move|p1a: Tinkaton|Swords Dance|p1a: Tinkaton\n|-boost|p1a: Tinkaton|atk|2\n|move|p2a: Seviper|Earthquake|p1a: Tinkaton\n|-supereffective|p1a: Tinkaton\n|-damage|p1a: Tinkaton|35/274\n|-damage|p2a: Seviper|231/287|[from] item: Life Orb\n|\n|-heal|p1a: Tinkaton|52/274|[from] item: Leftovers\n|upkeep\n|turn|4\n|\n|t:|1781381763\n|move|p1a: Tinkaton|Gigaton Hammer|p2a: Seviper\n|-damage|p2a: Seviper|0 fnt\n|faint|p2a: Seviper\n|\n|-heal|p1a: Tinkaton|69/274|[from] item: Leftovers\n|upkeep\n|\n|t:|1781381780\n|switch|p2a: Delphox|Delphox, L84, F|263/263\n|turn|5\n|\n|t:|1781381790\n|move|p2a: Delphox|Fire Blast|p1a: Tinkaton\n|-supereffective|p1a: Tinkaton\n|-damage|p1a: Tinkaton|0 fnt\n|faint|p1a: Tinkaton\n|\n|upkeep\n|\n|t:|1781381804\n|switch|p1a: Sandy Shocks|Sandy Shocks, L80|267/267\n|turn|6\n|\n|t:|1781381813\n|switch|p2a: Flapple|Flapple, L88, M|266/266\n|move|p1a: Sandy Shocks|Thunderbolt|p2a: Flapple\n|-resisted|p2a: Flapple\n|-damage|p2a: Flapple|230/266\n|\n|upkeep\n|turn|7\n|\n|t:|1781381818\n|move|p1a: Sandy Shocks|Thunder Wave|p2a: Flapple\n|-status|p2a: Flapple|par\n|move|p2a: Flapple|Dragon Dance|p2a: Flapple\n|-boost|p2a: Flapple|atk|1\n|-boost|p2a: Flapple|spe|1\n|\n|upkeep\n|turn|8\n|\n|t:|1781381837\n|-end|p1a: Sandy Shocks|Protosynthesis|[silent]\n|switch|p1a: Kingambit|Kingambit, L74, F|270/270\n|-activate|p1a: Kingambit|ability: Supreme Overlord\n|-start|p1a: Kingambit|fallen2|[silent]\n|move|p2a: Flapple|Grav Apple|p1a: Kingambit\n|-resisted|p1a: Kingambit\n|-damage|p1a: Kingambit|171/270\n|-unboost|p1a: Kingambit|def|1\n|\n|-heal|p1a: Kingambit|187/270|[from] item: Leftovers\n|upkeep\n|turn|9\n|\n|t:|1781381847\n|cant|p2a: Flapple|par\n|move|p1a: Kingambit|Iron Head|p2a: Flapple\n|-damage|p2a: Flapple|115/266 par\n|\n|-heal|p1a: Kingambit|203/270|[from] item: Leftovers\n|upkeep\n|turn|10\n|\n|t:|1781381849\n|move|p1a: Kingambit|Sucker Punch|p2a: Flapple\n|-damage|p2a: Flapple|30/266 par\n|move|p2a: Flapple|Outrage|p1a: Kingambit|[miss]\n|-miss|p2a: Flapple|p1a: Kingambit\n|\n|-heal|p1a: Kingambit|219/270|[from] item: Leftovers\n|upkeep\n|turn|11\n|\n|t:|1781381859\n|move|p2a: Flapple|Outrage|p1a: Kingambit\n|-resisted|p1a: Kingambit\n|-damage|p1a: Kingambit|0 fnt\n|faint|p1a: Kingambit\n|-end|p1a: Kingambit|fallen2|[silent]\n|\n|upkeep\n|\n|t:|1781381865\n|switch|p1a: Sandy Shocks|Sandy Shocks, L80|267/267\n|turn|12\n|\n|t:|1781381866\n|move|p1a: Sandy Shocks|Thunderbolt|p2a: Flapple\n|-resisted|p2a: Flapple\n|-damage|p2a: Flapple|0 fnt\n|faint|p2a: Flapple\n|\n|upkeep\n|\n|t:|1781381873\n|switch|p2a: Calyrex|Calyrex, L93|337/337\n|-ability|p2a: Calyrex|Unnerve\n|turn|13\n|\n|t:|1781381877\n|move|p1a: Sandy Shocks|Thunder Wave|p2a: Calyrex\n|-status|p2a: Calyrex|par\n|move|p2a: Calyrex|Leech Seed|p1a: Sandy Shocks\n|-start|p1a: Sandy Shocks|move: Leech Seed\n|\n|-damage|p1a: Sandy Shocks|234/267|[from] Leech Seed|[of] p2a: Calyrex\n|upkeep\n|turn|14\n|\n|t:|1781381884\n|-end|p1a: Sandy Shocks|Protosynthesis|[silent]\n|switch|p1a: Lapras|Lapras, L87, F|367/367\n|cant|p2a: Calyrex|par\n|\n|upkeep\n|turn|15\n|\n|t:|1781381911\n|-terastallize|p2a: Calyrex|Fighting\n|move|p1a: Lapras|Freeze-Dry|p2a: Calyrex\n|-damage|p2a: Calyrex|234/337 par\n|cant|p2a: Calyrex|par\n|\n|-heal|p2a: Calyrex|255/337 par|[from] item: Leftovers\n|upkeep\n|turn|16\n|\n|t:|1781381920\n|move|p1a: Lapras|Freeze-Dry|p2a: Calyrex\n|-damage|p2a: Calyrex|143/337 par\n|move|p2a: Calyrex|Leech Seed|p1a: Lapras\n|-start|p1a: Lapras|move: Leech Seed\n|\n|-heal|p2a: Calyrex|164/337 par|[from] item: Leftovers\n|-damage|p1a: Lapras|322/367|[from] Leech Seed|[of] p2a: Calyrex\n|-heal|p2a: Calyrex|209/337 par|[silent]\n|upkeep\n|turn|17\n|\n|t:|1781381925\n|switch|p1a: Sandy Shocks|Sandy Shocks, L80|234/267\n|move|p2a: Calyrex|Body Press|p1a: Sandy Shocks\n|-damage|p1a: Sandy Shocks|147/267\n|\n|-heal|p1a: Sandy Shocks|163/267|[from] item: Leftovers\n|-heal|p2a: Calyrex|230/337 par|[from] item: Leftovers\n|upkeep\n|turn|18\n|\n|t:|1781381937\n|move|p1a: Sandy Shocks|Thunderbolt|p2a: Calyrex\n|-crit|p2a: Calyrex\n|-damage|p2a: Calyrex|74/337 par\n|cant|p2a: Calyrex|par\n|\n|-heal|p1a: Sandy Shocks|179/267|[from] item: Leftovers\n|-heal|p2a: Calyrex|95/337 par|[from] item: Leftovers\n|upkeep\n|turn|19\n|\n|t:|1781381942\n|move|p1a: Sandy Shocks|Thunderbolt|p2a: Calyrex\n|-damage|p2a: Calyrex|0 fnt\n|faint|p2a: Calyrex\n|\n|-heal|p1a: Sandy Shocks|195/267|[from] item: Leftovers\n|upkeep\n|\n|t:|1781381960\n|switch|p2a: Politoed|Politoed, L88, F|302/302\n|-weather|RainDance|[from] ability: Drizzle|[of] p2a: Politoed\n|turn|20\n|\n|t:|1781381966\n|move|p1a: Sandy Shocks|Thunder Wave|p2a: Politoed\n|-status|p2a: Politoed|par\n|move|p2a: Politoed|Hypnosis|p1a: Sandy Shocks\n|-status|p1a: Sandy Shocks|slp|[from] move: Hypnosis\n|\n|-weather|RainDance|[upkeep]\n|-heal|p1a: Sandy Shocks|211/267 slp|[from] item: Leftovers\n|upkeep\n|turn|21\n|\n|t:|1781381980\n|-end|p1a: Sandy Shocks|Protosynthesis|[silent]\n|switch|p1a: Lapras|Lapras, L87, F|322/367\n|move|p2a: Politoed|Ice Beam|p1a: Lapras\n|-resisted|p1a: Lapras\n|-damage|p1a: Lapras|307/367\n|\n|-weather|RainDance|[upkeep]\n|upkeep\n|turn|22\n|\n|t:|1781381986\n|move|p1a: Lapras|Hydro Pump|p2a: Politoed\n|-resisted|p2a: Politoed\n|-damage|p2a: Politoed|188/302 par\n|cant|p2a: Politoed|par\n|\n|-weather|RainDance|[upkeep]\n|upkeep\n|turn|23\n|\n|t:|1781381995\n|switch|p1a: Sandy Shocks|Sandy Shocks, L80|211/267 slp\n|cant|p2a: Politoed|par\n|\n|-weather|RainDance|[upkeep]\n|-heal|p1a: Sandy Shocks|227/267 slp|[from] item: Leftovers\n|upkeep\n|turn|24\n|\n|t:|1781381999\n|-end|p1a: Sandy Shocks|Protosynthesis|[silent]\n|switch|p1a: Lapras|Lapras, L87, F|307/367\n|cant|p2a: Politoed|par\n|\n|-weather|none\n|upkeep\n|turn|25\n|\n|t:|1781382003\n|move|p1a: Lapras|Freeze-Dry|p2a: Politoed\n|-supereffective|p2a: Politoed\n|-damage|p2a: Politoed|6/302 par\n|move|p2a: Politoed|Rest|p2a: Politoed\n|-status|p2a: Politoed|slp|[from] move: Rest\n|-heal|p2a: Politoed|302/302 slp|[silent]\n|-enditem|p2a: Politoed|Chesto Berry|[eat]\n|-curestatus|p2a: Politoed|slp|[msg]\n|\n|upkeep\n|turn|26\n|\n|t:|1781382008\n|switch|p2a: Delphox|Delphox, L84, F|263/263\n|move|p1a: Lapras|Freeze-Dry|p2a: Delphox\n|-resisted|p2a: Delphox\n|-damage|p2a: Delphox|216/263\n|\n|upkeep\n|turn|27\n|\n|t:|1781382013\n|switch|p1a: Sandy Shocks|Sandy Shocks, L80|227/267 slp\n|move|p2a: Delphox|Nasty Plot|p2a: Delphox\n|-boost|p2a: Delphox|spa|2\n|\n|-heal|p1a: Sandy Shocks|243/267 slp|[from] item: Leftovers\n|upkeep\n|turn|28\n|\n|t:|1781382017\n|move|p2a: Delphox|Fire Blast|p1a: Sandy Shocks|[miss]\n|-miss|p2a: Delphox|p1a: Sandy Shocks\n|cant|p1a: Sandy Shocks|slp\n|\n|-heal|p1a: Sandy Shocks|259/267 slp|[from] item: Leftovers\n|upkeep\n|turn|29\n|\n|t:|1781382019\n|move|p2a: Delphox|Fire Blast|p1a: Sandy Shocks\n|-damage|p1a: Sandy Shocks|0 fnt\n|faint|p1a: Sandy Shocks\n|-end|p1a: Sandy Shocks|Protosynthesis|[silent]\n|\n|upkeep\n|\n|t:|1781382021\n|switch|p1a: Lapras|Lapras, L87, F|307/367\n|turn|30\n|\n|t:|1781382028\n|move|p2a: Delphox|Focus Blast|p1a: Lapras\n|-supereffective|p1a: Lapras\n|-damage|p1a: Lapras|0 fnt\n|faint|p1a: Lapras\n|\n|upkeep\n|\n|t:|1781382031\n|switch|p1a: Annihilape|Annihilape, L76, F|292/292\n|turn|31\n|\n|t:|1781382041\n|-terastallize|p1a: Annihilape|Water\n|move|p2a: Delphox|Psyshock|p1a: Annihilape\n|-damage|p1a: Annihilape|66/292\n|move|p1a: Annihilape|Rage Fist|p2a: Delphox\n|-supereffective|p2a: Delphox\n|-damage|p2a: Delphox|0 fnt\n|faint|p2a: Delphox\n|\n|-heal|p1a: Annihilape|84/292|[from] item: Leftovers\n|upkeep\n|\n|t:|1781382052\n|switch|p2a: Politoed|Politoed, L88, F|302/302\n|-weather|RainDance|[from] ability: Drizzle|[of] p2a: Politoed\n|turn|32\n|\n|t:|1781382071\n|move|p1a: Annihilape|Bulk Up|p1a: Annihilape\n|-boost|p1a: Annihilape|atk|1\n|-boost|p1a: Annihilape|def|1\n|move|p2a: Politoed|Hypnosis|p1a: Annihilape\n|-status|p1a: Annihilape|slp|[from] move: Hypnosis\n|\n|-weather|RainDance|[upkeep]\n|-heal|p1a: Annihilape|102/292 slp|[from] item: Leftovers\n|upkeep\n|turn|33\n|\n|t:|1781382078\n|cant|p1a: Annihilape|slp\n|move|p2a: Politoed|Hydro Pump|p1a: Annihilape\n|-resisted|p1a: Annihilape\n|-damage|p1a: Annihilape|10/292 slp\n|\n|-weather|RainDance|[upkeep]\n|-heal|p1a: Annihilape|28/292 slp|[from] item: Leftovers\n|upkeep\n|turn|34\n|\n|t:|1781382082\n|cant|p1a: Annihilape|slp\n|move|p2a: Politoed|Hydro Pump|p1a: Annihilape|[miss]\n|-miss|p2a: Politoed|p1a: Annihilape\n|\n|-weather|RainDance|[upkeep]\n|-heal|p1a: Annihilape|46/292 slp|[from] item: Leftovers\n|upkeep\n|turn|35\n|\n|t:|1781382084\n|cant|p1a: Annihilape|slp\n|move|p2a: Politoed|Hydro Pump|p1a: Annihilape|[miss]\n|-miss|p2a: Politoed|p1a: Annihilape\n|\n|-weather|RainDance|[upkeep]\n|-heal|p1a: Annihilape|64/292 slp|[from] item: Leftovers\n|upkeep\n|turn|36\n|\n|t:|1781382089\n|-curestatus|p1a: Annihilape|slp|[msg]\n|move|p1a: Annihilape|Drain Punch|p2a: Politoed\n|-damage|p2a: Politoed|176/302\n|-heal|p1a: Annihilape|127/292|[from] drain|[of] p2a: Politoed\n|move|p2a: Politoed|Hypnosis|p1a: Annihilape|[miss]\n|-miss|p2a: Politoed|p1a: Annihilape\n|\n|-weather|none\n|-heal|p1a: Annihilape|145/292|[from] item: Leftovers\n|upkeep\n|turn|37\n|\n|t:|1781382097\n|move|p1a: Annihilape|Drain Punch|p2a: Politoed\n|-damage|p2a: Politoed|64/302\n|-heal|p1a: Annihilape|201/292|[from] drain|[of] p2a: Politoed\n|move|p2a: Politoed|Hypnosis|p1a: Annihilape\n|-status|p1a: Annihilape|slp|[from] move: Hypnosis\n|\n|-heal|p1a: Annihilape|219/292 slp|[from] item: Leftovers\n|upkeep\n|turn|38\n|-message|drugty forfeited.\n|\n|win|UmbreonSolitario\n", "inputlog": ">version a8376a258c1d4662feba110a92103f3664a72141\n>start {\"formatid\":\"gen9randombattle\",\"seed\":\"sodium,458fb903eb6d47c90f0732f8702d8e0a\",\"rated\":\"Rated battle\"}\n>player p1 {\"name\":\"UmbreonSolitario\",\"avatar\":\"102\",\"rating\":1959,\"seed\":\"sodium,1fd431f0b680e204bb9755128f00fed4\"}\n>player p2 {\"name\":\"drugty\",\"avatar\":\"2\",\"rating\":1905,\"seed\":\"sodium,b417a52fe96e02effc87e873e881c471\"}\n>p1 move swordsdance\n>p2 switch 2\n>p1 move knockoff\n>p2 move gunkshot\n>p1 switch 6\n>p1 move swordsdance\n>p2 move earthquake\n>p1 move gigatonhammer\n>p2 move earthquake\n>p2 switch 5\n>p1 move playrough\n>p2 move fireblast\n>p1 switch 2\n>p1 move thunderbolt\n>p2 switch 3\n>p1 move thunderwave\n>p2 move dragondance\n>p1 switch 3\n>p2 move gravapple\n>p1 move ironhead\n>p2 move outrage\n>p1 move suckerpunch\n>p2 move outrage\n>p1 move swordsdance\n>p2 move outrage\n>p1 switch 3\n>p1 move thunderbolt\n>p2 move outrage\n>p2 switch 6\n>p1 move thunderwave\n>p2 move leechseed\n>p1 switch 5\n>p2 move leechseed\n>p1 move freezedry\n>p2 move leechseed terastallize\n>p1 move freezedry\n>p2 move leechseed\n>p1 switch 5\n>p2 move bodypress\n>p1 move thunderbolt\n>p2 move leechseed\n>p1 move thunderbolt\n>p2 move leechseed\n>p2 switch 4\n>p1 move thunderwave\n>p2 move hypnosis\n>p1 switch 5\n>p2 move icebeam\n>p1 move hydropump\n>p2 move icebeam\n>p1 switch 5\n>p2 move rest\n>p1 switch 5\n>p2 move rest\n>p1 move freezedry\n>p2 move rest\n>p1 move freezedry\n>p2 switch 3\n>p1 switch 5\n>p2 move nastyplot\n>p1 move thunderwave\n>p2 move fireblast\n>p1 move thunderwave\n>p2 move fireblast\n>p1 switch 5\n>p1 move hydropump\n>p2 move focusblast\n>p1 switch 4\n>p1 move ragefist terastallize\n>p2 move psyshock\n>p2 switch 3\n>p1 move bulkup\n>p2 move hypnosis\n>p1 move bulkup\n>p2 move hydropump\n>p1 move drainpunch\n>p2 move hydropump\n>p1 move drainpunch\n>p2 move hydropump\n>p1 move drainpunch\n>p2 move hypnosis\n>p1 move drainpunch\n>p2 move hypnosis\n>forcelose p2", "uploadtime": 1781381711, "views": 10, "formatid": "gen9randombattle", "rating": null, "private": 0, "password": null}