{"id": "gen9randombattle-2631983282", "format": "[Gen 9] Random Battle", "players": ["Igorbp.10", "The_ZirR"], "log": "|j|\u2606Igorbp.10\n|j|\u2606The_ZirR\n|t:|1781462639\n|gametype|singles\n|player|p1|Igorbp.10|volkner|1511\n|player|p2|The_ZirR|marley|1490\n|gen|9\n|tier|[Gen 9] Random Battle\n|rated|\n|rule|Species Clause: Limit one of each Pok\u00e9mon\n|rule|HP Percentage Mod: HP is shown in percentages\n|rule|Sleep Clause Mod: Limit one foe put to sleep\n|rule|Illusion Level Mod: Illusion disguises the Pok\u00e9mon's true level\n|\n|t:|1781462639\n|teamsize|p1|6\n|teamsize|p2|6\n|start\n|switch|p1a: Lapras|Lapras, L87, M|367/367\n|switch|p2a: Qwilfish|Qwilfish-Hisui, L83, F|244/244\n|-ability|p2a: Qwilfish|Intimidate|boost\n|-unboost|p1a: Lapras|atk|1\n|turn|1\n|\n|t:|1781462645\n|switch|p1a: Iron Treads|Iron Treads, L77|265/265\n|move|p2a: Qwilfish|Gunk Shot|p1a: Iron Treads\n|-immune|p1a: Iron Treads\n|\n|upkeep\n|turn|2\n|inactive|Battle timer is ON: inactive players will automatically lose when time's up. (requested by Igorbp.10)\n|\n|t:|1781462650\n|switch|p2a: Mudsdale|Mudsdale, L83, M|302/302\n|move|p1a: Iron Treads|Stealth Rock|p2a: Mudsdale\n|-sidestart|p2: The_ZirR|move: Stealth Rock\n|\n|upkeep\n|turn|3\n|\n|t:|1781462660\n|-end|p1a: Iron Treads|Quark Drive|[silent]\n|switch|p1a: Lapras|Lapras, L87, M|367/367\n|move|p2a: Mudsdale|Earthquake|p1a: Lapras\n|-damage|p1a: Lapras|229/367\n|\n|upkeep\n|turn|4\n|\n|t:|1781462666\n|switch|p2a: Gholdengo|Gholdengo, L77|261/261\n|-damage|p2a: Gholdengo|245/261|[from] Stealth Rock\n|move|p1a: Lapras|Dragon Dance|p1a: Lapras\n|-boost|p1a: Lapras|atk|1\n|-boost|p1a: Lapras|spe|1\n|\n|upkeep\n|turn|5\n|\n|t:|1781462674\n|move|p2a: Gholdengo|Focus Blast|p1a: Lapras\n|-supereffective|p1a: Lapras\n|-damage|p1a: Lapras|71/367\n|move|p1a: Lapras|Earthquake|p2a: Gholdengo\n|-supereffective|p2a: Gholdengo\n|-damage|p2a: Gholdengo|49/261\n|\n|upkeep\n|turn|6\n|\n|t:|1781462681\n|switch|p1a: Comfey|Comfey, L85, M|225/225\n|move|p2a: Gholdengo|Focus Blast|p1a: Comfey\n|-resisted|p1a: Comfey\n|-damage|p1a: Comfey|187/225\n|\n|-heal|p1a: Comfey|201/225|[from] item: Leftovers\n|upkeep\n|turn|7\n|\n|t:|1781462685\n|switch|p2a: Qwilfish|Qwilfish-Hisui, L83, F|244/244\n|-damage|p2a: Qwilfish|214/244|[from] Stealth Rock\n|-ability|p2a: Qwilfish|Intimidate|boost\n|-unboost|p1a: Comfey|atk|1\n|move|p1a: Comfey|Calm Mind|p1a: Comfey\n|-boost|p1a: Comfey|spa|1\n|-boost|p1a: Comfey|spd|1\n|\n|-heal|p1a: Comfey|215/225|[from] item: Leftovers\n|upkeep\n|turn|8\n|\n|t:|1781462693\n|move|p1a: Comfey|Draining Kiss|p2a: Qwilfish\n|-damage|p2a: Qwilfish|150/244\n|-heal|p1a: Comfey|225/225|[from] drain|[of] p2a: Qwilfish\n|move|p2a: Qwilfish|Toxic Spikes|p1a: Comfey\n|-sidestart|p1: Igorbp.10|move: Toxic Spikes\n|\n|upkeep\n|turn|9\n|\n|t:|1781462699\n|switch|p1a: Iron Treads|Iron Treads, L77|265/265\n|move|p2a: Qwilfish|Crunch|p1a: Iron Treads\n|-damage|p1a: Iron Treads|189/265\n|\n|-heal|p1a: Iron Treads|205/265|[from] item: Leftovers\n|upkeep\n|turn|10\n|\n|t:|1781462704\n|switch|p2a: Gholdengo|Gholdengo, L77|49/261\n|-damage|p2a: Gholdengo|33/261|[from] Stealth Rock\n|move|p1a: Iron Treads|Rapid Spin|p2a: Gholdengo\n|-immune|p2a: Gholdengo\n|\n|-heal|p1a: Iron Treads|221/265|[from] item: Leftovers\n|upkeep\n|turn|11\n|\n|t:|1781462709\n|move|p2a: Gholdengo|Focus Blast|p1a: Iron Treads|[miss]\n|-miss|p2a: Gholdengo|p1a: Iron Treads\n|move|p1a: Iron Treads|Earthquake|p2a: Gholdengo\n|-supereffective|p2a: Gholdengo\n|-damage|p2a: Gholdengo|0 fnt\n|faint|p2a: Gholdengo\n|\n|-heal|p1a: Iron Treads|237/265|[from] item: Leftovers\n|upkeep\n|\n|t:|1781462713\n|switch|p2a: Urshifu|Urshifu, L74, M|270/270\n|-damage|p2a: Urshifu|254/270|[from] Stealth Rock\n|turn|12\n|\n|t:|1781462718\n|move|p1a: Iron Treads|Rapid Spin|p2a: Urshifu\n|-damage|p2a: Urshifu|219/270\n|-boost|p1a: Iron Treads|spe|1\n|-sideend|p1: Igorbp.10|Toxic Spikes|[from] move: Rapid Spin|[of] p1a: Iron Treads\n|move|p2a: Urshifu|Swords Dance|p2a: Urshifu\n|-boost|p2a: Urshifu|atk|2\n|\n|-heal|p1a: Iron Treads|253/265|[from] item: Leftovers\n|upkeep\n|turn|13\n|\n|t:|1781462724\n|move|p1a: Iron Treads|Iron Head|p2a: Urshifu\n|-damage|p2a: Urshifu|143/270\n|cant|p2a: Urshifu|flinch\n|\n|-heal|p1a: Iron Treads|265/265|[from] item: Leftovers\n|upkeep\n|turn|14\n|\n|t:|1781462728\n|move|p1a: Iron Treads|Earthquake|p2a: Urshifu\n|-damage|p2a: Urshifu|37/270\n|move|p2a: Urshifu|Close Combat|p1a: Iron Treads\n|-supereffective|p1a: Iron Treads\n|-damage|p1a: Iron Treads|0 fnt\n|-unboost|p2a: Urshifu|def|1\n|-unboost|p2a: Urshifu|spd|1\n|faint|p1a: Iron Treads\n|-end|p1a: Iron Treads|Quark Drive|[silent]\n|-damage|p2a: Urshifu|10/270|[from] item: Life Orb\n|\n|upkeep\n|\n|t:|1781462741\n|switch|p1a: Comfey|Comfey, L85, M|225/225\n|turn|15\n|\n|t:|1781462746\n|move|p1a: Comfey|Draining Kiss|p2a: Urshifu\n|-supereffective|p2a: Urshifu\n|-damage|p2a: Urshifu|0 fnt\n|faint|p2a: Urshifu\n|\n|upkeep\n|\n|t:|1781462751\n|switch|p2a: Qwilfish|Qwilfish-Hisui, L83, F|150/244\n|-damage|p2a: Qwilfish|120/244|[from] Stealth Rock\n|-ability|p2a: Qwilfish|Intimidate|boost\n|-unboost|p1a: Comfey|atk|1\n|turn|16\n|\n|t:|1781462757\n|move|p1a: Comfey|Draining Kiss|p2a: Qwilfish\n|-damage|p2a: Qwilfish|75/244\n|move|p2a: Qwilfish|Toxic Spikes|p1a: Comfey\n|-sidestart|p1: Igorbp.10|move: Toxic Spikes\n|\n|upkeep\n|turn|17\n|\n|t:|1781462763\n|move|p1a: Comfey|Draining Kiss|p2a: Qwilfish\n|-damage|p2a: Qwilfish|32/244\n|move|p2a: Qwilfish|Toxic Spikes|p1a: Comfey\n|-sidestart|p1: Igorbp.10|move: Toxic Spikes\n|\n|upkeep\n|turn|18\n|\n|t:|1781462767\n|move|p1a: Comfey|Draining Kiss|p2a: Qwilfish\n|-damage|p2a: Qwilfish|0 fnt\n|faint|p2a: Qwilfish\n|\n|upkeep\n|\n|t:|1781462775\n|switch|p2a: Cinccino|Cinccino, L83, F|260/260\n|-damage|p2a: Cinccino|228/260|[from] Stealth Rock\n|turn|19\n|\n|t:|1781462781\n|move|p1a: Comfey|Draining Kiss|p2a: Cinccino\n|-damage|p2a: Cinccino|158/260\n|move|p2a: Cinccino|Tail Slap|p1a: Comfey\n|-damage|p1a: Comfey|188/225\n|-damage|p1a: Comfey|149/225\n|-damage|p1a: Comfey|109/225\n|-damage|p1a: Comfey|69/225\n|-damage|p1a: Comfey|33/225\n|-hitcount|p1a: Comfey|5\n|\n|-heal|p1a: Comfey|47/225|[from] item: Leftovers\n|upkeep\n|turn|20\n|\n|t:|1781462789\n|move|p1a: Comfey|Draining Kiss|p2a: Cinccino\n|-damage|p2a: Cinccino|92/260\n|-heal|p1a: Comfey|97/225|[from] drain|[of] p2a: Cinccino\n|move|p2a: Cinccino|Tail Slap|p1a: Comfey\n|-damage|p1a: Comfey|63/225\n|-damage|p1a: Comfey|27/225\n|-damage|p1a: Comfey|0 fnt\n|faint|p1a: Comfey\n|-hitcount|p1: Comfey|3\n|\n|upkeep\n|\n|t:|1781462792\n|switch|p1a: Araquanid|Araquanid, L82, F|246/246\n|turn|21\n|\n|t:|1781462797\n|move|p2a: Cinccino|Bullet Seed|p1a: Araquanid\n|-damage|p1a: Araquanid|220/246\n|-damage|p1a: Araquanid|193/246\n|-damage|p1a: Araquanid|169/246\n|-damage|p1a: Araquanid|143/246\n|-hitcount|p1a: Araquanid|4\n|move|p1a: Araquanid|Sticky Web|p2a: Cinccino\n|-sidestart|p2: The_ZirR|move: Sticky Web\n|\n|upkeep\n|turn|22\n|\n|t:|1781462808\n|move|p2a: Cinccino|Tail Slap|p1a: Araquanid\n|-damage|p1a: Araquanid|104/246\n|-damage|p1a: Araquanid|62/246\n|-damage|p1a: Araquanid|26/246\n|-damage|p1a: Araquanid|0 fnt\n|faint|p1a: Araquanid\n|-hitcount|p1: Araquanid|4\n|\n|upkeep\n|\n|t:|1781462816\n|switch|p1a: Deoxys|Deoxys, L74|196/196\n|-status|p1a: Deoxys|tox\n|-ability|p1a: Deoxys|Pressure\n|turn|23\n|\n|t:|1781462821\n|move|p1a: Deoxys|Superpower|p2a: Cinccino\n|-supereffective|p2a: Cinccino\n|-damage|p2a: Cinccino|0 fnt\n|-unboost|p1a: Deoxys|atk|1\n|-unboost|p1a: Deoxys|def|1\n|faint|p2a: Cinccino\n|-damage|p1a: Deoxys|177/196 tox|[from] item: Life Orb\n|\n|-damage|p1a: Deoxys|165/196 tox|[from] psn\n|upkeep\n|\n|t:|1781462822\n|switch|p2a: Mudsdale|Mudsdale, L83, M|302/302\n|-damage|p2a: Mudsdale|284/302|[from] Stealth Rock\n|-activate|p2a: Mudsdale|move: Sticky Web\n|-unboost|p2a: Mudsdale|spe|1\n|turn|24\n|\n|t:|1781462830\n|move|p1a: Deoxys|Psycho Boost|p2a: Mudsdale\n|-damage|p2a: Mudsdale|58/302\n|-unboost|p1a: Deoxys|spa|2\n|-ability|p2a: Mudsdale|Stamina|boost\n|-boost|p2a: Mudsdale|def|1\n|-damage|p1a: Deoxys|146/196 tox|[from] item: Life Orb\n|move|p2a: Mudsdale|Heavy Slam|p1a: Deoxys\n|-damage|p1a: Deoxys|0 fnt\n|faint|p1a: Deoxys\n|\n|-heal|p2a: Mudsdale|76/302|[from] item: Leftovers\n|upkeep\n|\n|t:|1781462839\n|switch|p1a: Lapras|Lapras, L87, M|71/367\n|-status|p1a: Lapras|tox\n|turn|25\n|\n|t:|1781462843\n|move|p1a: Lapras|Icicle Spear|p2a: Mudsdale\n|-supereffective|p2a: Mudsdale\n|-damage|p2a: Mudsdale|40/302\n|-ability|p2a: Mudsdale|Stamina|boost\n|-boost|p2a: Mudsdale|def|1\n|-supereffective|p2a: Mudsdale\n|-damage|p2a: Mudsdale|10/302\n|-ability|p2a: Mudsdale|Stamina|boost\n|-boost|p2a: Mudsdale|def|1\n|-supereffective|p2a: Mudsdale\n|-crit|p2a: Mudsdale\n|-damage|p2a: Mudsdale|0 fnt\n|faint|p2a: Mudsdale\n|-hitcount|p2: Mudsdale|3\n|\n|-damage|p1a: Lapras|49/367 tox|[from] psn\n|upkeep\n|\n|t:|1781462846\n|switch|p2a: Eternatus|Eternatus, L69|308/308\n|-damage|p2a: Eternatus|270/308|[from] Stealth Rock\n|-activate|p2a: Eternatus|move: Sticky Web\n|-unboost|p2a: Eternatus|spe|1\n|-ability|p2a: Eternatus|Pressure\n|turn|26\n|\n|t:|1781462850\n|-terastallize|p2a: Eternatus|Poison\n|move|p1a: Lapras|Icicle Spear|p2a: Eternatus\n|-damage|p2a: Eternatus|239/308\n|-damage|p2a: Eternatus|209/308\n|-damage|p2a: Eternatus|176/308\n|-damage|p2a: Eternatus|146/308\n|-damage|p2a: Eternatus|115/308\n|-hitcount|p2a: Eternatus|5\n|move|p2a: Eternatus|Meteor Beam||[still]\n|-prepare|p2a: Eternatus|Meteor Beam\n|-boost|p2a: Eternatus|spa|1\n|-enditem|p2a: Eternatus|Power Herb\n|-anim|p2a: Eternatus|Meteor Beam|p1a: Lapras\n|-supereffective|p1a: Lapras\n|-damage|p1a: Lapras|0 fnt\n|faint|p1a: Lapras\n|\n|upkeep\n|\n|t:|1781462852\n|switch|p1a: Mienshao|Mienshao, L83, F|244/244\n|-status|p1a: Mienshao|tox\n|turn|27\n|\n|t:|1781462863\n|move|p1a: Mienshao|Knock Off|p2a: Eternatus\n|-damage|p2a: Eternatus|28/308\n|-damage|p1a: Mienshao|220/244 tox|[from] item: Life Orb\n|move|p2a: Eternatus|Sludge Bomb|p1a: Mienshao\n|-damage|p1a: Mienshao|0 fnt\n|faint|p1a: Mienshao\n|\n|win|The_ZirR\n|raw|Igorbp.10's rating: 1511 &rarr; <strong>1490</strong><br />(-21 for losing)\n|raw|The_ZirR's rating: 1490 &rarr; <strong>1511</strong><br />(+21 for winning)\n|l|\u2606Igorbp.10\n|player|p1|\n", "uploadtime": 1781462870, "views": 3, "formatid": "gen9randombattle", "rating": 1490, "private": 0, "password": null}