{"id": "gen9randombattle-2632007641", "format": "[Gen 9] Random Battle", "players": ["pablovr", "JeanPaulPot"], "log": "|j|\u2606pablovr\n|j|\u2606JeanPaulPot\n|t:|1781465323\n|gametype|singles\n|player|p1|pablovr|hiker-gen4|1942\n|player|p2|JeanPaulPot|infielder|1928\n|gen|9\n|tier|[Gen 9] Random Battle\n|rated|\n|rule|Species Clause: Limit one of each Pok\u00e9mon\n|rule|HP Percentage Mod: HP is shown in percentages\n|rule|Sleep Clause Mod: Limit one foe put to sleep\n|rule|Illusion Level Mod: Illusion disguises the Pok\u00e9mon's true level\n|\n|t:|1781465323\n|teamsize|p1|6\n|teamsize|p2|6\n|start\n|switch|p1a: Yanmega|Yanmega, L82, M|275/275\n|switch|p2a: Lucario|Lucario, L84, F|255/255\n|turn|1\n|inactive|Battle timer is ON: inactive players will automatically lose when time's up. (requested by pablovr)\n|inactive|JeanPaulPot has 120 seconds left.\n|\n|t:|1781465391\n|move|p1a: Yanmega|Air Slash|p2a: Lucario\n|-damage|p2a: Lucario|113/255\n|move|p2a: Lucario|Meteor Mash|p1a: Yanmega\n|-damage|p1a: Yanmega|116/275\n|\n|upkeep\n|turn|2\n|inactive|pablovr has 120 seconds left.\n|inactive|JeanPaulPot has 120 seconds left.\n|\n|t:|1781465429\n|switch|p2a: Delibird|Delibird, F|252/252\n|move|p1a: Yanmega|Air Slash|p2a: Delibird\n|-damage|p2a: Delibird|80/252\n|\n|upkeep\n|turn|3\n|inactive|pablovr has 120 seconds left.\n|inactive|JeanPaulPot has 120 seconds left.\n|\n|t:|1781465447\n|switch|p1a: Incineroar|Incineroar, L82, F|290/290\n|-ability|p1a: Incineroar|Intimidate|boost\n|-unboost|p2a: Delibird|atk|1\n|move|p2a: Delibird|Ice Spinner|p1a: Incineroar|[miss]\n|-miss|p2a: Delibird|p1a: Incineroar\n|\n|upkeep\n|turn|4\n|inactive|pablovr has 120 seconds left.\n|\n|t:|1781465473\n|move|p2a: Delibird|Spikes|p1a: Incineroar\n|-sidestart|p1: pablovr|Spikes\n|move|p1a: Incineroar|Trailblaze|p2a: Delibird\n|-resisted|p2a: Delibird\n|-damage|p2a: Delibird|53/252\n|-boost|p1a: Incineroar|spe|1\n|\n|upkeep\n|turn|5\n|\n|t:|1781465484\n|move|p1a: Incineroar|Swords Dance|p1a: Incineroar\n|-boost|p1a: Incineroar|atk|2\n|move|p2a: Delibird|Brave Bird|p1a: Incineroar\n|-damage|p1a: Incineroar|176/290\n|-damage|p2a: Delibird|15/252|[from] Recoil\n|\n|upkeep\n|turn|6\n|inactive|pablovr has 120 seconds left.\n|inactive|JeanPaulPot has 90 seconds left.\n|\n|t:|1781465508\n|move|p1a: Incineroar|Trailblaze|p2a: Delibird\n|-resisted|p2a: Delibird\n|-damage|p2a: Delibird|0 fnt\n|-boost|p1a: Incineroar|spe|1\n|faint|p2a: Delibird\n|\n|upkeep\n|inactive|JeanPaulPot has 90 seconds left.\n|\n|t:|1781465520\n|switch|p2a: Gliscor|Gliscor, L76, M|239/239\n|turn|7\n|inactive|pablovr has 120 seconds left.\n|inactive|JeanPaulPot has 90 seconds left.\n|\n|t:|1781465553\n|move|p2a: Gliscor|Protect|p2a: Gliscor\n|-singleturn|p2a: Gliscor|Protect\n|move|p1a: Incineroar|Knock Off|p2a: Gliscor\n|-activate|p2a: Gliscor|move: Protect\n|\n|-status|p2a: Gliscor|tox|[from] item: Toxic Orb\n|upkeep\n|turn|8\n|inactive|JeanPaulPot has 90 seconds left.\n|\n|t:|1781465580\n|move|p1a: Incineroar|Flare Blitz|p2a: Gliscor\n|-damage|p2a: Gliscor|0 fnt\n|faint|p2a: Gliscor\n|-damage|p1a: Incineroar|97/290|[from] Recoil\n|\n|upkeep\n|inactive|JeanPaulPot has 60 seconds left.\n|\n|t:|1781465605\n|switch|p2a: Basculegion|Basculegion, L80, M|323/323\n|turn|9\n|inactive|JeanPaulPot has 60 seconds left.\n|\n|t:|1781465617\n|-terastallize|p1a: Incineroar|Grass\n|move|p2a: Basculegion|Aqua Jet|p1a: Incineroar\n|-resisted|p1a: Incineroar\n|-crit|p1a: Incineroar\n|-damage|p1a: Incineroar|51/290\n|move|p1a: Incineroar|Knock Off|p2a: Basculegion\n|-supereffective|p2a: Basculegion\n|-damage|p2a: Basculegion|0 fnt\n|-enditem|p2a: Basculegion|Assault Vest|[from] move: Knock Off|[of] p1a: Incineroar\n|faint|p2a: Basculegion\n|\n|upkeep\n|\n|t:|1781465620\n|switch|p2a: Lucario|Lucario, L84, F|113/255\n|turn|10\n|\n|t:|1781465623\n|move|p2a: Lucario|Extreme Speed|p1a: Incineroar\n|-damage|p1a: Incineroar|0 fnt\n|faint|p1a: Incineroar\n|\n|upkeep\n|\n|t:|1781465632\n|switch|p1a: Gothitelle|Gothitelle, L90, F|272/272\n|-damage|p1a: Gothitelle|238/272|[from] Spikes\n|turn|11\n|\n|t:|1781465646\n|move|p2a: Lucario|Extreme Speed|p1a: Gothitelle\n|-damage|p1a: Gothitelle|161/272\n|move|p1a: Gothitelle|Psychic Noise|p2a: Lucario\n|-damage|p2a: Lucario|0 fnt\n|faint|p2a: Lucario\n|\n|-heal|p1a: Gothitelle|178/272|[from] item: Leftovers\n|upkeep\n|\n|t:|1781465650\n|switch|p2a: Toxicroak|Toxicroak, L84, M|277/277\n|turn|12\n|inactive|JeanPaulPot has 90 seconds left.\n|inactive|pablovr has 120 seconds left.\n|\n|t:|1781465683\n|move|p2a: Toxicroak|Knock Off|p1a: Gothitelle\n|-supereffective|p1a: Gothitelle\n|-damage|p1a: Gothitelle|0 fnt\n|-enditem|p1a: Gothitelle|Leftovers|[from] move: Knock Off|[of] p2a: Toxicroak\n|faint|p1a: Gothitelle\n|\n|upkeep\n|inactive|pablovr has 120 seconds left.\n|\n|t:|1781465690\n|switch|p1a: Weezing|Weezing-Galar, L86, M|252/252\n|turn|13\n|\n|t:|1781465705\n|move|p2a: Toxicroak|Knock Off|p1a: Weezing\n|-resisted|p1a: Weezing\n|-damage|p1a: Weezing|213/252\n|-enditem|p1a: Weezing|Leftovers|[from] move: Knock Off|[of] p2a: Toxicroak\n|move|p1a: Weezing|Strange Steam|p2a: Toxicroak\n|-damage|p2a: Toxicroak|162/277\n|\n|upkeep\n|turn|14\n|inactive|pablovr has 120 seconds left.\n|\n|t:|1781465728\n|move|p2a: Toxicroak|Knock Off|p1a: Weezing\n|-resisted|p1a: Weezing\n|-crit|p1a: Weezing\n|-damage|p1a: Weezing|174/252\n|move|p1a: Weezing|Defog|p2a: Toxicroak\n|-unboost|p2a: Toxicroak|evasion|1\n|-sideend|p1: pablovr|Spikes|[from] move: Defog|[of] p1a: Weezing\n|\n|upkeep\n|turn|15\n|\n|t:|1781465732\n|move|p2a: Toxicroak|Knock Off|p1a: Weezing\n|-resisted|p1a: Weezing\n|-damage|p1a: Weezing|146/252\n|move|p1a: Weezing|Strange Steam|p2a: Toxicroak\n|-damage|p2a: Toxicroak|54/277\n|-start|p2a: Toxicroak|confusion\n|\n|upkeep\n|turn|16\n|inactive|pablovr has 120 seconds left.\n|\n|t:|1781465759\n|-activate|p2a: Toxicroak|confusion\n|move|p2a: Toxicroak|Knock Off|p1a: Weezing\n|-resisted|p1a: Weezing\n|-damage|p1a: Weezing|117/252\n|move|p1a: Weezing|Strange Steam|p2a: Toxicroak\n|-damage|p2a: Toxicroak|0 fnt\n|faint|p2a: Toxicroak\n|\n|upkeep\n|\n|t:|1781465763\n|switch|p2a: Latias|Latias, L79, F|256/256\n|turn|17\n|\n|t:|1781465767\n|-terastallize|p2a: Latias|Steel\n|move|p2a: Latias|Calm Mind|p2a: Latias\n|-boost|p2a: Latias|spa|1\n|-boost|p2a: Latias|spd|1\n|move|p1a: Weezing|Strange Steam|p2a: Latias\n|-resisted|p2a: Latias\n|-damage|p2a: Latias|234/256\n|\n|upkeep\n|turn|18\n|\n|t:|1781465775\n|switch|p1a: Swampert|Swampert, L83, F|302/302\n|move|p2a: Latias|Calm Mind|p2a: Latias\n|-boost|p2a: Latias|spa|1\n|-boost|p2a: Latias|spd|1\n|\n|upkeep\n|turn|19\n|\n|t:|1781465789\n|move|p2a: Latias|Draco Meteor|p1a: Swampert\n|-damage|p1a: Swampert|0 fnt\n|-unboost|p2a: Latias|spa|2\n|faint|p1a: Swampert\n|\n|upkeep\n|\n|t:|1781465800\n|switch|p1a: Cresselia|Cresselia, L80, F|323/323\n|turn|20\n|\n|t:|1781465804\n|move|p2a: Latias|Calm Mind|p2a: Latias\n|-boost|p2a: Latias|spa|1\n|-boost|p2a: Latias|spd|1\n|move|p1a: Cresselia|Calm Mind|p1a: Cresselia\n|-boost|p1a: Cresselia|spa|1\n|-boost|p1a: Cresselia|spd|1\n|\n|upkeep\n|turn|21\n|\n|t:|1781465812\n|move|p2a: Latias|Calm Mind|p2a: Latias\n|-boost|p2a: Latias|spa|1\n|-boost|p2a: Latias|spd|1\n|move|p1a: Cresselia|Calm Mind|p1a: Cresselia\n|-boost|p1a: Cresselia|spa|1\n|-boost|p1a: Cresselia|spd|1\n|\n|upkeep\n|turn|22\n|\n|t:|1781465815\n|move|p2a: Latias|Calm Mind|p2a: Latias\n|-boost|p2a: Latias|spa|1\n|-boost|p2a: Latias|spd|1\n|move|p1a: Cresselia|Calm Mind|p1a: Cresselia\n|-boost|p1a: Cresselia|spa|1\n|-boost|p1a: Cresselia|spd|1\n|\n|upkeep\n|turn|23\n|\n|t:|1781465817\n|move|p2a: Latias|Calm Mind|p2a: Latias\n|-boost|p2a: Latias|spa|1\n|-boost|p2a: Latias|spd|1\n|move|p1a: Cresselia|Calm Mind|p1a: Cresselia\n|-boost|p1a: Cresselia|spa|1\n|-boost|p1a: Cresselia|spd|1\n|\n|upkeep\n|turn|24\n|\n|t:|1781465818\n|move|p2a: Latias|Calm Mind|p2a: Latias\n|-boost|p2a: Latias|spa|1\n|-boost|p2a: Latias|spd|0\n|move|p1a: Cresselia|Calm Mind|p1a: Cresselia\n|-boost|p1a: Cresselia|spa|1\n|-boost|p1a: Cresselia|spd|1\n|\n|upkeep\n|turn|25\n|\n|t:|1781465822\n|move|p2a: Latias|Calm Mind|p2a: Latias\n|-boost|p2a: Latias|spa|1\n|-boost|p2a: Latias|spd|0\n|move|p1a: Cresselia|Calm Mind|p1a: Cresselia\n|-boost|p1a: Cresselia|spa|1\n|-boost|p1a: Cresselia|spd|1\n|\n|upkeep\n|turn|26\n|\n|t:|1781465824\n|move|p2a: Latias|Psyshock|p1a: Cresselia\n|-resisted|p1a: Cresselia\n|-damage|p1a: Cresselia|134/323\n|move|p1a: Cresselia|Psyshock|p2a: Latias\n|-resisted|p2a: Latias\n|-damage|p2a: Latias|96/256\n|\n|-heal|p1a: Cresselia|154/323|[from] item: Leftovers\n|upkeep\n|turn|27\n|\n|t:|1781465830\n|move|p2a: Latias|Psyshock|p1a: Cresselia\n|-resisted|p1a: Cresselia\n|-damage|p1a: Cresselia|0 fnt\n|faint|p1a: Cresselia\n|\n|upkeep\n|\n|t:|1781465834\n|switch|p1a: Weezing|Weezing-Galar, L86, M|117/252\n|turn|28\n|\n|t:|1781465838\n|move|p2a: Latias|Psyshock|p1a: Weezing\n|-supereffective|p1a: Weezing\n|-damage|p1a: Weezing|0 fnt\n|faint|p1a: Weezing\n|\n|upkeep\n|\n|t:|1781465839\n|switch|p1a: Yanmega|Yanmega, L82, M|116/275\n|turn|29\n|\n|t:|1781465842\n|move|p2a: Latias|Psyshock|p1a: Yanmega\n|-damage|p1a: Yanmega|0 fnt\n|faint|p1a: Yanmega\n|\n|win|JeanPaulPot\n", "inputlog": ">version a8376a258c1d4662feba110a92103f3664a72141\n>start {\"formatid\":\"gen9randombattle\",\"seed\":\"sodium,01e1ef33e50347f52f171feeb3d3aa76\",\"rated\":\"Rated battle\"}\n>player p1 {\"name\":\"pablovr\",\"avatar\":\"hiker-gen4\",\"rating\":1942,\"seed\":\"sodium,1d2718a5455b1ed2020c7eb65e56b160\"}\n>player p2 {\"name\":\"JeanPaulPot\",\"avatar\":\"infielder\",\"rating\":1928,\"seed\":\"sodium,f88f5bcf3829217c58c24b0b7acd4df2\"}\n>p1 move airslash\n>p2 move meteormash\n>p1 move airslash\n>p2 switch 5\n>p1 switch 3\n>p2 move icespinner\n>p1 move trailblaze\n>p2 move spikes\n>p1 move swordsdance\n>p2 move bravebird\n>p1 move trailblaze\n>p2 move bravebird\n>p2 switch 2\n>p1 move knockoff\n>p2 move protect\n>p1 move flareblitz\n>p2 move earthquake\n>p2 switch 6\n>p1 move knockoff terastallize\n>p2 move aquajet\n>p2 switch 5\n>p1 move flareblitz\n>p2 move extremespeed\n>p1 switch 4\n>p1 move psychicnoise\n>p2 move extremespeed\n>p2 switch 3\n>p1 move psychicnoise\n>p2 move knockoff\n>p1 switch 6\n>p1 move strangesteam\n>p2 move knockoff\n>p1 move defog\n>p2 move knockoff\n>p1 move strangesteam\n>p2 move knockoff\n>p1 move strangesteam\n>p2 move knockoff\n>p2 switch 4\n>p1 move strangesteam\n>p2 move calmmind terastallize\n>p1 switch 2\n>p2 move calmmind\n>p1 move yawn\n>p2 move dracometeor\n>p1 switch 5\n>p1 move calmmind\n>p2 move calmmind\n>p1 move calmmind\n>p2 move calmmind\n>p1 move calmmind\n>p2 move calmmind\n>p1 move calmmind\n>p2 move calmmind\n>p1 move calmmind\n>p2 move calmmind\n>p1 move calmmind\n>p2 move calmmind\n>p1 move psyshock\n>p2 move psyshock\n>p1 move psyshock\n>p2 move psyshock\n>p1 switch 2\n>p1 move strangesteam\n>p2 move psyshock\n>p1 switch 3\n>p1 move bugbuzz\n>p2 move psyshock", "uploadtime": 1781465324, "views": 7, "formatid": "gen9randombattle", "rating": null, "private": 0, "password": null}