{"id": "gen9randombattle-2631539402", "format": "[Gen 9] Random Battle", "players": ["mastasefkillah", "Aquapower"], "log": "|j|\u2606mastasefkillah\n|j|\u203dAquapower\n|t:|1781398503\n|gametype|singles\n|player|p1|mastasefkillah|alder|1918\n|player|p2|Aquapower|102|1881\n|gen|9\n|tier|[Gen 9] Random Battle\n|rated|\n|rule|Species Clause: Limit one of each Pok\u00e9mon\n|rule|HP Percentage Mod: HP is shown in percentages\n|rule|Sleep Clause Mod: Limit one foe put to sleep\n|rule|Illusion Level Mod: Illusion disguises the Pok\u00e9mon's true level\n|\n|t:|1781398503\n|teamsize|p1|6\n|teamsize|p2|6\n|start\n|switch|p1a: Hitmontop|Hitmontop, L88, M|231/231\n|switch|p2a: Calyrex|Calyrex-Ice, L72|263/263\n|-ability|p2a: Calyrex|As One\n|-ability|p2a: Calyrex|Unnerve\n|turn|1\n|inactive|Battle timer is ON: inactive players will automatically lose when time's up. (requested by mastasefkillah)\n|\n|t:|1781398534\n|move|p1a: Hitmontop|Bulk Up|p1a: Hitmontop\n|-boost|p1a: Hitmontop|atk|1\n|-boost|p1a: Hitmontop|def|1\n|move|p2a: Calyrex|Trick Room|p2a: Calyrex\n|-fieldstart|move: Trick Room|[of] p2a: Calyrex\n|\n|upkeep\n|turn|2\n|\n|t:|1781398542\n|move|p2a: Calyrex|Glacial Lance|p1a: Hitmontop\n|-damage|p1a: Hitmontop|135/231\n|move|p1a: Hitmontop|Bulk Up|p1a: Hitmontop\n|-boost|p1a: Hitmontop|atk|1\n|-boost|p1a: Hitmontop|def|1\n|\n|-heal|p1a: Hitmontop|149/231|[from] item: Leftovers\n|upkeep\n|turn|3\n|\n|t:|1781398570\n|move|p2a: Calyrex|Glacial Lance|p1a: Hitmontop\n|-damage|p1a: Hitmontop|86/231\n|move|p1a: Hitmontop|Close Combat|p2a: Calyrex\n|-damage|p2a: Calyrex|65/263\n|-unboost|p1a: Hitmontop|def|1\n|-unboost|p1a: Hitmontop|spd|1\n|\n|-heal|p1a: Hitmontop|100/231|[from] item: Leftovers\n|upkeep\n|turn|4\n|\n|t:|1781398584\n|move|p2a: Calyrex|Glacial Lance|p1a: Hitmontop\n|-damage|p1a: Hitmontop|16/231\n|move|p1a: Hitmontop|Close Combat|p2a: Calyrex\n|-damage|p2a: Calyrex|0 fnt\n|-unboost|p1a: Hitmontop|def|1\n|-unboost|p1a: Hitmontop|spd|1\n|faint|p2a: Calyrex\n|\n|-heal|p1a: Hitmontop|30/231|[from] item: Leftovers\n|upkeep\n|\n|t:|1781398598\n|switch|p2a: Ambipom|Ambipom, L84, M|263/263\n|turn|5\n|\n|t:|1781398609\n|switch|p2a: Tauros|Tauros-Paldea-Blaze, L81, M|254/254\n|-ability|p2a: Tauros|Intimidate|boost\n|-unboost|p1a: Hitmontop|atk|1\n|move|p1a: Hitmontop|Close Combat|p2a: Tauros\n|-damage|p2a: Tauros|67/254\n|-unboost|p1a: Hitmontop|def|1\n|-unboost|p1a: Hitmontop|spd|1\n|\n|-heal|p1a: Hitmontop|44/231|[from] item: Leftovers\n|-fieldend|move: Trick Room\n|upkeep\n|turn|6\n|\n|t:|1781398626\n|move|p2a: Tauros|Close Combat|p1a: Hitmontop\n|-damage|p1a: Hitmontop|0 fnt\n|-unboost|p2a: Tauros|def|1\n|-unboost|p2a: Tauros|spd|1\n|faint|p1a: Hitmontop\n|\n|upkeep\n|\n|t:|1781398633\n|switch|p1a: Wugtrio|Wugtrio, L91, F|212/212\n|turn|7\n|\n|t:|1781398638\n|switch|p2a: Suicune|Suicune, L82|298/298\n|-ability|p2a: Suicune|Pressure\n|move|p1a: Wugtrio|Liquidation|p2a: Suicune\n|-resisted|p2a: Suicune\n|-damage|p2a: Suicune|233/298\n|\n|-heal|p2a: Suicune|251/298|[from] item: Leftovers\n|upkeep\n|turn|8\n|\n|t:|1781398658\n|switch|p1a: Pikachu|Pikachu-Kalos, L93, F|216/216\n|move|p2a: Suicune|Calm Mind|p2a: Suicune\n|-boost|p2a: Suicune|spa|1\n|-boost|p2a: Suicune|spd|1\n|\n|-heal|p2a: Suicune|269/298|[from] item: Leftovers\n|upkeep\n|turn|9\n|\n|t:|1781398679\n|switch|p2a: Tauros|Tauros-Paldea-Blaze, L81, M|67/254\n|-ability|p2a: Tauros|Intimidate|boost\n|-unboost|p1a: Pikachu|atk|1\n|move|p1a: Pikachu|Volt Tackle|p2a: Tauros\n|-damage|p2a: Tauros|0 fnt\n|faint|p2a: Tauros\n|-damage|p1a: Pikachu|194/216|[from] Recoil\n|\n|upkeep\n|\n|t:|1781398683\n|switch|p2a: Furret|Furret, L94, M|312/312\n|-item|p1a: Pikachu|Light Ball|[from] ability: Frisk|[of] p2a: Furret\n|turn|10\n|\n|t:|1781398697\n|switch|p1a: Zacian|Zacian, L69|241/241\n|-ability|p1a: Zacian|Intrepid Sword|boost\n|-boost|p1a: Zacian|atk|1\n|move|p2a: Furret|Tidy Up|p2a: Furret\n|-boost|p2a: Furret|atk|1\n|-boost|p2a: Furret|spe|1\n|\n|upkeep\n|turn|11\n|inactive|Aquapower has 120 seconds left.\n|\n|t:|1781398747\n|-terastallize|p2a: Furret|Normal\n|-terastallize|p1a: Zacian|Fighting\n|move|p2a: Furret|Double-Edge|p1a: Zacian\n|-damage|p1a: Zacian|0 fnt\n|faint|p1a: Zacian\n|-damage|p2a: Furret|232/312|[from] Recoil\n|-damage|p2a: Furret|201/312|[from] item: Life Orb\n|\n|upkeep\n|\n|t:|1781398765\n|switch|p1a: Wugtrio|Wugtrio, L91, F|212/212\n|turn|12\n|\n|t:|1781398770\n|move|p1a: Wugtrio|Aqua Jet|p2a: Furret\n|-damage|p2a: Furret|110/312\n|move|p2a: Furret|Double-Edge|p1a: Wugtrio\n|-damage|p1a: Wugtrio|0 fnt\n|-ability|p1a: Wugtrio|Gooey\n|-unboost|p2a: Furret|spe|1\n|faint|p1a: Wugtrio\n|-damage|p2a: Furret|40/312|[from] Recoil\n|-damage|p2a: Furret|9/312|[from] item: Life Orb\n|\n|upkeep\n|inactive|mastasefkillah has 120 seconds left.\n|\n|t:|1781398811\n|switch|p1a: Kyurem|Kyurem-White, L73|303/303\n|-ability|p1a: Kyurem|Turboblaze\n|turn|13\n|\n|t:|1781398818\n|move|p2a: Furret|Double-Edge|p1a: Kyurem\n|-damage|p1a: Kyurem|0 fnt\n|faint|p1a: Kyurem\n|-damage|p2a: Furret|0 fnt|[from] Recoil\n|faint|p2a: Furret\n|\n|upkeep\n|\n|t:|1781398828\n|switch|p2a: Ambipom|Ambipom, L84, M|263/263\n|switch|p1a: Gothitelle|Gothitelle, L90, F|272/272\n|turn|14\n|\n|t:|1781398840\n|move|p2a: Ambipom|Knock Off|p1a: Gothitelle\n|-supereffective|p1a: Gothitelle\n|-damage|p1a: Gothitelle|94/272\n|-enditem|p1a: Gothitelle|Leftovers|[from] move: Knock Off|[of] p2a: Ambipom\n|move|p1a: Gothitelle|Focus Blast|p2a: Ambipom\n|-supereffective|p2a: Ambipom\n|-crit|p2a: Ambipom\n|-damage|p2a: Ambipom|0 fnt\n|faint|p2a: Ambipom\n|\n|upkeep\n|\n|t:|1781398859\n|switch|p2a: Basculin|Basculin, L86, F|261/261\n|turn|15\n|\n|t:|1781398867\n|move|p2a: Basculin|Flip Turn|p1a: Gothitelle\n|-damage|p1a: Gothitelle|0 fnt\n|faint|p1a: Gothitelle\n|\n|t:|1781398870\n|switch|p2a: Suicune|Suicune, L82|269/298|[from] Flip Turn\n|-ability|p2a: Suicune|Pressure\n|\n|-heal|p2a: Suicune|287/298|[from] item: Leftovers\n|upkeep\n|inactive|mastasefkillah has 120 seconds left.\n|\n|t:|1781398876\n|switch|p1a: Pikachu|Pikachu-Kalos, L93, F|194/216\n|turn|16\n|\n|t:|1781398880\n|move|p1a: Pikachu|Volt Tackle|p2a: Suicune\n|-supereffective|p2a: Suicune\n|-damage|p2a: Suicune|0 fnt\n|faint|p2a: Suicune\n|-damage|p1a: Pikachu|99/216|[from] Recoil\n|\n|upkeep\n|\n|t:|1781398882\n|switch|p2a: Basculin|Basculin, L86, F|261/261\n|turn|17\n|\n|t:|1781398887\n|move|p2a: Basculin|Aqua Jet|p1a: Pikachu\n|-damage|p1a: Pikachu|0 fnt\n|faint|p1a: Pikachu\n|\n|win|Aquapower\n|raw|mastasefkillah's rating: 1918 &rarr; <strong>1896</strong><br />(-22 for losing)\n|raw|Aquapower's rating: 1881 &rarr; <strong>1903</strong><br />(+22 for winning)\n", "uploadtime": 1781398887, "views": 2, "formatid": "gen9randombattle", "rating": 1896, "private": 0, "password": null}