{"id": "gen9randombattle-2631817072", "format": "[Gen 9] Random Battle", "players": ["THSupernova", "zicafeliped"], "log": "|j|\u2606THSupernova\n|j|\u2606zicafeliped\n|t:|1781443876\n|gametype|singles\n|player|p1|THSupernova|bellelba|2179\n|player|p2|zicafeliped|beauty-gen4dp|2215\n|gen|9\n|tier|[Gen 9] Random Battle\n|rated|\n|rule|Species Clause: Limit one of each Pok\u00e9mon\n|rule|HP Percentage Mod: HP is shown in percentages\n|rule|Sleep Clause Mod: Limit one foe put to sleep\n|rule|Illusion Level Mod: Illusion disguises the Pok\u00e9mon's true level\n|\n|t:|1781443876\n|teamsize|p1|6\n|teamsize|p2|6\n|start\n|switch|p1a: Latias|Latias, L79, F|256/256\n|switch|p2a: Cramorant|Cramorant, L86, F|261/261\n|turn|1\n|inactive|Battle timer is ON: inactive players will automatically lose when time's up. (requested by zicafeliped)\n|\n|t:|1781443889\n|switch|p2a: Umbreon|Umbreon, L84, F|297/297\n|move|p1a: Latias|Draco Meteor|p2a: Umbreon\n|-damage|p2a: Umbreon|188/297\n|-unboost|p1a: Latias|spa|2\n|\n|-heal|p2a: Umbreon|206/297|[from] item: Leftovers\n|upkeep\n|turn|2\n|\n|t:|1781443895\n|switch|p1a: Qwilfish|Qwilfish, L86, F|252/252\n|-ability|p1a: Qwilfish|Intimidate|boost\n|-unboost|p2a: Umbreon|atk|1\n|move|p2a: Umbreon|Toxic|p1a: Qwilfish\n|-immune|p1a: Qwilfish\n|\n|-heal|p2a: Umbreon|224/297|[from] item: Leftovers\n|upkeep\n|turn|3\n|\n|t:|1781443902\n|switch|p2a: Hippowdon|Hippowdon, L82, F|311/311\n|-weather|Sandstorm|[from] ability: Sand Stream|[of] p2a: Hippowdon\n|move|p1a: Qwilfish|Gunk Shot|p2a: Hippowdon|[miss]\n|-miss|p1a: Qwilfish|p2a: Hippowdon\n|\n|-weather|Sandstorm|[upkeep]\n|-damage|p1a: Qwilfish|237/252|[from] Sandstorm\n|-heal|p1a: Qwilfish|252/252|[from] item: Leftovers\n|upkeep\n|turn|4\n|\n|t:|1781443912\n|switch|p1a: Palossand|Palossand, L89, M|296/296\n|switch|p2a: Golurk|Golurk, L87|297/297\n|\n|-weather|Sandstorm|[upkeep]\n|upkeep\n|turn|5\n|\n|t:|1781443918\n|switch|p1a: Qwilfish|Qwilfish, L86, F|252/252\n|-ability|p1a: Qwilfish|Intimidate|boost\n|-unboost|p2a: Golurk|atk|1\n|move|p2a: Golurk|Stealth Rock|p1a: Qwilfish\n|-sidestart|p1: THSupernova|move: Stealth Rock\n|\n|-weather|Sandstorm|[upkeep]\n|-damage|p1a: Qwilfish|237/252|[from] Sandstorm\n|-heal|p1a: Qwilfish|252/252|[from] item: Leftovers\n|upkeep\n|turn|6\n|\n|t:|1781443937\n|switch|p2a: Thundurus|Thundurus, L80, M|258/258\n|move|p1a: Qwilfish|Waterfall|p2a: Thundurus\n|-damage|p2a: Thundurus|158/258\n|\n|-weather|Sandstorm|[upkeep]\n|-damage|p2a: Thundurus|142/258|[from] Sandstorm\n|-damage|p1a: Qwilfish|237/252|[from] Sandstorm\n|-heal|p1a: Qwilfish|252/252|[from] item: Leftovers\n|upkeep\n|turn|7\n|\n|t:|1781443945\n|switch|p1a: Palossand|Palossand, L89, M|296/296\n|-damage|p1a: Palossand|278/296|[from] Stealth Rock\n|move|p2a: Thundurus|Nasty Plot|p2a: Thundurus\n|-boost|p2a: Thundurus|spa|2\n|\n|-weather|none\n|-heal|p1a: Palossand|296/296|[from] item: Leftovers\n|upkeep\n|turn|8\n|\n|t:|1781443955\n|switch|p1a: Serperior|Serperior, L79, F|248/248\n|-damage|p1a: Serperior|217/248|[from] Stealth Rock\n|-terastallize|p2a: Thundurus|Flying\n|move|p2a: Thundurus|Tera Blast|p1a: Serperior|[anim] Tera Blast Flying\n|-supereffective|p1a: Serperior\n|-damage|p1a: Serperior|0 fnt\n|faint|p1a: Serperior\n|\n|upkeep\n|\n|t:|1781443962\n|switch|p1a: Banette|Banette, L93, M|270/270\n|-damage|p1a: Banette|237/270|[from] Stealth Rock\n|turn|9\n|\n|t:|1781443970\n|move|p1a: Banette|Shadow Sneak|p2a: Thundurus\n|-damage|p2a: Thundurus|47/258\n|-damage|p1a: Banette|210/270|[from] item: Life Orb\n|move|p2a: Thundurus|Tera Blast|p1a: Banette|[anim] Tera Blast Flying\n|-damage|p1a: Banette|0 fnt\n|-start|p2a: Thundurus|Disable|Tera Blast|[from] ability: Cursed Body|[of] p1a: Banette\n|faint|p1a: Banette\n|\n|upkeep\n|\n|t:|1781443976\n|switch|p1a: Latias|Latias, L79, F|256/256\n|-damage|p1a: Latias|224/256|[from] Stealth Rock\n|turn|10\n|\n|t:|1781443981\n|switch|p2a: Umbreon|Umbreon, L84, F|224/297\n|move|p1a: Latias|Psyshock|p2a: Umbreon\n|-immune|p2a: Umbreon\n|\n|-heal|p2a: Umbreon|242/297|[from] item: Leftovers\n|upkeep\n|turn|11\n|\n|t:|1781443986\n|-terastallize|p1a: Latias|Steel\n|move|p1a: Latias|Calm Mind|p1a: Latias\n|-boost|p1a: Latias|spa|1\n|-boost|p1a: Latias|spd|1\n|move|p2a: Umbreon|Wish|p2a: Umbreon\n|\n|-heal|p2a: Umbreon|260/297|[from] item: Leftovers\n|upkeep\n|turn|12\n|\n|t:|1781443995\n|switch|p2a: Thundurus|Thundurus, L80, M, tera:Flying|47/258\n|move|p1a: Latias|Calm Mind|p1a: Latias\n|-boost|p1a: Latias|spa|1\n|-boost|p1a: Latias|spd|1\n|\n|-heal|p2a: Thundurus|195/258|[from] move: Wish|[wisher] Umbreon\n|upkeep\n|turn|13\n|\n|t:|1781444011\n|move|p2a: Thundurus|Nasty Plot|p2a: Thundurus\n|-boost|p2a: Thundurus|spa|2\n|move|p1a: Latias|Psyshock|p2a: Thundurus\n|-damage|p2a: Thundurus|0 fnt\n|faint|p2a: Thundurus\n|\n|upkeep\n|\n|t:|1781444019\n|switch|p2a: Hippowdon|Hippowdon, L82, F|311/311\n|-weather|Sandstorm|[from] ability: Sand Stream|[of] p2a: Hippowdon\n|turn|14\n|\n|t:|1781444023\n|switch|p2a: Umbreon|Umbreon, L84, F|260/297\n|move|p1a: Latias|Draco Meteor|p2a: Umbreon\n|-damage|p2a: Umbreon|23/297\n|-unboost|p1a: Latias|spa|2\n|\n|-weather|Sandstorm|[upkeep]\n|-damage|p2a: Umbreon|5/297|[from] Sandstorm\n|-heal|p2a: Umbreon|23/297|[from] item: Leftovers\n|upkeep\n|turn|15\n|\n|t:|1781444028\n|switch|p2a: Hippowdon|Hippowdon, L82, F|311/311\n|move|p1a: Latias|Calm Mind|p1a: Latias\n|-boost|p1a: Latias|spa|1\n|-boost|p1a: Latias|spd|1\n|\n|-weather|Sandstorm|[upkeep]\n|upkeep\n|turn|16\n|\n|t:|1781444032\n|move|p1a: Latias|Draco Meteor|p2a: Hippowdon\n|-damage|p2a: Hippowdon|2/311\n|-unboost|p1a: Latias|spa|2\n|move|p2a: Hippowdon|Whirlwind|p1a: Latias\n|drag|p1a: Malamar|Malamar, L82, F|275/275\n|-damage|p1a: Malamar|241/275|[from] Stealth Rock\n|\n|-weather|Sandstorm|[upkeep]\n|-damage|p1a: Malamar|224/275|[from] Sandstorm\n|-heal|p1a: Malamar|241/275|[from] item: Leftovers\n|-heal|p2a: Hippowdon|21/311|[from] item: Leftovers\n|upkeep\n|turn|17\n|\n|t:|1781444039\n|switch|p2a: Cramorant|Cramorant, L86, F|261/261\n|move|p1a: Malamar|Superpower|p2a: Cramorant\n|-resisted|p2a: Cramorant\n|-damage|p2a: Cramorant|211/261\n|-boost|p1a: Malamar|atk|1\n|-boost|p1a: Malamar|def|1\n|\n|-weather|Sandstorm|[upkeep]\n|-damage|p2a: Cramorant|195/261|[from] Sandstorm\n|-damage|p1a: Malamar|224/275|[from] Sandstorm\n|-heal|p1a: Malamar|241/275|[from] item: Leftovers\n|upkeep\n|turn|18\n|\n|t:|1781444043\n|move|p2a: Cramorant|Surf|p1a: Malamar\n|-formechange|p2a: Cramorant|Cramorant-Gulping|\n|-damage|p1a: Malamar|144/275\n|move|p1a: Malamar|Knock Off|p2a: Cramorant\n|-damage|p2a: Cramorant|0 fnt\n|-damage|p1a: Malamar|76/275|[from] ability: Gulp Missile|[of] p2a: Cramorant\n|-boost|p1a: Malamar|def|1\n|-formechange|p2a: Cramorant|Cramorant|\n|-enditem|p2a: Cramorant|Heavy-Duty Boots|[from] move: Knock Off|[of] p1a: Malamar\n|faint|p2a: Cramorant\n|\n|-weather|none\n|-heal|p1a: Malamar|93/275|[from] item: Leftovers\n|upkeep\n|\n|t:|1781444053\n|switch|p2a: Mismagius|Mismagius, L86, M|243/243\n|turn|19\n|\n|t:|1781444071\n|switch|p1a: Qwilfish|Qwilfish, L86, F|252/252\n|-damage|p1a: Qwilfish|221/252|[from] Stealth Rock\n|-ability|p1a: Qwilfish|Intimidate|boost\n|-unboost|p2a: Mismagius|atk|1\n|move|p2a: Mismagius|Shadow Ball|p1a: Qwilfish\n|-damage|p1a: Qwilfish|46/252\n|-unboost|p1a: Qwilfish|spd|1\n|-damage|p2a: Mismagius|219/243|[from] item: Life Orb\n|\n|-heal|p1a: Qwilfish|61/252|[from] item: Leftovers\n|upkeep\n|turn|20\n|\n|t:|1781444076\n|move|p2a: Mismagius|Shadow Ball|p1a: Qwilfish\n|-damage|p1a: Qwilfish|0 fnt\n|faint|p1a: Qwilfish\n|-damage|p2a: Mismagius|195/243|[from] item: Life Orb\n|\n|upkeep\n|\n|t:|1781444078\n|switch|p1a: Latias|Latias, L79, F, tera:Steel|224/256\n|-damage|p1a: Latias|208/256|[from] Stealth Rock\n|turn|21\n|\n|t:|1781444087\n|move|p2a: Mismagius|Nasty Plot|p2a: Mismagius\n|-boost|p2a: Mismagius|spa|2\n|move|p1a: Latias|Psyshock|p2a: Mismagius\n|-damage|p2a: Mismagius|63/243\n|\n|upkeep\n|turn|22\n|\n|t:|1781444101\n|move|p2a: Mismagius|Shadow Ball|p1a: Latias\n|-damage|p1a: Latias|20/256\n|-unboost|p1a: Latias|spd|1\n|-damage|p2a: Mismagius|39/243|[from] item: Life Orb\n|move|p1a: Latias|Recover|p1a: Latias\n|-heal|p1a: Latias|148/256\n|\n|upkeep\n|turn|23\n|\n|t:|1781444106\n|switch|p1a: Palossand|Palossand, L89, M|296/296\n|-damage|p1a: Palossand|278/296|[from] Stealth Rock\n|move|p2a: Mismagius|Shadow Ball|p1a: Palossand\n|-supereffective|p1a: Palossand\n|-damage|p1a: Palossand|0 fnt\n|faint|p1a: Palossand\n|-damage|p2a: Mismagius|15/243|[from] item: Life Orb\n|\n|upkeep\n|\n|t:|1781444109\n|switch|p1a: Malamar|Malamar, L82, F|93/275\n|-damage|p1a: Malamar|59/275|[from] Stealth Rock\n|turn|24\n|\n|t:|1781444120\n|switch|p1a: Latias|Latias, L79, F, tera:Steel|148/256\n|-damage|p1a: Latias|132/256|[from] Stealth Rock\n|move|p2a: Mismagius|Shadow Ball|p1a: Latias\n|-damage|p1a: Latias|0 fnt\n|faint|p1a: Latias\n|-damage|p2a: Mismagius|0 fnt|[from] item: Life Orb\n|faint|p2a: Mismagius\n|\n|upkeep\n|\n|t:|1781444135\n|switch|p2a: Golurk|Golurk, L87|297/297\n|switch|p1a: Malamar|Malamar, L82, F|59/275\n|-damage|p1a: Malamar|25/275|[from] Stealth Rock\n|turn|25\n|\n|t:|1781444140\n|move|p1a: Malamar|Rest|p1a: Malamar\n|-status|p1a: Malamar|slp|[from] move: Rest\n|-heal|p1a: Malamar|275/275 slp|[silent]\n|move|p2a: Golurk|Dynamic Punch|p1a: Malamar\n|-damage|p1a: Malamar|154/275 slp\n|-start|p1a: Malamar|confusion\n|-damage|p2a: Golurk|268/297|[from] item: Life Orb\n|\n|-heal|p1a: Malamar|171/275 slp|[from] item: Leftovers\n|upkeep\n|turn|26\n|\n|t:|1781444147\n|cant|p1a: Malamar|slp\n|-activate|p1a: Malamar|confusion\n|-damage|p1a: Malamar|145/275 slp|[from] confusion\n|move|p2a: Golurk|Poltergeist|p1a: Malamar\n|-activate|p1a: Malamar|move: Poltergeist|Leftovers\n|-damage|p1a: Malamar|0 fnt\n|faint|p1a: Malamar\n|-damage|p2a: Golurk|239/297|[from] item: Life Orb\n|\n|win|zicafeliped\n", "inputlog": ">version a8376a258c1d4662feba110a92103f3664a72141\n>start {\"formatid\":\"gen9randombattle\",\"seed\":\"sodium,f4878446e8c1112033353cdd0212a678\",\"rated\":\"Rated battle\"}\n>player p1 {\"name\":\"THSupernova\",\"avatar\":\"bellelba\",\"rating\":2179,\"seed\":\"sodium,1205d6146b5e73f6d68d37868cb6fb95\"}\n>player p2 {\"name\":\"zicafeliped\",\"avatar\":\"beauty-gen4dp\",\"rating\":2215,\"seed\":\"sodium,e9bc16de0d323b0405686f457b2e371f\"}\n>p1 move dracometeor\n>p2 switch 4\n>p1 switch 5\n>p2 move toxic\n>p1 move gunkshot\n>p2 switch 5\n>p1 switch 6\n>p2 switch 3\n>p1 switch 6\n>p2 move stealthrock\n>p1 move waterfall\n>p2 switch 2\n>p1 switch 6\n>p2 move nastyplot\n>p1 switch 4\n>p2 move terablast terastallize\n>p1 switch 2\n>p1 move shadowsneak\n>p2 move terablast\n>p1 switch 5\n>p1 move psyshock\n>p2 switch 5\n>p1 move calmmind terastallize\n>p2 move wish\n>p1 move calmmind\n>p2 switch 5\n>p1 move psyshock\n>p2 move nastyplot\n>p2 switch 3\n>p1 move dracometeor\n>p2 switch 5\n>p1 move calmmind\n>p2 switch 5\n>p1 move dracometeor\n>p2 move whirlwind\n>p1 move superpower\n>p2 switch 4\n>p1 move knockoff\n>p2 move surf\n>p2 switch 6\n>p1 switch 6\n>p2 move shadowball\n>p1 move waterfall\n>p2 move shadowball\n>p1 switch 3\n>p1 move psyshock\n>p2 move nastyplot\n>p1 move recover\n>p2 move shadowball\n>p1 switch 4\n>p2 move shadowball\n>p1 switch 6\n>p1 switch 4\n>p2 move shadowball\n>p1 switch 4\n>p2 switch 2\n>p1 move rest\n>p2 move dynamicpunch\n>p1 move sleeptalk\n>p2 move poltergeist", "uploadtime": 1781443878, "views": 4, "formatid": "gen9randombattle", "rating": null, "private": 0, "password": null}