{"id": "gen9randombattle-2631532028", "format": "[Gen 9] Random Battle", "players": ["dlkjskjdnasd", "itsCG"], "log": "|j|\u2606dlkjskjdnasd\n|j|\u2606itsCG\n|t:|1781397478\n|gametype|singles\n|player|p1|dlkjskjdnasd|2|1133\n|player|p2|itsCG|proton|1159\n|gen|9\n|tier|[Gen 9] Random Battle\n|rated|\n|rule|Species Clause: Limit one of each Pok\u00e9mon\n|rule|HP Percentage Mod: HP is shown in percentages\n|rule|Sleep Clause Mod: Limit one foe put to sleep\n|rule|Illusion Level Mod: Illusion disguises the Pok\u00e9mon's true level\n|\n|t:|1781397478\n|teamsize|p1|6\n|teamsize|p2|6\n|start\n|switch|p1a: Sunflora|Sunflora, F|312/312\n|switch|p2a: Vaporeon|Vaporeon, L86, M|364/364\n|turn|1\n|inactive|Battle timer is ON: inactive players will automatically lose when time's up. (requested by itsCG)\n|\n|t:|1781397491\n|switch|p2a: Torkoal|Torkoal, L88, F|266/266\n|-weather|SunnyDay|[from] ability: Drought|[of] p2a: Torkoal\n|move|p1a: Sunflora|Leaf Storm|p2a: Torkoal\n|-resisted|p2a: Torkoal\n|-damage|p2a: Torkoal|99/266\n|-unboost|p1a: Sunflora|spa|2\n|\n|-weather|SunnyDay|[upkeep]\n|upkeep\n|turn|2\n|\n|t:|1781397505\n|move|p1a: Sunflora|Leaf Storm|p2a: Torkoal\n|-resisted|p2a: Torkoal\n|-damage|p2a: Torkoal|11/266\n|-unboost|p1a: Sunflora|spa|2\n|move|p2a: Torkoal|Stealth Rock|p1a: Sunflora\n|-sidestart|p1: dlkjskjdnasd|move: Stealth Rock\n|\n|-weather|SunnyDay|[upkeep]\n|upkeep\n|turn|3\n|\n|t:|1781397514\n|move|p1a: Sunflora|Leaf Storm|p2a: Torkoal\n|-resisted|p2a: Torkoal\n|-damage|p2a: Torkoal|0 fnt\n|-unboost|p1a: Sunflora|spa|2\n|faint|p2a: Torkoal\n|\n|-weather|SunnyDay|[upkeep]\n|upkeep\n|\n|t:|1781397519\n|switch|p2a: Dragonite|Dragonite, L74, M|257/257\n|turn|4\n|\n|t:|1781397536\n|switch|p1a: Hydrapple|Hydrapple, L83, F|312/312\n|-damage|p1a: Hydrapple|273/312|[from] Stealth Rock\n|move|p2a: Dragonite|Dragon Dance|p2a: Dragonite\n|-boost|p2a: Dragonite|atk|1\n|-boost|p2a: Dragonite|spe|1\n|\n|-weather|SunnyDay|[upkeep]\n|upkeep\n|turn|5\n|\n|t:|1781397542\n|-terastallize|p1a: Hydrapple|Steel\n|move|p2a: Dragonite|Outrage|p1a: Hydrapple\n|-resisted|p1a: Hydrapple\n|-damage|p1a: Hydrapple|192/312\n|move|p1a: Hydrapple|Dragon Tail|p2a: Dragonite\n|-supereffective|p2a: Dragonite\n|-damage|p2a: Dragonite|197/257\n|drag|p2a: Mismagius|Mismagius, L86, F|243/243\n|\n|-weather|none\n|upkeep\n|turn|6\n|\n|t:|1781397554\n|move|p2a: Mismagius|Mystical Fire|p1a: Hydrapple\n|-supereffective|p1a: Hydrapple\n|-damage|p1a: Hydrapple|58/312\n|-unboost|p1a: Hydrapple|spa|1\n|move|p1a: Hydrapple|Dragon Tail|p2a: Mismagius\n|-damage|p2a: Mismagius|170/243\n|drag|p2a: Noctowl|Noctowl, L95, F|344/344\n|\n|upkeep\n|turn|7\n|\n|t:|1781397562\n|move|p2a: Noctowl|Hyper Voice|p1a: Hydrapple\n|-resisted|p1a: Hydrapple\n|-damage|p1a: Hydrapple|0 fnt\n|faint|p1a: Hydrapple\n|\n|upkeep\n|\n|t:|1781397572\n|switch|p1a: Minun|Minun, L95, M|268/268\n|-damage|p1a: Minun|235/268|[from] Stealth Rock\n|turn|8\n|\n|t:|1781397588\n|move|p1a: Minun|Thunderbolt|p2a: Noctowl\n|-supereffective|p2a: Noctowl\n|-damage|p2a: Noctowl|126/344\n|-damage|p1a: Minun|209/268|[from] item: Life Orb\n|move|p2a: Noctowl|Hyper Voice|p1a: Minun\n|-damage|p1a: Minun|100/268\n|\n|upkeep\n|turn|9\n|\n|t:|1781397592\n|move|p1a: Minun|Thunderbolt|p2a: Noctowl\n|-supereffective|p2a: Noctowl\n|-damage|p2a: Noctowl|0 fnt\n|faint|p2a: Noctowl\n|-damage|p1a: Minun|74/268|[from] item: Life Orb\n|\n|upkeep\n|\n|t:|1781397606\n|switch|p2a: Spiritomb|Spiritomb, L89, M|234/234\n|turn|10\n|\n|t:|1781397609\n|move|p2a: Spiritomb|Sucker Punch|p1a: Minun\n|-damage|p1a: Minun|0 fnt\n|faint|p1a: Minun\n|\n|upkeep\n|\n|t:|1781397623\n|switch|p1a: Medicham|Medicham, L86, M|243/243\n|-damage|p1a: Medicham|228/243|[from] Stealth Rock\n|turn|11\n|\n|t:|1781397631\n|move|p1a: Medicham|Trick|p2a: Spiritomb\n|-activate|p1a: Medicham|move: Trick|[of] p2a: Spiritomb\n|-item|p2a: Spiritomb|Choice Scarf|[from] move: Trick\n|-item|p1a: Medicham|Leftovers|[from] move: Trick\n|move|p2a: Spiritomb|Poltergeist|p1a: Medicham\n|-activate|p1a: Medicham|move: Poltergeist|Leftovers\n|-supereffective|p1a: Medicham\n|-damage|p1a: Medicham|0 fnt\n|faint|p1a: Medicham\n|\n|upkeep\n|-message|dlkjskjdnasd forfeited.\n|\n|win|itsCG\n|raw|dlkjskjdnasd's rating: 1155 &rarr; <strong>1130</strong><br />(-25 for losing)\n|raw|itsCG's rating: 1159 &rarr; <strong>1184</strong><br />(+25 for winning)\n|l|\u2606dlkjskjdnasd\n|player|p1|\n", "inputlog": ">version a8376a258c1d4662feba110a92103f3664a72141\n>start {\"formatid\":\"gen9randombattle\",\"seed\":\"sodium,c124131e8dcd15e862b68903ef9a5767\",\"rated\":\"Rated battle\"}\n>player p1 {\"name\":\"dlkjskjdnasd\",\"avatar\":\"2\",\"rating\":1133,\"seed\":\"sodium,551d2d7453a58ca84e17c3aa5384cfce\"}\n>player p2 {\"name\":\"itsCG\",\"avatar\":\"proton\",\"rating\":1159,\"seed\":\"sodium,71f30c0b68ba029f464f43eaf6cdfeb3\"}\n>p1 move leafstorm\n>p2 switch 2\n>p1 move leafstorm\n>p2 move stealthrock\n>p1 move leafstorm\n>p2 move lavaplume\n>p2 switch 4\n>p1 switch 6\n>p2 move dragondance\n>p1 move dragontail terastallize\n>p2 move outrage\n>p1 move dragontail\n>p2 move mysticalfire\n>p1 move ficklebeam\n>p2 move hypervoice\n>p1 switch 4\n>p1 move thunderbolt\n>p2 move hypervoice\n>p1 move thunderbolt\n>p2 move roost\n>p2 switch 6\n>p1 move alluringvoice\n>p2 move suckerpunch\n>p1 switch 3\n>p1 move trick\n>p2 move poltergeist\n>forcelose p1", "uploadtime": 1781397637, "views": 3, "formatid": "gen9randombattle", "rating": 1130, "private": 0, "password": null}