{"id": "gen9randombattle-2632010628", "format": "[Gen 9] Random Battle", "players": ["Profschnitzel", "lucky liu"], "log": "|j|\u2606Profschnitzel\n|j|\u203dlucky liu\n|t:|1781465650\n|gametype|singles\n|player|p1|Profschnitzel|steven|2030\n|player|p2|lucky liu|roxie|2075\n|gen|9\n|tier|[Gen 9] Random Battle\n|rated|\n|rule|Species Clause: Limit one of each Pok\u00e9mon\n|rule|HP Percentage Mod: HP is shown in percentages\n|rule|Sleep Clause Mod: Limit one foe put to sleep\n|rule|Illusion Level Mod: Illusion disguises the Pok\u00e9mon's true level\n|\n|t:|1781465650\n|teamsize|p1|6\n|teamsize|p2|6\n|start\n|switch|p1a: Illumise|Illumise, L91, F|266/266\n|switch|p2a: Basculin|Basculin-Blue-Striped, L86, F|261/261\n|turn|1\n|inactive|Battle timer is ON: inactive players will automatically lose when time's up. (requested by Profschnitzel)\n|\n|t:|1781465673\n|move|p1a: Illumise|Thunder Wave|p2a: Basculin\n|-status|p2a: Basculin|par\n|move|p2a: Basculin|Wave Crash|p1a: Illumise\n|-damage|p1a: Illumise|0 fnt\n|faint|p1a: Illumise\n|-damage|p2a: Basculin|173/261 par|[from] Recoil\n|\n|upkeep\n|\n|t:|1781465691\n|switch|p1a: Medicham|Medicham, L86, M|243/243\n|turn|2\n|\n|t:|1781465704\n|move|p1a: Medicham|Zen Headbutt|p2a: Basculin\n|-damage|p2a: Basculin|0 fnt\n|faint|p2a: Basculin\n|\n|upkeep\n|\n|t:|1781465711\n|switch|p2a: Mienshao|Mienshao, L83, M|244/244\n|turn|3\n|\n|t:|1781465715\n|switch|p1a: Dondozo|Dondozo, L78, F|362/362\n|-terastallize|p2a: Mienshao|Dark\n|move|p2a: Mienshao|Knock Off|p1a: Dondozo\n|-damage|p1a: Dondozo|247/362\n|-enditem|p1a: Dondozo|Leftovers|[from] move: Knock Off|[of] p2a: Mienshao\n|\n|upkeep\n|turn|4\n|\n|t:|1781465722\n|move|p2a: Mienshao|Close Combat|p1a: Dondozo\n|-damage|p1a: Dondozo|117/362\n|-unboost|p2a: Mienshao|def|1\n|-unboost|p2a: Mienshao|spd|1\n|move|p1a: Dondozo|Curse|p1a: Dondozo\n|-unboost|p1a: Dondozo|spe|1\n|-boost|p1a: Dondozo|atk|1\n|-boost|p1a: Dondozo|def|1\n|\n|upkeep\n|turn|5\n|\n|t:|1781465729\n|move|p2a: Mienshao|U-turn|p1a: Dondozo\n|-damage|p1a: Dondozo|81/362\n|\n|t:|1781465733\n|switch|p2a: Lurantis|Lurantis, L87, F|264/264|[from] U-turn\n|move|p1a: Dondozo|Rest|p1a: Dondozo\n|-status|p1a: Dondozo|slp|[from] move: Rest\n|-heal|p1a: Dondozo|362/362 slp|[silent]\n|\n|upkeep\n|turn|6\n|\n|t:|1781465753\n|switch|p1a: Crabominable|Crabominable, L90, M|321/321\n|move|p2a: Lurantis|Leaf Storm|p1a: Crabominable\n|-damage|p1a: Crabominable|170/321\n|-boost|p2a: Lurantis|spa|2\n|\n|upkeep\n|turn|7\n|\n|t:|1781465782\n|switch|p2a: Golduck|Golduck, L90, F|290/290\n|-ability|p2a: Golduck|Cloud Nine\n|move|p1a: Crabominable|Close Combat|p2a: Golduck\n|-damage|p2a: Golduck|28/290\n|-unboost|p1a: Crabominable|def|1\n|-unboost|p1a: Crabominable|spd|1\n|\n|upkeep\n|turn|8\n|\n|t:|1781465789\n|switch|p1a: Luvdisc|Luvdisc, F|247/247\n|move|p2a: Golduck|Grass Knot|p1a: Luvdisc\n|-supereffective|p1a: Luvdisc\n|-damage|p1a: Luvdisc|203/247\n|-damage|p2a: Golduck|0 fnt|[from] item: Life Orb\n|faint|p2a: Golduck\n|\n|upkeep\n|\n|t:|1781465793\n|switch|p2a: Mienshao|Mienshao, L83, M, tera:Dark|244/244\n|turn|9\n|\n|t:|1781465796\n|move|p2a: Mienshao|Fake Out|p1a: Luvdisc\n|-damage|p1a: Luvdisc|165/247\n|cant|p1a: Luvdisc|flinch\n|\n|upkeep\n|turn|10\n|\n|t:|1781465799\n|move|p1a: Luvdisc|Substitute|p1a: Luvdisc\n|-start|p1a: Luvdisc|Substitute\n|-damage|p1a: Luvdisc|104/247\n|move|p2a: Mienshao|Knock Off|p1a: Luvdisc\n|-end|p1a: Luvdisc|Substitute\n|\n|upkeep\n|turn|11\n|\n|t:|1781465802\n|move|p1a: Luvdisc|Substitute|p1a: Luvdisc\n|-start|p1a: Luvdisc|Substitute\n|-damage|p1a: Luvdisc|43/247\n|move|p2a: Mienshao|Knock Off|p1a: Luvdisc\n|-end|p1a: Luvdisc|Substitute\n|\n|upkeep\n|turn|12\n|\n|t:|1781465806\n|move|p1a: Luvdisc|Endeavor|p2a: Mienshao\n|-damage|p2a: Mienshao|43/244\n|move|p2a: Mienshao|U-turn|p1a: Luvdisc\n|-damage|p1a: Luvdisc|0 fnt\n|faint|p1a: Luvdisc\n|\n|t:|1781465811\n|switch|p2a: Girafarig|Girafarig, L89, F|269/269|[from] U-turn\n|\n|upkeep\n|\n|t:|1781465819\n|switch|p1a: Metagross|Metagross, L79|256/256\n|turn|13\n|\n|t:|1781465834\n|move|p2a: Girafarig|Nasty Plot|p2a: Girafarig\n|-boost|p2a: Girafarig|spa|2\n|move|p1a: Metagross|Heavy Slam|p2a: Girafarig\n|-damage|p2a: Girafarig|100/269\n|\n|upkeep\n|turn|14\n|\n|t:|1781465841\n|move|p2a: Girafarig|Thunderbolt|p1a: Metagross\n|-damage|p1a: Metagross|115/256\n|move|p1a: Metagross|Heavy Slam|p2a: Girafarig\n|-damage|p2a: Girafarig|0 fnt\n|faint|p2a: Girafarig\n|\n|upkeep\n|\n|t:|1781465845\n|switch|p2a: Mienshao|Mienshao, L83, M, tera:Dark|124/244\n|turn|15\n|\n|t:|1781465861\n|switch|p1a: Dondozo|Dondozo, L78, F|362/362 slp\n|move|p2a: Mienshao|Close Combat|p1a: Dondozo\n|-damage|p1a: Dondozo|217/362 slp\n|-unboost|p2a: Mienshao|def|1\n|-unboost|p2a: Mienshao|spd|1\n|\n|upkeep\n|turn|16\n|\n|t:|1781465874\n|move|p2a: Mienshao|Close Combat|p1a: Dondozo\n|-damage|p1a: Dondozo|76/362 slp\n|-unboost|p2a: Mienshao|def|1\n|-unboost|p2a: Mienshao|spd|1\n|cant|p1a: Dondozo|slp\n|move|p1a: Dondozo|Sleep Talk|p1a: Dondozo\n|move|p1a: Dondozo|Curse|p1a: Dondozo|[from] move: Sleep Talk\n|-unboost|p1a: Dondozo|spe|1\n|-boost|p1a: Dondozo|atk|1\n|-boost|p1a: Dondozo|def|1\n|\n|upkeep\n|turn|17\n|\n|t:|1781465897\n|move|p2a: Mienshao|Close Combat|p1a: Dondozo\n|-damage|p1a: Dondozo|0 fnt\n|-unboost|p2a: Mienshao|def|1\n|-unboost|p2a: Mienshao|spd|1\n|faint|p1a: Dondozo\n|\n|upkeep\n|inactive|Profschnitzel has 120 seconds left.\n|\n|t:|1781465915\n|switch|p1a: Medicham|Medicham, L86, M|243/243\n|turn|18\n|\n|t:|1781465929\n|switch|p2a: Lurantis|Lurantis, L87, F|264/264\n|move|p1a: Medicham|Close Combat|p2a: Lurantis\n|-damage|p2a: Lurantis|0 fnt\n|-unboost|p1a: Medicham|def|1\n|-unboost|p1a: Medicham|spd|1\n|faint|p2a: Lurantis\n|\n|upkeep\n|\n|t:|1781465940\n|switch|p2a: Mienshao|Mienshao, L83, M, tera:Dark|205/244\n|turn|19\n|\n|t:|1781465947\n|switch|p1a: Crabominable|Crabominable, L90, M|170/321\n|move|p2a: Mienshao|Fake Out|p1a: Crabominable\n|-damage|p1a: Crabominable|135/321\n|\n|upkeep\n|turn|20\n|\n|t:|1781465953\n|move|p2a: Mienshao|Close Combat|p1a: Crabominable\n|-supereffective|p1a: Crabominable\n|-damage|p1a: Crabominable|0 fnt\n|-unboost|p2a: Mienshao|def|1\n|-unboost|p2a: Mienshao|spd|1\n|faint|p1a: Crabominable\n|\n|upkeep\n|\n|t:|1781465958\n|switch|p1a: Medicham|Medicham, L86, M|243/243\n|turn|21\n|\n|t:|1781465985\n|move|p2a: Mienshao|U-turn|p1a: Medicham\n|-damage|p1a: Medicham|174/243\n|\n|t:|1781465987\n|switch|p2a: Flapple|Flapple, L88, M|266/266|[from] U-turn\n|move|p1a: Medicham|Close Combat|p2a: Flapple\n|-damage|p2a: Flapple|0 fnt\n|-unboost|p1a: Medicham|def|1\n|-unboost|p1a: Medicham|spd|1\n|faint|p2a: Flapple\n|\n|upkeep\n|\n|t:|1781465988\n|switch|p2a: Mienshao|Mienshao, L83, M, tera:Dark|244/244\n|turn|22\n|\n|t:|1781465994\n|switch|p1a: Metagross|Metagross, L79|115/256\n|move|p2a: Mienshao|Knock Off|p1a: Metagross\n|-supereffective|p1a: Metagross\n|-damage|p1a: Metagross|0 fnt\n|-enditem|p1a: Metagross|Choice Band|[from] move: Knock Off|[of] p2a: Mienshao\n|faint|p1a: Metagross\n|\n|upkeep\n|\n|t:|1781465999\n|switch|p1a: Medicham|Medicham, L86, M|174/243\n|turn|23\n|\n|t:|1781466005\n|-terastallize|p1a: Medicham|Fighting\n|move|p2a: Mienshao|Knock Off|p1a: Medicham\n|-resisted|p1a: Medicham\n|-crit|p1a: Medicham\n|-damage|p1a: Medicham|75/243\n|-enditem|p1a: Medicham|Choice Band|[from] move: Knock Off|[of] p2a: Mienshao\n|move|p1a: Medicham|Close Combat|p2a: Mienshao\n|-supereffective|p2a: Mienshao\n|-damage|p2a: Mienshao|0 fnt\n|-unboost|p1a: Medicham|def|1\n|-unboost|p1a: Medicham|spd|1\n|faint|p2a: Mienshao\n|\n|win|Profschnitzel\n", "inputlog": ">version a8376a258c1d4662feba110a92103f3664a72141\n>start {\"formatid\":\"gen9randombattle\",\"seed\":\"sodium,dc1d15c8eb697251230b4738deb98626\",\"rated\":\"Rated battle\"}\n>player p1 {\"name\":\"Profschnitzel\",\"avatar\":\"steven\",\"rating\":2030,\"seed\":\"sodium,da8e30107033f591d965ca3b4dbfec0a\"}\n>player p2 {\"name\":\"lucky liu\",\"avatar\":\"roxie\",\"rating\":2075,\"seed\":\"sodium,f843d739c1964bd2037f38798f12e640\"}\n>p1 move thunderwave\n>p2 move wavecrash\n>p1 switch 5\n>p1 move zenheadbutt\n>p2 move wavecrash\n>p2 switch 5\n>p1 switch 2\n>p2 move knockoff terastallize\n>p1 move curse\n>p2 move closecombat\n>p1 move rest\n>p2 move uturn\n>p2 switch 4\n>p1 switch 6\n>p2 move leafstorm\n>p1 move closecombat\n>p2 switch 2\n>p1 switch 4\n>p2 move grassknot\n>p2 switch 4\n>p1 move substitute\n>p2 move fakeout\n>p1 move substitute\n>p2 move knockoff\n>p1 move substitute\n>p2 move knockoff\n>p1 move endeavor\n>p2 move uturn\n>p2 switch 6\n>p1 switch 3\n>p1 move heavyslam\n>p2 move nastyplot\n>p1 move heavyslam\n>p2 move thunderbolt\n>p2 switch 6\n>p1 switch 6\n>p2 move closecombat\n>p1 move sleeptalk\n>p2 move closecombat\n>p1 move sleeptalk\n>p2 move closecombat\n>p1 switch 2\n>p1 move closecombat\n>p2 switch 2\n>p2 switch 2\n>p1 switch 4\n>p2 move fakeout\n>p1 move closecombat\n>p2 move closecombat\n>p1 switch 4\n>p1 move closecombat\n>p2 move uturn\n>p2 switch 3\n>p2 switch 3\n>p1 switch 6\n>p2 move knockoff\n>p1 switch 6\n>p1 move closecombat terastallize\n>p2 move knockoff", "uploadtime": 1781465653, "views": 9, "formatid": "gen9randombattle", "rating": null, "private": 0, "password": null}