{"id": "gen9randombattle-2631456498", "format": "[Gen 9] Random Battle", "players": ["dual22", "Ponclex"], "log": "|j|\u2606dual22\n|j|\u2606Ponclex\n|t:|1781386920\n|gametype|singles\n|player|p1|dual22|hilbert|2128\n|player|p2|Ponclex|265|2094\n|gen|9\n|tier|[Gen 9] Random Battle\n|rated|\n|rule|Species Clause: Limit one of each Pok\u00e9mon\n|rule|HP Percentage Mod: HP is shown in percentages\n|rule|Sleep Clause Mod: Limit one foe put to sleep\n|rule|Illusion Level Mod: Illusion disguises the Pok\u00e9mon's true level\n|\n|t:|1781386920\n|teamsize|p1|6\n|teamsize|p2|6\n|start\n|switch|p1a: Zebstrika|Zebstrika, L87, F|272/272\n|switch|p2a: Quagsire|Quagsire, L84, M|297/297\n|turn|1\n|inactive|Battle timer is ON: inactive players will automatically lose when time's up. (requested by dual22)\n|\n|t:|1781386944\n|switch|p1a: Registeel|Registeel, L81|262/262\n|move|p2a: Quagsire|Toxic|p1a: Registeel\n|-immune|p1a: Registeel\n|\n|upkeep\n|turn|2\n|\n|t:|1781386950\n|switch|p1a: Pelipper|Pelipper, L86, F|243/243\n|-weather|RainDance|[from] ability: Drizzle|[of] p1a: Pelipper\n|move|p2a: Quagsire|Earthquake|p1a: Pelipper\n|-immune|p1a: Pelipper\n|\n|-weather|RainDance|[upkeep]\n|upkeep\n|turn|3\n|\n|t:|1781386959\n|switch|p2a: Empoleon|Empoleon, L84, M|278/278\n|move|p1a: Pelipper|Weather Ball|p2a: Empoleon\n|-resisted|p2a: Empoleon\n|-damage|p2a: Empoleon|162/278\n|\n|-weather|RainDance|[upkeep]\n|-heal|p2a: Empoleon|179/278|[from] item: Leftovers\n|upkeep\n|turn|4\n|\n|t:|1781386973\n|move|p1a: Pelipper|Weather Ball|p2a: Empoleon\n|-resisted|p2a: Empoleon\n|-damage|p2a: Empoleon|75/278\n|move|p2a: Empoleon|Stealth Rock|p1a: Pelipper\n|-sidestart|p1: dual22|move: Stealth Rock\n|\n|-weather|RainDance|[upkeep]\n|-heal|p2a: Empoleon|92/278|[from] item: Leftovers\n|upkeep\n|turn|5\n|\n|t:|1781386979\n|switch|p2a: Exeggutor|Exeggutor-Alola, L89, F|314/314\n|move|p1a: Pelipper|Weather Ball|p2a: Exeggutor\n|-resisted|p2a: Exeggutor\n|-crit|p2a: Exeggutor\n|-damage|p2a: Exeggutor|208/314\n|\n|-weather|RainDance|[upkeep]\n|upkeep\n|turn|6\n|\n|t:|1781387005\n|switch|p1a: Registeel|Registeel, L81|262/262\n|-damage|p1a: Registeel|246/262|[from] Stealth Rock\n|move|p2a: Exeggutor|Sleep Powder|p1a: Registeel\n|-status|p1a: Registeel|slp|[from] move: Sleep Powder\n|-enditem|p1a: Registeel|Chesto Berry|[eat]\n|-curestatus|p1a: Registeel|slp|[msg]\n|\n|-weather|none\n|upkeep\n|turn|7\n|inactive|dual22 has 120 seconds left.\n|\n|t:|1781387024\n|switch|p1a: Zebstrika|Zebstrika, L87, F|272/272\n|-damage|p1a: Zebstrika|238/272|[from] Stealth Rock\n|move|p2a: Exeggutor|Flamethrower|p1a: Zebstrika\n|-damage|p1a: Zebstrika|128/272\n|-status|p1a: Zebstrika|brn\n|\n|-damage|p1a: Zebstrika|111/272 brn|[from] brn\n|upkeep\n|turn|8\n|\n|t:|1781387038\n|move|p1a: Zebstrika|Overheat|p2a: Exeggutor|[miss]\n|-miss|p1a: Zebstrika|p2a: Exeggutor\n|move|p2a: Exeggutor|Draco Meteor|p1a: Zebstrika\n|-damage|p1a: Zebstrika|0 fnt\n|-unboost|p2a: Exeggutor|spa|2\n|faint|p1a: Zebstrika\n|\n|upkeep\n|inactive|dual22 has 120 seconds left.\n|\n|t:|1781387050\n|switch|p1a: Tauros|Tauros-Paldea-Combat, L82, M|257/257\n|-damage|p1a: Tauros|241/257|[from] Stealth Rock\n|-ability|p1a: Tauros|Intimidate|boost\n|-unboost|p2a: Exeggutor|atk|1\n|turn|9\n|inactive|Ponclex has 120 seconds left.\n|\n|t:|1781387078\n|switch|p2a: Crabominable|Crabominable, L90, M|321/321\n|move|p1a: Tauros|Close Combat|p2a: Crabominable\n|-supereffective|p2a: Crabominable\n|-damage|p2a: Crabominable|0 fnt\n|-unboost|p1a: Tauros|def|1\n|-unboost|p1a: Tauros|spd|1\n|faint|p2a: Crabominable\n|\n|upkeep\n|inactive|Ponclex has 120 seconds left.\n|\n|t:|1781387090\n|switch|p2a: Quagsire|Quagsire, L84, M|297/297\n|turn|10\n|inactive|Ponclex has 120 seconds left.\n|\n|t:|1781387109\n|move|p1a: Tauros|Close Combat|p2a: Quagsire\n|-damage|p2a: Quagsire|96/297\n|-unboost|p1a: Tauros|def|1\n|-unboost|p1a: Tauros|spd|1\n|move|p2a: Quagsire|Toxic|p1a: Tauros\n|-status|p1a: Tauros|tox\n|\n|-heal|p2a: Quagsire|114/297|[from] item: Leftovers\n|-damage|p1a: Tauros|225/257 tox|[from] psn\n|upkeep\n|turn|11\n|\n|t:|1781387117\n|move|p1a: Tauros|Close Combat|p2a: Quagsire\n|-damage|p2a: Quagsire|0 fnt\n|-unboost|p1a: Tauros|def|1\n|-unboost|p1a: Tauros|spd|1\n|faint|p2a: Quagsire\n|\n|-damage|p1a: Tauros|193/257 tox|[from] psn\n|upkeep\n|\n|t:|1781387123\n|switch|p2a: Breloom|Breloom, L83, F|235/235\n|turn|12\n|\n|t:|1781387136\n|switch|p1a: Illumise|Illumise, L91, F|266/266\n|move|p2a: Breloom|Mach Punch|p1a: Illumise\n|-resisted|p1a: Illumise\n|-damage|p1a: Illumise|214/266\n|-damage|p2a: Breloom|212/235|[from] item: Life Orb\n|\n|upkeep\n|turn|13\n|\n|t:|1781387149\n|switch|p2a: Coalossal|Coalossal, L89, F|341/341\n|move|p1a: Illumise|Encore||[still]\n|-fail|p1a: Illumise\n|\n|upkeep\n|turn|14\n|\n|t:|1781387168\n|switch|p1a: Registeel|Registeel, L81|246/262\n|-damage|p1a: Registeel|230/262|[from] Stealth Rock\n|move|p2a: Coalossal|Stone Edge|p1a: Registeel\n|-resisted|p1a: Registeel\n|-damage|p1a: Registeel|192/262\n|\n|upkeep\n|turn|15\n|\n|t:|1781387180\n|move|p1a: Registeel|Body Press|p2a: Coalossal\n|-supereffective|p2a: Coalossal\n|-damage|p2a: Coalossal|223/341\n|move|p2a: Coalossal|Stone Edge|p1a: Registeel\n|-resisted|p1a: Registeel\n|-damage|p1a: Registeel|156/262\n|\n|upkeep\n|turn|16\n|\n|t:|1781387190\n|move|p1a: Registeel|Body Press|p2a: Coalossal\n|-supereffective|p2a: Coalossal\n|-damage|p2a: Coalossal|121/341\n|move|p2a: Coalossal|Stone Edge|p1a: Registeel|[miss]\n|-miss|p2a: Coalossal|p1a: Registeel\n|\n|upkeep\n|turn|17\n|\n|t:|1781387201\n|switch|p2a: Exeggutor|Exeggutor-Alola, L89, F|208/314\n|move|p1a: Registeel|Iron Defense|p1a: Registeel\n|-boost|p1a: Registeel|def|2\n|\n|upkeep\n|turn|18\n|\n|t:|1781387218\n|move|p2a: Exeggutor|Flamethrower|p1a: Registeel\n|-supereffective|p1a: Registeel\n|-damage|p1a: Registeel|44/262\n|move|p1a: Registeel|Body Press|p2a: Exeggutor\n|-damage|p2a: Exeggutor|74/314\n|-enditem|p2a: Exeggutor|Sitrus Berry|[eat]\n|-heal|p2a: Exeggutor|152/314|[from] item: Sitrus Berry\n|\n|-item|p2a: Exeggutor|Sitrus Berry|[from] ability: Harvest\n|upkeep\n|-enditem|p2a: Exeggutor|Sitrus Berry|[eat]\n|-heal|p2a: Exeggutor|230/314|[from] item: Sitrus Berry\n|turn|19\n|\n|t:|1781387226\n|move|p2a: Exeggutor|Flamethrower|p1a: Registeel\n|-supereffective|p1a: Registeel\n|-damage|p1a: Registeel|0 fnt\n|faint|p1a: Registeel\n|\n|upkeep\n|inactive|dual22 has 120 seconds left.\n|\n|t:|1781387265\n|switch|p1a: Lapras|Lapras, L87, M|368/368\n|turn|20\n|\n|t:|1781387274\n|switch|p2a: Coalossal|Coalossal, L89, F|121/341\n|move|p1a: Lapras|Freeze-Dry|p2a: Coalossal\n|-resisted|p2a: Coalossal\n|-damage|p2a: Coalossal|88/341\n|\n|upkeep\n|turn|21\n|\n|t:|1781387280\n|switch|p2a: Breloom|Breloom, L83, F|212/235\n|move|p1a: Lapras|Sparkling Aria|p2a: Breloom\n|-resisted|p2a: Breloom\n|-damage|p2a: Breloom|154/235\n|\n|upkeep\n|turn|22\n|\n|t:|1781387292\n|-terastallize|p1a: Lapras|Ghost\n|move|p2a: Breloom|Bullet Seed|p1a: Lapras\n|-damage|p1a: Lapras|304/368\n|-damage|p1a: Lapras|240/368\n|-hitcount|p1a: Lapras|2\n|-damage|p2a: Breloom|131/235|[from] item: Life Orb\n|move|p1a: Lapras|Freeze-Dry|p2a: Breloom\n|-supereffective|p2a: Breloom\n|-damage|p2a: Breloom|0 fnt\n|faint|p2a: Breloom\n|\n|upkeep\n|-message|Ponclex forfeited.\n|\n|win|dual22\n", "inputlog": ">version a8376a258c1d4662feba110a92103f3664a72141\n>start {\"formatid\":\"gen9randombattle\",\"seed\":\"sodium,7d6a279224b1c1ef594d96082ada1b86\",\"rated\":\"Rated battle\"}\n>player p1 {\"name\":\"dual22\",\"avatar\":\"hilbert\",\"rating\":2128,\"seed\":\"sodium,1e6d073137b3055a53307a53a7519c68\"}\n>player p2 {\"name\":\"Ponclex\",\"avatar\":\"265\",\"rating\":2094,\"seed\":\"sodium,3294d8df24faa451ccd78919bac63164\"}\n>p1 switch 4\n>p2 move toxic\n>p1 switch 2\n>p2 move earthquake\n>p1 move weatherball\n>p2 switch 4\n>p1 move weatherball\n>p2 move stealthrock\n>p1 move weatherball\n>p2 switch 6\n>p1 switch 2\n>p2 move sleeppowder\n>p1 switch 4\n>p2 move flamethrower\n>p1 move overheat\n>p2 move dracometeor\n>p1 switch 6\n>p1 move closecombat\n>p2 switch 2\n>p2 switch 4\n>p1 move closecombat\n>p2 move toxic\n>p1 move closecombat\n>p2 move recover\n>p2 switch 3\n>p1 switch 3\n>p2 move machpunch\n>p1 move encore\n>p2 switch 5\n>p1 switch 4\n>p2 move stoneedge\n>p1 move bodypress\n>p2 move stoneedge\n>p1 move bodypress\n>p2 move stoneedge\n>p1 move irondefense\n>p2 switch 2\n>p1 move bodypress\n>p2 move flamethrower\n>p1 move bodypress\n>p2 move flamethrower\n>p1 switch 5\n>p1 move freezedry\n>p2 switch 2\n>p1 move sparklingaria\n>p2 switch 5\n>p1 move freezedry terastallize\n>p2 move bulletseed\n>forcelose p2", "uploadtime": 1781386922, "views": 6, "formatid": "gen9randombattle", "rating": null, "private": 0, "password": null}