{"id": "gen9randombattle-2631767259", "format": "[Gen 9] Random Battle", "players": ["HIDDENj", "Ggstarmie"], "log": "|j|\u2606HIDDENj\n|j|\u2606Ggstarmie\n|t:|1781436454\n|gametype|singles\n|player|p1|HIDDENj|1|2055\n|player|p2|Ggstarmie|1|2048\n|gen|9\n|tier|[Gen 9] Random Battle\n|rated|\n|rule|Species Clause: Limit one of each Pok\u00e9mon\n|rule|HP Percentage Mod: HP is shown in percentages\n|rule|Sleep Clause Mod: Limit one foe put to sleep\n|rule|Illusion Level Mod: Illusion disguises the Pok\u00e9mon's true level\n|\n|t:|1781436454\n|teamsize|p1|6\n|teamsize|p2|6\n|start\n|switch|p1a: Ursaluna|Ursaluna-Bloodmoon, L79, M|308/308\n|switch|p2a: Chien-Pao|Chien-Pao, L72|234/234\n|-ability|p2a: Chien-Pao|Sword of Ruin\n|turn|1\n|inactive|Battle timer is ON: inactive players will automatically lose when time's up. (requested by Ggstarmie)\n|\n|t:|1781436488\n|move|p2a: Chien-Pao|Icicle Crash|p1a: Ursaluna\n|-supereffective|p1a: Ursaluna\n|-damage|p1a: Ursaluna|62/308\n|cant|p1a: Ursaluna|flinch\n|\n|-heal|p1a: Ursaluna|81/308|[from] item: Leftovers\n|upkeep\n|turn|2\n|\n|t:|1781436494\n|switch|p1a: Snorlax|Snorlax, L82, F|397/397\n|move|p2a: Chien-Pao|Icicle Crash|p1a: Snorlax\n|-damage|p1a: Snorlax|291/397\n|\n|-heal|p1a: Snorlax|315/397|[from] item: Leftovers\n|upkeep\n|turn|3\n|\n|t:|1781436499\n|switch|p2a: Cinderace|Cinderace, L77, F|249/249\n|move|p1a: Snorlax|Body Slam|p2a: Cinderace\n|-damage|p2a: Cinderace|140/249\n|-status|p2a: Cinderace|par\n|\n|-heal|p1a: Snorlax|339/397|[from] item: Leftovers\n|upkeep\n|turn|4\n|\n|t:|1781436504\n|switch|p1a: Ursaluna|Ursaluna-Bloodmoon, L79, M|81/308\n|cant|p2a: Cinderace|par\n|\n|-heal|p1a: Ursaluna|100/308|[from] item: Leftovers\n|upkeep\n|turn|5\n|\n|t:|1781436523\n|switch|p2a: Swanna|Swanna, L89, M|278/278\n|move|p1a: Ursaluna|Blood Moon|p2a: Swanna\n|-damage|p2a: Swanna|82/278\n|\n|-heal|p1a: Ursaluna|119/308|[from] item: Leftovers\n|upkeep\n|turn|6\n|\n|t:|1781436531\n|move|p2a: Swanna|Roost|p2a: Swanna\n|-heal|p2a: Swanna|221/278\n|-singleturn|p2a: Swanna|move: Roost\n|move|p1a: Ursaluna|Moonlight|p1a: Ursaluna\n|-heal|p1a: Ursaluna|273/308\n|\n|-heal|p1a: Ursaluna|292/308|[from] item: Leftovers\n|upkeep\n|turn|7\n|\n|t:|1781436534\n|move|p2a: Swanna|Hydro Pump|p1a: Ursaluna\n|-supereffective|p1a: Ursaluna\n|-damage|p1a: Ursaluna|0 fnt\n|faint|p1a: Ursaluna\n|\n|upkeep\n|\n|t:|1781436541\n|switch|p1a: Snorlax|Snorlax, L82, F|339/397\n|turn|8\n|\n|t:|1781436550\n|move|p2a: Swanna|Brave Bird|p1a: Snorlax\n|-damage|p1a: Snorlax|180/397\n|-damage|p2a: Swanna|169/278|[from] Recoil\n|move|p1a: Snorlax|Body Slam|p2a: Swanna\n|-damage|p2a: Swanna|64/278\n|-status|p2a: Swanna|par\n|\n|-heal|p1a: Snorlax|204/397|[from] item: Leftovers\n|upkeep\n|turn|9\n|\n|t:|1781436557\n|cant|p2a: Swanna|par\n|move|p1a: Snorlax|Body Slam|p2a: Swanna\n|-damage|p2a: Swanna|0 fnt\n|faint|p2a: Swanna\n|\n|-heal|p1a: Snorlax|228/397|[from] item: Leftovers\n|upkeep\n|\n|t:|1781436559\n|switch|p2a: Cinderace|Cinderace, L77, F|140/249 par\n|turn|10\n|\n|t:|1781436563\n|switch|p1a: Arceus|Arceus-Ghost, L69|280/280\n|cant|p2a: Cinderace|par\n|\n|upkeep\n|turn|11\n|\n|t:|1781436567\n|switch|p2a: Chien-Pao|Chien-Pao, L72|234/234\n|-ability|p2a: Chien-Pao|Sword of Ruin\n|move|p1a: Arceus|Calm Mind|p1a: Arceus\n|-boost|p1a: Arceus|spa|1\n|-boost|p1a: Arceus|spd|1\n|\n|upkeep\n|turn|12\n|\n|t:|1781436571\n|-terastallize|p1a: Arceus|Dark\n|move|p2a: Chien-Pao|Throat Chop|p1a: Arceus\n|-resisted|p1a: Arceus\n|-damage|p1a: Arceus|215/280\n|-start|p1a: Arceus|Throat Chop|[silent]\n|move|p1a: Arceus|Focus Blast|p2a: Chien-Pao\n|-supereffective|p2a: Chien-Pao\n|-damage|p2a: Chien-Pao|0 fnt\n|faint|p2a: Chien-Pao\n|\n|upkeep\n|inactive|Ggstarmie has 120 seconds left.\n|\n|t:|1781436608\n|switch|p2a: Deoxys|Deoxys-Speed, L82|216/216\n|-ability|p2a: Deoxys|Pressure\n|turn|13\n|\n|t:|1781436627\n|switch|p1a: Snorlax|Snorlax, L82, F|228/397\n|-terastallize|p2a: Deoxys|Fighting\n|move|p2a: Deoxys|Nasty Plot|p2a: Deoxys\n|-boost|p2a: Deoxys|spa|2\n|\n|-heal|p1a: Snorlax|252/397|[from] item: Leftovers\n|upkeep\n|turn|14\n|\n|t:|1781436633\n|move|p2a: Deoxys|Focus Blast|p1a: Snorlax\n|-supereffective|p1a: Snorlax\n|-damage|p1a: Snorlax|0 fnt\n|faint|p1a: Snorlax\n|-damage|p2a: Deoxys|195/216|[from] item: Life Orb\n|\n|upkeep\n|\n|t:|1781436646\n|switch|p1a: Swampert|Swampert, L83, M|302/302\n|turn|15\n|\n|t:|1781436659\n|switch|p2a: Cinderace|Cinderace, L77, F|140/249 par\n|move|p1a: Swampert|Flip Turn|p2a: Cinderace\n|-supereffective|p2a: Cinderace\n|-damage|p2a: Cinderace|0 fnt\n|faint|p2a: Cinderace\n|j| afdasfafafdsaf\n|l| afdasfafafdsaf\n|\n|t:|1781436681\n|switch|p1a: Arceus|Arceus-Ghost, L69, tera:Dark|215/280|[from] Flip Turn\n|\n|upkeep\n|\n|t:|1781436685\n|switch|p2a: Deoxys|Deoxys-Speed, L82, tera:Fighting|195/216\n|-ability|p2a: Deoxys|Pressure\n|turn|16\n|\n|t:|1781436690\n|move|p2a: Deoxys|Focus Blast|p1a: Arceus|[miss]\n|-miss|p2a: Deoxys|p1a: Arceus\n|move|p1a: Arceus|Judgment|p2a: Deoxys\n|-damage|p2a: Deoxys|89/216\n|\n|upkeep\n|turn|17\n|\n|t:|1781436695\n|move|p2a: Deoxys|Focus Blast|p1a: Arceus\n|-supereffective|p1a: Arceus\n|-damage|p1a: Arceus|0 fnt\n|faint|p1a: Arceus\n|-damage|p2a: Deoxys|68/216|[from] item: Life Orb\n|\n|upkeep\n|\n|t:|1781436697\n|switch|p1a: Swampert|Swampert, L83, M|302/302\n|turn|18\n|\n|t:|1781436700\n|switch|p2a: Phione|Phione, L91|293/293\n|move|p1a: Swampert|Flip Turn|p2a: Phione\n|-resisted|p2a: Phione\n|-damage|p2a: Phione|260/293\n|\n|t:|1781436704\n|switch|p1a: Scrafty|Scrafty, L83, F|244/244|[from] Flip Turn\n|\n|-heal|p2a: Phione|278/293|[from] item: Leftovers\n|upkeep\n|turn|19\n|\n|t:|1781436710\n|move|p2a: Phione|Scald|p1a: Scrafty\n|-damage|p1a: Scrafty|172/244\n|-status|p1a: Scrafty|brn\n|move|p1a: Scrafty|Bulk Up|p1a: Scrafty\n|-boost|p1a: Scrafty|atk|1\n|-boost|p1a: Scrafty|def|1\n|\n|-heal|p2a: Phione|293/293|[from] item: Leftovers\n|-heal|p1a: Scrafty|187/244 brn|[from] item: Leftovers\n|-damage|p1a: Scrafty|172/244 brn|[from] brn\n|upkeep\n|turn|20\n|\n|t:|1781436715\n|move|p2a: Phione|Take Heart|p2a: Phione\n|-boost|p2a: Phione|spa|1\n|-boost|p2a: Phione|spd|1\n|move|p1a: Scrafty|Drain Punch|p2a: Phione\n|-damage|p2a: Phione|238/293\n|-heal|p1a: Scrafty|200/244 brn|[from] drain|[of] p2a: Phione\n|\n|-heal|p2a: Phione|256/293|[from] item: Leftovers\n|-heal|p1a: Scrafty|215/244 brn|[from] item: Leftovers\n|-damage|p1a: Scrafty|200/244 brn|[from] brn\n|upkeep\n|turn|21\n|\n|t:|1781436720\n|move|p2a: Phione|Scald|p1a: Scrafty\n|-damage|p1a: Scrafty|89/244 brn\n|move|p1a: Scrafty|Knock Off|p2a: Phione\n|-damage|p2a: Phione|181/293\n|-enditem|p2a: Phione|Leftovers|[from] move: Knock Off|[of] p1a: Scrafty\n|\n|-heal|p1a: Scrafty|104/244 brn|[from] item: Leftovers\n|-damage|p1a: Scrafty|89/244 brn|[from] brn\n|upkeep\n|turn|22\n|\n|t:|1781436725\n|move|p2a: Phione|Scald|p1a: Scrafty\n|-damage|p1a: Scrafty|0 fnt\n|faint|p1a: Scrafty\n|\n|upkeep\n|\n|t:|1781436727\n|switch|p1a: Swampert|Swampert, L83, M|302/302\n|turn|23\n|\n|t:|1781436729\n|move|p2a: Phione|Scald|p1a: Swampert\n|-damage|p1a: Swampert|178/302\n|move|p1a: Swampert|Earthquake|p2a: Phione\n|-damage|p2a: Phione|66/293\n|\n|-heal|p1a: Swampert|196/302|[from] item: Leftovers\n|upkeep\n|turn|24\n|\n|t:|1781436734\n|move|p2a: Phione|Rest|p2a: Phione\n|-status|p2a: Phione|slp|[from] move: Rest\n|-heal|p2a: Phione|293/293 slp|[silent]\n|move|p1a: Swampert|Earthquake|p2a: Phione\n|-damage|p2a: Phione|184/293 slp\n|\n|-heal|p1a: Swampert|214/302|[from] item: Leftovers\n|upkeep\n|turn|25\n|\n|t:|1781436737\n|cant|p2a: Phione|slp\n|move|p2a: Phione|Sleep Talk|p2a: Phione\n|move|p2a: Phione|Rest||[from] move: Sleep Talk|[still]\n|-fail|p2a: Phione\n|move|p1a: Swampert|Earthquake|p2a: Phione\n|-damage|p2a: Phione|78/293 slp\n|\n|-heal|p1a: Swampert|232/302|[from] item: Leftovers\n|upkeep\n|turn|26\n|\n|t:|1781436739\n|cant|p2a: Phione|slp\n|move|p2a: Phione|Sleep Talk|p2a: Phione\n|move|p2a: Phione|Scald|p1a: Swampert|[from] move: Sleep Talk\n|-damage|p1a: Swampert|114/302\n|move|p1a: Swampert|Earthquake|p2a: Phione\n|-damage|p2a: Phione|0 fnt\n|faint|p2a: Phione\n|\n|-heal|p1a: Swampert|132/302|[from] item: Leftovers\n|upkeep\n|\n|t:|1781436746\n|switch|p2a: Deoxys|Deoxys-Speed, L82, tera:Fighting|68/216\n|-ability|p2a: Deoxys|Pressure\n|turn|27\n|\n|t:|1781436753\n|move|p2a: Deoxys|Focus Blast|p1a: Swampert|[miss]\n|-miss|p2a: Deoxys|p1a: Swampert\n|move|p1a: Swampert|Earthquake|p2a: Deoxys\n|-damage|p2a: Deoxys|0 fnt\n|faint|p2a: Deoxys\n|\n|-heal|p1a: Swampert|150/302|[from] item: Leftovers\n|upkeep\n|\n|t:|1781436757\n|switch|p2a: Sandslash|Sandslash, L89, F|278/278\n|turn|28\n|\n|t:|1781436760\n|move|p2a: Sandslash|Swords Dance|p2a: Sandslash\n|-boost|p2a: Sandslash|atk|2\n|move|p1a: Swampert|Ice Beam|p2a: Sandslash\n|-supereffective|p2a: Sandslash\n|-damage|p2a: Sandslash|130/278\n|\n|-heal|p2a: Sandslash|147/278|[from] item: Leftovers\n|-heal|p1a: Swampert|168/302|[from] item: Leftovers\n|upkeep\n|turn|29\n|\n|t:|1781436763\n|move|p2a: Sandslash|Earthquake|p1a: Swampert\n|-damage|p1a: Swampert|0 fnt\n|faint|p1a: Swampert\n|\n|-heal|p2a: Sandslash|164/278|[from] item: Leftovers\n|upkeep\n|\n|t:|1781436765\n|switch|p1a: Dragonite|Dragonite, L74, M|257/257\n|turn|30\n|\n|t:|1781436769\n|move|p2a: Sandslash|Stone Edge|p1a: Dragonite\n|-supereffective|p1a: Dragonite\n|-crit|p1a: Dragonite\n|-damage|p1a: Dragonite|0 fnt\n|faint|p1a: Dragonite\n|\n|win|Ggstarmie\n", "inputlog": ">version a8376a258c1d4662feba110a92103f3664a72141\n>start {\"formatid\":\"gen9randombattle\",\"seed\":\"sodium,3d1b113a78762484eeceec2e7750c864\",\"rated\":\"Rated battle\"}\n>player p1 {\"name\":\"HIDDENj\",\"avatar\":\"1\",\"rating\":2055,\"seed\":\"sodium,1d21253ea428c1ee420105a5fb57d1df\"}\n>player p2 {\"name\":\"Ggstarmie\",\"avatar\":\"1\",\"rating\":2048,\"seed\":\"sodium,f9f8e5fb1292c055a28e9800da47104c\"}\n>p1 move bloodmoon\n>p2 move iciclecrash\n>p1 switch 5\n>p2 move iciclecrash\n>p1 move bodyslam\n>p2 switch 4\n>p1 switch 5\n>p2 move highjumpkick\n>p1 move bloodmoon\n>p2 switch 3\n>p1 move moonlight\n>p2 move roost\n>p1 move calmmind\n>p2 move hydropump\n>p1 switch 5\n>p1 move bodyslam\n>p2 move bravebird\n>p1 move bodyslam\n>p2 move bravebird\n>p2 switch 3\n>p1 switch 4\n>p2 move highjumpkick\n>p1 move calmmind\n>p2 switch 4\n>p1 move focusblast terastallize\n>p2 move throatchop\n>p2 switch 6\n>p1 switch 4\n>p2 move nastyplot terastallize\n>p1 move bodyslam\n>p2 move focusblast\n>p1 switch 6\n>p1 move flipturn\n>p2 switch 4\n>p1 switch 4\n>p2 switch 4\n>p1 move judgment\n>p2 move focusblast\n>p1 move judgment\n>p2 move focusblast\n>p1 switch 4\n>p1 move flipturn\n>p2 switch 2\n>p1 switch 2\n>p1 move bulkup\n>p2 move scald\n>p1 move drainpunch\n>p2 move takeheart\n>p1 move knockoff\n>p2 move scald\n>p1 move rest\n>p2 move scald\n>p1 switch 2\n>p1 move earthquake\n>p2 move scald\n>p1 move earthquake\n>p2 move rest\n>p1 move earthquake\n>p2 move sleeptalk\n>p1 move earthquake\n>p2 move sleeptalk\n>p2 switch 2\n>p1 move earthquake\n>p2 move focusblast\n>p2 switch 5\n>p1 move icebeam\n>p2 move swordsdance\n>p1 move flipturn\n>p2 move earthquake\n>p1 switch 3\n>p1 move dragondance\n>p2 move stoneedge", "uploadtime": 1781436457, "views": 8, "formatid": "gen9randombattle", "rating": null, "private": 0, "password": null}