{"id": "gen9randombattle-2631633678", "format": "[Gen 9] Random Battle", "players": ["masbahlilganteng", "Elite 4 Waally"], "log": "|j|\u2606masbahlilganteng\n|j|\u2606Elite 4 Waally\n|t:|1781412123\n|gametype|singles\n|player|p1|masbahlilganteng|hoopster|2030\n|player|p2|Elite 4 Waally|wally|1934\n|gen|9\n|tier|[Gen 9] Random Battle\n|rated|\n|rule|Species Clause: Limit one of each Pok\u00e9mon\n|rule|HP Percentage Mod: HP is shown in percentages\n|rule|Sleep Clause Mod: Limit one foe put to sleep\n|rule|Illusion Level Mod: Illusion disguises the Pok\u00e9mon's true level\n|\n|t:|1781412123\n|teamsize|p1|6\n|teamsize|p2|6\n|start\n|switch|p1a: Ting-Lu|Ting-Lu, L78|370/370\n|switch|p2a: Alomomola|Alomomola, L87, M|219/219\n|-ability|p1a: Ting-Lu|Vessel of Ruin\n|turn|1\n|inactive|Battle timer is ON: inactive players will automatically lose when time's up. (requested by masbahlilganteng)\n|\n|t:|1781412137\n|switch|p2a: Gumshoos|Gumshoos, L95, M|321/321\n|move|p1a: Ting-Lu|Stealth Rock|p2a: Gumshoos\n|-sidestart|p2: Elite 4 Waally|move: Stealth Rock\n|\n|upkeep\n|turn|2\n|\n|t:|1781412141\n|move|p2a: Gumshoos|U-turn|p1a: Ting-Lu\n|-supereffective|p1a: Ting-Lu\n|-damage|p1a: Ting-Lu|200/370\n|\n|t:|1781412146\n|switch|p2a: Ribombee|Ribombee, L83, F|235/235|[from] U-turn\n|move|p1a: Ting-Lu|Earthquake|p2a: Ribombee\n|-resisted|p2a: Ribombee\n|-damage|p2a: Ribombee|169/235\n|\n|-heal|p1a: Ting-Lu|223/370|[from] item: Leftovers\n|upkeep\n|turn|3\n|\n|t:|1781412150\n|move|p2a: Ribombee|Sticky Web|p1a: Ting-Lu\n|-sidestart|p1: masbahlilganteng|move: Sticky Web\n|move|p1a: Ting-Lu|Heavy Slam|p2a: Ribombee\n|-supereffective|p2a: Ribombee\n|-damage|p2a: Ribombee|0 fnt\n|faint|p2a: Ribombee\n|\n|-heal|p1a: Ting-Lu|246/370|[from] item: Leftovers\n|upkeep\n|\n|t:|1781412159\n|switch|p2a: Alomomola|Alomomola, L87, M|429/429\n|-damage|p2a: Alomomola|376/429|[from] Stealth Rock\n|turn|4\n|\n|t:|1781412168\n|switch|p1a: Manaphy|Manaphy, L78|284/284\n|-activate|p1a: Manaphy|move: Sticky Web\n|-unboost|p1a: Manaphy|spe|1\n|move|p2a: Alomomola|Scald|p1a: Manaphy\n|-resisted|p1a: Manaphy\n|-damage|p1a: Manaphy|259/284\n|\n|-heal|p1a: Manaphy|276/284|[from] item: Leftovers\n|upkeep\n|turn|5\n|\n|t:|1781412177\n|move|p2a: Alomomola|Flip Turn|p1a: Manaphy\n|-resisted|p1a: Manaphy\n|-damage|p1a: Manaphy|251/284\n|\n|t:|1781412182\n|switch|p2a: Iron Bundle|Iron Bundle, L78|215/215|[from] Flip Turn\n|move|p1a: Manaphy|Tail Glow|p1a: Manaphy\n|-boost|p1a: Manaphy|spa|3\n|\n|-heal|p1a: Manaphy|268/284|[from] item: Leftovers\n|upkeep\n|turn|6\n|\n|t:|1781412189\n|move|p2a: Iron Bundle|Encore|p1a: Manaphy\n|-start|p1a: Manaphy|Encore\n|move|p1a: Manaphy|Tail Glow|p1a: Manaphy\n|-boost|p1a: Manaphy|spa|3\n|\n|-heal|p1a: Manaphy|284/284|[from] item: Leftovers\n|upkeep\n|turn|7\n|\n|t:|1781412212\n|switch|p1a: Zebstrika|Zebstrika, L87, F|272/272\n|-activate|p1a: Zebstrika|move: Sticky Web\n|-unboost|p1a: Zebstrika|spe|1\n|move|p2a: Iron Bundle|Flip Turn|p1a: Zebstrika\n|-damage|p1a: Zebstrika|208/272\n|\n|t:|1781412225\n|-end|p2a: Iron Bundle|Quark Drive|[silent]\n|switch|p2a: Iron Bundle|Iron Bundle, L78|219/219|[from] Flip Turn\n|-damage|p2a: Iron Bundle|192/219|[from] Stealth Rock\n|\n|upkeep\n|turn|8\n|\n|t:|1781412238\n|move|p2a: Iron Bundle|Hyper Voice|p1a: Zebstrika\n|-damage|p1a: Zebstrika|25/272\n|move|p1a: Zebstrika|Volt Switch|p2a: Iron Bundle\n|-crit|p2a: Iron Bundle\n|-damage|p2a: Iron Bundle|17/219\n|replace|p2a: Zoroark|Zoroark-Hisui, L80, F\n|-end|p2a: Zoroark|Illusion\n|-hint|Illusion Level Mod is active, so this Pok\u00e9mon's true level was hidden.\n|-damage|p1a: Zebstrika|0 fnt|[from] item: Life Orb\n|faint|p1a: Zebstrika\n|\n|upkeep\n|\n|t:|1781412250\n|switch|p1a: Palossand|Palossand, L89, M|296/296\n|-activate|p1a: Palossand|move: Sticky Web\n|-unboost|p1a: Palossand|spe|1\n|turn|9\n|\n|t:|1781412255\n|move|p2a: Zoroark|Hyper Voice|p1a: Palossand\n|-immune|p1a: Palossand\n|move|p1a: Palossand|Earth Power|p2a: Zoroark\n|-crit|p2a: Zoroark\n|-damage|p2a: Zoroark|0 fnt\n|faint|p2a: Zoroark\n|\n|upkeep\n|\n|t:|1781412262\n|switch|p2a: Iron Bundle|Iron Bundle, L78|215/215\n|turn|10\n|\n|t:|1781412267\n|move|p2a: Iron Bundle|Hydro Pump|p1a: Palossand\n|-supereffective|p1a: Palossand\n|-damage|p1a: Palossand|18/296\n|-ability|p1a: Palossand|Water Compaction|boost\n|-boost|p1a: Palossand|def|2\n|move|p1a: Palossand|Sludge Bomb|p2a: Iron Bundle\n|-damage|p2a: Iron Bundle|109/215\n|\n|-heal|p1a: Palossand|36/296|[from] item: Leftovers\n|upkeep\n|turn|11\n|\n|t:|1781412285\n|move|p2a: Iron Bundle|Freeze-Dry|p1a: Palossand\n|-supereffective|p1a: Palossand\n|-damage|p1a: Palossand|0 fnt\n|faint|p1a: Palossand\n|\n|upkeep\n|\n|t:|1781412288\n|switch|p1a: Malamar|Malamar, L82, F|275/275\n|-activate|p1a: Malamar|move: Sticky Web\n|-boost|p1a: Malamar|spe|1\n|turn|12\n|\n|t:|1781412296\n|-end|p2a: Iron Bundle|Quark Drive|[silent]\n|switch|p2a: Alomomola|Alomomola, L87, M|429/429\n|-damage|p2a: Alomomola|376/429|[from] Stealth Rock\n|move|p1a: Malamar|Superpower|p2a: Alomomola\n|-damage|p2a: Alomomola|294/429\n|-boost|p1a: Malamar|atk|1\n|-boost|p1a: Malamar|def|1\n|-damage|p1a: Malamar|230/275|[from] item: Rocky Helmet|[of] p2a: Alomomola\n|\n|upkeep\n|turn|13\n|\n|t:|1781412301\n|move|p1a: Malamar|Knock Off|p2a: Alomomola\n|-damage|p2a: Alomomola|158/429\n|-damage|p1a: Malamar|185/275|[from] item: Rocky Helmet|[of] p2a: Alomomola\n|-enditem|p2a: Alomomola|Rocky Helmet|[from] move: Knock Off|[of] p1a: Malamar\n|move|p2a: Alomomola|Scald|p1a: Malamar\n|-damage|p1a: Malamar|131/275\n|\n|upkeep\n|turn|14\n|\n|t:|1781412311\n|move|p1a: Malamar|Rest|p1a: Malamar\n|-status|p1a: Malamar|slp|[from] move: Rest\n|-heal|p1a: Malamar|275/275 slp|[silent]\n|-enditem|p1a: Malamar|Chesto Berry|[eat]\n|-curestatus|p1a: Malamar|slp|[msg]\n|move|p2a: Alomomola|Flip Turn|p1a: Malamar\n|-damage|p1a: Malamar|236/275\n|\n|t:|1781412322\n|switch|p2a: Gumshoos|Gumshoos, L95, M|321/321|[from] Flip Turn\n|-damage|p2a: Gumshoos|281/321|[from] Stealth Rock\n|\n|upkeep\n|turn|15\n|\n|t:|1781412326\n|-terastallize|p1a: Malamar|Steel\n|-terastallize|p2a: Gumshoos|Ground\n|move|p1a: Malamar|Superpower|p2a: Gumshoos\n|-damage|p2a: Gumshoos|152/321\n|-boost|p1a: Malamar|atk|1\n|-boost|p1a: Malamar|def|1\n|move|p2a: Gumshoos|U-turn|p1a: Malamar\n|-resisted|p1a: Malamar\n|-damage|p1a: Malamar|207/275\n|\n|t:|1781412337\n|switch|p2a: Alomomola|Alomomola, L87, M|301/429|[from] U-turn\n|-damage|p2a: Alomomola|248/429|[from] Stealth Rock\n|\n|upkeep\n|turn|16\n|\n|t:|1781412341\n|move|p1a: Malamar|Superpower|p2a: Alomomola\n|-damage|p2a: Alomomola|83/429\n|-boost|p1a: Malamar|atk|1\n|-boost|p1a: Malamar|def|1\n|move|p2a: Alomomola|Scald|p1a: Malamar\n|-damage|p1a: Malamar|152/275\n|\n|upkeep\n|turn|17\n|-message|Elite 4 Waally forfeited.\n|\n|win|masbahlilganteng\n|raw|masbahlilganteng's rating: 2030 &rarr; <strong>2045</strong><br />(+15 for winning)\n|raw|Elite 4 Waally's rating: 1934 &rarr; <strong>1919</strong><br />(-15 for losing)\n|l|\u2606Elite 4 Waally\n|player|p2|\n", "inputlog": ">version a8376a258c1d4662feba110a92103f3664a72141\n>start {\"formatid\":\"gen9randombattle\",\"seed\":\"sodium,ad24f4f9dacb77d28811ca4283d04083\",\"rated\":\"Rated battle\"}\n>player p1 {\"name\":\"masbahlilganteng\",\"avatar\":\"hoopster\",\"rating\":2030,\"seed\":\"sodium,9a5ab965d51c896bb2ce281eee429564\"}\n>player p2 {\"name\":\"Elite 4 Waally\",\"avatar\":\"wally\",\"rating\":1934,\"seed\":\"sodium,c10369967fc9d03d78bfbaee12e3927b\"}\n>p1 move stealthrock\n>p2 switch 5\n>p1 move earthquake\n>p2 move uturn\n>p2 switch 3\n>p1 move heavyslam\n>p2 move stickyweb\n>p2 switch 6\n>p1 switch 6\n>p2 move scald\n>p1 move tailglow\n>p2 move flipturn\n>p2 switch 2\n>p1 move energyball\n>p2 move encore\n>p1 switch 2\n>p2 move flipturn\n>p2 switch 5\n>p1 move voltswitch\n>p2 move hypervoice\n>p1 switch 3\n>p1 move earthpower\n>p2 move hypervoice\n>p2 switch 5\n>p1 move sludgebomb\n>p2 move hydropump\n>p1 move sludgebomb\n>p2 move freezedry\n>p1 switch 4\n>p1 move superpower\n>p2 switch 2\n>p1 move knockoff\n>p2 move scald\n>p1 move rest\n>p2 move flipturn\n>p2 switch 3\n>p1 move superpower terastallize\n>p2 move uturn terastallize\n>p2 switch 3\n>p1 move superpower\n>p2 move scald\n>forcelose p2", "uploadtime": 1781412124, "views": 6, "formatid": "gen9randombattle", "rating": 1919, "private": 0, "password": null}