{"id": "gen9randombattle-2631885162", "format": "[Gen 9] Random Battle", "players": ["Ryemikyu", "ZannaBianca99"], "log": "|j|\u2606Ryemikyu\n|j|\u2606ZannaBianca99\n|t:|1781451944\n|gametype|singles\n|player|p1|Ryemikyu|acerola|2083\n|player|p2|ZannaBianca99|102|2015\n|gen|9\n|tier|[Gen 9] Random Battle\n|rated|\n|rule|Species Clause: Limit one of each Pok\u00e9mon\n|rule|HP Percentage Mod: HP is shown in percentages\n|rule|Sleep Clause Mod: Limit one foe put to sleep\n|rule|Illusion Level Mod: Illusion disguises the Pok\u00e9mon's true level\n|\n|t:|1781451944\n|teamsize|p1|6\n|teamsize|p2|6\n|start\n|switch|p1a: Registeel|Registeel, L81|262/262\n|switch|p2a: Gallade|Gallade, L80, M|240/240\n|turn|1\n|\n|t:|1781451954\n|switch|p1a: Tauros|Tauros-Paldea-Blaze, L81, M|254/254\n|-ability|p1a: Tauros|Intimidate|boost\n|-unboost|p2a: Gallade|atk|1\n|move|p2a: Gallade|Sacred Sword|p1a: Tauros\n|-damage|p1a: Tauros|149/254\n|\n|upkeep\n|turn|2\n|inactive|Battle timer is ON: inactive players will automatically lose when time's up. (requested by ZannaBianca99)\n|\n|t:|1781451967\n|switch|p2a: Mandibuzz|Mandibuzz, L85, F|326/326\n|move|p1a: Tauros|Close Combat|p2a: Mandibuzz\n|-damage|p2a: Mandibuzz|169/326\n|-unboost|p1a: Tauros|def|1\n|-unboost|p1a: Tauros|spd|1\n|\n|upkeep\n|turn|3\n|\n|t:|1781451977\n|move|p1a: Tauros|Close Combat|p2a: Mandibuzz\n|-damage|p2a: Mandibuzz|7/326\n|-unboost|p1a: Tauros|def|1\n|-unboost|p1a: Tauros|spd|1\n|move|p2a: Mandibuzz|Foul Play|p1a: Tauros\n|-resisted|p1a: Tauros\n|-damage|p1a: Tauros|45/254\n|\n|upkeep\n|turn|4\n|\n|t:|1781451983\n|move|p1a: Tauros|Close Combat|p2a: Mandibuzz\n|-damage|p2a: Mandibuzz|0 fnt\n|-unboost|p1a: Tauros|def|1\n|-unboost|p1a: Tauros|spd|1\n|faint|p2a: Mandibuzz\n|\n|upkeep\n|\n|t:|1781451986\n|switch|p2a: Gallade|Gallade, L80, M|240/240\n|turn|5\n|\n|t:|1781451991\n|move|p2a: Gallade|Sacred Sword|p1a: Tauros\n|-damage|p1a: Tauros|0 fnt\n|faint|p1a: Tauros\n|\n|upkeep\n|\n|t:|1781451996\n|switch|p1a: Enamorus|Enamorus, L79, F|247/247\n|turn|6\n|\n|t:|1781452004\n|switch|p2a: Glaceon|Glaceon, L94, M|275/275\n|move|p1a: Enamorus|Substitute|p1a: Enamorus\n|-start|p1a: Enamorus|Substitute\n|-damage|p1a: Enamorus|186/247\n|\n|-heal|p1a: Enamorus|201/247|[from] item: Leftovers\n|upkeep\n|turn|7\n|\n|t:|1781452007\n|move|p1a: Enamorus|Superpower|p2a: Glaceon\n|-supereffective|p2a: Glaceon\n|-damage|p2a: Glaceon|155/275\n|-boost|p1a: Enamorus|atk|1\n|-boost|p1a: Enamorus|def|1\n|move|p2a: Glaceon|Freeze-Dry|p1a: Enamorus\n|-supereffective|p1a: Enamorus\n|-end|p1a: Enamorus|Substitute\n|\n|-heal|p1a: Enamorus|216/247|[from] item: Leftovers\n|upkeep\n|turn|8\n|\n|t:|1781452012\n|-terastallize|p2a: Glaceon|Water\n|move|p1a: Enamorus|Substitute|p1a: Enamorus\n|-start|p1a: Enamorus|Substitute\n|-damage|p1a: Enamorus|155/247\n|move|p2a: Glaceon|Freeze-Dry|p1a: Enamorus\n|-supereffective|p1a: Enamorus\n|-end|p1a: Enamorus|Substitute\n|\n|-heal|p1a: Enamorus|170/247|[from] item: Leftovers\n|upkeep\n|turn|9\n|\n|t:|1781452032\n|move|p1a: Enamorus|Play Rough|p2a: Glaceon\n|-damage|p2a: Glaceon|37/275\n|move|p2a: Glaceon|Freeze-Dry|p1a: Enamorus\n|-supereffective|p1a: Enamorus\n|-damage|p1a: Enamorus|0 fnt\n|faint|p1a: Enamorus\n|\n|upkeep\n|\n|t:|1781452040\n|switch|p1a: Misdreavus|Misdreavus, L90, F|254/254\n|turn|10\n|\n|t:|1781452048\n|switch|p2a: Glalie|Glalie, L96, F|309/309\n|move|p1a: Misdreavus|Shadow Ball|p2a: Glalie\n|-damage|p2a: Glalie|228/309\n|-unboost|p2a: Glalie|spd|1\n|\n|upkeep\n|turn|11\n|\n|t:|1781452053\n|switch|p1a: Entei|Entei, L78|307/307\n|move|p2a: Glalie|Taunt|p1a: Entei\n|-start|p1a: Entei|move: Taunt\n|\n|upkeep\n|turn|12\n|\n|t:|1781452059\n|move|p2a: Glalie|Spikes|p1a: Entei\n|-sidestart|p1: Ryemikyu|Spikes\n|move|p1a: Entei|Sacred Fire|p2a: Glalie\n|-supereffective|p2a: Glalie\n|-damage|p2a: Glalie|0 fnt\n|faint|p2a: Glalie\n|\n|upkeep\n|\n|t:|1781452081\n|switch|p2a: Gallade|Gallade, L80, M|240/240\n|turn|13\n|\n|t:|1781452083\n|move|p2a: Gallade|Sacred Sword|p1a: Entei\n|-damage|p1a: Entei|127/307\n|move|p1a: Entei|Sacred Fire|p2a: Gallade\n|-damage|p2a: Gallade|20/240\n|-status|p2a: Gallade|brn\n|\n|-damage|p2a: Gallade|5/240 brn|[from] brn\n|-end|p1a: Entei|move: Taunt\n|upkeep\n|turn|14\n|\n|t:|1781452093\n|switch|p1a: Misdreavus|Misdreavus, L90, F|254/254\n|move|p2a: Gallade|Sacred Sword|p1a: Misdreavus\n|-immune|p1a: Misdreavus\n|\n|-damage|p2a: Gallade|0 fnt|[from] brn\n|faint|p2a: Gallade\n|upkeep\n|\n|t:|1781452097\n|switch|p2a: Lurantis|Lurantis, L87, F|264/264\n|turn|15\n|\n|t:|1781452104\n|switch|p1a: Brute Bonnet|Brute Bonnet, L80|309/309\n|-damage|p1a: Brute Bonnet|271/309|[from] Spikes\n|move|p2a: Lurantis|Knock Off|p1a: Brute Bonnet\n|-resisted|p1a: Brute Bonnet\n|-damage|p1a: Brute Bonnet|237/309\n|-enditem|p1a: Brute Bonnet|Leftovers|[from] move: Knock Off|[of] p2a: Lurantis\n|\n|upkeep\n|turn|16\n|\n|t:|1781452112\n|move|p1a: Brute Bonnet|Crunch|p2a: Lurantis\n|-damage|p2a: Lurantis|171/264\n|move|p2a: Lurantis|Superpower|p1a: Brute Bonnet\n|-supereffective|p1a: Brute Bonnet\n|-damage|p1a: Brute Bonnet|45/309\n|-boost|p2a: Lurantis|atk|1\n|-boost|p2a: Lurantis|def|1\n|\n|upkeep\n|turn|17\n|\n|t:|1781452118\n|move|p1a: Brute Bonnet|Crunch|p2a: Lurantis\n|-damage|p2a: Lurantis|107/264\n|-boost|p2a: Lurantis|def|1\n|move|p2a: Lurantis|Leech Life|p1a: Brute Bonnet\n|-supereffective|p1a: Brute Bonnet\n|-damage|p1a: Brute Bonnet|0 fnt\n|-heal|p2a: Lurantis|130/264|[from] drain|[of] p1a: Brute Bonnet\n|faint|p1a: Brute Bonnet\n|-end|p1a: Brute Bonnet|Protosynthesis|[silent]\n|\n|upkeep\n|\n|t:|1781452121\n|switch|p1a: Entei|Entei, L78|127/307\n|-damage|p1a: Entei|89/307|[from] Spikes\n|turn|18\n|\n|t:|1781452129\n|switch|p2a: Glaceon|Glaceon, L94, M, tera:Water|37/275\n|move|p1a: Entei|Sacred Fire|p2a: Glaceon\n|-resisted|p2a: Glaceon\n|-crit|p2a: Glaceon\n|-damage|p2a: Glaceon|0 fnt\n|faint|p2a: Glaceon\n|\n|upkeep\n|\n|t:|1781452131\n|switch|p2a: Terapagos|Terapagos, L77, F|265/265\n|-activate|p2a: Terapagos|ability: Tera Shift\n|detailschange|p2a: Terapagos|Terapagos-Terastal, L77, F\n|-heal|p2a: Terapagos|273/273|[silent]\n|turn|19\n|\n|t:|1781452141\n|move|p1a: Entei|Sacred Fire|p2a: Terapagos|[miss]\n|-miss|p1a: Entei|p2a: Terapagos\n|move|p2a: Terapagos|Tera Starstorm|p1a: Entei\n|-damage|p1a: Entei|0 fnt\n|faint|p1a: Entei\n|\n|upkeep\n|\n|t:|1781452150\n|switch|p1a: Misdreavus|Misdreavus, L90, F|254/254\n|turn|20\n|\n|t:|1781452155\n|switch|p2a: Lurantis|Lurantis, L87, F|130/264\n|move|p1a: Misdreavus|Calm Mind|p1a: Misdreavus\n|-boost|p1a: Misdreavus|spa|1\n|-boost|p1a: Misdreavus|spd|1\n|\n|upkeep\n|turn|21\n|\n|t:|1781452160\n|move|p1a: Misdreavus|Shadow Ball|p2a: Lurantis\n|-damage|p2a: Lurantis|48/264\n|move|p2a: Lurantis|Knock Off|p1a: Misdreavus\n|-supereffective|p1a: Misdreavus\n|-damage|p1a: Misdreavus|132/254\n|-enditem|p1a: Misdreavus|Eviolite|[from] move: Knock Off|[of] p2a: Lurantis\n|\n|upkeep\n|turn|22\n|\n|t:|1781452168\n|move|p1a: Misdreavus|Shadow Ball|p2a: Lurantis\n|-damage|p2a: Lurantis|0 fnt\n|faint|p2a: Lurantis\n|\n|upkeep\n|\n|t:|1781452170\n|switch|p2a: Terapagos|Terapagos-Terastal, L77, F|273/273\n|turn|23\n|\n|t:|1781452173\n|move|p1a: Misdreavus|Will-O-Wisp|p2a: Terapagos\n|-status|p2a: Terapagos|brn\n|move|p2a: Terapagos|Calm Mind|p2a: Terapagos\n|-boost|p2a: Terapagos|spa|1\n|-boost|p2a: Terapagos|spd|1\n|\n|-damage|p2a: Terapagos|256/273 brn|[from] brn\n|upkeep\n|turn|24\n|\n|t:|1781452183\n|switch|p1a: Registeel|Registeel, L81|262/262\n|-damage|p1a: Registeel|230/262|[from] Spikes\n|move|p2a: Terapagos|Calm Mind|p2a: Terapagos\n|-boost|p2a: Terapagos|spa|1\n|-boost|p2a: Terapagos|spd|1\n|\n|-damage|p2a: Terapagos|239/273 brn|[from] brn\n|upkeep\n|turn|25\n|\n|t:|1781452190\n|move|p2a: Terapagos|Dark Pulse|p1a: Registeel\n|-crit|p1a: Registeel\n|-damage|p1a: Registeel|122/262\n|move|p1a: Registeel|Iron Defense|p1a: Registeel\n|-boost|p1a: Registeel|def|2\n|\n|-damage|p2a: Terapagos|222/273 brn|[from] brn\n|upkeep\n|turn|26\n|\n|t:|1781452198\n|-terastallize|p1a: Registeel|Fighting\n|move|p2a: Terapagos|Calm Mind|p2a: Terapagos\n|-boost|p2a: Terapagos|spa|1\n|-boost|p2a: Terapagos|spd|1\n|move|p1a: Registeel|Body Press|p2a: Terapagos\n|-supereffective|p2a: Terapagos\n|-crit|p2a: Terapagos\n|-damage|p2a: Terapagos|0 fnt\n|faint|p2a: Terapagos\n|\n|win|Ryemikyu\n", "uploadtime": 1781451945, "views": 4, "formatid": "gen9randombattle", "rating": null, "private": 0, "password": null}