{"id": "gen9randombattle-2631840389", "format": "[Gen 9] Random Battle", "players": ["SquinkEXE", "64stadiumannouncer"], "log": "|j|\u2606SquinkEXE\n|j|\u260664stadiumannouncer\n|t:|1781446798\n|gametype|singles\n|player|p1|SquinkEXE|youngster-gen4dp|1974\n|player|p2|64stadiumannouncer|1|2048\n|gen|9\n|tier|[Gen 9] Random Battle\n|rated|\n|rule|Species Clause: Limit one of each Pok\u00e9mon\n|rule|HP Percentage Mod: HP is shown in percentages\n|rule|Sleep Clause Mod: Limit one foe put to sleep\n|rule|Illusion Level Mod: Illusion disguises the Pok\u00e9mon's true level\n|\n|t:|1781446798\n|teamsize|p1|6\n|teamsize|p2|6\n|start\n|switch|p1a: Meloetta|Meloetta, L82|298/298\n|switch|p2a: Shiftry|Shiftry, L89, M|305/305\n|turn|1\n|inactive|Battle timer is ON: inactive players will automatically lose when time's up. (requested by SquinkEXE)\n|\n|t:|1781446825\n|switch|p1a: Overqwil|Overqwil, L82, M|274/274\n|-ability|p1a: Overqwil|Intimidate|boost\n|-unboost|p2a: Shiftry|atk|1\n|switch|p2a: Tentacruel|Tentacruel, L84, M|272/272\n|\n|upkeep\n|turn|2\n|\n|t:|1781446836\n|move|p2a: Tentacruel|Surf|p1a: Overqwil\n|-damage|p1a: Overqwil|177/274\n|move|p1a: Overqwil|Swords Dance|p1a: Overqwil\n|-boost|p1a: Overqwil|atk|2\n|\n|upkeep\n|turn|3\n|\n|t:|1781446859\n|move|p2a: Tentacruel|Flip Turn|p1a: Overqwil\n|-damage|p1a: Overqwil|123/274\n|\n|t:|1781446862\n|switch|p2a: Regirock|Regirock, L83|268/268|[from] Flip Turn\n|move|p1a: Overqwil|Crunch|p2a: Regirock\n|-damage|p2a: Regirock|139/268\n|-damage|p1a: Overqwil|96/274|[from] item: Life Orb\n|\n|upkeep\n|turn|4\n|\n|t:|1781446875\n|move|p1a: Overqwil|Liquidation|p2a: Regirock\n|-supereffective|p2a: Regirock\n|-damage|p2a: Regirock|0 fnt\n|faint|p2a: Regirock\n|-damage|p1a: Overqwil|69/274|[from] item: Life Orb\n|\n|upkeep\n|\n|t:|1781446882\n|switch|p2a: Tentacruel|Tentacruel, L84, M|272/272\n|turn|5\n|\n|t:|1781446885\n|move|p2a: Tentacruel|Surf|p1a: Overqwil\n|-damage|p1a: Overqwil|0 fnt\n|faint|p1a: Overqwil\n|\n|upkeep\n|\n|t:|1781446897\n|switch|p1a: Sudowoodo|Sudowoodo, L94, F|284/284\n|turn|6\n|\n|t:|1781446911\n|move|p2a: Tentacruel|Surf|p1a: Sudowoodo\n|-supereffective|p1a: Sudowoodo\n|-damage|p1a: Sudowoodo|84/284\n|move|p1a: Sudowoodo|Head Smash|p2a: Tentacruel\n|-damage|p2a: Tentacruel|1/272\n|\n|-heal|p1a: Sudowoodo|101/284|[from] item: Leftovers\n|upkeep\n|turn|7\n|\n|t:|1781446920\n|move|p1a: Sudowoodo|Sucker Punch|p2a: Tentacruel\n|-damage|p2a: Tentacruel|0 fnt\n|faint|p2a: Tentacruel\n|\n|-heal|p1a: Sudowoodo|118/284|[from] item: Leftovers\n|upkeep\n|\n|t:|1781446930\n|switch|p2a: Shiftry|Shiftry, L89, M|305/305\n|turn|8\n|\n|t:|1781446938\n|move|p2a: Shiftry|Leaf Blade|p1a: Sudowoodo\n|-supereffective|p1a: Sudowoodo\n|-damage|p1a: Sudowoodo|0 fnt\n|faint|p1a: Sudowoodo\n|-damage|p2a: Shiftry|275/305|[from] item: Life Orb\n|\n|upkeep\n|\n|t:|1781446947\n|switch|p1a: Skeledirge|Skeledirge, L79, M|294/294\n|turn|9\n|inactive|64stadiumannouncer has 120 seconds left.\n|\n|t:|1781446978\n|-terastallize|p1a: Skeledirge|Water\n|move|p2a: Shiftry|Leaf Blade|p1a: Skeledirge\n|-supereffective|p1a: Skeledirge\n|-damage|p1a: Skeledirge|34/294\n|-damage|p2a: Shiftry|245/305|[from] item: Life Orb\n|move|p1a: Skeledirge|Flame Charge|p2a: Shiftry\n|-supereffective|p2a: Shiftry\n|-damage|p2a: Shiftry|147/305\n|-boost|p1a: Skeledirge|spe|1\n|\n|upkeep\n|turn|10\n|inactive|64stadiumannouncer has 120 seconds left.\n|\n|t:|1781446989\n|move|p1a: Skeledirge|Torch Song|p2a: Shiftry\n|-supereffective|p2a: Shiftry\n|-damage|p2a: Shiftry|0 fnt\n|-boost|p1a: Skeledirge|spa|1\n|faint|p2a: Shiftry\n|\n|upkeep\n|inactive|64stadiumannouncer has 120 seconds left.\n|\n|t:|1781447001\n|switch|p2a: Misdreavus|Misdreavus, L90, F|254/254\n|turn|11\n|\n|t:|1781447006\n|move|p1a: Skeledirge|Slack Off|p1a: Skeledirge\n|-heal|p1a: Skeledirge|181/294\n|move|p2a: Misdreavus|Shadow Ball|p1a: Skeledirge\n|-damage|p1a: Skeledirge|69/294\n|\n|upkeep\n|turn|12\n|\n|t:|1781447019\n|move|p1a: Skeledirge|Slack Off|p1a: Skeledirge\n|-heal|p1a: Skeledirge|216/294\n|move|p2a: Misdreavus|Shadow Ball|p1a: Skeledirge\n|-damage|p1a: Skeledirge|119/294\n|\n|upkeep\n|turn|13\n|\n|t:|1781447026\n|-terastallize|p2a: Misdreavus|Fairy\n|move|p1a: Skeledirge|Shadow Ball|p2a: Misdreavus\n|-damage|p2a: Misdreavus|181/254\n|move|p2a: Misdreavus|Shadow Ball|p1a: Skeledirge\n|-damage|p1a: Skeledirge|20/294\n|\n|upkeep\n|turn|14\n|\n|t:|1781447033\n|switch|p1a: Meloetta|Meloetta, L82|298/298\n|move|p2a: Misdreavus|Shadow Ball|p1a: Meloetta\n|-immune|p1a: Meloetta\n|\n|upkeep\n|turn|15\n|\n|t:|1781447043\n|move|p2a: Misdreavus|Will-O-Wisp|p1a: Meloetta\n|-status|p1a: Meloetta|brn\n|move|p1a: Meloetta|Relic Song|p2a: Misdreavus\n|-damage|p2a: Misdreavus|102/254\n|-formechange|p1a: Meloetta|Meloetta-Pirouette|[msg]\n|-damage|p1a: Meloetta|269/298 brn|[from] item: Life Orb\n|\n|-damage|p1a: Meloetta|251/298 brn|[from] brn\n|upkeep\n|turn|16\n|\n|t:|1781447052\n|move|p1a: Meloetta|Relic Song|p2a: Misdreavus\n|-damage|p2a: Misdreavus|47/254\n|-status|p2a: Misdreavus|slp|[from] move: Relic Song\n|-formechange|p1a: Meloetta|Meloetta|[msg]\n|-damage|p1a: Meloetta|222/298 brn|[from] item: Life Orb\n|cant|p2a: Misdreavus|slp\n|\n|-damage|p1a: Meloetta|204/298 brn|[from] brn\n|upkeep\n|turn|17\n|\n|t:|1781447067\n|cant|p2a: Misdreavus|slp\n|move|p1a: Meloetta|Relic Song|p2a: Misdreavus\n|-damage|p2a: Misdreavus|0 fnt\n|faint|p2a: Misdreavus\n|-formechange|p1a: Meloetta|Meloetta-Pirouette|[msg]\n|-damage|p1a: Meloetta|175/298 brn|[from] item: Life Orb\n|\n|-damage|p1a: Meloetta|157/298 brn|[from] brn\n|upkeep\n|inactive|64stadiumannouncer has 120 seconds left.\n|\n|t:|1781447102\n|switch|p2a: Furret|Furret, L94, M|312/312\n|-item|p1a: Meloetta|Life Orb|[from] ability: Frisk|[of] p2a: Furret\n|turn|18\n|\n|t:|1781447118\n|move|p1a: Meloetta|Knock Off|p2a: Furret\n|-damage|p2a: Furret|257/312\n|-enditem|p2a: Furret|Life Orb|[from] move: Knock Off|[of] p1a: Meloetta\n|-damage|p1a: Meloetta|128/298 brn|[from] item: Life Orb\n|move|p2a: Furret|Tidy Up|p2a: Furret\n|-boost|p2a: Furret|atk|1\n|-boost|p2a: Furret|spe|1\n|\n|-damage|p1a: Meloetta|110/298 brn|[from] brn\n|upkeep\n|turn|19\n|inactive|64stadiumannouncer has 120 seconds left.\n|\n|t:|1781447129\n|move|p2a: Furret|Double-Edge|p1a: Meloetta\n|-damage|p1a: Meloetta|0 fnt\n|faint|p1a: Meloetta\n|-damage|p2a: Furret|221/312|[from] Recoil\n|\n|upkeep\n|\n|t:|1781447137\n|switch|p1a: Suicune|Suicune, L82|298/298\n|-ability|p1a: Suicune|Pressure\n|turn|20\n|\n|t:|1781447149\n|move|p2a: Furret|Knock Off|p1a: Suicune\n|-damage|p1a: Suicune|203/298\n|-enditem|p1a: Suicune|Leftovers|[from] move: Knock Off|[of] p2a: Furret\n|move|p1a: Suicune|Scald|p2a: Furret\n|-crit|p2a: Furret\n|-damage|p2a: Furret|83/312\n|\n|upkeep\n|turn|21\n|\n|t:|1781447160\n|move|p2a: Furret|Double-Edge|p1a: Suicune\n|-damage|p1a: Suicune|46/298\n|-damage|p2a: Furret|31/312|[from] Recoil\n|move|p1a: Suicune|Scald|p2a: Furret\n|-damage|p2a: Furret|0 fnt\n|faint|p2a: Furret\n|\n|upkeep\n|\n|t:|1781447167\n|switch|p2a: Blaziken|Blaziken, L76, M|247/247\n|turn|22\n|\n|t:|1781447171\n|move|p1a: Suicune|Scald|p2a: Blaziken\n|-supereffective|p2a: Blaziken\n|-damage|p2a: Blaziken|41/247\n|move|p2a: Blaziken|Close Combat|p1a: Suicune\n|-damage|p1a: Suicune|0 fnt\n|-unboost|p2a: Blaziken|def|1\n|-unboost|p2a: Blaziken|spd|1\n|faint|p1a: Suicune\n|-damage|p2a: Blaziken|17/247|[from] item: Life Orb\n|\n|-ability|p2a: Blaziken|Speed Boost|boost\n|-boost|p2a: Blaziken|spe|1\n|upkeep\n|c|\u260664stadiumannouncer|gg\n|\n|t:|1781447190\n|switch|p1a: Skeledirge|Skeledirge, L79, M, tera:Water|20/294\n|turn|23\n|c|\u2606SquinkEXE|Gg\n|\n|t:|1781447193\n|move|p2a: Blaziken|Close Combat|p1a: Skeledirge\n|-damage|p1a: Skeledirge|0 fnt\n|-unboost|p2a: Blaziken|def|1\n|-unboost|p2a: Blaziken|spd|1\n|faint|p1a: Skeledirge\n|-damage|p2a: Blaziken|0 fnt|[from] item: Life Orb\n|faint|p2a: Blaziken\n|\n|win|SquinkEXE\n", "uploadtime": 1781446801, "views": 3, "formatid": "gen9randombattle", "rating": null, "private": 0, "password": null}