{"id": "gen9randombattle-2631878601", "format": "[Gen 9] Random Battle", "players": ["f91swdg", "Breachingtrout"], "log": "|j|\u2606f91swdg\n|j|\u2606Breachingtrout\n|t:|1781451211\n|gametype|singles\n|player|p1|f91swdg|biker-gen4|2215\n|player|p2|Breachingtrout|1|2225\n|gen|9\n|tier|[Gen 9] Random Battle\n|rated|\n|rule|Species Clause: Limit one of each Pok\u00e9mon\n|rule|HP Percentage Mod: HP is shown in percentages\n|rule|Sleep Clause Mod: Limit one foe put to sleep\n|rule|Illusion Level Mod: Illusion disguises the Pok\u00e9mon's true level\n|\n|t:|1781451211\n|teamsize|p1|6\n|teamsize|p2|6\n|start\n|switch|p1a: Grafaiai|Grafaiai, L86, F|249/249\n|switch|p2a: Quaquaval|Quaquaval, L79, F|264/264\n|turn|1\n|inactive|Battle timer is ON: inactive players will automatically lose when time's up. (requested by f91swdg)\n|inactive|f91swdg has 120 seconds left.\n|\n|t:|1781451263\n|move|p1a: Grafaiai|Gunk Shot|p2a: Quaquaval\n|-damage|p2a: Quaquaval|113/264\n|-status|p2a: Quaquaval|psn\n|move|p2a: Quaquaval|Aqua Step|p1a: Grafaiai\n|-damage|p1a: Grafaiai|143/249\n|-boost|p2a: Quaquaval|spe|1\n|\n|-heal|p2a: Quaquaval|129/264 psn|[from] item: Leftovers\n|-damage|p2a: Quaquaval|96/264 psn|[from] psn\n|upkeep\n|turn|2\n|\n|t:|1781451271\n|move|p2a: Quaquaval|Close Combat|p1a: Grafaiai\n|-damage|p1a: Grafaiai|0 fnt\n|-unboost|p2a: Quaquaval|def|1\n|-unboost|p2a: Quaquaval|spd|1\n|faint|p1a: Grafaiai\n|-ability|p2a: Quaquaval|Moxie|boost\n|-boost|p2a: Quaquaval|atk|1\n|\n|-heal|p2a: Quaquaval|112/264 psn|[from] item: Leftovers\n|-damage|p2a: Quaquaval|79/264 psn|[from] psn\n|upkeep\n|\n|t:|1781451275\n|switch|p1a: Electrode|Electrode-Hisui, L87|246/246\n|turn|3\n|\n|t:|1781451285\n|move|p1a: Electrode|Giga Drain|p2a: Quaquaval\n|-supereffective|p2a: Quaquaval\n|-damage|p2a: Quaquaval|0 fnt\n|faint|p2a: Quaquaval\n|\n|upkeep\n|inactive|Breachingtrout has 120 seconds left.\n|\n|t:|1781451327\n|switch|p2a: Tauros|Tauros-Paldea-Blaze, L81, M|252/252\n|turn|4\n|\n|t:|1781451334\n|move|p1a: Electrode|Thunderbolt|p2a: Tauros\n|-damage|p2a: Tauros|144/252\n|move|p2a: Tauros|Raging Bull|p1a: Electrode\n|-supereffective|p1a: Electrode\n|-damage|p1a: Electrode|18/246\n|\n|-heal|p1a: Electrode|33/246|[from] item: Leftovers\n|upkeep\n|turn|5\n|inactive|Breachingtrout has 120 seconds left.\n|\n|t:|1781451354\n|move|p1a: Electrode|Leech Seed|p2a: Tauros\n|-start|p2a: Tauros|move: Leech Seed\n|move|p2a: Tauros|Raging Bull|p1a: Electrode\n|-supereffective|p1a: Electrode\n|-damage|p1a: Electrode|0 fnt\n|faint|p1a: Electrode\n|\n|upkeep\n|\n|t:|1781451359\n|switch|p1a: Clawitzer|Clawitzer, L87, M|265/265\n|turn|6\n|inactive|Breachingtrout has 120 seconds left.\n|\n|t:|1781451369\n|switch|p2a: Wyrdeer|Wyrdeer, L87, F|321/321\n|-ability|p2a: Wyrdeer|Intimidate|boost\n|-unboost|p1a: Clawitzer|atk|1\n|move|p1a: Clawitzer|Water Pulse|p2a: Wyrdeer\n|-damage|p2a: Wyrdeer|129/321\n|-start|p2a: Wyrdeer|confusion\n|\n|-heal|p2a: Wyrdeer|149/321|[from] item: Leftovers\n|upkeep\n|turn|7\n|\n|t:|1781451375\n|-activate|p2a: Wyrdeer|confusion\n|-damage|p2a: Wyrdeer|113/321|[from] confusion\n|move|p1a: Clawitzer|Water Pulse|p2a: Wyrdeer\n|-damage|p2a: Wyrdeer|0 fnt\n|faint|p2a: Wyrdeer\n|\n|upkeep\n|\n|t:|1781451386\n|switch|p2a: Delibird|Delibird, F|252/252\n|turn|8\n|\n|t:|1781451390\n|move|p2a: Delibird|Freeze-Dry|p1a: Clawitzer\n|-supereffective|p1a: Clawitzer\n|-damage|p1a: Clawitzer|107/265\n|move|p1a: Clawitzer|Water Pulse|p2a: Delibird\n|-damage|p2a: Delibird|12/252\n|\n|upkeep\n|turn|9\n|\n|t:|1781451397\n|switch|p1a: Tyranitar|Tyranitar, L78, M|284/284\n|-weather|Sandstorm|[from] ability: Sand Stream|[of] p1a: Tyranitar\n|move|p2a: Delibird|Freeze-Dry|p1a: Tyranitar\n|-damage|p1a: Tyranitar|230/284\n|\n|-weather|Sandstorm|[upkeep]\n|-damage|p2a: Delibird|0 fnt|[from] Sandstorm\n|faint|p2a: Delibird\n|-heal|p1a: Tyranitar|247/284|[from] item: Leftovers\n|upkeep\n|\n|t:|1781451406\n|switch|p2a: Tauros|Tauros-Paldea-Blaze, L81, M|144/252\n|turn|10\n|\n|t:|1781451411\n|-terastallize|p1a: Tyranitar|Ghost\n|move|p2a: Tauros|Bulk Up|p2a: Tauros\n|-boost|p2a: Tauros|atk|1\n|-boost|p2a: Tauros|def|1\n|move|p1a: Tyranitar|Knock Off|p2a: Tauros\n|-resisted|p2a: Tauros\n|-damage|p2a: Tauros|109/252\n|-enditem|p2a: Tauros|Sitrus Berry|[from] move: Knock Off|[of] p1a: Tyranitar\n|\n|-weather|Sandstorm|[upkeep]\n|-damage|p2a: Tauros|94/252|[from] Sandstorm\n|-damage|p1a: Tyranitar|230/284|[from] Sandstorm\n|-heal|p1a: Tyranitar|247/284|[from] item: Leftovers\n|upkeep\n|turn|11\n|\n|t:|1781451440\n|move|p2a: Tauros|Raging Bull|p1a: Tyranitar\n|-damage|p1a: Tyranitar|124/284\n|move|p1a: Tyranitar|Earthquake|p2a: Tauros\n|-supereffective|p2a: Tauros\n|-damage|p2a: Tauros|0 fnt\n|faint|p2a: Tauros\n|\n|-weather|Sandstorm|[upkeep]\n|-damage|p1a: Tyranitar|107/284|[from] Sandstorm\n|-heal|p1a: Tyranitar|124/284|[from] item: Leftovers\n|upkeep\n|inactive|Breachingtrout has 120 seconds left.\n|\n|t:|1781451453\n|switch|p2a: Cinccino|Cinccino, L83, M|260/260\n|turn|12\n|\n|t:|1781451460\n|-terastallize|p2a: Cinccino|Grass\n|move|p2a: Cinccino|Bullet Seed|p1a: Tyranitar\n|-crit|p1a: Tyranitar\n|-damage|p1a: Tyranitar|72/284\n|-damage|p1a: Tyranitar|38/284\n|-damage|p1a: Tyranitar|2/284\n|-damage|p1a: Tyranitar|0 fnt\n|faint|p1a: Tyranitar\n|-hitcount|p1: Tyranitar|4\n|\n|-weather|Sandstorm|[upkeep]\n|-damage|p2a: Cinccino|244/260|[from] Sandstorm\n|upkeep\n|\n|t:|1781451465\n|switch|p1a: Sableye|Sableye, L88, M|231/231\n|turn|13\n|inactive|Breachingtrout has 120 seconds left.\n|\n|t:|1781451486\n|move|p1a: Sableye|Thunder Wave|p2a: Cinccino\n|-status|p2a: Cinccino|par\n|move|p2a: Cinccino|Bullet Seed|p1a: Sableye\n|-damage|p1a: Sableye|192/231\n|-damage|p1a: Sableye|146/231\n|-damage|p1a: Sableye|104/231\n|-damage|p1a: Sableye|62/231\n|-damage|p1a: Sableye|23/231\n|-hitcount|p1a: Sableye|5\n|\n|-weather|none\n|-heal|p1a: Sableye|37/231|[from] item: Leftovers\n|upkeep\n|turn|14\n|\n|t:|1781451489\n|move|p1a: Sableye|Knock Off|p2a: Cinccino\n|-damage|p2a: Cinccino|124/260 par\n|-enditem|p2a: Cinccino|Loaded Dice|[from] move: Knock Off|[of] p1a: Sableye\n|move|p2a: Cinccino|Bullet Seed|p1a: Sableye\n|-damage|p1a: Sableye|0 fnt\n|faint|p1a: Sableye\n|-hitcount|p1: Sableye|1\n|\n|upkeep\n|\n|t:|1781451496\n|switch|p1a: Clawitzer|Clawitzer, L87, M|107/265\n|turn|15\n|\n|t:|1781451515\n|move|p1a: Clawitzer|Aura Sphere|p2a: Cinccino\n|-damage|p2a: Cinccino|0 fnt\n|faint|p2a: Cinccino\n|\n|upkeep\n|\n|t:|1781451516\n|switch|p2a: Flygon|Flygon, L82, M|265/265\n|turn|16\n|\n|t:|1781451521\n|switch|p1a: Minun|Minun, L95, M|268/268\n|move|p2a: Flygon|Earthquake|p1a: Minun\n|-supereffective|p1a: Minun\n|-damage|p1a: Minun|20/268\n|\n|upkeep\n|turn|17\n|\n|t:|1781451523\n|move|p2a: Flygon|Earthquake|p1a: Minun\n|-supereffective|p1a: Minun\n|-damage|p1a: Minun|0 fnt\n|faint|p1a: Minun\n|\n|upkeep\n|\n|t:|1781451526\n|switch|p1a: Clawitzer|Clawitzer, L87, M|107/265\n|turn|18\n|\n|t:|1781451527\n|move|p2a: Flygon|Earthquake|p1a: Clawitzer\n|-damage|p1a: Clawitzer|10/265\n|move|p1a: Clawitzer|Ice Beam|p2a: Flygon\n|-supereffective|p2a: Flygon\n|-damage|p2a: Flygon|0 fnt\n|faint|p2a: Flygon\n|\n|win|f91swdg\n", "inputlog": ">version a8376a258c1d4662feba110a92103f3664a72141\n>start {\"formatid\":\"gen9randombattle\",\"seed\":\"sodium,adbec80d8f6142c7bf0c06a33f310f9c\",\"rated\":\"Rated battle\"}\n>player p1 {\"name\":\"f91swdg\",\"avatar\":\"biker-gen4\",\"rating\":2215,\"seed\":\"sodium,4cca9d25fce72697589947882905ac9e\"}\n>player p2 {\"name\":\"Breachingtrout\",\"avatar\":\"1\",\"rating\":2225,\"seed\":\"sodium,82b4bf25888ddfb25c71a5ce3337bd94\"}\n>p1 move gunkshot\n>p2 move aquastep\n>p1 move knockoff\n>p2 move closecombat\n>p1 switch 5\n>p1 move gigadrain\n>p2 move closecombat\n>p2 switch 5\n>p1 move thunderbolt\n>p2 move ragingbull\n>p1 move leechseed\n>p2 move ragingbull\n>p1 switch 6\n>p1 move waterpulse\n>p2 switch 2\n>p1 move waterpulse\n>p2 move bodyslam\n>p2 switch 4\n>p1 move waterpulse\n>p2 move freezedry\n>p1 switch 3\n>p2 move freezedry\n>p2 switch 2\n>p1 move knockoff terastallize\n>p2 move bulkup\n>p1 move earthquake\n>p2 move ragingbull\n>p2 switch 3\n>p1 move knockoff\n>p2 move bulletseed terastallize\n>p1 switch 4\n>p1 move thunderwave\n>p2 move bulletseed\n>p1 move knockoff\n>p2 move bulletseed\n>p1 switch 3\n>p1 move aurasphere\n>p2 move bulletseed\n>p2 switch 6\n>p1 switch 2\n>p2 move earthquake\n>p1 move alluringvoice\n>p2 move earthquake\n>p1 switch 2\n>p1 move icebeam\n>p2 move earthquake", "uploadtime": 1781451213, "views": 5, "formatid": "gen9randombattle", "rating": null, "private": 0, "password": null}