{"id": "gen9randombattle-2631873281", "format": "[Gen 9] Random Battle", "players": ["TandemUnicycle", "Unknown Warrior"], "log": "|j|\u2606TandemUnicycle\n|j|\u2606Unknown Warrior\n|t:|1781450615\n|gametype|singles\n|player|p1|TandemUnicycle|grimsley|1914\n|player|p2|Unknown Warrior|2|1919\n|gen|9\n|tier|[Gen 9] Random Battle\n|rated|\n|rule|Species Clause: Limit one of each Pok\u00e9mon\n|rule|HP Percentage Mod: HP is shown in percentages\n|rule|Sleep Clause Mod: Limit one foe put to sleep\n|rule|Illusion Level Mod: Illusion disguises the Pok\u00e9mon's true level\n|\n|t:|1781450615\n|teamsize|p1|6\n|teamsize|p2|6\n|start\n|switch|p1a: Umbreon|Umbreon, L84, M|297/297\n|switch|p2a: Oricorio|Oricorio-Sensu, L85, M|266/266\n|turn|1\n|\n|t:|1781450622\n|switch|p2a: Magnezone|Magnezone, L85|258/258\n|move|p1a: Umbreon|Toxic|p2a: Magnezone\n|-immune|p2a: Magnezone\n|\n|upkeep\n|turn|2\n|\n|t:|1781450630\n|switch|p1a: Ho-Oh|Ho-Oh, L71|268/268\n|move|p2a: Magnezone|Volt Switch|p1a: Ho-Oh\n|-supereffective|p1a: Ho-Oh\n|-damage|p1a: Ho-Oh|70/268\n|\n|t:|1781450634\n|switch|p2a: Lycanroc|Lycanroc-Midnight, L89, F|296/296|[from] Volt Switch\n|\n|upkeep\n|turn|3\n|\n|t:|1781450640\n|switch|p1a: Calyrex|Calyrex, L93|337/337\n|-ability|p1a: Calyrex|Unnerve\n|move|p2a: Lycanroc|Close Combat|p1a: Calyrex\n|-resisted|p1a: Calyrex\n|-damage|p1a: Calyrex|289/337\n|-unboost|p2a: Lycanroc|def|1\n|-unboost|p2a: Lycanroc|spd|1\n|\n|-heal|p1a: Calyrex|310/337|[from] item: Leftovers\n|upkeep\n|turn|4\n|\n|t:|1781450655\n|switch|p2a: Braviary|Braviary-Hisui, L85, M|326/326\n|move|p1a: Calyrex|Body Press|p2a: Braviary\n|-resisted|p2a: Braviary\n|-damage|p2a: Braviary|309/326\n|\n|-heal|p1a: Calyrex|331/337|[from] item: Leftovers\n|upkeep\n|turn|5\n|\n|t:|1781450664\n|switch|p1a: Umbreon|Umbreon, L84, M|297/297\n|move|p2a: Braviary|Hurricane|p1a: Umbreon\n|-damage|p1a: Umbreon|122/297\n|\n|-heal|p1a: Umbreon|140/297|[from] item: Leftovers\n|upkeep\n|turn|6\n|\n|t:|1781450671\n|switch|p2a: Magnezone|Magnezone, L85|258/258\n|move|p1a: Umbreon|Protect||[still]\n|-fail|p1a: Umbreon\n|\n|-heal|p1a: Umbreon|158/297|[from] item: Leftovers\n|upkeep\n|turn|7\n|\n|t:|1781450676\n|move|p1a: Umbreon|Protect|p1a: Umbreon\n|-singleturn|p1a: Umbreon|Protect\n|move|p2a: Magnezone|Volt Switch|p1a: Umbreon\n|-activate|p1a: Umbreon|move: Protect\n|\n|-heal|p1a: Umbreon|176/297|[from] item: Leftovers\n|upkeep\n|turn|8\n|\n|t:|1781450681\n|switch|p1a: Calyrex|Calyrex, L93|331/337\n|-ability|p1a: Calyrex|Unnerve\n|move|p2a: Magnezone|Volt Switch|p1a: Calyrex\n|-resisted|p1a: Calyrex\n|-damage|p1a: Calyrex|275/337\n|\n|t:|1781450689\n|switch|p2a: Braviary|Braviary-Hisui, L85, M|309/326|[from] Volt Switch\n|\n|-heal|p1a: Calyrex|296/337|[from] item: Leftovers\n|upkeep\n|turn|9\n|\n|t:|1781450702\n|switch|p1a: Bastiodon|Bastiodon, L89, F|252/252\n|move|p2a: Braviary|Hurricane|p1a: Bastiodon|[miss]\n|-miss|p2a: Braviary|p1a: Bastiodon\n|\n|upkeep\n|turn|10\n|\n|t:|1781450714\n|move|p2a: Braviary|Heat Wave|p1a: Bastiodon\n|-damage|p1a: Bastiodon|164/252\n|move|p1a: Bastiodon|Iron Defense|p1a: Bastiodon\n|-boost|p1a: Bastiodon|def|2\n|\n|upkeep\n|turn|11\n|\n|t:|1781450726\n|move|p2a: Braviary|Heat Wave|p1a: Bastiodon\n|-crit|p1a: Bastiodon\n|-damage|p1a: Bastiodon|31/252\n|move|p1a: Bastiodon|Rest|p1a: Bastiodon\n|-status|p1a: Bastiodon|slp|[from] move: Rest\n|-heal|p1a: Bastiodon|252/252 slp|[silent]\n|-enditem|p1a: Bastiodon|Chesto Berry|[eat]\n|-curestatus|p1a: Bastiodon|slp|[msg]\n|\n|upkeep\n|turn|12\n|\n|t:|1781450730\n|move|p2a: Braviary|Heat Wave|p1a: Bastiodon\n|-damage|p1a: Bastiodon|168/252\n|move|p1a: Bastiodon|Foul Play|p2a: Braviary\n|-supereffective|p2a: Braviary\n|-damage|p2a: Braviary|195/326\n|\n|upkeep\n|turn|13\n|\n|t:|1781450739\n|move|p2a: Braviary|Heat Wave|p1a: Bastiodon\n|-damage|p1a: Bastiodon|82/252\n|move|p1a: Bastiodon|Foul Play|p2a: Braviary\n|-supereffective|p2a: Braviary\n|-damage|p2a: Braviary|87/326\n|\n|upkeep\n|turn|14\n|\n|t:|1781450745\n|switch|p1a: Ho-Oh|Ho-Oh, L71|159/268\n|move|p2a: Braviary|Heat Wave|p1a: Ho-Oh\n|-resisted|p1a: Ho-Oh\n|-damage|p1a: Ho-Oh|108/268\n|\n|upkeep\n|turn|15\n|\n|t:|1781450753\n|move|p1a: Ho-Oh|Sacred Fire|p2a: Braviary\n|-damage|p2a: Braviary|0 fnt\n|faint|p2a: Braviary\n|\n|upkeep\n|\n|t:|1781450756\n|switch|p2a: Rotom|Rotom-Frost, L87|229/229\n|turn|16\n|\n|t:|1781450765\n|switch|p1a: Abomasnow|Abomasnow, L84, F|287/287\n|-weather|Snowscape|[from] ability: Snow Warning|[of] p1a: Abomasnow\n|move|p2a: Rotom|Thunderbolt|p1a: Abomasnow\n|-resisted|p1a: Abomasnow\n|-damage|p1a: Abomasnow|234/287\n|\n|-weather|Snowscape|[upkeep]\n|upkeep\n|turn|17\n|\n|t:|1781450772\n|move|p2a: Rotom|Nasty Plot|p2a: Rotom\n|-boost|p2a: Rotom|spa|2\n|move|p1a: Abomasnow|Aurora Veil|p1a: Abomasnow\n|-sidestart|p1: TandemUnicycle|move: Aurora Veil\n|\n|-weather|Snowscape|[upkeep]\n|upkeep\n|turn|18\n|\n|t:|1781450791\n|move|p2a: Rotom|Will-O-Wisp|p1a: Abomasnow\n|-status|p1a: Abomasnow|brn\n|move|p1a: Abomasnow|Blizzard|p2a: Rotom\n|-resisted|p2a: Rotom\n|-damage|p2a: Rotom|181/229\n|\n|-weather|Snowscape|[upkeep]\n|-damage|p1a: Abomasnow|217/287 brn|[from] brn\n|upkeep\n|turn|19\n|\n|t:|1781450795\n|move|p2a: Rotom|Nasty Plot|p2a: Rotom\n|-boost|p2a: Rotom|spa|2\n|move|p1a: Abomasnow|Blizzard|p2a: Rotom\n|-resisted|p2a: Rotom\n|-damage|p2a: Rotom|133/229\n|\n|-weather|Snowscape|[upkeep]\n|-damage|p1a: Abomasnow|200/287 brn|[from] brn\n|upkeep\n|turn|20\n|\n|t:|1781450798\n|move|p2a: Rotom|Blizzard|p1a: Abomasnow\n|-damage|p1a: Abomasnow|0 fnt\n|faint|p1a: Abomasnow\n|\n|-weather|none\n|upkeep\n|\n|t:|1781450805\n|switch|p1a: Flutter Mane|Flutter Mane, L74|203/203\n|turn|21\n|\n|t:|1781450810\n|switch|p2a: Magnezone|Magnezone, L85|258/258\n|move|p1a: Flutter Mane|Mystical Fire|p2a: Magnezone\n|-supereffective|p2a: Magnezone\n|-damage|p2a: Magnezone|112/258\n|-unboost|p2a: Magnezone|spa|1\n|\n|upkeep\n|turn|22\n|\n|t:|1781450815\n|move|p1a: Flutter Mane|Mystical Fire|p2a: Magnezone\n|-supereffective|p2a: Magnezone\n|-damage|p2a: Magnezone|0 fnt\n|faint|p2a: Magnezone\n|\n|upkeep\n|\n|t:|1781450821\n|switch|p2a: Dragapult|Dragapult, L77, M|262/262\n|turn|23\n|\n|t:|1781450828\n|-end|p1a: Flutter Mane|Protosynthesis|[silent]\n|switch|p1a: Umbreon|Umbreon, L84, M|176/297\n|move|p2a: Dragapult|Dragon Dance|p2a: Dragapult\n|-boost|p2a: Dragapult|atk|1\n|-boost|p2a: Dragapult|spe|1\n|\n|-heal|p1a: Umbreon|194/297|[from] item: Leftovers\n|upkeep\n|turn|24\n|\n|t:|1781450835\n|switch|p2a: Rotom|Rotom-Frost, L87|133/229\n|move|p1a: Umbreon|Foul Play|p2a: Rotom\n|-damage|p2a: Rotom|88/229\n|\n|-heal|p1a: Umbreon|212/297|[from] item: Leftovers\n|-sideend|p1: TandemUnicycle|move: Aurora Veil\n|upkeep\n|turn|25\n|\n|t:|1781450846\n|move|p2a: Rotom|Will-O-Wisp|p1a: Umbreon\n|-status|p1a: Umbreon|brn\n|-activate|p1a: Umbreon|ability: Synchronize\n|-status|p2a: Rotom|brn\n|move|p1a: Umbreon|Foul Play|p2a: Rotom\n|-damage|p2a: Rotom|62/229 brn\n|\n|-heal|p1a: Umbreon|230/297 brn|[from] item: Leftovers\n|-damage|p2a: Rotom|48/229 brn|[from] brn\n|-damage|p1a: Umbreon|212/297 brn|[from] brn\n|upkeep\n|turn|26\n|\n|t:|1781450855\n|move|p2a: Rotom|Thunderbolt|p1a: Umbreon\n|-damage|p1a: Umbreon|130/297 brn\n|move|p1a: Umbreon|Wish|p1a: Umbreon\n|\n|-heal|p1a: Umbreon|148/297 brn|[from] item: Leftovers\n|-damage|p2a: Rotom|34/229 brn|[from] brn\n|-damage|p1a: Umbreon|130/297 brn|[from] brn\n|upkeep\n|turn|27\n|\n|t:|1781450870\n|move|p2a: Rotom|Blizzard|p1a: Umbreon\n|-damage|p1a: Umbreon|34/297 brn\n|move|p1a: Umbreon|Foul Play|p2a: Rotom\n|-damage|p2a: Rotom|12/229 brn\n|\n|-heal|p1a: Umbreon|182/297 brn|[from] move: Wish|[wisher] Umbreon\n|-heal|p1a: Umbreon|200/297 brn|[from] item: Leftovers\n|-damage|p2a: Rotom|0 fnt|[from] brn\n|faint|p2a: Rotom\n|-damage|p1a: Umbreon|182/297 brn|[from] brn\n|upkeep\n|\n|t:|1781450879\n|switch|p2a: Lycanroc|Lycanroc-Midnight, L89, F|296/296\n|turn|28\n|\n|t:|1781450904\n|move|p1a: Umbreon|Protect|p1a: Umbreon\n|-singleturn|p1a: Umbreon|Protect\n|move|p2a: Lycanroc|Stone Edge|p1a: Umbreon\n|-activate|p1a: Umbreon|move: Protect\n|\n|-heal|p1a: Umbreon|200/297 brn|[from] item: Leftovers\n|-damage|p1a: Umbreon|182/297 brn|[from] brn\n|upkeep\n|turn|29\n|\n|t:|1781450913\n|switch|p1a: Bastiodon|Bastiodon, L89, F|82/252\n|move|p2a: Lycanroc|Stone Edge|p1a: Bastiodon\n|-resisted|p1a: Bastiodon\n|-damage|p1a: Bastiodon|43/252\n|\n|upkeep\n|turn|30\n|\n|t:|1781450920\n|switch|p2a: Oricorio|Oricorio-Sensu, L85, M|266/266\n|move|p1a: Bastiodon|Rest|p1a: Bastiodon\n|-status|p1a: Bastiodon|slp|[from] move: Rest\n|-heal|p1a: Bastiodon|252/252 slp|[silent]\n|\n|upkeep\n|turn|31\n|\n|t:|1781450938\n|switch|p1a: Ho-Oh|Ho-Oh, L71|197/268\n|move|p2a: Oricorio|Quiver Dance|p2a: Oricorio\n|-boost|p2a: Oricorio|spa|1\n|-boost|p2a: Oricorio|spd|1\n|-boost|p2a: Oricorio|spe|1\n|\n|upkeep\n|turn|32\n|\n|t:|1781450942\n|move|p2a: Oricorio|Hurricane|p1a: Ho-Oh|[miss]\n|-miss|p2a: Oricorio|p1a: Ho-Oh\n|move|p1a: Ho-Oh|Sacred Fire|p2a: Oricorio\n|-damage|p2a: Oricorio|143/266\n|\n|upkeep\n|turn|33\n|\n|t:|1781450947\n|move|p2a: Oricorio|Hurricane|p1a: Ho-Oh|[miss]\n|-miss|p2a: Oricorio|p1a: Ho-Oh\n|move|p1a: Ho-Oh|Brave Bird|p2a: Oricorio\n|-damage|p2a: Oricorio|2/266\n|-damage|p1a: Ho-Oh|150/268|[from] Recoil\n|\n|upkeep\n|turn|34\n|\n|t:|1781450954\n|move|p2a: Oricorio|Hurricane|p1a: Ho-Oh\n|-damage|p1a: Ho-Oh|6/268\n|move|p1a: Ho-Oh|Sacred Fire|p2a: Oricorio\n|-crit|p2a: Oricorio\n|-damage|p2a: Oricorio|0 fnt\n|faint|p2a: Oricorio\n|\n|upkeep\n|\n|t:|1781450961\n|switch|p2a: Dragapult|Dragapult, L77, M|262/262\n|turn|35\n|\n|t:|1781450967\n|switch|p1a: Umbreon|Umbreon, L84, M|182/297 brn\n|move|p2a: Dragapult|Dragon Darts|p1a: Umbreon\n|-damage|p1a: Umbreon|124/297 brn\n|-anim|p2a: Dragapult|Dragon Darts|p1a: Umbreon\n|-damage|p1a: Umbreon|68/297 brn\n|-damage|p2a: Dragapult|236/262|[from] item: Life Orb\n|\n|-heal|p1a: Umbreon|86/297 brn|[from] item: Leftovers\n|-damage|p1a: Umbreon|68/297 brn|[from] brn\n|upkeep\n|turn|36\n|\n|t:|1781450973\n|move|p2a: Dragapult|Dragon Dance|p2a: Dragapult\n|-boost|p2a: Dragapult|atk|1\n|-boost|p2a: Dragapult|spe|1\n|move|p1a: Umbreon|Foul Play|p2a: Dragapult\n|-supereffective|p2a: Dragapult\n|-damage|p2a: Dragapult|23/262\n|\n|-heal|p1a: Umbreon|86/297 brn|[from] item: Leftovers\n|-damage|p1a: Umbreon|68/297 brn|[from] brn\n|upkeep\n|turn|37\n|\n|t:|1781450978\n|move|p2a: Dragapult|Dragon Darts|p1a: Umbreon\n|-damage|p1a: Umbreon|0 fnt\n|faint|p1a: Umbreon\n|-damage|p2a: Dragapult|0 fnt|[from] item: Life Orb\n|faint|p2a: Dragapult\n|\n|upkeep\n|\n|t:|1781450983\n|switch|p2a: Lycanroc|Lycanroc-Midnight, L89, F|296/296\n|switch|p1a: Flutter Mane|Flutter Mane, L74|203/203\n|turn|38\n|\n|t:|1781450987\n|-terastallize|p1a: Flutter Mane|Fairy\n|move|p2a: Lycanroc|Stone Edge|p1a: Flutter Mane\n|-crit|p1a: Flutter Mane\n|-damage|p1a: Flutter Mane|0 fnt\n|faint|p1a: Flutter Mane\n|-end|p1a: Flutter Mane|Protosynthesis|[silent]\n|\n|upkeep\n|\n|t:|1781450994\n|switch|p1a: Calyrex|Calyrex, L93|296/337\n|-ability|p1a: Calyrex|Unnerve\n|turn|39\n|c|\u2606Unknown Warrior|gg\n|-message|Unknown Warrior forfeited.\n|\n|win|TandemUnicycle\n", "inputlog": ">version a8376a258c1d4662feba110a92103f3664a72141\n>start {\"formatid\":\"gen9randombattle\",\"seed\":\"sodium,e6c9e2a29539fbe06ac1cf0a387292e8\",\"rated\":\"Rated battle\"}\n>player p1 {\"name\":\"TandemUnicycle\",\"avatar\":\"grimsley\",\"rating\":1914,\"seed\":\"sodium,d9a4d86e66dff075646e61623f7a376e\"}\n>player p2 {\"name\":\"Unknown Warrior\",\"avatar\":\"2\",\"rating\":1919,\"seed\":\"sodium,aaf9c7f22c415cb78a1aa3dd6f2ef316\"}\n>p1 move toxic\n>p2 switch 6\n>p1 switch 6\n>p2 move voltswitch\n>p2 switch 5\n>p1 switch 3\n>p2 move closecombat\n>p1 move bodypress\n>p2 switch 4\n>p1 switch 6\n>p2 move hurricane\n>p1 move protect\n>p2 switch 5\n>p1 move protect\n>p2 move voltswitch\n>p1 switch 6\n>p2 move voltswitch\n>p2 switch 5\n>p1 switch 5\n>p2 move hurricane\n>p1 move irondefense\n>p2 move heatwave\n>p1 move rest\n>p2 move heatwave\n>p1 move foulplay\n>p2 move heatwave\n>p1 move foulplay\n>p2 move heatwave\n>p1 switch 3\n>p2 move heatwave\n>p1 move sacredfire\n>p2 move hurricane\n>p2 switch 2\n>p1 switch 4\n>p2 move thunderbolt\n>p1 move auroraveil\n>p2 move nastyplot\n>p1 move blizzard\n>p2 move willowisp\n>p1 move blizzard\n>p2 move nastyplot\n>p1 move blizzard\n>p2 move blizzard\n>p1 switch 2\n>p1 move mysticalfire\n>p2 switch 5\n>p1 move mysticalfire\n>p2 move voltswitch\n>p2 switch 3\n>p1 switch 6\n>p2 move dragondance\n>p1 move foulplay\n>p2 switch 5\n>p1 move foulplay\n>p2 move willowisp\n>p1 move wish\n>p2 move thunderbolt\n>p1 move foulplay\n>p2 move blizzard\n>p2 switch 4\n>p1 move protect\n>p2 move stoneedge\n>p1 switch 3\n>p2 move stoneedge\n>p1 move rest\n>p2 switch 6\n>p1 switch 4\n>p2 move quiverdance\n>p1 move sacredfire\n>p2 move hurricane\n>p1 move bravebird\n>p2 move hurricane\n>p1 move sacredfire\n>p2 move hurricane\n>p2 switch 5\n>p1 switch 3\n>p2 move dragondarts\n>p1 move foulplay\n>p2 move dragondance\n>p1 move foulplay\n>p2 move dragondarts\n>p1 switch 6\n>p2 switch 6\n>p1 move moonblast terastallize\n>p2 move stoneedge\n>p1 switch 5\n>chat \u2606Unknown Warrior|gg\n>forcelose p2", "uploadtime": 1781450617, "views": 5, "formatid": "gen9randombattle", "rating": null, "private": 0, "password": null}