{"id": "gen9randombattle-2631795490", "format": "[Gen 9] Random Battle", "players": ["olmek987", "Pillarmen2"], "log": "|j|\u2606olmek987\n|j|\u2606Pillarmen2\n|t:|1781440840\n|gametype|singles\n|player|p1|olmek987|morty|1972\n|player|p2|Pillarmen2|1|2037\n|gen|9\n|tier|[Gen 9] Random Battle\n|rated|\n|rule|Species Clause: Limit one of each Pok\u00e9mon\n|rule|HP Percentage Mod: HP is shown in percentages\n|rule|Sleep Clause Mod: Limit one foe put to sleep\n|rule|Illusion Level Mod: Illusion disguises the Pok\u00e9mon's true level\n|\n|t:|1781440840\n|teamsize|p1|6\n|teamsize|p2|6\n|start\n|switch|p1a: Kleavor|Kleavor, L78, M|237/237\n|switch|p2a: Meloetta|Meloetta, L82|298/298\n|turn|1\n|\n|t:|1781440852\n|move|p2a: Meloetta|Relic Song|p1a: Kleavor\n|-resisted|p1a: Kleavor\n|-damage|p1a: Kleavor|156/237\n|-status|p1a: Kleavor|slp|[from] move: Relic Song\n|-formechange|p2a: Meloetta|Meloetta-Pirouette|[msg]\n|-damage|p2a: Meloetta|269/298|[from] item: Life Orb\n|cant|p1a: Kleavor|slp\n|\n|upkeep\n|turn|2\n|\n|t:|1781440858\n|switch|p1a: Skeledirge|Skeledirge, L79, M|294/294\n|move|p2a: Meloetta|Close Combat|p1a: Skeledirge\n|-immune|p1a: Skeledirge\n|\n|upkeep\n|turn|3\n|\n|t:|1781440861\n|move|p2a: Meloetta|Knock Off|p1a: Skeledirge\n|-supereffective|p1a: Skeledirge\n|-damage|p1a: Skeledirge|83/294\n|-enditem|p1a: Skeledirge|Heavy-Duty Boots|[from] move: Knock Off|[of] p2a: Meloetta\n|-damage|p2a: Meloetta|240/298|[from] item: Life Orb\n|move|p1a: Skeledirge|Torch Song|p2a: Meloetta\n|-damage|p2a: Meloetta|143/298\n|-boost|p1a: Skeledirge|spa|1\n|\n|upkeep\n|turn|4\n|\n|t:|1781440866\n|switch|p1a: Ampharos|Ampharos, L88, F|302/302\n|move|p2a: Meloetta|Knock Off|p1a: Ampharos\n|-damage|p1a: Ampharos|194/302\n|-enditem|p1a: Ampharos|Life Orb|[from] move: Knock Off|[of] p2a: Meloetta\n|-damage|p2a: Meloetta|114/298|[from] item: Life Orb\n|\n|upkeep\n|turn|5\n|\n|t:|1781440869\n|move|p2a: Meloetta|Close Combat|p1a: Ampharos\n|-damage|p1a: Ampharos|11/302\n|-unboost|p2a: Meloetta|def|1\n|-unboost|p2a: Meloetta|spd|1\n|-damage|p2a: Meloetta|85/298|[from] item: Life Orb\n|move|p1a: Ampharos|Agility|p1a: Ampharos\n|-boost|p1a: Ampharos|spe|2\n|\n|upkeep\n|turn|6\n|\n|t:|1781440877\n|switch|p2a: Landorus|Landorus, L75, M|257/257\n|move|p1a: Ampharos|Thunderbolt|p2a: Landorus\n|-immune|p2a: Landorus\n|\n|upkeep\n|turn|7\n|\n|t:|1781440881\n|move|p1a: Ampharos|Dazzling Gleam|p2a: Landorus\n|-damage|p2a: Landorus|164/257\n|move|p2a: Landorus|Stealth Rock|p1a: Ampharos\n|-sidestart|p1: olmek987|move: Stealth Rock\n|\n|upkeep\n|turn|8\n|\n|t:|1781440884\n|move|p1a: Ampharos|Dazzling Gleam|p2a: Landorus\n|-damage|p2a: Landorus|76/257\n|move|p2a: Landorus|Sludge Wave|p1a: Ampharos\n|-damage|p1a: Ampharos|0 fnt\n|faint|p1a: Ampharos\n|\n|upkeep\n|\n|t:|1781440889\n|switch|p1a: Ninetales|Ninetales-Alola, L78, F|242/242\n|-damage|p1a: Ninetales|182/242|[from] Stealth Rock\n|-weather|Snowscape|[from] ability: Snow Warning|[of] p1a: Ninetales\n|turn|9\n|\n|t:|1781440895\n|move|p1a: Ninetales|Aurora Veil|p1a: Ninetales\n|-sidestart|p1: olmek987|move: Aurora Veil\n|move|p2a: Landorus|Sludge Wave|p1a: Ninetales\n|-supereffective|p1a: Ninetales\n|-damage|p1a: Ninetales|83/242\n|\n|-weather|Snowscape|[upkeep]\n|upkeep\n|turn|10\n|\n|t:|1781440900\n|switch|p2a: Solgaleo|Solgaleo, L74|325/325\n|move|p1a: Ninetales|Blizzard|p2a: Solgaleo\n|-resisted|p2a: Solgaleo\n|-damage|p2a: Solgaleo|279/325\n|\n|-weather|Snowscape|[upkeep]\n|upkeep\n|turn|11\n|\n|t:|1781440904\n|switch|p1a: Flygon|Flygon, L82, M|265/265\n|-damage|p1a: Flygon|249/265|[from] Stealth Rock\n|move|p2a: Solgaleo|Flame Charge|p1a: Flygon\n|-resisted|p1a: Flygon\n|-damage|p1a: Flygon|239/265\n|-boost|p2a: Solgaleo|spe|1\n|\n|-weather|Snowscape|[upkeep]\n|upkeep\n|turn|12\n|\n|t:|1781440910\n|move|p2a: Solgaleo|Knock Off|p1a: Flygon\n|-damage|p1a: Flygon|200/265\n|-enditem|p1a: Flygon|Lum Berry|[from] move: Knock Off|[of] p2a: Solgaleo\n|move|p1a: Flygon|Dragon Dance|p1a: Flygon\n|-boost|p1a: Flygon|atk|1\n|-boost|p1a: Flygon|spe|1\n|\n|-weather|Snowscape|[upkeep]\n|upkeep\n|turn|13\n|\n|t:|1781440916\n|move|p1a: Flygon|Dragon Dance|p1a: Flygon\n|-boost|p1a: Flygon|atk|1\n|-boost|p1a: Flygon|spe|1\n|move|p2a: Solgaleo|Sunsteel Strike|p1a: Flygon\n|-damage|p1a: Flygon|135/265\n|\n|-weather|none\n|upkeep\n|turn|14\n|\n|t:|1781440924\n|move|p1a: Flygon|Earthquake|p2a: Solgaleo\n|-supereffective|p2a: Solgaleo\n|-damage|p2a: Solgaleo|0 fnt\n|faint|p2a: Solgaleo\n|\n|upkeep\n|\n|t:|1781440928\n|switch|p2a: Qwilfish|Qwilfish-Hisui, L83, M|244/244\n|-ability|p2a: Qwilfish|Intimidate|boost\n|-unboost|p1a: Flygon|atk|1\n|turn|15\n|\n|t:|1781440932\n|switch|p2a: Landorus|Landorus, L75, M|76/257\n|move|p1a: Flygon|Earthquake|p2a: Landorus\n|-immune|p2a: Landorus\n|\n|upkeep\n|turn|16\n|\n|t:|1781440941\n|move|p1a: Flygon|Stone Edge|p2a: Landorus\n|-damage|p2a: Landorus|0 fnt\n|faint|p2a: Landorus\n|\n|-sideend|p1: olmek987|move: Aurora Veil\n|upkeep\n|\n|t:|1781440944\n|switch|p2a: Qwilfish|Qwilfish-Hisui, L83, M|244/244\n|-ability|p2a: Qwilfish|Intimidate|boost\n|-unboost|p1a: Flygon|atk|1\n|turn|17\n|\n|t:|1781440946\n|move|p1a: Flygon|Earthquake|p2a: Qwilfish\n|-supereffective|p2a: Qwilfish\n|-damage|p2a: Qwilfish|112/244\n|move|p2a: Qwilfish|Crunch|p1a: Flygon\n|-damage|p1a: Flygon|44/265\n|\n|upkeep\n|turn|18\n|\n|t:|1781440952\n|move|p1a: Flygon|Earthquake|p2a: Qwilfish\n|-supereffective|p2a: Qwilfish\n|-damage|p2a: Qwilfish|0 fnt\n|faint|p2a: Qwilfish\n|\n|upkeep\n|\n|t:|1781440953\n|switch|p2a: Whiscash|Whiscash, L88, M|337/337\n|turn|19\n|\n|t:|1781440963\n|move|p1a: Flygon|Outrage|p2a: Whiscash\n|-damage|p2a: Whiscash|202/337\n|move|p2a: Whiscash|Liquidation|p1a: Flygon\n|-damage|p1a: Flygon|0 fnt\n|faint|p1a: Flygon\n|-damage|p2a: Whiscash|169/337|[from] item: Life Orb\n|\n|upkeep\n|\n|t:|1781440968\n|switch|p1a: Ninetales|Ninetales-Alola, L78, F|83/242\n|-damage|p1a: Ninetales|23/242|[from] Stealth Rock\n|-weather|Snowscape|[from] ability: Snow Warning|[of] p1a: Ninetales\n|turn|20\n|\n|t:|1781440970\n|move|p1a: Ninetales|Freeze-Dry|p2a: Whiscash\n|-supereffective|p2a: Whiscash\n|-damage|p2a: Whiscash|0 fnt\n|faint|p2a: Whiscash\n|\n|-weather|Snowscape|[upkeep]\n|upkeep\n|\n|t:|1781440974\n|switch|p2a: Meloetta|Meloetta, L82|85/298\n|turn|21\n|\n|t:|1781440978\n|move|p1a: Ninetales|Blizzard|p2a: Meloetta\n|-damage|p2a: Meloetta|19/298\n|move|p2a: Meloetta|Relic Song|p1a: Ninetales\n|-damage|p1a: Ninetales|0 fnt\n|faint|p1a: Ninetales\n|-formechange|p2a: Meloetta|Meloetta-Pirouette|[msg]\n|-damage|p2a: Meloetta|0 fnt|[from] item: Life Orb\n|faint|p2a: Meloetta\n|\n|-weather|Snowscape|[upkeep]\n|upkeep\n|\n|t:|1781440983\n|switch|p1a: Rhydon|Rhydon, L85, M|317/317\n|switch|p2a: Bellossom|Bellossom, L84, M|263/263\n|-damage|p1a: Rhydon|298/317|[from] Stealth Rock\n|turn|22\n|\n|t:|1781440992\n|-terastallize|p1a: Rhydon|Dragon\n|move|p2a: Bellossom|Quiver Dance|p2a: Bellossom\n|-boost|p2a: Bellossom|spa|1\n|-boost|p2a: Bellossom|spd|1\n|-boost|p2a: Bellossom|spe|1\n|move|p1a: Rhydon|Megahorn|p2a: Bellossom\n|-supereffective|p2a: Bellossom\n|-damage|p2a: Bellossom|45/263\n|\n|-weather|Snowscape|[upkeep]\n|-heal|p2a: Bellossom|61/263|[from] item: Leftovers\n|upkeep\n|turn|23\n|\n|t:|1781440996\n|move|p2a: Bellossom|Strength Sap|p1a: Rhydon\n|-unboost|p1a: Rhydon|atk|1\n|-heal|p2a: Bellossom|263/263\n|move|p1a: Rhydon|Megahorn|p2a: Bellossom\n|-supereffective|p2a: Bellossom\n|-damage|p2a: Bellossom|119/263\n|\n|-weather|Snowscape|[upkeep]\n|-heal|p2a: Bellossom|135/263|[from] item: Leftovers\n|upkeep\n|turn|24\n|\n|t:|1781441005\n|move|p2a: Bellossom|Strength Sap|p1a: Rhydon\n|-unboost|p1a: Rhydon|atk|1\n|-heal|p2a: Bellossom|263/263\n|move|p1a: Rhydon|Swords Dance|p1a: Rhydon\n|-boost|p1a: Rhydon|atk|2\n|\n|-weather|none\n|upkeep\n|turn|25\n|\n|t:|1781441010\n|-terastallize|p2a: Bellossom|Poison\n|move|p2a: Bellossom|Sludge Bomb|p1a: Rhydon\n|-damage|p1a: Rhydon|151/317\n|move|p1a: Rhydon|Swords Dance|p1a: Rhydon\n|-boost|p1a: Rhydon|atk|2\n|\n|upkeep\n|turn|26\n|\n|t:|1781441016\n|move|p2a: Bellossom|Sludge Bomb|p1a: Rhydon\n|-damage|p1a: Rhydon|12/317\n|-status|p1a: Rhydon|psn\n|move|p1a: Rhydon|Earthquake|p2a: Bellossom\n|-supereffective|p2a: Bellossom\n|-damage|p2a: Bellossom|0 fnt\n|faint|p2a: Bellossom\n|\n|win|olmek987\n", "inputlog": ">version a8376a258c1d4662feba110a92103f3664a72141\n>start {\"formatid\":\"gen9randombattle\",\"seed\":\"sodium,4b3979c5df6ceb00078f97e6a5237bfe\",\"rated\":\"Rated battle\"}\n>player p1 {\"name\":\"olmek987\",\"avatar\":\"morty\",\"rating\":1972,\"seed\":\"sodium,704b1286584edc685f12fc5e3d3ef237\"}\n>player p2 {\"name\":\"Pillarmen2\",\"avatar\":\"1\",\"rating\":2037,\"seed\":\"sodium,cc40a0c394de9ebbdd6714b8176fbe81\"}\n>p1 move stoneaxe\n>p2 move relicsong\n>p1 switch 3\n>p2 move closecombat\n>p1 move torchsong\n>p2 move knockoff\n>p1 switch 4\n>p2 move knockoff\n>p1 move agility\n>p2 move closecombat\n>p1 move thunderbolt\n>p2 switch 5\n>p1 move dazzlinggleam\n>p2 move stealthrock\n>p1 move dazzlinggleam\n>p2 move sludgewave\n>p1 switch 2\n>p1 move auroraveil\n>p2 move sludgewave\n>p1 move blizzard\n>p2 switch 2\n>p1 switch 6\n>p2 move flamecharge\n>p1 move dragondance\n>p2 move knockoff\n>p1 move dragondance\n>p2 move sunsteelstrike\n>p1 move earthquake\n>p2 move sunsteelstrike\n>p2 switch 3\n>p1 move earthquake\n>p2 switch 2\n>p1 move stoneedge\n>p2 move psychic\n>p2 switch 2\n>p1 move earthquake\n>p2 move crunch\n>p1 move earthquake\n>p2 move crunch\n>p2 switch 4\n>p1 move outrage\n>p2 move liquidation\n>p1 switch 6\n>p1 move freezedry\n>p2 move dragondance\n>p2 switch 5\n>p1 move blizzard\n>p2 move relicsong\n>p1 switch 5\n>p2 switch 6\n>p1 move megahorn terastallize\n>p2 move quiverdance\n>p1 move megahorn\n>p2 move strengthsap\n>p1 move swordsdance\n>p2 move strengthsap\n>p1 move swordsdance\n>p2 move sludgebomb terastallize\n>p1 move earthquake\n>p2 move sludgebomb", "uploadtime": 1781440842, "views": 6, "formatid": "gen9randombattle", "rating": null, "private": 0, "password": null}