{"id": "gen9randombattle-2631878190", "format": "[Gen 9] Random Battle", "players": ["MadThrower", "WumboMumboJumbo"], "log": "|j|\u2606MadThrower\n|j|\u2606WumboMumboJumbo\n|t:|1781451163\n|gametype|singles\n|player|p1|MadThrower|102|1978\n|player|p2|WumboMumboJumbo|265|2064\n|gen|9\n|tier|[Gen 9] Random Battle\n|rated|\n|rule|Species Clause: Limit one of each Pok\u00e9mon\n|rule|HP Percentage Mod: HP is shown in percentages\n|rule|Sleep Clause Mod: Limit one foe put to sleep\n|rule|Illusion Level Mod: Illusion disguises the Pok\u00e9mon's true level\n|\n|t:|1781451163\n|teamsize|p1|6\n|teamsize|p2|6\n|start\n|switch|p1a: Dudunsparce|Dudunsparce, L83, M|343/343\n|switch|p2a: Breloom|Breloom, L83, M|235/235\n|turn|1\n|inactive|Battle timer is ON: inactive players will automatically lose when time's up. (requested by WumboMumboJumbo)\n|j| D_3Dversion\n|\n|t:|1781451177\n|move|p2a: Breloom|Swords Dance|p2a: Breloom\n|-boost|p2a: Breloom|atk|2\n|move|p1a: Dudunsparce|Boomburst|p2a: Breloom\n|-damage|p2a: Breloom|63/235\n|\n|upkeep\n|turn|2\n|\n|t:|1781451192\n|move|p2a: Breloom|Mach Punch|p1a: Dudunsparce\n|-supereffective|p1a: Dudunsparce\n|-damage|p1a: Dudunsparce|0 fnt\n|faint|p1a: Dudunsparce\n|-damage|p2a: Breloom|40/235|[from] item: Life Orb\n|\n|upkeep\n|\n|t:|1781451194\n|switch|p1a: Banette|Banette, L93, F|270/270\n|turn|3\n|\n|t:|1781451200\n|switch|p2a: Farigiraf|Farigiraf, L90, M|362/362\n|move|p1a: Banette|Poltergeist|p2a: Farigiraf\n|-immune|p2a: Farigiraf\n|\n|upkeep\n|turn|4\n|\n|t:|1781451205\n|switch|p1a: Ting-Lu|Ting-Lu, L78|370/370\n|-ability|p1a: Ting-Lu|Vessel of Ruin\n|move|p2a: Farigiraf|Psychic Noise|p1a: Ting-Lu\n|-immune|p1a: Ting-Lu\n|\n|upkeep\n|turn|5\n|\n|t:|1781451209\n|switch|p2a: Breloom|Breloom, L83, M|40/235\n|move|p1a: Ting-Lu|Stealth Rock|p2a: Breloom\n|-sidestart|p2: WumboMumboJumbo|move: Stealth Rock\n|\n|upkeep\n|turn|6\n|\n|t:|1781451213\n|switch|p1a: Dragalge|Dragalge, L88, M|258/258\n|move|p2a: Breloom|Bullet Seed|p1a: Dragalge\n|-resisted|p1a: Dragalge\n|-damage|p1a: Dragalge|245/258\n|-resisted|p1a: Dragalge\n|-damage|p1a: Dragalge|229/258\n|-resisted|p1a: Dragalge\n|-damage|p1a: Dragalge|213/258\n|-hitcount|p1a: Dragalge|3\n|-damage|p2a: Breloom|17/235|[from] item: Life Orb\n|\n|-heal|p1a: Dragalge|229/258|[from] item: Leftovers\n|upkeep\n|turn|7\n|\n|t:|1781451218\n|move|p2a: Breloom|Rock Tomb|p1a: Dragalge\n|-damage|p1a: Dragalge|133/258\n|-unboost|p1a: Dragalge|spe|1\n|-damage|p2a: Breloom|0 fnt|[from] item: Life Orb\n|faint|p2a: Breloom\n|move|p1a: Dragalge|Toxic Spikes|p2: Breloom\n|-sidestart|p2: WumboMumboJumbo|move: Toxic Spikes\n|\n|-heal|p1a: Dragalge|149/258|[from] item: Leftovers\n|upkeep\n|\n|t:|1781451227\n|switch|p2a: Iron Boulder|Iron Boulder, L77|265/265\n|-damage|p2a: Iron Boulder|232/265|[from] Stealth Rock\n|-status|p2a: Iron Boulder|psn\n|-enditem|p2a: Iron Boulder|Booster Energy\n|-activate|p2a: Iron Boulder|ability: Quark Drive|[fromitem]\n|-start|p2a: Iron Boulder|quarkdrivespe\n|turn|8\n|\n|t:|1781451238\n|switch|p1a: Banette|Banette, L93, F|270/270\n|move|p2a: Iron Boulder|Swords Dance|p2a: Iron Boulder\n|-boost|p2a: Iron Boulder|atk|2\n|\n|-damage|p2a: Iron Boulder|199/265 psn|[from] psn\n|upkeep\n|turn|9\n|\n|t:|1781451246\n|-terastallize|p2a: Iron Boulder|Fighting\n|move|p1a: Banette|Shadow Sneak|p2a: Iron Boulder\n|-damage|p2a: Iron Boulder|108/265 psn\n|-damage|p1a: Banette|243/270|[from] item: Life Orb\n|move|p2a: Iron Boulder|Mighty Cleave|p1a: Banette\n|-damage|p1a: Banette|33/270\n|-start|p2a: Iron Boulder|Disable|Mighty Cleave|[from] ability: Cursed Body|[of] p1a: Banette\n|\n|-damage|p2a: Iron Boulder|75/265 psn|[from] psn\n|upkeep\n|turn|10\n|\n|t:|1781451255\n|move|p1a: Banette|Shadow Sneak|p2a: Iron Boulder\n|-damage|p2a: Iron Boulder|0 fnt\n|faint|p2a: Iron Boulder\n|-end|p2a: Iron Boulder|Quark Drive|[silent]\n|-damage|p1a: Banette|6/270|[from] item: Life Orb\n|\n|upkeep\n|\n|t:|1781451258\n|switch|p2a: Farigiraf|Farigiraf, L90, M|362/362\n|-damage|p2a: Farigiraf|317/362|[from] Stealth Rock\n|-status|p2a: Farigiraf|psn\n|turn|11\n|\n|t:|1781451262\n|move|p1a: Banette|Swords Dance|p1a: Banette\n|-boost|p1a: Banette|atk|2\n|move|p2a: Farigiraf|Body Slam|p1a: Banette\n|-immune|p1a: Banette\n|\n|-heal|p2a: Farigiraf|339/362 psn|[from] item: Leftovers\n|-damage|p2a: Farigiraf|294/362 psn|[from] psn\n|upkeep\n|turn|12\n|\n|t:|1781451264\n|move|p1a: Banette|Gunk Shot|p2a: Farigiraf\n|-damage|p2a: Farigiraf|0 fnt\n|faint|p2a: Farigiraf\n|-damage|p1a: Banette|0 fnt|[from] item: Life Orb\n|faint|p1a: Banette\n|\n|upkeep\n|\n|t:|1781451270\n|switch|p1a: Cobalion|Cobalion, L80|277/277\n|switch|p2a: Quaquaval|Quaquaval, L79, F|264/264\n|-damage|p2a: Quaquaval|248/264|[from] Stealth Rock\n|-status|p2a: Quaquaval|psn\n|turn|13\n|\n|t:|1781451291\n|move|p1a: Cobalion|Calm Mind|p1a: Cobalion\n|-boost|p1a: Cobalion|spa|1\n|-boost|p1a: Cobalion|spd|1\n|move|p2a: Quaquaval|Aqua Step|p1a: Cobalion\n|-crit|p1a: Cobalion\n|-damage|p1a: Cobalion|129/277\n|-boost|p2a: Quaquaval|spe|1\n|-damage|p2a: Quaquaval|222/264 psn|[from] item: Life Orb\n|\n|-heal|p1a: Cobalion|146/277|[from] item: Leftovers\n|-damage|p2a: Quaquaval|189/264 psn|[from] psn\n|upkeep\n|turn|14\n|\n|t:|1781451297\n|-terastallize|p1a: Cobalion|Ghost\n|move|p2a: Quaquaval|Close Combat|p1a: Cobalion\n|-immune|p1a: Cobalion\n|move|p1a: Cobalion|Aura Sphere|p2a: Quaquaval\n|-damage|p2a: Quaquaval|66/264 psn\n|\n|-heal|p1a: Cobalion|163/277|[from] item: Leftovers\n|-damage|p2a: Quaquaval|33/264 psn|[from] psn\n|upkeep\n|turn|15\n|\n|t:|1781451302\n|move|p1a: Cobalion|Vacuum Wave|p2a: Quaquaval\n|-damage|p2a: Quaquaval|0 fnt\n|faint|p2a: Quaquaval\n|\n|-heal|p1a: Cobalion|180/277|[from] item: Leftovers\n|upkeep\n|\n|t:|1781451307\n|switch|p2a: Shaymin|Shaymin-Sky, L73|266/266\n|-damage|p2a: Shaymin|200/266|[from] Stealth Rock\n|turn|16\n|\n|t:|1781451318\n|switch|p1a: Suicune|Suicune, L82|298/298\n|-ability|p1a: Suicune|Pressure\n|move|p2a: Shaymin|Air Slash|p1a: Suicune\n|-damage|p1a: Suicune|202/298\n|\n|-heal|p1a: Suicune|220/298|[from] item: Leftovers\n|upkeep\n|turn|17\n|\n|t:|1781451323\n|move|p2a: Shaymin|Air Slash|p1a: Suicune\n|-damage|p1a: Suicune|127/298\n|move|p1a: Suicune|Calm Mind|p1a: Suicune\n|-boost|p1a: Suicune|spa|1\n|-boost|p1a: Suicune|spd|1\n|\n|-heal|p1a: Suicune|145/298|[from] item: Leftovers\n|upkeep\n|turn|18\n|\n|t:|1781451327\n|move|p2a: Shaymin|Air Slash|p1a: Suicune\n|-damage|p1a: Suicune|82/298\n|move|p1a: Suicune|Rest|p1a: Suicune\n|-status|p1a: Suicune|slp|[from] move: Rest\n|-heal|p1a: Suicune|298/298 slp|[silent]\n|\n|upkeep\n|turn|19\n|\n|t:|1781451331\n|move|p2a: Shaymin|Air Slash|p1a: Suicune\n|-damage|p1a: Suicune|237/298 slp\n|cant|p1a: Suicune|slp\n|cant|p1a: Suicune|flinch\n|\n|-heal|p1a: Suicune|255/298 slp|[from] item: Leftovers\n|upkeep\n|turn|20\n|\n|t:|1781451334\n|move|p2a: Shaymin|Air Slash|p1a: Suicune\n|-damage|p1a: Suicune|198/298 slp\n|cant|p1a: Suicune|slp\n|cant|p1a: Suicune|flinch\n|\n|-heal|p1a: Suicune|216/298 slp|[from] item: Leftovers\n|upkeep\n|turn|21\n|\n|t:|1781451342\n|move|p2a: Shaymin|Air Slash|p1a: Suicune\n|-damage|p1a: Suicune|152/298 slp\n|-curestatus|p1a: Suicune|slp|[msg]\n|cant|p1a: Suicune|flinch\n|\n|-heal|p1a: Suicune|170/298|[from] item: Leftovers\n|upkeep\n|turn|22\n|\n|t:|1781451347\n|move|p2a: Shaymin|Air Slash|p1a: Suicune\n|-damage|p1a: Suicune|113/298\n|cant|p1a: Suicune|flinch\n|\n|-heal|p1a: Suicune|131/298|[from] item: Leftovers\n|upkeep\n|turn|23\n|\n|t:|1781451350\n|move|p2a: Shaymin|Air Slash|p1a: Suicune\n|-damage|p1a: Suicune|65/298\n|cant|p1a: Suicune|flinch\n|\n|-heal|p1a: Suicune|83/298|[from] item: Leftovers\n|upkeep\n|turn|24\n|\n|t:|1781451354\n|move|p2a: Shaymin|Air Slash|p1a: Suicune\n|-damage|p1a: Suicune|26/298\n|move|p1a: Suicune|Rest|p1a: Suicune\n|-status|p1a: Suicune|slp|[from] move: Rest\n|-heal|p1a: Suicune|298/298 slp|[silent]\n|\n|upkeep\n|turn|25\n|\n|t:|1781451357\n|move|p2a: Shaymin|Air Slash|p1a: Suicune\n|-damage|p1a: Suicune|234/298 slp\n|cant|p1a: Suicune|slp\n|cant|p1a: Suicune|flinch\n|\n|-heal|p1a: Suicune|252/298 slp|[from] item: Leftovers\n|upkeep\n|turn|26\n|\n|t:|1781451362\n|switch|p2a: Suicune|Suicune, L82|298/298\n|-damage|p2a: Suicune|261/298|[from] Stealth Rock\n|-status|p2a: Suicune|psn\n|-ability|p2a: Suicune|Pressure\n|cant|p1a: Suicune|slp\n|move|p1a: Suicune|Sleep Talk|p1a: Suicune\n|move|p1a: Suicune|Scald|p2a: Suicune|[from] move: Sleep Talk\n|-resisted|p2a: Suicune\n|-damage|p2a: Suicune|212/298 psn\n|\n|-heal|p2a: Suicune|230/298 psn|[from] item: Leftovers\n|-heal|p1a: Suicune|270/298 slp|[from] item: Leftovers\n|-damage|p2a: Suicune|193/298 psn|[from] psn\n|upkeep\n|turn|27\n|-message|WumboMumboJumbo forfeited.\n|\n|win|MadThrower\n", "inputlog": ">version a8376a258c1d4662feba110a92103f3664a72141\n>start {\"formatid\":\"gen9randombattle\",\"seed\":\"sodium,f58c4766f006b713011885f0e7fefea7\",\"rated\":\"Rated battle\"}\n>player p1 {\"name\":\"MadThrower\",\"avatar\":\"102\",\"rating\":1978,\"seed\":\"sodium,0e413d2c911188c4a414f2f486937a41\"}\n>player p2 {\"name\":\"WumboMumboJumbo\",\"avatar\":\"265\",\"rating\":2064,\"seed\":\"sodium,bbca3909dbf84591c8c12e0671ed10eb\"}\n>p1 move boomburst\n>p2 move swordsdance\n>p1 move boomburst\n>p2 move machpunch\n>p1 switch 3\n>p1 move poltergeist\n>p2 switch 3\n>p1 switch 4\n>p2 move psychicnoise\n>p1 move stealthrock\n>p2 switch 3\n>p1 switch 5\n>p2 move bulletseed\n>p1 move toxicspikes\n>p2 move rocktomb\n>p2 switch 5\n>p1 switch 4\n>p2 move swordsdance\n>p1 move shadowsneak\n>p2 move mightycleave terastallize\n>p1 move shadowsneak\n>p2 move zenheadbutt\n>p2 switch 3\n>p1 move swordsdance\n>p2 move bodyslam\n>p1 move gunkshot\n>p2 move psychicnoise\n>p1 switch 2\n>p2 switch 6\n>p1 move calmmind\n>p2 move aquastep\n>p1 move aurasphere terastallize\n>p2 move closecombat\n>p1 move vacuumwave\n>p2 move aquastep\n>p2 switch 2\n>p1 switch 6\n>p2 move airslash\n>p1 move calmmind\n>p2 move airslash\n>p1 move rest\n>p2 move airslash\n>p1 move sleeptalk\n>p2 move airslash\n>p1 move sleeptalk\n>p2 move airslash\n>p1 move calmmind\n>p2 move airslash\n>p1 move rest\n>p2 move airslash\n>p1 move rest\n>p2 move airslash\n>p1 move rest\n>p2 move airslash\n>p1 move sleeptalk\n>p2 move airslash\n>p1 move sleeptalk\n>p2 switch 4\n>forcelose p2", "uploadtime": 1781451165, "views": 4, "formatid": "gen9randombattle", "rating": null, "private": 0, "password": null}