{"id": "gen9randombattle-2631572058", "format": "[Gen 9] Random Battle", "players": ["asmpokee", "Bigoleg"], "log": "|j|\u2606asmpokee\n|j|\u2606Bigoleg\n|t:|1781402990\n|gametype|singles\n|player|p1|asmpokee|170|2157\n|player|p2|Bigoleg|169|2128\n|gen|9\n|tier|[Gen 9] Random Battle\n|rated|\n|rule|Species Clause: Limit one of each Pok\u00e9mon\n|rule|HP Percentage Mod: HP is shown in percentages\n|rule|Sleep Clause Mod: Limit one foe put to sleep\n|rule|Illusion Level Mod: Illusion disguises the Pok\u00e9mon's true level\n|\n|t:|1781402990\n|teamsize|p1|6\n|teamsize|p2|6\n|start\n|switch|p1a: Sinistcha|Sinistcha-Masterpiece, L83|254/254\n|switch|p2a: Samurott|Samurott-Hisui, L77, F|265/265\n|turn|1\n|\n|t:|1781402996\n|switch|p1a: Regice|Regice, L88|284/284\n|move|p2a: Samurott|Ceaseless Edge|p1a: Regice\n|-crit|p1a: Regice\n|-damage|p1a: Regice|109/284\n|-sidestart|p1: asmpokee|Spikes\n|\n|upkeep\n|turn|2\n|\n|t:|1781402999\n|move|p2a: Samurott|Ceaseless Edge|p1a: Regice\n|-crit|p1a: Regice\n|-damage|p1a: Regice|0 fnt\n|-sidestart|p1: asmpokee|Spikes\n|faint|p1a: Regice\n|\n|upkeep\n|inactive|Battle timer is ON: inactive players will automatically lose when time's up. (requested by Bigoleg)\n|\n|t:|1781403007\n|switch|p1a: Komala|Komala, L88, M|258/258\n|-damage|p1a: Komala|215/258|[from] Spikes\n|-ability|p1a: Komala|Comatose\n|turn|3\n|\n|t:|1781403015\n|move|p2a: Samurott|Ceaseless Edge|p1a: Komala\n|-damage|p1a: Komala|52/258\n|-sidestart|p1: asmpokee|Spikes\n|move|p1a: Komala|Rapid Spin|p2a: Samurott\n|-damage|p2a: Samurott|180/265\n|-boost|p1a: Komala|spe|1\n|-sideend|p1: asmpokee|Spikes|[from] move: Rapid Spin|[of] p1a: Komala\n|\n|upkeep\n|turn|4\n|\n|t:|1781403019\n|move|p1a: Komala|Body Slam|p2a: Samurott\n|-damage|p2a: Samurott|59/265\n|move|p2a: Samurott|Ceaseless Edge|p1a: Komala\n|-damage|p1a: Komala|0 fnt\n|-sidestart|p1: asmpokee|Spikes\n|faint|p1a: Komala\n|\n|upkeep\n|\n|t:|1781403026\n|switch|p1a: Flareon|Flareon, L90, F|263/263\n|-damage|p1a: Flareon|231/263|[from] Spikes\n|turn|5\n|\n|t:|1781403033\n|move|p2a: Samurott|Ceaseless Edge|p1a: Flareon|[miss]\n|-miss|p2a: Samurott|p1a: Flareon\n|move|p1a: Flareon|Trailblaze|p2a: Samurott\n|-supereffective|p2a: Samurott\n|-damage|p2a: Samurott|0 fnt\n|-boost|p1a: Flareon|spe|1\n|faint|p2a: Samurott\n|\n|-status|p1a: Flareon|tox|[from] item: Toxic Orb\n|upkeep\n|\n|t:|1781403038\n|switch|p2a: Stonjourner|Stonjourner, L91, F|330/330\n|turn|6\n|\n|t:|1781403044\n|switch|p1a: Palossand|Palossand, L89, F|296/296\n|-damage|p1a: Palossand|259/296|[from] Spikes\n|move|p2a: Stonjourner|Earthquake|p1a: Palossand\n|-damage|p1a: Palossand|155/296\n|-damage|p2a: Stonjourner|297/330|[from] item: Life Orb\n|\n|-heal|p1a: Palossand|173/296|[from] item: Leftovers\n|upkeep\n|turn|7\n|\n|t:|1781403049\n|switch|p2a: Leafeon|Leafeon, L88, M|258/258\n|move|p1a: Palossand|Shore Up|p1a: Palossand\n|-heal|p1a: Palossand|296/296\n|\n|upkeep\n|turn|8\n|\n|t:|1781403053\n|switch|p1a: Rabsca|Rabsca, L91, M|284/284\n|move|p2a: Leafeon|Swords Dance|p2a: Leafeon\n|-boost|p2a: Leafeon|atk|2\n|\n|upkeep\n|turn|9\n|\n|t:|1781403057\n|-terastallize|p1a: Rabsca|Steel\n|move|p2a: Leafeon|Knock Off|p1a: Rabsca\n|-damage|p1a: Rabsca|115/284\n|-enditem|p1a: Rabsca|Heavy-Duty Boots|[from] move: Knock Off|[of] p2a: Leafeon\n|move|p1a: Rabsca|Bug Buzz|p2a: Leafeon\n|-supereffective|p2a: Leafeon\n|-damage|p2a: Leafeon|0 fnt\n|faint|p2a: Leafeon\n|\n|upkeep\n|\n|t:|1781403064\n|switch|p2a: Stonjourner|Stonjourner, L91, F|297/330\n|turn|10\n|\n|t:|1781403067\n|switch|p1a: Palossand|Palossand, L89, F|296/296\n|-damage|p1a: Palossand|259/296|[from] Spikes\n|move|p2a: Stonjourner|Earthquake|p1a: Palossand\n|-damage|p1a: Palossand|156/296\n|-damage|p2a: Stonjourner|264/330|[from] item: Life Orb\n|\n|-heal|p1a: Palossand|174/296|[from] item: Leftovers\n|upkeep\n|turn|11\n|\n|t:|1781403071\n|switch|p2a: Suicune|Suicune, L82|298/298\n|-ability|p2a: Suicune|Pressure\n|move|p1a: Palossand|Shore Up|p1a: Palossand\n|-heal|p1a: Palossand|296/296\n|\n|upkeep\n|turn|12\n|\n|t:|1781403077\n|switch|p1a: Sinistcha|Sinistcha-Masterpiece, L83|254/254\n|-damage|p1a: Sinistcha|223/254|[from] Spikes\n|move|p2a: Suicune|Calm Mind|p2a: Suicune\n|-boost|p2a: Suicune|spa|1\n|-boost|p2a: Suicune|spd|1\n|\n|-heal|p1a: Sinistcha|238/254|[from] item: Leftovers\n|upkeep\n|turn|13\n|\n|t:|1781403083\n|switch|p2a: Slowbro|Slowbro-Galar, L87, M|307/307\n|move|p1a: Sinistcha|Calm Mind|p1a: Sinistcha\n|-boost|p1a: Sinistcha|spa|1\n|-boost|p1a: Sinistcha|spd|1\n|\n|-heal|p1a: Sinistcha|253/254|[from] item: Leftovers\n|upkeep\n|turn|14\n|\n|t:|1781403093\n|move|p1a: Sinistcha|Shadow Ball|p2a: Slowbro\n|-supereffective|p2a: Slowbro\n|-damage|p2a: Slowbro|77/307\n|-unboost|p2a: Slowbro|spd|1\n|move|p2a: Slowbro|Shell Side Arm|p1a: Sinistcha|[anim] Shell Side Arm Physical\n|-damage|p1a: Sinistcha|162/254\n|-hint|Physical Shell Side Arm\n|-status|p1a: Sinistcha|psn\n|\n|-heal|p1a: Sinistcha|177/254 psn|[from] item: Leftovers\n|-damage|p1a: Sinistcha|146/254 psn|[from] psn\n|upkeep\n|turn|15\n|\n|t:|1781403100\n|move|p1a: Sinistcha|Matcha Gotcha|p2a: Slowbro\n|-resisted|p2a: Slowbro\n|-damage|p2a: Slowbro|0 fnt\n|-heal|p1a: Sinistcha|185/254 psn|[from] drain|[of] p2a: Slowbro\n|faint|p2a: Slowbro\n|\n|-heal|p1a: Sinistcha|200/254 psn|[from] item: Leftovers\n|-damage|p1a: Sinistcha|169/254 psn|[from] psn\n|upkeep\n|\n|t:|1781403106\n|switch|p2a: Stonjourner|Stonjourner, L91, F|264/330\n|turn|16\n|\n|t:|1781403109\n|switch|p1a: Palossand|Palossand, L89, F|296/296\n|-damage|p1a: Palossand|259/296|[from] Spikes\n|-terastallize|p2a: Stonjourner|Fire\n|move|p2a: Stonjourner|Heat Crash|p1a: Palossand\n|-damage|p1a: Palossand|164/296\n|-damage|p2a: Stonjourner|231/330|[from] item: Life Orb\n|\n|-heal|p1a: Palossand|182/296|[from] item: Leftovers\n|upkeep\n|turn|17\n|\n|t:|1781403117\n|switch|p2a: Suicune|Suicune, L82|298/298\n|-ability|p2a: Suicune|Pressure\n|move|p1a: Palossand|Stealth Rock|p2a: Suicune\n|-sidestart|p2: Bigoleg|move: Stealth Rock\n|\n|-heal|p1a: Palossand|200/296|[from] item: Leftovers\n|upkeep\n|turn|18\n|\n|t:|1781403122\n|switch|p1a: Sinistcha|Sinistcha-Masterpiece, L83|169/254 psn\n|-damage|p1a: Sinistcha|138/254 psn|[from] Spikes\n|move|p2a: Suicune|Calm Mind|p2a: Suicune\n|-boost|p2a: Suicune|spa|1\n|-boost|p2a: Suicune|spd|1\n|\n|-heal|p1a: Sinistcha|153/254 psn|[from] item: Leftovers\n|-damage|p1a: Sinistcha|122/254 psn|[from] psn\n|upkeep\n|turn|19\n|\n|t:|1781403124\n|move|p2a: Suicune|Scald|p1a: Sinistcha\n|-resisted|p1a: Sinistcha\n|-damage|p1a: Sinistcha|59/254 psn\n|move|p1a: Sinistcha|Strength Sap|p2a: Suicune\n|-unboost|p2a: Suicune|atk|1\n|-heal|p1a: Sinistcha|187/254 psn\n|\n|-heal|p1a: Sinistcha|202/254 psn|[from] item: Leftovers\n|-damage|p1a: Sinistcha|171/254 psn|[from] psn\n|upkeep\n|turn|20\n|\n|t:|1781403131\n|move|p2a: Suicune|Calm Mind|p2a: Suicune\n|-boost|p2a: Suicune|spa|1\n|-boost|p2a: Suicune|spd|1\n|move|p1a: Sinistcha|Matcha Gotcha|p2a: Suicune\n|-supereffective|p2a: Suicune\n|-damage|p2a: Suicune|214/298\n|-heal|p1a: Sinistcha|213/254 psn|[from] drain|[of] p2a: Suicune\n|\n|-heal|p2a: Suicune|232/298|[from] item: Leftovers\n|-heal|p1a: Sinistcha|228/254 psn|[from] item: Leftovers\n|-damage|p1a: Sinistcha|197/254 psn|[from] psn\n|upkeep\n|turn|21\n|\n|t:|1781403136\n|move|p2a: Suicune|Scald|p1a: Sinistcha\n|-resisted|p1a: Sinistcha\n|-damage|p1a: Sinistcha|116/254 psn\n|move|p1a: Sinistcha|Calm Mind|p1a: Sinistcha\n|-boost|p1a: Sinistcha|spa|1\n|-boost|p1a: Sinistcha|spd|1\n|\n|-heal|p2a: Suicune|250/298|[from] item: Leftovers\n|-heal|p1a: Sinistcha|131/254 psn|[from] item: Leftovers\n|-damage|p1a: Sinistcha|100/254 psn|[from] psn\n|upkeep\n|turn|22\n|\n|t:|1781403141\n|move|p2a: Suicune|Calm Mind|p2a: Suicune\n|-boost|p2a: Suicune|spa|1\n|-boost|p2a: Suicune|spd|1\n|move|p1a: Sinistcha|Matcha Gotcha|p2a: Suicune|[miss]\n|-miss|p1a: Sinistcha|p2a: Suicune\n|\n|-heal|p2a: Suicune|268/298|[from] item: Leftovers\n|-heal|p1a: Sinistcha|115/254 psn|[from] item: Leftovers\n|-damage|p1a: Sinistcha|84/254 psn|[from] psn\n|upkeep\n|turn|23\n|\n|t:|1781403146\n|move|p2a: Suicune|Calm Mind|p2a: Suicune\n|-boost|p2a: Suicune|spa|1\n|-boost|p2a: Suicune|spd|1\n|move|p1a: Sinistcha|Matcha Gotcha|p2a: Suicune\n|-supereffective|p2a: Suicune\n|-damage|p2a: Suicune|184/298\n|-heal|p1a: Sinistcha|126/254 psn|[from] drain|[of] p2a: Suicune\n|\n|-heal|p2a: Suicune|202/298|[from] item: Leftovers\n|-heal|p1a: Sinistcha|141/254 psn|[from] item: Leftovers\n|-damage|p1a: Sinistcha|110/254 psn|[from] psn\n|upkeep\n|turn|24\n|\n|t:|1781403152\n|move|p2a: Suicune|Scald|p1a: Sinistcha\n|-resisted|p1a: Sinistcha\n|-damage|p1a: Sinistcha|23/254 psn\n|move|p1a: Sinistcha|Matcha Gotcha|p2a: Suicune\n|-supereffective|p2a: Suicune\n|-damage|p2a: Suicune|116/298\n|-heal|p1a: Sinistcha|66/254 psn|[from] drain|[of] p2a: Suicune\n|\n|-heal|p2a: Suicune|134/298|[from] item: Leftovers\n|-heal|p1a: Sinistcha|81/254 psn|[from] item: Leftovers\n|-damage|p1a: Sinistcha|50/254 psn|[from] psn\n|upkeep\n|turn|25\n|\n|t:|1781403157\n|move|p2a: Suicune|Scald|p1a: Sinistcha\n|-resisted|p1a: Sinistcha\n|-damage|p1a: Sinistcha|0 fnt\n|faint|p1a: Sinistcha\n|\n|-heal|p2a: Suicune|152/298|[from] item: Leftovers\n|upkeep\n|-message|asmpokee forfeited.\n|\n|win|Bigoleg\n", "inputlog": ">version a8376a258c1d4662feba110a92103f3664a72141\n>start {\"formatid\":\"gen9randombattle\",\"seed\":\"sodium,714038fd4568aa6221f09f860d2741d8\",\"rated\":\"Rated battle\"}\n>player p1 {\"name\":\"asmpokee\",\"avatar\":\"170\",\"rating\":2157,\"seed\":\"sodium,f6c95ec71fe5430dc4ce7c595fdeed4a\"}\n>player p2 {\"name\":\"Bigoleg\",\"avatar\":\"169\",\"rating\":2128,\"seed\":\"sodium,9247be153dff093e4855702298435cfc\"}\n>p1 switch 3\n>p2 move ceaselessedge\n>p1 move thunderwave\n>p2 move ceaselessedge\n>p1 switch 4\n>p1 move rapidspin\n>p2 move ceaselessedge\n>p1 move bodyslam\n>p2 move ceaselessedge\n>p1 switch 5\n>p1 move trailblaze\n>p2 move ceaselessedge\n>p2 switch 2\n>p1 switch 6\n>p2 move earthquake\n>p1 move shoreup\n>p2 switch 3\n>p1 switch 2\n>p2 move swordsdance\n>p1 move bugbuzz terastallize\n>p2 move knockoff\n>p2 switch 3\n>p1 switch 2\n>p2 move earthquake\n>p1 move shoreup\n>p2 switch 6\n>p1 switch 3\n>p2 move calmmind\n>p1 move calmmind\n>p2 switch 5\n>p1 move shadowball\n>p2 move shellsidearm\n>p1 move matchagotcha\n>p2 move foulplay\n>p2 switch 6\n>p1 switch 3\n>p2 move heatcrash terastallize\n>p1 move stealthrock\n>p2 switch 5\n>p1 switch 3\n>p2 move calmmind\n>p1 move strengthsap\n>p2 move scald\n>p1 move matchagotcha\n>p2 move calmmind\n>p1 move calmmind\n>p2 move scald\n>p1 move matchagotcha\n>p2 move calmmind\n>p1 move matchagotcha\n>p2 move calmmind\n>p1 move matchagotcha\n>p2 move scald\n>p1 move matchagotcha\n>p2 move scald\n>forcelose p1", "uploadtime": 1781402991, "views": 6, "formatid": "gen9randombattle", "rating": null, "private": 0, "password": null}