{"id": "gen9randombattle-2631387733", "format": "[Gen 9] Random Battle", "players": ["Dragonyte", "Pepe Zombi"], "log": "|j|\u2606Dragonyte\n|j|\u2606Pepe Zombi\n|t:|1781378686\n|gametype|singles\n|player|p1|Dragonyte|hoopster|2059\n|player|p2|Pepe Zombi|miku-ghost|2061\n|gen|9\n|tier|[Gen 9] Random Battle\n|rated|\n|rule|Species Clause: Limit one of each Pok\u00e9mon\n|rule|HP Percentage Mod: HP is shown in percentages\n|rule|Sleep Clause Mod: Limit one foe put to sleep\n|rule|Illusion Level Mod: Illusion disguises the Pok\u00e9mon's true level\n|\n|t:|1781378686\n|teamsize|p1|6\n|teamsize|p2|6\n|start\n|switch|p1a: Donphan|Donphan, L84, M|288/288\n|switch|p2a: Giratina|Giratina, L75|349/349\n|-ability|p2a: Giratina|Pressure\n|turn|1\n|inactive|Battle timer is ON: inactive players will automatically lose when time's up. (requested by Pepe Zombi)\n|\n|t:|1781378693\n|switch|p2a: Mudsdale|Mudsdale, L83, F|302/302\n|move|p1a: Donphan|Stealth Rock|p2a: Mudsdale\n|-sidestart|p2: Pepe Zombi|move: Stealth Rock\n|\n|upkeep\n|turn|2\n|\n|t:|1781378701\n|switch|p1a: Froslass|Froslass, L87, F|263/263\n|move|p2a: Mudsdale|Stealth Rock|p1a: Froslass\n|-sidestart|p1: Dragonyte|move: Stealth Rock\n|\n|upkeep\n|turn|3\n|\n|t:|1781378705\n|move|p1a: Froslass|Spikes|p2a: Mudsdale\n|-sidestart|p2: Pepe Zombi|Spikes\n|move|p2a: Mudsdale|Heavy Slam|p1a: Froslass\n|-supereffective|p1a: Froslass\n|-damage|p1a: Froslass|43/263\n|-start|p2a: Mudsdale|Disable|Heavy Slam|[from] ability: Cursed Body|[of] p1a: Froslass\n|\n|upkeep\n|turn|4\n|\n|t:|1781378709\n|move|p1a: Froslass|Destiny Bond|p1a: Froslass\n|-singlemove|p1a: Froslass|Destiny Bond\n|move|p2a: Mudsdale|Earthquake|p1a: Froslass\n|-damage|p1a: Froslass|0 fnt\n|faint|p1a: Froslass\n|-activate|p1a: Froslass|move: Destiny Bond\n|faint|p2a: Mudsdale\n|\n|upkeep\n|\n|t:|1781378728\n|switch|p1a: Dudunsparce|Dudunsparce-Three-Segment, L83, F|343/343\n|switch|p2a: Tsareena|Tsareena, L87, F|267/267\n|-damage|p2a: Tsareena|234/267|[from] Stealth Rock\n|-damage|p2a: Tsareena|201/267|[from] Spikes\n|-damage|p1a: Dudunsparce|301/343|[from] Stealth Rock\n|turn|5\n|\n|t:|1781378740\n|-terastallize|p1a: Dudunsparce|Ghost\n|move|p2a: Tsareena|Power Whip|p1a: Dudunsparce\n|-damage|p1a: Dudunsparce|112/343\n|move|p1a: Dudunsparce|Glare|p2a: Tsareena\n|-status|p2a: Tsareena|par\n|\n|-heal|p1a: Dudunsparce|133/343|[from] item: Leftovers\n|upkeep\n|turn|6\n|\n|t:|1781378745\n|move|p1a: Dudunsparce|Roost|p1a: Dudunsparce\n|-heal|p1a: Dudunsparce|305/343\n|cant|p2a: Tsareena|par\n|\n|-heal|p1a: Dudunsparce|326/343|[from] item: Leftovers\n|upkeep\n|turn|7\n|\n|t:|1781378751\n|switch|p2a: Qwilfish|Qwilfish-Hisui, L83, F|244/244\n|-damage|p2a: Qwilfish|214/244|[from] Stealth Rock\n|-damage|p2a: Qwilfish|184/244|[from] Spikes\n|-ability|p2a: Qwilfish|Intimidate|boost\n|-unboost|p1a: Dudunsparce|atk|1\n|move|p1a: Dudunsparce|Headbutt|p2a: Qwilfish\n|-damage|p2a: Qwilfish|151/244\n|\n|-heal|p1a: Dudunsparce|343/343|[from] item: Leftovers\n|upkeep\n|turn|8\n|\n|t:|1781378758\n|switch|p1a: Donphan|Donphan, L84, M|288/288\n|-damage|p1a: Donphan|270/288|[from] Stealth Rock\n|move|p2a: Qwilfish|Crunch|p1a: Donphan\n|-damage|p1a: Donphan|207/288\n|\n|-heal|p1a: Donphan|225/288|[from] item: Leftovers\n|upkeep\n|turn|9\n|\n|t:|1781378763\n|switch|p2a: Tsareena|Tsareena, L87, F|201/267 par\n|-damage|p2a: Tsareena|168/267 par|[from] Stealth Rock\n|-damage|p2a: Tsareena|135/267 par|[from] Spikes\n|move|p1a: Donphan|Rapid Spin|p2a: Tsareena\n|-damage|p2a: Tsareena|96/267 par\n|-boost|p1a: Donphan|spe|1\n|-sideend|p1: Dragonyte|Stealth Rock|[from] move: Rapid Spin|[of] p1a: Donphan\n|\n|-heal|p1a: Donphan|243/288|[from] item: Leftovers\n|upkeep\n|turn|10\n|\n|t:|1781378770\n|move|p1a: Donphan|Ice Spinner|p2a: Tsareena\n|-supereffective|p2a: Tsareena\n|-damage|p2a: Tsareena|0 fnt\n|faint|p2a: Tsareena\n|\n|-heal|p1a: Donphan|261/288|[from] item: Leftovers\n|upkeep\n|\n|t:|1781378776\n|switch|p2a: Giratina|Giratina, L75|349/349\n|-damage|p2a: Giratina|306/349|[from] Stealth Rock\n|-damage|p2a: Giratina|263/349|[from] Spikes\n|-ability|p2a: Giratina|Pressure\n|turn|11\n|\n|t:|1781378779\n|move|p1a: Donphan|Ice Spinner|p2a: Giratina\n|-supereffective|p2a: Giratina\n|-damage|p2a: Giratina|147/349\n|move|p2a: Giratina|Calm Mind|p2a: Giratina\n|-boost|p2a: Giratina|spa|1\n|-boost|p2a: Giratina|spd|1\n|\n|-heal|p1a: Donphan|279/288|[from] item: Leftovers\n|-heal|p2a: Giratina|168/349|[from] item: Leftovers\n|upkeep\n|turn|12\n|\n|t:|1781378783\n|move|p1a: Donphan|Ice Spinner|p2a: Giratina\n|-supereffective|p2a: Giratina\n|-damage|p2a: Giratina|40/349\n|move|p2a: Giratina|Rest|p2a: Giratina\n|-status|p2a: Giratina|slp|[from] move: Rest\n|-heal|p2a: Giratina|349/349 slp|[silent]\n|\n|-heal|p1a: Donphan|288/288|[from] item: Leftovers\n|upkeep\n|turn|13\n|\n|t:|1781378802\n|move|p1a: Donphan|Ice Spinner|p2a: Giratina\n|-supereffective|p2a: Giratina\n|-damage|p2a: Giratina|231/349 slp\n|cant|p2a: Giratina|slp\n|move|p2a: Giratina|Sleep Talk|p2a: Giratina\n|move|p2a: Giratina|Calm Mind|p2a: Giratina|[from] move: Sleep Talk\n|-boost|p2a: Giratina|spa|1\n|-boost|p2a: Giratina|spd|1\n|\n|-heal|p2a: Giratina|252/349 slp|[from] item: Leftovers\n|upkeep\n|turn|14\n|\n|t:|1781378807\n|move|p1a: Donphan|Ice Spinner|p2a: Giratina\n|-supereffective|p2a: Giratina\n|-damage|p2a: Giratina|144/349 slp\n|cant|p2a: Giratina|slp\n|move|p2a: Giratina|Sleep Talk|p2a: Giratina\n|move|p2a: Giratina|Rest||[from] move: Sleep Talk|[still]\n|-fail|p2a: Giratina\n|\n|-heal|p2a: Giratina|165/349 slp|[from] item: Leftovers\n|upkeep\n|turn|15\n|\n|t:|1781378810\n|move|p1a: Donphan|Ice Spinner|p2a: Giratina\n|-supereffective|p2a: Giratina\n|-damage|p2a: Giratina|37/349 slp\n|-curestatus|p2a: Giratina|slp|[msg]\n|move|p2a: Giratina|Rest|p2a: Giratina\n|-status|p2a: Giratina|slp|[from] move: Rest\n|-heal|p2a: Giratina|349/349 slp|[silent]\n|\n|upkeep\n|turn|16\n|\n|t:|1781378813\n|switch|p1a: Metagross|Metagross, L79|256/256\n|cant|p2a: Giratina|slp\n|move|p2a: Giratina|Sleep Talk|p2a: Giratina\n|move|p2a: Giratina|Rest||[from] move: Sleep Talk|[still]\n|-fail|p2a: Giratina\n|\n|upkeep\n|turn|17\n|\n|t:|1781378821\n|switch|p2a: Qwilfish|Qwilfish-Hisui, L83, F|151/244\n|-damage|p2a: Qwilfish|121/244|[from] Stealth Rock\n|-damage|p2a: Qwilfish|91/244|[from] Spikes\n|-ability|p2a: Qwilfish|Intimidate|boost\n|-fail|p1a: Metagross|unboost|[from] ability: Clear Body|[of] p1a: Metagross\n|move|p1a: Metagross|Knock Off|p2a: Qwilfish\n|-resisted|p2a: Qwilfish\n|-damage|p2a: Qwilfish|52/244\n|-enditem|p2a: Qwilfish|Eviolite|[from] move: Knock Off|[of] p1a: Metagross\n|\n|upkeep\n|turn|18\n|\n|t:|1781378826\n|move|p2a: Qwilfish|Toxic Spikes|p1a: Metagross\n|-sidestart|p1: Dragonyte|move: Toxic Spikes\n|move|p1a: Metagross|Knock Off|p2a: Qwilfish\n|-resisted|p2a: Qwilfish\n|-damage|p2a: Qwilfish|8/244\n|\n|upkeep\n|turn|19\n|\n|t:|1781378830\n|move|p2a: Qwilfish|Toxic Spikes|p1a: Metagross\n|-sidestart|p1: Dragonyte|move: Toxic Spikes\n|move|p1a: Metagross|Knock Off|p2a: Qwilfish\n|-resisted|p2a: Qwilfish\n|-damage|p2a: Qwilfish|0 fnt\n|faint|p2a: Qwilfish\n|\n|upkeep\n|\n|t:|1781378833\n|switch|p2a: Volcarona|Volcarona, L77, M|257/257\n|turn|20\n|\n|t:|1781378843\n|switch|p1a: Arceus|Arceus-Flying, L69|279/279\n|move|p2a: Volcarona|Quiver Dance|p2a: Volcarona\n|-boost|p2a: Volcarona|spa|1\n|-boost|p2a: Volcarona|spd|1\n|-boost|p2a: Volcarona|spe|1\n|\n|upkeep\n|turn|21\n|\n|t:|1781378851\n|-terastallize|p2a: Volcarona|Water\n|move|p2a: Volcarona|Quiver Dance|p2a: Volcarona\n|-boost|p2a: Volcarona|spa|1\n|-boost|p2a: Volcarona|spd|1\n|-boost|p2a: Volcarona|spe|1\n|move|p1a: Arceus|Calm Mind|p1a: Arceus\n|-boost|p1a: Arceus|spa|1\n|-boost|p1a: Arceus|spd|1\n|\n|upkeep\n|turn|22\n|\n|t:|1781378857\n|switch|p1a: Dudunsparce|Dudunsparce-Three-Segment, L83, F, tera:Ghost|343/343\n|-status|p1a: Dudunsparce|tox\n|move|p2a: Volcarona|Fiery Dance|p1a: Dudunsparce\n|-damage|p1a: Dudunsparce|127/343 tox\n|\n|-heal|p1a: Dudunsparce|148/343 tox|[from] item: Leftovers\n|-damage|p1a: Dudunsparce|127/343 tox|[from] psn\n|upkeep\n|turn|23\n|\n|t:|1781378860\n|move|p2a: Volcarona|Fiery Dance|p1a: Dudunsparce\n|-damage|p1a: Dudunsparce|0 fnt\n|-boost|p2a: Volcarona|spa|1\n|faint|p1a: Dudunsparce\n|\n|upkeep\n|\n|t:|1781378866\n|switch|p1a: Roaring Moon|Roaring Moon, L72|270/270\n|-status|p1a: Roaring Moon|tox\n|-enditem|p1a: Roaring Moon|Booster Energy\n|-activate|p1a: Roaring Moon|ability: Protosynthesis|[fromitem]\n|-start|p1a: Roaring Moon|protosynthesisatk\n|turn|24\n|\n|t:|1781378871\n|move|p2a: Volcarona|Fiery Dance|p1a: Roaring Moon\n|-resisted|p1a: Roaring Moon\n|-damage|p1a: Roaring Moon|155/270 tox\n|-boost|p2a: Volcarona|spa|1\n|move|p1a: Roaring Moon|Outrage|p2a: Volcarona\n|-damage|p2a: Volcarona|35/257\n|\n|-damage|p1a: Roaring Moon|139/270 tox|[from] psn\n|upkeep\n|turn|25\n|\n|t:|1781378878\n|move|p2a: Volcarona|Fiery Dance|p1a: Roaring Moon\n|-resisted|p1a: Roaring Moon\n|-damage|p1a: Roaring Moon|2/270 tox\n|-boost|p2a: Volcarona|spa|1\n|move|p1a: Roaring Moon|Outrage|p2a: Volcarona|[from] lockedmove\n|-damage|p2a: Volcarona|0 fnt\n|faint|p2a: Volcarona\n|\n|-damage|p1a: Roaring Moon|0 fnt|[from] psn\n|faint|p1a: Roaring Moon\n|-end|p1a: Roaring Moon|Protosynthesis|[silent]\n|upkeep\n|\n|t:|1781378883\n|switch|p1a: Arceus|Arceus-Flying, L69|279/279\n|switch|p2a: Hitmonlee|Hitmonlee, L85, M|224/224\n|-damage|p2a: Hitmonlee|210/224|[from] Stealth Rock\n|-damage|p2a: Hitmonlee|182/224|[from] Spikes\n|turn|26\n|\n|t:|1781378887\n|move|p1a: Arceus|Judgment|p2a: Hitmonlee\n|-supereffective|p2a: Hitmonlee\n|-damage|p2a: Hitmonlee|24/224\n|move|p2a: Hitmonlee|Swords Dance|p2a: Hitmonlee\n|-boost|p2a: Hitmonlee|atk|2\n|\n|upkeep\n|turn|27\n|\n|t:|1781378890\n|move|p1a: Arceus|Judgment|p2a: Hitmonlee\n|-supereffective|p2a: Hitmonlee\n|-damage|p2a: Hitmonlee|0 fnt\n|faint|p2a: Hitmonlee\n|\n|upkeep\n|\n|t:|1781378893\n|switch|p2a: Giratina|Giratina, L75|349/349 slp\n|-damage|p2a: Giratina|306/349 slp|[from] Stealth Rock\n|-damage|p2a: Giratina|263/349 slp|[from] Spikes\n|-ability|p2a: Giratina|Pressure\n|turn|28\n|\n|t:|1781378900\n|move|p1a: Arceus|Calm Mind|p1a: Arceus\n|-boost|p1a: Arceus|spa|1\n|-boost|p1a: Arceus|spd|1\n|cant|p2a: Giratina|slp\n|move|p2a: Giratina|Sleep Talk|p2a: Giratina\n|move|p2a: Giratina|Rest||[from] move: Sleep Talk|[still]\n|-fail|p2a: Giratina\n|\n|-heal|p2a: Giratina|284/349 slp|[from] item: Leftovers\n|upkeep\n|turn|29\n|\n|t:|1781378904\n|move|p1a: Arceus|Judgment|p2a: Giratina\n|-damage|p2a: Giratina|157/349 slp\n|-curestatus|p2a: Giratina|slp|[msg]\n|move|p2a: Giratina|Calm Mind|p2a: Giratina\n|-boost|p2a: Giratina|spa|1\n|-boost|p2a: Giratina|spd|1\n|\n|-heal|p2a: Giratina|178/349|[from] item: Leftovers\n|upkeep\n|turn|30\n|\n|t:|1781378908\n|move|p1a: Arceus|Calm Mind|p1a: Arceus\n|-boost|p1a: Arceus|spa|1\n|-boost|p1a: Arceus|spd|1\n|move|p2a: Giratina|Calm Mind|p2a: Giratina\n|-boost|p2a: Giratina|spa|1\n|-boost|p2a: Giratina|spd|1\n|\n|-heal|p2a: Giratina|199/349|[from] item: Leftovers\n|upkeep\n|turn|31\n|\n|t:|1781378911\n|move|p1a: Arceus|Judgment|p2a: Giratina\n|-damage|p2a: Giratina|115/349\n|move|p2a: Giratina|Calm Mind|p2a: Giratina\n|-boost|p2a: Giratina|spa|1\n|-boost|p2a: Giratina|spd|1\n|\n|-heal|p2a: Giratina|136/349|[from] item: Leftovers\n|upkeep\n|turn|32\n|\n|t:|1781378915\n|move|p1a: Arceus|Judgment|p2a: Giratina\n|-damage|p2a: Giratina|63/349\n|move|p2a: Giratina|Calm Mind|p2a: Giratina\n|-boost|p2a: Giratina|spa|1\n|-boost|p2a: Giratina|spd|1\n|\n|-heal|p2a: Giratina|84/349|[from] item: Leftovers\n|upkeep\n|turn|33\n|\n|t:|1781378917\n|move|p1a: Arceus|Judgment|p2a: Giratina\n|-damage|p2a: Giratina|29/349\n|move|p2a: Giratina|Rest|p2a: Giratina\n|-status|p2a: Giratina|slp|[from] move: Rest\n|-heal|p2a: Giratina|349/349 slp|[silent]\n|\n|upkeep\n|turn|34\n|\n|t:|1781378919\n|switch|p1a: Metagross|Metagross, L79|256/256\n|cant|p2a: Giratina|slp\n|move|p2a: Giratina|Sleep Talk|p2a: Giratina\n|move|p2a: Giratina|Calm Mind|p2a: Giratina|[from] move: Sleep Talk\n|-boost|p2a: Giratina|spa|1\n|-boost|p2a: Giratina|spd|1\n|\n|upkeep\n|turn|35\n|\n|t:|1781378922\n|cant|p2a: Giratina|slp\n|move|p2a: Giratina|Sleep Talk|p2a: Giratina\n|move|p2a: Giratina|Rest||[from] move: Sleep Talk|[still]\n|-fail|p2a: Giratina\n|move|p1a: Metagross|Knock Off|p2a: Giratina\n|-supereffective|p2a: Giratina\n|-damage|p2a: Giratina|157/349 slp\n|-enditem|p2a: Giratina|Leftovers|[from] move: Knock Off|[of] p1a: Metagross\n|\n|upkeep\n|turn|36\n|\n|t:|1781378932\n|-curestatus|p2a: Giratina|slp|[msg]\n|move|p2a: Giratina|Dragon Pulse|p1a: Metagross\n|-resisted|p1a: Metagross\n|-damage|p1a: Metagross|126/256\n|move|p1a: Metagross|Knock Off|p2a: Giratina\n|-supereffective|p2a: Giratina\n|-damage|p2a: Giratina|21/349\n|\n|upkeep\n|turn|37\n|\n|t:|1781378938\n|move|p2a: Giratina|Rest|p2a: Giratina\n|-status|p2a: Giratina|slp|[from] move: Rest\n|-heal|p2a: Giratina|349/349 slp|[silent]\n|move|p1a: Metagross|Knock Off|p2a: Giratina\n|-supereffective|p2a: Giratina\n|-crit|p2a: Giratina\n|-damage|p2a: Giratina|147/349 slp\n|\n|upkeep\n|turn|38\n|\n|t:|1781378940\n|cant|p2a: Giratina|slp\n|move|p2a: Giratina|Sleep Talk|p2a: Giratina\n|move|p2a: Giratina|Dragon Pulse|p1a: Metagross|[from] move: Sleep Talk\n|-resisted|p1a: Metagross\n|-damage|p1a: Metagross|0 fnt\n|faint|p1a: Metagross\n|\n|upkeep\n|\n|t:|1781378943\n|switch|p1a: Donphan|Donphan, L84, M|288/288\n|-status|p1a: Donphan|tox\n|turn|39\n|\n|t:|1781378948\n|cant|p2a: Giratina|slp\n|move|p1a: Donphan|Ice Spinner|p2a: Giratina\n|-supereffective|p2a: Giratina\n|-damage|p2a: Giratina|37/349 slp\n|\n|-damage|p1a: Donphan|270/288 tox|[from] psn\n|upkeep\n|turn|40\n|\n|t:|1781378950\n|-curestatus|p2a: Giratina|slp|[msg]\n|move|p2a: Giratina|Rest|p2a: Giratina\n|-status|p2a: Giratina|slp|[from] move: Rest\n|-heal|p2a: Giratina|349/349 slp|[silent]\n|move|p1a: Donphan|Ice Spinner|p2a: Giratina\n|-supereffective|p2a: Giratina\n|-damage|p2a: Giratina|237/349 slp\n|\n|-heal|p1a: Donphan|288/288 tox|[from] item: Leftovers\n|-damage|p1a: Donphan|252/288 tox|[from] psn\n|upkeep\n|turn|41\n|\n|t:|1781378954\n|cant|p2a: Giratina|slp\n|move|p2a: Giratina|Sleep Talk|p2a: Giratina\n|move|p2a: Giratina|Rest||[from] move: Sleep Talk|[still]\n|-fail|p2a: Giratina\n|move|p1a: Donphan|Ice Spinner|p2a: Giratina\n|-supereffective|p2a: Giratina\n|-damage|p2a: Giratina|119/349 slp\n|\n|-heal|p1a: Donphan|270/288 tox|[from] item: Leftovers\n|-damage|p1a: Donphan|216/288 tox|[from] psn\n|upkeep\n|turn|42\n|\n|t:|1781378957\n|cant|p2a: Giratina|slp\n|move|p2a: Giratina|Sleep Talk|p2a: Giratina\n|move|p2a: Giratina|Rest||[from] move: Sleep Talk|[still]\n|-fail|p2a: Giratina\n|move|p1a: Donphan|Ice Spinner|p2a: Giratina\n|-supereffective|p2a: Giratina\n|-damage|p2a: Giratina|9/349 slp\n|\n|-heal|p1a: Donphan|234/288 tox|[from] item: Leftovers\n|-damage|p1a: Donphan|162/288 tox|[from] psn\n|upkeep\n|turn|43\n|\n|t:|1781378959\n|-curestatus|p2a: Giratina|slp|[msg]\n|move|p2a: Giratina|Rest|p2a: Giratina\n|-status|p2a: Giratina|slp|[from] move: Rest\n|-heal|p2a: Giratina|349/349 slp|[silent]\n|move|p1a: Donphan|Ice Spinner|p2a: Giratina\n|-supereffective|p2a: Giratina\n|-damage|p2a: Giratina|237/349 slp\n|\n|-heal|p1a: Donphan|180/288 tox|[from] item: Leftovers\n|-damage|p1a: Donphan|90/288 tox|[from] psn\n|upkeep\n|turn|44\n|\n|t:|1781378964\n|cant|p2a: Giratina|slp\n|move|p2a: Giratina|Sleep Talk|p2a: Giratina\n|move|p2a: Giratina|Calm Mind|p2a: Giratina|[from] move: Sleep Talk\n|-boost|p2a: Giratina|spa|1\n|-boost|p2a: Giratina|spd|1\n|move|p1a: Donphan|Ice Spinner|p2a: Giratina\n|-supereffective|p2a: Giratina\n|-damage|p2a: Giratina|115/349 slp\n|\n|-heal|p1a: Donphan|108/288 tox|[from] item: Leftovers\n|-damage|p1a: Donphan|0 fnt|[from] psn\n|faint|p1a: Donphan\n|upkeep\n|\n|t:|1781378966\n|switch|p1a: Arceus|Arceus-Flying, L69|279/279\n|turn|45\n|\n|t:|1781378968\n|move|p1a: Arceus|Calm Mind|p1a: Arceus\n|-boost|p1a: Arceus|spa|1\n|-boost|p1a: Arceus|spd|1\n|cant|p2a: Giratina|slp\n|\n|upkeep\n|turn|46\n|\n|t:|1781378969\n|move|p1a: Arceus|Calm Mind|p1a: Arceus\n|-boost|p1a: Arceus|spa|1\n|-boost|p1a: Arceus|spd|1\n|-curestatus|p2a: Giratina|slp|[msg]\n|move|p2a: Giratina|Dragon Pulse|p1a: Arceus\n|-damage|p1a: Arceus|144/279\n|\n|upkeep\n|turn|47\n|\n|t:|1781378973\n|move|p1a: Arceus|Calm Mind|p1a: Arceus\n|-boost|p1a: Arceus|spa|1\n|-boost|p1a: Arceus|spd|1\n|move|p2a: Giratina|Dragon Pulse|p1a: Arceus\n|-damage|p1a: Arceus|32/279\n|\n|upkeep\n|turn|48\n|\n|t:|1781378977\n|move|p1a: Arceus|Recover|p1a: Arceus\n|-heal|p1a: Arceus|172/279\n|move|p2a: Giratina|Dragon Pulse|p1a: Arceus\n|-damage|p1a: Arceus|52/279\n|\n|upkeep\n|turn|49\n|\n|t:|1781378980\n|move|p1a: Arceus|Recover|p1a: Arceus\n|-heal|p1a: Arceus|192/279\n|move|p2a: Giratina|Dragon Pulse|p1a: Arceus\n|-damage|p1a: Arceus|71/279\n|\n|upkeep\n|turn|50\n|\n|t:|1781378982\n|move|p1a: Arceus|Recover|p1a: Arceus\n|-heal|p1a: Arceus|211/279\n|move|p2a: Giratina|Dragon Pulse|p1a: Arceus\n|-damage|p1a: Arceus|94/279\n|\n|upkeep\n|turn|51\n|\n|t:|1781378984\n|move|p1a: Arceus|Recover|p1a: Arceus\n|-heal|p1a: Arceus|234/279\n|move|p2a: Giratina|Dragon Pulse|p1a: Arceus\n|-damage|p1a: Arceus|126/279\n|\n|upkeep\n|turn|52\n|\n|t:|1781378987\n|move|p1a: Arceus|Calm Mind|p1a: Arceus\n|-boost|p1a: Arceus|spa|1\n|-boost|p1a: Arceus|spd|1\n|move|p2a: Giratina|Dragon Pulse|p1a: Arceus\n|-damage|p1a: Arceus|24/279\n|\n|upkeep\n|turn|53\n|\n|t:|1781378989\n|move|p1a: Arceus|Recover|p1a: Arceus\n|-heal|p1a: Arceus|164/279\n|move|p2a: Giratina|Dragon Pulse|p1a: Arceus\n|-damage|p1a: Arceus|74/279\n|\n|upkeep\n|turn|54\n|\n|t:|1781378992\n|move|p1a: Arceus|Recover|p1a: Arceus\n|-heal|p1a: Arceus|214/279\n|move|p2a: Giratina|Dragon Pulse|p1a: Arceus\n|-damage|p1a: Arceus|114/279\n|\n|upkeep\n|turn|55\n|\n|t:|1781379004\n|move|p1a: Arceus|Recover|p1a: Arceus\n|-heal|p1a: Arceus|254/279\n|move|p2a: Giratina|Dragon Pulse|p1a: Arceus\n|-damage|p1a: Arceus|163/279\n|\n|upkeep\n|turn|56\n|\n|t:|1781379007\n|move|p1a: Arceus|Judgment|p2a: Giratina\n|-damage|p2a: Giratina|49/349\n|move|p2a: Giratina|Dragon Pulse|p1a: Arceus\n|-damage|p1a: Arceus|67/279\n|\n|upkeep\n|turn|57\n|\n|t:|1781379010\n|move|p1a: Arceus|Judgment|p2a: Giratina\n|-damage|p2a: Giratina|0 fnt\n|faint|p2a: Giratina\n|\n|win|Dragonyte\n", "inputlog": ">version a8376a258c1d4662feba110a92103f3664a72141\n>start {\"formatid\":\"gen9randombattle\",\"seed\":\"sodium,c8c9040589f01a427784551292751ee1\",\"rated\":\"Rated battle\"}\n>player p1 {\"name\":\"Dragonyte\",\"avatar\":\"hoopster\",\"rating\":2059,\"seed\":\"sodium,159cb9fb6621955f59c6b8fcb11be81a\"}\n>player p2 {\"name\":\"Pepe Zombi\",\"avatar\":\"miku-ghost\",\"rating\":2061,\"seed\":\"sodium,73fa73a3131f6bb42df0dc8251060157\"}\n>p1 move stealthrock\n>p2 switch 5\n>p1 switch 2\n>p2 move stealthrock\n>p1 move spikes\n>p2 move heavyslam\n>p1 move destinybond\n>p2 move earthquake\n>p1 switch 3\n>p2 switch 4\n>p1 move glare terastallize\n>p2 move powerwhip\n>p1 move roost\n>p2 move powerwhip\n>p1 move headbutt\n>p2 switch 6\n>p1 switch 2\n>p2 move crunch\n>p1 move rapidspin\n>p2 switch 6\n>p1 move icespinner\n>p2 move knockoff\n>p2 switch 5\n>p1 move icespinner\n>p2 move calmmind\n>p1 move icespinner\n>p2 move rest\n>p1 move icespinner\n>p2 move sleeptalk\n>p1 move icespinner\n>p2 move sleeptalk\n>p1 move icespinner\n>p2 move rest\n>p1 switch 5\n>p2 move sleeptalk\n>p1 move knockoff\n>p2 switch 6\n>p1 move knockoff\n>p2 move toxicspikes\n>p1 move knockoff\n>p2 move toxicspikes\n>p2 switch 2\n>p1 switch 4\n>p2 move quiverdance\n>p1 move calmmind\n>p2 move quiverdance terastallize\n>p1 switch 2\n>p2 move fierydance\n>p1 move glare\n>p2 move fierydance\n>p1 switch 6\n>p1 move outrage\n>p2 move fierydance\n>p1 move outrage\n>p2 move fierydance\n>p1 switch 2\n>p2 switch 3\n>p1 move judgment\n>p2 move swordsdance\n>p1 move judgment\n>p2 move stoneedge\n>p2 switch 6\n>p1 move calmmind\n>p2 move sleeptalk\n>p1 move judgment\n>p2 move calmmind\n>p1 move calmmind\n>p2 move calmmind\n>p1 move judgment\n>p2 move calmmind\n>p1 move judgment\n>p2 move calmmind\n>p1 move judgment\n>p2 move rest\n>p1 switch 4\n>p2 move sleeptalk\n>p1 move knockoff\n>p2 move sleeptalk\n>p1 move knockoff\n>p2 move dragonpulse\n>p1 move knockoff\n>p2 move rest\n>p1 move knockoff\n>p2 move sleeptalk\n>p1 switch 5\n>p1 move icespinner\n>p2 move dragonpulse\n>p1 move icespinner\n>p2 move rest\n>p1 move icespinner\n>p2 move sleeptalk\n>p1 move icespinner\n>p2 move sleeptalk\n>p1 move icespinner\n>p2 move rest\n>p1 move icespinner\n>p2 move sleeptalk\n>p1 switch 4\n>p1 move calmmind\n>p2 move dragonpulse\n>p1 move calmmind\n>p2 move dragonpulse\n>p1 move calmmind\n>p2 move dragonpulse\n>p1 move recover\n>p2 move dragonpulse\n>p1 move recover\n>p2 move dragonpulse\n>p1 move recover\n>p2 move dragonpulse\n>p1 move recover\n>p2 move dragonpulse\n>p1 move calmmind\n>p2 move dragonpulse\n>p1 move recover\n>p2 move dragonpulse\n>p1 move recover\n>p2 move dragonpulse\n>p1 move recover\n>p2 move dragonpulse\n>p1 move judgment\n>p2 move dragonpulse\n>p1 move judgment\n>p2 move dragonpulse", "uploadtime": 1781378688, "views": 7, "formatid": "gen9randombattle", "rating": null, "private": 0, "password": null, "player_dets": [{"name": "Dragonyte", "avatar": "hoopster", "rating": 2059, "seed": "sodium,159cb9fb6621955f59c6b8fcb11be81a"}, {"name": "Pepe Zombi", "avatar": "miku-ghost", "rating": 2061, "seed": "sodium,73fa73a3131f6bb42df0dc8251060157"}], "teams_full": [{"Donphan": {"name": "Donphan", "species": "Donphan", "speciesId": "donphan", "gender": "M", "shiny": false, "level": 84, "moves": ["earthquake", "icespinner", "rapidspin", "stealthrock"], "ability": "Sturdy", "evs": {"hp": 85, "atk": 85, "def": 85, "spa": 85, "spd": 85, "spe": 85}, "ivs": {"hp": 31, "atk": 31, "def": 31, "spa": 31, "spd": 31, "spe": 31}, "item": "Leftovers", "teraType": "Steel", "role": "Bulky Support", "bvs": {"hp": 90, "atk": 120, "def": 120, "spa": 60, "spd": 60, "spe": 50}, "stats": {"hp": 288, "atk": 250, "def": 250, "spa": 149, "spd": 149, "spe": 132}, "types": ["Ground"]}, "Froslass": {"name": "Froslass", "species": "Froslass", "speciesId": "froslass", "gender": "F", "shiny": false, "level": 87, "moves": ["destinybond", "spikes", "tripleaxel", "poltergeist"], "ability": "Cursed Body", "evs": {"hp": 81, "atk": 85, "def": 85, "spa": 85, "spd": 85, "spe": 85}, "ivs": {"hp": 31, "atk": 31, "def": 31, "spa": 31, "spd": 31, "spe": 31}, "item": "Wide Lens", "teraType": "Ghost", "role": "Fast Support", "bvs": {"hp": 70, "atk": 80, "def": 70, "spa": 80, "spd": 70, "spe": 110}, "stats": {"hp": 263, "atk": 189, "def": 172, "spa": 189, "spd": 172, "spe": 241}, "types": ["Ice", "Ghost"]}, "Dudunsparce": {"name": "Dudunsparce", "species": "Dudunsparce-Three-Segment", "speciesId": "dudunsparce", "gender": "F", "shiny": false, "level": 83, "moves": ["roost", "glare", "headbutt", "earthquake"], "ability": "Serene Grace", "evs": {"hp": 85, "atk": 85, "def": 85, "spa": 85, "spd": 85, "spe": 85}, "ivs": {"hp": 31, "atk": 31, "def": 31, "spa": 31, "spd": 31, "spe": 31}, "item": "Leftovers", "teraType": "Ghost", "role": "Bulky Support", "bvs": {"hp": 125, "atk": 100, "def": 80, "spa": 85, "spd": 75, "spe": 55}, "stats": {"hp": 343, "atk": 214, "def": 180, "spa": 189, "spd": 172, "spe": 139}, "types": ["Normal"]}, "Arceus": {"name": "Arceus", "species": "Arceus-Flying", "speciesId": "arceusflying", "gender": "N", "shiny": false, "level": 69, "moves": ["calmmind", "earthpower", "recover", "judgment"], "ability": "Multitype", "evs": {"hp": 81, "atk": 0, "def": 85, "spa": 85, "spd": 85, "spe": 85}, "ivs": {"hp": 31, "atk": 0, "def": 31, "spa": 31, "spd": 31, "spe": 31}, "item": "Sky Plate", "teraType": "Steel", "role": "Bulky Setup", "bvs": {"hp": 120, "atk": 120, "def": 120, "spa": 120, "spd": 120, "spe": 120}, "stats": {"hp": 279, "atk": 170, "def": 206, "spa": 206, "spd": 206, "spe": 206}, "types": ["Flying"]}, "Metagross": {"name": "Metagross", "species": "Metagross", "speciesId": "metagross", "gender": "N", "shiny": false, "level": 79, "moves": ["knockoff", "heavyslam", "psychicfangs", "bulletpunch"], "ability": "Clear Body", "evs": {"hp": 85, "atk": 85, "def": 85, "spa": 85, "spd": 85, "spe": 85}, "ivs": {"hp": 31, "atk": 31, "def": 31, "spa": 31, "spd": 31, "spe": 31}, "item": "Choice Band", "teraType": "Water", "role": "Bulky Support", "bvs": {"hp": 80, "atk": 135, "def": 130, "spa": 95, "spd": 90, "spe": 70}, "stats": {"hp": 256, "atk": 259, "def": 251, "spa": 196, "spd": 188, "spe": 156}, "types": ["Steel", "Psychic"]}, "Roaring Moon": {"name": "Roaring Moon", "species": "Roaring Moon", "speciesId": "roaringmoon", "gender": "N", "shiny": false, "level": 72, "moves": ["knockoff", "outrage", "dragondance", "ironhead"], "ability": "Protosynthesis", "evs": {"hp": 85, "atk": 85, "def": 85, "spa": 85, "spd": 85, "spe": 85}, "ivs": {"hp": 31, "atk": 31, "def": 31, "spa": 31, "spd": 31, "spe": 31}, "item": "Booster Energy", "teraType": "Steel", "role": "Fast Bulky Setup", "bvs": {"hp": 105, "atk": 139, "def": 71, "spa": 55, "spd": 101, "spe": 119}, "stats": {"hp": 270, "atk": 242, "def": 144, "spa": 121, "spd": 187, "spe": 213}, "types": ["Dragon", "Dark"]}}, {"Giratina": {"name": "Giratina", "species": "Giratina", "speciesId": "giratina", "gender": "N", "shiny": false, "level": 75, "moves": ["dragonpulse", "calmmind", "rest", "sleeptalk"], "ability": "Pressure", "evs": {"hp": 85, "atk": 0, "def": 85, "spa": 85, "spd": 85, "spe": 85}, "ivs": {"hp": 31, "atk": 0, "def": 31, "spa": 31, "spd": 31, "spe": 31}, "item": "Leftovers", "teraType": "Fairy", "role": "Bulky Setup", "bvs": {"hp": 150, "atk": 100, "def": 120, "spa": 100, "spd": 120, "spe": 90}, "stats": {"hp": 349, "atk": 155, "def": 224, "spa": 194, "spd": 224, "spe": 179}, "types": ["Ghost", "Dragon"]}, "Volcarona": {"name": "Volcarona", "species": "Volcarona", "speciesId": "volcarona", "gender": "M", "shiny": false, "level": 77, "moves": ["quiverdance", "terablast", "gigadrain", "fierydance"], "ability": "Flame Body", "evs": {"hp": 85, "atk": 0, "def": 85, "spa": 85, "spd": 85, "spe": 85}, "ivs": {"hp": 31, "atk": 0, "def": 31, "spa": 31, "spd": 31, "spe": 31}, "item": "Heavy-Duty Boots", "teraType": "Water", "role": "Tera Blast user", "bvs": {"hp": 85, "atk": 60, "def": 65, "spa": 135, "spd": 105, "spe": 100}, "stats": {"hp": 257, "atk": 97, "def": 145, "spa": 252, "spd": 206, "spe": 199}, "types": ["Bug", "Fire"]}, "Hitmonlee": {"name": "Hitmonlee", "species": "Hitmonlee", "speciesId": "hitmonlee", "gender": "M", "shiny": false, "level": 85, "moves": ["knockoff", "closecombat", "swordsdance", "stoneedge"], "ability": "Unburden", "evs": {"hp": 85, "atk": 85, "def": 85, "spa": 85, "spd": 85, "spe": 85}, "ivs": {"hp": 31, "atk": 31, "def": 31, "spa": 31, "spd": 31, "spe": 31}, "item": "White Herb", "teraType": "Dark", "role": "Setup Sweeper", "bvs": {"hp": 50, "atk": 120, "def": 53, "spa": 35, "spd": 110, "spe": 87}, "stats": {"hp": 224, "atk": 253, "def": 139, "spa": 108, "spd": 236, "spe": 197}, "types": ["Fighting"]}, "Tsareena": {"name": "Tsareena", "species": "Tsareena", "speciesId": "tsareena", "gender": "F", "shiny": false, "level": 87, "moves": ["highjumpkick", "tripleaxel", "knockoff", "powerwhip"], "ability": "Queenly Majesty", "evs": {"hp": 85, "atk": 85, "def": 85, "spa": 85, "spd": 85, "spe": 85}, "ivs": {"hp": 31, "atk": 31, "def": 31, "spa": 31, "spd": 31, "spe": 31}, "item": "Choice Scarf", "teraType": "Fighting", "role": "Fast Support", "bvs": {"hp": 72, "atk": 120, "def": 98, "spa": 50, "spd": 98, "spe": 72}, "stats": {"hp": 267, "atk": 259, "def": 220, "spa": 137, "spd": 220, "spe": 175}, "types": ["Grass"]}, "Mudsdale": {"name": "Mudsdale", "species": "Mudsdale", "speciesId": "mudsdale", "gender": "F", "shiny": false, "level": 83, "moves": ["stoneedge", "stealthrock", "heavyslam", "earthquake"], "ability": "Stamina", "evs": {"hp": 85, "atk": 85, "def": 85, "spa": 85, "spd": 85, "spe": 85}, "ivs": {"hp": 31, "atk": 31, "def": 31, "spa": 31, "spd": 31, "spe": 31}, "item": "Leftovers", "teraType": "Steel", "role": "Bulky Attacker", "bvs": {"hp": 100, "atk": 125, "def": 100, "spa": 55, "spd": 85, "spe": 35}, "stats": {"hp": 302, "atk": 255, "def": 214, "spa": 139, "spd": 189, "spe": 106}, "types": ["Ground"]}, "Qwilfish": {"name": "Qwilfish", "species": "Qwilfish-Hisui", "speciesId": "qwilfishhisui", "gender": "F", "shiny": false, "level": 83, "moves": ["toxicspikes", "taunt", "crunch", "gunkshot"], "ability": "Intimidate", "evs": {"hp": 85, "atk": 85, "def": 85, "spa": 85, "spd": 85, "spe": 85}, "ivs": {"hp": 31, "atk": 31, "def": 31, "spa": 31, "spd": 31, "spe": 31}, "item": "Eviolite", "teraType": "Poison", "role": "Bulky Support", "bvs": {"hp": 65, "atk": 95, "def": 85, "spa": 55, "spd": 55, "spe": 85}, "stats": {"hp": 244, "atk": 205, "def": 189, "spa": 139, "spd": 139, "spe": 189}, "types": ["Dark", "Poison"]}}]}