{"id": "gen9randombattle-2631810406", "format": "[Gen 9] Random Battle", "players": ["lorbolor", "richi98"], "log": "|j|\u2606lorbolor\n|j|\u2606richi98\n|t:|1781442977\n|gametype|singles\n|player|p1|lorbolor|hugh|1533\n|player|p2|richi98|101|1517\n|gen|9\n|tier|[Gen 9] Random Battle\n|rated|\n|rule|Species Clause: Limit one of each Pok\u00e9mon\n|rule|HP Percentage Mod: HP is shown in percentages\n|rule|Sleep Clause Mod: Limit one foe put to sleep\n|rule|Illusion Level Mod: Illusion disguises the Pok\u00e9mon's true level\n|\n|t:|1781442977\n|teamsize|p1|6\n|teamsize|p2|6\n|start\n|switch|p1a: Ribombee|Ribombee, L83, F|235/235\n|switch|p2a: Wo-Chien|Wo-Chien, L83|277/277\n|-ability|p2a: Wo-Chien|Tablets of Ruin\n|turn|1\n|inactive|Battle timer is ON: inactive players will automatically lose when time's up. (requested by lorbolor)\n|\n|t:|1781443015\n|switch|p2a: Noctowl|Noctowl, L95, M|344/344\n|move|p1a: Ribombee|Bug Buzz|p2a: Noctowl\n|-resisted|p2a: Noctowl\n|-damage|p2a: Noctowl|308/344\n|\n|upkeep\n|turn|2\n|\n|t:|1781443037\n|switch|p1a: Bronzong|Bronzong, L88|261/261\n|move|p2a: Noctowl|Calm Mind|p2a: Noctowl\n|-boost|p2a: Noctowl|spa|1\n|-boost|p2a: Noctowl|spd|1\n|\n|upkeep\n|turn|3\n|inactive|richi98 has 120 seconds left.\n|\n|t:|1781443084\n|switch|p2a: Wo-Chien|Wo-Chien, L83|277/277\n|-ability|p2a: Wo-Chien|Tablets of Ruin\n|move|p1a: Bronzong|Hypnosis|p2a: Wo-Chien\n|-status|p2a: Wo-Chien|slp|[from] move: Hypnosis\n|\n|upkeep\n|turn|4\n|inactive|richi98 has 90 seconds left.\n|\n|t:|1781443132\n|switch|p2a: Toedscruel|Toedscruel, L87, M|281/281\n|switch|p1a: Ribombee|Ribombee, L83, F|235/235\n|\n|upkeep\n|turn|5\n|\n|t:|1781443151\n|move|p1a: Ribombee|Bug Buzz|p2a: Toedscruel\n|-supereffective|p2a: Toedscruel\n|-damage|p2a: Toedscruel|137/281\n|move|p2a: Toedscruel|Spore|p1a: Ribombee\n|-status|p1a: Ribombee|slp|[from] move: Spore\n|\n|-heal|p2a: Toedscruel|154/281|[from] item: Leftovers\n|upkeep\n|turn|6\n|\n|t:|1781443165\n|switch|p2a: Espathra|Espathra, L80, F|283/283\n|cant|p1a: Ribombee|slp\n|\n|upkeep\n|turn|7\n|\n|t:|1781443181\n|switch|p1a: Wugtrio|Wugtrio, L91, M|212/212\n|move|p2a: Espathra|Calm Mind|p2a: Espathra\n|-boost|p2a: Espathra|spa|1\n|-boost|p2a: Espathra|spd|1\n|\n|-ability|p2a: Espathra|Speed Boost|boost\n|-boost|p2a: Espathra|spe|1\n|upkeep\n|turn|8\n|\n|t:|1781443196\n|move|p2a: Espathra|Protect|p2a: Espathra\n|-singleturn|p2a: Espathra|Protect\n|move|p1a: Wugtrio|Throat Chop|p2a: Espathra\n|-activate|p2a: Espathra|move: Protect\n|\n|-ability|p2a: Espathra|Speed Boost|boost\n|-boost|p2a: Espathra|spe|1\n|upkeep\n|turn|9\n|inactive|richi98 has 60 seconds left.\n|\n|t:|1781443211\n|-terastallize|p2a: Espathra|Fairy\n|move|p2a: Espathra|Calm Mind|p2a: Espathra\n|-boost|p2a: Espathra|spa|1\n|-boost|p2a: Espathra|spd|1\n|move|p1a: Wugtrio|Throat Chop|p2a: Espathra\n|-resisted|p2a: Espathra\n|-damage|p2a: Espathra|214/283\n|-start|p2a: Espathra|Throat Chop|[silent]\n|\n|-heal|p2a: Espathra|231/283|[from] item: Leftovers\n|-ability|p2a: Espathra|Speed Boost|boost\n|-boost|p2a: Espathra|spe|1\n|upkeep\n|turn|10\n|inactive|richi98 has 60 seconds left.\n|\n|t:|1781443230\n|switch|p1a: Glalie|Glalie, L96, M|309/309\n|move|p2a: Espathra|Calm Mind|p2a: Espathra\n|-boost|p2a: Espathra|spa|1\n|-boost|p2a: Espathra|spd|1\n|\n|-heal|p2a: Espathra|248/283|[from] item: Leftovers\n|-end|p2a: Espathra|Throat Chop|[silent]\n|-ability|p2a: Espathra|Speed Boost|boost\n|-boost|p2a: Espathra|spe|1\n|upkeep\n|turn|11\n|inactive|richi98 has 60 seconds left.\n|\n|t:|1781443246\n|move|p2a: Espathra|Stored Power|p1a: Glalie\n|-crit|p1a: Glalie\n|-damage|p1a: Glalie|0 fnt\n|faint|p1a: Glalie\n|\n|-heal|p2a: Espathra|265/283|[from] item: Leftovers\n|-ability|p2a: Espathra|Speed Boost|boost\n|-boost|p2a: Espathra|spe|1\n|upkeep\n|\n|t:|1781443257\n|switch|p1a: Luvdisc|Luvdisc, F|247/247\n|turn|12\n|inactive|richi98 has 60 seconds left.\n|\n|t:|1781443264\n|move|p2a: Espathra|Stored Power|p1a: Luvdisc\n|-damage|p1a: Luvdisc|0 fnt\n|faint|p1a: Luvdisc\n|\n|-heal|p2a: Espathra|282/283|[from] item: Leftovers\n|-ability|p2a: Espathra|Speed Boost|boost\n|-boost|p2a: Espathra|spe|1\n|upkeep\n|\n|t:|1781443271\n|switch|p1a: Electivire|Electivire, L84, M|263/263\n|turn|13\n|\n|t:|1781443276\n|move|p2a: Espathra|Stored Power|p1a: Electivire\n|-damage|p1a: Electivire|0 fnt\n|faint|p1a: Electivire\n|\n|-heal|p2a: Espathra|283/283|[from] item: Leftovers\n|upkeep\n|-message|lorbolor forfeited.\n|\n|win|richi98\n|raw|lorbolor's rating: 1533 &rarr; <strong>1512</strong><br />(-21 for losing)\n|raw|richi98's rating: 1517 &rarr; <strong>1538</strong><br />(+21 for winning)\n|l|\u2606lorbolor\n|player|p1|\n", "inputlog": ">version a8376a258c1d4662feba110a92103f3664a72141\n>start {\"formatid\":\"gen9randombattle\",\"seed\":\"sodium,b4f7e64056c8b08ffddb741a1a6baf29\",\"rated\":\"Rated battle\"}\n>player p1 {\"name\":\"lorbolor\",\"avatar\":\"hugh\",\"rating\":1533,\"seed\":\"sodium,5a43e13d33208d5efd1c5a2134849714\"}\n>player p2 {\"name\":\"richi98\",\"avatar\":\"101\",\"rating\":1517,\"seed\":\"sodium,7d4d241ca66db34ec071067207fd1f92\"}\n>p1 move bugbuzz\n>p2 switch 5\n>p1 switch 6\n>p2 move calmmind\n>p1 move hypnosis\n>p2 switch 5\n>p1 switch 6\n>p2 switch 2\n>p1 move bugbuzz\n>p2 move spore\n>p1 move quiverdance\n>p2 switch 6\n>p1 switch 5\n>p2 move calmmind\n>p1 move throatchop\n>p2 move protect\n>p1 move throatchop\n>p2 move calmmind terastallize\n>p1 switch 3\n>p2 move calmmind\n>p1 move earthquake\n>p2 move storedpower\n>p1 switch 2\n>p1 move endeavor\n>p2 move storedpower\n>p1 switch 4\n>p1 move supercellslam\n>p2 move storedpower\n>forcelose p1", "uploadtime": 1781443293, "views": 12, "formatid": "gen9randombattle", "rating": 1512, "private": 0, "password": null}