{"id": "gen9randombattle-2631911177", "format": "[Gen 9] Random Battle", "players": ["slimeygang", "thatdankcharizard"], "log": "|j|\u2606slimeygang\n|j|\u2606thatdankcharizard\n|t:|1781454756\n|gametype|singles\n|player|p1|slimeygang|#orascliizekroms|2122\n|player|p2|thatdankcharizard|266|2075\n|gen|9\n|tier|[Gen 9] Random Battle\n|rated|\n|rule|Species Clause: Limit one of each Pok\u00e9mon\n|rule|HP Percentage Mod: HP is shown in percentages\n|rule|Sleep Clause Mod: Limit one foe put to sleep\n|rule|Illusion Level Mod: Illusion disguises the Pok\u00e9mon's true level\n|\n|t:|1781454756\n|teamsize|p1|6\n|teamsize|p2|6\n|start\n|switch|p1a: Houndstone|Houndstone, L86, M|264/264\n|switch|p2a: Regirock|Regirock, L83|268/268\n|turn|1\n|inactive|Battle timer is ON: inactive players will automatically lose when time's up. (requested by thatdankcharizard)\n|inactive|slimeygang has 120 seconds left.\n|\n|t:|1781454810\n|switch|p1a: Mismagius|Mismagius, L86, F|243/243\n|move|p2a: Regirock|Stone Edge|p1a: Mismagius\n|-damage|p1a: Mismagius|110/243\n|\n|upkeep\n|turn|2\n|\n|t:|1781454834\n|switch|p2a: Electrode|Electrode-Hisui, L87|246/246\n|move|p1a: Mismagius|Energy Ball|p2a: Electrode\n|-resisted|p2a: Electrode\n|-damage|p2a: Electrode|192/246\n|-unboost|p2a: Electrode|spd|1\n|\n|-heal|p2a: Electrode|207/246|[from] item: Leftovers\n|upkeep\n|turn|3\n|\n|t:|1781454848\n|switch|p1a: Dragalge|Dragalge, L88, M|258/258\n|move|p2a: Electrode|Thunderbolt|p1a: Dragalge\n|-resisted|p1a: Dragalge\n|-damage|p1a: Dragalge|228/258\n|\n|-heal|p2a: Electrode|222/246|[from] item: Leftovers\n|-heal|p1a: Dragalge|244/258|[from] item: Leftovers\n|upkeep\n|turn|4\n|\n|t:|1781454861\n|switch|p2a: Regirock|Regirock, L83|268/268\n|move|p1a: Dragalge|Sludge Wave|p2a: Regirock\n|-resisted|p2a: Regirock\n|-damage|p2a: Regirock|204/268\n|\n|-heal|p1a: Dragalge|258/258|[from] item: Leftovers\n|upkeep\n|turn|5\n|\n|t:|1781454868\n|move|p2a: Regirock|Stone Edge|p1a: Dragalge\n|-damage|p1a: Dragalge|155/258\n|move|p1a: Dragalge|Focus Blast|p2a: Regirock\n|-supereffective|p2a: Regirock\n|-damage|p2a: Regirock|22/268\n|\n|-heal|p1a: Dragalge|171/258|[from] item: Leftovers\n|upkeep\n|turn|6\n|\n|t:|1781454875\n|move|p2a: Regirock|Rest|p2a: Regirock\n|-status|p2a: Regirock|slp|[from] move: Rest\n|-heal|p2a: Regirock|268/268 slp|[silent]\n|-enditem|p2a: Regirock|Chesto Berry|[eat]\n|-curestatus|p2a: Regirock|slp|[msg]\n|move|p1a: Dragalge|Focus Blast|p2a: Regirock\n|-supereffective|p2a: Regirock\n|-damage|p2a: Regirock|92/268\n|\n|-heal|p1a: Dragalge|187/258|[from] item: Leftovers\n|upkeep\n|turn|7\n|\n|t:|1781454880\n|move|p2a: Regirock|Stone Edge|p1a: Dragalge\n|-damage|p1a: Dragalge|93/258\n|move|p1a: Dragalge|Draco Meteor|p2a: Regirock\n|-damage|p2a: Regirock|0 fnt\n|-unboost|p1a: Dragalge|spa|2\n|faint|p2a: Regirock\n|\n|-heal|p1a: Dragalge|109/258|[from] item: Leftovers\n|upkeep\n|\n|t:|1781454887\n|switch|p2a: Oricorio|Oricorio-Pa'u, L87, F|272/272\n|turn|8\n|\n|t:|1781454900\n|move|p2a: Oricorio|Revelation Dance|p1a: Dragalge\n|-supereffective|p1a: Dragalge\n|-damage|p1a: Dragalge|0 fnt\n|faint|p1a: Dragalge\n|\n|upkeep\n|\n|t:|1781454908\n|switch|p1a: Houndstone|Houndstone, L86, M|264/264\n|turn|9\n|\n|t:|1781454933\n|move|p2a: Oricorio|Revelation Dance|p1a: Houndstone\n|-damage|p1a: Houndstone|195/264\n|move|p1a: Houndstone|Poltergeist|p2a: Oricorio\n|-activate|p2a: Oricorio|move: Poltergeist|Heavy-Duty Boots\n|-supereffective|p2a: Oricorio\n|-damage|p2a: Oricorio|0 fnt\n|faint|p2a: Oricorio\n|\n|upkeep\n|\n|t:|1781454937\n|switch|p2a: Kyogre|Kyogre, L71|259/259\n|-weather|RainDance|[from] ability: Drizzle|[of] p2a: Kyogre\n|turn|10\n|\n|t:|1781454943\n|move|p2a: Kyogre|Water Spout|p1a: Houndstone\n|-damage|p1a: Houndstone|47/264\n|move|p1a: Houndstone|Poltergeist|p2a: Kyogre\n|-activate|p2a: Kyogre|move: Poltergeist|Choice Scarf\n|-damage|p2a: Kyogre|112/259\n|\n|-weather|RainDance|[upkeep]\n|upkeep\n|turn|11\n|\n|t:|1781454947\n|switch|p1a: Lapras|Lapras, L87, F|367/367\n|move|p2a: Kyogre|Water Spout|p1a: Lapras\n|-immune|p1a: Lapras|[from] ability: Water Absorb\n|\n|-weather|RainDance|[upkeep]\n|upkeep\n|turn|12\n|\n|t:|1781454959\n|switch|p2a: Virizion|Virizion, L82|283/283\n|move|p1a: Lapras|Dragon Dance|p1a: Lapras\n|-boost|p1a: Lapras|atk|1\n|-boost|p1a: Lapras|spe|1\n|\n|-weather|RainDance|[upkeep]\n|upkeep\n|turn|13\n|l|\u2606thatdankcharizard\n|inactive|thatdankcharizard disconnected and has a minute to reconnect!\n|player|p2|\n|j|\u2606thatdankcharizard\n|inactive|thatdankcharizard reconnected and has 125 seconds left.\n|player|p2|thatdankcharizard|266|\n|inactive|thatdankcharizard has 120 seconds left.\n|\n|t:|1781454999\n|switch|p1a: Houndstone|Houndstone, L86, M|47/264\n|-terastallize|p2a: Virizion|Rock\n|move|p2a: Virizion|Stone Edge|p1a: Houndstone\n|-damage|p1a: Houndstone|0 fnt\n|faint|p1a: Houndstone\n|-damage|p2a: Virizion|255/283|[from] item: Life Orb\n|\n|-weather|RainDance|[upkeep]\n|upkeep\n|\n|t:|1781455012\n|switch|p1a: Mismagius|Mismagius, L86, F|110/243\n|turn|14\n|\n|t:|1781455023\n|switch|p2a: Electrode|Electrode-Hisui, L87|222/246\n|move|p1a: Mismagius|Shadow Ball|p2a: Electrode\n|-damage|p2a: Electrode|84/246\n|\n|-weather|none\n|-heal|p2a: Electrode|99/246|[from] item: Leftovers\n|upkeep\n|turn|15\n|\n|t:|1781455030\n|move|p2a: Electrode|Thunderbolt|p1a: Mismagius\n|-crit|p1a: Mismagius\n|-damage|p1a: Mismagius|0 fnt\n|faint|p1a: Mismagius\n|\n|-heal|p2a: Electrode|114/246|[from] item: Leftovers\n|upkeep\n|\n|t:|1781455034\n|switch|p1a: Galvantula|Galvantula, L82, F|249/249\n|turn|16\n|\n|t:|1781455040\n|move|p2a: Electrode|Leech Seed|p1a: Galvantula\n|-start|p1a: Galvantula|move: Leech Seed\n|move|p1a: Galvantula|Volt Switch|p2a: Electrode\n|-resisted|p2a: Electrode\n|-damage|p2a: Electrode|98/246\n|\n|t:|1781455044\n|switch|p1a: Mienshao|Mienshao, L83, F|243/243|[from] Volt Switch\n|\n|-heal|p2a: Electrode|113/246|[from] item: Leftovers\n|upkeep\n|turn|17\n|\n|t:|1781455055\n|switch|p2a: Zacian|Zacian, L69|241/241\n|-ability|p2a: Zacian|Intrepid Sword|boost\n|-boost|p2a: Zacian|atk|1\n|move|p1a: Mienshao|U-turn|p2a: Zacian\n|-resisted|p2a: Zacian\n|-damage|p2a: Zacian|199/241\n|\n|t:|1781455059\n|switch|p1a: Galvantula|Galvantula, L82, F|249/249|[from] U-turn\n|\n|upkeep\n|turn|18\n|\n|t:|1781455063\n|move|p2a: Zacian|Play Rough|p1a: Galvantula\n|-damage|p1a: Galvantula|30/249\n|move|p1a: Galvantula|Thunder|p2a: Zacian\n|-damage|p2a: Zacian|81/241\n|-status|p2a: Zacian|par\n|\n|upkeep\n|turn|19\n|\n|t:|1781455067\n|move|p1a: Galvantula|Sticky Web|p2a: Zacian\n|-sidestart|p2: thatdankcharizard|move: Sticky Web\n|move|p2a: Zacian|Play Rough|p1a: Galvantula\n|-crit|p1a: Galvantula\n|-damage|p1a: Galvantula|0 fnt\n|faint|p1a: Galvantula\n|\n|upkeep\n|\n|t:|1781455072\n|switch|p1a: Mienshao|Mienshao, L83, F|243/243\n|turn|20\n|\n|t:|1781455076\n|move|p1a: Mienshao|High Jump Kick|p2a: Zacian\n|-resisted|p2a: Zacian\n|-damage|p2a: Zacian|0 fnt\n|faint|p2a: Zacian\n|\n|upkeep\n|\n|t:|1781455085\n|switch|p2a: Electrode|Electrode-Hisui, L87|113/246\n|-activate|p2a: Electrode|move: Sticky Web\n|-unboost|p2a: Electrode|spe|1\n|turn|21\n|\n|t:|1781455093\n|move|p1a: Mienshao|High Jump Kick|p2a: Electrode\n|-damage|p2a: Electrode|0 fnt\n|faint|p2a: Electrode\n|\n|upkeep\n|\n|t:|1781455099\n|switch|p2a: Virizion|Virizion, L82, tera:Rock|255/283\n|-activate|p2a: Virizion|move: Sticky Web\n|-unboost|p2a: Virizion|spe|1\n|turn|22\n|\n|t:|1781455109\n|move|p1a: Mienshao|High Jump Kick|p2a: Virizion\n|-supereffective|p2a: Virizion\n|-damage|p2a: Virizion|0 fnt\n|faint|p2a: Virizion\n|\n|upkeep\n|\n|t:|1781455112\n|switch|p2a: Kyogre|Kyogre, L71|112/259\n|-activate|p2a: Kyogre|move: Sticky Web\n|-unboost|p2a: Kyogre|spe|1\n|-weather|RainDance|[from] ability: Drizzle|[of] p2a: Kyogre\n|turn|23\n|\n|t:|1781455113\n|move|p1a: Mienshao|High Jump Kick|p2a: Kyogre\n|-damage|p2a: Kyogre|0 fnt\n|faint|p2a: Kyogre\n|\n|win|slimeygang\n", "inputlog": ">version a8376a258c1d4662feba110a92103f3664a72141\n>start {\"formatid\":\"gen9randombattle\",\"seed\":\"sodium,dfb50681ef3d67c7ed34a5d87f9844ef\",\"rated\":\"Rated battle\"}\n>player p1 {\"name\":\"slimeygang\",\"avatar\":\"#orascliizekroms\",\"rating\":2122,\"seed\":\"sodium,49fa72cc22dff97a8ac94b77a4efc006\"}\n>player p2 {\"name\":\"thatdankcharizard\",\"avatar\":\"266\",\"rating\":2075,\"seed\":\"sodium,6022ae2bbb19faf6f7dea666280ae945\"}\n>p1 switch 4\n>p2 move stoneedge\n>p1 move energyball\n>p2 switch 5\n>p1 switch 2\n>p2 move thunderbolt\n>p1 move sludgewave\n>p2 switch 5\n>p1 move focusblast\n>p2 move stoneedge\n>p1 move focusblast\n>p2 move rest\n>p1 move dracometeor\n>p2 move stoneedge\n>p2 switch 4\n>p1 move toxic\n>p2 move revelationdance\n>p1 switch 4\n>p1 move poltergeist\n>p2 move revelationdance\n>p2 switch 2\n>p1 move poltergeist\n>p2 move waterspout\n>p1 switch 3\n>p2 move waterspout\n>p1 move dragondance\n>p2 switch 3\n>p1 switch 3\n>p2 move stoneedge terastallize\n>p1 switch 2\n>p1 move shadowball\n>p2 switch 5\n>p1 move shadowball\n>p2 move thunderbolt\n>p1 switch 5\n>p1 move voltswitch\n>p2 move leechseed\n>p1 switch 6\n>p1 move uturn\n>p2 switch 6\n>p1 switch 6\n>p1 move thunder\n>p2 move playrough\n>p1 move stickyweb\n>p2 move playrough\n>p1 switch 6\n>p1 move highjumpkick\n>p2 move playrough\n>p2 switch 6\n>p1 move highjumpkick\n>p2 move thunderbolt\n>p2 switch 5\n>p1 move highjumpkick\n>p2 move closecombat\n>p2 switch 3\n>p1 move highjumpkick\n>p2 move thunder", "uploadtime": 1781454758, "views": 5, "formatid": "gen9randombattle", "rating": null, "private": 0, "password": null}