{"id": "gen9randombattle-2631966731", "format": "[Gen 9] Random Battle", "players": ["marper8", "varllyam"], "log": "|j|\u2606marper8\n|j|\u2606varllyam\n|t:|1781460818\n|gametype|singles\n|player|p1|marper8|265|2089\n|player|p2|varllyam|170|2128\n|gen|9\n|tier|[Gen 9] Random Battle\n|rated|\n|rule|Species Clause: Limit one of each Pok\u00e9mon\n|rule|HP Percentage Mod: HP is shown in percentages\n|rule|Sleep Clause Mod: Limit one foe put to sleep\n|rule|Illusion Level Mod: Illusion disguises the Pok\u00e9mon's true level\n|\n|t:|1781460818\n|teamsize|p1|6\n|teamsize|p2|6\n|start\n|switch|p1a: Serperior|Serperior, L79, M|248/248\n|switch|p2a: Rayquaza|Rayquaza, L72|270/270\n|-ability|p2a: Rayquaza|Air Lock\n|turn|1\n|\n|t:|1781460822\n|switch|p1a: Hypno|Hypno, L95, M|315/315\n|move|p2a: Rayquaza|Dragon Dance|p2a: Rayquaza\n|-boost|p2a: Rayquaza|atk|1\n|-boost|p2a: Rayquaza|spe|1\n|\n|upkeep\n|turn|2\n|inactive|Battle timer is ON: inactive players will automatically lose when time's up. (requested by marper8)\n|\n|t:|1781460830\n|switch|p2a: Gholdengo|Gholdengo, L77|261/261\n|move|p1a: Hypno|Toxic|p2a: Gholdengo\n|-immune|p2a: Gholdengo|[from] ability: Good as Gold\n|\n|upkeep\n|turn|3\n|\n|t:|1781460834\n|switch|p1a: Pikachu|Pikachu-World, L93, F|216/216\n|move|p2a: Gholdengo|Nasty Plot|p2a: Gholdengo\n|-boost|p2a: Gholdengo|spa|2\n|\n|upkeep\n|turn|4\n|\n|t:|1781460841\n|switch|p2a: Raichu|Raichu, L88, M|249/249\n|move|p1a: Pikachu|Volt Tackle|p2a: Raichu\n|-ability|p2a: Raichu|Lightning Rod|boost\n|-boost|p2a: Raichu|spa|1\n|\n|upkeep\n|turn|5\n|\n|t:|1781460848\n|move|p2a: Raichu|Surf|p1a: Pikachu\n|-damage|p1a: Pikachu|23/216\n|move|p1a: Pikachu|Surf|p2a: Raichu\n|-damage|p2a: Raichu|155/249\n|\n|upkeep\n|turn|6\n|\n|t:|1781460850\n|move|p2a: Raichu|Surf|p1a: Pikachu\n|-damage|p1a: Pikachu|0 fnt\n|faint|p1a: Pikachu\n|\n|upkeep\n|\n|t:|1781460854\n|switch|p1a: Hypno|Hypno, L95, M|315/315\n|turn|7\n|\n|t:|1781460866\n|move|p2a: Raichu|Surf|p1a: Hypno\n|-damage|p1a: Hypno|213/315\n|move|p1a: Hypno|Psychic Noise|p2a: Raichu\n|-damage|p2a: Raichu|70/249\n|-start|p2a: Raichu|move: Heal Block\n|\n|-heal|p1a: Hypno|232/315|[from] item: Leftovers\n|upkeep\n|turn|8\n|\n|t:|1781460870\n|switch|p2a: Gholdengo|Gholdengo, L77|261/261\n|move|p1a: Hypno|Psychic Noise|p2a: Gholdengo\n|-resisted|p2a: Gholdengo\n|-damage|p2a: Gholdengo|219/261\n|-start|p2a: Gholdengo|move: Heal Block\n|\n|-heal|p1a: Hypno|251/315|[from] item: Leftovers\n|upkeep\n|turn|9\n|\n|t:|1781460873\n|switch|p1a: Salazzle|Salazzle, L83, F|249/249\n|move|p2a: Gholdengo|Nasty Plot|p2a: Gholdengo\n|-boost|p2a: Gholdengo|spa|2\n|\n|-end|p2a: Gholdengo|move: Heal Block\n|upkeep\n|turn|10\n|\n|t:|1781460879\n|move|p1a: Salazzle|Flamethrower|p2a: Gholdengo\n|-supereffective|p2a: Gholdengo\n|-damage|p2a: Gholdengo|0 fnt\n|faint|p2a: Gholdengo\n|\n|upkeep\n|\n|t:|1781460887\n|switch|p2a: Gardevoir|Gardevoir, L83, M|249/249\n|-ability|p2a: Gardevoir|Corrosion|Trace|[from] ability: Trace|[of] p1a: Salazzle\n|turn|11\n|\n|t:|1781460891\n|move|p1a: Salazzle|Protect|p1a: Salazzle\n|-singleturn|p1a: Salazzle|Protect\n|move|p2a: Gardevoir|Psychic|p1a: Salazzle\n|-activate|p1a: Salazzle|move: Protect\n|\n|upkeep\n|turn|12\n|\n|t:|1781460894\n|switch|p2a: Raichu|Raichu, L88, M|70/249\n|switch|p1a: Hypno|Hypno, L95, M|251/315\n|\n|-heal|p1a: Hypno|270/315|[from] item: Leftovers\n|upkeep\n|turn|13\n|\n|t:|1781460896\n|move|p2a: Raichu|Thunderbolt|p1a: Hypno\n|-damage|p1a: Hypno|164/315\n|move|p1a: Hypno|Psychic Noise|p2a: Raichu\n|-damage|p2a: Raichu|0 fnt\n|faint|p2a: Raichu\n|\n|-heal|p1a: Hypno|183/315|[from] item: Leftovers\n|upkeep\n|\n|t:|1781460901\n|switch|p2a: Hitmonlee|Hitmonlee, L85, M|223/223\n|turn|14\n|\n|t:|1781460904\n|move|p2a: Hitmonlee|Knock Off|p1a: Hypno\n|-supereffective|p1a: Hypno\n|-damage|p1a: Hypno|0 fnt\n|-enditem|p1a: Hypno|Leftovers|[from] move: Knock Off|[of] p2a: Hitmonlee\n|faint|p1a: Hypno\n|\n|upkeep\n|\n|t:|1781460906\n|switch|p1a: Ogerpon|Ogerpon, L80, F|259/259\n|turn|15\n|\n|t:|1781460911\n|move|p1a: Ogerpon|Ivy Cudgel|p2a: Hitmonlee\n|-damage|p2a: Hitmonlee|5/223\n|-damage|p1a: Ogerpon|234/259|[from] item: Life Orb\n|move|p2a: Hitmonlee|Knock Off|p1a: Ogerpon\n|-damage|p1a: Ogerpon|89/259\n|-enditem|p1a: Ogerpon|Life Orb|[from] move: Knock Off|[of] p2a: Hitmonlee\n|\n|upkeep\n|turn|16\n|\n|t:|1781460915\n|move|p1a: Ogerpon|Knock Off|p2a: Hitmonlee\n|-resisted|p2a: Hitmonlee\n|-damage|p2a: Hitmonlee|0 fnt\n|-enditem|p2a: Hitmonlee|Choice Band|[from] move: Knock Off|[of] p1a: Ogerpon\n|faint|p2a: Hitmonlee\n|\n|upkeep\n|\n|t:|1781460917\n|switch|p2a: Rayquaza|Rayquaza, L72|270/270\n|-ability|p2a: Rayquaza|Air Lock\n|turn|17\n|\n|t:|1781460921\n|move|p1a: Ogerpon|Knock Off|p2a: Rayquaza\n|-damage|p2a: Rayquaza|186/270\n|-enditem|p2a: Rayquaza|Heavy-Duty Boots|[from] move: Knock Off|[of] p1a: Ogerpon\n|move|p2a: Rayquaza|Dragon Dance|p2a: Rayquaza\n|-boost|p2a: Rayquaza|atk|1\n|-boost|p2a: Rayquaza|spe|1\n|\n|upkeep\n|turn|18\n|\n|t:|1781460925\n|move|p2a: Rayquaza|Dragon Dance|p2a: Rayquaza\n|-boost|p2a: Rayquaza|atk|1\n|-boost|p2a: Rayquaza|spe|1\n|move|p1a: Ogerpon|Knock Off|p2a: Rayquaza\n|-damage|p2a: Rayquaza|124/270\n|\n|upkeep\n|turn|19\n|\n|t:|1781460931\n|move|p2a: Rayquaza|Dragon Ascent|p1a: Ogerpon\n|-supereffective|p1a: Ogerpon\n|-damage|p1a: Ogerpon|0 fnt\n|-unboost|p2a: Rayquaza|def|1\n|-unboost|p2a: Rayquaza|spd|1\n|faint|p1a: Ogerpon\n|\n|upkeep\n|\n|t:|1781460933\n|switch|p1a: Serperior|Serperior, L79, M|248/248\n|turn|20\n|\n|t:|1781460936\n|move|p2a: Rayquaza|Earthquake|p1a: Serperior\n|-resisted|p1a: Serperior\n|-damage|p1a: Serperior|176/248\n|move|p1a: Serperior|Dragon Pulse|p2a: Rayquaza\n|-supereffective|p2a: Rayquaza\n|-damage|p2a: Rayquaza|0 fnt\n|faint|p2a: Rayquaza\n|-damage|p1a: Serperior|152/248|[from] item: Life Orb\n|\n|upkeep\n|\n|t:|1781460941\n|switch|p2a: Gardevoir|Gardevoir, L83, M|249/249\n|-ability|p2a: Gardevoir|Contrary|Trace|[from] ability: Trace|[of] p1a: Serperior\n|turn|21\n|\n|t:|1781460943\n|move|p2a: Gardevoir|Psychic|p1a: Serperior\n|-damage|p1a: Serperior|32/248\n|move|p1a: Serperior|Glare|p2a: Gardevoir\n|-status|p2a: Gardevoir|par\n|\n|upkeep\n|turn|22\n|\n|t:|1781460951\n|move|p1a: Serperior|Synthesis|p1a: Serperior\n|-heal|p1a: Serperior|156/248\n|move|p2a: Gardevoir|Psychic|p1a: Serperior\n|-damage|p1a: Serperior|50/248\n|\n|upkeep\n|turn|23\n|\n|t:|1781460960\n|move|p1a: Serperior|Synthesis|p1a: Serperior\n|-heal|p1a: Serperior|174/248\n|move|p2a: Gardevoir|Psychic|p1a: Serperior\n|-crit|p1a: Serperior\n|-damage|p1a: Serperior|3/248\n|\n|upkeep\n|turn|24\n|\n|t:|1781460966\n|switch|p2a: Raging Bolt|Raging Bolt, L78|323/323\n|move|p1a: Serperior|Synthesis|p1a: Serperior\n|-heal|p1a: Serperior|127/248\n|\n|upkeep\n|turn|25\n|\n|t:|1781460970\n|move|p1a: Serperior|Leaf Storm|p2a: Raging Bolt\n|-resisted|p2a: Raging Bolt\n|-damage|p2a: Raging Bolt|257/323\n|-boost|p1a: Serperior|spa|2\n|-damage|p1a: Serperior|103/248|[from] item: Life Orb\n|move|p2a: Raging Bolt|Calm Mind|p2a: Raging Bolt\n|-boost|p2a: Raging Bolt|spa|1\n|-boost|p2a: Raging Bolt|spd|1\n|\n|-heal|p2a: Raging Bolt|277/323|[from] item: Leftovers\n|upkeep\n|turn|26\n|\n|t:|1781460977\n|move|p1a: Serperior|Dragon Pulse|p2a: Raging Bolt\n|-supereffective|p2a: Raging Bolt\n|-damage|p2a: Raging Bolt|100/323\n|-damage|p1a: Serperior|79/248|[from] item: Life Orb\n|move|p2a: Raging Bolt|Calm Mind|p2a: Raging Bolt\n|-boost|p2a: Raging Bolt|spa|1\n|-boost|p2a: Raging Bolt|spd|1\n|\n|-heal|p2a: Raging Bolt|120/323|[from] item: Leftovers\n|upkeep\n|turn|27\n|\n|t:|1781460980\n|-terastallize|p2a: Raging Bolt|Electric\n|move|p2a: Raging Bolt|Thunderclap|p1a: Serperior\n|-resisted|p1a: Serperior\n|-damage|p1a: Serperior|0 fnt\n|faint|p1a: Serperior\n|\n|-heal|p2a: Raging Bolt|140/323|[from] item: Leftovers\n|upkeep\n|\n|t:|1781460989\n|switch|p1a: Salazzle|Salazzle, L83, F|249/249\n|turn|28\n|\n|t:|1781460993\n|move|p1a: Salazzle|Toxic|p2a: Raging Bolt\n|-status|p2a: Raging Bolt|tox\n|move|p2a: Raging Bolt|Thunderbolt|p1a: Salazzle\n|-damage|p1a: Salazzle|0 fnt\n|faint|p1a: Salazzle\n|\n|-heal|p2a: Raging Bolt|160/323 tox|[from] item: Leftovers\n|-damage|p2a: Raging Bolt|140/323 tox|[from] psn\n|upkeep\n|\n|t:|1781460995\n|switch|p1a: Gengar|Gengar, L81, M|230/230\n|turn|29\n|\n|t:|1781460997\n|move|p2a: Raging Bolt|Thunderclap|p1a: Gengar\n|-damage|p1a: Gengar|0 fnt\n|faint|p1a: Gengar\n|\n|win|varllyam\n", "uploadtime": 1781460820, "views": 3, "formatid": "gen9randombattle", "rating": null, "private": 0, "password": null}