{"id": "gen9randombattle-2631529890", "format": "[Gen 9] Random Battle", "players": ["xd(new pc)", "Gurry0ak"], "log": "|j|\u2606xd(new pc)\n|j|\u2606Gurry0ak\n|t:|1781397185\n|gametype|singles\n|player|p1|xd(new pc)|flannery|1809\n|player|p2|Gurry0ak|blue|1824\n|gen|9\n|tier|[Gen 9] Random Battle\n|rated|\n|rule|Species Clause: Limit one of each Pok\u00e9mon\n|rule|HP Percentage Mod: HP is shown in percentages\n|rule|Sleep Clause Mod: Limit one foe put to sleep\n|rule|Illusion Level Mod: Illusion disguises the Pok\u00e9mon's true level\n|\n|t:|1781397185\n|teamsize|p1|6\n|teamsize|p2|6\n|start\n|switch|p1a: Skuntank|Skuntank, L84, M|310/310\n|switch|p2a: Falinks|Falinks, L84|246/246\n|turn|1\n|inactive|Battle timer is ON: inactive players will automatically lose when time's up. (requested by xd(new pc))\n|inactive|Gurry0ak has 120 seconds left.\n|\n|t:|1781397217\n|move|p1a: Skuntank|Gunk Shot|p2a: Falinks\n|-crit|p2a: Falinks\n|-damage|p2a: Falinks|71/246\n|-status|p2a: Falinks|psn\n|move|p2a: Falinks|No Retreat|p2a: Falinks\n|-boost|p2a: Falinks|atk|1\n|-boost|p2a: Falinks|def|1\n|-boost|p2a: Falinks|spa|1\n|-boost|p2a: Falinks|spd|1\n|-boost|p2a: Falinks|spe|1\n|-start|p2a: Falinks|move: No Retreat\n|\n|-damage|p2a: Falinks|41/246 psn|[from] psn\n|upkeep\n|turn|2\n|\n|t:|1781397221\n|move|p1a: Skuntank|Sucker Punch|p2a: Falinks\n|-resisted|p2a: Falinks\n|-crit|p2a: Falinks\n|-damage|p2a: Falinks|0 fnt\n|faint|p2a: Falinks\n|\n|upkeep\n|c|\u2606Gurry0ak|Wow just wow\n|inactive|Gurry0ak has 120 seconds left.\n|c|\u2606Gurry0ak|Actually.1% luck\n|c|\u2606Gurry0ak|two crits and a poison\n|inactive|Gurry0ak has 90 seconds left.\n|\n|t:|1781397287\n|switch|p2a: Orthworm|Orthworm, L88, M|266/266\n|turn|3\n|\n|t:|1781397289\n|move|p1a: Skuntank|Fire Blast|p2a: Orthworm\n|-supereffective|p2a: Orthworm\n|-damage|p2a: Orthworm|94/266\n|-status|p2a: Orthworm|brn\n|move|p2a: Orthworm|Coil|p2a: Orthworm\n|-boost|p2a: Orthworm|atk|1\n|-boost|p2a: Orthworm|def|1\n|-boost|p2a: Orthworm|accuracy|1\n|\n|-damage|p2a: Orthworm|78/266 brn|[from] brn\n|upkeep\n|turn|4\n|c|\u2606Gurry0ak|Oh oh\n|inactive|Gurry0ak has 90 seconds left.\n|c|\u2606Gurry0ak|Like impossible same\n|inactive|Gurry0ak has 60 seconds left.\n|\n|t:|1781397346\n|switch|p2a: Slowbro|Slowbro, L85, F|300/300\n|move|p1a: Skuntank|Fire Blast|p2a: Slowbro\n|-resisted|p2a: Slowbro\n|-damage|p2a: Slowbro|266/300\n|\n|-heal|p2a: Slowbro|284/300|[from] item: Leftovers\n|upkeep\n|turn|5\n|\n|t:|1781397375\n|move|p1a: Skuntank|Knock Off|p2a: Slowbro\n|-supereffective|p2a: Slowbro\n|-damage|p2a: Slowbro|110/300\n|-enditem|p2a: Slowbro|Leftovers|[from] move: Knock Off|[of] p1a: Skuntank\n|move|p2a: Slowbro|Iron Defense|p2a: Slowbro\n|-boost|p2a: Slowbro|def|2\n|\n|upkeep\n|turn|6\n|\n|t:|1781397381\n|switch|p1a: Rotom|Rotom, L88|231/231\n|move|p2a: Slowbro|Slack Off|p2a: Slowbro\n|-heal|p2a: Slowbro|260/300\n|\n|upkeep\n|turn|7\n|inactive|xd(new pc) has 120 seconds left.\n|\n|t:|1781397426\n|switch|p2a: Orthworm|Orthworm, L88, M|78/266 brn\n|move|p1a: Rotom|Thunderbolt|p2a: Orthworm\n|-damage|p2a: Orthworm|0 fnt\n|faint|p2a: Orthworm\n|-damage|p1a: Rotom|208/231|[from] item: Life Orb\n|\n|upkeep\n|\n|t:|1781397437\n|switch|p2a: Gliscor|Gliscor, L76, M|239/239\n|turn|8\n|\n|t:|1781397441\n|move|p2a: Gliscor|Protect|p2a: Gliscor\n|-singleturn|p2a: Gliscor|Protect\n|move|p1a: Rotom|Will-O-Wisp|p2a: Gliscor\n|-activate|p2a: Gliscor|move: Protect\n|\n|-status|p2a: Gliscor|tox|[from] item: Toxic Orb\n|upkeep\n|turn|9\n|inactive|Gurry0ak has 90 seconds left.\n|\n|t:|1781397447\n|move|p1a: Rotom|Shadow Ball|p2a: Gliscor\n|-damage|p2a: Gliscor|82/239 tox\n|-damage|p1a: Rotom|185/231|[from] item: Life Orb\n|move|p2a: Gliscor|Knock Off|p1a: Rotom\n|-supereffective|p1a: Rotom\n|-damage|p1a: Rotom|65/231\n|-enditem|p1a: Rotom|Life Orb|[from] move: Knock Off|[of] p2a: Gliscor\n|\n|-heal|p2a: Gliscor|111/239 tox|[from] ability: Poison Heal\n|upkeep\n|turn|10\n|\n|t:|1781397451\n|move|p2a: Gliscor|Protect|p2a: Gliscor\n|-singleturn|p2a: Gliscor|Protect\n|move|p1a: Rotom|Shadow Ball|p2a: Gliscor\n|-activate|p2a: Gliscor|move: Protect\n|\n|-heal|p2a: Gliscor|140/239 tox|[from] ability: Poison Heal\n|upkeep\n|turn|11\n|\n|t:|1781397461\n|switch|p2a: Smeargle|Smeargle, L95, F|258/258\n|move|p1a: Rotom|Shadow Ball|p2a: Smeargle\n|-immune|p2a: Smeargle\n|\n|upkeep\n|turn|12\n|\n|t:|1781397465\n|move|p1a: Rotom|Will-O-Wisp|p2a: Smeargle\n|-status|p2a: Smeargle|brn\n|move|p2a: Smeargle|Spore|p1a: Rotom\n|-status|p1a: Rotom|slp|[from] move: Spore\n|\n|-damage|p2a: Smeargle|242/258 brn|[from] brn\n|upkeep\n|turn|13\n|\n|t:|1781397472\n|switch|p1a: Skuntank|Skuntank, L84, M|310/310\n|move|p2a: Smeargle|Shell Smash|p2a: Smeargle\n|-unboost|p2a: Smeargle|def|1\n|-unboost|p2a: Smeargle|spd|1\n|-boost|p2a: Smeargle|atk|2\n|-boost|p2a: Smeargle|spa|2\n|-boost|p2a: Smeargle|spe|2\n|\n|-damage|p2a: Smeargle|226/258 brn|[from] brn\n|upkeep\n|turn|14\n|\n|t:|1781397478\n|move|p2a: Smeargle|Population Bomb|p1a: Skuntank\n|-damage|p1a: Skuntank|289/310\n|-damage|p1a: Skuntank|271/310\n|-damage|p1a: Skuntank|253/310\n|-damage|p1a: Skuntank|232/310\n|-damage|p1a: Skuntank|211/310\n|-damage|p1a: Skuntank|192/310\n|-damage|p1a: Skuntank|173/310\n|-damage|p1a: Skuntank|155/310\n|-damage|p1a: Skuntank|137/310\n|-damage|p1a: Skuntank|118/310\n|-hitcount|p1a: Skuntank|10\n|move|p1a: Skuntank|Knock Off|p2a: Smeargle\n|-damage|p2a: Smeargle|0 fnt\n|-enditem|p2a: Smeargle|Wide Lens|[from] move: Knock Off|[of] p1a: Skuntank\n|faint|p2a: Smeargle\n|\n|upkeep\n|inactive|Gurry0ak has 120 seconds left.\n|\n|t:|1781397499\n|switch|p2a: Gliscor|Gliscor, L76, M|140/239 tox\n|turn|15\n|\n|t:|1781397508\n|move|p1a: Skuntank|Fire Blast|p2a: Gliscor\n|-damage|p2a: Gliscor|70/239 tox\n|move|p2a: Gliscor|Earthquake|p1a: Skuntank\n|-supereffective|p1a: Skuntank\n|-damage|p1a: Skuntank|0 fnt\n|faint|p1a: Skuntank\n|\n|-heal|p2a: Gliscor|99/239 tox|[from] ability: Poison Heal\n|upkeep\n|\n|t:|1781397511\n|switch|p1a: Rotom|Rotom, L88|65/231 slp\n|turn|16\n|\n|t:|1781397517\n|cant|p1a: Rotom|slp\n|move|p2a: Gliscor|Knock Off|p1a: Rotom\n|-supereffective|p1a: Rotom\n|-damage|p1a: Rotom|0 fnt\n|faint|p1a: Rotom\n|\n|-heal|p2a: Gliscor|128/239 tox|[from] ability: Poison Heal\n|upkeep\n|\n|t:|1781397520\n|switch|p1a: Mismagius|Mismagius, L86, M|243/243\n|turn|17\n|\n|t:|1781397524\n|move|p2a: Gliscor|Protect|p2a: Gliscor\n|-singleturn|p2a: Gliscor|Protect\n|move|p1a: Mismagius|Shadow Ball|p2a: Gliscor\n|-activate|p2a: Gliscor|move: Protect\n|\n|-heal|p2a: Gliscor|157/239 tox|[from] ability: Poison Heal\n|upkeep\n|turn|18\n|\n|t:|1781397540\n|move|p1a: Mismagius|Shadow Ball|p2a: Gliscor\n|-damage|p2a: Gliscor|15/239 tox\n|-unboost|p2a: Gliscor|spd|1\n|-damage|p1a: Mismagius|219/243|[from] item: Life Orb\n|move|p2a: Gliscor|Knock Off|p1a: Mismagius\n|-supereffective|p1a: Mismagius\n|-damage|p1a: Mismagius|71/243\n|-enditem|p1a: Mismagius|Life Orb|[from] move: Knock Off|[of] p2a: Gliscor\n|\n|-heal|p2a: Gliscor|44/239 tox|[from] ability: Poison Heal\n|upkeep\n|turn|19\n|\n|t:|1781397548\n|move|p2a: Gliscor|Protect|p2a: Gliscor\n|-singleturn|p2a: Gliscor|Protect\n|move|p1a: Mismagius|Shadow Ball|p2a: Gliscor\n|-activate|p2a: Gliscor|move: Protect\n|\n|-heal|p2a: Gliscor|73/239 tox|[from] ability: Poison Heal\n|upkeep\n|turn|20\n|\n|t:|1781397557\n|switch|p2a: Moltres|Moltres, L81|278/278\n|move|p1a: Mismagius|Shadow Ball|p2a: Moltres\n|-damage|p2a: Moltres|184/278\n|\n|upkeep\n|turn|21\n|\n|t:|1781397576\n|move|p1a: Mismagius|Thunderbolt|p2a: Moltres\n|-supereffective|p2a: Moltres\n|-damage|p2a: Moltres|38/278\n|move|p2a: Moltres|Roost|p2a: Moltres\n|-heal|p2a: Moltres|177/278\n|-singleturn|p2a: Moltres|move: Roost\n|\n|upkeep\n|turn|22\n|\n|t:|1781397583\n|move|p1a: Mismagius|Nasty Plot|p1a: Mismagius\n|-boost|p1a: Mismagius|spa|2\n|move|p2a: Moltres|Brave Bird|p1a: Mismagius\n|-damage|p1a: Mismagius|0 fnt\n|faint|p1a: Mismagius\n|-damage|p2a: Moltres|154/278|[from] Recoil\n|\n|upkeep\n|\n|t:|1781397586\n|switch|p1a: Flygon|Flygon, L82, M|265/265\n|turn|23\n|\n|t:|1781397590\n|move|p1a: Flygon|Dragon Dance|p1a: Flygon\n|-boost|p1a: Flygon|atk|1\n|-boost|p1a: Flygon|spe|1\n|move|p2a: Moltres|Will-O-Wisp|p1a: Flygon\n|-status|p1a: Flygon|brn\n|-enditem|p1a: Flygon|Lum Berry|[eat]\n|-curestatus|p1a: Flygon|brn|[msg]\n|\n|upkeep\n|turn|24\n|\n|t:|1781397595\n|move|p1a: Flygon|Stone Edge|p2a: Moltres\n|-supereffective|p2a: Moltres\n|-damage|p2a: Moltres|0 fnt\n|faint|p2a: Moltres\n|\n|upkeep\n|\n|t:|1781397597\n|switch|p2a: Slowbro|Slowbro, L85, F|300/300\n|turn|25\n|\n|t:|1781397601\n|-terastallize|p1a: Flygon|Rock\n|move|p1a: Flygon|Stone Edge|p2a: Slowbro\n|-damage|p2a: Slowbro|182/300\n|move|p2a: Slowbro|Iron Defense|p2a: Slowbro\n|-boost|p2a: Slowbro|def|2\n|\n|upkeep\n|turn|26\n|\n|t:|1781397607\n|switch|p1a: Solgaleo|Solgaleo, L74|325/325\n|move|p2a: Slowbro|Slack Off|p2a: Slowbro\n|-heal|p2a: Slowbro|300/300\n|\n|upkeep\n|turn|27\n|-message|xd(new pc) forfeited.\n|\n|win|Gurry0ak\n|raw|xd(new pc)'s rating: 1809 &rarr; <strong>1790</strong><br />(-19 for losing)\n|raw|Gurry0ak's rating: 1824 &rarr; <strong>1843</strong><br />(+19 for winning)\n|l|\u2606xd(new pc)\n|player|p1|\n", "inputlog": ">version a8376a258c1d4662feba110a92103f3664a72141\n>start {\"formatid\":\"gen9randombattle\",\"seed\":\"sodium,e1f068e2599f7630e1892dfc4ec2c9d6\",\"rated\":\"Rated battle\"}\n>player p1 {\"name\":\"xd(new pc)\",\"avatar\":\"flannery\",\"rating\":1809,\"seed\":\"sodium,0cdd7191aabafbbd3987e0a1c2635f95\"}\n>player p2 {\"name\":\"Gurry0ak\",\"avatar\":\"blue\",\"rating\":1824,\"seed\":\"sodium,956a6520fd6a27d9cd2240a5eef9722d\"}\n>p1 move gunkshot\n>p2 move noretreat\n>p1 move suckerpunch\n>p2 move closecombat\n>chat \u2606Gurry0ak|Wow just wow\n>chat \u2606Gurry0ak|Actually.1% luck\n>chat \u2606Gurry0ak|two crits and a poison \n>p2 switch 3\n>p1 move fireblast\n>p2 move coil\n>chat \u2606Gurry0ak|Oh oh \n>chat \u2606Gurry0ak|Like impossible same \n>p1 move fireblast\n>p2 switch 2\n>p1 move knockoff\n>p2 move irondefense\n>p1 switch 3\n>p2 move slackoff\n>p1 move thunderbolt\n>p2 switch 2\n>p2 switch 5\n>p1 move willowisp\n>p2 move protect\n>p1 move shadowball\n>p2 move knockoff\n>p1 move shadowball\n>p2 move protect\n>p1 move shadowball\n>p2 switch 6\n>p1 move willowisp\n>p2 move spore\n>p1 switch 3\n>p2 move shellsmash\n>p1 move knockoff\n>p2 move populationbomb\n>p2 switch 6\n>p1 move fireblast\n>p2 move earthquake\n>p1 switch 3\n>p1 move shadowball\n>p2 move knockoff\n>p1 switch 4\n>p1 move shadowball\n>p2 move protect\n>p1 move shadowball\n>p2 move knockoff\n>p1 move shadowball\n>p2 move protect\n>p1 move shadowball\n>p2 switch 4\n>p1 move thunderbolt\n>p2 move roost\n>p1 move nastyplot\n>p2 move bravebird\n>p1 switch 6\n>p1 move dragondance\n>p2 move willowisp\n>p1 move stoneedge\n>p2 move willowisp\n>p2 switch 2\n>p1 move stoneedge terastallize\n>p2 move irondefense\n>p1 switch 2\n>p2 move slackoff\n>forcelose p1", "uploadtime": 1781397623, "views": 3, "formatid": "gen9randombattle", "rating": 1790, "private": 0, "password": null}