{"id": "gen9randombattle-2631643012", "format": "[Gen 9] Random Battle", "players": ["mahomesthegoat", "fashionstar510"], "log": "|badge|p1|bronze|gen9randombattle|100-9\n|uhtml|medal-msg|<div class=\"broadcast-blue\">Curious what those medals under the avatar are? PS now has Ladder Seasons! For more information, check out the <a href=\"https://www.smogon.com/forums/threads/3740067/\">thread on Smogon.</a></div>\n|j|\u2606mahomesthegoat\n|j|\u203dfashionstar510\n|t:|1781413668\n|gametype|singles\n|player|p1|mahomesthegoat|266|2320\n|player|p2|fashionstar510|266|2264\n|gen|9\n|tier|[Gen 9] Random Battle\n|rated|\n|rule|Species Clause: Limit one of each Pok\u00e9mon\n|rule|HP Percentage Mod: HP is shown in percentages\n|rule|Sleep Clause Mod: Limit one foe put to sleep\n|rule|Illusion Level Mod: Illusion disguises the Pok\u00e9mon's true level\n|\n|t:|1781413668\n|teamsize|p1|6\n|teamsize|p2|6\n|start\n|switch|p1a: Dialga|Dialga-Origin, L73|266/266\n|switch|p2a: Sableye|Sableye, L88, M|231/231\n|-ability|p1a: Dialga|Pressure\n|turn|1\n|j| Techybutt\n|inactive|Battle timer is ON: inactive players will automatically lose when time's up. (requested by fashionstar510)\n|\n|t:|1781413725\n|move|p2a: Sableye|Thunder Wave|p1a: Dialga\n|-status|p1a: Dialga|par\n|move|p1a: Dialga|Draco Meteor|p2a: Sableye\n|-damage|p2a: Sableye|24/231\n|-unboost|p1a: Dialga|spa|2\n|\n|-heal|p2a: Sableye|38/231|[from] item: Leftovers\n|upkeep\n|turn|2\n|\n|t:|1781413737\n|move|p2a: Sableye|Recover|p2a: Sableye\n|-heal|p2a: Sableye|154/231\n|move|p1a: Dialga|Heavy Slam|p2a: Sableye\n|-damage|p2a: Sableye|25/231\n|\n|-heal|p2a: Sableye|39/231|[from] item: Leftovers\n|upkeep\n|turn|3\n|\n|t:|1781413744\n|move|p2a: Sableye|Recover|p2a: Sableye\n|-heal|p2a: Sableye|155/231\n|move|p1a: Dialga|Heavy Slam|p2a: Sableye\n|-damage|p2a: Sableye|29/231\n|\n|-heal|p2a: Sableye|43/231|[from] item: Leftovers\n|upkeep\n|turn|4\n|j| nocomment3\n|\n|t:|1781413751\n|move|p2a: Sableye|Recover|p2a: Sableye\n|-heal|p2a: Sableye|159/231\n|move|p1a: Dialga|Heavy Slam|p2a: Sableye\n|-damage|p2a: Sableye|32/231\n|\n|-heal|p2a: Sableye|46/231|[from] item: Leftovers\n|upkeep\n|turn|5\n|\n|t:|1781413777\n|move|p2a: Sableye|Recover|p2a: Sableye\n|-heal|p2a: Sableye|162/231\n|move|p1a: Dialga|Heavy Slam|p2a: Sableye\n|-damage|p2a: Sableye|42/231\n|\n|-heal|p2a: Sableye|56/231|[from] item: Leftovers\n|upkeep\n|turn|6\n|\n|t:|1781413792\n|switch|p1a: Gumshoos|Gumshoos, L95, M|321/321\n|move|p2a: Sableye|Recover|p2a: Sableye\n|-heal|p2a: Sableye|172/231\n|\n|-heal|p2a: Sableye|186/231|[from] item: Leftovers\n|upkeep\n|turn|7\n|\n|t:|1781413799\n|switch|p1a: Dialga|Dialga-Origin, L73|266/266 par\n|-ability|p1a: Dialga|Pressure\n|move|p2a: Sableye|Thunder Wave|p1a: Dialga\n|-fail|p1a: Dialga|par\n|\n|-heal|p2a: Sableye|200/231|[from] item: Leftovers\n|upkeep\n|turn|8\n|\n|t:|1781413808\n|move|p2a: Sableye|Knock Off|p1a: Dialga\n|-damage|p1a: Dialga|208/266 par\n|move|p1a: Dialga|Heavy Slam|p2a: Sableye\n|-damage|p2a: Sableye|68/231\n|\n|-heal|p2a: Sableye|82/231|[from] item: Leftovers\n|upkeep\n|turn|9\n|\n|t:|1781413815\n|move|p2a: Sableye|Recover|p2a: Sableye\n|-heal|p2a: Sableye|198/231\n|move|p1a: Dialga|Draco Meteor|p2a: Sableye\n|-damage|p2a: Sableye|0 fnt\n|-unboost|p1a: Dialga|spa|2\n|faint|p2a: Sableye\n|\n|upkeep\n|\n|t:|1781413825\n|switch|p2a: Blaziken|Blaziken, L76, F|247/247\n|turn|10\n|\n|t:|1781413832\n|move|p2a: Blaziken|Swords Dance|p2a: Blaziken\n|-boost|p2a: Blaziken|atk|2\n|move|p1a: Dialga|Dragon Tail|p2a: Blaziken\n|-damage|p2a: Blaziken|166/247\n|drag|p2a: Raging Bolt|Raging Bolt, L78|323/323\n|\n|upkeep\n|turn|11\n|\n|t:|1781413856\n|move|p2a: Raging Bolt|Draco Meteor|p1a: Dialga\n|-damage|p1a: Dialga|76/266 par\n|-unboost|p2a: Raging Bolt|spa|2\n|move|p1a: Dialga|Draco Meteor|p2a: Raging Bolt\n|-supereffective|p2a: Raging Bolt\n|-damage|p2a: Raging Bolt|191/323\n|-unboost|p1a: Dialga|spa|2\n|\n|upkeep\n|turn|12\n|\n|t:|1781413865\n|move|p2a: Raging Bolt|Draco Meteor|p1a: Dialga\n|-damage|p1a: Dialga|10/266 par\n|-unboost|p2a: Raging Bolt|spa|2\n|move|p1a: Dialga|Dragon Tail|p2a: Raging Bolt\n|-supereffective|p2a: Raging Bolt\n|-damage|p2a: Raging Bolt|57/323\n|-end|p2a: Raging Bolt|Protosynthesis|[silent]\n|drag|p2a: Glalie|Glalie, L96, M|309/309\n|\n|upkeep\n|turn|13\n|\n|t:|1781413878\n|move|p2a: Glalie|Spikes|p1a: Dialga\n|-sidestart|p1: mahomesthegoat|Spikes\n|cant|p1a: Dialga|par\n|\n|upkeep\n|turn|14\n|\n|t:|1781413884\n|move|p2a: Glalie|Spikes|p1a: Dialga\n|-sidestart|p1: mahomesthegoat|Spikes\n|move|p1a: Dialga|Heavy Slam|p2a: Glalie\n|-supereffective|p2a: Glalie\n|-damage|p2a: Glalie|159/309\n|\n|upkeep\n|turn|15\n|\n|t:|1781413896\n|move|p2a: Glalie|Spikes|p1a: Dialga\n|-sidestart|p1: mahomesthegoat|Spikes\n|move|p1a: Dialga|Heavy Slam|p2a: Glalie\n|-supereffective|p2a: Glalie\n|-damage|p2a: Glalie|1/309\n|\n|upkeep\n|turn|16\n|\n|t:|1781413909\n|move|p2a: Glalie|Earthquake|p1a: Dialga\n|-supereffective|p1a: Dialga\n|-crit|p1a: Dialga\n|-damage|p1a: Dialga|0 fnt\n|faint|p1a: Dialga\n|\n|upkeep\n|\n|t:|1781413921\n|switch|p1a: Tornadus|Tornadus-Therian, L79, M|254/254\n|turn|17\n|\n|t:|1781413925\n|switch|p2a: Raging Bolt|Raging Bolt, L78|57/323\n|move|p1a: Tornadus|Knock Off|p2a: Raging Bolt\n|-damage|p2a: Raging Bolt|0 fnt\n|-enditem|p2a: Raging Bolt|Assault Vest|[from] move: Knock Off|[of] p1a: Tornadus\n|faint|p2a: Raging Bolt\n|-end|p2a: Raging Bolt|Protosynthesis|[silent]\n|\n|upkeep\n|\n|t:|1781413931\n|switch|p2a: Illumise|Illumise, L91, F|266/266\n|turn|18\n|\n|t:|1781413943\n|switch|p1a: Gumshoos|Gumshoos, L95, M|321/321\n|-damage|p1a: Gumshoos|241/321|[from] Spikes\n|move|p2a: Illumise|Thunder Wave|p1a: Gumshoos\n|-status|p1a: Gumshoos|par\n|\n|upkeep\n|turn|19\n|\n|t:|1781413957\n|move|p2a: Illumise|Bug Buzz|p1a: Gumshoos\n|-damage|p1a: Gumshoos|139/321 par\n|move|p1a: Gumshoos|Double-Edge|p2a: Illumise\n|-damage|p2a: Illumise|0 fnt\n|faint|p2a: Illumise\n|-damage|p1a: Gumshoos|51/321 par|[from] Recoil\n|\n|upkeep\n|\n|t:|1781413965\n|switch|p2a: Greninja|Greninja, L80, M|246/246\n|turn|20\n|\n|t:|1781413987\n|move|p2a: Greninja|Ice Beam|p1a: Gumshoos\n|-damage|p1a: Gumshoos|0 fnt\n|faint|p1a: Gumshoos\n|-ability|p2a: Greninja|Battle Bond|boost\n|-boost|p2a: Greninja|atk|1\n|-boost|p2a: Greninja|spa|1\n|-boost|p2a: Greninja|spe|1\n|-activate|p2a: Greninja|ability: Battle Bond\n|-damage|p2a: Greninja|222/246|[from] item: Life Orb\n|\n|upkeep\n|inactive|mahomesthegoat has 120 seconds left.\n|inactive|mahomesthegoat has 90 seconds left.\n|inactive|mahomesthegoat has 60 seconds left.\n|inactive|mahomesthegoat has 30 seconds left.\n|\n|t:|1781414099\n|switch|p1a: Tornadus|Tornadus-Therian, L79, M|254/254\n|turn|21\n|inactive|mahomesthegoat has 30 seconds left.\n|inactive|fashionstar510 has 120 seconds left.\n|inactive|fashionstar510 has 90 seconds left.\n|j| Ronnyburgundy\n|\n|t:|1781414177\n|move|p2a: Greninja|Ice Beam|p1a: Tornadus\n|-supereffective|p1a: Tornadus\n|-damage|p1a: Tornadus|82/254\n|-damage|p2a: Greninja|198/246|[from] item: Life Orb\n|move|p1a: Tornadus|U-turn|p2a: Greninja\n|-supereffective|p2a: Greninja\n|-damage|p2a: Greninja|76/246\n|inactive|mahomesthegoat has 30 seconds left.\n|inactive|mahomesthegoat has 20 seconds left.\n|\n|t:|1781414195\n|switch|p1a: Golduck|Golduck, L90, M|290/290|[from] U-turn\n|-damage|p1a: Golduck|218/290|[from] Spikes\n|-ability|p1a: Golduck|Cloud Nine\n|\n|upkeep\n|turn|22\n|inactive|mahomesthegoat has 30 seconds left this turn.\n|inactive|mahomesthegoat has 20 seconds left.\n|inactive|mahomesthegoat has 15 seconds left.\n|inactive|mahomesthegoat has 10 seconds left.\n|\n|t:|1781414217\n|move|p2a: Greninja|Dark Pulse|p1a: Golduck\n|-damage|p1a: Golduck|45/290\n|-damage|p2a: Greninja|52/246|[from] item: Life Orb\n|move|p1a: Golduck|Grass Knot|p2a: Greninja\n|-supereffective|p2a: Greninja\n|-damage|p2a: Greninja|0 fnt\n|faint|p2a: Greninja\n|-damage|p1a: Golduck|16/290|[from] item: Life Orb\n|\n|upkeep\n|\n|t:|1781414221\n|switch|p2a: Blaziken|Blaziken, L76, F|166/247\n|turn|23\n|inactive|mahomesthegoat has 25 seconds left this turn.\n|\n|t:|1781414226\n|move|p1a: Golduck|Hydro Pump|p2a: Blaziken|[miss]\n|-miss|p1a: Golduck|p2a: Blaziken\n|move|p2a: Blaziken|Flare Blitz|p1a: Golduck\n|-resisted|p1a: Golduck\n|-damage|p1a: Golduck|0 fnt\n|faint|p1a: Golduck\n|-damage|p2a: Blaziken|161/247|[from] Recoil\n|-damage|p2a: Blaziken|137/247|[from] item: Life Orb\n|\n|-ability|p2a: Blaziken|Speed Boost|boost\n|-boost|p2a: Blaziken|spe|1\n|upkeep\n|inactive|mahomesthegoat has 30 seconds left this turn.\n|inactive|mahomesthegoat has 20 seconds left.\n|\n|t:|1781414236\n|switch|p1a: Sinistcha|Sinistcha-Masterpiece, L83|254/254\n|-damage|p1a: Sinistcha|191/254|[from] Spikes\n|turn|24\n|inactive|mahomesthegoat has 30 seconds left this turn.\n|\n|t:|1781414244\n|move|p2a: Blaziken|Flare Blitz|p1a: Sinistcha\n|-supereffective|p1a: Sinistcha\n|-damage|p1a: Sinistcha|43/254\n|-damage|p2a: Blaziken|88/247|[from] Recoil\n|-damage|p2a: Blaziken|64/247|[from] item: Life Orb\n|move|p1a: Sinistcha|Strength Sap|p2a: Blaziken\n|-unboost|p2a: Blaziken|atk|1\n|-heal|p1a: Sinistcha|254/254\n|\n|-ability|p2a: Blaziken|Speed Boost|boost\n|-boost|p2a: Blaziken|spe|1\n|upkeep\n|turn|25\n|inactive|mahomesthegoat has 30 seconds left.\n|-message|fashionstar510 forfeited.\n|\n|win|mahomesthegoat\n", "inputlog": ">version a8376a258c1d4662feba110a92103f3664a72141\n>start {\"formatid\":\"gen9randombattle\",\"seed\":\"sodium,7f58ba79213c273b89b4f8a72d558df4\",\"rated\":\"Rated battle\"}\n>player p1 {\"name\":\"mahomesthegoat\",\"avatar\":\"266\",\"rating\":2320,\"seed\":\"sodium,378da85cadabc5d5461a5d494124e609\"}\n>player p2 {\"name\":\"fashionstar510\",\"avatar\":\"266\",\"rating\":2264,\"seed\":\"sodium,35a0f305a9d68b2c827d8e0a84a7d256\"}\n>p1 move dracometeor\n>p2 move thunderwave\n>p1 move heavyslam\n>p2 move recover\n>p1 move heavyslam\n>p2 move recover\n>p1 move heavyslam\n>p2 move recover\n>p1 move heavyslam\n>p2 move recover\n>p1 switch 2\n>p2 move recover\n>p1 switch 2\n>p2 move thunderwave\n>p1 move heavyslam\n>p2 move knockoff\n>p1 move dracometeor\n>p2 move recover\n>p2 switch 2\n>p1 move dragontail\n>p2 move swordsdance\n>p1 move dracometeor\n>p2 move dracometeor\n>p1 move dragontail\n>p2 move dracometeor\n>p1 move heavyslam\n>p2 move spikes\n>p1 move heavyslam\n>p2 move spikes\n>p1 move heavyslam\n>p2 move spikes\n>p1 move dragontail\n>p2 move earthquake\n>p1 switch 4\n>p1 move knockoff\n>p2 switch 5\n>p2 switch 3\n>p1 switch 2\n>p2 move thunderwave\n>p1 move doubleedge\n>p2 move bugbuzz\n>p2 switch 4\n>p1 move doubleedge\n>p2 move icebeam\n>p1 switch 2\n>p1 move uturn\n>p2 move icebeam\n>p1 switch 5\n>p1 move grassknot\n>p2 move darkpulse\n>p2 switch 6\n>p1 move hydropump\n>p2 move flareblitz\n>p1 switch 6\n>p1 move strengthsap\n>p2 move flareblitz\n>forcelose p2", "uploadtime": 1781413670, "views": 6, "formatid": "gen9randombattle", "rating": null, "private": 0, "password": null}