{"id": "gen9randombattle-2631573758", "format": "[Gen 9] Random Battle", "players": ["N1netails14", "z dawg gog"], "log": "|j|\u2606N1netails14\n|j|\u2606z dawg gog\n|t:|1781403228\n|gametype|singles\n|player|p1|N1netails14|colress|1413\n|player|p2|z dawg gog|170|1387\n|gen|9\n|tier|[Gen 9] Random Battle\n|rated|\n|rule|Species Clause: Limit one of each Pok\u00e9mon\n|rule|HP Percentage Mod: HP is shown in percentages\n|rule|Sleep Clause Mod: Limit one foe put to sleep\n|rule|Illusion Level Mod: Illusion disguises the Pok\u00e9mon's true level\n|\n|t:|1781403228\n|teamsize|p1|6\n|teamsize|p2|6\n|start\n|switch|p1a: Dudunsparce|Dudunsparce-Three-Segment, L83, F|343/343\n|switch|p2a: Lugia|Lugia, L73|275/275\n|turn|1\n|\n|t:|1781403236\n|move|p2a: Lugia|Calm Mind|p2a: Lugia\n|-boost|p2a: Lugia|spa|1\n|-boost|p2a: Lugia|spd|1\n|move|p1a: Dudunsparce|Glare|p2a: Lugia\n|-status|p2a: Lugia|par\n|\n|upkeep\n|turn|2\n|\n|t:|1781403241\n|move|p1a: Dudunsparce|Headbutt|p2a: Lugia\n|-damage|p2a: Lugia|243/275 par\n|cant|p2a: Lugia|flinch\n|\n|upkeep\n|turn|3\n|\n|t:|1781403263\n|move|p1a: Dudunsparce|Headbutt|p2a: Lugia\n|-damage|p2a: Lugia|177/275 par\n|cant|p2a: Lugia|flinch\n|\n|upkeep\n|turn|4\n|\n|t:|1781403269\n|move|p1a: Dudunsparce|Headbutt|p2a: Lugia\n|-damage|p2a: Lugia|113/275 par\n|cant|p2a: Lugia|flinch\n|\n|upkeep\n|turn|5\n|\n|t:|1781403281\n|move|p1a: Dudunsparce|Headbutt|p2a: Lugia\n|-damage|p2a: Lugia|52/275 par\n|cant|p2a: Lugia|flinch\n|\n|upkeep\n|turn|6\n|\n|t:|1781403285\n|move|p1a: Dudunsparce|Headbutt|p2a: Lugia\n|-damage|p2a: Lugia|0 fnt\n|faint|p2a: Lugia\n|\n|upkeep\n|inactive|Battle timer is ON: inactive players will automatically lose when time's up. (requested by N1netails14)\n|\n|t:|1781403306\n|switch|p2a: Golurk|Golurk, L87|297/297\n|turn|7\n|\n|t:|1781403318\n|move|p2a: Golurk|Dynamic Punch|p1a: Dudunsparce\n|-supereffective|p1a: Dudunsparce\n|-damage|p1a: Dudunsparce|101/343\n|-start|p1a: Dudunsparce|confusion\n|-damage|p2a: Golurk|268/297|[from] item: Life Orb\n|-activate|p1a: Dudunsparce|confusion\n|move|p1a: Dudunsparce|Glare|p2a: Golurk\n|-status|p2a: Golurk|par\n|\n|-heal|p1a: Dudunsparce|122/343|[from] item: Leftovers\n|upkeep\n|turn|8\n|\n|t:|1781403322\n|-activate|p1a: Dudunsparce|confusion\n|move|p1a: Dudunsparce|Roost|p1a: Dudunsparce\n|-heal|p1a: Dudunsparce|294/343\n|-singleturn|p1a: Dudunsparce|move: Roost\n|cant|p2a: Golurk|par\n|\n|-heal|p1a: Dudunsparce|315/343|[from] item: Leftovers\n|upkeep\n|turn|9\n|\n|t:|1781403329\n|switch|p1a: Wo-Chien|Wo-Chien, L83|277/277\n|-ability|p1a: Wo-Chien|Tablets of Ruin\n|move|p2a: Golurk|Stealth Rock|p1a: Wo-Chien\n|-sidestart|p1: N1netails14|move: Stealth Rock\n|\n|upkeep\n|turn|10\n|\n|t:|1781403333\n|move|p1a: Wo-Chien|Knock Off|p2a: Golurk\n|-supereffective|p2a: Golurk\n|-crit|p2a: Golurk\n|-damage|p2a: Golurk|0 fnt\n|-enditem|p2a: Golurk|Life Orb|[from] move: Knock Off|[of] p1a: Wo-Chien\n|faint|p2a: Golurk\n|\n|upkeep\n|\n|t:|1781403353\n|switch|p2a: Vigoroth|Vigoroth, L85, M|275/275\n|turn|11\n|\n|t:|1781403361\n|move|p2a: Vigoroth|Knock Off|p1a: Wo-Chien\n|-resisted|p1a: Wo-Chien\n|-damage|p1a: Wo-Chien|255/277\n|-enditem|p1a: Wo-Chien|Leftovers|[from] move: Knock Off|[of] p2a: Vigoroth\n|move|p1a: Wo-Chien|Knock Off|p2a: Vigoroth\n|-damage|p2a: Vigoroth|211/275\n|-enditem|p2a: Vigoroth|Eviolite|[from] move: Knock Off|[of] p1a: Wo-Chien\n|\n|upkeep\n|turn|12\n|\n|t:|1781403369\n|move|p2a: Vigoroth|Body Slam|p1a: Wo-Chien\n|-damage|p1a: Wo-Chien|194/277\n|-status|p1a: Wo-Chien|par\n|cant|p1a: Wo-Chien|par\n|\n|upkeep\n|turn|13\n|\n|t:|1781403372\n|move|p2a: Vigoroth|Body Slam|p1a: Wo-Chien\n|-damage|p1a: Wo-Chien|140/277 par\n|move|p1a: Wo-Chien|Stun Spore|p2a: Vigoroth\n|-status|p2a: Vigoroth|par\n|\n|upkeep\n|turn|14\n|\n|t:|1781403376\n|move|p2a: Vigoroth|Body Slam|p1a: Wo-Chien\n|-damage|p1a: Wo-Chien|89/277 par\n|cant|p1a: Wo-Chien|par\n|\n|upkeep\n|turn|15\n|\n|t:|1781403381\n|move|p2a: Vigoroth|Body Slam|p1a: Wo-Chien\n|-damage|p1a: Wo-Chien|35/277 par\n|cant|p1a: Wo-Chien|par\n|\n|upkeep\n|turn|16\n|\n|t:|1781403384\n|move|p2a: Vigoroth|Body Slam|p1a: Wo-Chien\n|-crit|p1a: Wo-Chien\n|-damage|p1a: Wo-Chien|0 fnt\n|faint|p1a: Wo-Chien\n|\n|upkeep\n|\n|t:|1781403387\n|switch|p1a: Dudunsparce|Dudunsparce-Three-Segment, L83, F|315/343\n|-damage|p1a: Dudunsparce|273/343|[from] Stealth Rock\n|turn|17\n|\n|t:|1781403389\n|move|p1a: Dudunsparce|Headbutt|p2a: Vigoroth\n|-damage|p2a: Vigoroth|126/275 par\n|cant|p2a: Vigoroth|flinch\n|\n|-heal|p1a: Dudunsparce|294/343|[from] item: Leftovers\n|upkeep\n|turn|18\n|\n|t:|1781403394\n|move|p1a: Dudunsparce|Headbutt|p2a: Vigoroth\n|-damage|p2a: Vigoroth|50/275 par\n|cant|p2a: Vigoroth|flinch\n|\n|-heal|p1a: Dudunsparce|315/343|[from] item: Leftovers\n|upkeep\n|turn|19\n|\n|t:|1781403398\n|move|p1a: Dudunsparce|Headbutt|p2a: Vigoroth\n|-damage|p2a: Vigoroth|0 fnt\n|faint|p2a: Vigoroth\n|\n|-heal|p1a: Dudunsparce|336/343|[from] item: Leftovers\n|upkeep\n|\n|t:|1781403410\n|switch|p2a: Sylveon|Sylveon, L85, M|300/300\n|turn|20\n|\n|t:|1781403412\n|move|p2a: Sylveon|Hyper Voice|p1a: Dudunsparce\n|-damage|p1a: Dudunsparce|179/343\n|move|p1a: Dudunsparce|Glare|p2a: Sylveon\n|-status|p2a: Sylveon|par\n|\n|-heal|p1a: Dudunsparce|200/343|[from] item: Leftovers\n|upkeep\n|turn|21\n|\n|t:|1781403416\n|move|p1a: Dudunsparce|Headbutt|p2a: Sylveon\n|-damage|p2a: Sylveon|213/300 par\n|move|p2a: Sylveon|Hyper Voice|p1a: Dudunsparce\n|-crit|p1a: Dudunsparce\n|-damage|p1a: Dudunsparce|0 fnt\n|faint|p1a: Dudunsparce\n|\n|-heal|p2a: Sylveon|231/300 par|[from] item: Leftovers\n|upkeep\n|\n|t:|1781403424\n|switch|p1a: Oranguru|Oranguru, L92, M|315/315\n|-damage|p1a: Oranguru|276/315|[from] Stealth Rock\n|turn|22\n|\n|t:|1781403428\n|move|p1a: Oranguru|Nasty Plot|p1a: Oranguru\n|-boost|p1a: Oranguru|spa|2\n|move|p2a: Sylveon|Wish|p2a: Sylveon\n|\n|-heal|p1a: Oranguru|295/315|[from] item: Leftovers\n|-heal|p2a: Sylveon|249/300 par|[from] item: Leftovers\n|upkeep\n|turn|23\n|\n|t:|1781403433\n|move|p1a: Oranguru|Psyshock|p2a: Sylveon\n|-damage|p2a: Sylveon|26/300 par\n|move|p2a: Sylveon|Calm Mind|p2a: Sylveon\n|-boost|p2a: Sylveon|spa|1\n|-boost|p2a: Sylveon|spd|1\n|\n|-heal|p2a: Sylveon|176/300 par|[from] move: Wish|[wisher] Sylveon\n|-heal|p1a: Oranguru|314/315|[from] item: Leftovers\n|-heal|p2a: Sylveon|194/300 par|[from] item: Leftovers\n|upkeep\n|turn|24\n|\n|t:|1781403441\n|move|p2a: Sylveon|Protect|p2a: Sylveon\n|-singleturn|p2a: Sylveon|Protect\n|move|p1a: Oranguru|Psyshock|p2a: Sylveon\n|-activate|p2a: Sylveon|move: Protect\n|\n|-heal|p1a: Oranguru|315/315|[from] item: Leftovers\n|-heal|p2a: Sylveon|212/300 par|[from] item: Leftovers\n|upkeep\n|turn|25\n|\n|t:|1781403446\n|move|p1a: Oranguru|Nasty Plot|p1a: Oranguru\n|-boost|p1a: Oranguru|spa|2\n|move|p2a: Sylveon|Hyper Voice|p1a: Oranguru\n|-damage|p1a: Oranguru|159/315\n|\n|-heal|p1a: Oranguru|178/315|[from] item: Leftovers\n|-heal|p2a: Sylveon|230/300 par|[from] item: Leftovers\n|upkeep\n|turn|26\n|\n|t:|1781403450\n|move|p1a: Oranguru|Psyshock|p2a: Sylveon\n|-damage|p2a: Sylveon|0 fnt\n|faint|p2a: Sylveon\n|\n|-heal|p1a: Oranguru|197/315|[from] item: Leftovers\n|upkeep\n|\n|t:|1781403454\n|switch|p2a: Quagsire|Quagsire, L84, M|297/297\n|turn|27\n|\n|t:|1781403460\n|move|p1a: Oranguru|Psyshock|p2a: Quagsire\n|-damage|p2a: Quagsire|206/297\n|move|p2a: Quagsire|Earthquake|p1a: Oranguru\n|-damage|p1a: Oranguru|109/315\n|\n|-heal|p1a: Oranguru|128/315|[from] item: Leftovers\n|-heal|p2a: Quagsire|224/297|[from] item: Leftovers\n|upkeep\n|turn|28\n|\n|t:|1781403465\n|move|p1a: Oranguru|Psyshock|p2a: Quagsire\n|-crit|p2a: Quagsire\n|-damage|p2a: Quagsire|76/297\n|move|p2a: Quagsire|Earthquake|p1a: Oranguru\n|-damage|p1a: Oranguru|35/315\n|\n|-heal|p1a: Oranguru|54/315|[from] item: Leftovers\n|-heal|p2a: Quagsire|94/297|[from] item: Leftovers\n|upkeep\n|turn|29\n|\n|t:|1781403469\n|move|p1a: Oranguru|Psyshock|p2a: Quagsire\n|-damage|p2a: Quagsire|0 fnt\n|faint|p2a: Quagsire\n|\n|-heal|p1a: Oranguru|73/315|[from] item: Leftovers\n|upkeep\n|\n|t:|1781403474\n|switch|p2a: Wugtrio|Wugtrio, L91, M|212/212\n|turn|30\n|\n|t:|1781403478\n|move|p2a: Wugtrio|Liquidation|p1a: Oranguru\n|-damage|p1a: Oranguru|0 fnt\n|faint|p1a: Oranguru\n|\n|upkeep\n|\n|t:|1781403481\n|switch|p1a: Hydrapple|Hydrapple, L83, F|312/312\n|-damage|p1a: Hydrapple|273/312|[from] Stealth Rock\n|turn|31\n|\n|t:|1781403486\n|move|p2a: Wugtrio|Liquidation|p1a: Hydrapple\n|-resisted|p1a: Hydrapple\n|-damage|p1a: Hydrapple|239/312\n|move|p1a: Hydrapple|Giga Drain|p2a: Wugtrio\n|-supereffective|p2a: Wugtrio\n|-damage|p2a: Wugtrio|0 fnt\n|-heal|p1a: Hydrapple|312/312|[from] drain|[of] p2a: Wugtrio\n|faint|p2a: Wugtrio\n|-damage|p1a: Hydrapple|281/312|[from] item: Life Orb\n|\n|win|N1netails14\n|raw|N1netails14's rating: 1413 &rarr; <strong>1432</strong><br />(+19 for winning)\n|raw|z dawg gog's rating: 1387 &rarr; <strong>1368</strong><br />(-19 for losing)\n", "inputlog": ">version a8376a258c1d4662feba110a92103f3664a72141\n>start {\"formatid\":\"gen9randombattle\",\"seed\":\"sodium,fa526b41d4bd2c0aea00414f3532464b\",\"rated\":\"Rated battle\"}\n>player p1 {\"name\":\"N1netails14\",\"avatar\":\"colress\",\"rating\":1413,\"seed\":\"sodium,f18f0bdda9747277bd9dbbb37d72da5f\"}\n>player p2 {\"name\":\"z dawg gog\",\"avatar\":\"170\",\"rating\":1387,\"seed\":\"sodium,6cc9c4e49bae6214d46448eb33d49bbe\"}\n>p1 move glare\n>p2 move calmmind\n>p1 move headbutt\n>p2 move calmmind\n>p1 move headbutt\n>p2 move calmmind\n>p1 move headbutt\n>p2 move aeroblast\n>p1 move headbutt\n>p2 move aeroblast\n>p1 move headbutt\n>p2 move aeroblast\n>p2 switch 4\n>p1 move glare\n>p2 move dynamicpunch\n>p1 move roost\n>p2 move stealthrock\n>p1 switch 3\n>p2 move stealthrock\n>p1 move knockoff\n>p2 move dynamicpunch\n>p2 switch 5\n>p1 move knockoff\n>p2 move knockoff\n>p1 move stunspore\n>p2 move bodyslam\n>p1 move stunspore\n>p2 move bodyslam\n>p1 move gigadrain\n>p2 move bodyslam\n>p1 move gigadrain\n>p2 move bodyslam\n>p1 move gigadrain\n>p2 move bodyslam\n>p1 switch 3\n>p1 move headbutt\n>p2 move bodyslam\n>p1 move headbutt\n>p2 move bodyslam\n>p1 move headbutt\n>p2 move bodyslam\n>p2 switch 2\n>p1 move glare\n>p2 move hypervoice\n>p1 move headbutt\n>p2 move hypervoice\n>p1 switch 5\n>p1 move nastyplot\n>p2 move wish\n>p1 move psyshock\n>p2 move calmmind\n>p1 move psyshock\n>p2 move protect\n>p1 move nastyplot\n>p2 move hypervoice\n>p1 move psyshock\n>p2 move hypervoice\n>p2 switch 6\n>p1 move psyshock\n>p2 move earthquake\n>p1 move psyshock\n>p2 move earthquake\n>p1 move psyshock\n>p2 move recover\n>p2 switch 3\n>p1 move thunderbolt\n>p2 move liquidation\n>p1 switch 6\n>p1 move gigadrain\n>p2 move liquidation", "uploadtime": 1781403488, "views": 6, "formatid": "gen9randombattle", "rating": 1368, "private": 0, "password": null}