{"id": "gen9randombattle-2631381978", "format": "[Gen 9] Random Battle", "players": ["Copernicusthe54th", "Woopes"], "log": "|j|\u2606Copernicusthe54th\n|j|\u2606Woopes\n|t:|1781378022\n|gametype|singles\n|player|p1|Copernicusthe54th|266|1977\n|player|p2|Woopes|fantina|1989\n|gen|9\n|tier|[Gen 9] Random Battle\n|rated|\n|rule|Species Clause: Limit one of each Pok\u00e9mon\n|rule|HP Percentage Mod: HP is shown in percentages\n|rule|Sleep Clause Mod: Limit one foe put to sleep\n|rule|Illusion Level Mod: Illusion disguises the Pok\u00e9mon's true level\n|\n|t:|1781378022\n|teamsize|p1|6\n|teamsize|p2|6\n|start\n|switch|p1a: Tsareena|Tsareena, L87, F|267/267\n|switch|p2a: Kingambit|Kingambit, L74, F|270/270\n|turn|1\n|inactive|Battle timer is ON: inactive players will automatically lose when time's up. (requested by Woopes)\n|\n|t:|1781378030\n|-end|p2a: Kingambit|fallenundefined|[silent]\n|switch|p2a: Rayquaza|Rayquaza, L72|270/270\n|-ability|p2a: Rayquaza|Air Lock\n|move|p1a: Tsareena|U-turn|p2a: Rayquaza\n|-resisted|p2a: Rayquaza\n|-damage|p2a: Rayquaza|234/270\n|\n|t:|1781378039\n|switch|p1a: Arceus|Arceus-Water, L71|288/288|[from] U-turn\n|\n|upkeep\n|turn|2\n|\n|t:|1781378047\n|move|p1a: Arceus|Ice Beam|p2a: Rayquaza\n|-supereffective|p2a: Rayquaza\n|-damage|p2a: Rayquaza|0 fnt\n|faint|p2a: Rayquaza\n|\n|upkeep\n|\n|t:|1781378057\n|switch|p2a: Ampharos|Ampharos, L88, F|302/302\n|turn|3\n|\n|t:|1781378061\n|switch|p1a: Jolteon|Jolteon, L84, F|246/246\n|move|p2a: Ampharos|Volt Switch|p1a: Jolteon\n|-immune|p1a: Jolteon|[from] ability: Volt Absorb\n|\n|upkeep\n|turn|4\n|\n|t:|1781378066\n|switch|p2a: Great Tusk|Great Tusk, L77|304/304\n|move|p1a: Jolteon|Substitute|p1a: Jolteon\n|-start|p1a: Jolteon|Substitute\n|-damage|p1a: Jolteon|185/246\n|\n|-heal|p1a: Jolteon|200/246|[from] item: Leftovers\n|upkeep\n|turn|5\n|\n|t:|1781378073\n|move|p1a: Jolteon|Calm Mind|p1a: Jolteon\n|-boost|p1a: Jolteon|spa|1\n|-boost|p1a: Jolteon|spd|1\n|move|p2a: Great Tusk|Earthquake|p1a: Jolteon\n|-supereffective|p1a: Jolteon\n|-end|p1a: Jolteon|Substitute\n|\n|-heal|p1a: Jolteon|215/246|[from] item: Leftovers\n|upkeep\n|turn|6\n|\n|t:|1781378079\n|-terastallize|p1a: Jolteon|Ice\n|move|p1a: Jolteon|Tera Blast|p2a: Great Tusk|[anim] Tera Blast Ice\n|-supereffective|p2a: Great Tusk\n|-damage|p2a: Great Tusk|0 fnt\n|faint|p2a: Great Tusk\n|-end|p2a: Great Tusk|Protosynthesis|[silent]\n|\n|-heal|p1a: Jolteon|230/246|[from] item: Leftovers\n|upkeep\n|\n|t:|1781378092\n|switch|p2a: Ampharos|Ampharos, L88, F|302/302\n|turn|7\n|\n|t:|1781378096\n|move|p1a: Jolteon|Substitute|p1a: Jolteon\n|-start|p1a: Jolteon|Substitute\n|-damage|p1a: Jolteon|169/246\n|move|p2a: Ampharos|Focus Blast|p1a: Jolteon\n|-supereffective|p1a: Jolteon\n|-end|p1a: Jolteon|Substitute\n|\n|-heal|p1a: Jolteon|184/246|[from] item: Leftovers\n|upkeep\n|turn|8\n|\n|t:|1781378101\n|move|p1a: Jolteon|Substitute|p1a: Jolteon\n|-start|p1a: Jolteon|Substitute\n|-damage|p1a: Jolteon|123/246\n|move|p2a: Ampharos|Focus Blast|p1a: Jolteon|[miss]\n|-miss|p2a: Ampharos|p1a: Jolteon\n|\n|-heal|p1a: Jolteon|138/246|[from] item: Leftovers\n|upkeep\n|turn|9\n|-message|Woopes forfeited.\n|\n|win|Copernicusthe54th\n|raw|Copernicusthe54th's rating: 1977 &rarr; <strong>1998</strong><br />(+21 for winning)\n|raw|Woopes's rating: 1989 &rarr; <strong>1968</strong><br />(-21 for losing)\n", "inputlog": ">version a8376a258c1d4662feba110a92103f3664a72141\n>start {\"formatid\":\"gen9randombattle\",\"seed\":\"sodium,65ebfc140d2aa8f369e0a6f7ac8f90ac\",\"rated\":\"Rated battle\"}\n>player p1 {\"name\":\"Copernicusthe54th\",\"avatar\":\"266\",\"rating\":1977,\"seed\":\"sodium,34b3d4c8995fdcc3dbe6f178124fd1d0\"}\n>player p2 {\"name\":\"Woopes\",\"avatar\":\"fantina\",\"rating\":1989,\"seed\":\"sodium,a676f24fa520e84645c4edc79e3395af\"}\n>p1 move uturn\n>p2 switch 6\n>p1 switch 2\n>p1 move icebeam\n>p2 move uturn\n>p2 switch 4\n>p1 switch 6\n>p2 move voltswitch\n>p1 move substitute\n>p2 switch 5\n>p1 move calmmind\n>p2 move earthquake\n>p1 move terablast terastallize\n>p2 move closecombat\n>p2 switch 5\n>p1 move substitute\n>p2 move focusblast\n>p1 move substitute\n>p2 move focusblast\n>forcelose p2", "uploadtime": 1781378024, "views": 8, "formatid": "gen9randombattle", "rating": 1968, "private": 0, "password": null}