{"id": "gen9randombattle-2631440014", "format": "[Gen 9] Random Battle", "players": ["heyhiyoimnew", "Sacred Quill"], "log": "|j|\u2606heyhiyoimnew\n|j|\u203dSacred Quill\n|t:|1781384895\n|gametype|singles\n|player|p1|heyhiyoimnew|101|1746\n|player|p2|Sacred Quill|clerk|1735\n|gen|9\n|tier|[Gen 9] Random Battle\n|rated|\n|rule|Species Clause: Limit one of each Pok\u00e9mon\n|rule|HP Percentage Mod: HP is shown in percentages\n|rule|Sleep Clause Mod: Limit one foe put to sleep\n|rule|Illusion Level Mod: Illusion disguises the Pok\u00e9mon's true level\n|\n|t:|1781384895\n|teamsize|p1|6\n|teamsize|p2|6\n|start\n|switch|p1a: Thundurus|Thundurus-Therian, L80, M|235/235\n|switch|p2a: Wyrdeer|Wyrdeer, L87, F|321/321\n|-ability|p2a: Wyrdeer|Intimidate|boost\n|-unboost|p1a: Thundurus|atk|1\n|turn|1\n|inactive|Battle timer is ON: inactive players will automatically lose when time's up. (requested by heyhiyoimnew)\n|\n|t:|1781384906\n|move|p1a: Thundurus|Dark Pulse|p2a: Wyrdeer\n|-supereffective|p2a: Wyrdeer\n|-damage|p2a: Wyrdeer|0 fnt\n|faint|p2a: Wyrdeer\n|\n|upkeep\n|\n|t:|1781384917\n|switch|p2a: Flutter Mane|Flutter Mane, L74|203/203\n|turn|2\n|\n|t:|1781384926\n|-terastallize|p1a: Thundurus|Poison\n|move|p2a: Flutter Mane|Mystical Fire|p1a: Thundurus\n|-damage|p1a: Thundurus|136/235\n|-unboost|p1a: Thundurus|spa|1\n|replace|p1a: Zoroark|Zoroark, L83, M\n|-end|p1a: Zoroark|Illusion\n|-hint|Illusion Level Mod is active, so this Pok\u00e9mon's true level was hidden.\n|move|p1a: Zoroark|Dark Pulse|p2a: Flutter Mane\n|-damage|p2a: Flutter Mane|128/203\n|\n|upkeep\n|turn|3\n|\n|t:|1781384934\n|switch|p1a: Basculin|Basculin-Blue-Striped, L86, F|261/261\n|move|p2a: Flutter Mane|Mystical Fire|p1a: Basculin\n|-resisted|p1a: Basculin\n|-damage|p1a: Basculin|203/261\n|-unboost|p1a: Basculin|spa|1\n|\n|upkeep\n|turn|4\n|\n|t:|1781384940\n|-end|p2a: Flutter Mane|Protosynthesis|[silent]\n|switch|p2a: Alomomola|Alomomola, L87, M|429/429\n|move|p1a: Basculin|Flip Turn|p2a: Alomomola\n|-resisted|p2a: Alomomola\n|-damage|p2a: Alomomola|368/429\n|-damage|p1a: Basculin|160/261|[from] item: Rocky Helmet|[of] p2a: Alomomola\n|\n|t:|1781384942\n|switch|p1a: Thundurus|Thundurus-Therian, L80, M|258/258|[from] Flip Turn\n|\n|upkeep\n|turn|5\n|\n|t:|1781384947\n|switch|p2a: Eternatus|Eternatus, L69|308/308\n|-ability|p2a: Eternatus|Pressure\n|move|p1a: Thundurus|Volt Switch|p2a: Eternatus\n|-resisted|p2a: Eternatus\n|-damage|p2a: Eternatus|255/308\n|\n|t:|1781384949\n|switch|p1a: Espeon|Espeon, L84, F|246/246|[from] Volt Switch\n|\n|upkeep\n|turn|6\n|\n|t:|1781384952\n|switch|p2a: Kingambit|Kingambit, L74, F|270/270\n|-activate|p2a: Kingambit|ability: Supreme Overlord\n|-start|p2a: Kingambit|fallen1|[silent]\n|move|p1a: Espeon|Psyshock|p2a: Kingambit\n|-immune|p2a: Kingambit\n|\n|upkeep\n|turn|7\n|\n|t:|1781384958\n|switch|p1a: Landorus|Landorus-Therian, L76, M|260/260\n|-ability|p1a: Landorus|Intimidate|boost\n|-unboost|p2a: Kingambit|atk|1\n|move|p2a: Kingambit|Swords Dance|p2a: Kingambit\n|-boost|p2a: Kingambit|atk|2\n|\n|upkeep\n|turn|8\n|\n|t:|1781384964\n|-terastallize|p2a: Kingambit|Dark\n|move|p1a: Landorus|Earthquake|p2a: Kingambit\n|-damage|p2a: Kingambit|156/270\n|move|p2a: Kingambit|Swords Dance|p2a: Kingambit\n|-boost|p2a: Kingambit|atk|2\n|\n|-heal|p2a: Kingambit|172/270|[from] item: Leftovers\n|upkeep\n|turn|9\n|\n|t:|1781384969\n|move|p2a: Kingambit|Sucker Punch||[still]\n|-fail|p2a: Kingambit\n|move|p1a: Landorus|Stealth Rock|p2a: Kingambit\n|-sidestart|p2: Sacred Quill|move: Stealth Rock\n|\n|-heal|p2a: Kingambit|188/270|[from] item: Leftovers\n|upkeep\n|turn|10\n|\n|t:|1781384973\n|move|p2a: Kingambit|Sucker Punch|p1a: Landorus\n|-damage|p1a: Landorus|0 fnt\n|faint|p1a: Landorus\n|\n|-heal|p2a: Kingambit|204/270|[from] item: Leftovers\n|upkeep\n|\n|t:|1781384977\n|switch|p1a: Espeon|Espeon, L84, F|246/246\n|turn|11\n|\n|t:|1781384980\n|move|p1a: Espeon|Trick|p2a: Kingambit\n|-activate|p1a: Espeon|move: Trick|[of] p2a: Kingambit\n|-item|p2a: Kingambit|Choice Specs|[from] move: Trick\n|-item|p1a: Espeon|Leftovers|[from] move: Trick\n|move|p2a: Kingambit|Iron Head|p1a: Espeon\n|-damage|p1a: Espeon|0 fnt\n|faint|p1a: Espeon\n|\n|upkeep\n|\n|t:|1781384984\n|switch|p1a: Floatzel|Floatzel, L86, F|286/286\n|turn|12\n|\n|t:|1781384988\n|move|p1a: Floatzel|Wave Crash|p2a: Kingambit\n|-damage|p2a: Kingambit|32/270\n|-damage|p1a: Floatzel|229/286|[from] Recoil\n|move|p2a: Kingambit|Iron Head|p1a: Floatzel\n|-resisted|p1a: Floatzel\n|-damage|p1a: Floatzel|81/286\n|\n|upkeep\n|turn|13\n|\n|t:|1781384995\n|switch|p1a: Thundurus|Thundurus-Therian, L80, M|258/258\n|move|p2a: Kingambit|Iron Head|p1a: Thundurus\n|-resisted|p1a: Thundurus\n|-damage|p1a: Thundurus|102/258\n|\n|upkeep\n|turn|14\n|\n|t:|1781384999\n|move|p1a: Thundurus|Volt Switch|p2a: Kingambit\n|-damage|p2a: Kingambit|0 fnt\n|faint|p2a: Kingambit\n|-end|p2a: Kingambit|fallen1|[silent]\n|\n|t:|1781385003\n|switch|p1a: Basculin|Basculin-Blue-Striped, L86, F, tera:Poison|136/235|[from] Volt Switch\n|\n|upkeep\n|\n|t:|1781385006\n|switch|p2a: Alomomola|Alomomola, L87, M|429/429\n|-damage|p2a: Alomomola|376/429|[from] Stealth Rock\n|turn|15\n|\n|t:|1781385015\n|move|p1a: Basculin|Dark Pulse|p2a: Alomomola\n|-damage|p2a: Alomomola|139/429\n|move|p2a: Alomomola|Scald|p1a: Basculin\n|-crit|p1a: Basculin\n|-damage|p1a: Basculin|34/235\n|replace|p1a: Zoroark|Zoroark, L83, M\n|-end|p1a: Zoroark|Illusion\n|\n|upkeep\n|turn|16\n|\n|t:|1781385023\n|move|p1a: Zoroark|Dark Pulse|p2a: Alomomola\n|-damage|p2a: Alomomola|0 fnt\n|faint|p2a: Alomomola\n|\n|upkeep\n|c|\u2606heyhiyoimnew|Gg\n|\n|t:|1781385031\n|switch|p2a: Flutter Mane|Flutter Mane, L74|128/203\n|-damage|p2a: Flutter Mane|103/203|[from] Stealth Rock\n|turn|17\n|\n|t:|1781385037\n|move|p2a: Flutter Mane|Moonblast|p1a: Zoroark\n|-resisted|p1a: Zoroark\n|-damage|p1a: Zoroark|0 fnt\n|faint|p1a: Zoroark\n|\n|upkeep\n|\n|t:|1781385043\n|switch|p1a: Floatzel|Floatzel, L86, F|81/286\n|turn|18\n|\n|t:|1781385046\n|move|p1a: Floatzel|Ice Spinner|p2a: Flutter Mane\n|-damage|p2a: Flutter Mane|0 fnt\n|faint|p2a: Flutter Mane\n|-end|p2a: Flutter Mane|Protosynthesis|[silent]\n|\n|upkeep\n|\n|t:|1781385049\n|switch|p2a: Orthworm|Orthworm, L88, M|266/266\n|-damage|p2a: Orthworm|250/266|[from] Stealth Rock\n|turn|19\n|\n|t:|1781385054\n|switch|p1a: Basculin|Basculin-Blue-Striped, L86, F|160/261\n|move|p2a: Orthworm|Coil|p2a: Orthworm\n|-boost|p2a: Orthworm|atk|1\n|-boost|p2a: Orthworm|def|1\n|-boost|p2a: Orthworm|accuracy|1\n|\n|upkeep\n|turn|20\n|\n|t:|1781385062\n|move|p1a: Basculin|Wave Crash|p2a: Orthworm\n|-damage|p2a: Orthworm|136/266\n|-damage|p1a: Basculin|122/261|[from] Recoil\n|move|p2a: Orthworm|Body Press|p1a: Basculin\n|-damage|p1a: Basculin|0 fnt\n|faint|p1a: Basculin\n|\n|upkeep\n|\n|t:|1781385064\n|switch|p1a: Thundurus|Thundurus-Therian, L80, M|102/258\n|turn|21\n|\n|t:|1781385069\n|move|p1a: Thundurus|Volt Switch|p2a: Orthworm\n|-damage|p2a: Orthworm|7/266\n|\n|t:|1781385071\n|switch|p1a: Floatzel|Floatzel, L86, F|81/286|[from] Volt Switch\n|move|p2a: Orthworm|Rest|p2a: Orthworm\n|-status|p2a: Orthworm|slp|[from] move: Rest\n|-heal|p2a: Orthworm|266/266 slp|[silent]\n|-enditem|p2a: Orthworm|Chesto Berry|[eat]\n|-curestatus|p2a: Orthworm|slp|[msg]\n|\n|upkeep\n|turn|22\n|\n|t:|1781385079\n|move|p1a: Floatzel|Wave Crash|p2a: Orthworm\n|-damage|p2a: Orthworm|169/266\n|-damage|p1a: Floatzel|49/286|[from] Recoil\n|move|p2a: Orthworm|Body Press|p1a: Floatzel\n|-damage|p1a: Floatzel|0 fnt\n|faint|p1a: Floatzel\n|\n|upkeep\n|\n|t:|1781385081\n|switch|p1a: Thundurus|Thundurus-Therian, L80, M|102/258\n|turn|23\n|\n|t:|1781385091\n|move|p1a: Thundurus|Thunderbolt|p2a: Orthworm\n|-damage|p2a: Orthworm|21/266\n|move|p2a: Orthworm|Body Press|p1a: Thundurus\n|-resisted|p1a: Thundurus\n|-damage|p1a: Thundurus|23/258\n|\n|upkeep\n|turn|24\n|n|\u2606Sacred Quill|sacredquill\n|\n|t:|1781385097\n|move|p1a: Thundurus|Thunderbolt|p2a: Orthworm\n|-damage|p2a: Orthworm|0 fnt\n|faint|p2a: Orthworm\n|\n|upkeep\n|\n|t:|1781385099\n|switch|p2a: Eternatus|Eternatus, L69|255/308\n|-damage|p2a: Eternatus|217/308|[from] Stealth Rock\n|-ability|p2a: Eternatus|Pressure\n|turn|25\n|c|\u2606heyhiyoimnew|Wp\n|\n|t:|1781385106\n|move|p1a: Thundurus|Thunderbolt|p2a: Eternatus\n|-resisted|p2a: Eternatus\n|-damage|p2a: Eternatus|145/308\n|move|p2a: Eternatus|Dynamax Cannon|p1a: Thundurus\n|-damage|p1a: Thundurus|0 fnt\n|faint|p1a: Thundurus\n|\n|win|Sacred Quill\n|raw|heyhiyoimnew's rating: 1746 &rarr; <strong>1725</strong><br />(-21 for losing)\n|raw|Sacred Quill's rating: 1735 &rarr; <strong>1756</strong><br />(+21 for winning)\n|l|\u2606heyhiyoimnew\n|player|p1|\n", "uploadtime": 1781385109, "views": 6, "formatid": "gen9randombattle", "rating": 1725, "private": 0, "password": null}