{"id": "gen9randombattle-2631719138", "format": "[Gen 9] Random Battle", "players": ["juanbalas01", "duuhhao"], "log": "|j|\u2606juanbalas01\n|j|\u2606duuhhao\n|t:|1781428009\n|gametype|singles\n|player|p1|juanbalas01|265|2109\n|player|p2|duuhhao|clair|2182\n|gen|9\n|tier|[Gen 9] Random Battle\n|rated|\n|rule|Species Clause: Limit one of each Pok\u00e9mon\n|rule|HP Percentage Mod: HP is shown in percentages\n|rule|Sleep Clause Mod: Limit one foe put to sleep\n|rule|Illusion Level Mod: Illusion disguises the Pok\u00e9mon's true level\n|\n|t:|1781428009\n|teamsize|p1|6\n|teamsize|p2|6\n|start\n|switch|p1a: Glastrier|Glastrier, L86|312/312\n|switch|p2a: Arceus|Arceus-Dragon, L71|288/288\n|turn|1\n|\n|t:|1781428021\n|switch|p2a: Bisharp|Bisharp, L79, F|232/232\n|move|p1a: Glastrier|Icicle Crash|p2a: Bisharp\n|-resisted|p2a: Bisharp\n|-damage|p2a: Bisharp|194/232\n|\n|upkeep\n|turn|2\n|\n|t:|1781428028\n|switch|p1a: Iron Moth|Iron Moth, L78|253/253\n|move|p2a: Bisharp|Iron Head|p1a: Iron Moth\n|-resisted|p1a: Iron Moth\n|-damage|p1a: Iron Moth|186/253\n|\n|upkeep\n|turn|3\n|\n|t:|1781428035\n|move|p1a: Iron Moth|Sludge Wave|p2a: Bisharp\n|-immune|p2a: Bisharp\n|move|p2a: Bisharp|Throat Chop|p1a: Iron Moth\n|-damage|p1a: Iron Moth|45/253\n|-start|p1a: Iron Moth|Throat Chop|[silent]\n|\n|upkeep\n|turn|4\n|\n|t:|1781428041\n|move|p2a: Bisharp|Sucker Punch||[still]\n|-fail|p2a: Bisharp\n|move|p1a: Iron Moth|Morning Sun|p1a: Iron Moth\n|-heal|p1a: Iron Moth|171/253\n|\n|-end|p1a: Iron Moth|Throat Chop|[silent]\n|upkeep\n|turn|5\n|\n|t:|1781428045\n|move|p1a: Iron Moth|Fire Blast|p2a: Bisharp\n|-supereffective|p2a: Bisharp\n|-crit|p2a: Bisharp\n|-damage|p2a: Bisharp|0 fnt\n|faint|p2a: Bisharp\n|\n|upkeep\n|\n|t:|1781428049\n|switch|p2a: Latias|Latias, L79, F|256/256\n|turn|6\n|inactive|Battle timer is ON: inactive players will automatically lose when time's up. (requested by juanbalas01)\n|\n|t:|1781428066\n|-end|p1a: Iron Moth|Quark Drive|[silent]\n|switch|p1a: Glastrier|Glastrier, L86|312/312\n|move|p2a: Latias|Psyshock|p1a: Glastrier\n|-damage|p1a: Glastrier|239/312\n|\n|upkeep\n|turn|7\n|\n|t:|1781428070\n|switch|p2a: Regice|Regice, L88|284/284\n|move|p1a: Glastrier|Icicle Crash|p2a: Regice|[miss]\n|-miss|p1a: Glastrier|p2a: Regice\n|\n|upkeep\n|turn|8\n|\n|t:|1781428075\n|switch|p1a: Iron Moth|Iron Moth, L78|171/253\n|move|p2a: Regice|Thunder Wave|p1a: Iron Moth\n|-status|p1a: Iron Moth|par\n|\n|upkeep\n|turn|9\n|\n|t:|1781428084\n|move|p2a: Regice|Thunderbolt|p1a: Iron Moth\n|-damage|p1a: Iron Moth|105/253 par\n|cant|p1a: Iron Moth|par\n|\n|upkeep\n|turn|10\n|\n|t:|1781428088\n|move|p2a: Regice|Thunderbolt|p1a: Iron Moth\n|-damage|p1a: Iron Moth|39/253 par\n|move|p1a: Iron Moth|Morning Sun|p1a: Iron Moth\n|-heal|p1a: Iron Moth|165/253 par\n|\n|upkeep\n|turn|11\n|\n|t:|1781428093\n|switch|p2a: Latias|Latias, L79, F|256/256\n|move|p1a: Iron Moth|Morning Sun|p1a: Iron Moth\n|-heal|p1a: Iron Moth|253/253 par\n|\n|upkeep\n|turn|12\n|\n|t:|1781428098\n|move|p2a: Latias|Psyshock|p1a: Iron Moth\n|-supereffective|p1a: Iron Moth\n|-damage|p1a: Iron Moth|0 fnt\n|faint|p1a: Iron Moth\n|-end|p1a: Iron Moth|Quark Drive|[silent]\n|\n|upkeep\n|\n|t:|1781428100\n|switch|p1a: Glastrier|Glastrier, L86|239/312\n|turn|13\n|\n|t:|1781428103\n|switch|p2a: Regice|Regice, L88|284/284\n|move|p1a: Glastrier|Heavy Slam|p2a: Regice\n|-supereffective|p2a: Regice\n|-damage|p2a: Regice|94/284\n|\n|upkeep\n|turn|14\n|\n|t:|1781428108\n|move|p2a: Regice|Body Press|p1a: Glastrier\n|-supereffective|p1a: Glastrier\n|-damage|p1a: Glastrier|143/312\n|move|p1a: Glastrier|Heavy Slam|p2a: Regice\n|-supereffective|p2a: Regice\n|-damage|p2a: Regice|0 fnt\n|faint|p2a: Regice\n|-ability|p1a: Glastrier|Chilling Neigh|boost\n|-boost|p1a: Glastrier|atk|1\n|\n|upkeep\n|\n|t:|1781428115\n|switch|p2a: Arceus|Arceus-Dragon, L71|288/288\n|turn|15\n|\n|t:|1781428121\n|move|p2a: Arceus|Dragon Dance|p2a: Arceus\n|-boost|p2a: Arceus|atk|1\n|-boost|p2a: Arceus|spe|1\n|move|p1a: Glastrier|Icicle Crash|p2a: Arceus\n|-supereffective|p2a: Arceus\n|-damage|p2a: Arceus|0 fnt\n|faint|p2a: Arceus\n|-ability|p1a: Glastrier|Chilling Neigh|boost\n|-boost|p1a: Glastrier|atk|1\n|\n|upkeep\n|-message|duuhhao forfeited.\n|\n|win|juanbalas01\n", "inputlog": ">version a8376a258c1d4662feba110a92103f3664a72141\n>start {\"formatid\":\"gen9randombattle\",\"seed\":\"sodium,9206247a57d7defc0dd4ffc53a5d87f5\",\"rated\":\"Rated battle\"}\n>player p1 {\"name\":\"juanbalas01\",\"avatar\":\"265\",\"rating\":2109,\"seed\":\"sodium,40f76c898029396190c3ea925f4c0e4c\"}\n>player p2 {\"name\":\"duuhhao\",\"avatar\":\"clair\",\"rating\":2182,\"seed\":\"sodium,ffd95454a077458ba808b1649f388d31\"}\n>p1 move iciclecrash\n>p2 switch 3\n>p1 switch 5\n>p2 move ironhead\n>p1 move sludgewave\n>p2 move throatchop\n>p1 move morningsun\n>p2 move suckerpunch\n>p1 move fireblast\n>p2 move throatchop\n>p2 switch 5\n>p1 switch 5\n>p2 move psyshock\n>p1 move iciclecrash\n>p2 switch 6\n>p1 switch 5\n>p2 move thunderwave\n>p1 move sludgewave\n>p2 move thunderbolt\n>p1 move morningsun\n>p2 move thunderbolt\n>p1 move morningsun\n>p2 switch 6\n>p1 move sludgewave\n>p2 move psyshock\n>p1 switch 5\n>p1 move heavyslam\n>p2 switch 6\n>p1 move heavyslam\n>p2 move bodypress\n>p2 switch 3\n>p1 move iciclecrash\n>p2 move dragondance\n>forcelose p2", "uploadtime": 1781428011, "views": 5, "formatid": "gen9randombattle", "rating": null, "private": 0, "password": null}