{"id": "gen9randombattle-2631946174", "format": "[Gen 9] Random Battle", "players": ["grabschaender", "SaberTB"], "log": "|j|\u2606grabschaender\n|j|\u2606SaberTB\n|t:|1781458605\n|gametype|singles\n|player|p1|grabschaender|candice|2183\n|player|p2|SaberTB|169|2070\n|gen|9\n|tier|[Gen 9] Random Battle\n|rated|\n|rule|Species Clause: Limit one of each Pok\u00e9mon\n|rule|HP Percentage Mod: HP is shown in percentages\n|rule|Sleep Clause Mod: Limit one foe put to sleep\n|rule|Illusion Level Mod: Illusion disguises the Pok\u00e9mon's true level\n|\n|t:|1781458605\n|teamsize|p1|6\n|teamsize|p2|6\n|start\n|switch|p1a: Meowscarada|Meowscarada, L78, F|247/247\n|switch|p2a: Polteageist|Polteageist, L78|222/222\n|turn|1\n|\n|t:|1781458624\n|switch|p2a: Hitmonchan|Hitmonchan, L87, M|229/229\n|move|p1a: Meowscarada|Triple Axel|p2a: Hitmonchan\n|-start|p1a: Meowscarada|typechange|Ice|[from] ability: Protean\n|-damage|p2a: Hitmonchan|196/229\n|-damage|p2a: Hitmonchan|127/229\n|-damage|p2a: Hitmonchan|39/229\n|-hitcount|p2a: Hitmonchan|3\n|\n|-heal|p2a: Hitmonchan|53/229|[from] item: Leftovers\n|upkeep\n|turn|2\n|\n|t:|1781458649\n|switch|p2a: Entei|Entei, L78|307/307\n|move|p1a: Meowscarada|Triple Axel|p2a: Entei\n|-resisted|p2a: Entei\n|-damage|p2a: Entei|290/307\n|-resisted|p2a: Entei\n|-damage|p2a: Entei|255/307\n|-resisted|p2a: Entei\n|-damage|p2a: Entei|204/307\n|-hitcount|p2a: Entei|3\n|\n|upkeep\n|turn|3\n|\n|t:|1781458660\n|switch|p1a: Palkia|Palkia-Origin, L72|249/249\n|-ability|p1a: Palkia|Pressure\n|move|p2a: Entei|Sacred Fire|p1a: Palkia\n|-resisted|p1a: Palkia\n|-damage|p1a: Palkia|209/249\n|-status|p1a: Palkia|brn\n|\n|-damage|p1a: Palkia|194/249 brn|[from] brn\n|upkeep\n|turn|4\n|\n|t:|1781458677\n|switch|p2a: Lumineon|Lumineon, L93, M|279/279\n|move|p1a: Palkia|Spacial Rend|p2a: Lumineon\n|-damage|p2a: Lumineon|162/279\n|\n|-damage|p1a: Palkia|179/249 brn|[from] brn\n|upkeep\n|turn|5\n|\n|t:|1781458684\n|switch|p1a: Sylveon|Sylveon, L85, M|300/300\n|move|p2a: Lumineon|Alluring Voice|p1a: Sylveon\n|-damage|p1a: Sylveon|249/300\n|-damage|p2a: Lumineon|135/279|[from] item: Life Orb\n|\n|-heal|p1a: Sylveon|267/300|[from] item: Leftovers\n|upkeep\n|turn|6\n|\n|t:|1781458692\n|switch|p2a: Entei|Entei, L78|204/307\n|move|p1a: Sylveon|Wish|p1a: Sylveon\n|\n|-heal|p1a: Sylveon|285/300|[from] item: Leftovers\n|upkeep\n|turn|7\n|\n|t:|1781458703\n|switch|p2a: Polteageist|Polteageist, L78|222/222\n|switch|p1a: Palkia|Palkia-Origin, L72|179/249 brn\n|-ability|p1a: Palkia|Pressure\n|\n|-heal|p1a: Palkia|249/249 brn|[from] move: Wish|[wisher] Sylveon\n|-damage|p1a: Palkia|234/249 brn|[from] brn\n|upkeep\n|turn|8\n|\n|t:|1781458708\n|move|p1a: Palkia|Thunder Wave|p2a: Polteageist\n|-status|p2a: Polteageist|par\n|move|p2a: Polteageist|Shell Smash|p2a: Polteageist\n|-unboost|p2a: Polteageist|def|1\n|-unboost|p2a: Polteageist|spd|1\n|-boost|p2a: Polteageist|atk|2\n|-boost|p2a: Polteageist|spa|2\n|-boost|p2a: Polteageist|spe|2\n|-enditem|p2a: Polteageist|White Herb\n|-clearnegativeboost|p2a: Polteageist|[silent]\n|\n|-damage|p1a: Palkia|219/249 brn|[from] brn\n|upkeep\n|turn|9\n|\n|t:|1781458747\n|switch|p1a: Meowscarada|Meowscarada, L78, F|247/247\n|move|p2a: Polteageist|Shell Smash|p2a: Polteageist\n|-unboost|p2a: Polteageist|def|1\n|-unboost|p2a: Polteageist|spd|1\n|-boost|p2a: Polteageist|atk|2\n|-boost|p2a: Polteageist|spa|2\n|-boost|p2a: Polteageist|spe|2\n|\n|upkeep\n|turn|10\n|\n|t:|1781458769\n|-terastallize|p2a: Polteageist|Fighting\n|move|p1a: Meowscarada|Triple Axel|p2a: Polteageist\n|-start|p1a: Meowscarada|typechange|Ice|[from] ability: Protean\n|-damage|p2a: Polteageist|161/222 par\n|-damage|p2a: Polteageist|47/222 par\n|-start|p1a: Meowscarada|Disable|Triple Axel|[from] ability: Cursed Body|[of] p2a: Polteageist\n|-damage|p2a: Polteageist|0 fnt\n|faint|p2a: Polteageist\n|-hitcount|p2: Polteageist|3\n|\n|upkeep\n|-message|SaberTB forfeited.\n|\n|win|grabschaender\n", "inputlog": ">version a8376a258c1d4662feba110a92103f3664a72141\n>start {\"formatid\":\"gen9randombattle\",\"seed\":\"sodium,f09b57e642871b00243005da00709295\",\"rated\":\"Rated battle\"}\n>player p1 {\"name\":\"grabschaender\",\"avatar\":\"candice\",\"rating\":2183,\"seed\":\"sodium,9588ae34317082e7640eabeac8052c27\"}\n>player p2 {\"name\":\"SaberTB\",\"avatar\":\"169\",\"rating\":2070,\"seed\":\"sodium,884667622dff3c6b7d1c0c6661fa5af8\"}\n>p1 move tripleaxel\n>p2 switch 2\n>p1 move tripleaxel\n>p2 switch 3\n>p1 switch 3\n>p2 move sacredfire\n>p1 move spacialrend\n>p2 switch 4\n>p1 switch 6\n>p2 move alluringvoice\n>p1 move wish\n>p2 switch 4\n>p1 switch 6\n>p2 switch 2\n>p1 move thunderwave\n>p2 move shellsmash\n>p1 switch 3\n>p2 move shellsmash\n>p1 move tripleaxel\n>p2 move shellsmash terastallize\n>forcelose p2", "uploadtime": 1781458606, "views": 4, "formatid": "gen9randombattle", "rating": null, "private": 0, "password": null}