{"id": "gen9randombattle-2631901074", "format": "[Gen 9] Random Battle", "players": ["koffingwoffing", "moenke"], "log": "|j|\u2606koffingwoffing\n|j|\u2606moenke\n|t:|1781453666\n|gametype|singles\n|player|p1|koffingwoffing|will-gen2|2131\n|player|p2|moenke|2|2135\n|gen|9\n|tier|[Gen 9] Random Battle\n|rated|\n|rule|Species Clause: Limit one of each Pok\u00e9mon\n|rule|HP Percentage Mod: HP is shown in percentages\n|rule|Sleep Clause Mod: Limit one foe put to sleep\n|rule|Illusion Level Mod: Illusion disguises the Pok\u00e9mon's true level\n|\n|t:|1781453666\n|teamsize|p1|6\n|teamsize|p2|6\n|start\n|switch|p1a: Emboar|Emboar, L84, M|322/322\n|switch|p2a: Volcarona|Volcarona, L77, M|257/257\n|turn|1\n|\n|t:|1781453698\n|switch|p2a: Garganacl|Garganacl, L80, M|291/291\n|move|p1a: Emboar|Flare Blitz|p2a: Garganacl\n|-resisted|p2a: Garganacl\n|-damage|p2a: Garganacl|214/291\n|-damage|p1a: Emboar|297/322|[from] Recoil\n|\n|-heal|p1a: Emboar|317/322|[from] item: Leftovers\n|-heal|p2a: Garganacl|232/291|[from] item: Leftovers\n|upkeep\n|turn|2\n|inactive|Battle timer is ON: inactive players will automatically lose when time's up. (requested by moenke)\n|\n|t:|1781453736\n|move|p1a: Emboar|Drain Punch|p2a: Garganacl\n|-supereffective|p2a: Garganacl\n|-damage|p2a: Garganacl|74/291\n|-heal|p1a: Emboar|322/322|[from] drain|[of] p2a: Garganacl\n|move|p2a: Garganacl|Salt Cure|p1a: Emboar\n|-damage|p1a: Emboar|271/322\n|-start|p1a: Emboar|Salt Cure\n|\n|-heal|p1a: Emboar|291/322|[from] item: Leftovers\n|-heal|p2a: Garganacl|92/291|[from] item: Leftovers\n|-damage|p1a: Emboar|251/322|[from] Salt Cure\n|upkeep\n|turn|3\n|\n|t:|1781453758\n|switch|p2a: Gouging Fire|Gouging Fire, L74|277/277\n|move|p1a: Emboar|Trailblaze|p2a: Gouging Fire\n|-resisted|p2a: Gouging Fire\n|-damage|p2a: Gouging Fire|268/277\n|-boost|p1a: Emboar|spe|1\n|\n|-heal|p1a: Emboar|271/322|[from] item: Leftovers\n|-damage|p1a: Emboar|231/322|[from] Salt Cure\n|upkeep\n|turn|4\n|inactive|koffingwoffing has 120 seconds left.\n|\n|t:|1781453786\n|move|p1a: Emboar|Drain Punch|p2a: Gouging Fire\n|-damage|p2a: Gouging Fire|186/277\n|-heal|p1a: Emboar|272/322|[from] drain|[of] p2a: Gouging Fire\n|move|p2a: Gouging Fire|Dragon Dance|p2a: Gouging Fire\n|-boost|p2a: Gouging Fire|atk|1\n|-boost|p2a: Gouging Fire|spe|1\n|\n|-heal|p1a: Emboar|292/322|[from] item: Leftovers\n|-damage|p1a: Emboar|252/322|[from] Salt Cure\n|upkeep\n|turn|5\n|\n|t:|1781453795\n|move|p2a: Gouging Fire|Outrage|p1a: Emboar\n|-damage|p1a: Emboar|47/322\n|move|p1a: Emboar|Drain Punch|p2a: Gouging Fire\n|-damage|p2a: Gouging Fire|96/277\n|-heal|p1a: Emboar|92/322|[from] drain|[of] p2a: Gouging Fire\n|\n|-heal|p1a: Emboar|112/322|[from] item: Leftovers\n|-damage|p1a: Emboar|72/322|[from] Salt Cure\n|upkeep\n|turn|6\n|inactive|koffingwoffing has 120 seconds left.\n|\n|t:|1781453819\n|move|p2a: Gouging Fire|Outrage|p1a: Emboar|[from] lockedmove\n|-damage|p1a: Emboar|0 fnt\n|faint|p1a: Emboar\n|-start|p2a: Gouging Fire|confusion|[fatigue]\n|\n|upkeep\n|\n|t:|1781453847\n|switch|p1a: Crawdaunt|Crawdaunt, L84, M|243/243\n|turn|7\n|\n|t:|1781453853\n|-end|p2a: Gouging Fire|Protosynthesis|[silent]\n|switch|p2a: Cacturne|Cacturne, L92, F|278/278\n|move|p1a: Crawdaunt|Knock Off|p2a: Cacturne\n|-resisted|p2a: Cacturne\n|-damage|p2a: Cacturne|153/278\n|-enditem|p2a: Cacturne|Life Orb|[from] move: Knock Off|[of] p1a: Crawdaunt\n|-damage|p1a: Crawdaunt|219/243|[from] item: Life Orb\n|\n|upkeep\n|turn|8\n|inactive|koffingwoffing has 90 seconds left.\n|\n|t:|1781453886\n|switch|p1a: Virizion|Virizion, L82|283/283\n|move|p2a: Cacturne|Swords Dance|p2a: Cacturne\n|-boost|p2a: Cacturne|atk|2\n|\n|upkeep\n|turn|9\n|\n|t:|1781453898\n|move|p2a: Cacturne|Sucker Punch|p1a: Virizion\n|-resisted|p1a: Virizion\n|-damage|p1a: Virizion|173/283\n|-ability|p1a: Virizion|Justified|boost\n|-boost|p1a: Virizion|atk|1\n|move|p1a: Virizion|Close Combat|p2a: Cacturne\n|-supereffective|p2a: Cacturne\n|-damage|p2a: Cacturne|0 fnt\n|-unboost|p1a: Virizion|def|1\n|-unboost|p1a: Virizion|spd|1\n|faint|p2a: Cacturne\n|-damage|p1a: Virizion|145/283|[from] item: Life Orb\n|\n|upkeep\n|\n|t:|1781453900\n|switch|p2a: Rampardos|Rampardos, L90, M|321/321\n|turn|10\n|inactive|koffingwoffing has 90 seconds left.\n|\n|t:|1781453928\n|move|p2a: Rampardos|Fire Punch|p1a: Virizion\n|-supereffective|p1a: Virizion\n|-damage|p1a: Virizion|0 fnt\n|faint|p1a: Virizion\n|\n|upkeep\n|inactive|koffingwoffing has 60 seconds left.\n|\n|t:|1781453953\n|switch|p1a: Minior|Minior-Indigo, L79|224/224\n|-formechange|p1a: Minior|Minior-Meteor||[from] ability: Shields Down\n|turn|11\n|\n|t:|1781453977\n|switch|p2a: Hitmonchan|Hitmonchan, L87, M|229/229\n|move|p1a: Minior|Shell Smash|p1a: Minior\n|-unboost|p1a: Minior|def|1\n|-unboost|p1a: Minior|spd|1\n|-boost|p1a: Minior|atk|2\n|-boost|p1a: Minior|spa|2\n|-boost|p1a: Minior|spe|2\n|-enditem|p1a: Minior|White Herb\n|-clearnegativeboost|p1a: Minior|[silent]\n|\n|upkeep\n|turn|12\n|inactive|koffingwoffing has 60 seconds left.\n|\n|t:|1781453997\n|-terastallize|p2a: Hitmonchan|Dark\n|move|p1a: Minior|Acrobatics|p2a: Hitmonchan\n|-damage|p2a: Hitmonchan|64/229\n|move|p2a: Hitmonchan|Ice Punch|p1a: Minior\n|-supereffective|p1a: Minior\n|-damage|p1a: Minior|45/224\n|-damage|p2a: Hitmonchan|42/229|[from] item: Life Orb\n|\n|-formechange|p1a: Minior|Minior-Indigo||[from] ability: Shields Down\n|upkeep\n|turn|13\n|inactive|koffingwoffing has 60 seconds left.\n|\n|t:|1781454025\n|move|p1a: Minior|Acrobatics|p2a: Hitmonchan\n|-damage|p2a: Hitmonchan|0 fnt\n|faint|p2a: Hitmonchan\n|\n|upkeep\n|inactive|moenke has 120 seconds left.\n|\n|t:|1781454053\n|switch|p2a: Rampardos|Rampardos, L90, M|321/321\n|turn|14\n|\n|t:|1781454061\n|move|p1a: Minior|Earthquake|p2a: Rampardos\n|-supereffective|p2a: Rampardos\n|-damage|p2a: Rampardos|7/321\n|move|p2a: Rampardos|Rock Slide|p1a: Minior\n|-supereffective|p1a: Minior\n|-damage|p1a: Minior|0 fnt\n|faint|p1a: Minior\n|\n|upkeep\n|\n|t:|1781454080\n|switch|p1a: Bastiodon|Bastiodon, L89, F|252/252\n|turn|15\n|\n|t:|1781454092\n|switch|p2a: Garganacl|Garganacl, L80, M|92/291\n|move|p1a: Bastiodon|Iron Defense|p1a: Bastiodon\n|-boost|p1a: Bastiodon|def|2\n|\n|-heal|p2a: Garganacl|110/291|[from] item: Leftovers\n|upkeep\n|turn|16\n|\n|t:|1781454099\n|move|p1a: Bastiodon|Body Press|p2a: Garganacl\n|-supereffective|p2a: Garganacl\n|-damage|p2a: Garganacl|0 fnt\n|faint|p2a: Garganacl\n|\n|upkeep\n|\n|t:|1781454105\n|switch|p2a: Volcarona|Volcarona, L77, M|257/257\n|turn|17\n|\n|t:|1781454115\n|move|p2a: Volcarona|Quiver Dance|p2a: Volcarona\n|-boost|p2a: Volcarona|spa|1\n|-boost|p2a: Volcarona|spd|1\n|-boost|p2a: Volcarona|spe|1\n|move|p1a: Bastiodon|Iron Defense|p1a: Bastiodon\n|-boost|p1a: Bastiodon|def|2\n|\n|upkeep\n|turn|18\n|\n|t:|1781454129\n|-terastallize|p1a: Bastiodon|Fighting\n|move|p2a: Volcarona|Fire Blast|p1a: Bastiodon\n|-damage|p1a: Bastiodon|117/252\n|move|p1a: Bastiodon|Body Press|p2a: Volcarona\n|-resisted|p2a: Volcarona\n|-crit|p2a: Volcarona\n|-damage|p2a: Volcarona|0 fnt\n|faint|p2a: Volcarona\n|\n|upkeep\n|\n|t:|1781454148\n|switch|p2a: Rampardos|Rampardos, L90, M|7/321\n|turn|19\n|\n|t:|1781454156\n|move|p2a: Rampardos|Fire Punch|p1a: Bastiodon\n|-damage|p1a: Bastiodon|95/252\n|move|p1a: Bastiodon|Body Press|p2a: Rampardos\n|-supereffective|p2a: Rampardos\n|-damage|p2a: Rampardos|0 fnt\n|faint|p2a: Rampardos\n|\n|upkeep\n|\n|t:|1781454158\n|switch|p2a: Gouging Fire|Gouging Fire, L74|96/277\n|turn|20\n|\n|t:|1781454165\n|move|p2a: Gouging Fire|Outrage|p1a: Bastiodon\n|-damage|p1a: Bastiodon|74/252\n|move|p1a: Bastiodon|Body Press|p2a: Gouging Fire\n|-crit|p2a: Gouging Fire\n|-damage|p2a: Gouging Fire|0 fnt\n|faint|p2a: Gouging Fire\n|-end|p2a: Gouging Fire|Protosynthesis|[silent]\n|\n|win|koffingwoffing\n", "inputlog": ">version a8376a258c1d4662feba110a92103f3664a72141\n>start {\"formatid\":\"gen9randombattle\",\"seed\":\"sodium,285cbcbb33b25e3eb5b8d73004e6964b\",\"rated\":\"Rated battle\"}\n>player p1 {\"name\":\"koffingwoffing\",\"avatar\":\"will-gen2\",\"rating\":2131,\"seed\":\"sodium,fe8d79beac06caa071b57181ce7fdc31\"}\n>player p2 {\"name\":\"moenke\",\"avatar\":\"2\",\"rating\":2135,\"seed\":\"sodium,90ea790cb2439d43a4454dcd68494e13\"}\n>p1 move flareblitz\n>p2 switch 5\n>p1 move drainpunch\n>p2 move saltcure\n>p1 move trailblaze\n>p2 switch 3\n>p1 move drainpunch\n>p2 move dragondance\n>p1 move drainpunch\n>p2 move outrage\n>p1 move drainpunch\n>p2 move outrage\n>p1 switch 4\n>p1 move knockoff\n>p2 switch 6\n>p1 switch 6\n>p2 move swordsdance\n>p1 move closecombat\n>p2 move suckerpunch\n>p2 switch 4\n>p1 move closecombat\n>p2 move firepunch\n>p1 switch 3\n>p1 move shellsmash\n>p2 switch 2\n>p1 move acrobatics\n>p2 move icepunch terastallize\n>p1 move acrobatics\n>p2 move icepunch\n>p2 switch 2\n>p1 move earthquake\n>p2 move rockslide\n>p1 switch 5\n>p1 move irondefense\n>p2 switch 3\n>p1 move bodypress\n>p2 move saltcure\n>p2 switch 5\n>p1 move irondefense\n>p2 move quiverdance\n>p1 move bodypress terastallize\n>p2 move fireblast\n>p2 switch 3\n>p1 move bodypress\n>p2 move firepunch\n>p2 switch 6\n>p1 move bodypress\n>p2 move outrage", "uploadtime": 1781453668, "views": 6, "formatid": "gen9randombattle", "rating": null, "private": 0, "password": null}