{"id": "gen9randombattle-2631479795", "format": "[Gen 9] Random Battle", "players": ["yonazu13", "green8Bit"], "log": "|j|\u2606yonazu13\n|j|\u2606green8Bit\n|t:|1781390150\n|gametype|singles\n|player|p1|yonazu13|101|1995\n|player|p2|green8Bit|266|2045\n|gen|9\n|tier|[Gen 9] Random Battle\n|rated|\n|rule|Species Clause: Limit one of each Pok\u00e9mon\n|rule|HP Percentage Mod: HP is shown in percentages\n|rule|Sleep Clause Mod: Limit one foe put to sleep\n|rule|Illusion Level Mod: Illusion disguises the Pok\u00e9mon's true level\n|\n|t:|1781390150\n|teamsize|p1|6\n|teamsize|p2|6\n|start\n|switch|p1a: Grimmsnarl|Grimmsnarl, L83, M|293/293\n|switch|p2a: Komala|Komala, L88, F|258/258\n|-ability|p2a: Komala|Comatose\n|turn|1\n|\n|t:|1781390175\n|move|p1a: Grimmsnarl|Reflect|p1a: Grimmsnarl\n|-sidestart|p1: yonazu13|Reflect\n|move|p2a: Komala|Knock Off|p1a: Grimmsnarl\n|-resisted|p1a: Grimmsnarl\n|-damage|p1a: Grimmsnarl|280/293\n|-enditem|p1a: Grimmsnarl|Light Clay|[from] move: Knock Off|[of] p2a: Komala\n|\n|upkeep\n|turn|2\n|\n|t:|1781390184\n|move|p1a: Grimmsnarl|Thunder Wave|p2a: Komala\n|-immune|p2a: Komala|[from] ability: Comatose\n|move|p2a: Komala|Body Slam|p1a: Grimmsnarl\n|-damage|p1a: Grimmsnarl|213/293\n|\n|upkeep\n|turn|3\n|\n|t:|1781390192\n|move|p1a: Grimmsnarl|Light Screen|p1a: Grimmsnarl\n|-sidestart|p1: yonazu13|move: Light Screen\n|move|p2a: Komala|Body Slam|p1a: Grimmsnarl\n|-damage|p1a: Grimmsnarl|138/293\n|\n|upkeep\n|turn|4\n|\n|t:|1781390208\n|switch|p1a: Perrserker|Perrserker, L89, M|269/269\n|move|p2a: Komala|Body Slam|p1a: Perrserker\n|-resisted|p1a: Perrserker\n|-damage|p1a: Perrserker|247/269\n|\n|upkeep\n|turn|5\n|\n|t:|1781390268\n|switch|p2a: Wyrdeer|Wyrdeer, L87, M|321/321\n|-ability|p2a: Wyrdeer|Intimidate|boost\n|-unboost|p1a: Perrserker|atk|1\n|move|p1a: Perrserker|Iron Head|p2a: Wyrdeer\n|-damage|p2a: Wyrdeer|170/321\n|\n|-heal|p2a: Wyrdeer|190/321|[from] item: Leftovers\n|upkeep\n|turn|6\n|\n|t:|1781390284\n|move|p2a: Wyrdeer|Thunder Wave|p1a: Perrserker\n|-status|p1a: Perrserker|par\n|move|p1a: Perrserker|Iron Head|p2a: Wyrdeer\n|-damage|p2a: Wyrdeer|49/321\n|\n|-heal|p2a: Wyrdeer|69/321|[from] item: Leftovers\n|upkeep\n|turn|7\n|\n|t:|1781390289\n|move|p2a: Wyrdeer|Earthquake|p1a: Perrserker\n|-supereffective|p1a: Perrserker\n|-damage|p1a: Perrserker|174/269 par\n|move|p1a: Perrserker|Iron Head|p2a: Wyrdeer\n|-damage|p2a: Wyrdeer|0 fnt\n|faint|p2a: Wyrdeer\n|\n|-sideend|p1: yonazu13|move: Light Screen\n|upkeep\n|\n|t:|1781390296\n|switch|p2a: Magcargo|Magcargo, L95, M|268/268\n|turn|8\n|\n|t:|1781390305\n|switch|p1a: Piloswine|Piloswine, L85, M|309/309\n|move|p2a: Magcargo|Stealth Rock|p1a: Piloswine\n|-sidestart|p1: yonazu13|move: Stealth Rock\n|\n|-sideend|p1: yonazu13|Reflect\n|upkeep\n|turn|9\n|\n|t:|1781390327\n|switch|p2a: Komala|Komala, L88, F|258/258\n|-ability|p2a: Komala|Comatose\n|move|p1a: Piloswine|Earthquake|p2a: Komala\n|-damage|p2a: Komala|131/258\n|\n|upkeep\n|turn|10\n|\n|t:|1781390338\n|switch|p1a: Grimmsnarl|Grimmsnarl, L83, M|138/293\n|-damage|p1a: Grimmsnarl|102/293|[from] Stealth Rock\n|move|p2a: Komala|Knock Off|p1a: Grimmsnarl\n|-resisted|p1a: Grimmsnarl\n|-damage|p1a: Grimmsnarl|84/293\n|\n|upkeep\n|turn|11\n|\n|t:|1781390352\n|move|p1a: Grimmsnarl|Reflect|p1a: Grimmsnarl\n|-sidestart|p1: yonazu13|Reflect\n|move|p2a: Komala|Rapid Spin|p1a: Grimmsnarl\n|-damage|p1a: Grimmsnarl|39/293\n|-boost|p2a: Komala|spe|1\n|\n|upkeep\n|turn|12\n|\n|t:|1781390357\n|move|p1a: Grimmsnarl|Light Screen|p1a: Grimmsnarl\n|-sidestart|p1: yonazu13|move: Light Screen\n|move|p2a: Komala|Body Slam|p1a: Grimmsnarl\n|-damage|p1a: Grimmsnarl|0 fnt\n|faint|p1a: Grimmsnarl\n|\n|upkeep\n|\n|t:|1781390363\n|switch|p1a: Perrserker|Perrserker, L89, M|174/269 par\n|-damage|p1a: Perrserker|158/269 par|[from] Stealth Rock\n|turn|13\n|\n|t:|1781390370\n|move|p2a: Komala|Earthquake|p1a: Perrserker\n|-supereffective|p1a: Perrserker\n|-damage|p1a: Perrserker|76/269 par\n|move|p1a: Perrserker|Close Combat|p2a: Komala\n|-supereffective|p2a: Komala\n|-damage|p2a: Komala|0 fnt\n|-unboost|p1a: Perrserker|def|1\n|-unboost|p1a: Perrserker|spd|1\n|faint|p2a: Komala\n|\n|upkeep\n|\n|t:|1781390396\n|switch|p2a: Magcargo|Magcargo, L95, M|268/268\n|turn|14\n|\n|t:|1781390400\n|move|p2a: Magcargo|Lava Plume|p1a: Perrserker\n|-supereffective|p1a: Perrserker\n|-damage|p1a: Perrserker|0 fnt\n|faint|p1a: Perrserker\n|\n|upkeep\n|\n|t:|1781390403\n|switch|p1a: Piloswine|Piloswine, L85, M|309/309\n|-damage|p1a: Piloswine|271/309|[from] Stealth Rock\n|turn|15\n|\n|t:|1781390418\n|move|p1a: Piloswine|Stealth Rock|p2a: Magcargo\n|-sidestart|p2: green8Bit|move: Stealth Rock\n|move|p2a: Magcargo|Yawn|p1a: Piloswine\n|-start|p1a: Piloswine|move: Yawn|[of] p2a: Magcargo\n|\n|-sideend|p1: yonazu13|Reflect\n|upkeep\n|turn|16\n|\n|t:|1781390430\n|switch|p1a: Carbink|Carbink, L90|236/236\n|-damage|p1a: Carbink|207/236|[from] Stealth Rock\n|move|p2a: Magcargo|Lava Plume|p1a: Carbink\n|-resisted|p1a: Carbink\n|-damage|p1a: Carbink|192/236\n|\n|-heal|p1a: Carbink|206/236|[from] item: Leftovers\n|-sideend|p1: yonazu13|move: Light Screen\n|upkeep\n|turn|17\n|\n|t:|1781390456\n|switch|p2a: Plusle|Plusle, L95, M|268/268\n|-damage|p2a: Plusle|235/268|[from] Stealth Rock\n|move|p1a: Carbink|Iron Defense|p1a: Carbink\n|-boost|p1a: Carbink|def|2\n|\n|-heal|p1a: Carbink|220/236|[from] item: Leftovers\n|upkeep\n|turn|18\n|\n|t:|1781390474\n|switch|p1a: Giratina|Giratina-Origin, L72|335/335\n|-damage|p1a: Giratina|294/335|[from] Stealth Rock\n|move|p2a: Plusle|Encore||[still]\n|-fail|p2a: Plusle\n|\n|upkeep\n|turn|19\n|\n|t:|1781390492\n|switch|p2a: Magcargo|Magcargo, L95, M|268/268\n|move|p1a: Giratina|Poltergeist|p2a: Magcargo\n|-activate|p2a: Magcargo|move: Poltergeist|Heavy-Duty Boots\n|-damage|p2a: Magcargo|189/268\n|\n|upkeep\n|turn|20\n|\n|t:|1781390501\n|move|p1a: Giratina|Draco Meteor|p2a: Magcargo|[miss]\n|-miss|p1a: Giratina|p2a: Magcargo\n|move|p2a: Magcargo|Yawn|p1a: Giratina\n|-start|p1a: Giratina|move: Yawn|[of] p2a: Magcargo\n|\n|upkeep\n|turn|21\n|\n|t:|1781390510\n|switch|p1a: Piloswine|Piloswine, L85, M|271/309\n|-damage|p1a: Piloswine|233/309|[from] Stealth Rock\n|move|p2a: Magcargo|Lava Plume|p1a: Piloswine\n|-supereffective|p1a: Piloswine\n|-damage|p1a: Piloswine|135/309\n|\n|upkeep\n|turn|22\n|\n|t:|1781390521\n|move|p1a: Piloswine|Earthquake|p2a: Magcargo\n|-supereffective|p2a: Magcargo\n|-damage|p2a: Magcargo|0 fnt\n|faint|p2a: Magcargo\n|\n|upkeep\n|\n|t:|1781390539\n|switch|p2a: Plusle|Plusle, L95, M|235/268\n|-damage|p2a: Plusle|202/268|[from] Stealth Rock\n|turn|23\n|\n|t:|1781390543\n|move|p2a: Plusle|Grass Knot|p1a: Piloswine\n|-supereffective|p1a: Piloswine\n|-damage|p1a: Piloswine|0 fnt\n|faint|p1a: Piloswine\n|-damage|p2a: Plusle|176/268|[from] item: Life Orb\n|\n|upkeep\n|\n|t:|1781390551\n|switch|p1a: Rabsca|Rabsca, L91, F|284/284\n|turn|24\n|\n|t:|1781390581\n|move|p2a: Plusle|Nasty Plot|p2a: Plusle\n|-boost|p2a: Plusle|spa|2\n|move|p1a: Rabsca|Trick Room|p1a: Rabsca\n|-fieldstart|move: Trick Room|[of] p1a: Rabsca\n|\n|upkeep\n|turn|25\n|\n|t:|1781390590\n|move|p1a: Rabsca|Bug Buzz|p2a: Plusle\n|-damage|p2a: Plusle|43/268\n|move|p2a: Plusle|Thunderbolt|p1a: Rabsca\n|-damage|p1a: Rabsca|53/284\n|-damage|p2a: Plusle|17/268|[from] item: Life Orb\n|\n|upkeep\n|turn|26\n|\n|t:|1781390598\n|move|p1a: Rabsca|Revival Blessing|p1a: Rabsca\n|\n|t:|1781390600\n|-heal|p1: Piloswine|154/309|[from] move: Revival Blessing\n|move|p2a: Plusle|Thunderbolt|p1a: Rabsca\n|-damage|p1a: Rabsca|0 fnt\n|faint|p1a: Rabsca\n|-damage|p2a: Plusle|0 fnt|[from] item: Life Orb\n|faint|p2a: Plusle\n|\n|upkeep\n|\n|t:|1781390609\n|switch|p1a: Piloswine|Piloswine, L85, M|154/309\n|switch|p2a: Ninetales|Ninetales, L85, F|263/263\n|-damage|p1a: Piloswine|116/309|[from] Stealth Rock\n|-weather|SunnyDay|[from] ability: Drought|[of] p2a: Ninetales\n|turn|27\n|\n|t:|1781390616\n|move|p1a: Piloswine|Icicle Crash|p2a: Ninetales\n|-resisted|p2a: Ninetales\n|-damage|p2a: Ninetales|211/263\n|move|p2a: Ninetales|Nasty Plot|p2a: Ninetales\n|-boost|p2a: Ninetales|spa|2\n|\n|-weather|SunnyDay|[upkeep]\n|upkeep\n|turn|28\n|\n|t:|1781390621\n|move|p1a: Piloswine|Earthquake|p2a: Ninetales\n|-supereffective|p2a: Ninetales\n|-damage|p2a: Ninetales|0 fnt\n|faint|p2a: Ninetales\n|\n|-weather|SunnyDay|[upkeep]\n|-fieldend|move: Trick Room\n|upkeep\n|\n|t:|1781390623\n|switch|p2a: Chien-Pao|Chien-Pao, L72|234/234\n|-ability|p2a: Chien-Pao|Sword of Ruin\n|turn|29\n|\n|t:|1781390628\n|move|p2a: Chien-Pao|Swords Dance|p2a: Chien-Pao\n|-boost|p2a: Chien-Pao|atk|2\n|move|p1a: Piloswine|Earthquake|p2a: Chien-Pao\n|-damage|p2a: Chien-Pao|92/234\n|\n|-weather|SunnyDay|[upkeep]\n|upkeep\n|turn|30\n|\n|t:|1781390637\n|move|p2a: Chien-Pao|Throat Chop|p1a: Piloswine\n|-damage|p1a: Piloswine|0 fnt\n|faint|p1a: Piloswine\n|\n|-weather|SunnyDay|[upkeep]\n|upkeep\n|\n|t:|1781390640\n|switch|p1a: Carbink|Carbink, L90|220/236\n|-damage|p1a: Carbink|191/236|[from] Stealth Rock\n|turn|31\n|\n|t:|1781390659\n|-terastallize|p2a: Chien-Pao|Fighting\n|move|p2a: Chien-Pao|Sacred Sword|p1a: Carbink\n|-damage|p1a: Carbink|55/236\n|move|p1a: Carbink|Moonblast|p2a: Chien-Pao\n|-supereffective|p2a: Chien-Pao\n|-damage|p2a: Chien-Pao|0 fnt\n|faint|p2a: Chien-Pao\n|\n|win|yonazu13\n", "inputlog": ">version a8376a258c1d4662feba110a92103f3664a72141\n>start {\"formatid\":\"gen9randombattle\",\"seed\":\"sodium,e9f63b2cf18131fcf952f1ffad33b491\",\"rated\":\"Rated battle\"}\n>player p1 {\"name\":\"yonazu13\",\"avatar\":\"101\",\"rating\":1995,\"seed\":\"sodium,c2ce9df76ba7cb3591772773fe3acb67\"}\n>player p2 {\"name\":\"green8Bit\",\"avatar\":\"266\",\"rating\":2045,\"seed\":\"sodium,39622ce5bad3254685de5b167b966091\"}\n>p1 move reflect\n>p2 move knockoff\n>p1 move thunderwave\n>p2 move bodyslam\n>p1 move lightscreen\n>p2 move bodyslam\n>p1 switch 2\n>p2 move bodyslam\n>p1 move ironhead\n>p2 switch 4\n>p1 move ironhead\n>p2 move thunderwave\n>p1 move ironhead\n>p2 move earthquake\n>p2 switch 2\n>p1 switch 6\n>p2 move stealthrock\n>p1 move earthquake\n>p2 switch 4\n>p1 switch 2\n>p2 move knockoff\n>p1 move reflect\n>p2 move rapidspin\n>p1 move lightscreen\n>p2 move bodyslam\n>p1 switch 6\n>p1 move closecombat\n>p2 move earthquake\n>p2 switch 4\n>p1 move closecombat\n>p2 move lavaplume\n>p1 switch 2\n>p1 move stealthrock\n>p2 move yawn\n>p1 switch 5\n>p2 move lavaplume\n>p1 move irondefense\n>p2 switch 5\n>p1 switch 3\n>p2 move encore\n>p1 move poltergeist\n>p2 switch 5\n>p1 move dracometeor\n>p2 move yawn\n>p1 switch 5\n>p2 move lavaplume\n>p1 move earthquake\n>p2 move lavaplume\n>p2 switch 5\n>p1 move earthquake\n>p2 move grassknot\n>p1 switch 4\n>p1 move trickroom\n>p2 move nastyplot\n>p1 move bugbuzz\n>p2 move thunderbolt\n>p1 move revivalblessing\n>p2 move thunderbolt\n>p1 switch 4\n>p1 switch 4\n>p2 switch 3\n>p1 move iciclecrash\n>p2 move nastyplot\n>p1 move earthquake\n>p2 move fireblast\n>p2 switch 6\n>p1 move earthquake\n>p2 move swordsdance\n>p1 move earthquake\n>p2 move throatchop\n>p1 switch 3\n>p1 move moonblast\n>p2 move sacredsword terastallize", "uploadtime": 1781390151, "views": 7, "formatid": "gen9randombattle", "rating": null, "private": 0, "password": null}