{"id": "gen9randombattle-2631710881", "format": "[Gen 9] Random Battle", "players": ["scampy789", "koopa003"], "log": "|j|\u2606scampy789\n|j|\u2606koopa003\n|t:|1781426441\n|gametype|singles\n|player|p1|scampy789|2|2117\n|player|p2|koopa003|camper|2153\n|gen|9\n|tier|[Gen 9] Random Battle\n|rated|\n|rule|Species Clause: Limit one of each Pok\u00e9mon\n|rule|HP Percentage Mod: HP is shown in percentages\n|rule|Sleep Clause Mod: Limit one foe put to sleep\n|rule|Illusion Level Mod: Illusion disguises the Pok\u00e9mon's true level\n|\n|t:|1781426442\n|teamsize|p1|6\n|teamsize|p2|6\n|start\n|switch|p1a: Leafeon|Leafeon, L88, M|258/258\n|switch|p2a: Regieleki|Regieleki, L79|256/256\n|turn|1\n|inactive|Battle timer is ON: inactive players will automatically lose when time's up. (requested by koopa003)\n|inactive|scampy789 also wants the timer to be on.\n|inactive|koopa003 has 120 seconds left.\n|\n|t:|1781426476\n|switch|p1a: Sandy Shocks|Sandy Shocks, L80|267/267\n|move|p2a: Regieleki|Volt Switch|p1a: Sandy Shocks\n|-immune|p1a: Sandy Shocks\n|\n|upkeep\n|turn|2\n|inactive|koopa003 has 120 seconds left.\n|\n|t:|1781426509\n|switch|p2a: Palkia|Palkia, L75|259/259\n|-ability|p2a: Palkia|Pressure\n|move|p1a: Sandy Shocks|Stealth Rock|p2a: Palkia\n|-sidestart|p2: koopa003|move: Stealth Rock\n|\n|upkeep\n|turn|3\n|\n|t:|1781426522\n|-end|p1a: Sandy Shocks|Protosynthesis|[silent]\n|switch|p1a: Mienshao|Mienshao, L83, F|244/244\n|move|p2a: Palkia|Spacial Rend|p1a: Mienshao\n|-damage|p1a: Mienshao|73/244\n|\n|upkeep\n|turn|4\n|\n|t:|1781426542\n|switch|p2a: Ribombee|Ribombee, L83, M|235/235\n|move|p1a: Mienshao|Fake Out|p2a: Ribombee\n|-damage|p2a: Ribombee|192/235\n|\n|upkeep\n|turn|5\n|\n|t:|1781426558\n|move|p2a: Ribombee|Sticky Web|p1a: Mienshao\n|-sidestart|p1: scampy789|move: Sticky Web\n|move|p1a: Mienshao|U-turn|p2a: Ribombee\n|-resisted|p2a: Ribombee\n|-damage|p2a: Ribombee|152/235\n|inactive|scampy789 has 120 seconds left.\n|\n|t:|1781426582\n|switch|p1a: Sandy Shocks|Sandy Shocks, L80|267/267|[from] U-turn\n|-activate|p1a: Sandy Shocks|move: Sticky Web\n|-unboost|p1a: Sandy Shocks|spe|1\n|\n|upkeep\n|turn|6\n|\n|t:|1781426587\n|move|p2a: Ribombee|U-turn|p1a: Sandy Shocks\n|-damage|p1a: Sandy Shocks|218/267\n|\n|t:|1781426590\n|switch|p2a: Palkia|Palkia, L75|259/259|[from] U-turn\n|-damage|p2a: Palkia|227/259|[from] Stealth Rock\n|-ability|p2a: Palkia|Pressure\n|move|p1a: Sandy Shocks|Spikes|p2a: Palkia\n|-sidestart|p2: koopa003|Spikes\n|\n|-heal|p1a: Sandy Shocks|234/267|[from] item: Leftovers\n|upkeep\n|turn|7\n|inactive|scampy789 has 120 seconds left.\n|\n|t:|1781426610\n|-end|p1a: Sandy Shocks|Protosynthesis|[silent]\n|switch|p1a: Mienshao|Mienshao, L83, F|154/244\n|-activate|p1a: Mienshao|move: Sticky Web\n|-unboost|p1a: Mienshao|spe|1\n|move|p2a: Palkia|Spacial Rend|p1a: Mienshao\n|-damage|p1a: Mienshao|0 fnt\n|faint|p1a: Mienshao\n|\n|upkeep\n|\n|t:|1781426627\n|switch|p1a: Brambleghast|Brambleghast, L88, M|240/240\n|-activate|p1a: Brambleghast|move: Sticky Web\n|-unboost|p1a: Brambleghast|spe|1\n|turn|8\n|inactive|scampy789 has 90 seconds left.\n|\n|t:|1781426670\n|switch|p2a: Tauros|Tauros-Paldea-Blaze, L81, M|252/252\n|-damage|p2a: Tauros|221/252|[from] Stealth Rock\n|-damage|p2a: Tauros|190/252|[from] Spikes\n|-terastallize|p1a: Brambleghast|Steel\n|move|p1a: Brambleghast|Poltergeist|p2a: Tauros\n|-activate|p2a: Tauros|move: Poltergeist|Sitrus Berry\n|-damage|p2a: Tauros|60/252\n|-enditem|p2a: Tauros|Sitrus Berry|[eat]\n|-heal|p2a: Tauros|123/252|[from] item: Sitrus Berry\n|\n|upkeep\n|turn|9\n|inactive|koopa003 has 120 seconds left.\n|inactive|koopa003 has 90 seconds left.\n|\n|t:|1781426718\n|switch|p1a: Sandy Shocks|Sandy Shocks, L80|234/267\n|-activate|p1a: Sandy Shocks|move: Sticky Web\n|-unboost|p1a: Sandy Shocks|spe|1\n|move|p2a: Tauros|Bulk Up|p2a: Tauros\n|-boost|p2a: Tauros|atk|1\n|-boost|p2a: Tauros|def|1\n|\n|-heal|p1a: Sandy Shocks|250/267|[from] item: Leftovers\n|-activate|p2a: Tauros|ability: Cud Chew\n|-enditem|p2a: Tauros|Sitrus Berry|[eat]\n|-heal|p2a: Tauros|186/252|[from] item: Sitrus Berry\n|upkeep\n|turn|10\n|\n|t:|1781426731\n|move|p2a: Tauros|Close Combat|p1a: Sandy Shocks\n|-damage|p1a: Sandy Shocks|54/267\n|-unboost|p2a: Tauros|def|1\n|-unboost|p2a: Tauros|spd|1\n|move|p1a: Sandy Shocks|Earth Power|p2a: Tauros\n|-supereffective|p2a: Tauros\n|-damage|p2a: Tauros|0 fnt\n|faint|p2a: Tauros\n|\n|-heal|p1a: Sandy Shocks|70/267|[from] item: Leftovers\n|upkeep\n|inactive|koopa003 has 90 seconds left.\n|\n|t:|1781426762\n|switch|p2a: Ribombee|Ribombee, L83, M|152/235\n|turn|11\n|\n|t:|1781426777\n|move|p2a: Ribombee|Moonblast|p1a: Sandy Shocks\n|-damage|p1a: Sandy Shocks|0 fnt\n|faint|p1a: Sandy Shocks\n|-end|p1a: Sandy Shocks|Protosynthesis|[silent]\n|\n|upkeep\n|\n|t:|1781426784\n|switch|p1a: Regirock|Regirock, L83|268/268\n|-activate|p1a: Regirock|move: Sticky Web\n|-fail|p1a: Regirock|unboost|[from] ability: Clear Body|[of] p1a: Regirock\n|turn|12\n|inactive|koopa003 has 90 seconds left.\n|\n|t:|1781426793\n|move|p2a: Ribombee|U-turn|p1a: Regirock\n|-crit|p1a: Regirock\n|-damage|p1a: Regirock|231/268\n|\n|t:|1781426795\n|switch|p2a: Palkia|Palkia, L75|227/259|[from] U-turn\n|-damage|p2a: Palkia|195/259|[from] Stealth Rock\n|-damage|p2a: Palkia|163/259|[from] Spikes\n|-ability|p2a: Palkia|Pressure\n|move|p1a: Regirock|Stone Edge|p2a: Palkia\n|-crit|p2a: Palkia\n|-damage|p2a: Palkia|0 fnt\n|faint|p2a: Palkia\n|\n|upkeep\n|\n|t:|1781426802\n|switch|p2a: Regieleki|Regieleki, L79|256/256\n|-damage|p2a: Regieleki|224/256|[from] Stealth Rock\n|-damage|p2a: Regieleki|192/256|[from] Spikes\n|turn|13\n|inactive|scampy789 has 90 seconds left.\n|\n|t:|1781426818\n|switch|p1a: Leafeon|Leafeon, L88, M|258/258\n|-activate|p1a: Leafeon|move: Sticky Web\n|-unboost|p1a: Leafeon|spe|1\n|move|p2a: Regieleki|Rapid Spin|p1a: Leafeon\n|-damage|p1a: Leafeon|234/258\n|-boost|p2a: Regieleki|spe|1\n|-sideend|p2: koopa003|Spikes|[from] move: Rapid Spin|[of] p2a: Regieleki\n|-sideend|p2: koopa003|Stealth Rock|[from] move: Rapid Spin|[of] p2a: Regieleki\n|\n|upkeep\n|turn|14\n|\n|t:|1781426835\n|move|p2a: Regieleki|Volt Switch|p1a: Leafeon\n|-resisted|p1a: Leafeon\n|-damage|p1a: Leafeon|177/258\n|\n|t:|1781426837\n|switch|p2a: Ribombee|Ribombee, L83, M|152/235|[from] Volt Switch\n|move|p1a: Leafeon|Leaf Blade|p2a: Ribombee\n|-resisted|p2a: Ribombee\n|-damage|p2a: Ribombee|48/235\n|-damage|p1a: Leafeon|152/258|[from] item: Life Orb\n|\n|upkeep\n|turn|15\n|\n|t:|1781426843\n|switch|p1a: Brambleghast|Brambleghast, L88, M, tera:Steel|240/240\n|-activate|p1a: Brambleghast|move: Sticky Web\n|-unboost|p1a: Brambleghast|spe|1\n|move|p2a: Ribombee|Bug Buzz|p1a: Brambleghast\n|-resisted|p1a: Brambleghast\n|-damage|p1a: Brambleghast|183/240\n|\n|-heal|p1a: Brambleghast|198/240|[from] item: Leftovers\n|upkeep\n|turn|16\n|inactive|scampy789 has 90 seconds left.\n|\n|t:|1781426857\n|move|p2a: Ribombee|Moonblast|p1a: Brambleghast\n|-resisted|p1a: Brambleghast\n|-damage|p1a: Brambleghast|147/240\n|-unboost|p1a: Brambleghast|spa|1\n|move|p1a: Brambleghast|Spikes|p2a: Ribombee\n|-sidestart|p2: koopa003|Spikes\n|\n|-heal|p1a: Brambleghast|162/240|[from] item: Leftovers\n|upkeep\n|turn|17\n|inactive|scampy789 has 90 seconds left.\n|\n|t:|1781426868\n|move|p2a: Ribombee|Moonblast|p1a: Brambleghast\n|-resisted|p1a: Brambleghast\n|-damage|p1a: Brambleghast|110/240\n|-unboost|p1a: Brambleghast|spa|1\n|move|p1a: Brambleghast|Spikes|p2a: Ribombee\n|-sidestart|p2: koopa003|Spikes\n|\n|-heal|p1a: Brambleghast|125/240|[from] item: Leftovers\n|upkeep\n|turn|18\n|inactive|scampy789 has 90 seconds left.\n|\n|t:|1781426875\n|move|p2a: Ribombee|Moonblast|p1a: Brambleghast\n|-resisted|p1a: Brambleghast\n|-damage|p1a: Brambleghast|68/240\n|move|p1a: Brambleghast|Strength Sap|p2a: Ribombee\n|-unboost|p2a: Ribombee|atk|1\n|-heal|p1a: Brambleghast|207/240\n|\n|-heal|p1a: Brambleghast|222/240|[from] item: Leftovers\n|upkeep\n|turn|19\n|\n|t:|1781426882\n|move|p2a: Ribombee|Moonblast|p1a: Brambleghast\n|-resisted|p1a: Brambleghast\n|-damage|p1a: Brambleghast|165/240\n|move|p1a: Brambleghast|Poltergeist|p2a: Ribombee\n|-activate|p2a: Ribombee|move: Poltergeist|Heavy-Duty Boots\n|-damage|p2a: Ribombee|0 fnt\n|faint|p2a: Ribombee\n|\n|-heal|p1a: Brambleghast|180/240|[from] item: Leftovers\n|upkeep\n|inactive|koopa003 has 120 seconds left.\n|\n|t:|1781426932\n|switch|p2a: Regieleki|Regieleki, L79|192/256\n|-damage|p2a: Regieleki|150/256|[from] Spikes\n|turn|20\n|\n|t:|1781426945\n|-terastallize|p2a: Regieleki|Electric\n|move|p2a: Regieleki|Thunderbolt|p1a: Brambleghast\n|-damage|p1a: Brambleghast|0 fnt\n|faint|p1a: Brambleghast\n|\n|upkeep\n|\n|t:|1781426951\n|switch|p1a: Leafeon|Leafeon, L88, M|152/258\n|-activate|p1a: Leafeon|move: Sticky Web\n|-unboost|p1a: Leafeon|spe|1\n|turn|21\n|\n|t:|1781426956\n|move|p2a: Regieleki|Volt Switch|p1a: Leafeon\n|-resisted|p1a: Leafeon\n|-damage|p1a: Leafeon|61/258\n|\n|t:|1781426958\n|switch|p2a: Ditto|Ditto, L87|225/225|[from] Volt Switch\n|-damage|p2a: Ditto|188/225|[from] Spikes\n|-transform|p2a: Ditto|p1a: Leafeon|[from] ability: Imposter\n|move|p1a: Leafeon|Leaf Blade|p2a: Ditto\n|-resisted|p2a: Ditto\n|-damage|p2a: Ditto|136/225\n|-damage|p1a: Leafeon|36/258|[from] item: Life Orb\n|\n|upkeep\n|turn|22\n|\n|t:|1781426979\n|move|p2a: Ditto|Knock Off|p1a: Leafeon\n|-damage|p1a: Leafeon|0 fnt\n|-enditem|p1a: Leafeon|Life Orb|[from] move: Knock Off|[of] p2a: Ditto\n|faint|p1a: Leafeon\n|\n|upkeep\n|\n|t:|1781426982\n|switch|p1a: Regirock|Regirock, L83|231/268\n|-activate|p1a: Regirock|move: Sticky Web\n|-fail|p1a: Regirock|unboost|[from] ability: Clear Body|[of] p1a: Regirock\n|turn|23\n|\n|t:|1781426987\n|move|p2a: Ditto|Knock Off|p1a: Regirock\n|-damage|p1a: Regirock|186/268\n|-enditem|p1a: Regirock|Chesto Berry|[from] move: Knock Off|[of] p2a: Ditto\n|move|p1a: Regirock|Iron Defense|p1a: Regirock\n|-boost|p1a: Regirock|def|2\n|\n|upkeep\n|turn|24\n|inactive|scampy789 has 120 seconds left.\n|\n|t:|1781426997\n|switch|p2a: Sudowoodo|Sudowoodo, L94, F|284/284\n|-damage|p2a: Sudowoodo|237/284|[from] Spikes\n|move|p1a: Regirock|Body Press|p2a: Sudowoodo\n|-supereffective|p2a: Sudowoodo\n|-damage|p2a: Sudowoodo|0 fnt\n|faint|p2a: Sudowoodo\n|\n|upkeep\n|\n|t:|1781427013\n|switch|p2a: Regieleki|Regieleki, L79, tera:Electric|150/256\n|-damage|p2a: Regieleki|108/256|[from] Spikes\n|turn|25\n|inactive|scampy789 has 120 seconds left.\n|\n|t:|1781427033\n|move|p2a: Regieleki|Volt Switch|p1a: Regirock\n|-damage|p1a: Regirock|64/268\n|\n|t:|1781427037\n|switch|p2a: Ditto|Ditto, L87|136/225|[from] Volt Switch\n|-damage|p2a: Ditto|99/225|[from] Spikes\n|-transform|p2a: Ditto|p1a: Regirock|[from] ability: Imposter\n|move|p1a: Regirock|Body Press|p2a: Ditto\n|-supereffective|p2a: Ditto\n|-damage|p2a: Ditto|0 fnt\n|faint|p2a: Ditto\n|\n|upkeep\n|\n|t:|1781427038\n|switch|p2a: Regieleki|Regieleki, L79, tera:Electric|108/256\n|-damage|p2a: Regieleki|66/256|[from] Spikes\n|turn|26\n|inactive|scampy789 has 120 seconds left.\n|\n|t:|1781427054\n|move|p2a: Regieleki|Thunderbolt|p1a: Regirock\n|-damage|p1a: Regirock|0 fnt\n|faint|p1a: Regirock\n|\n|upkeep\n|\n|t:|1781427057\n|switch|p1a: Terrakion|Terrakion, L79|273/273\n|-activate|p1a: Terrakion|move: Sticky Web\n|-unboost|p1a: Terrakion|spe|1\n|turn|27\n|\n|t:|1781427064\n|move|p2a: Regieleki|Thunderbolt|p1a: Terrakion\n|-damage|p1a: Terrakion|95/273\n|move|p1a: Terrakion|Close Combat|p2a: Regieleki\n|-damage|p2a: Regieleki|0 fnt\n|-unboost|p1a: Terrakion|def|1\n|-unboost|p1a: Terrakion|spd|1\n|faint|p2a: Regieleki\n|-damage|p1a: Terrakion|68/273|[from] item: Life Orb\n|\n|win|scampy789\n", "inputlog": ">version a8376a258c1d4662feba110a92103f3664a72141\n>start {\"formatid\":\"gen9randombattle\",\"seed\":\"sodium,1b38282bd446f948ad6db86708203bfc\",\"rated\":\"Rated battle\"}\n>player p1 {\"name\":\"scampy789\",\"avatar\":\"2\",\"rating\":2117,\"seed\":\"sodium,8005388a1c79693ed732d10e035ad084\"}\n>player p2 {\"name\":\"koopa003\",\"avatar\":\"camper\",\"rating\":2153,\"seed\":\"sodium,53342c4eecb0d0c4b79248936217d98d\"}\n>p1 switch 3\n>p2 move voltswitch\n>p1 move stealthrock\n>p2 switch 4\n>p1 switch 6\n>p2 move spacialrend\n>p1 move fakeout\n>p2 switch 5\n>p1 move uturn\n>p2 move stickyweb\n>p1 switch 6\n>p1 move spikes\n>p2 move uturn\n>p2 switch 5\n>p1 switch 6\n>p2 move spacialrend\n>p1 switch 2\n>p1 move poltergeist terastallize\n>p2 switch 3\n>p1 switch 6\n>p2 move bulkup\n>p1 move earthpower\n>p2 move closecombat\n>p2 switch 5\n>p1 move spikes\n>p2 move moonblast\n>p1 switch 5\n>p1 move stoneedge\n>p2 move uturn\n>p2 switch 3\n>p2 switch 4\n>p1 switch 3\n>p2 move rapidspin\n>p1 move leafblade\n>p2 move voltswitch\n>p2 switch 3\n>p1 switch 6\n>p2 move bugbuzz\n>p1 move spikes\n>p2 move moonblast\n>p1 move spikes\n>p2 move moonblast\n>p1 move strengthsap\n>p2 move moonblast\n>p1 move poltergeist\n>p2 move moonblast\n>p2 switch 3\n>p1 move poltergeist\n>p2 move thunderbolt terastallize\n>p1 switch 6\n>p1 move leafblade\n>p2 move voltswitch\n>p2 switch 6\n>p1 move synthesis\n>p2 move knockoff\n>p1 switch 3\n>p1 move irondefense\n>p2 move knockoff\n>p1 move bodypress\n>p2 switch 2\n>p2 switch 6\n>p1 move bodypress\n>p2 move voltswitch\n>p2 switch 2\n>p2 switch 2\n>p1 move rest\n>p2 move thunderbolt\n>p1 switch 4\n>p1 move closecombat\n>p2 move thunderbolt", "uploadtime": 1781426443, "views": 4, "formatid": "gen9randombattle", "rating": null, "private": 0, "password": null}