{"id": "gen9randombattle-2631519564", "format": "[Gen 9] Random Battle", "players": ["TheGymGeek", "alt824"], "log": "|j|\u2606TheGymGeek\n|j|\u2606alt824\n|t:|1781395741\n|gametype|singles\n|player|p1|TheGymGeek|drayden|1238\n|player|p2|alt824|skierf|1276\n|gen|9\n|tier|[Gen 9] Random Battle\n|rated|\n|rule|Species Clause: Limit one of each Pok\u00e9mon\n|rule|HP Percentage Mod: HP is shown in percentages\n|rule|Sleep Clause Mod: Limit one foe put to sleep\n|rule|Illusion Level Mod: Illusion disguises the Pok\u00e9mon's true level\n|\n|t:|1781395741\n|teamsize|p1|6\n|teamsize|p2|6\n|start\n|switch|p1a: Skarmory|Skarmory, L80, M|235/235\n|switch|p2a: Frosmoth|Frosmoth, L82, M|249/249\n|turn|1\n|inactive|Battle timer is ON: inactive players will automatically lose when time's up. (requested by alt824)\n|\n|t:|1781395750\n|switch|p2a: Coalossal|Coalossal, L89, F|341/341\n|move|p1a: Skarmory|Brave Bird|p2a: Coalossal\n|-resisted|p2a: Coalossal\n|-damage|p2a: Coalossal|303/341\n|-damage|p1a: Skarmory|222/235|[from] Recoil\n|\n|upkeep\n|turn|2\n|\n|t:|1781395771\n|switch|p1a: Haxorus|Haxorus, L77, M|244/244\n|-ability|p1a: Haxorus|Mold Breaker\n|move|p2a: Coalossal|Overheat|p1a: Haxorus\n|-resisted|p1a: Haxorus\n|-damage|p1a: Haxorus|166/244\n|-unboost|p2a: Coalossal|spa|2\n|\n|upkeep\n|turn|3\n|\n|t:|1781395781\n|move|p1a: Haxorus|Dragon Dance|p1a: Haxorus\n|-boost|p1a: Haxorus|atk|1\n|-boost|p1a: Haxorus|spe|1\n|move|p2a: Coalossal|Will-O-Wisp|p1a: Haxorus\n|-status|p1a: Haxorus|brn\n|-enditem|p1a: Haxorus|Lum Berry|[eat]\n|-curestatus|p1a: Haxorus|brn|[msg]\n|\n|upkeep\n|turn|4\n|\n|t:|1781395789\n|move|p1a: Haxorus|Earthquake|p2a: Coalossal\n|-supereffective|p2a: Coalossal\n|-damage|p2a: Coalossal|0 fnt\n|faint|p2a: Coalossal\n|\n|upkeep\n|\n|t:|1781395799\n|switch|p2a: Mamoswine|Mamoswine, L81, F|311/311\n|turn|5\n|\n|t:|1781395817\n|move|p1a: Haxorus|Iron Head|p2a: Mamoswine\n|-supereffective|p2a: Mamoswine\n|-damage|p2a: Mamoswine|87/311\n|move|p2a: Mamoswine|Icicle Crash|p1a: Haxorus\n|-supereffective|p1a: Haxorus\n|-damage|p1a: Haxorus|0 fnt\n|faint|p1a: Haxorus\n|-damage|p2a: Mamoswine|56/311|[from] item: Life Orb\n|\n|upkeep\n|\n|t:|1781395827\n|switch|p1a: Lokix|Lokix, L82, M|251/251\n|turn|6\n|\n|t:|1781395831\n|move|p1a: Lokix|First Impression|p2a: Mamoswine\n|-damage|p2a: Mamoswine|0 fnt\n|faint|p2a: Mamoswine\n|-damage|p1a: Lokix|226/251|[from] item: Life Orb\n|\n|upkeep\n|\n|t:|1781395837\n|switch|p2a: Palafin|Palafin, L77, F|281/281\n|turn|7\n|\n|t:|1781395852\n|detailschange|p2a: Palafin|Palafin-Hero, L77, F\n|switch|p2a: Azumarill|Azumarill, L82, M|298/298\n|move|p1a: Lokix|Knock Off|p2a: Azumarill\n|-resisted|p2a: Azumarill\n|-damage|p2a: Azumarill|142/298\n|-enditem|p2a: Azumarill|Choice Band|[from] move: Knock Off|[of] p1a: Lokix\n|-damage|p1a: Lokix|201/251|[from] item: Life Orb\n|\n|upkeep\n|turn|8\n|\n|t:|1781395869\n|switch|p1a: Skarmory|Skarmory, L80, M|222/235\n|move|p2a: Azumarill|Play Rough|p1a: Skarmory\n|-resisted|p1a: Skarmory\n|-damage|p1a: Skarmory|179/235\n|-damage|p2a: Azumarill|93/298|[from] item: Rocky Helmet|[of] p1a: Skarmory\n|\n|upkeep\n|turn|9\n|\n|t:|1781395885\n|move|p1a: Skarmory|Brave Bird|p2a: Azumarill\n|-damage|p2a: Azumarill|0 fnt\n|faint|p2a: Azumarill\n|-damage|p1a: Skarmory|148/235|[from] Recoil\n|\n|upkeep\n|\n|t:|1781395891\n|switch|p2a: Palafin|Palafin-Hero, L77, F|281/281\n|-activate|p2a: Palafin|ability: Zero to Hero\n|turn|10\n|inactive|TheGymGeek has 120 seconds left.\n|\n|t:|1781395912\n|switch|p1a: Lurantis|Lurantis, L87, M|264/264\n|move|p2a: Palafin|Wave Crash|p1a: Lurantis\n|-resisted|p1a: Lurantis\n|-damage|p1a: Lurantis|144/264\n|-damage|p2a: Palafin|241/281|[from] Recoil\n|\n|-heal|p1a: Lurantis|160/264|[from] item: Leftovers\n|upkeep\n|turn|11\n|inactive|TheGymGeek has 120 seconds left.\n|\n|t:|1781395927\n|switch|p2a: Frosmoth|Frosmoth, L82, M|249/249\n|move|p1a: Lurantis|Superpower|p2a: Frosmoth\n|-damage|p2a: Frosmoth|124/249\n|-boost|p1a: Lurantis|atk|1\n|-boost|p1a: Lurantis|def|1\n|\n|-heal|p1a: Lurantis|176/264|[from] item: Leftovers\n|upkeep\n|turn|12\n|inactive|TheGymGeek has 120 seconds left.\n|\n|t:|1781395938\n|-terastallize|p1a: Lurantis|Fighting\n|move|p2a: Frosmoth|Ice Beam|p1a: Lurantis\n|-damage|p1a: Lurantis|62/264\n|move|p1a: Lurantis|Superpower|p2a: Frosmoth\n|-damage|p2a: Frosmoth|0 fnt\n|-boost|p1a: Lurantis|atk|1\n|-boost|p1a: Lurantis|def|1\n|faint|p2a: Frosmoth\n|\n|-heal|p1a: Lurantis|78/264|[from] item: Leftovers\n|upkeep\n|\n|t:|1781395944\n|switch|p2a: Palafin|Palafin-Hero, L77, F|241/281\n|turn|13\n|inactive|TheGymGeek has 120 seconds left.\n|\n|t:|1781395958\n|move|p2a: Palafin|Wave Crash|p1a: Lurantis\n|-damage|p1a: Lurantis|0 fnt\n|faint|p1a: Lurantis\n|-damage|p2a: Palafin|215/281|[from] Recoil\n|\n|upkeep\n|inactive|TheGymGeek has 120 seconds left.\n|\n|t:|1781395964\n|switch|p1a: Bellibolt|Bellibolt, L84, M|320/320\n|turn|14\n|\n|t:|1781395974\n|move|p2a: Palafin|Wave Crash|p1a: Bellibolt\n|-damage|p1a: Bellibolt|77/320\n|-start|p1a: Bellibolt|Charge|Wave Crash|[from] ability: Electromorphosis\n|-damage|p2a: Palafin|135/281|[from] Recoil\n|move|p1a: Bellibolt|Thunderbolt|p2a: Palafin\n|-supereffective|p2a: Palafin\n|-damage|p2a: Palafin|0 fnt\n|faint|p2a: Palafin\n|-end|p1a: Bellibolt|Charge|[silent]\n|\n|-heal|p1a: Bellibolt|97/320|[from] item: Leftovers\n|upkeep\n|\n|t:|1781395977\n|switch|p2a: Lunala|Lunala, L70|308/308\n|turn|15\n|\n|t:|1781395994\n|move|p2a: Lunala|Calm Mind|p2a: Lunala\n|-boost|p2a: Lunala|spa|1\n|-boost|p2a: Lunala|spd|1\n|move|p1a: Bellibolt|Thunderbolt|p2a: Lunala\n|-damage|p2a: Lunala|275/308\n|\n|-heal|p2a: Lunala|294/308|[from] item: Leftovers\n|-heal|p1a: Bellibolt|117/320|[from] item: Leftovers\n|upkeep\n|turn|16\n|\n|t:|1781396008\n|move|p2a: Lunala|Moonlight|p2a: Lunala\n|-heal|p2a: Lunala|308/308\n|move|p1a: Bellibolt|Thunderbolt|p2a: Lunala\n|-damage|p2a: Lunala|272/308\n|\n|-heal|p2a: Lunala|291/308|[from] item: Leftovers\n|-heal|p1a: Bellibolt|137/320|[from] item: Leftovers\n|upkeep\n|turn|17\n|inactive|TheGymGeek has 120 seconds left.\n|\n|t:|1781396031\n|move|p2a: Lunala|Calm Mind|p2a: Lunala\n|-boost|p2a: Lunala|spa|1\n|-boost|p2a: Lunala|spd|1\n|move|p1a: Bellibolt|Thunderbolt|p2a: Lunala\n|-damage|p2a: Lunala|239/308\n|\n|-heal|p2a: Lunala|258/308|[from] item: Leftovers\n|-heal|p1a: Bellibolt|157/320|[from] item: Leftovers\n|upkeep\n|turn|18\n|inactive|TheGymGeek has 120 seconds left.\n|\n|t:|1781396039\n|move|p2a: Lunala|Calm Mind|p2a: Lunala\n|-boost|p2a: Lunala|spa|1\n|-boost|p2a: Lunala|spd|1\n|move|p1a: Bellibolt|Thunderbolt|p2a: Lunala\n|-damage|p2a: Lunala|216/308\n|\n|-heal|p2a: Lunala|235/308|[from] item: Leftovers\n|-heal|p1a: Bellibolt|177/320|[from] item: Leftovers\n|upkeep\n|turn|19\n|\n|t:|1781396046\n|move|p2a: Lunala|Calm Mind|p2a: Lunala\n|-boost|p2a: Lunala|spa|1\n|-boost|p2a: Lunala|spd|1\n|move|p1a: Bellibolt|Thunderbolt|p2a: Lunala\n|-damage|p2a: Lunala|202/308\n|\n|-heal|p2a: Lunala|221/308|[from] item: Leftovers\n|-heal|p1a: Bellibolt|197/320|[from] item: Leftovers\n|upkeep\n|turn|20\n|\n|t:|1781396060\n|move|p2a: Lunala|Moongeist Beam|p1a: Bellibolt\n|-damage|p1a: Bellibolt|0 fnt\n|faint|p1a: Bellibolt\n|\n|-heal|p2a: Lunala|240/308|[from] item: Leftovers\n|upkeep\n|\n|t:|1781396067\n|switch|p1a: Lokix|Lokix, L82, M|201/251\n|turn|21\n|\n|t:|1781396071\n|-terastallize|p2a: Lunala|Fairy\n|move|p1a: Lokix|First Impression|p2a: Lunala\n|-resisted|p2a: Lunala\n|-damage|p2a: Lunala|107/308\n|-damage|p1a: Lokix|176/251|[from] item: Life Orb\n|move|p2a: Lunala|Moonlight|p2a: Lunala\n|-heal|p2a: Lunala|261/308\n|\n|-heal|p2a: Lunala|280/308|[from] item: Leftovers\n|upkeep\n|turn|22\n|\n|t:|1781396092\n|move|p1a: Lokix|Leech Life|p2a: Lunala\n|-resisted|p2a: Lunala\n|-damage|p2a: Lunala|155/308\n|-heal|p1a: Lokix|239/251|[from] drain|[of] p2a: Lunala\n|-damage|p1a: Lokix|214/251|[from] item: Life Orb\n|move|p2a: Lunala|Moonlight|p2a: Lunala\n|-heal|p2a: Lunala|308/308\n|\n|upkeep\n|turn|23\n|\n|t:|1781396104\n|move|p1a: Lokix|Leech Life|p2a: Lunala\n|-resisted|p2a: Lunala\n|-damage|p2a: Lunala|242/308\n|-heal|p1a: Lokix|247/251|[from] drain|[of] p2a: Lunala\n|-damage|p1a: Lokix|222/251|[from] item: Life Orb\n|move|p2a: Lunala|Moongeist Beam|p1a: Lokix\n|-resisted|p1a: Lokix\n|-damage|p1a: Lokix|22/251\n|\n|-heal|p2a: Lunala|261/308|[from] item: Leftovers\n|upkeep\n|turn|24\n|\n|t:|1781396115\n|move|p1a: Lokix|Leech Life|p2a: Lunala\n|-resisted|p2a: Lunala\n|-damage|p2a: Lunala|123/308\n|-heal|p1a: Lokix|91/251|[from] drain|[of] p2a: Lunala\n|-damage|p1a: Lokix|66/251|[from] item: Life Orb\n|move|p2a: Lunala|Moonlight|p2a: Lunala\n|-heal|p2a: Lunala|277/308\n|\n|-heal|p2a: Lunala|296/308|[from] item: Leftovers\n|upkeep\n|turn|25\n|\n|t:|1781396126\n|move|p1a: Lokix|Leech Life|p2a: Lunala\n|-resisted|p2a: Lunala\n|-damage|p2a: Lunala|156/308\n|-heal|p1a: Lokix|136/251|[from] drain|[of] p2a: Lunala\n|-damage|p1a: Lokix|111/251|[from] item: Life Orb\n|move|p2a: Lunala|Moongeist Beam|p1a: Lokix\n|-resisted|p1a: Lokix\n|-damage|p1a: Lokix|0 fnt\n|faint|p1a: Lokix\n|\n|-heal|p2a: Lunala|175/308|[from] item: Leftovers\n|upkeep\n|inactive|TheGymGeek has 120 seconds left.\n|\n|t:|1781396143\n|switch|p1a: Grimmsnarl|Grimmsnarl, L83, M|293/293\n|turn|26\n|\n|t:|1781396153\n|move|p2a: Lunala|Moongeist Beam|p1a: Grimmsnarl\n|-resisted|p1a: Grimmsnarl\n|-damage|p1a: Grimmsnarl|136/293\n|move|p1a: Grimmsnarl|Spirit Break|p2a: Lunala\n|-damage|p2a: Lunala|73/308\n|-unboost|p2a: Lunala|spa|1\n|\n|-heal|p2a: Lunala|92/308|[from] item: Leftovers\n|upkeep\n|turn|27\n|\n|t:|1781396164\n|move|p1a: Grimmsnarl|Light Screen|p1a: Grimmsnarl\n|-sidestart|p1: TheGymGeek|move: Light Screen\n|move|p2a: Lunala|Moongeist Beam|p1a: Grimmsnarl\n|-resisted|p1a: Grimmsnarl\n|-damage|p1a: Grimmsnarl|70/293\n|\n|-heal|p2a: Lunala|111/308|[from] item: Leftovers\n|upkeep\n|turn|28\n|inactive|TheGymGeek has 120 seconds left.\n|\n|t:|1781396179\n|move|p2a: Lunala|Moongeist Beam|p1a: Grimmsnarl\n|-resisted|p1a: Grimmsnarl\n|-damage|p1a: Grimmsnarl|0 fnt\n|faint|p1a: Grimmsnarl\n|\n|-heal|p2a: Lunala|130/308|[from] item: Leftovers\n|upkeep\n|inactive|TheGymGeek has 120 seconds left.\n|\n|t:|1781396186\n|switch|p1a: Skarmory|Skarmory, L80, M|148/235\n|turn|29\n|\n|t:|1781396190\n|move|p2a: Lunala|Moongeist Beam|p1a: Skarmory\n|-damage|p1a: Skarmory|0 fnt\n|faint|p1a: Skarmory\n|\n|win|alt824\n|raw|TheGymGeek's rating: 1238 &rarr; <strong>1216</strong><br />(-22 for losing)\n|raw|alt824's rating: 1276 &rarr; <strong>1298</strong><br />(+22 for winning)\n|l|\u2606TheGymGeek\n|player|p1|\n|c|\u2606alt824|gg\n", "inputlog": ">version a8376a258c1d4662feba110a92103f3664a72141\n>start {\"formatid\":\"gen9randombattle\",\"seed\":\"sodium,e9f3be9a73df8ec22a8cd933398cd853\",\"rated\":\"Rated battle\"}\n>player p1 {\"name\":\"TheGymGeek\",\"avatar\":\"drayden\",\"rating\":1238,\"seed\":\"sodium,46a65342759a51ea0f5367c0a4d21950\"}\n>player p2 {\"name\":\"alt824\",\"avatar\":\"skierf\",\"rating\":1276,\"seed\":\"sodium,151703c2d5696ec905c502d7e8293066\"}\n>p1 move bravebird\n>p2 switch 4\n>p1 switch 3\n>p2 move overheat\n>p1 move dragondance\n>p2 move willowisp\n>p1 move earthquake\n>p2 move willowisp\n>p2 switch 6\n>p1 move ironhead\n>p2 move iciclecrash\n>p1 switch 2\n>p1 move firstimpression\n>p2 move iceshard\n>p2 switch 5\n>p1 move knockoff\n>p2 switch 2\n>p1 switch 3\n>p2 move playrough\n>p1 move bravebird\n>p2 move liquidation\n>p2 switch 2\n>p1 switch 5\n>p2 move wavecrash\n>p1 move superpower\n>p2 switch 4\n>p1 move superpower terastallize\n>p2 move icebeam\n>p2 switch 4\n>p1 move synthesis\n>p2 move wavecrash\n>p1 switch 6\n>p1 move thunderbolt\n>p2 move wavecrash\n>p2 switch 3\n>p1 move thunderbolt\n>p2 move calmmind\n>p1 move thunderbolt\n>p2 move moonlight\n>p1 move thunderbolt\n>p2 move calmmind\n>p1 move thunderbolt\n>p2 move calmmind\n>p1 move thunderbolt\n>p2 move calmmind\n>p1 move thunderbolt\n>p2 move moongeistbeam\n>p1 switch 3\n>p1 move firstimpression\n>p2 move moonlight terastallize\n>p1 move leechlife\n>p2 move moonlight\n>p1 move leechlife\n>p2 move moongeistbeam\n>p1 move leechlife\n>p2 move moonlight\n>p1 move leechlife\n>p2 move moongeistbeam\n>p1 switch 4\n>p1 move spiritbreak\n>p2 move moongeistbeam\n>p1 move lightscreen\n>p2 move moongeistbeam\n>p1 move spiritbreak\n>p2 move moongeistbeam\n>p1 switch 5\n>p1 move bravebird\n>p2 move moongeistbeam", "uploadtime": 1781396197, "views": 4, "formatid": "gen9randombattle", "rating": 1216, "private": 0, "password": null}