{"id": "gen9randombattle-2631469746", "format": "[Gen 9] Random Battle", "players": ["bruce winchill", "The_Nekezator"], "log": "|j|\u2606bruce winchill\n|j|\u2606The_Nekezator\n|t:|1781388677\n|gametype|singles\n|player|p1|bruce winchill|gentleman-gen4|1979\n|player|p2|The_Nekezator|ingo|1911\n|gen|9\n|tier|[Gen 9] Random Battle\n|rated|\n|rule|Species Clause: Limit one of each Pok\u00e9mon\n|rule|HP Percentage Mod: HP is shown in percentages\n|rule|Sleep Clause Mod: Limit one foe put to sleep\n|rule|Illusion Level Mod: Illusion disguises the Pok\u00e9mon's true level\n|\n|t:|1781388677\n|teamsize|p1|6\n|teamsize|p2|6\n|start\n|switch|p1a: Tropius|Tropius, L91, F|328/328\n|switch|p2a: Dondozo|Dondozo, L78, M|362/362\n|turn|1\n|inactive|Battle timer is ON: inactive players will automatically lose when time's up. (requested by bruce winchill)\n|\n|t:|1781388691\n|switch|p2a: Palossand|Palossand, L89, M|296/296\n|move|p1a: Tropius|Leech Seed|p2a: Palossand\n|-start|p2a: Palossand|move: Leech Seed\n|\n|-damage|p2a: Palossand|259/296|[from] Leech Seed|[of] p1a: Tropius\n|upkeep\n|turn|2\n|\n|t:|1781388703\n|switch|p2a: Magnezone|Magnezone, L85|258/258\n|move|p1a: Tropius|Substitute|p1a: Tropius\n|-start|p1a: Tropius|Substitute\n|-damage|p1a: Tropius|246/328\n|\n|upkeep\n|turn|3\n|\n|t:|1781388711\n|move|p2a: Magnezone|Thunderbolt|p1a: Tropius\n|-end|p1a: Tropius|Substitute\n|move|p1a: Tropius|Leech Seed|p2a: Magnezone\n|-start|p2a: Magnezone|move: Leech Seed\n|\n|-damage|p2a: Magnezone|226/258|[from] Leech Seed|[of] p1a: Tropius\n|-heal|p1a: Tropius|278/328|[silent]\n|upkeep\n|turn|4\n|\n|t:|1781388719\n|move|p1a: Tropius|Protect|p1a: Tropius\n|-singleturn|p1a: Tropius|Protect\n|move|p2a: Magnezone|Thunderbolt|p1a: Tropius\n|-activate|p1a: Tropius|move: Protect\n|\n|-heal|p2a: Magnezone|242/258|[from] item: Leftovers\n|-damage|p2a: Magnezone|210/258|[from] Leech Seed|[of] p1a: Tropius\n|-heal|p1a: Tropius|310/328|[silent]\n|upkeep\n|turn|5\n|\n|t:|1781388734\n|switch|p1a: Krookodile|Krookodile, L79, F|280/280\n|-ability|p1a: Krookodile|Intimidate|boost\n|-unboost|p2a: Magnezone|atk|1\n|move|p2a: Magnezone|Thunderbolt|p1a: Krookodile\n|-immune|p1a: Krookodile\n|\n|-heal|p2a: Magnezone|226/258|[from] item: Leftovers\n|-damage|p2a: Magnezone|194/258|[from] Leech Seed|[of] p1a: Krookodile\n|upkeep\n|turn|6\n|\n|t:|1781388743\n|switch|p2a: Chesnaught|Chesnaught, L84, M|285/285\n|move|p1a: Krookodile|Knock Off|p2a: Chesnaught\n|-resisted|p2a: Chesnaught\n|-damage|p2a: Chesnaught|246/285\n|-enditem|p2a: Chesnaught|Leftovers|[from] move: Knock Off|[of] p1a: Krookodile\n|\n|upkeep\n|turn|7\n|\n|t:|1781388760\n|switch|p1a: Entei|Entei, L78|307/307\n|move|p2a: Chesnaught|Body Press|p1a: Entei\n|-damage|p1a: Entei|196/307\n|\n|upkeep\n|turn|8\n|\n|t:|1781388765\n|switch|p2a: Samurott|Samurott, L88, M|310/310\n|move|p1a: Entei|Sacred Fire|p2a: Samurott\n|-resisted|p2a: Samurott\n|-damage|p2a: Samurott|231/310\n|\n|upkeep\n|turn|9\n|\n|t:|1781388790\n|move|p1a: Entei|Sacred Fire|p2a: Samurott\n|-resisted|p2a: Samurott\n|-damage|p2a: Samurott|153/310\n|-status|p2a: Samurott|brn\n|move|p2a: Samurott|Liquidation|p1a: Entei\n|-supereffective|p1a: Entei\n|-damage|p1a: Entei|40/307\n|-damage|p2a: Samurott|122/310 brn|[from] item: Life Orb\n|\n|-damage|p2a: Samurott|103/310 brn|[from] brn\n|upkeep\n|turn|10\n|\n|t:|1781388806\n|switch|p1a: Iron Bundle|Iron Bundle, L78|215/215\n|move|p2a: Samurott|Aqua Jet|p1a: Iron Bundle\n|-resisted|p1a: Iron Bundle\n|-damage|p1a: Iron Bundle|196/215\n|-damage|p2a: Samurott|72/310 brn|[from] item: Life Orb\n|\n|-damage|p2a: Samurott|53/310 brn|[from] brn\n|upkeep\n|turn|11\n|inactive|bruce winchill has 120 seconds left.\n|\n|t:|1781388821\n|move|p1a: Iron Bundle|Ice Beam|p2a: Samurott\n|-resisted|p2a: Samurott\n|-damage|p2a: Samurott|0 fnt\n|faint|p2a: Samurott\n|\n|upkeep\n|\n|t:|1781388826\n|switch|p2a: Magnezone|Magnezone, L85|194/258\n|turn|12\n|\n|t:|1781388837\n|-end|p1a: Iron Bundle|Quark Drive|[silent]\n|switch|p1a: Sandy Shocks|Sandy Shocks, L80|267/267\n|move|p2a: Magnezone|Iron Defense|p2a: Magnezone\n|-boost|p2a: Magnezone|def|2\n|\n|-heal|p2a: Magnezone|210/258|[from] item: Leftovers\n|upkeep\n|turn|13\n|\n|t:|1781388852\n|switch|p2a: Bronzong|Bronzong, L88|261/261\n|move|p1a: Sandy Shocks|Earth Power|p2a: Bronzong\n|-immune|p2a: Bronzong|[from] ability: Levitate\n|\n|upkeep\n|turn|14\n|\n|t:|1781388870\n|move|p1a: Sandy Shocks|Stealth Rock|p2a: Bronzong\n|-sidestart|p2: The_Nekezator|move: Stealth Rock\n|move|p2a: Bronzong|Stealth Rock|p1a: Sandy Shocks\n|-sidestart|p1: bruce winchill|move: Stealth Rock\n|\n|upkeep\n|turn|15\n|\n|t:|1781388880\n|move|p1a: Sandy Shocks|Volt Switch|p2a: Bronzong\n|-damage|p2a: Bronzong|192/261\n|\n|t:|1781388883\n|-end|p1a: Sandy Shocks|Protosynthesis|[silent]\n|switch|p1a: Krookodile|Krookodile, L79, F|280/280|[from] Volt Switch\n|-damage|p1a: Krookodile|263/280|[from] Stealth Rock\n|-ability|p1a: Krookodile|Intimidate|boost\n|-unboost|p2a: Bronzong|atk|1\n|move|p2a: Bronzong|Earthquake|p1a: Krookodile\n|-damage|p1a: Krookodile|212/280\n|\n|-heal|p1a: Krookodile|229/280|[from] item: Leftovers\n|-heal|p2a: Bronzong|208/261|[from] item: Leftovers\n|upkeep\n|turn|16\n|\n|t:|1781388889\n|move|p1a: Krookodile|Knock Off|p2a: Bronzong\n|-supereffective|p2a: Bronzong\n|-damage|p2a: Bronzong|34/261\n|-enditem|p2a: Bronzong|Leftovers|[from] move: Knock Off|[of] p1a: Krookodile\n|move|p2a: Bronzong|Iron Head|p1a: Krookodile\n|-damage|p1a: Krookodile|165/280\n|\n|-heal|p1a: Krookodile|182/280|[from] item: Leftovers\n|upkeep\n|turn|17\n|\n|t:|1781388895\n|move|p1a: Krookodile|Knock Off|p2a: Bronzong\n|-supereffective|p2a: Bronzong\n|-damage|p2a: Bronzong|0 fnt\n|faint|p2a: Bronzong\n|\n|-heal|p1a: Krookodile|199/280|[from] item: Leftovers\n|upkeep\n|\n|t:|1781388898\n|switch|p2a: Chesnaught|Chesnaught, L84, M|246/285\n|-damage|p2a: Chesnaught|229/285|[from] Stealth Rock\n|turn|18\n|\n|t:|1781388908\n|move|p1a: Krookodile|Gunk Shot|p2a: Chesnaught|[miss]\n|-miss|p1a: Krookodile|p2a: Chesnaught\n|move|p2a: Chesnaught|Knock Off|p1a: Krookodile\n|-resisted|p1a: Krookodile\n|-damage|p1a: Krookodile|154/280\n|-enditem|p1a: Krookodile|Leftovers|[from] move: Knock Off|[of] p2a: Chesnaught\n|\n|upkeep\n|turn|19\n|\n|t:|1781388916\n|move|p1a: Krookodile|Gunk Shot|p2a: Chesnaught\n|-supereffective|p2a: Chesnaught\n|-damage|p2a: Chesnaught|105/285\n|move|p2a: Chesnaught|Body Press|p1a: Krookodile\n|-supereffective|p1a: Krookodile\n|-damage|p1a: Krookodile|0 fnt\n|faint|p1a: Krookodile\n|\n|upkeep\n|\n|t:|1781388920\n|switch|p1a: Iron Bundle|Iron Bundle, L78|196/215\n|turn|20\n|\n|t:|1781388928\n|switch|p2a: Magnezone|Magnezone, L85|210/258\n|-damage|p2a: Magnezone|194/258|[from] Stealth Rock\n|move|p1a: Iron Bundle|Ice Beam|p2a: Magnezone\n|-resisted|p2a: Magnezone\n|-crit|p2a: Magnezone\n|-damage|p2a: Magnezone|121/258\n|\n|-heal|p2a: Magnezone|137/258|[from] item: Leftovers\n|upkeep\n|turn|21\n|\n|t:|1781388941\n|-end|p1a: Iron Bundle|Quark Drive|[silent]\n|switch|p1a: Sandy Shocks|Sandy Shocks, L80|267/267\n|move|p2a: Magnezone|Flash Cannon|p1a: Sandy Shocks\n|-resisted|p1a: Sandy Shocks\n|-damage|p1a: Sandy Shocks|213/267\n|\n|-heal|p2a: Magnezone|153/258|[from] item: Leftovers\n|upkeep\n|turn|22\n|\n|t:|1781388948\n|switch|p2a: Palossand|Palossand, L89, M|259/296\n|-damage|p2a: Palossand|241/296|[from] Stealth Rock\n|move|p1a: Sandy Shocks|Volt Switch|p2a: Palossand\n|-immune|p2a: Palossand\n|\n|-heal|p2a: Palossand|259/296|[from] item: Leftovers\n|upkeep\n|turn|23\n|\n|t:|1781388960\n|-end|p1a: Sandy Shocks|Protosynthesis|[silent]\n|switch|p1a: Tropius|Tropius, L91, F|310/328\n|-damage|p1a: Tropius|228/328|[from] Stealth Rock\n|move|p2a: Palossand|Sludge Bomb|p1a: Tropius\n|-supereffective|p1a: Tropius\n|-crit|p1a: Tropius\n|-damage|p1a: Tropius|34/328\n|-enditem|p1a: Tropius|Sitrus Berry|[eat]\n|-heal|p1a: Tropius|116/328|[from] item: Sitrus Berry\n|\n|-heal|p2a: Palossand|277/296|[from] item: Leftovers\n|upkeep\n|turn|24\n|\n|t:|1781388969\n|move|p1a: Tropius|Protect|p1a: Tropius\n|-singleturn|p1a: Tropius|Protect\n|move|p2a: Palossand|Sludge Bomb|p1a: Tropius\n|-activate|p1a: Tropius|move: Protect\n|\n|-heal|p2a: Palossand|295/296|[from] item: Leftovers\n|-item|p1a: Tropius|Sitrus Berry|[from] ability: Harvest\n|upkeep\n|-enditem|p1a: Tropius|Sitrus Berry|[eat]\n|-heal|p1a: Tropius|198/328|[from] item: Sitrus Berry\n|turn|25\n|\n|t:|1781388975\n|move|p1a: Tropius|Leech Seed|p2a: Palossand\n|-start|p2a: Palossand|move: Leech Seed\n|move|p2a: Palossand|Sludge Bomb|p1a: Tropius\n|-supereffective|p1a: Tropius\n|-damage|p1a: Tropius|56/328\n|\n|-heal|p2a: Palossand|296/296|[from] item: Leftovers\n|-damage|p2a: Palossand|259/296|[from] Leech Seed|[of] p1a: Tropius\n|-heal|p1a: Tropius|93/328|[silent]\n|-item|p1a: Tropius|Sitrus Berry|[from] ability: Harvest\n|upkeep\n|-enditem|p1a: Tropius|Sitrus Berry|[eat]\n|-heal|p1a: Tropius|175/328|[from] item: Sitrus Berry\n|turn|26\n|\n|t:|1781388982\n|move|p1a: Tropius|Substitute|p1a: Tropius\n|-start|p1a: Tropius|Substitute\n|-damage|p1a: Tropius|93/328\n|move|p2a: Palossand|Sludge Bomb|p1a: Tropius\n|-supereffective|p1a: Tropius\n|-end|p1a: Tropius|Substitute\n|\n|-heal|p2a: Palossand|277/296|[from] item: Leftovers\n|-damage|p2a: Palossand|240/296|[from] Leech Seed|[of] p1a: Tropius\n|-heal|p1a: Tropius|130/328|[silent]\n|-item|p1a: Tropius|Sitrus Berry|[from] ability: Harvest\n|upkeep\n|-enditem|p1a: Tropius|Sitrus Berry|[eat]\n|-heal|p1a: Tropius|212/328|[from] item: Sitrus Berry\n|turn|27\n|\n|t:|1781388987\n|switch|p2a: Chesnaught|Chesnaught, L84, M|105/285\n|-damage|p2a: Chesnaught|88/285|[from] Stealth Rock\n|move|p1a: Tropius|Substitute|p1a: Tropius\n|-start|p1a: Tropius|Substitute\n|-damage|p1a: Tropius|130/328\n|\n|upkeep\n|turn|28\n|\n|t:|1781388994\n|-terastallize|p2a: Chesnaught|Water\n|move|p2a: Chesnaught|Synthesis|p2a: Chesnaught\n|-heal|p2a: Chesnaught|230/285\n|move|p1a: Tropius|Air Slash|p2a: Chesnaught\n|-damage|p2a: Chesnaught|140/285\n|\n|upkeep\n|turn|29\n|\n|t:|1781388998\n|move|p2a: Chesnaught|Knock Off|p1a: Tropius\n|-activate|p1a: Tropius|move: Substitute|[damage]\n|move|p1a: Tropius|Leech Seed|p2a: Chesnaught\n|-start|p2a: Chesnaught|move: Leech Seed\n|\n|-damage|p2a: Chesnaught|105/285|[from] Leech Seed|[of] p1a: Tropius\n|-heal|p1a: Tropius|165/328|[silent]\n|upkeep\n|turn|30\n|\n|t:|1781389005\n|switch|p2a: Magnezone|Magnezone, L85|153/258\n|-damage|p2a: Magnezone|137/258|[from] Stealth Rock\n|move|p1a: Tropius|Protect||[still]\n|-fail|p1a: Tropius\n|\n|-heal|p2a: Magnezone|153/258|[from] item: Leftovers\n|upkeep\n|turn|31\n|\n|t:|1781389008\n|move|p2a: Magnezone|Thunderbolt|p1a: Tropius\n|-end|p1a: Tropius|Substitute\n|move|p1a: Tropius|Leech Seed|p2a: Magnezone|[miss]\n|-miss|p1a: Tropius|p2a: Magnezone\n|\n|-heal|p2a: Magnezone|169/258|[from] item: Leftovers\n|-item|p1a: Tropius|Sitrus Berry|[from] ability: Harvest\n|upkeep\n|turn|32\n|\n|t:|1781389015\n|move|p2a: Magnezone|Thunderbolt|p1a: Tropius\n|-crit|p1a: Tropius\n|-damage|p1a: Tropius|0 fnt\n|faint|p1a: Tropius\n|\n|-heal|p2a: Magnezone|185/258|[from] item: Leftovers\n|upkeep\n|c|\u2606bruce winchill|lol\n|\n|t:|1781389036\n|switch|p1a: Sandy Shocks|Sandy Shocks, L80|213/267\n|turn|33\n|\n|t:|1781389047\n|switch|p2a: Chesnaught|Chesnaught, L84, M, tera:Water|105/285\n|-damage|p2a: Chesnaught|70/285|[from] Stealth Rock\n|move|p1a: Sandy Shocks|Earth Power|p2a: Chesnaught\n|-damage|p2a: Chesnaught|0 fnt\n|faint|p2a: Chesnaught\n|\n|upkeep\n|\n|t:|1781389055\n|switch|p2a: Palossand|Palossand, L89, M|240/296\n|-damage|p2a: Palossand|222/296|[from] Stealth Rock\n|turn|34\n|\n|t:|1781389062\n|-end|p1a: Sandy Shocks|Protosynthesis|[silent]\n|switch|p1a: Entei|Entei, L78|40/307\n|-damage|p1a: Entei|0 fnt|[from] Stealth Rock\n|faint|p1a: Entei\n|move|p2a: Palossand|Earth Power|p1: Entei|[notarget]\n|-fail|p2a: Palossand\n|\n|-heal|p2a: Palossand|240/296|[from] item: Leftovers\n|upkeep\n|\n|t:|1781389077\n|switch|p1a: Iron Bundle|Iron Bundle, L78|196/215\n|turn|35\n|\n|t:|1781389085\n|switch|p2a: Dondozo|Dondozo, L78, M|362/362\n|-damage|p2a: Dondozo|317/362|[from] Stealth Rock\n|move|p1a: Iron Bundle|Hydro Pump|p2a: Dondozo\n|-resisted|p2a: Dondozo\n|-damage|p2a: Dondozo|230/362\n|\n|-heal|p2a: Dondozo|252/362|[from] item: Leftovers\n|upkeep\n|turn|36\n|\n|t:|1781389092\n|move|p1a: Iron Bundle|Freeze-Dry|p2a: Dondozo\n|-supereffective|p2a: Dondozo\n|-damage|p2a: Dondozo|40/362\n|move|p2a: Dondozo|Wave Crash|p1a: Iron Bundle\n|-resisted|p1a: Iron Bundle\n|-damage|p1a: Iron Bundle|148/215\n|-damage|p2a: Dondozo|24/362|[from] Recoil\n|\n|-heal|p2a: Dondozo|46/362|[from] item: Leftovers\n|upkeep\n|turn|37\n|\n|t:|1781389100\n|move|p1a: Iron Bundle|Freeze-Dry|p2a: Dondozo\n|-supereffective|p2a: Dondozo\n|-damage|p2a: Dondozo|0 fnt\n|faint|p2a: Dondozo\n|\n|upkeep\n|\n|t:|1781389102\n|switch|p2a: Magnezone|Magnezone, L85|185/258\n|-damage|p2a: Magnezone|169/258|[from] Stealth Rock\n|turn|38\n|\n|t:|1781389107\n|-end|p1a: Iron Bundle|Quark Drive|[silent]\n|switch|p1a: Sandy Shocks|Sandy Shocks, L80|213/267\n|move|p2a: Magnezone|Body Press|p1a: Sandy Shocks\n|-damage|p1a: Sandy Shocks|152/267\n|\n|-heal|p2a: Magnezone|185/258|[from] item: Leftovers\n|upkeep\n|turn|39\n|\n|t:|1781389112\n|move|p1a: Sandy Shocks|Earth Power|p2a: Magnezone\n|-supereffective|p2a: Magnezone\n|-damage|p2a: Magnezone|0 fnt\n|faint|p2a: Magnezone\n|\n|upkeep\n|\n|t:|1781389115\n|switch|p2a: Palossand|Palossand, L89, M|240/296\n|-damage|p2a: Palossand|222/296|[from] Stealth Rock\n|turn|40\n|\n|t:|1781389122\n|move|p1a: Sandy Shocks|Earth Power|p2a: Palossand\n|-damage|p2a: Palossand|108/296\n|move|p2a: Palossand|Earth Power|p1a: Sandy Shocks\n|-supereffective|p1a: Sandy Shocks\n|-damage|p1a: Sandy Shocks|0 fnt\n|faint|p1a: Sandy Shocks\n|-end|p1a: Sandy Shocks|Protosynthesis|[silent]\n|\n|-heal|p2a: Palossand|126/296|[from] item: Leftovers\n|upkeep\n|\n|t:|1781389124\n|switch|p1a: Iron Bundle|Iron Bundle, L78|148/215\n|turn|41\n|\n|t:|1781389128\n|move|p1a: Iron Bundle|Freeze-Dry|p2a: Palossand\n|-supereffective|p2a: Palossand\n|-damage|p2a: Palossand|0 fnt\n|faint|p2a: Palossand\n|\n|win|bruce winchill\n", "inputlog": ">version a8376a258c1d4662feba110a92103f3664a72141\n>start {\"formatid\":\"gen9randombattle\",\"seed\":\"sodium,f351db5b456723a89edefc62ab4b5022\",\"rated\":\"Rated battle\"}\n>player p1 {\"name\":\"bruce winchill\",\"avatar\":\"gentleman-gen4\",\"rating\":1979,\"seed\":\"sodium,21b1cb34a3246fa0fc03a9cdca51a409\"}\n>player p2 {\"name\":\"The_Nekezator\",\"avatar\":\"ingo\",\"rating\":1911,\"seed\":\"sodium,0d7a0506c61a18453c4a9be9fe40c3a7\"}\n>p1 move leechseed\n>p2 switch 3\n>p1 move substitute\n>p2 switch 4\n>p1 move leechseed\n>p2 move thunderbolt\n>p1 move protect\n>p2 move thunderbolt\n>p1 switch 3\n>p2 move thunderbolt\n>p1 move knockoff\n>p2 switch 6\n>p1 switch 4\n>p2 move bodypress\n>p1 move sacredfire\n>p2 switch 5\n>p1 move sacredfire\n>p2 move liquidation\n>p1 switch 5\n>p2 move aquajet\n>p1 move icebeam\n>p2 move sacredsword\n>p2 switch 6\n>p1 switch 2\n>p2 move irondefense\n>p1 move earthpower\n>p2 switch 2\n>p1 move stealthrock\n>p2 move stealthrock\n>p1 move voltswitch\n>p2 move earthquake\n>p1 switch 4\n>p1 move knockoff\n>p2 move ironhead\n>p1 move knockoff\n>p2 move ironhead\n>p2 switch 5\n>p1 move gunkshot\n>p2 move knockoff\n>p1 move gunkshot\n>p2 move bodypress\n>p1 switch 2\n>p1 move icebeam\n>p2 switch 2\n>p1 switch 4\n>p2 move flashcannon\n>p1 move voltswitch\n>p2 switch 4\n>p1 switch 3\n>p2 move sludgebomb\n>p1 move protect\n>p2 move sludgebomb\n>p1 move leechseed\n>p2 move sludgebomb\n>p1 move substitute\n>p2 move sludgebomb\n>p1 move substitute\n>p2 switch 2\n>p1 move airslash\n>p2 move synthesis terastallize\n>p1 move leechseed\n>p2 move knockoff\n>p1 move protect\n>p2 switch 4\n>p1 move leechseed\n>p2 move thunderbolt\n>p1 move leechseed\n>p2 move thunderbolt\n>chat \u2606bruce winchill|lol\n>p1 switch 3\n>p1 move earthpower\n>p2 switch 4\n>p2 switch 2\n>p1 switch 5\n>p2 move earthpower\n>p1 switch 4\n>p1 move hydropump\n>p2 switch 3\n>p1 move freezedry\n>p2 move wavecrash\n>p1 move freezedry\n>p2 move wavecrash\n>p2 switch 4\n>p1 switch 5\n>p2 move bodypress\n>p1 move earthpower\n>p2 move bodypress\n>p2 switch 3\n>p1 move earthpower\n>p2 move earthpower\n>p1 switch 5\n>p1 move freezedry\n>p2 move earthpower", "uploadtime": 1781388678, "views": 5, "formatid": "gen9randombattle", "rating": null, "private": 0, "password": null, "player_dets": [{"name": "bruce winchill", "avatar": "gentleman-gen4", "rating": 1979, "seed": "sodium,21b1cb34a3246fa0fc03a9cdca51a409"}, {"name": "The_Nekezator", "avatar": "ingo", "rating": 1911, "seed": "sodium,0d7a0506c61a18453c4a9be9fe40c3a7"}], "teams_full": [{"Tropius": {"name": "Tropius", "species": "Tropius", "speciesId": "tropius", "gender": "F", "shiny": false, "level": 91, "moves": ["leechseed", "substitute", "protect", "airslash"], "ability": "Harvest", "evs": {"hp": 85, "atk": 0, "def": 85, "spa": 85, "spd": 85, "spe": 85}, "ivs": {"hp": 31, "atk": 0, "def": 31, "spa": 31, "spd": 31, "spe": 31}, "item": "Sitrus Berry", "teraType": "Steel", "role": "Bulky Support", "bvs": {"hp": 99, "atk": 68, "def": 83, "spa": 72, "spd": 87, "spe": 51}, "stats": {"hp": 328, "atk": 128, "def": 203, "spa": 183, "spd": 210, "spe": 145}}, "Sandy Shocks": {"name": "Sandy Shocks", "species": "Sandy Shocks", "speciesId": "sandyshocks", "gender": "N", "shiny": false, "level": 80, "moves": ["thunderbolt", "earthpower", "stealthrock", "voltswitch"], "ability": "Protosynthesis", "evs": {"hp": 85, "atk": 0, "def": 85, "spa": 85, "spd": 85, "spe": 85}, "ivs": {"hp": 31, "atk": 0, "def": 31, "spa": 31, "spd": 31, "spe": 31}, "item": "Heavy-Duty Boots", "teraType": "Ground", "role": "Fast Support", "bvs": {"hp": 85, "atk": 81, "def": 97, "spa": 121, "spd": 85, "spe": 101}, "stats": {"hp": 267, "atk": 134, "def": 201, "spa": 240, "spd": 182, "spe": 208}}, "Krookodile": {"name": "Krookodile", "species": "Krookodile", "speciesId": "krookodile", "gender": "F", "shiny": false, "level": 79, "moves": ["earthquake", "bulkup", "knockoff", "gunkshot"], "ability": "Intimidate", "evs": {"hp": 85, "atk": 85, "def": 85, "spa": 85, "spd": 85, "spe": 85}, "ivs": {"hp": 31, "atk": 31, "def": 31, "spa": 31, "spd": 31, "spe": 31}, "item": "Leftovers", "teraType": "Poison", "role": "Bulky Setup", "bvs": {"hp": 95, "atk": 117, "def": 80, "spa": 65, "spd": 70, "spe": 92}, "stats": {"hp": 280, "atk": 230, "def": 172, "spa": 148, "spd": 156, "spe": 191}}, "Entei": {"name": "Entei", "species": "Entei", "speciesId": "entei", "gender": "N", "shiny": false, "level": 78, "moves": ["flareblitz", "sacredfire", "stompingtantrum", "extremespeed"], "ability": "Inner Focus", "evs": {"hp": 85, "atk": 85, "def": 85, "spa": 85, "spd": 85, "spe": 85}, "ivs": {"hp": 31, "atk": 31, "def": 31, "spa": 31, "spd": 31, "spe": 31}, "item": "Choice Band", "teraType": "Fire", "role": "Wallbreaker", "bvs": {"hp": 115, "atk": 115, "def": 85, "spa": 90, "spd": 75, "spe": 100}, "stats": {"hp": 307, "atk": 224, "def": 178, "spa": 185, "spd": 162, "spe": 201}}, "Iron Bundle": {"name": "Iron Bundle", "species": "Iron Bundle", "speciesId": "ironbundle", "gender": "N", "shiny": false, "level": 78, "moves": ["hydropump", "freezedry", "encore", "icebeam"], "ability": "Quark Drive", "evs": {"hp": 85, "atk": 0, "def": 85, "spa": 85, "spd": 85, "spe": 85}, "ivs": {"hp": 31, "atk": 0, "def": 31, "spa": 31, "spd": 31, "spe": 31}, "item": "Heavy-Duty Boots", "teraType": "Water", "role": "Fast Attacker", "bvs": {"hp": 56, "atk": 80, "def": 114, "spa": 124, "spd": 60, "spe": 136}, "stats": {"hp": 215, "atk": 129, "def": 223, "spa": 239, "spd": 139, "spe": 257}}, "Annihilape": {"name": "Annihilape", "species": "Annihilape", "speciesId": "annihilape", "gender": "F", "shiny": false, "level": 76, "moves": ["gunkshot", "drainpunch", "bulkup", "ragefist"], "ability": "Defiant", "evs": {"hp": 85, "atk": 85, "def": 85, "spa": 85, "spd": 85, "spe": 85}, "ivs": {"hp": 31, "atk": 31, "def": 31, "spa": 31, "spd": 31, "spe": 31}, "item": "Leftovers", "teraType": "Fairy", "role": "Bulky Setup", "bvs": {"hp": 110, "atk": 115, "def": 80, "spa": 50, "spd": 90, "spe": 90}, "stats": {"hp": 292, "atk": 219, "def": 166, "spa": 120, "spd": 181, "spe": 181}}}, {"Dondozo": {"name": "Dondozo", "species": "Dondozo", "speciesId": "dondozo", "gender": "M", "shiny": false, "level": 78, "moves": ["wavecrash", "curse", "sleeptalk", "rest"], "ability": "Unaware", "evs": {"hp": 85, "atk": 85, "def": 85, "spa": 85, "spd": 85, "spe": 85}, "ivs": {"hp": 31, "atk": 31, "def": 31, "spa": 31, "spd": 31, "spe": 31}, "item": "Leftovers", "teraType": "Fairy", "role": "Bulky Setup", "bvs": {"hp": 150, "atk": 100, "def": 115, "spa": 65, "spd": 65, "spe": 35}, "stats": {"hp": 362, "atk": 201, "def": 224, "spa": 146, "spd": 146, "spe": 100}}, "Bronzong": {"name": "Bronzong", "species": "Bronzong", "speciesId": "bronzong", "gender": "N", "shiny": false, "level": 88, "moves": ["stealthrock", "earthquake", "ironhead", "psychic"], "ability": "Levitate", "evs": {"hp": 85, "atk": 85, "def": 85, "spa": 85, "spd": 85, "spe": 85}, "ivs": {"hp": 31, "atk": 31, "def": 31, "spa": 31, "spd": 31, "spe": 31}, "item": "Leftovers", "teraType": "Water", "role": "Bulky Support", "bvs": {"hp": 67, "atk": 89, "def": 116, "spa": 79, "spd": 116, "spe": 33}, "stats": {"hp": 261, "atk": 207, "def": 254, "spa": 189, "spd": 254, "spe": 108}}, "Palossand": {"name": "Palossand", "species": "Palossand", "speciesId": "palossand", "gender": "M", "shiny": false, "level": 89, "moves": ["shadowball", "earthpower", "shoreup", "sludgebomb"], "ability": "Water Compaction", "evs": {"hp": 85, "atk": 0, "def": 85, "spa": 85, "spd": 85, "spe": 85}, "ivs": {"hp": 31, "atk": 0, "def": 31, "spa": 31, "spd": 31, "spe": 31}, "item": "Leftovers", "teraType": "Poison", "role": "Bulky Support", "bvs": {"hp": 85, "atk": 75, "def": 110, "spa": 100, "spd": 75, "spe": 35}, "stats": {"hp": 296, "atk": 138, "def": 247, "spa": 229, "spd": 184, "spe": 113}}, "Magnezone": {"name": "Magnezone", "species": "Magnezone", "speciesId": "magnezone", "gender": "N", "shiny": false, "level": 85, "moves": ["irondefense", "thunderbolt", "bodypress", "flashcannon"], "ability": "Magnet Pull", "evs": {"hp": 85, "atk": 0, "def": 85, "spa": 85, "spd": 85, "spe": 85}, "ivs": {"hp": 31, "atk": 0, "def": 31, "spa": 31, "spd": 31, "spe": 31}, "item": "Leftovers", "teraType": "Fighting", "role": "Bulky Setup", "bvs": {"hp": 70, "atk": 70, "def": 115, "spa": 130, "spd": 90, "spe": 60}, "stats": {"hp": 258, "atk": 124, "def": 244, "spa": 270, "spd": 202, "spe": 151}}, "Samurott": {"name": "Samurott", "species": "Samurott", "speciesId": "samurott", "gender": "M", "shiny": false, "level": 88, "moves": ["swordsdance", "aquajet", "sacredsword", "liquidation"], "ability": "Torrent", "evs": {"hp": 85, "atk": 85, "def": 85, "spa": 85, "spd": 85, "spe": 85}, "ivs": {"hp": 31, "atk": 31, "def": 31, "spa": 31, "spd": 31, "spe": 31}, "item": "Life Orb", "teraType": "Water", "role": "Setup Sweeper", "bvs": {"hp": 95, "atk": 100, "def": 85, "spa": 108, "spd": 70, "spe": 70}, "stats": {"hp": 310, "atk": 226, "def": 200, "spa": 240, "spd": 173, "spe": 173}}, "Chesnaught": {"name": "Chesnaught", "species": "Chesnaught", "speciesId": "chesnaught", "gender": "M", "shiny": false, "level": 84, "moves": ["knockoff", "synthesis", "woodhammer", "bodypress"], "ability": "Bulletproof", "evs": {"hp": 85, "atk": 85, "def": 85, "spa": 85, "spd": 85, "spe": 85}, "ivs": {"hp": 31, "atk": 31, "def": 31, "spa": 31, "spd": 31, "spe": 31}, "item": "Leftovers", "teraType": "Water", "role": "Bulky Support", "bvs": {"hp": 88, "atk": 107, "def": 122, "spa": 74, "spd": 75, "spe": 64}, "stats": {"hp": 285, "atk": 228, "def": 253, "spa": 173, "spd": 174, "spe": 156}}}]}