{"id": "gen9randombattle-2631463544", "format": "[Gen 9] Random Battle", "players": ["Malog7", "cewki"], "log": "|j|\u2606Malog7\n|j|\u2606cewki\n|t:|1781387824\n|gametype|singles\n|player|p1|Malog7|steven|1954\n|player|p2|cewki|iono|1958\n|gen|9\n|tier|[Gen 9] Random Battle\n|rated|\n|rule|Species Clause: Limit one of each Pok\u00e9mon\n|rule|HP Percentage Mod: HP is shown in percentages\n|rule|Sleep Clause Mod: Limit one foe put to sleep\n|rule|Illusion Level Mod: Illusion disguises the Pok\u00e9mon's true level\n|\n|t:|1781387824\n|teamsize|p1|6\n|teamsize|p2|6\n|start\n|switch|p1a: Dialga|Dialga-Origin, L73|266/266\n|switch|p2a: Skeledirge|Skeledirge, L79, M|294/294\n|-ability|p1a: Dialga|Pressure\n|turn|1\n|inactive|Battle timer is ON: inactive players will automatically lose when time's up. (requested by Malog7)\n|\n|t:|1781387837\n|move|p2a: Skeledirge|Flame Charge|p1a: Dialga\n|-damage|p1a: Dialga|233/266\n|-boost|p2a: Skeledirge|spe|1\n|move|p1a: Dialga|Dragon Tail|p2a: Skeledirge\n|-damage|p2a: Skeledirge|236/294\n|drag|p2a: Iron Boulder|Iron Boulder, L77|265/265\n|\n|upkeep\n|turn|2\n|\n|t:|1781387854\n|switch|p1a: Slowking|Slowking, L88, M|310/310\n|move|p2a: Iron Boulder|Swords Dance|p2a: Iron Boulder\n|-boost|p2a: Iron Boulder|atk|2\n|\n|upkeep\n|turn|3\n|\n|t:|1781387863\n|move|p2a: Iron Boulder|Swords Dance|p2a: Iron Boulder\n|-boost|p2a: Iron Boulder|atk|2\n|move|p1a: Slowking|Scald|p2a: Iron Boulder\n|-supereffective|p2a: Iron Boulder\n|-damage|p2a: Iron Boulder|77/265\n|\n|upkeep\n|turn|4\n|\n|t:|1781387868\n|move|p2a: Iron Boulder|Mighty Cleave|p1a: Slowking\n|-damage|p1a: Slowking|0 fnt\n|faint|p1a: Slowking\n|-damage|p2a: Iron Boulder|51/265|[from] item: Life Orb\n|\n|upkeep\n|\n|t:|1781387876\n|switch|p1a: Bisharp|Bisharp, L79, F|232/232\n|turn|5\n|\n|t:|1781387885\n|-end|p2a: Iron Boulder|Quark Drive|[silent]\n|switch|p2a: Slither Wing|Slither Wing, L81|270/270\n|move|p1a: Bisharp|Iron Head|p2a: Slither Wing\n|-crit|p2a: Slither Wing\n|-damage|p2a: Slither Wing|108/270\n|\n|upkeep\n|turn|6\n|\n|t:|1781387899\n|switch|p1a: Girafarig|Girafarig, L89, M|269/269\n|move|p2a: Slither Wing|Close Combat|p1a: Girafarig\n|-damage|p1a: Girafarig|140/269\n|-unboost|p2a: Slither Wing|def|1\n|-unboost|p2a: Slither Wing|spd|1\n|\n|upkeep\n|turn|7\n|\n|t:|1781387912\n|-end|p2a: Slither Wing|Protosynthesis|[silent]\n|switch|p2a: Hypno|Hypno, L95, F|315/315\n|move|p1a: Girafarig|Psyshock|p2a: Hypno\n|-resisted|p2a: Hypno\n|-damage|p2a: Hypno|264/315\n|\n|-heal|p2a: Hypno|283/315|[from] item: Leftovers\n|upkeep\n|turn|8\n|\n|t:|1781387918\n|switch|p1a: Bisharp|Bisharp, L79, F|232/232\n|move|p2a: Hypno|Toxic|p1a: Bisharp|[miss]\n|-miss|p2a: Hypno|p1a: Bisharp\n|\n|-heal|p2a: Hypno|302/315|[from] item: Leftovers\n|upkeep\n|turn|9\n|\n|t:|1781387922\n|move|p2a: Hypno|Focus Blast|p1a: Bisharp|[miss]\n|-miss|p2a: Hypno|p1a: Bisharp\n|move|p1a: Bisharp|Throat Chop|p2a: Hypno\n|-supereffective|p2a: Hypno\n|-damage|p2a: Hypno|98/315\n|-start|p2a: Hypno|Throat Chop|[silent]\n|\n|-heal|p2a: Hypno|117/315|[from] item: Leftovers\n|upkeep\n|turn|10\n|\n|t:|1781387925\n|move|p1a: Bisharp|Sucker Punch|p2a: Hypno\n|-supereffective|p2a: Hypno\n|-damage|p2a: Hypno|0 fnt\n|faint|p2a: Hypno\n|\n|upkeep\n|\n|t:|1781387932\n|switch|p2a: Skeledirge|Skeledirge, L79, M|236/294\n|turn|11\n|\n|t:|1781387941\n|switch|p1a: Dialga|Dialga-Origin, L73|233/266\n|-ability|p1a: Dialga|Pressure\n|move|p2a: Skeledirge|Flame Charge|p1a: Dialga\n|-damage|p1a: Dialga|199/266\n|-boost|p2a: Skeledirge|spe|1\n|\n|upkeep\n|turn|12\n|\n|t:|1781387946\n|move|p2a: Skeledirge|Torch Song|p1a: Dialga\n|-damage|p1a: Dialga|123/266\n|-boost|p2a: Skeledirge|spa|1\n|move|p1a: Dialga|Draco Meteor|p2a: Skeledirge\n|-damage|p2a: Skeledirge|11/294\n|-unboost|p1a: Dialga|spa|2\n|\n|upkeep\n|turn|13\n|\n|t:|1781387954\n|move|p2a: Skeledirge|Slack Off|p2a: Skeledirge\n|-heal|p2a: Skeledirge|158/294\n|move|p1a: Dialga|Draco Meteor|p2a: Skeledirge\n|-damage|p2a: Skeledirge|0 fnt\n|-unboost|p1a: Dialga|spa|2\n|faint|p2a: Skeledirge\n|\n|upkeep\n|\n|t:|1781387966\n|switch|p2a: Iron Boulder|Iron Boulder, L77|51/265\n|turn|14\n|\n|t:|1781387969\n|move|p2a: Iron Boulder|Close Combat|p1a: Dialga\n|-supereffective|p1a: Dialga\n|-damage|p1a: Dialga|0 fnt\n|-unboost|p2a: Iron Boulder|def|1\n|-unboost|p2a: Iron Boulder|spd|1\n|faint|p1a: Dialga\n|-damage|p2a: Iron Boulder|25/265|[from] item: Life Orb\n|\n|upkeep\n|\n|t:|1781387974\n|switch|p1a: Girafarig|Girafarig, L89, M|140/269\n|turn|15\n|\n|t:|1781387978\n|move|p2a: Iron Boulder|Mighty Cleave|p1a: Girafarig\n|-damage|p1a: Girafarig|30/269\n|-damage|p2a: Iron Boulder|0 fnt|[from] item: Life Orb\n|faint|p2a: Iron Boulder\n|-end|p2a: Iron Boulder|Quark Drive|[silent]\n|move|p1a: Girafarig|Psyshock|p2: Iron Boulder|[notarget]\n|-fail|p1a: Girafarig\n|\n|upkeep\n|\n|t:|1781387991\n|switch|p2a: Garganacl|Garganacl, L80, F|291/291\n|turn|16\n|\n|t:|1781387995\n|move|p1a: Girafarig|Thunderbolt|p2a: Garganacl\n|-damage|p2a: Garganacl|218/291\n|move|p2a: Garganacl|Stealth Rock|p1a: Girafarig\n|-sidestart|p1: Malog7|move: Stealth Rock\n|\n|-heal|p2a: Garganacl|236/291|[from] item: Leftovers\n|upkeep\n|turn|17\n|\n|t:|1781388000\n|move|p1a: Girafarig|Thunderbolt|p2a: Garganacl\n|-damage|p2a: Garganacl|164/291\n|move|p2a: Garganacl|Salt Cure|p1a: Girafarig\n|-damage|p1a: Girafarig|0 fnt\n|faint|p1a: Girafarig\n|\n|-heal|p2a: Garganacl|182/291|[from] item: Leftovers\n|upkeep\n|\n|t:|1781388008\n|switch|p1a: Sunflora|Sunflora, F|312/312\n|-damage|p1a: Sunflora|273/312|[from] Stealth Rock\n|turn|18\n|\n|t:|1781388015\n|switch|p2a: Weavile|Weavile, L79, M|239/239\n|move|p1a: Sunflora|Leaf Storm|p2a: Weavile\n|-damage|p2a: Weavile|0 fnt\n|-unboost|p1a: Sunflora|spa|2\n|faint|p2a: Weavile\n|\n|upkeep\n|\n|t:|1781388021\n|switch|p2a: Slither Wing|Slither Wing, L81|108/270\n|turn|19\n|\n|t:|1781388027\n|switch|p1a: Manaphy|Manaphy, L78|284/284\n|-damage|p1a: Manaphy|249/284|[from] Stealth Rock\n|move|p2a: Slither Wing|Morning Sun|p2a: Slither Wing\n|-heal|p2a: Slither Wing|243/270\n|\n|-heal|p1a: Manaphy|266/284|[from] item: Leftovers\n|upkeep\n|turn|20\n|\n|t:|1781388034\n|move|p1a: Manaphy|Tail Glow|p1a: Manaphy\n|-boost|p1a: Manaphy|spa|3\n|move|p2a: Slither Wing|U-turn|p1a: Manaphy\n|-damage|p1a: Manaphy|176/284\n|\n|t:|1781388037\n|-end|p2a: Slither Wing|Protosynthesis|[silent]\n|switch|p2a: Garganacl|Garganacl, L80, F|182/291|[from] U-turn\n|\n|-heal|p1a: Manaphy|193/284|[from] item: Leftovers\n|-heal|p2a: Garganacl|200/291|[from] item: Leftovers\n|upkeep\n|turn|21\n|\n|t:|1781388041\n|move|p1a: Manaphy|Energy Ball|p2a: Garganacl\n|-supereffective|p2a: Garganacl\n|-damage|p2a: Garganacl|0 fnt\n|faint|p2a: Garganacl\n|\n|-heal|p1a: Manaphy|210/284|[from] item: Leftovers\n|upkeep\n|\n|t:|1781388043\n|switch|p2a: Slither Wing|Slither Wing, L81|243/270\n|turn|22\n|\n|t:|1781388050\n|move|p1a: Manaphy|Hydro Pump|p2a: Slither Wing|[miss]\n|-miss|p1a: Manaphy|p2a: Slither Wing\n|move|p2a: Slither Wing|Close Combat|p1a: Manaphy\n|-damage|p1a: Manaphy|51/284\n|-unboost|p2a: Slither Wing|def|1\n|-unboost|p2a: Slither Wing|spd|1\n|\n|-heal|p1a: Manaphy|68/284|[from] item: Leftovers\n|upkeep\n|turn|23\n|\n|t:|1781388054\n|move|p1a: Manaphy|Ice Beam|p2a: Slither Wing\n|-damage|p2a: Slither Wing|66/270\n|move|p2a: Slither Wing|Close Combat|p1a: Manaphy\n|-damage|p1a: Manaphy|0 fnt\n|-unboost|p2a: Slither Wing|def|1\n|-unboost|p2a: Slither Wing|spd|1\n|faint|p1a: Manaphy\n|\n|upkeep\n|-message|cewki forfeited.\n|\n|win|Malog7\n", "inputlog": ">version a8376a258c1d4662feba110a92103f3664a72141\n>start {\"formatid\":\"gen9randombattle\",\"seed\":\"sodium,902451b31073ca8240a51500db2f9a01\",\"rated\":\"Rated battle\"}\n>player p1 {\"name\":\"Malog7\",\"avatar\":\"steven\",\"rating\":1954,\"seed\":\"sodium,410f08f23eb645a961d754e16b0f7d18\"}\n>player p2 {\"name\":\"cewki\",\"avatar\":\"iono\",\"rating\":1958,\"seed\":\"sodium,c6cd825ca7e6d89774909bd66a1650bc\"}\n>p1 move dragontail\n>p2 move flamecharge\n>p1 switch 2\n>p2 move swordsdance\n>p1 move scald\n>p2 move swordsdance\n>p1 move scald\n>p2 move mightycleave\n>p1 switch 3\n>p1 move ironhead\n>p2 switch 3\n>p1 switch 6\n>p2 move closecombat\n>p1 move psyshock\n>p2 switch 5\n>p1 switch 6\n>p2 move toxic\n>p1 move throatchop\n>p2 move focusblast\n>p1 move suckerpunch\n>p2 move focusblast\n>p2 switch 2\n>p1 switch 2\n>p2 move flamecharge\n>p1 move dracometeor\n>p2 move torchsong\n>p1 move dracometeor\n>p2 move slackoff\n>p2 switch 3\n>p1 move dragontail\n>p2 move closecombat\n>p1 switch 6\n>p1 move psyshock\n>p2 move mightycleave\n>p2 switch 4\n>p1 move thunderbolt\n>p2 move stealthrock\n>p1 move thunderbolt\n>p2 move saltcure\n>p1 switch 5\n>p1 move leafstorm\n>p2 switch 6\n>p2 switch 5\n>p1 switch 4\n>p2 move morningsun\n>p1 move tailglow\n>p2 move uturn\n>p2 switch 6\n>p1 move energyball\n>p2 move saltcure\n>p2 switch 6\n>p1 move hydropump\n>p2 move closecombat\n>p1 move icebeam\n>p2 move closecombat\n>forcelose p2", "uploadtime": 1781387827, "views": 5, "formatid": "gen9randombattle", "rating": null, "private": 0, "password": null}