{"id": "gen9randombattle-2631643511", "format": "[Gen 9] Random Battle", "players": ["spencomatic", "whisperwyrm"], "log": "|j|\u2606spencomatic\n|j|\u2606whisperwyrm\n|t:|1781413761\n|gametype|singles\n|player|p1|spencomatic|102|2054\n|player|p2|whisperwyrm|170|2181\n|gen|9\n|tier|[Gen 9] Random Battle\n|rated|\n|rule|Species Clause: Limit one of each Pok\u00e9mon\n|rule|HP Percentage Mod: HP is shown in percentages\n|rule|Sleep Clause Mod: Limit one foe put to sleep\n|rule|Illusion Level Mod: Illusion disguises the Pok\u00e9mon's true level\n|\n|t:|1781413761\n|teamsize|p1|6\n|teamsize|p2|6\n|start\n|switch|p1a: Tauros|Tauros-Paldea-Aqua, L81, M|252/252\n|switch|p2a: Palafin|Palafin, L77, M|281/281\n|turn|1\n|inactive|Battle timer is ON: inactive players will automatically lose when time's up. (requested by spencomatic)\n|inactive|whisperwyrm also wants the timer to be on.\n|\n|t:|1781413772\n|detailschange|p2a: Palafin|Palafin-Hero, L77, M\n|switch|p2a: Vespiquen|Vespiquen, L99, F|299/299\n|-ability|p2a: Vespiquen|Pressure\n|move|p1a: Tauros|Substitute|p1a: Tauros\n|-start|p1a: Tauros|Substitute\n|-damage|p1a: Tauros|189/252\n|\n|upkeep\n|turn|2\n|\n|t:|1781413775\n|move|p1a: Tauros|Liquidation|p2a: Vespiquen\n|-damage|p2a: Vespiquen|230/299\n|move|p2a: Vespiquen|Air Slash|p1a: Tauros\n|-supereffective|p1a: Tauros\n|-end|p1a: Tauros|Substitute\n|\n|upkeep\n|turn|3\n|\n|t:|1781413780\n|switch|p1a: Glaceon|Glaceon, L94, F|275/275\n|move|p2a: Vespiquen|Air Slash|p1a: Glaceon\n|-damage|p1a: Glaceon|196/275\n|\n|upkeep\n|turn|4\n|\n|t:|1781413787\n|move|p1a: Glaceon|Wish|p1a: Glaceon\n|move|p2a: Vespiquen|Toxic|p1a: Glaceon\n|-status|p1a: Glaceon|tox\n|\n|-damage|p1a: Glaceon|179/275 tox|[from] psn\n|upkeep\n|turn|5\n|\n|t:|1781413789\n|move|p1a: Glaceon|Freeze-Dry|p2a: Vespiquen\n|-supereffective|p2a: Vespiquen\n|-damage|p2a: Vespiquen|54/299\n|move|p2a: Vespiquen|Roost|p2a: Vespiquen\n|-heal|p2a: Vespiquen|204/299\n|-singleturn|p2a: Vespiquen|move: Roost\n|\n|-heal|p1a: Glaceon|275/275 tox|[from] move: Wish|[wisher] Glaceon\n|-damage|p1a: Glaceon|241/275 tox|[from] psn\n|upkeep\n|turn|6\n|\n|t:|1781413796\n|switch|p2a: Farigiraf|Farigiraf, L90, F|362/362\n|move|p1a: Glaceon|Freeze-Dry|p2a: Farigiraf\n|-damage|p2a: Farigiraf|226/362\n|-status|p2a: Farigiraf|frz\n|\n|-heal|p2a: Farigiraf|248/362 frz|[from] item: Leftovers\n|-damage|p1a: Glaceon|190/275 tox|[from] psn\n|upkeep\n|turn|7\n|\n|t:|1781413801\n|switch|p1a: Overqwil|Overqwil, L82, M|274/274\n|-ability|p1a: Overqwil|Intimidate|boost\n|-unboost|p2a: Farigiraf|atk|1\n|cant|p2a: Farigiraf|frz\n|\n|-heal|p2a: Farigiraf|270/362 frz|[from] item: Leftovers\n|upkeep\n|turn|8\n|\n|t:|1781413807\n|switch|p2a: Sandy Shocks|Sandy Shocks, L80|267/267\n|move|p1a: Overqwil|Crunch|p2a: Sandy Shocks\n|-damage|p2a: Sandy Shocks|137/267\n|\n|-heal|p2a: Sandy Shocks|153/267|[from] item: Leftovers\n|upkeep\n|turn|9\n|\n|t:|1781413815\n|switch|p1a: Serperior|Serperior, L79, M|248/248\n|move|p2a: Sandy Shocks|Stealth Rock|p1a: Serperior\n|-sidestart|p1: spencomatic|move: Stealth Rock\n|\n|-heal|p2a: Sandy Shocks|169/267|[from] item: Leftovers\n|upkeep\n|turn|10\n|\n|t:|1781413825\n|-end|p2a: Sandy Shocks|Protosynthesis|[silent]\n|switch|p2a: Farigiraf|Farigiraf, L90, F|270/362 frz\n|move|p1a: Serperior|Leaf Storm|p2a: Farigiraf\n|-ability|p2a: Farigiraf|Sap Sipper|boost\n|-boost|p2a: Farigiraf|atk|1\n|\n|-heal|p2a: Farigiraf|292/362 frz|[from] item: Leftovers\n|upkeep\n|turn|11\n|\n|t:|1781413829\n|switch|p1a: Overqwil|Overqwil, L82, M|274/274\n|-damage|p1a: Overqwil|240/274|[from] Stealth Rock\n|-ability|p1a: Overqwil|Intimidate|boost\n|-unboost|p2a: Farigiraf|atk|1\n|cant|p2a: Farigiraf|frz\n|\n|-heal|p2a: Farigiraf|314/362 frz|[from] item: Leftovers\n|upkeep\n|turn|12\n|\n|t:|1781413839\n|switch|p2a: Sandy Shocks|Sandy Shocks, L80|169/267\n|move|p1a: Overqwil|Liquidation|p2a: Sandy Shocks\n|-supereffective|p2a: Sandy Shocks\n|-damage|p2a: Sandy Shocks|0 fnt\n|faint|p2a: Sandy Shocks\n|-end|p2a: Sandy Shocks|Protosynthesis|[silent]\n|\n|upkeep\n|\n|t:|1781413858\n|switch|p2a: Eiscue|Eiscue, L88, M|274/274\n|turn|13\n|\n|t:|1781413869\n|switch|p1a: Serperior|Serperior, L79, M|248/248\n|-damage|p1a: Serperior|217/248|[from] Stealth Rock\n|move|p2a: Eiscue|Ice Spinner|p1a: Serperior\n|-supereffective|p1a: Serperior\n|-damage|p1a: Serperior|49/248\n|\n|upkeep\n|turn|14\n|\n|t:|1781413876\n|move|p1a: Serperior|Dragon Pulse|p2a: Eiscue\n|-damage|p2a: Eiscue|221/274\n|-damage|p1a: Serperior|25/248|[from] item: Life Orb\n|move|p2a: Eiscue|Liquidation|p1a: Serperior\n|-resisted|p1a: Serperior\n|-damage|p1a: Serperior|0 fnt\n|faint|p1a: Serperior\n|\n|upkeep\n|\n|t:|1781413879\n|switch|p1a: Kommo-o|Kommo-o, L78, M|245/245\n|-damage|p1a: Kommo-o|230/245|[from] Stealth Rock\n|turn|15\n|\n|t:|1781413882\n|move|p1a: Kommo-o|Boomburst|p2a: Eiscue\n|-damage|p2a: Eiscue|133/274\n|-enditem|p2a: Eiscue|Sitrus Berry|[eat]\n|-heal|p2a: Eiscue|201/274|[from] item: Sitrus Berry\n|-enditem|p1a: Kommo-o|Throat Spray\n|-boost|p1a: Kommo-o|spa|1|[from] item: Throat Spray\n|move|p2a: Eiscue|Ice Spinner|p1a: Kommo-o\n|-supereffective|p1a: Kommo-o\n|-damage|p1a: Kommo-o|104/245\n|\n|upkeep\n|turn|16\n|\n|t:|1781413889\n|move|p1a: Kommo-o|Clanging Scales|p2a: Eiscue\n|-damage|p2a: Eiscue|45/274\n|-unboost|p1a: Kommo-o|def|1\n|move|p2a: Eiscue|Ice Spinner|p1a: Kommo-o\n|-supereffective|p1a: Kommo-o\n|-damage|p1a: Kommo-o|0 fnt\n|faint|p1a: Kommo-o\n|\n|upkeep\n|\n|t:|1781413893\n|switch|p1a: Articuno|Articuno-Galar, L84|288/288\n|turn|17\n|\n|t:|1781413905\n|switch|p2a: Farigiraf|Farigiraf, L90, F|314/362 frz\n|move|p1a: Articuno|Freezing Glare|p2a: Farigiraf\n|-resisted|p2a: Farigiraf\n|-damage|p2a: Farigiraf|248/362 frz\n|\n|-heal|p2a: Farigiraf|270/362 frz|[from] item: Leftovers\n|upkeep\n|turn|18\n|\n|t:|1781413907\n|move|p1a: Articuno|Calm Mind|p1a: Articuno\n|-boost|p1a: Articuno|spa|1\n|-boost|p1a: Articuno|spd|1\n|cant|p2a: Farigiraf|frz\n|\n|-heal|p2a: Farigiraf|292/362 frz|[from] item: Leftovers\n|upkeep\n|turn|19\n|\n|t:|1781413909\n|move|p1a: Articuno|Calm Mind|p1a: Articuno\n|-boost|p1a: Articuno|spa|1\n|-boost|p1a: Articuno|spd|1\n|cant|p2a: Farigiraf|frz\n|\n|-heal|p2a: Farigiraf|314/362 frz|[from] item: Leftovers\n|upkeep\n|turn|20\n|\n|t:|1781413911\n|move|p1a: Articuno|Hurricane|p2a: Farigiraf|[miss]\n|-miss|p1a: Articuno|p2a: Farigiraf\n|cant|p2a: Farigiraf|frz\n|\n|-heal|p2a: Farigiraf|336/362 frz|[from] item: Leftovers\n|upkeep\n|turn|21\n|\n|t:|1781413913\n|move|p1a: Articuno|Hurricane|p2a: Farigiraf\n|-damage|p2a: Farigiraf|45/362 frz\n|-start|p2a: Farigiraf|confusion\n|-curestatus|p2a: Farigiraf|frz|[msg]\n|-activate|p2a: Farigiraf|confusion\n|move|p2a: Farigiraf|Body Slam|p1a: Articuno\n|-damage|p1a: Articuno|192/288\n|\n|-heal|p2a: Farigiraf|67/362|[from] item: Leftovers\n|upkeep\n|turn|22\n|\n|t:|1781413917\n|move|p1a: Articuno|Freezing Glare|p2a: Farigiraf\n|-resisted|p2a: Farigiraf\n|-damage|p2a: Farigiraf|0 fnt\n|faint|p2a: Farigiraf\n|\n|upkeep\n|\n|t:|1781413926\n|switch|p2a: Luvdisc|Luvdisc, M|247/247\n|turn|23\n|\n|t:|1781413928\n|move|p2a: Luvdisc|Substitute|p2a: Luvdisc\n|-start|p2a: Luvdisc|Substitute\n|-damage|p2a: Luvdisc|186/247\n|move|p1a: Articuno|Freezing Glare|p2a: Luvdisc\n|-end|p2a: Luvdisc|Substitute\n|\n|upkeep\n|turn|24\n|\n|t:|1781413930\n|move|p2a: Luvdisc|Substitute|p2a: Luvdisc\n|-start|p2a: Luvdisc|Substitute\n|-damage|p2a: Luvdisc|125/247\n|move|p1a: Articuno|Freezing Glare|p2a: Luvdisc\n|-end|p2a: Luvdisc|Substitute\n|\n|upkeep\n|turn|25\n|\n|t:|1781413932\n|move|p2a: Luvdisc|Substitute|p2a: Luvdisc\n|-start|p2a: Luvdisc|Substitute\n|-damage|p2a: Luvdisc|64/247\n|move|p1a: Articuno|Freezing Glare|p2a: Luvdisc\n|-end|p2a: Luvdisc|Substitute\n|\n|upkeep\n|turn|26\n|\n|t:|1781413934\n|move|p2a: Luvdisc|Substitute|p2a: Luvdisc\n|-start|p2a: Luvdisc|Substitute\n|-damage|p2a: Luvdisc|3/247\n|move|p1a: Articuno|Freezing Glare|p2a: Luvdisc\n|-end|p2a: Luvdisc|Substitute\n|\n|upkeep\n|turn|27\n|\n|t:|1781413935\n|move|p2a: Luvdisc|Endeavor|p1a: Articuno\n|-damage|p1a: Articuno|3/288\n|move|p1a: Articuno|Freezing Glare|p2a: Luvdisc\n|-damage|p2a: Luvdisc|0 fnt\n|faint|p2a: Luvdisc\n|\n|upkeep\n|\n|t:|1781413942\n|switch|p2a: Palafin|Palafin-Hero, L77, M|281/281\n|-activate|p2a: Palafin|ability: Zero to Hero\n|turn|28\n|\n|t:|1781413947\n|switch|p1a: Tauros|Tauros-Paldea-Aqua, L81, M|189/252\n|-damage|p1a: Tauros|174/252|[from] Stealth Rock\n|move|p2a: Palafin|Jet Punch|p1a: Tauros\n|-resisted|p1a: Tauros\n|-damage|p1a: Tauros|140/252\n|\n|upkeep\n|turn|29\n|\n|t:|1781413952\n|-terastallize|p1a: Tauros|Water\n|move|p1a: Tauros|Liquidation|p2a: Palafin\n|-resisted|p2a: Palafin\n|-damage|p2a: Palafin|219/281\n|move|p2a: Palafin|Bulk Up|p2a: Palafin\n|-boost|p2a: Palafin|atk|1\n|-boost|p2a: Palafin|def|1\n|\n|-heal|p2a: Palafin|236/281|[from] item: Leftovers\n|upkeep\n|turn|30\n|\n|t:|1781413957\n|move|p1a: Tauros|Bulk Up|p1a: Tauros\n|-boost|p1a: Tauros|atk|1\n|-boost|p1a: Tauros|def|1\n|move|p2a: Palafin|Drain Punch|p1a: Tauros\n|-damage|p1a: Tauros|84/252\n|-heal|p2a: Palafin|264/281|[from] drain|[of] p1a: Tauros\n|-enditem|p1a: Tauros|Sitrus Berry|[eat]\n|-heal|p1a: Tauros|147/252|[from] item: Sitrus Berry\n|\n|-heal|p2a: Palafin|281/281|[from] item: Leftovers\n|upkeep\n|turn|31\n|\n|t:|1781413961\n|move|p1a: Tauros|Bulk Up|p1a: Tauros\n|-boost|p1a: Tauros|atk|1\n|-boost|p1a: Tauros|def|1\n|move|p2a: Palafin|Bulk Up|p2a: Palafin\n|-boost|p2a: Palafin|atk|1\n|-boost|p2a: Palafin|def|1\n|\n|-activate|p1a: Tauros|ability: Cud Chew\n|-enditem|p1a: Tauros|Sitrus Berry|[eat]\n|-heal|p1a: Tauros|210/252|[from] item: Sitrus Berry\n|upkeep\n|turn|32\n|\n|t:|1781413963\n|move|p1a: Tauros|Bulk Up|p1a: Tauros\n|-boost|p1a: Tauros|atk|1\n|-boost|p1a: Tauros|def|1\n|move|p2a: Palafin|Bulk Up|p2a: Palafin\n|-boost|p2a: Palafin|atk|1\n|-boost|p2a: Palafin|def|1\n|\n|upkeep\n|turn|33\n|\n|t:|1781413965\n|move|p1a: Tauros|Bulk Up|p1a: Tauros\n|-boost|p1a: Tauros|atk|1\n|-boost|p1a: Tauros|def|1\n|move|p2a: Palafin|Bulk Up|p2a: Palafin\n|-boost|p2a: Palafin|atk|1\n|-boost|p2a: Palafin|def|1\n|\n|upkeep\n|turn|34\n|\n|t:|1781413967\n|move|p1a: Tauros|Bulk Up|p1a: Tauros\n|-boost|p1a: Tauros|atk|1\n|-boost|p1a: Tauros|def|1\n|move|p2a: Palafin|Bulk Up|p2a: Palafin\n|-boost|p2a: Palafin|atk|1\n|-boost|p2a: Palafin|def|1\n|\n|upkeep\n|turn|35\n|\n|t:|1781413969\n|move|p1a: Tauros|Bulk Up|p1a: Tauros\n|-boost|p1a: Tauros|atk|1\n|-boost|p1a: Tauros|def|1\n|move|p2a: Palafin|Bulk Up|p2a: Palafin\n|-boost|p2a: Palafin|atk|1\n|-boost|p2a: Palafin|def|1\n|\n|upkeep\n|turn|36\n|\n|t:|1781413971\n|move|p1a: Tauros|Close Combat|p2a: Palafin\n|-damage|p2a: Palafin|160/281\n|-unboost|p1a: Tauros|def|1\n|-unboost|p1a: Tauros|spd|1\n|move|p2a: Palafin|Drain Punch|p1a: Tauros\n|-damage|p1a: Tauros|138/252\n|-heal|p2a: Palafin|196/281|[from] drain|[of] p1a: Tauros\n|\n|-heal|p2a: Palafin|213/281|[from] item: Leftovers\n|upkeep\n|turn|37\n|\n|t:|1781413976\n|move|p1a: Tauros|Close Combat|p2a: Palafin\n|-damage|p2a: Palafin|77/281\n|-unboost|p1a: Tauros|def|1\n|-unboost|p1a: Tauros|spd|1\n|move|p2a: Palafin|Drain Punch|p1a: Tauros\n|-damage|p1a: Tauros|51/252\n|-heal|p2a: Palafin|121/281|[from] drain|[of] p1a: Tauros\n|\n|-heal|p2a: Palafin|138/281|[from] item: Leftovers\n|upkeep\n|turn|38\n|\n|t:|1781413986\n|move|p2a: Palafin|Jet Punch|p1a: Tauros\n|-resisted|p1a: Tauros\n|-damage|p1a: Tauros|3/252\n|move|p1a: Tauros|Close Combat|p2a: Palafin\n|-damage|p2a: Palafin|11/281\n|-unboost|p1a: Tauros|def|1\n|-unboost|p1a: Tauros|spd|1\n|\n|-heal|p2a: Palafin|28/281|[from] item: Leftovers\n|upkeep\n|turn|39\n|l|\u2606spencomatic\n|inactive|spencomatic disconnected and has a minute to reconnect!\n|player|p1|\n|j|\u2606spencomatic\n|inactive|spencomatic reconnected and has 125 seconds left.\n|player|p1|spencomatic|102|\n|\n|t:|1781414015\n|move|p2a: Palafin|Jet Punch|p1a: Tauros\n|-resisted|p1a: Tauros\n|-damage|p1a: Tauros|0 fnt\n|faint|p1a: Tauros\n|\n|-heal|p2a: Palafin|45/281|[from] item: Leftovers\n|upkeep\n|-message|spencomatic forfeited.\n|\n|win|whisperwyrm\n", "uploadtime": 1781413762, "views": 3, "formatid": "gen9randombattle", "rating": null, "private": 0, "password": null}