{"id": "gen9randombattle-2631961708", "format": "[Gen 9] Random Battle", "players": ["pies4days", "Tyyyyyyu"], "log": "|j|\u2606pies4days\n|j|\u2606Tyyyyyyu\n|t:|1781460283\n|gametype|singles\n|player|p1|pies4days|2|1450\n|player|p2|Tyyyyyyu|lady-gen4|1400\n|gen|9\n|tier|[Gen 9] Random Battle\n|rated|\n|rule|Species Clause: Limit one of each Pok\u00e9mon\n|rule|HP Percentage Mod: HP is shown in percentages\n|rule|Sleep Clause Mod: Limit one foe put to sleep\n|rule|Illusion Level Mod: Illusion disguises the Pok\u00e9mon's true level\n|\n|t:|1781460283\n|teamsize|p1|6\n|teamsize|p2|6\n|start\n|switch|p1a: Muk|Muk, L86, F|321/321\n|switch|p2a: Zangoose|Zangoose, L85, F|263/263\n|turn|1\n|inactive|Battle timer is ON: inactive players will automatically lose when time's up. (requested by pies4days)\n|\n|t:|1781460297\n|switch|p2a: Chansey|Chansey, L85, F|564/564\n|move|p1a: Muk|Knock Off|p2a: Chansey\n|-damage|p2a: Chansey|401/564\n|-enditem|p2a: Chansey|Eviolite|[from] move: Knock Off|[of] p1a: Muk\n|\n|upkeep\n|turn|2\n|\n|t:|1781460300\n|move|p1a: Muk|Poison Jab|p2a: Chansey\n|-damage|p2a: Chansey|76/564\n|move|p2a: Chansey|Thunder Wave|p1a: Muk\n|-status|p1a: Muk|par\n|\n|upkeep\n|turn|3\n|\n|t:|1781460304\n|move|p2a: Chansey|Soft-Boiled|p2a: Chansey\n|-heal|p2a: Chansey|358/564\n|move|p1a: Muk|Poison Jab|p2a: Chansey\n|-damage|p2a: Chansey|25/564\n|-status|p2a: Chansey|psn\n|\n|-damage|p2a: Chansey|0 fnt|[from] psn\n|faint|p2a: Chansey\n|upkeep\n|\n|t:|1781460313\n|switch|p2a: Zangoose|Zangoose, L85, F|263/263\n|turn|4\n|\n|t:|1781460324\n|move|p2a: Zangoose|Knock Off|p1a: Muk\n|-damage|p1a: Muk|231/321 par\n|-enditem|p1a: Muk|Assault Vest|[from] move: Knock Off|[of] p2a: Zangoose\n|move|p1a: Muk|Knock Off|p2a: Zangoose\n|-damage|p2a: Zangoose|170/263\n|-status|p2a: Zangoose|psn|[from] ability: Poison Touch|[of] p1a: Muk\n|-enditem|p2a: Zangoose|Toxic Orb|[from] move: Knock Off|[of] p1a: Muk\n|\n|-damage|p2a: Zangoose|138/263 psn|[from] psn\n|upkeep\n|turn|5\n|\n|t:|1781460334\n|move|p2a: Zangoose|Facade|p1a: Muk\n|-damage|p1a: Muk|0 fnt\n|faint|p1a: Muk\n|\n|-damage|p2a: Zangoose|106/263 psn|[from] psn\n|upkeep\n|\n|t:|1781460340\n|switch|p1a: Yanmega|Yanmega, L82, M|275/275\n|turn|6\n|\n|t:|1781460367\n|switch|p2a: Politoed|Politoed, L88, M|302/302\n|-weather|RainDance|[from] ability: Drizzle|[of] p2a: Politoed\n|move|p1a: Yanmega|U-turn|p2a: Politoed\n|-damage|p2a: Politoed|238/302\n|\n|t:|1781460373\n|switch|p1a: Flapple|Flapple, L88, F|266/266|[from] U-turn\n|\n|-weather|RainDance|[upkeep]\n|upkeep\n|turn|7\n|\n|t:|1781460378\n|move|p2a: Politoed|Ice Beam|p1a: Flapple\n|-supereffective|p1a: Flapple\n|-damage|p1a: Flapple|0 fnt\n|faint|p1a: Flapple\n|\n|-weather|RainDance|[upkeep]\n|upkeep\n|\n|t:|1781460381\n|switch|p1a: Indeedee|Indeedee-F, L90, F|272/272\n|-fieldstart|move: Psychic Terrain|[from] ability: Psychic Surge|[of] p1a: Indeedee\n|turn|8\n|\n|t:|1781460391\n|switch|p2a: Bombirdier|Bombirdier, L85, M|258/258\n|move|p1a: Indeedee|Psyshock|p2a: Bombirdier\n|-immune|p2a: Bombirdier\n|\n|-weather|RainDance|[upkeep]\n|upkeep\n|turn|9\n|\n|t:|1781460400\n|move|p1a: Indeedee|Dazzling Gleam|p2a: Bombirdier\n|-supereffective|p2a: Bombirdier\n|-damage|p2a: Bombirdier|97/258\n|-damage|p1a: Indeedee|245/272|[from] item: Life Orb\n|move|p2a: Bombirdier|Knock Off|p1a: Indeedee\n|-supereffective|p1a: Indeedee\n|-damage|p1a: Indeedee|0 fnt\n|-enditem|p1a: Indeedee|Life Orb|[from] move: Knock Off|[of] p2a: Bombirdier\n|faint|p1a: Indeedee\n|\n|-weather|RainDance|[upkeep]\n|upkeep\n|\n|t:|1781460411\n|switch|p1a: Excadrill|Excadrill, L79, F|303/303\n|-ability|p1a: Excadrill|Mold Breaker\n|turn|10\n|\n|t:|1781460431\n|move|p2a: Bombirdier|Knock Off|p1a: Excadrill\n|-damage|p1a: Excadrill|150/303\n|-enditem|p1a: Excadrill|Leftovers|[from] move: Knock Off|[of] p2a: Bombirdier\n|move|p1a: Excadrill|Rapid Spin|p2a: Bombirdier\n|-damage|p2a: Bombirdier|57/258\n|-boost|p1a: Excadrill|spe|1\n|\n|-weather|none\n|upkeep\n|turn|11\n|\n|t:|1781460433\n|move|p1a: Excadrill|Iron Head|p2a: Bombirdier\n|-damage|p2a: Bombirdier|0 fnt\n|faint|p2a: Bombirdier\n|\n|upkeep\n|\n|t:|1781460437\n|switch|p2a: Slowbro|Slowbro-Galar, L87, F|307/307\n|turn|12\n|\n|t:|1781460440\n|move|p1a: Excadrill|Earthquake|p2a: Slowbro\n|-supereffective|p2a: Slowbro\n|-damage|p2a: Slowbro|91/307\n|move|p2a: Slowbro|Earthquake|p1a: Excadrill\n|-supereffective|p1a: Excadrill\n|-damage|p1a: Excadrill|0 fnt\n|faint|p1a: Excadrill\n|\n|-fieldend|move: Psychic Terrain\n|upkeep\n|\n|t:|1781460443\n|switch|p1a: Yanmega|Yanmega, L82, M|275/275\n|turn|13\n|\n|t:|1781460447\n|switch|p2a: Politoed|Politoed, L88, M|238/302\n|-weather|RainDance|[from] ability: Drizzle|[of] p2a: Politoed\n|move|p1a: Yanmega|Bug Buzz|p2a: Politoed\n|-damage|p2a: Politoed|99/302\n|\n|-weather|RainDance|[upkeep]\n|upkeep\n|turn|14\n|\n|t:|1781460452\n|move|p1a: Yanmega|Bug Buzz|p2a: Politoed\n|-damage|p2a: Politoed|0 fnt\n|faint|p2a: Politoed\n|\n|-weather|RainDance|[upkeep]\n|upkeep\n|inactive|Tyyyyyyu has 120 seconds left.\n|\n|t:|1781460486\n|switch|p2a: Zangoose|Zangoose, L85, F|106/263 psn\n|turn|15\n|\n|t:|1781460493\n|move|p2a: Zangoose|Quick Attack|p1a: Yanmega\n|-damage|p1a: Yanmega|191/275\n|move|p1a: Yanmega|Bug Buzz|p2a: Zangoose\n|-damage|p2a: Zangoose|0 fnt\n|faint|p2a: Zangoose\n|\n|-weather|RainDance|[upkeep]\n|upkeep\n|inactive|Tyyyyyyu has 120 seconds left.\n|\n|t:|1781460515\n|switch|p2a: Kingambit|Kingambit, L74, M|270/270\n|-activate|p2a: Kingambit|ability: Supreme Overlord\n|-start|p2a: Kingambit|fallen4|[silent]\n|turn|16\n|inactive|Tyyyyyyu has 120 seconds left.\n|\n|t:|1781460521\n|switch|p1a: Weezing|Weezing-Galar, L86, F|252/252\n|-terastallize|p2a: Kingambit|Flying\n|move|p2a: Kingambit|Swords Dance|p2a: Kingambit\n|-boost|p2a: Kingambit|atk|2\n|\n|-weather|RainDance|[upkeep]\n|upkeep\n|turn|17\n|\n|t:|1781460526\n|-end|p2a: Kingambit|fallen4|[silent]\n|switch|p2a: Slowbro|Slowbro-Galar, L87, F|193/307\n|move|p1a: Weezing|Will-O-Wisp|p2a: Slowbro\n|-status|p2a: Slowbro|brn\n|\n|-weather|none\n|-damage|p2a: Slowbro|174/307 brn|[from] brn\n|upkeep\n|turn|18\n|\n|t:|1781460541\n|move|p1a: Weezing|Gunk Shot|p2a: Slowbro\n|-resisted|p2a: Slowbro\n|-damage|p2a: Slowbro|117/307 brn\n|move|p2a: Slowbro|Slack Off|p2a: Slowbro\n|-heal|p2a: Slowbro|271/307 brn\n|\n|-damage|p2a: Slowbro|252/307 brn|[from] brn\n|upkeep\n|turn|19\n|\n|t:|1781460551\n|move|p1a: Weezing|Strange Steam|p2a: Slowbro\n|-resisted|p2a: Slowbro\n|-damage|p2a: Slowbro|200/307 brn\n|move|p2a: Slowbro|Psychic|p1a: Weezing\n|-supereffective|p1a: Weezing\n|-damage|p1a: Weezing|12/252\n|\n|-heal|p1a: Weezing|27/252|[from] item: Leftovers\n|-damage|p2a: Slowbro|181/307 brn|[from] brn\n|upkeep\n|turn|20\n|\n|t:|1781460555\n|move|p1a: Weezing|Strange Steam|p2a: Slowbro\n|-resisted|p2a: Slowbro\n|-damage|p2a: Slowbro|132/307 brn\n|-start|p2a: Slowbro|confusion\n|-activate|p2a: Slowbro|confusion\n|move|p2a: Slowbro|Psychic|p1a: Weezing\n|-supereffective|p1a: Weezing\n|-damage|p1a: Weezing|0 fnt\n|faint|p1a: Weezing\n|\n|-damage|p2a: Slowbro|113/307 brn|[from] brn\n|upkeep\n|\n|t:|1781460557\n|switch|p1a: Yanmega|Yanmega, L82, M|191/275\n|turn|21\n|\n|t:|1781460565\n|move|p1a: Yanmega|Air Slash|p2a: Slowbro\n|-damage|p2a: Slowbro|0 fnt\n|faint|p2a: Slowbro\n|\n|upkeep\n|\n|t:|1781460568\n|switch|p2a: Kingambit|Kingambit, L74, M, tera:Flying|270/270\n|-activate|p2a: Kingambit|ability: Supreme Overlord\n|-start|p2a: Kingambit|fallen5|[silent]\n|turn|22\n|\n|t:|1781460574\n|-terastallize|p1a: Yanmega|Bug\n|move|p2a: Kingambit|Sucker Punch|p1a: Yanmega\n|-damage|p1a: Yanmega|64/275\n|move|p1a: Yanmega|Air Slash|p2a: Kingambit\n|-damage|p2a: Kingambit|125/270\n|\n|-heal|p2a: Kingambit|141/270|[from] item: Leftovers\n|upkeep\n|turn|23\n|\n|t:|1781460578\n|move|p2a: Kingambit|Sucker Punch|p1a: Yanmega\n|-damage|p1a: Yanmega|0 fnt\n|faint|p1a: Yanmega\n|\n|win|Tyyyyyyu\n|raw|pies4days's rating: 1450 &rarr; <strong>1427</strong><br />(-23 for losing)\n|raw|Tyyyyyyu's rating: 1400 &rarr; <strong>1423</strong><br />(+23 for winning)\n|l|\u2606pies4days\n|player|p1|\n", "inputlog": ">version a8376a258c1d4662feba110a92103f3664a72141\n>start {\"formatid\":\"gen9randombattle\",\"seed\":\"sodium,ea746d08f06401ecdaff09b8e9800c51\",\"rated\":\"Rated battle\"}\n>player p1 {\"name\":\"pies4days\",\"avatar\":\"2\",\"rating\":1450,\"seed\":\"sodium,1a20777f835b9bff533da30cb1c7b393\"}\n>player p2 {\"name\":\"Tyyyyyyu\",\"avatar\":\"lady-gen4\",\"rating\":1400,\"seed\":\"sodium,f500cf320648ad55af836383ff0fe5f0\"}\n>p1 move knockoff\n>p2 switch 2\n>p1 move poisonjab\n>p2 move thunderwave\n>p1 move poisonjab\n>p2 move softboiled\n>p2 switch 2\n>p1 move knockoff\n>p2 move knockoff\n>p1 move poisonjab\n>p2 move facade\n>p1 switch 5\n>p1 move uturn\n>p2 switch 5\n>p1 switch 2\n>p1 move gravapple\n>p2 move icebeam\n>p1 switch 6\n>p1 move psyshock\n>p2 switch 4\n>p1 move dazzlinggleam\n>p2 move knockoff\n>p1 switch 4\n>p1 move rapidspin\n>p2 move knockoff\n>p1 move ironhead\n>p2 move bravebird\n>p2 switch 6\n>p1 move earthquake\n>p2 move earthquake\n>p1 switch 2\n>p1 move bugbuzz\n>p2 switch 4\n>p1 move bugbuzz\n>p2 move icebeam\n>p2 switch 5\n>p1 move bugbuzz\n>p2 move quickattack\n>p2 switch 3\n>p1 switch 3\n>p2 move swordsdance terastallize\n>p1 move willowisp\n>p2 switch 4\n>p1 move gunkshot\n>p2 move slackoff\n>p1 move strangesteam\n>p2 move psychic\n>p1 move strangesteam\n>p2 move psychic\n>p1 switch 3\n>p1 move airslash\n>p2 move slackoff\n>p2 switch 4\n>p1 move airslash terastallize\n>p2 move suckerpunch\n>p1 move airslash\n>p2 move suckerpunch", "uploadtime": 1781460583, "views": 3, "formatid": "gen9randombattle", "rating": 1423, "private": 0, "password": null}