{"id": "gen9randombattle-2631400227", "format": "[Gen 9] Random Battle", "players": ["Shagman550", "blazakinlion"], "log": "|j|\u2606Shagman550\n|j|\u2606blazakinlion\n|t:|1781380115\n|gametype|singles\n|player|p1|Shagman550|veteran|1146\n|player|p2|blazakinlion|102|1098\n|gen|9\n|tier|[Gen 9] Random Battle\n|rated|\n|rule|Species Clause: Limit one of each Pok\u00e9mon\n|rule|HP Percentage Mod: HP is shown in percentages\n|rule|Sleep Clause Mod: Limit one foe put to sleep\n|rule|Illusion Level Mod: Illusion disguises the Pok\u00e9mon's true level\n|\n|t:|1781380115\n|teamsize|p1|6\n|teamsize|p2|6\n|start\n|switch|p1a: Keldeo|Keldeo-Resolute, L79|273/273\n|switch|p2a: Banette|Banette, L93, F|270/270\n|turn|1\n|c|\u2606blazakinlion|im gonna kick ur ass\n|inactive|Battle timer is ON: inactive players will automatically lose when time's up. (requested by Shagman550)\n|\n|t:|1781380125\n|move|p1a: Keldeo|Substitute|p1a: Keldeo\n|-start|p1a: Keldeo|Substitute\n|-damage|p1a: Keldeo|205/273\n|move|p2a: Banette|Swords Dance|p2a: Banette\n|-boost|p2a: Banette|atk|2\n|\n|-heal|p1a: Keldeo|222/273|[from] item: Leftovers\n|upkeep\n|turn|2\n|\n|t:|1781380135\n|move|p1a: Keldeo|Calm Mind|p1a: Keldeo\n|-boost|p1a: Keldeo|spa|1\n|-boost|p1a: Keldeo|spd|1\n|move|p2a: Banette|Gunk Shot|p1a: Keldeo\n|-end|p1a: Keldeo|Substitute\n|-damage|p2a: Banette|243/270|[from] item: Life Orb\n|\n|-heal|p1a: Keldeo|239/273|[from] item: Leftovers\n|upkeep\n|turn|3\n|\n|t:|1781380145\n|move|p1a: Keldeo|Hydro Pump|p2a: Banette\n|-damage|p2a: Banette|9/270\n|move|p2a: Banette|Poltergeist|p1a: Keldeo\n|-activate|p1a: Keldeo|move: Poltergeist|Leftovers\n|-damage|p1a: Keldeo|0 fnt\n|faint|p1a: Keldeo\n|-damage|p2a: Banette|0 fnt|[from] item: Life Orb\n|faint|p2a: Banette\n|\n|upkeep\n|\n|t:|1781380160\n|switch|p1a: Vileplume|Vileplume, L85, F|266/266\n|switch|p2a: Flareon|Flareon, L90, F|263/263\n|turn|4\n|\n|t:|1781380171\n|switch|p1a: Rampardos|Rampardos, L90, F|321/321\n|move|p2a: Flareon|Will-O-Wisp|p1a: Rampardos\n|-status|p1a: Rampardos|brn\n|\n|-damage|p1a: Rampardos|301/321 brn|[from] brn\n|-status|p2a: Flareon|tox|[from] item: Toxic Orb\n|upkeep\n|turn|5\n|\n|t:|1781380185\n|move|p1a: Rampardos|Head Smash|p2a: Flareon\n|-supereffective|p2a: Flareon\n|-damage|p2a: Flareon|0 fnt\n|faint|p2a: Flareon\n|-damage|p1a: Rampardos|169/321 brn|[from] Recoil\n|\n|-damage|p1a: Rampardos|149/321 brn|[from] brn\n|upkeep\n|\n|t:|1781380213\n|switch|p2a: Jumpluff|Jumpluff, L87, F|271/271\n|turn|6\n|\n|t:|1781380217\n|move|p2a: Jumpluff|Strength Sap|p1a: Rampardos\n|-unboost|p1a: Rampardos|atk|1\n|move|p1a: Rampardos|Head Smash|p2a: Jumpluff|[miss]\n|-miss|p1a: Rampardos|p2a: Jumpluff\n|\n|-damage|p1a: Rampardos|129/321 brn|[from] brn\n|upkeep\n|turn|7\n|\n|t:|1781380226\n|move|p2a: Jumpluff|Leech Seed|p1a: Rampardos\n|-start|p1a: Rampardos|move: Leech Seed\n|move|p1a: Rampardos|Head Smash|p2a: Jumpluff\n|-supereffective|p2a: Jumpluff\n|-damage|p2a: Jumpluff|70/271\n|-damage|p1a: Rampardos|28/321 brn|[from] Recoil\n|\n|-damage|p1a: Rampardos|0 fnt|[from] Leech Seed|[of] p2a: Jumpluff\n|-heal|p2a: Jumpluff|98/271|[silent]\n|faint|p1a: Rampardos\n|upkeep\n|\n|t:|1781380238\n|switch|p1a: Emboar|Emboar, L84, F|322/322\n|turn|8\n|\n|t:|1781380246\n|-terastallize|p1a: Emboar|Grass\n|move|p2a: Jumpluff|Acrobatics|p1a: Emboar\n|-supereffective|p1a: Emboar\n|-damage|p1a: Emboar|100/322\n|move|p1a: Emboar|Bulk Up|p1a: Emboar\n|-boost|p1a: Emboar|atk|1\n|-boost|p1a: Emboar|def|1\n|\n|-heal|p1a: Emboar|120/322|[from] item: Leftovers\n|upkeep\n|turn|9\n|\n|t:|1781380267\n|move|p2a: Jumpluff|Strength Sap|p1a: Emboar\n|-unboost|p1a: Emboar|atk|1\n|-heal|p2a: Jumpluff|271/271\n|move|p1a: Emboar|Flare Blitz|p2a: Jumpluff\n|-supereffective|p2a: Jumpluff\n|-damage|p2a: Jumpluff|0 fnt\n|faint|p2a: Jumpluff\n|-damage|p1a: Emboar|31/322|[from] Recoil\n|\n|-heal|p1a: Emboar|51/322|[from] item: Leftovers\n|upkeep\n|\n|t:|1781380273\n|switch|p2a: Oricorio|Oricorio, L84, F|263/263\n|turn|10\n|\n|t:|1781380284\n|move|p2a: Oricorio|Hurricane|p1a: Emboar\n|-supereffective|p1a: Emboar\n|-damage|p1a: Emboar|0 fnt\n|faint|p1a: Emboar\n|\n|upkeep\n|\n|t:|1781380298\n|switch|p1a: Tatsugiri|Tatsugiri, L87, F|260/260\n|turn|11\n|inactive|Shagman550 has 120 seconds left.\n|inactive|blazakinlion has 120 seconds left.\n|\n|t:|1781380337\n|move|p2a: Oricorio|Quiver Dance|p2a: Oricorio\n|-boost|p2a: Oricorio|spa|1\n|-boost|p2a: Oricorio|spd|1\n|-boost|p2a: Oricorio|spe|1\n|move|p1a: Tatsugiri|Rapid Spin|p2a: Oricorio\n|-damage|p2a: Oricorio|233/263\n|-boost|p1a: Tatsugiri|spe|1\n|\n|upkeep\n|turn|12\n|inactive|blazakinlion has 120 seconds left.\n|inactive|Shagman550 has 90 seconds left.\n|inactive|blazakinlion has 90 seconds left.\n|\n|t:|1781380379\n|move|p2a: Oricorio|Quiver Dance|p2a: Oricorio\n|-boost|p2a: Oricorio|spa|1\n|-boost|p2a: Oricorio|spd|1\n|-boost|p2a: Oricorio|spe|1\n|move|p1a: Tatsugiri|Surf|p2a: Oricorio\n|-supereffective|p2a: Oricorio\n|-damage|p2a: Oricorio|101/263\n|\n|upkeep\n|turn|13\n|inactive|blazakinlion has 90 seconds left.\n|\n|t:|1781380389\n|move|p2a: Oricorio|Hurricane|p1a: Tatsugiri\n|-damage|p1a: Tatsugiri|50/260\n|move|p1a: Tatsugiri|Nasty Plot|p1a: Tatsugiri\n|-boost|p1a: Tatsugiri|spa|2\n|\n|upkeep\n|turn|14\n|inactive|Shagman550 has 90 seconds left.\n|\n|t:|1781380406\n|move|p2a: Oricorio|Hurricane|p1a: Tatsugiri\n|-damage|p1a: Tatsugiri|0 fnt\n|faint|p1a: Tatsugiri\n|\n|upkeep\n|\n|t:|1781380413\n|switch|p1a: Deoxys|Deoxys-Defense, L84|221/221\n|-ability|p1a: Deoxys|Pressure\n|turn|15\n|\n|t:|1781380437\n|move|p2a: Oricorio|Hurricane|p1a: Deoxys\n|-damage|p1a: Deoxys|68/221\n|move|p1a: Deoxys|Night Shade|p2a: Oricorio\n|-damage|p2a: Oricorio|17/263\n|\n|-heal|p1a: Deoxys|81/221|[from] item: Leftovers\n|upkeep\n|turn|16\n|\n|t:|1781380449\n|move|p2a: Oricorio|Hurricane|p1a: Deoxys|[miss]\n|-miss|p2a: Oricorio|p1a: Deoxys\n|move|p1a: Deoxys|Night Shade|p2a: Oricorio\n|-damage|p2a: Oricorio|0 fnt\n|faint|p2a: Oricorio\n|\n|-heal|p1a: Deoxys|94/221|[from] item: Leftovers\n|upkeep\n|\n|t:|1781380461\n|switch|p2a: Overqwil|Overqwil, L82, M|274/274\n|-ability|p2a: Overqwil|Intimidate|boost\n|-unboost|p1a: Deoxys|atk|1\n|turn|17\n|inactive|Shagman550 has 90 seconds left.\n|inactive|Shagman550 has 60 seconds left.\n|\n|t:|1781380506\n|switch|p1a: Vileplume|Vileplume, L85, F|266/266\n|-terastallize|p2a: Overqwil|Water\n|move|p2a: Overqwil|Crunch|p1a: Vileplume\n|-damage|p1a: Vileplume|128/266\n|-status|p2a: Overqwil|slp|[from] ability: Effect Spore|[of] p1a: Vileplume\n|\n|-heal|p1a: Vileplume|144/266|[from] item: Leftovers\n|upkeep\n|turn|18\n|inactive|blazakinlion has 90 seconds left.\n|inactive|blazakinlion has 60 seconds left.\n|inactive|Shagman550 has 30 seconds left.\n|inactive|blazakinlion has 30 seconds left.\n|inactive|blazakinlion has 20 seconds left.\n|inactive|blazakinlion has 15 seconds left.\n|inactive|blazakinlion has 10 seconds left.\n|l|\u2606blazakinlion\n|inactive|blazakinlion disconnected and has a minute to reconnect!\n|player|p2|\n|inactive|blazakinlion has 5 seconds left.\n|-message|blazakinlion lost due to inactivity.\n|\n|win|Shagman550\n", "uploadtime": 1781380117, "views": 5, "formatid": "gen9randombattle", "rating": null, "private": 0, "password": null}