{"id": "gen9randombattle-2631977548", "format": "[Gen 9] Random Battle", "players": ["ftaochaphet", "skippyjonez"], "log": "|j|\u2606ftaochaphet\n|j|\u2606skippyjonez\n|t:|1781462014\n|gametype|singles\n|player|p1|ftaochaphet|265|2282\n|player|p2|skippyjonez|cameraman|2158\n|gen|9\n|tier|[Gen 9] Random Battle\n|rated|\n|rule|Species Clause: Limit one of each Pok\u00e9mon\n|rule|HP Percentage Mod: HP is shown in percentages\n|rule|Sleep Clause Mod: Limit one foe put to sleep\n|rule|Illusion Level Mod: Illusion disguises the Pok\u00e9mon's true level\n|\n|t:|1781462014\n|teamsize|p1|6\n|teamsize|p2|6\n|start\n|switch|p1a: Empoleon|Empoleon, L84, M|278/278\n|switch|p2a: Lapras|Lapras, L87, F|368/368\n|turn|1\n|inactive|Battle timer is ON: inactive players will automatically lose when time's up. (requested by ftaochaphet)\n|\n|t:|1781462028\n|switch|p2a: Zapdos|Zapdos, L78|268/268\n|move|p1a: Empoleon|Stealth Rock|p2a: Zapdos\n|-sidestart|p2: skippyjonez|move: Stealth Rock\n|\n|upkeep\n|turn|2\n|\n|t:|1781462049\n|switch|p1a: Munkidori|Munkidori, L79, M|269/269\n|move|p2a: Zapdos|Discharge|p1a: Munkidori\n|-damage|p1a: Munkidori|202/269\n|-status|p1a: Munkidori|par\n|\n|upkeep\n|turn|3\n|inactive|ftaochaphet has 120 seconds left.\n|\n|t:|1781462071\n|switch|p2a: Orthworm|Orthworm, L88, F|266/266\n|-damage|p2a: Orthworm|250/266|[from] Stealth Rock\n|cant|p1a: Munkidori|par\n|\n|-heal|p2a: Orthworm|266/266|[from] item: Leftovers\n|upkeep\n|turn|4\n|inactive|ftaochaphet has 120 seconds left.\n|\n|t:|1781462090\n|move|p2a: Orthworm|Spikes|p1a: Munkidori\n|-sidestart|p1: ftaochaphet|Spikes\n|move|p1a: Munkidori|U-turn|p2a: Orthworm\n|-resisted|p2a: Orthworm\n|-damage|p2a: Orthworm|255/266\n|\n|t:|1781462098\n|switch|p1a: Falinks|Falinks, L84|246/246|[from] U-turn\n|-damage|p1a: Falinks|216/246|[from] Spikes\n|\n|-heal|p2a: Orthworm|266/266|[from] item: Leftovers\n|upkeep\n|turn|5\n|\n|t:|1781462109\n|move|p1a: Falinks|No Retreat|p1a: Falinks\n|-boost|p1a: Falinks|atk|1\n|-boost|p1a: Falinks|def|1\n|-boost|p1a: Falinks|spa|1\n|-boost|p1a: Falinks|spd|1\n|-boost|p1a: Falinks|spe|1\n|-start|p1a: Falinks|move: No Retreat\n|move|p2a: Orthworm|Shed Tail|p2a: Orthworm\n|-start|p2a: Orthworm|Substitute|[from] move: Shed Tail\n|-damage|p2a: Orthworm|133/266\n|\n|t:|1781462124\n|switch|p2a: Chandelure|Chandelure, L83, F|235/235|[from] Shed Tail\n|-damage|p2a: Chandelure|177/235|[from] Stealth Rock\n|\n|upkeep\n|turn|6\n|\n|t:|1781462135\n|move|p2a: Chandelure|Trick|p1a: Falinks\n|-activate|p2a: Chandelure|move: Trick|[of] p1a: Falinks\n|-item|p1a: Falinks|Choice Scarf|[from] move: Trick\n|-item|p2a: Chandelure|Life Orb|[from] move: Trick\n|move|p1a: Falinks|Knock Off|p2a: Chandelure\n|-supereffective|p2a: Chandelure\n|-end|p2a: Chandelure|Substitute\n|\n|upkeep\n|turn|7\n|j| pookalooka2\n|\n|t:|1781462163\n|switch|p2a: Dachsbun|Dachsbun, L92, M|254/254\n|-damage|p2a: Dachsbun|223/254|[from] Stealth Rock\n|move|p1a: Falinks|Knock Off|p2a: Dachsbun\n|-resisted|p2a: Dachsbun\n|-damage|p2a: Dachsbun|185/254\n|-enditem|p2a: Dachsbun|Leftovers|[from] move: Knock Off|[of] p1a: Falinks\n|\n|upkeep\n|turn|8\n|\n|t:|1781462171\n|move|p1a: Falinks|Knock Off|p2a: Dachsbun\n|-resisted|p2a: Dachsbun\n|-damage|p2a: Dachsbun|159/254\n|move|p2a: Dachsbun|Wish|p2a: Dachsbun\n|\n|upkeep\n|turn|9\n|\n|t:|1781462176\n|move|p1a: Falinks|Knock Off|p2a: Dachsbun\n|-resisted|p2a: Dachsbun\n|-damage|p2a: Dachsbun|131/254\n|move|p2a: Dachsbun|Play Rough|p1a: Falinks|[miss]\n|-miss|p2a: Dachsbun|p1a: Falinks\n|\n|-heal|p2a: Dachsbun|254/254|[from] move: Wish|[wisher] Dachsbun\n|upkeep\n|turn|10\n|\n|t:|1781462182\n|move|p1a: Falinks|Knock Off|p2a: Dachsbun\n|-resisted|p2a: Dachsbun\n|-damage|p2a: Dachsbun|230/254\n|move|p2a: Dachsbun|Play Rough|p1a: Falinks\n|-supereffective|p1a: Falinks\n|-damage|p1a: Falinks|96/246\n|\n|upkeep\n|turn|11\n|\n|t:|1781462189\n|move|p1a: Falinks|Knock Off|p2a: Dachsbun\n|-resisted|p2a: Dachsbun\n|-damage|p2a: Dachsbun|206/254\n|move|p2a: Dachsbun|Wish|p2a: Dachsbun\n|\n|upkeep\n|turn|12\n|\n|t:|1781462194\n|move|p1a: Falinks|Knock Off|p2a: Dachsbun\n|-resisted|p2a: Dachsbun\n|-damage|p2a: Dachsbun|182/254\n|move|p2a: Dachsbun|Play Rough|p1a: Falinks\n|-supereffective|p1a: Falinks\n|-damage|p1a: Falinks|0 fnt\n|faint|p1a: Falinks\n|\n|-heal|p2a: Dachsbun|254/254|[from] move: Wish|[wisher] Dachsbun\n|upkeep\n|\n|t:|1781462199\n|switch|p1a: Munkidori|Munkidori, L79, M|202/269 par\n|-damage|p1a: Munkidori|169/269 par|[from] Spikes\n|turn|13\n|\n|t:|1781462204\n|move|p2a: Dachsbun|Protect|p2a: Dachsbun\n|-singleturn|p2a: Dachsbun|Protect\n|move|p1a: Munkidori|Psychic Noise|p2a: Dachsbun\n|-activate|p2a: Dachsbun|move: Protect\n|\n|upkeep\n|turn|14\n|\n|t:|1781462213\n|switch|p2a: Orthworm|Orthworm, L88, F|133/266\n|-damage|p2a: Orthworm|117/266|[from] Stealth Rock\n|move|p1a: Munkidori|U-turn|p2a: Orthworm\n|-resisted|p2a: Orthworm\n|-damage|p2a: Orthworm|106/266\n|\n|t:|1781462222\n|switch|p1a: Typhlosion|Typhlosion-Hisui, L83, M|257/257|[from] U-turn\n|-damage|p1a: Typhlosion|225/257|[from] Spikes\n|\n|-heal|p2a: Orthworm|122/266|[from] item: Leftovers\n|upkeep\n|turn|15\n|\n|t:|1781462234\n|switch|p2a: Dachsbun|Dachsbun, L92, M|254/254\n|-damage|p2a: Dachsbun|223/254|[from] Stealth Rock\n|move|p1a: Typhlosion|Shadow Ball|p2a: Dachsbun\n|-damage|p2a: Dachsbun|127/254\n|\n|upkeep\n|turn|16\n|\n|t:|1781462240\n|move|p2a: Dachsbun|Protect|p2a: Dachsbun\n|-singleturn|p2a: Dachsbun|Protect\n|move|p1a: Typhlosion|Shadow Ball|p2a: Dachsbun\n|-activate|p2a: Dachsbun|move: Protect\n|\n|upkeep\n|turn|17\n|\n|t:|1781462250\n|move|p1a: Typhlosion|Shadow Ball|p2a: Dachsbun\n|-damage|p2a: Dachsbun|39/254\n|move|p2a: Dachsbun|Wish|p2a: Dachsbun\n|\n|upkeep\n|turn|18\n|inactive|ftaochaphet has 120 seconds left.\n|\n|t:|1781462281\n|move|p2a: Dachsbun|Protect|p2a: Dachsbun\n|-singleturn|p2a: Dachsbun|Protect\n|move|p1a: Typhlosion|Shadow Ball|p2a: Dachsbun\n|-activate|p2a: Dachsbun|move: Protect\n|\n|-heal|p2a: Dachsbun|166/254|[from] move: Wish|[wisher] Dachsbun\n|upkeep\n|turn|19\n|inactive|ftaochaphet has 120 seconds left.\n|l| pookalooka2\n|\n|t:|1781462307\n|move|p1a: Typhlosion|Shadow Ball|p2a: Dachsbun\n|-damage|p2a: Dachsbun|76/254\n|move|p2a: Dachsbun|Wish|p2a: Dachsbun\n|\n|upkeep\n|turn|20\n|\n|t:|1781462312\n|move|p2a: Dachsbun|Protect|p2a: Dachsbun\n|-singleturn|p2a: Dachsbun|Protect\n|move|p1a: Typhlosion|Shadow Ball|p2a: Dachsbun\n|-activate|p2a: Dachsbun|move: Protect\n|\n|-heal|p2a: Dachsbun|203/254|[from] move: Wish|[wisher] Dachsbun\n|upkeep\n|turn|21\n|\n|t:|1781462318\n|switch|p2a: Lapras|Lapras, L87, F|368/368\n|move|p1a: Typhlosion|Shadow Ball|p2a: Lapras\n|-damage|p2a: Lapras|283/368\n|\n|upkeep\n|turn|22\n|inactive|ftaochaphet has 120 seconds left.\n|\n|t:|1781462332\n|switch|p1a: Empoleon|Empoleon, L84, M|278/278\n|-damage|p1a: Empoleon|244/278|[from] Spikes\n|move|p2a: Lapras|Freeze-Dry|p1a: Empoleon\n|-damage|p1a: Empoleon|175/278\n|\n|-heal|p1a: Empoleon|192/278|[from] item: Leftovers\n|upkeep\n|turn|23\n|inactive|ftaochaphet has 120 seconds left.\n|\n|t:|1781462361\n|move|p2a: Lapras|Freeze-Dry|p1a: Empoleon\n|-damage|p1a: Empoleon|123/278\n|move|p1a: Empoleon|Stealth Rock||[still]\n|-fail|p1a: Empoleon\n|\n|-heal|p1a: Empoleon|140/278|[from] item: Leftovers\n|upkeep\n|turn|24\n|\n|t:|1781462367\n|move|p2a: Lapras|Freeze-Dry|p1a: Empoleon\n|-damage|p1a: Empoleon|71/278\n|move|p1a: Empoleon|Roost|p1a: Empoleon\n|-heal|p1a: Empoleon|210/278\n|-singleturn|p1a: Empoleon|move: Roost\n|\n|-heal|p1a: Empoleon|227/278|[from] item: Leftovers\n|upkeep\n|turn|25\n|inactive|ftaochaphet has 120 seconds left.\n|\n|t:|1781462372\n|move|p2a: Lapras|Freeze-Dry|p1a: Empoleon\n|-damage|p1a: Empoleon|166/278\n|move|p1a: Empoleon|Roar|p2a: Lapras\n|drag|p2a: Chandelure|Chandelure, L83, F|177/235\n|-damage|p2a: Chandelure|119/235|[from] Stealth Rock\n|\n|-heal|p1a: Empoleon|183/278|[from] item: Leftovers\n|upkeep\n|turn|26\n|inactive|ftaochaphet has 120 seconds left.\n|\n|t:|1781462387\n|switch|p2a: Lapras|Lapras, L87, F|283/368\n|switch|p1a: Typhlosion|Typhlosion-Hisui, L83, M|225/257\n|-damage|p1a: Typhlosion|193/257|[from] Spikes\n|\n|upkeep\n|turn|27\n|\n|t:|1781462394\n|switch|p1a: Empoleon|Empoleon, L84, M|183/278\n|-damage|p1a: Empoleon|149/278|[from] Spikes\n|move|p2a: Lapras|Sparkling Aria|p1a: Empoleon\n|-resisted|p1a: Empoleon\n|-damage|p1a: Empoleon|109/278\n|\n|-heal|p1a: Empoleon|126/278|[from] item: Leftovers\n|upkeep\n|turn|28\n|\n|t:|1781462400\n|move|p2a: Lapras|Freeze-Dry|p1a: Empoleon\n|-damage|p1a: Empoleon|68/278\n|move|p1a: Empoleon|Roost|p1a: Empoleon\n|-heal|p1a: Empoleon|207/278\n|-singleturn|p1a: Empoleon|move: Roost\n|\n|-heal|p1a: Empoleon|224/278|[from] item: Leftovers\n|upkeep\n|turn|29\n|\n|t:|1781462410\n|move|p2a: Lapras|Freeze-Dry|p1a: Empoleon\n|-damage|p1a: Empoleon|161/278\n|move|p1a: Empoleon|Roar|p2a: Lapras\n|drag|p2a: Zapdos|Zapdos, L78|268/268\n|\n|-heal|p1a: Empoleon|178/278|[from] item: Leftovers\n|upkeep\n|turn|30\n|\n|t:|1781462419\n|move|p2a: Zapdos|Discharge|p1a: Empoleon\n|-supereffective|p1a: Empoleon\n|-damage|p1a: Empoleon|14/278\n|move|p1a: Empoleon|Surf|p2a: Zapdos\n|-damage|p2a: Zapdos|145/268\n|\n|-heal|p1a: Empoleon|31/278|[from] item: Leftovers\n|upkeep\n|turn|31\n|\n|t:|1781462425\n|move|p2a: Zapdos|Discharge|p1a: Empoleon\n|-supereffective|p1a: Empoleon\n|-damage|p1a: Empoleon|0 fnt\n|faint|p1a: Empoleon\n|\n|upkeep\n|\n|t:|1781462431\n|switch|p1a: Dugtrio|Dugtrio, L84, M|196/196\n|-damage|p1a: Dugtrio|172/196|[from] Spikes\n|turn|32\n|\n|t:|1781462436\n|switch|p2a: Orthworm|Orthworm, L88, F|122/266\n|-damage|p2a: Orthworm|106/266|[from] Stealth Rock\n|move|p1a: Dugtrio|Stone Edge|p2a: Orthworm\n|-resisted|p2a: Orthworm\n|-damage|p2a: Orthworm|74/266\n|-damage|p1a: Dugtrio|153/196|[from] item: Life Orb\n|\n|-heal|p2a: Orthworm|90/266|[from] item: Leftovers\n|upkeep\n|turn|33\n|inactive|ftaochaphet has 120 seconds left.\n|\n|t:|1781462486\n|switch|p1a: Typhlosion|Typhlosion-Hisui, L83, M|193/257\n|-damage|p1a: Typhlosion|161/257|[from] Spikes\n|move|p2a: Orthworm|Spikes|p1a: Typhlosion\n|-sidestart|p1: ftaochaphet|Spikes\n|\n|-heal|p2a: Orthworm|106/266|[from] item: Leftovers\n|upkeep\n|turn|34\n|inactive|skippyjonez has 120 seconds left.\n|\n|t:|1781462517\n|switch|p2a: Chandelure|Chandelure, L83, F|119/235\n|-damage|p2a: Chandelure|61/235|[from] Stealth Rock\n|move|p1a: Typhlosion|Shadow Ball|p2a: Chandelure\n|-supereffective|p2a: Chandelure\n|-damage|p2a: Chandelure|0 fnt\n|faint|p2a: Chandelure\n|\n|upkeep\n|\n|t:|1781462522\n|switch|p2a: Lapras|Lapras, L87, F|283/368\n|turn|35\n|\n|t:|1781462526\n|switch|p1a: Munkidori|Munkidori, L79, M|169/269 par\n|-damage|p1a: Munkidori|125/269 par|[from] Spikes\n|move|p2a: Lapras|Sparkling Aria|p1a: Munkidori\n|-damage|p1a: Munkidori|58/269 par\n|\n|upkeep\n|turn|36\n|\n|t:|1781462530\n|move|p2a: Lapras|Sparkling Aria|p1a: Munkidori\n|-damage|p1a: Munkidori|0 fnt\n|faint|p1a: Munkidori\n|\n|upkeep\n|\n|t:|1781462533\n|switch|p1a: Smeargle|Smeargle, L95, F|258/258\n|-damage|p1a: Smeargle|215/258|[from] Spikes\n|turn|37\n|\n|t:|1781462539\n|move|p1a: Smeargle|Spore|p2a: Lapras\n|-status|p2a: Lapras|slp|[from] move: Spore\n|cant|p2a: Lapras|slp\n|move|p2a: Lapras|Sleep Talk|p2a: Lapras\n|move|p2a: Lapras|Freeze-Dry|p1a: Smeargle|[from] move: Sleep Talk\n|-damage|p1a: Smeargle|107/258\n|\n|upkeep\n|turn|38\n|inactive|ftaochaphet has 120 seconds left.\n|\n|t:|1781462576\n|move|p1a: Smeargle|Shell Smash|p1a: Smeargle\n|-unboost|p1a: Smeargle|def|1\n|-unboost|p1a: Smeargle|spd|1\n|-boost|p1a: Smeargle|atk|2\n|-boost|p1a: Smeargle|spa|2\n|-boost|p1a: Smeargle|spe|2\n|cant|p2a: Lapras|slp\n|move|p2a: Lapras|Sleep Talk|p2a: Lapras\n|move|p2a: Lapras|Freeze-Dry|p1a: Smeargle|[from] move: Sleep Talk\n|-damage|p1a: Smeargle|0 fnt\n|faint|p1a: Smeargle\n|\n|upkeep\n|-message|ftaochaphet forfeited.\n|\n|win|skippyjonez\n", "uploadtime": 1781462016, "views": 3, "formatid": "gen9randombattle", "rating": null, "private": 0, "password": null}