{"id": "gen9randombattle-2631421440", "format": "[Gen 9] Random Battle", "players": ["Z10101", "THSupernova"], "log": "|j|\u2606Z10101\n|j|\u2606THSupernova\n|t:|1781382629\n|gametype|singles\n|player|p1|Z10101|266|2084\n|player|p2|THSupernova|bellelba|2179\n|gen|9\n|tier|[Gen 9] Random Battle\n|rated|\n|rule|Species Clause: Limit one of each Pok\u00e9mon\n|rule|HP Percentage Mod: HP is shown in percentages\n|rule|Sleep Clause Mod: Limit one foe put to sleep\n|rule|Illusion Level Mod: Illusion disguises the Pok\u00e9mon's true level\n|\n|t:|1781382629\n|teamsize|p1|6\n|teamsize|p2|6\n|start\n|switch|p1a: Iron Hands|Iron Hands, L79|373/373\n|switch|p2a: Conkeldurr|Conkeldurr, L80, F|299/299\n|turn|1\n|\n|t:|1781382655\n|move|p1a: Iron Hands|Wild Charge|p2a: Conkeldurr\n|-damage|p2a: Conkeldurr|191/299\n|-damage|p1a: Iron Hands|346/373|[from] Recoil\n|move|p2a: Conkeldurr|Close Combat|p1a: Iron Hands\n|-damage|p1a: Iron Hands|198/373\n|-unboost|p2a: Conkeldurr|def|1\n|-unboost|p2a: Conkeldurr|spd|1\n|\n|-status|p2a: Conkeldurr|brn|[from] item: Flame Orb\n|upkeep\n|turn|2\n|\n|t:|1781382663\n|move|p1a: Iron Hands|Wild Charge|p2a: Conkeldurr\n|-damage|p2a: Conkeldurr|13/299 brn\n|-damage|p1a: Iron Hands|153/373|[from] Recoil\n|move|p2a: Conkeldurr|Close Combat|p1a: Iron Hands\n|-damage|p1a: Iron Hands|0 fnt\n|-unboost|p2a: Conkeldurr|def|1\n|-unboost|p2a: Conkeldurr|spd|1\n|faint|p1a: Iron Hands\n|-end|p1a: Iron Hands|Quark Drive|[silent]\n|\n|-damage|p2a: Conkeldurr|0 fnt|[from] brn\n|faint|p2a: Conkeldurr\n|upkeep\n|\n|t:|1781382670\n|switch|p1a: Seviper|Seviper, L93, M|287/287\n|switch|p2a: Miraidon|Miraidon, L65|238/238\n|-fieldstart|move: Electric Terrain|[from] ability: Hadron Engine|[of] p2a: Miraidon\n|turn|3\n|\n|t:|1781382677\n|move|p2a: Miraidon|Volt Switch|p1a: Seviper\n|-damage|p1a: Seviper|95/287\n|\n|t:|1781382681\n|switch|p2a: Cobalion|Cobalion, L80|277/277|[from] Volt Switch\n|move|p1a: Seviper|Trailblaze|p2a: Cobalion\n|-resisted|p2a: Cobalion\n|-damage|p2a: Cobalion|260/277\n|-boost|p1a: Seviper|spe|1\n|\n|-heal|p1a: Seviper|112/287|[from] item: Leftovers\n|upkeep\n|turn|4\n|\n|t:|1781382686\n|move|p1a: Seviper|Earthquake|p2a: Cobalion\n|-supereffective|p2a: Cobalion\n|-crit|p2a: Cobalion\n|-damage|p2a: Cobalion|70/277\n|move|p2a: Cobalion|Iron Head|p1a: Seviper\n|-damage|p1a: Seviper|0 fnt\n|faint|p1a: Seviper\n|-damage|p2a: Cobalion|43/277|[from] item: Life Orb\n|\n|upkeep\n|\n|t:|1781382700\n|switch|p1a: Swanna|Swanna, L89, F|278/278\n|turn|5\n|\n|t:|1781382710\n|switch|p2a: Manaphy|Manaphy, L78|284/284\n|move|p1a: Swanna|Brave Bird|p2a: Manaphy\n|-damage|p2a: Manaphy|164/284\n|-damage|p1a: Swanna|238/278|[from] Recoil\n|\n|-heal|p2a: Manaphy|181/284|[from] item: Leftovers\n|upkeep\n|turn|6\n|\n|t:|1781382717\n|move|p1a: Swanna|Brave Bird|p2a: Manaphy\n|-damage|p2a: Manaphy|61/284\n|-damage|p1a: Swanna|198/278|[from] Recoil\n|move|p2a: Manaphy|Ice Beam|p1a: Swanna\n|-crit|p1a: Swanna\n|-damage|p1a: Swanna|103/278\n|\n|-heal|p2a: Manaphy|78/284|[from] item: Leftovers\n|upkeep\n|turn|7\n|\n|t:|1781382723\n|move|p1a: Swanna|Brave Bird|p2a: Manaphy\n|-damage|p2a: Manaphy|0 fnt\n|faint|p2a: Manaphy\n|-damage|p1a: Swanna|77/278|[from] Recoil\n|\n|-fieldend|move: Electric Terrain\n|upkeep\n|inactive|Battle timer is ON: inactive players will automatically lose when time's up. (requested by Z10101)\n|\n|t:|1781382726\n|switch|p2a: Miraidon|Miraidon, L65|238/238\n|-fieldstart|move: Electric Terrain|[from] ability: Hadron Engine|[of] p2a: Miraidon\n|turn|8\n|\n|t:|1781382733\n|-terastallize|p1a: Swanna|Ground\n|move|p1a: Swanna|Roost|p1a: Swanna\n|-heal|p1a: Swanna|216/278\n|move|p2a: Miraidon|Draco Meteor|p1a: Swanna\n|-damage|p1a: Swanna|0 fnt\n|-unboost|p2a: Miraidon|spa|2\n|faint|p1a: Swanna\n|\n|upkeep\n|\n|t:|1781382740\n|switch|p1a: Sceptile|Sceptile, L87, M|264/264\n|turn|9\n|\n|t:|1781382743\n|switch|p2a: Cobalion|Cobalion, L80|43/277\n|move|p1a: Sceptile|Shed Tail|p1a: Sceptile\n|-start|p1a: Sceptile|Substitute|[from] move: Shed Tail\n|-damage|p1a: Sceptile|132/264\n|\n|t:|1781382749\n|switch|p1a: Regirock|Regirock, L83|268/268|[from] Shed Tail\n|\n|upkeep\n|turn|10\n|\n|t:|1781382755\n|move|p2a: Cobalion|Iron Head|p1a: Regirock\n|-supereffective|p1a: Regirock\n|-end|p1a: Regirock|Substitute\n|-damage|p2a: Cobalion|16/277|[from] item: Life Orb\n|move|p1a: Regirock|Iron Defense|p1a: Regirock\n|-boost|p1a: Regirock|def|2\n|\n|upkeep\n|turn|11\n|\n|t:|1781382759\n|move|p2a: Cobalion|Close Combat|p1a: Regirock\n|-supereffective|p1a: Regirock\n|-damage|p1a: Regirock|187/268\n|-unboost|p2a: Cobalion|def|1\n|-unboost|p2a: Cobalion|spd|1\n|-damage|p2a: Cobalion|0 fnt|[from] item: Life Orb\n|faint|p2a: Cobalion\n|move|p1a: Regirock|Iron Defense|p1a: Regirock\n|-boost|p1a: Regirock|def|2\n|\n|upkeep\n|\n|t:|1781382763\n|switch|p2a: Miraidon|Miraidon, L65|238/238\n|-activate|p2a: Miraidon|ability: Hadron Engine\n|turn|12\n|\n|t:|1781382767\n|-terastallize|p2a: Miraidon|Electric\n|move|p2a: Miraidon|Electro Drift|p1a: Regirock\n|-damage|p1a: Regirock|0 fnt\n|faint|p1a: Regirock\n|\n|-fieldend|move: Electric Terrain\n|upkeep\n|\n|t:|1781382774\n|switch|p1a: Sceptile|Sceptile, L87, M|132/264\n|turn|13\n|\n|t:|1781382782\n|switch|p2a: Regidrago|Regidrago, L77|435/435\n|move|p1a: Sceptile|Focus Blast|p2a: Regidrago\n|-damage|p2a: Regidrago|222/435\n|-damage|p1a: Sceptile|106/264|[from] item: Life Orb\n|\n|upkeep\n|turn|14\n|\n|t:|1781382799\n|move|p1a: Sceptile|Earthquake|p2a: Regidrago\n|-damage|p2a: Regidrago|80/435\n|-damage|p1a: Sceptile|80/264|[from] item: Life Orb\n|move|p2a: Regidrago|Dragon Claw|p1a: Sceptile\n|-damage|p1a: Sceptile|0 fnt\n|faint|p1a: Sceptile\n|-damage|p2a: Regidrago|37/435|[from] item: Life Orb\n|\n|upkeep\n|\n|t:|1781382805\n|switch|p1a: Kyurem|Kyurem-White, L73|303/303\n|-ability|p1a: Kyurem|Turboblaze\n|turn|15\n|\n|t:|1781382813\n|move|p1a: Kyurem|Earth Power|p2a: Regidrago\n|-damage|p2a: Regidrago|0 fnt\n|faint|p2a: Regidrago\n|\n|upkeep\n|\n|t:|1781382817\n|switch|p2a: Miraidon|Miraidon, L65, tera:Electric|238/238\n|-fieldstart|move: Electric Terrain|[from] ability: Hadron Engine|[of] p2a: Miraidon\n|turn|16\n|\n|t:|1781382819\n|move|p2a: Miraidon|Draco Meteor|p1a: Kyurem\n|-supereffective|p1a: Kyurem\n|-damage|p1a: Kyurem|0 fnt\n|-unboost|p2a: Miraidon|spa|2\n|faint|p1a: Kyurem\n|\n|win|THSupernova\n", "inputlog": ">version a8376a258c1d4662feba110a92103f3664a72141\n>start {\"formatid\":\"gen9randombattle\",\"seed\":\"sodium,80dd0260479e5423a3c7a48536a01b0c\",\"rated\":\"Rated battle\"}\n>player p1 {\"name\":\"Z10101\",\"avatar\":\"266\",\"rating\":2084,\"seed\":\"sodium,d18c26d143d1f3e54e011e7a9a639365\"}\n>player p2 {\"name\":\"THSupernova\",\"avatar\":\"bellelba\",\"rating\":2179,\"seed\":\"sodium,641145f8498e78c620b6a5197dc1ef27\"}\n>p1 move wildcharge\n>p2 move closecombat\n>p1 move wildcharge\n>p2 move closecombat\n>p1 switch 6\n>p2 switch 3\n>p1 move trailblaze\n>p2 move voltswitch\n>p2 switch 6\n>p1 move earthquake\n>p2 move ironhead\n>p1 switch 4\n>p1 move bravebird\n>p2 switch 5\n>p1 move bravebird\n>p2 move icebeam\n>p1 move bravebird\n>p2 move energyball\n>p2 switch 6\n>p1 move roost terastallize\n>p2 move dracometeor\n>p1 switch 2\n>p1 move shedtail\n>p2 switch 5\n>p1 switch 5\n>p1 move irondefense\n>p2 move ironhead\n>p1 move irondefense\n>p2 move closecombat\n>p2 switch 5\n>p1 move bodypress\n>p2 move electrodrift terastallize\n>p1 switch 5\n>p1 move focusblast\n>p2 switch 2\n>p1 move earthquake\n>p2 move dragonclaw\n>p1 switch 3\n>p1 move earthpower\n>p2 move dragonclaw\n>p2 switch 2\n>p1 move earthpower\n>p2 move dracometeor", "uploadtime": 1781382631, "views": 10, "formatid": "gen9randombattle", "rating": null, "private": 0, "password": null}