{"id": "gen9randombattle-2632020712", "format": "[Gen 9] Random Battle", "players": ["pagenfranskane", "JaviC04"], "log": "|j|\u2606pagenfranskane\n|j|\u2606JaviC04\n|t:|1781466761\n|gametype|singles\n|player|p1|pagenfranskane|battlegirl|1905\n|player|p2|JaviC04|artist|1973\n|gen|9\n|tier|[Gen 9] Random Battle\n|rated|\n|rule|Species Clause: Limit one of each Pok\u00e9mon\n|rule|HP Percentage Mod: HP is shown in percentages\n|rule|Sleep Clause Mod: Limit one foe put to sleep\n|rule|Illusion Level Mod: Illusion disguises the Pok\u00e9mon's true level\n|\n|t:|1781466761\n|teamsize|p1|6\n|teamsize|p2|6\n|start\n|switch|p1a: Muk|Muk, L86, M|321/321\n|switch|p2a: Wo-Chien|Wo-Chien, L83|277/277\n|-ability|p2a: Wo-Chien|Tablets of Ruin\n|turn|1\n|inactive|Battle timer is ON: inactive players will automatically lose when time's up. (requested by JaviC04)\n|\n|t:|1781466777\n|switch|p2a: Grafaiai|Grafaiai, L86, F|249/249\n|move|p1a: Muk|Knock Off|p2a: Grafaiai\n|-damage|p2a: Grafaiai|153/249\n|-enditem|p2a: Grafaiai|Life Orb|[from] move: Knock Off|[of] p1a: Muk\n|\n|upkeep\n|turn|2\n|\n|t:|1781466785\n|move|p2a: Grafaiai|Knock Off|p1a: Muk\n|-damage|p1a: Muk|245/321\n|-enditem|p1a: Muk|Assault Vest|[from] move: Knock Off|[of] p2a: Grafaiai\n|move|p1a: Muk|Drain Punch|p2a: Grafaiai\n|-damage|p2a: Grafaiai|86/249\n|-heal|p1a: Muk|279/321|[from] drain|[of] p2a: Grafaiai\n|\n|upkeep\n|turn|3\n|\n|t:|1781466791\n|move|p2a: Grafaiai|Swords Dance|p2a: Grafaiai\n|-boost|p2a: Grafaiai|atk|2\n|move|p1a: Muk|Drain Punch|p2a: Grafaiai\n|-damage|p2a: Grafaiai|7/249\n|-heal|p1a: Muk|319/321|[from] drain|[of] p2a: Grafaiai\n|\n|upkeep\n|turn|4\n|\n|t:|1781466795\n|move|p2a: Grafaiai|Knock Off|p1a: Muk\n|-damage|p1a: Muk|219/321\n|move|p1a: Muk|Drain Punch|p2a: Grafaiai\n|-damage|p2a: Grafaiai|0 fnt\n|-heal|p1a: Muk|223/321|[from] drain|[of] p2a: Grafaiai\n|faint|p2a: Grafaiai\n|\n|upkeep\n|\n|t:|1781466798\n|switch|p2a: Gliscor|Gliscor, L76, M|239/239\n|turn|5\n|\n|t:|1781466806\n|move|p2a: Gliscor|Substitute|p2a: Gliscor\n|-start|p2a: Gliscor|Substitute\n|-damage|p2a: Gliscor|180/239\n|move|p1a: Muk|Knock Off|p2a: Gliscor\n|-end|p2a: Gliscor|Substitute\n|\n|-status|p2a: Gliscor|tox|[from] item: Toxic Orb\n|upkeep\n|turn|6\n|\n|t:|1781466811\n|switch|p1a: Krookodile|Krookodile, L79, M|280/280\n|-ability|p1a: Krookodile|Intimidate|boost\n|-unboost|p2a: Gliscor|atk|1\n|move|p2a: Gliscor|Earthquake|p1a: Krookodile\n|-damage|p1a: Krookodile|213/280\n|\n|-heal|p2a: Gliscor|209/239 tox|[from] ability: Poison Heal\n|upkeep\n|turn|7\n|\n|t:|1781466817\n|move|p1a: Krookodile|Knock Off|p2a: Gliscor\n|-damage|p2a: Gliscor|88/239 tox\n|-enditem|p2a: Gliscor|Toxic Orb|[from] move: Knock Off|[of] p1a: Krookodile\n|-damage|p1a: Krookodile|185/280|[from] item: Life Orb\n|move|p2a: Gliscor|Toxic|p1a: Krookodile|[miss]\n|-miss|p2a: Gliscor|p1a: Krookodile\n|\n|-heal|p2a: Gliscor|117/239 tox|[from] ability: Poison Heal\n|upkeep\n|turn|8\n|\n|t:|1781466823\n|move|p2a: Gliscor|Protect|p2a: Gliscor\n|-singleturn|p2a: Gliscor|Protect\n|move|p1a: Krookodile|Stealth Rock|p2a: Gliscor\n|-sidestart|p2: JaviC04|move: Stealth Rock\n|\n|-heal|p2a: Gliscor|146/239 tox|[from] ability: Poison Heal\n|upkeep\n|turn|9\n|\n|t:|1781466827\n|switch|p1a: Muk|Muk, L86, M|223/321\n|move|p2a: Gliscor|Toxic|p1a: Muk\n|-immune|p1a: Muk\n|\n|-heal|p2a: Gliscor|175/239 tox|[from] ability: Poison Heal\n|upkeep\n|turn|10\n|\n|t:|1781466831\n|switch|p1a: Krookodile|Krookodile, L79, M|185/280\n|-ability|p1a: Krookodile|Intimidate|boost\n|-unboost|p2a: Gliscor|atk|1\n|move|p2a: Gliscor|Toxic|p1a: Krookodile\n|-status|p1a: Krookodile|tox\n|\n|-damage|p1a: Krookodile|168/280 tox|[from] psn\n|-heal|p2a: Gliscor|204/239 tox|[from] ability: Poison Heal\n|upkeep\n|turn|11\n|\n|t:|1781466839\n|switch|p1a: Golduck|Golduck, L90, F|290/290\n|-ability|p1a: Golduck|Cloud Nine\n|move|p2a: Gliscor|Earthquake|p1a: Golduck\n|-damage|p1a: Golduck|248/290\n|\n|-heal|p2a: Gliscor|233/239 tox|[from] ability: Poison Heal\n|upkeep\n|turn|12\n|\n|t:|1781466843\n|switch|p2a: Wo-Chien|Wo-Chien, L83|277/277\n|-damage|p2a: Wo-Chien|243/277|[from] Stealth Rock\n|-ability|p2a: Wo-Chien|Tablets of Ruin\n|move|p1a: Golduck|Ice Beam|p2a: Wo-Chien\n|-supereffective|p2a: Wo-Chien\n|-damage|p2a: Wo-Chien|105/277\n|-damage|p1a: Golduck|219/290|[from] item: Life Orb\n|\n|-heal|p2a: Wo-Chien|122/277|[from] item: Leftovers\n|upkeep\n|turn|13\n|\n|t:|1781466851\n|move|p2a: Wo-Chien|Protect|p2a: Wo-Chien\n|-singleturn|p2a: Wo-Chien|Protect\n|move|p1a: Golduck|Ice Beam|p2a: Wo-Chien\n|-activate|p2a: Wo-Chien|move: Protect\n|\n|-heal|p2a: Wo-Chien|139/277|[from] item: Leftovers\n|upkeep\n|turn|14\n|\n|t:|1781466856\n|switch|p1a: Krookodile|Krookodile, L79, M|168/280 tox\n|-ability|p1a: Krookodile|Intimidate|boost\n|-unboost|p2a: Wo-Chien|atk|1\n|move|p2a: Wo-Chien|Giga Drain|p1a: Krookodile\n|-supereffective|p1a: Krookodile\n|-damage|p1a: Krookodile|0 fnt\n|-heal|p2a: Wo-Chien|223/277|[from] drain|[of] p1a: Krookodile\n|faint|p1a: Krookodile\n|\n|-heal|p2a: Wo-Chien|240/277|[from] item: Leftovers\n|upkeep\n|\n|t:|1781466859\n|switch|p1a: Muk|Muk, L86, M|223/321\n|turn|15\n|\n|t:|1781466862\n|switch|p2a: Gliscor|Gliscor, L76, M|233/239 tox\n|-damage|p2a: Gliscor|204/239 tox|[from] Stealth Rock\n|move|p1a: Muk|Poison Jab|p2a: Gliscor\n|-resisted|p2a: Gliscor\n|-damage|p2a: Gliscor|164/239 tox\n|\n|-heal|p2a: Gliscor|193/239 tox|[from] ability: Poison Heal\n|upkeep\n|turn|16\n|\n|t:|1781466868\n|move|p2a: Gliscor|Toxic|p1a: Muk\n|-immune|p1a: Muk\n|move|p1a: Muk|Poison Jab|p2a: Gliscor\n|-resisted|p2a: Gliscor\n|-damage|p2a: Gliscor|154/239 tox\n|\n|-heal|p2a: Gliscor|183/239 tox|[from] ability: Poison Heal\n|upkeep\n|turn|17\n|\n|t:|1781466872\n|move|p2a: Gliscor|Toxic|p1a: Muk\n|-immune|p1a: Muk\n|move|p1a: Muk|Knock Off|p2a: Gliscor\n|-damage|p2a: Gliscor|137/239 tox\n|\n|-heal|p2a: Gliscor|166/239 tox|[from] ability: Poison Heal\n|upkeep\n|turn|18\n|\n|t:|1781466875\n|move|p2a: Gliscor|Earthquake|p1a: Muk\n|-supereffective|p1a: Muk\n|-damage|p1a: Muk|47/321\n|move|p1a: Muk|Knock Off|p2a: Gliscor\n|-damage|p2a: Gliscor|121/239 tox\n|\n|-heal|p2a: Gliscor|150/239 tox|[from] ability: Poison Heal\n|upkeep\n|turn|19\n|\n|t:|1781466878\n|move|p2a: Gliscor|Protect|p2a: Gliscor\n|-singleturn|p2a: Gliscor|Protect\n|move|p1a: Muk|Knock Off|p2a: Gliscor\n|-activate|p2a: Gliscor|move: Protect\n|\n|-heal|p2a: Gliscor|179/239 tox|[from] ability: Poison Heal\n|upkeep\n|turn|20\n|\n|t:|1781466881\n|move|p2a: Gliscor|Earthquake|p1a: Muk\n|-supereffective|p1a: Muk\n|-damage|p1a: Muk|0 fnt\n|faint|p1a: Muk\n|\n|-heal|p2a: Gliscor|208/239 tox|[from] ability: Poison Heal\n|upkeep\n|\n|t:|1781466883\n|switch|p1a: Golduck|Golduck, L90, F|219/290\n|-ability|p1a: Golduck|Cloud Nine\n|turn|21\n|\n|t:|1781466886\n|-terastallize|p2a: Gliscor|Water\n|move|p1a: Golduck|Nasty Plot|p1a: Golduck\n|-boost|p1a: Golduck|spa|2\n|move|p2a: Gliscor|Toxic|p1a: Golduck\n|-status|p1a: Golduck|tox\n|\n|-damage|p1a: Golduck|201/290 tox|[from] psn\n|-heal|p2a: Gliscor|237/239 tox|[from] ability: Poison Heal\n|upkeep\n|turn|22\n|\n|t:|1781466890\n|move|p2a: Gliscor|Protect|p2a: Gliscor\n|-singleturn|p2a: Gliscor|Protect\n|move|p1a: Golduck|Grass Knot|p2a: Gliscor\n|-activate|p2a: Gliscor|move: Protect\n|\n|-damage|p1a: Golduck|165/290 tox|[from] psn\n|-heal|p2a: Gliscor|239/239 tox|[from] ability: Poison Heal\n|upkeep\n|turn|23\n|\n|t:|1781466900\n|move|p1a: Golduck|Ice Beam|p2a: Gliscor\n|-resisted|p2a: Gliscor\n|-damage|p2a: Gliscor|123/239 tox\n|-damage|p1a: Golduck|136/290 tox|[from] item: Life Orb\n|move|p2a: Gliscor|Substitute|p2a: Gliscor\n|-start|p2a: Gliscor|Substitute\n|-damage|p2a: Gliscor|64/239 tox\n|\n|-damage|p1a: Golduck|82/290 tox|[from] psn\n|-heal|p2a: Gliscor|93/239 tox|[from] ability: Poison Heal\n|upkeep\n|turn|24\n|\n|t:|1781466903\n|move|p2a: Gliscor|Protect|p2a: Gliscor\n|-singleturn|p2a: Gliscor|Protect\n|move|p1a: Golduck|Grass Knot|p2a: Gliscor\n|-activate|p2a: Gliscor|move: Protect\n|\n|-damage|p1a: Golduck|10/290 tox|[from] psn\n|-heal|p2a: Gliscor|122/239 tox|[from] ability: Poison Heal\n|upkeep\n|turn|25\n|\n|t:|1781466911\n|move|p1a: Golduck|Grass Knot|p2a: Gliscor\n|-supereffective|p2a: Gliscor\n|-end|p2a: Gliscor|Substitute\n|-damage|p1a: Golduck|0 fnt|[from] item: Life Orb\n|faint|p1a: Golduck\n|move|p2a: Gliscor|Substitute|p2a: Gliscor\n|-start|p2a: Gliscor|Substitute\n|-damage|p2a: Gliscor|63/239 tox\n|\n|-heal|p2a: Gliscor|92/239 tox|[from] ability: Poison Heal\n|upkeep\n|\n|t:|1781466915\n|switch|p1a: Necrozma|Necrozma-Dusk-Mane, L69|248/248\n|turn|26\n|\n|t:|1781466919\n|move|p2a: Gliscor|Earthquake|p1a: Necrozma\n|-supereffective|p1a: Necrozma\n|-damage|p1a: Necrozma|134/248\n|-enditem|p1a: Necrozma|Weakness Policy\n|-boost|p1a: Necrozma|atk|2|[from] item: Weakness Policy\n|-boost|p1a: Necrozma|spa|2|[from] item: Weakness Policy\n|move|p1a: Necrozma|Dragon Dance|p1a: Necrozma\n|-boost|p1a: Necrozma|atk|1\n|-boost|p1a: Necrozma|spe|1\n|\n|-heal|p2a: Gliscor|121/239 tox|[from] ability: Poison Heal\n|upkeep\n|turn|27\n|\n|t:|1781466922\n|move|p1a: Necrozma|Photon Geyser|p2a: Gliscor\n|-end|p2a: Gliscor|Substitute\n|move|p2a: Gliscor|Earthquake|p1a: Necrozma\n|-supereffective|p1a: Necrozma\n|-damage|p1a: Necrozma|20/248\n|\n|-heal|p2a: Gliscor|150/239 tox|[from] ability: Poison Heal\n|upkeep\n|turn|28\n|\n|t:|1781466930\n|switch|p2a: Sinistcha|Sinistcha-Masterpiece, L83|254/254\n|-damage|p2a: Sinistcha|223/254|[from] Stealth Rock\n|move|p1a: Necrozma|Photon Geyser|p2a: Sinistcha\n|-damage|p2a: Sinistcha|0 fnt\n|faint|p2a: Sinistcha\n|\n|upkeep\n|\n|t:|1781466934\n|switch|p2a: Scream Tail|Scream Tail, L84|330/330\n|-damage|p2a: Scream Tail|289/330|[from] Stealth Rock\n|turn|29\n|\n|t:|1781466940\n|move|p2a: Scream Tail|Dazzling Gleam|p1a: Necrozma\n|-resisted|p1a: Necrozma\n|-damage|p1a: Necrozma|0 fnt\n|faint|p1a: Necrozma\n|\n|-heal|p2a: Scream Tail|309/330|[from] item: Leftovers\n|upkeep\n|\n|t:|1781466953\n|switch|p1a: Noctowl|Noctowl, L95, M|344/344\n|turn|30\n|\n|t:|1781466957\n|move|p2a: Scream Tail|Dazzling Gleam|p1a: Noctowl\n|-damage|p1a: Noctowl|292/344\n|move|p1a: Noctowl|Calm Mind|p1a: Noctowl\n|-boost|p1a: Noctowl|spa|1\n|-boost|p1a: Noctowl|spd|1\n|\n|-heal|p2a: Scream Tail|329/330|[from] item: Leftovers\n|upkeep\n|turn|31\n|\n|t:|1781466962\n|move|p2a: Scream Tail|Encore|p1a: Noctowl\n|-start|p1a: Noctowl|Encore\n|move|p1a: Noctowl|Calm Mind|p1a: Noctowl\n|-boost|p1a: Noctowl|spa|1\n|-boost|p1a: Noctowl|spd|1\n|\n|-heal|p2a: Scream Tail|330/330|[from] item: Leftovers\n|upkeep\n|turn|32\n|\n|t:|1781466966\n|move|p2a: Scream Tail|Dazzling Gleam|p1a: Noctowl\n|-damage|p1a: Noctowl|264/344\n|move|p1a: Noctowl|Calm Mind|p1a: Noctowl\n|-boost|p1a: Noctowl|spa|1\n|-boost|p1a: Noctowl|spd|1\n|\n|upkeep\n|turn|33\n|\n|t:|1781466969\n|move|p2a: Scream Tail|Dazzling Gleam|p1a: Noctowl\n|-damage|p1a: Noctowl|242/344\n|move|p1a: Noctowl|Calm Mind|p1a: Noctowl\n|-boost|p1a: Noctowl|spa|1\n|-boost|p1a: Noctowl|spd|1\n|\n|-end|p1a: Noctowl|Encore\n|upkeep\n|turn|34\n|\n|t:|1781466974\n|move|p2a: Scream Tail|Encore|p1a: Noctowl\n|-start|p1a: Noctowl|Encore\n|move|p1a: Noctowl|Calm Mind|p1a: Noctowl\n|-boost|p1a: Noctowl|spa|1\n|-boost|p1a: Noctowl|spd|1\n|\n|upkeep\n|turn|35\n|\n|t:|1781466983\n|-end|p2a: Scream Tail|Protosynthesis|[silent]\n|switch|p2a: Baxcalibur|Baxcalibur, L75, F|295/295\n|-damage|p2a: Baxcalibur|222/295|[from] Stealth Rock\n|move|p1a: Noctowl|Calm Mind|p1a: Noctowl\n|-boost|p1a: Noctowl|spa|1\n|-boost|p1a: Noctowl|spd|1\n|\n|upkeep\n|turn|36\n|\n|t:|1781466986\n|move|p1a: Noctowl|Calm Mind|p1a: Noctowl\n|-boost|p1a: Noctowl|spa|0\n|-boost|p1a: Noctowl|spd|0\n|move|p2a: Baxcalibur|Icicle Crash|p1a: Noctowl\n|-supereffective|p1a: Noctowl\n|-damage|p1a: Noctowl|0 fnt\n|faint|p1a: Noctowl\n|\n|upkeep\n|\n|t:|1781466989\n|switch|p1a: Skeledirge|Skeledirge, L79, F|294/294\n|turn|37\n|\n|t:|1781466994\n|switch|p2a: Gliscor|Gliscor, L76, M, tera:Water|150/239 tox\n|-damage|p2a: Gliscor|121/239 tox|[from] Stealth Rock\n|move|p1a: Skeledirge|Torch Song|p2a: Gliscor\n|-resisted|p2a: Gliscor\n|-damage|p2a: Gliscor|70/239 tox\n|-boost|p1a: Skeledirge|spa|1\n|\n|-heal|p2a: Gliscor|99/239 tox|[from] ability: Poison Heal\n|upkeep\n|turn|38\n|\n|t:|1781467000\n|move|p2a: Gliscor|Toxic|p1a: Skeledirge|[miss]\n|-miss|p2a: Gliscor|p1a: Skeledirge\n|move|p1a: Skeledirge|Hex|p2a: Gliscor\n|-damage|p2a: Gliscor|0 fnt\n|faint|p2a: Gliscor\n|\n|upkeep\n|\n|t:|1781467003\n|switch|p2a: Wo-Chien|Wo-Chien, L83|240/277\n|-damage|p2a: Wo-Chien|206/277|[from] Stealth Rock\n|-ability|p2a: Wo-Chien|Tablets of Ruin\n|turn|39\n|\n|t:|1781467009\n|-terastallize|p1a: Skeledirge|Fairy\n|move|p2a: Wo-Chien|Knock Off|p1a: Skeledirge\n|-resisted|p1a: Skeledirge\n|-damage|p1a: Skeledirge|251/294\n|-enditem|p1a: Skeledirge|Heavy-Duty Boots|[from] move: Knock Off|[of] p2a: Wo-Chien\n|move|p1a: Skeledirge|Will-O-Wisp|p2a: Wo-Chien\n|-status|p2a: Wo-Chien|brn\n|\n|-heal|p2a: Wo-Chien|223/277 brn|[from] item: Leftovers\n|-damage|p2a: Wo-Chien|206/277 brn|[from] brn\n|upkeep\n|turn|40\n|\n|t:|1781467012\n|move|p2a: Wo-Chien|Leech Seed|p1a: Skeledirge\n|-start|p1a: Skeledirge|move: Leech Seed\n|move|p1a: Skeledirge|Torch Song|p2a: Wo-Chien\n|-supereffective|p2a: Wo-Chien\n|-damage|p2a: Wo-Chien|18/277 brn\n|-boost|p1a: Skeledirge|spa|1\n|\n|-heal|p2a: Wo-Chien|35/277 brn|[from] item: Leftovers\n|-damage|p1a: Skeledirge|215/294|[from] Leech Seed|[of] p2a: Wo-Chien\n|-heal|p2a: Wo-Chien|71/277 brn|[silent]\n|-damage|p2a: Wo-Chien|54/277 brn|[from] brn\n|upkeep\n|turn|41\n|\n|t:|1781467015\n|move|p2a: Wo-Chien|Giga Drain|p1a: Skeledirge\n|-damage|p1a: Skeledirge|115/294\n|-heal|p2a: Wo-Chien|104/277 brn|[from] drain|[of] p1a: Skeledirge\n|move|p1a: Skeledirge|Slack Off|p1a: Skeledirge\n|-heal|p1a: Skeledirge|262/294\n|\n|-heal|p2a: Wo-Chien|121/277 brn|[from] item: Leftovers\n|-damage|p1a: Skeledirge|226/294|[from] Leech Seed|[of] p2a: Wo-Chien\n|-heal|p2a: Wo-Chien|157/277 brn|[silent]\n|-damage|p2a: Wo-Chien|140/277 brn|[from] brn\n|upkeep\n|turn|42\n|\n|t:|1781467020\n|move|p2a: Wo-Chien|Giga Drain|p1a: Skeledirge\n|-damage|p1a: Skeledirge|135/294\n|-heal|p2a: Wo-Chien|186/277 brn|[from] drain|[of] p1a: Skeledirge\n|move|p1a: Skeledirge|Torch Song|p2a: Wo-Chien\n|-supereffective|p2a: Wo-Chien\n|-damage|p2a: Wo-Chien|0 fnt\n|-boost|p1a: Skeledirge|spa|1\n|faint|p2a: Wo-Chien\n|\n|upkeep\n|\n|t:|1781467023\n|switch|p2a: Baxcalibur|Baxcalibur, L75, F|222/295\n|-damage|p2a: Baxcalibur|149/295|[from] Stealth Rock\n|turn|43\n|\n|t:|1781467028\n|move|p2a: Baxcalibur|Icicle Crash|p1a: Skeledirge\n|-damage|p1a: Skeledirge|0 fnt\n|faint|p1a: Skeledirge\n|\n|win|JaviC04\n", "inputlog": ">version a8376a258c1d4662feba110a92103f3664a72141\n>start {\"formatid\":\"gen9randombattle\",\"seed\":\"sodium,40d8f577f58193b0a527de8a44838d98\",\"rated\":\"Rated battle\"}\n>player p1 {\"name\":\"pagenfranskane\",\"avatar\":\"battlegirl\",\"rating\":1905,\"seed\":\"sodium,5dbf8ba5cd5bc5b24d82ba0be1195065\"}\n>player p2 {\"name\":\"JaviC04\",\"avatar\":\"artist\",\"rating\":1973,\"seed\":\"sodium,e19528d33c1bc5fd128558b7961168cc\"}\n>p1 move knockoff\n>p2 switch 4\n>p1 move drainpunch\n>p2 move knockoff\n>p1 move drainpunch\n>p2 move swordsdance\n>p1 move drainpunch\n>p2 move knockoff\n>p2 switch 2\n>p1 move knockoff\n>p2 move substitute\n>p1 switch 5\n>p2 move earthquake\n>p1 move knockoff\n>p2 move toxic\n>p1 move stealthrock\n>p2 move protect\n>p1 switch 5\n>p2 move toxic\n>p1 switch 5\n>p2 move toxic\n>p1 switch 3\n>p2 move earthquake\n>p1 move icebeam\n>p2 switch 4\n>p1 move icebeam\n>p2 move protect\n>p1 switch 3\n>p2 move gigadrain\n>p1 switch 5\n>p1 move poisonjab\n>p2 switch 4\n>p1 move poisonjab\n>p2 move toxic\n>p1 move knockoff\n>p2 move toxic\n>p1 move knockoff\n>p2 move earthquake\n>p1 move knockoff\n>p2 move protect\n>p1 move knockoff\n>p2 move earthquake\n>p1 switch 3\n>p1 move nastyplot\n>p2 move toxic terastallize\n>p1 move grassknot\n>p2 move protect\n>p1 move icebeam\n>p2 move substitute\n>p1 move grassknot\n>p2 move protect\n>p1 move grassknot\n>p2 move substitute\n>p1 switch 2\n>p1 move dragondance\n>p2 move earthquake\n>p1 move photongeyser\n>p2 move earthquake\n>p1 move photongeyser\n>p2 switch 5\n>p2 switch 6\n>p1 move sunsteelstrike\n>p2 move dazzlinggleam\n>p1 switch 6\n>p1 move calmmind\n>p2 move dazzlinggleam\n>p1 move hypervoice\n>p2 move encore\n>p1 move calmmind\n>p2 move dazzlinggleam\n>p1 move calmmind\n>p2 move dazzlinggleam\n>p1 move hypervoice\n>p2 move encore\n>p1 move calmmind\n>p2 switch 3\n>p1 move calmmind\n>p2 move iciclecrash\n>p1 switch 4\n>p1 move torchsong\n>p2 switch 5\n>p1 move hex\n>p2 move toxic\n>p2 switch 4\n>p1 move willowisp terastallize\n>p2 move knockoff\n>p1 move torchsong\n>p2 move leechseed\n>p1 move slackoff\n>p2 move gigadrain\n>p1 move torchsong\n>p2 move gigadrain\n>p2 switch 5\n>p1 move hex\n>p2 move iciclecrash", "uploadtime": 1781466764, "views": 9, "formatid": "gen9randombattle", "rating": null, "private": 0, "password": null, "player_dets": [{"name": "pagenfranskane", "avatar": "battlegirl", "rating": 1905, "seed": "sodium,5dbf8ba5cd5bc5b24d82ba0be1195065"}, {"name": "JaviC04", "avatar": "artist", "rating": 1973, "seed": "sodium,e19528d33c1bc5fd128558b7961168cc"}], "teams_full": [{"Muk": {"name": "Muk", "species": "Muk", "speciesId": "muk", "gender": "M", "shiny": false, "level": 86, "moves": ["shadowsneak", "knockoff", "poisonjab", "drainpunch"], "ability": "Poison Touch", "evs": {"hp": 85, "atk": 85, "def": 85, "spa": 85, "spd": 85, "spe": 85}, "ivs": {"hp": 31, "atk": 31, "def": 31, "spa": 31, "spd": 31, "spe": 31}, "item": "Assault Vest", "teraType": "Dark", "role": "AV Pivot", "bvs": {"hp": 105, "atk": 105, "def": 75, "spa": 65, "spd": 100, "spe": 50}, "stats": {"hp": 321, "atk": 230, "def": 178, "spa": 161, "spd": 221, "spe": 135}, "types": ["Poison"]}, "Necrozma": {"name": "Necrozma", "species": "Necrozma-Dusk-Mane", "speciesId": "necrozmaduskmane", "gender": "N", "shiny": false, "level": 69, "moves": ["earthquake", "photongeyser", "dragondance", "sunsteelstrike"], "ability": "Prism Armor", "evs": {"hp": 85, "atk": 85, "def": 85, "spa": 85, "spd": 85, "spe": 85}, "ivs": {"hp": 31, "atk": 31, "def": 31, "spa": 31, "spd": 31, "spe": 31}, "item": "Weakness Policy", "teraType": "Steel", "role": "Bulky Setup", "bvs": {"hp": 97, "atk": 157, "def": 127, "spa": 113, "spd": 109, "spe": 77}, "stats": {"hp": 248, "atk": 257, "def": 216, "spa": 196, "spd": 191, "spe": 147}, "types": ["Psychic", "Steel"]}, "Golduck": {"name": "Golduck", "species": "Golduck", "speciesId": "golduck", "gender": "F", "shiny": false, "level": 90, "moves": ["icebeam", "grassknot", "hydropump", "nastyplot"], "ability": "Cloud Nine", "evs": {"hp": 85, "atk": 0, "def": 85, "spa": 85, "spd": 85, "spe": 85}, "ivs": {"hp": 31, "atk": 0, "def": 31, "spa": 31, "spd": 31, "spe": 31}, "item": "Life Orb", "teraType": "Water", "role": "Fast Attacker", "bvs": {"hp": 80, "atk": 82, "def": 78, "spa": 95, "spd": 80, "spe": 85}, "stats": {"hp": 290, "atk": 152, "def": 192, "spa": 222, "spd": 195, "spe": 204}, "types": ["Water"]}, "Skeledirge": {"name": "Skeledirge", "species": "Skeledirge", "speciesId": "skeledirge", "gender": "F", "shiny": false, "level": 79, "moves": ["willowisp", "hex", "torchsong", "slackoff"], "ability": "Unaware", "evs": {"hp": 85, "atk": 0, "def": 85, "spa": 85, "spd": 85, "spe": 85}, "ivs": {"hp": 31, "atk": 0, "def": 31, "spa": 31, "spd": 31, "spe": 31}, "item": "Heavy-Duty Boots", "teraType": "Fairy", "role": "Bulky Support", "bvs": {"hp": 104, "atk": 75, "def": 100, "spa": 110, "spd": 75, "spe": 66}, "stats": {"hp": 294, "atk": 123, "def": 204, "spa": 219, "spd": 164, "spe": 150}, "types": ["Fire", "Ghost"]}, "Krookodile": {"name": "Krookodile", "species": "Krookodile", "speciesId": "krookodile", "gender": "M", "shiny": false, "level": 79, "moves": ["knockoff", "stoneedge", "stealthrock", "earthquake"], "ability": "Intimidate", "evs": {"hp": 85, "atk": 85, "def": 85, "spa": 85, "spd": 85, "spe": 85}, "ivs": {"hp": 31, "atk": 31, "def": 31, "spa": 31, "spd": 31, "spe": 31}, "item": "Life Orb", "teraType": "Ground", "role": "Fast Attacker", "bvs": {"hp": 95, "atk": 117, "def": 80, "spa": 65, "spd": 70, "spe": 92}, "stats": {"hp": 280, "atk": 230, "def": 172, "spa": 148, "spd": 156, "spe": 191}, "types": ["Ground", "Dark"]}, "Noctowl": {"name": "Noctowl", "species": "Noctowl", "speciesId": "noctowl", "gender": "M", "shiny": false, "level": 95, "moves": ["calmmind", "hurricane", "roost", "hypervoice"], "ability": "Tinted Lens", "evs": {"hp": 85, "atk": 0, "def": 85, "spa": 85, "spd": 85, "spe": 85}, "ivs": {"hp": 31, "atk": 0, "def": 31, "spa": 31, "spd": 31, "spe": 31}, "item": "Heavy-Duty Boots", "teraType": "Ground", "role": "Bulky Attacker", "bvs": {"hp": 100, "atk": 50, "def": 50, "spa": 86, "spd": 96, "spe": 70}, "stats": {"hp": 344, "atk": 100, "def": 149, "spa": 217, "spd": 236, "spe": 187}, "types": ["Normal", "Flying"]}}, {"Wo-Chien": {"name": "Wo-Chien", "species": "Wo-Chien", "speciesId": "wochien", "gender": "N", "shiny": false, "level": 83, "moves": ["gigadrain", "knockoff", "protect", "leechseed"], "ability": "Tablets of Ruin", "evs": {"hp": 85, "atk": 85, "def": 85, "spa": 85, "spd": 85, "spe": 85}, "ivs": {"hp": 31, "atk": 31, "def": 31, "spa": 31, "spd": 31, "spe": 31}, "item": "Leftovers", "teraType": "Poison", "role": "Bulky Support", "bvs": {"hp": 85, "atk": 85, "def": 100, "spa": 95, "spd": 135, "spe": 70}, "stats": {"hp": 277, "atk": 189, "def": 214, "spa": 205, "spd": 272, "spe": 164}, "types": ["Dark", "Grass"]}, "Gliscor": {"name": "Gliscor", "species": "Gliscor", "speciesId": "gliscor", "gender": "M", "shiny": false, "level": 76, "moves": ["substitute", "toxic", "protect", "earthquake"], "ability": "Poison Heal", "evs": {"hp": 85, "atk": 85, "def": 85, "spa": 85, "spd": 85, "spe": 85}, "ivs": {"hp": 31, "atk": 31, "def": 31, "spa": 31, "spd": 31, "spe": 31}, "item": "Toxic Orb", "teraType": "Water", "role": "Fast Support", "bvs": {"hp": 75, "atk": 95, "def": 125, "spa": 45, "spd": 75, "spe": 95}, "stats": {"hp": 239, "atk": 188, "def": 234, "spa": 112, "spd": 158, "spe": 188}, "types": ["Ground", "Flying"]}, "Baxcalibur": {"name": "Baxcalibur", "species": "Baxcalibur", "speciesId": "baxcalibur", "gender": "F", "shiny": false, "level": 75, "moves": ["earthquake", "glaiverush", "iciclecrash", "iceshard"], "ability": "Thermal Exchange", "evs": {"hp": 81, "atk": 85, "def": 85, "spa": 85, "spd": 85, "spe": 85}, "ivs": {"hp": 31, "atk": 31, "def": 31, "spa": 31, "spd": 31, "spe": 31}, "item": "Choice Band", "teraType": "Dragon", "role": "Fast Attacker", "bvs": {"hp": 115, "atk": 145, "def": 92, "spa": 75, "spd": 86, "spe": 87}, "stats": {"hp": 295, "atk": 261, "def": 182, "spa": 156, "spd": 173, "spe": 174}, "types": ["Dragon", "Ice"]}, "Grafaiai": {"name": "Grafaiai", "species": "Grafaiai", "speciesId": "grafaiai", "gender": "F", "shiny": false, "level": 86, "moves": ["swordsdance", "gunkshot", "knockoff", "lowkick"], "ability": "Poison Touch", "evs": {"hp": 85, "atk": 85, "def": 85, "spa": 85, "spd": 85, "spe": 85}, "ivs": {"hp": 31, "atk": 31, "def": 31, "spa": 31, "spd": 31, "spe": 31}, "item": "Life Orb", "teraType": "Dark", "role": "Setup Sweeper", "bvs": {"hp": 63, "atk": 95, "def": 65, "spa": 80, "spd": 72, "spe": 110}, "stats": {"hp": 249, "atk": 213, "def": 161, "spa": 187, "spd": 173, "spe": 238}, "types": ["Poison", "Normal"]}, "Sinistcha": {"name": "Sinistcha", "species": "Sinistcha-Masterpiece", "speciesId": "sinistcha", "gender": "N", "shiny": false, "level": 83, "moves": ["shadowball", "strengthsap", "matchagotcha", "calmmind"], "ability": "Heatproof", "evs": {"hp": 85, "atk": 0, "def": 85, "spa": 85, "spd": 85, "spe": 85}, "ivs": {"hp": 31, "atk": 0, "def": 31, "spa": 31, "spd": 31, "spe": 31}, "item": "Leftovers", "teraType": "Steel", "role": "Bulky Setup", "bvs": {"hp": 71, "atk": 60, "def": 106, "spa": 121, "spd": 80, "spe": 70}, "stats": {"hp": 254, "atk": 104, "def": 224, "spa": 249, "spd": 180, "spe": 164}, "types": ["Grass", "Ghost"]}, "Scream Tail": {"name": "Scream Tail", "species": "Scream Tail", "speciesId": "screamtail", "gender": "N", "shiny": false, "level": 84, "moves": ["dazzlinggleam", "encore", "protect", "wish"], "ability": "Protosynthesis", "evs": {"hp": 85, "atk": 0, "def": 85, "spa": 85, "spd": 85, "spe": 85}, "ivs": {"hp": 31, "atk": 0, "def": 31, "spa": 31, "spd": 31, "spe": 31}, "item": "Leftovers", "teraType": "Poison", "role": "Bulky Attacker", "bvs": {"hp": 115, "atk": 65, "def": 99, "spa": 65, "spd": 115, "spe": 111}, "stats": {"hp": 330, "atk": 114, "def": 215, "spa": 157, "spd": 241, "spe": 235}, "types": ["Fairy", "Psychic"]}}]}