{"id": "gen9randombattle-2631810410", "format": "[Gen 9] Random Battle", "players": ["alfredochi", "zicafeliped"], "log": "|j|\u2606alfredochi\n|j|\u2606zicafeliped\n|t:|1781442977\n|gametype|singles\n|player|p1|alfredochi|pryce|2101\n|player|p2|zicafeliped|beauty-gen4dp|2200\n|gen|9\n|tier|[Gen 9] Random Battle\n|rated|\n|rule|Species Clause: Limit one of each Pok\u00e9mon\n|rule|HP Percentage Mod: HP is shown in percentages\n|rule|Sleep Clause Mod: Limit one foe put to sleep\n|rule|Illusion Level Mod: Illusion disguises the Pok\u00e9mon's true level\n|\n|t:|1781442977\n|teamsize|p1|6\n|teamsize|p2|6\n|start\n|switch|p1a: Jirachi|Jirachi, L80|291/291\n|switch|p2a: Coalossal|Coalossal, L89, M|341/341\n|turn|1\n|inactive|Battle timer is ON: inactive players will automatically lose when time's up. (requested by zicafeliped)\n|\n|t:|1781442992\n|switch|p1a: Mienshao|Mienshao, L83, M|244/244\n|move|p2a: Coalossal|Spikes|p1a: Mienshao\n|-sidestart|p1: alfredochi|Spikes\n|\n|upkeep\n|turn|2\n|\n|t:|1781443006\n|switch|p2a: Masquerain|Masquerain, L87, M|264/264\n|-ability|p2a: Masquerain|Intimidate|boost\n|-unboost|p1a: Mienshao|atk|1\n|move|p1a: Mienshao|Close Combat|p2a: Masquerain\n|-resisted|p2a: Masquerain\n|-damage|p2a: Masquerain|232/264\n|-unboost|p1a: Mienshao|def|1\n|-unboost|p1a: Mienshao|spd|1\n|\n|upkeep\n|turn|3\n|\n|t:|1781443015\n|move|p1a: Mienshao|U-turn|p2a: Masquerain\n|-resisted|p2a: Masquerain\n|-damage|p2a: Masquerain|208/264\n|\n|t:|1781443032\n|switch|p1a: Jirachi|Jirachi, L80|291/291|[from] U-turn\n|-damage|p1a: Jirachi|255/291|[from] Spikes\n|move|p2a: Masquerain|Sticky Web|p1a: Jirachi\n|-sidestart|p1: alfredochi|move: Sticky Web\n|\n|-heal|p1a: Jirachi|273/291|[from] item: Leftovers\n|upkeep\n|turn|4\n|\n|t:|1781443040\n|switch|p2a: Coalossal|Coalossal, L89, M|341/341\n|move|p1a: Jirachi|Body Slam|p2a: Coalossal\n|-resisted|p2a: Coalossal\n|-damage|p2a: Coalossal|319/341\n|\n|-heal|p1a: Jirachi|291/291|[from] item: Leftovers\n|upkeep\n|turn|5\n|\n|t:|1781443048\n|switch|p1a: Mienshao|Mienshao, L83, M|244/244\n|-damage|p1a: Mienshao|214/244|[from] Spikes\n|-activate|p1a: Mienshao|move: Sticky Web\n|-unboost|p1a: Mienshao|spe|1\n|move|p2a: Coalossal|Spikes|p1a: Mienshao\n|-sidestart|p1: alfredochi|Spikes\n|\n|upkeep\n|turn|6\n|\n|t:|1781443059\n|move|p1a: Mienshao|Knock Off|p2a: Coalossal\n|-damage|p2a: Coalossal|255/341\n|-status|p1a: Mienshao|brn|[from] ability: Flame Body|[of] p2a: Coalossal\n|-enditem|p2a: Coalossal|Heavy-Duty Boots|[from] move: Knock Off|[of] p1a: Mienshao\n|move|p2a: Coalossal|Overheat|p1a: Mienshao\n|-damage|p1a: Mienshao|93/244 brn\n|-unboost|p2a: Coalossal|spa|2\n|\n|-damage|p1a: Mienshao|78/244 brn|[from] brn\n|upkeep\n|turn|7\n|\n|t:|1781443073\n|switch|p2a: Masquerain|Masquerain, L87, M|208/264\n|-ability|p2a: Masquerain|Intimidate|boost\n|-unboost|p1a: Mienshao|atk|1\n|move|p1a: Mienshao|U-turn|p2a: Masquerain\n|-resisted|p2a: Masquerain\n|-damage|p2a: Masquerain|197/264\n|\n|t:|1781443078\n|switch|p1a: Jirachi|Jirachi, L80|291/291|[from] U-turn\n|-damage|p1a: Jirachi|243/291|[from] Spikes\n|-activate|p1a: Jirachi|move: Sticky Web\n|-unboost|p1a: Jirachi|spe|1\n|\n|-heal|p1a: Jirachi|261/291|[from] item: Leftovers\n|upkeep\n|turn|8\n|\n|t:|1781443082\n|switch|p2a: Coalossal|Coalossal, L89, M|255/341\n|move|p1a: Jirachi|Stealth Rock|p2a: Coalossal\n|-sidestart|p2: zicafeliped|move: Stealth Rock\n|\n|-heal|p1a: Jirachi|279/291|[from] item: Leftovers\n|upkeep\n|turn|9\n|\n|t:|1781443088\n|switch|p1a: Mienshao|Mienshao, L83, M|159/244 brn\n|-damage|p1a: Mienshao|119/244 brn|[from] Spikes\n|-activate|p1a: Mienshao|move: Sticky Web\n|-unboost|p1a: Mienshao|spe|1\n|move|p2a: Coalossal|Rapid Spin|p1a: Mienshao\n|-damage|p1a: Mienshao|74/244 brn\n|-boost|p2a: Coalossal|spe|1\n|-sideend|p2: zicafeliped|Stealth Rock|[from] move: Rapid Spin|[of] p2a: Coalossal\n|\n|-damage|p1a: Mienshao|59/244 brn|[from] brn\n|upkeep\n|turn|10\n|\n|t:|1781443099\n|move|p2a: Coalossal|Overheat|p1a: Mienshao\n|-damage|p1a: Mienshao|0 fnt\n|-unboost|p2a: Coalossal|spa|2\n|faint|p1a: Mienshao\n|\n|upkeep\n|\n|t:|1781443103\n|switch|p1a: Jirachi|Jirachi, L80|279/291\n|-damage|p1a: Jirachi|231/291|[from] Spikes\n|-activate|p1a: Jirachi|move: Sticky Web\n|-unboost|p1a: Jirachi|spe|1\n|turn|11\n|\n|t:|1781443107\n|move|p2a: Coalossal|Overheat|p1a: Jirachi\n|-supereffective|p1a: Jirachi\n|-damage|p1a: Jirachi|97/291\n|-unboost|p2a: Coalossal|spa|2\n|move|p1a: Jirachi|Stealth Rock|p2a: Coalossal\n|-sidestart|p2: zicafeliped|move: Stealth Rock\n|\n|-heal|p1a: Jirachi|115/291|[from] item: Leftovers\n|upkeep\n|turn|12\n|\n|t:|1781443114\n|switch|p1a: Mimikyu|Mimikyu, L79, F|216/216\n|-damage|p1a: Mimikyu|180/216|[from] Spikes\n|-activate|p1a: Mimikyu|move: Sticky Web\n|-unboost|p1a: Mimikyu|spe|1\n|move|p2a: Coalossal|Overheat|p1a: Mimikyu|[miss]\n|-miss|p2a: Coalossal|p1a: Mimikyu\n|\n|upkeep\n|turn|13\n|\n|t:|1781443120\n|switch|p2a: Masquerain|Masquerain, L87, M|197/264\n|-ability|p2a: Masquerain|Intimidate|boost\n|-unboost|p1a: Mimikyu|atk|1\n|move|p1a: Mimikyu|Swords Dance|p1a: Mimikyu\n|-boost|p1a: Mimikyu|atk|2\n|\n|upkeep\n|turn|14\n|\n|t:|1781443129\n|move|p2a: Masquerain|Hurricane|p1a: Mimikyu|[miss]\n|-miss|p2a: Masquerain|p1a: Mimikyu\n|move|p1a: Mimikyu|Swords Dance|p1a: Mimikyu\n|-boost|p1a: Mimikyu|atk|2\n|\n|upkeep\n|turn|15\n|\n|t:|1781443134\n|move|p2a: Masquerain|Hurricane|p1a: Mimikyu\n|-activate|p1a: Mimikyu|ability: Disguise\n|-damage|p1a: Mimikyu|180/216\n|detailschange|p1a: Mimikyu|Mimikyu-Busted, L79, F\n|-damage|p1a: Mimikyu|153/216|[from] pokemon: Mimikyu-Busted\n|move|p1a: Mimikyu|Swords Dance|p1a: Mimikyu\n|-boost|p1a: Mimikyu|atk|2\n|\n|upkeep\n|turn|16\n|\n|t:|1781443144\n|move|p1a: Mimikyu|Shadow Sneak|p2a: Masquerain\n|-damage|p2a: Masquerain|0 fnt\n|faint|p2a: Masquerain\n|-damage|p1a: Mimikyu|132/216|[from] item: Life Orb\n|\n|upkeep\n|\n|t:|1781443151\n|switch|p2a: Porygon-Z|Porygon-Z, L83|277/277\n|-damage|p2a: Porygon-Z|243/277|[from] Stealth Rock\n|-ability|p2a: Porygon-Z|Download|boost\n|-boost|p2a: Porygon-Z|atk|1\n|turn|17\n|\n|t:|1781443163\n|move|p2a: Porygon-Z|Shadow Ball|p1a: Mimikyu\n|-supereffective|p1a: Mimikyu\n|-damage|p1a: Mimikyu|0 fnt\n|faint|p1a: Mimikyu\n|-damage|p2a: Porygon-Z|216/277|[from] item: Life Orb\n|\n|upkeep\n|\n|t:|1781443177\n|switch|p1a: Iron Jugulis|Iron Jugulis, L77|271/271\n|turn|18\n|\n|t:|1781443193\n|move|p1a: Iron Jugulis|Meteor Beam||[still]\n|-prepare|p1a: Iron Jugulis|Meteor Beam\n|-boost|p1a: Iron Jugulis|spa|1\n|-enditem|p1a: Iron Jugulis|Power Herb\n|-anim|p1a: Iron Jugulis|Meteor Beam|p2a: Porygon-Z\n|-damage|p2a: Porygon-Z|74/277\n|move|p2a: Porygon-Z|Ice Beam|p1a: Iron Jugulis\n|-supereffective|p1a: Iron Jugulis\n|-damage|p1a: Iron Jugulis|11/271\n|-damage|p2a: Porygon-Z|47/277|[from] item: Life Orb\n|\n|upkeep\n|turn|19\n|\n|t:|1781443202\n|move|p1a: Iron Jugulis|Dark Pulse|p2a: Porygon-Z\n|-damage|p2a: Porygon-Z|0 fnt\n|faint|p2a: Porygon-Z\n|\n|upkeep\n|\n|t:|1781443205\n|switch|p2a: Azelf|Azelf, L82|257/257\n|-damage|p2a: Azelf|225/257|[from] Stealth Rock\n|turn|20\n|\n|t:|1781443212\n|move|p2a: Azelf|Knock Off|p1a: Iron Jugulis\n|-resisted|p1a: Iron Jugulis\n|-damage|p1a: Iron Jugulis|0 fnt\n|faint|p1a: Iron Jugulis\n|-end|p1a: Iron Jugulis|Quark Drive|[silent]\n|-damage|p2a: Azelf|200/257|[from] item: Life Orb\n|\n|upkeep\n|-message|alfredochi forfeited.\n|\n|win|zicafeliped\n", "inputlog": ">version a8376a258c1d4662feba110a92103f3664a72141\n>start {\"formatid\":\"gen9randombattle\",\"seed\":\"sodium,0902007d11abbd05155fa48e95b12141\",\"rated\":\"Rated battle\"}\n>player p1 {\"name\":\"alfredochi\",\"avatar\":\"pryce\",\"rating\":2101,\"seed\":\"sodium,a85aae4c2e8d0b5eb18f1942fceab340\"}\n>player p2 {\"name\":\"zicafeliped\",\"avatar\":\"beauty-gen4dp\",\"rating\":2200,\"seed\":\"sodium,15362155895244810c68666dac9b48cb\"}\n>p1 switch 3\n>p2 move spikes\n>p1 move closecombat\n>p2 switch 5\n>p1 move uturn\n>p2 move stickyweb\n>p1 switch 3\n>p1 move bodyslam\n>p2 switch 5\n>p1 switch 3\n>p2 move spikes\n>p1 move knockoff\n>p2 move overheat\n>p1 move uturn\n>p2 switch 5\n>p1 switch 3\n>p1 move stealthrock\n>p2 switch 5\n>p1 switch 3\n>p2 move rapidspin\n>p1 move uturn\n>p2 move overheat\n>p1 switch 3\n>p1 move stealthrock\n>p2 move overheat\n>p1 switch 4\n>p2 move overheat\n>p1 move swordsdance\n>p2 switch 5\n>p1 move swordsdance\n>p2 move hurricane\n>p1 move swordsdance\n>p2 move hurricane\n>p1 move shadowsneak\n>p2 move hurricane\n>p2 switch 4\n>p1 move drainpunch\n>p2 move shadowball\n>p1 switch 5\n>p1 move meteorbeam\n>p2 move icebeam\n>p1 move darkpulse\n>p2 move triattack\n>p2 switch 6\n>p1 move darkpulse\n>p2 move knockoff\n>forcelose p1", "uploadtime": 1781442979, "views": 4, "formatid": "gen9randombattle", "rating": null, "private": 0, "password": null}