{"id": "gen9randombattle-2631870457", "format": "[Gen 9] Random Battle", "players": ["throwaway42795", "bimiuchiratnhieu"], "log": "|j|\u2606throwaway42795\n|j|\u2606bimiuchiratnhieu\n|t:|1781450296\n|gametype|singles\n|player|p1|throwaway42795|steven|1907\n|player|p2|bimiuchiratnhieu|hilda|1971\n|gen|9\n|tier|[Gen 9] Random Battle\n|rated|\n|rule|Species Clause: Limit one of each Pok\u00e9mon\n|rule|HP Percentage Mod: HP is shown in percentages\n|rule|Sleep Clause Mod: Limit one foe put to sleep\n|rule|Illusion Level Mod: Illusion disguises the Pok\u00e9mon's true level\n|\n|t:|1781450296\n|teamsize|p1|6\n|teamsize|p2|6\n|start\n|switch|p1a: Entei|Entei, L78|307/307\n|switch|p2a: Krookodile|Krookodile, L79, F|280/280\n|-ability|p2a: Krookodile|Intimidate|boost\n|-fail|p1a: Entei|unboost|Attack|[from] ability: Inner Focus|[of] p1a: Entei\n|turn|1\n|inactive|Battle timer is ON: inactive players will automatically lose when time's up. (requested by bimiuchiratnhieu)\n|\n|t:|1781450315\n|switch|p1a: Shaymin|Shaymin, L82|298/298\n|move|p2a: Krookodile|Knock Off|p1a: Shaymin\n|-damage|p1a: Shaymin|202/298\n|-enditem|p1a: Shaymin|Leftovers|[from] move: Knock Off|[of] p2a: Krookodile\n|\n|upkeep\n|turn|2\n|\n|t:|1781450325\n|switch|p2a: Wyrdeer|Wyrdeer, L87, F|321/321\n|-ability|p2a: Wyrdeer|Intimidate|boost\n|-unboost|p1a: Shaymin|atk|1\n|move|p1a: Shaymin|Substitute|p1a: Shaymin\n|-start|p1a: Shaymin|Substitute\n|-damage|p1a: Shaymin|128/298\n|\n|upkeep\n|turn|3\n|\n|t:|1781450332\n|move|p1a: Shaymin|Air Slash|p2a: Wyrdeer\n|-damage|p2a: Wyrdeer|263/321\n|move|p2a: Wyrdeer|Psychic Noise|p1a: Shaymin\n|-damage|p1a: Shaymin|52/298\n|-start|p1a: Shaymin|move: Heal Block\n|\n|-heal|p2a: Wyrdeer|283/321|[from] item: Leftovers\n|upkeep\n|turn|4\n|\n|t:|1781450337\n|switch|p1a: Entei|Entei, L78|307/307\n|move|p2a: Wyrdeer|Psychic Noise|p1a: Entei\n|-damage|p1a: Entei|199/307\n|-start|p1a: Entei|move: Heal Block\n|\n|-heal|p2a: Wyrdeer|303/321|[from] item: Leftovers\n|upkeep\n|turn|5\n|\n|t:|1781450341\n|move|p1a: Entei|Sacred Fire|p2a: Wyrdeer\n|-damage|p2a: Wyrdeer|131/321\n|-status|p2a: Wyrdeer|brn\n|move|p2a: Wyrdeer|Thunder Wave|p1a: Entei\n|-status|p1a: Entei|par\n|\n|-heal|p2a: Wyrdeer|151/321 brn|[from] item: Leftovers\n|-damage|p2a: Wyrdeer|131/321 brn|[from] brn\n|-end|p1a: Entei|move: Heal Block\n|upkeep\n|turn|6\n|\n|t:|1781450349\n|switch|p2a: Magcargo|Magcargo, L95, M|268/268\n|cant|p1a: Entei|par\n|\n|upkeep\n|turn|7\n|\n|t:|1781450357\n|switch|p1a: Shaymin|Shaymin, L82|52/298\n|move|p2a: Magcargo|Stealth Rock|p1a: Shaymin\n|-sidestart|p1: throwaway42795|move: Stealth Rock\n|\n|upkeep\n|turn|8\n|\n|t:|1781450370\n|move|p1a: Shaymin|Air Slash|p2a: Magcargo\n|-resisted|p2a: Magcargo\n|-damage|p2a: Magcargo|244/268\n|cant|p2a: Magcargo|flinch\n|\n|upkeep\n|turn|9\n|\n|t:|1781450374\n|move|p1a: Shaymin|Leech Seed|p2a: Magcargo\n|-start|p2a: Magcargo|move: Leech Seed\n|move|p2a: Magcargo|Lava Plume|p1a: Shaymin\n|-supereffective|p1a: Shaymin\n|-damage|p1a: Shaymin|0 fnt\n|faint|p1a: Shaymin\n|\n|upkeep\n|\n|t:|1781450385\n|switch|p1a: Raichu|Raichu-Alola, L87, F|246/246\n|-damage|p1a: Raichu|216/246|[from] Stealth Rock\n|turn|10\n|\n|t:|1781450392\n|move|p1a: Raichu|Thunderbolt|p2a: Magcargo\n|-damage|p2a: Magcargo|115/268\n|-damage|p1a: Raichu|192/246|[from] item: Life Orb\n|move|p2a: Magcargo|Yawn|p1a: Raichu\n|-start|p1a: Raichu|move: Yawn|[of] p2a: Magcargo\n|\n|-damage|p2a: Magcargo|82/268|[from] Leech Seed|[of] p1a: Raichu\n|-heal|p1a: Raichu|225/246|[silent]\n|upkeep\n|turn|11\n|\n|t:|1781450404\n|switch|p1a: Entei|Entei, L78|199/307 par\n|-damage|p1a: Entei|123/307 par|[from] Stealth Rock\n|switch|p2a: Wyrdeer|Wyrdeer, L87, F|131/321 brn\n|-ability|p2a: Wyrdeer|Intimidate|boost\n|-fail|p1a: Entei|unboost|Attack|[from] ability: Inner Focus|[of] p1a: Entei\n|\n|-heal|p2a: Wyrdeer|151/321 brn|[from] item: Leftovers\n|-damage|p2a: Wyrdeer|131/321 brn|[from] brn\n|upkeep\n|turn|12\n|\n|t:|1781450411\n|move|p2a: Wyrdeer|Psychic Noise|p1a: Entei\n|-damage|p1a: Entei|12/307 par\n|-start|p1a: Entei|move: Heal Block\n|move|p1a: Entei|Sacred Fire|p2a: Wyrdeer\n|-damage|p2a: Wyrdeer|0 fnt\n|faint|p2a: Wyrdeer\n|\n|upkeep\n|\n|t:|1781450435\n|switch|p2a: Magcargo|Magcargo, L95, M|82/268\n|turn|13\n|\n|t:|1781450439\n|move|p2a: Magcargo|Lava Plume|p1a: Entei\n|-resisted|p1a: Entei\n|-damage|p1a: Entei|0 fnt\n|faint|p1a: Entei\n|\n|upkeep\n|\n|t:|1781450441\n|switch|p1a: Raichu|Raichu-Alola, L87, F|225/246\n|-damage|p1a: Raichu|195/246|[from] Stealth Rock\n|turn|14\n|\n|t:|1781450443\n|move|p1a: Raichu|Thunderbolt|p2a: Magcargo\n|-damage|p2a: Magcargo|0 fnt\n|faint|p2a: Magcargo\n|-damage|p1a: Raichu|171/246|[from] item: Life Orb\n|\n|upkeep\n|\n|t:|1781450451\n|switch|p2a: Ludicolo|Ludicolo, L90, M|290/290\n|turn|15\n|\n|t:|1781450455\n|switch|p1a: Dialga|Dialga, L73|266/266\n|-damage|p1a: Dialga|250/266|[from] Stealth Rock\n|-ability|p1a: Dialga|Pressure\n|move|p2a: Ludicolo|Giga Drain|p1a: Dialga\n|-resisted|p1a: Dialga\n|-damage|p1a: Dialga|228/266\n|\n|upkeep\n|turn|16\n|\n|t:|1781450477\n|switch|p2a: Krookodile|Krookodile, L79, F|280/280\n|-ability|p2a: Krookodile|Intimidate|boost\n|-unboost|p1a: Dialga|atk|1\n|move|p1a: Dialga|Dragon Tail|p2a: Krookodile\n|-damage|p2a: Krookodile|237/280\n|drag|p2a: Squawkabilly|Squawkabilly-Yellow, L89, M|291/291\n|\n|upkeep\n|turn|17\n|\n|t:|1781450484\n|move|p2a: Squawkabilly|Parting Shot|p1a: Dialga\n|-unboost|p1a: Dialga|atk|1\n|-unboost|p1a: Dialga|spa|1\n|\n|t:|1781450487\n|switch|p2a: Krookodile|Krookodile, L79, F|237/280|[from] Parting Shot\n|-ability|p2a: Krookodile|Intimidate|boost\n|-unboost|p1a: Dialga|atk|1\n|move|p1a: Dialga|Draco Meteor|p2a: Krookodile\n|-damage|p2a: Krookodile|117/280\n|-unboost|p1a: Dialga|spa|2\n|\n|-heal|p2a: Krookodile|134/280|[from] item: Leftovers\n|upkeep\n|turn|18\n|\n|t:|1781450492\n|switch|p1a: Dodrio|Dodrio, L85, M|241/241\n|-damage|p1a: Dodrio|181/241|[from] Stealth Rock\n|move|p2a: Krookodile|Earthquake|p1a: Dodrio\n|-immune|p1a: Dodrio\n|\n|-heal|p2a: Krookodile|151/280|[from] item: Leftovers\n|upkeep\n|turn|19\n|\n|t:|1781450497\n|move|p1a: Dodrio|Brave Bird|p2a: Krookodile\n|-crit|p2a: Krookodile\n|-damage|p2a: Krookodile|0 fnt\n|faint|p2a: Krookodile\n|-damage|p1a: Dodrio|131/241|[from] Recoil\n|\n|upkeep\n|\n|t:|1781450513\n|switch|p2a: Ludicolo|Ludicolo, L90, M|290/290\n|turn|20\n|\n|t:|1781450518\n|move|p1a: Dodrio|Brave Bird|p2a: Ludicolo\n|-supereffective|p2a: Ludicolo\n|-damage|p2a: Ludicolo|0 fnt\n|faint|p2a: Ludicolo\n|-damage|p1a: Dodrio|35/241|[from] Recoil\n|\n|upkeep\n|\n|t:|1781450520\n|switch|p2a: Squawkabilly|Squawkabilly-Yellow, L89, M|291/291\n|turn|21\n|\n|t:|1781450523\n|move|p1a: Dodrio|Brave Bird|p2a: Squawkabilly\n|-damage|p2a: Squawkabilly|0 fnt\n|faint|p2a: Squawkabilly\n|-damage|p1a: Dodrio|0 fnt|[from] Recoil\n|faint|p1a: Dodrio\n|\n|upkeep\n|\n|t:|1781450531\n|switch|p1a: Dialga|Dialga, L73|228/266\n|switch|p2a: Zacian|Zacian-Crowned, L64|225/225\n|-ability|p2a: Zacian|Intrepid Sword|boost\n|-boost|p2a: Zacian|atk|1\n|-damage|p1a: Dialga|212/266|[from] Stealth Rock\n|-ability|p1a: Dialga|Pressure\n|turn|22\n|\n|t:|1781450541\n|move|p2a: Zacian|Swords Dance|p2a: Zacian\n|-boost|p2a: Zacian|atk|2\n|move|p1a: Dialga|Fire Blast|p2a: Zacian\n|-supereffective|p2a: Zacian\n|-damage|p2a: Zacian|57/225\n|\n|upkeep\n|turn|23\n|\n|t:|1781450545\n|move|p2a: Zacian|Behemoth Blade|p1a: Dialga\n|-resisted|p1a: Dialga\n|-damage|p1a: Dialga|118/266\n|move|p1a: Dialga|Fire Blast|p2a: Zacian\n|-supereffective|p2a: Zacian\n|-damage|p2a: Zacian|0 fnt\n|faint|p2a: Zacian\n|\n|win|throwaway42795\n", "inputlog": ">version a8376a258c1d4662feba110a92103f3664a72141\n>start {\"formatid\":\"gen9randombattle\",\"seed\":\"sodium,c49f45b662c621c69d787690e0838e11\",\"rated\":\"Rated battle\"}\n>player p1 {\"name\":\"throwaway42795\",\"avatar\":\"steven\",\"rating\":1907,\"seed\":\"sodium,a3963aaa1ee24d73fdd67ae89c55ce56\"}\n>player p2 {\"name\":\"bimiuchiratnhieu\",\"avatar\":\"hilda\",\"rating\":1971,\"seed\":\"sodium,ac5e95b296cc49c7076d1e961d9fe7c1\"}\n>p1 switch 2\n>p2 move knockoff\n>p1 move substitute\n>p2 switch 2\n>p1 move airslash\n>p2 move psychicnoise\n>p1 switch 2\n>p2 move psychicnoise\n>p1 move sacredfire\n>p2 move thunderwave\n>p1 move sacredfire\n>p2 switch 6\n>p1 switch 2\n>p2 move stealthrock\n>p1 move airslash\n>p2 move lavaplume\n>p1 move leechseed\n>p2 move lavaplume\n>p1 switch 5\n>p1 move thunderbolt\n>p2 move yawn\n>p1 switch 2\n>p2 switch 6\n>p1 move sacredfire\n>p2 move psychicnoise\n>p2 switch 6\n>p1 move sacredfire\n>p2 move lavaplume\n>p1 switch 2\n>p1 move thunderbolt\n>p2 move recover\n>p2 switch 3\n>p1 switch 3\n>p2 move gigadrain\n>p1 move dragontail\n>p2 switch 2\n>p1 move dracometeor\n>p2 move partingshot\n>p2 switch 4\n>p1 switch 6\n>p2 move earthquake\n>p1 move bravebird\n>p2 move knockoff\n>p2 switch 2\n>p1 move bravebird\n>p2 move icebeam\n>p2 switch 4\n>p1 move bravebird\n>p2 move partingshot\n>p1 switch 6\n>p2 switch 5\n>p1 move fireblast\n>p2 move swordsdance\n>p1 move fireblast\n>p2 move behemothblade", "uploadtime": 1781450297, "views": 4, "formatid": "gen9randombattle", "rating": null, "private": 0, "password": null}