{"id": "gen9randombattle-2631931080", "format": "[Gen 9] Random Battle", "players": ["fick runk", "schleeby"], "log": "|j|\u2606fick runk\n|j|\u2606schleeby\n|t:|1781456929\n|gametype|singles\n|player|p1|fick runk|parasollady|1997\n|player|p2|schleeby|rosa|2039\n|gen|9\n|tier|[Gen 9] Random Battle\n|rated|\n|rule|Species Clause: Limit one of each Pok\u00e9mon\n|rule|HP Percentage Mod: HP is shown in percentages\n|rule|Sleep Clause Mod: Limit one foe put to sleep\n|rule|Illusion Level Mod: Illusion disguises the Pok\u00e9mon's true level\n|\n|t:|1781456929\n|teamsize|p1|6\n|teamsize|p2|6\n|start\n|switch|p1a: Misdreavus|Misdreavus, L90, F|254/254\n|switch|p2a: Copperajah|Copperajah, L86, M|350/350\n|turn|1\n|inactive|Battle timer is ON: inactive players will automatically lose when time's up. (requested by fick runk)\n|\n|t:|1781456937\n|switch|p2a: Scream Tail|Scream Tail, L84|330/330\n|move|p1a: Misdreavus|Will-O-Wisp|p2a: Scream Tail\n|-status|p2a: Scream Tail|brn\n|\n|-damage|p2a: Scream Tail|310/330 brn|[from] brn\n|upkeep\n|turn|2\n|\n|t:|1781456940\n|switch|p1a: Venusaur|Venusaur, L84, M|272/272\n|move|p2a: Scream Tail|Thunder Wave|p1a: Venusaur\n|-status|p1a: Venusaur|par\n|\n|-heal|p2a: Scream Tail|330/330 brn|[from] item: Leftovers\n|-damage|p2a: Scream Tail|310/330 brn|[from] brn\n|upkeep\n|turn|3\n|\n|t:|1781456945\n|-end|p2a: Scream Tail|Protosynthesis|[silent]\n|switch|p2a: Copperajah|Copperajah, L86, M|350/350\n|move|p1a: Venusaur|Sleep Powder|p2a: Copperajah|[miss]\n|-miss|p1a: Venusaur|p2a: Copperajah\n|\n|upkeep\n|turn|4\n|\n|t:|1781456949\n|switch|p1a: Hariyama|Hariyama, L87, M|392/392\n|move|p2a: Copperajah|Heavy Slam|p1a: Hariyama\n|-damage|p1a: Hariyama|98/392\n|\n|-status|p1a: Hariyama|brn|[from] item: Flame Orb\n|upkeep\n|turn|5\n|\n|t:|1781456956\n|switch|p2a: Hippowdon|Hippowdon, L82, F|311/311\n|-weather|Sandstorm|[from] ability: Sand Stream|[of] p2a: Hippowdon\n|move|p1a: Hariyama|Headlong Rush|p2a: Hippowdon\n|-damage|p2a: Hippowdon|175/311\n|-unboost|p1a: Hariyama|def|1\n|-unboost|p1a: Hariyama|spd|1\n|-damage|p1a: Hariyama|33/392 brn|[from] item: Rocky Helmet|[of] p2a: Hippowdon\n|\n|-weather|Sandstorm|[upkeep]\n|-damage|p1a: Hariyama|9/392 brn|[from] Sandstorm\n|-damage|p1a: Hariyama|0 fnt|[from] brn\n|faint|p1a: Hariyama\n|upkeep\n|\n|t:|1781456961\n|switch|p1a: Landorus|Landorus-Therian, L76, M|260/260\n|-ability|p1a: Landorus|Intimidate|boost\n|-unboost|p2a: Hippowdon|atk|1\n|turn|6\n|\n|t:|1781456965\n|move|p1a: Landorus|Stealth Rock|p2a: Hippowdon\n|-sidestart|p2: schleeby|move: Stealth Rock\n|move|p2a: Hippowdon|Stealth Rock|p1a: Landorus\n|-sidestart|p1: fick runk|move: Stealth Rock\n|\n|-weather|Sandstorm|[upkeep]\n|upkeep\n|turn|7\n|\n|t:|1781456970\n|switch|p1a: Mightyena|Mightyena, L96, F|290/290\n|-damage|p1a: Mightyena|254/290|[from] Stealth Rock\n|-ability|p1a: Mightyena|Intimidate|boost\n|-unboost|p2a: Hippowdon|atk|1\n|switch|p2a: Crabominable|Crabominable, L90, F|321/321\n|-damage|p2a: Crabominable|281/321|[from] Stealth Rock\n|\n|-weather|Sandstorm|[upkeep]\n|-damage|p1a: Mightyena|236/290|[from] Sandstorm\n|-damage|p2a: Crabominable|261/321|[from] Sandstorm\n|upkeep\n|turn|8\n|\n|t:|1781456978\n|switch|p1a: Misdreavus|Misdreavus, L90, F|254/254\n|-damage|p1a: Misdreavus|223/254|[from] Stealth Rock\n|move|p2a: Crabominable|Ice Hammer|p1a: Misdreavus\n|-damage|p1a: Misdreavus|0 fnt\n|-unboost|p2a: Crabominable|spe|1\n|faint|p1a: Misdreavus\n|\n|-weather|Sandstorm|[upkeep]\n|-damage|p2a: Crabominable|241/321|[from] Sandstorm\n|upkeep\n|-message|fick runk forfeited.\n|\n|win|schleeby\n", "inputlog": ">version a8376a258c1d4662feba110a92103f3664a72141\n>start {\"formatid\":\"gen9randombattle\",\"seed\":\"sodium,6ee44aa0166b25affea4cc334f3bfedc\",\"rated\":\"Rated battle\"}\n>player p1 {\"name\":\"fick runk\",\"avatar\":\"parasollady\",\"rating\":1997,\"seed\":\"sodium,9d4500346e8fa14e0028acb0435a1670\"}\n>player p2 {\"name\":\"schleeby\",\"avatar\":\"rosa\",\"rating\":2039,\"seed\":\"sodium,97eaec5a01a96957e80d33e5a9499969\"}\n>p1 move willowisp\n>p2 switch 4\n>p1 switch 6\n>p2 move thunderwave\n>p1 move sleeppowder\n>p2 switch 4\n>p1 switch 5\n>p2 move heavyslam\n>p1 move headlongrush\n>p2 switch 2\n>p1 switch 2\n>p1 move stealthrock\n>p2 move stealthrock\n>p1 switch 4\n>p2 switch 3\n>p1 switch 6\n>p2 move icehammer\n>forcelose p1", "uploadtime": 1781456931, "views": 4, "formatid": "gen9randombattle", "rating": null, "private": 0, "password": null}