{"id": "gen9randombattle-2631581396", "format": "[Gen 9] Random Battle", "players": ["Gen 1 was fun", "shortsleeveamerica"], "log": "|j|\u2606Gen 1 was fun\n|j|\u2606shortsleeveamerica\n|t:|1781404285\n|gametype|singles\n|player|p1|Gen 1 was fun|pokemaniac|1336\n|player|p2|shortsleeveamerica|morty|1358\n|gen|9\n|tier|[Gen 9] Random Battle\n|rated|\n|rule|Species Clause: Limit one of each Pok\u00e9mon\n|rule|HP Percentage Mod: HP is shown in percentages\n|rule|Sleep Clause Mod: Limit one foe put to sleep\n|rule|Illusion Level Mod: Illusion disguises the Pok\u00e9mon's true level\n|\n|t:|1781404285\n|teamsize|p1|6\n|teamsize|p2|6\n|start\n|switch|p1a: Heatran|Heatran, L79, F|273/273\n|switch|p2a: Palossand|Palossand, L89, F|296/296\n|-item|p1a: Heatran|Air Balloon\n|turn|1\n|inactive|Battle timer is ON: inactive players will automatically lose when time's up. (requested by shortsleeveamerica)\n|\n|t:|1781404294\n|move|p1a: Heatran|Stealth Rock|p2a: Palossand\n|-sidestart|p2: shortsleeveamerica|move: Stealth Rock\n|move|p2a: Palossand|Shadow Ball|p1a: Heatran\n|-damage|p1a: Heatran|188/273\n|-enditem|p1a: Heatran|Air Balloon\n|\n|upkeep\n|turn|2\n|\n|t:|1781404305\n|switch|p1a: Eternatus|Eternatus, L69|308/308\n|-ability|p1a: Eternatus|Pressure\n|move|p2a: Palossand|Stealth Rock|p1a: Eternatus\n|-sidestart|p1: Gen 1 was fun|move: Stealth Rock\n|\n|upkeep\n|turn|3\n|\n|t:|1781404310\n|move|p1a: Eternatus|Fire Blast|p2a: Palossand\n|-damage|p2a: Palossand|216/296\n|move|p2a: Palossand|Earth Power|p1a: Eternatus\n|-supereffective|p1a: Eternatus\n|-damage|p1a: Eternatus|66/308\n|\n|-heal|p2a: Palossand|234/296|[from] item: Leftovers\n|upkeep\n|turn|4\n|\n|t:|1781404312\n|move|p1a: Eternatus|Recover|p1a: Eternatus\n|-heal|p1a: Eternatus|220/308\n|move|p2a: Palossand|Earth Power|p1a: Eternatus\n|-supereffective|p1a: Eternatus\n|-damage|p1a: Eternatus|0 fnt\n|faint|p1a: Eternatus\n|\n|-heal|p2a: Palossand|252/296|[from] item: Leftovers\n|upkeep\n|\n|t:|1781404314\n|switch|p1a: Golurk|Golurk, L87|297/297\n|-damage|p1a: Golurk|279/297|[from] Stealth Rock\n|turn|5\n|\n|t:|1781404318\n|move|p1a: Golurk|Poltergeist|p2a: Palossand\n|-activate|p2a: Palossand|move: Poltergeist|Leftovers\n|-supereffective|p2a: Palossand\n|-damage|p2a: Palossand|0 fnt\n|faint|p2a: Palossand\n|\n|upkeep\n|\n|t:|1781404324\n|switch|p2a: Necrozma|Necrozma-Dawn-Wings, L76|272/272\n|-damage|p2a: Necrozma|238/272|[from] Stealth Rock\n|turn|6\n|\n|t:|1781404326\n|move|p2a: Necrozma|Moongeist Beam|p1a: Golurk\n|-supereffective|p1a: Golurk\n|-damage|p1a: Golurk|0 fnt\n|faint|p1a: Golurk\n|-damage|p2a: Necrozma|211/272|[from] item: Life Orb\n|\n|upkeep\n|\n|t:|1781404328\n|switch|p1a: Heatran|Heatran, L79, F|188/273\n|-damage|p1a: Heatran|154/273|[from] Stealth Rock\n|turn|7\n|\n|t:|1781404336\n|move|p1a: Heatran|Heavy Slam|p2a: Necrozma\n|-damage|p2a: Necrozma|175/272\n|move|p2a: Necrozma|Dragon Dance|p2a: Necrozma\n|-boost|p2a: Necrozma|atk|1\n|-boost|p2a: Necrozma|spe|1\n|\n|upkeep\n|turn|8\n|\n|t:|1781404351\n|switch|p1a: Muk|Muk-Alola, L82, F|306/306\n|-damage|p1a: Muk|268/306|[from] Stealth Rock\n|move|p2a: Necrozma|Brick Break|p1a: Muk\n|-damage|p1a: Muk|158/306\n|-damage|p2a: Necrozma|148/272|[from] item: Life Orb\n|\n|upkeep\n|turn|9\n|\n|t:|1781404362\n|-terastallize|p2a: Necrozma|Fighting\n|move|p2a: Necrozma|Brick Break|p1a: Muk\n|-damage|p1a: Muk|0 fnt\n|faint|p1a: Muk\n|-damage|p2a: Necrozma|121/272|[from] item: Life Orb\n|\n|upkeep\n|\n|t:|1781404373\n|switch|p1a: Lapras|Lapras, L87, F|367/367\n|-damage|p1a: Lapras|276/367|[from] Stealth Rock\n|turn|10\n|\n|t:|1781404379\n|move|p2a: Necrozma|Photon Geyser|p1a: Lapras\n|-damage|p1a: Lapras|84/367\n|-damage|p2a: Necrozma|94/272|[from] item: Life Orb\n|move|p1a: Lapras|Dragon Dance|p1a: Lapras\n|-boost|p1a: Lapras|atk|1\n|-boost|p1a: Lapras|spe|1\n|\n|upkeep\n|turn|11\n|\n|t:|1781404394\n|-terastallize|p1a: Lapras|Ground\n|move|p2a: Necrozma|Photon Geyser|p1a: Lapras\n|-damage|p1a: Lapras|0 fnt\n|faint|p1a: Lapras\n|-damage|p2a: Necrozma|67/272|[from] item: Life Orb\n|\n|upkeep\n|c|\u2606Gen 1 was fun|imagine u not being gey?\n|-message|Gen 1 was fun forfeited.\n|\n|win|shortsleeveamerica\n|raw|Gen 1 was fun's rating: 1336 &rarr; <strong>1317</strong><br />(-19 for losing)\n|raw|shortsleeveamerica's rating: 1358 &rarr; <strong>1377</strong><br />(+19 for winning)\n|l|\u2606Gen 1 was fun\n|player|p1|\n|c|\u2606shortsleeveamerica|i dunno why he's mad\n|c|\u2606shortsleeveamerica|im not the guy who switched eternatus in on a ground type\n|c|\u2606shortsleeveamerica|lmao\n", "uploadtime": 1781404438, "views": 6, "formatid": "gen9randombattle", "rating": 1317, "private": 0, "password": null}