{"id": "gen9randombattle-2631746385", "format": "[Gen 9] Random Battle", "players": ["PineappleCats", "L4V"], "log": "|j|\u2606PineappleCats\n|j|\u2606L4V\n|t:|1781432912\n|gametype|singles\n|player|p1|PineappleCats|giovanni|1912\n|player|p2|L4V|psychic-gen6|1970\n|gen|9\n|tier|[Gen 9] Random Battle\n|rated|\n|rule|Species Clause: Limit one of each Pok\u00e9mon\n|rule|HP Percentage Mod: HP is shown in percentages\n|rule|Sleep Clause Mod: Limit one foe put to sleep\n|rule|Illusion Level Mod: Illusion disguises the Pok\u00e9mon's true level\n|\n|t:|1781432912\n|teamsize|p1|6\n|teamsize|p2|6\n|start\n|switch|p1a: Volbeat|Volbeat, L90, M|263/263\n|switch|p2a: Magcargo|Magcargo, L95, F|268/268\n|turn|1\n|inactive|Battle timer is ON: inactive players will automatically lose when time's up. (requested by L4V)\n|inactive|PineappleCats also wants the timer to be on.\n|\n|t:|1781432917\n|move|p1a: Volbeat|U-turn|p2a: Magcargo\n|-resisted|p2a: Magcargo\n|-damage|p2a: Magcargo|244/268\n|-ability|p2a: Magcargo|Weak Armor|boost\n|-unboost|p2a: Magcargo|def|1\n|-boost|p2a: Magcargo|spe|2\n|\n|t:|1781432922\n|switch|p1a: Krookodile|Krookodile, L79, M|280/280|[from] U-turn\n|-ability|p1a: Krookodile|Intimidate|boost\n|-unboost|p2a: Magcargo|atk|1\n|move|p2a: Magcargo|Fire Blast|p1a: Krookodile\n|-damage|p1a: Krookodile|111/280\n|\n|upkeep\n|turn|2\n|\n|t:|1781432931\n|switch|p1a: Muk|Muk-Alola, L82, F|306/306\n|move|p2a: Magcargo|Fire Blast|p1a: Muk\n|-damage|p1a: Muk|218/306\n|\n|upkeep\n|turn|3\n|\n|t:|1781432941\n|move|p2a: Magcargo|Earth Power|p1a: Muk\n|-supereffective|p1a: Muk\n|-damage|p1a: Muk|124/306\n|move|p1a: Muk|Drain Punch|p2a: Magcargo\n|-supereffective|p2a: Magcargo\n|-damage|p2a: Magcargo|140/268\n|-heal|p1a: Muk|176/306|[from] drain|[of] p2a: Magcargo\n|-ability|p2a: Magcargo|Weak Armor|boost\n|-unboost|p2a: Magcargo|def|1\n|-boost|p2a: Magcargo|spe|2\n|-status|p2a: Magcargo|psn|[from] ability: Poison Touch|[of] p1a: Muk\n|\n|-damage|p2a: Magcargo|107/268 psn|[from] psn\n|upkeep\n|turn|4\n|\n|t:|1781432944\n|move|p2a: Magcargo|Earth Power|p1a: Muk\n|-supereffective|p1a: Muk\n|-damage|p1a: Muk|78/306\n|-unboost|p1a: Muk|spd|1\n|move|p1a: Muk|Drain Punch|p2a: Magcargo\n|-supereffective|p2a: Magcargo\n|-damage|p2a: Magcargo|0 fnt\n|-heal|p1a: Muk|132/306|[from] drain|[of] p2a: Magcargo\n|faint|p2a: Magcargo\n|\n|upkeep\n|\n|t:|1781432955\n|switch|p2a: Abomasnow|Abomasnow, L84, M|287/287\n|-weather|Snowscape|[from] ability: Snow Warning|[of] p2a: Abomasnow\n|turn|5\n|\n|t:|1781432960\n|move|p2a: Abomasnow|Earthquake|p1a: Muk\n|-supereffective|p1a: Muk\n|-damage|p1a: Muk|0 fnt\n|faint|p1a: Muk\n|\n|-weather|Snowscape|[upkeep]\n|upkeep\n|\n|t:|1781432970\n|switch|p1a: Volbeat|Volbeat, L90, M|263/263\n|turn|6\n|\n|t:|1781432981\n|move|p1a: Volbeat|U-turn|p2a: Abomasnow\n|-supereffective|p2a: Abomasnow\n|-damage|p2a: Abomasnow|189/287\n|\n|t:|1781432983\n|switch|p1a: Regice|Regice, L88|284/284|[from] U-turn\n|move|p2a: Abomasnow|Aurora Veil|p2a: Abomasnow\n|-sidestart|p2: L4V|move: Aurora Veil\n|\n|-weather|Snowscape|[upkeep]\n|upkeep\n|turn|7\n|\n|t:|1781432993\n|move|p2a: Abomasnow|Wood Hammer|p1a: Regice\n|-crit|p1a: Regice\n|-damage|p1a: Regice|173/284\n|-damage|p2a: Abomasnow|152/287|[from] Recoil\n|move|p1a: Regice|Ice Beam|p2a: Abomasnow\n|-damage|p2a: Abomasnow|92/287\n|\n|-weather|Snowscape|[upkeep]\n|upkeep\n|turn|8\n|\n|t:|1781432996\n|move|p2a: Abomasnow|Wood Hammer|p1a: Regice\n|-damage|p1a: Regice|104/284\n|-damage|p2a: Abomasnow|69/287|[from] Recoil\n|move|p1a: Regice|Ice Beam|p2a: Abomasnow\n|-crit|p2a: Abomasnow\n|-damage|p2a: Abomasnow|0 fnt\n|faint|p2a: Abomasnow\n|\n|-weather|Snowscape|[upkeep]\n|upkeep\n|\n|t:|1781432999\n|switch|p2a: Spectrier|Spectrier, L75|274/274\n|turn|9\n|\n|t:|1781433002\n|move|p2a: Spectrier|Substitute|p2a: Spectrier\n|-start|p2a: Spectrier|Substitute\n|-damage|p2a: Spectrier|206/274\n|move|p1a: Regice|Rest|p1a: Regice\n|-status|p1a: Regice|slp|[from] move: Rest\n|-heal|p1a: Regice|284/284 slp|[silent]\n|\n|-weather|none\n|-heal|p2a: Spectrier|223/274|[from] item: Leftovers\n|upkeep\n|turn|10\n|\n|t:|1781433005\n|switch|p1a: Volbeat|Volbeat, L90, M|263/263\n|move|p2a: Spectrier|Nasty Plot|p2a: Spectrier\n|-boost|p2a: Spectrier|spa|2\n|\n|-heal|p2a: Spectrier|240/274|[from] item: Leftovers\n|upkeep\n|turn|11\n|\n|t:|1781433008\n|move|p1a: Volbeat|Encore|p2a: Spectrier\n|-start|p2a: Spectrier|Encore\n|move|p2a: Spectrier|Nasty Plot|p2a: Spectrier\n|-boost|p2a: Spectrier|spa|2\n|\n|-heal|p2a: Spectrier|257/274|[from] item: Leftovers\n|upkeep\n|turn|12\n|\n|t:|1781433017\n|switch|p1a: Krookodile|Krookodile, L79, M|111/280\n|-ability|p1a: Krookodile|Intimidate|boost\n|-immune|p2a: Spectrier\n|move|p2a: Spectrier|Nasty Plot|p2a: Spectrier\n|-boost|p2a: Spectrier|spa|2\n|\n|-heal|p2a: Spectrier|274/274|[from] item: Leftovers\n|upkeep\n|turn|13\n|\n|t:|1781433019\n|move|p2a: Spectrier|Nasty Plot|p2a: Spectrier\n|-boost|p2a: Spectrier|spa|0\n|move|p1a: Krookodile|Knock Off|p2a: Spectrier\n|-supereffective|p2a: Spectrier\n|-end|p2a: Spectrier|Substitute\n|\n|-end|p2a: Spectrier|Encore\n|-sideend|p2: L4V|move: Aurora Veil\n|upkeep\n|turn|14\n|\n|t:|1781433024\n|move|p2a: Spectrier|Shadow Ball|p1a: Krookodile\n|-resisted|p1a: Krookodile\n|-damage|p1a: Krookodile|0 fnt\n|faint|p1a: Krookodile\n|\n|upkeep\n|\n|t:|1781433028\n|switch|p1a: Volbeat|Volbeat, L90, M|263/263\n|turn|15\n|\n|t:|1781433030\n|move|p1a: Volbeat|Thunder Wave|p2a: Spectrier\n|-status|p2a: Spectrier|par\n|move|p2a: Spectrier|Shadow Ball|p1a: Volbeat\n|-damage|p1a: Volbeat|0 fnt\n|faint|p1a: Volbeat\n|\n|upkeep\n|\n|t:|1781433035\n|switch|p1a: Iron Leaves|Iron Leaves, L80|275/275\n|turn|16\n|\n|t:|1781433038\n|move|p1a: Iron Leaves|Leaf Blade|p2a: Spectrier\n|-damage|p2a: Spectrier|52/274 par\n|-damage|p1a: Iron Leaves|248/275|[from] item: Life Orb\n|move|p2a: Spectrier|Shadow Ball|p1a: Iron Leaves\n|-supereffective|p1a: Iron Leaves\n|-damage|p1a: Iron Leaves|0 fnt\n|faint|p1a: Iron Leaves\n|-end|p1a: Iron Leaves|Quark Drive|[silent]\n|\n|-heal|p2a: Spectrier|69/274 par|[from] item: Leftovers\n|upkeep\n|\n|t:|1781433040\n|switch|p1a: Arceus|Arceus-Fairy, L69|280/280\n|turn|17\n|\n|t:|1781433042\n|move|p1a: Arceus|Judgment|p2a: Spectrier\n|-damage|p2a: Spectrier|0 fnt\n|faint|p2a: Spectrier\n|\n|upkeep\n|\n|t:|1781433050\n|switch|p2a: Oricorio|Oricorio-Pom-Pom, L82, F|257/257\n|turn|18\n|\n|t:|1781433055\n|move|p1a: Arceus|Calm Mind|p1a: Arceus\n|-boost|p1a: Arceus|spa|1\n|-boost|p1a: Arceus|spd|1\n|move|p2a: Oricorio|Quiver Dance|p2a: Oricorio\n|-boost|p2a: Oricorio|spa|1\n|-boost|p2a: Oricorio|spd|1\n|-boost|p2a: Oricorio|spe|1\n|\n|upkeep\n|turn|19\n|\n|t:|1781433063\n|switch|p2a: Lumineon|Lumineon, L93, M|279/279\n|move|p1a: Arceus|Calm Mind|p1a: Arceus\n|-boost|p1a: Arceus|spa|1\n|-boost|p1a: Arceus|spd|1\n|\n|upkeep\n|turn|20\n|\n|t:|1781433068\n|switch|p1a: Regice|Regice, L88|284/284 slp\n|move|p2a: Lumineon|Encore||[still]\n|-fail|p2a: Lumineon\n|\n|upkeep\n|turn|21\n|\n|t:|1781433078\n|move|p2a: Lumineon|Hydro Pump|p1a: Regice\n|-damage|p1a: Regice|214/284 slp\n|-damage|p2a: Lumineon|252/279|[from] item: Life Orb\n|cant|p1a: Regice|slp\n|move|p1a: Regice|Sleep Talk|p1a: Regice\n|move|p1a: Regice|Thunderbolt|p2a: Lumineon|[from] move: Sleep Talk\n|-supereffective|p2a: Lumineon\n|-damage|p2a: Lumineon|124/279\n|\n|upkeep\n|turn|22\n|\n|t:|1781433084\n|switch|p2a: Hydreigon|Hydreigon, L79, F|275/275\n|cant|p1a: Regice|slp\n|move|p1a: Regice|Sleep Talk|p1a: Regice\n|move|p1a: Regice|Thunderbolt|p2a: Hydreigon|[from] move: Sleep Talk\n|-resisted|p2a: Hydreigon\n|-damage|p2a: Hydreigon|239/275\n|-status|p2a: Hydreigon|par\n|\n|upkeep\n|turn|23\n|\n|t:|1781433089\n|-curestatus|p1a: Regice|slp|[msg]\n|move|p1a: Regice|Ice Beam|p2a: Hydreigon\n|-supereffective|p2a: Hydreigon\n|-damage|p2a: Hydreigon|3/275 par\n|move|p2a: Hydreigon|Flash Cannon|p1a: Regice\n|-supereffective|p1a: Regice\n|-damage|p1a: Regice|130/284\n|\n|upkeep\n|turn|24\n|\n|t:|1781433097\n|move|p1a: Regice|Ice Beam|p2a: Hydreigon\n|-supereffective|p2a: Hydreigon\n|-damage|p2a: Hydreigon|0 fnt\n|faint|p2a: Hydreigon\n|\n|upkeep\n|\n|t:|1781433100\n|switch|p2a: Oricorio|Oricorio-Pom-Pom, L82, F|257/257\n|turn|25\n|\n|t:|1781433107\n|switch|p1a: Arceus|Arceus-Fairy, L69|280/280\n|move|p2a: Oricorio|Quiver Dance|p2a: Oricorio\n|-boost|p2a: Oricorio|spa|1\n|-boost|p2a: Oricorio|spd|1\n|-boost|p2a: Oricorio|spe|1\n|\n|upkeep\n|turn|26\n|\n|t:|1781433110\n|move|p2a: Oricorio|Hurricane|p1a: Arceus\n|-damage|p1a: Arceus|117/280\n|move|p1a: Arceus|Calm Mind|p1a: Arceus\n|-boost|p1a: Arceus|spa|1\n|-boost|p1a: Arceus|spd|1\n|\n|upkeep\n|turn|27\n|\n|t:|1781433114\n|move|p2a: Oricorio|Hurricane|p1a: Arceus|[miss]\n|-miss|p2a: Oricorio|p1a: Arceus\n|move|p1a: Arceus|Recover|p1a: Arceus\n|-heal|p1a: Arceus|257/280\n|\n|upkeep\n|turn|28\n|\n|t:|1781433118\n|switch|p2a: Lumineon|Lumineon, L93, M|124/279\n|move|p1a: Arceus|Judgment|p2a: Lumineon\n|-damage|p2a: Lumineon|0 fnt\n|faint|p2a: Lumineon\n|\n|upkeep\n|\n|t:|1781433120\n|switch|p2a: Oricorio|Oricorio-Pom-Pom, L82, F|257/257\n|turn|29\n|\n|t:|1781433123\n|move|p1a: Arceus|Calm Mind|p1a: Arceus\n|-boost|p1a: Arceus|spa|1\n|-boost|p1a: Arceus|spd|1\n|move|p2a: Oricorio|Quiver Dance|p2a: Oricorio\n|-boost|p2a: Oricorio|spa|1\n|-boost|p2a: Oricorio|spd|1\n|-boost|p2a: Oricorio|spe|1\n|\n|upkeep\n|turn|30\n|\n|t:|1781433125\n|move|p2a: Oricorio|Quiver Dance|p2a: Oricorio\n|-boost|p2a: Oricorio|spa|1\n|-boost|p2a: Oricorio|spd|1\n|-boost|p2a: Oricorio|spe|1\n|move|p1a: Arceus|Calm Mind|p1a: Arceus\n|-boost|p1a: Arceus|spa|1\n|-boost|p1a: Arceus|spd|1\n|\n|upkeep\n|turn|31\n|\n|t:|1781433127\n|move|p2a: Oricorio|Quiver Dance|p2a: Oricorio\n|-boost|p2a: Oricorio|spa|1\n|-boost|p2a: Oricorio|spd|1\n|-boost|p2a: Oricorio|spe|1\n|move|p1a: Arceus|Calm Mind|p1a: Arceus\n|-boost|p1a: Arceus|spa|1\n|-boost|p1a: Arceus|spd|1\n|\n|upkeep\n|turn|32\n|\n|t:|1781433128\n|move|p2a: Oricorio|Quiver Dance|p2a: Oricorio\n|-boost|p2a: Oricorio|spa|1\n|-boost|p2a: Oricorio|spd|1\n|-boost|p2a: Oricorio|spe|1\n|move|p1a: Arceus|Calm Mind|p1a: Arceus\n|-boost|p1a: Arceus|spa|1\n|-boost|p1a: Arceus|spd|1\n|\n|upkeep\n|turn|33\n|\n|t:|1781433130\n|move|p2a: Oricorio|Quiver Dance|p2a: Oricorio\n|-boost|p2a: Oricorio|spa|1\n|-boost|p2a: Oricorio|spd|1\n|-boost|p2a: Oricorio|spe|1\n|move|p1a: Arceus|Calm Mind|p1a: Arceus\n|-boost|p1a: Arceus|spa|1\n|-boost|p1a: Arceus|spd|1\n|\n|upkeep\n|turn|34\n|\n|t:|1781433132\n|move|p2a: Oricorio|Quiver Dance|p2a: Oricorio\n|-boost|p2a: Oricorio|spa|1\n|-boost|p2a: Oricorio|spd|1\n|-boost|p2a: Oricorio|spe|1\n|move|p1a: Arceus|Judgment|p2a: Oricorio\n|-damage|p2a: Oricorio|143/257\n|\n|upkeep\n|turn|35\n|\n|t:|1781433135\n|move|p2a: Oricorio|Hurricane|p1a: Arceus\n|-damage|p1a: Arceus|160/280\n|-start|p1a: Arceus|confusion\n|-activate|p1a: Arceus|confusion\n|move|p1a: Arceus|Judgment|p2a: Oricorio\n|-damage|p2a: Oricorio|8/257\n|\n|upkeep\n|turn|36\n|\n|t:|1781433141\n|move|p2a: Oricorio|Roost|p2a: Oricorio\n|-heal|p2a: Oricorio|137/257\n|-singleturn|p2a: Oricorio|move: Roost\n|-end|p1a: Arceus|confusion\n|move|p1a: Arceus|Judgment|p2a: Oricorio\n|-damage|p2a: Oricorio|2/257\n|\n|upkeep\n|turn|37\n|\n|t:|1781433144\n|move|p2a: Oricorio|Roost|p2a: Oricorio\n|-heal|p2a: Oricorio|131/257\n|-singleturn|p2a: Oricorio|move: Roost\n|move|p1a: Arceus|Judgment|p2a: Oricorio\n|-damage|p2a: Oricorio|5/257\n|\n|upkeep\n|turn|38\n|\n|t:|1781433149\n|move|p2a: Oricorio|Roost|p2a: Oricorio\n|-heal|p2a: Oricorio|134/257\n|-singleturn|p2a: Oricorio|move: Roost\n|move|p1a: Arceus|Judgment|p2a: Oricorio\n|-damage|p2a: Oricorio|10/257\n|\n|upkeep\n|turn|39\n|\n|t:|1781433152\n|move|p2a: Oricorio|Hurricane|p1a: Arceus|[miss]\n|-miss|p2a: Oricorio|p1a: Arceus\n|move|p1a: Arceus|Judgment|p2a: Oricorio\n|-damage|p2a: Oricorio|0 fnt\n|faint|p2a: Oricorio\n|\n|win|PineappleCats\n", "inputlog": ">version a8376a258c1d4662feba110a92103f3664a72141\n>start {\"formatid\":\"gen9randombattle\",\"seed\":\"sodium,c215b4cf1136d43bcbd9f344aff85901\",\"rated\":\"Rated battle\"}\n>player p1 {\"name\":\"PineappleCats\",\"avatar\":\"giovanni\",\"rating\":1912,\"seed\":\"sodium,94f15b934ae79246a9ac036c3f335d00\"}\n>player p2 {\"name\":\"L4V\",\"avatar\":\"psychic-gen6\",\"rating\":1970,\"seed\":\"sodium,7669f44c80d70984476352ddc84a7274\"}\n>p1 move uturn\n>p2 move fireblast\n>p1 switch 3\n>p1 switch 5\n>p2 move fireblast\n>p1 move drainpunch\n>p2 move earthpower\n>p1 move drainpunch\n>p2 move earthpower\n>p2 switch 3\n>p1 move gunkshot\n>p2 move earthquake\n>p1 switch 3\n>p1 move uturn\n>p2 move auroraveil\n>p1 switch 4\n>p1 move icebeam\n>p2 move woodhammer\n>p1 move icebeam\n>p2 move woodhammer\n>p2 switch 2\n>p1 move rest\n>p2 move substitute\n>p1 switch 4\n>p2 move nastyplot\n>p1 move encore\n>p2 move shadowball\n>p1 switch 5\n>p2 move nastyplot\n>p1 move knockoff\n>p2 move nastyplot\n>p1 move knockoff\n>p2 move shadowball\n>p1 switch 5\n>p1 move thunderwave\n>p2 move shadowball\n>p1 switch 2\n>p1 move leafblade\n>p2 move shadowball\n>p1 switch 6\n>p1 move judgment\n>p2 move shadowball\n>p2 switch 5\n>p1 move calmmind\n>p2 move quiverdance\n>p1 move calmmind\n>p2 switch 6\n>p1 switch 4\n>p2 move encore\n>p1 move sleeptalk\n>p2 move hydropump\n>p1 move sleeptalk\n>p2 switch 4\n>p1 move icebeam\n>p2 move flashcannon\n>p1 move icebeam\n>p2 move flashcannon\n>p2 switch 6\n>p1 switch 4\n>p2 move quiverdance\n>p1 move calmmind\n>p2 move hurricane\n>p1 move recover\n>p2 move hurricane\n>p1 move judgment\n>p2 switch 4\n>p2 switch 4\n>p1 move calmmind\n>p2 move quiverdance\n>p1 move calmmind\n>p2 move quiverdance\n>p1 move calmmind\n>p2 move quiverdance\n>p1 move calmmind\n>p2 move quiverdance\n>p1 move calmmind\n>p2 move quiverdance\n>p1 move judgment\n>p2 move quiverdance\n>p1 move judgment\n>p2 move hurricane\n>p1 move judgment\n>p2 move roost\n>p1 move judgment\n>p2 move roost\n>p1 move judgment\n>p2 move roost\n>p1 move judgment\n>p2 move hurricane", "uploadtime": 1781432913, "views": 4, "formatid": "gen9randombattle", "rating": null, "private": 0, "password": null}