{"id": "gen9randombattle-2631748983", "format": "[Gen 9] Random Battle", "players": ["FrankRayquaza", "Dizay976"], "log": "|badge|p1|silver|gen9randombattle|30-9\n|uhtml|medal-msg|<div class=\"broadcast-blue\">Curious what those medals under the avatar are? PS now has Ladder Seasons! For more information, check out the <a href=\"https://www.smogon.com/forums/threads/3740067/\">thread on Smogon.</a></div>\n|j|\u2606FrankRayquaza\n|j|\u2606Dizay976\n|t:|1781433362\n|gametype|singles\n|player|p1|FrankRayquaza|cheren-gen5bw2|2322\n|player|p2|Dizay976|sabrina-masters|2311\n|gen|9\n|tier|[Gen 9] Random Battle\n|rated|\n|rule|Species Clause: Limit one of each Pok\u00e9mon\n|rule|HP Percentage Mod: HP is shown in percentages\n|rule|Sleep Clause Mod: Limit one foe put to sleep\n|rule|Illusion Level Mod: Illusion disguises the Pok\u00e9mon's true level\n|\n|t:|1781433362\n|teamsize|p1|6\n|teamsize|p2|6\n|start\n|switch|p1a: Toxicroak|Toxicroak, L84, M|277/277\n|switch|p2a: Houndoom|Houndoom, L87, M|272/272\n|turn|1\n|j| goldfish1998\n|l| goldfish1998\n|\n|t:|1781433410\n|switch|p1a: Komala|Komala, L88, F|258/258\n|-ability|p1a: Komala|Comatose\n|move|p2a: Houndoom|Fire Blast|p1a: Komala\n|-damage|p1a: Komala|177/258\n|\n|upkeep\n|turn|2\n|\n|t:|1781433428\n|switch|p2a: Salamence|Salamence, L77, M|273/273\n|move|p1a: Komala|Knock Off|p2a: Salamence\n|-damage|p2a: Salamence|173/273\n|-enditem|p2a: Salamence|Heavy-Duty Boots|[from] move: Knock Off|[of] p1a: Komala\n|\n|upkeep\n|turn|3\n|\n|t:|1781433439\n|switch|p1a: Mightyena|Mightyena, L96, F|290/290\n|-ability|p1a: Mightyena|Intimidate|boost\n|-unboost|p2a: Salamence|atk|1\n|move|p2a: Salamence|Dragon Dance|p2a: Salamence\n|-boost|p2a: Salamence|atk|1\n|-boost|p2a: Salamence|spe|1\n|\n|upkeep\n|turn|4\n|\n|t:|1781433458\n|switch|p2a: Luxray|Luxray, L88, F|283/283\n|move|p1a: Mightyena|Crunch|p2a: Luxray\n|-damage|p2a: Luxray|175/283\n|-unboost|p2a: Luxray|def|1\n|\n|-status|p2a: Luxray|brn|[from] item: Flame Orb\n|upkeep\n|turn|5\n|inactive|Battle timer is ON: inactive players will automatically lose when time's up. (requested by FrankRayquaza)\n|\n|t:|1781433469\n|switch|p2a: Salamence|Salamence, L77, M|173/273\n|move|p1a: Mightyena|Crunch|p2a: Salamence\n|-damage|p2a: Salamence|58/273\n|\n|upkeep\n|turn|6\n|\n|t:|1781433474\n|move|p1a: Mightyena|Sucker Punch|p2a: Salamence\n|-damage|p2a: Salamence|0 fnt\n|faint|p2a: Salamence\n|\n|upkeep\n|\n|t:|1781433479\n|switch|p2a: Dudunsparce|Dudunsparce, L83, F|343/343\n|turn|7\n|\n|t:|1781433484\n|move|p1a: Mightyena|Taunt|p2a: Dudunsparce\n|-start|p2a: Dudunsparce|move: Taunt\n|cant|p2a: Dudunsparce|move: Taunt|Toxic\n|\n|upkeep\n|turn|8\n|\n|t:|1781433490\n|move|p1a: Mightyena|Poison Fang|p2a: Dudunsparce\n|-damage|p2a: Dudunsparce|293/343\n|move|p2a: Dudunsparce|Boomburst|p1a: Mightyena\n|-damage|p1a: Mightyena|151/290\n|\n|-heal|p1a: Mightyena|169/290|[from] item: Leftovers\n|-heal|p2a: Dudunsparce|314/343|[from] item: Leftovers\n|upkeep\n|turn|9\n|\n|t:|1781433500\n|switch|p2a: Luxray|Luxray, L88, F|175/283 brn\n|move|p1a: Mightyena|Poison Fang|p2a: Luxray\n|-damage|p2a: Luxray|128/283 brn\n|\n|-heal|p1a: Mightyena|187/290|[from] item: Leftovers\n|-damage|p2a: Luxray|111/283 brn|[from] brn\n|upkeep\n|turn|10\n|\n|t:|1781433511\n|move|p1a: Mightyena|Crunch|p2a: Luxray\n|-damage|p2a: Luxray|3/283 brn\n|move|p2a: Luxray|Supercell Slam|p1a: Mightyena\n|-damage|p1a: Mightyena|0 fnt\n|faint|p1a: Mightyena\n|\n|-damage|p2a: Luxray|0 fnt|[from] brn\n|faint|p2a: Luxray\n|upkeep\n|\n|t:|1781433523\n|switch|p1a: Komala|Komala, L88, F|177/258\n|switch|p2a: Armarouge|Armarouge, L80, M|267/267\n|-ability|p1a: Komala|Comatose\n|turn|11\n|\n|t:|1781433531\n|switch|p1a: Chandelure|Chandelure, L83, F|235/235\n|move|p2a: Armarouge|Psyshock|p1a: Chandelure\n|-damage|p1a: Chandelure|90/235\n|\n|upkeep\n|turn|12\n|\n|t:|1781433535\n|switch|p2a: Houndoom|Houndoom, L87, M|272/272\n|move|p1a: Chandelure|Fire Blast|p2a: Houndoom\n|-start|p2a: Houndoom|ability: Flash Fire\n|\n|upkeep\n|turn|13\n|\n|t:|1781433544\n|move|p2a: Houndoom|Nasty Plot|p2a: Houndoom\n|-boost|p2a: Houndoom|spa|2\n|move|p1a: Chandelure|Shadow Ball|p2a: Houndoom\n|-resisted|p2a: Houndoom\n|-damage|p2a: Houndoom|217/272\n|\n|upkeep\n|turn|14\n|\n|t:|1781433552\n|move|p2a: Houndoom|Dark Pulse|p1a: Chandelure\n|-supereffective|p1a: Chandelure\n|-damage|p1a: Chandelure|0 fnt\n|faint|p1a: Chandelure\n|\n|upkeep\n|\n|t:|1781433559\n|switch|p1a: Noivern|Noivern, L82, F|274/274\n|turn|15\n|\n|t:|1781433568\n|move|p1a: Noivern|Draco Meteor|p2a: Houndoom\n|-damage|p2a: Houndoom|12/272\n|-unboost|p1a: Noivern|spa|2\n|move|p2a: Houndoom|Dark Pulse|p1a: Noivern\n|-damage|p1a: Noivern|55/274\n|\n|upkeep\n|turn|16\n|\n|t:|1781433579\n|move|p1a: Noivern|Draco Meteor|p2a: Houndoom\n|-crit|p2a: Houndoom\n|-damage|p2a: Houndoom|0 fnt\n|-unboost|p1a: Noivern|spa|2\n|faint|p2a: Houndoom\n|\n|upkeep\n|\n|t:|1781433586\n|switch|p2a: Dudunsparce|Dudunsparce, L83, F|314/343\n|turn|17\n|\n|t:|1781433597\n|switch|p1a: Komala|Komala, L88, F|177/258\n|-ability|p1a: Komala|Comatose\n|move|p2a: Dudunsparce|Earthquake|p1a: Komala\n|-damage|p1a: Komala|87/258\n|\n|-heal|p2a: Dudunsparce|335/343|[from] item: Leftovers\n|upkeep\n|turn|18\n|\n|t:|1781433601\n|move|p1a: Komala|Body Slam|p2a: Dudunsparce\n|-damage|p2a: Dudunsparce|202/343\n|move|p2a: Dudunsparce|Earthquake|p1a: Komala\n|-damage|p1a: Komala|8/258\n|\n|-heal|p2a: Dudunsparce|223/343|[from] item: Leftovers\n|upkeep\n|turn|19\n|\n|t:|1781433604\n|move|p1a: Komala|Body Slam|p2a: Dudunsparce\n|-damage|p2a: Dudunsparce|96/343\n|move|p2a: Dudunsparce|Roost|p2a: Dudunsparce\n|-heal|p2a: Dudunsparce|268/343\n|-singleturn|p2a: Dudunsparce|move: Roost\n|\n|-heal|p2a: Dudunsparce|289/343|[from] item: Leftovers\n|upkeep\n|turn|20\n|\n|t:|1781433607\n|move|p1a: Komala|Body Slam|p2a: Dudunsparce\n|-damage|p2a: Dudunsparce|168/343\n|move|p2a: Dudunsparce|Roost|p2a: Dudunsparce\n|-heal|p2a: Dudunsparce|340/343\n|-singleturn|p2a: Dudunsparce|move: Roost\n|\n|-heal|p2a: Dudunsparce|343/343|[from] item: Leftovers\n|upkeep\n|turn|21\n|\n|t:|1781433608\n|move|p1a: Komala|Body Slam|p2a: Dudunsparce\n|-damage|p2a: Dudunsparce|225/343\n|move|p2a: Dudunsparce|Earthquake|p1a: Komala\n|-damage|p1a: Komala|0 fnt\n|faint|p1a: Komala\n|\n|-heal|p2a: Dudunsparce|246/343|[from] item: Leftovers\n|upkeep\n|j| Deathler\n|\n|t:|1781433622\n|switch|p1a: Toxicroak|Toxicroak, L84, M|277/277\n|turn|22\n|l| Deathler\n|\n|t:|1781433631\n|-terastallize|p2a: Dudunsparce|Poison\n|move|p1a: Toxicroak|Swords Dance|p1a: Toxicroak\n|-boost|p1a: Toxicroak|atk|2\n|move|p2a: Dudunsparce|Earthquake|p1a: Toxicroak\n|-supereffective|p1a: Toxicroak\n|-damage|p1a: Toxicroak|87/277\n|\n|-heal|p2a: Dudunsparce|267/343|[from] item: Leftovers\n|upkeep\n|turn|23\n|\n|t:|1781433635\n|move|p1a: Toxicroak|Earthquake|p2a: Dudunsparce\n|-supereffective|p2a: Dudunsparce\n|-damage|p2a: Dudunsparce|0 fnt\n|faint|p2a: Dudunsparce\n|-damage|p1a: Toxicroak|60/277|[from] item: Life Orb\n|\n|upkeep\n|\n|t:|1781433639\n|switch|p2a: Inteleon|Inteleon, L81, M|246/246\n|turn|24\n|\n|t:|1781433645\n|switch|p1a: Skeledirge|Skeledirge, L79, F|294/294\n|move|p2a: Inteleon|Ice Beam|p1a: Skeledirge\n|-resisted|p1a: Skeledirge\n|-damage|p1a: Skeledirge|224/294\n|-status|p1a: Skeledirge|frz\n|\n|upkeep\n|turn|25\n|\n|t:|1781433650\n|switch|p2a: Armarouge|Armarouge, L80, M|267/267\n|-curestatus|p1a: Skeledirge|frz|[msg]\n|move|p1a: Skeledirge|Torch Song|p2a: Armarouge\n|-resisted|p2a: Armarouge\n|-damage|p2a: Armarouge|225/267\n|-boost|p1a: Skeledirge|spa|1\n|\n|upkeep\n|turn|26\n|\n|t:|1781433679\n|switch|p2a: Inteleon|Inteleon, L81, M|246/246\n|-terastallize|p1a: Skeledirge|Fairy\n|move|p1a: Skeledirge|Slack Off|p1a: Skeledirge\n|-heal|p1a: Skeledirge|294/294\n|\n|upkeep\n|turn|27\n|\n|t:|1781433688\n|move|p2a: Inteleon|Scald|p1a: Skeledirge\n|-damage|p1a: Skeledirge|122/294\n|move|p1a: Skeledirge|Hex|p2a: Inteleon\n|-damage|p2a: Inteleon|120/246\n|\n|upkeep\n|turn|28\n|inactive|Dizay976 has 120 seconds left.\n|\n|t:|1781433728\n|switch|p2a: Armarouge|Armarouge, L80, M|225/267\n|move|p1a: Skeledirge|Hex|p2a: Armarouge\n|-supereffective|p2a: Armarouge\n|-damage|p2a: Armarouge|15/267\n|\n|upkeep\n|turn|29\n|inactive|FrankRayquaza has 120 seconds left.\n|\n|t:|1781433757\n|move|p2a: Armarouge|Armor Cannon|p1a: Skeledirge\n|-damage|p1a: Skeledirge|0 fnt\n|-unboost|p2a: Armarouge|def|1\n|-unboost|p2a: Armarouge|spd|1\n|faint|p1a: Skeledirge\n|\n|upkeep\n|\n|t:|1781433766\n|switch|p1a: Toxicroak|Toxicroak, L84, M|60/277\n|turn|30\n|inactive|FrankRayquaza has 120 seconds left.\n|\n|t:|1781433775\n|move|p1a: Toxicroak|Earthquake|p2a: Armarouge\n|-supereffective|p2a: Armarouge\n|-damage|p2a: Armarouge|0 fnt\n|faint|p2a: Armarouge\n|-damage|p1a: Toxicroak|33/277|[from] item: Life Orb\n|\n|upkeep\n|\n|t:|1781433776\n|switch|p2a: Inteleon|Inteleon, L81, M|120/246\n|turn|31\n|\n|t:|1781433780\n|move|p2a: Inteleon|Ice Beam|p1a: Toxicroak\n|-damage|p1a: Toxicroak|0 fnt\n|faint|p1a: Toxicroak\n|\n|upkeep\n|\n|t:|1781433784\n|switch|p1a: Noivern|Noivern, L82, F|55/274\n|turn|32\n|\n|t:|1781433790\n|move|p1a: Noivern|Boomburst|p2a: Inteleon\n|-damage|p2a: Inteleon|0 fnt\n|faint|p2a: Inteleon\n|\n|win|FrankRayquaza\n", "uploadtime": 1781433363, "views": 4, "formatid": "gen9randombattle", "rating": null, "private": 0, "password": null}