{"id": "gen9randombattle-2631582412", "format": "[Gen 9] Random Battle", "players": ["Battlejabs", "Pororocaalien"], "log": "|j|\u2606Battlejabs\n|j|\u2606Pororocaalien\n|t:|1781404418\n|gametype|singles\n|player|p1|Battlejabs|hilbert-wonderlauncher|1913\n|player|p2|Pororocaalien|yellow|1983\n|gen|9\n|tier|[Gen 9] Random Battle\n|rated|\n|rule|Species Clause: Limit one of each Pok\u00e9mon\n|rule|HP Percentage Mod: HP is shown in percentages\n|rule|Sleep Clause Mod: Limit one foe put to sleep\n|rule|Illusion Level Mod: Illusion disguises the Pok\u00e9mon's true level\n|\n|t:|1781404418\n|teamsize|p1|6\n|teamsize|p2|6\n|start\n|switch|p1a: Blissey|Blissey, L85, F|572/572\n|switch|p2a: Minun|Minun, L95, M|268/268\n|turn|1\n|inactive|Battle timer is ON: inactive players will automatically lose when time's up. (requested by Pororocaalien)\n|\n|t:|1781404432\n|move|p2a: Minun|Nasty Plot|p2a: Minun\n|-boost|p2a: Minun|spa|2\n|move|p1a: Blissey|Seismic Toss|p2a: Minun\n|-damage|p2a: Minun|183/268\n|\n|upkeep\n|turn|2\n|\n|t:|1781404438\n|switch|p2a: Ambipom|Ambipom, L84, M|263/263\n|move|p1a: Blissey|Seismic Toss|p2a: Ambipom\n|-damage|p2a: Ambipom|178/263\n|\n|upkeep\n|turn|3\n|\n|t:|1781404456\n|switch|p1a: Forretress|Forretress, L84, F|263/263\n|move|p2a: Ambipom|Knock Off|p1a: Forretress\n|-damage|p1a: Forretress|213/263\n|-enditem|p1a: Forretress|Leftovers|[from] move: Knock Off|[of] p2a: Ambipom\n|\n|upkeep\n|turn|4\n|\n|t:|1781404463\n|move|p2a: Ambipom|U-turn|p1a: Forretress\n|-resisted|p1a: Forretress\n|-damage|p1a: Forretress|196/263\n|\n|t:|1781404481\n|switch|p2a: Minun|Minun, L95, M|183/268|[from] U-turn\n|move|p1a: Forretress|Stealth Rock|p2a: Minun\n|-sidestart|p2: Pororocaalien|move: Stealth Rock\n|\n|upkeep\n|turn|5\n|\n|t:|1781404497\n|switch|p1a: Blissey|Blissey, L85, F|572/572\n|move|p2a: Minun|Nasty Plot|p2a: Minun\n|-boost|p2a: Minun|spa|2\n|\n|upkeep\n|turn|6\n|\n|t:|1781404501\n|move|p2a: Minun|Thunderbolt|p1a: Blissey\n|-damage|p1a: Blissey|397/572\n|-damage|p2a: Minun|157/268|[from] item: Life Orb\n|move|p1a: Blissey|Seismic Toss|p2a: Minun\n|-damage|p2a: Minun|72/268\n|\n|-heal|p1a: Blissey|432/572|[from] item: Leftovers\n|upkeep\n|turn|7\n|\n|t:|1781404506\n|move|p2a: Minun|Thunderbolt|p1a: Blissey\n|-damage|p1a: Blissey|237/572\n|-damage|p2a: Minun|46/268|[from] item: Life Orb\n|move|p1a: Blissey|Seismic Toss|p2a: Minun\n|-damage|p2a: Minun|0 fnt\n|faint|p2a: Minun\n|\n|-heal|p1a: Blissey|272/572|[from] item: Leftovers\n|upkeep\n|\n|t:|1781404517\n|switch|p2a: Iron Boulder|Iron Boulder, L77|265/265\n|-damage|p2a: Iron Boulder|232/265|[from] Stealth Rock\n|-enditem|p2a: Iron Boulder|Booster Energy\n|-activate|p2a: Iron Boulder|ability: Quark Drive|[fromitem]\n|-start|p2a: Iron Boulder|quarkdrivespe\n|turn|8\n|\n|t:|1781404532\n|move|p2a: Iron Boulder|Swords Dance|p2a: Iron Boulder\n|-boost|p2a: Iron Boulder|atk|2\n|move|p1a: Blissey|Thunder Wave|p2a: Iron Boulder|[miss]\n|-miss|p1a: Blissey|p2a: Iron Boulder\n|\n|-heal|p1a: Blissey|307/572|[from] item: Leftovers\n|upkeep\n|turn|9\n|\n|t:|1781404538\n|move|p2a: Iron Boulder|Mighty Cleave|p1a: Blissey\n|-damage|p1a: Blissey|0 fnt\n|faint|p1a: Blissey\n|\n|upkeep\n|\n|t:|1781404544\n|switch|p1a: Annihilape|Annihilape, L76, M|292/292\n|turn|10\n|inactive|Pororocaalien has 120 seconds left.\n|l|\u2606Battlejabs\n|inactive|Battlejabs disconnected and has a minute to reconnect!\n|player|p1|\n|j|\u2606Battlejabs\n|inactive|Battlejabs reconnected.\n|player|p1|Battlejabs|hilbert-wonderlauncher|\n|\n|t:|1781404584\n|-terastallize|p1a: Annihilape|Steel\n|move|p2a: Iron Boulder|Swords Dance|p2a: Iron Boulder\n|-boost|p2a: Iron Boulder|atk|2\n|move|p1a: Annihilape|Rage Fist|p2a: Iron Boulder\n|-supereffective|p2a: Iron Boulder\n|-damage|p2a: Iron Boulder|118/265\n|\n|upkeep\n|turn|11\n|\n|t:|1781404591\n|move|p2a: Iron Boulder|Close Combat|p1a: Annihilape\n|-supereffective|p1a: Annihilape\n|-damage|p1a: Annihilape|0 fnt\n|-unboost|p2a: Iron Boulder|def|1\n|-unboost|p2a: Iron Boulder|spd|1\n|faint|p1a: Annihilape\n|\n|upkeep\n|\n|t:|1781404601\n|switch|p1a: Forretress|Forretress, L84, F|196/263\n|turn|12\n|l|\u2606Pororocaalien\n|inactive|Pororocaalien disconnected and has a minute to reconnect!\n|player|p2|\n|j|\u2606Pororocaalien\n|inactive|Pororocaalien reconnected and has 115 seconds left.\n|player|p2|Pororocaalien|yellow|\n|\n|t:|1781404632\n|move|p2a: Iron Boulder|Close Combat|p1a: Forretress\n|-damage|p1a: Forretress|18/263\n|-unboost|p2a: Iron Boulder|def|1\n|-unboost|p2a: Iron Boulder|spd|1\n|move|p1a: Forretress|Iron Head|p2a: Iron Boulder\n|-supereffective|p2a: Iron Boulder\n|-damage|p2a: Iron Boulder|0 fnt\n|faint|p2a: Iron Boulder\n|-end|p2a: Iron Boulder|Quark Drive|[silent]\n|\n|upkeep\n|\n|t:|1781404643\n|switch|p2a: Ambipom|Ambipom, L84, M|178/263\n|-damage|p2a: Ambipom|146/263|[from] Stealth Rock\n|turn|13\n|inactive|Battlejabs has 120 seconds left.\n|\n|t:|1781404675\n|switch|p1a: Perrserker|Perrserker, L89, F|269/269\n|move|p2a: Ambipom|Knock Off|p1a: Perrserker\n|-damage|p1a: Perrserker|209/269\n|-enditem|p1a: Perrserker|Choice Band|[from] move: Knock Off|[of] p2a: Ambipom\n|\n|upkeep\n|turn|14\n|inactive|Pororocaalien has 120 seconds left.\n|\n|t:|1781404682\n|move|p2a: Ambipom|U-turn|p1a: Perrserker\n|-resisted|p1a: Perrserker\n|-damage|p1a: Perrserker|186/269\n|\n|t:|1781404684\n|switch|p2a: Mandibuzz|Mandibuzz, L85, F|326/326|[from] U-turn\n|move|p1a: Perrserker|Knock Off|p2a: Mandibuzz\n|-resisted|p2a: Mandibuzz\n|-damage|p2a: Mandibuzz|276/326\n|-enditem|p2a: Mandibuzz|Heavy-Duty Boots|[from] move: Knock Off|[of] p1a: Perrserker\n|\n|upkeep\n|turn|15\n|\n|t:|1781404691\n|move|p2a: Mandibuzz|Foul Play|p1a: Perrserker\n|-crit|p1a: Perrserker\n|-damage|p1a: Perrserker|26/269\n|move|p1a: Perrserker|U-turn|p2a: Mandibuzz\n|-damage|p2a: Mandibuzz|201/326\n|\n|t:|1781404696\n|switch|p1a: Regirock|Regirock, L83|268/268|[from] U-turn\n|\n|upkeep\n|turn|16\n|\n|t:|1781404706\n|switch|p2a: Clodsire|Clodsire, L81, F|343/343\n|-damage|p2a: Clodsire|322/343|[from] Stealth Rock\n|move|p1a: Regirock|Iron Defense|p1a: Regirock\n|-boost|p1a: Regirock|def|2\n|\n|-heal|p2a: Clodsire|343/343|[from] item: Leftovers\n|upkeep\n|turn|17\n|inactive|Battlejabs has 120 seconds left.\n|l|\u2606Battlejabs\n|inactive|Battlejabs disconnected and has a minute to reconnect!\n|player|p1|\n|inactive|Battlejabs has 30 seconds to reconnect!\n|inactive|Battlejabs has 20 seconds to reconnect!\n|inactive|Battlejabs has 15 seconds to reconnect!\n|inactive|Battlejabs has 10 seconds to reconnect!\n|inactive|Battlejabs has 5 seconds to reconnect!\n|-message|Battlejabs lost due to inactivity.\n|\n|win|Pororocaalien\n", "inputlog": ">version a8376a258c1d4662feba110a92103f3664a72141\n>start {\"formatid\":\"gen9randombattle\",\"seed\":\"sodium,ebf2bbcd96396970375ad8f6eccfaa1c\",\"rated\":\"Rated battle\"}\n>player p1 {\"name\":\"Battlejabs\",\"avatar\":\"hilbert-wonderlauncher\",\"rating\":1913,\"seed\":\"sodium,413c56515335a91484110325cd8d8cd2\"}\n>player p2 {\"name\":\"Pororocaalien\",\"avatar\":\"yellow\",\"rating\":1983,\"seed\":\"sodium,d9afa510e7efd99d72c7ed45e9976f63\"}\n>p1 move seismictoss\n>p2 move nastyplot\n>p1 move seismictoss\n>p2 switch 6\n>p1 switch 5\n>p2 move knockoff\n>p1 move stealthrock\n>p2 move uturn\n>p2 switch 6\n>p1 switch 5\n>p2 move nastyplot\n>p1 move seismictoss\n>p2 move thunderbolt\n>p1 move seismictoss\n>p2 move thunderbolt\n>p2 switch 4\n>p1 move thunderwave\n>p2 move swordsdance\n>p1 move thunderwave\n>p2 move mightycleave\n>p1 switch 4\n>p1 move ragefist terastallize\n>p2 move swordsdance\n>p1 move drainpunch\n>p2 move closecombat\n>p1 switch 5\n>p1 move ironhead\n>p2 move closecombat\n>p2 switch 6\n>p1 switch 3\n>p2 move knockoff\n>p1 move knockoff\n>p2 move uturn\n>p2 switch 3\n>p1 move uturn\n>p2 move foulplay\n>p1 switch 2\n>p1 move irondefense\n>p2 switch 2\n>forcelose p1", "uploadtime": 1781404420, "views": 7, "formatid": "gen9randombattle", "rating": null, "private": 0, "password": null}