{"id": "gen9randombattle-2631477824", "format": "[Gen 9] Random Battle", "players": ["MooMoo Mamu", "64stadiumannouncer"], "log": "|j|\u2606MooMoo Mamu\n|j|\u260664stadiumannouncer\n|t:|1781389852\n|gametype|singles\n|player|p1|MooMoo Mamu|170|2118\n|player|p2|64stadiumannouncer|170|2103\n|gen|9\n|tier|[Gen 9] Random Battle\n|rated|\n|rule|Species Clause: Limit one of each Pok\u00e9mon\n|rule|HP Percentage Mod: HP is shown in percentages\n|rule|Sleep Clause Mod: Limit one foe put to sleep\n|rule|Illusion Level Mod: Illusion disguises the Pok\u00e9mon's true level\n|\n|t:|1781389852\n|teamsize|p1|6\n|teamsize|p2|6\n|start\n|switch|p1a: Brute Bonnet|Brute Bonnet, L80|309/309\n|switch|p2a: Girafarig|Girafarig, L89, F|269/269\n|turn|1\n|inactive|Battle timer is ON: inactive players will automatically lose when time's up. (requested by MooMoo Mamu)\n|\n|t:|1781389899\n|switch|p2a: Furret|Furret, L94, M|312/312\n|-item|p1a: Brute Bonnet|Leftovers|[from] ability: Frisk|[of] p2a: Furret\n|move|p1a: Brute Bonnet|Spore|p2a: Furret\n|-status|p2a: Furret|slp|[from] move: Spore\n|\n|upkeep\n|turn|2\n|\n|t:|1781389912\n|cant|p2a: Furret|slp\n|move|p1a: Brute Bonnet|Close Combat|p2a: Furret\n|-supereffective|p2a: Furret\n|-damage|p2a: Furret|80/312 slp\n|-unboost|p1a: Brute Bonnet|def|1\n|-unboost|p1a: Brute Bonnet|spd|1\n|\n|upkeep\n|turn|3\n|\n|t:|1781389920\n|move|p1a: Brute Bonnet|Sucker Punch|p2a: Furret\n|-damage|p2a: Furret|0 fnt\n|faint|p2a: Furret\n|\n|upkeep\n|\n|t:|1781389931\n|switch|p2a: Clawitzer|Clawitzer, L87, F|265/265\n|turn|4\n|inactive|MooMoo Mamu has 120 seconds left.\n|\n|t:|1781389962\n|-end|p1a: Brute Bonnet|Protosynthesis|[silent]\n|switch|p1a: Delphox|Delphox, L84, F|263/263\n|move|p2a: Clawitzer|U-turn|p1a: Delphox\n|-damage|p1a: Delphox|214/263\n|\n|t:|1781389972\n|switch|p2a: Sudowoodo|Sudowoodo, L94, F|284/284|[from] U-turn\n|\n|upkeep\n|turn|5\n|\n|t:|1781389980\n|switch|p1a: Garchomp|Garchomp, L74, F|282/282\n|move|p2a: Sudowoodo|Head Smash|p1a: Garchomp|[miss]\n|-miss|p2a: Sudowoodo|p1a: Garchomp\n|\n|upkeep\n|turn|6\n|\n|t:|1781389991\n|switch|p2a: Clawitzer|Clawitzer, L87, F|265/265\n|move|p1a: Garchomp|Swords Dance|p1a: Garchomp\n|-boost|p1a: Garchomp|atk|2\n|\n|upkeep\n|turn|7\n|\n|t:|1781390008\n|switch|p1a: Suicune|Suicune, L82|298/298\n|-ability|p1a: Suicune|Pressure\n|move|p2a: Clawitzer|Water Pulse|p1a: Suicune\n|-resisted|p1a: Suicune\n|-damage|p1a: Suicune|252/298\n|\n|-heal|p1a: Suicune|270/298|[from] item: Leftovers\n|upkeep\n|turn|8\n|\n|t:|1781390017\n|move|p1a: Suicune|Calm Mind|p1a: Suicune\n|-boost|p1a: Suicune|spa|1\n|-boost|p1a: Suicune|spd|1\n|move|p2a: Clawitzer|U-turn|p1a: Suicune\n|-damage|p1a: Suicune|236/298\n|\n|t:|1781390026\n|switch|p2a: Morpeko|Morpeko, L88, F|245/245|[from] U-turn\n|\n|-heal|p1a: Suicune|254/298|[from] item: Leftovers\n|-formechange|p2a: Morpeko|Morpeko-Hangry||[from] ability: Hunger Switch\n|upkeep\n|turn|9\n|\n|t:|1781390039\n|switch|p1a: Brute Bonnet|Brute Bonnet, L80|309/309\n|move|p2a: Morpeko|Aura Wheel|p1a: Brute Bonnet\n|-resisted|p1a: Brute Bonnet\n|-damage|p1a: Brute Bonnet|249/309\n|-boost|p2a: Morpeko|spe|1\n|\n|-heal|p1a: Brute Bonnet|268/309|[from] item: Leftovers\n|-formechange|p2a: Morpeko|Morpeko||[from] ability: Hunger Switch\n|upkeep\n|turn|10\n|\n|t:|1781390049\n|move|p2a: Morpeko|Parting Shot|p1a: Brute Bonnet\n|-unboost|p1a: Brute Bonnet|atk|1\n|-unboost|p1a: Brute Bonnet|spa|1\n|\n|t:|1781390052\n|switch|p2a: Girafarig|Girafarig, L89, F|269/269|[from] Parting Shot\n|move|p1a: Brute Bonnet|Crunch|p2a: Girafarig\n|-supereffective|p2a: Girafarig\n|-damage|p2a: Girafarig|161/269\n|\n|-heal|p1a: Brute Bonnet|287/309|[from] item: Leftovers\n|upkeep\n|turn|11\n|\n|t:|1781390062\n|switch|p2a: Clawitzer|Clawitzer, L87, F|265/265\n|move|p1a: Brute Bonnet|Spore|p2a: Clawitzer\n|-status|p2a: Clawitzer|slp|[from] move: Spore\n|\n|-heal|p1a: Brute Bonnet|306/309|[from] item: Leftovers\n|upkeep\n|turn|12\n|-message|64stadiumannouncer forfeited.\n|\n|win|MooMoo Mamu\n", "inputlog": ">version a8376a258c1d4662feba110a92103f3664a72141\n>start {\"formatid\":\"gen9randombattle\",\"seed\":\"sodium,084d57c126f249a5d78fcb2c33cc44b3\",\"rated\":\"Rated battle\"}\n>player p1 {\"name\":\"MooMoo Mamu\",\"avatar\":\"170\",\"rating\":2118,\"seed\":\"sodium,c284c248ac9cec7fc4068771c61e42d8\"}\n>player p2 {\"name\":\"64stadiumannouncer\",\"avatar\":\"170\",\"rating\":2103,\"seed\":\"sodium,6da54e3e58aa92b644e4da39189b5e25\"}\n>p1 move spore\n>p2 switch 3\n>p1 move closecombat\n>p2 move tidyup\n>p1 move suckerpunch\n>p2 move doubleedge\n>p2 switch 6\n>p1 switch 6\n>p2 move uturn\n>p2 switch 2\n>p1 switch 5\n>p2 move headsmash\n>p1 move swordsdance\n>p2 switch 2\n>p1 switch 2\n>p2 move waterpulse\n>p1 move calmmind\n>p2 move uturn\n>p2 switch 4\n>p1 switch 6\n>p2 move aurawheel\n>p1 move crunch\n>p2 move partingshot\n>p2 switch 3\n>p1 move spore\n>p2 switch 4\n>forcelose p2", "uploadtime": 1781389853, "views": 4, "formatid": "gen9randombattle", "rating": null, "private": 0, "password": null}