{"id": "gen9randombattle-2631603175", "format": "[Gen 9] Random Battle", "players": ["Pugwah", "chichoxd19"], "log": "|j|\u2606Pugwah\n|j|\u2606chichoxd19\n|t:|1781407374\n|gametype|singles\n|player|p1|Pugwah|pokemaniac|1814\n|player|p2|chichoxd19|265|1764\n|gen|9\n|tier|[Gen 9] Random Battle\n|rated|\n|rule|Species Clause: Limit one of each Pok\u00e9mon\n|rule|HP Percentage Mod: HP is shown in percentages\n|rule|Sleep Clause Mod: Limit one foe put to sleep\n|rule|Illusion Level Mod: Illusion disguises the Pok\u00e9mon's true level\n|\n|t:|1781407374\n|teamsize|p1|6\n|teamsize|p2|6\n|start\n|switch|p1a: Oinkologne|Oinkologne-F, L92, F|361/361\n|switch|p2a: Espathra|Espathra, L80, F|283/283\n|turn|1\n|\n|t:|1781407389\n|move|p2a: Espathra|Lumina Crash|p1a: Oinkologne\n|-damage|p1a: Oinkologne|253/361\n|-unboost|p1a: Oinkologne|spd|2\n|move|p1a: Oinkologne|Lash Out|p2a: Espathra\n|-supereffective|p2a: Espathra\n|-damage|p2a: Espathra|0 fnt\n|faint|p2a: Espathra\n|\n|-heal|p1a: Oinkologne|275/361|[from] item: Leftovers\n|upkeep\n|\n|t:|1781407408\n|switch|p2a: Regieleki|Regieleki, L79|256/256\n|turn|2\n|\n|t:|1781407427\n|switch|p1a: Abomasnow|Abomasnow, L84, M|287/287\n|-weather|Snowscape|[from] ability: Snow Warning|[of] p1a: Abomasnow\n|move|p2a: Regieleki|Volt Switch|p1a: Abomasnow\n|-resisted|p1a: Abomasnow\n|-damage|p1a: Abomasnow|232/287\n|inactive|Battle timer is ON: inactive players will automatically lose when time's up. (requested by Pugwah)\n|\n|t:|1781407433\n|switch|p2a: Kricketune|Kricketune, L99, M|312/312|[from] Volt Switch\n|\n|-weather|Snowscape|[upkeep]\n|upkeep\n|turn|3\n|\n|t:|1781407442\n|move|p2a: Kricketune|Taunt|p1a: Abomasnow\n|-start|p1a: Abomasnow|move: Taunt\n|cant|p1a: Abomasnow|move: Taunt|Aurora Veil\n|\n|-weather|Snowscape|[upkeep]\n|upkeep\n|turn|4\n|\n|t:|1781407452\n|switch|p1a: Salazzle|Salazzle, L83, F|249/249\n|move|p2a: Kricketune|Pounce|p1a: Salazzle\n|-resisted|p1a: Salazzle\n|-damage|p1a: Salazzle|219/249\n|-unboost|p1a: Salazzle|spe|1\n|\n|-weather|Snowscape|[upkeep]\n|-heal|p1a: Salazzle|234/249|[from] item: Leftovers\n|upkeep\n|turn|5\n|\n|t:|1781407463\n|move|p2a: Kricketune|Sticky Web|p1a: Salazzle\n|-sidestart|p1: Pugwah|move: Sticky Web\n|move|p1a: Salazzle|Flamethrower|p2a: Kricketune\n|-supereffective|p2a: Kricketune\n|-crit|p2a: Kricketune\n|-damage|p2a: Kricketune|0 fnt\n|faint|p2a: Kricketune\n|\n|-weather|Snowscape|[upkeep]\n|-heal|p1a: Salazzle|249/249|[from] item: Leftovers\n|upkeep\n|\n|t:|1781407468\n|switch|p2a: Gallade|Gallade, L80, M|240/240\n|turn|6\n|\n|t:|1781407474\n|move|p1a: Salazzle|Protect|p1a: Salazzle\n|-singleturn|p1a: Salazzle|Protect\n|move|p2a: Gallade|Psycho Cut|p1a: Salazzle\n|-activate|p1a: Salazzle|move: Protect\n|\n|-weather|none\n|upkeep\n|turn|7\n|\n|t:|1781407495\n|move|p2a: Gallade|Psycho Cut|p1a: Salazzle\n|-supereffective|p1a: Salazzle\n|-damage|p1a: Salazzle|0 fnt\n|faint|p1a: Salazzle\n|-damage|p2a: Gallade|216/240|[from] item: Life Orb\n|\n|upkeep\n|inactive|Pugwah has 120 seconds left.\n|\n|t:|1781407523\n|switch|p1a: Bellossom|Bellossom, L84, M|263/263\n|-activate|p1a: Bellossom|move: Sticky Web\n|-unboost|p1a: Bellossom|spe|1\n|turn|8\n|\n|t:|1781407535\n|move|p2a: Gallade|Sacred Sword|p1a: Bellossom\n|-damage|p1a: Bellossom|67/263\n|-damage|p2a: Gallade|192/240|[from] item: Life Orb\n|move|p1a: Bellossom|Strength Sap|p2a: Gallade\n|-unboost|p2a: Gallade|atk|1\n|-heal|p1a: Bellossom|263/263\n|\n|upkeep\n|turn|9\n|\n|t:|1781407548\n|switch|p2a: Articuno|Articuno, L86|295/295\n|-ability|p2a: Articuno|Pressure\n|move|p1a: Bellossom|Quiver Dance|p1a: Bellossom\n|-boost|p1a: Bellossom|spa|1\n|-boost|p1a: Bellossom|spd|1\n|-boost|p1a: Bellossom|spe|1\n|\n|upkeep\n|turn|10\n|inactive|Pugwah has 120 seconds left.\n|inactive|Pugwah has 90 seconds left.\n|\n|t:|1781407587\n|switch|p1a: Oinkologne|Oinkologne-F, L92, F|275/361\n|-activate|p1a: Oinkologne|move: Sticky Web\n|-unboost|p1a: Oinkologne|spe|1\n|move|p2a: Articuno|Brave Bird|p1a: Oinkologne\n|-damage|p1a: Oinkologne|154/361\n|-damage|p2a: Articuno|255/295|[from] Recoil\n|\n|-heal|p1a: Oinkologne|176/361|[from] item: Leftovers\n|upkeep\n|turn|11\n|\n|t:|1781407596\n|switch|p2a: Corviknight|Corviknight, L80, M|288/288\n|-ability|p2a: Corviknight|Pressure\n|move|p1a: Oinkologne|Double-Edge|p2a: Corviknight\n|-resisted|p2a: Corviknight\n|-damage|p2a: Corviknight|221/288\n|-damage|p1a: Oinkologne|154/361|[from] Recoil\n|\n|-heal|p2a: Corviknight|239/288|[from] item: Leftovers\n|-heal|p1a: Oinkologne|176/361|[from] item: Leftovers\n|upkeep\n|turn|12\n|inactive|Pugwah has 90 seconds left.\n|\n|t:|1781407613\n|switch|p1a: Gholdengo|Gholdengo, L77|261/261\n|-activate|p1a: Gholdengo|move: Sticky Web\n|-unboost|p1a: Gholdengo|spe|1\n|move|p2a: Corviknight|Body Press|p1a: Gholdengo\n|-immune|p1a: Gholdengo\n|\n|-heal|p2a: Corviknight|257/288|[from] item: Leftovers\n|upkeep\n|turn|13\n|inactive|Pugwah has 90 seconds left.\n|\n|t:|1781407630\n|switch|p2a: Regieleki|Regieleki, L79|256/256\n|move|p1a: Gholdengo|Shadow Ball|p2a: Regieleki\n|-damage|p2a: Regieleki|112/256\n|-unboost|p2a: Regieleki|spd|1\n|\n|upkeep\n|turn|14\n|inactive|Pugwah has 90 seconds left.\n|\n|t:|1781407644\n|switch|p1a: Abomasnow|Abomasnow, L84, M|232/287\n|-activate|p1a: Abomasnow|move: Sticky Web\n|-unboost|p1a: Abomasnow|spe|1\n|-weather|Snowscape|[from] ability: Snow Warning|[of] p1a: Abomasnow\n|move|p2a: Regieleki|Thunderbolt|p1a: Abomasnow\n|-resisted|p1a: Abomasnow\n|-damage|p1a: Abomasnow|166/287\n|\n|-weather|Snowscape|[upkeep]\n|upkeep\n|turn|15\n|inactive|Pugwah has 90 seconds left.\n|\n|t:|1781407653\n|move|p2a: Regieleki|Volt Switch|p1a: Abomasnow\n|-resisted|p1a: Abomasnow\n|-damage|p1a: Abomasnow|111/287\n|\n|t:|1781407654\n|switch|p2a: Corviknight|Corviknight, L80, M|257/288|[from] Volt Switch\n|-ability|p2a: Corviknight|Pressure\n|move|p1a: Abomasnow|Aurora Veil|p1a: Abomasnow\n|-sidestart|p1: Pugwah|move: Aurora Veil\n|\n|-weather|Snowscape|[upkeep]\n|-heal|p2a: Corviknight|275/288|[from] item: Leftovers\n|upkeep\n|turn|16\n|\n|t:|1781407672\n|move|p2a: Corviknight|Brave Bird|p1a: Abomasnow\n|-supereffective|p1a: Abomasnow\n|-damage|p1a: Abomasnow|36/287\n|-damage|p2a: Corviknight|250/288|[from] Recoil\n|move|p1a: Abomasnow|Blizzard|p2a: Corviknight\n|-damage|p2a: Corviknight|126/288\n|\n|-weather|Snowscape|[upkeep]\n|-heal|p2a: Corviknight|144/288|[from] item: Leftovers\n|upkeep\n|turn|17\n|\n|t:|1781407679\n|move|p2a: Corviknight|Roost|p2a: Corviknight\n|-heal|p2a: Corviknight|288/288\n|-singleturn|p2a: Corviknight|move: Roost\n|move|p1a: Abomasnow|Blizzard|p2a: Corviknight\n|-resisted|p2a: Corviknight\n|-damage|p2a: Corviknight|234/288\n|\n|-weather|Snowscape|[upkeep]\n|-heal|p2a: Corviknight|252/288|[from] item: Leftovers\n|upkeep\n|turn|18\n|\n|t:|1781407689\n|move|p2a: Corviknight|Roost|p2a: Corviknight\n|-heal|p2a: Corviknight|288/288\n|-singleturn|p2a: Corviknight|move: Roost\n|move|p1a: Abomasnow|Blizzard|p2a: Corviknight\n|-resisted|p2a: Corviknight\n|-damage|p2a: Corviknight|231/288\n|\n|-weather|none\n|-heal|p2a: Corviknight|249/288|[from] item: Leftovers\n|upkeep\n|turn|19\n|\n|t:|1781407699\n|switch|p1a: Gholdengo|Gholdengo, L77|261/261\n|-activate|p1a: Gholdengo|move: Sticky Web\n|-unboost|p1a: Gholdengo|spe|1\n|move|p2a: Corviknight|Roost|p2a: Corviknight\n|-heal|p2a: Corviknight|288/288\n|-singleturn|p2a: Corviknight|move: Roost\n|\n|upkeep\n|turn|20\n|\n|t:|1781407711\n|move|p2a: Corviknight|Brave Bird|p1a: Gholdengo\n|-resisted|p1a: Gholdengo\n|-damage|p1a: Gholdengo|231/261\n|-damage|p2a: Corviknight|278/288|[from] Recoil\n|move|p1a: Gholdengo|Nasty Plot|p1a: Gholdengo\n|-boost|p1a: Gholdengo|spa|2\n|\n|-heal|p2a: Corviknight|288/288|[from] item: Leftovers\n|-heal|p1a: Gholdengo|247/261|[from] item: Leftovers\n|upkeep\n|turn|21\n|\n|t:|1781407719\n|switch|p2a: Articuno|Articuno, L86|255/295\n|-ability|p2a: Articuno|Pressure\n|move|p1a: Gholdengo|Shadow Ball|p2a: Articuno\n|-damage|p2a: Articuno|126/295\n|\n|-heal|p1a: Gholdengo|261/261|[from] item: Leftovers\n|upkeep\n|turn|22\n|inactive|Pugwah has 120 seconds left.\n|\n|t:|1781407735\n|move|p2a: Articuno|Roost|p2a: Articuno\n|-heal|p2a: Articuno|274/295\n|-singleturn|p2a: Articuno|move: Roost\n|move|p1a: Gholdengo|Shadow Ball|p2a: Articuno\n|-damage|p2a: Articuno|144/295\n|-unboost|p2a: Articuno|spd|1\n|\n|-sideend|p1: Pugwah|move: Aurora Veil\n|upkeep\n|turn|23\n|\n|t:|1781407746\n|move|p2a: Articuno|Freeze-Dry|p1a: Gholdengo\n|-resisted|p1a: Gholdengo\n|-damage|p1a: Gholdengo|218/261\n|move|p1a: Gholdengo|Shadow Ball|p2a: Articuno\n|-damage|p2a: Articuno|0 fnt\n|faint|p2a: Articuno\n|\n|-heal|p1a: Gholdengo|234/261|[from] item: Leftovers\n|upkeep\n|\n|t:|1781407753\n|switch|p2a: Gallade|Gallade, L80, M|192/240\n|turn|24\n|\n|t:|1781407762\n|-terastallize|p2a: Gallade|Dark\n|-terastallize|p1a: Gholdengo|Steel\n|move|p2a: Gallade|Night Slash|p1a: Gholdengo\n|-crit|p1a: Gholdengo\n|-damage|p1a: Gholdengo|0 fnt\n|faint|p1a: Gholdengo\n|-damage|p2a: Gallade|168/240|[from] item: Life Orb\n|\n|upkeep\n|inactive|Pugwah has 120 seconds left.\n|\n|t:|1781407783\n|switch|p1a: Abomasnow|Abomasnow, L84, M|36/287\n|-activate|p1a: Abomasnow|move: Sticky Web\n|-unboost|p1a: Abomasnow|spe|1\n|-weather|Snowscape|[from] ability: Snow Warning|[of] p1a: Abomasnow\n|turn|25\n|\n|t:|1781407790\n|move|p2a: Gallade|Sacred Sword|p1a: Abomasnow\n|-supereffective|p1a: Abomasnow\n|-damage|p1a: Abomasnow|0 fnt\n|faint|p1a: Abomasnow\n|-damage|p2a: Gallade|144/240|[from] item: Life Orb\n|\n|-weather|Snowscape|[upkeep]\n|upkeep\n|\n|t:|1781407801\n|switch|p1a: Oinkologne|Oinkologne-F, L92, F|176/361\n|-activate|p1a: Oinkologne|move: Sticky Web\n|-unboost|p1a: Oinkologne|spe|1\n|turn|26\n|\n|t:|1781407808\n|move|p2a: Gallade|Night Slash|p1a: Oinkologne\n|-damage|p1a: Oinkologne|0 fnt\n|faint|p1a: Oinkologne\n|-damage|p2a: Gallade|120/240|[from] item: Life Orb\n|\n|-weather|Snowscape|[upkeep]\n|upkeep\n|\n|t:|1781407820\n|switch|p1a: Haxorus|Haxorus, L77, F|244/244\n|-activate|p1a: Haxorus|move: Sticky Web\n|-unboost|p1a: Haxorus|spe|1\n|-ability|p1a: Haxorus|Mold Breaker\n|turn|27\n|inactive|Pugwah has 120 seconds left.\n|\n|t:|1781407837\n|move|p2a: Gallade|Night Slash|p1a: Haxorus\n|-damage|p1a: Haxorus|59/244\n|-damage|p2a: Gallade|96/240|[from] item: Life Orb\n|move|p1a: Haxorus|Scale Shot|p2a: Gallade\n|-damage|p2a: Gallade|54/240\n|-damage|p2a: Gallade|14/240\n|-damage|p2a: Gallade|0 fnt\n|faint|p2a: Gallade\n|-hitcount|p2: Gallade|3\n|-unboost|p1a: Haxorus|def|1\n|-boost|p1a: Haxorus|spe|1\n|\n|-weather|Snowscape|[upkeep]\n|upkeep\n|\n|t:|1781407849\n|switch|p2a: Corviknight|Corviknight, L80, M|288/288\n|-ability|p2a: Corviknight|Pressure\n|turn|28\n|\n|t:|1781407861\n|move|p1a: Haxorus|Close Combat|p2a: Corviknight\n|-damage|p2a: Corviknight|203/288\n|-unboost|p1a: Haxorus|def|1\n|-unboost|p1a: Haxorus|spd|1\n|move|p2a: Corviknight|Brave Bird|p1a: Haxorus\n|-crit|p1a: Haxorus\n|-damage|p1a: Haxorus|0 fnt\n|faint|p1a: Haxorus\n|-damage|p2a: Corviknight|184/288|[from] Recoil\n|\n|-weather|Snowscape|[upkeep]\n|-heal|p2a: Corviknight|202/288|[from] item: Leftovers\n|upkeep\n|\n|t:|1781407865\n|switch|p1a: Bellossom|Bellossom, L84, M|263/263\n|-activate|p1a: Bellossom|move: Sticky Web\n|-unboost|p1a: Bellossom|spe|1\n|turn|29\n|\n|t:|1781407869\n|move|p2a: Corviknight|Brave Bird|p1a: Bellossom\n|-supereffective|p1a: Bellossom\n|-damage|p1a: Bellossom|63/263\n|-damage|p2a: Corviknight|136/288|[from] Recoil\n|move|p1a: Bellossom|Strength Sap|p2a: Corviknight\n|-unboost|p2a: Corviknight|atk|1\n|-heal|p1a: Bellossom|248/263\n|\n|-weather|none\n|-heal|p2a: Corviknight|154/288|[from] item: Leftovers\n|-heal|p1a: Bellossom|263/263|[from] item: Leftovers\n|upkeep\n|turn|30\n|\n|t:|1781407878\n|move|p2a: Corviknight|Brave Bird|p1a: Bellossom\n|-supereffective|p1a: Bellossom\n|-crit|p1a: Bellossom\n|-damage|p1a: Bellossom|0 fnt\n|faint|p1a: Bellossom\n|-damage|p2a: Corviknight|67/288|[from] Recoil\n|\n|win|chichoxd19\n|raw|Pugwah's rating: 1814 &rarr; <strong>1791</strong><br />(-23 for losing)\n|raw|chichoxd19's rating: 1764 &rarr; <strong>1787</strong><br />(+23 for winning)\n", "inputlog": ">version a8376a258c1d4662feba110a92103f3664a72141\n>start {\"formatid\":\"gen9randombattle\",\"seed\":\"sodium,729fca1e3cab93196afc529fef812648\",\"rated\":\"Rated battle\"}\n>player p1 {\"name\":\"Pugwah\",\"avatar\":\"pokemaniac\",\"rating\":1814,\"seed\":\"sodium,60637565f90d9b29284d5d26d08c3772\"}\n>player p2 {\"name\":\"chichoxd19\",\"avatar\":\"265\",\"rating\":1764,\"seed\":\"sodium,7ac9a6a6a27115ad1433d008ec01330b\"}\n>p1 move lashout\n>p2 move luminacrash\n>p2 switch 4\n>p1 switch 5\n>p2 move voltswitch\n>p2 switch 5\n>p1 move auroraveil\n>p2 move taunt\n>p1 switch 6\n>p2 move pounce\n>p1 move flamethrower\n>p2 move stickyweb\n>p2 switch 6\n>p1 move protect\n>p2 move psychocut\n>p1 move toxic\n>p2 move psychocut\n>p1 switch 3\n>p1 move strengthsap\n>p2 move sacredsword\n>p1 move quiverdance\n>p2 switch 3\n>p1 switch 5\n>p2 move bravebird\n>p1 move doubleedge\n>p2 switch 2\n>p1 switch 2\n>p2 move bodypress\n>p1 move shadowball\n>p2 switch 5\n>p1 switch 6\n>p2 move thunderbolt\n>p1 move auroraveil\n>p2 move voltswitch\n>p2 switch 5\n>p1 move blizzard\n>p2 move bravebird\n>p1 move blizzard\n>p2 move roost\n>p1 move blizzard\n>p2 move roost\n>p1 switch 6\n>p2 move roost\n>p1 move nastyplot\n>p2 move bravebird\n>p1 move shadowball\n>p2 switch 2\n>p1 move shadowball\n>p2 move roost\n>p1 move shadowball\n>p2 move freezedry\n>p2 switch 3\n>p1 move shadowball terastallize\n>p2 move nightslash terastallize\n>p1 switch 6\n>p1 move auroraveil\n>p2 move sacredsword\n>p1 switch 2\n>p1 move doubleedge\n>p2 move nightslash\n>p1 switch 4\n>p1 move scaleshot\n>p2 move nightslash\n>p2 switch 2\n>p1 move closecombat\n>p2 move bravebird\n>p1 switch 5\n>p1 move strengthsap\n>p2 move bravebird\n>p1 move strengthsap\n>p2 move bravebird", "uploadtime": 1781407882, "views": 4, "formatid": "gen9randombattle", "rating": 1787, "private": 0, "password": null}