{"id": "gen9randombattle-2632005090", "format": "[Gen 9] Random Battle", "players": ["Jesse1807", "tobititz"], "log": "|j|\u2606Jesse1807\n|j|\u2606tobititz\n|t:|1781465045\n|gametype|singles\n|player|p1|Jesse1807|1|2006\n|player|p2|tobititz|2|1996\n|gen|9\n|tier|[Gen 9] Random Battle\n|rated|\n|rule|Species Clause: Limit one of each Pok\u00e9mon\n|rule|HP Percentage Mod: HP is shown in percentages\n|rule|Sleep Clause Mod: Limit one foe put to sleep\n|rule|Illusion Level Mod: Illusion disguises the Pok\u00e9mon's true level\n|\n|t:|1781465045\n|teamsize|p1|6\n|teamsize|p2|6\n|start\n|switch|p1a: Dragonite|Dragonite, L74, F|257/257\n|switch|p2a: Ditto|Ditto, L87|225/225\n|-transform|p2a: Ditto|p1a: Dragonite|[from] ability: Imposter\n|turn|1\n|\n|t:|1781465055\n|switch|p2a: Uxie|Uxie, L83|260/260\n|move|p1a: Dragonite|Dragon Dance|p1a: Dragonite\n|-boost|p1a: Dragonite|atk|1\n|-boost|p1a: Dragonite|spe|1\n|\n|upkeep\n|turn|2\n|\n|t:|1781465058\n|move|p1a: Dragonite|Outrage|p2a: Uxie\n|-damage|p2a: Uxie|124/260\n|move|p2a: Uxie|Knock Off|p1a: Dragonite\n|-damage|p1a: Dragonite|227/257\n|-enditem|p1a: Dragonite|Heavy-Duty Boots|[from] move: Knock Off|[of] p2a: Uxie\n|\n|-heal|p2a: Uxie|140/260|[from] item: Leftovers\n|upkeep\n|turn|3\n|\n|t:|1781465065\n|move|p1a: Dragonite|Outrage|p2a: Uxie|[from] lockedmove\n|-damage|p2a: Uxie|0 fnt\n|faint|p2a: Uxie\n|-start|p1a: Dragonite|confusion|[fatigue]\n|\n|upkeep\n|\n|t:|1781465071\n|switch|p2a: Girafarig|Girafarig, L89, M|269/269\n|turn|4\n|\n|t:|1781465074\n|-activate|p1a: Dragonite|confusion\n|-damage|p1a: Dragonite|180/257|[from] confusion\n|move|p2a: Girafarig|Dazzling Gleam|p1a: Dragonite\n|-supereffective|p1a: Dragonite\n|-damage|p1a: Dragonite|56/257\n|\n|upkeep\n|turn|5\n|\n|t:|1781465078\n|-end|p1a: Dragonite|confusion\n|move|p1a: Dragonite|Outrage|p2a: Girafarig\n|-damage|p2a: Girafarig|128/269\n|move|p2a: Girafarig|Dazzling Gleam|p1a: Dragonite\n|-supereffective|p1a: Dragonite\n|-damage|p1a: Dragonite|0 fnt\n|faint|p1a: Dragonite\n|\n|upkeep\n|\n|t:|1781465085\n|switch|p1a: Pikachu|Pikachu-World, L93, F|216/216\n|turn|6\n|\n|t:|1781465089\n|move|p1a: Pikachu|Knock Off|p2a: Girafarig\n|-supereffective|p2a: Girafarig\n|-damage|p2a: Girafarig|0 fnt\n|-enditem|p2a: Girafarig|Eviolite|[from] move: Knock Off|[of] p1a: Pikachu\n|faint|p2a: Girafarig\n|\n|upkeep\n|\n|t:|1781465093\n|switch|p2a: Banette|Banette, L93, F|270/270\n|turn|7\n|\n|t:|1781465096\n|move|p1a: Pikachu|Knock Off|p2a: Banette\n|-supereffective|p2a: Banette\n|-damage|p2a: Banette|8/270\n|-enditem|p2a: Banette|Life Orb|[from] move: Knock Off|[of] p1a: Pikachu\n|move|p2a: Banette|Poltergeist|p1a: Pikachu\n|-activate|p1a: Pikachu|move: Poltergeist|Light Ball\n|-damage|p1a: Pikachu|0 fnt\n|faint|p1a: Pikachu\n|\n|upkeep\n|\n|t:|1781465108\n|switch|p1a: Gastrodon|Gastrodon-East, L86, M|331/331\n|turn|8\n|\n|t:|1781465114\n|move|p2a: Banette|Poltergeist|p1a: Gastrodon\n|-activate|p1a: Gastrodon|move: Poltergeist|Leftovers\n|-damage|p1a: Gastrodon|121/331\n|move|p1a: Gastrodon|Earthquake|p2a: Banette\n|-damage|p2a: Banette|0 fnt\n|faint|p2a: Banette\n|\n|-heal|p1a: Gastrodon|141/331|[from] item: Leftovers\n|upkeep\n|\n|t:|1781465120\n|switch|p2a: Swanna|Swanna, L89, F|278/278\n|turn|9\n|\n|t:|1781465125\n|move|p2a: Swanna|Brave Bird|p1a: Gastrodon\n|-damage|p1a: Gastrodon|0 fnt\n|faint|p1a: Gastrodon\n|-damage|p2a: Swanna|231/278|[from] Recoil\n|\n|upkeep\n|\n|t:|1781465130\n|switch|p1a: Slowking|Slowking-Galar, L85, M|300/300\n|turn|10\n|\n|t:|1781465134\n|move|p2a: Swanna|Brave Bird|p1a: Slowking\n|-damage|p1a: Slowking|153/300\n|-damage|p2a: Swanna|182/278|[from] Recoil\n|move|p1a: Slowking|Sludge Bomb|p2a: Swanna\n|-damage|p2a: Swanna|40/278\n|\n|upkeep\n|turn|11\n|\n|t:|1781465140\n|move|p2a: Swanna|Brave Bird|p1a: Slowking\n|-crit|p1a: Slowking\n|-damage|p1a: Slowking|0 fnt\n|faint|p1a: Slowking\n|-damage|p2a: Swanna|0 fnt|[from] Recoil\n|faint|p2a: Swanna\n|\n|upkeep\n|\n|t:|1781465147\n|switch|p2a: Comfey|Comfey, L85, M|225/225\n|switch|p1a: Brute Bonnet|Brute Bonnet, L80|309/309\n|turn|12\n|\n|t:|1781465152\n|move|p2a: Comfey|Taunt|p1a: Brute Bonnet\n|-start|p1a: Brute Bonnet|move: Taunt\n|cant|p1a: Brute Bonnet|move: Taunt|Spore\n|\n|upkeep\n|turn|13\n|\n|t:|1781465160\n|move|p2a: Comfey|Calm Mind|p2a: Comfey\n|-boost|p2a: Comfey|spa|1\n|-boost|p2a: Comfey|spd|1\n|move|p1a: Brute Bonnet|Seed Bomb|p2a: Comfey\n|-damage|p2a: Comfey|129/225\n|\n|-heal|p2a: Comfey|143/225|[from] item: Leftovers\n|upkeep\n|turn|14\n|\n|t:|1781465172\n|move|p2a: Comfey|Draining Kiss|p1a: Brute Bonnet\n|-supereffective|p1a: Brute Bonnet\n|-damage|p1a: Brute Bonnet|159/309\n|-heal|p2a: Comfey|225/225|[from] drain|[of] p1a: Brute Bonnet\n|move|p1a: Brute Bonnet|Seed Bomb|p2a: Comfey\n|-damage|p2a: Comfey|135/225\n|\n|-heal|p2a: Comfey|149/225|[from] item: Leftovers\n|-heal|p1a: Brute Bonnet|178/309|[from] item: Leftovers\n|-end|p1a: Brute Bonnet|move: Taunt\n|upkeep\n|turn|15\n|\n|t:|1781465178\n|move|p2a: Comfey|Draining Kiss|p1a: Brute Bonnet\n|-supereffective|p1a: Brute Bonnet\n|-damage|p1a: Brute Bonnet|38/309\n|-heal|p2a: Comfey|225/225|[from] drain|[of] p1a: Brute Bonnet\n|move|p1a: Brute Bonnet|Crunch|p2a: Comfey\n|-resisted|p2a: Comfey\n|-damage|p2a: Comfey|174/225\n|\n|-heal|p2a: Comfey|188/225|[from] item: Leftovers\n|-heal|p1a: Brute Bonnet|57/309|[from] item: Leftovers\n|upkeep\n|turn|16\n|\n|t:|1781465183\n|move|p2a: Comfey|Draining Kiss|p1a: Brute Bonnet\n|-supereffective|p1a: Brute Bonnet\n|-crit|p1a: Brute Bonnet\n|-damage|p1a: Brute Bonnet|0 fnt\n|-heal|p2a: Comfey|225/225|[from] drain|[of] p1a: Brute Bonnet\n|faint|p1a: Brute Bonnet\n|-end|p1a: Brute Bonnet|Protosynthesis|[silent]\n|\n|upkeep\n|inactive|Battle timer is ON: inactive players will automatically lose when time's up. (requested by tobititz)\n|\n|t:|1781465200\n|switch|p1a: Sandaconda|Sandaconda, L84, M|258/258\n|turn|17\n|\n|t:|1781465213\n|move|p2a: Comfey|Taunt|p1a: Sandaconda\n|-start|p1a: Sandaconda|move: Taunt\n|move|p1a: Sandaconda|Earthquake|p2a: Comfey\n|-damage|p2a: Comfey|117/225\n|\n|-heal|p2a: Comfey|131/225|[from] item: Leftovers\n|upkeep\n|turn|18\n|\n|t:|1781465216\n|move|p2a: Comfey|Draining Kiss|p1a: Sandaconda\n|-damage|p1a: Sandaconda|173/258\n|-heal|p2a: Comfey|195/225|[from] drain|[of] p1a: Sandaconda\n|move|p1a: Sandaconda|Earthquake|p2a: Comfey\n|-crit|p2a: Comfey\n|-damage|p2a: Comfey|35/225\n|\n|-heal|p2a: Comfey|49/225|[from] item: Leftovers\n|-heal|p1a: Sandaconda|189/258|[from] item: Leftovers\n|upkeep\n|turn|19\n|\n|t:|1781465222\n|move|p2a: Comfey|Draining Kiss|p1a: Sandaconda\n|-damage|p1a: Sandaconda|95/258\n|-heal|p2a: Comfey|120/225|[from] drain|[of] p1a: Sandaconda\n|move|p1a: Sandaconda|Earthquake|p2a: Comfey\n|-damage|p2a: Comfey|6/225\n|\n|-heal|p2a: Comfey|20/225|[from] item: Leftovers\n|-heal|p1a: Sandaconda|111/258|[from] item: Leftovers\n|-end|p1a: Sandaconda|move: Taunt\n|upkeep\n|turn|20\n|\n|t:|1781465229\n|move|p2a: Comfey|Draining Kiss|p1a: Sandaconda\n|-damage|p1a: Sandaconda|17/258\n|-heal|p2a: Comfey|91/225|[from] drain|[of] p1a: Sandaconda\n|move|p1a: Sandaconda|Earthquake|p2a: Comfey\n|-damage|p2a: Comfey|0 fnt\n|faint|p2a: Comfey\n|\n|-heal|p1a: Sandaconda|33/258|[from] item: Leftovers\n|upkeep\n|\n|t:|1781465230\n|switch|p2a: Ditto|Ditto, L87|225/225\n|-transform|p2a: Ditto|p1a: Sandaconda|[from] ability: Imposter\n|turn|21\n|\n|t:|1781465233\n|-terastallize|p1a: Sandaconda|Dragon\n|move|p2a: Ditto|Earthquake|p1a: Sandaconda\n|-damage|p1a: Sandaconda|0 fnt\n|faint|p1a: Sandaconda\n|\n|win|tobititz\n", "inputlog": ">version a8376a258c1d4662feba110a92103f3664a72141\n>start {\"formatid\":\"gen9randombattle\",\"seed\":\"sodium,ed6ede9a4313690e254308f5d3c38c94\",\"rated\":\"Rated battle\"}\n>player p1 {\"name\":\"Jesse1807\",\"avatar\":\"1\",\"rating\":2006,\"seed\":\"sodium,6c19e7b01548c931b4a79a942527ee94\"}\n>player p2 {\"name\":\"tobititz\",\"avatar\":\"2\",\"rating\":1996,\"seed\":\"sodium,1453ea91927169ae2787d6ed9bcbde17\"}\n>p1 move dragondance\n>p2 switch 3\n>p1 move outrage\n>p2 move knockoff\n>p1 move outrage\n>p2 move thunderwave\n>p2 switch 4\n>p1 move outrage\n>p2 move dazzlinggleam\n>p1 move outrage\n>p2 move dazzlinggleam\n>p1 switch 6\n>p1 move knockoff\n>p2 move psychic\n>p2 switch 5\n>p1 move knockoff\n>p2 move poltergeist\n>p1 switch 3\n>p1 move earthquake\n>p2 move poltergeist\n>p2 switch 6\n>p1 move recover\n>p2 move bravebird\n>p1 switch 2\n>p1 move sludgebomb\n>p2 move bravebird\n>p1 move sludgebomb\n>p2 move bravebird\n>p1 switch 4\n>p2 switch 2\n>p1 move spore\n>p2 move taunt\n>p1 move seedbomb\n>p2 move calmmind\n>p1 move seedbomb\n>p2 move drainingkiss\n>p1 move crunch\n>p2 move drainingkiss\n>p1 move suckerpunch\n>p2 move drainingkiss\n>p1 switch 5\n>p1 move earthquake\n>p2 move taunt\n>p1 move earthquake\n>p2 move drainingkiss\n>p1 move earthquake\n>p2 move drainingkiss\n>p1 move earthquake\n>p2 move drainingkiss\n>p2 switch 3\n>p1 move rest terastallize\n>p2 move earthquake", "uploadtime": 1781465047, "views": 6, "formatid": "gen9randombattle", "rating": null, "private": 0, "password": null}