{"id": "gen9randombattle-2631387174", "format": "[Gen 9] Random Battle", "players": ["alolandrake", "namanpokemonmaster"], "log": "|j|\u2606alolandrake\n|j|\u2606namanpokemonmaster\n|t:|1781378624\n|gametype|singles\n|player|p1|alolandrake|1|2079\n|player|p2|namanpokemonmaster|101|2068\n|gen|9\n|tier|[Gen 9] Random Battle\n|rated|\n|rule|Species Clause: Limit one of each Pok\u00e9mon\n|rule|HP Percentage Mod: HP is shown in percentages\n|rule|Sleep Clause Mod: Limit one foe put to sleep\n|rule|Illusion Level Mod: Illusion disguises the Pok\u00e9mon's true level\n|\n|t:|1781378624\n|teamsize|p1|6\n|teamsize|p2|6\n|start\n|switch|p1a: Meloetta|Meloetta, L82|298/298\n|switch|p2a: Jumpluff|Jumpluff, L87, M|271/271\n|turn|1\n|inactive|Battle timer is ON: inactive players will automatically lose when time's up. (requested by namanpokemonmaster)\n|\n|t:|1781378631\n|move|p2a: Jumpluff|U-turn|p1a: Meloetta\n|-supereffective|p1a: Meloetta\n|-damage|p1a: Meloetta|222/298\n|\n|t:|1781378635\n|switch|p2a: Mimikyu|Mimikyu, L79, M|216/216|[from] U-turn\n|move|p1a: Meloetta|Triple Axel|p2a: Mimikyu\n|-activate|p2a: Mimikyu|ability: Disguise\n|-damage|p2a: Mimikyu|216/216\n|detailschange|p2a: Mimikyu|Mimikyu-Busted, L79, M\n|-damage|p2a: Mimikyu|189/216|[from] pokemon: Mimikyu-Busted\n|-hitcount|p2a: Mimikyu|1\n|-damage|p1a: Meloetta|193/298|[from] item: Life Orb\n|\n|upkeep\n|turn|2\n|\n|t:|1781378650\n|move|p2a: Mimikyu|Swords Dance|p2a: Mimikyu\n|-boost|p2a: Mimikyu|atk|2\n|move|p1a: Meloetta|Knock Off|p2a: Mimikyu\n|-damage|p2a: Mimikyu|108/216\n|-enditem|p2a: Mimikyu|Life Orb|[from] move: Knock Off|[of] p1a: Meloetta\n|-damage|p1a: Meloetta|164/298|[from] item: Life Orb\n|\n|upkeep\n|turn|3\n|\n|t:|1781378659\n|switch|p1a: Scizor|Scizor, L79, M|240/240\n|move|p2a: Mimikyu|Play Rough|p1a: Scizor\n|-resisted|p1a: Scizor\n|-damage|p1a: Scizor|166/240\n|\n|upkeep\n|turn|4\n|\n|t:|1781378667\n|switch|p2a: Groudon|Groudon, L72|263/263\n|-weather|SunnyDay|[from] ability: Drought|[of] p2a: Groudon\n|move|p1a: Scizor|Bullet Punch|p2a: Groudon\n|-damage|p2a: Groudon|182/263\n|\n|-weather|SunnyDay|[upkeep]\n|-heal|p2a: Groudon|198/263|[from] item: Leftovers\n|upkeep\n|turn|5\n|\n|t:|1781378675\n|switch|p2a: Mimikyu|Mimikyu-Busted, L79, M|108/216\n|switch|p1a: Charizard|Charizard, L85, F|271/271\n|\n|-weather|SunnyDay|[upkeep]\n|upkeep\n|turn|6\n|\n|t:|1781378681\n|move|p2a: Mimikyu|Shadow Sneak|p1a: Charizard\n|-damage|p1a: Charizard|232/271\n|move|p1a: Charizard|Flamethrower|p2a: Mimikyu\n|-damage|p2a: Mimikyu|0 fnt\n|faint|p2a: Mimikyu\n|\n|-weather|SunnyDay|[upkeep]\n|upkeep\n|\n|t:|1781378689\n|switch|p2a: Groudon|Groudon, L72|198/263\n|turn|7\n|\n|t:|1781378692\n|-terastallize|p1a: Charizard|Fire\n|move|p1a: Charizard|Flamethrower|p2a: Groudon\n|-damage|p2a: Groudon|0 fnt\n|faint|p2a: Groudon\n|\n|-weather|SunnyDay|[upkeep]\n|upkeep\n|\n|t:|1781378702\n|switch|p2a: Veluza|Veluza, L85, M|292/292\n|turn|8\n|\n|t:|1781378707\n|move|p1a: Charizard|Flamethrower|p2a: Veluza\n|-resisted|p2a: Veluza\n|-damage|p2a: Veluza|161/292\n|-status|p2a: Veluza|brn\n|move|p2a: Veluza|Fillet Away|p2a: Veluza\n|-boost|p2a: Veluza|atk|2\n|-boost|p2a: Veluza|spa|2\n|-boost|p2a: Veluza|spe|2\n|-damage|p2a: Veluza|15/292 brn\n|-enditem|p2a: Veluza|Sitrus Berry|[eat]\n|-heal|p2a: Veluza|88/292 brn|[from] item: Sitrus Berry\n|\n|-weather|none\n|-damage|p2a: Veluza|70/292 brn|[from] brn\n|upkeep\n|turn|9\n|-message|namanpokemonmaster forfeited.\n|\n|win|alolandrake\n", "inputlog": ">version a8376a258c1d4662feba110a92103f3664a72141\n>start {\"formatid\":\"gen9randombattle\",\"seed\":\"sodium,39cbc02d7aa378d37d8ea743c4ee7874\",\"rated\":\"Rated battle\"}\n>player p1 {\"name\":\"alolandrake\",\"avatar\":\"1\",\"rating\":2079,\"seed\":\"sodium,6990c827bf51a656633bd1e6c008e13b\"}\n>player p2 {\"name\":\"namanpokemonmaster\",\"avatar\":\"101\",\"rating\":2068,\"seed\":\"sodium,389b39adf94f961fb1edcff73e4c149b\"}\n>p1 move tripleaxel\n>p2 move uturn\n>p2 switch 4\n>p1 move knockoff\n>p2 move swordsdance\n>p1 switch 4\n>p2 move playrough\n>p1 move bulletpunch\n>p2 switch 6\n>p1 switch 3\n>p2 switch 6\n>p1 move flamethrower\n>p2 move shadowsneak\n>p2 switch 6\n>p1 move flamethrower terastallize\n>p2 move stoneedge\n>p2 switch 2\n>p1 move flamethrower\n>p2 move filletaway\n>forcelose p2", "uploadtime": 1781378626, "views": 7, "formatid": "gen9randombattle", "rating": null, "private": 0, "password": null}