{"id": "gen9randombattle-2631866099", "format": "[Gen 9] Random Battle", "players": ["WhatEver2102", "Lunarity123"], "log": "|j|\u2606WhatEver2102\n|j|\u2606Lunarity123\n|t:|1781449810\n|gametype|singles\n|player|p1|WhatEver2102|juan|1992\n|player|p2|Lunarity123|170|1984\n|gen|9\n|tier|[Gen 9] Random Battle\n|rated|\n|rule|Species Clause: Limit one of each Pok\u00e9mon\n|rule|HP Percentage Mod: HP is shown in percentages\n|rule|Sleep Clause Mod: Limit one foe put to sleep\n|rule|Illusion Level Mod: Illusion disguises the Pok\u00e9mon's true level\n|\n|t:|1781449810\n|teamsize|p1|6\n|teamsize|p2|6\n|start\n|switch|p1a: Dusknoir|Dusknoir, L89, M|225/225\n|switch|p2a: Perrserker|Perrserker, L89, F|269/269\n|-item|p2a: Perrserker|Life Orb|[from] ability: Frisk|[of] p1a: Dusknoir\n|turn|1\n|inactive|Battle timer is ON: inactive players will automatically lose when time's up. (requested by Lunarity123)\n|\n|t:|1781449829\n|move|p2a: Perrserker|Stealth Rock|p1a: Dusknoir\n|-sidestart|p1: WhatEver2102|move: Stealth Rock\n|move|p1a: Dusknoir|Poltergeist|p2a: Perrserker\n|-activate|p2a: Perrserker|move: Poltergeist|Life Orb\n|-damage|p2a: Perrserker|106/269\n|\n|upkeep\n|turn|2\n|\n|t:|1781449840\n|move|p2a: Perrserker|U-turn|p1a: Dusknoir\n|-resisted|p1a: Dusknoir\n|-damage|p1a: Dusknoir|193/225\n|-damage|p2a: Perrserker|80/269|[from] item: Life Orb\n|\n|t:|1781449842\n|switch|p2a: Honchkrow|Honchkrow, L86, M|312/312|[from] U-turn\n|move|p1a: Dusknoir|Poltergeist|p2a: Honchkrow\n|-activate|p2a: Honchkrow|move: Poltergeist|Heavy-Duty Boots\n|-resisted|p2a: Honchkrow\n|-damage|p2a: Honchkrow|181/312\n|\n|upkeep\n|turn|3\n|\n|t:|1781449861\n|switch|p1a: Glalie|Glalie, L96, M|309/309\n|move|p2a: Honchkrow|Brave Bird|p1a: Glalie\n|-damage|p1a: Glalie|167/309\n|-damage|p2a: Honchkrow|134/312|[from] Recoil\n|\n|upkeep\n|turn|4\n|\n|t:|1781449885\n|switch|p2a: Glaceon|Glaceon, L94, M|275/275\n|move|p1a: Glalie|Freeze-Dry|p2a: Glaceon\n|-resisted|p2a: Glaceon\n|-damage|p2a: Glaceon|240/275\n|\n|upkeep\n|turn|5\n|\n|t:|1781449893\n|move|p1a: Glalie|Taunt|p2a: Glaceon\n|-start|p2a: Glaceon|move: Taunt\n|cant|p2a: Glaceon|move: Taunt|Wish\n|\n|upkeep\n|turn|6\n|\n|t:|1781449899\n|move|p1a: Glalie|Spikes|p2a: Glaceon\n|-sidestart|p2: Lunarity123|Spikes\n|move|p2a: Glaceon|Mud Shot|p1a: Glalie\n|-damage|p1a: Glalie|107/309\n|-unboost|p1a: Glalie|spe|1\n|\n|upkeep\n|turn|7\n|\n|t:|1781449903\n|move|p2a: Glaceon|Mud Shot|p1a: Glalie\n|-damage|p1a: Glalie|53/309\n|-unboost|p1a: Glalie|spe|1\n|move|p1a: Glalie|Earthquake|p2a: Glaceon\n|-damage|p2a: Glaceon|179/275\n|\n|-end|p2a: Glaceon|move: Taunt\n|upkeep\n|turn|8\n|\n|t:|1781449909\n|switch|p1a: Talonflame|Talonflame, L83, F|265/265\n|move|p2a: Glaceon|Wish|p2a: Glaceon\n|\n|upkeep\n|turn|9\n|\n|t:|1781449926\n|switch|p2a: Empoleon|Empoleon, L84, M|278/278\n|-damage|p2a: Empoleon|244/278|[from] Spikes\n|move|p1a: Talonflame|Swords Dance|p1a: Talonflame\n|-boost|p1a: Talonflame|atk|2\n|\n|-heal|p2a: Empoleon|278/278|[from] move: Wish|[wisher] Glaceon\n|upkeep\n|turn|10\n|inactive|Lunarity123 has 120 seconds left.\n|\n|t:|1781449954\n|-terastallize|p1a: Talonflame|Ground\n|-terastallize|p2a: Empoleon|Grass\n|move|p1a: Talonflame|Tera Blast|p2a: Empoleon|[anim] Tera Blast Ground\n|-resisted|p2a: Empoleon\n|-damage|p2a: Empoleon|199/278\n|move|p2a: Empoleon|Surf|p1a: Talonflame\n|-supereffective|p1a: Talonflame\n|-damage|p1a: Talonflame|11/265\n|\n|-heal|p2a: Empoleon|216/278|[from] item: Leftovers\n|upkeep\n|turn|11\n|inactive|Lunarity123 has 120 seconds left.\n|\n|t:|1781449968\n|switch|p2a: Perrserker|Perrserker, L89, F|80/269\n|-damage|p2a: Perrserker|47/269|[from] Spikes\n|move|p1a: Talonflame|Flare Blitz|p2a: Perrserker\n|-supereffective|p2a: Perrserker\n|-damage|p2a: Perrserker|0 fnt\n|faint|p2a: Perrserker\n|-damage|p1a: Talonflame|0 fnt|[from] Recoil\n|faint|p1a: Talonflame\n|\n|upkeep\n|inactive|Lunarity123 has 120 seconds left.\n|\n|t:|1781449989\n|switch|p1a: Copperajah|Copperajah, L86, F|350/350\n|switch|p2a: Honchkrow|Honchkrow, L86, M|134/312\n|-damage|p1a: Copperajah|329/350|[from] Stealth Rock\n|turn|12\n|\n|t:|1781449994\n|move|p2a: Honchkrow|Heat Wave|p1a: Copperajah\n|-supereffective|p1a: Copperajah\n|-damage|p1a: Copperajah|143/350\n|move|p1a: Copperajah|Iron Head|p2a: Honchkrow\n|-damage|p2a: Honchkrow|0 fnt\n|faint|p2a: Honchkrow\n|\n|upkeep\n|\n|t:|1781450009\n|switch|p2a: Camerupt|Camerupt, L91, M|275/275\n|-damage|p2a: Camerupt|241/275|[from] Spikes\n|turn|13\n|\n|t:|1781450036\n|switch|p1a: Iron Jugulis|Iron Jugulis, L77|271/271\n|-damage|p1a: Iron Jugulis|204/271|[from] Stealth Rock\n|move|p2a: Camerupt|Earthquake|p1a: Iron Jugulis\n|-immune|p1a: Iron Jugulis\n|\n|-heal|p2a: Camerupt|258/275|[from] item: Leftovers\n|upkeep\n|turn|14\n|inactive|Lunarity123 has 120 seconds left.\n|\n|t:|1781450052\n|switch|p2a: Empoleon|Empoleon, L84, M, tera:Grass|216/278\n|-damage|p2a: Empoleon|182/278|[from] Spikes\n|move|p1a: Iron Jugulis|Hurricane|p2a: Empoleon|[miss]\n|-miss|p1a: Iron Jugulis|p2a: Empoleon\n|\n|-heal|p2a: Empoleon|199/278|[from] item: Leftovers\n|upkeep\n|turn|15\n|inactive|Lunarity123 has 120 seconds left.\n|\n|t:|1781450058\n|move|p1a: Iron Jugulis|Hurricane|p2a: Empoleon|[miss]\n|-miss|p1a: Iron Jugulis|p2a: Empoleon\n|move|p2a: Empoleon|Surf|p1a: Iron Jugulis\n|-damage|p1a: Iron Jugulis|81/271\n|\n|-heal|p2a: Empoleon|216/278|[from] item: Leftovers\n|upkeep\n|turn|16\n|\n|t:|1781450064\n|move|p1a: Iron Jugulis|Hurricane|p2a: Empoleon\n|-supereffective|p2a: Empoleon\n|-damage|p2a: Empoleon|0 fnt\n|faint|p2a: Empoleon\n|\n|upkeep\n|\n|t:|1781450072\n|switch|p2a: Glaceon|Glaceon, L94, M|179/275\n|turn|17\n|\n|t:|1781450074\n|move|p1a: Iron Jugulis|Hurricane|p2a: Glaceon|[miss]\n|-miss|p1a: Iron Jugulis|p2a: Glaceon\n|move|p2a: Glaceon|Freeze-Dry|p1a: Iron Jugulis\n|-supereffective|p1a: Iron Jugulis\n|-damage|p1a: Iron Jugulis|0 fnt\n|faint|p1a: Iron Jugulis\n|-end|p1a: Iron Jugulis|Quark Drive|[silent]\n|\n|upkeep\n|\n|t:|1781450080\n|switch|p1a: Dusknoir|Dusknoir, L89, M|193/225\n|-damage|p1a: Dusknoir|165/225|[from] Stealth Rock\n|-item|p2a: Glaceon|Heavy-Duty Boots|[from] ability: Frisk|[of] p1a: Dusknoir\n|turn|18\n|\n|t:|1781450087\n|move|p2a: Glaceon|Protect|p2a: Glaceon\n|-singleturn|p2a: Glaceon|Protect\n|move|p1a: Dusknoir|Poltergeist|p2a: Glaceon\n|-activate|p2a: Glaceon|move: Protect\n|\n|upkeep\n|turn|19\n|\n|t:|1781450091\n|move|p2a: Glaceon|Wish|p2a: Glaceon\n|move|p1a: Dusknoir|Poltergeist|p2a: Glaceon\n|-activate|p2a: Glaceon|move: Poltergeist|Heavy-Duty Boots\n|-damage|p2a: Glaceon|29/275\n|\n|upkeep\n|turn|20\n|\n|t:|1781450097\n|switch|p1a: Glalie|Glalie, L96, M|53/309\n|move|p2a: Glaceon|Protect||[still]\n|-fail|p2a: Glaceon\n|\n|-heal|p2a: Glaceon|166/275|[from] move: Wish|[wisher] Glaceon\n|upkeep\n|turn|21\n|\n|t:|1781450117\n|move|p1a: Glalie|Taunt|p2a: Glaceon\n|-start|p2a: Glaceon|move: Taunt\n|move|p2a: Glaceon|Mud Shot|p1a: Glalie\n|-damage|p1a: Glalie|0 fnt\n|faint|p1a: Glalie\n|\n|upkeep\n|\n|t:|1781450119\n|switch|p1a: Dusknoir|Dusknoir, L89, M|165/225\n|-damage|p1a: Dusknoir|137/225|[from] Stealth Rock\n|-item|p2a: Glaceon|Heavy-Duty Boots|[from] ability: Frisk|[of] p1a: Dusknoir\n|turn|22\n|\n|t:|1781450128\n|switch|p2a: Golduck|Golduck, L90, F|290/290\n|-damage|p2a: Golduck|254/290|[from] Spikes\n|-ability|p2a: Golduck|Cloud Nine\n|move|p1a: Dusknoir|Trick|p2a: Golduck\n|-activate|p1a: Dusknoir|move: Trick|[of] p2a: Golduck\n|-item|p2a: Golduck|Choice Band|[from] move: Trick\n|-item|p1a: Dusknoir|Leftovers|[from] move: Trick\n|\n|-heal|p1a: Dusknoir|151/225|[from] item: Leftovers\n|upkeep\n|turn|23\n|\n|t:|1781450136\n|move|p2a: Golduck|Hydro Pump|p1a: Dusknoir\n|-damage|p1a: Dusknoir|57/225\n|move|p1a: Dusknoir|Poltergeist|p2a: Golduck\n|-activate|p2a: Golduck|move: Poltergeist|Choice Band\n|-damage|p2a: Golduck|116/290\n|\n|-heal|p1a: Dusknoir|71/225|[from] item: Leftovers\n|upkeep\n|turn|24\n|\n|t:|1781450150\n|move|p1a: Dusknoir|Shadow Sneak|p2a: Golduck\n|-damage|p2a: Golduck|68/290\n|move|p2a: Golduck|Hydro Pump|p1a: Dusknoir\n|-damage|p1a: Dusknoir|0 fnt\n|faint|p1a: Dusknoir\n|\n|upkeep\n|\n|t:|1781450166\n|switch|p1a: Golem|Golem-Alola, L93, M|300/300\n|-damage|p1a: Golem|263/300|[from] Stealth Rock\n|turn|25\n|\n|t:|1781450172\n|move|p2a: Golduck|Hydro Pump|p1a: Golem\n|-supereffective|p1a: Golem\n|-damage|p1a: Golem|0 fnt\n|faint|p1a: Golem\n|\n|upkeep\n|\n|t:|1781450174\n|switch|p1a: Copperajah|Copperajah, L86, F|143/350\n|-damage|p1a: Copperajah|122/350|[from] Stealth Rock\n|turn|26\n|\n|t:|1781450176\n|move|p2a: Golduck|Hydro Pump|p1a: Copperajah\n|-damage|p1a: Copperajah|0 fnt\n|faint|p1a: Copperajah\n|\n|win|Lunarity123\n", "inputlog": ">version a8376a258c1d4662feba110a92103f3664a72141\n>start {\"formatid\":\"gen9randombattle\",\"seed\":\"sodium,905fcc9b444befc8c299c0d29698e308\",\"rated\":\"Rated battle\"}\n>player p1 {\"name\":\"WhatEver2102\",\"avatar\":\"juan\",\"rating\":1992,\"seed\":\"sodium,10e1b825620b2ea7208f3f7830f9153a\"}\n>player p2 {\"name\":\"Lunarity123\",\"avatar\":\"170\",\"rating\":1984,\"seed\":\"sodium,70c4a26e5924416e28f1e9afbad9b13d\"}\n>p1 move poltergeist\n>p2 move stealthrock\n>p1 move poltergeist\n>p2 move uturn\n>p2 switch 4\n>p1 switch 2\n>p2 move bravebird\n>p1 move freezedry\n>p2 switch 5\n>p1 move taunt\n>p2 move wish\n>p1 move spikes\n>p2 move mudshot\n>p1 move earthquake\n>p2 move mudshot\n>p1 switch 4\n>p2 move wish\n>p1 move swordsdance\n>p2 switch 3\n>p1 move terablast terastallize\n>p2 move surf terastallize\n>p1 move flareblitz\n>p2 switch 4\n>p1 switch 6\n>p2 switch 5\n>p1 move ironhead\n>p2 move heatwave\n>p2 switch 2\n>p1 switch 3\n>p2 move earthquake\n>p1 move hurricane\n>p2 switch 4\n>p1 move hurricane\n>p2 move surf\n>p1 move hurricane\n>p2 move surf\n>p2 switch 3\n>p1 move hurricane\n>p2 move freezedry\n>p1 switch 2\n>p1 move poltergeist\n>p2 move protect\n>p1 move poltergeist\n>p2 move wish\n>p1 switch 4\n>p2 move protect\n>p1 move taunt\n>p2 move mudshot\n>p1 switch 4\n>p1 move trick\n>p2 switch 6\n>p1 move poltergeist\n>p2 move hydropump\n>p1 move shadowsneak\n>p2 move hydropump\n>p1 switch 5\n>p1 move earthquake\n>p2 move hydropump\n>p1 switch 3\n>p1 move ironhead\n>p2 move hydropump", "uploadtime": 1781449812, "views": 6, "formatid": "gen9randombattle", "rating": null, "private": 0, "password": null}