{"id": "gen9randombattle-2631574518", "format": "[Gen 9] Random Battle", "players": ["bonbonbo", "Undertaker67"], "log": "|j|\u2606bonbonbo\n|j|\u2606Undertaker67\n|t:|1781403332\n|gametype|singles\n|player|p1|bonbonbo|170|1983\n|player|p2|Undertaker67|n|1982\n|gen|9\n|tier|[Gen 9] Random Battle\n|rated|\n|rule|Species Clause: Limit one of each Pok\u00e9mon\n|rule|HP Percentage Mod: HP is shown in percentages\n|rule|Sleep Clause Mod: Limit one foe put to sleep\n|rule|Illusion Level Mod: Illusion disguises the Pok\u00e9mon's true level\n|\n|t:|1781403332\n|teamsize|p1|6\n|teamsize|p2|6\n|start\n|switch|p1a: Uxie|Uxie, L83|260/260\n|switch|p2a: Scovillain|Scovillain, L91, M|266/266\n|turn|1\n|inactive|Battle timer is ON: inactive players will automatically lose when time's up. (requested by Undertaker67)\n|\n|t:|1781403354\n|switch|p2a: Golem|Golem, L87, M|281/281\n|move|p1a: Uxie|Thunder Wave|p2a: Golem\n|-immune|p2a: Golem\n|\n|upkeep\n|turn|2\n|\n|t:|1781403362\n|move|p1a: Uxie|Psychic Noise|p2a: Golem\n|-damage|p2a: Golem|209/281\n|-start|p2a: Golem|move: Heal Block\n|move|p2a: Golem|Stealth Rock|p1a: Uxie\n|-sidestart|p1: bonbonbo|move: Stealth Rock\n|\n|upkeep\n|turn|3\n|\n|t:|1781403369\n|move|p1a: Uxie|Encore|p2a: Golem\n|-start|p2a: Golem|Encore\n|move|p2a: Golem|Stealth Rock||[still]\n|-fail|p2a: Golem\n|\n|-end|p2a: Golem|move: Heal Block\n|upkeep\n|turn|4\n|\n|t:|1781403386\n|move|p1a: Uxie|Knock Off|p2a: Golem\n|-damage|p2a: Golem|170/281\n|-enditem|p2a: Golem|Custap Berry|[from] move: Knock Off|[of] p1a: Uxie\n|move|p2a: Golem|Stealth Rock||[still]\n|-fail|p2a: Golem\n|\n|upkeep\n|turn|5\n|\n|t:|1781403391\n|move|p1a: Uxie|Psychic Noise|p2a: Golem\n|-damage|p2a: Golem|89/281\n|-start|p2a: Golem|move: Heal Block\n|move|p2a: Golem|Stealth Rock||[still]\n|-fail|p2a: Golem\n|\n|-end|p2a: Golem|Encore\n|upkeep\n|turn|6\n|\n|t:|1781403395\n|move|p1a: Uxie|Encore|p2a: Golem\n|-start|p2a: Golem|Encore\n|move|p2a: Golem|Stealth Rock||[still]\n|-fail|p2a: Golem\n|\n|-end|p2a: Golem|move: Heal Block\n|upkeep\n|turn|7\n|\n|t:|1781403397\n|move|p1a: Uxie|Psychic Noise|p2a: Golem\n|-damage|p2a: Golem|10/281\n|-start|p2a: Golem|move: Heal Block\n|move|p2a: Golem|Stealth Rock||[still]\n|-fail|p2a: Golem\n|\n|upkeep\n|turn|8\n|\n|t:|1781403399\n|move|p1a: Uxie|Knock Off|p2a: Golem\n|-damage|p2a: Golem|0 fnt\n|faint|p2a: Golem\n|\n|upkeep\n|\n|t:|1781403419\n|switch|p2a: Revavroom|Revavroom, L79, F|256/256\n|turn|9\n|\n|t:|1781403439\n|-terastallize|p2a: Revavroom|Ground\n|move|p1a: Uxie|Thunder Wave|p2a: Revavroom\n|-immune|p2a: Revavroom\n|move|p2a: Revavroom|Shift Gear|p2a: Revavroom\n|-boost|p2a: Revavroom|spe|2\n|-boost|p2a: Revavroom|atk|1\n|\n|upkeep\n|turn|10\n|\n|t:|1781403449\n|move|p2a: Revavroom|Shift Gear|p2a: Revavroom\n|-boost|p2a: Revavroom|spe|2\n|-boost|p2a: Revavroom|atk|1\n|move|p1a: Uxie|Encore|p2a: Revavroom\n|-start|p2a: Revavroom|Encore\n|\n|upkeep\n|turn|11\n|inactive|bonbonbo has 120 seconds left.\n|\n|t:|1781403483\n|switch|p2a: Lugia|Lugia, L73|275/275\n|switch|p1a: Lilligant|Lilligant-Hisui, L79, F|240/240\n|-damage|p1a: Lilligant|225/240|[from] Stealth Rock\n|\n|upkeep\n|turn|12\n|\n|t:|1781403508\n|switch|p1a: Fezandipiti|Fezandipiti, L82, M|278/278\n|-damage|p1a: Fezandipiti|244/278|[from] Stealth Rock\n|move|p2a: Lugia|Aeroblast|p1a: Fezandipiti\n|-damage|p1a: Fezandipiti|186/278\n|\n|-heal|p1a: Fezandipiti|203/278|[from] item: Leftovers\n|upkeep\n|turn|13\n|\n|t:|1781403513\n|move|p1a: Fezandipiti|Beat Up|p2a: Lugia\n|-supereffective|p2a: Lugia\n|-damage|p2a: Lugia|266/275\n|-status|p2a: Lugia|tox|[from] ability: Toxic Chain|[of] p1a: Fezandipiti\n|-supereffective|p2a: Lugia\n|-damage|p2a: Lugia|252/275 tox\n|-supereffective|p2a: Lugia\n|-crit|p2a: Lugia\n|-damage|p2a: Lugia|226/275 tox\n|-supereffective|p2a: Lugia\n|-damage|p2a: Lugia|208/275 tox\n|-supereffective|p2a: Lugia\n|-damage|p2a: Lugia|196/275 tox\n|-supereffective|p2a: Lugia\n|-damage|p2a: Lugia|182/275 tox\n|-hitcount|p2a: Lugia|6\n|move|p2a: Lugia|Earth Power|p1a: Fezandipiti\n|-supereffective|p1a: Fezandipiti\n|-damage|p1a: Fezandipiti|125/278\n|\n|-heal|p1a: Fezandipiti|142/278|[from] item: Leftovers\n|-damage|p2a: Lugia|165/275 tox|[from] psn\n|upkeep\n|turn|14\n|\n|t:|1781403523\n|move|p1a: Fezandipiti|Roost|p1a: Fezandipiti\n|-heal|p1a: Fezandipiti|278/278\n|-singleturn|p1a: Fezandipiti|move: Roost\n|move|p2a: Lugia|Calm Mind|p2a: Lugia\n|-boost|p2a: Lugia|spa|1\n|-boost|p2a: Lugia|spd|1\n|\n|-damage|p2a: Lugia|131/275 tox|[from] psn\n|upkeep\n|turn|15\n|\n|t:|1781403528\n|move|p1a: Fezandipiti|Moonblast|p2a: Lugia\n|-damage|p2a: Lugia|91/275 tox\n|move|p2a: Lugia|Recover|p2a: Lugia\n|-heal|p2a: Lugia|229/275 tox\n|\n|-damage|p2a: Lugia|178/275 tox|[from] psn\n|upkeep\n|turn|16\n|\n|t:|1781403536\n|switch|p1a: Uxie|Uxie, L83|260/260\n|-damage|p1a: Uxie|228/260|[from] Stealth Rock\n|switch|p2a: Ho-Oh|Ho-Oh, L71|268/268\n|\n|-heal|p1a: Uxie|244/260|[from] item: Leftovers\n|upkeep\n|turn|17\n|\n|t:|1781403543\n|move|p1a: Uxie|Knock Off|p2a: Ho-Oh\n|-damage|p2a: Ho-Oh|199/268\n|-enditem|p2a: Ho-Oh|Heavy-Duty Boots|[from] move: Knock Off|[of] p1a: Uxie\n|move|p2a: Ho-Oh|Sacred Fire|p1a: Uxie\n|-damage|p1a: Uxie|169/260\n|-status|p1a: Uxie|brn\n|\n|-heal|p1a: Uxie|185/260 brn|[from] item: Leftovers\n|-damage|p1a: Uxie|169/260 brn|[from] brn\n|upkeep\n|turn|18\n|\n|t:|1781403550\n|move|p1a: Uxie|Psychic Noise|p2a: Ho-Oh\n|-damage|p2a: Ho-Oh|153/268\n|-start|p2a: Ho-Oh|move: Heal Block\n|move|p2a: Ho-Oh|Brave Bird|p1a: Uxie\n|-damage|p1a: Uxie|78/260 brn\n|-damage|p2a: Ho-Oh|123/268|[from] Recoil\n|\n|-heal|p1a: Uxie|94/260 brn|[from] item: Leftovers\n|-damage|p1a: Uxie|78/260 brn|[from] brn\n|upkeep\n|turn|19\n|\n|t:|1781403554\n|move|p1a: Uxie|Thunder Wave|p2a: Ho-Oh\n|-status|p2a: Ho-Oh|par\n|move|p2a: Ho-Oh|Brave Bird|p1a: Uxie\n|-damage|p1a: Uxie|0 fnt\n|faint|p1a: Uxie\n|-damage|p2a: Ho-Oh|97/268 par|[from] Recoil\n|\n|-end|p2a: Ho-Oh|move: Heal Block\n|upkeep\n|\n|t:|1781403565\n|switch|p1a: Empoleon|Empoleon, L84, F|278/278\n|-damage|p1a: Empoleon|261/278|[from] Stealth Rock\n|turn|20\n|\n|t:|1781403568\n|switch|p2a: Tauros|Tauros-Paldea-Combat, L82, M|257/257\n|-ability|p2a: Tauros|Intimidate|boost\n|-unboost|p1a: Empoleon|atk|1\n|-ability|p1a: Empoleon|Competitive|boost\n|-boost|p1a: Empoleon|spa|2\n|move|p1a: Empoleon|Surf|p2a: Tauros\n|-damage|p2a: Tauros|0 fnt\n|faint|p2a: Tauros\n|\n|-heal|p1a: Empoleon|278/278|[from] item: Leftovers\n|upkeep\n|\n|t:|1781403575\n|switch|p2a: Revavroom|Revavroom, L79, F, tera:Ground|256/256\n|turn|21\n|\n|t:|1781403583\n|move|p2a: Revavroom|High Horsepower|p1a: Empoleon\n|-supereffective|p1a: Empoleon\n|-damage|p1a: Empoleon|26/278\n|-damage|p2a: Revavroom|231/256|[from] item: Life Orb\n|move|p1a: Empoleon|Surf|p2a: Revavroom\n|-supereffective|p2a: Revavroom\n|-damage|p2a: Revavroom|0 fnt\n|faint|p2a: Revavroom\n|\n|-heal|p1a: Empoleon|43/278|[from] item: Leftovers\n|upkeep\n|l|\u2606Undertaker67\n|inactive|Undertaker67 disconnected and has a minute to reconnect!\n|player|p2|\n|inactive|Undertaker67 has 30 seconds to reconnect!\n|inactive|Undertaker67 has 20 seconds to reconnect!\n|inactive|Undertaker67 has 15 seconds to reconnect!\n|inactive|Undertaker67 has 10 seconds to reconnect!\n|inactive|Undertaker67 has 5 seconds to reconnect!\n|-message|Undertaker67 lost due to inactivity.\n|\n|win|bonbonbo\n", "uploadtime": 1781403334, "views": 3, "formatid": "gen9randombattle", "rating": null, "private": 0, "password": null}