{"id": "gen9randombattle-2631771399", "format": "[Gen 9] Random Battle", "players": ["Ggstarmie", "woxihuanni"], "log": "|j|\u2606Ggstarmie\n|j|\u2606woxihuanni\n|t:|1781437127\n|gametype|singles\n|player|p1|Ggstarmie|1|2086\n|player|p2|woxihuanni|169|2094\n|gen|9\n|tier|[Gen 9] Random Battle\n|rated|\n|rule|Species Clause: Limit one of each Pok\u00e9mon\n|rule|HP Percentage Mod: HP is shown in percentages\n|rule|Sleep Clause Mod: Limit one foe put to sleep\n|rule|Illusion Level Mod: Illusion disguises the Pok\u00e9mon's true level\n|\n|t:|1781437127\n|teamsize|p1|6\n|teamsize|p2|6\n|start\n|switch|p1a: Vileplume|Vileplume, L85, M|266/266\n|switch|p2a: Umbreon|Umbreon, L84, F|297/297\n|turn|1\n|\n|t:|1781437134\n|switch|p2a: Vikavolt|Vikavolt, L83, F|263/263\n|move|p1a: Vileplume|Sleep Powder|p2a: Vikavolt\n|-status|p2a: Vikavolt|slp|[from] move: Sleep Powder\n|\n|upkeep\n|turn|2\n|\n|t:|1781437140\n|switch|p1a: Rotom|Rotom-Heat, L83|219/219\n|switch|p2a: Flareon|Flareon, L90, F|263/263\n|\n|-status|p2a: Flareon|tox|[from] item: Toxic Orb\n|upkeep\n|turn|3\n|\n|t:|1781437154\n|move|p1a: Rotom|Thunderbolt|p2a: Flareon\n|-damage|p2a: Flareon|190/263 tox\n|move|p2a: Flareon|Facade|p1a: Rotom\n|-damage|p1a: Rotom|39/219\n|\n|-damage|p2a: Flareon|174/263 tox|[from] psn\n|upkeep\n|turn|4\n|inactive|Battle timer is ON: inactive players will automatically lose when time's up. (requested by woxihuanni)\n|\n|t:|1781437164\n|move|p1a: Rotom|Thunderbolt|p2a: Flareon\n|-damage|p2a: Flareon|93/263 tox\n|move|p2a: Flareon|Facade|p1a: Rotom\n|-damage|p1a: Rotom|0 fnt\n|faint|p1a: Rotom\n|\n|-damage|p2a: Flareon|61/263 tox|[from] psn\n|upkeep\n|\n|t:|1781437168\n|switch|p1a: Floatzel|Floatzel, L86, M|286/286\n|turn|5\n|\n|t:|1781437171\n|switch|p2a: Umbreon|Umbreon, L84, F|297/297\n|move|p1a: Floatzel|Flip Turn|p2a: Umbreon\n|-damage|p2a: Umbreon|209/297\n|\n|t:|1781437174\n|switch|p1a: Zamazenta|Zamazenta, L71|248/248|[from] Flip Turn\n|-ability|p1a: Zamazenta|Dauntless Shield|boost\n|-boost|p1a: Zamazenta|def|1\n|\n|-heal|p2a: Umbreon|227/297|[from] item: Leftovers\n|upkeep\n|turn|6\n|\n|t:|1781437178\n|move|p1a: Zamazenta|Substitute|p1a: Zamazenta\n|-start|p1a: Zamazenta|Substitute\n|-damage|p1a: Zamazenta|186/248\n|move|p2a: Umbreon|Toxic||[still]\n|-fail|p2a: Umbreon\n|\n|-heal|p1a: Zamazenta|201/248|[from] item: Leftovers\n|-heal|p2a: Umbreon|245/297|[from] item: Leftovers\n|upkeep\n|turn|7\n|\n|t:|1781437181\n|switch|p2a: Gengar|Gengar, L81, F|230/230\n|move|p1a: Zamazenta|Iron Defense|p1a: Zamazenta\n|-boost|p1a: Zamazenta|def|2\n|\n|-heal|p1a: Zamazenta|216/248|[from] item: Leftovers\n|upkeep\n|turn|8\n|\n|t:|1781437186\n|move|p1a: Zamazenta|Iron Head|p2a: Gengar\n|-damage|p2a: Gengar|161/230\n|move|p2a: Gengar|Encore|p1a: Zamazenta\n|-start|p1a: Zamazenta|Encore\n|\n|-heal|p1a: Zamazenta|231/248|[from] item: Leftovers\n|upkeep\n|turn|9\n|\n|t:|1781437192\n|move|p1a: Zamazenta|Iron Head|p2a: Gengar\n|-damage|p2a: Gengar|98/230\n|cant|p2a: Gengar|flinch\n|\n|-heal|p1a: Zamazenta|246/248|[from] item: Leftovers\n|upkeep\n|turn|10\n|\n|t:|1781437195\n|move|p1a: Zamazenta|Iron Head|p2a: Gengar\n|-damage|p2a: Gengar|29/230\n|move|p2a: Gengar|Shadow Ball|p1a: Zamazenta\n|-end|p1a: Zamazenta|Substitute\n|-damage|p2a: Gengar|6/230|[from] item: Life Orb\n|\n|-heal|p1a: Zamazenta|248/248|[from] item: Leftovers\n|upkeep\n|turn|11\n|\n|t:|1781437198\n|move|p1a: Zamazenta|Iron Head|p2a: Gengar\n|-damage|p2a: Gengar|0 fnt\n|faint|p2a: Gengar\n|\n|-end|p1a: Zamazenta|Encore\n|upkeep\n|\n|t:|1781437204\n|switch|p2a: Vikavolt|Vikavolt, L83, F|263/263 slp\n|turn|12\n|\n|t:|1781437206\n|move|p1a: Zamazenta|Substitute|p1a: Zamazenta\n|-start|p1a: Zamazenta|Substitute\n|-damage|p1a: Zamazenta|186/248\n|cant|p2a: Vikavolt|slp\n|\n|-heal|p1a: Zamazenta|201/248|[from] item: Leftovers\n|upkeep\n|turn|13\n|\n|t:|1781437209\n|move|p1a: Zamazenta|Iron Defense|p1a: Zamazenta\n|-boost|p1a: Zamazenta|def|2\n|cant|p2a: Vikavolt|slp\n|\n|-heal|p1a: Zamazenta|216/248|[from] item: Leftovers\n|upkeep\n|turn|14\n|\n|t:|1781437212\n|-terastallize|p1a: Zamazenta|Fighting\n|move|p1a: Zamazenta|Body Press|p2a: Vikavolt\n|-resisted|p2a: Vikavolt\n|-damage|p2a: Vikavolt|107/263 slp\n|cant|p2a: Vikavolt|slp\n|\n|-heal|p1a: Zamazenta|231/248|[from] item: Leftovers\n|upkeep\n|turn|15\n|\n|t:|1781437215\n|switch|p2a: Annihilape|Annihilape, L76, M|292/292\n|move|p1a: Zamazenta|Body Press|p2a: Annihilape\n|-immune|p2a: Annihilape\n|\n|-heal|p1a: Zamazenta|246/248|[from] item: Leftovers\n|upkeep\n|turn|16\n|\n|t:|1781437218\n|move|p1a: Zamazenta|Iron Head|p2a: Annihilape\n|-damage|p2a: Annihilape|235/292\n|move|p2a: Annihilape|Bulk Up|p2a: Annihilape\n|-boost|p2a: Annihilape|atk|1\n|-boost|p2a: Annihilape|def|1\n|\n|-heal|p1a: Zamazenta|248/248|[from] item: Leftovers\n|-heal|p2a: Annihilape|253/292|[from] item: Leftovers\n|upkeep\n|turn|17\n|\n|t:|1781437224\n|switch|p1a: Vileplume|Vileplume, L85, M|266/266\n|move|p2a: Annihilape|Bulk Up|p2a: Annihilape\n|-boost|p2a: Annihilape|atk|1\n|-boost|p2a: Annihilape|def|1\n|\n|-heal|p2a: Annihilape|271/292|[from] item: Leftovers\n|upkeep\n|turn|18\n|\n|t:|1781437241\n|move|p2a: Annihilape|Taunt|p1a: Vileplume\n|-start|p1a: Vileplume|move: Taunt\n|move|p1a: Vileplume|Giga Drain|p2a: Annihilape\n|-damage|p2a: Annihilape|177/292\n|\n|-heal|p2a: Annihilape|195/292|[from] item: Leftovers\n|upkeep\n|turn|19\n|\n|t:|1781437244\n|move|p2a: Annihilape|Bulk Up|p2a: Annihilape\n|-boost|p2a: Annihilape|atk|1\n|-boost|p2a: Annihilape|def|1\n|move|p1a: Vileplume|Giga Drain|p2a: Annihilape\n|-damage|p2a: Annihilape|99/292\n|\n|-heal|p2a: Annihilape|117/292|[from] item: Leftovers\n|upkeep\n|turn|20\n|\n|t:|1781437247\n|move|p2a: Annihilape|Rage Fist|p1a: Vileplume\n|-damage|p1a: Vileplume|0 fnt\n|faint|p1a: Vileplume\n|\n|-heal|p2a: Annihilape|135/292|[from] item: Leftovers\n|upkeep\n|\n|t:|1781437268\n|switch|p1a: Floatzel|Floatzel, L86, M|286/286\n|turn|21\n|\n|t:|1781437274\n|move|p1a: Floatzel|Flip Turn|p2a: Annihilape\n|-damage|p2a: Annihilape|83/292\n|\n|t:|1781437279\n|switch|p1a: Vikavolt|Vikavolt, L83, M|263/263|[from] Flip Turn\n|move|p2a: Annihilape|Drain Punch|p1a: Vikavolt\n|-resisted|p1a: Vikavolt\n|-damage|p1a: Vikavolt|176/263\n|-heal|p2a: Annihilape|127/292|[from] drain|[of] p1a: Vikavolt\n|\n|-heal|p2a: Annihilape|145/292|[from] item: Leftovers\n|upkeep\n|turn|22\n|\n|t:|1781437282\n|move|p2a: Annihilape|Rage Fist|p1a: Vikavolt\n|-damage|p1a: Vikavolt|0 fnt\n|faint|p1a: Vikavolt\n|\n|-heal|p2a: Annihilape|163/292|[from] item: Leftovers\n|upkeep\n|\n|t:|1781437285\n|switch|p1a: Floatzel|Floatzel, L86, M|286/286\n|turn|23\n|\n|t:|1781437289\n|move|p1a: Floatzel|Crunch|p2a: Annihilape\n|-damage|p2a: Annihilape|117/292\n|move|p2a: Annihilape|Drain Punch|p1a: Floatzel\n|-damage|p1a: Floatzel|19/286\n|-heal|p2a: Annihilape|251/292|[from] drain|[of] p1a: Floatzel\n|\n|-heal|p2a: Annihilape|269/292|[from] item: Leftovers\n|upkeep\n|turn|24\n|-message|Ggstarmie forfeited.\n|\n|win|woxihuanni\n", "inputlog": ">version a8376a258c1d4662feba110a92103f3664a72141\n>start {\"formatid\":\"gen9randombattle\",\"seed\":\"sodium,a153a1e184b91ee24069da5fa228e84c\",\"rated\":\"Rated battle\"}\n>player p1 {\"name\":\"Ggstarmie\",\"avatar\":\"1\",\"rating\":2086,\"seed\":\"sodium,4ec21009c9e1bafa1e74684ba43550d0\"}\n>player p2 {\"name\":\"woxihuanni\",\"avatar\":\"169\",\"rating\":2094,\"seed\":\"sodium,8501967694abb76839bd13c81910814a\"}\n>p1 move sleeppowder\n>p2 switch 2\n>p1 switch 3\n>p2 switch 4\n>p1 move thunderbolt\n>p2 move facade\n>p1 move thunderbolt\n>p2 move facade\n>p1 switch 2\n>p1 move flipturn\n>p2 switch 2\n>p1 switch 6\n>p1 move substitute\n>p2 move toxic\n>p1 move irondefense\n>p2 switch 6\n>p1 move ironhead\n>p2 move encore\n>p1 move ironhead\n>p2 move shadowball\n>p1 move ironhead\n>p2 move shadowball\n>p1 move ironhead\n>p2 move shadowball\n>p2 switch 4\n>p1 move substitute\n>p2 move thunderbolt\n>p1 move irondefense\n>p2 move thunderbolt\n>p1 move bodypress terastallize\n>p2 move thunderbolt\n>p1 move bodypress\n>p2 switch 5\n>p1 move ironhead\n>p2 move bulkup\n>p1 switch 3\n>p2 move bulkup\n>p1 move gigadrain\n>p2 move taunt\n>p1 move gigadrain\n>p2 move bulkup\n>p1 move gigadrain\n>p2 move ragefist\n>p1 switch 6\n>p1 move flipturn\n>p2 move drainpunch\n>p1 switch 4\n>p1 move thunderbolt\n>p2 move ragefist\n>p1 switch 4\n>p1 move crunch\n>p2 move drainpunch\n>forcelose p1", "uploadtime": 1781437129, "views": 6, "formatid": "gen9randombattle", "rating": null, "private": 0, "password": null}