{"id": "gen9randombattle-2631830300", "format": "[Gen 9] Random Battle", "players": ["Schibi", "Alexander Babits"], "log": "|j|\u2606Schibi\n|j|\u203dAlexander Babits\n|t:|1781445572\n|gametype|singles\n|player|p1|Schibi|265|1930\n|player|p2|Alexander Babits|2|2007\n|gen|9\n|tier|[Gen 9] Random Battle\n|rated|\n|rule|Species Clause: Limit one of each Pok\u00e9mon\n|rule|HP Percentage Mod: HP is shown in percentages\n|rule|Sleep Clause Mod: Limit one foe put to sleep\n|rule|Illusion Level Mod: Illusion disguises the Pok\u00e9mon's true level\n|\n|t:|1781445572\n|teamsize|p1|6\n|teamsize|p2|6\n|start\n|switch|p1a: Skeledirge|Skeledirge, L79, F|294/294\n|switch|p2a: Gumshoos|Gumshoos, L95, M|321/321\n|turn|1\n|inactive|Battle timer is ON: inactive players will automatically lose when time's up. (requested by Schibi)\n|\n|t:|1781445585\n|move|p1a: Skeledirge|Torch Song|p2a: Gumshoos\n|-damage|p2a: Gumshoos|216/321\n|-boost|p1a: Skeledirge|spa|1\n|move|p2a: Gumshoos|Knock Off|p1a: Skeledirge\n|-supereffective|p1a: Skeledirge\n|-damage|p1a: Skeledirge|12/294\n|-enditem|p1a: Skeledirge|Heavy-Duty Boots|[from] move: Knock Off|[of] p2a: Gumshoos\n|\n|upkeep\n|turn|2\n|\n|t:|1781445597\n|move|p1a: Skeledirge|Torch Song|p2a: Gumshoos\n|-damage|p2a: Gumshoos|66/321\n|-boost|p1a: Skeledirge|spa|1\n|move|p2a: Gumshoos|Knock Off|p1a: Skeledirge\n|-supereffective|p1a: Skeledirge\n|-damage|p1a: Skeledirge|0 fnt\n|faint|p1a: Skeledirge\n|\n|upkeep\n|\n|t:|1781445605\n|switch|p1a: Houndoom|Houndoom, L87, M|272/272\n|turn|3\n|inactive|Alexander Babits has 120 seconds left.\n|\n|t:|1781445653\n|switch|p2a: Feraligatr|Feraligatr, L79, M|264/264\n|move|p1a: Houndoom|Nasty Plot|p1a: Houndoom\n|-boost|p1a: Houndoom|spa|2\n|\n|upkeep\n|turn|4\n|inactive|Alexander Babits has 90 seconds left.\n|\n|t:|1781445701\n|move|p1a: Houndoom|Dark Pulse|p2a: Feraligatr\n|-damage|p2a: Feraligatr|38/264\n|move|p2a: Feraligatr|Liquidation|p1a: Houndoom\n|-supereffective|p1a: Houndoom\n|-damage|p1a: Houndoom|0 fnt\n|faint|p1a: Houndoom\n|\n|upkeep\n|\n|t:|1781445713\n|switch|p1a: Azelf|Azelf, L82|257/257\n|turn|5\n|\n|t:|1781445735\n|switch|p2a: Torkoal|Torkoal, L88, M|266/266\n|-weather|SunnyDay|[from] ability: Drought|[of] p2a: Torkoal\n|move|p1a: Azelf|Psychic|p2a: Torkoal\n|-damage|p2a: Torkoal|143/266\n|\n|-weather|SunnyDay|[upkeep]\n|upkeep\n|turn|6\n|inactive|Alexander Babits has 60 seconds left.\n|\n|t:|1781445758\n|move|p1a: Azelf|Psychic|p2a: Torkoal\n|-damage|p2a: Torkoal|8/266\n|-unboost|p2a: Torkoal|spd|1\n|move|p2a: Torkoal|Yawn|p1a: Azelf\n|-start|p1a: Azelf|move: Yawn|[of] p2a: Torkoal\n|\n|-weather|SunnyDay|[upkeep]\n|upkeep\n|turn|7\n|\n|t:|1781445771\n|switch|p1a: Rayquaza|Rayquaza, L72|270/270\n|-ability|p1a: Rayquaza|Air Lock\n|move|p2a: Torkoal|Yawn|p1a: Rayquaza\n|-start|p1a: Rayquaza|move: Yawn|[of] p2a: Torkoal\n|\n|-weather|SunnyDay|[upkeep]\n|upkeep\n|turn|8\n|\n|t:|1781445775\n|move|p1a: Rayquaza|U-turn|p2a: Torkoal\n|-resisted|p2a: Torkoal\n|-damage|p2a: Torkoal|0 fnt\n|faint|p2a: Torkoal\n|\n|t:|1781445777\n|switch|p1a: Azelf|Azelf, L82|257/257|[from] U-turn\n|\n|-weather|SunnyDay|[upkeep]\n|upkeep\n|inactive|Alexander Babits has 60 seconds left.\n|\n|t:|1781445823\n|switch|p2a: Kleavor|Kleavor, L78, M|237/237\n|turn|9\n|\n|t:|1781445831\n|switch|p1a: Dugtrio|Dugtrio-Alola, L84, F|196/196\n|move|p2a: Kleavor|Stone Axe|p1a: Dugtrio\n|-resisted|p1a: Dugtrio\n|-damage|p1a: Dugtrio|161/196\n|-ability|p1a: Dugtrio|Tangling Hair\n|-unboost|p2a: Kleavor|spe|1\n|-sidestart|p1: Schibi|move: Stealth Rock\n|\n|-weather|none\n|upkeep\n|turn|10\n|\n|t:|1781445842\n|switch|p2a: Gumshoos|Gumshoos, L95, M|66/321\n|move|p1a: Dugtrio|Iron Head|p2a: Gumshoos\n|-crit|p2a: Gumshoos\n|-damage|p2a: Gumshoos|0 fnt\n|faint|p2a: Gumshoos\n|\n|upkeep\n|\n|t:|1781445851\n|switch|p2a: Trevenant|Trevenant, L89, M|296/296\n|turn|11\n|\n|t:|1781445860\n|move|p1a: Dugtrio|Iron Head|p2a: Trevenant\n|-damage|p2a: Trevenant|148/296\n|cant|p2a: Trevenant|flinch\n|\n|upkeep\n|turn|12\n|\n|t:|1781445876\n|move|p1a: Dugtrio|Iron Head|p2a: Trevenant\n|-crit|p2a: Trevenant\n|-damage|p2a: Trevenant|0 fnt\n|faint|p2a: Trevenant\n|\n|upkeep\n|\n|t:|1781445883\n|switch|p2a: Garganacl|Garganacl, L80, M|291/291\n|turn|13\n|\n|t:|1781445899\n|-terastallize|p2a: Garganacl|Dragon\n|move|p1a: Dugtrio|Iron Head|p2a: Garganacl\n|-damage|p2a: Garganacl|192/291\n|move|p2a: Garganacl|Earthquake|p1a: Dugtrio\n|-supereffective|p1a: Dugtrio\n|-damage|p1a: Dugtrio|0 fnt\n|faint|p1a: Dugtrio\n|\n|-heal|p2a: Garganacl|210/291|[from] item: Leftovers\n|upkeep\n|\n|t:|1781445918\n|switch|p1a: Roaring Moon|Roaring Moon, L72|270/270\n|-damage|p1a: Roaring Moon|237/270|[from] Stealth Rock\n|-enditem|p1a: Roaring Moon|Booster Energy\n|-activate|p1a: Roaring Moon|ability: Protosynthesis|[fromitem]\n|-start|p1a: Roaring Moon|protosynthesisatk\n|turn|14\n|\n|t:|1781445934\n|move|p1a: Roaring Moon|Outrage|p2a: Garganacl\n|-supereffective|p2a: Garganacl\n|-damage|p2a: Garganacl|0 fnt\n|faint|p2a: Garganacl\n|\n|upkeep\n|\n|t:|1781445937\n|switch|p2a: Kleavor|Kleavor, L78, M|237/237\n|turn|15\n|\n|t:|1781445944\n|move|p1a: Roaring Moon|Outrage|p2a: Kleavor|[from] lockedmove\n|-damage|p2a: Kleavor|74/237\n|-start|p1a: Roaring Moon|confusion|[fatigue]\n|move|p2a: Kleavor|X-Scissor|p1a: Roaring Moon\n|-supereffective|p1a: Roaring Moon\n|-crit|p1a: Roaring Moon\n|-damage|p1a: Roaring Moon|0 fnt\n|faint|p1a: Roaring Moon\n|-end|p1a: Roaring Moon|Protosynthesis|[silent]\n|\n|upkeep\n|\n|t:|1781445950\n|switch|p1a: Azelf|Azelf, L82|257/257\n|-damage|p1a: Azelf|225/257|[from] Stealth Rock\n|turn|16\n|\n|t:|1781445952\n|move|p1a: Azelf|Psychic|p2a: Kleavor\n|-damage|p2a: Kleavor|0 fnt\n|faint|p2a: Kleavor\n|\n|-heal|p1a: Azelf|241/257|[from] item: Leftovers\n|upkeep\n|-message|Alexander Babits forfeited.\n|\n|win|Schibi\n", "inputlog": ">version a8376a258c1d4662feba110a92103f3664a72141\n>start {\"formatid\":\"gen9randombattle\",\"seed\":\"sodium,6c78c21a96c93637f78bb98d0e552749\",\"rated\":\"Rated battle\"}\n>player p1 {\"name\":\"Schibi\",\"avatar\":\"265\",\"rating\":1930,\"seed\":\"sodium,73285628f6f2d5871124dfdcf934e3f8\"}\n>player p2 {\"name\":\"Alexander Babits\",\"avatar\":\"2\",\"rating\":2007,\"seed\":\"sodium,0f7785c819fa4856c21e205705484d14\"}\n>p1 move torchsong\n>p2 move knockoff\n>p1 move torchsong\n>p2 move knockoff\n>p1 switch 4\n>p1 move nastyplot\n>p2 switch 3\n>p1 move darkpulse\n>p2 move liquidation\n>p1 switch 2\n>p1 move psychic\n>p2 switch 6\n>p1 move psychic\n>p2 move yawn\n>p1 switch 6\n>p2 move yawn\n>p1 move uturn\n>p2 move yawn\n>p1 switch 6\n>p2 switch 5\n>p1 switch 3\n>p2 move stoneaxe\n>p1 move ironhead\n>p2 switch 3\n>p2 switch 4\n>p1 move ironhead\n>p2 move poltergeist\n>p1 move ironhead\n>p2 move rest\n>p2 switch 2\n>p1 move ironhead\n>p2 move earthquake terastallize\n>p1 switch 5\n>p1 move outrage\n>p2 move saltcure\n>p2 switch 3\n>p1 move outrage\n>p2 move xscissor\n>p1 switch 3\n>p1 move psychic\n>p2 move xscissor\n>forcelose p2", "uploadtime": 1781445573, "views": 6, "formatid": "gen9randombattle", "rating": null, "private": 0, "password": null}