{"id": "gen9randombattle-2631987070", "format": "[Gen 9] Random Battle", "players": ["tiziown", "LuCk1saSkill"], "log": "|j|\u2606tiziown\n|j|\u2606LuCk1saSkill\n|t:|1781463055\n|gametype|singles\n|player|p1|tiziown|rocker-gen3|2151\n|player|p2|LuCk1saSkill|1|2144\n|gen|9\n|tier|[Gen 9] Random Battle\n|rated|\n|rule|Species Clause: Limit one of each Pok\u00e9mon\n|rule|HP Percentage Mod: HP is shown in percentages\n|rule|Sleep Clause Mod: Limit one foe put to sleep\n|rule|Illusion Level Mod: Illusion disguises the Pok\u00e9mon's true level\n|\n|t:|1781463055\n|teamsize|p1|6\n|teamsize|p2|6\n|start\n|switch|p1a: Pyroar|Pyroar, L88, M|295/295\n|switch|p2a: Dunsparce|Dunsparce, L86, M|312/312\n|-ability|p1a: Pyroar|Unnerve\n|turn|1\n|\n|t:|1781463069\n|switch|p1a: Granbull|Granbull, L88, F|302/302\n|-ability|p1a: Granbull|Intimidate|boost\n|-unboost|p2a: Dunsparce|atk|1\n|move|p2a: Dunsparce|Body Slam|p1a: Granbull\n|-damage|p1a: Granbull|245/302\n|\n|-heal|p1a: Granbull|263/302|[from] item: Leftovers\n|upkeep\n|turn|2\n|inactive|Battle timer is ON: inactive players will automatically lose when time's up. (requested by tiziown)\n|\n|t:|1781463078\n|switch|p2a: Sunflora|Sunflora, F|312/312\n|move|p1a: Granbull|Thunder Wave|p2a: Sunflora\n|-status|p2a: Sunflora|par\n|\n|-heal|p1a: Granbull|281/302|[from] item: Leftovers\n|upkeep\n|turn|3\n|\n|t:|1781463104\n|switch|p1a: Pachirisu|Pachirisu, L96, F|271/271\n|move|p2a: Sunflora|Earth Power|p1a: Pachirisu\n|-supereffective|p1a: Pachirisu\n|-damage|p1a: Pachirisu|138/271\n|-damage|p2a: Sunflora|281/312 par|[from] item: Life Orb\n|\n|upkeep\n|turn|4\n|\n|t:|1781463115\n|move|p1a: Pachirisu|U-turn|p2a: Sunflora\n|-supereffective|p2a: Sunflora\n|-damage|p2a: Sunflora|185/312 par\n|\n|t:|1781463125\n|switch|p1a: Kleavor|Kleavor, L78, F|237/237|[from] U-turn\n|cant|p2a: Sunflora|par\n|\n|upkeep\n|turn|5\n|\n|t:|1781463132\n|switch|p2a: Keldeo|Keldeo-Resolute, L79|273/273\n|move|p1a: Kleavor|Stone Axe|p2a: Keldeo\n|-resisted|p2a: Keldeo\n|-damage|p2a: Keldeo|215/273\n|-sidestart|p2: LuCk1saSkill|move: Stealth Rock\n|\n|-heal|p2a: Keldeo|232/273|[from] item: Leftovers\n|upkeep\n|turn|6\n|\n|t:|1781463152\n|switch|p1a: Pachirisu|Pachirisu, L96, F|138/271\n|move|p2a: Keldeo|Hydro Pump|p1a: Pachirisu\n|-damage|p1a: Pachirisu|66/271\n|\n|-heal|p2a: Keldeo|249/273|[from] item: Leftovers\n|upkeep\n|turn|7\n|\n|t:|1781463166\n|switch|p2a: Sunflora|Sunflora, F|185/312 par\n|-damage|p2a: Sunflora|146/312 par|[from] Stealth Rock\n|move|p1a: Pachirisu|Nuzzle|p2a: Sunflora\n|-resisted|p2a: Sunflora\n|-damage|p2a: Sunflora|137/312 par\n|\n|upkeep\n|turn|8\n|\n|t:|1781463171\n|move|p1a: Pachirisu|U-turn|p2a: Sunflora\n|-supereffective|p2a: Sunflora\n|-damage|p2a: Sunflora|49/312 par\n|inactive|tiziown has 120 seconds left.\n|\n|t:|1781463212\n|switch|p1a: Malamar|Malamar, L82, M|275/275|[from] U-turn\n|move|p2a: Sunflora|Earth Power|p1a: Malamar\n|-damage|p1a: Malamar|126/275\n|-damage|p2a: Sunflora|18/312 par|[from] item: Life Orb\n|\n|upkeep\n|turn|9\n|\n|t:|1781463218\n|move|p1a: Malamar|Superpower|p2a: Sunflora\n|-damage|p2a: Sunflora|0 fnt\n|-boost|p1a: Malamar|atk|1\n|-boost|p1a: Malamar|def|1\n|faint|p2a: Sunflora\n|\n|upkeep\n|\n|t:|1781463224\n|switch|p2a: Weavile|Weavile, L79, F|239/239\n|-damage|p2a: Weavile|180/239|[from] Stealth Rock\n|turn|10\n|inactive|tiziown has 120 seconds left.\n|\n|t:|1781463237\n|move|p2a: Weavile|Triple Axel|p1a: Malamar\n|-damage|p1a: Malamar|102/275\n|-damage|p1a: Malamar|57/275\n|-damage|p1a: Malamar|0 fnt\n|faint|p1a: Malamar\n|-hitcount|p1: Malamar|3\n|\n|upkeep\n|inactive|tiziown has 120 seconds left.\n|\n|t:|1781463272\n|switch|p1a: Armarouge|Armarouge, L80, F|267/267\n|turn|11\n|\n|t:|1781463277\n|switch|p2a: Keldeo|Keldeo-Resolute, L79|249/273\n|-damage|p2a: Keldeo|232/273|[from] Stealth Rock\n|move|p1a: Armarouge|Aura Sphere|p2a: Keldeo\n|-damage|p2a: Keldeo|141/273\n|\n|-heal|p2a: Keldeo|158/273|[from] item: Leftovers\n|upkeep\n|turn|12\n|\n|t:|1781463286\n|switch|p1a: Granbull|Granbull, L88, F|281/302\n|-ability|p1a: Granbull|Intimidate|boost\n|-unboost|p2a: Keldeo|atk|1\n|move|p2a: Keldeo|Substitute|p2a: Keldeo\n|-start|p2a: Keldeo|Substitute\n|-damage|p2a: Keldeo|90/273\n|\n|-heal|p2a: Keldeo|107/273|[from] item: Leftovers\n|-heal|p1a: Granbull|299/302|[from] item: Leftovers\n|upkeep\n|turn|13\n|\n|t:|1781463289\n|move|p2a: Keldeo|Hydro Pump|p1a: Granbull\n|-damage|p1a: Granbull|131/302\n|move|p1a: Granbull|Roar|p2a: Keldeo\n|drag|p2a: Weavile|Weavile, L79, F|180/239\n|-damage|p2a: Weavile|121/239|[from] Stealth Rock\n|\n|-heal|p1a: Granbull|149/302|[from] item: Leftovers\n|upkeep\n|turn|14\n|inactive|tiziown has 120 seconds left.\n|\n|t:|1781463305\n|switch|p1a: Armarouge|Armarouge, L80, F|267/267\n|move|p2a: Weavile|Triple Axel|p1a: Armarouge\n|-resisted|p1a: Armarouge\n|-damage|p1a: Armarouge|252/267\n|-ability|p1a: Armarouge|Weak Armor|boost\n|-unboost|p1a: Armarouge|def|1\n|-boost|p1a: Armarouge|spe|2\n|-resisted|p1a: Armarouge\n|-damage|p1a: Armarouge|207/267\n|-ability|p1a: Armarouge|Weak Armor|boost\n|-unboost|p1a: Armarouge|def|1\n|-boost|p1a: Armarouge|spe|2\n|-resisted|p1a: Armarouge\n|-damage|p1a: Armarouge|115/267\n|-ability|p1a: Armarouge|Weak Armor|boost\n|-unboost|p1a: Armarouge|def|1\n|-boost|p1a: Armarouge|spe|2\n|-hitcount|p1a: Armarouge|3\n|\n|upkeep\n|turn|15\n|inactive|tiziown has 120 seconds left.\n|\n|t:|1781463328\n|switch|p2a: Arcanine|Arcanine, L84, M|288/288\n|-ability|p2a: Arcanine|Intimidate|boost\n|-unboost|p1a: Armarouge|atk|1\n|move|p1a: Armarouge|Aura Sphere|p2a: Arcanine\n|-damage|p2a: Arcanine|193/288\n|\n|upkeep\n|turn|16\n|\n|t:|1781463336\n|move|p1a: Armarouge|Aura Sphere|p2a: Arcanine\n|-damage|p2a: Arcanine|88/288\n|move|p2a: Arcanine|Morning Sun|p2a: Arcanine\n|-heal|p2a: Arcanine|232/288\n|\n|upkeep\n|turn|17\n|inactive|tiziown has 120 seconds left.\n|\n|t:|1781463345\n|switch|p1a: Pyroar|Pyroar, L88, M|295/295\n|-ability|p1a: Pyroar|Unnerve\n|move|p2a: Arcanine|Flare Blitz|p1a: Pyroar\n|-resisted|p1a: Pyroar\n|-damage|p1a: Pyroar|217/295\n|-damage|p2a: Arcanine|206/288|[from] Recoil\n|\n|upkeep\n|turn|18\n|\n|t:|1781463352\n|move|p1a: Pyroar|Work Up|p1a: Pyroar\n|-boost|p1a: Pyroar|atk|1\n|-boost|p1a: Pyroar|spa|1\n|move|p2a: Arcanine|Close Combat|p1a: Pyroar\n|-supereffective|p1a: Pyroar\n|-damage|p1a: Pyroar|0 fnt\n|-unboost|p2a: Arcanine|def|1\n|-unboost|p2a: Arcanine|spd|1\n|faint|p1a: Pyroar\n|\n|upkeep\n|inactive|tiziown has 120 seconds left.\n|\n|t:|1781463371\n|switch|p1a: Kleavor|Kleavor, L78, F|237/237\n|turn|19\n|inactive|tiziown has 120 seconds left.\n|\n|t:|1781463376\n|move|p2a: Arcanine|Will-O-Wisp|p1a: Kleavor\n|-status|p1a: Kleavor|brn\n|move|p1a: Kleavor|Stone Axe|p2a: Arcanine\n|-supereffective|p2a: Arcanine\n|-damage|p2a: Arcanine|23/288\n|\n|-damage|p1a: Kleavor|223/237 brn|[from] brn\n|upkeep\n|turn|20\n|\n|t:|1781463381\n|switch|p2a: Dunsparce|Dunsparce, L86, M|312/312\n|-damage|p2a: Dunsparce|273/312|[from] Stealth Rock\n|move|p1a: Kleavor|Stone Axe|p2a: Dunsparce\n|-damage|p2a: Dunsparce|228/312\n|\n|-damage|p1a: Kleavor|209/237 brn|[from] brn\n|upkeep\n|turn|21\n|\n|t:|1781463385\n|move|p1a: Kleavor|Swords Dance|p1a: Kleavor\n|-boost|p1a: Kleavor|atk|2\n|move|p2a: Dunsparce|Coil|p2a: Dunsparce\n|-boost|p2a: Dunsparce|atk|1\n|-boost|p2a: Dunsparce|def|1\n|-boost|p2a: Dunsparce|accuracy|1\n|\n|-damage|p1a: Kleavor|195/237 brn|[from] brn\n|upkeep\n|turn|22\n|\n|t:|1781463390\n|move|p1a: Kleavor|Swords Dance|p1a: Kleavor\n|-boost|p1a: Kleavor|atk|2\n|move|p2a: Dunsparce|Roost|p2a: Dunsparce\n|-heal|p2a: Dunsparce|312/312\n|-singleturn|p2a: Dunsparce|move: Roost\n|\n|-damage|p1a: Kleavor|181/237 brn|[from] brn\n|upkeep\n|turn|23\n|\n|t:|1781463395\n|-terastallize|p2a: Dunsparce|Ground\n|move|p1a: Kleavor|Swords Dance|p1a: Kleavor\n|-boost|p1a: Kleavor|atk|2\n|move|p2a: Dunsparce|Earthquake|p1a: Kleavor\n|-damage|p1a: Kleavor|45/237 brn\n|\n|-damage|p1a: Kleavor|31/237 brn|[from] brn\n|upkeep\n|turn|24\n|\n|t:|1781463401\n|move|p1a: Kleavor|X-Scissor|p2a: Dunsparce\n|-damage|p2a: Dunsparce|177/312\n|move|p2a: Dunsparce|Roost|p2a: Dunsparce\n|-heal|p2a: Dunsparce|312/312\n|\n|-damage|p1a: Kleavor|17/237 brn|[from] brn\n|upkeep\n|turn|25\n|\n|t:|1781463405\n|move|p1a: Kleavor|X-Scissor|p2a: Dunsparce\n|-crit|p2a: Dunsparce\n|-damage|p2a: Dunsparce|0 fnt\n|faint|p2a: Dunsparce\n|\n|-damage|p1a: Kleavor|3/237 brn|[from] brn\n|upkeep\n|\n|t:|1781463409\n|switch|p2a: Arcanine|Arcanine, L84, M|23/288\n|-ability|p2a: Arcanine|Intimidate|boost\n|-unboost|p1a: Kleavor|atk|1\n|turn|26\n|\n|t:|1781463416\n|move|p2a: Arcanine|Flare Blitz|p1a: Kleavor\n|-damage|p1a: Kleavor|0 fnt\n|faint|p1a: Kleavor\n|-damage|p2a: Arcanine|22/288|[from] Recoil\n|\n|upkeep\n|\n|t:|1781463419\n|switch|p1a: Pachirisu|Pachirisu, L96, F|66/271\n|turn|27\n|\n|t:|1781463422\n|switch|p2a: Kyurem|Kyurem, L77|319/319\n|-ability|p2a: Kyurem|Pressure\n|move|p1a: Pachirisu|Thunderbolt|p2a: Kyurem\n|-resisted|p2a: Kyurem\n|-damage|p2a: Kyurem|280/319\n|\n|upkeep\n|turn|28\n|\n|t:|1781463429\n|move|p1a: Pachirisu|Nuzzle|p2a: Kyurem\n|-resisted|p2a: Kyurem\n|-damage|p2a: Kyurem|270/319\n|-status|p2a: Kyurem|par\n|move|p2a: Kyurem|Earth Power|p1a: Pachirisu\n|-supereffective|p1a: Pachirisu\n|-damage|p1a: Pachirisu|0 fnt\n|faint|p1a: Pachirisu\n|\n|upkeep\n|-message|tiziown forfeited.\n|\n|win|LuCk1saSkill\n", "inputlog": ">version a8376a258c1d4662feba110a92103f3664a72141\n>start {\"formatid\":\"gen9randombattle\",\"seed\":\"sodium,3eb3a4c9718fb3d20a69b0b6e6fd0c8c\",\"rated\":\"Rated battle\"}\n>player p1 {\"name\":\"tiziown\",\"avatar\":\"rocker-gen3\",\"rating\":2151,\"seed\":\"sodium,56a83140d6fb75923d73f42e26f4f514\"}\n>player p2 {\"name\":\"LuCk1saSkill\",\"avatar\":\"1\",\"rating\":2144,\"seed\":\"sodium,95f13504eb5d5e2cbea5d00d1c7c926f\"}\n>p1 switch 4\n>p2 move bodyslam\n>p1 move thunderwave\n>p2 switch 5\n>p1 switch 6\n>p2 move earthpower\n>p1 move uturn\n>p2 move earthpower\n>p1 switch 5\n>p1 move stoneaxe\n>p2 switch 3\n>p1 switch 5\n>p2 move hydropump\n>p1 move nuzzle\n>p2 switch 3\n>p1 move uturn\n>p2 move earthpower\n>p1 switch 3\n>p1 move superpower\n>p2 move earthpower\n>p2 switch 4\n>p1 move superpower\n>p2 move tripleaxel\n>p1 switch 2\n>p1 move aurasphere\n>p2 switch 3\n>p1 switch 6\n>p2 move substitute\n>p1 move roar\n>p2 move hydropump\n>p1 switch 6\n>p2 move tripleaxel\n>p1 move aurasphere\n>p2 switch 6\n>p1 move aurasphere\n>p2 move morningsun\n>p1 switch 4\n>p2 move flareblitz\n>p1 move workup\n>p2 move closecombat\n>p1 switch 5\n>p1 move stoneaxe\n>p2 move willowisp\n>p1 move stoneaxe\n>p2 switch 5\n>p1 move swordsdance\n>p2 move coil\n>p1 move swordsdance\n>p2 move roost\n>p1 move swordsdance\n>p2 move earthquake terastallize\n>p1 move xscissor\n>p2 move roost\n>p1 move xscissor\n>p2 move roost\n>p2 switch 5\n>p1 move stoneaxe\n>p2 move flareblitz\n>p1 switch 3\n>p1 move thunderbolt\n>p2 switch 2\n>p1 move nuzzle\n>p2 move earthpower\n>forcelose p1", "uploadtime": 1781463058, "views": 5, "formatid": "gen9randombattle", "rating": null, "private": 0, "password": null}