{"id": "gen9randombattle-2631524409", "format": "[Gen 9] Random Battle", "players": ["stallwinsall", "arnavgupta"], "log": "|j|\u2606stallwinsall\n|j|\u2606arnavgupta\n|t:|1781396417\n|gametype|singles\n|player|p1|stallwinsall|1|2027\n|player|p2|arnavgupta|drayden|2073\n|gen|9\n|tier|[Gen 9] Random Battle\n|rated|\n|rule|Species Clause: Limit one of each Pok\u00e9mon\n|rule|HP Percentage Mod: HP is shown in percentages\n|rule|Sleep Clause Mod: Limit one foe put to sleep\n|rule|Illusion Level Mod: Illusion disguises the Pok\u00e9mon's true level\n|\n|t:|1781396417\n|teamsize|p1|6\n|teamsize|p2|6\n|start\n|switch|p1a: Thundurus|Thundurus, L80, M|258/258\n|switch|p2a: Corviknight|Corviknight, L80, M|288/288\n|turn|1\n|inactive|Battle timer is ON: inactive players will automatically lose when time's up. (requested by stallwinsall)\n|\n|t:|1781396442\n|switch|p2a: Comfey|Comfey, L85, M|225/225\n|move|p1a: Thundurus|Thunderbolt|p2a: Comfey\n|-damage|p2a: Comfey|134/225\n|-status|p2a: Comfey|par\n|\n|-heal|p2a: Comfey|148/225 par|[from] item: Leftovers\n|upkeep\n|turn|2\n|\n|t:|1781396447\n|move|p1a: Thundurus|Taunt|p2a: Comfey\n|-start|p2a: Comfey|move: Taunt\n|cant|p2a: Comfey|move: Taunt|Calm Mind\n|\n|-heal|p2a: Comfey|162/225 par|[from] item: Leftovers\n|upkeep\n|turn|3\n|\n|t:|1781396452\n|cant|p2a: Comfey|par\n|move|p1a: Thundurus|Knock Off|p2a: Comfey\n|-resisted|p2a: Comfey\n|-damage|p2a: Comfey|126/225 par\n|-enditem|p2a: Comfey|Leftovers|[from] move: Knock Off|[of] p1a: Thundurus\n|\n|upkeep\n|turn|4\n|\n|t:|1781396458\n|switch|p1a: Sinistcha|Sinistcha-Masterpiece, L83|254/254\n|move|p2a: Comfey|Draining Kiss|p1a: Sinistcha\n|-damage|p1a: Sinistcha|200/254\n|-heal|p2a: Comfey|167/225 par|[from] drain|[of] p1a: Sinistcha\n|\n|-heal|p1a: Sinistcha|215/254|[from] item: Leftovers\n|-end|p2a: Comfey|move: Taunt\n|upkeep\n|turn|5\n|\n|t:|1781396473\n|switch|p2a: Decidueye|Decidueye-Hisui, L87, F|295/295\n|move|p1a: Sinistcha|Calm Mind|p1a: Sinistcha\n|-boost|p1a: Sinistcha|spa|1\n|-boost|p1a: Sinistcha|spd|1\n|\n|-heal|p1a: Sinistcha|230/254|[from] item: Leftovers\n|upkeep\n|turn|6\n|\n|t:|1781396483\n|move|p1a: Sinistcha|Shadow Ball|p2a: Decidueye\n|-damage|p2a: Decidueye|166/295\n|-unboost|p2a: Decidueye|spd|1\n|move|p2a: Decidueye|Triple Arrows|p1a: Sinistcha\n|-damage|p1a: Sinistcha|127/254\n|-unboost|p1a: Sinistcha|def|1\n|\n|-heal|p1a: Sinistcha|142/254|[from] item: Leftovers\n|-heal|p2a: Decidueye|184/295|[from] item: Leftovers\n|upkeep\n|turn|7\n|\n|t:|1781396504\n|switch|p2a: Corviknight|Corviknight, L80, M|288/288\n|move|p1a: Sinistcha|Shadow Ball|p2a: Corviknight\n|-damage|p2a: Corviknight|125/288\n|-ability|p2a: Corviknight|Mirror Armor\n|-unboost|p1a: Sinistcha|spd|1\n|\n|-heal|p1a: Sinistcha|157/254|[from] item: Leftovers\n|upkeep\n|turn|8\n|\n|t:|1781396513\n|move|p1a: Sinistcha|Shadow Ball|p2a: Corviknight\n|-damage|p2a: Corviknight|0 fnt\n|faint|p2a: Corviknight\n|\n|-heal|p1a: Sinistcha|172/254|[from] item: Leftovers\n|upkeep\n|\n|t:|1781396519\n|switch|p2a: Vivillon|Vivillon-Tundra, L83, F|268/268\n|turn|9\n|\n|t:|1781396526\n|move|p2a: Vivillon|Quiver Dance|p2a: Vivillon\n|-boost|p2a: Vivillon|spa|1\n|-boost|p2a: Vivillon|spd|1\n|-boost|p2a: Vivillon|spe|1\n|move|p1a: Sinistcha|Shadow Ball|p2a: Vivillon\n|-damage|p2a: Vivillon|130/268\n|-unboost|p2a: Vivillon|spd|1\n|\n|-heal|p1a: Sinistcha|187/254|[from] item: Leftovers\n|upkeep\n|turn|10\n|\n|t:|1781396531\n|move|p2a: Vivillon|Hurricane|p1a: Sinistcha\n|-supereffective|p1a: Sinistcha\n|-damage|p1a: Sinistcha|0 fnt\n|faint|p1a: Sinistcha\n|\n|upkeep\n|\n|t:|1781396542\n|switch|p1a: Golem|Golem, L87, F|281/281\n|turn|11\n|\n|t:|1781396546\n|move|p2a: Vivillon|Sleep Powder|p1a: Golem\n|-status|p1a: Golem|slp|[from] move: Sleep Powder\n|cant|p1a: Golem|slp\n|\n|upkeep\n|turn|12\n|\n|t:|1781396550\n|move|p2a: Vivillon|Bug Buzz|p1a: Golem\n|-crit|p1a: Golem\n|-damage|p1a: Golem|34/281 slp\n|-unboost|p1a: Golem|spd|1\n|-curestatus|p1a: Golem|slp|[msg]\n|move|p1a: Golem|Stone Edge|p2a: Vivillon\n|-supereffective|p2a: Vivillon\n|-damage|p2a: Vivillon|0 fnt\n|faint|p2a: Vivillon\n|\n|upkeep\n|\n|t:|1781396554\n|switch|p2a: Comfey|Comfey, L85, M|167/225 par\n|turn|13\n|\n|t:|1781396556\n|move|p2a: Comfey|Giga Drain|p1a: Golem\n|-supereffective|p1a: Golem\n|-damage|p1a: Golem|0 fnt\n|-heal|p2a: Comfey|184/225 par|[from] drain|[of] p1a: Golem\n|faint|p1a: Golem\n|\n|upkeep\n|\n|t:|1781396565\n|switch|p1a: Plusle|Plusle, L95, F|268/268\n|turn|14\n|\n|t:|1781396573\n|move|p1a: Plusle|Nasty Plot|p1a: Plusle\n|-boost|p1a: Plusle|spa|2\n|cant|p2a: Comfey|par\n|\n|upkeep\n|turn|15\n|\n|t:|1781396580\n|move|p2a: Comfey|Draining Kiss|p1a: Plusle\n|-damage|p1a: Plusle|216/268\n|-heal|p2a: Comfey|223/225 par|[from] drain|[of] p1a: Plusle\n|move|p1a: Plusle|Thunderbolt|p2a: Comfey\n|-damage|p2a: Comfey|0 fnt\n|faint|p2a: Comfey\n|-damage|p1a: Plusle|190/268|[from] item: Life Orb\n|\n|upkeep\n|\n|t:|1781396585\n|switch|p2a: Arceus|Arceus-Ghost, L69|280/280\n|turn|16\n|\n|t:|1781396588\n|move|p1a: Plusle|Thunderbolt|p2a: Arceus\n|-damage|p2a: Arceus|27/280\n|-status|p2a: Arceus|par\n|-damage|p1a: Plusle|164/268|[from] item: Life Orb\n|move|p2a: Arceus|Judgment|p1a: Plusle\n|-damage|p1a: Plusle|59/268\n|\n|upkeep\n|turn|17\n|\n|t:|1781396597\n|move|p1a: Plusle|Alluring Voice|p2a: Arceus\n|-damage|p2a: Arceus|0 fnt\n|faint|p2a: Arceus\n|-damage|p1a: Plusle|33/268|[from] item: Life Orb\n|\n|upkeep\n|\n|t:|1781396599\n|switch|p2a: Vaporeon|Vaporeon, L86, M|364/364\n|turn|18\n|\n|t:|1781396603\n|-terastallize|p2a: Vaporeon|Ground\n|move|p1a: Plusle|Thunderbolt|p2a: Vaporeon\n|-immune|p2a: Vaporeon\n|move|p2a: Vaporeon|Scald|p1a: Plusle\n|-damage|p1a: Plusle|0 fnt\n|faint|p1a: Plusle\n|\n|upkeep\n|\n|t:|1781396606\n|switch|p1a: Medicham|Medicham, L86, M|243/243\n|turn|19\n|\n|t:|1781396609\n|move|p1a: Medicham|Zen Headbutt|p2a: Vaporeon\n|-damage|p2a: Vaporeon|216/364\n|move|p2a: Vaporeon|Scald|p1a: Medicham\n|-damage|p1a: Medicham|135/243\n|-status|p1a: Medicham|brn\n|\n|-heal|p2a: Vaporeon|238/364|[from] item: Leftovers\n|-damage|p1a: Medicham|120/243 brn|[from] brn\n|upkeep\n|turn|20\n|\n|t:|1781396615\n|move|p1a: Medicham|Zen Headbutt|p2a: Vaporeon\n|-damage|p2a: Vaporeon|163/364\n|cant|p2a: Vaporeon|flinch\n|\n|-heal|p2a: Vaporeon|185/364|[from] item: Leftovers\n|-damage|p1a: Medicham|105/243 brn|[from] brn\n|upkeep\n|turn|21\n|\n|t:|1781396621\n|switch|p1a: Illumise|Illumise, L91, F|266/266\n|move|p2a: Vaporeon|Wish|p2a: Vaporeon\n|\n|-heal|p2a: Vaporeon|207/364|[from] item: Leftovers\n|upkeep\n|turn|22\n|\n|t:|1781396626\n|move|p1a: Illumise|Encore|p2a: Vaporeon\n|-start|p2a: Vaporeon|Encore\n|move|p2a: Vaporeon|Wish||[still]\n|-fail|p2a: Vaporeon\n|\n|-heal|p2a: Vaporeon|364/364|[from] move: Wish|[wisher] Vaporeon\n|upkeep\n|turn|23\n|\n|t:|1781396631\n|switch|p2a: Decidueye|Decidueye-Hisui, L87, F|184/295\n|move|p1a: Illumise|Bug Buzz|p2a: Decidueye\n|-damage|p2a: Decidueye|97/295\n|\n|-heal|p2a: Decidueye|115/295|[from] item: Leftovers\n|upkeep\n|turn|24\n|\n|t:|1781396641\n|move|p1a: Illumise|Bug Buzz|p2a: Decidueye\n|-damage|p2a: Decidueye|37/295\n|move|p2a: Decidueye|Roost|p2a: Decidueye\n|-heal|p2a: Decidueye|185/295\n|-singleturn|p2a: Decidueye|move: Roost\n|\n|-heal|p2a: Decidueye|203/295|[from] item: Leftovers\n|upkeep\n|turn|25\n|\n|t:|1781396647\n|switch|p2a: Vaporeon|Vaporeon, L86, M, tera:Ground|364/364\n|move|p1a: Illumise|Encore||[still]\n|-fail|p1a: Illumise\n|\n|upkeep\n|turn|26\n|\n|t:|1781396650\n|switch|p1a: Thundurus|Thundurus, L80, M|258/258\n|move|p2a: Vaporeon|Scald|p1a: Thundurus\n|-crit|p1a: Thundurus\n|-damage|p1a: Thundurus|86/258\n|\n|upkeep\n|turn|27\n|\n|t:|1781396656\n|move|p1a: Thundurus|Knock Off|p2a: Vaporeon\n|-damage|p2a: Vaporeon|278/364\n|-enditem|p2a: Vaporeon|Leftovers|[from] move: Knock Off|[of] p1a: Thundurus\n|move|p2a: Vaporeon|Scald|p1a: Thundurus\n|-damage|p1a: Thundurus|0 fnt\n|faint|p1a: Thundurus\n|\n|upkeep\n|\n|t:|1781396666\n|switch|p1a: Medicham|Medicham, L86, M|105/243 brn\n|turn|28\n|\n|t:|1781396671\n|move|p2a: Vaporeon|Protect|p2a: Vaporeon\n|-singleturn|p2a: Vaporeon|Protect\n|move|p1a: Medicham|Close Combat|p2a: Vaporeon\n|-activate|p2a: Vaporeon|move: Protect\n|\n|-damage|p1a: Medicham|90/243 brn|[from] brn\n|upkeep\n|turn|29\n|\n|t:|1781396679\n|move|p1a: Medicham|Close Combat|p2a: Vaporeon\n|-damage|p2a: Vaporeon|158/364\n|-unboost|p1a: Medicham|def|1\n|-unboost|p1a: Medicham|spd|1\n|move|p2a: Vaporeon|Wish|p2a: Vaporeon\n|\n|-damage|p1a: Medicham|75/243 brn|[from] brn\n|upkeep\n|turn|30\n|\n|t:|1781396688\n|switch|p1a: Illumise|Illumise, L91, F|266/266\n|move|p2a: Vaporeon|Scald|p1a: Illumise\n|-damage|p1a: Illumise|172/266\n|\n|-heal|p2a: Vaporeon|340/364|[from] move: Wish|[wisher] Vaporeon\n|upkeep\n|turn|31\n|\n|t:|1781396694\n|move|p1a: Illumise|Bug Buzz|p2a: Vaporeon\n|-damage|p2a: Vaporeon|256/364\n|-unboost|p2a: Vaporeon|spd|1\n|move|p2a: Vaporeon|Scald|p1a: Illumise\n|-damage|p1a: Illumise|79/266\n|\n|upkeep\n|turn|32\n|\n|t:|1781396702\n|move|p1a: Illumise|Roost|p1a: Illumise\n|-heal|p1a: Illumise|212/266\n|-singleturn|p1a: Illumise|move: Roost\n|move|p2a: Vaporeon|Scald|p1a: Illumise\n|-damage|p1a: Illumise|124/266\n|-status|p1a: Illumise|brn\n|\n|-damage|p1a: Illumise|108/266 brn|[from] brn\n|upkeep\n|turn|33\n|\n|t:|1781396711\n|switch|p2a: Decidueye|Decidueye-Hisui, L87, F|203/295\n|move|p1a: Illumise|Roost|p1a: Illumise\n|-heal|p1a: Illumise|241/266 brn\n|-singleturn|p1a: Illumise|move: Roost\n|\n|-heal|p2a: Decidueye|221/295|[from] item: Leftovers\n|-damage|p1a: Illumise|225/266 brn|[from] brn\n|upkeep\n|turn|34\n|\n|t:|1781396715\n|move|p1a: Illumise|Thunder Wave|p2a: Decidueye\n|-status|p2a: Decidueye|par\n|move|p2a: Decidueye|Triple Arrows|p1a: Illumise\n|-resisted|p1a: Illumise\n|-damage|p1a: Illumise|171/266 brn\n|\n|-heal|p2a: Decidueye|239/295 par|[from] item: Leftovers\n|-damage|p1a: Illumise|155/266 brn|[from] brn\n|upkeep\n|turn|35\n|\n|t:|1781396726\n|move|p1a: Illumise|Bug Buzz|p2a: Decidueye\n|-damage|p2a: Decidueye|163/295 par\n|move|p2a: Decidueye|Triple Arrows|p1a: Illumise\n|-resisted|p1a: Illumise\n|-damage|p1a: Illumise|94/266 brn\n|\n|-heal|p2a: Decidueye|181/295 par|[from] item: Leftovers\n|-damage|p1a: Illumise|78/266 brn|[from] brn\n|upkeep\n|turn|36\n|\n|t:|1781396749\n|move|p1a: Illumise|Bug Buzz|p2a: Decidueye\n|-damage|p2a: Decidueye|99/295 par\n|cant|p2a: Decidueye|par\n|\n|-heal|p2a: Decidueye|117/295 par|[from] item: Leftovers\n|-damage|p1a: Illumise|62/266 brn|[from] brn\n|upkeep\n|turn|37\n|\n|t:|1781396766\n|move|p1a: Illumise|Roost|p1a: Illumise\n|-heal|p1a: Illumise|195/266 brn\n|-singleturn|p1a: Illumise|move: Roost\n|move|p2a: Decidueye|Roost|p2a: Decidueye\n|-heal|p2a: Decidueye|265/295 par\n|-singleturn|p2a: Decidueye|move: Roost\n|\n|-heal|p2a: Decidueye|283/295 par|[from] item: Leftovers\n|-damage|p1a: Illumise|179/266 brn|[from] brn\n|upkeep\n|turn|38\n|\n|t:|1781396769\n|move|p1a: Illumise|Bug Buzz|p2a: Decidueye\n|-damage|p2a: Decidueye|196/295 par\n|move|p2a: Decidueye|Triple Arrows|p1a: Illumise\n|-resisted|p1a: Illumise\n|-damage|p1a: Illumise|120/266 brn\n|\n|-heal|p2a: Decidueye|214/295 par|[from] item: Leftovers\n|-damage|p1a: Illumise|104/266 brn|[from] brn\n|upkeep\n|turn|39\n|\n|t:|1781396775\n|move|p1a: Illumise|Roost|p1a: Illumise\n|-heal|p1a: Illumise|237/266 brn\n|-singleturn|p1a: Illumise|move: Roost\n|move|p2a: Decidueye|Triple Arrows|p1a: Illumise\n|-resisted|p1a: Illumise\n|-crit|p1a: Illumise\n|-damage|p1a: Illumise|148/266 brn\n|-unboost|p1a: Illumise|def|1\n|\n|-heal|p2a: Decidueye|232/295 par|[from] item: Leftovers\n|-damage|p1a: Illumise|132/266 brn|[from] brn\n|upkeep\n|turn|40\n|\n|t:|1781396781\n|move|p1a: Illumise|Bug Buzz|p2a: Decidueye\n|-damage|p2a: Decidueye|147/295 par\n|move|p2a: Decidueye|Triple Arrows|p1a: Illumise\n|-resisted|p1a: Illumise\n|-damage|p1a: Illumise|47/266 brn\n|\n|-heal|p2a: Decidueye|165/295 par|[from] item: Leftovers\n|-damage|p1a: Illumise|31/266 brn|[from] brn\n|upkeep\n|turn|41\n|\n|t:|1781396791\n|move|p1a: Illumise|Roost|p1a: Illumise\n|-heal|p1a: Illumise|164/266 brn\n|-singleturn|p1a: Illumise|move: Roost\n|cant|p2a: Decidueye|par\n|\n|-heal|p2a: Decidueye|183/295 par|[from] item: Leftovers\n|-damage|p1a: Illumise|148/266 brn|[from] brn\n|upkeep\n|turn|42\n|\n|t:|1781396795\n|move|p1a: Illumise|Bug Buzz|p2a: Decidueye\n|-damage|p2a: Decidueye|101/295 par\n|move|p2a: Decidueye|Triple Arrows|p1a: Illumise\n|-resisted|p1a: Illumise\n|-damage|p1a: Illumise|58/266 brn\n|\n|-heal|p2a: Decidueye|119/295 par|[from] item: Leftovers\n|-damage|p1a: Illumise|42/266 brn|[from] brn\n|upkeep\n|turn|43\n|\n|t:|1781396804\n|move|p1a: Illumise|Roost|p1a: Illumise\n|-heal|p1a: Illumise|175/266 brn\n|-singleturn|p1a: Illumise|move: Roost\n|move|p2a: Decidueye|Roost|p2a: Decidueye\n|-heal|p2a: Decidueye|267/295 par\n|-singleturn|p2a: Decidueye|move: Roost\n|\n|-heal|p2a: Decidueye|285/295 par|[from] item: Leftovers\n|-damage|p1a: Illumise|159/266 brn|[from] brn\n|upkeep\n|turn|44\n|\n|t:|1781396808\n|move|p1a: Illumise|Encore|p2a: Decidueye\n|-start|p2a: Decidueye|Encore\n|move|p2a: Decidueye|Roost|p2a: Decidueye\n|-heal|p2a: Decidueye|295/295 par\n|-singleturn|p2a: Decidueye|move: Roost\n|\n|-damage|p1a: Illumise|143/266 brn|[from] brn\n|upkeep\n|turn|45\n|\n|t:|1781396811\n|move|p1a: Illumise|Roost|p1a: Illumise\n|-heal|p1a: Illumise|266/266 brn\n|-singleturn|p1a: Illumise|move: Roost\n|move|p2a: Decidueye|Roost||[still]\n|-fail|p2a: Decidueye|heal\n|\n|-damage|p1a: Illumise|250/266 brn|[from] brn\n|upkeep\n|turn|46\n|\n|t:|1781396819\n|switch|p2a: Vaporeon|Vaporeon, L86, M, tera:Ground|256/364\n|move|p1a: Illumise|Bug Buzz|p2a: Vaporeon\n|-damage|p2a: Vaporeon|177/364\n|-unboost|p2a: Vaporeon|spd|1\n|\n|-damage|p1a: Illumise|234/266 brn|[from] brn\n|upkeep\n|turn|47\n|\n|t:|1781396821\n|switch|p2a: Decidueye|Decidueye-Hisui, L87, F|295/295 par\n|move|p1a: Illumise|Bug Buzz|p2a: Decidueye\n|-damage|p2a: Decidueye|210/295 par\n|\n|-heal|p2a: Decidueye|228/295 par|[from] item: Leftovers\n|-damage|p1a: Illumise|218/266 brn|[from] brn\n|upkeep\n|turn|48\n|\n|t:|1781396826\n|move|p1a: Illumise|Bug Buzz|p2a: Decidueye\n|-damage|p2a: Decidueye|152/295 par\n|move|p2a: Decidueye|Triple Arrows|p1a: Illumise\n|-resisted|p1a: Illumise\n|-damage|p1a: Illumise|125/266 brn\n|-unboost|p1a: Illumise|def|1\n|\n|-heal|p2a: Decidueye|170/295 par|[from] item: Leftovers\n|-damage|p1a: Illumise|109/266 brn|[from] brn\n|upkeep\n|turn|49\n|\n|t:|1781396832\n|move|p1a: Illumise|Bug Buzz|p2a: Decidueye\n|-damage|p2a: Decidueye|89/295 par\n|cant|p2a: Decidueye|par\n|\n|-heal|p2a: Decidueye|107/295 par|[from] item: Leftovers\n|-damage|p1a: Illumise|93/266 brn|[from] brn\n|upkeep\n|turn|50\n|\n|t:|1781396836\n|move|p1a: Illumise|Bug Buzz|p2a: Decidueye\n|-damage|p2a: Decidueye|25/295 par\n|-unboost|p2a: Decidueye|spd|1\n|move|p2a: Decidueye|Triple Arrows|p1a: Illumise\n|-resisted|p1a: Illumise\n|-damage|p1a: Illumise|0 fnt\n|faint|p1a: Illumise\n|\n|-heal|p2a: Decidueye|43/295 par|[from] item: Leftovers\n|upkeep\n|\n|t:|1781396840\n|switch|p1a: Medicham|Medicham, L86, M|75/243 brn\n|turn|51\n|\n|t:|1781396842\n|move|p1a: Medicham|Zen Headbutt|p2a: Decidueye\n|-supereffective|p2a: Decidueye\n|-damage|p2a: Decidueye|0 fnt\n|faint|p2a: Decidueye\n|\n|-damage|p1a: Medicham|60/243 brn|[from] brn\n|upkeep\n|\n|t:|1781396844\n|switch|p2a: Vaporeon|Vaporeon, L86, M, tera:Ground|177/364\n|turn|52\n|\n|t:|1781396846\n|move|p2a: Vaporeon|Protect|p2a: Vaporeon\n|-singleturn|p2a: Vaporeon|Protect\n|move|p1a: Medicham|Zen Headbutt|p2a: Vaporeon\n|-activate|p2a: Vaporeon|move: Protect\n|\n|-damage|p1a: Medicham|45/243 brn|[from] brn\n|upkeep\n|turn|53\n|\n|t:|1781396851\n|move|p1a: Medicham|Zen Headbutt|p2a: Vaporeon\n|-damage|p2a: Vaporeon|102/364\n|move|p2a: Vaporeon|Scald|p1a: Medicham\n|-damage|p1a: Medicham|0 fnt\n|faint|p1a: Medicham\n|\n|win|arnavgupta\n", "inputlog": ">version a8376a258c1d4662feba110a92103f3664a72141\n>start {\"formatid\":\"gen9randombattle\",\"seed\":\"sodium,2a66be71e83be3743f01b0f453ab07eb\",\"rated\":\"Rated battle\"}\n>player p1 {\"name\":\"stallwinsall\",\"avatar\":\"1\",\"rating\":2027,\"seed\":\"sodium,6636c6353c8640028ee014f795d9012f\"}\n>player p2 {\"name\":\"arnavgupta\",\"avatar\":\"drayden\",\"rating\":2073,\"seed\":\"sodium,3f9caa99ffcc1a41095e0172b57ed2f3\"}\n>p1 move thunderbolt\n>p2 switch 6\n>p1 move taunt\n>p2 move calmmind\n>p1 move knockoff\n>p2 move drainingkiss\n>p1 switch 3\n>p2 move drainingkiss\n>p1 move calmmind\n>p2 switch 2\n>p1 move shadowball\n>p2 move triplearrows\n>p1 move shadowball\n>p2 switch 6\n>p1 move shadowball\n>p2 move bravebird\n>p2 switch 3\n>p1 move shadowball\n>p2 move quiverdance\n>p1 move shadowball\n>p2 move hurricane\n>p1 switch 5\n>p1 move stoneedge\n>p2 move sleeppowder\n>p1 move stoneedge\n>p2 move bugbuzz\n>p2 switch 2\n>p1 move explosion\n>p2 move gigadrain\n>p1 switch 4\n>p1 move nastyplot\n>p2 move calmmind\n>p1 move thunderbolt\n>p2 move drainingkiss\n>p2 switch 4\n>p1 move thunderbolt\n>p2 move judgment\n>p1 move alluringvoice\n>p2 move judgment\n>p2 switch 5\n>p1 move thunderbolt\n>p2 move scald terastallize\n>p1 switch 2\n>p1 move zenheadbutt\n>p2 move scald\n>p1 move zenheadbutt\n>p2 move wish\n>p1 switch 6\n>p2 move wish\n>p1 move encore\n>p2 move scald\n>p1 move bugbuzz\n>p2 switch 6\n>p1 move bugbuzz\n>p2 move roost\n>p1 move encore\n>p2 switch 6\n>p1 switch 3\n>p2 move scald\n>p1 move knockoff\n>p2 move scald\n>p1 switch 6\n>p1 move closecombat\n>p2 move protect\n>p1 move closecombat\n>p2 move wish\n>p1 switch 3\n>p2 move scald\n>p1 move bugbuzz\n>p2 move scald\n>p1 move roost\n>p2 move scald\n>p1 move roost\n>p2 switch 6\n>p1 move thunderwave\n>p2 move triplearrows\n>p1 move bugbuzz\n>p2 move triplearrows\n>p1 move bugbuzz\n>p2 move triplearrows\n>p1 move roost\n>p2 move roost\n>p1 move bugbuzz\n>p2 move triplearrows\n>p1 move roost\n>p2 move triplearrows\n>p1 move bugbuzz\n>p2 move triplearrows\n>p1 move roost\n>p2 move triplearrows\n>p1 move bugbuzz\n>p2 move triplearrows\n>p1 move roost\n>p2 move roost\n>p1 move encore\n>p2 move triplearrows\n>p1 move roost\n>p2 move roost\n>p1 move bugbuzz\n>p2 switch 6\n>p1 move bugbuzz\n>p2 switch 6\n>p1 move bugbuzz\n>p2 move triplearrows\n>p1 move bugbuzz\n>p2 move triplearrows\n>p1 move bugbuzz\n>p2 move triplearrows\n>p1 switch 3\n>p1 move zenheadbutt\n>p2 move triplearrows\n>p2 switch 6\n>p1 move zenheadbutt\n>p2 move protect\n>p1 move zenheadbutt\n>p2 move scald", "uploadtime": 1781396418, "views": 8, "formatid": "gen9randombattle", "rating": null, "private": 0, "password": null}