{"id": "gen9randombattle-2631614514", "format": "[Gen 9] Random Battle", "players": ["bed burglar", "WhatEver2102"], "log": "|j|\u2606bed burglar\n|j|\u2606WhatEver2102\n|t:|1781409107\n|gametype|singles\n|player|p1|bed burglar|170|1948\n|player|p2|WhatEver2102|juan|2013\n|gen|9\n|tier|[Gen 9] Random Battle\n|rated|\n|rule|Species Clause: Limit one of each Pok\u00e9mon\n|rule|HP Percentage Mod: HP is shown in percentages\n|rule|Sleep Clause Mod: Limit one foe put to sleep\n|rule|Illusion Level Mod: Illusion disguises the Pok\u00e9mon's true level\n|\n|t:|1781409107\n|teamsize|p1|6\n|teamsize|p2|6\n|start\n|switch|p1a: Garganacl|Garganacl, L80, M|291/291\n|switch|p2a: Weavile|Weavile, L79, F|240/240\n|turn|1\n|inactive|Battle timer is ON: inactive players will automatically lose when time's up. (requested by bed burglar)\n|\n|t:|1781409120\n|switch|p2a: Gumshoos|Gumshoos, L95, M|321/321\n|move|p1a: Garganacl|Stealth Rock|p2a: Gumshoos\n|-sidestart|p2: WhatEver2102|move: Stealth Rock\n|\n|upkeep\n|turn|2\n|\n|t:|1781409132\n|move|p1a: Garganacl|Protect|p1a: Garganacl\n|-singleturn|p1a: Garganacl|Protect\n|move|p2a: Gumshoos|Earthquake|p1a: Garganacl\n|-activate|p1a: Garganacl|move: Protect\n|\n|upkeep\n|turn|3\n|\n|t:|1781409136\n|switch|p1a: Kricketune|Kricketune, L99, F|312/312\n|move|p2a: Gumshoos|Earthquake|p1a: Kricketune\n|-resisted|p1a: Kricketune\n|-damage|p1a: Kricketune|131/312\n|\n|upkeep\n|turn|4\n|\n|t:|1781409152\n|switch|p2a: Dewgong|Dewgong, L94, F|322/322\n|move|p1a: Kricketune|Sticky Web|p2a: Dewgong\n|-sidestart|p2: WhatEver2102|move: Sticky Web\n|\n|upkeep\n|turn|5\n|\n|t:|1781409173\n|move|p1a: Kricketune|Knock Off|p2a: Dewgong\n|-damage|p2a: Dewgong|245/322\n|-enditem|p2a: Dewgong|Heavy-Duty Boots|[from] move: Knock Off|[of] p1a: Kricketune\n|move|p2a: Dewgong|Triple Axel|p1a: Kricketune\n|-damage|p1a: Kricketune|106/312\n|-damage|p1a: Kricketune|49/312\n|-damage|p1a: Kricketune|0 fnt\n|faint|p1a: Kricketune\n|-hitcount|p1: Kricketune|3\n|\n|upkeep\n|\n|t:|1781409187\n|switch|p1a: Munkidori|Munkidori, L79, M|269/269\n|turn|6\n|inactive|WhatEver2102 has 120 seconds left.\n|\n|t:|1781409211\n|move|p1a: Munkidori|Psyshock|p2a: Dewgong\n|-damage|p2a: Dewgong|119/322\n|-damage|p1a: Munkidori|243/269|[from] item: Life Orb\n|move|p2a: Dewgong|Triple Axel|p1a: Munkidori\n|-crit|p1a: Munkidori\n|-damage|p1a: Munkidori|201/269\n|-damage|p1a: Munkidori|147/269\n|-damage|p1a: Munkidori|71/269\n|-hitcount|p1a: Munkidori|3\n|\n|upkeep\n|turn|7\n|\n|t:|1781409221\n|move|p1a: Munkidori|Sludge Wave|p2a: Dewgong\n|-damage|p2a: Dewgong|5/322\n|-damage|p1a: Munkidori|45/269|[from] item: Life Orb\n|move|p2a: Dewgong|Surf|p1a: Munkidori\n|-damage|p1a: Munkidori|0 fnt\n|faint|p1a: Munkidori\n|\n|upkeep\n|\n|t:|1781409229\n|switch|p1a: Revavroom|Revavroom, L79, M|256/256\n|turn|8\n|\n|t:|1781409238\n|move|p1a: Revavroom|Iron Head|p2a: Dewgong\n|-damage|p2a: Dewgong|0 fnt\n|faint|p2a: Dewgong\n|-damage|p1a: Revavroom|231/256|[from] item: Life Orb\n|\n|upkeep\n|\n|t:|1781409248\n|switch|p2a: Gumshoos|Gumshoos, L95, M|321/321\n|-damage|p2a: Gumshoos|281/321|[from] Stealth Rock\n|-activate|p2a: Gumshoos|move: Sticky Web\n|-unboost|p2a: Gumshoos|spe|1\n|turn|9\n|\n|t:|1781409265\n|move|p1a: Revavroom|Gunk Shot|p2a: Gumshoos\n|-damage|p2a: Gumshoos|86/321\n|-damage|p1a: Revavroom|206/256|[from] item: Life Orb\n|move|p2a: Gumshoos|Earthquake|p1a: Revavroom\n|-supereffective|p1a: Revavroom\n|-damage|p1a: Revavroom|0 fnt\n|faint|p1a: Revavroom\n|\n|upkeep\n|\n|t:|1781409269\n|switch|p1a: Garganacl|Garganacl, L80, M|291/291\n|turn|10\n|\n|t:|1781409275\n|move|p1a: Garganacl|Protect|p1a: Garganacl\n|-singleturn|p1a: Garganacl|Protect\n|move|p2a: Gumshoos|Earthquake|p1a: Garganacl\n|-activate|p1a: Garganacl|move: Protect\n|\n|upkeep\n|turn|11\n|\n|t:|1781409277\n|move|p1a: Garganacl|Salt Cure|p2a: Gumshoos\n|-damage|p2a: Gumshoos|35/321\n|-start|p2a: Gumshoos|Salt Cure\n|move|p2a: Gumshoos|Earthquake|p1a: Garganacl\n|-supereffective|p1a: Garganacl\n|-damage|p1a: Garganacl|55/291\n|\n|-heal|p1a: Garganacl|73/291|[from] item: Leftovers\n|-damage|p2a: Gumshoos|0 fnt|[from] Salt Cure\n|faint|p2a: Gumshoos\n|upkeep\n|\n|t:|1781409293\n|switch|p2a: Braviary|Braviary, L85, M|309/309\n|turn|12\n|\n|t:|1781409297\n|move|p1a: Garganacl|Protect|p1a: Garganacl\n|-singleturn|p1a: Garganacl|Protect\n|move|p2a: Braviary|Close Combat|p1a: Garganacl\n|-activate|p1a: Garganacl|move: Protect\n|\n|-heal|p1a: Garganacl|91/291|[from] item: Leftovers\n|upkeep\n|turn|13\n|\n|t:|1781409302\n|move|p2a: Braviary|Close Combat|p1a: Garganacl\n|-supereffective|p1a: Garganacl\n|-damage|p1a: Garganacl|0 fnt\n|-unboost|p2a: Braviary|def|1\n|-unboost|p2a: Braviary|spd|1\n|faint|p1a: Garganacl\n|\n|upkeep\n|\n|t:|1781409303\n|switch|p1a: Chien-Pao|Chien-Pao, L72|234/234\n|-ability|p1a: Chien-Pao|Sword of Ruin\n|turn|14\n|\n|t:|1781409310\n|switch|p2a: Bronzong|Bronzong, L88|261/261\n|-damage|p2a: Bronzong|245/261|[from] Stealth Rock\n|move|p1a: Chien-Pao|Icicle Crash|p2a: Bronzong|[miss]\n|-miss|p1a: Chien-Pao|p2a: Bronzong\n|\n|-heal|p2a: Bronzong|261/261|[from] item: Leftovers\n|upkeep\n|turn|15\n|\n|t:|1781409314\n|switch|p1a: Zacian|Zacian, L69|241/241\n|-ability|p1a: Zacian|Intrepid Sword|boost\n|-boost|p1a: Zacian|atk|1\n|move|p2a: Bronzong|Stealth Rock|p1a: Zacian\n|-sidestart|p1: bed burglar|move: Stealth Rock\n|\n|upkeep\n|turn|16\n|-message|bed burglar forfeited.\n|\n|win|WhatEver2102\n", "uploadtime": 1781409109, "views": 3, "formatid": "gen9randombattle", "rating": null, "private": 0, "password": null}