{"id": "gen9randombattle-2631728548", "format": "[Gen 9] Random Battle", "players": ["kyroshero", "havhavs"], "log": "|j|\u2606kyroshero\n|j|\u2606havhavs\n|t:|1781429733\n|gametype|singles\n|player|p1|kyroshero|drayden|1289\n|player|p2|havhavs|169|1332\n|gen|9\n|tier|[Gen 9] Random Battle\n|rated|\n|rule|Species Clause: Limit one of each Pok\u00e9mon\n|rule|HP Percentage Mod: HP is shown in percentages\n|rule|Sleep Clause Mod: Limit one foe put to sleep\n|rule|Illusion Level Mod: Illusion disguises the Pok\u00e9mon's true level\n|\n|t:|1781429733\n|teamsize|p1|6\n|teamsize|p2|6\n|start\n|switch|p1a: Arcanine|Arcanine-Hisui, L79, F|280/280\n|switch|p2a: Cobalion|Cobalion, L80|277/277\n|turn|1\n|inactive|Battle timer is ON: inactive players will automatically lose when time's up. (requested by havhavs)\n|inactive|kyroshero also wants the timer to be on.\n|\n|t:|1781429743\n|move|p2a: Cobalion|Close Combat|p1a: Arcanine\n|-supereffective|p1a: Arcanine\n|-damage|p1a: Arcanine|0 fnt\n|-unboost|p2a: Cobalion|def|1\n|-unboost|p2a: Cobalion|spd|1\n|faint|p1a: Arcanine\n|-damage|p2a: Cobalion|250/277|[from] item: Life Orb\n|\n|upkeep\n|\n|t:|1781429750\n|switch|p1a: Blastoise|Blastoise, L80, F|258/258\n|turn|2\n|\n|t:|1781429767\n|switch|p2a: Gothitelle|Gothitelle, L90, M|272/272\n|move|p1a: Blastoise|Shell Smash|p1a: Blastoise\n|-unboost|p1a: Blastoise|def|1\n|-unboost|p1a: Blastoise|spd|1\n|-boost|p1a: Blastoise|atk|2\n|-boost|p1a: Blastoise|spa|2\n|-boost|p1a: Blastoise|spe|2\n|-enditem|p1a: Blastoise|White Herb\n|-clearnegativeboost|p1a: Blastoise|[silent]\n|\n|upkeep\n|turn|3\n|\n|t:|1781429772\n|move|p1a: Blastoise|Hydro Pump|p2a: Gothitelle\n|-damage|p2a: Gothitelle|125/272\n|move|p2a: Gothitelle|Trick|p1a: Blastoise\n|-activate|p2a: Gothitelle|move: Trick|[of] p1a: Blastoise\n|-item|p1a: Blastoise|Choice Scarf|[from] move: Trick\n|-enditem|p2a: Gothitelle|Choice Scarf|[silent]|[from] move: Trick\n|\n|upkeep\n|turn|4\n|\n|t:|1781429782\n|move|p1a: Blastoise|Hydro Pump|p2a: Gothitelle\n|-damage|p2a: Gothitelle|0 fnt\n|faint|p2a: Gothitelle\n|\n|upkeep\n|\n|t:|1781429795\n|switch|p2a: Bronzong|Bronzong, L88|261/261\n|turn|5\n|\n|t:|1781429801\n|move|p1a: Blastoise|Hydro Pump|p2a: Bronzong\n|-damage|p2a: Bronzong|107/261\n|move|p2a: Bronzong|Iron Head|p1a: Blastoise\n|-resisted|p1a: Blastoise\n|-damage|p1a: Blastoise|219/258\n|\n|-heal|p2a: Bronzong|123/261|[from] item: Leftovers\n|upkeep\n|turn|6\n|\n|t:|1781429807\n|move|p1a: Blastoise|Hydro Pump|p2a: Bronzong\n|-damage|p2a: Bronzong|0 fnt\n|faint|p2a: Bronzong\n|\n|upkeep\n|\n|t:|1781429813\n|switch|p2a: Banette|Banette, L93, F|270/270\n|turn|7\n|\n|t:|1781429816\n|move|p1a: Blastoise|Hydro Pump|p2a: Banette\n|-damage|p2a: Banette|57/270\n|-start|p1a: Blastoise|Disable|Hydro Pump|[from] ability: Cursed Body|[of] p2a: Banette\n|move|p2a: Banette|Poltergeist|p1a: Blastoise\n|-activate|p1a: Blastoise|move: Poltergeist|Choice Scarf\n|-damage|p1a: Blastoise|28/258\n|-damage|p2a: Banette|30/270|[from] item: Life Orb\n|\n|upkeep\n|turn|8\n|\n|t:|1781429822\n|move|p2a: Banette|Shadow Sneak|p1a: Blastoise\n|-damage|p1a: Blastoise|0 fnt\n|faint|p1a: Blastoise\n|-damage|p2a: Banette|3/270|[from] item: Life Orb\n|\n|upkeep\n|\n|t:|1781429833\n|switch|p1a: Forretress|Forretress, L84, F|263/263\n|turn|9\n|c|\u2606havhavs|why you dont miss hydro pump \u01b0tf\n|\n|t:|1781429860\n|move|p2a: Banette|Poltergeist|p1a: Forretress\n|-activate|p1a: Forretress|move: Poltergeist|Leftovers\n|-damage|p1a: Forretress|111/263\n|-damage|p2a: Banette|0 fnt|[from] item: Life Orb\n|faint|p2a: Banette\n|move|p1a: Forretress|Stealth Rock|p2: Banette\n|-sidestart|p2: havhavs|move: Stealth Rock\n|\n|-heal|p1a: Forretress|127/263|[from] item: Leftovers\n|upkeep\n|inactive|havhavs has 120 seconds left.\n|\n|t:|1781429878\n|switch|p2a: Cobalion|Cobalion, L80|250/277\n|-damage|p2a: Cobalion|242/277|[from] Stealth Rock\n|turn|10\n|inactive|havhavs has 120 seconds left.\n|\n|t:|1781429883\n|move|p2a: Cobalion|Swords Dance|p2a: Cobalion\n|-boost|p2a: Cobalion|atk|2\n|move|p1a: Forretress|Toxic Spikes|p2a: Cobalion\n|-sidestart|p2: havhavs|move: Toxic Spikes\n|\n|-heal|p1a: Forretress|143/263|[from] item: Leftovers\n|upkeep\n|turn|11\n|\n|t:|1781429890\n|move|p2a: Cobalion|Close Combat|p1a: Forretress\n|-damage|p1a: Forretress|0 fnt\n|-unboost|p2a: Cobalion|def|1\n|-unboost|p2a: Cobalion|spd|1\n|faint|p1a: Forretress\n|-damage|p2a: Cobalion|215/277|[from] item: Life Orb\n|\n|upkeep\n|\n|t:|1781429899\n|switch|p1a: Chandelure|Chandelure, L83, M|235/235\n|turn|12\n|\n|t:|1781429904\n|move|p1a: Chandelure|Fire Blast|p2a: Cobalion\n|-supereffective|p2a: Cobalion\n|-damage|p2a: Cobalion|0 fnt\n|faint|p2a: Cobalion\n|\n|upkeep\n|\n|t:|1781429909\n|switch|p2a: Reshiram|Reshiram, L76|277/277\n|-ability|p2a: Reshiram|Turboblaze\n|turn|13\n|\n|t:|1781429914\n|switch|p1a: Eelektross|Eelektross, L87, F|290/290\n|move|p2a: Reshiram|Dragon Dance|p2a: Reshiram\n|-boost|p2a: Reshiram|atk|1\n|-boost|p2a: Reshiram|spe|1\n|\n|upkeep\n|turn|14\n|\n|t:|1781429926\n|move|p2a: Reshiram|Flare Blitz|p1a: Eelektross\n|-damage|p1a: Eelektross|112/290\n|-damage|p2a: Reshiram|218/277|[from] Recoil\n|move|p1a: Eelektross|Dragon Tail|p2a: Reshiram\n|-supereffective|p2a: Reshiram\n|-damage|p2a: Reshiram|108/277\n|drag|p2a: Iron Jugulis|Iron Jugulis, L77|271/271\n|-damage|p2a: Iron Jugulis|204/271|[from] Stealth Rock\n|\n|upkeep\n|turn|15\n|\n|t:|1781429937\n|move|p2a: Iron Jugulis|Meteor Beam||[still]\n|-prepare|p2a: Iron Jugulis|Meteor Beam\n|-boost|p2a: Iron Jugulis|spa|1\n|-enditem|p2a: Iron Jugulis|Power Herb\n|-anim|p2a: Iron Jugulis|Meteor Beam|p1a: Eelektross\n|-damage|p1a: Eelektross|29/290\n|move|p1a: Eelektross|U-turn|p2a: Iron Jugulis\n|-damage|p2a: Iron Jugulis|132/271\n|\n|t:|1781429943\n|switch|p1a: Chandelure|Chandelure, L83, M|235/235|[from] U-turn\n|\n|upkeep\n|turn|16\n|\n|t:|1781429947\n|move|p1a: Chandelure|Fire Blast|p2a: Iron Jugulis\n|-damage|p2a: Iron Jugulis|0 fnt\n|faint|p2a: Iron Jugulis\n|-end|p2a: Iron Jugulis|Quark Drive|[silent]\n|\n|upkeep\n|\n|t:|1781429952\n|switch|p2a: Reshiram|Reshiram, L76|108/277\n|-ability|p2a: Reshiram|Turboblaze\n|turn|17\n|\n|t:|1781429961\n|switch|p1a: Eelektross|Eelektross, L87, F|29/290\n|move|p2a: Reshiram|Stone Edge|p1a: Eelektross|[miss]\n|-miss|p2a: Reshiram|p1a: Eelektross\n|\n|upkeep\n|turn|18\n|\n|t:|1781429966\n|move|p2a: Reshiram|Flare Blitz|p1a: Eelektross\n|-damage|p1a: Eelektross|0 fnt\n|faint|p1a: Eelektross\n|-damage|p2a: Reshiram|98/277|[from] Recoil\n|\n|upkeep\n|\n|t:|1781429968\n|switch|p1a: Chandelure|Chandelure, L83, M|235/235\n|turn|19\n|\n|t:|1781429970\n|-terastallize|p1a: Chandelure|Ghost\n|move|p1a: Chandelure|Shadow Ball|p2a: Reshiram\n|-damage|p2a: Reshiram|0 fnt\n|faint|p2a: Reshiram\n|\n|win|kyroshero\n|raw|kyroshero's rating: 1289 &rarr; <strong>1317</strong><br />(+28 for winning)\n|raw|havhavs's rating: 1332 &rarr; <strong>1310</strong><br />(-22 for losing)\n", "inputlog": ">version a8376a258c1d4662feba110a92103f3664a72141\n>start {\"formatid\":\"gen9randombattle\",\"seed\":\"sodium,d275531a7f2349a91b2e02573c1fab51\",\"rated\":\"Rated battle\"}\n>player p1 {\"name\":\"kyroshero\",\"avatar\":\"drayden\",\"rating\":1289,\"seed\":\"sodium,6ee62a51937d69b55e4fc7d933722079\"}\n>player p2 {\"name\":\"havhavs\",\"avatar\":\"169\",\"rating\":1332,\"seed\":\"sodium,8edb01fd2c25ee302604b99d84423575\"}\n>p1 move flareblitz\n>p2 move closecombat\n>p1 switch 3\n>p1 move shellsmash\n>p2 switch 6\n>p1 move hydropump\n>p2 move trick\n>p1 move hydropump\n>p2 move psychic\n>p2 switch 3\n>p1 move hydropump\n>p2 move ironhead\n>p1 move hydropump\n>p2 move psychic\n>p2 switch 5\n>p1 move hydropump\n>p2 move poltergeist\n>p1 move struggle\n>p2 move shadowsneak\n>p1 switch 2\n>chat \u2606havhavs|why you dont miss hydro pump \u01b0tf\n>p1 move stealthrock\n>p2 move poltergeist\n>p2 switch 6\n>p1 move toxicspikes\n>p2 move swordsdance\n>p1 move toxicspikes\n>p2 move closecombat\n>p1 switch 4\n>p1 move fireblast\n>p2 move stoneedge\n>p2 switch 4\n>p1 switch 5\n>p2 move dragondance\n>p1 move dragontail\n>p2 move flareblitz\n>p1 move uturn\n>p2 move meteorbeam\n>p1 switch 5\n>p1 move fireblast\n>p2 move darkpulse\n>p2 switch 2\n>p1 switch 5\n>p2 move stoneedge\n>p1 move dragontail\n>p2 move flareblitz\n>p1 switch 5\n>p1 move shadowball terastallize\n>p2 move stoneedge", "uploadtime": 1781429976, "views": 8, "formatid": "gen9randombattle", "rating": 1310, "private": 0, "password": null}