{"id": "gen9randombattle-2631941316", "format": "[Gen 9] Random Battle", "players": ["Pepe Zombi", "Fckdis"], "log": "|j|\u2606Pepe Zombi\n|j|\u2606Fckdis\n|t:|1781458062\n|gametype|singles\n|player|p1|Pepe Zombi|miku-ghost|2018\n|player|p2|Fckdis|2|2044\n|gen|9\n|tier|[Gen 9] Random Battle\n|rated|\n|rule|Species Clause: Limit one of each Pok\u00e9mon\n|rule|HP Percentage Mod: HP is shown in percentages\n|rule|Sleep Clause Mod: Limit one foe put to sleep\n|rule|Illusion Level Mod: Illusion disguises the Pok\u00e9mon's true level\n|\n|t:|1781458062\n|teamsize|p1|6\n|teamsize|p2|6\n|start\n|switch|p1a: Deoxys|Deoxys-Attack, L72|191/191\n|switch|p2a: Cetitan|Cetitan, L82, F|412/412\n|-ability|p1a: Deoxys|Pressure\n|turn|1\n|inactive|Battle timer is ON: inactive players will automatically lose when time's up. (requested by Pepe Zombi)\n|\n|t:|1781458073\n|switch|p1a: Kleavor|Kleavor, L78, M|237/237\n|move|p2a: Cetitan|Ice Shard|p1a: Kleavor\n|-damage|p1a: Kleavor|194/237\n|\n|upkeep\n|turn|2\n|\n|t:|1781458085\n|switch|p2a: Klefki|Klefki, L84, F|233/233\n|move|p1a: Kleavor|Stone Axe|p2a: Klefki\n|-resisted|p2a: Klefki\n|-damage|p2a: Klefki|148/233\n|-sidestart|p2: Fckdis|move: Stealth Rock\n|\n|-heal|p2a: Klefki|162/233|[from] item: Leftovers\n|upkeep\n|turn|3\n|\n|t:|1781458095\n|switch|p1a: Garganacl|Garganacl, L80, F|291/291\n|move|p2a: Klefki|Thunder Wave|p1a: Garganacl\n|-immune|p1a: Garganacl|[from] ability: Purifying Salt\n|\n|-heal|p2a: Klefki|176/233|[from] item: Leftovers\n|upkeep\n|turn|4\n|\n|t:|1781458107\n|switch|p2a: Smeargle|Smeargle, L95, F|258/258\n|-damage|p2a: Smeargle|226/258|[from] Stealth Rock\n|move|p1a: Garganacl|Salt Cure|p2a: Smeargle\n|-damage|p2a: Smeargle|166/258\n|-start|p2a: Smeargle|Salt Cure\n|\n|-damage|p2a: Smeargle|134/258|[from] Salt Cure\n|upkeep\n|turn|5\n|\n|t:|1781458119\n|move|p2a: Smeargle|Sticky Web|p1a: Garganacl\n|-sidestart|p1: Pepe Zombi|move: Sticky Web\n|move|p1a: Garganacl|Earthquake|p2a: Smeargle\n|-damage|p2a: Smeargle|29/258\n|\n|-damage|p2a: Smeargle|0 fnt|[from] Salt Cure\n|faint|p2a: Smeargle\n|upkeep\n|\n|t:|1781458134\n|switch|p2a: Miraidon|Miraidon, L65|238/238\n|-damage|p2a: Miraidon|209/238|[from] Stealth Rock\n|-fieldstart|move: Electric Terrain|[from] ability: Hadron Engine|[of] p2a: Miraidon\n|turn|6\n|\n|t:|1781458143\n|move|p2a: Miraidon|Calm Mind|p2a: Miraidon\n|-boost|p2a: Miraidon|spa|1\n|-boost|p2a: Miraidon|spd|1\n|move|p1a: Garganacl|Stealth Rock||[still]\n|-fail|p1a: Garganacl\n|\n|upkeep\n|turn|7\n|c|\u2606Fckdis|Misclick?\n|\n|t:|1781458158\n|-terastallize|p2a: Miraidon|Electric\n|move|p2a: Miraidon|Electro Drift|p1a: Garganacl\n|-damage|p1a: Garganacl|0 fnt\n|faint|p1a: Garganacl\n|-damage|p2a: Miraidon|186/238|[from] item: Life Orb\n|\n|upkeep\n|\n|t:|1781458165\n|switch|p1a: Snorlax|Snorlax, L82, M|397/397\n|-activate|p1a: Snorlax|move: Sticky Web\n|-unboost|p1a: Snorlax|spe|1\n|turn|8\n|\n|t:|1781458178\n|switch|p2a: Honchkrow|Honchkrow, L86, M|312/312\n|move|p1a: Snorlax|Body Slam|p2a: Honchkrow\n|-damage|p2a: Honchkrow|191/312\n|\n|upkeep\n|turn|9\n|\n|t:|1781458186\n|switch|p1a: Kleavor|Kleavor, L78, M|194/237\n|-activate|p1a: Kleavor|move: Sticky Web\n|-unboost|p1a: Kleavor|spe|1\n|move|p2a: Honchkrow|Brave Bird|p1a: Kleavor\n|-damage|p1a: Kleavor|40/237\n|-damage|p2a: Honchkrow|140/312|[from] Recoil\n|\n|upkeep\n|turn|10\n|\n|t:|1781458198\n|move|p2a: Honchkrow|Sucker Punch|p1a: Kleavor\n|-damage|p1a: Kleavor|0 fnt\n|faint|p1a: Kleavor\n|-ability|p2a: Honchkrow|Moxie|boost\n|-boost|p2a: Honchkrow|atk|1\n|\n|-fieldend|move: Electric Terrain\n|upkeep\n|\n|t:|1781458207\n|switch|p1a: Golduck|Golduck, L90, F|290/290\n|-activate|p1a: Golduck|move: Sticky Web\n|-unboost|p1a: Golduck|spe|1\n|-ability|p1a: Golduck|Cloud Nine\n|turn|11\n|\n|t:|1781458216\n|move|p2a: Honchkrow|Brave Bird|p1a: Golduck\n|-damage|p1a: Golduck|47/290\n|-damage|p2a: Honchkrow|60/312|[from] Recoil\n|move|p1a: Golduck|Ice Beam|p2a: Honchkrow\n|-supereffective|p2a: Honchkrow\n|-damage|p2a: Honchkrow|0 fnt\n|faint|p2a: Honchkrow\n|-damage|p1a: Golduck|18/290|[from] item: Life Orb\n|\n|upkeep\n|\n|t:|1781458230\n|switch|p2a: Klefki|Klefki, L84, F|176/233\n|-damage|p2a: Klefki|162/233|[from] Stealth Rock\n|turn|12\n|\n|t:|1781458234\n|move|p2a: Klefki|Foul Play|p1a: Golduck\n|-damage|p1a: Golduck|0 fnt\n|faint|p1a: Golduck\n|\n|-heal|p2a: Klefki|176/233|[from] item: Leftovers\n|upkeep\n|\n|t:|1781458240\n|switch|p1a: Deoxys|Deoxys-Attack, L72|191/191\n|-activate|p1a: Deoxys|move: Sticky Web\n|-unboost|p1a: Deoxys|spe|1\n|-ability|p1a: Deoxys|Pressure\n|turn|13\n|\n|t:|1781458247\n|move|p2a: Klefki|Thunder Wave|p1a: Deoxys\n|-status|p1a: Deoxys|par\n|move|p1a: Deoxys|Superpower|p2a: Klefki\n|-damage|p2a: Klefki|37/233\n|-unboost|p1a: Deoxys|atk|1\n|-unboost|p1a: Deoxys|def|1\n|-damage|p1a: Deoxys|172/191 par|[from] item: Life Orb\n|\n|-heal|p2a: Klefki|51/233|[from] item: Leftovers\n|upkeep\n|turn|14\n|\n|t:|1781458259\n|move|p2a: Klefki|Foul Play|p1a: Deoxys\n|-supereffective|p1a: Deoxys\n|-damage|p1a: Deoxys|0 fnt\n|faint|p1a: Deoxys\n|\n|-heal|p2a: Klefki|65/233|[from] item: Leftovers\n|upkeep\n|\n|t:|1781458265\n|switch|p1a: Tauros|Tauros-Paldea-Aqua, L81, M|254/254\n|-activate|p1a: Tauros|move: Sticky Web\n|-unboost|p1a: Tauros|spe|1\n|-ability|p1a: Tauros|Intimidate|boost\n|-unboost|p2a: Klefki|atk|1\n|turn|15\n|\n|t:|1781458273\n|move|p2a: Klefki|Thunder Wave|p1a: Tauros\n|-status|p1a: Tauros|par\n|move|p1a: Tauros|Bulk Up|p1a: Tauros\n|-boost|p1a: Tauros|atk|1\n|-boost|p1a: Tauros|def|1\n|\n|-heal|p2a: Klefki|79/233|[from] item: Leftovers\n|upkeep\n|turn|16\n|\n|t:|1781458285\n|move|p2a: Klefki|Dazzling Gleam|p1a: Tauros\n|-supereffective|p1a: Tauros\n|-damage|p1a: Tauros|80/254 par\n|move|p1a: Tauros|Bulk Up|p1a: Tauros\n|-boost|p1a: Tauros|atk|1\n|-boost|p1a: Tauros|def|1\n|\n|-heal|p2a: Klefki|93/233|[from] item: Leftovers\n|upkeep\n|turn|17\n|\n|t:|1781458295\n|cant|p1a: Tauros|par\n|move|p2a: Klefki|Dazzling Gleam|p1a: Tauros\n|-supereffective|p1a: Tauros\n|-damage|p1a: Tauros|0 fnt\n|faint|p1a: Tauros\n|\n|-heal|p2a: Klefki|107/233|[from] item: Leftovers\n|upkeep\n|\n|t:|1781458298\n|switch|p1a: Snorlax|Snorlax, L82, M|397/397\n|-activate|p1a: Snorlax|move: Sticky Web\n|-unboost|p1a: Snorlax|spe|1\n|turn|18\n|\n|t:|1781458311\n|move|p2a: Klefki|Thunder Wave|p1a: Snorlax\n|-status|p1a: Snorlax|par\n|move|p1a: Snorlax|Curse|p1a: Snorlax\n|-unboost|p1a: Snorlax|spe|1\n|-boost|p1a: Snorlax|atk|1\n|-boost|p1a: Snorlax|def|1\n|\n|-heal|p2a: Klefki|121/233|[from] item: Leftovers\n|upkeep\n|turn|19\n|\n|t:|1781458321\n|move|p2a: Klefki|Foul Play|p1a: Snorlax\n|-damage|p1a: Snorlax|309/397 par\n|move|p1a: Snorlax|Curse|p1a: Snorlax\n|-unboost|p1a: Snorlax|spe|1\n|-boost|p1a: Snorlax|atk|1\n|-boost|p1a: Snorlax|def|1\n|\n|-heal|p2a: Klefki|135/233|[from] item: Leftovers\n|-heal|p1a: Snorlax|333/397 par|[from] item: Leftovers\n|upkeep\n|turn|20\n|\n|t:|1781458331\n|move|p2a: Klefki|Foul Play|p1a: Snorlax\n|-damage|p1a: Snorlax|240/397 par\n|cant|p1a: Snorlax|par\n|\n|-heal|p2a: Klefki|149/233|[from] item: Leftovers\n|-heal|p1a: Snorlax|264/397 par|[from] item: Leftovers\n|upkeep\n|turn|21\n|\n|t:|1781458339\n|move|p2a: Klefki|Foul Play|p1a: Snorlax\n|-damage|p1a: Snorlax|177/397 par\n|move|p1a: Snorlax|Curse|p1a: Snorlax\n|-unboost|p1a: Snorlax|spe|1\n|-boost|p1a: Snorlax|atk|1\n|-boost|p1a: Snorlax|def|1\n|\n|-heal|p2a: Klefki|163/233|[from] item: Leftovers\n|-heal|p1a: Snorlax|201/397 par|[from] item: Leftovers\n|upkeep\n|turn|22\n|\n|t:|1781458350\n|switch|p2a: Miraidon|Miraidon, L65, tera:Electric|186/238\n|-damage|p2a: Miraidon|157/238|[from] Stealth Rock\n|-fieldstart|move: Electric Terrain|[from] ability: Hadron Engine|[of] p2a: Miraidon\n|move|p1a: Snorlax|Curse|p1a: Snorlax\n|-unboost|p1a: Snorlax|spe|1\n|-boost|p1a: Snorlax|atk|1\n|-boost|p1a: Snorlax|def|1\n|\n|-heal|p1a: Snorlax|225/397 par|[from] item: Leftovers\n|upkeep\n|turn|23\n|\n|t:|1781458362\n|move|p2a: Miraidon|Electro Drift|p1a: Snorlax\n|-damage|p1a: Snorlax|20/397 par\n|-damage|p2a: Miraidon|134/238|[from] item: Life Orb\n|move|p1a: Snorlax|Rest||[still]\n|-activate|p1a: Snorlax|move: Electric Terrain\n|-fail|p1a: Snorlax\n|\n|-heal|p1a: Snorlax|44/397 par|[from] item: Leftovers\n|upkeep\n|turn|24\n|c|\u2606Fckdis|Gg\n|\n|t:|1781458373\n|move|p2a: Miraidon|Electro Drift|p1a: Snorlax\n|-damage|p1a: Snorlax|0 fnt\n|faint|p1a: Snorlax\n|-damage|p2a: Miraidon|111/238|[from] item: Life Orb\n|\n|win|Fckdis\n", "inputlog": ">version a8376a258c1d4662feba110a92103f3664a72141\n>start {\"formatid\":\"gen9randombattle\",\"seed\":\"sodium,022453b737290f2b0d8f6639bbb21361\",\"rated\":\"Rated battle\"}\n>player p1 {\"name\":\"Pepe Zombi\",\"avatar\":\"miku-ghost\",\"rating\":2018,\"seed\":\"sodium,dbb98551a85d2e85c3178ee01a262aab\"}\n>player p2 {\"name\":\"Fckdis\",\"avatar\":\"2\",\"rating\":2044,\"seed\":\"sodium,73ec88f79810dbc2e48be34bbc52d878\"}\n>p1 switch 3\n>p2 move iceshard\n>p1 move stoneaxe\n>p2 switch 5\n>p1 switch 2\n>p2 move thunderwave\n>p1 move saltcure\n>p2 switch 2\n>p1 move earthquake\n>p2 move stickyweb\n>p2 switch 4\n>p1 move stealthrock\n>p2 move calmmind\n>chat \u2606Fckdis|Misclick?\n>p1 move saltcure\n>p2 move electrodrift terastallize\n>p1 switch 6\n>p1 move bodyslam\n>p2 switch 3\n>p1 switch 2\n>p2 move bravebird\n>p1 move xscissor\n>p2 move suckerpunch\n>p1 switch 4\n>p1 move icebeam\n>p2 move bravebird\n>p2 switch 2\n>p1 move hydropump\n>p2 move foulplay\n>p1 switch 3\n>p1 move superpower\n>p2 move thunderwave\n>p1 move psychoboost\n>p2 move foulplay\n>p1 switch 5\n>p1 move bulkup\n>p2 move thunderwave\n>p1 move bulkup\n>p2 move dazzlinggleam\n>p1 move aquajet\n>p2 move dazzlinggleam\n>p1 switch 2\n>p1 move curse\n>p2 move thunderwave\n>p1 move curse\n>p2 move foulplay\n>p1 move curse\n>p2 move foulplay\n>p1 move curse\n>p2 move foulplay\n>p1 move curse\n>p2 switch 3\n>p1 move rest\n>p2 move electrodrift\n>chat \u2606Fckdis|Gg\n>p1 move bodyslam\n>p2 move electrodrift", "uploadtime": 1781458063, "views": 6, "formatid": "gen9randombattle", "rating": null, "private": 0, "password": null}