{"id": "gen9randombattle-2631648907", "format": "[Gen 9] Random Battle", "players": ["rikkehardaa", "test x343"], "log": "|j|\u2606rikkehardaa\n|j|\u2606test x343\n|t:|1781414693\n|gametype|singles\n|player|p1|rikkehardaa|brycen|1909\n|player|p2|test x343|266|1934\n|gen|9\n|tier|[Gen 9] Random Battle\n|rated|\n|rule|Species Clause: Limit one of each Pok\u00e9mon\n|rule|HP Percentage Mod: HP is shown in percentages\n|rule|Sleep Clause Mod: Limit one foe put to sleep\n|rule|Illusion Level Mod: Illusion disguises the Pok\u00e9mon's true level\n|\n|t:|1781414693\n|teamsize|p1|6\n|teamsize|p2|6\n|start\n|switch|p1a: Salamence|Salamence, L77, M|273/273\n|switch|p2a: Conkeldurr|Conkeldurr, L80, F|299/299\n|-ability|p1a: Salamence|Intimidate|boost\n|-unboost|p2a: Conkeldurr|atk|1\n|turn|1\n|\n|t:|1781414714\n|move|p1a: Salamence|Dragon Dance|p1a: Salamence\n|-boost|p1a: Salamence|atk|1\n|-boost|p1a: Salamence|spe|1\n|move|p2a: Conkeldurr|Knock Off|p1a: Salamence\n|-damage|p1a: Salamence|204/273\n|-enditem|p1a: Salamence|Heavy-Duty Boots|[from] move: Knock Off|[of] p2a: Conkeldurr\n|\n|-status|p2a: Conkeldurr|brn|[from] item: Flame Orb\n|upkeep\n|turn|2\n|inactive|Battle timer is ON: inactive players will automatically lose when time's up. (requested by test x343)\n|\n|t:|1781414723\n|move|p1a: Salamence|Dual Wingbeat|p2a: Conkeldurr\n|-supereffective|p2a: Conkeldurr\n|-damage|p2a: Conkeldurr|171/299 brn\n|-supereffective|p2a: Conkeldurr\n|-damage|p2a: Conkeldurr|37/299 brn\n|-hitcount|p2a: Conkeldurr|2\n|move|p2a: Conkeldurr|Facade|p1a: Salamence\n|-damage|p1a: Salamence|54/273\n|\n|-damage|p2a: Conkeldurr|19/299 brn|[from] brn\n|upkeep\n|turn|3\n|\n|t:|1781414740\n|move|p2a: Conkeldurr|Mach Punch|p1a: Salamence\n|-resisted|p1a: Salamence\n|-damage|p1a: Salamence|21/273\n|move|p1a: Salamence|Dual Wingbeat|p2a: Conkeldurr\n|-supereffective|p2a: Conkeldurr\n|-damage|p2a: Conkeldurr|0 fnt\n|faint|p2a: Conkeldurr\n|-hitcount|p2: Conkeldurr|1\n|\n|upkeep\n|\n|t:|1781414743\n|switch|p2a: Skeledirge|Skeledirge, L79, M|294/294\n|turn|4\n|\n|t:|1781414750\n|move|p1a: Salamence|Roost|p1a: Salamence\n|-heal|p1a: Salamence|158/273\n|-singleturn|p1a: Salamence|move: Roost\n|move|p2a: Skeledirge|Torch Song|p1a: Salamence\n|-resisted|p1a: Salamence\n|-damage|p1a: Salamence|113/273\n|-boost|p2a: Skeledirge|spa|1\n|\n|upkeep\n|turn|5\n|\n|t:|1781414771\n|switch|p1a: Umbreon|Umbreon, L84, F|297/297\n|move|p2a: Skeledirge|Will-O-Wisp|p1a: Umbreon\n|-status|p1a: Umbreon|brn\n|-activate|p1a: Umbreon|ability: Synchronize\n|-immune|p2a: Skeledirge\n|\n|-damage|p1a: Umbreon|279/297 brn|[from] brn\n|upkeep\n|turn|6\n|\n|t:|1781414785\n|move|p1a: Umbreon|Toxic|p2a: Skeledirge\n|-status|p2a: Skeledirge|tox\n|move|p2a: Skeledirge|Torch Song|p1a: Umbreon\n|-damage|p1a: Umbreon|183/297 brn\n|-boost|p2a: Skeledirge|spa|1\n|\n|-heal|p1a: Umbreon|201/297 brn|[from] item: Leftovers\n|-damage|p2a: Skeledirge|276/294 tox|[from] psn\n|-damage|p1a: Umbreon|183/297 brn|[from] brn\n|upkeep\n|turn|7\n|\n|t:|1781414796\n|-terastallize|p2a: Skeledirge|Fairy\n|move|p1a: Umbreon|Toxic|p2a: Skeledirge\n|-fail|p2a: Skeledirge|tox\n|move|p2a: Skeledirge|Torch Song|p1a: Umbreon\n|-damage|p1a: Umbreon|66/297 brn\n|-boost|p2a: Skeledirge|spa|1\n|\n|-heal|p1a: Umbreon|84/297 brn|[from] item: Leftovers\n|-damage|p2a: Skeledirge|240/294 tox|[from] psn\n|-damage|p1a: Umbreon|66/297 brn|[from] brn\n|upkeep\n|turn|8\n|\n|t:|1781414811\n|move|p1a: Umbreon|Protect|p1a: Umbreon\n|-singleturn|p1a: Umbreon|Protect\n|move|p2a: Skeledirge|Torch Song|p1a: Umbreon\n|-activate|p1a: Umbreon|move: Protect\n|\n|-heal|p1a: Umbreon|84/297 brn|[from] item: Leftovers\n|-damage|p2a: Skeledirge|186/294 tox|[from] psn\n|-damage|p1a: Umbreon|66/297 brn|[from] brn\n|upkeep\n|turn|9\n|inactive|rikkehardaa has 120 seconds left.\n|\n|t:|1781414834\n|move|p1a: Umbreon|Foul Play|p2a: Skeledirge\n|-resisted|p2a: Skeledirge\n|-damage|p2a: Skeledirge|172/294 tox\n|move|p2a: Skeledirge|Torch Song|p1a: Umbreon\n|-damage|p1a: Umbreon|0 fnt\n|-boost|p2a: Skeledirge|spa|1\n|faint|p1a: Umbreon\n|\n|-damage|p2a: Skeledirge|100/294 tox|[from] psn\n|upkeep\n|inactive|rikkehardaa has 120 seconds left.\n|\n|t:|1781414845\n|switch|p1a: Gengar|Gengar, L81, M|230/230\n|turn|10\n|\n|t:|1781414860\n|move|p1a: Gengar|Sludge Wave|p2a: Skeledirge\n|-supereffective|p2a: Skeledirge\n|-crit|p2a: Skeledirge\n|-damage|p2a: Skeledirge|0 fnt\n|faint|p2a: Skeledirge\n|\n|upkeep\n|\n|t:|1781414874\n|switch|p2a: Oricorio|Oricorio-Pom-Pom, L82, M|257/257\n|turn|11\n|\n|t:|1781414883\n|move|p1a: Gengar|Sludge Wave|p2a: Oricorio\n|-damage|p2a: Oricorio|53/257\n|move|p2a: Oricorio|Quiver Dance|p2a: Oricorio\n|-boost|p2a: Oricorio|spa|1\n|-boost|p2a: Oricorio|spd|1\n|-boost|p2a: Oricorio|spe|1\n|\n|upkeep\n|turn|12\n|\n|t:|1781414898\n|switch|p1a: Excadrill|Excadrill, L79, F|303/303\n|-ability|p1a: Excadrill|Mold Breaker\n|move|p2a: Oricorio|Roost|p2a: Oricorio\n|-heal|p2a: Oricorio|182/257\n|-singleturn|p2a: Oricorio|move: Roost\n|\n|upkeep\n|turn|13\n|\n|t:|1781414920\n|move|p2a: Oricorio|Hurricane|p1a: Excadrill|[miss]\n|-miss|p2a: Oricorio|p1a: Excadrill\n|move|p1a: Excadrill|Rapid Spin|p2a: Oricorio\n|-damage|p2a: Oricorio|132/257\n|-boost|p1a: Excadrill|spe|1\n|\n|upkeep\n|turn|14\n|\n|t:|1781414943\n|move|p2a: Oricorio|Hurricane|p1a: Excadrill|[miss]\n|-miss|p2a: Oricorio|p1a: Excadrill\n|move|p1a: Excadrill|Rapid Spin|p2a: Oricorio\n|-damage|p2a: Oricorio|84/257\n|-boost|p1a: Excadrill|spe|1\n|\n|upkeep\n|turn|15\n|inactive|test x343 has 120 seconds left.\n|\n|t:|1781414969\n|move|p1a: Excadrill|Swords Dance|p1a: Excadrill\n|-boost|p1a: Excadrill|atk|2\n|-activate|p2a: Oricorio|ability: Dancer\n|move|p2a: Oricorio|Swords Dance|p2a: Oricorio|[from] ability: Dancer\n|-boost|p2a: Oricorio|atk|2\n|move|p2a: Oricorio|Hurricane|p1a: Excadrill\n|-resisted|p1a: Excadrill\n|-damage|p1a: Excadrill|199/303\n|-start|p1a: Excadrill|confusion\n|\n|-heal|p1a: Excadrill|217/303|[from] item: Leftovers\n|upkeep\n|turn|16\n|\n|t:|1781414980\n|switch|p2a: Trevenant|Trevenant, L89, F|296/296\n|-activate|p1a: Excadrill|confusion\n|move|p1a: Excadrill|Rapid Spin|p2a: Trevenant\n|-immune|p2a: Trevenant\n|\n|-heal|p1a: Excadrill|235/303|[from] item: Leftovers\n|upkeep\n|turn|17\n|inactive|rikkehardaa has 120 seconds left.\n|\n|t:|1781415004\n|switch|p1a: Salamence|Salamence, L77, M|113/273\n|-ability|p1a: Salamence|Intimidate|boost\n|-unboost|p2a: Trevenant|atk|1\n|move|p2a: Trevenant|Drain Punch|p1a: Salamence\n|-resisted|p1a: Salamence\n|-damage|p1a: Salamence|89/273\n|\n|upkeep\n|turn|18\n|\n|t:|1781415014\n|switch|p2a: Diancie|Diancie, L82|216/216\n|move|p1a: Salamence|Roost|p1a: Salamence\n|-heal|p1a: Salamence|226/273\n|-singleturn|p1a: Salamence|move: Roost\n|\n|upkeep\n|turn|19\n|\n|t:|1781415028\n|switch|p1a: Gengar|Gengar, L81, M|230/230\n|move|p2a: Diancie|Diamond Storm|p1a: Gengar\n|-damage|p1a: Gengar|79/230\n|-boost|p2a: Diancie|def|2\n|\n|upkeep\n|turn|20\n|\n|t:|1781415034\n|move|p1a: Gengar|Trick|p2a: Diancie\n|-activate|p1a: Gengar|move: Trick|[of] p2a: Diancie\n|-item|p2a: Diancie|Choice Specs|[from] move: Trick\n|-item|p1a: Gengar|Leftovers|[from] move: Trick\n|move|p2a: Diancie|Earth Power|p1a: Gengar\n|-supereffective|p1a: Gengar\n|-damage|p1a: Gengar|0 fnt\n|faint|p1a: Gengar\n|\n|upkeep\n|\n|t:|1781415044\n|switch|p1a: Salamence|Salamence, L77, M|226/273\n|-ability|p1a: Salamence|Intimidate|boost\n|-fail|p2a: Diancie|unboost|[from] ability: Clear Body|[of] p2a: Diancie\n|turn|21\n|inactive|test x343 has 120 seconds left.\n|\n|t:|1781415086\n|switch|p2a: Oricorio|Oricorio-Pom-Pom, L82, M|84/257\n|move|p1a: Salamence|Dual Wingbeat|p2a: Oricorio\n|-resisted|p2a: Oricorio\n|-crit|p2a: Oricorio\n|-damage|p2a: Oricorio|45/257\n|-resisted|p2a: Oricorio\n|-damage|p2a: Oricorio|17/257\n|-hitcount|p2a: Oricorio|2\n|\n|upkeep\n|turn|22\n|\n|t:|1781415116\n|move|p2a: Oricorio|Hurricane|p1a: Salamence\n|-damage|p1a: Salamence|91/273\n|-start|p1a: Salamence|confusion\n|-activate|p1a: Salamence|confusion\n|move|p1a: Salamence|Dragon Dance|p1a: Salamence\n|-boost|p1a: Salamence|atk|1\n|-boost|p1a: Salamence|spe|1\n|-activate|p2a: Oricorio|ability: Dancer\n|move|p2a: Oricorio|Dragon Dance|p2a: Oricorio|[from] ability: Dancer\n|-boost|p2a: Oricorio|atk|1\n|-boost|p2a: Oricorio|spe|1\n|\n|upkeep\n|turn|23\n|inactive|test x343 has 120 seconds left.\n|\n|t:|1781415132\n|switch|p1a: Excadrill|Excadrill, L79, F|235/303\n|-ability|p1a: Excadrill|Mold Breaker\n|move|p2a: Oricorio|Hurricane|p1a: Excadrill|[miss]\n|-miss|p2a: Oricorio|p1a: Excadrill\n|\n|-heal|p1a: Excadrill|253/303|[from] item: Leftovers\n|upkeep\n|turn|24\n|inactive|test x343 has 120 seconds left.\n|\n|t:|1781415148\n|move|p2a: Oricorio|Hurricane|p1a: Excadrill|[miss]\n|-miss|p2a: Oricorio|p1a: Excadrill\n|move|p1a: Excadrill|Swords Dance|p1a: Excadrill\n|-boost|p1a: Excadrill|atk|2\n|-activate|p2a: Oricorio|ability: Dancer\n|move|p2a: Oricorio|Swords Dance|p2a: Oricorio|[from] ability: Dancer\n|-boost|p2a: Oricorio|atk|2\n|\n|-heal|p1a: Excadrill|271/303|[from] item: Leftovers\n|upkeep\n|turn|25\n|inactive|test x343 has 120 seconds left.\n|\n|t:|1781415157\n|move|p2a: Oricorio|Hurricane|p1a: Excadrill|[miss]\n|-miss|p2a: Oricorio|p1a: Excadrill\n|move|p1a: Excadrill|Rapid Spin|p2a: Oricorio\n|-damage|p2a: Oricorio|0 fnt\n|-boost|p1a: Excadrill|spe|1\n|faint|p2a: Oricorio\n|\n|-heal|p1a: Excadrill|289/303|[from] item: Leftovers\n|upkeep\n|\n|t:|1781415159\n|switch|p2a: Trevenant|Trevenant, L89, F|296/296\n|turn|26\n|\n|t:|1781415173\n|switch|p1a: Salamence|Salamence, L77, M|91/273\n|-ability|p1a: Salamence|Intimidate|boost\n|-unboost|p2a: Trevenant|atk|1\n|move|p2a: Trevenant|Drain Punch|p1a: Salamence\n|-resisted|p1a: Salamence\n|-damage|p1a: Salamence|66/273\n|\n|upkeep\n|turn|27\n|\n|t:|1781415181\n|move|p1a: Salamence|Roost|p1a: Salamence\n|-heal|p1a: Salamence|203/273\n|-singleturn|p1a: Salamence|move: Roost\n|move|p2a: Trevenant|Poltergeist||[still]\n|-fail|p2a: Trevenant\n|\n|upkeep\n|turn|28\n|\n|t:|1781415196\n|move|p1a: Salamence|Dragon Dance|p1a: Salamence\n|-boost|p1a: Salamence|atk|1\n|-boost|p1a: Salamence|spe|1\n|move|p2a: Trevenant|Toxic|p1a: Salamence\n|-status|p1a: Salamence|tox\n|\n|-damage|p1a: Salamence|186/273 tox|[from] psn\n|upkeep\n|turn|29\n|\n|t:|1781415218\n|move|p2a: Trevenant|Protect|p2a: Trevenant\n|-singleturn|p2a: Trevenant|Protect\n|move|p1a: Salamence|Dual Wingbeat|p2a: Trevenant\n|-activate|p2a: Trevenant|move: Protect\n|\n|-damage|p1a: Salamence|152/273 tox|[from] psn\n|upkeep\n|turn|30\n|\n|t:|1781415241\n|switch|p2a: Diancie|Diancie, L82|216/216\n|move|p1a: Salamence|Roost|p1a: Salamence\n|-heal|p1a: Salamence|273/273 tox\n|-singleturn|p1a: Salamence|move: Roost\n|\n|-damage|p1a: Salamence|222/273 tox|[from] psn\n|upkeep\n|turn|31\n|\n|t:|1781415252\n|switch|p1a: Excadrill|Excadrill, L79, F|289/303\n|-ability|p1a: Excadrill|Mold Breaker\n|switch|p2a: Trevenant|Trevenant, L89, F|296/296\n|\n|-heal|p1a: Excadrill|303/303|[from] item: Leftovers\n|upkeep\n|turn|32\n|\n|t:|1781415261\n|switch|p1a: Salamence|Salamence, L77, M|222/273 tox\n|-ability|p1a: Salamence|Intimidate|boost\n|-unboost|p2a: Trevenant|atk|1\n|move|p2a: Trevenant|Drain Punch|p1a: Salamence\n|-resisted|p1a: Salamence\n|-damage|p1a: Salamence|198/273 tox\n|\n|-damage|p1a: Salamence|181/273 tox|[from] psn\n|upkeep\n|turn|33\n|\n|t:|1781415269\n|switch|p2a: Diancie|Diancie, L82|216/216\n|move|p1a: Salamence|Dual Wingbeat|p2a: Diancie\n|-resisted|p2a: Diancie\n|-damage|p2a: Diancie|201/216\n|-resisted|p2a: Diancie\n|-damage|p2a: Diancie|184/216\n|-hitcount|p2a: Diancie|2\n|\n|-damage|p1a: Salamence|147/273 tox|[from] psn\n|upkeep\n|turn|34\n|\n|t:|1781415278\n|switch|p1a: Excadrill|Excadrill, L79, F|303/303\n|-ability|p1a: Excadrill|Mold Breaker\n|move|p2a: Diancie|Earth Power|p1a: Excadrill\n|-supereffective|p1a: Excadrill\n|-damage|p1a: Excadrill|71/303\n|\n|-heal|p1a: Excadrill|89/303|[from] item: Leftovers\n|upkeep\n|turn|35\n|\n|t:|1781415291\n|switch|p2a: Trevenant|Trevenant, L89, F|296/296\n|move|p1a: Excadrill|Iron Head|p2a: Trevenant\n|-damage|p2a: Trevenant|194/296\n|\n|-heal|p1a: Excadrill|107/303|[from] item: Leftovers\n|upkeep\n|turn|36\n|\n|t:|1781415299\n|switch|p1a: Salamence|Salamence, L77, M|147/273 tox\n|-ability|p1a: Salamence|Intimidate|boost\n|-unboost|p2a: Trevenant|atk|1\n|move|p2a: Trevenant|Drain Punch|p1a: Salamence\n|-resisted|p1a: Salamence\n|-damage|p1a: Salamence|123/273 tox\n|-heal|p2a: Trevenant|206/296|[from] drain|[of] p1a: Salamence\n|\n|-damage|p1a: Salamence|106/273 tox|[from] psn\n|upkeep\n|turn|37\n|\n|t:|1781415306\n|move|p1a: Salamence|Roost|p1a: Salamence\n|-heal|p1a: Salamence|243/273 tox\n|-singleturn|p1a: Salamence|move: Roost\n|move|p2a: Trevenant|Drain Punch|p1a: Salamence\n|-damage|p1a: Salamence|195/273 tox\n|-heal|p2a: Trevenant|230/296|[from] drain|[of] p1a: Salamence\n|\n|-damage|p1a: Salamence|161/273 tox|[from] psn\n|upkeep\n|turn|38\n|\n|t:|1781415319\n|switch|p2a: Diancie|Diancie, L82|184/216\n|move|p1a: Salamence|Dual Wingbeat|p2a: Diancie\n|-resisted|p2a: Diancie\n|-damage|p2a: Diancie|169/216\n|-resisted|p2a: Diancie\n|-damage|p2a: Diancie|154/216\n|-hitcount|p2a: Diancie|2\n|\n|-damage|p1a: Salamence|110/273 tox|[from] psn\n|upkeep\n|turn|39\n|\n|t:|1781415326\n|switch|p1a: Shaymin|Shaymin, L82|298/298\n|move|p2a: Diancie|Diamond Storm|p1a: Shaymin\n|-damage|p1a: Shaymin|198/298\n|-boost|p2a: Diancie|def|2\n|\n|-heal|p1a: Shaymin|216/298|[from] item: Leftovers\n|upkeep\n|turn|40\n|\n|t:|1781415339\n|move|p1a: Shaymin|Air Slash|p2a: Diancie\n|-resisted|p2a: Diancie\n|-damage|p2a: Diancie|138/216\n|move|p2a: Diancie|Diamond Storm|p1a: Shaymin\n|-damage|p1a: Shaymin|123/298\n|-boost|p2a: Diancie|def|2\n|\n|-heal|p1a: Shaymin|141/298|[from] item: Leftovers\n|upkeep\n|turn|41\n|\n|t:|1781415345\n|switch|p2a: Trevenant|Trevenant, L89, F|230/296\n|move|p1a: Shaymin|Synthesis|p1a: Shaymin\n|-heal|p1a: Shaymin|290/298\n|\n|-heal|p1a: Shaymin|298/298|[from] item: Leftovers\n|upkeep\n|turn|42\n|\n|t:|1781415351\n|switch|p2a: Mew|Mew, L82|298/298\n|move|p1a: Shaymin|Air Slash|p2a: Mew\n|-damage|p2a: Mew|247/298\n|\n|upkeep\n|turn|43\n|\n|t:|1781415370\n|move|p2a: Mew|Swords Dance|p2a: Mew\n|-boost|p2a: Mew|atk|2\n|move|p1a: Shaymin|Seed Flare|p2a: Mew\n|-damage|p2a: Mew|133/298\n|\n|upkeep\n|turn|44\n|inactive|rikkehardaa has 120 seconds left.\n|\n|t:|1781415400\n|-terastallize|p1a: Shaymin|Ground\n|move|p1a: Shaymin|Seed Flare|p2a: Mew\n|-crit|p2a: Mew\n|-damage|p2a: Mew|0 fnt\n|faint|p2a: Mew\n|\n|upkeep\n|\n|t:|1781415413\n|switch|p2a: Trevenant|Trevenant, L89, F|230/296\n|turn|45\n|\n|t:|1781415416\n|switch|p1a: Salamence|Salamence, L77, M|110/273 tox\n|-ability|p1a: Salamence|Intimidate|boost\n|-unboost|p2a: Trevenant|atk|1\n|move|p2a: Trevenant|Toxic|p1a: Salamence\n|-fail|p1a: Salamence|tox\n|\n|-damage|p1a: Salamence|93/273 tox|[from] psn\n|upkeep\n|turn|46\n|\n|t:|1781415424\n|switch|p2a: Diancie|Diancie, L82|138/216\n|move|p1a: Salamence|Roost|p1a: Salamence\n|-heal|p1a: Salamence|230/273 tox\n|-singleturn|p1a: Salamence|move: Roost\n|\n|-damage|p1a: Salamence|196/273 tox|[from] psn\n|upkeep\n|turn|47\n|\n|t:|1781415436\n|switch|p1a: Shaymin|Shaymin, L82, tera:Ground|298/298\n|move|p2a: Diancie|Diamond Storm|p1a: Shaymin\n|-resisted|p1a: Shaymin\n|-damage|p1a: Shaymin|253/298\n|-boost|p2a: Diancie|def|2\n|\n|-heal|p1a: Shaymin|271/298|[from] item: Leftovers\n|upkeep\n|turn|48\n|\n|t:|1781415444\n|move|p1a: Shaymin|Earth Power|p2a: Diancie\n|-supereffective|p2a: Diancie\n|-damage|p2a: Diancie|10/216\n|move|p2a: Diancie|Diamond Storm|p1a: Shaymin\n|-resisted|p1a: Shaymin\n|-damage|p1a: Shaymin|221/298\n|\n|-heal|p1a: Shaymin|239/298|[from] item: Leftovers\n|upkeep\n|turn|49\n|\n|t:|1781415451\n|move|p1a: Shaymin|Earth Power|p2a: Diancie\n|-supereffective|p2a: Diancie\n|-damage|p2a: Diancie|0 fnt\n|faint|p2a: Diancie\n|\n|-heal|p1a: Shaymin|257/298|[from] item: Leftovers\n|upkeep\n|\n|t:|1781415455\n|switch|p2a: Trevenant|Trevenant, L89, F|230/296\n|turn|50\n|\n|t:|1781415464\n|move|p1a: Shaymin|Air Slash|p2a: Trevenant\n|-supereffective|p2a: Trevenant\n|-damage|p2a: Trevenant|124/296\n|-enditem|p2a: Trevenant|Sitrus Berry|[eat]\n|-heal|p2a: Trevenant|198/296|[from] item: Sitrus Berry\n|cant|p2a: Trevenant|flinch\n|\n|-heal|p1a: Shaymin|275/298|[from] item: Leftovers\n|-item|p2a: Trevenant|Sitrus Berry|[from] ability: Harvest\n|upkeep\n|turn|51\n|\n|t:|1781415473\n|move|p1a: Shaymin|Air Slash|p2a: Trevenant\n|-supereffective|p2a: Trevenant\n|-damage|p2a: Trevenant|98/296\n|-enditem|p2a: Trevenant|Sitrus Berry|[eat]\n|-heal|p2a: Trevenant|172/296|[from] item: Sitrus Berry\n|move|p2a: Trevenant|Toxic|p1a: Shaymin\n|-status|p1a: Shaymin|tox\n|\n|-heal|p1a: Shaymin|293/298 tox|[from] item: Leftovers\n|-damage|p1a: Shaymin|275/298 tox|[from] psn\n|-item|p2a: Trevenant|Sitrus Berry|[from] ability: Harvest\n|upkeep\n|turn|52\n|\n|t:|1781415483\n|-curestatus|p1a: Shaymin|tox|[from] ability: Natural Cure|[silent]\n|switch|p1a: Salamence|Salamence, L77, M|196/273 tox\n|-ability|p1a: Salamence|Intimidate|boost\n|-unboost|p2a: Trevenant|atk|1\n|move|p2a: Trevenant|Protect||[still]\n|-fail|p2a: Trevenant\n|\n|-damage|p1a: Salamence|179/273 tox|[from] psn\n|upkeep\n|turn|53\n|\n|t:|1781415497\n|move|p1a: Salamence|Dragon Dance|p1a: Salamence\n|-boost|p1a: Salamence|atk|1\n|-boost|p1a: Salamence|spe|1\n|move|p2a: Trevenant|Drain Punch|p1a: Salamence\n|-resisted|p1a: Salamence\n|-damage|p1a: Salamence|156/273 tox\n|-heal|p2a: Trevenant|184/296|[from] drain|[of] p1a: Salamence\n|\n|-damage|p1a: Salamence|122/273 tox|[from] psn\n|upkeep\n|turn|54\n|\n|t:|1781415504\n|move|p1a: Salamence|Dual Wingbeat|p2a: Trevenant\n|-supereffective|p2a: Trevenant\n|-damage|p2a: Trevenant|28/296\n|-enditem|p2a: Trevenant|Sitrus Berry|[eat]\n|-heal|p2a: Trevenant|102/296|[from] item: Sitrus Berry\n|-supereffective|p2a: Trevenant\n|-damage|p2a: Trevenant|0 fnt\n|faint|p2a: Trevenant\n|-hitcount|p2: Trevenant|2\n|\n|win|rikkehardaa\n", "inputlog": ">version a8376a258c1d4662feba110a92103f3664a72141\n>start {\"formatid\":\"gen9randombattle\",\"seed\":\"sodium,63112f5901dba90c3ae5042493de34d1\",\"rated\":\"Rated battle\"}\n>player p1 {\"name\":\"rikkehardaa\",\"avatar\":\"brycen\",\"rating\":1909,\"seed\":\"sodium,cf0ad2188ad3f5afc4b18afa63e161af\"}\n>player p2 {\"name\":\"test x343\",\"avatar\":\"266\",\"rating\":1934,\"seed\":\"sodium,5dd1c5a7ecf6ef9d2253124e7cb647ea\"}\n>p1 move dragondance\n>p2 move knockoff\n>p1 move dualwingbeat\n>p2 move facade\n>p1 move dualwingbeat\n>p2 move machpunch\n>p2 switch 4\n>p1 move roost\n>p2 move torchsong\n>p1 switch 6\n>p2 move willowisp\n>p1 move toxic\n>p2 move torchsong\n>p1 move toxic\n>p2 move torchsong terastallize\n>p1 move protect\n>p2 move torchsong\n>p1 move foulplay\n>p2 move torchsong\n>p1 switch 4\n>p1 move sludgewave\n>p2 move hex\n>p2 switch 3\n>p1 move sludgewave\n>p2 move quiverdance\n>p1 switch 3\n>p2 move roost\n>p1 move rapidspin\n>p2 move hurricane\n>p1 move rapidspin\n>p2 move hurricane\n>p1 move swordsdance\n>p2 move hurricane\n>p1 move rapidspin\n>p2 switch 5\n>p1 switch 6\n>p2 move drainpunch\n>p1 move roost\n>p2 switch 6\n>p1 switch 3\n>p2 move diamondstorm\n>p1 move trick\n>p2 move earthpower\n>p1 switch 3\n>p1 move dualwingbeat\n>p2 switch 5\n>p1 move dragondance\n>p2 move hurricane\n>p1 switch 6\n>p2 move hurricane\n>p1 move swordsdance\n>p2 move hurricane\n>p1 move rapidspin\n>p2 move hurricane\n>p2 switch 6\n>p1 switch 6\n>p2 move drainpunch\n>p1 move roost\n>p2 move poltergeist\n>p1 move dragondance\n>p2 move toxic\n>p1 move dualwingbeat\n>p2 move protect\n>p1 move roost\n>p2 switch 5\n>p1 switch 6\n>p2 switch 5\n>p1 switch 6\n>p2 move drainpunch\n>p1 move dualwingbeat\n>p2 switch 5\n>p1 switch 6\n>p2 move earthpower\n>p1 move ironhead\n>p2 switch 5\n>p1 switch 6\n>p2 move drainpunch\n>p1 move roost\n>p2 move drainpunch\n>p1 move dualwingbeat\n>p2 switch 5\n>p1 switch 5\n>p2 move diamondstorm\n>p1 move airslash\n>p2 move diamondstorm\n>p1 move synthesis\n>p2 switch 5\n>p1 move airslash\n>p2 switch 2\n>p1 move seedflare\n>p2 move swordsdance\n>p1 move seedflare terastallize\n>p2 move psychicfangs\n>p2 switch 2\n>p1 switch 5\n>p2 move toxic\n>p1 move roost\n>p2 switch 5\n>p1 switch 5\n>p2 move diamondstorm\n>p1 move earthpower\n>p2 move diamondstorm\n>p1 move earthpower\n>p2 move diamondstorm\n>p2 switch 5\n>p1 move airslash\n>p2 move toxic\n>p1 move airslash\n>p2 move toxic\n>p1 switch 5\n>p2 move protect\n>p1 move dragondance\n>p2 move drainpunch\n>p1 move dualwingbeat\n>p2 move drainpunch", "uploadtime": 1781414695, "views": 5, "formatid": "gen9randombattle", "rating": null, "private": 0, "password": null, "player_dets": [{"name": "rikkehardaa", "avatar": "brycen", "rating": 1909, "seed": "sodium,cf0ad2188ad3f5afc4b18afa63e161af"}, {"name": "test x343", "avatar": "266", "rating": 1934, "seed": "sodium,5dd1c5a7ecf6ef9d2253124e7cb647ea"}], "teams_full": [{"Salamence": {"name": "Salamence", "species": "Salamence", "speciesId": "salamence", "gender": "M", "shiny": false, "level": 77, "moves": ["dragondance", "outrage", "dualwingbeat", "roost"], "ability": "Intimidate", "evs": {"hp": 85, "atk": 85, "def": 85, "spa": 85, "spd": 85, "spe": 85}, "ivs": {"hp": 31, "atk": 31, "def": 31, "spa": 31, "spd": 31, "spe": 31}, "item": "Heavy-Duty Boots", "teraType": "Dragon", "role": "Setup Sweeper", "bvs": {"hp": 95, "atk": 135, "def": 80, "spa": 110, "spd": 80, "spe": 100}, "stats": {"hp": 273, "atk": 252, "def": 168, "spa": 214, "spd": 168, "spe": 199}}, "Slowbro": {"name": "Slowbro", "species": "Slowbro-Galar", "speciesId": "slowbrogalar", "gender": "F", "shiny": false, "level": 87, "moves": ["fireblast", "psychic", "foulplay", "shellsidearm"], "ability": "Regenerator", "evs": {"hp": 85, "atk": 85, "def": 85, "spa": 85, "spd": 85, "spe": 85}, "ivs": {"hp": 31, "atk": 31, "def": 31, "spa": 31, "spd": 31, "spe": 31}, "item": "Assault Vest", "teraType": "Poison", "role": "AV Pivot", "bvs": {"hp": 95, "atk": 100, "def": 95, "spa": 100, "spd": 70, "spe": 30}, "stats": {"hp": 307, "atk": 224, "def": 215, "spa": 224, "spd": 172, "spe": 102}}, "Excadrill": {"name": "Excadrill", "species": "Excadrill", "speciesId": "excadrill", "gender": "F", "shiny": false, "level": 79, "moves": ["earthquake", "swordsdance", "rapidspin", "ironhead"], "ability": "Mold Breaker", "evs": {"hp": 85, "atk": 85, "def": 85, "spa": 85, "spd": 85, "spe": 85}, "ivs": {"hp": 31, "atk": 31, "def": 31, "spa": 31, "spd": 31, "spe": 31}, "item": "Leftovers", "teraType": "Grass", "role": "Bulky Setup", "bvs": {"hp": 110, "atk": 135, "def": 60, "spa": 50, "spd": 65, "spe": 88}, "stats": {"hp": 303, "atk": 259, "def": 140, "spa": 125, "spd": 148, "spe": 185}}, "Gengar": {"name": "Gengar", "species": "Gengar", "speciesId": "gengar", "gender": "M", "shiny": false, "level": 81, "moves": ["trick", "sludgewave", "shadowball", "focusblast"], "ability": "Cursed Body", "evs": {"hp": 85, "atk": 0, "def": 85, "spa": 85, "spd": 85, "spe": 85}, "ivs": {"hp": 31, "atk": 0, "def": 31, "spa": 31, "spd": 31, "spe": 31}, "item": "Choice Specs", "teraType": "Dark", "role": "Wallbreaker", "bvs": {"hp": 60, "atk": 65, "def": 60, "spa": 130, "spd": 75, "spe": 110}, "stats": {"hp": 230, "atk": 110, "def": 144, "spa": 257, "spd": 168, "spe": 225}}, "Shaymin": {"name": "Shaymin", "species": "Shaymin", "speciesId": "shaymin", "gender": "N", "shiny": false, "level": 82, "moves": ["synthesis", "airslash", "seedflare", "earthpower"], "ability": "Natural Cure", "evs": {"hp": 85, "atk": 0, "def": 85, "spa": 85, "spd": 85, "spe": 85}, "ivs": {"hp": 31, "atk": 0, "def": 31, "spa": 31, "spd": 31, "spe": 31}, "item": "Leftovers", "teraType": "Ground", "role": "Bulky Attacker", "bvs": {"hp": 100, "atk": 100, "def": 100, "spa": 100, "spd": 100, "spe": 100}, "stats": {"hp": 298, "atk": 169, "def": 211, "spa": 211, "spd": 211, "spe": 211}}, "Umbreon": {"name": "Umbreon", "species": "Umbreon", "speciesId": "umbreon", "gender": "F", "shiny": false, "level": 84, "moves": ["foulplay", "wish", "protect", "toxic"], "ability": "Synchronize", "evs": {"hp": 85, "atk": 0, "def": 85, "spa": 85, "spd": 85, "spe": 85}, "ivs": {"hp": 31, "atk": 0, "def": 31, "spa": 31, "spd": 31, "spe": 31}, "item": "Leftovers", "teraType": "Poison", "role": "Bulky Support", "bvs": {"hp": 95, "atk": 65, "def": 110, "spa": 60, "spd": 130, "spe": 65}, "stats": {"hp": 297, "atk": 114, "def": 233, "spa": 149, "spd": 267, "spe": 157}}}, {"Conkeldurr": {"name": "Conkeldurr", "species": "Conkeldurr", "speciesId": "conkeldurr", "gender": "F", "shiny": false, "level": 80, "moves": ["closecombat", "knockoff", "facade", "machpunch"], "ability": "Guts", "evs": {"hp": 85, "atk": 85, "def": 85, "spa": 85, "spd": 85, "spe": 85}, "ivs": {"hp": 31, "atk": 31, "def": 31, "spa": 31, "spd": 31, "spe": 31}, "item": "Flame Orb", "teraType": "Normal", "role": "Wallbreaker", "bvs": {"hp": 105, "atk": 140, "def": 95, "spa": 55, "spd": 65, "spe": 45}, "stats": {"hp": 299, "atk": 270, "def": 198, "spa": 134, "spd": 150, "spe": 118}}, "Mew": {"name": "Mew", "species": "Mew", "speciesId": "mew", "gender": "N", "shiny": false, "level": 82, "moves": ["closecombat", "psychicfangs", "knockoff", "swordsdance"], "ability": "Synchronize", "evs": {"hp": 85, "atk": 85, "def": 85, "spa": 85, "spd": 85, "spe": 85}, "ivs": {"hp": 31, "atk": 31, "def": 31, "spa": 31, "spd": 31, "spe": 31}, "item": "Life Orb", "teraType": "Fighting", "role": "Setup Sweeper", "bvs": {"hp": 100, "atk": 100, "def": 100, "spa": 100, "spd": 100, "spe": 100}, "stats": {"hp": 298, "atk": 211, "def": 211, "spa": 211, "spd": 211, "spe": 211}}, "Oricorio": {"name": "Oricorio", "species": "Oricorio-Pom-Pom", "speciesId": "oricoriopompom", "gender": "M", "shiny": false, "level": 82, "moves": ["revelationdance", "roost", "quiverdance", "hurricane"], "ability": "Dancer", "evs": {"hp": 85, "atk": 0, "def": 85, "spa": 85, "spd": 85, "spe": 85}, "ivs": {"hp": 31, "atk": 0, "def": 31, "spa": 31, "spd": 31, "spe": 31}, "item": "Heavy-Duty Boots", "teraType": "Ground", "role": "Setup Sweeper", "bvs": {"hp": 75, "atk": 70, "def": 70, "spa": 98, "spd": 70, "spe": 93}, "stats": {"hp": 257, "atk": 119, "def": 162, "spa": 208, "spd": 162, "spe": 200}}, "Skeledirge": {"name": "Skeledirge", "species": "Skeledirge", "speciesId": "skeledirge", "gender": "M", "shiny": false, "level": 79, "moves": ["willowisp", "slackoff", "hex", "torchsong"], "ability": "Unaware", "evs": {"hp": 85, "atk": 0, "def": 85, "spa": 85, "spd": 85, "spe": 85}, "ivs": {"hp": 31, "atk": 0, "def": 31, "spa": 31, "spd": 31, "spe": 31}, "item": "Heavy-Duty Boots", "teraType": "Fairy", "role": "Bulky Support", "bvs": {"hp": 104, "atk": 75, "def": 100, "spa": 110, "spd": 75, "spe": 66}, "stats": {"hp": 294, "atk": 123, "def": 204, "spa": 219, "spd": 164, "spe": 150}}, "Trevenant": {"name": "Trevenant", "species": "Trevenant", "speciesId": "trevenant", "gender": "F", "shiny": false, "level": 89, "moves": ["drainpunch", "protect", "toxic", "poltergeist"], "ability": "Harvest", "evs": {"hp": 85, "atk": 85, "def": 85, "spa": 85, "spd": 85, "spe": 85}, "ivs": {"hp": 31, "atk": 31, "def": 31, "spa": 31, "spd": 31, "spe": 31}, "item": "Sitrus Berry", "teraType": "Steel", "role": "Bulky Support", "bvs": {"hp": 85, "atk": 110, "def": 76, "spa": 65, "spd": 82, "spe": 56}, "stats": {"hp": 296, "atk": 247, "def": 186, "spa": 166, "spd": 197, "spe": 150}}, "Diancie": {"name": "Diancie", "species": "Diancie", "speciesId": "diancie", "gender": "N", "shiny": false, "level": 82, "moves": ["drainingkiss", "calmmind", "earthpower", "diamondstorm"], "ability": "Clear Body", "evs": {"hp": 85, "atk": 85, "def": 85, "spa": 85, "spd": 85, "spe": 85}, "ivs": {"hp": 31, "atk": 31, "def": 31, "spa": 31, "spd": 31, "spe": 31}, "item": "Leftovers", "teraType": "Fairy", "role": "Bulky Setup", "bvs": {"hp": 50, "atk": 100, "def": 150, "spa": 100, "spd": 150, "spe": 50}, "stats": {"hp": 216, "atk": 211, "def": 293, "spa": 211, "spd": 293, "spe": 129}}}]}