{"id": "gen9randombattle-2631425306", "format": "[Gen 9] Random Battle", "players": ["opik8", "exploziff"], "log": "|j|\u2606opik8\n|j|\u2606exploziff\n|t:|1781383087\n|gametype|singles\n|player|p1|opik8|colress|1964\n|player|p2|exploziff|266|1999\n|gen|9\n|tier|[Gen 9] Random Battle\n|rated|\n|rule|Species Clause: Limit one of each Pok\u00e9mon\n|rule|HP Percentage Mod: HP is shown in percentages\n|rule|Sleep Clause Mod: Limit one foe put to sleep\n|rule|Illusion Level Mod: Illusion disguises the Pok\u00e9mon's true level\n|\n|t:|1781383087\n|teamsize|p1|6\n|teamsize|p2|6\n|start\n|switch|p1a: Pecharunt|Pecharunt, L77|262/262\n|switch|p2a: Terrakion|Terrakion, L79|273/273\n|turn|1\n|inactive|Battle timer is ON: inactive players will automatically lose when time's up. (requested by opik8)\n|\n|t:|1781383119\n|switch|p2a: Camerupt|Camerupt, L91, F|275/275\n|move|p1a: Pecharunt|Malignant Chain|p2a: Camerupt\n|-resisted|p2a: Camerupt\n|-damage|p2a: Camerupt|233/275\n|\n|-heal|p2a: Camerupt|250/275|[from] item: Leftovers\n|upkeep\n|turn|2\n|\n|t:|1781383132\n|move|p1a: Pecharunt|Parting Shot|p2a: Camerupt\n|-unboost|p2a: Camerupt|atk|1\n|-unboost|p2a: Camerupt|spa|1\n|\n|t:|1781383133\n|switch|p1a: Dewgong|Dewgong, L94, M|322/322|[from] Parting Shot\n|move|p2a: Camerupt|Stealth Rock|p1a: Dewgong\n|-sidestart|p1: opik8|move: Stealth Rock\n|\n|-heal|p2a: Camerupt|267/275|[from] item: Leftovers\n|upkeep\n|turn|3\n|\n|t:|1781383158\n|switch|p2a: Oinkologne|Oinkologne-F, L92, F|361/361\n|move|p1a: Dewgong|Surf|p2a: Oinkologne\n|-damage|p2a: Oinkologne|280/361\n|\n|-heal|p2a: Oinkologne|302/361|[from] item: Leftovers\n|upkeep\n|turn|4\n|\n|t:|1781383162\n|move|p1a: Dewgong|Surf|p2a: Oinkologne\n|-damage|p2a: Oinkologne|214/361\n|move|p2a: Oinkologne|Body Slam|p1a: Dewgong\n|-crit|p1a: Dewgong\n|-damage|p1a: Dewgong|184/322\n|\n|-heal|p2a: Oinkologne|236/361|[from] item: Leftovers\n|upkeep\n|turn|5\n|\n|t:|1781383166\n|move|p1a: Dewgong|Flip Turn|p2a: Oinkologne\n|-damage|p2a: Oinkologne|167/361\n|\n|t:|1781383169\n|switch|p1a: Pecharunt|Pecharunt, L77|262/262|[from] Flip Turn\n|-damage|p1a: Pecharunt|230/262|[from] Stealth Rock\n|move|p2a: Oinkologne|Lash Out|p1a: Pecharunt\n|-supereffective|p1a: Pecharunt\n|-damage|p1a: Pecharunt|148/262\n|-damage|p2a: Oinkologne|107/361|[from] item: Rocky Helmet|[of] p1a: Pecharunt\n|\n|-heal|p2a: Oinkologne|129/361|[from] item: Leftovers\n|upkeep\n|turn|6\n|\n|t:|1781383175\n|switch|p2a: Camerupt|Camerupt, L91, F|267/275\n|move|p1a: Pecharunt|Malignant Chain|p2a: Camerupt\n|-resisted|p2a: Camerupt\n|-damage|p2a: Camerupt|224/275\n|\n|-heal|p2a: Camerupt|241/275|[from] item: Leftovers\n|upkeep\n|turn|7\n|\n|t:|1781383185\n|switch|p1a: Dewgong|Dewgong, L94, M|184/322\n|move|p2a: Camerupt|Will-O-Wisp|p1a: Dewgong\n|-status|p1a: Dewgong|brn\n|\n|-heal|p2a: Camerupt|258/275|[from] item: Leftovers\n|-damage|p1a: Dewgong|164/322 brn|[from] brn\n|upkeep\n|turn|8\n|\n|t:|1781383188\n|switch|p2a: Oinkologne|Oinkologne-F, L92, F|129/361\n|move|p1a: Dewgong|Surf|p2a: Oinkologne\n|-damage|p2a: Oinkologne|44/361\n|\n|-heal|p2a: Oinkologne|66/361|[from] item: Leftovers\n|-damage|p1a: Dewgong|144/322 brn|[from] brn\n|upkeep\n|turn|9\n|\n|t:|1781383193\n|move|p1a: Dewgong|Surf|p2a: Oinkologne\n|-damage|p2a: Oinkologne|0 fnt\n|faint|p2a: Oinkologne\n|\n|-damage|p1a: Dewgong|124/322 brn|[from] brn\n|upkeep\n|\n|t:|1781383199\n|switch|p2a: Zarude|Zarude-Dada, L77|288/288\n|turn|10\n|\n|t:|1781383201\n|move|p2a: Zarude|Knock Off|p1a: Dewgong\n|-damage|p1a: Dewgong|25/322 brn\n|-enditem|p1a: Dewgong|Heavy-Duty Boots|[from] move: Knock Off|[of] p2a: Zarude\n|move|p1a: Dewgong|Ice Beam|p2a: Zarude\n|-supereffective|p2a: Zarude\n|-damage|p2a: Zarude|90/288\n|\n|-heal|p2a: Zarude|108/288|[from] item: Leftovers\n|-damage|p1a: Dewgong|5/322 brn|[from] brn\n|upkeep\n|turn|11\n|\n|t:|1781383204\n|move|p2a: Zarude|Knock Off|p1a: Dewgong\n|-damage|p1a: Dewgong|0 fnt\n|faint|p1a: Dewgong\n|\n|-heal|p2a: Zarude|126/288|[from] item: Leftovers\n|upkeep\n|\n|t:|1781383209\n|switch|p1a: Conkeldurr|Conkeldurr, L80, M|299/299\n|-damage|p1a: Conkeldurr|281/299|[from] Stealth Rock\n|turn|12\n|\n|t:|1781383215\n|switch|p2a: Yanmega|Yanmega, L82, F|275/275\n|move|p1a: Conkeldurr|Facade|p2a: Yanmega\n|-damage|p2a: Yanmega|208/275\n|\n|-status|p1a: Conkeldurr|brn|[from] item: Flame Orb\n|upkeep\n|turn|13\n|\n|t:|1781383223\n|switch|p1a: Altaria|Altaria, L89, F|278/278\n|move|p2a: Yanmega|Air Slash|p1a: Altaria\n|-damage|p1a: Altaria|205/278\n|\n|-ability|p2a: Yanmega|Speed Boost|boost\n|-boost|p2a: Yanmega|spe|1\n|upkeep\n|turn|14\n|\n|t:|1781383230\n|switch|p2a: Terrakion|Terrakion, L79|273/273\n|move|p1a: Altaria|Dragon Dance|p1a: Altaria\n|-boost|p1a: Altaria|atk|1\n|-boost|p1a: Altaria|spe|1\n|\n|upkeep\n|turn|15\n|\n|t:|1781383237\n|-terastallize|p1a: Altaria|Ground\n|move|p1a: Altaria|Earthquake|p2a: Terrakion\n|-supereffective|p2a: Terrakion\n|-damage|p2a: Terrakion|0 fnt\n|faint|p2a: Terrakion\n|\n|upkeep\n|\n|t:|1781383242\n|switch|p2a: Decidueye|Decidueye-Hisui, L87, M|295/295\n|turn|16\n|\n|t:|1781383245\n|-terastallize|p2a: Decidueye|Steel\n|move|p1a: Altaria|Brave Bird|p2a: Decidueye\n|-resisted|p2a: Decidueye\n|-damage|p2a: Decidueye|208/295\n|-damage|p1a: Altaria|176/278|[from] Recoil\n|move|p2a: Decidueye|Leaf Blade|p1a: Altaria\n|-supereffective|p1a: Altaria\n|-damage|p1a: Altaria|0 fnt\n|faint|p1a: Altaria\n|\n|-heal|p2a: Decidueye|226/295|[from] item: Leftovers\n|upkeep\n|\n|t:|1781383249\n|switch|p1a: Conkeldurr|Conkeldurr, L80, M|281/299 brn\n|-damage|p1a: Conkeldurr|263/299 brn|[from] Stealth Rock\n|turn|17\n|\n|t:|1781383253\n|switch|p2a: Yanmega|Yanmega, L82, F|208/275\n|move|p1a: Conkeldurr|Facade|p2a: Yanmega\n|-damage|p2a: Yanmega|30/275\n|\n|-damage|p1a: Conkeldurr|245/299 brn|[from] brn\n|upkeep\n|turn|18\n|\n|t:|1781383259\n|switch|p1a: Perrserker|Perrserker, L89, F|269/269\n|-damage|p1a: Perrserker|253/269|[from] Stealth Rock\n|move|p2a: Yanmega|Protect||[still]\n|-fail|p2a: Yanmega\n|\n|-ability|p2a: Yanmega|Speed Boost|boost\n|-boost|p2a: Yanmega|spe|1\n|upkeep\n|turn|19\n|\n|t:|1781383264\n|switch|p2a: Camerupt|Camerupt, L91, F|258/275\n|move|p1a: Perrserker|Iron Head|p2a: Camerupt\n|-resisted|p2a: Camerupt\n|-damage|p2a: Camerupt|139/275\n|\n|-heal|p2a: Camerupt|156/275|[from] item: Leftovers\n|upkeep\n|turn|20\n|\n|t:|1781383266\n|move|p1a: Perrserker|Iron Head|p2a: Camerupt\n|-resisted|p2a: Camerupt\n|-damage|p2a: Camerupt|51/275\n|move|p2a: Camerupt|Earthquake|p1a: Perrserker\n|-supereffective|p1a: Perrserker\n|-damage|p1a: Perrserker|47/269\n|\n|-heal|p2a: Camerupt|68/275|[from] item: Leftovers\n|upkeep\n|turn|21\n|\n|t:|1781383271\n|move|p1a: Perrserker|Iron Head|p2a: Camerupt\n|-resisted|p2a: Camerupt\n|-damage|p2a: Camerupt|0 fnt\n|faint|p2a: Camerupt\n|\n|upkeep\n|\n|t:|1781383274\n|switch|p2a: Yanmega|Yanmega, L82, F|30/275\n|turn|22\n|\n|t:|1781383278\n|move|p2a: Yanmega|Air Slash|p1a: Perrserker|[miss]\n|-miss|p2a: Yanmega|p1a: Perrserker\n|move|p1a: Perrserker|Iron Head|p2a: Yanmega\n|-damage|p2a: Yanmega|0 fnt\n|faint|p2a: Yanmega\n|\n|upkeep\n|\n|t:|1781383280\n|switch|p2a: Zarude|Zarude-Dada, L77|126/288\n|turn|23\n|\n|t:|1781383282\n|move|p2a: Zarude|Knock Off|p1a: Perrserker\n|-damage|p1a: Perrserker|0 fnt\n|-enditem|p1a: Perrserker|Choice Band|[from] move: Knock Off|[of] p2a: Zarude\n|faint|p1a: Perrserker\n|\n|-heal|p2a: Zarude|144/288|[from] item: Leftovers\n|upkeep\n|\n|t:|1781383288\n|switch|p1a: Weavile|Weavile, L79, M|240/240\n|turn|24\n|\n|t:|1781383291\n|move|p1a: Weavile|Low Kick|p2a: Zarude\n|-supereffective|p2a: Zarude\n|-damage|p2a: Zarude|38/288\n|move|p2a: Zarude|Power Whip|p1a: Weavile\n|-damage|p1a: Weavile|68/240\n|\n|-heal|p2a: Zarude|56/288|[from] item: Leftovers\n|upkeep\n|turn|25\n|\n|t:|1781383297\n|move|p1a: Weavile|Low Kick|p2a: Zarude\n|-supereffective|p2a: Zarude\n|-damage|p2a: Zarude|0 fnt\n|faint|p2a: Zarude\n|\n|upkeep\n|\n|t:|1781383299\n|switch|p2a: Decidueye|Decidueye-Hisui, L87, M, tera:Steel|226/295\n|turn|26\n|\n|t:|1781383304\n|move|p1a: Weavile|Low Kick|p2a: Decidueye\n|-supereffective|p2a: Decidueye\n|-damage|p2a: Decidueye|128/295\n|move|p2a: Decidueye|Triple Arrows|p1a: Weavile\n|-supereffective|p1a: Weavile\n|-crit|p1a: Weavile\n|-damage|p1a: Weavile|0 fnt\n|faint|p1a: Weavile\n|\n|-heal|p2a: Decidueye|146/295|[from] item: Leftovers\n|upkeep\n|\n|t:|1781383309\n|switch|p1a: Pecharunt|Pecharunt, L77|148/262\n|-damage|p1a: Pecharunt|116/262|[from] Stealth Rock\n|turn|27\n|\n|t:|1781383312\n|move|p1a: Pecharunt|Shadow Ball|p2a: Decidueye\n|-damage|p2a: Decidueye|91/295\n|move|p2a: Decidueye|Roost|p2a: Decidueye\n|-heal|p2a: Decidueye|239/295\n|\n|-heal|p2a: Decidueye|257/295|[from] item: Leftovers\n|upkeep\n|turn|28\n|\n|t:|1781383319\n|move|p1a: Pecharunt|Recover|p1a: Pecharunt\n|-heal|p1a: Pecharunt|247/262\n|move|p2a: Decidueye|Swords Dance|p2a: Decidueye\n|-boost|p2a: Decidueye|atk|2\n|\n|-heal|p2a: Decidueye|275/295|[from] item: Leftovers\n|upkeep\n|turn|29\n|\n|t:|1781383321\n|move|p1a: Pecharunt|Shadow Ball|p2a: Decidueye\n|-damage|p2a: Decidueye|215/295\n|move|p2a: Decidueye|Swords Dance|p2a: Decidueye\n|-boost|p2a: Decidueye|atk|2\n|\n|-heal|p2a: Decidueye|233/295|[from] item: Leftovers\n|upkeep\n|turn|30\n|\n|t:|1781383326\n|move|p1a: Pecharunt|Shadow Ball|p2a: Decidueye\n|-crit|p2a: Decidueye\n|-damage|p2a: Decidueye|142/295\n|-unboost|p2a: Decidueye|spd|1\n|move|p2a: Decidueye|Swords Dance|p2a: Decidueye\n|-boost|p2a: Decidueye|atk|2\n|\n|-heal|p2a: Decidueye|160/295|[from] item: Leftovers\n|upkeep\n|turn|31\n|\n|t:|1781383331\n|move|p1a: Pecharunt|Shadow Ball|p2a: Decidueye\n|-damage|p2a: Decidueye|64/295\n|move|p2a: Decidueye|Roost|p2a: Decidueye\n|-heal|p2a: Decidueye|212/295\n|\n|-heal|p2a: Decidueye|230/295|[from] item: Leftovers\n|upkeep\n|turn|32\n|\n|t:|1781383337\n|move|p1a: Pecharunt|Shadow Ball|p2a: Decidueye\n|-damage|p2a: Decidueye|134/295\n|move|p2a: Decidueye|Roost|p2a: Decidueye\n|-heal|p2a: Decidueye|282/295\n|\n|-heal|p2a: Decidueye|295/295|[from] item: Leftovers\n|upkeep\n|turn|33\n|\n|t:|1781383341\n|move|p1a: Pecharunt|Shadow Ball|p2a: Decidueye\n|-damage|p2a: Decidueye|211/295\n|move|p2a: Decidueye|Leaf Blade|p1a: Pecharunt\n|-resisted|p1a: Pecharunt\n|-crit|p1a: Pecharunt\n|-damage|p1a: Pecharunt|7/262\n|-damage|p2a: Decidueye|162/295|[from] item: Rocky Helmet|[of] p1a: Pecharunt\n|\n|-heal|p2a: Decidueye|180/295|[from] item: Leftovers\n|upkeep\n|turn|34\n|\n|t:|1781383347\n|move|p1a: Pecharunt|Shadow Ball|p2a: Decidueye\n|-damage|p2a: Decidueye|93/295\n|move|p2a: Decidueye|Leaf Blade|p1a: Pecharunt\n|-resisted|p1a: Pecharunt\n|-crit|p1a: Pecharunt\n|-damage|p1a: Pecharunt|0 fnt\n|-damage|p2a: Decidueye|44/295|[from] item: Rocky Helmet|[of] p1a: Pecharunt\n|faint|p1a: Pecharunt\n|\n|-heal|p2a: Decidueye|62/295|[from] item: Leftovers\n|upkeep\n|\n|t:|1781383350\n|switch|p1a: Conkeldurr|Conkeldurr, L80, M|245/299 brn\n|-damage|p1a: Conkeldurr|227/299 brn|[from] Stealth Rock\n|turn|35\n|\n|t:|1781383352\n|move|p1a: Conkeldurr|Mach Punch|p2a: Decidueye\n|-supereffective|p2a: Decidueye\n|-damage|p2a: Decidueye|0 fnt\n|faint|p2a: Decidueye\n|\n|win|opik8\n", "inputlog": ">version a8376a258c1d4662feba110a92103f3664a72141\n>start {\"formatid\":\"gen9randombattle\",\"seed\":\"sodium,4b7d043ad24bf4b23a5886fb2d208353\",\"rated\":\"Rated battle\"}\n>player p1 {\"name\":\"opik8\",\"avatar\":\"colress\",\"rating\":1964,\"seed\":\"sodium,8c4477ec9695f56dbaed0026a0b98464\"}\n>player p2 {\"name\":\"exploziff\",\"avatar\":\"266\",\"rating\":1999,\"seed\":\"sodium,729e6fdcd86aa74129373ae247615a2f\"}\n>p1 move malignantchain\n>p2 switch 5\n>p1 move partingshot\n>p2 move stealthrock\n>p1 switch 2\n>p1 move surf\n>p2 switch 3\n>p1 move surf\n>p2 move bodyslam\n>p1 move flipturn\n>p2 move lashout\n>p1 switch 2\n>p1 move malignantchain\n>p2 switch 3\n>p1 switch 2\n>p2 move willowisp\n>p1 move surf\n>p2 switch 3\n>p1 move surf\n>p2 move lashout\n>p2 switch 6\n>p1 move icebeam\n>p2 move knockoff\n>p1 move icebeam\n>p2 move knockoff\n>p1 switch 6\n>p1 move facade\n>p2 switch 2\n>p1 switch 5\n>p2 move airslash\n>p1 move dragondance\n>p2 switch 5\n>p1 move earthquake terastallize\n>p2 move closecombat\n>p2 switch 4\n>p1 move bravebird\n>p2 move leafblade terastallize\n>p1 switch 5\n>p1 move facade\n>p2 switch 5\n>p1 switch 4\n>p2 move protect\n>p1 move ironhead\n>p2 switch 3\n>p1 move ironhead\n>p2 move earthquake\n>p1 move ironhead\n>p2 move earthquake\n>p2 switch 3\n>p1 move ironhead\n>p2 move airslash\n>p2 switch 2\n>p1 move ironhead\n>p2 move knockoff\n>p1 switch 3\n>p1 move lowkick\n>p2 move powerwhip\n>p1 move lowkick\n>p2 move powerwhip\n>p2 switch 5\n>p1 move lowkick\n>p2 move triplearrows\n>p1 switch 2\n>p1 move shadowball\n>p2 move roost\n>p1 move recover\n>p2 move swordsdance\n>p1 move shadowball\n>p2 move swordsdance\n>p1 move shadowball\n>p2 move swordsdance\n>p1 move shadowball\n>p2 move roost\n>p1 move shadowball\n>p2 move roost\n>p1 move shadowball\n>p2 move leafblade\n>p1 move shadowball\n>p2 move leafblade\n>p1 switch 4\n>p1 move machpunch\n>p2 move triplearrows", "uploadtime": 1781383091, "views": 12, "formatid": "gen9randombattle", "rating": null, "private": 0, "password": null}