{"id": "gen9randombattle-2631928092", "format": "[Gen 9] Random Battle", "players": ["Glinteighty", "Sango North"], "log": "|j|\u2606Glinteighty\n|j|\u2606Sango North\n|t:|1781456583\n|gametype|singles\n|player|p1|Glinteighty|101|2010\n|player|p2|Sango North|1|1978\n|gen|9\n|tier|[Gen 9] Random Battle\n|rated|\n|rule|Species Clause: Limit one of each Pok\u00e9mon\n|rule|HP Percentage Mod: HP is shown in percentages\n|rule|Sleep Clause Mod: Limit one foe put to sleep\n|rule|Illusion Level Mod: Illusion disguises the Pok\u00e9mon's true level\n|\n|t:|1781456583\n|teamsize|p1|6\n|teamsize|p2|6\n|start\n|switch|p1a: Urshifu|Urshifu, L74, F|270/270\n|switch|p2a: Slowking|Slowking-Galar, L85, F|300/300\n|turn|1\n|\n|t:|1781456600\n|switch|p2a: Mandibuzz|Mandibuzz, L85, F|326/326\n|move|p1a: Urshifu|Swords Dance|p1a: Urshifu\n|-boost|p1a: Urshifu|atk|2\n|\n|upkeep\n|turn|2\n|\n|t:|1781456608\n|move|p1a: Urshifu|Close Combat|p2a: Mandibuzz\n|-damage|p2a: Mandibuzz|65/326\n|-unboost|p1a: Urshifu|def|1\n|-unboost|p1a: Urshifu|spd|1\n|-damage|p1a: Urshifu|243/270|[from] item: Life Orb\n|move|p2a: Mandibuzz|Brave Bird|p1a: Urshifu\n|-supereffective|p1a: Urshifu\n|-damage|p1a: Urshifu|0 fnt\n|faint|p1a: Urshifu\n|-damage|p2a: Mandibuzz|0 fnt|[from] Recoil\n|faint|p2a: Mandibuzz\n|\n|upkeep\n|\n|t:|1781456625\n|switch|p1a: Passimian|Passimian, L83, M|302/302\n|switch|p2a: Slowking|Slowking-Galar, L85, F|300/300\n|turn|3\n|\n|t:|1781456639\n|move|p1a: Passimian|Bulk Up|p1a: Passimian\n|-boost|p1a: Passimian|atk|1\n|-boost|p1a: Passimian|def|1\n|move|p2a: Slowking|Psyshock|p1a: Passimian\n|-supereffective|p1a: Passimian\n|-crit|p1a: Passimian\n|-damage|p1a: Passimian|20/302\n|\n|-heal|p1a: Passimian|38/302|[from] item: Leftovers\n|upkeep\n|turn|4\n|\n|t:|1781456644\n|move|p1a: Passimian|Knock Off|p2a: Slowking\n|-supereffective|p2a: Slowking\n|-damage|p2a: Slowking|46/300\n|-enditem|p2a: Slowking|Heavy-Duty Boots|[from] move: Knock Off|[of] p1a: Passimian\n|move|p2a: Slowking|Psyshock|p1a: Passimian\n|-supereffective|p1a: Passimian\n|-damage|p1a: Passimian|0 fnt\n|faint|p1a: Passimian\n|\n|upkeep\n|\n|t:|1781456647\n|switch|p1a: Spectrier|Spectrier, L75|274/274\n|turn|5\n|\n|t:|1781456651\n|switch|p2a: Hydreigon|Hydreigon, L79, M|275/275\n|move|p1a: Spectrier|Substitute|p1a: Spectrier\n|-start|p1a: Spectrier|Substitute\n|-damage|p1a: Spectrier|206/274\n|\n|-heal|p1a: Spectrier|223/274|[from] item: Leftovers\n|upkeep\n|turn|6\n|\n|t:|1781456660\n|-terastallize|p1a: Spectrier|Fighting\n|move|p1a: Spectrier|Nasty Plot|p1a: Spectrier\n|-boost|p1a: Spectrier|spa|2\n|move|p2a: Hydreigon|Dark Pulse|p1a: Spectrier\n|-resisted|p1a: Spectrier\n|-end|p1a: Spectrier|Substitute\n|\n|-heal|p1a: Spectrier|240/274|[from] item: Leftovers\n|upkeep\n|turn|7\n|\n|t:|1781456685\n|move|p1a: Spectrier|Substitute|p1a: Spectrier\n|-start|p1a: Spectrier|Substitute\n|-damage|p1a: Spectrier|172/274\n|move|p2a: Hydreigon|Dark Pulse|p1a: Spectrier\n|-resisted|p1a: Spectrier\n|-end|p1a: Spectrier|Substitute\n|\n|-heal|p1a: Spectrier|189/274|[from] item: Leftovers\n|upkeep\n|turn|8\n|\n|t:|1781456690\n|move|p1a: Spectrier|Tera Blast|p2a: Hydreigon|[anim] Tera Blast Fighting\n|-supereffective|p2a: Hydreigon\n|-damage|p2a: Hydreigon|0 fnt\n|faint|p2a: Hydreigon\n|-ability|p1a: Spectrier|Grim Neigh|boost\n|-boost|p1a: Spectrier|spa|1\n|\n|-heal|p1a: Spectrier|206/274|[from] item: Leftovers\n|upkeep\n|\n|t:|1781456696\n|switch|p2a: Zapdos|Zapdos, L78|268/268\n|turn|9\n|\n|t:|1781456705\n|move|p1a: Spectrier|Substitute|p1a: Spectrier\n|-start|p1a: Spectrier|Substitute\n|-damage|p1a: Spectrier|138/274\n|move|p2a: Zapdos|Hurricane|p1a: Spectrier|[miss]\n|-miss|p2a: Zapdos|p1a: Spectrier\n|\n|-heal|p1a: Spectrier|155/274|[from] item: Leftovers\n|upkeep\n|turn|10\n|\n|t:|1781456709\n|move|p1a: Spectrier|Shadow Ball|p2a: Zapdos\n|-damage|p2a: Zapdos|31/268\n|-unboost|p2a: Zapdos|spd|1\n|move|p2a: Zapdos|Discharge|p1a: Spectrier\n|-end|p1a: Spectrier|Substitute\n|\n|-heal|p1a: Spectrier|172/274|[from] item: Leftovers\n|upkeep\n|turn|11\n|\n|t:|1781456721\n|move|p1a: Spectrier|Shadow Ball|p2a: Zapdos\n|-damage|p2a: Zapdos|0 fnt\n|faint|p2a: Zapdos\n|-ability|p1a: Spectrier|Grim Neigh|boost\n|-boost|p1a: Spectrier|spa|1\n|\n|-heal|p1a: Spectrier|189/274|[from] item: Leftovers\n|upkeep\n|\n|t:|1781456723\n|switch|p2a: Slowking|Slowking-Galar, L85, F|146/300\n|turn|12\n|\n|t:|1781456728\n|-terastallize|p2a: Slowking|Fairy\n|move|p1a: Spectrier|Substitute|p1a: Spectrier\n|-start|p1a: Spectrier|Substitute\n|-damage|p1a: Spectrier|121/274\n|move|p2a: Slowking|Psyshock|p1a: Spectrier\n|-supereffective|p1a: Spectrier\n|-end|p1a: Spectrier|Substitute\n|\n|-heal|p1a: Spectrier|138/274|[from] item: Leftovers\n|upkeep\n|turn|13\n|-message|Sango North forfeited.\n|\n|win|Glinteighty\n", "uploadtime": 1781456584, "views": 3, "formatid": "gen9randombattle", "rating": null, "private": 0, "password": null}