{"id": "gen9randombattle-2632020658", "format": "[Gen 9] Random Battle", "players": ["Batram", "Hong hoornstaart"], "log": "|badge|p1|silver|gen9randombattle|30-9\n|uhtml|medal-msg|<div class=\"broadcast-blue\">Curious what those medals under the avatar are? PS now has Ladder Seasons! For more information, check out the <a href=\"https://www.smogon.com/forums/threads/3740067/\">thread on Smogon.</a></div>\n|j|\u2606Batram\n|j|\u2606Hong hoornstaart\n|t:|1781466754\n|gametype|singles\n|player|p1|Batram|#wcor2025canada|2371\n|player|p2|Hong hoornstaart|1|2303\n|gen|9\n|tier|[Gen 9] Random Battle\n|rated|\n|rule|Species Clause: Limit one of each Pok\u00e9mon\n|rule|HP Percentage Mod: HP is shown in percentages\n|rule|Sleep Clause Mod: Limit one foe put to sleep\n|rule|Illusion Level Mod: Illusion disguises the Pok\u00e9mon's true level\n|\n|t:|1781466754\n|teamsize|p1|6\n|teamsize|p2|6\n|start\n|switch|p1a: Lumineon|Lumineon, L93, F|279/279\n|switch|p2a: Slowking|Slowking, L88, M|310/310\n|turn|1\n|\n|t:|1781466765\n|switch|p1a: Meowscarada|Meowscarada, L78, M|247/247\n|move|p2a: Slowking|Psyshock|p1a: Meowscarada\n|-immune|p1a: Meowscarada\n|\n|upkeep\n|turn|2\n|\n|t:|1781466770\n|move|p1a: Meowscarada|Toxic Spikes|p2a: Slowking\n|-start|p1a: Meowscarada|typechange|Poison|[from] ability: Protean\n|-sidestart|p2: Hong hoornstaart|move: Toxic Spikes\n|move|p2a: Slowking|Thunder Wave|p1a: Meowscarada\n|-status|p1a: Meowscarada|par\n|\n|upkeep\n|turn|3\n|\n|t:|1781466778\n|cant|p1a: Meowscarada|par\n|move|p2a: Slowking|Scald|p1a: Meowscarada\n|-damage|p1a: Meowscarada|133/247 par\n|\n|upkeep\n|turn|4\n|\n|t:|1781466782\n|cant|p1a: Meowscarada|par\n|move|p2a: Slowking|Psyshock|p1a: Meowscarada\n|-supereffective|p1a: Meowscarada\n|-damage|p1a: Meowscarada|0 fnt\n|faint|p1a: Meowscarada\n|\n|upkeep\n|j| DikkeBende\n|\n|t:|1781466803\n|switch|p1a: Groudon|Groudon, L72|263/263\n|-weather|SunnyDay|[from] ability: Drought|[of] p1a: Groudon\n|turn|5\n|\n|t:|1781466807\n|move|p1a: Groudon|Precipice Blades|p2a: Slowking|[miss]\n|-miss|p1a: Groudon|p2a: Slowking\n|move|p2a: Slowking|Scald|p1a: Groudon\n|-supereffective|p1a: Groudon\n|-damage|p1a: Groudon|149/263\n|\n|-weather|SunnyDay|[upkeep]\n|-heal|p1a: Groudon|165/263|[from] item: Leftovers\n|upkeep\n|turn|6\n|\n|t:|1781466811\n|move|p1a: Groudon|Precipice Blades|p2a: Slowking\n|-damage|p2a: Slowking|171/310\n|move|p2a: Slowking|Scald|p1a: Groudon\n|-supereffective|p1a: Groudon\n|-damage|p1a: Groudon|63/263\n|\n|-weather|SunnyDay|[upkeep]\n|-heal|p1a: Groudon|79/263|[from] item: Leftovers\n|-heal|p2a: Slowking|190/310|[from] item: Leftovers\n|upkeep\n|turn|7\n|\n|t:|1781466816\n|move|p1a: Groudon|Precipice Blades|p2a: Slowking\n|-damage|p2a: Slowking|57/310\n|move|p2a: Slowking|Scald|p1a: Groudon\n|-supereffective|p1a: Groudon\n|-damage|p1a: Groudon|0 fnt\n|faint|p1a: Groudon\n|\n|-weather|SunnyDay|[upkeep]\n|-heal|p2a: Slowking|76/310|[from] item: Leftovers\n|upkeep\n|\n|t:|1781466821\n|switch|p1a: Serperior|Serperior, L79, F|248/248\n|turn|8\n|\n|t:|1781466830\n|-terastallize|p2a: Slowking|Dragon\n|move|p1a: Serperior|Leaf Storm|p2a: Slowking\n|-resisted|p2a: Slowking\n|-damage|p2a: Slowking|21/310\n|-boost|p1a: Serperior|spa|2\n|-damage|p1a: Serperior|224/248|[from] item: Life Orb\n|move|p2a: Slowking|Thunder Wave|p1a: Serperior\n|-status|p1a: Serperior|par\n|\n|-weather|SunnyDay|[upkeep]\n|-heal|p2a: Slowking|40/310|[from] item: Leftovers\n|upkeep\n|turn|9\n|\n|t:|1781466836\n|switch|p2a: Sneasler|Sneasler, L74, M|240/240\n|-sideend|p2: Hong hoornstaart|move: Toxic Spikes|[of] p2a: Sneasler\n|cant|p1a: Serperior|par\n|\n|-weather|none\n|upkeep\n|turn|10\n|\n|t:|1781466841\n|move|p2a: Sneasler|Dire Claw|p1a: Serperior\n|-supereffective|p1a: Serperior\n|-damage|p1a: Serperior|0 fnt\n|faint|p1a: Serperior\n|\n|upkeep\n|\n|t:|1781466862\n|switch|p1a: Granbull|Granbull, L88, F|302/302\n|-ability|p1a: Granbull|Intimidate|boost\n|-unboost|p2a: Sneasler|atk|1\n|turn|11\n|\n|t:|1781466876\n|switch|p2a: Chesnaught|Chesnaught, L84, M|285/285\n|move|p1a: Granbull|Earthquake|p2a: Chesnaught\n|-resisted|p2a: Chesnaught\n|-damage|p2a: Chesnaught|248/285\n|\n|-heal|p2a: Chesnaught|265/285|[from] item: Leftovers\n|upkeep\n|turn|12\n|\n|t:|1781466883\n|move|p2a: Chesnaught|Wood Hammer|p1a: Granbull\n|-damage|p1a: Granbull|142/302\n|-damage|p2a: Chesnaught|212/285|[from] Recoil\n|move|p1a: Granbull|Thunder Wave|p2a: Chesnaught\n|-status|p2a: Chesnaught|par\n|\n|-heal|p1a: Granbull|160/302|[from] item: Leftovers\n|-heal|p2a: Chesnaught|229/285 par|[from] item: Leftovers\n|upkeep\n|turn|13\n|\n|t:|1781466887\n|move|p1a: Granbull|Play Rough|p2a: Chesnaught|[miss]\n|-miss|p1a: Granbull|p2a: Chesnaught\n|move|p2a: Chesnaught|Wood Hammer|p1a: Granbull\n|-damage|p1a: Granbull|3/302\n|-damage|p2a: Chesnaught|177/285 par|[from] Recoil\n|\n|-heal|p1a: Granbull|21/302|[from] item: Leftovers\n|-heal|p2a: Chesnaught|194/285 par|[from] item: Leftovers\n|upkeep\n|turn|14\n|\n|t:|1781466890\n|move|p1a: Granbull|Play Rough|p2a: Chesnaught\n|-supereffective|p2a: Chesnaught\n|-crit|p2a: Chesnaught\n|-damage|p2a: Chesnaught|0 fnt\n|faint|p2a: Chesnaught\n|\n|-heal|p1a: Granbull|39/302|[from] item: Leftovers\n|upkeep\n|\n|t:|1781466902\n|switch|p2a: Sneasler|Sneasler, L74, M|240/240\n|turn|15\n|\n|t:|1781466905\n|move|p2a: Sneasler|Dire Claw|p1a: Granbull\n|-supereffective|p1a: Granbull\n|-damage|p1a: Granbull|0 fnt\n|faint|p1a: Granbull\n|\n|upkeep\n|\n|t:|1781466914\n|switch|p1a: Lumineon|Lumineon, L93, F|279/279\n|turn|16\n|\n|t:|1781466916\n|-terastallize|p1a: Lumineon|Water\n|move|p1a: Lumineon|Hydro Pump|p2a: Sneasler|[miss]\n|-miss|p1a: Lumineon|p2a: Sneasler\n|move|p2a: Sneasler|Dire Claw|p1a: Lumineon\n|-damage|p1a: Lumineon|164/279\n|\n|upkeep\n|turn|17\n|\n|t:|1781466921\n|move|p1a: Lumineon|Hydro Pump|p2a: Sneasler\n|-damage|p2a: Sneasler|3/240\n|-damage|p1a: Lumineon|137/279|[from] item: Life Orb\n|move|p2a: Sneasler|Dire Claw|p1a: Lumineon\n|-damage|p1a: Lumineon|10/279\n|\n|upkeep\n|turn|18\n|-message|Batram forfeited.\n|\n|win|Hong hoornstaart\n", "inputlog": ">version a8376a258c1d4662feba110a92103f3664a72141\n>start {\"formatid\":\"gen9randombattle\",\"seed\":\"sodium,43ae9529806aa130032be48ecf7bc995\",\"rated\":\"Rated battle\"}\n>player p1 {\"name\":\"Batram\",\"avatar\":\"#wcor2025canada\",\"rating\":2371,\"seed\":\"sodium,e3f6afa2478f25d5a651c0ab729264d5\"}\n>player p2 {\"name\":\"Hong hoornstaart\",\"avatar\":\"1\",\"rating\":2303,\"seed\":\"sodium,0f3bdc1ffff219bfb785410c5961e9cb\"}\n>p1 switch 3\n>p2 move psyshock\n>p1 move toxicspikes\n>p2 move thunderwave\n>p1 move uturn\n>p2 move scald\n>p1 move knockoff\n>p2 move psyshock\n>p1 switch 4\n>p1 move precipiceblades\n>p2 move scald\n>p1 move precipiceblades\n>p2 move scald\n>p1 move precipiceblades\n>p2 move scald\n>p1 switch 2\n>p1 move leafstorm\n>p2 move thunderwave terastallize\n>p1 move leafstorm\n>p2 switch 4\n>p1 move glare\n>p2 move direclaw\n>p1 switch 6\n>p1 move earthquake\n>p2 switch 3\n>p1 move thunderwave\n>p2 move woodhammer\n>p1 move playrough\n>p2 move woodhammer\n>p1 move playrough\n>p2 move woodhammer\n>p2 switch 3\n>p1 move earthquake\n>p2 move direclaw\n>p1 switch 3\n>p1 move hydropump terastallize\n>p2 move direclaw\n>p1 move hydropump\n>p2 move direclaw\n>forcelose p1", "uploadtime": 1781466756, "views": 7, "formatid": "gen9randombattle", "rating": null, "private": 0, "password": null}