{"id": "gen9randombattle-2631438590", "format": "[Gen 9] Random Battle", "players": ["sweggitrash", "ZannaBianca99"], "log": "|j|\u2606sweggitrash\n|j|\u2606ZannaBianca99\n|t:|1781384718\n|gametype|singles\n|player|p1|sweggitrash|102|2064\n|player|p2|ZannaBianca99|169|2118\n|gen|9\n|tier|[Gen 9] Random Battle\n|rated|\n|rule|Species Clause: Limit one of each Pok\u00e9mon\n|rule|HP Percentage Mod: HP is shown in percentages\n|rule|Sleep Clause Mod: Limit one foe put to sleep\n|rule|Illusion Level Mod: Illusion disguises the Pok\u00e9mon's true level\n|\n|t:|1781384718\n|teamsize|p1|6\n|teamsize|p2|6\n|start\n|switch|p1a: Espathra|Espathra, L80, M|283/283\n|switch|p2a: Ampharos|Ampharos, L88, M|302/302\n|turn|1\n|\n|t:|1781384774\n|move|p1a: Espathra|U-turn|p2a: Ampharos\n|-damage|p2a: Ampharos|271/302\n|\n|t:|1781384776\n|switch|p1a: Oinkologne|Oinkologne-F, L92, F|361/361|[from] U-turn\n|move|p2a: Ampharos|Volt Switch|p1a: Oinkologne\n|-damage|p1a: Oinkologne|282/361\n|inactive|Battle timer is ON: inactive players will automatically lose when time's up. (requested by sweggitrash)\n|\n|t:|1781384790\n|switch|p2a: Persian|Persian-Alola, L86, F|252/252|[from] Volt Switch\n|\n|-heal|p1a: Oinkologne|304/361|[from] item: Leftovers\n|upkeep\n|turn|2\n|\n|t:|1781384816\n|move|p2a: Persian|Nasty Plot|p2a: Persian\n|-boost|p2a: Persian|spa|2\n|move|p1a: Oinkologne|Body Slam|p2a: Persian\n|-damage|p2a: Persian|188/252\n|\n|-heal|p1a: Oinkologne|326/361|[from] item: Leftovers\n|upkeep\n|turn|3\n|\n|t:|1781384823\n|move|p2a: Persian|Dark Pulse|p1a: Oinkologne\n|-damage|p1a: Oinkologne|157/361\n|-damage|p2a: Persian|163/252|[from] item: Life Orb\n|move|p1a: Oinkologne|Body Slam|p2a: Persian\n|-damage|p2a: Persian|100/252\n|\n|-heal|p1a: Oinkologne|179/361|[from] item: Leftovers\n|upkeep\n|turn|4\n|\n|t:|1781384829\n|move|p2a: Persian|Dark Pulse|p1a: Oinkologne\n|-damage|p1a: Oinkologne|11/361\n|-damage|p2a: Persian|75/252|[from] item: Life Orb\n|cant|p1a: Oinkologne|flinch\n|\n|-heal|p1a: Oinkologne|33/361|[from] item: Leftovers\n|upkeep\n|turn|5\n|\n|t:|1781384836\n|move|p2a: Persian|Dark Pulse|p1a: Oinkologne\n|-damage|p1a: Oinkologne|0 fnt\n|faint|p1a: Oinkologne\n|-damage|p2a: Persian|50/252|[from] item: Life Orb\n|\n|upkeep\n|\n|t:|1781384842\n|switch|p1a: Infernape|Infernape, L82, F|259/259\n|turn|6\n|\n|t:|1781384846\n|move|p1a: Infernape|Mach Punch|p2a: Persian\n|-supereffective|p2a: Persian\n|-damage|p2a: Persian|0 fnt\n|faint|p2a: Persian\n|-damage|p1a: Infernape|234/259|[from] item: Life Orb\n|\n|upkeep\n|\n|t:|1781384849\n|switch|p2a: Donphan|Donphan, L84, M|288/288\n|turn|7\n|\n|t:|1781384878\n|switch|p1a: Arbok|Arbok, L87, M|246/246\n|-ability|p1a: Arbok|Intimidate|boost\n|-unboost|p2a: Donphan|atk|1\n|move|p2a: Donphan|Earthquake|p1a: Arbok\n|-supereffective|p1a: Arbok\n|-damage|p1a: Arbok|66/246\n|\n|-heal|p1a: Arbok|81/246|[from] item: Leftovers\n|upkeep\n|turn|8\n|inactive|sweggitrash has 120 seconds left.\n|\n|t:|1781384898\n|switch|p1a: Lapras|Lapras, L87, F|367/367\n|switch|p2a: Dialga|Dialga-Origin, L73|266/266\n|-ability|p2a: Dialga|Pressure\n|\n|upkeep\n|turn|9\n|inactive|sweggitrash has 120 seconds left.\n|\n|t:|1781384910\n|move|p2a: Dialga|Stealth Rock|p1a: Lapras\n|-sidestart|p1: sweggitrash|move: Stealth Rock\n|move|p1a: Lapras|Ice Beam|p2a: Dialga\n|-damage|p2a: Dialga|142/266\n|\n|upkeep\n|turn|10\n|inactive|sweggitrash has 120 seconds left.\n|\n|t:|1781384918\n|move|p2a: Dialga|Draco Meteor|p1a: Lapras|[miss]\n|-miss|p2a: Dialga|p1a: Lapras\n|move|p1a: Lapras|Ice Beam|p2a: Dialga\n|-damage|p2a: Dialga|12/266\n|-status|p2a: Dialga|frz\n|\n|upkeep\n|turn|11\n|inactive|sweggitrash has 120 seconds left.\n|\n|t:|1781384934\n|-curestatus|p2a: Dialga|frz|[msg]\n|move|p2a: Dialga|Draco Meteor|p1a: Lapras\n|-damage|p1a: Lapras|205/367\n|-unboost|p2a: Dialga|spa|2\n|move|p1a: Lapras|Ice Beam|p2a: Dialga\n|-damage|p2a: Dialga|0 fnt\n|faint|p2a: Dialga\n|\n|upkeep\n|\n|t:|1781384936\n|switch|p2a: Ampharos|Ampharos, L88, M|271/302\n|turn|12\n|\n|t:|1781384941\n|move|p1a: Lapras|Ice Beam|p2a: Ampharos\n|-damage|p2a: Ampharos|187/302\n|move|p2a: Ampharos|Dragon Tail|p1a: Lapras\n|-damage|p1a: Lapras|167/367\n|drag|p1a: Infernape|Infernape, L82, F|234/259\n|-damage|p1a: Infernape|202/259|[from] Stealth Rock\n|\n|upkeep\n|turn|13\n|inactive|sweggitrash has 120 seconds left.\n|\n|t:|1781384962\n|move|p1a: Infernape|Overheat|p2a: Ampharos\n|-damage|p2a: Ampharos|84/302\n|-unboost|p1a: Infernape|spa|2\n|-damage|p1a: Infernape|177/259|[from] item: Life Orb\n|move|p2a: Ampharos|Volt Switch|p1a: Infernape\n|-damage|p1a: Infernape|68/259\n|\n|t:|1781384970\n|switch|p2a: Donphan|Donphan, L84, M|288/288|[from] Volt Switch\n|\n|upkeep\n|turn|14\n|\n|t:|1781384980\n|switch|p1a: Arbok|Arbok, L87, M|81/246\n|-damage|p1a: Arbok|51/246|[from] Stealth Rock\n|-ability|p1a: Arbok|Intimidate|boost\n|-unboost|p2a: Donphan|atk|1\n|move|p2a: Donphan|Rapid Spin|p1a: Arbok\n|-damage|p1a: Arbok|20/246\n|-boost|p2a: Donphan|spe|1\n|\n|-heal|p1a: Arbok|35/246|[from] item: Leftovers\n|upkeep\n|turn|15\n|\n|t:|1781384987\n|move|p2a: Donphan|Ice Spinner|p1a: Arbok\n|-damage|p1a: Arbok|0 fnt\n|faint|p1a: Arbok\n|\n|upkeep\n|\n|t:|1781384999\n|switch|p1a: Espathra|Espathra, L80, M|283/283\n|-damage|p1a: Espathra|248/283|[from] Stealth Rock\n|turn|16\n|\n|t:|1781385005\n|switch|p2a: Ampharos|Ampharos, L88, M|84/302\n|move|p1a: Espathra|Lumina Crash|p2a: Ampharos\n|-damage|p2a: Ampharos|3/302\n|-unboost|p2a: Ampharos|spd|2\n|\n|-ability|p1a: Espathra|Speed Boost|boost\n|-boost|p1a: Espathra|spe|1\n|upkeep\n|turn|17\n|\n|t:|1781385017\n|move|p1a: Espathra|Lumina Crash|p2a: Ampharos\n|-damage|p2a: Ampharos|0 fnt\n|faint|p2a: Ampharos\n|\n|-ability|p1a: Espathra|Speed Boost|boost\n|-boost|p1a: Espathra|spe|1\n|upkeep\n|\n|t:|1781385019\n|switch|p2a: Donphan|Donphan, L84, M|288/288\n|turn|18\n|inactive|sweggitrash has 120 seconds left.\n|\n|t:|1781385063\n|move|p1a: Espathra|Lumina Crash|p2a: Donphan\n|-damage|p2a: Donphan|182/288\n|-unboost|p2a: Donphan|spd|2\n|move|p2a: Donphan|Earthquake|p1a: Espathra\n|-damage|p1a: Espathra|64/283\n|\n|-ability|p1a: Espathra|Speed Boost|boost\n|-boost|p1a: Espathra|spe|1\n|upkeep\n|turn|19\n|\n|t:|1781385090\n|switch|p2a: Arceus|Arceus-Electric, L70|284/284\n|move|p1a: Espathra|Lumina Crash|p2a: Arceus\n|-damage|p2a: Arceus|172/284\n|-unboost|p2a: Arceus|spd|2\n|\n|-ability|p1a: Espathra|Speed Boost|boost\n|-boost|p1a: Espathra|spe|1\n|upkeep\n|turn|20\n|inactive|sweggitrash has 120 seconds left.\n|\n|t:|1781385096\n|move|p1a: Espathra|Lumina Crash|p2a: Arceus\n|-damage|p2a: Arceus|0 fnt\n|faint|p2a: Arceus\n|\n|-ability|p1a: Espathra|Speed Boost|boost\n|-boost|p1a: Espathra|spe|1\n|upkeep\n|\n|t:|1781385098\n|switch|p2a: Donphan|Donphan, L84, M|182/288\n|turn|21\n|\n|t:|1781385110\n|switch|p1a: Garganacl|Garganacl, L80, M|291/291\n|-damage|p1a: Garganacl|255/291|[from] Stealth Rock\n|move|p2a: Donphan|Earthquake|p1a: Garganacl\n|-supereffective|p1a: Garganacl\n|-damage|p1a: Garganacl|55/291\n|\n|-heal|p1a: Garganacl|73/291|[from] item: Leftovers\n|upkeep\n|turn|22\n|\n|t:|1781385118\n|move|p2a: Donphan|Earthquake|p1a: Garganacl\n|-supereffective|p1a: Garganacl\n|-damage|p1a: Garganacl|0 fnt\n|faint|p1a: Garganacl\n|\n|upkeep\n|\n|t:|1781385121\n|switch|p1a: Lapras|Lapras, L87, F|167/367\n|-damage|p1a: Lapras|76/367|[from] Stealth Rock\n|turn|23\n|\n|t:|1781385133\n|-terastallize|p2a: Donphan|Water\n|move|p1a: Lapras|Ice Beam|p2a: Donphan\n|-resisted|p2a: Donphan\n|-damage|p2a: Donphan|117/288\n|move|p2a: Donphan|Rapid Spin|p1a: Lapras\n|-damage|p1a: Lapras|31/367\n|-boost|p2a: Donphan|spe|1\n|\n|upkeep\n|turn|24\n|\n|t:|1781385141\n|move|p2a: Donphan|Rapid Spin|p1a: Lapras\n|-damage|p1a: Lapras|0 fnt\n|-boost|p2a: Donphan|spe|1\n|faint|p1a: Lapras\n|\n|upkeep\n|\n|t:|1781385154\n|switch|p1a: Infernape|Infernape, L82, F|68/259\n|-damage|p1a: Infernape|36/259|[from] Stealth Rock\n|turn|25\n|\n|t:|1781385162\n|move|p1a: Infernape|Mach Punch|p2a: Donphan\n|-damage|p2a: Donphan|62/288\n|-damage|p1a: Infernape|11/259|[from] item: Life Orb\n|move|p2a: Donphan|Earthquake|p1a: Infernape\n|-supereffective|p1a: Infernape\n|-damage|p1a: Infernape|0 fnt\n|faint|p1a: Infernape\n|\n|upkeep\n|-message|sweggitrash forfeited.\n|\n|win|ZannaBianca99\n", "inputlog": ">version a8376a258c1d4662feba110a92103f3664a72141\n>start {\"formatid\":\"gen9randombattle\",\"seed\":\"sodium,0094bc148690276821043698bac89d4a\",\"rated\":\"Rated battle\"}\n>player p1 {\"name\":\"sweggitrash\",\"avatar\":\"102\",\"rating\":2064,\"seed\":\"sodium,22b90b79b4629a02f4c922630d260b8f\"}\n>player p2 {\"name\":\"ZannaBianca99\",\"avatar\":\"169\",\"rating\":2118,\"seed\":\"sodium,6a1806d70167426e0a89d49bd0aa1427\"}\n>p1 move uturn\n>p2 move voltswitch\n>p1 switch 6\n>p2 switch 3\n>p1 move bodyslam\n>p2 move nastyplot\n>p1 move bodyslam\n>p2 move darkpulse\n>p1 move bodyslam\n>p2 move darkpulse\n>p1 move bodyslam\n>p2 move darkpulse\n>p1 switch 3\n>p1 move machpunch\n>p2 move thunderbolt\n>p2 switch 6\n>p1 switch 2\n>p2 move earthquake\n>p1 switch 5\n>p2 switch 4\n>p1 move icebeam\n>p2 move stealthrock\n>p1 move icebeam\n>p2 move dracometeor\n>p1 move icebeam\n>p2 move dracometeor\n>p2 switch 3\n>p1 move icebeam\n>p2 move dragontail\n>p1 move overheat\n>p2 move voltswitch\n>p2 switch 4\n>p1 switch 5\n>p2 move rapidspin\n>p1 move trailblaze\n>p2 move icespinner\n>p1 switch 6\n>p1 move luminacrash\n>p2 switch 4\n>p1 move luminacrash\n>p2 move thunderbolt\n>p2 switch 4\n>p1 move luminacrash\n>p2 move earthquake\n>p1 move luminacrash\n>p2 switch 2\n>p1 move luminacrash\n>p2 move judgment\n>p2 switch 2\n>p1 switch 4\n>p2 move earthquake\n>p1 move saltcure\n>p2 move earthquake\n>p1 switch 2\n>p1 move icebeam\n>p2 move rapidspin terastallize\n>p1 move icebeam\n>p2 move rapidspin\n>p1 switch 5\n>p1 move machpunch\n>p2 move earthquake\n>forcelose p1", "uploadtime": 1781384720, "views": 12, "formatid": "gen9randombattle", "rating": null, "private": 0, "password": null}