{"id": "gen9randombattle-2631919700", "format": "[Gen 9] Random Battle", "players": ["MrDustintun", "4 akashi_seijuro"], "log": "|j|\u2606MrDustintun\n|j|\u26064 akashi_seijuro\n|t:|1781455663\n|gametype|singles\n|player|p1|MrDustintun|1|1974\n|player|p2|4 akashi_seijuro|266|1924\n|gen|9\n|tier|[Gen 9] Random Battle\n|rated|\n|rule|Species Clause: Limit one of each Pok\u00e9mon\n|rule|HP Percentage Mod: HP is shown in percentages\n|rule|Sleep Clause Mod: Limit one foe put to sleep\n|rule|Illusion Level Mod: Illusion disguises the Pok\u00e9mon's true level\n|\n|t:|1781455663\n|teamsize|p1|6\n|teamsize|p2|6\n|start\n|switch|p1a: Blastoise|Blastoise, L80, F|258/258\n|switch|p2a: Virizion|Virizion, L82|283/283\n|turn|1\n|inactive|Battle timer is ON: inactive players will automatically lose when time's up. (requested by 4 akashi_seijuro)\n|\n|t:|1781455695\n|switch|p1a: Pecharunt|Pecharunt, L77|262/262\n|move|p2a: Virizion|Leaf Blade|p1a: Pecharunt\n|-resisted|p1a: Pecharunt\n|-crit|p1a: Pecharunt\n|-damage|p1a: Pecharunt|209/262\n|-damage|p2a: Virizion|255/283|[from] item: Life Orb\n|\n|-heal|p1a: Pecharunt|225/262|[from] item: Leftovers\n|upkeep\n|turn|2\n|\n|t:|1781455704\n|switch|p2a: Garganacl|Garganacl, L80, F|291/291\n|move|p1a: Pecharunt|Parting Shot|p2a: Garganacl\n|-unboost|p2a: Garganacl|atk|1\n|-unboost|p2a: Garganacl|spa|1\n|\n|t:|1781455719\n|switch|p1a: Leafeon|Leafeon, L88, F|258/258|[from] Parting Shot\n|\n|upkeep\n|turn|3\n|\n|t:|1781455732\n|switch|p2a: Brute Bonnet|Brute Bonnet, L80|309/309\n|move|p1a: Leafeon|Knock Off|p2a: Brute Bonnet\n|-resisted|p2a: Brute Bonnet\n|-damage|p2a: Brute Bonnet|257/309\n|-enditem|p2a: Brute Bonnet|Leftovers|[from] move: Knock Off|[of] p1a: Leafeon\n|-damage|p1a: Leafeon|233/258|[from] item: Life Orb\n|\n|upkeep\n|turn|4\n|\n|t:|1781455756\n|move|p1a: Leafeon|Double-Edge|p2a: Brute Bonnet\n|-damage|p2a: Brute Bonnet|135/309\n|-damage|p1a: Leafeon|193/258|[from] Recoil\n|-damage|p1a: Leafeon|168/258|[from] item: Life Orb\n|move|p2a: Brute Bonnet|Crunch|p1a: Leafeon\n|-damage|p1a: Leafeon|96/258\n|-unboost|p1a: Leafeon|def|1\n|\n|upkeep\n|turn|5\n|inactive|MrDustintun has 120 seconds left.\n|\n|t:|1781455777\n|move|p2a: Brute Bonnet|Sucker Punch|p1a: Leafeon\n|-damage|p1a: Leafeon|14/258\n|move|p1a: Leafeon|Double-Edge|p2a: Brute Bonnet\n|-crit|p2a: Brute Bonnet\n|-damage|p2a: Brute Bonnet|0 fnt\n|faint|p2a: Brute Bonnet\n|-end|p2a: Brute Bonnet|Protosynthesis|[silent]\n|-damage|p1a: Leafeon|0 fnt|[from] Recoil\n|faint|p1a: Leafeon\n|\n|upkeep\n|inactive|MrDustintun has 120 seconds left.\n|\n|t:|1781455793\n|switch|p1a: Blastoise|Blastoise, L80, F|258/258\n|switch|p2a: Espeon|Espeon, L84, M|246/246\n|turn|6\n|\n|t:|1781455804\n|move|p2a: Espeon|Psychic|p1a: Blastoise\n|-damage|p1a: Blastoise|89/258\n|move|p1a: Blastoise|Shell Smash|p1a: Blastoise\n|-unboost|p1a: Blastoise|def|1\n|-unboost|p1a: Blastoise|spd|1\n|-boost|p1a: Blastoise|atk|2\n|-boost|p1a: Blastoise|spa|2\n|-boost|p1a: Blastoise|spe|2\n|-enditem|p1a: Blastoise|White Herb\n|-clearnegativeboost|p1a: Blastoise|[silent]\n|\n|upkeep\n|turn|7\n|inactive|MrDustintun has 120 seconds left.\n|inactive|MrDustintun has 90 seconds left.\n|\n|t:|1781455843\n|move|p1a: Blastoise|Hydro Pump|p2a: Espeon\n|-damage|p2a: Espeon|72/246\n|move|p2a: Espeon|Psychic|p1a: Blastoise\n|-damage|p1a: Blastoise|0 fnt\n|faint|p1a: Blastoise\n|\n|upkeep\n|inactive|MrDustintun has 90 seconds left.\n|\n|t:|1781455858\n|switch|p1a: Arceus|Arceus-Fairy, L69|280/280\n|turn|8\n|\n|t:|1781455863\n|move|p2a: Espeon|Psychic|p1a: Arceus\n|-damage|p1a: Arceus|102/280\n|move|p1a: Arceus|Judgment|p2a: Espeon\n|-damage|p2a: Espeon|0 fnt\n|faint|p2a: Espeon\n|\n|upkeep\n|\n|t:|1781455873\n|switch|p2a: Electivire|Electivire, L84, F|263/263\n|turn|9\n|\n|t:|1781455886\n|move|p2a: Electivire|Supercell Slam|p1a: Arceus\n|-damage|p1a: Arceus|0 fnt\n|faint|p1a: Arceus\n|-damage|p2a: Electivire|237/263|[from] item: Life Orb\n|\n|upkeep\n|inactive|MrDustintun has 90 seconds left.\n|\n|t:|1781455906\n|switch|p1a: Pecharunt|Pecharunt, L77|225/262\n|turn|10\n|\n|t:|1781455918\n|switch|p2a: Garganacl|Garganacl, L80, F|291/291\n|move|p1a: Pecharunt|Malignant Chain|p2a: Garganacl\n|-resisted|p2a: Garganacl\n|-damage|p2a: Garganacl|246/291\n|\n|-heal|p1a: Pecharunt|241/262|[from] item: Leftovers\n|-heal|p2a: Garganacl|264/291|[from] item: Leftovers\n|upkeep\n|turn|11\n|\n|t:|1781455930\n|move|p1a: Pecharunt|Parting Shot|p2a: Garganacl\n|-unboost|p2a: Garganacl|atk|1\n|-unboost|p2a: Garganacl|spa|1\n|\n|t:|1781455935\n|switch|p1a: Ogerpon|Ogerpon-Cornerstone, L76, F|247/247|[from] Parting Shot\n|move|p2a: Garganacl|Salt Cure|p1a: Ogerpon\n|-crit|p1a: Ogerpon\n|-damage|p1a: Ogerpon|183/247\n|-start|p1a: Ogerpon|Salt Cure\n|\n|-heal|p2a: Garganacl|282/291|[from] item: Leftovers\n|-damage|p1a: Ogerpon|153/247|[from] Salt Cure\n|upkeep\n|turn|12\n|\n|t:|1781455947\n|switch|p2a: Virizion|Virizion, L82|255/283\n|move|p1a: Ogerpon|Power Whip|p2a: Virizion\n|-resisted|p2a: Virizion\n|-damage|p2a: Virizion|171/283\n|\n|-damage|p1a: Ogerpon|123/247|[from] Salt Cure\n|upkeep\n|turn|13\n|\n|t:|1781455958\n|switch|p1a: Pecharunt|Pecharunt, L77|241/262\n|move|p2a: Virizion|Swords Dance|p2a: Virizion\n|-boost|p2a: Virizion|atk|2\n|\n|-heal|p1a: Pecharunt|257/262|[from] item: Leftovers\n|upkeep\n|turn|14\n|inactive|MrDustintun has 120 seconds left.\n|\n|t:|1781455965\n|move|p2a: Virizion|Stone Edge|p1a: Pecharunt\n|-damage|p1a: Pecharunt|154/262\n|-damage|p2a: Virizion|143/283|[from] item: Life Orb\n|move|p1a: Pecharunt|Malignant Chain|p2a: Virizion\n|-supereffective|p2a: Virizion\n|-damage|p2a: Virizion|27/283\n|\n|-heal|p1a: Pecharunt|170/262|[from] item: Leftovers\n|upkeep\n|turn|15\n|\n|t:|1781455971\n|move|p2a: Virizion|Stone Edge|p1a: Pecharunt\n|-damage|p1a: Pecharunt|65/262\n|-damage|p2a: Virizion|0 fnt|[from] item: Life Orb\n|faint|p2a: Virizion\n|move|p1a: Pecharunt|Recover|p1a: Pecharunt\n|-heal|p1a: Pecharunt|196/262\n|\n|-heal|p1a: Pecharunt|212/262|[from] item: Leftovers\n|upkeep\n|\n|t:|1781455984\n|switch|p2a: Annihilape|Annihilape, L76, F|292/292\n|turn|16\n|\n|t:|1781455994\n|move|p2a: Annihilape|Bulk Up|p2a: Annihilape\n|-boost|p2a: Annihilape|atk|1\n|-boost|p2a: Annihilape|def|1\n|move|p1a: Pecharunt|Parting Shot|p2a: Annihilape\n|-unboost|p2a: Annihilape|atk|1\n|-ability|p2a: Annihilape|Defiant|boost\n|-boost|p2a: Annihilape|atk|2\n|-unboost|p2a: Annihilape|spa|1\n|-ability|p2a: Annihilape|Defiant|boost\n|-boost|p2a: Annihilape|atk|2\n|\n|t:|1781455998\n|switch|p1a: Fezandipiti|Fezandipiti, L82, M|278/278|[from] Parting Shot\n|\n|upkeep\n|turn|17\n|\n|t:|1781456015\n|-terastallize|p2a: Annihilape|Fairy\n|move|p1a: Fezandipiti|Moonblast|p2a: Annihilape\n|-damage|p2a: Annihilape|207/292\n|-unboost|p2a: Annihilape|spa|1\n|-ability|p2a: Annihilape|Defiant|boost\n|-boost|p2a: Annihilape|atk|2\n|-status|p2a: Annihilape|tox|[from] ability: Toxic Chain|[of] p1a: Fezandipiti\n|move|p2a: Annihilape|Rage Fist|p1a: Fezandipiti\n|-damage|p1a: Fezandipiti|0 fnt\n|faint|p1a: Fezandipiti\n|\n|-damage|p2a: Annihilape|189/292 tox|[from] psn\n|upkeep\n|\n|t:|1781456037\n|switch|p1a: Pecharunt|Pecharunt, L77|212/262\n|turn|18\n|\n|t:|1781456041\n|-terastallize|p1a: Pecharunt|Dark\n|move|p2a: Annihilape|Rage Fist|p1a: Pecharunt\n|-resisted|p1a: Pecharunt\n|-damage|p1a: Pecharunt|83/262\n|move|p1a: Pecharunt|Recover|p1a: Pecharunt\n|-heal|p1a: Pecharunt|214/262\n|\n|-heal|p1a: Pecharunt|230/262|[from] item: Leftovers\n|-damage|p2a: Annihilape|153/292 tox|[from] psn\n|upkeep\n|turn|19\n|\n|t:|1781456051\n|switch|p1a: Ogerpon|Ogerpon-Cornerstone, L76, F|123/247\n|move|p2a: Annihilape|Drain Punch|p1a: Ogerpon\n|-supereffective|p1a: Ogerpon\n|-damage|p1a: Ogerpon|0 fnt\n|-heal|p2a: Annihilape|215/292 tox|[from] drain|[of] p1a: Ogerpon\n|faint|p1a: Ogerpon\n|\n|-damage|p2a: Annihilape|161/292 tox|[from] psn\n|upkeep\n|\n|t:|1781456054\n|switch|p1a: Pecharunt|Pecharunt, L77, tera:Dark|230/262\n|turn|20\n|\n|t:|1781456056\n|move|p2a: Annihilape|Drain Punch|p1a: Pecharunt\n|-supereffective|p1a: Pecharunt\n|-damage|p1a: Pecharunt|0 fnt\n|-heal|p2a: Annihilape|276/292 tox|[from] drain|[of] p1a: Pecharunt\n|faint|p1a: Pecharunt\n|\n|win|4 akashi_seijuro\n", "inputlog": ">version a8376a258c1d4662feba110a92103f3664a72141\n>start {\"formatid\":\"gen9randombattle\",\"seed\":\"sodium,23cd2485641c5635f8544328d3cc0dd0\",\"rated\":\"Rated battle\"}\n>player p1 {\"name\":\"MrDustintun\",\"avatar\":\"1\",\"rating\":1974,\"seed\":\"sodium,ec8e2c1b2a920abe8cec2f61c5d1ef70\"}\n>player p2 {\"name\":\"4 akashi_seijuro\",\"avatar\":\"266\",\"rating\":1924,\"seed\":\"sodium,13fa0d457a0ed69ab3da842c2eb58e0a\"}\n>p1 switch 5\n>p2 move leafblade\n>p1 move partingshot\n>p2 switch 6\n>p1 switch 3\n>p1 move knockoff\n>p2 switch 2\n>p1 move doubleedge\n>p2 move crunch\n>p1 move doubleedge\n>p2 move suckerpunch\n>p1 switch 5\n>p2 switch 4\n>p1 move shellsmash\n>p2 move psychic\n>p1 move hydropump\n>p2 move psychic\n>p1 switch 6\n>p1 move judgment\n>p2 move psychic\n>p2 switch 3\n>p1 move earthpower\n>p2 move supercellslam\n>p1 switch 3\n>p1 move malignantchain\n>p2 switch 2\n>p1 move partingshot\n>p2 move saltcure\n>p1 switch 2\n>p1 move powerwhip\n>p2 switch 6\n>p1 switch 2\n>p2 move swordsdance\n>p1 move malignantchain\n>p2 move stoneedge\n>p1 move recover\n>p2 move stoneedge\n>p2 switch 5\n>p1 move partingshot\n>p2 move bulkup\n>p1 switch 4\n>p1 move moonblast\n>p2 move ragefist terastallize\n>p1 switch 4\n>p1 move recover terastallize\n>p2 move ragefist\n>p1 switch 2\n>p2 move drainpunch\n>p1 switch 2\n>p1 move malignantchain\n>p2 move drainpunch", "uploadtime": 1781455666, "views": 5, "formatid": "gen9randombattle", "rating": null, "private": 0, "password": null}