{"id": "gen9randombattle-2631799771", "format": "[Gen 9] Random Battle", "players": ["huh blue", "8btry8"], "log": "|j|\u2606huh blue\n|j|\u26068btry8\n|t:|1781441461\n|gametype|singles\n|player|p1|huh blue|steven|1937\n|player|p2|8btry8|1|1919\n|gen|9\n|tier|[Gen 9] Random Battle\n|rated|\n|rule|Species Clause: Limit one of each Pok\u00e9mon\n|rule|HP Percentage Mod: HP is shown in percentages\n|rule|Sleep Clause Mod: Limit one foe put to sleep\n|rule|Illusion Level Mod: Illusion disguises the Pok\u00e9mon's true level\n|\n|t:|1781441461\n|teamsize|p1|6\n|teamsize|p2|6\n|start\n|switch|p1a: Kyogre|Kyogre, L71|259/259\n|switch|p2a: Dedenne|Dedenne, L88, F|261/261\n|-weather|RainDance|[from] ability: Drizzle|[of] p1a: Kyogre\n|turn|1\n|inactive|Battle timer is ON: inactive players will automatically lose when time's up. (requested by huh blue)\n|\n|t:|1781441475\n|switch|p1a: Garchomp|Garchomp, L74, M|282/282\n|move|p2a: Dedenne|Thunderbolt|p1a: Garchomp\n|-immune|p1a: Garchomp\n|\n|-weather|RainDance|[upkeep]\n|upkeep\n|turn|2\n|\n|t:|1781441489\n|move|p2a: Dedenne|Dazzling Gleam|p1a: Garchomp\n|-supereffective|p1a: Garchomp\n|-damage|p1a: Garchomp|100/282\n|move|p1a: Garchomp|Stealth Rock|p2a: Dedenne\n|-sidestart|p2: 8btry8|move: Stealth Rock\n|\n|-weather|RainDance|[upkeep]\n|upkeep\n|turn|3\n|\n|t:|1781441499\n|switch|p1a: Incineroar|Incineroar, L82, F|290/290\n|-ability|p1a: Incineroar|Intimidate|boost\n|-unboost|p2a: Dedenne|atk|1\n|move|p2a: Dedenne|Dazzling Gleam|p1a: Incineroar\n|-crit|p1a: Incineroar\n|-damage|p1a: Incineroar|205/290\n|\n|-weather|RainDance|[upkeep]\n|upkeep\n|turn|4\n|\n|t:|1781441522\n|move|p1a: Incineroar|Fake Out|p2a: Dedenne\n|-damage|p2a: Dedenne|221/261\n|cant|p2a: Dedenne|flinch\n|\n|-weather|RainDance|[upkeep]\n|upkeep\n|turn|5\n|\n|t:|1781441541\n|move|p2a: Dedenne|Super Fang|p1a: Incineroar\n|-damage|p1a: Incineroar|103/290\n|move|p1a: Incineroar|Knock Off|p2a: Dedenne\n|-resisted|p2a: Dedenne\n|-damage|p2a: Dedenne|153/261\n|-enditem|p2a: Dedenne|Sitrus Berry|[from] move: Knock Off|[of] p1a: Incineroar\n|\n|-weather|none\n|upkeep\n|turn|6\n|\n|t:|1781441556\n|move|p2a: Dedenne|Dazzling Gleam|p1a: Incineroar\n|-damage|p1a: Incineroar|49/290\n|move|p1a: Incineroar|U-turn|p2a: Dedenne\n|-resisted|p2a: Dedenne\n|-damage|p2a: Dedenne|116/261\n|\n|t:|1781441563\n|switch|p1a: Rillaboom|Rillaboom, L79, F|288/288|[from] U-turn\n|-fieldstart|move: Grassy Terrain|[from] ability: Grassy Surge|[of] p1a: Rillaboom\n|\n|-heal|p2a: Dedenne|132/261|[from] Grassy Terrain\n|upkeep\n|turn|7\n|\n|t:|1781441572\n|move|p1a: Rillaboom|Grassy Glide|p2a: Dedenne\n|-damage|p2a: Dedenne|0 fnt\n|faint|p2a: Dedenne\n|-damage|p1a: Rillaboom|260/288|[from] item: Life Orb\n|\n|-heal|p1a: Rillaboom|278/288|[from] Grassy Terrain\n|upkeep\n|inactive|8btry8 has 120 seconds left.\n|\n|t:|1781441610\n|switch|p2a: Mienshao|Mienshao, L83, M|243/243\n|-damage|p2a: Mienshao|228/243|[from] Stealth Rock\n|turn|8\n|inactive|8btry8 has 120 seconds left.\n|\n|t:|1781441620\n|switch|p1a: Incineroar|Incineroar, L82, F|49/290\n|-ability|p1a: Incineroar|Intimidate|boost\n|-unboost|p2a: Mienshao|atk|1\n|move|p2a: Mienshao|High Jump Kick|p1a: Incineroar\n|-supereffective|p1a: Incineroar\n|-damage|p1a: Incineroar|0 fnt\n|faint|p1a: Incineroar\n|\n|-heal|p2a: Mienshao|243/243|[from] Grassy Terrain\n|upkeep\n|\n|t:|1781441632\n|switch|p1a: Rillaboom|Rillaboom, L79, F|278/288\n|turn|9\n|\n|t:|1781441637\n|switch|p1a: Mimikyu|Mimikyu, L79, F|216/216\n|move|p2a: Mienshao|High Jump Kick|p1a: Mimikyu\n|-immune|p1a: Mimikyu\n|-damage|p2a: Mienshao|122/243|[from] highjumpkick\n|\n|-heal|p2a: Mienshao|137/243|[from] Grassy Terrain\n|upkeep\n|turn|10\n|inactive|8btry8 has 120 seconds left.\n|\n|t:|1781441665\n|switch|p2a: Tornadus|Tornadus-Therian, L79, M|254/254\n|-damage|p2a: Tornadus|191/254|[from] Stealth Rock\n|move|p1a: Mimikyu|Swords Dance|p1a: Mimikyu\n|-boost|p1a: Mimikyu|atk|2\n|\n|-fieldend|move: Grassy Terrain\n|upkeep\n|turn|11\n|inactive|8btry8 has 120 seconds left.\n|\n|t:|1781441691\n|move|p2a: Tornadus|U-turn|p1a: Mimikyu\n|-activate|p1a: Mimikyu|ability: Disguise\n|-damage|p1a: Mimikyu|216/216\n|detailschange|p1a: Mimikyu|Mimikyu-Busted, L79, F\n|-damage|p1a: Mimikyu|189/216|[from] pokemon: Mimikyu-Busted\n|\n|t:|1781441701\n|switch|p2a: Mienshao|Mienshao, L83, M|137/243|[from] U-turn\n|-damage|p2a: Mienshao|122/243|[from] Stealth Rock\n|move|p1a: Mimikyu|Play Rough|p2a: Mienshao\n|-supereffective|p2a: Mienshao\n|-damage|p2a: Mienshao|0 fnt\n|faint|p2a: Mienshao\n|-damage|p1a: Mimikyu|168/216|[from] item: Life Orb\n|\n|upkeep\n|inactive|8btry8 has 90 seconds left.\n|\n|t:|1781441727\n|switch|p2a: Bastiodon|Bastiodon, L89, M|252/252\n|-damage|p2a: Bastiodon|237/252|[from] Stealth Rock\n|turn|12\n|inactive|8btry8 has 90 seconds left.\n|\n|t:|1781441733\n|move|p1a: Mimikyu|Drain Punch|p2a: Bastiodon\n|-supereffective|p2a: Bastiodon\n|-damage|p2a: Bastiodon|0 fnt\n|-heal|p1a: Mimikyu|216/216|[from] drain|[of] p2a: Bastiodon\n|faint|p2a: Bastiodon\n|-damage|p1a: Mimikyu|195/216|[from] item: Life Orb\n|\n|upkeep\n|inactive|8btry8 has 90 seconds left.\n|\n|t:|1781441743\n|switch|p2a: Scream Tail|Scream Tail, L84|330/330\n|-damage|p2a: Scream Tail|289/330|[from] Stealth Rock\n|turn|13\n|\n|t:|1781441747\n|move|p1a: Mimikyu|Shadow Sneak|p2a: Scream Tail\n|-supereffective|p2a: Scream Tail\n|-damage|p2a: Scream Tail|107/330\n|-damage|p1a: Mimikyu|174/216|[from] item: Life Orb\n|move|p2a: Scream Tail|Encore|p1a: Mimikyu\n|-start|p1a: Mimikyu|Encore\n|\n|-heal|p2a: Scream Tail|127/330|[from] item: Leftovers\n|upkeep\n|turn|14\n|\n|t:|1781441754\n|move|p1a: Mimikyu|Shadow Sneak|p2a: Scream Tail\n|-supereffective|p2a: Scream Tail\n|-damage|p2a: Scream Tail|0 fnt\n|faint|p2a: Scream Tail\n|-end|p2a: Scream Tail|Protosynthesis|[silent]\n|-damage|p1a: Mimikyu|153/216|[from] item: Life Orb\n|\n|upkeep\n|\n|t:|1781441757\n|switch|p2a: Tornadus|Tornadus-Therian, L79, M|254/254\n|-damage|p2a: Tornadus|191/254|[from] Stealth Rock\n|turn|15\n|-message|8btry8 forfeited.\n|\n|win|huh blue\n", "inputlog": ">version a8376a258c1d4662feba110a92103f3664a72141\n>start {\"formatid\":\"gen9randombattle\",\"seed\":\"sodium,5cb5523b4c7fd15850c270d2699b1bb3\",\"rated\":\"Rated battle\"}\n>player p1 {\"name\":\"huh blue\",\"avatar\":\"steven\",\"rating\":1937,\"seed\":\"sodium,9c1bde178d67ad0e077754f9a84a0b0b\"}\n>player p2 {\"name\":\"8btry8\",\"avatar\":\"1\",\"rating\":1919,\"seed\":\"sodium,382852dd7e6cb644502295ce567507d3\"}\n>p1 switch 6\n>p2 move thunderbolt\n>p1 move stealthrock\n>p2 move dazzlinggleam\n>p1 switch 3\n>p2 move dazzlinggleam\n>p1 move fakeout\n>p2 move superfang\n>p1 move knockoff\n>p2 move superfang\n>p1 move uturn\n>p2 move dazzlinggleam\n>p1 switch 5\n>p1 move grassyglide\n>p2 move superfang\n>p2 switch 2\n>p1 switch 5\n>p2 move highjumpkick\n>p1 switch 5\n>p1 switch 4\n>p2 move highjumpkick\n>p1 move swordsdance\n>p2 switch 3\n>p1 move playrough\n>p2 move uturn\n>p2 switch 3\n>p2 switch 4\n>p1 move drainpunch\n>p2 move foulplay\n>p2 switch 5\n>p1 move shadowsneak\n>p2 move encore\n>p1 move shadowsneak\n>p2 move playrough\n>p2 switch 3\n>forcelose p2", "uploadtime": 1781441462, "views": 8, "formatid": "gen9randombattle", "rating": null, "private": 0, "password": null}