{"id": "gen9randombattle-2631934430", "format": "[Gen 9] Random Battle", "players": ["Moisori", "Dr.Werxzty"], "log": "|j|\u2606Moisori\n|j|\u2606Dr.Werxzty\n|t:|1781457301\n|gametype|singles\n|player|p1|Moisori|hilbert|1388\n|player|p2|Dr.Werxzty|lance|1346\n|gen|9\n|tier|[Gen 9] Random Battle\n|rated|\n|rule|Species Clause: Limit one of each Pok\u00e9mon\n|rule|HP Percentage Mod: HP is shown in percentages\n|rule|Sleep Clause Mod: Limit one foe put to sleep\n|rule|Illusion Level Mod: Illusion disguises the Pok\u00e9mon's true level\n|\n|t:|1781457301\n|teamsize|p1|6\n|teamsize|p2|6\n|start\n|switch|p1a: Cloyster|Cloyster, L80, M|211/211\n|switch|p2a: Cinccino|Cinccino, L83, F|260/260\n|turn|1\n|\n|t:|1781457324\n|move|p2a: Cinccino|Bullet Seed|p1a: Cloyster\n|-supereffective|p1a: Cloyster\n|-damage|p1a: Cloyster|181/211\n|-supereffective|p1a: Cloyster\n|-damage|p1a: Cloyster|151/211\n|-supereffective|p1a: Cloyster\n|-damage|p1a: Cloyster|121/211\n|-supereffective|p1a: Cloyster\n|-damage|p1a: Cloyster|89/211\n|-supereffective|p1a: Cloyster\n|-damage|p1a: Cloyster|55/211\n|-hitcount|p1a: Cloyster|5\n|move|p1a: Cloyster|Icicle Spear|p2a: Cinccino\n|-damage|p2a: Cinccino|226/260\n|-damage|p2a: Cinccino|196/260\n|-damage|p2a: Cinccino|165/260\n|-damage|p2a: Cinccino|131/260\n|-damage|p2a: Cinccino|95/260\n|-hitcount|p2a: Cinccino|5\n|\n|upkeep\n|turn|2\n|\n|t:|1781457342\n|switch|p1a: Goodra|Goodra, L85, F|292/292\n|move|p2a: Cinccino|Bullet Seed|p1a: Goodra\n|-ability|p1a: Goodra|Sap Sipper|boost\n|-boost|p1a: Goodra|atk|1\n|\n|upkeep\n|turn|3\n|\n|t:|1781457352\n|move|p2a: Cinccino|Triple Axel|p1a: Goodra\n|-supereffective|p1a: Goodra\n|-damage|p1a: Goodra|246/292\n|-supereffective|p1a: Goodra\n|-damage|p1a: Goodra|154/292\n|-supereffective|p1a: Goodra\n|-damage|p1a: Goodra|4/292\n|-hitcount|p1a: Goodra|3\n|move|p1a: Goodra|Earthquake|p2a: Cinccino\n|-damage|p2a: Cinccino|0 fnt\n|faint|p2a: Cinccino\n|\n|upkeep\n|\n|t:|1781457369\n|switch|p2a: Iron Bundle|Iron Bundle, L78|215/215\n|turn|4\n|\n|t:|1781457376\n|move|p2a: Iron Bundle|Freeze-Dry|p1a: Goodra\n|-supereffective|p1a: Goodra\n|-damage|p1a: Goodra|0 fnt\n|faint|p1a: Goodra\n|\n|upkeep\n|\n|t:|1781457388\n|switch|p1a: Samurott|Samurott-Hisui, L77, M|265/265\n|turn|5\n|\n|t:|1781457397\n|move|p2a: Iron Bundle|Freeze-Dry|p1a: Samurott\n|-supereffective|p1a: Samurott\n|-damage|p1a: Samurott|61/265\n|move|p1a: Samurott|Ceaseless Edge|p2a: Iron Bundle\n|-damage|p2a: Iron Bundle|88/215\n|-sidestart|p2: Dr.Werxzty|Spikes\n|\n|upkeep\n|turn|6\n|\n|t:|1781457405\n|move|p2a: Iron Bundle|Freeze-Dry|p1a: Samurott\n|-supereffective|p1a: Samurott\n|-damage|p1a: Samurott|0 fnt\n|faint|p1a: Samurott\n|\n|upkeep\n|\n|t:|1781457412\n|switch|p1a: Typhlosion|Typhlosion, L84, F|267/267\n|turn|7\n|\n|t:|1781457418\n|move|p1a: Typhlosion|Eruption|p2a: Iron Bundle\n|-damage|p2a: Iron Bundle|0 fnt\n|faint|p2a: Iron Bundle\n|-end|p2a: Iron Bundle|Quark Drive|[silent]\n|\n|upkeep\n|\n|t:|1781457429\n|switch|p2a: Mudsdale|Mudsdale, L83, F|302/302\n|-damage|p2a: Mudsdale|265/302|[from] Spikes\n|turn|8\n|\n|t:|1781457439\n|move|p1a: Typhlosion|Eruption|p2a: Mudsdale\n|-damage|p2a: Mudsdale|73/302\n|-ability|p2a: Mudsdale|Stamina|boost\n|-boost|p2a: Mudsdale|def|1\n|move|p2a: Mudsdale|Stone Edge|p1a: Typhlosion\n|-supereffective|p1a: Typhlosion\n|-damage|p1a: Typhlosion|81/267\n|\n|-heal|p2a: Mudsdale|91/302|[from] item: Leftovers\n|upkeep\n|turn|9\n|\n|t:|1781457453\n|switch|p1a: Bellossom|Bellossom, L84, M|263/263\n|move|p2a: Mudsdale|Earthquake|p1a: Bellossom\n|-resisted|p1a: Bellossom\n|-damage|p1a: Bellossom|202/263\n|\n|-heal|p1a: Bellossom|218/263|[from] item: Leftovers\n|-heal|p2a: Mudsdale|109/302|[from] item: Leftovers\n|upkeep\n|turn|10\n|\n|t:|1781457463\n|move|p1a: Bellossom|Giga Drain|p2a: Mudsdale\n|-supereffective|p2a: Mudsdale\n|-damage|p2a: Mudsdale|0 fnt\n|-heal|p1a: Bellossom|263/263|[from] drain|[of] p2a: Mudsdale\n|faint|p2a: Mudsdale\n|\n|upkeep\n|\n|t:|1781457474\n|switch|p2a: Blaziken|Blaziken, L76, M|247/247\n|-damage|p2a: Blaziken|217/247|[from] Spikes\n|turn|11\n|\n|t:|1781457487\n|move|p2a: Blaziken|Swords Dance|p2a: Blaziken\n|-boost|p2a: Blaziken|atk|2\n|move|p1a: Bellossom|Quiver Dance|p1a: Bellossom\n|-boost|p1a: Bellossom|spa|1\n|-boost|p1a: Bellossom|spd|1\n|-boost|p1a: Bellossom|spe|1\n|\n|-ability|p2a: Blaziken|Speed Boost|boost\n|-boost|p2a: Blaziken|spe|1\n|upkeep\n|turn|12\n|\n|t:|1781457507\n|move|p2a: Blaziken|Flare Blitz|p1a: Bellossom\n|-supereffective|p1a: Bellossom\n|-damage|p1a: Bellossom|0 fnt\n|faint|p1a: Bellossom\n|-damage|p2a: Blaziken|130/247|[from] Recoil\n|-damage|p2a: Blaziken|106/247|[from] item: Life Orb\n|\n|-ability|p2a: Blaziken|Speed Boost|boost\n|-boost|p2a: Blaziken|spe|1\n|upkeep\n|\n|t:|1781457519\n|switch|p1a: Salazzle|Salazzle, L83, F|249/249\n|turn|13\n|\n|t:|1781457526\n|move|p2a: Blaziken|Stone Edge|p1a: Salazzle\n|-supereffective|p1a: Salazzle\n|-crit|p1a: Salazzle\n|-damage|p1a: Salazzle|0 fnt\n|faint|p1a: Salazzle\n|-damage|p2a: Blaziken|82/247|[from] item: Life Orb\n|\n|-ability|p2a: Blaziken|Speed Boost|boost\n|-boost|p2a: Blaziken|spe|1\n|upkeep\n|-message|Moisori forfeited.\n|\n|win|Dr.Werxzty\n|raw|Moisori's rating: 1388 &rarr; <strong>1366</strong><br />(-22 for losing)\n|raw|Dr.Werxzty's rating: 1346 &rarr; <strong>1368</strong><br />(+22 for winning)\n|l|\u2606Moisori\n|player|p1|\n", "uploadtime": 1781457916, "views": 5, "formatid": "gen9randombattle", "rating": 1366, "private": 0, "password": null}