{"id": "gen9randombattle-2631812996", "format": "[Gen 9] Random Battle", "players": ["Kirbo6464", "supermancorenswet"], "log": "|j|\u2606Kirbo6464\n|j|\u2606supermancorenswet\n|t:|1781443328\n|gametype|singles\n|player|p1|Kirbo6464|n|2098\n|player|p2|supermancorenswet|170|2054\n|gen|9\n|tier|[Gen 9] Random Battle\n|rated|\n|rule|Species Clause: Limit one of each Pok\u00e9mon\n|rule|HP Percentage Mod: HP is shown in percentages\n|rule|Sleep Clause Mod: Limit one foe put to sleep\n|rule|Illusion Level Mod: Illusion disguises the Pok\u00e9mon's true level\n|\n|t:|1781443328\n|teamsize|p1|6\n|teamsize|p2|6\n|start\n|switch|p1a: Tatsugiri|Tatsugiri, L87, F|260/260\n|switch|p2a: Tauros|Tauros-Paldea-Combat, L82, M|257/257\n|-ability|p2a: Tauros|Intimidate|boost\n|-unboost|p1a: Tatsugiri|atk|1\n|turn|1\n|inactive|Battle timer is ON: inactive players will automatically lose when time's up. (requested by supermancorenswet)\n|inactive|Kirbo6464 also wants the timer to be on.\n|\n|t:|1781443346\n|switch|p1a: Vileplume|Vileplume, L85, F|266/266\n|move|p2a: Tauros|Close Combat|p1a: Vileplume\n|-resisted|p1a: Vileplume\n|-damage|p1a: Vileplume|159/266\n|-unboost|p2a: Tauros|def|1\n|-unboost|p2a: Tauros|spd|1\n|-status|p2a: Tauros|psn|[from] ability: Effect Spore|[of] p1a: Vileplume\n|\n|-heal|p1a: Vileplume|175/266|[from] item: Leftovers\n|-damage|p2a: Tauros|225/257 psn|[from] psn\n|upkeep\n|turn|2\n|\n|t:|1781443359\n|switch|p2a: Revavroom|Revavroom, L79, M|256/256\n|move|p1a: Vileplume|Strength Sap|p2a: Revavroom\n|-unboost|p2a: Revavroom|atk|1\n|-heal|p1a: Vileplume|266/266\n|\n|upkeep\n|turn|3\n|inactive|supermancorenswet has 120 seconds left.\n|\n|t:|1781443390\n|move|p2a: Revavroom|Shift Gear|p2a: Revavroom\n|-boost|p2a: Revavroom|spe|2\n|-boost|p2a: Revavroom|atk|1\n|move|p1a: Vileplume|Leech Seed|p2a: Revavroom\n|-start|p2a: Revavroom|move: Leech Seed\n|\n|-damage|p2a: Revavroom|224/256|[from] Leech Seed|[of] p1a: Vileplume\n|upkeep\n|turn|4\n|\n|t:|1781443394\n|move|p2a: Revavroom|Shift Gear|p2a: Revavroom\n|-boost|p2a: Revavroom|spe|2\n|-boost|p2a: Revavroom|atk|1\n|move|p1a: Vileplume|Strength Sap|p2a: Revavroom\n|-unboost|p2a: Revavroom|atk|1\n|\n|-damage|p2a: Revavroom|192/256|[from] Leech Seed|[of] p1a: Vileplume\n|upkeep\n|turn|5\n|\n|t:|1781443415\n|move|p2a: Revavroom|Gunk Shot|p1a: Vileplume\n|-damage|p1a: Vileplume|81/266\n|-damage|p2a: Revavroom|167/256|[from] item: Life Orb\n|move|p1a: Vileplume|Strength Sap|p2a: Revavroom\n|-unboost|p2a: Revavroom|atk|1\n|-heal|p1a: Vileplume|266/266\n|\n|-damage|p2a: Revavroom|135/256|[from] Leech Seed|[of] p1a: Vileplume\n|upkeep\n|turn|6\n|\n|t:|1781443434\n|switch|p2a: Komala|Komala, L88, F|258/258\n|-ability|p2a: Komala|Comatose\n|move|p1a: Vileplume|Strength Sap|p2a: Komala\n|-unboost|p2a: Komala|atk|1\n|\n|upkeep\n|turn|7\n|\n|t:|1781443455\n|switch|p1a: Flareon|Flareon, L90, F|263/263\n|move|p2a: Komala|U-turn|p1a: Flareon\n|-resisted|p1a: Flareon\n|-damage|p1a: Flareon|239/263\n|inactive|supermancorenswet has 120 seconds left.\n|\n|t:|1781443479\n|switch|p2a: Samurott|Samurott, L88, F|310/310|[from] U-turn\n|\n|-status|p1a: Flareon|tox|[from] item: Toxic Orb\n|upkeep\n|turn|8\n|\n|t:|1781443494\n|switch|p1a: Regieleki|Regieleki, L79|256/256\n|move|p2a: Samurott|Knock Off|p1a: Regieleki\n|-damage|p1a: Regieleki|125/256\n|-enditem|p1a: Regieleki|Magnet|[from] move: Knock Off|[of] p2a: Samurott\n|\n|upkeep\n|turn|9\n|inactive|supermancorenswet has 120 seconds left.\n|\n|t:|1781443528\n|switch|p2a: Komala|Komala, L88, F|258/258\n|-ability|p2a: Komala|Comatose\n|move|p1a: Regieleki|Thunderbolt|p2a: Komala\n|-damage|p2a: Komala|185/258\n|\n|upkeep\n|turn|10\n|\n|t:|1781443533\n|move|p1a: Regieleki|Thunderbolt|p2a: Komala\n|-crit|p2a: Komala\n|-damage|p2a: Komala|86/258\n|move|p2a: Komala|Body Slam|p1a: Regieleki\n|-damage|p1a: Regieleki|0 fnt\n|faint|p1a: Regieleki\n|\n|upkeep\n|\n|t:|1781443543\n|switch|p1a: Latios|Latios, L78, M|253/253\n|turn|11\n|inactive|supermancorenswet has 120 seconds left.\n|\n|t:|1781443567\n|move|p1a: Latios|Psyshock|p2a: Komala\n|-damage|p2a: Komala|0 fnt\n|faint|p2a: Komala\n|\n|upkeep\n|\n|t:|1781443573\n|switch|p2a: Samurott|Samurott, L88, F|310/310\n|turn|12\n|\n|t:|1781443591\n|switch|p1a: Vileplume|Vileplume, L85, F|266/266\n|move|p2a: Samurott|Knock Off|p1a: Vileplume\n|-damage|p1a: Vileplume|183/266\n|-enditem|p1a: Vileplume|Leftovers|[from] move: Knock Off|[of] p2a: Samurott\n|\n|upkeep\n|turn|13\n|inactive|supermancorenswet has 120 seconds left.\n|\n|t:|1781443617\n|move|p2a: Samurott|Megahorn|p1a: Vileplume\n|-crit|p1a: Vileplume\n|-damage|p1a: Vileplume|50/266\n|move|p1a: Vileplume|Leech Seed|p2a: Samurott\n|-start|p2a: Samurott|move: Leech Seed\n|\n|-damage|p2a: Samurott|272/310|[from] Leech Seed|[of] p1a: Vileplume\n|-heal|p1a: Vileplume|88/266|[silent]\n|upkeep\n|turn|14\n|\n|t:|1781443631\n|switch|p1a: Vivillon|Vivillon-Modern, L83, M|268/268\n|move|p2a: Samurott|Megahorn|p1a: Vivillon\n|-resisted|p1a: Vivillon\n|-damage|p1a: Vivillon|191/268\n|\n|-damage|p2a: Samurott|234/310|[from] Leech Seed|[of] p1a: Vivillon\n|-heal|p1a: Vivillon|229/268|[silent]\n|upkeep\n|turn|15\n|\n|t:|1781443637\n|switch|p1a: Vileplume|Vileplume, L85, F|88/266\n|switch|p2a: Hatterene|Hatterene, L85, F|236/236\n|\n|upkeep\n|turn|16\n|\n|t:|1781443642\n|move|p1a: Vileplume|Sludge Bomb|p2a: Hatterene\n|-supereffective|p2a: Hatterene\n|-damage|p2a: Hatterene|54/236\n|move|p2a: Hatterene|Psyshock|p1a: Vileplume\n|-supereffective|p1a: Vileplume\n|-damage|p1a: Vileplume|0 fnt\n|faint|p1a: Vileplume\n|\n|-heal|p2a: Hatterene|68/236|[from] item: Leftovers\n|upkeep\n|\n|t:|1781443653\n|switch|p1a: Flareon|Flareon, L90, F|239/263 tox\n|turn|17\n|\n|t:|1781443659\n|switch|p2a: Tauros|Tauros-Paldea-Combat, L82, M|225/257 psn\n|-ability|p2a: Tauros|Intimidate|boost\n|-unboost|p1a: Flareon|atk|1\n|move|p1a: Flareon|Trailblaze|p2a: Tauros\n|-damage|p2a: Tauros|176/257 psn\n|-boost|p1a: Flareon|spe|1\n|\n|-damage|p1a: Flareon|223/263 tox|[from] psn\n|-damage|p2a: Tauros|144/257 psn|[from] psn\n|upkeep\n|turn|18\n|\n|t:|1781443667\n|move|p1a: Flareon|Flare Blitz|p2a: Tauros\n|-damage|p2a: Tauros|0 fnt\n|faint|p2a: Tauros\n|-damage|p1a: Flareon|175/263 tox|[from] Recoil\n|\n|-damage|p1a: Flareon|143/263 tox|[from] psn\n|upkeep\n|\n|t:|1781443681\n|switch|p2a: Samurott|Samurott, L88, F|234/310\n|turn|19\n|\n|t:|1781443687\n|move|p1a: Flareon|Facade|p2a: Samurott\n|-damage|p2a: Samurott|83/310\n|move|p2a: Samurott|Hydro Pump|p1a: Flareon\n|-supereffective|p1a: Flareon\n|-damage|p1a: Flareon|0 fnt\n|faint|p1a: Flareon\n|\n|upkeep\n|inactive|Kirbo6464 has 120 seconds left.\n|l|\u2606Kirbo6464\n|inactive|Kirbo6464 disconnected and has a minute to reconnect!\n|player|p1|\n|inactive|Kirbo6464 has 30 seconds to reconnect!\n|j|\u2606Kirbo6464\n|inactive|Kirbo6464 reconnected and has 75 seconds left.\n|player|p1|Kirbo6464|n|\n|\n|t:|1781443771\n|switch|p1a: Vivillon|Vivillon-Modern, L83, M|229/268\n|turn|20\n|\n|t:|1781443783\n|move|p1a: Vivillon|Hurricane|p2a: Samurott\n|-damage|p2a: Samurott|5/310\n|-start|p2a: Samurott|confusion\n|-activate|p2a: Samurott|confusion\n|move|p2a: Samurott|Knock Off|p1a: Vivillon\n|-damage|p1a: Vivillon|122/268\n|-enditem|p1a: Vivillon|Heavy-Duty Boots|[from] move: Knock Off|[of] p2a: Samurott\n|\n|upkeep\n|turn|21\n|l|\u2606Kirbo6464\n|inactive|Kirbo6464 disconnected and has a minute to reconnect!\n|player|p1|\n|j|\u2606Kirbo6464\n|inactive|Kirbo6464 reconnected and has 55 seconds left.\n|player|p1|Kirbo6464|n|\n|\n|t:|1781443829\n|move|p1a: Vivillon|Bug Buzz|p2a: Samurott\n|-damage|p2a: Samurott|0 fnt\n|faint|p2a: Samurott\n|\n|upkeep\n|\n|t:|1781443834\n|switch|p2a: Lycanroc|Lycanroc-Dusk, L81, F|254/254\n|turn|22\n|\n|t:|1781443841\n|move|p2a: Lycanroc|Accelerock|p1a: Vivillon\n|-supereffective|p1a: Vivillon\n|-damage|p1a: Vivillon|0 fnt\n|faint|p1a: Vivillon\n|\n|upkeep\n|l|\u2606Kirbo6464\n|inactive|Kirbo6464 disconnected and has a minute to reconnect!\n|player|p1|\n|j|\u2606Kirbo6464\n|inactive|Kirbo6464 reconnected and has 35 seconds left.\n|player|p1|Kirbo6464|n|\n|inactive|Kirbo6464 has 30 seconds left.\n|\n|t:|1781443873\n|switch|p1a: Tatsugiri|Tatsugiri, L87, F|260/260\n|turn|23\n|\n|t:|1781443878\n|switch|p2a: Revavroom|Revavroom, L79, M|135/256\n|move|p1a: Tatsugiri|Hydro Pump|p2a: Revavroom\n|-damage|p2a: Revavroom|0 fnt\n|faint|p2a: Revavroom\n|\n|upkeep\n|\n|t:|1781443883\n|switch|p2a: Lycanroc|Lycanroc-Dusk, L81, F|254/254\n|turn|24\n|\n|t:|1781443890\n|-terastallize|p2a: Lycanroc|Fighting\n|move|p2a: Lycanroc|Close Combat|p1a: Tatsugiri\n|-damage|p1a: Tatsugiri|0 fnt\n|-unboost|p2a: Lycanroc|def|1\n|-unboost|p2a: Lycanroc|spd|1\n|faint|p1a: Tatsugiri\n|\n|upkeep\n|\n|t:|1781443893\n|switch|p1a: Latios|Latios, L78, M|253/253\n|turn|25\n|\n|t:|1781443897\n|switch|p2a: Hatterene|Hatterene, L85, F|68/236\n|move|p1a: Latios|Calm Mind|p1a: Latios\n|-boost|p1a: Latios|spa|1\n|-boost|p1a: Latios|spd|1\n|\n|-heal|p2a: Hatterene|82/236|[from] item: Leftovers\n|upkeep\n|turn|26\n|inactive|Kirbo6464 has 60 seconds left.\n|l|\u2606Kirbo6464\n|inactive|Kirbo6464 disconnected and has a minute to reconnect!\n|player|p1|\n|inactive|Kirbo6464 has 30 seconds left.\n|j|\u2606Kirbo6464\n|inactive|Kirbo6464 reconnected and has 30 seconds left.\n|player|p1|Kirbo6464|n|\n|\n|t:|1781443947\n|move|p1a: Latios|Psyshock|p2a: Hatterene\n|-resisted|p2a: Hatterene\n|-damage|p2a: Hatterene|7/236\n|move|p2a: Hatterene|Draining Kiss|p1a: Latios\n|-supereffective|p1a: Latios\n|-damage|p1a: Latios|163/253\n|-heal|p2a: Hatterene|75/236|[from] drain|[of] p1a: Latios\n|\n|-heal|p2a: Hatterene|89/236|[from] item: Leftovers\n|upkeep\n|turn|27\n|inactive|Kirbo6464 has 30 seconds left.\n|\n|t:|1781443953\n|move|p1a: Latios|Calm Mind|p1a: Latios\n|-boost|p1a: Latios|spa|1\n|-boost|p1a: Latios|spd|1\n|move|p2a: Hatterene|Draining Kiss|p1a: Latios\n|-supereffective|p1a: Latios\n|-damage|p1a: Latios|95/253\n|-heal|p2a: Hatterene|140/236|[from] drain|[of] p1a: Latios\n|\n|-heal|p2a: Hatterene|154/236|[from] item: Leftovers\n|upkeep\n|turn|28\n|\n|t:|1781443957\n|move|p1a: Latios|Recover|p1a: Latios\n|-heal|p1a: Latios|222/253\n|move|p2a: Hatterene|Calm Mind|p2a: Hatterene\n|-boost|p2a: Hatterene|spa|1\n|-boost|p2a: Hatterene|spd|1\n|\n|-heal|p2a: Hatterene|168/236|[from] item: Leftovers\n|upkeep\n|turn|29\n|\n|t:|1781443963\n|move|p1a: Latios|Calm Mind|p1a: Latios\n|-boost|p1a: Latios|spa|1\n|-boost|p1a: Latios|spd|1\n|move|p2a: Hatterene|Calm Mind|p2a: Hatterene\n|-boost|p2a: Hatterene|spa|1\n|-boost|p2a: Hatterene|spd|1\n|\n|-heal|p2a: Hatterene|182/236|[from] item: Leftovers\n|upkeep\n|turn|30\n|\n|t:|1781443968\n|move|p1a: Latios|Calm Mind|p1a: Latios\n|-boost|p1a: Latios|spa|1\n|-boost|p1a: Latios|spd|1\n|move|p2a: Hatterene|Draining Kiss|p1a: Latios\n|-supereffective|p1a: Latios\n|-damage|p1a: Latios|130/253\n|-heal|p2a: Hatterene|236/236|[from] drain|[of] p1a: Latios\n|\n|upkeep\n|turn|31\n|inactive|Kirbo6464 has 60 seconds left.\n|\n|t:|1781443980\n|move|p1a: Latios|Calm Mind|p1a: Latios\n|-boost|p1a: Latios|spa|1\n|-boost|p1a: Latios|spd|1\n|move|p2a: Hatterene|Calm Mind|p2a: Hatterene\n|-boost|p2a: Hatterene|spa|1\n|-boost|p2a: Hatterene|spd|1\n|\n|upkeep\n|turn|32\n|inactive|Kirbo6464 has 60 seconds left.\n|\n|t:|1781443991\n|move|p1a: Latios|Recover|p1a: Latios\n|-heal|p1a: Latios|253/253\n|move|p2a: Hatterene|Psyshock|p1a: Latios\n|-resisted|p1a: Latios\n|-damage|p1a: Latios|92/253\n|\n|upkeep\n|turn|33\n|inactive|Kirbo6464 has 60 seconds left.\n|\n|t:|1781443999\n|move|p1a: Latios|Psyshock|p2a: Hatterene\n|-resisted|p2a: Hatterene\n|-damage|p2a: Hatterene|44/236\n|move|p2a: Hatterene|Psyshock|p1a: Latios\n|-resisted|p1a: Latios\n|-damage|p1a: Latios|0 fnt\n|faint|p1a: Latios\n|\n|win|supermancorenswet\n", "inputlog": ">version a8376a258c1d4662feba110a92103f3664a72141\n>start {\"formatid\":\"gen9randombattle\",\"seed\":\"sodium,866dafe5248bfa3a80735a5476d816e7\",\"rated\":\"Rated battle\"}\n>player p1 {\"name\":\"Kirbo6464\",\"avatar\":\"n\",\"rating\":2098,\"seed\":\"sodium,e02b483fe180edd51e4f9375b99167cc\"}\n>player p2 {\"name\":\"supermancorenswet\",\"avatar\":\"170\",\"rating\":2054,\"seed\":\"sodium,a4f8c8fa6967d23517a407a3dd7edd0f\"}\n>p1 switch 4\n>p2 move closecombat\n>p1 move strengthsap\n>p2 switch 6\n>p1 move leechseed\n>p2 move shiftgear\n>p1 move strengthsap\n>p2 move shiftgear\n>p1 move strengthsap\n>p2 move gunkshot\n>p1 move strengthsap\n>p2 switch 4\n>p1 switch 6\n>p2 move uturn\n>p2 switch 2\n>p1 switch 3\n>p2 move knockoff\n>p1 move thunderbolt\n>p2 switch 2\n>p1 move thunderbolt\n>p2 move bodyslam\n>p1 switch 5\n>p1 move psyshock\n>p2 move knockoff\n>p2 switch 2\n>p1 switch 6\n>p2 move knockoff\n>p1 move leechseed\n>p2 move megahorn\n>p1 switch 2\n>p2 move megahorn\n>p1 switch 2\n>p2 switch 5\n>p1 move sludgebomb\n>p2 move psyshock\n>p1 switch 3\n>p1 move trailblaze\n>p2 switch 6\n>p1 move flareblitz\n>p2 move earthquake\n>p2 switch 5\n>p1 move facade\n>p2 move hydropump\n>p1 switch 2\n>p1 move hurricane\n>p2 move knockoff\n>p1 move bugbuzz\n>p2 move hydropump\n>p2 switch 3\n>p1 move sleeppowder\n>p2 move accelerock\n>p1 switch 4\n>p1 move hydropump\n>p2 switch 4\n>p2 switch 4\n>p1 move hydropump\n>p2 move closecombat terastallize\n>p1 switch 6\n>p1 move calmmind\n>p2 switch 6\n>p1 move psyshock\n>p2 move drainingkiss\n>p1 move calmmind\n>p2 move drainingkiss\n>p1 move recover\n>p2 move calmmind\n>p1 move calmmind\n>p2 move calmmind\n>p1 move calmmind\n>p2 move drainingkiss\n>p1 move calmmind\n>p2 move calmmind\n>p1 move recover\n>p2 move psyshock\n>p1 move psyshock\n>p2 move psyshock", "uploadtime": 1781443330, "views": 6, "formatid": "gen9randombattle", "rating": null, "private": 0, "password": null}