{"id": "gen9randombattle-2631821330", "format": "[Gen 9] Random Battle", "players": ["RoLi404", "tobititz"], "log": "|j|\u2606RoLi404\n|j|\u2606tobititz\n|t:|1781444429\n|gametype|singles\n|player|p1|RoLi404|jacinthe|1992\n|player|p2|tobititz|2|1956\n|gen|9\n|tier|[Gen 9] Random Battle\n|rated|\n|rule|Species Clause: Limit one of each Pok\u00e9mon\n|rule|HP Percentage Mod: HP is shown in percentages\n|rule|Sleep Clause Mod: Limit one foe put to sleep\n|rule|Illusion Level Mod: Illusion disguises the Pok\u00e9mon's true level\n|\n|t:|1781444429\n|teamsize|p1|6\n|teamsize|p2|6\n|start\n|switch|p1a: Blissey|Blissey, L85, F|572/572\n|switch|p2a: Volbeat|Volbeat, L90, M|263/263\n|turn|1\n|inactive|Battle timer is ON: inactive players will automatically lose when time's up. (requested by RoLi404)\n|j| brianfut\n|\n|t:|1781444446\n|switch|p2a: Clodsire|Clodsire, L81, M|343/343\n|move|p1a: Blissey|Stealth Rock|p2a: Clodsire\n|-sidestart|p2: tobititz|move: Stealth Rock\n|\n|upkeep\n|turn|2\n|l| brianfut\n|\n|t:|1781444460\n|switch|p1a: Hydreigon|Hydreigon, L79, F|275/275\n|move|p2a: Clodsire|Stealth Rock|p1a: Hydreigon\n|-sidestart|p1: RoLi404|move: Stealth Rock\n|\n|upkeep\n|turn|3\n|\n|t:|1781444467\n|switch|p2a: Bombirdier|Bombirdier, L85, M|258/258\n|move|p1a: Hydreigon|Draco Meteor|p2a: Bombirdier\n|-damage|p2a: Bombirdier|48/258\n|-unboost|p1a: Hydreigon|spa|2\n|\n|upkeep\n|turn|4\n|\n|t:|1781444477\n|switch|p2a: Brute Bonnet|Brute Bonnet, L80|309/309\n|-damage|p2a: Brute Bonnet|271/309|[from] Stealth Rock\n|move|p1a: Hydreigon|Draco Meteor|p2a: Brute Bonnet|[miss]\n|-miss|p1a: Hydreigon|p2a: Brute Bonnet\n|\n|-heal|p2a: Brute Bonnet|290/309|[from] item: Leftovers\n|upkeep\n|turn|5\n|\n|t:|1781444490\n|switch|p1a: Dachsbun|Dachsbun, L92, F|254/254\n|-damage|p1a: Dachsbun|223/254|[from] Stealth Rock\n|move|p2a: Brute Bonnet|Close Combat|p1a: Dachsbun\n|-resisted|p1a: Dachsbun\n|-damage|p1a: Dachsbun|190/254\n|-unboost|p2a: Brute Bonnet|def|1\n|-unboost|p2a: Brute Bonnet|spd|1\n|\n|-heal|p1a: Dachsbun|205/254|[from] item: Leftovers\n|-heal|p2a: Brute Bonnet|309/309|[from] item: Leftovers\n|upkeep\n|turn|6\n|\n|t:|1781444496\n|-end|p2a: Brute Bonnet|Protosynthesis|[silent]\n|switch|p2a: Clodsire|Clodsire, L81, M|343/343\n|-damage|p2a: Clodsire|322/343|[from] Stealth Rock\n|move|p1a: Dachsbun|Play Rough|p2a: Clodsire\n|-resisted|p2a: Clodsire\n|-damage|p2a: Clodsire|250/343\n|\n|-heal|p1a: Dachsbun|220/254|[from] item: Leftovers\n|-heal|p2a: Clodsire|271/343|[from] item: Leftovers\n|upkeep\n|turn|7\n|\n|t:|1781444502\n|switch|p1a: Hydreigon|Hydreigon, L79, F|275/275\n|-damage|p1a: Hydreigon|241/275|[from] Stealth Rock\n|move|p2a: Clodsire|Gunk Shot|p1a: Hydreigon\n|-damage|p1a: Hydreigon|135/275\n|\n|-heal|p2a: Clodsire|292/343|[from] item: Leftovers\n|upkeep\n|turn|8\n|\n|t:|1781444506\n|move|p1a: Hydreigon|Draco Meteor|p2a: Clodsire\n|-damage|p2a: Clodsire|99/343\n|-unboost|p1a: Hydreigon|spa|2\n|move|p2a: Clodsire|Recover|p2a: Clodsire\n|-heal|p2a: Clodsire|271/343\n|\n|-heal|p2a: Clodsire|292/343|[from] item: Leftovers\n|upkeep\n|turn|9\n|\n|t:|1781444509\n|move|p1a: Hydreigon|Draco Meteor|p2a: Clodsire|[miss]\n|-miss|p1a: Hydreigon|p2a: Clodsire\n|move|p2a: Clodsire|Gunk Shot|p1a: Hydreigon\n|-damage|p1a: Hydreigon|41/275\n|\n|-heal|p2a: Clodsire|313/343|[from] item: Leftovers\n|upkeep\n|turn|10\n|\n|t:|1781444535\n|move|p1a: Hydreigon|Draco Meteor|p2a: Clodsire\n|-damage|p2a: Clodsire|103/343\n|-unboost|p1a: Hydreigon|spa|2\n|move|p2a: Clodsire|Gunk Shot|p1a: Hydreigon\n|-damage|p1a: Hydreigon|0 fnt\n|faint|p1a: Hydreigon\n|\n|-heal|p2a: Clodsire|124/343|[from] item: Leftovers\n|upkeep\n|inactive|RoLi404 has 120 seconds left.\n|\n|t:|1781444552\n|switch|p1a: Espathra|Espathra, L80, M|283/283\n|-damage|p1a: Espathra|248/283|[from] Stealth Rock\n|turn|11\n|inactive|RoLi404 has 120 seconds left.\n|\n|t:|1781444561\n|switch|p2a: Brute Bonnet|Brute Bonnet, L80|309/309\n|-damage|p2a: Brute Bonnet|271/309|[from] Stealth Rock\n|move|p1a: Espathra|U-turn|p2a: Brute Bonnet\n|-supereffective|p2a: Brute Bonnet\n|-damage|p2a: Brute Bonnet|139/309\n|inactive|RoLi404 has 120 seconds left.\n|\n|t:|1781444570\n|switch|p1a: Dachsbun|Dachsbun, L92, F|220/254|[from] U-turn\n|-damage|p1a: Dachsbun|189/254|[from] Stealth Rock\n|\n|-heal|p1a: Dachsbun|204/254|[from] item: Leftovers\n|-heal|p2a: Brute Bonnet|158/309|[from] item: Leftovers\n|upkeep\n|turn|12\n|\n|t:|1781444573\n|-end|p2a: Brute Bonnet|Protosynthesis|[silent]\n|switch|p2a: Weezing|Weezing, L88, M|258/258\n|-damage|p2a: Weezing|226/258|[from] Stealth Rock\n|move|p1a: Dachsbun|Play Rough|p2a: Weezing\n|-resisted|p2a: Weezing\n|-damage|p2a: Weezing|192/258\n|\n|-heal|p1a: Dachsbun|219/254|[from] item: Leftovers\n|-heal|p2a: Weezing|208/258|[from] item: Leftovers\n|upkeep\n|turn|13\n|\n|t:|1781444580\n|switch|p1a: Blissey|Blissey, L85, F|572/572\n|-damage|p1a: Blissey|501/572|[from] Stealth Rock\n|move|p2a: Weezing|Toxic Spikes|p1a: Blissey\n|-sidestart|p1: RoLi404|move: Toxic Spikes\n|\n|-heal|p2a: Weezing|224/258|[from] item: Leftovers\n|-heal|p1a: Blissey|536/572|[from] item: Leftovers\n|upkeep\n|turn|14\n|\n|t:|1781444586\n|move|p2a: Weezing|Toxic Spikes|p1a: Blissey\n|-sidestart|p1: RoLi404|move: Toxic Spikes\n|move|p1a: Blissey|Seismic Toss|p2a: Weezing\n|-damage|p2a: Weezing|139/258\n|\n|-heal|p2a: Weezing|155/258|[from] item: Leftovers\n|-heal|p1a: Blissey|571/572|[from] item: Leftovers\n|upkeep\n|turn|15\n|\n|t:|1781444592\n|switch|p2a: Brute Bonnet|Brute Bonnet, L80|158/309\n|-damage|p2a: Brute Bonnet|120/309|[from] Stealth Rock\n|move|p1a: Blissey|Seismic Toss|p2a: Brute Bonnet\n|-damage|p2a: Brute Bonnet|35/309\n|\n|-heal|p1a: Blissey|572/572|[from] item: Leftovers\n|-heal|p2a: Brute Bonnet|54/309|[from] item: Leftovers\n|upkeep\n|turn|16\n|\n|t:|1781444595\n|move|p2a: Brute Bonnet|Sucker Punch|p1a: Blissey\n|-crit|p1a: Blissey\n|-damage|p1a: Blissey|182/572\n|move|p1a: Blissey|Seismic Toss|p2a: Brute Bonnet\n|-damage|p2a: Brute Bonnet|0 fnt\n|faint|p2a: Brute Bonnet\n|-end|p2a: Brute Bonnet|Protosynthesis|[silent]\n|\n|-heal|p1a: Blissey|217/572|[from] item: Leftovers\n|upkeep\n|\n|t:|1781444600\n|switch|p2a: Bombirdier|Bombirdier, L85, M|48/258\n|turn|17\n|\n|t:|1781444604\n|switch|p1a: Dachsbun|Dachsbun, L92, F|219/254\n|-damage|p1a: Dachsbun|188/254|[from] Stealth Rock\n|-status|p1a: Dachsbun|tox\n|move|p2a: Bombirdier|Knock Off|p1a: Dachsbun\n|-resisted|p1a: Dachsbun\n|-damage|p1a: Dachsbun|144/254 tox\n|-enditem|p1a: Dachsbun|Leftovers|[from] move: Knock Off|[of] p2a: Bombirdier\n|\n|-damage|p1a: Dachsbun|129/254 tox|[from] psn\n|upkeep\n|turn|18\n|\n|t:|1781444608\n|switch|p2a: Weezing|Weezing, L88, M|155/258\n|-damage|p2a: Weezing|123/258|[from] Stealth Rock\n|move|p1a: Dachsbun|Wish|p1a: Dachsbun\n|\n|-heal|p2a: Weezing|139/258|[from] item: Leftovers\n|-damage|p1a: Dachsbun|99/254 tox|[from] psn\n|upkeep\n|turn|19\n|\n|t:|1781444621\n|switch|p1a: Blissey|Blissey, L85, F|217/572\n|-damage|p1a: Blissey|146/572|[from] Stealth Rock\n|-status|p1a: Blissey|tox\n|move|p2a: Weezing|Sludge Bomb|p1a: Blissey\n|-damage|p1a: Blissey|79/572 tox\n|\n|-heal|p1a: Blissey|206/572 tox|[from] move: Wish|[wisher] Dachsbun\n|-heal|p2a: Weezing|155/258|[from] item: Leftovers\n|-heal|p1a: Blissey|241/572 tox|[from] item: Leftovers\n|-damage|p1a: Blissey|206/572 tox|[from] psn\n|upkeep\n|turn|20\n|\n|t:|1781444623\n|switch|p2a: Bombirdier|Bombirdier, L85, M|48/258\n|move|p1a: Blissey|Soft-Boiled|p1a: Blissey\n|-heal|p1a: Blissey|492/572 tox\n|\n|-heal|p1a: Blissey|527/572 tox|[from] item: Leftovers\n|-damage|p1a: Blissey|457/572 tox|[from] psn\n|upkeep\n|turn|21\n|\n|t:|1781444632\n|move|p2a: Bombirdier|U-turn|p1a: Blissey\n|-damage|p1a: Blissey|293/572 tox\n|\n|t:|1781444634\n|switch|p2a: Clodsire|Clodsire, L81, M|124/343|[from] U-turn\n|-damage|p2a: Clodsire|103/343|[from] Stealth Rock\n|move|p1a: Blissey|Seismic Toss|p2a: Clodsire\n|-damage|p2a: Clodsire|18/343\n|\n|-heal|p1a: Blissey|328/572 tox|[from] item: Leftovers\n|-heal|p2a: Clodsire|39/343|[from] item: Leftovers\n|-damage|p1a: Blissey|223/572 tox|[from] psn\n|upkeep\n|turn|22\n|\n|t:|1781444637\n|move|p1a: Blissey|Seismic Toss|p2a: Clodsire\n|-damage|p2a: Clodsire|0 fnt\n|faint|p2a: Clodsire\n|\n|-heal|p1a: Blissey|258/572 tox|[from] item: Leftovers\n|-damage|p1a: Blissey|118/572 tox|[from] psn\n|upkeep\n|\n|t:|1781444640\n|switch|p2a: Bombirdier|Bombirdier, L85, M|48/258\n|turn|23\n|\n|t:|1781444642\n|-curestatus|p1a: Blissey|tox|[from] ability: Natural Cure|[silent]\n|switch|p1a: Dachsbun|Dachsbun, L92, F|99/254 tox\n|-damage|p1a: Dachsbun|68/254 tox|[from] Stealth Rock\n|move|p2a: Bombirdier|Knock Off|p1a: Dachsbun\n|-resisted|p1a: Dachsbun\n|-damage|p1a: Dachsbun|38/254 tox\n|\n|-damage|p1a: Dachsbun|23/254 tox|[from] psn\n|upkeep\n|turn|24\n|\n|t:|1781444662\n|switch|p2a: Weezing|Weezing, L88, M|155/258\n|-damage|p2a: Weezing|123/258|[from] Stealth Rock\n|move|p1a: Dachsbun|Play Rough|p2a: Weezing|[miss]\n|-miss|p1a: Dachsbun|p2a: Weezing\n|\n|-heal|p2a: Weezing|139/258|[from] item: Leftovers\n|-damage|p1a: Dachsbun|0 fnt|[from] psn\n|faint|p1a: Dachsbun\n|upkeep\n|\n|t:|1781444681\n|switch|p1a: Vikavolt|Vikavolt, L83, M|263/263\n|turn|25\n|\n|t:|1781444689\n|move|p2a: Weezing|Fire Blast|p1a: Vikavolt|[miss]\n|-miss|p2a: Weezing|p1a: Vikavolt\n|move|p1a: Vikavolt|Thunderbolt|p2a: Weezing\n|-damage|p2a: Weezing|3/258\n|\n|-heal|p2a: Weezing|19/258|[from] item: Leftovers\n|upkeep\n|turn|26\n|\n|t:|1781444693\n|move|p2a: Weezing|Fire Blast|p1a: Vikavolt\n|-supereffective|p1a: Vikavolt\n|-crit|p1a: Vikavolt\n|-damage|p1a: Vikavolt|0 fnt\n|faint|p1a: Vikavolt\n|\n|-heal|p2a: Weezing|35/258|[from] item: Leftovers\n|upkeep\n|\n|t:|1781444705\n|switch|p1a: Espathra|Espathra, L80, M|248/283\n|-damage|p1a: Espathra|213/283|[from] Stealth Rock\n|-status|p1a: Espathra|tox\n|turn|27\n|\n|t:|1781444709\n|move|p1a: Espathra|Dazzling Gleam|p2a: Weezing\n|-resisted|p2a: Weezing\n|-damage|p2a: Weezing|0 fnt\n|faint|p2a: Weezing\n|\n|-damage|p1a: Espathra|196/283 tox|[from] psn\n|-ability|p1a: Espathra|Speed Boost|boost\n|-boost|p1a: Espathra|spe|1\n|upkeep\n|\n|t:|1781444713\n|switch|p2a: Volbeat|Volbeat, L90, M|263/263\n|turn|28\n|\n|t:|1781444718\n|switch|p1a: Blissey|Blissey, L85, F|118/572\n|-damage|p1a: Blissey|47/572|[from] Stealth Rock\n|-status|p1a: Blissey|tox\n|move|p2a: Volbeat|Lunge|p1a: Blissey\n|-damage|p1a: Blissey|0 fnt\n|faint|p1a: Blissey\n|\n|upkeep\n|\n|t:|1781444720\n|switch|p1a: Dragonite|Dragonite, L74, F|257/257\n|turn|29\n|\n|t:|1781444723\n|move|p2a: Volbeat|Thunder Wave|p1a: Dragonite\n|-status|p1a: Dragonite|par\n|move|p1a: Dragonite|Dragon Dance|p1a: Dragonite\n|-boost|p1a: Dragonite|atk|1\n|-boost|p1a: Dragonite|spe|1\n|\n|upkeep\n|turn|30\n|\n|t:|1781444725\n|move|p2a: Volbeat|Encore|p1a: Dragonite\n|-start|p1a: Dragonite|Encore\n|cant|p1a: Dragonite|par\n|\n|upkeep\n|turn|31\n|\n|t:|1781444727\n|move|p2a: Volbeat|Lunge|p1a: Dragonite\n|-resisted|p1a: Dragonite\n|-damage|p1a: Dragonite|236/257 par\n|-unboost|p1a: Dragonite|atk|1\n|move|p1a: Dragonite|Dragon Dance|p1a: Dragonite\n|-boost|p1a: Dragonite|atk|1\n|-boost|p1a: Dragonite|spe|1\n|\n|upkeep\n|turn|32\n|\n|t:|1781444729\n|move|p2a: Volbeat|Lunge|p1a: Dragonite\n|-resisted|p1a: Dragonite\n|-damage|p1a: Dragonite|197/257 par\n|-unboost|p1a: Dragonite|atk|1\n|cant|p1a: Dragonite|par\n|\n|-end|p1a: Dragonite|Encore\n|upkeep\n|turn|33\n|-message|RoLi404 forfeited.\n|\n|win|tobititz\n", "inputlog": ">version a8376a258c1d4662feba110a92103f3664a72141\n>start {\"formatid\":\"gen9randombattle\",\"seed\":\"sodium,67c1f6286642e92462b8ec5f49dfca16\",\"rated\":\"Rated battle\"}\n>player p1 {\"name\":\"RoLi404\",\"avatar\":\"jacinthe\",\"rating\":1992,\"seed\":\"sodium,a346f60d6a73c8f05489ed9898797731\"}\n>player p2 {\"name\":\"tobititz\",\"avatar\":\"2\",\"rating\":1956,\"seed\":\"sodium,d926c8942eaf1af5aef209bf37723c1a\"}\n>p1 move stealthrock\n>p2 switch 3\n>p1 switch 5\n>p2 move stealthrock\n>p1 move dracometeor\n>p2 switch 2\n>p1 move dracometeor\n>p2 switch 4\n>p1 switch 2\n>p2 move closecombat\n>p1 move playrough\n>p2 switch 2\n>p1 switch 2\n>p2 move gunkshot\n>p1 move dracometeor\n>p2 move recover\n>p1 move dracometeor\n>p2 move gunkshot\n>p1 move dracometeor\n>p2 move gunkshot\n>p1 switch 6\n>p1 move uturn\n>p2 switch 2\n>p1 switch 2\n>p1 move playrough\n>p2 switch 5\n>p1 switch 5\n>p2 move toxicspikes\n>p1 move seismictoss\n>p2 move toxicspikes\n>p1 move seismictoss\n>p2 switch 5\n>p1 move seismictoss\n>p2 move suckerpunch\n>p2 switch 4\n>p1 switch 5\n>p2 move knockoff\n>p1 move wish\n>p2 switch 5\n>p1 switch 5\n>p2 move sludgebomb\n>p1 move softboiled\n>p2 switch 5\n>p1 move seismictoss\n>p2 move uturn\n>p2 switch 2\n>p1 move seismictoss\n>p2 move recover\n>p2 switch 2\n>p1 switch 5\n>p2 move knockoff\n>p1 move playrough\n>p2 switch 5\n>p1 switch 4\n>p1 move thunderbolt\n>p2 move fireblast\n>p1 move thunderbolt\n>p2 move fireblast\n>p1 switch 2\n>p1 move dazzlinggleam\n>p2 move painsplit\n>p2 switch 3\n>p1 switch 5\n>p2 move lunge\n>p1 switch 3\n>p1 move dragondance\n>p2 move thunderwave\n>p1 move dragondance\n>p2 move encore\n>p1 move dragondance\n>p2 move lunge\n>p1 move dragondance\n>p2 move lunge\n>forcelose p1", "uploadtime": 1781444430, "views": 4, "formatid": "gen9randombattle", "rating": null, "private": 0, "password": null}