{"id": "gen9randombattle-2631681497", "format": "[Gen 9] Random Battle", "players": ["hfladhlfasd", "Lilythefurrygod"], "log": "|j|\u2606hfladhlfasd\n|j|\u2606Lilythefurrygod\n|t:|1781420704\n|gametype|singles\n|player|p1|hfladhlfasd|2|1397\n|player|p2|Lilythefurrygod|iris-gen5bw2|1401\n|gen|9\n|tier|[Gen 9] Random Battle\n|rated|\n|rule|Species Clause: Limit one of each Pok\u00e9mon\n|rule|HP Percentage Mod: HP is shown in percentages\n|rule|Sleep Clause Mod: Limit one foe put to sleep\n|rule|Illusion Level Mod: Illusion disguises the Pok\u00e9mon's true level\n|\n|t:|1781420704\n|teamsize|p1|6\n|teamsize|p2|6\n|start\n|switch|p1a: Golurk|Golurk, L87|297/297\n|switch|p2a: Exeggutor|Exeggutor, L89, M|314/314\n|turn|1\n|inactive|Battle timer is ON: inactive players will automatically lose when time's up. (requested by Lilythefurrygod)\n|\n|t:|1781420720\n|move|p2a: Exeggutor|Sleep Powder|p1a: Golurk\n|-status|p1a: Golurk|slp|[from] move: Sleep Powder\n|cant|p1a: Golurk|slp\n|\n|upkeep\n|turn|2\n|\n|t:|1781420726\n|switch|p1a: Volbeat|Volbeat, L90, M|263/263\n|move|p2a: Exeggutor|Calm Mind|p2a: Exeggutor\n|-boost|p2a: Exeggutor|spa|1\n|-boost|p2a: Exeggutor|spd|1\n|\n|upkeep\n|turn|3\n|\n|t:|1781420738\n|move|p1a: Volbeat|Thunder Wave|p2a: Exeggutor\n|-status|p2a: Exeggutor|par\n|move|p2a: Exeggutor|Psyshock|p1a: Volbeat\n|-damage|p1a: Volbeat|77/263\n|\n|upkeep\n|turn|4\n|\n|t:|1781420746\n|move|p1a: Volbeat|Lunge|p2a: Exeggutor\n|-supereffective|p2a: Exeggutor\n|-damage|p2a: Exeggutor|0 fnt\n|faint|p2a: Exeggutor\n|\n|upkeep\n|\n|t:|1781420753\n|switch|p2a: Iron Jugulis|Iron Jugulis, L77|271/271\n|turn|5\n|\n|t:|1781420766\n|move|p1a: Volbeat|Thunder Wave|p2a: Iron Jugulis\n|-hint|Since gen 7, Dark is immune to Prankster moves.\n|-immune|p2a: Iron Jugulis\n|move|p2a: Iron Jugulis|Meteor Beam||[still]\n|-prepare|p2a: Iron Jugulis|Meteor Beam\n|-boost|p2a: Iron Jugulis|spa|1\n|-enditem|p2a: Iron Jugulis|Power Herb\n|-anim|p2a: Iron Jugulis|Meteor Beam|p1a: Volbeat\n|-supereffective|p1a: Volbeat\n|-damage|p1a: Volbeat|0 fnt\n|faint|p1a: Volbeat\n|\n|upkeep\n|\n|t:|1781420779\n|switch|p1a: Eternatus|Eternatus, L69|308/308\n|-ability|p1a: Eternatus|Pressure\n|turn|6\n|\n|t:|1781420788\n|-terastallize|p2a: Iron Jugulis|Ground\n|move|p1a: Eternatus|Dynamax Cannon|p2a: Iron Jugulis\n|-damage|p2a: Iron Jugulis|156/271\n|move|p2a: Iron Jugulis|Earth Power|p1a: Eternatus\n|-supereffective|p1a: Eternatus\n|-damage|p1a: Eternatus|2/308\n|\n|-heal|p1a: Eternatus|21/308|[from] item: Leftovers\n|upkeep\n|turn|7\n|\n|t:|1781420810\n|move|p1a: Eternatus|Dynamax Cannon|p2a: Iron Jugulis\n|-damage|p2a: Iron Jugulis|35/271\n|move|p2a: Iron Jugulis|Dark Pulse|p1a: Eternatus\n|-damage|p1a: Eternatus|0 fnt\n|faint|p1a: Eternatus\n|\n|upkeep\n|\n|t:|1781420816\n|switch|p1a: Thundurus|Thundurus-Therian, L80, M|258/258\n|turn|8\n|\n|t:|1781420824\n|move|p2a: Iron Jugulis|Dark Pulse|p1a: Thundurus\n|-damage|p1a: Thundurus|117/258\n|move|p1a: Thundurus|Tera Blast|p2a: Iron Jugulis\n|-damage|p2a: Iron Jugulis|0 fnt\n|faint|p2a: Iron Jugulis\n|-end|p2a: Iron Jugulis|Quark Drive|[silent]\n|\n|upkeep\n|\n|t:|1781420832\n|switch|p2a: Kleavor|Kleavor, L78, M|237/237\n|turn|9\n|\n|t:|1781420839\n|switch|p1a: Golurk|Golurk, L87|297/297 slp\n|move|p2a: Kleavor|Stone Axe|p1a: Golurk\n|-resisted|p1a: Golurk\n|-damage|p1a: Golurk|236/297 slp\n|-sidestart|p1: hfladhlfasd|move: Stealth Rock\n|\n|upkeep\n|turn|10\n|\n|t:|1781420848\n|switch|p2a: Donphan|Donphan, L84, F|288/288\n|cant|p1a: Golurk|slp\n|\n|upkeep\n|turn|11\n|\n|t:|1781420856\n|cant|p1a: Golurk|slp\n|move|p2a: Donphan|Ice Spinner|p1a: Golurk\n|-supereffective|p1a: Golurk\n|-damage|p1a: Golurk|44/297 slp\n|\n|upkeep\n|turn|12\n|\n|t:|1781420862\n|-curestatus|p1a: Golurk|slp|[msg]\n|move|p1a: Golurk|Dynamic Punch|p2a: Donphan\n|-damage|p2a: Donphan|197/288\n|-start|p2a: Donphan|confusion\n|-damage|p1a: Golurk|15/297|[from] item: Life Orb\n|-activate|p2a: Donphan|confusion\n|move|p2a: Donphan|Ice Spinner|p1a: Golurk\n|-supereffective|p1a: Golurk\n|-damage|p1a: Golurk|0 fnt\n|faint|p1a: Golurk\n|\n|upkeep\n|\n|t:|1781420876\n|switch|p1a: Thundurus|Thundurus-Therian, L80, M|117/258\n|turn|13\n|\n|t:|1781420887\n|switch|p2a: Kleavor|Kleavor, L78, M|237/237\n|move|p1a: Thundurus|Focus Blast|p2a: Kleavor\n|-damage|p2a: Kleavor|96/237\n|\n|upkeep\n|turn|14\n|\n|t:|1781420894\n|move|p1a: Thundurus|Focus Blast|p2a: Kleavor\n|-damage|p2a: Kleavor|0 fnt\n|faint|p2a: Kleavor\n|\n|upkeep\n|\n|t:|1781420917\n|switch|p2a: Donphan|Donphan, L84, F|197/288\n|turn|15\n|inactive|hfladhlfasd has 120 seconds left.\n|inactive|hfladhlfasd has 90 seconds left.\n|inactive|hfladhlfasd has 60 seconds left.\n|\n|t:|1781421010\n|move|p1a: Thundurus|Tera Blast|p2a: Donphan\n|-damage|p2a: Donphan|97/288\n|move|p2a: Donphan|Ice Spinner|p1a: Thundurus\n|-supereffective|p1a: Thundurus\n|-damage|p1a: Thundurus|0 fnt\n|faint|p1a: Thundurus\n|\n|upkeep\n|inactive|hfladhlfasd has 60 seconds left.\n|\n|t:|1781421017\n|switch|p1a: Meowstic|Meowstic-F, L89, F|277/277\n|-damage|p1a: Meowstic|243/277|[from] Stealth Rock\n|turn|16\n|inactive|hfladhlfasd has 60 seconds left.\n|\n|t:|1781421027\n|move|p1a: Meowstic|Psyshock|p2a: Donphan\n|-damage|p2a: Donphan|3/288\n|-damage|p1a: Meowstic|216/277|[from] item: Life Orb\n|move|p2a: Donphan|Ice Spinner|p1a: Meowstic\n|-damage|p1a: Meowstic|118/277\n|\n|upkeep\n|turn|17\n|\n|t:|1781421036\n|move|p1a: Meowstic|Psyshock|p2a: Donphan\n|-damage|p2a: Donphan|0 fnt\n|faint|p2a: Donphan\n|-damage|p1a: Meowstic|91/277|[from] item: Life Orb\n|\n|upkeep\n|\n|t:|1781421039\n|switch|p2a: Torkoal|Torkoal, L88, F|266/266\n|-weather|SunnyDay|[from] ability: Drought|[of] p2a: Torkoal\n|turn|18\n|\n|t:|1781421049\n|switch|p1a: Houndoom|Houndoom, L87, M|272/272\n|move|p2a: Torkoal|Solar Beam||[still]\n|-prepare|p2a: Torkoal|Solar Beam\n|-anim|p2a: Torkoal|Solar Beam|p1a: Houndoom\n|-resisted|p1a: Houndoom\n|-damage|p1a: Houndoom|229/272\n|\n|-weather|SunnyDay|[upkeep]\n|upkeep\n|turn|19\n|\n|t:|1781421059\n|move|p1a: Houndoom|Nasty Plot|p1a: Houndoom\n|-boost|p1a: Houndoom|spa|2\n|move|p2a: Torkoal|Yawn|p1a: Houndoom\n|-start|p1a: Houndoom|move: Yawn|[of] p2a: Torkoal\n|\n|-weather|SunnyDay|[upkeep]\n|upkeep\n|turn|20\n|\n|t:|1781421070\n|move|p1a: Houndoom|Nasty Plot|p1a: Houndoom\n|-boost|p1a: Houndoom|spa|2\n|move|p2a: Torkoal|Solar Beam||[still]\n|-prepare|p2a: Torkoal|Solar Beam\n|-anim|p2a: Torkoal|Solar Beam|p1a: Houndoom\n|-resisted|p1a: Houndoom\n|-damage|p1a: Houndoom|183/272\n|\n|-weather|SunnyDay|[upkeep]\n|-end|p1a: Houndoom|move: Yawn|[silent]\n|-status|p1a: Houndoom|slp\n|upkeep\n|turn|21\n|\n|t:|1781421080\n|cant|p1a: Houndoom|slp\n|move|p2a: Torkoal|Solar Beam||[still]\n|-prepare|p2a: Torkoal|Solar Beam\n|-anim|p2a: Torkoal|Solar Beam|p1a: Houndoom\n|-resisted|p1a: Houndoom\n|-damage|p1a: Houndoom|137/272 slp\n|\n|-weather|SunnyDay|[upkeep]\n|upkeep\n|turn|22\n|inactive|hfladhlfasd has 90 seconds left.\n|\n|t:|1781421089\n|switch|p2a: Gengar|Gengar, L81, F|230/230\n|cant|p1a: Houndoom|slp\n|\n|-weather|none\n|upkeep\n|turn|23\n|\n|t:|1781421101\n|-curestatus|p1a: Houndoom|slp|[msg]\n|move|p1a: Houndoom|Sucker Punch||[still]\n|-fail|p1a: Houndoom\n|move|p2a: Gengar|Encore|p1a: Houndoom\n|-start|p1a: Houndoom|Encore\n|\n|upkeep\n|turn|24\n|\n|t:|1781421109\n|switch|p2a: Torkoal|Torkoal, L88, F|266/266\n|-weather|SunnyDay|[from] ability: Drought|[of] p2a: Torkoal\n|move|p1a: Houndoom|Sucker Punch||[still]\n|-fail|p1a: Houndoom\n|\n|-weather|SunnyDay|[upkeep]\n|upkeep\n|turn|25\n|\n|t:|1781421121\n|move|p1a: Houndoom|Sucker Punch||[still]\n|-fail|p1a: Houndoom\n|move|p2a: Torkoal|Yawn|p1a: Houndoom\n|-start|p1a: Houndoom|move: Yawn|[of] p2a: Torkoal\n|\n|-weather|SunnyDay|[upkeep]\n|upkeep\n|turn|26\n|\n|t:|1781421133\n|switch|p2a: Gengar|Gengar, L81, F|230/230\n|move|p1a: Houndoom|Sucker Punch||[still]\n|-fail|p1a: Houndoom\n|\n|-weather|SunnyDay|[upkeep]\n|-end|p1a: Houndoom|Encore\n|-end|p1a: Houndoom|move: Yawn|[silent]\n|-status|p1a: Houndoom|slp\n|upkeep\n|turn|27\n|\n|t:|1781421141\n|move|p2a: Gengar|Sludge Wave|p1a: Houndoom\n|-damage|p1a: Houndoom|0 fnt\n|faint|p1a: Houndoom\n|-damage|p2a: Gengar|207/230|[from] item: Life Orb\n|\n|-weather|SunnyDay|[upkeep]\n|upkeep\n|\n|t:|1781421147\n|switch|p1a: Meowstic|Meowstic-F, L89, F|91/277\n|-damage|p1a: Meowstic|57/277|[from] Stealth Rock\n|turn|28\n|\n|t:|1781421152\n|move|p1a: Meowstic|Nasty Plot|p1a: Meowstic\n|-boost|p1a: Meowstic|spa|2\n|move|p2a: Gengar|Shadow Ball|p1a: Meowstic\n|-supereffective|p1a: Meowstic\n|-damage|p1a: Meowstic|0 fnt\n|faint|p1a: Meowstic\n|-damage|p2a: Gengar|184/230|[from] item: Life Orb\n|\n|win|Lilythefurrygod\n|raw|hfladhlfasd's rating: 1397 &rarr; <strong>1377</strong><br />(-20 for losing)\n|raw|Lilythefurrygod's rating: 1401 &rarr; <strong>1421</strong><br />(+20 for winning)\n|l|\u2606hfladhlfasd\n|player|p1|\n", "inputlog": ">version a8376a258c1d4662feba110a92103f3664a72141\n>start {\"formatid\":\"gen9randombattle\",\"seed\":\"sodium,8d8a2b840911aea5a79fcd8ed3d4caa2\",\"rated\":\"Rated battle\"}\n>player p1 {\"name\":\"hfladhlfasd\",\"avatar\":\"2\",\"rating\":1397,\"seed\":\"sodium,8a0ad92cca59a75601636f8079d3add2\"}\n>player p2 {\"name\":\"Lilythefurrygod\",\"avatar\":\"iris-gen5bw2\",\"rating\":1401,\"seed\":\"sodium,00b5d3a536e703c86acbe0dd92cef5f2\"}\n>p1 move poltergeist\n>p2 move sleeppowder\n>p1 switch 5\n>p2 move calmmind\n>p1 move thunderwave\n>p2 move psyshock\n>p1 move lunge\n>p2 move psyshock\n>p2 switch 4\n>p1 move thunderwave\n>p2 move meteorbeam\n>p1 switch 6\n>p1 move dynamaxcannon\n>p2 move earthpower terastallize\n>p1 move dynamaxcannon\n>p2 move darkpulse\n>p1 switch 4\n>p1 move terablast\n>p2 move darkpulse\n>p2 switch 2\n>p1 switch 5\n>p2 move stoneaxe\n>p1 move dynamicpunch\n>p2 switch 6\n>p1 move dynamicpunch\n>p2 move icespinner\n>p1 move dynamicpunch\n>p2 move icespinner\n>p1 switch 5\n>p1 move focusblast\n>p2 switch 6\n>p1 move focusblast\n>p2 move stoneaxe\n>p2 switch 6\n>p1 move terablast\n>p2 move icespinner\n>p1 switch 3\n>p1 move psyshock\n>p2 move icespinner\n>p1 move psyshock\n>p2 move icespinner\n>p2 switch 3\n>p1 switch 2\n>p2 move solarbeam\n>p1 move nastyplot\n>p2 move yawn\n>p1 move nastyplot\n>p2 move solarbeam\n>p1 move darkpulse\n>p2 move solarbeam\n>p1 move nastyplot\n>p2 switch 5\n>p1 move suckerpunch\n>p2 move encore\n>p1 move suckerpunch\n>p2 switch 5\n>p1 move suckerpunch\n>p2 move yawn\n>p1 move suckerpunch\n>p2 switch 5\n>p1 move darkpulse\n>p2 move sludgewave\n>p1 switch 2\n>p1 move nastyplot\n>p2 move shadowball", "uploadtime": 1781421159, "views": 11, "formatid": "gen9randombattle", "rating": 1377, "private": 0, "password": null}