{"id": "gen9randombattle-2632016139", "format": "[Gen 9] Random Battle", "players": ["Highster5", "Vulva zol"], "log": "|j|\u2606Highster5\n|j|\u2606Vulva zol\n|t:|1781466255\n|gametype|singles\n|player|p1|Highster5|nemona-masters|2105\n|player|p2|Vulva zol|265|2084\n|gen|9\n|tier|[Gen 9] Random Battle\n|rated|\n|rule|Species Clause: Limit one of each Pok\u00e9mon\n|rule|HP Percentage Mod: HP is shown in percentages\n|rule|Sleep Clause Mod: Limit one foe put to sleep\n|rule|Illusion Level Mod: Illusion disguises the Pok\u00e9mon's true level\n|\n|t:|1781466255\n|teamsize|p1|6\n|teamsize|p2|6\n|start\n|switch|p1a: Incineroar|Incineroar, L82, F|290/290\n|switch|p2a: Blissey|Blissey, L85, F|572/572\n|-ability|p1a: Incineroar|Intimidate|boost\n|-unboost|p2a: Blissey|atk|1\n|turn|1\n|inactive|Battle timer is ON: inactive players will automatically lose when time's up. (requested by Highster5)\n|\n|t:|1781466278\n|switch|p2a: Cobalion|Cobalion, L80|277/277\n|move|p1a: Incineroar|Knock Off|p2a: Cobalion\n|-resisted|p2a: Cobalion\n|-damage|p2a: Cobalion|233/277\n|-ability|p2a: Cobalion|Justified|boost\n|-boost|p2a: Cobalion|atk|1\n|-enditem|p2a: Cobalion|Life Orb|[from] move: Knock Off|[of] p1a: Incineroar\n|\n|upkeep\n|turn|2\n|\n|t:|1781466298\n|switch|p1a: Rabsca|Rabsca, L91, M|284/284\n|move|p2a: Cobalion|Close Combat|p1a: Rabsca\n|-resisted|p1a: Rabsca\n|-damage|p1a: Rabsca|248/284\n|-unboost|p2a: Cobalion|def|1\n|-unboost|p2a: Cobalion|spd|1\n|\n|upkeep\n|turn|3\n|\n|t:|1781466311\n|move|p2a: Cobalion|Stone Edge|p1a: Rabsca\n|-supereffective|p1a: Rabsca\n|-damage|p1a: Rabsca|78/284\n|move|p1a: Rabsca|Psychic|p2a: Cobalion\n|-damage|p2a: Cobalion|0 fnt\n|faint|p2a: Cobalion\n|\n|upkeep\n|\n|t:|1781466327\n|switch|p2a: Rotom|Rotom, L88|231/231\n|turn|4\n|\n|t:|1781466334\n|switch|p1a: Dialga|Dialga-Origin, L73|266/266\n|-ability|p1a: Dialga|Pressure\n|move|p2a: Rotom|Shadow Ball|p1a: Dialga\n|-damage|p1a: Dialga|149/266\n|-damage|p2a: Rotom|208/231|[from] item: Life Orb\n|\n|upkeep\n|turn|5\n|inactive|Vulva zol has 120 seconds left.\n|\n|t:|1781466363\n|move|p2a: Rotom|Nasty Plot|p2a: Rotom\n|-boost|p2a: Rotom|spa|2\n|move|p1a: Dialga|Draco Meteor|p2a: Rotom\n|-damage|p2a: Rotom|24/231\n|-unboost|p1a: Dialga|spa|2\n|\n|upkeep\n|turn|6\n|inactive|Vulva zol has 120 seconds left.\n|\n|t:|1781466374\n|move|p2a: Rotom|Thunderbolt|p1a: Dialga\n|-resisted|p1a: Dialga\n|-damage|p1a: Dialga|19/266\n|-status|p1a: Dialga|par\n|-damage|p2a: Rotom|1/231|[from] item: Life Orb\n|move|p1a: Dialga|Stealth Rock|p2a: Rotom\n|-sidestart|p2: Vulva zol|move: Stealth Rock\n|\n|upkeep\n|turn|7\n|inactive|Vulva zol has 120 seconds left.\n|\n|t:|1781466385\n|move|p2a: Rotom|Shadow Ball|p1a: Dialga\n|-damage|p1a: Dialga|0 fnt\n|faint|p1a: Dialga\n|-damage|p2a: Rotom|0 fnt|[from] item: Life Orb\n|faint|p2a: Rotom\n|\n|upkeep\n|\n|t:|1781466404\n|switch|p2a: Regirock|Regirock, L83|268/268\n|switch|p1a: Mienshao|Mienshao, L83, F|244/244\n|-damage|p2a: Regirock|235/268|[from] Stealth Rock\n|turn|8\n|\n|t:|1781466417\n|-terastallize|p2a: Regirock|Fighting\n|move|p1a: Mienshao|Fake Out|p2a: Regirock\n|-damage|p2a: Regirock|218/268\n|cant|p2a: Regirock|flinch\n|\n|-heal|p2a: Regirock|234/268|[from] item: Leftovers\n|upkeep\n|turn|9\n|\n|t:|1781466429\n|move|p1a: Mienshao|Knock Off|p2a: Regirock\n|-resisted|p2a: Regirock\n|-damage|p2a: Regirock|211/268\n|-enditem|p2a: Regirock|Leftovers|[from] move: Knock Off|[of] p1a: Mienshao\n|move|p2a: Regirock|Thunder Wave|p1a: Mienshao\n|-status|p1a: Mienshao|par\n|\n|upkeep\n|turn|10\n|\n|t:|1781466438\n|move|p2a: Regirock|Iron Defense|p2a: Regirock\n|-boost|p2a: Regirock|def|2\n|move|p1a: Mienshao|U-turn|p2a: Regirock\n|-resisted|p2a: Regirock\n|-damage|p2a: Regirock|203/268\n|\n|t:|1781466444\n|switch|p1a: Sylveon|Sylveon, L85, M|300/300|[from] U-turn\n|\n|upkeep\n|turn|11\n|\n|t:|1781466452\n|move|p1a: Sylveon|Hyper Voice|p2a: Regirock\n|-supereffective|p2a: Regirock\n|-damage|p2a: Regirock|0 fnt\n|faint|p2a: Regirock\n|\n|upkeep\n|inactive|Vulva zol has 120 seconds left.\n|\n|t:|1781466463\n|switch|p2a: Blissey|Blissey, L85, F|572/572\n|-damage|p2a: Blissey|501/572|[from] Stealth Rock\n|turn|12\n|\n|t:|1781466468\n|switch|p1a: Mienshao|Mienshao, L83, F|244/244 par\n|move|p2a: Blissey|Thunder Wave|p1a: Mienshao\n|-fail|p1a: Mienshao|par\n|\n|-heal|p2a: Blissey|536/572|[from] item: Leftovers\n|upkeep\n|turn|13\n|-message|Vulva zol forfeited.\n|\n|win|Highster5\n", "inputlog": ">version a8376a258c1d4662feba110a92103f3664a72141\n>start {\"formatid\":\"gen9randombattle\",\"seed\":\"sodium,5dcdcc7093a4df892bb148dbf345b2e0\",\"rated\":\"Rated battle\"}\n>player p1 {\"name\":\"Highster5\",\"avatar\":\"nemona-masters\",\"rating\":2105,\"seed\":\"sodium,b83d7eed163ad279a2e03a4fb9de90c4\"}\n>player p2 {\"name\":\"Vulva zol\",\"avatar\":\"265\",\"rating\":2084,\"seed\":\"sodium,60c587e9e2b2588a06aa765c17562c97\"}\n>p1 move knockoff\n>p2 switch 4\n>p1 switch 2\n>p2 move closecombat\n>p1 move psychic\n>p2 move stoneedge\n>p2 switch 2\n>p1 switch 4\n>p2 move shadowball\n>p1 move dracometeor\n>p2 move nastyplot\n>p1 move stealthrock\n>p2 move thunderbolt\n>p1 move heavyslam\n>p2 move shadowball\n>p1 switch 6\n>p2 switch 6\n>p1 move fakeout\n>p2 move thunderwave terastallize\n>p1 move knockoff\n>p2 move thunderwave\n>p1 move uturn\n>p2 move irondefense\n>p1 switch 5\n>p1 move hypervoice\n>p2 move thunderwave\n>p2 switch 4\n>p1 switch 5\n>p2 move thunderwave\n>forcelose p2", "uploadtime": 1781466257, "views": 7, "formatid": "gen9randombattle", "rating": null, "private": 0, "password": null}