{"id": "gen9randombattle-2631856455", "format": "[Gen 9] Random Battle", "players": ["seijetechi", "Gin X Tonic"], "log": "|j|\u2606seijetechi\n|j|\u2606Gin X Tonic\n|t:|1781448710\n|gametype|singles\n|player|p1|seijetechi|2|1950\n|player|p2|Gin X Tonic|artist-gen4|1922\n|gen|9\n|tier|[Gen 9] Random Battle\n|rated|\n|rule|Species Clause: Limit one of each Pok\u00e9mon\n|rule|HP Percentage Mod: HP is shown in percentages\n|rule|Sleep Clause Mod: Limit one foe put to sleep\n|rule|Illusion Level Mod: Illusion disguises the Pok\u00e9mon's true level\n|\n|t:|1781448710\n|teamsize|p1|6\n|teamsize|p2|6\n|start\n|switch|p1a: Avalugg|Avalugg, L88, M|310/310\n|switch|p2a: Grimmsnarl|Grimmsnarl, L83, M|293/293\n|turn|1\n|inactive|Battle timer is ON: inactive players will automatically lose when time's up. (requested by Gin X Tonic)\n|\n|t:|1781448725\n|move|p2a: Grimmsnarl|Reflect|p2a: Grimmsnarl\n|-sidestart|p2: Gin X Tonic|Reflect\n|move|p1a: Avalugg|Body Press|p2a: Grimmsnarl\n|-damage|p2a: Grimmsnarl|225/293\n|\n|upkeep\n|turn|2\n|\n|t:|1781448733\n|move|p2a: Grimmsnarl|Light Screen|p2a: Grimmsnarl\n|-sidestart|p2: Gin X Tonic|move: Light Screen\n|move|p1a: Avalugg|Avalanche|p2a: Grimmsnarl\n|-damage|p2a: Grimmsnarl|171/293\n|\n|upkeep\n|turn|3\n|\n|t:|1781448742\n|move|p2a: Grimmsnarl|Parting Shot|p1a: Avalugg\n|-unboost|p1a: Avalugg|atk|1\n|-unboost|p1a: Avalugg|spa|1\n|\n|t:|1781448745\n|switch|p2a: Mismagius|Mismagius, L86, M|243/243|[from] Parting Shot\n|move|p1a: Avalugg|Body Press|p2a: Mismagius\n|-immune|p2a: Mismagius\n|\n|upkeep\n|turn|4\n|\n|t:|1781448755\n|switch|p1a: Brute Bonnet|Brute Bonnet, L80|309/309\n|move|p2a: Mismagius|Nasty Plot|p2a: Mismagius\n|-boost|p2a: Mismagius|spa|2\n|\n|upkeep\n|turn|5\n|inactive|Gin X Tonic has 120 seconds left.\n|\n|t:|1781448797\n|switch|p2a: Dipplin|Dipplin, L88, M|284/284\n|move|p1a: Brute Bonnet|Spore|p2a: Dipplin\n|-immune|p2a: Dipplin\n|\n|upkeep\n|turn|6\n|\n|t:|1781448805\n|-end|p1a: Brute Bonnet|Protosynthesis|[silent]\n|switch|p1a: Avalugg|Avalugg, L88, M|310/310\n|move|p2a: Dipplin|Dragon Pulse|p1a: Avalugg\n|-damage|p1a: Avalugg|169/310\n|\n|upkeep\n|turn|7\n|inactive|Gin X Tonic has 120 seconds left.\n|\n|t:|1781448814\n|move|p2a: Dipplin|Dragon Pulse|p1a: Avalugg\n|-damage|p1a: Avalugg|24/310\n|move|p1a: Avalugg|Avalanche|p2a: Dipplin\n|-supereffective|p2a: Dipplin\n|-damage|p2a: Dipplin|104/284\n|\n|upkeep\n|turn|8\n|\n|t:|1781448824\n|move|p2a: Dipplin|Giga Drain|p1a: Avalugg\n|-damage|p1a: Avalugg|0 fnt\n|-heal|p2a: Dipplin|116/284|[from] drain|[of] p1a: Avalugg\n|faint|p1a: Avalugg\n|\n|-sideend|p2: Gin X Tonic|Reflect\n|upkeep\n|\n|t:|1781448832\n|switch|p1a: Flutter Mane|Flutter Mane, L74|203/203\n|turn|9\n|\n|t:|1781448839\n|switch|p2a: Seviper|Seviper, L93, M|287/287\n|move|p1a: Flutter Mane|Moonblast|p2a: Seviper\n|-resisted|p2a: Seviper\n|-damage|p2a: Seviper|245/287\n|\n|-sideend|p2: Gin X Tonic|move: Light Screen\n|upkeep\n|turn|10\n|\n|t:|1781448854\n|-end|p1a: Flutter Mane|Protosynthesis|[silent]\n|switch|p1a: Floatzel|Floatzel, L86, F|286/286\n|move|p2a: Seviper|Switcheroo|p1a: Floatzel\n|-activate|p2a: Seviper|move: Trick|[of] p1a: Floatzel\n|-item|p1a: Floatzel|Choice Scarf|[from] move: Switcheroo\n|-item|p2a: Seviper|Leftovers|[from] move: Switcheroo\n|\n|-heal|p2a: Seviper|262/287|[from] item: Leftovers\n|upkeep\n|turn|11\n|\n|t:|1781448865\n|switch|p2a: Quaquaval|Quaquaval, L79, F|264/264\n|move|p1a: Floatzel|Wave Crash|p2a: Quaquaval\n|-resisted|p2a: Quaquaval\n|-damage|p2a: Quaquaval|178/264\n|-damage|p1a: Floatzel|258/286|[from] Recoil\n|\n|-heal|p2a: Quaquaval|194/264|[from] item: Leftovers\n|upkeep\n|turn|12\n|\n|t:|1781448875\n|move|p1a: Floatzel|Wave Crash|p2a: Quaquaval\n|-resisted|p2a: Quaquaval\n|-damage|p2a: Quaquaval|113/264\n|-damage|p1a: Floatzel|231/286|[from] Recoil\n|move|p2a: Quaquaval|Aqua Step|p1a: Floatzel\n|-resisted|p1a: Floatzel\n|-damage|p1a: Floatzel|174/286\n|-boost|p2a: Quaquaval|spe|1\n|\n|-heal|p2a: Quaquaval|129/264|[from] item: Leftovers\n|upkeep\n|turn|13\n|\n|t:|1781448886\n|move|p1a: Floatzel|Wave Crash|p2a: Quaquaval\n|-resisted|p2a: Quaquaval\n|-damage|p2a: Quaquaval|51/264\n|-damage|p1a: Floatzel|148/286|[from] Recoil\n|move|p2a: Quaquaval|Roost|p2a: Quaquaval\n|-heal|p2a: Quaquaval|183/264\n|-singleturn|p2a: Quaquaval|move: Roost\n|\n|-heal|p2a: Quaquaval|199/264|[from] item: Leftovers\n|upkeep\n|turn|14\n|\n|t:|1781448897\n|switch|p1a: Flutter Mane|Flutter Mane, L74|203/203\n|move|p2a: Quaquaval|Swords Dance|p2a: Quaquaval\n|-boost|p2a: Quaquaval|atk|2\n|\n|-heal|p2a: Quaquaval|215/264|[from] item: Leftovers\n|upkeep\n|turn|15\n|\n|t:|1781448905\n|-terastallize|p2a: Quaquaval|Steel\n|-terastallize|p1a: Flutter Mane|Fairy\n|move|p2a: Quaquaval|Aqua Step|p1a: Flutter Mane\n|-damage|p1a: Flutter Mane|0 fnt\n|-boost|p2a: Quaquaval|spe|1\n|faint|p1a: Flutter Mane\n|-end|p1a: Flutter Mane|Protosynthesis|[silent]\n|-ability|p2a: Quaquaval|Moxie|boost\n|-boost|p2a: Quaquaval|atk|1\n|\n|-heal|p2a: Quaquaval|231/264|[from] item: Leftovers\n|upkeep\n|-message|seijetechi forfeited.\n|\n|win|Gin X Tonic\n", "inputlog": ">version a8376a258c1d4662feba110a92103f3664a72141\n>start {\"formatid\":\"gen9randombattle\",\"seed\":\"sodium,068de894e79ba5ff66f11bdc5236a0b0\",\"rated\":\"Rated battle\"}\n>player p1 {\"name\":\"seijetechi\",\"avatar\":\"2\",\"rating\":1950,\"seed\":\"sodium,fb485c29d1a19a8f8d89d26b4be053cf\"}\n>player p2 {\"name\":\"Gin X Tonic\",\"avatar\":\"artist-gen4\",\"rating\":1922,\"seed\":\"sodium,95911c5c705f6fa7f8d65714c73af138\"}\n>p1 move bodypress\n>p2 move reflect\n>p1 move avalanche\n>p2 move lightscreen\n>p1 move bodypress\n>p2 move partingshot\n>p2 switch 5\n>p1 switch 6\n>p2 move nastyplot\n>p1 move spore\n>p2 switch 3\n>p1 switch 6\n>p2 move dragonpulse\n>p1 move avalanche\n>p2 move dragonpulse\n>p1 move recover\n>p2 move gigadrain\n>p1 switch 5\n>p1 move moonblast\n>p2 switch 6\n>p1 switch 4\n>p2 move switcheroo\n>p1 move wavecrash\n>p2 switch 2\n>p1 move wavecrash\n>p2 move aquastep\n>p1 move wavecrash\n>p2 move roost\n>p1 switch 4\n>p2 move swordsdance\n>p1 move moonblast terastallize\n>p2 move aquastep terastallize\n>forcelose p1", "uploadtime": 1781448712, "views": 5, "formatid": "gen9randombattle", "rating": null, "private": 0, "password": null}