{"id": "gen9randombattle-2632000104", "format": "[Gen 9] Random Battle", "players": ["Tyyyyyyu", "rossass"], "log": "|j|\u2606Tyyyyyyu\n|j|\u2606rossass\n|t:|1781464497\n|gametype|singles\n|player|p1|Tyyyyyyu|lady-gen4|1383\n|player|p2|rossass|pokemonbreeder-gen4|1382\n|gen|9\n|tier|[Gen 9] Random Battle\n|rated|\n|rule|Species Clause: Limit one of each Pok\u00e9mon\n|rule|HP Percentage Mod: HP is shown in percentages\n|rule|Sleep Clause Mod: Limit one foe put to sleep\n|rule|Illusion Level Mod: Illusion disguises the Pok\u00e9mon's true level\n|\n|t:|1781464497\n|teamsize|p1|6\n|teamsize|p2|6\n|start\n|switch|p1a: Skuntank|Skuntank, L84, M|310/310\n|switch|p2a: Espeon|Espeon, L84, M|246/246\n|turn|1\n|\n|t:|1781464513\n|move|p2a: Espeon|Calm Mind|p2a: Espeon\n|-boost|p2a: Espeon|spa|1\n|-boost|p2a: Espeon|spd|1\n|move|p1a: Skuntank|Knock Off|p2a: Espeon\n|-supereffective|p2a: Espeon\n|-damage|p2a: Espeon|0 fnt\n|-enditem|p2a: Espeon|Life Orb|[from] move: Knock Off|[of] p1a: Skuntank\n|faint|p2a: Espeon\n|-damage|p1a: Skuntank|279/310|[from] item: Life Orb\n|\n|upkeep\n|\n|t:|1781464519\n|switch|p2a: Malamar|Malamar, L82, F|275/275\n|turn|2\n|\n|t:|1781464532\n|move|p1a: Skuntank|Gunk Shot|p2a: Malamar\n|-damage|p2a: Malamar|122/275\n|-damage|p1a: Skuntank|248/310|[from] item: Life Orb\n|move|p2a: Malamar|Superpower|p1a: Skuntank\n|-damage|p1a: Skuntank|162/310\n|-boost|p2a: Malamar|atk|1\n|-boost|p2a: Malamar|def|1\n|\n|-heal|p2a: Malamar|139/275|[from] item: Leftovers\n|upkeep\n|turn|3\n|\n|t:|1781464563\n|move|p1a: Skuntank|Knock Off|p2a: Malamar\n|-crit|p2a: Malamar\n|-damage|p2a: Malamar|0 fnt\n|-enditem|p2a: Malamar|Leftovers|[from] move: Knock Off|[of] p1a: Skuntank\n|faint|p2a: Malamar\n|-damage|p1a: Skuntank|131/310|[from] item: Life Orb\n|\n|upkeep\n|\n|t:|1781464571\n|switch|p2a: Skarmory|Skarmory, L80, M|235/235\n|turn|4\n|\n|t:|1781464576\n|move|p1a: Skuntank|Knock Off|p2a: Skarmory\n|-damage|p2a: Skarmory|140/235\n|-damage|p1a: Skuntank|80/310|[from] item: Rocky Helmet|[of] p2a: Skarmory\n|-enditem|p2a: Skarmory|Rocky Helmet|[from] move: Knock Off|[of] p1a: Skuntank\n|-damage|p1a: Skuntank|49/310|[from] item: Life Orb\n|move|p2a: Skarmory|Spikes|p1a: Skuntank\n|-sidestart|p1: Tyyyyyyu|Spikes\n|\n|upkeep\n|turn|5\n|\n|t:|1781464583\n|move|p1a: Skuntank|Taunt|p2a: Skarmory\n|-start|p2a: Skarmory|move: Taunt\n|cant|p2a: Skarmory|move: Taunt|Roost\n|\n|upkeep\n|turn|6\n|\n|t:|1781464593\n|switch|p1a: Krookodile|Krookodile, L79, F|280/280\n|-damage|p1a: Krookodile|245/280|[from] Spikes\n|-ability|p1a: Krookodile|Intimidate|boost\n|-unboost|p2a: Skarmory|atk|1\n|move|p2a: Skarmory|Body Press|p1a: Krookodile\n|-supereffective|p1a: Krookodile\n|-damage|p1a: Krookodile|95/280\n|\n|-heal|p1a: Krookodile|112/280|[from] item: Leftovers\n|upkeep\n|turn|7\n|\n|t:|1781464608\n|switch|p1a: Skuntank|Skuntank, L84, M|49/310\n|-damage|p1a: Skuntank|11/310|[from] Spikes\n|move|p2a: Skarmory|Body Press|p1a: Skuntank\n|-damage|p1a: Skuntank|0 fnt\n|-damage|p2a: Skarmory|82/235|[from] ability: Aftermath|[of] p1a: Skuntank\n|faint|p1a: Skuntank\n|\n|-end|p2a: Skarmory|move: Taunt\n|upkeep\n|\n|t:|1781464628\n|switch|p1a: Floatzel|Floatzel, L86, M|286/286\n|-damage|p1a: Floatzel|251/286|[from] Spikes\n|turn|8\n|inactive|Battle timer is ON: inactive players will automatically lose when time's up. (requested by Tyyyyyyu)\n|\n|t:|1781464716\n|move|p1a: Floatzel|Wave Crash|p2a: Skarmory\n|-damage|p2a: Skarmory|0 fnt\n|faint|p2a: Skarmory\n|-damage|p1a: Floatzel|224/286|[from] Recoil\n|\n|upkeep\n|\n|t:|1781464724\n|switch|p2a: Flamigo|Flamigo, L82, M|269/269\n|turn|9\n|\n|t:|1781464738\n|switch|p1a: Krookodile|Krookodile, L79, F|112/280\n|-damage|p1a: Krookodile|77/280|[from] Spikes\n|-ability|p1a: Krookodile|Intimidate|boost\n|-fail|p2a: Flamigo|unboost|Attack|[from] ability: Scrappy|[of] p2a: Flamigo\n|move|p2a: Flamigo|Close Combat|p1a: Krookodile\n|-supereffective|p1a: Krookodile\n|-damage|p1a: Krookodile|0 fnt\n|-unboost|p2a: Flamigo|def|1\n|-unboost|p2a: Flamigo|spd|1\n|faint|p1a: Krookodile\n|\n|upkeep\n|\n|t:|1781464742\n|switch|p1a: Articuno|Articuno-Galar, L84|288/288\n|turn|10\n|\n|t:|1781464765\n|switch|p2a: Chien-Pao|Chien-Pao, L72|234/234\n|-ability|p2a: Chien-Pao|Sword of Ruin\n|move|p1a: Articuno|Freezing Glare|p2a: Chien-Pao\n|-immune|p2a: Chien-Pao\n|\n|upkeep\n|turn|11\n|inactive|Tyyyyyyu has 120 seconds left.\n|inactive|Tyyyyyyu has 90 seconds left.\n|\n|t:|1781464816\n|-terastallize|p1a: Articuno|Steel\n|move|p2a: Chien-Pao|Icicle Crash|p1a: Articuno\n|-resisted|p1a: Articuno\n|-damage|p1a: Articuno|203/288\n|move|p1a: Articuno|Hurricane|p2a: Chien-Pao|[miss]\n|-miss|p1a: Articuno|p2a: Chien-Pao\n|\n|upkeep\n|turn|12\n|\n|t:|1781464825\n|switch|p2a: Flamigo|Flamigo, L82, M|269/269\n|move|p1a: Articuno|Hurricane|p2a: Flamigo\n|-supereffective|p2a: Flamigo\n|-damage|p2a: Flamigo|0 fnt\n|faint|p2a: Flamigo\n|\n|upkeep\n|\n|t:|1781464833\n|switch|p2a: Chien-Pao|Chien-Pao, L72|234/234\n|-ability|p2a: Chien-Pao|Sword of Ruin\n|turn|13\n|\n|t:|1781464843\n|move|p2a: Chien-Pao|Sacred Sword|p1a: Articuno\n|-supereffective|p1a: Articuno\n|-damage|p1a: Articuno|0 fnt\n|faint|p1a: Articuno\n|\n|upkeep\n|\n|t:|1781464852\n|switch|p1a: Floatzel|Floatzel, L86, M|224/286\n|-damage|p1a: Floatzel|189/286|[from] Spikes\n|turn|14\n|\n|t:|1781464881\n|move|p1a: Floatzel|Wave Crash|p2a: Chien-Pao\n|-damage|p2a: Chien-Pao|0 fnt\n|faint|p2a: Chien-Pao\n|-damage|p1a: Floatzel|112/286|[from] Recoil\n|\n|upkeep\n|inactive|rossass has 120 seconds left.\n|\n|t:|1781464894\n|switch|p2a: Froslass|Froslass, L87, F|263/263\n|turn|15\n|\n|t:|1781464902\n|move|p1a: Floatzel|Wave Crash|p2a: Froslass\n|-damage|p2a: Froslass|35/263\n|-damage|p1a: Floatzel|37/286|[from] Recoil\n|move|p2a: Froslass|Poltergeist|p1a: Floatzel\n|-activate|p1a: Floatzel|move: Poltergeist|Choice Band\n|-damage|p1a: Floatzel|0 fnt\n|faint|p1a: Floatzel\n|\n|upkeep\n|\n|t:|1781464908\n|switch|p1a: Cloyster|Cloyster, L80, M|211/211\n|-damage|p1a: Cloyster|185/211|[from] Spikes\n|turn|16\n|\n|t:|1781464921\n|move|p2a: Froslass|Poltergeist|p1a: Cloyster\n|-activate|p1a: Cloyster|move: Poltergeist|White Herb\n|-crit|p1a: Cloyster\n|-damage|p1a: Cloyster|86/211\n|move|p1a: Cloyster|Rock Blast|p2a: Froslass\n|-supereffective|p2a: Froslass\n|-damage|p2a: Froslass|0 fnt\n|-start|p1a: Cloyster|Disable|Rock Blast|[from] ability: Cursed Body|[of] p2a: Froslass\n|faint|p2a: Froslass\n|-hitcount|p2: Froslass|1\n|\n|win|Tyyyyyyu\n|raw|Tyyyyyyu's rating: 1383 &rarr; <strong>1403</strong><br />(+20 for winning)\n|raw|rossass's rating: 1382 &rarr; <strong>1362</strong><br />(-20 for losing)\n|l|\u2606rossass\n|player|p2|\n", "uploadtime": 1781464932, "views": 3, "formatid": "gen9randombattle", "rating": 1362, "private": 0, "password": null}