{"id": "gen9randombattle-2631799460", "format": "[Gen 9] Random Battle", "players": ["lcx5294", "yaboobayy"], "log": "|j|\u2606lcx5294\n|j|\u2606yaboobayy\n|t:|1781441416\n|gametype|singles\n|player|p1|lcx5294|101|1569\n|player|p2|yaboobayy|rocketgruntf|1626\n|gen|9\n|tier|[Gen 9] Random Battle\n|rated|\n|rule|Species Clause: Limit one of each Pok\u00e9mon\n|rule|HP Percentage Mod: HP is shown in percentages\n|rule|Sleep Clause Mod: Limit one foe put to sleep\n|rule|Illusion Level Mod: Illusion disguises the Pok\u00e9mon's true level\n|\n|t:|1781441416\n|teamsize|p1|6\n|teamsize|p2|6\n|start\n|switch|p1a: Corviknight|Corviknight, L80, F|288/288\n|switch|p2a: Houndstone|Houndstone, L86, M|264/264\n|-ability|p1a: Corviknight|Pressure\n|turn|1\n|inactive|Battle timer is ON: inactive players will automatically lose when time's up. (requested by lcx5294)\n|inactive|yaboobayy has 120 seconds left.\n|\n|t:|1781441450\n|move|p2a: Houndstone|Poltergeist|p1a: Corviknight\n|-activate|p1a: Corviknight|move: Poltergeist|Rocky Helmet\n|-damage|p1a: Corviknight|173/288\n|move|p1a: Corviknight|Brave Bird|p2a: Houndstone\n|-damage|p2a: Houndstone|217/264\n|-damage|p1a: Corviknight|157/288|[from] Recoil\n|\n|-heal|p2a: Houndstone|233/264|[from] item: Leftovers\n|upkeep\n|turn|2\n|\n|t:|1781441462\n|move|p2a: Houndstone|Poltergeist|p1a: Corviknight\n|-activate|p1a: Corviknight|move: Poltergeist|Rocky Helmet\n|-damage|p1a: Corviknight|46/288\n|move|p1a: Corviknight|Roost|p1a: Corviknight\n|-heal|p1a: Corviknight|190/288\n|-singleturn|p1a: Corviknight|move: Roost\n|\n|-heal|p2a: Houndstone|249/264|[from] item: Leftovers\n|upkeep\n|turn|3\n|\n|t:|1781441474\n|move|p2a: Houndstone|Poltergeist|p1a: Corviknight\n|-activate|p1a: Corviknight|move: Poltergeist|Rocky Helmet\n|-damage|p1a: Corviknight|78/288\n|move|p1a: Corviknight|Roost|p1a: Corviknight\n|-heal|p1a: Corviknight|222/288\n|-singleturn|p1a: Corviknight|move: Roost\n|\n|-heal|p2a: Houndstone|264/264|[from] item: Leftovers\n|upkeep\n|turn|4\n|\n|t:|1781441485\n|move|p2a: Houndstone|Poltergeist|p1a: Corviknight\n|-activate|p1a: Corviknight|move: Poltergeist|Rocky Helmet\n|-damage|p1a: Corviknight|105/288\n|move|p1a: Corviknight|Roost|p1a: Corviknight\n|-heal|p1a: Corviknight|249/288\n|-singleturn|p1a: Corviknight|move: Roost\n|\n|upkeep\n|turn|5\n|\n|t:|1781441502\n|switch|p1a: Incineroar|Incineroar, L82, M|290/290\n|-ability|p1a: Incineroar|Intimidate|boost\n|-unboost|p2a: Houndstone|atk|1\n|move|p2a: Houndstone|Body Press|p1a: Incineroar\n|-supereffective|p1a: Incineroar\n|-crit|p1a: Incineroar\n|-damage|p1a: Incineroar|106/290\n|\n|upkeep\n|turn|6\n|\n|t:|1781441513\n|move|p2a: Houndstone|Body Press|p1a: Incineroar\n|-supereffective|p1a: Incineroar\n|-damage|p1a: Incineroar|0 fnt\n|faint|p1a: Incineroar\n|\n|upkeep\n|inactive|lcx5294 has 120 seconds left.\n|\n|t:|1781441533\n|switch|p1a: Vikavolt|Vikavolt, L83, M|263/263\n|turn|7\n|\n|t:|1781441542\n|switch|p2a: Great Tusk|Great Tusk, L77|304/304\n|move|p1a: Vikavolt|Sticky Web|p2a: Great Tusk\n|-sidestart|p2: yaboobayy|move: Sticky Web\n|\n|upkeep\n|turn|8\n|\n|t:|1781441565\n|switch|p1a: Corviknight|Corviknight, L80, F|249/288\n|-ability|p1a: Corviknight|Pressure\n|move|p2a: Great Tusk|Bulk Up|p2a: Great Tusk\n|-boost|p2a: Great Tusk|atk|1\n|-boost|p2a: Great Tusk|def|1\n|\n|upkeep\n|turn|9\n|\n|t:|1781441581\n|move|p2a: Great Tusk|Stone Edge|p1a: Corviknight\n|-damage|p1a: Corviknight|141/288\n|move|p1a: Corviknight|Brave Bird|p2a: Great Tusk\n|-supereffective|p2a: Great Tusk\n|-damage|p2a: Great Tusk|196/304\n|-damage|p1a: Corviknight|105/288|[from] Recoil\n|\n|-heal|p2a: Great Tusk|215/304|[from] item: Leftovers\n|upkeep\n|turn|10\n|\n|t:|1781441595\n|move|p2a: Great Tusk|Close Combat|p1a: Corviknight\n|-damage|p1a: Corviknight|0 fnt\n|-unboost|p2a: Great Tusk|def|1\n|-unboost|p2a: Great Tusk|spd|1\n|-damage|p2a: Great Tusk|165/304|[from] item: Rocky Helmet|[of] p1a: Corviknight\n|faint|p1a: Corviknight\n|\n|-heal|p2a: Great Tusk|184/304|[from] item: Leftovers\n|upkeep\n|inactive|lcx5294 has 120 seconds left.\n|\n|t:|1781441616\n|switch|p1a: Volcanion|Volcanion, L79|256/256\n|turn|11\n|\n|t:|1781441628\n|move|p2a: Great Tusk|Earthquake|p1a: Volcanion\n|-supereffective|p1a: Volcanion\n|-damage|p1a: Volcanion|0 fnt\n|faint|p1a: Volcanion\n|\n|-heal|p2a: Great Tusk|203/304|[from] item: Leftovers\n|upkeep\n|inactive|lcx5294 has 120 seconds left.\n|\n|t:|1781441639\n|switch|p1a: Clefable|Clefable, L83, M|293/293\n|turn|12\n|inactive|lcx5294 has 120 seconds left.\n|\n|t:|1781441656\n|-end|p2a: Great Tusk|Protosynthesis|[silent]\n|switch|p2a: Volcarona|Volcarona, L77, F|257/257\n|move|p1a: Clefable|Moonblast|p2a: Volcarona\n|-resisted|p2a: Volcarona\n|-damage|p2a: Volcarona|210/257\n|\n|upkeep\n|turn|13\n|\n|t:|1781441663\n|move|p2a: Volcarona|Quiver Dance|p2a: Volcarona\n|-boost|p2a: Volcarona|spa|1\n|-boost|p2a: Volcarona|spd|1\n|-boost|p2a: Volcarona|spe|1\n|move|p1a: Clefable|Thunder Wave|p2a: Volcarona\n|-status|p2a: Volcarona|par\n|\n|upkeep\n|turn|14\n|\n|t:|1781441674\n|cant|p2a: Volcarona|par\n|move|p1a: Clefable|Stealth Rock|p2a: Volcarona\n|-sidestart|p2: yaboobayy|move: Stealth Rock\n|\n|upkeep\n|turn|15\n|\n|t:|1781441682\n|switch|p1a: Chansey|Chansey, L85, F|564/564\n|move|p2a: Volcarona|Fiery Dance|p1a: Chansey\n|-damage|p1a: Chansey|489/564\n|\n|upkeep\n|turn|16\n|\n|t:|1781441704\n|switch|p2a: Houndstone|Houndstone, L86, M|264/264\n|-activate|p2a: Houndstone|move: Sticky Web\n|-unboost|p2a: Houndstone|spe|1\n|-damage|p2a: Houndstone|231/264|[from] Stealth Rock\n|move|p1a: Chansey|Seismic Toss|p2a: Houndstone\n|-immune|p2a: Houndstone\n|\n|-heal|p2a: Houndstone|247/264|[from] item: Leftovers\n|upkeep\n|turn|17\n|\n|t:|1781441720\n|switch|p1a: Clefable|Clefable, L83, M|293/293\n|move|p2a: Houndstone|Body Press|p1a: Clefable\n|-resisted|p1a: Clefable\n|-damage|p1a: Clefable|257/293\n|\n|-heal|p1a: Clefable|275/293|[from] item: Leftovers\n|-heal|p2a: Houndstone|263/264|[from] item: Leftovers\n|upkeep\n|turn|18\n|\n|t:|1781441736\n|switch|p2a: Volcarona|Volcarona, L77, F|210/257 par\n|move|p1a: Clefable|Thunder Wave|p2a: Volcarona\n|-fail|p2a: Volcarona|par\n|\n|-heal|p1a: Clefable|293/293|[from] item: Leftovers\n|upkeep\n|turn|19\n|\n|t:|1781441749\n|switch|p1a: Chansey|Chansey, L85, F|489/564\n|cant|p2a: Volcarona|par\n|\n|upkeep\n|turn|20\n|\n|t:|1781441760\n|switch|p2a: Houndstone|Houndstone, L86, M|263/264\n|-activate|p2a: Houndstone|move: Sticky Web\n|-unboost|p2a: Houndstone|spe|1\n|-damage|p2a: Houndstone|230/264|[from] Stealth Rock\n|move|p1a: Chansey|Thunder Wave|p2a: Houndstone\n|-status|p2a: Houndstone|par\n|\n|-heal|p2a: Houndstone|246/264 par|[from] item: Leftovers\n|upkeep\n|turn|21\n|\n|t:|1781441772\n|switch|p1a: Clefable|Clefable, L83, M|293/293\n|move|p2a: Houndstone|Rest|p2a: Houndstone\n|-status|p2a: Houndstone|slp|[from] move: Rest\n|-heal|p2a: Houndstone|264/264 slp|[silent]\n|\n|upkeep\n|turn|22\n|\n|t:|1781441783\n|move|p1a: Clefable|Moonblast|p2a: Houndstone\n|-damage|p2a: Houndstone|170/264 slp\n|cant|p2a: Houndstone|slp\n|\n|-heal|p2a: Houndstone|186/264 slp|[from] item: Leftovers\n|upkeep\n|turn|23\n|\n|t:|1781441791\n|move|p1a: Clefable|Moonblast|p2a: Houndstone\n|-damage|p2a: Houndstone|95/264 slp\n|cant|p2a: Houndstone|slp\n|move|p2a: Houndstone|Sleep Talk|p2a: Houndstone\n|move|p2a: Houndstone|Poltergeist|p1a: Clefable|[from] move: Sleep Talk\n|-activate|p1a: Clefable|move: Poltergeist|Leftovers\n|-damage|p1a: Clefable|139/293\n|\n|-heal|p1a: Clefable|157/293|[from] item: Leftovers\n|-heal|p2a: Houndstone|111/264 slp|[from] item: Leftovers\n|upkeep\n|turn|24\n|\n|t:|1781441806\n|move|p1a: Clefable|Moonblast|p2a: Houndstone\n|-damage|p2a: Houndstone|20/264 slp\n|-unboost|p2a: Houndstone|spa|1\n|-curestatus|p2a: Houndstone|slp|[msg]\n|move|p2a: Houndstone|Rest|p2a: Houndstone\n|-status|p2a: Houndstone|slp|[from] move: Rest\n|-heal|p2a: Houndstone|264/264 slp|[silent]\n|\n|-heal|p1a: Clefable|175/293|[from] item: Leftovers\n|upkeep\n|turn|25\n|\n|t:|1781441818\n|move|p1a: Clefable|Moonblast|p2a: Houndstone\n|-damage|p2a: Houndstone|176/264 slp\n|cant|p2a: Houndstone|slp\n|move|p2a: Houndstone|Sleep Talk|p2a: Houndstone\n|move|p2a: Houndstone|Poltergeist|p1a: Clefable|[from] move: Sleep Talk\n|-activate|p1a: Clefable|move: Poltergeist|Leftovers\n|-damage|p1a: Clefable|40/293\n|\n|-heal|p1a: Clefable|58/293|[from] item: Leftovers\n|-heal|p2a: Houndstone|192/264 slp|[from] item: Leftovers\n|upkeep\n|turn|26\n|\n|t:|1781441832\n|move|p1a: Clefable|Moonlight|p1a: Clefable\n|-heal|p1a: Clefable|204/293\n|cant|p2a: Houndstone|slp\n|move|p2a: Houndstone|Sleep Talk|p2a: Houndstone\n|move|p2a: Houndstone|Rest||[from] move: Sleep Talk|[still]\n|-fail|p2a: Houndstone\n|\n|-heal|p1a: Clefable|222/293|[from] item: Leftovers\n|-heal|p2a: Houndstone|208/264 slp|[from] item: Leftovers\n|upkeep\n|turn|27\n|inactive|yaboobayy has 120 seconds left.\n|\n|t:|1781441863\n|move|p1a: Clefable|Moonblast|p2a: Houndstone\n|-damage|p2a: Houndstone|114/264 slp\n|-curestatus|p2a: Houndstone|slp|[msg]\n|move|p2a: Houndstone|Rest|p2a: Houndstone\n|-status|p2a: Houndstone|slp|[from] move: Rest\n|-heal|p2a: Houndstone|264/264 slp|[silent]\n|\n|-heal|p1a: Clefable|240/293|[from] item: Leftovers\n|upkeep\n|turn|28\n|\n|t:|1781441876\n|move|p1a: Clefable|Moonblast|p2a: Houndstone\n|-damage|p2a: Houndstone|171/264 slp\n|cant|p2a: Houndstone|slp\n|move|p2a: Houndstone|Sleep Talk|p2a: Houndstone\n|move|p2a: Houndstone|Poltergeist|p1a: Clefable|[from] move: Sleep Talk\n|-activate|p1a: Clefable|move: Poltergeist|Leftovers\n|-damage|p1a: Clefable|105/293\n|\n|-heal|p1a: Clefable|123/293|[from] item: Leftovers\n|-heal|p2a: Houndstone|187/264 slp|[from] item: Leftovers\n|upkeep\n|turn|29\n|\n|t:|1781441891\n|move|p1a: Clefable|Moonlight|p1a: Clefable\n|-heal|p1a: Clefable|269/293\n|cant|p2a: Houndstone|slp\n|move|p2a: Houndstone|Sleep Talk|p2a: Houndstone\n|move|p2a: Houndstone|Body Press|p1a: Clefable|[from] move: Sleep Talk\n|-resisted|p1a: Clefable\n|-damage|p1a: Clefable|236/293\n|\n|-heal|p1a: Clefable|254/293|[from] item: Leftovers\n|-heal|p2a: Houndstone|203/264 slp|[from] item: Leftovers\n|upkeep\n|turn|30\n|\n|t:|1781441904\n|move|p1a: Clefable|Moonblast|p2a: Houndstone\n|-damage|p2a: Houndstone|119/264 slp\n|-curestatus|p2a: Houndstone|slp|[msg]\n|move|p2a: Houndstone|Rest|p2a: Houndstone\n|-status|p2a: Houndstone|slp|[from] move: Rest\n|-heal|p2a: Houndstone|264/264 slp|[silent]\n|\n|-heal|p1a: Clefable|272/293|[from] item: Leftovers\n|upkeep\n|turn|31\n|\n|t:|1781441916\n|switch|p1a: Vikavolt|Vikavolt, L83, M|263/263\n|cant|p2a: Houndstone|slp\n|move|p2a: Houndstone|Sleep Talk|p2a: Houndstone\n|move|p2a: Houndstone|Rest||[from] move: Sleep Talk|[still]\n|-fail|p2a: Houndstone\n|\n|upkeep\n|turn|32\n|\n|t:|1781441929\n|move|p1a: Vikavolt|Thunderbolt|p2a: Houndstone\n|-damage|p2a: Houndstone|155/264 slp\n|cant|p2a: Houndstone|slp\n|move|p2a: Houndstone|Sleep Talk|p2a: Houndstone\n|move|p2a: Houndstone|Body Press|p1a: Vikavolt|[from] move: Sleep Talk\n|-resisted|p1a: Vikavolt\n|-damage|p1a: Vikavolt|233/263\n|\n|-heal|p2a: Houndstone|171/264 slp|[from] item: Leftovers\n|upkeep\n|turn|33\n|\n|t:|1781441941\n|switch|p2a: Great Tusk|Great Tusk, L77|203/304\n|-activate|p2a: Great Tusk|move: Sticky Web\n|-unboost|p2a: Great Tusk|spe|1\n|-damage|p2a: Great Tusk|194/304|[from] Stealth Rock\n|move|p1a: Vikavolt|Thunderbolt|p2a: Great Tusk\n|-immune|p2a: Great Tusk\n|\n|-heal|p2a: Great Tusk|213/304|[from] item: Leftovers\n|upkeep\n|turn|34\n|\n|t:|1781441954\n|move|p1a: Vikavolt|Bug Buzz|p2a: Great Tusk\n|-resisted|p2a: Great Tusk\n|-damage|p2a: Great Tusk|104/304\n|-unboost|p2a: Great Tusk|spd|1\n|move|p2a: Great Tusk|Stone Edge|p1a: Vikavolt\n|-supereffective|p1a: Vikavolt\n|-crit|p1a: Vikavolt\n|-damage|p1a: Vikavolt|0 fnt\n|faint|p1a: Vikavolt\n|\n|-heal|p2a: Great Tusk|123/304|[from] item: Leftovers\n|upkeep\n|\n|t:|1781441967\n|switch|p1a: Clefable|Clefable, L83, M|272/293\n|turn|35\n|\n|t:|1781441973\n|move|p1a: Clefable|Moonblast|p2a: Great Tusk\n|-supereffective|p2a: Great Tusk\n|-damage|p2a: Great Tusk|0 fnt\n|faint|p2a: Great Tusk\n|-end|p2a: Great Tusk|Protosynthesis|[silent]\n|\n|-heal|p1a: Clefable|290/293|[from] item: Leftovers\n|upkeep\n|\n|t:|1781441976\n|switch|p2a: Haxorus|Haxorus, L77, F|244/244\n|-activate|p2a: Haxorus|move: Sticky Web\n|-unboost|p2a: Haxorus|spe|1\n|-damage|p2a: Haxorus|214/244|[from] Stealth Rock\n|-ability|p2a: Haxorus|Mold Breaker\n|turn|36\n|\n|t:|1781441991\n|-terastallize|p2a: Haxorus|Steel\n|move|p1a: Clefable|Thunder Wave|p2a: Haxorus\n|-status|p2a: Haxorus|par\n|-enditem|p2a: Haxorus|Lum Berry|[eat]\n|-curestatus|p2a: Haxorus|par|[msg]\n|move|p2a: Haxorus|Iron Head|p1a: Clefable\n|-supereffective|p1a: Clefable\n|-damage|p1a: Clefable|60/293\n|\n|-heal|p1a: Clefable|78/293|[from] item: Leftovers\n|upkeep\n|turn|37\n|\n|t:|1781442010\n|-terastallize|p1a: Clefable|Poison\n|move|p1a: Clefable|Moonlight|p1a: Clefable\n|-heal|p1a: Clefable|224/293\n|move|p2a: Haxorus|Iron Head|p1a: Clefable\n|-damage|p1a: Clefable|116/293\n|\n|-heal|p1a: Clefable|134/293|[from] item: Leftovers\n|upkeep\n|turn|38\n|\n|t:|1781442021\n|move|p1a: Clefable|Thunder Wave|p2a: Haxorus\n|-status|p2a: Haxorus|par\n|move|p2a: Haxorus|Dragon Dance|p2a: Haxorus\n|-boost|p2a: Haxorus|atk|1\n|-boost|p2a: Haxorus|spe|1\n|\n|-heal|p1a: Clefable|152/293|[from] item: Leftovers\n|upkeep\n|turn|39\n|\n|t:|1781442031\n|move|p1a: Clefable|Moonlight|p1a: Clefable\n|-heal|p1a: Clefable|293/293\n|cant|p2a: Haxorus|par\n|\n|upkeep\n|turn|40\n|\n|t:|1781442037\n|move|p1a: Clefable|Moonblast|p2a: Haxorus\n|-resisted|p2a: Haxorus\n|-damage|p2a: Haxorus|151/244 par\n|move|p2a: Haxorus|Dragon Dance|p2a: Haxorus\n|-boost|p2a: Haxorus|atk|1\n|-boost|p2a: Haxorus|spe|1\n|\n|upkeep\n|turn|41\n|\n|t:|1781442045\n|move|p1a: Clefable|Moonblast|p2a: Haxorus\n|-resisted|p2a: Haxorus\n|-damage|p2a: Haxorus|87/244 par\n|-unboost|p2a: Haxorus|spa|1\n|cant|p2a: Haxorus|par\n|\n|upkeep\n|turn|42\n|\n|t:|1781442052\n|move|p1a: Clefable|Moonblast|p2a: Haxorus\n|-resisted|p2a: Haxorus\n|-damage|p2a: Haxorus|29/244 par\n|move|p2a: Haxorus|Earthquake|p1a: Clefable\n|-supereffective|p1a: Clefable\n|-damage|p1a: Clefable|0 fnt\n|faint|p1a: Clefable\n|\n|upkeep\n|\n|t:|1781442061\n|switch|p1a: Chansey|Chansey, L85, F|489/564\n|turn|43\n|\n|t:|1781442067\n|move|p2a: Haxorus|Outrage|p1a: Chansey\n|-damage|p1a: Chansey|0 fnt\n|faint|p1a: Chansey\n|\n|win|yaboobayy\n|raw|lcx5294's rating: 1569 &rarr; <strong>1552</strong><br />(-17 for losing)\n|raw|yaboobayy's rating: 1626 &rarr; <strong>1643</strong><br />(+17 for winning)\n|l|\u2606lcx5294\n|player|p1|\n", "inputlog": ">version a8376a258c1d4662feba110a92103f3664a72141\n>start {\"formatid\":\"gen9randombattle\",\"seed\":\"sodium,f3f7cb7898e7bae94e4d7a99b8a17e02\",\"rated\":\"Rated battle\"}\n>player p1 {\"name\":\"lcx5294\",\"avatar\":\"101\",\"rating\":1569,\"seed\":\"sodium,0a0196c1fd3b31edbf3be52b26e755fc\"}\n>player p2 {\"name\":\"yaboobayy\",\"avatar\":\"rocketgruntf\",\"rating\":1626,\"seed\":\"sodium,57f313aac5363b091ac13323023829c3\"}\n>p1 move bravebird\n>p2 move poltergeist\n>p1 move roost\n>p2 move poltergeist\n>p1 move roost\n>p2 move poltergeist\n>p1 move roost\n>p2 move poltergeist\n>p1 switch 2\n>p2 move bodypress\n>p1 move knockoff\n>p2 move bodypress\n>p1 switch 6\n>p1 move stickyweb\n>p2 switch 4\n>p1 switch 2\n>p2 move bulkup\n>p1 move bravebird\n>p2 move stoneedge\n>p1 move roost\n>p2 move closecombat\n>p1 switch 5\n>p1 move steameruption\n>p2 move earthquake\n>p1 switch 3\n>p1 move moonblast\n>p2 switch 2\n>p1 move thunderwave\n>p2 move quiverdance\n>p1 move stealthrock\n>p2 move fierydance\n>p1 switch 4\n>p2 move fierydance\n>p1 move seismictoss\n>p2 switch 4\n>p1 switch 4\n>p2 move bodypress\n>p1 move thunderwave\n>p2 switch 4\n>p1 switch 4\n>p2 move fierydance\n>p1 move thunderwave\n>p2 switch 4\n>p1 switch 4\n>p2 move rest\n>p1 move moonblast\n>p2 move bodypress\n>p1 move moonblast\n>p2 move sleeptalk\n>p1 move moonblast\n>p2 move rest\n>p1 move moonblast\n>p2 move sleeptalk\n>p1 move moonlight\n>p2 move sleeptalk\n>p1 move moonblast\n>p2 move rest\n>p1 move moonblast\n>p2 move sleeptalk\n>p1 move moonlight\n>p2 move sleeptalk\n>p1 move moonblast\n>p2 move rest\n>p1 switch 2\n>p2 move sleeptalk\n>p1 move thunderbolt\n>p2 move sleeptalk\n>p1 move thunderbolt\n>p2 switch 2\n>p1 move bugbuzz\n>p2 move stoneedge\n>p1 switch 2\n>p1 move moonblast\n>p2 move earthquake\n>p2 switch 3\n>p1 move thunderwave\n>p2 move ironhead terastallize\n>p1 move moonlight terastallize\n>p2 move ironhead\n>p1 move thunderwave\n>p2 move dragondance\n>p1 move moonlight\n>p2 move earthquake\n>p1 move moonblast\n>p2 move dragondance\n>p1 move moonblast\n>p2 move earthquake\n>p1 move moonblast\n>p2 move earthquake\n>p1 switch 4\n>p1 move seismictoss\n>p2 move outrage", "uploadtime": 1781442076, "views": 5, "formatid": "gen9randombattle", "rating": 1552, "private": 0, "password": null, "player_dets": [{"name": "lcx5294", "avatar": "101", "rating": 1569, "seed": "sodium,0a0196c1fd3b31edbf3be52b26e755fc"}, {"name": "yaboobayy", "avatar": "rocketgruntf", "rating": 1626, "seed": "sodium,57f313aac5363b091ac13323023829c3"}], "teams_full": [{"Corviknight": {"name": "Corviknight", "species": "Corviknight", "speciesId": "corviknight", "gender": "F", "shiny": false, "level": 80, "moves": ["roost", "bravebird", "bodypress", "defog"], "ability": "Pressure", "evs": {"hp": 85, "atk": 85, "def": 85, "spa": 85, "spd": 85, "spe": 85}, "ivs": {"hp": 31, "atk": 31, "def": 31, "spa": 31, "spd": 31, "spe": 31}, "item": "Rocky Helmet", "teraType": "Dragon", "role": "Bulky Support", "bvs": {"hp": 98, "atk": 87, "def": 105, "spa": 53, "spd": 85, "spe": 67}, "stats": {"hp": 288, "atk": 185, "def": 214, "spa": 131, "spd": 182, "spe": 153}, "types": ["Flying", "Steel"]}, "Incineroar": {"name": "Incineroar", "species": "Incineroar", "speciesId": "incineroar", "gender": "M", "shiny": false, "level": 82, "moves": ["trailblaze", "flareblitz", "knockoff", "swordsdance"], "ability": "Intimidate", "evs": {"hp": 85, "atk": 85, "def": 85, "spa": 85, "spd": 85, "spe": 85}, "ivs": {"hp": 31, "atk": 31, "def": 31, "spa": 31, "spd": 31, "spe": 31}, "item": "Heavy-Duty Boots", "teraType": "Grass", "role": "Setup Sweeper", "bvs": {"hp": 95, "atk": 115, "def": 90, "spa": 80, "spd": 90, "spe": 60}, "stats": {"hp": 290, "atk": 236, "def": 195, "spa": 178, "spd": 195, "spe": 146}, "types": ["Fire", "Dark"]}, "Clefable": {"name": "Clefable", "species": "Clefable", "speciesId": "clefable", "gender": "M", "shiny": false, "level": 83, "moves": ["moonblast", "thunderwave", "moonlight", "stealthrock"], "ability": "Unaware", "evs": {"hp": 85, "atk": 0, "def": 85, "spa": 85, "spd": 85, "spe": 85}, "ivs": {"hp": 31, "atk": 0, "def": 31, "spa": 31, "spd": 31, "spe": 31}, "item": "Leftovers", "teraType": "Poison", "role": "Bulky Support", "bvs": {"hp": 95, "atk": 70, "def": 73, "spa": 95, "spd": 90, "spe": 60}, "stats": {"hp": 293, "atk": 121, "def": 169, "spa": 205, "spd": 197, "spe": 147}, "types": ["Fairy"]}, "Chansey": {"name": "Chansey", "species": "Chansey", "speciesId": "chansey", "gender": "F", "shiny": false, "level": 85, "moves": ["healbell", "thunderwave", "softboiled", "seismictoss"], "ability": "Natural Cure", "evs": {"hp": 85, "atk": 0, "def": 85, "spa": 85, "spd": 85, "spe": 85}, "ivs": {"hp": 31, "atk": 0, "def": 31, "spa": 31, "spd": 31, "spe": 31}, "item": "Eviolite", "teraType": "Fairy", "role": "Bulky Support", "bvs": {"hp": 250, "atk": 5, "def": 5, "spa": 35, "spd": 105, "spe": 50}, "stats": {"hp": 564, "atk": 13, "def": 57, "spa": 108, "spd": 227, "spe": 134}, "types": ["Normal"]}, "Volcanion": {"name": "Volcanion", "species": "Volcanion", "speciesId": "volcanion", "gender": "N", "shiny": false, "level": 79, "moves": ["earthpower", "steameruption", "flamethrower", "haze"], "ability": "Water Absorb", "evs": {"hp": 85, "atk": 0, "def": 85, "spa": 85, "spd": 85, "spe": 85}, "ivs": {"hp": 31, "atk": 0, "def": 31, "spa": 31, "spd": 31, "spe": 31}, "item": "Heavy-Duty Boots", "teraType": "Water", "role": "Bulky Attacker", "bvs": {"hp": 80, "atk": 110, "def": 120, "spa": 130, "spd": 90, "spe": 70}, "stats": {"hp": 256, "atk": 178, "def": 235, "spa": 251, "spd": 188, "spe": 156}, "types": ["Fire", "Water"]}, "Vikavolt": {"name": "Vikavolt", "species": "Vikavolt", "speciesId": "vikavolt", "gender": "M", "shiny": false, "level": 83, "moves": ["thunderbolt", "voltswitch", "bugbuzz", "stickyweb"], "ability": "Levitate", "evs": {"hp": 85, "atk": 0, "def": 85, "spa": 85, "spd": 85, "spe": 85}, "ivs": {"hp": 31, "atk": 0, "def": 31, "spa": 31, "spd": 31, "spe": 31}, "item": "Heavy-Duty Boots", "teraType": "Electric", "role": "Bulky Support", "bvs": {"hp": 77, "atk": 70, "def": 90, "spa": 145, "spd": 75, "spe": 43}, "stats": {"hp": 263, "atk": 121, "def": 197, "spa": 288, "spd": 172, "spe": 119}, "types": ["Bug", "Electric"]}}, {"Houndstone": {"name": "Houndstone", "species": "Houndstone", "speciesId": "houndstone", "gender": "M", "shiny": false, "level": 86, "moves": ["poltergeist", "bodypress", "rest", "sleeptalk"], "ability": "Fluffy", "evs": {"hp": 85, "atk": 85, "def": 85, "spa": 85, "spd": 85, "spe": 85}, "ivs": {"hp": 31, "atk": 31, "def": 31, "spa": 31, "spd": 31, "spe": 31}, "item": "Leftovers", "teraType": "Fighting", "role": "Bulky Support", "bvs": {"hp": 72, "atk": 101, "def": 100, "spa": 50, "spd": 97, "spe": 68}, "stats": {"hp": 264, "atk": 223, "def": 221, "spa": 135, "spd": 216, "spe": 166}, "types": ["Ghost"]}, "Volcarona": {"name": "Volcarona", "species": "Volcarona", "speciesId": "volcarona", "gender": "F", "shiny": false, "level": 77, "moves": ["fierydance", "quiverdance", "gigadrain", "terablast"], "ability": "Flame Body", "evs": {"hp": 85, "atk": 0, "def": 85, "spa": 85, "spd": 85, "spe": 85}, "ivs": {"hp": 31, "atk": 0, "def": 31, "spa": 31, "spd": 31, "spe": 31}, "item": "Heavy-Duty Boots", "teraType": "Ground", "role": "Tera Blast user", "bvs": {"hp": 85, "atk": 60, "def": 65, "spa": 135, "spd": 105, "spe": 100}, "stats": {"hp": 257, "atk": 97, "def": 145, "spa": 252, "spd": 206, "spe": 199}, "types": ["Bug", "Fire"]}, "Haxorus": {"name": "Haxorus", "species": "Haxorus", "speciesId": "haxorus", "gender": "F", "shiny": false, "level": 77, "moves": ["ironhead", "dragondance", "earthquake", "outrage"], "ability": "Mold Breaker", "evs": {"hp": 85, "atk": 85, "def": 85, "spa": 85, "spd": 85, "spe": 85}, "ivs": {"hp": 31, "atk": 31, "def": 31, "spa": 31, "spd": 31, "spe": 31}, "item": "Lum Berry", "teraType": "Steel", "role": "Setup Sweeper", "bvs": {"hp": 76, "atk": 147, "def": 90, "spa": 60, "spd": 70, "spe": 97}, "stats": {"hp": 244, "atk": 271, "def": 183, "spa": 137, "spd": 152, "spe": 194}, "types": ["Dragon"]}, "Great Tusk": {"name": "Great Tusk", "species": "Great Tusk", "speciesId": "greattusk", "gender": "N", "shiny": false, "level": 77, "moves": ["stoneedge", "earthquake", "closecombat", "bulkup"], "ability": "Protosynthesis", "evs": {"hp": 85, "atk": 85, "def": 85, "spa": 85, "spd": 85, "spe": 85}, "ivs": {"hp": 31, "atk": 31, "def": 31, "spa": 31, "spd": 31, "spe": 31}, "item": "Leftovers", "teraType": "Steel", "role": "Bulky Setup", "bvs": {"hp": 115, "atk": 131, "def": 131, "spa": 53, "spd": 53, "spe": 87}, "stats": {"hp": 304, "atk": 246, "def": 246, "spa": 126, "spd": 126, "spe": 179}, "types": ["Ground", "Fighting"]}, "Zapdos": {"name": "Zapdos", "species": "Zapdos-Galar", "speciesId": "zapdosgalar", "gender": "N", "shiny": false, "level": 77, "moves": ["closecombat", "knockoff", "bravebird", "uturn"], "ability": "Defiant", "evs": {"hp": 85, "atk": 85, "def": 85, "spa": 85, "spd": 85, "spe": 85}, "ivs": {"hp": 31, "atk": 31, "def": 31, "spa": 31, "spd": 31, "spe": 31}, "item": "Choice Scarf", "teraType": "Steel", "role": "Fast Attacker", "bvs": {"hp": 90, "atk": 125, "def": 90, "spa": 85, "spd": 90, "spe": 100}, "stats": {"hp": 265, "atk": 237, "def": 183, "spa": 175, "spd": 183, "spe": 199}, "types": ["Fighting", "Flying"]}, "Basculegion": {"name": "Basculegion", "species": "Basculegion-F", "speciesId": "basculegionf", "gender": "F", "shiny": false, "level": 83, "moves": ["hydropump", "icebeam", "flipturn", "shadowball"], "ability": "Adaptability", "evs": {"hp": 85, "atk": 85, "def": 85, "spa": 85, "spd": 85, "spe": 85}, "ivs": {"hp": 31, "atk": 31, "def": 31, "spa": 31, "spd": 31, "spe": 31}, "item": "Choice Specs", "teraType": "Water", "role": "Wallbreaker", "bvs": {"hp": 120, "atk": 92, "def": 65, "spa": 100, "spd": 75, "spe": 78}, "stats": {"hp": 335, "atk": 200, "def": 156, "spa": 214, "spd": 172, "spe": 177}, "types": ["Water", "Ghost"]}}]}