{"id": "gen9randombattle-2631977807", "format": "[Gen 9] Random Battle", "players": ["Rngsavethee", "Kowalski020"], "log": "|j|\u2606Rngsavethee\n|j|\u2606Kowalski020\n|t:|1781462040\n|gametype|singles\n|player|p1|Rngsavethee|silver|1442\n|player|p2|Kowalski020|roark|1482\n|gen|9\n|tier|[Gen 9] Random Battle\n|rated|\n|rule|Species Clause: Limit one of each Pok\u00e9mon\n|rule|HP Percentage Mod: HP is shown in percentages\n|rule|Sleep Clause Mod: Limit one foe put to sleep\n|rule|Illusion Level Mod: Illusion disguises the Pok\u00e9mon's true level\n|\n|t:|1781462040\n|teamsize|p1|6\n|teamsize|p2|6\n|start\n|switch|p1a: Jolteon|Jolteon, L84, F|246/246\n|switch|p2a: Venomoth|Venomoth, L84, F|255/255\n|turn|1\n|\n|t:|1781462055\n|move|p1a: Jolteon|Thunderbolt|p2a: Venomoth\n|-damage|p2a: Venomoth|146/255\n|move|p2a: Venomoth|Sleep Powder|p1a: Jolteon\n|-status|p1a: Jolteon|slp|[from] move: Sleep Powder\n|\n|upkeep\n|turn|2\n|\n|t:|1781462062\n|switch|p1a: Whimsicott|Whimsicott, L84, M|238/238\n|move|p2a: Venomoth|Quiver Dance|p2a: Venomoth\n|-boost|p2a: Venomoth|spa|1\n|-boost|p2a: Venomoth|spd|1\n|-boost|p2a: Venomoth|spe|1\n|\n|upkeep\n|turn|3\n|\n|t:|1781462066\n|move|p1a: Whimsicott|Encore|p2a: Venomoth\n|-start|p2a: Venomoth|Encore\n|move|p2a: Venomoth|Quiver Dance|p2a: Venomoth\n|-boost|p2a: Venomoth|spa|1\n|-boost|p2a: Venomoth|spd|1\n|-boost|p2a: Venomoth|spe|1\n|\n|upkeep\n|turn|4\n|inactive|Battle timer is ON: inactive players will automatically lose when time's up. (requested by Rngsavethee)\n|\n|t:|1781462076\n|move|p1a: Whimsicott|Leech Seed|p2a: Venomoth|[miss]\n|-miss|p1a: Whimsicott|p2a: Venomoth\n|move|p2a: Venomoth|Quiver Dance|p2a: Venomoth\n|-boost|p2a: Venomoth|spa|1\n|-boost|p2a: Venomoth|spd|1\n|-boost|p2a: Venomoth|spe|1\n|\n|upkeep\n|turn|5\n|\n|t:|1781462081\n|move|p1a: Whimsicott|Leech Seed|p2a: Venomoth\n|-start|p2a: Venomoth|move: Leech Seed\n|move|p2a: Venomoth|Quiver Dance|p2a: Venomoth\n|-boost|p2a: Venomoth|spa|1\n|-boost|p2a: Venomoth|spd|1\n|-boost|p2a: Venomoth|spe|1\n|\n|-damage|p2a: Venomoth|115/255|[from] Leech Seed|[of] p1a: Whimsicott\n|-end|p2a: Venomoth|Encore\n|upkeep\n|turn|6\n|\n|t:|1781462084\n|move|p1a: Whimsicott|Encore|p2a: Venomoth\n|-start|p2a: Venomoth|Encore\n|move|p2a: Venomoth|Quiver Dance|p2a: Venomoth\n|-boost|p2a: Venomoth|spa|1\n|-boost|p2a: Venomoth|spd|1\n|-boost|p2a: Venomoth|spe|1\n|\n|-damage|p2a: Venomoth|84/255|[from] Leech Seed|[of] p1a: Whimsicott\n|upkeep\n|turn|7\n|\n|t:|1781462087\n|switch|p2a: Ludicolo|Ludicolo, L90, M|290/290\n|move|p1a: Whimsicott|Substitute|p1a: Whimsicott\n|-start|p1a: Whimsicott|Substitute\n|-damage|p1a: Whimsicott|179/238\n|\n|-heal|p1a: Whimsicott|193/238|[from] item: Leftovers\n|upkeep\n|turn|8\n|\n|t:|1781462090\n|move|p1a: Whimsicott|Moonblast|p2a: Ludicolo\n|-damage|p2a: Ludicolo|223/290\n|move|p2a: Ludicolo|Rain Dance|p2a: Ludicolo\n|-weather|RainDance\n|\n|-weather|RainDance|[upkeep]\n|-heal|p1a: Whimsicott|207/238|[from] item: Leftovers\n|upkeep\n|turn|9\n|\n|t:|1781462096\n|move|p1a: Whimsicott|Encore|p2a: Ludicolo\n|-start|p2a: Ludicolo|Encore\n|move|p2a: Ludicolo|Rain Dance||[still]\n|-fail|p2a: Ludicolo\n|\n|-weather|RainDance|[upkeep]\n|-heal|p1a: Whimsicott|221/238|[from] item: Leftovers\n|upkeep\n|turn|10\n|\n|t:|1781462101\n|switch|p2a: Venomoth|Venomoth, L84, F|84/255\n|move|p1a: Whimsicott|Moonblast|p2a: Venomoth\n|-resisted|p2a: Venomoth\n|-damage|p2a: Venomoth|39/255\n|\n|-weather|RainDance|[upkeep]\n|-heal|p1a: Whimsicott|235/238|[from] item: Leftovers\n|upkeep\n|turn|11\n|\n|t:|1781462106\n|move|p1a: Whimsicott|Moonblast|p2a: Venomoth\n|-resisted|p2a: Venomoth\n|-damage|p2a: Venomoth|0 fnt\n|faint|p2a: Venomoth\n|\n|-weather|RainDance|[upkeep]\n|-heal|p1a: Whimsicott|238/238|[from] item: Leftovers\n|upkeep\n|\n|t:|1781462113\n|switch|p2a: Ludicolo|Ludicolo, L90, M|223/290\n|turn|12\n|\n|t:|1781462117\n|move|p1a: Whimsicott|Leech Seed|p2a: Ludicolo\n|-immune|p2a: Ludicolo\n|move|p2a: Ludicolo|Ice Beam|p1a: Whimsicott\n|-supereffective|p1a: Whimsicott\n|-end|p1a: Whimsicott|Substitute\n|-damage|p2a: Ludicolo|194/290|[from] item: Life Orb\n|\n|-weather|none\n|upkeep\n|turn|13\n|\n|t:|1781462131\n|switch|p1a: Crabominable|Crabominable, L90, F|321/321\n|move|p2a: Ludicolo|Ice Beam|p1a: Crabominable\n|-resisted|p1a: Crabominable\n|-damage|p1a: Crabominable|270/321\n|-damage|p2a: Ludicolo|165/290|[from] item: Life Orb\n|\n|upkeep\n|turn|14\n|\n|t:|1781462144\n|switch|p2a: Rotom|Rotom-Wash, L82|216/216\n|move|p1a: Crabominable|Ice Hammer|p2a: Rotom\n|-resisted|p2a: Rotom\n|-damage|p2a: Rotom|90/216\n|-unboost|p1a: Crabominable|spe|1\n|\n|upkeep\n|turn|15\n|\n|t:|1781462157\n|switch|p1a: Whimsicott|Whimsicott, L84, M|238/238\n|move|p2a: Rotom|Hydro Pump|p1a: Whimsicott\n|-resisted|p1a: Whimsicott\n|-damage|p1a: Whimsicott|171/238\n|\n|-heal|p1a: Whimsicott|185/238|[from] item: Leftovers\n|upkeep\n|turn|16\n|\n|t:|1781462164\n|switch|p2a: Ludicolo|Ludicolo, L90, M|165/290\n|move|p1a: Whimsicott|Leech Seed|p2a: Ludicolo\n|-immune|p2a: Ludicolo\n|\n|-heal|p1a: Whimsicott|199/238|[from] item: Leftovers\n|upkeep\n|turn|17\n|\n|t:|1781462167\n|move|p1a: Whimsicott|Substitute|p1a: Whimsicott\n|-start|p1a: Whimsicott|Substitute\n|-damage|p1a: Whimsicott|140/238\n|move|p2a: Ludicolo|Ice Beam|p1a: Whimsicott\n|-supereffective|p1a: Whimsicott\n|-end|p1a: Whimsicott|Substitute\n|-damage|p2a: Ludicolo|136/290|[from] item: Life Orb\n|\n|-heal|p1a: Whimsicott|154/238|[from] item: Leftovers\n|upkeep\n|turn|18\n|\n|t:|1781462176\n|move|p1a: Whimsicott|Substitute|p1a: Whimsicott\n|-start|p1a: Whimsicott|Substitute\n|-damage|p1a: Whimsicott|95/238\n|move|p2a: Ludicolo|Ice Beam|p1a: Whimsicott\n|-supereffective|p1a: Whimsicott\n|-end|p1a: Whimsicott|Substitute\n|-damage|p2a: Ludicolo|107/290|[from] item: Life Orb\n|\n|-heal|p1a: Whimsicott|109/238|[from] item: Leftovers\n|upkeep\n|turn|19\n|\n|t:|1781462186\n|switch|p1a: Crabominable|Crabominable, L90, F|270/321\n|move|p2a: Ludicolo|Ice Beam|p1a: Crabominable\n|-resisted|p1a: Crabominable\n|-damage|p1a: Crabominable|215/321\n|-damage|p2a: Ludicolo|78/290|[from] item: Life Orb\n|\n|upkeep\n|turn|20\n|\n|t:|1781462193\n|move|p2a: Ludicolo|Hydro Pump|p1a: Crabominable\n|-damage|p1a: Crabominable|16/321\n|-damage|p2a: Ludicolo|49/290|[from] item: Life Orb\n|move|p1a: Crabominable|Ice Hammer|p2a: Ludicolo\n|-damage|p2a: Ludicolo|0 fnt\n|-unboost|p1a: Crabominable|spe|1\n|faint|p2a: Ludicolo\n|\n|upkeep\n|\n|t:|1781462205\n|switch|p2a: Koraidon|Koraidon, L64|235/235\n|-weather|SunnyDay|[from] ability: Orichalcum Pulse|[of] p2a: Koraidon\n|-activate|p2a: Koraidon|Orichalcum Pulse|[source]\n|turn|21\n|\n|t:|1781462211\n|-terastallize|p2a: Koraidon|Fire\n|move|p2a: Koraidon|Swords Dance|p2a: Koraidon\n|-boost|p2a: Koraidon|atk|2\n|move|p1a: Crabominable|Ice Hammer|p2a: Koraidon\n|-resisted|p2a: Koraidon\n|-crit|p2a: Koraidon\n|-damage|p2a: Koraidon|0 fnt\n|-unboost|p1a: Crabominable|spe|1\n|faint|p2a: Koraidon\n|\n|-weather|SunnyDay|[upkeep]\n|upkeep\n|c|\u2606Kowalski020|bro\n|c|\u2606Rngsavethee|RNG\n|\n|t:|1781462230\n|switch|p2a: Farigiraf|Farigiraf, L90, F|362/362\n|turn|22\n|c|\u2606Rngsavethee|Better pull something out\n|\n|t:|1781462238\n|move|p2a: Farigiraf|Body Slam|p1a: Crabominable\n|-damage|p1a: Crabominable|0 fnt\n|faint|p1a: Crabominable\n|\n|-weather|SunnyDay|[upkeep]\n|upkeep\n|\n|t:|1781462249\n|switch|p1a: Hitmonchan|Hitmonchan, L87, M|229/229\n|turn|23\n|c|\u2606Kowalski020|theres nothing to pull out bro\n|c|\u2606Kowalski020|whisicott rolls my entire team\n|\n|t:|1781462263\n|-terastallize|p1a: Hitmonchan|Steel\n|move|p1a: Hitmonchan|Bulk Up|p1a: Hitmonchan\n|-boost|p1a: Hitmonchan|atk|1\n|-boost|p1a: Hitmonchan|def|1\n|move|p2a: Farigiraf|Psychic Noise|p1a: Hitmonchan\n|-resisted|p1a: Hitmonchan\n|-damage|p1a: Hitmonchan|188/229\n|-start|p1a: Hitmonchan|move: Heal Block\n|\n|-weather|SunnyDay|[upkeep]\n|upkeep\n|turn|24\n|\n|t:|1781462269\n|move|p1a: Hitmonchan|Rapid Spin|p2a: Farigiraf\n|-damage|p2a: Farigiraf|300/362\n|-boost|p1a: Hitmonchan|spe|1\n|move|p2a: Farigiraf|Body Slam|p1a: Hitmonchan\n|-resisted|p1a: Hitmonchan\n|-damage|p1a: Hitmonchan|156/229\n|\n|-weather|SunnyDay|[upkeep]\n|-heal|p2a: Farigiraf|322/362|[from] item: Leftovers\n|-end|p1a: Hitmonchan|move: Heal Block\n|upkeep\n|turn|25\n|\n|t:|1781462272\n|move|p1a: Hitmonchan|Knock Off|p2a: Farigiraf\n|-supereffective|p2a: Farigiraf\n|-damage|p2a: Farigiraf|72/362\n|-enditem|p2a: Farigiraf|Leftovers|[from] move: Knock Off|[of] p1a: Hitmonchan\n|move|p2a: Farigiraf|Body Slam|p1a: Hitmonchan\n|-resisted|p1a: Hitmonchan\n|-damage|p1a: Hitmonchan|121/229\n|\n|-weather|none\n|-heal|p1a: Hitmonchan|135/229|[from] item: Leftovers\n|upkeep\n|turn|26\n|\n|t:|1781462277\n|move|p1a: Hitmonchan|Knock Off|p2a: Farigiraf\n|-supereffective|p2a: Farigiraf\n|-damage|p2a: Farigiraf|0 fnt\n|faint|p2a: Farigiraf\n|\n|-heal|p1a: Hitmonchan|149/229|[from] item: Leftovers\n|upkeep\n|-message|Kowalski020 forfeited.\n|\n|win|Rngsavethee\n|raw|Rngsavethee's rating: 1442 &rarr; <strong>1464</strong><br />(+22 for winning)\n|raw|Kowalski020's rating: 1482 &rarr; <strong>1460</strong><br />(-22 for losing)\n|l|\u2606Kowalski020\n|player|p2|\n", "inputlog": ">version a8376a258c1d4662feba110a92103f3664a72141\n>start {\"formatid\":\"gen9randombattle\",\"seed\":\"sodium,89e611ec79aa19d348d2f4de8fa468ec\",\"rated\":\"Rated battle\"}\n>player p1 {\"name\":\"Rngsavethee\",\"avatar\":\"silver\",\"rating\":1442,\"seed\":\"sodium,650c986466ba6784367317d2856f6678\"}\n>player p2 {\"name\":\"Kowalski020\",\"avatar\":\"roark\",\"rating\":1482,\"seed\":\"sodium,b2effd4c70156f001e2f2cfd0c7b8962\"}\n>p1 move thunderbolt\n>p2 move sleeppowder\n>p1 switch 3\n>p2 move quiverdance\n>p1 move encore\n>p2 move sludgewave\n>p1 move leechseed\n>p2 move quiverdance\n>p1 move leechseed\n>p2 move quiverdance\n>p1 move encore\n>p2 move sludgewave\n>p1 move substitute\n>p2 switch 4\n>p1 move moonblast\n>p2 move raindance\n>p1 move encore\n>p2 move icebeam\n>p1 move moonblast\n>p2 switch 4\n>p1 move moonblast\n>p2 move sludgewave\n>p2 switch 4\n>p1 move leechseed\n>p2 move icebeam\n>p1 switch 2\n>p2 move icebeam\n>p1 move icehammer\n>p2 switch 3\n>p1 switch 2\n>p2 move hydropump\n>p1 move leechseed\n>p2 switch 3\n>p1 move substitute\n>p2 move icebeam\n>p1 move substitute\n>p2 move icebeam\n>p1 switch 2\n>p2 move icebeam\n>p1 move icehammer\n>p2 move hydropump\n>p2 switch 5\n>p1 move icehammer\n>p2 move swordsdance terastallize\n>chat \u2606Kowalski020|bro\n>chat \u2606Rngsavethee|RNG \n>p2 switch 6\n>chat \u2606Rngsavethee|Better pull something out \n>p1 move icehammer\n>p2 move bodyslam\n>p1 switch 6\n>chat \u2606Kowalski020|theres nothing to pull out bro\n>chat \u2606Kowalski020|whisicott rolls my entire team\n>p1 move bulkup terastallize\n>p2 move psychicnoise\n>p1 move rapidspin\n>p2 move bodyslam\n>p1 move knockoff\n>p2 move bodyslam\n>p1 move knockoff\n>p2 move wish\n>forcelose p2", "uploadtime": 1781462304, "views": 12, "formatid": "gen9randombattle", "rating": 1460, "private": 0, "password": null}