{"id": "gen9randombattle-2631874479", "format": "[Gen 9] Random Battle", "players": ["wout0706", "cee09"], "log": "|j|\u2606wout0706\n|j|\u2606cee09\n|t:|1781450750\n|gametype|singles\n|player|p1|wout0706|1|1961\n|player|p2|cee09|rocket-gen1rb|1972\n|gen|9\n|tier|[Gen 9] Random Battle\n|rated|\n|rule|Species Clause: Limit one of each Pok\u00e9mon\n|rule|HP Percentage Mod: HP is shown in percentages\n|rule|Sleep Clause Mod: Limit one foe put to sleep\n|rule|Illusion Level Mod: Illusion disguises the Pok\u00e9mon's true level\n|\n|t:|1781450750\n|teamsize|p1|6\n|teamsize|p2|6\n|start\n|switch|p1a: Furret|Furret, L94, F|312/312\n|switch|p2a: Zekrom|Zekrom, L71|259/259\n|-item|p2a: Zekrom|Leftovers|[from] ability: Frisk|[of] p1a: Furret\n|-ability|p2a: Zekrom|Teravolt\n|turn|1\n|inactive|Battle timer is ON: inactive players will automatically lose when time's up. (requested by cee09)\n|\n|t:|1781450768\n|switch|p2a: Corviknight|Corviknight, L80, F|288/288\n|move|p1a: Furret|U-turn|p2a: Corviknight\n|-resisted|p2a: Corviknight\n|-damage|p2a: Corviknight|270/288\n|\n|t:|1781450776\n|switch|p1a: Phione|Phione, L91|293/293|[from] U-turn\n|\n|-heal|p2a: Corviknight|288/288|[from] item: Leftovers\n|upkeep\n|turn|2\n|\n|t:|1781450786\n|switch|p2a: Uxie|Uxie, L83|260/260\n|move|p1a: Phione|Scald|p2a: Uxie\n|-damage|p2a: Uxie|191/260\n|-status|p2a: Uxie|brn\n|\n|-heal|p2a: Uxie|207/260 brn|[from] item: Leftovers\n|-damage|p2a: Uxie|191/260 brn|[from] brn\n|upkeep\n|turn|3\n|\n|t:|1781450808\n|move|p2a: Uxie|Knock Off|p1a: Phione\n|-damage|p1a: Phione|267/293\n|-enditem|p1a: Phione|Leftovers|[from] move: Knock Off|[of] p2a: Uxie\n|move|p1a: Phione|Take Heart|p1a: Phione\n|-boost|p1a: Phione|spa|1\n|-boost|p1a: Phione|spd|1\n|\n|-heal|p2a: Uxie|207/260 brn|[from] item: Leftovers\n|-damage|p2a: Uxie|191/260 brn|[from] brn\n|upkeep\n|turn|4\n|\n|t:|1781450812\n|move|p2a: Uxie|Encore|p1a: Phione\n|-start|p1a: Phione|Encore\n|move|p1a: Phione|Take Heart|p1a: Phione\n|-boost|p1a: Phione|spa|1\n|-boost|p1a: Phione|spd|1\n|\n|-heal|p2a: Uxie|207/260 brn|[from] item: Leftovers\n|-damage|p2a: Uxie|191/260 brn|[from] brn\n|upkeep\n|turn|5\n|\n|t:|1781450820\n|switch|p1a: Furret|Furret, L94, F|312/312\n|-item|p2a: Uxie|Leftovers|[from] ability: Frisk|[of] p1a: Furret\n|move|p2a: Uxie|Psychic Noise|p1a: Furret\n|-damage|p1a: Furret|237/312\n|-start|p1a: Furret|move: Heal Block\n|\n|-heal|p2a: Uxie|207/260 brn|[from] item: Leftovers\n|-damage|p2a: Uxie|191/260 brn|[from] brn\n|upkeep\n|turn|6\n|\n|t:|1781450827\n|move|p1a: Furret|U-turn|p2a: Uxie\n|-supereffective|p2a: Uxie\n|-damage|p2a: Uxie|73/260 brn\n|\n|t:|1781450830\n|switch|p1a: Phione|Phione, L91|267/293|[from] U-turn\n|move|p2a: Uxie|Psychic Noise|p1a: Phione\n|-damage|p1a: Phione|200/293\n|-start|p1a: Phione|move: Heal Block\n|\n|-heal|p2a: Uxie|89/260 brn|[from] item: Leftovers\n|-damage|p2a: Uxie|73/260 brn|[from] brn\n|upkeep\n|turn|7\n|\n|t:|1781450842\n|move|p2a: Uxie|Knock Off|p1a: Phione\n|-damage|p1a: Phione|183/293\n|move|p1a: Phione|Scald|p2a: Uxie\n|-damage|p2a: Uxie|7/260 brn\n|\n|-heal|p2a: Uxie|23/260 brn|[from] item: Leftovers\n|-damage|p2a: Uxie|7/260 brn|[from] brn\n|-end|p1a: Phione|move: Heal Block\n|upkeep\n|turn|8\n|\n|t:|1781450848\n|move|p2a: Uxie|Psychic Noise|p1a: Phione\n|-damage|p1a: Phione|117/293\n|-start|p1a: Phione|move: Heal Block\n|move|p1a: Phione|Scald|p2a: Uxie\n|-crit|p2a: Uxie\n|-damage|p2a: Uxie|0 fnt\n|faint|p2a: Uxie\n|\n|upkeep\n|\n|t:|1781450854\n|switch|p2a: Araquanid|Araquanid, L82, F|246/246\n|turn|9\n|\n|t:|1781450881\n|switch|p1a: Furret|Furret, L94, F|237/312\n|-item|p2a: Araquanid|Heavy-Duty Boots|[from] ability: Frisk|[of] p1a: Furret\n|move|p2a: Araquanid|Sticky Web|p1a: Furret\n|-sidestart|p1: wout0706|move: Sticky Web\n|\n|upkeep\n|turn|10\n|inactive|wout0706 has 120 seconds left.\n|\n|t:|1781450898\n|move|p1a: Furret|Double-Edge|p2a: Araquanid\n|-damage|p2a: Araquanid|45/246\n|-damage|p1a: Furret|171/312|[from] Recoil\n|move|p2a: Araquanid|Liquidation|p1a: Furret\n|-damage|p1a: Furret|14/312\n|\n|upkeep\n|turn|11\n|inactive|wout0706 has 120 seconds left.\n|\n|t:|1781450908\n|switch|p1a: Phione|Phione, L91|117/293\n|-activate|p1a: Phione|move: Sticky Web\n|-unboost|p1a: Phione|spe|1\n|move|p2a: Araquanid|Leech Life|p1a: Phione\n|-damage|p1a: Phione|59/293\n|-heal|p2a: Araquanid|74/246|[from] drain|[of] p1a: Phione\n|\n|upkeep\n|turn|12\n|\n|t:|1781450917\n|move|p1a: Phione|Grass Knot|p2a: Araquanid\n|-damage|p2a: Araquanid|33/246\n|move|p2a: Araquanid|Liquidation|p1a: Phione\n|-resisted|p1a: Phione\n|-damage|p1a: Phione|0 fnt\n|faint|p1a: Phione\n|\n|upkeep\n|\n|t:|1781450925\n|switch|p1a: Iron Bundle|Iron Bundle, L78|215/215\n|-activate|p1a: Iron Bundle|move: Sticky Web\n|-unboost|p1a: Iron Bundle|spe|1\n|turn|13\n|\n|t:|1781450935\n|move|p1a: Iron Bundle|Freeze-Dry|p2a: Araquanid\n|-supereffective|p2a: Araquanid\n|-damage|p2a: Araquanid|0 fnt\n|faint|p2a: Araquanid\n|\n|upkeep\n|\n|t:|1781450938\n|switch|p2a: Probopass|Probopass, L91, F|257/257\n|turn|14\n|\n|t:|1781450945\n|-end|p1a: Iron Bundle|Quark Drive|[silent]\n|switch|p1a: Virizion|Virizion, L82|283/283\n|-activate|p1a: Virizion|move: Sticky Web\n|-unboost|p1a: Virizion|spe|1\n|move|p2a: Probopass|Body Press|p1a: Virizion\n|-damage|p1a: Virizion|181/283\n|\n|upkeep\n|turn|15\n|\n|t:|1781450958\n|switch|p2a: Corviknight|Corviknight, L80, F|288/288\n|move|p1a: Virizion|Close Combat|p2a: Corviknight\n|-damage|p2a: Corviknight|158/288\n|-unboost|p1a: Virizion|def|1\n|-unboost|p1a: Virizion|spd|1\n|-damage|p1a: Virizion|153/283|[from] item: Life Orb\n|\n|-heal|p2a: Corviknight|176/288|[from] item: Leftovers\n|upkeep\n|turn|16\n|\n|t:|1781450970\n|switch|p1a: Iron Bundle|Iron Bundle, L78|215/215\n|-activate|p1a: Iron Bundle|move: Sticky Web\n|-unboost|p1a: Iron Bundle|spe|1\n|move|p2a: Corviknight|Brave Bird|p1a: Iron Bundle\n|-damage|p1a: Iron Bundle|116/215\n|-damage|p2a: Corviknight|143/288|[from] Recoil\n|\n|-heal|p2a: Corviknight|161/288|[from] item: Leftovers\n|upkeep\n|turn|17\n|\n|t:|1781450981\n|move|p1a: Iron Bundle|Hydro Pump|p2a: Corviknight\n|-damage|p2a: Corviknight|0 fnt\n|faint|p2a: Corviknight\n|\n|upkeep\n|\n|t:|1781450984\n|switch|p2a: Zekrom|Zekrom, L71|259/259\n|-ability|p2a: Zekrom|Teravolt\n|turn|18\n|\n|t:|1781450992\n|-end|p1a: Iron Bundle|Quark Drive|[silent]\n|switch|p1a: Virizion|Virizion, L82|153/283\n|-activate|p1a: Virizion|move: Sticky Web\n|-unboost|p1a: Virizion|spe|1\n|move|p2a: Zekrom|Dragon Dance|p2a: Zekrom\n|-boost|p2a: Zekrom|atk|1\n|-boost|p2a: Zekrom|spe|1\n|\n|upkeep\n|turn|19\n|\n|t:|1781450997\n|move|p2a: Zekrom|Substitute|p2a: Zekrom\n|-start|p2a: Zekrom|Substitute\n|-damage|p2a: Zekrom|195/259\n|move|p1a: Virizion|Close Combat|p2a: Zekrom\n|-end|p2a: Zekrom|Substitute\n|-unboost|p1a: Virizion|def|1\n|-unboost|p1a: Virizion|spd|1\n|-damage|p1a: Virizion|125/283|[from] item: Life Orb\n|\n|-heal|p2a: Zekrom|211/259|[from] item: Leftovers\n|upkeep\n|turn|20\n|\n|t:|1781451002\n|move|p2a: Zekrom|Outrage|p1a: Virizion\n|-damage|p1a: Virizion|0 fnt\n|faint|p1a: Virizion\n|\n|-heal|p2a: Zekrom|227/259|[from] item: Leftovers\n|upkeep\n|\n|t:|1781451022\n|switch|p1a: Smeargle|Smeargle, L95, F|258/258\n|-activate|p1a: Smeargle|move: Sticky Web\n|-unboost|p1a: Smeargle|spe|1\n|turn|21\n|\n|t:|1781451034\n|move|p2a: Zekrom|Outrage|p1a: Smeargle|[from] lockedmove\n|-enditem|p1a: Smeargle|Focus Sash\n|-damage|p1a: Smeargle|1/258\n|-start|p2a: Zekrom|confusion|[fatigue]\n|move|p1a: Smeargle|Spore|p2a: Zekrom\n|-status|p2a: Zekrom|slp|[from] move: Spore\n|\n|-heal|p2a: Zekrom|243/259 slp|[from] item: Leftovers\n|upkeep\n|turn|22\n|\n|t:|1781451045\n|cant|p2a: Zekrom|slp\n|move|p1a: Smeargle|Whirlwind|p2a: Zekrom\n|drag|p2a: Probopass|Probopass, L91, F|257/257\n|\n|upkeep\n|turn|23\n|\n|t:|1781451056\n|move|p1a: Smeargle|Sticky Web|p2a: Probopass\n|-sidestart|p2: cee09|move: Sticky Web\n|move|p2a: Probopass|Power Gem|p1a: Smeargle\n|-damage|p1a: Smeargle|0 fnt\n|faint|p1a: Smeargle\n|\n|upkeep\n|\n|t:|1781451060\n|switch|p1a: Iron Bundle|Iron Bundle, L78|116/215\n|-activate|p1a: Iron Bundle|move: Sticky Web\n|-unboost|p1a: Iron Bundle|spe|1\n|turn|24\n|\n|t:|1781451065\n|-terastallize|p2a: Probopass|Fighting\n|move|p1a: Iron Bundle|Hydro Pump|p2a: Probopass\n|-crit|p2a: Probopass\n|-damage|p2a: Probopass|86/257\n|move|p2a: Probopass|Body Press|p1a: Iron Bundle\n|-supereffective|p1a: Iron Bundle\n|-damage|p1a: Iron Bundle|0 fnt\n|faint|p1a: Iron Bundle\n|-end|p1a: Iron Bundle|Quark Drive|[silent]\n|\n|-heal|p2a: Probopass|102/257|[from] item: Leftovers\n|upkeep\n|\n|t:|1781451075\n|switch|p1a: Serperior|Serperior, L79, F|248/248\n|-activate|p1a: Serperior|move: Sticky Web\n|-boost|p1a: Serperior|spe|1\n|turn|25\n|\n|t:|1781451077\n|move|p1a: Serperior|Leaf Storm|p2a: Probopass\n|-crit|p2a: Probopass\n|-damage|p2a: Probopass|0 fnt\n|-boost|p1a: Serperior|spa|2\n|faint|p2a: Probopass\n|-damage|p1a: Serperior|224/248|[from] item: Life Orb\n|\n|upkeep\n|c|\u2606cee09|double crit nice\n|\n|t:|1781451084\n|switch|p2a: Zekrom|Zekrom, L71|243/259 slp\n|-activate|p2a: Zekrom|move: Sticky Web\n|-unboost|p2a: Zekrom|spe|1\n|-ability|p2a: Zekrom|Teravolt\n|turn|26\n|\n|t:|1781451090\n|move|p1a: Serperior|Dragon Pulse|p2a: Zekrom\n|-supereffective|p2a: Zekrom\n|-damage|p2a: Zekrom|0 fnt\n|faint|p2a: Zekrom\n|-damage|p1a: Serperior|200/248|[from] item: Life Orb\n|\n|upkeep\n|\n|t:|1781451093\n|switch|p2a: Clawitzer|Clawitzer, L87, F|265/265\n|-activate|p2a: Clawitzer|move: Sticky Web\n|-unboost|p2a: Clawitzer|spe|1\n|turn|27\n|\n|t:|1781451102\n|move|p1a: Serperior|Leaf Storm|p2a: Clawitzer\n|-supereffective|p2a: Clawitzer\n|-damage|p2a: Clawitzer|0 fnt\n|-boost|p1a: Serperior|spa|2\n|faint|p2a: Clawitzer\n|-damage|p1a: Serperior|176/248|[from] item: Life Orb\n|\n|win|wout0706\n", "inputlog": ">version a8376a258c1d4662feba110a92103f3664a72141\n>start {\"formatid\":\"gen9randombattle\",\"seed\":\"sodium,26c6432d92378c3a7ba6f71f3d5b7ff4\",\"rated\":\"Rated battle\"}\n>player p1 {\"name\":\"wout0706\",\"avatar\":\"1\",\"rating\":1961,\"seed\":\"sodium,3afa96499fd3194313cb413e2ffbbd1d\"}\n>player p2 {\"name\":\"cee09\",\"avatar\":\"rocket-gen1rb\",\"rating\":1972,\"seed\":\"sodium,5c41efe039cfeb814706cb21bcade6cb\"}\n>p1 move uturn\n>p2 switch 5\n>p1 switch 3\n>p1 move scald\n>p2 switch 3\n>p1 move takeheart\n>p2 move knockoff\n>p1 move scald\n>p2 move encore\n>p1 switch 3\n>p2 move psychicnoise\n>p1 move uturn\n>p2 move psychicnoise\n>p1 switch 3\n>p1 move scald\n>p2 move knockoff\n>p1 move scald\n>p2 move psychicnoise\n>p2 switch 4\n>p1 switch 3\n>p2 move stickyweb\n>p1 move doubleedge\n>p2 move liquidation\n>p1 switch 3\n>p2 move leechlife\n>p1 move grassknot\n>p2 move liquidation\n>p1 switch 2\n>p1 move freezedry\n>p2 move leechlife\n>p2 switch 6\n>p1 switch 6\n>p2 move bodypress\n>p1 move closecombat\n>p2 switch 3\n>p1 switch 6\n>p2 move bravebird\n>p1 move hydropump\n>p2 move roost\n>p2 switch 5\n>p1 switch 6\n>p2 move dragondance\n>p1 move closecombat\n>p2 move substitute\n>p1 move closecombat\n>p2 move outrage\n>p1 switch 4\n>p1 move spore\n>p2 move outrage\n>p1 move whirlwind\n>p2 move dragondance\n>p1 move stickyweb\n>p2 move powergem\n>p1 switch 6\n>p1 move hydropump\n>p2 move bodypress terastallize\n>p1 switch 5\n>p1 move leafstorm\n>p2 move thunderwave\n>chat \u2606cee09|double crit nice\n>p2 switch 3\n>p1 move dragonpulse\n>p2 move outrage\n>p2 switch 2\n>p1 move leafstorm\n>p2 move dragonpulse", "uploadtime": 1781450752, "views": 4, "formatid": "gen9randombattle", "rating": null, "private": 0, "password": null}