{"id": "gen9randombattle-2631840158", "format": "[Gen 9] Random Battle", "players": ["OnshoreCone", "Elysia_773"], "log": "|j|\u2606OnshoreCone\n|j|\u2606Elysia_773\n|t:|1781446771\n|gametype|singles\n|player|p1|OnshoreCone|2|1978\n|player|p2|Elysia_773|miku-flying|2067\n|gen|9\n|tier|[Gen 9] Random Battle\n|rated|\n|rule|Species Clause: Limit one of each Pok\u00e9mon\n|rule|HP Percentage Mod: HP is shown in percentages\n|rule|Sleep Clause Mod: Limit one foe put to sleep\n|rule|Illusion Level Mod: Illusion disguises the Pok\u00e9mon's true level\n|\n|t:|1781446771\n|teamsize|p1|6\n|teamsize|p2|6\n|start\n|switch|p1a: Scrafty|Scrafty, L83, M|244/244\n|switch|p2a: Eternatus|Eternatus, L69|308/308\n|-ability|p2a: Eternatus|Pressure\n|-ability|p1a: Scrafty|Intimidate|boost\n|-unboost|p2a: Eternatus|atk|1\n|turn|1\n|inactive|Battle timer is ON: inactive players will automatically lose when time's up. (requested by Elysia_773)\n|\n|t:|1781446781\n|move|p2a: Eternatus|Toxic|p1a: Scrafty\n|-status|p1a: Scrafty|tox\n|move|p1a: Scrafty|Dragon Dance|p1a: Scrafty\n|-boost|p1a: Scrafty|atk|1\n|-boost|p1a: Scrafty|spe|1\n|\n|-damage|p1a: Scrafty|229/244 tox|[from] psn\n|upkeep\n|turn|2\n|\n|t:|1781446787\n|move|p2a: Eternatus|Dynamax Cannon|p1a: Scrafty\n|-damage|p1a: Scrafty|153/244 tox\n|move|p1a: Scrafty|Knock Off|p2a: Eternatus\n|-damage|p2a: Eternatus|139/308\n|-enditem|p2a: Eternatus|Leftovers|[from] move: Knock Off|[of] p1a: Scrafty\n|\n|-heal|p1a: Scrafty|168/244 tox|[from] item: Leftovers\n|-damage|p1a: Scrafty|138/244 tox|[from] psn\n|upkeep\n|turn|3\n|\n|t:|1781446795\n|switch|p1a: Froslass|Froslass, L87, F|263/263\n|move|p2a: Eternatus|Recover|p2a: Eternatus\n|-heal|p2a: Eternatus|293/308\n|\n|upkeep\n|turn|4\n|\n|t:|1781446803\n|switch|p2a: Swalot|Swalot, L90, M|326/326\n|move|p1a: Froslass|Triple Axel|p2a: Swalot\n|-damage|p2a: Swalot|305/326\n|-damage|p2a: Swalot|268/326\n|-damage|p2a: Swalot|205/326\n|-hitcount|p2a: Swalot|3\n|\n|-heal|p2a: Swalot|225/326|[from] item: Leftovers\n|upkeep\n|turn|5\n|\n|t:|1781446807\n|move|p1a: Froslass|Will-O-Wisp|p2a: Swalot\n|-status|p2a: Swalot|brn\n|move|p2a: Swalot|Knock Off|p1a: Froslass\n|-supereffective|p1a: Froslass\n|-damage|p1a: Froslass|195/263\n|-start|p2a: Swalot|Disable|Knock Off|[from] ability: Cursed Body|[of] p1a: Froslass\n|-enditem|p1a: Froslass|Wide Lens|[from] move: Knock Off|[of] p2a: Swalot\n|\n|-heal|p2a: Swalot|245/326 brn|[from] item: Leftovers\n|-damage|p2a: Swalot|225/326 brn|[from] brn\n|upkeep\n|turn|6\n|\n|t:|1781446822\n|switch|p1a: Araquanid|Araquanid, L82, M|246/246\n|move|p2a: Swalot|Gunk Shot|p1a: Araquanid\n|-damage|p1a: Araquanid|190/246\n|\n|-heal|p2a: Swalot|245/326 brn|[from] item: Leftovers\n|-damage|p2a: Swalot|225/326 brn|[from] brn\n|upkeep\n|turn|7\n|\n|t:|1781446827\n|move|p2a: Swalot|Gunk Shot|p1a: Araquanid\n|-damage|p1a: Araquanid|127/246\n|move|p1a: Araquanid|Sticky Web|p2a: Swalot\n|-sidestart|p2: Elysia_773|move: Sticky Web\n|\n|-heal|p2a: Swalot|245/326 brn|[from] item: Leftovers\n|-damage|p2a: Swalot|225/326 brn|[from] brn\n|upkeep\n|turn|8\n|\n|t:|1781446831\n|switch|p1a: Rhydon|Rhydon, L85, M|317/317\n|move|p2a: Swalot|Gunk Shot|p1a: Rhydon\n|-resisted|p1a: Rhydon\n|-damage|p1a: Rhydon|309/317\n|\n|-heal|p2a: Swalot|245/326 brn|[from] item: Leftovers\n|-damage|p2a: Swalot|225/326 brn|[from] brn\n|-end|p2a: Swalot|Disable\n|upkeep\n|turn|9\n|\n|t:|1781446833\n|move|p2a: Swalot|Knock Off|p1a: Rhydon\n|-damage|p1a: Rhydon|294/317\n|-enditem|p1a: Rhydon|Eviolite|[from] move: Knock Off|[of] p2a: Swalot\n|move|p1a: Rhydon|Stealth Rock|p2a: Swalot\n|-sidestart|p2: Elysia_773|move: Stealth Rock\n|\n|-heal|p2a: Swalot|245/326 brn|[from] item: Leftovers\n|-damage|p2a: Swalot|225/326 brn|[from] brn\n|upkeep\n|turn|10\n|\n|t:|1781446839\n|move|p2a: Swalot|Swords Dance|p2a: Swalot\n|-boost|p2a: Swalot|atk|2\n|move|p1a: Rhydon|Earthquake|p2a: Swalot\n|-supereffective|p2a: Swalot\n|-damage|p2a: Swalot|0 fnt\n|faint|p2a: Swalot\n|\n|upkeep\n|\n|t:|1781446841\n|switch|p2a: Cramorant|Cramorant, L86, M|261/261\n|turn|11\n|\n|t:|1781446845\n|move|p2a: Cramorant|Surf|p1a: Rhydon\n|-formechange|p2a: Cramorant|Cramorant-Gulping|\n|-supereffective|p1a: Rhydon\n|-damage|p1a: Rhydon|0 fnt\n|faint|p1a: Rhydon\n|\n|upkeep\n|\n|t:|1781446852\n|switch|p1a: Magmortar|Magmortar, L88, F|275/275\n|turn|12\n|\n|t:|1781446861\n|-terastallize|p2a: Cramorant|Ground\n|move|p1a: Magmortar|Thunderbolt|p2a: Cramorant\n|-immune|p2a: Cramorant\n|move|p2a: Cramorant|Defog|p1a: Magmortar\n|-unboost|p1a: Magmortar|evasion|1\n|-sideend|p2: Elysia_773|Stealth Rock|[from] move: Defog|[of] p2a: Cramorant\n|-sideend|p2: Elysia_773|Sticky Web|[from] move: Defog|[of] p2a: Cramorant\n|\n|upkeep\n|turn|13\n|\n|t:|1781446868\n|switch|p1a: Scrafty|Scrafty, L83, M|138/244 tox\n|-ability|p1a: Scrafty|Intimidate|boost\n|-unboost|p2a: Cramorant|atk|1\n|move|p2a: Cramorant|Surf|p1a: Scrafty\n|-damage|p1a: Scrafty|57/244 tox\n|\n|-heal|p1a: Scrafty|72/244 tox|[from] item: Leftovers\n|-damage|p1a: Scrafty|57/244 tox|[from] psn\n|upkeep\n|turn|14\n|\n|t:|1781446875\n|move|p2a: Cramorant|Surf|p1a: Scrafty\n|-damage|p1a: Scrafty|0 fnt\n|faint|p1a: Scrafty\n|\n|upkeep\n|\n|t:|1781446877\n|switch|p1a: Froslass|Froslass, L87, F|195/263\n|turn|15\n|\n|t:|1781446900\n|move|p1a: Froslass|Triple Axel|p2a: Cramorant\n|-supereffective|p2a: Cramorant\n|-damage|p2a: Cramorant|207/261\n|-damage|p1a: Froslass|130/263|[from] ability: Gulp Missile|[of] p2a: Cramorant\n|-unboost|p1a: Froslass|def|1\n|-formechange|p2a: Cramorant|Cramorant|\n|-hitcount|p2a: Cramorant|1\n|move|p2a: Cramorant|Surf|p1a: Froslass\n|-formechange|p2a: Cramorant|Cramorant-Gulping|\n|-damage|p1a: Froslass|31/263\n|\n|upkeep\n|turn|16\n|\n|t:|1781446912\n|move|p1a: Froslass|Triple Axel|p2a: Cramorant\n|-supereffective|p2a: Cramorant\n|-damage|p2a: Cramorant|153/261\n|-damage|p1a: Froslass|0 fnt|[from] ability: Gulp Missile|[of] p2a: Cramorant\n|-formechange|p2a: Cramorant|Cramorant|\n|faint|p1a: Froslass\n|-hitcount|p2a: Cramorant|1\n|move|p2a: Cramorant|Roost|p2a: Cramorant\n|-heal|p2a: Cramorant|261/261\n|\n|upkeep\n|\n|t:|1781446918\n|switch|p1a: Araquanid|Araquanid, L82, M|127/246\n|turn|17\n|\n|t:|1781446921\n|-terastallize|p1a: Araquanid|Steel\n|move|p2a: Cramorant|Brave Bird|p1a: Araquanid\n|-resisted|p1a: Araquanid\n|-damage|p1a: Araquanid|91/246\n|-damage|p2a: Cramorant|249/261|[from] Recoil\n|move|p1a: Araquanid|Liquidation|p2a: Cramorant\n|-supereffective|p2a: Cramorant\n|-damage|p2a: Cramorant|0 fnt\n|faint|p2a: Cramorant\n|\n|upkeep\n|\n|t:|1781446926\n|switch|p2a: Sawsbuck|Sawsbuck-Autumn, L88, M|284/284\n|turn|18\n|\n|t:|1781446932\n|move|p2a: Sawsbuck|High Horsepower|p1a: Araquanid|[miss]\n|-miss|p2a: Sawsbuck|p1a: Araquanid\n|move|p1a: Araquanid|Sticky Web|p2a: Sawsbuck\n|-sidestart|p2: Elysia_773|move: Sticky Web\n|\n|upkeep\n|turn|19\n|\n|t:|1781446936\n|move|p2a: Sawsbuck|Swords Dance|p2a: Sawsbuck\n|-boost|p2a: Sawsbuck|atk|2\n|move|p1a: Araquanid|Leech Life|p2a: Sawsbuck\n|-supereffective|p2a: Sawsbuck\n|-damage|p2a: Sawsbuck|146/284\n|-heal|p1a: Araquanid|160/246|[from] drain|[of] p2a: Sawsbuck\n|\n|upkeep\n|turn|20\n|\n|t:|1781446943\n|move|p2a: Sawsbuck|High Horsepower|p1a: Araquanid\n|-supereffective|p1a: Araquanid\n|-damage|p1a: Araquanid|0 fnt\n|faint|p1a: Araquanid\n|-damage|p2a: Sawsbuck|118/284|[from] item: Life Orb\n|\n|upkeep\n|\n|t:|1781446946\n|switch|p1a: Magmortar|Magmortar, L88, F|275/275\n|turn|21\n|\n|t:|1781446950\n|move|p2a: Sawsbuck|High Horsepower|p1a: Magmortar\n|-supereffective|p1a: Magmortar\n|-damage|p1a: Magmortar|0 fnt\n|faint|p1a: Magmortar\n|-damage|p2a: Sawsbuck|90/284|[from] item: Life Orb\n|\n|upkeep\n|\n|t:|1781446952\n|switch|p1a: Diancie|Diancie, L82|216/216\n|turn|22\n|\n|t:|1781446955\n|move|p2a: Sawsbuck|Horn Leech|p1a: Diancie\n|-supereffective|p1a: Diancie\n|-damage|p1a: Diancie|0 fnt\n|-heal|p2a: Sawsbuck|198/284|[from] drain|[of] p1a: Diancie\n|faint|p1a: Diancie\n|-damage|p2a: Sawsbuck|170/284|[from] item: Life Orb\n|\n|win|Elysia_773\n", "inputlog": ">version a8376a258c1d4662feba110a92103f3664a72141\n>start {\"formatid\":\"gen9randombattle\",\"seed\":\"sodium,e1d9540b710b289c99f5fdc3052ca413\",\"rated\":\"Rated battle\"}\n>player p1 {\"name\":\"OnshoreCone\",\"avatar\":\"2\",\"rating\":1978,\"seed\":\"sodium,961ab430fe9da9b708b95b4f114ec36e\"}\n>player p2 {\"name\":\"Elysia_773\",\"avatar\":\"miku-flying\",\"rating\":2067,\"seed\":\"sodium,b66a4d41f2bbbc189ef5257286d84312\"}\n>p1 move dragondance\n>p2 move toxic\n>p1 move knockoff\n>p2 move dynamaxcannon\n>p1 switch 4\n>p2 move recover\n>p1 move tripleaxel\n>p2 switch 5\n>p1 move willowisp\n>p2 move knockoff\n>p1 switch 6\n>p2 move gunkshot\n>p1 move stickyweb\n>p2 move gunkshot\n>p1 switch 5\n>p2 move gunkshot\n>p1 move stealthrock\n>p2 move knockoff\n>p1 move earthquake\n>p2 move swordsdance\n>p2 switch 4\n>p1 move stoneedge\n>p2 move surf\n>p1 switch 3\n>p1 move thunderbolt\n>p2 move defog terastallize\n>p1 switch 4\n>p2 move surf\n>p1 move knockoff\n>p2 move surf\n>p1 switch 6\n>p1 move tripleaxel\n>p2 move surf\n>p1 move tripleaxel\n>p2 move roost\n>p1 switch 5\n>p1 move liquidation terastallize\n>p2 move bravebird\n>p2 switch 2\n>p1 move stickyweb\n>p2 move highhorsepower\n>p1 move leechlife\n>p2 move swordsdance\n>p1 move leechlife\n>p2 move highhorsepower\n>p1 switch 4\n>p1 move fireblast\n>p2 move highhorsepower\n>p1 switch 2\n>p1 move drainingkiss\n>p2 move hornleech", "uploadtime": 1781446773, "views": 4, "formatid": "gen9randombattle", "rating": null, "private": 0, "password": null}