{"id": "gen9randombattle-2631603728", "format": "[Gen 9] Random Battle", "players": ["TSM-Virgil", "aarvark2pt0"], "log": "|j|\u2606TSM-Virgil\n|j|\u2606aarvark2pt0\n|t:|1781407462\n|gametype|singles\n|player|p1|TSM-Virgil|acetrainer|2113\n|player|p2|aarvark2pt0|fisherman-gen4|2168\n|gen|9\n|tier|[Gen 9] Random Battle\n|rated|\n|rule|Species Clause: Limit one of each Pok\u00e9mon\n|rule|HP Percentage Mod: HP is shown in percentages\n|rule|Sleep Clause Mod: Limit one foe put to sleep\n|rule|Illusion Level Mod: Illusion disguises the Pok\u00e9mon's true level\n|\n|t:|1781407462\n|teamsize|p1|6\n|teamsize|p2|6\n|start\n|switch|p1a: Vivillon|Vivillon-Polar, L83, M|268/268\n|switch|p2a: Iron Boulder|Iron Boulder, L77|265/265\n|turn|1\n|inactive|Battle timer is ON: inactive players will automatically lose when time's up. (requested by TSM-Virgil)\n|\n|t:|1781407466\n|switch|p1a: Houndstone|Houndstone, L86, M|264/264\n|move|p2a: Iron Boulder|Mighty Cleave|p1a: Houndstone\n|-damage|p1a: Houndstone|205/264\n|-damage|p2a: Iron Boulder|239/265|[from] item: Life Orb\n|\n|upkeep\n|turn|2\n|\n|t:|1781407474\n|-end|p2a: Iron Boulder|Quark Drive|[silent]\n|switch|p2a: Klawf|Klawf, L90, F|272/272\n|move|p1a: Houndstone|Poltergeist|p2a: Klawf\n|-activate|p2a: Klawf|move: Poltergeist|Expert Belt\n|-damage|p2a: Klawf|182/272\n|\n|upkeep\n|turn|3\n|\n|t:|1781407487\n|move|p2a: Klawf|Knock Off|p1a: Houndstone\n|-supereffective|p1a: Houndstone\n|-damage|p1a: Houndstone|121/264\n|-enditem|p1a: Houndstone|Assault Vest|[from] move: Knock Off|[of] p2a: Klawf\n|move|p1a: Houndstone|Body Press|p2a: Klawf\n|-supereffective|p2a: Klawf\n|-damage|p2a: Klawf|92/272\n|-ability|p2a: Klawf|Anger Shell|boost\n|-boost|p2a: Klawf|atk|1\n|-boost|p2a: Klawf|spa|1\n|-boost|p2a: Klawf|spe|1\n|-unboost|p2a: Klawf|def|1\n|-unboost|p2a: Klawf|spd|1\n|\n|upkeep\n|turn|4\n|\n|t:|1781407514\n|move|p2a: Klawf|Stone Edge|p1a: Houndstone\n|-damage|p1a: Houndstone|0 fnt\n|faint|p1a: Houndstone\n|\n|upkeep\n|\n|t:|1781407517\n|switch|p1a: Krookodile|Krookodile, L79, M|280/280\n|-ability|p1a: Krookodile|Intimidate|boost\n|-unboost|p2a: Klawf|atk|1\n|turn|5\n|\n|t:|1781407522\n|move|p2a: Klawf|Crabhammer|p1a: Krookodile\n|-supereffective|p1a: Krookodile\n|-damage|p1a: Krookodile|66/280\n|move|p1a: Krookodile|Earthquake|p2a: Klawf\n|-supereffective|p2a: Klawf\n|-damage|p2a: Klawf|0 fnt\n|faint|p2a: Klawf\n|\n|-heal|p1a: Krookodile|83/280|[from] item: Leftovers\n|upkeep\n|\n|t:|1781407530\n|switch|p2a: Iron Boulder|Iron Boulder, L77|239/265\n|turn|6\n|\n|t:|1781407544\n|move|p2a: Iron Boulder|Close Combat|p1a: Krookodile\n|-supereffective|p1a: Krookodile\n|-damage|p1a: Krookodile|0 fnt\n|-unboost|p2a: Iron Boulder|def|1\n|-unboost|p2a: Iron Boulder|spd|1\n|faint|p1a: Krookodile\n|-damage|p2a: Iron Boulder|213/265|[from] item: Life Orb\n|\n|upkeep\n|\n|t:|1781407548\n|switch|p1a: Sudowoodo|Sudowoodo, L94, M|284/284\n|turn|7\n|\n|t:|1781407559\n|-end|p2a: Iron Boulder|Quark Drive|[silent]\n|switch|p2a: Hariyama|Hariyama, L87, F|392/392\n|move|p1a: Sudowoodo|Head Smash|p2a: Hariyama\n|-resisted|p2a: Hariyama\n|-crit|p2a: Hariyama\n|-damage|p2a: Hariyama|107/392\n|\n|upkeep\n|turn|8\n|\n|t:|1781407573\n|move|p2a: Hariyama|Heavy Slam|p1a: Sudowoodo\n|-supereffective|p1a: Sudowoodo\n|-damage|p1a: Sudowoodo|116/284\n|move|p1a: Sudowoodo|Head Smash|p2a: Hariyama\n|-resisted|p2a: Hariyama\n|-damage|p2a: Hariyama|0 fnt\n|faint|p2a: Hariyama\n|\n|upkeep\n|\n|t:|1781407592\n|switch|p2a: Miraidon|Miraidon, L65|238/238\n|-fieldstart|move: Electric Terrain|[from] ability: Hadron Engine|[of] p2a: Miraidon\n|turn|9\n|\n|t:|1781407596\n|move|p2a: Miraidon|Dragon Pulse|p1a: Sudowoodo\n|-damage|p1a: Sudowoodo|0 fnt\n|faint|p1a: Sudowoodo\n|-damage|p2a: Miraidon|215/238|[from] item: Life Orb\n|\n|upkeep\n|inactive|TSM-Virgil has 120 seconds left.\n|\n|t:|1781407637\n|switch|p1a: Reshiram|Reshiram, L76|277/277\n|-ability|p1a: Reshiram|Turboblaze\n|turn|10\n|\n|t:|1781407643\n|move|p2a: Miraidon|Draco Meteor|p1a: Reshiram\n|-supereffective|p1a: Reshiram\n|-damage|p1a: Reshiram|0 fnt\n|-unboost|p2a: Miraidon|spa|2\n|faint|p1a: Reshiram\n|-damage|p2a: Miraidon|192/238|[from] item: Life Orb\n|\n|upkeep\n|\n|t:|1781407646\n|switch|p1a: Cyclizar|Cyclizar, L83, M|252/252\n|turn|11\n|\n|t:|1781407650\n|switch|p2a: Iron Boulder|Iron Boulder, L77|213/265\n|-activate|p2a: Iron Boulder|ability: Quark Drive\n|-start|p2a: Iron Boulder|quarkdrivespe\n|move|p1a: Cyclizar|Shed Tail|p1a: Cyclizar\n|-start|p1a: Cyclizar|Substitute|[from] move: Shed Tail\n|-damage|p1a: Cyclizar|126/252\n|\n|t:|1781407652\n|switch|p1a: Vivillon|Vivillon-Polar, L83, M|268/268|[from] Shed Tail\n|\n|upkeep\n|turn|12\n|\n|t:|1781407655\n|move|p2a: Iron Boulder|Mighty Cleave|p1a: Vivillon\n|-supereffective|p1a: Vivillon\n|-end|p1a: Vivillon|Substitute\n|-damage|p2a: Iron Boulder|187/265|[from] item: Life Orb\n|move|p1a: Vivillon|Quiver Dance|p1a: Vivillon\n|-boost|p1a: Vivillon|spa|1\n|-boost|p1a: Vivillon|spd|1\n|-boost|p1a: Vivillon|spe|1\n|\n|upkeep\n|turn|13\n|\n|t:|1781407662\n|-terastallize|p2a: Iron Boulder|Fighting\n|-terastallize|p1a: Vivillon|Steel\n|move|p2a: Iron Boulder|Close Combat|p1a: Vivillon\n|-supereffective|p1a: Vivillon\n|-damage|p1a: Vivillon|0 fnt\n|-unboost|p2a: Iron Boulder|def|1\n|-unboost|p2a: Iron Boulder|spd|1\n|faint|p1a: Vivillon\n|-damage|p2a: Iron Boulder|161/265|[from] item: Life Orb\n|\n|-fieldend|move: Electric Terrain\n|-end|p2a: Iron Boulder|Quark Drive\n|upkeep\n|c|\u2606TSM-Virgil|Fuck\n|c|\u2606TSM-Virgil|gg wp\n|c|\u2606aarvark2pt0|i was expecting ground but that's ok\n|\n|t:|1781407674\n|switch|p1a: Cyclizar|Cyclizar, L83, M|210/252\n|turn|14\n|\n|t:|1781407680\n|-end|p2a: Iron Boulder|Quark Drive|[silent]\n|switch|p2a: Miraidon|Miraidon, L65|192/238\n|-fieldstart|move: Electric Terrain|[from] ability: Hadron Engine|[of] p2a: Miraidon\n|move|p1a: Cyclizar|Draco Meteor|p2a: Miraidon|[miss]\n|-miss|p1a: Cyclizar|p2a: Miraidon\n|\n|upkeep\n|turn|15\n|\n|t:|1781407695\n|move|p1a: Cyclizar|Draco Meteor|p2a: Miraidon\n|-supereffective|p2a: Miraidon\n|-damage|p2a: Miraidon|0 fnt\n|-unboost|p1a: Cyclizar|spa|2\n|faint|p2a: Miraidon\n|\n|upkeep\n|\n|t:|1781407698\n|switch|p2a: Golurk|Golurk, L87|297/297\n|turn|16\n|\n|t:|1781407701\n|move|p1a: Cyclizar|Knock Off|p2a: Golurk\n|-supereffective|p2a: Golurk\n|-damage|p2a: Golurk|159/297\n|-enditem|p2a: Golurk|Choice Band|[from] move: Knock Off|[of] p1a: Cyclizar\n|move|p2a: Golurk|Dynamic Punch|p1a: Cyclizar\n|-supereffective|p1a: Cyclizar\n|-damage|p1a: Cyclizar|0 fnt\n|faint|p1a: Cyclizar\n|\n|win|aarvark2pt0\n|raw|TSM-Virgil's rating: 2113 &rarr; <strong>2096</strong><br />(-17 for losing)\n|raw|aarvark2pt0's rating: 2168 &rarr; <strong>2185</strong><br />(+17 for winning)\n", "inputlog": ">version a8376a258c1d4662feba110a92103f3664a72141\n>start {\"formatid\":\"gen9randombattle\",\"seed\":\"sodium,b5cc7ef3f1eba7d0aaad61a1afc64544\",\"rated\":\"Rated battle\"}\n>player p1 {\"name\":\"TSM-Virgil\",\"avatar\":\"acetrainer\",\"rating\":2113,\"seed\":\"sodium,770a4ce2c5ae644752a7d5fd3a726a5c\"}\n>player p2 {\"name\":\"aarvark2pt0\",\"avatar\":\"fisherman-gen4\",\"rating\":2168,\"seed\":\"sodium,78a23e678d872bfa16765570415e5a9a\"}\n>p1 switch 3\n>p2 move mightycleave\n>p1 move poltergeist\n>p2 switch 3\n>p1 move bodypress\n>p2 move knockoff\n>p1 move bodypress\n>p2 move stoneedge\n>p1 switch 2\n>p1 move earthquake\n>p2 move crabhammer\n>p2 switch 3\n>p1 move earthquake\n>p2 move closecombat\n>p1 switch 6\n>p1 move headsmash\n>p2 switch 2\n>p1 move headsmash\n>p2 move heavyslam\n>p2 switch 4\n>p1 move headsmash\n>p2 move dragonpulse\n>p1 switch 5\n>p1 move dragondance\n>p2 move dracometeor\n>p1 switch 4\n>p1 move shedtail\n>p2 switch 2\n>p1 switch 3\n>p1 move quiverdance\n>p2 move mightycleave\n>p1 move quiverdance terastallize\n>p2 move closecombat terastallize\n>chat \u2606TSM-Virgil|Fuck\n>chat \u2606TSM-Virgil|gg wp\n>chat \u2606aarvark2pt0|i was expecting ground but that's ok\n>p1 switch 3\n>p1 move dracometeor\n>p2 switch 2\n>p1 move dracometeor\n>p2 move dragonpulse\n>p2 switch 6\n>p1 move knockoff\n>p2 move dynamicpunch", "uploadtime": 1781407463, "views": 9, "formatid": "gen9randombattle", "rating": 2096, "private": 0, "password": null}