{"id": "gen9randombattle-2631795436", "format": "[Gen 9] Random Battle", "players": ["vCreeze", "Destinybreeders"], "log": "|j|\u2606vCreeze\n|j|\u2606Destinybreeders\n|t:|1781440831\n|gametype|singles\n|player|p1|vCreeze|marnie-masters|1995\n|player|p2|Destinybreeders|101|1907\n|gen|9\n|tier|[Gen 9] Random Battle\n|rated|\n|rule|Species Clause: Limit one of each Pok\u00e9mon\n|rule|HP Percentage Mod: HP is shown in percentages\n|rule|Sleep Clause Mod: Limit one foe put to sleep\n|rule|Illusion Level Mod: Illusion disguises the Pok\u00e9mon's true level\n|\n|t:|1781440831\n|teamsize|p1|6\n|teamsize|p2|6\n|start\n|switch|p1a: Pelipper|Pelipper, L86, M|243/243\n|switch|p2a: Toxtricity|Toxtricity, L82, F|257/257\n|-weather|RainDance|[from] ability: Drizzle|[of] p1a: Pelipper\n|turn|1\n|\n|t:|1781440856\n|switch|p1a: Mew|Mew, L82|298/298\n|move|p2a: Toxtricity|Boomburst|p1a: Mew\n|-damage|p1a: Mew|98/298\n|\n|-weather|RainDance|[upkeep]\n|-heal|p1a: Mew|116/298|[from] item: Leftovers\n|upkeep\n|turn|2\n|inactive|Battle timer is ON: inactive players will automatically lose when time's up. (requested by vCreeze)\n|\n|t:|1781440868\n|switch|p2a: Lanturn|Lanturn, L89, M|367/367\n|move|p1a: Mew|Stealth Rock|p2a: Lanturn\n|-sidestart|p2: Destinybreeders|move: Stealth Rock\n|\n|-weather|RainDance|[upkeep]\n|-heal|p1a: Mew|134/298|[from] item: Leftovers\n|upkeep\n|turn|3\n|\n|t:|1781440876\n|move|p1a: Mew|U-turn|p2a: Lanturn\n|-damage|p2a: Lanturn|309/367\n|\n|t:|1781440896\n|switch|p1a: Ninetales|Ninetales, L85, M|263/263|[from] U-turn\n|-weather|SunnyDay|[from] ability: Drought|[of] p1a: Ninetales\n|move|p2a: Lanturn|Thunder Wave|p1a: Ninetales|[miss]\n|-miss|p2a: Lanturn|p1a: Ninetales\n|\n|-weather|SunnyDay|[upkeep]\n|upkeep\n|turn|4\n|\n|t:|1781440905\n|move|p1a: Ninetales|Nasty Plot|p1a: Ninetales\n|-boost|p1a: Ninetales|spa|2\n|move|p2a: Lanturn|Thunder Wave|p1a: Ninetales|[miss]\n|-miss|p2a: Lanturn|p1a: Ninetales\n|\n|-weather|SunnyDay|[upkeep]\n|upkeep\n|turn|5\n|\n|t:|1781440911\n|-terastallize|p2a: Lanturn|Flying\n|move|p1a: Ninetales|Solar Beam||[still]\n|-prepare|p1a: Ninetales|Solar Beam\n|-anim|p1a: Ninetales|Solar Beam|p2a: Lanturn\n|-resisted|p2a: Lanturn\n|-damage|p2a: Lanturn|235/367\n|move|p2a: Lanturn|Thunder Wave|p1a: Ninetales\n|-status|p1a: Ninetales|par\n|\n|-weather|SunnyDay|[upkeep]\n|upkeep\n|turn|6\n|\n|t:|1781440920\n|move|p2a: Lanturn|Volt Switch|p1a: Ninetales\n|-damage|p1a: Ninetales|203/263 par\n|\n|t:|1781440925\n|switch|p2a: Camerupt|Camerupt, L91, F|275/275|[from] Volt Switch\n|-damage|p2a: Camerupt|241/275|[from] Stealth Rock\n|move|p1a: Ninetales|Fire Blast|p2a: Camerupt\n|-resisted|p2a: Camerupt\n|-damage|p2a: Camerupt|71/275\n|\n|-weather|SunnyDay|[upkeep]\n|-heal|p2a: Camerupt|88/275|[from] item: Leftovers\n|upkeep\n|turn|7\n|\n|t:|1781440938\n|switch|p1a: Pelipper|Pelipper, L86, M|243/243\n|-weather|RainDance|[from] ability: Drizzle|[of] p1a: Pelipper\n|move|p2a: Camerupt|Stealth Rock|p1a: Pelipper\n|-sidestart|p1: vCreeze|move: Stealth Rock\n|\n|-weather|RainDance|[upkeep]\n|-heal|p2a: Camerupt|105/275|[from] item: Leftovers\n|upkeep\n|turn|8\n|\n|t:|1781440944\n|switch|p2a: Florges|Florges, L85, F|271/271\n|-damage|p2a: Florges|238/271|[from] Stealth Rock\n|move|p1a: Pelipper|Weather Ball|p2a: Florges\n|-damage|p2a: Florges|96/271\n|\n|-weather|RainDance|[upkeep]\n|-heal|p2a: Florges|112/271|[from] item: Leftovers\n|upkeep\n|turn|9\n|\n|t:|1781440950\n|move|p2a: Florges|Moonblast|p1a: Pelipper\n|-damage|p1a: Pelipper|114/243\n|move|p1a: Pelipper|Weather Ball|p2a: Florges\n|-damage|p2a: Florges|0 fnt\n|faint|p2a: Florges\n|\n|-weather|RainDance|[upkeep]\n|upkeep\n|\n|t:|1781440962\n|switch|p2a: Lanturn|Lanturn, L89, M, tera:Flying|235/367\n|turn|10\n|\n|t:|1781440967\n|switch|p1a: Ninetales|Ninetales, L85, M|203/263 par\n|-weather|SunnyDay|[from] ability: Drought|[of] p1a: Ninetales\n|move|p2a: Lanturn|Thunderbolt|p1a: Ninetales\n|-damage|p1a: Ninetales|125/263 par\n|\n|-weather|SunnyDay|[upkeep]\n|upkeep\n|turn|11\n|\n|t:|1781440973\n|move|p2a: Lanturn|Scald|p1a: Ninetales\n|-supereffective|p1a: Ninetales\n|-damage|p1a: Ninetales|51/263 par\n|move|p1a: Ninetales|Fire Blast|p2a: Lanturn\n|-damage|p2a: Lanturn|67/367\n|\n|-weather|SunnyDay|[upkeep]\n|upkeep\n|turn|12\n|\n|t:|1781440979\n|move|p2a: Lanturn|Thunderbolt|p1a: Ninetales\n|-damage|p1a: Ninetales|0 fnt\n|faint|p1a: Ninetales\n|\n|-weather|SunnyDay|[upkeep]\n|upkeep\n|\n|t:|1781440989\n|switch|p1a: Mew|Mew, L82|134/298\n|-damage|p1a: Mew|97/298|[from] Stealth Rock\n|turn|13\n|\n|t:|1781441001\n|switch|p2a: Camerupt|Camerupt, L91, F|105/275\n|-damage|p2a: Camerupt|71/275|[from] Stealth Rock\n|move|p1a: Mew|Psychic|p2a: Camerupt\n|-damage|p2a: Camerupt|0 fnt\n|faint|p2a: Camerupt\n|\n|-weather|SunnyDay|[upkeep]\n|-heal|p1a: Mew|115/298|[from] item: Leftovers\n|upkeep\n|\n|t:|1781441012\n|switch|p2a: Flutter Mane|Flutter Mane, L74|203/203\n|-damage|p2a: Flutter Mane|178/203|[from] Stealth Rock\n|-activate|p2a: Flutter Mane|ability: Protosynthesis\n|-start|p2a: Flutter Mane|protosynthesisspa\n|turn|14\n|inactive|vCreeze has 120 seconds left.\n|\n|t:|1781441043\n|switch|p1a: Probopass|Probopass, L91, M|257/257\n|-damage|p1a: Probopass|241/257|[from] Stealth Rock\n|move|p2a: Flutter Mane|Shadow Ball|p1a: Probopass\n|-damage|p1a: Probopass|142/257\n|-unboost|p1a: Probopass|spd|1\n|\n|-weather|none\n|-end|p2a: Flutter Mane|Protosynthesis\n|-heal|p1a: Probopass|158/257|[from] item: Leftovers\n|upkeep\n|turn|15\n|\n|t:|1781441057\n|-end|p2a: Flutter Mane|Protosynthesis|[silent]\n|switch|p2a: Toxtricity|Toxtricity, L82, F|257/257\n|-damage|p2a: Toxtricity|225/257|[from] Stealth Rock\n|move|p1a: Probopass|Thunder Wave|p2a: Toxtricity\n|-immune|p2a: Toxtricity\n|\n|-heal|p1a: Probopass|174/257|[from] item: Leftovers\n|upkeep\n|turn|16\n|\n|t:|1781441066\n|switch|p1a: Pelipper|Pelipper, L86, M|114/243\n|-damage|p1a: Pelipper|54/243|[from] Stealth Rock\n|-weather|RainDance|[from] ability: Drizzle|[of] p1a: Pelipper\n|move|p2a: Toxtricity|Overdrive|p1a: Pelipper\n|-supereffective|p1a: Pelipper\n|-damage|p1a: Pelipper|0 fnt\n|faint|p1a: Pelipper\n|\n|-weather|RainDance|[upkeep]\n|upkeep\n|\n|t:|1781441070\n|switch|p1a: Mew|Mew, L82|115/298\n|-damage|p1a: Mew|78/298|[from] Stealth Rock\n|turn|17\n|\n|t:|1781441076\n|switch|p2a: Lanturn|Lanturn, L89, M, tera:Flying|67/367\n|move|p1a: Mew|Psychic|p2a: Lanturn\n|-damage|p2a: Lanturn|0 fnt\n|faint|p2a: Lanturn\n|\n|-weather|RainDance|[upkeep]\n|-heal|p1a: Mew|96/298|[from] item: Leftovers\n|upkeep\n|\n|t:|1781441078\n|switch|p2a: Flutter Mane|Flutter Mane, L74|178/203\n|-damage|p2a: Flutter Mane|153/203|[from] Stealth Rock\n|turn|18\n|\n|t:|1781441092\n|switch|p1a: Bombirdier|Bombirdier, L85, M|258/258\n|move|p2a: Flutter Mane|Shadow Ball|p1a: Bombirdier\n|-resisted|p1a: Bombirdier\n|-damage|p1a: Bombirdier|189/258\n|\n|-weather|RainDance|[upkeep]\n|upkeep\n|turn|19\n|\n|t:|1781441114\n|move|p2a: Flutter Mane|Shadow Ball|p1a: Bombirdier\n|-resisted|p1a: Bombirdier\n|-damage|p1a: Bombirdier|128/258\n|move|p1a: Bombirdier|Knock Off|p2a: Flutter Mane\n|-damage|p2a: Flutter Mane|0 fnt\n|-enditem|p2a: Flutter Mane|Choice Specs|[from] move: Knock Off|[of] p1a: Bombirdier\n|faint|p2a: Flutter Mane\n|-end|p2a: Flutter Mane|Protosynthesis|[silent]\n|\n|-weather|RainDance|[upkeep]\n|upkeep\n|\n|t:|1781441118\n|switch|p2a: Cetitan|Cetitan, L82, F|412/412\n|-damage|p2a: Cetitan|309/412|[from] Stealth Rock\n|turn|20\n|\n|t:|1781441126\n|move|p2a: Cetitan|Ice Shard|p1a: Bombirdier\n|-supereffective|p1a: Bombirdier\n|-damage|p1a: Bombirdier|38/258\n|move|p1a: Bombirdier|Knock Off|p2a: Cetitan\n|-damage|p2a: Cetitan|179/412\n|-enditem|p2a: Cetitan|Sitrus Berry|[from] move: Knock Off|[of] p1a: Bombirdier\n|\n|-weather|none\n|upkeep\n|turn|21\n|\n|t:|1781441137\n|switch|p1a: Probopass|Probopass, L91, M|174/257\n|-damage|p1a: Probopass|158/257|[from] Stealth Rock\n|move|p2a: Cetitan|Ice Shard|p1a: Probopass\n|-resisted|p1a: Probopass\n|-damage|p1a: Probopass|143/257\n|\n|-heal|p1a: Probopass|159/257|[from] item: Leftovers\n|upkeep\n|turn|22\n|\n|t:|1781441142\n|move|p2a: Cetitan|Earthquake|p1a: Probopass\n|-supereffective|p1a: Probopass\n|-damage|p1a: Probopass|0 fnt\n|faint|p1a: Probopass\n|\n|upkeep\n|\n|t:|1781441146\n|switch|p1a: Medicham|Medicham, L86, F|243/243\n|-damage|p1a: Medicham|228/243|[from] Stealth Rock\n|turn|23\n|\n|t:|1781441151\n|move|p1a: Medicham|Close Combat|p2a: Cetitan\n|-supereffective|p2a: Cetitan\n|-damage|p2a: Cetitan|0 fnt\n|-unboost|p1a: Medicham|def|1\n|-unboost|p1a: Medicham|spd|1\n|faint|p2a: Cetitan\n|\n|upkeep\n|-message|Destinybreeders forfeited.\n|\n|win|vCreeze\n", "inputlog": ">version a8376a258c1d4662feba110a92103f3664a72141\n>start {\"formatid\":\"gen9randombattle\",\"seed\":\"sodium,f376df307281d59c4d9588b5c11023da\",\"rated\":\"Rated battle\"}\n>player p1 {\"name\":\"vCreeze\",\"avatar\":\"marnie-masters\",\"rating\":1995,\"seed\":\"sodium,cbccea559fc089b0d750f18b0e0c5a41\"}\n>player p2 {\"name\":\"Destinybreeders\",\"avatar\":\"101\",\"rating\":1907,\"seed\":\"sodium,23307ea6bf8f09153e50ecb09e5f49af\"}\n>p1 switch 2\n>p2 move boomburst\n>p1 move stealthrock\n>p2 switch 5\n>p1 move uturn\n>p2 move thunderwave\n>p1 switch 5\n>p1 move nastyplot\n>p2 move thunderwave\n>p1 move solarbeam\n>p2 move thunderwave terastallize\n>p1 move fireblast\n>p2 move voltswitch\n>p2 switch 2\n>p1 switch 2\n>p2 move stealthrock\n>p1 move weatherball\n>p2 switch 6\n>p1 move weatherball\n>p2 move moonblast\n>p2 switch 2\n>p1 switch 2\n>p2 move thunderbolt\n>p1 move fireblast\n>p2 move scald\n>p1 move fireblast\n>p2 move thunderbolt\n>p1 switch 5\n>p1 move psychic\n>p2 switch 6\n>p2 switch 3\n>p1 switch 3\n>p2 move shadowball\n>p1 move thunderwave\n>p2 switch 5\n>p1 switch 2\n>p2 move overdrive\n>p1 switch 3\n>p1 move psychic\n>p2 switch 6\n>p2 switch 5\n>p1 switch 4\n>p2 move shadowball\n>p1 move knockoff\n>p2 move shadowball\n>p2 switch 4\n>p1 move knockoff\n>p2 move iceshard\n>p1 switch 2\n>p2 move iceshard\n>p1 move powergem\n>p2 move earthquake\n>p1 switch 6\n>p1 move closecombat\n>p2 move icespinner\n>forcelose p2", "uploadtime": 1781440832, "views": 6, "formatid": "gen9randombattle", "rating": null, "private": 0, "password": null}