{"id": "gen9randombattle-2631553547", "format": "[Gen 9] Random Battle", "players": ["Dastan14", "ChiiMew151"], "log": "|j|\u2606Dastan14\n|j|\u2606ChiiMew151\n|t:|1781400447\n|gametype|singles\n|player|p1|Dastan14|2|2024\n|player|p2|ChiiMew151|hilbert-wonderlauncher|1951\n|gen|9\n|tier|[Gen 9] Random Battle\n|rated|\n|rule|Species Clause: Limit one of each Pok\u00e9mon\n|rule|HP Percentage Mod: HP is shown in percentages\n|rule|Sleep Clause Mod: Limit one foe put to sleep\n|rule|Illusion Level Mod: Illusion disguises the Pok\u00e9mon's true level\n|\n|t:|1781400447\n|teamsize|p1|6\n|teamsize|p2|6\n|start\n|switch|p1a: Gogoat|Gogoat, L88, M|360/360\n|switch|p2a: Phione|Phione, L91|293/293\n|turn|1\n|inactive|Battle timer is ON: inactive players will automatically lose when time's up. (requested by ChiiMew151)\n|\n|t:|1781400469\n|switch|p2a: Scovillain|Scovillain, L91, F|266/266\n|move|p1a: Gogoat|Bulk Up|p1a: Gogoat\n|-boost|p1a: Gogoat|atk|1\n|-boost|p1a: Gogoat|def|1\n|\n|upkeep\n|turn|2\n|\n|t:|1781400481\n|switch|p1a: Glimmora|Glimmora, L75, F|248/248\n|move|p2a: Scovillain|Substitute|p2a: Scovillain\n|-start|p2a: Scovillain|Substitute\n|-damage|p2a: Scovillain|200/266\n|\n|-heal|p2a: Scovillain|216/266|[from] item: Leftovers\n|upkeep\n|turn|3\n|\n|t:|1781400490\n|move|p2a: Scovillain|Leech Seed|p1a: Glimmora\n|-start|p1a: Glimmora|move: Leech Seed\n|move|p1a: Glimmora|Mortal Spin|p2a: Scovillain\n|-supereffective|p2a: Scovillain\n|-activate|p2a: Scovillain|move: Substitute|[damage]\n|-end|p1a: Glimmora|Leech Seed|[from] move: Mortal Spin|[of] p1a: Glimmora\n|\n|-heal|p2a: Scovillain|232/266|[from] item: Leftovers\n|upkeep\n|turn|4\n|\n|t:|1781400500\n|move|p2a: Scovillain|Flamethrower|p1a: Glimmora\n|-resisted|p1a: Glimmora\n|-damage|p1a: Glimmora|197/248\n|move|p1a: Glimmora|Sludge Wave|p2a: Scovillain\n|-supereffective|p2a: Scovillain\n|-end|p2a: Scovillain|Substitute\n|\n|-heal|p2a: Scovillain|248/266|[from] item: Leftovers\n|upkeep\n|turn|5\n|\n|t:|1781400511\n|switch|p2a: Arbok|Arbok, L87, M|246/246\n|-ability|p2a: Arbok|Intimidate|boost\n|-unboost|p1a: Glimmora|atk|1\n|move|p1a: Glimmora|Mortal Spin|p2a: Arbok\n|-resisted|p2a: Arbok\n|-damage|p2a: Arbok|239/246\n|\n|-heal|p2a: Arbok|246/246|[from] item: Leftovers\n|upkeep\n|turn|6\n|\n|t:|1781400528\n|switch|p1a: Ampharos|Ampharos, L88, M|302/302\n|move|p2a: Arbok|Earthquake|p1a: Ampharos\n|-supereffective|p1a: Ampharos\n|-damage|p1a: Ampharos|168/302\n|\n|upkeep\n|turn|7\n|\n|t:|1781400536\n|move|p2a: Arbok|Coil|p2a: Arbok\n|-boost|p2a: Arbok|atk|1\n|-boost|p2a: Arbok|def|1\n|-boost|p2a: Arbok|accuracy|1\n|move|p1a: Ampharos|Thunderbolt|p2a: Arbok\n|-damage|p2a: Arbok|90/246\n|-status|p2a: Arbok|par\n|-damage|p1a: Ampharos|138/302|[from] item: Life Orb\n|\n|-heal|p2a: Arbok|105/246 par|[from] item: Leftovers\n|upkeep\n|turn|8\n|\n|t:|1781400547\n|move|p1a: Ampharos|Thunderbolt|p2a: Arbok\n|-damage|p2a: Arbok|0 fnt\n|faint|p2a: Arbok\n|-damage|p1a: Ampharos|108/302|[from] item: Life Orb\n|\n|upkeep\n|\n|t:|1781400556\n|switch|p2a: Scovillain|Scovillain, L91, F|248/266\n|turn|9\n|\n|t:|1781400563\n|move|p2a: Scovillain|Flamethrower|p1a: Ampharos\n|-damage|p1a: Ampharos|2/302\n|move|p1a: Ampharos|Thunderbolt|p2a: Scovillain\n|-resisted|p2a: Scovillain\n|-damage|p2a: Scovillain|153/266\n|-damage|p1a: Ampharos|0 fnt|[from] item: Life Orb\n|faint|p1a: Ampharos\n|\n|-heal|p2a: Scovillain|169/266|[from] item: Leftovers\n|upkeep\n|\n|t:|1781400575\n|switch|p1a: Glimmora|Glimmora, L75, F|197/248\n|turn|10\n|\n|t:|1781400589\n|switch|p2a: Phione|Phione, L91|293/293\n|move|p1a: Glimmora|Sludge Wave|p2a: Phione\n|-damage|p2a: Phione|187/293\n|\n|-heal|p2a: Phione|205/293|[from] item: Leftovers\n|upkeep\n|turn|11\n|\n|t:|1781400599\n|switch|p1a: Chansey|Chansey, L85, F|564/564\n|move|p2a: Phione|Take Heart|p2a: Phione\n|-boost|p2a: Phione|spa|1\n|-boost|p2a: Phione|spd|1\n|\n|-heal|p2a: Phione|223/293|[from] item: Leftovers\n|upkeep\n|turn|12\n|\n|t:|1781400614\n|switch|p2a: Avalugg|Avalugg, L88, F|310/310\n|move|p1a: Chansey|Stealth Rock|p2a: Avalugg\n|-sidestart|p2: ChiiMew151|move: Stealth Rock\n|\n|upkeep\n|turn|13\n|\n|t:|1781400631\n|move|p1a: Chansey|Thunder Wave|p2a: Avalugg\n|-status|p2a: Avalugg|par\n|cant|p2a: Avalugg|par\n|\n|upkeep\n|turn|14\n|\n|t:|1781400649\n|move|p1a: Chansey|Seismic Toss|p2a: Avalugg\n|-damage|p2a: Avalugg|225/310 par\n|cant|p2a: Avalugg|par\n|\n|upkeep\n|turn|15\n|\n|t:|1781400655\n|switch|p1a: Regice|Regice, L88|284/284\n|move|p2a: Avalugg|Recover|p2a: Avalugg\n|-heal|p2a: Avalugg|310/310 par\n|\n|upkeep\n|turn|16\n|\n|t:|1781400661\n|move|p1a: Regice|Thunderbolt|p2a: Avalugg\n|-damage|p2a: Avalugg|210/310 par\n|move|p2a: Avalugg|Rapid Spin|p1a: Regice\n|-damage|p1a: Regice|248/284\n|-boost|p2a: Avalugg|spe|1\n|-sideend|p2: ChiiMew151|Stealth Rock|[from] move: Rapid Spin|[of] p2a: Avalugg\n|\n|upkeep\n|turn|17\n|\n|t:|1781400669\n|move|p1a: Regice|Thunderbolt|p2a: Avalugg\n|-damage|p2a: Avalugg|106/310 par\n|move|p2a: Avalugg|Body Press|p1a: Regice\n|-supereffective|p1a: Regice\n|-damage|p1a: Regice|66/284\n|\n|upkeep\n|turn|18\n|\n|t:|1781400680\n|switch|p2a: Scovillain|Scovillain, L91, F|169/266\n|-terastallize|p1a: Regice|Electric\n|move|p1a: Regice|Thunderbolt|p2a: Scovillain\n|-resisted|p2a: Scovillain\n|-damage|p2a: Scovillain|112/266\n|\n|-heal|p2a: Scovillain|128/266|[from] item: Leftovers\n|upkeep\n|turn|19\n|\n|t:|1781400691\n|move|p2a: Scovillain|Flamethrower|p1a: Regice\n|-damage|p1a: Regice|9/284\n|move|p1a: Regice|Ice Beam|p2a: Scovillain\n|-damage|p2a: Scovillain|8/266\n|\n|-heal|p2a: Scovillain|24/266|[from] item: Leftovers\n|upkeep\n|turn|20\n|\n|t:|1781400704\n|switch|p1a: Glimmora|Glimmora, L75, F|197/248\n|move|p2a: Scovillain|Flamethrower|p1a: Glimmora\n|-resisted|p1a: Glimmora\n|-damage|p1a: Glimmora|150/248\n|\n|-heal|p2a: Scovillain|40/266|[from] item: Leftovers\n|upkeep\n|turn|21\n|\n|t:|1781400716\n|move|p2a: Scovillain|Leech Seed|p1a: Glimmora\n|-start|p1a: Glimmora|move: Leech Seed\n|move|p1a: Glimmora|Sludge Wave|p2a: Scovillain\n|-supereffective|p2a: Scovillain\n|-damage|p2a: Scovillain|0 fnt\n|faint|p2a: Scovillain\n|\n|upkeep\n|\n|t:|1781400730\n|switch|p2a: Phione|Phione, L91|223/293\n|turn|22\n|\n|t:|1781400736\n|switch|p1a: Chansey|Chansey, L85, F|564/564\n|move|p2a: Phione|Scald|p1a: Chansey\n|-damage|p1a: Chansey|509/564\n|\n|-heal|p2a: Phione|241/293|[from] item: Leftovers\n|upkeep\n|turn|23\n|\n|t:|1781400746\n|switch|p2a: Skeledirge|Skeledirge, L79, F|294/294\n|move|p1a: Chansey|Seismic Toss|p2a: Skeledirge\n|-immune|p2a: Skeledirge\n|\n|upkeep\n|turn|24\n|\n|t:|1781400756\n|move|p2a: Skeledirge|Flame Charge|p1a: Chansey\n|-damage|p1a: Chansey|425/564\n|-boost|p2a: Skeledirge|spe|1\n|move|p1a: Chansey|Stealth Rock|p2a: Skeledirge\n|-sidestart|p2: ChiiMew151|move: Stealth Rock\n|\n|upkeep\n|turn|25\n|\n|t:|1781400768\n|move|p2a: Skeledirge|Torch Song|p1a: Chansey\n|-damage|p1a: Chansey|373/564\n|-boost|p2a: Skeledirge|spa|1\n|move|p1a: Chansey|Thunder Wave|p2a: Skeledirge|[miss]\n|-miss|p1a: Chansey|p2a: Skeledirge\n|\n|upkeep\n|turn|26\n|\n|t:|1781400776\n|move|p2a: Skeledirge|Flame Charge|p1a: Chansey\n|-damage|p1a: Chansey|283/564\n|-boost|p2a: Skeledirge|spe|1\n|move|p1a: Chansey|Thunder Wave|p2a: Skeledirge\n|-status|p2a: Skeledirge|par\n|\n|upkeep\n|turn|27\n|\n|t:|1781400784\n|move|p2a: Skeledirge|Flame Charge|p1a: Chansey\n|-damage|p1a: Chansey|196/564\n|-boost|p2a: Skeledirge|spe|1\n|move|p1a: Chansey|Soft-Boiled|p1a: Chansey\n|-heal|p1a: Chansey|478/564\n|\n|upkeep\n|turn|28\n|\n|t:|1781400799\n|switch|p1a: Kyogre|Kyogre, L71|259/259\n|-weather|RainDance|[from] ability: Drizzle|[of] p1a: Kyogre\n|move|p2a: Skeledirge|Torch Song|p1a: Kyogre\n|-resisted|p1a: Kyogre\n|-damage|p1a: Kyogre|236/259\n|-boost|p2a: Skeledirge|spa|1\n|\n|-weather|RainDance|[upkeep]\n|upkeep\n|turn|29\n|\n|t:|1781400810\n|move|p1a: Kyogre|Origin Pulse|p2a: Skeledirge\n|-supereffective|p2a: Skeledirge\n|-damage|p2a: Skeledirge|0 fnt\n|faint|p2a: Skeledirge\n|\n|-weather|RainDance|[upkeep]\n|upkeep\n|-message|ChiiMew151 forfeited.\n|\n|win|Dastan14\n", "inputlog": ">version a8376a258c1d4662feba110a92103f3664a72141\n>start {\"formatid\":\"gen9randombattle\",\"seed\":\"sodium,328c6a38078b70627dc2aaabfd0725d6\",\"rated\":\"Rated battle\"}\n>player p1 {\"name\":\"Dastan14\",\"avatar\":\"2\",\"rating\":2024,\"seed\":\"sodium,b6098b2cd975fed94576b7598718b28f\"}\n>player p2 {\"name\":\"ChiiMew151\",\"avatar\":\"hilbert-wonderlauncher\",\"rating\":1951,\"seed\":\"sodium,b8f15e26f3f93c655817693eb2feb19e\"}\n>p1 move bulkup\n>p2 switch 2\n>p1 switch 4\n>p2 move substitute\n>p1 move mortalspin\n>p2 move leechseed\n>p1 move sludgewave\n>p2 move flamethrower\n>p1 move mortalspin\n>p2 switch 6\n>p1 switch 2\n>p2 move earthquake\n>p1 move thunderbolt\n>p2 move coil\n>p1 move thunderbolt\n>p2 move earthquake\n>p2 switch 6\n>p1 move thunderbolt\n>p2 move flamethrower\n>p1 switch 2\n>p1 move sludgewave\n>p2 switch 2\n>p1 switch 6\n>p2 move takeheart\n>p1 move stealthrock\n>p2 switch 5\n>p1 move thunderwave\n>p2 move rapidspin\n>p1 move seismictoss\n>p2 move rapidspin\n>p1 switch 3\n>p2 move recover\n>p1 move thunderbolt\n>p2 move rapidspin\n>p1 move thunderbolt\n>p2 move bodypress\n>p1 move thunderbolt terastallize\n>p2 switch 2\n>p1 move icebeam\n>p2 move flamethrower\n>p1 switch 6\n>p2 move flamethrower\n>p1 move sludgewave\n>p2 move leechseed\n>p2 switch 5\n>p1 switch 3\n>p2 move scald\n>p1 move seismictoss\n>p2 switch 4\n>p1 move stealthrock\n>p2 move flamecharge\n>p1 move thunderwave\n>p2 move torchsong\n>p1 move thunderwave\n>p2 move flamecharge\n>p1 move softboiled\n>p2 move flamecharge\n>p1 switch 5\n>p2 move torchsong\n>p1 move originpulse\n>p2 move shadowball\n>forcelose p2", "uploadtime": 1781400449, "views": 4, "formatid": "gen9randombattle", "rating": null, "private": 0, "password": null}