{"id": "gen9randombattle-2631658381", "format": "[Gen 9] Random Battle", "players": ["junghoking", "UseTheHood"], "log": "|j|\u2606junghoking\n|j|\u2606UseTheHood\n|t:|1781416375\n|gametype|singles\n|player|p1|junghoking|nate|2063\n|player|p2|UseTheHood|266|1975\n|gen|9\n|tier|[Gen 9] Random Battle\n|rated|\n|rule|Species Clause: Limit one of each Pok\u00e9mon\n|rule|HP Percentage Mod: HP is shown in percentages\n|rule|Sleep Clause Mod: Limit one foe put to sleep\n|rule|Illusion Level Mod: Illusion disguises the Pok\u00e9mon's true level\n|\n|t:|1781416375\n|teamsize|p1|6\n|teamsize|p2|6\n|start\n|switch|p1a: Suicune|Suicune, L82|298/298\n|switch|p2a: Trevenant|Trevenant, L89, F|296/296\n|-ability|p1a: Suicune|Pressure\n|turn|1\n|inactive|Battle timer is ON: inactive players will automatically lose when time's up. (requested by junghoking)\n|\n|t:|1781416382\n|switch|p1a: Meowscarada|Meowscarada, L78, F|247/247\n|move|p2a: Trevenant|Poltergeist|p1a: Meowscarada\n|-activate|p1a: Meowscarada|move: Poltergeist|Choice Band\n|-resisted|p1a: Meowscarada\n|-damage|p1a: Meowscarada|154/247\n|\n|upkeep\n|turn|2\n|\n|t:|1781416387\n|switch|p2a: Corviknight|Corviknight, L80, F|288/288\n|-ability|p2a: Corviknight|Pressure\n|move|p1a: Meowscarada|Knock Off|p2a: Corviknight\n|-start|p1a: Meowscarada|typechange|Dark|[from] ability: Protean\n|-damage|p2a: Corviknight|155/288\n|-damage|p1a: Meowscarada|113/247|[from] item: Rocky Helmet|[of] p2a: Corviknight\n|-enditem|p2a: Corviknight|Rocky Helmet|[from] move: Knock Off|[of] p1a: Meowscarada\n|\n|upkeep\n|turn|3\n|\n|t:|1781416393\n|switch|p1a: Mudsdale|Mudsdale, L83, M|302/302\n|move|p2a: Corviknight|Roost|p2a: Corviknight\n|-heal|p2a: Corviknight|288/288\n|-singleturn|p2a: Corviknight|move: Roost\n|\n|upkeep\n|turn|4\n|\n|t:|1781416399\n|switch|p2a: Trevenant|Trevenant, L89, F|296/296\n|move|p1a: Mudsdale|Stone Edge|p2a: Trevenant\n|-damage|p2a: Trevenant|208/296\n|\n|upkeep\n|turn|5\n|\n|t:|1781416412\n|move|p2a: Trevenant|Toxic|p1a: Mudsdale|[miss]\n|-miss|p2a: Trevenant|p1a: Mudsdale\n|move|p1a: Mudsdale|Heavy Slam|p2a: Trevenant\n|-damage|p2a: Trevenant|95/296\n|-enditem|p2a: Trevenant|Sitrus Berry|[eat]\n|-heal|p2a: Trevenant|169/296|[from] item: Sitrus Berry\n|\n|upkeep\n|turn|6\n|\n|t:|1781416417\n|switch|p1a: Orthworm|Orthworm, L88, F|266/266\n|move|p2a: Trevenant|Toxic|p1a: Orthworm\n|-immune|p1a: Orthworm\n|\n|upkeep\n|turn|7\n|\n|t:|1781416421\n|move|p1a: Orthworm|Stealth Rock|p2a: Trevenant\n|-sidestart|p2: UseTheHood|move: Stealth Rock\n|move|p2a: Trevenant|Drain Punch|p1a: Orthworm\n|-supereffective|p1a: Orthworm\n|-damage|p1a: Orthworm|188/266\n|-heal|p2a: Trevenant|208/296|[from] drain|[of] p1a: Orthworm\n|\n|-heal|p1a: Orthworm|204/266|[from] item: Leftovers\n|-item|p2a: Trevenant|Sitrus Berry|[from] ability: Harvest\n|upkeep\n|turn|8\n|\n|t:|1781416430\n|move|p1a: Orthworm|Shed Tail|p1a: Orthworm\n|-start|p1a: Orthworm|Substitute|[from] move: Shed Tail\n|-damage|p1a: Orthworm|71/266\n|\n|t:|1781416434\n|switch|p1a: Meowscarada|Meowscarada, L78, F|113/247|[from] Shed Tail\n|move|p2a: Trevenant|Drain Punch|p1a: Meowscarada\n|-supereffective|p1a: Meowscarada\n|-crit|p1a: Meowscarada\n|-end|p1a: Meowscarada|Substitute\n|-heal|p2a: Trevenant|241/296|[from] drain|[of] p1a: Meowscarada\n|\n|upkeep\n|turn|9\n|\n|t:|1781416437\n|switch|p2a: Corviknight|Corviknight, L80, F|288/288\n|-damage|p2a: Corviknight|252/288|[from] Stealth Rock\n|-ability|p2a: Corviknight|Pressure\n|move|p1a: Meowscarada|Knock Off|p2a: Corviknight\n|-start|p1a: Meowscarada|typechange|Dark|[from] ability: Protean\n|-damage|p2a: Corviknight|156/288\n|\n|upkeep\n|turn|10\n|\n|t:|1781416454\n|switch|p1a: Dewgong|Dewgong, L94, F|322/322\n|move|p2a: Corviknight|Roost|p2a: Corviknight\n|-heal|p2a: Corviknight|288/288\n|-singleturn|p2a: Corviknight|move: Roost\n|\n|upkeep\n|turn|11\n|\n|t:|1781416464\n|move|p1a: Dewgong|Flip Turn|p2a: Corviknight\n|-damage|p2a: Corviknight|225/288\n|\n|t:|1781416467\n|switch|p1a: Mudsdale|Mudsdale, L83, M|302/302|[from] Flip Turn\n|move|p2a: Corviknight|U-turn|p1a: Mudsdale\n|-damage|p1a: Mudsdale|264/302\n|-ability|p1a: Mudsdale|Stamina|boost\n|-boost|p1a: Mudsdale|def|1\n|\n|t:|1781416470\n|switch|p2a: Trevenant|Trevenant, L89, F|241/296|[from] U-turn\n|-damage|p2a: Trevenant|204/296|[from] Stealth Rock\n|\n|-heal|p1a: Mudsdale|282/302|[from] item: Leftovers\n|upkeep\n|turn|12\n|\n|t:|1781416480\n|-terastallize|p1a: Mudsdale|Steel\n|move|p2a: Trevenant|Toxic|p1a: Mudsdale|[miss]\n|-miss|p2a: Trevenant|p1a: Mudsdale\n|move|p1a: Mudsdale|Heavy Slam|p2a: Trevenant\n|-damage|p2a: Trevenant|38/296\n|-enditem|p2a: Trevenant|Sitrus Berry|[eat]\n|-heal|p2a: Trevenant|112/296|[from] item: Sitrus Berry\n|\n|-heal|p1a: Mudsdale|300/302|[from] item: Leftovers\n|-item|p2a: Trevenant|Sitrus Berry|[from] ability: Harvest\n|upkeep\n|-enditem|p2a: Trevenant|Sitrus Berry|[eat]\n|-heal|p2a: Trevenant|186/296|[from] item: Sitrus Berry\n|turn|13\n|\n|t:|1781416484\n|move|p2a: Trevenant|Protect|p2a: Trevenant\n|-singleturn|p2a: Trevenant|Protect\n|move|p1a: Mudsdale|Heavy Slam|p2a: Trevenant\n|-activate|p2a: Trevenant|move: Protect\n|\n|-heal|p1a: Mudsdale|302/302|[from] item: Leftovers\n|-item|p2a: Trevenant|Sitrus Berry|[from] ability: Harvest\n|upkeep\n|turn|14\n|\n|t:|1781416493\n|move|p2a: Trevenant|Drain Punch|p1a: Mudsdale\n|-supereffective|p1a: Mudsdale\n|-damage|p1a: Mudsdale|224/302\n|-heal|p2a: Trevenant|225/296|[from] drain|[of] p1a: Mudsdale\n|-ability|p1a: Mudsdale|Stamina|boost\n|-boost|p1a: Mudsdale|def|1\n|move|p1a: Mudsdale|Heavy Slam|p2a: Trevenant\n|-damage|p2a: Trevenant|75/296\n|-enditem|p2a: Trevenant|Sitrus Berry|[eat]\n|-heal|p2a: Trevenant|149/296|[from] item: Sitrus Berry\n|\n|-heal|p1a: Mudsdale|242/302|[from] item: Leftovers\n|-item|p2a: Trevenant|Sitrus Berry|[from] ability: Harvest\n|upkeep\n|turn|15\n|\n|t:|1781416504\n|switch|p2a: Sunflora|Sunflora, M|312/312\n|-damage|p2a: Sunflora|273/312|[from] Stealth Rock\n|move|p1a: Mudsdale|Heavy Slam|p2a: Sunflora\n|-damage|p2a: Sunflora|107/312\n|\n|-heal|p1a: Mudsdale|260/302|[from] item: Leftovers\n|upkeep\n|turn|16\n|\n|t:|1781416508\n|move|p2a: Sunflora|Earth Power|p1a: Mudsdale\n|-supereffective|p1a: Mudsdale\n|-damage|p1a: Mudsdale|5/302\n|-ability|p1a: Mudsdale|Stamina|boost\n|-boost|p1a: Mudsdale|def|1\n|-damage|p2a: Sunflora|76/312|[from] item: Life Orb\n|move|p1a: Mudsdale|Heavy Slam|p2a: Sunflora\n|-damage|p2a: Sunflora|0 fnt\n|faint|p2a: Sunflora\n|\n|-heal|p1a: Mudsdale|23/302|[from] item: Leftovers\n|upkeep\n|\n|t:|1781416525\n|switch|p2a: Trevenant|Trevenant, L89, F|149/296\n|-damage|p2a: Trevenant|112/296|[from] Stealth Rock\n|-enditem|p2a: Trevenant|Sitrus Berry|[eat]\n|-heal|p2a: Trevenant|186/296|[from] item: Sitrus Berry\n|turn|17\n|\n|t:|1781416529\n|move|p2a: Trevenant|Drain Punch|p1a: Mudsdale\n|-supereffective|p1a: Mudsdale\n|-crit|p1a: Mudsdale\n|-damage|p1a: Mudsdale|0 fnt\n|-heal|p2a: Trevenant|198/296|[from] drain|[of] p1a: Mudsdale\n|faint|p1a: Mudsdale\n|\n|-item|p2a: Trevenant|Sitrus Berry|[from] ability: Harvest\n|upkeep\n|\n|t:|1781416545\n|switch|p1a: Sunflora|Sunflora, M|312/312\n|turn|18\n|\n|t:|1781416557\n|move|p2a: Trevenant|Poltergeist|p1a: Sunflora\n|-activate|p1a: Sunflora|move: Poltergeist|Life Orb\n|-damage|p1a: Sunflora|144/312\n|move|p1a: Sunflora|Sunny Day|p1a: Sunflora\n|-weather|SunnyDay\n|\n|-weather|SunnyDay|[upkeep]\n|upkeep\n|turn|19\n|\n|t:|1781416563\n|move|p2a: Trevenant|Protect|p2a: Trevenant\n|-singleturn|p2a: Trevenant|Protect\n|move|p1a: Sunflora|Weather Ball|p2a: Trevenant\n|-activate|p2a: Trevenant|move: Protect\n|\n|-weather|SunnyDay|[upkeep]\n|upkeep\n|turn|20\n|\n|t:|1781416567\n|switch|p2a: Wugtrio|Wugtrio, L91, F|212/212\n|-damage|p2a: Wugtrio|186/212|[from] Stealth Rock\n|move|p1a: Sunflora|Weather Ball|p2a: Wugtrio\n|-resisted|p2a: Wugtrio\n|-damage|p2a: Wugtrio|65/212\n|-damage|p1a: Sunflora|113/312|[from] item: Life Orb\n|\n|-weather|SunnyDay|[upkeep]\n|upkeep\n|turn|21\n|\n|t:|1781416584\n|switch|p1a: Suicune|Suicune, L82|298/298\n|-ability|p1a: Suicune|Pressure\n|move|p2a: Wugtrio|Throat Chop|p1a: Suicune\n|-damage|p1a: Suicune|218/298\n|-start|p1a: Suicune|Throat Chop|[silent]\n|\n|-weather|SunnyDay|[upkeep]\n|-heal|p1a: Suicune|236/298|[from] item: Leftovers\n|upkeep\n|turn|22\n|\n|t:|1781416608\n|move|p2a: Wugtrio|Throat Chop|p1a: Suicune\n|-damage|p1a: Suicune|155/298\n|move|p1a: Suicune|Calm Mind|p1a: Suicune\n|-boost|p1a: Suicune|spa|1\n|-boost|p1a: Suicune|spd|1\n|\n|-weather|none\n|-heal|p1a: Suicune|173/298|[from] item: Leftovers\n|-end|p1a: Suicune|Throat Chop|[silent]\n|upkeep\n|turn|23\n|\n|t:|1781416622\n|move|p2a: Wugtrio|Throat Chop|p1a: Suicune\n|-damage|p1a: Suicune|93/298\n|-start|p1a: Suicune|Throat Chop|[silent]\n|move|p1a: Suicune|Scald|p2a: Wugtrio\n|-resisted|p2a: Wugtrio\n|-damage|p2a: Wugtrio|0 fnt\n|faint|p2a: Wugtrio\n|\n|-heal|p1a: Suicune|111/298|[from] item: Leftovers\n|upkeep\n|\n|t:|1781416626\n|switch|p2a: Blaziken|Blaziken, L76, M|247/247\n|-damage|p2a: Blaziken|217/247|[from] Stealth Rock\n|turn|24\n|\n|t:|1781416631\n|-terastallize|p2a: Blaziken|Dark\n|move|p1a: Suicune|Scald|p2a: Blaziken\n|-damage|p2a: Blaziken|79/247\n|move|p2a: Blaziken|Swords Dance|p2a: Blaziken\n|-boost|p2a: Blaziken|atk|2\n|\n|-heal|p1a: Suicune|129/298|[from] item: Leftovers\n|-end|p1a: Suicune|Throat Chop|[silent]\n|-ability|p2a: Blaziken|Speed Boost|boost\n|-boost|p2a: Blaziken|spe|1\n|upkeep\n|turn|25\n|\n|t:|1781416641\n|move|p2a: Blaziken|Knock Off|p1a: Suicune\n|-damage|p1a: Suicune|0 fnt\n|-enditem|p1a: Suicune|Leftovers|[from] move: Knock Off|[of] p2a: Blaziken\n|faint|p1a: Suicune\n|-damage|p2a: Blaziken|55/247|[from] item: Life Orb\n|\n|-ability|p2a: Blaziken|Speed Boost|boost\n|-boost|p2a: Blaziken|spe|1\n|upkeep\n|\n|t:|1781416653\n|switch|p1a: Orthworm|Orthworm, L88, F|71/266\n|turn|26\n|\n|t:|1781416663\n|move|p2a: Blaziken|Close Combat|p1a: Orthworm\n|-supereffective|p1a: Orthworm\n|-damage|p1a: Orthworm|0 fnt\n|-unboost|p2a: Blaziken|def|1\n|-unboost|p2a: Blaziken|spd|1\n|faint|p1a: Orthworm\n|-damage|p2a: Blaziken|31/247|[from] item: Life Orb\n|\n|-ability|p2a: Blaziken|Speed Boost|boost\n|-boost|p2a: Blaziken|spe|1\n|upkeep\n|\n|t:|1781416683\n|switch|p1a: Sunflora|Sunflora, M|113/312\n|turn|27\n|\n|t:|1781416691\n|move|p2a: Blaziken|Close Combat|p1a: Sunflora\n|-damage|p1a: Sunflora|0 fnt\n|-unboost|p2a: Blaziken|def|1\n|-unboost|p2a: Blaziken|spd|1\n|faint|p1a: Sunflora\n|-damage|p2a: Blaziken|7/247|[from] item: Life Orb\n|\n|-ability|p2a: Blaziken|Speed Boost|boost\n|-boost|p2a: Blaziken|spe|1\n|upkeep\n|\n|t:|1781416702\n|switch|p1a: Meowscarada|Meowscarada, L78, F|113/247\n|turn|28\n|\n|t:|1781416706\n|move|p2a: Blaziken|Close Combat|p1a: Meowscarada\n|-supereffective|p1a: Meowscarada\n|-damage|p1a: Meowscarada|0 fnt\n|-unboost|p2a: Blaziken|def|1\n|-unboost|p2a: Blaziken|spd|1\n|faint|p1a: Meowscarada\n|-damage|p2a: Blaziken|0 fnt|[from] item: Life Orb\n|faint|p2a: Blaziken\n|\n|upkeep\n|\n|t:|1781416713\n|switch|p1a: Dewgong|Dewgong, L94, F|322/322\n|switch|p2a: Corviknight|Corviknight, L80, F|225/288\n|-damage|p2a: Corviknight|189/288|[from] Stealth Rock\n|-ability|p2a: Corviknight|Pressure\n|turn|29\n|\n|t:|1781416717\n|move|p1a: Dewgong|Triple Axel|p2a: Corviknight\n|-damage|p2a: Corviknight|168/288\n|-damage|p2a: Corviknight|131/288\n|-damage|p2a: Corviknight|77/288\n|-hitcount|p2a: Corviknight|3\n|move|p2a: Corviknight|Body Press|p1a: Dewgong\n|-supereffective|p1a: Dewgong\n|-damage|p1a: Dewgong|218/322\n|\n|upkeep\n|turn|30\n|\n|t:|1781416728\n|move|p1a: Dewgong|Surf|p2a: Corviknight\n|-damage|p2a: Corviknight|0 fnt\n|faint|p2a: Corviknight\n|\n|upkeep\n|\n|t:|1781416734\n|switch|p2a: Sandslash|Sandslash, L89, F|278/278\n|-damage|p2a: Sandslash|261/278|[from] Stealth Rock\n|turn|31\n|\n|t:|1781416739\n|move|p1a: Dewgong|Triple Axel|p2a: Sandslash\n|-supereffective|p2a: Sandslash\n|-damage|p2a: Sandslash|225/278\n|-supereffective|p2a: Sandslash\n|-damage|p2a: Sandslash|157/278\n|-supereffective|p2a: Sandslash\n|-damage|p2a: Sandslash|49/278\n|-hitcount|p2a: Sandslash|3\n|move|p2a: Sandslash|Rapid Spin|p1a: Dewgong\n|-damage|p1a: Dewgong|181/322\n|-boost|p2a: Sandslash|spe|1\n|-sideend|p2: UseTheHood|Stealth Rock|[from] move: Rapid Spin|[of] p2a: Sandslash\n|\n|-heal|p2a: Sandslash|66/278|[from] item: Leftovers\n|upkeep\n|turn|32\n|\n|t:|1781416755\n|move|p2a: Sandslash|Earthquake|p1a: Dewgong\n|-damage|p1a: Dewgong|61/322\n|move|p1a: Dewgong|Surf|p2a: Sandslash\n|-supereffective|p2a: Sandslash\n|-damage|p2a: Sandslash|0 fnt\n|faint|p2a: Sandslash\n|\n|upkeep\n|\n|t:|1781416756\n|switch|p2a: Trevenant|Trevenant, L89, F|198/296\n|turn|33\n|\n|t:|1781416759\n|move|p1a: Dewgong|Triple Axel|p2a: Trevenant|[miss]\n|-miss|p1a: Dewgong|p2a: Trevenant\n|move|p2a: Trevenant|Drain Punch|p1a: Dewgong\n|-supereffective|p1a: Dewgong\n|-damage|p1a: Dewgong|0 fnt\n|-heal|p2a: Trevenant|229/296|[from] drain|[of] p1a: Dewgong\n|faint|p1a: Dewgong\n|\n|win|UseTheHood\n", "inputlog": ">version a8376a258c1d4662feba110a92103f3664a72141\n>start {\"formatid\":\"gen9randombattle\",\"seed\":\"sodium,3b37d006570e33a7b80306fe30fe71ec\",\"rated\":\"Rated battle\"}\n>player p1 {\"name\":\"junghoking\",\"avatar\":\"nate\",\"rating\":2063,\"seed\":\"sodium,a0aa0f275e00bfb8e02fd29925e430d6\"}\n>player p2 {\"name\":\"UseTheHood\",\"avatar\":\"266\",\"rating\":1975,\"seed\":\"sodium,8d71e13452ddf200133226657237b65d\"}\n>p1 switch 4\n>p2 move poltergeist\n>p1 move knockoff\n>p2 switch 6\n>p1 switch 3\n>p2 move roost\n>p1 move stoneedge\n>p2 switch 6\n>p1 move heavyslam\n>p2 move toxic\n>p1 switch 2\n>p2 move toxic\n>p1 move stealthrock\n>p2 move drainpunch\n>p1 move shedtail\n>p2 move drainpunch\n>p1 switch 3\n>p1 move knockoff\n>p2 switch 6\n>p1 switch 5\n>p2 move roost\n>p1 move flipturn\n>p2 move uturn\n>p1 switch 2\n>p2 switch 6\n>p1 move heavyslam terastallize\n>p2 move toxic\n>p1 move heavyslam\n>p2 move protect\n>p1 move heavyslam\n>p2 move drainpunch\n>p1 move heavyslam\n>p2 switch 3\n>p1 move heavyslam\n>p2 move earthpower\n>p2 switch 3\n>p1 move heavyslam\n>p2 move drainpunch\n>p1 switch 6\n>p1 move sunnyday\n>p2 move poltergeist\n>p1 move weatherball\n>p2 move protect\n>p1 move weatherball\n>p2 switch 2\n>p1 switch 4\n>p2 move throatchop\n>p1 move calmmind\n>p2 move throatchop\n>p1 move scald\n>p2 move throatchop\n>p2 switch 5\n>p1 move scald\n>p2 move swordsdance terastallize\n>p1 move scald\n>p2 move knockoff\n>p1 switch 3\n>p1 move bodypress\n>p2 move closecombat\n>p1 switch 4\n>p1 move sunnyday\n>p2 move closecombat\n>p1 switch 5\n>p1 move uturn\n>p2 move closecombat\n>p1 switch 2\n>p2 switch 6\n>p1 move tripleaxel\n>p2 move bodypress\n>p1 move surf\n>p2 move bodypress\n>p2 switch 4\n>p1 move tripleaxel\n>p2 move rapidspin\n>p1 move surf\n>p2 move earthquake\n>p2 switch 2\n>p1 move tripleaxel\n>p2 move drainpunch", "uploadtime": 1781416379, "views": 5, "formatid": "gen9randombattle", "rating": null, "private": 0, "password": null}