{"id": "gen9randombattle-2631726852", "format": "[Gen 9] Random Battle", "players": ["dinisw", "G nuff h by N.B hy"], "log": "|j|\u2606dinisw\n|j|\u2606G nuff h by N.B hy\n|t:|1781429426\n|gametype|singles\n|player|p1|dinisw|102|1043\n|player|p2|G nuff h by N.B hy|1|1000\n|gen|9\n|tier|[Gen 9] Random Battle\n|rated|\n|rule|Species Clause: Limit one of each Pok\u00e9mon\n|rule|HP Percentage Mod: HP is shown in percentages\n|rule|Sleep Clause Mod: Limit one foe put to sleep\n|rule|Illusion Level Mod: Illusion disguises the Pok\u00e9mon's true level\n|\n|t:|1781429426\n|teamsize|p1|6\n|teamsize|p2|6\n|start\n|switch|p1a: Leafeon|Leafeon, L88, F|258/258\n|switch|p2a: Araquanid|Araquanid, L82, F|246/246\n|turn|1\n|\n|t:|1781429438\n|move|p1a: Leafeon|Swords Dance|p1a: Leafeon\n|-boost|p1a: Leafeon|atk|2\n|move|p2a: Araquanid|Sticky Web|p1a: Leafeon\n|-sidestart|p1: dinisw|move: Sticky Web\n|\n|upkeep\n|turn|2\n|inactive|Battle timer is ON: inactive players will automatically lose when time's up. (requested by dinisw)\n|\n|t:|1781429448\n|switch|p2a: Flamigo|Flamigo, L82, F|269/269\n|move|p1a: Leafeon|Swords Dance|p1a: Leafeon\n|-boost|p1a: Leafeon|atk|2\n|\n|upkeep\n|turn|3\n|\n|t:|1781429461\n|move|p1a: Leafeon|Double-Edge|p2a: Flamigo\n|-damage|p2a: Flamigo|0 fnt\n|faint|p2a: Flamigo\n|-damage|p1a: Leafeon|169/258|[from] Recoil\n|-damage|p1a: Leafeon|144/258|[from] item: Life Orb\n|\n|upkeep\n|\n|t:|1781429469\n|switch|p2a: Oricorio|Oricorio-Sensu, L85, F|266/266\n|turn|4\n|\n|t:|1781429472\n|move|p1a: Leafeon|Knock Off|p2a: Oricorio\n|-supereffective|p2a: Oricorio\n|-damage|p2a: Oricorio|0 fnt\n|-enditem|p2a: Oricorio|Heavy-Duty Boots|[from] move: Knock Off|[of] p1a: Leafeon\n|faint|p2a: Oricorio\n|-damage|p1a: Leafeon|119/258|[from] item: Life Orb\n|\n|upkeep\n|\n|t:|1781429478\n|switch|p2a: Iron Crown|Iron Crown, L78|268/268\n|turn|5\n|\n|t:|1781429483\n|-terastallize|p2a: Iron Crown|Fighting\n|move|p1a: Leafeon|Knock Off|p2a: Iron Crown\n|-resisted|p2a: Iron Crown\n|-damage|p2a: Iron Crown|121/268\n|-enditem|p2a: Iron Crown|Choice Specs|[from] move: Knock Off|[of] p1a: Leafeon\n|-damage|p1a: Leafeon|94/258|[from] item: Life Orb\n|move|p2a: Iron Crown|Tachyon Cutter|p1a: Leafeon\n|-damage|p1a: Leafeon|28/258\n|-damage|p1a: Leafeon|0 fnt\n|faint|p1a: Leafeon\n|-hitcount|p1: Leafeon|2\n|\n|upkeep\n|\n|t:|1781429495\n|switch|p1a: Regigigas|Regigigas, L84|322/322\n|-activate|p1a: Regigigas|move: Sticky Web\n|-unboost|p1a: Regigigas|spe|1\n|-start|p1a: Regigigas|ability: Slow Start\n|turn|6\n|\n|t:|1781429503\n|move|p2a: Iron Crown|Focus Blast|p1a: Regigigas\n|-supereffective|p1a: Regigigas\n|-crit|p1a: Regigigas\n|-damage|p1a: Regigigas|0 fnt\n|faint|p1a: Regigigas\n|-end|p1a: Regigigas|Slow Start|[silent]\n|\n|upkeep\n|\n|t:|1781429511\n|switch|p1a: Infernape|Infernape, L82, M|259/259\n|-activate|p1a: Infernape|move: Sticky Web\n|-unboost|p1a: Infernape|spe|1\n|turn|7\n|\n|t:|1781429518\n|move|p2a: Iron Crown|Psyshock|p1a: Infernape\n|-supereffective|p1a: Infernape\n|-damage|p1a: Infernape|35/259\n|move|p1a: Infernape|Overheat|p2a: Iron Crown\n|-damage|p2a: Iron Crown|0 fnt\n|-unboost|p1a: Infernape|spa|2\n|faint|p2a: Iron Crown\n|-end|p2a: Iron Crown|Quark Drive|[silent]\n|-damage|p1a: Infernape|10/259|[from] item: Life Orb\n|\n|upkeep\n|\n|t:|1781429531\n|switch|p2a: Farigiraf|Farigiraf, L90, F|362/362\n|turn|8\n|\n|t:|1781429539\n|move|p2a: Farigiraf|Body Slam|p1a: Infernape\n|-damage|p1a: Infernape|0 fnt\n|faint|p1a: Infernape\n|\n|upkeep\n|\n|t:|1781429554\n|switch|p1a: Cacturne|Cacturne, L92, M|278/278\n|-activate|p1a: Cacturne|move: Sticky Web\n|-unboost|p1a: Cacturne|spe|1\n|turn|9\n|\n|t:|1781429563\n|switch|p2a: Araquanid|Araquanid, L82, F|246/246\n|-terastallize|p1a: Cacturne|Dark\n|move|p1a: Cacturne|Sucker Punch||[still]\n|-fail|p1a: Cacturne\n|\n|upkeep\n|turn|10\n|\n|t:|1781429572\n|move|p2a: Araquanid|Leech Life|p1a: Cacturne\n|-supereffective|p1a: Cacturne\n|-damage|p1a: Cacturne|128/278\n|move|p1a: Cacturne|Swords Dance|p1a: Cacturne\n|-boost|p1a: Cacturne|atk|2\n|\n|upkeep\n|turn|11\n|\n|t:|1781429579\n|move|p1a: Cacturne|Sucker Punch|p2a: Araquanid\n|-damage|p2a: Araquanid|0 fnt\n|faint|p2a: Araquanid\n|-damage|p1a: Cacturne|101/278|[from] item: Life Orb\n|\n|upkeep\n|\n|t:|1781429582\n|switch|p2a: Tsareena|Tsareena, L87, F|267/267\n|turn|12\n|\n|t:|1781429586\n|move|p1a: Cacturne|Sucker Punch||[still]\n|cant|p2a: Tsareena|ability: Queenly Majesty|Sucker Punch|[of] p1a: Cacturne\n|move|p2a: Tsareena|High Jump Kick|p1a: Cacturne|[miss]\n|-miss|p2a: Tsareena|p1a: Cacturne\n|-damage|p2a: Tsareena|134/267|[from] highjumpkick\n|\n|upkeep\n|turn|13\n|\n|t:|1781429597\n|move|p2a: Tsareena|Power Whip|p1a: Cacturne\n|-damage|p1a: Cacturne|0 fnt\n|faint|p1a: Cacturne\n|\n|upkeep\n|\n|t:|1781429607\n|switch|p1a: Pincurchin|Pincurchin, F|258/258\n|-activate|p1a: Pincurchin|move: Sticky Web\n|-unboost|p1a: Pincurchin|spe|1\n|-fieldstart|move: Electric Terrain|[from] ability: Electric Surge|[of] p1a: Pincurchin\n|turn|14\n|\n|t:|1781429619\n|move|p2a: Tsareena|Knock Off|p1a: Pincurchin\n|-damage|p1a: Pincurchin|190/258\n|-enditem|p1a: Pincurchin|Leftovers|[from] move: Knock Off|[of] p2a: Tsareena\n|move|p1a: Pincurchin|Curse|p1a: Pincurchin\n|-unboost|p1a: Pincurchin|spe|1\n|-boost|p1a: Pincurchin|atk|1\n|-boost|p1a: Pincurchin|def|1\n|\n|upkeep\n|turn|15\n|\n|t:|1781429628\n|switch|p2a: Farigiraf|Farigiraf, L90, F|362/362\n|move|p1a: Pincurchin|Curse|p1a: Pincurchin\n|-unboost|p1a: Pincurchin|spe|1\n|-boost|p1a: Pincurchin|atk|1\n|-boost|p1a: Pincurchin|def|1\n|\n|upkeep\n|turn|16\n|\n|t:|1781429636\n|move|p2a: Farigiraf|Psychic Noise|p1a: Pincurchin\n|-damage|p1a: Pincurchin|94/258\n|-start|p1a: Pincurchin|move: Heal Block\n|move|p1a: Pincurchin|Curse|p1a: Pincurchin\n|-unboost|p1a: Pincurchin|spe|1\n|-boost|p1a: Pincurchin|atk|1\n|-boost|p1a: Pincurchin|def|1\n|\n|upkeep\n|turn|17\n|\n|t:|1781429647\n|move|p2a: Farigiraf|Psychic Noise|p1a: Pincurchin\n|-damage|p1a: Pincurchin|9/258\n|move|p1a: Pincurchin|Zing Zap|p2a: Farigiraf\n|-damage|p2a: Farigiraf|0 fnt\n|faint|p2a: Farigiraf\n|\n|-end|p1a: Pincurchin|move: Heal Block\n|upkeep\n|\n|t:|1781429654\n|switch|p2a: Tsareena|Tsareena, L87, F|134/267\n|turn|18\n|\n|t:|1781429657\n|move|p2a: Tsareena|Power Whip|p1a: Pincurchin\n|-damage|p1a: Pincurchin|0 fnt\n|faint|p1a: Pincurchin\n|\n|-fieldend|move: Electric Terrain\n|upkeep\n|\n|t:|1781429662\n|switch|p1a: Lucario|Lucario, L84, M|255/255\n|-activate|p1a: Lucario|move: Sticky Web\n|-unboost|p1a: Lucario|spe|1\n|turn|19\n|\n|t:|1781429669\n|move|p1a: Lucario|Extreme Speed||[still]\n|cant|p2a: Tsareena|ability: Queenly Majesty|Extreme Speed|[of] p1a: Lucario\n|move|p2a: Tsareena|High Jump Kick|p1a: Lucario\n|-supereffective|p1a: Lucario\n|-damage|p1a: Lucario|0 fnt\n|faint|p1a: Lucario\n|\n|win|G nuff h by N.B hy\n|raw|dinisw's rating: 1043 &rarr; <strong>1025</strong><br />(-18 for losing)\n|raw|G nuff h by N.B hy's rating: 1000 &rarr; <strong>1045</strong><br />(+45 for winning)\n", "inputlog": ">version a8376a258c1d4662feba110a92103f3664a72141\n>start {\"formatid\":\"gen9randombattle\",\"seed\":\"sodium,37564675a1a3bcb99f689f60d4bff712\",\"rated\":\"Rated battle\"}\n>player p1 {\"name\":\"dinisw\",\"avatar\":\"102\",\"rating\":1043,\"seed\":\"sodium,e02450e2b092c428fde1e30fc067a497\"}\n>player p2 {\"name\":\"G nuff h by N.B hy\",\"avatar\":\"1\",\"rating\":1000,\"seed\":\"sodium,98583fee71c74e085d824c6dacf32ba2\"}\n>p1 move swordsdance\n>p2 move stickyweb\n>p1 move swordsdance\n>p2 switch 3\n>p1 move doubleedge\n>p2 move bravebird\n>p2 switch 2\n>p1 move knockoff\n>p2 move quiverdance\n>p2 switch 5\n>p1 move knockoff\n>p2 move tachyoncutter terastallize\n>p1 switch 4\n>p1 move bodyslam\n>p2 move focusblast\n>p1 switch 3\n>p1 move overheat\n>p2 move psyshock\n>p2 switch 4\n>p1 move closecombat\n>p2 move bodyslam\n>p1 switch 6\n>p1 move suckerpunch terastallize\n>p2 switch 3\n>p1 move swordsdance\n>p2 move leechlife\n>p1 move suckerpunch\n>p2 move leechlife\n>p2 switch 6\n>p1 move suckerpunch\n>p2 move highjumpkick\n>p1 move knockoff\n>p2 move powerwhip\n>p1 switch 5\n>p1 move curse\n>p2 move knockoff\n>p1 move curse\n>p2 switch 3\n>p1 move curse\n>p2 move psychicnoise\n>p1 move zingzap\n>p2 move psychicnoise\n>p2 switch 3\n>p1 move recover\n>p2 move powerwhip\n>p1 switch 2\n>p1 move extremespeed\n>p2 move highjumpkick", "uploadtime": 1781429677, "views": 3, "formatid": "gen9randombattle", "rating": 1025, "private": 0, "password": null}