{"id": "gen9randombattle-2631764661", "format": "[Gen 9] Random Battle", "players": ["Tuki VN", "woxihuanni"], "log": "|j|\u2606Tuki VN\n|j|\u2606woxihuanni\n|t:|1781436030\n|gametype|singles\n|player|p1|Tuki VN|lance-gen1rb|2016\n|player|p2|woxihuanni|169|2095\n|gen|9\n|tier|[Gen 9] Random Battle\n|rated|\n|rule|Species Clause: Limit one of each Pok\u00e9mon\n|rule|HP Percentage Mod: HP is shown in percentages\n|rule|Sleep Clause Mod: Limit one foe put to sleep\n|rule|Illusion Level Mod: Illusion disguises the Pok\u00e9mon's true level\n|\n|t:|1781436030\n|teamsize|p1|6\n|teamsize|p2|6\n|start\n|switch|p1a: Donphan|Donphan, L84, F|288/288\n|switch|p2a: Kyogre|Kyogre, L71|259/259\n|-weather|RainDance|[from] ability: Drizzle|[of] p2a: Kyogre\n|turn|1\n|\n|t:|1781436045\n|move|p2a: Kyogre|Water Spout|p1a: Donphan\n|-supereffective|p1a: Donphan\n|-ability|p1a: Donphan|Sturdy\n|-damage|p1a: Donphan|1/288\n|move|p1a: Donphan|Knock Off|p2a: Kyogre\n|-damage|p2a: Kyogre|161/259\n|-enditem|p2a: Kyogre|Choice Scarf|[from] move: Knock Off|[of] p1a: Donphan\n|\n|-weather|RainDance|[upkeep]\n|upkeep\n|turn|2\n|\n|t:|1781436057\n|move|p2a: Kyogre|Water Spout|p1a: Donphan\n|-supereffective|p1a: Donphan\n|-damage|p1a: Donphan|0 fnt\n|faint|p1a: Donphan\n|\n|-weather|RainDance|[upkeep]\n|upkeep\n|\n|t:|1781436064\n|switch|p1a: Archaludon|Archaludon, L78, F|268/268\n|turn|3\n|\n|t:|1781436071\n|switch|p2a: Lumineon|Lumineon, L93, M|279/279\n|move|p1a: Archaludon|Dragon Tail|p2a: Lumineon\n|-damage|p2a: Lumineon|219/279\n|drag|p2a: Kyogre|Kyogre, L71|161/259\n|\n|-weather|RainDance|[upkeep]\n|upkeep\n|turn|4\n|\n|t:|1781436077\n|move|p1a: Archaludon|Body Press|p2a: Kyogre\n|-damage|p2a: Kyogre|87/259\n|move|p2a: Kyogre|Ice Beam|p1a: Archaludon\n|-damage|p1a: Archaludon|210/268\n|-ability|p1a: Archaludon|Stamina|boost\n|-boost|p1a: Archaludon|def|1\n|\n|-weather|RainDance|[upkeep]\n|upkeep\n|turn|5\n|\n|t:|1781436084\n|switch|p2a: Lumineon|Lumineon, L93, M|219/279\n|move|p1a: Archaludon|Body Press|p2a: Lumineon\n|-damage|p2a: Lumineon|131/279\n|\n|-weather|none\n|upkeep\n|turn|6\n|\n|t:|1781436090\n|move|p2a: Lumineon|Ice Beam|p1a: Archaludon\n|-damage|p1a: Archaludon|140/268\n|-ability|p1a: Archaludon|Stamina|boost\n|-boost|p1a: Archaludon|def|1\n|-damage|p2a: Lumineon|104/279|[from] item: Life Orb\n|move|p1a: Archaludon|Body Press|p2a: Lumineon\n|-damage|p2a: Lumineon|0 fnt\n|faint|p2a: Lumineon\n|\n|upkeep\n|\n|t:|1781436095\n|switch|p2a: Iron Crown|Iron Crown, L78|268/268\n|turn|7\n|\n|t:|1781436100\n|switch|p1a: Sableye|Sableye, L88, F|231/231\n|move|p2a: Iron Crown|Focus Blast|p1a: Sableye\n|-immune|p1a: Sableye\n|\n|upkeep\n|turn|8\n|\n|t:|1781436107\n|-end|p2a: Iron Crown|Quark Drive|[silent]\n|switch|p2a: Magcargo|Magcargo, L95, F|268/268\n|move|p1a: Sableye|Knock Off|p2a: Magcargo\n|-damage|p2a: Magcargo|208/268\n|-ability|p2a: Magcargo|Weak Armor|boost\n|-unboost|p2a: Magcargo|def|1\n|-boost|p2a: Magcargo|spe|2\n|-enditem|p2a: Magcargo|Heavy-Duty Boots|[from] move: Knock Off|[of] p1a: Sableye\n|\n|upkeep\n|turn|9\n|\n|t:|1781436113\n|switch|p2a: Shiftry|Shiftry, L89, F|305/305\n|move|p1a: Sableye|Thunder Wave|p2a: Shiftry\n|-hint|Since gen 7, Dark is immune to Prankster moves.\n|-immune|p2a: Shiftry\n|\n|upkeep\n|turn|10\n|\n|t:|1781436118\n|switch|p1a: Fezandipiti|Fezandipiti, L82, M|278/278\n|move|p2a: Shiftry|Knock Off|p1a: Fezandipiti\n|-resisted|p1a: Fezandipiti\n|-damage|p1a: Fezandipiti|212/278\n|-enditem|p1a: Fezandipiti|Leftovers|[from] move: Knock Off|[of] p2a: Shiftry\n|\n|upkeep\n|turn|11\n|inactive|Battle timer is ON: inactive players will automatically lose when time's up. (requested by woxihuanni)\n|\n|t:|1781436127\n|switch|p2a: Magcargo|Magcargo, L95, F|208/268\n|move|p1a: Fezandipiti|Beat Up|p2a: Magcargo\n|-damage|p2a: Magcargo|202/268\n|-ability|p2a: Magcargo|Weak Armor|boost\n|-unboost|p2a: Magcargo|def|1\n|-boost|p2a: Magcargo|spe|2\n|-status|p2a: Magcargo|tox|[from] ability: Toxic Chain|[of] p1a: Fezandipiti\n|-damage|p2a: Magcargo|191/268 tox\n|-ability|p2a: Magcargo|Weak Armor|boost\n|-unboost|p2a: Magcargo|def|1\n|-boost|p2a: Magcargo|spe|2\n|-damage|p2a: Magcargo|180/268 tox\n|-ability|p2a: Magcargo|Weak Armor|boost\n|-unboost|p2a: Magcargo|def|1\n|-boost|p2a: Magcargo|spe|2\n|-damage|p2a: Magcargo|166/268 tox\n|-ability|p2a: Magcargo|Weak Armor|boost\n|-unboost|p2a: Magcargo|def|1\n|-crit|p2a: Magcargo\n|-damage|p2a: Magcargo|138/268 tox\n|-ability|p2a: Magcargo|Weak Armor|boost\n|-unboost|p2a: Magcargo|def|1\n|-hitcount|p2a: Magcargo|5\n|\n|-damage|p2a: Magcargo|122/268 tox|[from] psn\n|upkeep\n|turn|12\n|\n|t:|1781436136\n|switch|p1a: Dondozo|Dondozo, L78, F|362/362\n|move|p2a: Magcargo|Fire Blast|p1a: Dondozo\n|-resisted|p1a: Dondozo\n|-damage|p1a: Dondozo|273/362\n|-status|p1a: Dondozo|brn\n|\n|-heal|p1a: Dondozo|295/362 brn|[from] item: Leftovers\n|-damage|p2a: Magcargo|90/268 tox|[from] psn\n|-damage|p1a: Dondozo|273/362 brn|[from] brn\n|upkeep\n|turn|13\n|\n|t:|1781436147\n|switch|p2a: Kyogre|Kyogre, L71|87/259\n|-weather|RainDance|[from] ability: Drizzle|[of] p2a: Kyogre\n|move|p1a: Dondozo|Rest|p1a: Dondozo\n|-status|p1a: Dondozo|slp|[from] move: Rest\n|-heal|p1a: Dondozo|362/362 slp|[silent]\n|\n|-weather|RainDance|[upkeep]\n|upkeep\n|turn|14\n|\n|t:|1781436152\n|switch|p1a: Archaludon|Archaludon, L78, F|140/268\n|move|p2a: Kyogre|Thunder|p1a: Archaludon\n|-resisted|p1a: Archaludon\n|-damage|p1a: Archaludon|105/268\n|-ability|p1a: Archaludon|Stamina|boost\n|-boost|p1a: Archaludon|def|1\n|\n|-weather|RainDance|[upkeep]\n|upkeep\n|turn|15\n|\n|t:|1781436156\n|switch|p2a: Slowbro|Slowbro-Galar, L87, M|307/307\n|move|p1a: Archaludon|Body Press|p2a: Slowbro\n|-resisted|p2a: Slowbro\n|-damage|p2a: Slowbro|286/307\n|\n|-weather|RainDance|[upkeep]\n|upkeep\n|turn|16\n|\n|t:|1781436162\n|move|p1a: Archaludon|Draco Meteor|p2a: Slowbro\n|-damage|p2a: Slowbro|178/307\n|-unboost|p1a: Archaludon|spa|2\n|move|p2a: Slowbro|Earthquake|p1a: Archaludon\n|-supereffective|p1a: Archaludon\n|-crit|p1a: Archaludon\n|-damage|p1a: Archaludon|0 fnt\n|faint|p1a: Archaludon\n|\n|-weather|RainDance|[upkeep]\n|upkeep\n|\n|t:|1781436166\n|switch|p1a: Sableye|Sableye, L88, F|231/231\n|turn|17\n|\n|t:|1781436177\n|switch|p2a: Magcargo|Magcargo, L95, F|90/268 tox\n|move|p1a: Sableye|Knock Off|p2a: Magcargo\n|-damage|p2a: Magcargo|42/268 tox\n|-ability|p2a: Magcargo|Weak Armor|boost\n|-unboost|p2a: Magcargo|def|1\n|-boost|p2a: Magcargo|spe|2\n|\n|-weather|none\n|-damage|p2a: Magcargo|26/268 tox|[from] psn\n|upkeep\n|turn|18\n|\n|t:|1781436185\n|move|p2a: Magcargo|Fire Blast|p1a: Sableye|[miss]\n|-miss|p2a: Magcargo|p1a: Sableye\n|move|p1a: Sableye|Knock Off|p2a: Magcargo\n|-damage|p2a: Magcargo|0 fnt\n|faint|p2a: Magcargo\n|\n|upkeep\n|\n|t:|1781436190\n|switch|p2a: Shiftry|Shiftry, L89, F|305/305\n|turn|19\n|\n|t:|1781436193\n|switch|p2a: Iron Crown|Iron Crown, L78|268/268\n|switch|p1a: Fezandipiti|Fezandipiti, L82, M|212/278\n|\n|upkeep\n|turn|20\n|\n|t:|1781436204\n|move|p1a: Fezandipiti|Beat Up|p2a: Iron Crown\n|-supereffective|p2a: Iron Crown\n|-damage|p2a: Iron Crown|248/268\n|-supereffective|p2a: Iron Crown\n|-damage|p2a: Iron Crown|232/268\n|-supereffective|p2a: Iron Crown\n|-damage|p2a: Iron Crown|214/268\n|-hitcount|p2a: Iron Crown|3\n|move|p2a: Iron Crown|Tachyon Cutter|p1a: Fezandipiti\n|-supereffective|p1a: Fezandipiti\n|-damage|p1a: Fezandipiti|72/278\n|-supereffective|p1a: Fezandipiti\n|-damage|p1a: Fezandipiti|0 fnt\n|faint|p1a: Fezandipiti\n|-hitcount|p1: Fezandipiti|2\n|\n|upkeep\n|\n|t:|1781436212\n|switch|p1a: Bellossom|Bellossom, L84, F|263/263\n|turn|21\n|\n|t:|1781436216\n|-end|p2a: Iron Crown|Quark Drive|[silent]\n|switch|p2a: Slowbro|Slowbro-Galar, L87, M|280/307\n|move|p1a: Bellossom|Quiver Dance|p1a: Bellossom\n|-boost|p1a: Bellossom|spa|1\n|-boost|p1a: Bellossom|spd|1\n|-boost|p1a: Bellossom|spe|1\n|\n|upkeep\n|turn|22\n|\n|t:|1781436225\n|move|p1a: Bellossom|Quiver Dance|p1a: Bellossom\n|-boost|p1a: Bellossom|spa|1\n|-boost|p1a: Bellossom|spd|1\n|-boost|p1a: Bellossom|spe|1\n|move|p2a: Slowbro|Shell Side Arm|p1a: Bellossom|[anim] Shell Side Arm Physical\n|-supereffective|p1a: Bellossom\n|-damage|p1a: Bellossom|59/263\n|-hint|Physical Shell Side Arm\n|-status|p1a: Bellossom|psn\n|\n|-heal|p1a: Bellossom|75/263 psn|[from] item: Leftovers\n|-damage|p1a: Bellossom|43/263 psn|[from] psn\n|upkeep\n|turn|23\n|\n|t:|1781436239\n|move|p1a: Bellossom|Strength Sap|p2a: Slowbro\n|-unboost|p2a: Slowbro|atk|1\n|-heal|p1a: Bellossom|263/263 psn\n|move|p2a: Slowbro|Shell Side Arm|p1a: Bellossom|[anim] Shell Side Arm Physical\n|-supereffective|p1a: Bellossom\n|-damage|p1a: Bellossom|131/263 psn\n|-hint|Physical Shell Side Arm\n|\n|-heal|p1a: Bellossom|147/263 psn|[from] item: Leftovers\n|-damage|p1a: Bellossom|115/263 psn|[from] psn\n|upkeep\n|turn|24\n|\n|t:|1781436243\n|switch|p2a: Iron Crown|Iron Crown, L78|214/268\n|move|p1a: Bellossom|Strength Sap|p2a: Iron Crown\n|-unboost|p2a: Iron Crown|atk|1\n|-heal|p1a: Bellossom|232/263 psn\n|\n|-heal|p1a: Bellossom|248/263 psn|[from] item: Leftovers\n|-damage|p1a: Bellossom|216/263 psn|[from] psn\n|upkeep\n|turn|25\n|\n|t:|1781436251\n|move|p1a: Bellossom|Quiver Dance|p1a: Bellossom\n|-boost|p1a: Bellossom|spa|1\n|-boost|p1a: Bellossom|spd|1\n|-boost|p1a: Bellossom|spe|1\n|move|p2a: Iron Crown|Psyshock|p1a: Bellossom\n|-damage|p1a: Bellossom|81/263 psn\n|\n|-heal|p1a: Bellossom|97/263 psn|[from] item: Leftovers\n|-damage|p1a: Bellossom|65/263 psn|[from] psn\n|upkeep\n|turn|26\n|\n|t:|1781436259\n|move|p1a: Bellossom|Giga Drain|p2a: Iron Crown\n|-resisted|p2a: Iron Crown\n|-damage|p2a: Iron Crown|136/268\n|-heal|p1a: Bellossom|104/263 psn|[from] drain|[of] p2a: Iron Crown\n|move|p2a: Iron Crown|Psyshock|p1a: Bellossom\n|-damage|p1a: Bellossom|0 fnt\n|faint|p1a: Bellossom\n|\n|upkeep\n|-message|Tuki VN forfeited.\n|\n|win|woxihuanni\n", "inputlog": ">version a8376a258c1d4662feba110a92103f3664a72141\n>start {\"formatid\":\"gen9randombattle\",\"seed\":\"sodium,870e1ab98e7a65e456ceb9457f95ae33\",\"rated\":\"Rated battle\"}\n>player p1 {\"name\":\"Tuki VN\",\"avatar\":\"lance-gen1rb\",\"rating\":2016,\"seed\":\"sodium,f68029aa9dac66b0ffb39cc2c42ada38\"}\n>player p2 {\"name\":\"woxihuanni\",\"avatar\":\"169\",\"rating\":2095,\"seed\":\"sodium,3ece7f2748ace05c709e814064c4a877\"}\n>p1 move knockoff\n>p2 move waterspout\n>p1 move knockoff\n>p2 move waterspout\n>p1 switch 6\n>p1 move dragontail\n>p2 switch 5\n>p1 move bodypress\n>p2 move icebeam\n>p1 move bodypress\n>p2 switch 5\n>p1 move bodypress\n>p2 move icebeam\n>p2 switch 4\n>p1 switch 5\n>p2 move focusblast\n>p1 move knockoff\n>p2 switch 2\n>p1 move thunderwave\n>p2 switch 6\n>p1 switch 3\n>p2 move knockoff\n>p1 move beatup\n>p2 switch 6\n>p1 switch 2\n>p2 move fireblast\n>p1 move rest\n>p2 switch 5\n>p1 switch 5\n>p2 move thunder\n>p1 move bodypress\n>p2 switch 3\n>p1 move dracometeor\n>p2 move earthquake\n>p1 switch 3\n>p1 move knockoff\n>p2 switch 5\n>p1 move knockoff\n>p2 move fireblast\n>p2 switch 6\n>p1 switch 2\n>p2 switch 2\n>p1 move beatup\n>p2 move tachyoncutter\n>p1 switch 4\n>p1 move quiverdance\n>p2 switch 5\n>p1 move quiverdance\n>p2 move shellsidearm\n>p1 move strengthsap\n>p2 move shellsidearm\n>p1 move strengthsap\n>p2 switch 5\n>p1 move quiverdance\n>p2 move psyshock\n>p1 move gigadrain\n>p2 move psyshock\n>forcelose p1", "uploadtime": 1781436032, "views": 4, "formatid": "gen9randombattle", "rating": null, "private": 0, "password": null}