{"id": "gen9randombattle-2631518888", "format": "[Gen 9] Random Battle", "players": ["Chicken347", "Pokeoke"], "log": "|j|\u2606Chicken347\n|j|\u2606Pokeoke\n|t:|1781395645\n|gametype|singles\n|player|p1|Chicken347|266|1984\n|player|p2|Pokeoke|265|2009\n|gen|9\n|tier|[Gen 9] Random Battle\n|rated|\n|rule|Species Clause: Limit one of each Pok\u00e9mon\n|rule|HP Percentage Mod: HP is shown in percentages\n|rule|Sleep Clause Mod: Limit one foe put to sleep\n|rule|Illusion Level Mod: Illusion disguises the Pok\u00e9mon's true level\n|\n|t:|1781395645\n|teamsize|p1|6\n|teamsize|p2|6\n|start\n|switch|p1a: Poliwrath|Poliwrath, L88, M|302/302\n|switch|p2a: Articuno|Articuno-Galar, L84|288/288\n|turn|1\n|\n|t:|1781395656\n|switch|p1a: Morpeko|Morpeko, L88, F|245/245\n|move|p2a: Articuno|Freezing Glare|p1a: Morpeko\n|-immune|p1a: Morpeko\n|\n|-formechange|p1a: Morpeko|Morpeko-Hangry||[from] ability: Hunger Switch\n|upkeep\n|turn|2\n|\n|t:|1781395662\n|switch|p2a: Muk|Muk-Alola, L82, M|306/306\n|move|p1a: Morpeko|Parting Shot|p2a: Muk\n|-unboost|p2a: Muk|atk|1\n|-unboost|p2a: Muk|spa|1\n|inactive|Battle timer is ON: inactive players will automatically lose when time's up. (requested by Chicken347)\n|\n|t:|1781395683\n|switch|p1a: Poliwrath|Poliwrath, L88, M|302/302|[from] Parting Shot\n|\n|upkeep\n|turn|3\n|\n|t:|1781395692\n|switch|p2a: Dipplin|Dipplin, L88, F|284/284\n|move|p1a: Poliwrath|Knock Off|p2a: Dipplin\n|-damage|p2a: Dipplin|246/284\n|-activate|p2a: Dipplin|ability: Sticky Hold\n|\n|upkeep\n|turn|4\n|\n|t:|1781395704\n|switch|p1a: Vileplume|Vileplume, L85, F|266/266\n|move|p2a: Dipplin|Dragon Pulse|p1a: Vileplume\n|-damage|p1a: Vileplume|172/266\n|\n|-heal|p1a: Vileplume|188/266|[from] item: Leftovers\n|upkeep\n|turn|5\n|\n|t:|1781395711\n|switch|p2a: Muk|Muk-Alola, L82, M|306/306\n|move|p1a: Vileplume|Sleep Powder|p2a: Muk|[miss]\n|-miss|p1a: Vileplume|p2a: Muk\n|\n|-heal|p1a: Vileplume|204/266|[from] item: Leftovers\n|upkeep\n|turn|6\n|\n|t:|1781395723\n|switch|p1a: Eternatus|Eternatus, L69|308/308\n|-ability|p1a: Eternatus|Pressure\n|move|p2a: Muk|Knock Off|p1a: Eternatus\n|-damage|p1a: Eternatus|190/308\n|-enditem|p1a: Eternatus|Leftovers|[from] move: Knock Off|[of] p2a: Muk\n|\n|upkeep\n|turn|7\n|\n|t:|1781395741\n|move|p1a: Eternatus|Toxic Spikes|p2a: Muk\n|-sidestart|p2: Pokeoke|move: Toxic Spikes\n|move|p2a: Muk|Ice Punch|p1a: Eternatus\n|-supereffective|p1a: Eternatus\n|-damage|p1a: Eternatus|70/308\n|\n|upkeep\n|turn|8\n|\n|t:|1781395746\n|move|p1a: Eternatus|Recover|p1a: Eternatus\n|-heal|p1a: Eternatus|224/308\n|move|p2a: Muk|Ice Punch|p1a: Eternatus\n|-supereffective|p1a: Eternatus\n|-damage|p1a: Eternatus|96/308\n|\n|upkeep\n|turn|9\n|\n|t:|1781395748\n|move|p1a: Eternatus|Recover|p1a: Eternatus\n|-heal|p1a: Eternatus|250/308\n|move|p2a: Muk|Ice Punch|p1a: Eternatus\n|-supereffective|p1a: Eternatus\n|-damage|p1a: Eternatus|128/308\n|\n|upkeep\n|turn|10\n|\n|t:|1781395750\n|move|p1a: Eternatus|Recover|p1a: Eternatus\n|-heal|p1a: Eternatus|282/308\n|move|p2a: Muk|Ice Punch|p1a: Eternatus\n|-supereffective|p1a: Eternatus\n|-damage|p1a: Eternatus|154/308\n|\n|upkeep\n|turn|11\n|\n|t:|1781395761\n|switch|p1a: Poliwrath|Poliwrath, L88, M|302/302\n|move|p2a: Muk|Ice Punch|p1a: Poliwrath\n|-resisted|p1a: Poliwrath\n|-damage|p1a: Poliwrath|278/302\n|-status|p1a: Poliwrath|frz\n|\n|-heal|p1a: Poliwrath|296/302 frz|[from] item: Leftovers\n|upkeep\n|turn|12\n|\n|t:|1781395768\n|-curestatus|p1a: Poliwrath|frz|[msg]\n|move|p1a: Poliwrath|Knock Off|p2a: Muk\n|-resisted|p2a: Muk\n|-damage|p2a: Muk|264/306\n|-enditem|p2a: Muk|Assault Vest|[from] move: Knock Off|[of] p1a: Poliwrath\n|move|p2a: Muk|Knock Off|p1a: Poliwrath\n|-resisted|p1a: Poliwrath\n|-damage|p1a: Poliwrath|252/302\n|-enditem|p1a: Poliwrath|Leftovers|[from] move: Knock Off|[of] p2a: Muk\n|\n|upkeep\n|turn|13\n|\n|t:|1781395785\n|switch|p2a: Articuno|Articuno-Galar, L84|288/288\n|move|p1a: Poliwrath|Drain Punch|p2a: Articuno\n|-resisted|p2a: Articuno\n|-damage|p2a: Articuno|268/288\n|-heal|p1a: Poliwrath|262/302|[from] drain|[of] p2a: Articuno\n|\n|upkeep\n|turn|14\n|\n|t:|1781395790\n|switch|p1a: Morpeko|Morpeko, L88, F|245/245\n|move|p2a: Articuno|Hurricane|p1a: Morpeko\n|-resisted|p1a: Morpeko\n|-damage|p1a: Morpeko|161/245\n|\n|-formechange|p1a: Morpeko|Morpeko-Hangry||[from] ability: Hunger Switch\n|upkeep\n|turn|15\n|\n|t:|1781395799\n|switch|p2a: Muk|Muk-Alola, L82, M|264/306\n|-sideend|p2: Pokeoke|move: Toxic Spikes|[of] p2a: Muk\n|move|p1a: Morpeko|Parting Shot|p2a: Muk\n|-unboost|p2a: Muk|atk|1\n|-unboost|p2a: Muk|spa|1\n|\n|t:|1781395808\n|switch|p1a: Eternatus|Eternatus, L69|154/308|[from] Parting Shot\n|-ability|p1a: Eternatus|Pressure\n|\n|upkeep\n|turn|16\n|\n|t:|1781395823\n|switch|p2a: Articuno|Articuno-Galar, L84|268/288\n|move|p1a: Eternatus|Dynamax Cannon|p2a: Articuno\n|-damage|p2a: Articuno|183/288\n|\n|upkeep\n|turn|17\n|inactive|Chicken347 has 120 seconds left.\n|\n|t:|1781395856\n|switch|p1a: Ninetales|Ninetales, L85, F|263/263\n|-weather|SunnyDay|[from] ability: Drought|[of] p1a: Ninetales\n|move|p2a: Articuno|Freezing Glare|p1a: Ninetales\n|-damage|p1a: Ninetales|158/263\n|\n|-weather|SunnyDay|[upkeep]\n|upkeep\n|turn|18\n|\n|t:|1781395867\n|switch|p2a: Palkia|Palkia, L75|259/259\n|-ability|p2a: Palkia|Pressure\n|move|p1a: Ninetales|Nasty Plot|p1a: Ninetales\n|-boost|p1a: Ninetales|spa|2\n|\n|-weather|SunnyDay|[upkeep]\n|upkeep\n|turn|19\n|\n|t:|1781395874\n|move|p1a: Ninetales|Solar Beam||[still]\n|-prepare|p1a: Ninetales|Solar Beam\n|-anim|p1a: Ninetales|Solar Beam|p2a: Palkia\n|-damage|p2a: Palkia|129/259\n|move|p2a: Palkia|Spacial Rend|p1a: Ninetales\n|-damage|p1a: Ninetales|2/263\n|\n|-weather|SunnyDay|[upkeep]\n|upkeep\n|turn|20\n|\n|t:|1781395881\n|move|p1a: Ninetales|Solar Beam||[still]\n|-prepare|p1a: Ninetales|Solar Beam\n|-anim|p1a: Ninetales|Solar Beam|p2a: Palkia\n|-crit|p2a: Palkia\n|-damage|p2a: Palkia|0 fnt\n|faint|p2a: Palkia\n|\n|-weather|SunnyDay|[upkeep]\n|upkeep\n|\n|t:|1781395886\n|switch|p2a: Electrode|Electrode, L92|260/260\n|turn|21\n|\n|t:|1781395897\n|move|p2a: Electrode|Thunderbolt|p1a: Ninetales\n|-damage|p1a: Ninetales|0 fnt\n|faint|p1a: Ninetales\n|-damage|p2a: Electrode|234/260|[from] item: Life Orb\n|\n|-weather|none\n|upkeep\n|\n|t:|1781395909\n|switch|p1a: Wo-Chien|Wo-Chien, L83|277/277\n|-ability|p1a: Wo-Chien|Tablets of Ruin\n|turn|22\n|\n|t:|1781395922\n|switch|p2a: Dipplin|Dipplin, L88, F|246/284\n|move|p1a: Wo-Chien|Stun Spore|p2a: Dipplin\n|-immune|p2a: Dipplin\n|\n|upkeep\n|turn|23\n|\n|t:|1781395931\n|move|p1a: Wo-Chien|Protect|p1a: Wo-Chien\n|-singleturn|p1a: Wo-Chien|Protect\n|move|p2a: Dipplin|Dragon Pulse|p1a: Wo-Chien\n|-activate|p1a: Wo-Chien|move: Protect\n|\n|upkeep\n|turn|24\n|\n|t:|1781395936\n|switch|p1a: Vileplume|Vileplume, L85, F|204/266\n|move|p2a: Dipplin|Dragon Pulse|p1a: Vileplume\n|-damage|p1a: Vileplume|113/266\n|\n|-heal|p1a: Vileplume|129/266|[from] item: Leftovers\n|upkeep\n|turn|25\n|\n|t:|1781395943\n|move|p1a: Vileplume|Sludge Bomb|p2a: Dipplin\n|-supereffective|p2a: Dipplin\n|-damage|p2a: Dipplin|96/284\n|move|p2a: Dipplin|Dragon Pulse|p1a: Vileplume\n|-damage|p1a: Vileplume|32/266\n|\n|-heal|p1a: Vileplume|48/266|[from] item: Leftovers\n|upkeep\n|turn|26\n|\n|t:|1781395954\n|switch|p2a: Muk|Muk-Alola, L82, M|264/306\n|move|p1a: Vileplume|Sleep Powder|p2a: Muk\n|-status|p2a: Muk|slp|[from] move: Sleep Powder\n|\n|-heal|p1a: Vileplume|64/266|[from] item: Leftovers\n|upkeep\n|turn|27\n|\n|t:|1781395960\n|switch|p2a: Articuno|Articuno-Galar, L84|183/288\n|move|p1a: Vileplume|Strength Sap|p2a: Articuno\n|-unboost|p2a: Articuno|atk|1\n|-ability|p2a: Articuno|Competitive|boost\n|-boost|p2a: Articuno|spa|2\n|-heal|p1a: Vileplume|211/266\n|\n|-heal|p1a: Vileplume|227/266|[from] item: Leftovers\n|upkeep\n|turn|28\n|\n|t:|1781395969\n|move|p2a: Articuno|Hurricane|p1a: Vileplume|[miss]\n|-miss|p2a: Articuno|p1a: Vileplume\n|move|p1a: Vileplume|Sludge Bomb|p2a: Articuno\n|-damage|p2a: Articuno|80/288\n|\n|-heal|p1a: Vileplume|243/266|[from] item: Leftovers\n|upkeep\n|turn|29\n|\n|t:|1781395976\n|move|p2a: Articuno|Hurricane|p1a: Vileplume\n|-supereffective|p1a: Vileplume\n|-damage|p1a: Vileplume|0 fnt\n|faint|p1a: Vileplume\n|\n|upkeep\n|\n|t:|1781395979\n|switch|p1a: Morpeko|Morpeko, L88, F|161/245\n|turn|30\n|\n|t:|1781395983\n|move|p1a: Morpeko|Aura Wheel|p2a: Articuno\n|-supereffective|p2a: Articuno\n|-damage|p2a: Articuno|0 fnt\n|-boost|p1a: Morpeko|spe|1\n|faint|p2a: Articuno\n|\n|-formechange|p1a: Morpeko|Morpeko-Hangry||[from] ability: Hunger Switch\n|upkeep\n|\n|t:|1781395987\n|switch|p2a: Dipplin|Dipplin, L88, F|96/284\n|turn|31\n|\n|t:|1781396000\n|move|p1a: Morpeko|Aura Wheel|p2a: Dipplin\n|-damage|p2a: Dipplin|23/284\n|-boost|p1a: Morpeko|spe|1\n|move|p2a: Dipplin|Recover|p2a: Dipplin\n|-heal|p2a: Dipplin|165/284\n|\n|-formechange|p1a: Morpeko|Morpeko||[from] ability: Hunger Switch\n|upkeep\n|turn|32\n|\n|t:|1781396004\n|move|p1a: Morpeko|Parting Shot|p2a: Dipplin\n|-unboost|p2a: Dipplin|atk|1\n|-unboost|p2a: Dipplin|spa|1\n|\n|t:|1781396009\n|switch|p1a: Eternatus|Eternatus, L69|154/308|[from] Parting Shot\n|-ability|p1a: Eternatus|Pressure\n|move|p2a: Dipplin|Recover|p2a: Dipplin\n|-heal|p2a: Dipplin|284/284\n|\n|upkeep\n|turn|33\n|\n|t:|1781396014\n|switch|p2a: Bombirdier|Bombirdier, L85, M|258/258\n|move|p1a: Eternatus|Dynamax Cannon|p2a: Bombirdier\n|-damage|p2a: Bombirdier|164/258\n|\n|upkeep\n|turn|34\n|\n|t:|1781396023\n|move|p1a: Eternatus|Dynamax Cannon|p2a: Bombirdier\n|-damage|p2a: Bombirdier|62/258\n|move|p2a: Bombirdier|Brave Bird|p1a: Eternatus\n|-damage|p1a: Eternatus|0 fnt\n|faint|p1a: Eternatus\n|-damage|p2a: Bombirdier|11/258|[from] Recoil\n|\n|upkeep\n|\n|t:|1781396031\n|switch|p1a: Morpeko|Morpeko, L88, F|161/245\n|turn|35\n|\n|t:|1781396036\n|switch|p2a: Dipplin|Dipplin, L88, F|284/284\n|move|p1a: Morpeko|Aura Wheel|p2a: Dipplin\n|-resisted|p2a: Dipplin\n|-damage|p2a: Dipplin|268/284\n|-boost|p1a: Morpeko|spe|1\n|\n|-formechange|p1a: Morpeko|Morpeko-Hangry||[from] ability: Hunger Switch\n|upkeep\n|turn|36\n|\n|t:|1781396054\n|move|p1a: Morpeko|Parting Shot|p2a: Dipplin\n|-unboost|p2a: Dipplin|atk|1\n|-unboost|p2a: Dipplin|spa|1\n|\n|t:|1781396062\n|switch|p1a: Wo-Chien|Wo-Chien, L83|277/277|[from] Parting Shot\n|-ability|p1a: Wo-Chien|Tablets of Ruin\n|move|p2a: Dipplin|Dragon Pulse|p1a: Wo-Chien\n|-damage|p1a: Wo-Chien|229/277\n|\n|-heal|p1a: Wo-Chien|246/277|[from] item: Leftovers\n|upkeep\n|turn|37\n|\n|t:|1781396069\n|switch|p1a: Poliwrath|Poliwrath, L88, M|262/302\n|switch|p2a: Muk|Muk-Alola, L82, M|264/306 slp\n|\n|upkeep\n|turn|38\n|\n|t:|1781396076\n|switch|p2a: Dipplin|Dipplin, L88, F|268/284\n|move|p1a: Poliwrath|Bulk Up|p1a: Poliwrath\n|-boost|p1a: Poliwrath|atk|1\n|-boost|p1a: Poliwrath|def|1\n|\n|upkeep\n|turn|39\n|\n|t:|1781396088\n|-terastallize|p1a: Poliwrath|Fighting\n|move|p1a: Poliwrath|Drain Punch|p2a: Dipplin\n|-damage|p2a: Dipplin|174/284\n|-heal|p1a: Poliwrath|302/302|[from] drain|[of] p2a: Dipplin\n|move|p2a: Dipplin|Giga Drain|p1a: Poliwrath\n|-crit|p1a: Poliwrath\n|-damage|p1a: Poliwrath|190/302\n|-heal|p2a: Dipplin|230/284|[from] drain|[of] p1a: Poliwrath\n|\n|upkeep\n|turn|40\n|\n|t:|1781396095\n|move|p1a: Poliwrath|Bulk Up|p1a: Poliwrath\n|-boost|p1a: Poliwrath|atk|1\n|-boost|p1a: Poliwrath|def|1\n|move|p2a: Dipplin|Giga Drain|p1a: Poliwrath\n|-damage|p1a: Poliwrath|115/302\n|-heal|p2a: Dipplin|268/284|[from] drain|[of] p1a: Poliwrath\n|\n|upkeep\n|turn|41\n|\n|t:|1781396099\n|move|p1a: Poliwrath|Drain Punch|p2a: Dipplin\n|-damage|p2a: Dipplin|148/284\n|-heal|p1a: Poliwrath|175/302|[from] drain|[of] p2a: Dipplin\n|move|p2a: Dipplin|Dragon Pulse|p1a: Poliwrath\n|-damage|p1a: Poliwrath|88/302\n|\n|upkeep\n|turn|42\n|\n|t:|1781396103\n|move|p1a: Poliwrath|Drain Punch|p2a: Dipplin\n|-damage|p2a: Dipplin|36/284\n|-heal|p1a: Poliwrath|144/302|[from] drain|[of] p2a: Dipplin\n|move|p2a: Dipplin|Giga Drain|p1a: Poliwrath\n|-damage|p1a: Poliwrath|63/302\n|-heal|p2a: Dipplin|77/284|[from] drain|[of] p1a: Poliwrath\n|\n|upkeep\n|turn|43\n|\n|t:|1781396105\n|move|p1a: Poliwrath|Drain Punch|p2a: Dipplin\n|-damage|p2a: Dipplin|0 fnt\n|-heal|p1a: Poliwrath|102/302|[from] drain|[of] p2a: Dipplin\n|faint|p2a: Dipplin\n|\n|upkeep\n|\n|t:|1781396107\n|switch|p2a: Electrode|Electrode, L92|234/260\n|turn|44\n|\n|t:|1781396116\n|switch|p1a: Wo-Chien|Wo-Chien, L83|246/277\n|-ability|p1a: Wo-Chien|Tablets of Ruin\n|move|p2a: Electrode|Thunderbolt|p1a: Wo-Chien\n|-resisted|p1a: Wo-Chien\n|-damage|p1a: Wo-Chien|203/277\n|-damage|p2a: Electrode|208/260|[from] item: Life Orb\n|\n|-heal|p1a: Wo-Chien|220/277|[from] item: Leftovers\n|upkeep\n|turn|45\n|\n|t:|1781396124\n|switch|p2a: Muk|Muk-Alola, L82, M|264/306 slp\n|move|p1a: Wo-Chien|Leech Seed|p2a: Muk\n|-start|p2a: Muk|move: Leech Seed\n|\n|-heal|p1a: Wo-Chien|237/277|[from] item: Leftovers\n|-damage|p2a: Muk|226/306 slp|[from] Leech Seed|[of] p1a: Wo-Chien\n|-heal|p1a: Wo-Chien|275/277|[silent]\n|upkeep\n|turn|46\n|\n|t:|1781396131\n|switch|p1a: Poliwrath|Poliwrath, L88, M, tera:Fighting|102/302\n|cant|p2a: Muk|slp\n|\n|-damage|p2a: Muk|188/306 slp|[from] Leech Seed|[of] p1a: Poliwrath\n|-heal|p1a: Poliwrath|140/302|[silent]\n|upkeep\n|turn|47\n|\n|t:|1781396136\n|switch|p2a: Electrode|Electrode, L92|208/260\n|move|p1a: Poliwrath|Drain Punch|p2a: Electrode\n|-damage|p2a: Electrode|78/260\n|-heal|p1a: Poliwrath|205/302|[from] drain|[of] p2a: Electrode\n|\n|upkeep\n|turn|48\n|\n|t:|1781396142\n|switch|p2a: Bombirdier|Bombirdier, L85, M|11/258\n|switch|p1a: Wo-Chien|Wo-Chien, L83|275/277\n|-ability|p1a: Wo-Chien|Tablets of Ruin\n|\n|-heal|p1a: Wo-Chien|277/277|[from] item: Leftovers\n|upkeep\n|turn|49\n|\n|t:|1781396148\n|move|p1a: Wo-Chien|Protect|p1a: Wo-Chien\n|-singleturn|p1a: Wo-Chien|Protect\n|move|p2a: Bombirdier|Brave Bird|p1a: Wo-Chien\n|-activate|p1a: Wo-Chien|move: Protect\n|\n|upkeep\n|turn|50\n|\n|t:|1781396155\n|switch|p2a: Muk|Muk-Alola, L82, M|188/306 slp\n|switch|p1a: Morpeko|Morpeko, L88, F|161/245\n|\n|-formechange|p1a: Morpeko|Morpeko-Hangry||[from] ability: Hunger Switch\n|upkeep\n|turn|51\n|\n|t:|1781396160\n|move|p1a: Morpeko|Parting Shot|p2a: Muk\n|-unboost|p2a: Muk|atk|1\n|-unboost|p2a: Muk|spa|1\n|\n|t:|1781396162\n|switch|p1a: Poliwrath|Poliwrath, L88, M, tera:Fighting|205/302|[from] Parting Shot\n|-curestatus|p2a: Muk|slp|[msg]\n|move|p2a: Muk|Drain Punch|p1a: Poliwrath\n|-damage|p1a: Poliwrath|169/302\n|-heal|p2a: Muk|206/306|[from] drain|[of] p1a: Poliwrath\n|\n|upkeep\n|turn|52\n|\n|t:|1781396169\n|move|p1a: Poliwrath|Drain Punch|p2a: Muk\n|-damage|p2a: Muk|84/306\n|-heal|p1a: Poliwrath|230/302|[from] drain|[of] p2a: Muk\n|move|p2a: Muk|Gunk Shot|p1a: Poliwrath\n|-damage|p1a: Poliwrath|154/302\n|-status|p1a: Poliwrath|psn\n|\n|-damage|p1a: Poliwrath|117/302 psn|[from] psn\n|upkeep\n|turn|53\n|\n|t:|1781396176\n|move|p1a: Poliwrath|Drain Punch|p2a: Muk\n|-damage|p2a: Muk|0 fnt\n|-heal|p1a: Poliwrath|159/302 psn|[from] drain|[of] p2a: Muk\n|faint|p2a: Muk\n|\n|-damage|p1a: Poliwrath|122/302 psn|[from] psn\n|upkeep\n|\n|t:|1781396178\n|switch|p2a: Electrode|Electrode, L92|78/260\n|turn|54\n|-message|Pokeoke forfeited.\n|\n|win|Chicken347\n", "inputlog": ">version a8376a258c1d4662feba110a92103f3664a72141\n>start {\"formatid\":\"gen9randombattle\",\"seed\":\"sodium,6b7479a7920e984ba947ba6eb9e27ebd\",\"rated\":\"Rated battle\"}\n>player p1 {\"name\":\"Chicken347\",\"avatar\":\"266\",\"rating\":1984,\"seed\":\"sodium,e7150421ad237bc026a62bcd1d6224bc\"}\n>player p2 {\"name\":\"Pokeoke\",\"avatar\":\"265\",\"rating\":2009,\"seed\":\"sodium,9e869ec437e6a1ded00d978732d6b413\"}\n>p1 switch 5\n>p2 move freezingglare\n>p1 move partingshot\n>p2 switch 6\n>p1 switch 5\n>p1 move knockoff\n>p2 switch 2\n>p1 switch 3\n>p2 move dragonpulse\n>p1 move sleeppowder\n>p2 switch 2\n>p1 switch 6\n>p2 move knockoff\n>p1 move toxicspikes\n>p2 move icepunch\n>p1 move recover\n>p2 move icepunch\n>p1 move recover\n>p2 move icepunch\n>p1 move recover\n>p2 move icepunch\n>p1 switch 3\n>p2 move icepunch\n>p1 move knockoff\n>p2 move knockoff\n>p1 move drainpunch\n>p2 switch 6\n>p1 switch 5\n>p2 move hurricane\n>p1 move partingshot\n>p2 switch 6\n>p1 switch 3\n>p1 move dynamaxcannon\n>p2 switch 6\n>p1 switch 2\n>p2 move freezingglare\n>p1 move nastyplot\n>p2 switch 5\n>p1 move solarbeam\n>p2 move spacialrend\n>p1 move solarbeam\n>p2 move spacialrend\n>p2 switch 4\n>p1 move scorchingsands\n>p2 move thunderbolt\n>p1 switch 4\n>p1 move stunspore\n>p2 switch 2\n>p1 move protect\n>p2 move dragonpulse\n>p1 switch 6\n>p2 move dragonpulse\n>p1 move sludgebomb\n>p2 move dragonpulse\n>p1 move sleeppowder\n>p2 switch 6\n>p1 move strengthsap\n>p2 switch 5\n>p1 move sludgebomb\n>p2 move hurricane\n>p1 move sludgebomb\n>p2 move hurricane\n>p1 switch 3\n>p1 move aurawheel\n>p2 move recover\n>p2 switch 6\n>p1 move aurawheel\n>p2 move recover\n>p1 move partingshot\n>p2 move recover\n>p1 switch 2\n>p1 move dynamaxcannon\n>p2 switch 3\n>p1 move dynamaxcannon\n>p2 move bravebird\n>p1 switch 2\n>p1 move aurawheel\n>p2 switch 3\n>p1 move partingshot\n>p2 move dragonpulse\n>p1 switch 6\n>p1 switch 5\n>p2 switch 5\n>p1 move bulkup\n>p2 switch 5\n>p1 move drainpunch terastallize\n>p2 move gigadrain\n>p1 move bulkup\n>p2 move gigadrain\n>p1 move drainpunch\n>p2 move dragonpulse\n>p1 move drainpunch\n>p2 move gigadrain\n>p1 move drainpunch\n>p2 move gigadrain\n>p2 switch 2\n>p1 switch 5\n>p2 move thunderbolt\n>p1 move leechseed\n>p2 switch 5\n>p1 switch 5\n>p2 move gunkshot\n>p1 move drainpunch\n>p2 switch 5\n>p1 switch 5\n>p2 switch 3\n>p1 move protect\n>p2 move bravebird\n>p1 switch 6\n>p2 switch 5\n>p1 move partingshot\n>p2 move drainpunch\n>p1 switch 5\n>p1 move drainpunch\n>p2 move gunkshot\n>p1 move drainpunch\n>p2 move drainpunch\n>p2 switch 3\n>forcelose p2", "uploadtime": 1781395648, "views": 4, "formatid": "gen9randombattle", "rating": null, "private": 0, "password": null}