{"id": "gen9randombattle-2631408567", "format": "[Gen 9] Random Battle", "players": ["zeropepsi", "SkelyStealth"], "log": "|j|\u2606zeropepsi\n|j|\u2606SkelyStealth\n|t:|1781381085\n|gametype|singles\n|player|p1|zeropepsi|hilbert|2054\n|player|p2|SkelyStealth|266|2012\n|gen|9\n|tier|[Gen 9] Random Battle\n|rated|\n|rule|Species Clause: Limit one of each Pok\u00e9mon\n|rule|HP Percentage Mod: HP is shown in percentages\n|rule|Sleep Clause Mod: Limit one foe put to sleep\n|rule|Illusion Level Mod: Illusion disguises the Pok\u00e9mon's true level\n|\n|t:|1781381085\n|teamsize|p1|6\n|teamsize|p2|6\n|start\n|switch|p1a: Morpeko|Morpeko, L88, M|245/245\n|switch|p2a: Regigigas|Regigigas, L84|322/322\n|-start|p2a: Regigigas|ability: Slow Start\n|turn|1\n|inactive|Battle timer is ON: inactive players will automatically lose when time's up. (requested by SkelyStealth)\n|\n|t:|1781381102\n|move|p1a: Morpeko|Aura Wheel|p2a: Regigigas\n|-damage|p2a: Regigigas|213/322\n|-boost|p1a: Morpeko|spe|1\n|move|p2a: Regigigas|Knock Off|p1a: Morpeko\n|-resisted|p1a: Morpeko\n|-damage|p1a: Morpeko|211/245\n|-enditem|p1a: Morpeko|Heavy-Duty Boots|[from] move: Knock Off|[of] p2a: Regigigas\n|\n|-heal|p2a: Regigigas|233/322|[from] item: Leftovers\n|-formechange|p1a: Morpeko|Morpeko-Hangry||[from] ability: Hunger Switch\n|upkeep\n|turn|2\n|\n|t:|1781381110\n|move|p2a: Regigigas|Protect|p2a: Regigigas\n|-singleturn|p2a: Regigigas|Protect\n|move|p1a: Morpeko|Aura Wheel|p2a: Regigigas\n|-activate|p2a: Regigigas|move: Protect\n|\n|-heal|p2a: Regigigas|253/322|[from] item: Leftovers\n|-formechange|p1a: Morpeko|Morpeko||[from] ability: Hunger Switch\n|upkeep\n|turn|3\n|\n|t:|1781381117\n|move|p1a: Morpeko|Aura Wheel|p2a: Regigigas\n|-damage|p2a: Regigigas|151/322\n|-boost|p1a: Morpeko|spe|1\n|move|p2a: Regigigas|Body Slam|p1a: Morpeko\n|-damage|p1a: Morpeko|121/245\n|\n|-heal|p2a: Regigigas|171/322|[from] item: Leftovers\n|-formechange|p1a: Morpeko|Morpeko-Hangry||[from] ability: Hunger Switch\n|upkeep\n|turn|4\n|\n|t:|1781381126\n|move|p2a: Regigigas|Protect|p2a: Regigigas\n|-singleturn|p2a: Regigigas|Protect\n|move|p1a: Morpeko|Parting Shot|p2a: Regigigas\n|-activate|p2a: Regigigas|move: Protect\n|\n|-heal|p2a: Regigigas|191/322|[from] item: Leftovers\n|-formechange|p1a: Morpeko|Morpeko||[from] ability: Hunger Switch\n|upkeep\n|turn|5\n|\n|t:|1781381133\n|move|p2a: Regigigas|Protect||[still]\n|-fail|p2a: Regigigas\n|move|p1a: Morpeko|Parting Shot|p2a: Regigigas\n|-unboost|p2a: Regigigas|atk|1\n|-unboost|p2a: Regigigas|spa|1\n|\n|t:|1781381138\n|switch|p1a: Whimsicott|Whimsicott, L84, F|238/238|[from] Parting Shot\n|\n|-heal|p2a: Regigigas|211/322|[from] item: Leftovers\n|-end|p2a: Regigigas|Slow Start\n|upkeep\n|turn|6\n|\n|t:|1781381143\n|move|p1a: Whimsicott|Encore|p2a: Regigigas\n|-start|p2a: Regigigas|Encore\n|move|p2a: Regigigas|Protect||[still]\n|-fail|p2a: Regigigas\n|\n|-heal|p2a: Regigigas|231/322|[from] item: Leftovers\n|upkeep\n|turn|7\n|\n|t:|1781381148\n|move|p2a: Regigigas|Protect|p2a: Regigigas\n|-singleturn|p2a: Regigigas|Protect\n|move|p1a: Whimsicott|Moonblast|p2a: Regigigas\n|-activate|p2a: Regigigas|move: Protect\n|\n|-heal|p2a: Regigigas|251/322|[from] item: Leftovers\n|upkeep\n|turn|8\n|\n|t:|1781381156\n|switch|p2a: Houndstone|Houndstone, L86, M|264/264\n|move|p1a: Whimsicott|Moonblast|p2a: Houndstone\n|-damage|p2a: Houndstone|194/264\n|\n|-heal|p2a: Houndstone|210/264|[from] item: Leftovers\n|upkeep\n|turn|9\n|\n|t:|1781381161\n|move|p1a: Whimsicott|U-turn|p2a: Houndstone\n|-resisted|p2a: Houndstone\n|-damage|p2a: Houndstone|201/264\n|\n|t:|1781381164\n|switch|p1a: Luvdisc|Luvdisc, M|247/247|[from] U-turn\n|move|p2a: Houndstone|Poltergeist|p1a: Luvdisc\n|-activate|p1a: Luvdisc|move: Poltergeist|Heavy-Duty Boots\n|-damage|p1a: Luvdisc|109/247\n|\n|-heal|p2a: Houndstone|217/264|[from] item: Leftovers\n|upkeep\n|turn|10\n|\n|t:|1781381169\n|move|p1a: Luvdisc|Surf|p2a: Houndstone\n|-damage|p2a: Houndstone|148/264\n|move|p2a: Houndstone|Poltergeist|p1a: Luvdisc\n|-activate|p1a: Luvdisc|move: Poltergeist|Heavy-Duty Boots\n|-damage|p1a: Luvdisc|0 fnt\n|faint|p1a: Luvdisc\n|\n|-heal|p2a: Houndstone|164/264|[from] item: Leftovers\n|upkeep\n|\n|t:|1781381175\n|switch|p1a: Morpeko|Morpeko, L88, M|121/245\n|turn|11\n|\n|t:|1781381179\n|move|p1a: Morpeko|Parting Shot|p2a: Houndstone\n|-unboost|p2a: Houndstone|atk|1\n|-unboost|p2a: Houndstone|spa|1\n|\n|t:|1781381181\n|switch|p1a: Orthworm|Orthworm, L88, M|266/266|[from] Parting Shot\n|move|p2a: Houndstone|Body Press|p1a: Orthworm\n|-supereffective|p1a: Orthworm\n|-damage|p1a: Orthworm|192/266\n|\n|-heal|p2a: Houndstone|180/264|[from] item: Leftovers\n|-heal|p1a: Orthworm|208/266|[from] item: Leftovers\n|upkeep\n|turn|12\n|\n|t:|1781381187\n|switch|p2a: Infernape|Infernape, L82, F|259/259\n|move|p1a: Orthworm|Stealth Rock|p2a: Infernape\n|-sidestart|p2: SkelyStealth|move: Stealth Rock\n|\n|-heal|p1a: Orthworm|224/266|[from] item: Leftovers\n|upkeep\n|turn|13\n|\n|t:|1781381194\n|move|p2a: Infernape|Overheat|p1a: Orthworm\n|-supereffective|p1a: Orthworm\n|-damage|p1a: Orthworm|0 fnt\n|-unboost|p2a: Infernape|spa|2\n|faint|p1a: Orthworm\n|-damage|p2a: Infernape|234/259|[from] item: Life Orb\n|\n|upkeep\n|\n|t:|1781381203\n|switch|p1a: Keldeo|Keldeo-Resolute, L79|273/273\n|turn|14\n|\n|t:|1781381218\n|switch|p2a: Iron Leaves|Iron Leaves, L80|275/275\n|-damage|p2a: Iron Leaves|241/275|[from] Stealth Rock\n|move|p1a: Keldeo|Flip Turn|p2a: Iron Leaves\n|-resisted|p2a: Iron Leaves\n|-damage|p2a: Iron Leaves|216/275\n|\n|t:|1781381228\n|switch|p1a: Morpeko|Morpeko, L88, M|121/245|[from] Flip Turn\n|\n|-formechange|p1a: Morpeko|Morpeko-Hangry||[from] ability: Hunger Switch\n|upkeep\n|turn|15\n|\n|t:|1781381243\n|-end|p2a: Iron Leaves|Quark Drive|[silent]\n|switch|p2a: Regigigas|Regigigas, L84|251/322\n|-damage|p2a: Regigigas|211/322|[from] Stealth Rock\n|-start|p2a: Regigigas|ability: Slow Start\n|move|p1a: Morpeko|Aura Wheel|p2a: Regigigas\n|-damage|p2a: Regigigas|106/322\n|-boost|p1a: Morpeko|spe|1\n|\n|-heal|p2a: Regigigas|126/322|[from] item: Leftovers\n|-formechange|p1a: Morpeko|Morpeko||[from] ability: Hunger Switch\n|upkeep\n|turn|16\n|\n|t:|1781381250\n|move|p2a: Regigigas|Protect|p2a: Regigigas\n|-singleturn|p2a: Regigigas|Protect\n|move|p1a: Morpeko|Parting Shot|p2a: Regigigas\n|-activate|p2a: Regigigas|move: Protect\n|\n|-heal|p2a: Regigigas|146/322|[from] item: Leftovers\n|-formechange|p1a: Morpeko|Morpeko-Hangry||[from] ability: Hunger Switch\n|upkeep\n|turn|17\n|\n|t:|1781381257\n|move|p1a: Morpeko|Parting Shot|p2a: Regigigas\n|-unboost|p2a: Regigigas|atk|1\n|-unboost|p2a: Regigigas|spa|1\n|\n|t:|1781381261\n|switch|p1a: Whimsicott|Whimsicott, L84, F|238/238|[from] Parting Shot\n|move|p2a: Regigigas|Body Slam|p1a: Whimsicott\n|-damage|p1a: Whimsicott|192/238\n|\n|-heal|p2a: Regigigas|166/322|[from] item: Leftovers\n|upkeep\n|turn|18\n|\n|t:|1781381271\n|move|p1a: Whimsicott|Moonblast|p2a: Regigigas\n|-damage|p2a: Regigigas|100/322\n|-unboost|p2a: Regigigas|spa|1\n|move|p2a: Regigigas|Body Slam|p1a: Whimsicott\n|-damage|p1a: Whimsicott|147/238\n|\n|-heal|p2a: Regigigas|120/322|[from] item: Leftovers\n|upkeep\n|turn|19\n|\n|t:|1781381277\n|move|p1a: Whimsicott|Giga Drain|p2a: Regigigas\n|-damage|p2a: Regigigas|62/322\n|-heal|p1a: Whimsicott|176/238|[from] drain|[of] p2a: Regigigas\n|move|p2a: Regigigas|Body Slam|p1a: Whimsicott\n|-damage|p1a: Whimsicott|130/238\n|\n|-heal|p2a: Regigigas|82/322|[from] item: Leftovers\n|upkeep\n|turn|20\n|\n|t:|1781381282\n|move|p1a: Whimsicott|Moonblast|p2a: Regigigas\n|-damage|p2a: Regigigas|7/322\n|-unboost|p2a: Regigigas|spa|1\n|move|p2a: Regigigas|Body Slam|p1a: Whimsicott\n|-damage|p1a: Whimsicott|88/238\n|\n|-heal|p2a: Regigigas|27/322|[from] item: Leftovers\n|-end|p2a: Regigigas|Slow Start\n|upkeep\n|turn|21\n|\n|t:|1781381288\n|move|p1a: Whimsicott|Moonblast|p2a: Regigigas\n|-damage|p2a: Regigigas|0 fnt\n|faint|p2a: Regigigas\n|-end|p2a: Regigigas|Slow Start|[silent]\n|\n|upkeep\n|\n|t:|1781381294\n|switch|p2a: Houndstone|Houndstone, L86, M|180/264\n|-damage|p2a: Houndstone|147/264|[from] Stealth Rock\n|turn|22\n|\n|t:|1781381300\n|move|p1a: Whimsicott|Giga Drain|p2a: Houndstone\n|-damage|p2a: Houndstone|90/264\n|-heal|p1a: Whimsicott|117/238|[from] drain|[of] p2a: Houndstone\n|move|p2a: Houndstone|Poltergeist|p1a: Whimsicott\n|-activate|p1a: Whimsicott|move: Poltergeist|Heavy-Duty Boots\n|-damage|p1a: Whimsicott|0 fnt\n|faint|p1a: Whimsicott\n|\n|-heal|p2a: Houndstone|106/264|[from] item: Leftovers\n|upkeep\n|\n|t:|1781381303\n|switch|p1a: Morpeko|Morpeko, L88, M|121/245\n|turn|23\n|\n|t:|1781381307\n|move|p1a: Morpeko|Protect|p1a: Morpeko\n|-singleturn|p1a: Morpeko|Protect\n|move|p2a: Houndstone|Body Press|p1a: Morpeko\n|-activate|p1a: Morpeko|move: Protect\n|\n|-heal|p2a: Houndstone|122/264|[from] item: Leftovers\n|-formechange|p1a: Morpeko|Morpeko-Hangry||[from] ability: Hunger Switch\n|upkeep\n|turn|24\n|\n|t:|1781381329\n|-terastallize|p2a: Houndstone|Fighting\n|move|p1a: Morpeko|Parting Shot|p2a: Houndstone\n|-unboost|p2a: Houndstone|atk|1\n|-unboost|p2a: Houndstone|spa|1\n|\n|t:|1781381331\n|switch|p1a: Keldeo|Keldeo-Resolute, L79|273/273|[from] Parting Shot\n|move|p2a: Houndstone|Rest|p2a: Houndstone\n|-status|p2a: Houndstone|slp|[from] move: Rest\n|-heal|p2a: Houndstone|264/264 slp|[silent]\n|\n|upkeep\n|turn|25\n|\n|t:|1781381343\n|switch|p2a: Iron Leaves|Iron Leaves, L80|216/275\n|-damage|p2a: Iron Leaves|182/275|[from] Stealth Rock\n|move|p1a: Keldeo|Secret Sword|p2a: Iron Leaves\n|-resisted|p2a: Iron Leaves\n|-damage|p2a: Iron Leaves|104/275\n|\n|upkeep\n|turn|26\n|\n|t:|1781381353\n|switch|p1a: Beartic|Beartic, L91, F|321/321\n|move|p2a: Iron Leaves|Leaf Blade|p1a: Beartic\n|-damage|p1a: Beartic|165/321\n|\n|upkeep\n|turn|27\n|\n|t:|1781381360\n|move|p2a: Iron Leaves|Leaf Blade|p1a: Beartic\n|-damage|p1a: Beartic|0 fnt\n|faint|p1a: Beartic\n|\n|upkeep\n|\n|t:|1781381363\n|switch|p1a: Morpeko|Morpeko, L88, M|121/245\n|turn|28\n|\n|t:|1781381367\n|-end|p2a: Iron Leaves|Quark Drive|[silent]\n|switch|p2a: Houndstone|Houndstone, L86, M, tera:Fighting|264/264 slp\n|-damage|p2a: Houndstone|248/264 slp|[from] Stealth Rock\n|move|p1a: Morpeko|Protect||[still]\n|-fail|p1a: Morpeko\n|\n|-heal|p2a: Houndstone|264/264 slp|[from] item: Leftovers\n|-formechange|p1a: Morpeko|Morpeko-Hangry||[from] ability: Hunger Switch\n|upkeep\n|turn|29\n|\n|t:|1781381376\n|move|p1a: Morpeko|Parting Shot|p2a: Houndstone\n|-unboost|p2a: Houndstone|atk|1\n|-unboost|p2a: Houndstone|spa|1\n|\n|t:|1781381378\n|switch|p1a: Keldeo|Keldeo-Resolute, L79|273/273|[from] Parting Shot\n|cant|p2a: Houndstone|slp\n|move|p2a: Houndstone|Sleep Talk|p2a: Houndstone\n|move|p2a: Houndstone|Poltergeist|p1a: Keldeo|[from] move: Sleep Talk|[miss]\n|-miss|p2a: Houndstone|p1a: Keldeo\n|\n|upkeep\n|turn|30\n|\n|t:|1781381393\n|switch|p2a: Infernape|Infernape, L82, F|234/259\n|-damage|p2a: Infernape|202/259|[from] Stealth Rock\n|move|p1a: Keldeo|Hydro Pump|p2a: Infernape\n|-supereffective|p2a: Infernape\n|-damage|p2a: Infernape|0 fnt\n|faint|p2a: Infernape\n|\n|upkeep\n|\n|t:|1781381401\n|switch|p2a: Jolteon|Jolteon, L84, F|246/246\n|-damage|p2a: Jolteon|216/246|[from] Stealth Rock\n|turn|31\n|\n|t:|1781381412\n|switch|p1a: Morpeko|Morpeko, L88, M|121/245\n|move|p2a: Jolteon|Substitute|p2a: Jolteon\n|-start|p2a: Jolteon|Substitute\n|-damage|p2a: Jolteon|155/246\n|\n|-heal|p2a: Jolteon|170/246|[from] item: Leftovers\n|-formechange|p1a: Morpeko|Morpeko-Hangry||[from] ability: Hunger Switch\n|upkeep\n|turn|32\n|\n|t:|1781381422\n|move|p2a: Jolteon|Tera Blast|p1a: Morpeko\n|-damage|p1a: Morpeko|42/245\n|move|p1a: Morpeko|Aura Wheel|p2a: Jolteon\n|-end|p2a: Jolteon|Substitute\n|-boost|p1a: Morpeko|spe|1\n|\n|-heal|p2a: Jolteon|185/246|[from] item: Leftovers\n|-formechange|p1a: Morpeko|Morpeko||[from] ability: Hunger Switch\n|upkeep\n|turn|33\n|\n|t:|1781381430\n|move|p1a: Morpeko|Parting Shot|p2a: Jolteon\n|-unboost|p2a: Jolteon|atk|1\n|-unboost|p2a: Jolteon|spa|1\n|\n|t:|1781381432\n|switch|p1a: Keldeo|Keldeo-Resolute, L79|273/273|[from] Parting Shot\n|move|p2a: Jolteon|Thunderbolt|p1a: Keldeo\n|-supereffective|p1a: Keldeo\n|-damage|p1a: Keldeo|115/273\n|\n|-heal|p2a: Jolteon|200/246|[from] item: Leftovers\n|upkeep\n|turn|34\n|\n|t:|1781381440\n|-terastallize|p1a: Keldeo|Fighting\n|move|p2a: Jolteon|Substitute|p2a: Jolteon\n|-start|p2a: Jolteon|Substitute\n|-damage|p2a: Jolteon|139/246\n|move|p1a: Keldeo|Secret Sword|p2a: Jolteon\n|-end|p2a: Jolteon|Substitute\n|\n|-heal|p2a: Jolteon|154/246|[from] item: Leftovers\n|upkeep\n|turn|35\n|\n|t:|1781381454\n|move|p2a: Jolteon|Thunderbolt|p1a: Keldeo\n|-damage|p1a: Keldeo|46/273\n|move|p1a: Keldeo|Secret Sword|p2a: Jolteon\n|-damage|p2a: Jolteon|0 fnt\n|faint|p2a: Jolteon\n|\n|upkeep\n|\n|t:|1781381456\n|switch|p2a: Zapdos|Zapdos-Galar, L77|265/265\n|-damage|p2a: Zapdos|232/265|[from] Stealth Rock\n|turn|36\n|\n|t:|1781381463\n|switch|p1a: Morpeko|Morpeko, L88, M|42/245\n|move|p2a: Zapdos|Brave Bird|p1a: Morpeko\n|-resisted|p1a: Morpeko\n|-damage|p1a: Morpeko|0 fnt\n|faint|p1a: Morpeko\n|-damage|p2a: Zapdos|218/265|[from] Recoil\n|\n|upkeep\n|\n|t:|1781381464\n|switch|p1a: Keldeo|Keldeo-Resolute, L79, tera:Fighting|46/273\n|turn|37\n|\n|t:|1781381466\n|move|p2a: Zapdos|Brave Bird|p1a: Keldeo\n|-supereffective|p1a: Keldeo\n|-crit|p1a: Keldeo\n|-damage|p1a: Keldeo|0 fnt\n|faint|p1a: Keldeo\n|-damage|p2a: Zapdos|203/265|[from] Recoil\n|\n|win|SkelyStealth\n", "inputlog": ">version a8376a258c1d4662feba110a92103f3664a72141\n>start {\"formatid\":\"gen9randombattle\",\"seed\":\"sodium,f3d97d61aacbe710189786ef1991ec79\",\"rated\":\"Rated battle\"}\n>player p1 {\"name\":\"zeropepsi\",\"avatar\":\"hilbert\",\"rating\":2054,\"seed\":\"sodium,89e010a2fee1b95edc6689da229d27fe\"}\n>player p2 {\"name\":\"SkelyStealth\",\"avatar\":\"266\",\"rating\":2012,\"seed\":\"sodium,bb1247a3f67fef975b5f5cb3ce9751a4\"}\n>p1 move aurawheel\n>p2 move knockoff\n>p1 move aurawheel\n>p2 move protect\n>p1 move aurawheel\n>p2 move bodyslam\n>p1 move partingshot\n>p2 move protect\n>p1 move partingshot\n>p2 move protect\n>p1 switch 5\n>p1 move encore\n>p2 move bodyslam\n>p1 move moonblast\n>p2 move protect\n>p1 move moonblast\n>p2 switch 4\n>p1 move uturn\n>p2 move poltergeist\n>p1 switch 4\n>p1 move surf\n>p2 move poltergeist\n>p1 switch 5\n>p1 move partingshot\n>p2 move bodypress\n>p1 switch 3\n>p1 move stealthrock\n>p2 switch 2\n>p1 move spikes\n>p2 move overheat\n>p1 switch 2\n>p1 move flipturn\n>p2 switch 6\n>p1 switch 3\n>p1 move aurawheel\n>p2 switch 4\n>p1 move partingshot\n>p2 move protect\n>p1 move partingshot\n>p2 move bodyslam\n>p1 switch 4\n>p1 move moonblast\n>p2 move bodyslam\n>p1 move gigadrain\n>p2 move bodyslam\n>p1 move moonblast\n>p2 move bodyslam\n>p1 move moonblast\n>p2 move bodyslam\n>p2 switch 2\n>p1 move gigadrain\n>p2 move poltergeist\n>p1 switch 4\n>p1 move protect\n>p2 move bodypress\n>p1 move partingshot\n>p2 move rest terastallize\n>p1 switch 3\n>p1 move secretsword\n>p2 switch 4\n>p1 switch 6\n>p2 move leafblade\n>p1 move iciclecrash\n>p2 move leafblade\n>p1 switch 3\n>p1 move protect\n>p2 switch 4\n>p1 move partingshot\n>p2 move sleeptalk\n>p1 switch 6\n>p1 move hydropump\n>p2 switch 6\n>p2 switch 3\n>p1 switch 6\n>p2 move substitute\n>p1 move aurawheel\n>p2 move terablast\n>p1 move partingshot\n>p2 move thunderbolt\n>p1 switch 6\n>p1 move secretsword terastallize\n>p2 move substitute\n>p1 move secretsword\n>p2 move thunderbolt\n>p2 switch 5\n>p1 switch 6\n>p2 move bravebird\n>p1 switch 6\n>p1 move hydropump\n>p2 move bravebird", "uploadtime": 1781381089, "views": 11, "formatid": "gen9randombattle", "rating": null, "private": 0, "password": null}