{"id": "gen9randombattle-2631917719", "format": "[Gen 9] Random Battle", "players": ["maik2020", "mechroape"], "log": "|j|\u2606maik2020\n|j|\u2606mechroape\n|t:|1781455451\n|gametype|singles\n|player|p1|maik2020|170|1937\n|player|p2|mechroape|brycen|1958\n|gen|9\n|tier|[Gen 9] Random Battle\n|rated|\n|rule|Species Clause: Limit one of each Pok\u00e9mon\n|rule|HP Percentage Mod: HP is shown in percentages\n|rule|Sleep Clause Mod: Limit one foe put to sleep\n|rule|Illusion Level Mod: Illusion disguises the Pok\u00e9mon's true level\n|\n|t:|1781455451\n|teamsize|p1|6\n|teamsize|p2|6\n|start\n|switch|p1a: Calyrex|Calyrex, L93|337/337\n|switch|p2a: Ho-Oh|Ho-Oh, L71|268/268\n|-ability|p1a: Calyrex|Unnerve\n|turn|1\n|inactive|Battle timer is ON: inactive players will automatically lose when time's up. (requested by maik2020)\n|\n|t:|1781455472\n|switch|p1a: Altaria|Altaria, L89, M|278/278\n|move|p2a: Ho-Oh|Sacred Fire|p1a: Altaria\n|-resisted|p1a: Altaria\n|-damage|p1a: Altaria|233/278\n|-status|p1a: Altaria|brn\n|\n|-damage|p1a: Altaria|216/278 brn|[from] brn\n|upkeep\n|turn|2\n|\n|t:|1781455485\n|move|p1a: Altaria|Brave Bird|p2a: Ho-Oh\n|-crit|p2a: Ho-Oh\n|-damage|p2a: Ho-Oh|166/268\n|-damage|p1a: Altaria|182/278 brn|[from] Recoil\n|move|p2a: Ho-Oh|Brave Bird|p1a: Altaria\n|-damage|p1a: Altaria|74/278 brn\n|-damage|p2a: Ho-Oh|130/268|[from] Recoil\n|\n|-damage|p1a: Altaria|57/278 brn|[from] brn\n|upkeep\n|turn|3\n|\n|t:|1781455493\n|move|p1a: Altaria|Roost|p1a: Altaria\n|-heal|p1a: Altaria|196/278 brn\n|-singleturn|p1a: Altaria|move: Roost\n|move|p2a: Ho-Oh|Recover|p2a: Ho-Oh\n|-heal|p2a: Ho-Oh|264/268\n|\n|-damage|p1a: Altaria|179/278 brn|[from] brn\n|upkeep\n|turn|4\n|\n|t:|1781455504\n|-curestatus|p1a: Altaria|brn|[from] ability: Natural Cure|[silent]\n|switch|p1a: Thundurus|Thundurus-Therian, L80, M|258/258\n|move|p2a: Ho-Oh|Brave Bird|p1a: Thundurus\n|-resisted|p1a: Thundurus\n|-damage|p1a: Thundurus|186/258\n|-damage|p2a: Ho-Oh|240/268|[from] Recoil\n|\n|upkeep\n|turn|5\n|\n|t:|1781455517\n|switch|p2a: Pikachu|Pikachu, L93, F|216/216\n|move|p1a: Thundurus|Nasty Plot|p1a: Thundurus\n|-boost|p1a: Thundurus|spa|2\n|\n|upkeep\n|turn|6\n|\n|t:|1781455524\n|move|p2a: Pikachu|Fake Out|p1a: Thundurus\n|-crit|p1a: Thundurus\n|-damage|p1a: Thundurus|101/258\n|cant|p1a: Thundurus|flinch\n|\n|upkeep\n|turn|7\n|\n|t:|1781455539\n|move|p2a: Pikachu|Surf|p1a: Thundurus\n|-damage|p1a: Thundurus|0 fnt\n|faint|p1a: Thundurus\n|\n|upkeep\n|\n|t:|1781455554\n|switch|p1a: Gallade|Gallade, L80, M|240/240\n|turn|8\n|\n|t:|1781455562\n|move|p2a: Pikachu|Volt Switch|p1a: Gallade\n|-damage|p1a: Gallade|144/240\n|\n|t:|1781455568\n|switch|p2a: Torkoal|Torkoal, L88, M|266/266|[from] Volt Switch\n|-weather|SunnyDay|[from] ability: Drought|[of] p2a: Torkoal\n|move|p1a: Gallade|Psycho Cut|p2a: Torkoal\n|-damage|p2a: Torkoal|161/266\n|-damage|p1a: Gallade|120/240|[from] item: Life Orb\n|\n|-weather|SunnyDay|[upkeep]\n|upkeep\n|turn|9\n|\n|t:|1781455578\n|switch|p1a: Altaria|Altaria, L89, M|179/278\n|move|p2a: Torkoal|Lava Plume|p1a: Altaria\n|-resisted|p1a: Altaria\n|-damage|p1a: Altaria|131/278\n|-status|p1a: Altaria|brn\n|\n|-weather|SunnyDay|[upkeep]\n|-damage|p1a: Altaria|114/278 brn|[from] brn\n|upkeep\n|turn|10\n|\n|t:|1781455585\n|move|p1a: Altaria|Roost|p1a: Altaria\n|-heal|p1a: Altaria|253/278 brn\n|-singleturn|p1a: Altaria|move: Roost\n|move|p2a: Torkoal|Lava Plume|p1a: Altaria\n|-resisted|p1a: Altaria\n|-damage|p1a: Altaria|204/278 brn\n|\n|-weather|SunnyDay|[upkeep]\n|-damage|p1a: Altaria|187/278 brn|[from] brn\n|upkeep\n|turn|11\n|\n|t:|1781455593\n|switch|p2a: Pikachu|Pikachu, L93, F|216/216\n|move|p1a: Altaria|Brave Bird|p2a: Pikachu\n|-resisted|p2a: Pikachu\n|-damage|p2a: Pikachu|171/216\n|-damage|p1a: Altaria|172/278 brn|[from] Recoil\n|\n|-weather|SunnyDay|[upkeep]\n|-damage|p1a: Altaria|155/278 brn|[from] brn\n|upkeep\n|turn|12\n|\n|t:|1781455606\n|move|p2a: Pikachu|Volt Tackle|p1a: Altaria\n|-damage|p1a: Altaria|0 fnt\n|faint|p1a: Altaria\n|-damage|p2a: Pikachu|120/216|[from] Recoil\n|\n|-weather|none\n|upkeep\n|\n|t:|1781455614\n|switch|p1a: Gallade|Gallade, L80, M|120/240\n|turn|13\n|\n|t:|1781455633\n|move|p2a: Pikachu|Volt Switch|p1a: Gallade\n|-damage|p1a: Gallade|27/240\n|\n|t:|1781455638\n|switch|p2a: Torkoal|Torkoal, L88, M|161/266|[from] Volt Switch\n|-weather|SunnyDay|[from] ability: Drought|[of] p2a: Torkoal\n|move|p1a: Gallade|Psycho Cut|p2a: Torkoal\n|-damage|p2a: Torkoal|43/266\n|-damage|p1a: Gallade|3/240|[from] item: Life Orb\n|\n|-weather|SunnyDay|[upkeep]\n|upkeep\n|turn|14\n|\n|t:|1781455646\n|move|p1a: Gallade|Psycho Cut|p2a: Torkoal\n|-crit|p2a: Torkoal\n|-damage|p2a: Torkoal|0 fnt\n|faint|p2a: Torkoal\n|-damage|p1a: Gallade|0 fnt|[from] item: Life Orb\n|faint|p1a: Gallade\n|\n|-weather|SunnyDay|[upkeep]\n|upkeep\n|\n|t:|1781455657\n|switch|p1a: Orthworm|Orthworm, L88, M|266/266\n|switch|p2a: Bellossom|Bellossom, L84, F|263/263\n|turn|15\n|\n|t:|1781455666\n|switch|p2a: Ho-Oh|Ho-Oh, L71|268/268\n|move|p1a: Orthworm|Coil|p1a: Orthworm\n|-boost|p1a: Orthworm|atk|1\n|-boost|p1a: Orthworm|def|1\n|-boost|p1a: Orthworm|accuracy|1\n|\n|-weather|SunnyDay|[upkeep]\n|upkeep\n|turn|16\n|\n|t:|1781455674\n|-terastallize|p1a: Orthworm|Fighting\n|move|p2a: Ho-Oh|Sacred Fire|p1a: Orthworm\n|-damage|p1a: Orthworm|206/266\n|-status|p1a: Orthworm|brn\n|move|p1a: Orthworm|Coil|p1a: Orthworm\n|-boost|p1a: Orthworm|atk|1\n|-boost|p1a: Orthworm|def|1\n|-boost|p1a: Orthworm|accuracy|1\n|\n|-weather|SunnyDay|[upkeep]\n|-damage|p1a: Orthworm|190/266 brn|[from] brn\n|upkeep\n|turn|17\n|\n|t:|1781455682\n|move|p2a: Ho-Oh|Brave Bird|p1a: Orthworm\n|-supereffective|p1a: Orthworm\n|-damage|p1a: Orthworm|106/266 brn\n|-damage|p2a: Ho-Oh|240/268|[from] Recoil\n|move|p1a: Orthworm|Coil|p1a: Orthworm\n|-boost|p1a: Orthworm|atk|1\n|-boost|p1a: Orthworm|def|1\n|-boost|p1a: Orthworm|accuracy|1\n|\n|-weather|none\n|-damage|p1a: Orthworm|90/266 brn|[from] brn\n|upkeep\n|turn|18\n|\n|t:|1781455687\n|move|p2a: Ho-Oh|Brave Bird|p1a: Orthworm\n|-supereffective|p1a: Orthworm\n|-damage|p1a: Orthworm|34/266 brn\n|-damage|p2a: Ho-Oh|222/268|[from] Recoil\n|move|p1a: Orthworm|Rest|p1a: Orthworm\n|-status|p1a: Orthworm|slp|[from] move: Rest\n|-heal|p1a: Orthworm|266/266 slp|[silent]\n|-enditem|p1a: Orthworm|Chesto Berry|[eat]\n|-curestatus|p1a: Orthworm|slp|[msg]\n|\n|upkeep\n|turn|19\n|\n|t:|1781455697\n|move|p2a: Ho-Oh|Sacred Fire|p1a: Orthworm\n|-damage|p1a: Orthworm|239/266\n|move|p1a: Orthworm|Body Press|p2a: Ho-Oh\n|-resisted|p2a: Ho-Oh\n|-damage|p2a: Ho-Oh|34/268\n|\n|upkeep\n|turn|20\n|\n|t:|1781455706\n|move|p2a: Ho-Oh|Sacred Fire|p1a: Orthworm\n|-damage|p1a: Orthworm|212/266\n|-status|p1a: Orthworm|brn\n|move|p1a: Orthworm|Body Press|p2a: Ho-Oh\n|-resisted|p2a: Ho-Oh\n|-damage|p2a: Ho-Oh|0 fnt\n|faint|p2a: Ho-Oh\n|\n|-damage|p1a: Orthworm|196/266 brn|[from] brn\n|upkeep\n|\n|t:|1781455710\n|switch|p2a: Pikachu|Pikachu, L93, F|120/216\n|turn|21\n|\n|t:|1781455715\n|move|p2a: Pikachu|Fake Out|p1a: Orthworm\n|-damage|p1a: Orthworm|184/266 brn\n|cant|p1a: Orthworm|flinch\n|\n|-damage|p1a: Orthworm|168/266 brn|[from] brn\n|upkeep\n|turn|22\n|\n|t:|1781455717\n|move|p2a: Pikachu|Volt Switch|p1a: Orthworm\n|-damage|p1a: Orthworm|17/266 brn\n|\n|t:|1781455720\n|switch|p2a: Vigoroth|Vigoroth, L85, M|275/275|[from] Volt Switch\n|move|p1a: Orthworm|Body Press|p2a: Vigoroth\n|-supereffective|p2a: Vigoroth\n|-damage|p2a: Vigoroth|59/275\n|\n|-damage|p1a: Orthworm|1/266 brn|[from] brn\n|upkeep\n|turn|23\n|\n|t:|1781455727\n|move|p2a: Vigoroth|Knock Off|p1a: Orthworm\n|-resisted|p1a: Orthworm\n|-damage|p1a: Orthworm|0 fnt\n|faint|p1a: Orthworm\n|\n|upkeep\n|\n|t:|1781455737\n|switch|p1a: Calyrex|Calyrex, L93|337/337\n|-ability|p1a: Calyrex|Unnerve\n|turn|24\n|\n|t:|1781455741\n|move|p2a: Vigoroth|Knock Off|p1a: Calyrex\n|-supereffective|p1a: Calyrex\n|-damage|p1a: Calyrex|209/337\n|-enditem|p1a: Calyrex|Leftovers|[from] move: Knock Off|[of] p2a: Vigoroth\n|move|p1a: Calyrex|Psychic|p2a: Vigoroth\n|-damage|p2a: Vigoroth|0 fnt\n|faint|p2a: Vigoroth\n|\n|upkeep\n|\n|t:|1781455748\n|switch|p2a: Torterra|Torterra, L78, F|276/276\n|turn|25\n|\n|t:|1781455756\n|move|p1a: Calyrex|Psychic|p2a: Torterra\n|-damage|p2a: Torterra|158/276\n|move|p2a: Torterra|Shell Smash|p2a: Torterra\n|-unboost|p2a: Torterra|def|1\n|-unboost|p2a: Torterra|spd|1\n|-boost|p2a: Torterra|atk|2\n|-boost|p2a: Torterra|spa|2\n|-boost|p2a: Torterra|spe|2\n|\n|upkeep\n|turn|26\n|\n|t:|1781455768\n|move|p2a: Torterra|Rock Blast|p1a: Calyrex\n|-damage|p1a: Calyrex|178/337\n|-damage|p1a: Calyrex|143/337\n|-damage|p1a: Calyrex|111/337\n|-damage|p1a: Calyrex|79/337\n|-hitcount|p1a: Calyrex|4\n|move|p1a: Calyrex|Psychic|p2a: Torterra\n|-damage|p2a: Torterra|0 fnt\n|faint|p2a: Torterra\n|\n|upkeep\n|\n|t:|1781455780\n|switch|p2a: Pikachu|Pikachu, L93, F|120/216\n|turn|27\n|\n|t:|1781455785\n|switch|p1a: Gholdengo|Gholdengo, L77|261/261\n|move|p2a: Pikachu|Fake Out|p1a: Gholdengo\n|-immune|p1a: Gholdengo\n|\n|upkeep\n|turn|28\n|\n|t:|1781455814\n|move|p2a: Pikachu|Volt Switch|p1a: Gholdengo\n|-damage|p1a: Gholdengo|132/261\n|\n|t:|1781455817\n|switch|p2a: Bellossom|Bellossom, L84, F|263/263|[from] Volt Switch\n|move|p1a: Gholdengo|Shadow Ball|p2a: Bellossom\n|-damage|p2a: Bellossom|178/263\n|\n|-heal|p1a: Gholdengo|148/261|[from] item: Leftovers\n|-heal|p2a: Bellossom|194/263|[from] item: Leftovers\n|upkeep\n|turn|29\n|\n|t:|1781455830\n|move|p1a: Gholdengo|Nasty Plot|p1a: Gholdengo\n|-boost|p1a: Gholdengo|spa|2\n|move|p2a: Bellossom|Quiver Dance|p2a: Bellossom\n|-boost|p2a: Bellossom|spa|1\n|-boost|p2a: Bellossom|spd|1\n|-boost|p2a: Bellossom|spe|1\n|\n|-heal|p2a: Bellossom|210/263|[from] item: Leftovers\n|-heal|p1a: Gholdengo|164/261|[from] item: Leftovers\n|upkeep\n|turn|30\n|inactive|mechroape has 120 seconds left.\n|\n|t:|1781455869\n|move|p2a: Bellossom|Giga Drain|p1a: Gholdengo\n|-resisted|p1a: Gholdengo\n|-damage|p1a: Gholdengo|101/261\n|-heal|p2a: Bellossom|242/263|[from] drain|[of] p1a: Gholdengo\n|move|p1a: Gholdengo|Make It Rain|p2a: Bellossom\n|-damage|p2a: Bellossom|79/263\n|-unboost|p1a: Gholdengo|spa|1\n|\n|-heal|p2a: Bellossom|95/263|[from] item: Leftovers\n|-heal|p1a: Gholdengo|117/261|[from] item: Leftovers\n|upkeep\n|turn|31\n|\n|t:|1781455878\n|move|p2a: Bellossom|Giga Drain|p1a: Gholdengo\n|-resisted|p1a: Gholdengo\n|-damage|p1a: Gholdengo|57/261\n|-heal|p2a: Bellossom|125/263|[from] drain|[of] p1a: Gholdengo\n|move|p1a: Gholdengo|Nasty Plot|p1a: Gholdengo\n|-boost|p1a: Gholdengo|spa|2\n|\n|-heal|p2a: Bellossom|141/263|[from] item: Leftovers\n|-heal|p1a: Gholdengo|73/261|[from] item: Leftovers\n|upkeep\n|turn|32\n|\n|t:|1781455886\n|-terastallize|p2a: Bellossom|Fire\n|move|p2a: Bellossom|Tera Blast|p1a: Gholdengo|[anim] Tera Blast Fire\n|-supereffective|p1a: Gholdengo\n|-damage|p1a: Gholdengo|0 fnt\n|faint|p1a: Gholdengo\n|\n|-heal|p2a: Bellossom|157/263|[from] item: Leftovers\n|upkeep\n|\n|t:|1781455891\n|switch|p1a: Calyrex|Calyrex, L93|79/337\n|-ability|p1a: Calyrex|Unnerve\n|turn|33\n|inactive|mechroape has 120 seconds left.\n|\n|t:|1781455943\n|move|p1a: Calyrex|Body Press|p2a: Bellossom\n|-damage|p2a: Bellossom|102/263\n|move|p2a: Bellossom|Tera Blast|p1a: Calyrex|[anim] Tera Blast Fire\n|-supereffective|p1a: Calyrex\n|-damage|p1a: Calyrex|0 fnt\n|faint|p1a: Calyrex\n|\n|win|mechroape\n", "inputlog": ">version a8376a258c1d4662feba110a92103f3664a72141\n>start {\"formatid\":\"gen9randombattle\",\"seed\":\"sodium,1e6a08d18bfa36970649904223627ec1\",\"rated\":\"Rated battle\"}\n>player p1 {\"name\":\"maik2020\",\"avatar\":\"170\",\"rating\":1937,\"seed\":\"sodium,b40d988eaec012e487c973f1af334e1a\"}\n>player p2 {\"name\":\"mechroape\",\"avatar\":\"brycen\",\"rating\":1958,\"seed\":\"sodium,85032e522ecc4c855997d65d49fc76a3\"}\n>p1 switch 6\n>p2 move sacredfire\n>p1 move bravebird\n>p2 move bravebird\n>p1 move roost\n>p2 move recover\n>p1 switch 4\n>p2 move bravebird\n>p1 move nastyplot\n>p2 switch 3\n>p1 move focusblast\n>p2 move fakeout\n>p1 move focusblast\n>p2 move surf\n>p1 switch 2\n>p1 move psychocut\n>p2 move voltswitch\n>p2 switch 4\n>p1 switch 4\n>p2 move lavaplume\n>p1 move roost\n>p2 move lavaplume\n>p1 move bravebird\n>p2 switch 4\n>p1 move roost\n>p2 move volttackle\n>p1 switch 4\n>p1 move psychocut\n>p2 move voltswitch\n>p2 switch 4\n>p1 move psychocut\n>p2 move lavaplume\n>p1 switch 3\n>p2 switch 2\n>p1 move coil\n>p2 switch 3\n>p1 move coil terastallize\n>p2 move sacredfire\n>p1 move coil\n>p2 move bravebird\n>p1 move rest\n>p2 move bravebird\n>p1 move bodypress\n>p2 move sacredfire\n>p1 move bodypress\n>p2 move sacredfire\n>p2 switch 4\n>p1 move bodypress\n>p2 move fakeout\n>p1 move bodypress\n>p2 move voltswitch\n>p2 switch 6\n>p1 move bodypress\n>p2 move knockoff\n>p1 switch 6\n>p1 move psychic\n>p2 move knockoff\n>p2 switch 5\n>p1 move psychic\n>p2 move shellsmash\n>p1 move psychic\n>p2 move rockblast\n>p2 switch 6\n>p1 switch 5\n>p2 move fakeout\n>p1 move shadowball\n>p2 move voltswitch\n>p2 switch 3\n>p1 move nastyplot\n>p2 move quiverdance\n>p1 move makeitrain\n>p2 move gigadrain\n>p1 move nastyplot\n>p2 move gigadrain\n>p1 move makeitrain\n>p2 move terablast terastallize\n>p1 switch 5\n>p1 move bodypress\n>p2 move terablast", "uploadtime": 1781455453, "views": 5, "formatid": "gen9randombattle", "rating": null, "private": 0, "password": null}