{"id": "gen9randombattle-2631539540", "format": "[Gen 9] Random Battle", "players": ["sondaw", "Vegeta's Hairlinee"], "log": "|j|\u2606sondaw\n|j|\u2606Vegeta's Hairlinee\n|t:|1781398521\n|gametype|singles\n|player|p1|sondaw|1|2246\n|player|p2|Vegeta's Hairlinee|265|2243\n|gen|9\n|tier|[Gen 9] Random Battle\n|rated|\n|rule|Species Clause: Limit one of each Pok\u00e9mon\n|rule|HP Percentage Mod: HP is shown in percentages\n|rule|Sleep Clause Mod: Limit one foe put to sleep\n|rule|Illusion Level Mod: Illusion disguises the Pok\u00e9mon's true level\n|\n|t:|1781398521\n|teamsize|p1|6\n|teamsize|p2|6\n|start\n|switch|p1a: Basculegion|Basculegion, L80, M|323/323\n|switch|p2a: Oricorio|Oricorio-Pa'u, L87, F|272/272\n|turn|1\n|inactive|Battle timer is ON: inactive players will automatically lose when time's up. (requested by sondaw)\n|\n|t:|1781398548\n|switch|p2a: Tauros|Tauros-Paldea-Combat, L82, M|257/257\n|-ability|p2a: Tauros|Intimidate|boost\n|-unboost|p1a: Basculegion|atk|1\n|move|p1a: Basculegion|Wave Crash|p2a: Tauros\n|-damage|p2a: Tauros|143/257\n|-damage|p1a: Basculegion|285/323|[from] Recoil\n|\n|upkeep\n|turn|2\n|\n|t:|1781398558\n|move|p2a: Tauros|Throat Chop|p1a: Basculegion\n|-supereffective|p1a: Basculegion\n|-damage|p1a: Basculegion|59/323\n|-start|p1a: Basculegion|Throat Chop|[silent]\n|move|p1a: Basculegion|Shadow Ball|p2a: Tauros\n|-damage|p2a: Tauros|33/257\n|\n|upkeep\n|turn|3\n|\n|t:|1781398577\n|switch|p2a: Oricorio|Oricorio-Pa'u, L87, F|272/272\n|move|p1a: Basculegion|Aqua Jet|p2a: Oricorio\n|-damage|p2a: Oricorio|224/272\n|\n|-end|p1a: Basculegion|Throat Chop|[silent]\n|upkeep\n|turn|4\n|\n|t:|1781398585\n|switch|p1a: Rhyperior|Rhyperior, L82, M|323/323\n|move|p2a: Oricorio|Hurricane|p1a: Rhyperior|[miss]\n|-miss|p2a: Oricorio|p1a: Rhyperior\n|\n|upkeep\n|turn|5\n|\n|t:|1781398601\n|switch|p2a: Tauros|Tauros-Paldea-Combat, L82, M|33/257\n|-ability|p2a: Tauros|Intimidate|boost\n|-unboost|p1a: Rhyperior|atk|1\n|move|p1a: Rhyperior|Rock Polish|p1a: Rhyperior\n|-boost|p1a: Rhyperior|spe|2\n|\n|upkeep\n|turn|6\n|\n|t:|1781398608\n|switch|p2a: Oricorio|Oricorio-Pa'u, L87, F|224/272\n|move|p1a: Rhyperior|Earthquake|p2a: Oricorio\n|-immune|p2a: Oricorio\n|\n|upkeep\n|turn|7\n|\n|t:|1781398621\n|switch|p1a: Basculegion|Basculegion, L80, M|59/323\n|switch|p2a: Tauros|Tauros-Paldea-Combat, L82, M|33/257\n|-ability|p2a: Tauros|Intimidate|boost\n|-unboost|p1a: Basculegion|atk|1\n|\n|upkeep\n|turn|8\n|\n|t:|1781398636\n|move|p1a: Basculegion|Aqua Jet|p2a: Tauros\n|-damage|p2a: Tauros|0 fnt\n|faint|p2a: Tauros\n|\n|upkeep\n|\n|t:|1781398653\n|switch|p2a: Excadrill|Excadrill, L79, M|303/303\n|-ability|p2a: Excadrill|Mold Breaker\n|turn|9\n|\n|t:|1781398674\n|switch|p1a: Cramorant|Cramorant, L86, M|261/261\n|move|p2a: Excadrill|Earthquake|p1a: Cramorant\n|-immune|p1a: Cramorant\n|\n|upkeep\n|turn|10\n|\n|t:|1781398692\n|switch|p2a: Palkia|Palkia-Origin, L72|249/249\n|-ability|p2a: Palkia|Pressure\n|move|p1a: Cramorant|Surf|p2a: Palkia\n|-formechange|p1a: Cramorant|Cramorant-Gulping|\n|-resisted|p2a: Palkia\n|-damage|p2a: Palkia|227/249\n|\n|upkeep\n|turn|11\n|inactive|sondaw has 120 seconds left.\n|\n|t:|1781398734\n|move|p2a: Palkia|Thunder Wave|p1a: Cramorant|[miss]\n|-miss|p2a: Palkia|p1a: Cramorant\n|move|p1a: Cramorant|Brave Bird|p2a: Palkia\n|-damage|p2a: Palkia|98/249\n|-damage|p1a: Cramorant|218/261|[from] Recoil\n|\n|upkeep\n|turn|12\n|\n|t:|1781398742\n|switch|p1a: Basculegion|Basculegion, L80, M|59/323\n|move|p2a: Palkia|Draco Meteor|p1a: Basculegion\n|-damage|p1a: Basculegion|0 fnt\n|-unboost|p2a: Palkia|spa|2\n|faint|p1a: Basculegion\n|\n|upkeep\n|\n|t:|1781398750\n|switch|p1a: Cinccino|Cinccino, L83, M|260/260\n|turn|13\n|inactive|sondaw has 120 seconds left.\n|\n|t:|1781398756\n|switch|p2a: Metagross|Metagross, L79|256/256\n|move|p1a: Cinccino|Bullet Seed|p2a: Metagross\n|-resisted|p2a: Metagross\n|-damage|p2a: Metagross|245/256\n|-resisted|p2a: Metagross\n|-damage|p2a: Metagross|235/256\n|-resisted|p2a: Metagross\n|-damage|p2a: Metagross|226/256\n|-resisted|p2a: Metagross\n|-damage|p2a: Metagross|217/256\n|-hitcount|p2a: Metagross|4\n|\n|-heal|p2a: Metagross|233/256|[from] item: Leftovers\n|upkeep\n|turn|14\n|\n|t:|1781398764\n|switch|p2a: Palkia|Palkia-Origin, L72|98/249\n|-ability|p2a: Palkia|Pressure\n|move|p1a: Cinccino|U-turn|p2a: Palkia\n|-damage|p2a: Palkia|47/249\n|inactive|sondaw has 120 seconds left.\n|inactive|sondaw has 90 seconds left.\n|\n|t:|1781398818\n|switch|p1a: Cramorant|Cramorant, L86, M|218/261|[from] U-turn\n|\n|upkeep\n|turn|15\n|inactive|sondaw has 90 seconds left.\n|\n|t:|1781398838\n|move|p2a: Palkia|Draco Meteor|p1a: Cramorant\n|-damage|p1a: Cramorant|52/261\n|-unboost|p2a: Palkia|spa|2\n|move|p1a: Cramorant|Brave Bird|p2a: Palkia\n|-damage|p2a: Palkia|0 fnt\n|faint|p2a: Palkia\n|-damage|p1a: Cramorant|36/261|[from] Recoil\n|\n|upkeep\n|\n|t:|1781398850\n|switch|p2a: Oricorio|Oricorio-Pa'u, L87, F|224/272\n|turn|16\n|inactive|sondaw has 90 seconds left.\n|\n|t:|1781398869\n|switch|p1a: Rhyperior|Rhyperior, L82, M|323/323\n|move|p2a: Oricorio|Revelation Dance|p1a: Rhyperior\n|-damage|p1a: Rhyperior|178/323\n|\n|upkeep\n|turn|17\n|\n|t:|1781398881\n|-terastallize|p2a: Oricorio|Fighting\n|move|p2a: Oricorio|Quiver Dance|p2a: Oricorio\n|-boost|p2a: Oricorio|spa|1\n|-boost|p2a: Oricorio|spd|1\n|-boost|p2a: Oricorio|spe|1\n|move|p1a: Rhyperior|Stone Edge|p2a: Oricorio\n|-resisted|p2a: Oricorio\n|-damage|p2a: Oricorio|143/272\n|\n|upkeep\n|turn|18\n|inactive|sondaw has 90 seconds left.\n|\n|t:|1781398913\n|switch|p1a: Cramorant|Cramorant, L86, M|36/261\n|move|p2a: Oricorio|Revelation Dance|p1a: Cramorant\n|-resisted|p1a: Cramorant\n|-damage|p1a: Cramorant|0 fnt\n|faint|p1a: Cramorant\n|\n|upkeep\n|\n|t:|1781398926\n|switch|p1a: Gouging Fire|Gouging Fire, L74|277/277\n|turn|19\n|\n|t:|1781398936\n|move|p2a: Oricorio|Revelation Dance|p1a: Gouging Fire\n|-crit|p1a: Gouging Fire\n|-damage|p1a: Gouging Fire|46/277\n|move|p1a: Gouging Fire|Dragon Dance|p1a: Gouging Fire\n|-boost|p1a: Gouging Fire|atk|1\n|-boost|p1a: Gouging Fire|spe|1\n|-activate|p2a: Oricorio|ability: Dancer\n|move|p2a: Oricorio|Dragon Dance|p2a: Oricorio|[from] ability: Dancer\n|-boost|p2a: Oricorio|atk|1\n|-boost|p2a: Oricorio|spe|1\n|\n|upkeep\n|turn|20\n|\n|t:|1781398942\n|move|p2a: Oricorio|Revelation Dance|p1a: Gouging Fire\n|-damage|p1a: Gouging Fire|0 fnt\n|faint|p1a: Gouging Fire\n|-end|p1a: Gouging Fire|Protosynthesis|[silent]\n|\n|upkeep\n|\n|t:|1781398953\n|switch|p1a: Tsareena|Tsareena, L87, F|267/267\n|turn|21\n|\n|t:|1781398965\n|-terastallize|p1a: Tsareena|Steel\n|move|p2a: Oricorio|Hurricane|p1a: Tsareena\n|-resisted|p1a: Tsareena\n|-damage|p1a: Tsareena|186/267\n|move|p1a: Tsareena|Power Whip|p2a: Oricorio\n|-damage|p2a: Oricorio|0 fnt\n|faint|p2a: Oricorio\n|-damage|p1a: Tsareena|160/267|[from] item: Life Orb\n|\n|upkeep\n|\n|t:|1781398974\n|switch|p2a: Excadrill|Excadrill, L79, M|303/303\n|-ability|p2a: Excadrill|Mold Breaker\n|turn|22\n|inactive|sondaw has 90 seconds left.\n|\n|t:|1781398981\n|move|p2a: Excadrill|Earthquake|p1a: Tsareena\n|-supereffective|p1a: Tsareena\n|-damage|p1a: Tsareena|0 fnt\n|faint|p1a: Tsareena\n|\n|upkeep\n|\n|t:|1781398985\n|switch|p1a: Rhyperior|Rhyperior, L82, M|178/323\n|turn|23\n|\n|t:|1781398991\n|move|p2a: Excadrill|Earthquake|p1a: Rhyperior\n|-supereffective|p1a: Rhyperior\n|-damage|p1a: Rhyperior|0 fnt\n|faint|p1a: Rhyperior\n|\n|upkeep\n|\n|t:|1781398993\n|switch|p1a: Cinccino|Cinccino, L83, M|260/260\n|turn|24\n|\n|t:|1781398997\n|move|p1a: Cinccino|Triple Axel|p2a: Excadrill\n|-damage|p2a: Excadrill|272/303\n|-damage|p2a: Excadrill|217/303\n|-damage|p2a: Excadrill|132/303\n|-hitcount|p2a: Excadrill|3\n|move|p2a: Excadrill|Earthquake|p1a: Cinccino\n|-damage|p1a: Cinccino|95/260\n|\n|-heal|p2a: Excadrill|150/303|[from] item: Leftovers\n|upkeep\n|turn|25\n|\n|t:|1781399002\n|move|p1a: Cinccino|Triple Axel|p2a: Excadrill\n|-damage|p2a: Excadrill|121/303\n|-damage|p2a: Excadrill|64/303\n|-damage|p2a: Excadrill|0 fnt\n|faint|p2a: Excadrill\n|-hitcount|p2: Excadrill|3\n|\n|upkeep\n|\n|t:|1781399006\n|switch|p2a: Metagross|Metagross, L79|233/256\n|turn|26\n|-message|sondaw forfeited.\n|\n|win|Vegeta's Hairlinee\n", "inputlog": ">version a8376a258c1d4662feba110a92103f3664a72141\n>start {\"formatid\":\"gen9randombattle\",\"seed\":\"sodium,c2b9f6ca4d17791b254cd7f05770b672\",\"rated\":\"Rated battle\"}\n>player p1 {\"name\":\"sondaw\",\"avatar\":\"1\",\"rating\":2246,\"seed\":\"sodium,7d56ce505dc7783d812049478d7323b8\"}\n>player p2 {\"name\":\"Vegeta's Hairlinee\",\"avatar\":\"265\",\"rating\":2243,\"seed\":\"sodium,c2094c7d862143df8c6df2689464e2a3\"}\n>p1 move wavecrash\n>p2 switch 3\n>p1 move shadowball\n>p2 move throatchop\n>p1 move aquajet\n>p2 switch 3\n>p1 switch 4\n>p2 move hurricane\n>p1 move rockpolish\n>p2 switch 3\n>p1 move earthquake\n>p2 switch 3\n>p1 switch 4\n>p2 switch 3\n>p1 move aquajet\n>p2 move throatchop\n>p2 switch 4\n>p1 switch 2\n>p2 move earthquake\n>p1 move surf\n>p2 switch 6\n>p1 move bravebird\n>p2 move thunderwave\n>p1 switch 2\n>p2 move dracometeor\n>p1 switch 3\n>p1 move bulletseed\n>p2 switch 2\n>p1 move uturn\n>p2 switch 2\n>p1 switch 2\n>p1 move bravebird\n>p2 move dracometeor\n>p2 switch 3\n>p1 switch 4\n>p2 move revelationdance\n>p1 move stoneedge\n>p2 move quiverdance terastallize\n>p1 switch 4\n>p2 move revelationdance\n>p1 switch 5\n>p1 move dragondance\n>p2 move revelationdance\n>p1 move outrage\n>p2 move revelationdance\n>p1 switch 6\n>p1 move powerwhip terastallize\n>p2 move hurricane\n>p2 switch 6\n>p1 move highjumpkick\n>p2 move earthquake\n>p1 switch 4\n>p1 move rockpolish\n>p2 move earthquake\n>p1 switch 2\n>p1 move tripleaxel\n>p2 move earthquake\n>p1 move tripleaxel\n>p2 move earthquake\n>p2 switch 2\n>forcelose p1", "uploadtime": 1781398522, "views": 7, "formatid": "gen9randombattle", "rating": null, "private": 0, "password": null}