{"id": "gen9randombattle-2631705593", "format": "[Gen 9] Random Battle", "players": ["Osranedupsko", "Saaskin"], "log": "|j|\u2606Osranedupsko\n|j|\u2606Saaskin\n|t:|1781425439\n|gametype|singles\n|player|p1|Osranedupsko|janitor|2112\n|player|p2|Saaskin|265|2024\n|gen|9\n|tier|[Gen 9] Random Battle\n|rated|\n|rule|Species Clause: Limit one of each Pok\u00e9mon\n|rule|HP Percentage Mod: HP is shown in percentages\n|rule|Sleep Clause Mod: Limit one foe put to sleep\n|rule|Illusion Level Mod: Illusion disguises the Pok\u00e9mon's true level\n|\n|t:|1781425439\n|teamsize|p1|6\n|teamsize|p2|6\n|start\n|switch|p1a: Articuno|Articuno, L86|295/295\n|switch|p2a: Dialga|Dialga-Origin, L73|266/266\n|-ability|p1a: Articuno|Pressure\n|-ability|p2a: Dialga|Pressure\n|turn|1\n|inactive|Battle timer is ON: inactive players will automatically lose when time's up. (requested by Saaskin)\n|inactive|Osranedupsko also wants the timer to be on.\n|\n|t:|1781425449\n|switch|p1a: Gholdengo|Gholdengo, L77|261/261\n|move|p2a: Dialga|Stealth Rock|p1a: Gholdengo\n|-sidestart|p1: Osranedupsko|move: Stealth Rock\n|\n|upkeep\n|turn|2\n|\n|t:|1781425458\n|move|p1a: Gholdengo|Focus Blast|p2a: Dialga\n|-supereffective|p2a: Dialga\n|-damage|p2a: Dialga|88/266\n|move|p2a: Dialga|Fire Blast|p1a: Gholdengo\n|-supereffective|p1a: Gholdengo\n|-damage|p1a: Gholdengo|89/261\n|\n|upkeep\n|turn|3\n|\n|t:|1781425466\n|switch|p2a: Weezing|Weezing-Galar, L86, F|252/252\n|move|p1a: Gholdengo|Focus Blast|p2a: Weezing\n|-resisted|p2a: Weezing\n|-damage|p2a: Weezing|225/252\n|\n|-heal|p2a: Weezing|240/252|[from] item: Leftovers\n|upkeep\n|turn|4\n|\n|t:|1781425481\n|switch|p1a: Morpeko|Morpeko, L88, F|245/245\n|-damage|p1a: Morpeko|215/245|[from] Stealth Rock\n|move|p2a: Weezing|Gunk Shot|p1a: Morpeko\n|-damage|p1a: Morpeko|58/245\n|\n|-heal|p1a: Morpeko|73/245|[from] item: Leftovers\n|-heal|p2a: Weezing|252/252|[from] item: Leftovers\n|-formechange|p1a: Morpeko|Morpeko-Hangry||[from] ability: Hunger Switch\n|upkeep\n|turn|5\n|\n|t:|1781425503\n|move|p1a: Morpeko|Rapid Spin|p2a: Weezing\n|-damage|p2a: Weezing|220/252\n|-boost|p1a: Morpeko|spe|1\n|-sideend|p1: Osranedupsko|Stealth Rock|[from] move: Rapid Spin|[of] p1a: Morpeko\n|move|p2a: Weezing|Strange Steam|p1a: Morpeko\n|-supereffective|p1a: Morpeko\n|-damage|p1a: Morpeko|0 fnt\n|faint|p1a: Morpeko\n|\n|-heal|p2a: Weezing|235/252|[from] item: Leftovers\n|upkeep\n|\n|t:|1781425506\n|switch|p1a: Articuno|Articuno, L86|295/295\n|-ability|p1a: Articuno|Pressure\n|turn|6\n|\n|t:|1781425517\n|move|p1a: Articuno|Freeze-Dry|p2a: Weezing\n|-damage|p2a: Weezing|153/252\n|move|p2a: Weezing|Gunk Shot|p1a: Articuno\n|-damage|p1a: Articuno|189/295\n|\n|-heal|p2a: Weezing|168/252|[from] item: Leftovers\n|upkeep\n|turn|7\n|\n|t:|1781425535\n|move|p1a: Articuno|Freeze-Dry|p2a: Weezing\n|-damage|p2a: Weezing|81/252\n|move|p2a: Weezing|Gunk Shot|p1a: Articuno\n|-crit|p1a: Articuno\n|-damage|p1a: Articuno|11/295\n|\n|-heal|p2a: Weezing|96/252|[from] item: Leftovers\n|upkeep\n|turn|8\n|\n|t:|1781425543\n|move|p1a: Articuno|Roost|p1a: Articuno\n|-heal|p1a: Articuno|159/295\n|-singleturn|p1a: Articuno|move: Roost\n|move|p2a: Weezing|Will-O-Wisp|p1a: Articuno\n|-status|p1a: Articuno|brn\n|\n|-heal|p2a: Weezing|111/252|[from] item: Leftovers\n|-damage|p1a: Articuno|141/295 brn|[from] brn\n|upkeep\n|turn|9\n|\n|t:|1781425553\n|move|p1a: Articuno|Roost|p1a: Articuno\n|-heal|p1a: Articuno|289/295 brn\n|-singleturn|p1a: Articuno|move: Roost\n|move|p2a: Weezing|Gunk Shot|p1a: Articuno\n|-damage|p1a: Articuno|169/295 brn\n|\n|-heal|p2a: Weezing|126/252|[from] item: Leftovers\n|-damage|p1a: Articuno|151/295 brn|[from] brn\n|upkeep\n|turn|10\n|\n|t:|1781425562\n|move|p1a: Articuno|Freeze-Dry|p2a: Weezing\n|-damage|p2a: Weezing|30/252\n|move|p2a: Weezing|Gunk Shot|p1a: Articuno\n|-damage|p1a: Articuno|36/295 brn\n|\n|-heal|p2a: Weezing|45/252|[from] item: Leftovers\n|-damage|p1a: Articuno|18/295 brn|[from] brn\n|upkeep\n|turn|11\n|\n|t:|1781425568\n|switch|p2a: Dialga|Dialga-Origin, L73|88/266\n|-ability|p2a: Dialga|Pressure\n|move|p1a: Articuno|Freeze-Dry|p2a: Dialga\n|-damage|p2a: Dialga|19/266\n|\n|-damage|p1a: Articuno|0 fnt|[from] brn\n|faint|p1a: Articuno\n|upkeep\n|\n|t:|1781425591\n|switch|p1a: Typhlosion|Typhlosion-Hisui, L83, F|257/257\n|turn|12\n|\n|t:|1781425597\n|move|p1a: Typhlosion|Shadow Ball|p2a: Dialga\n|-damage|p2a: Dialga|0 fnt\n|faint|p2a: Dialga\n|\n|upkeep\n|\n|t:|1781425602\n|switch|p2a: Honchkrow|Honchkrow, L86, M|312/312\n|turn|13\n|\n|t:|1781425611\n|move|p1a: Typhlosion|Substitute|p1a: Typhlosion\n|-start|p1a: Typhlosion|Substitute\n|-damage|p1a: Typhlosion|193/257\n|move|p2a: Honchkrow|Brave Bird|p1a: Typhlosion\n|-end|p1a: Typhlosion|Substitute\n|-damage|p2a: Honchkrow|291/312|[from] Recoil|[of] p1a: Typhlosion\n|\n|-heal|p1a: Typhlosion|209/257|[from] item: Leftovers\n|upkeep\n|turn|14\n|\n|t:|1781425621\n|switch|p1a: Gholdengo|Gholdengo, L77|89/261\n|move|p2a: Honchkrow|Brave Bird|p1a: Gholdengo\n|-resisted|p1a: Gholdengo\n|-damage|p1a: Gholdengo|10/261\n|-damage|p2a: Honchkrow|265/312|[from] Recoil\n|\n|upkeep\n|turn|15\n|\n|t:|1781425626\n|switch|p2a: Weezing|Weezing-Galar, L86, F|45/252\n|move|p1a: Gholdengo|Trick|p2a: Weezing\n|-activate|p1a: Gholdengo|move: Trick|[of] p2a: Weezing\n|-item|p2a: Weezing|Choice Scarf|[from] move: Trick\n|-item|p1a: Gholdengo|Leftovers|[from] move: Trick\n|\n|-heal|p1a: Gholdengo|26/261|[from] item: Leftovers\n|upkeep\n|turn|16\n|\n|t:|1781425639\n|move|p2a: Weezing|Strange Steam|p1a: Gholdengo\n|-resisted|p1a: Gholdengo\n|-damage|p1a: Gholdengo|0 fnt\n|faint|p1a: Gholdengo\n|\n|upkeep\n|inactive|Osranedupsko has 120 seconds left.\n|\n|t:|1781425666\n|switch|p1a: Typhlosion|Typhlosion-Hisui, L83, F|209/257\n|turn|17\n|\n|t:|1781425678\n|switch|p2a: Tornadus|Tornadus-Therian, L79, M|254/254\n|move|p1a: Typhlosion|Calm Mind|p1a: Typhlosion\n|-boost|p1a: Typhlosion|spa|1\n|-boost|p1a: Typhlosion|spd|1\n|\n|-heal|p1a: Typhlosion|225/257|[from] item: Leftovers\n|upkeep\n|turn|18\n|\n|t:|1781425684\n|move|p2a: Tornadus|Knock Off|p1a: Typhlosion\n|-supereffective|p1a: Typhlosion\n|-damage|p1a: Typhlosion|99/257\n|-enditem|p1a: Typhlosion|Leftovers|[from] move: Knock Off|[of] p2a: Tornadus\n|move|p1a: Typhlosion|Fire Blast|p2a: Tornadus|[miss]\n|-miss|p1a: Typhlosion|p2a: Tornadus\n|\n|upkeep\n|turn|19\n|\n|t:|1781425693\n|move|p2a: Tornadus|Knock Off|p1a: Typhlosion\n|-supereffective|p1a: Typhlosion\n|-damage|p1a: Typhlosion|11/257\n|move|p1a: Typhlosion|Fire Blast|p2a: Tornadus\n|-damage|p2a: Tornadus|46/254\n|\n|upkeep\n|turn|20\n|\n|t:|1781425700\n|move|p2a: Tornadus|Knock Off|p1a: Typhlosion\n|-supereffective|p1a: Typhlosion\n|-damage|p1a: Typhlosion|0 fnt\n|faint|p1a: Typhlosion\n|\n|upkeep\n|\n|t:|1781425718\n|switch|p1a: Tauros|Tauros, L82, M|257/257\n|turn|21\n|\n|t:|1781425729\n|move|p2a: Tornadus|U-turn|p1a: Tauros\n|-damage|p1a: Tauros|213/257\n|\n|t:|1781425733\n|switch|p2a: Honchkrow|Honchkrow, L86, M|265/312|[from] U-turn\n|move|p1a: Tauros|Body Slam|p2a: Honchkrow\n|-damage|p2a: Honchkrow|47/312\n|\n|upkeep\n|turn|22\n|\n|t:|1781425738\n|move|p2a: Honchkrow|Sucker Punch|p1a: Tauros\n|-damage|p1a: Tauros|129/257\n|move|p1a: Tauros|Body Slam|p2a: Honchkrow\n|-damage|p2a: Honchkrow|0 fnt\n|faint|p2a: Honchkrow\n|\n|upkeep\n|\n|t:|1781425741\n|switch|p2a: Weezing|Weezing-Galar, L86, F|45/252\n|turn|23\n|\n|t:|1781425744\n|move|p2a: Weezing|Will-O-Wisp|p1a: Tauros|[miss]\n|-miss|p2a: Weezing|p1a: Tauros\n|move|p1a: Tauros|Body Slam|p2a: Weezing\n|-damage|p2a: Weezing|0 fnt\n|faint|p2a: Weezing\n|\n|upkeep\n|\n|t:|1781425749\n|switch|p2a: Tornadus|Tornadus-Therian, L79, M|130/254\n|turn|24\n|\n|t:|1781425755\n|move|p2a: Tornadus|Knock Off|p1a: Tauros\n|-damage|p1a: Tauros|67/257\n|-enditem|p1a: Tauros|Life Orb|[from] move: Knock Off|[of] p2a: Tornadus\n|move|p1a: Tauros|Body Slam|p2a: Tornadus\n|-damage|p2a: Tornadus|3/254\n|\n|upkeep\n|turn|25\n|\n|t:|1781425764\n|switch|p1a: Clefable|Clefable, L83, M|293/293\n|move|p2a: Tornadus|Bleakwind Storm|p1a: Clefable\n|-damage|p1a: Clefable|199/293\n|-unboost|p1a: Clefable|spe|1\n|\n|-heal|p1a: Clefable|217/293|[from] item: Leftovers\n|upkeep\n|turn|26\n|\n|t:|1781425777\n|move|p2a: Tornadus|U-turn|p1a: Clefable\n|-resisted|p1a: Clefable\n|-damage|p1a: Clefable|193/293\n|\n|t:|1781425779\n|switch|p2a: Ninetales|Ninetales-Alola, L78, M|242/242|[from] U-turn\n|-weather|Snowscape|[from] ability: Snow Warning|[of] p2a: Ninetales\n|move|p1a: Clefable|Moonblast|p2a: Ninetales\n|-damage|p2a: Ninetales|142/242\n|\n|-weather|Snowscape|[upkeep]\n|-heal|p1a: Clefable|211/293|[from] item: Leftovers\n|upkeep\n|turn|27\n|\n|t:|1781425786\n|move|p2a: Ninetales|Aurora Veil|p2a: Ninetales\n|-sidestart|p2: Saaskin|move: Aurora Veil\n|move|p1a: Clefable|Calm Mind|p1a: Clefable\n|-boost|p1a: Clefable|spa|1\n|-boost|p1a: Clefable|spd|1\n|\n|-weather|Snowscape|[upkeep]\n|-heal|p1a: Clefable|229/293|[from] item: Leftovers\n|upkeep\n|turn|28\n|\n|t:|1781425793\n|move|p2a: Ninetales|Blizzard|p1a: Clefable\n|-damage|p1a: Clefable|172/293\n|move|p1a: Clefable|Calm Mind|p1a: Clefable\n|-boost|p1a: Clefable|spa|1\n|-boost|p1a: Clefable|spd|1\n|\n|-weather|Snowscape|[upkeep]\n|-heal|p1a: Clefable|190/293|[from] item: Leftovers\n|upkeep\n|turn|29\n|\n|t:|1781425799\n|switch|p2a: Shiftry|Shiftry, L89, M|305/305\n|move|p1a: Clefable|Calm Mind|p1a: Clefable\n|-boost|p1a: Clefable|spa|1\n|-boost|p1a: Clefable|spd|1\n|\n|-weather|Snowscape|[upkeep]\n|-heal|p1a: Clefable|208/293|[from] item: Leftovers\n|upkeep\n|turn|30\n|\n|t:|1781425805\n|-terastallize|p1a: Clefable|Steel\n|move|p2a: Shiftry|Leaf Blade|p1a: Clefable\n|-resisted|p1a: Clefable\n|-damage|p1a: Clefable|122/293\n|-damage|p2a: Shiftry|275/305|[from] item: Life Orb\n|move|p1a: Clefable|Moonblast|p2a: Shiftry\n|-supereffective|p2a: Shiftry\n|-damage|p2a: Shiftry|0 fnt\n|faint|p2a: Shiftry\n|\n|-weather|none\n|-heal|p1a: Clefable|140/293|[from] item: Leftovers\n|upkeep\n|\n|t:|1781425812\n|switch|p2a: Tornadus|Tornadus-Therian, L79, M|87/254\n|turn|31\n|\n|t:|1781425817\n|move|p2a: Tornadus|Knock Off|p1a: Clefable\n|-damage|p1a: Clefable|68/293\n|-enditem|p1a: Clefable|Leftovers|[from] move: Knock Off|[of] p2a: Tornadus\n|move|p1a: Clefable|Moonlight|p1a: Clefable\n|-heal|p1a: Clefable|214/293\n|\n|upkeep\n|turn|32\n|-message|Saaskin forfeited.\n|\n|win|Osranedupsko\n", "inputlog": ">version a8376a258c1d4662feba110a92103f3664a72141\n>start {\"formatid\":\"gen9randombattle\",\"seed\":\"sodium,118f550b000e3fe423842bcc7b60dd49\",\"rated\":\"Rated battle\"}\n>player p1 {\"name\":\"Osranedupsko\",\"avatar\":\"janitor\",\"rating\":2112,\"seed\":\"sodium,7a62d37ccd18ccda3b681e069e44bdfe\"}\n>player p2 {\"name\":\"Saaskin\",\"avatar\":\"265\",\"rating\":2024,\"seed\":\"sodium,c639f22062e596d34ef3087074e4f987\"}\n>p1 switch 4\n>p2 move stealthrock\n>p1 move focusblast\n>p2 move fireblast\n>p1 move focusblast\n>p2 switch 6\n>p1 switch 3\n>p2 move gunkshot\n>p1 move rapidspin\n>p2 move strangesteam\n>p1 switch 4\n>p1 move freezedry\n>p2 move gunkshot\n>p1 move freezedry\n>p2 move gunkshot\n>p1 move roost\n>p2 move willowisp\n>p1 move roost\n>p2 move gunkshot\n>p1 move freezedry\n>p2 move gunkshot\n>p1 move freezedry\n>p2 switch 6\n>p1 switch 2\n>p1 move shadowball\n>p2 move stealthrock\n>p2 switch 5\n>p1 move substitute\n>p2 move bravebird\n>p1 switch 3\n>p2 move bravebird\n>p1 move trick\n>p2 switch 6\n>p1 move shadowball\n>p2 move strangesteam\n>p1 switch 3\n>p1 move calmmind\n>p2 switch 4\n>p1 move fireblast\n>p2 move knockoff\n>p1 move fireblast\n>p2 move knockoff\n>p1 move fireblast\n>p2 move knockoff\n>p1 switch 5\n>p1 move bodyslam\n>p2 move uturn\n>p2 switch 6\n>p1 move bodyslam\n>p2 move suckerpunch\n>p2 switch 4\n>p1 move bodyslam\n>p2 move willowisp\n>p2 switch 6\n>p1 move bodyslam\n>p2 move knockoff\n>p1 switch 6\n>p2 move bleakwindstorm\n>p1 move moonblast\n>p2 move uturn\n>p2 switch 2\n>p1 move calmmind\n>p2 move auroraveil\n>p1 move calmmind\n>p2 move blizzard\n>p1 move calmmind\n>p2 switch 3\n>p1 move moonblast terastallize\n>p2 move leafblade\n>p2 switch 2\n>p1 move moonlight\n>p2 move knockoff\n>forcelose p2", "uploadtime": 1781425441, "views": 9, "formatid": "gen9randombattle", "rating": null, "private": 0, "password": null}