{"id": "gen9randombattle-2631971519", "format": "[Gen 9] Random Battle", "players": ["dweber89", "philschmil"], "log": "|j|\u2606dweber89\n|j|\u2606philschmil\n|t:|1781461362\n|gametype|singles\n|player|p1|dweber89|170|1915\n|player|p2|philschmil|alder|1911\n|gen|9\n|tier|[Gen 9] Random Battle\n|rated|\n|rule|Species Clause: Limit one of each Pok\u00e9mon\n|rule|HP Percentage Mod: HP is shown in percentages\n|rule|Sleep Clause Mod: Limit one foe put to sleep\n|rule|Illusion Level Mod: Illusion disguises the Pok\u00e9mon's true level\n|\n|t:|1781461362\n|teamsize|p1|6\n|teamsize|p2|6\n|start\n|switch|p1a: Veluza|Veluza, L85, M|292/292\n|switch|p2a: Drifblim|Drifblim, L86, M|396/396\n|turn|1\n|inactive|Battle timer is ON: inactive players will automatically lose when time's up. (requested by philschmil)\n|\n|t:|1781461382\n|move|p1a: Veluza|Flip Turn|p2a: Drifblim\n|-damage|p2a: Drifblim|281/396\n|\n|t:|1781461384\n|switch|p1a: Raichu|Raichu, L88, F|249/249|[from] Flip Turn\n|move|p2a: Drifblim|Shadow Ball|p1a: Raichu\n|-damage|p1a: Raichu|159/249\n|\n|upkeep\n|turn|2\n|\n|t:|1781461392\n|switch|p2a: Regirock|Regirock, L83|268/268\n|move|p1a: Raichu|Thunderbolt|p2a: Regirock\n|-damage|p2a: Regirock|159/268\n|-damage|p1a: Raichu|135/249|[from] item: Life Orb\n|\n|upkeep\n|turn|3\n|inactive|dweber89 has 120 seconds left.\n|\n|t:|1781461439\n|move|p1a: Raichu|Nasty Plot|p1a: Raichu\n|-boost|p1a: Raichu|spa|2\n|move|p2a: Regirock|Rest|p2a: Regirock\n|-status|p2a: Regirock|slp|[from] move: Rest\n|-heal|p2a: Regirock|268/268 slp|[silent]\n|-enditem|p2a: Regirock|Chesto Berry|[eat]\n|-curestatus|p2a: Regirock|slp|[msg]\n|\n|upkeep\n|turn|4\n|\n|t:|1781461456\n|-terastallize|p2a: Regirock|Fighting\n|move|p1a: Raichu|Encore|p2a: Regirock\n|-start|p2a: Regirock|Encore\n|move|p2a: Regirock|Rest|p2a: Regirock\n|-fail|p2a: Regirock|heal\n|\n|upkeep\n|turn|5\n|inactive|dweber89 has 120 seconds left.\n|inactive|philschmil has 120 seconds left.\n|\n|t:|1781461477\n|switch|p2a: Drifblim|Drifblim, L86, M|281/396\n|move|p1a: Raichu|Nasty Plot|p1a: Raichu\n|-boost|p1a: Raichu|spa|2\n|\n|upkeep\n|turn|6\n|inactive|dweber89 has 120 seconds left.\n|\n|t:|1781461502\n|move|p1a: Raichu|Thunderbolt|p2a: Drifblim\n|-supereffective|p2a: Drifblim\n|-damage|p2a: Drifblim|0 fnt\n|faint|p2a: Drifblim\n|-damage|p1a: Raichu|111/249|[from] item: Life Orb\n|\n|upkeep\n|\n|t:|1781461515\n|switch|p2a: Kricketune|Kricketune, L99, F|312/312\n|turn|7\n|\n|t:|1781461518\n|move|p1a: Raichu|Thunderbolt|p2a: Kricketune\n|-damage|p2a: Kricketune|0 fnt\n|faint|p2a: Kricketune\n|-damage|p1a: Raichu|87/249|[from] item: Life Orb\n|\n|upkeep\n|\n|t:|1781461525\n|switch|p2a: Scizor|Scizor, L79, F|240/240\n|turn|8\n|\n|t:|1781461528\n|move|p2a: Scizor|Bullet Punch|p1a: Raichu\n|-resisted|p1a: Raichu\n|-damage|p1a: Raichu|23/249\n|-damage|p2a: Scizor|216/240|[from] item: Life Orb\n|move|p1a: Raichu|Thunderbolt|p2a: Scizor\n|-damage|p2a: Scizor|0 fnt\n|faint|p2a: Scizor\n|-damage|p1a: Raichu|0 fnt|[from] item: Life Orb\n|faint|p1a: Raichu\n|\n|upkeep\n|\n|t:|1781461537\n|switch|p1a: Palafin|Palafin, L77, M|281/281\n|switch|p2a: Regirock|Regirock, L83, tera:Fighting|268/268\n|turn|9\n|\n|t:|1781461541\n|move|p1a: Palafin|Flip Turn|p2a: Regirock\n|-damage|p2a: Regirock|231/268\n|\n|t:|1781461547\n|detailschange|p1a: Palafin|Palafin-Hero, L77, M\n|switch|p1a: Veluza|Veluza, L85, M|292/292|[from] Flip Turn\n|move|p2a: Regirock|Curse|p2a: Regirock\n|-unboost|p2a: Regirock|spe|1\n|-boost|p2a: Regirock|atk|1\n|-boost|p2a: Regirock|def|1\n|\n|upkeep\n|turn|10\n|\n|t:|1781461556\n|move|p1a: Veluza|Psycho Cut|p2a: Regirock\n|-supereffective|p2a: Regirock\n|-damage|p2a: Regirock|147/268\n|move|p2a: Regirock|Curse|p2a: Regirock\n|-unboost|p2a: Regirock|spe|1\n|-boost|p2a: Regirock|atk|1\n|-boost|p2a: Regirock|def|1\n|\n|upkeep\n|turn|11\n|\n|t:|1781461561\n|move|p1a: Veluza|Psycho Cut|p2a: Regirock\n|-supereffective|p2a: Regirock\n|-damage|p2a: Regirock|81/268\n|move|p2a: Regirock|Stone Edge|p1a: Veluza\n|-damage|p1a: Veluza|40/292\n|\n|upkeep\n|turn|12\n|\n|t:|1781461566\n|move|p1a: Veluza|Psycho Cut|p2a: Regirock\n|-supereffective|p2a: Regirock\n|-damage|p2a: Regirock|19/268\n|move|p2a: Regirock|Body Press|p1a: Veluza\n|-resisted|p1a: Veluza\n|-damage|p1a: Veluza|0 fnt\n|faint|p1a: Veluza\n|\n|upkeep\n|\n|t:|1781461569\n|switch|p1a: Palafin|Palafin-Hero, L77, M|281/281\n|-activate|p1a: Palafin|ability: Zero to Hero\n|turn|13\n|\n|t:|1781461572\n|move|p1a: Palafin|Wave Crash|p2a: Regirock\n|-damage|p2a: Regirock|0 fnt\n|faint|p2a: Regirock\n|-damage|p1a: Palafin|275/281|[from] Recoil\n|\n|upkeep\n|\n|t:|1781461579\n|switch|p2a: Jumpluff|Jumpluff, L87, F|271/271\n|turn|14\n|\n|t:|1781461592\n|move|p2a: Jumpluff|Leech Seed|p1a: Palafin\n|-start|p1a: Palafin|move: Leech Seed\n|move|p1a: Palafin|Wave Crash|p2a: Jumpluff\n|-resisted|p2a: Jumpluff\n|-damage|p2a: Jumpluff|124/271\n|-damage|p1a: Palafin|226/281|[from] Recoil\n|\n|-damage|p1a: Palafin|191/281|[from] Leech Seed|[of] p2a: Jumpluff\n|-heal|p2a: Jumpluff|159/271|[silent]\n|upkeep\n|turn|15\n|\n|t:|1781461603\n|switch|p1a: Arboliva|Arboliva, L91, F|288/288\n|move|p2a: Jumpluff|Strength Sap|p1a: Arboliva\n|-unboost|p1a: Arboliva|atk|1\n|-heal|p2a: Jumpluff|271/271\n|\n|upkeep\n|turn|16\n|\n|t:|1781461608\n|move|p2a: Jumpluff|Acrobatics|p1a: Arboliva\n|-supereffective|p1a: Arboliva\n|-damage|p1a: Arboliva|142/288\n|-enditem|p1a: Arboliva|Sitrus Berry|[eat]\n|-heal|p1a: Arboliva|214/288|[from] item: Sitrus Berry\n|move|p1a: Arboliva|Hyper Voice|p2a: Jumpluff\n|-damage|p2a: Jumpluff|153/271\n|\n|upkeep\n|turn|17\n|\n|t:|1781461623\n|move|p2a: Jumpluff|Acrobatics|p1a: Arboliva\n|-supereffective|p1a: Arboliva\n|-damage|p1a: Arboliva|70/288\n|move|p1a: Arboliva|Hyper Voice|p2a: Jumpluff\n|-damage|p2a: Jumpluff|18/271\n|\n|-item|p1a: Arboliva|Sitrus Berry|[from] ability: Harvest\n|upkeep\n|-enditem|p1a: Arboliva|Sitrus Berry|[eat]\n|-heal|p1a: Arboliva|142/288|[from] item: Sitrus Berry\n|turn|18\n|\n|t:|1781461650\n|move|p2a: Jumpluff|Acrobatics|p1a: Arboliva\n|-supereffective|p1a: Arboliva\n|-damage|p1a: Arboliva|0 fnt\n|faint|p1a: Arboliva\n|\n|upkeep\n|\n|t:|1781461652\n|switch|p1a: Palafin|Palafin-Hero, L77, M|191/281\n|turn|19\n|\n|t:|1781461656\n|move|p2a: Jumpluff|Strength Sap|p1a: Palafin\n|-unboost|p1a: Palafin|atk|1\n|-heal|p2a: Jumpluff|271/271\n|move|p1a: Palafin|Flip Turn|p2a: Jumpluff\n|-resisted|p2a: Jumpluff\n|-damage|p2a: Jumpluff|223/271\n|\n|t:|1781461659\n|switch|p1a: Slaking|Slaking, L84, F|389/389|[from] Flip Turn\n|\n|upkeep\n|turn|20\n|\n|t:|1781461667\n|move|p2a: Jumpluff|Substitute|p2a: Jumpluff\n|-start|p2a: Jumpluff|Substitute\n|-damage|p2a: Jumpluff|156/271\n|move|p1a: Slaking|Double-Edge|p2a: Jumpluff\n|-end|p2a: Jumpluff|Substitute\n|-damage|p1a: Slaking|367/389|[from] Recoil|[of] p2a: Jumpluff\n|\n|upkeep\n|turn|21\n|inactive|dweber89 has 120 seconds left.\n|inactive|dweber89 has 90 seconds left.\n|inactive|dweber89 has 60 seconds left.\n|inactive|dweber89 has 30 seconds left.\n|inactive|dweber89 has 20 seconds left.\n|inactive|dweber89 has 15 seconds left.\n|inactive|dweber89 has 10 seconds left.\n|inactive|dweber89 has 5 seconds left.\n|-message|dweber89 lost due to inactivity.\n|\n|win|philschmil\n", "inputlog": ">version a8376a258c1d4662feba110a92103f3664a72141\n>start {\"formatid\":\"gen9randombattle\",\"seed\":\"sodium,10eb291c9d2d3d4e4f1de07d55c91462\",\"rated\":\"Rated battle\"}\n>player p1 {\"name\":\"dweber89\",\"avatar\":\"170\",\"rating\":1915,\"seed\":\"sodium,1bd1ea67c7b9fc6a18fb097458e2b699\"}\n>player p2 {\"name\":\"philschmil\",\"avatar\":\"alder\",\"rating\":1911,\"seed\":\"sodium,b4754621b501c4db85bf72ae89c125b0\"}\n>p1 move flipturn\n>p2 move shadowball\n>p1 switch 6\n>p1 move thunderbolt\n>p2 switch 2\n>p1 move nastyplot\n>p2 move rest\n>p1 move encore\n>p2 move bodypress terastallize\n>p1 move nastyplot\n>p2 switch 2\n>p1 move thunderbolt\n>p2 move shadowball\n>p2 switch 5\n>p1 move thunderbolt\n>p2 move pounce\n>p2 switch 4\n>p1 move thunderbolt\n>p2 move bulletpunch\n>p1 switch 4\n>p2 switch 2\n>p1 move flipturn\n>p2 move curse\n>p1 switch 6\n>p1 move psychocut\n>p2 move curse\n>p1 move psychocut\n>p2 move stoneedge\n>p1 move psychocut\n>p2 move bodypress\n>p1 switch 6\n>p1 move wavecrash\n>p2 move bodypress\n>p2 switch 3\n>p1 move wavecrash\n>p2 move leechseed\n>p1 switch 5\n>p2 move strengthsap\n>p1 move hypervoice\n>p2 move acrobatics\n>p1 move hypervoice\n>p2 move acrobatics\n>p1 move hypervoice\n>p2 move acrobatics\n>p1 switch 5\n>p1 move flipturn\n>p2 move strengthsap\n>p1 switch 3\n>p1 move doubleedge\n>p2 move substitute\n>forcelose p1", "uploadtime": 1781461364, "views": 4, "formatid": "gen9randombattle", "rating": null, "private": 0, "password": null}