{"id": "gen9randombattle-2631931063", "format": "[Gen 9] Random Battle", "players": ["kenny powers", "Feraligatr72"], "log": "|j|\u2606kenny powers\n|j|\u2606Feraligatr72\n|t:|1781456926\n|gametype|singles\n|player|p1|kenny powers|265|1891\n|player|p2|Feraligatr72|caitlin|1900\n|gen|9\n|tier|[Gen 9] Random Battle\n|rated|\n|rule|Species Clause: Limit one of each Pok\u00e9mon\n|rule|HP Percentage Mod: HP is shown in percentages\n|rule|Sleep Clause Mod: Limit one foe put to sleep\n|rule|Illusion Level Mod: Illusion disguises the Pok\u00e9mon's true level\n|\n|t:|1781456926\n|teamsize|p1|6\n|teamsize|p2|6\n|start\n|switch|p1a: Vaporeon|Vaporeon, L86, M|364/364\n|switch|p2a: Hydrapple|Hydrapple, L83, F|312/312\n|turn|1\n|\n|t:|1781456942\n|move|p1a: Vaporeon|Ice Beam|p2a: Hydrapple\n|-supereffective|p2a: Hydrapple\n|-damage|p2a: Hydrapple|96/312\n|move|p2a: Hydrapple|Leaf Storm|p1a: Vaporeon\n|-supereffective|p1a: Vaporeon\n|-damage|p1a: Vaporeon|68/364\n|-unboost|p2a: Hydrapple|spa|2\n|\n|-heal|p1a: Vaporeon|90/364|[from] item: Leftovers\n|upkeep\n|turn|2\n|\n|t:|1781456952\n|switch|p2a: Clodsire|Clodsire, L81, F|343/343\n|move|p1a: Vaporeon|Wish|p1a: Vaporeon\n|\n|-heal|p1a: Vaporeon|112/364|[from] item: Leftovers\n|upkeep\n|turn|3\n|\n|t:|1781456959\n|move|p1a: Vaporeon|Scald|p2a: Clodsire\n|-immune|p2a: Clodsire|[from] ability: Water Absorb\n|move|p2a: Clodsire|Spikes|p1a: Vaporeon\n|-sidestart|p1: kenny powers|Spikes\n|\n|-heal|p1a: Vaporeon|294/364|[from] move: Wish|[wisher] Vaporeon\n|-heal|p1a: Vaporeon|316/364|[from] item: Leftovers\n|upkeep\n|turn|4\n|\n|t:|1781456967\n|move|p1a: Vaporeon|Ice Beam|p2a: Clodsire\n|-supereffective|p2a: Clodsire\n|-damage|p2a: Clodsire|195/343\n|move|p2a: Clodsire|Poison Jab|p1a: Vaporeon\n|-damage|p1a: Vaporeon|237/364\n|\n|-heal|p1a: Vaporeon|259/364|[from] item: Leftovers\n|-heal|p2a: Clodsire|216/343|[from] item: Leftovers\n|upkeep\n|turn|5\n|\n|t:|1781456978\n|move|p1a: Vaporeon|Ice Beam|p2a: Clodsire\n|-supereffective|p2a: Clodsire\n|-damage|p2a: Clodsire|88/343\n|move|p2a: Clodsire|Poison Jab|p1a: Vaporeon\n|-damage|p1a: Vaporeon|169/364\n|\n|-heal|p1a: Vaporeon|191/364|[from] item: Leftovers\n|-heal|p2a: Clodsire|109/343|[from] item: Leftovers\n|upkeep\n|turn|6\n|\n|t:|1781456986\n|switch|p2a: Salazzle|Salazzle, L83, F|249/249\n|move|p1a: Vaporeon|Ice Beam|p2a: Salazzle\n|-resisted|p2a: Salazzle\n|-damage|p2a: Salazzle|199/249\n|\n|-heal|p2a: Salazzle|214/249|[from] item: Leftovers\n|-heal|p1a: Vaporeon|213/364|[from] item: Leftovers\n|upkeep\n|turn|7\n|\n|t:|1781456995\n|move|p2a: Salazzle|Toxic|p1a: Vaporeon\n|-status|p1a: Vaporeon|tox\n|move|p1a: Vaporeon|Scald|p2a: Salazzle\n|-supereffective|p2a: Salazzle\n|-crit|p2a: Salazzle\n|-damage|p2a: Salazzle|0 fnt\n|faint|p2a: Salazzle\n|\n|-heal|p1a: Vaporeon|235/364 tox|[from] item: Leftovers\n|-damage|p1a: Vaporeon|213/364 tox|[from] psn\n|upkeep\n|\n|t:|1781457006\n|switch|p2a: Glaceon|Glaceon, L94, F|275/275\n|turn|8\n|\n|t:|1781457014\n|move|p2a: Glaceon|Wish|p2a: Glaceon\n|move|p1a: Vaporeon|Scald|p2a: Glaceon\n|-damage|p2a: Glaceon|196/275\n|\n|-heal|p1a: Vaporeon|235/364 tox|[from] item: Leftovers\n|-damage|p1a: Vaporeon|191/364 tox|[from] psn\n|upkeep\n|turn|9\n|\n|t:|1781457077\n|switch|p2a: Clodsire|Clodsire, L81, F|109/343\n|move|p1a: Vaporeon|Scald|p2a: Clodsire\n|-heal|p2a: Clodsire|194/343|[from] ability: Water Absorb|[of] p1a: Vaporeon\n|\n|-heal|p2a: Clodsire|331/343|[from] move: Wish|[wisher] Glaceon\n|-heal|p1a: Vaporeon|213/364 tox|[from] item: Leftovers\n|-heal|p2a: Clodsire|343/343|[from] item: Leftovers\n|-damage|p1a: Vaporeon|147/364 tox|[from] psn\n|upkeep\n|turn|10\n|\n|t:|1781457108\n|move|p1a: Vaporeon|Ice Beam|p2a: Clodsire\n|-supereffective|p2a: Clodsire\n|-damage|p2a: Clodsire|199/343\n|move|p2a: Clodsire|Recover|p2a: Clodsire\n|-heal|p2a: Clodsire|343/343\n|\n|-heal|p1a: Vaporeon|169/364 tox|[from] item: Leftovers\n|-damage|p1a: Vaporeon|81/364 tox|[from] psn\n|upkeep\n|turn|11\n|\n|t:|1781457117\n|move|p1a: Vaporeon|Wish|p1a: Vaporeon\n|move|p2a: Clodsire|Spikes|p1a: Vaporeon\n|-sidestart|p1: kenny powers|Spikes\n|\n|-heal|p1a: Vaporeon|103/364 tox|[from] item: Leftovers\n|-damage|p1a: Vaporeon|0 fnt|[from] psn\n|faint|p1a: Vaporeon\n|upkeep\n|\n|t:|1781457134\n|switch|p1a: Cresselia|Cresselia, L80, F|323/323\n|turn|12\n|\n|t:|1781457145\n|switch|p2a: Persian|Persian-Alola, L86, M|252/252\n|-terastallize|p1a: Cresselia|Steel\n|move|p1a: Cresselia|Calm Mind|p1a: Cresselia\n|-boost|p1a: Cresselia|spa|1\n|-boost|p1a: Cresselia|spd|1\n|\n|upkeep\n|turn|13\n|\n|t:|1781457156\n|-terastallize|p2a: Persian|Poison\n|move|p2a: Persian|Taunt|p1a: Cresselia\n|-start|p1a: Cresselia|move: Taunt\n|move|p1a: Cresselia|Thunderbolt|p2a: Persian\n|-damage|p2a: Persian|163/252\n|\n|upkeep\n|turn|14\n|\n|t:|1781457164\n|move|p2a: Persian|Thunder Wave|p1a: Cresselia\n|-status|p1a: Cresselia|par\n|move|p1a: Cresselia|Psyshock|p2a: Persian\n|-supereffective|p2a: Persian\n|-damage|p2a: Persian|37/252\n|\n|upkeep\n|turn|15\n|\n|t:|1781457173\n|move|p2a: Persian|Parting Shot|p1a: Cresselia\n|-unboost|p1a: Cresselia|atk|1\n|-unboost|p1a: Cresselia|spa|1\n|\n|t:|1781457182\n|switch|p2a: Kyurem|Kyurem, L77|319/319|[from] Parting Shot\n|-ability|p2a: Kyurem|Pressure\n|cant|p1a: Cresselia|par\n|\n|-end|p1a: Cresselia|move: Taunt\n|upkeep\n|turn|16\n|c|\u2606Feraligatr72|gg\n|-message|Feraligatr72 forfeited.\n|\n|win|kenny powers\n|raw|kenny powers's rating: 1891 &rarr; <strong>1912</strong><br />(+21 for winning)\n|raw|Feraligatr72's rating: 1900 &rarr; <strong>1879</strong><br />(-21 for losing)\n", "inputlog": ">version a8376a258c1d4662feba110a92103f3664a72141\n>start {\"formatid\":\"gen9randombattle\",\"seed\":\"sodium,0c66633a0f1c7bb4fa80b27dd1764902\",\"rated\":\"Rated battle\"}\n>player p1 {\"name\":\"kenny powers\",\"avatar\":\"265\",\"rating\":1891,\"seed\":\"sodium,5f5a2d9f18b35e91831bb5d6998ccb66\"}\n>player p2 {\"name\":\"Feraligatr72\",\"avatar\":\"caitlin\",\"rating\":1900,\"seed\":\"sodium,e36f86ded297b8985cf6c49155fee5ad\"}\n>p1 move icebeam\n>p2 move leafstorm\n>p1 move wish\n>p2 switch 5\n>p1 move scald\n>p2 move spikes\n>p1 move icebeam\n>p2 move poisonjab\n>p1 move icebeam\n>p2 move poisonjab\n>p1 move icebeam\n>p2 switch 3\n>p1 move scald\n>p2 move toxic\n>p2 switch 2\n>p1 move scald\n>p2 move wish\n>p1 move scald\n>p2 switch 3\n>p1 move icebeam\n>p2 move recover\n>p1 move wish\n>p2 move spikes\n>p1 switch 3\n>p1 move calmmind terastallize\n>p2 switch 6\n>p1 move thunderbolt\n>p2 move taunt terastallize\n>p1 move psyshock\n>p2 move thunderwave\n>p1 move psyshock\n>p2 move partingshot\n>p2 switch 4\n>chat \u2606Feraligatr72|gg\n>forcelose p2", "uploadtime": 1781457192, "views": 7, "formatid": "gen9randombattle", "rating": 1879, "private": 0, "password": null}