{"id": "gen9randombattle-2631947476", "format": "[Gen 9] Random Battle", "players": ["DEVILICEMIN", "Sekkari-"], "log": "|j|\u2606DEVILICEMIN\n|j|\u2606Sekkari-\n|t:|1781458748\n|gametype|singles\n|player|p1|DEVILICEMIN|265|2050\n|player|p2|Sekkari-|102|2151\n|gen|9\n|tier|[Gen 9] Random Battle\n|rated|\n|rule|Species Clause: Limit one of each Pok\u00e9mon\n|rule|HP Percentage Mod: HP is shown in percentages\n|rule|Sleep Clause Mod: Limit one foe put to sleep\n|rule|Illusion Level Mod: Illusion disguises the Pok\u00e9mon's true level\n|\n|t:|1781458748\n|teamsize|p1|6\n|teamsize|p2|6\n|start\n|switch|p1a: Sandy Shocks|Sandy Shocks, L80|267/267\n|switch|p2a: Cinccino|Cinccino, L83, M|260/260\n|turn|1\n|\n|t:|1781458763\n|move|p2a: Cinccino|Bullet Seed|p1a: Sandy Shocks\n|-supereffective|p1a: Sandy Shocks\n|-damage|p1a: Sandy Shocks|215/267\n|-supereffective|p1a: Sandy Shocks\n|-damage|p1a: Sandy Shocks|167/267\n|-supereffective|p1a: Sandy Shocks\n|-damage|p1a: Sandy Shocks|119/267\n|-supereffective|p1a: Sandy Shocks\n|-damage|p1a: Sandy Shocks|67/267\n|-supereffective|p1a: Sandy Shocks\n|-damage|p1a: Sandy Shocks|15/267\n|-hitcount|p1a: Sandy Shocks|5\n|move|p1a: Sandy Shocks|Thunder Wave|p2a: Cinccino\n|-status|p2a: Cinccino|par\n|\n|-heal|p1a: Sandy Shocks|31/267|[from] item: Leftovers\n|upkeep\n|turn|2\n|\n|t:|1781458769\n|move|p1a: Sandy Shocks|Stealth Rock|p2a: Cinccino\n|-sidestart|p2: Sekkari-|move: Stealth Rock\n|move|p2a: Cinccino|U-turn|p1a: Sandy Shocks\n|-damage|p1a: Sandy Shocks|0 fnt\n|faint|p1a: Sandy Shocks\n|-end|p1a: Sandy Shocks|Protosynthesis|[silent]\n|inactive|Battle timer is ON: inactive players will automatically lose when time's up. (requested by DEVILICEMIN)\n|\n|t:|1781458780\n|switch|p2a: Stonjourner|Stonjourner, L91, M|330/330|[from] U-turn\n|-damage|p2a: Stonjourner|289/330|[from] Stealth Rock\n|\n|upkeep\n|\n|t:|1781458783\n|switch|p1a: Keldeo|Keldeo-Resolute, L79|273/273\n|turn|3\n|\n|t:|1781458795\n|switch|p2a: Clodsire|Clodsire, L81, M|343/343\n|-damage|p2a: Clodsire|322/343|[from] Stealth Rock\n|move|p1a: Keldeo|Surf|p2a: Clodsire\n|-heal|p2a: Clodsire|343/343|[from] ability: Water Absorb|[of] p1a: Keldeo\n|\n|upkeep\n|turn|4\n|\n|t:|1781458801\n|move|p1a: Keldeo|Substitute|p1a: Keldeo\n|-start|p1a: Keldeo|Substitute\n|-damage|p1a: Keldeo|205/273\n|move|p2a: Clodsire|Stealth Rock|p1a: Keldeo\n|-sidestart|p1: DEVILICEMIN|move: Stealth Rock\n|\n|-heal|p1a: Keldeo|222/273|[from] item: Leftovers\n|upkeep\n|turn|5\n|\n|t:|1781458806\n|move|p1a: Keldeo|Calm Mind|p1a: Keldeo\n|-boost|p1a: Keldeo|spa|1\n|-boost|p1a: Keldeo|spd|1\n|move|p2a: Clodsire|Earthquake|p1a: Keldeo\n|-end|p1a: Keldeo|Substitute\n|\n|-heal|p1a: Keldeo|239/273|[from] item: Leftovers\n|upkeep\n|turn|6\n|\n|t:|1781458809\n|move|p1a: Keldeo|Substitute|p1a: Keldeo\n|-start|p1a: Keldeo|Substitute\n|-damage|p1a: Keldeo|171/273\n|move|p2a: Clodsire|Earthquake|p1a: Keldeo\n|-end|p1a: Keldeo|Substitute\n|\n|-heal|p1a: Keldeo|188/273|[from] item: Leftovers\n|upkeep\n|turn|7\n|\n|t:|1781458813\n|move|p1a: Keldeo|Secret Sword|p2a: Clodsire\n|-resisted|p2a: Clodsire\n|-damage|p2a: Clodsire|233/343\n|move|p2a: Clodsire|Earthquake|p1a: Keldeo\n|-damage|p1a: Keldeo|98/273\n|\n|-heal|p1a: Keldeo|115/273|[from] item: Leftovers\n|-heal|p2a: Clodsire|254/343|[from] item: Leftovers\n|upkeep\n|turn|8\n|\n|t:|1781458823\n|switch|p1a: Persian|Persian-Alola, L86, F|252/252\n|move|p2a: Clodsire|Earthquake|p1a: Persian\n|-damage|p1a: Persian|203/252\n|\n|-heal|p2a: Clodsire|275/343|[from] item: Leftovers\n|upkeep\n|turn|9\n|\n|t:|1781458842\n|switch|p2a: Stonjourner|Stonjourner, L91, M|289/330\n|-damage|p2a: Stonjourner|248/330|[from] Stealth Rock\n|move|p1a: Persian|Knock Off|p2a: Stonjourner\n|-damage|p2a: Stonjourner|202/330\n|-enditem|p2a: Stonjourner|Life Orb|[from] move: Knock Off|[of] p1a: Persian\n|\n|upkeep\n|turn|10\n|\n|t:|1781458846\n|move|p1a: Persian|Parting Shot|p2a: Stonjourner\n|-unboost|p2a: Stonjourner|atk|1\n|-unboost|p2a: Stonjourner|spa|1\n|\n|t:|1781458849\n|switch|p1a: Keldeo|Keldeo-Resolute, L79|115/273|[from] Parting Shot\n|-damage|p1a: Keldeo|98/273|[from] Stealth Rock\n|move|p2a: Stonjourner|Earthquake|p1a: Keldeo\n|-damage|p1a: Keldeo|29/273\n|\n|-heal|p1a: Keldeo|46/273|[from] item: Leftovers\n|upkeep\n|turn|11\n|\n|t:|1781458855\n|switch|p2a: Clodsire|Clodsire, L81, M|275/343\n|-damage|p2a: Clodsire|254/343|[from] Stealth Rock\n|move|p1a: Keldeo|Secret Sword|p2a: Clodsire\n|-resisted|p2a: Clodsire\n|-damage|p2a: Clodsire|188/343\n|\n|-heal|p1a: Keldeo|63/273|[from] item: Leftovers\n|-heal|p2a: Clodsire|209/343|[from] item: Leftovers\n|upkeep\n|turn|12\n|\n|t:|1781458858\n|switch|p1a: Persian|Persian-Alola, L86, F|203/252\n|move|p2a: Clodsire|Recover|p2a: Clodsire\n|-heal|p2a: Clodsire|343/343\n|\n|upkeep\n|turn|13\n|\n|t:|1781458862\n|switch|p2a: Stonjourner|Stonjourner, L91, M|202/330\n|-damage|p2a: Stonjourner|161/330|[from] Stealth Rock\n|move|p1a: Persian|Knock Off|p2a: Stonjourner\n|-damage|p2a: Stonjourner|127/330\n|\n|upkeep\n|turn|14\n|\n|t:|1781458867\n|move|p1a: Persian|Parting Shot|p2a: Stonjourner\n|-unboost|p2a: Stonjourner|atk|1\n|-unboost|p2a: Stonjourner|spa|1\n|\n|t:|1781458870\n|switch|p1a: Sawsbuck|Sawsbuck-Summer, L88, M|284/284|[from] Parting Shot\n|-damage|p1a: Sawsbuck|249/284|[from] Stealth Rock\n|move|p2a: Stonjourner|Earthquake|p1a: Sawsbuck\n|-resisted|p1a: Sawsbuck\n|-damage|p1a: Sawsbuck|208/284\n|\n|upkeep\n|turn|15\n|\n|t:|1781458878\n|move|p1a: Sawsbuck|Horn Leech|p2a: Stonjourner\n|-supereffective|p2a: Stonjourner\n|-damage|p2a: Stonjourner|0 fnt\n|-heal|p1a: Sawsbuck|272/284|[from] drain|[of] p2a: Stonjourner\n|faint|p2a: Stonjourner\n|-damage|p1a: Sawsbuck|244/284|[from] item: Life Orb\n|\n|upkeep\n|\n|t:|1781458882\n|switch|p2a: Noctowl|Noctowl, L95, M|344/344\n|turn|16\n|\n|t:|1781458886\n|move|p1a: Sawsbuck|Headbutt|p2a: Noctowl\n|-damage|p2a: Noctowl|200/344\n|-damage|p1a: Sawsbuck|216/284|[from] item: Life Orb\n|move|p2a: Noctowl|Hurricane|p1a: Sawsbuck|[miss]\n|-miss|p2a: Noctowl|p1a: Sawsbuck\n|\n|upkeep\n|turn|17\n|\n|t:|1781458891\n|move|p1a: Sawsbuck|Headbutt|p2a: Noctowl\n|-damage|p2a: Noctowl|60/344\n|-damage|p1a: Sawsbuck|188/284|[from] item: Life Orb\n|cant|p2a: Noctowl|flinch\n|\n|upkeep\n|turn|18\n|\n|t:|1781458897\n|move|p1a: Sawsbuck|Headbutt|p2a: Noctowl\n|-damage|p2a: Noctowl|0 fnt\n|faint|p2a: Noctowl\n|-damage|p1a: Sawsbuck|160/284|[from] item: Life Orb\n|\n|upkeep\n|\n|t:|1781458900\n|switch|p2a: Clodsire|Clodsire, L81, M|343/343\n|-damage|p2a: Clodsire|322/343|[from] Stealth Rock\n|turn|19\n|\n|t:|1781458903\n|move|p1a: Sawsbuck|High Horsepower|p2a: Clodsire\n|-supereffective|p2a: Clodsire\n|-damage|p2a: Clodsire|39/343\n|-damage|p1a: Sawsbuck|132/284|[from] item: Life Orb\n|move|p2a: Clodsire|Gunk Shot|p1a: Sawsbuck|[miss]\n|-miss|p2a: Clodsire|p1a: Sawsbuck\n|\n|-heal|p2a: Clodsire|60/343|[from] item: Leftovers\n|upkeep\n|turn|20\n|-message|Sekkari- forfeited.\n|\n|win|DEVILICEMIN\n", "uploadtime": 1781458749, "views": 3, "formatid": "gen9randombattle", "rating": null, "private": 0, "password": null}