{"id": "gen9randombattle-2631869265", "format": "[Gen 9] Random Battle", "players": ["dratenix", "Micael Lopes"], "log": "|j|\u2606dratenix\n|j|\u2606Micael Lopes\n|t:|1781450160\n|gametype|singles\n|player|p1|dratenix|bruno|1798\n|player|p2|Micael Lopes|benga|1757\n|gen|9\n|tier|[Gen 9] Random Battle\n|rated|\n|rule|Species Clause: Limit one of each Pok\u00e9mon\n|rule|HP Percentage Mod: HP is shown in percentages\n|rule|Sleep Clause Mod: Limit one foe put to sleep\n|rule|Illusion Level Mod: Illusion disguises the Pok\u00e9mon's true level\n|\n|t:|1781450160\n|teamsize|p1|6\n|teamsize|p2|6\n|start\n|switch|p1a: Magcargo|Magcargo, L95, M|268/268\n|switch|p2a: Flygon|Flygon, L82, F|265/265\n|turn|1\n|inactive|Battle timer is ON: inactive players will automatically lose when time's up. (requested by Micael Lopes)\n|inactive|Micael Lopes has 120 seconds left.\n|\n|t:|1781450191\n|switch|p1a: Delibird|Delibird, M|252/252\n|move|p2a: Flygon|U-turn|p1a: Delibird\n|-resisted|p1a: Delibird\n|-damage|p1a: Delibird|220/252\n|\n|t:|1781450196\n|switch|p2a: Zangoose|Zangoose, L85, M|263/263|[from] U-turn\n|\n|-status|p2a: Zangoose|tox|[from] item: Toxic Orb\n|upkeep\n|turn|2\n|\n|t:|1781450208\n|move|p1a: Delibird|Spikes|p2a: Zangoose\n|-sidestart|p2: Micael Lopes|Spikes\n|move|p2a: Zangoose|Close Combat|p1a: Delibird\n|-damage|p1a: Delibird|12/252\n|-unboost|p2a: Zangoose|def|1\n|-unboost|p2a: Zangoose|spd|1\n|\n|-damage|p2a: Zangoose|247/263 tox|[from] psn\n|upkeep\n|turn|3\n|\n|t:|1781450215\n|move|p2a: Zangoose|Quick Attack|p1a: Delibird\n|-damage|p1a: Delibird|0 fnt\n|faint|p1a: Delibird\n|\n|-damage|p2a: Zangoose|215/263 tox|[from] psn\n|upkeep\n|\n|t:|1781450226\n|switch|p1a: Golurk|Golurk, L87|297/297\n|turn|4\n|\n|t:|1781450236\n|move|p2a: Zangoose|Knock Off|p1a: Golurk\n|-supereffective|p1a: Golurk\n|-damage|p1a: Golurk|41/297\n|-enditem|p1a: Golurk|Choice Band|[from] move: Knock Off|[of] p2a: Zangoose\n|move|p1a: Golurk|Dynamic Punch|p2a: Zangoose\n|-supereffective|p2a: Zangoose\n|-damage|p2a: Zangoose|0 fnt\n|faint|p2a: Zangoose\n|\n|upkeep\n|\n|t:|1781450246\n|switch|p2a: Cryogonal|Cryogonal, L89|287/287\n|turn|5\n|\n|t:|1781450248\n|move|p2a: Cryogonal|Ice Beam|p1a: Golurk\n|-supereffective|p1a: Golurk\n|-damage|p1a: Golurk|0 fnt\n|faint|p1a: Golurk\n|\n|upkeep\n|\n|t:|1781450254\n|switch|p1a: Magcargo|Magcargo, L95, M|268/268\n|turn|6\n|\n|t:|1781450259\n|move|p2a: Cryogonal|Rapid Spin|p1a: Magcargo\n|-resisted|p1a: Magcargo\n|-damage|p1a: Magcargo|259/268\n|-boost|p2a: Cryogonal|spe|1\n|-ability|p1a: Magcargo|Weak Armor|boost\n|-unboost|p1a: Magcargo|def|1\n|-boost|p1a: Magcargo|spe|2\n|-sideend|p2: Micael Lopes|Spikes|[from] move: Rapid Spin|[of] p2a: Cryogonal\n|move|p1a: Magcargo|Shell Smash|p1a: Magcargo\n|-unboost|p1a: Magcargo|def|1\n|-unboost|p1a: Magcargo|spd|1\n|-boost|p1a: Magcargo|atk|2\n|-boost|p1a: Magcargo|spa|2\n|-boost|p1a: Magcargo|spe|2\n|\n|upkeep\n|turn|7\n|\n|t:|1781450264\n|switch|p2a: Vaporeon|Vaporeon, L86, M|364/364\n|move|p1a: Magcargo|Fire Blast|p2a: Vaporeon\n|-resisted|p2a: Vaporeon\n|-damage|p2a: Vaporeon|235/364\n|\n|-heal|p2a: Vaporeon|257/364|[from] item: Leftovers\n|upkeep\n|turn|8\n|\n|t:|1781450270\n|-terastallize|p1a: Magcargo|Dragon\n|move|p1a: Magcargo|Power Gem|p2a: Vaporeon\n|-damage|p2a: Vaporeon|56/364\n|move|p2a: Vaporeon|Wish|p2a: Vaporeon\n|\n|-heal|p2a: Vaporeon|78/364|[from] item: Leftovers\n|upkeep\n|turn|9\n|\n|t:|1781450275\n|move|p1a: Magcargo|Power Gem|p2a: Vaporeon\n|-damage|p2a: Vaporeon|0 fnt\n|faint|p2a: Vaporeon\n|\n|upkeep\n|\n|t:|1781450278\n|switch|p2a: Cryogonal|Cryogonal, L89|287/287\n|turn|10\n|\n|t:|1781450280\n|-terastallize|p2a: Cryogonal|Electric\n|move|p1a: Magcargo|Fire Blast|p2a: Cryogonal\n|-damage|p2a: Cryogonal|94/287\n|move|p2a: Cryogonal|Ice Beam|p1a: Magcargo\n|-supereffective|p1a: Magcargo\n|-damage|p1a: Magcargo|0 fnt\n|faint|p1a: Magcargo\n|\n|upkeep\n|\n|t:|1781450292\n|switch|p1a: Pawmot|Pawmot, L80, M|243/243\n|turn|11\n|\n|t:|1781450304\n|move|p2a: Cryogonal|Ice Beam|p1a: Pawmot\n|-damage|p1a: Pawmot|104/243\n|move|p1a: Pawmot|Revival Blessing|p1a: Pawmot\n|\n|t:|1781450322\n|-heal|p1: Magcargo|134/268|[from] move: Revival Blessing\n|\n|upkeep\n|turn|12\n|\n|t:|1781450328\n|move|p2a: Cryogonal|Ice Beam|p1a: Pawmot\n|-crit|p1a: Pawmot\n|-damage|p1a: Pawmot|0 fnt\n|faint|p1a: Pawmot\n|\n|upkeep\n|\n|t:|1781450334\n|switch|p1a: Magcargo|Magcargo, L95, M|134/268\n|turn|13\n|\n|t:|1781450354\n|switch|p2a: Flygon|Flygon, L82, F|265/265\n|move|p1a: Magcargo|Fire Blast|p2a: Flygon\n|-resisted|p2a: Flygon\n|-damage|p2a: Flygon|188/265\n|\n|upkeep\n|turn|14\n|\n|t:|1781450381\n|move|p2a: Flygon|Earthquake|p1a: Magcargo\n|-supereffective|p1a: Magcargo\n|-damage|p1a: Magcargo|0 fnt\n|faint|p1a: Magcargo\n|\n|upkeep\n|\n|t:|1781450383\n|switch|p1a: Espathra|Espathra, L80, F|283/283\n|turn|15\n|\n|t:|1781450401\n|move|p2a: Flygon|Earthquake|p1a: Espathra\n|-damage|p1a: Espathra|151/283\n|move|p1a: Espathra|Lumina Crash|p2a: Flygon\n|-damage|p2a: Flygon|61/265\n|-unboost|p2a: Flygon|spd|2\n|\n|-ability|p1a: Espathra|Speed Boost|boost\n|-boost|p1a: Espathra|spe|1\n|upkeep\n|turn|16\n|inactive|dratenix has 120 seconds left.\n|inactive|dratenix has 90 seconds left.\n|\n|t:|1781450479\n|switch|p2a: Zarude|Zarude, L77|288/288\n|move|p1a: Espathra|Lumina Crash|p2a: Zarude\n|-immune|p2a: Zarude\n|\n|-ability|p1a: Espathra|Speed Boost|boost\n|-boost|p1a: Espathra|spe|1\n|upkeep\n|turn|17\n|\n|t:|1781450487\n|switch|p1a: Exeggutor|Exeggutor-Alola, L89, F|314/314\n|-item|p2a: Zarude|Leftovers|[from] ability: Frisk|[of] p1a: Exeggutor\n|move|p2a: Zarude|Swords Dance|p2a: Zarude\n|-boost|p2a: Zarude|atk|2\n|\n|upkeep\n|turn|18\n|\n|t:|1781450491\n|move|p2a: Zarude|Knock Off|p1a: Exeggutor\n|-damage|p1a: Exeggutor|131/314\n|-enditem|p1a: Exeggutor|Choice Specs|[from] move: Knock Off|[of] p2a: Zarude\n|move|p1a: Exeggutor|Flamethrower|p2a: Zarude\n|-supereffective|p2a: Zarude\n|-damage|p2a: Zarude|100/288\n|\n|-heal|p2a: Zarude|118/288|[from] item: Leftovers\n|upkeep\n|turn|19\n|inactive|dratenix has 90 seconds left.\n|\n|t:|1781450510\n|move|p2a: Zarude|Knock Off|p1a: Exeggutor\n|-damage|p1a: Exeggutor|0 fnt\n|faint|p1a: Exeggutor\n|\n|-heal|p2a: Zarude|136/288|[from] item: Leftovers\n|upkeep\n|\n|t:|1781450513\n|switch|p1a: Espathra|Espathra, L80, F|151/283\n|turn|20\n|\n|t:|1781450518\n|move|p1a: Espathra|Dazzling Gleam|p2a: Zarude\n|-supereffective|p2a: Zarude\n|-damage|p2a: Zarude|0 fnt\n|faint|p2a: Zarude\n|\n|-ability|p1a: Espathra|Speed Boost|boost\n|-boost|p1a: Espathra|spe|1\n|upkeep\n|\n|t:|1781450520\n|switch|p2a: Squawkabilly|Squawkabilly-Yellow, L89, F|291/291\n|turn|21\n|\n|t:|1781450524\n|move|p1a: Espathra|Dazzling Gleam|p2a: Squawkabilly\n|-damage|p2a: Squawkabilly|189/291\n|move|p2a: Squawkabilly|Double-Edge|p1a: Espathra\n|-damage|p1a: Espathra|0 fnt\n|faint|p1a: Espathra\n|-damage|p2a: Squawkabilly|139/291|[from] Recoil\n|\n|win|Micael Lopes\n|raw|dratenix's rating: 1798 &rarr; <strong>1776</strong><br />(-22 for losing)\n|raw|Micael Lopes's rating: 1756 &rarr; <strong>1778</strong><br />(+22 for winning)\n|c|\u2606Micael Lopes|**__Sexy game.__**\n|l|\u2606dratenix\n|player|p1|\n", "uploadtime": 1781450531, "views": 3, "formatid": "gen9randombattle", "rating": 1776, "private": 0, "password": null}