{"id": "gen9randombattle-2631551510", "format": "[Gen 9] Random Battle", "players": ["Fortre", "Rheny"], "log": "|j|\u2606Fortre\n|j|\u2606Rheny\n|t:|1781400175\n|gametype|singles\n|player|p1|Fortre|1|1905\n|player|p2|Rheny|miku-ghost|1965\n|gen|9\n|tier|[Gen 9] Random Battle\n|rated|\n|rule|Species Clause: Limit one of each Pok\u00e9mon\n|rule|HP Percentage Mod: HP is shown in percentages\n|rule|Sleep Clause Mod: Limit one foe put to sleep\n|rule|Illusion Level Mod: Illusion disguises the Pok\u00e9mon's true level\n|\n|t:|1781400175\n|teamsize|p1|6\n|teamsize|p2|6\n|start\n|switch|p1a: Torkoal|Torkoal, L88, M|266/266\n|switch|p2a: Latios|Latios, L78, M|253/253\n|-weather|SunnyDay|[from] ability: Drought|[of] p1a: Torkoal\n|turn|1\n|\n|t:|1781400195\n|move|p2a: Latios|Draco Meteor|p1a: Torkoal\n|-damage|p1a: Torkoal|29/266\n|-unboost|p2a: Latios|spa|2\n|move|p1a: Torkoal|Stealth Rock|p2a: Latios\n|-sidestart|p2: Rheny|move: Stealth Rock\n|\n|-weather|SunnyDay|[upkeep]\n|upkeep\n|turn|2\n|\n|t:|1781400200\n|switch|p1a: Slowbro|Slowbro-Galar, L87, F|307/307\n|move|p2a: Latios|Draco Meteor|p1a: Slowbro\n|-damage|p1a: Slowbro|220/307\n|-unboost|p2a: Latios|spa|2\n|\n|-weather|SunnyDay|[upkeep]\n|upkeep\n|turn|3\n|\n|t:|1781400207\n|switch|p2a: Sunflora|Sunflora, M|312/312\n|-damage|p2a: Sunflora|273/312|[from] Stealth Rock\n|move|p1a: Slowbro|Shell Side Arm|p2a: Sunflora|[anim] Shell Side Arm Physical\n|-supereffective|p2a: Sunflora\n|-damage|p2a: Sunflora|39/312\n|-hint|Physical Shell Side Arm\n|\n|-weather|SunnyDay|[upkeep]\n|upkeep\n|turn|4\n|\n|t:|1781400211\n|move|p2a: Sunflora|Earth Power|p1a: Slowbro\n|-supereffective|p1a: Slowbro\n|-damage|p1a: Slowbro|18/307\n|move|p1a: Slowbro|Shell Side Arm|p2a: Sunflora|[anim] Shell Side Arm Physical\n|-supereffective|p2a: Sunflora\n|-damage|p2a: Sunflora|0 fnt\n|-hint|Physical Shell Side Arm\n|faint|p2a: Sunflora\n|\n|-weather|SunnyDay|[upkeep]\n|upkeep\n|\n|t:|1781400215\n|switch|p2a: Squawkabilly|Squawkabilly-Blue, L85, M|278/278\n|-damage|p2a: Squawkabilly|209/278|[from] Stealth Rock\n|turn|5\n|\n|t:|1781400222\n|switch|p1a: Torkoal|Torkoal, L88, M|29/266\n|move|p2a: Squawkabilly|Quick Attack|p1a: Torkoal\n|-damage|p1a: Torkoal|0 fnt\n|faint|p1a: Torkoal\n|\n|-weather|none\n|-status|p2a: Squawkabilly|brn|[from] item: Flame Orb\n|upkeep\n|\n|t:|1781400235\n|switch|p1a: Floatzel|Floatzel, L86, M|286/286\n|turn|6\n|\n|t:|1781400242\n|move|p1a: Floatzel|Ice Spinner|p2a: Squawkabilly\n|-supereffective|p2a: Squawkabilly\n|-damage|p2a: Squawkabilly|17/278 brn\n|move|p2a: Squawkabilly|Facade|p1a: Floatzel\n|-damage|p1a: Floatzel|0 fnt\n|faint|p1a: Floatzel\n|\n|-damage|p2a: Squawkabilly|0 fnt|[from] brn\n|faint|p2a: Squawkabilly\n|upkeep\n|\n|t:|1781400251\n|switch|p1a: Meloetta|Meloetta, L82|298/298\n|switch|p2a: Mew|Mew, L82|298/298\n|-damage|p2a: Mew|261/298|[from] Stealth Rock\n|turn|7\n|\n|t:|1781400269\n|move|p2a: Mew|Fire Blast|p1a: Meloetta\n|-damage|p1a: Meloetta|224/298\n|-damage|p2a: Mew|232/298|[from] item: Life Orb\n|move|p1a: Meloetta|Relic Song|p2a: Mew\n|-damage|p2a: Mew|115/298\n|-formechange|p1a: Meloetta|Meloetta-Pirouette|[msg]\n|-damage|p1a: Meloetta|195/298|[from] item: Life Orb\n|\n|upkeep\n|turn|8\n|\n|t:|1781400275\n|move|p1a: Meloetta|Knock Off|p2a: Mew\n|-supereffective|p2a: Mew\n|-damage|p2a: Mew|0 fnt\n|-enditem|p2a: Mew|Life Orb|[from] move: Knock Off|[of] p1a: Meloetta\n|faint|p2a: Mew\n|-damage|p1a: Meloetta|166/298|[from] item: Life Orb\n|\n|upkeep\n|\n|t:|1781400283\n|switch|p2a: Slither Wing|Slither Wing, L81|270/270\n|-damage|p2a: Slither Wing|237/270|[from] Stealth Rock\n|-enditem|p2a: Slither Wing|Booster Energy\n|-activate|p2a: Slither Wing|ability: Protosynthesis|[fromitem]\n|-start|p2a: Slither Wing|protosynthesisatk\n|turn|9\n|\n|t:|1781400294\n|switch|p1a: Slowbro|Slowbro-Galar, L87, F|120/307\n|move|p2a: Slither Wing|Close Combat|p1a: Slowbro\n|-resisted|p1a: Slowbro\n|-damage|p1a: Slowbro|71/307\n|-unboost|p2a: Slither Wing|def|1\n|-unboost|p2a: Slither Wing|spd|1\n|\n|upkeep\n|turn|10\n|\n|t:|1781400300\n|switch|p1a: Breloom|Breloom, L83, F|235/235\n|move|p2a: Slither Wing|Leech Life|p1a: Breloom\n|-damage|p1a: Breloom|82/235\n|-heal|p2a: Slither Wing|270/270|[from] drain|[of] p1a: Breloom\n|\n|upkeep\n|turn|11\n|\n|t:|1781400306\n|move|p1a: Breloom|Mach Punch|p2a: Slither Wing\n|-resisted|p2a: Slither Wing\n|-damage|p2a: Slither Wing|176/270\n|-damage|p1a: Breloom|59/235|[from] item: Life Orb\n|move|p2a: Slither Wing|Leech Life|p1a: Breloom\n|-damage|p1a: Breloom|0 fnt\n|-heal|p2a: Slither Wing|206/270|[from] drain|[of] p1a: Breloom\n|faint|p1a: Breloom\n|\n|upkeep\n|\n|t:|1781400309\n|switch|p1a: Meloetta|Meloetta, L82|166/298\n|turn|12\n|\n|t:|1781400317\n|-end|p2a: Slither Wing|Protosynthesis|[silent]\n|switch|p2a: Latios|Latios, L78, M|253/253\n|-damage|p2a: Latios|222/253|[from] Stealth Rock\n|move|p1a: Meloetta|Relic Song|p2a: Latios\n|-damage|p2a: Latios|112/253\n|-formechange|p1a: Meloetta|Meloetta-Pirouette|[msg]\n|-damage|p1a: Meloetta|137/298|[from] item: Life Orb\n|\n|upkeep\n|turn|13\n|\n|t:|1781400326\n|switch|p2a: Slither Wing|Slither Wing, L81|206/270\n|-damage|p2a: Slither Wing|173/270|[from] Stealth Rock\n|move|p1a: Meloetta|Triple Axel|p2a: Slither Wing\n|-damage|p2a: Slither Wing|150/270\n|-damage|p2a: Slither Wing|98/270\n|-damage|p2a: Slither Wing|30/270\n|-hitcount|p2a: Slither Wing|3\n|-damage|p1a: Meloetta|108/298|[from] item: Life Orb\n|\n|upkeep\n|turn|14\n|\n|t:|1781400333\n|move|p1a: Meloetta|Knock Off|p2a: Slither Wing\n|-resisted|p2a: Slither Wing\n|-damage|p2a: Slither Wing|0 fnt\n|faint|p2a: Slither Wing\n|-end|p2a: Slither Wing|Protosynthesis|[silent]\n|-damage|p1a: Meloetta|79/298|[from] item: Life Orb\n|\n|upkeep\n|\n|t:|1781400335\n|switch|p2a: Annihilape|Annihilape, L76, M|292/292\n|-damage|p2a: Annihilape|274/292|[from] Stealth Rock\n|turn|15\n|\n|t:|1781400354\n|-terastallize|p2a: Annihilape|Water\n|move|p1a: Meloetta|Triple Axel|p2a: Annihilape\n|-resisted|p2a: Annihilape\n|-damage|p2a: Annihilape|261/292\n|-resisted|p2a: Annihilape\n|-damage|p2a: Annihilape|234/292\n|-resisted|p2a: Annihilape\n|-damage|p2a: Annihilape|194/292\n|-hitcount|p2a: Annihilape|3\n|-damage|p1a: Meloetta|50/298|[from] item: Life Orb\n|move|p2a: Annihilape|Bulk Up|p2a: Annihilape\n|-boost|p2a: Annihilape|atk|1\n|-boost|p2a: Annihilape|def|1\n|\n|-heal|p2a: Annihilape|212/292|[from] item: Leftovers\n|upkeep\n|turn|16\n|\n|t:|1781400360\n|move|p1a: Meloetta|Knock Off|p2a: Annihilape\n|-damage|p2a: Annihilape|135/292\n|-enditem|p2a: Annihilape|Leftovers|[from] move: Knock Off|[of] p1a: Meloetta\n|-damage|p1a: Meloetta|21/298|[from] item: Life Orb\n|move|p2a: Annihilape|Drain Punch|p1a: Meloetta\n|-supereffective|p1a: Meloetta\n|-damage|p1a: Meloetta|0 fnt\n|-heal|p2a: Annihilape|146/292|[from] drain|[of] p1a: Meloetta\n|faint|p1a: Meloetta\n|\n|upkeep\n|\n|t:|1781400363\n|switch|p1a: Meowscarada|Meowscarada, L78, F|247/247\n|turn|17\n|c|\u2606Rheny|oh well thats not very good for me huh\n|\n|t:|1781400379\n|move|p1a: Meowscarada|U-turn|p2a: Annihilape\n|-start|p1a: Meowscarada|typechange|Bug|[from] ability: Protean\n|-damage|p2a: Annihilape|91/292\n|\n|t:|1781400381\n|switch|p1a: Slowbro|Slowbro-Galar, L87, F|173/307|[from] U-turn\n|move|p2a: Annihilape|Rage Fist|p1a: Slowbro\n|-supereffective|p1a: Slowbro\n|-damage|p1a: Slowbro|0 fnt\n|faint|p1a: Slowbro\n|\n|upkeep\n|\n|t:|1781400383\n|switch|p1a: Meowscarada|Meowscarada, L78, F|247/247\n|turn|18\n|\n|t:|1781400385\n|move|p1a: Meowscarada|Flower Trick|p2a: Annihilape\n|-start|p1a: Meowscarada|typechange|Grass|[from] ability: Protean\n|-supereffective|p2a: Annihilape\n|-crit|p2a: Annihilape\n|-damage|p2a: Annihilape|0 fnt\n|faint|p2a: Annihilape\n|\n|upkeep\n|\n|t:|1781400389\n|switch|p2a: Latios|Latios, L78, M|112/253\n|-damage|p2a: Latios|81/253|[from] Stealth Rock\n|turn|19\n|\n|t:|1781400393\n|-terastallize|p1a: Meowscarada|Dark\n|move|p1a: Meowscarada|Knock Off|p2a: Latios\n|-supereffective|p2a: Latios\n|-damage|p2a: Latios|0 fnt\n|-enditem|p2a: Latios|Choice Specs|[from] move: Knock Off|[of] p1a: Meowscarada\n|faint|p2a: Latios\n|\n|win|Fortre\n|raw|Fortre's rating: 1905 &rarr; <strong>1928</strong><br />(+23 for winning)\n|raw|Rheny's rating: 1965 &rarr; <strong>1942</strong><br />(-23 for losing)\n", "inputlog": ">version a8376a258c1d4662feba110a92103f3664a72141\n>start {\"formatid\":\"gen9randombattle\",\"seed\":\"sodium,db207a15e40863e28da8b033c0e7f9a5\",\"rated\":\"Rated battle\"}\n>player p1 {\"name\":\"Fortre\",\"avatar\":\"1\",\"rating\":1905,\"seed\":\"sodium,de032c0da0683d27fd3cd4ea3ac7948e\"}\n>player p2 {\"name\":\"Rheny\",\"avatar\":\"miku-ghost\",\"rating\":1965,\"seed\":\"sodium,31ca26848d5878062d22a913d48620a9\"}\n>p1 move stealthrock\n>p2 move dracometeor\n>p1 switch 6\n>p2 move dracometeor\n>p1 move shellsidearm\n>p2 switch 5\n>p1 move shellsidearm\n>p2 move earthpower\n>p2 switch 4\n>p1 switch 6\n>p2 move quickattack\n>p1 switch 2\n>p1 move icespinner\n>p2 move facade\n>p1 switch 3\n>p2 switch 6\n>p1 move relicsong\n>p2 move fireblast\n>p1 move knockoff\n>p2 move psychic\n>p2 switch 3\n>p1 switch 6\n>p2 move closecombat\n>p1 switch 5\n>p2 move leechlife\n>p1 move machpunch\n>p2 move leechlife\n>p1 switch 6\n>p1 move relicsong\n>p2 switch 5\n>p1 move tripleaxel\n>p2 switch 5\n>p1 move knockoff\n>p2 move leechlife\n>p2 switch 2\n>p1 move tripleaxel\n>p2 move bulkup terastallize\n>p1 move knockoff\n>p2 move drainpunch\n>p1 switch 4\n>chat \u2606Rheny|oh well thats not very good for me huh \n>p1 move uturn\n>p2 move ragefist\n>p1 switch 5\n>p1 switch 5\n>p1 move flowertrick\n>p2 move ragefist\n>p2 switch 5\n>p1 move knockoff terastallize\n>p2 move dracometeor", "uploadtime": 1781400177, "views": 10, "formatid": "gen9randombattle", "rating": 1928, "private": 0, "password": null}