{"id": "gen9randombattle-2631980098", "format": "[Gen 9] Random Battle", "players": ["thatdankcharizard", "Isitshine11"], "log": "|j|\u2606thatdankcharizard\n|j|\u2606Isitshine11\n|t:|1781462292\n|gametype|singles\n|player|p1|thatdankcharizard|266|2008\n|player|p2|Isitshine11|medium|1995\n|gen|9\n|tier|[Gen 9] Random Battle\n|rated|\n|rule|Species Clause: Limit one of each Pok\u00e9mon\n|rule|HP Percentage Mod: HP is shown in percentages\n|rule|Sleep Clause Mod: Limit one foe put to sleep\n|rule|Illusion Level Mod: Illusion disguises the Pok\u00e9mon's true level\n|\n|t:|1781462292\n|teamsize|p1|6\n|teamsize|p2|6\n|start\n|switch|p1a: Vigoroth|Vigoroth, L85, M|275/275\n|switch|p2a: Poliwrath|Poliwrath, L88, F|302/302\n|turn|1\n|inactive|Battle timer is ON: inactive players will automatically lose when time's up. (requested by Isitshine11)\n|\n|t:|1781462317\n|switch|p1a: Quagsire|Quagsire, L84, M|297/297\n|move|p2a: Poliwrath|Knock Off|p1a: Quagsire\n|-damage|p1a: Quagsire|222/297\n|-enditem|p1a: Quagsire|Leftovers|[from] move: Knock Off|[of] p2a: Poliwrath\n|\n|upkeep\n|turn|2\n|\n|t:|1781462327\n|switch|p2a: Forretress|Forretress, L84, F|263/263\n|move|p1a: Quagsire|Toxic|p2a: Forretress\n|-immune|p2a: Forretress\n|\n|upkeep\n|turn|3\n|\n|t:|1781462337\n|move|p2a: Forretress|Toxic Spikes|p1a: Quagsire\n|-sidestart|p1: thatdankcharizard|move: Toxic Spikes\n|move|p1a: Quagsire|Spikes|p2a: Forretress\n|-sidestart|p2: Isitshine11|Spikes\n|\n|upkeep\n|turn|4\n|\n|t:|1781462342\n|move|p2a: Forretress|Rapid Spin|p1a: Quagsire\n|-damage|p1a: Quagsire|188/297\n|-boost|p2a: Forretress|spe|1\n|-sideend|p2: Isitshine11|Spikes|[from] move: Rapid Spin|[of] p2a: Forretress\n|move|p1a: Quagsire|Spikes|p2a: Forretress\n|-sidestart|p2: Isitshine11|Spikes\n|\n|upkeep\n|turn|5\n|\n|t:|1781462349\n|move|p2a: Forretress|Rapid Spin|p1a: Quagsire\n|-damage|p1a: Quagsire|152/297\n|-boost|p2a: Forretress|spe|1\n|-sideend|p2: Isitshine11|Spikes|[from] move: Rapid Spin|[of] p2a: Forretress\n|move|p1a: Quagsire|Spikes|p2a: Forretress\n|-sidestart|p2: Isitshine11|Spikes\n|\n|upkeep\n|turn|6\n|\n|t:|1781462355\n|move|p2a: Forretress|Rapid Spin|p1a: Quagsire\n|-damage|p1a: Quagsire|119/297\n|-boost|p2a: Forretress|spe|1\n|-sideend|p2: Isitshine11|Spikes|[from] move: Rapid Spin|[of] p2a: Forretress\n|move|p1a: Quagsire|Recover|p1a: Quagsire\n|-heal|p1a: Quagsire|268/297\n|\n|upkeep\n|turn|7\n|\n|t:|1781462360\n|move|p2a: Forretress|Iron Head|p1a: Quagsire\n|-resisted|p1a: Quagsire\n|-damage|p1a: Quagsire|228/297\n|cant|p1a: Quagsire|flinch\n|\n|upkeep\n|turn|8\n|\n|t:|1781462371\n|switch|p2a: Crabominable|Crabominable, L90, F|321/321\n|move|p1a: Quagsire|Earthquake|p2a: Crabominable\n|-damage|p2a: Crabominable|224/321\n|\n|upkeep\n|turn|9\n|\n|t:|1781462390\n|-terastallize|p1a: Quagsire|Steel\n|move|p2a: Crabominable|Ice Hammer|p1a: Quagsire\n|-resisted|p1a: Quagsire\n|-damage|p1a: Quagsire|134/297\n|-unboost|p2a: Crabominable|spe|1\n|move|p1a: Quagsire|Toxic|p2a: Crabominable\n|-status|p2a: Crabominable|tox\n|\n|-damage|p2a: Crabominable|204/321 tox|[from] psn\n|upkeep\n|turn|10\n|\n|t:|1781462396\n|switch|p1a: Drifblim|Drifblim, L86, F|398/398\n|move|p2a: Crabominable|Drain Punch|p1a: Drifblim\n|-immune|p1a: Drifblim\n|\n|-damage|p2a: Crabominable|164/321 tox|[from] psn\n|upkeep\n|turn|11\n|\n|t:|1781462408\n|switch|p1a: Quagsire|Quagsire, L84, M, tera:Steel|134/297\n|move|p2a: Crabominable|Knock Off|p1a: Quagsire\n|-damage|p1a: Quagsire|70/297\n|\n|-damage|p2a: Crabominable|104/321 tox|[from] psn\n|upkeep\n|turn|12\n|\n|t:|1781462417\n|switch|p2a: Poliwrath|Poliwrath, L88, F|302/302\n|move|p1a: Quagsire|Recover|p1a: Quagsire\n|-heal|p1a: Quagsire|219/297\n|\n|upkeep\n|turn|13\n|\n|t:|1781462424\n|switch|p1a: Drifblim|Drifblim, L86, F|398/398\n|move|p2a: Poliwrath|Liquidation|p1a: Drifblim\n|-damage|p1a: Drifblim|245/398\n|-unboost|p1a: Drifblim|def|1\n|\n|upkeep\n|turn|14\n|\n|t:|1781462435\n|move|p1a: Drifblim|Strength Sap|p2a: Poliwrath\n|-unboost|p2a: Poliwrath|atk|1\n|-heal|p1a: Drifblim|398/398\n|move|p2a: Poliwrath|Knock Off|p1a: Drifblim\n|-supereffective|p1a: Drifblim\n|-damage|p1a: Drifblim|172/398\n|-enditem|p1a: Drifblim|Heavy-Duty Boots|[from] move: Knock Off|[of] p2a: Poliwrath\n|\n|upkeep\n|turn|15\n|\n|t:|1781462445\n|switch|p2a: Landorus|Landorus, L75, M|257/257\n|move|p1a: Drifblim|Defog|p2a: Landorus\n|-unboost|p2a: Landorus|evasion|1\n|-sideend|p1: thatdankcharizard|Toxic Spikes|[from] move: Defog|[of] p1a: Drifblim\n|\n|upkeep\n|turn|16\n|\n|t:|1781462453\n|move|p2a: Landorus|Rock Slide|p1a: Drifblim\n|-supereffective|p1a: Drifblim\n|-damage|p1a: Drifblim|0 fnt\n|faint|p1a: Drifblim\n|\n|upkeep\n|\n|t:|1781462463\n|switch|p1a: Tropius|Tropius, L91, F|328/328\n|turn|17\n|\n|t:|1781462471\n|move|p2a: Landorus|Sludge Wave|p1a: Tropius\n|-supereffective|p1a: Tropius\n|-damage|p1a: Tropius|117/328\n|-enditem|p1a: Tropius|Sitrus Berry|[eat]\n|-heal|p1a: Tropius|199/328|[from] item: Sitrus Berry\n|move|p1a: Tropius|Leech Seed|p2a: Landorus\n|-start|p2a: Landorus|move: Leech Seed\n|\n|-damage|p2a: Landorus|225/257|[from] Leech Seed|[of] p1a: Tropius\n|-heal|p1a: Tropius|231/328|[silent]\n|upkeep\n|turn|18\n|\n|t:|1781462478\n|switch|p2a: Donphan|Donphan, L84, F|288/288\n|move|p1a: Tropius|Air Slash|p2a: Donphan\n|-damage|p2a: Donphan|186/288\n|\n|-heal|p2a: Donphan|204/288|[from] item: Leftovers\n|upkeep\n|turn|19\n|\n|t:|1781462486\n|move|p1a: Tropius|Protect|p1a: Tropius\n|-singleturn|p1a: Tropius|Protect\n|move|p2a: Donphan|Ice Spinner|p1a: Tropius\n|-activate|p1a: Tropius|move: Protect\n|\n|-heal|p2a: Donphan|222/288|[from] item: Leftovers\n|upkeep\n|turn|20\n|\n|t:|1781462496\n|switch|p1a: Vigoroth|Vigoroth, L85, M|275/275\n|move|p2a: Donphan|Rapid Spin|p1a: Vigoroth\n|-damage|p1a: Vigoroth|246/275\n|-boost|p2a: Donphan|spe|1\n|\n|-heal|p2a: Donphan|240/288|[from] item: Leftovers\n|upkeep\n|turn|21\n|\n|t:|1781462503\n|move|p1a: Vigoroth|Body Slam|p2a: Donphan\n|-damage|p2a: Donphan|170/288\n|move|p2a: Donphan|Stealth Rock|p1a: Vigoroth\n|-sidestart|p1: thatdankcharizard|move: Stealth Rock\n|\n|-heal|p2a: Donphan|188/288|[from] item: Leftovers\n|upkeep\n|turn|22\n|\n|t:|1781462511\n|switch|p2a: Forretress|Forretress, L84, F|263/263\n|move|p1a: Vigoroth|Bulk Up|p1a: Vigoroth\n|-boost|p1a: Vigoroth|atk|1\n|-boost|p1a: Vigoroth|def|1\n|\n|upkeep\n|turn|23\n|\n|t:|1781462516\n|move|p1a: Vigoroth|Bulk Up|p1a: Vigoroth\n|-boost|p1a: Vigoroth|atk|1\n|-boost|p1a: Vigoroth|def|1\n|move|p2a: Forretress|Volt Switch|p1a: Vigoroth\n|-damage|p1a: Vigoroth|213/275\n|\n|t:|1781462520\n|switch|p2a: Scream Tail|Scream Tail, L84|330/330|[from] Volt Switch\n|\n|upkeep\n|turn|24\n|\n|t:|1781462530\n|switch|p1a: Tropius|Tropius, L91, F|231/328\n|-damage|p1a: Tropius|149/328|[from] Stealth Rock\n|move|p2a: Scream Tail|Encore||[still]\n|-fail|p2a: Scream Tail\n|\n|-item|p1a: Tropius|Sitrus Berry|[from] ability: Harvest\n|upkeep\n|-enditem|p1a: Tropius|Sitrus Berry|[eat]\n|-heal|p1a: Tropius|231/328|[from] item: Sitrus Berry\n|turn|25\n|\n|t:|1781462537\n|-end|p2a: Scream Tail|Protosynthesis|[silent]\n|switch|p2a: Forretress|Forretress, L84, F|263/263\n|move|p1a: Tropius|Leech Seed|p2a: Forretress\n|-start|p2a: Forretress|move: Leech Seed\n|\n|-damage|p2a: Forretress|231/263|[from] Leech Seed|[of] p1a: Tropius\n|-heal|p1a: Tropius|263/328|[silent]\n|upkeep\n|turn|26\n|\n|t:|1781462542\n|switch|p2a: Poliwrath|Poliwrath, L88, F|302/302\n|move|p1a: Tropius|Protect||[still]\n|-fail|p1a: Tropius\n|\n|upkeep\n|turn|27\n|\n|t:|1781462550\n|move|p2a: Poliwrath|Knock Off|p1a: Tropius\n|-damage|p1a: Tropius|210/328\n|move|p1a: Tropius|Air Slash|p2a: Poliwrath\n|-supereffective|p2a: Poliwrath\n|-damage|p2a: Poliwrath|200/302\n|\n|upkeep\n|turn|28\n|\n|t:|1781462558\n|switch|p2a: Landorus|Landorus, L75, M|225/257\n|move|p1a: Tropius|Air Slash|p2a: Landorus\n|-damage|p2a: Landorus|143/257\n|\n|-item|p1a: Tropius|Sitrus Berry|[from] ability: Harvest\n|upkeep\n|turn|29\n|\n|t:|1781462566\n|switch|p1a: Quagsire|Quagsire, L84, M, tera:Steel|219/297\n|-damage|p1a: Quagsire|201/297|[from] Stealth Rock\n|move|p2a: Landorus|Sludge Wave|p1a: Quagsire\n|-immune|p1a: Quagsire\n|\n|upkeep\n|turn|30\n|\n|t:|1781462573\n|switch|p1a: Tropius|Tropius, L91, F|210/328\n|-damage|p1a: Tropius|128/328|[from] Stealth Rock\n|-enditem|p1a: Tropius|Sitrus Berry|[eat]\n|-heal|p1a: Tropius|210/328|[from] item: Sitrus Berry\n|move|p2a: Landorus|Sludge Wave|p1a: Tropius\n|-supereffective|p1a: Tropius\n|-damage|p1a: Tropius|15/328\n|\n|-item|p1a: Tropius|Sitrus Berry|[from] ability: Harvest\n|upkeep\n|-enditem|p1a: Tropius|Sitrus Berry|[eat]\n|-heal|p1a: Tropius|97/328|[from] item: Sitrus Berry\n|turn|31\n|\n|t:|1781462581\n|move|p1a: Tropius|Protect|p1a: Tropius\n|-singleturn|p1a: Tropius|Protect\n|move|p2a: Landorus|Sludge Wave|p1a: Tropius\n|-activate|p1a: Tropius|move: Protect\n|\n|upkeep\n|turn|32\n|\n|t:|1781462588\n|switch|p1a: Quagsire|Quagsire, L84, M, tera:Steel|201/297\n|-damage|p1a: Quagsire|183/297|[from] Stealth Rock\n|move|p2a: Landorus|Sludge Wave|p1a: Quagsire\n|-immune|p1a: Quagsire\n|\n|upkeep\n|turn|33\n|\n|t:|1781462593\n|switch|p1a: Tropius|Tropius, L91, F|97/328\n|-damage|p1a: Tropius|15/328|[from] Stealth Rock\n|move|p2a: Landorus|Earth Power|p1a: Tropius\n|-immune|p1a: Tropius\n|\n|upkeep\n|turn|34\n|\n|t:|1781462599\n|move|p1a: Tropius|Protect|p1a: Tropius\n|-singleturn|p1a: Tropius|Protect\n|move|p2a: Landorus|Rock Slide|p1a: Tropius\n|-activate|p1a: Tropius|move: Protect\n|\n|upkeep\n|turn|35\n|\n|t:|1781462604\n|switch|p1a: Quagsire|Quagsire, L84, M, tera:Steel|183/297\n|-damage|p1a: Quagsire|165/297|[from] Stealth Rock\n|move|p2a: Landorus|Psychic|p1a: Quagsire\n|-resisted|p1a: Quagsire\n|-damage|p1a: Quagsire|101/297\n|\n|upkeep\n|turn|36\n|\n|t:|1781462611\n|switch|p1a: Tropius|Tropius, L91, F|15/328\n|-damage|p1a: Tropius|0 fnt|[from] Stealth Rock\n|faint|p1a: Tropius\n|move|p2a: Landorus|Earth Power|p1: Tropius|[notarget]\n|-fail|p2a: Landorus\n|\n|upkeep\n|\n|t:|1781462614\n|switch|p1a: Furret|Furret, L94, F|312/312\n|-damage|p1a: Furret|273/312|[from] Stealth Rock\n|-item|p2a: Landorus|Life Orb|[from] ability: Frisk|[of] p1a: Furret\n|turn|37\n|\n|t:|1781462622\n|switch|p2a: Forretress|Forretress, L84, F|231/263\n|move|p1a: Furret|Tidy Up|p1a: Furret\n|-sideend|p1: thatdankcharizard|Stealth Rock\n|-activate|p1a: Furret|move: Tidy Up\n|-boost|p1a: Furret|atk|1\n|-boost|p1a: Furret|spe|1\n|\n|-heal|p2a: Forretress|247/263|[from] item: Leftovers\n|upkeep\n|turn|38\n|\n|t:|1781462631\n|move|p1a: Furret|Knock Off|p2a: Forretress\n|-damage|p2a: Forretress|150/263\n|-enditem|p2a: Forretress|Leftovers|[from] move: Knock Off|[of] p1a: Furret\n|-damage|p1a: Furret|242/312|[from] item: Life Orb\n|move|p2a: Forretress|Iron Head|p1a: Furret\n|-damage|p1a: Furret|154/312\n|\n|upkeep\n|turn|39\n|\n|t:|1781462640\n|switch|p1a: Quagsire|Quagsire, L84, M, tera:Steel|101/297\n|move|p2a: Forretress|Iron Head|p1a: Quagsire\n|-resisted|p1a: Quagsire\n|-damage|p1a: Quagsire|60/297\n|\n|upkeep\n|turn|40\n|\n|t:|1781462654\n|move|p2a: Forretress|Toxic Spikes|p1a: Quagsire\n|-sidestart|p1: thatdankcharizard|move: Toxic Spikes\n|move|p1a: Quagsire|Recover|p1a: Quagsire\n|-heal|p1a: Quagsire|209/297\n|\n|upkeep\n|turn|41\n|\n|t:|1781462659\n|move|p2a: Forretress|Toxic Spikes|p1a: Quagsire\n|-sidestart|p1: thatdankcharizard|move: Toxic Spikes\n|move|p1a: Quagsire|Earthquake|p2a: Forretress\n|-damage|p2a: Forretress|87/263\n|\n|upkeep\n|turn|42\n|\n|t:|1781462664\n|move|p2a: Forretress|Volt Switch|p1a: Quagsire\n|-damage|p1a: Quagsire|168/297\n|\n|t:|1781462667\n|switch|p2a: Landorus|Landorus, L75, M|143/257|[from] Volt Switch\n|move|p1a: Quagsire|Toxic|p2a: Landorus|[miss]\n|-miss|p1a: Quagsire|p2a: Landorus\n|\n|upkeep\n|turn|43\n|\n|t:|1781462674\n|move|p2a: Landorus|Earth Power|p1a: Quagsire\n|-supereffective|p1a: Quagsire\n|-damage|p1a: Quagsire|0 fnt\n|faint|p1a: Quagsire\n|\n|upkeep\n|\n|t:|1781462677\n|switch|p1a: Furret|Furret, L94, F|154/312\n|-status|p1a: Furret|tox\n|-item|p2a: Landorus|Life Orb|[from] ability: Frisk|[of] p1a: Furret\n|turn|44\n|\n|t:|1781462682\n|move|p1a: Furret|Tidy Up|p1a: Furret\n|-sideend|p1: thatdankcharizard|Toxic Spikes\n|-activate|p1a: Furret|move: Tidy Up\n|-boost|p1a: Furret|atk|1\n|-boost|p1a: Furret|spe|1\n|move|p2a: Landorus|Earth Power|p1a: Furret\n|-damage|p1a: Furret|0 fnt\n|faint|p1a: Furret\n|\n|upkeep\n|\n|t:|1781462687\n|switch|p1a: Krookodile|Krookodile, L79, F|280/280\n|-ability|p1a: Krookodile|Intimidate|boost\n|-unboost|p2a: Landorus|atk|1\n|turn|45\n|\n|t:|1781462692\n|move|p2a: Landorus|Earth Power|p1a: Krookodile\n|-damage|p1a: Krookodile|97/280\n|move|p1a: Krookodile|Knock Off|p2a: Landorus\n|-damage|p2a: Landorus|0 fnt\n|-enditem|p2a: Landorus|Life Orb|[from] move: Knock Off|[of] p1a: Krookodile\n|faint|p2a: Landorus\n|-damage|p1a: Krookodile|69/280|[from] item: Life Orb\n|\n|upkeep\n|\n|t:|1781462704\n|switch|p2a: Scream Tail|Scream Tail, L84|330/330\n|turn|46\n|\n|t:|1781462710\n|switch|p1a: Vigoroth|Vigoroth, L85, M|213/275\n|move|p2a: Scream Tail|Dazzling Gleam|p1a: Vigoroth\n|-damage|p1a: Vigoroth|153/275\n|\n|upkeep\n|turn|47\n|\n|t:|1781462716\n|-end|p2a: Scream Tail|Protosynthesis|[silent]\n|switch|p2a: Crabominable|Crabominable, L90, F|104/321 tox\n|move|p1a: Vigoroth|Slack Off|p1a: Vigoroth\n|-heal|p1a: Vigoroth|275/275\n|\n|-damage|p2a: Crabominable|84/321 tox|[from] psn\n|upkeep\n|turn|48\n|\n|t:|1781462728\n|move|p1a: Vigoroth|Body Slam|p2a: Crabominable\n|-damage|p2a: Crabominable|0 fnt\n|faint|p2a: Crabominable\n|\n|upkeep\n|\n|t:|1781462733\n|switch|p2a: Poliwrath|Poliwrath, L88, F|200/302\n|turn|49\n|\n|t:|1781462741\n|switch|p1a: Krookodile|Krookodile, L79, F|69/280\n|-ability|p1a: Krookodile|Intimidate|boost\n|-unboost|p2a: Poliwrath|atk|1\n|move|p2a: Poliwrath|Close Combat|p1a: Krookodile\n|-supereffective|p1a: Krookodile\n|-damage|p1a: Krookodile|0 fnt\n|-unboost|p2a: Poliwrath|def|1\n|-unboost|p2a: Poliwrath|spd|1\n|faint|p1a: Krookodile\n|\n|upkeep\n|\n|t:|1781462743\n|switch|p1a: Vigoroth|Vigoroth, L85, M|275/275\n|turn|50\n|\n|t:|1781462747\n|move|p1a: Vigoroth|Body Slam|p2a: Poliwrath\n|-damage|p2a: Poliwrath|92/302\n|-status|p2a: Poliwrath|par\n|cant|p2a: Poliwrath|par\n|\n|upkeep\n|turn|51\n|\n|t:|1781462755\n|switch|p2a: Forretress|Forretress, L84, F|87/263\n|move|p1a: Vigoroth|Bulk Up|p1a: Vigoroth\n|-boost|p1a: Vigoroth|atk|1\n|-boost|p1a: Vigoroth|def|1\n|\n|upkeep\n|turn|52\n|\n|t:|1781462759\n|move|p1a: Vigoroth|Earthquake|p2a: Forretress\n|-damage|p2a: Forretress|26/263\n|move|p2a: Forretress|Volt Switch|p1a: Vigoroth\n|-damage|p1a: Vigoroth|241/275\n|\n|t:|1781462764\n|switch|p2a: Poliwrath|Poliwrath, L88, F|92/302 par|[from] Volt Switch\n|\n|upkeep\n|turn|53\n|\n|t:|1781462768\n|move|p1a: Vigoroth|Bulk Up|p1a: Vigoroth\n|-boost|p1a: Vigoroth|atk|1\n|-boost|p1a: Vigoroth|def|1\n|move|p2a: Poliwrath|Knock Off|p1a: Vigoroth\n|-damage|p1a: Vigoroth|211/275\n|-enditem|p1a: Vigoroth|Eviolite|[from] move: Knock Off|[of] p2a: Poliwrath\n|\n|upkeep\n|turn|54\n|\n|t:|1781462775\n|move|p1a: Vigoroth|Body Slam|p2a: Poliwrath\n|-damage|p2a: Poliwrath|0 fnt\n|faint|p2a: Poliwrath\n|\n|upkeep\n|\n|t:|1781462780\n|switch|p2a: Donphan|Donphan, L84, F|188/288\n|turn|55\n|\n|t:|1781462782\n|switch|p2a: Scream Tail|Scream Tail, L84|330/330\n|move|p1a: Vigoroth|Body Slam|p2a: Scream Tail\n|-damage|p2a: Scream Tail|189/330\n|\n|-heal|p2a: Scream Tail|209/330|[from] item: Leftovers\n|upkeep\n|turn|56\n|\n|t:|1781462789\n|move|p2a: Scream Tail|Protect|p2a: Scream Tail\n|-singleturn|p2a: Scream Tail|Protect\n|move|p1a: Vigoroth|Body Slam|p2a: Scream Tail\n|-activate|p2a: Scream Tail|move: Protect\n|\n|-heal|p2a: Scream Tail|229/330|[from] item: Leftovers\n|upkeep\n|turn|57\n|\n|t:|1781462795\n|move|p2a: Scream Tail|Wish|p2a: Scream Tail\n|move|p1a: Vigoroth|Body Slam|p2a: Scream Tail\n|-damage|p2a: Scream Tail|91/330\n|\n|-heal|p2a: Scream Tail|111/330|[from] item: Leftovers\n|upkeep\n|turn|58\n|\n|t:|1781462803\n|move|p2a: Scream Tail|Protect|p2a: Scream Tail\n|-singleturn|p2a: Scream Tail|Protect\n|move|p1a: Vigoroth|Body Slam|p2a: Scream Tail\n|-activate|p2a: Scream Tail|move: Protect\n|\n|-heal|p2a: Scream Tail|276/330|[from] move: Wish|[wisher] Scream Tail\n|-heal|p2a: Scream Tail|296/330|[from] item: Leftovers\n|upkeep\n|turn|59\n|\n|t:|1781462812\n|move|p2a: Scream Tail|Wish|p2a: Scream Tail\n|move|p1a: Vigoroth|Body Slam|p2a: Scream Tail\n|-damage|p2a: Scream Tail|139/330\n|\n|-heal|p2a: Scream Tail|159/330|[from] item: Leftovers\n|upkeep\n|turn|60\n|\n|t:|1781462815\n|move|p2a: Scream Tail|Protect|p2a: Scream Tail\n|-singleturn|p2a: Scream Tail|Protect\n|move|p1a: Vigoroth|Body Slam|p2a: Scream Tail\n|-activate|p2a: Scream Tail|move: Protect\n|\n|-heal|p2a: Scream Tail|324/330|[from] move: Wish|[wisher] Scream Tail\n|-heal|p2a: Scream Tail|330/330|[from] item: Leftovers\n|upkeep\n|turn|61\n|\n|t:|1781462826\n|move|p2a: Scream Tail|Wish|p2a: Scream Tail\n|move|p1a: Vigoroth|Body Slam|p2a: Scream Tail\n|-damage|p2a: Scream Tail|189/330\n|\n|-heal|p2a: Scream Tail|209/330|[from] item: Leftovers\n|upkeep\n|turn|62\n|\n|t:|1781462832\n|move|p2a: Scream Tail|Dazzling Gleam|p1a: Vigoroth\n|-damage|p1a: Vigoroth|127/275\n|move|p1a: Vigoroth|Body Slam|p2a: Scream Tail\n|-damage|p2a: Scream Tail|74/330\n|\n|-heal|p2a: Scream Tail|239/330|[from] move: Wish|[wisher] Scream Tail\n|-heal|p2a: Scream Tail|259/330|[from] item: Leftovers\n|upkeep\n|turn|63\n|\n|t:|1781462837\n|move|p2a: Scream Tail|Protect|p2a: Scream Tail\n|-singleturn|p2a: Scream Tail|Protect\n|move|p1a: Vigoroth|Body Slam|p2a: Scream Tail\n|-activate|p2a: Scream Tail|move: Protect\n|\n|-heal|p2a: Scream Tail|279/330|[from] item: Leftovers\n|upkeep\n|turn|64\n|\n|t:|1781462842\n|move|p2a: Scream Tail|Dazzling Gleam|p1a: Vigoroth\n|-damage|p1a: Vigoroth|33/275\n|move|p1a: Vigoroth|Body Slam|p2a: Scream Tail\n|-damage|p2a: Scream Tail|140/330\n|\n|-heal|p2a: Scream Tail|160/330|[from] item: Leftovers\n|upkeep\n|turn|65\n|\n|t:|1781462846\n|move|p2a: Scream Tail|Dazzling Gleam|p1a: Vigoroth\n|-damage|p1a: Vigoroth|0 fnt\n|faint|p1a: Vigoroth\n|\n|win|Isitshine11\n", "uploadtime": 1781462295, "views": 3, "formatid": "gen9randombattle", "rating": null, "private": 0, "password": null}