{"id": "gen9randombattle-2631463257", "format": "[Gen 9] Random Battle", "players": ["mrcar5", "nitromegamer007"], "log": "|j|\u2606mrcar5\n|j|\u2606nitromegamer007\n|t:|1781387786\n|gametype|singles\n|player|p1|mrcar5|265|\n|player|p2|nitromegamer007|101|\n|gen|9\n|tier|[Gen 9] Random Battle\n|rule|Species Clause: Limit one of each Pok\u00e9mon\n|rule|HP Percentage Mod: HP is shown in percentages\n|rule|Sleep Clause Mod: Limit one foe put to sleep\n|rule|Illusion Level Mod: Illusion disguises the Pok\u00e9mon's true level\n|\n|t:|1781387786\n|teamsize|p1|6\n|teamsize|p2|6\n|start\n|switch|p1a: Infernape|Infernape, L82, F|259/259\n|switch|p2a: Mandibuzz|Mandibuzz, L85, F|326/326\n|turn|1\n|\n|t:|1781387812\n|move|p1a: Infernape|Stone Edge|p2a: Mandibuzz|[miss]\n|-miss|p1a: Infernape|p2a: Mandibuzz\n|move|p2a: Mandibuzz|Brave Bird|p1a: Infernape\n|-supereffective|p1a: Infernape\n|-damage|p1a: Infernape|13/259\n|-damage|p2a: Mandibuzz|245/326|[from] Recoil\n|\n|upkeep\n|turn|2\n|\n|t:|1781387822\n|move|p1a: Infernape|Stone Edge|p2a: Mandibuzz\n|-supereffective|p2a: Mandibuzz\n|-damage|p2a: Mandibuzz|76/326\n|-damage|p1a: Infernape|0 fnt|[from] item: Life Orb\n|faint|p1a: Infernape\n|move|p2a: Mandibuzz|Knock Off|p1: Infernape|[notarget]\n|-fail|p2a: Mandibuzz\n|\n|upkeep\n|\n|t:|1781387831\n|switch|p1a: Lanturn|Lanturn, L89, F|367/367\n|turn|3\n|\n|t:|1781387841\n|-terastallize|p2a: Mandibuzz|Steel\n|move|p2a: Mandibuzz|Defog|p1a: Lanturn\n|-unboost|p1a: Lanturn|evasion|1\n|move|p1a: Lanturn|Volt Switch|p2a: Mandibuzz\n|-damage|p2a: Mandibuzz|9/326\n|\n|t:|1781387862\n|switch|p1a: Arceus|Arceus-Fighting, L70|284/284|[from] Volt Switch\n|\n|upkeep\n|turn|4\n|\n|t:|1781387871\n|move|p1a: Arceus|Body Press|p2a: Mandibuzz\n|-supereffective|p2a: Mandibuzz\n|-damage|p2a: Mandibuzz|0 fnt\n|faint|p2a: Mandibuzz\n|\n|upkeep\n|\n|t:|1781387879\n|switch|p2a: Exeggutor|Exeggutor-Alola, L89, M|314/314\n|turn|5\n|\n|t:|1781387888\n|move|p1a: Arceus|Cosmic Power|p1a: Arceus\n|-boost|p1a: Arceus|def|1\n|-boost|p1a: Arceus|spd|1\n|move|p2a: Exeggutor|Stun Spore|p1a: Arceus\n|-status|p1a: Arceus|par\n|\n|upkeep\n|turn|6\n|\n|t:|1781387899\n|move|p2a: Exeggutor|Draco Meteor|p1a: Arceus\n|-damage|p1a: Arceus|158/284 par\n|-unboost|p2a: Exeggutor|spa|2\n|move|p1a: Arceus|Cosmic Power|p1a: Arceus\n|-boost|p1a: Arceus|def|1\n|-boost|p1a: Arceus|spd|1\n|\n|upkeep\n|turn|7\n|\n|t:|1781387908\n|move|p2a: Exeggutor|Flamethrower|p1a: Arceus\n|-damage|p1a: Arceus|138/284 par\n|cant|p1a: Arceus|par\n|\n|upkeep\n|turn|8\n|\n|t:|1781387914\n|move|p2a: Exeggutor|Draco Meteor|p1a: Arceus\n|-damage|p1a: Arceus|95/284 par\n|-unboost|p2a: Exeggutor|spa|2\n|cant|p1a: Arceus|par\n|\n|upkeep\n|turn|9\n|\n|t:|1781387921\n|move|p2a: Exeggutor|Wood Hammer|p1a: Arceus\n|-damage|p1a: Arceus|20/284 par\n|-damage|p2a: Exeggutor|289/314|[from] Recoil\n|cant|p1a: Arceus|par\n|\n|upkeep\n|turn|10\n|\n|t:|1781387929\n|-terastallize|p1a: Arceus|Steel\n|move|p2a: Exeggutor|Wood Hammer|p1a: Arceus\n|-resisted|p1a: Arceus\n|-damage|p1a: Arceus|0 fnt\n|faint|p1a: Arceus\n|-damage|p2a: Exeggutor|282/314|[from] Recoil\n|\n|upkeep\n|\n|t:|1781387939\n|switch|p1a: Lanturn|Lanturn, L89, F|367/367\n|turn|11\n|\n|t:|1781387948\n|move|p1a: Lanturn|Volt Switch|p2a: Exeggutor\n|-resisted|p2a: Exeggutor\n|-damage|p2a: Exeggutor|264/314\n|\n|t:|1781387956\n|switch|p1a: Rhydon|Rhydon, L85, M|317/317|[from] Volt Switch\n|move|p2a: Exeggutor|Wood Hammer|p1a: Rhydon\n|-supereffective|p1a: Rhydon\n|-damage|p1a: Rhydon|1/317\n|-damage|p2a: Exeggutor|160/314|[from] Recoil\n|\n|upkeep\n|turn|12\n|\n|t:|1781387976\n|move|p2a: Exeggutor|Flamethrower|p1a: Rhydon\n|-resisted|p1a: Rhydon\n|-damage|p1a: Rhydon|0 fnt\n|faint|p1a: Rhydon\n|\n|upkeep\n|\n|t:|1781387981\n|switch|p1a: Wo-Chien|Wo-Chien, L83|277/277\n|-ability|p1a: Wo-Chien|Tablets of Ruin\n|turn|13\n|\n|t:|1781387990\n|move|p1a: Wo-Chien|Knock Off|p2a: Exeggutor\n|-damage|p2a: Exeggutor|78/314\n|-enditem|p2a: Exeggutor|Sitrus Berry|[from] move: Knock Off|[of] p1a: Wo-Chien\n|move|p2a: Exeggutor|Flamethrower|p1a: Wo-Chien\n|-supereffective|p1a: Wo-Chien\n|-damage|p1a: Wo-Chien|235/277\n|\n|-heal|p1a: Wo-Chien|252/277|[from] item: Leftovers\n|upkeep\n|turn|14\n|l|\u2606mrcar5\n|player|p1|\n|j|\u2606mrcar5\n|player|p1|mrcar5|265|\n|\n|t:|1781388028\n|switch|p2a: Iron Treads|Iron Treads, L77|265/265\n|move|p1a: Wo-Chien|Leech Seed|p2a: Iron Treads\n|-start|p2a: Iron Treads|move: Leech Seed\n|\n|-heal|p1a: Wo-Chien|269/277|[from] item: Leftovers\n|-damage|p2a: Iron Treads|232/265|[from] Leech Seed|[of] p1a: Wo-Chien\n|-heal|p1a: Wo-Chien|277/277|[silent]\n|upkeep\n|turn|15\n|\n|t:|1781388044\n|move|p2a: Iron Treads|Iron Head|p1a: Wo-Chien\n|-damage|p1a: Wo-Chien|220/277\n|move|p1a: Wo-Chien|Stun Spore|p2a: Iron Treads\n|-status|p2a: Iron Treads|par\n|\n|-heal|p1a: Wo-Chien|237/277|[from] item: Leftovers\n|-damage|p2a: Iron Treads|199/265 par|[from] Leech Seed|[of] p1a: Wo-Chien\n|-heal|p1a: Wo-Chien|270/277|[silent]\n|upkeep\n|turn|16\n|\n|t:|1781388054\n|move|p1a: Wo-Chien|Knock Off|p2a: Iron Treads\n|-damage|p2a: Iron Treads|120/265 par\n|-enditem|p2a: Iron Treads|Assault Vest|[from] move: Knock Off|[of] p1a: Wo-Chien\n|move|p2a: Iron Treads|Iron Head|p1a: Wo-Chien\n|-damage|p1a: Wo-Chien|215/277\n|\n|-heal|p1a: Wo-Chien|232/277|[from] item: Leftovers\n|-damage|p2a: Iron Treads|87/265 par|[from] Leech Seed|[of] p1a: Wo-Chien\n|-heal|p1a: Wo-Chien|265/277|[silent]\n|upkeep\n|turn|17\n|\n|t:|1781388070\n|-end|p2a: Iron Treads|Quark Drive|[silent]\n|switch|p2a: Tsareena|Tsareena, L87, F|267/267\n|move|p1a: Wo-Chien|Knock Off|p2a: Tsareena\n|-damage|p2a: Tsareena|186/267\n|-enditem|p2a: Tsareena|Heavy-Duty Boots|[from] move: Knock Off|[of] p1a: Wo-Chien\n|\n|-heal|p1a: Wo-Chien|277/277|[from] item: Leftovers\n|upkeep\n|turn|18\n|\n|t:|1781388080\n|move|p2a: Tsareena|U-turn|p1a: Wo-Chien\n|-supereffective|p1a: Wo-Chien\n|-damage|p1a: Wo-Chien|101/277\n|\n|t:|1781388085\n|switch|p2a: Hatterene|Hatterene, L85, F|236/236|[from] U-turn\n|move|p1a: Wo-Chien|Leech Seed|p2a: Hatterene\n|move|p2a: Hatterene|Leech Seed|p1a: Wo-Chien|[from] ability: Magic Bounce\n|-immune|p1a: Wo-Chien\n|\n|-heal|p1a: Wo-Chien|118/277|[from] item: Leftovers\n|upkeep\n|turn|19\n|\n|t:|1781388101\n|move|p1a: Wo-Chien|Protect|p1a: Wo-Chien\n|-singleturn|p1a: Wo-Chien|Protect\n|move|p2a: Hatterene|Mystical Fire|p1a: Wo-Chien\n|-activate|p1a: Wo-Chien|move: Protect\n|\n|-heal|p1a: Wo-Chien|135/277|[from] item: Leftovers\n|upkeep\n|turn|20\n|\n|t:|1781388113\n|move|p1a: Wo-Chien|Knock Off|p2a: Hatterene\n|-damage|p2a: Hatterene|152/236\n|-enditem|p2a: Hatterene|Assault Vest|[from] move: Knock Off|[of] p1a: Wo-Chien\n|move|p2a: Hatterene|Mystical Fire|p1a: Wo-Chien\n|-supereffective|p1a: Wo-Chien\n|-damage|p1a: Wo-Chien|39/277\n|-unboost|p1a: Wo-Chien|spa|1\n|\n|-heal|p1a: Wo-Chien|56/277|[from] item: Leftovers\n|upkeep\n|turn|21\n|\n|t:|1781388128\n|move|p1a: Wo-Chien|Stun Spore|p2a: Hatterene\n|move|p2a: Hatterene|Stun Spore|p1a: Wo-Chien|[from] ability: Magic Bounce\n|-immune|p1a: Wo-Chien\n|move|p2a: Hatterene|Draining Kiss|p1a: Wo-Chien\n|-supereffective|p1a: Wo-Chien\n|-damage|p1a: Wo-Chien|0 fnt\n|-heal|p2a: Hatterene|194/236|[from] drain|[of] p1a: Wo-Chien\n|faint|p1a: Wo-Chien\n|\n|upkeep\n|\n|t:|1781388136\n|switch|p1a: Latias|Latias, L79, F|256/256\n|turn|22\n|\n|t:|1781388149\n|move|p1a: Latias|Calm Mind|p1a: Latias\n|-boost|p1a: Latias|spa|1\n|-boost|p1a: Latias|spd|1\n|move|p2a: Hatterene|Draining Kiss|p1a: Latias\n|-supereffective|p1a: Latias\n|-damage|p1a: Latias|176/256\n|-heal|p2a: Hatterene|236/236|[from] drain|[of] p1a: Latias\n|\n|upkeep\n|turn|23\n|\n|t:|1781388159\n|move|p1a: Latias|Calm Mind|p1a: Latias\n|-boost|p1a: Latias|spa|1\n|-boost|p1a: Latias|spd|1\n|move|p2a: Hatterene|Draining Kiss|p1a: Latias\n|-supereffective|p1a: Latias\n|-damage|p1a: Latias|114/256\n|\n|upkeep\n|turn|24\n|\n|t:|1781388176\n|move|p1a: Latias|Recover|p1a: Latias\n|-heal|p1a: Latias|242/256\n|move|p2a: Hatterene|Draining Kiss|p1a: Latias\n|-supereffective|p1a: Latias\n|-damage|p1a: Latias|186/256\n|\n|upkeep\n|turn|25\n|\n|t:|1781388183\n|move|p1a: Latias|Calm Mind|p1a: Latias\n|-boost|p1a: Latias|spa|1\n|-boost|p1a: Latias|spd|1\n|move|p2a: Hatterene|Draining Kiss|p1a: Latias\n|-supereffective|p1a: Latias\n|-damage|p1a: Latias|138/256\n|\n|upkeep\n|turn|26\n|\n|t:|1781388191\n|switch|p2a: Exeggutor|Exeggutor-Alola, L89, M|78/314\n|move|p1a: Latias|Calm Mind|p1a: Latias\n|-boost|p1a: Latias|spa|1\n|-boost|p1a: Latias|spd|1\n|\n|upkeep\n|turn|27\n|\n|t:|1781388201\n|move|p1a: Latias|Psyshock|p2a: Exeggutor\n|-crit|p2a: Exeggutor\n|-damage|p2a: Exeggutor|0 fnt\n|faint|p2a: Exeggutor\n|\n|upkeep\n|\n|t:|1781388212\n|switch|p2a: Spectrier|Spectrier, L75|274/274\n|turn|28\n|\n|t:|1781388223\n|move|p2a: Spectrier|Shadow Ball|p1a: Latias\n|-supereffective|p1a: Latias\n|-damage|p1a: Latias|76/256\n|-damage|p2a: Spectrier|247/274|[from] item: Life Orb\n|move|p1a: Latias|Recover|p1a: Latias\n|-heal|p1a: Latias|204/256\n|\n|upkeep\n|turn|29\n|\n|t:|1781388231\n|move|p2a: Spectrier|Dark Pulse|p1a: Latias\n|-supereffective|p1a: Latias\n|-crit|p1a: Latias\n|-damage|p1a: Latias|12/256\n|-damage|p2a: Spectrier|220/274|[from] item: Life Orb\n|move|p1a: Latias|Psyshock|p2a: Spectrier\n|-damage|p2a: Spectrier|0 fnt\n|faint|p2a: Spectrier\n|\n|upkeep\n|\n|t:|1781388240\n|switch|p2a: Hatterene|Hatterene, L85, F|236/236\n|turn|30\n|\n|t:|1781388243\n|move|p1a: Latias|Recover|p1a: Latias\n|-heal|p1a: Latias|140/256\n|move|p2a: Hatterene|Draining Kiss|p1a: Latias\n|-supereffective|p1a: Latias\n|-crit|p1a: Latias\n|-damage|p1a: Latias|0 fnt\n|faint|p1a: Latias\n|\n|upkeep\n|\n|t:|1781388251\n|switch|p1a: Lanturn|Lanturn, L89, F|367/367\n|turn|31\n|\n|t:|1781388259\n|move|p1a: Lanturn|Thunder Wave|p2a: Hatterene\n|move|p2a: Hatterene|Thunder Wave|p1a: Lanturn|[from] ability: Magic Bounce\n|-immune|p1a: Lanturn|[from] ability: Volt Absorb\n|move|p2a: Hatterene|Psychic Noise|p1a: Lanturn\n|-damage|p1a: Lanturn|258/367\n|-start|p1a: Lanturn|move: Heal Block\n|\n|upkeep\n|turn|32\n|\n|t:|1781388276\n|move|p1a: Lanturn|Thunderbolt|p2a: Hatterene\n|-damage|p2a: Hatterene|154/236\n|move|p2a: Hatterene|Mystical Fire|p1a: Lanturn\n|-resisted|p1a: Lanturn\n|-damage|p1a: Lanturn|219/367\n|-unboost|p1a: Lanturn|spa|1\n|\n|-end|p1a: Lanturn|move: Heal Block\n|upkeep\n|turn|33\n|\n|t:|1781388284\n|move|p1a: Lanturn|Thunderbolt|p2a: Hatterene\n|-damage|p2a: Hatterene|100/236\n|move|p2a: Hatterene|Draining Kiss|p1a: Lanturn\n|-damage|p1a: Lanturn|144/367\n|-heal|p2a: Hatterene|156/236|[from] drain|[of] p1a: Lanturn\n|\n|upkeep\n|turn|34\n|\n|t:|1781388291\n|move|p1a: Lanturn|Scald|p2a: Hatterene\n|-damage|p2a: Hatterene|105/236\n|move|p2a: Hatterene|Draining Kiss|p1a: Lanturn\n|-damage|p1a: Lanturn|74/367\n|-heal|p2a: Hatterene|158/236|[from] drain|[of] p1a: Lanturn\n|\n|upkeep\n|turn|35\n|\n|t:|1781388298\n|move|p1a: Lanturn|Scald|p2a: Hatterene\n|-damage|p2a: Hatterene|112/236\n|-status|p2a: Hatterene|brn\n|move|p2a: Hatterene|Draining Kiss|p1a: Lanturn\n|-damage|p1a: Lanturn|1/367\n|-heal|p2a: Hatterene|167/236 brn|[from] drain|[of] p1a: Lanturn\n|\n|-damage|p2a: Hatterene|153/236 brn|[from] brn\n|upkeep\n|turn|36\n|\n|t:|1781388309\n|move|p1a: Lanturn|Scald|p2a: Hatterene\n|-damage|p2a: Hatterene|105/236 brn\n|move|p2a: Hatterene|Draining Kiss|p1a: Lanturn\n|-damage|p1a: Lanturn|0 fnt\n|-heal|p2a: Hatterene|106/236 brn|[from] drain|[of] p1a: Lanturn\n|faint|p1a: Lanturn\n|\n|win|nitromegamer007\n", "inputlog": ">version a8376a258c1d4662feba110a92103f3664a72141\n>start {\"formatid\":\"gen9randombattle\",\"seed\":\"sodium,7461a39203032cf9bb5ed424bf17147e\"}\n>player p1 {\"name\":\"mrcar5\",\"avatar\":\"265\",\"rating\":0,\"seed\":\"sodium,c540ecf67e1122426f5b44ea6ab32298\"}\n>player p2 {\"name\":\"nitromegamer007\",\"avatar\":\"101\",\"rating\":0,\"seed\":\"sodium,9428c50a45dbdf63f5c22516b9540528\"}\n>p1 move stoneedge\n>p2 move bravebird\n>p1 move stoneedge\n>p2 move knockoff\n>p1 switch 2\n>p1 move voltswitch\n>p2 move defog terastallize\n>p1 switch 5\n>p1 move bodypress\n>p2 move bravebird\n>p2 switch 3\n>p1 move cosmicpower\n>p2 move stunspore\n>p1 move cosmicpower\n>p2 move dracometeor\n>p1 move recover\n>p2 move flamethrower\n>p1 move recover\n>p2 move dracometeor\n>p1 move recover\n>p2 move woodhammer\n>p1 move recover terastallize\n>p2 move woodhammer\n>p1 switch 5\n>p1 move voltswitch\n>p2 move woodhammer\n>p1 switch 6\n>p1 move megahorn\n>p2 move flamethrower\n>p1 switch 3\n>p1 move knockoff\n>p2 move flamethrower\n>p1 move leechseed\n>p2 switch 4\n>p1 move stunspore\n>p2 move ironhead\n>p1 move knockoff\n>p2 move ironhead\n>p1 move knockoff\n>p2 switch 2\n>p1 move leechseed\n>p2 move uturn\n>p2 switch 6\n>p1 move protect\n>p2 move mysticalfire\n>p1 move knockoff\n>p2 move mysticalfire\n>p1 move stunspore\n>p2 move drainingkiss\n>p1 switch 4\n>p1 move calmmind\n>p2 move drainingkiss\n>p1 move calmmind\n>p2 move drainingkiss\n>p1 move recover\n>p2 move drainingkiss\n>p1 move calmmind\n>p2 move drainingkiss\n>p1 move calmmind\n>p2 switch 4\n>p1 move psyshock\n>p2 move stunspore\n>p2 switch 5\n>p1 move recover\n>p2 move shadowball\n>p1 move psyshock\n>p2 move darkpulse\n>p2 switch 4\n>p1 move recover\n>p2 move drainingkiss\n>p1 switch 6\n>p1 move thunderwave\n>p2 move psychicnoise\n>p1 move thunderbolt\n>p2 move mysticalfire\n>p1 move thunderbolt\n>p2 move drainingkiss\n>p1 move scald\n>p2 move drainingkiss\n>p1 move scald\n>p2 move drainingkiss\n>p1 move scald\n>p2 move drainingkiss", "uploadtime": 1781388318, "views": 20, "formatid": "gen9randombattle", "rating": null, "private": 0, "password": null}