{"id": "gen9randombattle-2631708708", "format": "[Gen 9] Random Battle", "players": ["lemontheheavens", "1v1saregood"], "log": "|j|\u2606lemontheheavens\n|j|\u26061v1saregood\n|t:|1781426024\n|gametype|singles\n|player|p1|lemontheheavens|1|2017\n|player|p2|1v1saregood|preschooler|1972\n|gen|9\n|tier|[Gen 9] Random Battle\n|rated|\n|rule|Species Clause: Limit one of each Pok\u00e9mon\n|rule|HP Percentage Mod: HP is shown in percentages\n|rule|Sleep Clause Mod: Limit one foe put to sleep\n|rule|Illusion Level Mod: Illusion disguises the Pok\u00e9mon's true level\n|\n|t:|1781426024\n|teamsize|p1|6\n|teamsize|p2|6\n|start\n|switch|p1a: Passimian|Passimian, L83, M|302/302\n|switch|p2a: Trevenant|Trevenant, L89, F|296/296\n|turn|1\n|inactive|Battle timer is ON: inactive players will automatically lose when time's up. (requested by 1v1saregood)\n|\n|t:|1781426041\n|move|p1a: Passimian|Knock Off|p2a: Trevenant\n|-supereffective|p2a: Trevenant\n|-damage|p2a: Trevenant|138/296\n|-enditem|p2a: Trevenant|Sitrus Berry|[from] move: Knock Off|[of] p1a: Passimian\n|move|p2a: Trevenant|Toxic|p1a: Passimian\n|-status|p1a: Passimian|tox\n|\n|-damage|p1a: Passimian|284/302 tox|[from] psn\n|upkeep\n|turn|2\n|\n|t:|1781426049\n|switch|p1a: Ogerpon|Ogerpon-Hearthflame, L74, F|239/239\n|-ability|p1a: Ogerpon|Mold Breaker\n|move|p2a: Trevenant|Protect||[still]\n|-fail|p2a: Trevenant\n|\n|upkeep\n|turn|3\n|\n|t:|1781426061\n|move|p1a: Ogerpon|Ivy Cudgel|p2a: Trevenant|[anim] Ivy Cudgel Fire\n|-supereffective|p2a: Trevenant\n|-damage|p2a: Trevenant|0 fnt\n|faint|p2a: Trevenant\n|\n|upkeep\n|\n|t:|1781426069\n|switch|p2a: Oricorio|Oricorio-Pa'u, L87, F|272/272\n|turn|4\n|\n|t:|1781426081\n|switch|p1a: Lycanroc|Lycanroc-Dusk, L81, M|254/254\n|move|p2a: Oricorio|Quiver Dance|p2a: Oricorio\n|-boost|p2a: Oricorio|spa|1\n|-boost|p2a: Oricorio|spd|1\n|-boost|p2a: Oricorio|spe|1\n|\n|upkeep\n|turn|5\n|\n|t:|1781426088\n|-terastallize|p2a: Oricorio|Fighting\n|move|p1a: Lycanroc|Accelerock|p2a: Oricorio\n|-resisted|p2a: Oricorio\n|-damage|p2a: Oricorio|229/272\n|-damage|p1a: Lycanroc|229/254|[from] item: Life Orb\n|move|p2a: Oricorio|Revelation Dance|p1a: Lycanroc\n|-supereffective|p1a: Lycanroc\n|-damage|p1a: Lycanroc|0 fnt\n|faint|p1a: Lycanroc\n|\n|upkeep\n|\n|t:|1781426094\n|switch|p1a: Gallade|Gallade, L80, M|240/240\n|turn|6\n|\n|t:|1781426099\n|move|p2a: Oricorio|Hurricane|p1a: Gallade\n|-supereffective|p1a: Gallade\n|-damage|p1a: Gallade|0 fnt\n|faint|p1a: Gallade\n|\n|upkeep\n|\n|t:|1781426109\n|switch|p1a: Slaking|Slaking, L84, F|389/389\n|turn|7\n|\n|t:|1781426113\n|-terastallize|p1a: Slaking|Ghost\n|move|p2a: Oricorio|Revelation Dance|p1a: Slaking\n|-immune|p1a: Slaking\n|move|p1a: Slaking|Double-Edge|p2a: Oricorio\n|-damage|p2a: Oricorio|0 fnt\n|faint|p2a: Oricorio\n|-damage|p1a: Slaking|313/389|[from] Recoil\n|\n|upkeep\n|\n|t:|1781426119\n|switch|p2a: Minior|Minior-Yellow, L79|224/224\n|-formechange|p2a: Minior|Minior-Meteor||[from] ability: Shields Down\n|turn|8\n|\n|t:|1781426128\n|switch|p1a: Garganacl|Garganacl, L80, M|291/291\n|move|p2a: Minior|Shell Smash|p2a: Minior\n|-unboost|p2a: Minior|def|1\n|-unboost|p2a: Minior|spd|1\n|-boost|p2a: Minior|atk|2\n|-boost|p2a: Minior|spa|2\n|-boost|p2a: Minior|spe|2\n|-enditem|p2a: Minior|White Herb\n|-clearnegativeboost|p2a: Minior|[silent]\n|\n|upkeep\n|turn|9\n|\n|t:|1781426136\n|move|p2a: Minior|Shell Smash|p2a: Minior\n|-unboost|p2a: Minior|def|1\n|-unboost|p2a: Minior|spd|1\n|-boost|p2a: Minior|atk|2\n|-boost|p2a: Minior|spa|2\n|-boost|p2a: Minior|spe|2\n|move|p1a: Garganacl|Salt Cure|p2a: Minior\n|-supereffective|p2a: Minior\n|-damage|p2a: Minior|108/224\n|-start|p2a: Minior|Salt Cure\n|\n|-damage|p2a: Minior|80/224|[from] Salt Cure\n|-formechange|p2a: Minior|Minior-Yellow||[from] ability: Shields Down\n|upkeep\n|turn|10\n|\n|t:|1781426150\n|switch|p1a: Passimian|Passimian, L83, M|284/302 tox\n|move|p2a: Minior|Earthquake|p1a: Passimian\n|-damage|p1a: Passimian|102/302 tox\n|\n|-damage|p1a: Passimian|84/302 tox|[from] psn\n|-damage|p2a: Minior|52/224|[from] Salt Cure\n|upkeep\n|turn|11\n|\n|t:|1781426159\n|move|p2a: Minior|Acrobatics|p1a: Passimian\n|-supereffective|p1a: Passimian\n|-damage|p1a: Passimian|0 fnt\n|faint|p1a: Passimian\n|\n|-damage|p2a: Minior|24/224|[from] Salt Cure\n|upkeep\n|\n|t:|1781426167\n|switch|p1a: Garganacl|Garganacl, L80, M|291/291\n|turn|12\n|\n|t:|1781426170\n|switch|p1a: Slaking|Slaking, L84, F, tera:Ghost|313/389\n|move|p2a: Minior|Earthquake|p1a: Slaking\n|-damage|p1a: Slaking|143/389\n|\n|-damage|p2a: Minior|0 fnt|[from] Salt Cure\n|faint|p2a: Minior\n|upkeep\n|\n|t:|1781426185\n|switch|p2a: Registeel|Registeel, L81|262/262\n|turn|13\n|\n|t:|1781426196\n|switch|p1a: Ogerpon|Ogerpon-Hearthflame, L74, F|239/239\n|-ability|p1a: Ogerpon|Mold Breaker\n|move|p2a: Registeel|Iron Defense|p2a: Registeel\n|-boost|p2a: Registeel|def|2\n|\n|upkeep\n|turn|14\n|\n|t:|1781426201\n|move|p1a: Ogerpon|Swords Dance|p1a: Ogerpon\n|-boost|p1a: Ogerpon|atk|2\n|move|p2a: Registeel|Body Press|p1a: Ogerpon\n|-damage|p1a: Ogerpon|57/239\n|\n|upkeep\n|turn|15\n|\n|t:|1781426203\n|move|p1a: Ogerpon|Ivy Cudgel|p2a: Registeel|[anim] Ivy Cudgel Fire\n|-supereffective|p2a: Registeel\n|-damage|p2a: Registeel|106/262\n|move|p2a: Registeel|Body Press|p1a: Ogerpon\n|-damage|p1a: Ogerpon|0 fnt\n|faint|p1a: Ogerpon\n|\n|upkeep\n|\n|t:|1781426210\n|switch|p1a: Garganacl|Garganacl, L80, M|291/291\n|turn|16\n|\n|t:|1781426218\n|switch|p1a: Slaking|Slaking, L84, F, tera:Ghost|143/389\n|move|p2a: Registeel|Body Press|p1a: Slaking\n|-immune|p1a: Slaking\n|\n|upkeep\n|turn|17\n|\n|t:|1781426223\n|move|p1a: Slaking|Knock Off|p2a: Registeel\n|-damage|p2a: Registeel|57/262\n|-enditem|p2a: Registeel|Chesto Berry|[from] move: Knock Off|[of] p1a: Slaking\n|move|p2a: Registeel|Iron Defense|p2a: Registeel\n|-boost|p2a: Registeel|def|2\n|\n|upkeep\n|turn|18\n|\n|t:|1781426231\n|cant|p1a: Slaking|ability: Truant\n|move|p2a: Registeel|Rest|p2a: Registeel\n|-status|p2a: Registeel|slp|[from] move: Rest\n|-heal|p2a: Registeel|262/262 slp|[silent]\n|\n|upkeep\n|turn|19\n|\n|t:|1781426235\n|switch|p1a: Garganacl|Garganacl, L80, M|291/291\n|cant|p2a: Registeel|slp\n|\n|upkeep\n|turn|20\n|\n|t:|1781426247\n|cant|p2a: Registeel|slp\n|move|p1a: Garganacl|Salt Cure|p2a: Registeel\n|-resisted|p2a: Registeel\n|-crit|p2a: Registeel\n|-damage|p2a: Registeel|243/262 slp\n|-start|p2a: Registeel|Salt Cure\n|\n|-damage|p2a: Registeel|178/262 slp|[from] Salt Cure\n|upkeep\n|turn|21\n|\n|t:|1781426251\n|switch|p1a: Slaking|Slaking, L84, F, tera:Ghost|143/389\n|-curestatus|p2a: Registeel|slp|[msg]\n|move|p2a: Registeel|Iron Head|p1a: Slaking\n|-damage|p1a: Slaking|79/389\n|\n|-damage|p2a: Registeel|113/262|[from] Salt Cure\n|upkeep\n|turn|22\n|\n|t:|1781426258\n|move|p1a: Slaking|Earthquake|p2a: Registeel\n|-supereffective|p2a: Registeel\n|-damage|p2a: Registeel|41/262\n|move|p2a: Registeel|Iron Head|p1a: Slaking\n|-damage|p1a: Slaking|18/389\n|\n|-damage|p2a: Registeel|0 fnt|[from] Salt Cure\n|faint|p2a: Registeel\n|upkeep\n|\n|t:|1781426268\n|switch|p2a: Furret|Furret, L94, F|312/312\n|-item|p1a: Slaking|Choice Band|[from] ability: Frisk|[of] p2a: Furret\n|turn|23\n|\n|t:|1781426273\n|move|p2a: Furret|Tidy Up|p2a: Furret\n|-boost|p2a: Furret|atk|1\n|-boost|p2a: Furret|spe|1\n|cant|p1a: Slaking|ability: Truant\n|\n|upkeep\n|turn|24\n|\n|t:|1781426277\n|move|p2a: Furret|Knock Off|p1a: Slaking\n|-supereffective|p1a: Slaking\n|-damage|p1a: Slaking|0 fnt\n|-enditem|p1a: Slaking|Choice Band|[from] move: Knock Off|[of] p2a: Furret\n|faint|p1a: Slaking\n|-damage|p2a: Furret|281/312|[from] item: Life Orb\n|\n|upkeep\n|\n|t:|1781426279\n|switch|p1a: Garganacl|Garganacl, L80, M|291/291\n|turn|25\n|\n|t:|1781426286\n|move|p2a: Furret|Knock Off|p1a: Garganacl\n|-damage|p1a: Garganacl|183/291\n|-enditem|p1a: Garganacl|Leftovers|[from] move: Knock Off|[of] p2a: Furret\n|-damage|p2a: Furret|250/312|[from] item: Life Orb\n|move|p1a: Garganacl|Iron Defense|p1a: Garganacl\n|-boost|p1a: Garganacl|def|2\n|\n|upkeep\n|turn|26\n|\n|t:|1781426295\n|switch|p2a: Muk|Muk, L86, M|321/321\n|move|p1a: Garganacl|Recover|p1a: Garganacl\n|-heal|p1a: Garganacl|291/291\n|\n|upkeep\n|turn|27\n|\n|t:|1781426299\n|move|p2a: Muk|Haze|p2a: Muk\n|-clearallboost\n|move|p1a: Garganacl|Iron Defense|p1a: Garganacl\n|-boost|p1a: Garganacl|def|2\n|\n|upkeep\n|turn|28\n|\n|t:|1781426303\n|move|p2a: Muk|Haze|p2a: Muk\n|-clearallboost\n|move|p1a: Garganacl|Salt Cure|p2a: Muk\n|-damage|p2a: Muk|276/321\n|-start|p2a: Muk|Salt Cure\n|\n|-heal|p2a: Muk|296/321|[from] item: Leftovers\n|-damage|p2a: Muk|256/321|[from] Salt Cure\n|upkeep\n|turn|29\n|inactive|1v1saregood has 120 seconds left.\n|\n|t:|1781426343\n|switch|p2a: Furret|Furret, L94, F|250/312\n|move|p1a: Garganacl|Iron Defense|p1a: Garganacl\n|-boost|p1a: Garganacl|def|2\n|\n|upkeep\n|turn|30\n|inactive|1v1saregood has 120 seconds left.\n|\n|t:|1781426351\n|switch|p2a: Muk|Muk, L86, M|256/321\n|move|p1a: Garganacl|Body Press|p2a: Muk\n|-resisted|p2a: Muk\n|-damage|p2a: Muk|180/321\n|\n|-heal|p2a: Muk|200/321|[from] item: Leftovers\n|upkeep\n|turn|31\n|\n|t:|1781426355\n|move|p2a: Muk|Haze|p2a: Muk\n|-clearallboost\n|move|p1a: Garganacl|Salt Cure|p2a: Muk\n|-damage|p2a: Muk|151/321\n|-start|p2a: Muk|Salt Cure\n|\n|-heal|p2a: Muk|171/321|[from] item: Leftovers\n|-damage|p2a: Muk|131/321|[from] Salt Cure\n|upkeep\n|turn|32\n|\n|t:|1781426363\n|move|p2a: Muk|Poison Jab|p1a: Garganacl\n|-resisted|p1a: Garganacl\n|-damage|p1a: Garganacl|257/291\n|move|p1a: Garganacl|Iron Defense|p1a: Garganacl\n|-boost|p1a: Garganacl|def|2\n|\n|-heal|p2a: Muk|151/321|[from] item: Leftovers\n|-damage|p2a: Muk|111/321|[from] Salt Cure\n|upkeep\n|turn|33\n|\n|t:|1781426371\n|move|p2a: Muk|Poison Jab|p1a: Garganacl\n|-resisted|p1a: Garganacl\n|-damage|p1a: Garganacl|237/291\n|move|p1a: Garganacl|Iron Defense|p1a: Garganacl\n|-boost|p1a: Garganacl|def|2\n|\n|-heal|p2a: Muk|131/321|[from] item: Leftovers\n|-damage|p2a: Muk|91/321|[from] Salt Cure\n|upkeep\n|turn|34\n|\n|t:|1781426375\n|move|p2a: Muk|Haze|p2a: Muk\n|-clearallboost\n|move|p1a: Garganacl|Recover|p1a: Garganacl\n|-heal|p1a: Garganacl|291/291\n|\n|-heal|p2a: Muk|111/321|[from] item: Leftovers\n|-damage|p2a: Muk|71/321|[from] Salt Cure\n|upkeep\n|turn|35\n|\n|t:|1781426380\n|move|p2a: Muk|Poison Jab|p1a: Garganacl\n|-resisted|p1a: Garganacl\n|-damage|p1a: Garganacl|254/291\n|move|p1a: Garganacl|Iron Defense|p1a: Garganacl\n|-boost|p1a: Garganacl|def|2\n|\n|-heal|p2a: Muk|91/321|[from] item: Leftovers\n|-damage|p2a: Muk|51/321|[from] Salt Cure\n|upkeep\n|turn|36\n|\n|t:|1781426383\n|move|p2a: Muk|Haze|p2a: Muk\n|-clearallboost\n|move|p1a: Garganacl|Iron Defense|p1a: Garganacl\n|-boost|p1a: Garganacl|def|2\n|\n|-heal|p2a: Muk|71/321|[from] item: Leftovers\n|-damage|p2a: Muk|31/321|[from] Salt Cure\n|upkeep\n|turn|37\n|\n|t:|1781426385\n|move|p2a: Muk|Haze|p2a: Muk\n|-clearallboost\n|move|p1a: Garganacl|Iron Defense|p1a: Garganacl\n|-boost|p1a: Garganacl|def|2\n|\n|-heal|p2a: Muk|51/321|[from] item: Leftovers\n|-damage|p2a: Muk|11/321|[from] Salt Cure\n|upkeep\n|turn|38\n|\n|t:|1781426387\n|move|p2a: Muk|Haze|p2a: Muk\n|-clearallboost\n|move|p1a: Garganacl|Iron Defense|p1a: Garganacl\n|-boost|p1a: Garganacl|def|2\n|\n|-heal|p2a: Muk|31/321|[from] item: Leftovers\n|-damage|p2a: Muk|0 fnt|[from] Salt Cure\n|faint|p2a: Muk\n|upkeep\n|\n|t:|1781426389\n|switch|p2a: Furret|Furret, L94, F|250/312\n|turn|39\n|-message|1v1saregood forfeited.\n|\n|win|lemontheheavens\n", "inputlog": ">version a8376a258c1d4662feba110a92103f3664a72141\n>start {\"formatid\":\"gen9randombattle\",\"seed\":\"sodium,b9fcfc1a079364507007a4dfb16a4c4d\",\"rated\":\"Rated battle\"}\n>player p1 {\"name\":\"lemontheheavens\",\"avatar\":\"1\",\"rating\":2017,\"seed\":\"sodium,2d714818245734e8e7faa9eaeaa75584\"}\n>player p2 {\"name\":\"1v1saregood\",\"avatar\":\"preschooler\",\"rating\":1972,\"seed\":\"sodium,c7222bd9cff9200c21b133725f21b523\"}\n>p1 move knockoff\n>p2 move toxic\n>p1 switch 3\n>p2 move protect\n>p1 move ivycudgel\n>p2 move toxic\n>p2 switch 6\n>p1 switch 5\n>p2 move quiverdance\n>p1 move accelerock\n>p2 move revelationdance terastallize\n>p1 switch 4\n>p1 move psychocut\n>p2 move hurricane\n>p1 switch 6\n>p1 move doubleedge terastallize\n>p2 move revelationdance\n>p2 switch 5\n>p1 switch 2\n>p2 move shellsmash\n>p1 move saltcure\n>p2 move shellsmash\n>p1 switch 3\n>p2 move earthquake\n>p1 move knockoff\n>p2 move acrobatics\n>p1 switch 3\n>p1 switch 2\n>p2 move earthquake\n>p2 switch 3\n>p1 switch 5\n>p2 move irondefense\n>p1 move swordsdance\n>p2 move bodypress\n>p1 move ivycudgel\n>p2 move bodypress\n>p1 switch 2\n>p1 switch 5\n>p2 move bodypress\n>p1 move knockoff\n>p2 move irondefense\n>p1 move knockoff\n>p2 move rest\n>p1 switch 5\n>p2 move ironhead\n>p1 move saltcure\n>p2 move bodypress\n>p1 switch 5\n>p2 move ironhead\n>p1 move earthquake\n>p2 move ironhead\n>p2 switch 2\n>p1 move earthquake\n>p2 move tidyup\n>p1 move earthquake\n>p2 move knockoff\n>p1 switch 5\n>p1 move irondefense\n>p2 move knockoff\n>p1 move recover\n>p2 switch 4\n>p1 move irondefense\n>p2 move haze\n>p1 move saltcure\n>p2 move haze\n>p1 move irondefense\n>p2 switch 4\n>p1 move bodypress\n>p2 switch 4\n>p1 move saltcure\n>p2 move haze\n>p1 move irondefense\n>p2 move poisonjab\n>p1 move irondefense\n>p2 move poisonjab\n>p1 move recover\n>p2 move haze\n>p1 move irondefense\n>p2 move poisonjab\n>p1 move irondefense\n>p2 move haze\n>p1 move irondefense\n>p2 move haze\n>p1 move irondefense\n>p2 move haze\n>p2 switch 4\n>forcelose p2", "uploadtime": 1781426026, "views": 9, "formatid": "gen9randombattle", "rating": null, "private": 0, "password": null}