{"id": "gen9randombattle-2631811341", "format": "[Gen 9] Random Battle", "players": ["Starfacto", "Schibi"], "log": "|j|\u2606Starfacto\n|j|\u2606Schibi\n|t:|1781443107\n|gametype|singles\n|player|p1|Starfacto|boarder|2030\n|player|p2|Schibi|265|1971\n|gen|9\n|tier|[Gen 9] Random Battle\n|rated|\n|rule|Species Clause: Limit one of each Pok\u00e9mon\n|rule|HP Percentage Mod: HP is shown in percentages\n|rule|Sleep Clause Mod: Limit one foe put to sleep\n|rule|Illusion Level Mod: Illusion disguises the Pok\u00e9mon's true level\n|\n|t:|1781443107\n|teamsize|p1|6\n|teamsize|p2|6\n|start\n|switch|p1a: Luvdisc|Luvdisc, M|247/247\n|switch|p2a: Slowking|Slowking-Galar, L85, F|300/300\n|turn|1\n|inactive|Battle timer is ON: inactive players will automatically lose when time's up. (requested by Schibi)\n|\n|t:|1781443137\n|switch|p1a: Dudunsparce|Dudunsparce, L83, F|343/343\n|switch|p2a: Glalie|Glalie, L96, F|309/309\n|\n|upkeep\n|turn|2\n|\n|t:|1781443141\n|move|p2a: Glalie|Taunt|p1a: Dudunsparce\n|-start|p1a: Dudunsparce|move: Taunt\n|cant|p1a: Dudunsparce|move: Taunt|Glare\n|\n|upkeep\n|turn|3\n|\n|t:|1781443149\n|switch|p1a: Lilligant|Lilligant-Hisui, L79, F|240/240\n|move|p2a: Glalie|Spikes|p1a: Lilligant\n|-sidestart|p1: Starfacto|Spikes\n|\n|upkeep\n|turn|4\n|\n|t:|1781443152\n|move|p1a: Lilligant|Close Combat|p2a: Glalie\n|-supereffective|p2a: Glalie\n|-damage|p2a: Glalie|0 fnt\n|-unboost|p1a: Lilligant|def|1\n|-unboost|p1a: Lilligant|spd|1\n|faint|p2a: Glalie\n|-damage|p1a: Lilligant|216/240|[from] item: Life Orb\n|\n|upkeep\n|\n|t:|1781443162\n|switch|p2a: Torkoal|Torkoal, L88, F|266/266\n|-weather|SunnyDay|[from] ability: Drought|[of] p2a: Torkoal\n|turn|5\n|\n|t:|1781443171\n|switch|p1a: Lumineon|Lumineon, L93, M|279/279\n|-damage|p1a: Lumineon|245/279|[from] Spikes\n|move|p2a: Torkoal|Fire Blast|p1a: Lumineon\n|-resisted|p1a: Lumineon\n|-damage|p1a: Lumineon|161/279\n|\n|-weather|SunnyDay|[upkeep]\n|upkeep\n|turn|6\n|\n|t:|1781443178\n|switch|p2a: Slowking|Slowking-Galar, L85, F|300/300\n|move|p1a: Lumineon|Hydro Pump|p2a: Slowking\n|-damage|p2a: Slowking|242/300\n|-damage|p1a: Lumineon|134/279|[from] item: Life Orb\n|\n|-weather|SunnyDay|[upkeep]\n|-heal|p2a: Slowking|260/300|[from] item: Leftovers\n|upkeep\n|turn|7\n|\n|t:|1781443188\n|switch|p1a: Dudunsparce|Dudunsparce, L83, F|343/343\n|-damage|p1a: Dudunsparce|301/343|[from] Spikes\n|move|p2a: Slowking|Toxic Spikes|p1a: Dudunsparce\n|-sidestart|p1: Starfacto|move: Toxic Spikes\n|\n|-weather|SunnyDay|[upkeep]\n|-heal|p1a: Dudunsparce|322/343|[from] item: Leftovers\n|-heal|p2a: Slowking|278/300|[from] item: Leftovers\n|upkeep\n|turn|8\n|\n|t:|1781443194\n|move|p1a: Dudunsparce|Glare|p2a: Slowking\n|-status|p2a: Slowking|par\n|move|p2a: Slowking|Sludge Bomb|p1a: Dudunsparce\n|-damage|p1a: Dudunsparce|199/343\n|\n|-weather|SunnyDay|[upkeep]\n|-heal|p1a: Dudunsparce|220/343|[from] item: Leftovers\n|-heal|p2a: Slowking|296/300 par|[from] item: Leftovers\n|upkeep\n|turn|9\n|\n|t:|1781443203\n|switch|p2a: Misdreavus|Misdreavus, L90, M|254/254\n|move|p1a: Dudunsparce|Headbutt|p2a: Misdreavus\n|-immune|p2a: Misdreavus\n|\n|-weather|none\n|-heal|p1a: Dudunsparce|241/343|[from] item: Leftovers\n|upkeep\n|turn|10\n|\n|t:|1781443209\n|move|p2a: Misdreavus|Will-O-Wisp|p1a: Dudunsparce\n|-status|p1a: Dudunsparce|brn\n|move|p1a: Dudunsparce|Glare|p2a: Misdreavus\n|-status|p2a: Misdreavus|par\n|\n|-heal|p1a: Dudunsparce|262/343 brn|[from] item: Leftovers\n|-damage|p1a: Dudunsparce|241/343 brn|[from] brn\n|upkeep\n|turn|11\n|\n|t:|1781443219\n|switch|p1a: Lumineon|Lumineon, L93, M|134/279\n|-damage|p1a: Lumineon|100/279|[from] Spikes\n|-status|p1a: Lumineon|psn\n|switch|p2a: Mienshao|Mienshao, L83, F|244/244\n|\n|-damage|p1a: Lumineon|66/279 psn|[from] psn\n|upkeep\n|turn|12\n|\n|t:|1781443223\n|move|p1a: Lumineon|Alluring Voice|p2a: Mienshao\n|-supereffective|p2a: Mienshao\n|-damage|p2a: Mienshao|72/244\n|-damage|p1a: Lumineon|39/279 psn|[from] item: Life Orb\n|move|p2a: Mienshao|Knock Off|p1a: Lumineon\n|-damage|p1a: Lumineon|0 fnt\n|-enditem|p1a: Lumineon|Life Orb|[from] move: Knock Off|[of] p2a: Mienshao\n|faint|p1a: Lumineon\n|-damage|p2a: Mienshao|48/244|[from] item: Life Orb\n|\n|upkeep\n|\n|t:|1781443231\n|switch|p1a: Luvdisc|Luvdisc, M|247/247\n|turn|13\n|\n|t:|1781443236\n|switch|p2a: Misdreavus|Misdreavus, L90, M|254/254 par\n|move|p1a: Luvdisc|Substitute|p1a: Luvdisc\n|-start|p1a: Luvdisc|Substitute\n|-damage|p1a: Luvdisc|186/247\n|\n|upkeep\n|turn|14\n|\n|t:|1781443238\n|move|p1a: Luvdisc|Whirlpool|p2a: Misdreavus\n|-damage|p2a: Misdreavus|233/254 par\n|-activate|p2a: Misdreavus|move: Whirlpool|[of] p1a: Luvdisc\n|move|p2a: Misdreavus|Shadow Ball|p1a: Luvdisc\n|-end|p1a: Luvdisc|Substitute\n|\n|-damage|p2a: Misdreavus|202/254 par|[from] move: Whirlpool|[partiallytrapped]\n|upkeep\n|turn|15\n|\n|t:|1781443245\n|move|p1a: Luvdisc|Substitute|p1a: Luvdisc\n|-start|p1a: Luvdisc|Substitute\n|-damage|p1a: Luvdisc|125/247\n|move|p2a: Misdreavus|Shadow Ball|p1a: Luvdisc\n|-end|p1a: Luvdisc|Substitute\n|\n|-damage|p2a: Misdreavus|171/254 par|[from] move: Whirlpool|[partiallytrapped]\n|upkeep\n|turn|16\n|\n|t:|1781443252\n|move|p1a: Luvdisc|Surf|p2a: Misdreavus\n|-crit|p2a: Misdreavus\n|-damage|p2a: Misdreavus|101/254 par\n|move|p2a: Misdreavus|Shadow Ball|p1a: Luvdisc\n|-damage|p1a: Luvdisc|35/247\n|\n|-damage|p2a: Misdreavus|70/254 par|[from] move: Whirlpool|[partiallytrapped]\n|upkeep\n|turn|17\n|\n|t:|1781443258\n|move|p1a: Luvdisc|Surf|p2a: Misdreavus\n|-damage|p2a: Misdreavus|25/254 par\n|move|p2a: Misdreavus|Shadow Ball|p1a: Luvdisc\n|-damage|p1a: Luvdisc|0 fnt\n|faint|p1a: Luvdisc\n|\n|-end|p2a: Misdreavus|Whirlpool|[partiallytrapped]|[silent]\n|upkeep\n|\n|t:|1781443270\n|switch|p1a: Glalie|Glalie, L96, F|309/309\n|turn|18\n|\n|t:|1781443273\n|move|p1a: Glalie|Freeze-Dry|p2a: Misdreavus\n|-damage|p2a: Misdreavus|0 fnt\n|faint|p2a: Misdreavus\n|\n|upkeep\n|\n|t:|1781443276\n|switch|p2a: Torkoal|Torkoal, L88, F|266/266\n|-weather|SunnyDay|[from] ability: Drought|[of] p2a: Torkoal\n|turn|19\n|\n|t:|1781443281\n|move|p1a: Glalie|Earthquake|p2a: Torkoal\n|-supereffective|p2a: Torkoal\n|-damage|p2a: Torkoal|156/266\n|move|p2a: Torkoal|Fire Blast|p1a: Glalie\n|-supereffective|p1a: Glalie\n|-damage|p1a: Glalie|0 fnt\n|faint|p1a: Glalie\n|\n|-weather|SunnyDay|[upkeep]\n|upkeep\n|\n|t:|1781443293\n|switch|p1a: Lilligant|Lilligant-Hisui, L79, F|216/240\n|-damage|p1a: Lilligant|186/240|[from] Spikes\n|-status|p1a: Lilligant|psn\n|turn|20\n|\n|t:|1781443295\n|move|p1a: Lilligant|Close Combat|p2a: Torkoal\n|-damage|p2a: Torkoal|14/266\n|-unboost|p1a: Lilligant|def|1\n|-unboost|p1a: Lilligant|spd|1\n|-damage|p1a: Lilligant|162/240 psn|[from] item: Life Orb\n|move|p2a: Torkoal|Fire Blast|p1a: Lilligant\n|-supereffective|p1a: Lilligant\n|-damage|p1a: Lilligant|0 fnt\n|faint|p1a: Lilligant\n|\n|-weather|SunnyDay|[upkeep]\n|upkeep\n|\n|t:|1781443300\n|switch|p1a: Dudunsparce|Dudunsparce, L83, F|241/343 brn\n|-damage|p1a: Dudunsparce|199/343 brn|[from] Spikes\n|turn|21\n|\n|t:|1781443308\n|move|p1a: Dudunsparce|Headbutt|p2a: Torkoal\n|-damage|p2a: Torkoal|0 fnt\n|faint|p2a: Torkoal\n|\n|-weather|SunnyDay|[upkeep]\n|-heal|p1a: Dudunsparce|220/343 brn|[from] item: Leftovers\n|-damage|p1a: Dudunsparce|199/343 brn|[from] brn\n|upkeep\n|\n|t:|1781443311\n|switch|p2a: Mienshao|Mienshao, L83, F|129/244\n|turn|22\n|\n|t:|1781443317\n|switch|p2a: Grafaiai|Grafaiai, L86, M|249/249\n|-terastallize|p1a: Dudunsparce|Ghost\n|move|p1a: Dudunsparce|Glare|p2a: Grafaiai\n|-status|p2a: Grafaiai|par\n|\n|-weather|SunnyDay|[upkeep]\n|-heal|p1a: Dudunsparce|220/343 brn|[from] item: Leftovers\n|-damage|p1a: Dudunsparce|199/343 brn|[from] brn\n|upkeep\n|turn|23\n|\n|t:|1781443320\n|move|p1a: Dudunsparce|Headbutt|p2a: Grafaiai\n|-damage|p2a: Grafaiai|201/249 par\n|cant|p2a: Grafaiai|flinch\n|\n|-weather|none\n|-heal|p1a: Dudunsparce|220/343 brn|[from] item: Leftovers\n|-damage|p1a: Dudunsparce|199/343 brn|[from] brn\n|upkeep\n|turn|24\n|\n|t:|1781443325\n|move|p1a: Dudunsparce|Headbutt|p2a: Grafaiai\n|-damage|p2a: Grafaiai|151/249 par\n|cant|p2a: Grafaiai|par\n|\n|-heal|p1a: Dudunsparce|220/343 brn|[from] item: Leftovers\n|-damage|p1a: Dudunsparce|199/343 brn|[from] brn\n|upkeep\n|turn|25\n|\n|t:|1781443328\n|move|p1a: Dudunsparce|Headbutt|p2a: Grafaiai\n|-damage|p2a: Grafaiai|108/249 par\n|move|p2a: Grafaiai|Knock Off|p1a: Dudunsparce\n|-supereffective|p1a: Dudunsparce\n|-damage|p1a: Dudunsparce|35/343 brn\n|-enditem|p1a: Dudunsparce|Leftovers|[from] move: Knock Off|[of] p2a: Grafaiai\n|\n|-damage|p1a: Dudunsparce|14/343 brn|[from] brn\n|upkeep\n|turn|26\n|\n|t:|1781443332\n|move|p1a: Dudunsparce|Roost|p1a: Dudunsparce\n|-heal|p1a: Dudunsparce|186/343 brn\n|move|p2a: Grafaiai|Knock Off|p1a: Dudunsparce\n|-supereffective|p1a: Dudunsparce\n|-damage|p1a: Dudunsparce|74/343 brn\n|\n|-damage|p1a: Dudunsparce|53/343 brn|[from] brn\n|upkeep\n|turn|27\n|\n|t:|1781443339\n|move|p1a: Dudunsparce|Roost|p1a: Dudunsparce\n|-heal|p1a: Dudunsparce|225/343 brn\n|move|p2a: Grafaiai|Knock Off|p1a: Dudunsparce\n|-supereffective|p1a: Dudunsparce\n|-damage|p1a: Dudunsparce|129/343 brn\n|\n|-damage|p1a: Dudunsparce|108/343 brn|[from] brn\n|upkeep\n|turn|28\n|\n|t:|1781443343\n|move|p1a: Dudunsparce|Roost|p1a: Dudunsparce\n|-heal|p1a: Dudunsparce|280/343 brn\n|move|p2a: Grafaiai|U-turn|p1a: Dudunsparce\n|-resisted|p1a: Dudunsparce\n|-damage|p1a: Dudunsparce|251/343 brn\n|\n|t:|1781443345\n|switch|p2a: Mienshao|Mienshao, L83, F|210/244|[from] U-turn\n|\n|-damage|p1a: Dudunsparce|230/343 brn|[from] brn\n|upkeep\n|turn|29\n|\n|t:|1781443349\n|move|p2a: Mienshao|Knock Off|p1a: Dudunsparce\n|-supereffective|p1a: Dudunsparce\n|-damage|p1a: Dudunsparce|74/343 brn\n|-damage|p2a: Mienshao|186/244|[from] item: Life Orb\n|move|p1a: Dudunsparce|Glare|p2a: Mienshao\n|-status|p2a: Mienshao|par\n|\n|-damage|p1a: Dudunsparce|53/343 brn|[from] brn\n|upkeep\n|turn|30\n|\n|t:|1781443355\n|move|p1a: Dudunsparce|Roost|p1a: Dudunsparce\n|-heal|p1a: Dudunsparce|225/343 brn\n|move|p2a: Mienshao|Swords Dance|p2a: Mienshao\n|-boost|p2a: Mienshao|atk|2\n|\n|-damage|p1a: Dudunsparce|204/343 brn|[from] brn\n|upkeep\n|turn|31\n|\n|t:|1781443359\n|move|p1a: Dudunsparce|Headbutt|p2a: Mienshao\n|-damage|p2a: Mienshao|136/244 par\n|cant|p2a: Mienshao|flinch\n|\n|-damage|p1a: Dudunsparce|183/343 brn|[from] brn\n|upkeep\n|turn|32\n|\n|t:|1781443362\n|move|p1a: Dudunsparce|Headbutt|p2a: Mienshao\n|-damage|p2a: Mienshao|90/244 par\n|cant|p2a: Mienshao|flinch\n|\n|-damage|p1a: Dudunsparce|162/343 brn|[from] brn\n|upkeep\n|turn|33\n|\n|t:|1781443365\n|move|p1a: Dudunsparce|Headbutt|p2a: Mienshao\n|-damage|p2a: Mienshao|42/244 par\n|cant|p2a: Mienshao|flinch\n|\n|-damage|p1a: Dudunsparce|141/343 brn|[from] brn\n|upkeep\n|turn|34\n|\n|t:|1781443369\n|switch|p2a: Grafaiai|Grafaiai, L86, M|108/249 par\n|move|p1a: Dudunsparce|Headbutt|p2a: Grafaiai\n|-damage|p2a: Grafaiai|66/249 par\n|\n|-damage|p1a: Dudunsparce|120/343 brn|[from] brn\n|upkeep\n|turn|35\n|\n|t:|1781443372\n|move|p1a: Dudunsparce|Earthquake|p2a: Grafaiai\n|-supereffective|p2a: Grafaiai\n|-damage|p2a: Grafaiai|0 fnt\n|faint|p2a: Grafaiai\n|\n|-damage|p1a: Dudunsparce|99/343 brn|[from] brn\n|upkeep\n|\n|t:|1781443374\n|switch|p2a: Mienshao|Mienshao, L83, F|123/244 par\n|turn|36\n|\n|t:|1781443381\n|move|p1a: Dudunsparce|Headbutt|p2a: Mienshao\n|-damage|p2a: Mienshao|75/244 par\n|move|p2a: Mienshao|Knock Off|p1a: Dudunsparce\n|-supereffective|p1a: Dudunsparce\n|-damage|p1a: Dudunsparce|0 fnt\n|faint|p1a: Dudunsparce\n|-damage|p2a: Mienshao|51/244 par|[from] item: Life Orb\n|\n|upkeep\n|\n|t:|1781443385\n|switch|p1a: Rampardos|Rampardos, L90, F|321/321\n|-damage|p1a: Rampardos|281/321|[from] Spikes\n|-status|p1a: Rampardos|psn\n|turn|37\n|\n|t:|1781443397\n|move|p1a: Rampardos|Earthquake|p2a: Mienshao\n|-damage|p2a: Mienshao|0 fnt\n|faint|p2a: Mienshao\n|\n|-damage|p1a: Rampardos|241/321 psn|[from] psn\n|upkeep\n|\n|t:|1781443398\n|switch|p2a: Slowking|Slowking-Galar, L85, F|300/300 par\n|turn|38\n|\n|t:|1781443403\n|-terastallize|p2a: Slowking|Dark\n|move|p1a: Rampardos|Earthquake|p2a: Slowking\n|-damage|p2a: Slowking|175/300 par\n|move|p2a: Slowking|Psyshock|p1a: Rampardos\n|-damage|p1a: Rampardos|121/321 psn\n|\n|-heal|p2a: Slowking|193/300 par|[from] item: Leftovers\n|-damage|p1a: Rampardos|81/321 psn|[from] psn\n|upkeep\n|turn|39\n|\n|t:|1781443409\n|move|p1a: Rampardos|Earthquake|p2a: Slowking\n|-damage|p2a: Slowking|58/300 par\n|move|p2a: Slowking|Slack Off|p2a: Slowking\n|-heal|p2a: Slowking|208/300 par\n|\n|-heal|p2a: Slowking|226/300 par|[from] item: Leftovers\n|-damage|p1a: Rampardos|41/321 psn|[from] psn\n|upkeep\n|turn|40\n|\n|t:|1781443411\n|move|p1a: Rampardos|Earthquake|p2a: Slowking\n|-damage|p2a: Slowking|93/300 par\n|move|p2a: Slowking|Slack Off|p2a: Slowking\n|-heal|p2a: Slowking|243/300 par\n|\n|-heal|p2a: Slowking|261/300 par|[from] item: Leftovers\n|-damage|p1a: Rampardos|1/321 psn|[from] psn\n|upkeep\n|turn|41\n|\n|t:|1781443414\n|move|p1a: Rampardos|Earthquake|p2a: Slowking\n|-damage|p2a: Slowking|125/300 par\n|move|p2a: Slowking|Slack Off|p2a: Slowking\n|-heal|p2a: Slowking|275/300 par\n|\n|-heal|p2a: Slowking|293/300 par|[from] item: Leftovers\n|-damage|p1a: Rampardos|0 fnt|[from] psn\n|faint|p1a: Rampardos\n|\n|win|Schibi\n", "inputlog": ">version a8376a258c1d4662feba110a92103f3664a72141\n>start {\"formatid\":\"gen9randombattle\",\"seed\":\"sodium,40e63cb86840ca718d2cc6ddfba3605b\",\"rated\":\"Rated battle\"}\n>player p1 {\"name\":\"Starfacto\",\"avatar\":\"boarder\",\"rating\":2030,\"seed\":\"sodium,4a968a8dd64a85f1e6d8b3379b6438ad\"}\n>player p2 {\"name\":\"Schibi\",\"avatar\":\"265\",\"rating\":1971,\"seed\":\"sodium,bbe6f8362f8c00ddd3a0d76ed32a8160\"}\n>p1 switch 6\n>p2 switch 6\n>p1 move glare\n>p2 move taunt\n>p1 switch 3\n>p2 move spikes\n>p1 move closecombat\n>p2 move freezedry\n>p2 switch 5\n>p1 switch 2\n>p2 move fireblast\n>p1 move hydropump\n>p2 switch 6\n>p1 switch 3\n>p2 move toxicspikes\n>p1 move glare\n>p2 move sludgebomb\n>p1 move headbutt\n>p2 switch 4\n>p1 move glare\n>p2 move willowisp\n>p1 switch 3\n>p2 switch 2\n>p1 move alluringvoice\n>p2 move knockoff\n>p1 switch 6\n>p1 move substitute\n>p2 switch 2\n>p1 move whirlpool\n>p2 move shadowball\n>p1 move substitute\n>p2 move shadowball\n>p1 move surf\n>p2 move shadowball\n>p1 move surf\n>p2 move shadowball\n>p1 switch 5\n>p1 move freezedry\n>p2 move willowisp\n>p2 switch 6\n>p1 move earthquake\n>p2 move fireblast\n>p1 switch 2\n>p1 move closecombat\n>p2 move fireblast\n>p1 switch 3\n>p1 move headbutt\n>p2 move fireblast\n>p2 switch 2\n>p1 move glare terastallize\n>p2 switch 3\n>p1 move headbutt\n>p2 move knockoff\n>p1 move headbutt\n>p2 move knockoff\n>p1 move headbutt\n>p2 move knockoff\n>p1 move roost\n>p2 move knockoff\n>p1 move roost\n>p2 move knockoff\n>p1 move roost\n>p2 move uturn\n>p2 switch 3\n>p1 move glare\n>p2 move knockoff\n>p1 move roost\n>p2 move swordsdance\n>p1 move headbutt\n>p2 move knockoff\n>p1 move headbutt\n>p2 move knockoff\n>p1 move headbutt\n>p2 move knockoff\n>p1 move headbutt\n>p2 switch 3\n>p1 move earthquake\n>p2 move knockoff\n>p2 switch 3\n>p1 move headbutt\n>p2 move knockoff\n>p1 switch 4\n>p1 move earthquake\n>p2 move closecombat\n>p2 switch 4\n>p1 move earthquake\n>p2 move psyshock terastallize\n>p1 move earthquake\n>p2 move slackoff\n>p1 move earthquake\n>p2 move slackoff\n>p1 move earthquake\n>p2 move slackoff", "uploadtime": 1781443109, "views": 6, "formatid": "gen9randombattle", "rating": null, "private": 0, "password": null, "player_dets": [{"name": "Starfacto", "avatar": "boarder", "rating": 2030, "seed": "sodium,4a968a8dd64a85f1e6d8b3379b6438ad"}, {"name": "Schibi", "avatar": "265", "rating": 1971, "seed": "sodium,bbe6f8362f8c00ddd3a0d76ed32a8160"}], "teams_full": [{"Luvdisc": {"name": "Luvdisc", "species": "Luvdisc", "speciesId": "luvdisc", "gender": "M", "shiny": false, "level": 100, "moves": ["substitute", "surf", "whirlpool", "endeavor"], "ability": "Swift Swim", "evs": {"hp": 81, "atk": 0, "def": 85, "spa": 85, "spd": 85, "spe": 85}, "ivs": {"hp": 31, "atk": 0, "def": 31, "spa": 31, "spd": 31, "spe": 31}, "item": "Heavy-Duty Boots", "teraType": "Ground", "role": "Fast Support", "bvs": {"hp": 43, "atk": 30, "def": 55, "spa": 40, "spd": 65, "spe": 97}, "stats": {"hp": 247, "atk": 65, "def": 167, "spa": 137, "spd": 187, "spe": 251}}, "Lumineon": {"name": "Lumineon", "species": "Lumineon", "speciesId": "lumineon", "gender": "M", "shiny": false, "level": 93, "moves": ["hydropump", "icebeam", "alluringvoice", "encore"], "ability": "Storm Drain", "evs": {"hp": 85, "atk": 0, "def": 85, "spa": 85, "spd": 85, "spe": 85}, "ivs": {"hp": 31, "atk": 0, "def": 31, "spa": 31, "spd": 31, "spe": 31}, "item": "Life Orb", "teraType": "Fairy", "role": "Fast Attacker", "bvs": {"hp": 69, "atk": 69, "def": 76, "spa": 69, "spd": 86, "spe": 91}, "stats": {"hp": 279, "atk": 133, "def": 194, "spa": 181, "spd": 213, "spe": 222}}, "Lilligant": {"name": "Lilligant", "species": "Lilligant-Hisui", "speciesId": "lilliganthisui", "gender": "F", "shiny": false, "level": 79, "moves": ["icespinner", "leafblade", "victorydance", "closecombat"], "ability": "Hustle", "evs": {"hp": 85, "atk": 85, "def": 85, "spa": 85, "spd": 85, "spe": 85}, "ivs": {"hp": 31, "atk": 31, "def": 31, "spa": 31, "spd": 31, "spe": 31}, "item": "Life Orb", "teraType": "Steel", "role": "Setup Sweeper", "bvs": {"hp": 70, "atk": 105, "def": 75, "spa": 50, "spd": 75, "spe": 105}, "stats": {"hp": 240, "atk": 211, "def": 164, "spa": 125, "spd": 164, "spe": 211}}, "Rampardos": {"name": "Rampardos", "species": "Rampardos", "speciesId": "rampardos", "gender": "F", "shiny": false, "level": 90, "moves": ["firepunch", "rockslide", "headsmash", "earthquake"], "ability": "Sheer Force", "evs": {"hp": 85, "atk": 85, "def": 85, "spa": 85, "spd": 85, "spe": 85}, "ivs": {"hp": 31, "atk": 31, "def": 31, "spa": 31, "spd": 31, "spe": 31}, "item": "Choice Scarf", "teraType": "Rock", "role": "Fast Attacker", "bvs": {"hp": 97, "atk": 165, "def": 60, "spa": 65, "spd": 50, "spe": 58}, "stats": {"hp": 321, "atk": 348, "def": 159, "spa": 168, "spd": 141, "spe": 156}}, "Glalie": {"name": "Glalie", "species": "Glalie", "speciesId": "glalie", "gender": "F", "shiny": false, "level": 96, "moves": ["taunt", "earthquake", "spikes", "freezedry"], "ability": "Inner Focus", "evs": {"hp": 85, "atk": 85, "def": 85, "spa": 85, "spd": 85, "spe": 85}, "ivs": {"hp": 31, "atk": 31, "def": 31, "spa": 31, "spd": 31, "spe": 31}, "item": "Heavy-Duty Boots", "teraType": "Water", "role": "Fast Support", "bvs": {"hp": 80, "atk": 80, "def": 80, "spa": 80, "spd": 80, "spe": 80}, "stats": {"hp": 309, "atk": 208, "def": 208, "spa": 208, "spd": 208, "spe": 208}}, "Dudunsparce": {"name": "Dudunsparce", "species": "Dudunsparce", "speciesId": "dudunsparce", "gender": "F", "shiny": false, "level": 83, "moves": ["headbutt", "glare", "roost", "earthquake"], "ability": "Serene Grace", "evs": {"hp": 85, "atk": 85, "def": 85, "spa": 85, "spd": 85, "spe": 85}, "ivs": {"hp": 31, "atk": 31, "def": 31, "spa": 31, "spd": 31, "spe": 31}, "item": "Leftovers", "teraType": "Ghost", "role": "Bulky Support", "bvs": {"hp": 125, "atk": 100, "def": 80, "spa": 85, "spd": 75, "spe": 55}, "stats": {"hp": 343, "atk": 214, "def": 180, "spa": 189, "spd": 172, "spe": 139}}}, {"Slowking": {"name": "Slowking", "species": "Slowking-Galar", "speciesId": "slowkinggalar", "gender": "F", "shiny": false, "level": 85, "moves": ["slackoff", "toxicspikes", "sludgebomb", "psyshock"], "ability": "Regenerator", "evs": {"hp": 85, "atk": 0, "def": 85, "spa": 85, "spd": 85, "spe": 85}, "ivs": {"hp": 31, "atk": 0, "def": 31, "spa": 31, "spd": 31, "spe": 31}, "item": "Leftovers", "teraType": "Dark", "role": "Bulky Attacker", "bvs": {"hp": 95, "atk": 65, "def": 80, "spa": 110, "spd": 110, "spe": 30}, "stats": {"hp": 300, "atk": 115, "def": 185, "spa": 236, "spd": 236, "spe": 100}}, "Mienshao": {"name": "Mienshao", "species": "Mienshao", "speciesId": "mienshao", "gender": "F", "shiny": false, "level": 83, "moves": ["closecombat", "knockoff", "poisonjab", "swordsdance"], "ability": "Regenerator", "evs": {"hp": 85, "atk": 85, "def": 85, "spa": 85, "spd": 85, "spe": 85}, "ivs": {"hp": 31, "atk": 31, "def": 31, "spa": 31, "spd": 31, "spe": 31}, "item": "Life Orb", "teraType": "Fighting", "role": "Setup Sweeper", "bvs": {"hp": 65, "atk": 125, "def": 60, "spa": 95, "spd": 60, "spe": 105}, "stats": {"hp": 244, "atk": 255, "def": 147, "spa": 205, "spd": 147, "spe": 222}}, "Grafaiai": {"name": "Grafaiai", "species": "Grafaiai", "speciesId": "grafaiai", "gender": "M", "shiny": false, "level": 86, "moves": ["gunkshot", "uturn", "knockoff", "superfang"], "ability": "Poison Touch", "evs": {"hp": 85, "atk": 85, "def": 85, "spa": 85, "spd": 85, "spe": 85}, "ivs": {"hp": 31, "atk": 31, "def": 31, "spa": 31, "spd": 31, "spe": 31}, "item": "Assault Vest", "teraType": "Dark", "role": "AV Pivot", "bvs": {"hp": 63, "atk": 95, "def": 65, "spa": 80, "spd": 72, "spe": 110}, "stats": {"hp": 249, "atk": 213, "def": 161, "spa": 187, "spd": 173, "spe": 238}}, "Misdreavus": {"name": "Misdreavus", "species": "Misdreavus", "speciesId": "misdreavus", "gender": "M", "shiny": false, "level": 90, "moves": ["shadowball", "drainingkiss", "willowisp", "calmmind"], "ability": "Levitate", "evs": {"hp": 85, "atk": 0, "def": 85, "spa": 85, "spd": 85, "spe": 85}, "ivs": {"hp": 31, "atk": 0, "def": 31, "spa": 31, "spd": 31, "spe": 31}, "item": "Eviolite", "teraType": "Fairy", "role": "Bulky Setup", "bvs": {"hp": 60, "atk": 60, "def": 60, "spa": 85, "spd": 85, "spe": 85}, "stats": {"hp": 254, "atk": 113, "def": 159, "spa": 204, "spd": 204, "spe": 204}}, "Torkoal": {"name": "Torkoal", "species": "Torkoal", "speciesId": "torkoal", "gender": "F", "shiny": false, "level": 88, "moves": ["yawn", "stealthrock", "fireblast", "solarbeam"], "ability": "Drought", "evs": {"hp": 85, "atk": 0, "def": 85, "spa": 85, "spd": 85, "spe": 85}, "ivs": {"hp": 31, "atk": 0, "def": 31, "spa": 31, "spd": 31, "spe": 31}, "item": "Heavy-Duty Boots", "teraType": "Grass", "role": "Wallbreaker", "bvs": {"hp": 70, "atk": 85, "def": 140, "spa": 85, "spd": 70, "spe": 20}, "stats": {"hp": 266, "atk": 154, "def": 297, "spa": 200, "spd": 173, "spe": 85}}, "Glalie": {"name": "Glalie", "species": "Glalie", "speciesId": "glalie", "gender": "F", "shiny": false, "level": 96, "moves": ["earthquake", "spikes", "freezedry", "taunt"], "ability": "Inner Focus", "evs": {"hp": 85, "atk": 85, "def": 85, "spa": 85, "spd": 85, "spe": 85}, "ivs": {"hp": 31, "atk": 31, "def": 31, "spa": 31, "spd": 31, "spe": 31}, "item": "Heavy-Duty Boots", "teraType": "Water", "role": "Fast Support", "bvs": {"hp": 80, "atk": 80, "def": 80, "spa": 80, "spd": 80, "spe": 80}, "stats": {"hp": 309, "atk": 208, "def": 208, "spa": 208, "spd": 208, "spe": 208}}}]}