{"id": "gen9randombattle-2631395625", "format": "[Gen 9] Random Battle", "players": ["opik8", "SR-Cue"], "log": "|j|\u2606opik8\n|j|\u2606SR-Cue\n|t:|1781379587\n|gametype|singles\n|player|p1|opik8|colress|1973\n|player|p2|SR-Cue|266|1960\n|gen|9\n|tier|[Gen 9] Random Battle\n|rated|\n|rule|Species Clause: Limit one of each Pok\u00e9mon\n|rule|HP Percentage Mod: HP is shown in percentages\n|rule|Sleep Clause Mod: Limit one foe put to sleep\n|rule|Illusion Level Mod: Illusion disguises the Pok\u00e9mon's true level\n|\n|t:|1781379587\n|teamsize|p1|6\n|teamsize|p2|6\n|start\n|switch|p1a: Skuntank|Skuntank, L84, F|310/310\n|switch|p2a: Palossand|Palossand, L89, M|296/296\n|turn|1\n|inactive|Battle timer is ON: inactive players will automatically lose when time's up. (requested by opik8)\n|\n|t:|1781379598\n|move|p1a: Skuntank|Knock Off|p2a: Palossand\n|-supereffective|p2a: Palossand\n|-damage|p2a: Palossand|98/296\n|-enditem|p2a: Palossand|Leftovers|[from] move: Knock Off|[of] p1a: Skuntank\n|-damage|p1a: Skuntank|279/310|[from] item: Life Orb\n|move|p2a: Palossand|Earth Power|p1a: Skuntank\n|-supereffective|p1a: Skuntank\n|-damage|p1a: Skuntank|0 fnt\n|faint|p1a: Skuntank\n|\n|upkeep\n|\n|t:|1781379604\n|switch|p1a: Alomomola|Alomomola, L87, M|429/429\n|turn|2\n|\n|t:|1781379611\n|switch|p2a: Sceptile|Sceptile, L87, M|264/264\n|move|p1a: Alomomola|Scald|p2a: Sceptile\n|-resisted|p2a: Sceptile\n|-damage|p2a: Sceptile|241/264\n|\n|-heal|p2a: Sceptile|257/264|[from] item: Leftovers\n|upkeep\n|turn|3\n|\n|t:|1781379619\n|switch|p1a: Mandibuzz|Mandibuzz, L85, F|326/326\n|move|p2a: Sceptile|Substitute|p2a: Sceptile\n|-start|p2a: Sceptile|Substitute\n|-damage|p2a: Sceptile|191/264\n|\n|-heal|p2a: Sceptile|207/264|[from] item: Leftovers\n|upkeep\n|turn|4\n|\n|t:|1781379630\n|move|p2a: Sceptile|Leech Seed|p1a: Mandibuzz\n|-start|p1a: Mandibuzz|move: Leech Seed\n|move|p1a: Mandibuzz|Foul Play|p2a: Sceptile\n|-end|p2a: Sceptile|Substitute\n|\n|-heal|p2a: Sceptile|223/264|[from] item: Leftovers\n|-damage|p1a: Mandibuzz|286/326|[from] Leech Seed|[of] p2a: Sceptile\n|-heal|p2a: Sceptile|263/264|[silent]\n|upkeep\n|turn|5\n|\n|t:|1781379638\n|move|p2a: Sceptile|Substitute|p2a: Sceptile\n|-start|p2a: Sceptile|Substitute\n|-damage|p2a: Sceptile|197/264\n|move|p1a: Mandibuzz|U-turn|p2a: Sceptile\n|-supereffective|p2a: Sceptile\n|-end|p2a: Sceptile|Substitute\n|\n|t:|1781379640\n|switch|p1a: Infernape|Infernape, L82, M|259/259|[from] U-turn\n|\n|-heal|p2a: Sceptile|213/264|[from] item: Leftovers\n|upkeep\n|turn|6\n|\n|t:|1781379652\n|switch|p2a: Palossand|Palossand, L89, M|98/296\n|move|p1a: Infernape|Close Combat|p2a: Palossand\n|-immune|p2a: Palossand\n|\n|upkeep\n|turn|7\n|\n|t:|1781379660\n|switch|p1a: Alomomola|Alomomola, L87, M|429/429\n|move|p2a: Palossand|Shore Up|p2a: Palossand\n|-heal|p2a: Palossand|246/296\n|\n|upkeep\n|turn|8\n|\n|t:|1781379669\n|move|p1a: Alomomola|Flip Turn|p2a: Palossand\n|-supereffective|p2a: Palossand\n|-damage|p2a: Palossand|156/296\n|-ability|p2a: Palossand|Water Compaction|boost\n|-boost|p2a: Palossand|def|2\n|\n|t:|1781379671\n|switch|p1a: Clawitzer|Clawitzer, L87, M|265/265|[from] Flip Turn\n|move|p2a: Palossand|Shore Up|p2a: Palossand\n|-heal|p2a: Palossand|296/296\n|\n|upkeep\n|turn|9\n|\n|t:|1781379696\n|-terastallize|p2a: Palossand|Water\n|move|p1a: Clawitzer|Dark Pulse|p2a: Palossand\n|-damage|p2a: Palossand|118/296\n|move|p2a: Palossand|Earth Power|p1a: Clawitzer\n|-damage|p1a: Clawitzer|162/265\n|\n|upkeep\n|turn|10\n|\n|t:|1781379704\n|switch|p2a: Urshifu|Urshifu-Rapid-Strike, L75, F|274/274\n|move|p1a: Clawitzer|Dark Pulse|p2a: Urshifu\n|-resisted|p2a: Urshifu\n|-damage|p2a: Urshifu|151/274\n|\n|upkeep\n|turn|11\n|\n|t:|1781379714\n|switch|p1a: Alomomola|Alomomola, L87, M|429/429\n|move|p2a: Urshifu|U-turn|p1a: Alomomola\n|-damage|p1a: Alomomola|356/429\n|-damage|p2a: Urshifu|106/274|[from] item: Rocky Helmet|[of] p1a: Alomomola\n|\n|t:|1781379719\n|switch|p2a: Palossand|Palossand, L89, M, tera:Water|118/296|[from] U-turn\n|\n|upkeep\n|turn|12\n|\n|t:|1781379727\n|switch|p1a: Clawitzer|Clawitzer, L87, M|162/265\n|move|p2a: Palossand|Shore Up|p2a: Palossand\n|-heal|p2a: Palossand|266/296\n|\n|upkeep\n|turn|13\n|\n|t:|1781379738\n|switch|p2a: Sceptile|Sceptile, L87, M|213/264\n|move|p1a: Clawitzer|Dark Pulse|p2a: Sceptile\n|-damage|p2a: Sceptile|46/264\n|\n|-heal|p2a: Sceptile|62/264|[from] item: Leftovers\n|upkeep\n|turn|14\n|\n|t:|1781379747\n|move|p2a: Sceptile|Giga Drain|p1a: Clawitzer\n|-supereffective|p1a: Clawitzer\n|-damage|p1a: Clawitzer|0 fnt\n|-heal|p2a: Sceptile|143/264|[from] drain|[of] p1a: Clawitzer\n|faint|p1a: Clawitzer\n|\n|-heal|p2a: Sceptile|159/264|[from] item: Leftovers\n|upkeep\n|\n|t:|1781379749\n|switch|p1a: Mandibuzz|Mandibuzz, L85, F|286/326\n|turn|15\n|\n|t:|1781379770\n|switch|p2a: Coalossal|Coalossal, L89, F|341/341\n|move|p1a: Mandibuzz|U-turn|p2a: Coalossal\n|-resisted|p2a: Coalossal\n|-damage|p2a: Coalossal|327/341\n|\n|t:|1781379776\n|switch|p1a: Alomomola|Alomomola, L87, M|429/429|[from] U-turn\n|\n|upkeep\n|turn|16\n|\n|t:|1781379782\n|switch|p2a: Palossand|Palossand, L89, M, tera:Water|266/296\n|move|p1a: Alomomola|Scald|p2a: Palossand\n|-resisted|p2a: Palossand\n|-damage|p2a: Palossand|239/296\n|-ability|p2a: Palossand|Water Compaction|boost\n|-boost|p2a: Palossand|def|2\n|\n|upkeep\n|turn|17\n|\n|t:|1781379796\n|move|p1a: Alomomola|Wish|p1a: Alomomola\n|move|p2a: Palossand|Sludge Bomb|p1a: Alomomola\n|-damage|p1a: Alomomola|316/429\n|\n|upkeep\n|turn|18\n|\n|t:|1781379803\n|move|p1a: Alomomola|Flip Turn|p2a: Palossand\n|-resisted|p2a: Palossand\n|-crit|p2a: Palossand\n|-damage|p2a: Palossand|206/296\n|-ability|p2a: Palossand|Water Compaction|boost\n|-boost|p2a: Palossand|def|2\n|\n|t:|1781379806\n|switch|p1a: Glimmora|Glimmora, L75, F|248/248|[from] Flip Turn\n|-item|p1a: Glimmora|Air Balloon\n|move|p2a: Palossand|Sludge Bomb|p1a: Glimmora\n|-resisted|p1a: Glimmora\n|-damage|p1a: Glimmora|225/248\n|-enditem|p1a: Glimmora|Air Balloon\n|\n|-heal|p1a: Glimmora|248/248|[from] move: Wish|[wisher] Alomomola\n|upkeep\n|turn|19\n|\n|t:|1781379823\n|move|p1a: Glimmora|Sludge Wave|p2a: Palossand\n|-damage|p2a: Palossand|103/296\n|move|p2a: Palossand|Sludge Bomb|p1a: Glimmora\n|-resisted|p1a: Glimmora\n|-damage|p1a: Glimmora|227/248\n|\n|upkeep\n|turn|20\n|\n|t:|1781379829\n|move|p1a: Glimmora|Sludge Wave|p2a: Palossand\n|-damage|p2a: Palossand|0 fnt\n|faint|p2a: Palossand\n|\n|upkeep\n|\n|t:|1781379839\n|switch|p2a: Basculin|Basculin, L86, M|261/261\n|turn|21\n|\n|t:|1781379846\n|switch|p1a: Alomomola|Alomomola, L87, M|429/429\n|move|p2a: Basculin|Wave Crash|p1a: Alomomola\n|-resisted|p1a: Alomomola\n|-damage|p1a: Alomomola|295/429\n|-damage|p2a: Basculin|218/261|[from] item: Rocky Helmet|[of] p1a: Alomomola\n|-damage|p2a: Basculin|174/261|[from] Recoil\n|\n|upkeep\n|turn|22\n|\n|t:|1781379854\n|switch|p2a: Sceptile|Sceptile, L87, M|159/264\n|move|p1a: Alomomola|Wish|p1a: Alomomola\n|\n|-heal|p2a: Sceptile|175/264|[from] item: Leftovers\n|upkeep\n|turn|23\n|\n|t:|1781379867\n|switch|p1a: Infernape|Infernape, L82, M|259/259\n|move|p2a: Sceptile|Substitute|p2a: Sceptile\n|-start|p2a: Sceptile|Substitute\n|-damage|p2a: Sceptile|109/264\n|\n|-heal|p2a: Sceptile|125/264|[from] item: Leftovers\n|upkeep\n|turn|24\n|\n|t:|1781379874\n|move|p2a: Sceptile|Leech Seed|p1a: Infernape\n|-start|p1a: Infernape|move: Leech Seed\n|move|p1a: Infernape|Flare Blitz|p2a: Sceptile\n|-supereffective|p2a: Sceptile\n|-end|p2a: Sceptile|Substitute\n|-damage|p1a: Infernape|237/259|[from] Recoil|[of] p2a: Sceptile\n|\n|-heal|p2a: Sceptile|141/264|[from] item: Leftovers\n|-damage|p1a: Infernape|205/259|[from] Leech Seed|[of] p2a: Sceptile\n|-heal|p2a: Sceptile|173/264|[silent]\n|upkeep\n|turn|25\n|\n|t:|1781379887\n|switch|p1a: Mandibuzz|Mandibuzz, L85, F|286/326\n|move|p2a: Sceptile|Substitute|p2a: Sceptile\n|-start|p2a: Sceptile|Substitute\n|-damage|p2a: Sceptile|107/264\n|\n|-heal|p2a: Sceptile|123/264|[from] item: Leftovers\n|upkeep\n|turn|26\n|\n|t:|1781379895\n|move|p2a: Sceptile|Focus Blast|p1a: Mandibuzz|[miss]\n|-miss|p2a: Sceptile|p1a: Mandibuzz\n|move|p1a: Mandibuzz|U-turn|p2a: Sceptile\n|-supereffective|p2a: Sceptile\n|-end|p2a: Sceptile|Substitute\n|\n|t:|1781379898\n|switch|p1a: Infernape|Infernape, L82, M|205/259|[from] U-turn\n|\n|-heal|p2a: Sceptile|139/264|[from] item: Leftovers\n|upkeep\n|turn|27\n|inactive|SR-Cue has 120 seconds left.\n|\n|t:|1781379940\n|move|p2a: Sceptile|Substitute|p2a: Sceptile\n|-start|p2a: Sceptile|Substitute\n|-damage|p2a: Sceptile|73/264\n|move|p1a: Infernape|Close Combat|p2a: Sceptile\n|-end|p2a: Sceptile|Substitute\n|-unboost|p1a: Infernape|def|1\n|-unboost|p1a: Infernape|spd|1\n|\n|-heal|p2a: Sceptile|89/264|[from] item: Leftovers\n|upkeep\n|turn|28\n|\n|t:|1781379949\n|switch|p1a: Mandibuzz|Mandibuzz, L85, F|286/326\n|move|p2a: Sceptile|Substitute|p2a: Sceptile\n|-start|p2a: Sceptile|Substitute\n|-damage|p2a: Sceptile|23/264\n|\n|-heal|p2a: Sceptile|39/264|[from] item: Leftovers\n|upkeep\n|turn|29\n|inactive|SR-Cue has 120 seconds left.\n|\n|t:|1781379960\n|move|p2a: Sceptile|Giga Drain|p1a: Mandibuzz\n|-resisted|p1a: Mandibuzz\n|-damage|p1a: Mandibuzz|220/326\n|-heal|p2a: Sceptile|72/264|[from] drain|[of] p1a: Mandibuzz\n|move|p1a: Mandibuzz|Foul Play|p2a: Sceptile\n|-end|p2a: Sceptile|Substitute\n|\n|-heal|p2a: Sceptile|88/264|[from] item: Leftovers\n|upkeep\n|turn|30\n|inactive|SR-Cue has 120 seconds left.\n|\n|t:|1781379975\n|move|p2a: Sceptile|Giga Drain|p1a: Mandibuzz\n|-resisted|p1a: Mandibuzz\n|-damage|p1a: Mandibuzz|160/326\n|-heal|p2a: Sceptile|118/264|[from] drain|[of] p1a: Mandibuzz\n|move|p1a: Mandibuzz|U-turn|p2a: Sceptile\n|-supereffective|p2a: Sceptile\n|-crit|p2a: Sceptile\n|-damage|p2a: Sceptile|0 fnt\n|faint|p2a: Sceptile\n|\n|t:|1781379979\n|switch|p1a: Alomomola|Alomomola, L87, M|429/429|[from] U-turn\n|\n|upkeep\n|\n|t:|1781379984\n|switch|p2a: Raichu|Raichu, L88, F|249/249\n|turn|31\n|\n|t:|1781379992\n|switch|p1a: Mandibuzz|Mandibuzz, L85, F|160/326\n|move|p2a: Raichu|Thunderbolt|p1a: Mandibuzz\n|-supereffective|p1a: Mandibuzz\n|-damage|p1a: Mandibuzz|0 fnt\n|faint|p1a: Mandibuzz\n|\n|upkeep\n|\n|t:|1781379993\n|switch|p1a: Glimmora|Glimmora, L75, F|227/248\n|turn|32\n|\n|t:|1781380001\n|move|p2a: Raichu|Volt Switch|p1a: Glimmora\n|-damage|p1a: Glimmora|142/248\n|\n|t:|1781380019\n|switch|p2a: Coalossal|Coalossal, L89, F|327/341|[from] Volt Switch\n|move|p1a: Glimmora|Earth Power|p2a: Coalossal\n|-supereffective|p2a: Coalossal\n|-damage|p2a: Coalossal|79/341\n|-unboost|p2a: Coalossal|spd|1\n|\n|upkeep\n|turn|33\n|\n|t:|1781380029\n|move|p1a: Glimmora|Earth Power|p2a: Coalossal\n|-supereffective|p2a: Coalossal\n|-damage|p2a: Coalossal|0 fnt\n|faint|p2a: Coalossal\n|\n|upkeep\n|\n|t:|1781380037\n|switch|p2a: Urshifu|Urshifu-Rapid-Strike, L75, F|106/274\n|turn|34\n|\n|t:|1781380040\n|switch|p1a: Alomomola|Alomomola, L87, M|429/429\n|move|p2a: Urshifu|Close Combat|p1a: Alomomola\n|-damage|p1a: Alomomola|234/429\n|-unboost|p2a: Urshifu|def|1\n|-unboost|p2a: Urshifu|spd|1\n|-damage|p2a: Urshifu|61/274|[from] item: Rocky Helmet|[of] p1a: Alomomola\n|\n|upkeep\n|turn|35\n|\n|t:|1781380049\n|move|p2a: Urshifu|Close Combat|p1a: Alomomola\n|-damage|p1a: Alomomola|21/429\n|-unboost|p2a: Urshifu|def|1\n|-unboost|p2a: Urshifu|spd|1\n|-damage|p2a: Urshifu|16/274|[from] item: Rocky Helmet|[of] p1a: Alomomola\n|move|p1a: Alomomola|Flip Turn|p2a: Urshifu\n|-resisted|p2a: Urshifu\n|-damage|p2a: Urshifu|0 fnt\n|faint|p2a: Urshifu\n|\n|t:|1781380053\n|switch|p1a: Infernape|Infernape, L82, M|205/259|[from] Flip Turn\n|\n|upkeep\n|\n|t:|1781380064\n|switch|p2a: Raichu|Raichu, L88, F|249/249\n|turn|36\n|\n|t:|1781380070\n|-terastallize|p1a: Infernape|Fighting\n|move|p2a: Raichu|Surf|p1a: Infernape\n|-crit|p1a: Infernape\n|-damage|p1a: Infernape|92/259\n|move|p1a: Infernape|Close Combat|p2a: Raichu\n|-damage|p2a: Raichu|0 fnt\n|-unboost|p1a: Infernape|def|1\n|-unboost|p1a: Infernape|spd|1\n|faint|p2a: Raichu\n|\n|upkeep\n|\n|t:|1781380080\n|switch|p2a: Basculin|Basculin, L86, M|174/261\n|turn|37\n|\n|t:|1781380087\n|switch|p1a: Glimmora|Glimmora, L75, F|142/248\n|move|p2a: Basculin|Aqua Jet|p1a: Glimmora\n|-supereffective|p1a: Glimmora\n|-damage|p1a: Glimmora|0 fnt\n|-activate|p1a: Glimmora|ability: Toxic Debris\n|-sidestart|p2: SR-Cue|move: Toxic Spikes\n|faint|p1a: Glimmora\n|\n|upkeep\n|\n|t:|1781380092\n|switch|p1a: Alomomola|Alomomola, L87, M|164/429\n|turn|38\n|\n|t:|1781380098\n|move|p2a: Basculin|Aqua Jet|p1a: Alomomola\n|-resisted|p1a: Alomomola\n|-damage|p1a: Alomomola|120/429\n|-damage|p2a: Basculin|131/261|[from] item: Rocky Helmet|[of] p1a: Alomomola\n|move|p1a: Alomomola|Wish|p1a: Alomomola\n|\n|upkeep\n|turn|39\n|\n|t:|1781380104\n|move|p2a: Basculin|Aqua Jet|p1a: Alomomola\n|-resisted|p1a: Alomomola\n|-damage|p1a: Alomomola|78/429\n|-damage|p2a: Basculin|88/261|[from] item: Rocky Helmet|[of] p1a: Alomomola\n|move|p1a: Alomomola|Scald|p2a: Basculin\n|-resisted|p2a: Basculin\n|-damage|p2a: Basculin|57/261\n|\n|-heal|p1a: Alomomola|292/429|[from] move: Wish|[wisher] Alomomola\n|upkeep\n|turn|40\n|-message|SR-Cue forfeited.\n|\n|win|opik8\n", "inputlog": ">version a8376a258c1d4662feba110a92103f3664a72141\n>start {\"formatid\":\"gen9randombattle\",\"seed\":\"sodium,aceec0b460c2d9739150aeb0b1e293ca\",\"rated\":\"Rated battle\"}\n>player p1 {\"name\":\"opik8\",\"avatar\":\"colress\",\"rating\":1973,\"seed\":\"sodium,82118493f362396f0a92d92b178be8e6\"}\n>player p2 {\"name\":\"SR-Cue\",\"avatar\":\"266\",\"rating\":1960,\"seed\":\"sodium,1b313531feb1e490c1ef0226115fcec3\"}\n>p1 move knockoff\n>p2 move earthpower\n>p1 switch 3\n>p1 move scald\n>p2 switch 6\n>p1 switch 2\n>p2 move substitute\n>p1 move foulplay\n>p2 move leechseed\n>p1 move uturn\n>p2 move substitute\n>p1 switch 4\n>p1 move closecombat\n>p2 switch 6\n>p1 switch 2\n>p2 move shoreup\n>p1 move flipturn\n>p2 move shoreup\n>p1 switch 6\n>p1 move darkpulse\n>p2 move earthpower terastallize\n>p1 move darkpulse\n>p2 switch 5\n>p1 switch 6\n>p2 move uturn\n>p2 switch 5\n>p1 switch 6\n>p2 move shoreup\n>p1 move darkpulse\n>p2 switch 6\n>p1 move darkpulse\n>p2 move gigadrain\n>p1 switch 4\n>p1 move uturn\n>p2 switch 3\n>p1 switch 6\n>p1 move scald\n>p2 switch 6\n>p1 move wish\n>p2 move sludgebomb\n>p1 move flipturn\n>p2 move sludgebomb\n>p1 switch 5\n>p1 move sludgewave\n>p2 move sludgebomb\n>p1 move sludgewave\n>p2 move shoreup\n>p2 switch 2\n>p1 switch 5\n>p2 move wavecrash\n>p1 move wish\n>p2 switch 3\n>p1 switch 2\n>p2 move substitute\n>p1 move flareblitz\n>p2 move leechseed\n>p1 switch 6\n>p2 move substitute\n>p1 move uturn\n>p2 move focusblast\n>p1 switch 6\n>p1 move closecombat\n>p2 move substitute\n>p1 switch 6\n>p2 move substitute\n>p1 move foulplay\n>p2 move gigadrain\n>p1 move uturn\n>p2 move gigadrain\n>p1 switch 2\n>p2 switch 4\n>p1 switch 2\n>p2 move thunderbolt\n>p1 switch 5\n>p1 move earthpower\n>p2 move voltswitch\n>p2 switch 6\n>p1 move earthpower\n>p2 move willowisp\n>p2 switch 5\n>p1 switch 2\n>p2 move closecombat\n>p1 move flipturn\n>p2 move closecombat\n>p1 switch 6\n>p2 switch 6\n>p1 move closecombat terastallize\n>p2 move surf\n>p2 switch 3\n>p1 switch 2\n>p2 move aquajet\n>p1 switch 6\n>p1 move wish\n>p2 move aquajet\n>p1 move scald\n>p2 move aquajet\n>forcelose p2", "uploadtime": 1781379588, "views": 8, "formatid": "gen9randombattle", "rating": null, "private": 0, "password": null}