{"id": "gen9randombattle-2631838328", "format": "[Gen 9] Random Battle", "players": ["Elysia_773", "Maddy the madmiral"], "log": "|j|\u2606Elysia_773\n|j|\u2606Maddy the madmiral\n|t:|1781446549\n|gametype|singles\n|player|p1|Elysia_773|miku-flying|2109\n|player|p2|Maddy the madmiral|mina-masters|2081\n|gen|9\n|tier|[Gen 9] Random Battle\n|rated|\n|rule|Species Clause: Limit one of each Pok\u00e9mon\n|rule|HP Percentage Mod: HP is shown in percentages\n|rule|Sleep Clause Mod: Limit one foe put to sleep\n|rule|Illusion Level Mod: Illusion disguises the Pok\u00e9mon's true level\n|\n|t:|1781446549\n|teamsize|p1|6\n|teamsize|p2|6\n|start\n|switch|p1a: Hitmonchan|Hitmonchan, L87, M|229/229\n|switch|p2a: Houndoom|Houndoom, L87, F|272/272\n|turn|1\n|inactive|Battle timer is ON: inactive players will automatically lose when time's up. (requested by Elysia_773)\n|\n|t:|1781446560\n|switch|p2a: Mismagius|Mismagius, L86, F|243/243\n|move|p1a: Hitmonchan|Drain Punch|p2a: Mismagius\n|-immune|p2a: Mismagius\n|\n|upkeep\n|turn|2\n|\n|t:|1781446577\n|move|p2a: Mismagius|Dazzling Gleam|p1a: Hitmonchan\n|-supereffective|p1a: Hitmonchan\n|-damage|p1a: Hitmonchan|61/229\n|move|p1a: Hitmonchan|Knock Off|p2a: Mismagius\n|-supereffective|p2a: Mismagius\n|-damage|p2a: Mismagius|0 fnt\n|-enditem|p2a: Mismagius|Choice Specs|[from] move: Knock Off|[of] p1a: Hitmonchan\n|faint|p2a: Mismagius\n|-damage|p1a: Hitmonchan|39/229|[from] item: Life Orb\n|\n|upkeep\n|\n|t:|1781446586\n|switch|p2a: Squawkabilly|Squawkabilly, L85, M|278/278\n|turn|3\n|\n|t:|1781446589\n|move|p2a: Squawkabilly|Quick Attack|p1a: Hitmonchan\n|-damage|p1a: Hitmonchan|0 fnt\n|faint|p1a: Hitmonchan\n|\n|-status|p2a: Squawkabilly|brn|[from] item: Flame Orb\n|upkeep\n|\n|t:|1781446604\n|switch|p1a: Iron Boulder|Iron Boulder, L77|265/265\n|turn|4\n|\n|t:|1781446608\n|switch|p2a: Duraludon|Duraludon, L82, M|249/249\n|move|p1a: Iron Boulder|Mighty Cleave|p2a: Duraludon\n|-resisted|p2a: Duraludon\n|-damage|p2a: Duraludon|217/249\n|-damage|p1a: Iron Boulder|239/265|[from] item: Life Orb\n|\n|upkeep\n|turn|5\n|\n|t:|1781446614\n|-end|p1a: Iron Boulder|Quark Drive|[silent]\n|switch|p1a: Ursaluna|Ursaluna, L79, F|335/335\n|move|p2a: Duraludon|Iron Defense|p2a: Duraludon\n|-boost|p2a: Duraludon|def|2\n|\n|-status|p1a: Ursaluna|brn|[from] item: Flame Orb\n|upkeep\n|turn|6\n|\n|t:|1781446619\n|move|p2a: Duraludon|Body Press|p1a: Ursaluna\n|-supereffective|p1a: Ursaluna\n|-damage|p1a: Ursaluna|115/335 brn\n|move|p1a: Ursaluna|Trailblaze|p2a: Duraludon\n|-resisted|p2a: Duraludon\n|-damage|p2a: Duraludon|213/249\n|-boost|p1a: Ursaluna|spe|1\n|\n|-damage|p1a: Ursaluna|95/335 brn|[from] brn\n|upkeep\n|turn|7\n|\n|t:|1781446624\n|move|p2a: Duraludon|Body Press|p1a: Ursaluna\n|-supereffective|p1a: Ursaluna\n|-damage|p1a: Ursaluna|0 fnt\n|faint|p1a: Ursaluna\n|\n|upkeep\n|\n|t:|1781446630\n|switch|p1a: Hoopa|Hoopa-Unbound, L80|259/259\n|turn|8\n|\n|t:|1781446635\n|move|p2a: Duraludon|Body Press|p1a: Hoopa\n|-damage|p1a: Hoopa|105/259\n|move|p1a: Hoopa|Trick|p2a: Duraludon\n|-activate|p1a: Hoopa|move: Trick|[of] p2a: Duraludon\n|-item|p2a: Duraludon|Choice Band|[from] move: Trick\n|-item|p1a: Hoopa|Eviolite|[from] move: Trick\n|\n|upkeep\n|turn|9\n|\n|t:|1781446648\n|move|p2a: Duraludon|Body Press|p1a: Hoopa\n|-damage|p1a: Hoopa|0 fnt\n|faint|p1a: Hoopa\n|\n|upkeep\n|-message|Elysia_773 forfeited.\n|\n|win|Maddy the madmiral\n", "inputlog": ">version a8376a258c1d4662feba110a92103f3664a72141\n>start {\"formatid\":\"gen9randombattle\",\"seed\":\"sodium,7f3f7bba80ba5535754df47c31dc7f0b\",\"rated\":\"Rated battle\"}\n>player p1 {\"name\":\"Elysia_773\",\"avatar\":\"miku-flying\",\"rating\":2109,\"seed\":\"sodium,3dc35b56d2cea5819fb8df8247569301\"}\n>player p2 {\"name\":\"Maddy the madmiral\",\"avatar\":\"mina-masters\",\"rating\":2081,\"seed\":\"sodium,23c90a0770df353ab6a8b53b68474d54\"}\n>p1 move drainpunch\n>p2 switch 3\n>p1 move knockoff\n>p2 move dazzlinggleam\n>p2 switch 5\n>p1 move machpunch\n>p2 move quickattack\n>p1 switch 3\n>p1 move mightycleave\n>p2 switch 6\n>p1 switch 4\n>p2 move irondefense\n>p1 move trailblaze\n>p2 move bodypress\n>p1 move headlongrush\n>p2 move bodypress\n>p1 switch 6\n>p1 move trick\n>p2 move bodypress\n>p1 move hyperspacefury\n>p2 move bodypress\n>forcelose p1", "uploadtime": 1781446551, "views": 8, "formatid": "gen9randombattle", "rating": null, "private": 0, "password": null}