{"id": "gen9randombattle-2631975671", "format": "[Gen 9] Random Battle", "players": ["lkj47", "Jefejenaro"], "log": "|j|\u2606lkj47\n|j|\u2606Jefejenaro\n|t:|1781461811\n|gametype|singles\n|player|p1|lkj47|hilbert|1960\n|player|p2|Jefejenaro|wallace|2013\n|gen|9\n|tier|[Gen 9] Random Battle\n|rated|\n|rule|Species Clause: Limit one of each Pok\u00e9mon\n|rule|HP Percentage Mod: HP is shown in percentages\n|rule|Sleep Clause Mod: Limit one foe put to sleep\n|rule|Illusion Level Mod: Illusion disguises the Pok\u00e9mon's true level\n|\n|t:|1781461811\n|teamsize|p1|6\n|teamsize|p2|6\n|start\n|switch|p1a: Mightyena|Mightyena, L96, M|290/290\n|switch|p2a: Wyrdeer|Wyrdeer, L87, F|321/321\n|-ability|p1a: Mightyena|Intimidate|boost\n|-unboost|p2a: Wyrdeer|atk|1\n|-ability|p2a: Wyrdeer|Intimidate|boost\n|-unboost|p1a: Mightyena|atk|1\n|turn|1\n|\n|t:|1781461824\n|switch|p2a: Bisharp|Bisharp, L79, F|232/232\n|move|p1a: Mightyena|Crunch|p2a: Bisharp\n|-resisted|p2a: Bisharp\n|-damage|p2a: Bisharp|210/232\n|\n|upkeep\n|turn|2\n|\n|t:|1781461833\n|switch|p1a: Basculegion|Basculegion, L80, M|323/323\n|move|p2a: Bisharp|Stealth Rock|p1a: Basculegion\n|-sidestart|p1: lkj47|move: Stealth Rock\n|\n|upkeep\n|turn|3\n|\n|t:|1781461840\n|move|p1a: Basculegion|Wave Crash|p2a: Bisharp\n|-damage|p2a: Bisharp|100/232\n|-damage|p1a: Basculegion|287/323|[from] Recoil\n|move|p2a: Bisharp|Throat Chop|p1a: Basculegion\n|-supereffective|p1a: Basculegion\n|-damage|p1a: Basculegion|69/323\n|-start|p1a: Basculegion|Throat Chop|[silent]\n|\n|upkeep\n|turn|4\n|\n|t:|1781461847\n|switch|p1a: Scream Tail|Scream Tail, L84|330/330\n|-damage|p1a: Scream Tail|289/330|[from] Stealth Rock\n|move|p2a: Bisharp|Sucker Punch||[still]\n|-fail|p2a: Bisharp\n|\n|-heal|p1a: Scream Tail|309/330|[from] item: Leftovers\n|upkeep\n|turn|5\n|inactive|Battle timer is ON: inactive players will automatically lose when time's up. (requested by Jefejenaro)\n|\n|t:|1781461853\n|move|p1a: Scream Tail|Dazzling Gleam|p2a: Bisharp\n|-damage|p2a: Bisharp|45/232\n|move|p2a: Bisharp|Iron Head|p1a: Scream Tail\n|-supereffective|p1a: Scream Tail\n|-damage|p1a: Scream Tail|133/330\n|\n|-heal|p1a: Scream Tail|153/330|[from] item: Leftovers\n|upkeep\n|turn|6\n|\n|t:|1781461861\n|switch|p2a: Glalie|Glalie, L96, F|309/309\n|move|p1a: Scream Tail|Dazzling Gleam|p2a: Glalie\n|-damage|p2a: Glalie|248/309\n|\n|-heal|p1a: Scream Tail|173/330|[from] item: Leftovers\n|upkeep\n|turn|7\n|\n|t:|1781461868\n|move|p1a: Scream Tail|Wish|p1a: Scream Tail\n|move|p2a: Glalie|Spikes|p1a: Scream Tail\n|-sidestart|p1: lkj47|Spikes\n|\n|-heal|p1a: Scream Tail|193/330|[from] item: Leftovers\n|upkeep\n|turn|8\n|\n|t:|1781461874\n|move|p1a: Scream Tail|Dazzling Gleam|p2a: Glalie\n|-damage|p2a: Glalie|187/309\n|move|p2a: Glalie|Spikes|p1a: Scream Tail\n|-sidestart|p1: lkj47|Spikes\n|\n|-heal|p1a: Scream Tail|330/330|[from] move: Wish|[wisher] Scream Tail\n|upkeep\n|turn|9\n|\n|t:|1781461883\n|move|p1a: Scream Tail|Dazzling Gleam|p2a: Glalie\n|-damage|p2a: Glalie|126/309\n|move|p2a: Glalie|Taunt|p1a: Scream Tail\n|-start|p1a: Scream Tail|move: Taunt\n|\n|upkeep\n|turn|10\n|\n|t:|1781461893\n|move|p1a: Scream Tail|Dazzling Gleam|p2a: Glalie\n|-damage|p2a: Glalie|68/309\n|move|p2a: Glalie|Spikes|p1a: Scream Tail\n|-sidestart|p1: lkj47|Spikes\n|\n|upkeep\n|turn|11\n|\n|t:|1781461900\n|switch|p2a: Wyrdeer|Wyrdeer, L87, F|321/321\n|-ability|p2a: Wyrdeer|Intimidate|boost\n|-unboost|p1a: Scream Tail|atk|1\n|move|p1a: Scream Tail|Dazzling Gleam|p2a: Wyrdeer\n|-damage|p2a: Wyrdeer|248/321\n|\n|-heal|p2a: Wyrdeer|268/321|[from] item: Leftovers\n|upkeep\n|turn|12\n|\n|t:|1781461907\n|-end|p1a: Scream Tail|Protosynthesis|[silent]\n|switch|p1a: Basculegion|Basculegion, L80, M|69/323\n|-damage|p1a: Basculegion|29/323|[from] Stealth Rock\n|-damage|p1a: Basculegion|0 fnt|[from] Spikes\n|faint|p1a: Basculegion\n|move|p2a: Wyrdeer|Thunder Wave|p1: Basculegion|[notarget]\n|-fail|p2a: Wyrdeer\n|\n|-heal|p2a: Wyrdeer|288/321|[from] item: Leftovers\n|upkeep\n|\n|t:|1781461917\n|switch|p1a: Mightyena|Mightyena, L96, M|290/290\n|-damage|p1a: Mightyena|254/290|[from] Stealth Rock\n|-damage|p1a: Mightyena|182/290|[from] Spikes\n|-ability|p1a: Mightyena|Intimidate|boost\n|-unboost|p2a: Wyrdeer|atk|1\n|turn|13\n|inactive|Jefejenaro has 120 seconds left.\n|\n|t:|1781461958\n|switch|p2a: Bisharp|Bisharp, L79, F|45/232\n|move|p1a: Mightyena|Taunt|p2a: Bisharp\n|-start|p2a: Bisharp|move: Taunt\n|\n|-heal|p1a: Mightyena|200/290|[from] item: Leftovers\n|upkeep\n|turn|14\n|\n|t:|1781461961\n|move|p1a: Mightyena|Play Rough|p2a: Bisharp\n|-damage|p2a: Bisharp|0 fnt\n|faint|p2a: Bisharp\n|\n|-heal|p1a: Mightyena|218/290|[from] item: Leftovers\n|upkeep\n|inactive|Jefejenaro has 120 seconds left.\n|\n|t:|1781461987\n|switch|p2a: Walking Wake|Walking Wake, L79|286/286\n|turn|15\n|\n|t:|1781462000\n|switch|p1a: Scream Tail|Scream Tail, L84|330/330\n|-damage|p1a: Scream Tail|289/330|[from] Stealth Rock\n|-damage|p1a: Scream Tail|207/330|[from] Spikes\n|move|p2a: Walking Wake|Draco Meteor|p1a: Scream Tail\n|-immune|p1a: Scream Tail\n|\n|-heal|p1a: Scream Tail|227/330|[from] item: Leftovers\n|upkeep\n|turn|16\n|\n|t:|1781462011\n|-end|p2a: Walking Wake|Protosynthesis|[silent]\n|switch|p2a: Wyrdeer|Wyrdeer, L87, F|288/321\n|-ability|p2a: Wyrdeer|Intimidate|boost\n|-unboost|p1a: Scream Tail|atk|1\n|move|p1a: Scream Tail|Dazzling Gleam|p2a: Wyrdeer\n|-damage|p2a: Wyrdeer|218/321\n|\n|-heal|p1a: Scream Tail|247/330|[from] item: Leftovers\n|-heal|p2a: Wyrdeer|238/321|[from] item: Leftovers\n|upkeep\n|turn|17\n|inactive|Jefejenaro has 120 seconds left.\n|\n|t:|1781462029\n|move|p1a: Scream Tail|Protect|p1a: Scream Tail\n|-singleturn|p1a: Scream Tail|Protect\n|move|p2a: Wyrdeer|Thunder Wave|p1a: Scream Tail\n|-activate|p1a: Scream Tail|move: Protect\n|\n|-heal|p1a: Scream Tail|267/330|[from] item: Leftovers\n|-heal|p2a: Wyrdeer|258/321|[from] item: Leftovers\n|upkeep\n|turn|18\n|\n|t:|1781462034\n|move|p1a: Scream Tail|Dazzling Gleam|p2a: Wyrdeer\n|-crit|p2a: Wyrdeer\n|-damage|p2a: Wyrdeer|158/321\n|move|p2a: Wyrdeer|Thunder Wave|p1a: Scream Tail\n|-status|p1a: Scream Tail|par\n|\n|-heal|p2a: Wyrdeer|178/321|[from] item: Leftovers\n|-heal|p1a: Scream Tail|287/330 par|[from] item: Leftovers\n|upkeep\n|turn|19\n|\n|t:|1781462053\n|move|p2a: Wyrdeer|Psychic Noise|p1a: Scream Tail\n|-resisted|p1a: Scream Tail\n|-damage|p1a: Scream Tail|254/330 par\n|-start|p1a: Scream Tail|move: Heal Block\n|cant|p1a: Scream Tail|move: Heal Block|Wish\n|\n|-heal|p2a: Wyrdeer|198/321|[from] item: Leftovers\n|upkeep\n|turn|20\n|inactive|Jefejenaro has 120 seconds left.\n|\n|t:|1781462083\n|switch|p2a: Glalie|Glalie, L96, F|68/309\n|-end|p1a: Scream Tail|Protosynthesis|[silent]\n|switch|p1a: Mightyena|Mightyena, L96, M|218/290\n|-damage|p1a: Mightyena|182/290|[from] Stealth Rock\n|-damage|p1a: Mightyena|110/290|[from] Spikes\n|-ability|p1a: Mightyena|Intimidate|boost\n|-fail|p2a: Glalie|unboost|Attack|[from] ability: Inner Focus|[of] p2a: Glalie\n|\n|-heal|p1a: Mightyena|128/290|[from] item: Leftovers\n|upkeep\n|turn|21\n|\n|t:|1781462092\n|move|p1a: Mightyena|Sucker Punch|p2a: Glalie\n|-damage|p2a: Glalie|0 fnt\n|faint|p2a: Glalie\n|\n|-heal|p1a: Mightyena|146/290|[from] item: Leftovers\n|upkeep\n|\n|t:|1781462095\n|switch|p2a: Walking Wake|Walking Wake, L79|286/286\n|turn|22\n|\n|t:|1781462107\n|move|p2a: Walking Wake|Hydro Pump|p1a: Mightyena\n|-damage|p1a: Mightyena|0 fnt\n|faint|p1a: Mightyena\n|\n|upkeep\n|\n|t:|1781462110\n|switch|p1a: Salamence|Salamence, L77, F|273/273\n|-ability|p1a: Salamence|Intimidate|boost\n|-unboost|p2a: Walking Wake|atk|1\n|turn|23\n|\n|t:|1781462121\n|-end|p2a: Walking Wake|Protosynthesis|[silent]\n|switch|p2a: Wyrdeer|Wyrdeer, L87, F|198/321\n|-ability|p2a: Wyrdeer|Intimidate|boost\n|-unboost|p1a: Salamence|atk|1\n|switch|p1a: Gengar|Gengar, L81, F|230/230\n|-damage|p1a: Gengar|202/230|[from] Stealth Rock\n|-damage|p1a: Gengar|145/230|[from] Spikes\n|\n|-heal|p2a: Wyrdeer|218/321|[from] item: Leftovers\n|upkeep\n|turn|24\n|inactive|Jefejenaro has 120 seconds left.\n|\n|t:|1781462141\n|switch|p2a: Mandibuzz|Mandibuzz, L85, F|326/326\n|move|p1a: Gengar|Trick|p2a: Mandibuzz\n|-activate|p1a: Gengar|move: Trick|[of] p2a: Mandibuzz\n|-item|p2a: Mandibuzz|Choice Specs|[from] move: Trick\n|-item|p1a: Gengar|Heavy-Duty Boots|[from] move: Trick\n|\n|upkeep\n|turn|25\n|\n|t:|1781462147\n|switch|p1a: Ditto|Ditto, L87|225/225\n|-damage|p1a: Ditto|197/225|[from] Stealth Rock\n|-damage|p1a: Ditto|141/225|[from] Spikes\n|-transform|p1a: Ditto|p2a: Mandibuzz|[from] ability: Imposter\n|move|p2a: Mandibuzz|Knock Off|p1a: Ditto\n|-resisted|p1a: Ditto\n|-damage|p1a: Ditto|108/225\n|-enditem|p1a: Ditto|Choice Scarf|[from] move: Knock Off|[of] p2a: Mandibuzz\n|\n|upkeep\n|turn|26\n|inactive|Jefejenaro has 120 seconds left.\n|\n|t:|1781462168\n|switch|p2a: Rayquaza|Rayquaza, L72|270/270\n|-ability|p2a: Rayquaza|Air Lock\n|move|p1a: Ditto|Roost|p1a: Ditto\n|-heal|p1a: Ditto|221/225\n|-singleturn|p1a: Ditto|move: Roost\n|\n|upkeep\n|turn|27\n|inactive|Jefejenaro has 120 seconds left.\n|inactive|lkj47 has 120 seconds left.\n|\n|t:|1781462202\n|move|p1a: Ditto|Brave Bird|p2a: Rayquaza\n|-damage|p2a: Rayquaza|153/270\n|-damage|p1a: Ditto|182/225|[from] Recoil\n|move|p2a: Rayquaza|Dragon Dance|p2a: Rayquaza\n|-boost|p2a: Rayquaza|atk|1\n|-boost|p2a: Rayquaza|spe|1\n|\n|upkeep\n|turn|28\n|\n|t:|1781462208\n|switch|p1a: Salamence|Salamence, L77, F|273/273\n|-ability|p1a: Salamence|Intimidate|boost\n|-unboost|p2a: Rayquaza|atk|1\n|move|p2a: Rayquaza|Outrage|p1a: Salamence\n|-supereffective|p1a: Salamence\n|-damage|p1a: Salamence|0 fnt\n|faint|p1a: Salamence\n|\n|upkeep\n|inactive|lkj47 has 120 seconds left.\n|\n|t:|1781462225\n|switch|p1a: Scream Tail|Scream Tail, L84|254/330 par\n|-damage|p1a: Scream Tail|213/330 par|[from] Stealth Rock\n|-damage|p1a: Scream Tail|131/330 par|[from] Spikes\n|turn|29\n|\n|t:|1781462228\n|move|p2a: Rayquaza|Outrage|p1a: Scream Tail|[from] lockedmove\n|-immune|p1a: Scream Tail\n|-start|p2a: Rayquaza|confusion|[fatigue]\n|move|p1a: Scream Tail|Dazzling Gleam|p2a: Rayquaza\n|-supereffective|p2a: Rayquaza\n|-damage|p2a: Rayquaza|3/270\n|\n|-heal|p1a: Scream Tail|151/330 par|[from] item: Leftovers\n|upkeep\n|turn|30\n|inactive|lkj47 has 120 seconds left.\n|\n|t:|1781462262\n|-activate|p2a: Rayquaza|confusion\n|move|p2a: Rayquaza|Dragon Ascent|p1a: Scream Tail\n|-damage|p1a: Scream Tail|27/330 par\n|-unboost|p2a: Rayquaza|def|1\n|-unboost|p2a: Rayquaza|spd|1\n|cant|p1a: Scream Tail|par\n|\n|-heal|p1a: Scream Tail|47/330 par|[from] item: Leftovers\n|upkeep\n|turn|31\n|\n|t:|1781462267\n|-end|p2a: Rayquaza|confusion\n|move|p2a: Rayquaza|Dragon Ascent|p1a: Scream Tail\n|-damage|p1a: Scream Tail|0 fnt\n|-unboost|p2a: Rayquaza|def|1\n|-unboost|p2a: Rayquaza|spd|1\n|faint|p1a: Scream Tail\n|-end|p1a: Scream Tail|Protosynthesis|[silent]\n|\n|upkeep\n|inactive|lkj47 has 120 seconds left.\n|\n|t:|1781462284\n|switch|p1a: Ditto|Ditto, L87|182/225\n|-damage|p1a: Ditto|154/225|[from] Stealth Rock\n|-damage|p1a: Ditto|98/225|[from] Spikes\n|-transform|p1a: Ditto|p2a: Rayquaza|[from] ability: Imposter\n|turn|32\n|\n|t:|1781462290\n|move|p1a: Ditto|Dragon Ascent|p2a: Rayquaza\n|-damage|p2a: Rayquaza|0 fnt\n|-unboost|p1a: Ditto|def|1\n|-unboost|p1a: Ditto|spd|1\n|faint|p2a: Rayquaza\n|\n|upkeep\n|\n|t:|1781462295\n|switch|p2a: Mandibuzz|Mandibuzz, L85, F|326/326\n|turn|33\n|inactive|lkj47 has 120 seconds left.\n|\n|t:|1781462315\n|move|p1a: Ditto|Dragon Ascent|p2a: Mandibuzz\n|-damage|p2a: Mandibuzz|179/326\n|-unboost|p1a: Ditto|def|1\n|-unboost|p1a: Ditto|spd|1\n|move|p2a: Mandibuzz|Knock Off|p1a: Ditto\n|-damage|p1a: Ditto|0 fnt\n|faint|p1a: Ditto\n|\n|upkeep\n|\n|t:|1781462317\n|switch|p1a: Gengar|Gengar, L81, F|145/230\n|turn|34\n|\n|t:|1781462328\n|move|p1a: Gengar|Sludge Wave|p2a: Mandibuzz\n|-damage|p2a: Mandibuzz|67/326\n|move|p2a: Mandibuzz|Knock Off|p1a: Gengar\n|-supereffective|p1a: Gengar\n|-damage|p1a: Gengar|0 fnt\n|-enditem|p1a: Gengar|Heavy-Duty Boots|[from] move: Knock Off|[of] p2a: Mandibuzz\n|faint|p1a: Gengar\n|\n|win|Jefejenaro\n", "inputlog": ">version a8376a258c1d4662feba110a92103f3664a72141\n>start {\"formatid\":\"gen9randombattle\",\"seed\":\"sodium,f199f54e192a96744ae2829b5ad15913\",\"rated\":\"Rated battle\"}\n>player p1 {\"name\":\"lkj47\",\"avatar\":\"hilbert\",\"rating\":1960,\"seed\":\"sodium,72b5f0cea30d2bd9eabcfe45b8e3ad90\"}\n>player p2 {\"name\":\"Jefejenaro\",\"avatar\":\"wallace\",\"rating\":2013,\"seed\":\"sodium,ab1067fbdc6c1eb1e266d1d1192244ba\"}\n>p1 move crunch\n>p2 switch 4\n>p1 switch 5\n>p2 move stealthrock\n>p1 move wavecrash\n>p2 move throatchop\n>p1 switch 6\n>p2 move suckerpunch\n>p1 move dazzlinggleam\n>p2 move ironhead\n>p1 move dazzlinggleam\n>p2 switch 6\n>p1 move wish\n>p2 move spikes\n>p1 move dazzlinggleam\n>p2 move spikes\n>p1 move dazzlinggleam\n>p2 move taunt\n>p1 move dazzlinggleam\n>p2 move spikes\n>p1 move dazzlinggleam\n>p2 switch 4\n>p1 switch 6\n>p2 move thunderwave\n>p1 switch 5\n>p1 move taunt\n>p2 switch 6\n>p1 move playrough\n>p2 move ironhead\n>p2 switch 3\n>p1 switch 6\n>p2 move dracometeor\n>p1 move dazzlinggleam\n>p2 switch 6\n>p1 move protect\n>p2 move thunderwave\n>p1 move dazzlinggleam\n>p2 move thunderwave\n>p1 move wish\n>p2 move psychicnoise\n>p1 switch 6\n>p2 switch 4\n>p1 move suckerpunch\n>p2 move freezedry\n>p2 switch 6\n>p1 move crunch\n>p2 move hydropump\n>p1 switch 3\n>p1 switch 4\n>p2 switch 4\n>p1 move trick\n>p2 switch 5\n>p1 switch 2\n>p2 move knockoff\n>p1 move roost\n>p2 switch 2\n>p1 move bravebird\n>p2 move dragondance\n>p1 switch 4\n>p2 move outrage\n>p1 switch 6\n>p1 move dazzlinggleam\n>p2 move outrage\n>p1 move dazzlinggleam\n>p2 move dragonascent\n>p1 move dazzlinggleam\n>p2 move dragonascent\n>p1 switch 4\n>p1 move dragonascent\n>p2 move dragonascent\n>p2 switch 2\n>p1 move dragonascent\n>p2 move knockoff\n>p1 switch 2\n>p1 move sludgewave\n>p2 move knockoff", "uploadtime": 1781461812, "views": 5, "formatid": "gen9randombattle", "rating": null, "private": 0, "password": null}