{"id": "gen9randombattle-2631838856", "format": "[Gen 9] Random Battle", "players": ["shuckletheshuckle", "theancientchungus"], "log": "|j|\u2606shuckletheshuckle\n|j|\u2606theancientchungus\n|t:|1781446611\n|gametype|singles\n|player|p1|shuckletheshuckle|102|1994\n|player|p2|theancientchungus|swimmer-gen4|2077\n|gen|9\n|tier|[Gen 9] Random Battle\n|rated|\n|rule|Species Clause: Limit one of each Pok\u00e9mon\n|rule|HP Percentage Mod: HP is shown in percentages\n|rule|Sleep Clause Mod: Limit one foe put to sleep\n|rule|Illusion Level Mod: Illusion disguises the Pok\u00e9mon's true level\n|\n|t:|1781446611\n|teamsize|p1|6\n|teamsize|p2|6\n|start\n|switch|p1a: Probopass|Probopass, L91, M|257/257\n|switch|p2a: Scream Tail|Scream Tail, L84|330/330\n|turn|1\n|\n|t:|1781446630\n|-end|p2a: Scream Tail|Protosynthesis|[silent]\n|switch|p2a: Cresselia|Cresselia, L80, F|323/323\n|switch|p1a: Ariados|Ariados, L95, M|287/287\n|\n|upkeep\n|turn|2\n|\n|t:|1781446642\n|move|p2a: Cresselia|Psyshock|p1a: Ariados\n|-supereffective|p1a: Ariados\n|-damage|p1a: Ariados|155/287\n|move|p1a: Ariados|Knock Off|p2a: Cresselia\n|-supereffective|p2a: Cresselia\n|-damage|p2a: Cresselia|173/323\n|-enditem|p2a: Cresselia|Leftovers|[from] move: Knock Off|[of] p1a: Ariados\n|\n|upkeep\n|turn|3\n|\n|t:|1781446649\n|move|p2a: Cresselia|Psyshock|p1a: Ariados\n|-supereffective|p1a: Ariados\n|-damage|p1a: Ariados|11/287\n|move|p1a: Ariados|Megahorn|p2a: Cresselia\n|-supereffective|p2a: Cresselia\n|-damage|p2a: Cresselia|0 fnt\n|faint|p2a: Cresselia\n|\n|upkeep\n|\n|t:|1781446653\n|switch|p2a: Iron Moth|Iron Moth, L78|253/253\n|turn|4\n|\n|t:|1781446656\n|move|p2a: Iron Moth|Fiery Dance|p1a: Ariados\n|-supereffective|p1a: Ariados\n|-damage|p1a: Ariados|0 fnt\n|-boost|p2a: Iron Moth|spa|1\n|faint|p1a: Ariados\n|\n|upkeep\n|\n|t:|1781446660\n|switch|p1a: Komala|Komala, L88, F|258/258\n|-ability|p1a: Komala|Comatose\n|turn|5\n|\n|t:|1781446663\n|-end|p2a: Iron Moth|Quark Drive|[silent]\n|switch|p2a: Avalugg|Avalugg, L88, M|310/310\n|move|p1a: Komala|Earthquake|p2a: Avalugg\n|-damage|p2a: Avalugg|263/310\n|\n|upkeep\n|turn|6\n|\n|t:|1781446671\n|switch|p1a: Gardevoir|Gardevoir, L83, M|249/249\n|-ability|p1a: Gardevoir|Sturdy|Trace|[from] ability: Trace|[of] p2a: Avalugg\n|move|p2a: Avalugg|Body Press|p1a: Gardevoir\n|-resisted|p1a: Gardevoir\n|-damage|p1a: Gardevoir|214/249\n|\n|upkeep\n|turn|7\n|\n|t:|1781446676\n|switch|p2a: Scream Tail|Scream Tail, L84|330/330\n|move|p1a: Gardevoir|Trick|p2a: Scream Tail\n|-activate|p1a: Gardevoir|move: Trick|[of] p2a: Scream Tail\n|-item|p2a: Scream Tail|Choice Scarf|[from] move: Trick\n|-item|p1a: Gardevoir|Leftovers|[from] move: Trick\n|\n|-heal|p1a: Gardevoir|229/249|[from] item: Leftovers\n|upkeep\n|turn|8\n|\n|t:|1781446688\n|switch|p1a: Komala|Komala, L88, F|258/258\n|-ability|p1a: Komala|Comatose\n|move|p2a: Scream Tail|Play Rough|p1a: Komala\n|-damage|p1a: Komala|179/258\n|-unboost|p1a: Komala|atk|1\n|\n|upkeep\n|turn|9\n|\n|t:|1781446695\n|move|p2a: Scream Tail|Play Rough|p1a: Komala\n|-damage|p1a: Komala|101/258\n|move|p1a: Komala|Body Slam|p2a: Scream Tail\n|-damage|p2a: Scream Tail|266/330\n|-status|p2a: Scream Tail|par\n|\n|upkeep\n|turn|10\n|\n|t:|1781446701\n|switch|p1a: Probopass|Probopass, L91, M|257/257\n|move|p2a: Scream Tail|Play Rough|p1a: Probopass\n|-resisted|p1a: Probopass\n|-damage|p1a: Probopass|236/257\n|\n|upkeep\n|turn|11\n|\n|t:|1781446709\n|-end|p2a: Scream Tail|Protosynthesis|[silent]\n|switch|p2a: Crabominable|Crabominable, L90, M|321/321\n|move|p1a: Probopass|Iron Defense|p1a: Probopass\n|-boost|p1a: Probopass|def|2\n|\n|upkeep\n|turn|12\n|\n|t:|1781446713\n|move|p2a: Crabominable|Drain Punch|p1a: Probopass\n|-supereffective|p1a: Probopass\n|-damage|p1a: Probopass|0 fnt\n|faint|p1a: Probopass\n|\n|upkeep\n|\n|t:|1781446716\n|switch|p1a: Gardevoir|Gardevoir, L83, M|229/249\n|-ability|p1a: Gardevoir|Iron Fist|Trace|[from] ability: Trace|[of] p2a: Crabominable\n|turn|13\n|\n|t:|1781446720\n|switch|p2a: Scream Tail|Scream Tail, L84|266/330 par\n|move|p1a: Gardevoir|Moonblast|p2a: Scream Tail\n|-damage|p2a: Scream Tail|170/330 par\n|\n|-heal|p1a: Gardevoir|244/249|[from] item: Leftovers\n|upkeep\n|turn|14\n|\n|t:|1781446734\n|move|p1a: Gardevoir|Moonblast|p2a: Scream Tail\n|-damage|p2a: Scream Tail|73/330 par\n|move|p2a: Scream Tail|Play Rough|p1a: Gardevoir|[miss]\n|-miss|p2a: Scream Tail|p1a: Gardevoir\n|\n|-heal|p1a: Gardevoir|249/249|[from] item: Leftovers\n|upkeep\n|turn|15\n|\n|t:|1781446738\n|move|p1a: Gardevoir|Moonblast|p2a: Scream Tail\n|-damage|p2a: Scream Tail|0 fnt\n|faint|p2a: Scream Tail\n|-end|p2a: Scream Tail|Protosynthesis|[silent]\n|\n|upkeep\n|\n|t:|1781446744\n|switch|p2a: Iron Moth|Iron Moth, L78|253/253\n|turn|16\n|\n|t:|1781446748\n|move|p2a: Iron Moth|Sludge Wave|p1a: Gardevoir\n|-supereffective|p1a: Gardevoir\n|-damage|p1a: Gardevoir|0 fnt\n|faint|p1a: Gardevoir\n|\n|upkeep\n|\n|t:|1781446751\n|switch|p1a: Glastrier|Glastrier, L86|311/311\n|turn|17\n|\n|t:|1781446759\n|-end|p2a: Iron Moth|Quark Drive|[silent]\n|switch|p2a: Avalugg|Avalugg, L88, M|263/310\n|move|p1a: Glastrier|High Horsepower|p2a: Avalugg\n|-damage|p2a: Avalugg|181/310\n|\n|upkeep\n|turn|18\n|l|\u2606shuckletheshuckle\n|player|p1|\n|inactive|Battle timer is ON: inactive players will automatically lose when time's up. (requested by theancientchungus)\n|inactive|shuckletheshuckle has 30 seconds to reconnect!\n|inactive|shuckletheshuckle has 20 seconds to reconnect!\n|inactive|shuckletheshuckle has 15 seconds to reconnect!\n|inactive|shuckletheshuckle has 10 seconds to reconnect!\n|inactive|shuckletheshuckle has 5 seconds to reconnect!\n|-message|shuckletheshuckle lost due to inactivity.\n|\n|win|theancientchungus\n", "inputlog": ">version a8376a258c1d4662feba110a92103f3664a72141\n>start {\"formatid\":\"gen9randombattle\",\"seed\":\"sodium,d1e9397a0999ad9270750f7116591f17\",\"rated\":\"Rated battle\"}\n>player p1 {\"name\":\"shuckletheshuckle\",\"avatar\":\"102\",\"rating\":1994,\"seed\":\"sodium,78fceb2d1010413187bb182ff93074c1\"}\n>player p2 {\"name\":\"theancientchungus\",\"avatar\":\"swimmer-gen4\",\"rating\":2077,\"seed\":\"sodium,41587d3dc9a7fc8f8b2894046a985c0d\"}\n>p1 switch 6\n>p2 switch 5\n>p1 move knockoff\n>p2 move psyshock\n>p1 move megahorn\n>p2 move psyshock\n>p2 switch 2\n>p1 move stickyweb\n>p2 move fierydance\n>p1 switch 3\n>p1 move earthquake\n>p2 switch 6\n>p1 switch 5\n>p2 move bodypress\n>p1 move trick\n>p2 switch 5\n>p1 switch 5\n>p2 move playrough\n>p1 move bodyslam\n>p2 move playrough\n>p1 switch 6\n>p2 move playrough\n>p1 move irondefense\n>p2 switch 4\n>p1 move bodypress\n>p2 move drainpunch\n>p1 switch 5\n>p1 move moonblast\n>p2 switch 4\n>p1 move moonblast\n>p2 move playrough\n>p1 move moonblast\n>p2 move playrough\n>p2 switch 6\n>p1 move psyshock\n>p2 move sludgewave\n>p1 switch 4\n>p1 move highhorsepower\n>p2 switch 5\n>forcelose p1", "uploadtime": 1781446613, "views": 9, "formatid": "gen9randombattle", "rating": null, "private": 0, "password": null}