{"id": "gen9randombattle-2631540530", "format": "[Gen 9] Random Battle", "players": ["Jardenat", "Royher"], "log": "|j|\u2606Jardenat\n|j|\u2606Royher\n|t:|1781398651\n|gametype|singles\n|player|p1|Jardenat|marlon|2060\n|player|p2|Royher|zinzolin|2083\n|gen|9\n|tier|[Gen 9] Random Battle\n|rated|\n|rule|Species Clause: Limit one of each Pok\u00e9mon\n|rule|HP Percentage Mod: HP is shown in percentages\n|rule|Sleep Clause Mod: Limit one foe put to sleep\n|rule|Illusion Level Mod: Illusion disguises the Pok\u00e9mon's true level\n|\n|t:|1781398651\n|teamsize|p1|6\n|teamsize|p2|6\n|start\n|switch|p1a: Sableye|Sableye, L88, F|231/231\n|switch|p2a: Incineroar|Incineroar, L82, M|290/290\n|-ability|p2a: Incineroar|Intimidate|boost\n|-unboost|p1a: Sableye|atk|1\n|turn|1\n|inactive|Battle timer is ON: inactive players will automatically lose when time's up. (requested by Jardenat)\n|\n|t:|1781398672\n|switch|p1a: Koraidon|Koraidon, L64|235/235\n|-weather|SunnyDay|[from] ability: Orichalcum Pulse|[of] p1a: Koraidon\n|-activate|p1a: Koraidon|Orichalcum Pulse|[source]\n|move|p2a: Incineroar|Swords Dance|p2a: Incineroar\n|-boost|p2a: Incineroar|atk|2\n|\n|-weather|SunnyDay|[upkeep]\n|upkeep\n|turn|2\n|\n|t:|1781398679\n|switch|p2a: Politoed|Politoed, L88, F|302/302\n|-weather|RainDance|[from] ability: Drizzle|[of] p2a: Politoed\n|move|p1a: Koraidon|Collision Course|p2a: Politoed\n|-damage|p2a: Politoed|218/302\n|\n|-weather|RainDance|[upkeep]\n|upkeep\n|turn|3\n|\n|t:|1781398687\n|switch|p1a: Regice|Regice, L88|284/284\n|move|p2a: Politoed|Ice Beam|p1a: Regice\n|-resisted|p1a: Regice\n|-damage|p1a: Regice|260/284\n|\n|-weather|RainDance|[upkeep]\n|upkeep\n|turn|4\n|\n|t:|1781398692\n|switch|p2a: Orthworm|Orthworm, L88, M|266/266\n|move|p1a: Regice|Thunderbolt|p2a: Orthworm\n|-damage|p2a: Orthworm|175/266\n|\n|-weather|RainDance|[upkeep]\n|-heal|p2a: Orthworm|191/266|[from] item: Leftovers\n|upkeep\n|turn|5\n|\n|t:|1781398699\n|switch|p1a: Sableye|Sableye, L88, F|231/231\n|move|p2a: Orthworm|Spikes|p1a: Sableye\n|-sidestart|p1: Jardenat|Spikes\n|\n|-weather|RainDance|[upkeep]\n|-heal|p2a: Orthworm|207/266|[from] item: Leftovers\n|upkeep\n|turn|6\n|\n|t:|1781398706\n|move|p1a: Sableye|Thunder Wave|p2a: Orthworm\n|-status|p2a: Orthworm|par\n|move|p2a: Orthworm|Heavy Slam|p1a: Sableye\n|-damage|p1a: Sableye|99/231\n|\n|-weather|none\n|-heal|p1a: Sableye|113/231|[from] item: Leftovers\n|-heal|p2a: Orthworm|223/266 par|[from] item: Leftovers\n|upkeep\n|turn|7\n|\n|t:|1781398711\n|move|p1a: Sableye|Encore|p2a: Orthworm\n|-start|p2a: Orthworm|Encore\n|cant|p2a: Orthworm|par\n|\n|-heal|p1a: Sableye|127/231|[from] item: Leftovers\n|-heal|p2a: Orthworm|239/266 par|[from] item: Leftovers\n|upkeep\n|turn|8\n|\n|t:|1781398715\n|move|p1a: Sableye|Recover|p1a: Sableye\n|-heal|p1a: Sableye|231/231\n|cant|p2a: Orthworm|par\n|\n|-heal|p2a: Orthworm|255/266 par|[from] item: Leftovers\n|upkeep\n|turn|9\n|\n|t:|1781398718\n|move|p1a: Sableye|Knock Off|p2a: Orthworm\n|-damage|p2a: Orthworm|198/266 par\n|-enditem|p2a: Orthworm|Leftovers|[from] move: Knock Off|[of] p1a: Sableye\n|move|p2a: Orthworm|Heavy Slam|p1a: Sableye\n|-damage|p1a: Sableye|98/231\n|\n|-heal|p1a: Sableye|112/231|[from] item: Leftovers\n|-end|p2a: Orthworm|Encore\n|upkeep\n|turn|10\n|\n|t:|1781398729\n|switch|p1a: Koraidon|Koraidon, L64|235/235\n|-damage|p1a: Koraidon|206/235|[from] Spikes\n|-weather|SunnyDay|[from] ability: Orichalcum Pulse|[of] p1a: Koraidon\n|-activate|p1a: Koraidon|Orichalcum Pulse|[source]\n|move|p2a: Orthworm|Spikes|p1a: Koraidon\n|-sidestart|p1: Jardenat|Spikes\n|\n|-weather|SunnyDay|[upkeep]\n|upkeep\n|turn|11\n|\n|t:|1781398739\n|switch|p2a: Politoed|Politoed, L88, F|218/302\n|-weather|RainDance|[from] ability: Drizzle|[of] p2a: Politoed\n|move|p1a: Koraidon|Collision Course|p2a: Politoed\n|-damage|p2a: Politoed|127/302\n|\n|-weather|RainDance|[upkeep]\n|upkeep\n|turn|12\n|\n|t:|1781398745\n|switch|p1a: Regice|Regice, L88|260/284\n|move|p2a: Politoed|Weather Ball|p1a: Regice\n|-damage|p1a: Regice|137/284\n|\n|-weather|RainDance|[upkeep]\n|upkeep\n|turn|13\n|\n|t:|1781398750\n|move|p2a: Politoed|Weather Ball|p1a: Regice\n|-damage|p1a: Regice|10/284\n|move|p1a: Regice|Rest|p1a: Regice\n|-status|p1a: Regice|slp|[from] move: Rest\n|-heal|p1a: Regice|284/284 slp|[silent]\n|\n|-weather|RainDance|[upkeep]\n|upkeep\n|turn|14\n|\n|t:|1781398759\n|move|p2a: Politoed|Weather Ball|p1a: Regice\n|-damage|p1a: Regice|164/284 slp\n|cant|p1a: Regice|slp\n|move|p1a: Regice|Sleep Talk|p1a: Regice\n|move|p1a: Regice|Thunderbolt|p2a: Politoed|[from] move: Sleep Talk\n|-supereffective|p2a: Politoed\n|-damage|p2a: Politoed|1/302\n|\n|-weather|RainDance|[upkeep]\n|upkeep\n|turn|15\n|\n|t:|1781398770\n|move|p2a: Politoed|Weather Ball|p1a: Regice\n|-damage|p1a: Regice|53/284 slp\n|cant|p1a: Regice|slp\n|move|p1a: Regice|Sleep Talk|p1a: Regice\n|move|p1a: Regice|Thunderbolt|p2a: Politoed|[from] move: Sleep Talk\n|-supereffective|p2a: Politoed\n|-damage|p2a: Politoed|0 fnt\n|faint|p2a: Politoed\n|\n|-weather|none\n|upkeep\n|\n|t:|1781398776\n|switch|p2a: Kleavor|Kleavor, L78, F|237/237\n|turn|16\n|\n|t:|1781398785\n|move|p2a: Kleavor|Stone Axe|p1a: Regice\n|-supereffective|p1a: Regice\n|-damage|p1a: Regice|0 fnt\n|-sidestart|p1: Jardenat|move: Stealth Rock\n|faint|p1a: Regice\n|\n|upkeep\n|\n|t:|1781398791\n|switch|p1a: Koraidon|Koraidon, L64|206/235\n|-damage|p1a: Koraidon|167/235|[from] Spikes\n|-damage|p1a: Koraidon|153/235|[from] Stealth Rock\n|-weather|SunnyDay|[from] ability: Orichalcum Pulse|[of] p1a: Koraidon\n|-activate|p1a: Koraidon|Orichalcum Pulse|[source]\n|turn|17\n|\n|t:|1781398801\n|switch|p2a: Orthworm|Orthworm, L88, M|198/266 par\n|move|p1a: Koraidon|Swords Dance|p1a: Koraidon\n|-boost|p1a: Koraidon|atk|2\n|\n|-weather|SunnyDay|[upkeep]\n|upkeep\n|turn|18\n|\n|t:|1781398808\n|move|p1a: Koraidon|Collision Course|p2a: Orthworm\n|-supereffective|p2a: Orthworm\n|-damage|p2a: Orthworm|0 fnt\n|faint|p2a: Orthworm\n|\n|-weather|SunnyDay|[upkeep]\n|upkeep\n|\n|t:|1781398818\n|switch|p2a: Koraidon|Koraidon, L64|235/235\n|-activate|p2a: Koraidon|ability: Orichalcum Pulse\n|turn|19\n|\n|t:|1781398834\n|move|p1a: Koraidon|Scale Shot|p2a: Koraidon\n|-supereffective|p2a: Koraidon\n|-damage|p2a: Koraidon|113/235\n|-supereffective|p2a: Koraidon\n|-damage|p2a: Koraidon|0 fnt\n|faint|p2a: Koraidon\n|-hitcount|p2: Koraidon|2\n|-unboost|p1a: Koraidon|def|1\n|-boost|p1a: Koraidon|spe|1\n|\n|-weather|SunnyDay|[upkeep]\n|upkeep\n|\n|t:|1781398839\n|switch|p2a: Incineroar|Incineroar, L82, M|290/290\n|-ability|p2a: Incineroar|Intimidate|boost\n|-unboost|p1a: Koraidon|atk|1\n|turn|20\n|\n|t:|1781398851\n|switch|p2a: Kleavor|Kleavor, L78, F|237/237\n|move|p1a: Koraidon|Collision Course|p2a: Kleavor\n|-damage|p2a: Kleavor|77/237\n|\n|-weather|SunnyDay|[upkeep]\n|upkeep\n|turn|21\n|\n|t:|1781398861\n|move|p1a: Koraidon|Collision Course|p2a: Kleavor\n|-damage|p2a: Kleavor|0 fnt\n|faint|p2a: Kleavor\n|\n|-weather|none\n|upkeep\n|\n|t:|1781398862\n|switch|p2a: Poliwrath|Poliwrath, L88, F|302/302\n|turn|22\n|\n|t:|1781398872\n|switch|p1a: Sableye|Sableye, L88, F|112/231\n|-damage|p1a: Sableye|74/231|[from] Spikes\n|-damage|p1a: Sableye|46/231|[from] Stealth Rock\n|move|p2a: Poliwrath|Bulk Up|p2a: Poliwrath\n|-boost|p2a: Poliwrath|atk|1\n|-boost|p2a: Poliwrath|def|1\n|\n|-heal|p1a: Sableye|60/231|[from] item: Leftovers\n|upkeep\n|turn|23\n|\n|t:|1781398876\n|switch|p2a: Incineroar|Incineroar, L82, M|290/290\n|-ability|p2a: Incineroar|Intimidate|boost\n|-unboost|p1a: Sableye|atk|1\n|move|p1a: Sableye|Encore|p2a: Incineroar\n|-hint|Since gen 7, Dark is immune to Prankster moves.\n|-immune|p2a: Incineroar\n|\n|-heal|p1a: Sableye|74/231|[from] item: Leftovers\n|upkeep\n|turn|24\n|\n|t:|1781398882\n|move|p1a: Sableye|Recover|p1a: Sableye\n|-heal|p1a: Sableye|190/231\n|move|p2a: Incineroar|Trailblaze|p1a: Sableye\n|-damage|p1a: Sableye|150/231\n|-boost|p2a: Incineroar|spe|1\n|\n|-heal|p1a: Sableye|164/231|[from] item: Leftovers\n|upkeep\n|turn|25\n|\n|t:|1781398891\n|switch|p1a: Slaking|Slaking, L84, M|389/389\n|-damage|p1a: Slaking|325/389|[from] Spikes\n|-damage|p1a: Slaking|277/389|[from] Stealth Rock\n|move|p2a: Incineroar|Swords Dance|p2a: Incineroar\n|-boost|p2a: Incineroar|atk|2\n|\n|upkeep\n|turn|26\n|\n|t:|1781398905\n|move|p2a: Incineroar|Knock Off|p1a: Slaking\n|-damage|p1a: Slaking|61/389\n|-enditem|p1a: Slaking|Choice Band|[from] move: Knock Off|[of] p2a: Incineroar\n|move|p1a: Slaking|Earthquake|p2a: Incineroar\n|-supereffective|p2a: Incineroar\n|-damage|p2a: Incineroar|96/290\n|\n|upkeep\n|turn|27\n|\n|t:|1781398914\n|move|p2a: Incineroar|Swords Dance|p2a: Incineroar\n|-boost|p2a: Incineroar|atk|2\n|cant|p1a: Slaking|ability: Truant\n|\n|upkeep\n|turn|28\n|\n|t:|1781398918\n|move|p2a: Incineroar|Trailblaze|p1a: Slaking\n|-damage|p1a: Slaking|0 fnt\n|-boost|p2a: Incineroar|spe|1\n|faint|p1a: Slaking\n|\n|upkeep\n|\n|t:|1781398925\n|switch|p1a: Munkidori|Munkidori, L79, M|269/269\n|-damage|p1a: Munkidori|225/269|[from] Spikes\n|-damage|p1a: Munkidori|192/269|[from] Stealth Rock\n|turn|29\n|\n|t:|1781398927\n|move|p1a: Munkidori|Fake Out|p2a: Incineroar\n|-damage|p2a: Incineroar|73/290\n|cant|p2a: Incineroar|flinch\n|\n|upkeep\n|turn|30\n|\n|t:|1781398934\n|switch|p1a: Sableye|Sableye, L88, F|164/231\n|-damage|p1a: Sableye|126/231|[from] Spikes\n|-damage|p1a: Sableye|98/231|[from] Stealth Rock\n|move|p2a: Incineroar|Knock Off|p1a: Sableye\n|-damage|p1a: Sableye|0 fnt\n|-enditem|p1a: Sableye|Leftovers|[from] move: Knock Off|[of] p2a: Incineroar\n|faint|p1a: Sableye\n|\n|upkeep\n|\n|t:|1781398936\n|switch|p1a: Munkidori|Munkidori, L79, M|192/269\n|-damage|p1a: Munkidori|148/269|[from] Spikes\n|-damage|p1a: Munkidori|115/269|[from] Stealth Rock\n|turn|31\n|\n|t:|1781398939\n|move|p1a: Munkidori|Fake Out|p2a: Incineroar\n|-crit|p2a: Incineroar\n|-damage|p2a: Incineroar|43/290\n|cant|p2a: Incineroar|flinch\n|\n|upkeep\n|turn|32\n|\n|t:|1781398955\n|switch|p1a: Koraidon|Koraidon, L64|153/235\n|-damage|p1a: Koraidon|114/235|[from] Spikes\n|-damage|p1a: Koraidon|100/235|[from] Stealth Rock\n|-weather|SunnyDay|[from] ability: Orichalcum Pulse|[of] p1a: Koraidon\n|-activate|p1a: Koraidon|Orichalcum Pulse|[source]\n|move|p2a: Incineroar|Knock Off|p1a: Koraidon\n|-resisted|p1a: Koraidon\n|-damage|p1a: Koraidon|0 fnt\n|-enditem|p1a: Koraidon|Loaded Dice|[from] move: Knock Off|[of] p2a: Incineroar\n|faint|p1a: Koraidon\n|\n|-weather|SunnyDay|[upkeep]\n|upkeep\n|\n|t:|1781398957\n|switch|p1a: Munkidori|Munkidori, L79, M|115/269\n|-damage|p1a: Munkidori|71/269|[from] Spikes\n|-damage|p1a: Munkidori|38/269|[from] Stealth Rock\n|turn|33\n|\n|t:|1781398962\n|move|p1a: Munkidori|Fake Out|p2a: Incineroar\n|-damage|p2a: Incineroar|20/290\n|cant|p2a: Incineroar|flinch\n|\n|-weather|SunnyDay|[upkeep]\n|upkeep\n|turn|34\n|\n|t:|1781398968\n|move|p2a: Incineroar|Knock Off|p1a: Munkidori\n|-supereffective|p1a: Munkidori\n|-damage|p1a: Munkidori|0 fnt\n|-enditem|p1a: Munkidori|Assault Vest|[from] move: Knock Off|[of] p2a: Incineroar\n|faint|p1a: Munkidori\n|\n|-weather|SunnyDay|[upkeep]\n|upkeep\n|\n|t:|1781398971\n|switch|p1a: Polteageist|Polteageist, L78|222/222\n|-damage|p1a: Polteageist|185/222|[from] Spikes\n|-damage|p1a: Polteageist|158/222|[from] Stealth Rock\n|turn|35\n|\n|t:|1781398975\n|-terastallize|p1a: Polteageist|Fighting\n|move|p2a: Incineroar|Flare Blitz|p1a: Polteageist\n|-damage|p1a: Polteageist|0 fnt\n|-start|p2a: Incineroar|Disable|Flare Blitz|[from] ability: Cursed Body|[of] p1a: Polteageist\n|faint|p1a: Polteageist\n|-damage|p2a: Incineroar|0 fnt|[from] Recoil\n|faint|p2a: Incineroar\n|\n|win|Royher\n", "uploadtime": 1781398653, "views": 3, "formatid": "gen9randombattle", "rating": null, "private": 0, "password": null}