{"id": "gen9randombattle-2631791556", "format": "[Gen 9] Random Battle", "players": ["Ggstarmie", "Ararara tsk"], "log": "|j|\u2606Ggstarmie\n|j|\u2606Ararara tsk\n|t:|1781440253\n|gametype|singles\n|player|p1|Ggstarmie|1|2023\n|player|p2|Ararara tsk|1|2030\n|gen|9\n|tier|[Gen 9] Random Battle\n|rated|\n|rule|Species Clause: Limit one of each Pok\u00e9mon\n|rule|HP Percentage Mod: HP is shown in percentages\n|rule|Sleep Clause Mod: Limit one foe put to sleep\n|rule|Illusion Level Mod: Illusion disguises the Pok\u00e9mon's true level\n|\n|t:|1781440253\n|teamsize|p1|6\n|teamsize|p2|6\n|start\n|switch|p1a: Frosmoth|Frosmoth, L82, F|249/249\n|switch|p2a: Lokix|Lokix, L82, F|251/251\n|turn|1\n|inactive|Battle timer is ON: inactive players will automatically lose when time's up. (requested by Ararara tsk)\n|\n|t:|1781440264\n|switch|p1a: Granbull|Granbull, L88, M|302/302\n|-ability|p1a: Granbull|Intimidate|boost\n|-unboost|p2a: Lokix|atk|1\n|move|p2a: Lokix|First Impression|p1a: Granbull\n|-resisted|p1a: Granbull\n|-damage|p1a: Granbull|228/302\n|\n|-heal|p1a: Granbull|246/302|[from] item: Leftovers\n|upkeep\n|turn|2\n|\n|t:|1781440267\n|move|p2a: Lokix|U-turn|p1a: Granbull\n|-resisted|p1a: Granbull\n|-damage|p1a: Granbull|180/302\n|\n|t:|1781440275\n|switch|p2a: Eelektross|Eelektross, L87, M|290/290|[from] U-turn\n|move|p1a: Granbull|Thunder Wave|p2a: Eelektross|[miss]\n|-miss|p1a: Granbull|p2a: Eelektross\n|\n|-heal|p1a: Granbull|198/302|[from] item: Leftovers\n|upkeep\n|turn|3\n|\n|t:|1781440286\n|move|p2a: Eelektross|Coil|p2a: Eelektross\n|-boost|p2a: Eelektross|atk|1\n|-boost|p2a: Eelektross|def|1\n|-boost|p2a: Eelektross|accuracy|1\n|move|p1a: Granbull|Play Rough|p2a: Eelektross\n|-damage|p2a: Eelektross|209/290\n|-unboost|p2a: Eelektross|atk|1\n|\n|-heal|p2a: Eelektross|227/290|[from] item: Leftovers\n|-heal|p1a: Granbull|216/302|[from] item: Leftovers\n|upkeep\n|turn|4\n|\n|t:|1781440299\n|move|p2a: Eelektross|Coil|p2a: Eelektross\n|-boost|p2a: Eelektross|atk|1\n|-boost|p2a: Eelektross|def|1\n|-boost|p2a: Eelektross|accuracy|1\n|move|p1a: Granbull|Roar|p2a: Eelektross\n|drag|p2a: Lokix|Lokix, L82, F|251/251\n|\n|-heal|p1a: Granbull|234/302|[from] item: Leftovers\n|upkeep\n|turn|5\n|\n|t:|1781440304\n|move|p2a: Lokix|U-turn|p1a: Granbull\n|-resisted|p1a: Granbull\n|-damage|p1a: Granbull|144/302\n|\n|t:|1781440307\n|switch|p2a: Eelektross|Eelektross, L87, M|227/290|[from] U-turn\n|move|p1a: Granbull|Play Rough|p2a: Eelektross\n|-damage|p2a: Eelektross|97/290\n|\n|-heal|p2a: Eelektross|115/290|[from] item: Leftovers\n|-heal|p1a: Granbull|162/302|[from] item: Leftovers\n|upkeep\n|turn|6\n|\n|t:|1781440313\n|move|p2a: Eelektross|Supercell Slam|p1a: Granbull\n|-damage|p1a: Granbull|30/302\n|move|p1a: Granbull|Play Rough|p2a: Eelektross\n|-damage|p2a: Eelektross|0 fnt\n|faint|p2a: Eelektross\n|\n|-heal|p1a: Granbull|48/302|[from] item: Leftovers\n|upkeep\n|\n|t:|1781440316\n|switch|p2a: Lokix|Lokix, L82, F|251/251\n|turn|7\n|\n|t:|1781440323\n|move|p2a: Lokix|First Impression|p1a: Granbull\n|-resisted|p1a: Granbull\n|-damage|p1a: Granbull|0 fnt\n|faint|p1a: Granbull\n|\n|upkeep\n|\n|t:|1781440327\n|switch|p1a: Palkia|Palkia-Origin, L72|249/249\n|-ability|p1a: Palkia|Pressure\n|turn|8\n|\n|t:|1781440340\n|move|p1a: Palkia|Fire Blast|p2a: Lokix\n|-supereffective|p2a: Lokix\n|-damage|p2a: Lokix|21/251\n|move|p2a: Lokix|U-turn|p1a: Palkia\n|-damage|p1a: Palkia|156/249\n|\n|t:|1781440345\n|switch|p2a: Meowscarada|Meowscarada, L78, F|247/247|[from] U-turn\n|\n|upkeep\n|turn|9\n|\n|t:|1781440358\n|move|p2a: Meowscarada|Toxic Spikes|p1a: Palkia\n|-start|p2a: Meowscarada|typechange|Poison|[from] ability: Protean\n|-sidestart|p1: Ggstarmie|move: Toxic Spikes\n|move|p1a: Palkia|Thunder Wave|p2a: Meowscarada|[miss]\n|-miss|p1a: Palkia|p2a: Meowscarada\n|\n|upkeep\n|turn|10\n|\n|t:|1781440364\n|move|p2a: Meowscarada|Triple Axel|p1a: Palkia\n|-damage|p1a: Palkia|137/249\n|-damage|p1a: Palkia|97/249\n|-damage|p1a: Palkia|36/249\n|-hitcount|p1a: Palkia|3\n|-damage|p2a: Meowscarada|223/247|[from] item: Life Orb\n|move|p1a: Palkia|Thunder Wave|p2a: Meowscarada\n|-status|p2a: Meowscarada|par\n|\n|upkeep\n|turn|11\n|\n|t:|1781440369\n|move|p1a: Palkia|Draco Meteor|p2a: Meowscarada|[miss]\n|-miss|p1a: Palkia|p2a: Meowscarada\n|move|p2a: Meowscarada|Knock Off|p1a: Palkia\n|-damage|p1a: Palkia|0 fnt\n|faint|p1a: Palkia\n|-damage|p2a: Meowscarada|199/247 par|[from] item: Life Orb\n|\n|upkeep\n|\n|t:|1781440377\n|switch|p1a: Ursaluna|Ursaluna-Bloodmoon, L79, M|308/308\n|-status|p1a: Ursaluna|psn\n|turn|12\n|\n|t:|1781440384\n|switch|p2a: Glalie|Glalie, L96, M|309/309\n|move|p1a: Ursaluna|Blood Moon|p2a: Glalie\n|-damage|p2a: Glalie|152/309\n|\n|-damage|p1a: Ursaluna|270/308 psn|[from] psn\n|upkeep\n|turn|13\n|\n|t:|1781440390\n|switch|p1a: Frosmoth|Frosmoth, L82, F|249/249\n|move|p2a: Glalie|Freeze-Dry|p1a: Frosmoth\n|-resisted|p1a: Frosmoth\n|-damage|p1a: Frosmoth|227/249\n|\n|upkeep\n|turn|14\n|\n|t:|1781440394\n|move|p2a: Glalie|Taunt|p1a: Frosmoth\n|-start|p1a: Frosmoth|move: Taunt\n|cant|p1a: Frosmoth|move: Taunt|Quiver Dance\n|\n|upkeep\n|turn|15\n|\n|t:|1781440406\n|move|p2a: Glalie|Spikes|p1a: Frosmoth\n|-sidestart|p1: Ggstarmie|Spikes\n|move|p1a: Frosmoth|Ice Beam|p2a: Glalie\n|-resisted|p2a: Glalie\n|-damage|p2a: Glalie|97/309\n|\n|upkeep\n|turn|16\n|\n|t:|1781440416\n|move|p2a: Glalie|Spikes|p1a: Frosmoth\n|-sidestart|p1: Ggstarmie|Spikes\n|move|p1a: Frosmoth|Giga Drain|p2a: Glalie\n|-damage|p2a: Glalie|42/309\n|-heal|p1a: Frosmoth|249/249|[from] drain|[of] p2a: Glalie\n|\n|-end|p1a: Frosmoth|move: Taunt\n|upkeep\n|turn|17\n|\n|t:|1781440423\n|move|p2a: Glalie|Taunt|p1a: Frosmoth\n|-start|p1a: Frosmoth|move: Taunt\n|move|p1a: Frosmoth|Giga Drain|p2a: Glalie\n|-damage|p2a: Glalie|0 fnt\n|faint|p2a: Glalie\n|\n|upkeep\n|\n|t:|1781440426\n|switch|p2a: Lokix|Lokix, L82, F|21/251\n|turn|18\n|\n|t:|1781440435\n|switch|p1a: Ursaluna|Ursaluna-Bloodmoon, L79, M|270/308 psn\n|-damage|p1a: Ursaluna|219/308 psn|[from] Spikes\n|move|p2a: Lokix|First Impression|p1a: Ursaluna\n|-damage|p1a: Ursaluna|131/308 psn\n|\n|-heal|p1a: Ursaluna|150/308 psn|[from] item: Leftovers\n|-damage|p1a: Ursaluna|112/308 psn|[from] psn\n|upkeep\n|turn|19\n|\n|t:|1781440447\n|move|p1a: Ursaluna|Vacuum Wave|p2a: Lokix\n|-damage|p2a: Lokix|0 fnt\n|faint|p2a: Lokix\n|\n|-heal|p1a: Ursaluna|131/308 psn|[from] item: Leftovers\n|-damage|p1a: Ursaluna|93/308 psn|[from] psn\n|upkeep\n|\n|t:|1781440452\n|switch|p2a: Cloyster|Cloyster, L80, F|211/211\n|turn|20\n|\n|t:|1781440457\n|move|p2a: Cloyster|Icicle Spear|p1a: Ursaluna\n|-supereffective|p1a: Ursaluna\n|-damage|p1a: Ursaluna|49/308 psn\n|-supereffective|p1a: Ursaluna\n|-damage|p1a: Ursaluna|5/308 psn\n|-supereffective|p1a: Ursaluna\n|-damage|p1a: Ursaluna|0 fnt\n|faint|p1a: Ursaluna\n|-hitcount|p1: Ursaluna|3\n|\n|upkeep\n|\n|t:|1781440459\n|switch|p1a: Thundurus|Thundurus, L80, M|258/258\n|turn|21\n|\n|t:|1781440463\n|-terastallize|p2a: Cloyster|Ground\n|move|p1a: Thundurus|Thunderbolt|p2a: Cloyster\n|-immune|p2a: Cloyster\n|move|p2a: Cloyster|Shell Smash|p2a: Cloyster\n|-unboost|p2a: Cloyster|def|1\n|-unboost|p2a: Cloyster|spd|1\n|-boost|p2a: Cloyster|atk|2\n|-boost|p2a: Cloyster|spa|2\n|-boost|p2a: Cloyster|spe|2\n|-enditem|p2a: Cloyster|White Herb\n|-clearnegativeboost|p2a: Cloyster|[silent]\n|\n|upkeep\n|turn|22\n|\n|t:|1781440470\n|move|p2a: Cloyster|Icicle Spear|p1a: Thundurus\n|-supereffective|p1a: Thundurus\n|-damage|p1a: Thundurus|144/258\n|-supereffective|p1a: Thundurus\n|-damage|p1a: Thundurus|30/258\n|-supereffective|p1a: Thundurus\n|-damage|p1a: Thundurus|0 fnt\n|faint|p1a: Thundurus\n|-hitcount|p1: Thundurus|3\n|\n|upkeep\n|\n|t:|1781440476\n|switch|p1a: Frosmoth|Frosmoth, L82, F|249/249\n|turn|23\n|\n|t:|1781440480\n|move|p2a: Cloyster|Rock Blast|p1a: Frosmoth\n|-supereffective|p1a: Frosmoth\n|-damage|p1a: Frosmoth|69/249\n|-supereffective|p1a: Frosmoth\n|-damage|p1a: Frosmoth|0 fnt\n|faint|p1a: Frosmoth\n|-hitcount|p1: Frosmoth|2\n|\n|upkeep\n|\n|t:|1781440483\n|switch|p1a: Houndstone|Houndstone, L86, F|264/264\n|-status|p1a: Houndstone|psn\n|-damage|p1a: Houndstone|220/264 psn|[from] Spikes\n|turn|24\n|\n|t:|1781440490\n|-terastallize|p1a: Houndstone|Fighting\n|move|p2a: Cloyster|Icicle Spear|p1a: Houndstone\n|-damage|p1a: Houndstone|174/264 psn\n|-damage|p1a: Houndstone|134/264 psn\n|-damage|p1a: Houndstone|94/264 psn\n|-damage|p1a: Houndstone|48/264 psn\n|-damage|p1a: Houndstone|6/264 psn\n|-hitcount|p1a: Houndstone|5\n|move|p1a: Houndstone|Body Press|p2a: Cloyster\n|-crit|p2a: Cloyster\n|-damage|p2a: Cloyster|130/211\n|\n|-heal|p1a: Houndstone|22/264 psn|[from] item: Leftovers\n|-damage|p1a: Houndstone|0 fnt|[from] psn\n|faint|p1a: Houndstone\n|\n|win|Ararara tsk\n", "inputlog": ">version a8376a258c1d4662feba110a92103f3664a72141\n>start {\"formatid\":\"gen9randombattle\",\"seed\":\"sodium,55d1dea406572a646297a6f46e8ecd20\",\"rated\":\"Rated battle\"}\n>player p1 {\"name\":\"Ggstarmie\",\"avatar\":\"1\",\"rating\":2023,\"seed\":\"sodium,94c6da343aac23d62c1e8ddf369c72b2\"}\n>player p2 {\"name\":\"Ararara tsk\",\"avatar\":\"1\",\"rating\":2030,\"seed\":\"sodium,681161539eadcd49ae409cfa7bf669a0\"}\n>p1 switch 6\n>p2 move firstimpression\n>p1 move thunderwave\n>p2 move uturn\n>p2 switch 6\n>p1 move playrough\n>p2 move coil\n>p1 move roar\n>p2 move coil\n>p1 move playrough\n>p2 move uturn\n>p2 switch 6\n>p1 move playrough\n>p2 move supercellslam\n>p2 switch 6\n>p1 move playrough\n>p2 move firstimpression\n>p1 switch 3\n>p1 move fireblast\n>p2 move uturn\n>p2 switch 2\n>p1 move thunderwave\n>p2 move toxicspikes\n>p1 move thunderwave\n>p2 move tripleaxel\n>p1 move dracometeor\n>p2 move knockoff\n>p1 switch 4\n>p1 move bloodmoon\n>p2 switch 4\n>p1 switch 6\n>p2 move freezedry\n>p1 move quiverdance\n>p2 move taunt\n>p1 move icebeam\n>p2 move spikes\n>p1 move gigadrain\n>p2 move spikes\n>p1 move gigadrain\n>p2 move taunt\n>p2 switch 2\n>p1 switch 6\n>p2 move firstimpression\n>p1 move vacuumwave\n>p2 move uturn\n>p2 switch 5\n>p1 move bloodmoon\n>p2 move iciclespear\n>p1 switch 2\n>p1 move thunderbolt\n>p2 move shellsmash terastallize\n>p1 move grassknot\n>p2 move iciclespear\n>p1 switch 6\n>p1 move icebeam\n>p2 move rockblast\n>p1 switch 5\n>p1 move bodypress terastallize\n>p2 move iciclespear", "uploadtime": 1781440256, "views": 10, "formatid": "gen9randombattle", "rating": null, "private": 0, "password": null}