{"id": "gen9randombattle-2631576527", "format": "[Gen 9] Random Battle", "players": ["protoing", "gothrattt"], "log": "|j|\u2606protoing\n|j|\u2606gothrattt\n|t:|1781403595\n|gametype|singles\n|player|p1|protoing|roxie|1310\n|player|p2|gothrattt|bellelba|1313\n|gen|9\n|tier|[Gen 9] Random Battle\n|rated|\n|rule|Species Clause: Limit one of each Pok\u00e9mon\n|rule|HP Percentage Mod: HP is shown in percentages\n|rule|Sleep Clause Mod: Limit one foe put to sleep\n|rule|Illusion Level Mod: Illusion disguises the Pok\u00e9mon's true level\n|\n|t:|1781403595\n|teamsize|p1|6\n|teamsize|p2|6\n|start\n|switch|p1a: Umbreon|Umbreon, L84, M|297/297\n|switch|p2a: Golduck|Golduck, L90, F|290/290\n|-ability|p2a: Golduck|Cloud Nine\n|turn|1\n|inactive|Battle timer is ON: inactive players will automatically lose when time's up. (requested by gothrattt)\n|\n|t:|1781403612\n|move|p2a: Golduck|Nasty Plot|p2a: Golduck\n|-boost|p2a: Golduck|spa|2\n|move|p1a: Umbreon|Toxic|p2a: Golduck\n|-status|p2a: Golduck|tox\n|\n|-damage|p2a: Golduck|272/290 tox|[from] psn\n|upkeep\n|turn|2\n|\n|t:|1781403621\n|move|p1a: Umbreon|Protect|p1a: Umbreon\n|-singleturn|p1a: Umbreon|Protect\n|move|p2a: Golduck|Hydro Pump|p1a: Umbreon\n|-activate|p1a: Umbreon|move: Protect\n|\n|-damage|p2a: Golduck|236/290 tox|[from] psn\n|upkeep\n|turn|3\n|\n|t:|1781403629\n|switch|p1a: Piloswine|Piloswine, L85, F|309/309\n|move|p2a: Golduck|Ice Beam|p1a: Piloswine\n|-damage|p1a: Piloswine|234/309\n|-damage|p2a: Golduck|207/290 tox|[from] item: Life Orb\n|\n|-damage|p2a: Golduck|153/290 tox|[from] psn\n|upkeep\n|turn|4\n|\n|t:|1781403638\n|move|p2a: Golduck|Hydro Pump|p1a: Piloswine\n|-supereffective|p1a: Piloswine\n|-damage|p1a: Piloswine|0 fnt\n|faint|p1a: Piloswine\n|-damage|p2a: Golduck|124/290 tox|[from] item: Life Orb\n|\n|-damage|p2a: Golduck|52/290 tox|[from] psn\n|upkeep\n|\n|t:|1781403646\n|switch|p1a: Umbreon|Umbreon, L84, M|297/297\n|turn|5\n|\n|t:|1781403652\n|move|p1a: Umbreon|Protect|p1a: Umbreon\n|-singleturn|p1a: Umbreon|Protect\n|move|p2a: Golduck|Hydro Pump|p1a: Umbreon\n|-activate|p1a: Umbreon|move: Protect\n|\n|-damage|p2a: Golduck|0 fnt|[from] psn\n|faint|p2a: Golduck\n|upkeep\n|\n|t:|1781403670\n|switch|p2a: Honchkrow|Honchkrow, L86, M|312/312\n|turn|6\n|\n|t:|1781403679\n|move|p2a: Honchkrow|Heat Wave|p1a: Umbreon\n|-damage|p1a: Umbreon|243/297\n|-status|p1a: Umbreon|brn\n|-activate|p1a: Umbreon|ability: Synchronize\n|-status|p2a: Honchkrow|brn\n|move|p1a: Umbreon|Toxic||[still]\n|-fail|p1a: Umbreon\n|\n|-heal|p1a: Umbreon|261/297 brn|[from] item: Leftovers\n|-damage|p2a: Honchkrow|293/312 brn|[from] brn\n|-damage|p1a: Umbreon|243/297 brn|[from] brn\n|upkeep\n|turn|7\n|\n|t:|1781403691\n|move|p2a: Honchkrow|Brave Bird|p1a: Umbreon\n|-damage|p1a: Umbreon|180/297 brn\n|-damage|p2a: Honchkrow|272/312 brn|[from] Recoil\n|move|p1a: Umbreon|Wish|p1a: Umbreon\n|\n|-heal|p1a: Umbreon|198/297 brn|[from] item: Leftovers\n|-damage|p2a: Honchkrow|253/312 brn|[from] brn\n|-damage|p1a: Umbreon|180/297 brn|[from] brn\n|upkeep\n|turn|8\n|\n|t:|1781403700\n|move|p2a: Honchkrow|U-turn|p1a: Umbreon\n|-supereffective|p1a: Umbreon\n|-damage|p1a: Umbreon|124/297 brn\n|\n|t:|1781403711\n|switch|p2a: Chesnaught|Chesnaught, L84, F|285/285|[from] U-turn\n|move|p1a: Umbreon|Foul Play|p2a: Chesnaught\n|-resisted|p2a: Chesnaught\n|-damage|p2a: Chesnaught|266/285\n|\n|-heal|p1a: Umbreon|272/297 brn|[from] move: Wish|[wisher] Umbreon\n|-heal|p1a: Umbreon|290/297 brn|[from] item: Leftovers\n|-heal|p2a: Chesnaught|283/285|[from] item: Leftovers\n|-damage|p1a: Umbreon|272/297 brn|[from] brn\n|upkeep\n|turn|9\n|\n|t:|1781403723\n|switch|p1a: Gengar|Gengar, L81, F|230/230\n|move|p2a: Chesnaught|Knock Off|p1a: Gengar\n|-supereffective|p1a: Gengar\n|-damage|p1a: Gengar|46/230\n|-start|p2a: Chesnaught|Disable|Knock Off|[from] ability: Cursed Body|[of] p1a: Gengar\n|-enditem|p1a: Gengar|Life Orb|[from] move: Knock Off|[of] p2a: Chesnaught\n|\n|-heal|p2a: Chesnaught|285/285|[from] item: Leftovers\n|upkeep\n|turn|10\n|\n|t:|1781403737\n|switch|p2a: Honchkrow|Honchkrow, L86, M|253/312 brn\n|move|p1a: Gengar|Sludge Wave|p2a: Honchkrow\n|-damage|p2a: Honchkrow|91/312 brn\n|\n|-damage|p2a: Honchkrow|72/312 brn|[from] brn\n|upkeep\n|turn|11\n|\n|t:|1781403744\n|switch|p1a: Umbreon|Umbreon, L84, M|272/297 brn\n|move|p2a: Honchkrow|Sucker Punch||[still]\n|-fail|p2a: Honchkrow\n|\n|-heal|p1a: Umbreon|290/297 brn|[from] item: Leftovers\n|-damage|p2a: Honchkrow|53/312 brn|[from] brn\n|-damage|p1a: Umbreon|272/297 brn|[from] brn\n|upkeep\n|turn|12\n|\n|t:|1781403752\n|move|p2a: Honchkrow|Heat Wave|p1a: Umbreon\n|-damage|p1a: Umbreon|221/297 brn\n|move|p1a: Umbreon|Wish|p1a: Umbreon\n|\n|-heal|p1a: Umbreon|239/297 brn|[from] item: Leftovers\n|-damage|p2a: Honchkrow|34/312 brn|[from] brn\n|-damage|p1a: Umbreon|221/297 brn|[from] brn\n|upkeep\n|turn|13\n|\n|t:|1781403758\n|switch|p1a: Gengar|Gengar, L81, F|46/230\n|move|p2a: Honchkrow|Brave Bird|p1a: Gengar\n|-damage|p1a: Gengar|0 fnt\n|faint|p1a: Gengar\n|-ability|p2a: Honchkrow|Moxie|boost\n|-boost|p2a: Honchkrow|atk|1\n|-damage|p2a: Honchkrow|19/312 brn|[from] Recoil\n|\n|-damage|p2a: Honchkrow|0 fnt|[from] brn\n|faint|p2a: Honchkrow\n|upkeep\n|\n|t:|1781403770\n|switch|p1a: Umbreon|Umbreon, L84, M|221/297 brn\n|switch|p2a: Chesnaught|Chesnaught, L84, F|285/285\n|turn|14\n|\n|t:|1781403787\n|-terastallize|p2a: Chesnaught|Steel\n|move|p1a: Umbreon|Protect|p1a: Umbreon\n|-singleturn|p1a: Umbreon|Protect\n|move|p2a: Chesnaught|Body Press|p1a: Umbreon\n|-activate|p1a: Umbreon|move: Protect\n|\n|-heal|p1a: Umbreon|239/297 brn|[from] item: Leftovers\n|-damage|p1a: Umbreon|221/297 brn|[from] brn\n|upkeep\n|turn|15\n|\n|t:|1781403797\n|switch|p1a: Flutter Mane|Flutter Mane, L74|203/203\n|move|p2a: Chesnaught|Knock Off|p1a: Flutter Mane\n|-damage|p1a: Flutter Mane|96/203\n|-enditem|p1a: Flutter Mane|Life Orb|[from] move: Knock Off|[of] p2a: Chesnaught\n|\n|upkeep\n|turn|16\n|\n|t:|1781403811\n|move|p1a: Flutter Mane|Shadow Ball|p2a: Chesnaught\n|-immune|p2a: Chesnaught|[from] ability: Bulletproof\n|move|p2a: Chesnaught|Knock Off|p1a: Flutter Mane\n|-damage|p1a: Flutter Mane|17/203\n|\n|upkeep\n|turn|17\n|\n|t:|1781403820\n|move|p1a: Flutter Mane|Thunderbolt|p2a: Chesnaught\n|-damage|p2a: Chesnaught|208/285\n|move|p2a: Chesnaught|Knock Off|p1a: Flutter Mane\n|-damage|p1a: Flutter Mane|0 fnt\n|faint|p1a: Flutter Mane\n|-end|p1a: Flutter Mane|Protosynthesis|[silent]\n|\n|-heal|p2a: Chesnaught|225/285|[from] item: Leftovers\n|upkeep\n|\n|t:|1781403826\n|switch|p1a: Kingdra|Kingdra, L84, F|263/263\n|turn|18\n|\n|t:|1781403855\n|move|p1a: Kingdra|Dragon Dance|p1a: Kingdra\n|-boost|p1a: Kingdra|atk|1\n|-boost|p1a: Kingdra|spe|1\n|move|p2a: Chesnaught|Knock Off|p1a: Kingdra\n|-damage|p1a: Kingdra|196/263\n|-enditem|p1a: Kingdra|Lum Berry|[from] move: Knock Off|[of] p2a: Chesnaught\n|\n|-heal|p2a: Chesnaught|242/285|[from] item: Leftovers\n|upkeep\n|turn|19\n|\n|t:|1781403864\n|move|p1a: Kingdra|Wave Crash|p2a: Chesnaught\n|-damage|p2a: Chesnaught|107/285\n|-damage|p1a: Kingdra|151/263|[from] Recoil\n|move|p2a: Chesnaught|Wood Hammer|p1a: Kingdra\n|-damage|p1a: Kingdra|33/263\n|-damage|p2a: Chesnaught|68/285|[from] Recoil\n|\n|-heal|p2a: Chesnaught|85/285|[from] item: Leftovers\n|upkeep\n|turn|20\n|\n|t:|1781403872\n|move|p1a: Kingdra|Waterfall|p2a: Chesnaught\n|-damage|p2a: Chesnaught|0 fnt\n|faint|p2a: Chesnaught\n|\n|upkeep\n|\n|t:|1781403891\n|switch|p2a: Scream Tail|Scream Tail, L84|330/330\n|turn|21\n|\n|t:|1781403904\n|move|p1a: Kingdra|Wave Crash|p2a: Scream Tail\n|-damage|p2a: Scream Tail|150/330\n|-damage|p1a: Kingdra|0 fnt|[from] Recoil\n|faint|p1a: Kingdra\n|move|p2a: Scream Tail|Play Rough|p1: Kingdra|[notarget]\n|-fail|p2a: Scream Tail\n|\n|-heal|p2a: Scream Tail|170/330|[from] item: Leftovers\n|upkeep\n|\n|t:|1781403914\n|switch|p1a: Umbreon|Umbreon, L84, M|221/297 brn\n|turn|22\n|\n|t:|1781403921\n|move|p2a: Scream Tail|Wish|p2a: Scream Tail\n|move|p1a: Umbreon|Toxic|p2a: Scream Tail\n|-status|p2a: Scream Tail|tox\n|\n|-heal|p2a: Scream Tail|190/330 tox|[from] item: Leftovers\n|-heal|p1a: Umbreon|239/297 brn|[from] item: Leftovers\n|-damage|p2a: Scream Tail|170/330 tox|[from] psn\n|-damage|p1a: Umbreon|221/297 brn|[from] brn\n|upkeep\n|turn|23\n|\n|t:|1781403928\n|move|p2a: Scream Tail|Protect|p2a: Scream Tail\n|-singleturn|p2a: Scream Tail|Protect\n|move|p1a: Umbreon|Wish|p1a: Umbreon\n|\n|-heal|p2a: Scream Tail|330/330 tox|[from] move: Wish|[wisher] Scream Tail\n|-heal|p1a: Umbreon|239/297 brn|[from] item: Leftovers\n|-damage|p2a: Scream Tail|290/330 tox|[from] psn\n|-damage|p1a: Umbreon|221/297 brn|[from] brn\n|upkeep\n|turn|24\n|\n|t:|1781403937\n|-end|p2a: Scream Tail|Protosynthesis|[silent]\n|switch|p2a: Minior|Minior-Violet, L79|224/224\n|-formechange|p2a: Minior|Minior-Meteor||[from] ability: Shields Down\n|move|p1a: Umbreon|Protect||[still]\n|-fail|p1a: Umbreon\n|\n|-heal|p1a: Umbreon|297/297 brn|[from] move: Wish|[wisher] Umbreon\n|-damage|p1a: Umbreon|279/297 brn|[from] brn\n|upkeep\n|turn|25\n|\n|t:|1781403944\n|move|p1a: Umbreon|Foul Play|p2a: Minior\n|-damage|p2a: Minior|193/224\n|move|p2a: Minior|Shell Smash|p2a: Minior\n|-unboost|p2a: Minior|def|1\n|-unboost|p2a: Minior|spd|1\n|-boost|p2a: Minior|atk|2\n|-boost|p2a: Minior|spa|2\n|-boost|p2a: Minior|spe|2\n|-enditem|p2a: Minior|White Herb\n|-clearnegativeboost|p2a: Minior|[silent]\n|\n|-heal|p1a: Umbreon|297/297 brn|[from] item: Leftovers\n|-damage|p1a: Umbreon|279/297 brn|[from] brn\n|upkeep\n|turn|26\n|\n|t:|1781403956\n|move|p2a: Minior|Earthquake|p1a: Umbreon\n|-damage|p1a: Umbreon|199/297 brn\n|move|p1a: Umbreon|Foul Play|p2a: Minior\n|-damage|p2a: Minior|124/224\n|\n|-heal|p1a: Umbreon|217/297 brn|[from] item: Leftovers\n|-damage|p1a: Umbreon|199/297 brn|[from] brn\n|upkeep\n|turn|27\n|\n|t:|1781403964\n|move|p2a: Minior|Acrobatics|p1a: Umbreon\n|-damage|p1a: Umbreon|79/297 brn\n|move|p1a: Umbreon|Wish|p1a: Umbreon\n|\n|-heal|p1a: Umbreon|97/297 brn|[from] item: Leftovers\n|-damage|p1a: Umbreon|79/297 brn|[from] brn\n|upkeep\n|turn|28\n|\n|t:|1781403976\n|move|p2a: Minior|Shell Smash|p2a: Minior\n|-unboost|p2a: Minior|def|1\n|-unboost|p2a: Minior|spd|1\n|-boost|p2a: Minior|atk|2\n|-boost|p2a: Minior|spa|2\n|-boost|p2a: Minior|spe|2\n|move|p1a: Umbreon|Foul Play|p2a: Minior\n|-damage|p2a: Minior|0 fnt\n|faint|p2a: Minior\n|\n|-heal|p1a: Umbreon|227/297 brn|[from] move: Wish|[wisher] Umbreon\n|-heal|p1a: Umbreon|245/297 brn|[from] item: Leftovers\n|-damage|p1a: Umbreon|227/297 brn|[from] brn\n|upkeep\n|\n|t:|1781403988\n|switch|p2a: Scream Tail|Scream Tail, L84|290/330 tox\n|turn|29\n|\n|t:|1781403993\n|move|p2a: Scream Tail|Play Rough|p1a: Umbreon\n|-supereffective|p1a: Umbreon\n|-damage|p1a: Umbreon|111/297 brn\n|move|p1a: Umbreon|Wish|p1a: Umbreon\n|\n|-heal|p2a: Scream Tail|310/330 tox|[from] item: Leftovers\n|-heal|p1a: Umbreon|129/297 brn|[from] item: Leftovers\n|-damage|p2a: Scream Tail|290/330 tox|[from] psn\n|-damage|p1a: Umbreon|111/297 brn|[from] brn\n|upkeep\n|turn|30\n|\n|t:|1781404001\n|move|p1a: Umbreon|Protect|p1a: Umbreon\n|-singleturn|p1a: Umbreon|Protect\n|move|p2a: Scream Tail|Play Rough|p1a: Umbreon\n|-activate|p1a: Umbreon|move: Protect\n|\n|-heal|p1a: Umbreon|259/297 brn|[from] move: Wish|[wisher] Umbreon\n|-heal|p2a: Scream Tail|310/330 tox|[from] item: Leftovers\n|-heal|p1a: Umbreon|277/297 brn|[from] item: Leftovers\n|-damage|p2a: Scream Tail|270/330 tox|[from] psn\n|-damage|p1a: Umbreon|259/297 brn|[from] brn\n|upkeep\n|turn|31\n|\n|t:|1781404013\n|move|p2a: Scream Tail|Wish|p2a: Scream Tail\n|move|p1a: Umbreon|Wish|p1a: Umbreon\n|\n|-heal|p2a: Scream Tail|290/330 tox|[from] item: Leftovers\n|-heal|p1a: Umbreon|277/297 brn|[from] item: Leftovers\n|-damage|p2a: Scream Tail|230/330 tox|[from] psn\n|-damage|p1a: Umbreon|259/297 brn|[from] brn\n|upkeep\n|turn|32\n|\n|t:|1781404019\n|move|p2a: Scream Tail|Play Rough|p1a: Umbreon\n|-supereffective|p1a: Umbreon\n|-damage|p1a: Umbreon|139/297 brn\n|move|p1a: Umbreon|Foul Play|p2a: Scream Tail\n|-damage|p2a: Scream Tail|193/330 tox\n|\n|-heal|p2a: Scream Tail|330/330 tox|[from] move: Wish|[wisher] Scream Tail\n|-heal|p1a: Umbreon|287/297 brn|[from] move: Wish|[wisher] Umbreon\n|-heal|p1a: Umbreon|297/297 brn|[from] item: Leftovers\n|-damage|p2a: Scream Tail|250/330 tox|[from] psn\n|-damage|p1a: Umbreon|279/297 brn|[from] brn\n|upkeep\n|turn|33\n|\n|t:|1781404032\n|move|p2a: Scream Tail|Play Rough|p1a: Umbreon\n|-supereffective|p1a: Umbreon\n|-damage|p1a: Umbreon|147/297 brn\n|move|p1a: Umbreon|Wish|p1a: Umbreon\n|\n|-heal|p2a: Scream Tail|270/330 tox|[from] item: Leftovers\n|-heal|p1a: Umbreon|165/297 brn|[from] item: Leftovers\n|-damage|p2a: Scream Tail|170/330 tox|[from] psn\n|-damage|p1a: Umbreon|147/297 brn|[from] brn\n|upkeep\n|turn|34\n|\n|t:|1781404040\n|move|p1a: Umbreon|Protect|p1a: Umbreon\n|-singleturn|p1a: Umbreon|Protect\n|move|p2a: Scream Tail|Play Rough|p1a: Umbreon\n|-activate|p1a: Umbreon|move: Protect\n|\n|-heal|p1a: Umbreon|295/297 brn|[from] move: Wish|[wisher] Umbreon\n|-heal|p2a: Scream Tail|190/330 tox|[from] item: Leftovers\n|-heal|p1a: Umbreon|297/297 brn|[from] item: Leftovers\n|-damage|p2a: Scream Tail|70/330 tox|[from] psn\n|-damage|p1a: Umbreon|279/297 brn|[from] brn\n|upkeep\n|turn|35\n|\n|t:|1781404052\n|-end|p2a: Scream Tail|Protosynthesis|[silent]\n|switch|p2a: Typhlosion|Typhlosion-Hisui, L83, F|257/257\n|move|p1a: Umbreon|Foul Play|p2a: Typhlosion\n|-supereffective|p2a: Typhlosion\n|-damage|p2a: Typhlosion|184/257\n|\n|-heal|p1a: Umbreon|297/297 brn|[from] item: Leftovers\n|-damage|p1a: Umbreon|279/297 brn|[from] brn\n|upkeep\n|turn|36\n|\n|t:|1781404059\n|-terastallize|p1a: Umbreon|Poison\n|move|p2a: Typhlosion|Calm Mind|p2a: Typhlosion\n|-boost|p2a: Typhlosion|spa|1\n|-boost|p2a: Typhlosion|spd|1\n|move|p1a: Umbreon|Toxic|p2a: Typhlosion\n|-status|p2a: Typhlosion|tox\n|\n|-heal|p1a: Umbreon|297/297 brn|[from] item: Leftovers\n|-damage|p2a: Typhlosion|168/257 tox|[from] psn\n|-damage|p1a: Umbreon|279/297 brn|[from] brn\n|upkeep\n|turn|37\n|\n|t:|1781404077\n|move|p2a: Typhlosion|Shadow Ball|p1a: Umbreon\n|-damage|p1a: Umbreon|176/297 brn\n|move|p1a: Umbreon|Wish|p1a: Umbreon\n|\n|-heal|p1a: Umbreon|194/297 brn|[from] item: Leftovers\n|-damage|p2a: Typhlosion|136/257 tox|[from] psn\n|-damage|p1a: Umbreon|176/297 brn|[from] brn\n|upkeep\n|turn|38\n|\n|t:|1781404085\n|move|p2a: Typhlosion|Fire Blast|p1a: Umbreon\n|-damage|p1a: Umbreon|22/297 brn\n|move|p1a: Umbreon|Foul Play|p2a: Typhlosion\n|-supereffective|p2a: Typhlosion\n|-damage|p2a: Typhlosion|60/257 tox\n|\n|-heal|p1a: Umbreon|170/297 brn|[from] move: Wish|[wisher] Umbreon\n|-heal|p1a: Umbreon|188/297 brn|[from] item: Leftovers\n|-damage|p2a: Typhlosion|12/257 tox|[from] psn\n|-damage|p1a: Umbreon|170/297 brn|[from] brn\n|upkeep\n|turn|39\n|-message|gothrattt forfeited.\n|\n|win|protoing\n|raw|protoing's rating: 1310 &rarr; <strong>1330</strong><br />(+20 for winning)\n|raw|gothrattt's rating: 1313 &rarr; <strong>1293</strong><br />(-20 for losing)\n|l|\u2606gothrattt\n|player|p2|\n|c|\u2606protoing|gg\n", "inputlog": ">version a8376a258c1d4662feba110a92103f3664a72141\n>start {\"formatid\":\"gen9randombattle\",\"seed\":\"sodium,f0098d6415151f3d3b7f6724f439d298\",\"rated\":\"Rated battle\"}\n>player p1 {\"name\":\"protoing\",\"avatar\":\"roxie\",\"rating\":1310,\"seed\":\"sodium,e17c9ae3c18689f76f54afcae000bcb6\"}\n>player p2 {\"name\":\"gothrattt\",\"avatar\":\"bellelba\",\"rating\":1313,\"seed\":\"sodium,a32b90a3a6f17922e780db98f5b97d73\"}\n>p1 move toxic\n>p2 move nastyplot\n>p1 move protect\n>p2 move hydropump\n>p1 switch 3\n>p2 move icebeam\n>p1 move roar\n>p2 move hydropump\n>p1 switch 3\n>p1 move protect\n>p2 move hydropump\n>p2 switch 3\n>p1 move toxic\n>p2 move heatwave\n>p1 move wish\n>p2 move bravebird\n>p1 move foulplay\n>p2 move uturn\n>p2 switch 2\n>p1 switch 2\n>p2 move knockoff\n>p1 move sludgewave\n>p2 switch 2\n>p1 switch 2\n>p2 move suckerpunch\n>p1 move wish\n>p2 move heatwave\n>p1 switch 2\n>p2 move bravebird\n>p1 switch 2\n>p2 switch 2\n>p1 move protect\n>p2 move bodypress terastallize\n>p1 switch 6\n>p2 move knockoff\n>p1 move shadowball\n>p2 move knockoff\n>p1 move thunderbolt\n>p2 move knockoff\n>p1 switch 5\n>p1 move dragondance\n>p2 move knockoff\n>p1 move wavecrash\n>p2 move woodhammer\n>p1 move waterfall\n>p2 move synthesis\n>p2 switch 5\n>p1 move wavecrash\n>p2 move playrough\n>p1 switch 6\n>p1 move toxic\n>p2 move wish\n>p1 move wish\n>p2 move protect\n>p1 move protect\n>p2 switch 4\n>p1 move foulplay\n>p2 move shellsmash\n>p1 move foulplay\n>p2 move earthquake\n>p1 move wish\n>p2 move acrobatics\n>p1 move foulplay\n>p2 move shellsmash\n>p2 switch 4\n>p1 move wish\n>p2 move playrough\n>p1 move protect\n>p2 move playrough\n>p1 move wish\n>p2 move wish\n>p1 move foulplay\n>p2 move playrough\n>p1 move wish\n>p2 move playrough\n>p1 move protect\n>p2 move playrough\n>p1 move foulplay\n>p2 switch 6\n>p1 move toxic terastallize\n>p2 move calmmind\n>p1 move wish\n>p2 move shadowball\n>p1 move foulplay\n>p2 move fireblast\n>forcelose p2", "uploadtime": 1781404101, "views": 4, "formatid": "gen9randombattle", "rating": 1293, "private": 0, "password": null, "player_dets": [{"name": "protoing", "avatar": "roxie", "rating": 1310, "seed": "sodium,e17c9ae3c18689f76f54afcae000bcb6"}, {"name": "gothrattt", "avatar": "bellelba", "rating": 1313, "seed": "sodium,a32b90a3a6f17922e780db98f5b97d73"}], "teams_full": [{"Umbreon": {"name": "Umbreon", "species": "Umbreon", "speciesId": "umbreon", "gender": "M", "shiny": false, "level": 84, "moves": ["toxic", "foulplay", "wish", "protect"], "ability": "Synchronize", "evs": {"hp": 85, "atk": 0, "def": 85, "spa": 85, "spd": 85, "spe": 85}, "ivs": {"hp": 31, "atk": 0, "def": 31, "spa": 31, "spd": 31, "spe": 31}, "item": "Leftovers", "teraType": "Poison", "role": "Bulky Support", "bvs": {"hp": 95, "atk": 65, "def": 110, "spa": 60, "spd": 130, "spe": 65}, "stats": {"hp": 297, "atk": 114, "def": 233, "spa": 149, "spd": 267, "spe": 157}}, "Gengar": {"name": "Gengar", "species": "Gengar", "speciesId": "gengar", "gender": "F", "shiny": false, "level": 81, "moves": ["shadowball", "encore", "sludgewave", "focusblast"], "ability": "Cursed Body", "evs": {"hp": 85, "atk": 0, "def": 85, "spa": 85, "spd": 85, "spe": 85}, "ivs": {"hp": 31, "atk": 0, "def": 31, "spa": 31, "spd": 31, "spe": 31}, "item": "Life Orb", "teraType": "Fighting", "role": "Fast Attacker", "bvs": {"hp": 60, "atk": 65, "def": 60, "spa": 130, "spd": 75, "spe": 110}, "stats": {"hp": 230, "atk": 110, "def": 144, "spa": 257, "spd": 168, "spe": 225}}, "Piloswine": {"name": "Piloswine", "species": "Piloswine", "speciesId": "piloswine", "gender": "F", "shiny": false, "level": 85, "moves": ["iciclecrash", "roar", "earthquake", "iceshard"], "ability": "Thick Fat", "evs": {"hp": 85, "atk": 85, "def": 85, "spa": 85, "spd": 85, "spe": 85}, "ivs": {"hp": 31, "atk": 31, "def": 31, "spa": 31, "spd": 31, "spe": 31}, "item": "Eviolite", "teraType": "Dragon", "role": "Bulky Support", "bvs": {"hp": 100, "atk": 100, "def": 80, "spa": 60, "spd": 60, "spe": 50}, "stats": {"hp": 309, "atk": 219, "def": 185, "spa": 151, "spd": 151, "spe": 134}}, "Palkia": {"name": "Palkia", "species": "Palkia-Origin", "speciesId": "palkiaorigin", "gender": "N", "shiny": false, "level": 72, "moves": ["spacialrend", "thunderwave", "hydropump", "fireblast"], "ability": "Pressure", "evs": {"hp": 85, "atk": 0, "def": 85, "spa": 85, "spd": 85, "spe": 85}, "ivs": {"hp": 31, "atk": 0, "def": 31, "spa": 31, "spd": 31, "spe": 31}, "item": "Lustrous Globe", "teraType": "Dragon", "role": "Bulky Attacker", "bvs": {"hp": 90, "atk": 100, "def": 100, "spa": 150, "spd": 120, "spe": 120}, "stats": {"hp": 249, "atk": 149, "def": 186, "spa": 258, "spd": 215, "spe": 215}}, "Kingdra": {"name": "Kingdra", "species": "Kingdra", "speciesId": "kingdra", "gender": "F", "shiny": false, "level": 84, "moves": ["dragondance", "outrage", "waterfall", "wavecrash"], "ability": "Sniper", "evs": {"hp": 85, "atk": 85, "def": 85, "spa": 85, "spd": 85, "spe": 85}, "ivs": {"hp": 31, "atk": 31, "def": 31, "spa": 31, "spd": 31, "spe": 31}, "item": "Lum Berry", "teraType": "Water", "role": "Setup Sweeper", "bvs": {"hp": 75, "atk": 95, "def": 95, "spa": 95, "spd": 95, "spe": 85}, "stats": {"hp": 263, "atk": 208, "def": 208, "spa": 208, "spd": 208, "spe": 191}}, "Flutter Mane": {"name": "Flutter Mane", "species": "Flutter Mane", "speciesId": "fluttermane", "gender": "N", "shiny": false, "level": 74, "moves": ["thunderbolt", "moonblast", "shadowball", "calmmind"], "ability": "Protosynthesis", "evs": {"hp": 85, "atk": 0, "def": 85, "spa": 85, "spd": 85, "spe": 85}, "ivs": {"hp": 31, "atk": 0, "def": 31, "spa": 31, "spd": 31, "spe": 31}, "item": "Life Orb", "teraType": "Ghost", "role": "Setup Sweeper", "bvs": {"hp": 55, "atk": 55, "def": 55, "spa": 135, "spd": 135, "spe": 135}, "stats": {"hp": 203, "atk": 86, "def": 124, "spa": 243, "spd": 243, "spe": 243}}}, {"Golduck": {"name": "Golduck", "species": "Golduck", "speciesId": "golduck", "gender": "F", "shiny": false, "level": 90, "moves": ["nastyplot", "hydropump", "grassknot", "icebeam"], "ability": "Cloud Nine", "evs": {"hp": 85, "atk": 0, "def": 85, "spa": 85, "spd": 85, "spe": 85}, "ivs": {"hp": 31, "atk": 0, "def": 31, "spa": 31, "spd": 31, "spe": 31}, "item": "Life Orb", "teraType": "Water", "role": "Fast Attacker", "bvs": {"hp": 80, "atk": 82, "def": 78, "spa": 95, "spd": 80, "spe": 85}, "stats": {"hp": 290, "atk": 152, "def": 192, "spa": 222, "spd": 195, "spe": 204}}, "Chesnaught": {"name": "Chesnaught", "species": "Chesnaught", "speciesId": "chesnaught", "gender": "F", "shiny": false, "level": 84, "moves": ["knockoff", "synthesis", "bodypress", "woodhammer"], "ability": "Bulletproof", "evs": {"hp": 85, "atk": 85, "def": 85, "spa": 85, "spd": 85, "spe": 85}, "ivs": {"hp": 31, "atk": 31, "def": 31, "spa": 31, "spd": 31, "spe": 31}, "item": "Leftovers", "teraType": "Steel", "role": "Bulky Support", "bvs": {"hp": 88, "atk": 107, "def": 122, "spa": 74, "spd": 75, "spe": 64}, "stats": {"hp": 285, "atk": 228, "def": 253, "spa": 173, "spd": 174, "spe": 156}}, "Honchkrow": {"name": "Honchkrow", "species": "Honchkrow", "speciesId": "honchkrow", "gender": "M", "shiny": false, "level": 86, "moves": ["heatwave", "suckerpunch", "uturn", "bravebird"], "ability": "Moxie", "evs": {"hp": 85, "atk": 85, "def": 85, "spa": 85, "spd": 85, "spe": 85}, "ivs": {"hp": 31, "atk": 31, "def": 31, "spa": 31, "spd": 31, "spe": 31}, "item": "Heavy-Duty Boots", "teraType": "Flying", "role": "Fast Attacker", "bvs": {"hp": 100, "atk": 125, "def": 52, "spa": 105, "spd": 52, "spe": 71}, "stats": {"hp": 312, "atk": 264, "def": 139, "spa": 230, "spd": 139, "spe": 171}}, "Minior": {"name": "Minior", "species": "Minior-Violet", "speciesId": "minior", "gender": "N", "shiny": false, "level": 79, "moves": ["acrobatics", "shellsmash", "powergem", "earthquake"], "ability": "Shields Down", "evs": {"hp": 85, "atk": 85, "def": 85, "spa": 85, "spd": 85, "spe": 85}, "ivs": {"hp": 31, "atk": 31, "def": 31, "spa": 31, "spd": 31, "spe": 31}, "item": "White Herb", "teraType": "Steel", "role": "Setup Sweeper", "bvs": {"hp": 60, "atk": 100, "def": 60, "spa": 100, "spd": 60, "spe": 120}, "stats": {"hp": 224, "atk": 204, "def": 140, "spa": 204, "spd": 140, "spe": 235}}, "Scream Tail": {"name": "Scream Tail", "species": "Scream Tail", "speciesId": "screamtail", "gender": "N", "shiny": false, "level": 84, "moves": ["playrough", "thunderwave", "wish", "protect"], "ability": "Protosynthesis", "evs": {"hp": 85, "atk": 85, "def": 85, "spa": 85, "spd": 85, "spe": 85}, "ivs": {"hp": 31, "atk": 31, "def": 31, "spa": 31, "spd": 31, "spe": 31}, "item": "Leftovers", "teraType": "Poison", "role": "Bulky Support", "bvs": {"hp": 115, "atk": 65, "def": 99, "spa": 65, "spd": 115, "spe": 111}, "stats": {"hp": 330, "atk": 157, "def": 215, "spa": 157, "spd": 241, "spe": 235}}, "Typhlosion": {"name": "Typhlosion", "species": "Typhlosion-Hisui", "speciesId": "typhlosionhisui", "gender": "F", "shiny": false, "level": 83, "moves": ["shadowball", "calmmind", "fireblast", "focusblast"], "ability": "Blaze", "evs": {"hp": 85, "atk": 0, "def": 85, "spa": 85, "spd": 85, "spe": 85}, "ivs": {"hp": 31, "atk": 0, "def": 31, "spa": 31, "spd": 31, "spe": 31}, "item": "Heavy-Duty Boots", "teraType": "Ghost", "role": "Fast Bulky Setup", "bvs": {"hp": 73, "atk": 84, "def": 78, "spa": 119, "spd": 85, "spe": 95}, "stats": {"hp": 257, "atk": 144, "def": 177, "spa": 245, "spd": 189, "spe": 205}}}]}