{"id": "gen9randombattle-2631711497", "format": "[Gen 9] Random Battle", "players": ["woxihuanni", "Matuidi14"], "log": "|j|\u2606woxihuanni\n|j|\u2606Matuidi14\n|t:|1781426563\n|gametype|singles\n|player|p1|woxihuanni|169|2133\n|player|p2|Matuidi14|clown|2201\n|gen|9\n|tier|[Gen 9] Random Battle\n|rated|\n|rule|Species Clause: Limit one of each Pok\u00e9mon\n|rule|HP Percentage Mod: HP is shown in percentages\n|rule|Sleep Clause Mod: Limit one foe put to sleep\n|rule|Illusion Level Mod: Illusion disguises the Pok\u00e9mon's true level\n|\n|t:|1781426563\n|teamsize|p1|6\n|teamsize|p2|6\n|start\n|switch|p1a: Cobalion|Cobalion, L80|277/277\n|switch|p2a: Indeedee|Indeedee-F, L90, F|272/272\n|-fieldstart|move: Psychic Terrain|[from] ability: Psychic Surge|[of] p2a: Indeedee\n|turn|1\n|inactive|Battle timer is ON: inactive players will automatically lose when time's up. (requested by Matuidi14)\n|inactive|woxihuanni has 120 seconds left.\n|\n|t:|1781426598\n|move|p1a: Cobalion|Close Combat|p2a: Indeedee\n|-damage|p2a: Indeedee|119/272\n|-unboost|p1a: Cobalion|def|1\n|-unboost|p1a: Cobalion|spd|1\n|-damage|p1a: Cobalion|250/277|[from] item: Life Orb\n|move|p2a: Indeedee|Psychic|p1a: Cobalion\n|-damage|p1a: Cobalion|0 fnt\n|faint|p1a: Cobalion\n|-damage|p2a: Indeedee|92/272|[from] item: Life Orb\n|\n|upkeep\n|\n|t:|1781426603\n|switch|p1a: Raichu|Raichu-Alola, L87, F|246/246\n|turn|2\n|\n|t:|1781426623\n|switch|p2a: Minun|Minun, L95, M|268/268\n|move|p1a: Raichu|Psychic|p2a: Minun\n|-damage|p2a: Minun|85/268\n|\n|upkeep\n|turn|3\n|\n|t:|1781426626\n|switch|p2a: Weavile|Weavile, L79, F|240/240\n|move|p1a: Raichu|Psychic|p2a: Weavile\n|-immune|p2a: Weavile\n|\n|upkeep\n|turn|4\n|\n|t:|1781426630\n|switch|p1a: Terrakion|Terrakion, L79|273/273\n|move|p2a: Weavile|Knock Off|p1a: Terrakion\n|-resisted|p1a: Terrakion\n|-damage|p1a: Terrakion|219/273\n|-ability|p1a: Terrakion|Justified|boost\n|-boost|p1a: Terrakion|atk|1\n|-enditem|p1a: Terrakion|Choice Band|[from] move: Knock Off|[of] p2a: Weavile\n|\n|upkeep\n|turn|5\n|inactive|Matuidi14 has 120 seconds left.\n|\n|t:|1781426662\n|switch|p2a: Indeedee|Indeedee-F, L90, F|92/272\n|move|p1a: Terrakion|Close Combat|p2a: Indeedee\n|-damage|p2a: Indeedee|0 fnt\n|-unboost|p1a: Terrakion|def|1\n|-unboost|p1a: Terrakion|spd|1\n|faint|p2a: Indeedee\n|\n|-fieldend|move: Psychic Terrain\n|upkeep\n|inactive|Matuidi14 has 120 seconds left.\n|\n|t:|1781426669\n|switch|p2a: Azelf|Azelf, L82|257/257\n|turn|6\n|\n|t:|1781426697\n|move|p1a: Terrakion|Quick Attack|p2a: Azelf\n|-damage|p2a: Azelf|197/257\n|move|p2a: Azelf|Psyshock|p1a: Terrakion\n|-supereffective|p1a: Terrakion\n|-damage|p1a: Terrakion|0 fnt\n|faint|p1a: Terrakion\n|-damage|p2a: Azelf|172/257|[from] item: Life Orb\n|\n|upkeep\n|\n|t:|1781426702\n|switch|p1a: Smeargle|Smeargle, L95, M|258/258\n|turn|7\n|\n|t:|1781426718\n|move|p2a: Azelf|Psyshock|p1a: Smeargle\n|-damage|p1a: Smeargle|67/258\n|-damage|p2a: Azelf|147/257|[from] item: Life Orb\n|move|p1a: Smeargle|Spore|p2a: Azelf\n|-status|p2a: Azelf|slp|[from] move: Spore\n|\n|upkeep\n|turn|8\n|\n|t:|1781426723\n|cant|p2a: Azelf|slp\n|move|p1a: Smeargle|Sticky Web|p2a: Azelf\n|-sidestart|p2: Matuidi14|move: Sticky Web\n|\n|upkeep\n|turn|9\n|\n|t:|1781426749\n|switch|p1a: Banette|Banette, L93, M|270/270\n|-curestatus|p2a: Azelf|slp|[msg]\n|move|p2a: Azelf|Psyshock|p1a: Banette\n|-damage|p1a: Banette|132/270\n|-damage|p2a: Azelf|122/257|[from] item: Life Orb\n|\n|upkeep\n|turn|10\n|\n|t:|1781426753\n|switch|p2a: Weavile|Weavile, L79, F|240/240\n|move|p1a: Banette|Shadow Sneak|p2a: Weavile\n|-resisted|p2a: Weavile\n|-damage|p2a: Weavile|189/240\n|-damage|p1a: Banette|105/270|[from] item: Life Orb\n|\n|upkeep\n|turn|11\n|\n|t:|1781426762\n|move|p2a: Weavile|Knock Off|p1a: Banette\n|-supereffective|p1a: Banette\n|-damage|p1a: Banette|0 fnt\n|-enditem|p1a: Banette|Life Orb|[from] move: Knock Off|[of] p2a: Weavile\n|faint|p1a: Banette\n|\n|upkeep\n|\n|t:|1781426763\n|switch|p1a: Amoonguss|Amoonguss, L82, F|321/321\n|turn|12\n|\n|t:|1781426780\n|switch|p2a: Minun|Minun, L95, M|85/268\n|-activate|p2a: Minun|move: Sticky Web\n|-unboost|p2a: Minun|spe|1\n|-terastallize|p1a: Amoonguss|Water\n|move|p1a: Amoonguss|Spore|p2a: Minun\n|-status|p2a: Minun|slp|[from] move: Spore\n|\n|upkeep\n|turn|13\n|\n|t:|1781426786\n|cant|p2a: Minun|slp\n|move|p1a: Amoonguss|Giga Drain|p2a: Minun\n|-damage|p2a: Minun|25/268 slp\n|\n|upkeep\n|turn|14\n|inactive|Matuidi14 has 120 seconds left.\n|\n|t:|1781426828\n|cant|p2a: Minun|slp\n|move|p1a: Amoonguss|Giga Drain|p2a: Minun\n|-damage|p2a: Minun|0 fnt\n|faint|p2a: Minun\n|\n|upkeep\n|\n|t:|1781426831\n|switch|p2a: Vikavolt|Vikavolt, L83, F|263/263\n|turn|15\n|\n|t:|1781426839\n|switch|p1a: Smeargle|Smeargle, L95, M|67/258\n|move|p2a: Vikavolt|Discharge|p1a: Smeargle\n|-damage|p1a: Smeargle|0 fnt\n|faint|p1a: Smeargle\n|\n|upkeep\n|\n|t:|1781426841\n|switch|p1a: Raichu|Raichu-Alola, L87, F|246/246\n|turn|16\n|inactive|Matuidi14 has 120 seconds left.\n|\n|t:|1781426865\n|move|p1a: Raichu|Psychic|p2a: Vikavolt\n|-damage|p2a: Vikavolt|94/263\n|move|p2a: Vikavolt|Bug Buzz|p1a: Raichu\n|-supereffective|p1a: Raichu\n|-damage|p1a: Raichu|6/246\n|-unboost|p1a: Raichu|spd|1\n|\n|upkeep\n|turn|17\n|inactive|Matuidi14 has 120 seconds left.\n|-message|woxihuanni forfeited.\n|\n|win|Matuidi14\n", "uploadtime": 1781426565, "views": 3, "formatid": "gen9randombattle", "rating": null, "private": 0, "password": null}