{"id": "gen9randombattle-2631900626", "format": "[Gen 9] Random Battle", "players": ["joonnabi", "randomdude8876"], "log": "|j|\u2606joonnabi\n|j|\u2606randomdude8876\n|t:|1781453614\n|gametype|singles\n|player|p1|joonnabi|linebacker|1910\n|player|p2|randomdude8876|hiker-gen4|1908\n|gen|9\n|tier|[Gen 9] Random Battle\n|rated|\n|rule|Species Clause: Limit one of each Pok\u00e9mon\n|rule|HP Percentage Mod: HP is shown in percentages\n|rule|Sleep Clause Mod: Limit one foe put to sleep\n|rule|Illusion Level Mod: Illusion disguises the Pok\u00e9mon's true level\n|\n|t:|1781453614\n|teamsize|p1|6\n|teamsize|p2|6\n|start\n|switch|p1a: Zebstrika|Zebstrika, L87, M|272/272\n|switch|p2a: Deoxys|Deoxys-Defense, L84|221/221\n|-ability|p2a: Deoxys|Pressure\n|turn|1\n|inactive|Battle timer is ON: inactive players will automatically lose when time's up. (requested by randomdude8876)\n|\n|t:|1781453632\n|move|p1a: Zebstrika|Volt Switch|p2a: Deoxys\n|-crit|p2a: Deoxys\n|-damage|p2a: Deoxys|138/221\n|-damage|p1a: Zebstrika|245/272|[from] item: Life Orb\n|inactive|joonnabi has 120 seconds left.\n|\n|t:|1781453667\n|switch|p1a: Bronzong|Bronzong, L88|261/261|[from] Volt Switch\n|move|p2a: Deoxys|Knock Off|p1a: Bronzong\n|-supereffective|p1a: Bronzong\n|-damage|p1a: Bronzong|177/261\n|-enditem|p1a: Bronzong|Leftovers|[from] move: Knock Off|[of] p2a: Deoxys\n|\n|-heal|p2a: Deoxys|151/221|[from] item: Leftovers\n|upkeep\n|turn|2\n|\n|t:|1781453674\n|move|p2a: Deoxys|Spikes|p1a: Bronzong\n|-sidestart|p1: joonnabi|Spikes\n|move|p1a: Bronzong|Iron Defense|p1a: Bronzong\n|-boost|p1a: Bronzong|def|2\n|\n|-heal|p2a: Deoxys|164/221|[from] item: Leftovers\n|upkeep\n|turn|3\n|\n|t:|1781453683\n|switch|p2a: Illumise|Illumise, L91, F|266/266\n|move|p1a: Bronzong|Iron Defense|p1a: Bronzong\n|-boost|p1a: Bronzong|def|2\n|\n|upkeep\n|turn|4\n|\n|t:|1781453690\n|switch|p1a: Vikavolt|Vikavolt, L83, M|263/263\n|move|p2a: Illumise|Encore||[still]\n|-fail|p2a: Illumise\n|\n|upkeep\n|turn|5\n|\n|t:|1781453700\n|switch|p2a: Glimmora|Glimmora, L75, F|248/248\n|move|p1a: Vikavolt|Sticky Web|p2a: Glimmora\n|-sidestart|p2: randomdude8876|move: Sticky Web\n|\n|upkeep\n|turn|6\n|\n|t:|1781453708\n|move|p2a: Glimmora|Stealth Rock|p1a: Vikavolt\n|-sidestart|p1: joonnabi|move: Stealth Rock\n|move|p1a: Vikavolt|Thunderbolt|p2a: Glimmora\n|-damage|p2a: Glimmora|104/248\n|\n|upkeep\n|turn|7\n|\n|t:|1781453715\n|move|p2a: Glimmora|Mortal Spin|p1a: Vikavolt\n|-damage|p1a: Vikavolt|245/263\n|-status|p1a: Vikavolt|psn\n|-sideend|p2: randomdude8876|Sticky Web|[from] move: Mortal Spin|[of] p2a: Glimmora\n|move|p1a: Vikavolt|Thunderbolt|p2a: Glimmora\n|-damage|p2a: Glimmora|0 fnt\n|faint|p2a: Glimmora\n|\n|-damage|p1a: Vikavolt|213/263 psn|[from] psn\n|upkeep\n|\n|t:|1781453729\n|switch|p2a: Illumise|Illumise, L91, F|266/266\n|turn|8\n|\n|t:|1781453739\n|move|p2a: Illumise|Encore|p1a: Vikavolt\n|-start|p1a: Vikavolt|Encore\n|move|p1a: Vikavolt|Thunderbolt|p2a: Illumise\n|-damage|p2a: Illumise|146/266\n|\n|-damage|p1a: Vikavolt|181/263 psn|[from] psn\n|upkeep\n|turn|9\n|\n|t:|1781453751\n|switch|p1a: Bronzong|Bronzong, L88|177/261\n|-damage|p1a: Bronzong|161/261|[from] Stealth Rock\n|move|p2a: Illumise|Bug Buzz|p1a: Bronzong\n|-damage|p1a: Bronzong|92/261\n|\n|upkeep\n|turn|10\n|\n|t:|1781453759\n|move|p2a: Illumise|Bug Buzz|p1a: Bronzong\n|-damage|p1a: Bronzong|17/261\n|move|p1a: Bronzong|Psychic Noise|p2a: Illumise\n|-damage|p2a: Illumise|71/266\n|-start|p2a: Illumise|move: Heal Block\n|\n|upkeep\n|turn|11\n|\n|t:|1781453766\n|move|p2a: Illumise|Bug Buzz|p1a: Bronzong\n|-damage|p1a: Bronzong|0 fnt\n|faint|p1a: Bronzong\n|\n|-end|p2a: Illumise|move: Heal Block\n|upkeep\n|\n|t:|1781453775\n|switch|p1a: Vikavolt|Vikavolt, L83, M|181/263 psn\n|turn|12\n|\n|t:|1781453780\n|move|p2a: Illumise|Roost|p2a: Illumise\n|-heal|p2a: Illumise|204/266\n|-singleturn|p2a: Illumise|move: Roost\n|move|p1a: Vikavolt|Thunderbolt|p2a: Illumise\n|-damage|p2a: Illumise|71/266\n|-status|p2a: Illumise|par\n|\n|-damage|p1a: Vikavolt|149/263 psn|[from] psn\n|upkeep\n|turn|13\n|\n|t:|1781453792\n|switch|p2a: Ampharos|Ampharos, L88, F|302/302\n|move|p1a: Vikavolt|Thunderbolt|p2a: Ampharos\n|-resisted|p2a: Ampharos\n|-damage|p2a: Ampharos|259/302\n|\n|-damage|p1a: Vikavolt|117/263 psn|[from] psn\n|upkeep\n|turn|14\n|\n|t:|1781453802\n|move|p2a: Ampharos|Dazzling Gleam|p1a: Vikavolt\n|-damage|p1a: Vikavolt|28/263 psn\n|move|p1a: Vikavolt|Sticky Web|p2a: Ampharos\n|-sidestart|p2: randomdude8876|move: Sticky Web\n|\n|-damage|p1a: Vikavolt|0 fnt|[from] psn\n|faint|p1a: Vikavolt\n|upkeep\n|\n|t:|1781453812\n|switch|p1a: Zebstrika|Zebstrika, L87, M|245/272\n|-damage|p1a: Zebstrika|211/272|[from] Spikes\n|-damage|p1a: Zebstrika|177/272|[from] Stealth Rock\n|turn|15\n|\n|t:|1781453820\n|move|p1a: Zebstrika|High Horsepower|p2a: Ampharos\n|-supereffective|p2a: Ampharos\n|-crit|p2a: Ampharos\n|-damage|p2a: Ampharos|0 fnt\n|faint|p2a: Ampharos\n|-damage|p1a: Zebstrika|150/272|[from] item: Life Orb\n|\n|upkeep\n|\n|t:|1781453829\n|switch|p2a: Kingdra|Kingdra, L84, M|263/263\n|-activate|p2a: Kingdra|move: Sticky Web\n|-unboost|p2a: Kingdra|spe|1\n|turn|16\n|\n|t:|1781453834\n|move|p1a: Zebstrika|Supercell Slam|p2a: Kingdra\n|-damage|p2a: Kingdra|127/263\n|-damage|p1a: Zebstrika|123/272|[from] item: Life Orb\n|move|p2a: Kingdra|Rain Dance|p2a: Kingdra\n|-weather|RainDance\n|\n|-weather|RainDance|[upkeep]\n|upkeep\n|turn|17\n|\n|t:|1781453841\n|move|p2a: Kingdra|Hurricane|p1a: Zebstrika\n|-resisted|p1a: Zebstrika\n|-damage|p1a: Zebstrika|62/272\n|-start|p1a: Zebstrika|confusion\n|-damage|p2a: Kingdra|101/263|[from] item: Life Orb\n|-activate|p1a: Zebstrika|confusion\n|move|p1a: Zebstrika|Supercell Slam|p2a: Kingdra\n|-damage|p2a: Kingdra|0 fnt\n|faint|p2a: Kingdra\n|-damage|p1a: Zebstrika|35/272|[from] item: Life Orb\n|\n|-weather|RainDance|[upkeep]\n|upkeep\n|\n|t:|1781453864\n|switch|p2a: Deoxys|Deoxys-Defense, L84|164/221\n|-activate|p2a: Deoxys|move: Sticky Web\n|-unboost|p2a: Deoxys|spe|1\n|-ability|p2a: Deoxys|Pressure\n|turn|18\n|l|\u2606randomdude8876\n|inactive|randomdude8876 disconnected and has a minute to reconnect!\n|player|p2|\n|j|\u2606randomdude8876\n|inactive|randomdude8876 reconnected and has 115 seconds left.\n|player|p2|randomdude8876|hiker-gen4|\n|\n|t:|1781453899\n|-end|p1a: Zebstrika|confusion\n|move|p1a: Zebstrika|Supercell Slam|p2a: Deoxys\n|-damage|p2a: Deoxys|69/221\n|-damage|p1a: Zebstrika|8/272|[from] item: Life Orb\n|move|p2a: Deoxys|Recover|p2a: Deoxys\n|-heal|p2a: Deoxys|180/221\n|\n|-weather|RainDance|[upkeep]\n|-heal|p2a: Deoxys|193/221|[from] item: Leftovers\n|upkeep\n|turn|19\n|\n|t:|1781453917\n|move|p1a: Zebstrika|Supercell Slam|p2a: Deoxys\n|-damage|p2a: Deoxys|92/221\n|-damage|p1a: Zebstrika|0 fnt|[from] item: Life Orb\n|faint|p1a: Zebstrika\n|move|p2a: Deoxys|Spikes|p1: Zebstrika\n|-sidestart|p1: joonnabi|Spikes\n|\n|-weather|RainDance|[upkeep]\n|-heal|p2a: Deoxys|105/221|[from] item: Leftovers\n|upkeep\n|\n|t:|1781453923\n|switch|p1a: Manaphy|Manaphy, L78|284/284\n|-damage|p1a: Manaphy|237/284|[from] Spikes\n|-damage|p1a: Manaphy|202/284|[from] Stealth Rock\n|turn|20\n|\n|t:|1781453939\n|move|p1a: Manaphy|Hydro Pump|p2a: Deoxys\n|-damage|p2a: Deoxys|12/221\n|move|p2a: Deoxys|Knock Off|p1a: Manaphy\n|-damage|p1a: Manaphy|144/284\n|-enditem|p1a: Manaphy|Leftovers|[from] move: Knock Off|[of] p2a: Deoxys\n|\n|-weather|none\n|-heal|p2a: Deoxys|25/221|[from] item: Leftovers\n|upkeep\n|turn|21\n|\n|t:|1781453949\n|move|p1a: Manaphy|Ice Beam|p2a: Deoxys\n|-damage|p2a: Deoxys|0 fnt\n|faint|p2a: Deoxys\n|\n|upkeep\n|\n|t:|1781453952\n|switch|p2a: Reuniclus|Reuniclus, L88, F|337/337\n|-activate|p2a: Reuniclus|move: Sticky Web\n|-unboost|p2a: Reuniclus|spe|1\n|turn|22\n|\n|t:|1781453958\n|move|p1a: Manaphy|Tail Glow|p1a: Manaphy\n|-boost|p1a: Manaphy|spa|3\n|move|p2a: Reuniclus|Calm Mind|p2a: Reuniclus\n|-boost|p2a: Reuniclus|spa|1\n|-boost|p2a: Reuniclus|spd|1\n|\n|upkeep\n|turn|23\n|\n|t:|1781453964\n|move|p1a: Manaphy|Hydro Pump|p2a: Reuniclus\n|-damage|p2a: Reuniclus|171/337\n|move|p2a: Reuniclus|Calm Mind|p2a: Reuniclus\n|-boost|p2a: Reuniclus|spa|1\n|-boost|p2a: Reuniclus|spd|1\n|\n|upkeep\n|turn|24\n|\n|t:|1781453968\n|move|p1a: Manaphy|Hydro Pump|p2a: Reuniclus\n|-damage|p2a: Reuniclus|50/337\n|move|p2a: Reuniclus|Recover|p2a: Reuniclus\n|-heal|p2a: Reuniclus|219/337\n|\n|upkeep\n|turn|25\n|\n|t:|1781453973\n|move|p1a: Manaphy|Tail Glow|p1a: Manaphy\n|-boost|p1a: Manaphy|spa|3\n|move|p2a: Reuniclus|Recover|p2a: Reuniclus\n|-heal|p2a: Reuniclus|337/337\n|\n|upkeep\n|turn|26\n|\n|t:|1781453976\n|move|p1a: Manaphy|Hydro Pump|p2a: Reuniclus\n|-crit|p2a: Reuniclus\n|-damage|p2a: Reuniclus|0 fnt\n|faint|p2a: Reuniclus\n|\n|upkeep\n|-message|randomdude8876 forfeited.\n|\n|win|joonnabi\n", "inputlog": ">version a8376a258c1d4662feba110a92103f3664a72141\n>start {\"formatid\":\"gen9randombattle\",\"seed\":\"sodium,d9c58b73586672aa8339d0cd1bc60be0\",\"rated\":\"Rated battle\"}\n>player p1 {\"name\":\"joonnabi\",\"avatar\":\"linebacker\",\"rating\":1910,\"seed\":\"sodium,bc819953ad879e968953d648e65bf77d\"}\n>player p2 {\"name\":\"randomdude8876\",\"avatar\":\"hiker-gen4\",\"rating\":1908,\"seed\":\"sodium,2092a1e9456e9b617a9f658a31ac8d95\"}\n>p1 move voltswitch\n>p2 move knockoff\n>p1 switch 3\n>p1 move irondefense\n>p2 move spikes\n>p1 move irondefense\n>p2 switch 2\n>p1 switch 2\n>p2 move encore\n>p1 move stickyweb\n>p2 switch 6\n>p1 move thunderbolt\n>p2 move stealthrock\n>p1 move thunderbolt\n>p2 move mortalspin\n>p2 switch 6\n>p1 move stickyweb\n>p2 move encore\n>p1 switch 2\n>p2 move bugbuzz\n>p1 move psychicnoise\n>p2 move bugbuzz\n>p1 move psychicnoise\n>p2 move bugbuzz\n>p1 switch 2\n>p1 move thunderbolt\n>p2 move roost\n>p1 move thunderbolt\n>p2 switch 5\n>p1 move stickyweb\n>p2 move dazzlinggleam\n>p1 switch 3\n>p1 move highhorsepower\n>p2 move dazzlinggleam\n>p2 switch 3\n>p1 move supercellslam\n>p2 move raindance\n>p1 move supercellslam\n>p2 move hurricane\n>p2 switch 2\n>p1 move supercellslam\n>p2 move recover\n>p1 move supercellslam\n>p2 move spikes\n>p1 switch 6\n>p1 move hydropump\n>p2 move knockoff\n>p1 move icebeam\n>p2 move recover\n>p2 switch 4\n>p1 move tailglow\n>p2 move calmmind\n>p1 move hydropump\n>p2 move calmmind\n>p1 move hydropump\n>p2 move recover\n>p1 move tailglow\n>p2 move recover\n>p1 move hydropump\n>p2 move psychic\n>forcelose p2", "uploadtime": 1781453616, "views": 7, "formatid": "gen9randombattle", "rating": null, "private": 0, "password": null}