{"id": "gen9randombattle-2631749762", "format": "[Gen 9] Random Battle", "players": ["huh blue", "Where is the hax"], "log": "|j|\u2606huh blue\n|j|\u2606Where is the hax\n|t:|1781433503\n|gametype|singles\n|player|p1|huh blue|steven|1945\n|player|p2|Where is the hax|266|2012\n|gen|9\n|tier|[Gen 9] Random Battle\n|rated|\n|rule|Species Clause: Limit one of each Pok\u00e9mon\n|rule|HP Percentage Mod: HP is shown in percentages\n|rule|Sleep Clause Mod: Limit one foe put to sleep\n|rule|Illusion Level Mod: Illusion disguises the Pok\u00e9mon's true level\n|\n|t:|1781433503\n|teamsize|p1|6\n|teamsize|p2|6\n|start\n|switch|p1a: Infernape|Infernape, L82, F|259/259\n|switch|p2a: Porygon-Z|Porygon-Z, L83|277/277\n|turn|1\n|inactive|Battle timer is ON: inactive players will automatically lose when time's up. (requested by huh blue)\n|\n|t:|1781433517\n|switch|p2a: Mudsdale|Mudsdale, L83, M|302/302\n|move|p1a: Infernape|Swords Dance|p1a: Infernape\n|-boost|p1a: Infernape|atk|2\n|\n|upkeep\n|turn|2\n|inactive|huh blue has 120 seconds left.\n|\n|t:|1781433560\n|-terastallize|p1a: Infernape|Fighting\n|move|p1a: Infernape|Close Combat|p2a: Mudsdale\n|-damage|p2a: Mudsdale|0 fnt\n|-unboost|p1a: Infernape|def|1\n|-unboost|p1a: Infernape|spd|1\n|faint|p2a: Mudsdale\n|-damage|p1a: Infernape|234/259|[from] item: Life Orb\n|\n|upkeep\n|\n|t:|1781433586\n|switch|p2a: Gogoat|Gogoat, L88, F|360/360\n|turn|3\n|inactive|huh blue has 120 seconds left.\n|inactive|huh blue has 90 seconds left.\n|inactive|huh blue has 60 seconds left.\n|inactive|huh blue has 30 seconds left.\n|\n|t:|1781433685\n|move|p1a: Infernape|Close Combat|p2a: Gogoat\n|-damage|p2a: Gogoat|0 fnt\n|-unboost|p1a: Infernape|def|1\n|-unboost|p1a: Infernape|spd|1\n|faint|p2a: Gogoat\n|-damage|p1a: Infernape|209/259|[from] item: Life Orb\n|\n|upkeep\n|\n|t:|1781433699\n|switch|p2a: Iron Leaves|Iron Leaves, L80|275/275\n|turn|4\n|\n|t:|1781433707\n|move|p1a: Infernape|Flare Blitz|p2a: Iron Leaves\n|-supereffective|p2a: Iron Leaves\n|-damage|p2a: Iron Leaves|0 fnt\n|faint|p2a: Iron Leaves\n|-end|p2a: Iron Leaves|Quark Drive|[silent]\n|-damage|p1a: Infernape|118/259|[from] Recoil\n|-damage|p1a: Infernape|93/259|[from] item: Life Orb\n|\n|upkeep\n|inactive|Where is the hax has 120 seconds left.\n|\n|t:|1781433728\n|switch|p2a: Porygon-Z|Porygon-Z, L83|277/277\n|turn|5\n|inactive|Where is the hax has 120 seconds left.\n|\n|t:|1781433750\n|-terastallize|p2a: Porygon-Z|Ghost\n|move|p1a: Infernape|Flare Blitz|p2a: Porygon-Z\n|-damage|p2a: Porygon-Z|0 fnt\n|faint|p2a: Porygon-Z\n|-damage|p1a: Infernape|2/259|[from] Recoil\n|-damage|p1a: Infernape|0 fnt|[from] item: Life Orb\n|faint|p1a: Infernape\n|\n|upkeep\n|\n|t:|1781433759\n|switch|p1a: Moltres|Moltres, L81|278/278\n|switch|p2a: Furret|Furret, L94, M|312/312\n|-item|p1a: Moltres|Heavy-Duty Boots|[from] ability: Frisk|[of] p2a: Furret\n|turn|6\n|\n|t:|1781433772\n|move|p2a: Furret|Tidy Up|p2a: Furret\n|-boost|p2a: Furret|atk|1\n|-boost|p2a: Furret|spe|1\n|move|p1a: Moltres|Brave Bird|p2a: Furret\n|-damage|p2a: Furret|180/312\n|-damage|p1a: Moltres|234/278|[from] Recoil\n|\n|upkeep\n|turn|7\n|\n|t:|1781433780\n|move|p2a: Furret|Double-Edge|p1a: Moltres\n|-damage|p1a: Moltres|0 fnt\n|faint|p1a: Moltres\n|-damage|p2a: Furret|103/312|[from] Recoil\n|-damage|p2a: Furret|72/312|[from] item: Life Orb\n|\n|upkeep\n|\n|t:|1781433783\n|switch|p1a: Crawdaunt|Crawdaunt, L84, F|243/243\n|turn|8\n|inactive|Where is the hax has 120 seconds left.\n|\n|t:|1781433794\n|move|p1a: Crawdaunt|Aqua Jet|p2a: Furret\n|-damage|p2a: Furret|0 fnt\n|faint|p2a: Furret\n|-damage|p1a: Crawdaunt|219/243|[from] item: Life Orb\n|\n|upkeep\n|\n|t:|1781433799\n|switch|p2a: Pikachu|Pikachu, L93, F|216/216\n|turn|9\n|\n|t:|1781433807\n|switch|p1a: Skarmory|Skarmory, L80, M|235/235\n|move|p2a: Pikachu|Play Rough|p1a: Skarmory\n|-resisted|p1a: Skarmory\n|-damage|p1a: Skarmory|197/235\n|-unboost|p1a: Skarmory|atk|1\n|-damage|p2a: Pikachu|180/216|[from] item: Rocky Helmet|[of] p1a: Skarmory\n|\n|upkeep\n|turn|10\n|\n|t:|1781433815\n|move|p2a: Pikachu|Volt Switch|p1a: Skarmory\n|-supereffective|p1a: Skarmory\n|-damage|p1a: Skarmory|0 fnt\n|faint|p1a: Skarmory\n|\n|upkeep\n|\n|t:|1781433818\n|switch|p1a: Meloetta|Meloetta, L82|298/298\n|turn|11\n|\n|t:|1781433822\n|move|p2a: Pikachu|Volt Tackle|p1a: Meloetta\n|-damage|p1a: Meloetta|69/298\n|-damage|p2a: Pikachu|104/216|[from] Recoil\n|move|p1a: Meloetta|Hyper Voice|p2a: Pikachu\n|-damage|p2a: Pikachu|0 fnt\n|faint|p2a: Pikachu\n|\n|win|huh blue\n", "inputlog": ">version a8376a258c1d4662feba110a92103f3664a72141\n>start {\"formatid\":\"gen9randombattle\",\"seed\":\"sodium,c6080b4d93ed8c4f68648db100fb24d8\",\"rated\":\"Rated battle\"}\n>player p1 {\"name\":\"huh blue\",\"avatar\":\"steven\",\"rating\":1945,\"seed\":\"sodium,14bb327799db97b2baf014ddaa80be8a\"}\n>player p2 {\"name\":\"Where is the hax\",\"avatar\":\"266\",\"rating\":2012,\"seed\":\"sodium,179108cab6206f080edfde42466406bb\"}\n>p1 move swordsdance\n>p2 switch 2\n>p1 move closecombat terastallize\n>p2 move earthquake\n>p2 switch 6\n>p1 move closecombat\n>p2 move hornleech\n>p2 switch 3\n>p1 move flareblitz\n>p2 move leafblade\n>p2 switch 2\n>p1 move flareblitz\n>p2 move shadowball terastallize\n>p1 switch 2\n>p2 switch 5\n>p1 move bravebird\n>p2 move tidyup\n>p1 move roost\n>p2 move doubleedge\n>p1 switch 5\n>p1 move aquajet\n>p2 move brickbreak\n>p2 switch 4\n>p1 switch 6\n>p2 move playrough\n>p1 move bravebird\n>p2 move voltswitch\n>p1 switch 3\n>p1 move hypervoice\n>p2 move volttackle", "uploadtime": 1781433505, "views": 6, "formatid": "gen9randombattle", "rating": null, "private": 0, "password": null}