{"id": "gen9randombattle-2631960624", "format": "[Gen 9] Random Battle", "players": ["exovedate", "Fijiwater301"], "log": "|j|\u2606exovedate\n|j|\u2606Fijiwater301\n|t:|1781460164\n|gametype|singles\n|player|p1|exovedate|hiker-gen4|1323\n|player|p2|Fijiwater301|170|1344\n|gen|9\n|tier|[Gen 9] Random Battle\n|rated|\n|rule|Species Clause: Limit one of each Pok\u00e9mon\n|rule|HP Percentage Mod: HP is shown in percentages\n|rule|Sleep Clause Mod: Limit one foe put to sleep\n|rule|Illusion Level Mod: Illusion disguises the Pok\u00e9mon's true level\n|\n|t:|1781460164\n|teamsize|p1|6\n|teamsize|p2|6\n|start\n|switch|p1a: Baxcalibur|Baxcalibur, L75, F|295/295\n|switch|p2a: Rillaboom|Rillaboom, L79, F|288/288\n|-fieldstart|move: Grassy Terrain|[from] ability: Grassy Surge|[of] p2a: Rillaboom\n|turn|1\n|inactive|Battle timer is ON: inactive players will automatically lose when time's up. (requested by Fijiwater301)\n|\n|t:|1781460187\n|move|p2a: Rillaboom|U-turn|p1a: Baxcalibur\n|-damage|p1a: Baxcalibur|214/295\n|\n|t:|1781460200\n|switch|p2a: Klefki|Klefki, L84, F|233/233|[from] U-turn\n|move|p1a: Baxcalibur|Icicle Crash|p2a: Klefki\n|-resisted|p2a: Klefki\n|-damage|p2a: Klefki|156/233\n|\n|-heal|p2a: Klefki|170/233|[from] Grassy Terrain\n|-heal|p1a: Baxcalibur|232/295|[from] Grassy Terrain\n|-heal|p2a: Klefki|184/233|[from] item: Leftovers\n|upkeep\n|turn|2\n|inactive|exovedate has 120 seconds left.\n|\n|t:|1781460231\n|switch|p1a: Spidops|Spidops, L96, F|271/271\n|move|p2a: Klefki|Thunder Wave|p1a: Spidops\n|-status|p1a: Spidops|par\n|\n|-heal|p2a: Klefki|198/233|[from] Grassy Terrain\n|-heal|p2a: Klefki|212/233|[from] item: Leftovers\n|upkeep\n|turn|3\n|inactive|exovedate has 120 seconds left.\n|\n|t:|1781460261\n|switch|p2a: Yanmega|Yanmega, L82, M|275/275\n|cant|p1a: Spidops|par\n|\n|upkeep\n|turn|4\n|inactive|exovedate has 120 seconds left.\n|\n|t:|1781460284\n|switch|p1a: Seviper|Seviper, L93, M|287/287\n|move|p2a: Yanmega|Air Slash|p1a: Seviper\n|-damage|p1a: Seviper|137/287\n|\n|-heal|p1a: Seviper|154/287|[from] Grassy Terrain\n|-heal|p1a: Seviper|171/287|[from] item: Leftovers\n|upkeep\n|turn|5\n|inactive|exovedate has 120 seconds left.\n|inactive|Fijiwater301 has 120 seconds left.\n|\n|t:|1781460310\n|switch|p2a: Qwilfish|Qwilfish-Hisui, L83, M|244/244\n|-ability|p2a: Qwilfish|Intimidate|boost\n|-unboost|p1a: Seviper|atk|1\n|move|p1a: Seviper|Gunk Shot|p2a: Qwilfish\n|-resisted|p2a: Qwilfish\n|-damage|p2a: Qwilfish|205/244\n|\n|-heal|p2a: Qwilfish|220/244|[from] Grassy Terrain\n|-heal|p1a: Seviper|188/287|[from] Grassy Terrain\n|-heal|p1a: Seviper|205/287|[from] item: Leftovers\n|-fieldend|move: Grassy Terrain\n|upkeep\n|turn|6\n|inactive|exovedate has 120 seconds left.\n|\n|t:|1781460329\n|switch|p2a: Yanmega|Yanmega, L82, M|275/275\n|move|p1a: Seviper|Earthquake|p2a: Yanmega\n|-immune|p2a: Yanmega\n|\n|-heal|p1a: Seviper|222/287|[from] item: Leftovers\n|upkeep\n|turn|7\n|inactive|exovedate has 120 seconds left.\n|\n|t:|1781460352\n|move|p2a: Yanmega|U-turn|p1a: Seviper\n|-resisted|p1a: Seviper\n|-damage|p1a: Seviper|158/287\n|\n|t:|1781460354\n|switch|p2a: Qwilfish|Qwilfish-Hisui, L83, M|220/244|[from] U-turn\n|-ability|p2a: Qwilfish|Intimidate|boost\n|-unboost|p1a: Seviper|atk|1\n|move|p1a: Seviper|Gunk Shot|p2a: Qwilfish\n|-resisted|p2a: Qwilfish\n|-damage|p2a: Qwilfish|191/244\n|\n|-heal|p1a: Seviper|175/287|[from] item: Leftovers\n|upkeep\n|turn|8\n|inactive|exovedate has 120 seconds left.\n|\n|t:|1781460370\n|switch|p1a: Spectrier|Spectrier, L75|274/274\n|move|p2a: Qwilfish|Spikes|p1a: Spectrier\n|-sidestart|p1: exovedate|Spikes\n|\n|upkeep\n|turn|9\n|\n|t:|1781460380\n|switch|p1a: Venomoth|Venomoth, L84, M|255/255\n|move|p2a: Qwilfish|Crunch|p1a: Venomoth\n|-damage|p1a: Venomoth|150/255\n|\n|upkeep\n|turn|10\n|inactive|Fijiwater301 has 120 seconds left.\n|\n|t:|1781460396\n|move|p1a: Venomoth|Sleep Powder|p2a: Qwilfish\n|-status|p2a: Qwilfish|slp|[from] move: Sleep Powder\n|cant|p2a: Qwilfish|slp\n|\n|upkeep\n|turn|11\n|inactive|exovedate has 120 seconds left.\n|\n|t:|1781460411\n|switch|p2a: Yanmega|Yanmega, L82, M|275/275\n|move|p1a: Venomoth|Quiver Dance|p1a: Venomoth\n|-boost|p1a: Venomoth|spa|1\n|-boost|p1a: Venomoth|spd|1\n|-boost|p1a: Venomoth|spe|1\n|\n|upkeep\n|turn|12\n|inactive|Fijiwater301 has 120 seconds left.\n|\n|t:|1781460422\n|move|p1a: Venomoth|Sludge Wave|p2a: Yanmega\n|-damage|p2a: Yanmega|92/275\n|move|p2a: Yanmega|Air Slash|p1a: Venomoth\n|-supereffective|p1a: Venomoth\n|-damage|p1a: Venomoth|0 fnt\n|faint|p1a: Venomoth\n|\n|upkeep\n|\n|t:|1781460434\n|switch|p1a: Baxcalibur|Baxcalibur, L75, F|232/295\n|-damage|p1a: Baxcalibur|196/295|[from] Spikes\n|turn|13\n|\n|t:|1781460439\n|switch|p2a: Qwilfish|Qwilfish-Hisui, L83, M|191/244 slp\n|-ability|p2a: Qwilfish|Intimidate|boost\n|-unboost|p1a: Baxcalibur|atk|1\n|move|p1a: Baxcalibur|Ice Shard|p2a: Qwilfish\n|-damage|p2a: Qwilfish|157/244 slp\n|\n|upkeep\n|turn|14\n|inactive|exovedate has 120 seconds left.\n|\n|t:|1781460450\n|switch|p1a: Spidops|Spidops, L96, F|271/271 par\n|-curestatus|p2a: Qwilfish|slp|[msg]\n|move|p2a: Qwilfish|Crunch|p1a: Spidops\n|-damage|p1a: Spidops|199/271 par\n|\n|upkeep\n|turn|15\n|inactive|exovedate has 120 seconds left.\n|inactive|Fijiwater301 has 120 seconds left.\n|\n|t:|1781460480\n|switch|p2a: Yanmega|Yanmega, L82, M|92/275\n|move|p1a: Spidops|Sticky Web|p2a: Yanmega\n|-sidestart|p2: Fijiwater301|move: Sticky Web\n|\n|upkeep\n|turn|16\n|inactive|exovedate has 120 seconds left.\n|\n|t:|1781460502\n|move|p2a: Yanmega|Air Slash|p1a: Spidops\n|-supereffective|p1a: Spidops\n|-damage|p1a: Spidops|0 fnt\n|faint|p1a: Spidops\n|\n|upkeep\n|\n|t:|1781460512\n|switch|p1a: Baxcalibur|Baxcalibur, L75, F|196/295\n|-damage|p1a: Baxcalibur|160/295|[from] Spikes\n|turn|17\n|\n|t:|1781460524\n|switch|p2a: Klefki|Klefki, L84, F|212/233\n|-activate|p2a: Klefki|move: Sticky Web\n|-unboost|p2a: Klefki|spe|1\n|move|p1a: Baxcalibur|Icicle Crash|p2a: Klefki\n|-resisted|p2a: Klefki\n|-damage|p2a: Klefki|140/233\n|\n|-heal|p2a: Klefki|154/233|[from] item: Leftovers\n|upkeep\n|turn|18\n|\n|t:|1781460538\n|move|p2a: Klefki|Thunder Wave|p1a: Baxcalibur\n|-status|p1a: Baxcalibur|par\n|move|p1a: Baxcalibur|Icicle Crash|p2a: Klefki\n|-resisted|p2a: Klefki\n|-damage|p2a: Klefki|80/233\n|\n|-heal|p2a: Klefki|94/233|[from] item: Leftovers\n|upkeep\n|turn|19\n|\n|t:|1781460545\n|move|p2a: Klefki|Dazzling Gleam|p1a: Baxcalibur\n|-supereffective|p1a: Baxcalibur\n|-damage|p1a: Baxcalibur|4/295 par\n|move|p1a: Baxcalibur|Icicle Crash|p2a: Klefki\n|-resisted|p2a: Klefki\n|-damage|p2a: Klefki|14/233\n|\n|-heal|p2a: Klefki|28/233|[from] item: Leftovers\n|upkeep\n|turn|20\n|inactive|exovedate has 120 seconds left.\n|\n|t:|1781460552\n|move|p2a: Klefki|Dazzling Gleam|p1a: Baxcalibur\n|-supereffective|p1a: Baxcalibur\n|-damage|p1a: Baxcalibur|0 fnt\n|faint|p1a: Baxcalibur\n|\n|-heal|p2a: Klefki|42/233|[from] item: Leftovers\n|upkeep\n|inactive|exovedate has 120 seconds left.\n|l|\u2606Fijiwater301\n|inactive|Fijiwater301 disconnected and has a minute to reconnect!\n|player|p2|\n|j|\u2606Fijiwater301\n|inactive|Fijiwater301 reconnected.\n|player|p2|Fijiwater301|170|\n|\n|t:|1781460568\n|switch|p1a: Seviper|Seviper, L93, M|175/287\n|-damage|p1a: Seviper|140/287|[from] Spikes\n|turn|21\n|\n|t:|1781460582\n|switch|p2a: Qwilfish|Qwilfish-Hisui, L83, M|157/244\n|-activate|p2a: Qwilfish|move: Sticky Web\n|-unboost|p2a: Qwilfish|spe|1\n|-ability|p2a: Qwilfish|Intimidate|boost\n|-unboost|p1a: Seviper|atk|1\n|move|p1a: Seviper|Earthquake|p2a: Qwilfish\n|-supereffective|p2a: Qwilfish\n|-damage|p2a: Qwilfish|77/244\n|\n|-heal|p1a: Seviper|157/287|[from] item: Leftovers\n|upkeep\n|turn|22\n|\n|t:|1781460608\n|move|p1a: Seviper|Earthquake|p2a: Qwilfish\n|-supereffective|p2a: Qwilfish\n|-damage|p2a: Qwilfish|0 fnt\n|faint|p2a: Qwilfish\n|\n|-heal|p1a: Seviper|174/287|[from] item: Leftovers\n|upkeep\n|inactive|Fijiwater301 has 120 seconds left.\n|\n|t:|1781460624\n|switch|p2a: Dunsparce|Dunsparce, L86, F|312/312\n|-activate|p2a: Dunsparce|move: Sticky Web\n|-unboost|p2a: Dunsparce|spe|1\n|turn|23\n|inactive|exovedate has 120 seconds left.\n|\n|t:|1781460636\n|move|p1a: Seviper|Gunk Shot|p2a: Dunsparce\n|-damage|p2a: Dunsparce|236/312\n|move|p2a: Dunsparce|Coil|p2a: Dunsparce\n|-boost|p2a: Dunsparce|atk|1\n|-boost|p2a: Dunsparce|def|1\n|-boost|p2a: Dunsparce|accuracy|1\n|\n|-heal|p1a: Seviper|191/287|[from] item: Leftovers\n|upkeep\n|turn|24\n|inactive|exovedate has 120 seconds left.\n|\n|t:|1781460647\n|switch|p1a: Spectrier|Spectrier, L75|274/274\n|-damage|p1a: Spectrier|240/274|[from] Spikes\n|move|p2a: Dunsparce|Earthquake|p1a: Spectrier\n|-damage|p1a: Spectrier|108/274\n|\n|upkeep\n|turn|25\n|\n|t:|1781460656\n|move|p1a: Spectrier|Will-O-Wisp|p2a: Dunsparce\n|-status|p2a: Dunsparce|brn\n|move|p2a: Dunsparce|Earthquake|p1a: Spectrier\n|-damage|p1a: Spectrier|42/274\n|\n|-damage|p2a: Dunsparce|217/312 brn|[from] brn\n|upkeep\n|turn|26\n|\n|t:|1781460662\n|switch|p1a: Oranguru|Oranguru, L92, F|315/315\n|-damage|p1a: Oranguru|276/315|[from] Spikes\n|move|p2a: Dunsparce|Earthquake|p1a: Oranguru\n|-damage|p1a: Oranguru|237/315\n|\n|-heal|p1a: Oranguru|256/315|[from] item: Leftovers\n|-damage|p2a: Dunsparce|198/312 brn|[from] brn\n|upkeep\n|turn|27\n|\n|t:|1781460668\n|move|p1a: Oranguru|Focus Blast|p2a: Dunsparce\n|-supereffective|p2a: Dunsparce\n|-damage|p2a: Dunsparce|48/312 brn\n|move|p2a: Dunsparce|Body Slam|p1a: Oranguru\n|-damage|p1a: Oranguru|199/315\n|-status|p1a: Oranguru|par\n|\n|-heal|p1a: Oranguru|218/315 par|[from] item: Leftovers\n|-damage|p2a: Dunsparce|29/312 brn|[from] brn\n|upkeep\n|turn|28\n|\n|t:|1781460674\n|move|p2a: Dunsparce|Earthquake|p1a: Oranguru\n|-damage|p1a: Oranguru|178/315 par\n|cant|p1a: Oranguru|par\n|\n|-heal|p1a: Oranguru|197/315 par|[from] item: Leftovers\n|-damage|p2a: Dunsparce|10/312 brn|[from] brn\n|upkeep\n|turn|29\n|\n|t:|1781460687\n|move|p2a: Dunsparce|Roost|p2a: Dunsparce\n|-heal|p2a: Dunsparce|166/312 brn\n|-singleturn|p2a: Dunsparce|move: Roost\n|cant|p1a: Oranguru|par\n|\n|-heal|p1a: Oranguru|216/315 par|[from] item: Leftovers\n|-damage|p2a: Dunsparce|147/312 brn|[from] brn\n|upkeep\n|turn|30\n|\n|t:|1781460692\n|move|p2a: Dunsparce|Coil|p2a: Dunsparce\n|-boost|p2a: Dunsparce|atk|1\n|-boost|p2a: Dunsparce|def|1\n|-boost|p2a: Dunsparce|accuracy|1\n|move|p1a: Oranguru|Focus Blast|p2a: Dunsparce\n|-supereffective|p2a: Dunsparce\n|-damage|p2a: Dunsparce|5/312 brn\n|\n|-heal|p1a: Oranguru|235/315 par|[from] item: Leftovers\n|-damage|p2a: Dunsparce|0 fnt|[from] brn\n|faint|p2a: Dunsparce\n|upkeep\n|\n|t:|1781460700\n|switch|p2a: Furret|Furret, L94, F|312/312\n|-activate|p2a: Furret|move: Sticky Web\n|-unboost|p2a: Furret|spe|1\n|-item|p1a: Oranguru|Leftovers|[from] ability: Frisk|[of] p2a: Furret\n|turn|31\n|\n|t:|1781460710\n|move|p2a: Furret|Knock Off|p1a: Oranguru\n|-supereffective|p1a: Oranguru\n|-damage|p1a: Oranguru|25/315 par\n|-enditem|p1a: Oranguru|Leftovers|[from] move: Knock Off|[of] p2a: Furret\n|move|p1a: Oranguru|Focus Blast|p2a: Furret|[miss]\n|-miss|p1a: Oranguru|p2a: Furret\n|\n|upkeep\n|turn|32\n|\n|t:|1781460718\n|move|p2a: Furret|Knock Off|p1a: Oranguru\n|-supereffective|p1a: Oranguru\n|-damage|p1a: Oranguru|0 fnt\n|faint|p1a: Oranguru\n|\n|upkeep\n|\n|t:|1781460722\n|switch|p1a: Spectrier|Spectrier, L75|42/274\n|-damage|p1a: Spectrier|8/274|[from] Spikes\n|turn|33\n|\n|t:|1781460730\n|switch|p2a: Yanmega|Yanmega, L82, M|92/275\n|move|p1a: Spectrier|Will-O-Wisp|p2a: Yanmega\n|-status|p2a: Yanmega|brn\n|\n|-damage|p2a: Yanmega|75/275 brn|[from] brn\n|upkeep\n|turn|34\n|\n|t:|1781460742\n|move|p1a: Spectrier|Shadow Ball|p2a: Yanmega\n|-damage|p2a: Yanmega|0 fnt\n|faint|p2a: Yanmega\n|-ability|p1a: Spectrier|Grim Neigh|boost\n|-boost|p1a: Spectrier|spa|1\n|-damage|p1a: Spectrier|0 fnt|[from] item: Life Orb\n|faint|p1a: Spectrier\n|\n|upkeep\n|\n|t:|1781460748\n|switch|p1a: Seviper|Seviper, L93, M|191/287\n|switch|p2a: Klefki|Klefki, L84, F|42/233\n|-activate|p2a: Klefki|move: Sticky Web\n|-unboost|p2a: Klefki|spe|1\n|-damage|p1a: Seviper|156/287|[from] Spikes\n|turn|35\n|\n|t:|1781460756\n|move|p2a: Klefki|Thunder Wave|p1a: Seviper\n|-status|p1a: Seviper|par\n|move|p1a: Seviper|Earthquake|p2a: Klefki\n|-supereffective|p2a: Klefki\n|-damage|p2a: Klefki|0 fnt\n|faint|p2a: Klefki\n|\n|-heal|p1a: Seviper|173/287 par|[from] item: Leftovers\n|upkeep\n|\n|t:|1781460759\n|switch|p2a: Furret|Furret, L94, F|312/312\n|-activate|p2a: Furret|move: Sticky Web\n|-unboost|p2a: Furret|spe|1\n|-item|p1a: Seviper|Leftovers|[from] ability: Frisk|[of] p2a: Furret\n|turn|36\n|\n|t:|1781460779\n|move|p2a: Furret|Knock Off|p1a: Seviper\n|-damage|p1a: Seviper|47/287 par\n|-enditem|p1a: Seviper|Leftovers|[from] move: Knock Off|[of] p2a: Furret\n|move|p1a: Seviper|Gunk Shot|p2a: Furret|[miss]\n|-miss|p1a: Seviper|p2a: Furret\n|\n|upkeep\n|turn|37\n|\n|t:|1781460786\n|move|p2a: Furret|Knock Off|p1a: Seviper\n|-damage|p1a: Seviper|0 fnt\n|faint|p1a: Seviper\n|\n|win|Fijiwater301\n|raw|exovedate's rating: 1323 &rarr; <strong>1304</strong><br />(-19 for losing)\n|raw|Fijiwater301's rating: 1344 &rarr; <strong>1363</strong><br />(+19 for winning)\n|l|\u2606exovedate\n|player|p1|\n", "uploadtime": 1781460804, "views": 7, "formatid": "gen9randombattle", "rating": 1304, "private": 0, "password": null}