{"id": "gen9randombattle-2632002016", "format": "[Gen 9] Random Battle", "players": ["milkreo", "a rabbit"], "log": "|badge|p1|gold|gen9randombattle|3-9\n|uhtml|medal-msg|<div class=\"broadcast-blue\">Curious what those medals under the avatar are? PS now has Ladder Seasons! For more information, check out the <a href=\"https://www.smogon.com/forums/threads/3740067/\">thread on Smogon.</a></div>\n|badge|p2|silver|gen9randombattle|30-9\n|uhtml|medal-msg|<div class=\"broadcast-blue\">Curious what those medals under the avatar are? PS now has Ladder Seasons! For more information, check out the <a href=\"https://www.smogon.com/forums/threads/3740067/\">thread on Smogon.</a></div>\n|j|\u2606milkreo\n|j|\u2606a rabbit\n|t:|1781464708\n|gametype|singles\n|player|p1|milkreo|101|2506\n|player|p2|a rabbit|#scl2breakers|2433\n|gen|9\n|tier|[Gen 9] Random Battle\n|rated|\n|rule|Species Clause: Limit one of each Pok\u00e9mon\n|rule|HP Percentage Mod: HP is shown in percentages\n|rule|Sleep Clause Mod: Limit one foe put to sleep\n|rule|Illusion Level Mod: Illusion disguises the Pok\u00e9mon's true level\n|\n|t:|1781464708\n|teamsize|p1|6\n|teamsize|p2|6\n|start\n|switch|p1a: Ursaring|Ursaring, L84, F|288/288\n|switch|p2a: Magnezone|Magnezone, L85|258/258\n|turn|1\n|j| P1ckleJr\n|l| P1ckleJr\n|\n|t:|1781464752\n|move|p2a: Magnezone|Volt Switch|p1a: Ursaring\n|-damage|p1a: Ursaring|174/288\n|\n|t:|1781464757\n|switch|p2a: Palossand|Palossand, L89, F|296/296|[from] Volt Switch\n|move|p1a: Ursaring|Swords Dance|p1a: Ursaring\n|-boost|p1a: Ursaring|atk|2\n|\n|-status|p1a: Ursaring|tox|[from] item: Toxic Orb\n|upkeep\n|turn|2\n|\n|t:|1781464763\n|switch|p2a: Magnezone|Magnezone, L85|258/258\n|move|p1a: Ursaring|Throat Chop|p2a: Magnezone\n|-damage|p2a: Magnezone|153/258\n|-start|p2a: Magnezone|Throat Chop|[silent]\n|\n|-damage|p1a: Ursaring|156/288 tox|[from] psn\n|upkeep\n|turn|3\n|\n|t:|1781464781\n|switch|p1a: Clodsire|Clodsire, L81, M|343/343\n|move|p2a: Magnezone|Thunderbolt|p1a: Clodsire\n|-immune|p1a: Clodsire\n|\n|-end|p2a: Magnezone|Throat Chop|[silent]\n|upkeep\n|turn|4\n|\n|t:|1781464790\n|switch|p2a: Palossand|Palossand, L89, F|296/296\n|move|p1a: Clodsire|Toxic|p2a: Palossand\n|-status|p2a: Palossand|tox\n|\n|-damage|p2a: Palossand|278/296 tox|[from] psn\n|upkeep\n|turn|5\n|\n|t:|1781464810\n|switch|p1a: Mismagius|Mismagius, L86, M|243/243\n|move|p2a: Palossand|Stealth Rock|p1a: Mismagius\n|-sidestart|p1: milkreo|move: Stealth Rock\n|\n|-heal|p2a: Palossand|296/296 tox|[from] item: Leftovers\n|-damage|p2a: Palossand|260/296 tox|[from] psn\n|upkeep\n|turn|6\n|\n|t:|1781464839\n|switch|p2a: Tyranitar|Tyranitar, L78, F|284/284\n|-weather|Sandstorm|[from] ability: Sand Stream|[of] p2a: Tyranitar\n|move|p1a: Mismagius|Substitute|p1a: Mismagius\n|-start|p1a: Mismagius|Substitute\n|-damage|p1a: Mismagius|183/243\n|\n|-weather|Sandstorm|[upkeep]\n|-damage|p1a: Mismagius|168/243|[from] Sandstorm\n|-heal|p1a: Mismagius|183/243|[from] item: Leftovers\n|upkeep\n|turn|7\n|\n|t:|1781464859\n|-terastallize|p1a: Mismagius|Fighting\n|move|p1a: Mismagius|Tera Blast|p2a: Tyranitar|[anim] Tera Blast Fighting\n|-supereffective|p2a: Tyranitar\n|-damage|p2a: Tyranitar|40/284\n|-enditem|p2a: Tyranitar|Weakness Policy\n|-boost|p2a: Tyranitar|atk|2|[from] item: Weakness Policy\n|-boost|p2a: Tyranitar|spa|2|[from] item: Weakness Policy\n|move|p2a: Tyranitar|Knock Off|p1a: Mismagius\n|-resisted|p1a: Mismagius\n|-crit|p1a: Mismagius\n|-end|p1a: Mismagius|Substitute\n|\n|-weather|Sandstorm|[upkeep]\n|-damage|p1a: Mismagius|168/243|[from] Sandstorm\n|-heal|p1a: Mismagius|183/243|[from] item: Leftovers\n|upkeep\n|turn|8\n|\n|t:|1781464873\n|move|p1a: Mismagius|Tera Blast|p2a: Tyranitar|[anim] Tera Blast Fighting\n|-supereffective|p2a: Tyranitar\n|-damage|p2a: Tyranitar|0 fnt\n|faint|p2a: Tyranitar\n|\n|-weather|Sandstorm|[upkeep]\n|-damage|p1a: Mismagius|168/243|[from] Sandstorm\n|-heal|p1a: Mismagius|183/243|[from] item: Leftovers\n|upkeep\n|j| q374909833\n|\n|t:|1781464876\n|switch|p2a: Corviknight|Corviknight, L80, F|288/288\n|turn|9\n|\n|t:|1781464920\n|switch|p1a: Ursaring|Ursaring, L84, F|156/288 tox\n|-damage|p1a: Ursaring|120/288 tox|[from] Stealth Rock\n|move|p2a: Corviknight|Brave Bird|p1a: Ursaring\n|-damage|p1a: Ursaring|0 fnt\n|faint|p1a: Ursaring\n|-damage|p2a: Corviknight|248/288|[from] Recoil\n|\n|-weather|Sandstorm|[upkeep]\n|-heal|p2a: Corviknight|266/288|[from] item: Leftovers\n|upkeep\n|\n|t:|1781464923\n|switch|p1a: Blastoise|Blastoise, L80, M|258/258\n|-damage|p1a: Blastoise|226/258|[from] Stealth Rock\n|turn|10\n|\n|t:|1781464949\n|move|p1a: Blastoise|Shell Smash|p1a: Blastoise\n|-unboost|p1a: Blastoise|def|1\n|-unboost|p1a: Blastoise|spd|1\n|-boost|p1a: Blastoise|atk|2\n|-boost|p1a: Blastoise|spa|2\n|-boost|p1a: Blastoise|spe|2\n|-enditem|p1a: Blastoise|White Herb\n|-clearnegativeboost|p1a: Blastoise|[silent]\n|move|p2a: Corviknight|Defog|p1a: Blastoise\n|-unboost|p1a: Blastoise|evasion|1\n|-sideend|p1: milkreo|Stealth Rock|[from] move: Defog|[of] p2a: Corviknight\n|\n|-weather|none\n|-heal|p2a: Corviknight|284/288|[from] item: Leftovers\n|upkeep\n|turn|11\n|\n|t:|1781464954\n|move|p1a: Blastoise|Hydro Pump|p2a: Corviknight|[miss]\n|-miss|p1a: Blastoise|p2a: Corviknight\n|move|p2a: Corviknight|U-turn|p1a: Blastoise\n|-damage|p1a: Blastoise|183/258\n|\n|t:|1781464957\n|switch|p2a: Lapras|Lapras, L87, F|367/367|[from] U-turn\n|\n|upkeep\n|turn|12\n|\n|t:|1781464966\n|move|p1a: Blastoise|Earthquake|p2a: Lapras\n|-damage|p2a: Lapras|248/367\n|move|p2a: Lapras|Earthquake|p1a: Blastoise\n|-damage|p1a: Blastoise|123/258\n|\n|upkeep\n|turn|13\n|\n|t:|1781464981\n|move|p1a: Blastoise|Earthquake|p2a: Lapras\n|-damage|p2a: Lapras|120/367\n|move|p2a: Lapras|Earthquake|p1a: Blastoise\n|-damage|p1a: Blastoise|57/258\n|\n|upkeep\n|turn|14\n|\n|t:|1781464988\n|move|p1a: Blastoise|Earthquake|p2a: Lapras\n|-damage|p2a: Lapras|7/367\n|move|p2a: Lapras|Earthquake|p1a: Blastoise\n|-damage|p1a: Blastoise|0 fnt\n|faint|p1a: Blastoise\n|\n|upkeep\n|\n|t:|1781465009\n|switch|p1a: Mismagius|Mismagius, L86, M, tera:Fighting|183/243\n|turn|15\n|\n|t:|1781465016\n|move|p1a: Mismagius|Shadow Ball|p2a: Lapras\n|-damage|p2a: Lapras|0 fnt\n|faint|p2a: Lapras\n|\n|-heal|p1a: Mismagius|198/243|[from] item: Leftovers\n|upkeep\n|\n|t:|1781465021\n|switch|p2a: Corviknight|Corviknight, L80, F|284/288\n|turn|16\n|inactive|Battle timer is ON: inactive players will automatically lose when time's up. (requested by a rabbit)\n|inactive|milkreo has 120 seconds left.\n|\n|t:|1781465089\n|switch|p1a: Slowking|Slowking-Galar, L85, M|300/300\n|move|p2a: Corviknight|Brave Bird|p1a: Slowking\n|-damage|p1a: Slowking|183/300\n|-damage|p2a: Corviknight|245/288|[from] Recoil\n|\n|-heal|p2a: Corviknight|263/288|[from] item: Leftovers\n|upkeep\n|turn|17\n|inactive|a rabbit has 120 seconds left.\n|inactive|a rabbit has 90 seconds left.\n|\n|t:|1781465169\n|move|p2a: Corviknight|U-turn|p1a: Slowking\n|-damage|p1a: Slowking|138/300\n|\n|t:|1781465171\n|switch|p2a: Palossand|Palossand, L89, F|260/296 tox|[from] U-turn\n|move|p1a: Slowking|Fire Blast|p2a: Palossand\n|-damage|p2a: Palossand|166/296 tox\n|\n|-heal|p2a: Palossand|184/296 tox|[from] item: Leftovers\n|-damage|p2a: Palossand|166/296 tox|[from] psn\n|upkeep\n|turn|18\n|\n|t:|1781465195\n|switch|p1a: Virizion|Virizion, L82|283/283\n|move|p2a: Palossand|Shadow Ball|p1a: Virizion\n|-damage|p1a: Virizion|213/283\n|\n|-heal|p2a: Palossand|184/296 tox|[from] item: Leftovers\n|-damage|p2a: Palossand|148/296 tox|[from] psn\n|upkeep\n|turn|19\n|inactive|a rabbit has 60 seconds left.\n|inactive|a rabbit has 30 seconds left.\n|\n|t:|1781465265\n|switch|p2a: Hydrapple|Hydrapple, L83, M|312/312\n|move|p1a: Virizion|Swords Dance|p1a: Virizion\n|-boost|p1a: Virizion|atk|2\n|\n|upkeep\n|turn|20\n|inactive|a rabbit has 30 seconds left.\n|inactive|a rabbit has 20 seconds left.\n|\n|t:|1781465288\n|-terastallize|p2a: Hydrapple|Dragon\n|move|p1a: Virizion|Close Combat|p2a: Hydrapple\n|-damage|p2a: Hydrapple|49/312\n|-unboost|p1a: Virizion|def|1\n|-unboost|p1a: Virizion|spd|1\n|-damage|p1a: Virizion|185/283|[from] item: Life Orb\n|move|p2a: Hydrapple|Fickle Beam|p1a: Virizion\n|-damage|p1a: Virizion|0 fnt\n|faint|p1a: Virizion\n|\n|upkeep\n|\n|t:|1781465297\n|switch|p1a: Mismagius|Mismagius, L86, M, tera:Fighting|198/243\n|turn|21\n|inactive|a rabbit has 30 seconds left.\n|inactive|milkreo has 120 seconds left.\n|\n|t:|1781465322\n|move|p1a: Mismagius|Shadow Ball|p2a: Hydrapple\n|-damage|p2a: Hydrapple|0 fnt\n|faint|p2a: Hydrapple\n|\n|-heal|p1a: Mismagius|213/243|[from] item: Leftovers\n|upkeep\n|inactive|a rabbit has 30 seconds left this turn.\n|\n|t:|1781465326\n|switch|p2a: Corviknight|Corviknight, L80, F|263/288\n|turn|22\n|inactive|milkreo has 120 seconds left.\n|inactive|milkreo has 90 seconds left.\n|inactive|milkreo has 60 seconds left.\n|\n|t:|1781465405\n|switch|p1a: Clodsire|Clodsire, L81, M|343/343\n|move|p2a: Corviknight|Brave Bird|p1a: Clodsire\n|-crit|p1a: Clodsire\n|-damage|p1a: Clodsire|111/343\n|-damage|p2a: Corviknight|186/288|[from] Recoil\n|\n|-heal|p2a: Corviknight|204/288|[from] item: Leftovers\n|-heal|p1a: Clodsire|132/343|[from] item: Leftovers\n|upkeep\n|turn|23\n|\n|t:|1781465410\n|move|p2a: Corviknight|Brave Bird|p1a: Clodsire\n|-damage|p1a: Clodsire|0 fnt\n|faint|p1a: Clodsire\n|-damage|p2a: Corviknight|160/288|[from] Recoil\n|\n|-heal|p2a: Corviknight|178/288|[from] item: Leftovers\n|upkeep\n|\n|t:|1781465413\n|switch|p1a: Slowking|Slowking-Galar, L85, M|238/300\n|turn|24\n|inactive|milkreo has 60 seconds left.\n|\n|t:|1781465434\n|move|p2a: Corviknight|U-turn|p1a: Slowking\n|-damage|p1a: Slowking|196/300\n|inactive|a rabbit has 60 seconds left.\n|j| DikkeBende\n|\n|t:|1781465470\n|switch|p2a: Palossand|Palossand, L89, F|148/296 tox|[from] U-turn\n|move|p1a: Slowking|Fire Blast|p2a: Palossand\n|-damage|p2a: Palossand|51/296 tox\n|\n|-heal|p2a: Palossand|69/296 tox|[from] item: Leftovers\n|-damage|p2a: Palossand|51/296 tox|[from] psn\n|upkeep\n|turn|25\n|inactive|milkreo has 60 seconds left.\n|inactive|milkreo has 30 seconds left.\n|inactive|milkreo has 20 seconds left.\n|inactive|milkreo has 15 seconds left.\n|inactive|milkreo has 10 seconds left.\n|\n|t:|1781465539\n|switch|p1a: Mismagius|Mismagius, L86, M, tera:Fighting|213/243\n|move|p2a: Palossand|Shadow Ball|p1a: Mismagius\n|-damage|p1a: Mismagius|132/243\n|-unboost|p1a: Mismagius|spd|1\n|\n|-heal|p1a: Mismagius|147/243|[from] item: Leftovers\n|-heal|p2a: Palossand|69/296 tox|[from] item: Leftovers\n|-damage|p2a: Palossand|33/296 tox|[from] psn\n|upkeep\n|turn|26\n|inactive|milkreo has 20 seconds left this turn.\n|inactive|milkreo has 15 seconds left.\n|inactive|milkreo has 10 seconds left.\n|inactive|milkreo has 5 seconds left.\n|inactive|a rabbit has 30 seconds left.\n|inactive|a rabbit has 20 seconds left.\n|inactive|a rabbit has 15 seconds left.\n|inactive|a rabbit has 10 seconds left.\n|\n|t:|1781465588\n|move|p1a: Mismagius|Nasty Plot|p1a: Mismagius\n|-boost|p1a: Mismagius|spa|2\n|move|p2a: Palossand|Shadow Ball|p1a: Mismagius\n|-damage|p1a: Mismagius|32/243\n|\n|-heal|p1a: Mismagius|47/243|[from] item: Leftovers\n|-heal|p2a: Palossand|51/296 tox|[from] item: Leftovers\n|-damage|p2a: Palossand|0 fnt|[from] psn\n|faint|p2a: Palossand\n|upkeep\n|inactive|a rabbit has 15 seconds left this turn.\n|inactive|a rabbit has 10 seconds left.\n|\n|t:|1781465595\n|switch|p2a: Corviknight|Corviknight, L80, F|178/288\n|turn|27\n|inactive|milkreo has 20 seconds left this turn.\n|inactive|a rabbit has 20 seconds left this turn.\n|inactive|milkreo has 15 seconds left.\n|\n|t:|1781465602\n|move|p1a: Mismagius|Tera Blast|p2a: Corviknight|[anim] Tera Blast Fighting\n|-damage|p2a: Corviknight|0 fnt\n|faint|p2a: Corviknight\n|\n|-heal|p1a: Mismagius|62/243|[from] item: Leftovers\n|upkeep\n|inactive|a rabbit has 25 seconds left this turn.\n|\n|t:|1781465605\n|switch|p2a: Magnezone|Magnezone, L85|153/258\n|turn|28\n|inactive|milkreo has 30 seconds left this turn.\n|inactive|milkreo has 20 seconds left.\n|\n|t:|1781465619\n|move|p1a: Mismagius|Tera Blast|p2a: Magnezone|[anim] Tera Blast Fighting\n|-supereffective|p2a: Magnezone\n|-damage|p2a: Magnezone|0 fnt\n|faint|p2a: Magnezone\n|\n|win|milkreo\n", "uploadtime": 1781464711, "views": 2, "formatid": "gen9randombattle", "rating": null, "private": 0, "password": null}