{"id": "gen9randombattle-2631787247", "format": "[Gen 9] Random Battle", "players": ["JayClaw", "mishaji.denji"], "log": "|j|\u2606JayClaw\n|j|\u2606mishaji.denji\n|t:|1781439608\n|gametype|singles\n|player|p1|JayClaw|red|2054\n|player|p2|mishaji.denji|n|1988\n|gen|9\n|tier|[Gen 9] Random Battle\n|rated|\n|rule|Species Clause: Limit one of each Pok\u00e9mon\n|rule|HP Percentage Mod: HP is shown in percentages\n|rule|Sleep Clause Mod: Limit one foe put to sleep\n|rule|Illusion Level Mod: Illusion disguises the Pok\u00e9mon's true level\n|\n|t:|1781439608\n|teamsize|p1|6\n|teamsize|p2|6\n|start\n|switch|p1a: Chandelure|Chandelure, L83, M|235/235\n|switch|p2a: Jirachi|Jirachi, L80|291/291\n|turn|1\n|\n|t:|1781439686\n|switch|p2a: Dipplin|Dipplin, L88, F|284/284\n|move|p1a: Chandelure|Fire Blast|p2a: Dipplin\n|-damage|p2a: Dipplin|172/284\n|\n|upkeep\n|turn|2\n|\n|t:|1781439696\n|switch|p1a: Persian|Persian-Alola, L86, F|252/252\n|move|p2a: Dipplin|Recover|p2a: Dipplin\n|-heal|p2a: Dipplin|284/284\n|\n|upkeep\n|turn|3\n|\n|t:|1781439721\n|move|p1a: Persian|Parting Shot|p2a: Dipplin\n|-unboost|p2a: Dipplin|atk|1\n|-unboost|p2a: Dipplin|spa|1\n|\n|t:|1781439724\n|switch|p1a: Chandelure|Chandelure, L83, M|235/235|[from] Parting Shot\n|move|p2a: Dipplin|Dragon Pulse|p1a: Chandelure\n|-damage|p1a: Chandelure|172/235\n|\n|upkeep\n|turn|4\n|\n|t:|1781439735\n|move|p2a: Dipplin|Sucker Punch|p1a: Chandelure\n|-supereffective|p1a: Chandelure\n|-damage|p1a: Chandelure|108/235\n|move|p1a: Chandelure|Fire Blast|p2a: Dipplin\n|-damage|p2a: Dipplin|184/284\n|\n|upkeep\n|turn|5\n|\n|t:|1781439742\n|move|p1a: Chandelure|Fire Blast|p2a: Dipplin\n|-damage|p2a: Dipplin|69/284\n|move|p2a: Dipplin|Recover|p2a: Dipplin\n|-heal|p2a: Dipplin|211/284\n|\n|upkeep\n|turn|6\n|\n|t:|1781439752\n|switch|p1a: Gengar|Gengar, L81, M|230/230\n|move|p2a: Dipplin|Recover|p2a: Dipplin\n|-heal|p2a: Dipplin|284/284\n|\n|upkeep\n|turn|7\n|\n|t:|1781439760\n|switch|p2a: Luvdisc|Luvdisc, M|247/247\n|move|p1a: Gengar|Sludge Wave|p2a: Luvdisc\n|-damage|p2a: Luvdisc|90/247\n|-damage|p1a: Gengar|207/230|[from] item: Life Orb\n|\n|upkeep\n|turn|8\n|\n|t:|1781439775\n|switch|p2a: Tauros|Tauros, L82, M|257/257\n|switch|p1a: Persian|Persian-Alola, L86, F|252/252\n|\n|upkeep\n|turn|9\n|\n|t:|1781439783\n|move|p1a: Persian|Thunder Wave|p2a: Tauros\n|-status|p2a: Tauros|par\n|move|p2a: Tauros|Body Slam|p1a: Persian\n|-damage|p1a: Persian|153/252\n|\n|upkeep\n|turn|10\n|\n|t:|1781439799\n|move|p1a: Persian|Foul Play|p2a: Tauros\n|-damage|p2a: Tauros|157/257 par\n|move|p2a: Tauros|Throat Chop|p1a: Persian\n|-resisted|p1a: Persian\n|-damage|p1a: Persian|123/252\n|\n|upkeep\n|turn|11\n|\n|t:|1781439807\n|move|p1a: Persian|Parting Shot|p2a: Tauros\n|-unboost|p2a: Tauros|atk|1\n|-unboost|p2a: Tauros|spa|1\n|\n|t:|1781439810\n|switch|p1a: Chandelure|Chandelure, L83, M|108/235|[from] Parting Shot\n|move|p2a: Tauros|Close Combat|p1a: Chandelure\n|-immune|p1a: Chandelure\n|\n|upkeep\n|turn|12\n|\n|t:|1781439825\n|switch|p2a: Luvdisc|Luvdisc, M|90/247\n|move|p1a: Chandelure|Fire Blast|p2a: Luvdisc|[miss]\n|-miss|p1a: Chandelure|p2a: Luvdisc\n|\n|upkeep\n|turn|13\n|\n|t:|1781439831\n|switch|p1a: Floatzel|Floatzel, L86, F|286/286\n|move|p2a: Luvdisc|Surf|p1a: Floatzel\n|-resisted|p1a: Floatzel\n|-damage|p1a: Floatzel|232/286\n|\n|-heal|p1a: Floatzel|249/286|[from] item: Leftovers\n|upkeep\n|turn|14\n|\n|t:|1781439840\n|move|p2a: Luvdisc|Substitute|p2a: Luvdisc\n|-start|p2a: Luvdisc|Substitute\n|-damage|p2a: Luvdisc|29/247\n|move|p1a: Floatzel|Taunt|p2a: Luvdisc\n|-start|p2a: Luvdisc|move: Taunt\n|\n|-heal|p1a: Floatzel|266/286|[from] item: Leftovers\n|upkeep\n|turn|15\n|\n|t:|1781439845\n|move|p2a: Luvdisc|Endeavor|p1a: Floatzel\n|-damage|p1a: Floatzel|29/286\n|move|p1a: Floatzel|Bulk Up|p1a: Floatzel\n|-boost|p1a: Floatzel|atk|1\n|-boost|p1a: Floatzel|def|1\n|\n|-heal|p1a: Floatzel|46/286|[from] item: Leftovers\n|upkeep\n|turn|16\n|\n|t:|1781439870\n|move|p2a: Luvdisc|Whirlpool|p1a: Floatzel\n|-resisted|p1a: Floatzel\n|-damage|p1a: Floatzel|25/286\n|-activate|p1a: Floatzel|move: Whirlpool|[of] p2a: Luvdisc\n|move|p1a: Floatzel|Ice Spinner|p2a: Luvdisc\n|-resisted|p2a: Luvdisc\n|-activate|p2a: Luvdisc|move: Substitute|[damage]\n|\n|-heal|p1a: Floatzel|42/286|[from] item: Leftovers\n|-damage|p1a: Floatzel|7/286|[from] move: Whirlpool|[partiallytrapped]\n|upkeep\n|turn|17\n|\n|t:|1781439880\n|move|p2a: Luvdisc|Surf|p1a: Floatzel\n|-resisted|p1a: Floatzel\n|-damage|p1a: Floatzel|0 fnt\n|faint|p1a: Floatzel\n|\n|-end|p2a: Luvdisc|move: Taunt\n|upkeep\n|\n|t:|1781439895\n|switch|p1a: Gengar|Gengar, L81, M|207/230\n|turn|18\n|\n|t:|1781439903\n|move|p2a: Luvdisc|Whirlpool|p1a: Gengar\n|-damage|p1a: Gengar|176/230\n|-activate|p1a: Gengar|move: Whirlpool|[of] p2a: Luvdisc\n|move|p1a: Gengar|Sludge Wave|p2a: Luvdisc\n|-end|p2a: Luvdisc|Substitute\n|-damage|p1a: Gengar|153/230|[from] item: Life Orb\n|\n|-damage|p1a: Gengar|125/230|[from] move: Whirlpool|[partiallytrapped]\n|upkeep\n|turn|19\n|\n|t:|1781439912\n|move|p2a: Luvdisc|Surf|p1a: Gengar\n|-damage|p1a: Gengar|37/230\n|move|p1a: Gengar|Sludge Wave|p2a: Luvdisc\n|-damage|p2a: Luvdisc|0 fnt\n|faint|p2a: Luvdisc\n|-damage|p1a: Gengar|14/230|[from] item: Life Orb\n|\n|-end|p1a: Gengar|Whirlpool|[partiallytrapped]|[silent]\n|upkeep\n|\n|t:|1781439925\n|switch|p2a: Dipplin|Dipplin, L88, F|284/284\n|turn|20\n|\n|t:|1781439929\n|switch|p1a: Iron Jugulis|Iron Jugulis, L77|271/271\n|move|p2a: Dipplin|Sucker Punch||[still]\n|-fail|p2a: Dipplin\n|\n|upkeep\n|turn|21\n|\n|t:|1781439940\n|-terastallize|p2a: Dipplin|Steel\n|move|p1a: Iron Jugulis|Hurricane|p2a: Dipplin\n|-resisted|p2a: Dipplin\n|-damage|p2a: Dipplin|227/284\n|-start|p2a: Dipplin|confusion\n|-activate|p2a: Dipplin|confusion\n|move|p2a: Dipplin|Dragon Pulse|p1a: Iron Jugulis\n|-damage|p1a: Iron Jugulis|148/271\n|\n|upkeep\n|turn|22\n|\n|t:|1781439961\n|-end|p1a: Iron Jugulis|Quark Drive|[silent]\n|switch|p1a: Gengar|Gengar, L81, M|14/230\n|-activate|p2a: Dipplin|confusion\n|move|p2a: Dipplin|Dragon Pulse|p1a: Gengar\n|-damage|p1a: Gengar|0 fnt\n|faint|p1a: Gengar\n|\n|upkeep\n|\n|t:|1781439964\n|switch|p1a: Chandelure|Chandelure, L83, M|108/235\n|turn|23\n|\n|t:|1781439971\n|-activate|p2a: Dipplin|confusion\n|move|p2a: Dipplin|Sucker Punch||[still]\n|-fail|p2a: Dipplin\n|move|p1a: Chandelure|Calm Mind|p1a: Chandelure\n|-boost|p1a: Chandelure|spa|1\n|-boost|p1a: Chandelure|spd|1\n|\n|upkeep\n|turn|24\n|\n|t:|1781439979\n|-activate|p2a: Dipplin|confusion\n|-damage|p2a: Dipplin|206/284|[from] confusion\n|move|p1a: Chandelure|Fire Blast|p2a: Dipplin\n|-supereffective|p2a: Dipplin\n|-damage|p2a: Dipplin|0 fnt\n|faint|p2a: Dipplin\n|\n|upkeep\n|\n|t:|1781439985\n|switch|p2a: Maushold|Maushold-Four, L76|238/238\n|turn|25\n|\n|t:|1781440000\n|move|p2a: Maushold|Bite|p1a: Chandelure\n|-supereffective|p1a: Chandelure\n|-damage|p1a: Chandelure|20/235\n|-status|p2a: Maushold|brn|[from] ability: Flame Body|[of] p1a: Chandelure\n|move|p1a: Chandelure|Fire Blast|p2a: Maushold\n|-damage|p2a: Maushold|0 fnt\n|faint|p2a: Maushold\n|\n|upkeep\n|\n|t:|1781440005\n|switch|p2a: Jirachi|Jirachi, L80|291/291\n|turn|26\n|\n|t:|1781440013\n|switch|p1a: Quagsire|Quagsire, L84, M|297/297\n|move|p2a: Jirachi|Iron Head|p1a: Quagsire\n|-resisted|p1a: Quagsire\n|-damage|p1a: Quagsire|257/297\n|\n|-heal|p1a: Quagsire|275/297|[from] item: Leftovers\n|upkeep\n|turn|27\n|\n|t:|1781440022\n|move|p2a: Jirachi|Body Slam|p1a: Quagsire\n|-damage|p1a: Quagsire|218/297\n|move|p1a: Quagsire|Spikes|p2a: Jirachi\n|-sidestart|p2: mishaji.denji|Spikes\n|\n|-heal|p1a: Quagsire|236/297|[from] item: Leftovers\n|upkeep\n|turn|28\n|\n|t:|1781440026\n|move|p2a: Jirachi|Body Slam|p1a: Quagsire\n|-damage|p1a: Quagsire|179/297\n|move|p1a: Quagsire|Earthquake|p2a: Jirachi\n|-supereffective|p2a: Jirachi\n|-damage|p2a: Jirachi|103/291\n|\n|-heal|p2a: Jirachi|121/291|[from] item: Leftovers\n|-heal|p1a: Quagsire|197/297|[from] item: Leftovers\n|upkeep\n|turn|29\n|\n|t:|1781440032\n|move|p2a: Jirachi|Protect|p2a: Jirachi\n|-singleturn|p2a: Jirachi|Protect\n|move|p1a: Quagsire|Earthquake|p2a: Jirachi\n|-activate|p2a: Jirachi|move: Protect\n|\n|-heal|p2a: Jirachi|139/291|[from] item: Leftovers\n|-heal|p1a: Quagsire|215/297|[from] item: Leftovers\n|upkeep\n|turn|30\n|\n|t:|1781440036\n|move|p2a: Jirachi|Iron Head|p1a: Quagsire\n|-resisted|p1a: Quagsire\n|-damage|p1a: Quagsire|177/297\n|cant|p1a: Quagsire|flinch\n|\n|-heal|p2a: Jirachi|157/291|[from] item: Leftovers\n|-heal|p1a: Quagsire|195/297|[from] item: Leftovers\n|upkeep\n|turn|31\n|\n|t:|1781440043\n|move|p2a: Jirachi|Protect|p2a: Jirachi\n|-singleturn|p2a: Jirachi|Protect\n|move|p1a: Quagsire|Spikes|p2a: Jirachi\n|-sidestart|p2: mishaji.denji|Spikes\n|\n|-heal|p2a: Jirachi|175/291|[from] item: Leftovers\n|-heal|p1a: Quagsire|213/297|[from] item: Leftovers\n|upkeep\n|turn|32\n|\n|t:|1781440045\n|move|p2a: Jirachi|Iron Head|p1a: Quagsire\n|-resisted|p1a: Quagsire\n|-damage|p1a: Quagsire|168/297\n|cant|p1a: Quagsire|flinch\n|\n|-heal|p2a: Jirachi|193/291|[from] item: Leftovers\n|-heal|p1a: Quagsire|186/297|[from] item: Leftovers\n|upkeep\n|turn|33\n|\n|t:|1781440050\n|move|p2a: Jirachi|Body Slam|p1a: Quagsire\n|-damage|p1a: Quagsire|126/297\n|move|p1a: Quagsire|Earthquake|p2a: Jirachi\n|-supereffective|p2a: Jirachi\n|-damage|p2a: Jirachi|25/291\n|\n|-heal|p2a: Jirachi|43/291|[from] item: Leftovers\n|-heal|p1a: Quagsire|144/297|[from] item: Leftovers\n|upkeep\n|turn|34\n|\n|t:|1781440055\n|move|p2a: Jirachi|Iron Head|p1a: Quagsire\n|-resisted|p1a: Quagsire\n|-damage|p1a: Quagsire|103/297\n|move|p1a: Quagsire|Recover|p1a: Quagsire\n|-heal|p1a: Quagsire|252/297\n|\n|-heal|p2a: Jirachi|61/291|[from] item: Leftovers\n|-heal|p1a: Quagsire|270/297|[from] item: Leftovers\n|upkeep\n|turn|35\n|\n|t:|1781440059\n|move|p2a: Jirachi|Iron Head|p1a: Quagsire\n|-resisted|p1a: Quagsire\n|-damage|p1a: Quagsire|230/297\n|cant|p1a: Quagsire|flinch\n|\n|-heal|p2a: Jirachi|79/291|[from] item: Leftovers\n|-heal|p1a: Quagsire|248/297|[from] item: Leftovers\n|upkeep\n|turn|36\n|\n|t:|1781440062\n|move|p2a: Jirachi|Iron Head|p1a: Quagsire\n|-resisted|p1a: Quagsire\n|-damage|p1a: Quagsire|204/297\n|cant|p1a: Quagsire|flinch\n|\n|-heal|p2a: Jirachi|97/291|[from] item: Leftovers\n|-heal|p1a: Quagsire|222/297|[from] item: Leftovers\n|upkeep\n|turn|37\n|\n|t:|1781440065\n|move|p2a: Jirachi|Iron Head|p1a: Quagsire\n|-resisted|p1a: Quagsire\n|-damage|p1a: Quagsire|182/297\n|move|p1a: Quagsire|Earthquake|p2a: Jirachi\n|-supereffective|p2a: Jirachi\n|-crit|p2a: Jirachi\n|-damage|p2a: Jirachi|0 fnt\n|faint|p2a: Jirachi\n|\n|-heal|p1a: Quagsire|200/297|[from] item: Leftovers\n|upkeep\n|\n|t:|1781440069\n|switch|p2a: Tauros|Tauros, L82, M|157/257 par\n|-damage|p2a: Tauros|115/257 par|[from] Spikes\n|turn|38\n|inactive|Battle timer is ON: inactive players will automatically lose when time's up. (requested by mishaji.denji)\n|\n|t:|1781440085\n|move|p2a: Tauros|Body Slam|p1a: Quagsire\n|-damage|p1a: Quagsire|51/297\n|move|p1a: Quagsire|Earthquake|p2a: Tauros\n|-damage|p2a: Tauros|30/257 par\n|\n|-heal|p1a: Quagsire|69/297|[from] item: Leftovers\n|upkeep\n|turn|39\n|\n|t:|1781440091\n|move|p2a: Tauros|Throat Chop|p1a: Quagsire\n|-damage|p1a: Quagsire|0 fnt\n|faint|p1a: Quagsire\n|\n|upkeep\n|\n|t:|1781440095\n|switch|p1a: Persian|Persian-Alola, L86, F|123/252\n|turn|40\n|\n|t:|1781440097\n|move|p1a: Persian|Foul Play|p2a: Tauros\n|-damage|p2a: Tauros|0 fnt\n|faint|p2a: Tauros\n|\n|upkeep\n|\n|t:|1781440098\n|switch|p2a: Luxray|Luxray, L88, M|283/283\n|-damage|p2a: Luxray|236/283|[from] Spikes\n|turn|41\n|\n|t:|1781440120\n|move|p1a: Persian|Parting Shot|p2a: Luxray\n|-unboost|p2a: Luxray|atk|1\n|-unboost|p2a: Luxray|spa|1\n|\n|t:|1781440130\n|switch|p1a: Iron Jugulis|Iron Jugulis, L77|148/271|[from] Parting Shot\n|move|p2a: Luxray|Trailblaze|p1a: Iron Jugulis\n|-resisted|p1a: Iron Jugulis\n|-damage|p1a: Iron Jugulis|130/271\n|-boost|p2a: Luxray|spe|1\n|\n|-status|p2a: Luxray|brn|[from] item: Flame Orb\n|upkeep\n|turn|42\n|\n|t:|1781440146\n|move|p2a: Luxray|Supercell Slam|p1a: Iron Jugulis\n|-supereffective|p1a: Iron Jugulis\n|-damage|p1a: Iron Jugulis|0 fnt\n|faint|p1a: Iron Jugulis\n|-end|p1a: Iron Jugulis|Quark Drive|[silent]\n|\n|-damage|p2a: Luxray|219/283 brn|[from] brn\n|upkeep\n|inactive|JayClaw has 120 seconds left.\n|\n|t:|1781440159\n|switch|p1a: Persian|Persian-Alola, L86, F|123/252\n|turn|43\n|\n|t:|1781440165\n|switch|p1a: Chandelure|Chandelure, L83, M|20/235\n|move|p2a: Luxray|Facade|p1a: Chandelure\n|-immune|p1a: Chandelure\n|\n|-damage|p2a: Luxray|202/283 brn|[from] brn\n|upkeep\n|turn|44\n|inactive|JayClaw has 120 seconds left.\n|\n|t:|1781440183\n|move|p2a: Luxray|Throat Chop|p1a: Chandelure\n|-supereffective|p1a: Chandelure\n|-damage|p1a: Chandelure|0 fnt\n|faint|p1a: Chandelure\n|\n|-damage|p2a: Luxray|185/283 brn|[from] brn\n|upkeep\n|\n|t:|1781440185\n|switch|p1a: Persian|Persian-Alola, L86, F|123/252\n|turn|45\n|\n|t:|1781440196\n|move|p2a: Luxray|Supercell Slam|p1a: Persian\n|-damage|p1a: Persian|32/252\n|move|p1a: Persian|Parting Shot|p2a: Luxray\n|-unboost|p2a: Luxray|atk|1\n|-unboost|p2a: Luxray|spa|1\n|\n|-damage|p2a: Luxray|168/283 brn|[from] brn\n|upkeep\n|turn|46\n|\n|t:|1781440201\n|move|p2a: Luxray|Facade|p1a: Persian\n|-damage|p1a: Persian|0 fnt\n|faint|p1a: Persian\n|\n|win|mishaji.denji\n", "inputlog": ">version a8376a258c1d4662feba110a92103f3664a72141\n>start {\"formatid\":\"gen9randombattle\",\"seed\":\"sodium,2787c28c40a550614ebdd7b3cf86285e\",\"rated\":\"Rated battle\"}\n>player p1 {\"name\":\"JayClaw\",\"avatar\":\"red\",\"rating\":2054,\"seed\":\"sodium,27e94ec37fef7504bde94787a530a5de\"}\n>player p2 {\"name\":\"mishaji.denji\",\"avatar\":\"n\",\"rating\":1988,\"seed\":\"sodium,31a30b78e68ac38c5059c717b48f7fbe\"}\n>p1 move fireblast\n>p2 switch 2\n>p1 switch 6\n>p2 move recover\n>p1 move partingshot\n>p2 move dragonpulse\n>p1 switch 6\n>p1 move fireblast\n>p2 move suckerpunch\n>p1 move fireblast\n>p2 move recover\n>p1 switch 4\n>p2 move recover\n>p1 move sludgewave\n>p2 switch 5\n>p1 switch 6\n>p2 switch 6\n>p1 move thunderwave\n>p2 move bodyslam\n>p1 move foulplay\n>p2 move throatchop\n>p1 move partingshot\n>p2 move closecombat\n>p1 switch 4\n>p1 move fireblast\n>p2 switch 6\n>p1 switch 3\n>p2 move surf\n>p1 move taunt\n>p2 move substitute\n>p1 move bulkup\n>p2 move endeavor\n>p1 move icespinner\n>p2 move whirlpool\n>p1 move wavecrash\n>p2 move surf\n>p1 switch 6\n>p1 move sludgewave\n>p2 move whirlpool\n>p1 move sludgewave\n>p2 move surf\n>p2 switch 5\n>p1 switch 5\n>p2 move suckerpunch\n>p1 move hurricane\n>p2 move dragonpulse terastallize\n>p1 switch 5\n>p2 move dragonpulse\n>p1 switch 3\n>p1 move calmmind\n>p2 move suckerpunch\n>p1 move fireblast\n>p2 move suckerpunch\n>p2 switch 3\n>p1 move fireblast\n>p2 move bite\n>p2 switch 2\n>p1 switch 2\n>p2 move ironhead\n>p1 move spikes\n>p2 move bodyslam\n>p1 move earthquake\n>p2 move bodyslam\n>p1 move earthquake\n>p2 move protect\n>p1 move earthquake\n>p2 move ironhead\n>p1 move spikes\n>p2 move protect\n>p1 move earthquake\n>p2 move ironhead\n>p1 move earthquake\n>p2 move bodyslam\n>p1 move recover\n>p2 move ironhead\n>p1 move earthquake\n>p2 move ironhead\n>p1 move earthquake\n>p2 move ironhead\n>p1 move earthquake\n>p2 move ironhead\n>p2 switch 6\n>p1 move earthquake\n>p2 move bodyslam\n>p1 move recover\n>p2 move throatchop\n>p1 switch 4\n>p1 move foulplay\n>p2 move bodyslam\n>p2 switch 4\n>p1 move partingshot\n>p2 move trailblaze\n>p1 switch 5\n>p1 move darkpulse\n>p2 move supercellslam\n>p1 switch 5\n>p1 switch 2\n>p2 move facade\n>p1 move shadowball\n>p2 move throatchop\n>p1 switch 2\n>p1 move partingshot\n>p2 move supercellslam\n>p1 move foulplay\n>p2 move facade", "uploadtime": 1781439610, "views": 5, "formatid": "gen9randombattle", "rating": null, "private": 0, "password": null}