{"id": "gen9randombattle-2631504916", "format": "[Gen 9] Random Battle", "players": ["fingerfonger", "JuvenileLeopard"], "log": "|j|\u2606fingerfonger\n|j|\u2606JuvenileLeopard\n|t:|1781393648\n|gametype|singles\n|player|p1|fingerfonger|clerkf|2062\n|player|p2|JuvenileLeopard|colress|2138\n|gen|9\n|tier|[Gen 9] Random Battle\n|rated|\n|rule|Species Clause: Limit one of each Pok\u00e9mon\n|rule|HP Percentage Mod: HP is shown in percentages\n|rule|Sleep Clause Mod: Limit one foe put to sleep\n|rule|Illusion Level Mod: Illusion disguises the Pok\u00e9mon's true level\n|\n|t:|1781393648\n|teamsize|p1|6\n|teamsize|p2|6\n|start\n|switch|p1a: Conkeldurr|Conkeldurr, L80, F|299/299\n|switch|p2a: Dunsparce|Dunsparce, L86, M|312/312\n|turn|1\n|\n|t:|1781393665\n|move|p2a: Dunsparce|Coil|p2a: Dunsparce\n|-boost|p2a: Dunsparce|atk|1\n|-boost|p2a: Dunsparce|def|1\n|-boost|p2a: Dunsparce|accuracy|1\n|move|p1a: Conkeldurr|Knock Off|p2a: Dunsparce\n|-damage|p2a: Dunsparce|266/312\n|-enditem|p2a: Dunsparce|Eviolite|[from] move: Knock Off|[of] p1a: Conkeldurr\n|\n|-status|p1a: Conkeldurr|brn|[from] item: Flame Orb\n|upkeep\n|turn|2\n|inactive|Battle timer is ON: inactive players will automatically lose when time's up. (requested by JuvenileLeopard)\n|\n|t:|1781393706\n|switch|p1a: Yanmega|Yanmega, L82, M|275/275\n|move|p2a: Dunsparce|Body Slam|p1a: Yanmega\n|-damage|p1a: Yanmega|163/275\n|\n|upkeep\n|turn|3\n|\n|t:|1781393713\n|move|p1a: Yanmega|Air Slash|p2a: Dunsparce\n|-damage|p2a: Dunsparce|98/312\n|move|p2a: Dunsparce|Body Slam|p1a: Yanmega\n|-damage|p1a: Yanmega|45/275\n|\n|upkeep\n|turn|4\n|\n|t:|1781393721\n|move|p1a: Yanmega|Air Slash|p2a: Dunsparce\n|-damage|p2a: Dunsparce|0 fnt\n|faint|p2a: Dunsparce\n|\n|upkeep\n|\n|t:|1781393729\n|switch|p2a: Calyrex|Calyrex-Shadow, L64|235/235\n|-ability|p2a: Calyrex|As One\n|-ability|p2a: Calyrex|Unnerve\n|turn|5\n|\n|t:|1781393742\n|switch|p1a: Indeedee|Indeedee, L84, M|238/238\n|-fieldstart|move: Psychic Terrain|[from] ability: Psychic Surge|[of] p1a: Indeedee\n|move|p2a: Calyrex|Astral Barrage|p1a: Indeedee\n|-immune|p1a: Indeedee\n|\n|upkeep\n|turn|6\n|\n|t:|1781393749\n|switch|p2a: Chien-Pao|Chien-Pao, L72|234/234\n|-ability|p2a: Chien-Pao|Sword of Ruin\n|move|p1a: Indeedee|Expanding Force|p2a: Chien-Pao\n|-immune|p2a: Chien-Pao\n|\n|upkeep\n|turn|7\n|\n|t:|1781393761\n|switch|p1a: Yanmega|Yanmega, L82, M|45/275\n|move|p2a: Chien-Pao|Icicle Crash|p1a: Yanmega|[miss]\n|-miss|p2a: Chien-Pao|p1a: Yanmega\n|\n|upkeep\n|turn|8\n|\n|t:|1781393776\n|move|p2a: Chien-Pao|Icicle Crash|p1a: Yanmega|[miss]\n|-miss|p2a: Chien-Pao|p1a: Yanmega\n|move|p1a: Yanmega|Bug Buzz|p2a: Chien-Pao\n|-supereffective|p2a: Chien-Pao\n|-damage|p2a: Chien-Pao|0 fnt\n|faint|p2a: Chien-Pao\n|\n|upkeep\n|\n|t:|1781393780\n|switch|p2a: Calyrex|Calyrex-Shadow, L64|235/235\n|-ability|p2a: Calyrex|As One\n|-ability|p2a: Calyrex|Unnerve\n|turn|9\n|\n|t:|1781393793\n|move|p2a: Calyrex|Psyshock|p1a: Yanmega\n|-crit|p1a: Yanmega\n|-damage|p1a: Yanmega|0 fnt\n|faint|p1a: Yanmega\n|-ability|p2a: Calyrex|Grim Neigh|boost\n|-boost|p2a: Calyrex|spa|1\n|\n|-fieldend|move: Psychic Terrain\n|upkeep\n|\n|t:|1781393797\n|switch|p1a: Indeedee|Indeedee, L84, M|238/238\n|-fieldstart|move: Psychic Terrain|[from] ability: Psychic Surge|[of] p1a: Indeedee\n|turn|10\n|\n|t:|1781393819\n|-terastallize|p2a: Calyrex|Ghost\n|move|p2a: Calyrex|Psyshock|p1a: Indeedee\n|-resisted|p1a: Indeedee\n|-damage|p1a: Indeedee|86/238\n|move|p1a: Indeedee|Shadow Ball|p2a: Calyrex\n|-supereffective|p2a: Calyrex\n|-damage|p2a: Calyrex|66/235\n|-damage|p1a: Indeedee|63/238|[from] item: Life Orb\n|\n|upkeep\n|turn|11\n|\n|t:|1781393828\n|move|p2a: Calyrex|Psyshock|p1a: Indeedee\n|-resisted|p1a: Indeedee\n|-damage|p1a: Indeedee|0 fnt\n|faint|p1a: Indeedee\n|-ability|p2a: Calyrex|Grim Neigh|boost\n|-boost|p2a: Calyrex|spa|1\n|\n|upkeep\n|\n|t:|1781393833\n|switch|p1a: Salazzle|Salazzle, L83, F|249/249\n|turn|12\n|\n|t:|1781393853\n|switch|p2a: Regirock|Regirock, L83|268/268\n|-terastallize|p1a: Salazzle|Grass\n|move|p1a: Salazzle|Tera Blast|p2a: Regirock|[anim] Tera Blast Grass\n|-supereffective|p2a: Regirock\n|-damage|p2a: Regirock|104/268\n|\n|upkeep\n|turn|13\n|\n|t:|1781393881\n|move|p1a: Salazzle|Tera Blast|p2a: Regirock|[anim] Tera Blast Grass\n|-supereffective|p2a: Regirock\n|-damage|p2a: Regirock|0 fnt\n|faint|p2a: Regirock\n|\n|upkeep\n|\n|t:|1781393885\n|switch|p2a: Sunflora|Sunflora, F|312/312\n|turn|14\n|\n|t:|1781393899\n|switch|p1a: Conkeldurr|Conkeldurr, L80, F|299/299 brn\n|move|p2a: Sunflora|Sunny Day|p2a: Sunflora\n|-weather|SunnyDay\n|\n|-weather|SunnyDay|[upkeep]\n|-damage|p1a: Conkeldurr|281/299 brn|[from] brn\n|-fieldend|move: Psychic Terrain\n|upkeep\n|turn|15\n|\n|t:|1781393907\n|move|p1a: Conkeldurr|Mach Punch|p2a: Sunflora\n|-damage|p2a: Sunflora|212/312\n|move|p2a: Sunflora|Solar Beam||[still]\n|-prepare|p2a: Sunflora|Solar Beam\n|-anim|p2a: Sunflora|Solar Beam|p1a: Conkeldurr\n|-damage|p1a: Conkeldurr|0 fnt\n|faint|p1a: Conkeldurr\n|-damage|p2a: Sunflora|181/312|[from] item: Life Orb\n|\n|-weather|SunnyDay|[upkeep]\n|upkeep\n|\n|t:|1781393917\n|switch|p1a: Hitmontop|Hitmontop, L88, M|231/231\n|turn|16\n|\n|t:|1781393925\n|move|p2a: Sunflora|Solar Beam||[still]\n|-prepare|p2a: Sunflora|Solar Beam\n|-anim|p2a: Sunflora|Solar Beam|p1a: Hitmontop\n|-damage|p1a: Hitmontop|40/231\n|-damage|p2a: Sunflora|150/312|[from] item: Life Orb\n|move|p1a: Hitmontop|Rapid Spin|p2a: Sunflora\n|-damage|p2a: Sunflora|88/312\n|-boost|p1a: Hitmontop|spe|1\n|\n|-weather|SunnyDay|[upkeep]\n|-heal|p1a: Hitmontop|54/231|[from] item: Leftovers\n|upkeep\n|turn|17\n|\n|t:|1781393935\n|move|p1a: Hitmontop|Close Combat|p2a: Sunflora\n|-damage|p2a: Sunflora|0 fnt\n|-unboost|p1a: Hitmontop|def|1\n|-unboost|p1a: Hitmontop|spd|1\n|faint|p2a: Sunflora\n|\n|-weather|SunnyDay|[upkeep]\n|-heal|p1a: Hitmontop|68/231|[from] item: Leftovers\n|upkeep\n|\n|t:|1781393938\n|switch|p2a: Electrode|Electrode-Hisui, L87|246/246\n|turn|18\n|\n|t:|1781393944\n|move|p2a: Electrode|Thunderbolt|p1a: Hitmontop\n|-damage|p1a: Hitmontop|0 fnt\n|faint|p1a: Hitmontop\n|\n|-weather|none\n|upkeep\n|\n|t:|1781393951\n|switch|p1a: Eiscue|Eiscue, L88, M|274/274\n|turn|19\n|\n|t:|1781393956\n|move|p2a: Electrode|Leech Seed|p1a: Eiscue\n|-start|p1a: Eiscue|move: Leech Seed\n|move|p1a: Eiscue|Ice Spinner|p2a: Electrode\n|-supereffective|p2a: Electrode\n|-damage|p2a: Electrode|72/246\n|\n|-heal|p2a: Electrode|87/246|[from] item: Leftovers\n|-damage|p1a: Eiscue|240/274|[from] Leech Seed|[of] p2a: Electrode\n|-heal|p2a: Electrode|121/246|[silent]\n|upkeep\n|turn|20\n|\n|t:|1781393961\n|switch|p1a: Salazzle|Salazzle, L83, F, tera:Grass|249/249\n|move|p2a: Electrode|Substitute|p2a: Electrode\n|-start|p2a: Electrode|Substitute\n|-damage|p2a: Electrode|60/246\n|\n|-heal|p2a: Electrode|75/246|[from] item: Leftovers\n|upkeep\n|turn|21\n|\n|t:|1781393965\n|move|p2a: Electrode|Thunderbolt|p1a: Salazzle\n|-resisted|p1a: Salazzle\n|-damage|p1a: Salazzle|190/249\n|move|p1a: Salazzle|Sludge Wave|p2a: Electrode\n|-supereffective|p2a: Electrode\n|-end|p2a: Electrode|Substitute\n|\n|-heal|p2a: Electrode|90/246|[from] item: Leftovers\n|upkeep\n|turn|22\n|\n|t:|1781393973\n|move|p2a: Electrode|Thunderbolt|p1a: Salazzle\n|-resisted|p1a: Salazzle\n|-damage|p1a: Salazzle|127/249\n|move|p1a: Salazzle|Sludge Wave|p2a: Electrode\n|-supereffective|p2a: Electrode\n|-damage|p2a: Electrode|0 fnt\n|faint|p2a: Electrode\n|\n|upkeep\n|\n|t:|1781393977\n|switch|p2a: Calyrex|Calyrex-Shadow, L64, tera:Ghost|66/235\n|-ability|p2a: Calyrex|As One\n|-ability|p2a: Calyrex|Unnerve\n|turn|23\n|\n|t:|1781393980\n|move|p1a: Salazzle|Tera Blast|p2a: Calyrex|[anim] Tera Blast Grass\n|-damage|p2a: Calyrex|0 fnt\n|faint|p2a: Calyrex\n|\n|win|fingerfonger\n", "inputlog": ">version a8376a258c1d4662feba110a92103f3664a72141\n>start {\"formatid\":\"gen9randombattle\",\"seed\":\"sodium,c54e21aeb44a860e97c4308213388d97\",\"rated\":\"Rated battle\"}\n>player p1 {\"name\":\"fingerfonger\",\"avatar\":\"clerkf\",\"rating\":2062,\"seed\":\"sodium,7ee19eaab28ac29f039d957e4c7c437f\"}\n>player p2 {\"name\":\"JuvenileLeopard\",\"avatar\":\"colress\",\"rating\":2138,\"seed\":\"sodium,5aa71a90c019fe5e2e708db2446cb3f8\"}\n>p1 move knockoff\n>p2 move coil\n>p1 switch 6\n>p2 move bodyslam\n>p1 move airslash\n>p2 move bodyslam\n>p1 move airslash\n>p2 move bodyslam\n>p2 switch 3\n>p1 switch 2\n>p2 move astralbarrage\n>p1 move expandingforce\n>p2 switch 4\n>p1 switch 2\n>p2 move iciclecrash\n>p1 move bugbuzz\n>p2 move iciclecrash\n>p2 switch 4\n>p1 move bugbuzz\n>p2 move psyshock\n>p1 switch 2\n>p1 move shadowball\n>p2 move psyshock terastallize\n>p1 move expandingforce\n>p2 move psyshock\n>p1 switch 5\n>p1 move terablast terastallize\n>p2 switch 2\n>p1 move terablast\n>p2 move bodypress\n>p2 switch 5\n>p1 switch 6\n>p2 move sunnyday\n>p1 move machpunch\n>p2 move solarbeam\n>p1 switch 3\n>p1 move rapidspin\n>p2 move solarbeam\n>p1 move closecombat\n>p2 move solarbeam\n>p2 switch 6\n>p1 move closecombat\n>p2 move thunderbolt\n>p1 switch 4\n>p1 move icespinner\n>p2 move leechseed\n>p1 switch 6\n>p2 move substitute\n>p1 move sludgewave\n>p2 move thunderbolt\n>p1 move sludgewave\n>p2 move thunderbolt\n>p2 switch 2\n>p1 move terablast\n>p2 move astralbarrage", "uploadtime": 1781393650, "views": 4, "formatid": "gen9randombattle", "rating": null, "private": 0, "password": null}