{"id": "gen9randombattle-2631934868", "format": "[Gen 9] Random Battle", "players": ["itsbaloney", "minianchoa"], "log": "|j|\u2606itsbaloney\n|j|\u2606minianchoa\n|t:|1781457351\n|gametype|singles\n|player|p1|itsbaloney|giovanni|2037\n|player|p2|minianchoa|170|1946\n|gen|9\n|tier|[Gen 9] Random Battle\n|rated|\n|rule|Species Clause: Limit one of each Pok\u00e9mon\n|rule|HP Percentage Mod: HP is shown in percentages\n|rule|Sleep Clause Mod: Limit one foe put to sleep\n|rule|Illusion Level Mod: Illusion disguises the Pok\u00e9mon's true level\n|\n|t:|1781457351\n|teamsize|p1|6\n|teamsize|p2|6\n|start\n|switch|p1a: Leavanny|Leavanny, L86, F|269/269\n|switch|p2a: Quagsire|Quagsire, L84, F|297/297\n|turn|1\n|inactive|Battle timer is ON: inactive players will automatically lose when time's up. (requested by itsbaloney)\n|\n|t:|1781457364\n|switch|p2a: Moltres|Moltres, L81|278/278\n|move|p1a: Leavanny|Bullet Seed|p2a: Moltres\n|-resisted|p2a: Moltres\n|-damage|p2a: Moltres|271/278\n|-resisted|p2a: Moltres\n|-damage|p2a: Moltres|264/278\n|-resisted|p2a: Moltres\n|-damage|p2a: Moltres|257/278\n|-resisted|p2a: Moltres\n|-damage|p2a: Moltres|250/278\n|-hitcount|p2a: Moltres|4\n|\n|upkeep\n|turn|2\n|\n|t:|1781457377\n|switch|p1a: Diancie|Diancie, L82|216/216\n|move|p2a: Moltres|Brave Bird|p1a: Diancie\n|-resisted|p1a: Diancie\n|-damage|p1a: Diancie|177/216\n|-damage|p2a: Moltres|237/278|[from] Recoil\n|\n|-heal|p1a: Diancie|190/216|[from] item: Leftovers\n|upkeep\n|turn|3\n|\n|t:|1781457385\n|switch|p2a: Quagsire|Quagsire, L84, F|297/297\n|move|p1a: Diancie|Diamond Storm|p2a: Quagsire\n|-resisted|p2a: Quagsire\n|-damage|p2a: Quagsire|249/297\n|-boost|p1a: Diancie|def|2\n|\n|-heal|p1a: Diancie|203/216|[from] item: Leftovers\n|-heal|p2a: Quagsire|267/297|[from] item: Leftovers\n|upkeep\n|turn|4\n|\n|t:|1781457390\n|switch|p1a: Chansey|Chansey, L85, F|564/564\n|move|p2a: Quagsire|Toxic|p1a: Chansey\n|-status|p1a: Chansey|tox\n|\n|-heal|p2a: Quagsire|285/297|[from] item: Leftovers\n|-damage|p1a: Chansey|529/564 tox|[from] psn\n|upkeep\n|turn|5\n|\n|t:|1781457394\n|move|p1a: Chansey|Heal Bell|p1a: Chansey\n|-activate|p1a: Chansey|move: Heal Bell\n|-curestatus|p1a: Chansey|tox|[msg]\n|move|p2a: Quagsire|Spikes|p1a: Chansey\n|-sidestart|p1: itsbaloney|Spikes\n|\n|-heal|p2a: Quagsire|297/297|[from] item: Leftovers\n|upkeep\n|turn|6\n|\n|t:|1781457398\n|switch|p1a: Leavanny|Leavanny, L86, F|269/269\n|-damage|p1a: Leavanny|236/269|[from] Spikes\n|move|p2a: Quagsire|Toxic|p1a: Leavanny\n|-status|p1a: Leavanny|tox\n|\n|-damage|p1a: Leavanny|220/269 tox|[from] psn\n|upkeep\n|turn|7\n|\n|t:|1781457414\n|switch|p2a: Fezandipiti|Fezandipiti, L82, M|278/278\n|move|p1a: Leavanny|Sticky Web|p2a: Fezandipiti\n|-sidestart|p2: minianchoa|move: Sticky Web\n|\n|-damage|p1a: Leavanny|188/269 tox|[from] psn\n|upkeep\n|turn|8\n|\n|t:|1781457425\n|switch|p1a: Azelf|Azelf, L82|257/257\n|move|p2a: Fezandipiti|Swords Dance|p2a: Fezandipiti\n|-boost|p2a: Fezandipiti|atk|2\n|\n|upkeep\n|turn|9\n|l|\u2606minianchoa\n|inactive|minianchoa disconnected and has a minute to reconnect!\n|player|p2|\n|j|\u2606minianchoa\n|inactive|minianchoa reconnected and has 125 seconds left.\n|player|p2|minianchoa|170|\n|inactive|minianchoa has 120 seconds left.\n|\n|t:|1781457467\n|-terastallize|p2a: Fezandipiti|Ground\n|move|p1a: Azelf|Psychic|p2a: Fezandipiti\n|-damage|p2a: Fezandipiti|161/278\n|-damage|p1a: Azelf|232/257|[from] item: Life Orb\n|move|p2a: Fezandipiti|Play Rough|p1a: Azelf\n|-damage|p1a: Azelf|19/257\n|\n|-heal|p2a: Fezandipiti|178/278|[from] item: Leftovers\n|upkeep\n|turn|10\n|\n|t:|1781457477\n|move|p1a: Azelf|Psychic|p2a: Fezandipiti\n|-damage|p2a: Fezandipiti|60/278\n|-damage|p1a: Azelf|0 fnt|[from] item: Life Orb\n|faint|p1a: Azelf\n|move|p2a: Fezandipiti|Swords Dance|p2a: Fezandipiti\n|-boost|p2a: Fezandipiti|atk|2\n|\n|-heal|p2a: Fezandipiti|77/278|[from] item: Leftovers\n|upkeep\n|\n|t:|1781457480\n|switch|p1a: Illumise|Illumise, L91, F|266/266\n|turn|11\n|inactive|minianchoa has 120 seconds left.\n|\n|t:|1781457492\n|switch|p2a: Quagsire|Quagsire, L84, F|297/297\n|-activate|p2a: Quagsire|move: Sticky Web\n|-unboost|p2a: Quagsire|spe|1\n|move|p1a: Illumise|Encore||[still]\n|-fail|p1a: Illumise\n|\n|upkeep\n|turn|12\n|\n|t:|1781457498\n|switch|p1a: Leavanny|Leavanny, L86, F|188/269 tox\n|-damage|p1a: Leavanny|155/269 tox|[from] Spikes\n|move|p2a: Quagsire|Spikes|p1a: Leavanny\n|-sidestart|p1: itsbaloney|Spikes\n|\n|-damage|p1a: Leavanny|139/269 tox|[from] psn\n|upkeep\n|turn|13\n|\n|t:|1781457502\n|switch|p2a: Moltres|Moltres, L81|237/278\n|move|p1a: Leavanny|Knock Off|p2a: Moltres\n|-crit|p2a: Moltres\n|-damage|p2a: Moltres|111/278\n|-enditem|p2a: Moltres|Heavy-Duty Boots|[from] move: Knock Off|[of] p1a: Leavanny\n|\n|-damage|p1a: Leavanny|107/269 tox|[from] psn\n|upkeep\n|turn|14\n|\n|t:|1781457515\n|switch|p1a: Diancie|Diancie, L82|203/216\n|-damage|p1a: Diancie|167/216|[from] Spikes\n|move|p2a: Moltres|Roost|p2a: Moltres\n|-heal|p2a: Moltres|250/278\n|-singleturn|p2a: Moltres|move: Roost\n|\n|-heal|p1a: Diancie|180/216|[from] item: Leftovers\n|upkeep\n|turn|15\n|\n|t:|1781457526\n|switch|p2a: Quagsire|Quagsire, L84, F|297/297\n|-activate|p2a: Quagsire|move: Sticky Web\n|-unboost|p2a: Quagsire|spe|1\n|switch|p1a: Chansey|Chansey, L85, F|529/564\n|-damage|p1a: Chansey|435/564|[from] Spikes\n|\n|upkeep\n|turn|16\n|\n|t:|1781457533\n|move|p1a: Chansey|Heal Bell|p1a: Chansey\n|-activate|p1a: Chansey|move: Heal Bell\n|-curestatus|p1: Leavanny|tox|[msg]\n|move|p2a: Quagsire|Spikes|p1a: Chansey\n|-sidestart|p1: itsbaloney|Spikes\n|\n|upkeep\n|turn|17\n|\n|t:|1781457537\n|move|p1a: Chansey|Seismic Toss|p2a: Quagsire\n|-damage|p2a: Quagsire|212/297\n|move|p2a: Quagsire|Toxic|p1a: Chansey\n|-status|p1a: Chansey|tox\n|\n|-heal|p2a: Quagsire|230/297|[from] item: Leftovers\n|-damage|p1a: Chansey|400/564 tox|[from] psn\n|upkeep\n|turn|18\n|\n|t:|1781457541\n|move|p1a: Chansey|Seismic Toss|p2a: Quagsire\n|-damage|p2a: Quagsire|145/297\n|move|p2a: Quagsire|Earthquake|p1a: Chansey\n|-crit|p1a: Chansey\n|-damage|p1a: Chansey|43/564 tox\n|\n|-heal|p2a: Quagsire|163/297|[from] item: Leftovers\n|-damage|p1a: Chansey|0 fnt|[from] psn\n|faint|p1a: Chansey\n|upkeep\n|-message|itsbaloney forfeited.\n|\n|win|minianchoa\n", "inputlog": ">version a8376a258c1d4662feba110a92103f3664a72141\n>start {\"formatid\":\"gen9randombattle\",\"seed\":\"sodium,d7cc61d137d794693e4c9d8d3d7b3a32\",\"rated\":\"Rated battle\"}\n>player p1 {\"name\":\"itsbaloney\",\"avatar\":\"giovanni\",\"rating\":2037,\"seed\":\"sodium,473af4a0d19b952f016f1d8cd251fcac\"}\n>player p2 {\"name\":\"minianchoa\",\"avatar\":\"170\",\"rating\":1946,\"seed\":\"sodium,39d0647cae38ba7df8489cfdaf20739b\"}\n>p1 move bulletseed\n>p2 switch 3\n>p1 switch 3\n>p2 move bravebird\n>p1 move diamondstorm\n>p2 switch 3\n>p1 switch 6\n>p2 move toxic\n>p1 move healbell\n>p2 move spikes\n>p1 switch 3\n>p2 move toxic\n>p1 move stickyweb\n>p2 switch 5\n>p1 switch 5\n>p2 move swordsdance\n>p1 move psychic\n>p2 move playrough terastallize\n>p1 move psychic\n>p2 move swordsdance\n>p1 switch 4\n>p1 move encore\n>p2 switch 5\n>p1 switch 5\n>p2 move spikes\n>p1 move knockoff\n>p2 switch 3\n>p1 switch 6\n>p2 move roost\n>p1 switch 3\n>p2 switch 3\n>p1 move healbell\n>p2 move spikes\n>p1 move seismictoss\n>p2 move toxic\n>p1 move seismictoss\n>p2 move earthquake\n>forcelose p1", "uploadtime": 1781457353, "views": 5, "formatid": "gen9randombattle", "rating": null, "private": 0, "password": null}