{"id": "gen9randombattle-2631648690", "format": "[Gen 9] Random Battle", "players": ["Ggstarmie", "Cheezrat"], "log": "|j|\u2606Ggstarmie\n|j|\u2606Cheezrat\n|t:|1781414652\n|gametype|singles\n|player|p1|Ggstarmie|102|2072\n|player|p2|Cheezrat|2|2061\n|gen|9\n|tier|[Gen 9] Random Battle\n|rated|\n|rule|Species Clause: Limit one of each Pok\u00e9mon\n|rule|HP Percentage Mod: HP is shown in percentages\n|rule|Sleep Clause Mod: Limit one foe put to sleep\n|rule|Illusion Level Mod: Illusion disguises the Pok\u00e9mon's true level\n|\n|t:|1781414652\n|teamsize|p1|6\n|teamsize|p2|6\n|start\n|switch|p1a: Garganacl|Garganacl, L80, F|291/291\n|switch|p2a: Oricorio|Oricorio, L84, F|263/263\n|turn|1\n|\n|t:|1781414685\n|switch|p2a: Vileplume|Vileplume, L85, M|266/266\n|move|p1a: Garganacl|Stealth Rock|p2a: Vileplume\n|-sidestart|p2: Cheezrat|move: Stealth Rock\n|\n|upkeep\n|turn|2\n|\n|t:|1781414693\n|switch|p1a: Delibird|Delibird, M|252/252\n|move|p2a: Vileplume|Leech Seed|p1a: Delibird|[miss]\n|-miss|p2a: Vileplume|p1a: Delibird\n|\n|upkeep\n|turn|3\n|inactive|Battle timer is ON: inactive players will automatically lose when time's up. (requested by Ggstarmie)\n|\n|t:|1781414731\n|move|p1a: Delibird|Brave Bird|p2a: Vileplume|[miss]\n|-miss|p1a: Delibird|p2a: Vileplume\n|move|p2a: Vileplume|Strength Sap|p1a: Delibird\n|-unboost|p1a: Delibird|atk|1\n|\n|upkeep\n|turn|4\n|\n|t:|1781414736\n|move|p1a: Delibird|Brave Bird|p2a: Vileplume\n|-supereffective|p2a: Vileplume\n|-damage|p2a: Vileplume|6/266\n|-damage|p1a: Delibird|166/252|[from] Recoil\n|move|p2a: Vileplume|Strength Sap|p1a: Delibird\n|-unboost|p1a: Delibird|atk|1\n|-heal|p2a: Vileplume|117/266\n|\n|-heal|p2a: Vileplume|133/266|[from] item: Leftovers\n|upkeep\n|turn|5\n|\n|t:|1781414742\n|move|p1a: Delibird|Brave Bird|p2a: Vileplume|[miss]\n|-miss|p1a: Delibird|p2a: Vileplume\n|move|p2a: Vileplume|Sludge Bomb|p1a: Delibird\n|-damage|p1a: Delibird|27/252\n|\n|-heal|p2a: Vileplume|149/266|[from] item: Leftovers\n|upkeep\n|turn|6\n|\n|t:|1781414749\n|move|p1a: Delibird|Brave Bird|p2a: Vileplume\n|-supereffective|p2a: Vileplume\n|-damage|p2a: Vileplume|0 fnt\n|-status|p1a: Delibird|psn|[from] ability: Effect Spore|[of] p2a: Vileplume\n|faint|p2a: Vileplume\n|-damage|p1a: Delibird|0 fnt|[from] Recoil\n|faint|p1a: Delibird\n|\n|upkeep\n|\n|t:|1781414768\n|switch|p1a: Garganacl|Garganacl, L80, F|291/291\n|switch|p2a: Annihilape|Annihilape, L76, M|292/292\n|-damage|p2a: Annihilape|274/292|[from] Stealth Rock\n|turn|7\n|\n|t:|1781414787\n|switch|p1a: Espeon|Espeon, L84, M|246/246\n|move|p2a: Annihilape|Bulk Up|p2a: Annihilape\n|-boost|p2a: Annihilape|atk|1\n|-boost|p2a: Annihilape|def|1\n|\n|upkeep\n|turn|8\n|inactive|Cheezrat has 120 seconds left.\n|\n|t:|1781414837\n|switch|p2a: Florges|Florges-Orange, L85, F|271/271\n|-damage|p2a: Florges|238/271|[from] Stealth Rock\n|move|p1a: Espeon|Shadow Ball|p2a: Florges\n|-damage|p2a: Florges|181/271\n|-damage|p1a: Espeon|222/246|[from] item: Life Orb\n|\n|-heal|p2a: Florges|197/271|[from] item: Leftovers\n|upkeep\n|turn|9\n|\n|t:|1781414846\n|move|p1a: Espeon|Psyshock|p2a: Florges\n|-damage|p2a: Florges|29/271\n|-damage|p1a: Espeon|198/246|[from] item: Life Orb\n|move|p2a: Florges|Moonblast|p1a: Espeon\n|-damage|p1a: Espeon|96/246\n|\n|-heal|p2a: Florges|45/271|[from] item: Leftovers\n|upkeep\n|turn|10\n|\n|t:|1781414855\n|move|p1a: Espeon|Psyshock|p2a: Florges\n|-damage|p2a: Florges|0 fnt\n|faint|p2a: Florges\n|-damage|p1a: Espeon|72/246|[from] item: Life Orb\n|\n|upkeep\n|inactive|Cheezrat has 90 seconds left.\n|\n|t:|1781414889\n|switch|p2a: Chandelure|Chandelure, L83, F|235/235\n|-damage|p2a: Chandelure|177/235|[from] Stealth Rock\n|turn|11\n|\n|t:|1781414897\n|move|p2a: Chandelure|Shadow Ball|p1a: Espeon\n|-supereffective|p1a: Espeon\n|-damage|p1a: Espeon|0 fnt\n|faint|p1a: Espeon\n|\n|upkeep\n|\n|t:|1781414905\n|switch|p1a: Victreebel|Victreebel, L90, M|290/290\n|turn|12\n|\n|t:|1781414915\n|move|p2a: Chandelure|Shadow Ball|p1a: Victreebel\n|-damage|p1a: Victreebel|164/290\n|move|p1a: Victreebel|Swords Dance|p1a: Victreebel\n|-boost|p1a: Victreebel|atk|2\n|\n|upkeep\n|turn|13\n|\n|t:|1781414922\n|switch|p2a: Oricorio|Oricorio, L84, F|263/263\n|move|p1a: Victreebel|Sucker Punch||[still]\n|-fail|p1a: Victreebel\n|\n|upkeep\n|turn|14\n|\n|t:|1781414935\n|-terastallize|p1a: Victreebel|Dark\n|move|p2a: Oricorio|Revelation Dance|p1a: Victreebel\n|-damage|p1a: Victreebel|53/290\n|move|p1a: Victreebel|Poison Jab|p2a: Oricorio\n|-damage|p2a: Oricorio|0 fnt\n|faint|p2a: Oricorio\n|-damage|p1a: Victreebel|24/290|[from] item: Life Orb\n|\n|upkeep\n|inactive|Cheezrat has 90 seconds left.\n|inactive|Cheezrat has 60 seconds left.\n|l|\u2606Ggstarmie\n|inactive|Ggstarmie disconnected and has a minute to reconnect!\n|player|p1|\n|\n|t:|1781414984\n|switch|p2a: Chandelure|Chandelure, L83, F|177/235\n|-damage|p2a: Chandelure|119/235|[from] Stealth Rock\n|turn|15\n|j|\u2606Ggstarmie\n|inactive|Ggstarmie reconnected and has 130 seconds left.\n|player|p1|Ggstarmie|102|\n|inactive|Cheezrat has 60 seconds left.\n|\n|t:|1781415023\n|move|p1a: Victreebel|Sucker Punch|p2a: Chandelure\n|-supereffective|p2a: Chandelure\n|-damage|p2a: Chandelure|0 fnt\n|faint|p2a: Chandelure\n|-damage|p1a: Victreebel|0 fnt|[from] item: Life Orb\n|faint|p1a: Victreebel\n|\n|upkeep\n|inactive|Ggstarmie has 120 seconds left.\n|\n|t:|1781415034\n|switch|p2a: Cloyster|Cloyster, L80, M|211/211\n|switch|p1a: Toxicroak|Toxicroak, L84, F|277/277\n|-damage|p2a: Cloyster|159/211|[from] Stealth Rock\n|turn|16\n|inactive|Cheezrat has 30 seconds left.\n|\n|t:|1781415070\n|-terastallize|p2a: Cloyster|Ground\n|move|p1a: Toxicroak|Close Combat|p2a: Cloyster\n|-damage|p2a: Cloyster|39/211\n|-unboost|p1a: Toxicroak|def|1\n|-unboost|p1a: Toxicroak|spd|1\n|move|p2a: Cloyster|Shell Smash|p2a: Cloyster\n|-unboost|p2a: Cloyster|def|1\n|-unboost|p2a: Cloyster|spd|1\n|-boost|p2a: Cloyster|atk|2\n|-boost|p2a: Cloyster|spa|2\n|-boost|p2a: Cloyster|spe|2\n|-enditem|p2a: Cloyster|White Herb\n|-clearnegativeboost|p2a: Cloyster|[silent]\n|\n|upkeep\n|turn|17\n|inactive|Cheezrat has 30 seconds left.\n|\n|t:|1781415079\n|switch|p1a: Garganacl|Garganacl, L80, F|291/291\n|move|p2a: Cloyster|Drill Run|p1a: Garganacl\n|-supereffective|p1a: Garganacl\n|-damage|p1a: Garganacl|63/291\n|\n|-heal|p1a: Garganacl|81/291|[from] item: Leftovers\n|upkeep\n|turn|18\n|\n|t:|1781415085\n|move|p1a: Garganacl|Protect|p1a: Garganacl\n|-singleturn|p1a: Garganacl|Protect\n|move|p2a: Cloyster|Icicle Spear|p1a: Garganacl\n|-activate|p1a: Garganacl|move: Protect\n|\n|-heal|p1a: Garganacl|99/291|[from] item: Leftovers\n|upkeep\n|turn|19\n|\n|t:|1781415088\n|move|p2a: Cloyster|Icicle Spear|p1a: Garganacl\n|-damage|p1a: Garganacl|60/291\n|-damage|p1a: Garganacl|23/291\n|-damage|p1a: Garganacl|0 fnt\n|faint|p1a: Garganacl\n|-hitcount|p1: Garganacl|3\n|\n|upkeep\n|\n|t:|1781415091\n|switch|p1a: Ludicolo|Ludicolo, L90, M|290/290\n|turn|20\n|\n|t:|1781415095\n|move|p2a: Cloyster|Icicle Spear|p1a: Ludicolo\n|-damage|p1a: Ludicolo|233/290\n|-damage|p1a: Ludicolo|181/290\n|-damage|p1a: Ludicolo|121/290\n|-crit|p1a: Ludicolo\n|-damage|p1a: Ludicolo|43/290\n|-damage|p1a: Ludicolo|0 fnt\n|faint|p1a: Ludicolo\n|-hitcount|p1: Ludicolo|5\n|\n|upkeep\n|\n|t:|1781415098\n|switch|p1a: Toxicroak|Toxicroak, L84, F|277/277\n|turn|21\n|\n|t:|1781415106\n|move|p2a: Cloyster|Icicle Spear|p1a: Toxicroak\n|-damage|p1a: Toxicroak|222/277\n|-damage|p1a: Toxicroak|165/277\n|-damage|p1a: Toxicroak|104/277\n|-damage|p1a: Toxicroak|49/277\n|-damage|p1a: Toxicroak|0 fnt\n|faint|p1a: Toxicroak\n|-hitcount|p1: Toxicroak|5\n|\n|win|Cheezrat\n|raw|Ggstarmie's rating: 2072 &rarr; <strong>2051</strong><br />(-21 for losing)\n|raw|Cheezrat's rating: 2061 &rarr; <strong>2082</strong><br />(+21 for winning)\n", "inputlog": ">version a8376a258c1d4662feba110a92103f3664a72141\n>start {\"formatid\":\"gen9randombattle\",\"seed\":\"sodium,8cd4d0e30c37b934a7697033f2d6b124\",\"rated\":\"Rated battle\"}\n>player p1 {\"name\":\"Ggstarmie\",\"avatar\":\"102\",\"rating\":2072,\"seed\":\"sodium,dead622aa62ab2fea562ccc543ddfe46\"}\n>player p2 {\"name\":\"Cheezrat\",\"avatar\":\"2\",\"rating\":2061,\"seed\":\"sodium,e8656dfcdc8eadedd730df5b5039c1c4\"}\n>p1 move stealthrock\n>p2 switch 5\n>p1 switch 3\n>p2 move leechseed\n>p1 move bravebird\n>p2 move strengthsap\n>p1 move bravebird\n>p2 move strengthsap\n>p1 move bravebird\n>p2 move sludgebomb\n>p1 move bravebird\n>p2 move strengthsap\n>p1 switch 3\n>p2 switch 2\n>p1 switch 5\n>p2 move bulkup\n>p1 move shadowball\n>p2 switch 4\n>p1 move psyshock\n>p2 move moonblast\n>p1 move psyshock\n>p2 move moonblast\n>p2 switch 6\n>p1 move shadowball\n>p2 move shadowball\n>p1 switch 2\n>p1 move swordsdance\n>p2 move shadowball\n>p1 move suckerpunch\n>p2 switch 5\n>p1 move poisonjab terastallize\n>p2 move revelationdance\n>p2 switch 5\n>p1 move suckerpunch\n>p2 move shadowball\n>p1 switch 4\n>p2 switch 3\n>p1 move closecombat\n>p2 move shellsmash terastallize\n>p1 switch 5\n>p2 move drillrun\n>p1 move protect\n>p2 move iciclespear\n>p1 move saltcure\n>p2 move iciclespear\n>p1 switch 6\n>p1 move gigadrain\n>p2 move iciclespear\n>p1 switch 5\n>p1 move knockoff\n>p2 move iciclespear", "uploadtime": 1781414654, "views": 7, "formatid": "gen9randombattle", "rating": 2051, "private": 0, "password": null}