{"id": "gen9randombattle-2632011746", "format": "[Gen 9] Random Battle", "players": ["Leontiossax", "Tyyyyyyu"], "log": "|j|\u2606Leontiossax\n|j|\u2606Tyyyyyyu\n|t:|1781465770\n|gametype|singles\n|player|p1|Leontiossax|170|1348\n|player|p2|Tyyyyyyu|lady-gen4|1383\n|gen|9\n|tier|[Gen 9] Random Battle\n|rated|\n|rule|Species Clause: Limit one of each Pok\u00e9mon\n|rule|HP Percentage Mod: HP is shown in percentages\n|rule|Sleep Clause Mod: Limit one foe put to sleep\n|rule|Illusion Level Mod: Illusion disguises the Pok\u00e9mon's true level\n|\n|t:|1781465770\n|teamsize|p1|6\n|teamsize|p2|6\n|start\n|switch|p1a: Arcanine|Arcanine, L84, M|288/288\n|switch|p2a: Oricorio|Oricorio-Pom-Pom, L82, F|257/257\n|-ability|p1a: Arcanine|Intimidate|boost\n|-unboost|p2a: Oricorio|atk|1\n|turn|1\n|inactive|Battle timer is ON: inactive players will automatically lose when time's up. (requested by Leontiossax)\n|\n|t:|1781465779\n|switch|p2a: Toxapex|Toxapex, L82, M|216/216\n|move|p1a: Arcanine|Flare Blitz|p2a: Toxapex\n|-resisted|p2a: Toxapex\n|-damage|p2a: Toxapex|167/216\n|-status|p2a: Toxapex|brn\n|-damage|p1a: Arcanine|240/288|[from] item: Rocky Helmet|[of] p2a: Toxapex\n|-damage|p1a: Arcanine|224/288|[from] Recoil\n|\n|-damage|p2a: Toxapex|154/216 brn|[from] brn\n|upkeep\n|turn|2\n|\n|t:|1781465792\n|switch|p1a: Munkidori|Munkidori, L79, M|269/269\n|move|p2a: Toxapex|Toxic Spikes|p1a: Munkidori\n|-sidestart|p1: Leontiossax|move: Toxic Spikes\n|\n|-damage|p2a: Toxapex|141/216 brn|[from] brn\n|upkeep\n|turn|3\n|\n|t:|1781465800\n|move|p1a: Munkidori|Psychic Noise|p2a: Toxapex\n|-supereffective|p2a: Toxapex\n|-damage|p2a: Toxapex|7/216 brn\n|-start|p2a: Toxapex|move: Heal Block\n|cant|p2a: Toxapex|move: Heal Block|Recover\n|\n|-damage|p2a: Toxapex|0 fnt|[from] brn\n|faint|p2a: Toxapex\n|upkeep\n|\n|t:|1781465812\n|switch|p2a: Dugtrio|Dugtrio, L84, F|196/196\n|turn|4\n|\n|t:|1781465819\n|-terastallize|p1a: Munkidori|Dark\n|move|p2a: Dugtrio|Earthquake|p1a: Munkidori\n|-damage|p1a: Munkidori|56/269\n|move|p1a: Munkidori|U-turn|p2a: Dugtrio\n|-damage|p2a: Dugtrio|138/196\n|\n|t:|1781465828\n|switch|p1a: Arceus|Arceus-Flying, L69|279/279|[from] U-turn\n|\n|upkeep\n|turn|5\n|\n|t:|1781465843\n|switch|p2a: Zebstrika|Zebstrika, L87, M|272/272\n|switch|p1a: Munkidori|Munkidori, L79, M, tera:Dark|56/269\n|-status|p1a: Munkidori|psn\n|\n|-damage|p1a: Munkidori|23/269 psn|[from] psn\n|upkeep\n|turn|6\n|\n|t:|1781465855\n|switch|p2a: Araquanid|Araquanid, L82, M|246/246\n|move|p1a: Munkidori|Fake Out|p2a: Araquanid\n|-damage|p2a: Araquanid|225/246\n|-status|p2a: Araquanid|tox|[from] ability: Toxic Chain|[of] p1a: Munkidori\n|\n|-damage|p1a: Munkidori|0 fnt|[from] psn\n|faint|p1a: Munkidori\n|-damage|p2a: Araquanid|210/246 tox|[from] psn\n|upkeep\n|\n|t:|1781465874\n|switch|p1a: Arceus|Arceus-Flying, L69|279/279\n|turn|7\n|\n|t:|1781465880\n|switch|p2a: Zebstrika|Zebstrika, L87, M|272/272\n|move|p1a: Arceus|Judgment|p2a: Zebstrika\n|-resisted|p2a: Zebstrika\n|-damage|p2a: Zebstrika|213/272\n|\n|upkeep\n|turn|8\n|\n|t:|1781465890\n|switch|p1a: Arcanine|Arcanine, L84, M|224/288\n|-ability|p1a: Arcanine|Intimidate|boost\n|-unboost|p2a: Zebstrika|atk|1\n|move|p2a: Zebstrika|Volt Switch|p1a: Arcanine\n|-crit|p1a: Arcanine\n|-damage|p1a: Arcanine|78/288\n|-damage|p2a: Zebstrika|186/272|[from] item: Life Orb\n|\n|t:|1781465893\n|switch|p2a: Araquanid|Araquanid, L82, M|210/246 tox|[from] Volt Switch\n|\n|-damage|p2a: Araquanid|195/246 tox|[from] psn\n|upkeep\n|turn|9\n|\n|t:|1781465905\n|move|p1a: Arcanine|Morning Sun|p1a: Arcanine\n|-heal|p1a: Arcanine|222/288\n|move|p2a: Araquanid|Sticky Web|p1a: Arcanine\n|-sidestart|p1: Leontiossax|move: Sticky Web\n|\n|-damage|p2a: Araquanid|165/246 tox|[from] psn\n|upkeep\n|turn|10\n|\n|t:|1781465914\n|switch|p1a: Arceus|Arceus-Flying, L69|279/279\n|move|p2a: Araquanid|Liquidation|p1a: Arceus\n|-damage|p1a: Arceus|155/279\n|\n|-damage|p2a: Araquanid|120/246 tox|[from] psn\n|upkeep\n|turn|11\n|\n|t:|1781465922\n|move|p1a: Arceus|Recover|p1a: Arceus\n|-heal|p1a: Arceus|279/279\n|move|p2a: Araquanid|Hydro Pump|p1a: Arceus\n|-damage|p1a: Arceus|152/279\n|\n|-damage|p2a: Araquanid|60/246 tox|[from] psn\n|upkeep\n|turn|12\n|\n|t:|1781465931\n|move|p1a: Arceus|Judgment|p2a: Araquanid\n|-supereffective|p2a: Araquanid\n|-damage|p2a: Araquanid|0 fnt\n|faint|p2a: Araquanid\n|\n|upkeep\n|\n|t:|1781465934\n|switch|p2a: Zebstrika|Zebstrika, L87, M|186/272\n|turn|13\n|\n|t:|1781465941\n|switch|p1a: Arcanine|Arcanine, L84, M|222/288\n|-ability|p1a: Arcanine|Intimidate|boost\n|-unboost|p2a: Zebstrika|atk|1\n|move|p2a: Zebstrika|Volt Switch|p1a: Arcanine\n|-damage|p1a: Arcanine|121/288\n|-damage|p2a: Zebstrika|159/272|[from] item: Life Orb\n|\n|t:|1781465943\n|switch|p2a: Dugtrio|Dugtrio, L84, F|138/196|[from] Volt Switch\n|\n|upkeep\n|turn|14\n|\n|t:|1781465952\n|move|p1a: Arcanine|Extreme Speed|p2a: Dugtrio\n|-damage|p2a: Dugtrio|48/196\n|move|p2a: Dugtrio|Earthquake|p1a: Arcanine\n|-supereffective|p1a: Arcanine\n|-damage|p1a: Arcanine|0 fnt\n|faint|p1a: Arcanine\n|\n|upkeep\n|\n|t:|1781465962\n|switch|p1a: Arceus|Arceus-Flying, L69|152/279\n|turn|15\n|\n|t:|1781465968\n|switch|p2a: Zebstrika|Zebstrika, L87, M|159/272\n|move|p1a: Arceus|Earth Power|p2a: Zebstrika\n|-supereffective|p2a: Zebstrika\n|-damage|p2a: Zebstrika|33/272\n|\n|upkeep\n|turn|16\n|\n|t:|1781465977\n|switch|p1a: Ogerpon|Ogerpon, L80, F|259/259\n|move|p2a: Zebstrika|Supercell Slam|p1a: Ogerpon\n|-resisted|p1a: Ogerpon\n|-damage|p1a: Ogerpon|180/259\n|-damage|p2a: Zebstrika|6/272|[from] item: Life Orb\n|\n|upkeep\n|turn|17\n|\n|t:|1781465986\n|switch|p1a: Arceus|Arceus-Flying, L69|152/279\n|move|p2a: Zebstrika|Overheat|p1a: Arceus\n|-damage|p1a: Arceus|55/279\n|-unboost|p2a: Zebstrika|spa|2\n|-damage|p2a: Zebstrika|0 fnt|[from] item: Life Orb\n|faint|p2a: Zebstrika\n|\n|upkeep\n|\n|t:|1781465997\n|switch|p2a: Oricorio|Oricorio-Pom-Pom, L82, F|257/257\n|turn|18\n|\n|t:|1781466003\n|switch|p1a: Perrserker|Perrserker, L89, M|269/269\n|-activate|p1a: Perrserker|move: Sticky Web\n|-unboost|p1a: Perrserker|spe|1\n|move|p2a: Oricorio|Quiver Dance|p2a: Oricorio\n|-boost|p2a: Oricorio|spa|1\n|-boost|p2a: Oricorio|spd|1\n|-boost|p2a: Oricorio|spe|1\n|\n|upkeep\n|turn|19\n|\n|t:|1781466019\n|-terastallize|p2a: Oricorio|Ground\n|move|p2a: Oricorio|Revelation Dance|p1a: Perrserker\n|-supereffective|p1a: Perrserker\n|-damage|p1a: Perrserker|0 fnt\n|faint|p1a: Perrserker\n|\n|upkeep\n|\n|t:|1781466028\n|switch|p1a: Ogerpon|Ogerpon, L80, F|180/259\n|turn|20\n|\n|t:|1781466033\n|move|p2a: Oricorio|Hurricane|p1a: Ogerpon\n|-supereffective|p1a: Ogerpon\n|-damage|p1a: Ogerpon|0 fnt\n|faint|p1a: Ogerpon\n|\n|upkeep\n|-message|Leontiossax forfeited.\n|\n|win|Tyyyyyyu\n|raw|Leontiossax's rating: 1348 &rarr; <strong>1330</strong><br />(-18 for losing)\n|raw|Tyyyyyyu's rating: 1383 &rarr; <strong>1401</strong><br />(+18 for winning)\n|l|\u2606Leontiossax\n|player|p1|\n", "inputlog": ">version a8376a258c1d4662feba110a92103f3664a72141\n>start {\"formatid\":\"gen9randombattle\",\"seed\":\"sodium,34a023d31618878d40fc1150b28ac0d0\",\"rated\":\"Rated battle\"}\n>player p1 {\"name\":\"Leontiossax\",\"avatar\":\"170\",\"rating\":1348,\"seed\":\"sodium,2a621b21baf7af3682758364361ef295\"}\n>player p2 {\"name\":\"Tyyyyyyu\",\"avatar\":\"lady-gen4\",\"rating\":1383,\"seed\":\"sodium,a18e2b4b1fe56ab1634aaa0497ca22d6\"}\n>p1 move flareblitz\n>p2 switch 4\n>p1 switch 3\n>p2 move toxicspikes\n>p1 move psychicnoise\n>p2 move recover\n>p2 switch 6\n>p1 move uturn terastallize\n>p2 move earthquake\n>p1 switch 2\n>p1 switch 2\n>p2 switch 2\n>p1 move fakeout\n>p2 switch 3\n>p1 switch 2\n>p1 move judgment\n>p2 switch 3\n>p1 switch 3\n>p2 move voltswitch\n>p2 switch 3\n>p1 move morningsun\n>p2 move stickyweb\n>p1 switch 3\n>p2 move liquidation\n>p1 move recover\n>p2 move hydropump\n>p1 move judgment\n>p2 move liquidation\n>p2 switch 3\n>p1 switch 3\n>p2 move voltswitch\n>p2 switch 2\n>p1 move extremespeed\n>p2 move earthquake\n>p1 switch 3\n>p1 move earthpower\n>p2 switch 2\n>p1 switch 5\n>p2 move supercellslam\n>p1 switch 5\n>p2 move overheat\n>p2 switch 4\n>p1 switch 4\n>p2 move quiverdance\n>p1 move ironhead\n>p2 move revelationdance terastallize\n>p1 switch 5\n>p1 move ivycudgel\n>p2 move hurricane\n>forcelose p1", "uploadtime": 1781466038, "views": 3, "formatid": "gen9randombattle", "rating": 1330, "private": 0, "password": null}