{"id": "gen9randombattle-2631807459", "format": "[Gen 9] Random Battle", "players": ["BoonLikker", "green8Bit"], "log": "|j|\u2606BoonLikker\n|j|\u2606green8Bit\n|t:|1781442552\n|gametype|singles\n|player|p1|BoonLikker|1|2134\n|player|p2|green8Bit|101|2119\n|gen|9\n|tier|[Gen 9] Random Battle\n|rated|\n|rule|Species Clause: Limit one of each Pok\u00e9mon\n|rule|HP Percentage Mod: HP is shown in percentages\n|rule|Sleep Clause Mod: Limit one foe put to sleep\n|rule|Illusion Level Mod: Illusion disguises the Pok\u00e9mon's true level\n|\n|t:|1781442552\n|teamsize|p1|6\n|teamsize|p2|6\n|start\n|switch|p1a: Slither Wing|Slither Wing, L81|270/270\n|switch|p2a: Salamence|Salamence, L77, F|273/273\n|-ability|p2a: Salamence|Intimidate|boost\n|-unboost|p1a: Slither Wing|atk|1\n|turn|1\n|\n|t:|1781442575\n|-end|p1a: Slither Wing|Protosynthesis|[silent]\n|switch|p1a: Mamoswine|Mamoswine, L81, M|311/311\n|move|p2a: Salamence|Dual Wingbeat|p1a: Mamoswine|[miss]\n|-miss|p2a: Salamence|p1a: Mamoswine\n|\n|upkeep\n|turn|2\n|\n|t:|1781442607\n|switch|p2a: Alomomola|Alomomola, L87, F|429/429\n|move|p1a: Mamoswine|Knock Off|p2a: Alomomola\n|-damage|p2a: Alomomola|296/429\n|-enditem|p2a: Alomomola|Heavy-Duty Boots|[from] move: Knock Off|[of] p1a: Mamoswine\n|\n|upkeep\n|turn|3\n|\n|t:|1781442646\n|switch|p1a: Rayquaza|Rayquaza, L72|270/270\n|-ability|p1a: Rayquaza|Air Lock\n|move|p2a: Alomomola|Flip Turn|p1a: Rayquaza\n|-resisted|p1a: Rayquaza\n|-damage|p1a: Rayquaza|239/270\n|inactive|Battle timer is ON: inactive players will automatically lose when time's up. (requested by BoonLikker)\n|inactive|green8Bit has 120 seconds left.\n|\n|t:|1781442698\n|switch|p2a: Zangoose|Zangoose, L85, M|263/263|[from] Flip Turn\n|\n|-status|p2a: Zangoose|tox|[from] item: Toxic Orb\n|upkeep\n|turn|4\n|\n|t:|1781442709\n|switch|p1a: Dugtrio|Dugtrio-Alola, L84, F|196/196\n|move|p2a: Zangoose|Facade|p1a: Dugtrio\n|-resisted|p1a: Dugtrio\n|-damage|p1a: Dugtrio|19/196\n|-ability|p1a: Dugtrio|Tangling Hair\n|-unboost|p2a: Zangoose|spe|1\n|\n|-damage|p2a: Zangoose|247/263 tox|[from] psn\n|upkeep\n|turn|5\n|\n|t:|1781442727\n|move|p2a: Zangoose|Quick Attack|p1a: Dugtrio\n|-resisted|p1a: Dugtrio\n|-damage|p1a: Dugtrio|0 fnt\n|-ability|p1a: Dugtrio|Tangling Hair\n|-unboost|p2a: Zangoose|spe|1\n|faint|p1a: Dugtrio\n|\n|-damage|p2a: Zangoose|215/263 tox|[from] psn\n|upkeep\n|\n|t:|1781442740\n|switch|p1a: Azelf|Azelf, L82|257/257\n|turn|6\n|inactive|green8Bit has 120 seconds left.\n|\n|t:|1781442778\n|switch|p2a: Alomomola|Alomomola, L87, F|429/429\n|move|p1a: Azelf|Psychic|p2a: Alomomola\n|-damage|p2a: Alomomola|217/429\n|-damage|p1a: Azelf|232/257|[from] item: Life Orb\n|\n|upkeep\n|turn|7\n|inactive|green8Bit has 120 seconds left.\n|\n|t:|1781442789\n|move|p1a: Azelf|Psychic|p2a: Alomomola\n|-damage|p2a: Alomomola|0 fnt\n|faint|p2a: Alomomola\n|-damage|p1a: Azelf|207/257|[from] item: Life Orb\n|\n|upkeep\n|inactive|green8Bit has 90 seconds left.\n|\n|t:|1781442827\n|switch|p2a: Lurantis|Lurantis, L87, M|264/264\n|turn|8\n|inactive|green8Bit has 90 seconds left.\n|\n|t:|1781442840\n|-terastallize|p1a: Azelf|Fire\n|move|p1a: Azelf|Fire Blast|p2a: Lurantis\n|-supereffective|p2a: Lurantis\n|-damage|p2a: Lurantis|46/264\n|-damage|p1a: Azelf|182/257|[from] item: Life Orb\n|move|p2a: Lurantis|Knock Off|p1a: Azelf\n|-damage|p1a: Azelf|86/257\n|-enditem|p1a: Azelf|Life Orb|[from] move: Knock Off|[of] p2a: Lurantis\n|\n|upkeep\n|turn|9\n|inactive|green8Bit has 90 seconds left.\n|\n|t:|1781442852\n|move|p1a: Azelf|Psychic|p2a: Lurantis\n|-damage|p2a: Lurantis|0 fnt\n|faint|p2a: Lurantis\n|\n|upkeep\n|\n|t:|1781442875\n|switch|p2a: Tatsugiri|Tatsugiri, L87, F|260/260\n|turn|10\n|inactive|green8Bit has 60 seconds left.\n|\n|t:|1781442901\n|switch|p1a: Slither Wing|Slither Wing, L81|270/270\n|move|p2a: Tatsugiri|Hydro Pump|p1a: Slither Wing\n|-crit|p1a: Slither Wing\n|-damage|p1a: Slither Wing|63/270\n|\n|upkeep\n|turn|11\n|\n|t:|1781442910\n|move|p1a: Slither Wing|First Impression|p2a: Tatsugiri\n|-damage|p2a: Tatsugiri|61/260\n|-damage|p1a: Slither Wing|36/270|[from] item: Life Orb\n|move|p2a: Tatsugiri|Hydro Pump|p1a: Slither Wing\n|-damage|p1a: Slither Wing|0 fnt\n|faint|p1a: Slither Wing\n|-end|p1a: Slither Wing|Protosynthesis|[silent]\n|\n|upkeep\n|\n|t:|1781442915\n|switch|p1a: Azelf|Azelf, L82, tera:Fire|86/257\n|turn|12\n|\n|t:|1781442918\n|move|p1a: Azelf|Psychic|p2a: Tatsugiri\n|-damage|p2a: Tatsugiri|0 fnt\n|faint|p2a: Tatsugiri\n|\n|upkeep\n|inactive|green8Bit has 60 seconds left.\n|\n|t:|1781442951\n|switch|p2a: Salamence|Salamence, L77, F|273/273\n|-ability|p2a: Salamence|Intimidate|boost\n|-unboost|p1a: Azelf|atk|1\n|turn|13\n|\n|t:|1781442964\n|move|p1a: Azelf|Taunt|p2a: Salamence\n|-start|p2a: Salamence|move: Taunt\n|cant|p2a: Salamence|move: Taunt|Dragon Dance\n|\n|upkeep\n|turn|14\n|\n|t:|1781442979\n|move|p1a: Azelf|Psychic|p2a: Salamence\n|-damage|p2a: Salamence|147/273\n|move|p2a: Salamence|Outrage|p1a: Azelf\n|-damage|p1a: Azelf|0 fnt\n|faint|p1a: Azelf\n|\n|upkeep\n|\n|t:|1781442985\n|switch|p1a: Mamoswine|Mamoswine, L81, M|311/311\n|turn|15\n|\n|t:|1781442993\n|move|p2a: Salamence|Outrage|p1a: Mamoswine|[from] lockedmove\n|-damage|p1a: Mamoswine|149/311\n|-start|p2a: Salamence|confusion|[fatigue]\n|move|p1a: Mamoswine|Icicle Crash|p2a: Salamence|[miss]\n|-miss|p1a: Mamoswine|p2a: Salamence\n|\n|-end|p2a: Salamence|move: Taunt\n|upkeep\n|turn|16\n|c|\u2606BoonLikker|ah\n|\n|t:|1781443001\n|-activate|p2a: Salamence|confusion\n|move|p2a: Salamence|Outrage|p1a: Mamoswine\n|-damage|p1a: Mamoswine|0 fnt\n|faint|p1a: Mamoswine\n|\n|upkeep\n|\n|t:|1781443010\n|switch|p1a: Iron Moth|Iron Moth, L78|253/253\n|turn|17\n|\n|t:|1781443014\n|move|p1a: Iron Moth|Sludge Wave|p2a: Salamence\n|-damage|p2a: Salamence|14/273\n|-activate|p2a: Salamence|confusion\n|move|p2a: Salamence|Outrage|p1a: Iron Moth|[from] lockedmove\n|-damage|p1a: Iron Moth|64/253\n|\n|upkeep\n|turn|18\n|\n|t:|1781443027\n|move|p1a: Iron Moth|Morning Sun|p1a: Iron Moth\n|-heal|p1a: Iron Moth|190/253\n|-end|p2a: Salamence|confusion\n|move|p2a: Salamence|Outrage|p1a: Iron Moth\n|-damage|p1a: Iron Moth|3/253\n|\n|upkeep\n|turn|19\n|\n|t:|1781443033\n|move|p1a: Iron Moth|Sludge Wave|p2a: Salamence\n|-crit|p2a: Salamence\n|-damage|p2a: Salamence|0 fnt\n|faint|p2a: Salamence\n|\n|upkeep\n|\n|t:|1781443037\n|switch|p2a: Misdreavus|Misdreavus, L90, M|254/254\n|turn|20\n|\n|t:|1781443044\n|move|p1a: Iron Moth|Fire Blast|p2a: Misdreavus|[miss]\n|-miss|p1a: Iron Moth|p2a: Misdreavus\n|move|p2a: Misdreavus|Calm Mind|p2a: Misdreavus\n|-boost|p2a: Misdreavus|spa|1\n|-boost|p2a: Misdreavus|spd|1\n|\n|upkeep\n|turn|21\n|-message|BoonLikker forfeited.\n|\n|win|green8Bit\n|raw|BoonLikker's rating: 2134 &rarr; <strong>2113</strong><br />(-21 for losing)\n|raw|green8Bit's rating: 2119 &rarr; <strong>2140</strong><br />(+21 for winning)\n", "inputlog": ">version a8376a258c1d4662feba110a92103f3664a72141\n>start {\"formatid\":\"gen9randombattle\",\"seed\":\"sodium,c3c58da7e5eb24f67d58e2ef47e4d025\",\"rated\":\"Rated battle\"}\n>player p1 {\"name\":\"BoonLikker\",\"avatar\":\"1\",\"rating\":2134,\"seed\":\"sodium,17671f24a18096c443b9949e3f09c50d\"}\n>player p2 {\"name\":\"green8Bit\",\"avatar\":\"101\",\"rating\":2119,\"seed\":\"sodium,df606e59126f1308442654259193135e\"}\n>p1 switch 3\n>p2 move dualwingbeat\n>p1 move knockoff\n>p2 switch 5\n>p1 switch 4\n>p2 move flipturn\n>p2 switch 3\n>p1 switch 2\n>p2 move facade\n>p1 move ironhead\n>p2 move quickattack\n>p1 switch 6\n>p1 move psychic\n>p2 switch 3\n>p1 move psychic\n>p2 move flipturn\n>p2 switch 6\n>p1 move fireblast terastallize\n>p2 move knockoff\n>p1 move psychic\n>p2 move knockoff\n>p2 switch 2\n>p1 switch 3\n>p2 move hydropump\n>p1 move firstimpression\n>p2 move hydropump\n>p1 switch 3\n>p1 move psychic\n>p2 move rapidspin\n>p2 switch 5\n>p1 move taunt\n>p2 move dragondance\n>p1 move psychic\n>p2 move outrage\n>p1 switch 4\n>p1 move iciclecrash\n>p2 move outrage\n>chat \u2606BoonLikker|ah\n>p1 move iciclecrash\n>p2 move outrage\n>p1 switch 5\n>p1 move sludgewave\n>p2 move outrage\n>p1 move morningsun\n>p2 move outrage\n>p1 move sludgewave\n>p2 move outrage\n>p2 switch 4\n>p1 move fireblast\n>p2 move calmmind\n>forcelose p1", "uploadtime": 1781442555, "views": 5, "formatid": "gen9randombattle", "rating": 2113, "private": 0, "password": null}