{"id": "gen9randombattle-2631880769", "format": "[Gen 9] Random Battle", "players": ["bwiwkeje", "wazzzhole"], "log": "|j|\u2606bwiwkeje\n|j|\u2606wazzzhole\n|t:|1781451454\n|gametype|singles\n|player|p1|bwiwkeje|ingo|1652\n|player|p2|wazzzhole|266|1701\n|gen|9\n|tier|[Gen 9] Random Battle\n|rated|\n|rule|Species Clause: Limit one of each Pok\u00e9mon\n|rule|HP Percentage Mod: HP is shown in percentages\n|rule|Sleep Clause Mod: Limit one foe put to sleep\n|rule|Illusion Level Mod: Illusion disguises the Pok\u00e9mon's true level\n|\n|t:|1781451454\n|teamsize|p1|6\n|teamsize|p2|6\n|start\n|switch|p1a: Terrakion|Terrakion, L79|273/273\n|switch|p2a: Gholdengo|Gholdengo, L77|261/261\n|turn|1\n|inactive|Battle timer is ON: inactive players will automatically lose when time's up. (requested by wazzzhole)\n|\n|t:|1781451465\n|move|p1a: Terrakion|Earthquake|p2a: Gholdengo\n|-supereffective|p2a: Gholdengo\n|-damage|p2a: Gholdengo|25/261\n|move|p2a: Gholdengo|Thunder Wave|p1a: Terrakion\n|-status|p1a: Terrakion|par\n|\n|-heal|p2a: Gholdengo|41/261|[from] item: Leftovers\n|upkeep\n|turn|2\n|\n|t:|1781451486\n|switch|p2a: Dodrio|Dodrio, L85, F|241/241\n|move|p1a: Terrakion|Earthquake|p2a: Dodrio\n|-immune|p2a: Dodrio\n|\n|upkeep\n|turn|3\n|\n|t:|1781451498\n|switch|p1a: Empoleon|Empoleon, L84, M|278/278\n|move|p2a: Dodrio|Drill Run|p1a: Empoleon\n|-supereffective|p1a: Empoleon\n|-damage|p1a: Empoleon|152/278\n|\n|-heal|p1a: Empoleon|169/278|[from] item: Leftovers\n|upkeep\n|turn|4\n|\n|t:|1781451505\n|move|p2a: Dodrio|Drill Run|p1a: Empoleon\n|-supereffective|p1a: Empoleon\n|-damage|p1a: Empoleon|39/278\n|move|p1a: Empoleon|Knock Off|p2a: Dodrio\n|-damage|p2a: Dodrio|161/241\n|-enditem|p2a: Dodrio|Heavy-Duty Boots|[from] move: Knock Off|[of] p1a: Empoleon\n|\n|-heal|p1a: Empoleon|56/278|[from] item: Leftovers\n|upkeep\n|turn|5\n|\n|t:|1781451518\n|-terastallize|p1a: Empoleon|Flying\n|move|p2a: Dodrio|Drill Run|p1a: Empoleon\n|-immune|p1a: Empoleon\n|move|p1a: Empoleon|Stealth Rock|p2a: Dodrio\n|-sidestart|p2: wazzzhole|move: Stealth Rock\n|\n|-heal|p1a: Empoleon|73/278|[from] item: Leftovers\n|upkeep\n|turn|6\n|\n|t:|1781451529\n|switch|p1a: Terrakion|Terrakion, L79|273/273 par\n|move|p2a: Dodrio|Brave Bird|p1a: Terrakion\n|-damage|p1a: Terrakion|108/273 par\n|-damage|p2a: Dodrio|107/241|[from] Recoil\n|\n|upkeep\n|turn|7\n|\n|t:|1781451535\n|move|p1a: Terrakion|Quick Attack|p2a: Dodrio\n|-damage|p2a: Dodrio|52/241\n|move|p2a: Dodrio|Brave Bird|p1a: Terrakion\n|-damage|p1a: Terrakion|0 fnt\n|faint|p1a: Terrakion\n|-damage|p2a: Dodrio|16/241|[from] Recoil\n|\n|upkeep\n|\n|t:|1781451539\n|switch|p1a: Passimian|Passimian, L83, M|302/302\n|turn|8\n|\n|t:|1781451545\n|move|p1a: Passimian|Knock Off|p2a: Dodrio\n|-damage|p2a: Dodrio|0 fnt\n|faint|p2a: Dodrio\n|\n|upkeep\n|\n|t:|1781451555\n|switch|p2a: Tauros|Tauros-Paldea-Blaze, L81, M|254/254\n|-damage|p2a: Tauros|223/254|[from] Stealth Rock\n|-ability|p2a: Tauros|Intimidate|boost\n|-unboost|p1a: Passimian|atk|1\n|-ability|p1a: Passimian|Defiant|boost\n|-boost|p1a: Passimian|atk|2\n|turn|9\n|\n|t:|1781451568\n|move|p1a: Passimian|Knock Off|p2a: Tauros\n|-resisted|p2a: Tauros\n|-damage|p2a: Tauros|166/254\n|-enditem|p2a: Tauros|Choice Band|[from] move: Knock Off|[of] p1a: Passimian\n|move|p2a: Tauros|Flare Blitz|p1a: Passimian\n|-damage|p1a: Passimian|164/302\n|-damage|p2a: Tauros|120/254|[from] Recoil\n|\n|upkeep\n|turn|10\n|\n|t:|1781451580\n|switch|p1a: Empoleon|Empoleon, L84, M, tera:Flying|73/278\n|move|p2a: Tauros|Close Combat|p1a: Empoleon\n|-resisted|p1a: Empoleon\n|-damage|p1a: Empoleon|4/278\n|-unboost|p2a: Tauros|def|1\n|-unboost|p2a: Tauros|spd|1\n|\n|-heal|p1a: Empoleon|21/278|[from] item: Leftovers\n|upkeep\n|turn|11\n|\n|t:|1781451589\n|move|p2a: Tauros|Close Combat|p1a: Empoleon\n|-resisted|p1a: Empoleon\n|-damage|p1a: Empoleon|0 fnt\n|-unboost|p2a: Tauros|def|1\n|-unboost|p2a: Tauros|spd|1\n|faint|p1a: Empoleon\n|\n|upkeep\n|\n|t:|1781451593\n|switch|p1a: Greninja|Greninja, L80, M|246/246\n|turn|12\n|\n|t:|1781451598\n|switch|p2a: Milotic|Milotic, L83, F|293/293\n|-damage|p2a: Milotic|257/293|[from] Stealth Rock\n|move|p1a: Greninja|Hydro Pump|p2a: Milotic|[miss]\n|-start|p1a: Greninja|typechange|Water|[from] ability: Protean\n|-miss|p1a: Greninja|p2a: Milotic\n|\n|-heal|p2a: Milotic|275/293|[from] item: Leftovers\n|upkeep\n|turn|13\n|\n|t:|1781451610\n|switch|p1a: Electivire|Electivire, L84, M|263/263\n|move|p2a: Milotic|Dragon Tail|p1a: Electivire\n|-damage|p1a: Electivire|226/263\n|drag|p1a: Greninja|Greninja, L80, M|246/246\n|\n|-heal|p2a: Milotic|293/293|[from] item: Leftovers\n|upkeep\n|turn|14\n|\n|t:|1781451621\n|move|p1a: Greninja|Gunk Shot|p2a: Milotic|[miss]\n|-start|p1a: Greninja|typechange|Poison|[from] ability: Protean\n|-miss|p1a: Greninja|p2a: Milotic\n|move|p2a: Milotic|Scald|p1a: Greninja\n|-damage|p1a: Greninja|134/246\n|-status|p1a: Greninja|brn\n|\n|-damage|p1a: Greninja|119/246 brn|[from] brn\n|upkeep\n|turn|15\n|\n|t:|1781451630\n|switch|p1a: Electivire|Electivire, L84, M|226/263\n|move|p2a: Milotic|Dragon Tail|p1a: Electivire\n|-damage|p1a: Electivire|189/263\n|drag|p1a: Passimian|Passimian, L83, M|164/302\n|\n|upkeep\n|turn|16\n|\n|t:|1781451637\n|move|p1a: Passimian|Knock Off|p2a: Milotic\n|-damage|p2a: Milotic|205/293\n|-enditem|p2a: Milotic|Leftovers|[from] move: Knock Off|[of] p1a: Passimian\n|move|p2a: Milotic|Scald|p1a: Passimian\n|-damage|p1a: Passimian|49/302\n|\n|upkeep\n|turn|17\n|\n|t:|1781451644\n|switch|p1a: Greninja|Greninja, L80, M|119/246 brn\n|move|p2a: Milotic|Scald|p1a: Greninja\n|-resisted|p1a: Greninja\n|-damage|p1a: Greninja|71/246 brn\n|\n|-damage|p1a: Greninja|56/246 brn|[from] brn\n|upkeep\n|turn|18\n|\n|t:|1781451653\n|move|p1a: Greninja|Dark Pulse|p2a: Milotic\n|-start|p1a: Greninja|typechange|Dark|[from] ability: Protean\n|-damage|p2a: Milotic|118/293\n|-damage|p1a: Greninja|32/246 brn|[from] item: Life Orb\n|move|p2a: Milotic|Recover|p2a: Milotic\n|-heal|p2a: Milotic|265/293\n|\n|-damage|p1a: Greninja|17/246 brn|[from] brn\n|upkeep\n|turn|19\n|\n|t:|1781451665\n|move|p1a: Greninja|Dark Pulse|p2a: Milotic\n|-damage|p2a: Milotic|183/293\n|-damage|p1a: Greninja|0 fnt|[from] item: Life Orb\n|faint|p1a: Greninja\n|move|p2a: Milotic|Recover|p2a: Milotic\n|-heal|p2a: Milotic|293/293\n|\n|upkeep\n|\n|t:|1781451669\n|switch|p1a: Electivire|Electivire, L84, M|189/263\n|turn|20\n|\n|t:|1781451674\n|-terastallize|p2a: Milotic|Dragon\n|move|p1a: Electivire|Volt Switch|p2a: Milotic\n|-resisted|p2a: Milotic\n|-damage|p2a: Milotic|259/293\n|-damage|p1a: Electivire|163/263|[from] item: Life Orb\n|\n|t:|1781451678\n|switch|p1a: Passimian|Passimian, L83, M|49/302|[from] Volt Switch\n|move|p2a: Milotic|Scald|p1a: Passimian\n|-damage|p1a: Passimian|0 fnt\n|faint|p1a: Passimian\n|\n|upkeep\n|-message|bwiwkeje forfeited.\n|\n|win|wazzzhole\n|raw|bwiwkeje's rating: 1652 &rarr; <strong>1635</strong><br />(-17 for losing)\n|raw|wazzzhole's rating: 1701 &rarr; <strong>1718</strong><br />(+17 for winning)\n|l|\u2606bwiwkeje\n|player|p1|\n", "inputlog": ">version a8376a258c1d4662feba110a92103f3664a72141\n>start {\"formatid\":\"gen9randombattle\",\"seed\":\"sodium,323902039098f38b2b969f8a7e0dfdcf\",\"rated\":\"Rated battle\"}\n>player p1 {\"name\":\"bwiwkeje\",\"avatar\":\"ingo\",\"rating\":1652,\"seed\":\"sodium,41891e4e4e884722ccd0ec3f7e1e1234\"}\n>player p2 {\"name\":\"wazzzhole\",\"avatar\":\"266\",\"rating\":1701,\"seed\":\"sodium,8694a6f3e8c52bd9ccfbf5e340a87fae\"}\n>p1 move earthquake\n>p2 move thunderwave\n>p1 move earthquake\n>p2 switch 4\n>p1 switch 3\n>p2 move drillrun\n>p1 move knockoff\n>p2 move drillrun\n>p1 move stealthrock terastallize\n>p2 move drillrun\n>p1 switch 3\n>p2 move bravebird\n>p1 move quickattack\n>p2 move bravebird\n>p1 switch 2\n>p1 move knockoff\n>p2 move bravebird\n>p2 switch 6\n>p1 move knockoff\n>p2 move flareblitz\n>p1 switch 3\n>p2 move closecombat\n>p1 move roost\n>p2 move closecombat\n>p1 switch 5\n>p1 move hydropump\n>p2 switch 5\n>p1 switch 4\n>p2 move dragontail\n>p1 move gunkshot\n>p2 move scald\n>p1 switch 4\n>p2 move dragontail\n>p1 move knockoff\n>p2 move scald\n>p1 switch 4\n>p2 move scald\n>p1 move darkpulse\n>p2 move recover\n>p1 move darkpulse\n>p2 move recover\n>p1 switch 3\n>p1 move voltswitch\n>p2 move scald terastallize\n>p1 switch 4\n>forcelose p1", "uploadtime": 1781451687, "views": 8, "formatid": "gen9randombattle", "rating": 1635, "private": 0, "password": null}