{"id": "gen9randombattle-2631932941", "format": "[Gen 9] Random Battle", "players": ["nextlevelcolors", "thatdankcharizard"], "log": "|j|\u2606nextlevelcolors\n|j|\u2606thatdankcharizard\n|t:|1781457133\n|gametype|singles\n|player|p1|nextlevelcolors|2|2003\n|player|p2|thatdankcharizard|266|2045\n|gen|9\n|tier|[Gen 9] Random Battle\n|rated|\n|rule|Species Clause: Limit one of each Pok\u00e9mon\n|rule|HP Percentage Mod: HP is shown in percentages\n|rule|Sleep Clause Mod: Limit one foe put to sleep\n|rule|Illusion Level Mod: Illusion disguises the Pok\u00e9mon's true level\n|\n|t:|1781457133\n|teamsize|p1|6\n|teamsize|p2|6\n|start\n|switch|p1a: Banette|Banette, L93, M|270/270\n|switch|p2a: Yanmega|Yanmega, L82, M|275/275\n|turn|1\n|inactive|Battle timer is ON: inactive players will automatically lose when time's up. (requested by thatdankcharizard)\n|\n|t:|1781457144\n|move|p2a: Yanmega|Bug Buzz|p1a: Banette\n|-resisted|p1a: Banette\n|-damage|p1a: Banette|100/270\n|-start|p2a: Yanmega|Disable|Bug Buzz|[from] ability: Cursed Body|[of] p1a: Banette\n|move|p1a: Banette|Thunder Wave|p2a: Yanmega\n|-status|p2a: Yanmega|par\n|\n|upkeep\n|turn|2\n|\n|t:|1781457167\n|switch|p2a: Mudsdale|Mudsdale, L83, F|302/302\n|move|p1a: Banette|Poltergeist|p2a: Mudsdale\n|-activate|p2a: Mudsdale|move: Poltergeist|Leftovers\n|-damage|p2a: Mudsdale|102/302\n|-ability|p2a: Mudsdale|Stamina|boost\n|-boost|p2a: Mudsdale|def|1\n|-damage|p1a: Banette|73/270|[from] item: Life Orb\n|\n|-heal|p2a: Mudsdale|120/302|[from] item: Leftovers\n|upkeep\n|turn|3\n|\n|t:|1781457181\n|move|p1a: Banette|Poltergeist|p2a: Mudsdale|[miss]\n|-miss|p1a: Banette|p2a: Mudsdale\n|move|p2a: Mudsdale|Stealth Rock|p1a: Banette\n|-sidestart|p1: nextlevelcolors|move: Stealth Rock\n|\n|-heal|p2a: Mudsdale|138/302|[from] item: Leftovers\n|upkeep\n|turn|4\n|\n|t:|1781457187\n|switch|p2a: Meloetta|Meloetta, L82|298/298\n|move|p1a: Banette|Poltergeist|p2a: Meloetta\n|-immune|p2a: Meloetta\n|\n|upkeep\n|turn|5\n|\n|t:|1781457193\n|switch|p1a: Arceus|Arceus-Steel, L70|284/284\n|-damage|p1a: Arceus|267/284|[from] Stealth Rock\n|move|p2a: Meloetta|Knock Off|p1a: Arceus\n|-damage|p1a: Arceus|224/284\n|-damage|p2a: Meloetta|269/298|[from] item: Life Orb\n|\n|upkeep\n|turn|6\n|\n|t:|1781457200\n|move|p1a: Arceus|Calm Mind|p1a: Arceus\n|-boost|p1a: Arceus|spa|1\n|-boost|p1a: Arceus|spd|1\n|move|p2a: Meloetta|Relic Song|p1a: Arceus\n|-resisted|p1a: Arceus\n|-damage|p1a: Arceus|188/284\n|-formechange|p2a: Meloetta|Meloetta-Pirouette|[msg]\n|-damage|p2a: Meloetta|240/298|[from] item: Life Orb\n|\n|upkeep\n|turn|7\n|\n|t:|1781457207\n|-terastallize|p1a: Arceus|Ghost\n|move|p2a: Meloetta|Close Combat|p1a: Arceus\n|-immune|p1a: Arceus\n|move|p1a: Arceus|Judgment|p2a: Meloetta\n|-damage|p2a: Meloetta|51/298\n|\n|upkeep\n|turn|8\n|\n|t:|1781457216\n|move|p2a: Meloetta|Knock Off|p1a: Arceus\n|-supereffective|p1a: Arceus\n|-damage|p1a: Arceus|61/284\n|-damage|p2a: Meloetta|22/298|[from] item: Life Orb\n|move|p1a: Arceus|Recover|p1a: Arceus\n|-heal|p1a: Arceus|203/284\n|\n|upkeep\n|turn|9\n|\n|t:|1781457229\n|switch|p2a: Mudsdale|Mudsdale, L83, F|138/302\n|move|p1a: Arceus|Recover|p1a: Arceus\n|-heal|p1a: Arceus|284/284\n|\n|-heal|p2a: Mudsdale|156/302|[from] item: Leftovers\n|upkeep\n|turn|10\n|\n|t:|1781457239\n|move|p1a: Arceus|Calm Mind|p1a: Arceus\n|-boost|p1a: Arceus|spa|1\n|-boost|p1a: Arceus|spd|1\n|move|p2a: Mudsdale|Roar|p1a: Arceus\n|drag|p1a: Banette|Banette, L93, M|73/270\n|-damage|p1a: Banette|40/270|[from] Stealth Rock\n|\n|-heal|p2a: Mudsdale|174/302|[from] item: Leftovers\n|upkeep\n|turn|11\n|\n|t:|1781457245\n|move|p1a: Banette|Poltergeist|p2a: Mudsdale|[miss]\n|-miss|p1a: Banette|p2a: Mudsdale\n|move|p2a: Mudsdale|Earthquake|p1a: Banette\n|-damage|p1a: Banette|0 fnt\n|faint|p1a: Banette\n|\n|-heal|p2a: Mudsdale|192/302|[from] item: Leftovers\n|upkeep\n|\n|t:|1781457256\n|switch|p1a: Gurdurr|Gurdurr, L85, F|283/283\n|-damage|p1a: Gurdurr|266/283|[from] Stealth Rock\n|turn|12\n|\n|t:|1781457272\n|move|p1a: Gurdurr|Bulk Up|p1a: Gurdurr\n|-boost|p1a: Gurdurr|atk|1\n|-boost|p1a: Gurdurr|def|1\n|move|p2a: Mudsdale|Earthquake|p1a: Gurdurr\n|-damage|p1a: Gurdurr|205/283\n|\n|-heal|p2a: Mudsdale|210/302|[from] item: Leftovers\n|upkeep\n|turn|13\n|\n|t:|1781457280\n|move|p1a: Gurdurr|Drain Punch|p2a: Mudsdale\n|-damage|p2a: Mudsdale|95/302\n|-heal|p1a: Gurdurr|263/283|[from] drain|[of] p2a: Mudsdale\n|-ability|p2a: Mudsdale|Stamina|boost\n|-boost|p2a: Mudsdale|def|1\n|move|p2a: Mudsdale|Roar|p1a: Gurdurr\n|drag|p1a: Hatterene|Hatterene, L85, F|236/236\n|-damage|p1a: Hatterene|207/236|[from] Stealth Rock\n|\n|-heal|p2a: Mudsdale|113/302|[from] item: Leftovers\n|-heal|p1a: Hatterene|221/236|[from] item: Leftovers\n|upkeep\n|turn|14\n|inactive|nextlevelcolors has 120 seconds left.\n|\n|t:|1781457332\n|switch|p1a: Gurdurr|Gurdurr, L85, F|263/283\n|-damage|p1a: Gurdurr|246/283|[from] Stealth Rock\n|move|p2a: Mudsdale|Heavy Slam|p1a: Gurdurr\n|-damage|p1a: Gurdurr|178/283\n|\n|-heal|p2a: Mudsdale|131/302|[from] item: Leftovers\n|upkeep\n|turn|15\n|\n|t:|1781457349\n|move|p1a: Gurdurr|Knock Off|p2a: Mudsdale\n|-damage|p2a: Mudsdale|87/302\n|-ability|p2a: Mudsdale|Stamina|boost\n|-boost|p2a: Mudsdale|def|1\n|-enditem|p2a: Mudsdale|Leftovers|[from] move: Knock Off|[of] p1a: Gurdurr\n|move|p2a: Mudsdale|Earthquake|p1a: Gurdurr\n|-damage|p1a: Gurdurr|93/283\n|\n|upkeep\n|turn|16\n|\n|t:|1781457357\n|move|p1a: Gurdurr|Bulk Up|p1a: Gurdurr\n|-boost|p1a: Gurdurr|atk|1\n|-boost|p1a: Gurdurr|def|1\n|move|p2a: Mudsdale|Earthquake|p1a: Gurdurr\n|-damage|p1a: Gurdurr|35/283\n|\n|upkeep\n|turn|17\n|\n|t:|1781457361\n|move|p1a: Gurdurr|Drain Punch|p2a: Mudsdale\n|-crit|p2a: Mudsdale\n|-damage|p2a: Mudsdale|0 fnt\n|-heal|p1a: Gurdurr|79/283|[from] drain|[of] p2a: Mudsdale\n|faint|p2a: Mudsdale\n|\n|upkeep\n|\n|t:|1781457376\n|switch|p2a: Dachsbun|Dachsbun, L92, F|254/254\n|turn|18\n|\n|t:|1781457389\n|switch|p1a: Ampharos|Ampharos, L88, F|302/302\n|-damage|p1a: Ampharos|265/302|[from] Stealth Rock\n|move|p2a: Dachsbun|Play Rough|p1a: Ampharos\n|-damage|p1a: Ampharos|174/302\n|\n|upkeep\n|turn|19\n|\n|t:|1781457413\n|switch|p2a: Noivern|Noivern, L82, M|274/274\n|move|p1a: Ampharos|Agility|p1a: Ampharos\n|-boost|p1a: Ampharos|spe|2\n|\n|upkeep\n|turn|20\n|\n|t:|1781457421\n|move|p1a: Ampharos|Dazzling Gleam|p2a: Noivern\n|-supereffective|p2a: Noivern\n|-damage|p2a: Noivern|58/274\n|-damage|p1a: Ampharos|144/302|[from] item: Life Orb\n|move|p2a: Noivern|Boomburst|p1a: Ampharos\n|-damage|p1a: Ampharos|5/302\n|\n|upkeep\n|turn|21\n|\n|t:|1781457431\n|switch|p2a: Meloetta|Meloetta, L82|22/298\n|move|p1a: Ampharos|Thunderbolt|p2a: Meloetta\n|-damage|p2a: Meloetta|0 fnt\n|faint|p2a: Meloetta\n|-damage|p1a: Ampharos|0 fnt|[from] item: Life Orb\n|faint|p1a: Ampharos\n|\n|upkeep\n|\n|t:|1781457442\n|switch|p2a: Dachsbun|Dachsbun, L92, F|254/254\n|switch|p1a: Carbink|Carbink, L90|236/236\n|-damage|p1a: Carbink|207/236|[from] Stealth Rock\n|turn|22\n|\n|t:|1781457449\n|move|p2a: Dachsbun|Yawn|p1a: Carbink\n|-start|p1a: Carbink|move: Yawn|[of] p2a: Dachsbun\n|move|p1a: Carbink|Rock Polish|p1a: Carbink\n|-boost|p1a: Carbink|spe|2\n|\n|-heal|p1a: Carbink|221/236|[from] item: Leftovers\n|upkeep\n|turn|23\n|\n|t:|1781457454\n|move|p1a: Carbink|Iron Defense|p1a: Carbink\n|-boost|p1a: Carbink|def|2\n|move|p2a: Dachsbun|Play Rough|p1a: Carbink\n|-damage|p1a: Carbink|191/236\n|-unboost|p1a: Carbink|atk|1\n|\n|-heal|p1a: Carbink|205/236|[from] item: Leftovers\n|-end|p1a: Carbink|move: Yawn|[silent]\n|-status|p1a: Carbink|slp\n|upkeep\n|turn|24\n|\n|t:|1781457457\n|switch|p2a: Palkia|Palkia, L75|259/259\n|-ability|p2a: Palkia|Pressure\n|cant|p1a: Carbink|slp\n|\n|-heal|p1a: Carbink|219/236 slp|[from] item: Leftovers\n|upkeep\n|turn|25\n|\n|t:|1781457459\n|-curestatus|p1a: Carbink|slp|[msg]\n|move|p1a: Carbink|Moonblast|p2a: Palkia\n|-supereffective|p2a: Palkia\n|-crit|p2a: Palkia\n|-damage|p2a: Palkia|73/259\n|-unboost|p2a: Palkia|spa|1\n|move|p2a: Palkia|Hydro Pump|p1a: Carbink\n|-supereffective|p1a: Carbink\n|-damage|p1a: Carbink|87/236\n|\n|-heal|p1a: Carbink|101/236|[from] item: Leftovers\n|upkeep\n|turn|26\n|\n|t:|1781457467\n|-terastallize|p2a: Palkia|Fire\n|move|p1a: Carbink|Moonblast|p2a: Palkia\n|-resisted|p2a: Palkia\n|-damage|p2a: Palkia|42/259\n|move|p2a: Palkia|Hydro Pump|p1a: Carbink\n|-supereffective|p1a: Carbink\n|-damage|p1a: Carbink|0 fnt\n|faint|p1a: Carbink\n|\n|upkeep\n|\n|t:|1781457473\n|switch|p1a: Arceus|Arceus-Steel, L70, tera:Ghost|284/284\n|-damage|p1a: Arceus|249/284|[from] Stealth Rock\n|turn|27\n|\n|t:|1781457481\n|move|p1a: Arceus|Earth Power|p2a: Palkia\n|-supereffective|p2a: Palkia\n|-damage|p2a: Palkia|0 fnt\n|faint|p2a: Palkia\n|\n|upkeep\n|\n|t:|1781457486\n|switch|p2a: Yanmega|Yanmega, L82, M|275/275 par\n|turn|28\n|\n|t:|1781457490\n|move|p1a: Arceus|Calm Mind|p1a: Arceus\n|-boost|p1a: Arceus|spa|1\n|-boost|p1a: Arceus|spd|1\n|move|p2a: Yanmega|Bug Buzz|p1a: Arceus\n|-resisted|p1a: Arceus\n|-damage|p1a: Arceus|149/284\n|\n|upkeep\n|turn|29\n|\n|t:|1781457497\n|move|p1a: Arceus|Recover|p1a: Arceus\n|-heal|p1a: Arceus|284/284\n|move|p2a: Yanmega|Bug Buzz|p1a: Arceus\n|-resisted|p1a: Arceus\n|-damage|p1a: Arceus|184/284\n|\n|upkeep\n|turn|30\n|\n|t:|1781457499\n|move|p1a: Arceus|Calm Mind|p1a: Arceus\n|-boost|p1a: Arceus|spa|1\n|-boost|p1a: Arceus|spd|1\n|cant|p2a: Yanmega|par\n|\n|upkeep\n|turn|31\n|\n|t:|1781457501\n|move|p1a: Arceus|Judgment|p2a: Yanmega\n|-damage|p2a: Yanmega|0 fnt\n|faint|p2a: Yanmega\n|\n|upkeep\n|\n|t:|1781457503\n|switch|p2a: Dachsbun|Dachsbun, L92, F|254/254\n|turn|32\n|\n|t:|1781457505\n|move|p2a: Dachsbun|Yawn|p1a: Arceus\n|-start|p1a: Arceus|move: Yawn|[of] p2a: Dachsbun\n|move|p1a: Arceus|Judgment|p2a: Dachsbun\n|-supereffective|p2a: Dachsbun\n|-damage|p2a: Dachsbun|0 fnt\n|faint|p2a: Dachsbun\n|\n|upkeep\n|\n|t:|1781457507\n|switch|p2a: Noivern|Noivern, L82, M|58/274\n|turn|33\n|c|\u2606nextlevelcolors|gg\n|\n|t:|1781457510\n|move|p2a: Noivern|Hurricane|p1a: Arceus\n|-crit|p1a: Arceus\n|-damage|p1a: Arceus|0 fnt\n|faint|p1a: Arceus\n|\n|upkeep\n|c|\u2606nextlevelcolors|no way\n|c|\u2606nextlevelcolors|well hatterene got me\n|c|\u2606nextlevelcolors|I think\n|\n|t:|1781457521\n|switch|p1a: Gurdurr|Gurdurr, L85, F|79/283\n|-damage|p1a: Gurdurr|62/283|[from] Stealth Rock\n|turn|34\n|\n|t:|1781457525\n|move|p2a: Noivern|Hurricane|p1a: Gurdurr\n|-supereffective|p1a: Gurdurr\n|-damage|p1a: Gurdurr|0 fnt\n|faint|p1a: Gurdurr\n|\n|upkeep\n|\n|t:|1781457526\n|switch|p1a: Hatterene|Hatterene, L85, F|221/236\n|-damage|p1a: Hatterene|192/236|[from] Stealth Rock\n|turn|35\n|\n|t:|1781457529\n|move|p2a: Noivern|Hurricane|p1a: Hatterene|[miss]\n|-miss|p2a: Noivern|p1a: Hatterene\n|move|p1a: Hatterene|Draining Kiss|p2a: Noivern\n|-supereffective|p2a: Noivern\n|-damage|p2a: Noivern|0 fnt\n|-heal|p1a: Hatterene|236/236|[from] drain|[of] p2a: Noivern\n|faint|p2a: Noivern\n|\n|win|nextlevelcolors\n", "inputlog": ">version a8376a258c1d4662feba110a92103f3664a72141\n>start {\"formatid\":\"gen9randombattle\",\"seed\":\"sodium,22d97727600935fcebbb0827357bf27a\",\"rated\":\"Rated battle\"}\n>player p1 {\"name\":\"nextlevelcolors\",\"avatar\":\"2\",\"rating\":2003,\"seed\":\"sodium,84c8486e79791f3f83943601858ae0a2\"}\n>player p2 {\"name\":\"thatdankcharizard\",\"avatar\":\"266\",\"rating\":2045,\"seed\":\"sodium,bbb5295e04fd5e9c728127091a7f9673\"}\n>p1 move thunderwave\n>p2 move bugbuzz\n>p1 move poltergeist\n>p2 switch 2\n>p1 move poltergeist\n>p2 move stealthrock\n>p1 move poltergeist\n>p2 switch 4\n>p1 switch 6\n>p2 move knockoff\n>p1 move calmmind\n>p2 move relicsong\n>p1 move judgment terastallize\n>p2 move closecombat\n>p1 move recover\n>p2 move knockoff\n>p1 move recover\n>p2 switch 4\n>p1 move calmmind\n>p2 move roar\n>p1 move poltergeist\n>p2 move earthquake\n>p1 switch 3\n>p1 move bulkup\n>p2 move earthquake\n>p1 move drainpunch\n>p2 move roar\n>p1 switch 2\n>p2 move heavyslam\n>p1 move knockoff\n>p2 move earthquake\n>p1 move bulkup\n>p2 move earthquake\n>p1 move drainpunch\n>p2 move earthquake\n>p2 switch 5\n>p1 switch 4\n>p2 move playrough\n>p1 move agility\n>p2 switch 3\n>p1 move dazzlinggleam\n>p2 move boomburst\n>p1 move thunderbolt\n>p2 switch 4\n>p1 switch 5\n>p2 switch 3\n>p1 move rockpolish\n>p2 move yawn\n>p1 move irondefense\n>p2 move playrough\n>p1 move moonblast\n>p2 switch 6\n>p1 move moonblast\n>p2 move hydropump\n>p1 move moonblast\n>p2 move hydropump terastallize\n>p1 switch 6\n>p1 move earthpower\n>p2 move thunderwave\n>p2 switch 2\n>p1 move calmmind\n>p2 move bugbuzz\n>p1 move recover\n>p2 move bugbuzz\n>p1 move calmmind\n>p2 move bugbuzz\n>p1 move judgment\n>p2 move bugbuzz\n>p2 switch 6\n>p1 move judgment\n>p2 move yawn\n>p2 switch 4\n>chat \u2606nextlevelcolors|gg\n>p1 move judgment\n>p2 move hurricane\n>chat \u2606nextlevelcolors|no way\n>chat \u2606nextlevelcolors|well hatterene got me \n>chat \u2606nextlevelcolors|I think\n>p1 switch 4\n>p1 move knockoff\n>p2 move hurricane\n>p1 switch 2\n>p1 move drainingkiss\n>p2 move hurricane", "uploadtime": 1781457135, "views": 9, "formatid": "gen9randombattle", "rating": null, "private": 0, "password": null}