{"id": "gen9randombattle-2631402303", "format": "[Gen 9] Random Battle", "players": ["Trailstotheend", "BIGKRIS"], "log": "|j|\u2606Trailstotheend\n|j|\u2606BIGKRIS\n|t:|1781380354\n|gametype|singles\n|player|p1|Trailstotheend|iris-gen5bw2|1256\n|player|p2|BIGKRIS|102|1257\n|gen|9\n|tier|[Gen 9] Random Battle\n|rated|\n|rule|Species Clause: Limit one of each Pok\u00e9mon\n|rule|HP Percentage Mod: HP is shown in percentages\n|rule|Sleep Clause Mod: Limit one foe put to sleep\n|rule|Illusion Level Mod: Illusion disguises the Pok\u00e9mon's true level\n|\n|t:|1781380354\n|teamsize|p1|6\n|teamsize|p2|6\n|start\n|switch|p1a: Tentacruel|Tentacruel, L84, M|272/272\n|switch|p2a: Torkoal|Torkoal, L88, F|266/266\n|-weather|SunnyDay|[from] ability: Drought|[of] p2a: Torkoal\n|turn|1\n|inactive|Battle timer is ON: inactive players will automatically lose when time's up. (requested by BIGKRIS)\n|\n|t:|1781380390\n|move|p1a: Tentacruel|Sludge Bomb|p2a: Torkoal\n|-damage|p2a: Torkoal|175/266\n|move|p2a: Torkoal|Stealth Rock|p1a: Tentacruel\n|-sidestart|p1: Trailstotheend|move: Stealth Rock\n|\n|-weather|SunnyDay|[upkeep]\n|upkeep\n|turn|2\n|\n|t:|1781380406\n|move|p1a: Tentacruel|Sludge Bomb|p2a: Torkoal\n|-damage|p2a: Torkoal|76/266\n|-status|p2a: Torkoal|psn\n|move|p2a: Torkoal|Yawn|p1a: Tentacruel\n|-start|p1a: Tentacruel|move: Yawn|[of] p2a: Torkoal\n|\n|-weather|SunnyDay|[upkeep]\n|-damage|p2a: Torkoal|43/266 psn|[from] psn\n|upkeep\n|turn|3\n|\n|t:|1781380419\n|switch|p1a: Toxapex|Toxapex, L82, F|216/216\n|-damage|p1a: Toxapex|189/216|[from] Stealth Rock\n|move|p2a: Torkoal|Lava Plume|p1a: Toxapex\n|-resisted|p1a: Toxapex\n|-damage|p1a: Toxapex|143/216\n|\n|-weather|SunnyDay|[upkeep]\n|-damage|p2a: Torkoal|10/266 psn|[from] psn\n|upkeep\n|turn|4\n|\n|t:|1781380431\n|move|p1a: Toxapex|Toxic Spikes|p2a: Torkoal\n|-sidestart|p2: BIGKRIS|move: Toxic Spikes\n|move|p2a: Torkoal|Rapid Spin|p1a: Toxapex\n|-damage|p1a: Toxapex|117/216\n|-boost|p2a: Torkoal|spe|1\n|-damage|p2a: Torkoal|0 fnt|[from] item: Rocky Helmet|[of] p1a: Toxapex\n|faint|p2a: Torkoal\n|\n|-weather|SunnyDay|[upkeep]\n|upkeep\n|inactive|BIGKRIS has 120 seconds left.\n|\n|t:|1781380466\n|switch|p2a: Palkia|Palkia, L75|259/259\n|-status|p2a: Palkia|psn\n|-ability|p2a: Palkia|Pressure\n|turn|5\n|inactive|BIGKRIS has 120 seconds left.\n|\n|t:|1781380478\n|switch|p1a: Hatterene|Hatterene, L85, F|236/236\n|-damage|p1a: Hatterene|207/236|[from] Stealth Rock\n|move|p2a: Palkia|Thunder Wave|p1a: Hatterene\n|move|p1a: Hatterene|Thunder Wave||[from] ability: Magic Bounce|[still]\n|-fail|p1a: Hatterene\n|\n|-weather|none\n|-damage|p2a: Palkia|227/259 psn|[from] psn\n|upkeep\n|turn|6\n|inactive|BIGKRIS has 120 seconds left.\n|\n|t:|1781380500\n|-terastallize|p2a: Palkia|Fire\n|move|p2a: Palkia|Fire Blast|p1a: Hatterene\n|-damage|p1a: Hatterene|128/236\n|move|p1a: Hatterene|Draining Kiss|p2a: Palkia\n|-resisted|p2a: Palkia\n|-damage|p2a: Palkia|195/259 psn\n|-heal|p1a: Hatterene|152/236|[from] drain|[of] p2a: Palkia\n|\n|-damage|p2a: Palkia|163/259 psn|[from] psn\n|upkeep\n|turn|7\n|inactive|BIGKRIS has 120 seconds left.\n|inactive|Trailstotheend has 120 seconds left.\n|\n|t:|1781380522\n|switch|p1a: Tentacruel|Tentacruel, L84, M|272/272\n|-damage|p1a: Tentacruel|238/272|[from] Stealth Rock\n|move|p2a: Palkia|Hydro Pump|p1a: Tentacruel\n|-resisted|p1a: Tentacruel\n|-damage|p1a: Tentacruel|178/272\n|\n|-heal|p1a: Tentacruel|195/272|[from] item: Leftovers\n|-damage|p2a: Palkia|131/259 psn|[from] psn\n|upkeep\n|turn|8\n|inactive|Trailstotheend has 120 seconds left.\n|inactive|BIGKRIS has 120 seconds left.\n|\n|t:|1781380536\n|move|p1a: Tentacruel|Surf|p2a: Palkia\n|-supereffective|p2a: Palkia\n|-damage|p2a: Palkia|0 fnt\n|faint|p2a: Palkia\n|\n|-heal|p1a: Tentacruel|212/272|[from] item: Leftovers\n|upkeep\n|inactive|BIGKRIS has 120 seconds left.\n|\n|t:|1781380551\n|switch|p2a: Grimmsnarl|Grimmsnarl, L83, M|293/293\n|-status|p2a: Grimmsnarl|psn\n|turn|9\n|inactive|BIGKRIS has 120 seconds left.\n|inactive|Trailstotheend has 120 seconds left.\n|\n|t:|1781380567\n|move|p2a: Grimmsnarl|Thunder Wave|p1a: Tentacruel\n|-status|p1a: Tentacruel|par\n|move|p1a: Tentacruel|Sludge Bomb|p2a: Grimmsnarl\n|-supereffective|p2a: Grimmsnarl\n|-damage|p2a: Grimmsnarl|101/293 psn\n|\n|-heal|p1a: Tentacruel|229/272 par|[from] item: Leftovers\n|-damage|p2a: Grimmsnarl|65/293 psn|[from] psn\n|upkeep\n|turn|10\n|inactive|BIGKRIS has 120 seconds left.\n|\n|t:|1781380579\n|move|p2a: Grimmsnarl|Spirit Break|p1a: Tentacruel\n|-resisted|p1a: Tentacruel\n|-damage|p1a: Tentacruel|171/272 par\n|-unboost|p1a: Tentacruel|spa|1\n|move|p1a: Tentacruel|Rapid Spin|p2a: Grimmsnarl\n|-damage|p2a: Grimmsnarl|32/293 psn\n|-boost|p1a: Tentacruel|spe|1\n|-sideend|p1: Trailstotheend|Stealth Rock|[from] move: Rapid Spin|[of] p1a: Tentacruel\n|\n|-heal|p1a: Tentacruel|188/272 par|[from] item: Leftovers\n|-damage|p2a: Grimmsnarl|0 fnt|[from] psn\n|faint|p2a: Grimmsnarl\n|upkeep\n|inactive|BIGKRIS has 120 seconds left.\n|-message|BIGKRIS forfeited.\n|\n|win|Trailstotheend\n|raw|Trailstotheend's rating: 1256 &rarr; <strong>1281</strong><br />(+25 for winning)\n|raw|BIGKRIS's rating: 1257 &rarr; <strong>1232</strong><br />(-25 for losing)\n|l|\u2606BIGKRIS\n|player|p2|\n", "inputlog": ">version a8376a258c1d4662feba110a92103f3664a72141\n>start {\"formatid\":\"gen9randombattle\",\"seed\":\"sodium,0f7a4e9f3bdb0050f87185353fc72ea9\",\"rated\":\"Rated battle\"}\n>player p1 {\"name\":\"Trailstotheend\",\"avatar\":\"iris-gen5bw2\",\"rating\":1256,\"seed\":\"sodium,6098be2642504b2ce0e164217263fa97\"}\n>player p2 {\"name\":\"BIGKRIS\",\"avatar\":\"102\",\"rating\":1257,\"seed\":\"sodium,418f23f574622eb18d829318f95f337a\"}\n>p1 move sludgebomb\n>p2 move stealthrock\n>p1 move sludgebomb\n>p2 move yawn\n>p1 switch 6\n>p2 move lavaplume\n>p1 move toxicspikes\n>p2 move rapidspin\n>p2 switch 6\n>p1 switch 2\n>p2 move thunderwave\n>p1 move drainingkiss\n>p2 move fireblast terastallize\n>p1 switch 6\n>p2 move hydropump\n>p1 move surf\n>p2 move spacialrend\n>p2 switch 5\n>p1 move sludgebomb\n>p2 move thunderwave\n>p1 move rapidspin\n>p2 move spiritbreak\n>forcelose p2", "uploadtime": 1781380599, "views": 9, "formatid": "gen9randombattle", "rating": 1232, "private": 0, "password": null}