{"id": "gen9randombattle-2631719735", "format": "[Gen 9] Random Battle", "players": ["AssaultLei", "mr012"], "log": "|j|\u2606AssaultLei\n|j|\u2606mr012\n|t:|1781428117\n|gametype|singles\n|player|p1|AssaultLei|pokemonranger-gen4|1915\n|player|p2|mr012|170|1918\n|gen|9\n|tier|[Gen 9] Random Battle\n|rated|\n|rule|Species Clause: Limit one of each Pok\u00e9mon\n|rule|HP Percentage Mod: HP is shown in percentages\n|rule|Sleep Clause Mod: Limit one foe put to sleep\n|rule|Illusion Level Mod: Illusion disguises the Pok\u00e9mon's true level\n|\n|t:|1781428117\n|teamsize|p1|6\n|teamsize|p2|6\n|start\n|switch|p1a: Slaking|Slaking, L84, F|389/389\n|switch|p2a: Sunflora|Sunflora, F|312/312\n|turn|1\n|inactive|Battle timer is ON: inactive players will automatically lose when time's up. (requested by mr012)\n|\n|t:|1781428128\n|move|p1a: Slaking|Double-Edge|p2a: Sunflora\n|-damage|p2a: Sunflora|101/312\n|-damage|p1a: Slaking|319/389|[from] Recoil\n|move|p2a: Sunflora|Sludge Bomb|p1a: Slaking\n|-damage|p1a: Slaking|141/389\n|\n|upkeep\n|turn|2\n|\n|t:|1781428148\n|switch|p1a: Tornadus|Tornadus-Therian, L79, M|254/254\n|move|p2a: Sunflora|Sludge Bomb|p1a: Tornadus\n|-damage|p1a: Tornadus|102/254\n|\n|upkeep\n|turn|3\n|\n|t:|1781428156\n|move|p1a: Tornadus|U-turn|p2a: Sunflora\n|-supereffective|p2a: Sunflora\n|-damage|p2a: Sunflora|3/312\n|\n|t:|1781428161\n|switch|p1a: Slaking|Slaking, L84, F|141/389|[from] U-turn\n|move|p2a: Sunflora|Sludge Bomb|p1a: Slaking\n|-damage|p1a: Slaking|0 fnt\n|faint|p1a: Slaking\n|\n|upkeep\n|\n|t:|1781428176\n|switch|p1a: Cinccino|Cinccino, L83, F|260/260\n|turn|4\n|\n|t:|1781428183\n|move|p1a: Cinccino|Tail Slap|p2a: Sunflora\n|-damage|p2a: Sunflora|0 fnt\n|faint|p2a: Sunflora\n|-hitcount|p2: Sunflora|1\n|\n|upkeep\n|\n|t:|1781428192\n|switch|p2a: Iron Hands|Iron Hands, L79|373/373\n|turn|5\n|\n|t:|1781428199\n|move|p1a: Cinccino|Tail Slap|p2a: Iron Hands\n|-damage|p2a: Iron Hands|336/373\n|-damage|p2a: Iron Hands|303/373\n|-damage|p2a: Iron Hands|267/373\n|-damage|p2a: Iron Hands|230/373\n|-damage|p2a: Iron Hands|194/373\n|-hitcount|p2a: Iron Hands|5\n|move|p2a: Iron Hands|Swords Dance|p2a: Iron Hands\n|-boost|p2a: Iron Hands|atk|2\n|\n|-heal|p2a: Iron Hands|217/373|[from] item: Leftovers\n|upkeep\n|turn|6\n|\n|t:|1781428214\n|switch|p1a: Clefable|Clefable, L83, M|293/293\n|move|p2a: Iron Hands|Wild Charge|p1a: Clefable\n|-crit|p1a: Clefable\n|-damage|p1a: Clefable|0 fnt\n|faint|p1a: Clefable\n|-damage|p2a: Iron Hands|144/373|[from] Recoil\n|\n|-heal|p2a: Iron Hands|167/373|[from] item: Leftovers\n|upkeep\n|\n|t:|1781428226\n|switch|p1a: Medicham|Medicham, L86, M|243/243\n|turn|7\n|\n|t:|1781428230\n|move|p1a: Medicham|Zen Headbutt|p2a: Iron Hands\n|-supereffective|p2a: Iron Hands\n|-damage|p2a: Iron Hands|0 fnt\n|faint|p2a: Iron Hands\n|-end|p2a: Iron Hands|Quark Drive|[silent]\n|\n|upkeep\n|\n|t:|1781428236\n|switch|p2a: Scyther|Scyther, L82, F|249/249\n|turn|8\n|\n|t:|1781428242\n|move|p1a: Medicham|Zen Headbutt|p2a: Scyther\n|-damage|p2a: Scyther|113/249\n|cant|p2a: Scyther|flinch\n|\n|upkeep\n|turn|9\n|\n|t:|1781428251\n|move|p1a: Medicham|Zen Headbutt|p2a: Scyther\n|-damage|p2a: Scyther|0 fnt\n|faint|p2a: Scyther\n|\n|upkeep\n|\n|t:|1781428255\n|switch|p2a: Lumineon|Lumineon, L93, F|279/279\n|turn|10\n|\n|t:|1781428258\n|move|p1a: Medicham|Zen Headbutt|p2a: Lumineon\n|-damage|p2a: Lumineon|146/279\n|move|p2a: Lumineon|Alluring Voice|p1a: Medicham\n|-supereffective|p1a: Medicham\n|-damage|p1a: Medicham|92/243\n|-damage|p2a: Lumineon|119/279|[from] item: Life Orb\n|\n|upkeep\n|turn|11\n|\n|t:|1781428265\n|move|p1a: Medicham|Zen Headbutt|p2a: Lumineon\n|-damage|p2a: Lumineon|0 fnt\n|faint|p2a: Lumineon\n|\n|upkeep\n|\n|t:|1781428270\n|switch|p2a: Clawitzer|Clawitzer, L87, F|265/265\n|turn|12\n|\n|t:|1781428278\n|switch|p1a: Dipplin|Dipplin, L88, F|284/284\n|move|p2a: Clawitzer|Water Pulse|p1a: Dipplin\n|-resisted|p1a: Dipplin\n|-damage|p1a: Dipplin|263/284\n|\n|upkeep\n|turn|13\n|\n|t:|1781428285\n|move|p2a: Clawitzer|Dragon Pulse|p1a: Dipplin\n|-supereffective|p1a: Dipplin\n|-damage|p1a: Dipplin|121/284\n|move|p1a: Dipplin|Giga Drain|p2a: Clawitzer\n|-supereffective|p2a: Clawitzer\n|-damage|p2a: Clawitzer|157/265\n|-heal|p1a: Dipplin|175/284|[from] drain|[of] p2a: Clawitzer\n|\n|upkeep\n|turn|14\n|\n|t:|1781428295\n|switch|p1a: Tornadus|Tornadus-Therian, L79, M|186/254\n|move|p2a: Clawitzer|Dragon Pulse|p1a: Tornadus\n|-damage|p1a: Tornadus|66/254\n|\n|upkeep\n|turn|15\n|\n|t:|1781428303\n|move|p1a: Tornadus|Bleakwind Storm|p2a: Clawitzer\n|-damage|p2a: Clawitzer|58/265\n|move|p2a: Clawitzer|Dragon Pulse|p1a: Tornadus\n|-damage|p1a: Tornadus|0 fnt\n|faint|p1a: Tornadus\n|\n|upkeep\n|\n|t:|1781428311\n|switch|p1a: Medicham|Medicham, L86, M|92/243\n|turn|16\n|\n|t:|1781428318\n|move|p1a: Medicham|Close Combat|p2a: Clawitzer\n|-damage|p2a: Clawitzer|0 fnt\n|-unboost|p1a: Medicham|def|1\n|-unboost|p1a: Medicham|spd|1\n|faint|p2a: Clawitzer\n|\n|upkeep\n|\n|t:|1781428321\n|switch|p2a: Pecharunt|Pecharunt, L77|262/262\n|turn|17\n|\n|t:|1781428339\n|switch|p1a: Dipplin|Dipplin, L88, F|175/284\n|move|p2a: Pecharunt|Malignant Chain|p1a: Dipplin\n|-supereffective|p1a: Dipplin\n|-damage|p1a: Dipplin|67/284\n|\n|upkeep\n|turn|18\n|\n|t:|1781428350\n|switch|p1a: Cinccino|Cinccino, L83, F|260/260\n|move|p2a: Pecharunt|Malignant Chain|p1a: Cinccino\n|-damage|p1a: Cinccino|152/260\n|-status|p1a: Cinccino|tox\n|-start|p1a: Cinccino|confusion|[from] ability: Poison Puppeteer|[of] p2a: Pecharunt\n|\n|-damage|p1a: Cinccino|136/260 tox|[from] psn\n|upkeep\n|turn|19\n|\n|t:|1781428365\n|-activate|p1a: Cinccino|confusion\n|move|p1a: Cinccino|Tidy Up|p1a: Cinccino\n|-boost|p1a: Cinccino|atk|1\n|-boost|p1a: Cinccino|spe|1\n|move|p2a: Pecharunt|Malignant Chain|p1a: Cinccino\n|-crit|p1a: Cinccino\n|-damage|p1a: Cinccino|0 fnt\n|faint|p1a: Cinccino\n|\n|upkeep\n|\n|t:|1781428373\n|switch|p1a: Medicham|Medicham, L86, M|92/243\n|turn|20\n|\n|t:|1781428381\n|-terastallize|p2a: Pecharunt|Dark\n|move|p1a: Medicham|Trick|p2a: Pecharunt\n|-activate|p1a: Medicham|move: Trick|[of] p2a: Pecharunt\n|-item|p2a: Pecharunt|Choice Scarf|[from] move: Trick\n|-item|p1a: Medicham|Rocky Helmet|[from] move: Trick\n|move|p2a: Pecharunt|Shadow Ball|p1a: Medicham\n|-supereffective|p1a: Medicham\n|-damage|p1a: Medicham|0 fnt\n|faint|p1a: Medicham\n|\n|upkeep\n|\n|t:|1781428390\n|switch|p1a: Dipplin|Dipplin, L88, F|67/284\n|turn|21\n|\n|t:|1781428395\n|move|p2a: Pecharunt|Shadow Ball|p1a: Dipplin\n|-damage|p1a: Dipplin|22/284\n|move|p1a: Dipplin|Recover|p1a: Dipplin\n|-heal|p1a: Dipplin|164/284\n|\n|upkeep\n|turn|22\n|\n|t:|1781428402\n|move|p2a: Pecharunt|Shadow Ball|p1a: Dipplin\n|-damage|p1a: Dipplin|115/284\n|move|p1a: Dipplin|Recover|p1a: Dipplin\n|-heal|p1a: Dipplin|257/284\n|\n|upkeep\n|turn|23\n|\n|t:|1781428410\n|move|p2a: Pecharunt|Shadow Ball|p1a: Dipplin\n|-damage|p1a: Dipplin|214/284\n|-unboost|p1a: Dipplin|spd|1\n|move|p1a: Dipplin|Giga Drain|p2a: Pecharunt\n|-damage|p2a: Pecharunt|165/262\n|-heal|p1a: Dipplin|263/284|[from] drain|[of] p2a: Pecharunt\n|\n|upkeep\n|turn|24\n|j| Poi890\n|\n|t:|1781428418\n|move|p2a: Pecharunt|Shadow Ball|p1a: Dipplin\n|-damage|p1a: Dipplin|190/284\n|move|p1a: Dipplin|Giga Drain|p2a: Pecharunt\n|-damage|p2a: Pecharunt|74/262\n|-heal|p1a: Dipplin|236/284|[from] drain|[of] p2a: Pecharunt\n|\n|upkeep\n|turn|25\n|l|\u2606mr012\n|inactive|mr012 disconnected and has a minute to reconnect!\n|player|p2|\n|\n|t:|1781428425\n|move|p2a: Pecharunt|Shadow Ball|p1a: Dipplin\n|-damage|p1a: Dipplin|164/284\n|move|p1a: Dipplin|Dragon Pulse|p2a: Pecharunt\n|-damage|p2a: Pecharunt|0 fnt\n|faint|p2a: Pecharunt\n|\n|win|AssaultLei\n", "inputlog": ">version a8376a258c1d4662feba110a92103f3664a72141\n>start {\"formatid\":\"gen9randombattle\",\"seed\":\"sodium,153ed126b9e6f35c5971ea3b619899bc\",\"rated\":\"Rated battle\"}\n>player p1 {\"name\":\"AssaultLei\",\"avatar\":\"pokemonranger-gen4\",\"rating\":1915,\"seed\":\"sodium,d36c07f92f83778e2796b31624b4b0f3\"}\n>player p2 {\"name\":\"mr012\",\"avatar\":\"170\",\"rating\":1918,\"seed\":\"sodium,8bd1f8bc227b046646b665ca9e5f12c4\"}\n>p1 move doubleedge\n>p2 move sludgebomb\n>p1 switch 2\n>p2 move sludgebomb\n>p1 move uturn\n>p2 move sludgebomb\n>p1 switch 2\n>p1 switch 4\n>p1 move tailslap\n>p2 move sludgebomb\n>p2 switch 6\n>p1 move tailslap\n>p2 move swordsdance\n>p1 switch 6\n>p2 move wildcharge\n>p1 switch 3\n>p1 move zenheadbutt\n>p2 move wildcharge\n>p2 switch 2\n>p1 move zenheadbutt\n>p2 move dualwingbeat\n>p1 move zenheadbutt\n>p2 move dualwingbeat\n>p2 switch 5\n>p1 move zenheadbutt\n>p2 move alluringvoice\n>p1 move zenheadbutt\n>p2 move alluringvoice\n>p2 switch 4\n>p1 switch 5\n>p2 move waterpulse\n>p1 move gigadrain\n>p2 move dragonpulse\n>p1 switch 2\n>p2 move dragonpulse\n>p1 move bleakwindstorm\n>p2 move dragonpulse\n>p1 switch 5\n>p1 move closecombat\n>p2 move dragonpulse\n>p2 switch 3\n>p1 switch 2\n>p2 move malignantchain\n>p1 switch 6\n>p2 move malignantchain\n>p1 move tidyup\n>p2 move malignantchain\n>p1 switch 2\n>p1 move trick\n>p2 move shadowball terastallize\n>p1 switch 6\n>p1 move recover\n>p2 move shadowball\n>p1 move recover\n>p2 move shadowball\n>p1 move gigadrain\n>p2 move shadowball\n>p1 move gigadrain\n>p2 move shadowball\n>p1 move dragonpulse\n>p2 move shadowball", "uploadtime": 1781428118, "views": 4, "formatid": "gen9randombattle", "rating": null, "private": 0, "password": null}