{"id": "gen9randombattle-2631948415", "format": "[Gen 9] Random Battle", "players": ["ahuramazda2", "Mr. BrickaBracka"], "log": "|j|\u2606ahuramazda2\n|j|\u2606Mr. BrickaBracka\n|t:|1781458852\n|gametype|singles\n|player|p1|ahuramazda2|169|1964\n|player|p2|Mr. BrickaBracka|102|1994\n|gen|9\n|tier|[Gen 9] Random Battle\n|rated|\n|rule|Species Clause: Limit one of each Pok\u00e9mon\n|rule|HP Percentage Mod: HP is shown in percentages\n|rule|Sleep Clause Mod: Limit one foe put to sleep\n|rule|Illusion Level Mod: Illusion disguises the Pok\u00e9mon's true level\n|\n|t:|1781458852\n|teamsize|p1|6\n|teamsize|p2|6\n|start\n|switch|p1a: Brambleghast|Brambleghast, L88, M|240/240\n|switch|p2a: Ogerpon|Ogerpon, L80, F|259/259\n|turn|1\n|inactive|Battle timer is ON: inactive players will automatically lose when time's up. (requested by ahuramazda2)\n|\n|t:|1781458872\n|move|p2a: Ogerpon|Knock Off|p1a: Brambleghast\n|-supereffective|p1a: Brambleghast\n|-damage|p1a: Brambleghast|37/240\n|-enditem|p1a: Brambleghast|Heavy-Duty Boots|[from] move: Knock Off|[of] p2a: Ogerpon\n|-damage|p2a: Ogerpon|234/259|[from] item: Life Orb\n|move|p1a: Brambleghast|Poltergeist|p2a: Ogerpon\n|-activate|p2a: Ogerpon|move: Poltergeist|Life Orb\n|-damage|p2a: Ogerpon|89/259\n|\n|upkeep\n|turn|2\n|\n|t:|1781458891\n|switch|p1a: Arcanine|Arcanine, L84, F|288/288\n|-ability|p1a: Arcanine|Intimidate|boost\n|-unboost|p2a: Ogerpon|atk|1\n|-ability|p2a: Ogerpon|Defiant|boost\n|-boost|p2a: Ogerpon|atk|2\n|move|p2a: Ogerpon|Knock Off|p1a: Arcanine\n|-damage|p1a: Arcanine|123/288\n|-enditem|p1a: Arcanine|Heavy-Duty Boots|[from] move: Knock Off|[of] p2a: Ogerpon\n|-damage|p2a: Ogerpon|64/259|[from] item: Life Orb\n|\n|upkeep\n|turn|3\n|\n|t:|1781458899\n|move|p1a: Arcanine|Extreme Speed|p2a: Ogerpon\n|-damage|p2a: Ogerpon|0 fnt\n|faint|p2a: Ogerpon\n|\n|upkeep\n|\n|t:|1781458902\n|switch|p2a: Keldeo|Keldeo-Resolute, L79|273/273\n|turn|4\n|\n|t:|1781458920\n|move|p1a: Arcanine|Extreme Speed|p2a: Keldeo\n|-damage|p2a: Keldeo|203/273\n|move|p2a: Keldeo|Hydro Pump|p1a: Arcanine\n|-supereffective|p1a: Arcanine\n|-damage|p1a: Arcanine|0 fnt\n|faint|p1a: Arcanine\n|-damage|p2a: Keldeo|176/273|[from] item: Life Orb\n|\n|upkeep\n|\n|t:|1781458933\n|switch|p1a: Registeel|Registeel, L81|262/262\n|turn|5\n|\n|t:|1781458937\n|move|p2a: Keldeo|Secret Sword|p1a: Registeel\n|-supereffective|p1a: Registeel\n|-damage|p1a: Registeel|72/262\n|-damage|p2a: Keldeo|149/273|[from] item: Life Orb\n|move|p1a: Registeel|Thunder Wave|p2a: Keldeo\n|-status|p2a: Keldeo|par\n|\n|-heal|p1a: Registeel|88/262|[from] item: Leftovers\n|upkeep\n|turn|6\n|\n|t:|1781458948\n|move|p1a: Registeel|Body Press|p2a: Keldeo\n|-damage|p2a: Keldeo|73/273 par\n|cant|p2a: Keldeo|par\n|\n|-heal|p1a: Registeel|104/262|[from] item: Leftovers\n|upkeep\n|turn|7\n|\n|t:|1781458952\n|move|p1a: Registeel|Stealth Rock|p2a: Keldeo\n|-sidestart|p2: Mr. BrickaBracka|move: Stealth Rock\n|move|p2a: Keldeo|Secret Sword|p1a: Registeel\n|-supereffective|p1a: Registeel\n|-damage|p1a: Registeel|0 fnt\n|faint|p1a: Registeel\n|-damage|p2a: Keldeo|46/273 par|[from] item: Life Orb\n|\n|upkeep\n|\n|t:|1781458959\n|switch|p1a: Brambleghast|Brambleghast, L88, M|37/240\n|turn|8\n|\n|t:|1781458967\n|move|p1a: Brambleghast|Poltergeist|p2a: Keldeo\n|-activate|p2a: Keldeo|move: Poltergeist|Life Orb\n|-damage|p2a: Keldeo|0 fnt\n|faint|p2a: Keldeo\n|\n|upkeep\n|\n|t:|1781458976\n|switch|p2a: Walking Wake|Walking Wake, L79|286/286\n|-damage|p2a: Walking Wake|251/286|[from] Stealth Rock\n|turn|9\n|\n|t:|1781458979\n|switch|p1a: Blissey|Blissey, L85, F|572/572\n|move|p2a: Walking Wake|Flamethrower|p1a: Blissey\n|-damage|p1a: Blissey|508/572\n|-status|p1a: Blissey|brn\n|-damage|p2a: Walking Wake|223/286|[from] item: Life Orb\n|\n|-heal|p1a: Blissey|543/572 brn|[from] item: Leftovers\n|-damage|p1a: Blissey|508/572 brn|[from] brn\n|upkeep\n|turn|10\n|\n|t:|1781458992\n|-end|p2a: Walking Wake|Protosynthesis|[silent]\n|switch|p2a: Iron Crown|Iron Crown, L78|268/268\n|-damage|p2a: Iron Crown|252/268|[from] Stealth Rock\n|move|p1a: Blissey|Seismic Toss|p2a: Iron Crown\n|-damage|p2a: Iron Crown|167/268\n|\n|-heal|p2a: Iron Crown|183/268|[from] item: Leftovers\n|-heal|p1a: Blissey|543/572 brn|[from] item: Leftovers\n|-damage|p1a: Blissey|508/572 brn|[from] brn\n|upkeep\n|turn|11\n|\n|t:|1781458999\n|-curestatus|p1a: Blissey|brn|[from] ability: Natural Cure|[silent]\n|switch|p1a: Milotic|Milotic, L83, F|293/293\n|move|p2a: Iron Crown|Psyshock|p1a: Milotic\n|-damage|p1a: Milotic|202/293\n|\n|-heal|p2a: Iron Crown|199/268|[from] item: Leftovers\n|-heal|p1a: Milotic|220/293|[from] item: Leftovers\n|upkeep\n|turn|12\n|\n|t:|1781459006\n|move|p2a: Iron Crown|Calm Mind|p2a: Iron Crown\n|-boost|p2a: Iron Crown|spa|1\n|-boost|p2a: Iron Crown|spd|1\n|move|p1a: Milotic|Scald|p2a: Iron Crown\n|-damage|p2a: Iron Crown|148/268\n|-status|p2a: Iron Crown|brn\n|\n|-heal|p2a: Iron Crown|164/268 brn|[from] item: Leftovers\n|-heal|p1a: Milotic|238/293|[from] item: Leftovers\n|-damage|p2a: Iron Crown|148/268 brn|[from] brn\n|upkeep\n|turn|13\n|\n|t:|1781459012\n|switch|p1a: Blissey|Blissey, L85, F|508/572\n|move|p2a: Iron Crown|Psyshock|p1a: Blissey\n|-damage|p1a: Blissey|93/572\n|\n|-heal|p2a: Iron Crown|164/268 brn|[from] item: Leftovers\n|-heal|p1a: Blissey|128/572|[from] item: Leftovers\n|-damage|p2a: Iron Crown|148/268 brn|[from] brn\n|upkeep\n|turn|14\n|\n|t:|1781459027\n|switch|p1a: Milotic|Milotic, L83, F|238/293\n|move|p2a: Iron Crown|Psyshock|p1a: Milotic\n|-damage|p1a: Milotic|85/293\n|\n|-heal|p2a: Iron Crown|164/268 brn|[from] item: Leftovers\n|-heal|p1a: Milotic|103/293|[from] item: Leftovers\n|-damage|p2a: Iron Crown|148/268 brn|[from] brn\n|upkeep\n|turn|15\n|\n|t:|1781459033\n|move|p2a: Iron Crown|Psyshock|p1a: Milotic\n|-damage|p1a: Milotic|0 fnt\n|faint|p1a: Milotic\n|\n|-heal|p2a: Iron Crown|164/268 brn|[from] item: Leftovers\n|-damage|p2a: Iron Crown|148/268 brn|[from] brn\n|upkeep\n|\n|t:|1781459035\n|switch|p1a: Cloyster|Cloyster, L80, F|211/211\n|turn|16\n|\n|t:|1781459045\n|switch|p1a: Blissey|Blissey, L85, F|128/572\n|move|p2a: Iron Crown|Focus Blast|p1a: Blissey\n|-supereffective|p1a: Blissey\n|-damage|p1a: Blissey|0 fnt\n|faint|p1a: Blissey\n|\n|-heal|p2a: Iron Crown|164/268 brn|[from] item: Leftovers\n|-damage|p2a: Iron Crown|148/268 brn|[from] brn\n|upkeep\n|\n|t:|1781459047\n|switch|p1a: Brambleghast|Brambleghast, L88, M|37/240\n|turn|17\n|\n|t:|1781459051\n|move|p1a: Brambleghast|Poltergeist|p2a: Iron Crown\n|-activate|p2a: Iron Crown|move: Poltergeist|Leftovers\n|-supereffective|p2a: Iron Crown\n|-damage|p2a: Iron Crown|0 fnt\n|faint|p2a: Iron Crown\n|-end|p2a: Iron Crown|Quark Drive|[silent]\n|\n|upkeep\n|\n|t:|1781459065\n|switch|p2a: Walking Wake|Walking Wake, L79|223/286\n|-damage|p2a: Walking Wake|188/286|[from] Stealth Rock\n|turn|18\n|\n|t:|1781459071\n|move|p2a: Walking Wake|Sunny Day|p2a: Walking Wake\n|-weather|SunnyDay\n|-activate|p2a: Walking Wake|ability: Protosynthesis\n|-start|p2a: Walking Wake|protosynthesisspa\n|move|p1a: Brambleghast|Power Whip|p2a: Walking Wake\n|-crit|p2a: Walking Wake\n|-damage|p2a: Walking Wake|0 fnt\n|faint|p2a: Walking Wake\n|-end|p2a: Walking Wake|Protosynthesis|[silent]\n|\n|-weather|SunnyDay|[upkeep]\n|upkeep\n|\n|t:|1781459083\n|switch|p2a: Kyurem|Kyurem-White, L73|303/303\n|-damage|p2a: Kyurem|228/303|[from] Stealth Rock\n|-ability|p2a: Kyurem|Turboblaze\n|turn|19\n|\n|t:|1781459095\n|move|p2a: Kyurem|Freeze-Dry|p1a: Brambleghast\n|-supereffective|p1a: Brambleghast\n|-damage|p1a: Brambleghast|0 fnt\n|faint|p1a: Brambleghast\n|\n|-weather|SunnyDay|[upkeep]\n|upkeep\n|\n|t:|1781459100\n|switch|p1a: Cloyster|Cloyster, L80, F|211/211\n|turn|20\n|\n|t:|1781459106\n|move|p2a: Kyurem|Freeze-Dry|p1a: Cloyster\n|-damage|p1a: Cloyster|69/211\n|move|p1a: Cloyster|Shell Smash|p1a: Cloyster\n|-unboost|p1a: Cloyster|def|1\n|-unboost|p1a: Cloyster|spd|1\n|-boost|p1a: Cloyster|atk|2\n|-boost|p1a: Cloyster|spa|2\n|-boost|p1a: Cloyster|spe|2\n|-enditem|p1a: Cloyster|White Herb\n|-clearnegativeboost|p1a: Cloyster|[silent]\n|\n|-weather|SunnyDay|[upkeep]\n|upkeep\n|turn|21\n|\n|t:|1781459111\n|move|p1a: Cloyster|Icicle Spear|p2a: Kyurem\n|-damage|p2a: Kyurem|170/303\n|-damage|p2a: Kyurem|113/303\n|-damage|p2a: Kyurem|62/303\n|-damage|p2a: Kyurem|5/303\n|-damage|p2a: Kyurem|0 fnt\n|faint|p2a: Kyurem\n|-hitcount|p2: Kyurem|5\n|\n|-weather|SunnyDay|[upkeep]\n|upkeep\n|\n|t:|1781459113\n|switch|p2a: Entei|Entei, L78|307/307\n|-damage|p2a: Entei|231/307|[from] Stealth Rock\n|turn|22\n|\n|t:|1781459130\n|-terastallize|p2a: Entei|Normal\n|move|p2a: Entei|Extreme Speed|p1a: Cloyster\n|-damage|p1a: Cloyster|0 fnt\n|faint|p1a: Cloyster\n|\n|win|Mr. BrickaBracka\n", "inputlog": ">version a8376a258c1d4662feba110a92103f3664a72141\n>start {\"formatid\":\"gen9randombattle\",\"seed\":\"sodium,74aed6c1cce44664a5da757e1acc81c7\",\"rated\":\"Rated battle\"}\n>player p1 {\"name\":\"ahuramazda2\",\"avatar\":\"169\",\"rating\":1964,\"seed\":\"sodium,ed07ef5d32fe88468b8b8d8e923d7d7c\"}\n>player p2 {\"name\":\"Mr. BrickaBracka\",\"avatar\":\"102\",\"rating\":1994,\"seed\":\"sodium,4878e63dfbd34b3765ff0545fc736eb0\"}\n>p1 move poltergeist\n>p2 move knockoff\n>p1 switch 5\n>p2 move knockoff\n>p1 move extremespeed\n>p2 move superpower\n>p2 switch 4\n>p1 move extremespeed\n>p2 move hydropump\n>p1 switch 6\n>p1 move thunderwave\n>p2 move secretsword\n>p1 move bodypress\n>p2 move hydropump\n>p1 move stealthrock\n>p2 move secretsword\n>p1 switch 5\n>p1 move poltergeist\n>p2 move airslash\n>p2 switch 3\n>p1 switch 3\n>p2 move flamethrower\n>p1 move seismictoss\n>p2 switch 5\n>p1 switch 4\n>p2 move psyshock\n>p1 move scald\n>p2 move calmmind\n>p1 switch 4\n>p2 move psyshock\n>p1 switch 4\n>p2 move psyshock\n>p1 move scald\n>p2 move psyshock\n>p1 switch 2\n>p1 switch 4\n>p2 move focusblast\n>p1 switch 3\n>p1 move poltergeist\n>p2 move tachyoncutter\n>p2 switch 5\n>p1 move powerwhip\n>p2 move sunnyday\n>p2 switch 6\n>p1 move poltergeist\n>p2 move freezedry\n>p1 switch 4\n>p1 move shellsmash\n>p2 move freezedry\n>p1 move iciclespear\n>p2 move freezedry\n>p2 switch 2\n>p1 move iciclespear\n>p2 move extremespeed terastallize", "uploadtime": 1781458853, "views": 4, "formatid": "gen9randombattle", "rating": null, "private": 0, "password": null}