{"id": "gen9randombattle-2631388786", "format": "[Gen 9] Random Battle", "players": ["bluesun000", "guluff"], "log": "|j|\u2606bluesun000\n|j|\u2606guluff\n|t:|1781378808\n|gametype|singles\n|player|p1|bluesun000|palmer|1927\n|player|p2|guluff|266|1948\n|gen|9\n|tier|[Gen 9] Random Battle\n|rated|\n|rule|Species Clause: Limit one of each Pok\u00e9mon\n|rule|HP Percentage Mod: HP is shown in percentages\n|rule|Sleep Clause Mod: Limit one foe put to sleep\n|rule|Illusion Level Mod: Illusion disguises the Pok\u00e9mon's true level\n|\n|t:|1781378808\n|teamsize|p1|6\n|teamsize|p2|6\n|start\n|switch|p1a: Exeggutor|Exeggutor-Alola, L89, M|314/314\n|switch|p2a: Ampharos|Ampharos, L88, F|302/302\n|turn|1\n|inactive|Battle timer is ON: inactive players will automatically lose when time's up. (requested by bluesun000)\n|inactive|bluesun000 has 120 seconds left.\n|\n|t:|1781378867\n|move|p2a: Ampharos|Dazzling Gleam|p1a: Exeggutor\n|-supereffective|p1a: Exeggutor\n|-damage|p1a: Exeggutor|152/314\n|-enditem|p1a: Exeggutor|Sitrus Berry|[eat]\n|-heal|p1a: Exeggutor|230/314|[from] item: Sitrus Berry\n|move|p1a: Exeggutor|Calm Mind|p1a: Exeggutor\n|-boost|p1a: Exeggutor|spa|1\n|-boost|p1a: Exeggutor|spd|1\n|\n|upkeep\n|turn|2\n|\n|t:|1781378874\n|move|p1a: Exeggutor|Giga Drain|p2a: Ampharos\n|-damage|p2a: Ampharos|200/302\n|-heal|p1a: Exeggutor|281/314|[from] drain|[of] p2a: Ampharos\n|move|p2a: Ampharos|Dragon Tail|p1a: Exeggutor\n|-supereffective|p1a: Exeggutor\n|-damage|p1a: Exeggutor|207/314\n|drag|p1a: Venomoth|Venomoth, L84, F|255/255\n|\n|upkeep\n|turn|3\n|\n|t:|1781378903\n|switch|p1a: Whimsicott|Whimsicott, L84, F|238/238\n|move|p2a: Ampharos|Volt Switch|p1a: Whimsicott\n|-resisted|p1a: Whimsicott\n|-damage|p1a: Whimsicott|182/238\n|\n|t:|1781378916\n|switch|p2a: Iron Moth|Iron Moth, L78|253/253|[from] Volt Switch\n|\n|-heal|p1a: Whimsicott|196/238|[from] item: Leftovers\n|upkeep\n|turn|4\n|\n|t:|1781378926\n|move|p1a: Whimsicott|Substitute|p1a: Whimsicott\n|-start|p1a: Whimsicott|Substitute\n|-damage|p1a: Whimsicott|137/238\n|move|p2a: Iron Moth|Fire Blast|p1a: Whimsicott\n|-supereffective|p1a: Whimsicott\n|-end|p1a: Whimsicott|Substitute\n|\n|-heal|p1a: Whimsicott|151/238|[from] item: Leftovers\n|upkeep\n|turn|5\n|\n|t:|1781378938\n|-end|p2a: Iron Moth|Quark Drive|[silent]\n|switch|p2a: Duraludon|Duraludon, L82, F|249/249\n|move|p1a: Whimsicott|Substitute|p1a: Whimsicott\n|-start|p1a: Whimsicott|Substitute\n|-damage|p1a: Whimsicott|92/238\n|\n|-heal|p1a: Whimsicott|106/238|[from] item: Leftovers\n|upkeep\n|turn|6\n|\n|t:|1781378947\n|move|p1a: Whimsicott|Leech Seed|p2a: Duraludon\n|-start|p2a: Duraludon|move: Leech Seed\n|move|p2a: Duraludon|Stealth Rock|p1a: Whimsicott\n|-sidestart|p1: bluesun000|move: Stealth Rock\n|\n|-heal|p1a: Whimsicott|120/238|[from] item: Leftovers\n|-damage|p2a: Duraludon|218/249|[from] Leech Seed|[of] p1a: Whimsicott\n|-heal|p1a: Whimsicott|151/238|[silent]\n|upkeep\n|turn|7\n|\n|t:|1781378954\n|switch|p2a: Vespiquen|Vespiquen, L99, F|299/299\n|-ability|p2a: Vespiquen|Pressure\n|move|p1a: Whimsicott|Encore||[still]\n|-fail|p1a: Whimsicott\n|\n|-heal|p1a: Whimsicott|165/238|[from] item: Leftovers\n|upkeep\n|turn|8\n|\n|t:|1781378963\n|move|p1a: Whimsicott|Leech Seed|p2a: Vespiquen\n|-start|p2a: Vespiquen|move: Leech Seed\n|move|p2a: Vespiquen|Spikes|p1a: Whimsicott\n|-sidestart|p1: bluesun000|Spikes\n|\n|-heal|p1a: Whimsicott|179/238|[from] item: Leftovers\n|-damage|p2a: Vespiquen|262/299|[from] Leech Seed|[of] p1a: Whimsicott\n|-heal|p1a: Whimsicott|216/238|[silent]\n|upkeep\n|turn|9\n|\n|t:|1781378976\n|move|p1a: Whimsicott|Moonblast|p2a: Vespiquen\n|-damage|p2a: Vespiquen|202/299\n|move|p2a: Vespiquen|Spikes|p1a: Whimsicott\n|-sidestart|p1: bluesun000|Spikes\n|\n|-heal|p1a: Whimsicott|230/238|[from] item: Leftovers\n|-damage|p2a: Vespiquen|165/299|[from] Leech Seed|[of] p1a: Whimsicott\n|-heal|p1a: Whimsicott|238/238|[silent]\n|upkeep\n|turn|10\n|\n|t:|1781378979\n|switch|p2a: Duraludon|Duraludon, L82, F|218/249\n|move|p1a: Whimsicott|Moonblast|p2a: Duraludon\n|-damage|p2a: Duraludon|124/249\n|\n|upkeep\n|turn|11\n|\n|t:|1781378990\n|move|p1a: Whimsicott|Moonblast|p2a: Duraludon\n|-damage|p2a: Duraludon|34/249\n|-unboost|p2a: Duraludon|spa|1\n|move|p2a: Duraludon|Flash Cannon|p1a: Whimsicott\n|-supereffective|p1a: Whimsicott\n|-end|p1a: Whimsicott|Substitute\n|\n|upkeep\n|turn|12\n|\n|t:|1781379000\n|move|p1a: Whimsicott|Moonblast|p2a: Duraludon\n|-damage|p2a: Duraludon|0 fnt\n|faint|p2a: Duraludon\n|\n|upkeep\n|\n|t:|1781379005\n|switch|p2a: Iron Moth|Iron Moth, L78|253/253\n|turn|13\n|\n|t:|1781379028\n|move|p1a: Whimsicott|Substitute|p1a: Whimsicott\n|-start|p1a: Whimsicott|Substitute\n|-damage|p1a: Whimsicott|179/238\n|move|p2a: Iron Moth|Sludge Wave|p1a: Whimsicott\n|-supereffective|p1a: Whimsicott\n|-end|p1a: Whimsicott|Substitute\n|\n|-heal|p1a: Whimsicott|193/238|[from] item: Leftovers\n|upkeep\n|turn|14\n|\n|t:|1781379048\n|move|p1a: Whimsicott|Encore|p2a: Iron Moth\n|-start|p2a: Iron Moth|Encore\n|move|p2a: Iron Moth|Sludge Wave|p1a: Whimsicott\n|-supereffective|p1a: Whimsicott\n|-damage|p1a: Whimsicott|0 fnt\n|faint|p1a: Whimsicott\n|\n|upkeep\n|\n|t:|1781379050\n|switch|p1a: Venomoth|Venomoth, L84, F|255/255\n|turn|15\n|\n|t:|1781379054\n|-end|p2a: Iron Moth|Quark Drive|[silent]\n|switch|p2a: Ampharos|Ampharos, L88, F|200/302\n|move|p1a: Venomoth|Quiver Dance|p1a: Venomoth\n|-boost|p1a: Venomoth|spa|1\n|-boost|p1a: Venomoth|spd|1\n|-boost|p1a: Venomoth|spe|1\n|\n|upkeep\n|turn|16\n|\n|t:|1781379058\n|move|p1a: Venomoth|Sleep Powder|p2a: Ampharos|[miss]\n|-miss|p1a: Venomoth|p2a: Ampharos\n|move|p2a: Ampharos|Dragon Tail|p1a: Venomoth\n|-damage|p1a: Venomoth|203/255\n|drag|p1a: Exeggutor|Exeggutor-Alola, L89, M|207/314\n|-damage|p1a: Exeggutor|168/314|[from] Stealth Rock\n|-damage|p1a: Exeggutor|116/314|[from] Spikes\n|\n|upkeep\n|turn|17\n|\n|t:|1781379068\n|move|p2a: Ampharos|Dazzling Gleam|p1a: Exeggutor\n|-supereffective|p1a: Exeggutor\n|-damage|p1a: Exeggutor|0 fnt\n|faint|p1a: Exeggutor\n|\n|upkeep\n|\n|t:|1781379075\n|switch|p1a: Squawkabilly|Squawkabilly-Blue, L85, F|278/278\n|-damage|p1a: Squawkabilly|209/278|[from] Stealth Rock\n|turn|18\n|\n|t:|1781379086\n|move|p1a: Squawkabilly|U-turn|p2a: Ampharos\n|-damage|p2a: Ampharos|153/302\n|-status|p1a: Squawkabilly|par|[from] ability: Static|[of] p2a: Ampharos\n|\n|t:|1781379090\n|switch|p1a: Sylveon|Sylveon, L85, F|300/300|[from] U-turn\n|-damage|p1a: Sylveon|263/300|[from] Stealth Rock\n|-damage|p1a: Sylveon|213/300|[from] Spikes\n|move|p2a: Ampharos|Volt Switch|p1a: Sylveon\n|-damage|p1a: Sylveon|143/300\n|\n|t:|1781379095\n|switch|p2a: Iron Moth|Iron Moth, L78|253/253|[from] Volt Switch\n|\n|-heal|p1a: Sylveon|161/300|[from] item: Leftovers\n|upkeep\n|turn|19\n|\n|t:|1781379114\n|move|p2a: Iron Moth|U-turn|p1a: Sylveon\n|-resisted|p1a: Sylveon\n|-damage|p1a: Sylveon|139/300\n|\n|t:|1781379117\n|-end|p2a: Iron Moth|Quark Drive|[silent]\n|switch|p2a: Ampharos|Ampharos, L88, F|153/302|[from] U-turn\n|move|p1a: Sylveon|Wish|p1a: Sylveon\n|\n|-heal|p1a: Sylveon|157/300|[from] item: Leftovers\n|upkeep\n|turn|20\n|\n|t:|1781379125\n|move|p1a: Sylveon|Hyper Voice|p2a: Ampharos\n|-damage|p2a: Ampharos|66/302\n|move|p2a: Ampharos|Discharge|p1a: Sylveon\n|-damage|p1a: Sylveon|75/300\n|\n|-heal|p1a: Sylveon|225/300|[from] move: Wish|[wisher] Sylveon\n|-heal|p1a: Sylveon|243/300|[from] item: Leftovers\n|upkeep\n|turn|21\n|\n|t:|1781379130\n|move|p1a: Sylveon|Wish|p1a: Sylveon\n|move|p2a: Ampharos|Discharge|p1a: Sylveon\n|-damage|p1a: Sylveon|167/300\n|\n|-heal|p1a: Sylveon|185/300|[from] item: Leftovers\n|upkeep\n|turn|22\n|\n|t:|1781379136\n|move|p1a: Sylveon|Calm Mind|p1a: Sylveon\n|-boost|p1a: Sylveon|spa|1\n|-boost|p1a: Sylveon|spd|1\n|move|p2a: Ampharos|Discharge|p1a: Sylveon\n|-damage|p1a: Sylveon|130/300\n|\n|-heal|p1a: Sylveon|280/300|[from] move: Wish|[wisher] Sylveon\n|-heal|p1a: Sylveon|298/300|[from] item: Leftovers\n|upkeep\n|turn|23\n|\n|t:|1781379139\n|move|p1a: Sylveon|Wish|p1a: Sylveon\n|move|p2a: Ampharos|Volt Switch|p1a: Sylveon\n|-damage|p1a: Sylveon|252/300\n|\n|t:|1781379151\n|switch|p2a: Gastrodon|Gastrodon-East, L86, M|331/331|[from] Volt Switch\n|\n|-heal|p1a: Sylveon|270/300|[from] item: Leftovers\n|upkeep\n|turn|24\n|\n|t:|1781379171\n|move|p1a: Sylveon|Hyper Voice|p2a: Gastrodon\n|-damage|p2a: Gastrodon|133/331\n|move|p2a: Gastrodon|Sludge Bomb|p1a: Sylveon\n|-supereffective|p1a: Sylveon\n|-damage|p1a: Sylveon|206/300\n|\n|-heal|p1a: Sylveon|300/300|[from] move: Wish|[wisher] Sylveon\n|-heal|p2a: Gastrodon|153/331|[from] item: Leftovers\n|upkeep\n|turn|25\n|\n|t:|1781379180\n|switch|p2a: Iron Moth|Iron Moth, L78|253/253\n|move|p1a: Sylveon|Hyper Voice|p2a: Iron Moth\n|-resisted|p2a: Iron Moth\n|-damage|p2a: Iron Moth|210/253\n|\n|upkeep\n|turn|26\n|inactive|bluesun000 has 120 seconds left.\n|inactive|bluesun000 has 90 seconds left.\n|\n|t:|1781379242\n|move|p2a: Iron Moth|Fire Blast|p1a: Sylveon\n|-damage|p1a: Sylveon|204/300\n|move|p1a: Sylveon|Calm Mind|p1a: Sylveon\n|-boost|p1a: Sylveon|spa|1\n|-boost|p1a: Sylveon|spd|1\n|\n|-heal|p1a: Sylveon|222/300|[from] item: Leftovers\n|upkeep\n|turn|27\n|inactive|bluesun000 has 90 seconds left.\n|\n|t:|1781379257\n|-end|p2a: Iron Moth|Quark Drive|[silent]\n|switch|p2a: Gastrodon|Gastrodon-East, L86, M|153/331\n|move|p1a: Sylveon|Wish|p1a: Sylveon\n|\n|-heal|p1a: Sylveon|240/300|[from] item: Leftovers\n|-heal|p2a: Gastrodon|173/331|[from] item: Leftovers\n|upkeep\n|turn|28\n|\n|t:|1781379266\n|switch|p2a: Iron Moth|Iron Moth, L78|210/253\n|move|p1a: Sylveon|Hyper Voice|p2a: Iron Moth\n|-resisted|p2a: Iron Moth\n|-crit|p2a: Iron Moth\n|-damage|p2a: Iron Moth|117/253\n|\n|-heal|p1a: Sylveon|300/300|[from] move: Wish|[wisher] Sylveon\n|upkeep\n|turn|29\n|inactive|bluesun000 has 90 seconds left.\n|\n|t:|1781379282\n|move|p2a: Iron Moth|Sludge Wave|p1a: Sylveon\n|-supereffective|p1a: Sylveon\n|-damage|p1a: Sylveon|166/300\n|move|p1a: Sylveon|Wish|p1a: Sylveon\n|\n|-heal|p1a: Sylveon|184/300|[from] item: Leftovers\n|upkeep\n|turn|30\n|\n|t:|1781379286\n|move|p2a: Iron Moth|Sludge Wave|p1a: Sylveon\n|-supereffective|p1a: Sylveon\n|-damage|p1a: Sylveon|56/300\n|move|p1a: Sylveon|Calm Mind|p1a: Sylveon\n|-boost|p1a: Sylveon|spa|1\n|-boost|p1a: Sylveon|spd|1\n|\n|-heal|p1a: Sylveon|206/300|[from] move: Wish|[wisher] Sylveon\n|-heal|p1a: Sylveon|224/300|[from] item: Leftovers\n|upkeep\n|turn|31\n|\n|t:|1781379292\n|move|p2a: Iron Moth|Sludge Wave|p1a: Sylveon\n|-supereffective|p1a: Sylveon\n|-damage|p1a: Sylveon|126/300\n|move|p1a: Sylveon|Wish|p1a: Sylveon\n|\n|-heal|p1a: Sylveon|144/300|[from] item: Leftovers\n|upkeep\n|turn|32\n|\n|t:|1781379297\n|move|p2a: Iron Moth|Sludge Wave|p1a: Sylveon\n|-supereffective|p1a: Sylveon\n|-damage|p1a: Sylveon|46/300\n|move|p1a: Sylveon|Hyper Voice|p2a: Iron Moth\n|-resisted|p2a: Iron Moth\n|-damage|p2a: Iron Moth|43/253\n|\n|-heal|p1a: Sylveon|196/300|[from] move: Wish|[wisher] Sylveon\n|-heal|p1a: Sylveon|214/300|[from] item: Leftovers\n|upkeep\n|turn|33\n|\n|t:|1781379301\n|move|p2a: Iron Moth|Sludge Wave|p1a: Sylveon\n|-supereffective|p1a: Sylveon\n|-damage|p1a: Sylveon|110/300\n|-status|p1a: Sylveon|psn\n|move|p1a: Sylveon|Wish|p1a: Sylveon\n|\n|-heal|p1a: Sylveon|128/300 psn|[from] item: Leftovers\n|-damage|p1a: Sylveon|91/300 psn|[from] psn\n|upkeep\n|turn|34\n|\n|t:|1781379309\n|move|p1a: Sylveon|Protect|p1a: Sylveon\n|-singleturn|p1a: Sylveon|Protect\n|move|p2a: Iron Moth|Sludge Wave|p1a: Sylveon\n|-activate|p1a: Sylveon|move: Protect\n|\n|-heal|p1a: Sylveon|241/300 psn|[from] move: Wish|[wisher] Sylveon\n|-heal|p1a: Sylveon|259/300 psn|[from] item: Leftovers\n|-damage|p1a: Sylveon|222/300 psn|[from] psn\n|upkeep\n|turn|35\n|\n|t:|1781379312\n|move|p2a: Iron Moth|Sludge Wave|p1a: Sylveon\n|-supereffective|p1a: Sylveon\n|-damage|p1a: Sylveon|120/300 psn\n|move|p1a: Sylveon|Hyper Voice|p2a: Iron Moth\n|-resisted|p2a: Iron Moth\n|-damage|p2a: Iron Moth|0 fnt\n|faint|p2a: Iron Moth\n|-end|p2a: Iron Moth|Quark Drive|[silent]\n|\n|-heal|p1a: Sylveon|138/300 psn|[from] item: Leftovers\n|-damage|p1a: Sylveon|101/300 psn|[from] psn\n|upkeep\n|\n|t:|1781379321\n|switch|p2a: Gastrodon|Gastrodon-East, L86, M|173/331\n|turn|36\n|\n|t:|1781379331\n|-terastallize|p2a: Gastrodon|Poison\n|move|p1a: Sylveon|Hyper Voice|p2a: Gastrodon\n|-resisted|p2a: Gastrodon\n|-damage|p2a: Gastrodon|1/331\n|move|p2a: Gastrodon|Recover|p2a: Gastrodon\n|-heal|p2a: Gastrodon|167/331\n|\n|-heal|p1a: Sylveon|119/300 psn|[from] item: Leftovers\n|-heal|p2a: Gastrodon|187/331|[from] item: Leftovers\n|-damage|p1a: Sylveon|82/300 psn|[from] psn\n|upkeep\n|turn|37\n|\n|t:|1781379338\n|move|p1a: Sylveon|Wish|p1a: Sylveon\n|move|p2a: Gastrodon|Earthquake|p1a: Sylveon\n|-damage|p1a: Sylveon|0 fnt\n|faint|p1a: Sylveon\n|\n|-heal|p2a: Gastrodon|207/331|[from] item: Leftovers\n|upkeep\n|\n|t:|1781379358\n|switch|p1a: Flareon|Flareon, L90, M|263/263\n|-damage|p1a: Flareon|198/263|[from] Stealth Rock\n|-damage|p1a: Flareon|155/263|[from] Spikes\n|turn|38\n|\n|t:|1781379362\n|move|p1a: Flareon|Flare Blitz|p2a: Gastrodon\n|-damage|p2a: Gastrodon|0 fnt\n|faint|p2a: Gastrodon\n|-damage|p1a: Flareon|87/263|[from] Recoil\n|\n|-heal|p1a: Flareon|237/263|[from] move: Wish|[wisher] Sylveon\n|-status|p1a: Flareon|tox|[from] item: Toxic Orb\n|upkeep\n|\n|t:|1781379372\n|switch|p2a: Vespiquen|Vespiquen, L99, F|165/299\n|-ability|p2a: Vespiquen|Pressure\n|turn|39\n|\n|t:|1781379389\n|switch|p2a: Ampharos|Ampharos, L88, F|66/302\n|-terastallize|p1a: Flareon|Normal\n|move|p1a: Flareon|Facade|p2a: Ampharos\n|-damage|p2a: Ampharos|0 fnt\n|faint|p2a: Ampharos\n|\n|-damage|p1a: Flareon|221/263 tox|[from] psn\n|upkeep\n|\n|t:|1781379394\n|switch|p2a: Vespiquen|Vespiquen, L99, F|165/299\n|-ability|p2a: Vespiquen|Pressure\n|turn|40\n|\n|t:|1781379398\n|move|p1a: Flareon|Facade|p2a: Vespiquen\n|-damage|p2a: Vespiquen|0 fnt\n|faint|p2a: Vespiquen\n|\n|-damage|p1a: Flareon|189/263 tox|[from] psn\n|upkeep\n|\n|t:|1781379400\n|switch|p2a: Terapagos|Terapagos, L77, M|265/265\n|-activate|p2a: Terapagos|ability: Tera Shift\n|detailschange|p2a: Terapagos|Terapagos-Terastal, L77, M\n|-heal|p2a: Terapagos|273/273|[silent]\n|turn|41\n|\n|t:|1781379412\n|move|p2a: Terapagos|Tera Starstorm|p1a: Flareon\n|-damage|p1a: Flareon|102/263 tox\n|move|p1a: Flareon|Trailblaze|p2a: Terapagos\n|-activate|p2a: Terapagos|ability: Tera Shell\n|-resisted|p2a: Terapagos\n|-damage|p2a: Terapagos|239/273\n|-boost|p1a: Flareon|spe|1\n|\n|-damage|p1a: Flareon|54/263 tox|[from] psn\n|upkeep\n|turn|42\n|c|\u2606bluesun000|gg\n|\n|t:|1781379422\n|move|p1a: Flareon|Facade|p2a: Terapagos\n|-damage|p2a: Terapagos|0 fnt\n|faint|p2a: Terapagos\n|\n|win|bluesun000\n", "inputlog": ">version a8376a258c1d4662feba110a92103f3664a72141\n>start {\"formatid\":\"gen9randombattle\",\"seed\":\"sodium,db8edf0b9ff651b2913a73a5f8db2c3b\",\"rated\":\"Rated battle\"}\n>player p1 {\"name\":\"bluesun000\",\"avatar\":\"palmer\",\"rating\":1927,\"seed\":\"sodium,ed3d27f07b6bf23ec627e3be343d5662\"}\n>player p2 {\"name\":\"guluff\",\"avatar\":\"266\",\"rating\":1948,\"seed\":\"sodium,ab03eaebaa2dd3657a79be83b56d7cdf\"}\n>p1 move calmmind\n>p2 move dazzlinggleam\n>p1 move gigadrain\n>p2 move dragontail\n>p1 switch 2\n>p2 move voltswitch\n>p2 switch 2\n>p1 move substitute\n>p2 move fireblast\n>p1 move substitute\n>p2 switch 6\n>p1 move leechseed\n>p2 move stealthrock\n>p1 move encore\n>p2 switch 4\n>p1 move leechseed\n>p2 move spikes\n>p1 move moonblast\n>p2 move spikes\n>p1 move moonblast\n>p2 switch 4\n>p1 move moonblast\n>p2 move flashcannon\n>p1 move moonblast\n>p2 move flashcannon\n>p2 switch 6\n>p1 move substitute\n>p2 move sludgewave\n>p1 move encore\n>p2 move sludgewave\n>p1 switch 2\n>p1 move quiverdance\n>p2 switch 2\n>p1 move sleeppowder\n>p2 move dragontail\n>p1 move dragonpulse\n>p2 move dazzlinggleam\n>p1 switch 6\n>p1 move uturn\n>p2 move voltswitch\n>p1 switch 4\n>p2 switch 2\n>p1 move wish\n>p2 move uturn\n>p2 switch 2\n>p1 move hypervoice\n>p2 move discharge\n>p1 move wish\n>p2 move discharge\n>p1 move calmmind\n>p2 move discharge\n>p1 move wish\n>p2 move voltswitch\n>p2 switch 3\n>p1 move hypervoice\n>p2 move sludgebomb\n>p1 move hypervoice\n>p2 switch 2\n>p1 move calmmind\n>p2 move fireblast\n>p1 move wish\n>p2 switch 2\n>p1 move hypervoice\n>p2 switch 2\n>p1 move wish\n>p2 move sludgewave\n>p1 move calmmind\n>p2 move sludgewave\n>p1 move wish\n>p2 move sludgewave\n>p1 move hypervoice\n>p2 move sludgewave\n>p1 move wish\n>p2 move sludgewave\n>p1 move protect\n>p2 move sludgewave\n>p1 move hypervoice\n>p2 move sludgewave\n>p2 switch 2\n>p1 move hypervoice\n>p2 move recover terastallize\n>p1 move wish\n>p2 move earthquake\n>p1 switch 3\n>p1 move flareblitz\n>p2 move earthquake\n>p2 switch 4\n>p1 move facade terastallize\n>p2 switch 3\n>p2 switch 3\n>p1 move facade\n>p2 move hurricane\n>p2 switch 5\n>p1 move trailblaze\n>p2 move terastarstorm\n>chat \u2606bluesun000|gg\n>p1 move facade\n>p2 move terastarstorm", "uploadtime": 1781378810, "views": 8, "formatid": "gen9randombattle", "rating": null, "private": 0, "password": null, "player_dets": [{"name": "bluesun000", "avatar": "palmer", "rating": 1927, "seed": "sodium,ed3d27f07b6bf23ec627e3be343d5662"}, {"name": "guluff", "avatar": "266", "rating": 1948, "seed": "sodium,ab03eaebaa2dd3657a79be83b56d7cdf"}], "teams_full": [{"Exeggutor": {"name": "Exeggutor", "species": "Exeggutor-Alola", "speciesId": "exeggutoralola", "gender": "M", "shiny": false, "level": 89, "moves": ["calmmind", "gigadrain", "flamethrower", "dragonpulse"], "ability": "Harvest", "evs": {"hp": 85, "atk": 0, "def": 85, "spa": 85, "spd": 85, "spe": 85}, "ivs": {"hp": 31, "atk": 0, "def": 31, "spa": 31, "spd": 31, "spe": 31}, "item": "Sitrus Berry", "teraType": "Fire", "role": "Bulky Setup", "bvs": {"hp": 95, "atk": 105, "def": 85, "spa": 125, "spd": 75, "spe": 45}, "stats": {"hp": 314, "atk": 191, "def": 202, "spa": 273, "spd": 184, "spe": 131}}, "Whimsicott": {"name": "Whimsicott", "species": "Whimsicott", "speciesId": "whimsicott", "gender": "F", "shiny": false, "level": 84, "moves": ["substitute", "encore", "leechseed", "moonblast"], "ability": "Prankster", "evs": {"hp": 85, "atk": 0, "def": 85, "spa": 85, "spd": 85, "spe": 85}, "ivs": {"hp": 31, "atk": 0, "def": 31, "spa": 31, "spd": 31, "spe": 31}, "item": "Leftovers", "teraType": "Poison", "role": "Bulky Support", "bvs": {"hp": 60, "atk": 67, "def": 85, "spa": 77, "spd": 75, "spe": 116}, "stats": {"hp": 238, "atk": 117, "def": 191, "spa": 178, "spd": 174, "spe": 243}}, "Flareon": {"name": "Flareon", "species": "Flareon", "speciesId": "flareon", "gender": "M", "shiny": false, "level": 90, "moves": ["quickattack", "facade", "flareblitz", "trailblaze"], "ability": "Guts", "evs": {"hp": 85, "atk": 85, "def": 85, "spa": 85, "spd": 85, "spe": 85}, "ivs": {"hp": 31, "atk": 31, "def": 31, "spa": 31, "spd": 31, "spe": 31}, "item": "Toxic Orb", "teraType": "Normal", "role": "Setup Sweeper", "bvs": {"hp": 65, "atk": 130, "def": 60, "spa": 95, "spd": 110, "spe": 65}, "stats": {"hp": 263, "atk": 285, "def": 159, "spa": 222, "spd": 249, "spe": 168}}, "Sylveon": {"name": "Sylveon", "species": "Sylveon", "speciesId": "sylveon", "gender": "F", "shiny": false, "level": 85, "moves": ["calmmind", "protect", "hypervoice", "wish"], "ability": "Pixilate", "evs": {"hp": 85, "atk": 0, "def": 85, "spa": 85, "spd": 85, "spe": 85}, "ivs": {"hp": 31, "atk": 0, "def": 31, "spa": 31, "spd": 31, "spe": 31}, "item": "Leftovers", "teraType": "Steel", "role": "Bulky Setup", "bvs": {"hp": 95, "atk": 65, "def": 65, "spa": 110, "spd": 130, "spe": 60}, "stats": {"hp": 300, "atk": 115, "def": 159, "spa": 236, "spd": 270, "spe": 151}}, "Venomoth": {"name": "Venomoth", "species": "Venomoth", "speciesId": "venomoth", "gender": "F", "shiny": false, "level": 84, "moves": ["sludgewave", "sleeppowder", "bugbuzz", "quiverdance"], "ability": "Tinted Lens", "evs": {"hp": 85, "atk": 0, "def": 85, "spa": 85, "spd": 85, "spe": 85}, "ivs": {"hp": 31, "atk": 0, "def": 31, "spa": 31, "spd": 31, "spe": 31}, "item": "Heavy-Duty Boots", "teraType": "Poison", "role": "Setup Sweeper", "bvs": {"hp": 70, "atk": 65, "def": 60, "spa": 90, "spd": 75, "spe": 90}, "stats": {"hp": 255, "atk": 114, "def": 149, "spa": 199, "spd": 174, "spe": 199}}, "Squawkabilly": {"name": "Squawkabilly", "species": "Squawkabilly-Blue", "speciesId": "squawkabillyblue", "gender": "F", "shiny": false, "level": 85, "moves": ["bravebird", "uturn", "quickattack", "facade"], "ability": "Guts", "evs": {"hp": 85, "atk": 85, "def": 85, "spa": 85, "spd": 85, "spe": 85}, "ivs": {"hp": 31, "atk": 31, "def": 31, "spa": 31, "spd": 31, "spe": 31}, "item": "Flame Orb", "teraType": "Normal", "role": "Wallbreaker", "bvs": {"hp": 82, "atk": 96, "def": 51, "spa": 45, "spd": 51, "spe": 92}, "stats": {"hp": 278, "atk": 212, "def": 135, "spa": 125, "spd": 135, "spe": 205}}}, {"Ampharos": {"name": "Ampharos", "species": "Ampharos", "speciesId": "ampharos", "gender": "F", "shiny": false, "level": 88, "moves": ["dragontail", "voltswitch", "dazzlinggleam", "discharge"], "ability": "Static", "evs": {"hp": 85, "atk": 85, "def": 85, "spa": 85, "spd": 85, "spe": 85}, "ivs": {"hp": 31, "atk": 31, "def": 31, "spa": 31, "spd": 31, "spe": 31}, "item": "Assault Vest", "teraType": "Fairy", "role": "AV Pivot", "bvs": {"hp": 90, "atk": 75, "def": 85, "spa": 115, "spd": 90, "spe": 55}, "stats": {"hp": 302, "atk": 182, "def": 200, "spa": 253, "spd": 209, "spe": 147}}, "Iron Moth": {"name": "Iron Moth", "species": "Iron Moth", "speciesId": "ironmoth", "gender": "N", "shiny": false, "level": 78, "moves": ["sludgewave", "energyball", "fireblast", "uturn"], "ability": "Quark Drive", "evs": {"hp": 85, "atk": 85, "def": 85, "spa": 85, "spd": 85, "spe": 85}, "ivs": {"hp": 31, "atk": 31, "def": 31, "spa": 31, "spd": 31, "spe": 31}, "item": "Choice Specs", "teraType": "Grass", "role": "Fast Attacker", "bvs": {"hp": 80, "atk": 70, "def": 60, "spa": 140, "spd": 110, "spe": 110}, "stats": {"hp": 253, "atk": 154, "def": 139, "spa": 263, "spd": 217, "spe": 217}}, "Gastrodon": {"name": "Gastrodon", "species": "Gastrodon-East", "speciesId": "gastrodon", "gender": "M", "shiny": false, "level": 86, "moves": ["surf", "earthquake", "sludgebomb", "recover"], "ability": "Storm Drain", "evs": {"hp": 85, "atk": 85, "def": 85, "spa": 85, "spd": 85, "spe": 85}, "ivs": {"hp": 31, "atk": 31, "def": 31, "spa": 31, "spd": 31, "spe": 31}, "item": "Leftovers", "teraType": "Poison", "role": "Bulky Support", "bvs": {"hp": 111, "atk": 83, "def": 68, "spa": 92, "spd": 82, "spe": 39}, "stats": {"hp": 331, "atk": 192, "def": 166, "spa": 207, "spd": 190, "spe": 116}}, "Vespiquen": {"name": "Vespiquen", "species": "Vespiquen", "speciesId": "vespiquen", "gender": "F", "shiny": false, "level": 99, "moves": ["roost", "toxicspikes", "hurricane", "spikes"], "ability": "Pressure", "evs": {"hp": 85, "atk": 0, "def": 85, "spa": 85, "spd": 85, "spe": 85}, "ivs": {"hp": 31, "atk": 0, "def": 31, "spa": 31, "spd": 31, "spe": 31}, "item": "Heavy-Duty Boots", "teraType": "Steel", "role": "Bulky Support", "bvs": {"hp": 70, "atk": 80, "def": 102, "spa": 80, "spd": 102, "spe": 40}, "stats": {"hp": 299, "atk": 163, "def": 258, "spa": 214, "spd": 258, "spe": 135}}, "Terapagos": {"name": "Terapagos", "species": "Terapagos", "speciesId": "terapagos", "gender": "M", "shiny": false, "level": 77, "moves": ["terastarstorm", "rest", "calmmind", "darkpulse"], "ability": "Tera Shift", "evs": {"hp": 85, "atk": 0, "def": 85, "spa": 85, "spd": 85, "spe": 85}, "ivs": {"hp": 31, "atk": 0, "def": 31, "spa": 31, "spd": 31, "spe": 31}, "item": "Chesto Berry", "teraType": "Stellar", "role": "Setup Sweeper", "bvs": {"hp": 90, "atk": 65, "def": 85, "spa": 65, "spd": 85, "spe": 60}, "stats": {"hp": 265, "atk": 105, "def": 175, "spa": 145, "spd": 175, "spe": 137}}, "Duraludon": {"name": "Duraludon", "species": "Duraludon", "speciesId": "duraludon", "gender": "F", "shiny": false, "level": 82, "moves": ["stealthrock", "dracometeor", "bodypress", "flashcannon"], "ability": "Light Metal", "evs": {"hp": 85, "atk": 0, "def": 85, "spa": 85, "spd": 85, "spe": 85}, "ivs": {"hp": 31, "atk": 0, "def": 31, "spa": 31, "spd": 31, "spe": 31}, "item": "Eviolite", "teraType": "Fighting", "role": "Bulky Attacker", "bvs": {"hp": 70, "atk": 95, "def": 115, "spa": 120, "spd": 50, "spe": 85}, "stats": {"hp": 249, "atk": 160, "def": 236, "spa": 244, "spd": 129, "spe": 187}}}]}