{"id": "gen9randombattle-2631630725", "format": "[Gen 9] Random Battle", "players": ["AquaDragneel2", "Bace"], "log": "|j|\u2606AquaDragneel2\n|j|\u2606Bace\n|t:|1781411646\n|gametype|singles\n|player|p1|AquaDragneel2|gladion|1380\n|player|p2|Bace|1|1354\n|gen|9\n|tier|[Gen 9] Random Battle\n|rated|\n|rule|Species Clause: Limit one of each Pok\u00e9mon\n|rule|HP Percentage Mod: HP is shown in percentages\n|rule|Sleep Clause Mod: Limit one foe put to sleep\n|rule|Illusion Level Mod: Illusion disguises the Pok\u00e9mon's true level\n|\n|t:|1781411646\n|teamsize|p1|6\n|teamsize|p2|6\n|start\n|switch|p1a: Magmortar|Magmortar, L88, M|275/275\n|switch|p2a: Piloswine|Piloswine, L85, M|309/309\n|turn|1\n|\n|t:|1781411661\n|switch|p1a: Samurott|Samurott-Hisui, L77, F|265/265\n|move|p2a: Piloswine|Stealth Rock|p1a: Samurott\n|-sidestart|p1: AquaDragneel2|move: Stealth Rock\n|\n|upkeep\n|turn|2\n|\n|t:|1781411671\n|switch|p2a: Porygon-Z|Porygon-Z, L83|277/277\n|move|p1a: Samurott|Ceaseless Edge|p2a: Porygon-Z\n|-damage|p2a: Porygon-Z|96/277\n|-sidestart|p2: Bace|Spikes\n|\n|upkeep\n|turn|3\n|\n|t:|1781411677\n|move|p2a: Porygon-Z|Agility|p2a: Porygon-Z\n|-boost|p2a: Porygon-Z|spe|2\n|move|p1a: Samurott|Ceaseless Edge|p2a: Porygon-Z\n|-damage|p2a: Porygon-Z|0 fnt\n|-sidestart|p2: Bace|Spikes\n|faint|p2a: Porygon-Z\n|\n|upkeep\n|\n|t:|1781411695\n|switch|p2a: Rayquaza|Rayquaza, L72|270/270\n|-ability|p2a: Rayquaza|Air Lock\n|turn|4\n|\n|t:|1781411715\n|-terastallize|p2a: Rayquaza|Dragon\n|move|p2a: Rayquaza|Swords Dance|p2a: Rayquaza\n|-boost|p2a: Rayquaza|atk|2\n|move|p1a: Samurott|Ceaseless Edge|p2a: Rayquaza\n|-crit|p2a: Rayquaza\n|-damage|p2a: Rayquaza|15/270\n|-sidestart|p2: Bace|Spikes\n|\n|upkeep\n|turn|5\n|\n|t:|1781411730\n|switch|p1a: Magmortar|Magmortar, L88, M|275/275\n|move|p2a: Rayquaza|Scale Shot|p1a: Magmortar\n|-damage|p1a: Magmortar|191/275\n|-damage|p1a: Magmortar|97/275\n|-damage|p1a: Magmortar|1/275\n|-damage|p1a: Magmortar|0 fnt\n|faint|p1a: Magmortar\n|-hitcount|p1: Magmortar|4\n|-unboost|p2a: Rayquaza|def|1\n|-boost|p2a: Rayquaza|spe|1\n|\n|upkeep\n|\n|t:|1781411748\n|switch|p1a: Noctowl|Noctowl, L95, M|344/344\n|turn|6\n|\n|t:|1781411775\n|move|p2a: Rayquaza|Dragon Ascent|p1a: Noctowl\n|-damage|p1a: Noctowl|22/344\n|-unboost|p2a: Rayquaza|def|1\n|-unboost|p2a: Rayquaza|spd|1\n|move|p1a: Noctowl|Hyper Voice|p2a: Rayquaza\n|-damage|p2a: Rayquaza|0 fnt\n|faint|p2a: Rayquaza\n|\n|upkeep\n|\n|t:|1781411780\n|switch|p2a: Weavile|Weavile, L79, M|240/240\n|turn|7\n|\n|t:|1781411787\n|move|p2a: Weavile|Swords Dance|p2a: Weavile\n|-boost|p2a: Weavile|atk|2\n|move|p1a: Noctowl|Roost|p1a: Noctowl\n|-heal|p1a: Noctowl|194/344\n|-singleturn|p1a: Noctowl|move: Roost\n|\n|upkeep\n|turn|8\n|\n|t:|1781411792\n|move|p2a: Weavile|Triple Axel|p1a: Noctowl\n|-supereffective|p1a: Noctowl\n|-damage|p1a: Noctowl|72/344\n|-supereffective|p1a: Noctowl\n|-damage|p1a: Noctowl|0 fnt\n|faint|p1a: Noctowl\n|-hitcount|p1: Noctowl|2\n|\n|upkeep\n|\n|t:|1781411795\n|switch|p1a: Flareon|Flareon, L90, M|263/263\n|-damage|p1a: Flareon|198/263|[from] Stealth Rock\n|turn|9\n|\n|t:|1781411802\n|move|p2a: Weavile|Knock Off|p1a: Flareon\n|-damage|p1a: Flareon|0 fnt\n|-enditem|p1a: Flareon|Toxic Orb|[from] move: Knock Off|[of] p2a: Weavile\n|faint|p1a: Flareon\n|\n|upkeep\n|\n|t:|1781411806\n|switch|p1a: Samurott|Samurott-Hisui, L77, F|265/265\n|-damage|p1a: Samurott|232/265|[from] Stealth Rock\n|turn|10\n|\n|t:|1781411809\n|move|p2a: Weavile|Knock Off|p1a: Samurott\n|-resisted|p1a: Samurott\n|-damage|p1a: Samurott|103/265\n|-enditem|p1a: Samurott|Choice Band|[from] move: Knock Off|[of] p2a: Weavile\n|move|p1a: Samurott|Razor Shell|p2a: Weavile\n|-crit|p2a: Weavile\n|-damage|p2a: Weavile|9/240\n|-unboost|p2a: Weavile|def|1\n|\n|upkeep\n|turn|11\n|\n|t:|1781411816\n|move|p1a: Samurott|Sucker Punch|p2a: Weavile\n|-resisted|p2a: Weavile\n|-damage|p2a: Weavile|0 fnt\n|faint|p2a: Weavile\n|\n|upkeep\n|\n|t:|1781411823\n|switch|p2a: Grafaiai|Grafaiai, L86, F|249/249\n|-damage|p2a: Grafaiai|187/249|[from] Spikes\n|turn|12\n|\n|t:|1781411828\n|switch|p1a: Chimecho|Chimecho, L93, M|290/290\n|-damage|p1a: Chimecho|254/290|[from] Stealth Rock\n|move|p2a: Grafaiai|Gunk Shot|p1a: Chimecho\n|-damage|p1a: Chimecho|125/290\n|-status|p1a: Chimecho|psn\n|\n|-heal|p1a: Chimecho|143/290 psn|[from] item: Leftovers\n|-damage|p1a: Chimecho|107/290 psn|[from] psn\n|upkeep\n|turn|13\n|\n|t:|1781411834\n|move|p2a: Grafaiai|Gunk Shot|p1a: Chimecho\n|-damage|p1a: Chimecho|0 fnt\n|faint|p1a: Chimecho\n|\n|upkeep\n|\n|t:|1781411837\n|switch|p1a: Decidueye|Decidueye, L88, M|281/281\n|-damage|p1a: Decidueye|246/281|[from] Stealth Rock\n|turn|14\n|\n|t:|1781411841\n|move|p2a: Grafaiai|Knock Off|p1a: Decidueye\n|-supereffective|p1a: Decidueye\n|-damage|p1a: Decidueye|100/281\n|-status|p1a: Decidueye|psn|[from] ability: Poison Touch|[of] p2a: Grafaiai\n|-enditem|p1a: Decidueye|Assault Vest|[from] move: Knock Off|[of] p2a: Grafaiai\n|move|p1a: Decidueye|Knock Off|p2a: Grafaiai\n|-damage|p2a: Grafaiai|92/249\n|-enditem|p2a: Grafaiai|Assault Vest|[from] move: Knock Off|[of] p1a: Decidueye\n|\n|-damage|p1a: Decidueye|65/281 psn|[from] psn\n|upkeep\n|turn|15\n|\n|t:|1781411852\n|move|p2a: Grafaiai|Gunk Shot|p1a: Decidueye|[miss]\n|-miss|p2a: Grafaiai|p1a: Decidueye\n|move|p1a: Decidueye|Leaf Storm|p2a: Grafaiai\n|-resisted|p2a: Grafaiai\n|-damage|p2a: Grafaiai|0 fnt\n|-unboost|p1a: Decidueye|spa|2\n|faint|p2a: Grafaiai\n|\n|-damage|p1a: Decidueye|30/281 psn|[from] psn\n|upkeep\n|\n|t:|1781411856\n|switch|p2a: Emboar|Emboar, L84, F|322/322\n|-damage|p2a: Emboar|242/322|[from] Spikes\n|turn|16\n|\n|t:|1781411859\n|move|p1a: Decidueye|Spirit Shackle|p2a: Emboar\n|-damage|p2a: Emboar|122/322\n|-activate|p2a: Emboar|trapped\n|move|p2a: Emboar|Wild Charge|p1a: Decidueye\n|-resisted|p1a: Decidueye\n|-damage|p1a: Decidueye|0 fnt\n|faint|p1a: Decidueye\n|-damage|p2a: Emboar|114/322|[from] Recoil\n|\n|upkeep\n|\n|t:|1781411862\n|switch|p1a: Samurott|Samurott-Hisui, L77, F|103/265\n|-damage|p1a: Samurott|70/265|[from] Stealth Rock\n|turn|17\n|\n|t:|1781411866\n|move|p1a: Samurott|Razor Shell|p2a: Emboar\n|-supereffective|p2a: Emboar\n|-damage|p2a: Emboar|0 fnt\n|faint|p2a: Emboar\n|\n|upkeep\n|\n|t:|1781411868\n|switch|p2a: Piloswine|Piloswine, L85, M|309/309\n|-damage|p2a: Piloswine|232/309|[from] Spikes\n|turn|18\n|\n|t:|1781411872\n|move|p1a: Samurott|Razor Shell|p2a: Piloswine\n|-supereffective|p2a: Piloswine\n|-damage|p2a: Piloswine|82/309\n|-unboost|p2a: Piloswine|def|1\n|move|p2a: Piloswine|Earthquake|p1a: Samurott\n|-damage|p1a: Samurott|0 fnt\n|faint|p1a: Samurott\n|\n|win|Bace\n|raw|AquaDragneel2's rating: 1380 &rarr; <strong>1359</strong><br />(-21 for losing)\n|raw|Bace's rating: 1354 &rarr; <strong>1375</strong><br />(+21 for winning)\n|l|\u2606AquaDragneel2\n|player|p1|\n", "inputlog": ">version a8376a258c1d4662feba110a92103f3664a72141\n>start {\"formatid\":\"gen9randombattle\",\"seed\":\"sodium,047c5f7aef969b789a7ffad8f64e1bfb\",\"rated\":\"Rated battle\"}\n>player p1 {\"name\":\"AquaDragneel2\",\"avatar\":\"gladion\",\"rating\":1380,\"seed\":\"sodium,3a9cded99a8dee932a421bbde8cffd0b\"}\n>player p2 {\"name\":\"Bace\",\"avatar\":\"1\",\"rating\":1354,\"seed\":\"sodium,5d31b4957154ee3d15c375e0c522aa8b\"}\n>p1 switch 5\n>p2 move stealthrock\n>p1 move ceaselessedge\n>p2 switch 3\n>p1 move ceaselessedge\n>p2 move agility\n>p2 switch 2\n>p1 move ceaselessedge\n>p2 move swordsdance terastallize\n>p1 switch 5\n>p2 move scaleshot\n>p1 switch 6\n>p1 move hypervoice\n>p2 move dragonascent\n>p2 switch 5\n>p1 move roost\n>p2 move swordsdance\n>p1 move hurricane\n>p2 move tripleaxel\n>p1 switch 4\n>p1 move flareblitz\n>p2 move knockoff\n>p1 switch 5\n>p1 move razorshell\n>p2 move knockoff\n>p1 move suckerpunch\n>p2 move tripleaxel\n>p2 switch 6\n>p1 switch 3\n>p2 move gunkshot\n>p1 move psychicnoise\n>p2 move gunkshot\n>p1 switch 2\n>p1 move knockoff\n>p2 move knockoff\n>p1 move leafstorm\n>p2 move gunkshot\n>p2 switch 4\n>p1 move spiritshackle\n>p2 move wildcharge\n>p1 switch 3\n>p1 move razorshell\n>p2 move wildcharge\n>p2 switch 3\n>p1 move razorshell\n>p2 move earthquake", "uploadtime": 1781411881, "views": 5, "formatid": "gen9randombattle", "rating": 1359, "private": 0, "password": null}