{"id": "gen9randombattle-2631802382", "format": "[Gen 9] Random Battle", "players": ["duuhhao", "JustHaxRelax"], "log": "|j|\u2606duuhhao\n|j|\u2606JustHaxRelax\n|t:|1781441830\n|gametype|singles\n|player|p1|duuhhao|clair|2235\n|player|p2|JustHaxRelax|1|2270\n|gen|9\n|tier|[Gen 9] Random Battle\n|rated|\n|rule|Species Clause: Limit one of each Pok\u00e9mon\n|rule|HP Percentage Mod: HP is shown in percentages\n|rule|Sleep Clause Mod: Limit one foe put to sleep\n|rule|Illusion Level Mod: Illusion disguises the Pok\u00e9mon's true level\n|\n|t:|1781441830\n|teamsize|p1|6\n|teamsize|p2|6\n|start\n|switch|p1a: Thundurus|Thundurus, L80, M|258/258\n|switch|p2a: Greedent|Greedent, L86, M|347/347\n|turn|1\n|\n|t:|1781441855\n|move|p1a: Thundurus|Knock Off|p2a: Greedent\n|-damage|p2a: Greedent|277/347\n|-enditem|p2a: Greedent|Sitrus Berry|[from] move: Knock Off|[of] p1a: Thundurus\n|move|p2a: Greedent|Double-Edge|p1a: Thundurus\n|-damage|p1a: Thundurus|108/258\n|-damage|p2a: Greedent|227/347|[from] Recoil\n|\n|upkeep\n|turn|2\n|\n|t:|1781441868\n|switch|p1a: Poliwrath|Poliwrath, L88, M|302/302\n|move|p2a: Greedent|Double-Edge|p1a: Poliwrath\n|-damage|p1a: Poliwrath|173/302\n|-damage|p2a: Greedent|184/347|[from] Recoil\n|\n|-heal|p1a: Poliwrath|191/302|[from] item: Leftovers\n|upkeep\n|turn|3\n|\n|t:|1781441877\n|switch|p2a: Banette|Banette, L93, F|270/270\n|move|p1a: Poliwrath|Drain Punch|p2a: Banette\n|-immune|p2a: Banette\n|\n|-heal|p1a: Poliwrath|209/302|[from] item: Leftovers\n|upkeep\n|turn|4\n|\n|t:|1781441884\n|switch|p1a: Thundurus|Thundurus, L80, M|108/258\n|move|p2a: Banette|Poltergeist||[still]\n|-fail|p2a: Banette\n|\n|upkeep\n|turn|5\n|\n|t:|1781441889\n|move|p1a: Thundurus|Knock Off|p2a: Banette\n|-supereffective|p2a: Banette\n|-damage|p2a: Banette|108/270\n|-enditem|p2a: Banette|Life Orb|[from] move: Knock Off|[of] p1a: Thundurus\n|move|p2a: Banette|Gunk Shot|p1a: Thundurus\n|-damage|p1a: Thundurus|0 fnt\n|faint|p1a: Thundurus\n|\n|upkeep\n|\n|t:|1781441896\n|switch|p1a: Dodrio|Dodrio, L85, M|241/241\n|turn|6\n|\n|t:|1781441911\n|move|p1a: Dodrio|Brave Bird|p2a: Banette\n|-damage|p2a: Banette|0 fnt\n|faint|p2a: Banette\n|-damage|p1a: Dodrio|205/241|[from] Recoil\n|\n|upkeep\n|\n|t:|1781441961\n|switch|p2a: Cyclizar|Cyclizar, L83, F|252/252\n|turn|7\n|\n|t:|1781441972\n|move|p2a: Cyclizar|Shed Tail|p2a: Cyclizar\n|-start|p2a: Cyclizar|Substitute|[from] move: Shed Tail\n|-damage|p2a: Cyclizar|126/252\n|\n|t:|1781441977\n|switch|p2a: Bisharp|Bisharp, L79, M|232/232|[from] Shed Tail\n|move|p1a: Dodrio|Brave Bird|p2a: Bisharp\n|-resisted|p2a: Bisharp\n|-activate|p2a: Bisharp|move: Substitute|[damage]\n|-damage|p1a: Dodrio|190/241|[from] Recoil|[of] p2a: Bisharp\n|\n|upkeep\n|turn|8\n|\n|t:|1781442014\n|switch|p1a: Poliwrath|Poliwrath, L88, M|209/302\n|switch|p2a: Quaquaval|Quaquaval, L79, F|264/264\n|\n|-heal|p1a: Poliwrath|227/302|[from] item: Leftovers\n|upkeep\n|turn|9\n|\n|t:|1781442022\n|move|p2a: Quaquaval|Swords Dance|p2a: Quaquaval\n|-boost|p2a: Quaquaval|atk|2\n|move|p1a: Poliwrath|Drain Punch|p2a: Quaquaval\n|-damage|p2a: Quaquaval|161/264\n|-heal|p1a: Poliwrath|279/302|[from] drain|[of] p2a: Quaquaval\n|\n|-heal|p2a: Quaquaval|177/264|[from] item: Leftovers\n|-heal|p1a: Poliwrath|297/302|[from] item: Leftovers\n|upkeep\n|turn|10\n|\n|t:|1781442032\n|switch|p1a: Arceus|Arceus-Poison, L70|284/284\n|move|p2a: Quaquaval|Swords Dance|p2a: Quaquaval\n|-boost|p2a: Quaquaval|atk|2\n|\n|-heal|p2a: Quaquaval|193/264|[from] item: Leftovers\n|upkeep\n|turn|11\n|\n|t:|1781442038\n|move|p1a: Arceus|Gunk Shot|p2a: Quaquaval\n|-damage|p2a: Quaquaval|54/264\n|move|p2a: Quaquaval|Aqua Step|p1a: Arceus\n|-damage|p1a: Arceus|47/284\n|-boost|p2a: Quaquaval|spe|1\n|\n|-heal|p2a: Quaquaval|70/264|[from] item: Leftovers\n|upkeep\n|turn|12\n|\n|t:|1781442048\n|move|p2a: Quaquaval|Aqua Step|p1a: Arceus\n|-damage|p1a: Arceus|0 fnt\n|-boost|p2a: Quaquaval|spe|1\n|faint|p1a: Arceus\n|-ability|p2a: Quaquaval|Moxie|boost\n|-boost|p2a: Quaquaval|atk|1\n|\n|-heal|p2a: Quaquaval|86/264|[from] item: Leftovers\n|upkeep\n|\n|t:|1781442054\n|switch|p1a: Poliwrath|Poliwrath, L88, M|297/302\n|turn|13\n|\n|t:|1781442060\n|move|p2a: Quaquaval|Close Combat|p1a: Poliwrath\n|-damage|p1a: Poliwrath|0 fnt\n|-unboost|p2a: Quaquaval|def|1\n|-unboost|p2a: Quaquaval|spd|1\n|faint|p1a: Poliwrath\n|-ability|p2a: Quaquaval|Moxie|boost\n|-boost|p2a: Quaquaval|atk|1\n|\n|-heal|p2a: Quaquaval|102/264|[from] item: Leftovers\n|upkeep\n|-message|duuhhao forfeited.\n|\n|win|JustHaxRelax\n", "uploadtime": 1781441832, "views": 5, "formatid": "gen9randombattle", "rating": null, "private": 0, "password": null}