{"id": "gen9randombattle-2631841077", "format": "[Gen 9] Random Battle", "players": ["duuhhao", "Ivar57"], "log": "|j|\u2606duuhhao\n|j|\u2606Ivar57\n|t:|1781446882\n|gametype|singles\n|player|p1|duuhhao|clair|2292\n|player|p2|Ivar57|#omclihearttakers|2306\n|gen|9\n|tier|[Gen 9] Random Battle\n|rated|\n|rule|Species Clause: Limit one of each Pok\u00e9mon\n|rule|HP Percentage Mod: HP is shown in percentages\n|rule|Sleep Clause Mod: Limit one foe put to sleep\n|rule|Illusion Level Mod: Illusion disguises the Pok\u00e9mon's true level\n|\n|t:|1781446882\n|teamsize|p1|6\n|teamsize|p2|6\n|start\n|switch|p1a: Sceptile|Sceptile, L87, M|264/264\n|switch|p2a: Mesprit|Mesprit, L85|275/275\n|turn|1\n|inactive|Battle timer is ON: inactive players will automatically lose when time's up. (requested by duuhhao)\n|\n|t:|1781446937\n|switch|p1a: Komala|Komala, L88, F|258/258\n|-ability|p1a: Komala|Comatose\n|move|p2a: Mesprit|U-turn|p1a: Komala\n|-damage|p1a: Komala|196/258\n|\n|t:|1781446963\n|switch|p2a: Gumshoos|Gumshoos, L95, M|321/321|[from] U-turn\n|\n|upkeep\n|turn|2\n|\n|t:|1781446971\n|switch|p1a: Mimikyu|Mimikyu, L79, F|216/216\n|move|p2a: Gumshoos|Double-Edge|p1a: Mimikyu\n|-immune|p1a: Mimikyu\n|\n|upkeep\n|turn|3\n|\n|t:|1781446979\n|switch|p2a: Coalossal|Coalossal, L89, M|341/341\n|move|p1a: Mimikyu|Swords Dance|p1a: Mimikyu\n|-boost|p1a: Mimikyu|atk|2\n|\n|upkeep\n|turn|4\n|\n|t:|1781446986\n|switch|p1a: Komala|Komala, L88, F|196/258\n|-ability|p1a: Komala|Comatose\n|move|p2a: Coalossal|Spikes|p1a: Komala\n|-sidestart|p1: duuhhao|Spikes\n|\n|upkeep\n|turn|5\n|\n|t:|1781446992\n|move|p1a: Komala|Rapid Spin|p2a: Coalossal\n|-resisted|p2a: Coalossal\n|-damage|p2a: Coalossal|314/341\n|-boost|p1a: Komala|spe|1\n|-sideend|p1: duuhhao|Spikes|[from] move: Rapid Spin|[of] p1a: Komala\n|move|p2a: Coalossal|Stone Edge|p1a: Komala\n|-damage|p1a: Komala|73/258\n|\n|upkeep\n|turn|6\n|\n|t:|1781447003\n|switch|p2a: Quagsire|Quagsire, L84, F|297/297\n|move|p1a: Komala|Earthquake|p2a: Quagsire\n|-damage|p2a: Quagsire|210/297\n|\n|-heal|p2a: Quagsire|228/297|[from] item: Leftovers\n|upkeep\n|turn|7\n|\n|t:|1781447017\n|move|p1a: Komala|Knock Off|p2a: Quagsire\n|-damage|p2a: Quagsire|135/297\n|-enditem|p2a: Quagsire|Leftovers|[from] move: Knock Off|[of] p1a: Komala\n|move|p2a: Quagsire|Spikes|p1a: Komala\n|-sidestart|p1: duuhhao|Spikes\n|\n|upkeep\n|turn|8\n|\n|t:|1781447025\n|move|p1a: Komala|Body Slam|p2a: Quagsire\n|-damage|p2a: Quagsire|20/297\n|move|p2a: Quagsire|Recover|p2a: Quagsire\n|-heal|p2a: Quagsire|169/297\n|\n|upkeep\n|turn|9\n|\n|t:|1781447033\n|move|p1a: Komala|Rapid Spin|p2a: Quagsire\n|-damage|p2a: Quagsire|96/297\n|-boost|p1a: Komala|spe|1\n|-sideend|p1: duuhhao|Spikes|[from] move: Rapid Spin|[of] p1a: Komala\n|move|p2a: Quagsire|Recover|p2a: Quagsire\n|-heal|p2a: Quagsire|245/297\n|\n|upkeep\n|turn|10\n|\n|t:|1781447038\n|move|p1a: Komala|Body Slam|p2a: Quagsire\n|-damage|p2a: Quagsire|127/297\n|move|p2a: Quagsire|Earthquake|p1a: Komala\n|-damage|p1a: Komala|0 fnt\n|faint|p1a: Komala\n|\n|upkeep\n|\n|t:|1781447043\n|switch|p1a: Sceptile|Sceptile, L87, M|264/264\n|turn|11\n|\n|t:|1781447053\n|switch|p2a: Mesprit|Mesprit, L85|275/275\n|move|p1a: Sceptile|Swords Dance|p1a: Sceptile\n|-boost|p1a: Sceptile|atk|2\n|\n|upkeep\n|turn|12\n|\n|t:|1781447059\n|move|p1a: Sceptile|Leaf Blade|p2a: Mesprit\n|-damage|p2a: Mesprit|84/275\n|-damage|p1a: Sceptile|238/264|[from] item: Life Orb\n|move|p2a: Mesprit|Psychic|p1a: Sceptile\n|-damage|p1a: Sceptile|78/264\n|\n|upkeep\n|turn|13\n|\n|t:|1781447071\n|move|p1a: Sceptile|Rock Slide|p2a: Mesprit\n|-damage|p2a: Mesprit|0 fnt\n|faint|p2a: Mesprit\n|-damage|p1a: Sceptile|52/264|[from] item: Life Orb\n|\n|upkeep\n|\n|t:|1781447087\n|switch|p2a: Lilligant|Lilligant, L86, F|261/261\n|turn|14\n|\n|t:|1781447096\n|move|p1a: Sceptile|Leaf Blade|p2a: Lilligant\n|-resisted|p2a: Lilligant\n|-damage|p2a: Lilligant|54/261\n|-damage|p1a: Sceptile|26/264|[from] item: Life Orb\n|move|p2a: Lilligant|Quiver Dance|p2a: Lilligant\n|-boost|p2a: Lilligant|spa|1\n|-boost|p2a: Lilligant|spd|1\n|-boost|p2a: Lilligant|spe|1\n|\n|upkeep\n|turn|15\n|\n|t:|1781447102\n|move|p2a: Lilligant|Giga Drain|p1a: Sceptile\n|-resisted|p1a: Sceptile\n|-damage|p1a: Sceptile|0 fnt\n|-heal|p2a: Lilligant|67/261|[from] drain|[of] p1a: Sceptile\n|faint|p1a: Sceptile\n|-damage|p2a: Lilligant|41/261|[from] item: Life Orb\n|\n|upkeep\n|\n|t:|1781447104\n|switch|p1a: Mimikyu|Mimikyu, L79, F|216/216\n|turn|16\n|\n|t:|1781447108\n|switch|p2a: Coalossal|Coalossal, L89, M|314/341\n|move|p1a: Mimikyu|Shadow Sneak|p2a: Coalossal\n|-damage|p2a: Coalossal|282/341\n|-damage|p1a: Mimikyu|195/216|[from] item: Life Orb\n|\n|upkeep\n|turn|17\n|\n|t:|1781447114\n|move|p1a: Mimikyu|Swords Dance|p1a: Mimikyu\n|-boost|p1a: Mimikyu|atk|2\n|move|p2a: Coalossal|Spikes|p1a: Mimikyu\n|-sidestart|p1: duuhhao|Spikes\n|\n|upkeep\n|turn|18\n|\n|t:|1781447121\n|move|p1a: Mimikyu|Drain Punch|p2a: Coalossal\n|-supereffective|p2a: Coalossal\n|-damage|p2a: Coalossal|123/341\n|-heal|p1a: Mimikyu|216/216|[from] drain|[of] p2a: Coalossal\n|-damage|p1a: Mimikyu|195/216|[from] item: Life Orb\n|move|p2a: Coalossal|Overheat|p1a: Mimikyu\n|-activate|p1a: Mimikyu|ability: Disguise\n|-damage|p1a: Mimikyu|195/216\n|-unboost|p2a: Coalossal|spa|2\n|detailschange|p1a: Mimikyu|Mimikyu-Busted, L79, F\n|-damage|p1a: Mimikyu|168/216|[from] pokemon: Mimikyu-Busted\n|\n|upkeep\n|turn|19\n|\n|t:|1781447134\n|move|p1a: Mimikyu|Drain Punch|p2a: Coalossal\n|-supereffective|p2a: Coalossal\n|-damage|p2a: Coalossal|0 fnt\n|-heal|p1a: Mimikyu|216/216|[from] drain|[of] p2a: Coalossal\n|-status|p1a: Mimikyu|brn|[from] ability: Flame Body|[of] p2a: Coalossal\n|faint|p2a: Coalossal\n|-damage|p1a: Mimikyu|195/216 brn|[from] item: Life Orb\n|\n|-damage|p1a: Mimikyu|182/216 brn|[from] brn\n|upkeep\n|\n|t:|1781447138\n|switch|p2a: Quagsire|Quagsire, L84, F|127/297\n|turn|20\n|\n|t:|1781447142\n|switch|p1a: Vivillon|Vivillon-Garden, L83, F|268/268\n|move|p2a: Quagsire|Recover|p2a: Quagsire\n|-heal|p2a: Quagsire|276/297\n|\n|upkeep\n|turn|21\n|\n|t:|1781447156\n|switch|p2a: Gumshoos|Gumshoos, L95, M|321/321\n|move|p1a: Vivillon|Hurricane|p2a: Gumshoos\n|-damage|p2a: Gumshoos|195/321\n|-start|p2a: Gumshoos|confusion\n|\n|upkeep\n|turn|22\n|\n|t:|1781447164\n|move|p1a: Vivillon|Sleep Powder|p2a: Gumshoos\n|-status|p2a: Gumshoos|slp|[from] move: Sleep Powder\n|cant|p2a: Gumshoos|slp\n|\n|upkeep\n|turn|23\n|\n|t:|1781447171\n|switch|p2a: Quagsire|Quagsire, L84, F|276/297\n|move|p1a: Vivillon|Hurricane|p2a: Quagsire\n|-damage|p2a: Quagsire|152/297\n|\n|upkeep\n|turn|24\n|\n|t:|1781447178\n|move|p1a: Vivillon|Hurricane|p2a: Quagsire\n|-damage|p2a: Quagsire|8/297\n|move|p2a: Quagsire|Recover|p2a: Quagsire\n|-heal|p2a: Quagsire|157/297\n|\n|upkeep\n|turn|25\n|\n|t:|1781447185\n|move|p1a: Vivillon|Hurricane|p2a: Quagsire\n|-damage|p2a: Quagsire|33/297\n|-start|p2a: Quagsire|confusion\n|-activate|p2a: Quagsire|confusion\n|move|p2a: Quagsire|Recover|p2a: Quagsire\n|-heal|p2a: Quagsire|182/297\n|\n|upkeep\n|turn|26\n|\n|t:|1781447191\n|move|p1a: Vivillon|Hurricane|p2a: Quagsire\n|-damage|p2a: Quagsire|44/297\n|-activate|p2a: Quagsire|confusion\n|-damage|p2a: Quagsire|16/297|[from] confusion\n|\n|upkeep\n|turn|27\n|\n|t:|1781447195\n|move|p1a: Vivillon|Hurricane|p2a: Quagsire\n|-damage|p2a: Quagsire|0 fnt\n|faint|p2a: Quagsire\n|\n|upkeep\n|\n|t:|1781447199\n|switch|p2a: Misdreavus|Misdreavus, L90, F|254/254\n|turn|28\n|\n|t:|1781447205\n|switch|p1a: Blaziken|Blaziken, L76, M|247/247\n|-damage|p1a: Blaziken|217/247|[from] Spikes\n|move|p2a: Misdreavus|Calm Mind|p2a: Misdreavus\n|-boost|p2a: Misdreavus|spa|1\n|-boost|p2a: Misdreavus|spd|1\n|\n|upkeep\n|turn|29\n|\n|t:|1781447218\n|move|p2a: Misdreavus|Shadow Ball|p1a: Blaziken\n|-damage|p1a: Blaziken|48/247\n|-unboost|p1a: Blaziken|spd|1\n|move|p1a: Blaziken|Swords Dance|p1a: Blaziken\n|-boost|p1a: Blaziken|atk|2\n|\n|-ability|p1a: Blaziken|Speed Boost|boost\n|-boost|p1a: Blaziken|spe|1\n|upkeep\n|turn|30\n|\n|t:|1781447229\n|switch|p2a: Lilligant|Lilligant, L86, F|41/261\n|move|p1a: Blaziken|Close Combat|p2a: Lilligant\n|-damage|p2a: Lilligant|0 fnt\n|-unboost|p1a: Blaziken|def|1\n|-unboost|p1a: Blaziken|spd|1\n|faint|p2a: Lilligant\n|-damage|p1a: Blaziken|24/247|[from] item: Life Orb\n|\n|-ability|p1a: Blaziken|Speed Boost|boost\n|-boost|p1a: Blaziken|spe|1\n|upkeep\n|\n|t:|1781447236\n|switch|p2a: Gumshoos|Gumshoos, L95, M|195/321 slp\n|turn|31\n|\n|t:|1781447241\n|move|p1a: Blaziken|Flare Blitz|p2a: Gumshoos\n|-damage|p2a: Gumshoos|0 fnt\n|faint|p2a: Gumshoos\n|-damage|p1a: Blaziken|0 fnt|[from] Recoil\n|faint|p1a: Blaziken\n|\n|upkeep\n|j| randbatman\n|\n|t:|1781447247\n|switch|p1a: Vivillon|Vivillon-Garden, L83, F|268/268\n|switch|p2a: Misdreavus|Misdreavus, L90, F|254/254\n|turn|32\n|\n|t:|1781447254\n|move|p2a: Misdreavus|Calm Mind|p2a: Misdreavus\n|-boost|p2a: Misdreavus|spa|1\n|-boost|p2a: Misdreavus|spd|1\n|move|p1a: Vivillon|Quiver Dance|p1a: Vivillon\n|-boost|p1a: Vivillon|spa|1\n|-boost|p1a: Vivillon|spd|1\n|-boost|p1a: Vivillon|spe|1\n|\n|upkeep\n|turn|33\n|\n|t:|1781447258\n|move|p1a: Vivillon|Sleep Powder|p2a: Misdreavus\n|-status|p2a: Misdreavus|slp|[from] move: Sleep Powder\n|cant|p2a: Misdreavus|slp\n|\n|upkeep\n|turn|34\n|\n|t:|1781447262\n|move|p1a: Vivillon|Quiver Dance|p1a: Vivillon\n|-boost|p1a: Vivillon|spa|1\n|-boost|p1a: Vivillon|spd|1\n|-boost|p1a: Vivillon|spe|1\n|-curestatus|p2a: Misdreavus|slp|[msg]\n|move|p2a: Misdreavus|Calm Mind|p2a: Misdreavus\n|-boost|p2a: Misdreavus|spa|1\n|-boost|p2a: Misdreavus|spd|1\n|\n|upkeep\n|turn|35\n|\n|t:|1781447271\n|move|p1a: Vivillon|Sleep Powder|p2a: Misdreavus\n|-status|p2a: Misdreavus|slp|[from] move: Sleep Powder\n|cant|p2a: Misdreavus|slp\n|\n|upkeep\n|turn|36\n|\n|t:|1781447274\n|move|p1a: Vivillon|Quiver Dance|p1a: Vivillon\n|-boost|p1a: Vivillon|spa|1\n|-boost|p1a: Vivillon|spd|1\n|-boost|p1a: Vivillon|spe|1\n|cant|p2a: Misdreavus|slp\n|\n|upkeep\n|turn|37\n|\n|t:|1781447276\n|move|p1a: Vivillon|Quiver Dance|p1a: Vivillon\n|-boost|p1a: Vivillon|spa|1\n|-boost|p1a: Vivillon|spd|1\n|-boost|p1a: Vivillon|spe|1\n|-curestatus|p2a: Misdreavus|slp|[msg]\n|move|p2a: Misdreavus|Calm Mind|p2a: Misdreavus\n|-boost|p2a: Misdreavus|spa|1\n|-boost|p2a: Misdreavus|spd|1\n|\n|upkeep\n|turn|38\n|\n|t:|1781447289\n|move|p1a: Vivillon|Sleep Powder|p2a: Misdreavus\n|-status|p2a: Misdreavus|slp|[from] move: Sleep Powder\n|cant|p2a: Misdreavus|slp\n|\n|upkeep\n|turn|39\n|\n|t:|1781447293\n|move|p1a: Vivillon|Quiver Dance|p1a: Vivillon\n|-boost|p1a: Vivillon|spa|1\n|-boost|p1a: Vivillon|spd|1\n|-boost|p1a: Vivillon|spe|1\n|cant|p2a: Misdreavus|slp\n|\n|upkeep\n|turn|40\n|\n|t:|1781447296\n|move|p1a: Vivillon|Quiver Dance|p1a: Vivillon\n|-boost|p1a: Vivillon|spa|1\n|-boost|p1a: Vivillon|spd|1\n|-boost|p1a: Vivillon|spe|1\n|-curestatus|p2a: Misdreavus|slp|[msg]\n|move|p2a: Misdreavus|Calm Mind|p2a: Misdreavus\n|-boost|p2a: Misdreavus|spa|1\n|-boost|p2a: Misdreavus|spd|1\n|\n|upkeep\n|turn|41\n|\n|t:|1781447301\n|move|p1a: Vivillon|Sleep Powder|p2a: Misdreavus\n|-status|p2a: Misdreavus|slp|[from] move: Sleep Powder\n|cant|p2a: Misdreavus|slp\n|\n|upkeep\n|turn|42\n|\n|t:|1781447303\n|move|p1a: Vivillon|Hurricane|p2a: Misdreavus\n|-damage|p2a: Misdreavus|160/254 slp\n|cant|p2a: Misdreavus|slp\n|\n|upkeep\n|turn|43\n|\n|t:|1781447309\n|-terastallize|p2a: Misdreavus|Fairy\n|move|p1a: Vivillon|Hurricane|p2a: Misdreavus\n|-damage|p2a: Misdreavus|67/254 slp\n|-start|p2a: Misdreavus|confusion\n|-curestatus|p2a: Misdreavus|slp|[msg]\n|-activate|p2a: Misdreavus|confusion\n|move|p2a: Misdreavus|Draining Kiss|p1a: Vivillon\n|-damage|p1a: Vivillon|189/268\n|-heal|p2a: Misdreavus|126/254|[from] drain|[of] p1a: Vivillon\n|\n|upkeep\n|turn|44\n|\n|t:|1781447316\n|move|p1a: Vivillon|Sleep Powder|p2a: Misdreavus\n|-status|p2a: Misdreavus|slp|[from] move: Sleep Powder\n|cant|p2a: Misdreavus|slp\n|\n|upkeep\n|turn|45\n|\n|t:|1781447319\n|move|p1a: Vivillon|Hurricane|p2a: Misdreavus\n|-damage|p2a: Misdreavus|29/254 slp\n|-curestatus|p2a: Misdreavus|slp|[msg]\n|-end|p2a: Misdreavus|confusion\n|move|p2a: Misdreavus|Draining Kiss|p1a: Vivillon\n|-damage|p1a: Vivillon|117/268\n|-heal|p2a: Misdreavus|83/254|[from] drain|[of] p1a: Vivillon\n|\n|upkeep\n|turn|46\n|\n|t:|1781447324\n|move|p1a: Vivillon|Sleep Powder|p2a: Misdreavus\n|-status|p2a: Misdreavus|slp|[from] move: Sleep Powder\n|cant|p2a: Misdreavus|slp\n|\n|upkeep\n|turn|47\n|\n|t:|1781447327\n|move|p1a: Vivillon|Hurricane|p2a: Misdreavus\n|-damage|p2a: Misdreavus|0 fnt\n|faint|p2a: Misdreavus\n|\n|win|duuhhao\n", "inputlog": ">version a8376a258c1d4662feba110a92103f3664a72141\n>start {\"formatid\":\"gen9randombattle\",\"seed\":\"sodium,9f9aa865663784126718327aaabab971\",\"rated\":\"Rated battle\"}\n>player p1 {\"name\":\"duuhhao\",\"avatar\":\"clair\",\"rating\":2292,\"seed\":\"sodium,e3bf6aa78b5924d749e87519549c109a\"}\n>player p2 {\"name\":\"Ivar57\",\"avatar\":\"#omclihearttakers\",\"rating\":2306,\"seed\":\"sodium,c567ea9a9c197c20f2077e0e5e40ba6d\"}\n>p1 switch 5\n>p2 move uturn\n>p2 switch 2\n>p1 switch 6\n>p2 move doubleedge\n>p1 move swordsdance\n>p2 switch 3\n>p1 switch 6\n>p2 move spikes\n>p1 move rapidspin\n>p2 move stoneedge\n>p1 move earthquake\n>p2 switch 4\n>p1 move knockoff\n>p2 move spikes\n>p1 move bodyslam\n>p2 move recover\n>p1 move rapidspin\n>p2 move recover\n>p1 move bodyslam\n>p2 move earthquake\n>p1 switch 5\n>p1 move swordsdance\n>p2 switch 2\n>p1 move leafblade\n>p2 move psychic\n>p1 move rockslide\n>p2 move psychic\n>p2 switch 6\n>p1 move leafblade\n>p2 move quiverdance\n>p1 move leafblade\n>p2 move gigadrain\n>p1 switch 6\n>p1 move shadowsneak\n>p2 switch 4\n>p1 move swordsdance\n>p2 move spikes\n>p1 move drainpunch\n>p2 move overheat\n>p1 move drainpunch\n>p2 move stoneedge\n>p2 switch 2\n>p1 switch 2\n>p2 move recover\n>p1 move hurricane\n>p2 switch 3\n>p1 move sleeppowder\n>p2 move doubleedge\n>p1 move hurricane\n>p2 switch 3\n>p1 move hurricane\n>p2 move recover\n>p1 move hurricane\n>p2 move recover\n>p1 move hurricane\n>p2 move toxic\n>p1 move hurricane\n>p2 move toxic\n>p2 switch 5\n>p1 switch 4\n>p2 move calmmind\n>p1 move swordsdance\n>p2 move shadowball\n>p1 move closecombat\n>p2 switch 4\n>p2 switch 3\n>p1 move flareblitz\n>p2 move uturn\n>p1 switch 4\n>p2 switch 4\n>p1 move quiverdance\n>p2 move calmmind\n>p1 move sleeppowder\n>p2 move calmmind\n>p1 move quiverdance\n>p2 move calmmind\n>p1 move sleeppowder\n>p2 move calmmind\n>p1 move quiverdance\n>p2 move calmmind\n>p1 move quiverdance\n>p2 move calmmind\n>p1 move sleeppowder\n>p2 move calmmind\n>p1 move quiverdance\n>p2 move calmmind\n>p1 move quiverdance\n>p2 move calmmind\n>p1 move sleeppowder\n>p2 move calmmind\n>p1 move hurricane\n>p2 move calmmind\n>p1 move hurricane\n>p2 move drainingkiss terastallize\n>p1 move sleeppowder\n>p2 move drainingkiss\n>p1 move hurricane\n>p2 move drainingkiss\n>p1 move sleeppowder\n>p2 move drainingkiss\n>p1 move hurricane\n>p2 move drainingkiss", "uploadtime": 1781446884, "views": 8, "formatid": "gen9randombattle", "rating": null, "private": 0, "password": null}