{"id": "gen9randombattle-2631736319", "format": "[Gen 9] Random Battle", "players": ["Jadasteel", "Chicken347"], "log": "|j|\u2606Jadasteel\n|j|\u2606Chicken347\n|t:|1781431134\n|gametype|singles\n|player|p1|Jadasteel|fantina|2062\n|player|p2|Chicken347|101|1989\n|gen|9\n|tier|[Gen 9] Random Battle\n|rated|\n|rule|Species Clause: Limit one of each Pok\u00e9mon\n|rule|HP Percentage Mod: HP is shown in percentages\n|rule|Sleep Clause Mod: Limit one foe put to sleep\n|rule|Illusion Level Mod: Illusion disguises the Pok\u00e9mon's true level\n|\n|t:|1781431134\n|teamsize|p1|6\n|teamsize|p2|6\n|start\n|switch|p1a: Gliscor|Gliscor, L76, M|239/239\n|switch|p2a: Torkoal|Torkoal, L88, M|266/266\n|-weather|SunnyDay|[from] ability: Drought|[of] p2a: Torkoal\n|turn|1\n|inactive|Battle timer is ON: inactive players will automatically lose when time's up. (requested by Jadasteel)\n|\n|t:|1781431158\n|switch|p2a: Uxie|Uxie, L83|260/260\n|move|p1a: Gliscor|Protect||[still]\n|-fail|p1a: Gliscor\n|\n|-weather|SunnyDay|[upkeep]\n|-status|p1a: Gliscor|tox|[from] item: Toxic Orb\n|upkeep\n|turn|2\n|\n|t:|1781431170\n|switch|p1a: Forretress|Forretress, L84, F|263/263\n|move|p2a: Uxie|Encore||[still]\n|-fail|p2a: Uxie\n|\n|-weather|SunnyDay|[upkeep]\n|upkeep\n|turn|3\n|\n|t:|1781431178\n|switch|p2a: Torkoal|Torkoal, L88, M|266/266\n|move|p1a: Forretress|Thunder Wave|p2a: Torkoal\n|-status|p2a: Torkoal|par\n|\n|-weather|SunnyDay|[upkeep]\n|upkeep\n|turn|4\n|\n|t:|1781431190\n|switch|p1a: Kyogre|Kyogre, L71|259/259\n|-weather|RainDance|[from] ability: Drizzle|[of] p1a: Kyogre\n|move|p2a: Torkoal|Lava Plume|p1a: Kyogre\n|-resisted|p1a: Kyogre\n|-damage|p1a: Kyogre|241/259\n|\n|-weather|RainDance|[upkeep]\n|-heal|p1a: Kyogre|257/259|[from] item: Leftovers\n|upkeep\n|turn|5\n|\n|t:|1781431204\n|switch|p2a: Tsareena|Tsareena, L87, F|267/267\n|move|p1a: Kyogre|Thunder|p2a: Tsareena\n|-resisted|p2a: Tsareena\n|-damage|p2a: Tsareena|230/267\n|\n|-weather|RainDance|[upkeep]\n|-heal|p1a: Kyogre|259/259|[from] item: Leftovers\n|upkeep\n|turn|6\n|\n|t:|1781431215\n|switch|p1a: Goodra|Goodra, L85, M|292/292\n|move|p2a: Tsareena|Knock Off|p1a: Goodra\n|-damage|p1a: Goodra|169/292\n|-enditem|p1a: Goodra|Assault Vest|[from] move: Knock Off|[of] p2a: Tsareena\n|-damage|p2a: Tsareena|204/267|[from] item: Life Orb\n|\n|-weather|RainDance|[upkeep]\n|upkeep\n|turn|7\n|\n|t:|1781431228\n|move|p1a: Goodra|Draco Meteor|p2a: Tsareena\n|-damage|p2a: Tsareena|60/267\n|-unboost|p1a: Goodra|spa|2\n|move|p2a: Tsareena|High Jump Kick|p1a: Goodra|[miss]\n|-miss|p2a: Tsareena|p1a: Goodra\n|-damage|p2a: Tsareena|0 fnt|[from] highjumpkick\n|faint|p2a: Tsareena\n|\n|-weather|RainDance|[upkeep]\n|upkeep\n|inactive|Chicken347 has 120 seconds left.\n|\n|t:|1781431262\n|switch|p2a: Excadrill|Excadrill, L79, M|303/303\n|-ability|p2a: Excadrill|Mold Breaker\n|turn|8\n|\n|t:|1781431271\n|switch|p1a: Gliscor|Gliscor, L76, M|239/239 tox\n|move|p2a: Excadrill|Swords Dance|p2a: Excadrill\n|-boost|p2a: Excadrill|atk|2\n|\n|-weather|none\n|upkeep\n|turn|9\n|\n|t:|1781431286\n|move|p1a: Gliscor|Earthquake|p2a: Excadrill\n|-supereffective|p2a: Excadrill\n|-damage|p2a: Excadrill|67/303\n|move|p2a: Excadrill|Rapid Spin|p1a: Gliscor\n|-damage|p1a: Gliscor|171/239 tox\n|-boost|p2a: Excadrill|spe|1\n|\n|-heal|p2a: Excadrill|85/303|[from] item: Leftovers\n|-heal|p1a: Gliscor|200/239 tox|[from] ability: Poison Heal\n|upkeep\n|turn|10\n|\n|t:|1781431296\n|move|p1a: Gliscor|Protect|p1a: Gliscor\n|-singleturn|p1a: Gliscor|Protect\n|move|p2a: Excadrill|Iron Head|p1a: Gliscor\n|-activate|p1a: Gliscor|move: Protect\n|\n|-heal|p2a: Excadrill|103/303|[from] item: Leftovers\n|-heal|p1a: Gliscor|229/239 tox|[from] ability: Poison Heal\n|upkeep\n|turn|11\n|\n|t:|1781431305\n|-terastallize|p1a: Gliscor|Water\n|move|p2a: Excadrill|Iron Head|p1a: Gliscor\n|-resisted|p1a: Gliscor\n|-crit|p1a: Gliscor\n|-damage|p1a: Gliscor|117/239 tox\n|move|p1a: Gliscor|Earthquake|p2a: Excadrill\n|-supereffective|p2a: Excadrill\n|-damage|p2a: Excadrill|0 fnt\n|faint|p2a: Excadrill\n|\n|-heal|p1a: Gliscor|146/239 tox|[from] ability: Poison Heal\n|upkeep\n|\n|t:|1781431309\n|switch|p2a: Jirachi|Jirachi, L80|291/291\n|turn|12\n|\n|t:|1781431322\n|move|p1a: Gliscor|Protect|p1a: Gliscor\n|-singleturn|p1a: Gliscor|Protect\n|move|p2a: Jirachi|Wish|p2a: Jirachi\n|\n|-heal|p1a: Gliscor|175/239 tox|[from] ability: Poison Heal\n|upkeep\n|turn|13\n|\n|t:|1781431327\n|move|p2a: Jirachi|Body Slam|p1a: Gliscor\n|-damage|p1a: Gliscor|125/239 tox\n|move|p1a: Gliscor|Knock Off|p2a: Jirachi\n|-supereffective|p2a: Jirachi\n|-crit|p2a: Jirachi\n|-damage|p2a: Jirachi|119/291\n|-enditem|p2a: Jirachi|Leftovers|[from] move: Knock Off|[of] p1a: Gliscor\n|\n|-heal|p2a: Jirachi|264/291|[from] move: Wish|[wisher] Jirachi\n|-heal|p1a: Gliscor|154/239 tox|[from] ability: Poison Heal\n|upkeep\n|turn|14\n|\n|t:|1781431336\n|move|p2a: Jirachi|Wish|p2a: Jirachi\n|move|p1a: Gliscor|Earthquake|p2a: Jirachi\n|-supereffective|p2a: Jirachi\n|-damage|p2a: Jirachi|100/291\n|\n|-heal|p1a: Gliscor|183/239 tox|[from] ability: Poison Heal\n|upkeep\n|turn|15\n|\n|t:|1781431341\n|move|p2a: Jirachi|Protect|p2a: Jirachi\n|-singleturn|p2a: Jirachi|Protect\n|move|p1a: Gliscor|Earthquake|p2a: Jirachi\n|-activate|p2a: Jirachi|move: Protect\n|\n|-heal|p2a: Jirachi|245/291|[from] move: Wish|[wisher] Jirachi\n|-heal|p1a: Gliscor|212/239 tox|[from] ability: Poison Heal\n|upkeep\n|turn|16\n|-message|Chicken347 forfeited.\n|\n|win|Jadasteel\n", "inputlog": ">version a8376a258c1d4662feba110a92103f3664a72141\n>start {\"formatid\":\"gen9randombattle\",\"seed\":\"sodium,6d8a03b40af487d7bd521fe18f6e047f\",\"rated\":\"Rated battle\"}\n>player p1 {\"name\":\"Jadasteel\",\"avatar\":\"fantina\",\"rating\":2062,\"seed\":\"sodium,ac6ef755efa5d4040d93a0ff3dd5f7d0\"}\n>player p2 {\"name\":\"Chicken347\",\"avatar\":\"101\",\"rating\":1989,\"seed\":\"sodium,e2395bb2ded184a88d426e71ccfdc188\"}\n>p1 move protect\n>p2 switch 2\n>p1 switch 6\n>p2 move encore\n>p1 move thunderwave\n>p2 switch 2\n>p1 switch 5\n>p2 move lavaplume\n>p1 move thunder\n>p2 switch 4\n>p1 switch 3\n>p2 move knockoff\n>p1 move dracometeor\n>p2 move highjumpkick\n>p2 switch 3\n>p1 switch 6\n>p2 move swordsdance\n>p1 move earthquake\n>p2 move rapidspin\n>p1 move protect\n>p2 move ironhead\n>p1 move earthquake terastallize\n>p2 move ironhead\n>p2 switch 5\n>p1 move protect\n>p2 move wish\n>p1 move knockoff\n>p2 move bodyslam\n>p1 move earthquake\n>p2 move wish\n>p1 move earthquake\n>p2 move protect\n>forcelose p2", "uploadtime": 1781431136, "views": 8, "formatid": "gen9randombattle", "rating": null, "private": 0, "password": null}