{"id": "gen9randombattle-2631635230", "format": "[Gen 9] Random Battle", "players": ["gr88nhood", "Cody0408"], "log": "|j|\u2606gr88nhood\n|j|\u2606Cody0408\n|t:|1781412381\n|gametype|singles\n|player|p1|gr88nhood|2|1688\n|player|p2|Cody0408|102|1655\n|gen|9\n|tier|[Gen 9] Random Battle\n|rated|\n|rule|Species Clause: Limit one of each Pok\u00e9mon\n|rule|HP Percentage Mod: HP is shown in percentages\n|rule|Sleep Clause Mod: Limit one foe put to sleep\n|rule|Illusion Level Mod: Illusion disguises the Pok\u00e9mon's true level\n|\n|t:|1781412381\n|teamsize|p1|6\n|teamsize|p2|6\n|start\n|switch|p1a: Electivire|Electivire, L84, M|263/263\n|switch|p2a: Dusknoir|Dusknoir, L89, M|225/225\n|-item|p1a: Electivire|Life Orb|[from] ability: Frisk|[of] p2a: Dusknoir\n|turn|1\n|inactive|Battle timer is ON: inactive players will automatically lose when time's up. (requested by Cody0408)\n|\n|t:|1781412389\n|move|p1a: Electivire|Bulk Up|p1a: Electivire\n|-boost|p1a: Electivire|atk|1\n|-boost|p1a: Electivire|def|1\n|move|p2a: Dusknoir|Substitute|p2a: Dusknoir\n|-start|p2a: Dusknoir|Substitute\n|-damage|p2a: Dusknoir|169/225\n|\n|-heal|p2a: Dusknoir|183/225|[from] item: Leftovers\n|upkeep\n|turn|2\n|\n|t:|1781412397\n|-singleturn|p2a: Dusknoir|move: Focus Punch\n|move|p1a: Electivire|Earthquake|p2a: Dusknoir\n|-end|p2a: Dusknoir|Substitute\n|-damage|p1a: Electivire|237/263|[from] item: Life Orb\n|move|p2a: Dusknoir|Focus Punch|p1a: Electivire\n|-damage|p1a: Electivire|144/263\n|\n|-heal|p2a: Dusknoir|197/225|[from] item: Leftovers\n|upkeep\n|turn|3\n|\n|t:|1781412408\n|move|p1a: Electivire|Supercell Slam|p2a: Dusknoir\n|-damage|p2a: Dusknoir|29/225\n|-damage|p1a: Electivire|118/263|[from] item: Life Orb\n|move|p2a: Dusknoir|Poltergeist|p1a: Electivire\n|-activate|p1a: Electivire|move: Poltergeist|Life Orb\n|-damage|p1a: Electivire|1/263\n|\n|-heal|p2a: Dusknoir|43/225|[from] item: Leftovers\n|upkeep\n|turn|4\n|\n|t:|1781412423\n|move|p1a: Electivire|Earthquake|p2a: Dusknoir\n|-damage|p2a: Dusknoir|0 fnt\n|faint|p2a: Dusknoir\n|-damage|p1a: Electivire|0 fnt|[from] item: Life Orb\n|faint|p1a: Electivire\n|\n|upkeep\n|\n|t:|1781412429\n|switch|p1a: Incineroar|Incineroar, L82, F|290/290\n|switch|p2a: Vikavolt|Vikavolt, L83, F|263/263\n|-ability|p1a: Incineroar|Intimidate|boost\n|-unboost|p2a: Vikavolt|atk|1\n|turn|5\n|\n|t:|1781412432\n|move|p1a: Incineroar|Flare Blitz|p2a: Vikavolt\n|-supereffective|p2a: Vikavolt\n|-damage|p2a: Vikavolt|0 fnt\n|faint|p2a: Vikavolt\n|-damage|p1a: Incineroar|203/290|[from] Recoil\n|\n|upkeep\n|\n|t:|1781412442\n|switch|p2a: Dunsparce|Dunsparce, L86, F|312/312\n|turn|6\n|\n|t:|1781412446\n|move|p1a: Incineroar|Knock Off|p2a: Dunsparce\n|-damage|p2a: Dunsparce|219/312\n|-enditem|p2a: Dunsparce|Eviolite|[from] move: Knock Off|[of] p1a: Incineroar\n|move|p2a: Dunsparce|Coil|p2a: Dunsparce\n|-boost|p2a: Dunsparce|atk|1\n|-boost|p2a: Dunsparce|def|1\n|-boost|p2a: Dunsparce|accuracy|1\n|\n|upkeep\n|turn|7\n|\n|t:|1781412452\n|move|p1a: Incineroar|Parting Shot|p2a: Dunsparce\n|-unboost|p2a: Dunsparce|atk|1\n|-unboost|p2a: Dunsparce|spa|1\n|\n|t:|1781412472\n|switch|p1a: Misdreavus|Misdreavus, L90, M|254/254|[from] Parting Shot\n|move|p2a: Dunsparce|Coil|p2a: Dunsparce\n|-boost|p2a: Dunsparce|atk|1\n|-boost|p2a: Dunsparce|def|1\n|-boost|p2a: Dunsparce|accuracy|1\n|\n|upkeep\n|turn|8\n|\n|t:|1781412479\n|move|p1a: Misdreavus|Will-O-Wisp|p2a: Dunsparce\n|-status|p2a: Dunsparce|brn\n|move|p2a: Dunsparce|Earthquake|p1a: Misdreavus\n|-immune|p1a: Misdreavus|[from] ability: Levitate\n|\n|-damage|p2a: Dunsparce|200/312 brn|[from] brn\n|upkeep\n|turn|9\n|-message|Cody0408 forfeited.\n|\n|win|gr88nhood\n|raw|gr88nhood's rating: 1688 &rarr; <strong>1706</strong><br />(+18 for winning)\n|raw|Cody0408's rating: 1655 &rarr; <strong>1637</strong><br />(-18 for losing)\n|l|\u2606Cody0408\n|player|p2|\n", "inputlog": ">version a8376a258c1d4662feba110a92103f3664a72141\n>start {\"formatid\":\"gen9randombattle\",\"seed\":\"sodium,ebfe9b5fa019fd9ddb130f9ca081d6af\",\"rated\":\"Rated battle\"}\n>player p1 {\"name\":\"gr88nhood\",\"avatar\":\"2\",\"rating\":1688,\"seed\":\"sodium,be930e3eadfd441a9f8472ad571dfd43\"}\n>player p2 {\"name\":\"Cody0408\",\"avatar\":\"102\",\"rating\":1655,\"seed\":\"sodium,f7085f5cde73f5aaa18f425ab96f9f31\"}\n>p1 move bulkup\n>p2 move substitute\n>p1 move earthquake\n>p2 move focuspunch\n>p1 move supercellslam\n>p2 move poltergeist\n>p1 move earthquake\n>p2 move painsplit\n>p1 switch 4\n>p2 switch 3\n>p1 move flareblitz\n>p2 move stickyweb\n>p2 switch 2\n>p1 move knockoff\n>p2 move coil\n>p1 move partingshot\n>p2 move coil\n>p1 switch 6\n>p1 move willowisp\n>p2 move earthquake\n>forcelose p2", "uploadtime": 1781412486, "views": 5, "formatid": "gen9randombattle", "rating": 1637, "private": 0, "password": null}