{"id": "gen9randombattle-2631895249", "format": "[Gen 9] Random Battle", "players": ["moritzvb", "Wigglystuff"], "log": "|j|\u2606moritzvb\n|j|\u2606Wigglystuff\n|t:|1781453039\n|gametype|singles\n|player|p1|moritzvb|roark|2024\n|player|p2|Wigglystuff|265|2057\n|gen|9\n|tier|[Gen 9] Random Battle\n|rated|\n|rule|Species Clause: Limit one of each Pok\u00e9mon\n|rule|HP Percentage Mod: HP is shown in percentages\n|rule|Sleep Clause Mod: Limit one foe put to sleep\n|rule|Illusion Level Mod: Illusion disguises the Pok\u00e9mon's true level\n|\n|t:|1781453039\n|teamsize|p1|6\n|teamsize|p2|6\n|start\n|switch|p1a: Azelf|Azelf, L82|257/257\n|switch|p2a: Mismagius|Mismagius, L86, F|243/243\n|turn|1\n|inactive|Battle timer is ON: inactive players will automatically lose when time's up. (requested by moritzvb)\n|\n|t:|1781453062\n|switch|p2a: Iron Bundle|Iron Bundle, L78|215/215\n|move|p1a: Azelf|Knock Off|p2a: Iron Bundle\n|-damage|p2a: Iron Bundle|118/215\n|-enditem|p2a: Iron Bundle|Choice Specs|[from] move: Knock Off|[of] p1a: Azelf\n|-damage|p1a: Azelf|232/257|[from] item: Life Orb\n|\n|upkeep\n|turn|2\n|\n|t:|1781453074\n|switch|p1a: Kingambit|Kingambit, L74, M|270/270\n|move|p2a: Iron Bundle|Freeze-Dry|p1a: Kingambit\n|-resisted|p1a: Kingambit\n|-damage|p1a: Kingambit|228/270\n|\n|-heal|p1a: Kingambit|244/270|[from] item: Leftovers\n|upkeep\n|turn|3\n|\n|t:|1781453080\n|move|p2a: Iron Bundle|Flip Turn|p1a: Kingambit\n|-damage|p1a: Kingambit|204/270\n|\n|t:|1781453083\n|-end|p2a: Iron Bundle|Quark Drive|[silent]\n|switch|p2a: Gurdurr|Gurdurr, L85, F|283/283|[from] Flip Turn\n|move|p1a: Kingambit|Kowtow Cleave|p2a: Gurdurr\n|-resisted|p2a: Gurdurr\n|-damage|p2a: Gurdurr|252/283\n|\n|-heal|p1a: Kingambit|220/270|[from] item: Leftovers\n|upkeep\n|turn|4\n|\n|t:|1781453092\n|-end|p1a: Kingambit|fallenundefined|[silent]\n|switch|p1a: Toucannon|Toucannon, L88, M|284/284\n|move|p2a: Gurdurr|Bulk Up|p2a: Gurdurr\n|-boost|p2a: Gurdurr|atk|1\n|-boost|p2a: Gurdurr|def|1\n|\n|upkeep\n|turn|5\n|\n|t:|1781453104\n|move|p1a: Toucannon|Boomburst|p2a: Gurdurr\n|-damage|p2a: Gurdurr|111/283\n|move|p2a: Gurdurr|Bulk Up|p2a: Gurdurr\n|-boost|p2a: Gurdurr|atk|1\n|-boost|p2a: Gurdurr|def|1\n|\n|upkeep\n|turn|6\n|\n|t:|1781453110\n|move|p2a: Gurdurr|Mach Punch|p1a: Toucannon\n|-damage|p1a: Toucannon|187/284\n|move|p1a: Toucannon|Boomburst|p2a: Gurdurr\n|-damage|p2a: Gurdurr|0 fnt\n|faint|p2a: Gurdurr\n|\n|upkeep\n|\n|t:|1781453116\n|switch|p2a: Iron Bundle|Iron Bundle, L78|118/215\n|turn|7\n|\n|t:|1781453122\n|switch|p1a: Kingambit|Kingambit, L74, M|220/270\n|move|p2a: Iron Bundle|Ice Beam|p1a: Kingambit\n|-resisted|p1a: Kingambit\n|-damage|p1a: Kingambit|164/270\n|\n|-heal|p1a: Kingambit|180/270|[from] item: Leftovers\n|upkeep\n|turn|8\n|\n|t:|1781453128\n|move|p2a: Iron Bundle|Flip Turn|p1a: Kingambit\n|-crit|p1a: Kingambit\n|-damage|p1a: Kingambit|119/270\n|\n|t:|1781453140\n|-end|p2a: Iron Bundle|Quark Drive|[silent]\n|switch|p2a: Flareon|Flareon, L90, F|263/263|[from] Flip Turn\n|move|p1a: Kingambit|Iron Head|p2a: Flareon\n|-resisted|p2a: Flareon\n|-damage|p2a: Flareon|211/263\n|\n|-heal|p1a: Kingambit|135/270|[from] item: Leftovers\n|-status|p2a: Flareon|tox|[from] item: Toxic Orb\n|upkeep\n|turn|9\n|\n|t:|1781453156\n|move|p2a: Flareon|Trailblaze|p1a: Kingambit\n|-resisted|p1a: Kingambit\n|-damage|p1a: Kingambit|102/270\n|-boost|p2a: Flareon|spe|1\n|move|p1a: Kingambit|Kowtow Cleave|p2a: Flareon\n|-damage|p2a: Flareon|93/263 tox\n|\n|-heal|p1a: Kingambit|118/270|[from] item: Leftovers\n|-damage|p2a: Flareon|77/263 tox|[from] psn\n|upkeep\n|turn|10\n|\n|t:|1781453160\n|move|p1a: Kingambit|Sucker Punch|p2a: Flareon\n|-damage|p2a: Flareon|0 fnt\n|faint|p2a: Flareon\n|\n|-heal|p1a: Kingambit|134/270|[from] item: Leftovers\n|upkeep\n|\n|t:|1781453166\n|switch|p2a: Iron Bundle|Iron Bundle, L78|118/215\n|turn|11\n|\n|t:|1781453170\n|move|p1a: Kingambit|Sucker Punch|p2a: Iron Bundle\n|-damage|p2a: Iron Bundle|48/215\n|move|p2a: Iron Bundle|Hydro Pump|p1a: Kingambit|[miss]\n|-miss|p2a: Iron Bundle|p1a: Kingambit\n|\n|-heal|p1a: Kingambit|150/270|[from] item: Leftovers\n|upkeep\n|turn|12\n|\n|t:|1781453175\n|move|p1a: Kingambit|Sucker Punch|p2a: Iron Bundle\n|-damage|p2a: Iron Bundle|0 fnt\n|faint|p2a: Iron Bundle\n|-end|p2a: Iron Bundle|Quark Drive|[silent]\n|\n|-heal|p1a: Kingambit|166/270|[from] item: Leftovers\n|upkeep\n|-message|Wigglystuff forfeited.\n|\n|win|moritzvb\n", "inputlog": ">version a8376a258c1d4662feba110a92103f3664a72141\n>start {\"formatid\":\"gen9randombattle\",\"seed\":\"sodium,10ca0cc2176ec427857c66f36bdc3750\",\"rated\":\"Rated battle\"}\n>player p1 {\"name\":\"moritzvb\",\"avatar\":\"roark\",\"rating\":2024,\"seed\":\"sodium,8e20fb2528c6aabc91f80888d8f2c8da\"}\n>player p2 {\"name\":\"Wigglystuff\",\"avatar\":\"265\",\"rating\":2057,\"seed\":\"sodium,b5c5d31a7cea2fb0aa1401bb3780b380\"}\n>p1 move knockoff\n>p2 switch 4\n>p1 switch 2\n>p2 move freezedry\n>p1 move kowtowcleave\n>p2 move flipturn\n>p2 switch 5\n>p1 switch 5\n>p2 move bulkup\n>p1 move boomburst\n>p2 move bulkup\n>p1 move boomburst\n>p2 move machpunch\n>p2 switch 5\n>p1 switch 5\n>p2 move icebeam\n>p1 move ironhead\n>p2 move flipturn\n>p2 switch 6\n>p1 move kowtowcleave\n>p2 move trailblaze\n>p1 move suckerpunch\n>p2 move flareblitz\n>p2 switch 6\n>p1 move suckerpunch\n>p2 move hydropump\n>p1 move suckerpunch\n>p2 move hydropump\n>forcelose p2", "uploadtime": 1781453041, "views": 6, "formatid": "gen9randombattle", "rating": null, "private": 0, "password": null}