{"id": "gen9randombattle-2631511906", "format": "[Gen 9] Random Battle", "players": ["UrMom'sANiceLady", "ryriss"], "log": "|j|\u2606UrMom'sANiceLady\n|j|\u203dryriss\n|t:|1781394611\n|gametype|singles\n|player|p1|UrMom'sANiceLady|dahlia|1795\n|player|p2|ryriss|wallace|1844\n|gen|9\n|tier|[Gen 9] Random Battle\n|rated|\n|rule|Species Clause: Limit one of each Pok\u00e9mon\n|rule|HP Percentage Mod: HP is shown in percentages\n|rule|Sleep Clause Mod: Limit one foe put to sleep\n|rule|Illusion Level Mod: Illusion disguises the Pok\u00e9mon's true level\n|\n|t:|1781394611\n|teamsize|p1|6\n|teamsize|p2|6\n|start\n|switch|p1a: Swanna|Swanna, L89, M|278/278\n|switch|p2a: Manaphy|Manaphy, L78|284/284\n|turn|1\n|inactive|Battle timer is ON: inactive players will automatically lose when time's up. (requested by UrMom'sANiceLady)\n|l|\u203dryriss\n|inactive|ryriss disconnected and has a minute to reconnect!\n|player|p2|\n|j|\u203dryriss\n|inactive|ryriss reconnected and has 120 seconds left.\n|player|p2|ryriss|wallace|\n|n|\u203dryriss|ryriss\n|\n|t:|1781394650\n|move|p1a: Swanna|Brave Bird|p2a: Manaphy\n|-damage|p2a: Manaphy|163/284\n|-damage|p1a: Swanna|238/278|[from] Recoil\n|move|p2a: Manaphy|Tail Glow|p2a: Manaphy\n|-boost|p2a: Manaphy|spa|3\n|\n|-heal|p2a: Manaphy|180/284|[from] item: Leftovers\n|upkeep\n|turn|2\n|\n|t:|1781394658\n|move|p1a: Swanna|Brave Bird|p2a: Manaphy\n|-damage|p2a: Manaphy|44/284\n|-damage|p1a: Swanna|193/278|[from] Recoil\n|move|p2a: Manaphy|Energy Ball|p1a: Swanna\n|-damage|p1a: Swanna|9/278\n|\n|-heal|p2a: Manaphy|61/284|[from] item: Leftovers\n|upkeep\n|turn|3\n|\n|t:|1781394664\n|move|p1a: Swanna|Brave Bird|p2a: Manaphy\n|-damage|p2a: Manaphy|0 fnt\n|faint|p2a: Manaphy\n|-damage|p1a: Swanna|0 fnt|[from] Recoil\n|faint|p1a: Swanna\n|\n|upkeep\n|\n|t:|1781394676\n|switch|p1a: Venusaur|Venusaur, L84, M|272/272\n|switch|p2a: Whiscash|Whiscash, L88, M|337/337\n|turn|4\n|l|\u203dryriss\n|inactive|ryriss disconnected and has a minute to reconnect!\n|player|p2|\n|inactive|ryriss has 30 seconds to reconnect!\n|inactive|ryriss has 20 seconds to reconnect!\n|j|\u203dryriss\n|inactive|ryriss reconnected and has 110 seconds left.\n|player|p2|ryriss|wallace|\n|n|\u203dryriss|ryriss\n|\n|t:|1781394728\n|switch|p2a: Grafaiai|Grafaiai, L86, F|249/249\n|move|p1a: Venusaur|Giga Drain|p2a: Grafaiai\n|-resisted|p2a: Grafaiai\n|-crit|p2a: Grafaiai\n|-damage|p2a: Grafaiai|201/249\n|\n|upkeep\n|turn|5\n|\n|t:|1781394736\n|switch|p1a: Masquerain|Masquerain, L87, M|264/264\n|-ability|p1a: Masquerain|Intimidate|boost\n|-unboost|p2a: Grafaiai|atk|1\n|move|p2a: Grafaiai|Gunk Shot|p1a: Masquerain\n|-damage|p1a: Masquerain|161/264\n|\n|upkeep\n|turn|6\n|\n|t:|1781394750\n|move|p2a: Grafaiai|Gunk Shot|p1a: Masquerain\n|-damage|p1a: Masquerain|55/264\n|move|p1a: Masquerain|Quiver Dance|p1a: Masquerain\n|-boost|p1a: Masquerain|spa|1\n|-boost|p1a: Masquerain|spd|1\n|-boost|p1a: Masquerain|spe|1\n|\n|upkeep\n|turn|7\n|\n|t:|1781394756\n|move|p1a: Masquerain|Hurricane|p2a: Grafaiai\n|-damage|p2a: Grafaiai|65/249\n|move|p2a: Grafaiai|Knock Off|p1a: Masquerain\n|-damage|p1a: Masquerain|0 fnt\n|-enditem|p1a: Masquerain|Heavy-Duty Boots|[from] move: Knock Off|[of] p2a: Grafaiai\n|faint|p1a: Masquerain\n|\n|upkeep\n|\n|t:|1781394772\n|switch|p1a: Meloetta|Meloetta, L82|298/298\n|turn|8\n|inactive|ryriss has 120 seconds left.\n|\n|t:|1781394779\n|move|p2a: Grafaiai|Knock Off|p1a: Meloetta\n|-supereffective|p1a: Meloetta\n|-damage|p1a: Meloetta|198/298\n|-enditem|p1a: Meloetta|Life Orb|[from] move: Knock Off|[of] p2a: Grafaiai\n|move|p1a: Meloetta|Relic Song|p2a: Grafaiai\n|-damage|p2a: Grafaiai|0 fnt\n|faint|p2a: Grafaiai\n|-formechange|p1a: Meloetta|Meloetta-Pirouette|[msg]\n|\n|upkeep\n|inactive|ryriss has 120 seconds left.\n|\n|t:|1781394799\n|switch|p2a: Hitmontop|Hitmontop, L88, M|231/231\n|turn|9\n|\n|t:|1781394806\n|move|p1a: Meloetta|Close Combat|p2a: Hitmontop\n|-damage|p2a: Hitmontop|98/231\n|-unboost|p1a: Meloetta|def|1\n|-unboost|p1a: Meloetta|spd|1\n|move|p2a: Hitmontop|Rapid Spin|p1a: Meloetta\n|-damage|p1a: Meloetta|118/298\n|-boost|p2a: Hitmontop|spe|1\n|\n|-heal|p2a: Hitmontop|112/231|[from] item: Leftovers\n|upkeep\n|turn|10\n|\n|t:|1781394810\n|move|p2a: Hitmontop|Bulk Up|p2a: Hitmontop\n|-boost|p2a: Hitmontop|atk|1\n|-boost|p2a: Hitmontop|def|1\n|move|p1a: Meloetta|Close Combat|p2a: Hitmontop\n|-damage|p2a: Hitmontop|16/231\n|-unboost|p1a: Meloetta|def|1\n|-unboost|p1a: Meloetta|spd|1\n|\n|-heal|p2a: Hitmontop|30/231|[from] item: Leftovers\n|upkeep\n|turn|11\n|\n|t:|1781394817\n|move|p2a: Hitmontop|Triple Axel|p1a: Meloetta\n|-damage|p1a: Meloetta|43/298\n|-damage|p1a: Meloetta|0 fnt\n|faint|p1a: Meloetta\n|-hitcount|p1: Meloetta|2\n|\n|-heal|p2a: Hitmontop|44/231|[from] item: Leftovers\n|upkeep\n|\n|t:|1781394828\n|switch|p1a: Golduck|Golduck, L90, M|290/290\n|-ability|p1a: Golduck|Cloud Nine\n|turn|12\n|\n|t:|1781394834\n|move|p2a: Hitmontop|Close Combat|p1a: Golduck\n|-damage|p1a: Golduck|73/290\n|-unboost|p2a: Hitmontop|def|1\n|-unboost|p2a: Hitmontop|spd|1\n|move|p1a: Golduck|Ice Beam|p2a: Hitmontop\n|-damage|p2a: Hitmontop|0 fnt\n|faint|p2a: Hitmontop\n|\n|-heal|p1a: Golduck|91/290|[from] item: Leftovers\n|upkeep\n|\n|t:|1781394839\n|switch|p2a: Serperior|Serperior, L79, M|248/248\n|turn|13\n|\n|t:|1781394842\n|switch|p1a: Venusaur|Venusaur, L84, M|272/272\n|move|p2a: Serperior|Leaf Storm|p1a: Venusaur\n|-resisted|p1a: Venusaur\n|-damage|p1a: Venusaur|248/272\n|-boost|p2a: Serperior|spa|2\n|\n|-heal|p1a: Venusaur|265/272|[from] item: Leftovers\n|upkeep\n|turn|14\n|\n|t:|1781394846\n|-terastallize|p2a: Serperior|Rock\n|move|p2a: Serperior|Substitute|p2a: Serperior\n|-start|p2a: Serperior|Substitute\n|-damage|p2a: Serperior|186/248\n|move|p1a: Venusaur|Sludge Bomb|p2a: Serperior\n|-resisted|p2a: Serperior\n|-activate|p2a: Serperior|move: Substitute|[damage]\n|\n|-heal|p2a: Serperior|201/248|[from] item: Leftovers\n|-heal|p1a: Venusaur|272/272|[from] item: Leftovers\n|upkeep\n|turn|15\n|\n|t:|1781394851\n|move|p2a: Serperior|Tera Blast|p1a: Venusaur|[anim] Tera Blast Rock\n|-damage|p1a: Venusaur|157/272\n|move|p1a: Venusaur|Giga Drain|p2a: Serperior\n|-supereffective|p2a: Serperior\n|-end|p2a: Serperior|Substitute\n|-heal|p1a: Venusaur|166/272|[from] drain|[of] p2a: Serperior\n|\n|-heal|p2a: Serperior|216/248|[from] item: Leftovers\n|-heal|p1a: Venusaur|183/272|[from] item: Leftovers\n|upkeep\n|turn|16\n|\n|t:|1781394858\n|move|p2a: Serperior|Leaf Storm|p1a: Venusaur\n|-resisted|p1a: Venusaur\n|-damage|p1a: Venusaur|139/272\n|-boost|p2a: Serperior|spa|2\n|move|p1a: Venusaur|Giga Drain|p2a: Serperior\n|-supereffective|p2a: Serperior\n|-damage|p2a: Serperior|52/248\n|-heal|p1a: Venusaur|221/272|[from] drain|[of] p2a: Serperior\n|\n|-heal|p2a: Serperior|67/248|[from] item: Leftovers\n|-heal|p1a: Venusaur|238/272|[from] item: Leftovers\n|upkeep\n|turn|17\n|\n|t:|1781394872\n|move|p2a: Serperior|Tera Blast|p1a: Venusaur|[anim] Tera Blast Rock\n|-damage|p1a: Venusaur|69/272\n|move|p1a: Venusaur|Giga Drain|p2a: Serperior\n|-supereffective|p2a: Serperior\n|-damage|p2a: Serperior|0 fnt\n|-heal|p1a: Venusaur|103/272|[from] drain|[of] p2a: Serperior\n|faint|p2a: Serperior\n|\n|-heal|p1a: Venusaur|120/272|[from] item: Leftovers\n|upkeep\n|\n|t:|1781394877\n|switch|p2a: Typhlosion|Typhlosion-Hisui, L83, M|257/257\n|turn|18\n|\n|t:|1781394883\n|switch|p1a: Houndoom|Houndoom, L87, M|272/272\n|move|p2a: Typhlosion|Eruption|p1a: Houndoom\n|-start|p1a: Houndoom|ability: Flash Fire\n|\n|upkeep\n|turn|19\n|\n|t:|1781394886\n|switch|p2a: Whiscash|Whiscash, L88, M|337/337\n|move|p1a: Houndoom|Nasty Plot|p1a: Houndoom\n|-boost|p1a: Houndoom|spa|2\n|\n|upkeep\n|turn|20\n|\n|t:|1781394892\n|-terastallize|p1a: Houndoom|Dark\n|move|p1a: Houndoom|Dark Pulse|p2a: Whiscash\n|-damage|p2a: Whiscash|33/337\n|move|p2a: Whiscash|Earthquake|p1a: Houndoom\n|-damage|p1a: Houndoom|131/272\n|\n|-heal|p2a: Whiscash|54/337|[from] item: Leftovers\n|upkeep\n|turn|21\n|\n|t:|1781394899\n|move|p1a: Houndoom|Dark Pulse|p2a: Whiscash\n|-damage|p2a: Whiscash|0 fnt\n|faint|p2a: Whiscash\n|\n|upkeep\n|-message|ryriss forfeited.\n|\n|win|UrMom'sANiceLady\n|raw|UrMom&apos;sANiceLady's rating: 1795 &rarr; <strong>1818</strong><br />(+23 for winning)\n|raw|ryriss's rating: 1844 &rarr; <strong>1821</strong><br />(-23 for losing)\n|l|\u203dryriss\n|player|p2|\n|l|\u2606UrMom'sANiceLady\n|player|p1|\n|j|\u2606UrMom'sANiceLady\n|player|p1|UrMom'sANiceLady|dahlia|\n", "inputlog": ">version a8376a258c1d4662feba110a92103f3664a72141\n>start {\"formatid\":\"gen9randombattle\",\"seed\":\"sodium,2827c092b4e921604a8e88bd664a8b11\",\"rated\":\"Rated battle\"}\n>player p1 {\"name\":\"UrMom'sANiceLady\",\"avatar\":\"dahlia\",\"rating\":1795,\"seed\":\"sodium,e405a24ea6496539d087a28bb9503c2f\"}\n>player p2 {\"name\":\"ryriss\",\"avatar\":\"wallace\",\"rating\":1844,\"seed\":\"sodium,b618eec5b8185a672970ff11722a79b1\"}\n>p1 move bravebird\n>p2 move tailglow\n>p1 move bravebird\n>p2 move energyball\n>p1 move bravebird\n>p2 move energyball\n>p1 switch 4\n>p2 switch 4\n>p1 move gigadrain\n>p2 switch 3\n>p1 switch 3\n>p2 move gunkshot\n>p1 move quiverdance\n>p2 move gunkshot\n>p1 move hurricane\n>p2 move knockoff\n>p1 switch 6\n>p1 move relicsong\n>p2 move knockoff\n>p2 switch 5\n>p1 move closecombat\n>p2 move rapidspin\n>p1 move closecombat\n>p2 move bulkup\n>p1 move relicsong\n>p2 move tripleaxel\n>p1 switch 5\n>p1 move icebeam\n>p2 move closecombat\n>p2 switch 2\n>p1 switch 3\n>p2 move leafstorm\n>p1 move sludgebomb\n>p2 move substitute terastallize\n>p1 move gigadrain\n>p2 move terablast\n>p1 move gigadrain\n>p2 move leafstorm\n>p1 move gigadrain\n>p2 move terablast\n>p2 switch 6\n>p1 switch 2\n>p2 move eruption\n>p1 move nastyplot\n>p2 switch 3\n>p1 move darkpulse terastallize\n>p2 move earthquake\n>p1 move darkpulse\n>p2 move earthquake\n>forcelose p2", "uploadtime": 1781394980, "views": 14, "formatid": "gen9randombattle", "rating": 1818, "private": 0, "password": null}