{"id": "gen9randombattle-2631618595", "format": "[Gen 9] Random Battle", "players": ["pokajontaz", "stone douchebag"], "log": "|j|\u2606pokajontaz\n|j|\u2606stone douchebag\n|t:|1781409732\n|gametype|singles\n|player|p1|pokajontaz|265|1819\n|player|p2|stone douchebag|266|1905\n|gen|9\n|tier|[Gen 9] Random Battle\n|rated|\n|rule|Species Clause: Limit one of each Pok\u00e9mon\n|rule|HP Percentage Mod: HP is shown in percentages\n|rule|Sleep Clause Mod: Limit one foe put to sleep\n|rule|Illusion Level Mod: Illusion disguises the Pok\u00e9mon's true level\n|\n|t:|1781409732\n|teamsize|p1|6\n|teamsize|p2|6\n|start\n|switch|p1a: Oricorio|Oricorio-Pom-Pom, L82, F|257/257\n|switch|p2a: Braviary|Braviary, L85, M|309/309\n|turn|1\n|inactive|Battle timer is ON: inactive players will automatically lose when time's up. (requested by pokajontaz)\n|\n|t:|1781409750\n|switch|p2a: Sandaconda|Sandaconda, L84, F|258/258\n|move|p1a: Oricorio|Quiver Dance|p1a: Oricorio\n|-boost|p1a: Oricorio|spa|1\n|-boost|p1a: Oricorio|spd|1\n|-boost|p1a: Oricorio|spe|1\n|\n|upkeep\n|turn|2\n|\n|t:|1781409754\n|move|p1a: Oricorio|Hurricane|p2a: Sandaconda\n|-damage|p2a: Sandaconda|57/258\n|move|p2a: Sandaconda|Stone Edge|p1a: Oricorio\n|-supereffective|p1a: Oricorio\n|-damage|p1a: Oricorio|79/257\n|\n|-heal|p2a: Sandaconda|73/258|[from] item: Leftovers\n|upkeep\n|turn|3\n|\n|t:|1781409767\n|move|p1a: Oricorio|Hurricane|p2a: Sandaconda\n|-damage|p2a: Sandaconda|0 fnt\n|faint|p2a: Sandaconda\n|\n|upkeep\n|\n|t:|1781409772\n|switch|p2a: Sandslash|Sandslash-Alola, L88, F|275/275\n|turn|4\n|\n|t:|1781409778\n|move|p1a: Oricorio|Revelation Dance|p2a: Sandslash\n|-damage|p2a: Sandslash|175/275\n|move|p2a: Sandslash|Triple Axel|p1a: Oricorio\n|-supereffective|p1a: Oricorio\n|-damage|p1a: Oricorio|19/257\n|-supereffective|p1a: Oricorio\n|-crit|p1a: Oricorio\n|-damage|p1a: Oricorio|0 fnt\n|faint|p1a: Oricorio\n|-hitcount|p1: Oricorio|2\n|\n|upkeep\n|inactive|pokajontaz has 120 seconds left.\n|\n|t:|1781409824\n|switch|p1a: Magcargo|Magcargo, L95, M|268/268\n|turn|5\n|\n|t:|1781409837\n|switch|p2a: Electrode|Electrode, L92|260/260\n|move|p1a: Magcargo|Shell Smash|p1a: Magcargo\n|-unboost|p1a: Magcargo|def|1\n|-unboost|p1a: Magcargo|spd|1\n|-boost|p1a: Magcargo|atk|2\n|-boost|p1a: Magcargo|spa|2\n|-boost|p1a: Magcargo|spe|2\n|\n|upkeep\n|turn|6\n|\n|t:|1781409851\n|switch|p1a: Wo-Chien|Wo-Chien, L83|277/277\n|-ability|p1a: Wo-Chien|Tablets of Ruin\n|move|p2a: Electrode|Thunderbolt|p1a: Wo-Chien\n|-resisted|p1a: Wo-Chien\n|-damage|p1a: Wo-Chien|229/277\n|-damage|p2a: Electrode|234/260|[from] item: Life Orb\n|\n|-heal|p1a: Wo-Chien|246/277|[from] item: Leftovers\n|upkeep\n|turn|7\n|\n|t:|1781409859\n|switch|p2a: Sandslash|Sandslash-Alola, L88, F|175/275\n|move|p1a: Wo-Chien|Knock Off|p2a: Sandslash\n|-damage|p2a: Sandslash|108/275\n|-enditem|p2a: Sandslash|Assault Vest|[from] move: Knock Off|[of] p1a: Wo-Chien\n|\n|-heal|p1a: Wo-Chien|263/277|[from] item: Leftovers\n|upkeep\n|turn|8\n|\n|t:|1781409872\n|switch|p1a: Magcargo|Magcargo, L95, M|268/268\n|move|p2a: Sandslash|Triple Axel|p1a: Magcargo\n|-resisted|p1a: Magcargo\n|-damage|p1a: Magcargo|260/268\n|-ability|p1a: Magcargo|Weak Armor|boost\n|-unboost|p1a: Magcargo|def|1\n|-boost|p1a: Magcargo|spe|2\n|-resisted|p1a: Magcargo\n|-damage|p1a: Magcargo|233/268\n|-ability|p1a: Magcargo|Weak Armor|boost\n|-unboost|p1a: Magcargo|def|1\n|-boost|p1a: Magcargo|spe|2\n|-resisted|p1a: Magcargo\n|-damage|p1a: Magcargo|182/268\n|-ability|p1a: Magcargo|Weak Armor|boost\n|-unboost|p1a: Magcargo|def|1\n|-boost|p1a: Magcargo|spe|2\n|-hitcount|p1a: Magcargo|3\n|\n|upkeep\n|turn|9\n|\n|t:|1781409885\n|move|p1a: Magcargo|Earth Power|p2a: Sandslash\n|-supereffective|p2a: Sandslash\n|-damage|p2a: Sandslash|0 fnt\n|faint|p2a: Sandslash\n|\n|upkeep\n|\n|t:|1781409890\n|switch|p2a: Braviary|Braviary, L85, M|309/309\n|turn|10\n|\n|t:|1781409893\n|move|p1a: Magcargo|Power Gem|p2a: Braviary\n|-supereffective|p2a: Braviary\n|-damage|p2a: Braviary|67/309\n|move|p2a: Braviary|Close Combat|p1a: Magcargo\n|-supereffective|p1a: Magcargo\n|-damage|p1a: Magcargo|0 fnt\n|-unboost|p2a: Braviary|def|1\n|-unboost|p2a: Braviary|spd|1\n|faint|p1a: Magcargo\n|\n|upkeep\n|\n|t:|1781409902\n|switch|p1a: Espathra|Espathra, L80, F|283/283\n|turn|11\n|\n|t:|1781409907\n|move|p1a: Espathra|Lumina Crash|p2a: Braviary\n|-damage|p2a: Braviary|0 fnt\n|faint|p2a: Braviary\n|\n|-ability|p1a: Espathra|Speed Boost|boost\n|-boost|p1a: Espathra|spe|1\n|upkeep\n|\n|t:|1781409923\n|switch|p2a: Sceptile|Sceptile, L87, M|264/264\n|turn|12\n|\n|t:|1781409930\n|move|p1a: Espathra|Lumina Crash|p2a: Sceptile\n|-damage|p2a: Sceptile|141/264\n|-unboost|p2a: Sceptile|spd|2\n|move|p2a: Sceptile|Leaf Blade|p1a: Espathra\n|-damage|p1a: Espathra|122/283\n|-damage|p2a: Sceptile|115/264|[from] item: Life Orb\n|\n|-ability|p1a: Espathra|Speed Boost|boost\n|-boost|p1a: Espathra|spe|1\n|upkeep\n|turn|13\n|\n|t:|1781409941\n|switch|p2a: Orthworm|Orthworm, L88, F|266/266\n|move|p1a: Espathra|Lumina Crash|p2a: Orthworm\n|-resisted|p2a: Orthworm\n|-damage|p2a: Orthworm|191/266\n|-unboost|p2a: Orthworm|spd|2\n|\n|-heal|p2a: Orthworm|207/266|[from] item: Leftovers\n|-ability|p1a: Espathra|Speed Boost|boost\n|-boost|p1a: Espathra|spe|1\n|upkeep\n|turn|14\n|\n|t:|1781409944\n|move|p1a: Espathra|Lumina Crash|p2a: Orthworm\n|-resisted|p2a: Orthworm\n|-damage|p2a: Orthworm|46/266\n|-unboost|p2a: Orthworm|spd|2\n|move|p2a: Orthworm|Heavy Slam|p1a: Espathra\n|-damage|p1a: Espathra|4/283\n|\n|-heal|p2a: Orthworm|62/266|[from] item: Leftovers\n|-ability|p1a: Espathra|Speed Boost|boost\n|-boost|p1a: Espathra|spe|1\n|upkeep\n|turn|15\n|\n|t:|1781409947\n|move|p1a: Espathra|Lumina Crash|p2a: Orthworm\n|-resisted|p2a: Orthworm\n|-damage|p2a: Orthworm|0 fnt\n|faint|p2a: Orthworm\n|\n|-ability|p1a: Espathra|Speed Boost|boost\n|-boost|p1a: Espathra|spe|1\n|upkeep\n|\n|t:|1781409949\n|switch|p2a: Electrode|Electrode, L92|234/260\n|turn|16\n|\n|t:|1781409951\n|move|p1a: Espathra|Lumina Crash|p2a: Electrode\n|-damage|p2a: Electrode|116/260\n|-unboost|p2a: Electrode|spd|2\n|move|p2a: Electrode|Thunderbolt|p1a: Espathra\n|-damage|p1a: Espathra|0 fnt\n|faint|p1a: Espathra\n|-damage|p2a: Electrode|90/260|[from] item: Life Orb\n|\n|upkeep\n|\n|t:|1781409966\n|switch|p1a: Wo-Chien|Wo-Chien, L83|263/277\n|-ability|p1a: Wo-Chien|Tablets of Ruin\n|turn|17\n|\n|t:|1781409969\n|move|p2a: Electrode|Explosion|p1a: Wo-Chien\n|-damage|p1a: Wo-Chien|140/277\n|faint|p2a: Electrode\n|move|p1a: Wo-Chien|Knock Off|p2: Electrode|[notarget]\n|-fail|p1a: Wo-Chien\n|\n|-heal|p1a: Wo-Chien|157/277|[from] item: Leftovers\n|upkeep\n|\n|t:|1781409972\n|switch|p2a: Sceptile|Sceptile, L87, M|115/264\n|turn|18\n|\n|t:|1781409979\n|move|p2a: Sceptile|Rock Slide|p1a: Wo-Chien\n|-damage|p1a: Wo-Chien|113/277\n|-damage|p2a: Sceptile|89/264|[from] item: Life Orb\n|cant|p1a: Wo-Chien|flinch\n|\n|-heal|p1a: Wo-Chien|130/277|[from] item: Leftovers\n|upkeep\n|turn|19\n|\n|t:|1781409988\n|-terastallize|p2a: Sceptile|Rock\n|move|p2a: Sceptile|Rock Slide|p1a: Wo-Chien\n|-damage|p1a: Wo-Chien|59/277\n|-damage|p2a: Sceptile|63/264|[from] item: Life Orb\n|move|p1a: Wo-Chien|Knock Off|p2a: Sceptile\n|-damage|p2a: Sceptile|0 fnt\n|-enditem|p2a: Sceptile|Life Orb|[from] move: Knock Off|[of] p1a: Wo-Chien\n|faint|p2a: Sceptile\n|\n|win|pokajontaz\n|raw|pokajontaz's rating: 1819 &rarr; <strong>1844</strong><br />(+25 for winning)\n|raw|stone douchebag's rating: 1905 &rarr; <strong>1880</strong><br />(-25 for losing)\n", "uploadtime": 1781409988, "views": 2, "formatid": "gen9randombattle", "rating": 1844, "private": 0, "password": null}