{"id": "gen9randombattle-2631903259", "format": "[Gen 9] Random Battle", "players": ["Rolfj", "Bellior"], "log": "|j|\u2606Rolfj\n|j|\u2606Bellior\n|t:|1781453898\n|gametype|singles\n|player|p1|Rolfj|169|1921\n|player|p2|Bellior|169|1912\n|gen|9\n|tier|[Gen 9] Random Battle\n|rated|\n|rule|Species Clause: Limit one of each Pok\u00e9mon\n|rule|HP Percentage Mod: HP is shown in percentages\n|rule|Sleep Clause Mod: Limit one foe put to sleep\n|rule|Illusion Level Mod: Illusion disguises the Pok\u00e9mon's true level\n|\n|t:|1781453898\n|teamsize|p1|6\n|teamsize|p2|6\n|start\n|switch|p1a: Bisharp|Bisharp, L79, F|232/232\n|switch|p2a: Hydrapple|Hydrapple, L83, F|312/312\n|turn|1\n|inactive|Battle timer is ON: inactive players will automatically lose when time's up. (requested by Bellior)\n|\n|t:|1781453913\n|switch|p2a: Wo-Chien|Wo-Chien, L83|277/277\n|-ability|p2a: Wo-Chien|Tablets of Ruin\n|move|p1a: Bisharp|Swords Dance|p1a: Bisharp\n|-boost|p1a: Bisharp|atk|2\n|\n|upkeep\n|turn|2\n|\n|t:|1781453939\n|move|p2a: Wo-Chien|Leech Seed|p1a: Bisharp\n|-start|p1a: Bisharp|move: Leech Seed\n|move|p1a: Bisharp|Swords Dance|p1a: Bisharp\n|-boost|p1a: Bisharp|atk|2\n|\n|-damage|p1a: Bisharp|203/232|[from] Leech Seed|[of] p2a: Wo-Chien\n|upkeep\n|turn|3\n|\n|t:|1781453953\n|move|p2a: Wo-Chien|Ruination|p1a: Bisharp\n|-damage|p1a: Bisharp|102/232\n|move|p1a: Bisharp|Iron Head|p2a: Wo-Chien\n|-damage|p2a: Wo-Chien|84/277\n|\n|-heal|p2a: Wo-Chien|101/277|[from] item: Leftovers\n|-damage|p1a: Bisharp|73/232|[from] Leech Seed|[of] p2a: Wo-Chien\n|-heal|p2a: Wo-Chien|130/277|[silent]\n|upkeep\n|turn|4\n|\n|t:|1781453963\n|move|p2a: Wo-Chien|Protect|p2a: Wo-Chien\n|-singleturn|p2a: Wo-Chien|Protect\n|move|p1a: Bisharp|Iron Head|p2a: Wo-Chien\n|-activate|p2a: Wo-Chien|move: Protect\n|\n|-heal|p2a: Wo-Chien|147/277|[from] item: Leftovers\n|-damage|p1a: Bisharp|44/232|[from] Leech Seed|[of] p2a: Wo-Chien\n|-heal|p2a: Wo-Chien|176/277|[silent]\n|upkeep\n|turn|5\n|\n|t:|1781453975\n|move|p2a: Wo-Chien|Protect|p2a: Wo-Chien\n|-singleturn|p2a: Wo-Chien|Protect\n|move|p1a: Bisharp|Iron Head|p2a: Wo-Chien\n|-activate|p2a: Wo-Chien|move: Protect\n|\n|-heal|p2a: Wo-Chien|193/277|[from] item: Leftovers\n|-damage|p1a: Bisharp|15/232|[from] Leech Seed|[of] p2a: Wo-Chien\n|-heal|p2a: Wo-Chien|222/277|[silent]\n|upkeep\n|turn|6\n|\n|t:|1781453985\n|move|p2a: Wo-Chien|Knock Off|p1a: Bisharp\n|-resisted|p1a: Bisharp\n|-crit|p1a: Bisharp\n|-damage|p1a: Bisharp|0 fnt\n|-enditem|p1a: Bisharp|Eviolite|[from] move: Knock Off|[of] p2a: Wo-Chien\n|faint|p1a: Bisharp\n|\n|-heal|p2a: Wo-Chien|239/277|[from] item: Leftovers\n|upkeep\n|\n|t:|1781453995\n|switch|p1a: Inteleon|Inteleon, L81, M|246/246\n|turn|7\n|\n|t:|1781454002\n|switch|p2a: Klefki|Klefki, L84, F|233/233\n|move|p1a: Inteleon|U-turn|p2a: Klefki\n|-resisted|p2a: Klefki\n|-damage|p2a: Klefki|224/233\n|\n|t:|1781454011\n|switch|p1a: Malamar|Malamar, L82, M|275/275|[from] U-turn\n|\n|-heal|p2a: Klefki|233/233|[from] item: Leftovers\n|upkeep\n|turn|8\n|\n|t:|1781454020\n|move|p2a: Klefki|Dazzling Gleam|p1a: Malamar\n|-supereffective|p1a: Malamar\n|-crit|p1a: Malamar\n|-damage|p1a: Malamar|15/275\n|move|p1a: Malamar|Superpower|p2a: Klefki\n|-crit|p2a: Klefki\n|-damage|p2a: Klefki|124/233\n|-boost|p1a: Malamar|atk|1\n|-boost|p1a: Malamar|def|1\n|\n|-heal|p2a: Klefki|138/233|[from] item: Leftovers\n|upkeep\n|turn|9\n|\n|t:|1781454031\n|switch|p1a: Stonjourner|Stonjourner, L91, M|330/330\n|move|p2a: Klefki|Dazzling Gleam|p1a: Stonjourner\n|-damage|p1a: Stonjourner|159/330\n|\n|-heal|p2a: Klefki|152/233|[from] item: Leftovers\n|upkeep\n|turn|10\n|\n|t:|1781454051\n|switch|p2a: Cyclizar|Cyclizar, L83, M|252/252\n|move|p1a: Stonjourner|Heat Crash|p2a: Cyclizar\n|-resisted|p2a: Cyclizar\n|-damage|p2a: Cyclizar|145/252\n|-damage|p1a: Stonjourner|126/330|[from] item: Life Orb\n|\n|upkeep\n|turn|11\n|\n|t:|1781454063\n|move|p2a: Cyclizar|Draco Meteor|p1a: Stonjourner\n|-damage|p1a: Stonjourner|0 fnt\n|-unboost|p2a: Cyclizar|spa|2\n|faint|p1a: Stonjourner\n|\n|upkeep\n|\n|t:|1781454068\n|switch|p1a: Diancie|Diancie, L82|216/216\n|turn|12\n|\n|t:|1781454078\n|move|p2a: Cyclizar|Shed Tail|p2a: Cyclizar\n|-start|p2a: Cyclizar|Substitute|[from] move: Shed Tail\n|-damage|p2a: Cyclizar|19/252\n|\n|t:|1781454081\n|switch|p2a: Quagsire|Quagsire, L84, F|297/297|[from] Shed Tail\n|move|p1a: Diancie|Diamond Storm|p2a: Quagsire\n|-resisted|p2a: Quagsire\n|-activate|p2a: Quagsire|move: Substitute|[damage]\n|\n|upkeep\n|turn|13\n|\n|t:|1781454091\n|switch|p1a: Malamar|Malamar, L82, M|15/275\n|move|p2a: Quagsire|Toxic|p1a: Malamar\n|-status|p1a: Malamar|tox\n|\n|-damage|p1a: Malamar|0 fnt|[from] psn\n|faint|p1a: Malamar\n|upkeep\n|\n|t:|1781454101\n|switch|p1a: Inteleon|Inteleon, L81, M|246/246\n|turn|14\n|\n|t:|1781454112\n|move|p1a: Inteleon|Scald|p2a: Quagsire\n|-end|p2a: Quagsire|Substitute\n|move|p2a: Quagsire|Toxic|p1a: Inteleon\n|-status|p1a: Inteleon|tox\n|\n|-damage|p1a: Inteleon|231/246 tox|[from] psn\n|upkeep\n|turn|15\n|\n|t:|1781454121\n|move|p1a: Inteleon|Scald|p2a: Quagsire\n|-damage|p2a: Quagsire|111/297\n|move|p2a: Quagsire|Earthquake|p1a: Inteleon\n|-damage|p1a: Inteleon|111/246 tox\n|\n|-heal|p2a: Quagsire|129/297|[from] item: Leftovers\n|-damage|p1a: Inteleon|81/246 tox|[from] psn\n|upkeep\n|turn|16\n|\n|t:|1781454133\n|switch|p2a: Hydrapple|Hydrapple, L83, F|312/312\n|move|p1a: Inteleon|Scald|p2a: Hydrapple\n|-resisted|p2a: Hydrapple\n|-damage|p2a: Hydrapple|271/312\n|\n|-damage|p1a: Inteleon|36/246 tox|[from] psn\n|upkeep\n|turn|17\n|\n|t:|1781454143\n|move|p1a: Inteleon|Scald|p2a: Hydrapple\n|-resisted|p2a: Hydrapple\n|-damage|p2a: Hydrapple|234/312\n|move|p2a: Hydrapple|Giga Drain|p1a: Inteleon\n|-supereffective|p1a: Inteleon\n|-damage|p1a: Inteleon|0 fnt\n|-heal|p2a: Hydrapple|252/312|[from] drain|[of] p1a: Inteleon\n|faint|p1a: Inteleon\n|\n|upkeep\n|\n|t:|1781454151\n|switch|p1a: Garchomp|Garchomp, L74, F|282/282\n|turn|18\n|\n|t:|1781454175\n|-terastallize|p2a: Hydrapple|Steel\n|move|p1a: Garchomp|Scale Shot|p2a: Hydrapple\n|-resisted|p2a: Hydrapple\n|-damage|p2a: Hydrapple|241/312\n|-resisted|p2a: Hydrapple\n|-damage|p2a: Hydrapple|230/312\n|-resisted|p2a: Hydrapple\n|-damage|p2a: Hydrapple|218/312\n|-resisted|p2a: Hydrapple\n|-crit|p2a: Hydrapple\n|-damage|p2a: Hydrapple|202/312\n|-resisted|p2a: Hydrapple\n|-damage|p2a: Hydrapple|190/312\n|-hitcount|p2a: Hydrapple|5\n|-unboost|p1a: Garchomp|def|1\n|-boost|p1a: Garchomp|spe|1\n|move|p2a: Hydrapple|Fickle Beam|p1a: Garchomp\n|-supereffective|p1a: Garchomp\n|-damage|p1a: Garchomp|64/282\n|\n|upkeep\n|turn|19\n|inactive|Bellior has 120 seconds left.\n|\n|t:|1781454198\n|switch|p2a: Wo-Chien|Wo-Chien, L83|239/277\n|-ability|p2a: Wo-Chien|Tablets of Ruin\n|move|p1a: Garchomp|Earthquake|p2a: Wo-Chien\n|-resisted|p2a: Wo-Chien\n|-damage|p2a: Wo-Chien|206/277\n|\n|-heal|p2a: Wo-Chien|223/277|[from] item: Leftovers\n|upkeep\n|turn|20\n|inactive|Bellior has 120 seconds left.\n|\n|t:|1781454210\n|move|p1a: Garchomp|Scale Shot|p2a: Wo-Chien\n|-damage|p2a: Wo-Chien|204/277\n|-damage|p2a: Wo-Chien|186/277\n|-damage|p2a: Wo-Chien|167/277\n|-damage|p2a: Wo-Chien|149/277\n|-hitcount|p2a: Wo-Chien|4\n|-unboost|p1a: Garchomp|def|1\n|-boost|p1a: Garchomp|spe|1\n|move|p2a: Wo-Chien|Knock Off|p1a: Garchomp\n|-damage|p1a: Garchomp|0 fnt\n|-damage|p2a: Wo-Chien|115/277|[from] ability: Rough Skin|[of] p1a: Garchomp\n|-enditem|p1a: Garchomp|Loaded Dice|[from] move: Knock Off|[of] p2a: Wo-Chien\n|faint|p1a: Garchomp\n|\n|-heal|p2a: Wo-Chien|132/277|[from] item: Leftovers\n|upkeep\n|\n|t:|1781454214\n|switch|p1a: Diancie|Diancie, L82|216/216\n|turn|21\n|inactive|Bellior has 120 seconds left.\n|\n|t:|1781454231\n|move|p2a: Wo-Chien|Leech Seed|p1a: Diancie\n|-start|p1a: Diancie|move: Leech Seed\n|move|p1a: Diancie|Diamond Storm|p2a: Wo-Chien\n|-damage|p2a: Wo-Chien|63/277\n|-boost|p1a: Diancie|def|2\n|\n|-heal|p2a: Wo-Chien|80/277|[from] item: Leftovers\n|-damage|p1a: Diancie|189/216|[from] Leech Seed|[of] p2a: Wo-Chien\n|-heal|p2a: Wo-Chien|107/277|[silent]\n|upkeep\n|turn|22\n|inactive|Bellior has 120 seconds left.\n|\n|t:|1781454243\n|move|p2a: Wo-Chien|Ruination|p1a: Diancie\n|-damage|p1a: Diancie|95/216\n|move|p1a: Diancie|Calm Mind|p1a: Diancie\n|-boost|p1a: Diancie|spa|1\n|-boost|p1a: Diancie|spd|1\n|\n|-heal|p2a: Wo-Chien|124/277|[from] item: Leftovers\n|-heal|p1a: Diancie|108/216|[from] item: Leftovers\n|-damage|p1a: Diancie|81/216|[from] Leech Seed|[of] p2a: Wo-Chien\n|-heal|p2a: Wo-Chien|151/277|[silent]\n|upkeep\n|turn|23\n|inactive|Bellior has 120 seconds left.\n|\n|t:|1781454255\n|move|p2a: Wo-Chien|Protect|p2a: Wo-Chien\n|-singleturn|p2a: Wo-Chien|Protect\n|move|p1a: Diancie|Draining Kiss|p2a: Wo-Chien\n|-activate|p2a: Wo-Chien|move: Protect\n|\n|-heal|p2a: Wo-Chien|168/277|[from] item: Leftovers\n|-heal|p1a: Diancie|94/216|[from] item: Leftovers\n|-damage|p1a: Diancie|67/216|[from] Leech Seed|[of] p2a: Wo-Chien\n|-heal|p2a: Wo-Chien|195/277|[silent]\n|upkeep\n|turn|24\n|inactive|Bellior has 120 seconds left.\n|\n|t:|1781454267\n|move|p2a: Wo-Chien|Knock Off|p1a: Diancie\n|-resisted|p1a: Diancie\n|-damage|p1a: Diancie|52/216\n|-enditem|p1a: Diancie|Leftovers|[from] move: Knock Off|[of] p2a: Wo-Chien\n|move|p1a: Diancie|Draining Kiss|p2a: Wo-Chien\n|-supereffective|p2a: Wo-Chien\n|-damage|p2a: Wo-Chien|81/277\n|-heal|p1a: Diancie|138/216|[from] drain|[of] p2a: Wo-Chien\n|\n|-heal|p2a: Wo-Chien|98/277|[from] item: Leftovers\n|-damage|p1a: Diancie|111/216|[from] Leech Seed|[of] p2a: Wo-Chien\n|-heal|p2a: Wo-Chien|125/277|[silent]\n|upkeep\n|turn|25\n|inactive|Bellior has 120 seconds left.\n|\n|t:|1781454280\n|move|p2a: Wo-Chien|Ruination|p1a: Diancie\n|-damage|p1a: Diancie|56/216\n|move|p1a: Diancie|Calm Mind|p1a: Diancie\n|-boost|p1a: Diancie|spa|1\n|-boost|p1a: Diancie|spd|1\n|\n|-heal|p2a: Wo-Chien|142/277|[from] item: Leftovers\n|-damage|p1a: Diancie|29/216|[from] Leech Seed|[of] p2a: Wo-Chien\n|-heal|p2a: Wo-Chien|169/277|[silent]\n|upkeep\n|turn|26\n|inactive|Bellior has 120 seconds left.\n|\n|t:|1781454292\n|move|p2a: Wo-Chien|Protect|p2a: Wo-Chien\n|-singleturn|p2a: Wo-Chien|Protect\n|move|p1a: Diancie|Draining Kiss|p2a: Wo-Chien\n|-activate|p2a: Wo-Chien|move: Protect\n|\n|-heal|p2a: Wo-Chien|186/277|[from] item: Leftovers\n|-damage|p1a: Diancie|2/216|[from] Leech Seed|[of] p2a: Wo-Chien\n|-heal|p2a: Wo-Chien|213/277|[silent]\n|upkeep\n|turn|27\n|-message|Rolfj forfeited.\n|\n|win|Bellior\n", "inputlog": ">version a8376a258c1d4662feba110a92103f3664a72141\n>start {\"formatid\":\"gen9randombattle\",\"seed\":\"sodium,4b81dab6f31ac6aed097c37e8629e458\",\"rated\":\"Rated battle\"}\n>player p1 {\"name\":\"Rolfj\",\"avatar\":\"169\",\"rating\":1921,\"seed\":\"sodium,6d56fe674533c0834f158f6a6f0b3184\"}\n>player p2 {\"name\":\"Bellior\",\"avatar\":\"169\",\"rating\":1912,\"seed\":\"sodium,dfda3298aac6a32e6671325ff8e4c2b8\"}\n>p1 move swordsdance\n>p2 switch 2\n>p1 move swordsdance\n>p2 move leechseed\n>p1 move ironhead\n>p2 move ruination\n>p1 move ironhead\n>p2 move protect\n>p1 move ironhead\n>p2 move protect\n>p1 move ironhead\n>p2 move knockoff\n>p1 switch 3\n>p1 move uturn\n>p2 switch 3\n>p1 switch 5\n>p1 move superpower\n>p2 move dazzlinggleam\n>p1 switch 6\n>p2 move dazzlinggleam\n>p1 move heatcrash\n>p2 switch 5\n>p1 move rockpolish\n>p2 move dracometeor\n>p1 switch 2\n>p1 move diamondstorm\n>p2 move shedtail\n>p2 switch 6\n>p1 switch 6\n>p2 move toxic\n>p1 switch 5\n>p1 move scald\n>p2 move toxic\n>p1 move scald\n>p2 move earthquake\n>p1 move scald\n>p2 switch 2\n>p1 move scald\n>p2 move gigadrain\n>p1 switch 4\n>p1 move scaleshot\n>p2 move ficklebeam terastallize\n>p1 move earthquake\n>p2 switch 3\n>p1 move scaleshot\n>p2 move knockoff\n>p1 switch 6\n>p1 move diamondstorm\n>p2 move leechseed\n>p1 move calmmind\n>p2 move ruination\n>p1 move drainingkiss\n>p2 move protect\n>p1 move drainingkiss\n>p2 move knockoff\n>p1 move calmmind\n>p2 move ruination\n>p1 move drainingkiss\n>p2 move protect\n>forcelose p1", "uploadtime": 1781453901, "views": 5, "formatid": "gen9randombattle", "rating": null, "private": 0, "password": null}