{"id": "gen9randombattle-2632019300", "format": "[Gen 9] Random Battle", "players": ["TY SM MY GUY", "igiveuponaname"], "log": "|j|\u2606TY SM MY GUY\n|j|\u2606igiveuponaname\n|t:|1781466604\n|gametype|singles\n|player|p1|TY SM MY GUY|hoopster|2202\n|player|p2|igiveuponaname|miku-fire|2200\n|gen|9\n|tier|[Gen 9] Random Battle\n|rated|\n|rule|Species Clause: Limit one of each Pok\u00e9mon\n|rule|HP Percentage Mod: HP is shown in percentages\n|rule|Sleep Clause Mod: Limit one foe put to sleep\n|rule|Illusion Level Mod: Illusion disguises the Pok\u00e9mon's true level\n|\n|t:|1781466604\n|teamsize|p1|6\n|teamsize|p2|6\n|start\n|switch|p1a: Urshifu|Urshifu, L74, F|270/270\n|switch|p2a: Latias|Latias, L79, F|256/256\n|turn|1\n|inactive|Battle timer is ON: inactive players will automatically lose when time's up. (requested by igiveuponaname)\n|inactive|igiveuponaname has 120 seconds left.\n|l|\u2606igiveuponaname\n|inactive|igiveuponaname disconnected and has a minute to reconnect!\n|player|p2|\n|l|\u2606TY SM MY GUY\n|inactive|TY SM MY GUY disconnected and has a minute to reconnect!\n|player|p1|\n|inactive|igiveuponaname has 30 seconds to reconnect!\n|j|\u2606igiveuponaname\n|inactive|igiveuponaname reconnected and has 85 seconds left.\n|player|p2|igiveuponaname|miku-fire|\n|\n|t:|1781466683\n|switch|p1a: Weezing|Weezing-Galar, L86, M|252/252\n|move|p2a: Latias|Draco Meteor|p1a: Weezing\n|-immune|p1a: Weezing\n|\n|upkeep\n|turn|2\n|j| odebasmadoss\n|j|\u2606TY SM MY GUY\n|inactive|TY SM MY GUY reconnected and has 140 seconds left.\n|player|p1|TY SM MY GUY|hoopster|\n|\n|t:|1781466700\n|move|p2a: Latias|Psyshock|p1a: Weezing\n|-supereffective|p1a: Weezing\n|-damage|p1a: Weezing|96/252\n|move|p1a: Weezing|Strange Steam|p2a: Latias\n|-supereffective|p2a: Latias\n|-damage|p2a: Latias|104/256\n|\n|-heal|p1a: Weezing|111/252|[from] item: Leftovers\n|upkeep\n|turn|3\n|\n|t:|1781466710\n|switch|p1a: Diancie|Diancie, L82|216/216\n|move|p2a: Latias|Psyshock|p1a: Diancie\n|-damage|p1a: Diancie|149/216\n|\n|upkeep\n|turn|4\n|\n|t:|1781466724\n|switch|p2a: Dusknoir|Dusknoir, L89, F|225/225\n|-item|p1a: Diancie|Assault Vest|[from] ability: Frisk|[of] p2a: Dusknoir\n|move|p1a: Diancie|Diamond Storm|p2a: Dusknoir\n|-damage|p2a: Dusknoir|150/225\n|-boost|p1a: Diancie|def|2\n|\n|-heal|p2a: Dusknoir|164/225|[from] item: Leftovers\n|upkeep\n|turn|5\n|\n|t:|1781466728\n|move|p2a: Dusknoir|Earthquake|p1a: Diancie\n|-supereffective|p1a: Diancie\n|-damage|p1a: Diancie|91/216\n|move|p1a: Diancie|Diamond Storm|p2a: Dusknoir\n|-damage|p2a: Dusknoir|97/225\n|\n|-heal|p2a: Dusknoir|111/225|[from] item: Leftovers\n|upkeep\n|turn|6\n|\n|t:|1781466736\n|switch|p1a: Weezing|Weezing-Galar, L86, M|111/252\n|move|p2a: Dusknoir|Earthquake|p1a: Weezing\n|-immune|p1a: Weezing|[from] ability: Levitate\n|\n|-heal|p1a: Weezing|126/252|[from] item: Leftovers\n|-heal|p2a: Dusknoir|125/225|[from] item: Leftovers\n|upkeep\n|turn|7\n|\n|t:|1781466751\n|move|p1a: Weezing|Will-O-Wisp|p2a: Dusknoir\n|-status|p2a: Dusknoir|brn\n|move|p2a: Dusknoir|Poltergeist|p1a: Weezing\n|-activate|p1a: Weezing|move: Poltergeist|Leftovers\n|-damage|p1a: Weezing|76/252\n|\n|-heal|p1a: Weezing|91/252|[from] item: Leftovers\n|-heal|p2a: Dusknoir|139/225 brn|[from] item: Leftovers\n|-damage|p2a: Dusknoir|125/225 brn|[from] brn\n|upkeep\n|turn|8\n|l|\u2606TY SM MY GUY\n|inactive|TY SM MY GUY disconnected and has a minute to reconnect!\n|player|p1|\n|l| odebasmadoss\n|inactive|TY SM MY GUY has 30 seconds to reconnect!\n|j|\u2606TY SM MY GUY\n|inactive|TY SM MY GUY reconnected and has 115 seconds left.\n|player|p1|TY SM MY GUY|hoopster|\n|\n|t:|1781466798\n|move|p1a: Weezing|Strange Steam|p2a: Dusknoir\n|-damage|p2a: Dusknoir|65/225 brn\n|move|p2a: Dusknoir|Poltergeist|p1a: Weezing\n|-activate|p1a: Weezing|move: Poltergeist|Leftovers\n|-damage|p1a: Weezing|42/252\n|\n|-heal|p1a: Weezing|57/252|[from] item: Leftovers\n|-heal|p2a: Dusknoir|79/225 brn|[from] item: Leftovers\n|-damage|p2a: Dusknoir|65/225 brn|[from] brn\n|upkeep\n|turn|9\n|\n|t:|1781466821\n|move|p1a: Weezing|Strange Steam|p2a: Dusknoir\n|-damage|p2a: Dusknoir|8/225 brn\n|move|p2a: Dusknoir|Poltergeist|p1a: Weezing\n|-activate|p1a: Weezing|move: Poltergeist|Leftovers\n|-damage|p1a: Weezing|4/252\n|\n|-heal|p1a: Weezing|19/252|[from] item: Leftovers\n|-heal|p2a: Dusknoir|22/225 brn|[from] item: Leftovers\n|-damage|p2a: Dusknoir|8/225 brn|[from] brn\n|upkeep\n|turn|10\n|\n|t:|1781466828\n|move|p2a: Dusknoir|Shadow Sneak|p1a: Weezing\n|-damage|p1a: Weezing|0 fnt\n|faint|p1a: Weezing\n|\n|-heal|p2a: Dusknoir|22/225 brn|[from] item: Leftovers\n|-damage|p2a: Dusknoir|8/225 brn|[from] brn\n|upkeep\n|\n|t:|1781466837\n|switch|p1a: Heracross|Heracross, L80, F|259/259\n|turn|11\n|\n|t:|1781466843\n|switch|p2a: Rayquaza|Rayquaza, L72|270/270\n|-ability|p2a: Rayquaza|Air Lock\n|move|p1a: Heracross|Megahorn|p2a: Rayquaza|[miss]\n|-miss|p1a: Heracross|p2a: Rayquaza\n|\n|upkeep\n|turn|12\n|\n|t:|1781466846\n|switch|p1a: Diancie|Diancie, L82|91/216\n|move|p2a: Rayquaza|Dragon Ascent|p1a: Diancie\n|-resisted|p1a: Diancie\n|-damage|p1a: Diancie|46/216\n|-unboost|p2a: Rayquaza|def|1\n|-unboost|p2a: Rayquaza|spd|1\n|\n|upkeep\n|turn|13\n|l|\u2606TY SM MY GUY\n|inactive|TY SM MY GUY disconnected and has a minute to reconnect!\n|player|p1|\n|\n|t:|1781466867\n|move|p2a: Rayquaza|Earthquake|p1a: Diancie\n|-supereffective|p1a: Diancie\n|-damage|p1a: Diancie|0 fnt\n|faint|p1a: Diancie\n|\n|upkeep\n|j|\u2606TY SM MY GUY\n|inactive|TY SM MY GUY reconnected and has 125 seconds left.\n|player|p1|TY SM MY GUY|hoopster|\n|inactive|TY SM MY GUY has 120 seconds left.\n|\n|t:|1781466899\n|switch|p1a: Regidrago|Regidrago, L77|435/435\n|turn|14\n|\n|t:|1781466904\n|move|p2a: Rayquaza|Outrage|p1a: Regidrago\n|-supereffective|p1a: Regidrago\n|-damage|p1a: Regidrago|0 fnt\n|faint|p1a: Regidrago\n|\n|upkeep\n|\n|t:|1781466919\n|switch|p1a: Urshifu|Urshifu, L74, F|270/270\n|turn|15\n|\n|t:|1781466923\n|move|p1a: Urshifu|Wicked Blow|p2a: Rayquaza\n|-crit|p2a: Rayquaza\n|-damage|p2a: Rayquaza|31/270\n|-damage|p1a: Urshifu|243/270|[from] item: Life Orb\n|move|p2a: Rayquaza|Outrage|p1a: Urshifu|[from] lockedmove\n|-damage|p1a: Urshifu|105/270\n|\n|upkeep\n|turn|16\n|\n|t:|1781466926\n|move|p1a: Urshifu|Wicked Blow|p2a: Rayquaza\n|-crit|p2a: Rayquaza\n|-damage|p2a: Rayquaza|0 fnt\n|faint|p2a: Rayquaza\n|-damage|p1a: Urshifu|78/270|[from] item: Life Orb\n|\n|upkeep\n|\n|t:|1781466930\n|switch|p2a: Lilligant|Lilligant-Hisui, L79, F|240/240\n|turn|17\n|\n|t:|1781466937\n|switch|p1a: Heracross|Heracross, L80, F|259/259\n|move|p2a: Lilligant|Leaf Blade|p1a: Heracross\n|-resisted|p1a: Heracross\n|-damage|p1a: Heracross|177/259\n|\n|upkeep\n|turn|18\n|\n|t:|1781466961\n|move|p2a: Lilligant|Close Combat|p1a: Heracross\n|-resisted|p1a: Heracross\n|-damage|p1a: Heracross|78/259\n|-unboost|p2a: Lilligant|def|1\n|-unboost|p2a: Lilligant|spd|1\n|move|p1a: Heracross|Close Combat|p2a: Lilligant\n|-damage|p2a: Lilligant|0 fnt\n|-unboost|p1a: Heracross|def|1\n|-unboost|p1a: Heracross|spd|1\n|faint|p2a: Lilligant\n|-ability|p1a: Heracross|Moxie|boost\n|-boost|p1a: Heracross|atk|1\n|\n|upkeep\n|\n|t:|1781466966\n|switch|p2a: Gardevoir|Gardevoir, L83, F|249/249\n|-ability|p2a: Gardevoir|Moxie|Trace|[from] ability: Trace|[of] p1a: Heracross\n|turn|19\n|\n|t:|1781466969\n|move|p2a: Gardevoir|Moonblast|p1a: Heracross\n|-supereffective|p1a: Heracross\n|-damage|p1a: Heracross|0 fnt\n|faint|p1a: Heracross\n|-ability|p2a: Gardevoir|Moxie|boost\n|-boost|p2a: Gardevoir|atk|1\n|\n|upkeep\n|\n|t:|1781466973\n|switch|p1a: Jolteon|Jolteon, L84, M|246/246\n|turn|20\n|\n|t:|1781466976\n|move|p2a: Gardevoir|Moonblast|p1a: Jolteon\n|-damage|p1a: Jolteon|134/246\n|-unboost|p1a: Jolteon|spa|1\n|move|p1a: Jolteon|Calm Mind|p1a: Jolteon\n|-boost|p1a: Jolteon|spa|1\n|-boost|p1a: Jolteon|spd|1\n|\n|-heal|p1a: Jolteon|149/246|[from] item: Leftovers\n|upkeep\n|turn|21\n|\n|t:|1781466980\n|move|p2a: Gardevoir|Moonblast|p1a: Jolteon\n|-damage|p1a: Jolteon|68/246\n|move|p1a: Jolteon|Thunderbolt|p2a: Gardevoir\n|-damage|p2a: Gardevoir|156/249\n|\n|-heal|p1a: Jolteon|83/246|[from] item: Leftovers\n|upkeep\n|turn|22\n|\n|t:|1781466983\n|move|p2a: Gardevoir|Moonblast|p1a: Jolteon\n|-damage|p1a: Jolteon|7/246\n|move|p1a: Jolteon|Thunderbolt|p2a: Gardevoir\n|-damage|p2a: Gardevoir|72/249\n|\n|-heal|p1a: Jolteon|22/246|[from] item: Leftovers\n|upkeep\n|turn|23\n|\n|t:|1781466986\n|move|p2a: Gardevoir|Moonblast|p1a: Jolteon\n|-damage|p1a: Jolteon|0 fnt\n|faint|p1a: Jolteon\n|-ability|p2a: Gardevoir|Moxie|boost\n|-boost|p2a: Gardevoir|atk|1\n|\n|upkeep\n|\n|t:|1781466988\n|switch|p1a: Urshifu|Urshifu, L74, F|78/270\n|turn|24\n|\n|t:|1781466989\n|-terastallize|p1a: Urshifu|Dark\n|move|p1a: Urshifu|Sucker Punch|p2a: Gardevoir\n|-damage|p2a: Gardevoir|0 fnt\n|faint|p2a: Gardevoir\n|-damage|p1a: Urshifu|51/270|[from] item: Life Orb\n|\n|upkeep\n|\n|t:|1781466992\n|switch|p2a: Plusle|Plusle, L95, M|268/268\n|turn|25\n|\n|t:|1781466998\n|move|p2a: Plusle|Encore|p1a: Urshifu\n|-start|p1a: Urshifu|Encore\n|move|p1a: Urshifu|Sucker Punch||[still]\n|-fail|p1a: Urshifu\n|\n|upkeep\n|turn|26\n|\n|t:|1781467000\n|switch|p2a: Dusknoir|Dusknoir, L89, F|8/225 brn\n|-item|p1a: Urshifu|Life Orb|[from] ability: Frisk|[of] p2a: Dusknoir\n|move|p1a: Urshifu|Sucker Punch||[still]\n|-fail|p1a: Urshifu\n|\n|-heal|p2a: Dusknoir|22/225 brn|[from] item: Leftovers\n|-damage|p2a: Dusknoir|8/225 brn|[from] brn\n|upkeep\n|turn|27\n|\n|t:|1781467004\n|move|p1a: Urshifu|Sucker Punch|p2a: Dusknoir\n|-supereffective|p2a: Dusknoir\n|-damage|p2a: Dusknoir|0 fnt\n|faint|p2a: Dusknoir\n|-damage|p1a: Urshifu|24/270|[from] item: Life Orb\n|\n|-end|p1a: Urshifu|Encore\n|upkeep\n|\n|t:|1781467006\n|switch|p2a: Plusle|Plusle, L95, M|268/268\n|turn|28\n|\n|t:|1781467008\n|move|p1a: Urshifu|Sucker Punch||[still]\n|-fail|p1a: Urshifu\n|move|p2a: Plusle|Encore|p1a: Urshifu\n|-start|p1a: Urshifu|Encore\n|\n|upkeep\n|turn|29\n|\n|t:|1781467010\n|move|p1a: Urshifu|Sucker Punch|p2a: Plusle\n|-damage|p2a: Plusle|78/268\n|-damage|p1a: Urshifu|0 fnt|[from] item: Life Orb\n|faint|p1a: Urshifu\n|\n|win|igiveuponaname\n", "inputlog": ">version a8376a258c1d4662feba110a92103f3664a72141\n>start {\"formatid\":\"gen9randombattle\",\"seed\":\"sodium,1d32c16523414f318bed27d13ba985f6\",\"rated\":\"Rated battle\"}\n>player p1 {\"name\":\"TY SM MY GUY\",\"avatar\":\"hoopster\",\"rating\":2202,\"seed\":\"sodium,daab78a94542fc8367256fb12334ded1\"}\n>player p2 {\"name\":\"igiveuponaname\",\"avatar\":\"miku-fire\",\"rating\":2200,\"seed\":\"sodium,6469fbd96293d1360d1991c0938084d7\"}\n>p1 switch 6\n>p2 move dracometeor\n>p1 move strangesteam\n>p2 move psyshock\n>p1 switch 4\n>p2 move psyshock\n>p1 move diamondstorm\n>p2 switch 5\n>p1 move diamondstorm\n>p2 move earthquake\n>p1 switch 4\n>p2 move earthquake\n>p1 move willowisp\n>p2 move poltergeist\n>p1 move strangesteam\n>p2 move poltergeist\n>p1 move strangesteam\n>p2 move poltergeist\n>p1 move strangesteam\n>p2 move shadowsneak\n>p1 switch 5\n>p1 move megahorn\n>p2 switch 3\n>p1 switch 4\n>p2 move dragonascent\n>p1 move diamondstorm\n>p2 move earthquake\n>p1 switch 3\n>p1 move dragondance\n>p2 move outrage\n>p1 switch 6\n>p1 move wickedblow\n>p2 move outrage\n>p1 move wickedblow\n>p2 move outrage\n>p2 switch 2\n>p1 switch 4\n>p2 move leafblade\n>p1 move closecombat\n>p2 move closecombat\n>p2 switch 4\n>p1 move closecombat\n>p2 move moonblast\n>p1 switch 2\n>p1 move calmmind\n>p2 move moonblast\n>p1 move thunderbolt\n>p2 move moonblast\n>p1 move thunderbolt\n>p2 move moonblast\n>p1 move thunderbolt\n>p2 move moonblast\n>p1 switch 4\n>p1 move suckerpunch terastallize\n>p2 move moonblast\n>p2 switch 6\n>p1 move wickedblow\n>p2 move encore\n>p1 move suckerpunch\n>p2 switch 3\n>p1 move suckerpunch\n>p2 move shadowsneak\n>p2 switch 3\n>p1 move suckerpunch\n>p2 move encore\n>p1 move suckerpunch\n>p2 move thunderbolt", "uploadtime": 1781466607, "views": 3, "formatid": "gen9randombattle", "rating": null, "private": 0, "password": null}