{"id": "gen9randombattle-2631962128", "format": "[Gen 9] Random Battle", "players": ["Jfhdhsgsbsvsv", "sayohara"], "log": "|j|\u2606Jfhdhsgsbsvsv\n|j|\u2606sayohara\n|t:|1781460330\n|gametype|singles\n|player|p1|Jfhdhsgsbsvsv|102|1085\n|player|p2|sayohara|dawn|1135\n|gen|9\n|tier|[Gen 9] Random Battle\n|rated|\n|rule|Species Clause: Limit one of each Pok\u00e9mon\n|rule|HP Percentage Mod: HP is shown in percentages\n|rule|Sleep Clause Mod: Limit one foe put to sleep\n|rule|Illusion Level Mod: Illusion disguises the Pok\u00e9mon's true level\n|\n|t:|1781460330\n|teamsize|p1|6\n|teamsize|p2|6\n|start\n|switch|p1a: Rotom|Rotom-Heat, L83|219/219\n|switch|p2a: Galvantula|Galvantula, L82, F|249/249\n|turn|1\n|inactive|Battle timer is ON: inactive players will automatically lose when time's up. (requested by sayohara)\n|\n|t:|1781460339\n|move|p2a: Galvantula|Sticky Web|p1a: Rotom\n|-sidestart|p1: Jfhdhsgsbsvsv|move: Sticky Web\n|move|p1a: Rotom|Nasty Plot|p1a: Rotom\n|-boost|p1a: Rotom|spa|2\n|\n|upkeep\n|turn|2\n|\n|t:|1781460354\n|switch|p2a: Azumarill|Azumarill, L82, M|298/298\n|move|p1a: Rotom|Overheat|p2a: Azumarill\n|-resisted|p2a: Azumarill\n|-damage|p2a: Azumarill|147/298\n|-unboost|p1a: Rotom|spa|2\n|\n|upkeep\n|turn|3\n|\n|t:|1781460370\n|move|p2a: Azumarill|Aqua Jet|p1a: Rotom\n|-supereffective|p1a: Rotom\n|-damage|p1a: Rotom|91/219\n|move|p1a: Rotom|Thunderbolt|p2a: Azumarill\n|-supereffective|p2a: Azumarill\n|-damage|p2a: Azumarill|0 fnt\n|faint|p2a: Azumarill\n|\n|upkeep\n|\n|t:|1781460374\n|switch|p2a: Slowking|Slowking, L88, M|310/310\n|turn|4\n|\n|t:|1781460380\n|move|p1a: Rotom|Thunderbolt|p2a: Slowking\n|-supereffective|p2a: Slowking\n|-damage|p2a: Slowking|154/310\n|move|p2a: Slowking|Scald|p1a: Rotom\n|-supereffective|p1a: Rotom\n|-damage|p1a: Rotom|0 fnt\n|faint|p1a: Rotom\n|\n|upkeep\n|\n|t:|1781460390\n|switch|p1a: Chesnaught|Chesnaught, L84, F|285/285\n|-activate|p1a: Chesnaught|move: Sticky Web\n|-unboost|p1a: Chesnaught|spe|1\n|turn|5\n|\n|t:|1781460396\n|switch|p2a: Victreebel|Victreebel, L90, F|290/290\n|move|p1a: Chesnaught|Wood Hammer|p2a: Victreebel\n|-resisted|p2a: Victreebel\n|-damage|p2a: Victreebel|249/290\n|-damage|p1a: Chesnaught|271/285|[from] Recoil\n|\n|upkeep\n|turn|6\n|\n|t:|1781460415\n|move|p2a: Victreebel|Sunny Day|p2a: Victreebel\n|-weather|SunnyDay\n|move|p1a: Chesnaught|Body Press|p2a: Victreebel\n|-resisted|p2a: Victreebel\n|-damage|p2a: Victreebel|189/290\n|\n|-weather|SunnyDay|[upkeep]\n|upkeep\n|turn|7\n|\n|t:|1781460427\n|move|p2a: Victreebel|Weather Ball|p1a: Chesnaught\n|-immune|p1a: Chesnaught|[from] ability: Bulletproof\n|move|p1a: Chesnaught|Knock Off|p2a: Victreebel\n|-damage|p2a: Victreebel|108/290\n|-enditem|p2a: Victreebel|Life Orb|[from] move: Knock Off|[of] p1a: Chesnaught\n|\n|-weather|SunnyDay|[upkeep]\n|upkeep\n|turn|8\n|\n|t:|1781460436\n|move|p2a: Victreebel|Sludge Wave|p1a: Chesnaught\n|-supereffective|p1a: Chesnaught\n|-damage|p1a: Chesnaught|1/285\n|move|p1a: Chesnaught|Synthesis|p1a: Chesnaught\n|-heal|p1a: Chesnaught|191/285\n|\n|-weather|SunnyDay|[upkeep]\n|upkeep\n|turn|9\n|\n|t:|1781460445\n|move|p2a: Victreebel|Sludge Wave|p1a: Chesnaught\n|-supereffective|p1a: Chesnaught\n|-crit|p1a: Chesnaught\n|-damage|p1a: Chesnaught|0 fnt\n|faint|p1a: Chesnaught\n|\n|-weather|SunnyDay|[upkeep]\n|upkeep\n|\n|t:|1781460454\n|switch|p1a: Regidrago|Regidrago, L77|435/435\n|-activate|p1a: Regidrago|move: Sticky Web\n|-unboost|p1a: Regidrago|spe|1\n|turn|10\n|\n|t:|1781460462\n|move|p2a: Victreebel|Sludge Wave|p1a: Regidrago\n|-damage|p1a: Regidrago|237/435\n|move|p1a: Regidrago|Dragon Dance|p1a: Regidrago\n|-boost|p1a: Regidrago|atk|1\n|-boost|p1a: Regidrago|spe|1\n|\n|-weather|none\n|upkeep\n|turn|11\n|\n|t:|1781460476\n|-terastallize|p1a: Regidrago|Steel\n|move|p2a: Victreebel|Sludge Wave|p1a: Regidrago\n|-immune|p1a: Regidrago\n|move|p1a: Regidrago|Dragon Claw|p2a: Victreebel\n|-damage|p2a: Victreebel|0 fnt\n|faint|p2a: Victreebel\n|-damage|p1a: Regidrago|194/435|[from] item: Life Orb\n|\n|upkeep\n|\n|t:|1781460483\n|switch|p2a: Darkrai|Darkrai, L77|234/234\n|turn|12\n|\n|t:|1781460492\n|move|p2a: Darkrai|Focus Blast|p1a: Regidrago\n|-supereffective|p1a: Regidrago\n|-damage|p1a: Regidrago|0 fnt\n|faint|p1a: Regidrago\n|-damage|p2a: Darkrai|211/234|[from] item: Life Orb\n|\n|upkeep\n|\n|t:|1781460500\n|switch|p1a: Scizor|Scizor, L79, F|240/240\n|-activate|p1a: Scizor|move: Sticky Web\n|-unboost|p1a: Scizor|spe|1\n|turn|13\n|\n|t:|1781460514\n|move|p2a: Darkrai|Nasty Plot|p2a: Darkrai\n|-boost|p2a: Darkrai|spa|2\n|move|p1a: Scizor|Swords Dance|p1a: Scizor\n|-boost|p1a: Scizor|atk|2\n|\n|upkeep\n|turn|14\n|\n|t:|1781460521\n|move|p2a: Darkrai|Dark Pulse|p1a: Scizor\n|-damage|p1a: Scizor|0 fnt\n|faint|p1a: Scizor\n|-damage|p2a: Darkrai|188/234|[from] item: Life Orb\n|\n|upkeep\n|\n|t:|1781460527\n|switch|p1a: Chansey|Chansey, L85, F|564/564\n|-activate|p1a: Chansey|move: Sticky Web\n|-unboost|p1a: Chansey|spe|1\n|turn|15\n|\n|t:|1781460535\n|move|p2a: Darkrai|Focus Blast|p1a: Chansey|[miss]\n|-miss|p2a: Darkrai|p1a: Chansey\n|move|p1a: Chansey|Thunder Wave|p2a: Darkrai\n|-status|p2a: Darkrai|par\n|\n|upkeep\n|turn|16\n|\n|t:|1781460543\n|move|p2a: Darkrai|Focus Blast|p1a: Chansey\n|-supereffective|p1a: Chansey\n|-damage|p1a: Chansey|283/564\n|-damage|p2a: Darkrai|165/234 par|[from] item: Life Orb\n|move|p1a: Chansey|Seismic Toss|p2a: Darkrai\n|-damage|p2a: Darkrai|80/234 par\n|\n|upkeep\n|turn|17\n|\n|t:|1781460552\n|move|p2a: Darkrai|Focus Blast|p1a: Chansey\n|-supereffective|p1a: Chansey\n|-damage|p1a: Chansey|0 fnt\n|faint|p1a: Chansey\n|-damage|p2a: Darkrai|57/234 par|[from] item: Life Orb\n|\n|upkeep\n|\n|t:|1781460560\n|switch|p1a: Hawlucha|Hawlucha, L80, M|256/256\n|turn|18\n|-message|Jfhdhsgsbsvsv forfeited.\n|\n|win|sayohara\n|raw|Jfhdhsgsbsvsv's rating: 1085 &rarr; <strong>1066</strong><br />(-19 for losing)\n|raw|sayohara's rating: 1135 &rarr; <strong>1156</strong><br />(+21 for winning)\n|l|\u2606Jfhdhsgsbsvsv\n|player|p1|\n", "inputlog": ">version a8376a258c1d4662feba110a92103f3664a72141\n>start {\"formatid\":\"gen9randombattle\",\"seed\":\"sodium,64c8bf1d833f0860500577f368629463\",\"rated\":\"Rated battle\"}\n>player p1 {\"name\":\"Jfhdhsgsbsvsv\",\"avatar\":\"102\",\"rating\":1085,\"seed\":\"sodium,e56c1137aadeb85682333106565b07c3\"}\n>player p2 {\"name\":\"sayohara\",\"avatar\":\"dawn\",\"rating\":1135,\"seed\":\"sodium,e1748dc12c71d47c0e2944839319e30a\"}\n>p1 move nastyplot\n>p2 move stickyweb\n>p1 move overheat\n>p2 switch 6\n>p1 move thunderbolt\n>p2 move aquajet\n>p2 switch 5\n>p1 move thunderbolt\n>p2 move scald\n>p1 switch 3\n>p1 move woodhammer\n>p2 switch 4\n>p1 move bodypress\n>p2 move sunnyday\n>p1 move knockoff\n>p2 move weatherball\n>p1 move synthesis\n>p2 move sludgewave\n>p1 move bodypress\n>p2 move sludgewave\n>p1 switch 4\n>p1 move dragondance\n>p2 move sludgewave\n>p1 move dragonclaw terastallize\n>p2 move sludgewave\n>p2 switch 3\n>p1 move terablast\n>p2 move focusblast\n>p1 switch 2\n>p1 move swordsdance\n>p2 move nastyplot\n>p1 move swordsdance\n>p2 move darkpulse\n>p1 switch 5\n>p1 move thunderwave\n>p2 move focusblast\n>p1 move seismictoss\n>p2 move focusblast\n>p1 move softboiled\n>p2 move focusblast\n>p1 switch 6\n>forcelose p1", "uploadtime": 1781460570, "views": 3, "formatid": "gen9randombattle", "rating": 1066, "private": 0, "password": null}