{"id": "gen9randombattle-2631453581", "format": "[Gen 9] Random Battle", "players": ["cewki", "shams713"], "log": "|j|\u2606cewki\n|j|\u2606shams713\n|t:|1781386559\n|gametype|singles\n|player|p1|cewki|iono|1975\n|player|p2|shams713|101|2031\n|gen|9\n|tier|[Gen 9] Random Battle\n|rated|\n|rule|Species Clause: Limit one of each Pok\u00e9mon\n|rule|HP Percentage Mod: HP is shown in percentages\n|rule|Sleep Clause Mod: Limit one foe put to sleep\n|rule|Illusion Level Mod: Illusion disguises the Pok\u00e9mon's true level\n|\n|t:|1781386559\n|teamsize|p1|6\n|teamsize|p2|6\n|start\n|switch|p1a: Magnezone|Magnezone, L85|258/258\n|switch|p2a: Bruxish|Bruxish, L85, F|254/254\n|turn|1\n|inactive|Battle timer is ON: inactive players will automatically lose when time's up. (requested by shams713)\n|\n|t:|1781386572\n|move|p1a: Magnezone|Volt Switch|p2a: Bruxish\n|-supereffective|p2a: Bruxish\n|-damage|p2a: Bruxish|42/254\n|\n|t:|1781386598\n|switch|p1a: Mightyena|Mightyena, L96, M|290/290|[from] Volt Switch\n|-ability|p1a: Mightyena|Intimidate|boost\n|-unboost|p2a: Bruxish|atk|1\n|move|p2a: Bruxish|Wave Crash|p1a: Mightyena\n|-damage|p1a: Mightyena|137/290\n|-damage|p2a: Bruxish|0 fnt|[from] Recoil\n|faint|p2a: Bruxish\n|\n|upkeep\n|\n|t:|1781386624\n|switch|p2a: Smeargle|Smeargle, L95, F|258/258\n|turn|2\n|\n|t:|1781386642\n|move|p2a: Smeargle|Spore|p1a: Mightyena\n|-status|p1a: Mightyena|slp|[from] move: Spore\n|cant|p1a: Mightyena|slp\n|\n|upkeep\n|turn|3\n|\n|t:|1781386651\n|switch|p1a: Incineroar|Incineroar, L82, F|290/290\n|-ability|p1a: Incineroar|Intimidate|boost\n|-fail|p2a: Smeargle|unboost|Attack|[from] ability: Own Tempo|[of] p2a: Smeargle\n|move|p2a: Smeargle|Sticky Web|p1a: Incineroar\n|-sidestart|p1: cewki|move: Sticky Web\n|\n|upkeep\n|turn|4\n|\n|t:|1781386657\n|move|p2a: Smeargle|Ceaseless Edge|p1a: Incineroar|[miss]\n|-miss|p2a: Smeargle|p1a: Incineroar\n|move|p1a: Incineroar|Close Combat|p2a: Smeargle\n|-supereffective|p2a: Smeargle\n|-enditem|p2a: Smeargle|Focus Sash\n|-damage|p2a: Smeargle|1/258\n|-unboost|p1a: Incineroar|def|1\n|-unboost|p1a: Incineroar|spd|1\n|\n|upkeep\n|turn|5\n|\n|t:|1781386661\n|move|p2a: Smeargle|Ceaseless Edge|p1a: Incineroar|[miss]\n|-miss|p2a: Smeargle|p1a: Incineroar\n|move|p1a: Incineroar|Knock Off|p2a: Smeargle\n|-damage|p2a: Smeargle|0 fnt\n|faint|p2a: Smeargle\n|\n|upkeep\n|\n|t:|1781386671\n|switch|p2a: Iron Thorns|Iron Thorns, L83|302/302\n|-item|p2a: Iron Thorns|Air Balloon\n|turn|6\n|\n|t:|1781386676\n|switch|p1a: Mightyena|Mightyena, L96, M|137/290 slp\n|-activate|p1a: Mightyena|move: Sticky Web\n|-unboost|p1a: Mightyena|spe|1\n|-ability|p1a: Mightyena|Intimidate|boost\n|-unboost|p2a: Iron Thorns|atk|1\n|move|p2a: Iron Thorns|Stealth Rock|p1a: Mightyena\n|-sidestart|p1: cewki|move: Stealth Rock\n|\n|upkeep\n|turn|7\n|\n|t:|1781386685\n|move|p2a: Iron Thorns|Wild Charge|p1a: Mightyena\n|-damage|p1a: Mightyena|55/290 slp\n|-damage|p2a: Iron Thorns|281/302|[from] Recoil\n|cant|p1a: Mightyena|slp\n|\n|upkeep\n|turn|8\n|\n|t:|1781386691\n|move|p2a: Iron Thorns|Wild Charge|p1a: Mightyena\n|-damage|p1a: Mightyena|0 fnt\n|faint|p1a: Mightyena\n|-damage|p2a: Iron Thorns|267/302|[from] Recoil\n|\n|upkeep\n|\n|t:|1781386701\n|switch|p1a: Typhlosion|Typhlosion, L84, M|267/267\n|-activate|p1a: Typhlosion|move: Sticky Web\n|-unboost|p1a: Typhlosion|spe|1\n|-damage|p1a: Typhlosion|201/267|[from] Stealth Rock\n|turn|9\n|\n|t:|1781386713\n|move|p1a: Typhlosion|Focus Blast|p2a: Iron Thorns|[miss]\n|-miss|p1a: Typhlosion|p2a: Iron Thorns\n|move|p2a: Iron Thorns|Stone Edge|p1a: Typhlosion\n|-supereffective|p1a: Typhlosion\n|-damage|p1a: Typhlosion|9/267\n|\n|upkeep\n|turn|10\n|\n|t:|1781386724\n|move|p1a: Typhlosion|Focus Blast|p2a: Iron Thorns|[miss]\n|-miss|p1a: Typhlosion|p2a: Iron Thorns\n|move|p2a: Iron Thorns|Wild Charge|p1a: Typhlosion\n|-damage|p1a: Typhlosion|0 fnt\n|faint|p1a: Typhlosion\n|-damage|p2a: Iron Thorns|265/302|[from] Recoil\n|\n|upkeep\n|inactive|cewki has 120 seconds left.\n|\n|t:|1781386779\n|switch|p1a: Electrode|Electrode-Hisui, L87|246/246\n|-activate|p1a: Electrode|move: Sticky Web\n|-unboost|p1a: Electrode|spe|1\n|-damage|p1a: Electrode|216/246|[from] Stealth Rock\n|turn|11\n|\n|t:|1781386787\n|move|p1a: Electrode|Giga Drain|p2a: Iron Thorns\n|-supereffective|p2a: Iron Thorns\n|-damage|p2a: Iron Thorns|125/302\n|-heal|p1a: Electrode|246/246|[from] drain|[of] p2a: Iron Thorns\n|-enditem|p2a: Iron Thorns|Air Balloon\n|move|p2a: Iron Thorns|Ice Punch|p1a: Electrode\n|-supereffective|p1a: Electrode\n|-damage|p1a: Electrode|134/246\n|-status|p1a: Electrode|frz\n|\n|-heal|p1a: Electrode|149/246 frz|[from] item: Leftovers\n|upkeep\n|turn|12\n|inactive|cewki has 90 seconds left.\n|\n|t:|1781386815\n|-end|p2a: Iron Thorns|Quark Drive|[silent]\n|switch|p2a: Conkeldurr|Conkeldurr, L80, M|299/299\n|cant|p1a: Electrode|frz\n|\n|-heal|p1a: Electrode|164/246 frz|[from] item: Leftovers\n|-status|p2a: Conkeldurr|brn|[from] item: Flame Orb\n|upkeep\n|turn|13\n|\n|t:|1781386822\n|-curestatus|p1a: Electrode|frz|[msg]\n|move|p1a: Electrode|Leech Seed|p2a: Conkeldurr\n|-start|p2a: Conkeldurr|move: Leech Seed\n|move|p2a: Conkeldurr|Close Combat|p1a: Electrode\n|-damage|p1a: Electrode|0 fnt\n|-unboost|p2a: Conkeldurr|def|1\n|-unboost|p2a: Conkeldurr|spd|1\n|faint|p1a: Electrode\n|\n|-damage|p2a: Conkeldurr|281/299 brn|[from] brn\n|upkeep\n|\n|t:|1781386829\n|switch|p1a: Ogerpon|Ogerpon-Wellspring, L76, F|247/247\n|-activate|p1a: Ogerpon|move: Sticky Web\n|-unboost|p1a: Ogerpon|spe|1\n|-damage|p1a: Ogerpon|217/247|[from] Stealth Rock\n|turn|14\n|\n|t:|1781386840\n|switch|p2a: Iron Thorns|Iron Thorns, L83|125/302\n|-terastallize|p1a: Ogerpon|Water\n|detailschange|p1a: Ogerpon|Ogerpon-Wellspring-Tera, L76, F, tera:Water\n|-ability|p1a: Ogerpon|Embody Aspect (Wellspring)|boost\n|-boost|p1a: Ogerpon|spd|1\n|move|p1a: Ogerpon|Ivy Cudgel|p2a: Iron Thorns|[anim] Ivy Cudgel Water\n|-supereffective|p2a: Iron Thorns\n|-damage|p2a: Iron Thorns|0 fnt\n|faint|p2a: Iron Thorns\n|-end|p2a: Iron Thorns|Quark Drive|[silent]\n|\n|upkeep\n|\n|t:|1781386845\n|switch|p2a: Conkeldurr|Conkeldurr, L80, M|281/299 brn\n|turn|15\n|\n|t:|1781386853\n|move|p1a: Ogerpon|Play Rough|p2a: Conkeldurr\n|-supereffective|p2a: Conkeldurr\n|-damage|p2a: Conkeldurr|137/299 brn\n|move|p2a: Conkeldurr|Close Combat|p1a: Ogerpon\n|-damage|p1a: Ogerpon|0 fnt\n|-unboost|p2a: Conkeldurr|def|1\n|-unboost|p2a: Conkeldurr|spd|1\n|faint|p1a: Ogerpon\n|detailschange|p1: Ogerpon|Ogerpon-Wellspring, L76, F|[silent]\n|\n|-damage|p2a: Conkeldurr|119/299 brn|[from] brn\n|upkeep\n|\n|t:|1781386858\n|switch|p1a: Magnezone|Magnezone, L85|258/258\n|-activate|p1a: Magnezone|move: Sticky Web\n|-unboost|p1a: Magnezone|spe|1\n|-damage|p1a: Magnezone|242/258|[from] Stealth Rock\n|turn|16\n|\n|t:|1781386869\n|move|p2a: Conkeldurr|Mach Punch|p1a: Magnezone\n|-supereffective|p1a: Magnezone\n|-damage|p1a: Magnezone|108/258\n|move|p1a: Magnezone|Thunderbolt|p2a: Conkeldurr\n|-damage|p2a: Conkeldurr|0 fnt\n|faint|p2a: Conkeldurr\n|\n|upkeep\n|\n|t:|1781386875\n|switch|p2a: Eelektross|Eelektross, L87, M|290/290\n|turn|17\n|c|\u2606shams713|gg\n|inactive|cewki has 120 seconds left.\n|\n|t:|1781386893\n|move|p1a: Magnezone|Thunderbolt|p2a: Eelektross\n|-resisted|p2a: Eelektross\n|-damage|p2a: Eelektross|231/290\n|move|p2a: Eelektross|Coil|p2a: Eelektross\n|-boost|p2a: Eelektross|atk|1\n|-boost|p2a: Eelektross|def|1\n|-boost|p2a: Eelektross|accuracy|1\n|\n|-heal|p2a: Eelektross|249/290|[from] item: Leftovers\n|upkeep\n|turn|18\n|\n|t:|1781386897\n|switch|p1a: Incineroar|Incineroar, L82, F|290/290\n|-ability|p1a: Incineroar|Intimidate|boost\n|-unboost|p2a: Eelektross|atk|1\n|move|p2a: Eelektross|Coil|p2a: Eelektross\n|-boost|p2a: Eelektross|atk|1\n|-boost|p2a: Eelektross|def|1\n|-boost|p2a: Eelektross|accuracy|1\n|\n|-heal|p2a: Eelektross|267/290|[from] item: Leftovers\n|upkeep\n|turn|19\n|\n|t:|1781386904\n|move|p1a: Incineroar|Parting Shot|p2a: Eelektross\n|-unboost|p2a: Eelektross|atk|1\n|-unboost|p2a: Eelektross|spa|1\n|\n|t:|1781386922\n|switch|p1a: Magnezone|Magnezone, L85|108/258|[from] Parting Shot\n|-activate|p1a: Magnezone|move: Sticky Web\n|-unboost|p1a: Magnezone|spe|1\n|-damage|p1a: Magnezone|92/258|[from] Stealth Rock\n|move|p2a: Eelektross|Drain Punch|p1a: Magnezone\n|-supereffective|p1a: Magnezone\n|-damage|p1a: Magnezone|0 fnt\n|-heal|p2a: Eelektross|290/290|[from] drain|[of] p1a: Magnezone\n|faint|p1a: Magnezone\n|\n|upkeep\n|\n|t:|1781386923\n|switch|p1a: Incineroar|Incineroar, L82, F|290/290\n|-ability|p1a: Incineroar|Intimidate|boost\n|-unboost|p2a: Eelektross|atk|1\n|turn|20\n|l|\u2606cewki\n|inactive|cewki disconnected and has a minute to reconnect!\n|player|p1|\n|inactive|cewki has 30 seconds to reconnect!\n|inactive|cewki has 20 seconds to reconnect!\n|inactive|cewki has 15 seconds to reconnect!\n|inactive|cewki has 10 seconds to reconnect!\n|inactive|cewki has 5 seconds to reconnect!\n|-message|cewki lost due to inactivity.\n|\n|win|shams713\n", "inputlog": ">version a8376a258c1d4662feba110a92103f3664a72141\n>start {\"formatid\":\"gen9randombattle\",\"seed\":\"sodium,1022235d23012d4b841468543250b80a\",\"rated\":\"Rated battle\"}\n>player p1 {\"name\":\"cewki\",\"avatar\":\"iono\",\"rating\":1975,\"seed\":\"sodium,265281e95c18699e3fa55e5d08fbf141\"}\n>player p2 {\"name\":\"shams713\",\"avatar\":\"101\",\"rating\":2031,\"seed\":\"sodium,f594225f20ee34656a4096783ba285a1\"}\n>p1 move voltswitch\n>p2 move wavecrash\n>p1 switch 5\n>p2 switch 6\n>p1 move throatchop\n>p2 move spore\n>p1 switch 2\n>p2 move stickyweb\n>p1 move closecombat\n>p2 move ceaselessedge\n>p1 move knockoff\n>p2 move ceaselessedge\n>p2 switch 5\n>p1 switch 2\n>p2 move stealthrock\n>p1 move superfang\n>p2 move wildcharge\n>p1 move superfang\n>p2 move wildcharge\n>p1 switch 6\n>p1 move focusblast\n>p2 move stoneedge\n>p1 move focusblast\n>p2 move wildcharge\n>p1 switch 3\n>p1 move gigadrain\n>p2 move icepunch\n>p1 move gigadrain\n>p2 switch 3\n>p1 move leechseed\n>p2 move closecombat\n>p1 switch 4\n>p1 move ivycudgel terastallize\n>p2 switch 3\n>p2 switch 3\n>p1 move playrough\n>p2 move closecombat\n>p1 switch 5\n>p1 move thunderbolt\n>p2 move machpunch\n>p2 switch 4\n>chat \u2606shams713|gg\n>p1 move thunderbolt\n>p2 move coil\n>p1 switch 2\n>p2 move coil\n>p1 move partingshot\n>p2 move drainpunch\n>p1 switch 2\n>p1 switch 2\n>forcelose p1", "uploadtime": 1781386561, "views": 6, "formatid": "gen9randombattle", "rating": null, "private": 0, "password": null}