{"id": "gen9randombattle-2631765616", "format": "[Gen 9] Random Battle", "players": ["Ggstarmie", "grafitigreifer"], "log": "|j|\u2606Ggstarmie\n|j|\u2606grafitigreifer\n|t:|1781436191\n|gametype|singles\n|player|p1|Ggstarmie|1|2028\n|player|p2|grafitigreifer|hanbei-conquest|2031\n|gen|9\n|tier|[Gen 9] Random Battle\n|rated|\n|rule|Species Clause: Limit one of each Pok\u00e9mon\n|rule|HP Percentage Mod: HP is shown in percentages\n|rule|Sleep Clause Mod: Limit one foe put to sleep\n|rule|Illusion Level Mod: Illusion disguises the Pok\u00e9mon's true level\n|\n|t:|1781436191\n|teamsize|p1|6\n|teamsize|p2|6\n|start\n|switch|p1a: Chesnaught|Chesnaught, L84, M|285/285\n|switch|p2a: Entei|Entei, L78|307/307\n|turn|1\n|\n|t:|1781436199\n|switch|p1a: Heatran|Heatran, L79, M|273/273\n|-item|p1a: Heatran|Air Balloon\n|move|p2a: Entei|Sacred Fire|p1a: Heatran\n|-start|p1a: Heatran|ability: Flash Fire\n|\n|upkeep\n|turn|2\n|\n|t:|1781436205\n|switch|p2a: Quagsire|Quagsire, L84, F|297/297\n|move|p1a: Heatran|Stealth Rock|p2a: Quagsire\n|-sidestart|p2: grafitigreifer|move: Stealth Rock\n|\n|upkeep\n|turn|3\n|\n|t:|1781436209\n|-end|p1a: Heatran|ability: Flash Fire|[silent]\n|switch|p1a: Chesnaught|Chesnaught, L84, M|285/285\n|move|p2a: Quagsire|Ice Beam|p1a: Chesnaught\n|-supereffective|p1a: Chesnaught\n|-damage|p1a: Chesnaught|185/285\n|\n|-heal|p1a: Chesnaught|202/285|[from] item: Leftovers\n|upkeep\n|turn|4\n|\n|t:|1781436218\n|switch|p2a: Duraludon|Duraludon, L82, F|249/249\n|-damage|p2a: Duraludon|234/249|[from] Stealth Rock\n|move|p1a: Chesnaught|Iron Defense|p1a: Chesnaught\n|-boost|p1a: Chesnaught|def|2\n|\n|-heal|p1a: Chesnaught|219/285|[from] item: Leftovers\n|upkeep\n|turn|5\n|\n|t:|1781436222\n|move|p1a: Chesnaught|Trailblaze|p2a: Duraludon\n|-resisted|p2a: Duraludon\n|-damage|p2a: Duraludon|227/249\n|-boost|p1a: Chesnaught|spe|1\n|move|p2a: Duraludon|Dragon Tail|p1a: Chesnaught\n|-damage|p1a: Chesnaught|194/285\n|drag|p1a: Copperajah|Copperajah, L86, F|350/350\n|\n|upkeep\n|turn|6\n|\n|t:|1781436227\n|move|p2a: Duraludon|Body Press|p1a: Copperajah\n|-supereffective|p1a: Copperajah\n|-damage|p1a: Copperajah|202/350\n|move|p1a: Copperajah|Superpower|p2a: Duraludon\n|-supereffective|p2a: Duraludon\n|-damage|p2a: Duraludon|55/249\n|-unboost|p1a: Copperajah|atk|1\n|-unboost|p1a: Copperajah|def|1\n|-damage|p1a: Copperajah|167/350|[from] item: Life Orb\n|\n|upkeep\n|turn|7\n|\n|t:|1781436232\n|switch|p1a: Chesnaught|Chesnaught, L84, M|194/285\n|move|p2a: Duraludon|Body Press|p1a: Chesnaught\n|-damage|p1a: Chesnaught|147/285\n|\n|-heal|p1a: Chesnaught|164/285|[from] item: Leftovers\n|upkeep\n|turn|8\n|\n|t:|1781436235\n|move|p2a: Duraludon|Draco Meteor|p1a: Chesnaught|[miss]\n|-miss|p2a: Duraludon|p1a: Chesnaught\n|move|p1a: Chesnaught|Synthesis|p1a: Chesnaught\n|-heal|p1a: Chesnaught|285/285\n|\n|upkeep\n|turn|9\n|\n|t:|1781436238\n|move|p2a: Duraludon|Draco Meteor|p1a: Chesnaught\n|-damage|p1a: Chesnaught|111/285\n|-unboost|p2a: Duraludon|spa|2\n|move|p1a: Chesnaught|Body Press|p2a: Duraludon\n|-supereffective|p2a: Duraludon\n|-damage|p2a: Duraludon|0 fnt\n|faint|p2a: Duraludon\n|\n|-heal|p1a: Chesnaught|128/285|[from] item: Leftovers\n|upkeep\n|\n|t:|1781436244\n|switch|p2a: Meloetta|Meloetta, L82|298/298\n|-damage|p2a: Meloetta|261/298|[from] Stealth Rock\n|turn|10\n|\n|t:|1781436258\n|switch|p1a: Copperajah|Copperajah, L86, F|167/350\n|move|p2a: Meloetta|Hyper Voice|p1a: Copperajah\n|-resisted|p1a: Copperajah\n|-damage|p1a: Copperajah|73/350\n|\n|upkeep\n|turn|11\n|\n|t:|1781436261\n|move|p2a: Meloetta|Hyper Voice|p1a: Copperajah\n|-resisted|p1a: Copperajah\n|-damage|p1a: Copperajah|0 fnt\n|faint|p1a: Copperajah\n|\n|upkeep\n|\n|t:|1781436266\n|switch|p1a: Meloetta|Meloetta, L82|298/298\n|turn|12\n|\n|t:|1781436270\n|move|p1a: Meloetta|Relic Song|p2a: Meloetta\n|-crit|p2a: Meloetta\n|-damage|p2a: Meloetta|115/298\n|-formechange|p1a: Meloetta|Meloetta-Pirouette|[msg]\n|-damage|p1a: Meloetta|269/298|[from] item: Life Orb\n|move|p2a: Meloetta|Hyper Voice|p1a: Meloetta\n|-damage|p1a: Meloetta|70/298\n|\n|upkeep\n|turn|13\n|\n|t:|1781436278\n|switch|p2a: Garchomp|Garchomp, L74, M|282/282\n|-damage|p2a: Garchomp|265/282|[from] Stealth Rock\n|move|p1a: Meloetta|Knock Off|p2a: Garchomp\n|-damage|p2a: Garchomp|151/282\n|-damage|p1a: Meloetta|33/298|[from] ability: Rough Skin|[of] p2a: Garchomp\n|-enditem|p2a: Garchomp|Loaded Dice|[from] move: Knock Off|[of] p1a: Meloetta\n|-damage|p1a: Meloetta|4/298|[from] item: Life Orb\n|\n|upkeep\n|turn|14\n|\n|t:|1781436286\n|move|p1a: Meloetta|Close Combat|p2a: Garchomp\n|-damage|p2a: Garchomp|0 fnt\n|-unboost|p1a: Meloetta|def|1\n|-unboost|p1a: Meloetta|spd|1\n|-damage|p1a: Meloetta|0 fnt|[from] ability: Rough Skin|[of] p2a: Garchomp\n|faint|p2a: Garchomp\n|faint|p1a: Meloetta\n|\n|upkeep\n|\n|t:|1781436303\n|switch|p1a: Heatran|Heatran, L79, M|273/273\n|switch|p2a: Volcanion|Volcanion, L79|255/255\n|-damage|p2a: Volcanion|192/255|[from] Stealth Rock\n|-item|p1a: Heatran|Air Balloon\n|turn|15\n|\n|t:|1781436314\n|switch|p1a: Chesnaught|Chesnaught, L84, M|128/285\n|move|p2a: Volcanion|Steam Eruption|p1a: Chesnaught\n|-resisted|p1a: Chesnaught\n|-damage|p1a: Chesnaught|53/285\n|\n|-heal|p1a: Chesnaught|70/285|[from] item: Leftovers\n|upkeep\n|turn|16\n|\n|t:|1781436319\n|move|p2a: Volcanion|Steam Eruption|p1a: Chesnaught\n|-resisted|p1a: Chesnaught\n|-damage|p1a: Chesnaught|1/285\n|-status|p1a: Chesnaught|brn\n|move|p1a: Chesnaught|Synthesis|p1a: Chesnaught\n|-heal|p1a: Chesnaught|143/285 brn\n|\n|-heal|p1a: Chesnaught|160/285 brn|[from] item: Leftovers\n|-damage|p1a: Chesnaught|143/285 brn|[from] brn\n|upkeep\n|turn|17\n|\n|t:|1781436330\n|switch|p2a: Meloetta|Meloetta, L82|115/298\n|-damage|p2a: Meloetta|78/298|[from] Stealth Rock\n|move|p1a: Chesnaught|Trailblaze|p2a: Meloetta\n|-damage|p2a: Meloetta|45/298\n|-boost|p1a: Chesnaught|spe|1\n|\n|-heal|p1a: Chesnaught|160/285 brn|[from] item: Leftovers\n|-damage|p1a: Chesnaught|143/285 brn|[from] brn\n|upkeep\n|turn|18\n|\n|t:|1781436338\n|move|p1a: Chesnaught|Body Press|p2a: Meloetta\n|-damage|p2a: Meloetta|0 fnt\n|faint|p2a: Meloetta\n|\n|-heal|p1a: Chesnaught|160/285 brn|[from] item: Leftovers\n|-damage|p1a: Chesnaught|143/285 brn|[from] brn\n|upkeep\n|\n|t:|1781436342\n|switch|p2a: Entei|Entei, L78|307/307\n|-damage|p2a: Entei|231/307|[from] Stealth Rock\n|turn|19\n|\n|t:|1781436364\n|switch|p1a: Heatran|Heatran, L79, M|273/273\n|-item|p1a: Heatran|Air Balloon\n|move|p2a: Entei|Sacred Fire|p1a: Heatran\n|-start|p1a: Heatran|ability: Flash Fire\n|\n|upkeep\n|turn|20\n|\n|t:|1781436369\n|switch|p2a: Quagsire|Quagsire, L84, F|297/297\n|-damage|p2a: Quagsire|279/297|[from] Stealth Rock\n|move|p1a: Heatran|Lava Plume|p2a: Quagsire\n|-resisted|p2a: Quagsire\n|-damage|p2a: Quagsire|188/297\n|-status|p2a: Quagsire|brn\n|\n|-heal|p2a: Quagsire|206/297 brn|[from] item: Leftovers\n|-damage|p2a: Quagsire|188/297 brn|[from] brn\n|upkeep\n|turn|21\n|\n|t:|1781436381\n|-end|p1a: Heatran|ability: Flash Fire|[silent]\n|switch|p1a: Chesnaught|Chesnaught, L84, M|143/285 brn\n|move|p2a: Quagsire|Ice Beam|p1a: Chesnaught\n|-supereffective|p1a: Chesnaught\n|-damage|p1a: Chesnaught|29/285 brn\n|\n|-heal|p1a: Chesnaught|46/285 brn|[from] item: Leftovers\n|-heal|p2a: Quagsire|206/297 brn|[from] item: Leftovers\n|-damage|p1a: Chesnaught|29/285 brn|[from] brn\n|-damage|p2a: Quagsire|188/297 brn|[from] brn\n|upkeep\n|turn|22\n|\n|t:|1781436385\n|move|p1a: Chesnaught|Synthesis|p1a: Chesnaught\n|-heal|p1a: Chesnaught|171/285 brn\n|move|p2a: Quagsire|Ice Beam|p1a: Chesnaught\n|-supereffective|p1a: Chesnaught\n|-damage|p1a: Chesnaught|69/285 brn\n|\n|-heal|p1a: Chesnaught|86/285 brn|[from] item: Leftovers\n|-heal|p2a: Quagsire|206/297 brn|[from] item: Leftovers\n|-damage|p1a: Chesnaught|69/285 brn|[from] brn\n|-damage|p2a: Quagsire|188/297 brn|[from] brn\n|upkeep\n|turn|23\n|\n|t:|1781436388\n|move|p1a: Chesnaught|Synthesis|p1a: Chesnaught\n|-heal|p1a: Chesnaught|211/285 brn\n|move|p2a: Quagsire|Recover|p2a: Quagsire\n|-heal|p2a: Quagsire|297/297 brn\n|\n|-heal|p1a: Chesnaught|228/285 brn|[from] item: Leftovers\n|-damage|p1a: Chesnaught|211/285 brn|[from] brn\n|-damage|p2a: Quagsire|279/297 brn|[from] brn\n|upkeep\n|turn|24\n|\n|t:|1781436394\n|switch|p2a: Entei|Entei, L78|231/307\n|-damage|p2a: Entei|155/307|[from] Stealth Rock\n|move|p1a: Chesnaught|Trailblaze|p2a: Entei\n|-resisted|p2a: Entei\n|-damage|p2a: Entei|140/307\n|-boost|p1a: Chesnaught|spe|1\n|\n|-heal|p1a: Chesnaught|228/285 brn|[from] item: Leftovers\n|-damage|p1a: Chesnaught|211/285 brn|[from] brn\n|upkeep\n|turn|25\n|\n|t:|1781436398\n|switch|p1a: Heatran|Heatran, L79, M|273/273\n|-item|p1a: Heatran|Air Balloon\n|move|p2a: Entei|Sacred Fire|p1a: Heatran\n|-start|p1a: Heatran|ability: Flash Fire\n|\n|upkeep\n|turn|26\n|\n|t:|1781436400\n|switch|p2a: Quagsire|Quagsire, L84, F|279/297 brn\n|-damage|p2a: Quagsire|261/297 brn|[from] Stealth Rock\n|move|p1a: Heatran|Lava Plume|p2a: Quagsire\n|-resisted|p2a: Quagsire\n|-damage|p2a: Quagsire|179/297 brn\n|\n|-heal|p2a: Quagsire|197/297 brn|[from] item: Leftovers\n|-damage|p2a: Quagsire|179/297 brn|[from] brn\n|upkeep\n|turn|27\n|\n|t:|1781436413\n|-end|p1a: Heatran|ability: Flash Fire|[silent]\n|switch|p1a: Chesnaught|Chesnaught, L84, M|211/285 brn\n|move|p2a: Quagsire|Ice Beam|p1a: Chesnaught\n|-supereffective|p1a: Chesnaught\n|-damage|p1a: Chesnaught|107/285 brn\n|\n|-heal|p1a: Chesnaught|124/285 brn|[from] item: Leftovers\n|-heal|p2a: Quagsire|197/297 brn|[from] item: Leftovers\n|-damage|p1a: Chesnaught|107/285 brn|[from] brn\n|-damage|p2a: Quagsire|179/297 brn|[from] brn\n|upkeep\n|turn|28\n|\n|t:|1781436417\n|move|p1a: Chesnaught|Trailblaze|p2a: Quagsire\n|-supereffective|p2a: Quagsire\n|-damage|p2a: Quagsire|51/297 brn\n|-boost|p1a: Chesnaught|spe|1\n|move|p2a: Quagsire|Ice Beam|p1a: Chesnaught\n|-supereffective|p1a: Chesnaught\n|-damage|p1a: Chesnaught|5/285 brn\n|\n|-heal|p1a: Chesnaught|22/285 brn|[from] item: Leftovers\n|-heal|p2a: Quagsire|69/297 brn|[from] item: Leftovers\n|-damage|p1a: Chesnaught|5/285 brn|[from] brn\n|-damage|p2a: Quagsire|51/297 brn|[from] brn\n|upkeep\n|turn|29\n|\n|t:|1781436420\n|move|p1a: Chesnaught|Trailblaze|p2a: Quagsire\n|-supereffective|p2a: Quagsire\n|-damage|p2a: Quagsire|0 fnt\n|-boost|p1a: Chesnaught|spe|1\n|faint|p2a: Quagsire\n|\n|-heal|p1a: Chesnaught|22/285 brn|[from] item: Leftovers\n|-damage|p1a: Chesnaught|5/285 brn|[from] brn\n|upkeep\n|\n|t:|1781436424\n|switch|p2a: Volcanion|Volcanion, L79|192/255\n|-damage|p2a: Volcanion|129/255|[from] Stealth Rock\n|turn|30\n|\n|t:|1781436427\n|move|p1a: Chesnaught|Body Press|p2a: Volcanion\n|-damage|p2a: Volcanion|85/255\n|move|p2a: Volcanion|Steam Eruption|p1a: Chesnaught\n|-resisted|p1a: Chesnaught\n|-damage|p1a: Chesnaught|0 fnt\n|faint|p1a: Chesnaught\n|\n|upkeep\n|\n|t:|1781436432\n|switch|p1a: Terrakion|Terrakion, L79|273/273\n|turn|31\n|\n|t:|1781436435\n|move|p2a: Volcanion|Steam Eruption|p1a: Terrakion\n|-supereffective|p1a: Terrakion\n|-damage|p1a: Terrakion|7/273\n|-status|p1a: Terrakion|brn\n|move|p1a: Terrakion|Earthquake|p2a: Volcanion\n|-supereffective|p2a: Volcanion\n|-damage|p2a: Volcanion|0 fnt\n|faint|p2a: Volcanion\n|-damage|p1a: Terrakion|0 fnt|[from] item: Life Orb\n|faint|p1a: Terrakion\n|\n|upkeep\n|\n|t:|1781436440\n|switch|p1a: Heatran|Heatran, L79, M|273/273\n|switch|p2a: Entei|Entei, L78|140/307\n|-damage|p2a: Entei|64/307|[from] Stealth Rock\n|-item|p1a: Heatran|Air Balloon\n|turn|32\n|\n|t:|1781436443\n|move|p2a: Entei|Extreme Speed|p1a: Heatran\n|-resisted|p1a: Heatran\n|-crit|p1a: Heatran\n|-damage|p1a: Heatran|212/273\n|-enditem|p1a: Heatran|Air Balloon\n|move|p1a: Heatran|Earth Power|p2a: Entei\n|-supereffective|p2a: Entei\n|-damage|p2a: Entei|0 fnt\n|faint|p2a: Entei\n|\n|win|Ggstarmie\n", "uploadtime": 1781436192, "views": 3, "formatid": "gen9randombattle", "rating": null, "private": 0, "password": null}