{"id": "gen9randombattle-2631561688", "format": "[Gen 9] Random Battle", "players": ["tung sahur sahur", "saerfgyu"], "log": "|j|\u2606tung sahur sahur\n|j|\u2606saerfgyu\n|t:|1781401602\n|gametype|singles\n|player|p1|tung sahur sahur|170|1000\n|player|p2|saerfgyu|101|1000\n|gen|9\n|tier|[Gen 9] Random Battle\n|rated|\n|rule|Species Clause: Limit one of each Pok\u00e9mon\n|rule|HP Percentage Mod: HP is shown in percentages\n|rule|Sleep Clause Mod: Limit one foe put to sleep\n|rule|Illusion Level Mod: Illusion disguises the Pok\u00e9mon's true level\n|\n|t:|1781401602\n|teamsize|p1|6\n|teamsize|p2|6\n|start\n|switch|p1a: Cresselia|Cresselia, L80, F|323/323\n|switch|p2a: Zebstrika|Zebstrika, L87, M|272/272\n|turn|1\n|\n|t:|1781401615\n|switch|p1a: Camerupt|Camerupt, L91, M|275/275\n|move|p2a: Zebstrika|Volt Switch|p1a: Camerupt\n|-immune|p1a: Camerupt\n|\n|upkeep\n|turn|2\n|inactive|Battle timer is ON: inactive players will automatically lose when time's up. (requested by tung sahur sahur)\n|\n|t:|1781401654\n|switch|p2a: Regigigas|Regigigas, L84|322/322\n|-start|p2a: Regigigas|ability: Slow Start\n|move|p1a: Camerupt|Stealth Rock|p2a: Regigigas\n|-sidestart|p2: saerfgyu|move: Stealth Rock\n|\n|upkeep\n|turn|3\n|\n|t:|1781401672\n|move|p2a: Regigigas|Body Slam|p1a: Camerupt\n|-damage|p1a: Camerupt|197/275\n|-status|p1a: Camerupt|par\n|move|p1a: Camerupt|Roar|p2a: Regigigas\n|drag|p2a: Beartic|Beartic, L91, F|219/219\n|-damage|p2a: Beartic|192/219|[from] Stealth Rock\n|\n|-heal|p1a: Camerupt|214/275 par|[from] item: Leftovers\n|upkeep\n|turn|4\n|\n|t:|1781401694\n|-terastallize|p2a: Beartic|Normal\n|move|p2a: Beartic|Focus Blast|p1a: Camerupt\n|-damage|p1a: Camerupt|84/275 par\n|-damage|p2a: Beartic|171/219|[from] item: Life Orb\n|move|p1a: Camerupt|Overheat|p2a: Beartic|[miss]\n|-miss|p1a: Camerupt|p2a: Beartic\n|\n|-heal|p1a: Camerupt|101/275 par|[from] item: Leftovers\n|upkeep\n|turn|5\n|\n|t:|1781401712\n|move|p2a: Beartic|Focus Blast|p1a: Camerupt|[miss]\n|-miss|p2a: Beartic|p1a: Camerupt\n|move|p1a: Camerupt|Roar|p2a: Beartic\n|drag|p2a: Reuniclus|Reuniclus, L88, M|337/337\n|\n|-heal|p1a: Camerupt|118/275 par|[from] item: Leftovers\n|upkeep\n|turn|6\n|\n|t:|1781401734\n|move|p2a: Reuniclus|Calm Mind|p2a: Reuniclus\n|-boost|p2a: Reuniclus|spa|1\n|-boost|p2a: Reuniclus|spd|1\n|move|p1a: Camerupt|Roar|p2a: Reuniclus\n|drag|p2a: Beartic|Beartic, L91, F, tera:Normal|171/219\n|-damage|p2a: Beartic|144/219|[from] Stealth Rock\n|\n|-heal|p1a: Camerupt|135/275 par|[from] item: Leftovers\n|upkeep\n|turn|7\n|\n|t:|1781401748\n|move|p2a: Beartic|Focus Blast|p1a: Camerupt|[miss]\n|-miss|p2a: Beartic|p1a: Camerupt\n|move|p1a: Camerupt|Earthquake|p2a: Beartic\n|-damage|p2a: Beartic|0 fnt\n|replace|p2a: Zoroark|Zoroark-Hisui, L80, M\n|-end|p2a: Zoroark|Illusion\n|-hint|Illusion Level Mod is active, so this Pok\u00e9mon's true level was hidden.\n|faint|p2a: Zoroark\n|\n|-heal|p1a: Camerupt|152/275 par|[from] item: Leftovers\n|upkeep\n|inactive|saerfgyu has 120 seconds left.\n|\n|t:|1781401761\n|switch|p2a: Regigigas|Regigigas, L84|322/322\n|-damage|p2a: Regigigas|282/322|[from] Stealth Rock\n|-start|p2a: Regigigas|ability: Slow Start\n|turn|8\n|\n|t:|1781401768\n|move|p2a: Regigigas|Knock Off|p1a: Camerupt\n|-damage|p1a: Camerupt|92/275 par\n|-enditem|p1a: Camerupt|Leftovers|[from] move: Knock Off|[of] p2a: Regigigas\n|cant|p1a: Camerupt|par\n|\n|-heal|p2a: Regigigas|302/322|[from] item: Leftovers\n|upkeep\n|turn|9\n|l|\u2606tung sahur sahur\n|inactive|tung sahur sahur disconnected and has a minute to reconnect!\n|player|p1|\n|inactive|tung sahur sahur has 30 seconds to reconnect!\n|j|\u2606tung sahur sahur\n|inactive|tung sahur sahur reconnected and has 115 seconds left.\n|player|p1|tung sahur sahur|170|\n|inactive|tung sahur sahur has 90 seconds left.\n|-message|saerfgyu forfeited.\n|\n|win|tung sahur sahur\n|raw|tung sahur sahur's rating: 1000 &rarr; <strong>1040</strong><br />(+40 for winning)\n|raw|saerfgyu's rating: 1000 &rarr; <strong>1000</strong><br />(+0 for losing)\n|l|\u2606saerfgyu\n|player|p2|\n", "inputlog": ">version a8376a258c1d4662feba110a92103f3664a72141\n>start {\"formatid\":\"gen9randombattle\",\"seed\":\"sodium,b2a228bc15c8ab8257a81a04a2fea0fe\",\"rated\":\"Rated battle\"}\n>player p1 {\"name\":\"tung sahur sahur\",\"avatar\":\"170\",\"rating\":1000,\"seed\":\"sodium,619be30583b391c221d32d99671f7678\"}\n>player p2 {\"name\":\"saerfgyu\",\"avatar\":\"101\",\"rating\":1000,\"seed\":\"sodium,1ef09565cc40098256c1244a90c354c2\"}\n>p1 switch 4\n>p2 move voltswitch\n>p1 move stealthrock\n>p2 switch 2\n>p1 move roar\n>p2 move bodyslam\n>p1 move overheat\n>p2 move focusblast terastallize\n>p1 move roar\n>p2 move focusblast\n>p1 move roar\n>p2 move calmmind\n>p1 move earthquake\n>p2 move focusblast\n>p2 switch 4\n>p1 move earthquake\n>p2 move knockoff\n>forcelose p2", "uploadtime": 1781401842, "views": 4, "formatid": "gen9randombattle", "rating": 1000, "private": 0, "password": null}