{"id": "gen9randombattle-2632007877", "format": "[Gen 9] Random Battle", "players": ["WhatEver2102", "efalunt"], "log": "|j|\u2606WhatEver2102\n|j|\u2606efalunt\n|t:|1781465349\n|gametype|singles\n|player|p1|WhatEver2102|juan|2000\n|player|p2|efalunt|supernerd|2079\n|gen|9\n|tier|[Gen 9] Random Battle\n|rated|\n|rule|Species Clause: Limit one of each Pok\u00e9mon\n|rule|HP Percentage Mod: HP is shown in percentages\n|rule|Sleep Clause Mod: Limit one foe put to sleep\n|rule|Illusion Level Mod: Illusion disguises the Pok\u00e9mon's true level\n|\n|t:|1781465349\n|teamsize|p1|6\n|teamsize|p2|6\n|start\n|switch|p1a: Hariyama|Hariyama, L87, M|392/392\n|switch|p2a: Deoxys|Deoxys-Defense, L84|221/221\n|-ability|p2a: Deoxys|Pressure\n|turn|1\n|inactive|Battle timer is ON: inactive players will automatically lose when time's up. (requested by efalunt)\n|\n|t:|1781465361\n|move|p2a: Deoxys|Cosmic Power|p2a: Deoxys\n|-boost|p2a: Deoxys|def|1\n|-boost|p2a: Deoxys|spd|1\n|move|p1a: Hariyama|Knock Off|p2a: Deoxys\n|-supereffective|p2a: Deoxys\n|-damage|p2a: Deoxys|143/221\n|-enditem|p2a: Deoxys|Leftovers|[from] move: Knock Off|[of] p1a: Hariyama\n|\n|upkeep\n|turn|2\n|\n|t:|1781465386\n|switch|p1a: Ursaring|Ursaring, L84, M|288/288\n|move|p2a: Deoxys|Cosmic Power|p2a: Deoxys\n|-boost|p2a: Deoxys|def|1\n|-boost|p2a: Deoxys|spd|1\n|\n|upkeep\n|turn|3\n|\n|t:|1781465395\n|move|p2a: Deoxys|Cosmic Power|p2a: Deoxys\n|-boost|p2a: Deoxys|def|1\n|-boost|p2a: Deoxys|spd|1\n|move|p1a: Ursaring|Body Slam|p2a: Deoxys\n|-damage|p2a: Deoxys|112/221\n|-status|p2a: Deoxys|par\n|\n|upkeep\n|turn|4\n|inactive|WhatEver2102 has 120 seconds left.\n|\n|t:|1781465416\n|move|p1a: Ursaring|Body Slam|p2a: Deoxys\n|-damage|p2a: Deoxys|84/221 par\n|cant|p2a: Deoxys|par\n|\n|upkeep\n|turn|5\n|\n|t:|1781465419\n|move|p1a: Ursaring|Body Slam|p2a: Deoxys\n|-damage|p2a: Deoxys|51/221 par\n|move|p2a: Deoxys|Recover|p2a: Deoxys\n|-heal|p2a: Deoxys|162/221 par\n|\n|upkeep\n|turn|6\n|\n|t:|1781465430\n|switch|p1a: Empoleon|Empoleon, L84, M|278/278\n|move|p2a: Deoxys|Cosmic Power|p2a: Deoxys\n|-boost|p2a: Deoxys|def|1\n|-boost|p2a: Deoxys|spd|1\n|\n|upkeep\n|turn|7\n|\n|t:|1781465435\n|move|p1a: Empoleon|Stealth Rock|p2a: Deoxys\n|-sidestart|p2: efalunt|move: Stealth Rock\n|cant|p2a: Deoxys|par\n|\n|upkeep\n|turn|8\n|\n|t:|1781465444\n|move|p1a: Empoleon|Surf|p2a: Deoxys\n|-damage|p2a: Deoxys|137/221 par\n|cant|p2a: Deoxys|par\n|\n|upkeep\n|turn|9\n|\n|t:|1781465446\n|move|p1a: Empoleon|Surf|p2a: Deoxys\n|-damage|p2a: Deoxys|113/221 par\n|move|p2a: Deoxys|Stored Power|p1a: Empoleon\n|-resisted|p1a: Empoleon\n|-damage|p1a: Empoleon|207/278\n|\n|-heal|p1a: Empoleon|224/278|[from] item: Leftovers\n|upkeep\n|turn|10\n|\n|t:|1781465449\n|move|p1a: Empoleon|Surf|p2a: Deoxys\n|-damage|p2a: Deoxys|91/221 par\n|move|p2a: Deoxys|Recover|p2a: Deoxys\n|-heal|p2a: Deoxys|202/221 par\n|\n|-heal|p1a: Empoleon|241/278|[from] item: Leftovers\n|upkeep\n|turn|11\n|\n|t:|1781465452\n|move|p1a: Empoleon|Knock Off|p2a: Deoxys\n|-supereffective|p2a: Deoxys\n|-damage|p2a: Deoxys|184/221 par\n|move|p2a: Deoxys|Cosmic Power|p2a: Deoxys\n|-boost|p2a: Deoxys|def|1\n|-boost|p2a: Deoxys|spd|1\n|\n|-heal|p1a: Empoleon|258/278|[from] item: Leftovers\n|upkeep\n|turn|12\n|\n|t:|1781465458\n|move|p1a: Empoleon|Surf|p2a: Deoxys\n|-damage|p2a: Deoxys|165/221 par\n|move|p2a: Deoxys|Cosmic Power|p2a: Deoxys\n|-boost|p2a: Deoxys|def|1\n|-boost|p2a: Deoxys|spd|1\n|\n|-heal|p1a: Empoleon|275/278|[from] item: Leftovers\n|upkeep\n|turn|13\n|\n|t:|1781465461\n|move|p1a: Empoleon|Knock Off|p2a: Deoxys\n|-supereffective|p2a: Deoxys\n|-damage|p2a: Deoxys|153/221 par\n|move|p2a: Deoxys|Night Shade|p1a: Empoleon\n|-damage|p1a: Empoleon|191/278\n|\n|-heal|p1a: Empoleon|208/278|[from] item: Leftovers\n|upkeep\n|turn|14\n|\n|t:|1781465465\n|move|p1a: Empoleon|Knock Off|p2a: Deoxys\n|-supereffective|p2a: Deoxys\n|-damage|p2a: Deoxys|139/221 par\n|move|p2a: Deoxys|Night Shade|p1a: Empoleon\n|-damage|p1a: Empoleon|124/278\n|\n|-heal|p1a: Empoleon|141/278|[from] item: Leftovers\n|upkeep\n|turn|15\n|\n|t:|1781465470\n|move|p1a: Empoleon|Knock Off|p2a: Deoxys\n|-supereffective|p2a: Deoxys\n|-damage|p2a: Deoxys|127/221 par\n|move|p2a: Deoxys|Stored Power|p1a: Empoleon\n|-resisted|p1a: Empoleon\n|-damage|p1a: Empoleon|41/278\n|\n|-heal|p1a: Empoleon|58/278|[from] item: Leftovers\n|upkeep\n|turn|16\n|\n|t:|1781465473\n|move|p1a: Empoleon|Roost|p1a: Empoleon\n|-heal|p1a: Empoleon|197/278\n|-singleturn|p1a: Empoleon|move: Roost\n|move|p2a: Deoxys|Stored Power|p1a: Empoleon\n|-resisted|p1a: Empoleon\n|-damage|p1a: Empoleon|101/278\n|\n|-heal|p1a: Empoleon|118/278|[from] item: Leftovers\n|upkeep\n|turn|17\n|\n|t:|1781465477\n|move|p1a: Empoleon|Knock Off|p2a: Deoxys\n|-supereffective|p2a: Deoxys\n|-damage|p2a: Deoxys|113/221 par\n|move|p2a: Deoxys|Night Shade|p1a: Empoleon\n|-damage|p1a: Empoleon|34/278\n|\n|-heal|p1a: Empoleon|51/278|[from] item: Leftovers\n|upkeep\n|turn|18\n|\n|t:|1781465480\n|move|p1a: Empoleon|Roost|p1a: Empoleon\n|-heal|p1a: Empoleon|190/278\n|-singleturn|p1a: Empoleon|move: Roost\n|cant|p2a: Deoxys|par\n|\n|-heal|p1a: Empoleon|207/278|[from] item: Leftovers\n|upkeep\n|turn|19\n|\n|t:|1781465484\n|move|p1a: Empoleon|Surf|p2a: Deoxys\n|-damage|p2a: Deoxys|95/221 par\n|move|p2a: Deoxys|Night Shade|p1a: Empoleon\n|-damage|p1a: Empoleon|123/278\n|\n|-heal|p1a: Empoleon|140/278|[from] item: Leftovers\n|upkeep\n|turn|20\n|\n|t:|1781465490\n|switch|p1a: Ursaring|Ursaring, L84, M|288/288\n|move|p2a: Deoxys|Recover|p2a: Deoxys\n|-heal|p2a: Deoxys|206/221 par\n|\n|upkeep\n|turn|21\n|\n|t:|1781465498\n|switch|p1a: Empoleon|Empoleon, L84, M|140/278\n|cant|p2a: Deoxys|par\n|\n|-heal|p1a: Empoleon|157/278|[from] item: Leftovers\n|upkeep\n|turn|22\n|\n|t:|1781465502\n|switch|p1a: Ursaring|Ursaring, L84, M|288/288\n|move|p2a: Deoxys|Stored Power|p1a: Ursaring\n|-damage|p1a: Ursaring|122/288\n|\n|upkeep\n|turn|23\n|\n|t:|1781465509\n|move|p1a: Ursaring|Rest|p1a: Ursaring\n|-status|p1a: Ursaring|slp|[from] move: Rest\n|-heal|p1a: Ursaring|288/288 slp|[silent]\n|move|p2a: Deoxys|Stored Power|p1a: Ursaring\n|-crit|p1a: Ursaring\n|-damage|p1a: Ursaring|42/288 slp\n|\n|upkeep\n|turn|24\n|\n|t:|1781465514\n|cant|p1a: Ursaring|slp\n|move|p1a: Ursaring|Sleep Talk|p1a: Ursaring\n|move|p1a: Ursaring|Earthquake|p2a: Deoxys|[from] move: Sleep Talk\n|-damage|p2a: Deoxys|185/221 par\n|cant|p2a: Deoxys|par\n|\n|upkeep\n|turn|25\n|\n|t:|1781465519\n|cant|p1a: Ursaring|slp\n|move|p1a: Ursaring|Sleep Talk|p1a: Ursaring\n|move|p1a: Ursaring|Body Slam|p2a: Deoxys|[from] move: Sleep Talk\n|-damage|p2a: Deoxys|160/221 par\n|move|p2a: Deoxys|Stored Power|p1a: Ursaring\n|-damage|p1a: Ursaring|0 fnt\n|faint|p1a: Ursaring\n|\n|upkeep\n|inactive|WhatEver2102 has 120 seconds left.\n|inactive|WhatEver2102 has 90 seconds left.\n|\n|t:|1781465584\n|switch|p1a: Empoleon|Empoleon, L84, M|157/278\n|turn|26\n|\n|t:|1781465587\n|move|p1a: Empoleon|Roost|p1a: Empoleon\n|-heal|p1a: Empoleon|278/278\n|-singleturn|p1a: Empoleon|move: Roost\n|move|p2a: Deoxys|Stored Power|p1a: Empoleon\n|-resisted|p1a: Empoleon\n|-damage|p1a: Empoleon|188/278\n|\n|-heal|p1a: Empoleon|205/278|[from] item: Leftovers\n|upkeep\n|turn|27\n|\n|t:|1781465593\n|move|p1a: Empoleon|Surf|p2a: Deoxys\n|-damage|p2a: Deoxys|144/221 par\n|move|p2a: Deoxys|Night Shade|p1a: Empoleon\n|-damage|p1a: Empoleon|121/278\n|\n|-heal|p1a: Empoleon|138/278|[from] item: Leftovers\n|upkeep\n|turn|28\n|\n|t:|1781465597\n|move|p1a: Empoleon|Surf|p2a: Deoxys\n|-damage|p2a: Deoxys|126/221 par\n|move|p2a: Deoxys|Stored Power|p1a: Empoleon\n|-resisted|p1a: Empoleon\n|-damage|p1a: Empoleon|46/278\n|\n|-heal|p1a: Empoleon|63/278|[from] item: Leftovers\n|upkeep\n|turn|29\n|\n|t:|1781465602\n|move|p1a: Empoleon|Roost|p1a: Empoleon\n|-heal|p1a: Empoleon|202/278\n|-singleturn|p1a: Empoleon|move: Roost\n|move|p2a: Deoxys|Night Shade|p1a: Empoleon\n|-damage|p1a: Empoleon|118/278\n|\n|-heal|p1a: Empoleon|135/278|[from] item: Leftovers\n|upkeep\n|turn|30\n|\n|t:|1781465605\n|move|p1a: Empoleon|Roost|p1a: Empoleon\n|-heal|p1a: Empoleon|274/278\n|-singleturn|p1a: Empoleon|move: Roost\n|move|p2a: Deoxys|Recover|p2a: Deoxys\n|-heal|p2a: Deoxys|221/221 par\n|\n|-heal|p1a: Empoleon|278/278|[from] item: Leftovers\n|upkeep\n|turn|31\n|\n|t:|1781465608\n|move|p1a: Empoleon|Surf|p2a: Deoxys\n|-damage|p2a: Deoxys|205/221 par\n|move|p2a: Deoxys|Night Shade|p1a: Empoleon\n|-damage|p1a: Empoleon|194/278\n|\n|-heal|p1a: Empoleon|211/278|[from] item: Leftovers\n|upkeep\n|turn|32\n|\n|t:|1781465612\n|move|p1a: Empoleon|Surf|p2a: Deoxys\n|-damage|p2a: Deoxys|189/221 par\n|move|p2a: Deoxys|Stored Power|p1a: Empoleon\n|-resisted|p1a: Empoleon\n|-damage|p1a: Empoleon|116/278\n|\n|-heal|p1a: Empoleon|133/278|[from] item: Leftovers\n|upkeep\n|turn|33\n|\n|t:|1781465617\n|move|p1a: Empoleon|Roost|p1a: Empoleon\n|-heal|p1a: Empoleon|272/278\n|-singleturn|p1a: Empoleon|move: Roost\n|move|p2a: Deoxys|Night Shade|p1a: Empoleon\n|-damage|p1a: Empoleon|188/278\n|\n|-heal|p1a: Empoleon|205/278|[from] item: Leftovers\n|upkeep\n|turn|34\n|\n|t:|1781465621\n|move|p1a: Empoleon|Surf|p2a: Deoxys\n|-damage|p2a: Deoxys|173/221 par\n|move|p2a: Deoxys|Night Shade|p1a: Empoleon\n|-damage|p1a: Empoleon|121/278\n|\n|-heal|p1a: Empoleon|138/278|[from] item: Leftovers\n|upkeep\n|turn|35\n|\n|t:|1781465628\n|move|p1a: Empoleon|Surf|p2a: Deoxys\n|-damage|p2a: Deoxys|155/221 par\n|move|p2a: Deoxys|Stored Power|p1a: Empoleon\n|-resisted|p1a: Empoleon\n|-damage|p1a: Empoleon|41/278\n|\n|-heal|p1a: Empoleon|58/278|[from] item: Leftovers\n|upkeep\n|turn|36\n|\n|t:|1781465632\n|move|p1a: Empoleon|Roost|p1a: Empoleon\n|-heal|p1a: Empoleon|197/278\n|-singleturn|p1a: Empoleon|move: Roost\n|move|p2a: Deoxys|Night Shade|p1a: Empoleon\n|-damage|p1a: Empoleon|113/278\n|\n|-heal|p1a: Empoleon|130/278|[from] item: Leftovers\n|upkeep\n|turn|37\n|\n|t:|1781465636\n|move|p1a: Empoleon|Surf|p2a: Deoxys\n|-damage|p2a: Deoxys|139/221 par\n|move|p2a: Deoxys|Night Shade|p1a: Empoleon\n|-damage|p1a: Empoleon|46/278\n|\n|-heal|p1a: Empoleon|63/278|[from] item: Leftovers\n|upkeep\n|turn|38\n|\n|t:|1781465641\n|move|p1a: Empoleon|Roost|p1a: Empoleon\n|-heal|p1a: Empoleon|202/278\n|-singleturn|p1a: Empoleon|move: Roost\n|move|p2a: Deoxys|Night Shade|p1a: Empoleon\n|-damage|p1a: Empoleon|118/278\n|\n|-heal|p1a: Empoleon|135/278|[from] item: Leftovers\n|upkeep\n|turn|39\n|\n|t:|1781465644\n|move|p1a: Empoleon|Knock Off|p2a: Deoxys\n|-supereffective|p2a: Deoxys\n|-damage|p2a: Deoxys|127/221 par\n|move|p2a: Deoxys|Night Shade|p1a: Empoleon\n|-damage|p1a: Empoleon|51/278\n|\n|-heal|p1a: Empoleon|68/278|[from] item: Leftovers\n|upkeep\n|turn|40\n|\n|t:|1781465651\n|move|p1a: Empoleon|Knock Off|p2a: Deoxys\n|-supereffective|p2a: Deoxys\n|-damage|p2a: Deoxys|113/221 par\n|move|p2a: Deoxys|Night Shade|p1a: Empoleon\n|-damage|p1a: Empoleon|0 fnt\n|faint|p1a: Empoleon\n|\n|upkeep\n|\n|t:|1781465662\n|switch|p1a: Hariyama|Hariyama, L87, M|392/392\n|turn|41\n|\n|t:|1781465667\n|move|p1a: Hariyama|Headlong Rush|p2a: Deoxys\n|-damage|p2a: Deoxys|95/221 par\n|-unboost|p1a: Hariyama|def|1\n|-unboost|p1a: Hariyama|spd|1\n|move|p2a: Deoxys|Stored Power|p1a: Hariyama\n|-supereffective|p1a: Hariyama\n|-damage|p1a: Hariyama|0 fnt\n|faint|p1a: Hariyama\n|\n|upkeep\n|\n|t:|1781465670\n|switch|p1a: Electivire|Electivire, L84, F|263/263\n|turn|42\n|\n|t:|1781465679\n|move|p1a: Electivire|Supercell Slam|p2a: Deoxys\n|-damage|p2a: Deoxys|66/221 par\n|-damage|p1a: Electivire|237/263|[from] item: Life Orb\n|cant|p2a: Deoxys|par\n|\n|upkeep\n|turn|43\n|\n|t:|1781465683\n|move|p1a: Electivire|Bulk Up|p1a: Electivire\n|-boost|p1a: Electivire|atk|1\n|-boost|p1a: Electivire|def|1\n|move|p2a: Deoxys|Recover|p2a: Deoxys\n|-heal|p2a: Deoxys|177/221 par\n|\n|upkeep\n|turn|44\n|\n|t:|1781465686\n|move|p1a: Electivire|Supercell Slam|p2a: Deoxys|[miss]\n|-miss|p1a: Electivire|p2a: Deoxys\n|-damage|p1a: Electivire|106/263|[from] supercellslam\n|cant|p2a: Deoxys|par\n|\n|upkeep\n|turn|45\n|\n|t:|1781465689\n|move|p1a: Electivire|Supercell Slam|p2a: Deoxys\n|-damage|p2a: Deoxys|137/221 par\n|-damage|p1a: Electivire|80/263|[from] item: Life Orb\n|move|p2a: Deoxys|Night Shade|p1a: Electivire\n|-damage|p1a: Electivire|0 fnt\n|faint|p1a: Electivire\n|\n|upkeep\n|\n|t:|1781465692\n|switch|p1a: Lycanroc|Lycanroc, L86, F|269/269\n|turn|46\n|\n|t:|1781465696\n|move|p1a: Lycanroc|Crunch|p2a: Deoxys\n|-supereffective|p2a: Deoxys\n|-damage|p2a: Deoxys|107/221 par\n|move|p2a: Deoxys|Stored Power|p1a: Lycanroc\n|-damage|p1a: Lycanroc|14/269\n|\n|upkeep\n|turn|47\n|\n|t:|1781465703\n|move|p1a: Lycanroc|Crunch|p2a: Deoxys\n|-supereffective|p2a: Deoxys\n|-damage|p2a: Deoxys|73/221 par\n|move|p2a: Deoxys|Recover|p2a: Deoxys\n|-heal|p2a: Deoxys|184/221 par\n|\n|upkeep\n|turn|48\n|\n|t:|1781465706\n|move|p1a: Lycanroc|Crunch|p2a: Deoxys\n|-supereffective|p2a: Deoxys\n|-damage|p2a: Deoxys|148/221 par\n|move|p2a: Deoxys|Night Shade|p1a: Lycanroc\n|-damage|p1a: Lycanroc|0 fnt\n|faint|p1a: Lycanroc\n|\n|upkeep\n|\n|t:|1781465709\n|switch|p1a: Quaquaval|Quaquaval, L79, F|264/264\n|turn|49\n|\n|t:|1781465713\n|-terastallize|p1a: Quaquaval|Steel\n|move|p1a: Quaquaval|Swords Dance|p1a: Quaquaval\n|-boost|p1a: Quaquaval|atk|2\n|move|p2a: Deoxys|Stored Power|p1a: Quaquaval\n|-resisted|p1a: Quaquaval\n|-damage|p1a: Quaquaval|136/264\n|\n|-heal|p1a: Quaquaval|152/264|[from] item: Leftovers\n|upkeep\n|turn|50\n|\n|t:|1781465718\n|move|p1a: Quaquaval|Roost|p1a: Quaquaval\n|-heal|p1a: Quaquaval|264/264\n|move|p2a: Deoxys|Stored Power|p1a: Quaquaval\n|-resisted|p1a: Quaquaval\n|-damage|p1a: Quaquaval|128/264\n|\n|-heal|p1a: Quaquaval|144/264|[from] item: Leftovers\n|upkeep\n|turn|51\n|\n|t:|1781465723\n|move|p1a: Quaquaval|Roost|p1a: Quaquaval\n|-heal|p1a: Quaquaval|264/264\n|move|p2a: Deoxys|Night Shade|p1a: Quaquaval\n|-damage|p1a: Quaquaval|180/264\n|\n|-heal|p1a: Quaquaval|196/264|[from] item: Leftovers\n|upkeep\n|turn|52\n|\n|t:|1781465733\n|move|p1a: Quaquaval|Swords Dance|p1a: Quaquaval\n|-boost|p1a: Quaquaval|atk|2\n|cant|p2a: Deoxys|par\n|\n|-heal|p1a: Quaquaval|212/264|[from] item: Leftovers\n|upkeep\n|turn|53\n|\n|t:|1781465736\n|move|p1a: Quaquaval|Swords Dance|p1a: Quaquaval\n|-boost|p1a: Quaquaval|atk|2\n|move|p2a: Deoxys|Stored Power|p1a: Quaquaval\n|-resisted|p1a: Quaquaval\n|-damage|p1a: Quaquaval|86/264\n|\n|-heal|p1a: Quaquaval|102/264|[from] item: Leftovers\n|upkeep\n|turn|54\n|\n|t:|1781465749\n|move|p1a: Quaquaval|Roost|p1a: Quaquaval\n|-heal|p1a: Quaquaval|234/264\n|move|p2a: Deoxys|Night Shade|p1a: Quaquaval\n|-damage|p1a: Quaquaval|150/264\n|\n|-heal|p1a: Quaquaval|166/264|[from] item: Leftovers\n|upkeep\n|turn|55\n|\n|t:|1781465755\n|move|p1a: Quaquaval|Aqua Step|p2a: Deoxys\n|-crit|p2a: Deoxys\n|-damage|p2a: Deoxys|0 fnt\n|-boost|p1a: Quaquaval|spe|1\n|faint|p2a: Deoxys\n|\n|-heal|p1a: Quaquaval|182/264|[from] item: Leftovers\n|upkeep\n|\n|t:|1781465766\n|switch|p2a: Avalugg|Avalugg-Hisui, L90, M|317/317\n|turn|56\n|\n|t:|1781465784\n|move|p1a: Quaquaval|Close Combat|p2a: Avalugg\n|-supereffective|p2a: Avalugg\n|-ability|p2a: Avalugg|Sturdy\n|-damage|p2a: Avalugg|1/317\n|-unboost|p1a: Quaquaval|def|1\n|-unboost|p1a: Quaquaval|spd|1\n|move|p2a: Avalugg|Avalanche|p1a: Quaquaval\n|-resisted|p1a: Quaquaval\n|-damage|p1a: Quaquaval|32/264\n|\n|-heal|p1a: Quaquaval|48/264|[from] item: Leftovers\n|upkeep\n|turn|57\n|\n|t:|1781465788\n|move|p1a: Quaquaval|Aqua Step|p2a: Avalugg\n|-supereffective|p2a: Avalugg\n|-damage|p2a: Avalugg|0 fnt\n|-boost|p1a: Quaquaval|spe|1\n|faint|p2a: Avalugg\n|\n|-heal|p1a: Quaquaval|64/264|[from] item: Leftovers\n|upkeep\n|\n|t:|1781465801\n|switch|p2a: Solgaleo|Solgaleo, L74|325/325\n|-damage|p2a: Solgaleo|305/325|[from] Stealth Rock\n|turn|58\n|\n|t:|1781465808\n|move|p1a: Quaquaval|Close Combat|p2a: Solgaleo\n|-damage|p2a: Solgaleo|0 fnt\n|-unboost|p1a: Quaquaval|def|1\n|-unboost|p1a: Quaquaval|spd|1\n|faint|p2a: Solgaleo\n|\n|-heal|p1a: Quaquaval|80/264|[from] item: Leftovers\n|upkeep\n|\n|t:|1781465812\n|switch|p2a: Reshiram|Reshiram, L76|277/277\n|-ability|p2a: Reshiram|Turboblaze\n|turn|59\n|\n|t:|1781465815\n|move|p1a: Quaquaval|Close Combat|p2a: Reshiram\n|-damage|p2a: Reshiram|0 fnt\n|-unboost|p1a: Quaquaval|def|1\n|-unboost|p1a: Quaquaval|spd|1\n|faint|p2a: Reshiram\n|\n|-heal|p1a: Quaquaval|96/264|[from] item: Leftovers\n|upkeep\n|\n|t:|1781465819\n|switch|p2a: Dewgong|Dewgong, L94, F|219/219\n|-damage|p2a: Dewgong|192/219|[from] Stealth Rock\n|turn|60\n|\n|t:|1781465824\n|move|p1a: Quaquaval|Close Combat|p2a: Dewgong\n|-immune|p2a: Dewgong\n|move|p2a: Dewgong|Flamethrower|p1a: Quaquaval\n|-supereffective|p1a: Quaquaval\n|-damage|p1a: Quaquaval|0 fnt\n|faint|p1a: Quaquaval\n|\n|win|efalunt\n", "inputlog": ">version a8376a258c1d4662feba110a92103f3664a72141\n>start {\"formatid\":\"gen9randombattle\",\"seed\":\"sodium,49bf67c06a47753e161e005a2d1c2900\",\"rated\":\"Rated battle\"}\n>player p1 {\"name\":\"WhatEver2102\",\"avatar\":\"juan\",\"rating\":2000,\"seed\":\"sodium,31d99fb5b14d7fbfcfd2ff1a12435974\"}\n>player p2 {\"name\":\"efalunt\",\"avatar\":\"supernerd\",\"rating\":2079,\"seed\":\"sodium,8217bc35924ef6fdbfa9f33e6cccae45\"}\n>p1 move knockoff\n>p2 move cosmicpower\n>p1 switch 5\n>p2 move cosmicpower\n>p1 move bodyslam\n>p2 move cosmicpower\n>p1 move bodyslam\n>p2 move storedpower\n>p1 move bodyslam\n>p2 move recover\n>p1 switch 4\n>p2 move cosmicpower\n>p1 move stealthrock\n>p2 move storedpower\n>p1 move surf\n>p2 move storedpower\n>p1 move surf\n>p2 move storedpower\n>p1 move surf\n>p2 move recover\n>p1 move knockoff\n>p2 move cosmicpower\n>p1 move surf\n>p2 move cosmicpower\n>p1 move knockoff\n>p2 move nightshade\n>p1 move knockoff\n>p2 move nightshade\n>p1 move knockoff\n>p2 move storedpower\n>p1 move roost\n>p2 move storedpower\n>p1 move knockoff\n>p2 move nightshade\n>p1 move roost\n>p2 move nightshade\n>p1 move surf\n>p2 move nightshade\n>p1 switch 4\n>p2 move recover\n>p1 switch 4\n>p2 move storedpower\n>p1 switch 4\n>p2 move storedpower\n>p1 move rest\n>p2 move storedpower\n>p1 move sleeptalk\n>p2 move storedpower\n>p1 move sleeptalk\n>p2 move storedpower\n>p1 switch 4\n>p1 move roost\n>p2 move storedpower\n>p1 move surf\n>p2 move nightshade\n>p1 move surf\n>p2 move storedpower\n>p1 move roost\n>p2 move nightshade\n>p1 move roost\n>p2 move recover\n>p1 move surf\n>p2 move nightshade\n>p1 move surf\n>p2 move storedpower\n>p1 move roost\n>p2 move nightshade\n>p1 move surf\n>p2 move nightshade\n>p1 move surf\n>p2 move storedpower\n>p1 move roost\n>p2 move nightshade\n>p1 move surf\n>p2 move nightshade\n>p1 move roost\n>p2 move nightshade\n>p1 move knockoff\n>p2 move nightshade\n>p1 move knockoff\n>p2 move nightshade\n>p1 switch 5\n>p1 move headlongrush\n>p2 move storedpower\n>p1 switch 6\n>p1 move supercellslam\n>p2 move recover\n>p1 move bulkup\n>p2 move recover\n>p1 move supercellslam\n>p2 move storedpower\n>p1 move supercellslam\n>p2 move nightshade\n>p1 switch 2\n>p1 move crunch\n>p2 move storedpower\n>p1 move crunch\n>p2 move recover\n>p1 move crunch\n>p2 move nightshade\n>p1 switch 3\n>p1 move swordsdance terastallize\n>p2 move storedpower\n>p1 move roost\n>p2 move storedpower\n>p1 move roost\n>p2 move nightshade\n>p1 move swordsdance\n>p2 move nightshade\n>p1 move swordsdance\n>p2 move storedpower\n>p1 move roost\n>p2 move nightshade\n>p1 move aquastep\n>p2 move storedpower\n>p2 switch 2\n>p1 move closecombat\n>p2 move avalanche\n>p1 move aquastep\n>p2 move avalanche\n>p2 switch 6\n>p1 move closecombat\n>p2 move earthquake\n>p2 switch 3\n>p1 move closecombat\n>p2 move earthpower\n>p2 switch 4\n>p1 move closecombat\n>p2 move flamethrower", "uploadtime": 1781465350, "views": 7, "formatid": "gen9randombattle", "rating": null, "private": 0, "password": null, "player_dets": [{"name": "WhatEver2102", "avatar": "juan", "rating": 2000, "seed": "sodium,31d99fb5b14d7fbfcfd2ff1a12435974"}, {"name": "efalunt", "avatar": "supernerd", "rating": 2079, "seed": "sodium,8217bc35924ef6fdbfa9f33e6cccae45"}], "teams_full": [{"Hariyama": {"name": "Hariyama", "species": "Hariyama", "speciesId": "hariyama", "gender": "M", "shiny": false, "level": 87, "moves": ["headlongrush", "knockoff", "closecombat", "heavyslam"], "ability": "Thick Fat", "evs": {"hp": 85, "atk": 85, "def": 85, "spa": 85, "spd": 85, "spe": 85}, "ivs": {"hp": 31, "atk": 31, "def": 31, "spa": 31, "spd": 31, "spe": 31}, "item": "Assault Vest", "teraType": "Steel", "role": "AV Pivot", "bvs": {"hp": 144, "atk": 120, "def": 60, "spa": 40, "spd": 60, "spe": 50}, "stats": {"hp": 392, "atk": 259, "def": 154, "spa": 119, "spd": 154, "spe": 137}, "types": ["Fighting"]}, "Lycanroc": {"name": "Lycanroc", "species": "Lycanroc", "speciesId": "lycanroc", "gender": "F", "shiny": false, "level": 86, "moves": ["stoneedge", "closecombat", "crunch", "accelerock"], "ability": "Sand Rush", "evs": {"hp": 85, "atk": 85, "def": 85, "spa": 85, "spd": 85, "spe": 85}, "ivs": {"hp": 31, "atk": 31, "def": 31, "spa": 31, "spd": 31, "spe": 31}, "item": "Choice Band", "teraType": "Fighting", "role": "Fast Attacker", "bvs": {"hp": 75, "atk": 115, "def": 65, "spa": 55, "spd": 65, "spe": 112}, "stats": {"hp": 269, "atk": 247, "def": 161, "spa": 144, "spd": 161, "spe": 242}, "types": ["Rock"]}, "Quaquaval": {"name": "Quaquaval", "species": "Quaquaval", "speciesId": "quaquaval", "gender": "F", "shiny": false, "level": 79, "moves": ["closecombat", "swordsdance", "aquastep", "roost"], "ability": "Moxie", "evs": {"hp": 85, "atk": 85, "def": 85, "spa": 85, "spd": 85, "spe": 85}, "ivs": {"hp": 31, "atk": 31, "def": 31, "spa": 31, "spd": 31, "spe": 31}, "item": "Leftovers", "teraType": "Steel", "role": "Bulky Attacker", "bvs": {"hp": 85, "atk": 120, "def": 80, "spa": 85, "spd": 75, "spe": 85}, "stats": {"hp": 264, "atk": 235, "def": 172, "spa": 180, "spd": 164, "spe": 180}, "types": ["Water", "Fighting"]}, "Empoleon": {"name": "Empoleon", "species": "Empoleon", "speciesId": "empoleon", "gender": "M", "shiny": false, "level": 84, "moves": ["stealthrock", "roost", "knockoff", "surf"], "ability": "Competitive", "evs": {"hp": 85, "atk": 85, "def": 85, "spa": 85, "spd": 85, "spe": 85}, "ivs": {"hp": 31, "atk": 31, "def": 31, "spa": 31, "spd": 31, "spe": 31}, "item": "Leftovers", "teraType": "Flying", "role": "Bulky Support", "bvs": {"hp": 84, "atk": 86, "def": 88, "spa": 111, "spd": 101, "spe": 60}, "stats": {"hp": 278, "atk": 193, "def": 196, "spa": 235, "spd": 218, "spe": 149}, "types": ["Water", "Steel"]}, "Ursaring": {"name": "Ursaring", "species": "Ursaring", "speciesId": "ursaring", "gender": "M", "shiny": false, "level": 84, "moves": ["bodyslam", "earthquake", "rest", "sleeptalk"], "ability": "Guts", "evs": {"hp": 85, "atk": 85, "def": 85, "spa": 85, "spd": 85, "spe": 85}, "ivs": {"hp": 31, "atk": 31, "def": 31, "spa": 31, "spd": 31, "spe": 31}, "item": "Eviolite", "teraType": "Ghost", "role": "Bulky Attacker", "bvs": {"hp": 90, "atk": 130, "def": 75, "spa": 75, "spd": 75, "spe": 55}, "stats": {"hp": 288, "atk": 267, "def": 174, "spa": 174, "spd": 174, "spe": 141}, "types": ["Normal"]}, "Electivire": {"name": "Electivire", "species": "Electivire", "speciesId": "electivire", "gender": "F", "shiny": false, "level": 84, "moves": ["earthquake", "icepunch", "supercellslam", "bulkup"], "ability": "Motor Drive", "evs": {"hp": 85, "atk": 85, "def": 85, "spa": 85, "spd": 85, "spe": 85}, "ivs": {"hp": 31, "atk": 31, "def": 31, "spa": 31, "spd": 31, "spe": 31}, "item": "Life Orb", "teraType": "Flying", "role": "Setup Sweeper", "bvs": {"hp": 75, "atk": 123, "def": 67, "spa": 95, "spd": 85, "spe": 95}, "stats": {"hp": 263, "atk": 255, "def": 161, "spa": 208, "spd": 191, "spe": 208}, "types": ["Electric"]}}, {"Deoxys": {"name": "Deoxys", "species": "Deoxys-Defense", "speciesId": "deoxysdefense", "gender": "N", "shiny": false, "level": 84, "moves": ["recover", "cosmicpower", "nightshade", "storedpower"], "ability": "Pressure", "evs": {"hp": 85, "atk": 0, "def": 85, "spa": 85, "spd": 85, "spe": 85}, "ivs": {"hp": 31, "atk": 0, "def": 31, "spa": 31, "spd": 31, "spe": 31}, "item": "Leftovers", "teraType": "Steel", "role": "Bulky Setup", "bvs": {"hp": 50, "atk": 70, "def": 160, "spa": 70, "spd": 160, "spe": 90}, "stats": {"hp": 221, "atk": 122, "def": 317, "spa": 166, "spd": 317, "spe": 199}, "types": ["Psychic"]}, "Avalugg": {"name": "Avalugg", "species": "Avalugg-Hisui", "speciesId": "avalugghisui", "gender": "M", "shiny": false, "level": 90, "moves": ["rapidspin", "recover", "stoneedge", "avalanche"], "ability": "Sturdy", "evs": {"hp": 85, "atk": 85, "def": 85, "spa": 85, "spd": 85, "spe": 85}, "ivs": {"hp": 31, "atk": 31, "def": 31, "spa": 31, "spd": 31, "spe": 31}, "item": "Heavy-Duty Boots", "teraType": "Poison", "role": "Bulky Attacker", "bvs": {"hp": 95, "atk": 127, "def": 184, "spa": 34, "spd": 36, "spe": 38}, "stats": {"hp": 317, "atk": 280, "def": 383, "spa": 113, "spd": 116, "spe": 120}, "types": ["Ice", "Rock"]}, "Reshiram": {"name": "Reshiram", "species": "Reshiram", "speciesId": "reshiram", "gender": "N", "shiny": false, "level": 76, "moves": ["earthpower", "willowisp", "blueflare", "dracometeor"], "ability": "Turboblaze", "evs": {"hp": 85, "atk": 0, "def": 85, "spa": 85, "spd": 85, "spe": 85}, "ivs": {"hp": 31, "atk": 0, "def": 31, "spa": 31, "spd": 31, "spe": 31}, "item": "Heavy-Duty Boots", "teraType": "Ground", "role": "Fast Attacker", "bvs": {"hp": 100, "atk": 120, "def": 100, "spa": 150, "spd": 120, "spe": 90}, "stats": {"hp": 277, "atk": 187, "def": 196, "spa": 272, "spd": 226, "spe": 181}, "types": ["Dragon", "Fire"]}, "Zoroark": {"name": "Zoroark", "species": "Zoroark-Hisui", "speciesId": "zoroarkhisui", "gender": "M", "shiny": false, "level": 80, "moves": ["bittermalice", "trick", "hypervoice", "flamethrower"], "ability": "Illusion", "evs": {"hp": 85, "atk": 0, "def": 85, "spa": 85, "spd": 85, "spe": 85}, "ivs": {"hp": 31, "atk": 0, "def": 31, "spa": 31, "spd": 31, "spe": 31}, "item": "Choice Specs", "teraType": "Normal", "role": "Wallbreaker", "bvs": {"hp": 55, "atk": 100, "def": 60, "spa": 125, "spd": 60, "spe": 110}, "stats": {"hp": 219, "atk": 165, "def": 142, "spa": 246, "spd": 142, "spe": 222}, "types": ["Normal", "Ghost"]}, "Dewgong": {"name": "Dewgong", "species": "Dewgong", "speciesId": "dewgong", "gender": "F", "shiny": false, "level": 94, "moves": ["surf", "tripleaxel", "encore", "flipturn"], "ability": "Thick Fat", "evs": {"hp": 85, "atk": 85, "def": 85, "spa": 85, "spd": 85, "spe": 85}, "ivs": {"hp": 31, "atk": 31, "def": 31, "spa": 31, "spd": 31, "spe": 31}, "item": "Heavy-Duty Boots", "teraType": "Dragon", "role": "Bulky Attacker", "bvs": {"hp": 90, "atk": 70, "def": 80, "spa": 70, "spd": 95, "spe": 70}, "stats": {"hp": 322, "atk": 185, "def": 204, "spa": 185, "spd": 232, "spe": 185}, "types": ["Water", "Ice"]}, "Solgaleo": {"name": "Solgaleo", "species": "Solgaleo", "speciesId": "solgaleo", "gender": "N", "shiny": false, "level": 74, "moves": ["flamecharge", "earthquake", "sunsteelstrike", "closecombat"], "ability": "Full Metal Body", "evs": {"hp": 85, "atk": 85, "def": 85, "spa": 85, "spd": 85, "spe": 85}, "ivs": {"hp": 31, "atk": 31, "def": 31, "spa": 31, "spd": 31, "spe": 31}, "item": "Weakness Policy", "teraType": "Ground", "role": "Bulky Setup", "bvs": {"hp": 137, "atk": 137, "def": 107, "spa": 113, "spd": 89, "spe": 97}, "stats": {"hp": 325, "atk": 246, "def": 201, "spa": 210, "spd": 175, "spe": 187}, "types": ["Psychic", "Steel"]}}]}