{"id": "gen9randombattle-2631833480", "format": "[Gen 9] Random Battle", "players": ["Alexander Babits", "PTSree"], "log": "|j|\u203dAlexander Babits\n|j|\u2606PTSree\n|t:|1781445960\n|gametype|singles\n|player|p1|Alexander Babits|2|1983\n|player|p2|PTSree|1|2003\n|gen|9\n|tier|[Gen 9] Random Battle\n|rated|\n|rule|Species Clause: Limit one of each Pok\u00e9mon\n|rule|HP Percentage Mod: HP is shown in percentages\n|rule|Sleep Clause Mod: Limit one foe put to sleep\n|rule|Illusion Level Mod: Illusion disguises the Pok\u00e9mon's true level\n|\n|t:|1781445960\n|teamsize|p1|6\n|teamsize|p2|6\n|start\n|switch|p1a: Galvantula|Galvantula, L82, F|249/249\n|switch|p2a: Amoonguss|Amoonguss, L82, F|321/321\n|turn|1\n|inactive|Battle timer is ON: inactive players will automatically lose when time's up. (requested by Alexander Babits)\n|\n|t:|1781445999\n|move|p1a: Galvantula|Sticky Web|p2a: Amoonguss\n|-sidestart|p2: PTSree|move: Sticky Web\n|move|p2a: Amoonguss|Spore|p1a: Galvantula\n|-status|p1a: Galvantula|slp|[from] move: Spore\n|\n|upkeep\n|turn|2\n|\n|t:|1781446010\n|cant|p1a: Galvantula|slp\n|move|p2a: Amoonguss|Sludge Bomb|p1a: Galvantula\n|-damage|p1a: Galvantula|135/249 slp\n|\n|upkeep\n|turn|3\n|\n|t:|1781446017\n|cant|p1a: Galvantula|slp\n|move|p2a: Amoonguss|Sludge Bomb|p1a: Galvantula\n|-damage|p1a: Galvantula|33/249 slp\n|\n|upkeep\n|turn|4\n|\n|t:|1781446039\n|switch|p1a: Cramorant|Cramorant, L86, F|261/261\n|move|p2a: Amoonguss|Giga Drain|p1a: Cramorant\n|-damage|p1a: Cramorant|197/261\n|\n|upkeep\n|turn|5\n|\n|t:|1781446068\n|switch|p2a: Bronzong|Bronzong, L88|261/261\n|move|p1a: Cramorant|Brave Bird|p2a: Bronzong\n|-resisted|p2a: Bronzong\n|-damage|p2a: Bronzong|215/261\n|-damage|p1a: Cramorant|182/261|[from] Recoil\n|\n|-heal|p2a: Bronzong|231/261|[from] item: Leftovers\n|upkeep\n|turn|6\n|\n|t:|1781446091\n|move|p1a: Cramorant|Surf|p2a: Bronzong\n|-formechange|p1a: Cramorant|Cramorant-Gulping|\n|-damage|p2a: Bronzong|155/261\n|move|p2a: Bronzong|Stealth Rock|p1a: Cramorant\n|-sidestart|p1: Alexander Babits|move: Stealth Rock\n|\n|-heal|p2a: Bronzong|171/261|[from] item: Leftovers\n|upkeep\n|turn|7\n|inactive|Alexander Babits has 120 seconds left.\n|\n|t:|1781446118\n|move|p1a: Cramorant|Surf|p2a: Bronzong\n|-damage|p2a: Bronzong|104/261\n|move|p2a: Bronzong|Psychic Noise|p1a: Cramorant\n|-damage|p1a: Cramorant|115/261\n|-start|p1a: Cramorant|move: Heal Block\n|-damage|p2a: Bronzong|39/261|[from] ability: Gulp Missile|[of] p1a: Cramorant\n|-unboost|p2a: Bronzong|def|1\n|-formechange|p1a: Cramorant|Cramorant|\n|\n|-heal|p2a: Bronzong|55/261|[from] item: Leftovers\n|upkeep\n|turn|8\n|inactive|PTSree has 120 seconds left.\n|\n|t:|1781446162\n|move|p1a: Cramorant|Brave Bird|p2a: Bronzong\n|-resisted|p2a: Bronzong\n|-crit|p2a: Bronzong\n|-damage|p2a: Bronzong|0 fnt\n|faint|p2a: Bronzong\n|-damage|p1a: Cramorant|97/261|[from] Recoil\n|\n|-end|p1a: Cramorant|move: Heal Block\n|upkeep\n|\n|t:|1781446176\n|switch|p2a: Eternatus|Eternatus, L69|308/308\n|-activate|p2a: Eternatus|move: Sticky Web\n|-unboost|p2a: Eternatus|spe|1\n|-ability|p2a: Eternatus|Pressure\n|turn|9\n|inactive|Alexander Babits has 90 seconds left.\n|\n|t:|1781446211\n|move|p1a: Cramorant|Roost|p1a: Cramorant\n|-heal|p1a: Cramorant|228/261\n|-singleturn|p1a: Cramorant|move: Roost\n|move|p2a: Eternatus|Toxic Spikes|p1a: Cramorant\n|-sidestart|p1: Alexander Babits|move: Toxic Spikes\n|\n|upkeep\n|turn|10\n|inactive|PTSree has 90 seconds left.\n|\n|t:|1781446235\n|move|p1a: Cramorant|Brave Bird|p2a: Eternatus\n|-damage|p2a: Eternatus|164/308\n|-damage|p1a: Cramorant|180/261|[from] Recoil\n|move|p2a: Eternatus|Dynamax Cannon|p1a: Cramorant\n|-damage|p1a: Cramorant|96/261\n|\n|-heal|p2a: Eternatus|183/308|[from] item: Leftovers\n|upkeep\n|turn|11\n|inactive|PTSree has 90 seconds left.\n|\n|t:|1781446249\n|move|p1a: Cramorant|Roost|p1a: Cramorant\n|-heal|p1a: Cramorant|227/261\n|-singleturn|p1a: Cramorant|move: Roost\n|move|p2a: Eternatus|Recover|p2a: Eternatus\n|-heal|p2a: Eternatus|308/308\n|\n|upkeep\n|turn|12\n|inactive|Alexander Babits has 90 seconds left.\n|inactive|PTSree has 90 seconds left.\n|\n|t:|1781446267\n|move|p1a: Cramorant|Brave Bird|p2a: Eternatus\n|-damage|p2a: Eternatus|166/308\n|-damage|p1a: Cramorant|180/261|[from] Recoil\n|move|p2a: Eternatus|Dynamax Cannon|p1a: Cramorant\n|-damage|p1a: Cramorant|81/261\n|\n|-heal|p2a: Eternatus|185/308|[from] item: Leftovers\n|upkeep\n|turn|13\n|inactive|PTSree has 90 seconds left.\n|\n|t:|1781446278\n|move|p1a: Cramorant|Roost|p1a: Cramorant\n|-heal|p1a: Cramorant|212/261\n|-singleturn|p1a: Cramorant|move: Roost\n|move|p2a: Eternatus|Recover|p2a: Eternatus\n|-heal|p2a: Eternatus|308/308\n|\n|upkeep\n|turn|14\n|inactive|PTSree has 90 seconds left.\n|inactive|Alexander Babits has 90 seconds left.\n|\n|t:|1781446318\n|move|p1a: Cramorant|Brave Bird|p2a: Eternatus\n|-damage|p2a: Eternatus|176/308\n|-damage|p1a: Cramorant|168/261|[from] Recoil\n|move|p2a: Eternatus|Dynamax Cannon|p1a: Cramorant\n|-damage|p1a: Cramorant|69/261\n|\n|-heal|p2a: Eternatus|195/308|[from] item: Leftovers\n|upkeep\n|turn|15\n|\n|t:|1781446325\n|move|p1a: Cramorant|Roost|p1a: Cramorant\n|-heal|p1a: Cramorant|200/261\n|-singleturn|p1a: Cramorant|move: Roost\n|move|p2a: Eternatus|Dynamax Cannon|p1a: Cramorant\n|-damage|p1a: Cramorant|112/261\n|\n|-heal|p2a: Eternatus|214/308|[from] item: Leftovers\n|upkeep\n|turn|16\n|inactive|PTSree has 90 seconds left.\n|\n|t:|1781446343\n|move|p1a: Cramorant|Roost|p1a: Cramorant\n|-heal|p1a: Cramorant|243/261\n|-singleturn|p1a: Cramorant|move: Roost\n|move|p2a: Eternatus|Dynamax Cannon|p1a: Cramorant\n|-damage|p1a: Cramorant|153/261\n|\n|-heal|p2a: Eternatus|233/308|[from] item: Leftovers\n|upkeep\n|turn|17\n|inactive|Alexander Babits has 90 seconds left.\n|\n|t:|1781446377\n|move|p1a: Cramorant|Defog|p2a: Eternatus\n|-unboost|p2a: Eternatus|evasion|1\n|-sideend|p2: PTSree|Sticky Web|[from] move: Defog|[of] p1a: Cramorant\n|-sideend|p1: Alexander Babits|Toxic Spikes|[from] move: Defog|[of] p1a: Cramorant\n|-sideend|p1: Alexander Babits|Stealth Rock|[from] move: Defog|[of] p1a: Cramorant\n|move|p2a: Eternatus|Dynamax Cannon|p1a: Cramorant\n|-damage|p1a: Cramorant|62/261\n|\n|-heal|p2a: Eternatus|252/308|[from] item: Leftovers\n|upkeep\n|turn|18\n|\n|t:|1781446390\n|switch|p2a: Cinderace|Cinderace, L77, M|249/249\n|move|p1a: Cramorant|Roost|p1a: Cramorant\n|-heal|p1a: Cramorant|193/261\n|-singleturn|p1a: Cramorant|move: Roost\n|\n|upkeep\n|turn|19\n|\n|t:|1781446407\n|move|p2a: Cinderace|Gunk Shot|p1a: Cramorant\n|-start|p2a: Cinderace|typechange|Poison|[from] ability: Libero\n|-damage|p1a: Cramorant|0 fnt\n|faint|p1a: Cramorant\n|\n|upkeep\n|\n|t:|1781446418\n|switch|p1a: Piloswine|Piloswine, L85, M|309/309\n|turn|20\n|inactive|PTSree has 90 seconds left.\n|\n|t:|1781446430\n|switch|p2a: Mienshao|Mienshao, L83, M|244/244\n|move|p1a: Piloswine|Stealth Rock|p2a: Mienshao\n|-sidestart|p2: PTSree|move: Stealth Rock\n|\n|upkeep\n|turn|21\n|inactive|PTSree has 90 seconds left.\n|\n|t:|1781446448\n|switch|p1a: Volbeat|Volbeat, L90, M|263/263\n|move|p2a: Mienshao|Fake Out|p1a: Volbeat\n|-damage|p1a: Volbeat|229/263\n|\n|upkeep\n|turn|22\n|\n|t:|1781446458\n|switch|p2a: Amoonguss|Amoonguss, L82, F|321/321\n|-damage|p2a: Amoonguss|281/321|[from] Stealth Rock\n|move|p1a: Volbeat|Thunder Wave|p2a: Amoonguss\n|-status|p2a: Amoonguss|par\n|\n|upkeep\n|turn|23\n|\n|t:|1781446470\n|move|p1a: Volbeat|U-turn|p2a: Amoonguss\n|-damage|p2a: Amoonguss|190/321 par\n|-damage|p1a: Volbeat|186/263|[from] item: Rocky Helmet|[of] p2a: Amoonguss\n|\n|t:|1781446482\n|switch|p1a: Gurdurr|Gurdurr, L85, F|283/283|[from] U-turn\n|move|p2a: Amoonguss|Toxic|p1a: Gurdurr\n|-status|p1a: Gurdurr|tox\n|\n|-damage|p1a: Gurdurr|266/283 tox|[from] psn\n|upkeep\n|turn|24\n|inactive|PTSree has 90 seconds left.\n|\n|t:|1781446513\n|switch|p2a: Eternatus|Eternatus, L69|252/308\n|-damage|p2a: Eternatus|214/308|[from] Stealth Rock\n|-ability|p2a: Eternatus|Pressure\n|move|p1a: Gurdurr|Bulk Up|p1a: Gurdurr\n|-boost|p1a: Gurdurr|atk|1\n|-boost|p1a: Gurdurr|def|1\n|\n|-heal|p2a: Eternatus|233/308|[from] item: Leftovers\n|-damage|p1a: Gurdurr|232/283 tox|[from] psn\n|upkeep\n|turn|25\n|\n|t:|1781446522\n|move|p2a: Eternatus|Toxic Spikes|p1a: Gurdurr\n|-sidestart|p1: Alexander Babits|move: Toxic Spikes\n|move|p1a: Gurdurr|Bulk Up|p1a: Gurdurr\n|-boost|p1a: Gurdurr|atk|1\n|-boost|p1a: Gurdurr|def|1\n|\n|-heal|p2a: Eternatus|252/308|[from] item: Leftovers\n|-damage|p1a: Gurdurr|181/283 tox|[from] psn\n|upkeep\n|turn|26\n|\n|t:|1781446530\n|move|p2a: Eternatus|Dynamax Cannon|p1a: Gurdurr\n|-damage|p1a: Gurdurr|88/283 tox\n|move|p1a: Gurdurr|Knock Off|p2a: Eternatus\n|-damage|p2a: Eternatus|12/308\n|-enditem|p2a: Eternatus|Leftovers|[from] move: Knock Off|[of] p1a: Gurdurr\n|\n|-damage|p1a: Gurdurr|20/283 tox|[from] psn\n|upkeep\n|turn|27\n|\n|t:|1781446541\n|move|p1a: Gurdurr|Mach Punch|p2a: Eternatus\n|-resisted|p2a: Eternatus\n|-damage|p2a: Eternatus|0 fnt\n|faint|p2a: Eternatus\n|\n|-damage|p1a: Gurdurr|0 fnt|[from] psn\n|faint|p1a: Gurdurr\n|upkeep\n|inactive|Alexander Babits has 60 seconds left.\n|\n|t:|1781446577\n|switch|p2a: Mienshao|Mienshao, L83, M|244/244\n|switch|p1a: Volbeat|Volbeat, L90, M|186/263\n|-damage|p2a: Mienshao|229/244|[from] Stealth Rock\n|turn|28\n|inactive|Alexander Babits has 60 seconds left.\n|\n|t:|1781446591\n|move|p2a: Mienshao|Fake Out|p1a: Volbeat\n|-damage|p1a: Volbeat|151/263\n|cant|p1a: Volbeat|flinch\n|\n|upkeep\n|turn|29\n|inactive|Alexander Babits has 60 seconds left.\n|\n|t:|1781446598\n|switch|p2a: Amoonguss|Amoonguss, L82, F|297/321 par\n|-damage|p2a: Amoonguss|257/321 par|[from] Stealth Rock\n|move|p1a: Volbeat|Roost|p1a: Volbeat\n|-heal|p1a: Volbeat|263/263\n|-singleturn|p1a: Volbeat|move: Roost\n|\n|upkeep\n|turn|30\n|inactive|Alexander Babits has 60 seconds left.\n|\n|t:|1781446609\n|move|p1a: Volbeat|U-turn|p2a: Amoonguss\n|-damage|p2a: Amoonguss|178/321 par\n|-damage|p1a: Volbeat|220/263|[from] item: Rocky Helmet|[of] p2a: Amoonguss\n|inactive|Alexander Babits has 60 seconds left.\n|\n|t:|1781446620\n|switch|p1a: Piloswine|Piloswine, L85, M|309/309|[from] U-turn\n|-status|p1a: Piloswine|psn\n|cant|p2a: Amoonguss|par\n|\n|-damage|p1a: Piloswine|271/309 psn|[from] psn\n|upkeep\n|turn|31\n|inactive|Alexander Babits has 60 seconds left.\n|inactive|PTSree has 120 seconds left.\n|\n|t:|1781446628\n|switch|p2a: Mienshao|Mienshao, L83, M|244/244\n|-damage|p2a: Mienshao|229/244|[from] Stealth Rock\n|move|p1a: Piloswine|Icicle Crash|p2a: Mienshao\n|-damage|p2a: Mienshao|96/244\n|\n|-damage|p1a: Piloswine|233/309 psn|[from] psn\n|upkeep\n|turn|32\n|inactive|Alexander Babits has 60 seconds left.\n|\n|t:|1781446657\n|switch|p1a: Volbeat|Volbeat, L90, M|220/263\n|move|p2a: Mienshao|Fake Out|p1a: Volbeat\n|-damage|p1a: Volbeat|186/263\n|\n|upkeep\n|turn|33\n|\n|t:|1781446665\n|switch|p2a: Amoonguss|Amoonguss, L82, F|285/321 par\n|-damage|p2a: Amoonguss|245/321 par|[from] Stealth Rock\n|move|p1a: Volbeat|U-turn|p2a: Amoonguss\n|-damage|p2a: Amoonguss|152/321 par\n|-damage|p1a: Volbeat|143/263|[from] item: Rocky Helmet|[of] p2a: Amoonguss\n|\n|t:|1781446674\n|switch|p1a: Cresselia|Cresselia, L80, F|323/323|[from] U-turn\n|\n|upkeep\n|turn|34\n|\n|t:|1781446685\n|switch|p2a: Serperior|Serperior, L79, M|248/248\n|-damage|p2a: Serperior|217/248|[from] Stealth Rock\n|move|p1a: Cresselia|Psyshock|p2a: Serperior\n|-damage|p2a: Serperior|150/248\n|\n|upkeep\n|turn|35\n|\n|t:|1781446698\n|switch|p1a: Volbeat|Volbeat, L90, M|143/263\n|move|p2a: Serperior|Leaf Storm|p1a: Volbeat\n|-resisted|p1a: Volbeat\n|-damage|p1a: Volbeat|86/263\n|-boost|p2a: Serperior|spa|2\n|-damage|p2a: Serperior|126/248|[from] item: Life Orb\n|\n|upkeep\n|turn|36\n|\n|t:|1781446714\n|switch|p2a: Amoonguss|Amoonguss, L82, F|259/321 par\n|-damage|p2a: Amoonguss|219/321 par|[from] Stealth Rock\n|move|p1a: Volbeat|Thunder Wave|p2a: Amoonguss\n|-fail|p2a: Amoonguss|par\n|\n|upkeep\n|turn|37\n|\n|t:|1781446719\n|move|p1a: Volbeat|Roost|p1a: Volbeat\n|-heal|p1a: Volbeat|218/263\n|-singleturn|p1a: Volbeat|move: Roost\n|move|p2a: Amoonguss|Sludge Bomb|p1a: Volbeat\n|-crit|p1a: Volbeat\n|-damage|p1a: Volbeat|98/263\n|-status|p1a: Volbeat|psn\n|\n|-damage|p1a: Volbeat|66/263 psn|[from] psn\n|upkeep\n|turn|38\n|\n|t:|1781446726\n|move|p1a: Volbeat|Roost|p1a: Volbeat\n|-heal|p1a: Volbeat|198/263 psn\n|-singleturn|p1a: Volbeat|move: Roost\n|move|p2a: Amoonguss|Sludge Bomb|p1a: Volbeat\n|-damage|p1a: Volbeat|111/263 psn\n|\n|-damage|p1a: Volbeat|79/263 psn|[from] psn\n|upkeep\n|turn|39\n|\n|t:|1781446734\n|move|p1a: Volbeat|Roost|p1a: Volbeat\n|-heal|p1a: Volbeat|211/263 psn\n|-singleturn|p1a: Volbeat|move: Roost\n|cant|p2a: Amoonguss|par\n|\n|-damage|p1a: Volbeat|179/263 psn|[from] psn\n|upkeep\n|turn|40\n|\n|t:|1781446747\n|move|p1a: Volbeat|U-turn|p2a: Amoonguss\n|-damage|p2a: Amoonguss|140/321 par\n|-damage|p1a: Volbeat|136/263 psn|[from] item: Rocky Helmet|[of] p2a: Amoonguss\n|\n|t:|1781446751\n|switch|p1a: Piloswine|Piloswine, L85, M|233/309 psn|[from] U-turn\n|move|p2a: Amoonguss|Giga Drain|p1a: Piloswine\n|-supereffective|p1a: Piloswine\n|-damage|p1a: Piloswine|105/309 psn\n|-heal|p2a: Amoonguss|204/321 par|[from] drain|[of] p1a: Piloswine\n|\n|-damage|p1a: Piloswine|67/309 psn|[from] psn\n|upkeep\n|turn|41\n|\n|t:|1781446765\n|switch|p2a: Mienshao|Mienshao, L83, M|177/244\n|-damage|p2a: Mienshao|162/244|[from] Stealth Rock\n|move|p1a: Piloswine|Earthquake|p2a: Mienshao\n|-damage|p2a: Mienshao|9/244\n|\n|-damage|p1a: Piloswine|29/309 psn|[from] psn\n|upkeep\n|turn|42\n|\n|t:|1781446774\n|move|p2a: Mienshao|Fake Out|p1a: Piloswine\n|-damage|p1a: Piloswine|3/309 psn\n|cant|p1a: Piloswine|flinch\n|\n|-damage|p1a: Piloswine|0 fnt|[from] psn\n|faint|p1a: Piloswine\n|upkeep\n|\n|t:|1781446786\n|switch|p1a: Galvantula|Galvantula, L82, F|33/249 slp\n|turn|43\n|\n|t:|1781446811\n|switch|p2a: Amoonguss|Amoonguss, L82, F|311/321 par\n|-damage|p2a: Amoonguss|271/321 par|[from] Stealth Rock\n|-curestatus|p1a: Galvantula|slp|[msg]\n|move|p1a: Galvantula|Thunder|p2a: Amoonguss\n|-resisted|p2a: Amoonguss\n|-damage|p2a: Amoonguss|211/321 par\n|\n|upkeep\n|turn|44\n|inactive|Alexander Babits has 60 seconds left.\n|\n|t:|1781446834\n|move|p1a: Galvantula|Sticky Web|p2a: Amoonguss\n|-sidestart|p2: PTSree|move: Sticky Web\n|cant|p2a: Amoonguss|par\n|\n|upkeep\n|turn|45\n|\n|t:|1781446848\n|move|p1a: Galvantula|Bug Buzz|p2a: Amoonguss\n|-damage|p2a: Amoonguss|111/321 par\n|move|p2a: Amoonguss|Giga Drain|p1a: Galvantula\n|-resisted|p1a: Galvantula\n|-damage|p1a: Galvantula|0 fnt\n|-heal|p2a: Amoonguss|128/321 par|[from] drain|[of] p1a: Galvantula\n|faint|p1a: Galvantula\n|\n|upkeep\n|inactive|Alexander Babits has 60 seconds left.\n|\n|t:|1781446868\n|switch|p1a: Cresselia|Cresselia, L80, F|323/323\n|turn|46\n|inactive|Alexander Babits has 60 seconds left.\n|inactive|PTSree has 120 seconds left.\n|\n|t:|1781446930\n|switch|p2a: Cinderace|Cinderace, L77, M|249/249\n|-damage|p2a: Cinderace|187/249|[from] Stealth Rock\n|-activate|p2a: Cinderace|move: Sticky Web\n|-unboost|p2a: Cinderace|spe|1\n|move|p1a: Cresselia|Calm Mind|p1a: Cresselia\n|-boost|p1a: Cresselia|spa|1\n|-boost|p1a: Cresselia|spd|1\n|\n|upkeep\n|turn|47\n|inactive|Alexander Babits has 60 seconds left.\n|\n|t:|1781446945\n|-terastallize|p1a: Cresselia|Steel\n|move|p1a: Cresselia|Psyshock|p2a: Cinderace\n|-damage|p2a: Cinderace|61/249\n|move|p2a: Cinderace|U-turn|p1a: Cresselia\n|-start|p2a: Cinderace|typechange|Bug|[from] ability: Libero\n|-resisted|p1a: Cresselia\n|-damage|p1a: Cresselia|277/323\n|inactive|PTSree has 90 seconds left.\n|\n|t:|1781446988\n|switch|p2a: Mienshao|Mienshao, L83, M|90/244|[from] U-turn\n|-damage|p2a: Mienshao|75/244|[from] Stealth Rock\n|-activate|p2a: Mienshao|move: Sticky Web\n|-unboost|p2a: Mienshao|spe|1\n|\n|-heal|p1a: Cresselia|297/323|[from] item: Leftovers\n|upkeep\n|turn|48\n|inactive|Alexander Babits has 60 seconds left.\n|\n|t:|1781447016\n|move|p2a: Mienshao|Fake Out|p1a: Cresselia\n|-resisted|p1a: Cresselia\n|-damage|p1a: Cresselia|283/323\n|cant|p1a: Cresselia|flinch\n|\n|-heal|p1a: Cresselia|303/323|[from] item: Leftovers\n|upkeep\n|turn|49\n|\n|t:|1781447023\n|-terastallize|p2a: Mienshao|Steel\n|move|p1a: Cresselia|Thunderbolt|p2a: Mienshao\n|-damage|p2a: Mienshao|14/244\n|move|p2a: Mienshao|Close Combat|p1a: Cresselia\n|-supereffective|p1a: Cresselia\n|-damage|p1a: Cresselia|19/323\n|-unboost|p2a: Mienshao|def|1\n|-unboost|p2a: Mienshao|spd|1\n|\n|-heal|p1a: Cresselia|39/323|[from] item: Leftovers\n|upkeep\n|turn|50\n|inactive|Alexander Babits has 60 seconds left.\n|\n|t:|1781447034\n|move|p1a: Cresselia|Psyshock|p2a: Mienshao\n|-resisted|p2a: Mienshao\n|-damage|p2a: Mienshao|0 fnt\n|faint|p2a: Mienshao\n|\n|-heal|p1a: Cresselia|59/323|[from] item: Leftovers\n|upkeep\n|\n|t:|1781447044\n|switch|p2a: Serperior|Serperior, L79, M|126/248\n|-damage|p2a: Serperior|95/248|[from] Stealth Rock\n|-activate|p2a: Serperior|move: Sticky Web\n|-boost|p2a: Serperior|spe|1\n|turn|51\n|inactive|Alexander Babits has 60 seconds left.\n|\n|t:|1781447064\n|switch|p1a: Volbeat|Volbeat, L90, M|136/263 psn\n|move|p2a: Serperior|Glare||[still]\n|-fail|p2a: Serperior\n|\n|-damage|p1a: Volbeat|104/263 psn|[from] psn\n|upkeep\n|turn|52\n|inactive|PTSree has 90 seconds left.\n|\n|t:|1781447088\n|switch|p2a: Cinderace|Cinderace, L77, M|61/249\n|-damage|p2a: Cinderace|0 fnt|[from] Stealth Rock\n|faint|p2a: Cinderace\n|move|p1a: Volbeat|U-turn|p2: Cinderace|[notarget]\n|-fail|p1a: Volbeat\n|\n|-damage|p1a: Volbeat|72/263 psn|[from] psn\n|upkeep\n|\n|t:|1781447099\n|switch|p2a: Amoonguss|Amoonguss, L82, F|235/321 par\n|-damage|p2a: Amoonguss|195/321 par|[from] Stealth Rock\n|-activate|p2a: Amoonguss|move: Sticky Web\n|-unboost|p2a: Amoonguss|spe|1\n|turn|53\n|inactive|Alexander Babits has 60 seconds left.\n|\n|t:|1781447116\n|move|p1a: Volbeat|Roost|p1a: Volbeat\n|-heal|p1a: Volbeat|204/263 psn\n|-singleturn|p1a: Volbeat|move: Roost\n|move|p2a: Amoonguss|Spore||[still]\n|-fail|p2a: Amoonguss\n|\n|-damage|p1a: Volbeat|172/263 psn|[from] psn\n|upkeep\n|turn|54\n|-message|PTSree forfeited.\n|\n|win|Alexander Babits\n", "inputlog": ">version a8376a258c1d4662feba110a92103f3664a72141\n>start {\"formatid\":\"gen9randombattle\",\"seed\":\"sodium,75df66bb084c1b3a998b9802e0d4a583\",\"rated\":\"Rated battle\"}\n>player p1 {\"name\":\"Alexander Babits\",\"avatar\":\"2\",\"rating\":1983,\"seed\":\"sodium,d5739f470c6e416a966b34716202b354\"}\n>player p2 {\"name\":\"PTSree\",\"avatar\":\"1\",\"rating\":2003,\"seed\":\"sodium,6cf1930130abc9dfe9834754df5a527e\"}\n>p1 move stickyweb\n>p2 move spore\n>p1 move bugbuzz\n>p2 move sludgebomb\n>p1 move bugbuzz\n>p2 move sludgebomb\n>p1 switch 4\n>p2 move gigadrain\n>p1 move bravebird\n>p2 switch 6\n>p1 move surf\n>p2 move stealthrock\n>p1 move surf\n>p2 move psychicnoise\n>p1 move bravebird\n>p2 move psychicnoise\n>p2 switch 4\n>p1 move roost\n>p2 move toxicspikes\n>p1 move bravebird\n>p2 move dynamaxcannon\n>p1 move roost\n>p2 move recover\n>p1 move bravebird\n>p2 move dynamaxcannon\n>p1 move roost\n>p2 move recover\n>p1 move bravebird\n>p2 move dynamaxcannon\n>p1 move roost\n>p2 move dynamaxcannon\n>p1 move roost\n>p2 move dynamaxcannon\n>p1 move defog\n>p2 move dynamaxcannon\n>p1 move roost\n>p2 switch 5\n>p1 move surf\n>p2 move gunkshot\n>p1 switch 3\n>p1 move stealthrock\n>p2 switch 2\n>p1 switch 6\n>p2 move fakeout\n>p1 move thunderwave\n>p2 switch 6\n>p1 move uturn\n>p2 move toxic\n>p1 switch 5\n>p1 move bulkup\n>p2 switch 5\n>p1 move bulkup\n>p2 move toxicspikes\n>p1 move knockoff\n>p2 move dynamaxcannon\n>p1 move machpunch\n>p2 move recover\n>p1 switch 5\n>p2 switch 6\n>p1 move roost\n>p2 move fakeout\n>p1 move roost\n>p2 switch 5\n>p1 move uturn\n>p2 move toxic\n>p1 switch 6\n>p1 move iciclecrash\n>p2 switch 5\n>p1 switch 6\n>p2 move fakeout\n>p1 move uturn\n>p2 switch 5\n>p1 switch 2\n>p1 move psyshock\n>p2 switch 3\n>p1 switch 2\n>p2 move leafstorm\n>p1 move thunderwave\n>p2 switch 3\n>p1 move roost\n>p2 move sludgebomb\n>p1 move roost\n>p2 move sludgebomb\n>p1 move roost\n>p2 move sludgebomb\n>p1 move uturn\n>p2 move gigadrain\n>p1 switch 6\n>p1 move earthquake\n>p2 switch 5\n>p1 move iciclecrash\n>p2 move fakeout\n>p1 switch 4\n>p1 move thunder\n>p2 switch 5\n>p1 move stickyweb\n>p2 move gigadrain\n>p1 move bugbuzz\n>p2 move gigadrain\n>p1 switch 2\n>p1 move calmmind\n>p2 switch 2\n>p1 move psyshock terastallize\n>p2 move uturn\n>p2 switch 5\n>p1 move thunderbolt\n>p2 move fakeout\n>p1 move thunderbolt\n>p2 move closecombat terastallize\n>p1 move psyshock\n>p2 move closecombat\n>p2 switch 3\n>p1 switch 6\n>p2 move glare\n>p1 move uturn\n>p2 switch 5\n>p2 switch 2\n>p1 move roost\n>p2 move spore\n>forcelose p2", "uploadtime": 1781445962, "views": 4, "formatid": "gen9randombattle", "rating": null, "private": 0, "password": null, "player_dets": [{"name": "Alexander Babits", "avatar": "2", "rating": 1983, "seed": "sodium,d5739f470c6e416a966b34716202b354"}, {"name": "PTSree", "avatar": "1", "rating": 2003, "seed": "sodium,6cf1930130abc9dfe9834754df5a527e"}], "teams_full": [{"Galvantula": {"name": "Galvantula", "species": "Galvantula", "speciesId": "galvantula", "gender": "F", "shiny": false, "level": 82, "moves": ["voltswitch", "stickyweb", "thunder", "bugbuzz"], "ability": "Compound Eyes", "evs": {"hp": 85, "atk": 0, "def": 85, "spa": 85, "spd": 85, "spe": 85}, "ivs": {"hp": 31, "atk": 0, "def": 31, "spa": 31, "spd": 31, "spe": 31}, "item": "Focus Sash", "teraType": "Electric", "role": "Fast Support", "bvs": {"hp": 70, "atk": 77, "def": 60, "spa": 97, "spd": 60, "spe": 108}, "stats": {"hp": 249, "atk": 131, "def": 146, "spa": 206, "spd": 146, "spe": 224}}, "Cresselia": {"name": "Cresselia", "species": "Cresselia", "speciesId": "cresselia", "gender": "F", "shiny": false, "level": 80, "moves": ["thunderbolt", "moonlight", "psyshock", "calmmind"], "ability": "Levitate", "evs": {"hp": 85, "atk": 0, "def": 85, "spa": 85, "spd": 85, "spe": 85}, "ivs": {"hp": 31, "atk": 0, "def": 31, "spa": 31, "spd": 31, "spe": 31}, "item": "Leftovers", "teraType": "Steel", "role": "Bulky Setup", "bvs": {"hp": 120, "atk": 70, "def": 110, "spa": 75, "spd": 120, "spe": 85}, "stats": {"hp": 323, "atk": 117, "def": 222, "spa": 166, "spd": 238, "spe": 182}}, "Piloswine": {"name": "Piloswine", "species": "Piloswine", "speciesId": "piloswine", "gender": "M", "shiny": false, "level": 85, "moves": ["roar", "earthquake", "iciclecrash", "stealthrock"], "ability": "Thick Fat", "evs": {"hp": 85, "atk": 85, "def": 85, "spa": 85, "spd": 85, "spe": 85}, "ivs": {"hp": 31, "atk": 31, "def": 31, "spa": 31, "spd": 31, "spe": 31}, "item": "Eviolite", "teraType": "Dragon", "role": "Bulky Support", "bvs": {"hp": 100, "atk": 100, "def": 80, "spa": 60, "spd": 60, "spe": 50}, "stats": {"hp": 309, "atk": 219, "def": 185, "spa": 151, "spd": 151, "spe": 134}}, "Cramorant": {"name": "Cramorant", "species": "Cramorant", "speciesId": "cramorant", "gender": "F", "shiny": false, "level": 86, "moves": ["defog", "bravebird", "roost", "surf"], "ability": "Gulp Missile", "evs": {"hp": 85, "atk": 85, "def": 85, "spa": 85, "spd": 85, "spe": 85}, "ivs": {"hp": 31, "atk": 31, "def": 31, "spa": 31, "spd": 31, "spe": 31}, "item": "Heavy-Duty Boots", "teraType": "Ground", "role": "Bulky Support", "bvs": {"hp": 70, "atk": 85, "def": 55, "spa": 85, "spd": 95, "spe": 85}, "stats": {"hp": 261, "atk": 195, "def": 144, "spa": 195, "spd": 213, "spe": 195}}, "Gurdurr": {"name": "Gurdurr", "species": "Gurdurr", "speciesId": "gurdurr", "gender": "F", "shiny": false, "level": 85, "moves": ["drainpunch", "bulkup", "knockoff", "machpunch"], "ability": "Guts", "evs": {"hp": 85, "atk": 85, "def": 85, "spa": 85, "spd": 85, "spe": 85}, "ivs": {"hp": 31, "atk": 31, "def": 31, "spa": 31, "spd": 31, "spe": 31}, "item": "Eviolite", "teraType": "Steel", "role": "Bulky Attacker", "bvs": {"hp": 85, "atk": 105, "def": 85, "spa": 40, "spd": 50, "spe": 40}, "stats": {"hp": 283, "atk": 227, "def": 193, "spa": 117, "spd": 134, "spe": 117}}, "Volbeat": {"name": "Volbeat", "species": "Volbeat", "speciesId": "volbeat", "gender": "M", "shiny": false, "level": 90, "moves": ["uturn", "encore", "thunderwave", "roost"], "ability": "Prankster", "evs": {"hp": 85, "atk": 85, "def": 85, "spa": 85, "spd": 85, "spe": 85}, "ivs": {"hp": 31, "atk": 31, "def": 31, "spa": 31, "spd": 31, "spe": 31}, "item": "Heavy-Duty Boots", "teraType": "Steel", "role": "Bulky Support", "bvs": {"hp": 65, "atk": 73, "def": 75, "spa": 47, "spd": 85, "spe": 85}, "stats": {"hp": 263, "atk": 183, "def": 186, "spa": 136, "spd": 204, "spe": 204}}}, {"Amoonguss": {"name": "Amoonguss", "species": "Amoonguss", "speciesId": "amoonguss", "gender": "F", "shiny": false, "level": 82, "moves": ["sludgebomb", "spore", "gigadrain", "toxic"], "ability": "Regenerator", "evs": {"hp": 85, "atk": 0, "def": 85, "spa": 85, "spd": 85, "spe": 85}, "ivs": {"hp": 31, "atk": 0, "def": 31, "spa": 31, "spd": 31, "spe": 31}, "item": "Rocky Helmet", "teraType": "Water", "role": "Bulky Support", "bvs": {"hp": 114, "atk": 85, "def": 70, "spa": 85, "spd": 80, "spe": 30}, "stats": {"hp": 321, "atk": 144, "def": 162, "spa": 187, "spd": 178, "spe": 96}}, "Mienshao": {"name": "Mienshao", "species": "Mienshao", "speciesId": "mienshao", "gender": "M", "shiny": false, "level": 83, "moves": ["uturn", "fakeout", "closecombat", "knockoff"], "ability": "Regenerator", "evs": {"hp": 85, "atk": 85, "def": 85, "spa": 85, "spd": 85, "spe": 85}, "ivs": {"hp": 31, "atk": 31, "def": 31, "spa": 31, "spd": 31, "spe": 31}, "item": "Assault Vest", "teraType": "Steel", "role": "AV Pivot", "bvs": {"hp": 65, "atk": 125, "def": 60, "spa": 95, "spd": 60, "spe": 105}, "stats": {"hp": 244, "atk": 255, "def": 147, "spa": 205, "spd": 147, "spe": 222}}, "Serperior": {"name": "Serperior", "species": "Serperior", "speciesId": "serperior", "gender": "M", "shiny": false, "level": 79, "moves": ["terablast", "synthesis", "glare", "leafstorm"], "ability": "Contrary", "evs": {"hp": 85, "atk": 85, "def": 85, "spa": 85, "spd": 85, "spe": 85}, "ivs": {"hp": 31, "atk": 31, "def": 31, "spa": 31, "spd": 31, "spe": 31}, "item": "Life Orb", "teraType": "Fire", "role": "Tera Blast user", "bvs": {"hp": 75, "atk": 75, "def": 95, "spa": 75, "spd": 95, "spe": 113}, "stats": {"hp": 248, "atk": 164, "def": 196, "spa": 164, "spd": 196, "spe": 224}}, "Eternatus": {"name": "Eternatus", "species": "Eternatus", "speciesId": "eternatus", "gender": "N", "shiny": false, "level": 69, "moves": ["dynamaxcannon", "flamethrower", "toxicspikes", "recover"], "ability": "Pressure", "evs": {"hp": 85, "atk": 0, "def": 85, "spa": 85, "spd": 85, "spe": 85}, "ivs": {"hp": 31, "atk": 0, "def": 31, "spa": 31, "spd": 31, "spe": 31}, "item": "Leftovers", "teraType": "Dragon", "role": "Bulky Support", "bvs": {"hp": 140, "atk": 85, "def": 95, "spa": 145, "spd": 95, "spe": 130}, "stats": {"hp": 308, "atk": 122, "def": 171, "spa": 240, "spd": 171, "spe": 220}}, "Cinderace": {"name": "Cinderace", "species": "Cinderace", "speciesId": "cinderace", "gender": "M", "shiny": false, "level": 77, "moves": ["highjumpkick", "gunkshot", "uturn", "pyroball"], "ability": "Libero", "evs": {"hp": 81, "atk": 85, "def": 85, "spa": 85, "spd": 85, "spe": 85}, "ivs": {"hp": 31, "atk": 31, "def": 31, "spa": 31, "spd": 31, "spe": 31}, "item": "Choice Band", "teraType": "Fighting", "role": "Fast Attacker", "bvs": {"hp": 80, "atk": 116, "def": 75, "spa": 65, "spd": 75, "spe": 119}, "stats": {"hp": 249, "atk": 223, "def": 160, "spa": 145, "spd": 160, "spe": 228}}, "Bronzong": {"name": "Bronzong", "species": "Bronzong", "speciesId": "bronzong", "gender": "N", "shiny": false, "level": 88, "moves": ["ironhead", "stealthrock", "psychicnoise", "earthquake"], "ability": "Levitate", "evs": {"hp": 85, "atk": 85, "def": 85, "spa": 85, "spd": 85, "spe": 85}, "ivs": {"hp": 31, "atk": 31, "def": 31, "spa": 31, "spd": 31, "spe": 31}, "item": "Leftovers", "teraType": "Water", "role": "Bulky Support", "bvs": {"hp": 67, "atk": 89, "def": 116, "spa": 79, "spd": 116, "spe": 33}, "stats": {"hp": 261, "atk": 207, "def": 254, "spa": 189, "spd": 254, "spe": 108}}}]}