{"id": "gen9randombattle-2631919432", "format": "[Gen 9] Random Battle", "players": ["Micael Lopes", "pythagoras180"], "log": "|j|\u2606Micael Lopes\n|j|\u203dpythagoras180\n|t:|1781455638\n|gametype|singles\n|player|p1|Micael Lopes|benga|1668\n|player|p2|pythagoras180|richboy-gen4|1640\n|gen|9\n|tier|[Gen 9] Random Battle\n|rated|\n|rule|Species Clause: Limit one of each Pok\u00e9mon\n|rule|HP Percentage Mod: HP is shown in percentages\n|rule|Sleep Clause Mod: Limit one foe put to sleep\n|rule|Illusion Level Mod: Illusion disguises the Pok\u00e9mon's true level\n|\n|t:|1781455638\n|teamsize|p1|6\n|teamsize|p2|6\n|start\n|switch|p1a: Dudunsparce|Dudunsparce-Three-Segment, L83, M|343/343\n|switch|p2a: Glaceon|Glaceon, L94, M|275/275\n|turn|1\n|inactive|Battle timer is ON: inactive players will automatically lose when time's up. (requested by Micael Lopes)\n|\n|t:|1781455666\n|switch|p1a: Blissey|Blissey, L85, F|572/572\n|move|p2a: Glaceon|Wish|p2a: Glaceon\n|\n|upkeep\n|turn|2\n|\n|t:|1781455688\n|switch|p2a: Luxray|Luxray, L88, F|284/284\n|-ability|p2a: Luxray|Intimidate|boost\n|-unboost|p1a: Blissey|atk|1\n|move|p1a: Blissey|Thunder Wave|p2a: Luxray\n|-immune|p2a: Luxray\n|\n|upkeep\n|turn|3\n|\n|t:|1781455699\n|move|p2a: Luxray|Throat Chop|p1a: Blissey\n|-damage|p1a: Blissey|336/572\n|-start|p1a: Blissey|Throat Chop|[silent]\n|move|p1a: Blissey|Stealth Rock|p2a: Luxray\n|-sidestart|p2: pythagoras180|move: Stealth Rock\n|\n|-heal|p1a: Blissey|371/572|[from] item: Leftovers\n|upkeep\n|turn|4\n|\n|t:|1781455705\n|switch|p1a: Great Tusk|Great Tusk, L77|304/304\n|move|p2a: Luxray|Wild Charge|p1a: Great Tusk\n|-immune|p1a: Great Tusk\n|\n|upkeep\n|turn|5\n|\n|t:|1781455719\n|switch|p2a: Indeedee|Indeedee-F, L90, F|272/272\n|-damage|p2a: Indeedee|238/272|[from] Stealth Rock\n|-fieldstart|move: Psychic Terrain|[from] ability: Psychic Surge|[of] p2a: Indeedee\n|move|p1a: Great Tusk|Bulk Up|p1a: Great Tusk\n|-boost|p1a: Great Tusk|atk|1\n|-boost|p1a: Great Tusk|def|1\n|\n|upkeep\n|turn|6\n|\n|t:|1781455742\n|-terastallize|p1a: Great Tusk|Steel\n|move|p2a: Indeedee|Psychic|p1a: Great Tusk\n|-resisted|p1a: Great Tusk\n|-damage|p1a: Great Tusk|158/304\n|-unboost|p1a: Great Tusk|spd|1\n|-damage|p2a: Indeedee|211/272|[from] item: Life Orb\n|move|p1a: Great Tusk|Close Combat|p2a: Indeedee\n|-damage|p2a: Indeedee|0 fnt\n|-unboost|p1a: Great Tusk|def|1\n|-unboost|p1a: Great Tusk|spd|1\n|faint|p2a: Indeedee\n|\n|-heal|p1a: Great Tusk|177/304|[from] item: Leftovers\n|upkeep\n|inactive|pythagoras180 has 120 seconds left.\n|\n|t:|1781455769\n|switch|p2a: Raikou|Raikou, L81|278/278\n|-damage|p2a: Raikou|244/278|[from] Stealth Rock\n|-ability|p2a: Raikou|Pressure\n|turn|7\n|\n|t:|1781455783\n|-end|p1a: Great Tusk|Protosynthesis|[silent]\n|switch|p1a: Blissey|Blissey, L85, F|371/572\n|move|p2a: Raikou|Thunderbolt|p1a: Blissey\n|-damage|p1a: Blissey|296/572\n|\n|-heal|p2a: Raikou|261/278|[from] item: Leftovers\n|-heal|p1a: Blissey|331/572|[from] item: Leftovers\n|upkeep\n|turn|8\n|\n|t:|1781455805\n|switch|p2a: Luxray|Luxray, L88, F|284/284\n|-damage|p2a: Luxray|249/284|[from] Stealth Rock\n|-ability|p2a: Luxray|Intimidate|boost\n|-unboost|p1a: Blissey|atk|1\n|move|p1a: Blissey|Seismic Toss|p2a: Luxray\n|-damage|p2a: Luxray|164/284\n|\n|-heal|p1a: Blissey|366/572|[from] item: Leftovers\n|upkeep\n|turn|9\n|\n|t:|1781455815\n|switch|p1a: Swalot|Swalot, L90, F|326/326\n|move|p2a: Luxray|Wild Charge|p1a: Swalot\n|-damage|p1a: Swalot|202/326\n|-damage|p2a: Luxray|133/284|[from] Recoil\n|\n|-heal|p1a: Swalot|222/326|[from] item: Leftovers\n|-fieldend|move: Psychic Terrain\n|upkeep\n|turn|10\n|\n|t:|1781455827\n|move|p2a: Luxray|Volt Switch|p1a: Swalot\n|-damage|p1a: Swalot|141/326\n|\n|t:|1781455841\n|switch|p2a: Passimian|Passimian, L83, M|302/302|[from] Volt Switch\n|-damage|p2a: Passimian|284/302|[from] Stealth Rock\n|move|p1a: Swalot|Toxic|p2a: Passimian\n|-status|p2a: Passimian|tox\n|\n|-heal|p2a: Passimian|302/302 tox|[from] item: Leftovers\n|-heal|p1a: Swalot|161/326|[from] item: Leftovers\n|-damage|p2a: Passimian|284/302 tox|[from] psn\n|upkeep\n|turn|11\n|\n|t:|1781455861\n|move|p1a: Swalot|Protect|p1a: Swalot\n|-singleturn|p1a: Swalot|Protect\n|move|p2a: Passimian|Bulk Up|p2a: Passimian\n|-boost|p2a: Passimian|atk|1\n|-boost|p2a: Passimian|def|1\n|\n|-heal|p2a: Passimian|302/302 tox|[from] item: Leftovers\n|-heal|p1a: Swalot|181/326|[from] item: Leftovers\n|-damage|p2a: Passimian|266/302 tox|[from] psn\n|upkeep\n|turn|12\n|\n|t:|1781455869\n|move|p2a: Passimian|Knock Off|p1a: Swalot\n|-damage|p1a: Swalot|55/326\n|-enditem|p1a: Swalot|Leftovers|[from] move: Knock Off|[of] p2a: Passimian\n|move|p1a: Swalot|Sludge Bomb|p2a: Passimian\n|-damage|p2a: Passimian|145/302 tox\n|\n|-heal|p2a: Passimian|163/302 tox|[from] item: Leftovers\n|-damage|p2a: Passimian|109/302 tox|[from] psn\n|upkeep\n|turn|13\n|\n|t:|1781455882\n|move|p1a: Swalot|Protect|p1a: Swalot\n|-singleturn|p1a: Swalot|Protect\n|move|p2a: Passimian|Knock Off|p1a: Swalot\n|-activate|p1a: Swalot|move: Protect\n|\n|-heal|p2a: Passimian|127/302 tox|[from] item: Leftovers\n|-damage|p2a: Passimian|55/302 tox|[from] psn\n|upkeep\n|turn|14\n|\n|t:|1781455889\n|move|p2a: Passimian|Knock Off|p1a: Swalot\n|-damage|p1a: Swalot|0 fnt\n|faint|p1a: Swalot\n|\n|-heal|p2a: Passimian|73/302 tox|[from] item: Leftovers\n|-damage|p2a: Passimian|0 fnt|[from] psn\n|faint|p2a: Passimian\n|upkeep\n|\n|t:|1781455912\n|switch|p2a: Glaceon|Glaceon, L94, M|275/275\n|switch|p1a: Deoxys|Deoxys, L74|196/196\n|-ability|p1a: Deoxys|Pressure\n|turn|15\n|\n|t:|1781455927\n|move|p2a: Glaceon|Protect|p2a: Glaceon\n|-singleturn|p2a: Glaceon|Protect\n|move|p1a: Deoxys|Knock Off|p2a: Glaceon\n|-activate|p2a: Glaceon|move: Protect\n|\n|upkeep\n|turn|16\n|\n|t:|1781455938\n|switch|p2a: Zamazenta|Zamazenta-Crowned, L68|238/238\n|-damage|p2a: Zamazenta|231/238|[from] Stealth Rock\n|-ability|p2a: Zamazenta|Dauntless Shield|boost\n|-boost|p2a: Zamazenta|def|1\n|move|p1a: Deoxys|Knock Off|p2a: Zamazenta\n|-resisted|p2a: Zamazenta\n|-damage|p2a: Zamazenta|214/238\n|-damage|p1a: Deoxys|177/196|[from] item: Life Orb\n|\n|upkeep\n|turn|17\n|\n|t:|1781455951\n|move|p1a: Deoxys|Psycho Boost|p2a: Zamazenta\n|-damage|p2a: Zamazenta|46/238\n|-unboost|p1a: Deoxys|spa|2\n|-damage|p1a: Deoxys|158/196|[from] item: Life Orb\n|move|p2a: Zamazenta|Heavy Slam|p1a: Deoxys\n|-damage|p1a: Deoxys|0 fnt\n|faint|p1a: Deoxys\n|\n|upkeep\n|\n|t:|1781455960\n|switch|p1a: Magearna|Magearna-Original, L77|250/250\n|turn|18\n|\n|t:|1781455967\n|move|p2a: Zamazenta|Body Press|p1a: Magearna\n|-damage|p1a: Magearna|147/250\n|move|p1a: Magearna|Shift Gear|p1a: Magearna\n|-boost|p1a: Magearna|spe|2\n|-boost|p1a: Magearna|atk|1\n|\n|-heal|p1a: Magearna|162/250|[from] item: Leftovers\n|upkeep\n|turn|19\n|\n|t:|1781455974\n|move|p1a: Magearna|Calm Mind|p1a: Magearna\n|-boost|p1a: Magearna|spa|1\n|-boost|p1a: Magearna|spd|1\n|move|p2a: Zamazenta|Body Press|p1a: Magearna\n|-damage|p1a: Magearna|68/250\n|\n|-heal|p1a: Magearna|83/250|[from] item: Leftovers\n|upkeep\n|turn|20\n|\n|t:|1781455980\n|move|p1a: Magearna|Flash Cannon|p2a: Zamazenta\n|-resisted|p2a: Zamazenta\n|-damage|p2a: Zamazenta|0 fnt\n|faint|p2a: Zamazenta\n|-ability|p1a: Magearna|Soul-Heart|boost\n|-boost|p1a: Magearna|spa|1\n|\n|-heal|p1a: Magearna|98/250|[from] item: Leftovers\n|upkeep\n|\n|t:|1781456001\n|switch|p2a: Raikou|Raikou, L81|261/278\n|-damage|p2a: Raikou|227/278|[from] Stealth Rock\n|-ability|p2a: Raikou|Pressure\n|turn|21\n|\n|t:|1781456007\n|move|p1a: Magearna|Calm Mind|p1a: Magearna\n|-boost|p1a: Magearna|spa|1\n|-boost|p1a: Magearna|spd|1\n|move|p2a: Raikou|Thunderbolt|p1a: Magearna\n|-damage|p1a: Magearna|49/250\n|\n|-heal|p1a: Magearna|64/250|[from] item: Leftovers\n|-heal|p2a: Raikou|244/278|[from] item: Leftovers\n|upkeep\n|turn|22\n|\n|t:|1781456017\n|move|p1a: Magearna|Fleur Cannon|p2a: Raikou\n|-damage|p2a: Raikou|0 fnt\n|-unboost|p1a: Magearna|spa|2\n|faint|p2a: Raikou\n|-ability|p1a: Magearna|Soul-Heart|boost\n|-boost|p1a: Magearna|spa|1\n|\n|-heal|p1a: Magearna|79/250|[from] item: Leftovers\n|upkeep\n|\n|t:|1781456026\n|switch|p2a: Glaceon|Glaceon, L94, M|275/275\n|turn|23\n|\n|t:|1781456034\n|-terastallize|p2a: Glaceon|Water\n|move|p1a: Magearna|Calm Mind|p1a: Magearna\n|-boost|p1a: Magearna|spa|1\n|-boost|p1a: Magearna|spd|1\n|move|p2a: Glaceon|Calm Mind|p2a: Glaceon\n|-boost|p2a: Glaceon|spa|1\n|-boost|p2a: Glaceon|spd|1\n|\n|-heal|p1a: Magearna|94/250|[from] item: Leftovers\n|upkeep\n|turn|24\n|\n|t:|1781456042\n|move|p1a: Magearna|Calm Mind|p1a: Magearna\n|-boost|p1a: Magearna|spa|1\n|-boost|p1a: Magearna|spd|1\n|move|p2a: Glaceon|Calm Mind|p2a: Glaceon\n|-boost|p2a: Glaceon|spa|1\n|-boost|p2a: Glaceon|spd|1\n|\n|-heal|p1a: Magearna|109/250|[from] item: Leftovers\n|upkeep\n|turn|25\n|\n|t:|1781456049\n|move|p1a: Magearna|Calm Mind|p1a: Magearna\n|-boost|p1a: Magearna|spa|1\n|-boost|p1a: Magearna|spd|1\n|move|p2a: Glaceon|Freeze-Dry|p1a: Magearna\n|-resisted|p1a: Magearna\n|-damage|p1a: Magearna|78/250\n|\n|-heal|p1a: Magearna|93/250|[from] item: Leftovers\n|upkeep\n|turn|26\n|\n|t:|1781456060\n|move|p1a: Magearna|Fleur Cannon|p2a: Glaceon\n|-damage|p2a: Glaceon|70/275\n|-unboost|p1a: Magearna|spa|2\n|move|p2a: Glaceon|Freeze-Dry|p1a: Magearna\n|-resisted|p1a: Magearna\n|-damage|p1a: Magearna|63/250\n|\n|-heal|p1a: Magearna|78/250|[from] item: Leftovers\n|upkeep\n|turn|27\n|\n|t:|1781456068\n|move|p1a: Magearna|Fleur Cannon|p2a: Glaceon\n|-damage|p2a: Glaceon|0 fnt\n|-unboost|p1a: Magearna|spa|2\n|faint|p2a: Glaceon\n|-ability|p1a: Magearna|Soul-Heart|boost\n|-boost|p1a: Magearna|spa|1\n|\n|-heal|p1a: Magearna|93/250|[from] item: Leftovers\n|upkeep\n|\n|t:|1781456076\n|switch|p2a: Luxray|Luxray, L88, F|133/284\n|-damage|p2a: Luxray|98/284|[from] Stealth Rock\n|-ability|p2a: Luxray|Intimidate|boost\n|-unboost|p1a: Magearna|atk|1\n|turn|28\n|\n|t:|1781456082\n|move|p1a: Magearna|Fleur Cannon|p2a: Luxray\n|-damage|p2a: Luxray|0 fnt\n|-unboost|p1a: Magearna|spa|2\n|faint|p2a: Luxray\n|\n|win|Micael Lopes\n|raw|Micael Lopes's rating: 1671 &rarr; <strong>1689</strong><br />(+18 for winning)\n|raw|pythagoras180's rating: 1640 &rarr; <strong>1622</strong><br />(-18 for losing)\n|l|\u203dpythagoras180\n|player|p2|\n|c|\u2606Micael Lopes|**__Sexy game.__**\n", "inputlog": ">version a8376a258c1d4662feba110a92103f3664a72141\n>start {\"formatid\":\"gen9randombattle\",\"seed\":\"sodium,36b8685f67aaa878ddc73d53ae855cb1\",\"rated\":\"Rated battle\"}\n>player p1 {\"name\":\"Micael Lopes\",\"avatar\":\"benga\",\"rating\":1668,\"seed\":\"sodium,bc4567fd0c755dd1d2e21f005cfb6cff\"}\n>player p2 {\"name\":\"pythagoras180\",\"avatar\":\"richboy-gen4\",\"rating\":1640,\"seed\":\"sodium,b2f6b751e916eefc60ab403a7836afdc\"}\n>p1 switch 5\n>p2 move wish\n>p1 move thunderwave\n>p2 switch 4\n>p1 move stealthrock\n>p2 move throatchop\n>p1 switch 2\n>p2 move wildcharge\n>p1 move bulkup\n>p2 switch 2\n>p1 move closecombat terastallize\n>p2 move psychic\n>p2 switch 3\n>p1 switch 2\n>p2 move thunderbolt\n>p1 move seismictoss\n>p2 switch 2\n>p1 switch 6\n>p2 move wildcharge\n>p1 move toxic\n>p2 move voltswitch\n>p2 switch 6\n>p1 move protect\n>p2 move bulkup\n>p1 move sludgebomb\n>p2 move knockoff\n>p1 move protect\n>p2 move knockoff\n>p1 move sludgebomb\n>p2 move knockoff\n>p1 switch 3\n>p2 switch 4\n>p1 move knockoff\n>p2 move protect\n>p1 move knockoff\n>p2 switch 5\n>p1 move psychoboost\n>p2 move heavyslam\n>p1 switch 4\n>p1 move shiftgear\n>p2 move bodypress\n>p1 move calmmind\n>p2 move bodypress\n>p1 move flashcannon\n>p2 move bodypress\n>p2 switch 2\n>p1 move calmmind\n>p2 move thunderbolt\n>p1 move fleurcannon\n>p2 move calmmind\n>p2 switch 5\n>p1 move calmmind\n>p2 move calmmind terastallize\n>p1 move calmmind\n>p2 move calmmind\n>p1 move calmmind\n>p2 move freezedry\n>p1 move fleurcannon\n>p2 move freezedry\n>p1 move fleurcannon\n>p2 move freezedry\n>p2 switch 6\n>p1 move fleurcannon\n>p2 move wildcharge", "uploadtime": 1781456087, "views": 3, "formatid": "gen9randombattle", "rating": 1622, "private": 0, "password": null}