{"id": "gen9randombattle-2631566956", "format": "[Gen 9] Random Battle", "players": ["muiballer", "Blyzy"], "log": "|j|\u2606muiballer\n|j|\u2606Blyzy\n|t:|1781402303\n|gametype|singles\n|player|p1|muiballer|265|1973\n|player|p2|Blyzy|cyclistf-gen4|1945\n|gen|9\n|tier|[Gen 9] Random Battle\n|rated|\n|rule|Species Clause: Limit one of each Pok\u00e9mon\n|rule|HP Percentage Mod: HP is shown in percentages\n|rule|Sleep Clause Mod: Limit one foe put to sleep\n|rule|Illusion Level Mod: Illusion disguises the Pok\u00e9mon's true level\n|\n|t:|1781402303\n|teamsize|p1|6\n|teamsize|p2|6\n|start\n|switch|p1a: Klawf|Klawf, L90, M|272/272\n|switch|p2a: Rabsca|Rabsca, L91, M|284/284\n|turn|1\n|inactive|Battle timer is ON: inactive players will automatically lose when time's up. (requested by muiballer)\n|inactive|Blyzy has 120 seconds left.\n|\n|t:|1781402351\n|switch|p2a: Dusknoir|Dusknoir, L89, M|225/225\n|-item|p1a: Klawf|Lum Berry|[from] ability: Frisk|[of] p2a: Dusknoir\n|move|p1a: Klawf|Swords Dance|p1a: Klawf\n|-boost|p1a: Klawf|atk|2\n|\n|upkeep\n|turn|2\n|\n|t:|1781402362\n|move|p1a: Klawf|Knock Off|p2a: Dusknoir\n|-supereffective|p2a: Dusknoir\n|-damage|p2a: Dusknoir|0 fnt\n|-enditem|p2a: Dusknoir|Leftovers|[from] move: Knock Off|[of] p1a: Klawf\n|faint|p2a: Dusknoir\n|\n|upkeep\n|\n|t:|1781402390\n|switch|p2a: Electrode|Electrode-Hisui, L87|246/246\n|turn|3\n|\n|t:|1781402394\n|move|p2a: Electrode|Substitute|p2a: Electrode\n|-start|p2a: Electrode|Substitute\n|-damage|p2a: Electrode|185/246\n|move|p1a: Klawf|Stone Edge|p2a: Electrode\n|-end|p2a: Electrode|Substitute\n|\n|-heal|p2a: Electrode|200/246|[from] item: Leftovers\n|upkeep\n|turn|4\n|\n|t:|1781402398\n|move|p2a: Electrode|Giga Drain|p1a: Klawf\n|-supereffective|p1a: Klawf\n|-damage|p1a: Klawf|90/272\n|-heal|p2a: Electrode|246/246|[from] drain|[of] p1a: Klawf\n|-ability|p1a: Klawf|Anger Shell|boost\n|-boost|p1a: Klawf|atk|1\n|-boost|p1a: Klawf|spa|1\n|-boost|p1a: Klawf|spe|1\n|-unboost|p1a: Klawf|def|1\n|-unboost|p1a: Klawf|spd|1\n|move|p1a: Klawf|Knock Off|p2a: Electrode\n|-damage|p2a: Electrode|0 fnt\n|-enditem|p2a: Electrode|Leftovers|[from] move: Knock Off|[of] p1a: Klawf\n|faint|p2a: Electrode\n|\n|upkeep\n|\n|t:|1781402409\n|switch|p2a: Bastiodon|Bastiodon, L89, M|252/252\n|turn|5\n|\n|t:|1781402416\n|-terastallize|p2a: Bastiodon|Fighting\n|move|p1a: Klawf|High Horsepower|p2a: Bastiodon\n|-damage|p2a: Bastiodon|138/252\n|move|p2a: Bastiodon|Body Press|p1a: Klawf\n|-supereffective|p1a: Klawf\n|-damage|p1a: Klawf|0 fnt\n|faint|p1a: Klawf\n|\n|upkeep\n|\n|t:|1781402432\n|switch|p1a: Rotom|Rotom-Mow, L87|229/229\n|turn|6\n|\n|t:|1781402449\n|switch|p2a: Dragalge|Dragalge, L88, F|258/258\n|move|p1a: Rotom|Trick|p2a: Dragalge\n|-activate|p1a: Rotom|move: Trick|[of] p2a: Dragalge\n|-item|p2a: Dragalge|Choice Scarf|[from] move: Trick\n|-item|p1a: Rotom|Leftovers|[from] move: Trick\n|\n|upkeep\n|turn|7\n|\n|t:|1781402456\n|move|p1a: Rotom|Volt Switch|p2a: Dragalge\n|-resisted|p2a: Dragalge\n|-damage|p2a: Dragalge|230/258\n|\n|t:|1781402458\n|switch|p1a: Scizor|Scizor, L79, F|240/240|[from] Volt Switch\n|move|p2a: Dragalge|Toxic Spikes|p1a: Scizor\n|-sidestart|p1: muiballer|move: Toxic Spikes\n|\n|upkeep\n|turn|8\n|\n|t:|1781402476\n|switch|p2a: Bastiodon|Bastiodon, L89, M, tera:Fighting|138/252\n|move|p1a: Scizor|U-turn|p2a: Bastiodon\n|-resisted|p2a: Bastiodon\n|-damage|p2a: Bastiodon|103/252\n|\n|t:|1781402494\n|switch|p1a: Victreebel|Victreebel, L90, M|290/290|[from] U-turn\n|-sideend|p1: muiballer|move: Toxic Spikes|[of] p1a: Victreebel\n|\n|upkeep\n|turn|9\n|\n|t:|1781402501\n|switch|p2a: Dragalge|Dragalge, L88, F|230/258\n|move|p1a: Victreebel|Power Whip|p2a: Dragalge\n|-resisted|p2a: Dragalge\n|-damage|p2a: Dragalge|187/258\n|-damage|p1a: Victreebel|261/290|[from] item: Life Orb\n|\n|upkeep\n|turn|10\n|\n|t:|1781402514\n|switch|p2a: Bastiodon|Bastiodon, L89, M, tera:Fighting|103/252\n|switch|p1a: Scizor|Scizor, L79, F|240/240\n|\n|upkeep\n|turn|11\n|\n|t:|1781402521\n|move|p1a: Scizor|Knock Off|p2a: Bastiodon\n|-resisted|p2a: Bastiodon\n|-damage|p2a: Bastiodon|72/252\n|-enditem|p2a: Bastiodon|Chesto Berry|[from] move: Knock Off|[of] p1a: Scizor\n|move|p2a: Bastiodon|Rest|p2a: Bastiodon\n|-status|p2a: Bastiodon|slp|[from] move: Rest\n|-heal|p2a: Bastiodon|252/252 slp|[silent]\n|\n|upkeep\n|turn|12\n|\n|t:|1781402529\n|switch|p1a: Victreebel|Victreebel, L90, M|261/290\n|cant|p2a: Bastiodon|slp\n|\n|upkeep\n|turn|13\n|\n|t:|1781402535\n|move|p1a: Victreebel|Swords Dance|p1a: Victreebel\n|-boost|p1a: Victreebel|atk|2\n|cant|p2a: Bastiodon|slp\n|\n|upkeep\n|turn|14\n|\n|t:|1781402544\n|move|p1a: Victreebel|Poison Jab|p2a: Bastiodon\n|-damage|p2a: Bastiodon|103/252 slp\n|-damage|p1a: Victreebel|232/290|[from] item: Life Orb\n|-curestatus|p2a: Bastiodon|slp|[msg]\n|move|p2a: Bastiodon|Iron Defense|p2a: Bastiodon\n|-boost|p2a: Bastiodon|def|2\n|\n|upkeep\n|turn|15\n|\n|t:|1781402551\n|move|p1a: Victreebel|Power Whip|p2a: Bastiodon|[miss]\n|-miss|p1a: Victreebel|p2a: Bastiodon\n|move|p2a: Bastiodon|Rest|p2a: Bastiodon\n|-status|p2a: Bastiodon|slp|[from] move: Rest\n|-heal|p2a: Bastiodon|252/252 slp|[silent]\n|\n|upkeep\n|turn|16\n|c|\u2606muiballer|fuck this guy\n|c|\u2606muiballer|gg\n|\n|t:|1781402562\n|move|p1a: Victreebel|Power Whip|p2a: Bastiodon\n|-damage|p2a: Bastiodon|145/252 slp\n|-damage|p1a: Victreebel|203/290|[from] item: Life Orb\n|cant|p2a: Bastiodon|slp\n|\n|upkeep\n|turn|17\n|\n|t:|1781402565\n|move|p1a: Victreebel|Power Whip|p2a: Bastiodon\n|-damage|p2a: Bastiodon|32/252 slp\n|-damage|p1a: Victreebel|174/290|[from] item: Life Orb\n|cant|p2a: Bastiodon|slp\n|\n|upkeep\n|turn|18\n|\n|t:|1781402569\n|move|p1a: Victreebel|Poison Jab|p2a: Bastiodon\n|-damage|p2a: Bastiodon|0 fnt\n|faint|p2a: Bastiodon\n|-damage|p1a: Victreebel|145/290|[from] item: Life Orb\n|\n|upkeep\n|c|\u2606muiballer|thank fuck\n|\n|t:|1781402575\n|switch|p2a: Gardevoir|Gardevoir, L83, F|249/249\n|-ability|p2a: Gardevoir|Chlorophyll|Trace|[from] ability: Trace|[of] p1a: Victreebel\n|turn|19\n|\n|t:|1781402579\n|move|p1a: Victreebel|Sucker Punch|p2a: Gardevoir\n|-damage|p2a: Gardevoir|57/249\n|-damage|p1a: Victreebel|116/290|[from] item: Life Orb\n|move|p2a: Gardevoir|Psychic|p1a: Victreebel\n|-supereffective|p1a: Victreebel\n|-damage|p1a: Victreebel|0 fnt\n|faint|p1a: Victreebel\n|-damage|p2a: Gardevoir|33/249|[from] item: Life Orb\n|\n|upkeep\n|\n|t:|1781402585\n|switch|p1a: Rotom|Rotom-Mow, L87|229/229\n|turn|20\n|inactive|Blyzy has 120 seconds left.\n|\n|t:|1781402626\n|move|p1a: Rotom|Volt Switch|p2a: Gardevoir\n|-damage|p2a: Gardevoir|0 fnt\n|faint|p2a: Gardevoir\n|\n|t:|1781402650\n|switch|p1a: Scizor|Scizor, L79, F|240/240|[from] Volt Switch\n|\n|upkeep\n|\n|t:|1781402654\n|switch|p2a: Dragalge|Dragalge, L88, F|187/258\n|turn|21\n|\n|t:|1781402661\n|move|p1a: Scizor|Bullet Punch|p2a: Dragalge\n|-damage|p2a: Dragalge|88/258\n|move|p2a: Dragalge|Focus Blast|p1a: Scizor|[miss]\n|-miss|p2a: Dragalge|p1a: Scizor\n|\n|upkeep\n|turn|22\n|\n|t:|1781402666\n|move|p1a: Scizor|Bullet Punch|p2a: Dragalge\n|-damage|p2a: Dragalge|0 fnt\n|faint|p2a: Dragalge\n|\n|upkeep\n|\n|t:|1781402674\n|switch|p2a: Rabsca|Rabsca, L91, M|284/284\n|turn|23\n|\n|t:|1781402681\n|switch|p1a: Sneasler|Sneasler, L74, F|240/240\n|move|p2a: Rabsca|Revival Blessing|p2a: Rabsca\n|\n|t:|1781402694\n|-heal|p2: Electrode|123/246|[from] move: Revival Blessing\n|\n|upkeep\n|turn|24\n|\n|t:|1781402698\n|move|p1a: Sneasler|U-turn|p2a: Rabsca\n|-supereffective|p2a: Rabsca\n|-damage|p2a: Rabsca|154/284\n|\n|t:|1781402701\n|switch|p1a: Scizor|Scizor, L79, F|240/240|[from] U-turn\n|move|p2a: Rabsca|Psychic|p1a: Scizor\n|-resisted|p1a: Scizor\n|-damage|p1a: Scizor|165/240\n|\n|upkeep\n|turn|25\n|\n|t:|1781402704\n|move|p1a: Scizor|U-turn|p2a: Rabsca\n|-supereffective|p2a: Rabsca\n|-damage|p2a: Rabsca|0 fnt\n|faint|p2a: Rabsca\n|\n|t:|1781402706\n|switch|p1a: Sneasler|Sneasler, L74, F|240/240|[from] U-turn\n|\n|upkeep\n|\n|t:|1781402707\n|switch|p2a: Electrode|Electrode-Hisui, L87|123/246\n|turn|26\n|\n|t:|1781402710\n|move|p2a: Electrode|Leech Seed|p1a: Sneasler\n|-start|p1a: Sneasler|move: Leech Seed\n|move|p1a: Sneasler|U-turn|p2a: Electrode\n|-supereffective|p2a: Electrode\n|-damage|p2a: Electrode|0 fnt\n|faint|p2a: Electrode\n|\n|win|muiballer\n", "inputlog": ">version a8376a258c1d4662feba110a92103f3664a72141\n>start {\"formatid\":\"gen9randombattle\",\"seed\":\"sodium,fc0ecfd03d5d084be03fc80e0f92268d\",\"rated\":\"Rated battle\"}\n>player p1 {\"name\":\"muiballer\",\"avatar\":\"265\",\"rating\":1973,\"seed\":\"sodium,1571e883f6fbb532b99e37078236e2bd\"}\n>player p2 {\"name\":\"Blyzy\",\"avatar\":\"cyclistf-gen4\",\"rating\":1945,\"seed\":\"sodium,271fe79194996e466affd7d1088d1eaa\"}\n>p1 move swordsdance\n>p2 switch 3\n>p1 move knockoff\n>p2 move willowisp\n>p2 switch 4\n>p1 move stoneedge\n>p2 move substitute\n>p1 move knockoff\n>p2 move gigadrain\n>p2 switch 6\n>p1 move highhorsepower\n>p2 move bodypress terastallize\n>p1 switch 6\n>p1 move trick\n>p2 switch 5\n>p1 move voltswitch\n>p2 move toxicspikes\n>p1 switch 2\n>p1 move uturn\n>p2 switch 5\n>p1 switch 4\n>p1 move powerwhip\n>p2 switch 5\n>p1 switch 4\n>p2 switch 5\n>p1 move knockoff\n>p2 move rest\n>p1 switch 4\n>p2 move irondefense\n>p1 move swordsdance\n>p2 move irondefense\n>p1 move poisonjab\n>p2 move irondefense\n>p1 move powerwhip\n>p2 move rest\n>chat \u2606muiballer|fuck this guy\n>chat \u2606muiballer|gg\n>p1 move powerwhip\n>p2 move irondefense\n>p1 move powerwhip\n>p2 move irondefense\n>p1 move poisonjab\n>p2 move foulplay\n>chat \u2606muiballer|thank fuck\n>p2 switch 2\n>p1 move suckerpunch\n>p2 move psychic\n>p1 switch 2\n>p1 move voltswitch\n>p2 move mysticalfire\n>p1 switch 4\n>p2 switch 5\n>p1 move bulletpunch\n>p2 move focusblast\n>p1 move bulletpunch\n>p2 move focusblast\n>p2 switch 3\n>p1 switch 5\n>p2 move revivalblessing\n>p2 switch 6\n>p1 move uturn\n>p2 move psychic\n>p1 switch 5\n>p1 move uturn\n>p2 move trickroom\n>p1 switch 5\n>p2 switch 6\n>p1 move uturn\n>p2 move leechseed", "uploadtime": 1781402305, "views": 5, "formatid": "gen9randombattle", "rating": null, "private": 0, "password": null}