{"id": "gen9randombattle-2631658171", "format": "[Gen 9] Random Battle", "players": ["stewpeed", "Dr3ntel"], "log": "|j|\u2606stewpeed\n|j|\u203dDr3ntel\n|t:|1781416342\n|gametype|singles\n|player|p1|stewpeed|grimsley|1953\n|player|p2|Dr3ntel|265|2021\n|gen|9\n|tier|[Gen 9] Random Battle\n|rated|\n|rule|Species Clause: Limit one of each Pok\u00e9mon\n|rule|HP Percentage Mod: HP is shown in percentages\n|rule|Sleep Clause Mod: Limit one foe put to sleep\n|rule|Illusion Level Mod: Illusion disguises the Pok\u00e9mon's true level\n|\n|t:|1781416342\n|teamsize|p1|6\n|teamsize|p2|6\n|start\n|switch|p1a: Sneasler|Sneasler, L74, M|240/240\n|switch|p2a: Magmortar|Magmortar, L88, M|275/275\n|turn|1\n|inactive|Battle timer is ON: inactive players will automatically lose when time's up. (requested by Dr3ntel)\n|\n|t:|1781416361\n|move|p1a: Sneasler|Dire Claw|p2a: Magmortar\n|-damage|p2a: Magmortar|142/275\n|-status|p2a: Magmortar|par\n|cant|p2a: Magmortar|par\n|\n|upkeep\n|turn|2\n|\n|t:|1781416371\n|switch|p1a: Lapras|Lapras, L87, M|368/368\n|move|p2a: Magmortar|Earthquake|p1a: Lapras\n|-damage|p1a: Lapras|289/368\n|\n|upkeep\n|turn|3\n|\n|t:|1781416389\n|move|p1a: Lapras|Sparkling Aria|p2a: Magmortar\n|-supereffective|p2a: Magmortar\n|-damage|p2a: Magmortar|0 fnt\n|faint|p2a: Magmortar\n|\n|upkeep\n|\n|t:|1781416399\n|switch|p2a: Porygon-Z|Porygon-Z, L83|277/277\n|turn|4\n|\n|t:|1781416418\n|switch|p1a: Smeargle|Smeargle, L95, F|258/258\n|move|p2a: Porygon-Z|Tri Attack|p1a: Smeargle\n|-damage|p1a: Smeargle|0 fnt\n|faint|p1a: Smeargle\n|\n|upkeep\n|\n|t:|1781416431\n|switch|p1a: Sneasler|Sneasler, L74, M|240/240\n|turn|5\n|\n|t:|1781416442\n|-terastallize|p2a: Porygon-Z|Ghost\n|move|p1a: Sneasler|U-turn|p2a: Porygon-Z\n|-resisted|p2a: Porygon-Z\n|-damage|p2a: Porygon-Z|231/277\n|\n|t:|1781416453\n|switch|p1a: Lapras|Lapras, L87, M|289/368|[from] U-turn\n|move|p2a: Porygon-Z|Tri Attack|p1a: Lapras\n|-damage|p1a: Lapras|127/368\n|\n|upkeep\n|turn|6\n|\n|t:|1781416460\n|move|p2a: Porygon-Z|Tri Attack|p1a: Lapras\n|-damage|p1a: Lapras|0 fnt\n|faint|p1a: Lapras\n|\n|upkeep\n|\n|t:|1781416462\n|switch|p1a: Darkrai|Darkrai, L77|234/234\n|turn|7\n|\n|t:|1781416491\n|switch|p2a: Persian|Persian-Alola, L86, M|252/252\n|move|p1a: Darkrai|Dark Pulse|p2a: Persian\n|-resisted|p2a: Persian\n|-damage|p2a: Persian|174/252\n|-damage|p1a: Darkrai|211/234|[from] item: Life Orb\n|\n|upkeep\n|turn|8\n|\n|t:|1781416505\n|move|p2a: Persian|Thunderbolt|p1a: Darkrai\n|-damage|p1a: Darkrai|130/234\n|-damage|p2a: Persian|149/252|[from] item: Life Orb\n|move|p1a: Darkrai|Focus Blast|p2a: Persian\n|-supereffective|p2a: Persian\n|-damage|p2a: Persian|0 fnt\n|faint|p2a: Persian\n|-damage|p1a: Darkrai|107/234|[from] item: Life Orb\n|\n|upkeep\n|inactive|Dr3ntel has 120 seconds left.\n|\n|t:|1781416543\n|switch|p2a: Regieleki|Regieleki, L79|256/256\n|turn|9\n|\n|t:|1781416557\n|switch|p1a: Sneasler|Sneasler, L74, M|240/240\n|move|p2a: Regieleki|Thunderbolt|p1a: Sneasler\n|-damage|p1a: Sneasler|71/240\n|\n|upkeep\n|turn|10\n|\n|t:|1781416567\n|move|p2a: Regieleki|Thunderbolt|p1a: Sneasler\n|-damage|p1a: Sneasler|0 fnt\n|faint|p1a: Sneasler\n|\n|upkeep\n|\n|t:|1781416569\n|switch|p1a: Cramorant|Cramorant, L86, M|261/261\n|turn|11\n|inactive|Dr3ntel has 120 seconds left.\n|\n|t:|1781416575\n|switch|p2a: Piloswine|Piloswine, L85, F|309/309\n|-terastallize|p1a: Cramorant|Ground\n|move|p1a: Cramorant|Surf|p2a: Piloswine\n|-formechange|p1a: Cramorant|Cramorant-Gulping|\n|-supereffective|p2a: Piloswine\n|-damage|p2a: Piloswine|139/309\n|\n|upkeep\n|turn|12\n|\n|t:|1781416579\n|move|p2a: Piloswine|Ice Shard|p1a: Cramorant\n|-supereffective|p1a: Cramorant\n|-crit|p1a: Cramorant\n|-damage|p1a: Cramorant|67/261\n|-damage|p2a: Piloswine|62/309|[from] ability: Gulp Missile|[of] p1a: Cramorant\n|-unboost|p2a: Piloswine|def|1\n|-formechange|p1a: Cramorant|Cramorant|\n|move|p1a: Cramorant|Surf|p2a: Piloswine\n|-formechange|p1a: Cramorant|Cramorant-Gorging|\n|-supereffective|p2a: Piloswine\n|-damage|p2a: Piloswine|0 fnt\n|faint|p2a: Piloswine\n|\n|upkeep\n|\n|t:|1781416584\n|switch|p2a: Porygon-Z|Porygon-Z, L83, tera:Ghost|231/277\n|turn|13\n|\n|t:|1781416587\n|switch|p1a: Pincurchin|Pincurchin, M|258/258\n|-fieldstart|move: Electric Terrain|[from] ability: Electric Surge|[of] p1a: Pincurchin\n|move|p2a: Porygon-Z|Tri Attack|p1a: Pincurchin\n|-damage|p1a: Pincurchin|111/258\n|-status|p1a: Pincurchin|frz\n|\n|-heal|p1a: Pincurchin|127/258 frz|[from] item: Leftovers\n|upkeep\n|turn|14\n|\n|t:|1781416590\n|move|p2a: Porygon-Z|Tri Attack|p1a: Pincurchin\n|-damage|p1a: Pincurchin|0 fnt\n|faint|p1a: Pincurchin\n|\n|upkeep\n|\n|t:|1781416592\n|switch|p1a: Darkrai|Darkrai, L77|107/234\n|turn|15\n|\n|t:|1781416617\n|switch|p2a: Camerupt|Camerupt, L91, M|275/275\n|move|p1a: Darkrai|Dark Pulse|p2a: Camerupt\n|-damage|p2a: Camerupt|149/275\n|-damage|p1a: Darkrai|84/234|[from] item: Life Orb\n|\n|-heal|p2a: Camerupt|166/275|[from] item: Leftovers\n|upkeep\n|turn|16\n|-message|stewpeed forfeited.\n|\n|win|Dr3ntel\n", "inputlog": ">version a8376a258c1d4662feba110a92103f3664a72141\n>start {\"formatid\":\"gen9randombattle\",\"seed\":\"sodium,26538e414a67727f548c7671c315c2ef\",\"rated\":\"Rated battle\"}\n>player p1 {\"name\":\"stewpeed\",\"avatar\":\"grimsley\",\"rating\":1953,\"seed\":\"sodium,e45832fdc1112f4c294a89317e3031eb\"}\n>player p2 {\"name\":\"Dr3ntel\",\"avatar\":\"265\",\"rating\":2021,\"seed\":\"sodium,94a1b3cf5fea059d981195e159a27a0f\"}\n>p1 move direclaw\n>p2 move earthquake\n>p1 switch 3\n>p2 move earthquake\n>p1 move sparklingaria\n>p2 move focusblast\n>p2 switch 6\n>p1 switch 5\n>p2 move triattack\n>p1 switch 3\n>p1 move uturn\n>p2 move triattack terastallize\n>p1 switch 5\n>p1 move rest\n>p2 move triattack\n>p1 switch 2\n>p1 move darkpulse\n>p2 switch 4\n>p1 move focusblast\n>p2 move thunderbolt\n>p2 switch 5\n>p1 switch 5\n>p2 move thunderbolt\n>p1 move direclaw\n>p2 move thunderbolt\n>p1 switch 4\n>p1 move surf terastallize\n>p2 switch 2\n>p1 move surf\n>p2 move iceshard\n>p2 switch 4\n>p1 switch 6\n>p2 move triattack\n>p1 move zingzap\n>p2 move triattack\n>p1 switch 5\n>p1 move darkpulse\n>p2 switch 3\n>forcelose p1", "uploadtime": 1781416344, "views": 9, "formatid": "gen9randombattle", "rating": null, "private": 0, "password": null}