{"id": "gen9randombattle-2631895568", "format": "[Gen 9] Random Battle", "players": ["Trikinho2014", "xxdeathxeaterxx"], "log": "|j|\u2606Trikinho2014\n|j|\u2606xxdeathxeaterxx\n|t:|1781453073\n|gametype|singles\n|player|p1|Trikinho2014|steven|1360\n|player|p2|xxdeathxeaterxx|2|1336\n|gen|9\n|tier|[Gen 9] Random Battle\n|rated|\n|rule|Species Clause: Limit one of each Pok\u00e9mon\n|rule|HP Percentage Mod: HP is shown in percentages\n|rule|Sleep Clause Mod: Limit one foe put to sleep\n|rule|Illusion Level Mod: Illusion disguises the Pok\u00e9mon's true level\n|\n|t:|1781453073\n|teamsize|p1|6\n|teamsize|p2|6\n|start\n|switch|p1a: Empoleon|Empoleon, L84, M|278/278\n|switch|p2a: Tornadus|Tornadus, L82, M|263/263\n|turn|1\n|inactive|Battle timer is ON: inactive players will automatically lose when time's up. (requested by xxdeathxeaterxx)\n|\n|t:|1781453105\n|move|p2a: Tornadus|Focus Blast|p1a: Empoleon\n|-supereffective|p1a: Empoleon\n|-damage|p1a: Empoleon|10/278\n|move|p1a: Empoleon|Ice Beam|p2a: Tornadus\n|-supereffective|p2a: Tornadus\n|-damage|p2a: Tornadus|101/263\n|-status|p2a: Tornadus|frz\n|\n|-heal|p1a: Empoleon|27/278|[from] item: Leftovers\n|upkeep\n|turn|2\n|\n|t:|1781453126\n|cant|p2a: Tornadus|frz\n|move|p1a: Empoleon|Roost|p1a: Empoleon\n|-heal|p1a: Empoleon|166/278\n|-singleturn|p1a: Empoleon|move: Roost\n|\n|-heal|p1a: Empoleon|183/278|[from] item: Leftovers\n|upkeep\n|turn|3\n|\n|t:|1781453132\n|cant|p2a: Tornadus|frz\n|move|p1a: Empoleon|Ice Beam|p2a: Tornadus\n|-supereffective|p2a: Tornadus\n|-damage|p2a: Tornadus|0 fnt\n|faint|p2a: Tornadus\n|\n|-heal|p1a: Empoleon|200/278|[from] item: Leftovers\n|upkeep\n|\n|t:|1781453147\n|switch|p2a: Keldeo|Keldeo-Resolute, L79|273/273\n|turn|4\n|\n|t:|1781453153\n|move|p2a: Keldeo|Substitute|p2a: Keldeo\n|-start|p2a: Keldeo|Substitute\n|-damage|p2a: Keldeo|205/273\n|move|p1a: Empoleon|Yawn||[still]\n|-fail|p1a: Empoleon\n|\n|-heal|p2a: Keldeo|222/273|[from] item: Leftovers\n|-heal|p1a: Empoleon|217/278|[from] item: Leftovers\n|upkeep\n|turn|5\n|\n|t:|1781453183\n|switch|p1a: Fezandipiti|Fezandipiti, L82, M|278/278\n|move|p2a: Keldeo|Calm Mind|p2a: Keldeo\n|-boost|p2a: Keldeo|spa|1\n|-boost|p2a: Keldeo|spd|1\n|\n|-heal|p2a: Keldeo|239/273|[from] item: Leftovers\n|upkeep\n|turn|6\n|\n|t:|1781453193\n|move|p2a: Keldeo|Hydro Pump|p1a: Fezandipiti\n|-damage|p1a: Fezandipiti|140/278\n|move|p1a: Fezandipiti|Moonblast|p2a: Keldeo\n|-supereffective|p2a: Keldeo\n|-end|p2a: Keldeo|Substitute\n|\n|-heal|p2a: Keldeo|256/273|[from] item: Leftovers\n|-heal|p1a: Fezandipiti|157/278|[from] item: Leftovers\n|upkeep\n|turn|7\n|\n|t:|1781453206\n|-terastallize|p2a: Keldeo|Steel\n|move|p2a: Keldeo|Substitute|p2a: Keldeo\n|-start|p2a: Keldeo|Substitute\n|-damage|p2a: Keldeo|188/273\n|move|p1a: Fezandipiti|Gunk Shot|p2a: Keldeo\n|-immune|p2a: Keldeo\n|\n|-heal|p2a: Keldeo|205/273|[from] item: Leftovers\n|-heal|p1a: Fezandipiti|174/278|[from] item: Leftovers\n|upkeep\n|turn|8\n|\n|t:|1781453219\n|move|p2a: Keldeo|Calm Mind|p2a: Keldeo\n|-boost|p2a: Keldeo|spa|1\n|-boost|p2a: Keldeo|spd|1\n|move|p1a: Fezandipiti|Beat Up|p2a: Keldeo\n|-activate|p2a: Keldeo|move: Substitute|[damage]\n|-activate|p2a: Keldeo|move: Substitute|[damage]\n|-activate|p2a: Keldeo|move: Substitute|[damage]\n|-activate|p2a: Keldeo|move: Substitute|[damage]\n|-activate|p2a: Keldeo|move: Substitute|[damage]\n|-activate|p2a: Keldeo|move: Substitute|[damage]\n|-hitcount|p2a: Keldeo|6\n|\n|-heal|p2a: Keldeo|222/273|[from] item: Leftovers\n|-heal|p1a: Fezandipiti|191/278|[from] item: Leftovers\n|upkeep\n|turn|9\n|inactive|Trikinho2014 has 120 seconds left.\n|\n|t:|1781453247\n|switch|p1a: Empoleon|Empoleon, L84, M|217/278\n|move|p2a: Keldeo|Hydro Pump|p1a: Empoleon\n|-resisted|p1a: Empoleon\n|-damage|p1a: Empoleon|97/278\n|\n|-heal|p2a: Keldeo|239/273|[from] item: Leftovers\n|-heal|p1a: Empoleon|114/278|[from] item: Leftovers\n|upkeep\n|turn|10\n|\n|t:|1781453269\n|move|p2a: Keldeo|Calm Mind|p2a: Keldeo\n|-boost|p2a: Keldeo|spa|1\n|-boost|p2a: Keldeo|spd|1\n|move|p1a: Empoleon|Surf|p2a: Keldeo\n|-end|p2a: Keldeo|Substitute\n|\n|-heal|p2a: Keldeo|256/273|[from] item: Leftovers\n|-heal|p1a: Empoleon|131/278|[from] item: Leftovers\n|upkeep\n|turn|11\n|\n|t:|1781453278\n|move|p2a: Keldeo|Substitute|p2a: Keldeo\n|-start|p2a: Keldeo|Substitute\n|-damage|p2a: Keldeo|188/273\n|move|p1a: Empoleon|Yawn||[still]\n|-fail|p1a: Empoleon\n|\n|-heal|p2a: Keldeo|205/273|[from] item: Leftovers\n|-heal|p1a: Empoleon|148/278|[from] item: Leftovers\n|upkeep\n|turn|12\n|\n|t:|1781453288\n|move|p2a: Keldeo|Secret Sword|p1a: Empoleon\n|-supereffective|p1a: Empoleon\n|-damage|p1a: Empoleon|0 fnt\n|faint|p1a: Empoleon\n|\n|-heal|p2a: Keldeo|222/273|[from] item: Leftovers\n|upkeep\n|inactive|Trikinho2014 has 90 seconds left.\n|c|\u2606Trikinho2014|gg\n|\n|t:|1781453338\n|switch|p1a: Great Tusk|Great Tusk, L77|304/304\n|-enditem|p1a: Great Tusk|Booster Energy\n|-activate|p1a: Great Tusk|ability: Protosynthesis|[fromitem]\n|-start|p1a: Great Tusk|protosynthesisatk\n|turn|13\n|\n|t:|1781453345\n|move|p2a: Keldeo|Hydro Pump|p1a: Great Tusk\n|-supereffective|p1a: Great Tusk\n|-damage|p1a: Great Tusk|0 fnt\n|faint|p1a: Great Tusk\n|-end|p1a: Great Tusk|Protosynthesis|[silent]\n|\n|-heal|p2a: Keldeo|239/273|[from] item: Leftovers\n|upkeep\n|\n|t:|1781453351\n|switch|p1a: Fezandipiti|Fezandipiti, L82, M|191/278\n|turn|14\n|\n|t:|1781453360\n|move|p2a: Keldeo|Hydro Pump|p1a: Fezandipiti\n|-damage|p1a: Fezandipiti|0 fnt\n|faint|p1a: Fezandipiti\n|\n|-heal|p2a: Keldeo|256/273|[from] item: Leftovers\n|upkeep\n|c|\u2606Trikinho2014|hijo de puta\n|-message|Trikinho2014 forfeited.\n|\n|win|xxdeathxeaterxx\n", "inputlog": ">version a8376a258c1d4662feba110a92103f3664a72141\n>start {\"formatid\":\"gen9randombattle\",\"seed\":\"sodium,7d4de06be1e0b70165d069c75409d52c\",\"rated\":\"Rated battle\"}\n>player p1 {\"name\":\"Trikinho2014\",\"avatar\":\"steven\",\"rating\":1360,\"seed\":\"sodium,a1e54318ac7ea42fc9e96ee32e49d5b1\"}\n>player p2 {\"name\":\"xxdeathxeaterxx\",\"avatar\":\"2\",\"rating\":1336,\"seed\":\"sodium,d37a7d629c689a5b881790a5055263e4\"}\n>p1 move icebeam\n>p2 move focusblast\n>p1 move roost\n>p2 move focusblast\n>p1 move icebeam\n>p2 move focusblast\n>p2 switch 5\n>p1 move yawn\n>p2 move substitute\n>p1 switch 4\n>p2 move calmmind\n>p1 move moonblast\n>p2 move hydropump\n>p1 move gunkshot\n>p2 move substitute terastallize\n>p1 move beatup\n>p2 move calmmind\n>p1 switch 4\n>p2 move hydropump\n>p1 move surf\n>p2 move calmmind\n>p1 move yawn\n>p2 move substitute\n>p1 move surf\n>p2 move secretsword\n>chat \u2606Trikinho2014|gg\n>p1 switch 2\n>p1 move earthquake\n>p2 move hydropump\n>p1 switch 4\n>p1 move beatup\n>p2 move hydropump\n>chat \u2606Trikinho2014|hijo de puta\n>forcelose p1", "uploadtime": 1781453378, "views": 3, "formatid": "gen9randombattle", "rating": null, "private": 0, "password": null}