{"id": "gen9randombattle-2631960832", "format": "[Gen 9] Random Battle", "players": ["TSM-Virgil", "xdx42"], "log": "|j|\u2606TSM-Virgil\n|j|\u2606xdx42\n|t:|1781460187\n|gametype|singles\n|player|p1|TSM-Virgil|acetrainer|2130\n|player|p2|xdx42|cyrus|2074\n|gen|9\n|tier|[Gen 9] Random Battle\n|rated|\n|rule|Species Clause: Limit one of each Pok\u00e9mon\n|rule|HP Percentage Mod: HP is shown in percentages\n|rule|Sleep Clause Mod: Limit one foe put to sleep\n|rule|Illusion Level Mod: Illusion disguises the Pok\u00e9mon's true level\n|\n|t:|1781460187\n|teamsize|p1|6\n|teamsize|p2|6\n|start\n|switch|p1a: Venusaur|Venusaur, L84, F|272/272\n|switch|p2a: Mismagius|Mismagius, L86, F|243/243\n|turn|1\n|inactive|Battle timer is ON: inactive players will automatically lose when time's up. (requested by xdx42)\n|inactive|TSM-Virgil also wants the timer to be on.\n|\n|t:|1781460195\n|move|p2a: Mismagius|Nasty Plot|p2a: Mismagius\n|-boost|p2a: Mismagius|spa|2\n|move|p1a: Venusaur|Giga Drain|p2a: Mismagius\n|-damage|p2a: Mismagius|170/243\n|\n|-heal|p2a: Mismagius|185/243|[from] item: Leftovers\n|upkeep\n|turn|2\n|\n|t:|1781460207\n|move|p2a: Mismagius|Shadow Ball|p1a: Venusaur\n|-damage|p1a: Venusaur|107/272\n|move|p1a: Venusaur|Giga Drain|p2a: Mismagius\n|-damage|p2a: Mismagius|118/243\n|-heal|p1a: Venusaur|141/272|[from] drain|[of] p2a: Mismagius\n|\n|-heal|p2a: Mismagius|133/243|[from] item: Leftovers\n|-heal|p1a: Venusaur|158/272|[from] item: Leftovers\n|upkeep\n|turn|3\n|\n|t:|1781460214\n|switch|p1a: Houndoom|Houndoom, L87, M|272/272\n|move|p2a: Mismagius|Shadow Ball|p1a: Houndoom\n|-resisted|p1a: Houndoom\n|-damage|p1a: Houndoom|170/272\n|-unboost|p1a: Houndoom|spd|1\n|\n|-heal|p2a: Mismagius|148/243|[from] item: Leftovers\n|upkeep\n|turn|4\n|\n|t:|1781460223\n|-terastallize|p2a: Mismagius|Fighting\n|move|p1a: Houndoom|Sucker Punch||[still]\n|-fail|p1a: Houndoom\n|move|p2a: Mismagius|Substitute|p2a: Mismagius\n|-start|p2a: Mismagius|Substitute\n|-damage|p2a: Mismagius|88/243\n|\n|-heal|p2a: Mismagius|103/243|[from] item: Leftovers\n|upkeep\n|turn|5\n|\n|t:|1781460242\n|move|p2a: Mismagius|Nasty Plot|p2a: Mismagius\n|-boost|p2a: Mismagius|spa|2\n|move|p1a: Houndoom|Fire Blast|p2a: Mismagius\n|-end|p2a: Mismagius|Substitute\n|\n|-heal|p2a: Mismagius|118/243|[from] item: Leftovers\n|upkeep\n|turn|6\n|\n|t:|1781460246\n|move|p2a: Mismagius|Tera Blast|p1a: Houndoom|[anim] Tera Blast Fighting\n|-supereffective|p1a: Houndoom\n|-damage|p1a: Houndoom|0 fnt\n|faint|p1a: Houndoom\n|\n|-heal|p2a: Mismagius|133/243|[from] item: Leftovers\n|upkeep\n|\n|t:|1781460258\n|switch|p1a: Plusle|Plusle, L95, F|268/268\n|turn|7\n|\n|t:|1781460264\n|move|p1a: Plusle|Thunderbolt|p2a: Mismagius\n|-damage|p2a: Mismagius|8/243\n|-status|p2a: Mismagius|par\n|-damage|p1a: Plusle|242/268|[from] item: Life Orb\n|move|p2a: Mismagius|Shadow Ball|p1a: Plusle\n|-damage|p1a: Plusle|0 fnt\n|faint|p1a: Plusle\n|\n|-heal|p2a: Mismagius|23/243 par|[from] item: Leftovers\n|upkeep\n|\n|t:|1781460277\n|switch|p1a: Venusaur|Venusaur, L84, F|158/272\n|turn|8\n|\n|t:|1781460281\n|move|p1a: Venusaur|Giga Drain|p2a: Mismagius\n|-damage|p2a: Mismagius|0 fnt\n|-heal|p1a: Venusaur|170/272|[from] drain|[of] p2a: Mismagius\n|faint|p2a: Mismagius\n|\n|-heal|p1a: Venusaur|187/272|[from] item: Leftovers\n|upkeep\n|\n|t:|1781460284\n|switch|p2a: Gothitelle|Gothitelle, L90, M|272/272\n|turn|9\n|\n|t:|1781460296\n|move|p2a: Gothitelle|Psychic|p1a: Venusaur\n|-supereffective|p1a: Venusaur\n|-damage|p1a: Venusaur|5/272\n|move|p1a: Venusaur|Leech Seed|p2a: Gothitelle\n|-start|p2a: Gothitelle|move: Leech Seed\n|\n|-heal|p1a: Venusaur|22/272|[from] item: Leftovers\n|-damage|p2a: Gothitelle|238/272|[from] Leech Seed|[of] p1a: Venusaur\n|-heal|p1a: Venusaur|56/272|[silent]\n|upkeep\n|turn|10\n|\n|t:|1781460299\n|move|p2a: Gothitelle|Psychic|p1a: Venusaur\n|-supereffective|p1a: Venusaur\n|-damage|p1a: Venusaur|0 fnt\n|faint|p1a: Venusaur\n|\n|upkeep\n|\n|t:|1781460301\n|switch|p1a: Mew|Mew, L82|298/298\n|turn|11\n|\n|t:|1781460306\n|switch|p2a: Weavile|Weavile, L79, F|240/240\n|move|p1a: Mew|Nasty Plot|p1a: Mew\n|-boost|p1a: Mew|spa|2\n|\n|upkeep\n|turn|12\n|\n|t:|1781460310\n|switch|p1a: Camerupt|Camerupt, L91, M|275/275\n|move|p2a: Weavile|Knock Off|p1a: Camerupt\n|-damage|p1a: Camerupt|148/275\n|-enditem|p1a: Camerupt|Leftovers|[from] move: Knock Off|[of] p2a: Weavile\n|\n|upkeep\n|turn|13\n|\n|t:|1781460317\n|switch|p2a: Ambipom|Ambipom, L84, F|263/263\n|move|p1a: Camerupt|Overheat|p2a: Ambipom\n|-damage|p2a: Ambipom|55/263\n|-unboost|p1a: Camerupt|spa|2\n|\n|upkeep\n|turn|14\n|\n|t:|1781460322\n|switch|p1a: Golurk|Golurk, L87|297/297\n|move|p2a: Ambipom|Double-Edge|p1a: Golurk\n|-immune|p1a: Golurk\n|\n|upkeep\n|turn|15\n|\n|t:|1781460327\n|switch|p2a: Kleavor|Kleavor, L78, F|237/237\n|move|p1a: Golurk|Earthquake|p2a: Kleavor\n|-damage|p2a: Kleavor|44/237\n|\n|upkeep\n|turn|16\n|\n|t:|1781460346\n|move|p2a: Kleavor|Stone Axe|p1a: Golurk\n|-resisted|p1a: Golurk\n|-damage|p1a: Golurk|232/297\n|-sidestart|p1: TSM-Virgil|move: Stealth Rock\n|move|p1a: Golurk|Earthquake|p2a: Kleavor\n|-damage|p2a: Kleavor|0 fnt\n|faint|p2a: Kleavor\n|\n|upkeep\n|\n|t:|1781460362\n|switch|p2a: Ambipom|Ambipom, L84, F|55/263\n|turn|17\n|\n|t:|1781460369\n|switch|p1a: Camerupt|Camerupt, L91, M|148/275\n|-damage|p1a: Camerupt|114/275|[from] Stealth Rock\n|move|p2a: Ambipom|Triple Axel|p1a: Camerupt\n|-crit|p1a: Camerupt\n|-damage|p1a: Camerupt|63/275\n|-damage|p1a: Camerupt|0 fnt\n|faint|p1a: Camerupt\n|-hitcount|p1: Camerupt|2\n|\n|upkeep\n|\n|t:|1781460372\n|switch|p1a: Mew|Mew, L82|298/298\n|-damage|p1a: Mew|261/298|[from] Stealth Rock\n|turn|18\n|\n|t:|1781460375\n|move|p2a: Ambipom|Triple Axel|p1a: Mew\n|-crit|p1a: Mew\n|-damage|p1a: Mew|214/298\n|-damage|p1a: Mew|152/298\n|-hitcount|p1a: Mew|2\n|move|p1a: Mew|Aura Sphere|p2a: Ambipom\n|-supereffective|p2a: Ambipom\n|-damage|p2a: Ambipom|0 fnt\n|faint|p2a: Ambipom\n|-damage|p1a: Mew|123/298|[from] item: Life Orb\n|\n|upkeep\n|\n|t:|1781460378\n|switch|p2a: Weavile|Weavile, L79, F|240/240\n|turn|19\n|\n|t:|1781460380\n|move|p2a: Weavile|Knock Off|p1a: Mew\n|-supereffective|p1a: Mew\n|-damage|p1a: Mew|0 fnt\n|-enditem|p1a: Mew|Life Orb|[from] move: Knock Off|[of] p2a: Weavile\n|faint|p1a: Mew\n|\n|upkeep\n|\n|t:|1781460381\n|switch|p1a: Golurk|Golurk, L87|232/297\n|-damage|p1a: Golurk|214/297|[from] Stealth Rock\n|turn|20\n|\n|t:|1781460388\n|move|p2a: Weavile|Triple Axel|p1a: Golurk\n|-supereffective|p1a: Golurk\n|-damage|p1a: Golurk|166/297\n|-supereffective|p1a: Golurk\n|-damage|p1a: Golurk|80/297\n|-supereffective|p1a: Golurk\n|-damage|p1a: Golurk|0 fnt\n|faint|p1a: Golurk\n|-hitcount|p1: Golurk|3\n|\n|win|xdx42\n", "inputlog": ">version a8376a258c1d4662feba110a92103f3664a72141\n>start {\"formatid\":\"gen9randombattle\",\"seed\":\"sodium,936caf0524e8c45eada98c99555def94\",\"rated\":\"Rated battle\"}\n>player p1 {\"name\":\"TSM-Virgil\",\"avatar\":\"acetrainer\",\"rating\":2130,\"seed\":\"sodium,0689e7f241051cd832fac81e71ae92e6\"}\n>player p2 {\"name\":\"xdx42\",\"avatar\":\"cyrus\",\"rating\":2074,\"seed\":\"sodium,e25fe20ce0f1d27753cdc1e032cf955e\"}\n>p1 move gigadrain\n>p2 move nastyplot\n>p1 move gigadrain\n>p2 move shadowball\n>p1 switch 5\n>p2 move shadowball\n>p1 move suckerpunch\n>p2 move substitute terastallize\n>p1 move fireblast\n>p2 move nastyplot\n>p1 move fireblast\n>p2 move terablast\n>p1 switch 6\n>p1 move thunderbolt\n>p2 move shadowball\n>p1 switch 5\n>p1 move gigadrain\n>p2 move shadowball\n>p2 switch 6\n>p1 move leechseed\n>p2 move psychic\n>p1 move gigadrain\n>p2 move psychic\n>p1 switch 4\n>p1 move nastyplot\n>p2 switch 2\n>p1 switch 2\n>p2 move knockoff\n>p1 move overheat\n>p2 switch 4\n>p1 switch 3\n>p2 move doubleedge\n>p1 move earthquake\n>p2 switch 5\n>p1 move earthquake\n>p2 move stoneaxe\n>p2 switch 5\n>p1 switch 3\n>p2 move tripleaxel\n>p1 switch 2\n>p1 move aurasphere\n>p2 move tripleaxel\n>p2 switch 4\n>p1 move fireblast\n>p2 move knockoff\n>p1 switch 3\n>p1 move dynamicpunch\n>p2 move tripleaxel", "uploadtime": 1781460189, "views": 6, "formatid": "gen9randombattle", "rating": null, "private": 0, "password": null}