{"id": "gen9randombattle-2631626766", "format": "[Gen 9] Random Battle", "players": ["BenoliBenoli", "suchalongnam"], "log": "|j|\u2606BenoliBenoli\n|j|\u2606suchalongnam\n|t:|1781411014\n|gametype|singles\n|player|p1|BenoliBenoli|102|1963\n|player|p2|suchalongnam|266|1992\n|gen|9\n|tier|[Gen 9] Random Battle\n|rated|\n|rule|Species Clause: Limit one of each Pok\u00e9mon\n|rule|HP Percentage Mod: HP is shown in percentages\n|rule|Sleep Clause Mod: Limit one foe put to sleep\n|rule|Illusion Level Mod: Illusion disguises the Pok\u00e9mon's true level\n|\n|t:|1781411014\n|teamsize|p1|6\n|teamsize|p2|6\n|start\n|switch|p1a: Greninja|Greninja, L80, M|246/246\n|switch|p2a: Blastoise|Blastoise, L80, M|258/258\n|turn|1\n|inactive|Battle timer is ON: inactive players will automatically lose when time's up. (requested by suchalongnam)\n|\n|t:|1781411063\n|switch|p2a: Regieleki|Regieleki, L79|256/256\n|move|p1a: Greninja|Gunk Shot|p2a: Regieleki\n|-damage|p2a: Regieleki|107/256\n|-damage|p1a: Greninja|222/246|[from] item: Life Orb\n|\n|upkeep\n|turn|2\n|inactive|suchalongnam has 120 seconds left.\n|inactive|suchalongnam has 90 seconds left.\n|\n|t:|1781411131\n|switch|p1a: Raging Bolt|Raging Bolt, L78|323/323\n|move|p2a: Regieleki|Volt Switch|p1a: Raging Bolt\n|-resisted|p1a: Raging Bolt\n|-damage|p1a: Raging Bolt|293/323\n|\n|t:|1781411139\n|switch|p2a: Zarude|Zarude-Dada, L77|288/288|[from] Volt Switch\n|\n|-heal|p1a: Raging Bolt|313/323|[from] item: Leftovers\n|upkeep\n|turn|3\n|\n|t:|1781411145\n|-end|p1a: Raging Bolt|Protosynthesis|[silent]\n|switch|p1a: Torkoal|Torkoal, L88, M|266/266\n|-weather|SunnyDay|[from] ability: Drought|[of] p1a: Torkoal\n|move|p2a: Zarude|Knock Off|p1a: Torkoal\n|-damage|p1a: Torkoal|180/266\n|-enditem|p1a: Torkoal|Heavy-Duty Boots|[from] move: Knock Off|[of] p2a: Zarude\n|-damage|p2a: Zarude|260/288|[from] item: Life Orb\n|\n|-weather|SunnyDay|[upkeep]\n|upkeep\n|turn|4\n|\n|t:|1781411152\n|switch|p2a: Blastoise|Blastoise, L80, M|258/258\n|move|p1a: Torkoal|Stealth Rock|p2a: Blastoise\n|-sidestart|p2: suchalongnam|move: Stealth Rock\n|\n|-weather|SunnyDay|[upkeep]\n|upkeep\n|turn|5\n|\n|t:|1781411158\n|move|p2a: Blastoise|Shell Smash|p2a: Blastoise\n|-unboost|p2a: Blastoise|def|1\n|-unboost|p2a: Blastoise|spd|1\n|-boost|p2a: Blastoise|atk|2\n|-boost|p2a: Blastoise|spa|2\n|-boost|p2a: Blastoise|spe|2\n|-enditem|p2a: Blastoise|White Herb\n|-clearnegativeboost|p2a: Blastoise|[silent]\n|move|p1a: Torkoal|Yawn|p2a: Blastoise\n|-start|p2a: Blastoise|move: Yawn|[of] p1a: Torkoal\n|\n|-weather|SunnyDay|[upkeep]\n|upkeep\n|turn|6\n|\n|t:|1781411163\n|move|p2a: Blastoise|Earthquake|p1a: Torkoal\n|-supereffective|p1a: Torkoal\n|-damage|p1a: Torkoal|40/266\n|move|p1a: Torkoal|Solar Beam||[still]\n|-prepare|p1a: Torkoal|Solar Beam\n|-anim|p1a: Torkoal|Solar Beam|p2a: Blastoise\n|-supereffective|p2a: Blastoise\n|-damage|p2a: Blastoise|104/258\n|\n|-weather|SunnyDay|[upkeep]\n|-end|p2a: Blastoise|move: Yawn|[silent]\n|-status|p2a: Blastoise|slp\n|upkeep\n|turn|7\n|inactive|suchalongnam has 120 seconds left.\n|\n|t:|1781411169\n|cant|p2a: Blastoise|slp\n|move|p1a: Torkoal|Solar Beam||[still]\n|-prepare|p1a: Torkoal|Solar Beam\n|-anim|p1a: Torkoal|Solar Beam|p2a: Blastoise\n|-supereffective|p2a: Blastoise\n|-damage|p2a: Blastoise|0 fnt\n|faint|p2a: Blastoise\n|\n|-weather|none\n|upkeep\n|\n|t:|1781411173\n|switch|p2a: Regieleki|Regieleki, L79|107/256\n|-damage|p2a: Regieleki|75/256|[from] Stealth Rock\n|turn|8\n|\n|t:|1781411177\n|move|p2a: Regieleki|Rapid Spin|p1a: Torkoal\n|-damage|p1a: Torkoal|19/266\n|-boost|p2a: Regieleki|spe|1\n|-sideend|p2: suchalongnam|Stealth Rock|[from] move: Rapid Spin|[of] p2a: Regieleki\n|move|p1a: Torkoal|Fire Blast|p2a: Regieleki|[miss]\n|-miss|p1a: Torkoal|p2a: Regieleki\n|\n|upkeep\n|turn|9\n|\n|t:|1781411181\n|move|p2a: Regieleki|Thunderbolt|p1a: Torkoal\n|-damage|p1a: Torkoal|0 fnt\n|faint|p1a: Torkoal\n|\n|upkeep\n|\n|t:|1781411185\n|switch|p1a: Raging Bolt|Raging Bolt, L78|313/323\n|turn|10\n|\n|t:|1781411189\n|move|p2a: Regieleki|Volt Switch|p1a: Raging Bolt\n|-resisted|p1a: Raging Bolt\n|-damage|p1a: Raging Bolt|286/323\n|\n|t:|1781411190\n|switch|p2a: Zarude|Zarude-Dada, L77|260/288|[from] Volt Switch\n|move|p1a: Raging Bolt|Draco Meteor|p2a: Zarude\n|-damage|p2a: Zarude|92/288\n|-unboost|p1a: Raging Bolt|spa|2\n|\n|-heal|p1a: Raging Bolt|306/323|[from] item: Leftovers\n|upkeep\n|turn|11\n|\n|t:|1781411202\n|-end|p1a: Raging Bolt|Protosynthesis|[silent]\n|switch|p1a: Zacian|Zacian-Crowned, L64|225/225\n|-ability|p1a: Zacian|Intrepid Sword|boost\n|-boost|p1a: Zacian|atk|1\n|move|p2a: Zarude|Power Whip|p1a: Zacian\n|-resisted|p1a: Zacian\n|-damage|p1a: Zacian|135/225\n|-damage|p2a: Zarude|64/288|[from] item: Life Orb\n|\n|upkeep\n|turn|12\n|\n|t:|1781411214\n|move|p1a: Zacian|Behemoth Blade|p2a: Zarude\n|-damage|p2a: Zarude|0 fnt\n|faint|p2a: Zarude\n|\n|upkeep\n|\n|t:|1781411217\n|switch|p2a: Regieleki|Regieleki, L79|75/256\n|turn|13\n|\n|t:|1781411228\n|switch|p1a: Raging Bolt|Raging Bolt, L78|306/323\n|move|p2a: Regieleki|Thunderbolt|p1a: Raging Bolt\n|-resisted|p1a: Raging Bolt\n|-crit|p1a: Raging Bolt\n|-damage|p1a: Raging Bolt|256/323\n|\n|-heal|p1a: Raging Bolt|276/323|[from] item: Leftovers\n|upkeep\n|turn|14\n|\n|t:|1781411232\n|move|p2a: Regieleki|Tera Blast|p1a: Raging Bolt\n|-damage|p1a: Raging Bolt|225/323\n|move|p1a: Raging Bolt|Draco Meteor|p2a: Regieleki\n|-damage|p2a: Regieleki|0 fnt\n|-unboost|p1a: Raging Bolt|spa|2\n|faint|p2a: Regieleki\n|\n|-heal|p1a: Raging Bolt|245/323|[from] item: Leftovers\n|upkeep\n|\n|t:|1781411244\n|switch|p2a: Misdreavus|Misdreavus, L90, M|254/254\n|turn|15\n|\n|t:|1781411251\n|-end|p1a: Raging Bolt|Protosynthesis|[silent]\n|switch|p1a: Lokix|Lokix, L82, M|251/251\n|move|p2a: Misdreavus|Calm Mind|p2a: Misdreavus\n|-boost|p2a: Misdreavus|spa|1\n|-boost|p2a: Misdreavus|spd|1\n|\n|upkeep\n|turn|16\n|\n|t:|1781411259\n|move|p2a: Misdreavus|Will-O-Wisp|p1a: Lokix\n|-status|p1a: Lokix|brn\n|move|p1a: Lokix|Knock Off|p2a: Misdreavus\n|-supereffective|p2a: Misdreavus\n|-damage|p2a: Misdreavus|140/254\n|-enditem|p2a: Misdreavus|Eviolite|[from] move: Knock Off|[of] p1a: Lokix\n|-damage|p1a: Lokix|226/251 brn|[from] item: Life Orb\n|\n|-damage|p1a: Lokix|211/251 brn|[from] brn\n|upkeep\n|turn|17\n|\n|t:|1781411265\n|switch|p1a: Zacian|Zacian-Crowned, L64|135/225\n|move|p2a: Misdreavus|Draining Kiss|p1a: Zacian\n|-resisted|p1a: Zacian\n|-damage|p1a: Zacian|104/225\n|-heal|p2a: Misdreavus|163/254|[from] drain|[of] p1a: Zacian\n|\n|upkeep\n|turn|18\n|\n|t:|1781411272\n|move|p1a: Zacian|Behemoth Blade|p2a: Misdreavus\n|-damage|p2a: Misdreavus|55/254\n|move|p2a: Misdreavus|Will-O-Wisp|p1a: Zacian\n|-status|p1a: Zacian|brn\n|\n|-damage|p1a: Zacian|90/225 brn|[from] brn\n|upkeep\n|turn|19\n|\n|t:|1781411276\n|move|p1a: Zacian|Behemoth Blade|p2a: Misdreavus\n|-damage|p2a: Misdreavus|0 fnt\n|faint|p2a: Misdreavus\n|\n|-damage|p1a: Zacian|76/225 brn|[from] brn\n|upkeep\n|\n|t:|1781411284\n|switch|p2a: Articuno|Articuno-Galar, L84|288/288\n|turn|20\n|\n|t:|1781411295\n|switch|p1a: Greninja|Greninja, L80, M|222/246\n|move|p2a: Articuno|Calm Mind|p2a: Articuno\n|-boost|p2a: Articuno|spa|1\n|-boost|p2a: Articuno|spd|1\n|\n|upkeep\n|turn|21\n|\n|t:|1781411301\n|move|p1a: Greninja|Dark Pulse|p2a: Articuno\n|-supereffective|p2a: Articuno\n|-damage|p2a: Articuno|155/288\n|-damage|p1a: Greninja|198/246|[from] item: Life Orb\n|move|p2a: Articuno|Recover|p2a: Articuno\n|-heal|p2a: Articuno|288/288\n|\n|upkeep\n|turn|22\n|\n|t:|1781411306\n|move|p1a: Greninja|Dark Pulse|p2a: Articuno\n|-supereffective|p2a: Articuno\n|-crit|p2a: Articuno\n|-damage|p2a: Articuno|7/288\n|-damage|p1a: Greninja|174/246|[from] item: Life Orb\n|move|p2a: Articuno|Calm Mind|p2a: Articuno\n|-boost|p2a: Articuno|spa|1\n|-boost|p2a: Articuno|spd|1\n|\n|upkeep\n|turn|23\n|-message|suchalongnam forfeited.\n|\n|win|BenoliBenoli\n", "inputlog": ">version a8376a258c1d4662feba110a92103f3664a72141\n>start {\"formatid\":\"gen9randombattle\",\"seed\":\"sodium,785d4ff8bcc9e333b96623c5b508bca8\",\"rated\":\"Rated battle\"}\n>player p1 {\"name\":\"BenoliBenoli\",\"avatar\":\"102\",\"rating\":1963,\"seed\":\"sodium,20bd4c3b3471c031bd20e2becf1eb17a\"}\n>player p2 {\"name\":\"suchalongnam\",\"avatar\":\"266\",\"rating\":1992,\"seed\":\"sodium,76cf32c9bcf455ec83ca176700d87224\"}\n>p1 move gunkshot\n>p2 switch 3\n>p1 switch 2\n>p2 move voltswitch\n>p2 switch 4\n>p1 switch 6\n>p2 move knockoff\n>p1 move stealthrock\n>p2 switch 3\n>p1 move yawn\n>p2 move shellsmash\n>p1 move solarbeam\n>p2 move earthquake\n>p1 move solarbeam\n>p2 move earthquake\n>p2 switch 4\n>p1 move fireblast\n>p2 move rapidspin\n>p1 move fireblast\n>p2 move thunderbolt\n>p1 switch 6\n>p1 move dracometeor\n>p2 move voltswitch\n>p2 switch 3\n>p1 switch 4\n>p2 move powerwhip\n>p1 move behemothblade\n>p2 move closecombat\n>p2 switch 3\n>p1 switch 4\n>p2 move thunderbolt\n>p1 move dracometeor\n>p2 move terablast\n>p2 switch 2\n>p1 switch 3\n>p2 move calmmind\n>p1 move knockoff\n>p2 move willowisp\n>p1 switch 4\n>p2 move drainingkiss\n>p1 move behemothblade\n>p2 move willowisp\n>p1 move behemothblade\n>p2 move drainingkiss\n>p2 switch 5\n>p1 switch 2\n>p2 move calmmind\n>p1 move darkpulse\n>p2 move recover\n>p1 move darkpulse\n>p2 move calmmind\n>forcelose p2", "uploadtime": 1781411016, "views": 6, "formatid": "gen9randombattle", "rating": null, "private": 0, "password": null}