{"id": "gen9randombattle-2631811468", "format": "[Gen 9] Random Battle", "players": ["Aoyama0811", "Jefejenaro"], "log": "|j|\u2606Aoyama0811\n|j|\u2606Jefejenaro\n|t:|1781443124\n|gametype|singles\n|player|p1|Aoyama0811|acetrainerf|2088\n|player|p2|Jefejenaro|wallace|1987\n|gen|9\n|tier|[Gen 9] Random Battle\n|rated|\n|rule|Species Clause: Limit one of each Pok\u00e9mon\n|rule|HP Percentage Mod: HP is shown in percentages\n|rule|Sleep Clause Mod: Limit one foe put to sleep\n|rule|Illusion Level Mod: Illusion disguises the Pok\u00e9mon's true level\n|\n|t:|1781443124\n|teamsize|p1|6\n|teamsize|p2|6\n|start\n|switch|p1a: Krookodile|Krookodile, L79, F|280/280\n|switch|p2a: Hatterene|Hatterene, L85, F|236/236\n|-ability|p1a: Krookodile|Intimidate|boost\n|-unboost|p2a: Hatterene|atk|1\n|turn|1\n|inactive|Battle timer is ON: inactive players will automatically lose when time's up. (requested by Aoyama0811)\n|\n|t:|1781443143\n|switch|p2a: Granbull|Granbull, L88, F|302/302\n|-ability|p2a: Granbull|Intimidate|boost\n|-unboost|p1a: Krookodile|atk|1\n|move|p1a: Krookodile|Gunk Shot|p2a: Granbull\n|-supereffective|p2a: Granbull\n|-damage|p2a: Granbull|100/302\n|-status|p2a: Granbull|psn\n|\n|-heal|p2a: Granbull|118/302 psn|[from] item: Leftovers\n|-damage|p2a: Granbull|81/302 psn|[from] psn\n|upkeep\n|turn|2\n|\n|t:|1781443151\n|move|p1a: Krookodile|Gunk Shot|p2a: Granbull\n|-supereffective|p2a: Granbull\n|-damage|p2a: Granbull|0 fnt\n|faint|p2a: Granbull\n|\n|upkeep\n|\n|t:|1781443163\n|switch|p2a: Slaking|Slaking, L84, F|389/389\n|turn|3\n|\n|t:|1781443166\n|switch|p1a: Bronzong|Bronzong, L88|261/261\n|move|p2a: Slaking|Double-Edge|p1a: Bronzong\n|-resisted|p1a: Bronzong\n|-damage|p1a: Bronzong|182/261\n|-damage|p2a: Slaking|363/389|[from] Recoil\n|\n|-heal|p1a: Bronzong|198/261|[from] item: Leftovers\n|upkeep\n|turn|4\n|\n|t:|1781443182\n|switch|p2a: Hoopa|Hoopa, L85|275/275\n|move|p1a: Bronzong|Iron Head|p2a: Hoopa\n|-damage|p2a: Hoopa|158/275\n|\n|-heal|p1a: Bronzong|214/261|[from] item: Leftovers\n|upkeep\n|turn|5\n|\n|t:|1781443187\n|switch|p1a: Krookodile|Krookodile, L79, F|280/280\n|-ability|p1a: Krookodile|Intimidate|boost\n|-unboost|p2a: Hoopa|atk|1\n|move|p2a: Hoopa|Trick|p1a: Krookodile\n|-activate|p2a: Hoopa|move: Trick|[of] p1a: Krookodile\n|-item|p1a: Krookodile|Choice Scarf|[from] move: Trick\n|-item|p2a: Hoopa|Choice Band|[from] move: Trick\n|\n|upkeep\n|turn|6\n|\n|t:|1781443198\n|switch|p2a: Overqwil|Overqwil, L82, F|274/274\n|-ability|p2a: Overqwil|Intimidate|boost\n|-unboost|p1a: Krookodile|atk|1\n|move|p1a: Krookodile|Earthquake|p2a: Overqwil\n|-supereffective|p2a: Overqwil\n|-damage|p2a: Overqwil|124/274\n|\n|upkeep\n|turn|7\n|\n|t:|1781443206\n|switch|p2a: Slaking|Slaking, L84, F|363/389\n|move|p1a: Krookodile|Earthquake|p2a: Slaking\n|-damage|p2a: Slaking|297/389\n|\n|upkeep\n|turn|8\n|\n|t:|1781443210\n|switch|p1a: Skuntank|Skuntank, L84, F|310/310\n|move|p2a: Slaking|Knock Off|p1a: Skuntank\n|-resisted|p1a: Skuntank\n|-damage|p1a: Skuntank|252/310\n|-enditem|p1a: Skuntank|Life Orb|[from] move: Knock Off|[of] p2a: Slaking\n|\n|upkeep\n|turn|9\n|\n|t:|1781443214\n|switch|p2a: Overqwil|Overqwil, L82, F|124/274\n|-ability|p2a: Overqwil|Intimidate|boost\n|-unboost|p1a: Skuntank|atk|1\n|move|p1a: Skuntank|Gunk Shot|p2a: Overqwil|[miss]\n|-miss|p1a: Skuntank|p2a: Overqwil\n|\n|upkeep\n|turn|10\n|\n|t:|1781443221\n|move|p1a: Skuntank|Fire Blast|p2a: Overqwil\n|-damage|p2a: Overqwil|45/274\n|move|p2a: Overqwil|Swords Dance|p2a: Overqwil\n|-boost|p2a: Overqwil|atk|2\n|\n|upkeep\n|turn|11\n|\n|t:|1781443230\n|move|p1a: Skuntank|Fire Blast|p2a: Overqwil\n|-crit|p2a: Overqwil\n|-damage|p2a: Overqwil|0 fnt\n|faint|p2a: Overqwil\n|\n|upkeep\n|\n|t:|1781443239\n|switch|p2a: Slaking|Slaking, L84, F|297/389\n|turn|12\n|\n|t:|1781443242\n|switch|p1a: Krookodile|Krookodile, L79, F|280/280\n|-ability|p1a: Krookodile|Intimidate|boost\n|-unboost|p2a: Slaking|atk|1\n|-terastallize|p2a: Slaking|Normal\n|move|p2a: Slaking|Double-Edge|p1a: Krookodile\n|-damage|p1a: Krookodile|94/280\n|-damage|p2a: Slaking|236/389|[from] Recoil\n|\n|upkeep\n|turn|13\n|\n|t:|1781443251\n|switch|p2a: Hoopa|Hoopa, L85|158/275\n|move|p1a: Krookodile|Earthquake|p2a: Hoopa\n|-damage|p2a: Hoopa|16/275\n|\n|upkeep\n|turn|14\n|\n|t:|1781443256\n|move|p1a: Krookodile|Earthquake|p2a: Hoopa\n|-damage|p2a: Hoopa|0 fnt\n|faint|p2a: Hoopa\n|\n|upkeep\n|\n|t:|1781443261\n|switch|p2a: Slaking|Slaking, L84, F, tera:Normal|236/389\n|turn|15\n|\n|t:|1781443267\n|switch|p1a: Bronzong|Bronzong, L88|214/261\n|move|p2a: Slaking|Double-Edge|p1a: Bronzong\n|-resisted|p1a: Bronzong\n|-damage|p1a: Bronzong|108/261\n|-damage|p2a: Slaking|201/389|[from] Recoil\n|\n|-heal|p1a: Bronzong|124/261|[from] item: Leftovers\n|upkeep\n|turn|16\n|\n|t:|1781443272\n|switch|p2a: Reshiram|Reshiram, L76|277/277\n|-ability|p2a: Reshiram|Turboblaze\n|move|p1a: Bronzong|Iron Head|p2a: Reshiram\n|-resisted|p2a: Reshiram\n|-damage|p2a: Reshiram|229/277\n|\n|-heal|p1a: Bronzong|140/261|[from] item: Leftovers\n|upkeep\n|turn|17\n|\n|t:|1781443279\n|move|p2a: Reshiram|Blue Flare|p1a: Bronzong\n|-supereffective|p1a: Bronzong\n|-damage|p1a: Bronzong|0 fnt\n|faint|p1a: Bronzong\n|\n|upkeep\n|\n|t:|1781443282\n|switch|p1a: Krookodile|Krookodile, L79, F|94/280\n|-ability|p1a: Krookodile|Intimidate|boost\n|-unboost|p2a: Reshiram|atk|1\n|turn|18\n|\n|t:|1781443293\n|move|p1a: Krookodile|Earthquake|p2a: Reshiram\n|-supereffective|p2a: Reshiram\n|-damage|p2a: Reshiram|7/277\n|move|p2a: Reshiram|Blue Flare|p1a: Krookodile|[miss]\n|-miss|p2a: Reshiram|p1a: Krookodile\n|\n|upkeep\n|turn|19\n|\n|t:|1781443297\n|move|p1a: Krookodile|Earthquake|p2a: Reshiram\n|-supereffective|p2a: Reshiram\n|-damage|p2a: Reshiram|0 fnt\n|faint|p2a: Reshiram\n|\n|upkeep\n|\n|t:|1781443299\n|switch|p2a: Slaking|Slaking, L84, F, tera:Normal|201/389\n|turn|20\n|\n|t:|1781443307\n|switch|p1a: Skuntank|Skuntank, L84, F|252/310\n|move|p2a: Slaking|Double-Edge|p1a: Skuntank\n|-crit|p1a: Skuntank\n|-damage|p1a: Skuntank|0 fnt\n|-damage|p2a: Slaking|104/389|[from] ability: Aftermath|[of] p1a: Skuntank\n|faint|p1a: Skuntank\n|-damage|p2a: Slaking|21/389|[from] Recoil\n|\n|upkeep\n|\n|t:|1781443320\n|switch|p1a: Lilligant|Lilligant-Hisui, L79, F|240/240\n|turn|21\n|\n|t:|1781443328\n|switch|p2a: Hatterene|Hatterene, L85, F|236/236\n|move|p1a: Lilligant|Victory Dance|p1a: Lilligant\n|-boost|p1a: Lilligant|atk|1\n|-boost|p1a: Lilligant|def|1\n|-boost|p1a: Lilligant|spe|1\n|\n|upkeep\n|turn|22\n|\n|t:|1781443332\n|-terastallize|p1a: Lilligant|Steel\n|move|p1a: Lilligant|Leaf Blade|p2a: Hatterene\n|-damage|p2a: Hatterene|0 fnt\n|faint|p2a: Hatterene\n|-damage|p1a: Lilligant|216/240|[from] item: Life Orb\n|\n|upkeep\n|\n|t:|1781443337\n|switch|p2a: Slaking|Slaking, L84, F, tera:Normal|21/389\n|turn|23\n|\n|t:|1781443340\n|move|p2a: Slaking|Earthquake|p1a: Lilligant\n|-supereffective|p1a: Lilligant\n|-damage|p1a: Lilligant|60/240\n|move|p1a: Lilligant|Leaf Blade|p2a: Slaking|[miss]\n|-miss|p1a: Lilligant|p2a: Slaking\n|\n|upkeep\n|turn|24\n|\n|t:|1781443347\n|cant|p2a: Slaking|ability: Truant\n|move|p1a: Lilligant|Leaf Blade|p2a: Slaking\n|-damage|p2a: Slaking|0 fnt\n|faint|p2a: Slaking\n|-damage|p1a: Lilligant|36/240|[from] item: Life Orb\n|\n|win|Aoyama0811\n", "inputlog": ">version a8376a258c1d4662feba110a92103f3664a72141\n>start {\"formatid\":\"gen9randombattle\",\"seed\":\"sodium,95cc5706558200a3c5f43a8b133a3dbd\",\"rated\":\"Rated battle\"}\n>player p1 {\"name\":\"Aoyama0811\",\"avatar\":\"acetrainerf\",\"rating\":2088,\"seed\":\"sodium,9aa5aeacb8e5b1bc9e6d9b5a7cda7f77\"}\n>player p2 {\"name\":\"Jefejenaro\",\"avatar\":\"wallace\",\"rating\":1987,\"seed\":\"sodium,ffbb5404f78da094d6d3429705c7be1e\"}\n>p1 move gunkshot\n>p2 switch 5\n>p1 move gunkshot\n>p2 move playrough\n>p2 switch 6\n>p1 switch 6\n>p2 move doubleedge\n>p1 move ironhead\n>p2 switch 2\n>p1 switch 6\n>p2 move trick\n>p1 move earthquake\n>p2 switch 3\n>p1 move earthquake\n>p2 switch 2\n>p1 switch 5\n>p2 move knockoff\n>p1 move gunkshot\n>p2 switch 2\n>p1 move fireblast\n>p2 move swordsdance\n>p1 move fireblast\n>p2 move scaleshot\n>p2 switch 2\n>p1 switch 5\n>p2 move doubleedge terastallize\n>p1 move earthquake\n>p2 switch 3\n>p1 move earthquake\n>p2 move shadowball\n>p2 switch 3\n>p1 switch 6\n>p2 move doubleedge\n>p1 move ironhead\n>p2 switch 4\n>p1 move earthquake\n>p2 move blueflare\n>p1 switch 6\n>p1 move earthquake\n>p2 move blueflare\n>p1 move earthquake\n>p2 move blueflare\n>p2 switch 4\n>p1 switch 5\n>p2 move doubleedge\n>p1 switch 3\n>p1 move victorydance\n>p2 switch 5\n>p1 move leafblade terastallize\n>p2 move drainingkiss\n>p2 switch 5\n>p1 move leafblade\n>p2 move earthquake\n>p1 move leafblade\n>p2 move earthquake", "uploadtime": 1781443126, "views": 7, "formatid": "gen9randombattle", "rating": null, "private": 0, "password": null}