{"id": "gen9randombattle-2631977119", "format": "[Gen 9] Random Battle", "players": ["nickolassbomfim", "ahuramazda2"], "log": "|j|\u2606nickolassbomfim\n|j|\u2606ahuramazda2\n|t:|1781461965\n|gametype|singles\n|player|p1|nickolassbomfim|red-masters|1942\n|player|p2|ahuramazda2|169|1920\n|gen|9\n|tier|[Gen 9] Random Battle\n|rated|\n|rule|Species Clause: Limit one of each Pok\u00e9mon\n|rule|HP Percentage Mod: HP is shown in percentages\n|rule|Sleep Clause Mod: Limit one foe put to sleep\n|rule|Illusion Level Mod: Illusion disguises the Pok\u00e9mon's true level\n|\n|t:|1781461965\n|teamsize|p1|6\n|teamsize|p2|6\n|start\n|switch|p1a: Staraptor|Staraptor, L79, M|263/263\n|switch|p2a: Honchkrow|Honchkrow, L86, F|312/312\n|turn|1\n|inactive|Battle timer is ON: inactive players will automatically lose when time's up. (requested by ahuramazda2)\n|\n|t:|1781461977\n|move|p2a: Honchkrow|Sucker Punch|p1a: Staraptor\n|-damage|p1a: Staraptor|143/263\n|move|p1a: Staraptor|Brave Bird|p2a: Honchkrow\n|-damage|p2a: Honchkrow|0 fnt\n|faint|p2a: Honchkrow\n|-damage|p1a: Staraptor|40/263|[from] Recoil\n|\n|upkeep\n|\n|t:|1781461995\n|switch|p2a: Delphox|Delphox, L84, F|263/263\n|turn|2\n|\n|t:|1781462001\n|move|p2a: Delphox|Psyshock|p1a: Staraptor\n|-damage|p1a: Staraptor|0 fnt\n|faint|p1a: Staraptor\n|\n|upkeep\n|\n|t:|1781462003\n|switch|p1a: Skuntank|Skuntank, L84, M|310/310\n|turn|3\n|\n|t:|1781462011\n|switch|p2a: Toxicroak|Toxicroak, L84, F|277/277\n|move|p1a: Skuntank|Toxic Spikes|p2a: Toxicroak\n|-sidestart|p2: ahuramazda2|move: Toxic Spikes\n|\n|upkeep\n|turn|4\n|\n|t:|1781462018\n|move|p2a: Toxicroak|Knock Off|p1a: Skuntank\n|-resisted|p1a: Skuntank\n|-damage|p1a: Skuntank|254/310\n|-enditem|p1a: Skuntank|Life Orb|[from] move: Knock Off|[of] p2a: Toxicroak\n|-damage|p2a: Toxicroak|250/277|[from] item: Life Orb\n|move|p1a: Skuntank|Fire Blast|p2a: Toxicroak\n|-damage|p2a: Toxicroak|162/277\n|\n|upkeep\n|turn|5\n|\n|t:|1781462025\n|move|p2a: Toxicroak|Swords Dance|p2a: Toxicroak\n|-boost|p2a: Toxicroak|atk|2\n|move|p1a: Skuntank|Knock Off|p2a: Toxicroak\n|-resisted|p2a: Toxicroak\n|-damage|p2a: Toxicroak|95/277\n|-enditem|p2a: Toxicroak|Life Orb|[from] move: Knock Off|[of] p1a: Skuntank\n|\n|upkeep\n|turn|6\n|\n|t:|1781462028\n|move|p2a: Toxicroak|Close Combat|p1a: Skuntank\n|-damage|p1a: Skuntank|0 fnt\n|-unboost|p2a: Toxicroak|def|1\n|-unboost|p2a: Toxicroak|spd|1\n|-damage|p2a: Toxicroak|26/277|[from] ability: Aftermath|[of] p1a: Skuntank\n|faint|p1a: Skuntank\n|\n|upkeep\n|\n|t:|1781462033\n|switch|p1a: Dodrio|Dodrio, L85, F|241/241\n|turn|7\n|\n|t:|1781462041\n|move|p1a: Dodrio|Quick Attack|p2a: Toxicroak\n|-damage|p2a: Toxicroak|0 fnt\n|faint|p2a: Toxicroak\n|\n|upkeep\n|\n|t:|1781462044\n|switch|p2a: Morpeko|Morpeko, L88, M|245/245\n|turn|8\n|\n|t:|1781462048\n|switch|p1a: Gogoat|Gogoat, L88, M|360/360\n|move|p2a: Morpeko|Aura Wheel|p1a: Gogoat\n|-resisted|p1a: Gogoat\n|-damage|p1a: Gogoat|282/360\n|-boost|p2a: Morpeko|spe|1\n|\n|-heal|p1a: Gogoat|304/360|[from] item: Leftovers\n|-formechange|p2a: Morpeko|Morpeko-Hangry||[from] ability: Hunger Switch\n|upkeep\n|turn|9\n|\n|t:|1781462056\n|move|p2a: Morpeko|Rapid Spin|p1a: Gogoat\n|-damage|p1a: Gogoat|256/360\n|-boost|p2a: Morpeko|spe|1\n|-sideend|p2: ahuramazda2|Toxic Spikes|[from] move: Rapid Spin|[of] p2a: Morpeko\n|move|p1a: Gogoat|Bulk Up|p1a: Gogoat\n|-boost|p1a: Gogoat|atk|1\n|-boost|p1a: Gogoat|def|1\n|\n|-heal|p1a: Gogoat|278/360|[from] item: Leftovers\n|-formechange|p2a: Morpeko|Morpeko||[from] ability: Hunger Switch\n|upkeep\n|turn|10\n|\n|t:|1781462059\n|move|p2a: Morpeko|Parting Shot|p1a: Gogoat\n|-unboost|p1a: Gogoat|atk|1\n|-unboost|p1a: Gogoat|spa|1\n|\n|t:|1781462064\n|switch|p2a: Delphox|Delphox, L84, F|263/263|[from] Parting Shot\n|move|p1a: Gogoat|Rock Slide|p2a: Delphox\n|-supereffective|p2a: Delphox\n|-damage|p2a: Delphox|127/263\n|\n|-heal|p1a: Gogoat|300/360|[from] item: Leftovers\n|upkeep\n|turn|11\n|\n|t:|1781462067\n|switch|p1a: Hypno|Hypno, L95, M|315/315\n|move|p2a: Delphox|Fire Blast|p1a: Hypno\n|-damage|p1a: Hypno|216/315\n|-status|p1a: Hypno|brn\n|\n|-heal|p1a: Hypno|235/315 brn|[from] item: Leftovers\n|-damage|p1a: Hypno|216/315 brn|[from] brn\n|upkeep\n|turn|12\n|\n|t:|1781462072\n|switch|p2a: Morpeko|Morpeko, L88, M|245/245\n|move|p1a: Hypno|Toxic|p2a: Morpeko\n|-status|p2a: Morpeko|tox\n|\n|-heal|p1a: Hypno|235/315 brn|[from] item: Leftovers\n|-damage|p2a: Morpeko|230/245 tox|[from] psn\n|-damage|p1a: Hypno|216/315 brn|[from] brn\n|-formechange|p2a: Morpeko|Morpeko-Hangry||[from] ability: Hunger Switch\n|upkeep\n|turn|13\n|\n|t:|1781462076\n|move|p1a: Hypno|Protect|p1a: Hypno\n|-singleturn|p1a: Hypno|Protect\n|move|p2a: Morpeko|Aura Wheel|p1a: Hypno\n|-activate|p1a: Hypno|move: Protect\n|\n|-heal|p1a: Hypno|235/315 brn|[from] item: Leftovers\n|-damage|p2a: Morpeko|200/245 tox|[from] psn\n|-damage|p1a: Hypno|216/315 brn|[from] brn\n|-formechange|p2a: Morpeko|Morpeko||[from] ability: Hunger Switch\n|upkeep\n|turn|14\n|\n|t:|1781462081\n|move|p2a: Morpeko|Parting Shot|p1a: Hypno\n|-unboost|p1a: Hypno|atk|1\n|-unboost|p1a: Hypno|spa|1\n|\n|t:|1781462086\n|switch|p2a: Delphox|Delphox, L84, F|127/263|[from] Parting Shot\n|move|p1a: Hypno|Focus Blast|p2a: Delphox|[miss]\n|-miss|p1a: Hypno|p2a: Delphox\n|\n|-heal|p1a: Hypno|235/315 brn|[from] item: Leftovers\n|-damage|p1a: Hypno|216/315 brn|[from] brn\n|upkeep\n|turn|15\n|\n|t:|1781462093\n|switch|p2a: Morpeko|Morpeko, L88, M|200/245 tox\n|move|p1a: Hypno|Toxic|p2a: Morpeko\n|-fail|p2a: Morpeko|tox\n|\n|-heal|p1a: Hypno|235/315 brn|[from] item: Leftovers\n|-damage|p2a: Morpeko|185/245 tox|[from] psn\n|-damage|p1a: Hypno|216/315 brn|[from] brn\n|-formechange|p2a: Morpeko|Morpeko-Hangry||[from] ability: Hunger Switch\n|upkeep\n|turn|16\n|\n|t:|1781462097\n|move|p1a: Hypno|Protect|p1a: Hypno\n|-singleturn|p1a: Hypno|Protect\n|move|p2a: Morpeko|Aura Wheel|p1a: Hypno\n|-activate|p1a: Hypno|move: Protect\n|\n|-heal|p1a: Hypno|235/315 brn|[from] item: Leftovers\n|-damage|p2a: Morpeko|155/245 tox|[from] psn\n|-damage|p1a: Hypno|216/315 brn|[from] brn\n|-formechange|p2a: Morpeko|Morpeko||[from] ability: Hunger Switch\n|upkeep\n|turn|17\n|\n|t:|1781462101\n|move|p2a: Morpeko|Aura Wheel|p1a: Hypno\n|-crit|p1a: Hypno\n|-damage|p1a: Hypno|23/315 brn\n|-boost|p2a: Morpeko|spe|1\n|move|p1a: Hypno|Toxic|p2a: Morpeko\n|-fail|p2a: Morpeko|tox\n|\n|-heal|p1a: Hypno|42/315 brn|[from] item: Leftovers\n|-damage|p2a: Morpeko|110/245 tox|[from] psn\n|-damage|p1a: Hypno|23/315 brn|[from] brn\n|-formechange|p2a: Morpeko|Morpeko-Hangry||[from] ability: Hunger Switch\n|upkeep\n|turn|18\n|\n|t:|1781462108\n|move|p1a: Hypno|Protect|p1a: Hypno\n|-singleturn|p1a: Hypno|Protect\n|move|p2a: Morpeko|Aura Wheel|p1a: Hypno\n|-activate|p1a: Hypno|move: Protect\n|\n|-heal|p1a: Hypno|42/315 brn|[from] item: Leftovers\n|-damage|p2a: Morpeko|50/245 tox|[from] psn\n|-damage|p1a: Hypno|23/315 brn|[from] brn\n|-formechange|p2a: Morpeko|Morpeko||[from] ability: Hunger Switch\n|upkeep\n|turn|19\n|\n|t:|1781462112\n|move|p2a: Morpeko|Aura Wheel|p1a: Hypno\n|-damage|p1a: Hypno|0 fnt\n|-boost|p2a: Morpeko|spe|1\n|faint|p1a: Hypno\n|\n|-damage|p2a: Morpeko|0 fnt|[from] psn\n|faint|p2a: Morpeko\n|upkeep\n|\n|t:|1781462118\n|switch|p2a: Dragapult|Dragapult, L77, M|262/262\n|switch|p1a: Dodrio|Dodrio, L85, F|241/241\n|turn|20\n|\n|t:|1781462132\n|move|p2a: Dragapult|Dragon Darts|p1a: Dodrio\n|-damage|p1a: Dodrio|163/241\n|-anim|p2a: Dragapult|Dragon Darts|p1a: Dodrio\n|-damage|p1a: Dodrio|85/241\n|-damage|p2a: Dragapult|236/262|[from] item: Life Orb\n|move|p1a: Dodrio|Knock Off|p2a: Dragapult\n|-supereffective|p2a: Dragapult\n|-damage|p2a: Dragapult|0 fnt\n|-enditem|p2a: Dragapult|Life Orb|[from] move: Knock Off|[of] p1a: Dodrio\n|faint|p2a: Dragapult\n|\n|upkeep\n|\n|t:|1781462140\n|switch|p2a: Brambleghast|Brambleghast, L88, M|240/240\n|turn|21\n|\n|t:|1781462144\n|-terastallize|p2a: Brambleghast|Steel\n|move|p1a: Dodrio|Knock Off|p2a: Brambleghast\n|-damage|p2a: Brambleghast|101/240\n|-enditem|p2a: Brambleghast|Leftovers|[from] move: Knock Off|[of] p1a: Dodrio\n|move|p2a: Brambleghast|Power Whip|p1a: Dodrio\n|-resisted|p1a: Dodrio\n|-damage|p1a: Dodrio|0 fnt\n|faint|p1a: Dodrio\n|\n|upkeep\n|\n|t:|1781462147\n|switch|p1a: Raikou|Raikou, L81|278/278\n|-ability|p1a: Raikou|Pressure\n|turn|22\n|\n|t:|1781462155\n|move|p1a: Raikou|Thunderbolt|p2a: Brambleghast\n|-damage|p2a: Brambleghast|0 fnt\n|faint|p2a: Brambleghast\n|\n|upkeep\n|\n|t:|1781462158\n|switch|p2a: Delphox|Delphox, L84, F|127/263\n|turn|23\n|\n|t:|1781462161\n|move|p1a: Raikou|Thunderbolt|p2a: Delphox\n|-damage|p2a: Delphox|37/263\n|move|p2a: Delphox|Fire Blast|p1a: Raikou\n|-damage|p1a: Raikou|97/278\n|\n|-heal|p1a: Raikou|114/278|[from] item: Leftovers\n|upkeep\n|turn|24\n|\n|t:|1781462164\n|move|p1a: Raikou|Shadow Ball|p2a: Delphox\n|-supereffective|p2a: Delphox\n|-damage|p2a: Delphox|0 fnt\n|faint|p2a: Delphox\n|\n|win|nickolassbomfim\n", "inputlog": ">version a8376a258c1d4662feba110a92103f3664a72141\n>start {\"formatid\":\"gen9randombattle\",\"seed\":\"sodium,4e6094b083141e83090cacc7f69175e9\",\"rated\":\"Rated battle\"}\n>player p1 {\"name\":\"nickolassbomfim\",\"avatar\":\"red-masters\",\"rating\":1942,\"seed\":\"sodium,7d19b5e9dab714d76c10d424a18b4cc9\"}\n>player p2 {\"name\":\"ahuramazda2\",\"avatar\":\"169\",\"rating\":1920,\"seed\":\"sodium,860000877dff0e274255778ab0da7d5d\"}\n>p1 move bravebird\n>p2 move suckerpunch\n>p2 switch 5\n>p1 move bravebird\n>p2 move psyshock\n>p1 switch 4\n>p1 move toxicspikes\n>p2 switch 4\n>p1 move fireblast\n>p2 move knockoff\n>p1 move knockoff\n>p2 move swordsdance\n>p1 move fireblast\n>p2 move closecombat\n>p1 switch 5\n>p1 move quickattack\n>p2 move closecombat\n>p2 switch 6\n>p1 switch 6\n>p2 move aurawheel\n>p1 move bulkup\n>p2 move rapidspin\n>p1 move rockslide\n>p2 move partingshot\n>p2 switch 4\n>p1 switch 2\n>p2 move fireblast\n>p1 move toxic\n>p2 switch 4\n>p1 move protect\n>p2 move aurawheel\n>p1 move focusblast\n>p2 move partingshot\n>p2 switch 4\n>p1 move toxic\n>p2 switch 4\n>p1 move protect\n>p2 move aurawheel\n>p1 move toxic\n>p2 move aurawheel\n>p1 move protect\n>p2 move aurawheel\n>p1 move toxic\n>p2 move aurawheel\n>p1 switch 6\n>p2 switch 2\n>p1 move knockoff\n>p2 move dragondarts\n>p2 switch 3\n>p1 move knockoff\n>p2 move powerwhip terastallize\n>p1 switch 3\n>p1 move thunderbolt\n>p2 move leechseed\n>p2 switch 4\n>p1 move thunderbolt\n>p2 move fireblast\n>p1 move shadowball\n>p2 move fireblast", "uploadtime": 1781461968, "views": 5, "formatid": "gen9randombattle", "rating": null, "private": 0, "password": null}