{"id": "gen9randombattle-2631875821", "format": "[Gen 9] Random Battle", "players": ["drifttrick", "RENAISSANCE BLAZE"], "log": "|j|\u2606drifttrick\n|j|\u2606RENAISSANCE BLAZE\n|t:|1781450897\n|gametype|singles\n|player|p1|drifttrick|#rbtt9hoopers2|\n|player|p2|RENAISSANCE BLAZE|benga|\n|gen|9\n|tier|[Gen 9] Random Battle\n|rule|Species Clause: Limit one of each Pok\u00e9mon\n|rule|HP Percentage Mod: HP is shown in percentages\n|rule|Sleep Clause Mod: Limit one foe put to sleep\n|rule|Illusion Level Mod: Illusion disguises the Pok\u00e9mon's true level\n|\n|t:|1781450898\n|teamsize|p1|6\n|teamsize|p2|6\n|start\n|switch|p1a: Spidops|Spidops, L96, M|271/271\n|switch|p2a: Iron Crown|Iron Crown, L78|268/268\n|turn|1\n|inactive|Battle timer is ON: inactive players will automatically lose when time's up. (requested by drifttrick)\n|c|\u2606drifttrick|glhf\n|inactive|RENAISSANCE BLAZE also wants the timer to be on.\n|c|\u2606RENAISSANCE BLAZE|u2\n|inactive|drifttrick has 270 seconds left.\n|\n|t:|1781450928\n|move|p2a: Iron Crown|Calm Mind|p2a: Iron Crown\n|-boost|p2a: Iron Crown|spa|1\n|-boost|p2a: Iron Crown|spd|1\n|move|p1a: Spidops|Sticky Web|p2a: Iron Crown\n|-sidestart|p2: RENAISSANCE BLAZE|move: Sticky Web\n|\n|upkeep\n|turn|2\n|j|+35Q71N\n|\n|t:|1781450956\n|move|p2a: Iron Crown|Tachyon Cutter|p1a: Spidops\n|-damage|p1a: Spidops|193/271\n|-damage|p1a: Spidops|117/271\n|-hitcount|p1a: Spidops|2\n|move|p1a: Spidops|Circle Throw|p2a: Iron Crown\n|-damage|p2a: Iron Crown|222/268\n|-end|p2a: Iron Crown|Quark Drive|[silent]\n|drag|p2a: Dodrio|Dodrio, L85, M|241/241\n|\n|upkeep\n|turn|3\n|inactive|drifttrick has 270 seconds left.\n|\n|t:|1781450976\n|move|p2a: Dodrio|Brave Bird|p1a: Spidops\n|-supereffective|p1a: Spidops\n|-damage|p1a: Spidops|0 fnt\n|faint|p1a: Spidops\n|-damage|p2a: Dodrio|202/241|[from] Recoil\n|\n|upkeep\n|\n|t:|1781450991\n|switch|p1a: Suicune|Suicune, L82|298/298\n|-ability|p1a: Suicune|Pressure\n|turn|4\n|c|\u2606RENAISSANCE BLAZE|in case this gets famous, i don't think i'm at a high enough level to take this from drifttrick, this time it's only for fun\n|inactive|RENAISSANCE BLAZE has 270 seconds left.\n|inactive|RENAISSANCE BLAZE has 240 seconds left.\n|\n|t:|1781451056\n|move|p2a: Dodrio|Swords Dance|p2a: Dodrio\n|-boost|p2a: Dodrio|atk|2\n|move|p1a: Suicune|Scald|p2a: Dodrio\n|-damage|p2a: Dodrio|106/241\n|\n|upkeep\n|turn|5\n|inactive|drifttrick has 270 seconds left.\n|inactive|RENAISSANCE BLAZE has 240 seconds left.\n|\n|t:|1781451072\n|-terastallize|p1a: Suicune|Steel\n|move|p2a: Dodrio|Brave Bird|p1a: Suicune\n|-resisted|p1a: Suicune\n|-damage|p1a: Suicune|183/298\n|-damage|p2a: Dodrio|68/241|[from] Recoil\n|move|p1a: Suicune|Ice Beam|p2a: Dodrio\n|-supereffective|p2a: Dodrio\n|-damage|p2a: Dodrio|0 fnt\n|faint|p2a: Dodrio\n|\n|-heal|p1a: Suicune|201/298|[from] item: Leftovers\n|upkeep\n|inactive|RENAISSANCE BLAZE has 210 seconds left.\n|\n|t:|1781451110\n|switch|p2a: Iron Crown|Iron Crown, L78|222/268\n|-activate|p2a: Iron Crown|move: Sticky Web\n|-unboost|p2a: Iron Crown|spe|1\n|turn|6\n|inactive|RENAISSANCE BLAZE has 210 seconds left.\n|\n|t:|1781451116\n|switch|p1a: Cinderace|Cinderace, L77, F|250/250\n|move|p2a: Iron Crown|Focus Blast|p1a: Cinderace\n|-damage|p1a: Cinderace|149/250\n|\n|-heal|p2a: Iron Crown|238/268|[from] item: Leftovers\n|upkeep\n|turn|7\n|inactive|RENAISSANCE BLAZE has 210 seconds left.\n|\n|t:|1781451138\n|-end|p2a: Iron Crown|Quark Drive|[silent]\n|switch|p2a: Swanna|Swanna, L89, F|278/278\n|move|p1a: Cinderace|Pyro Ball|p2a: Swanna\n|-resisted|p2a: Swanna\n|-damage|p2a: Swanna|209/278\n|\n|upkeep\n|turn|8\n|inactive|drifttrick has 270 seconds left.\n|\n|t:|1781451158\n|switch|p1a: Slowking|Slowking-Galar, L85, M|300/300\n|move|p2a: Swanna|Defog|p1a: Slowking\n|-unboost|p1a: Slowking|evasion|1\n|-sideend|p2: RENAISSANCE BLAZE|Sticky Web|[from] move: Defog|[of] p2a: Swanna\n|\n|upkeep\n|turn|9\n|inactive|drifttrick has 270 seconds left.\n|\n|t:|1781451169\n|switch|p2a: Qwilfish|Qwilfish-Hisui, L83, F|244/244\n|-ability|p2a: Qwilfish|Intimidate|boost\n|-unboost|p1a: Slowking|atk|1\n|move|p1a: Slowking|Psychic Noise|p2a: Qwilfish\n|-immune|p2a: Qwilfish\n|\n|upkeep\n|turn|10\n|inactive|drifttrick has 270 seconds left.\n|\n|t:|1781451185\n|switch|p1a: Suicune|Suicune, L82, tera:Steel|201/298\n|-ability|p1a: Suicune|Pressure\n|move|p2a: Qwilfish|Crunch|p1a: Suicune\n|-damage|p1a: Suicune|134/298\n|\n|-heal|p1a: Suicune|152/298|[from] item: Leftovers\n|upkeep\n|turn|11\n|\n|t:|1781451203\n|switch|p2a: Iron Crown|Iron Crown, L78|238/268\n|move|p1a: Suicune|Scald|p2a: Iron Crown\n|-damage|p2a: Iron Crown|172/268\n|-status|p2a: Iron Crown|brn\n|\n|-heal|p2a: Iron Crown|188/268 brn|[from] item: Leftovers\n|-heal|p1a: Suicune|170/298|[from] item: Leftovers\n|-damage|p2a: Iron Crown|172/268 brn|[from] brn\n|upkeep\n|turn|12\n|inactive|drifttrick has 270 seconds left.\n|\n|t:|1781451227\n|switch|p1a: Slowking|Slowking-Galar, L85, M|300/300\n|move|p2a: Iron Crown|Psyshock|p1a: Slowking\n|-damage|p1a: Slowking|210/300\n|\n|-heal|p2a: Iron Crown|188/268 brn|[from] item: Leftovers\n|-damage|p2a: Iron Crown|172/268 brn|[from] brn\n|upkeep\n|turn|13\n|inactive|drifttrick has 270 seconds left.\n|\n|t:|1781451241\n|move|p2a: Iron Crown|Calm Mind|p2a: Iron Crown\n|-boost|p2a: Iron Crown|spa|1\n|-boost|p2a: Iron Crown|spd|1\n|move|p1a: Slowking|Psychic Noise|p2a: Iron Crown\n|-resisted|p2a: Iron Crown\n|-damage|p2a: Iron Crown|159/268 brn\n|-start|p2a: Iron Crown|move: Heal Block\n|\n|-damage|p2a: Iron Crown|143/268 brn|[from] brn\n|upkeep\n|turn|14\n|inactive|drifttrick has 270 seconds left.\n|\n|t:|1781451277\n|switch|p1a: Suicune|Suicune, L82, tera:Steel|170/298\n|-ability|p1a: Suicune|Pressure\n|move|p2a: Iron Crown|Psyshock|p1a: Suicune\n|-resisted|p1a: Suicune\n|-damage|p1a: Suicune|111/298\n|\n|-heal|p1a: Suicune|129/298|[from] item: Leftovers\n|-damage|p2a: Iron Crown|127/268 brn|[from] brn\n|-end|p2a: Iron Crown|move: Heal Block\n|upkeep\n|turn|15\n|\n|t:|1781451289\n|move|p2a: Iron Crown|Focus Blast|p1a: Suicune\n|-supereffective|p1a: Suicune\n|-damage|p1a: Suicune|0 fnt\n|faint|p1a: Suicune\n|\n|-heal|p2a: Iron Crown|143/268 brn|[from] item: Leftovers\n|-damage|p2a: Iron Crown|127/268 brn|[from] brn\n|upkeep\n|\n|t:|1781451292\n|switch|p1a: Cinderace|Cinderace, L77, F|149/250\n|turn|16\n|\n|t:|1781451306\n|-end|p2a: Iron Crown|Quark Drive|[silent]\n|switch|p2a: Swanna|Swanna, L89, F|209/278\n|move|p1a: Cinderace|Pyro Ball|p2a: Swanna\n|-resisted|p2a: Swanna\n|-damage|p2a: Swanna|131/278\n|\n|upkeep\n|turn|17\n|inactive|drifttrick has 270 seconds left.\n|\n|t:|1781451329\n|switch|p2a: Maushold|Maushold, L76|238/238\n|move|p1a: Cinderace|Will-O-Wisp|p2a: Maushold\n|-status|p2a: Maushold|brn\n|\n|-damage|p2a: Maushold|224/238 brn|[from] brn\n|upkeep\n|turn|18\n|inactive|RENAISSANCE BLAZE has 210 seconds left.\n|c|\u2606RENAISSANCE BLAZE|oops, there's my potential throw\n|\n|t:|1781451358\n|move|p1a: Cinderace|U-turn|p2a: Maushold\n|-start|p1a: Cinderace|typechange|Bug|[from] ability: Libero\n|-damage|p2a: Maushold|127/238 brn\n|inactive|drifttrick has 240 seconds left.\n|j| mynamegrassgreen\n|l| mynamegrassgreen\n|\n|t:|1781451390\n|switch|p1a: Slowking|Slowking-Galar, L85, M|300/300|[from] U-turn\n|move|p2a: Maushold|Tidy Up|p2a: Maushold\n|-boost|p2a: Maushold|atk|1\n|-boost|p2a: Maushold|spe|1\n|\n|-damage|p2a: Maushold|113/238 brn|[from] brn\n|upkeep\n|turn|19\n|\n|t:|1781451400\n|move|p2a: Maushold|Population Bomb|p1a: Slowking\n|-damage|p1a: Slowking|282/300\n|-damage|p1a: Slowking|263/300\n|-damage|p1a: Slowking|247/300\n|-hitcount|p1a: Slowking|3\n|move|p1a: Slowking|Psychic Noise|p2a: Maushold\n|-damage|p2a: Maushold|0 fnt\n|faint|p2a: Maushold\n|\n|upkeep\n|\n|t:|1781451411\n|switch|p2a: Iron Crown|Iron Crown, L78|127/268 brn\n|turn|20\n|inactive|drifttrick has 240 seconds left.\n|inactive|drifttrick has 210 seconds left.\n|\n|t:|1781451452\n|switch|p1a: Cinderace|Cinderace, L77, F|149/250\n|move|p2a: Iron Crown|Psyshock|p1a: Cinderace\n|-crit|p1a: Cinderace\n|-damage|p1a: Cinderace|0 fnt\n|faint|p1a: Cinderace\n|\n|-heal|p2a: Iron Crown|143/268 brn|[from] item: Leftovers\n|-damage|p2a: Iron Crown|127/268 brn|[from] brn\n|upkeep\n|\n|t:|1781451455\n|switch|p1a: Sawsbuck|Sawsbuck-Summer, L88, M|284/284\n|turn|21\n|inactive|RENAISSANCE BLAZE has 210 seconds left.\n|inactive|drifttrick has 210 seconds left.\n|\n|t:|1781451494\n|move|p1a: Sawsbuck|High Horsepower|p2a: Iron Crown\n|-supereffective|p2a: Iron Crown\n|-damage|p2a: Iron Crown|0 fnt\n|faint|p2a: Iron Crown\n|-end|p2a: Iron Crown|Quark Drive|[silent]\n|-damage|p1a: Sawsbuck|256/284|[from] item: Life Orb\n|\n|upkeep\n|\n|t:|1781451500\n|switch|p2a: Swanna|Swanna, L89, F|131/278\n|turn|22\n|inactive|drifttrick has 180 seconds left.\n|\n|t:|1781451536\n|switch|p1a: Slowking|Slowking-Galar, L85, M|300/300\n|move|p2a: Swanna|Brave Bird|p1a: Slowking\n|-damage|p1a: Slowking|153/300\n|-damage|p2a: Swanna|82/278|[from] Recoil\n|\n|upkeep\n|turn|23\n|inactive|drifttrick has 180 seconds left.\n|inactive|RENAISSANCE BLAZE has 210 seconds left.\n|\n|t:|1781451545\n|switch|p2a: Qwilfish|Qwilfish-Hisui, L83, F|244/244\n|-ability|p2a: Qwilfish|Intimidate|boost\n|-unboost|p1a: Slowking|atk|1\n|move|p1a: Slowking|Sludge Bomb|p2a: Qwilfish\n|-resisted|p2a: Qwilfish\n|-damage|p2a: Qwilfish|196/244\n|\n|upkeep\n|turn|24\n|\n|t:|1781451552\n|switch|p1a: Sawsbuck|Sawsbuck-Summer, L88, M|256/284\n|move|p2a: Qwilfish|Crunch|p1a: Sawsbuck\n|-damage|p1a: Sawsbuck|160/284\n|\n|upkeep\n|turn|25\n|\n|t:|1781451561\n|switch|p2a: Swanna|Swanna, L89, F|82/278\n|move|p1a: Sawsbuck|Double-Edge|p2a: Swanna\n|-damage|p2a: Swanna|0 fnt\n|faint|p2a: Swanna\n|-damage|p1a: Sawsbuck|133/284|[from] Recoil\n|-damage|p1a: Sawsbuck|105/284|[from] item: Life Orb\n|\n|upkeep\n|inactive|RENAISSANCE BLAZE has 210 seconds left.\n|\n|t:|1781451577\n|switch|p2a: Delphox|Delphox, L84, F|263/263\n|turn|26\n|inactive|RENAISSANCE BLAZE has 210 seconds left.\n|inactive|drifttrick has 180 seconds left.\n|\n|t:|1781451628\n|switch|p1a: Slowking|Slowking-Galar, L85, M|253/300\n|move|p2a: Delphox|Fire Blast|p1a: Slowking|[miss]\n|-miss|p2a: Delphox|p1a: Slowking\n|\n|upkeep\n|turn|27\n|inactive|RENAISSANCE BLAZE has 210 seconds left.\n|\n|t:|1781451639\n|move|p2a: Delphox|Nasty Plot|p2a: Delphox\n|-boost|p2a: Delphox|spa|2\n|move|p1a: Slowking|Surf|p2a: Delphox\n|-supereffective|p2a: Delphox\n|-damage|p2a: Delphox|135/263\n|\n|upkeep\n|turn|28\n|inactive|RENAISSANCE BLAZE has 210 seconds left.\n|inactive|drifttrick has 150 seconds left.\n|\n|t:|1781451676\n|move|p2a: Delphox|Psyshock|p1a: Slowking\n|-crit|p1a: Slowking\n|-damage|p1a: Slowking|0 fnt\n|faint|p1a: Slowking\n|\n|upkeep\n|\n|t:|1781451682\n|switch|p1a: Jumpluff|Jumpluff, L87, F|271/271\n|turn|29\n|c|\u2606RENAISSANCE BLAZE|luck to my rescue\n|\n|t:|1781451691\n|move|p1a: Jumpluff|Acrobatics|p2a: Delphox\n|-damage|p2a: Delphox|39/263\n|move|p2a: Delphox|Fire Blast|p1a: Jumpluff\n|-supereffective|p1a: Jumpluff\n|-damage|p1a: Jumpluff|0 fnt\n|faint|p1a: Jumpluff\n|\n|upkeep\n|\n|t:|1781451694\n|switch|p1a: Sawsbuck|Sawsbuck-Summer, L88, M|105/284\n|turn|30\n|c|\u2606drifttrick|gg\n|inactive|drifttrick has 150 seconds left.\n|-message|drifttrick forfeited.\n|\n|win|RENAISSANCE BLAZE\n|c|\u2606RENAISSANCE BLAZE|gg\n", "inputlog": ">version a8376a258c1d4662feba110a92103f3664a72141\n>start {\"formatid\":\"gen9randombattle\",\"seed\":\"sodium,c5ed0ecc41a0c4fa295b0c0d007465a7\"}\n>player p1 {\"name\":\"drifttrick\",\"avatar\":\"#rbtt9hoopers2\",\"rating\":0,\"seed\":\"sodium,69ffbe8da5a312f5f1da80e47d2f8427\"}\n>player p2 {\"name\":\"RENAISSANCE BLAZE\",\"avatar\":\"benga\",\"rating\":0,\"seed\":\"sodium,712349d20c04236cf79c2d4e09eb4943\"}\n>chat \u2606drifttrick|glhf\n>chat \u2606RENAISSANCE BLAZE|u2\n>p1 move stickyweb\n>p2 move calmmind\n>p1 move circlethrow\n>p2 move tachyoncutter\n>p1 move uturn\n>p2 move bravebird\n>p1 switch 5\n>chat \u2606RENAISSANCE BLAZE|in case this gets famous, i don't think i'm at a high enough level to take this from drifttrick, this time it's only for fun\n>p1 move scald\n>p2 move swordsdance\n>p1 move icebeam terastallize\n>p2 move bravebird\n>p2 switch 4\n>p1 switch 3\n>p2 move focusblast\n>p1 move pyroball\n>p2 switch 6\n>p1 switch 4\n>p2 move defog\n>p1 move psychicnoise\n>p2 switch 5\n>p1 switch 3\n>p2 move crunch\n>p1 move scald\n>p2 switch 6\n>p1 switch 3\n>p2 move psyshock\n>p1 move psychicnoise\n>p2 move calmmind\n>p1 switch 3\n>p2 move psyshock\n>p1 move scald\n>p2 move focusblast\n>p1 switch 4\n>p1 move pyroball\n>p2 switch 5\n>p1 move willowisp\n>p2 switch 3\n>chat \u2606RENAISSANCE BLAZE|oops, there's my potential throw\n>p1 move uturn\n>p2 move tidyup\n>p1 switch 3\n>p1 move psychicnoise\n>p2 move populationbomb\n>p2 switch 5\n>p1 switch 3\n>p2 move psyshock\n>p1 switch 6\n>p1 move highhorsepower\n>p2 move psyshock\n>p2 switch 3\n>p1 switch 3\n>p2 move bravebird\n>p1 move sludgebomb\n>p2 switch 6\n>p1 switch 3\n>p2 move crunch\n>p1 move doubleedge\n>p2 switch 6\n>p2 switch 2\n>p1 switch 3\n>p2 move fireblast\n>p1 move surf\n>p2 move nastyplot\n>p1 move sludgebomb\n>p2 move psyshock\n>p1 switch 2\n>chat \u2606RENAISSANCE BLAZE|luck to my rescue\n>p1 move acrobatics\n>p2 move fireblast\n>p1 switch 3\n>chat \u2606drifttrick|gg\n>forcelose p1", "uploadtime": 1781451701, "views": 11, "formatid": "gen9randombattle", "rating": null, "private": 0, "password": null}