{"id": "gen9randombattle-2631848050", "format": "[Gen 9] Random Battle", "players": ["bulrug", "Glinteighty"], "log": "|j|\u203dbulrug\n|j|\u2606Glinteighty\n|t:|1781447729\n|gametype|singles\n|player|p1|bulrug|burglar|2046\n|player|p2|Glinteighty|102|2010\n|gen|9\n|tier|[Gen 9] Random Battle\n|rated|\n|rule|Species Clause: Limit one of each Pok\u00e9mon\n|rule|HP Percentage Mod: HP is shown in percentages\n|rule|Sleep Clause Mod: Limit one foe put to sleep\n|rule|Illusion Level Mod: Illusion disguises the Pok\u00e9mon's true level\n|\n|t:|1781447729\n|teamsize|p1|6\n|teamsize|p2|6\n|start\n|switch|p1a: Dodrio|Dodrio, L85, F|241/241\n|switch|p2a: Flapple|Flapple, L88, F|266/266\n|turn|1\n|\n|t:|1781447736\n|switch|p2a: Jirachi|Jirachi, L80|291/291\n|move|p1a: Dodrio|Brave Bird|p2a: Jirachi\n|-resisted|p2a: Jirachi\n|-damage|p2a: Jirachi|195/291\n|-damage|p1a: Dodrio|209/241|[from] Recoil\n|\n|-heal|p2a: Jirachi|213/291|[from] item: Leftovers\n|upkeep\n|turn|2\n|\n|t:|1781447752\n|switch|p1a: Regieleki|Regieleki, L79|256/256\n|move|p2a: Jirachi|Wish|p2a: Jirachi\n|\n|-heal|p2a: Jirachi|231/291|[from] item: Leftovers\n|upkeep\n|turn|3\n|\n|t:|1781447757\n|move|p1a: Regieleki|Thunderbolt|p2a: Jirachi\n|-damage|p2a: Jirachi|113/291\n|move|p2a: Jirachi|Psychic|p1a: Regieleki\n|-damage|p1a: Regieleki|120/256\n|\n|-heal|p2a: Jirachi|258/291|[from] move: Wish|[wisher] Jirachi\n|-heal|p2a: Jirachi|276/291|[from] item: Leftovers\n|upkeep\n|turn|4\n|inactive|Battle timer is ON: inactive players will automatically lose when time's up. (requested by bulrug)\n|\n|t:|1781447772\n|switch|p2a: Flapple|Flapple, L88, F|266/266\n|move|p1a: Regieleki|Volt Switch|p2a: Flapple\n|-resisted|p2a: Flapple\n|-damage|p2a: Flapple|232/266\n|\n|t:|1781447781\n|switch|p1a: Dodrio|Dodrio, L85, F|209/241|[from] Volt Switch\n|\n|upkeep\n|turn|5\n|inactive|Glinteighty has 120 seconds left.\n|\n|t:|1781447817\n|move|p1a: Dodrio|Brave Bird|p2a: Flapple\n|-supereffective|p2a: Flapple\n|-damage|p2a: Flapple|0 fnt\n|faint|p2a: Flapple\n|-damage|p1a: Dodrio|132/241|[from] Recoil\n|\n|upkeep\n|\n|t:|1781447844\n|switch|p2a: Jirachi|Jirachi, L80|276/291\n|turn|6\n|\n|t:|1781447873\n|switch|p1a: Goodra|Goodra-Hisui, L82, M|265/265\n|move|p2a: Jirachi|Psychic|p1a: Goodra\n|-resisted|p1a: Goodra\n|-damage|p1a: Goodra|245/265\n|\n|-heal|p2a: Jirachi|291/291|[from] item: Leftovers\n|upkeep\n|turn|7\n|\n|t:|1781447894\n|switch|p2a: Kingdra|Kingdra, L84, F|263/263\n|move|p1a: Goodra|Knock Off|p2a: Kingdra\n|-damage|p2a: Kingdra|202/263\n|-enditem|p2a: Kingdra|Lum Berry|[from] move: Knock Off|[of] p1a: Goodra\n|\n|upkeep\n|turn|8\n|\n|t:|1781447902\n|move|p2a: Kingdra|Dragon Dance|p2a: Kingdra\n|-boost|p2a: Kingdra|atk|1\n|-boost|p2a: Kingdra|spe|1\n|move|p1a: Goodra|Draco Meteor|p2a: Kingdra\n|-supereffective|p2a: Kingdra\n|-damage|p2a: Kingdra|0 fnt\n|-unboost|p1a: Goodra|spa|2\n|faint|p2a: Kingdra\n|\n|upkeep\n|\n|t:|1781447910\n|switch|p2a: Persian|Persian, L92, M|269/269\n|turn|9\n|\n|t:|1781447920\n|move|p2a: Persian|Knock Off|p1a: Goodra\n|-damage|p1a: Goodra|187/265\n|-enditem|p1a: Goodra|Assault Vest|[from] move: Knock Off|[of] p2a: Persian\n|move|p1a: Goodra|Heavy Slam|p2a: Persian\n|-damage|p2a: Persian|128/269\n|\n|upkeep\n|turn|10\n|\n|t:|1781447928\n|move|p2a: Persian|U-turn|p1a: Goodra\n|-resisted|p1a: Goodra\n|-damage|p1a: Goodra|166/265\n|\n|t:|1781447929\n|switch|p2a: Jirachi|Jirachi, L80|291/291|[from] U-turn\n|move|p1a: Goodra|Heavy Slam|p2a: Jirachi\n|-resisted|p2a: Jirachi\n|-damage|p2a: Jirachi|229/291\n|\n|-heal|p2a: Jirachi|247/291|[from] item: Leftovers\n|upkeep\n|turn|11\n|\n|t:|1781447934\n|move|p2a: Jirachi|Iron Head|p1a: Goodra\n|-resisted|p1a: Goodra\n|-damage|p1a: Goodra|129/265\n|cant|p1a: Goodra|flinch\n|\n|-heal|p2a: Jirachi|265/291|[from] item: Leftovers\n|upkeep\n|turn|12\n|\n|t:|1781447940\n|switch|p1a: Blaziken|Blaziken, L76, F|247/247\n|move|p2a: Jirachi|Iron Head|p1a: Blaziken\n|-resisted|p1a: Blaziken\n|-damage|p1a: Blaziken|195/247\n|\n|-heal|p2a: Jirachi|283/291|[from] item: Leftovers\n|upkeep\n|turn|13\n|\n|t:|1781447944\n|move|p2a: Jirachi|Psychic|p1a: Blaziken\n|-supereffective|p1a: Blaziken\n|-damage|p1a: Blaziken|0 fnt\n|faint|p1a: Blaziken\n|\n|-heal|p2a: Jirachi|291/291|[from] item: Leftovers\n|upkeep\n|\n|t:|1781447953\n|switch|p1a: Goodra|Goodra-Hisui, L82, M|129/265\n|turn|14\n|\n|t:|1781447972\n|switch|p2a: Persian|Persian, L92, M|128/269\n|move|p1a: Goodra|Knock Off|p2a: Persian\n|-damage|p2a: Persian|48/269\n|-enditem|p2a: Persian|Silk Scarf|[from] move: Knock Off|[of] p1a: Goodra\n|\n|upkeep\n|turn|15\n|\n|t:|1781448001\n|switch|p1a: Meowstic|Meowstic, L89, M|277/277\n|move|p2a: Persian|Fake Out|p1a: Meowstic\n|-damage|p1a: Meowstic|210/277\n|\n|upkeep\n|turn|16\n|\n|t:|1781448008\n|move|p1a: Meowstic|Reflect|p1a: Meowstic\n|-sidestart|p1: bulrug|Reflect\n|move|p2a: Persian|Knock Off|p1a: Meowstic\n|-supereffective|p1a: Meowstic\n|-damage|p1a: Meowstic|145/277\n|-enditem|p1a: Meowstic|Light Clay|[from] move: Knock Off|[of] p2a: Persian\n|\n|upkeep\n|turn|17\n|\n|t:|1781448011\n|move|p2a: Persian|U-turn|p1a: Meowstic\n|-supereffective|p1a: Meowstic\n|-damage|p1a: Meowstic|95/277\n|\n|t:|1781448016\n|switch|p2a: Braviary|Braviary-Hisui, L85, M|326/326|[from] U-turn\n|move|p1a: Meowstic|Psychic Noise|p2a: Braviary\n|-resisted|p2a: Braviary\n|-damage|p2a: Braviary|278/326\n|-start|p2a: Braviary|move: Heal Block\n|\n|upkeep\n|turn|18\n|\n|t:|1781448024\n|move|p1a: Meowstic|Light Screen|p1a: Meowstic\n|-sidestart|p1: bulrug|move: Light Screen\n|move|p2a: Braviary|Agility|p2a: Braviary\n|-boost|p2a: Braviary|spe|2\n|\n|-end|p2a: Braviary|move: Heal Block\n|upkeep\n|turn|19\n|\n|t:|1781448032\n|move|p2a: Braviary|Agility|p2a: Braviary\n|-boost|p2a: Braviary|spe|2\n|move|p1a: Meowstic|Alluring Voice|p2a: Braviary\n|-damage|p2a: Braviary|213/326\n|-start|p2a: Braviary|confusion\n|\n|upkeep\n|turn|20\n|\n|t:|1781448039\n|switch|p1a: Goodra|Goodra-Hisui, L82, M|129/265\n|-activate|p2a: Braviary|confusion\n|move|p2a: Braviary|Hurricane|p1a: Goodra\n|-resisted|p1a: Goodra\n|-damage|p1a: Goodra|88/265\n|\n|upkeep\n|turn|21\n|\n|t:|1781448048\n|-activate|p2a: Braviary|confusion\n|move|p2a: Braviary|Heat Wave|p1a: Goodra\n|-damage|p1a: Goodra|40/265\n|move|p1a: Goodra|Knock Off|p2a: Braviary\n|-supereffective|p2a: Braviary\n|-damage|p2a: Braviary|55/326\n|-enditem|p2a: Braviary|Life Orb|[from] move: Knock Off|[of] p1a: Goodra\n|\n|upkeep\n|turn|22\n|\n|t:|1781448054\n|-activate|p2a: Braviary|confusion\n|-damage|p2a: Braviary|31/326|[from] confusion\n|move|p1a: Goodra|Heavy Slam|p2a: Braviary\n|-damage|p2a: Braviary|0 fnt\n|faint|p2a: Braviary\n|\n|-sideend|p1: bulrug|move: Light Screen\n|upkeep\n|\n|t:|1781448061\n|switch|p2a: Venomoth|Venomoth, L84, M|255/255\n|turn|23\n|\n|t:|1781448064\n|move|p2a: Venomoth|Bug Buzz|p1a: Goodra\n|-resisted|p1a: Goodra\n|-damage|p1a: Goodra|0 fnt\n|faint|p1a: Goodra\n|\n|-sideend|p1: bulrug|Reflect\n|upkeep\n|\n|t:|1781448069\n|switch|p1a: Dodrio|Dodrio, L85, F|132/241\n|turn|24\n|\n|t:|1781448073\n|switch|p2a: Jirachi|Jirachi, L80|291/291\n|move|p1a: Dodrio|Brave Bird|p2a: Jirachi\n|-resisted|p2a: Jirachi\n|-damage|p2a: Jirachi|192/291\n|-damage|p1a: Dodrio|99/241|[from] Recoil\n|\n|-heal|p2a: Jirachi|210/291|[from] item: Leftovers\n|upkeep\n|turn|25\n|\n|t:|1781448078\n|switch|p1a: Meowstic|Meowstic, L89, M|95/277\n|move|p2a: Jirachi|Iron Head|p1a: Meowstic\n|-damage|p1a: Meowstic|11/277\n|\n|-heal|p2a: Jirachi|228/291|[from] item: Leftovers\n|upkeep\n|turn|26\n|\n|t:|1781448085\n|move|p1a: Meowstic|Reflect|p1a: Meowstic\n|-sidestart|p1: bulrug|Reflect\n|move|p2a: Jirachi|Wish|p2a: Jirachi\n|\n|-heal|p2a: Jirachi|246/291|[from] item: Leftovers\n|upkeep\n|turn|27\n|\n|t:|1781448088\n|switch|p2a: Persian|Persian, L92, M|48/269\n|move|p1a: Meowstic|Psychic Noise|p2a: Persian\n|-damage|p2a: Persian|0 fnt\n|faint|p2a: Persian\n|\n|upkeep\n|\n|t:|1781448094\n|switch|p2a: Jirachi|Jirachi, L80|246/291\n|turn|28\n|\n|t:|1781448098\n|move|p1a: Meowstic|Psychic Noise|p2a: Jirachi\n|-resisted|p2a: Jirachi\n|-damage|p2a: Jirachi|226/291\n|-start|p2a: Jirachi|move: Heal Block\n|cant|p2a: Jirachi|move: Heal Block|Wish\n|\n|upkeep\n|turn|29\n|\n|t:|1781448111\n|move|p1a: Meowstic|Light Screen|p1a: Meowstic\n|-sidestart|p1: bulrug|move: Light Screen\n|move|p2a: Jirachi|Psychic|p1a: Meowstic\n|-resisted|p1a: Meowstic\n|-damage|p1a: Meowstic|0 fnt\n|faint|p1a: Meowstic\n|\n|-end|p2a: Jirachi|move: Heal Block\n|upkeep\n|\n|t:|1781448114\n|switch|p1a: Blastoise|Blastoise, L80, M|258/258\n|turn|30\n|\n|t:|1781448120\n|move|p2a: Jirachi|Psychic|p1a: Blastoise\n|-damage|p1a: Blastoise|216/258\n|move|p1a: Blastoise|Shell Smash|p1a: Blastoise\n|-unboost|p1a: Blastoise|def|1\n|-unboost|p1a: Blastoise|spd|1\n|-boost|p1a: Blastoise|atk|2\n|-boost|p1a: Blastoise|spa|2\n|-boost|p1a: Blastoise|spe|2\n|-enditem|p1a: Blastoise|White Herb\n|-clearnegativeboost|p1a: Blastoise|[silent]\n|\n|-heal|p2a: Jirachi|244/291|[from] item: Leftovers\n|-sideend|p1: bulrug|Reflect\n|upkeep\n|turn|31\n|\n|t:|1781448134\n|move|p2a: Jirachi|Protect|p2a: Jirachi\n|-singleturn|p2a: Jirachi|Protect\n|move|p1a: Blastoise|Earthquake|p2a: Jirachi\n|-activate|p2a: Jirachi|move: Protect\n|\n|-heal|p2a: Jirachi|262/291|[from] item: Leftovers\n|upkeep\n|turn|32\n|\n|t:|1781448139\n|-terastallize|p2a: Jirachi|Water\n|move|p1a: Blastoise|Shell Smash|p1a: Blastoise\n|-unboost|p1a: Blastoise|def|1\n|-unboost|p1a: Blastoise|spd|1\n|-boost|p1a: Blastoise|atk|2\n|-boost|p1a: Blastoise|spa|2\n|-boost|p1a: Blastoise|spe|2\n|move|p2a: Jirachi|Psychic|p1a: Blastoise\n|-damage|p1a: Blastoise|151/258\n|\n|-heal|p2a: Jirachi|280/291|[from] item: Leftovers\n|upkeep\n|turn|33\n|\n|t:|1781448149\n|move|p1a: Blastoise|Earthquake|p2a: Jirachi\n|-damage|p2a: Jirachi|118/291\n|move|p2a: Jirachi|Wish|p2a: Jirachi\n|\n|-heal|p2a: Jirachi|136/291|[from] item: Leftovers\n|-sideend|p1: bulrug|move: Light Screen\n|upkeep\n|turn|34\n|\n|t:|1781448156\n|move|p2a: Jirachi|Protect|p2a: Jirachi\n|-singleturn|p2a: Jirachi|Protect\n|move|p1a: Blastoise|Earthquake|p2a: Jirachi\n|-activate|p2a: Jirachi|move: Protect\n|\n|-heal|p2a: Jirachi|281/291|[from] move: Wish|[wisher] Jirachi\n|-heal|p2a: Jirachi|291/291|[from] item: Leftovers\n|upkeep\n|turn|35\n|\n|t:|1781448158\n|move|p1a: Blastoise|Earthquake|p2a: Jirachi\n|-damage|p2a: Jirachi|139/291\n|move|p2a: Jirachi|Psychic|p1a: Blastoise\n|-damage|p1a: Blastoise|31/258\n|\n|-heal|p2a: Jirachi|157/291|[from] item: Leftovers\n|upkeep\n|turn|36\n|\n|t:|1781448164\n|-terastallize|p1a: Blastoise|Ground\n|move|p2a: Jirachi|Protect|p2a: Jirachi\n|-singleturn|p2a: Jirachi|Protect\n|move|p1a: Blastoise|Earthquake|p2a: Jirachi\n|-activate|p2a: Jirachi|move: Protect\n|\n|-heal|p2a: Jirachi|175/291|[from] item: Leftovers\n|upkeep\n|turn|37\n|\n|t:|1781448173\n|move|p1a: Blastoise|Earthquake|p2a: Jirachi\n|-damage|p2a: Jirachi|0 fnt\n|faint|p2a: Jirachi\n|\n|upkeep\n|\n|t:|1781448174\n|switch|p2a: Venomoth|Venomoth, L84, M|255/255\n|turn|38\n|\n|t:|1781448180\n|move|p1a: Blastoise|Earthquake|p2a: Venomoth\n|-damage|p2a: Venomoth|0 fnt\n|faint|p2a: Venomoth\n|\n|win|bulrug\n", "inputlog": ">version a8376a258c1d4662feba110a92103f3664a72141\n>start {\"formatid\":\"gen9randombattle\",\"seed\":\"sodium,1b331a3f5d75a969c54010258fb2ce7d\",\"rated\":\"Rated battle\"}\n>player p1 {\"name\":\"bulrug\",\"avatar\":\"burglar\",\"rating\":2046,\"seed\":\"sodium,847bfab86761116a5c18be5e9068be1d\"}\n>player p2 {\"name\":\"Glinteighty\",\"avatar\":\"102\",\"rating\":2010,\"seed\":\"sodium,a735bed34a7b3dd6146479944700b139\"}\n>p1 move bravebird\n>p2 switch 2\n>p1 switch 4\n>p2 move wish\n>p1 move thunderbolt\n>p2 move psychic\n>p1 move voltswitch\n>p2 switch 2\n>p1 switch 4\n>p1 move bravebird\n>p2 move dragondance\n>p2 switch 2\n>p1 switch 3\n>p2 move psychic\n>p1 move knockoff\n>p2 switch 5\n>p1 move dracometeor\n>p2 move dragondance\n>p2 switch 4\n>p1 move heavyslam\n>p2 move knockoff\n>p1 move heavyslam\n>p2 move uturn\n>p2 switch 5\n>p1 move knockoff\n>p2 move ironhead\n>p1 switch 2\n>p2 move ironhead\n>p1 move swordsdance\n>p2 move psychic\n>p1 switch 2\n>p1 move knockoff\n>p2 switch 5\n>p1 switch 6\n>p2 move fakeout\n>p1 move reflect\n>p2 move knockoff\n>p1 move psychicnoise\n>p2 move uturn\n>p2 switch 3\n>p1 move lightscreen\n>p2 move agility\n>p1 move alluringvoice\n>p2 move agility\n>p1 switch 6\n>p2 move hurricane\n>p1 move knockoff\n>p2 move heatwave\n>p1 move heavyslam\n>p2 move heatwave\n>p2 switch 6\n>p1 move heavyslam\n>p2 move bugbuzz\n>p1 switch 3\n>p1 move bravebird\n>p2 switch 5\n>p1 switch 6\n>p2 move ironhead\n>p1 move reflect\n>p2 move wish\n>p1 move psychicnoise\n>p2 switch 3\n>p2 switch 3\n>p1 move psychicnoise\n>p2 move wish\n>p1 move lightscreen\n>p2 move psychic\n>p1 switch 5\n>p1 move shellsmash\n>p2 move psychic\n>p1 move earthquake\n>p2 move protect\n>p1 move shellsmash\n>p2 move psychic terastallize\n>p1 move earthquake\n>p2 move wish\n>p1 move earthquake\n>p2 move protect\n>p1 move earthquake\n>p2 move psychic\n>p1 move earthquake terastallize\n>p2 move protect\n>p1 move earthquake\n>p2 move psychic\n>p2 switch 5\n>p1 move earthquake\n>p2 move sludgewave", "uploadtime": 1781447732, "views": 7, "formatid": "gen9randombattle", "rating": null, "private": 0, "password": null}