{"id": "gen9randombattle-2632022333", "format": "[Gen 9] Random Battle", "players": ["soccrbeast888", "crustlemuscle"], "log": "|j|\u2606soccrbeast888\n|j|\u2606crustlemuscle\n|t:|1781466938\n|gametype|singles\n|player|p1|soccrbeast888|rancher|2002\n|player|p2|crustlemuscle|170|1949\n|gen|9\n|tier|[Gen 9] Random Battle\n|rated|\n|rule|Species Clause: Limit one of each Pok\u00e9mon\n|rule|HP Percentage Mod: HP is shown in percentages\n|rule|Sleep Clause Mod: Limit one foe put to sleep\n|rule|Illusion Level Mod: Illusion disguises the Pok\u00e9mon's true level\n|\n|t:|1781466938\n|teamsize|p1|6\n|teamsize|p2|6\n|start\n|switch|p1a: Sudowoodo|Sudowoodo, L94, M|284/284\n|switch|p2a: Galvantula|Galvantula, L82, M|249/249\n|turn|1\n|\n|t:|1781466947\n|switch|p2a: Mightyena|Mightyena, L96, F|290/290\n|-ability|p2a: Mightyena|Intimidate|boost\n|-unboost|p1a: Sudowoodo|atk|1\n|move|p1a: Sudowoodo|Stealth Rock|p2a: Mightyena\n|-sidestart|p2: crustlemuscle|move: Stealth Rock\n|\n|upkeep\n|turn|2\n|\n|t:|1781466959\n|switch|p1a: Brute Bonnet|Brute Bonnet, L80|309/309\n|move|p2a: Mightyena|Crunch|p1a: Brute Bonnet\n|-resisted|p1a: Brute Bonnet\n|-damage|p1a: Brute Bonnet|237/309\n|\n|-heal|p1a: Brute Bonnet|256/309|[from] item: Leftovers\n|upkeep\n|turn|3\n|\n|t:|1781466969\n|switch|p2a: Galvantula|Galvantula, L82, M|249/249\n|-damage|p2a: Galvantula|187/249|[from] Stealth Rock\n|move|p1a: Brute Bonnet|Spore|p2a: Galvantula\n|-status|p2a: Galvantula|slp|[from] move: Spore\n|\n|-heal|p1a: Brute Bonnet|275/309|[from] item: Leftovers\n|upkeep\n|turn|4\n|\n|t:|1781466990\n|cant|p2a: Galvantula|slp\n|move|p1a: Brute Bonnet|Crunch|p2a: Galvantula\n|-damage|p2a: Galvantula|51/249 slp\n|\n|-heal|p1a: Brute Bonnet|294/309|[from] item: Leftovers\n|upkeep\n|turn|5\n|\n|t:|1781466998\n|move|p1a: Brute Bonnet|Sucker Punch|p2a: Galvantula\n|-damage|p2a: Galvantula|0 fnt\n|faint|p2a: Galvantula\n|\n|-heal|p1a: Brute Bonnet|309/309|[from] item: Leftovers\n|upkeep\n|\n|t:|1781467010\n|switch|p2a: Articuno|Articuno-Galar, L84|288/288\n|turn|6\n|\n|t:|1781467017\n|-end|p1a: Brute Bonnet|Protosynthesis|[silent]\n|switch|p1a: Sudowoodo|Sudowoodo, L94, M|284/284\n|move|p2a: Articuno|Hurricane|p1a: Sudowoodo\n|-resisted|p1a: Sudowoodo\n|-damage|p1a: Sudowoodo|201/284\n|-start|p1a: Sudowoodo|confusion\n|\n|-heal|p1a: Sudowoodo|218/284|[from] item: Leftovers\n|upkeep\n|turn|7\n|\n|t:|1781467025\n|switch|p2a: Mightyena|Mightyena, L96, F|290/290\n|-damage|p2a: Mightyena|254/290|[from] Stealth Rock\n|-ability|p2a: Mightyena|Intimidate|boost\n|-unboost|p1a: Sudowoodo|atk|1\n|-activate|p1a: Sudowoodo|confusion\n|-damage|p1a: Sudowoodo|199/284|[from] confusion\n|\n|-heal|p1a: Sudowoodo|216/284|[from] item: Leftovers\n|upkeep\n|turn|8\n|\n|t:|1781467046\n|switch|p1a: Brute Bonnet|Brute Bonnet, L80|309/309\n|move|p2a: Mightyena|Poison Fang|p1a: Brute Bonnet\n|-supereffective|p1a: Brute Bonnet\n|-damage|p1a: Brute Bonnet|183/309\n|-status|p1a: Brute Bonnet|tox\n|\n|-heal|p1a: Brute Bonnet|202/309 tox|[from] item: Leftovers\n|-damage|p1a: Brute Bonnet|183/309 tox|[from] psn\n|upkeep\n|turn|9\n|\n|t:|1781467062\n|move|p2a: Mightyena|Poison Fang|p1a: Brute Bonnet\n|-supereffective|p1a: Brute Bonnet\n|-damage|p1a: Brute Bonnet|53/309 tox\n|move|p1a: Brute Bonnet|Spore|p2a: Mightyena\n|-status|p2a: Mightyena|slp|[from] move: Spore\n|\n|-heal|p1a: Brute Bonnet|72/309 tox|[from] item: Leftovers\n|-damage|p1a: Brute Bonnet|34/309 tox|[from] psn\n|upkeep\n|turn|10\n|\n|t:|1781467070\n|cant|p2a: Mightyena|slp\n|move|p1a: Brute Bonnet|Seed Bomb|p2a: Mightyena\n|-damage|p2a: Mightyena|158/290 slp\n|\n|-heal|p1a: Brute Bonnet|53/309 tox|[from] item: Leftovers\n|-damage|p1a: Brute Bonnet|0 fnt|[from] psn\n|faint|p1a: Brute Bonnet\n|-end|p1a: Brute Bonnet|Protosynthesis|[silent]\n|upkeep\n|\n|t:|1781467089\n|switch|p1a: Smeargle|Smeargle, L95, F|258/258\n|turn|11\n|\n|t:|1781467104\n|switch|p2a: Tatsugiri|Tatsugiri, L87, F|260/260\n|move|p1a: Smeargle|Sticky Web|p2a: Tatsugiri\n|-sidestart|p2: crustlemuscle|move: Sticky Web\n|\n|upkeep\n|turn|12\n|\n|t:|1781467122\n|switch|p1a: Munkidori|Munkidori, L79, M|269/269\n|move|p2a: Tatsugiri|Rapid Spin|p1a: Munkidori\n|-damage|p1a: Munkidori|241/269\n|-boost|p2a: Tatsugiri|spe|1\n|-sideend|p2: crustlemuscle|Stealth Rock|[from] move: Rapid Spin|[of] p2a: Tatsugiri\n|-sideend|p2: crustlemuscle|Sticky Web|[from] move: Rapid Spin|[of] p2a: Tatsugiri\n|\n|upkeep\n|turn|13\n|\n|t:|1781467138\n|move|p2a: Tatsugiri|Nasty Plot|p2a: Tatsugiri\n|-boost|p2a: Tatsugiri|spa|2\n|move|p1a: Munkidori|U-turn|p2a: Tatsugiri\n|-damage|p2a: Tatsugiri|214/260\n|\n|t:|1781467172\n|switch|p1a: Smeargle|Smeargle, L95, F|258/258|[from] U-turn\n|\n|upkeep\n|turn|14\n|\n|t:|1781467185\n|move|p2a: Tatsugiri|Hydro Pump|p1a: Smeargle\n|-enditem|p1a: Smeargle|Focus Sash\n|-damage|p1a: Smeargle|1/258\n|move|p1a: Smeargle|Whirlwind|p2a: Tatsugiri\n|drag|p2a: Articuno|Articuno-Galar, L84|288/288\n|\n|upkeep\n|turn|15\n|\n|t:|1781467194\n|move|p2a: Articuno|Freezing Glare|p1a: Smeargle\n|-damage|p1a: Smeargle|0 fnt\n|faint|p1a: Smeargle\n|\n|upkeep\n|\n|t:|1781467199\n|switch|p1a: Sudowoodo|Sudowoodo, L94, M|216/284\n|turn|16\n|\n|t:|1781467202\n|switch|p2a: Mightyena|Mightyena, L96, F|158/290 slp\n|-ability|p2a: Mightyena|Intimidate|boost\n|-unboost|p1a: Sudowoodo|atk|1\n|move|p1a: Sudowoodo|Head Smash|p2a: Mightyena\n|-damage|p2a: Mightyena|31/290 slp\n|\n|-heal|p1a: Sudowoodo|233/284|[from] item: Leftovers\n|upkeep\n|turn|17\n|\n|t:|1781467225\n|cant|p2a: Mightyena|slp\n|move|p1a: Sudowoodo|Wood Hammer|p2a: Mightyena\n|-damage|p2a: Mightyena|0 fnt\n|faint|p2a: Mightyena\n|\n|-heal|p1a: Sudowoodo|250/284|[from] item: Leftovers\n|upkeep\n|\n|t:|1781467232\n|switch|p2a: Tatsugiri|Tatsugiri, L87, F|214/260\n|turn|18\n|\n|t:|1781467242\n|move|p2a: Tatsugiri|Hydro Pump|p1a: Sudowoodo|[miss]\n|-miss|p2a: Tatsugiri|p1a: Sudowoodo\n|move|p1a: Sudowoodo|Head Smash|p2a: Tatsugiri|[miss]\n|-miss|p1a: Sudowoodo|p2a: Tatsugiri\n|\n|-heal|p1a: Sudowoodo|267/284|[from] item: Leftovers\n|upkeep\n|turn|19\n|\n|t:|1781467257\n|switch|p1a: Bellossom|Bellossom, L84, F|263/263\n|move|p2a: Tatsugiri|Hydro Pump|p1a: Bellossom\n|-resisted|p1a: Bellossom\n|-damage|p1a: Bellossom|194/263\n|\n|-heal|p1a: Bellossom|210/263|[from] item: Leftovers\n|upkeep\n|turn|20\n|\n|t:|1781467266\n|switch|p2a: Giratina|Giratina-Origin, L72|335/335\n|move|p1a: Bellossom|Quiver Dance|p1a: Bellossom\n|-boost|p1a: Bellossom|spa|1\n|-boost|p1a: Bellossom|spd|1\n|-boost|p1a: Bellossom|spe|1\n|\n|-heal|p1a: Bellossom|226/263|[from] item: Leftovers\n|upkeep\n|turn|21\n|\n|t:|1781467313\n|move|p1a: Bellossom|Strength Sap|p2a: Giratina\n|-unboost|p2a: Giratina|atk|1\n|-heal|p1a: Bellossom|263/263\n|move|p2a: Giratina|Dragon Tail|p1a: Bellossom\n|-damage|p1a: Bellossom|221/263\n|drag|p1a: Sudowoodo|Sudowoodo, L94, M|267/284\n|\n|-heal|p1a: Sudowoodo|284/284|[from] item: Leftovers\n|upkeep\n|turn|22\n|\n|t:|1781467352\n|move|p2a: Giratina|Draco Meteor|p1a: Sudowoodo|[miss]\n|-miss|p2a: Giratina|p1a: Sudowoodo\n|move|p1a: Sudowoodo|Head Smash|p2a: Giratina\n|-damage|p2a: Giratina|125/335\n|\n|upkeep\n|turn|23\n|\n|t:|1781467374\n|move|p1a: Sudowoodo|Sucker Punch|p2a: Giratina\n|-supereffective|p2a: Giratina\n|-damage|p2a: Giratina|0 fnt\n|faint|p2a: Giratina\n|\n|upkeep\n|\n|t:|1781467381\n|switch|p2a: Tatsugiri|Tatsugiri, L87, F|214/260\n|turn|24\n|\n|t:|1781467396\n|switch|p1a: Bellossom|Bellossom, L84, F|221/263\n|move|p2a: Tatsugiri|Hydro Pump|p1a: Bellossom\n|-resisted|p1a: Bellossom\n|-damage|p1a: Bellossom|152/263\n|\n|-heal|p1a: Bellossom|168/263|[from] item: Leftovers\n|upkeep\n|turn|25\n|\n|t:|1781467407\n|switch|p2a: Articuno|Articuno-Galar, L84|288/288\n|move|p1a: Bellossom|Giga Drain|p2a: Articuno\n|-resisted|p2a: Articuno\n|-damage|p2a: Articuno|256/288\n|-heal|p1a: Bellossom|184/263|[from] drain|[of] p2a: Articuno\n|\n|-heal|p1a: Bellossom|200/263|[from] item: Leftovers\n|upkeep\n|turn|26\n|\n|t:|1781467443\n|switch|p1a: Munkidori|Munkidori, L79, M|241/269\n|move|p2a: Articuno|Calm Mind|p2a: Articuno\n|-boost|p2a: Articuno|spa|1\n|-boost|p2a: Articuno|spd|1\n|\n|upkeep\n|turn|27\n|\n|t:|1781467454\n|move|p1a: Munkidori|Fake Out|p2a: Articuno\n|-damage|p2a: Articuno|233/288\n|-status|p2a: Articuno|tox|[from] ability: Toxic Chain|[of] p1a: Munkidori\n|cant|p2a: Articuno|flinch\n|\n|-damage|p2a: Articuno|215/288 tox|[from] psn\n|upkeep\n|turn|28\n|\n|t:|1781467484\n|move|p1a: Munkidori|U-turn|p2a: Articuno\n|-damage|p2a: Articuno|180/288 tox\n|\n|t:|1781467488\n|switch|p1a: Sudowoodo|Sudowoodo, L94, M|284/284|[from] U-turn\n|move|p2a: Articuno|Hurricane|p1a: Sudowoodo|[miss]\n|-miss|p2a: Articuno|p1a: Sudowoodo\n|\n|-damage|p2a: Articuno|144/288 tox|[from] psn\n|upkeep\n|turn|29\n|\n|t:|1781467510\n|switch|p1a: Munkidori|Munkidori, L79, M|241/269\n|move|p2a: Articuno|Recover|p2a: Articuno\n|-heal|p2a: Articuno|288/288 tox\n|\n|-damage|p2a: Articuno|234/288 tox|[from] psn\n|upkeep\n|turn|30\n|\n|t:|1781467516\n|switch|p2a: Dusknoir|Dusknoir, L89, M|225/225\n|-item|p1a: Munkidori|Assault Vest|[from] ability: Frisk|[of] p2a: Dusknoir\n|move|p1a: Munkidori|Fake Out|p2a: Dusknoir\n|-immune|p2a: Dusknoir\n|\n|upkeep\n|turn|31\n|\n|t:|1781467537\n|move|p1a: Munkidori|U-turn|p2a: Dusknoir\n|-resisted|p2a: Dusknoir\n|-damage|p2a: Dusknoir|213/225\n|-status|p2a: Dusknoir|tox|[from] ability: Toxic Chain|[of] p1a: Munkidori\n|\n|t:|1781467542\n|switch|p1a: Bellossom|Bellossom, L84, F|200/263|[from] U-turn\n|move|p2a: Dusknoir|Poltergeist|p1a: Bellossom\n|-activate|p1a: Bellossom|move: Poltergeist|Leftovers\n|-damage|p1a: Bellossom|11/263\n|\n|-heal|p1a: Bellossom|27/263|[from] item: Leftovers\n|-damage|p2a: Dusknoir|199/225 tox|[from] psn\n|upkeep\n|turn|32\n|\n|t:|1781467566\n|switch|p2a: Articuno|Articuno-Galar, L84|234/288 tox\n|move|p1a: Bellossom|Strength Sap|p2a: Articuno\n|-unboost|p2a: Articuno|atk|1\n|-ability|p2a: Articuno|Competitive|boost\n|-boost|p2a: Articuno|spa|2\n|-heal|p1a: Bellossom|174/263\n|\n|-heal|p1a: Bellossom|190/263|[from] item: Leftovers\n|-damage|p2a: Articuno|216/288 tox|[from] psn\n|upkeep\n|turn|33\n|\n|t:|1781467595\n|move|p2a: Articuno|Hurricane|p1a: Bellossom\n|-supereffective|p1a: Bellossom\n|-damage|p1a: Bellossom|0 fnt\n|faint|p1a: Bellossom\n|\n|-damage|p2a: Articuno|180/288 tox|[from] psn\n|upkeep\n|\n|t:|1781467606\n|switch|p1a: Munkidori|Munkidori, L79, M|241/269\n|turn|34\n|\n|t:|1781467621\n|move|p1a: Munkidori|Psychic Noise|p2a: Articuno\n|-resisted|p2a: Articuno\n|-damage|p2a: Articuno|141/288 tox\n|-start|p2a: Articuno|move: Heal Block\n|move|p2a: Articuno|Hurricane|p1a: Munkidori|[miss]\n|-miss|p2a: Articuno|p1a: Munkidori\n|\n|-damage|p2a: Articuno|87/288 tox|[from] psn\n|upkeep\n|turn|35\n|\n|t:|1781467632\n|move|p1a: Munkidori|Sludge Wave|p2a: Articuno\n|-damage|p2a: Articuno|0 fnt\n|faint|p2a: Articuno\n|\n|upkeep\n|\n|t:|1781467638\n|switch|p2a: Dusknoir|Dusknoir, L89, M|199/225 tox\n|-item|p1a: Munkidori|Assault Vest|[from] ability: Frisk|[of] p2a: Dusknoir\n|turn|36\n|\n|t:|1781467675\n|switch|p1a: Lokix|Lokix, L82, F|251/251\n|move|p2a: Dusknoir|Poltergeist|p1a: Lokix\n|-activate|p1a: Lokix|move: Poltergeist|Life Orb\n|-resisted|p1a: Lokix\n|-damage|p1a: Lokix|143/251\n|\n|-damage|p2a: Dusknoir|185/225 tox|[from] psn\n|upkeep\n|turn|37\n|\n|t:|1781467684\n|move|p1a: Lokix|Knock Off|p2a: Dusknoir\n|-supereffective|p2a: Dusknoir\n|-damage|p2a: Dusknoir|6/225 tox\n|-enditem|p2a: Dusknoir|Choice Band|[from] move: Knock Off|[of] p1a: Lokix\n|-damage|p1a: Lokix|118/251|[from] item: Life Orb\n|move|p2a: Dusknoir|Poltergeist|p1a: Lokix\n|-activate|p1a: Lokix|move: Poltergeist|Life Orb\n|-resisted|p1a: Lokix\n|-crit|p1a: Lokix\n|-damage|p1a: Lokix|16/251\n|\n|-damage|p2a: Dusknoir|0 fnt|[from] psn\n|faint|p2a: Dusknoir\n|upkeep\n|\n|t:|1781467695\n|switch|p2a: Tatsugiri|Tatsugiri, L87, F|214/260\n|turn|38\n|\n|t:|1781467706\n|-terastallize|p1a: Lokix|Bug\n|move|p1a: Lokix|Leech Life|p2a: Tatsugiri\n|-damage|p2a: Tatsugiri|24/260\n|-heal|p1a: Lokix|111/251|[from] drain|[of] p2a: Tatsugiri\n|-damage|p1a: Lokix|86/251|[from] item: Life Orb\n|move|p2a: Tatsugiri|Rapid Spin|p1a: Lokix\n|-damage|p1a: Lokix|61/251\n|-boost|p2a: Tatsugiri|spe|1\n|\n|upkeep\n|turn|39\n|\n|t:|1781467715\n|switch|p1a: Munkidori|Munkidori, L79, M|241/269\n|move|p2a: Tatsugiri|Nasty Plot|p2a: Tatsugiri\n|-boost|p2a: Tatsugiri|spa|2\n|\n|upkeep\n|turn|40\n|\n|t:|1781467721\n|move|p1a: Munkidori|Fake Out|p2a: Tatsugiri\n|-damage|p2a: Tatsugiri|0 fnt\n|faint|p2a: Tatsugiri\n|\n|win|soccrbeast888\n", "inputlog": ">version a8376a258c1d4662feba110a92103f3664a72141\n>start {\"formatid\":\"gen9randombattle\",\"seed\":\"sodium,c707b46e0b2a56c2724e4e54b914099e\",\"rated\":\"Rated battle\"}\n>player p1 {\"name\":\"soccrbeast888\",\"avatar\":\"rancher\",\"rating\":2002,\"seed\":\"sodium,24101551343597feca837eb071aa208e\"}\n>player p2 {\"name\":\"crustlemuscle\",\"avatar\":\"170\",\"rating\":1949,\"seed\":\"sodium,49cecdd3de33b63ab95401e1e131a166\"}\n>p1 move stealthrock\n>p2 switch 6\n>p1 switch 4\n>p2 move crunch\n>p1 move spore\n>p2 switch 6\n>p1 move crunch\n>p2 move stickyweb\n>p1 move suckerpunch\n>p2 move bugbuzz\n>p2 switch 2\n>p1 switch 4\n>p2 move hurricane\n>p1 move headsmash\n>p2 switch 6\n>p1 switch 4\n>p2 move poisonfang\n>p1 move spore\n>p2 move poisonfang\n>p1 move seedbomb\n>p2 move poisonfang\n>p1 switch 3\n>p1 move stickyweb\n>p2 switch 5\n>p1 switch 2\n>p2 move rapidspin\n>p1 move uturn\n>p2 move nastyplot\n>p1 switch 2\n>p1 move whirlwind\n>p2 move hydropump\n>p1 move ceaselessedge\n>p2 move freezingglare\n>p1 switch 4\n>p1 move headsmash\n>p2 switch 5\n>p1 move woodhammer\n>p2 move crunch\n>p2 switch 6\n>p1 move headsmash\n>p2 move hydropump\n>p1 switch 6\n>p2 move hydropump\n>p1 move quiverdance\n>p2 switch 3\n>p1 move strengthsap\n>p2 move dragontail\n>p1 move headsmash\n>p2 move dracometeor\n>p1 move suckerpunch\n>p2 move dracometeor\n>p2 switch 3\n>p1 switch 6\n>p2 move hydropump\n>p1 move gigadrain\n>p2 switch 5\n>p1 switch 2\n>p2 move calmmind\n>p1 move fakeout\n>p2 move hurricane\n>p1 move uturn\n>p2 move hurricane\n>p1 switch 6\n>p1 switch 6\n>p2 move recover\n>p1 move fakeout\n>p2 switch 4\n>p1 move uturn\n>p2 move poltergeist\n>p1 switch 2\n>p1 move strengthsap\n>p2 switch 4\n>p1 move quiverdance\n>p2 move hurricane\n>p1 switch 2\n>p1 move psychicnoise\n>p2 move hurricane\n>p1 move sludgewave\n>p2 move hurricane\n>p2 switch 4\n>p1 switch 5\n>p2 move poltergeist\n>p1 move knockoff\n>p2 move poltergeist\n>p2 switch 5\n>p1 move leechlife terastallize\n>p2 move rapidspin\n>p1 switch 5\n>p2 move nastyplot\n>p1 move fakeout\n>p2 move hydropump", "uploadtime": 1781466940, "views": 4, "formatid": "gen9randombattle", "rating": null, "private": 0, "password": null}