{"id": "gen9randombattle-2631517872", "format": "[Gen 9] Random Battle", "players": ["Hose7Tango", "Node"], "log": "|j|\u2606Hose7Tango\n|j|\u2606Node\n|t:|1781395498\n|gametype|singles\n|player|p1|Hose7Tango|hiker-gen4|2159\n|player|p2|Node|#rbtt9phantoms2|2232\n|gen|9\n|tier|[Gen 9] Random Battle\n|rated|\n|rule|Species Clause: Limit one of each Pok\u00e9mon\n|rule|HP Percentage Mod: HP is shown in percentages\n|rule|Sleep Clause Mod: Limit one foe put to sleep\n|rule|Illusion Level Mod: Illusion disguises the Pok\u00e9mon's true level\n|\n|t:|1781395498\n|teamsize|p1|6\n|teamsize|p2|6\n|start\n|switch|p1a: Chimecho|Chimecho, L93, M|290/290\n|switch|p2a: Spiritomb|Spiritomb, L89, F|234/234\n|turn|1\n|j| rufoush\n|\n|t:|1781395511\n|switch|p1a: Dachsbun|Dachsbun, L92, F|254/254\n|move|p2a: Spiritomb|Will-O-Wisp|p1a: Dachsbun\n|-ability|p1a: Dachsbun|Well-Baked Body|boost\n|-boost|p1a: Dachsbun|def|2\n|\n|upkeep\n|turn|2\n|\n|t:|1781395519\n|switch|p2a: Vespiquen|Vespiquen, L99, F|299/299\n|-ability|p2a: Vespiquen|Pressure\n|move|p1a: Dachsbun|Wish|p1a: Dachsbun\n|\n|upkeep\n|turn|3\n|\n|t:|1781395528\n|switch|p1a: Cobalion|Cobalion, L80|277/277\n|move|p2a: Vespiquen|Toxic Spikes|p1a: Cobalion\n|-sidestart|p1: Hose7Tango|move: Toxic Spikes\n|\n|upkeep\n|turn|4\n|inactive|Battle timer is ON: inactive players will automatically lose when time's up. (requested by Node)\n|\n|t:|1781395535\n|move|p1a: Cobalion|Thunder Wave|p2a: Vespiquen\n|-status|p2a: Vespiquen|par\n|move|p2a: Vespiquen|U-turn|p1a: Cobalion\n|-resisted|p1a: Cobalion\n|-damage|p1a: Cobalion|262/277\n|\n|t:|1781395539\n|switch|p2a: Spiritomb|Spiritomb, L89, F|234/234|[from] U-turn\n|\n|-heal|p1a: Cobalion|277/277|[from] item: Leftovers\n|upkeep\n|turn|5\n|\n|t:|1781395545\n|move|p1a: Cobalion|Thunder Wave|p2a: Spiritomb\n|-status|p2a: Spiritomb|par\n|move|p2a: Spiritomb|Will-O-Wisp|p1a: Cobalion\n|-status|p1a: Cobalion|brn\n|\n|-damage|p1a: Cobalion|260/277 brn|[from] brn\n|upkeep\n|turn|6\n|\n|t:|1781395553\n|move|p1a: Cobalion|Stealth Rock|p2a: Spiritomb\n|-sidestart|p2: Node|move: Stealth Rock\n|cant|p2a: Spiritomb|par\n|\n|-heal|p1a: Cobalion|277/277 brn|[from] item: Leftovers\n|-damage|p1a: Cobalion|260/277 brn|[from] brn\n|upkeep\n|turn|7\n|\n|t:|1781395561\n|move|p1a: Cobalion|Iron Head|p2a: Spiritomb\n|-crit|p2a: Spiritomb\n|-damage|p2a: Spiritomb|186/234 par\n|move|p2a: Spiritomb|Poltergeist|p1a: Cobalion\n|-activate|p1a: Cobalion|move: Poltergeist|Leftovers\n|-crit|p1a: Cobalion\n|-damage|p1a: Cobalion|104/277 brn\n|\n|-heal|p1a: Cobalion|121/277 brn|[from] item: Leftovers\n|-heal|p2a: Spiritomb|200/234 par|[from] item: Leftovers\n|-damage|p1a: Cobalion|104/277 brn|[from] brn\n|upkeep\n|turn|8\n|j| KlausUnbound\n|inactive|Node has 120 seconds left.\n|\n|t:|1781395592\n|move|p1a: Cobalion|Iron Head|p2a: Spiritomb\n|-crit|p2a: Spiritomb\n|-damage|p2a: Spiritomb|158/234 par\n|move|p2a: Spiritomb|Poltergeist|p1a: Cobalion|[miss]\n|-miss|p2a: Spiritomb|p1a: Cobalion\n|\n|-heal|p1a: Cobalion|121/277 brn|[from] item: Leftovers\n|-heal|p2a: Spiritomb|172/234 par|[from] item: Leftovers\n|-damage|p1a: Cobalion|104/277 brn|[from] brn\n|upkeep\n|turn|9\n|\n|t:|1781395599\n|move|p1a: Cobalion|Iron Head|p2a: Spiritomb\n|-damage|p2a: Spiritomb|142/234 par\n|cant|p2a: Spiritomb|flinch\n|\n|-heal|p1a: Cobalion|121/277 brn|[from] item: Leftovers\n|-heal|p2a: Spiritomb|156/234 par|[from] item: Leftovers\n|-damage|p1a: Cobalion|104/277 brn|[from] brn\n|upkeep\n|turn|10\n|\n|t:|1781395605\n|move|p1a: Cobalion|Iron Head|p2a: Spiritomb\n|-damage|p2a: Spiritomb|129/234 par\n|move|p2a: Spiritomb|Poltergeist|p1a: Cobalion\n|-activate|p1a: Cobalion|move: Poltergeist|Leftovers\n|-damage|p1a: Cobalion|11/277 brn\n|\n|-heal|p1a: Cobalion|28/277 brn|[from] item: Leftovers\n|-heal|p2a: Spiritomb|143/234 par|[from] item: Leftovers\n|-damage|p1a: Cobalion|11/277 brn|[from] brn\n|upkeep\n|turn|11\n|\n|t:|1781395612\n|move|p2a: Spiritomb|Sucker Punch|p1a: Cobalion\n|-resisted|p1a: Cobalion\n|-damage|p1a: Cobalion|0 fnt\n|faint|p1a: Cobalion\n|\n|-heal|p2a: Spiritomb|157/234 par|[from] item: Leftovers\n|upkeep\n|\n|t:|1781395626\n|switch|p1a: Regice|Regice, L88|284/284\n|turn|12\n|\n|t:|1781395648\n|move|p1a: Regice|Ice Beam|p2a: Spiritomb\n|-damage|p2a: Spiritomb|76/234 par\n|move|p2a: Spiritomb|Will-O-Wisp|p1a: Regice\n|-status|p1a: Regice|brn\n|\n|-heal|p2a: Spiritomb|90/234 par|[from] item: Leftovers\n|-damage|p1a: Regice|267/284 brn|[from] brn\n|upkeep\n|turn|13\n|\n|t:|1781395657\n|move|p1a: Regice|Ice Beam|p2a: Spiritomb\n|-damage|p2a: Spiritomb|5/234 par\n|move|p2a: Spiritomb|Poltergeist|p1a: Regice\n|-activate|p1a: Regice|move: Poltergeist|Heavy-Duty Boots\n|-damage|p1a: Regice|165/284 brn\n|\n|-heal|p2a: Spiritomb|19/234 par|[from] item: Leftovers\n|-damage|p1a: Regice|148/284 brn|[from] brn\n|upkeep\n|turn|14\n|\n|t:|1781395664\n|move|p1a: Regice|Ice Beam|p2a: Spiritomb\n|-damage|p2a: Spiritomb|0 fnt\n|faint|p2a: Spiritomb\n|\n|-damage|p1a: Regice|131/284 brn|[from] brn\n|upkeep\n|inactive|Node has 120 seconds left.\n|\n|t:|1781395710\n|switch|p2a: Zangoose|Zangoose, L85, M|263/263\n|-damage|p2a: Zangoose|231/263|[from] Stealth Rock\n|turn|15\n|\n|t:|1781395720\n|move|p2a: Zangoose|Close Combat|p1a: Regice\n|-supereffective|p1a: Regice\n|-damage|p1a: Regice|0 fnt\n|-unboost|p2a: Zangoose|def|1\n|-unboost|p2a: Zangoose|spd|1\n|faint|p1a: Regice\n|\n|-status|p2a: Zangoose|tox|[from] item: Toxic Orb\n|upkeep\n|\n|t:|1781395728\n|switch|p1a: Dachsbun|Dachsbun, L92, F|254/254\n|-status|p1a: Dachsbun|psn\n|turn|16\n|inactive|Node has 120 seconds left.\n|\n|t:|1781395733\n|switch|p2a: Vespiquen|Vespiquen, L99, F|299/299 par\n|-ability|p2a: Vespiquen|Pressure\n|move|p1a: Dachsbun|Wish|p1a: Dachsbun\n|\n|-damage|p1a: Dachsbun|223/254 psn|[from] psn\n|upkeep\n|turn|17\n|\n|t:|1781395739\n|switch|p1a: Iron Thorns|Iron Thorns, L83|302/302\n|-status|p1a: Iron Thorns|psn\n|move|p2a: Vespiquen|U-turn|p1a: Iron Thorns\n|-damage|p1a: Iron Thorns|223/302 psn\n|inactive|Node has 120 seconds left.\n|\n|t:|1781395763\n|switch|p2a: Dedenne|Dedenne, L88, M|261/261|[from] U-turn\n|-damage|p2a: Dedenne|229/261|[from] Stealth Rock\n|\n|-heal|p1a: Iron Thorns|302/302 psn|[from] move: Wish|[wisher] Dachsbun\n|-damage|p1a: Iron Thorns|265/302 psn|[from] psn\n|upkeep\n|turn|18\n|\n|t:|1781395774\n|move|p2a: Dedenne|Super Fang|p1a: Iron Thorns\n|-damage|p1a: Iron Thorns|133/302 psn\n|move|p1a: Iron Thorns|Stone Edge|p2a: Dedenne\n|-damage|p2a: Dedenne|39/261\n|-enditem|p2a: Dedenne|Sitrus Berry|[eat]\n|-heal|p2a: Dedenne|104/261|[from] item: Sitrus Berry\n|-heal|p2a: Dedenne|191/261|[from] ability: Cheek Pouch\n|\n|-damage|p1a: Iron Thorns|96/302 psn|[from] psn\n|upkeep\n|turn|19\n|\n|t:|1781395784\n|move|p2a: Dedenne|Dazzling Gleam|p1a: Iron Thorns\n|-damage|p1a: Iron Thorns|42/302 psn\n|move|p1a: Iron Thorns|Stone Edge|p2a: Dedenne|[miss]\n|-miss|p1a: Iron Thorns|p2a: Dedenne\n|\n|-damage|p1a: Iron Thorns|5/302 psn|[from] psn\n|upkeep\n|turn|20\n|inactive|Hose7Tango has 120 seconds left.\n|\n|t:|1781395829\n|move|p2a: Dedenne|U-turn|p1a: Iron Thorns\n|-crit|p1a: Iron Thorns\n|-damage|p1a: Iron Thorns|0 fnt\n|faint|p1a: Iron Thorns\n|-end|p1a: Iron Thorns|Quark Drive|[silent]\n|\n|t:|1781395833\n|switch|p2a: Electrode|Electrode, L92|260/260|[from] U-turn\n|-damage|p2a: Electrode|228/260|[from] Stealth Rock\n|\n|upkeep\n|\n|t:|1781395839\n|switch|p1a: Chimecho|Chimecho, L93, M|290/290\n|turn|21\n|\n|t:|1781395842\n|move|p2a: Electrode|Taunt|p1a: Chimecho\n|-start|p1a: Chimecho|move: Taunt\n|move|p1a: Chimecho|Psychic Noise|p2a: Electrode\n|-damage|p2a: Electrode|131/260\n|-start|p2a: Electrode|move: Heal Block\n|\n|upkeep\n|turn|22\n|\n|t:|1781395845\n|move|p2a: Electrode|Thunderbolt|p1a: Chimecho\n|-damage|p1a: Chimecho|177/290\n|-damage|p2a: Electrode|105/260|[from] item: Life Orb\n|move|p1a: Chimecho|Psychic Noise|p2a: Electrode\n|-damage|p2a: Electrode|12/260\n|\n|-heal|p1a: Chimecho|195/290|[from] item: Leftovers\n|-end|p2a: Electrode|move: Heal Block\n|upkeep\n|turn|23\n|\n|t:|1781395850\n|switch|p1a: Dachsbun|Dachsbun, L92, F|223/254 psn\n|move|p2a: Electrode|Thunderbolt|p1a: Dachsbun\n|-crit|p1a: Dachsbun\n|-damage|p1a: Dachsbun|23/254 psn\n|-damage|p2a: Electrode|0 fnt|[from] item: Life Orb\n|faint|p2a: Electrode\n|\n|-heal|p1a: Dachsbun|38/254 psn|[from] item: Leftovers\n|-damage|p1a: Dachsbun|7/254 psn|[from] psn\n|upkeep\n|\n|t:|1781395857\n|switch|p2a: Zangoose|Zangoose, L85, M|231/263 tox\n|-damage|p2a: Zangoose|199/263 tox|[from] Stealth Rock\n|turn|24\n|\n|t:|1781395860\n|move|p2a: Zangoose|Quick Attack|p1a: Dachsbun\n|-damage|p1a: Dachsbun|0 fnt\n|faint|p1a: Dachsbun\n|\n|-damage|p2a: Zangoose|183/263 tox|[from] psn\n|upkeep\n|\n|t:|1781395861\n|switch|p1a: Zacian|Zacian, L69|241/241\n|-status|p1a: Zacian|psn\n|-ability|p1a: Zacian|Intrepid Sword|boost\n|-boost|p1a: Zacian|atk|1\n|turn|25\n|\n|t:|1781395871\n|switch|p2a: Vespiquen|Vespiquen, L99, F|299/299 par\n|-ability|p2a: Vespiquen|Pressure\n|move|p1a: Zacian|Play Rough|p2a: Vespiquen\n|-damage|p2a: Vespiquen|182/299 par\n|-damage|p1a: Zacian|217/241 psn|[from] item: Life Orb\n|\n|-damage|p1a: Zacian|187/241 psn|[from] psn\n|upkeep\n|turn|26\n|\n|t:|1781395878\n|move|p1a: Zacian|Swords Dance|p1a: Zacian\n|-boost|p1a: Zacian|atk|2\n|cant|p2a: Vespiquen|par\n|\n|-damage|p1a: Zacian|157/241 psn|[from] psn\n|upkeep\n|turn|27\n|\n|t:|1781395885\n|-terastallize|p2a: Vespiquen|Steel\n|move|p1a: Zacian|Play Rough|p2a: Vespiquen\n|-resisted|p2a: Vespiquen\n|-damage|p2a: Vespiquen|90/299 par\n|-damage|p1a: Zacian|133/241 psn|[from] item: Life Orb\n|move|p2a: Vespiquen|Air Slash|p1a: Zacian\n|-damage|p1a: Zacian|34/241 psn\n|\n|-damage|p1a: Zacian|4/241 psn|[from] psn\n|upkeep\n|turn|28\n|-message|Hose7Tango forfeited.\n|\n|win|Node\n|raw|Hose7Tango's rating: 2159 &rarr; <strong>2143</strong><br />(-16 for losing)\n|raw|Node's rating: 2232 &rarr; <strong>2248</strong><br />(+16 for winning)\n|l|\u2606Hose7Tango\n|player|p1|\n", "inputlog": ">version a8376a258c1d4662feba110a92103f3664a72141\n>start {\"formatid\":\"gen9randombattle\",\"seed\":\"sodium,0ac3303c2eaa628c7bdd3ea6c4787ab1\",\"rated\":\"Rated battle\"}\n>player p1 {\"name\":\"Hose7Tango\",\"avatar\":\"hiker-gen4\",\"rating\":2159,\"seed\":\"sodium,0627c993ae91339941ab28fc300ccff8\"}\n>player p2 {\"name\":\"Node\",\"avatar\":\"#rbtt9phantoms2\",\"rating\":2232,\"seed\":\"sodium,902af5d9df25c66df2774a4868261088\"}\n>p1 switch 5\n>p2 move willowisp\n>p1 move wish\n>p2 switch 6\n>p1 switch 4\n>p2 move toxicspikes\n>p1 move thunderwave\n>p2 move uturn\n>p2 switch 6\n>p1 move thunderwave\n>p2 move willowisp\n>p1 move stealthrock\n>p2 move poltergeist\n>p1 move ironhead\n>p2 move poltergeist\n>p1 move ironhead\n>p2 move poltergeist\n>p1 move ironhead\n>p2 move poltergeist\n>p1 move ironhead\n>p2 move poltergeist\n>p1 move ironhead\n>p2 move suckerpunch\n>p1 switch 2\n>p1 move icebeam\n>p2 move willowisp\n>p1 move icebeam\n>p2 move poltergeist\n>p1 move icebeam\n>p2 move poltergeist\n>p2 switch 5\n>p1 move thunderwave\n>p2 move closecombat\n>p1 switch 4\n>p1 move wish\n>p2 switch 6\n>p1 switch 3\n>p2 move uturn\n>p2 switch 2\n>p1 move stoneedge\n>p2 move superfang\n>p1 move stoneedge\n>p2 move dazzlinggleam\n>p1 move stoneedge\n>p2 move uturn\n>p2 switch 4\n>p1 switch 5\n>p1 move psychicnoise\n>p2 move taunt\n>p1 move psychicnoise\n>p2 move thunderbolt\n>p1 switch 3\n>p2 move thunderbolt\n>p2 switch 6\n>p1 move wish\n>p2 move quickattack\n>p1 switch 6\n>p1 move playrough\n>p2 switch 2\n>p1 move swordsdance\n>p2 move airslash\n>p1 move playrough\n>p2 move airslash terastallize\n>forcelose p1", "uploadtime": 1781395501, "views": 6, "formatid": "gen9randombattle", "rating": 2143, "private": 0, "password": null}