{"id": "gen9randombattle-2631586946", "format": "[Gen 9] Random Battle", "players": ["Cesar A Bedoya", "Estrace"], "log": "|j|\u2606Cesar A Bedoya\n|j|\u203dEstrace\n|t:|1781405031\n|gametype|singles\n|player|p1|Cesar A Bedoya|shadowtriad|1915\n|player|p2|Estrace|clair|1972\n|gen|9\n|tier|[Gen 9] Random Battle\n|rated|\n|rule|Species Clause: Limit one of each Pok\u00e9mon\n|rule|HP Percentage Mod: HP is shown in percentages\n|rule|Sleep Clause Mod: Limit one foe put to sleep\n|rule|Illusion Level Mod: Illusion disguises the Pok\u00e9mon's true level\n|\n|t:|1781405032\n|teamsize|p1|6\n|teamsize|p2|6\n|start\n|switch|p1a: Umbreon|Umbreon, L84, F|297/297\n|switch|p2a: Vaporeon|Vaporeon, L86, M|364/364\n|turn|1\n|\n|t:|1781405041\n|switch|p2a: Bastiodon|Bastiodon, L89, F|252/252\n|move|p1a: Umbreon|Toxic|p2a: Bastiodon|[miss]\n|-miss|p1a: Umbreon|p2a: Bastiodon\n|\n|upkeep\n|turn|2\n|\n|t:|1781405049\n|switch|p1a: Toedscruel|Toedscruel, L87, F|281/281\n|move|p2a: Bastiodon|Iron Defense|p2a: Bastiodon\n|-boost|p2a: Bastiodon|def|2\n|\n|upkeep\n|turn|3\n|inactive|Battle timer is ON: inactive players will automatically lose when time's up. (requested by Estrace)\n|\n|t:|1781405056\n|switch|p2a: Ho-Oh|Ho-Oh, L71|268/268\n|move|p1a: Toedscruel|Earth Power|p2a: Ho-Oh\n|-immune|p2a: Ho-Oh\n|\n|upkeep\n|turn|4\n|\n|t:|1781405074\n|move|p2a: Ho-Oh|Brave Bird|p1a: Toedscruel\n|-supereffective|p1a: Toedscruel\n|-damage|p1a: Toedscruel|0 fnt\n|faint|p1a: Toedscruel\n|-damage|p2a: Ho-Oh|175/268|[from] Recoil\n|\n|upkeep\n|\n|t:|1781405088\n|switch|p1a: Basculegion|Basculegion, L80, M|323/323\n|turn|5\n|\n|t:|1781405096\n|switch|p2a: Vaporeon|Vaporeon, L86, M|364/364\n|move|p1a: Basculegion|Shadow Ball|p2a: Vaporeon\n|-damage|p2a: Vaporeon|278/364\n|\n|-heal|p2a: Vaporeon|300/364|[from] item: Leftovers\n|upkeep\n|turn|6\n|\n|t:|1781405109\n|switch|p2a: Bastiodon|Bastiodon, L89, F|252/252\n|move|p1a: Basculegion|Shadow Ball|p2a: Bastiodon\n|-crit|p2a: Bastiodon\n|-damage|p2a: Bastiodon|166/252\n|-unboost|p2a: Bastiodon|spd|1\n|\n|upkeep\n|turn|7\n|\n|t:|1781405114\n|switch|p2a: Vaporeon|Vaporeon, L86, M|300/364\n|move|p1a: Basculegion|Shadow Ball|p2a: Vaporeon\n|-damage|p2a: Vaporeon|210/364\n|-unboost|p2a: Vaporeon|spd|1\n|\n|-heal|p2a: Vaporeon|232/364|[from] item: Leftovers\n|upkeep\n|turn|8\n|\n|t:|1781405118\n|move|p1a: Basculegion|Shadow Ball|p2a: Vaporeon\n|-damage|p2a: Vaporeon|102/364\n|move|p2a: Vaporeon|Wish|p2a: Vaporeon\n|\n|-heal|p2a: Vaporeon|124/364|[from] item: Leftovers\n|upkeep\n|turn|9\n|\n|t:|1781405121\n|move|p2a: Vaporeon|Protect|p2a: Vaporeon\n|-singleturn|p2a: Vaporeon|Protect\n|move|p1a: Basculegion|Shadow Ball|p2a: Vaporeon\n|-activate|p2a: Vaporeon|move: Protect\n|\n|-heal|p2a: Vaporeon|306/364|[from] move: Wish|[wisher] Vaporeon\n|-heal|p2a: Vaporeon|328/364|[from] item: Leftovers\n|upkeep\n|turn|10\n|\n|t:|1781405134\n|switch|p2a: Ho-Oh|Ho-Oh, L71|264/268\n|move|p1a: Basculegion|Shadow Ball|p2a: Ho-Oh\n|-damage|p2a: Ho-Oh|196/268\n|\n|upkeep\n|turn|11\n|\n|t:|1781405141\n|move|p1a: Basculegion|Shadow Ball|p2a: Ho-Oh\n|-damage|p2a: Ho-Oh|132/268\n|move|p2a: Ho-Oh|Sacred Fire|p1a: Basculegion\n|-resisted|p1a: Basculegion\n|-damage|p1a: Basculegion|260/323\n|-status|p1a: Basculegion|brn\n|\n|-damage|p1a: Basculegion|240/323 brn|[from] brn\n|upkeep\n|turn|12\n|\n|t:|1781405156\n|switch|p2a: Vaporeon|Vaporeon, L86, M|328/364\n|move|p1a: Basculegion|Shadow Ball|p2a: Vaporeon\n|-damage|p2a: Vaporeon|242/364\n|\n|-heal|p2a: Vaporeon|264/364|[from] item: Leftovers\n|-damage|p1a: Basculegion|220/323 brn|[from] brn\n|upkeep\n|turn|13\n|\n|t:|1781405161\n|move|p2a: Vaporeon|Protect|p2a: Vaporeon\n|-singleturn|p2a: Vaporeon|Protect\n|move|p1a: Basculegion|Shadow Ball|p2a: Vaporeon\n|-activate|p2a: Vaporeon|move: Protect\n|\n|-heal|p2a: Vaporeon|286/364|[from] item: Leftovers\n|-damage|p1a: Basculegion|200/323 brn|[from] brn\n|upkeep\n|turn|14\n|\n|t:|1781405177\n|move|p1a: Basculegion|Shadow Ball|p2a: Vaporeon\n|-damage|p2a: Vaporeon|208/364\n|-unboost|p2a: Vaporeon|spd|1\n|move|p2a: Vaporeon|Calm Mind|p2a: Vaporeon\n|-boost|p2a: Vaporeon|spa|1\n|-boost|p2a: Vaporeon|spd|1\n|\n|-heal|p2a: Vaporeon|230/364|[from] item: Leftovers\n|-damage|p1a: Basculegion|180/323 brn|[from] brn\n|upkeep\n|turn|15\n|\n|t:|1781405182\n|move|p2a: Vaporeon|Protect|p2a: Vaporeon\n|-singleturn|p2a: Vaporeon|Protect\n|move|p1a: Basculegion|Shadow Ball|p2a: Vaporeon\n|-activate|p2a: Vaporeon|move: Protect\n|\n|-heal|p2a: Vaporeon|252/364|[from] item: Leftovers\n|-damage|p1a: Basculegion|160/323 brn|[from] brn\n|upkeep\n|turn|16\n|-message|Cesar A Bedoya forfeited.\n|\n|win|Estrace\n", "uploadtime": 1781405033, "views": 10, "formatid": "gen9randombattle", "rating": null, "private": 0, "password": null}