{"id": "gen9randombattle-2632009582", "format": "[Gen 9] Random Battle", "players": ["Jesse1807", "MasterSlash001"], "log": "|j|\u2606Jesse1807\n|j|\u2606MasterSlash001\n|t:|1781465535\n|gametype|singles\n|player|p1|Jesse1807|1|2008\n|player|p2|MasterSlash001|volkner|2047\n|gen|9\n|tier|[Gen 9] Random Battle\n|rated|\n|rule|Species Clause: Limit one of each Pok\u00e9mon\n|rule|HP Percentage Mod: HP is shown in percentages\n|rule|Sleep Clause Mod: Limit one foe put to sleep\n|rule|Illusion Level Mod: Illusion disguises the Pok\u00e9mon's true level\n|\n|t:|1781465535\n|teamsize|p1|6\n|teamsize|p2|6\n|start\n|switch|p1a: Metagross|Metagross, L79|256/256\n|switch|p2a: Zarude|Zarude, L77|288/288\n|turn|1\n|inactive|Battle timer is ON: inactive players will automatically lose when time's up. (requested by MasterSlash001)\n|\n|t:|1781465545\n|switch|p1a: Gurdurr|Gurdurr, L85, F|283/283\n|move|p2a: Zarude|Knock Off|p1a: Gurdurr\n|-resisted|p1a: Gurdurr\n|-damage|p1a: Gurdurr|234/283\n|-enditem|p1a: Gurdurr|Eviolite|[from] move: Knock Off|[of] p2a: Zarude\n|\n|upkeep\n|turn|2\n|\n|t:|1781465556\n|switch|p2a: Pelipper|Pelipper, L86, F|243/243\n|-weather|RainDance|[from] ability: Drizzle|[of] p2a: Pelipper\n|move|p1a: Gurdurr|Bulk Up|p1a: Gurdurr\n|-boost|p1a: Gurdurr|atk|1\n|-boost|p1a: Gurdurr|def|1\n|\n|-weather|RainDance|[upkeep]\n|upkeep\n|turn|3\n|\n|t:|1781465567\n|switch|p1a: Metagross|Metagross, L79|256/256\n|move|p2a: Pelipper|Hurricane|p1a: Metagross\n|-resisted|p1a: Metagross\n|-damage|p1a: Metagross|196/256\n|-start|p1a: Metagross|confusion\n|\n|-weather|RainDance|[upkeep]\n|-heal|p1a: Metagross|212/256|[from] item: Leftovers\n|upkeep\n|turn|4\n|\n|t:|1781465576\n|move|p2a: Pelipper|Surf|p1a: Metagross\n|-damage|p1a: Metagross|58/256\n|-activate|p1a: Metagross|confusion\n|-damage|p1a: Metagross|31/256|[from] confusion\n|\n|-weather|RainDance|[upkeep]\n|-heal|p1a: Metagross|47/256|[from] item: Leftovers\n|upkeep\n|turn|5\n|\n|t:|1781465582\n|move|p2a: Pelipper|Surf|p1a: Metagross\n|-damage|p1a: Metagross|0 fnt\n|faint|p1a: Metagross\n|\n|-weather|RainDance|[upkeep]\n|upkeep\n|\n|t:|1781465590\n|switch|p1a: Giratina|Giratina, L75|349/349\n|-ability|p1a: Giratina|Pressure\n|turn|6\n|\n|t:|1781465594\n|move|p1a: Giratina|Calm Mind|p1a: Giratina\n|-boost|p1a: Giratina|spa|1\n|-boost|p1a: Giratina|spd|1\n|move|p2a: Pelipper|Knock Off|p1a: Giratina\n|-supereffective|p1a: Giratina\n|-damage|p1a: Giratina|261/349\n|-enditem|p1a: Giratina|Leftovers|[from] move: Knock Off|[of] p2a: Pelipper\n|\n|-weather|none\n|upkeep\n|turn|7\n|\n|t:|1781465607\n|switch|p2a: Zarude|Zarude, L77|288/288\n|move|p1a: Giratina|Dragon Pulse|p2a: Zarude\n|-damage|p2a: Zarude|171/288\n|\n|upkeep\n|turn|8\n|\n|t:|1781465614\n|move|p2a: Zarude|Knock Off|p1a: Giratina\n|-supereffective|p1a: Giratina\n|-damage|p1a: Giratina|93/349\n|move|p1a: Giratina|Dragon Pulse|p2a: Zarude\n|-damage|p2a: Zarude|54/288\n|\n|upkeep\n|turn|9\n|\n|t:|1781465619\n|move|p2a: Zarude|Knock Off|p1a: Giratina\n|-supereffective|p1a: Giratina\n|-damage|p1a: Giratina|0 fnt\n|faint|p1a: Giratina\n|\n|upkeep\n|\n|t:|1781465624\n|switch|p1a: Spectrier|Spectrier, L75|274/274\n|turn|10\n|\n|t:|1781465631\n|switch|p2a: Pelipper|Pelipper, L86, F|243/243\n|-weather|RainDance|[from] ability: Drizzle|[of] p2a: Pelipper\n|move|p1a: Spectrier|Draining Kiss|p2a: Pelipper\n|-damage|p2a: Pelipper|185/243\n|-damage|p1a: Spectrier|247/274|[from] item: Life Orb\n|\n|-weather|RainDance|[upkeep]\n|upkeep\n|turn|11\n|\n|t:|1781465640\n|switch|p1a: Gurdurr|Gurdurr, L85, F|234/283\n|move|p2a: Pelipper|Surf|p1a: Gurdurr\n|-damage|p1a: Gurdurr|23/283\n|\n|-weather|RainDance|[upkeep]\n|upkeep\n|turn|12\n|\n|t:|1781465651\n|move|p1a: Gurdurr|Mach Punch|p2a: Pelipper\n|-resisted|p2a: Pelipper\n|-damage|p2a: Pelipper|165/243\n|move|p2a: Pelipper|Hurricane|p1a: Gurdurr\n|-supereffective|p1a: Gurdurr\n|-damage|p1a: Gurdurr|0 fnt\n|faint|p1a: Gurdurr\n|\n|-weather|RainDance|[upkeep]\n|upkeep\n|\n|t:|1781465668\n|switch|p1a: Meganium|Meganium, L90, F|290/290\n|turn|13\n|\n|t:|1781465679\n|move|p1a: Meganium|Knock Off|p2a: Pelipper\n|-damage|p2a: Pelipper|98/243\n|-enditem|p2a: Pelipper|Heavy-Duty Boots|[from] move: Knock Off|[of] p1a: Meganium\n|move|p2a: Pelipper|Hurricane|p1a: Meganium\n|-supereffective|p1a: Meganium\n|-crit|p1a: Meganium\n|-damage|p1a: Meganium|6/290\n|\n|-weather|RainDance|[upkeep]\n|-heal|p1a: Meganium|24/290|[from] item: Leftovers\n|upkeep\n|turn|14\n|\n|t:|1781465697\n|switch|p2a: Zarude|Zarude, L77|54/288\n|move|p1a: Meganium|Petal Blizzard|p2a: Zarude\n|-resisted|p2a: Zarude\n|-damage|p2a: Zarude|0 fnt\n|faint|p2a: Zarude\n|\n|-weather|none\n|-heal|p1a: Meganium|42/290|[from] item: Leftovers\n|upkeep\n|\n|t:|1781465710\n|switch|p2a: Medicham|Medicham, L86, F|243/243\n|turn|15\n|\n|t:|1781465714\n|move|p2a: Medicham|Zen Headbutt|p1a: Meganium\n|-damage|p1a: Meganium|0 fnt\n|faint|p1a: Meganium\n|\n|upkeep\n|\n|t:|1781465717\n|switch|p1a: Spectrier|Spectrier, L75|247/274\n|turn|16\n|\n|t:|1781465720\n|move|p2a: Medicham|Zen Headbutt|p1a: Spectrier\n|-damage|p1a: Spectrier|73/274\n|cant|p1a: Spectrier|flinch\n|\n|upkeep\n|turn|17\n|\n|t:|1781465725\n|move|p2a: Medicham|Zen Headbutt|p1a: Spectrier\n|-damage|p1a: Spectrier|0 fnt\n|faint|p1a: Spectrier\n|\n|upkeep\n|\n|t:|1781465726\n|switch|p1a: Drednaw|Drednaw, L81, M|278/278\n|turn|18\n|\n|t:|1781465733\n|-terastallize|p1a: Drednaw|Dark\n|move|p2a: Medicham|Zen Headbutt|p1a: Drednaw\n|-immune|p1a: Drednaw\n|move|p1a: Drednaw|Shell Smash|p1a: Drednaw\n|-unboost|p1a: Drednaw|def|1\n|-unboost|p1a: Drednaw|spd|1\n|-boost|p1a: Drednaw|atk|2\n|-boost|p1a: Drednaw|spa|2\n|-boost|p1a: Drednaw|spe|2\n|-enditem|p1a: Drednaw|White Herb\n|-clearnegativeboost|p1a: Drednaw|[silent]\n|\n|upkeep\n|turn|19\n|\n|t:|1781465744\n|switch|p2a: Pelipper|Pelipper, L86, F|98/243\n|-weather|RainDance|[from] ability: Drizzle|[of] p2a: Pelipper\n|move|p1a: Drednaw|Shell Smash|p1a: Drednaw\n|-unboost|p1a: Drednaw|def|1\n|-unboost|p1a: Drednaw|spd|1\n|-boost|p1a: Drednaw|atk|2\n|-boost|p1a: Drednaw|spa|2\n|-boost|p1a: Drednaw|spe|2\n|\n|-weather|RainDance|[upkeep]\n|upkeep\n|turn|20\n|\n|t:|1781465753\n|move|p1a: Drednaw|Crunch|p2a: Pelipper\n|-damage|p2a: Pelipper|0 fnt\n|faint|p2a: Pelipper\n|\n|-weather|RainDance|[upkeep]\n|upkeep\n|\n|t:|1781465758\n|switch|p2a: Ditto|Ditto, L87|225/225\n|-transform|p2a: Ditto|p1a: Drednaw|[from] ability: Imposter\n|-start|p2a: Ditto|typechange|Water/Rock|[silent]\n|turn|21\n|\n|t:|1781465762\n|move|p2a: Ditto|Liquidation|p1a: Drednaw\n|-damage|p1a: Drednaw|0 fnt\n|faint|p1a: Drednaw\n|\n|win|MasterSlash001\n", "inputlog": ">version a8376a258c1d4662feba110a92103f3664a72141\n>start {\"formatid\":\"gen9randombattle\",\"seed\":\"sodium,4bb102a9f39a68f664a745a7a4b05e6a\",\"rated\":\"Rated battle\"}\n>player p1 {\"name\":\"Jesse1807\",\"avatar\":\"1\",\"rating\":2008,\"seed\":\"sodium,a63fabd528086c9158f6b69ff8d30af9\"}\n>player p2 {\"name\":\"MasterSlash001\",\"avatar\":\"volkner\",\"rating\":2047,\"seed\":\"sodium,d7b973082392cd56b0c90d6026e4004c\"}\n>p1 switch 6\n>p2 move knockoff\n>p1 move bulkup\n>p2 switch 4\n>p1 switch 6\n>p2 move hurricane\n>p1 move stealthrock\n>p2 move surf\n>p1 move stealthrock\n>p2 move surf\n>p1 switch 3\n>p1 move calmmind\n>p2 move knockoff\n>p1 move dragonpulse\n>p2 switch 4\n>p1 move dragonpulse\n>p2 move knockoff\n>p1 move dragonpulse\n>p2 move knockoff\n>p1 switch 4\n>p1 move drainingkiss\n>p2 switch 4\n>p1 switch 6\n>p2 move surf\n>p1 move machpunch\n>p2 move hurricane\n>p1 switch 2\n>p1 move knockoff\n>p2 move hurricane\n>p1 move petalblizzard\n>p2 switch 4\n>p2 switch 6\n>p1 move petalblizzard\n>p2 move zenheadbutt\n>p1 switch 6\n>p1 move shadowball\n>p2 move zenheadbutt\n>p1 move shadowball\n>p2 move zenheadbutt\n>p1 switch 5\n>p1 move shellsmash terastallize\n>p2 move zenheadbutt\n>p1 move shellsmash\n>p2 switch 4\n>p1 move crunch\n>p2 move surf\n>p2 switch 5\n>p1 move liquidation\n>p2 move liquidation", "uploadtime": 1781465538, "views": 8, "formatid": "gen9randombattle", "rating": null, "private": 0, "password": null}