{"id": "gen9randombattle-2631877410", "format": "[Gen 9] Random Battle", "players": ["mjgod555", "pizzapowergod"], "log": "|j|\u2606mjgod555\n|j|\u2606pizzapowergod\n|t:|1781451079\n|gametype|singles\n|player|p1|mjgod555|101|\n|player|p2|pizzapowergod|kimonogirl|\n|gen|9\n|tier|[Gen 9] Random Battle\n|rule|Species Clause: Limit one of each Pok\u00e9mon\n|rule|HP Percentage Mod: HP is shown in percentages\n|rule|Sleep Clause Mod: Limit one foe put to sleep\n|rule|Illusion Level Mod: Illusion disguises the Pok\u00e9mon's true level\n|\n|t:|1781451079\n|teamsize|p1|6\n|teamsize|p2|6\n|start\n|switch|p1a: Rabsca|Rabsca, L91, F|235/235\n|switch|p2a: Mewtwo|Mewtwo, L72|272/272\n|-ability|p2a: Mewtwo|Pressure\n|turn|1\n|c|\u2606pizzapowergod|!weakness Mewtwo\n|c| pizzapowergod|/raw <div class=\"infobox\">Mewtwo (ignoring abilities):<br /><span class=\"message-effect-weak\">Weaknesses</span>: Bug, Dark, Ghost<br /><span class=\"message-effect-resist\">Resistances</span>: Fighting, Psychic<br /><span class=\"message-effect-immune\">Immunities</span>: <span class=\"gray\">None</span></div>\n|\n|t:|1781451097\n|move|p2a: Mewtwo|Nasty Plot|p2a: Mewtwo\n|-boost|p2a: Mewtwo|spa|2\n|move|p1a: Rabsca|Dark Pulse|p2a: Mewtwo\n|-supereffective|p2a: Mewtwo\n|-damage|p2a: Mewtwo|0 fnt\n|faint|p2a: Mewtwo\n|-damage|p1a: Rabsca|212/235|[from] item: Life Orb\n|\n|upkeep\n|\n|t:|1781451123\n|switch|p2a: Perrserker|Perrserker, L89, F|269/269\n|turn|2\n|c|\u2606pizzapowergod|!weakness Perrserker\n|c| pizzapowergod|/raw <div class=\"infobox\">Perrserker (ignoring abilities):<br /><span class=\"message-effect-weak\">Weaknesses</span>: Fighting, Fire, Ground<br /><span class=\"message-effect-resist\">Resistances</span>: Bug, Dragon, Fairy, Flying, Grass, Ice, Normal, Psychic, Rock, Steel<br /><span class=\"message-effect-immune\">Immunities</span>: Poison, Sandstorm damage, Toxic</div>\n|\n|t:|1781451137\n|move|p1a: Rabsca|Nasty Plot|p1a: Rabsca\n|-boost|p1a: Rabsca|spa|2\n|move|p2a: Perrserker|Knock Off|p1a: Rabsca\n|-resisted|p1a: Rabsca\n|-damage|p1a: Rabsca|120/235\n|replace|p1a: Zoroark|Zoroark, L83, M\n|-end|p1a: Zoroark|Illusion\n|-hint|Illusion Level Mod is active, so this Pok\u00e9mon's true level was hidden.\n|-enditem|p1a: Zoroark|Life Orb|[from] move: Knock Off|[of] p2a: Perrserker\n|-damage|p2a: Perrserker|243/269|[from] item: Life Orb\n|\n|upkeep\n|turn|3\n|\n|t:|1781451157\n|move|p1a: Zoroark|Dark Pulse|p2a: Perrserker\n|-damage|p2a: Perrserker|0 fnt\n|faint|p2a: Perrserker\n|\n|upkeep\n|\n|t:|1781451164\n|switch|p2a: Floatzel|Floatzel, L86, F|286/286\n|turn|4\n|c|\u2606pizzapowergod|!weakness Floatzel\n|c| pizzapowergod|/raw <div class=\"infobox\">Floatzel (ignoring abilities):<br /><span class=\"message-effect-weak\">Weaknesses</span>: Electric, Grass<br /><span class=\"message-effect-resist\">Resistances</span>: Fire, Ice, Steel, Water<br /><span class=\"message-effect-immune\">Immunities</span>: <span class=\"gray\">None</span></div>\n|\n|t:|1781451187\n|-terastallize|p1a: Zoroark|Poison\n|move|p2a: Floatzel|Wave Crash|p1a: Zoroark\n|-damage|p1a: Zoroark|0 fnt\n|faint|p1a: Zoroark\n|-damage|p2a: Floatzel|246/286|[from] Recoil\n|\n|-heal|p2a: Floatzel|263/286|[from] item: Leftovers\n|upkeep\n|\n|t:|1781451200\n|switch|p1a: Lurantis|Lurantis, L87, F|264/264\n|turn|5\n|\n|t:|1781451211\n|move|p2a: Floatzel|Ice Spinner|p1a: Lurantis\n|-supereffective|p1a: Lurantis\n|-crit|p1a: Lurantis\n|-damage|p1a: Lurantis|66/264\n|move|p1a: Lurantis|Leaf Storm|p2a: Floatzel\n|-supereffective|p2a: Floatzel\n|-damage|p2a: Floatzel|0 fnt\n|-boost|p1a: Lurantis|spa|2\n|faint|p2a: Floatzel\n|\n|-heal|p1a: Lurantis|82/264|[from] item: Leftovers\n|upkeep\n|\n|t:|1781451222\n|switch|p2a: Blastoise|Blastoise, L80, F|258/258\n|turn|6\n|\n|t:|1781451248\n|move|p2a: Blastoise|Ice Beam|p1a: Lurantis\n|-supereffective|p1a: Lurantis\n|-damage|p1a: Lurantis|0 fnt\n|faint|p1a: Lurantis\n|\n|upkeep\n|\n|t:|1781451270\n|switch|p1a: Lapras|Lapras, L87, M|367/367\n|turn|7\n|\n|t:|1781451325\n|switch|p2a: Iron Boulder|Iron Boulder, L77|265/265\n|-enditem|p2a: Iron Boulder|Booster Energy\n|-activate|p2a: Iron Boulder|ability: Quark Drive|[fromitem]\n|-start|p2a: Iron Boulder|quarkdrivespe\n|move|p1a: Lapras|Freeze-Dry|p2a: Iron Boulder\n|-damage|p2a: Iron Boulder|174/265\n|\n|upkeep\n|turn|8\n|\n|t:|1781451341\n|move|p2a: Iron Boulder|Close Combat|p1a: Lapras\n|-supereffective|p1a: Lapras\n|-damage|p1a: Lapras|185/367\n|-unboost|p2a: Iron Boulder|def|1\n|-unboost|p2a: Iron Boulder|spd|1\n|move|p1a: Lapras|Freeze-Dry|p2a: Iron Boulder\n|-damage|p2a: Iron Boulder|36/265\n|-status|p2a: Iron Boulder|frz\n|\n|upkeep\n|turn|9\n|\n|t:|1781451352\n|-terastallize|p2a: Iron Boulder|Fighting\n|cant|p2a: Iron Boulder|frz\n|move|p1a: Lapras|Freeze-Dry|p2a: Iron Boulder\n|-damage|p2a: Iron Boulder|0 fnt\n|faint|p2a: Iron Boulder\n|-end|p2a: Iron Boulder|Quark Drive|[silent]\n|\n|upkeep\n|\n|t:|1781451361\n|switch|p2a: Rillaboom|Rillaboom, L79, M|288/288\n|-fieldstart|move: Grassy Terrain|[from] ability: Grassy Surge|[of] p2a: Rillaboom\n|turn|10\n|\n|t:|1781451374\n|move|p2a: Rillaboom|Wood Hammer|p1a: Lapras\n|-supereffective|p1a: Lapras\n|-damage|p1a: Lapras|0 fnt\n|faint|p1a: Lapras\n|-damage|p2a: Rillaboom|227/288|[from] Recoil\n|\n|-heal|p2a: Rillaboom|245/288|[from] Grassy Terrain\n|upkeep\n|c|\u2606pizzapowergod|!weakness Rillaboom\n|c| pizzapowergod|/raw <div class=\"infobox\">Rillaboom (ignoring abilities):<br /><span class=\"message-effect-weak\">Weaknesses</span>: Bug, Fire, Flying, Ice, Poison<br /><span class=\"message-effect-resist\">Resistances</span>: Electric, Grass, Ground, Water<br /><span class=\"message-effect-immune\">Immunities</span>: Powder moves</div>\n|\n|t:|1781451394\n|switch|p1a: Rabsca|Rabsca, L91, F|284/284\n|turn|11\n|\n|t:|1781451404\n|move|p2a: Rillaboom|Wood Hammer|p1a: Rabsca\n|-resisted|p1a: Rabsca\n|-damage|p1a: Rabsca|147/284\n|-damage|p2a: Rillaboom|200/288|[from] Recoil\n|move|p1a: Rabsca|Bug Buzz|p2a: Rillaboom\n|-supereffective|p2a: Rillaboom\n|-damage|p2a: Rillaboom|0 fnt\n|faint|p2a: Rillaboom\n|\n|-heal|p1a: Rabsca|164/284|[from] Grassy Terrain\n|upkeep\n|\n|t:|1781451413\n|switch|p2a: Blastoise|Blastoise, L80, F|258/258\n|turn|12\n|\n|t:|1781451437\n|move|p2a: Blastoise|Shell Smash|p2a: Blastoise\n|-unboost|p2a: Blastoise|def|1\n|-unboost|p2a: Blastoise|spd|1\n|-boost|p2a: Blastoise|atk|2\n|-boost|p2a: Blastoise|spa|2\n|-boost|p2a: Blastoise|spe|2\n|-enditem|p2a: Blastoise|White Herb\n|-clearnegativeboost|p2a: Blastoise|[silent]\n|move|p1a: Rabsca|Revival Blessing|p1a: Rabsca\n|\n|t:|1781451462\n|-heal|p1: Lurantis|132/264|[from] move: Revival Blessing\n|\n|-heal|p1a: Rabsca|181/284|[from] Grassy Terrain\n|upkeep\n|turn|13\n|\n|t:|1781451492\n|move|p2a: Blastoise|Hydro Pump|p1a: Rabsca\n|-damage|p1a: Rabsca|28/284\n|move|p1a: Rabsca|Bug Buzz|p2a: Blastoise\n|-damage|p2a: Blastoise|132/258\n|\n|-heal|p2a: Blastoise|148/258|[from] Grassy Terrain\n|-heal|p1a: Rabsca|45/284|[from] Grassy Terrain\n|upkeep\n|turn|14\n|\n|t:|1781451502\n|move|p2a: Blastoise|Ice Beam|p1a: Rabsca\n|-damage|p1a: Rabsca|0 fnt\n|faint|p1a: Rabsca\n|\n|-heal|p2a: Blastoise|164/258|[from] Grassy Terrain\n|-fieldend|move: Grassy Terrain\n|upkeep\n|\n|t:|1781451510\n|switch|p1a: Lurantis|Lurantis, L87, F|132/264\n|turn|15\n|\n|t:|1781451515\n|move|p2a: Blastoise|Ice Beam|p1a: Lurantis\n|-supereffective|p1a: Lurantis\n|-damage|p1a: Lurantis|0 fnt\n|faint|p1a: Lurantis\n|\n|upkeep\n|\n|t:|1781451524\n|switch|p1a: Entei|Entei, L78|307/307\n|turn|16\n|\n|t:|1781451534\n|move|p1a: Entei|Extreme Speed|p2a: Blastoise\n|-crit|p2a: Blastoise\n|-damage|p2a: Blastoise|51/258\n|move|p2a: Blastoise|Hydro Pump|p1a: Entei\n|-supereffective|p1a: Entei\n|-damage|p1a: Entei|0 fnt\n|faint|p1a: Entei\n|\n|upkeep\n|\n|t:|1781451542\n|switch|p1a: Milotic|Milotic, L83, M|293/293\n|turn|17\n|\n|t:|1781451567\n|move|p2a: Blastoise|Earthquake|p1a: Milotic\n|-damage|p1a: Milotic|165/293\n|move|p1a: Milotic|Ice Beam|p2a: Blastoise\n|-resisted|p2a: Blastoise\n|-damage|p2a: Blastoise|23/258\n|\n|-heal|p1a: Milotic|183/293|[from] item: Leftovers\n|upkeep\n|turn|18\n|\n|t:|1781451628\n|move|p2a: Blastoise|Earthquake|p1a: Milotic\n|-damage|p1a: Milotic|58/293\n|move|p1a: Milotic|Ice Beam|p2a: Blastoise\n|-resisted|p2a: Blastoise\n|-damage|p2a: Blastoise|0 fnt\n|faint|p2a: Blastoise\n|\n|win|mjgod555\n|l|\u2606mjgod555\n|player|p1|\n|l|\u2606pizzapowergod\n|player|p2|\n|j|\u2606mjgod555\n|player|p1|mjgod555|101|\n", "inputlog": ">version a8376a258c1d4662feba110a92103f3664a72141\n>start {\"formatid\":\"gen9randombattle\",\"seed\":\"sodium,2078f1df7fbae00832daaeb778d009bb\"}\n>player p1 {\"name\":\"mjgod555\",\"avatar\":\"101\",\"rating\":0,\"seed\":\"sodium,a5f2e4e3d56396108b09bbff47d9aa29\"}\n>player p2 {\"name\":\"pizzapowergod\",\"avatar\":\"kimonogirl\",\"rating\":0,\"seed\":\"sodium,6b887a1df0ab0ae8f50d6230315b9b3c\"}\n>chat \u2606pizzapowergod|!weakness Mewtwo \n>p1 move darkpulse\n>p2 move nastyplot\n>p2 switch 6\n>chat \u2606pizzapowergod|!weakness Perrserker \n>p1 move nastyplot\n>p2 move knockoff\n>p1 move darkpulse\n>p2 move ironhead\n>p2 switch 4\n>chat \u2606pizzapowergod|!weakness Floatzel \n>p1 move sludgebomb terastallize\n>p2 move wavecrash\n>p1 switch 4\n>p1 move leafstorm\n>p2 move icespinner\n>p2 switch 5\n>p1 move leafstorm\n>p2 move icebeam\n>p1 switch 2\n>p1 move freezedry\n>p2 switch 3\n>p1 move freezedry\n>p2 move closecombat\n>p1 move freezedry\n>p2 move closecombat terastallize\n>p2 switch 2\n>p1 move freezedry\n>p2 move woodhammer\n>chat \u2606pizzapowergod|!weakness Rillaboom \n>p1 switch 6\n>p1 move bugbuzz\n>p2 move woodhammer\n>p2 switch 3\n>p1 move revivalblessing\n>p2 move shellsmash\n>p1 switch 2\n>p1 move bugbuzz\n>p2 move hydropump\n>p1 move psychic\n>p2 move icebeam\n>p1 switch 2\n>p1 move leafstorm\n>p2 move icebeam\n>p1 switch 5\n>p1 move extremespeed\n>p2 move hydropump\n>p1 switch 3\n>p1 move icebeam\n>p2 move earthquake\n>p1 move icebeam\n>p2 move earthquake", "uploadtime": 1781451749, "views": 11, "formatid": "gen9randombattle", "rating": null, "private": 0, "password": null}