{"id": "gen9randombattle-2631771408", "format": "[Gen 9] Random Battle", "players": ["Illuminating_Fate", "medo6037"], "log": "|j|\u2606Illuminating_Fate\n|j|\u2606medo6037\n|t:|1781437128\n|gametype|singles\n|player|p1|Illuminating_Fate|lucas|2170\n|player|p2|medo6037|n|2177\n|gen|9\n|tier|[Gen 9] Random Battle\n|rated|\n|rule|Species Clause: Limit one of each Pok\u00e9mon\n|rule|HP Percentage Mod: HP is shown in percentages\n|rule|Sleep Clause Mod: Limit one foe put to sleep\n|rule|Illusion Level Mod: Illusion disguises the Pok\u00e9mon's true level\n|\n|t:|1781437128\n|teamsize|p1|6\n|teamsize|p2|6\n|start\n|switch|p1a: Sandy Shocks|Sandy Shocks, L80|267/267\n|switch|p2a: Electivire|Electivire, L84, M|263/263\n|turn|1\n|inactive|Battle timer is ON: inactive players will automatically lose when time's up. (requested by Illuminating_Fate)\n|l|\u2606Illuminating_Fate\n|inactive|Illuminating_Fate disconnected and has a minute to reconnect!\n|player|p1|\n|\n|t:|1781437151\n|switch|p2a: Ho-Oh|Ho-Oh, L71|268/268\n|move|p1a: Sandy Shocks|Earth Power|p2a: Ho-Oh\n|-immune|p2a: Ho-Oh\n|\n|upkeep\n|turn|2\n|inactive|Illuminating_Fate has 30 seconds to reconnect!\n|j|\u2606Illuminating_Fate\n|inactive|Illuminating_Fate reconnected and has 115 seconds left.\n|player|p1|Illuminating_Fate|lucas|\n|\n|t:|1781437190\n|move|p1a: Sandy Shocks|Thunderbolt|p2a: Ho-Oh\n|-supereffective|p2a: Ho-Oh\n|-damage|p2a: Ho-Oh|122/268\n|move|p2a: Ho-Oh|Earthquake|p1a: Sandy Shocks\n|-supereffective|p1a: Sandy Shocks\n|-damage|p1a: Sandy Shocks|135/267\n|\n|-heal|p1a: Sandy Shocks|151/267|[from] item: Leftovers\n|upkeep\n|turn|3\n|\n|t:|1781437206\n|switch|p2a: Electivire|Electivire, L84, M|263/263\n|move|p1a: Sandy Shocks|Stealth Rock|p2a: Electivire\n|-sidestart|p2: medo6037|move: Stealth Rock\n|\n|-heal|p1a: Sandy Shocks|167/267|[from] item: Leftovers\n|upkeep\n|turn|4\n|\n|t:|1781437211\n|move|p2a: Electivire|Earthquake|p1a: Sandy Shocks\n|-supereffective|p1a: Sandy Shocks\n|-damage|p1a: Sandy Shocks|0 fnt\n|faint|p1a: Sandy Shocks\n|-end|p1a: Sandy Shocks|Protosynthesis|[silent]\n|-damage|p2a: Electivire|237/263|[from] item: Life Orb\n|\n|upkeep\n|\n|t:|1781437223\n|switch|p1a: Mesprit|Mesprit, L85|275/275\n|turn|5\n|\n|t:|1781437233\n|move|p2a: Electivire|Supercell Slam|p1a: Mesprit\n|-damage|p1a: Mesprit|127/275\n|-damage|p2a: Electivire|211/263|[from] item: Life Orb\n|move|p1a: Mesprit|Knock Off|p2a: Electivire\n|-damage|p2a: Electivire|113/263\n|-enditem|p2a: Electivire|Life Orb|[from] move: Knock Off|[of] p1a: Mesprit\n|\n|upkeep\n|turn|6\n|\n|t:|1781437240\n|move|p2a: Electivire|Bulk Up|p2a: Electivire\n|-boost|p2a: Electivire|atk|1\n|-boost|p2a: Electivire|def|1\n|move|p1a: Mesprit|Psychic Noise|p2a: Electivire\n|-damage|p2a: Electivire|23/263\n|-start|p2a: Electivire|move: Heal Block\n|\n|upkeep\n|turn|7\n|\n|t:|1781437244\n|move|p2a: Electivire|Supercell Slam|p1a: Mesprit\n|-damage|p1a: Mesprit|0 fnt\n|faint|p1a: Mesprit\n|\n|-end|p2a: Electivire|move: Heal Block\n|upkeep\n|\n|t:|1781437255\n|switch|p1a: Duraludon|Duraludon, L82, M|249/249\n|turn|8\n|\n|t:|1781437263\n|move|p2a: Electivire|Earthquake|p1a: Duraludon\n|-supereffective|p1a: Duraludon\n|-damage|p1a: Duraludon|107/249\n|move|p1a: Duraludon|Body Press|p2a: Electivire\n|-damage|p2a: Electivire|0 fnt\n|faint|p2a: Electivire\n|\n|upkeep\n|\n|t:|1781437271\n|switch|p2a: Drifblim|Drifblim, L86, M|398/398\n|turn|9\n|\n|t:|1781437275\n|switch|p1a: Klefki|Klefki, L84, M|233/233\n|move|p2a: Drifblim|Defog|p1a: Klefki\n|-unboost|p1a: Klefki|evasion|1\n|-sideend|p2: medo6037|Stealth Rock|[from] move: Defog|[of] p2a: Drifblim\n|\n|upkeep\n|turn|10\n|\n|t:|1781437279\n|move|p1a: Klefki|Thunder Wave|p2a: Drifblim\n|-status|p2a: Drifblim|par\n|move|p2a: Drifblim|Shadow Ball|p1a: Klefki\n|-damage|p1a: Klefki|152/233\n|-unboost|p1a: Klefki|spd|1\n|\n|-heal|p1a: Klefki|166/233|[from] item: Leftovers\n|upkeep\n|turn|11\n|\n|t:|1781437283\n|move|p1a: Klefki|Foul Play|p2a: Drifblim\n|-supereffective|p2a: Drifblim\n|-damage|p2a: Drifblim|258/398 par\n|cant|p2a: Drifblim|par\n|\n|-heal|p1a: Klefki|180/233|[from] item: Leftovers\n|upkeep\n|turn|12\n|\n|t:|1781437292\n|move|p1a: Klefki|Foul Play|p2a: Drifblim\n|-supereffective|p2a: Drifblim\n|-damage|p2a: Drifblim|126/398 par\n|cant|p2a: Drifblim|par\n|\n|-heal|p1a: Klefki|194/233|[from] item: Leftovers\n|upkeep\n|turn|13\n|\n|t:|1781437296\n|move|p1a: Klefki|Foul Play|p2a: Drifblim\n|-supereffective|p2a: Drifblim\n|-damage|p2a: Drifblim|0 fnt\n|-damage|p1a: Klefki|136/233|[from] ability: Aftermath|[of] p2a: Drifblim\n|faint|p2a: Drifblim\n|\n|-heal|p1a: Klefki|150/233|[from] item: Leftovers\n|upkeep\n|\n|t:|1781437311\n|switch|p2a: Ho-Oh|Ho-Oh, L71|211/268\n|turn|14\n|\n|t:|1781437314\n|move|p1a: Klefki|Thunder Wave|p2a: Ho-Oh\n|-status|p2a: Ho-Oh|par\n|cant|p2a: Ho-Oh|par\n|\n|-heal|p1a: Klefki|164/233|[from] item: Leftovers\n|upkeep\n|turn|15\n|\n|t:|1781437319\n|switch|p1a: Duraludon|Duraludon, L82, M|107/249\n|move|p2a: Ho-Oh|Sacred Fire|p1a: Duraludon\n|-damage|p1a: Duraludon|56/249\n|-status|p1a: Duraludon|brn\n|\n|-damage|p1a: Duraludon|41/249 brn|[from] brn\n|upkeep\n|turn|16\n|\n|t:|1781437323\n|move|p1a: Duraludon|Draco Meteor|p2a: Ho-Oh\n|-damage|p2a: Ho-Oh|105/268 par\n|-unboost|p1a: Duraludon|spa|2\n|move|p2a: Ho-Oh|Recover|p2a: Ho-Oh\n|-heal|p2a: Ho-Oh|239/268 par\n|\n|-damage|p1a: Duraludon|26/249 brn|[from] brn\n|upkeep\n|turn|17\n|\n|t:|1781437331\n|move|p1a: Duraludon|Draco Meteor|p2a: Ho-Oh\n|-damage|p2a: Ho-Oh|185/268 par\n|-unboost|p1a: Duraludon|spa|2\n|move|p2a: Ho-Oh|Recover|p2a: Ho-Oh\n|-heal|p2a: Ho-Oh|268/268 par\n|\n|-damage|p1a: Duraludon|11/249 brn|[from] brn\n|upkeep\n|turn|18\n|\n|t:|1781437336\n|move|p1a: Duraludon|Draco Meteor|p2a: Ho-Oh\n|-damage|p2a: Ho-Oh|232/268 par\n|-unboost|p1a: Duraludon|spa|2\n|move|p2a: Ho-Oh|Recover|p2a: Ho-Oh\n|-heal|p2a: Ho-Oh|268/268 par\n|\n|-damage|p1a: Duraludon|0 fnt|[from] brn\n|faint|p1a: Duraludon\n|upkeep\n|\n|t:|1781437347\n|switch|p1a: Gyarados|Gyarados, L79, F|280/280\n|turn|19\n|\n|t:|1781437362\n|move|p1a: Gyarados|Dragon Dance|p1a: Gyarados\n|-boost|p1a: Gyarados|atk|1\n|-boost|p1a: Gyarados|spe|1\n|cant|p2a: Ho-Oh|par\n|\n|upkeep\n|turn|20\n|\n|t:|1781437365\n|move|p1a: Gyarados|Waterfall|p2a: Ho-Oh\n|-supereffective|p2a: Ho-Oh\n|-damage|p2a: Ho-Oh|0 fnt\n|faint|p2a: Ho-Oh\n|-ability|p1a: Gyarados|Moxie|boost\n|-boost|p1a: Gyarados|atk|1\n|\n|upkeep\n|\n|t:|1781437369\n|switch|p2a: Zekrom|Zekrom, L71|259/259\n|-ability|p2a: Zekrom|Teravolt\n|turn|21\n|\n|t:|1781437383\n|switch|p1a: Klefki|Klefki, L84, M|164/233\n|-terastallize|p2a: Zekrom|Fairy\n|move|p2a: Zekrom|Bolt Strike|p1a: Klefki\n|-damage|p1a: Klefki|16/233\n|-status|p1a: Klefki|par\n|\n|-heal|p1a: Klefki|30/233 par|[from] item: Leftovers\n|upkeep\n|turn|22\n|\n|t:|1781437388\n|move|p1a: Klefki|Thunder Wave|p2a: Zekrom\n|-status|p2a: Zekrom|par\n|move|p2a: Zekrom|Substitute|p2a: Zekrom\n|-start|p2a: Zekrom|Substitute\n|-damage|p2a: Zekrom|195/259 par\n|\n|-heal|p1a: Klefki|44/233 par|[from] item: Leftovers\n|-heal|p2a: Zekrom|211/259 par|[from] item: Leftovers\n|upkeep\n|turn|23\n|\n|t:|1781437401\n|move|p1a: Klefki|Dazzling Gleam|p2a: Zekrom\n|-end|p2a: Zekrom|Substitute\n|move|p2a: Zekrom|Dragon Dance|p2a: Zekrom\n|-boost|p2a: Zekrom|atk|1\n|-boost|p2a: Zekrom|spe|1\n|\n|-heal|p2a: Zekrom|227/259 par|[from] item: Leftovers\n|-heal|p1a: Klefki|58/233 par|[from] item: Leftovers\n|upkeep\n|turn|24\n|\n|t:|1781437410\n|cant|p2a: Zekrom|par\n|move|p1a: Klefki|Dazzling Gleam|p2a: Zekrom\n|-damage|p2a: Zekrom|154/259 par\n|\n|-heal|p2a: Zekrom|170/259 par|[from] item: Leftovers\n|-heal|p1a: Klefki|72/233 par|[from] item: Leftovers\n|upkeep\n|turn|25\n|\n|t:|1781437413\n|cant|p2a: Zekrom|par\n|move|p1a: Klefki|Dazzling Gleam|p2a: Zekrom\n|-damage|p2a: Zekrom|91/259 par\n|\n|-heal|p2a: Zekrom|107/259 par|[from] item: Leftovers\n|-heal|p1a: Klefki|86/233 par|[from] item: Leftovers\n|upkeep\n|turn|26\n|\n|t:|1781437415\n|move|p2a: Zekrom|Bolt Strike|p1a: Klefki|[miss]\n|-miss|p2a: Zekrom|p1a: Klefki\n|move|p1a: Klefki|Dazzling Gleam|p2a: Zekrom\n|-damage|p2a: Zekrom|29/259 par\n|\n|-heal|p2a: Zekrom|45/259 par|[from] item: Leftovers\n|-heal|p1a: Klefki|100/233 par|[from] item: Leftovers\n|upkeep\n|turn|27\n|-message|medo6037 forfeited.\n|\n|win|Illuminating_Fate\n", "inputlog": ">version a8376a258c1d4662feba110a92103f3664a72141\n>start {\"formatid\":\"gen9randombattle\",\"seed\":\"sodium,90b5c74d5e66d287a23c2e4f0606ea8a\",\"rated\":\"Rated battle\"}\n>player p1 {\"name\":\"Illuminating_Fate\",\"avatar\":\"lucas\",\"rating\":2170,\"seed\":\"sodium,d6755ab25f3a38a632ae102426bec635\"}\n>player p2 {\"name\":\"medo6037\",\"avatar\":\"n\",\"rating\":2177,\"seed\":\"sodium,c179e30d2f5133afca5c111aba8afe2d\"}\n>p1 move earthpower\n>p2 switch 5\n>p1 move thunderbolt\n>p2 move earthquake\n>p1 move stealthrock\n>p2 switch 5\n>p1 move earthpower\n>p2 move earthquake\n>p1 switch 6\n>p1 move knockoff\n>p2 move supercellslam\n>p1 move psychicnoise\n>p2 move bulkup\n>p1 move psychicnoise\n>p2 move supercellslam\n>p1 switch 2\n>p1 move bodypress\n>p2 move earthquake\n>p2 switch 4\n>p1 switch 3\n>p2 move defog\n>p1 move thunderwave\n>p2 move shadowball\n>p1 move foulplay\n>p2 move shadowball\n>p1 move foulplay\n>p2 move strengthsap\n>p1 move foulplay\n>p2 move strengthsap\n>p2 switch 5\n>p1 move thunderwave\n>p2 move sacredfire\n>p1 switch 3\n>p2 move sacredfire\n>p1 move dracometeor\n>p2 move recover\n>p1 move dracometeor\n>p2 move recover\n>p1 move dracometeor\n>p2 move recover\n>p1 switch 5\n>p1 move dragondance\n>p2 move sacredfire\n>p1 move waterfall\n>p2 move sacredfire\n>p2 switch 2\n>p1 switch 3\n>p2 move boltstrike terastallize\n>p1 move thunderwave\n>p2 move substitute\n>p1 move dazzlinggleam\n>p2 move dragondance\n>p1 move dazzlinggleam\n>p2 move boltstrike\n>p1 move dazzlinggleam\n>p2 move boltstrike\n>p1 move dazzlinggleam\n>p2 move boltstrike\n>forcelose p2", "uploadtime": 1781437131, "views": 7, "formatid": "gen9randombattle", "rating": null, "private": 0, "password": null}