{"id": "gen9randombattle-2631555008", "format": "[Gen 9] Random Battle", "players": ["Arcangel666", "Pecoplush"], "log": "|j|\u2606Arcangel666\n|j|\u2606Pecoplush\n|t:|1781400656\n|gametype|singles\n|player|p1|Arcangel666|piers-masters|2025\n|player|p2|Pecoplush|rika|2110\n|gen|9\n|tier|[Gen 9] Random Battle\n|rated|\n|rule|Species Clause: Limit one of each Pok\u00e9mon\n|rule|HP Percentage Mod: HP is shown in percentages\n|rule|Sleep Clause Mod: Limit one foe put to sleep\n|rule|Illusion Level Mod: Illusion disguises the Pok\u00e9mon's true level\n|\n|t:|1781400656\n|teamsize|p1|6\n|teamsize|p2|6\n|start\n|switch|p1a: Tinkaton|Tinkaton, L82, F|274/274\n|switch|p2a: Bronzong|Bronzong, L88|261/261\n|-ability|p1a: Tinkaton|Mold Breaker\n|turn|1\n|inactive|Battle timer is ON: inactive players will automatically lose when time's up. (requested by Pecoplush)\n|\n|t:|1781400668\n|move|p1a: Tinkaton|Stealth Rock|p2a: Bronzong\n|-sidestart|p2: Pecoplush|move: Stealth Rock\n|move|p2a: Bronzong|Stealth Rock|p1a: Tinkaton\n|-sidestart|p1: Arcangel666|move: Stealth Rock\n|\n|upkeep\n|turn|2\n|\n|t:|1781400672\n|move|p1a: Tinkaton|Encore|p2a: Bronzong\n|-start|p2a: Bronzong|Encore\n|move|p2a: Bronzong|Stealth Rock||[still]\n|-fail|p2a: Bronzong\n|\n|upkeep\n|turn|3\n|\n|t:|1781400678\n|switch|p2a: Swanna|Swanna, L89, F|278/278\n|move|p1a: Tinkaton|Gigaton Hammer|p2a: Swanna\n|-resisted|p2a: Swanna\n|-damage|p2a: Swanna|200/278\n|\n|upkeep\n|turn|4\n|\n|t:|1781400681\n|move|p2a: Swanna|Hydro Pump|p1a: Tinkaton\n|-damage|p1a: Tinkaton|157/274\n|move|p1a: Tinkaton|Play Rough|p2a: Swanna\n|-damage|p2a: Swanna|107/278\n|\n|-heal|p1a: Tinkaton|174/274|[from] item: Leftovers\n|upkeep\n|turn|5\n|\n|t:|1781400689\n|switch|p2a: Bronzong|Bronzong, L88|261/261\n|-damage|p2a: Bronzong|245/261|[from] Stealth Rock\n|move|p1a: Tinkaton|Encore||[still]\n|-fail|p1a: Tinkaton\n|\n|-heal|p1a: Tinkaton|191/274|[from] item: Leftovers\n|-heal|p2a: Bronzong|261/261|[from] item: Leftovers\n|upkeep\n|turn|6\n|\n|t:|1781400700\n|switch|p1a: Pyroar|Pyroar, L88, F|295/295\n|-ability|p1a: Pyroar|Unnerve\n|move|p2a: Bronzong|Earthquake|p1a: Pyroar\n|-supereffective|p1a: Pyroar\n|-crit|p1a: Pyroar\n|-damage|p1a: Pyroar|37/295\n|\n|upkeep\n|turn|7\n|\n|t:|1781400712\n|move|p1a: Pyroar|Fire Blast|p2a: Bronzong\n|-supereffective|p2a: Bronzong\n|-damage|p2a: Bronzong|57/261\n|move|p2a: Bronzong|Psychic Noise|p1a: Pyroar\n|-damage|p1a: Pyroar|0 fnt\n|faint|p1a: Pyroar\n|\n|-heal|p2a: Bronzong|73/261|[from] item: Leftovers\n|upkeep\n|\n|t:|1781400721\n|switch|p1a: Grafaiai|Grafaiai, L86, M|249/249\n|-damage|p1a: Grafaiai|218/249|[from] Stealth Rock\n|turn|8\n|\n|t:|1781400730\n|move|p1a: Grafaiai|Knock Off|p2a: Bronzong\n|-supereffective|p2a: Bronzong\n|-damage|p2a: Bronzong|0 fnt\n|-enditem|p2a: Bronzong|Leftovers|[from] move: Knock Off|[of] p1a: Grafaiai\n|faint|p2a: Bronzong\n|-damage|p1a: Grafaiai|194/249|[from] item: Life Orb\n|\n|upkeep\n|\n|t:|1781400744\n|switch|p2a: Sandaconda|Sandaconda, L84, M|258/258\n|-damage|p2a: Sandaconda|242/258|[from] Stealth Rock\n|turn|9\n|\n|t:|1781400749\n|switch|p1a: Breloom|Breloom, L83, M|235/235\n|-damage|p1a: Breloom|221/235|[from] Stealth Rock\n|move|p2a: Sandaconda|Glare|p1a: Breloom\n|-status|p1a: Breloom|par\n|\n|-heal|p2a: Sandaconda|258/258|[from] item: Leftovers\n|upkeep\n|turn|10\n|\n|t:|1781400759\n|switch|p2a: Swanna|Swanna, L89, F|107/278\n|move|p1a: Breloom|Bullet Seed|p2a: Swanna\n|-crit|p2a: Swanna\n|-damage|p2a: Swanna|0 fnt\n|faint|p2a: Swanna\n|-hitcount|p2: Swanna|1\n|-damage|p1a: Breloom|198/235 par|[from] item: Life Orb\n|\n|upkeep\n|\n|t:|1781400774\n|switch|p2a: Avalugg|Avalugg-Hisui, L90, M|317/317\n|turn|11\n|\n|t:|1781400779\n|switch|p1a: Tinkaton|Tinkaton, L82, F|191/274\n|-damage|p1a: Tinkaton|174/274|[from] Stealth Rock\n|-ability|p1a: Tinkaton|Mold Breaker\n|move|p2a: Avalugg|Avalanche|p1a: Tinkaton\n|-resisted|p1a: Tinkaton\n|-damage|p1a: Tinkaton|123/274\n|\n|-heal|p1a: Tinkaton|140/274|[from] item: Leftovers\n|upkeep\n|turn|12\n|\n|t:|1781400790\n|switch|p2a: Sandaconda|Sandaconda, L84, M|258/258\n|-damage|p2a: Sandaconda|242/258|[from] Stealth Rock\n|move|p1a: Tinkaton|Gigaton Hammer|p2a: Sandaconda\n|-damage|p2a: Sandaconda|149/258\n|\n|-heal|p1a: Tinkaton|157/274|[from] item: Leftovers\n|-heal|p2a: Sandaconda|165/258|[from] item: Leftovers\n|upkeep\n|turn|13\n|\n|t:|1781400794\n|switch|p1a: Breloom|Breloom, L83, M|198/235 par\n|-damage|p1a: Breloom|184/235 par|[from] Stealth Rock\n|move|p2a: Sandaconda|Earthquake|p1a: Breloom\n|-resisted|p1a: Breloom\n|-damage|p1a: Breloom|124/235 par\n|\n|-heal|p2a: Sandaconda|181/258|[from] item: Leftovers\n|upkeep\n|turn|14\n|\n|t:|1781400802\n|move|p2a: Sandaconda|Earthquake|p1a: Breloom\n|-resisted|p1a: Breloom\n|-damage|p1a: Breloom|58/235 par\n|move|p1a: Breloom|Bullet Seed|p2a: Sandaconda\n|-supereffective|p2a: Sandaconda\n|-damage|p2a: Sandaconda|72/258\n|-supereffective|p2a: Sandaconda\n|-damage|p2a: Sandaconda|0 fnt\n|faint|p2a: Sandaconda\n|-hitcount|p2: Sandaconda|2\n|-damage|p1a: Breloom|35/235 par|[from] item: Life Orb\n|\n|upkeep\n|\n|t:|1781400810\n|switch|p2a: Avalugg|Avalugg-Hisui, L90, M|317/317\n|turn|15\n|\n|t:|1781400814\n|move|p1a: Breloom|Mach Punch|p2a: Avalugg\n|-supereffective|p2a: Avalugg\n|-damage|p2a: Avalugg|109/317\n|-damage|p1a: Breloom|12/235 par|[from] item: Life Orb\n|move|p2a: Avalugg|Body Press|p1a: Breloom\n|-damage|p1a: Breloom|0 fnt\n|faint|p1a: Breloom\n|\n|upkeep\n|\n|t:|1781400818\n|switch|p1a: Tinkaton|Tinkaton, L82, F|157/274\n|-damage|p1a: Tinkaton|140/274|[from] Stealth Rock\n|-ability|p1a: Tinkaton|Mold Breaker\n|turn|16\n|\n|t:|1781400822\n|move|p1a: Tinkaton|Gigaton Hammer|p2a: Avalugg\n|-supereffective|p2a: Avalugg\n|-damage|p2a: Avalugg|0 fnt\n|faint|p2a: Avalugg\n|\n|-heal|p1a: Tinkaton|157/274|[from] item: Leftovers\n|upkeep\n|\n|t:|1781400840\n|switch|p2a: Drednaw|Drednaw, L81, F|278/278\n|-damage|p2a: Drednaw|244/278|[from] Stealth Rock\n|turn|17\n|\n|t:|1781400850\n|move|p1a: Tinkaton|Play Rough|p2a: Drednaw\n|-damage|p2a: Drednaw|174/278\n|move|p2a: Drednaw|Shell Smash|p2a: Drednaw\n|-unboost|p2a: Drednaw|def|1\n|-unboost|p2a: Drednaw|spd|1\n|-boost|p2a: Drednaw|atk|2\n|-boost|p2a: Drednaw|spa|2\n|-boost|p2a: Drednaw|spe|2\n|-enditem|p2a: Drednaw|White Herb\n|-clearnegativeboost|p2a: Drednaw|[silent]\n|\n|-heal|p1a: Tinkaton|174/274|[from] item: Leftovers\n|upkeep\n|turn|18\n|\n|t:|1781400865\n|move|p2a: Drednaw|Liquidation|p1a: Tinkaton\n|-crit|p1a: Tinkaton\n|-damage|p1a: Tinkaton|0 fnt\n|faint|p1a: Tinkaton\n|\n|upkeep\n|\n|t:|1781400871\n|switch|p1a: Wugtrio|Wugtrio, L91, M|212/212\n|-damage|p1a: Wugtrio|186/212|[from] Stealth Rock\n|turn|19\n|\n|t:|1781400884\n|-terastallize|p1a: Wugtrio|Water\n|move|p1a: Wugtrio|Aqua Jet|p2a: Drednaw\n|-damage|p2a: Drednaw|72/278\n|move|p2a: Drednaw|Crunch|p1a: Wugtrio\n|-damage|p1a: Wugtrio|0 fnt\n|-ability|p1a: Wugtrio|Gooey\n|-unboost|p2a: Drednaw|spe|1\n|faint|p1a: Wugtrio\n|\n|upkeep\n|\n|t:|1781400892\n|switch|p1a: Grafaiai|Grafaiai, L86, M|194/249\n|-damage|p1a: Grafaiai|163/249|[from] Stealth Rock\n|turn|20\n|\n|t:|1781400899\n|move|p2a: Drednaw|Crunch|p1a: Grafaiai\n|-damage|p1a: Grafaiai|0 fnt\n|faint|p1a: Grafaiai\n|\n|upkeep\n|\n|t:|1781400902\n|switch|p1a: Cetitan|Cetitan, L82, M|412/412\n|-damage|p1a: Cetitan|309/412|[from] Stealth Rock\n|turn|21\n|\n|t:|1781400917\n|-terastallize|p2a: Drednaw|Dark\n|move|p2a: Drednaw|Crunch|p1a: Cetitan\n|-damage|p1a: Cetitan|0 fnt\n|faint|p1a: Cetitan\n|\n|win|Pecoplush\n", "uploadtime": 1781400659, "views": 3, "formatid": "gen9randombattle", "rating": null, "private": 0, "password": null}