{"id": "gen9randombattle-2631686416", "format": "[Gen 9] Random Battle", "players": ["hkejejej", "surge_phoenix"], "log": "|j|\u2606hkejejej\n|j|\u2606surge_phoenix\n|t:|1781421674\n|gametype|singles\n|player|p1|hkejejej|169|\n|player|p2|surge_phoenix|steven|\n|gen|9\n|tier|[Gen 9] Random Battle\n|rule|Species Clause: Limit one of each Pok\u00e9mon\n|rule|HP Percentage Mod: HP is shown in percentages\n|rule|Sleep Clause Mod: Limit one foe put to sleep\n|rule|Illusion Level Mod: Illusion disguises the Pok\u00e9mon's true level\n|\n|t:|1781421674\n|teamsize|p1|6\n|teamsize|p2|6\n|start\n|switch|p1a: Hitmonchan|Hitmonchan, L87, M|229/229\n|switch|p2a: Ninetales|Ninetales-Alola, L78, F|242/242\n|-weather|Snowscape|[from] ability: Snow Warning|[of] p2a: Ninetales\n|turn|1\n|\n|t:|1781421725\n|switch|p2a: Salazzle|Salazzle, L83, F|249/249\n|move|p1a: Hitmonchan|Knock Off|p2a: Salazzle\n|-damage|p2a: Salazzle|145/249\n|-enditem|p2a: Salazzle|Leftovers|[from] move: Knock Off|[of] p1a: Hitmonchan\n|\n|-weather|Snowscape|[upkeep]\n|upkeep\n|turn|2\n|\n|t:|1781421740\n|move|p2a: Salazzle|Toxic|p1a: Hitmonchan\n|-status|p1a: Hitmonchan|tox\n|move|p1a: Hitmonchan|Drain Punch|p2a: Salazzle\n|-resisted|p2a: Salazzle\n|-damage|p2a: Salazzle|77/249\n|\n|-weather|Snowscape|[upkeep]\n|-damage|p1a: Hitmonchan|215/229 tox|[from] psn\n|upkeep\n|turn|3\n|\n|t:|1781421751\n|move|p2a: Salazzle|Protect|p2a: Salazzle\n|-singleturn|p2a: Salazzle|Protect\n|move|p1a: Hitmonchan|Knock Off|p2a: Salazzle\n|-activate|p2a: Salazzle|move: Protect\n|\n|-weather|Snowscape|[upkeep]\n|-damage|p1a: Hitmonchan|187/229 tox|[from] psn\n|upkeep\n|turn|4\n|\n|t:|1781421760\n|move|p2a: Salazzle|Substitute|p2a: Salazzle\n|-start|p2a: Salazzle|Substitute\n|-damage|p2a: Salazzle|15/249\n|move|p1a: Hitmonchan|Knock Off|p2a: Salazzle\n|-end|p2a: Salazzle|Substitute\n|\n|-weather|Snowscape|[upkeep]\n|-damage|p1a: Hitmonchan|145/229 tox|[from] psn\n|upkeep\n|turn|5\n|\n|t:|1781421769\n|move|p2a: Salazzle|Protect|p2a: Salazzle\n|-singleturn|p2a: Salazzle|Protect\n|move|p1a: Hitmonchan|Knock Off|p2a: Salazzle\n|-activate|p2a: Salazzle|move: Protect\n|\n|-weather|none\n|-damage|p1a: Hitmonchan|89/229 tox|[from] psn\n|upkeep\n|turn|6\n|\n|t:|1781421778\n|move|p2a: Salazzle|Flamethrower|p1a: Hitmonchan\n|-damage|p1a: Hitmonchan|32/229 tox\n|move|p1a: Hitmonchan|Knock Off|p2a: Salazzle\n|-damage|p2a: Salazzle|0 fnt\n|faint|p2a: Salazzle\n|\n|-damage|p1a: Hitmonchan|0 fnt|[from] psn\n|faint|p1a: Hitmonchan\n|upkeep\n|\n|t:|1781421797\n|switch|p2a: Spidops|Spidops, L96, F|271/271\n|switch|p1a: Eiscue|Eiscue, L88, M|274/274\n|turn|7\n|\n|t:|1781421815\n|move|p1a: Eiscue|Ice Spinner|p2a: Spidops\n|-damage|p2a: Spidops|198/271\n|move|p2a: Spidops|Circle Throw|p1a: Eiscue\n|-activate|p1a: Eiscue|ability: Ice Face\n|-damage|p1a: Eiscue|274/274\n|detailschange|p1a: Eiscue|Eiscue-Noice, L88, M\n|drag|p1a: Garchomp|Garchomp, L74, F|282/282\n|\n|upkeep\n|turn|8\n|\n|t:|1781421856\n|move|p2a: Spidops|Sticky Web|p1a: Garchomp\n|-sidestart|p1: hkejejej|move: Sticky Web\n|move|p1a: Garchomp|Dragon Tail|p2a: Spidops\n|-damage|p2a: Spidops|144/271\n|drag|p2a: Ninetales|Ninetales-Alola, L78, F|242/242\n|-weather|Snowscape|[from] ability: Snow Warning|[of] p2a: Ninetales\n|\n|-weather|Snowscape|[upkeep]\n|upkeep\n|turn|9\n|\n|t:|1781421865\n|move|p2a: Ninetales|Aurora Veil|p2a: Ninetales\n|-sidestart|p2: surge_phoenix|move: Aurora Veil\n|move|p1a: Garchomp|Stealth Rock|p2a: Ninetales\n|-sidestart|p2: surge_phoenix|move: Stealth Rock\n|\n|-weather|Snowscape|[upkeep]\n|upkeep\n|turn|10\n|\n|t:|1781421873\n|move|p2a: Ninetales|Blizzard|p1a: Garchomp\n|-supereffective|p1a: Garchomp\n|-damage|p1a: Garchomp|0 fnt\n|faint|p1a: Garchomp\n|\n|-weather|Snowscape|[upkeep]\n|upkeep\n|\n|t:|1781421880\n|switch|p1a: Armarouge|Armarouge, L80, F|267/267\n|-activate|p1a: Armarouge|move: Sticky Web\n|-unboost|p1a: Armarouge|spe|1\n|turn|11\n|\n|t:|1781421890\n|switch|p2a: Golduck|Golduck, L90, M|290/290\n|-damage|p2a: Golduck|254/290|[from] Stealth Rock\n|-ability|p2a: Golduck|Cloud Nine\n|move|p1a: Armarouge|Armor Cannon|p2a: Golduck\n|-resisted|p2a: Golduck\n|-damage|p2a: Golduck|217/290\n|-unboost|p1a: Armarouge|def|1\n|-unboost|p1a: Armarouge|spd|1\n|\n|-weather|Snowscape|[upkeep]\n|-heal|p2a: Golduck|235/290|[from] item: Leftovers\n|upkeep\n|turn|12\n|\n|t:|1781421904\n|move|p2a: Golduck|Nasty Plot|p2a: Golduck\n|-boost|p2a: Golduck|spa|2\n|move|p1a: Armarouge|Energy Ball|p2a: Golduck\n|-supereffective|p2a: Golduck\n|-crit|p2a: Golduck\n|-damage|p2a: Golduck|33/290\n|\n|-weather|none\n|-heal|p2a: Golduck|51/290|[from] item: Leftovers\n|upkeep\n|turn|13\n|\n|t:|1781421920\n|move|p2a: Golduck|Hydro Pump|p1a: Armarouge\n|-supereffective|p1a: Armarouge\n|-damage|p1a: Armarouge|0 fnt\n|faint|p1a: Armarouge\n|\n|-heal|p2a: Golduck|69/290|[from] item: Leftovers\n|upkeep\n|\n|t:|1781421928\n|switch|p1a: Munkidori|Munkidori, L79, M|269/269\n|-activate|p1a: Munkidori|move: Sticky Web\n|-unboost|p1a: Munkidori|spe|1\n|turn|14\n|\n|t:|1781421934\n|move|p1a: Munkidori|Fake Out|p2a: Golduck\n|-damage|p2a: Golduck|59/290\n|-status|p2a: Golduck|tox|[from] ability: Toxic Chain|[of] p1a: Munkidori\n|cant|p2a: Golduck|flinch\n|\n|-heal|p2a: Golduck|77/290 tox|[from] item: Leftovers\n|-damage|p2a: Golduck|59/290 tox|[from] psn\n|upkeep\n|turn|15\n|\n|t:|1781421947\n|move|p2a: Golduck|Hydro Pump|p1a: Munkidori|[miss]\n|-miss|p2a: Golduck|p1a: Munkidori\n|move|p1a: Munkidori|U-turn|p2a: Golduck\n|-damage|p2a: Golduck|41/290 tox\n|\n|t:|1781421955\n|switch|p1a: Drifblim|Drifblim, L86, F|396/396|[from] U-turn\n|\n|-heal|p2a: Golduck|59/290 tox|[from] item: Leftovers\n|-damage|p2a: Golduck|23/290 tox|[from] psn\n|upkeep\n|turn|16\n|\n|t:|1781421967\n|move|p2a: Golduck|Ice Beam|p1a: Drifblim\n|-supereffective|p1a: Drifblim\n|-crit|p1a: Drifblim\n|-damage|p1a: Drifblim|0 fnt\n|faint|p1a: Drifblim\n|\n|-heal|p2a: Golduck|41/290 tox|[from] item: Leftovers\n|-damage|p2a: Golduck|0 fnt|[from] psn\n|faint|p2a: Golduck\n|-sideend|p2: surge_phoenix|move: Aurora Veil\n|upkeep\n|\n|t:|1781421990\n|switch|p2a: Indeedee|Indeedee, L84, M|238/238\n|switch|p1a: Eiscue|Eiscue-Noice, L88, M|274/274\n|-activate|p1a: Eiscue|move: Sticky Web\n|-unboost|p1a: Eiscue|spe|1\n|-damage|p2a: Indeedee|209/238|[from] Stealth Rock\n|-fieldstart|move: Psychic Terrain|[from] ability: Psychic Surge|[of] p2a: Indeedee\n|turn|17\n|\n|t:|1781422006\n|-terastallize|p2a: Indeedee|Psychic\n|move|p2a: Indeedee|Expanding Force|p1a: Eiscue\n|-crit|p1a: Eiscue\n|-damage|p1a: Eiscue|0 fnt\n|faint|p1a: Eiscue\n|-damage|p2a: Indeedee|186/238|[from] item: Life Orb\n|\n|upkeep\n|\n|t:|1781422014\n|switch|p1a: Munkidori|Munkidori, L79, M|269/269\n|-activate|p1a: Munkidori|move: Sticky Web\n|-unboost|p1a: Munkidori|spe|1\n|turn|18\n|\n|t:|1781422019\n|move|p1a: Munkidori|Fake Out|p2a: Indeedee\n|-activate|p2a: Indeedee|move: Psychic Terrain\n|move|p2a: Indeedee|Expanding Force|p1a: Munkidori\n|-damage|p1a: Munkidori|53/269\n|-damage|p2a: Indeedee|163/238|[from] item: Life Orb\n|\n|upkeep\n|turn|19\n|\n|t:|1781422038\n|move|p2a: Indeedee|Expanding Force|p1a: Munkidori\n|-damage|p1a: Munkidori|0 fnt\n|faint|p1a: Munkidori\n|-damage|p2a: Indeedee|140/238|[from] item: Life Orb\n|\n|win|surge_phoenix\n|l|\u2606hkejejej\n|player|p1|\n", "inputlog": ">version a8376a258c1d4662feba110a92103f3664a72141\n>start {\"formatid\":\"gen9randombattle\",\"seed\":\"sodium,792ea0a589ddc3493689aec738c6ac2d\"}\n>player p1 {\"name\":\"hkejejej\",\"avatar\":\"169\",\"rating\":0,\"seed\":\"sodium,990b55ae5d4172365d9503bf2f1c0ef6\"}\n>player p2 {\"name\":\"surge_phoenix\",\"avatar\":\"steven\",\"rating\":0,\"seed\":\"sodium,a9280c113a03dd1040ad5f11ec10df09\"}\n>p1 move knockoff\n>p2 switch 5\n>p1 move drainpunch\n>p2 move toxic\n>p1 move knockoff\n>p2 move protect\n>p1 move knockoff\n>p2 move substitute\n>p1 move knockoff\n>p2 move protect\n>p1 move knockoff\n>p2 move flamethrower\n>p1 switch 5\n>p2 switch 4\n>p1 move icespinner\n>p2 move circlethrow\n>p1 move dragontail\n>p2 move stickyweb\n>p1 move stealthrock\n>p2 move auroraveil\n>p1 move dragontail\n>p2 move blizzard\n>p1 switch 4\n>p1 move armorcannon\n>p2 switch 3\n>p1 move energyball\n>p2 move nastyplot\n>p1 move psyshock\n>p2 move hydropump\n>p1 switch 2\n>p1 move fakeout\n>p2 move hydropump\n>p1 move uturn\n>p2 move hydropump\n>p1 switch 3\n>p1 move shadowball\n>p2 move icebeam\n>p1 switch 6\n>p2 switch 6\n>p1 move bellydrum\n>p2 move expandingforce terastallize\n>p1 switch 3\n>p1 move fakeout\n>p2 move expandingforce\n>p1 move sludgewave\n>p2 move expandingforce", "uploadtime": 1781422048, "views": 5, "formatid": "gen9randombattle", "rating": null, "private": 0, "password": null}