{"id": "gen9randombattle-2631960290", "format": "[Gen 9] Random Battle", "players": ["pablovr", "Rocksas"], "log": "|j|\u2606pablovr\n|j|\u2606Rocksas\n|t:|1781460129\n|gametype|singles\n|player|p1|pablovr|hiker-gen4|1928\n|player|p2|Rocksas|n|1900\n|gen|9\n|tier|[Gen 9] Random Battle\n|rated|\n|rule|Species Clause: Limit one of each Pok\u00e9mon\n|rule|HP Percentage Mod: HP is shown in percentages\n|rule|Sleep Clause Mod: Limit one foe put to sleep\n|rule|Illusion Level Mod: Illusion disguises the Pok\u00e9mon's true level\n|\n|t:|1781460129\n|teamsize|p1|6\n|teamsize|p2|6\n|start\n|switch|p1a: Vivillon|Vivillon-Icy Snow, L83, M|268/268\n|switch|p2a: Mesprit|Mesprit, L85|275/275\n|turn|1\n|\n|t:|1781460168\n|move|p1a: Vivillon|Quiver Dance|p1a: Vivillon\n|-boost|p1a: Vivillon|spa|1\n|-boost|p1a: Vivillon|spd|1\n|-boost|p1a: Vivillon|spe|1\n|move|p2a: Mesprit|Thunderbolt|p1a: Vivillon\n|-supereffective|p1a: Vivillon\n|-damage|p1a: Vivillon|86/268\n|-damage|p2a: Mesprit|248/275|[from] item: Life Orb\n|\n|upkeep\n|turn|2\n|\n|t:|1781460176\n|move|p1a: Vivillon|Sleep Powder|p2a: Mesprit\n|-status|p2a: Mesprit|slp|[from] move: Sleep Powder\n|cant|p2a: Mesprit|slp\n|\n|upkeep\n|turn|3\n|\n|t:|1781460186\n|switch|p2a: Wugtrio|Wugtrio, L91, M|212/212\n|move|p1a: Vivillon|Quiver Dance|p1a: Vivillon\n|-boost|p1a: Vivillon|spa|1\n|-boost|p1a: Vivillon|spd|1\n|-boost|p1a: Vivillon|spe|1\n|\n|upkeep\n|turn|4\n|\n|t:|1781460193\n|switch|p1a: Serperior|Serperior, L79, M|248/248\n|move|p2a: Wugtrio|Aqua Jet|p1a: Serperior\n|-resisted|p1a: Serperior\n|-damage|p1a: Serperior|209/248\n|\n|upkeep\n|turn|5\n|\n|t:|1781460201\n|switch|p2a: Registeel|Registeel, L81|262/262\n|move|p1a: Serperior|Leaf Storm|p2a: Registeel\n|-resisted|p2a: Registeel\n|-damage|p2a: Registeel|218/262\n|-boost|p1a: Serperior|spa|2\n|-damage|p1a: Serperior|185/248|[from] item: Life Orb\n|\n|upkeep\n|turn|6\n|\n|t:|1781460206\n|move|p1a: Serperior|Glare|p2a: Registeel\n|-status|p2a: Registeel|par\n|move|p2a: Registeel|Iron Defense|p2a: Registeel\n|-boost|p2a: Registeel|def|2\n|\n|upkeep\n|turn|7\n|\n|t:|1781460219\n|move|p1a: Serperior|Leaf Storm|p2a: Registeel|[miss]\n|-miss|p1a: Serperior|p2a: Registeel\n|move|p2a: Registeel|Rest|p2a: Registeel\n|-status|p2a: Registeel|slp|[from] move: Rest\n|-heal|p2a: Registeel|262/262 slp|[silent]\n|-enditem|p2a: Registeel|Chesto Berry|[eat]\n|-curestatus|p2a: Registeel|slp|[msg]\n|\n|upkeep\n|turn|8\n|\n|t:|1781460223\n|move|p1a: Serperior|Glare|p2a: Registeel\n|-status|p2a: Registeel|par\n|cant|p2a: Registeel|par\n|\n|upkeep\n|turn|9\n|\n|t:|1781460227\n|move|p1a: Serperior|Leaf Storm|p2a: Registeel\n|-resisted|p2a: Registeel\n|-damage|p2a: Registeel|175/262 par\n|-boost|p1a: Serperior|spa|2\n|-damage|p1a: Serperior|161/248|[from] item: Life Orb\n|move|p2a: Registeel|Body Press|p1a: Serperior\n|-damage|p1a: Serperior|3/248\n|\n|upkeep\n|turn|10\n|\n|t:|1781460237\n|move|p1a: Serperior|Synthesis|p1a: Serperior\n|-heal|p1a: Serperior|127/248\n|move|p2a: Registeel|Body Press|p1a: Serperior\n|-damage|p1a: Serperior|0 fnt\n|faint|p1a: Serperior\n|\n|upkeep\n|\n|t:|1781460251\n|switch|p1a: Clodsire|Clodsire, L81, F|343/343\n|turn|11\n|\n|t:|1781460260\n|switch|p2a: Mesprit|Mesprit, L85|248/275 slp\n|move|p1a: Clodsire|Earthquake|p2a: Mesprit\n|-immune|p2a: Mesprit|[from] ability: Levitate\n|\n|upkeep\n|turn|12\n|inactive|Battle timer is ON: inactive players will automatically lose when time's up. (requested by Rocksas)\n|\n|t:|1781460289\n|cant|p2a: Mesprit|slp\n|move|p1a: Clodsire|Gunk Shot|p2a: Mesprit\n|-damage|p2a: Mesprit|169/275 slp\n|\n|upkeep\n|turn|13\n|\n|t:|1781460298\n|switch|p1a: Kleavor|Kleavor, L78, M|237/237\n|cant|p2a: Mesprit|slp\n|\n|upkeep\n|turn|14\n|\n|t:|1781460305\n|switch|p2a: Registeel|Registeel, L81|175/262 par\n|move|p1a: Kleavor|Stone Axe|p2a: Registeel\n|-resisted|p2a: Registeel\n|-damage|p2a: Registeel|134/262 par\n|-sidestart|p2: Rocksas|move: Stealth Rock\n|\n|upkeep\n|turn|15\n|\n|t:|1781460328\n|switch|p1a: Clodsire|Clodsire, L81, F|343/343\n|move|p2a: Registeel|Rest|p2a: Registeel\n|-status|p2a: Registeel|slp|[from] move: Rest\n|-heal|p2a: Registeel|262/262 slp|[silent]\n|\n|upkeep\n|turn|16\n|\n|t:|1781460343\n|switch|p2a: Moltres|Moltres, L81|278/278\n|move|p1a: Clodsire|Spikes|p2a: Moltres\n|-sidestart|p2: Rocksas|Spikes\n|\n|upkeep\n|turn|17\n|\n|t:|1781460364\n|move|p2a: Moltres|Brave Bird|p1a: Clodsire\n|-damage|p1a: Clodsire|175/343\n|-damage|p2a: Moltres|223/278|[from] Recoil\n|move|p1a: Clodsire|Spikes|p2a: Moltres\n|-sidestart|p2: Rocksas|Spikes\n|\n|-heal|p1a: Clodsire|196/343|[from] item: Leftovers\n|upkeep\n|turn|18\n|\n|t:|1781460370\n|move|p2a: Moltres|Brave Bird|p1a: Clodsire\n|-damage|p1a: Clodsire|43/343\n|-damage|p2a: Moltres|173/278|[from] Recoil\n|move|p1a: Clodsire|Recover|p1a: Clodsire\n|-heal|p1a: Clodsire|215/343\n|\n|-heal|p1a: Clodsire|236/343|[from] item: Leftovers\n|upkeep\n|turn|19\n|\n|t:|1781460375\n|move|p2a: Moltres|Roost|p2a: Moltres\n|-heal|p2a: Moltres|278/278\n|-singleturn|p2a: Moltres|move: Roost\n|move|p1a: Clodsire|Recover|p1a: Clodsire\n|-heal|p1a: Clodsire|343/343\n|\n|upkeep\n|turn|20\n|\n|t:|1781460379\n|move|p2a: Moltres|Scorching Sands|p1a: Clodsire\n|-supereffective|p1a: Clodsire\n|-damage|p1a: Clodsire|235/343\n|-status|p1a: Clodsire|brn\n|move|p1a: Clodsire|Spikes|p2a: Moltres\n|-sidestart|p2: Rocksas|Spikes\n|\n|-heal|p1a: Clodsire|256/343 brn|[from] item: Leftovers\n|-damage|p1a: Clodsire|235/343 brn|[from] brn\n|upkeep\n|turn|21\n|\n|t:|1781460389\n|move|p2a: Moltres|Brave Bird|p1a: Clodsire\n|-damage|p1a: Clodsire|70/343 brn\n|-damage|p2a: Moltres|224/278|[from] Recoil\n|move|p1a: Clodsire|Gunk Shot|p2a: Moltres\n|-damage|p2a: Moltres|178/278\n|\n|-heal|p1a: Clodsire|91/343 brn|[from] item: Leftovers\n|-damage|p1a: Clodsire|70/343 brn|[from] brn\n|upkeep\n|turn|22\n|\n|t:|1781460396\n|move|p2a: Moltres|Brave Bird|p1a: Clodsire\n|-damage|p1a: Clodsire|0 fnt\n|faint|p1a: Clodsire\n|-damage|p2a: Moltres|155/278|[from] Recoil\n|\n|upkeep\n|\n|t:|1781460408\n|switch|p1a: Froslass|Froslass, L87, F|263/263\n|turn|23\n|\n|t:|1781460414\n|move|p1a: Froslass|Triple Axel|p2a: Moltres\n|-damage|p2a: Moltres|134/278\n|-damage|p2a: Moltres|92/278\n|-damage|p2a: Moltres|35/278\n|-hitcount|p2a: Moltres|3\n|move|p2a: Moltres|Roost|p2a: Moltres\n|-heal|p2a: Moltres|174/278\n|-singleturn|p2a: Moltres|move: Roost\n|\n|upkeep\n|turn|24\n|\n|t:|1781460427\n|switch|p1a: Vivillon|Vivillon-Icy Snow, L83, M|86/268\n|move|p2a: Moltres|Roost|p2a: Moltres\n|-heal|p2a: Moltres|278/278\n|-singleturn|p2a: Moltres|move: Roost\n|\n|upkeep\n|turn|25\n|\n|t:|1781460442\n|move|p1a: Vivillon|Hurricane|p2a: Moltres\n|-damage|p2a: Moltres|166/278\n|-start|p2a: Moltres|confusion\n|-activate|p2a: Moltres|confusion\n|-damage|p2a: Moltres|137/278|[from] confusion\n|\n|upkeep\n|turn|26\n|\n|t:|1781460449\n|move|p1a: Vivillon|Hurricane|p2a: Moltres\n|-damage|p2a: Moltres|11/278\n|-activate|p2a: Moltres|confusion\n|move|p2a: Moltres|Roost|p2a: Moltres\n|-heal|p2a: Moltres|150/278\n|-singleturn|p2a: Moltres|move: Roost\n|\n|upkeep\n|turn|27\n|\n|t:|1781460457\n|move|p1a: Vivillon|Hurricane|p2a: Moltres|[miss]\n|-miss|p1a: Vivillon|p2a: Moltres\n|-activate|p2a: Moltres|confusion\n|-damage|p2a: Moltres|123/278|[from] confusion\n|\n|upkeep\n|turn|28\n|\n|t:|1781460463\n|move|p1a: Vivillon|Hurricane|p2a: Moltres\n|-damage|p2a: Moltres|14/278\n|-activate|p2a: Moltres|confusion\n|move|p2a: Moltres|Brave Bird|p1a: Vivillon\n|-supereffective|p1a: Vivillon\n|-damage|p1a: Vivillon|0 fnt\n|faint|p1a: Vivillon\n|-damage|p2a: Moltres|0 fnt|[from] Recoil\n|faint|p2a: Moltres\n|\n|upkeep\n|\n|t:|1781460478\n|switch|p1a: Froslass|Froslass, L87, F|263/263\n|switch|p2a: Wugtrio|Wugtrio, L91, M|212/212\n|-damage|p2a: Wugtrio|186/212|[from] Stealth Rock\n|-damage|p2a: Wugtrio|133/212|[from] Spikes\n|turn|29\n|\n|t:|1781460483\n|move|p2a: Wugtrio|Throat Chop|p1a: Froslass\n|-supereffective|p1a: Froslass\n|-damage|p1a: Froslass|45/263\n|-start|p1a: Froslass|Throat Chop|[silent]\n|move|p1a: Froslass|Poltergeist|p2a: Wugtrio\n|-activate|p2a: Wugtrio|move: Poltergeist|Choice Band\n|-damage|p2a: Wugtrio|0 fnt\n|faint|p2a: Wugtrio\n|\n|upkeep\n|\n|t:|1781460487\n|switch|p2a: Mimikyu|Mimikyu, L79, M|216/216\n|-damage|p2a: Mimikyu|189/216|[from] Stealth Rock\n|-damage|p2a: Mimikyu|135/216|[from] Spikes\n|turn|30\n|\n|t:|1781460493\n|switch|p1a: Smeargle|Smeargle, L95, F|258/258\n|move|p2a: Mimikyu|Shadow Sneak|p1a: Smeargle\n|-immune|p1a: Smeargle\n|\n|upkeep\n|turn|31\n|\n|t:|1781460500\n|switch|p1a: Kleavor|Kleavor, L78, M|237/237\n|move|p2a: Mimikyu|Swords Dance|p2a: Mimikyu\n|-boost|p2a: Mimikyu|atk|2\n|\n|upkeep\n|turn|32\n|\n|t:|1781460510\n|move|p1a: Kleavor|X-Scissor|p2a: Mimikyu\n|-activate|p2a: Mimikyu|ability: Disguise\n|-damage|p2a: Mimikyu|135/216\n|detailschange|p2a: Mimikyu|Mimikyu-Busted, L79, M\n|-damage|p2a: Mimikyu|108/216|[from] pokemon: Mimikyu-Busted\n|move|p2a: Mimikyu|Play Rough|p1a: Kleavor\n|-damage|p1a: Kleavor|21/237\n|-damage|p2a: Mimikyu|87/216|[from] item: Life Orb\n|\n|upkeep\n|turn|33\n|\n|t:|1781460520\n|move|p2a: Mimikyu|Shadow Sneak|p1a: Kleavor\n|-damage|p1a: Kleavor|0 fnt\n|faint|p1a: Kleavor\n|-damage|p2a: Mimikyu|66/216|[from] item: Life Orb\n|\n|upkeep\n|\n|t:|1781460531\n|switch|p1a: Froslass|Froslass, L87, F|45/263\n|turn|34\n|\n|t:|1781460535\n|move|p2a: Mimikyu|Shadow Sneak|p1a: Froslass\n|-supereffective|p1a: Froslass\n|-damage|p1a: Froslass|0 fnt\n|faint|p1a: Froslass\n|-damage|p2a: Mimikyu|45/216|[from] item: Life Orb\n|\n|upkeep\n|\n|t:|1781460536\n|switch|p1a: Smeargle|Smeargle, L95, F|258/258\n|turn|35\n|\n|t:|1781460543\n|move|p2a: Mimikyu|Drain Punch|p1a: Smeargle\n|-supereffective|p1a: Smeargle\n|-damage|p1a: Smeargle|0 fnt\n|-heal|p2a: Mimikyu|174/216|[from] drain|[of] p1a: Smeargle\n|faint|p1a: Smeargle\n|-damage|p2a: Mimikyu|153/216|[from] item: Life Orb\n|\n|win|Rocksas\n", "uploadtime": 1781460130, "views": 3, "formatid": "gen9randombattle", "rating": null, "private": 0, "password": null}