{"id": "gen9randombattle-2631543342", "format": "[Gen 9] Random Battle", "players": ["randbatsluvr", "RaynSSB"], "log": "|j|\u2606randbatsluvr\n|j|\u2606RaynSSB\n|t:|1781399054\n|gametype|singles\n|player|p1|randbatsluvr|265|1488\n|player|p2|RaynSSB|elesa|1460\n|gen|9\n|tier|[Gen 9] Random Battle\n|rated|\n|rule|Species Clause: Limit one of each Pok\u00e9mon\n|rule|HP Percentage Mod: HP is shown in percentages\n|rule|Sleep Clause Mod: Limit one foe put to sleep\n|rule|Illusion Level Mod: Illusion disguises the Pok\u00e9mon's true level\n|\n|t:|1781399054\n|teamsize|p1|6\n|teamsize|p2|6\n|start\n|switch|p1a: Feraligatr|Feraligatr, L79, F|264/264\n|switch|p2a: Clodsire|Clodsire, L81, F|343/343\n|turn|1\n|inactive|Battle timer is ON: inactive players will automatically lose when time's up. (requested by RaynSSB)\n|inactive|randbatsluvr also wants the timer to be on.\n|\n|t:|1781399063\n|move|p1a: Feraligatr|Ice Punch|p2a: Clodsire\n|-supereffective|p2a: Clodsire\n|-damage|p2a: Clodsire|99/343\n|move|p2a: Clodsire|Stealth Rock|p1a: Feraligatr\n|-sidestart|p1: randbatsluvr|move: Stealth Rock\n|\n|-heal|p2a: Clodsire|120/343|[from] item: Leftovers\n|upkeep\n|turn|2\n|\n|t:|1781399076\n|switch|p2a: Tinkaton|Tinkaton, L82, F|274/274\n|-ability|p2a: Tinkaton|Mold Breaker\n|move|p1a: Feraligatr|Ice Punch|p2a: Tinkaton\n|-resisted|p2a: Tinkaton\n|-damage|p2a: Tinkaton|227/274\n|\n|-heal|p2a: Tinkaton|244/274|[from] item: Leftovers\n|upkeep\n|turn|3\n|\n|t:|1781399083\n|move|p2a: Tinkaton|Thunder Wave|p1a: Feraligatr\n|-status|p1a: Feraligatr|par\n|cant|p1a: Feraligatr|par\n|\n|-heal|p2a: Tinkaton|261/274|[from] item: Leftovers\n|upkeep\n|turn|4\n|\n|t:|1781399089\n|move|p2a: Tinkaton|Play Rough|p1a: Feraligatr\n|-damage|p1a: Feraligatr|195/264 par\n|cant|p1a: Feraligatr|par\n|\n|-heal|p2a: Tinkaton|274/274|[from] item: Leftovers\n|upkeep\n|turn|5\n|\n|t:|1781399097\n|move|p2a: Tinkaton|Encore|p1a: Feraligatr\n|-start|p1a: Feraligatr|Encore\n|move|p1a: Feraligatr|Ice Punch|p2a: Tinkaton\n|-resisted|p2a: Tinkaton\n|-damage|p2a: Tinkaton|226/274\n|\n|-heal|p2a: Tinkaton|243/274|[from] item: Leftovers\n|upkeep\n|turn|6\n|\n|t:|1781399103\n|switch|p1a: Chandelure|Chandelure, L83, F|235/235\n|-damage|p1a: Chandelure|177/235|[from] Stealth Rock\n|move|p2a: Tinkaton|Play Rough|p1a: Chandelure|[miss]\n|-miss|p2a: Tinkaton|p1a: Chandelure\n|\n|-heal|p2a: Tinkaton|260/274|[from] item: Leftovers\n|upkeep\n|turn|7\n|\n|t:|1781399126\n|switch|p2a: Furret|Furret, L94, F|312/312\n|-item|p1a: Chandelure|Choice Scarf|[from] ability: Frisk|[of] p2a: Furret\n|move|p1a: Chandelure|Fire Blast|p2a: Furret\n|-damage|p2a: Furret|126/312\n|\n|upkeep\n|turn|8\n|\n|t:|1781399135\n|switch|p1a: Forretress|Forretress, L84, M|263/263\n|-damage|p1a: Forretress|231/263|[from] Stealth Rock\n|move|p2a: Furret|Knock Off|p1a: Forretress\n|-damage|p1a: Forretress|152/263\n|-enditem|p1a: Forretress|Leftovers|[from] move: Knock Off|[of] p2a: Furret\n|\n|upkeep\n|turn|9\n|\n|t:|1781399139\n|switch|p2a: Clodsire|Clodsire, L81, F|120/343\n|move|p1a: Forretress|Iron Head|p2a: Clodsire\n|-damage|p2a: Clodsire|14/343\n|\n|-heal|p2a: Clodsire|35/343|[from] item: Leftovers\n|upkeep\n|turn|10\n|inactive|RaynSSB has 120 seconds left.\n|\n|t:|1781399173\n|switch|p2a: Passimian|Passimian, L83, F|302/302\n|move|p1a: Forretress|Rapid Spin|p2a: Passimian\n|-damage|p2a: Passimian|268/302\n|-boost|p1a: Forretress|spe|1\n|-sideend|p1: randbatsluvr|Stealth Rock|[from] move: Rapid Spin|[of] p1a: Forretress\n|\n|-heal|p2a: Passimian|286/302|[from] item: Leftovers\n|upkeep\n|turn|11\n|\n|t:|1781399180\n|switch|p1a: Dragalge|Dragalge, L88, F|258/258\n|move|p2a: Passimian|Bulk Up|p2a: Passimian\n|-boost|p2a: Passimian|atk|1\n|-boost|p2a: Passimian|def|1\n|\n|-heal|p2a: Passimian|302/302|[from] item: Leftovers\n|upkeep\n|turn|12\n|\n|t:|1781399186\n|move|p2a: Passimian|Bulk Up|p2a: Passimian\n|-boost|p2a: Passimian|atk|1\n|-boost|p2a: Passimian|def|1\n|move|p1a: Dragalge|Draco Meteor|p2a: Passimian\n|-damage|p2a: Passimian|44/302\n|-unboost|p1a: Dragalge|spa|2\n|\n|-heal|p2a: Passimian|62/302|[from] item: Leftovers\n|upkeep\n|turn|13\n|\n|t:|1781399193\n|-terastallize|p1a: Dragalge|Fighting\n|move|p2a: Passimian|Drain Punch|p1a: Dragalge\n|-damage|p1a: Dragalge|78/258\n|-heal|p2a: Passimian|152/302|[from] drain|[of] p1a: Dragalge\n|move|p1a: Dragalge|Sludge Wave|p2a: Passimian\n|-damage|p2a: Passimian|76/302\n|\n|-heal|p2a: Passimian|94/302|[from] item: Leftovers\n|-heal|p1a: Dragalge|94/258|[from] item: Leftovers\n|upkeep\n|turn|14\n|\n|t:|1781399200\n|move|p2a: Passimian|Drain Punch|p1a: Dragalge\n|-damage|p1a: Dragalge|0 fnt\n|-heal|p2a: Passimian|141/302|[from] drain|[of] p1a: Dragalge\n|faint|p1a: Dragalge\n|\n|-heal|p2a: Passimian|159/302|[from] item: Leftovers\n|upkeep\n|\n|t:|1781399206\n|switch|p1a: Chandelure|Chandelure, L83, F|177/235\n|turn|15\n|\n|t:|1781399213\n|move|p1a: Chandelure|Fire Blast|p2a: Passimian\n|-damage|p2a: Passimian|0 fnt\n|faint|p2a: Passimian\n|\n|upkeep\n|\n|t:|1781399218\n|switch|p2a: Urshifu|Urshifu, L74, M|270/270\n|turn|16\n|\n|t:|1781399222\n|switch|p1a: Forretress|Forretress, L84, M|152/263\n|move|p2a: Urshifu|Wicked Blow|p1a: Forretress\n|-crit|p1a: Forretress\n|-damage|p1a: Forretress|74/263\n|\n|upkeep\n|turn|17\n|\n|t:|1781399224\n|switch|p1a: Feraligatr|Feraligatr, L79, F|195/264 par\n|move|p2a: Urshifu|Wicked Blow|p1a: Feraligatr\n|-crit|p1a: Feraligatr\n|-damage|p1a: Feraligatr|81/264 par\n|\n|upkeep\n|turn|18\n|\n|t:|1781399228\n|move|p2a: Urshifu|Wicked Blow|p1a: Feraligatr\n|-crit|p1a: Feraligatr\n|-damage|p1a: Feraligatr|0 fnt\n|faint|p1a: Feraligatr\n|\n|upkeep\n|\n|t:|1781399233\n|switch|p1a: Cacturne|Cacturne, L92, M|278/278\n|turn|19\n|\n|t:|1781399237\n|switch|p2a: Clodsire|Clodsire, L81, F|35/343\n|move|p1a: Cacturne|Sucker Punch||[still]\n|-fail|p1a: Cacturne\n|\n|-heal|p2a: Clodsire|56/343|[from] item: Leftovers\n|upkeep\n|turn|20\n|\n|t:|1781399243\n|move|p1a: Cacturne|Knock Off|p2a: Clodsire\n|-damage|p2a: Clodsire|0 fnt\n|-enditem|p2a: Clodsire|Leftovers|[from] move: Knock Off|[of] p1a: Cacturne\n|faint|p2a: Clodsire\n|-damage|p1a: Cacturne|251/278|[from] item: Life Orb\n|\n|upkeep\n|\n|t:|1781399254\n|switch|p2a: Tinkaton|Tinkaton, L82, F|260/274\n|-ability|p2a: Tinkaton|Mold Breaker\n|turn|21\n|\n|t:|1781399265\n|switch|p1a: Chandelure|Chandelure, L83, F|177/235\n|move|p2a: Tinkaton|Gigaton Hammer|p1a: Chandelure\n|-resisted|p1a: Chandelure\n|-damage|p1a: Chandelure|111/235\n|\n|-heal|p2a: Tinkaton|274/274|[from] item: Leftovers\n|upkeep\n|turn|22\n|\n|t:|1781399272\n|switch|p2a: Furret|Furret, L94, F|126/312\n|-item|p1a: Chandelure|Choice Scarf|[from] ability: Frisk|[of] p2a: Furret\n|move|p1a: Chandelure|Fire Blast|p2a: Furret\n|-damage|p2a: Furret|0 fnt\n|faint|p2a: Furret\n|\n|upkeep\n|\n|t:|1781399279\n|switch|p2a: Urshifu|Urshifu, L74, M|270/270\n|turn|23\n|\n|t:|1781399285\n|move|p2a: Urshifu|U-turn|p1a: Chandelure\n|-resisted|p1a: Chandelure\n|-damage|p1a: Chandelure|99/235\n|\n|t:|1781399301\n|switch|p2a: Tinkaton|Tinkaton, L82, F|274/274|[from] U-turn\n|-ability|p2a: Tinkaton|Mold Breaker\n|move|p1a: Chandelure|Fire Blast|p2a: Tinkaton\n|-supereffective|p2a: Tinkaton\n|-damage|p2a: Tinkaton|14/274\n|\n|-heal|p2a: Tinkaton|31/274|[from] item: Leftovers\n|upkeep\n|turn|24\n|\n|t:|1781399305\n|move|p1a: Chandelure|Fire Blast|p2a: Tinkaton\n|-supereffective|p2a: Tinkaton\n|-damage|p2a: Tinkaton|0 fnt\n|faint|p2a: Tinkaton\n|\n|upkeep\n|\n|t:|1781399309\n|switch|p2a: Maushold|Maushold, L76|238/238\n|turn|25\n|\n|t:|1781399315\n|move|p1a: Chandelure|Fire Blast|p2a: Maushold|[miss]\n|-miss|p1a: Chandelure|p2a: Maushold\n|move|p2a: Maushold|Bite|p1a: Chandelure\n|-supereffective|p1a: Chandelure\n|-damage|p1a: Chandelure|5/235\n|\n|upkeep\n|turn|26\n|\n|t:|1781399322\n|switch|p1a: Urshifu|Urshifu, L74, F|270/270\n|move|p2a: Maushold|Tidy Up|p2a: Maushold\n|-boost|p2a: Maushold|atk|1\n|-boost|p2a: Maushold|spe|1\n|\n|upkeep\n|turn|27\n|\n|t:|1781399328\n|move|p2a: Maushold|Population Bomb|p1a: Urshifu\n|-damage|p1a: Urshifu|239/270\n|-damage|p1a: Urshifu|206/270\n|-damage|p1a: Urshifu|172/270\n|-damage|p1a: Urshifu|136/270\n|-damage|p1a: Urshifu|105/270\n|-damage|p1a: Urshifu|71/270\n|-damage|p1a: Urshifu|37/270\n|-damage|p1a: Urshifu|1/270\n|-damage|p1a: Urshifu|0 fnt\n|faint|p1a: Urshifu\n|-hitcount|p1: Urshifu|9\n|\n|upkeep\n|\n|t:|1781399335\n|switch|p1a: Cacturne|Cacturne, L92, M|251/278\n|turn|28\n|\n|t:|1781399346\n|move|p1a: Cacturne|Sucker Punch||[still]\n|-fail|p1a: Cacturne\n|move|p2a: Maushold|Tidy Up|p2a: Maushold\n|-boost|p2a: Maushold|atk|1\n|-boost|p2a: Maushold|spe|1\n|\n|upkeep\n|turn|29\n|\n|t:|1781399353\n|move|p1a: Cacturne|Sucker Punch||[still]\n|-fail|p1a: Cacturne\n|move|p2a: Maushold|Encore|p1a: Cacturne\n|-start|p1a: Cacturne|Encore\n|\n|upkeep\n|turn|30\n|\n|t:|1781399359\n|move|p1a: Cacturne|Sucker Punch||[still]\n|-fail|p1a: Cacturne\n|move|p2a: Maushold|Tidy Up|p2a: Maushold\n|-boost|p2a: Maushold|atk|1\n|-boost|p2a: Maushold|spe|1\n|\n|upkeep\n|turn|31\n|\n|t:|1781399367\n|move|p1a: Cacturne|Sucker Punch||[still]\n|-fail|p1a: Cacturne\n|move|p2a: Maushold|Tidy Up|p2a: Maushold\n|-boost|p2a: Maushold|atk|1\n|-boost|p2a: Maushold|spe|1\n|\n|upkeep\n|turn|32\n|\n|t:|1781399374\n|move|p1a: Cacturne|Sucker Punch||[still]\n|-fail|p1a: Cacturne\n|move|p2a: Maushold|Tidy Up|p2a: Maushold\n|-boost|p2a: Maushold|atk|1\n|-boost|p2a: Maushold|spe|1\n|\n|-end|p1a: Cacturne|Encore\n|upkeep\n|turn|33\n|\n|t:|1781399380\n|move|p1a: Cacturne|Sucker Punch||[still]\n|-fail|p1a: Cacturne\n|move|p2a: Maushold|Encore|p1a: Cacturne\n|-start|p1a: Cacturne|Encore\n|\n|upkeep\n|turn|34\n|\n|t:|1781399386\n|move|p1a: Cacturne|Sucker Punch||[still]\n|-fail|p1a: Cacturne\n|move|p2a: Maushold|Tidy Up|p2a: Maushold\n|-boost|p2a: Maushold|atk|1\n|-boost|p2a: Maushold|spe|1\n|\n|-end|p1a: Cacturne|Encore\n|upkeep\n|turn|35\n|\n|t:|1781399393\n|move|p2a: Maushold|Population Bomb|p1a: Cacturne\n|-damage|p1a: Cacturne|151/278\n|-damage|p1a: Cacturne|43/278\n|-damage|p1a: Cacturne|0 fnt\n|faint|p1a: Cacturne\n|-hitcount|p1: Cacturne|3\n|\n|upkeep\n|\n|t:|1781399397\n|switch|p1a: Chandelure|Chandelure, L83, F|5/235\n|turn|36\n|\n|t:|1781399402\n|move|p2a: Maushold|Bite|p1a: Chandelure\n|-supereffective|p1a: Chandelure\n|-damage|p1a: Chandelure|0 fnt\n|faint|p1a: Chandelure\n|\n|upkeep\n|\n|t:|1781399407\n|switch|p1a: Forretress|Forretress, L84, M|74/263\n|turn|37\n|\n|t:|1781399411\n|move|p2a: Maushold|Population Bomb|p1a: Forretress\n|-resisted|p1a: Forretress\n|-damage|p1a: Forretress|43/263\n|-resisted|p1a: Forretress\n|-damage|p1a: Forretress|16/263\n|-resisted|p1a: Forretress\n|-damage|p1a: Forretress|0 fnt\n|faint|p1a: Forretress\n|-hitcount|p1: Forretress|3\n|\n|win|RaynSSB\n|raw|randbatsluvr's rating: 1392 &rarr; <strong>1376</strong><br />(-16 for losing)\n|raw|RaynSSB's rating: 1460 &rarr; <strong>1476</strong><br />(+16 for winning)\n|c|\u2606RaynSSB|gg\n|l|\u2606randbatsluvr\n|player|p1|\n", "inputlog": ">version a8376a258c1d4662feba110a92103f3664a72141\n>start {\"formatid\":\"gen9randombattle\",\"seed\":\"sodium,e691c5552c6dd469f897cb30cba1cc98\",\"rated\":\"Rated battle\"}\n>player p1 {\"name\":\"randbatsluvr\",\"avatar\":\"265\",\"rating\":1488,\"seed\":\"sodium,dddb1b9220b4e838717d62be879f7027\"}\n>player p2 {\"name\":\"RaynSSB\",\"avatar\":\"elesa\",\"rating\":1460,\"seed\":\"sodium,43f1b24d5d5972339e0f2fe4101e8d96\"}\n>p1 move icepunch\n>p2 move stealthrock\n>p1 move icepunch\n>p2 switch 2\n>p1 move liquidation\n>p2 move thunderwave\n>p1 move liquidation\n>p2 move playrough\n>p1 move liquidation\n>p2 move encore\n>p1 switch 3\n>p2 move playrough\n>p1 move fireblast\n>p2 switch 3\n>p1 switch 2\n>p2 move knockoff\n>p1 move ironhead\n>p2 switch 2\n>p1 move rapidspin\n>p2 switch 6\n>p1 switch 5\n>p2 move bulkup\n>p1 move dracometeor\n>p2 move bulkup\n>p1 move sludgewave terastallize\n>p2 move drainpunch\n>p1 move sludgewave\n>p2 move drainpunch\n>p1 switch 2\n>p1 move fireblast\n>p2 move knockoff\n>p2 switch 5\n>p1 switch 5\n>p2 move wickedblow\n>p1 switch 3\n>p2 move wickedblow\n>p1 move liquidation\n>p2 move wickedblow\n>p1 switch 4\n>p1 move suckerpunch\n>p2 switch 6\n>p1 move knockoff\n>p2 move gunkshot\n>p2 switch 3\n>p1 switch 5\n>p2 move gigatonhammer\n>p1 move fireblast\n>p2 switch 2\n>p2 switch 6\n>p1 move fireblast\n>p2 move uturn\n>p2 switch 2\n>p1 move fireblast\n>p2 move thunderwave\n>p2 switch 4\n>p1 move fireblast\n>p2 move bite\n>p1 switch 6\n>p2 move tidyup\n>p1 move closecombat\n>p2 move populationbomb\n>p1 switch 5\n>p1 move suckerpunch\n>p2 move tidyup\n>p1 move suckerpunch\n>p2 move encore\n>p1 move suckerpunch\n>p2 move tidyup\n>p1 move suckerpunch\n>p2 move tidyup\n>p1 move suckerpunch\n>p2 move tidyup\n>p1 move suckerpunch\n>p2 move encore\n>p1 move suckerpunch\n>p2 move tidyup\n>p1 move leafstorm\n>p2 move populationbomb\n>p1 switch 6\n>p1 move fireblast\n>p2 move bite\n>p1 switch 3\n>p1 move ironhead\n>p2 move populationbomb", "uploadtime": 1781399515, "views": 4, "formatid": "gen9randombattle", "rating": 1376, "private": 0, "password": null}