{"id": "gen9randombattle-2631402912", "format": "[Gen 9] Random Battle", "players": ["qiuescent", "TY SM MY GUY"], "log": "|j|\u203dqiuescent\n|j|\u2606TY SM MY GUY\n|t:|1781380427\n|gametype|singles\n|player|p1|qiuescent|265|2253\n|player|p2|TY SM MY GUY|hoopster|2243\n|gen|9\n|tier|[Gen 9] Random Battle\n|rated|\n|rule|Species Clause: Limit one of each Pok\u00e9mon\n|rule|HP Percentage Mod: HP is shown in percentages\n|rule|Sleep Clause Mod: Limit one foe put to sleep\n|rule|Illusion Level Mod: Illusion disguises the Pok\u00e9mon's true level\n|\n|t:|1781380427\n|teamsize|p1|6\n|teamsize|p2|6\n|start\n|switch|p1a: Raikou|Raikou, L81|278/278\n|switch|p2a: Golem|Golem-Alola, L93, M|300/300\n|-ability|p1a: Raikou|Pressure\n|turn|1\n|\n|t:|1781380446\n|move|p1a: Raikou|Scald|p2a: Golem\n|-supereffective|p2a: Golem\n|-damage|p2a: Golem|90/300\n|move|p2a: Golem|Rock Polish|p2a: Golem\n|-boost|p2a: Golem|spe|2\n|\n|upkeep\n|turn|2\n|\n|t:|1781380463\n|switch|p1a: Dragonite|Dragonite, L74, M|257/257\n|move|p2a: Golem|Earthquake|p1a: Dragonite\n|-immune|p1a: Dragonite\n|\n|upkeep\n|turn|3\n|\n|t:|1781380470\n|move|p2a: Golem|Double-Edge|p1a: Dragonite\n|-damage|p1a: Dragonite|103/257\n|-damage|p2a: Golem|39/300|[from] Recoil\n|-damage|p2a: Golem|9/300|[from] item: Life Orb\n|move|p1a: Dragonite|Earthquake|p2a: Golem\n|-supereffective|p2a: Golem\n|-damage|p2a: Golem|0 fnt\n|faint|p2a: Golem\n|\n|upkeep\n|inactive|Battle timer is ON: inactive players will automatically lose when time's up. (requested by qiuescent)\n|\n|t:|1781380490\n|switch|p2a: Veluza|Veluza, L85, M|292/292\n|turn|4\n|\n|t:|1781380500\n|move|p2a: Veluza|Psycho Cut|p1a: Dragonite\n|-crit|p1a: Dragonite\n|-damage|p1a: Dragonite|0 fnt\n|faint|p1a: Dragonite\n|\n|upkeep\n|\n|t:|1781380506\n|switch|p1a: Raikou|Raikou, L81|278/278\n|-ability|p1a: Raikou|Pressure\n|turn|5\n|\n|t:|1781380509\n|switch|p2a: Chansey|Chansey, L85, F|564/564\n|move|p1a: Raikou|Volt Switch|p2a: Chansey\n|-damage|p2a: Chansey|500/564\n|\n|t:|1781380516\n|switch|p1a: Diancie|Diancie, L82|216/216|[from] Volt Switch\n|\n|upkeep\n|turn|6\n|\n|t:|1781380519\n|move|p2a: Chansey|Thunder Wave|p1a: Diancie|[miss]\n|-miss|p2a: Chansey|p1a: Diancie\n|move|p1a: Diancie|Diamond Storm|p2a: Chansey|[miss]\n|-miss|p1a: Diancie|p2a: Chansey\n|\n|upkeep\n|turn|7\n|\n|t:|1781380521\n|move|p2a: Chansey|Thunder Wave|p1a: Diancie\n|-status|p1a: Diancie|par\n|move|p1a: Diancie|Diamond Storm|p2a: Chansey\n|-damage|p2a: Chansey|274/564\n|-boost|p1a: Diancie|def|2\n|\n|upkeep\n|turn|8\n|\n|t:|1781380528\n|move|p2a: Chansey|Stealth Rock|p1a: Diancie\n|-sidestart|p1: qiuescent|move: Stealth Rock\n|move|p1a: Diancie|Stealth Rock|p2a: Chansey\n|-sidestart|p2: TY SM MY GUY|move: Stealth Rock\n|\n|upkeep\n|turn|9\n|\n|t:|1781380530\n|move|p2a: Chansey|Soft-Boiled|p2a: Chansey\n|-heal|p2a: Chansey|556/564\n|move|p1a: Diancie|Body Press|p2a: Chansey\n|-supereffective|p2a: Chansey\n|-damage|p2a: Chansey|0 fnt\n|faint|p2a: Chansey\n|\n|upkeep\n|\n|t:|1781380535\n|switch|p2a: Lumineon|Lumineon, L93, M|279/279\n|turn|10\n|\n|t:|1781380537\n|switch|p1a: Chansey|Chansey, L85, F|564/564\n|-damage|p1a: Chansey|494/564|[from] Stealth Rock\n|move|p2a: Lumineon|Hydro Pump|p1a: Chansey\n|-damage|p1a: Chansey|425/564\n|\n|upkeep\n|turn|11\n|\n|t:|1781380545\n|move|p2a: Lumineon|U-turn|p1a: Chansey\n|-damage|p1a: Chansey|323/564\n|\n|t:|1781380546\n|switch|p2a: Skuntank|Skuntank, L84, F|310/310|[from] U-turn\n|-damage|p2a: Skuntank|272/310|[from] Stealth Rock\n|move|p1a: Chansey|Thunder Wave|p2a: Skuntank\n|-status|p2a: Skuntank|par\n|\n|upkeep\n|turn|12\n|\n|t:|1781380552\n|move|p1a: Chansey|Soft-Boiled|p1a: Chansey\n|-heal|p1a: Chansey|564/564\n|move|p2a: Skuntank|Knock Off|p1a: Chansey\n|-damage|p1a: Chansey|326/564\n|-enditem|p1a: Chansey|Eviolite|[from] move: Knock Off|[of] p2a: Skuntank\n|\n|upkeep\n|turn|13\n|\n|t:|1781380556\n|move|p1a: Chansey|Soft-Boiled|p1a: Chansey\n|-heal|p1a: Chansey|564/564\n|cant|p2a: Skuntank|par\n|\n|upkeep\n|turn|14\n|\n|t:|1781380559\n|move|p1a: Chansey|Heal Bell|p1a: Chansey\n|-activate|p1a: Chansey|move: Heal Bell\n|-curestatus|p1: Diancie|par|[msg]\n|move|p2a: Skuntank|Gunk Shot|p1a: Chansey|[miss]\n|-miss|p2a: Skuntank|p1a: Chansey\n|\n|upkeep\n|turn|15\n|\n|t:|1781380562\n|switch|p1a: Diancie|Diancie, L82|216/216\n|-damage|p1a: Diancie|189/216|[from] Stealth Rock\n|move|p2a: Skuntank|Gunk Shot|p1a: Diancie\n|-damage|p1a: Diancie|110/216\n|-status|p1a: Diancie|psn\n|\n|-heal|p1a: Diancie|123/216 psn|[from] item: Leftovers\n|-damage|p1a: Diancie|96/216 psn|[from] psn\n|upkeep\n|turn|16\n|\n|t:|1781380564\n|move|p1a: Diancie|Diamond Storm|p2a: Skuntank\n|-damage|p2a: Skuntank|151/310 par\n|move|p2a: Skuntank|Gunk Shot|p1a: Diancie\n|-damage|p1a: Diancie|9/216 psn\n|\n|-heal|p1a: Diancie|22/216 psn|[from] item: Leftovers\n|-damage|p1a: Diancie|0 fnt|[from] psn\n|faint|p1a: Diancie\n|upkeep\n|\n|t:|1781380569\n|switch|p1a: Raikou|Raikou, L81|278/278\n|-damage|p1a: Raikou|244/278|[from] Stealth Rock\n|-ability|p1a: Raikou|Pressure\n|turn|17\n|\n|t:|1781380572\n|move|p1a: Raikou|Thunderbolt|p2a: Skuntank\n|-damage|p2a: Skuntank|10/310 par\n|move|p2a: Skuntank|Knock Off|p1a: Raikou\n|-damage|p1a: Raikou|136/278\n|-enditem|p1a: Raikou|Choice Specs|[from] move: Knock Off|[of] p2a: Skuntank\n|\n|upkeep\n|turn|18\n|\n|t:|1781380574\n|move|p2a: Skuntank|Sucker Punch|p1a: Raikou\n|-damage|p1a: Raikou|51/278\n|move|p1a: Raikou|Thunderbolt|p2a: Skuntank\n|-damage|p2a: Skuntank|0 fnt\n|faint|p2a: Skuntank\n|\n|upkeep\n|\n|t:|1781380579\n|switch|p2a: Banette|Banette, L93, F|270/270\n|-damage|p2a: Banette|237/270|[from] Stealth Rock\n|turn|19\n|\n|t:|1781380582\n|switch|p1a: Porygon2|Porygon2, L81|270/270\n|-damage|p1a: Porygon2|237/270|[from] Stealth Rock\n|-ability|p1a: Porygon2|Download|boost\n|-boost|p1a: Porygon2|spa|1\n|move|p2a: Banette|Shadow Sneak|p1a: Porygon2\n|-immune|p1a: Porygon2\n|\n|upkeep\n|turn|20\n|\n|t:|1781380585\n|move|p2a: Banette|Thunder Wave|p1a: Porygon2|[miss]\n|-miss|p2a: Banette|p1a: Porygon2\n|move|p1a: Porygon2|Discharge|p2a: Banette\n|-damage|p2a: Banette|141/270\n|\n|upkeep\n|turn|21\n|\n|t:|1781380587\n|move|p2a: Banette|Thunder Wave|p1a: Porygon2\n|-status|p1a: Porygon2|par\n|move|p1a: Porygon2|Discharge|p2a: Banette\n|-damage|p2a: Banette|44/270\n|\n|upkeep\n|turn|22\n|\n|t:|1781380592\n|move|p2a: Banette|Gunk Shot|p1a: Porygon2|[miss]\n|-miss|p2a: Banette|p1a: Porygon2\n|move|p1a: Porygon2|Discharge|p2a: Banette\n|-damage|p2a: Banette|0 fnt\n|faint|p2a: Banette\n|\n|upkeep\n|\n|t:|1781380602\n|switch|p2a: Veluza|Veluza, L85, M|292/292\n|-damage|p2a: Veluza|256/292|[from] Stealth Rock\n|turn|23\n|\n|t:|1781380605\n|-terastallize|p2a: Veluza|Water\n|move|p2a: Veluza|Aqua Cutter|p1a: Porygon2\n|-damage|p1a: Porygon2|77/270 par\n|move|p1a: Porygon2|Discharge|p2a: Veluza\n|-supereffective|p2a: Veluza\n|-damage|p2a: Veluza|56/292\n|\n|upkeep\n|turn|24\n|\n|t:|1781380609\n|move|p2a: Veluza|Aqua Cutter|p1a: Porygon2\n|-damage|p1a: Porygon2|0 fnt\n|faint|p1a: Porygon2\n|\n|upkeep\n|\n|t:|1781380611\n|switch|p1a: Raikou|Raikou, L81|51/278\n|-damage|p1a: Raikou|17/278|[from] Stealth Rock\n|-ability|p1a: Raikou|Pressure\n|turn|25\n|\n|t:|1781380613\n|switch|p2a: Lumineon|Lumineon, L93, M|279/279\n|move|p1a: Raikou|Thunderbolt|p2a: Lumineon\n|-supereffective|p2a: Lumineon\n|-damage|p2a: Lumineon|97/279\n|\n|upkeep\n|turn|26\n|\n|t:|1781380615\n|move|p1a: Raikou|Thunderbolt|p2a: Lumineon\n|-supereffective|p2a: Lumineon\n|-damage|p2a: Lumineon|0 fnt\n|faint|p2a: Lumineon\n|\n|upkeep\n|\n|t:|1781380617\n|switch|p2a: Veluza|Veluza, L85, M, tera:Water|56/292\n|-damage|p2a: Veluza|20/292|[from] Stealth Rock\n|turn|27\n|\n|t:|1781380618\n|move|p2a: Veluza|Aqua Jet|p1a: Raikou\n|-damage|p1a: Raikou|0 fnt\n|faint|p1a: Raikou\n|\n|upkeep\n|\n|t:|1781380619\n|switch|p1a: Ampharos|Ampharos, L88, M|302/302\n|-damage|p1a: Ampharos|265/302|[from] Stealth Rock\n|turn|28\n|\n|t:|1781380621\n|move|p2a: Veluza|Aqua Jet|p1a: Ampharos\n|-damage|p1a: Ampharos|171/302\n|move|p1a: Ampharos|Thunderbolt|p2a: Veluza\n|-supereffective|p2a: Veluza\n|-damage|p2a: Veluza|0 fnt\n|faint|p2a: Veluza\n|\n|win|qiuescent\n", "inputlog": ">version a8376a258c1d4662feba110a92103f3664a72141\n>start {\"formatid\":\"gen9randombattle\",\"seed\":\"sodium,5402d61a83830f38599beb6a1a060996\",\"rated\":\"Rated battle\"}\n>player p1 {\"name\":\"qiuescent\",\"avatar\":\"265\",\"rating\":2253,\"seed\":\"sodium,53004680db11c12ad0cf1ab26c406a30\"}\n>player p2 {\"name\":\"TY SM MY GUY\",\"avatar\":\"hoopster\",\"rating\":2243,\"seed\":\"sodium,1b620c806fdc2f405256ce67f769f936\"}\n>p1 move scald\n>p2 move rockpolish\n>p1 switch 3\n>p2 move earthquake\n>p1 move earthquake\n>p2 move doubleedge\n>p2 switch 2\n>p1 move outrage\n>p2 move psychocut\n>p1 switch 3\n>p1 move voltswitch\n>p2 switch 4\n>p1 switch 5\n>p1 move diamondstorm\n>p2 move thunderwave\n>p1 move diamondstorm\n>p2 move thunderwave\n>p1 move stealthrock\n>p2 move stealthrock\n>p1 move bodypress\n>p2 move softboiled\n>p2 switch 3\n>p1 switch 4\n>p2 move hydropump\n>p1 move thunderwave\n>p2 move uturn\n>p2 switch 5\n>p1 move softboiled\n>p2 move knockoff\n>p1 move softboiled\n>p2 move gunkshot\n>p1 move healbell\n>p2 move gunkshot\n>p1 switch 4\n>p2 move gunkshot\n>p1 move diamondstorm\n>p2 move gunkshot\n>p1 switch 5\n>p1 move thunderbolt\n>p2 move knockoff\n>p1 move thunderbolt\n>p2 move suckerpunch\n>p2 switch 6\n>p1 switch 6\n>p2 move shadowsneak\n>p1 move discharge\n>p2 move thunderwave\n>p1 move discharge\n>p2 move thunderwave\n>p1 move discharge\n>p2 move gunkshot\n>p2 switch 4\n>p1 move discharge\n>p2 move aquacutter terastallize\n>p1 move discharge\n>p2 move aquacutter\n>p1 switch 6\n>p1 move thunderbolt\n>p2 switch 5\n>p1 move thunderbolt\n>p2 move uturn\n>p2 switch 5\n>p1 move thunderbolt\n>p2 move aquajet\n>p1 switch 2\n>p1 move thunderbolt\n>p2 move aquajet", "uploadtime": 1781380429, "views": 9, "formatid": "gen9randombattle", "rating": null, "private": 0, "password": null}