{"id": "gen9randombattle-2631980617", "format": "[Gen 9] Random Battle", "players": ["titofer", "Copernicusthe54th"], "log": "|j|\u2606titofer\n|j|\u2606Copernicusthe54th\n|t:|1781462351\n|gametype|singles\n|player|p1|titofer|169|1975\n|player|p2|Copernicusthe54th|101|1984\n|gen|9\n|tier|[Gen 9] Random Battle\n|rated|\n|rule|Species Clause: Limit one of each Pok\u00e9mon\n|rule|HP Percentage Mod: HP is shown in percentages\n|rule|Sleep Clause Mod: Limit one foe put to sleep\n|rule|Illusion Level Mod: Illusion disguises the Pok\u00e9mon's true level\n|\n|t:|1781462351\n|teamsize|p1|6\n|teamsize|p2|6\n|start\n|switch|p1a: Vileplume|Vileplume, L85, F|266/266\n|switch|p2a: Armarouge|Armarouge, L80, M|267/267\n|turn|1\n|\n|t:|1781462367\n|switch|p1a: Magcargo|Magcargo, L95, M|268/268\n|move|p2a: Armarouge|Psyshock|p1a: Magcargo\n|-damage|p1a: Magcargo|172/268\n|\n|upkeep\n|turn|2\n|\n|t:|1781462380\n|move|p2a: Armarouge|Psyshock|p1a: Magcargo\n|-damage|p1a: Magcargo|64/268\n|move|p1a: Magcargo|Shell Smash|p1a: Magcargo\n|-unboost|p1a: Magcargo|def|1\n|-unboost|p1a: Magcargo|spd|1\n|-boost|p1a: Magcargo|atk|2\n|-boost|p1a: Magcargo|spa|2\n|-boost|p1a: Magcargo|spe|2\n|\n|upkeep\n|turn|3\n|\n|t:|1781462388\n|switch|p2a: Chimecho|Chimecho, L93, M|290/290\n|move|p1a: Magcargo|Power Gem|p2a: Chimecho\n|-crit|p2a: Chimecho\n|-damage|p2a: Chimecho|14/290\n|\n|-heal|p2a: Chimecho|32/290|[from] item: Leftovers\n|upkeep\n|turn|4\n|\n|t:|1781462393\n|move|p1a: Magcargo|Power Gem|p2a: Chimecho\n|-damage|p2a: Chimecho|0 fnt\n|faint|p2a: Chimecho\n|\n|upkeep\n|\n|t:|1781462395\n|switch|p2a: Swanna|Swanna, L89, F|278/278\n|turn|5\n|\n|t:|1781462452\n|move|p2a: Swanna|Brave Bird|p1a: Magcargo\n|-resisted|p1a: Magcargo\n|-damage|p1a: Magcargo|1/268\n|-ability|p1a: Magcargo|Weak Armor|boost\n|-unboost|p1a: Magcargo|def|1\n|-boost|p1a: Magcargo|spe|2\n|-damage|p2a: Swanna|257/278|[from] Recoil\n|move|p1a: Magcargo|Power Gem|p2a: Swanna\n|-supereffective|p2a: Swanna\n|-damage|p2a: Swanna|0 fnt\n|faint|p2a: Swanna\n|\n|upkeep\n|\n|t:|1781462455\n|switch|p2a: Tauros|Tauros-Paldea-Aqua, L81, M|254/254\n|-ability|p2a: Tauros|Intimidate|boost\n|-unboost|p1a: Magcargo|atk|1\n|turn|6\n|\n|t:|1781462459\n|switch|p1a: Breloom|Breloom, L83, M|235/235\n|move|p2a: Tauros|Aqua Jet|p1a: Breloom\n|-resisted|p1a: Breloom\n|-crit|p1a: Breloom\n|-damage|p1a: Breloom|180/235\n|\n|upkeep\n|turn|7\n|\n|t:|1781462466\n|switch|p2a: Delibird|Delibird, F|252/252\n|move|p1a: Breloom|Spore|p2a: Delibird\n|-status|p2a: Delibird|slp|[from] move: Spore\n|\n|upkeep\n|turn|8\n|\n|t:|1781462472\n|switch|p2a: Armarouge|Armarouge, L80, M|267/267\n|move|p1a: Breloom|Rock Tomb|p2a: Armarouge\n|-supereffective|p2a: Armarouge\n|-damage|p2a: Armarouge|80/267\n|-unboost|p2a: Armarouge|spe|1\n|-ability|p2a: Armarouge|Weak Armor|boost\n|-unboost|p2a: Armarouge|def|1\n|-boost|p2a: Armarouge|spe|2\n|-damage|p1a: Breloom|157/235|[from] item: Life Orb\n|\n|upkeep\n|turn|9\n|\n|t:|1781462484\n|switch|p1a: Magcargo|Magcargo, L95, M|1/268\n|move|p2a: Armarouge|Armor Cannon|p1a: Magcargo\n|-resisted|p1a: Magcargo\n|-damage|p1a: Magcargo|0 fnt\n|-unboost|p2a: Armarouge|def|1\n|-unboost|p2a: Armarouge|spd|1\n|faint|p1a: Magcargo\n|\n|upkeep\n|\n|t:|1781462493\n|switch|p1a: Breloom|Breloom, L83, M|157/235\n|turn|10\n|\n|t:|1781462497\n|switch|p2a: Tauros|Tauros-Paldea-Aqua, L81, M|254/254\n|-ability|p2a: Tauros|Intimidate|boost\n|-unboost|p1a: Breloom|atk|1\n|move|p1a: Breloom|Mach Punch|p2a: Tauros\n|-damage|p2a: Tauros|194/254\n|-damage|p1a: Breloom|134/235|[from] item: Life Orb\n|\n|upkeep\n|turn|11\n|\n|t:|1781462503\n|switch|p2a: Armarouge|Armarouge, L80, M|80/267\n|switch|p1a: Vileplume|Vileplume, L85, F|266/266\n|\n|upkeep\n|turn|12\n|\n|t:|1781462509\n|move|p2a: Armarouge|Armor Cannon|p1a: Vileplume\n|-supereffective|p1a: Vileplume\n|-damage|p1a: Vileplume|0 fnt\n|-unboost|p2a: Armarouge|def|1\n|-unboost|p2a: Armarouge|spd|1\n|faint|p1a: Vileplume\n|\n|upkeep\n|\n|t:|1781462511\n|switch|p1a: Ursaring|Ursaring, L84, F|288/288\n|turn|13\n|\n|t:|1781462518\n|switch|p2a: Delibird|Delibird, F|252/252 slp\n|move|p1a: Ursaring|Swords Dance|p1a: Ursaring\n|-boost|p1a: Ursaring|atk|2\n|\n|-status|p1a: Ursaring|tox|[from] item: Toxic Orb\n|upkeep\n|turn|14\n|\n|t:|1781462527\n|cant|p2a: Delibird|slp\n|move|p1a: Ursaring|Swords Dance|p1a: Ursaring\n|-boost|p1a: Ursaring|atk|2\n|\n|-damage|p1a: Ursaring|270/288 tox|[from] psn\n|upkeep\n|turn|15\n|\n|t:|1781462529\n|cant|p2a: Delibird|slp\n|move|p1a: Ursaring|Facade|p2a: Delibird\n|-damage|p2a: Delibird|0 fnt\n|faint|p2a: Delibird\n|\n|-damage|p1a: Ursaring|234/288 tox|[from] psn\n|upkeep\n|\n|t:|1781462537\n|switch|p2a: Armarouge|Armarouge, L80, M|80/267\n|turn|16\n|inactive|Battle timer is ON: inactive players will automatically lose when time's up. (requested by titofer)\n|\n|t:|1781462543\n|move|p1a: Ursaring|Facade|p2a: Armarouge\n|-damage|p2a: Armarouge|0 fnt\n|faint|p2a: Armarouge\n|\n|-damage|p1a: Ursaring|180/288 tox|[from] psn\n|upkeep\n|\n|t:|1781462550\n|switch|p2a: Tauros|Tauros-Paldea-Aqua, L81, M|194/254\n|-ability|p2a: Tauros|Intimidate|boost\n|-unboost|p1a: Ursaring|atk|1\n|turn|17\n|\n|t:|1781462556\n|move|p2a: Tauros|Aqua Jet|p1a: Ursaring\n|-damage|p1a: Ursaring|110/288 tox\n|move|p1a: Ursaring|Facade|p2a: Tauros\n|-damage|p2a: Tauros|0 fnt\n|faint|p2a: Tauros\n|\n|-damage|p1a: Ursaring|38/288 tox|[from] psn\n|upkeep\n|\n|t:|1781462558\n|switch|p2a: Torterra|Torterra, L78, F|276/276\n|turn|18\n|\n|t:|1781462562\n|move|p1a: Ursaring|Facade|p2a: Torterra\n|-damage|p2a: Torterra|0 fnt\n|faint|p2a: Torterra\n|\n|win|titofer\n", "inputlog": ">version a8376a258c1d4662feba110a92103f3664a72141\n>start {\"formatid\":\"gen9randombattle\",\"seed\":\"sodium,f73ca3690f479ccae5b7bba74bae188b\",\"rated\":\"Rated battle\"}\n>player p1 {\"name\":\"titofer\",\"avatar\":\"169\",\"rating\":1975,\"seed\":\"sodium,97d448918c227c39c4e665af0c8b9382\"}\n>player p2 {\"name\":\"Copernicusthe54th\",\"avatar\":\"101\",\"rating\":1984,\"seed\":\"sodium,541119b90b21e2499c4dad4e5b933ae3\"}\n>p1 switch 3\n>p2 move psyshock\n>p1 move shellsmash\n>p2 move psyshock\n>p1 move powergem\n>p2 switch 5\n>p1 move powergem\n>p2 move dazzlinggleam\n>p2 switch 3\n>p1 move powergem\n>p2 move bravebird\n>p2 switch 2\n>p1 switch 4\n>p2 move aquajet\n>p1 move spore\n>p2 switch 4\n>p1 move rocktomb\n>p2 switch 5\n>p1 switch 4\n>p2 move armorcannon\n>p1 switch 4\n>p1 move machpunch\n>p2 switch 4\n>p1 switch 3\n>p2 switch 4\n>p1 move gigadrain\n>p2 move armorcannon\n>p1 switch 2\n>p1 move swordsdance\n>p2 switch 5\n>p1 move swordsdance\n>p2 move iceshard\n>p1 move facade\n>p2 move iceshard\n>p2 switch 5\n>p1 move facade\n>p2 move armorcannon\n>p2 switch 4\n>p1 move facade\n>p2 move aquajet\n>p2 switch 6\n>p1 move facade\n>p2 move shellsmash", "uploadtime": 1781462352, "views": 8, "formatid": "gen9randombattle", "rating": null, "private": 0, "password": null}