{"id": "gen9randombattle-2631955731", "format": "[Gen 9] Random Battle", "players": ["Awing3382", "DEVILICEMIN"], "log": "|j|\u203dAwing3382\n|j|\u2606DEVILICEMIN\n|t:|1781459650\n|gametype|singles\n|player|p1|Awing3382|yellow|2070\n|player|p2|DEVILICEMIN|265|2073\n|gen|9\n|tier|[Gen 9] Random Battle\n|rated|\n|rule|Species Clause: Limit one of each Pok\u00e9mon\n|rule|HP Percentage Mod: HP is shown in percentages\n|rule|Sleep Clause Mod: Limit one foe put to sleep\n|rule|Illusion Level Mod: Illusion disguises the Pok\u00e9mon's true level\n|\n|t:|1781459650\n|teamsize|p1|6\n|teamsize|p2|6\n|start\n|switch|p1a: Registeel|Registeel, L81|262/262\n|switch|p2a: Urshifu|Urshifu, L74, F|270/270\n|turn|1\n|inactive|Battle timer is ON: inactive players will automatically lose when time's up. (requested by Awing3382)\n|\n|t:|1781459666\n|switch|p1a: Spidops|Spidops, L96, M|271/271\n|move|p2a: Urshifu|Wicked Blow|p1a: Spidops\n|-crit|p1a: Spidops\n|-damage|p1a: Spidops|124/271\n|\n|upkeep\n|turn|2\n|\n|t:|1781459674\n|switch|p1a: Poliwrath|Poliwrath, L88, F|302/302\n|move|p2a: Urshifu|Wicked Blow|p1a: Poliwrath\n|-resisted|p1a: Poliwrath\n|-crit|p1a: Poliwrath\n|-damage|p1a: Poliwrath|219/302\n|\n|-heal|p1a: Poliwrath|237/302|[from] item: Leftovers\n|upkeep\n|turn|3\n|\n|t:|1781459681\n|switch|p2a: Minun|Minun, L95, M|268/268\n|move|p1a: Poliwrath|Drain Punch|p2a: Minun\n|-damage|p2a: Minun|154/268\n|-heal|p1a: Poliwrath|294/302|[from] drain|[of] p2a: Minun\n|\n|-heal|p1a: Poliwrath|302/302|[from] item: Leftovers\n|upkeep\n|turn|4\n|\n|t:|1781459689\n|move|p2a: Minun|Thunderbolt|p1a: Poliwrath\n|-supereffective|p1a: Poliwrath\n|-damage|p1a: Poliwrath|45/302\n|-damage|p2a: Minun|128/268|[from] item: Life Orb\n|move|p1a: Poliwrath|Liquidation|p2a: Minun\n|-damage|p2a: Minun|0 fnt\n|faint|p2a: Minun\n|\n|-heal|p1a: Poliwrath|63/302|[from] item: Leftovers\n|upkeep\n|\n|t:|1781459709\n|switch|p2a: Mismagius|Mismagius, L86, F|243/243\n|turn|5\n|\n|t:|1781459731\n|switch|p1a: Registeel|Registeel, L81|262/262\n|move|p2a: Mismagius|Shadow Ball|p1a: Registeel\n|-crit|p1a: Registeel\n|-damage|p1a: Registeel|159/262\n|\n|-heal|p1a: Registeel|175/262|[from] item: Leftovers\n|upkeep\n|turn|6\n|\n|t:|1781459736\n|move|p2a: Mismagius|Substitute|p2a: Mismagius\n|-start|p2a: Mismagius|Substitute\n|-damage|p2a: Mismagius|183/243\n|move|p1a: Registeel|Stealth Rock|p2a: Mismagius\n|-sidestart|p2: DEVILICEMIN|move: Stealth Rock\n|\n|-heal|p2a: Mismagius|198/243|[from] item: Leftovers\n|-heal|p1a: Registeel|191/262|[from] item: Leftovers\n|upkeep\n|turn|7\n|\n|t:|1781459740\n|move|p2a: Mismagius|Nasty Plot|p2a: Mismagius\n|-boost|p2a: Mismagius|spa|2\n|move|p1a: Registeel|Iron Head|p2a: Mismagius\n|-end|p2a: Mismagius|Substitute\n|\n|-heal|p2a: Mismagius|213/243|[from] item: Leftovers\n|-heal|p1a: Registeel|207/262|[from] item: Leftovers\n|upkeep\n|turn|8\n|\n|t:|1781459744\n|move|p2a: Mismagius|Substitute|p2a: Mismagius\n|-start|p2a: Mismagius|Substitute\n|-damage|p2a: Mismagius|153/243\n|move|p1a: Registeel|Iron Head|p2a: Mismagius\n|-end|p2a: Mismagius|Substitute\n|\n|-heal|p2a: Mismagius|168/243|[from] item: Leftovers\n|-heal|p1a: Registeel|223/262|[from] item: Leftovers\n|upkeep\n|turn|9\n|\n|t:|1781459751\n|move|p2a: Mismagius|Shadow Ball|p1a: Registeel\n|-damage|p1a: Registeel|105/262\n|move|p1a: Registeel|Thunder Wave|p2a: Mismagius\n|-status|p2a: Mismagius|par\n|\n|-heal|p1a: Registeel|121/262|[from] item: Leftovers\n|-heal|p2a: Mismagius|183/243 par|[from] item: Leftovers\n|upkeep\n|turn|10\n|\n|t:|1781459756\n|move|p1a: Registeel|Iron Head|p2a: Mismagius\n|-damage|p2a: Mismagius|105/243 par\n|cant|p2a: Mismagius|par\n|\n|-heal|p1a: Registeel|137/262|[from] item: Leftovers\n|-heal|p2a: Mismagius|120/243 par|[from] item: Leftovers\n|upkeep\n|turn|11\n|\n|t:|1781459760\n|move|p1a: Registeel|Iron Head|p2a: Mismagius\n|-damage|p2a: Mismagius|39/243 par\n|cant|p2a: Mismagius|par\n|\n|-heal|p1a: Registeel|153/262|[from] item: Leftovers\n|-heal|p2a: Mismagius|54/243 par|[from] item: Leftovers\n|upkeep\n|turn|12\n|\n|t:|1781459765\n|move|p1a: Registeel|Iron Head|p2a: Mismagius\n|-damage|p2a: Mismagius|0 fnt\n|faint|p2a: Mismagius\n|\n|-heal|p1a: Registeel|169/262|[from] item: Leftovers\n|upkeep\n|\n|t:|1781459768\n|switch|p2a: Forretress|Forretress, L84, M|263/263\n|-damage|p2a: Forretress|231/263|[from] Stealth Rock\n|turn|13\n|\n|t:|1781459787\n|switch|p1a: Poliwrath|Poliwrath, L88, F|63/302\n|move|p2a: Forretress|Rapid Spin|p1a: Poliwrath\n|-damage|p1a: Poliwrath|33/302\n|-boost|p2a: Forretress|spe|1\n|-sideend|p2: DEVILICEMIN|Stealth Rock|[from] move: Rapid Spin|[of] p2a: Forretress\n|\n|-heal|p1a: Poliwrath|51/302|[from] item: Leftovers\n|-heal|p2a: Forretress|247/263|[from] item: Leftovers\n|upkeep\n|turn|14\n|\n|t:|1781459794\n|move|p1a: Poliwrath|Drain Punch|p2a: Forretress\n|-crit|p2a: Forretress\n|-damage|p2a: Forretress|154/263\n|-heal|p1a: Poliwrath|98/302|[from] drain|[of] p2a: Forretress\n|move|p2a: Forretress|Rapid Spin|p1a: Poliwrath\n|-damage|p1a: Poliwrath|65/302\n|-boost|p2a: Forretress|spe|1\n|\n|-heal|p2a: Forretress|170/263|[from] item: Leftovers\n|-heal|p1a: Poliwrath|83/302|[from] item: Leftovers\n|upkeep\n|turn|15\n|\n|t:|1781459800\n|move|p2a: Forretress|Body Press|p1a: Poliwrath\n|-damage|p1a: Poliwrath|12/302\n|move|p1a: Poliwrath|Drain Punch|p2a: Forretress\n|-damage|p2a: Forretress|115/263\n|-heal|p1a: Poliwrath|40/302|[from] drain|[of] p2a: Forretress\n|\n|-heal|p2a: Forretress|131/263|[from] item: Leftovers\n|-heal|p1a: Poliwrath|58/302|[from] item: Leftovers\n|upkeep\n|turn|16\n|\n|t:|1781459809\n|move|p2a: Forretress|Body Press|p1a: Poliwrath\n|-damage|p1a: Poliwrath|0 fnt\n|faint|p1a: Poliwrath\n|\n|-heal|p2a: Forretress|147/263|[from] item: Leftovers\n|upkeep\n|\n|t:|1781459821\n|switch|p1a: Flamigo|Flamigo, L82, F|269/269\n|turn|17\n|\n|t:|1781459825\n|move|p2a: Forretress|Iron Head|p1a: Flamigo\n|-damage|p1a: Flamigo|179/269\n|move|p1a: Flamigo|Swords Dance|p1a: Flamigo\n|-boost|p1a: Flamigo|atk|2\n|\n|-heal|p2a: Forretress|163/263|[from] item: Leftovers\n|upkeep\n|turn|18\n|\n|t:|1781459831\n|move|p2a: Forretress|Iron Head|p1a: Flamigo\n|-damage|p1a: Flamigo|85/269\n|cant|p1a: Flamigo|flinch\n|\n|-heal|p2a: Forretress|179/263|[from] item: Leftovers\n|upkeep\n|turn|19\n|\n|t:|1781459837\n|switch|p1a: Registeel|Registeel, L81|169/262\n|move|p2a: Forretress|Iron Head|p1a: Registeel\n|-resisted|p1a: Registeel\n|-damage|p1a: Registeel|144/262\n|\n|-heal|p2a: Forretress|195/263|[from] item: Leftovers\n|-heal|p1a: Registeel|160/262|[from] item: Leftovers\n|upkeep\n|turn|20\n|\n|t:|1781459841\n|move|p2a: Forretress|Body Press|p1a: Registeel\n|-supereffective|p1a: Registeel\n|-damage|p1a: Registeel|62/262\n|move|p1a: Registeel|Thunder Wave|p2a: Forretress\n|-status|p2a: Forretress|par\n|\n|-heal|p1a: Registeel|78/262|[from] item: Leftovers\n|-heal|p2a: Forretress|211/263 par|[from] item: Leftovers\n|upkeep\n|turn|21\n|\n|t:|1781459848\n|move|p1a: Registeel|Body Press|p2a: Forretress\n|-damage|p2a: Forretress|161/263 par\n|cant|p2a: Forretress|par\n|\n|-heal|p1a: Registeel|94/262|[from] item: Leftovers\n|-heal|p2a: Forretress|177/263 par|[from] item: Leftovers\n|upkeep\n|turn|22\n|\n|t:|1781459852\n|move|p1a: Registeel|Body Press|p2a: Forretress\n|-damage|p2a: Forretress|128/263 par\n|move|p2a: Forretress|Body Press|p1a: Registeel\n|-supereffective|p1a: Registeel\n|-damage|p1a: Registeel|0 fnt\n|faint|p1a: Registeel\n|\n|-heal|p2a: Forretress|144/263 par|[from] item: Leftovers\n|upkeep\n|\n|t:|1781459856\n|switch|p1a: Flamigo|Flamigo, L82, F|85/269\n|turn|23\n|\n|t:|1781459859\n|move|p1a: Flamigo|Close Combat|p2a: Forretress\n|-damage|p2a: Forretress|10/263 par\n|-unboost|p1a: Flamigo|def|1\n|-unboost|p1a: Flamigo|spd|1\n|-damage|p1a: Flamigo|59/269|[from] item: Life Orb\n|move|p2a: Forretress|Iron Head|p1a: Flamigo\n|-damage|p1a: Flamigo|0 fnt\n|faint|p1a: Flamigo\n|\n|-heal|p2a: Forretress|26/263 par|[from] item: Leftovers\n|upkeep\n|\n|t:|1781459867\n|switch|p1a: Vigoroth|Vigoroth, L85, F|275/275\n|turn|24\n|\n|t:|1781459881\n|move|p1a: Vigoroth|Bulk Up|p1a: Vigoroth\n|-boost|p1a: Vigoroth|atk|1\n|-boost|p1a: Vigoroth|def|1\n|move|p2a: Forretress|Body Press|p1a: Vigoroth\n|-supereffective|p1a: Vigoroth\n|-damage|p1a: Vigoroth|203/275\n|\n|-heal|p2a: Forretress|42/263 par|[from] item: Leftovers\n|upkeep\n|turn|25\n|\n|t:|1781459887\n|switch|p2a: Politoed|Politoed, L88, F|302/302\n|-weather|RainDance|[from] ability: Drizzle|[of] p2a: Politoed\n|move|p1a: Vigoroth|Bulk Up|p1a: Vigoroth\n|-boost|p1a: Vigoroth|atk|1\n|-boost|p1a: Vigoroth|def|1\n|\n|-weather|RainDance|[upkeep]\n|upkeep\n|turn|26\n|\n|t:|1781459891\n|-terastallize|p2a: Politoed|Water\n|move|p1a: Vigoroth|Body Slam|p2a: Politoed\n|-damage|p2a: Politoed|142/302\n|move|p2a: Politoed|Weather Ball|p1a: Vigoroth\n|-damage|p1a: Vigoroth|0 fnt\n|faint|p1a: Vigoroth\n|\n|-weather|RainDance|[upkeep]\n|upkeep\n|\n|t:|1781459899\n|switch|p1a: Bombirdier|Bombirdier, L85, F|258/258\n|turn|27\n|\n|t:|1781459909\n|move|p1a: Bombirdier|U-turn|p2a: Politoed\n|-damage|p2a: Politoed|88/302\n|\n|t:|1781459911\n|switch|p1a: Spidops|Spidops, L96, M|124/271|[from] U-turn\n|move|p2a: Politoed|Weather Ball|p1a: Spidops\n|-damage|p1a: Spidops|0 fnt\n|faint|p1a: Spidops\n|\n|-weather|RainDance|[upkeep]\n|upkeep\n|\n|t:|1781459913\n|switch|p1a: Bombirdier|Bombirdier, L85, F|258/258\n|turn|28\n|\n|t:|1781459915\n|move|p1a: Bombirdier|Knock Off|p2a: Politoed\n|-damage|p2a: Politoed|0 fnt\n|-enditem|p2a: Politoed|Choice Specs|[from] move: Knock Off|[of] p1a: Bombirdier\n|faint|p2a: Politoed\n|\n|-weather|RainDance|[upkeep]\n|upkeep\n|\n|t:|1781459920\n|switch|p2a: Forretress|Forretress, L84, M|42/263 par\n|turn|29\n|\n|t:|1781459923\n|move|p1a: Bombirdier|Knock Off|p2a: Forretress\n|-damage|p2a: Forretress|0 fnt\n|-enditem|p2a: Forretress|Leftovers|[from] move: Knock Off|[of] p1a: Bombirdier\n|faint|p2a: Forretress\n|\n|-weather|none\n|upkeep\n|\n|t:|1781459926\n|switch|p2a: Urshifu|Urshifu, L74, F|270/270\n|turn|30\n|\n|t:|1781459933\n|move|p1a: Bombirdier|Brave Bird|p2a: Urshifu\n|-supereffective|p2a: Urshifu\n|-damage|p2a: Urshifu|0 fnt\n|faint|p2a: Urshifu\n|-damage|p1a: Bombirdier|169/258|[from] Recoil\n|\n|upkeep\n|\n|t:|1781459935\n|switch|p2a: Hoopa|Hoopa, L85|275/275\n|turn|31\n|\n|t:|1781459940\n|move|p1a: Bombirdier|Knock Off|p2a: Hoopa\n|-supereffective|p2a: Hoopa\n|-damage|p2a: Hoopa|0 fnt\n|-enditem|p2a: Hoopa|Life Orb|[from] move: Knock Off|[of] p1a: Bombirdier\n|faint|p2a: Hoopa\n|\n|win|Awing3382\n|raw|Awing3382's rating: 2070 &rarr; <strong>2090</strong><br />(+20 for winning)\n|raw|DEVILICEMIN's rating: 2073 &rarr; <strong>2053</strong><br />(-20 for losing)\n", "inputlog": ">version a8376a258c1d4662feba110a92103f3664a72141\n>start {\"formatid\":\"gen9randombattle\",\"seed\":\"sodium,77c1d03e9fdd1747922d684789e36977\",\"rated\":\"Rated battle\"}\n>player p1 {\"name\":\"Awing3382\",\"avatar\":\"yellow\",\"rating\":2070,\"seed\":\"sodium,85a3d2dd415fdeb9f0bb4827d4910717\"}\n>player p2 {\"name\":\"DEVILICEMIN\",\"avatar\":\"265\",\"rating\":2073,\"seed\":\"sodium,b7449c4f5212e5ec712908c85522f5b8\"}\n>p1 switch 4\n>p2 move wickedblow\n>p1 switch 3\n>p2 move wickedblow\n>p1 move drainpunch\n>p2 switch 5\n>p1 move liquidation\n>p2 move thunderbolt\n>p2 switch 6\n>p1 switch 4\n>p2 move shadowball\n>p1 move stealthrock\n>p2 move substitute\n>p1 move ironhead\n>p2 move nastyplot\n>p1 move ironhead\n>p2 move substitute\n>p1 move thunderwave\n>p2 move shadowball\n>p1 move ironhead\n>p2 move shadowball\n>p1 move ironhead\n>p2 move shadowball\n>p1 move ironhead\n>p2 move shadowball\n>p2 switch 4\n>p1 switch 4\n>p2 move rapidspin\n>p1 move drainpunch\n>p2 move rapidspin\n>p1 move drainpunch\n>p2 move bodypress\n>p1 move drainpunch\n>p2 move bodypress\n>p1 switch 2\n>p1 move swordsdance\n>p2 move ironhead\n>p1 move closecombat\n>p2 move ironhead\n>p1 switch 4\n>p2 move ironhead\n>p1 move thunderwave\n>p2 move bodypress\n>p1 move bodypress\n>p2 move bodypress\n>p1 move bodypress\n>p2 move bodypress\n>p1 switch 4\n>p1 move closecombat\n>p2 move ironhead\n>p1 switch 5\n>p1 move bulkup\n>p2 move bodypress\n>p1 move bulkup\n>p2 switch 3\n>p1 move bodyslam\n>p2 move weatherball terastallize\n>p1 switch 6\n>p1 move uturn\n>p2 move weatherball\n>p1 switch 3\n>p1 switch 3\n>p1 move knockoff\n>p2 move weatherball\n>p2 switch 3\n>p1 move knockoff\n>p2 move bodypress\n>p2 switch 5\n>p1 move bravebird\n>p2 move poisonjab\n>p2 switch 2\n>p1 move knockoff\n>p2 move focusblast", "uploadtime": 1781459652, "views": 7, "formatid": "gen9randombattle", "rating": 2053, "private": 0, "password": null}