{"id": "gen9randombattle-2631471468", "format": "[Gen 9] Random Battle", "players": ["frenoyoyoy", "asdfgfSFD"], "log": "|j|\u2606frenoyoyoy\n|j|\u2606asdfgfSFD\n|t:|1781388933\n|gametype|singles\n|player|p1|frenoyoyoy|giovanni-gen1rb|1099\n|player|p2|asdfgfSFD|102|1099\n|gen|9\n|tier|[Gen 9] Random Battle\n|rated|\n|rule|Species Clause: Limit one of each Pok\u00e9mon\n|rule|HP Percentage Mod: HP is shown in percentages\n|rule|Sleep Clause Mod: Limit one foe put to sleep\n|rule|Illusion Level Mod: Illusion disguises the Pok\u00e9mon's true level\n|\n|t:|1781388933\n|teamsize|p1|6\n|teamsize|p2|6\n|start\n|switch|p1a: Cyclizar|Cyclizar, L83, F|252/252\n|switch|p2a: Plusle|Plusle, L95, F|268/268\n|turn|1\n|\n|t:|1781388941\n|move|p1a: Cyclizar|Rapid Spin|p2a: Plusle\n|-damage|p2a: Plusle|193/268\n|-boost|p1a: Cyclizar|spe|1\n|move|p2a: Plusle|Nasty Plot|p2a: Plusle\n|-boost|p2a: Plusle|spa|2\n|\n|upkeep\n|turn|2\n|\n|t:|1781388961\n|move|p1a: Cyclizar|Taunt|p2a: Plusle\n|-start|p2a: Plusle|move: Taunt\n|move|p2a: Plusle|Alluring Voice|p1a: Cyclizar\n|-supereffective|p1a: Cyclizar\n|-damage|p1a: Cyclizar|0 fnt\n|faint|p1a: Cyclizar\n|-damage|p2a: Plusle|167/268|[from] item: Life Orb\n|\n|upkeep\n|\n|t:|1781388976\n|switch|p1a: Luxray|Luxray, L88, F|283/283\n|turn|3\n|\n|t:|1781388990\n|move|p2a: Plusle|Grass Knot|p1a: Luxray\n|-damage|p1a: Luxray|139/283\n|-damage|p2a: Plusle|141/268|[from] item: Life Orb\n|move|p1a: Luxray|Trailblaze|p2a: Plusle\n|-damage|p2a: Plusle|67/268\n|-boost|p1a: Luxray|spe|1\n|\n|-status|p1a: Luxray|brn|[from] item: Flame Orb\n|upkeep\n|turn|4\n|\n|t:|1781389003\n|move|p1a: Luxray|Facade|p2a: Plusle\n|-damage|p2a: Plusle|0 fnt\n|faint|p2a: Plusle\n|\n|-damage|p1a: Luxray|122/283 brn|[from] brn\n|upkeep\n|\n|t:|1781389010\n|switch|p2a: Groudon|Groudon, L72|263/263\n|-weather|SunnyDay|[from] ability: Drought|[of] p2a: Groudon\n|turn|5\n|\n|t:|1781389021\n|-terastallize|p1a: Luxray|Normal\n|move|p1a: Luxray|Facade|p2a: Groudon\n|-damage|p2a: Groudon|25/263\n|move|p2a: Groudon|Precipice Blades|p1a: Luxray\n|-damage|p1a: Luxray|0 fnt\n|faint|p1a: Luxray\n|\n|-weather|SunnyDay|[upkeep]\n|-heal|p2a: Groudon|41/263|[from] item: Leftovers\n|upkeep\n|\n|t:|1781389034\n|switch|p1a: Comfey|Comfey, L85, M|225/225\n|turn|6\n|\n|t:|1781389042\n|move|p1a: Comfey|Giga Drain|p2a: Groudon\n|-supereffective|p2a: Groudon\n|-damage|p2a: Groudon|0 fnt\n|faint|p2a: Groudon\n|\n|-weather|SunnyDay|[upkeep]\n|upkeep\n|\n|t:|1781389049\n|switch|p2a: Mienshao|Mienshao, L83, M|244/244\n|turn|7\n|\n|t:|1781389062\n|move|p1a: Comfey|Draining Kiss|p2a: Mienshao\n|-supereffective|p2a: Mienshao\n|-damage|p2a: Mienshao|112/244\n|move|p2a: Mienshao|Triple Axel|p1a: Comfey\n|-damage|p1a: Comfey|203/225\n|-damage|p1a: Comfey|161/225\n|-damage|p1a: Comfey|99/225\n|-hitcount|p1a: Comfey|3\n|-damage|p2a: Mienshao|88/244|[from] item: Life Orb\n|\n|-weather|SunnyDay|[upkeep]\n|-heal|p1a: Comfey|113/225|[from] item: Leftovers\n|upkeep\n|turn|8\n|\n|t:|1781389073\n|move|p1a: Comfey|Draining Kiss|p2a: Mienshao\n|-supereffective|p2a: Mienshao\n|-damage|p2a: Mienshao|0 fnt\n|-heal|p1a: Comfey|179/225|[from] drain|[of] p2a: Mienshao\n|faint|p2a: Mienshao\n|\n|-weather|SunnyDay|[upkeep]\n|-heal|p1a: Comfey|193/225|[from] item: Leftovers\n|upkeep\n|\n|t:|1781389084\n|switch|p2a: Hoopa|Hoopa-Unbound, L80|259/259\n|turn|9\n|\n|t:|1781389093\n|-terastallize|p2a: Hoopa|Poison\n|move|p1a: Comfey|Draining Kiss|p2a: Hoopa\n|-resisted|p2a: Hoopa\n|-crit|p2a: Hoopa\n|-damage|p2a: Hoopa|229/259\n|-heal|p1a: Comfey|216/225|[from] drain|[of] p2a: Hoopa\n|move|p2a: Hoopa|Gunk Shot|p1a: Comfey\n|-supereffective|p1a: Comfey\n|-damage|p1a: Comfey|0 fnt\n|faint|p1a: Comfey\n|\n|-weather|none\n|upkeep\n|\n|t:|1781389108\n|switch|p1a: Noivern|Noivern, L82, M|274/274\n|turn|10\n|\n|t:|1781389127\n|move|p2a: Hoopa|Gunk Shot|p1a: Noivern\n|-damage|p1a: Noivern|75/274\n|move|p1a: Noivern|Draco Meteor|p2a: Hoopa\n|-damage|p2a: Hoopa|76/259\n|-unboost|p1a: Noivern|spa|2\n|\n|upkeep\n|turn|11\n|\n|t:|1781389137\n|move|p2a: Hoopa|Gunk Shot|p1a: Noivern|[miss]\n|-miss|p2a: Hoopa|p1a: Noivern\n|move|p1a: Noivern|Draco Meteor|p2a: Hoopa\n|-damage|p2a: Hoopa|4/259\n|-unboost|p1a: Noivern|spa|2\n|\n|upkeep\n|turn|12\n|\n|t:|1781389149\n|move|p2a: Hoopa|Gunk Shot|p1a: Noivern\n|-damage|p1a: Noivern|0 fnt\n|faint|p1a: Noivern\n|\n|upkeep\n|\n|t:|1781389153\n|switch|p1a: Volcarona|Volcarona, L77, F|257/257\n|turn|13\n|\n|t:|1781389160\n|move|p2a: Hoopa|Gunk Shot|p1a: Volcarona\n|-damage|p1a: Volcarona|14/257\n|move|p1a: Volcarona|Giga Drain|p2a: Hoopa\n|-resisted|p2a: Hoopa\n|-damage|p2a: Hoopa|0 fnt\n|-heal|p1a: Volcarona|16/257|[from] drain|[of] p2a: Hoopa\n|faint|p2a: Hoopa\n|\n|upkeep\n|\n|t:|1781389169\n|switch|p2a: Great Tusk|Great Tusk, L77|304/304\n|turn|14\n|\n|t:|1781389172\n|move|p1a: Volcarona|Giga Drain|p2a: Great Tusk\n|-supereffective|p2a: Great Tusk\n|-damage|p2a: Great Tusk|190/304\n|-heal|p1a: Volcarona|73/257|[from] drain|[of] p2a: Great Tusk\n|move|p2a: Great Tusk|Rapid Spin|p1a: Volcarona\n|-damage|p1a: Volcarona|20/257\n|-boost|p2a: Great Tusk|spe|1\n|-status|p2a: Great Tusk|brn|[from] ability: Flame Body|[of] p1a: Volcarona\n|\n|-damage|p2a: Great Tusk|171/304 brn|[from] brn\n|upkeep\n|turn|15\n|\n|t:|1781389182\n|move|p2a: Great Tusk|Rapid Spin|p1a: Volcarona\n|-damage|p1a: Volcarona|0 fnt\n|-boost|p2a: Great Tusk|spe|1\n|faint|p1a: Volcarona\n|\n|-damage|p2a: Great Tusk|152/304 brn|[from] brn\n|upkeep\n|\n|t:|1781389188\n|switch|p1a: Flareon|Flareon, L90, M|263/263\n|turn|16\n|\n|t:|1781389196\n|move|p2a: Great Tusk|Headlong Rush|p1a: Flareon\n|-supereffective|p1a: Flareon\n|-damage|p1a: Flareon|95/263\n|-unboost|p2a: Great Tusk|def|1\n|-unboost|p2a: Great Tusk|spd|1\n|move|p1a: Flareon|Trailblaze|p2a: Great Tusk\n|-supereffective|p2a: Great Tusk\n|-damage|p2a: Great Tusk|18/304 brn\n|-boost|p1a: Flareon|spe|1\n|\n|-damage|p2a: Great Tusk|0 fnt|[from] brn\n|faint|p2a: Great Tusk\n|-end|p2a: Great Tusk|Protosynthesis|[silent]\n|-status|p1a: Flareon|tox|[from] item: Toxic Orb\n|upkeep\n|\n|t:|1781389203\n|switch|p2a: Incineroar|Incineroar, L82, M|290/290\n|-ability|p2a: Incineroar|Intimidate|boost\n|-unboost|p1a: Flareon|atk|1\n|turn|17\n|\n|t:|1781389212\n|move|p1a: Flareon|Facade|p2a: Incineroar\n|-crit|p2a: Incineroar\n|-damage|p2a: Incineroar|0 fnt\n|faint|p2a: Incineroar\n|\n|win|frenoyoyoy\n|raw|frenoyoyoy's rating: 1099 &rarr; <strong>1124</strong><br />(+25 for winning)\n|raw|asdfgfSFD's rating: 1099 &rarr; <strong>1074</strong><br />(-25 for losing)\n|l|\u2606asdfgfSFD\n|player|p2|\n|c|\u2606frenoyoyoy|GG\n", "inputlog": ">version a8376a258c1d4662feba110a92103f3664a72141\n>start {\"formatid\":\"gen9randombattle\",\"seed\":\"sodium,323ff3ed5908f24647a80ef1bd2ea3e5\",\"rated\":\"Rated battle\"}\n>player p1 {\"name\":\"frenoyoyoy\",\"avatar\":\"giovanni-gen1rb\",\"rating\":1099,\"seed\":\"sodium,d66acd81e2d15e9276442f749bce7f85\"}\n>player p2 {\"name\":\"asdfgfSFD\",\"avatar\":\"102\",\"rating\":1099,\"seed\":\"sodium,c81ae496ef6b5988d9a5a810fc72185a\"}\n>p1 move rapidspin\n>p2 move nastyplot\n>p1 move taunt\n>p2 move alluringvoice\n>p1 switch 3\n>p1 move trailblaze\n>p2 move grassknot\n>p1 move facade\n>p2 move grassknot\n>p2 switch 3\n>p1 move facade terastallize\n>p2 move precipiceblades\n>p1 switch 4\n>p1 move gigadrain\n>p2 move heatcrash\n>p2 switch 6\n>p1 move drainingkiss\n>p2 move tripleaxel\n>p1 move drainingkiss\n>p2 move tripleaxel\n>p2 switch 5\n>p1 move drainingkiss\n>p2 move gunkshot terastallize\n>p1 switch 6\n>p1 move dracometeor\n>p2 move gunkshot\n>p1 move dracometeor\n>p2 move gunkshot\n>p1 move dracometeor\n>p2 move gunkshot\n>p1 switch 5\n>p1 move gigadrain\n>p2 move gunkshot\n>p2 switch 2\n>p1 move gigadrain\n>p2 move rapidspin\n>p1 move gigadrain\n>p2 move rapidspin\n>p1 switch 2\n>p1 move trailblaze\n>p2 move headlongrush\n>p2 switch 4\n>p1 move facade\n>p2 move knockoff", "uploadtime": 1781389224, "views": 5, "formatid": "gen9randombattle", "rating": 1074, "private": 0, "password": null}