{"id": "gen9randombattle-2631541691", "format": "[Gen 9] Random Battle", "players": ["igothighjumpkick", "DaMoistAvocado"], "log": "|j|\u2606igothighjumpkick\n|j|\u2606DaMoistAvocado\n|t:|1781398814\n|gametype|singles\n|player|p1|igothighjumpkick|102|1916\n|player|p2|DaMoistAvocado|steven|1958\n|gen|9\n|tier|[Gen 9] Random Battle\n|rated|\n|rule|Species Clause: Limit one of each Pok\u00e9mon\n|rule|HP Percentage Mod: HP is shown in percentages\n|rule|Sleep Clause Mod: Limit one foe put to sleep\n|rule|Illusion Level Mod: Illusion disguises the Pok\u00e9mon's true level\n|\n|t:|1781398814\n|teamsize|p1|6\n|teamsize|p2|6\n|start\n|switch|p1a: Whiscash|Whiscash, L88, F|337/337\n|switch|p2a: Goodra|Goodra-Hisui, L82, M|265/265\n|turn|1\n|inactive|Battle timer is ON: inactive players will automatically lose when time's up. (requested by igothighjumpkick)\n|\n|t:|1781398833\n|switch|p2a: Zarude|Zarude-Dada, L77|288/288\n|move|p1a: Whiscash|Spikes|p2a: Zarude\n|-sidestart|p2: DaMoistAvocado|Spikes\n|\n|upkeep\n|turn|2\n|\n|t:|1781398844\n|switch|p1a: Sceptile|Sceptile, L87, M|264/264\n|move|p2a: Zarude|Swords Dance|p2a: Zarude\n|-boost|p2a: Zarude|atk|2\n|\n|upkeep\n|turn|3\n|\n|t:|1781398855\n|move|p1a: Sceptile|Rock Slide|p2a: Zarude\n|-damage|p2a: Zarude|228/288\n|-damage|p1a: Sceptile|238/264|[from] item: Life Orb\n|cant|p2a: Zarude|flinch\n|\n|-heal|p2a: Zarude|246/288|[from] item: Leftovers\n|upkeep\n|turn|4\n|\n|t:|1781398862\n|move|p1a: Sceptile|Shed Tail|p1a: Sceptile\n|-start|p1a: Sceptile|Substitute|[from] move: Shed Tail\n|-damage|p1a: Sceptile|106/264\n|\n|t:|1781398864\n|switch|p1a: Spidops|Spidops, L96, M|271/271|[from] Shed Tail\n|move|p2a: Zarude|Knock Off|p1a: Spidops\n|-end|p1a: Spidops|Substitute\n|\n|-heal|p2a: Zarude|264/288|[from] item: Leftovers\n|upkeep\n|turn|5\n|\n|t:|1781398876\n|move|p2a: Zarude|Knock Off|p1a: Spidops\n|-damage|p1a: Spidops|111/271\n|-enditem|p1a: Spidops|Heavy-Duty Boots|[from] move: Knock Off|[of] p2a: Zarude\n|move|p1a: Spidops|Sticky Web|p2a: Zarude\n|-sidestart|p2: DaMoistAvocado|move: Sticky Web\n|\n|-heal|p2a: Zarude|282/288|[from] item: Leftovers\n|upkeep\n|turn|6\n|\n|t:|1781398883\n|move|p2a: Zarude|Knock Off|p1a: Spidops\n|-damage|p1a: Spidops|0 fnt\n|faint|p1a: Spidops\n|\n|-heal|p2a: Zarude|288/288|[from] item: Leftovers\n|upkeep\n|\n|t:|1781398886\n|switch|p1a: Polteageist|Polteageist-Antique, L78|222/222\n|turn|7\n|\n|t:|1781398890\n|-terastallize|p1a: Polteageist|Dark\n|move|p2a: Zarude|Power Whip|p1a: Polteageist\n|-damage|p1a: Polteageist|0 fnt\n|faint|p1a: Polteageist\n|\n|upkeep\n|\n|t:|1781398895\n|switch|p1a: Whiscash|Whiscash, L88, F|337/337\n|turn|8\n|-message|igothighjumpkick forfeited.\n|\n|win|DaMoistAvocado\n", "uploadtime": 1781398816, "views": 3, "formatid": "gen9randombattle", "rating": null, "private": 0, "password": null}