{"id": "gen9randombattle-2631605078", "format": "[Gen 9] Random Battle", "players": ["Vitorlarvitar", "Gatobas"], "log": "|j|\u2606Vitorlarvitar\n|j|\u2606Gatobas\n|t:|1781407665\n|gametype|singles\n|player|p1|Vitorlarvitar|n|\n|player|p2|Gatobas|skyla|\n|gen|9\n|tier|[Gen 9] Random Battle\n|rule|Species Clause: Limit one of each Pok\u00e9mon\n|rule|HP Percentage Mod: HP is shown in percentages\n|rule|Sleep Clause Mod: Limit one foe put to sleep\n|rule|Illusion Level Mod: Illusion disguises the Pok\u00e9mon's true level\n|\n|t:|1781407665\n|teamsize|p1|6\n|teamsize|p2|6\n|start\n|switch|p1a: Zekrom|Zekrom, L71|259/259\n|switch|p2a: Flapple|Flapple, L88, M|266/266\n|-ability|p1a: Zekrom|Teravolt\n|turn|1\n|\n|t:|1781407697\n|-terastallize|p1a: Zekrom|Fairy\n|move|p2a: Flapple|Outrage|p1a: Zekrom\n|-immune|p1a: Zekrom\n|move|p1a: Zekrom|Substitute|p1a: Zekrom\n|-start|p1a: Zekrom|Substitute\n|-damage|p1a: Zekrom|195/259\n|\n|-heal|p1a: Zekrom|211/259|[from] item: Leftovers\n|upkeep\n|turn|2\n|\n|t:|1781407708\n|move|p2a: Flapple|Grav Apple|p1a: Zekrom\n|-end|p1a: Zekrom|Substitute\n|move|p1a: Zekrom|Dragon Dance|p1a: Zekrom\n|-boost|p1a: Zekrom|atk|1\n|-boost|p1a: Zekrom|spe|1\n|\n|-heal|p1a: Zekrom|227/259|[from] item: Leftovers\n|upkeep\n|turn|3\n|\n|t:|1781407718\n|move|p1a: Zekrom|Substitute|p1a: Zekrom\n|-start|p1a: Zekrom|Substitute\n|-damage|p1a: Zekrom|163/259\n|move|p2a: Flapple|Dragon Dance|p2a: Flapple\n|-boost|p2a: Flapple|atk|1\n|-boost|p2a: Flapple|spe|1\n|\n|-heal|p1a: Zekrom|179/259|[from] item: Leftovers\n|upkeep\n|turn|4\n|\n|t:|1781407721\n|move|p2a: Flapple|Grav Apple|p1a: Zekrom\n|-end|p1a: Zekrom|Substitute\n|move|p1a: Zekrom|Dragon Dance|p1a: Zekrom\n|-boost|p1a: Zekrom|atk|1\n|-boost|p1a: Zekrom|spe|1\n|\n|-heal|p1a: Zekrom|195/259|[from] item: Leftovers\n|upkeep\n|turn|5\n|\n|t:|1781407734\n|move|p1a: Zekrom|Outrage|p2a: Flapple\n|-supereffective|p2a: Flapple\n|-damage|p2a: Flapple|0 fnt\n|faint|p2a: Flapple\n|\n|-heal|p1a: Zekrom|211/259|[from] item: Leftovers\n|upkeep\n|\n|t:|1781407740\n|switch|p2a: Venusaur|Venusaur, L84, F|272/272\n|turn|6\n|\n|t:|1781407745\n|move|p1a: Zekrom|Outrage|p2a: Venusaur|[from] lockedmove\n|-damage|p2a: Venusaur|0 fnt\n|faint|p2a: Venusaur\n|\n|-heal|p1a: Zekrom|227/259|[from] item: Leftovers\n|upkeep\n|\n|t:|1781407752\n|switch|p2a: Flutter Mane|Flutter Mane, L74|203/203\n|turn|7\n|\n|t:|1781407755\n|move|p1a: Zekrom|Outrage|p2a: Flutter Mane|[from] lockedmove\n|-immune|p2a: Flutter Mane\n|-start|p1a: Zekrom|confusion|[fatigue]\n|move|p2a: Flutter Mane|Calm Mind|p2a: Flutter Mane\n|-boost|p2a: Flutter Mane|spa|1\n|-boost|p2a: Flutter Mane|spd|1\n|\n|-heal|p1a: Zekrom|243/259|[from] item: Leftovers\n|upkeep\n|turn|8\n|\n|t:|1781407765\n|-activate|p1a: Zekrom|confusion\n|move|p1a: Zekrom|Bolt Strike|p2a: Flutter Mane\n|-damage|p2a: Flutter Mane|0 fnt\n|faint|p2a: Flutter Mane\n|-end|p2a: Flutter Mane|Protosynthesis|[silent]\n|\n|-heal|p1a: Zekrom|259/259|[from] item: Leftovers\n|upkeep\n|\n|t:|1781407773\n|switch|p2a: Vivillon|Vivillon-Garden, L83, F|268/268\n|turn|9\n|\n|t:|1781407776\n|-activate|p1a: Zekrom|confusion\n|move|p1a: Zekrom|Bolt Strike|p2a: Vivillon\n|-supereffective|p2a: Vivillon\n|-damage|p2a: Vivillon|0 fnt\n|faint|p2a: Vivillon\n|\n|upkeep\n|\n|t:|1781407778\n|switch|p2a: Avalugg|Avalugg, L88, M|310/310\n|turn|10\n|-message|Gatobas forfeited.\n|\n|win|Vitorlarvitar\n|l|\u2606Gatobas\n|player|p2|\n", "inputlog": ">version a8376a258c1d4662feba110a92103f3664a72141\n>start {\"formatid\":\"gen9randombattle\",\"seed\":\"sodium,a6e6e9fbc6c372984c3df2ea8eee7c83\"}\n>player p1 {\"name\":\"Vitorlarvitar\",\"avatar\":\"n\",\"rating\":0,\"seed\":\"sodium,727efdc9f84e8f139ed7e4f3b6203fea\"}\n>player p2 {\"name\":\"Gatobas\",\"avatar\":\"skyla\",\"rating\":0,\"seed\":\"sodium,12f90ca39accdc1734d8f511bf55b3dd\"}\n>p1 move substitute terastallize\n>p2 move outrage\n>p1 move dragondance\n>p2 move gravapple\n>p1 move substitute\n>p2 move dragondance\n>p1 move dragondance\n>p2 move gravapple\n>p1 move outrage\n>p2 move gravapple\n>p2 switch 3\n>p1 move outrage\n>p2 move sludgebomb\n>p2 switch 5\n>p1 move outrage\n>p2 move calmmind\n>p1 move boltstrike\n>p2 move calmmind\n>p2 switch 6\n>p1 move boltstrike\n>p2 move quiverdance\n>p2 switch 4\n>forcelose p2", "uploadtime": 1781407786, "views": 13, "formatid": "gen9randombattle", "rating": null, "private": 0, "password": null}