{"id": "gen9randombattle-2631899829", "format": "[Gen 9] Random Battle", "players": ["spencomatic", "drnecrotizer"], "log": "|j|\u2606spencomatic\n|j|\u2606drnecrotizer\n|t:|1781453529\n|gametype|singles\n|player|p1|spencomatic|2|2060\n|player|p2|drnecrotizer|265|2044\n|gen|9\n|tier|[Gen 9] Random Battle\n|rated|\n|rule|Species Clause: Limit one of each Pok\u00e9mon\n|rule|HP Percentage Mod: HP is shown in percentages\n|rule|Sleep Clause Mod: Limit one foe put to sleep\n|rule|Illusion Level Mod: Illusion disguises the Pok\u00e9mon's true level\n|\n|t:|1781453529\n|teamsize|p1|6\n|teamsize|p2|6\n|start\n|switch|p1a: Chansey|Chansey, L85, F|564/564\n|switch|p2a: Lucario|Lucario, L84, F|255/255\n|turn|1\n|inactive|Battle timer is ON: inactive players will automatically lose when time's up. (requested by spencomatic)\n|\n|t:|1781453543\n|switch|p1a: Ludicolo|Ludicolo, L90, F|290/290\n|move|p2a: Lucario|Nasty Plot|p2a: Lucario\n|-boost|p2a: Lucario|spa|2\n|\n|upkeep\n|turn|2\n|\n|t:|1781453552\n|move|p2a: Lucario|Nasty Plot|p2a: Lucario\n|-boost|p2a: Lucario|spa|2\n|move|p1a: Ludicolo|Hydro Pump|p2a: Lucario\n|-damage|p2a: Lucario|27/255\n|\n|upkeep\n|turn|3\n|\n|t:|1781453559\n|switch|p1a: Fezandipiti|Fezandipiti, L82, M|278/278\n|move|p2a: Lucario|Focus Blast|p1a: Fezandipiti\n|-resisted|p1a: Fezandipiti\n|-damage|p1a: Fezandipiti|169/278\n|-unboost|p1a: Fezandipiti|spd|1\n|-damage|p2a: Lucario|2/255|[from] item: Life Orb\n|\n|-heal|p1a: Fezandipiti|186/278|[from] item: Leftovers\n|upkeep\n|turn|4\n|\n|t:|1781453563\n|switch|p1a: Ludicolo|Ludicolo, L90, F|290/290\n|move|p2a: Lucario|Flash Cannon|p1a: Ludicolo\n|-resisted|p1a: Ludicolo\n|-damage|p1a: Ludicolo|134/290\n|-damage|p2a: Lucario|0 fnt|[from] item: Life Orb\n|faint|p2a: Lucario\n|\n|upkeep\n|\n|t:|1781453575\n|switch|p2a: Mienshao|Mienshao, L83, M|244/244\n|turn|5\n|\n|t:|1781453585\n|switch|p1a: Fezandipiti|Fezandipiti, L82, M|186/278\n|move|p2a: Mienshao|Poison Jab|p1a: Fezandipiti\n|-damage|p1a: Fezandipiti|86/278\n|-damage|p2a: Mienshao|220/244|[from] item: Life Orb\n|\n|-heal|p1a: Fezandipiti|103/278|[from] item: Leftovers\n|upkeep\n|turn|6\n|\n|t:|1781453597\n|switch|p2a: Dragalge|Dragalge, L88, M|258/258\n|move|p1a: Fezandipiti|Gunk Shot|p2a: Dragalge\n|-resisted|p2a: Dragalge\n|-damage|p2a: Dragalge|207/258\n|\n|-heal|p1a: Fezandipiti|120/278|[from] item: Leftovers\n|upkeep\n|turn|7\n|\n|t:|1781453602\n|switch|p1a: Dewgong|Dewgong, L94, F|322/322\n|move|p2a: Dragalge|Dragon Tail|p1a: Dewgong\n|-damage|p1a: Dewgong|254/322\n|drag|p1a: Chansey|Chansey, L85, F|564/564\n|\n|upkeep\n|turn|8\n|\n|t:|1781453607\n|move|p1a: Chansey|Thunder Wave|p2a: Dragalge\n|-status|p2a: Dragalge|par\n|move|p2a: Dragalge|Dragon Tail|p1a: Chansey\n|-damage|p1a: Chansey|388/564\n|drag|p1a: Espathra|Espathra, L80, F|283/283\n|\n|upkeep\n|turn|9\n|\n|t:|1781453613\n|switch|p1a: Fezandipiti|Fezandipiti, L82, M|120/278\n|move|p2a: Dragalge|Sludge Wave|p1a: Fezandipiti\n|-damage|p1a: Fezandipiti|0 fnt\n|faint|p1a: Fezandipiti\n|\n|upkeep\n|\n|t:|1781453616\n|switch|p1a: Dewgong|Dewgong, L94, F|254/322\n|turn|10\n|\n|t:|1781453623\n|switch|p2a: Houndstone|Houndstone, L86, M|264/264\n|move|p1a: Dewgong|Flip Turn|p2a: Houndstone\n|-damage|p2a: Houndstone|236/264\n|\n|t:|1781453626\n|switch|p1a: Ludicolo|Ludicolo, L90, F|134/290|[from] Flip Turn\n|\n|-heal|p2a: Houndstone|252/264|[from] item: Leftovers\n|upkeep\n|turn|11\n|\n|t:|1781453631\n|switch|p2a: Dragalge|Dragalge, L88, M|207/258 par\n|move|p1a: Ludicolo|Ice Beam|p2a: Dragalge\n|-supereffective|p2a: Dragalge\n|-damage|p2a: Dragalge|95/258 par\n|\n|upkeep\n|turn|12\n|\n|t:|1781453637\n|move|p1a: Ludicolo|Ice Beam|p2a: Dragalge\n|-supereffective|p2a: Dragalge\n|-damage|p2a: Dragalge|0 fnt\n|faint|p2a: Dragalge\n|\n|upkeep\n|\n|t:|1781453651\n|switch|p2a: Mienshao|Mienshao, L83, M|244/244\n|turn|13\n|\n|t:|1781453657\n|move|p2a: Mienshao|Swords Dance|p2a: Mienshao\n|-boost|p2a: Mienshao|atk|2\n|move|p1a: Ludicolo|Ice Beam|p2a: Mienshao\n|-damage|p2a: Mienshao|99/244\n|\n|upkeep\n|turn|14\n|\n|t:|1781453661\n|switch|p1a: Dewgong|Dewgong, L94, F|254/322\n|move|p2a: Mienshao|Poison Jab|p1a: Dewgong\n|-damage|p1a: Dewgong|98/322\n|-damage|p2a: Mienshao|75/244|[from] item: Life Orb\n|\n|upkeep\n|turn|15\n|\n|t:|1781453667\n|move|p2a: Mienshao|Poison Jab|p1a: Dewgong\n|-damage|p1a: Dewgong|0 fnt\n|faint|p1a: Dewgong\n|-damage|p2a: Mienshao|51/244|[from] item: Life Orb\n|\n|upkeep\n|\n|t:|1781453673\n|switch|p1a: Ogerpon|Ogerpon-Cornerstone, L76, F|247/247\n|turn|16\n|\n|t:|1781453683\n|move|p2a: Mienshao|Close Combat|p1a: Ogerpon\n|-supereffective|p1a: Ogerpon\n|-ability|p1a: Ogerpon|Sturdy\n|-damage|p1a: Ogerpon|1/247\n|-unboost|p2a: Mienshao|def|1\n|-unboost|p2a: Mienshao|spd|1\n|-damage|p2a: Mienshao|27/244|[from] item: Life Orb\n|move|p1a: Ogerpon|Ivy Cudgel|p2a: Mienshao|[anim] Ivy Cudgel Rock\n|-resisted|p2a: Mienshao\n|-crit|p2a: Mienshao\n|-damage|p2a: Mienshao|0 fnt\n|faint|p2a: Mienshao\n|\n|upkeep\n|\n|t:|1781453696\n|switch|p2a: Malamar|Malamar, L82, F|275/275\n|turn|17\n|\n|t:|1781453702\n|move|p1a: Ogerpon|Power Whip|p2a: Malamar|[miss]\n|-miss|p1a: Ogerpon|p2a: Malamar\n|move|p2a: Malamar|Superpower|p1a: Ogerpon\n|-supereffective|p1a: Ogerpon\n|-damage|p1a: Ogerpon|0 fnt\n|-boost|p2a: Malamar|atk|1\n|-boost|p2a: Malamar|def|1\n|faint|p1a: Ogerpon\n|\n|upkeep\n|\n|t:|1781453705\n|switch|p1a: Ludicolo|Ludicolo, L90, F|134/290\n|turn|18\n|\n|t:|1781453711\n|move|p1a: Ludicolo|Leaf Storm|p2a: Malamar\n|-damage|p2a: Malamar|17/275\n|-unboost|p1a: Ludicolo|spa|2\n|move|p2a: Malamar|Superpower|p1a: Ludicolo\n|-damage|p1a: Ludicolo|13/290\n|-boost|p2a: Malamar|atk|1\n|-boost|p2a: Malamar|def|1\n|\n|upkeep\n|turn|19\n|\n|t:|1781453717\n|move|p1a: Ludicolo|Leaf Storm|p2a: Malamar\n|-damage|p2a: Malamar|0 fnt\n|-unboost|p1a: Ludicolo|spa|2\n|faint|p2a: Malamar\n|\n|upkeep\n|\n|t:|1781453725\n|switch|p2a: Whiscash|Whiscash, L88, M|337/337\n|turn|20\n|\n|t:|1781453734\n|switch|p1a: Espathra|Espathra, L80, F|283/283\n|-terastallize|p2a: Whiscash|Ground\n|move|p2a: Whiscash|Dragon Dance|p2a: Whiscash\n|-boost|p2a: Whiscash|atk|1\n|-boost|p2a: Whiscash|spe|1\n|\n|upkeep\n|turn|21\n|\n|t:|1781453740\n|move|p2a: Whiscash|Earthquake|p1a: Espathra\n|-damage|p1a: Espathra|0 fnt\n|faint|p1a: Espathra\n|-damage|p2a: Whiscash|304/337|[from] item: Life Orb\n|\n|upkeep\n|-message|spencomatic forfeited.\n|\n|win|drnecrotizer\n", "inputlog": ">version a8376a258c1d4662feba110a92103f3664a72141\n>start {\"formatid\":\"gen9randombattle\",\"seed\":\"sodium,279ec1e90841cdff102bda0637f71af6\",\"rated\":\"Rated battle\"}\n>player p1 {\"name\":\"spencomatic\",\"avatar\":\"2\",\"rating\":2060,\"seed\":\"sodium,0268f994659414da132335ccb04936bf\"}\n>player p2 {\"name\":\"drnecrotizer\",\"avatar\":\"265\",\"rating\":2044,\"seed\":\"sodium,17c5645404d6a384cf0b460ec746f8d7\"}\n>p1 switch 6\n>p2 move nastyplot\n>p1 move hydropump\n>p2 move nastyplot\n>p1 switch 5\n>p2 move focusblast\n>p1 switch 5\n>p2 move flashcannon\n>p2 switch 5\n>p1 switch 5\n>p2 move poisonjab\n>p1 move gunkshot\n>p2 switch 2\n>p1 switch 2\n>p2 move dragontail\n>p1 move thunderwave\n>p2 move dragontail\n>p1 switch 2\n>p2 move sludgewave\n>p1 switch 6\n>p1 move flipturn\n>p2 switch 6\n>p1 switch 5\n>p1 move icebeam\n>p2 switch 6\n>p1 move icebeam\n>p2 move sludgewave\n>p2 switch 2\n>p1 move icebeam\n>p2 move swordsdance\n>p1 switch 5\n>p2 move poisonjab\n>p1 move surf\n>p2 move poisonjab\n>p1 switch 4\n>p1 move ivycudgel\n>p2 move closecombat\n>p2 switch 3\n>p1 move powerwhip\n>p2 move superpower\n>p1 switch 5\n>p1 move leafstorm\n>p2 move superpower\n>p1 move leafstorm\n>p2 move rest\n>p2 switch 4\n>p1 switch 2\n>p2 move dragondance terastallize\n>p1 move calmmind\n>p2 move earthquake\n>forcelose p1", "uploadtime": 1781453531, "views": 5, "formatid": "gen9randombattle", "rating": null, "private": 0, "password": null}