{"id": "gen9randombattle-2631986687", "format": "[Gen 9] Random Battle", "players": ["aceguy123", "FashiRn"], "log": "|j|\u2606aceguy123\n|j|\u2606FashiRn\n|t:|1781463014\n|gametype|singles\n|player|p1|aceguy123|firebreather|2251\n|player|p2|FashiRn|wattson|2266\n|gen|9\n|tier|[Gen 9] Random Battle\n|rated|\n|rule|Species Clause: Limit one of each Pok\u00e9mon\n|rule|HP Percentage Mod: HP is shown in percentages\n|rule|Sleep Clause Mod: Limit one foe put to sleep\n|rule|Illusion Level Mod: Illusion disguises the Pok\u00e9mon's true level\n|\n|t:|1781463014\n|teamsize|p1|6\n|teamsize|p2|6\n|start\n|switch|p1a: Klawf|Klawf, L90, M|272/272\n|switch|p2a: Grumpig|Grumpig, L92, M|297/297\n|turn|1\n|inactive|Battle timer is ON: inactive players will automatically lose when time's up. (requested by FashiRn)\n|\n|t:|1781463022\n|move|p2a: Grumpig|Earth Power|p1a: Klawf\n|-supereffective|p1a: Klawf\n|-damage|p1a: Klawf|78/272\n|move|p1a: Klawf|Stealth Rock|p2a: Grumpig\n|-sidestart|p2: FashiRn|move: Stealth Rock\n|\n|upkeep\n|turn|2\n|\n|t:|1781463027\n|switch|p1a: Iron Jugulis|Iron Jugulis, L77|271/271\n|move|p2a: Grumpig|Earth Power|p1a: Iron Jugulis\n|-immune|p1a: Iron Jugulis\n|\n|upkeep\n|turn|3\n|\n|t:|1781463035\n|switch|p2a: Klefki|Klefki, L84, F|233/233\n|-damage|p2a: Klefki|219/233|[from] Stealth Rock\n|move|p1a: Iron Jugulis|U-turn|p2a: Klefki\n|-resisted|p2a: Klefki\n|-damage|p2a: Klefki|210/233\n|\n|t:|1781463050\n|-end|p1a: Iron Jugulis|Quark Drive|[silent]\n|switch|p1a: Regieleki|Regieleki, L79|256/256|[from] U-turn\n|\n|-heal|p2a: Klefki|224/233|[from] item: Leftovers\n|upkeep\n|turn|4\n|\n|t:|1781463059\n|switch|p2a: Garchomp|Garchomp, L74, F|282/282\n|-damage|p2a: Garchomp|265/282|[from] Stealth Rock\n|move|p1a: Regieleki|Thunderbolt|p2a: Garchomp\n|-immune|p2a: Garchomp\n|\n|upkeep\n|turn|5\n|\n|t:|1781463070\n|switch|p2a: Klefki|Klefki, L84, F|224/233\n|-damage|p2a: Klefki|210/233|[from] Stealth Rock\n|-terastallize|p1a: Regieleki|Ice\n|move|p1a: Regieleki|Tera Blast|p2a: Klefki|[anim] Tera Blast Ice\n|-resisted|p2a: Klefki\n|-damage|p2a: Klefki|170/233\n|\n|-heal|p2a: Klefki|184/233|[from] item: Leftovers\n|upkeep\n|turn|6\n|\n|t:|1781463075\n|switch|p1a: Skuntank|Skuntank, L84, F|310/310\n|move|p2a: Klefki|Thunder Wave|p1a: Skuntank\n|-hint|Since gen 7, Dark is immune to Prankster moves.\n|-immune|p1a: Skuntank\n|\n|-heal|p2a: Klefki|198/233|[from] item: Leftovers\n|upkeep\n|turn|7\n|\n|t:|1781463088\n|switch|p2a: Coalossal|Coalossal, L89, M|341/341\n|move|p1a: Skuntank|Fire Blast|p2a: Coalossal\n|-resisted|p2a: Coalossal\n|-damage|p2a: Coalossal|322/341\n|-damage|p1a: Skuntank|279/310|[from] item: Life Orb\n|\n|upkeep\n|turn|8\n|\n|t:|1781463095\n|move|p1a: Skuntank|Knock Off|p2a: Coalossal\n|-damage|p2a: Coalossal|232/341\n|-enditem|p2a: Coalossal|Heavy-Duty Boots|[from] move: Knock Off|[of] p1a: Skuntank\n|-damage|p1a: Skuntank|248/310|[from] item: Life Orb\n|move|p2a: Coalossal|Will-O-Wisp|p1a: Skuntank|[miss]\n|-miss|p2a: Coalossal|p1a: Skuntank\n|\n|upkeep\n|turn|9\n|\n|t:|1781463103\n|move|p1a: Skuntank|Toxic Spikes|p2a: Coalossal\n|-sidestart|p2: FashiRn|move: Toxic Spikes\n|move|p2a: Coalossal|Overheat|p1a: Skuntank|[miss]\n|-miss|p2a: Coalossal|p1a: Skuntank\n|\n|upkeep\n|turn|10\n|\n|t:|1781463116\n|switch|p2a: Mandibuzz|Mandibuzz, L85, F|326/326\n|move|p1a: Skuntank|Toxic Spikes|p2a: Mandibuzz\n|-sidestart|p2: FashiRn|move: Toxic Spikes\n|\n|upkeep\n|turn|11\n|\n|t:|1781463120\n|move|p1a: Skuntank|Gunk Shot|p2a: Mandibuzz\n|-damage|p2a: Mandibuzz|184/326\n|-damage|p1a: Skuntank|217/310|[from] item: Life Orb\n|move|p2a: Mandibuzz|Defog|p1a: Skuntank\n|-unboost|p1a: Skuntank|evasion|1\n|-sideend|p2: FashiRn|Toxic Spikes|[from] move: Defog|[of] p2a: Mandibuzz\n|-sideend|p2: FashiRn|Stealth Rock|[from] move: Defog|[of] p2a: Mandibuzz\n|\n|upkeep\n|turn|12\n|\n|t:|1781463124\n|move|p1a: Skuntank|Gunk Shot|p2a: Mandibuzz|[miss]\n|-miss|p1a: Skuntank|p2a: Mandibuzz\n|move|p2a: Mandibuzz|Roost|p2a: Mandibuzz\n|-heal|p2a: Mandibuzz|326/326\n|-singleturn|p2a: Mandibuzz|move: Roost\n|\n|upkeep\n|turn|13\n|\n|t:|1781463150\n|move|p1a: Skuntank|Toxic Spikes|p2a: Mandibuzz\n|-sidestart|p2: FashiRn|move: Toxic Spikes\n|move|p2a: Mandibuzz|Brave Bird|p1a: Skuntank\n|-damage|p1a: Skuntank|103/310\n|-damage|p2a: Mandibuzz|288/326|[from] Recoil\n|\n|upkeep\n|turn|14\n|\n|t:|1781463176\n|switch|p1a: Regieleki|Regieleki, L79, tera:Ice|256/256\n|move|p2a: Mandibuzz|Defog|p1a: Regieleki\n|-unboost|p1a: Regieleki|evasion|1\n|-sideend|p2: FashiRn|Toxic Spikes|[from] move: Defog|[of] p2a: Mandibuzz\n|\n|upkeep\n|turn|15\n|\n|t:|1781463193\n|switch|p2a: Grumpig|Grumpig, L92, M|297/297\n|move|p1a: Regieleki|Volt Switch|p2a: Grumpig\n|-damage|p2a: Grumpig|219/297\n|\n|t:|1781463199\n|switch|p1a: Iron Jugulis|Iron Jugulis, L77|271/271|[from] Volt Switch\n|\n|upkeep\n|turn|16\n|\n|t:|1781463207\n|switch|p2a: Klefki|Klefki, L84, F|198/233\n|move|p1a: Iron Jugulis|U-turn|p2a: Klefki\n|-resisted|p2a: Klefki\n|-damage|p2a: Klefki|190/233\n|\n|t:|1781463216\n|-end|p1a: Iron Jugulis|Quark Drive|[silent]\n|switch|p1a: Skuntank|Skuntank, L84, F|103/310|[from] U-turn\n|\n|-heal|p2a: Klefki|204/233|[from] item: Leftovers\n|upkeep\n|turn|17\n|\n|t:|1781463234\n|move|p1a: Skuntank|Knock Off|p2a: Klefki\n|-resisted|p2a: Klefki\n|-damage|p2a: Klefki|138/233\n|-enditem|p2a: Klefki|Leftovers|[from] move: Knock Off|[of] p1a: Skuntank\n|-damage|p1a: Skuntank|72/310|[from] item: Life Orb\n|move|p2a: Klefki|Dazzling Gleam|p1a: Skuntank\n|-crit|p1a: Skuntank\n|-damage|p1a: Skuntank|0 fnt\n|faint|p1a: Skuntank\n|\n|upkeep\n|inactive|aceguy123 has 120 seconds left.\n|\n|t:|1781463259\n|switch|p1a: Iron Jugulis|Iron Jugulis, L77|271/271\n|turn|18\n|\n|t:|1781463266\n|switch|p2a: Mandibuzz|Mandibuzz, L85, F|288/326\n|move|p1a: Iron Jugulis|Hurricane|p2a: Mandibuzz\n|-damage|p2a: Mandibuzz|129/326\n|\n|upkeep\n|turn|19\n|\n|t:|1781463283\n|switch|p2a: Thundurus|Thundurus, L80, M|258/258\n|move|p1a: Iron Jugulis|Hurricane|p2a: Thundurus\n|-resisted|p2a: Thundurus\n|-damage|p2a: Thundurus|159/258\n|\n|upkeep\n|turn|20\n|\n|t:|1781463292\n|-end|p1a: Iron Jugulis|Quark Drive|[silent]\n|switch|p1a: Ursaring|Ursaring, L84, F|288/288\n|move|p2a: Thundurus|Thunderbolt|p1a: Ursaring\n|-damage|p1a: Ursaring|203/288\n|\n|upkeep\n|turn|21\n|\n|t:|1781463303\n|move|p2a: Thundurus|Knock Off|p1a: Ursaring\n|-damage|p1a: Ursaring|145/288\n|-enditem|p1a: Ursaring|Eviolite|[from] move: Knock Off|[of] p2a: Thundurus\n|move|p1a: Ursaring|Body Slam|p2a: Thundurus\n|-damage|p2a: Thundurus|26/258\n|\n|upkeep\n|turn|22\n|\n|t:|1781463316\n|switch|p2a: Coalossal|Coalossal, L89, M|232/341\n|move|p1a: Ursaring|Body Slam|p2a: Coalossal\n|-resisted|p2a: Coalossal\n|-damage|p2a: Coalossal|190/341\n|-status|p1a: Ursaring|brn|[from] ability: Flame Body|[of] p2a: Coalossal\n|\n|-damage|p1a: Ursaring|127/288 brn|[from] brn\n|upkeep\n|turn|23\n|\n|t:|1781463340\n|move|p1a: Ursaring|Earthquake|p2a: Coalossal\n|-supereffective|p2a: Coalossal\n|-damage|p2a: Coalossal|0 fnt\n|faint|p2a: Coalossal\n|\n|-damage|p1a: Ursaring|109/288 brn|[from] brn\n|upkeep\n|\n|t:|1781463352\n|switch|p2a: Klefki|Klefki, L84, F|138/233\n|turn|24\n|\n|t:|1781463361\n|switch|p2a: Thundurus|Thundurus, L80, M|26/258\n|move|p1a: Ursaring|Earthquake|p2a: Thundurus\n|-immune|p2a: Thundurus\n|\n|-damage|p1a: Ursaring|91/288 brn|[from] brn\n|upkeep\n|turn|25\n|\n|t:|1781463363\n|move|p2a: Thundurus|Thunderbolt|p1a: Ursaring\n|-crit|p1a: Ursaring\n|-damage|p1a: Ursaring|0 fnt\n|faint|p1a: Ursaring\n|\n|upkeep\n|\n|t:|1781463365\n|switch|p1a: Regieleki|Regieleki, L79, tera:Ice|256/256\n|turn|26\n|\n|t:|1781463372\n|switch|p2a: Grumpig|Grumpig, L92, M|219/297\n|move|p1a: Regieleki|Tera Blast|p2a: Grumpig|[anim] Tera Blast Ice\n|-damage|p2a: Grumpig|191/297\n|\n|upkeep\n|turn|27\n|inactive|FashiRn has 120 seconds left.\n|\n|t:|1781463406\n|move|p1a: Regieleki|Volt Switch|p2a: Grumpig\n|-damage|p2a: Grumpig|112/297\n|\n|t:|1781463411\n|switch|p1a: Iron Jugulis|Iron Jugulis, L77|271/271|[from] Volt Switch\n|move|p2a: Grumpig|Shadow Ball|p1a: Iron Jugulis\n|-resisted|p1a: Iron Jugulis\n|-damage|p1a: Iron Jugulis|236/271\n|-unboost|p1a: Iron Jugulis|spd|1\n|\n|upkeep\n|turn|28\n|\n|t:|1781463419\n|move|p2a: Grumpig|Shadow Ball|p1a: Iron Jugulis\n|-resisted|p1a: Iron Jugulis\n|-damage|p1a: Iron Jugulis|178/271\n|move|p1a: Iron Jugulis|U-turn|p2a: Grumpig\n|-supereffective|p2a: Grumpig\n|-damage|p2a: Grumpig|36/297\n|\n|t:|1781463422\n|-end|p1a: Iron Jugulis|Quark Drive|[silent]\n|switch|p1a: Regieleki|Regieleki, L79, tera:Ice|256/256|[from] U-turn\n|\n|upkeep\n|turn|29\n|\n|t:|1781463425\n|move|p1a: Regieleki|Volt Switch|p2a: Grumpig\n|-damage|p2a: Grumpig|0 fnt\n|faint|p2a: Grumpig\n|\n|t:|1781463432\n|switch|p1a: Slither Wing|Slither Wing, L81|270/270|[from] Volt Switch\n|\n|upkeep\n|\n|t:|1781463442\n|switch|p2a: Garchomp|Garchomp, L74, F|265/282\n|turn|30\n|\n|t:|1781463450\n|move|p2a: Garchomp|Stealth Rock|p1a: Slither Wing\n|-sidestart|p1: aceguy123|move: Stealth Rock\n|move|p1a: Slither Wing|Will-O-Wisp|p2a: Garchomp\n|-status|p2a: Garchomp|brn\n|\n|-damage|p2a: Garchomp|248/282 brn|[from] brn\n|upkeep\n|turn|31\n|\n|t:|1781463457\n|move|p2a: Garchomp|Spikes|p1a: Slither Wing\n|-sidestart|p1: aceguy123|Spikes\n|move|p1a: Slither Wing|Close Combat|p2a: Garchomp\n|-damage|p2a: Garchomp|88/282 brn\n|-unboost|p1a: Slither Wing|def|1\n|-unboost|p1a: Slither Wing|spd|1\n|-damage|p1a: Slither Wing|237/270|[from] ability: Rough Skin|[of] p2a: Garchomp\n|-damage|p1a: Slither Wing|192/270|[from] item: Rocky Helmet|[of] p2a: Garchomp\n|\n|-damage|p2a: Garchomp|71/282 brn|[from] brn\n|upkeep\n|turn|32\n|\n|t:|1781463465\n|move|p2a: Garchomp|Spikes|p1a: Slither Wing\n|-sidestart|p1: aceguy123|Spikes\n|move|p1a: Slither Wing|U-turn|p2a: Garchomp\n|-damage|p2a: Garchomp|0 fnt\n|-damage|p1a: Slither Wing|159/270|[from] ability: Rough Skin|[of] p2a: Garchomp\n|-damage|p1a: Slither Wing|114/270|[from] item: Rocky Helmet|[of] p2a: Garchomp\n|faint|p2a: Garchomp\n|\n|t:|1781463468\n|-end|p1a: Slither Wing|Protosynthesis|[silent]\n|switch|p1a: Regieleki|Regieleki, L79, tera:Ice|256/256|[from] U-turn\n|-damage|p1a: Regieleki|192/256|[from] Stealth Rock\n|-damage|p1a: Regieleki|150/256|[from] Spikes\n|\n|upkeep\n|\n|t:|1781463483\n|switch|p2a: Mandibuzz|Mandibuzz, L85, F|129/326\n|turn|33\n|\n|t:|1781463486\n|-terastallize|p2a: Mandibuzz|Steel\n|move|p1a: Regieleki|Thunderbolt|p2a: Mandibuzz\n|-damage|p2a: Mandibuzz|9/326\n|-status|p2a: Mandibuzz|par\n|move|p2a: Mandibuzz|Roost|p2a: Mandibuzz\n|-heal|p2a: Mandibuzz|172/326 par\n|\n|upkeep\n|turn|34\n|\n|t:|1781463490\n|move|p1a: Regieleki|Rapid Spin|p2a: Mandibuzz\n|-resisted|p2a: Mandibuzz\n|-damage|p2a: Mandibuzz|157/326 par\n|-boost|p1a: Regieleki|spe|1\n|-sideend|p1: aceguy123|Spikes|[from] move: Rapid Spin|[of] p1a: Regieleki\n|-sideend|p1: aceguy123|Stealth Rock|[from] move: Rapid Spin|[of] p1a: Regieleki\n|cant|p2a: Mandibuzz|par\n|\n|upkeep\n|turn|35\n|-message|FashiRn forfeited.\n|\n|win|aceguy123\n", "inputlog": ">version a8376a258c1d4662feba110a92103f3664a72141\n>start {\"formatid\":\"gen9randombattle\",\"seed\":\"sodium,76eefa0d7c66ba6e1907fba88c197606\",\"rated\":\"Rated battle\"}\n>player p1 {\"name\":\"aceguy123\",\"avatar\":\"firebreather\",\"rating\":2251,\"seed\":\"sodium,a1361d7c6d92003387e8d3bb8e4095a2\"}\n>player p2 {\"name\":\"FashiRn\",\"avatar\":\"wattson\",\"rating\":2266,\"seed\":\"sodium,3b5a1552444e3af3b409d976c7ece651\"}\n>p1 move stealthrock\n>p2 move earthpower\n>p1 switch 6\n>p2 move earthpower\n>p1 move uturn\n>p2 switch 3\n>p1 switch 3\n>p1 move thunderbolt\n>p2 switch 2\n>p1 move terablast terastallize\n>p2 switch 2\n>p1 switch 5\n>p2 move thunderwave\n>p1 move fireblast\n>p2 switch 5\n>p1 move knockoff\n>p2 move willowisp\n>p1 move toxicspikes\n>p2 move overheat\n>p1 move toxicspikes\n>p2 switch 4\n>p1 move gunkshot\n>p2 move defog\n>p1 move gunkshot\n>p2 move roost\n>p1 move toxicspikes\n>p2 move bravebird\n>p1 switch 5\n>p2 move defog\n>p1 move voltswitch\n>p2 switch 3\n>p1 switch 3\n>p1 move uturn\n>p2 switch 5\n>p1 switch 5\n>p1 move knockoff\n>p2 move dazzlinggleam\n>p1 switch 5\n>p1 move hurricane\n>p2 switch 3\n>p1 move hurricane\n>p2 switch 6\n>p1 switch 4\n>p2 move thunderbolt\n>p1 move bodyslam\n>p2 move knockoff\n>p1 move bodyslam\n>p2 switch 4\n>p1 move earthquake\n>p2 move overheat\n>p2 switch 3\n>p1 move earthquake\n>p2 switch 4\n>p1 move bodyslam\n>p2 move thunderbolt\n>p1 switch 3\n>p1 move terablast\n>p2 switch 5\n>p1 move voltswitch\n>p2 move shadowball\n>p1 switch 4\n>p1 move uturn\n>p2 move shadowball\n>p1 switch 4\n>p1 move voltswitch\n>p2 move shadowball\n>p1 switch 2\n>p2 switch 2\n>p1 move willowisp\n>p2 move stealthrock\n>p1 move closecombat\n>p2 move spikes\n>p1 move uturn\n>p2 move spikes\n>p1 switch 2\n>p2 switch 6\n>p1 move thunderbolt\n>p2 move roost terastallize\n>p1 move rapidspin\n>p2 move roost\n>forcelose p2", "uploadtime": 1781463015, "views": 4, "formatid": "gen9randombattle", "rating": null, "private": 0, "password": null}