{"id": "gen9randombattle-2631557009", "format": "[Gen 9] Random Battle", "players": ["gpuhijo", "peteybaelish"], "log": "|j|\u2606gpuhijo\n|j|\u2606peteybaelish\n|t:|1781400945\n|gametype|singles\n|player|p1|gpuhijo|101|1324\n|player|p2|peteybaelish|102|1362\n|gen|9\n|tier|[Gen 9] Random Battle\n|rated|\n|rule|Species Clause: Limit one of each Pok\u00e9mon\n|rule|HP Percentage Mod: HP is shown in percentages\n|rule|Sleep Clause Mod: Limit one foe put to sleep\n|rule|Illusion Level Mod: Illusion disguises the Pok\u00e9mon's true level\n|\n|t:|1781400945\n|teamsize|p1|6\n|teamsize|p2|6\n|start\n|switch|p1a: Basculin|Basculin-Blue-Striped, L86, M|261/261\n|switch|p2a: Ambipom|Ambipom, L84, F|263/263\n|turn|1\n|inactive|Battle timer is ON: inactive players will automatically lose when time's up. (requested by peteybaelish)\n|\n|t:|1781400950\n|switch|p1a: Mudsdale|Mudsdale, L83, F|302/302\n|move|p2a: Ambipom|Fake Out|p1a: Mudsdale\n|-damage|p1a: Mudsdale|227/302\n|-ability|p1a: Mudsdale|Stamina|boost\n|-boost|p1a: Mudsdale|def|1\n|\n|-heal|p1a: Mudsdale|245/302|[from] item: Leftovers\n|upkeep\n|turn|2\n|\n|t:|1781400958\n|switch|p2a: Drifblim|Drifblim, L86, F|396/396\n|move|p1a: Mudsdale|Heavy Slam|p2a: Drifblim\n|-damage|p2a: Drifblim|225/396\n|\n|-heal|p1a: Mudsdale|263/302|[from] item: Leftovers\n|upkeep\n|turn|3\n|\n|t:|1781400983\n|move|p2a: Drifblim|Strength Sap|p1a: Mudsdale\n|-unboost|p1a: Mudsdale|atk|1\n|-heal|p2a: Drifblim|396/396\n|move|p1a: Mudsdale|Roar|p2a: Drifblim\n|drag|p2a: Arceus|Arceus-Dark, L71|288/288\n|\n|-heal|p1a: Mudsdale|281/302|[from] item: Leftovers\n|upkeep\n|turn|4\n|\n|t:|1781400997\n|switch|p2a: Drifblim|Drifblim, L86, F|396/396\n|switch|p1a: Carbink|Carbink, L90|236/236\n|\n|upkeep\n|turn|5\n|inactive|gpuhijo has 120 seconds left.\n|\n|t:|1781401022\n|switch|p2a: Magnezone|Magnezone, L85|258/258\n|switch|p1a: Mudsdale|Mudsdale, L83, F|281/302\n|\n|-heal|p1a: Mudsdale|299/302|[from] item: Leftovers\n|upkeep\n|turn|6\n|\n|t:|1781401036\n|switch|p2a: Drifblim|Drifblim, L86, F|396/396\n|move|p1a: Mudsdale|Stone Edge|p2a: Drifblim\n|-supereffective|p2a: Drifblim\n|-damage|p2a: Drifblim|120/396\n|-enditem|p2a: Drifblim|Sitrus Berry|[eat]\n|-heal|p2a: Drifblim|219/396|[from] item: Sitrus Berry\n|\n|-heal|p1a: Mudsdale|302/302|[from] item: Leftovers\n|upkeep\n|turn|7\n|\n|t:|1781401042\n|move|p2a: Drifblim|Strength Sap|p1a: Mudsdale\n|-unboost|p1a: Mudsdale|atk|1\n|-heal|p2a: Drifblim|396/396\n|move|p1a: Mudsdale|Roar|p2a: Drifblim\n|drag|p2a: Magnezone|Magnezone, L85|258/258\n|\n|upkeep\n|turn|8\n|\n|t:|1781401055\n|switch|p2a: Drifblim|Drifblim, L86, F|396/396\n|move|p1a: Mudsdale|Earthquake|p2a: Drifblim\n|-immune|p2a: Drifblim\n|\n|upkeep\n|turn|9\n|inactive|gpuhijo has 120 seconds left.\n|\n|t:|1781401082\n|move|p2a: Drifblim|Shadow Ball|p1a: Mudsdale\n|-damage|p1a: Mudsdale|218/302\n|-ability|p1a: Mudsdale|Stamina|boost\n|-boost|p1a: Mudsdale|def|1\n|move|p1a: Mudsdale|Roar|p2a: Drifblim\n|drag|p2a: Ambipom|Ambipom, L84, F|263/263\n|\n|-heal|p1a: Mudsdale|236/302|[from] item: Leftovers\n|upkeep\n|turn|10\n|inactive|gpuhijo has 120 seconds left.\n|\n|t:|1781401097\n|move|p2a: Ambipom|Knock Off|p1a: Mudsdale\n|-damage|p1a: Mudsdale|197/302\n|-ability|p1a: Mudsdale|Stamina|boost\n|-boost|p1a: Mudsdale|def|1\n|-enditem|p1a: Mudsdale|Leftovers|[from] move: Knock Off|[of] p2a: Ambipom\n|move|p1a: Mudsdale|Earthquake|p2a: Ambipom\n|-damage|p2a: Ambipom|163/263\n|\n|upkeep\n|turn|11\n|inactive|gpuhijo has 120 seconds left.\n|\n|t:|1781401108\n|switch|p2a: Drifblim|Drifblim, L86, F|396/396\n|switch|p1a: Basculin|Basculin-Blue-Striped, L86, M|261/261\n|\n|upkeep\n|turn|12\n|inactive|gpuhijo has 120 seconds left.\n|\n|t:|1781401119\n|move|p1a: Basculin|Wave Crash|p2a: Drifblim\n|-damage|p2a: Drifblim|0 fnt\n|faint|p2a: Drifblim\n|-damage|p1a: Basculin|130/261|[from] Recoil\n|\n|upkeep\n|\n|t:|1781401122\n|switch|p2a: Minun|Minun, L95, M|268/268\n|turn|13\n|\n|t:|1781401130\n|move|p2a: Minun|Nasty Plot|p2a: Minun\n|-boost|p2a: Minun|spa|2\n|move|p1a: Basculin|Wave Crash|p2a: Minun\n|-damage|p2a: Minun|0 fnt\n|faint|p2a: Minun\n|-damage|p1a: Basculin|42/261|[from] Recoil\n|\n|upkeep\n|-message|peteybaelish forfeited.\n|\n|win|gpuhijo\n|raw|gpuhijo's rating: 1324 &rarr; <strong>1346</strong><br />(+22 for winning)\n|raw|peteybaelish's rating: 1362 &rarr; <strong>1340</strong><br />(-22 for losing)\n|l|\u2606peteybaelish\n|player|p2|\n|n|\u2606gpuhijo|gpuhijo\n", "uploadtime": 1781402989, "views": 10, "formatid": "gen9randombattle", "rating": 1340, "private": 0, "password": null}