{"id": "gen9randombattle-2631506266", "format": "[Gen 9] Random Battle", "players": ["catlib", "Nursey 29"], "log": "|j|\u2606catlib\n|j|\u2606Nursey 29\n|t:|1781393827\n|gametype|singles\n|player|p1|catlib|birdkeeper|2021\n|player|p2|Nursey 29|lucas|2056\n|gen|9\n|tier|[Gen 9] Random Battle\n|rated|\n|rule|Species Clause: Limit one of each Pok\u00e9mon\n|rule|HP Percentage Mod: HP is shown in percentages\n|rule|Sleep Clause Mod: Limit one foe put to sleep\n|rule|Illusion Level Mod: Illusion disguises the Pok\u00e9mon's true level\n|\n|t:|1781393827\n|teamsize|p1|6\n|teamsize|p2|6\n|start\n|switch|p1a: Ribombee|Ribombee, L83, F|235/235\n|switch|p2a: Kilowattrel|Kilowattrel, L83, F|252/252\n|turn|1\n|inactive|Battle timer is ON: inactive players will automatically lose when time's up. (requested by catlib)\n|\n|t:|1781393850\n|move|p2a: Kilowattrel|U-turn|p1a: Ribombee\n|-resisted|p1a: Ribombee\n|-damage|p1a: Ribombee|210/235\n|\n|t:|1781393853\n|switch|p2a: Entei|Entei, L78|307/307|[from] U-turn\n|move|p1a: Ribombee|Sticky Web|p2a: Entei\n|-sidestart|p2: Nursey 29|move: Sticky Web\n|\n|upkeep\n|turn|2\n|\n|t:|1781393864\n|move|p1a: Ribombee|U-turn|p2a: Entei\n|-resisted|p2a: Entei\n|-damage|p2a: Entei|278/307\n|\n|t:|1781393878\n|switch|p1a: Tauros|Tauros-Paldea-Blaze, L81, M|254/254|[from] U-turn\n|-ability|p1a: Tauros|Intimidate|boost\n|-fail|p2a: Entei|unboost|Attack|[from] ability: Inner Focus|[of] p2a: Entei\n|move|p2a: Entei|Sacred Fire|p1a: Tauros\n|-resisted|p1a: Tauros\n|-crit|p1a: Tauros\n|-damage|p1a: Tauros|149/254\n|\n|upkeep\n|turn|3\n|\n|t:|1781393891\n|switch|p2a: Sableye|Sableye, L88, F|231/231\n|-activate|p2a: Sableye|move: Sticky Web\n|-unboost|p2a: Sableye|spe|1\n|move|p1a: Tauros|Stone Edge|p2a: Sableye\n|-damage|p2a: Sableye|107/231\n|\n|-heal|p2a: Sableye|121/231|[from] item: Leftovers\n|upkeep\n|turn|4\n|\n|t:|1781393900\n|switch|p1a: Greninja|Greninja, L80, M|246/246\n|move|p2a: Sableye|Thunder Wave|p1a: Greninja\n|-hint|Since gen 7, Dark is immune to Prankster moves.\n|-immune|p1a: Greninja\n|\n|-heal|p2a: Sableye|135/231|[from] item: Leftovers\n|upkeep\n|turn|5\n|\n|t:|1781393914\n|move|p1a: Greninja|Spikes|p2a: Sableye\n|-start|p1a: Greninja|typechange|Ground|[from] ability: Protean\n|-sidestart|p2: Nursey 29|Spikes\n|move|p2a: Sableye|Knock Off|p1a: Greninja\n|-damage|p1a: Greninja|125/246\n|-enditem|p1a: Greninja|Life Orb|[from] move: Knock Off|[of] p2a: Sableye\n|\n|-heal|p2a: Sableye|149/231|[from] item: Leftovers\n|upkeep\n|turn|6\n|\n|t:|1781393923\n|move|p2a: Sableye|Encore|p1a: Greninja\n|-start|p1a: Greninja|Encore\n|move|p1a: Greninja|Spikes|p2a: Sableye\n|-sidestart|p2: Nursey 29|Spikes\n|\n|-heal|p2a: Sableye|163/231|[from] item: Leftovers\n|upkeep\n|turn|7\n|\n|t:|1781393930\n|switch|p1a: Tauros|Tauros-Paldea-Blaze, L81, M|149/254\n|-ability|p1a: Tauros|Intimidate|boost\n|-unboost|p2a: Sableye|atk|1\n|move|p2a: Sableye|Knock Off|p1a: Tauros\n|-resisted|p1a: Tauros\n|-damage|p1a: Tauros|121/254\n|-enditem|p1a: Tauros|Choice Band|[from] move: Knock Off|[of] p2a: Sableye\n|\n|-heal|p2a: Sableye|177/231|[from] item: Leftovers\n|upkeep\n|turn|8\n|\n|t:|1781393940\n|switch|p1a: Greninja|Greninja, L80, M|125/246\n|move|p2a: Sableye|Knock Off|p1a: Greninja\n|-resisted|p1a: Greninja\n|-damage|p1a: Greninja|100/246\n|\n|-heal|p2a: Sableye|191/231|[from] item: Leftovers\n|upkeep\n|turn|9\n|\n|t:|1781393946\n|move|p1a: Greninja|Hydro Pump|p2a: Sableye\n|-start|p1a: Greninja|typechange|Water|[from] ability: Protean\n|-damage|p2a: Sableye|53/231\n|move|p2a: Sableye|Knock Off|p1a: Greninja\n|-damage|p1a: Greninja|46/246\n|\n|-heal|p2a: Sableye|67/231|[from] item: Leftovers\n|upkeep\n|turn|10\n|\n|t:|1781393955\n|move|p2a: Sableye|Thunder Wave|p1a: Greninja\n|-status|p1a: Greninja|par\n|move|p1a: Greninja|Hydro Pump|p2a: Sableye\n|-damage|p2a: Sableye|0 fnt\n|faint|p2a: Sableye\n|\n|upkeep\n|\n|t:|1781393962\n|switch|p2a: Kilowattrel|Kilowattrel, L83, F|252/252\n|turn|11\n|\n|t:|1781393966\n|move|p2a: Kilowattrel|Discharge|p1a: Greninja\n|-supereffective|p1a: Greninja\n|-damage|p1a: Greninja|0 fnt\n|faint|p1a: Greninja\n|\n|upkeep\n|\n|t:|1781393991\n|switch|p1a: Ambipom|Ambipom, L84, M|263/263\n|turn|12\n|\n|t:|1781394000\n|move|p2a: Kilowattrel|U-turn|p1a: Ambipom\n|-damage|p1a: Ambipom|218/263\n|\n|t:|1781394003\n|switch|p2a: Metagross|Metagross, L79|256/256|[from] U-turn\n|-activate|p2a: Metagross|move: Sticky Web\n|-fail|p2a: Metagross|unboost|[from] ability: Clear Body|[of] p2a: Metagross\n|-damage|p2a: Metagross|214/256|[from] Spikes\n|move|p1a: Ambipom|Triple Axel|p2a: Metagross\n|-resisted|p2a: Metagross\n|-damage|p2a: Metagross|201/256\n|-resisted|p2a: Metagross\n|-crit|p2a: Metagross\n|-damage|p2a: Metagross|164/256\n|-resisted|p2a: Metagross\n|-damage|p2a: Metagross|123/256\n|-hitcount|p2a: Metagross|3\n|\n|-heal|p2a: Metagross|139/256|[from] item: Leftovers\n|upkeep\n|turn|13\n|\n|t:|1781394020\n|switch|p1a: Tauros|Tauros-Paldea-Blaze, L81, M|121/254\n|-ability|p1a: Tauros|Intimidate|boost\n|-fail|p2a: Metagross|unboost|[from] ability: Clear Body|[of] p2a: Metagross\n|move|p2a: Metagross|Stealth Rock|p1a: Tauros\n|-sidestart|p1: catlib|move: Stealth Rock\n|\n|-heal|p2a: Metagross|155/256|[from] item: Leftovers\n|upkeep\n|turn|14\n|\n|t:|1781394035\n|switch|p2a: Entei|Entei, L78|278/307\n|-activate|p2a: Entei|move: Sticky Web\n|-unboost|p2a: Entei|spe|1\n|-damage|p2a: Entei|227/307|[from] Spikes\n|move|p1a: Tauros|Flare Blitz|p2a: Entei\n|-resisted|p2a: Entei\n|-damage|p2a: Entei|152/307\n|-damage|p1a: Tauros|96/254|[from] Recoil\n|\n|upkeep\n|turn|15\n|\n|t:|1781394057\n|move|p2a: Entei|Extreme Speed|p1a: Tauros\n|-damage|p1a: Tauros|18/254\n|move|p1a: Tauros|Stone Edge|p2a: Entei\n|-supereffective|p2a: Entei\n|-damage|p2a: Entei|0 fnt\n|faint|p2a: Entei\n|\n|upkeep\n|\n|t:|1781394064\n|switch|p2a: Kilowattrel|Kilowattrel, L83, F|252/252\n|turn|16\n|\n|t:|1781394068\n|move|p2a: Kilowattrel|Discharge|p1a: Tauros\n|-damage|p1a: Tauros|0 fnt\n|faint|p1a: Tauros\n|\n|upkeep\n|\n|t:|1781394071\n|switch|p1a: Ambipom|Ambipom, L84, M|218/263\n|-damage|p1a: Ambipom|186/263|[from] Stealth Rock\n|turn|17\n|\n|t:|1781394086\n|-terastallize|p2a: Kilowattrel|Steel\n|move|p2a: Kilowattrel|Hurricane|p1a: Ambipom\n|-damage|p1a: Ambipom|30/263\n|move|p1a: Ambipom|Knock Off|p2a: Kilowattrel\n|-damage|p2a: Kilowattrel|105/252\n|-enditem|p2a: Kilowattrel|Heavy-Duty Boots|[from] move: Knock Off|[of] p1a: Ambipom\n|\n|upkeep\n|turn|18\n|\n|t:|1781394094\n|move|p2a: Kilowattrel|Discharge|p1a: Ambipom\n|-damage|p1a: Ambipom|0 fnt\n|faint|p1a: Ambipom\n|\n|upkeep\n|\n|t:|1781394109\n|switch|p1a: Cinccino|Cinccino, L83, F|260/260\n|-damage|p1a: Cinccino|228/260|[from] Stealth Rock\n|turn|19\n|\n|t:|1781394114\n|move|p2a: Kilowattrel|Discharge|p1a: Cinccino\n|-damage|p1a: Cinccino|119/260\n|move|p1a: Cinccino|Tail Slap|p2a: Kilowattrel\n|-resisted|p2a: Kilowattrel\n|-damage|p2a: Kilowattrel|78/252\n|-resisted|p2a: Kilowattrel\n|-damage|p2a: Kilowattrel|50/252\n|-resisted|p2a: Kilowattrel\n|-crit|p2a: Kilowattrel\n|-damage|p2a: Kilowattrel|11/252\n|-resisted|p2a: Kilowattrel\n|-damage|p2a: Kilowattrel|0 fnt\n|faint|p2a: Kilowattrel\n|-hitcount|p2: Kilowattrel|4\n|\n|upkeep\n|\n|t:|1781394129\n|switch|p2a: Metagross|Metagross, L79|155/256\n|-activate|p2a: Metagross|move: Sticky Web\n|-fail|p2a: Metagross|unboost|[from] ability: Clear Body|[of] p2a: Metagross\n|-damage|p2a: Metagross|113/256|[from] Spikes\n|turn|20\n|\n|t:|1781394135\n|move|p1a: Cinccino|U-turn|p2a: Metagross\n|-damage|p2a: Metagross|74/256\n|\n|t:|1781394141\n|switch|p1a: Ribombee|Ribombee, L83, F|210/235|[from] U-turn\n|-damage|p1a: Ribombee|152/235|[from] Stealth Rock\n|move|p2a: Metagross|Heavy Slam|p1a: Ribombee\n|-supereffective|p1a: Ribombee\n|-damage|p1a: Ribombee|0 fnt\n|faint|p1a: Ribombee\n|\n|-heal|p2a: Metagross|90/256|[from] item: Leftovers\n|upkeep\n|\n|t:|1781394150\n|switch|p1a: Minior|Minior-Blue, L79|224/224\n|-damage|p1a: Minior|168/224|[from] Stealth Rock\n|-formechange|p1a: Minior|Minior-Meteor||[from] ability: Shields Down\n|turn|21\n|\n|t:|1781394158\n|move|p2a: Metagross|Heavy Slam|p1a: Minior\n|-supereffective|p1a: Minior\n|-damage|p1a: Minior|0 fnt\n|faint|p1a: Minior\n|\n|-heal|p2a: Metagross|106/256|[from] item: Leftovers\n|upkeep\n|\n|t:|1781394160\n|switch|p1a: Cinccino|Cinccino, L83, F|119/260\n|-damage|p1a: Cinccino|87/260|[from] Stealth Rock\n|turn|22\n|\n|t:|1781394168\n|move|p2a: Metagross|Bullet Punch|p1a: Cinccino\n|-damage|p1a: Cinccino|17/260\n|move|p1a: Cinccino|Tail Slap|p2a: Metagross\n|-resisted|p2a: Metagross\n|-damage|p2a: Metagross|90/256\n|-resisted|p2a: Metagross\n|-damage|p2a: Metagross|75/256\n|-resisted|p2a: Metagross\n|-damage|p2a: Metagross|59/256\n|-resisted|p2a: Metagross\n|-damage|p2a: Metagross|44/256\n|-hitcount|p2a: Metagross|4\n|\n|-heal|p2a: Metagross|60/256|[from] item: Leftovers\n|upkeep\n|turn|23\n|-message|catlib forfeited.\n|\n|win|Nursey 29\n", "uploadtime": 1781393829, "views": 5, "formatid": "gen9randombattle", "rating": null, "private": 0, "password": null}