{"id": "gen9randombattle-2631879225", "format": "[Gen 9] Random Battle", "players": ["jezzquin", "katsuge5"], "log": "|j|\u2606jezzquin\n|j|\u2606katsuge5\n|t:|1781451281\n|gametype|singles\n|player|p1|jezzquin|170|2187\n|player|p2|katsuge5|101|2299\n|gen|9\n|tier|[Gen 9] Random Battle\n|rated|\n|rule|Species Clause: Limit one of each Pok\u00e9mon\n|rule|HP Percentage Mod: HP is shown in percentages\n|rule|Sleep Clause Mod: Limit one foe put to sleep\n|rule|Illusion Level Mod: Illusion disguises the Pok\u00e9mon's true level\n|\n|t:|1781451281\n|teamsize|p1|6\n|teamsize|p2|6\n|start\n|switch|p1a: Rotom|Rotom-Mow, L87|229/229\n|switch|p2a: Primarina|Primarina, L83, M|268/268\n|turn|1\n|inactive|Battle timer is ON: inactive players will automatically lose when time's up. (requested by jezzquin)\n|\n|t:|1781451334\n|-terastallize|p2a: Primarina|Poison\n|move|p1a: Rotom|Leaf Storm|p2a: Primarina|[miss]\n|-miss|p1a: Rotom|p2a: Primarina\n|move|p2a: Primarina|Calm Mind|p2a: Primarina\n|-boost|p2a: Primarina|spa|1\n|-boost|p2a: Primarina|spd|1\n|\n|upkeep\n|turn|2\n|inactive|jezzquin has 120 seconds left.\n|\n|t:|1781451370\n|switch|p1a: Registeel|Registeel, L81|262/262\n|move|p2a: Primarina|Sparkling Aria|p1a: Registeel\n|-damage|p1a: Registeel|139/262\n|\n|-heal|p1a: Registeel|155/262|[from] item: Leftovers\n|upkeep\n|turn|3\n|inactive|jezzquin has 120 seconds left.\n|\n|t:|1781451382\n|move|p2a: Primarina|Sparkling Aria|p1a: Registeel\n|-damage|p1a: Registeel|47/262\n|move|p1a: Registeel|Thunder Wave|p2a: Primarina\n|-status|p2a: Primarina|par\n|\n|-heal|p1a: Registeel|63/262|[from] item: Leftovers\n|upkeep\n|turn|4\n|\n|t:|1781451386\n|move|p1a: Registeel|Iron Head|p2a: Primarina\n|-damage|p2a: Primarina|193/268 par\n|move|p2a: Primarina|Sparkling Aria|p1a: Registeel\n|-damage|p1a: Registeel|0 fnt\n|faint|p1a: Registeel\n|\n|-heal|p2a: Primarina|209/268 par|[from] item: Leftovers\n|upkeep\n|\n|t:|1781451390\n|switch|p1a: Hatterene|Hatterene, L85, F|236/236\n|turn|5\n|\n|t:|1781451397\n|switch|p2a: Metagross|Metagross, L79|256/256\n|move|p1a: Hatterene|Psyshock|p2a: Metagross\n|-resisted|p2a: Metagross\n|-damage|p2a: Metagross|232/256\n|\n|upkeep\n|turn|6\n|\n|t:|1781451412\n|switch|p1a: Clawitzer|Clawitzer, L87, M|265/265\n|move|p2a: Metagross|Knock Off|p1a: Clawitzer\n|-damage|p1a: Clawitzer|185/265\n|-enditem|p1a: Clawitzer|Assault Vest|[from] move: Knock Off|[of] p2a: Metagross\n|\n|upkeep\n|turn|7\n|\n|t:|1781451432\n|switch|p2a: Keldeo|Keldeo-Resolute, L79|273/273\n|move|p1a: Clawitzer|Water Pulse|p2a: Keldeo\n|-resisted|p2a: Keldeo\n|-damage|p2a: Keldeo|214/273\n|\n|-heal|p2a: Keldeo|231/273|[from] item: Leftovers\n|upkeep\n|turn|8\n|\n|t:|1781451446\n|move|p2a: Keldeo|Substitute|p2a: Keldeo\n|-start|p2a: Keldeo|Substitute\n|-damage|p2a: Keldeo|163/273\n|move|p1a: Clawitzer|U-turn|p2a: Keldeo\n|-resisted|p2a: Keldeo\n|-activate|p2a: Keldeo|move: Substitute|[damage]\n|\n|t:|1781451467\n|switch|p1a: Rotom|Rotom-Mow, L87|229/229|[from] U-turn\n|\n|-heal|p2a: Keldeo|180/273|[from] item: Leftovers\n|upkeep\n|turn|9\n|\n|t:|1781451482\n|move|p1a: Rotom|Volt Switch|p2a: Keldeo\n|-supereffective|p2a: Keldeo\n|-end|p2a: Keldeo|Substitute\n|\n|t:|1781451486\n|switch|p1a: Hatterene|Hatterene, L85, F|236/236|[from] Volt Switch\n|move|p2a: Keldeo|Secret Sword|p1a: Hatterene\n|-resisted|p1a: Hatterene\n|-damage|p1a: Hatterene|212/236\n|\n|-heal|p2a: Keldeo|197/273|[from] item: Leftovers\n|-heal|p1a: Hatterene|226/236|[from] item: Leftovers\n|upkeep\n|turn|10\n|\n|t:|1781451498\n|switch|p2a: Metagross|Metagross, L79|232/256\n|move|p1a: Hatterene|Mystical Fire|p2a: Metagross\n|-supereffective|p2a: Metagross\n|-damage|p2a: Metagross|76/256\n|-enditem|p2a: Metagross|Weakness Policy\n|-boost|p2a: Metagross|atk|2|[from] item: Weakness Policy\n|-boost|p2a: Metagross|spa|2|[from] item: Weakness Policy\n|\n|-heal|p1a: Hatterene|236/236|[from] item: Leftovers\n|upkeep\n|turn|11\n|\n|t:|1781451518\n|switch|p1a: Rotom|Rotom-Mow, L87|229/229\n|move|p2a: Metagross|Knock Off|p1a: Rotom\n|-damage|p1a: Rotom|97/229\n|-enditem|p1a: Rotom|Choice Scarf|[from] move: Knock Off|[of] p2a: Metagross\n|\n|upkeep\n|turn|12\n|\n|t:|1781451538\n|move|p1a: Rotom|Thunderbolt|p2a: Metagross\n|-damage|p2a: Metagross|0 fnt\n|faint|p2a: Metagross\n|\n|upkeep\n|inactive|katsuge5 has 120 seconds left.\n|\n|t:|1781451578\n|switch|p2a: Falinks|Falinks, L84|246/246\n|turn|13\n|\n|t:|1781451602\n|move|p1a: Rotom|Thunderbolt|p2a: Falinks\n|-damage|p2a: Falinks|105/246\n|move|p2a: Falinks|No Retreat|p2a: Falinks\n|-boost|p2a: Falinks|atk|1\n|-boost|p2a: Falinks|def|1\n|-boost|p2a: Falinks|spa|1\n|-boost|p2a: Falinks|spd|1\n|-boost|p2a: Falinks|spe|1\n|-start|p2a: Falinks|move: No Retreat\n|\n|upkeep\n|turn|14\n|\n|t:|1781451609\n|move|p2a: Falinks|Close Combat|p1a: Rotom\n|-damage|p1a: Rotom|0 fnt\n|-unboost|p2a: Falinks|def|1\n|-unboost|p2a: Falinks|spd|1\n|faint|p1a: Rotom\n|-damage|p2a: Falinks|81/246|[from] item: Life Orb\n|\n|upkeep\n|\n|t:|1781451618\n|switch|p1a: Rillaboom|Rillaboom, L79, F|288/288\n|-fieldstart|move: Grassy Terrain|[from] ability: Grassy Surge|[of] p1a: Rillaboom\n|turn|15\n|\n|t:|1781451627\n|move|p1a: Rillaboom|Grassy Glide|p2a: Falinks\n|-damage|p2a: Falinks|0 fnt\n|faint|p2a: Falinks\n|\n|upkeep\n|inactive|katsuge5 has 120 seconds left.\n|\n|t:|1781451635\n|switch|p2a: Honchkrow|Honchkrow, L86, F|312/312\n|turn|16\n|\n|t:|1781451649\n|switch|p1a: Clawitzer|Clawitzer, L87, M|185/265\n|move|p2a: Honchkrow|Brave Bird|p1a: Clawitzer\n|-damage|p1a: Clawitzer|20/265\n|-damage|p2a: Honchkrow|258/312|[from] Recoil\n|\n|-heal|p1a: Clawitzer|36/265|[from] Grassy Terrain\n|upkeep\n|turn|17\n|\n|t:|1781451657\n|move|p2a: Honchkrow|Brave Bird|p1a: Clawitzer\n|-damage|p1a: Clawitzer|0 fnt\n|faint|p1a: Clawitzer\n|-ability|p2a: Honchkrow|Moxie|boost\n|-boost|p2a: Honchkrow|atk|1\n|-damage|p2a: Honchkrow|246/312|[from] Recoil\n|\n|upkeep\n|\n|t:|1781451681\n|switch|p1a: Latios|Latios, L78, M|253/253\n|turn|18\n|\n|t:|1781451707\n|-terastallize|p1a: Latios|Dragon\n|move|p2a: Honchkrow|Sucker Punch|p1a: Latios\n|-damage|p1a: Latios|88/253\n|move|p1a: Latios|Draco Meteor|p2a: Honchkrow\n|-damage|p2a: Honchkrow|0 fnt\n|-unboost|p1a: Latios|spa|2\n|faint|p2a: Honchkrow\n|\n|upkeep\n|inactive|katsuge5 has 120 seconds left.\n|inactive|katsuge5 has 90 seconds left.\n|\n|t:|1781451757\n|switch|p2a: Ceruledge|Ceruledge, L78, F|245/245\n|turn|19\n|\n|t:|1781451780\n|move|p1a: Latios|Draco Meteor|p2a: Ceruledge\n|-damage|p2a: Ceruledge|101/245\n|-unboost|p1a: Latios|spa|2\n|move|p2a: Ceruledge|Poltergeist|p1a: Latios\n|-activate|p1a: Latios|move: Poltergeist|Choice Specs\n|-damage|p1a: Latios|0 fnt\n|faint|p1a: Latios\n|\n|-heal|p2a: Ceruledge|116/245|[from] Grassy Terrain\n|-fieldend|move: Grassy Terrain\n|upkeep\n|\n|t:|1781451789\n|switch|p1a: Rillaboom|Rillaboom, L79, F|288/288\n|-fieldstart|move: Grassy Terrain|[from] ability: Grassy Surge|[of] p1a: Rillaboom\n|turn|20\n|inactive|katsuge5 has 90 seconds left.\n|inactive|katsuge5 has 60 seconds left.\n|\n|t:|1781451831\n|switch|p2a: Primarina|Primarina, L83, M, tera:Poison|209/268 par\n|move|p1a: Rillaboom|High Horsepower|p2a: Primarina\n|-supereffective|p2a: Primarina\n|-damage|p2a: Primarina|0 fnt\n|faint|p2a: Primarina\n|\n|upkeep\n|\n|t:|1781451836\n|switch|p2a: Keldeo|Keldeo-Resolute, L79|197/273\n|turn|21\n|inactive|katsuge5 has 60 seconds left.\n|\n|t:|1781451854\n|switch|p1a: Hatterene|Hatterene, L85, F|236/236\n|move|p2a: Keldeo|Substitute|p2a: Keldeo\n|-start|p2a: Keldeo|Substitute\n|-damage|p2a: Keldeo|129/273\n|\n|-heal|p2a: Keldeo|146/273|[from] Grassy Terrain\n|-heal|p2a: Keldeo|163/273|[from] item: Leftovers\n|upkeep\n|turn|22\n|inactive|jezzquin has 120 seconds left.\n|\n|t:|1781451873\n|move|p2a: Keldeo|Surf|p1a: Hatterene\n|-damage|p1a: Hatterene|146/236\n|move|p1a: Hatterene|Psyshock|p2a: Keldeo\n|-supereffective|p2a: Keldeo\n|-end|p2a: Keldeo|Substitute\n|\n|-heal|p2a: Keldeo|180/273|[from] Grassy Terrain\n|-heal|p2a: Keldeo|197/273|[from] item: Leftovers\n|-heal|p1a: Hatterene|160/236|[from] Grassy Terrain\n|-heal|p1a: Hatterene|174/236|[from] item: Leftovers\n|upkeep\n|turn|23\n|inactive|jezzquin has 120 seconds left.\n|\n|t:|1781451890\n|switch|p2a: Ceruledge|Ceruledge, L78, F|116/245\n|move|p1a: Hatterene|Draining Kiss|p2a: Ceruledge\n|-resisted|p2a: Ceruledge\n|-damage|p2a: Ceruledge|82/245\n|-heal|p1a: Hatterene|200/236|[from] drain|[of] p2a: Ceruledge\n|\n|-heal|p2a: Ceruledge|97/245|[from] Grassy Terrain\n|-heal|p1a: Hatterene|214/236|[from] Grassy Terrain\n|-heal|p1a: Hatterene|228/236|[from] item: Leftovers\n|upkeep\n|turn|24\n|inactive|katsuge5 has 30 seconds left.\n|inactive|katsuge5 has 20 seconds left.\n|\n|t:|1781451922\n|move|p2a: Ceruledge|Poltergeist|p1a: Hatterene\n|-activate|p1a: Hatterene|move: Poltergeist|Leftovers\n|-supereffective|p1a: Hatterene\n|-damage|p1a: Hatterene|0 fnt\n|faint|p1a: Hatterene\n|\n|-heal|p2a: Ceruledge|112/245|[from] Grassy Terrain\n|-fieldend|move: Grassy Terrain\n|upkeep\n|\n|t:|1781451926\n|switch|p1a: Rillaboom|Rillaboom, L79, F|288/288\n|-fieldstart|move: Grassy Terrain|[from] ability: Grassy Surge|[of] p1a: Rillaboom\n|turn|25\n|\n|t:|1781451935\n|move|p1a: Rillaboom|Wood Hammer|p2a: Ceruledge\n|-resisted|p2a: Ceruledge\n|-damage|p2a: Ceruledge|0 fnt\n|faint|p2a: Ceruledge\n|-damage|p1a: Rillaboom|251/288|[from] Recoil\n|\n|-heal|p1a: Rillaboom|269/288|[from] Grassy Terrain\n|upkeep\n|\n|t:|1781451938\n|switch|p2a: Keldeo|Keldeo-Resolute, L79|197/273\n|turn|26\n|\n|t:|1781451940\n|move|p2a: Keldeo|Substitute|p2a: Keldeo\n|-start|p2a: Keldeo|Substitute\n|-damage|p2a: Keldeo|129/273\n|move|p1a: Rillaboom|Wood Hammer|p2a: Keldeo\n|-supereffective|p2a: Keldeo\n|-end|p2a: Keldeo|Substitute\n|-damage|p1a: Rillaboom|247/288|[from] Recoil|[of] p2a: Keldeo\n|\n|-heal|p2a: Keldeo|146/273|[from] Grassy Terrain\n|-heal|p2a: Keldeo|163/273|[from] item: Leftovers\n|-heal|p1a: Rillaboom|265/288|[from] Grassy Terrain\n|upkeep\n|turn|27\n|\n|t:|1781451943\n|move|p2a: Keldeo|Substitute|p2a: Keldeo\n|-start|p2a: Keldeo|Substitute\n|-damage|p2a: Keldeo|95/273\n|move|p1a: Rillaboom|Wood Hammer|p2a: Keldeo\n|-supereffective|p2a: Keldeo\n|-end|p2a: Keldeo|Substitute\n|-damage|p1a: Rillaboom|243/288|[from] Recoil|[of] p2a: Keldeo\n|\n|-heal|p2a: Keldeo|112/273|[from] Grassy Terrain\n|-heal|p2a: Keldeo|129/273|[from] item: Leftovers\n|-heal|p1a: Rillaboom|261/288|[from] Grassy Terrain\n|upkeep\n|turn|28\n|\n|t:|1781451945\n|move|p2a: Keldeo|Substitute|p2a: Keldeo\n|-start|p2a: Keldeo|Substitute\n|-damage|p2a: Keldeo|61/273\n|move|p1a: Rillaboom|Wood Hammer|p2a: Keldeo\n|-supereffective|p2a: Keldeo\n|-end|p2a: Keldeo|Substitute\n|-damage|p1a: Rillaboom|239/288|[from] Recoil|[of] p2a: Keldeo\n|\n|-heal|p2a: Keldeo|78/273|[from] Grassy Terrain\n|-heal|p2a: Keldeo|95/273|[from] item: Leftovers\n|-heal|p1a: Rillaboom|257/288|[from] Grassy Terrain\n|upkeep\n|turn|29\n|\n|t:|1781451948\n|move|p2a: Keldeo|Substitute|p2a: Keldeo\n|-start|p2a: Keldeo|Substitute\n|-damage|p2a: Keldeo|27/273\n|move|p1a: Rillaboom|Wood Hammer|p2a: Keldeo\n|-supereffective|p2a: Keldeo\n|-end|p2a: Keldeo|Substitute\n|-damage|p1a: Rillaboom|235/288|[from] Recoil|[of] p2a: Keldeo\n|\n|-heal|p2a: Keldeo|44/273|[from] Grassy Terrain\n|-heal|p2a: Keldeo|61/273|[from] item: Leftovers\n|-heal|p1a: Rillaboom|253/288|[from] Grassy Terrain\n|-fieldend|move: Grassy Terrain\n|upkeep\n|turn|30\n|\n|t:|1781451953\n|move|p2a: Keldeo|Secret Sword|p1a: Rillaboom\n|-damage|p1a: Rillaboom|145/288\n|move|p1a: Rillaboom|Wood Hammer|p2a: Keldeo\n|-supereffective|p2a: Keldeo\n|-damage|p2a: Keldeo|0 fnt\n|faint|p2a: Keldeo\n|-damage|p1a: Rillaboom|125/288|[from] Recoil\n|\n|win|jezzquin\n", "inputlog": ">version a8376a258c1d4662feba110a92103f3664a72141\n>start {\"formatid\":\"gen9randombattle\",\"seed\":\"sodium,80a7a3f1280fdce5bff1a903b3f4f10d\",\"rated\":\"Rated battle\"}\n>player p1 {\"name\":\"jezzquin\",\"avatar\":\"170\",\"rating\":2187,\"seed\":\"sodium,407cbeb54eaf1505ecbdf66fde8577d2\"}\n>player p2 {\"name\":\"katsuge5\",\"avatar\":\"101\",\"rating\":2299,\"seed\":\"sodium,bbdc595da361c9d35fdab6ea4481be60\"}\n>p1 move leafstorm\n>p2 move calmmind terastallize\n>p1 switch 4\n>p2 move sparklingaria\n>p1 move thunderwave\n>p2 move sparklingaria\n>p1 move ironhead\n>p2 move sparklingaria\n>p1 switch 6\n>p1 move psyshock\n>p2 switch 5\n>p1 switch 5\n>p2 move knockoff\n>p1 move waterpulse\n>p2 switch 2\n>p1 move uturn\n>p2 move substitute\n>p1 switch 4\n>p1 move voltswitch\n>p2 move secretsword\n>p1 switch 5\n>p1 move mysticalfire\n>p2 switch 2\n>p1 switch 5\n>p2 move knockoff\n>p1 move thunderbolt\n>p2 move agility\n>p2 switch 3\n>p1 move thunderbolt\n>p2 move noretreat\n>p1 move leafstorm\n>p2 move closecombat\n>p1 switch 3\n>p1 move grassyglide\n>p2 move closecombat\n>p2 switch 4\n>p1 switch 4\n>p2 move bravebird\n>p1 move waterpulse\n>p2 move bravebird\n>p1 switch 2\n>p1 move dracometeor terastallize\n>p2 move suckerpunch\n>p2 switch 6\n>p1 move dracometeor\n>p2 move poltergeist\n>p1 switch 4\n>p1 move highhorsepower\n>p2 switch 5\n>p2 switch 2\n>p1 switch 5\n>p2 move substitute\n>p1 move psyshock\n>p2 move surf\n>p1 move drainingkiss\n>p2 switch 5\n>p1 move psyshock\n>p2 move poltergeist\n>p1 switch 5\n>p1 move woodhammer\n>p2 move bitterblade\n>p2 switch 5\n>p1 move woodhammer\n>p2 move substitute\n>p1 move woodhammer\n>p2 move substitute\n>p1 move woodhammer\n>p2 move substitute\n>p1 move woodhammer\n>p2 move substitute\n>p1 move woodhammer\n>p2 move secretsword", "uploadtime": 1781451283, "views": 6, "formatid": "gen9randombattle", "rating": null, "private": 0, "password": null}