{"id": "gen9randombattle-2631757097", "format": "[Gen 9] Random Battle", "players": ["TheBotanist73", "Zibabu"], "log": "|j|\u2606TheBotanist73\n|j|\u2606Zibabu\n|t:|1781434747\n|gametype|singles\n|player|p1|TheBotanist73|scientist-gen7|1969\n|player|p2|Zibabu|101|1953\n|gen|9\n|tier|[Gen 9] Random Battle\n|rated|\n|rule|Species Clause: Limit one of each Pok\u00e9mon\n|rule|HP Percentage Mod: HP is shown in percentages\n|rule|Sleep Clause Mod: Limit one foe put to sleep\n|rule|Illusion Level Mod: Illusion disguises the Pok\u00e9mon's true level\n|\n|t:|1781434747\n|teamsize|p1|6\n|teamsize|p2|6\n|start\n|switch|p1a: Ogerpon|Ogerpon, L80, F|259/259\n|switch|p2a: Floatzel|Floatzel, L86, M|286/286\n|turn|1\n|inactive|Battle timer is ON: inactive players will automatically lose when time's up. (requested by Zibabu)\n|j| mrbird077\n|\n|t:|1781434761\n|move|p2a: Floatzel|Flip Turn|p1a: Ogerpon\n|-resisted|p1a: Ogerpon\n|-damage|p1a: Ogerpon|201/259\n|\n|t:|1781434768\n|switch|p2a: Talonflame|Talonflame, L83, F|265/265|[from] Flip Turn\n|move|p1a: Ogerpon|Knock Off|p2a: Talonflame\n|-damage|p2a: Talonflame|148/265\n|-status|p1a: Ogerpon|brn|[from] ability: Flame Body|[of] p2a: Talonflame\n|-enditem|p2a: Talonflame|Heavy-Duty Boots|[from] move: Knock Off|[of] p1a: Ogerpon\n|-damage|p1a: Ogerpon|176/259 brn|[from] item: Life Orb\n|\n|-damage|p1a: Ogerpon|160/259 brn|[from] brn\n|upkeep\n|turn|2\n|\n|t:|1781434779\n|switch|p1a: Raikou|Raikou, L81|278/278\n|-ability|p1a: Raikou|Pressure\n|move|p2a: Talonflame|Roost|p2a: Talonflame\n|-heal|p2a: Talonflame|265/265\n|-singleturn|p2a: Talonflame|move: Roost\n|\n|upkeep\n|turn|3\n|\n|t:|1781434787\n|switch|p2a: Sawsbuck|Sawsbuck-Summer, L88, M|284/284\n|move|p1a: Raikou|Thunderbolt|p2a: Sawsbuck\n|-resisted|p2a: Sawsbuck\n|-damage|p2a: Sawsbuck|225/284\n|\n|upkeep\n|turn|4\n|\n|t:|1781434794\n|switch|p1a: Ogerpon|Ogerpon, L80, F|160/259 brn\n|move|p2a: Sawsbuck|Swords Dance|p2a: Sawsbuck\n|-boost|p2a: Sawsbuck|atk|2\n|\n|-damage|p1a: Ogerpon|144/259 brn|[from] brn\n|upkeep\n|turn|5\n|\n|t:|1781434799\n|move|p1a: Ogerpon|Superpower|p2a: Sawsbuck\n|-supereffective|p2a: Sawsbuck\n|-damage|p2a: Sawsbuck|83/284\n|-unboost|p1a: Ogerpon|atk|1\n|-unboost|p1a: Ogerpon|def|1\n|-damage|p1a: Ogerpon|119/259 brn|[from] item: Life Orb\n|move|p2a: Sawsbuck|Horn Leech|p1a: Ogerpon\n|-resisted|p1a: Ogerpon\n|-damage|p1a: Ogerpon|0 fnt\n|-heal|p2a: Sawsbuck|143/284|[from] drain|[of] p1a: Ogerpon\n|faint|p1a: Ogerpon\n|-damage|p2a: Sawsbuck|115/284|[from] item: Life Orb\n|\n|upkeep\n|\n|t:|1781434818\n|switch|p1a: Furret|Furret, L94, M|312/312\n|-item|p2a: Sawsbuck|Life Orb|[from] ability: Frisk|[of] p1a: Furret\n|turn|6\n|\n|t:|1781434823\n|switch|p2a: Talonflame|Talonflame, L83, F|265/265\n|move|p1a: Furret|Double-Edge|p2a: Talonflame\n|-damage|p2a: Talonflame|57/265\n|-damage|p1a: Furret|243/312|[from] Recoil\n|-damage|p1a: Furret|212/312|[from] item: Life Orb\n|\n|upkeep\n|turn|7\n|\n|t:|1781434833\n|move|p2a: Talonflame|Overheat|p1a: Furret\n|-damage|p1a: Furret|71/312\n|-unboost|p2a: Talonflame|spa|2\n|move|p1a: Furret|Tidy Up|p1a: Furret\n|-boost|p1a: Furret|atk|1\n|-boost|p1a: Furret|spe|1\n|\n|upkeep\n|turn|8\n|\n|t:|1781434844\n|move|p1a: Furret|Knock Off|p2a: Talonflame\n|-damage|p2a: Talonflame|0 fnt\n|faint|p2a: Talonflame\n|-damage|p1a: Furret|40/312|[from] item: Life Orb\n|\n|upkeep\n|\n|t:|1781434851\n|switch|p2a: Cobalion|Cobalion, L80|277/277\n|turn|9\n|\n|t:|1781434867\n|move|p2a: Cobalion|Vacuum Wave|p1a: Furret\n|-supereffective|p1a: Furret\n|-damage|p1a: Furret|0 fnt\n|faint|p1a: Furret\n|\n|upkeep\n|\n|t:|1781434873\n|switch|p1a: Kommo-o|Kommo-o, L78, F|245/245\n|turn|10\n|\n|t:|1781434889\n|move|p2a: Cobalion|Aura Sphere|p1a: Kommo-o\n|-damage|p1a: Kommo-o|179/245\n|move|p1a: Kommo-o|Clangorous Soul|p1a: Kommo-o\n|-boost|p1a: Kommo-o|atk|1\n|-boost|p1a: Kommo-o|def|1\n|-boost|p1a: Kommo-o|spa|1\n|-boost|p1a: Kommo-o|spd|1\n|-boost|p1a: Kommo-o|spe|1\n|-damage|p1a: Kommo-o|99/245\n|-enditem|p1a: Kommo-o|Throat Spray\n|-boost|p1a: Kommo-o|spa|1|[from] item: Throat Spray\n|\n|upkeep\n|turn|11\n|\n|t:|1781434900\n|switch|p2a: Sawsbuck|Sawsbuck-Summer, L88, M|115/284\n|move|p1a: Kommo-o|Drain Punch|p2a: Sawsbuck\n|-supereffective|p2a: Sawsbuck\n|-damage|p2a: Sawsbuck|0 fnt\n|-heal|p1a: Kommo-o|157/245|[from] drain|[of] p2a: Sawsbuck\n|faint|p2a: Sawsbuck\n|\n|upkeep\n|\n|t:|1781434904\n|switch|p2a: Florges|Florges, L85, F|271/271\n|turn|12\n|\n|t:|1781434917\n|switch|p2a: Cobalion|Cobalion, L80|277/277\n|-terastallize|p1a: Kommo-o|Steel\n|move|p1a: Kommo-o|Iron Head|p2a: Cobalion\n|-resisted|p2a: Cobalion\n|-damage|p2a: Cobalion|229/277\n|\n|-heal|p2a: Cobalion|246/277|[from] item: Leftovers\n|upkeep\n|turn|13\n|\n|t:|1781434923\n|move|p2a: Cobalion|Vacuum Wave|p1a: Kommo-o\n|-supereffective|p1a: Kommo-o\n|-damage|p1a: Kommo-o|107/245\n|move|p1a: Kommo-o|Drain Punch|p2a: Cobalion\n|-supereffective|p2a: Cobalion\n|-damage|p2a: Cobalion|58/277\n|-heal|p1a: Kommo-o|201/245|[from] drain|[of] p2a: Cobalion\n|\n|-heal|p2a: Cobalion|75/277|[from] item: Leftovers\n|upkeep\n|turn|14\n|\n|t:|1781434937\n|move|p2a: Cobalion|Vacuum Wave|p1a: Kommo-o\n|-supereffective|p1a: Kommo-o\n|-damage|p1a: Kommo-o|153/245\n|move|p1a: Kommo-o|Drain Punch|p2a: Cobalion\n|-supereffective|p2a: Cobalion\n|-damage|p2a: Cobalion|0 fnt\n|-heal|p1a: Kommo-o|191/245|[from] drain|[of] p2a: Cobalion\n|faint|p2a: Cobalion\n|\n|upkeep\n|\n|t:|1781434953\n|switch|p2a: Floatzel|Floatzel, L86, M|286/286\n|turn|15\n|\n|t:|1781434960\n|-terastallize|p2a: Floatzel|Water\n|move|p1a: Kommo-o|Drain Punch|p2a: Floatzel\n|-damage|p2a: Floatzel|135/286\n|-heal|p1a: Kommo-o|245/245|[from] drain|[of] p2a: Floatzel\n|move|p2a: Floatzel|Wave Crash|p1a: Kommo-o\n|-damage|p1a: Kommo-o|87/245\n|-damage|p2a: Floatzel|83/286|[from] Recoil\n|\n|upkeep\n|turn|16\n|-message|Zibabu forfeited.\n|\n|win|TheBotanist73\n", "inputlog": ">version a8376a258c1d4662feba110a92103f3664a72141\n>start {\"formatid\":\"gen9randombattle\",\"seed\":\"sodium,7e9160ad5b7518fef0c853d6364af252\",\"rated\":\"Rated battle\"}\n>player p1 {\"name\":\"TheBotanist73\",\"avatar\":\"scientist-gen7\",\"rating\":1969,\"seed\":\"sodium,1756acc9960c3b2dd1832e4086d80ab0\"}\n>player p2 {\"name\":\"Zibabu\",\"avatar\":\"101\",\"rating\":1953,\"seed\":\"sodium,97efe028bbe7b340ee24bbefc4b55492\"}\n>p1 move knockoff\n>p2 move flipturn\n>p2 switch 3\n>p1 switch 5\n>p2 move roost\n>p1 move thunderbolt\n>p2 switch 4\n>p1 switch 5\n>p2 move swordsdance\n>p1 move superpower\n>p2 move hornleech\n>p1 switch 2\n>p1 move doubleedge\n>p2 switch 4\n>p1 move tidyup\n>p2 move overheat\n>p1 move knockoff\n>p2 move bravebird\n>p2 switch 6\n>p1 move brickbreak\n>p2 move vacuumwave\n>p1 switch 3\n>p1 move clangoroussoul\n>p2 move aurasphere\n>p1 move drainpunch\n>p2 switch 4\n>p2 switch 2\n>p1 move ironhead terastallize\n>p2 switch 4\n>p1 move drainpunch\n>p2 move vacuumwave\n>p1 move drainpunch\n>p2 move vacuumwave\n>p2 switch 3\n>p1 move drainpunch\n>p2 move wavecrash terastallize\n>forcelose p2", "uploadtime": 1781434748, "views": 4, "formatid": "gen9randombattle", "rating": null, "private": 0, "password": null}