{"id": "gen9randombattle-2632004432", "format": "[Gen 9] Random Battle", "players": ["omg_its_daddy", "htran"], "log": "|j|\u2606omg_its_daddy\n|j|\u2606htran\n|t:|1781464971\n|gametype|singles\n|player|p1|omg_its_daddy|blaine|1947\n|player|p2|htran|lucas|1901\n|gen|9\n|tier|[Gen 9] Random Battle\n|rated|\n|rule|Species Clause: Limit one of each Pok\u00e9mon\n|rule|HP Percentage Mod: HP is shown in percentages\n|rule|Sleep Clause Mod: Limit one foe put to sleep\n|rule|Illusion Level Mod: Illusion disguises the Pok\u00e9mon's true level\n|\n|t:|1781464971\n|teamsize|p1|6\n|teamsize|p2|6\n|start\n|switch|p1a: Toxapex|Toxapex, L82, F|216/216\n|switch|p2a: Kingambit|Kingambit, L74, M|270/270\n|turn|1\n|inactive|Battle timer is ON: inactive players will automatically lose when time's up. (requested by htran)\n|\n|t:|1781464988\n|move|p2a: Kingambit|Swords Dance|p2a: Kingambit\n|-boost|p2a: Kingambit|atk|2\n|move|p1a: Toxapex|Toxic Spikes|p2a: Kingambit\n|-sidestart|p2: htran|move: Toxic Spikes\n|\n|upkeep\n|turn|2\n|\n|t:|1781464993\n|move|p2a: Kingambit|Kowtow Cleave|p1a: Toxapex\n|-damage|p1a: Toxapex|98/216\n|move|p1a: Toxapex|Haze|p1a: Toxapex\n|-clearallboost\n|\n|-heal|p1a: Toxapex|111/216|[from] item: Leftovers\n|upkeep\n|turn|3\n|\n|t:|1781465004\n|switch|p1a: Zamazenta|Zamazenta-Crowned, L68|238/238\n|-ability|p1a: Zamazenta|Dauntless Shield|boost\n|-boost|p1a: Zamazenta|def|1\n|move|p2a: Kingambit|Swords Dance|p2a: Kingambit\n|-boost|p2a: Kingambit|atk|2\n|\n|upkeep\n|turn|4\n|\n|t:|1781465018\n|-end|p2a: Kingambit|fallenundefined|[silent]\n|switch|p2a: Gyarados|Gyarados, L79, F|280/280\n|-ability|p2a: Gyarados|Intimidate|boost\n|-unboost|p1a: Zamazenta|atk|1\n|move|p1a: Zamazenta|Body Press|p2a: Gyarados\n|-resisted|p2a: Gyarados\n|-damage|p2a: Gyarados|212/280\n|\n|upkeep\n|turn|5\n|\n|t:|1781465031\n|move|p1a: Zamazenta|Iron Defense|p1a: Zamazenta\n|-boost|p1a: Zamazenta|def|2\n|move|p2a: Gyarados|Dragon Dance|p2a: Gyarados\n|-boost|p2a: Gyarados|atk|1\n|-boost|p2a: Gyarados|spe|1\n|\n|upkeep\n|turn|6\n|\n|t:|1781465035\n|move|p2a: Gyarados|Dragon Dance|p2a: Gyarados\n|-boost|p2a: Gyarados|atk|1\n|-boost|p2a: Gyarados|spe|1\n|move|p1a: Zamazenta|Stone Edge|p2a: Gyarados|[miss]\n|-miss|p1a: Zamazenta|p2a: Gyarados\n|\n|upkeep\n|turn|7\n|\n|t:|1781465044\n|move|p2a: Gyarados|Earthquake|p1a: Zamazenta\n|-supereffective|p1a: Zamazenta\n|-damage|p1a: Zamazenta|132/238\n|move|p1a: Zamazenta|Iron Defense|p1a: Zamazenta\n|-boost|p1a: Zamazenta|def|2\n|\n|upkeep\n|turn|8\n|\n|t:|1781465048\n|move|p2a: Gyarados|Waterfall|p1a: Zamazenta\n|-damage|p1a: Zamazenta|89/238\n|cant|p1a: Zamazenta|flinch\n|\n|upkeep\n|turn|9\n|\n|t:|1781465054\n|move|p2a: Gyarados|Waterfall|p1a: Zamazenta\n|-damage|p1a: Zamazenta|47/238\n|move|p1a: Zamazenta|Body Press|p2a: Gyarados\n|-resisted|p2a: Gyarados\n|-damage|p2a: Gyarados|57/280\n|\n|upkeep\n|turn|10\n|\n|t:|1781465068\n|switch|p1a: Toxapex|Toxapex, L82, F|183/216\n|move|p2a: Gyarados|Waterfall|p1a: Toxapex\n|-resisted|p1a: Toxapex\n|-damage|p1a: Toxapex|126/216\n|\n|-heal|p1a: Toxapex|139/216|[from] item: Leftovers\n|upkeep\n|turn|11\n|\n|t:|1781465072\n|-terastallize|p2a: Gyarados|Flying\n|move|p2a: Gyarados|Tera Blast|p1a: Toxapex|[anim] Tera Blast Flying\n|-damage|p1a: Toxapex|0 fnt\n|faint|p1a: Toxapex\n|\n|upkeep\n|\n|t:|1781465081\n|switch|p1a: Zamazenta|Zamazenta-Crowned, L68|47/238\n|turn|12\n|\n|t:|1781465083\n|switch|p1a: Gastrodon|Gastrodon-East, L86, M|331/331\n|move|p2a: Gyarados|Tera Blast|p1a: Gastrodon|[anim] Tera Blast Flying\n|-damage|p1a: Gastrodon|41/331\n|\n|-heal|p1a: Gastrodon|61/331|[from] item: Leftovers\n|upkeep\n|turn|13\n|-message|omg_its_daddy forfeited.\n|\n|win|htran\n", "inputlog": ">version a8376a258c1d4662feba110a92103f3664a72141\n>start {\"formatid\":\"gen9randombattle\",\"seed\":\"sodium,5d137f0b54b0bdd868e8b4418b12822d\",\"rated\":\"Rated battle\"}\n>player p1 {\"name\":\"omg_its_daddy\",\"avatar\":\"blaine\",\"rating\":1947,\"seed\":\"sodium,0aec05531be0024b10223a604be32469\"}\n>player p2 {\"name\":\"htran\",\"avatar\":\"lucas\",\"rating\":1901,\"seed\":\"sodium,6901e4f88a7921db38a61365d92b70cc\"}\n>p1 move toxicspikes\n>p2 move swordsdance\n>p1 move haze\n>p2 move kowtowcleave\n>p1 switch 3\n>p2 move swordsdance\n>p1 move bodypress\n>p2 switch 4\n>p1 move irondefense\n>p2 move dragondance\n>p1 move stoneedge\n>p2 move dragondance\n>p1 move irondefense\n>p2 move earthquake\n>p1 move bodypress\n>p2 move waterfall\n>p1 move bodypress\n>p2 move waterfall\n>p1 switch 3\n>p2 move waterfall\n>p1 move haze\n>p2 move terablast terastallize\n>p1 switch 3\n>p1 switch 6\n>p2 move terablast\n>forcelose p1", "uploadtime": 1781464972, "views": 8, "formatid": "gen9randombattle", "rating": null, "private": 0, "password": null}