{"id": "gen9randombattle-2631554216", "format": "[Gen 9] Random Battle", "players": ["AllCuzOfHax", "flooocki"], "log": "|j|\u2606AllCuzOfHax\n|j|\u2606flooocki\n|t:|1781400542\n|gametype|singles\n|player|p1|AllCuzOfHax|anabel|2024\n|player|p2|flooocki|ninjaboy|1990\n|gen|9\n|tier|[Gen 9] Random Battle\n|rated|\n|rule|Species Clause: Limit one of each Pok\u00e9mon\n|rule|HP Percentage Mod: HP is shown in percentages\n|rule|Sleep Clause Mod: Limit one foe put to sleep\n|rule|Illusion Level Mod: Illusion disguises the Pok\u00e9mon's true level\n|\n|t:|1781400542\n|teamsize|p1|6\n|teamsize|p2|6\n|start\n|switch|p1a: Sandaconda|Sandaconda, L84, M|258/258\n|switch|p2a: Maushold|Maushold-Four, L76|238/238\n|turn|1\n|inactive|Battle timer is ON: inactive players will automatically lose when time's up. (requested by flooocki)\n|inactive|AllCuzOfHax has 120 seconds left.\n|\n|t:|1781400578\n|switch|p1a: Rhydon|Rhydon, L85, M|317/317\n|move|p2a: Maushold|Tidy Up|p2a: Maushold\n|-boost|p2a: Maushold|atk|1\n|-boost|p2a: Maushold|spe|1\n|\n|upkeep\n|turn|2\n|\n|t:|1781400587\n|move|p2a: Maushold|Bite|p1a: Rhydon\n|-damage|p1a: Rhydon|283/317\n|move|p1a: Rhydon|Earthquake|p2a: Maushold\n|-damage|p2a: Maushold|69/238\n|\n|upkeep\n|turn|3\n|\n|t:|1781400595\n|move|p2a: Maushold|Population Bomb|p1a: Rhydon\n|-resisted|p1a: Rhydon\n|-damage|p1a: Rhydon|274/317\n|-resisted|p1a: Rhydon\n|-damage|p1a: Rhydon|265/317\n|-resisted|p1a: Rhydon\n|-damage|p1a: Rhydon|256/317\n|-resisted|p1a: Rhydon\n|-damage|p1a: Rhydon|247/317\n|-resisted|p1a: Rhydon\n|-damage|p1a: Rhydon|238/317\n|-resisted|p1a: Rhydon\n|-damage|p1a: Rhydon|229/317\n|-resisted|p1a: Rhydon\n|-damage|p1a: Rhydon|220/317\n|-resisted|p1a: Rhydon\n|-damage|p1a: Rhydon|211/317\n|-resisted|p1a: Rhydon\n|-damage|p1a: Rhydon|202/317\n|-resisted|p1a: Rhydon\n|-damage|p1a: Rhydon|193/317\n|-hitcount|p1a: Rhydon|10\n|move|p1a: Rhydon|Earthquake|p2a: Maushold\n|-damage|p2a: Maushold|0 fnt\n|faint|p2a: Maushold\n|\n|upkeep\n|\n|t:|1781400600\n|switch|p2a: Quaquaval|Quaquaval, L79, F|264/264\n|turn|4\n|\n|t:|1781400626\n|switch|p1a: Wo-Chien|Wo-Chien, L83|277/277\n|-ability|p1a: Wo-Chien|Tablets of Ruin\n|move|p2a: Quaquaval|Swords Dance|p2a: Quaquaval\n|-boost|p2a: Quaquaval|atk|2\n|\n|upkeep\n|turn|5\n|\n|t:|1781400640\n|-terastallize|p1a: Wo-Chien|Poison\n|move|p2a: Quaquaval|Close Combat|p1a: Wo-Chien\n|-resisted|p1a: Wo-Chien\n|-damage|p1a: Wo-Chien|164/277\n|-unboost|p2a: Quaquaval|def|1\n|-unboost|p2a: Quaquaval|spd|1\n|-damage|p2a: Quaquaval|238/264|[from] item: Life Orb\n|move|p1a: Wo-Chien|Stun Spore|p2a: Quaquaval\n|-status|p2a: Quaquaval|par\n|\n|-heal|p1a: Wo-Chien|181/277|[from] item: Leftovers\n|upkeep\n|turn|6\n|\n|t:|1781400650\n|move|p1a: Wo-Chien|Giga Drain|p2a: Quaquaval\n|-supereffective|p2a: Quaquaval\n|-damage|p2a: Quaquaval|0 fnt\n|-heal|p1a: Wo-Chien|277/277|[from] drain|[of] p2a: Quaquaval\n|faint|p2a: Quaquaval\n|\n|upkeep\n|\n|t:|1781400657\n|switch|p2a: Komala|Komala, L88, M|258/258\n|-ability|p2a: Komala|Comatose\n|turn|7\n|\n|t:|1781400675\n|switch|p1a: Rhydon|Rhydon, L85, M|193/317\n|move|p2a: Komala|Knock Off|p1a: Rhydon\n|-damage|p1a: Rhydon|145/317\n|-enditem|p1a: Rhydon|Eviolite|[from] move: Knock Off|[of] p2a: Komala\n|\n|upkeep\n|turn|8\n|\n|t:|1781400684\n|move|p2a: Komala|U-turn|p1a: Rhydon\n|-damage|p1a: Rhydon|96/317\n|\n|t:|1781400686\n|switch|p2a: Pelipper|Pelipper, L86, F|243/243|[from] U-turn\n|-weather|RainDance|[from] ability: Drizzle|[of] p2a: Pelipper\n|move|p1a: Rhydon|Earthquake|p2a: Pelipper\n|-immune|p2a: Pelipper\n|\n|-weather|RainDance|[upkeep]\n|upkeep\n|turn|9\n|\n|t:|1781400693\n|move|p2a: Pelipper|Weather Ball|p1a: Rhydon\n|-supereffective|p1a: Rhydon\n|-damage|p1a: Rhydon|0 fnt\n|faint|p1a: Rhydon\n|\n|-weather|RainDance|[upkeep]\n|upkeep\n|\n|t:|1781400702\n|switch|p1a: Salazzle|Salazzle, L83, F|249/249\n|turn|10\n|\n|t:|1781400707\n|move|p1a: Salazzle|Substitute|p1a: Salazzle\n|-start|p1a: Salazzle|Substitute\n|-damage|p1a: Salazzle|187/249\n|move|p2a: Pelipper|Weather Ball|p1a: Salazzle\n|-supereffective|p1a: Salazzle\n|-end|p1a: Salazzle|Substitute\n|\n|-weather|RainDance|[upkeep]\n|-heal|p1a: Salazzle|202/249|[from] item: Leftovers\n|upkeep\n|turn|11\n|\n|t:|1781400710\n|move|p1a: Salazzle|Protect|p1a: Salazzle\n|-singleturn|p1a: Salazzle|Protect\n|move|p2a: Pelipper|Weather Ball|p1a: Salazzle\n|-activate|p1a: Salazzle|move: Protect\n|\n|-weather|RainDance|[upkeep]\n|-heal|p1a: Salazzle|217/249|[from] item: Leftovers\n|upkeep\n|turn|12\n|\n|t:|1781400716\n|move|p1a: Salazzle|Substitute|p1a: Salazzle\n|-start|p1a: Salazzle|Substitute\n|-damage|p1a: Salazzle|155/249\n|move|p2a: Pelipper|Weather Ball|p1a: Salazzle\n|-supereffective|p1a: Salazzle\n|-end|p1a: Salazzle|Substitute\n|\n|-weather|none\n|-heal|p1a: Salazzle|170/249|[from] item: Leftovers\n|upkeep\n|turn|13\n|\n|t:|1781400718\n|switch|p2a: Komala|Komala, L88, M|258/258\n|-ability|p2a: Komala|Comatose\n|move|p1a: Salazzle|Substitute|p1a: Salazzle\n|-start|p1a: Salazzle|Substitute\n|-damage|p1a: Salazzle|108/249\n|\n|-heal|p1a: Salazzle|123/249|[from] item: Leftovers\n|upkeep\n|turn|14\n|\n|t:|1781400723\n|move|p1a: Salazzle|Protect|p1a: Salazzle\n|-singleturn|p1a: Salazzle|Protect\n|move|p2a: Komala|Rapid Spin|p1a: Salazzle\n|-activate|p1a: Salazzle|move: Protect\n|\n|-heal|p1a: Salazzle|138/249|[from] item: Leftovers\n|upkeep\n|turn|15\n|\n|t:|1781400727\n|move|p1a: Salazzle|Flamethrower|p2a: Komala\n|-damage|p2a: Komala|191/258\n|move|p2a: Komala|Body Slam|p1a: Salazzle\n|-end|p1a: Salazzle|Substitute\n|\n|-heal|p1a: Salazzle|153/249|[from] item: Leftovers\n|upkeep\n|turn|16\n|\n|t:|1781400732\n|move|p1a: Salazzle|Protect|p1a: Salazzle\n|-singleturn|p1a: Salazzle|Protect\n|move|p2a: Komala|Rapid Spin|p1a: Salazzle\n|-activate|p1a: Salazzle|move: Protect\n|\n|-heal|p1a: Salazzle|168/249|[from] item: Leftovers\n|upkeep\n|turn|17\n|\n|t:|1781400741\n|switch|p1a: Sandaconda|Sandaconda, L84, M|258/258\n|move|p2a: Komala|Rapid Spin|p1a: Sandaconda\n|-damage|p1a: Sandaconda|201/258\n|-boost|p2a: Komala|spe|1\n|\n|upkeep\n|turn|18\n|\n|t:|1781400757\n|move|p2a: Komala|Knock Off|p1a: Sandaconda\n|-damage|p1a: Sandaconda|132/258\n|-enditem|p1a: Sandaconda|Loaded Dice|[from] move: Knock Off|[of] p2a: Komala\n|move|p1a: Sandaconda|Coil|p1a: Sandaconda\n|-boost|p1a: Sandaconda|atk|1\n|-boost|p1a: Sandaconda|def|1\n|-boost|p1a: Sandaconda|accuracy|1\n|\n|upkeep\n|turn|19\n|\n|t:|1781400764\n|move|p2a: Komala|U-turn|p1a: Sandaconda\n|-damage|p1a: Sandaconda|99/258\n|\n|t:|1781400766\n|switch|p2a: Pelipper|Pelipper, L86, F|243/243|[from] U-turn\n|-weather|RainDance|[from] ability: Drizzle|[of] p2a: Pelipper\n|move|p1a: Sandaconda|Scale Shot|p2a: Pelipper\n|-damage|p2a: Pelipper|215/243\n|-damage|p2a: Pelipper|188/243\n|-damage|p2a: Pelipper|162/243\n|-damage|p2a: Pelipper|136/243\n|-hitcount|p2a: Pelipper|4\n|-unboost|p1a: Sandaconda|def|1\n|-boost|p1a: Sandaconda|spe|1\n|\n|-weather|RainDance|[upkeep]\n|upkeep\n|turn|20\n|\n|t:|1781400770\n|move|p1a: Sandaconda|Rock Blast|p2a: Pelipper\n|-supereffective|p2a: Pelipper\n|-damage|p2a: Pelipper|82/243\n|-supereffective|p2a: Pelipper\n|-crit|p2a: Pelipper\n|-damage|p2a: Pelipper|0 fnt\n|faint|p2a: Pelipper\n|-hitcount|p2: Pelipper|2\n|\n|-weather|RainDance|[upkeep]\n|upkeep\n|\n|t:|1781400773\n|switch|p2a: Ogerpon|Ogerpon-Cornerstone, L76, F|247/247\n|turn|21\n|\n|t:|1781400781\n|move|p1a: Sandaconda|Earthquake|p2a: Ogerpon\n|-damage|p2a: Ogerpon|55/247\n|move|p2a: Ogerpon|Power Whip|p1a: Sandaconda\n|-supereffective|p1a: Sandaconda\n|-damage|p1a: Sandaconda|0 fnt\n|faint|p1a: Sandaconda\n|\n|-weather|RainDance|[upkeep]\n|upkeep\n|\n|t:|1781400794\n|switch|p1a: Salazzle|Salazzle, L83, F|168/249\n|turn|22\n|\n|t:|1781400796\n|switch|p2a: Komala|Komala, L88, M|191/258\n|-ability|p2a: Komala|Comatose\n|move|p1a: Salazzle|Protect||[still]\n|-fail|p1a: Salazzle\n|\n|-weather|RainDance|[upkeep]\n|-heal|p1a: Salazzle|183/249|[from] item: Leftovers\n|upkeep\n|turn|23\n|\n|t:|1781400803\n|move|p1a: Salazzle|Protect|p1a: Salazzle\n|-singleturn|p1a: Salazzle|Protect\n|move|p2a: Komala|Body Slam|p1a: Salazzle\n|-activate|p1a: Salazzle|move: Protect\n|\n|-weather|none\n|-heal|p1a: Salazzle|198/249|[from] item: Leftovers\n|upkeep\n|turn|24\n|\n|t:|1781400812\n|switch|p1a: Wo-Chien|Wo-Chien, L83, tera:Poison|277/277\n|-ability|p1a: Wo-Chien|Tablets of Ruin\n|move|p2a: Komala|Body Slam|p1a: Wo-Chien\n|-damage|p1a: Wo-Chien|195/277\n|\n|-heal|p1a: Wo-Chien|212/277|[from] item: Leftovers\n|upkeep\n|turn|25\n|\n|t:|1781400820\n|move|p2a: Komala|Knock Off|p1a: Wo-Chien\n|-damage|p1a: Wo-Chien|149/277\n|-enditem|p1a: Wo-Chien|Leftovers|[from] move: Knock Off|[of] p2a: Komala\n|move|p1a: Wo-Chien|Knock Off|p2a: Komala\n|-crit|p2a: Komala\n|-damage|p2a: Komala|41/258\n|-enditem|p2a: Komala|Assault Vest|[from] move: Knock Off|[of] p1a: Wo-Chien\n|\n|upkeep\n|turn|26\n|\n|t:|1781400823\n|move|p2a: Komala|Body Slam|p1a: Wo-Chien\n|-crit|p1a: Wo-Chien\n|-damage|p1a: Wo-Chien|40/277\n|move|p1a: Wo-Chien|Giga Drain|p2a: Komala\n|-damage|p2a: Komala|0 fnt\n|-heal|p1a: Wo-Chien|61/277|[from] drain|[of] p2a: Komala\n|faint|p2a: Komala\n|\n|upkeep\n|\n|t:|1781400831\n|switch|p2a: Ogerpon|Ogerpon-Cornerstone, L76, F|55/247\n|turn|27\n|\n|t:|1781400836\n|move|p2a: Ogerpon|Ivy Cudgel|p1a: Wo-Chien|[anim] Ivy Cudgel Rock\n|-damage|p1a: Wo-Chien|0 fnt\n|faint|p1a: Wo-Chien\n|\n|upkeep\n|\n|t:|1781400839\n|switch|p1a: Salazzle|Salazzle, L83, F|198/249\n|turn|28\n|\n|t:|1781400842\n|move|p1a: Salazzle|Flamethrower|p2a: Ogerpon\n|-damage|p2a: Ogerpon|0 fnt\n|faint|p2a: Ogerpon\n|\n|-heal|p1a: Salazzle|213/249|[from] item: Leftovers\n|upkeep\n|\n|t:|1781400843\n|switch|p2a: Flapple|Flapple, L88, F|266/266\n|turn|29\n|\n|t:|1781400852\n|-terastallize|p2a: Flapple|Fire\n|move|p1a: Salazzle|Toxic|p2a: Flapple\n|-status|p2a: Flapple|tox\n|move|p2a: Flapple|Dragon Dance|p2a: Flapple\n|-boost|p2a: Flapple|atk|1\n|-boost|p2a: Flapple|spe|1\n|\n|-heal|p1a: Salazzle|228/249|[from] item: Leftovers\n|-damage|p2a: Flapple|250/266 tox|[from] psn\n|upkeep\n|turn|30\n|\n|t:|1781400859\n|move|p2a: Flapple|Dragon Dance|p2a: Flapple\n|-boost|p2a: Flapple|atk|1\n|-boost|p2a: Flapple|spe|1\n|move|p1a: Salazzle|Substitute|p1a: Salazzle\n|-start|p1a: Salazzle|Substitute\n|-damage|p1a: Salazzle|166/249\n|\n|-heal|p1a: Salazzle|181/249|[from] item: Leftovers\n|-damage|p2a: Flapple|218/266 tox|[from] psn\n|upkeep\n|turn|31\n|\n|t:|1781400862\n|move|p1a: Salazzle|Protect|p1a: Salazzle\n|-singleturn|p1a: Salazzle|Protect\n|move|p2a: Flapple|Dragon Dance|p2a: Flapple\n|-boost|p2a: Flapple|atk|1\n|-boost|p2a: Flapple|spe|1\n|\n|-heal|p1a: Salazzle|196/249|[from] item: Leftovers\n|-damage|p2a: Flapple|170/266 tox|[from] psn\n|upkeep\n|turn|32\n|\n|t:|1781400865\n|move|p2a: Flapple|Outrage|p1a: Salazzle\n|-end|p1a: Salazzle|Substitute\n|move|p1a: Salazzle|Substitute|p1a: Salazzle\n|-start|p1a: Salazzle|Substitute\n|-damage|p1a: Salazzle|134/249\n|\n|-heal|p1a: Salazzle|149/249|[from] item: Leftovers\n|-damage|p2a: Flapple|106/266 tox|[from] psn\n|upkeep\n|turn|33\n|\n|t:|1781400868\n|move|p1a: Salazzle|Protect|p1a: Salazzle\n|-singleturn|p1a: Salazzle|Protect\n|move|p2a: Flapple|Outrage|p1a: Salazzle|[from] lockedmove\n|-activate|p1a: Salazzle|move: Protect\n|-start|p2a: Flapple|confusion|[fatigue]\n|\n|-heal|p1a: Salazzle|164/249|[from] item: Leftovers\n|-damage|p2a: Flapple|26/266 tox|[from] psn\n|upkeep\n|turn|34\n|-message|flooocki forfeited.\n|\n|win|AllCuzOfHax\n", "inputlog": ">version a8376a258c1d4662feba110a92103f3664a72141\n>start {\"formatid\":\"gen9randombattle\",\"seed\":\"sodium,8fc410fb0b87d26c87b2bb4526e16727\",\"rated\":\"Rated battle\"}\n>player p1 {\"name\":\"AllCuzOfHax\",\"avatar\":\"anabel\",\"rating\":2024,\"seed\":\"sodium,990d52f7052bd8da3811b541a692005d\"}\n>player p2 {\"name\":\"flooocki\",\"avatar\":\"ninjaboy\",\"rating\":1990,\"seed\":\"sodium,c358c73b326e3bbd911901526913d4f7\"}\n>p1 switch 4\n>p2 move tidyup\n>p1 move earthquake\n>p2 move bite\n>p1 move earthquake\n>p2 move populationbomb\n>p2 switch 6\n>p1 switch 5\n>p2 move swordsdance\n>p1 move stunspore terastallize\n>p2 move closecombat\n>p1 move gigadrain\n>p2 move aquastep\n>p2 switch 5\n>p1 switch 5\n>p2 move knockoff\n>p1 move earthquake\n>p2 move uturn\n>p2 switch 3\n>p1 move stoneedge\n>p2 move weatherball\n>p1 switch 2\n>p1 move substitute\n>p2 move weatherball\n>p1 move protect\n>p2 move weatherball\n>p1 move substitute\n>p2 move weatherball\n>p1 move substitute\n>p2 switch 3\n>p1 move protect\n>p2 move rapidspin\n>p1 move flamethrower\n>p2 move bodyslam\n>p1 move protect\n>p2 move rapidspin\n>p1 switch 4\n>p2 move rapidspin\n>p1 move coil\n>p2 move knockoff\n>p1 move scaleshot\n>p2 move uturn\n>p2 switch 3\n>p1 move rockblast\n>p2 move weatherball\n>p2 switch 4\n>p1 move earthquake\n>p2 move powerwhip\n>p1 switch 4\n>p1 move protect\n>p2 switch 3\n>p1 move protect\n>p2 move bodyslam\n>p1 switch 5\n>p2 move bodyslam\n>p1 move knockoff\n>p2 move knockoff\n>p1 move gigadrain\n>p2 move bodyslam\n>p2 switch 3\n>p1 move gigadrain\n>p2 move ivycudgel\n>p1 switch 5\n>p1 move flamethrower\n>p2 move ivycudgel\n>p2 switch 2\n>p1 move toxic\n>p2 move dragondance terastallize\n>p1 move substitute\n>p2 move dragondance\n>p1 move protect\n>p2 move dragondance\n>p1 move substitute\n>p2 move outrage\n>p1 move protect\n>p2 move outrage\n>forcelose p2", "uploadtime": 1781400544, "views": 4, "formatid": "gen9randombattle", "rating": null, "private": 0, "password": null}