{"id": "gen9randombattle-2631618113", "format": "[Gen 9] Random Battle", "players": ["Gandhnds", "supershadowfan2000"], "log": "|j|\u2606Gandhnds\n|j|\u2606supershadowfan2000\n|t:|1781409655\n|gametype|singles\n|player|p1|Gandhnds|266|1000\n|player|p2|supershadowfan2000|102|1030\n|gen|9\n|tier|[Gen 9] Random Battle\n|rated|\n|rule|Species Clause: Limit one of each Pok\u00e9mon\n|rule|HP Percentage Mod: HP is shown in percentages\n|rule|Sleep Clause Mod: Limit one foe put to sleep\n|rule|Illusion Level Mod: Illusion disguises the Pok\u00e9mon's true level\n|\n|t:|1781409655\n|teamsize|p1|6\n|teamsize|p2|6\n|start\n|switch|p1a: Sawsbuck|Sawsbuck-Winter, L88, M|284/284\n|switch|p2a: Tyranitar|Tyranitar, L78, M|284/284\n|-weather|Sandstorm|[from] ability: Sand Stream|[of] p2a: Tyranitar\n|turn|1\n|inactive|Battle timer is ON: inactive players will automatically lose when time's up. (requested by Gandhnds)\n|\n|t:|1781409676\n|switch|p2a: Emboar|Emboar, L84, M|322/322\n|move|p1a: Sawsbuck|Swords Dance|p1a: Sawsbuck\n|-boost|p1a: Sawsbuck|atk|2\n|\n|-weather|Sandstorm|[upkeep]\n|-damage|p1a: Sawsbuck|267/284|[from] Sandstorm\n|-damage|p2a: Emboar|302/322|[from] Sandstorm\n|upkeep\n|turn|2\n|\n|t:|1781409704\n|move|p1a: Sawsbuck|High Horsepower|p2a: Emboar\n|-supereffective|p2a: Emboar\n|-damage|p2a: Emboar|0 fnt\n|faint|p2a: Emboar\n|-damage|p1a: Sawsbuck|239/284|[from] item: Life Orb\n|\n|-weather|Sandstorm|[upkeep]\n|-damage|p1a: Sawsbuck|222/284|[from] Sandstorm\n|upkeep\n|inactive|supershadowfan2000 has 120 seconds left.\n|\n|t:|1781409719\n|switch|p2a: Zangoose|Zangoose, L85, M|263/263\n|turn|3\n|inactive|supershadowfan2000 has 120 seconds left.\n|\n|t:|1781409733\n|move|p1a: Sawsbuck|Horn Leech|p2a: Zangoose\n|-damage|p2a: Zangoose|0 fnt\n|-heal|p1a: Sawsbuck|284/284|[from] drain|[of] p2a: Zangoose\n|faint|p2a: Zangoose\n|-damage|p1a: Sawsbuck|256/284|[from] item: Life Orb\n|\n|-weather|Sandstorm|[upkeep]\n|-damage|p1a: Sawsbuck|239/284|[from] Sandstorm\n|upkeep\n|inactive|supershadowfan2000 has 120 seconds left.\n|\n|t:|1781409747\n|switch|p2a: Gumshoos|Gumshoos, L95, M|321/321\n|turn|4\n|inactive|supershadowfan2000 has 120 seconds left.\n|\n|t:|1781409772\n|move|p1a: Sawsbuck|Horn Leech|p2a: Gumshoos\n|-damage|p2a: Gumshoos|35/321\n|-heal|p1a: Sawsbuck|284/284|[from] drain|[of] p2a: Gumshoos\n|-damage|p1a: Sawsbuck|256/284|[from] item: Life Orb\n|move|p2a: Gumshoos|Knock Off|p1a: Sawsbuck\n|-damage|p1a: Sawsbuck|96/284\n|-enditem|p1a: Sawsbuck|Life Orb|[from] move: Knock Off|[of] p2a: Gumshoos\n|\n|-weather|Sandstorm|[upkeep]\n|-damage|p1a: Sawsbuck|79/284|[from] Sandstorm\n|-damage|p2a: Gumshoos|15/321|[from] Sandstorm\n|upkeep\n|turn|5\n|inactive|supershadowfan2000 has 120 seconds left.\n|\n|t:|1781409794\n|switch|p2a: Tyranitar|Tyranitar, L78, M|284/284\n|move|p1a: Sawsbuck|Horn Leech|p2a: Tyranitar\n|-supereffective|p2a: Tyranitar\n|-damage|p2a: Tyranitar|0 fnt\n|-heal|p1a: Sawsbuck|221/284|[from] drain|[of] p2a: Tyranitar\n|faint|p2a: Tyranitar\n|\n|-weather|none\n|upkeep\n|\n|t:|1781409804\n|switch|p2a: Dedenne|Dedenne, L88, M|261/261\n|turn|6\n|\n|t:|1781409809\n|move|p2a: Dedenne|Dazzling Gleam|p1a: Sawsbuck\n|-damage|p1a: Sawsbuck|125/284\n|move|p1a: Sawsbuck|High Horsepower|p2a: Dedenne\n|-supereffective|p2a: Dedenne\n|-damage|p2a: Dedenne|0 fnt\n|faint|p2a: Dedenne\n|\n|upkeep\n|\n|t:|1781409817\n|switch|p2a: Golduck|Golduck, L90, M|290/290\n|-ability|p2a: Golduck|Cloud Nine\n|turn|7\n|\n|t:|1781409834\n|move|p1a: Sawsbuck|Horn Leech|p2a: Golduck\n|-supereffective|p2a: Golduck\n|-damage|p2a: Golduck|0 fnt\n|-heal|p1a: Sawsbuck|270/284|[from] drain|[of] p2a: Golduck\n|faint|p2a: Golduck\n|\n|upkeep\n|\n|t:|1781409840\n|switch|p2a: Gumshoos|Gumshoos, L95, M|15/321\n|turn|8\n|\n|t:|1781409867\n|move|p1a: Sawsbuck|Horn Leech|p2a: Gumshoos\n|-damage|p2a: Gumshoos|0 fnt\n|-heal|p1a: Sawsbuck|278/284|[from] drain|[of] p2a: Gumshoos\n|faint|p2a: Gumshoos\n|\n|win|Gandhnds\n|raw|Gandhnds's rating: 1001 &rarr; <strong>1044</strong><br />(+43 for winning)\n|raw|supershadowfan2000's rating: 1030 &rarr; <strong>1014</strong><br />(-16 for losing)\n|l|\u2606Gandhnds\n|player|p1|\n", "inputlog": ">version a8376a258c1d4662feba110a92103f3664a72141\n>start {\"formatid\":\"gen9randombattle\",\"seed\":\"sodium,a089f150d6e08f3f6ff4ba4489e2f993\",\"rated\":\"Rated battle\"}\n>player p1 {\"name\":\"Gandhnds\",\"avatar\":\"266\",\"rating\":1000,\"seed\":\"sodium,a680c719d42ea5aca9ede0f455ced709\"}\n>player p2 {\"name\":\"supershadowfan2000\",\"avatar\":\"102\",\"rating\":1030,\"seed\":\"sodium,c9089493ee906c635ba5bfdd92cec933\"}\n>p1 move swordsdance\n>p2 switch 5\n>p1 move highhorsepower\n>p2 move closecombat\n>p2 switch 4\n>p1 move hornleech\n>p2 move closecombat\n>p2 switch 2\n>p1 move hornleech\n>p2 move knockoff\n>p1 move hornleech\n>p2 switch 5\n>p2 switch 3\n>p1 move highhorsepower\n>p2 move dazzlinggleam\n>p2 switch 6\n>p1 move hornleech\n>p2 move grassknot\n>p2 switch 5\n>p1 move hornleech\n>p2 move doubleedge", "uploadtime": 1781409876, "views": 6, "formatid": "gen9randombattle", "rating": 1014, "private": 0, "password": null}