{"id": "gen9randombattle-2631873581", "format": "[Gen 9] Random Battle", "players": ["avatar z", "Azubuike"], "log": "|j|\u2606avatar z\n|j|\u2606Azubuike\n|t:|1781450649\n|gametype|singles\n|player|p1|avatar z|2|1908\n|player|p2|Azubuike|1|1914\n|gen|9\n|tier|[Gen 9] Random Battle\n|rated|\n|rule|Species Clause: Limit one of each Pok\u00e9mon\n|rule|HP Percentage Mod: HP is shown in percentages\n|rule|Sleep Clause Mod: Limit one foe put to sleep\n|rule|Illusion Level Mod: Illusion disguises the Pok\u00e9mon's true level\n|\n|t:|1781450649\n|teamsize|p1|6\n|teamsize|p2|6\n|start\n|switch|p1a: Amoonguss|Amoonguss, L82, F|321/321\n|switch|p2a: Cramorant|Cramorant, L86, F|261/261\n|turn|1\n|inactive|Battle timer is ON: inactive players will automatically lose when time's up. (requested by Azubuike)\n|\n|t:|1781450666\n|move|p2a: Cramorant|Brave Bird|p1a: Amoonguss\n|-supereffective|p1a: Amoonguss\n|-damage|p1a: Amoonguss|21/321\n|-damage|p2a: Cramorant|162/261|[from] Recoil\n|move|p1a: Amoonguss|Toxic|p2a: Cramorant\n|-status|p2a: Cramorant|tox\n|\n|-heal|p1a: Amoonguss|41/321|[from] item: Leftovers\n|-damage|p2a: Cramorant|146/261 tox|[from] psn\n|upkeep\n|turn|2\n|\n|t:|1781450670\n|switch|p1a: Gyarados|Gyarados, L79, M|280/280\n|-ability|p1a: Gyarados|Intimidate|boost\n|-unboost|p2a: Cramorant|atk|1\n|move|p2a: Cramorant|Brave Bird|p1a: Gyarados\n|-damage|p1a: Gyarados|192/280\n|-damage|p2a: Cramorant|117/261 tox|[from] Recoil\n|\n|-damage|p2a: Cramorant|85/261 tox|[from] psn\n|upkeep\n|turn|3\n|\n|t:|1781450681\n|switch|p2a: Arboliva|Arboliva, L91, F|290/290\n|move|p1a: Gyarados|Dragon Dance|p1a: Gyarados\n|-boost|p1a: Gyarados|atk|1\n|-boost|p1a: Gyarados|spe|1\n|\n|upkeep\n|turn|4\n|\n|t:|1781450687\n|-terastallize|p1a: Gyarados|Flying\n|move|p1a: Gyarados|Tera Blast|p2a: Arboliva|[anim] Tera Blast Flying\n|-supereffective|p2a: Arboliva\n|-damage|p2a: Arboliva|0 fnt\n|-fieldstart|move: Grassy Terrain|[from] ability: Seed Sower|[of] p2a: Arboliva\n|faint|p2a: Arboliva\n|\n|upkeep\n|\n|t:|1781450695\n|switch|p2a: Necrozma|Necrozma-Dusk-Mane, L69|248/248\n|turn|5\n|\n|t:|1781450699\n|move|p1a: Gyarados|Waterfall|p2a: Necrozma\n|-damage|p2a: Necrozma|122/248\n|move|p2a: Necrozma|Dragon Dance|p2a: Necrozma\n|-boost|p2a: Necrozma|atk|1\n|-boost|p2a: Necrozma|spe|1\n|\n|-heal|p2a: Necrozma|137/248|[from] Grassy Terrain\n|upkeep\n|turn|6\n|\n|t:|1781450708\n|move|p1a: Gyarados|Dragon Dance|p1a: Gyarados\n|-boost|p1a: Gyarados|atk|1\n|-boost|p1a: Gyarados|spe|1\n|move|p2a: Necrozma|Photon Geyser|p1a: Gyarados\n|-damage|p1a: Gyarados|15/280\n|\n|-heal|p2a: Necrozma|152/248|[from] Grassy Terrain\n|upkeep\n|turn|7\n|\n|t:|1781450715\n|move|p1a: Gyarados|Waterfall|p2a: Necrozma\n|-damage|p2a: Necrozma|0 fnt\n|faint|p2a: Necrozma\n|\n|upkeep\n|\n|t:|1781450718\n|switch|p2a: Dialga|Dialga, L73|266/266\n|-ability|p2a: Dialga|Pressure\n|turn|8\n|\n|t:|1781450725\n|move|p1a: Gyarados|Waterfall|p2a: Dialga\n|-resisted|p2a: Dialga\n|-damage|p2a: Dialga|185/266\n|move|p2a: Dialga|Heavy Slam|p1a: Gyarados\n|-damage|p1a: Gyarados|0 fnt\n|faint|p1a: Gyarados\n|\n|-heal|p2a: Dialga|201/266|[from] Grassy Terrain\n|-heal|p2a: Dialga|217/266|[from] item: Leftovers\n|-fieldend|move: Grassy Terrain\n|upkeep\n|\n|t:|1781450731\n|switch|p1a: Infernape|Infernape, L82, F|259/259\n|turn|9\n|\n|t:|1781450735\n|switch|p2a: Oricorio|Oricorio-Pom-Pom, L82, M|257/257\n|move|p1a: Infernape|Close Combat|p2a: Oricorio\n|-resisted|p2a: Oricorio\n|-damage|p2a: Oricorio|163/257\n|-unboost|p1a: Infernape|def|1\n|-unboost|p1a: Infernape|spd|1\n|-damage|p1a: Infernape|234/259|[from] item: Life Orb\n|\n|upkeep\n|turn|10\n|\n|t:|1781450740\n|move|p1a: Infernape|Flare Blitz|p2a: Oricorio\n|-damage|p2a: Oricorio|0 fnt\n|faint|p2a: Oricorio\n|-damage|p1a: Infernape|180/259|[from] Recoil\n|-damage|p1a: Infernape|155/259|[from] item: Life Orb\n|\n|upkeep\n|\n|t:|1781450743\n|switch|p2a: Sylveon|Sylveon, L85, F|300/300\n|turn|11\n|\n|t:|1781450753\n|switch|p1a: Amoonguss|Amoonguss, L82, F|148/321\n|move|p2a: Sylveon|Calm Mind|p2a: Sylveon\n|-boost|p2a: Sylveon|spa|1\n|-boost|p2a: Sylveon|spd|1\n|\n|-heal|p1a: Amoonguss|168/321|[from] item: Leftovers\n|upkeep\n|turn|12\n|\n|t:|1781450763\n|move|p2a: Sylveon|Hyper Voice|p1a: Amoonguss\n|-resisted|p1a: Amoonguss\n|-damage|p1a: Amoonguss|60/321\n|move|p1a: Amoonguss|Spore|p2a: Sylveon\n|-status|p2a: Sylveon|slp|[from] move: Spore\n|\n|-heal|p1a: Amoonguss|80/321|[from] item: Leftovers\n|upkeep\n|turn|13\n|\n|t:|1781450772\n|switch|p1a: Leafeon|Leafeon, L88, M|258/258\n|cant|p2a: Sylveon|slp\n|\n|upkeep\n|turn|14\n|\n|t:|1781450779\n|move|p1a: Leafeon|Swords Dance|p1a: Leafeon\n|-boost|p1a: Leafeon|atk|2\n|cant|p2a: Sylveon|slp\n|\n|upkeep\n|turn|15\n|\n|t:|1781450783\n|move|p1a: Leafeon|Leaf Blade|p2a: Sylveon\n|-damage|p2a: Sylveon|14/300 slp\n|-curestatus|p2a: Sylveon|slp|[msg]\n|move|p2a: Sylveon|Hyper Voice|p1a: Leafeon\n|-damage|p1a: Leafeon|32/258\n|\n|-heal|p1a: Leafeon|48/258|[from] item: Leftovers\n|-heal|p2a: Sylveon|32/300|[from] item: Leftovers\n|upkeep\n|turn|16\n|-message|Azubuike forfeited.\n|\n|win|avatar z\n", "inputlog": ">version a8376a258c1d4662feba110a92103f3664a72141\n>start {\"formatid\":\"gen9randombattle\",\"seed\":\"sodium,773642fef28a3f080db06f8e0ca2794c\",\"rated\":\"Rated battle\"}\n>player p1 {\"name\":\"avatar z\",\"avatar\":\"2\",\"rating\":1908,\"seed\":\"sodium,56735b8fd9ab5a05383bc2f430fec14e\"}\n>player p2 {\"name\":\"Azubuike\",\"avatar\":\"1\",\"rating\":1914,\"seed\":\"sodium,b1c137bf74bf67a12a05c06b18940ebb\"}\n>p1 move toxic\n>p2 move bravebird\n>p1 switch 2\n>p2 move bravebird\n>p1 move dragondance\n>p2 switch 4\n>p1 move terablast terastallize\n>p2 move hypervoice\n>p2 switch 2\n>p1 move waterfall\n>p2 move dragondance\n>p1 move dragondance\n>p2 move photongeyser\n>p1 move waterfall\n>p2 move photongeyser\n>p2 switch 6\n>p1 move waterfall\n>p2 move heavyslam\n>p1 switch 3\n>p1 move closecombat\n>p2 switch 5\n>p1 move flareblitz\n>p2 move quiverdance\n>p2 switch 3\n>p1 switch 2\n>p2 move calmmind\n>p1 move spore\n>p2 move hypervoice\n>p1 switch 6\n>p2 move hypervoice\n>p1 move swordsdance\n>p2 move hypervoice\n>p1 move leafblade\n>p2 move hypervoice\n>forcelose p2", "uploadtime": 1781450650, "views": 4, "formatid": "gen9randombattle", "rating": null, "private": 0, "password": null}