{"id": "gen9randombattle-2631453192", "format": "[Gen 9] Random Battle", "players": ["mfcorrea11", "Muk Muk Goodra"], "log": "|j|\u2606mfcorrea11\n|j|\u2606Muk Muk Goodra\n|t:|1781386517\n|gametype|singles\n|player|p1|mfcorrea11|169|1971\n|player|p2|Muk Muk Goodra|dawn|2026\n|gen|9\n|tier|[Gen 9] Random Battle\n|rated|\n|rule|Species Clause: Limit one of each Pok\u00e9mon\n|rule|HP Percentage Mod: HP is shown in percentages\n|rule|Sleep Clause Mod: Limit one foe put to sleep\n|rule|Illusion Level Mod: Illusion disguises the Pok\u00e9mon's true level\n|\n|t:|1781386517\n|teamsize|p1|6\n|teamsize|p2|6\n|start\n|switch|p1a: Tatsugiri|Tatsugiri, L87, M|260/260\n|switch|p2a: Eiscue|Eiscue, L88, M|274/274\n|turn|1\n|inactive|Battle timer is ON: inactive players will automatically lose when time's up. (requested by Muk Muk Goodra)\n|\n|t:|1781386539\n|move|p1a: Tatsugiri|Nasty Plot|p1a: Tatsugiri\n|-boost|p1a: Tatsugiri|spa|2\n|move|p2a: Eiscue|Ice Spinner|p1a: Tatsugiri\n|-damage|p1a: Tatsugiri|152/260\n|\n|upkeep\n|turn|2\n|\n|t:|1781386549\n|move|p1a: Tatsugiri|Surf|p2a: Eiscue\n|-damage|p2a: Eiscue|34/274\n|-enditem|p2a: Eiscue|Sitrus Berry|[eat]\n|-heal|p2a: Eiscue|102/274|[from] item: Sitrus Berry\n|move|p2a: Eiscue|Ice Spinner|p1a: Tatsugiri\n|-crit|p1a: Tatsugiri\n|-damage|p1a: Tatsugiri|10/260\n|\n|upkeep\n|turn|3\n|\n|t:|1781386558\n|move|p1a: Tatsugiri|Surf|p2a: Eiscue\n|-damage|p2a: Eiscue|0 fnt\n|faint|p2a: Eiscue\n|\n|upkeep\n|\n|t:|1781386566\n|switch|p2a: Iron Treads|Iron Treads, L77|265/265\n|turn|4\n|\n|t:|1781386577\n|switch|p1a: Rotom|Rotom-Frost, L87|229/229\n|move|p2a: Iron Treads|Rapid Spin|p1a: Rotom\n|-damage|p1a: Rotom|200/229\n|-boost|p2a: Iron Treads|spe|1\n|\n|upkeep\n|turn|5\n|\n|t:|1781386605\n|move|p2a: Iron Treads|Volt Switch|p1a: Rotom\n|-resisted|p1a: Rotom\n|-damage|p1a: Rotom|187/229\n|\n|t:|1781386610\n|-end|p2a: Iron Treads|Quark Drive|[silent]\n|switch|p2a: Spiritomb|Spiritomb, L89, M|234/234|[from] Volt Switch\n|move|p1a: Rotom|Will-O-Wisp|p2a: Spiritomb|[miss]\n|-miss|p1a: Rotom|p2a: Spiritomb\n|\n|upkeep\n|turn|6\n|\n|t:|1781386628\n|move|p1a: Rotom|Will-O-Wisp|p2a: Spiritomb|[miss]\n|-miss|p1a: Rotom|p2a: Spiritomb\n|move|p2a: Spiritomb|Will-O-Wisp|p1a: Rotom\n|-status|p1a: Rotom|brn\n|\n|-damage|p1a: Rotom|173/229 brn|[from] brn\n|upkeep\n|turn|7\n|\n|t:|1781386643\n|switch|p2a: Drifblim|Drifblim, L86, F|396/396\n|move|p1a: Rotom|Will-O-Wisp|p2a: Drifblim\n|-status|p2a: Drifblim|brn\n|\n|-damage|p1a: Rotom|159/229 brn|[from] brn\n|-damage|p2a: Drifblim|372/396 brn|[from] brn\n|upkeep\n|turn|8\n|\n|t:|1781386654\n|move|p1a: Rotom|Blizzard|p2a: Drifblim\n|-supereffective|p2a: Drifblim\n|-damage|p2a: Drifblim|36/396 brn\n|-enditem|p2a: Drifblim|Sitrus Berry|[eat]\n|-heal|p2a: Drifblim|135/396 brn|[from] item: Sitrus Berry\n|move|p2a: Drifblim|Calm Mind|p2a: Drifblim\n|-boost|p2a: Drifblim|spa|1\n|-boost|p2a: Drifblim|spd|1\n|\n|-damage|p2a: Drifblim|111/396 brn|[from] brn\n|-damage|p1a: Rotom|145/229 brn|[from] brn\n|upkeep\n|turn|9\n|\n|t:|1781386675\n|move|p2a: Drifblim|Strength Sap|p1a: Rotom\n|-unboost|p1a: Rotom|atk|1\n|-heal|p2a: Drifblim|229/396 brn\n|move|p1a: Rotom|Nasty Plot|p1a: Rotom\n|-boost|p1a: Rotom|spa|2\n|\n|-damage|p2a: Drifblim|205/396 brn|[from] brn\n|-damage|p1a: Rotom|131/229 brn|[from] brn\n|upkeep\n|turn|10\n|\n|t:|1781386686\n|move|p2a: Drifblim|Shadow Ball|p1a: Rotom\n|-damage|p1a: Rotom|23/229 brn\n|-unboost|p1a: Rotom|spd|1\n|move|p1a: Rotom|Thunderbolt|p2a: Drifblim\n|-supereffective|p2a: Drifblim\n|-damage|p2a: Drifblim|0 fnt\n|faint|p2a: Drifblim\n|\n|-damage|p1a: Rotom|9/229 brn|[from] brn\n|upkeep\n|\n|t:|1781386693\n|switch|p2a: Iron Treads|Iron Treads, L77|265/265\n|turn|11\n|\n|t:|1781386698\n|move|p2a: Iron Treads|Rapid Spin|p1a: Rotom\n|-damage|p1a: Rotom|0 fnt\n|-boost|p2a: Iron Treads|spe|1\n|faint|p1a: Rotom\n|\n|upkeep\n|\n|t:|1781386710\n|switch|p1a: Tauros|Tauros, L82, M|257/257\n|turn|12\n|\n|t:|1781386719\n|-terastallize|p1a: Tauros|Ground\n|move|p2a: Iron Treads|Volt Switch|p1a: Tauros\n|-immune|p1a: Tauros\n|move|p1a: Tauros|Earthquake|p2a: Iron Treads\n|-supereffective|p2a: Iron Treads\n|-crit|p2a: Iron Treads\n|-damage|p2a: Iron Treads|0 fnt\n|faint|p2a: Iron Treads\n|-end|p2a: Iron Treads|Quark Drive|[silent]\n|-damage|p1a: Tauros|232/257|[from] item: Life Orb\n|\n|upkeep\n|\n|t:|1781386725\n|switch|p2a: Spiritomb|Spiritomb, L89, M|234/234\n|turn|13\n|\n|t:|1781386748\n|switch|p1a: Magmortar|Magmortar, L88, M|275/275\n|move|p2a: Spiritomb|Will-O-Wisp|p1a: Magmortar\n|-immune|p1a: Magmortar\n|\n|upkeep\n|turn|14\n|\n|t:|1781386757\n|move|p1a: Magmortar|Fire Blast|p2a: Spiritomb\n|-damage|p2a: Spiritomb|113/234\n|move|p2a: Spiritomb|Poltergeist|p1a: Magmortar\n|-activate|p1a: Magmortar|move: Poltergeist|Heavy-Duty Boots\n|-damage|p1a: Magmortar|121/275\n|\n|-heal|p2a: Spiritomb|127/234|[from] item: Leftovers\n|upkeep\n|turn|15\n|\n|t:|1781386766\n|move|p1a: Magmortar|Fire Blast|p2a: Spiritomb|[miss]\n|-miss|p1a: Magmortar|p2a: Spiritomb\n|move|p2a: Spiritomb|Poltergeist|p1a: Magmortar\n|-activate|p1a: Magmortar|move: Poltergeist|Heavy-Duty Boots\n|-damage|p1a: Magmortar|0 fnt\n|faint|p1a: Magmortar\n|\n|-heal|p2a: Spiritomb|141/234|[from] item: Leftovers\n|upkeep\n|\n|t:|1781386775\n|switch|p1a: Tatsugiri|Tatsugiri, L87, M|10/260\n|turn|16\n|\n|t:|1781386780\n|move|p2a: Spiritomb|Sucker Punch|p1a: Tatsugiri\n|-damage|p1a: Tatsugiri|0 fnt\n|faint|p1a: Tatsugiri\n|\n|-heal|p2a: Spiritomb|155/234|[from] item: Leftovers\n|upkeep\n|\n|t:|1781386789\n|switch|p1a: Espathra|Espathra, L80, F|283/283\n|turn|17\n|\n|t:|1781386800\n|move|p1a: Espathra|Dazzling Gleam|p2a: Spiritomb\n|-supereffective|p2a: Spiritomb\n|-damage|p2a: Spiritomb|61/234\n|move|p2a: Spiritomb|Poltergeist|p1a: Espathra\n|-activate|p1a: Espathra|move: Poltergeist|Leftovers\n|-supereffective|p1a: Espathra\n|-crit|p1a: Espathra\n|-damage|p1a: Espathra|0 fnt\n|faint|p1a: Espathra\n|\n|-heal|p2a: Spiritomb|75/234|[from] item: Leftovers\n|upkeep\n|\n|t:|1781386810\n|switch|p1a: Jolteon|Jolteon, L84, M|246/246\n|turn|18\n|\n|t:|1781386820\n|switch|p2a: Latias|Latias, L79, F|256/256\n|move|p1a: Jolteon|Calm Mind|p1a: Jolteon\n|-boost|p1a: Jolteon|spa|1\n|-boost|p1a: Jolteon|spd|1\n|\n|upkeep\n|turn|19\n|\n|t:|1781386832\n|move|p1a: Jolteon|Calm Mind|p1a: Jolteon\n|-boost|p1a: Jolteon|spa|1\n|-boost|p1a: Jolteon|spd|1\n|move|p2a: Latias|Psyshock|p1a: Jolteon\n|-damage|p1a: Jolteon|108/246\n|\n|-heal|p1a: Jolteon|123/246|[from] item: Leftovers\n|upkeep\n|turn|20\n|\n|t:|1781386841\n|move|p1a: Jolteon|Tera Blast|p2a: Latias\n|-damage|p2a: Latias|160/256\n|move|p2a: Latias|Psyshock|p1a: Jolteon\n|-damage|p1a: Jolteon|2/246\n|\n|-heal|p1a: Jolteon|17/246|[from] item: Leftovers\n|upkeep\n|turn|21\n|\n|t:|1781386849\n|move|p1a: Jolteon|Tera Blast|p2a: Latias\n|-damage|p2a: Latias|67/256\n|move|p2a: Latias|Recover|p2a: Latias\n|-heal|p2a: Latias|195/256\n|\n|-heal|p1a: Jolteon|32/246|[from] item: Leftovers\n|upkeep\n|turn|22\n|\n|t:|1781386857\n|move|p1a: Jolteon|Tera Blast|p2a: Latias\n|-damage|p2a: Latias|102/256\n|move|p2a: Latias|Psyshock|p1a: Jolteon\n|-damage|p1a: Jolteon|0 fnt\n|faint|p1a: Jolteon\n|\n|upkeep\n|\n|t:|1781386864\n|switch|p1a: Tauros|Tauros, L82, M, tera:Ground|232/257\n|turn|23\n|\n|t:|1781386893\n|-terastallize|p2a: Latias|Steel\n|move|p1a: Tauros|Throat Chop|p2a: Latias\n|-crit|p2a: Latias\n|-damage|p2a: Latias|0 fnt\n|faint|p2a: Latias\n|\n|upkeep\n|\n|t:|1781386899\n|switch|p2a: Spiritomb|Spiritomb, L89, M|75/234\n|turn|24\n|\n|t:|1781386903\n|move|p2a: Spiritomb|Sucker Punch|p1a: Tauros\n|-damage|p1a: Tauros|159/257\n|move|p1a: Tauros|Earthquake|p2a: Spiritomb\n|-damage|p2a: Spiritomb|0 fnt\n|faint|p2a: Spiritomb\n|-damage|p1a: Tauros|134/257|[from] item: Life Orb\n|\n|upkeep\n|\n|t:|1781386907\n|switch|p2a: Thundurus|Thundurus, L80, M|258/258\n|turn|25\n|\n|t:|1781386913\n|move|p1a: Tauros|Body Slam|p2a: Thundurus\n|-damage|p2a: Thundurus|79/258\n|move|p2a: Thundurus|Grass Knot|p1a: Tauros\n|-supereffective|p1a: Tauros\n|-damage|p1a: Tauros|0 fnt\n|faint|p1a: Tauros\n|\n|win|Muk Muk Goodra\n|raw|mfcorrea11's rating: 1971 &rarr; <strong>1954</strong><br />(-17 for losing)\n|raw|Muk Muk Goodra's rating: 2026 &rarr; <strong>2043</strong><br />(+17 for winning)\n", "inputlog": ">version a8376a258c1d4662feba110a92103f3664a72141\n>start {\"formatid\":\"gen9randombattle\",\"seed\":\"sodium,e2cce1d33a7377685d99ae3c0faecbd0\",\"rated\":\"Rated battle\"}\n>player p1 {\"name\":\"mfcorrea11\",\"avatar\":\"169\",\"rating\":1971,\"seed\":\"sodium,25eae3903f5e05660ee9eef9fa13ed94\"}\n>player p2 {\"name\":\"Muk Muk Goodra\",\"avatar\":\"dawn\",\"rating\":2026,\"seed\":\"sodium,8c5d5c3695da93b234cb3c899890073f\"}\n>p1 move nastyplot\n>p2 move icespinner\n>p1 move surf\n>p2 move icespinner\n>p1 move surf\n>p2 move icespinner\n>p2 switch 3\n>p1 switch 2\n>p2 move rapidspin\n>p1 move willowisp\n>p2 move voltswitch\n>p2 switch 6\n>p1 move willowisp\n>p2 move willowisp\n>p1 move willowisp\n>p2 switch 2\n>p1 move blizzard\n>p2 move calmmind\n>p1 move nastyplot\n>p2 move strengthsap\n>p1 move thunderbolt\n>p2 move shadowball\n>p2 switch 6\n>p1 move willowisp\n>p2 move rapidspin\n>p1 switch 4\n>p1 move earthquake terastallize\n>p2 move voltswitch\n>p2 switch 2\n>p1 switch 6\n>p2 move willowisp\n>p1 move fireblast\n>p2 move poltergeist\n>p1 move fireblast\n>p2 move poltergeist\n>p1 switch 2\n>p1 move dracometeor\n>p2 move suckerpunch\n>p1 switch 5\n>p1 move dazzlinggleam\n>p2 move poltergeist\n>p1 switch 3\n>p1 move calmmind\n>p2 switch 5\n>p1 move calmmind\n>p2 move psyshock\n>p1 move terablast\n>p2 move psyshock\n>p1 move terablast\n>p2 move recover\n>p1 move terablast\n>p2 move psyshock\n>p1 switch 6\n>p1 move throatchop\n>p2 move psyshock terastallize\n>p2 switch 5\n>p1 move earthquake\n>p2 move suckerpunch\n>p2 switch 4\n>p1 move bodyslam\n>p2 move grassknot", "uploadtime": 1781386519, "views": 8, "formatid": "gen9randombattle", "rating": 1954, "private": 0, "password": null}