{"id": "gen9randombattle-2631436902", "format": "[Gen 9] Random Battle", "players": ["PRANAV_306", "xxrhodzxx"], "log": "|j|\u2606PRANAV_306\n|j|\u2606xxrhodzxx\n|t:|1781384515\n|gametype|singles\n|player|p1|PRANAV_306|169|1470\n|player|p2|xxrhodzxx|guitarist|1461\n|gen|9\n|tier|[Gen 9] Random Battle\n|rated|\n|rule|Species Clause: Limit one of each Pok\u00e9mon\n|rule|HP Percentage Mod: HP is shown in percentages\n|rule|Sleep Clause Mod: Limit one foe put to sleep\n|rule|Illusion Level Mod: Illusion disguises the Pok\u00e9mon's true level\n|\n|t:|1781384515\n|teamsize|p1|6\n|teamsize|p2|6\n|start\n|switch|p1a: Wugtrio|Wugtrio, L91, M|212/212\n|switch|p2a: Dipplin|Dipplin, L88, F|284/284\n|turn|1\n|inactive|Battle timer is ON: inactive players will automatically lose when time's up. (requested by xxrhodzxx)\n|inactive|PRANAV_306 has 120 seconds left.\n|\n|t:|1781384553\n|switch|p1a: Banette|Banette, L93, F|270/270\n|move|p2a: Dipplin|Giga Drain|p1a: Banette\n|-damage|p1a: Banette|174/270\n|-start|p2a: Dipplin|Disable|Giga Drain|[from] ability: Cursed Body|[of] p1a: Banette\n|\n|upkeep\n|turn|2\n|\n|t:|1781384563\n|move|p1a: Banette|Gunk Shot|p2a: Dipplin\n|-supereffective|p2a: Dipplin\n|-damage|p2a: Dipplin|123/284\n|-damage|p1a: Banette|147/270|[from] item: Life Orb\n|move|p2a: Dipplin|Dragon Pulse|p1a: Banette\n|-damage|p1a: Banette|35/270\n|\n|upkeep\n|turn|3\n|\n|t:|1781384570\n|move|p2a: Dipplin|Sucker Punch|p1a: Banette\n|-supereffective|p1a: Banette\n|-damage|p1a: Banette|0 fnt\n|faint|p1a: Banette\n|\n|upkeep\n|\n|t:|1781384573\n|switch|p1a: Appletun|Appletun, L92, M|352/352\n|turn|4\n|\n|t:|1781384578\n|move|p2a: Dipplin|Recover|p2a: Dipplin\n|-heal|p2a: Dipplin|265/284\n|move|p1a: Appletun|Dragon Pulse|p2a: Dipplin\n|-supereffective|p2a: Dipplin\n|-damage|p2a: Dipplin|127/284\n|\n|-end|p2a: Dipplin|Disable\n|upkeep\n|turn|5\n|\n|t:|1781384587\n|move|p2a: Dipplin|Recover|p2a: Dipplin\n|-heal|p2a: Dipplin|269/284\n|move|p1a: Appletun|Dragon Pulse|p2a: Dipplin\n|-supereffective|p2a: Dipplin\n|-damage|p2a: Dipplin|117/284\n|\n|upkeep\n|turn|6\n|\n|t:|1781384593\n|move|p2a: Dipplin|Recover|p2a: Dipplin\n|-heal|p2a: Dipplin|259/284\n|move|p1a: Appletun|Dragon Pulse|p2a: Dipplin\n|-supereffective|p2a: Dipplin\n|-damage|p2a: Dipplin|107/284\n|\n|upkeep\n|turn|7\n|\n|t:|1781384598\n|move|p2a: Dipplin|Dragon Pulse|p1a: Appletun\n|-supereffective|p1a: Appletun\n|-damage|p1a: Appletun|152/352\n|move|p1a: Appletun|Dragon Pulse|p2a: Dipplin\n|-supereffective|p2a: Dipplin\n|-damage|p2a: Dipplin|0 fnt\n|faint|p2a: Dipplin\n|\n|-heal|p1a: Appletun|174/352|[from] item: Leftovers\n|upkeep\n|\n|t:|1781384607\n|switch|p2a: Leavanny|Leavanny, L86, F|269/269\n|turn|8\n|\n|t:|1781384616\n|switch|p1a: Emboar|Emboar, L84, M|322/322\n|move|p2a: Leavanny|Sticky Web|p1a: Emboar\n|-sidestart|p1: PRANAV_306|move: Sticky Web\n|\n|upkeep\n|turn|9\n|\n|t:|1781384624\n|switch|p2a: Swanna|Swanna, L89, F|278/278\n|move|p1a: Emboar|Knock Off|p2a: Swanna\n|-damage|p2a: Swanna|178/278\n|-enditem|p2a: Swanna|Heavy-Duty Boots|[from] move: Knock Off|[of] p1a: Emboar\n|\n|upkeep\n|turn|10\n|\n|t:|1781384632\n|move|p2a: Swanna|Hydro Pump|p1a: Emboar\n|-supereffective|p1a: Emboar\n|-damage|p1a: Emboar|124/322\n|move|p1a: Emboar|Wild Charge|p2a: Swanna\n|-supereffective|p2a: Swanna\n|-damage|p2a: Swanna|0 fnt\n|faint|p2a: Swanna\n|-damage|p1a: Emboar|79/322|[from] Recoil\n|\n|upkeep\n|\n|t:|1781384642\n|switch|p2a: Leavanny|Leavanny, L86, F|269/269\n|turn|11\n|\n|t:|1781384650\n|move|p2a: Leavanny|Leaf Blade|p1a: Emboar\n|-resisted|p1a: Emboar\n|-damage|p1a: Emboar|8/322\n|move|p1a: Emboar|Flare Blitz|p2a: Leavanny\n|-supereffective|p2a: Leavanny\n|-damage|p2a: Leavanny|0 fnt\n|faint|p2a: Leavanny\n|-damage|p1a: Emboar|0 fnt|[from] Recoil\n|faint|p1a: Emboar\n|\n|upkeep\n|\n|t:|1781384661\n|switch|p2a: Thundurus|Thundurus-Therian, L80, M|258/258\n|switch|p1a: Appletun|Appletun, L92, M|174/352\n|-activate|p1a: Appletun|move: Sticky Web\n|-unboost|p1a: Appletun|spe|1\n|turn|12\n|\n|t:|1781384681\n|switch|p1a: Arceus|Arceus-Ground, L70|284/284\n|-activate|p1a: Arceus|move: Sticky Web\n|-unboost|p1a: Arceus|spe|1\n|move|p2a: Thundurus|Sludge Wave|p1a: Arceus\n|-resisted|p1a: Arceus\n|-damage|p1a: Arceus|241/284\n|\n|upkeep\n|turn|13\n|\n|t:|1781384692\n|-terastallize|p1a: Arceus|Steel\n|move|p2a: Thundurus|Grass Knot|p1a: Arceus\n|-resisted|p1a: Arceus\n|-damage|p1a: Arceus|193/284\n|move|p1a: Arceus|Dragon Dance|p1a: Arceus\n|-boost|p1a: Arceus|atk|1\n|-boost|p1a: Arceus|spe|1\n|\n|upkeep\n|turn|14\n|\n|t:|1781384697\n|move|p1a: Arceus|Dragon Dance|p1a: Arceus\n|-boost|p1a: Arceus|atk|1\n|-boost|p1a: Arceus|spe|1\n|move|p2a: Thundurus|Thunderbolt|p1a: Arceus\n|-damage|p1a: Arceus|76/284\n|\n|upkeep\n|turn|15\n|\n|t:|1781384703\n|move|p1a: Arceus|Stone Edge|p2a: Thundurus\n|-supereffective|p2a: Thundurus\n|-crit|p2a: Thundurus\n|-damage|p2a: Thundurus|0 fnt\n|faint|p2a: Thundurus\n|\n|upkeep\n|\n|t:|1781384710\n|switch|p2a: Hitmontop|Hitmontop, L88, M|231/231\n|-ability|p2a: Hitmontop|Intimidate|boost\n|-unboost|p1a: Arceus|atk|1\n|turn|16\n|\n|t:|1781384721\n|move|p1a: Arceus|Earthquake|p2a: Hitmontop\n|-damage|p2a: Hitmontop|78/231\n|move|p2a: Hitmontop|Earthquake|p1a: Arceus\n|-supereffective|p1a: Arceus\n|-damage|p1a: Arceus|0 fnt\n|faint|p1a: Arceus\n|\n|upkeep\n|\n|t:|1781384725\n|switch|p1a: Appletun|Appletun, L92, M|174/352\n|-activate|p1a: Appletun|move: Sticky Web\n|-unboost|p1a: Appletun|spe|1\n|turn|17\n|\n|t:|1781384737\n|move|p2a: Hitmontop|Close Combat|p1a: Appletun\n|-damage|p1a: Appletun|30/352\n|-unboost|p2a: Hitmontop|def|1\n|-unboost|p2a: Hitmontop|spd|1\n|move|p1a: Appletun|Recover|p1a: Appletun\n|-heal|p1a: Appletun|206/352\n|\n|-heal|p1a: Appletun|228/352|[from] item: Leftovers\n|upkeep\n|turn|18\n|\n|t:|1781384753\n|move|p2a: Hitmontop|Close Combat|p1a: Appletun\n|-damage|p1a: Appletun|98/352\n|-unboost|p2a: Hitmontop|def|1\n|-unboost|p2a: Hitmontop|spd|1\n|move|p1a: Appletun|Recover|p1a: Appletun\n|-heal|p1a: Appletun|274/352\n|\n|-heal|p1a: Appletun|296/352|[from] item: Leftovers\n|upkeep\n|turn|19\n|\n|t:|1781384759\n|move|p2a: Hitmontop|Close Combat|p1a: Appletun\n|-damage|p1a: Appletun|160/352\n|-unboost|p2a: Hitmontop|def|1\n|-unboost|p2a: Hitmontop|spd|1\n|move|p1a: Appletun|Apple Acid|p2a: Hitmontop\n|-damage|p2a: Hitmontop|0 fnt\n|faint|p2a: Hitmontop\n|\n|-heal|p1a: Appletun|182/352|[from] item: Leftovers\n|upkeep\n|\n|t:|1781384763\n|switch|p2a: Mewtwo|Mewtwo, L72|272/272\n|-ability|p2a: Mewtwo|Pressure\n|turn|20\n|\n|t:|1781384772\n|move|p2a: Mewtwo|Psystrike|p1a: Appletun\n|-damage|p1a: Appletun|38/352\n|-damage|p2a: Mewtwo|245/272|[from] item: Life Orb\n|move|p1a: Appletun|Apple Acid|p2a: Mewtwo\n|-damage|p2a: Mewtwo|133/272\n|-unboost|p2a: Mewtwo|spd|1\n|\n|-heal|p1a: Appletun|60/352|[from] item: Leftovers\n|upkeep\n|turn|21\n|-message|xxrhodzxx forfeited.\n|\n|win|PRANAV_306\n|raw|PRANAV_306's rating: 1470 &rarr; <strong>1489</strong><br />(+19 for winning)\n|raw|xxrhodzxx's rating: 1461 &rarr; <strong>1442</strong><br />(-19 for losing)\n|l|\u2606xxrhodzxx\n|player|p2|\n", "inputlog": ">version a8376a258c1d4662feba110a92103f3664a72141\n>start {\"formatid\":\"gen9randombattle\",\"seed\":\"sodium,920b41b0de93d9b743091362e5bee74b\",\"rated\":\"Rated battle\"}\n>player p1 {\"name\":\"PRANAV_306\",\"avatar\":\"169\",\"rating\":1470,\"seed\":\"sodium,b1ad807fdc5a25379e2b55fb3154535d\"}\n>player p2 {\"name\":\"xxrhodzxx\",\"avatar\":\"guitarist\",\"rating\":1461,\"seed\":\"sodium,00e01590777ba1bf5899337ea8032421\"}\n>p1 switch 3\n>p2 move gigadrain\n>p1 move gunkshot\n>p2 move dragonpulse\n>p1 move gunkshot\n>p2 move suckerpunch\n>p1 switch 2\n>p1 move dragonpulse\n>p2 move recover\n>p1 move dragonpulse\n>p2 move recover\n>p1 move dragonpulse\n>p2 move recover\n>p1 move dragonpulse\n>p2 move dragonpulse\n>p2 switch 3\n>p1 switch 6\n>p2 move stickyweb\n>p1 move knockoff\n>p2 switch 4\n>p1 move wildcharge\n>p2 move hydropump\n>p2 switch 4\n>p1 move flareblitz\n>p2 move leafblade\n>p1 switch 6\n>p2 switch 6\n>p1 switch 5\n>p2 move sludgewave\n>p1 move dragondance terastallize\n>p2 move grassknot\n>p1 move dragondance\n>p2 move thunderbolt\n>p1 move stoneedge\n>p2 move thunderbolt\n>p2 switch 2\n>p1 move earthquake\n>p2 move earthquake\n>p1 switch 5\n>p1 move recover\n>p2 move closecombat\n>p1 move recover\n>p2 move closecombat\n>p1 move appleacid\n>p2 move closecombat\n>p2 switch 5\n>p1 move appleacid\n>p2 move psystrike\n>forcelose p2", "uploadtime": 1781384783, "views": 8, "formatid": "gen9randombattle", "rating": 1442, "private": 0, "password": null}