{"id": "gen9randombattle-2631751158", "format": "[Gen 9] Random Battle", "players": ["Tuki VN", "titofer"], "log": "|j|\u2606Tuki VN\n|j|\u2606titofer\n|t:|1781433736\n|gametype|singles\n|player|p1|Tuki VN|lance-gen1rb|2030\n|player|p2|titofer|266|1995\n|gen|9\n|tier|[Gen 9] Random Battle\n|rated|\n|rule|Species Clause: Limit one of each Pok\u00e9mon\n|rule|HP Percentage Mod: HP is shown in percentages\n|rule|Sleep Clause Mod: Limit one foe put to sleep\n|rule|Illusion Level Mod: Illusion disguises the Pok\u00e9mon's true level\n|\n|t:|1781433736\n|teamsize|p1|6\n|teamsize|p2|6\n|start\n|switch|p1a: Chimecho|Chimecho, L93, F|290/290\n|switch|p2a: Dusknoir|Dusknoir, L89, M|225/225\n|-item|p1a: Chimecho|Leftovers|[from] ability: Frisk|[of] p2a: Dusknoir\n|turn|1\n|\n|t:|1781433757\n|switch|p1a: Meloetta|Meloetta, L82|298/298\n|move|p2a: Dusknoir|Substitute|p2a: Dusknoir\n|-start|p2a: Dusknoir|Substitute\n|-damage|p2a: Dusknoir|169/225\n|\n|-heal|p2a: Dusknoir|183/225|[from] item: Leftovers\n|upkeep\n|turn|2\n|\n|t:|1781433767\n|-singleturn|p2a: Dusknoir|move: Focus Punch\n|move|p1a: Meloetta|Triple Axel|p2a: Dusknoir\n|-activate|p2a: Dusknoir|move: Substitute|[damage]\n|-hitcount|p2a: Dusknoir|1\n|-damage|p1a: Meloetta|269/298|[from] item: Life Orb\n|move|p2a: Dusknoir|Focus Punch|p1a: Meloetta\n|-damage|p1a: Meloetta|126/298\n|\n|-heal|p2a: Dusknoir|197/225|[from] item: Leftovers\n|upkeep\n|turn|3\n|\n|t:|1781433778\n|move|p1a: Meloetta|Triple Axel|p2a: Dusknoir\n|-activate|p2a: Dusknoir|move: Substitute|[damage]\n|-activate|p2a: Dusknoir|move: Substitute|[damage]\n|-crit|p2a: Dusknoir\n|-end|p2a: Dusknoir|Substitute\n|-hitcount|p2a: Dusknoir|3\n|-damage|p1a: Meloetta|97/298|[from] item: Life Orb\n|move|p2a: Dusknoir|Substitute|p2a: Dusknoir\n|-start|p2a: Dusknoir|Substitute\n|-damage|p2a: Dusknoir|141/225\n|\n|-heal|p2a: Dusknoir|155/225|[from] item: Leftovers\n|upkeep\n|turn|4\n|\n|t:|1781433784\n|-singleturn|p2a: Dusknoir|move: Focus Punch\n|move|p1a: Meloetta|Triple Axel|p2a: Dusknoir\n|-activate|p2a: Dusknoir|move: Substitute|[damage]\n|-activate|p2a: Dusknoir|move: Substitute|[damage]\n|-end|p2a: Dusknoir|Substitute\n|-hitcount|p2a: Dusknoir|3\n|-damage|p1a: Meloetta|68/298|[from] item: Life Orb\n|move|p2a: Dusknoir|Focus Punch|p1a: Meloetta\n|-damage|p1a: Meloetta|0 fnt\n|faint|p1a: Meloetta\n|\n|-heal|p2a: Dusknoir|169/225|[from] item: Leftovers\n|upkeep\n|\n|t:|1781433802\n|switch|p1a: Phione|Phione, L91|293/293\n|turn|5\n|\n|t:|1781433811\n|move|p1a: Phione|Scald|p2a: Dusknoir\n|-damage|p2a: Dusknoir|115/225\n|move|p2a: Dusknoir|Poltergeist|p1a: Phione\n|-activate|p1a: Phione|move: Poltergeist|Leftovers\n|-damage|p1a: Phione|167/293\n|\n|-heal|p1a: Phione|185/293|[from] item: Leftovers\n|-heal|p2a: Dusknoir|129/225|[from] item: Leftovers\n|upkeep\n|turn|6\n|\n|t:|1781433815\n|switch|p2a: Shiftry|Shiftry, L89, F|305/305\n|move|p1a: Phione|Scald|p2a: Shiftry\n|-resisted|p2a: Shiftry\n|-damage|p2a: Shiftry|256/305\n|\n|-heal|p1a: Phione|203/293|[from] item: Leftovers\n|upkeep\n|turn|7\n|\n|t:|1781433826\n|move|p1a: Phione|Ice Beam|p2a: Shiftry\n|-supereffective|p2a: Shiftry\n|-damage|p2a: Shiftry|106/305\n|move|p2a: Shiftry|Tailwind|p2a: Shiftry\n|-sidestart|p2: titofer|move: Tailwind\n|-ability|p2a: Shiftry|Wind Rider|boost\n|-boost|p2a: Shiftry|atk|1\n|\n|-heal|p1a: Phione|221/293|[from] item: Leftovers\n|upkeep\n|turn|8\n|\n|t:|1781433835\n|switch|p1a: Arceus|Arceus-Poison, L70|284/284\n|move|p2a: Shiftry|Leaf Blade|p1a: Arceus\n|-resisted|p1a: Arceus\n|-damage|p1a: Arceus|184/284\n|-damage|p2a: Shiftry|76/305|[from] item: Life Orb\n|\n|upkeep\n|turn|9\n|\n|t:|1781433848\n|switch|p2a: Dusknoir|Dusknoir, L89, M|129/225\n|-item|p1a: Arceus|Toxic Plate|[from] ability: Frisk|[of] p2a: Dusknoir\n|move|p1a: Arceus|Gunk Shot|p2a: Dusknoir\n|-resisted|p2a: Dusknoir\n|-damage|p2a: Dusknoir|87/225\n|-status|p2a: Dusknoir|psn\n|\n|-heal|p2a: Dusknoir|101/225 psn|[from] item: Leftovers\n|-damage|p2a: Dusknoir|73/225 psn|[from] psn\n|upkeep\n|turn|10\n|\n|t:|1781433856\n|switch|p1a: Phione|Phione, L91|221/293\n|move|p2a: Dusknoir|Poltergeist|p1a: Phione\n|-activate|p1a: Phione|move: Poltergeist|Leftovers\n|-crit|p1a: Phione\n|-damage|p1a: Phione|5/293\n|\n|-heal|p2a: Dusknoir|87/225 psn|[from] item: Leftovers\n|-heal|p1a: Phione|23/293|[from] item: Leftovers\n|-damage|p2a: Dusknoir|59/225 psn|[from] psn\n|-sideend|p2: titofer|move: Tailwind\n|upkeep\n|turn|11\n|\n|t:|1781433863\n|move|p1a: Phione|Scald|p2a: Dusknoir\n|-damage|p2a: Dusknoir|0 fnt\n|faint|p2a: Dusknoir\n|\n|-heal|p1a: Phione|41/293|[from] item: Leftovers\n|upkeep\n|\n|t:|1781433868\n|switch|p2a: Regieleki|Regieleki, L79|256/256\n|turn|12\n|\n|t:|1781433872\n|move|p2a: Regieleki|Volt Switch|p1a: Phione\n|-supereffective|p1a: Phione\n|-damage|p1a: Phione|0 fnt\n|faint|p1a: Phione\n|\n|t:|1781433884\n|switch|p2a: Sceptile|Sceptile, L87, M|264/264|[from] Volt Switch\n|\n|upkeep\n|\n|t:|1781433899\n|switch|p1a: Glastrier|Glastrier, L86|311/311\n|turn|13\n|\n|t:|1781433902\n|move|p2a: Sceptile|Shed Tail|p2a: Sceptile\n|-start|p2a: Sceptile|Substitute|[from] move: Shed Tail\n|-damage|p2a: Sceptile|132/264\n|\n|t:|1781433906\n|switch|p2a: Golem|Golem-Alola, L93, F|300/300|[from] Shed Tail\n|move|p1a: Glastrier|Icicle Crash|p2a: Golem|[miss]\n|-miss|p1a: Glastrier|p2a: Golem\n|\n|upkeep\n|turn|14\n|\n|t:|1781433919\n|move|p2a: Golem|Double-Edge|p1a: Glastrier\n|-damage|p1a: Glastrier|59/311\n|-damage|p2a: Golem|217/300|[from] Recoil\n|move|p1a: Glastrier|Icicle Crash|p2a: Golem\n|-end|p2a: Golem|Substitute\n|\n|upkeep\n|turn|15\n|\n|t:|1781433925\n|move|p2a: Golem|Double-Edge|p1a: Glastrier\n|-damage|p1a: Glastrier|0 fnt\n|faint|p1a: Glastrier\n|-damage|p2a: Golem|198/300|[from] Recoil\n|\n|upkeep\n|\n|t:|1781433930\n|switch|p1a: Misdreavus|Misdreavus, L90, M|254/254\n|turn|16\n|\n|t:|1781433945\n|switch|p2a: Shiftry|Shiftry, L89, F|76/305\n|move|p1a: Misdreavus|Will-O-Wisp|p2a: Shiftry\n|-status|p2a: Shiftry|brn\n|\n|-damage|p2a: Shiftry|57/305 brn|[from] brn\n|upkeep\n|turn|17\n|\n|t:|1781433954\n|switch|p1a: Arceus|Arceus-Poison, L70|184/284\n|move|p2a: Shiftry|Knock Off|p1a: Arceus\n|-damage|p1a: Arceus|135/284\n|-damage|p2a: Shiftry|27/305 brn|[from] item: Life Orb\n|\n|-damage|p2a: Shiftry|8/305 brn|[from] brn\n|upkeep\n|turn|18\n|\n|t:|1781433957\n|move|p1a: Arceus|Dragon Dance|p1a: Arceus\n|-boost|p1a: Arceus|atk|1\n|-boost|p1a: Arceus|spe|1\n|move|p2a: Shiftry|Tailwind|p2a: Shiftry\n|-sidestart|p2: titofer|move: Tailwind\n|-ability|p2a: Shiftry|Wind Rider|boost\n|-boost|p2a: Shiftry|atk|1\n|\n|-damage|p2a: Shiftry|0 fnt|[from] brn\n|faint|p2a: Shiftry\n|upkeep\n|\n|t:|1781433964\n|switch|p2a: Regieleki|Regieleki, L79|256/256\n|turn|19\n|\n|t:|1781433970\n|-terastallize|p2a: Regieleki|Electric\n|-terastallize|p1a: Arceus|Ground\n|move|p2a: Regieleki|Thunderbolt|p1a: Arceus\n|-immune|p1a: Arceus\n|move|p1a: Arceus|Earthquake|p2a: Regieleki\n|-supereffective|p2a: Regieleki\n|-damage|p2a: Regieleki|0 fnt\n|faint|p2a: Regieleki\n|\n|upkeep\n|\n|t:|1781433975\n|switch|p2a: Sceptile|Sceptile, L87, M|132/264\n|turn|20\n|\n|t:|1781433980\n|switch|p1a: Chimecho|Chimecho, L93, F|290/290\n|move|p2a: Sceptile|Giga Drain|p1a: Chimecho\n|-damage|p1a: Chimecho|189/290\n|-heal|p2a: Sceptile|183/264|[from] drain|[of] p1a: Chimecho\n|-damage|p2a: Sceptile|157/264|[from] item: Life Orb\n|\n|-heal|p1a: Chimecho|207/290|[from] item: Leftovers\n|upkeep\n|turn|21\n|\n|t:|1781433985\n|move|p2a: Sceptile|Shed Tail|p2a: Sceptile\n|-start|p2a: Sceptile|Substitute|[from] move: Shed Tail\n|-damage|p2a: Sceptile|25/264\n|\n|t:|1781433987\n|switch|p2a: Golem|Golem-Alola, L93, F|198/300|[from] Shed Tail\n|move|p1a: Chimecho|Psychic Noise|p2a: Golem\n|-damage|p2a: Golem|86/300\n|-start|p2a: Golem|move: Heal Block\n|\n|-heal|p1a: Chimecho|225/290|[from] item: Leftovers\n|-sideend|p2: titofer|move: Tailwind\n|upkeep\n|turn|22\n|\n|t:|1781433992\n|move|p1a: Chimecho|Psychic Noise|p2a: Golem\n|-damage|p2a: Golem|0 fnt\n|faint|p2a: Golem\n|\n|-heal|p1a: Chimecho|243/290|[from] item: Leftovers\n|upkeep\n|\n|t:|1781433994\n|switch|p2a: Falinks|Falinks, L84|246/246\n|turn|23\n|\n|t:|1781434000\n|move|p2a: Falinks|No Retreat|p2a: Falinks\n|-boost|p2a: Falinks|atk|1\n|-boost|p2a: Falinks|def|1\n|-boost|p2a: Falinks|spa|1\n|-boost|p2a: Falinks|spd|1\n|-boost|p2a: Falinks|spe|1\n|-start|p2a: Falinks|move: No Retreat\n|move|p1a: Chimecho|Knock Off|p2a: Falinks\n|-resisted|p2a: Falinks\n|-damage|p2a: Falinks|230/246\n|-enditem|p2a: Falinks|Life Orb|[from] move: Knock Off|[of] p1a: Chimecho\n|\n|-heal|p1a: Chimecho|261/290|[from] item: Leftovers\n|upkeep\n|turn|24\n|\n|t:|1781434006\n|move|p2a: Falinks|Knock Off|p1a: Chimecho\n|-supereffective|p1a: Chimecho\n|-damage|p1a: Chimecho|63/290\n|-enditem|p1a: Chimecho|Leftovers|[from] move: Knock Off|[of] p2a: Falinks\n|move|p1a: Chimecho|Psychic Noise|p2a: Falinks\n|-supereffective|p2a: Falinks\n|-damage|p2a: Falinks|48/246\n|-start|p2a: Falinks|move: Heal Block\n|\n|upkeep\n|turn|25\n|\n|t:|1781434010\n|move|p2a: Falinks|Knock Off|p1a: Chimecho\n|-supereffective|p1a: Chimecho\n|-damage|p1a: Chimecho|0 fnt\n|faint|p1a: Chimecho\n|\n|-end|p2a: Falinks|move: Heal Block\n|upkeep\n|\n|t:|1781434013\n|switch|p1a: Misdreavus|Misdreavus, L90, M|254/254\n|turn|26\n|\n|t:|1781434034\n|move|p2a: Falinks|Knock Off|p1a: Misdreavus\n|-supereffective|p1a: Misdreavus\n|-damage|p1a: Misdreavus|82/254\n|-enditem|p1a: Misdreavus|Eviolite|[from] move: Knock Off|[of] p2a: Falinks\n|move|p1a: Misdreavus|Draining Kiss|p2a: Falinks\n|-supereffective|p2a: Falinks\n|-damage|p2a: Falinks|0 fnt\n|-heal|p1a: Misdreavus|118/254|[from] drain|[of] p2a: Falinks\n|faint|p2a: Falinks\n|\n|upkeep\n|\n|t:|1781434037\n|switch|p2a: Sceptile|Sceptile, L87, M|25/264\n|turn|27\n|\n|t:|1781434040\n|move|p2a: Sceptile|Giga Drain|p1a: Misdreavus\n|-damage|p1a: Misdreavus|0 fnt\n|-heal|p2a: Sceptile|84/264|[from] drain|[of] p1a: Misdreavus\n|faint|p1a: Misdreavus\n|-damage|p2a: Sceptile|58/264|[from] item: Life Orb\n|\n|upkeep\n|\n|t:|1781434042\n|switch|p1a: Arceus|Arceus-Poison, L70, tera:Ground|135/284\n|turn|28\n|\n|t:|1781434046\n|move|p2a: Sceptile|Giga Drain|p1a: Arceus\n|-supereffective|p1a: Arceus\n|-damage|p1a: Arceus|0 fnt\n|-heal|p2a: Sceptile|126/264|[from] drain|[of] p1a: Arceus\n|faint|p1a: Arceus\n|-damage|p2a: Sceptile|100/264|[from] item: Life Orb\n|\n|win|titofer\n", "inputlog": ">version a8376a258c1d4662feba110a92103f3664a72141\n>start {\"formatid\":\"gen9randombattle\",\"seed\":\"sodium,07c6715ac290ad7926455609728249e5\",\"rated\":\"Rated battle\"}\n>player p1 {\"name\":\"Tuki VN\",\"avatar\":\"lance-gen1rb\",\"rating\":2030,\"seed\":\"sodium,190c8cc34baec48c3e639a636ddf326d\"}\n>player p2 {\"name\":\"titofer\",\"avatar\":\"266\",\"rating\":1995,\"seed\":\"sodium,ed33ca761ca74f1c4bd24106d344bf79\"}\n>p1 switch 3\n>p2 move substitute\n>p1 move tripleaxel\n>p2 move focuspunch\n>p1 move tripleaxel\n>p2 move substitute\n>p1 move tripleaxel\n>p2 move focuspunch\n>p1 switch 2\n>p1 move scald\n>p2 move poltergeist\n>p1 move scald\n>p2 switch 3\n>p1 move icebeam\n>p2 move tailwind\n>p1 switch 6\n>p2 move leafblade\n>p1 move gunkshot\n>p2 switch 3\n>p1 switch 6\n>p2 move poltergeist\n>p1 move scald\n>p2 move poltergeist\n>p2 switch 2\n>p1 move scald\n>p2 move voltswitch\n>p2 switch 5\n>p1 switch 5\n>p1 move iciclecrash\n>p2 move shedtail\n>p2 switch 4\n>p1 move iciclecrash\n>p2 move doubleedge\n>p1 move iciclecrash\n>p2 move doubleedge\n>p1 switch 4\n>p1 move willowisp\n>p2 switch 3\n>p1 switch 6\n>p2 move knockoff\n>p1 move dragondance\n>p2 move tailwind\n>p2 switch 5\n>p1 move earthquake terastallize\n>p2 move thunderbolt terastallize\n>p2 switch 4\n>p1 switch 3\n>p2 move gigadrain\n>p1 move psychicnoise\n>p2 move shedtail\n>p2 switch 3\n>p1 move psychicnoise\n>p2 move doubleedge\n>p2 switch 6\n>p1 move knockoff\n>p2 move noretreat\n>p1 move psychicnoise\n>p2 move knockoff\n>p1 move psychicnoise\n>p2 move knockoff\n>p1 switch 6\n>p1 move drainingkiss\n>p2 move knockoff\n>p2 switch 3\n>p1 move drainingkiss\n>p2 move gigadrain\n>p1 switch 3\n>p1 move dragondance\n>p2 move gigadrain", "uploadtime": 1781433738, "views": 4, "formatid": "gen9randombattle", "rating": null, "private": 0, "password": null}