{"id": "gen9randombattle-2631792581", "format": "[Gen 9] Random Battle", "players": ["duuhhao", "ftaochaphet"], "log": "|j|\u2606duuhhao\n|j|\u2606ftaochaphet\n|t:|1781440409\n|gametype|singles\n|player|p1|duuhhao|clair|2217\n|player|p2|ftaochaphet|1|2167\n|gen|9\n|tier|[Gen 9] Random Battle\n|rated|\n|rule|Species Clause: Limit one of each Pok\u00e9mon\n|rule|HP Percentage Mod: HP is shown in percentages\n|rule|Sleep Clause Mod: Limit one foe put to sleep\n|rule|Illusion Level Mod: Illusion disguises the Pok\u00e9mon's true level\n|\n|t:|1781440409\n|teamsize|p1|6\n|teamsize|p2|6\n|start\n|switch|p1a: Luxray|Luxray, L88, F|283/283\n|switch|p2a: Giratina|Giratina, L75|349/349\n|-ability|p2a: Giratina|Pressure\n|turn|1\n|inactive|Battle timer is ON: inactive players will automatically lose when time's up. (requested by ftaochaphet)\n|\n|t:|1781440421\n|move|p2a: Giratina|Will-O-Wisp|p1a: Luxray\n|-status|p1a: Luxray|brn\n|move|p1a: Luxray|Play Rough|p2a: Giratina|[miss]\n|-miss|p1a: Luxray|p2a: Giratina\n|\n|-damage|p1a: Luxray|266/283 brn|[from] brn\n|upkeep\n|turn|2\n|\n|t:|1781440424\n|move|p2a: Giratina|Shadow Ball|p1a: Luxray\n|-damage|p1a: Luxray|197/283 brn\n|move|p1a: Luxray|Play Rough|p2a: Giratina\n|-supereffective|p2a: Giratina\n|-damage|p2a: Giratina|121/349\n|\n|-heal|p2a: Giratina|142/349|[from] item: Leftovers\n|-damage|p1a: Luxray|180/283 brn|[from] brn\n|upkeep\n|turn|3\n|\n|t:|1781440434\n|move|p2a: Giratina|Shadow Ball|p1a: Luxray\n|-damage|p1a: Luxray|104/283 brn\n|move|p1a: Luxray|Trailblaze|p2a: Giratina\n|-resisted|p2a: Giratina\n|-damage|p2a: Giratina|110/349\n|-boost|p1a: Luxray|spe|1\n|\n|-heal|p2a: Giratina|131/349|[from] item: Leftovers\n|-damage|p1a: Luxray|87/283 brn|[from] brn\n|upkeep\n|turn|4\n|\n|t:|1781440435\n|move|p1a: Luxray|Play Rough|p2a: Giratina\n|-supereffective|p2a: Giratina\n|-damage|p2a: Giratina|0 fnt\n|faint|p2a: Giratina\n|\n|-damage|p1a: Luxray|70/283 brn|[from] brn\n|upkeep\n|inactive|ftaochaphet has 120 seconds left.\n|\n|t:|1781440482\n|switch|p2a: Palkia|Palkia, L75|259/259\n|-ability|p2a: Palkia|Pressure\n|turn|5\n|\n|t:|1781440487\n|move|p1a: Luxray|Play Rough|p2a: Palkia\n|-supereffective|p2a: Palkia\n|-damage|p2a: Palkia|0 fnt\n|faint|p2a: Palkia\n|\n|-damage|p1a: Luxray|53/283 brn|[from] brn\n|upkeep\n|inactive|ftaochaphet has 120 seconds left.\n|\n|t:|1781440516\n|switch|p2a: Ariados|Ariados, L95, F|287/287\n|turn|6\n|\n|t:|1781440520\n|move|p1a: Luxray|Supercell Slam|p2a: Ariados\n|-damage|p2a: Ariados|56/287\n|move|p2a: Ariados|Poison Jab|p1a: Luxray\n|-damage|p1a: Luxray|0 fnt\n|faint|p1a: Luxray\n|\n|upkeep\n|\n|t:|1781440534\n|switch|p1a: Politoed|Politoed, L88, F|302/302\n|-weather|RainDance|[from] ability: Drizzle|[of] p1a: Politoed\n|turn|7\n|inactive|ftaochaphet has 120 seconds left.\n|\n|t:|1781440541\n|switch|p2a: Sceptile|Sceptile, L87, F|264/264\n|move|p1a: Politoed|Surf|p2a: Sceptile\n|-resisted|p2a: Sceptile\n|-damage|p2a: Sceptile|195/264\n|\n|-weather|RainDance|[upkeep]\n|-heal|p2a: Sceptile|211/264|[from] item: Leftovers\n|upkeep\n|turn|8\n|\n|t:|1781440545\n|move|p2a: Sceptile|Leech Seed|p1a: Politoed|[miss]\n|-miss|p2a: Sceptile|p1a: Politoed\n|move|p1a: Politoed|Ice Beam|p2a: Sceptile\n|-supereffective|p2a: Sceptile\n|-damage|p2a: Sceptile|77/264\n|\n|-weather|RainDance|[upkeep]\n|-heal|p2a: Sceptile|93/264|[from] item: Leftovers\n|upkeep\n|turn|9\n|\n|t:|1781440551\n|switch|p1a: Pachirisu|Pachirisu, L96, M|271/271\n|move|p2a: Sceptile|Substitute|p2a: Sceptile\n|-start|p2a: Sceptile|Substitute\n|-damage|p2a: Sceptile|27/264\n|\n|-weather|RainDance|[upkeep]\n|-heal|p2a: Sceptile|43/264|[from] item: Leftovers\n|upkeep\n|turn|10\n|\n|t:|1781440554\n|move|p2a: Sceptile|Giga Drain|p1a: Pachirisu\n|-crit|p1a: Pachirisu\n|-damage|p1a: Pachirisu|150/271\n|-heal|p2a: Sceptile|104/264|[from] drain|[of] p1a: Pachirisu\n|move|p1a: Pachirisu|U-turn|p2a: Sceptile\n|-supereffective|p2a: Sceptile\n|-end|p2a: Sceptile|Substitute\n|\n|t:|1781440560\n|switch|p1a: Hatterene|Hatterene, L85, F|236/236|[from] U-turn\n|\n|-weather|RainDance|[upkeep]\n|-heal|p2a: Sceptile|120/264|[from] item: Leftovers\n|upkeep\n|turn|11\n|\n|t:|1781440573\n|switch|p2a: Ariados|Ariados, L95, F|56/287\n|move|p1a: Hatterene|Mystical Fire|p2a: Ariados\n|-supereffective|p2a: Ariados\n|-damage|p2a: Ariados|0 fnt\n|faint|p2a: Ariados\n|\n|-weather|none\n|upkeep\n|\n|t:|1781440575\n|switch|p2a: Golduck|Golduck, L90, F|290/290\n|-ability|p2a: Golduck|Cloud Nine\n|turn|12\n|\n|t:|1781440582\n|move|p2a: Golduck|Hydro Pump|p1a: Hatterene|[miss]\n|-miss|p2a: Golduck|p1a: Hatterene\n|move|p1a: Hatterene|Nuzzle|p2a: Golduck\n|-supereffective|p2a: Golduck\n|-damage|p2a: Golduck|262/290\n|-status|p2a: Golduck|par\n|\n|upkeep\n|turn|13\n|\n|t:|1781440594\n|move|p2a: Golduck|Hydro Pump|p1a: Hatterene\n|-damage|p1a: Hatterene|121/236\n|move|p1a: Hatterene|Draining Kiss|p2a: Golduck\n|-damage|p2a: Golduck|192/290 par\n|-heal|p1a: Hatterene|174/236|[from] drain|[of] p2a: Golduck\n|\n|upkeep\n|turn|14\n|\n|t:|1781440601\n|switch|p1a: Politoed|Politoed, L88, F|302/302\n|-weather|RainDance|[from] ability: Drizzle|[of] p1a: Politoed\n|move|p2a: Golduck|Hydro Pump|p1a: Politoed\n|-resisted|p1a: Politoed\n|-damage|p1a: Politoed|210/302\n|\n|-weather|RainDance|[upkeep]\n|upkeep\n|turn|15\n|inactive|ftaochaphet has 120 seconds left.\n|\n|t:|1781440640\n|move|p1a: Politoed|Ice Beam|p2a: Golduck\n|-resisted|p2a: Golduck\n|-damage|p2a: Golduck|161/290 par\n|move|p2a: Golduck|Hydro Pump|p1a: Politoed\n|-resisted|p1a: Politoed\n|-damage|p1a: Politoed|124/302\n|\n|-weather|RainDance|[upkeep]\n|upkeep\n|turn|16\n|\n|t:|1781440643\n|move|p1a: Politoed|Surf|p2a: Golduck\n|-resisted|p2a: Golduck\n|-damage|p2a: Golduck|113/290 par\n|cant|p2a: Golduck|par\n|\n|-weather|RainDance|[upkeep]\n|upkeep\n|turn|17\n|\n|t:|1781440646\n|move|p1a: Politoed|Surf|p2a: Golduck\n|-resisted|p2a: Golduck\n|-damage|p2a: Golduck|59/290 par\n|move|p2a: Golduck|Hydro Pump|p1a: Politoed\n|-resisted|p1a: Politoed\n|-damage|p1a: Politoed|38/302\n|\n|-weather|RainDance|[upkeep]\n|upkeep\n|turn|18\n|\n|t:|1781440648\n|move|p1a: Politoed|Rest|p1a: Politoed\n|-status|p1a: Politoed|slp|[from] move: Rest\n|-heal|p1a: Politoed|302/302 slp|[silent]\n|-enditem|p1a: Politoed|Chesto Berry|[eat]\n|-curestatus|p1a: Politoed|slp|[msg]\n|move|p2a: Golduck|Hydro Pump|p1a: Politoed\n|-resisted|p1a: Politoed\n|-damage|p1a: Politoed|219/302\n|\n|-weather|none\n|upkeep\n|turn|19\n|\n|t:|1781440654\n|move|p1a: Politoed|Surf|p2a: Golduck\n|-resisted|p2a: Golduck\n|-damage|p2a: Golduck|9/290 par\n|move|p2a: Golduck|Hydro Pump|p1a: Politoed\n|-resisted|p1a: Politoed\n|-damage|p1a: Politoed|135/302\n|\n|upkeep\n|turn|20\n|\n|t:|1781440662\n|move|p1a: Politoed|Haze|p1a: Politoed\n|-clearallboost\n|cant|p2a: Golduck|par\n|\n|upkeep\n|turn|21\n|\n|t:|1781440670\n|move|p1a: Politoed|Ice Beam|p2a: Golduck\n|-resisted|p2a: Golduck\n|-damage|p2a: Golduck|0 fnt\n|faint|p2a: Golduck\n|\n|upkeep\n|\n|t:|1781440671\n|switch|p2a: Scovillain|Scovillain, L91, M|266/266\n|turn|22\n|\n|t:|1781440673\n|move|p2a: Scovillain|Sunny Day|p2a: Scovillain\n|-weather|SunnyDay\n|move|p1a: Politoed|Surf|p2a: Scovillain\n|-damage|p2a: Scovillain|208/266\n|\n|-weather|SunnyDay|[upkeep]\n|upkeep\n|turn|23\n|\n|t:|1781440686\n|move|p2a: Scovillain|Energy Ball|p1a: Politoed\n|-supereffective|p1a: Politoed\n|-damage|p1a: Politoed|0 fnt\n|faint|p1a: Politoed\n|\n|-weather|SunnyDay|[upkeep]\n|upkeep\n|\n|t:|1781440691\n|switch|p1a: Ditto|Ditto, L87|225/225\n|-transform|p1a: Ditto|p2a: Scovillain|[from] ability: Imposter\n|turn|24\n|\n|t:|1781440697\n|-terastallize|p2a: Scovillain|Fire\n|move|p1a: Ditto|Fire Blast|p2a: Scovillain\n|-resisted|p2a: Scovillain\n|-damage|p2a: Scovillain|79/266\n|move|p2a: Scovillain|Fire Blast|p1a: Ditto\n|-damage|p1a: Ditto|0 fnt\n|faint|p1a: Ditto\n|\n|-weather|SunnyDay|[upkeep]\n|upkeep\n|\n|t:|1781440710\n|switch|p1a: Palossand|Palossand, L89, F|296/296\n|turn|25\n|\n|t:|1781440729\n|switch|p1a: Pachirisu|Pachirisu, L96, M|150/271\n|move|p2a: Scovillain|Energy Ball|p1a: Pachirisu\n|-damage|p1a: Pachirisu|84/271\n|\n|-weather|SunnyDay|[upkeep]\n|upkeep\n|turn|26\n|\n|t:|1781440736\n|move|p2a: Scovillain|Fire Blast|p1a: Pachirisu\n|-damage|p1a: Pachirisu|0 fnt\n|faint|p1a: Pachirisu\n|\n|-weather|none\n|upkeep\n|\n|t:|1781440743\n|switch|p1a: Palossand|Palossand, L89, F|296/296\n|turn|27\n|inactive|ftaochaphet has 120 seconds left.\n|\n|t:|1781440776\n|-terastallize|p1a: Palossand|Poison\n|move|p2a: Scovillain|Energy Ball|p1a: Palossand\n|-resisted|p1a: Palossand\n|-damage|p1a: Palossand|233/296\n|move|p1a: Palossand|Earth Power|p2a: Scovillain\n|-supereffective|p2a: Scovillain\n|-damage|p2a: Scovillain|0 fnt\n|faint|p2a: Scovillain\n|\n|-heal|p1a: Palossand|251/296|[from] item: Leftovers\n|upkeep\n|\n|t:|1781440778\n|switch|p2a: Sceptile|Sceptile, L87, F|120/264\n|turn|28\n|\n|t:|1781440781\n|move|p2a: Sceptile|Leech Seed|p1a: Palossand\n|-start|p1a: Palossand|move: Leech Seed\n|move|p1a: Palossand|Sludge Bomb|p2a: Sceptile\n|-supereffective|p2a: Sceptile\n|-damage|p2a: Sceptile|0 fnt\n|faint|p2a: Sceptile\n|\n|win|duuhhao\n", "inputlog": ">version a8376a258c1d4662feba110a92103f3664a72141\n>start {\"formatid\":\"gen9randombattle\",\"seed\":\"sodium,0f00aa273680610cda2c679ca7ec337c\",\"rated\":\"Rated battle\"}\n>player p1 {\"name\":\"duuhhao\",\"avatar\":\"clair\",\"rating\":2217,\"seed\":\"sodium,4022a947e8b0f9b0ae873236caabaa11\"}\n>player p2 {\"name\":\"ftaochaphet\",\"avatar\":\"1\",\"rating\":2167,\"seed\":\"sodium,7cdbf24c646a4bd5173242e9f52f8b86\"}\n>p1 move playrough\n>p2 move willowisp\n>p1 move playrough\n>p2 move shadowball\n>p1 move trailblaze\n>p2 move shadowball\n>p1 move playrough\n>p2 move shadowball\n>p2 switch 3\n>p1 move playrough\n>p2 move spacialrend\n>p2 switch 2\n>p1 move supercellslam\n>p2 move poisonjab\n>p1 switch 3\n>p1 move surf\n>p2 switch 5\n>p1 move icebeam\n>p2 move leechseed\n>p1 switch 2\n>p2 move substitute\n>p1 move uturn\n>p2 move gigadrain\n>p1 switch 5\n>p1 move mysticalfire\n>p2 switch 5\n>p2 switch 4\n>p1 move nuzzle\n>p2 move hydropump\n>p1 move drainingkiss\n>p2 move hydropump\n>p1 switch 2\n>p2 move hydropump\n>p1 move icebeam\n>p2 move hydropump\n>p1 move surf\n>p2 move hydropump\n>p1 move surf\n>p2 move hydropump\n>p1 move rest\n>p2 move hydropump\n>p1 move surf\n>p2 move hydropump\n>p1 move haze\n>p2 move hydropump\n>p1 move icebeam\n>p2 move hydropump\n>p2 switch 6\n>p1 move surf\n>p2 move sunnyday\n>p1 move surf\n>p2 move energyball\n>p1 switch 6\n>p1 move fireblast\n>p2 move fireblast terastallize\n>p1 switch 4\n>p1 switch 5\n>p2 move energyball\n>p1 move uturn\n>p2 move fireblast\n>p1 switch 5\n>p1 move earthpower terastallize\n>p2 move energyball\n>p2 switch 5\n>p1 move sludgebomb\n>p2 move leechseed", "uploadtime": 1781440411, "views": 4, "formatid": "gen9randombattle", "rating": null, "private": 0, "password": null}