{"id": "gen9randombattle-2631914989", "format": "[Gen 9] Random Battle", "players": ["Knayrus", "cansermaro8"], "log": "|j|\u2606Knayrus\n|j|\u2606cansermaro8\n|t:|1781455157\n|gametype|singles\n|player|p1|Knayrus|drayden|2155\n|player|p2|cansermaro8|266|2195\n|gen|9\n|tier|[Gen 9] Random Battle\n|rated|\n|rule|Species Clause: Limit one of each Pok\u00e9mon\n|rule|HP Percentage Mod: HP is shown in percentages\n|rule|Sleep Clause Mod: Limit one foe put to sleep\n|rule|Illusion Level Mod: Illusion disguises the Pok\u00e9mon's true level\n|\n|t:|1781455157\n|teamsize|p1|6\n|teamsize|p2|6\n|start\n|switch|p1a: Dugtrio|Dugtrio-Alola, L84, M|196/196\n|switch|p2a: Raging Bolt|Raging Bolt, L78|323/323\n|turn|1\n|inactive|Battle timer is ON: inactive players will automatically lose when time's up. (requested by Knayrus)\n|\n|t:|1781455166\n|-end|p2a: Raging Bolt|Protosynthesis|[silent]\n|switch|p2a: Gurdurr|Gurdurr, L85, M|283/283\n|move|p1a: Dugtrio|Stealth Rock|p2a: Gurdurr\n|-sidestart|p2: cansermaro8|move: Stealth Rock\n|\n|upkeep\n|turn|2\n|\n|t:|1781455178\n|switch|p1a: Pachirisu|Pachirisu, L96, F|271/271\n|move|p2a: Gurdurr|Knock Off|p1a: Pachirisu\n|-damage|p1a: Pachirisu|194/271\n|-enditem|p1a: Pachirisu|Heavy-Duty Boots|[from] move: Knock Off|[of] p2a: Gurdurr\n|\n|upkeep\n|turn|3\n|\n|t:|1781455188\n|move|p1a: Pachirisu|Encore|p2a: Gurdurr\n|-start|p2a: Gurdurr|Encore\n|move|p2a: Gurdurr|Knock Off|p1a: Pachirisu\n|-damage|p1a: Pachirisu|137/271\n|\n|upkeep\n|turn|4\n|inactive|cansermaro8 has 120 seconds left.\n|\n|t:|1781455232\n|move|p1a: Pachirisu|Super Fang|p2a: Gurdurr\n|-damage|p2a: Gurdurr|142/283\n|move|p2a: Gurdurr|Knock Off|p1a: Pachirisu\n|-damage|p1a: Pachirisu|79/271\n|\n|upkeep\n|turn|5\n|\n|t:|1781455245\n|move|p1a: Pachirisu|Discharge|p2a: Gurdurr\n|-damage|p2a: Gurdurr|84/283\n|move|p2a: Gurdurr|Knock Off|p1a: Pachirisu\n|-damage|p1a: Pachirisu|26/271\n|\n|-end|p2a: Gurdurr|Encore\n|upkeep\n|turn|6\n|inactive|cansermaro8 has 120 seconds left.\n|\n|t:|1781455252\n|switch|p1a: Deoxys|Deoxys-Defense, L84|221/221\n|-ability|p1a: Deoxys|Pressure\n|move|p2a: Gurdurr|Mach Punch|p1a: Deoxys\n|-resisted|p1a: Deoxys\n|-damage|p1a: Deoxys|206/221\n|\n|-heal|p1a: Deoxys|219/221|[from] item: Leftovers\n|upkeep\n|turn|7\n|\n|t:|1781455261\n|switch|p2a: Iron Jugulis|Iron Jugulis, L77|271/271\n|-damage|p2a: Iron Jugulis|204/271|[from] Stealth Rock\n|move|p1a: Deoxys|Night Shade|p2a: Iron Jugulis\n|-damage|p2a: Iron Jugulis|120/271\n|\n|-heal|p1a: Deoxys|221/221|[from] item: Leftovers\n|upkeep\n|turn|8\n|\n|t:|1781455272\n|switch|p1a: Luxray|Luxray, L88, M|284/284\n|-ability|p1a: Luxray|Intimidate|boost\n|-unboost|p2a: Iron Jugulis|atk|1\n|move|p2a: Iron Jugulis|Dark Pulse|p1a: Luxray\n|-damage|p1a: Luxray|202/284\n|\n|upkeep\n|turn|9\n|\n|t:|1781455281\n|move|p2a: Iron Jugulis|Dark Pulse|p1a: Luxray\n|-crit|p1a: Luxray\n|-damage|p1a: Luxray|76/284\n|move|p1a: Luxray|Ice Fang|p2a: Iron Jugulis\n|-supereffective|p2a: Iron Jugulis\n|-damage|p2a: Iron Jugulis|0 fnt\n|faint|p2a: Iron Jugulis\n|-end|p2a: Iron Jugulis|Quark Drive|[silent]\n|\n|upkeep\n|\n|t:|1781455290\n|switch|p2a: Ludicolo|Ludicolo, L90, M|290/290\n|-damage|p2a: Ludicolo|254/290|[from] Stealth Rock\n|turn|10\n|\n|t:|1781455299\n|move|p2a: Ludicolo|Giga Drain|p1a: Luxray\n|-damage|p1a: Luxray|0 fnt\n|-heal|p2a: Ludicolo|290/290|[from] drain|[of] p1a: Luxray\n|faint|p1a: Luxray\n|\n|upkeep\n|\n|t:|1781455306\n|switch|p1a: Pachirisu|Pachirisu, L96, F|26/271\n|turn|11\n|\n|t:|1781455311\n|switch|p2a: Gurdurr|Gurdurr, L85, M|84/283\n|-damage|p2a: Gurdurr|67/283|[from] Stealth Rock\n|move|p1a: Pachirisu|Super Fang|p2a: Gurdurr\n|-damage|p2a: Gurdurr|34/283\n|\n|upkeep\n|turn|12\n|\n|t:|1781455319\n|move|p2a: Gurdurr|Mach Punch|p1a: Pachirisu\n|-damage|p1a: Pachirisu|0 fnt\n|faint|p1a: Pachirisu\n|\n|upkeep\n|\n|t:|1781455322\n|switch|p1a: Deoxys|Deoxys-Defense, L84|221/221\n|-ability|p1a: Deoxys|Pressure\n|turn|13\n|\n|t:|1781455325\n|move|p1a: Deoxys|Night Shade|p2a: Gurdurr\n|-damage|p2a: Gurdurr|0 fnt\n|faint|p2a: Gurdurr\n|\n|upkeep\n|\n|t:|1781455329\n|switch|p2a: Arceus|Arceus-Bug, L73|295/295\n|-damage|p2a: Arceus|222/295|[from] Stealth Rock\n|turn|14\n|\n|t:|1781455334\n|switch|p1a: Dugtrio|Dugtrio-Alola, L84, M|196/196\n|move|p2a: Arceus|Fire Blast|p1a: Dugtrio\n|-supereffective|p1a: Dugtrio\n|-damage|p1a: Dugtrio|22/196\n|\n|upkeep\n|turn|15\n|\n|t:|1781455345\n|switch|p2a: Ludicolo|Ludicolo, L90, M|290/290\n|-damage|p2a: Ludicolo|254/290|[from] Stealth Rock\n|move|p1a: Dugtrio|Earthquake|p2a: Ludicolo\n|-resisted|p2a: Ludicolo\n|-damage|p2a: Ludicolo|173/290\n|-damage|p1a: Dugtrio|3/196|[from] item: Life Orb\n|\n|upkeep\n|turn|16\n|\n|t:|1781455352\n|move|p1a: Dugtrio|Stone Edge|p2a: Ludicolo\n|-damage|p2a: Ludicolo|74/290\n|-damage|p1a: Dugtrio|0 fnt|[from] item: Life Orb\n|faint|p1a: Dugtrio\n|move|p2a: Ludicolo|Giga Drain|p1: Dugtrio|[notarget]\n|-fail|p2a: Ludicolo\n|\n|upkeep\n|\n|t:|1781455364\n|switch|p1a: Deoxys|Deoxys-Defense, L84|221/221\n|-ability|p1a: Deoxys|Pressure\n|turn|17\n|\n|t:|1781455368\n|move|p1a: Deoxys|Night Shade|p2a: Ludicolo\n|-damage|p2a: Ludicolo|0 fnt\n|faint|p2a: Ludicolo\n|\n|upkeep\n|\n|t:|1781455373\n|switch|p2a: Arceus|Arceus-Bug, L73|222/295\n|-damage|p2a: Arceus|149/295|[from] Stealth Rock\n|turn|18\n|\n|t:|1781455380\n|move|p2a: Arceus|Recover|p2a: Arceus\n|-heal|p2a: Arceus|295/295\n|move|p1a: Deoxys|Cosmic Power|p1a: Deoxys\n|-boost|p1a: Deoxys|def|1\n|-boost|p1a: Deoxys|spd|1\n|\n|upkeep\n|turn|19\n|\n|t:|1781455384\n|move|p2a: Arceus|Calm Mind|p2a: Arceus\n|-boost|p2a: Arceus|spa|1\n|-boost|p2a: Arceus|spd|1\n|move|p1a: Deoxys|Cosmic Power|p1a: Deoxys\n|-boost|p1a: Deoxys|def|1\n|-boost|p1a: Deoxys|spd|1\n|\n|upkeep\n|turn|20\n|\n|t:|1781455386\n|move|p2a: Arceus|Calm Mind|p2a: Arceus\n|-boost|p2a: Arceus|spa|1\n|-boost|p2a: Arceus|spd|1\n|move|p1a: Deoxys|Cosmic Power|p1a: Deoxys\n|-boost|p1a: Deoxys|def|1\n|-boost|p1a: Deoxys|spd|1\n|\n|upkeep\n|turn|21\n|\n|t:|1781455389\n|move|p2a: Arceus|Calm Mind|p2a: Arceus\n|-boost|p2a: Arceus|spa|1\n|-boost|p2a: Arceus|spd|1\n|move|p1a: Deoxys|Cosmic Power|p1a: Deoxys\n|-boost|p1a: Deoxys|def|1\n|-boost|p1a: Deoxys|spd|1\n|\n|upkeep\n|turn|22\n|\n|t:|1781455391\n|move|p2a: Arceus|Calm Mind|p2a: Arceus\n|-boost|p2a: Arceus|spa|1\n|-boost|p2a: Arceus|spd|1\n|move|p1a: Deoxys|Cosmic Power|p1a: Deoxys\n|-boost|p1a: Deoxys|def|1\n|-boost|p1a: Deoxys|spd|1\n|\n|upkeep\n|turn|23\n|\n|t:|1781455393\n|move|p2a: Arceus|Calm Mind|p2a: Arceus\n|-boost|p2a: Arceus|spa|1\n|-boost|p2a: Arceus|spd|1\n|move|p1a: Deoxys|Cosmic Power|p1a: Deoxys\n|-boost|p1a: Deoxys|def|1\n|-boost|p1a: Deoxys|spd|1\n|\n|upkeep\n|turn|24\n|\n|t:|1781455396\n|move|p2a: Arceus|Calm Mind|p2a: Arceus\n|-boost|p2a: Arceus|spa|1\n|-boost|p2a: Arceus|spd|1\n|move|p1a: Deoxys|Night Shade|p2a: Arceus\n|-damage|p2a: Arceus|211/295\n|\n|upkeep\n|turn|25\n|\n|t:|1781455403\n|-terastallize|p1a: Deoxys|Steel\n|move|p2a: Arceus|Judgment|p1a: Deoxys\n|-resisted|p1a: Deoxys\n|-damage|p1a: Deoxys|182/221\n|move|p1a: Deoxys|Stored Power|p2a: Arceus\n|-crit|p2a: Arceus\n|-damage|p2a: Arceus|0 fnt\n|faint|p2a: Arceus\n|\n|-heal|p1a: Deoxys|195/221|[from] item: Leftovers\n|upkeep\n|-message|cansermaro8 forfeited.\n|\n|win|Knayrus\n", "inputlog": ">version a8376a258c1d4662feba110a92103f3664a72141\n>start {\"formatid\":\"gen9randombattle\",\"seed\":\"sodium,ac0cf93562412f69295bfd4fd1f21d0d\",\"rated\":\"Rated battle\"}\n>player p1 {\"name\":\"Knayrus\",\"avatar\":\"drayden\",\"rating\":2155,\"seed\":\"sodium,2a5e8ca6dc7ebfe9dfda58f53090cd4c\"}\n>player p2 {\"name\":\"cansermaro8\",\"avatar\":\"266\",\"rating\":2195,\"seed\":\"sodium,d3534c984184280565b3368110db6250\"}\n>p1 move stealthrock\n>p2 switch 4\n>p1 switch 5\n>p2 move knockoff\n>p1 move encore\n>p2 move drainpunch\n>p1 move superfang\n>p2 move knockoff\n>p1 move discharge\n>p2 move knockoff\n>p1 switch 6\n>p2 move machpunch\n>p1 move nightshade\n>p2 switch 2\n>p1 switch 3\n>p2 move darkpulse\n>p1 move icefang\n>p2 move darkpulse\n>p2 switch 5\n>p1 move voltswitch\n>p2 move gigadrain\n>p1 switch 6\n>p1 move superfang\n>p2 switch 2\n>p1 move discharge\n>p2 move machpunch\n>p1 switch 3\n>p1 move nightshade\n>p2 move knockoff\n>p2 switch 6\n>p1 switch 5\n>p2 move fireblast\n>p1 move earthquake\n>p2 switch 2\n>p1 move stoneedge\n>p2 move gigadrain\n>p1 switch 5\n>p1 move nightshade\n>p2 move gigadrain\n>p2 switch 2\n>p1 move cosmicpower\n>p2 move recover\n>p1 move cosmicpower\n>p2 move calmmind\n>p1 move cosmicpower\n>p2 move calmmind\n>p1 move cosmicpower\n>p2 move calmmind\n>p1 move cosmicpower\n>p2 move calmmind\n>p1 move cosmicpower\n>p2 move calmmind\n>p1 move nightshade\n>p2 move calmmind\n>p1 move storedpower terastallize\n>p2 move judgment\n>forcelose p2", "uploadtime": 1781455159, "views": 4, "formatid": "gen9randombattle", "rating": null, "private": 0, "password": null}