{"id": "gen9randombattle-2631373135", "format": "[Gen 9] Random Battle", "players": ["Micael Lopes", "The_shreducator"], "log": "|j|\u2606Micael Lopes\n|j|\u2606The_shreducator\n|t:|1781376985\n|gametype|singles\n|player|p1|Micael Lopes|benga|1545\n|player|p2|The_shreducator|elesa|1606\n|gen|9\n|tier|[Gen 9] Random Battle\n|rated|\n|rule|Species Clause: Limit one of each Pok\u00e9mon\n|rule|HP Percentage Mod: HP is shown in percentages\n|rule|Sleep Clause Mod: Limit one foe put to sleep\n|rule|Illusion Level Mod: Illusion disguises the Pok\u00e9mon's true level\n|\n|t:|1781376985\n|teamsize|p1|6\n|teamsize|p2|6\n|start\n|switch|p1a: Spiritomb|Spiritomb, L89, F|234/234\n|switch|p2a: Indeedee|Indeedee, L84, M|238/238\n|-fieldstart|move: Psychic Terrain|[from] ability: Psychic Surge|[of] p2a: Indeedee\n|turn|1\n|inactive|Battle timer is ON: inactive players will automatically lose when time's up. (requested by Micael Lopes)\n|\n|t:|1781376989\n|move|p2a: Indeedee|Dazzling Gleam|p1a: Spiritomb\n|-supereffective|p1a: Spiritomb\n|-damage|p1a: Spiritomb|107/234\n|-damage|p2a: Indeedee|215/238|[from] item: Life Orb\n|move|p1a: Spiritomb|Will-O-Wisp|p2a: Indeedee\n|-status|p2a: Indeedee|brn\n|\n|-heal|p1a: Spiritomb|121/234|[from] item: Leftovers\n|-damage|p2a: Indeedee|201/238 brn|[from] brn\n|upkeep\n|turn|2\n|\n|t:|1781376998\n|move|p2a: Indeedee|Dazzling Gleam|p1a: Spiritomb\n|-supereffective|p1a: Spiritomb\n|-damage|p1a: Spiritomb|0 fnt\n|faint|p1a: Spiritomb\n|-damage|p2a: Indeedee|178/238 brn|[from] item: Life Orb\n|\n|-damage|p2a: Indeedee|164/238 brn|[from] brn\n|upkeep\n|\n|t:|1781377000\n|switch|p1a: Morpeko|Morpeko, L88, M|245/245\n|turn|3\n|\n|t:|1781377011\n|move|p1a: Morpeko|Parting Shot|p2a: Indeedee\n|-unboost|p2a: Indeedee|atk|1\n|-unboost|p2a: Indeedee|spa|1\n|\n|t:|1781377018\n|switch|p1a: Grafaiai|Grafaiai, L86, F|249/249|[from] Parting Shot\n|move|p2a: Indeedee|Calm Mind|p2a: Indeedee\n|-boost|p2a: Indeedee|spa|1\n|-boost|p2a: Indeedee|spd|1\n|\n|-damage|p2a: Indeedee|150/238 brn|[from] brn\n|upkeep\n|turn|4\n|\n|t:|1781377024\n|move|p1a: Grafaiai|U-turn|p2a: Indeedee\n|-supereffective|p2a: Indeedee\n|-damage|p2a: Indeedee|0 fnt\n|faint|p2a: Indeedee\n|\n|t:|1781377034\n|switch|p1a: Morpeko|Morpeko, L88, M|245/245|[from] U-turn\n|\n|-formechange|p1a: Morpeko|Morpeko-Hangry||[from] ability: Hunger Switch\n|upkeep\n|\n|t:|1781377051\n|switch|p2a: Granbull|Granbull, L88, M|302/302\n|-ability|p2a: Granbull|Intimidate|boost\n|-unboost|p1a: Morpeko|atk|1\n|turn|5\n|\n|t:|1781377057\n|move|p1a: Morpeko|Parting Shot|p2a: Granbull\n|-unboost|p2a: Granbull|atk|1\n|-unboost|p2a: Granbull|spa|1\n|\n|t:|1781377060\n|switch|p1a: Grafaiai|Grafaiai, L86, F|249/249|[from] Parting Shot\n|move|p2a: Granbull|Earthquake|p1a: Grafaiai\n|-supereffective|p1a: Grafaiai\n|-damage|p1a: Grafaiai|105/249\n|\n|-fieldend|move: Psychic Terrain\n|upkeep\n|turn|6\n|\n|t:|1781377065\n|switch|p2a: Orthworm|Orthworm, L88, F|266/266\n|move|p1a: Grafaiai|Super Fang|p2a: Orthworm\n|-damage|p2a: Orthworm|133/266\n|\n|-heal|p2a: Orthworm|149/266|[from] item: Leftovers\n|upkeep\n|turn|7\n|\n|t:|1781377087\n|move|p1a: Grafaiai|Knock Off|p2a: Orthworm\n|-damage|p2a: Orthworm|104/266\n|-enditem|p2a: Orthworm|Leftovers|[from] move: Knock Off|[of] p1a: Grafaiai\n|move|p2a: Orthworm|Body Press|p1a: Grafaiai\n|-damage|p1a: Grafaiai|2/249\n|\n|upkeep\n|turn|8\n|\n|t:|1781377091\n|move|p1a: Grafaiai|U-turn|p2a: Orthworm\n|-resisted|p2a: Orthworm\n|-damage|p2a: Orthworm|87/266\n|\n|t:|1781377105\n|switch|p1a: Jumpluff|Jumpluff, L87, F|271/271|[from] U-turn\n|move|p2a: Orthworm|Spikes|p1a: Jumpluff\n|-sidestart|p1: Micael Lopes|Spikes\n|\n|upkeep\n|turn|9\n|\n|t:|1781377111\n|move|p1a: Jumpluff|Sleep Powder|p2a: Orthworm\n|-status|p2a: Orthworm|slp|[from] move: Sleep Powder\n|cant|p2a: Orthworm|slp\n|\n|upkeep\n|turn|10\n|\n|t:|1781377122\n|switch|p2a: Torkoal|Torkoal, L88, F|266/266\n|-weather|SunnyDay|[from] ability: Drought|[of] p2a: Torkoal\n|move|p1a: Jumpluff|Strength Sap|p2a: Torkoal\n|-unboost|p2a: Torkoal|atk|1\n|\n|-weather|SunnyDay|[upkeep]\n|upkeep\n|turn|11\n|\n|t:|1781377125\n|move|p1a: Jumpluff|U-turn|p2a: Torkoal\n|-resisted|p2a: Torkoal\n|-damage|p2a: Torkoal|255/266\n|\n|t:|1781377138\n|switch|p1a: Stonjourner|Stonjourner, L91, M|330/330|[from] U-turn\n|-damage|p1a: Stonjourner|289/330|[from] Spikes\n|move|p2a: Torkoal|Stealth Rock|p1a: Stonjourner\n|-sidestart|p1: Micael Lopes|move: Stealth Rock\n|\n|-weather|SunnyDay|[upkeep]\n|upkeep\n|turn|12\n|\n|t:|1781377149\n|switch|p2a: Orthworm|Orthworm, L88, F|87/266 slp\n|move|p1a: Stonjourner|Stealth Rock|p2a: Orthworm\n|-sidestart|p2: The_shreducator|move: Stealth Rock\n|\n|-weather|SunnyDay|[upkeep]\n|upkeep\n|turn|13\n|\n|t:|1781377153\n|move|p1a: Stonjourner|Heat Crash|p2a: Orthworm\n|-supereffective|p2a: Orthworm\n|-damage|p2a: Orthworm|0 fnt\n|faint|p2a: Orthworm\n|-damage|p1a: Stonjourner|256/330|[from] item: Life Orb\n|\n|-weather|SunnyDay|[upkeep]\n|upkeep\n|\n|t:|1781377163\n|switch|p2a: Hydreigon|Hydreigon, L79, M|275/275\n|-damage|p2a: Hydreigon|241/275|[from] Stealth Rock\n|turn|14\n|\n|t:|1781377168\n|switch|p1a: Jumpluff|Jumpluff, L87, F|271/271\n|-damage|p1a: Jumpluff|204/271|[from] Stealth Rock\n|move|p2a: Hydreigon|Flash Cannon|p1a: Jumpluff\n|-damage|p1a: Jumpluff|115/271\n|\n|-weather|none\n|upkeep\n|turn|15\n|\n|t:|1781377182\n|switch|p2a: Torkoal|Torkoal, L88, F|255/266\n|-weather|SunnyDay|[from] ability: Drought|[of] p2a: Torkoal\n|move|p1a: Jumpluff|Strength Sap|p2a: Torkoal\n|-unboost|p2a: Torkoal|atk|1\n|-heal|p1a: Jumpluff|271/271\n|\n|-weather|SunnyDay|[upkeep]\n|upkeep\n|turn|16\n|\n|t:|1781377196\n|move|p1a: Jumpluff|U-turn|p2a: Torkoal\n|-resisted|p2a: Torkoal\n|-damage|p2a: Torkoal|242/266\n|\n|t:|1781377211\n|switch|p1a: Morpeko|Morpeko, L88, M|245/245|[from] U-turn\n|move|p2a: Torkoal|Yawn|p1a: Morpeko\n|-start|p1a: Morpeko|move: Yawn|[of] p2a: Torkoal\n|\n|-weather|SunnyDay|[upkeep]\n|-formechange|p1a: Morpeko|Morpeko-Hangry||[from] ability: Hunger Switch\n|upkeep\n|turn|17\n|\n|t:|1781377223\n|move|p1a: Morpeko|Parting Shot|p2a: Torkoal\n|-unboost|p2a: Torkoal|atk|1\n|-unboost|p2a: Torkoal|spa|1\n|\n|t:|1781377226\n|switch|p1a: Manaphy|Manaphy, L78|284/284|[from] Parting Shot\n|-damage|p1a: Manaphy|249/284|[from] Spikes\n|-damage|p1a: Manaphy|214/284|[from] Stealth Rock\n|move|p2a: Torkoal|Lava Plume|p1a: Manaphy\n|-resisted|p1a: Manaphy\n|-damage|p1a: Manaphy|170/284\n|-status|p1a: Manaphy|brn\n|\n|-weather|SunnyDay|[upkeep]\n|-heal|p1a: Manaphy|187/284 brn|[from] item: Leftovers\n|-damage|p1a: Manaphy|170/284 brn|[from] brn\n|upkeep\n|turn|18\n|\n|t:|1781377248\n|switch|p1a: Morpeko|Morpeko, L88, M|245/245\n|switch|p2a: Hydreigon|Hydreigon, L79, M|241/275\n|-damage|p2a: Hydreigon|207/275|[from] Stealth Rock\n|\n|-weather|SunnyDay|[upkeep]\n|-formechange|p1a: Morpeko|Morpeko-Hangry||[from] ability: Hunger Switch\n|upkeep\n|turn|19\n|\n|t:|1781377266\n|move|p1a: Morpeko|Rapid Spin|p2a: Hydreigon\n|-damage|p2a: Hydreigon|163/275\n|-boost|p1a: Morpeko|spe|1\n|-sideend|p1: Micael Lopes|Spikes|[from] move: Rapid Spin|[of] p1a: Morpeko\n|-sideend|p1: Micael Lopes|Stealth Rock|[from] move: Rapid Spin|[of] p1a: Morpeko\n|move|p2a: Hydreigon|U-turn|p1a: Morpeko\n|-supereffective|p1a: Morpeko\n|-damage|p1a: Morpeko|133/245\n|\n|t:|1781377281\n|switch|p2a: Granbull|Granbull, L88, M|302/302|[from] U-turn\n|-damage|p2a: Granbull|265/302|[from] Stealth Rock\n|-ability|p2a: Granbull|Intimidate|boost\n|-unboost|p1a: Morpeko|atk|1\n|\n|-weather|none\n|-heal|p2a: Granbull|283/302|[from] item: Leftovers\n|-formechange|p1a: Morpeko|Morpeko||[from] ability: Hunger Switch\n|upkeep\n|turn|20\n|inactive|Micael Lopes has 120 seconds left.\n|\n|t:|1781377320\n|move|p1a: Morpeko|Parting Shot|p2a: Granbull\n|-unboost|p2a: Granbull|atk|1\n|-unboost|p2a: Granbull|spa|1\n|\n|t:|1781377322\n|switch|p1a: Manaphy|Manaphy, L78|170/284 brn|[from] Parting Shot\n|move|p2a: Granbull|Thunder Wave||[still]\n|-fail|p2a: Granbull\n|\n|-heal|p1a: Manaphy|187/284 brn|[from] item: Leftovers\n|-heal|p2a: Granbull|301/302|[from] item: Leftovers\n|-damage|p1a: Manaphy|170/284 brn|[from] brn\n|upkeep\n|turn|21\n|\n|t:|1781377334\n|switch|p2a: Hydreigon|Hydreigon, L79, M|163/275\n|-damage|p2a: Hydreigon|129/275|[from] Stealth Rock\n|move|p1a: Manaphy|Tail Glow|p1a: Manaphy\n|-boost|p1a: Manaphy|spa|3\n|\n|-heal|p1a: Manaphy|187/284 brn|[from] item: Leftovers\n|-damage|p1a: Manaphy|170/284 brn|[from] brn\n|upkeep\n|turn|22\n|\n|t:|1781377340\n|move|p1a: Manaphy|Ice Beam|p2a: Hydreigon\n|-supereffective|p2a: Hydreigon\n|-damage|p2a: Hydreigon|0 fnt\n|faint|p2a: Hydreigon\n|\n|-heal|p1a: Manaphy|187/284 brn|[from] item: Leftovers\n|-damage|p1a: Manaphy|170/284 brn|[from] brn\n|upkeep\n|\n|t:|1781377353\n|switch|p2a: Torkoal|Torkoal, L88, F|242/266\n|-weather|SunnyDay|[from] ability: Drought|[of] p2a: Torkoal\n|turn|23\n|\n|t:|1781377365\n|move|p1a: Manaphy|Hydro Pump|p2a: Torkoal|[miss]\n|-miss|p1a: Manaphy|p2a: Torkoal\n|move|p2a: Torkoal|Stealth Rock|p1a: Manaphy\n|-sidestart|p1: Micael Lopes|move: Stealth Rock\n|\n|-weather|SunnyDay|[upkeep]\n|-heal|p1a: Manaphy|187/284 brn|[from] item: Leftovers\n|-damage|p1a: Manaphy|170/284 brn|[from] brn\n|upkeep\n|turn|24\n|\n|t:|1781377374\n|switch|p2a: Granbull|Granbull, L88, M|301/302\n|-damage|p2a: Granbull|264/302|[from] Stealth Rock\n|-ability|p2a: Granbull|Intimidate|boost\n|-unboost|p1a: Manaphy|atk|1\n|move|p1a: Manaphy|Hydro Pump|p2a: Granbull\n|-damage|p2a: Granbull|95/302\n|\n|-weather|SunnyDay|[upkeep]\n|-heal|p1a: Manaphy|187/284 brn|[from] item: Leftovers\n|-heal|p2a: Granbull|113/302|[from] item: Leftovers\n|-damage|p1a: Manaphy|170/284 brn|[from] brn\n|upkeep\n|turn|25\n|\n|t:|1781377379\n|move|p1a: Manaphy|Hydro Pump|p2a: Granbull|[miss]\n|-miss|p1a: Manaphy|p2a: Granbull\n|move|p2a: Granbull|Play Rough|p1a: Manaphy\n|-damage|p1a: Manaphy|38/284 brn\n|\n|-weather|SunnyDay|[upkeep]\n|-heal|p1a: Manaphy|55/284 brn|[from] item: Leftovers\n|-heal|p2a: Granbull|131/302|[from] item: Leftovers\n|-damage|p1a: Manaphy|38/284 brn|[from] brn\n|upkeep\n|turn|26\n|\n|t:|1781377382\n|move|p1a: Manaphy|Hydro Pump|p2a: Granbull|[miss]\n|-miss|p1a: Manaphy|p2a: Granbull\n|move|p2a: Granbull|Play Rough|p1a: Manaphy\n|-damage|p1a: Manaphy|0 fnt\n|faint|p1a: Manaphy\n|\n|-weather|SunnyDay|[upkeep]\n|-heal|p2a: Granbull|149/302|[from] item: Leftovers\n|upkeep\n|\n|t:|1781377389\n|switch|p1a: Morpeko|Morpeko, L88, M|133/245\n|turn|27\n|\n|t:|1781377396\n|move|p1a: Morpeko|Parting Shot|p2a: Granbull\n|-unboost|p2a: Granbull|atk|1\n|-unboost|p2a: Granbull|spa|1\n|\n|t:|1781377416\n|switch|p1a: Stonjourner|Stonjourner, L91, M|256/330|[from] Parting Shot\n|-damage|p1a: Stonjourner|215/330|[from] Stealth Rock\n|move|p2a: Granbull|Play Rough|p1a: Stonjourner\n|-damage|p1a: Stonjourner|160/330\n|-unboost|p1a: Stonjourner|atk|1\n|\n|-weather|none\n|-heal|p2a: Granbull|167/302|[from] item: Leftovers\n|upkeep\n|turn|28\n|\n|t:|1781377430\n|switch|p2a: Torkoal|Torkoal, L88, F|242/266\n|-weather|SunnyDay|[from] ability: Drought|[of] p2a: Torkoal\n|move|p1a: Stonjourner|Stone Edge|p2a: Torkoal\n|-supereffective|p2a: Torkoal\n|-crit|p2a: Torkoal\n|-damage|p2a: Torkoal|0 fnt\n|faint|p2a: Torkoal\n|-damage|p1a: Stonjourner|127/330|[from] item: Life Orb\n|\n|-weather|SunnyDay|[upkeep]\n|upkeep\n|\n|t:|1781377440\n|switch|p2a: Granbull|Granbull, L88, M|167/302\n|-damage|p2a: Granbull|130/302|[from] Stealth Rock\n|-ability|p2a: Granbull|Intimidate|boost\n|-unboost|p1a: Stonjourner|atk|1\n|turn|29\n|inactive|Micael Lopes has 120 seconds left.\n|\n|t:|1781377489\n|move|p1a: Stonjourner|Stone Edge|p2a: Granbull\n|-damage|p2a: Granbull|20/302\n|-damage|p1a: Stonjourner|94/330|[from] item: Life Orb\n|move|p2a: Granbull|Play Rough|p1a: Stonjourner\n|-damage|p1a: Stonjourner|15/330\n|\n|-weather|SunnyDay|[upkeep]\n|-heal|p2a: Granbull|38/302|[from] item: Leftovers\n|upkeep\n|turn|30\n|\n|t:|1781377494\n|move|p1a: Stonjourner|Heat Crash|p2a: Granbull\n|-damage|p2a: Granbull|0 fnt\n|faint|p2a: Granbull\n|-damage|p1a: Stonjourner|0 fnt|[from] item: Life Orb\n|faint|p1a: Stonjourner\n|\n|-weather|SunnyDay|[upkeep]\n|upkeep\n|\n|t:|1781377516\n|switch|p1a: Morpeko|Morpeko, L88, M|133/245\n|switch|p2a: Enamorus|Enamorus, L79, F|247/247\n|turn|31\n|\n|t:|1781377526\n|move|p1a: Morpeko|Protect|p1a: Morpeko\n|-singleturn|p1a: Morpeko|Protect\n|move|p2a: Enamorus|Calm Mind|p2a: Enamorus\n|-boost|p2a: Enamorus|spa|1\n|-boost|p2a: Enamorus|spd|1\n|\n|-weather|SunnyDay|[upkeep]\n|-formechange|p1a: Morpeko|Morpeko-Hangry||[from] ability: Hunger Switch\n|upkeep\n|turn|32\n|inactive|Micael Lopes has 90 seconds left.\n|\n|t:|1781377557\n|move|p1a: Morpeko|Parting Shot|p2a: Enamorus\n|-unboost|p2a: Enamorus|atk|1\n|-unboost|p2a: Enamorus|spa|1\n|\n|t:|1781377559\n|switch|p1a: Grafaiai|Grafaiai, L86, F|2/249|[from] Parting Shot\n|-damage|p1a: Grafaiai|0 fnt|[from] Stealth Rock\n|faint|p1a: Grafaiai\n|move|p2a: Enamorus|Moonblast|p1: Grafaiai|[notarget]\n|-fail|p2a: Enamorus\n|\n|-weather|none\n|upkeep\n|\n|t:|1781377563\n|switch|p1a: Jumpluff|Jumpluff, L87, F|271/271\n|-damage|p1a: Jumpluff|204/271|[from] Stealth Rock\n|turn|33\n|\n|t:|1781377569\n|-terastallize|p1a: Jumpluff|Steel\n|move|p1a: Jumpluff|Sleep Powder|p2a: Enamorus\n|-status|p2a: Enamorus|slp|[from] move: Sleep Powder\n|cant|p2a: Enamorus|slp\n|\n|upkeep\n|turn|34\n|\n|t:|1781377583\n|move|p1a: Jumpluff|Acrobatics|p2a: Enamorus\n|-damage|p2a: Enamorus|151/247 slp\n|-curestatus|p2a: Enamorus|slp|[msg]\n|move|p2a: Enamorus|Calm Mind|p2a: Enamorus\n|-boost|p2a: Enamorus|spa|1\n|-boost|p2a: Enamorus|spd|1\n|\n|upkeep\n|turn|35\n|\n|t:|1781377588\n|move|p1a: Jumpluff|Sleep Powder|p2a: Enamorus\n|-status|p2a: Enamorus|slp|[from] move: Sleep Powder\n|cant|p2a: Enamorus|slp\n|\n|upkeep\n|turn|36\n|inactive|Micael Lopes has 120 seconds left.\n|\n|t:|1781377603\n|move|p1a: Jumpluff|Acrobatics|p2a: Enamorus\n|-damage|p2a: Enamorus|43/247 slp\n|-curestatus|p2a: Enamorus|slp|[msg]\n|move|p2a: Enamorus|Mystical Fire|p1a: Jumpluff\n|-supereffective|p1a: Jumpluff\n|-damage|p1a: Jumpluff|34/271\n|-unboost|p1a: Jumpluff|spa|1\n|\n|upkeep\n|turn|37\n|\n|t:|1781377605\n|move|p1a: Jumpluff|Acrobatics|p2a: Enamorus\n|-damage|p2a: Enamorus|0 fnt\n|faint|p2a: Enamorus\n|\n|win|Micael Lopes\n|raw|Micael Lopes's rating: 1586 &rarr; <strong>1607</strong><br />(+21 for winning)\n|raw|The_shreducator's rating: 1606 &rarr; <strong>1585</strong><br />(-21 for losing)\n|c|\u2606Micael Lopes|**__Sexy game.__**\n|l|\u2606The_shreducator\n|player|p2|\n", "inputlog": ">version a8376a258c1d4662feba110a92103f3664a72141\n>start {\"formatid\":\"gen9randombattle\",\"seed\":\"sodium,cb5196f47d3755584bc43319c89d55e2\",\"rated\":\"Rated battle\"}\n>player p1 {\"name\":\"Micael Lopes\",\"avatar\":\"benga\",\"rating\":1545,\"seed\":\"sodium,29b442ffb607087d28e391badfd36042\"}\n>player p2 {\"name\":\"The_shreducator\",\"avatar\":\"elesa\",\"rating\":1606,\"seed\":\"sodium,f2f1125367aa20dbce8fc5f22d5eca96\"}\n>p1 move willowisp\n>p2 move dazzlinggleam\n>p1 move foulplay\n>p2 move dazzlinggleam\n>p1 switch 2\n>p1 move partingshot\n>p2 move calmmind\n>p1 switch 6\n>p1 move uturn\n>p2 move expandingforce\n>p1 switch 6\n>p2 switch 2\n>p1 move partingshot\n>p2 move earthquake\n>p1 switch 6\n>p1 move superfang\n>p2 switch 6\n>p1 move knockoff\n>p2 move bodypress\n>p1 move uturn\n>p2 move spikes\n>p1 switch 3\n>p1 move sleeppowder\n>p2 move spikes\n>p1 move strengthsap\n>p2 switch 3\n>p1 move uturn\n>p2 move stealthrock\n>p1 switch 4\n>p1 move stealthrock\n>p2 switch 3\n>p1 move heatcrash\n>p2 move heavyslam\n>p2 switch 5\n>p1 switch 4\n>p2 move flashcannon\n>p1 move strengthsap\n>p2 switch 3\n>p1 move uturn\n>p2 move yawn\n>p1 switch 6\n>p1 move partingshot\n>p2 move lavaplume\n>p1 switch 5\n>p1 switch 5\n>p2 switch 3\n>p1 move rapidspin\n>p2 move uturn\n>p2 switch 6\n>p1 move partingshot\n>p2 move thunderwave\n>p1 switch 5\n>p1 move tailglow\n>p2 switch 6\n>p1 move icebeam\n>p2 move darkpulse\n>p2 switch 3\n>p1 move hydropump\n>p2 move stealthrock\n>p1 move hydropump\n>p2 switch 6\n>p1 move hydropump\n>p2 move playrough\n>p1 move hydropump\n>p2 move playrough\n>p1 switch 5\n>p1 move partingshot\n>p2 move playrough\n>p1 switch 4\n>p1 move stoneedge\n>p2 switch 6\n>p2 switch 6\n>p1 move stoneedge\n>p2 move playrough\n>p1 move heatcrash\n>p2 move playrough\n>p1 switch 4\n>p2 switch 4\n>p1 move protect\n>p2 move calmmind\n>p1 move partingshot\n>p2 move moonblast\n>p1 switch 3\n>p1 switch 6\n>p1 move sleeppowder terastallize\n>p2 move calmmind\n>p1 move acrobatics\n>p2 move calmmind\n>p1 move sleeppowder\n>p2 move mysticalfire\n>p1 move acrobatics\n>p2 move mysticalfire\n>p1 move acrobatics\n>p2 move mysticalfire", "uploadtime": 1781377610, "views": 7, "formatid": "gen9randombattle", "rating": 1585, "private": 0, "password": null}