{"id": "gen9randombattle-2631502580", "format": "[Gen 9] Random Battle", "players": ["PokeBooBowl", "Omyyyyy"], "log": "|j|\u2606PokeBooBowl\n|j|\u2606Omyyyyy\n|t:|1781393316\n|gametype|singles\n|player|p1|PokeBooBowl|idol|1343\n|player|p2|Omyyyyy|101|1368\n|gen|9\n|tier|[Gen 9] Random Battle\n|rated|\n|rule|Species Clause: Limit one of each Pok\u00e9mon\n|rule|HP Percentage Mod: HP is shown in percentages\n|rule|Sleep Clause Mod: Limit one foe put to sleep\n|rule|Illusion Level Mod: Illusion disguises the Pok\u00e9mon's true level\n|\n|t:|1781393316\n|teamsize|p1|6\n|teamsize|p2|6\n|start\n|switch|p1a: Sableye|Sableye, L88, M|231/231\n|switch|p2a: Beartic|Beartic, L91, M|321/321\n|turn|1\n|inactive|Battle timer is ON: inactive players will automatically lose when time's up. (requested by PokeBooBowl)\n|\n|t:|1781393325\n|move|p1a: Sableye|Will-O-Wisp|p2a: Beartic\n|-status|p2a: Beartic|brn\n|move|p2a: Beartic|Earthquake|p1a: Sableye\n|-damage|p1a: Sableye|143/231\n|\n|-heal|p1a: Sableye|157/231|[from] item: Leftovers\n|-damage|p2a: Beartic|301/321 brn|[from] brn\n|upkeep\n|turn|2\n|\n|t:|1781393338\n|move|p2a: Beartic|Earthquake|p1a: Sableye\n|-damage|p1a: Sableye|70/231\n|move|p1a: Sableye|Knock Off|p2a: Beartic\n|-damage|p2a: Beartic|207/321 brn\n|-enditem|p2a: Beartic|Choice Band|[from] move: Knock Off|[of] p1a: Sableye\n|\n|-heal|p1a: Sableye|84/231|[from] item: Leftovers\n|-damage|p2a: Beartic|187/321 brn|[from] brn\n|upkeep\n|turn|3\n|\n|t:|1781393344\n|move|p1a: Sableye|Recover|p1a: Sableye\n|-heal|p1a: Sableye|200/231\n|move|p2a: Beartic|Earthquake|p1a: Sableye\n|-damage|p1a: Sableye|143/231\n|\n|-heal|p1a: Sableye|157/231|[from] item: Leftovers\n|-damage|p2a: Beartic|167/321 brn|[from] brn\n|upkeep\n|turn|4\n|\n|t:|1781393352\n|switch|p2a: Wigglytuff|Wigglytuff, L96, F|424/424\n|move|p1a: Sableye|Knock Off|p2a: Wigglytuff\n|-resisted|p2a: Wigglytuff\n|-damage|p2a: Wigglytuff|360/424\n|-enditem|p2a: Wigglytuff|Leftovers|[from] move: Knock Off|[of] p1a: Sableye\n|\n|-heal|p1a: Sableye|171/231|[from] item: Leftovers\n|upkeep\n|turn|5\n|\n|t:|1781393361\n|switch|p1a: Magmortar|Magmortar, L88, F|275/275\n|move|p2a: Wigglytuff|Dazzling Gleam|p1a: Magmortar\n|-resisted|p1a: Magmortar\n|-damage|p1a: Magmortar|230/275\n|\n|upkeep\n|turn|6\n|\n|t:|1781393366\n|move|p1a: Magmortar|Fire Blast|p2a: Wigglytuff\n|-damage|p2a: Wigglytuff|146/424\n|-status|p2a: Wigglytuff|brn\n|move|p2a: Wigglytuff|Thunder Wave|p1a: Magmortar|[miss]\n|-miss|p2a: Wigglytuff|p1a: Magmortar\n|\n|-damage|p2a: Wigglytuff|120/424 brn|[from] brn\n|upkeep\n|turn|7\n|\n|t:|1781393389\n|move|p1a: Magmortar|Thunderbolt|p2a: Wigglytuff\n|-damage|p2a: Wigglytuff|2/424 brn\n|move|p2a: Wigglytuff|Thunder Wave|p1a: Magmortar\n|-status|p1a: Magmortar|par\n|\n|-damage|p2a: Wigglytuff|0 fnt|[from] brn\n|faint|p2a: Wigglytuff\n|upkeep\n|\n|t:|1781393399\n|switch|p2a: Lapras|Lapras, L87, M|368/368\n|turn|8\n|\n|t:|1781393408\n|move|p2a: Lapras|Sparkling Aria|p1a: Magmortar\n|-supereffective|p1a: Magmortar\n|-damage|p1a: Magmortar|72/275 par\n|move|p1a: Magmortar|Thunderbolt|p2a: Lapras\n|-supereffective|p2a: Lapras\n|-damage|p2a: Lapras|208/368\n|-status|p2a: Lapras|par\n|\n|upkeep\n|turn|9\n|\n|t:|1781393416\n|move|p1a: Magmortar|Thunderbolt|p2a: Lapras\n|-supereffective|p2a: Lapras\n|-damage|p2a: Lapras|64/368 par\n|move|p2a: Lapras|Sparkling Aria|p1a: Magmortar\n|-supereffective|p1a: Magmortar\n|-crit|p1a: Magmortar\n|-damage|p1a: Magmortar|0 fnt\n|faint|p1a: Magmortar\n|\n|upkeep\n|\n|t:|1781393427\n|switch|p1a: Meowstic|Meowstic-F, L89, F|277/277\n|turn|10\n|\n|t:|1781393434\n|switch|p2a: Gholdengo|Gholdengo, L77|261/261\n|move|p1a: Meowstic|Nasty Plot|p1a: Meowstic\n|-boost|p1a: Meowstic|spa|2\n|\n|upkeep\n|turn|11\n|\n|t:|1781393445\n|-terastallize|p2a: Gholdengo|Steel\n|move|p1a: Meowstic|Dark Pulse|p2a: Gholdengo\n|-damage|p2a: Gholdengo|110/261\n|-damage|p1a: Meowstic|250/277|[from] item: Life Orb\n|cant|p2a: Gholdengo|flinch\n|\n|-heal|p2a: Gholdengo|126/261|[from] item: Leftovers\n|upkeep\n|turn|12\n|\n|t:|1781393453\n|move|p1a: Meowstic|Dark Pulse|p2a: Gholdengo\n|-damage|p2a: Gholdengo|0 fnt\n|faint|p2a: Gholdengo\n|-damage|p1a: Meowstic|223/277|[from] item: Life Orb\n|\n|upkeep\n|c|\u2606Omyyyyy|So lucky\n|\n|t:|1781393465\n|switch|p2a: Pecharunt|Pecharunt, L77|262/262\n|turn|13\n|\n|t:|1781393488\n|move|p1a: Meowstic|Psyshock|p2a: Pecharunt\n|-supereffective|p2a: Pecharunt\n|-damage|p2a: Pecharunt|0 fnt\n|faint|p2a: Pecharunt\n|-damage|p1a: Meowstic|196/277|[from] item: Life Orb\n|\n|upkeep\n|l|\u2606Omyyyyy\n|inactive|Omyyyyy disconnected and has a minute to reconnect!\n|player|p2|\n|j|\u2606Omyyyyy\n|inactive|Omyyyyy reconnected and has 130 seconds left.\n|player|p2|Omyyyyy|101|\n|j| viola ~ lunala ^\ufe4f^@!\n|-message|Omyyyyy forfeited.\n|\n|win|PokeBooBowl\n|raw|PokeBooBowl's rating: 1343 &rarr; <strong>1364</strong><br />(+21 for winning)\n|raw|Omyyyyy's rating: 1368 &rarr; <strong>1347</strong><br />(-21 for losing)\n|l|\u2606Omyyyyy\n|player|p2|\n|l| viola ~ lunala ^\ufe4f^\n", "inputlog": ">version a8376a258c1d4662feba110a92103f3664a72141\n>start {\"formatid\":\"gen9randombattle\",\"seed\":\"sodium,3b743aea34f850ddfb46ef19a1fa9488\",\"rated\":\"Rated battle\"}\n>player p1 {\"name\":\"PokeBooBowl\",\"avatar\":\"idol\",\"rating\":1343,\"seed\":\"sodium,4ef7021c470862fe7efad299700e53bf\"}\n>player p2 {\"name\":\"Omyyyyy\",\"avatar\":\"101\",\"rating\":1368,\"seed\":\"sodium,57a3f3dba259cb18365b9f3abcec4c22\"}\n>p1 move willowisp\n>p2 move earthquake\n>p1 move knockoff\n>p2 move earthquake\n>p1 move recover\n>p2 move earthquake\n>p1 move knockoff\n>p2 switch 2\n>p1 switch 3\n>p2 move dazzlinggleam\n>p1 move fireblast\n>p2 move thunderwave\n>p1 move thunderbolt\n>p2 move thunderwave\n>p2 switch 5\n>p1 move thunderbolt\n>p2 move sparklingaria\n>p1 move thunderbolt\n>p2 move sparklingaria\n>p1 switch 6\n>p1 move nastyplot\n>p2 switch 6\n>p1 move darkpulse\n>p2 move shadowball terastallize\n>p1 move darkpulse\n>p2 move shadowball\n>chat \u2606Omyyyyy|So lucky\n>p2 switch 3\n>p1 move psyshock\n>p2 move shadowball\n>forcelose p2", "uploadtime": 1781393567, "views": 3, "formatid": "gen9randombattle", "rating": 1347, "private": 0, "password": null}