{"id": "gen9randombattle-2631872734", "format": "[Gen 9] Random Battle", "players": ["balilou", "zsmith544"], "log": "|j|\u2606balilou\n|j|\u2606zsmith544\n|t:|1781450551\n|gametype|singles\n|player|p1|balilou|101|1954\n|player|p2|zsmith544|265|2066\n|gen|9\n|tier|[Gen 9] Random Battle\n|rated|\n|rule|Species Clause: Limit one of each Pok\u00e9mon\n|rule|HP Percentage Mod: HP is shown in percentages\n|rule|Sleep Clause Mod: Limit one foe put to sleep\n|rule|Illusion Level Mod: Illusion disguises the Pok\u00e9mon's true level\n|\n|t:|1781450551\n|teamsize|p1|6\n|teamsize|p2|6\n|start\n|switch|p1a: Slither Wing|Slither Wing, L81|270/270\n|switch|p2a: Gengar|Gengar, L81, M|230/230\n|turn|1\n|inactive|Battle timer is ON: inactive players will automatically lose when time's up. (requested by zsmith544)\n|\n|t:|1781450565\n|-end|p1a: Slither Wing|Protosynthesis|[silent]\n|switch|p1a: Cinderace|Cinderace, L77, M|249/249\n|move|p2a: Gengar|Will-O-Wisp|p1a: Cinderace\n|-immune|p1a: Cinderace\n|\n|upkeep\n|turn|2\n|\n|t:|1781450578\n|switch|p2a: Probopass|Probopass, L91, M|257/257\n|move|p1a: Cinderace|Pyro Ball|p2a: Probopass\n|-damage|p2a: Probopass|146/257\n|\n|-heal|p2a: Probopass|162/257|[from] item: Leftovers\n|upkeep\n|turn|3\n|inactive|balilou has 120 seconds left.\n|inactive|balilou has 90 seconds left.\n|\n|t:|1781450640\n|switch|p1a: Gurdurr|Gurdurr, L85, M|283/283\n|move|p2a: Probopass|Thunder Wave|p1a: Gurdurr\n|-status|p1a: Gurdurr|par\n|\n|-heal|p2a: Probopass|178/257|[from] item: Leftovers\n|upkeep\n|turn|4\n|\n|t:|1781450656\n|-terastallize|p2a: Probopass|Fighting\n|move|p2a: Probopass|Iron Defense|p2a: Probopass\n|-boost|p2a: Probopass|def|2\n|move|p1a: Gurdurr|Knock Off|p2a: Probopass\n|-resisted|p2a: Probopass\n|-damage|p2a: Probopass|162/257\n|-enditem|p2a: Probopass|Leftovers|[from] move: Knock Off|[of] p1a: Gurdurr\n|\n|upkeep\n|turn|5\n|\n|t:|1781450665\n|move|p2a: Probopass|Iron Defense|p2a: Probopass\n|-boost|p2a: Probopass|def|2\n|move|p1a: Gurdurr|Bulk Up|p1a: Gurdurr\n|-boost|p1a: Gurdurr|atk|1\n|-boost|p1a: Gurdurr|def|1\n|\n|upkeep\n|turn|6\n|\n|t:|1781450673\n|move|p2a: Probopass|Body Press|p1a: Gurdurr\n|-damage|p1a: Gurdurr|97/283 par\n|cant|p1a: Gurdurr|par\n|\n|upkeep\n|turn|7\n|\n|t:|1781450679\n|cant|p1a: Gurdurr|par\n|move|p2a: Probopass|Body Press|p1a: Gurdurr\n|-damage|p1a: Gurdurr|0 fnt\n|faint|p1a: Gurdurr\n|\n|upkeep\n|\n|t:|1781450686\n|switch|p1a: Slither Wing|Slither Wing, L81|270/270\n|turn|8\n|\n|t:|1781450692\n|move|p1a: Slither Wing|Will-O-Wisp|p2a: Probopass|[miss]\n|-miss|p1a: Slither Wing|p2a: Probopass\n|move|p2a: Probopass|Body Press|p1a: Slither Wing\n|-resisted|p1a: Slither Wing\n|-damage|p1a: Slither Wing|50/270\n|\n|upkeep\n|turn|9\n|\n|t:|1781450699\n|move|p1a: Slither Wing|Will-O-Wisp|p2a: Probopass\n|-status|p2a: Probopass|brn\n|move|p2a: Probopass|Body Press|p1a: Slither Wing\n|-resisted|p1a: Slither Wing\n|-damage|p1a: Slither Wing|0 fnt\n|faint|p1a: Slither Wing\n|-end|p1a: Slither Wing|Protosynthesis|[silent]\n|\n|-damage|p2a: Probopass|146/257 brn|[from] brn\n|upkeep\n|inactive|balilou has 120 seconds left.\n|\n|t:|1781450716\n|switch|p1a: Serperior|Serperior, L79, M|248/248\n|turn|10\n|\n|t:|1781450725\n|move|p1a: Serperior|Substitute|p1a: Serperior\n|-start|p1a: Serperior|Substitute\n|-damage|p1a: Serperior|186/248\n|move|p2a: Probopass|Thunder Wave|p1a: Serperior|[miss]\n|-miss|p2a: Probopass|p1a: Serperior\n|\n|-heal|p1a: Serperior|201/248|[from] item: Leftovers\n|-damage|p2a: Probopass|130/257 brn|[from] brn\n|upkeep\n|turn|11\n|\n|t:|1781450734\n|move|p1a: Serperior|Leaf Storm|p2a: Probopass\n|-damage|p2a: Probopass|67/257 brn\n|-boost|p1a: Serperior|spa|2\n|move|p2a: Probopass|Body Press|p1a: Serperior\n|-end|p1a: Serperior|Substitute\n|\n|-heal|p1a: Serperior|216/248|[from] item: Leftovers\n|-damage|p2a: Probopass|51/257 brn|[from] brn\n|upkeep\n|turn|12\n|\n|t:|1781450745\n|move|p1a: Serperior|Leaf Storm|p2a: Probopass\n|-damage|p2a: Probopass|0 fnt\n|-boost|p1a: Serperior|spa|2\n|faint|p2a: Probopass\n|\n|-heal|p1a: Serperior|231/248|[from] item: Leftovers\n|upkeep\n|\n|t:|1781450768\n|switch|p2a: Electrode|Electrode-Hisui, L87|246/246\n|turn|13\n|\n|t:|1781450782\n|move|p2a: Electrode|Thunder Wave|p1a: Serperior\n|-status|p1a: Serperior|par\n|move|p1a: Serperior|Dragon Pulse|p2a: Electrode\n|-damage|p2a: Electrode|107/246\n|\n|-heal|p1a: Serperior|246/248 par|[from] item: Leftovers\n|upkeep\n|turn|14\n|\n|t:|1781450796\n|switch|p2a: Cresselia|Cresselia, L80, F|323/323\n|cant|p1a: Serperior|par\n|\n|-heal|p1a: Serperior|248/248 par|[from] item: Leftovers\n|upkeep\n|turn|15\n|\n|t:|1781450804\n|move|p2a: Cresselia|Calm Mind|p2a: Cresselia\n|-boost|p2a: Cresselia|spa|1\n|-boost|p2a: Cresselia|spd|1\n|cant|p1a: Serperior|par\n|\n|upkeep\n|turn|16\n|\n|t:|1781450809\n|move|p2a: Cresselia|Calm Mind|p2a: Cresselia\n|-boost|p2a: Cresselia|spa|1\n|-boost|p2a: Cresselia|spd|1\n|move|p1a: Serperior|Leech Seed|p2a: Cresselia|[miss]\n|-miss|p1a: Serperior|p2a: Cresselia\n|\n|upkeep\n|turn|17\n|\n|t:|1781450815\n|move|p2a: Cresselia|Psyshock|p1a: Serperior\n|-damage|p1a: Serperior|115/248 par\n|move|p1a: Serperior|Leech Seed|p2a: Cresselia\n|-start|p2a: Cresselia|move: Leech Seed\n|\n|-heal|p1a: Serperior|130/248 par|[from] item: Leftovers\n|-damage|p2a: Cresselia|283/323|[from] Leech Seed|[of] p1a: Serperior\n|-heal|p1a: Serperior|170/248 par|[silent]\n|upkeep\n|turn|18\n|\n|t:|1781450824\n|move|p2a: Cresselia|Psyshock|p1a: Serperior\n|-damage|p1a: Serperior|34/248 par\n|move|p1a: Serperior|Leaf Storm|p2a: Cresselia\n|-damage|p2a: Cresselia|157/323\n|-boost|p1a: Serperior|spa|2\n|\n|-heal|p2a: Cresselia|177/323|[from] item: Leftovers\n|-heal|p1a: Serperior|49/248 par|[from] item: Leftovers\n|-damage|p2a: Cresselia|137/323|[from] Leech Seed|[of] p1a: Serperior\n|-heal|p1a: Serperior|89/248 par|[silent]\n|upkeep\n|turn|19\n|\n|t:|1781450836\n|switch|p1a: Azelf|Azelf, L82|257/257\n|move|p2a: Cresselia|Psyshock|p1a: Azelf\n|-resisted|p1a: Azelf\n|-crit|p1a: Azelf\n|-damage|p1a: Azelf|141/257\n|\n|-heal|p2a: Cresselia|157/323|[from] item: Leftovers\n|-damage|p2a: Cresselia|117/323|[from] Leech Seed|[of] p1a: Azelf\n|-heal|p1a: Azelf|181/257|[silent]\n|upkeep\n|turn|20\n|\n|t:|1781450846\n|move|p1a: Azelf|U-turn|p2a: Cresselia\n|-supereffective|p2a: Cresselia\n|-damage|p2a: Cresselia|9/323\n|\n|t:|1781450849\n|switch|p1a: Serperior|Serperior, L79, M|89/248 par|[from] U-turn\n|move|p2a: Cresselia|Moonlight|p2a: Cresselia\n|-heal|p2a: Cresselia|170/323\n|\n|-heal|p2a: Cresselia|190/323|[from] item: Leftovers\n|-heal|p1a: Serperior|104/248 par|[from] item: Leftovers\n|-damage|p2a: Cresselia|150/323|[from] Leech Seed|[of] p1a: Serperior\n|-heal|p1a: Serperior|144/248 par|[silent]\n|upkeep\n|turn|21\n|\n|t:|1781450860\n|switch|p1a: Azelf|Azelf, L82|181/257\n|move|p2a: Cresselia|Psyshock|p1a: Azelf\n|-resisted|p1a: Azelf\n|-damage|p1a: Azelf|106/257\n|\n|-heal|p2a: Cresselia|170/323|[from] item: Leftovers\n|-damage|p2a: Cresselia|130/323|[from] Leech Seed|[of] p1a: Azelf\n|-heal|p1a: Azelf|146/257|[silent]\n|upkeep\n|turn|22\n|\n|t:|1781450869\n|move|p1a: Azelf|U-turn|p2a: Cresselia\n|-supereffective|p2a: Cresselia\n|-damage|p2a: Cresselia|18/323\n|\n|t:|1781450871\n|switch|p1a: Cinderace|Cinderace, L77, M|249/249|[from] U-turn\n|move|p2a: Cresselia|Moonlight|p2a: Cresselia\n|-heal|p2a: Cresselia|179/323\n|\n|-heal|p2a: Cresselia|199/323|[from] item: Leftovers\n|-damage|p2a: Cresselia|159/323|[from] Leech Seed|[of] p1a: Cinderace\n|upkeep\n|turn|23\n|\n|t:|1781450883\n|move|p1a: Cinderace|U-turn|p2a: Cresselia\n|-start|p1a: Cinderace|typechange|Bug|[from] ability: Libero\n|-supereffective|p2a: Cresselia\n|-damage|p2a: Cresselia|0 fnt\n|faint|p2a: Cresselia\n|inactive|balilou has 120 seconds left.\n|inactive|balilou has 90 seconds left.\n|inactive|balilou has 60 seconds left.\n|\n|t:|1781450974\n|switch|p1a: Azelf|Azelf, L82|146/257|[from] U-turn\n|\n|upkeep\n|\n|t:|1781450982\n|switch|p2a: Electrode|Electrode-Hisui, L87|107/246\n|turn|24\n|\n|t:|1781450987\n|switch|p1a: Serperior|Serperior, L79, M|144/248 par\n|move|p2a: Electrode|Thunderbolt|p1a: Serperior\n|-resisted|p1a: Serperior\n|-damage|p1a: Serperior|86/248 par\n|-damage|p2a: Electrode|83/246|[from] item: Life Orb\n|\n|-heal|p1a: Serperior|101/248 par|[from] item: Leftovers\n|upkeep\n|turn|25\n|\n|t:|1781450999\n|switch|p2a: Arceus|Arceus-Ice, L72|291/291\n|move|p1a: Serperior|Dragon Pulse|p2a: Arceus\n|-damage|p2a: Arceus|254/291\n|\n|-heal|p1a: Serperior|116/248 par|[from] item: Leftovers\n|upkeep\n|turn|26\n|inactive|balilou has 90 seconds left.\n|\n|t:|1781451012\n|switch|p1a: Azelf|Azelf, L82|146/257\n|move|p2a: Arceus|Judgment|p1a: Azelf\n|-damage|p1a: Azelf|16/257\n|\n|upkeep\n|turn|27\n|\n|t:|1781451019\n|move|p1a: Azelf|Fire Blast|p2a: Arceus|[miss]\n|-miss|p1a: Azelf|p2a: Arceus\n|move|p2a: Arceus|Judgment|p1a: Azelf\n|-damage|p1a: Azelf|0 fnt\n|faint|p1a: Azelf\n|\n|upkeep\n|\n|t:|1781451026\n|switch|p1a: Cinderace|Cinderace, L77, M|249/249\n|turn|28\n|\n|t:|1781451031\n|move|p1a: Cinderace|Pyro Ball|p2a: Arceus\n|-supereffective|p2a: Arceus\n|-damage|p2a: Arceus|0 fnt\n|faint|p2a: Arceus\n|\n|upkeep\n|\n|t:|1781451045\n|switch|p2a: Electrode|Electrode-Hisui, L87|83/246\n|turn|29\n|\n|t:|1781451074\n|switch|p1a: Serperior|Serperior, L79, M|116/248 par\n|move|p2a: Electrode|Thunderbolt|p1a: Serperior\n|-resisted|p1a: Serperior\n|-damage|p1a: Serperior|58/248 par\n|-damage|p2a: Electrode|59/246|[from] item: Life Orb\n|\n|-heal|p1a: Serperior|73/248 par|[from] item: Leftovers\n|upkeep\n|turn|30\n|\n|t:|1781451085\n|move|p2a: Electrode|Thunderbolt|p1a: Serperior\n|-resisted|p1a: Serperior\n|-damage|p1a: Serperior|18/248 par\n|-damage|p2a: Electrode|35/246|[from] item: Life Orb\n|move|p1a: Serperior|Dragon Pulse|p2a: Electrode\n|-damage|p2a: Electrode|0 fnt\n|faint|p2a: Electrode\n|\n|-heal|p1a: Serperior|33/248 par|[from] item: Leftovers\n|upkeep\n|\n|t:|1781451109\n|switch|p2a: Whimsicott|Whimsicott, L84, F|238/238\n|turn|31\n|\n|t:|1781451128\n|move|p2a: Whimsicott|Moonblast|p1a: Serperior\n|-damage|p1a: Serperior|0 fnt\n|faint|p1a: Serperior\n|\n|upkeep\n|\n|t:|1781451132\n|switch|p1a: Cinderace|Cinderace, L77, M|249/249\n|turn|32\n|\n|t:|1781451141\n|move|p2a: Whimsicott|Moonblast|p1a: Cinderace\n|-resisted|p1a: Cinderace\n|-damage|p1a: Cinderace|197/249\n|move|p1a: Cinderace|Pyro Ball|p2a: Whimsicott\n|-supereffective|p2a: Whimsicott\n|-crit|p2a: Whimsicott\n|-damage|p2a: Whimsicott|0 fnt\n|faint|p2a: Whimsicott\n|\n|upkeep\n|\n|t:|1781451149\n|switch|p2a: Gengar|Gengar, L81, M|230/230\n|turn|33\n|\n|t:|1781451156\n|move|p1a: Cinderace|Pyro Ball|p2a: Gengar\n|-damage|p2a: Gengar|0 fnt\n|faint|p2a: Gengar\n|\n|win|balilou\n", "inputlog": ">version a8376a258c1d4662feba110a92103f3664a72141\n>start {\"formatid\":\"gen9randombattle\",\"seed\":\"sodium,d60123fd96d28f084bc0452b643888db\",\"rated\":\"Rated battle\"}\n>player p1 {\"name\":\"balilou\",\"avatar\":\"101\",\"rating\":1954,\"seed\":\"sodium,3f7a701a0ccdd4b440949c26bc3db1e9\"}\n>player p2 {\"name\":\"zsmith544\",\"avatar\":\"265\",\"rating\":2066,\"seed\":\"sodium,d7c99fd2eeefc7904c0e4a1c037f8a82\"}\n>p1 switch 6\n>p2 move willowisp\n>p1 move pyroball\n>p2 switch 3\n>p1 switch 3\n>p2 move thunderwave\n>p1 move knockoff\n>p2 move irondefense terastallize\n>p1 move bulkup\n>p2 move irondefense\n>p1 move bulkup\n>p2 move bodypress\n>p1 move machpunch\n>p2 move bodypress\n>p1 switch 6\n>p1 move willowisp\n>p2 move bodypress\n>p1 move willowisp\n>p2 move bodypress\n>p1 switch 2\n>p1 move substitute\n>p2 move thunderwave\n>p1 move leafstorm\n>p2 move bodypress\n>p1 move leafstorm\n>p2 move bodypress\n>p2 switch 4\n>p1 move dragonpulse\n>p2 move thunderwave\n>p1 move dragonpulse\n>p2 switch 5\n>p1 move leechseed\n>p2 move calmmind\n>p1 move leechseed\n>p2 move calmmind\n>p1 move leechseed\n>p2 move psyshock\n>p1 move leafstorm\n>p2 move psyshock\n>p1 switch 4\n>p2 move psyshock\n>p1 move uturn\n>p2 move moonlight\n>p1 switch 4\n>p1 switch 4\n>p2 move psyshock\n>p1 move uturn\n>p2 move moonlight\n>p1 switch 3\n>p1 move uturn\n>p2 move psyshock\n>p1 switch 3\n>p2 switch 5\n>p1 switch 4\n>p2 move thunderbolt\n>p1 move dragonpulse\n>p2 switch 6\n>p1 switch 4\n>p2 move judgment\n>p1 move fireblast\n>p2 move judgment\n>p1 switch 3\n>p1 move pyroball\n>p2 move earthpower\n>p2 switch 6\n>p1 switch 4\n>p2 move thunderbolt\n>p1 move dragonpulse\n>p2 move thunderbolt\n>p2 switch 2\n>p1 move leafstorm\n>p2 move moonblast\n>p1 switch 4\n>p1 move pyroball\n>p2 move moonblast\n>p2 switch 3\n>p1 move pyroball\n>p2 move sludgewave", "uploadtime": 1781450552, "views": 4, "formatid": "gen9randombattle", "rating": null, "private": 0, "password": null}