{"id": "gen9randombattle-2631832343", "format": "[Gen 9] Random Battle", "players": ["Jefejenaro", "pablovr"], "log": "|j|\u2606Jefejenaro\n|j|\u2606pablovr\n|t:|1781445826\n|gametype|singles\n|player|p1|Jefejenaro|wallace|1974\n|player|p2|pablovr|hiker-gen4|1933\n|gen|9\n|tier|[Gen 9] Random Battle\n|rated|\n|rule|Species Clause: Limit one of each Pok\u00e9mon\n|rule|HP Percentage Mod: HP is shown in percentages\n|rule|Sleep Clause Mod: Limit one foe put to sleep\n|rule|Illusion Level Mod: Illusion disguises the Pok\u00e9mon's true level\n|\n|t:|1781445827\n|teamsize|p1|6\n|teamsize|p2|6\n|start\n|switch|p1a: Snorlax|Snorlax, L82, M|219/219\n|switch|p2a: Vikavolt|Vikavolt, L83, F|263/263\n|turn|1\n|\n|t:|1781445851\n|switch|p1a: Snorlax|Snorlax, L82, M|397/397\n|move|p2a: Vikavolt|Discharge|p1a: Snorlax\n|-damage|p1a: Snorlax|306/397\n|\n|-heal|p1a: Snorlax|330/397|[from] item: Leftovers\n|upkeep\n|turn|2\n|\n|t:|1781445858\n|move|p2a: Vikavolt|Discharge|p1a: Snorlax\n|-damage|p1a: Snorlax|228/397\n|-status|p1a: Snorlax|par\n|move|p1a: Snorlax|Body Slam|p2a: Vikavolt\n|-damage|p2a: Vikavolt|166/263\n|\n|-heal|p1a: Snorlax|252/397 par|[from] item: Leftovers\n|upkeep\n|turn|3\n|\n|t:|1781445863\n|move|p2a: Vikavolt|Sticky Web|p1a: Snorlax\n|-sidestart|p1: Jefejenaro|move: Sticky Web\n|move|p1a: Snorlax|Body Slam|p2a: Vikavolt\n|-damage|p2a: Vikavolt|78/263\n|\n|-heal|p1a: Snorlax|276/397 par|[from] item: Leftovers\n|upkeep\n|turn|4\n|\n|t:|1781445869\n|switch|p2a: Basculegion|Basculegion, L80, M|323/323\n|move|p1a: Snorlax|Body Slam|p2a: Basculegion\n|-immune|p2a: Basculegion\n|\n|-heal|p1a: Snorlax|300/397 par|[from] item: Leftovers\n|upkeep\n|turn|5\n|\n|t:|1781445879\n|move|p2a: Basculegion|Wave Crash|p1a: Snorlax\n|-crit|p1a: Snorlax\n|-damage|p1a: Snorlax|0 fnt\n|faint|p1a: Snorlax\n|-damage|p2a: Basculegion|224/323|[from] Recoil\n|\n|upkeep\n|\n|t:|1781445888\n|switch|p1a: Skuntank|Skuntank, L84, M|310/310\n|-activate|p1a: Skuntank|move: Sticky Web\n|-unboost|p1a: Skuntank|spe|1\n|turn|6\n|\n|t:|1781445897\n|switch|p2a: Vikavolt|Vikavolt, L83, F|78/263\n|move|p1a: Skuntank|Knock Off|p2a: Vikavolt\n|-damage|p2a: Vikavolt|0 fnt\n|-enditem|p2a: Vikavolt|Heavy-Duty Boots|[from] move: Knock Off|[of] p1a: Skuntank\n|faint|p2a: Vikavolt\n|-damage|p1a: Skuntank|279/310|[from] item: Life Orb\n|\n|upkeep\n|inactive|Battle timer is ON: inactive players will automatically lose when time's up. (requested by Jefejenaro)\n|\n|t:|1781445903\n|switch|p2a: Skeledirge|Skeledirge, L79, M|294/294\n|turn|7\n|\n|t:|1781445908\n|move|p2a: Skeledirge|Will-O-Wisp|p1a: Skuntank\n|-status|p1a: Skuntank|brn\n|move|p1a: Skuntank|Knock Off|p2a: Skeledirge\n|-supereffective|p2a: Skeledirge\n|-damage|p2a: Skeledirge|173/294\n|-enditem|p2a: Skeledirge|Heavy-Duty Boots|[from] move: Knock Off|[of] p1a: Skuntank\n|-damage|p1a: Skuntank|248/310 brn|[from] item: Life Orb\n|\n|-damage|p1a: Skuntank|229/310 brn|[from] brn\n|upkeep\n|turn|8\n|\n|t:|1781445922\n|switch|p1a: Talonflame|Talonflame, L83, F|265/265\n|move|p2a: Skeledirge|Torch Song|p1a: Talonflame\n|-resisted|p1a: Talonflame\n|-damage|p1a: Talonflame|212/265\n|-boost|p2a: Skeledirge|spa|1\n|\n|upkeep\n|turn|9\n|\n|t:|1781445928\n|move|p1a: Talonflame|Brave Bird|p2a: Skeledirge\n|-damage|p2a: Skeledirge|61/294\n|-damage|p1a: Talonflame|175/265|[from] Recoil\n|move|p2a: Skeledirge|Slack Off|p2a: Skeledirge\n|-heal|p2a: Skeledirge|208/294\n|\n|upkeep\n|turn|10\n|\n|t:|1781445947\n|move|p1a: Talonflame|Roost|p1a: Talonflame\n|-heal|p1a: Talonflame|265/265\n|-singleturn|p1a: Talonflame|move: Roost\n|move|p2a: Skeledirge|Slack Off|p2a: Skeledirge\n|-heal|p2a: Skeledirge|294/294\n|\n|upkeep\n|turn|11\n|\n|t:|1781445951\n|move|p1a: Talonflame|Brave Bird|p2a: Skeledirge\n|-damage|p2a: Skeledirge|183/294\n|-damage|p1a: Talonflame|228/265|[from] Recoil\n|move|p2a: Skeledirge|Torch Song|p1a: Talonflame\n|-resisted|p1a: Talonflame\n|-damage|p1a: Talonflame|149/265\n|-boost|p2a: Skeledirge|spa|1\n|\n|upkeep\n|turn|12\n|\n|t:|1781445957\n|move|p1a: Talonflame|Brave Bird|p2a: Skeledirge\n|-damage|p2a: Skeledirge|87/294\n|-damage|p1a: Talonflame|117/265|[from] Recoil\n|move|p2a: Skeledirge|Slack Off|p2a: Skeledirge\n|-heal|p2a: Skeledirge|234/294\n|\n|upkeep\n|turn|13\n|\n|t:|1781445969\n|move|p1a: Talonflame|U-turn|p2a: Skeledirge\n|-resisted|p2a: Skeledirge\n|-damage|p2a: Skeledirge|224/294\n|\n|t:|1781445982\n|switch|p1a: Skuntank|Skuntank, L84, M|229/310 brn|[from] U-turn\n|-activate|p1a: Skuntank|move: Sticky Web\n|-unboost|p1a: Skuntank|spe|1\n|move|p2a: Skeledirge|Torch Song|p1a: Skuntank\n|-damage|p1a: Skuntank|21/310 brn\n|-boost|p2a: Skeledirge|spa|1\n|\n|-damage|p1a: Skuntank|2/310 brn|[from] brn\n|upkeep\n|turn|14\n|\n|t:|1781445994\n|move|p2a: Skeledirge|Hex|p1a: Skuntank\n|-resisted|p1a: Skuntank\n|-damage|p1a: Skuntank|0 fnt\n|faint|p1a: Skuntank\n|\n|upkeep\n|\n|t:|1781445998\n|switch|p1a: Deoxys|Deoxys-Attack, L72|219/219\n|-activate|p1a: Deoxys|move: Sticky Web\n|-unboost|p1a: Deoxys|spe|1\n|turn|15\n|\n|t:|1781446013\n|move|p2a: Skeledirge|Torch Song|p1a: Deoxys\n|-damage|p1a: Deoxys|0 fnt\n|-boost|p2a: Skeledirge|spa|1\n|replace|p1a: Zoroark|Zoroark-Hisui, L80, F\n|-end|p1a: Zoroark|Illusion\n|-hint|Illusion Level Mod is active, so this Pok\u00e9mon's true level was hidden.\n|faint|p1a: Zoroark\n|\n|upkeep\n|inactive|Jefejenaro has 120 seconds left.\n|-message|Jefejenaro forfeited.\n|\n|win|pablovr\n", "uploadtime": 1781445828, "views": 6, "formatid": "gen9randombattle", "rating": null, "private": 0, "password": null}