{"id": "gen9randombattle-2631870808", "format": "[Gen 9] Random Battle", "players": ["DEVILICEMIN", "Hogrider2000"], "log": "|j|\u2606DEVILICEMIN\n|j|\u203dHogrider2000\n|t:|1781450337\n|gametype|singles\n|player|p1|DEVILICEMIN|265|2065\n|player|p2|Hogrider2000|1|2079\n|gen|9\n|tier|[Gen 9] Random Battle\n|rated|\n|rule|Species Clause: Limit one of each Pok\u00e9mon\n|rule|HP Percentage Mod: HP is shown in percentages\n|rule|Sleep Clause Mod: Limit one foe put to sleep\n|rule|Illusion Level Mod: Illusion disguises the Pok\u00e9mon's true level\n|\n|t:|1781450337\n|teamsize|p1|6\n|teamsize|p2|6\n|start\n|switch|p1a: Vigoroth|Vigoroth, L85, F|275/275\n|switch|p2a: Annihilape|Annihilape, L76, M|292/292\n|turn|1\n|inactive|Battle timer is ON: inactive players will automatically lose when time's up. (requested by Hogrider2000)\n|inactive|DEVILICEMIN has 120 seconds left.\n|\n|t:|1781450377\n|switch|p1a: Vikavolt|Vikavolt, L83, F|263/263\n|move|p2a: Annihilape|Drain Punch|p1a: Vikavolt\n|-resisted|p1a: Vikavolt\n|-damage|p1a: Vikavolt|227/263\n|\n|upkeep\n|turn|2\n|\n|t:|1781450392\n|switch|p2a: Golem|Golem, L87, F|281/281\n|move|p1a: Vikavolt|Sticky Web|p2a: Golem\n|-sidestart|p2: Hogrider2000|move: Sticky Web\n|\n|upkeep\n|turn|3\n|\n|t:|1781450400\n|switch|p1a: Groudon|Groudon, L72|263/263\n|-weather|SunnyDay|[from] ability: Drought|[of] p1a: Groudon\n|move|p2a: Golem|Stone Edge|p1a: Groudon\n|-resisted|p1a: Groudon\n|-damage|p1a: Groudon|207/263\n|\n|-weather|SunnyDay|[upkeep]\n|-heal|p1a: Groudon|223/263|[from] item: Leftovers\n|upkeep\n|turn|4\n|inactive|DEVILICEMIN has 120 seconds left.\n|\n|t:|1781450438\n|move|p1a: Groudon|Stealth Rock|p2a: Golem\n|-sidestart|p2: Hogrider2000|move: Stealth Rock\n|move|p2a: Golem|Earthquake|p1a: Groudon\n|-damage|p1a: Groudon|118/263\n|\n|-weather|SunnyDay|[upkeep]\n|-heal|p1a: Groudon|134/263|[from] item: Leftovers\n|upkeep\n|turn|5\n|\n|t:|1781450443\n|move|p1a: Groudon|Precipice Blades|p2a: Golem|[miss]\n|-miss|p1a: Groudon|p2a: Golem\n|move|p2a: Golem|Earthquake|p1a: Groudon\n|-damage|p1a: Groudon|29/263\n|\n|-weather|SunnyDay|[upkeep]\n|-heal|p1a: Groudon|45/263|[from] item: Leftovers\n|upkeep\n|turn|6\n|\n|t:|1781450445\n|move|p1a: Groudon|Precipice Blades|p2a: Golem\n|-supereffective|p2a: Golem\n|-damage|p2a: Golem|101/281\n|move|p2a: Golem|Earthquake|p1a: Groudon\n|-damage|p1a: Groudon|0 fnt\n|faint|p1a: Groudon\n|\n|-weather|SunnyDay|[upkeep]\n|upkeep\n|\n|t:|1781450456\n|switch|p1a: Magearna|Magearna, L77|250/250\n|turn|7\n|\n|t:|1781450463\n|move|p1a: Magearna|Flash Cannon|p2a: Golem\n|-supereffective|p2a: Golem\n|-damage|p2a: Golem|0 fnt\n|faint|p2a: Golem\n|-ability|p1a: Magearna|Soul-Heart|boost\n|-boost|p1a: Magearna|spa|1\n|\n|-weather|none\n|upkeep\n|\n|t:|1781450471\n|switch|p2a: Raikou|Raikou, L81|278/278\n|-activate|p2a: Raikou|move: Sticky Web\n|-unboost|p2a: Raikou|spe|1\n|-damage|p2a: Raikou|244/278|[from] Stealth Rock\n|-ability|p2a: Raikou|Pressure\n|turn|8\n|\n|t:|1781450478\n|switch|p1a: Terapagos|Terapagos, L77, M|265/265\n|-activate|p1a: Terapagos|ability: Tera Shift\n|detailschange|p1a: Terapagos|Terapagos-Terastal, L77, M\n|-heal|p1a: Terapagos|273/273|[silent]\n|move|p2a: Raikou|Calm Mind|p2a: Raikou\n|-boost|p2a: Raikou|spa|1\n|-boost|p2a: Raikou|spd|1\n|\n|-heal|p2a: Raikou|261/278|[from] item: Leftovers\n|upkeep\n|turn|9\n|\n|t:|1781450482\n|move|p1a: Terapagos|Calm Mind|p1a: Terapagos\n|-boost|p1a: Terapagos|spa|1\n|-boost|p1a: Terapagos|spd|1\n|move|p2a: Raikou|Calm Mind|p2a: Raikou\n|-boost|p2a: Raikou|spa|1\n|-boost|p2a: Raikou|spd|1\n|\n|-heal|p2a: Raikou|278/278|[from] item: Leftovers\n|upkeep\n|turn|10\n|\n|t:|1781450484\n|move|p1a: Terapagos|Calm Mind|p1a: Terapagos\n|-boost|p1a: Terapagos|spa|1\n|-boost|p1a: Terapagos|spd|1\n|move|p2a: Raikou|Calm Mind|p2a: Raikou\n|-boost|p2a: Raikou|spa|1\n|-boost|p2a: Raikou|spd|1\n|\n|upkeep\n|turn|11\n|\n|t:|1781450486\n|move|p1a: Terapagos|Calm Mind|p1a: Terapagos\n|-boost|p1a: Terapagos|spa|1\n|-boost|p1a: Terapagos|spd|1\n|move|p2a: Raikou|Calm Mind|p2a: Raikou\n|-boost|p2a: Raikou|spa|1\n|-boost|p2a: Raikou|spd|1\n|\n|upkeep\n|turn|12\n|\n|t:|1781450488\n|move|p1a: Terapagos|Calm Mind|p1a: Terapagos\n|-boost|p1a: Terapagos|spa|1\n|-boost|p1a: Terapagos|spd|1\n|move|p2a: Raikou|Calm Mind|p2a: Raikou\n|-boost|p2a: Raikou|spa|1\n|-boost|p2a: Raikou|spd|1\n|\n|upkeep\n|turn|13\n|\n|t:|1781450490\n|move|p1a: Terapagos|Calm Mind|p1a: Terapagos\n|-boost|p1a: Terapagos|spa|1\n|-boost|p1a: Terapagos|spd|1\n|move|p2a: Raikou|Calm Mind|p2a: Raikou\n|-boost|p2a: Raikou|spa|1\n|-boost|p2a: Raikou|spd|1\n|\n|upkeep\n|turn|14\n|\n|t:|1781450493\n|move|p1a: Terapagos|Calm Mind|p1a: Terapagos\n|-boost|p1a: Terapagos|spa|1\n|-boost|p1a: Terapagos|spd|1\n|move|p2a: Raikou|Thunderbolt|p1a: Terapagos\n|-activate|p1a: Terapagos|ability: Tera Shell\n|-resisted|p1a: Terapagos\n|-damage|p1a: Terapagos|222/273\n|\n|upkeep\n|turn|15\n|\n|t:|1781450496\n|move|p1a: Terapagos|Tera Starstorm|p2a: Raikou\n|-damage|p2a: Raikou|173/278\n|move|p2a: Raikou|Substitute|p2a: Raikou\n|-start|p2a: Raikou|Substitute\n|-damage|p2a: Raikou|104/278\n|\n|-heal|p2a: Raikou|121/278|[from] item: Leftovers\n|upkeep\n|turn|16\n|\n|t:|1781450504\n|move|p1a: Terapagos|Tera Starstorm|p2a: Raikou\n|-end|p2a: Raikou|Substitute\n|move|p2a: Raikou|Thunderbolt|p1a: Terapagos\n|-damage|p1a: Terapagos|135/273\n|\n|-heal|p2a: Raikou|138/278|[from] item: Leftovers\n|upkeep\n|turn|17\n|\n|t:|1781450510\n|move|p1a: Terapagos|Tera Starstorm|p2a: Raikou\n|-damage|p2a: Raikou|29/278\n|move|p2a: Raikou|Thunderbolt|p1a: Terapagos\n|-damage|p1a: Terapagos|38/273\n|\n|-heal|p2a: Raikou|46/278|[from] item: Leftovers\n|upkeep\n|turn|18\n|\n|t:|1781450513\n|move|p1a: Terapagos|Rest|p1a: Terapagos\n|-status|p1a: Terapagos|slp|[from] move: Rest\n|-heal|p1a: Terapagos|273/273 slp|[silent]\n|-enditem|p1a: Terapagos|Chesto Berry|[eat]\n|-curestatus|p1a: Terapagos|slp|[msg]\n|move|p2a: Raikou|Thunderbolt|p1a: Terapagos\n|-activate|p1a: Terapagos|ability: Tera Shell\n|-resisted|p1a: Terapagos\n|-damage|p1a: Terapagos|228/273\n|-status|p1a: Terapagos|par\n|\n|-heal|p2a: Raikou|63/278|[from] item: Leftovers\n|upkeep\n|turn|19\n|\n|t:|1781450519\n|move|p2a: Raikou|Thunderbolt|p1a: Terapagos\n|-crit|p1a: Terapagos\n|-damage|p1a: Terapagos|0 fnt\n|faint|p1a: Terapagos\n|\n|-heal|p2a: Raikou|80/278|[from] item: Leftovers\n|upkeep\n|\n|t:|1781450526\n|switch|p1a: Vigoroth|Vigoroth, L85, F|275/275\n|turn|20\n|\n|t:|1781450530\n|move|p1a: Vigoroth|Earthquake|p2a: Raikou\n|-supereffective|p2a: Raikou\n|-crit|p2a: Raikou\n|-damage|p2a: Raikou|0 fnt\n|faint|p2a: Raikou\n|\n|upkeep\n|\n|t:|1781450531\n|switch|p2a: Annihilape|Annihilape, L76, M|292/292\n|-activate|p2a: Annihilape|move: Sticky Web\n|-unboost|p2a: Annihilape|spe|1\n|-ability|p2a: Annihilape|Defiant|boost\n|-boost|p2a: Annihilape|atk|2\n|-damage|p2a: Annihilape|274/292|[from] Stealth Rock\n|turn|21\n|\n|t:|1781450537\n|switch|p1a: Vikavolt|Vikavolt, L83, F|227/263\n|move|p2a: Annihilape|Drain Punch|p1a: Vikavolt\n|-resisted|p1a: Vikavolt\n|-damage|p1a: Vikavolt|152/263\n|-heal|p2a: Annihilape|292/292|[from] drain|[of] p1a: Vikavolt\n|\n|upkeep\n|turn|22\n|\n|t:|1781450549\n|switch|p2a: Cacturne|Cacturne, L92, M|278/278\n|-activate|p2a: Cacturne|move: Sticky Web\n|-unboost|p2a: Cacturne|spe|1\n|-damage|p2a: Cacturne|244/278|[from] Stealth Rock\n|move|p1a: Vikavolt|Discharge|p2a: Cacturne\n|-resisted|p2a: Cacturne\n|-damage|p2a: Cacturne|178/278\n|\n|upkeep\n|turn|23\n|\n|t:|1781450553\n|move|p2a: Cacturne|Sucker Punch|p1a: Vikavolt\n|-damage|p1a: Vikavolt|10/263\n|-damage|p2a: Cacturne|151/278|[from] item: Life Orb\n|move|p1a: Vikavolt|Bug Buzz|p2a: Cacturne\n|-supereffective|p2a: Cacturne\n|-damage|p2a: Cacturne|0 fnt\n|faint|p2a: Cacturne\n|\n|upkeep\n|\n|t:|1781450557\n|switch|p2a: Annihilape|Annihilape, L76, M|292/292\n|-activate|p2a: Annihilape|move: Sticky Web\n|-unboost|p2a: Annihilape|spe|1\n|-ability|p2a: Annihilape|Defiant|boost\n|-boost|p2a: Annihilape|atk|2\n|-damage|p2a: Annihilape|274/292|[from] Stealth Rock\n|turn|24\n|\n|t:|1781450561\n|move|p2a: Annihilape|Drain Punch|p1a: Vikavolt\n|-resisted|p1a: Vikavolt\n|-damage|p1a: Vikavolt|0 fnt\n|-heal|p2a: Annihilape|279/292|[from] drain|[of] p1a: Vikavolt\n|faint|p1a: Vikavolt\n|\n|upkeep\n|\n|t:|1781450564\n|switch|p1a: Magearna|Magearna, L77|250/250\n|turn|25\n|\n|t:|1781450571\n|-terastallize|p2a: Annihilape|Fairy\n|move|p1a: Magearna|Fleur Cannon|p2a: Annihilape\n|-damage|p2a: Annihilape|56/292\n|-unboost|p1a: Magearna|spa|2\n|move|p2a: Annihilape|Drain Punch|p1a: Magearna\n|-damage|p1a: Magearna|120/250\n|-heal|p2a: Annihilape|121/292|[from] drain|[of] p1a: Magearna\n|\n|upkeep\n|turn|26\n|\n|t:|1781450581\n|move|p1a: Magearna|Fleur Cannon|p2a: Annihilape\n|-damage|p2a: Annihilape|0 fnt\n|-unboost|p1a: Magearna|spa|2\n|faint|p2a: Annihilape\n|-ability|p1a: Magearna|Soul-Heart|boost\n|-boost|p1a: Magearna|spa|1\n|\n|upkeep\n|\n|t:|1781450583\n|switch|p2a: Polteageist|Polteageist, L78|222/222\n|-activate|p2a: Polteageist|move: Sticky Web\n|-unboost|p2a: Polteageist|spe|1\n|-damage|p2a: Polteageist|195/222|[from] Stealth Rock\n|-enditem|p2a: Polteageist|White Herb\n|-clearnegativeboost|p2a: Polteageist|[silent]\n|turn|27\n|\n|t:|1781450587\n|switch|p1a: Vigoroth|Vigoroth, L85, F|275/275\n|move|p2a: Polteageist|Shell Smash|p2a: Polteageist\n|-unboost|p2a: Polteageist|def|1\n|-unboost|p2a: Polteageist|spd|1\n|-boost|p2a: Polteageist|atk|2\n|-boost|p2a: Polteageist|spa|2\n|-boost|p2a: Polteageist|spe|2\n|\n|upkeep\n|turn|28\n|\n|t:|1781450592\n|move|p2a: Polteageist|Strength Sap|p1a: Vigoroth\n|-unboost|p1a: Vigoroth|atk|1\n|-heal|p2a: Polteageist|222/222\n|move|p1a: Vigoroth|Earthquake|p2a: Polteageist\n|-damage|p2a: Polteageist|134/222\n|\n|upkeep\n|turn|29\n|\n|t:|1781450595\n|move|p2a: Polteageist|Strength Sap|p1a: Vigoroth\n|-unboost|p1a: Vigoroth|atk|1\n|-heal|p2a: Polteageist|222/222\n|move|p1a: Vigoroth|Earthquake|p2a: Polteageist\n|-damage|p2a: Polteageist|163/222\n|-start|p1a: Vigoroth|Disable|Earthquake|[from] ability: Cursed Body|[of] p2a: Polteageist\n|\n|upkeep\n|turn|30\n|\n|t:|1781450601\n|move|p2a: Polteageist|Stored Power|p1a: Vigoroth\n|-damage|p1a: Vigoroth|85/275\n|move|p1a: Vigoroth|Bulk Up|p1a: Vigoroth\n|-boost|p1a: Vigoroth|atk|1\n|-boost|p1a: Vigoroth|def|1\n|\n|upkeep\n|turn|31\n|\n|t:|1781450605\n|move|p2a: Polteageist|Shell Smash|p2a: Polteageist\n|-unboost|p2a: Polteageist|def|1\n|-unboost|p2a: Polteageist|spd|1\n|-boost|p2a: Polteageist|atk|2\n|-boost|p2a: Polteageist|spa|2\n|-boost|p2a: Polteageist|spe|2\n|move|p1a: Vigoroth|Slack Off|p1a: Vigoroth\n|-heal|p1a: Vigoroth|223/275\n|\n|upkeep\n|turn|32\n|\n|t:|1781450610\n|move|p2a: Polteageist|Stored Power|p1a: Vigoroth\n|-damage|p1a: Vigoroth|0 fnt\n|faint|p1a: Vigoroth\n|\n|upkeep\n|\n|t:|1781450612\n|switch|p1a: Empoleon|Empoleon, L84, F|278/278\n|turn|33\n|\n|t:|1781450624\n|move|p2a: Polteageist|Shadow Ball|p1a: Empoleon\n|-damage|p1a: Empoleon|31/278\n|move|p1a: Empoleon|Knock Off|p2a: Polteageist\n|-supereffective|p2a: Polteageist\n|-crit|p2a: Polteageist\n|-damage|p2a: Polteageist|0 fnt\n|faint|p2a: Polteageist\n|\n|-heal|p1a: Empoleon|48/278|[from] item: Leftovers\n|upkeep\n|\n|t:|1781450627\n|switch|p2a: Sawsbuck|Sawsbuck-Winter, L88, F|284/284\n|-activate|p2a: Sawsbuck|move: Sticky Web\n|-unboost|p2a: Sawsbuck|spe|1\n|-damage|p2a: Sawsbuck|249/284|[from] Stealth Rock\n|turn|34\n|\n|t:|1781450632\n|move|p1a: Empoleon|Knock Off|p2a: Sawsbuck\n|-damage|p2a: Sawsbuck|174/284\n|-enditem|p2a: Sawsbuck|Life Orb|[from] move: Knock Off|[of] p1a: Empoleon\n|move|p2a: Sawsbuck|Horn Leech|p1a: Empoleon\n|-damage|p1a: Empoleon|0 fnt\n|-heal|p2a: Sawsbuck|198/284|[from] drain|[of] p1a: Empoleon\n|faint|p1a: Empoleon\n|\n|upkeep\n|\n|t:|1781450635\n|switch|p1a: Magearna|Magearna, L77|120/250\n|turn|35\n|\n|t:|1781450638\n|-terastallize|p1a: Magearna|Fighting\n|move|p1a: Magearna|Aura Sphere|p2a: Sawsbuck\n|-supereffective|p2a: Sawsbuck\n|-damage|p2a: Sawsbuck|0 fnt\n|faint|p2a: Sawsbuck\n|\n|win|DEVILICEMIN\n", "inputlog": ">version a8376a258c1d4662feba110a92103f3664a72141\n>start {\"formatid\":\"gen9randombattle\",\"seed\":\"sodium,cc69c0050ec433f12c8b1d3ce4fa2ccc\",\"rated\":\"Rated battle\"}\n>player p1 {\"name\":\"DEVILICEMIN\",\"avatar\":\"265\",\"rating\":2065,\"seed\":\"sodium,313144a49bed0b35e7c54b14db05f1db\"}\n>player p2 {\"name\":\"Hogrider2000\",\"avatar\":\"1\",\"rating\":2079,\"seed\":\"sodium,0dd1f2683febf996e6fcf479c176772c\"}\n>p1 switch 5\n>p2 move drainpunch\n>p1 move stickyweb\n>p2 switch 3\n>p1 switch 4\n>p2 move stoneedge\n>p1 move stealthrock\n>p2 move earthquake\n>p1 move precipiceblades\n>p2 move earthquake\n>p1 move precipiceblades\n>p2 move earthquake\n>p1 switch 6\n>p1 move flashcannon\n>p2 move earthquake\n>p2 switch 6\n>p1 switch 2\n>p2 move calmmind\n>p1 move calmmind\n>p2 move calmmind\n>p1 move calmmind\n>p2 move calmmind\n>p1 move calmmind\n>p2 move calmmind\n>p1 move calmmind\n>p2 move calmmind\n>p1 move calmmind\n>p2 move calmmind\n>p1 move calmmind\n>p2 move thunderbolt\n>p1 move terastarstorm\n>p2 move substitute\n>p1 move terastarstorm\n>p2 move thunderbolt\n>p1 move terastarstorm\n>p2 move thunderbolt\n>p1 move rest\n>p2 move thunderbolt\n>p1 move terastarstorm\n>p2 move thunderbolt\n>p1 switch 5\n>p1 move earthquake\n>p2 move thunderbolt\n>p2 switch 3\n>p1 switch 4\n>p2 move drainpunch\n>p1 move discharge\n>p2 switch 4\n>p1 move bugbuzz\n>p2 move suckerpunch\n>p2 switch 4\n>p1 move discharge\n>p2 move drainpunch\n>p1 switch 2\n>p1 move fleurcannon\n>p2 move drainpunch terastallize\n>p1 move fleurcannon\n>p2 move drainpunch\n>p2 switch 5\n>p1 switch 4\n>p2 move shellsmash\n>p1 move earthquake\n>p2 move strengthsap\n>p1 move earthquake\n>p2 move strengthsap\n>p1 move bulkup\n>p2 move storedpower\n>p1 move slackoff\n>p2 move shellsmash\n>p1 move bulkup\n>p2 move storedpower\n>p1 switch 3\n>p1 move knockoff\n>p2 move shadowball\n>p2 switch 2\n>p1 move knockoff\n>p2 move hornleech\n>p1 switch 4\n>p1 move aurasphere terastallize\n>p2 move highhorsepower", "uploadtime": 1781450339, "views": 5, "formatid": "gen9randombattle", "rating": null, "private": 0, "password": null}