{"id": "gen9randombattle-2631719194", "format": "[Gen 9] Random Battle", "players": ["Arayze", "tobititz"], "log": "|j|\u203dArayze\n|j|\u2606tobititz\n|t:|1781428021\n|gametype|singles\n|player|p1|Arayze|flint|1849\n|player|p2|tobititz|2|1928\n|gen|9\n|tier|[Gen 9] Random Battle\n|rated|\n|rule|Species Clause: Limit one of each Pok\u00e9mon\n|rule|HP Percentage Mod: HP is shown in percentages\n|rule|Sleep Clause Mod: Limit one foe put to sleep\n|rule|Illusion Level Mod: Illusion disguises the Pok\u00e9mon's true level\n|\n|t:|1781428021\n|teamsize|p1|6\n|teamsize|p2|6\n|start\n|switch|p1a: Necrozma|Necrozma, L80|286/286\n|switch|p2a: Delphox|Delphox, L84, M|263/263\n|turn|1\n|inactive|Battle timer is ON: inactive players will automatically lose when time's up. (requested by Arayze)\n|\n|t:|1781428033\n|move|p2a: Delphox|Fire Blast|p1a: Necrozma\n|-damage|p1a: Necrozma|154/286\n|-status|p1a: Necrozma|brn\n|move|p1a: Necrozma|Swords Dance|p1a: Necrozma\n|-boost|p1a: Necrozma|atk|2\n|\n|-damage|p1a: Necrozma|137/286 brn|[from] brn\n|upkeep\n|turn|2\n|\n|t:|1781428043\n|switch|p2a: Flamigo|Flamigo, L82, M|269/269\n|move|p1a: Necrozma|Knock Off|p2a: Flamigo\n|-resisted|p2a: Flamigo\n|-damage|p2a: Flamigo|217/269\n|-enditem|p2a: Flamigo|Choice Scarf|[from] move: Knock Off|[of] p1a: Necrozma\n|-damage|p1a: Necrozma|109/286 brn|[from] item: Life Orb\n|\n|-damage|p1a: Necrozma|92/286 brn|[from] brn\n|upkeep\n|turn|3\n|\n|t:|1781428047\n|move|p2a: Flamigo|Throat Chop|p1a: Necrozma\n|-supereffective|p1a: Necrozma\n|-damage|p1a: Necrozma|0 fnt\n|faint|p1a: Necrozma\n|\n|upkeep\n|\n|t:|1781428054\n|switch|p1a: Mudsdale|Mudsdale, L83, F|302/302\n|turn|4\n|\n|t:|1781428058\n|switch|p2a: Electrode|Electrode-Hisui, L87|246/246\n|move|p1a: Mudsdale|Stealth Rock|p2a: Electrode\n|-sidestart|p2: tobititz|move: Stealth Rock\n|\n|upkeep\n|turn|5\n|\n|t:|1781428063\n|switch|p1a: Flapple|Flapple, L88, M|266/266\n|move|p2a: Electrode|Giga Drain|p1a: Flapple\n|-resisted|p1a: Flapple\n|-damage|p1a: Flapple|235/266\n|-damage|p2a: Electrode|222/246|[from] item: Life Orb\n|\n|upkeep\n|turn|6\n|\n|t:|1781428066\n|move|p2a: Electrode|Taunt|p1a: Flapple\n|-start|p1a: Flapple|move: Taunt\n|move|p1a: Flapple|U-turn|p2a: Electrode|[miss]\n|-miss|p1a: Flapple|p2a: Electrode\n|\n|upkeep\n|turn|7\n|\n|t:|1781428071\n|switch|p2a: Flamigo|Flamigo, L82, M|217/269\n|-damage|p2a: Flamigo|184/269|[from] Stealth Rock\n|move|p1a: Flapple|U-turn|p2a: Flamigo\n|-resisted|p2a: Flamigo\n|-damage|p2a: Flamigo|146/269\n|\n|t:|1781428083\n|switch|p1a: Mudsdale|Mudsdale, L83, F|302/302|[from] U-turn\n|\n|upkeep\n|turn|8\n|inactive|tobititz has 120 seconds left.\n|\n|t:|1781428115\n|switch|p2a: Electrode|Electrode-Hisui, L87|222/246\n|-damage|p2a: Electrode|192/246|[from] Stealth Rock\n|move|p1a: Mudsdale|Stone Edge|p2a: Electrode\n|-damage|p2a: Electrode|95/246\n|\n|upkeep\n|turn|9\n|\n|t:|1781428122\n|move|p2a: Electrode|Thunder Wave|p1a: Mudsdale\n|-immune|p1a: Mudsdale\n|move|p1a: Mudsdale|Earthquake|p2a: Electrode\n|-damage|p2a: Electrode|0 fnt\n|faint|p2a: Electrode\n|\n|upkeep\n|\n|t:|1781428133\n|switch|p2a: Goodra|Goodra, L85, M|292/292\n|-damage|p2a: Goodra|256/292|[from] Stealth Rock\n|turn|10\n|\n|t:|1781428142\n|move|p2a: Goodra|Knock Off|p1a: Mudsdale\n|-damage|p1a: Mudsdale|239/302\n|-ability|p1a: Mudsdale|Stamina|boost\n|-boost|p1a: Mudsdale|def|1\n|-enditem|p1a: Mudsdale|Leftovers|[from] move: Knock Off|[of] p2a: Goodra\n|move|p1a: Mudsdale|Earthquake|p2a: Goodra\n|-damage|p2a: Goodra|111/292\n|\n|upkeep\n|turn|11\n|\n|t:|1781428151\n|move|p2a: Goodra|Draco Meteor|p1a: Mudsdale\n|-damage|p1a: Mudsdale|74/302\n|-unboost|p2a: Goodra|spa|2\n|-ability|p1a: Mudsdale|Stamina|boost\n|-boost|p1a: Mudsdale|def|1\n|move|p1a: Mudsdale|Earthquake|p2a: Goodra\n|-damage|p2a: Goodra|0 fnt\n|faint|p2a: Goodra\n|\n|upkeep\n|\n|t:|1781428157\n|switch|p2a: Delphox|Delphox, L84, M|263/263\n|turn|12\n|\n|t:|1781428161\n|move|p2a: Delphox|Fire Blast|p1a: Mudsdale|[miss]\n|-miss|p2a: Delphox|p1a: Mudsdale\n|move|p1a: Mudsdale|Earthquake|p2a: Delphox\n|-supereffective|p2a: Delphox\n|-damage|p2a: Delphox|0 fnt\n|faint|p2a: Delphox\n|\n|upkeep\n|-message|tobititz forfeited.\n|\n|win|Arayze\n|raw|Arayze's rating: 1849 &rarr; <strong>1873</strong><br />(+24 for winning)\n|raw|tobititz's rating: 1928 &rarr; <strong>1904</strong><br />(-24 for losing)\n", "inputlog": ">version a8376a258c1d4662feba110a92103f3664a72141\n>start {\"formatid\":\"gen9randombattle\",\"seed\":\"sodium,31f1b19835e54f1faafe72345b9b601a\",\"rated\":\"Rated battle\"}\n>player p1 {\"name\":\"Arayze\",\"avatar\":\"flint\",\"rating\":1849,\"seed\":\"sodium,e4706fe5ddbae3d835cce35b834b1d46\"}\n>player p2 {\"name\":\"tobititz\",\"avatar\":\"2\",\"rating\":1928,\"seed\":\"sodium,641b2bc92d535184d5458225ba568d5c\"}\n>p1 move swordsdance\n>p2 move fireblast\n>p1 move knockoff\n>p2 switch 3\n>p1 move photongeyser\n>p2 move throatchop\n>p1 switch 3\n>p1 move stealthrock\n>p2 switch 2\n>p1 switch 5\n>p2 move gigadrain\n>p1 move uturn\n>p2 move taunt\n>p1 move uturn\n>p2 switch 2\n>p1 switch 5\n>p1 move stoneedge\n>p2 switch 2\n>p1 move earthquake\n>p2 move thunderwave\n>p2 switch 5\n>p1 move earthquake\n>p2 move knockoff\n>p1 move earthquake\n>p2 move dracometeor\n>p2 switch 3\n>p1 move earthquake\n>p2 move fireblast\n>forcelose p2", "uploadtime": 1781428163, "views": 4, "formatid": "gen9randombattle", "rating": 1873, "private": 0, "password": null}