{"id": "gen9randombattle-2631545478", "format": "[Gen 9] Random Battle", "players": ["erobbbrittdivorce", "TheFineMantine"], "log": "|j|\u2606erobbbrittdivorce\n|j|\u2606TheFineMantine\n|t:|1781399340\n|gametype|singles\n|player|p1|erobbbrittdivorce|1|2188\n|player|p2|TheFineMantine|sordward|2201\n|gen|9\n|tier|[Gen 9] Random Battle\n|rated|\n|rule|Species Clause: Limit one of each Pok\u00e9mon\n|rule|HP Percentage Mod: HP is shown in percentages\n|rule|Sleep Clause Mod: Limit one foe put to sleep\n|rule|Illusion Level Mod: Illusion disguises the Pok\u00e9mon's true level\n|\n|t:|1781399340\n|teamsize|p1|6\n|teamsize|p2|6\n|start\n|switch|p1a: Blastoise|Blastoise, L80, F|258/258\n|switch|p2a: Venusaur|Venusaur, L84, F|272/272\n|turn|1\n|inactive|Battle timer is ON: inactive players will automatically lose when time's up. (requested by erobbbrittdivorce)\n|\n|t:|1781399364\n|switch|p1a: Cyclizar|Cyclizar, L83, F|252/252\n|move|p2a: Venusaur|Leech Seed|p1a: Cyclizar\n|-start|p1a: Cyclizar|move: Leech Seed\n|\n|-damage|p1a: Cyclizar|221/252|[from] Leech Seed|[of] p2a: Venusaur\n|upkeep\n|turn|2\n|\n|t:|1781399367\n|move|p1a: Cyclizar|Shed Tail|p1a: Cyclizar\n|-start|p1a: Cyclizar|Substitute|[from] move: Shed Tail\n|-damage|p1a: Cyclizar|95/252\n|\n|t:|1781399369\n|switch|p1a: Articuno|Articuno-Galar, L84|288/288|[from] Shed Tail\n|move|p2a: Venusaur|Substitute|p2a: Venusaur\n|-start|p2a: Venusaur|Substitute\n|-damage|p2a: Venusaur|204/272\n|\n|-heal|p2a: Venusaur|221/272|[from] item: Leftovers\n|upkeep\n|turn|3\n|\n|t:|1781399372\n|move|p1a: Articuno|Freezing Glare|p2a: Venusaur\n|-supereffective|p2a: Venusaur\n|-end|p2a: Venusaur|Substitute\n|move|p2a: Venusaur|Sludge Bomb|p1a: Articuno\n|-end|p1a: Articuno|Substitute\n|\n|-heal|p2a: Venusaur|238/272|[from] item: Leftovers\n|upkeep\n|turn|4\n|\n|t:|1781399376\n|switch|p2a: Archaludon|Archaludon, L78, F|268/268\n|move|p1a: Articuno|Hurricane|p2a: Archaludon|[miss]\n|-miss|p1a: Articuno|p2a: Archaludon\n|\n|upkeep\n|turn|5\n|\n|t:|1781399382\n|switch|p1a: Houndstone|Houndstone, L86, F|264/264\n|move|p2a: Archaludon|Dragon Tail|p1a: Houndstone\n|-damage|p1a: Houndstone|237/264\n|drag|p1a: Articuno|Articuno-Galar, L84|288/288\n|\n|upkeep\n|turn|6\n|\n|t:|1781399386\n|switch|p1a: Houndstone|Houndstone, L86, F|237/264\n|move|p2a: Archaludon|Dragon Tail|p1a: Houndstone\n|-damage|p1a: Houndstone|211/264\n|drag|p1a: Cetitan|Cetitan, L82, F|412/412\n|\n|upkeep\n|turn|7\n|\n|t:|1781399392\n|switch|p1a: Houndstone|Houndstone, L86, F|211/264\n|move|p2a: Archaludon|Flash Cannon|p1a: Houndstone\n|-damage|p1a: Houndstone|132/264\n|\n|-heal|p1a: Houndstone|148/264|[from] item: Leftovers\n|upkeep\n|turn|8\n|\n|t:|1781399396\n|move|p2a: Archaludon|Flash Cannon|p1a: Houndstone\n|-damage|p1a: Houndstone|67/264\n|move|p1a: Houndstone|Poltergeist|p2a: Archaludon\n|-activate|p2a: Archaludon|move: Poltergeist|Assault Vest\n|-damage|p2a: Archaludon|175/268\n|-ability|p2a: Archaludon|Stamina|boost\n|-boost|p2a: Archaludon|def|1\n|\n|-heal|p1a: Houndstone|83/264|[from] item: Leftovers\n|upkeep\n|turn|9\n|\n|t:|1781399415\n|switch|p1a: Blastoise|Blastoise, L80, F|258/258\n|move|p2a: Archaludon|Flash Cannon|p1a: Blastoise\n|-resisted|p1a: Blastoise\n|-damage|p1a: Blastoise|218/258\n|\n|upkeep\n|turn|10\n|inactive|TheFineMantine has 120 seconds left.\n|\n|t:|1781399455\n|move|p1a: Blastoise|Ice Beam|p2a: Archaludon\n|-damage|p2a: Archaludon|128/268\n|-ability|p2a: Archaludon|Stamina|boost\n|-boost|p2a: Archaludon|def|1\n|move|p2a: Archaludon|Dragon Tail|p1a: Blastoise\n|-damage|p1a: Blastoise|164/258\n|drag|p1a: Sylveon|Sylveon, L85, M|300/300\n|\n|upkeep\n|turn|11\n|\n|t:|1781399469\n|move|p2a: Archaludon|Flash Cannon|p1a: Sylveon\n|-supereffective|p1a: Sylveon\n|-damage|p1a: Sylveon|178/300\n|move|p1a: Sylveon|Hyper Voice|p2a: Archaludon\n|-damage|p2a: Archaludon|1/268\n|-ability|p2a: Archaludon|Stamina|boost\n|-boost|p2a: Archaludon|def|1\n|\n|-heal|p1a: Sylveon|196/300|[from] item: Leftovers\n|upkeep\n|turn|12\n|\n|t:|1781399479\n|move|p1a: Sylveon|Protect|p1a: Sylveon\n|-singleturn|p1a: Sylveon|Protect\n|move|p2a: Archaludon|Flash Cannon|p1a: Sylveon\n|-activate|p1a: Sylveon|move: Protect\n|\n|-heal|p1a: Sylveon|214/300|[from] item: Leftovers\n|upkeep\n|turn|13\n|\n|t:|1781399482\n|move|p2a: Archaludon|Flash Cannon|p1a: Sylveon\n|-supereffective|p1a: Sylveon\n|-damage|p1a: Sylveon|94/300\n|move|p1a: Sylveon|Wish|p1a: Sylveon\n|\n|-heal|p1a: Sylveon|112/300|[from] item: Leftovers\n|upkeep\n|turn|14\n|\n|t:|1781399488\n|switch|p2a: Furret|Furret, L94, M|312/312\n|-item|p1a: Sylveon|Leftovers|[from] ability: Frisk|[of] p2a: Furret\n|move|p1a: Sylveon|Protect||[still]\n|-fail|p1a: Sylveon\n|\n|-heal|p1a: Sylveon|262/300|[from] move: Wish|[wisher] Sylveon\n|-heal|p1a: Sylveon|280/300|[from] item: Leftovers\n|upkeep\n|turn|15\n|\n|t:|1781399492\n|switch|p1a: Houndstone|Houndstone, L86, F|83/264\n|move|p2a: Furret|Tidy Up|p2a: Furret\n|-boost|p2a: Furret|atk|1\n|-boost|p2a: Furret|spe|1\n|\n|-heal|p1a: Houndstone|99/264|[from] item: Leftovers\n|upkeep\n|turn|16\n|\n|t:|1781399495\n|move|p2a: Furret|Knock Off|p1a: Houndstone\n|-supereffective|p1a: Houndstone\n|-damage|p1a: Houndstone|0 fnt\n|-enditem|p1a: Houndstone|Leftovers|[from] move: Knock Off|[of] p2a: Furret\n|faint|p1a: Houndstone\n|-damage|p2a: Furret|281/312|[from] item: Life Orb\n|\n|upkeep\n|\n|t:|1781399516\n|switch|p1a: Cetitan|Cetitan, L82, F|412/412\n|turn|17\n|\n|t:|1781399526\n|move|p2a: Furret|Brick Break|p1a: Cetitan\n|-supereffective|p1a: Cetitan\n|-damage|p1a: Cetitan|157/412\n|-enditem|p1a: Cetitan|Sitrus Berry|[eat]\n|-heal|p1a: Cetitan|260/412|[from] item: Sitrus Berry\n|-damage|p2a: Furret|250/312|[from] item: Life Orb\n|move|p1a: Cetitan|Ice Spinner|p2a: Furret\n|-damage|p2a: Furret|145/312\n|\n|upkeep\n|turn|18\n|\n|t:|1781399533\n|move|p1a: Cetitan|Ice Shard|p2a: Furret\n|-damage|p2a: Furret|93/312\n|move|p2a: Furret|Brick Break|p1a: Cetitan\n|-supereffective|p1a: Cetitan\n|-damage|p1a: Cetitan|8/412\n|-damage|p2a: Furret|62/312|[from] item: Life Orb\n|\n|upkeep\n|turn|19\n|\n|t:|1781399538\n|switch|p2a: Archaludon|Archaludon, L78, F|1/268\n|move|p1a: Cetitan|Ice Shard|p2a: Archaludon\n|-damage|p2a: Archaludon|0 fnt\n|faint|p2a: Archaludon\n|\n|upkeep\n|\n|t:|1781399541\n|switch|p2a: Orthworm|Orthworm, L88, M|266/266\n|turn|20\n|\n|t:|1781399546\n|switch|p1a: Blastoise|Blastoise, L80, F|164/258\n|move|p2a: Orthworm|Coil|p2a: Orthworm\n|-boost|p2a: Orthworm|atk|1\n|-boost|p2a: Orthworm|def|1\n|-boost|p2a: Orthworm|accuracy|1\n|\n|upkeep\n|turn|21\n|\n|t:|1781399564\n|move|p1a: Blastoise|Shell Smash|p1a: Blastoise\n|-unboost|p1a: Blastoise|def|1\n|-unboost|p1a: Blastoise|spd|1\n|-boost|p1a: Blastoise|atk|2\n|-boost|p1a: Blastoise|spa|2\n|-boost|p1a: Blastoise|spe|2\n|-enditem|p1a: Blastoise|White Herb\n|-clearnegativeboost|p1a: Blastoise|[silent]\n|move|p2a: Orthworm|Body Press|p1a: Blastoise\n|-damage|p1a: Blastoise|49/258\n|\n|upkeep\n|turn|22\n|\n|t:|1781399578\n|move|p1a: Blastoise|Hydro Pump|p2a: Orthworm|[miss]\n|-miss|p1a: Blastoise|p2a: Orthworm\n|move|p2a: Orthworm|Body Press|p1a: Blastoise\n|-damage|p1a: Blastoise|0 fnt\n|faint|p1a: Blastoise\n|\n|upkeep\n|\n|t:|1781399583\n|switch|p1a: Articuno|Articuno-Galar, L84|288/288\n|turn|23\n|\n|t:|1781399597\n|move|p1a: Articuno|Hurricane|p2a: Orthworm|[miss]\n|-miss|p1a: Articuno|p2a: Orthworm\n|move|p2a: Orthworm|Iron Tail|p1a: Articuno\n|-damage|p1a: Articuno|138/288\n|\n|upkeep\n|turn|24\n|-message|erobbbrittdivorce forfeited.\n|\n|win|TheFineMantine\n", "inputlog": ">version a8376a258c1d4662feba110a92103f3664a72141\n>start {\"formatid\":\"gen9randombattle\",\"seed\":\"sodium,d6178be9ab730858b2dc1a7f8b3a4d29\",\"rated\":\"Rated battle\"}\n>player p1 {\"name\":\"erobbbrittdivorce\",\"avatar\":\"1\",\"rating\":2188,\"seed\":\"sodium,7f2707b54eb88e1d733716c41fe86815\"}\n>player p2 {\"name\":\"TheFineMantine\",\"avatar\":\"sordward\",\"rating\":2201,\"seed\":\"sodium,7ea3c672c28202f0dc78416541a1a8c5\"}\n>p1 switch 5\n>p2 move leechseed\n>p1 move shedtail\n>p2 move substitute\n>p1 switch 3\n>p1 move freezingglare\n>p2 move sludgebomb\n>p1 move hurricane\n>p2 switch 4\n>p1 switch 6\n>p2 move dragontail\n>p1 switch 6\n>p2 move dragontail\n>p1 switch 2\n>p2 move flashcannon\n>p1 move poltergeist\n>p2 move flashcannon\n>p1 switch 5\n>p2 move flashcannon\n>p1 move icebeam\n>p2 move dragontail\n>p1 move hypervoice\n>p2 move flashcannon\n>p1 move protect\n>p2 move flashcannon\n>p1 move wish\n>p2 move flashcannon\n>p1 move protect\n>p2 switch 2\n>p1 switch 5\n>p2 move tidyup\n>p1 move bodypress\n>p2 move knockoff\n>p1 switch 2\n>p1 move icespinner\n>p2 move brickbreak\n>p1 move iceshard\n>p2 move brickbreak\n>p1 move iceshard\n>p2 switch 2\n>p2 switch 6\n>p1 switch 4\n>p2 move coil\n>p1 move shellsmash\n>p2 move bodypress\n>p1 move hydropump\n>p2 move bodypress\n>p1 switch 6\n>p1 move hurricane\n>p2 move irontail\n>forcelose p1", "uploadtime": 1781399342, "views": 4, "formatid": "gen9randombattle", "rating": null, "private": 0, "password": null}