{"id": "gen9randombattle-2631369414", "format": "[Gen 9] Random Battle", "players": ["discodiscogoodgood", "ilovemypinkhairgf"], "log": "|j|\u2606discodiscogoodgood\n|j|\u2606ilovemypinkhairgf\n|t:|1781376565\n|gametype|singles\n|player|p1|discodiscogoodgood|musician|1971\n|player|p2|ilovemypinkhairgf|169|1918\n|gen|9\n|tier|[Gen 9] Random Battle\n|rated|\n|rule|Species Clause: Limit one of each Pok\u00e9mon\n|rule|HP Percentage Mod: HP is shown in percentages\n|rule|Sleep Clause Mod: Limit one foe put to sleep\n|rule|Illusion Level Mod: Illusion disguises the Pok\u00e9mon's true level\n|\n|t:|1781376565\n|teamsize|p1|6\n|teamsize|p2|6\n|start\n|switch|p1a: Mudsdale|Mudsdale, L83, M|302/302\n|switch|p2a: Skarmory|Skarmory, L80, M|235/235\n|turn|1\n|inactive|Battle timer is ON: inactive players will automatically lose when time's up. (requested by ilovemypinkhairgf)\n|\n|t:|1781376576\n|move|p2a: Skarmory|Iron Defense|p2a: Skarmory\n|-boost|p2a: Skarmory|def|2\n|move|p1a: Mudsdale|Stealth Rock|p2a: Skarmory\n|-sidestart|p2: ilovemypinkhairgf|move: Stealth Rock\n|\n|upkeep\n|turn|2\n|l|\u2606ilovemypinkhairgf\n|inactive|ilovemypinkhairgf disconnected and has a minute to reconnect!\n|player|p2|\n|j|\u2606ilovemypinkhairgf\n|inactive|ilovemypinkhairgf reconnected and has 125 seconds left.\n|player|p2|ilovemypinkhairgf|169|\n|\n|t:|1781376605\n|switch|p1a: Ariados|Ariados, L95, M|287/287\n|move|p2a: Skarmory|Body Press|p1a: Ariados\n|-resisted|p1a: Ariados\n|-damage|p1a: Ariados|248/287\n|\n|upkeep\n|turn|3\n|\n|t:|1781376627\n|switch|p1a: Girafarig|Girafarig, L89, M|269/269\n|move|p2a: Skarmory|Brave Bird|p1a: Girafarig\n|-damage|p1a: Girafarig|190/269\n|-damage|p2a: Skarmory|209/235|[from] Recoil\n|\n|-heal|p2a: Skarmory|223/235|[from] item: Leftovers\n|upkeep\n|turn|4\n|\n|t:|1781376635\n|switch|p2a: Latios|Latios, L78, M|253/253\n|-damage|p2a: Latios|222/253|[from] Stealth Rock\n|move|p1a: Girafarig|Thunderbolt|p2a: Latios\n|-resisted|p2a: Latios\n|-damage|p2a: Latios|189/253\n|\n|upkeep\n|turn|5\n|\n|t:|1781376642\n|switch|p1a: Dodrio|Dodrio, L85, F|241/241\n|move|p2a: Latios|Luster Purge|p1a: Dodrio\n|-damage|p1a: Dodrio|64/241\n|\n|upkeep\n|turn|6\n|\n|t:|1781376646\n|move|p1a: Dodrio|Knock Off|p2a: Latios\n|-supereffective|p2a: Latios\n|-damage|p2a: Latios|21/253\n|-enditem|p2a: Latios|Soul Dew|[from] move: Knock Off|[of] p1a: Dodrio\n|move|p2a: Latios|Recover|p2a: Latios\n|-heal|p2a: Latios|148/253\n|\n|upkeep\n|turn|7\n|\n|t:|1781376654\n|move|p1a: Dodrio|Brave Bird|p2a: Latios\n|-damage|p2a: Latios|0 fnt\n|faint|p2a: Latios\n|-damage|p1a: Dodrio|15/241|[from] Recoil\n|\n|upkeep\n|\n|t:|1781376659\n|switch|p2a: Stonjourner|Stonjourner, L91, M|330/330\n|-damage|p2a: Stonjourner|289/330|[from] Stealth Rock\n|turn|8\n|\n|t:|1781376663\n|switch|p1a: Mudsdale|Mudsdale, L83, M|302/302\n|move|p2a: Stonjourner|Stealth Rock|p1a: Mudsdale\n|-sidestart|p1: discodiscogoodgood|move: Stealth Rock\n|\n|upkeep\n|turn|9\n|\n|t:|1781376670\n|switch|p2a: Skarmory|Skarmory, L80, M|223/235\n|-damage|p2a: Skarmory|194/235|[from] Stealth Rock\n|move|p1a: Mudsdale|Earthquake|p2a: Skarmory\n|-immune|p2a: Skarmory\n|\n|-heal|p2a: Skarmory|208/235|[from] item: Leftovers\n|upkeep\n|turn|10\n|\n|t:|1781376673\n|switch|p2a: Slaking|Slaking, L84, F|389/389\n|-damage|p2a: Slaking|341/389|[from] Stealth Rock\n|switch|p1a: Magnezone|Magnezone, L85|258/258\n|-damage|p1a: Magnezone|242/258|[from] Stealth Rock\n|\n|-heal|p1a: Magnezone|258/258|[from] item: Leftovers\n|upkeep\n|turn|11\n|\n|t:|1781376678\n|switch|p1a: Dodrio|Dodrio, L85, F|15/241\n|move|p2a: Slaking|Earthquake|p1a: Dodrio\n|-immune|p1a: Dodrio\n|\n|upkeep\n|turn|12\n|\n|t:|1781376684\n|switch|p2a: Skarmory|Skarmory, L80, M|208/235\n|-damage|p2a: Skarmory|179/235|[from] Stealth Rock\n|move|p1a: Dodrio|Knock Off|p2a: Skarmory\n|-damage|p2a: Skarmory|118/235\n|-enditem|p2a: Skarmory|Leftovers|[from] move: Knock Off|[of] p1a: Dodrio\n|\n|upkeep\n|turn|13\n|\n|t:|1781376689\n|switch|p1a: Magnezone|Magnezone, L85|258/258\n|-damage|p1a: Magnezone|242/258|[from] Stealth Rock\n|move|p2a: Skarmory|Roost|p2a: Skarmory\n|-heal|p2a: Skarmory|235/235\n|-singleturn|p2a: Skarmory|move: Roost\n|\n|-heal|p1a: Magnezone|258/258|[from] item: Leftovers\n|upkeep\n|turn|14\n|\n|t:|1781376694\n|-terastallize|p2a: Skarmory|Fighting\n|move|p2a: Skarmory|Body Press|p1a: Magnezone\n|-supereffective|p1a: Magnezone\n|-damage|p1a: Magnezone|84/258\n|move|p1a: Magnezone|Discharge|p2a: Skarmory\n|-damage|p2a: Skarmory|64/235\n|\n|-heal|p1a: Magnezone|100/258|[from] item: Leftovers\n|upkeep\n|turn|15\n|-message|ilovemypinkhairgf forfeited.\n|\n|win|discodiscogoodgood\n", "inputlog": ">version a8376a258c1d4662feba110a92103f3664a72141\n>start {\"formatid\":\"gen9randombattle\",\"seed\":\"sodium,0866356217ebef3e71c2f6e0858a2429\",\"rated\":\"Rated battle\"}\n>player p1 {\"name\":\"discodiscogoodgood\",\"avatar\":\"musician\",\"rating\":1971,\"seed\":\"sodium,e1f9cb198c65c253b9cb0c7ef437d48e\"}\n>player p2 {\"name\":\"ilovemypinkhairgf\",\"avatar\":\"169\",\"rating\":1918,\"seed\":\"sodium,bd029f128482d7ca598347762957d049\"}\n>p1 move stealthrock\n>p2 move irondefense\n>p1 switch 3\n>p2 move bodypress\n>p1 switch 4\n>p2 move bravebird\n>p1 move thunderbolt\n>p2 switch 4\n>p1 switch 2\n>p2 move lusterpurge\n>p1 move knockoff\n>p2 move recover\n>p1 move bravebird\n>p2 move recover\n>p2 switch 3\n>p1 switch 3\n>p2 move stealthrock\n>p1 move earthquake\n>p2 switch 4\n>p1 switch 5\n>p2 switch 2\n>p1 switch 3\n>p2 move earthquake\n>p1 move knockoff\n>p2 switch 2\n>p1 switch 3\n>p2 move roost\n>p1 move discharge\n>p2 move bodypress terastallize\n>forcelose p2", "uploadtime": 1781376568, "views": 8, "formatid": "gen9randombattle", "rating": null, "private": 0, "password": null}