{"id": "gen9randombattle-2631449178", "format": "[Gen 9] Random Battle", "players": ["Siouxforever1", "Greedy Rapooh"], "log": "|j|\u2606Siouxforever1\n|j|\u2606Greedy Rapooh\n|t:|1781386018\n|gametype|singles\n|player|p1|Siouxforever1|101|1962\n|player|p2|Greedy Rapooh|acerola-masters|1994\n|gen|9\n|tier|[Gen 9] Random Battle\n|rated|\n|rule|Species Clause: Limit one of each Pok\u00e9mon\n|rule|HP Percentage Mod: HP is shown in percentages\n|rule|Sleep Clause Mod: Limit one foe put to sleep\n|rule|Illusion Level Mod: Illusion disguises the Pok\u00e9mon's true level\n|\n|t:|1781386018\n|teamsize|p1|6\n|teamsize|p2|6\n|start\n|switch|p1a: Iron Hands|Iron Hands, L79|373/373\n|switch|p2a: Espeon|Espeon, L84, M|246/246\n|turn|1\n|inactive|Battle timer is ON: inactive players will automatically lose when time's up. (requested by Greedy Rapooh)\n|\n|t:|1781386044\n|-end|p1a: Iron Hands|Quark Drive|[silent]\n|switch|p1a: Espeon|Espeon, L84, M|246/246\n|move|p2a: Espeon|Psyshock|p1a: Espeon\n|-resisted|p1a: Espeon\n|-damage|p1a: Espeon|155/246\n|-damage|p2a: Espeon|222/246|[from] item: Life Orb\n|\n|upkeep\n|turn|2\n|\n|t:|1781386052\n|move|p2a: Espeon|Calm Mind|p2a: Espeon\n|-boost|p2a: Espeon|spa|1\n|-boost|p2a: Espeon|spd|1\n|move|p1a: Espeon|Shadow Ball|p2a: Espeon\n|-supereffective|p2a: Espeon\n|-damage|p2a: Espeon|86/246\n|\n|upkeep\n|turn|3\n|\n|t:|1781386058\n|move|p2a: Espeon|Alluring Voice|p1a: Espeon\n|-damage|p1a: Espeon|17/246\n|-damage|p2a: Espeon|62/246|[from] item: Life Orb\n|move|p1a: Espeon|Shadow Ball|p2a: Espeon\n|-supereffective|p2a: Espeon\n|-damage|p2a: Espeon|0 fnt\n|faint|p2a: Espeon\n|\n|upkeep\n|\n|t:|1781386064\n|switch|p2a: Oinkologne|Oinkologne, L92, M|352/352\n|turn|4\n|\n|t:|1781386078\n|switch|p1a: Hitmonchan|Hitmonchan, L87, M|229/229\n|move|p2a: Oinkologne|Curse|p2a: Oinkologne\n|-unboost|p2a: Oinkologne|spe|1\n|-boost|p2a: Oinkologne|atk|1\n|-boost|p2a: Oinkologne|def|1\n|\n|upkeep\n|turn|5\n|\n|t:|1781386095\n|move|p1a: Hitmonchan|Swords Dance|p1a: Hitmonchan\n|-boost|p1a: Hitmonchan|atk|2\n|move|p2a: Oinkologne|Curse|p2a: Oinkologne\n|-unboost|p2a: Oinkologne|spe|1\n|-boost|p2a: Oinkologne|atk|1\n|-boost|p2a: Oinkologne|def|1\n|\n|upkeep\n|turn|6\n|\n|t:|1781386105\n|move|p1a: Hitmonchan|Knock Off|p2a: Oinkologne\n|-damage|p2a: Oinkologne|256/352\n|-enditem|p2a: Oinkologne|Leftovers|[from] move: Knock Off|[of] p1a: Hitmonchan\n|-damage|p1a: Hitmonchan|207/229|[from] item: Life Orb\n|move|p2a: Oinkologne|Double-Edge|p1a: Hitmonchan\n|-damage|p1a: Hitmonchan|0 fnt\n|faint|p1a: Hitmonchan\n|-damage|p2a: Oinkologne|188/352|[from] Recoil\n|\n|upkeep\n|\n|t:|1781386123\n|switch|p1a: Espeon|Espeon, L84, M|17/246\n|turn|7\n|\n|t:|1781386127\n|move|p1a: Espeon|Psychic|p2a: Oinkologne\n|-damage|p2a: Oinkologne|7/352\n|-unboost|p2a: Oinkologne|spd|1\n|move|p2a: Oinkologne|Lash Out|p1a: Espeon\n|-supereffective|p1a: Espeon\n|-damage|p1a: Espeon|0 fnt\n|faint|p1a: Espeon\n|\n|upkeep\n|\n|t:|1781386142\n|switch|p1a: Swanna|Swanna, L89, M|278/278\n|turn|8\n|\n|t:|1781386164\n|move|p1a: Swanna|Brave Bird|p2a: Oinkologne\n|-damage|p2a: Oinkologne|0 fnt\n|faint|p2a: Oinkologne\n|-damage|p1a: Swanna|276/278|[from] Recoil\n|\n|upkeep\n|\n|t:|1781386165\n|switch|p2a: Staraptor|Staraptor, L79, M|263/263\n|turn|9\n|\n|t:|1781386181\n|move|p1a: Swanna|Brave Bird|p2a: Staraptor\n|-crit|p2a: Staraptor\n|-damage|p2a: Staraptor|26/263\n|-damage|p1a: Swanna|198/278|[from] Recoil\n|move|p2a: Staraptor|Brave Bird|p1a: Swanna\n|-crit|p1a: Swanna\n|-damage|p1a: Swanna|0 fnt\n|faint|p1a: Swanna\n|-damage|p2a: Staraptor|0 fnt|[from] Recoil\n|faint|p2a: Staraptor\n|\n|upkeep\n|\n|t:|1781386191\n|switch|p1a: Yanmega|Yanmega, L82, F|275/275\n|switch|p2a: Rhydon|Rhydon, L85, M|317/317\n|turn|10\n|\n|t:|1781386208\n|move|p1a: Yanmega|U-turn|p2a: Rhydon\n|-damage|p2a: Rhydon|289/317\n|\n|t:|1781386214\n|switch|p1a: Bruxish|Bruxish, L85, M|254/254|[from] U-turn\n|move|p2a: Rhydon|Stone Edge|p1a: Bruxish\n|-damage|p1a: Bruxish|79/254\n|\n|upkeep\n|turn|11\n|\n|t:|1781386222\n|move|p1a: Bruxish|Wave Crash|p2a: Rhydon\n|-supereffective|p2a: Rhydon\n|-damage|p2a: Rhydon|0 fnt\n|faint|p2a: Rhydon\n|-damage|p1a: Bruxish|0 fnt|[from] Recoil\n|faint|p1a: Bruxish\n|\n|upkeep\n|\n|t:|1781386229\n|switch|p1a: Yanmega|Yanmega, L82, F|275/275\n|switch|p2a: Gardevoir|Gardevoir, L83, M|249/249\n|-ability|p2a: Gardevoir|Tinted Lens|Trace|[from] ability: Trace|[of] p1a: Yanmega\n|turn|12\n|inactive|Siouxforever1 has 120 seconds left.\n|\n|t:|1781386249\n|-terastallize|p1a: Yanmega|Bug\n|move|p2a: Gardevoir|Mystical Fire|p1a: Yanmega\n|-supereffective|p1a: Yanmega\n|-damage|p1a: Yanmega|95/275\n|-unboost|p1a: Yanmega|spa|1\n|move|p1a: Yanmega|Bug Buzz|p2a: Gardevoir\n|-damage|p2a: Gardevoir|143/249\n|\n|upkeep\n|turn|13\n|\n|t:|1781386259\n|switch|p2a: Flutter Mane|Flutter Mane, L74|203/203\n|switch|p1a: Iron Hands|Iron Hands, L79|373/373\n|\n|upkeep\n|turn|14\n|\n|t:|1781386268\n|move|p2a: Flutter Mane|Moonblast|p1a: Iron Hands\n|-supereffective|p1a: Iron Hands\n|-damage|p1a: Iron Hands|53/373\n|-damage|p2a: Flutter Mane|183/203|[from] item: Life Orb\n|move|p1a: Iron Hands|Wild Charge|p2a: Flutter Mane\n|-damage|p2a: Flutter Mane|14/203\n|-damage|p1a: Iron Hands|11/373|[from] Recoil\n|\n|-heal|p1a: Iron Hands|34/373|[from] item: Leftovers\n|upkeep\n|turn|15\n|\n|t:|1781386273\n|move|p2a: Flutter Mane|Moonblast|p1a: Iron Hands\n|-supereffective|p1a: Iron Hands\n|-damage|p1a: Iron Hands|0 fnt\n|faint|p1a: Iron Hands\n|-end|p1a: Iron Hands|Quark Drive|[silent]\n|-damage|p2a: Flutter Mane|0 fnt|[from] item: Life Orb\n|faint|p2a: Flutter Mane\n|-end|p2a: Flutter Mane|Protosynthesis|[silent]\n|\n|upkeep\n|\n|t:|1781386279\n|switch|p2a: Gardevoir|Gardevoir, L83, M|143/249\n|switch|p1a: Yanmega|Yanmega, L82, F, tera:Bug|95/275\n|-ability|p2a: Gardevoir|Tinted Lens|Trace|[from] ability: Trace|[of] p1a: Yanmega\n|turn|16\n|c|\u2606Siouxforever1|Gg\n|c|\u2606Greedy Rapooh|gg\n|\n|t:|1781386285\n|-terastallize|p2a: Gardevoir|Fire\n|move|p2a: Gardevoir|Mystical Fire|p1a: Yanmega\n|-supereffective|p1a: Yanmega\n|-damage|p1a: Yanmega|0 fnt\n|faint|p1a: Yanmega\n|\n|win|Greedy Rapooh\n", "inputlog": ">version a8376a258c1d4662feba110a92103f3664a72141\n>start {\"formatid\":\"gen9randombattle\",\"seed\":\"sodium,7df5cb078878da698e5b70b5ac5b68bd\",\"rated\":\"Rated battle\"}\n>player p1 {\"name\":\"Siouxforever1\",\"avatar\":\"101\",\"rating\":1962,\"seed\":\"sodium,4b5c94e67a97a1c0e9e4f8b474aa2a37\"}\n>player p2 {\"name\":\"Greedy Rapooh\",\"avatar\":\"acerola-masters\",\"rating\":1994,\"seed\":\"sodium,c2e9a0bcd8c277a89a397be28fe98b02\"}\n>p1 switch 2\n>p2 move psyshock\n>p1 move shadowball\n>p2 move calmmind\n>p1 move shadowball\n>p2 move alluringvoice\n>p2 switch 3\n>p1 switch 6\n>p2 move curse\n>p1 move swordsdance\n>p2 move curse\n>p1 move knockoff\n>p2 move doubleedge\n>p1 switch 6\n>p1 move psychic\n>p2 move lashout\n>p1 switch 4\n>p1 move bravebird\n>p2 move doubleedge\n>p2 switch 2\n>p1 move bravebird\n>p2 move bravebird\n>p1 switch 3\n>p2 switch 4\n>p1 move uturn\n>p2 move stoneedge\n>p1 switch 5\n>p1 move wavecrash\n>p2 move stealthrock\n>p1 switch 5\n>p2 switch 5\n>p1 move bugbuzz terastallize\n>p2 move mysticalfire\n>p1 switch 2\n>p2 switch 6\n>p1 move wildcharge\n>p2 move moonblast\n>p1 move wildcharge\n>p2 move moonblast\n>p1 switch 2\n>p2 switch 6\n>chat \u2606Siouxforever1|Gg\n>chat \u2606Greedy Rapooh|gg\n>p1 move bugbuzz\n>p2 move mysticalfire terastallize", "uploadtime": 1781386020, "views": 8, "formatid": "gen9randombattle", "rating": null, "private": 0, "password": null}