{"id": "gen9randombattle-2631812774", "format": "[Gen 9] Random Battle", "players": ["bimiuchiratnhieu", "Barniekiller42064"], "log": "|j|\u2606bimiuchiratnhieu\n|j|\u2606Barniekiller42064\n|t:|1781443299\n|gametype|singles\n|player|p1|bimiuchiratnhieu|hilda|2115\n|player|p2|Barniekiller42064|crasherwake|2095\n|gen|9\n|tier|[Gen 9] Random Battle\n|rated|\n|rule|Species Clause: Limit one of each Pok\u00e9mon\n|rule|HP Percentage Mod: HP is shown in percentages\n|rule|Sleep Clause Mod: Limit one foe put to sleep\n|rule|Illusion Level Mod: Illusion disguises the Pok\u00e9mon's true level\n|\n|t:|1781443299\n|teamsize|p1|6\n|teamsize|p2|6\n|start\n|switch|p1a: Tinkaton|Tinkaton, L82, F|274/274\n|switch|p2a: Clefable|Clefable, L83, F|293/293\n|-ability|p1a: Tinkaton|Mold Breaker\n|turn|1\n|inactive|Battle timer is ON: inactive players will automatically lose when time's up. (requested by Barniekiller42064)\n|inactive|bimiuchiratnhieu also wants the timer to be on.\n|\n|t:|1781443318\n|switch|p2a: Electrode|Electrode-Hisui, L87|246/246\n|move|p1a: Tinkaton|Stealth Rock|p2a: Electrode\n|-sidestart|p2: Barniekiller42064|move: Stealth Rock\n|\n|upkeep\n|turn|2\n|\n|t:|1781443328\n|switch|p1a: Zebstrika|Zebstrika, L87, M|272/272\n|move|p2a: Electrode|Leech Seed|p1a: Zebstrika\n|-ability|p1a: Zebstrika|Sap Sipper|boost\n|-boost|p1a: Zebstrika|atk|1\n|\n|upkeep\n|turn|3\n|inactive|Barniekiller42064 has 120 seconds left.\n|\n|t:|1781443361\n|move|p2a: Electrode|Thunderbolt|p1a: Zebstrika\n|-resisted|p1a: Zebstrika\n|-damage|p1a: Zebstrika|215/272\n|move|p1a: Zebstrika|Overheat|p2a: Electrode\n|-supereffective|p2a: Electrode\n|-damage|p2a: Electrode|20/246\n|-unboost|p1a: Zebstrika|spa|2\n|-damage|p1a: Zebstrika|188/272|[from] item: Life Orb\n|\n|-heal|p2a: Electrode|35/246|[from] item: Leftovers\n|upkeep\n|turn|4\n|\n|t:|1781443372\n|move|p2a: Electrode|Thunderbolt|p1a: Zebstrika\n|-resisted|p1a: Zebstrika\n|-damage|p1a: Zebstrika|135/272\n|move|p1a: Zebstrika|High Horsepower|p2a: Electrode\n|-damage|p2a: Electrode|0 fnt\n|faint|p2a: Electrode\n|-damage|p1a: Zebstrika|108/272|[from] item: Life Orb\n|\n|upkeep\n|inactive|Barniekiller42064 has 120 seconds left.\n|\n|t:|1781443386\n|switch|p2a: Metagross|Metagross, L79|256/256\n|-damage|p2a: Metagross|240/256|[from] Stealth Rock\n|turn|5\n|\n|t:|1781443394\n|-terastallize|p2a: Metagross|Ground\n|move|p1a: Zebstrika|High Horsepower|p2a: Metagross\n|-damage|p2a: Metagross|137/256\n|-damage|p1a: Zebstrika|81/272|[from] item: Life Orb\n|move|p2a: Metagross|Agility|p2a: Metagross\n|-boost|p2a: Metagross|spe|2\n|\n|upkeep\n|turn|6\n|\n|t:|1781443407\n|switch|p1a: Cetitan|Cetitan, L82, F|413/413\n|move|p2a: Metagross|Earthquake|p1a: Cetitan\n|-damage|p1a: Cetitan|263/413\n|\n|upkeep\n|turn|7\n|\n|t:|1781443417\n|switch|p2a: Ceruledge|Ceruledge, L78, F|245/245\n|move|p1a: Cetitan|Ice Shard|p2a: Ceruledge\n|-resisted|p2a: Ceruledge\n|-damage|p2a: Ceruledge|213/245\n|-ability|p2a: Ceruledge|Weak Armor|boost\n|-unboost|p2a: Ceruledge|def|1\n|-boost|p2a: Ceruledge|spe|2\n|-damage|p1a: Cetitan|222/413|[from] item: Life Orb\n|\n|upkeep\n|turn|8\n|\n|t:|1781443430\n|switch|p1a: Palafin|Palafin, L77, M|281/281\n|move|p2a: Ceruledge|Poltergeist|p1a: Palafin\n|-activate|p1a: Palafin|move: Poltergeist|Choice Band\n|-crit|p1a: Palafin\n|-damage|p1a: Palafin|46/281\n|\n|upkeep\n|turn|9\n|\n|t:|1781443442\n|detailschange|p1a: Palafin|Palafin-Hero, L77, M\n|switch|p1a: Swalot|Swalot, L90, M|326/326\n|move|p2a: Ceruledge|Shadow Sneak|p1a: Swalot\n|-damage|p1a: Swalot|284/326\n|\n|-heal|p1a: Swalot|304/326|[from] item: Leftovers\n|upkeep\n|turn|10\n|\n|t:|1781443449\n|switch|p2a: Metagross|Metagross, L79, tera:Ground|137/256\n|-damage|p2a: Metagross|121/256|[from] Stealth Rock\n|move|p1a: Swalot|Earthquake|p2a: Metagross\n|-damage|p2a: Metagross|71/256\n|\n|-heal|p1a: Swalot|324/326|[from] item: Leftovers\n|upkeep\n|turn|11\n|\n|t:|1781443457\n|move|p2a: Metagross|Earthquake|p1a: Swalot\n|-supereffective|p1a: Swalot\n|-damage|p1a: Swalot|100/326\n|move|p1a: Swalot|Toxic|p2a: Metagross\n|-status|p2a: Metagross|tox\n|\n|-heal|p1a: Swalot|120/326|[from] item: Leftovers\n|-damage|p2a: Metagross|55/256 tox|[from] psn\n|upkeep\n|turn|12\n|\n|t:|1781443462\n|move|p1a: Swalot|Protect|p1a: Swalot\n|-singleturn|p1a: Swalot|Protect\n|move|p2a: Metagross|Earthquake|p1a: Swalot\n|-activate|p1a: Swalot|move: Protect\n|\n|-heal|p1a: Swalot|140/326|[from] item: Leftovers\n|-damage|p2a: Metagross|23/256 tox|[from] psn\n|upkeep\n|turn|13\n|\n|t:|1781443467\n|switch|p2a: Ceruledge|Ceruledge, L78, F|213/245\n|move|p1a: Swalot|Protect||[still]\n|-fail|p1a: Swalot\n|\n|-heal|p1a: Swalot|160/326|[from] item: Leftovers\n|upkeep\n|turn|14\n|\n|t:|1781443472\n|move|p2a: Ceruledge|Swords Dance|p2a: Ceruledge\n|-boost|p2a: Ceruledge|atk|2\n|move|p1a: Swalot|Toxic|p2a: Ceruledge\n|-status|p2a: Ceruledge|tox\n|\n|-heal|p1a: Swalot|180/326|[from] item: Leftovers\n|-damage|p2a: Ceruledge|198/245 tox|[from] psn\n|upkeep\n|turn|15\n|\n|t:|1781443476\n|move|p2a: Ceruledge|Swords Dance|p2a: Ceruledge\n|-boost|p2a: Ceruledge|atk|2\n|move|p1a: Swalot|Earthquake|p2a: Ceruledge\n|-supereffective|p2a: Ceruledge\n|-damage|p2a: Ceruledge|42/245 tox\n|-ability|p2a: Ceruledge|Weak Armor|boost\n|-unboost|p2a: Ceruledge|def|1\n|-boost|p2a: Ceruledge|spe|2\n|\n|-heal|p1a: Swalot|200/326|[from] item: Leftovers\n|-damage|p2a: Ceruledge|12/245 tox|[from] psn\n|upkeep\n|turn|16\n|\n|t:|1781443479\n|move|p1a: Swalot|Protect|p1a: Swalot\n|-singleturn|p1a: Swalot|Protect\n|move|p2a: Ceruledge|Swords Dance|p2a: Ceruledge\n|-boost|p2a: Ceruledge|atk|2\n|\n|-heal|p1a: Swalot|220/326|[from] item: Leftovers\n|-damage|p2a: Ceruledge|0 fnt|[from] psn\n|faint|p2a: Ceruledge\n|upkeep\n|\n|t:|1781443485\n|switch|p2a: Zangoose|Zangoose, L85, M|263/263\n|-damage|p2a: Zangoose|231/263|[from] Stealth Rock\n|turn|17\n|\n|t:|1781443505\n|move|p2a: Zangoose|Swords Dance|p2a: Zangoose\n|-boost|p2a: Zangoose|atk|2\n|move|p1a: Swalot|Sludge Bomb|p2a: Zangoose\n|-damage|p2a: Zangoose|116/263\n|\n|-heal|p1a: Swalot|240/326|[from] item: Leftovers\n|-status|p2a: Zangoose|tox|[from] item: Toxic Orb\n|upkeep\n|turn|18\n|\n|t:|1781443509\n|move|p1a: Swalot|Protect|p1a: Swalot\n|-singleturn|p1a: Swalot|Protect\n|move|p2a: Zangoose|Swords Dance|p2a: Zangoose\n|-boost|p2a: Zangoose|atk|2\n|\n|-heal|p1a: Swalot|260/326|[from] item: Leftovers\n|-damage|p2a: Zangoose|100/263 tox|[from] psn\n|upkeep\n|turn|19\n|\n|t:|1781443520\n|move|p2a: Zangoose|Facade|p1a: Swalot\n|-damage|p1a: Swalot|0 fnt\n|faint|p1a: Swalot\n|\n|-damage|p2a: Zangoose|68/263 tox|[from] psn\n|upkeep\n|\n|t:|1781443529\n|switch|p1a: Tinkaton|Tinkaton, L82, F|274/274\n|-ability|p1a: Tinkaton|Mold Breaker\n|turn|20\n|\n|t:|1781443532\n|move|p2a: Zangoose|Facade|p1a: Tinkaton\n|-resisted|p1a: Tinkaton\n|-damage|p1a: Tinkaton|0 fnt\n|faint|p1a: Tinkaton\n|\n|-damage|p2a: Zangoose|20/263 tox|[from] psn\n|upkeep\n|\n|t:|1781443552\n|switch|p1a: Veluza|Veluza, L85, M|292/292\n|turn|21\n|\n|t:|1781443555\n|move|p2a: Zangoose|Quick Attack|p1a: Veluza\n|-damage|p1a: Veluza|22/292\n|move|p1a: Veluza|Aqua Jet|p2a: Zangoose\n|-damage|p2a: Zangoose|0 fnt\n|faint|p2a: Zangoose\n|\n|upkeep\n|\n|t:|1781443568\n|switch|p2a: Clefable|Clefable, L83, F|293/293\n|turn|22\n|\n|t:|1781443574\n|switch|p1a: Cetitan|Cetitan, L82, F|222/413\n|move|p2a: Clefable|Calm Mind|p2a: Clefable\n|-boost|p2a: Clefable|spa|1\n|-boost|p2a: Clefable|spd|1\n|\n|upkeep\n|turn|23\n|\n|t:|1781443578\n|move|p1a: Cetitan|Icicle Crash|p2a: Clefable\n|-damage|p2a: Clefable|98/293\n|move|p2a: Clefable|Moonblast|p1a: Cetitan\n|-damage|p1a: Cetitan|0 fnt\n|faint|p1a: Cetitan\n|\n|upkeep\n|\n|t:|1781443587\n|switch|p1a: Veluza|Veluza, L85, M|22/292\n|turn|24\n|\n|t:|1781443591\n|switch|p2a: Metagross|Metagross, L79, tera:Ground|23/256 tox\n|-damage|p2a: Metagross|7/256 tox|[from] Stealth Rock\n|move|p1a: Veluza|Aqua Cutter|p2a: Metagross\n|-supereffective|p2a: Metagross\n|-damage|p2a: Metagross|0 fnt\n|faint|p2a: Metagross\n|\n|upkeep\n|\n|t:|1781443602\n|switch|p2a: Darkrai|Darkrai, L77|234/234\n|-damage|p2a: Darkrai|205/234|[from] Stealth Rock\n|turn|25\n|\n|t:|1781443610\n|move|p2a: Darkrai|Dark Pulse|p1a: Veluza\n|-supereffective|p1a: Veluza\n|-crit|p1a: Veluza\n|-damage|p1a: Veluza|0 fnt\n|faint|p1a: Veluza\n|-damage|p2a: Darkrai|182/234|[from] item: Life Orb\n|\n|upkeep\n|\n|t:|1781443614\n|switch|p1a: Zebstrika|Zebstrika, L87, M|81/272\n|turn|26\n|\n|t:|1781443622\n|move|p1a: Zebstrika|Supercell Slam|p2a: Darkrai\n|-damage|p2a: Darkrai|9/234\n|-damage|p1a: Zebstrika|54/272|[from] item: Life Orb\n|move|p2a: Darkrai|Dark Pulse|p1a: Zebstrika\n|-damage|p1a: Zebstrika|0 fnt\n|faint|p1a: Zebstrika\n|-damage|p2a: Darkrai|0 fnt|[from] item: Life Orb\n|faint|p2a: Darkrai\n|\n|upkeep\n|\n|t:|1781443625\n|switch|p1a: Palafin|Palafin-Hero, L77, M|46/281\n|switch|p2a: Clefable|Clefable, L83, F|98/293\n|-activate|p1a: Palafin|ability: Zero to Hero\n|turn|27\n|\n|t:|1781443630\n|move|p1a: Palafin|Wave Crash|p2a: Clefable\n|-damage|p2a: Clefable|0 fnt\n|faint|p2a: Clefable\n|-damage|p1a: Palafin|14/281|[from] Recoil\n|\n|win|bimiuchiratnhieu\n", "uploadtime": 1781443301, "views": 8, "formatid": "gen9randombattle", "rating": null, "private": 0, "password": null}