{"id": "gen9randombattle-2631948853", "format": "[Gen 9] Random Battle", "players": ["Irongraf", "leminator13"], "log": "|j|\u2606Irongraf\n|j|\u2606leminator13\n|t:|1781458895\n|gametype|singles\n|player|p1|Irongraf|steven|2153\n|player|p2|leminator13|102|2196\n|gen|9\n|tier|[Gen 9] Random Battle\n|rated|\n|rule|Species Clause: Limit one of each Pok\u00e9mon\n|rule|HP Percentage Mod: HP is shown in percentages\n|rule|Sleep Clause Mod: Limit one foe put to sleep\n|rule|Illusion Level Mod: Illusion disguises the Pok\u00e9mon's true level\n|\n|t:|1781458895\n|teamsize|p1|6\n|teamsize|p2|6\n|start\n|switch|p1a: Kingdra|Kingdra, L84, F|263/263\n|switch|p2a: Glimmora|Glimmora, L75, M|248/248\n|turn|1\n|inactive|Battle timer is ON: inactive players will automatically lose when time's up. (requested by Irongraf)\n|inactive|leminator13 has 120 seconds left.\n|\n|t:|1781458946\n|switch|p2a: Furret|Furret, L94, M|312/312\n|-item|p1a: Kingdra|Lum Berry|[from] ability: Frisk|[of] p2a: Furret\n|move|p1a: Kingdra|Wave Crash|p2a: Furret\n|-damage|p2a: Furret|173/312\n|-damage|p1a: Kingdra|217/263|[from] Recoil\n|\n|upkeep\n|turn|2\n|\n|t:|1781458956\n|switch|p1a: Pecharunt|Pecharunt, L77|262/262\n|move|p2a: Furret|Tidy Up|p2a: Furret\n|-boost|p2a: Furret|atk|1\n|-boost|p2a: Furret|spe|1\n|\n|upkeep\n|turn|3\n|\n|t:|1781458974\n|move|p2a: Furret|Knock Off|p1a: Pecharunt\n|-supereffective|p1a: Pecharunt\n|-damage|p1a: Pecharunt|64/262\n|-enditem|p1a: Pecharunt|Leftovers|[from] move: Knock Off|[of] p2a: Furret\n|-damage|p2a: Furret|142/312|[from] item: Life Orb\n|move|p1a: Pecharunt|Malignant Chain|p2a: Furret\n|-damage|p2a: Furret|43/312\n|-status|p2a: Furret|tox\n|-start|p2a: Furret|confusion|[from] ability: Poison Puppeteer|[of] p1a: Pecharunt\n|\n|-damage|p2a: Furret|24/312 tox|[from] psn\n|upkeep\n|turn|4\n|\n|t:|1781458977\n|-activate|p2a: Furret|confusion\n|move|p2a: Furret|Knock Off|p1a: Pecharunt\n|-supereffective|p1a: Pecharunt\n|-damage|p1a: Pecharunt|0 fnt\n|faint|p1a: Pecharunt\n|-damage|p2a: Furret|0 fnt|[from] item: Life Orb\n|faint|p2a: Furret\n|\n|upkeep\n|\n|t:|1781458989\n|switch|p2a: Bruxish|Bruxish, L85, F|254/254\n|switch|p1a: Passimian|Passimian, L83, M|302/302\n|turn|5\n|\n|t:|1781459004\n|switch|p2a: Glimmora|Glimmora, L75, M|248/248\n|switch|p1a: Mesprit|Mesprit, L85|275/275\n|\n|upkeep\n|turn|6\n|\n|t:|1781459021\n|switch|p2a: Skeledirge|Skeledirge, L79, M|294/294\n|move|p1a: Mesprit|Psychic|p2a: Skeledirge\n|-damage|p2a: Skeledirge|101/294\n|\n|upkeep\n|turn|7\n|\n|t:|1781459028\n|switch|p2a: Bruxish|Bruxish, L85, F|254/254\n|move|p1a: Mesprit|Psychic|p2a: Bruxish\n|-resisted|p2a: Bruxish\n|-damage|p2a: Bruxish|169/254\n|-unboost|p2a: Bruxish|spd|1\n|\n|upkeep\n|turn|8\n|\n|t:|1781459055\n|switch|p1a: Vileplume|Vileplume, L85, M|266/266\n|move|p2a: Bruxish|Psychic Fangs|p1a: Vileplume\n|-supereffective|p1a: Vileplume\n|-damage|p1a: Vileplume|0 fnt\n|faint|p1a: Vileplume\n|\n|upkeep\n|\n|t:|1781459061\n|switch|p1a: Mesprit|Mesprit, L85|275/275\n|turn|9\n|\n|t:|1781459065\n|switch|p2a: Goodra|Goodra-Hisui, L82, F|265/265\n|move|p1a: Mesprit|Psychic|p2a: Goodra\n|-resisted|p2a: Goodra\n|-damage|p2a: Goodra|229/265\n|\n|upkeep\n|turn|10\n|\n|t:|1781459071\n|switch|p1a: Passimian|Passimian, L83, M|302/302\n|move|p2a: Goodra|Draco Meteor|p1a: Passimian\n|-damage|p1a: Passimian|103/302\n|-unboost|p2a: Goodra|spa|2\n|\n|upkeep\n|turn|11\n|\n|t:|1781459078\n|switch|p2a: Glimmora|Glimmora, L75, M|248/248\n|move|p1a: Passimian|U-turn|p2a: Glimmora\n|-resisted|p2a: Glimmora\n|-damage|p2a: Glimmora|204/248\n|-activate|p2a: Glimmora|ability: Toxic Debris\n|-sidestart|p1: Irongraf|move: Toxic Spikes\n|\n|t:|1781459080\n|switch|p1a: Mesprit|Mesprit, L85|275/275|[from] U-turn\n|\n|upkeep\n|turn|12\n|\n|t:|1781459086\n|move|p1a: Mesprit|Psychic|p2a: Glimmora\n|-supereffective|p2a: Glimmora\n|-damage|p2a: Glimmora|0 fnt\n|faint|p2a: Glimmora\n|\n|upkeep\n|\n|t:|1781459088\n|switch|p2a: Goodra|Goodra-Hisui, L82, F|229/265\n|turn|13\n|\n|t:|1781459107\n|switch|p1a: Kingdra|Kingdra, L84, F|217/263\n|-status|p1a: Kingdra|psn\n|-enditem|p1a: Kingdra|Lum Berry|[eat]\n|-curestatus|p1a: Kingdra|psn|[msg]\n|move|p2a: Goodra|Draco Meteor|p1a: Kingdra\n|-supereffective|p1a: Kingdra\n|-damage|p1a: Kingdra|0 fnt\n|-unboost|p2a: Goodra|spa|2\n|faint|p1a: Kingdra\n|\n|upkeep\n|\n|t:|1781459109\n|switch|p1a: Passimian|Passimian, L83, M|103/302\n|-status|p1a: Passimian|psn\n|turn|14\n|\n|t:|1781459120\n|switch|p2a: Skeledirge|Skeledirge, L79, M|101/294\n|move|p1a: Passimian|Knock Off|p2a: Skeledirge\n|-supereffective|p2a: Skeledirge\n|-damage|p2a: Skeledirge|0 fnt\n|-enditem|p2a: Skeledirge|Heavy-Duty Boots|[from] move: Knock Off|[of] p1a: Passimian\n|faint|p2a: Skeledirge\n|\n|-damage|p1a: Passimian|66/302 psn|[from] psn\n|upkeep\n|\n|t:|1781459149\n|switch|p2a: Bruxish|Bruxish, L85, F|169/254\n|turn|15\n|\n|t:|1781459163\n|switch|p1a: Bruxish|Bruxish, L85, F|254/254\n|-status|p1a: Bruxish|psn\n|move|p2a: Bruxish|Wave Crash|p1a: Bruxish\n|-resisted|p1a: Bruxish\n|-damage|p1a: Bruxish|122/254 psn\n|-damage|p2a: Bruxish|125/254|[from] Recoil\n|\n|-damage|p1a: Bruxish|91/254 psn|[from] psn\n|upkeep\n|turn|16\n|\n|t:|1781459174\n|move|p2a: Bruxish|Wave Crash|p1a: Bruxish\n|-resisted|p1a: Bruxish\n|-damage|p1a: Bruxish|0 fnt\n|faint|p1a: Bruxish\n|-damage|p2a: Bruxish|95/254|[from] Recoil\n|\n|upkeep\n|\n|t:|1781459177\n|switch|p1a: Mesprit|Mesprit, L85|275/275\n|turn|17\n|\n|t:|1781459190\n|switch|p2a: Goodra|Goodra-Hisui, L82, F|229/265\n|move|p1a: Mesprit|Ice Beam|p2a: Goodra\n|-damage|p2a: Goodra|182/265\n|-status|p2a: Goodra|frz\n|\n|upkeep\n|turn|18\n|\n|t:|1781459197\n|switch|p2a: Bruxish|Bruxish, L85, F|95/254\n|move|p1a: Mesprit|Ice Beam|p2a: Bruxish\n|-resisted|p2a: Bruxish\n|-damage|p2a: Bruxish|34/254\n|\n|upkeep\n|turn|19\n|\n|t:|1781459214\n|-terastallize|p1a: Mesprit|Fairy\n|move|p2a: Bruxish|Crunch|p1a: Mesprit\n|-resisted|p1a: Mesprit\n|-damage|p1a: Mesprit|213/275\n|-unboost|p1a: Mesprit|def|1\n|move|p1a: Mesprit|Ice Beam|p2a: Bruxish\n|-resisted|p2a: Bruxish\n|-damage|p2a: Bruxish|0 fnt\n|faint|p2a: Bruxish\n|\n|upkeep\n|\n|t:|1781459229\n|switch|p2a: Maushold|Maushold, L76|238/238\n|turn|20\n|\n|t:|1781459233\n|move|p2a: Maushold|Population Bomb|p1a: Mesprit\n|-damage|p1a: Mesprit|182/275\n|-damage|p1a: Mesprit|151/275\n|-damage|p1a: Mesprit|124/275\n|-damage|p1a: Mesprit|96/275\n|-damage|p1a: Mesprit|65/275\n|-damage|p1a: Mesprit|35/275\n|-damage|p1a: Mesprit|8/275\n|-damage|p1a: Mesprit|0 fnt\n|faint|p1a: Mesprit\n|-hitcount|p1: Mesprit|8\n|\n|upkeep\n|\n|t:|1781459234\n|switch|p1a: Passimian|Passimian, L83, M|66/302 psn\n|turn|21\n|\n|t:|1781459250\n|move|p2a: Maushold|Population Bomb|p1a: Passimian\n|-damage|p1a: Passimian|44/302 psn\n|-damage|p1a: Passimian|20/302 psn\n|-damage|p1a: Passimian|0 fnt\n|faint|p1a: Passimian\n|-hitcount|p1: Passimian|3\n|\n|win|leminator13\n", "inputlog": ">version a8376a258c1d4662feba110a92103f3664a72141\n>start {\"formatid\":\"gen9randombattle\",\"seed\":\"sodium,9fbb9bbd1010ade2f88931aac2b3fe4c\",\"rated\":\"Rated battle\"}\n>player p1 {\"name\":\"Irongraf\",\"avatar\":\"steven\",\"rating\":2153,\"seed\":\"sodium,6145886af2aa3a7220feb175995dec9c\"}\n>player p2 {\"name\":\"leminator13\",\"avatar\":\"102\",\"rating\":2196,\"seed\":\"sodium,2b2ad7612dbc15e634a7a23f63129c09\"}\n>p1 move wavecrash\n>p2 switch 2\n>p1 switch 6\n>p2 move tidyup\n>p1 move malignantchain\n>p2 move knockoff\n>p1 move recover\n>p2 move knockoff\n>p1 switch 3\n>p2 switch 4\n>p1 switch 5\n>p2 switch 2\n>p1 move psychic\n>p2 switch 6\n>p1 move psychic\n>p2 switch 2\n>p1 switch 4\n>p2 move psychicfangs\n>p1 switch 4\n>p1 move psychic\n>p2 switch 3\n>p1 switch 5\n>p2 move dracometeor\n>p1 move uturn\n>p2 switch 6\n>p1 switch 5\n>p1 move psychic\n>p2 move meteorbeam\n>p2 switch 6\n>p1 switch 6\n>p2 move dracometeor\n>p1 switch 5\n>p1 move knockoff\n>p2 switch 2\n>p2 switch 3\n>p1 switch 2\n>p2 move wavecrash\n>p1 move crunch\n>p2 move wavecrash\n>p1 switch 6\n>p1 move icebeam\n>p2 switch 2\n>p1 move icebeam\n>p2 switch 2\n>p1 move icebeam terastallize\n>p2 move crunch\n>p2 switch 5\n>p1 move icebeam\n>p2 move populationbomb\n>p1 switch 2\n>p1 move closecombat\n>p2 move populationbomb", "uploadtime": 1781458896, "views": 4, "formatid": "gen9randombattle", "rating": null, "private": 0, "password": null}