{"id": "gen9randombattle-2631968760", "format": "[Gen 9] Random Battle", "players": ["RedDudeN64", "azztheddicaff"], "log": "|j|\u2606RedDudeN64\n|j|\u2606azztheddicaff\n|t:|1781461046\n|gametype|singles\n|player|p1|RedDudeN64|red|2081\n|player|p2|azztheddicaff|265|2092\n|gen|9\n|tier|[Gen 9] Random Battle\n|rated|\n|rule|Species Clause: Limit one of each Pok\u00e9mon\n|rule|HP Percentage Mod: HP is shown in percentages\n|rule|Sleep Clause Mod: Limit one foe put to sleep\n|rule|Illusion Level Mod: Illusion disguises the Pok\u00e9mon's true level\n|\n|t:|1781461046\n|teamsize|p1|6\n|teamsize|p2|6\n|start\n|switch|p1a: Gyarados|Gyarados, L79, F|280/280\n|switch|p2a: Regigigas|Regigigas, L84|322/322\n|-start|p2a: Regigigas|ability: Slow Start\n|-ability|p1a: Gyarados|Intimidate|boost\n|-unboost|p2a: Regigigas|atk|1\n|turn|1\n|inactive|Battle timer is ON: inactive players will automatically lose when time's up. (requested by azztheddicaff)\n|\n|t:|1781461065\n|switch|p1a: Heracross|Heracross, L80, M|259/259\n|move|p2a: Regigigas|Body Slam|p1a: Heracross\n|-damage|p1a: Heracross|205/259\n|\n|upkeep\n|turn|2\n|\n|t:|1781461069\n|switch|p2a: Cramorant|Cramorant, L86, M|261/261\n|move|p1a: Heracross|Close Combat|p2a: Cramorant\n|-resisted|p2a: Cramorant\n|-damage|p2a: Cramorant|124/261\n|-unboost|p1a: Heracross|def|1\n|-unboost|p1a: Heracross|spd|1\n|\n|upkeep\n|turn|3\n|\n|t:|1781461075\n|move|p2a: Cramorant|Brave Bird|p1a: Heracross\n|-supereffective|p1a: Heracross\n|-damage|p1a: Heracross|0 fnt\n|faint|p1a: Heracross\n|-damage|p2a: Cramorant|56/261|[from] Recoil\n|\n|upkeep\n|\n|t:|1781461082\n|switch|p1a: Girafarig|Girafarig, L89, M|269/269\n|turn|4\n|\n|t:|1781461088\n|switch|p2a: Donphan|Donphan, L84, F|288/288\n|move|p1a: Girafarig|Psychic|p2a: Donphan\n|-damage|p2a: Donphan|192/288\n|\n|upkeep\n|turn|5\n|\n|t:|1781461093\n|move|p1a: Girafarig|Nasty Plot|p1a: Girafarig\n|-boost|p1a: Girafarig|spa|2\n|move|p2a: Donphan|Knock Off|p1a: Girafarig\n|-supereffective|p1a: Girafarig\n|-damage|p1a: Girafarig|139/269\n|-enditem|p1a: Girafarig|Eviolite|[from] move: Knock Off|[of] p2a: Donphan\n|\n|upkeep\n|turn|6\n|\n|t:|1781461098\n|switch|p2a: Hypno|Hypno, L95, F|315/315\n|move|p1a: Girafarig|Psychic|p2a: Hypno\n|-resisted|p2a: Hypno\n|-damage|p2a: Hypno|242/315\n|\n|-heal|p2a: Hypno|261/315|[from] item: Leftovers\n|upkeep\n|turn|7\n|\n|t:|1781461105\n|move|p1a: Girafarig|Thunderbolt|p2a: Hypno\n|-damage|p2a: Hypno|165/315\n|-status|p2a: Hypno|par\n|move|p2a: Hypno|Toxic|p1a: Girafarig\n|-status|p1a: Girafarig|tox\n|\n|-heal|p2a: Hypno|184/315 par|[from] item: Leftovers\n|-damage|p1a: Girafarig|123/269 tox|[from] psn\n|upkeep\n|turn|8\n|\n|t:|1781461111\n|move|p1a: Girafarig|Nasty Plot|p1a: Girafarig\n|-boost|p1a: Girafarig|spa|2\n|move|p2a: Hypno|Knock Off|p1a: Girafarig\n|-supereffective|p1a: Girafarig\n|-damage|p1a: Girafarig|11/269 tox\n|\n|-heal|p2a: Hypno|203/315 par|[from] item: Leftovers\n|-damage|p1a: Girafarig|0 fnt|[from] psn\n|faint|p1a: Girafarig\n|upkeep\n|\n|t:|1781461121\n|switch|p1a: Raichu|Raichu, L88, F|249/249\n|turn|9\n|\n|t:|1781461124\n|move|p1a: Raichu|Encore|p2a: Hypno\n|-start|p2a: Hypno|Encore\n|move|p2a: Hypno|Knock Off|p1a: Raichu\n|-damage|p1a: Raichu|151/249\n|-enditem|p1a: Raichu|Life Orb|[from] move: Knock Off|[of] p2a: Hypno\n|\n|-heal|p2a: Hypno|222/315 par|[from] item: Leftovers\n|upkeep\n|turn|10\n|\n|t:|1781461129\n|switch|p2a: Donphan|Donphan, L84, F|192/288\n|move|p1a: Raichu|Thunderbolt|p2a: Donphan\n|-immune|p2a: Donphan\n|\n|upkeep\n|turn|11\n|\n|t:|1781461136\n|move|p1a: Raichu|Surf|p2a: Donphan\n|-supereffective|p2a: Donphan\n|-damage|p2a: Donphan|84/288\n|move|p2a: Donphan|Rapid Spin|p1a: Raichu\n|-damage|p1a: Raichu|99/249\n|-boost|p2a: Donphan|spe|1\n|\n|upkeep\n|turn|12\n|\n|t:|1781461142\n|move|p2a: Donphan|Ice Shard|p1a: Raichu\n|-damage|p1a: Raichu|51/249\n|move|p1a: Raichu|Surf|p2a: Donphan\n|-supereffective|p2a: Donphan\n|-damage|p2a: Donphan|0 fnt\n|faint|p2a: Donphan\n|\n|upkeep\n|\n|t:|1781461147\n|switch|p2a: Lycanroc|Lycanroc-Dusk, L81, M|254/254\n|turn|13\n|\n|t:|1781461153\n|move|p2a: Lycanroc|Accelerock|p1a: Raichu\n|-damage|p1a: Raichu|0 fnt\n|faint|p1a: Raichu\n|\n|upkeep\n|\n|t:|1781461158\n|switch|p1a: Gyarados|Gyarados, L79, F|280/280\n|-ability|p1a: Gyarados|Intimidate|boost\n|-unboost|p2a: Lycanroc|atk|1\n|turn|14\n|\n|t:|1781461161\n|switch|p2a: Cloyster|Cloyster, L80, F|211/211\n|switch|p1a: Eiscue|Eiscue, L88, F|274/274\n|\n|upkeep\n|turn|15\n|\n|t:|1781461165\n|move|p2a: Cloyster|Shell Smash|p2a: Cloyster\n|-unboost|p2a: Cloyster|def|1\n|-unboost|p2a: Cloyster|spd|1\n|-boost|p2a: Cloyster|atk|2\n|-boost|p2a: Cloyster|spa|2\n|-boost|p2a: Cloyster|spe|2\n|-enditem|p2a: Cloyster|White Herb\n|-clearnegativeboost|p2a: Cloyster|[silent]\n|move|p1a: Eiscue|Belly Drum|p1a: Eiscue\n|-damage|p1a: Eiscue|137/274\n|-setboost|p1a: Eiscue|atk|6|[from] move: Belly Drum\n|-enditem|p1a: Eiscue|Sitrus Berry|[eat]\n|-heal|p1a: Eiscue|205/274|[from] item: Sitrus Berry\n|\n|upkeep\n|turn|16\n|\n|t:|1781461170\n|-terastallize|p1a: Eiscue|Water\n|move|p2a: Cloyster|Rock Blast|p1a: Eiscue\n|-activate|p1a: Eiscue|ability: Ice Face\n|-damage|p1a: Eiscue|205/274\n|detailschange|p1a: Eiscue|Eiscue-Noice, L88, F, tera:Water\n|-damage|p1a: Eiscue|170/274\n|-damage|p1a: Eiscue|134/274\n|-damage|p1a: Eiscue|98/274\n|-damage|p1a: Eiscue|64/274\n|-hitcount|p1a: Eiscue|5\n|move|p1a: Eiscue|Iron Head|p2a: Cloyster\n|-damage|p2a: Cloyster|88/211\n|\n|upkeep\n|turn|17\n|\n|t:|1781461184\n|move|p2a: Cloyster|Icicle Spear|p1a: Eiscue\n|-resisted|p1a: Eiscue\n|-damage|p1a: Eiscue|37/274\n|-resisted|p1a: Eiscue\n|-damage|p1a: Eiscue|10/274\n|-resisted|p1a: Eiscue\n|-damage|p1a: Eiscue|0 fnt\n|faint|p1a: Eiscue\n|-hitcount|p1: Eiscue|3\n|\n|upkeep\n|-message|RedDudeN64 forfeited.\n|\n|win|azztheddicaff\n", "uploadtime": 1781461048, "views": 4, "formatid": "gen9randombattle", "rating": null, "private": 0, "password": null}