{"id": "gen9randombattle-2631910037", "format": "[Gen 9] Random Battle", "players": ["LadyPokemonGammer", "jeysuntitum"], "log": "|j|\u2606LadyPokemonGammer\n|j|\u2606jeysuntitum\n|t:|1781454631\n|gametype|singles\n|player|p1|LadyPokemonGammer|cynthia-masters4|1000\n|player|p2|jeysuntitum|266|1040\n|gen|9\n|tier|[Gen 9] Random Battle\n|rated|\n|rule|Species Clause: Limit one of each Pok\u00e9mon\n|rule|HP Percentage Mod: HP is shown in percentages\n|rule|Sleep Clause Mod: Limit one foe put to sleep\n|rule|Illusion Level Mod: Illusion disguises the Pok\u00e9mon's true level\n|\n|t:|1781454631\n|teamsize|p1|6\n|teamsize|p2|6\n|start\n|switch|p1a: Luxray|Luxray, L88, M|284/284\n|switch|p2a: Blissey|Blissey, L85, F|572/572\n|-ability|p1a: Luxray|Intimidate|boost\n|-unboost|p2a: Blissey|atk|1\n|turn|1\n|inactive|Battle timer is ON: inactive players will automatically lose when time's up. (requested by jeysuntitum)\n|c|\u2606LadyPokemonGammer|glhf\n|\n|t:|1781454647\n|switch|p2a: Rhyperior|Rhyperior, L82, F|323/323\n|move|p1a: Luxray|Throat Chop|p2a: Rhyperior\n|-damage|p2a: Rhyperior|267/323\n|-start|p2a: Rhyperior|Throat Chop|[silent]\n|\n|upkeep\n|turn|2\n|\n|t:|1781454657\n|switch|p1a: Mudsdale|Mudsdale, L83, F|302/302\n|move|p2a: Rhyperior|Rock Polish|p2a: Rhyperior\n|-boost|p2a: Rhyperior|spe|2\n|\n|-end|p2a: Rhyperior|Throat Chop|[silent]\n|upkeep\n|turn|3\n|\n|t:|1781454668\n|move|p2a: Rhyperior|Ice Punch|p1a: Mudsdale\n|-supereffective|p1a: Mudsdale\n|-damage|p1a: Mudsdale|168/302\n|-ability|p1a: Mudsdale|Stamina|boost\n|-boost|p1a: Mudsdale|def|1\n|move|p1a: Mudsdale|Roar|p2a: Rhyperior\n|drag|p2a: Spectrier|Spectrier, L75|274/274\n|\n|-heal|p1a: Mudsdale|186/302|[from] item: Leftovers\n|upkeep\n|turn|4\n|\n|t:|1781454684\n|move|p2a: Spectrier|Nasty Plot|p2a: Spectrier\n|-boost|p2a: Spectrier|spa|2\n|move|p1a: Mudsdale|Earthquake|p2a: Spectrier\n|-damage|p2a: Spectrier|88/274\n|\n|-heal|p1a: Mudsdale|204/302|[from] item: Leftovers\n|upkeep\n|turn|5\n|\n|t:|1781454694\n|-terastallize|p2a: Spectrier|Fairy\n|move|p2a: Spectrier|Draining Kiss|p1a: Mudsdale\n|-damage|p1a: Mudsdale|0 fnt\n|-heal|p2a: Spectrier|241/274|[from] drain|[of] p1a: Mudsdale\n|faint|p1a: Mudsdale\n|-ability|p2a: Spectrier|Grim Neigh|boost\n|-boost|p2a: Spectrier|spa|1\n|-damage|p2a: Spectrier|214/274|[from] item: Life Orb\n|\n|upkeep\n|l|\u2606jeysuntitum\n|inactive|jeysuntitum disconnected and has a minute to reconnect!\n|player|p2|\n|\n|t:|1781454708\n|switch|p1a: Gothitelle|Gothitelle, L90, F|272/272\n|turn|6\n|j|\u2606jeysuntitum\n|inactive|jeysuntitum reconnected and has 135 seconds left.\n|player|p2|jeysuntitum|266|\n|\n|t:|1781454734\n|move|p1a: Gothitelle|Psychic|p2a: Spectrier\n|-damage|p2a: Spectrier|82/274\n|move|p2a: Spectrier|Shadow Ball|p1a: Gothitelle\n|-supereffective|p1a: Gothitelle\n|-damage|p1a: Gothitelle|0 fnt\n|faint|p1a: Gothitelle\n|-ability|p2a: Spectrier|Grim Neigh|boost\n|-boost|p2a: Spectrier|spa|1\n|-damage|p2a: Spectrier|55/274|[from] item: Life Orb\n|\n|upkeep\n|c|\u2606LadyPokemonGammer|You back?\n|\n|t:|1781454749\n|switch|p1a: Sinistcha|Sinistcha, L83|254/254\n|turn|7\n|\n|t:|1781454758\n|move|p2a: Spectrier|Draining Kiss|p1a: Sinistcha\n|-damage|p1a: Sinistcha|0 fnt\n|-heal|p2a: Spectrier|246/274|[from] drain|[of] p1a: Sinistcha\n|faint|p1a: Sinistcha\n|-ability|p2a: Spectrier|Grim Neigh|boost\n|-boost|p2a: Spectrier|spa|1\n|-damage|p2a: Spectrier|219/274|[from] item: Life Orb\n|\n|upkeep\n|\n|t:|1781454763\n|switch|p1a: Luxray|Luxray, L88, M|284/284\n|-ability|p1a: Luxray|Intimidate|boost\n|-unboost|p2a: Spectrier|atk|1\n|turn|8\n|\n|t:|1781454769\n|move|p2a: Spectrier|Draining Kiss|p1a: Luxray\n|-damage|p1a: Luxray|46/284\n|-heal|p2a: Spectrier|274/274|[from] drain|[of] p1a: Luxray\n|-damage|p2a: Spectrier|247/274|[from] item: Life Orb\n|move|p1a: Luxray|Wild Charge|p2a: Spectrier\n|-damage|p2a: Spectrier|66/274\n|-damage|p1a: Luxray|1/284|[from] Recoil\n|\n|upkeep\n|turn|9\n|\n|t:|1781454779\n|move|p2a: Spectrier|Draining Kiss|p1a: Luxray\n|-damage|p1a: Luxray|0 fnt\n|-heal|p2a: Spectrier|67/274|[from] drain|[of] p1a: Luxray\n|faint|p1a: Luxray\n|-ability|p2a: Spectrier|Grim Neigh|boost\n|-boost|p2a: Spectrier|spa|1\n|-damage|p2a: Spectrier|40/274|[from] item: Life Orb\n|\n|upkeep\n|\n|t:|1781454782\n|switch|p1a: Reuniclus|Reuniclus, L88, F|337/337\n|turn|10\n|l|\u2606jeysuntitum\n|inactive|jeysuntitum disconnected and has a minute to reconnect!\n|player|p2|\n|c|\u2606LadyPokemonGammer|You gonna keep leaving like that?\n|j|\u2606jeysuntitum\n|inactive|jeysuntitum reconnected and has 140 seconds left.\n|player|p2|jeysuntitum|266|\n|\n|t:|1781454805\n|-terastallize|p1a: Reuniclus|Steel\n|move|p2a: Spectrier|Draining Kiss|p1a: Reuniclus\n|-resisted|p1a: Reuniclus\n|-damage|p1a: Reuniclus|151/337\n|-heal|p2a: Spectrier|180/274|[from] drain|[of] p1a: Reuniclus\n|-damage|p2a: Spectrier|153/274|[from] item: Life Orb\n|move|p1a: Reuniclus|Calm Mind|p1a: Reuniclus\n|-boost|p1a: Reuniclus|spa|1\n|-boost|p1a: Reuniclus|spd|1\n|\n|upkeep\n|turn|11\n|\n|t:|1781454817\n|move|p2a: Spectrier|Shadow Ball|p1a: Reuniclus\n|-damage|p1a: Reuniclus|0 fnt\n|faint|p1a: Reuniclus\n|-damage|p2a: Spectrier|126/274|[from] item: Life Orb\n|\n|upkeep\n|inactive|LadyPokemonGammer has 120 seconds left.\n|-message|jeysuntitum forfeited.\n|\n|win|LadyPokemonGammer\n|raw|LadyPokemonGammer's rating: 1000 &rarr; <strong>1045</strong><br />(+45 for winning)\n|raw|jeysuntitum's rating: 1040 &rarr; <strong>1022</strong><br />(-18 for losing)\n|l|\u2606jeysuntitum\n|player|p2|\n", "inputlog": ">version a8376a258c1d4662feba110a92103f3664a72141\n>start {\"formatid\":\"gen9randombattle\",\"seed\":\"sodium,63e99e3097d968ab80ccf3b10e834e4a\",\"rated\":\"Rated battle\"}\n>player p1 {\"name\":\"LadyPokemonGammer\",\"avatar\":\"cynthia-masters4\",\"rating\":1000,\"seed\":\"sodium,97a016b9ec38ae36973dd525af23919c\"}\n>player p2 {\"name\":\"jeysuntitum\",\"avatar\":\"266\",\"rating\":1040,\"seed\":\"sodium,29d995a5cd349d21bd31d059cb9f56d0\"}\n>chat \u2606LadyPokemonGammer|glhf\n>p1 move throatchop\n>p2 switch 3\n>p1 switch 2\n>p2 move rockpolish\n>p1 move roar\n>p2 move icepunch\n>p1 move earthquake\n>p2 move nastyplot\n>p1 move earthquake\n>p2 move drainingkiss terastallize\n>p1 switch 3\n>p1 move psychic\n>p2 move shadowball\n>chat \u2606LadyPokemonGammer|You back?\n>p1 switch 4\n>p1 move matchagotcha\n>p2 move drainingkiss\n>p1 switch 2\n>p1 move wildcharge\n>p2 move drainingkiss\n>p1 move playrough\n>p2 move drainingkiss\n>p1 switch 5\n>chat \u2606LadyPokemonGammer|You gonna keep leaving like that?\n>p1 move calmmind terastallize\n>p2 move drainingkiss\n>p1 move psychic\n>p2 move shadowball\n>forcelose p2", "uploadtime": 1781454896, "views": 6, "formatid": "gen9randombattle", "rating": 1022, "private": 0, "password": null}