{"id": "gen9randombattle-2632002123", "format": "[Gen 9] Random Battle", "players": ["Ndnsksksks", "Guest 26297575"], "log": "|j|\u203dNdnsksksks\n|j|\u203dGuest 26297575\n|t:|1781464721\n|gametype|singles\n|player|p1|Ndnsksksks|102|1022\n|player|p2|Guest 26297575|102|1000\n|gen|9\n|tier|[Gen 9] Random Battle\n|rated|\n|rule|Species Clause: Limit one of each Pok\u00e9mon\n|rule|HP Percentage Mod: HP is shown in percentages\n|rule|Sleep Clause Mod: Limit one foe put to sleep\n|rule|Illusion Level Mod: Illusion disguises the Pok\u00e9mon's true level\n|\n|t:|1781464721\n|teamsize|p1|6\n|teamsize|p2|6\n|start\n|switch|p1a: Meowstic|Meowstic, L89, M|277/277\n|switch|p2a: Decidueye|Decidueye-Hisui, L87, M|295/295\n|turn|1\n|inactive|Battle timer is ON: inactive players will automatically lose when time's up. (requested by Guest 26297575)\n|\n|t:|1781464736\n|move|p1a: Meowstic|Reflect|p1a: Meowstic\n|-sidestart|p1: Ndnsksksks|Reflect\n|move|p2a: Decidueye|U-turn|p1a: Meowstic\n|-supereffective|p1a: Meowstic\n|-damage|p1a: Meowstic|220/277\n|\n|t:|1781464742\n|switch|p2a: Kleavor|Kleavor, L78, F|237/237|[from] U-turn\n|\n|upkeep\n|turn|2\n|\n|t:|1781464749\n|move|p1a: Meowstic|Thunder Wave|p2a: Kleavor\n|-status|p2a: Kleavor|par\n|move|p2a: Kleavor|Swords Dance|p2a: Kleavor\n|-boost|p2a: Kleavor|atk|2\n|\n|upkeep\n|turn|3\n|\n|t:|1781464771\n|switch|p1a: Bastiodon|Bastiodon, L89, M|252/252\n|cant|p2a: Kleavor|par\n|\n|upkeep\n|turn|4\n|\n|t:|1781464778\n|switch|p2a: Decidueye|Decidueye-Hisui, L87, M|295/295\n|move|p1a: Bastiodon|Foul Play|p2a: Decidueye\n|-resisted|p2a: Decidueye\n|-damage|p2a: Decidueye|251/295\n|\n|-heal|p2a: Decidueye|269/295|[from] item: Leftovers\n|upkeep\n|turn|5\n|inactive|Ndnsksksks has 120 seconds left.\n|\n|t:|1781464822\n|move|p2a: Decidueye|Triple Arrows|p1a: Bastiodon\n|-supereffective|p1a: Bastiodon\n|-damage|p1a: Bastiodon|130/252\n|move|p1a: Bastiodon|Iron Defense|p1a: Bastiodon\n|-boost|p1a: Bastiodon|def|2\n|\n|-heal|p2a: Decidueye|287/295|[from] item: Leftovers\n|upkeep\n|turn|6\n|\n|t:|1781464835\n|move|p2a: Decidueye|Triple Arrows|p1a: Bastiodon\n|-supereffective|p1a: Bastiodon\n|-damage|p1a: Bastiodon|64/252\n|cant|p1a: Bastiodon|flinch\n|\n|-heal|p2a: Decidueye|295/295|[from] item: Leftovers\n|upkeep\n|turn|7\n|\n|t:|1781464846\n|switch|p1a: Trevenant|Trevenant, L89, F|296/296\n|move|p2a: Decidueye|Triple Arrows|p1a: Trevenant\n|-damage|p1a: Trevenant|239/296\n|\n|upkeep\n|turn|8\n|\n|t:|1781464856\n|move|p2a: Decidueye|Triple Arrows|p1a: Trevenant\n|-damage|p1a: Trevenant|177/296\n|move|p1a: Trevenant|Toxic|p2a: Decidueye\n|-status|p2a: Decidueye|tox\n|\n|-damage|p2a: Decidueye|277/295 tox|[from] psn\n|-sideend|p1: Ndnsksksks|Reflect\n|upkeep\n|turn|9\n|\n|t:|1781464866\n|switch|p1a: Meowstic|Meowstic, L89, M|220/277\n|move|p2a: Decidueye|U-turn|p1a: Meowstic\n|-supereffective|p1a: Meowstic\n|-damage|p1a: Meowstic|92/277\n|\n|t:|1781464874\n|switch|p2a: Polteageist|Polteageist-Antique, L78|222/222|[from] U-turn\n|\n|upkeep\n|turn|10\n|inactive|Ndnsksksks has 120 seconds left.\n|\n|t:|1781464885\n|move|p1a: Meowstic|Thunder Wave|p2a: Polteageist\n|-status|p2a: Polteageist|par\n|cant|p2a: Polteageist|par\n|\n|upkeep\n|turn|11\n|\n|t:|1781464891\n|move|p1a: Meowstic|Light Screen|p1a: Meowstic\n|-sidestart|p1: Ndnsksksks|move: Light Screen\n|move|p2a: Polteageist|Shadow Ball|p1a: Meowstic\n|-supereffective|p1a: Meowstic\n|-damage|p1a: Meowstic|0 fnt\n|faint|p1a: Meowstic\n|\n|upkeep\n|inactive|Ndnsksksks has 120 seconds left.\n|\n|t:|1781464903\n|switch|p1a: Gliscor|Gliscor, L76, M|239/239\n|turn|12\n|\n|t:|1781464910\n|move|p1a: Gliscor|Toxic Spikes|p2a: Polteageist\n|-sidestart|p2: Guest 26297575|move: Toxic Spikes\n|move|p2a: Polteageist|Shell Smash|p2a: Polteageist\n|-unboost|p2a: Polteageist|def|1\n|-unboost|p2a: Polteageist|spd|1\n|-boost|p2a: Polteageist|atk|2\n|-boost|p2a: Polteageist|spa|2\n|-boost|p2a: Polteageist|spe|2\n|-enditem|p2a: Polteageist|White Herb\n|-clearnegativeboost|p2a: Polteageist|[silent]\n|\n|-status|p1a: Gliscor|tox|[from] item: Toxic Orb\n|upkeep\n|turn|13\n|\n|t:|1781464921\n|move|p1a: Gliscor|Toxic Spikes|p2a: Polteageist\n|-sidestart|p2: Guest 26297575|move: Toxic Spikes\n|move|p2a: Polteageist|Shell Smash|p2a: Polteageist\n|-unboost|p2a: Polteageist|def|1\n|-unboost|p2a: Polteageist|spd|1\n|-boost|p2a: Polteageist|atk|2\n|-boost|p2a: Polteageist|spa|2\n|-boost|p2a: Polteageist|spe|2\n|\n|upkeep\n|turn|14\n|\n|t:|1781464931\n|move|p2a: Polteageist|Stored Power|p1a: Gliscor\n|-crit|p1a: Gliscor\n|-damage|p1a: Gliscor|0 fnt\n|faint|p1a: Gliscor\n|\n|upkeep\n|\n|t:|1781464937\n|switch|p1a: Trevenant|Trevenant, L89, F|177/296\n|turn|15\n|\n|t:|1781464942\n|cant|p2a: Polteageist|par\n|move|p1a: Trevenant|Poltergeist||[still]\n|-fail|p1a: Trevenant\n|\n|upkeep\n|turn|16\n|\n|t:|1781464959\n|switch|p1a: Bastiodon|Bastiodon, L89, M|64/252\n|move|p2a: Polteageist|Shadow Ball|p1a: Bastiodon\n|-damage|p1a: Bastiodon|0 fnt\n|faint|p1a: Bastiodon\n|\n|upkeep\n|\n|t:|1781464967\n|switch|p1a: Walking Wake|Walking Wake, L79|286/286\n|turn|17\n|\n|t:|1781464973\n|move|p2a: Polteageist|Stored Power|p1a: Walking Wake\n|-damage|p1a: Walking Wake|0 fnt\n|faint|p1a: Walking Wake\n|-end|p1a: Walking Wake|Protosynthesis|[silent]\n|\n|upkeep\n|-message|Ndnsksksks forfeited.\n|\n|win|Guest 26297575\n|raw|Ndnsksksks's rating: 1022 &rarr; <strong>1008</strong><br />(-14 for losing)\n|raw|Guest 26297575's rating: 1000 &rarr; <strong>1043</strong><br />(+43 for winning)\n|l|\u203dNdnsksksks\n|player|p1|\n", "inputlog": ">version a8376a258c1d4662feba110a92103f3664a72141\n>start {\"formatid\":\"gen9randombattle\",\"seed\":\"sodium,0e7ddfb32b6ce0388db27c67c514ea67\",\"rated\":\"Rated battle\"}\n>player p1 {\"name\":\"Ndnsksksks\",\"avatar\":\"102\",\"rating\":1022,\"seed\":\"sodium,18c6b3a2d9d28e8875fb523f3ca6b97b\"}\n>player p2 {\"name\":\"Guest 26297575\",\"avatar\":\"102\",\"rating\":1000,\"seed\":\"sodium,c291f83386e3ec29da314bf1322d8d46\"}\n>p1 move reflect\n>p2 move uturn\n>p2 switch 4\n>p1 move thunderwave\n>p2 move swordsdance\n>p1 switch 6\n>p2 move xscissor\n>p1 move foulplay\n>p2 switch 4\n>p1 move irondefense\n>p2 move triplearrows\n>p1 move bodypress\n>p2 move triplearrows\n>p1 switch 3\n>p2 move triplearrows\n>p1 move toxic\n>p2 move triplearrows\n>p1 switch 6\n>p2 move uturn\n>p2 switch 6\n>p1 move thunderwave\n>p2 move shadowball\n>p1 move lightscreen\n>p2 move shadowball\n>p1 switch 2\n>p1 move toxicspikes\n>p2 move shellsmash\n>p1 move toxicspikes\n>p2 move shellsmash\n>p1 move knockoff\n>p2 move storedpower\n>p1 switch 6\n>p1 move poltergeist\n>p2 move shadowball\n>p1 switch 3\n>p2 move shadowball\n>p1 switch 5\n>p1 move dracometeor\n>p2 move storedpower\n>forcelose p1", "uploadtime": 1781465032, "views": 9, "formatid": "gen9randombattle", "rating": 1008, "private": 0, "password": null}