{"id": "gen9randombattle-2631506053", "format": "[Gen 9] Random Battle", "players": ["schleeby", "Smart Gas"], "log": "|j|\u2606schleeby\n|j|\u2606Smart Gas\n|t:|1781393795\n|gametype|singles\n|player|p1|schleeby|rosa|1914\n|player|p2|Smart Gas|clavell-s|1911\n|gen|9\n|tier|[Gen 9] Random Battle\n|rated|\n|rule|Species Clause: Limit one of each Pok\u00e9mon\n|rule|HP Percentage Mod: HP is shown in percentages\n|rule|Sleep Clause Mod: Limit one foe put to sleep\n|rule|Illusion Level Mod: Illusion disguises the Pok\u00e9mon's true level\n|\n|t:|1781393795\n|teamsize|p1|6\n|teamsize|p2|6\n|start\n|switch|p1a: Electrode|Electrode, L92|260/260\n|switch|p2a: Ho-Oh|Ho-Oh, L71|268/268\n|turn|1\n|inactive|Battle timer is ON: inactive players will automatically lose when time's up. (requested by Smart Gas)\n|\n|t:|1781393801\n|switch|p2a: Palossand|Palossand, L89, F|296/296\n|move|p1a: Electrode|Volt Switch|p2a: Palossand\n|-immune|p2a: Palossand\n|\n|upkeep\n|turn|2\n|\n|t:|1781393811\n|move|p1a: Electrode|Taunt|p2a: Palossand\n|-start|p2a: Palossand|move: Taunt\n|cant|p2a: Palossand|move: Taunt|Stealth Rock\n|\n|upkeep\n|turn|3\n|\n|t:|1781393815\n|switch|p1a: Ting-Lu|Ting-Lu, L78|370/370\n|-ability|p1a: Ting-Lu|Vessel of Ruin\n|move|p2a: Palossand|Shadow Ball|p1a: Ting-Lu\n|-resisted|p1a: Ting-Lu\n|-damage|p1a: Ting-Lu|325/370\n|\n|-heal|p1a: Ting-Lu|348/370|[from] item: Leftovers\n|upkeep\n|turn|4\n|\n|t:|1781393826\n|switch|p2a: Basculin|Basculin, L86, F|261/261\n|move|p1a: Ting-Lu|Stealth Rock|p2a: Basculin\n|-sidestart|p2: Smart Gas|move: Stealth Rock\n|\n|-heal|p1a: Ting-Lu|370/370|[from] item: Leftovers\n|upkeep\n|turn|5\n|\n|t:|1781393836\n|move|p2a: Basculin|Wave Crash|p1a: Ting-Lu\n|-supereffective|p1a: Ting-Lu\n|-damage|p1a: Ting-Lu|0 fnt\n|faint|p1a: Ting-Lu\n|-damage|p2a: Basculin|139/261|[from] Recoil\n|\n|upkeep\n|\n|t:|1781393843\n|switch|p1a: Bisharp|Bisharp, L79, F|232/232\n|turn|6\n|\n|t:|1781393852\n|switch|p2a: Ho-Oh|Ho-Oh, L71|268/268\n|move|p1a: Bisharp|Throat Chop|p2a: Ho-Oh\n|-crit|p2a: Ho-Oh\n|-damage|p2a: Ho-Oh|96/268\n|-start|p2a: Ho-Oh|Throat Chop|[silent]\n|\n|upkeep\n|turn|7\n|\n|t:|1781393859\n|switch|p1a: Electivire|Electivire, L84, M|263/263\n|move|p2a: Ho-Oh|Recover|p2a: Ho-Oh\n|-heal|p2a: Ho-Oh|230/268\n|\n|-end|p2a: Ho-Oh|Throat Chop|[silent]\n|upkeep\n|turn|8\n|\n|t:|1781393867\n|switch|p2a: Palossand|Palossand, L89, F|296/296\n|-damage|p2a: Palossand|278/296|[from] Stealth Rock\n|move|p1a: Electivire|Ice Punch|p2a: Palossand\n|-supereffective|p2a: Palossand\n|-damage|p2a: Palossand|148/296\n|-damage|p1a: Electivire|237/263|[from] item: Life Orb\n|\n|-heal|p2a: Palossand|166/296|[from] item: Leftovers\n|upkeep\n|turn|9\n|\n|t:|1781393874\n|switch|p1a: Frosmoth|Frosmoth, L82, F|249/249\n|move|p2a: Palossand|Earth Power|p1a: Frosmoth\n|-resisted|p1a: Frosmoth\n|-damage|p1a: Frosmoth|223/249\n|\n|-heal|p2a: Palossand|184/296|[from] item: Leftovers\n|upkeep\n|turn|10\n|\n|t:|1781393884\n|switch|p2a: Ho-Oh|Ho-Oh, L71|268/268\n|move|p1a: Frosmoth|Ice Beam|p2a: Ho-Oh\n|-damage|p2a: Ho-Oh|177/268\n|-status|p2a: Ho-Oh|frz\n|\n|upkeep\n|turn|11\n|\n|t:|1781393890\n|switch|p1a: Electrode|Electrode, L92|260/260\n|-curestatus|p2a: Ho-Oh|frz|[from] move: Sacred Fire\n|move|p2a: Ho-Oh|Sacred Fire|p1a: Electrode|[miss]\n|-miss|p2a: Ho-Oh|p1a: Electrode\n|\n|upkeep\n|turn|12\n|\n|t:|1781393896\n|switch|p2a: Palossand|Palossand, L89, F|184/296\n|-damage|p2a: Palossand|166/296|[from] Stealth Rock\n|-terastallize|p1a: Electrode|Ice\n|move|p1a: Electrode|Tera Blast|p2a: Palossand|[anim] Tera Blast Ice\n|-supereffective|p2a: Palossand\n|-damage|p2a: Palossand|0 fnt\n|faint|p2a: Palossand\n|-damage|p1a: Electrode|234/260|[from] item: Life Orb\n|\n|upkeep\n|\n|t:|1781393916\n|switch|p2a: Lucario|Lucario, L84, F|255/255\n|-damage|p2a: Lucario|248/255|[from] Stealth Rock\n|turn|13\n|\n|t:|1781393922\n|move|p1a: Electrode|Volt Switch|p2a: Lucario\n|-damage|p2a: Lucario|139/255\n|-damage|p1a: Electrode|208/260|[from] item: Life Orb\n|\n|t:|1781393925\n|switch|p1a: Electivire|Electivire, L84, M|237/263|[from] Volt Switch\n|move|p2a: Lucario|Nasty Plot|p2a: Lucario\n|-boost|p2a: Lucario|spa|2\n|\n|upkeep\n|turn|14\n|\n|t:|1781393940\n|switch|p2a: Palkia|Palkia-Origin, L72|249/249\n|-damage|p2a: Palkia|218/249|[from] Stealth Rock\n|-ability|p2a: Palkia|Pressure\n|move|p1a: Electivire|Earthquake|p2a: Palkia\n|-damage|p2a: Palkia|93/249\n|-damage|p1a: Electivire|211/263|[from] item: Life Orb\n|\n|upkeep\n|turn|15\n|\n|t:|1781393951\n|switch|p1a: Frosmoth|Frosmoth, L82, F|223/249\n|move|p2a: Palkia|Draco Meteor|p1a: Frosmoth\n|-damage|p1a: Frosmoth|141/249\n|-unboost|p2a: Palkia|spa|2\n|\n|upkeep\n|turn|16\n|\n|t:|1781393962\n|switch|p2a: Ho-Oh|Ho-Oh, L71|266/268\n|move|p1a: Frosmoth|Quiver Dance|p1a: Frosmoth\n|-boost|p1a: Frosmoth|spa|1\n|-boost|p1a: Frosmoth|spd|1\n|-boost|p1a: Frosmoth|spe|1\n|\n|upkeep\n|turn|17\n|\n|t:|1781393965\n|move|p1a: Frosmoth|Ice Beam|p2a: Ho-Oh\n|-damage|p2a: Ho-Oh|134/268\n|move|p2a: Ho-Oh|Sacred Fire|p1a: Frosmoth|[miss]\n|-miss|p2a: Ho-Oh|p1a: Frosmoth\n|\n|upkeep\n|turn|18\n|\n|t:|1781393973\n|move|p1a: Frosmoth|Quiver Dance|p1a: Frosmoth\n|-boost|p1a: Frosmoth|spa|1\n|-boost|p1a: Frosmoth|spd|1\n|-boost|p1a: Frosmoth|spe|1\n|move|p2a: Ho-Oh|Sacred Fire|p1a: Frosmoth\n|-supereffective|p1a: Frosmoth\n|-damage|p1a: Frosmoth|0 fnt\n|faint|p1a: Frosmoth\n|\n|upkeep\n|\n|t:|1781393975\n|switch|p1a: Staraptor|Staraptor, L79, F|263/263\n|turn|19\n|\n|t:|1781393980\n|switch|p2a: Palkia|Palkia-Origin, L72|93/249\n|-damage|p2a: Palkia|62/249|[from] Stealth Rock\n|-ability|p2a: Palkia|Pressure\n|move|p1a: Staraptor|Brave Bird|p2a: Palkia\n|-damage|p2a: Palkia|0 fnt\n|faint|p2a: Palkia\n|-damage|p1a: Staraptor|243/263|[from] Recoil\n|\n|upkeep\n|\n|t:|1781393985\n|switch|p2a: Toxtricity|Toxtricity, L82, F|257/257\n|-damage|p2a: Toxtricity|225/257|[from] Stealth Rock\n|turn|20\n|\n|t:|1781393996\n|move|p1a: Staraptor|Brave Bird|p2a: Toxtricity\n|-resisted|p2a: Toxtricity\n|-damage|p2a: Toxtricity|81/257\n|-damage|p1a: Staraptor|195/263|[from] Recoil\n|move|p2a: Toxtricity|Shift Gear|p2a: Toxtricity\n|-boost|p2a: Toxtricity|spe|2\n|-boost|p2a: Toxtricity|atk|1\n|\n|upkeep\n|turn|21\n|\n|t:|1781394006\n|switch|p1a: Bisharp|Bisharp, L79, F|232/232\n|move|p2a: Toxtricity|Overdrive|p1a: Bisharp\n|-damage|p1a: Bisharp|141/232\n|-enditem|p2a: Toxtricity|Throat Spray\n|-boost|p2a: Toxtricity|spa|1|[from] item: Throat Spray\n|\n|upkeep\n|turn|22\n|\n|t:|1781394015\n|move|p1a: Bisharp|Sucker Punch|p2a: Toxtricity\n|-damage|p2a: Toxtricity|0 fnt\n|faint|p2a: Toxtricity\n|\n|upkeep\n|\n|t:|1781394018\n|switch|p2a: Ho-Oh|Ho-Oh, L71|223/268\n|turn|23\n|\n|t:|1781394024\n|move|p1a: Bisharp|Sucker Punch|p2a: Ho-Oh\n|-damage|p2a: Ho-Oh|129/268\n|move|p2a: Ho-Oh|Sacred Fire|p1a: Bisharp\n|-supereffective|p1a: Bisharp\n|-crit|p1a: Bisharp\n|-damage|p1a: Bisharp|0 fnt\n|faint|p1a: Bisharp\n|\n|upkeep\n|\n|t:|1781394035\n|switch|p1a: Electrode|Electrode, L92, tera:Ice|208/260\n|turn|24\n|\n|t:|1781394042\n|-terastallize|p2a: Ho-Oh|Ground\n|move|p1a: Electrode|Thunderbolt|p2a: Ho-Oh\n|-immune|p2a: Ho-Oh\n|move|p2a: Ho-Oh|Sacred Fire|p1a: Electrode\n|-supereffective|p1a: Electrode\n|-damage|p1a: Electrode|10/260\n|\n|upkeep\n|turn|25\n|\n|t:|1781394052\n|switch|p2a: Lucario|Lucario, L84, F|139/255\n|-damage|p2a: Lucario|132/255|[from] Stealth Rock\n|move|p1a: Electrode|Thunderbolt|p2a: Lucario\n|-damage|p2a: Lucario|0 fnt\n|faint|p2a: Lucario\n|-damage|p1a: Electrode|0 fnt|[from] item: Life Orb\n|faint|p1a: Electrode\n|\n|upkeep\n|\n|t:|1781394061\n|switch|p1a: Staraptor|Staraptor, L79, F|195/263\n|switch|p2a: Ho-Oh|Ho-Oh, L71, tera:Ground|218/268\n|turn|26\n|\n|t:|1781394070\n|move|p1a: Staraptor|Brave Bird|p2a: Ho-Oh\n|-damage|p2a: Ho-Oh|0 fnt\n|faint|p2a: Ho-Oh\n|-damage|p1a: Staraptor|123/263|[from] Recoil\n|\n|upkeep\n|\n|t:|1781394072\n|switch|p2a: Basculin|Basculin, L86, F|139/261\n|-damage|p2a: Basculin|107/261|[from] Stealth Rock\n|turn|27\n|\n|t:|1781394076\n|switch|p1a: Electivire|Electivire, L84, M|211/263\n|move|p2a: Basculin|Aqua Jet|p1a: Electivire\n|-damage|p1a: Electivire|111/263\n|\n|upkeep\n|turn|28\n|\n|t:|1781394081\n|move|p2a: Basculin|Aqua Jet|p1a: Electivire\n|-damage|p1a: Electivire|1/263\n|move|p1a: Electivire|Earthquake|p2a: Basculin\n|-damage|p2a: Basculin|0 fnt\n|faint|p2a: Basculin\n|-damage|p1a: Electivire|0 fnt|[from] item: Life Orb\n|faint|p1a: Electivire\n|\n|win|schleeby\n", "inputlog": ">version a8376a258c1d4662feba110a92103f3664a72141\n>start {\"formatid\":\"gen9randombattle\",\"seed\":\"sodium,ba7104ef43c77b5d1b9d8b2bb7392533\",\"rated\":\"Rated battle\"}\n>player p1 {\"name\":\"schleeby\",\"avatar\":\"rosa\",\"rating\":1914,\"seed\":\"sodium,8f8ee063b05ff0d97754e52e964b8e15\"}\n>player p2 {\"name\":\"Smart Gas\",\"avatar\":\"clavell-s\",\"rating\":1911,\"seed\":\"sodium,b63b851e514e54e1a395c212a07bc824\"}\n>p1 move voltswitch\n>p2 switch 4\n>p1 move taunt\n>p2 move stealthrock\n>p1 switch 3\n>p2 move shadowball\n>p1 move stealthrock\n>p2 switch 5\n>p1 move earthquake\n>p2 move wavecrash\n>p1 switch 5\n>p1 move throatchop\n>p2 switch 4\n>p1 switch 4\n>p2 move recover\n>p1 move icepunch\n>p2 switch 5\n>p1 switch 6\n>p2 move earthpower\n>p1 move icebeam\n>p2 switch 5\n>p1 switch 3\n>p2 move sacredfire\n>p1 move terablast terastallize\n>p2 switch 5\n>p2 switch 2\n>p1 move voltswitch\n>p2 move nastyplot\n>p1 switch 6\n>p1 move earthquake\n>p2 switch 6\n>p1 switch 3\n>p2 move dracometeor\n>p1 move quiverdance\n>p2 switch 5\n>p1 move icebeam\n>p2 move sacredfire\n>p1 move quiverdance\n>p2 move sacredfire\n>p1 switch 2\n>p1 move bravebird\n>p2 switch 5\n>p2 switch 3\n>p1 move bravebird\n>p2 move shiftgear\n>p1 switch 4\n>p2 move overdrive\n>p1 move suckerpunch\n>p2 move overdrive\n>p2 switch 5\n>p1 move suckerpunch\n>p2 move sacredfire\n>p1 switch 6\n>p1 move thunderbolt\n>p2 move sacredfire terastallize\n>p1 move thunderbolt\n>p2 switch 6\n>p1 switch 4\n>p2 switch 6\n>p1 move bravebird\n>p2 move sacredfire\n>p2 switch 4\n>p1 switch 3\n>p2 move aquajet\n>p1 move earthquake\n>p2 move aquajet", "uploadtime": 1781393797, "views": 5, "formatid": "gen9randombattle", "rating": null, "private": 0, "password": null}