{"id": "gen9randombattle-2631451145", "format": "[Gen 9] Random Battle", "players": ["Salazzle Dazzle 1", "Breedlove123"], "log": "|j|\u2606Salazzle Dazzle 1\n|j|\u2606Breedlove123\n|t:|1781386257\n|gametype|singles\n|player|p1|Salazzle Dazzle 1|lenora|1976\n|player|p2|Breedlove123|1|2023\n|gen|9\n|tier|[Gen 9] Random Battle\n|rated|\n|rule|Species Clause: Limit one of each Pok\u00e9mon\n|rule|HP Percentage Mod: HP is shown in percentages\n|rule|Sleep Clause Mod: Limit one foe put to sleep\n|rule|Illusion Level Mod: Illusion disguises the Pok\u00e9mon's true level\n|\n|t:|1781386257\n|teamsize|p1|6\n|teamsize|p2|6\n|start\n|switch|p1a: Leafeon|Leafeon, L88, M|258/258\n|switch|p2a: Kleavor|Kleavor, L78, M|237/237\n|turn|1\n|\n|t:|1781386269\n|move|p1a: Leafeon|Leaf Blade|p2a: Kleavor\n|-damage|p2a: Kleavor|91/237\n|-damage|p1a: Leafeon|233/258|[from] item: Life Orb\n|move|p2a: Kleavor|Stone Axe|p1a: Leafeon\n|-damage|p1a: Leafeon|157/258\n|-sidestart|p1: Salazzle Dazzle 1|move: Stealth Rock\n|\n|upkeep\n|turn|2\n|inactive|Battle timer is ON: inactive players will automatically lose when time's up. (requested by Breedlove123)\n|\n|t:|1781386278\n|switch|p2a: Wyrdeer|Wyrdeer, L87, F|321/321\n|-ability|p2a: Wyrdeer|Intimidate|boost\n|-unboost|p1a: Leafeon|atk|1\n|move|p1a: Leafeon|Leaf Blade|p2a: Wyrdeer\n|-damage|p2a: Wyrdeer|211/321\n|-damage|p1a: Leafeon|132/258|[from] item: Life Orb\n|\n|upkeep\n|turn|3\n|\n|t:|1781386286\n|move|p1a: Leafeon|Knock Off|p2a: Wyrdeer\n|-supereffective|p2a: Wyrdeer\n|-damage|p2a: Wyrdeer|58/321\n|-enditem|p2a: Wyrdeer|Assault Vest|[from] move: Knock Off|[of] p1a: Leafeon\n|-damage|p1a: Leafeon|107/258|[from] item: Life Orb\n|move|p2a: Wyrdeer|Megahorn|p1a: Leafeon\n|-supereffective|p1a: Leafeon\n|-damage|p1a: Leafeon|0 fnt\n|faint|p1a: Leafeon\n|\n|upkeep\n|\n|t:|1781386306\n|switch|p1a: Walking Wake|Walking Wake, L79|286/286\n|-damage|p1a: Walking Wake|251/286|[from] Stealth Rock\n|turn|4\n|\n|t:|1781386312\n|move|p1a: Walking Wake|Flip Turn|p2a: Wyrdeer\n|-damage|p2a: Wyrdeer|0 fnt\n|faint|p2a: Wyrdeer\n|\n|t:|1781386330\n|-end|p1a: Walking Wake|Protosynthesis|[silent]\n|switch|p1a: Fezandipiti|Fezandipiti, L82, M|278/278|[from] Flip Turn\n|-damage|p1a: Fezandipiti|244/278|[from] Stealth Rock\n|\n|-heal|p1a: Fezandipiti|261/278|[from] item: Leftovers\n|upkeep\n|\n|t:|1781386338\n|switch|p2a: Ursaring|Ursaring, L84, M|288/288\n|turn|5\n|\n|t:|1781386346\n|move|p1a: Fezandipiti|U-turn|p2a: Ursaring\n|-damage|p2a: Ursaring|242/288\n|\n|t:|1781386359\n|switch|p1a: Rabsca|Rabsca, L91, M|284/284|[from] U-turn\n|move|p2a: Ursaring|Swords Dance|p2a: Ursaring\n|-boost|p2a: Ursaring|atk|2\n|\n|-status|p2a: Ursaring|tox|[from] item: Toxic Orb\n|upkeep\n|turn|6\n|\n|t:|1781386377\n|move|p2a: Ursaring|Crunch|p1a: Rabsca\n|-supereffective|p1a: Rabsca\n|-damage|p1a: Rabsca|14/284\n|move|p1a: Rabsca|Psychic|p2a: Ursaring\n|-damage|p2a: Ursaring|91/288 tox\n|\n|-damage|p2a: Ursaring|73/288 tox|[from] psn\n|upkeep\n|turn|7\n|\n|t:|1781386385\n|move|p2a: Ursaring|Facade|p1a: Rabsca\n|-damage|p1a: Rabsca|0 fnt\n|faint|p1a: Rabsca\n|\n|-damage|p2a: Ursaring|37/288 tox|[from] psn\n|upkeep\n|\n|t:|1781386390\n|switch|p1a: Dugtrio|Dugtrio-Alola, L84, M|196/196\n|-damage|p1a: Dugtrio|190/196|[from] Stealth Rock\n|turn|8\n|\n|t:|1781386395\n|move|p1a: Dugtrio|Iron Head|p2a: Ursaring\n|-damage|p2a: Ursaring|0 fnt\n|faint|p2a: Ursaring\n|-damage|p1a: Dugtrio|171/196|[from] item: Life Orb\n|\n|upkeep\n|\n|t:|1781386403\n|switch|p2a: Malamar|Malamar, L82, M|275/275\n|turn|9\n|\n|t:|1781386411\n|switch|p1a: Fezandipiti|Fezandipiti, L82, M|261/278\n|-damage|p1a: Fezandipiti|227/278|[from] Stealth Rock\n|move|p2a: Malamar|Superpower|p1a: Fezandipiti\n|-resisted|p1a: Fezandipiti\n|-damage|p1a: Fezandipiti|206/278\n|-boost|p2a: Malamar|atk|1\n|-boost|p2a: Malamar|def|1\n|\n|-heal|p1a: Fezandipiti|223/278|[from] item: Leftovers\n|upkeep\n|turn|10\n|\n|t:|1781386421\n|switch|p2a: Kleavor|Kleavor, L78, M|91/237\n|move|p1a: Fezandipiti|Moonblast|p2a: Kleavor\n|-damage|p2a: Kleavor|3/237\n|-unboost|p2a: Kleavor|spa|1\n|\n|-heal|p1a: Fezandipiti|240/278|[from] item: Leftovers\n|upkeep\n|turn|11\n|\n|t:|1781386430\n|move|p1a: Fezandipiti|Moonblast|p2a: Kleavor\n|-damage|p2a: Kleavor|0 fnt\n|faint|p2a: Kleavor\n|\n|-heal|p1a: Fezandipiti|257/278|[from] item: Leftovers\n|upkeep\n|inactive|Breedlove123 has 120 seconds left.\n|\n|t:|1781386467\n|switch|p2a: Raging Bolt|Raging Bolt, L78|323/323\n|turn|12\n|\n|t:|1781386473\n|move|p1a: Fezandipiti|Moonblast|p2a: Raging Bolt\n|-supereffective|p2a: Raging Bolt\n|-damage|p2a: Raging Bolt|165/323\n|move|p2a: Raging Bolt|Calm Mind|p2a: Raging Bolt\n|-boost|p2a: Raging Bolt|spa|1\n|-boost|p2a: Raging Bolt|spd|1\n|\n|-heal|p1a: Fezandipiti|274/278|[from] item: Leftovers\n|-heal|p2a: Raging Bolt|185/323|[from] item: Leftovers\n|upkeep\n|turn|13\n|\n|t:|1781386478\n|move|p1a: Fezandipiti|Moonblast|p2a: Raging Bolt\n|-supereffective|p2a: Raging Bolt\n|-damage|p2a: Raging Bolt|77/323\n|move|p2a: Raging Bolt|Thunderbolt|p1a: Fezandipiti\n|-damage|p1a: Fezandipiti|139/278\n|\n|-heal|p1a: Fezandipiti|156/278|[from] item: Leftovers\n|-heal|p2a: Raging Bolt|97/323|[from] item: Leftovers\n|upkeep\n|turn|14\n|\n|t:|1781386490\n|move|p2a: Raging Bolt|Thunderclap|p1a: Fezandipiti\n|-damage|p1a: Fezandipiti|47/278\n|move|p1a: Fezandipiti|Moonblast|p2a: Raging Bolt\n|-supereffective|p2a: Raging Bolt\n|-damage|p2a: Raging Bolt|0 fnt\n|faint|p2a: Raging Bolt\n|-end|p2a: Raging Bolt|Protosynthesis|[silent]\n|\n|-heal|p1a: Fezandipiti|64/278|[from] item: Leftovers\n|upkeep\n|\n|t:|1781386492\n|switch|p2a: Annihilape|Annihilape, L76, F|292/292\n|turn|15\n|\n|t:|1781386500\n|-terastallize|p2a: Annihilape|Water\n|move|p1a: Fezandipiti|Roost|p1a: Fezandipiti\n|-heal|p1a: Fezandipiti|203/278\n|-singleturn|p1a: Fezandipiti|move: Roost\n|move|p2a: Annihilape|Bulk Up|p2a: Annihilape\n|-boost|p2a: Annihilape|atk|1\n|-boost|p2a: Annihilape|def|1\n|\n|-heal|p1a: Fezandipiti|220/278|[from] item: Leftovers\n|upkeep\n|turn|16\n|\n|t:|1781386510\n|move|p1a: Fezandipiti|Gunk Shot|p2a: Annihilape\n|-damage|p2a: Annihilape|204/292\n|move|p2a: Annihilape|Bulk Up|p2a: Annihilape\n|-boost|p2a: Annihilape|atk|1\n|-boost|p2a: Annihilape|def|1\n|\n|-heal|p1a: Fezandipiti|237/278|[from] item: Leftovers\n|-heal|p2a: Annihilape|222/292|[from] item: Leftovers\n|upkeep\n|turn|17\n|\n|t:|1781386514\n|move|p1a: Fezandipiti|Moonblast|p2a: Annihilape\n|-damage|p2a: Annihilape|143/292\n|-unboost|p2a: Annihilape|spa|1\n|-ability|p2a: Annihilape|Defiant|boost\n|-boost|p2a: Annihilape|atk|2\n|-status|p2a: Annihilape|tox|[from] ability: Toxic Chain|[of] p1a: Fezandipiti\n|move|p2a: Annihilape|Rage Fist|p1a: Fezandipiti\n|-damage|p1a: Fezandipiti|0 fnt\n|faint|p1a: Fezandipiti\n|\n|-heal|p2a: Annihilape|161/292 tox|[from] item: Leftovers\n|-damage|p2a: Annihilape|143/292 tox|[from] psn\n|upkeep\n|\n|t:|1781386522\n|switch|p1a: Walking Wake|Walking Wake, L79|251/286\n|-damage|p1a: Walking Wake|216/286|[from] Stealth Rock\n|turn|18\n|\n|t:|1781386527\n|move|p1a: Walking Wake|Draco Meteor|p2a: Annihilape\n|-damage|p2a: Annihilape|0 fnt\n|-unboost|p1a: Walking Wake|spa|2\n|faint|p2a: Annihilape\n|\n|upkeep\n|\n|t:|1781386529\n|switch|p2a: Malamar|Malamar, L82, M|275/275\n|turn|19\n|\n|t:|1781386533\n|-end|p1a: Walking Wake|Protosynthesis|[silent]\n|switch|p1a: Coalossal|Coalossal, L89, M|341/341\n|move|p2a: Malamar|Superpower|p1a: Coalossal\n|-supereffective|p1a: Coalossal\n|-damage|p1a: Coalossal|219/341\n|-boost|p2a: Malamar|atk|1\n|-boost|p2a: Malamar|def|1\n|-status|p2a: Malamar|brn|[from] ability: Flame Body|[of] p1a: Coalossal\n|\n|-damage|p2a: Malamar|258/275 brn|[from] brn\n|upkeep\n|turn|20\n|\n|t:|1781386541\n|move|p2a: Malamar|Superpower|p1a: Coalossal\n|-supereffective|p1a: Coalossal\n|-damage|p1a: Coalossal|140/341\n|-boost|p2a: Malamar|atk|1\n|-boost|p2a: Malamar|def|1\n|move|p1a: Coalossal|Overheat|p2a: Malamar\n|-damage|p2a: Malamar|116/275 brn\n|-unboost|p1a: Coalossal|spa|2\n|\n|-heal|p2a: Malamar|133/275 brn|[from] item: Leftovers\n|-damage|p2a: Malamar|116/275 brn|[from] brn\n|upkeep\n|turn|21\n|\n|t:|1781386548\n|move|p2a: Malamar|Rest|p2a: Malamar\n|-status|p2a: Malamar|slp|[from] move: Rest\n|-heal|p2a: Malamar|275/275 slp|[silent]\n|move|p1a: Coalossal|Rapid Spin|p2a: Malamar\n|-damage|p2a: Malamar|256/275 slp\n|-boost|p1a: Coalossal|spe|1\n|-sideend|p1: Salazzle Dazzle 1|Stealth Rock|[from] move: Rapid Spin|[of] p1a: Coalossal\n|\n|-heal|p2a: Malamar|273/275 slp|[from] item: Leftovers\n|upkeep\n|turn|22\n|\n|t:|1781386553\n|switch|p1a: Walking Wake|Walking Wake, L79|216/286\n|cant|p2a: Malamar|slp\n|move|p2a: Malamar|Sleep Talk|p2a: Malamar\n|move|p2a: Malamar|Knock Off|p1a: Walking Wake|[from] move: Sleep Talk\n|-damage|p1a: Walking Wake|30/286\n|-enditem|p1a: Walking Wake|Choice Specs|[from] move: Knock Off|[of] p2a: Malamar\n|\n|-heal|p2a: Malamar|275/275 slp|[from] item: Leftovers\n|upkeep\n|turn|23\n|\n|t:|1781386560\n|-terastallize|p1a: Walking Wake|Water\n|move|p1a: Walking Wake|Hydro Pump|p2a: Malamar\n|-crit|p2a: Malamar\n|-damage|p2a: Malamar|0 fnt\n|faint|p2a: Malamar\n|\n|win|Salazzle Dazzle 1\n", "uploadtime": 1781386259, "views": 7, "formatid": "gen9randombattle", "rating": null, "private": 0, "password": null}