{"id": "gen9randombattle-2631921389", "format": "[Gen 9] Random Battle", "players": ["8btry8", "Gin X Tonic"], "log": "|j|\u26068btry8\n|j|\u2606Gin X Tonic\n|t:|1781455849\n|gametype|singles\n|player|p1|8btry8|1|1920\n|player|p2|Gin X Tonic|artist-gen4|1962\n|gen|9\n|tier|[Gen 9] Random Battle\n|rated|\n|rule|Species Clause: Limit one of each Pok\u00e9mon\n|rule|HP Percentage Mod: HP is shown in percentages\n|rule|Sleep Clause Mod: Limit one foe put to sleep\n|rule|Illusion Level Mod: Illusion disguises the Pok\u00e9mon's true level\n|\n|t:|1781455849\n|teamsize|p1|6\n|teamsize|p2|6\n|start\n|switch|p1a: Zapdos|Zapdos-Galar, L77|265/265\n|switch|p2a: Clodsire|Clodsire, L81, M|343/343\n|turn|1\n|inactive|Battle timer is ON: inactive players will automatically lose when time's up. (requested by Gin X Tonic)\n|\n|t:|1781455862\n|move|p1a: Zapdos|Brave Bird|p2a: Clodsire\n|-damage|p2a: Clodsire|171/343\n|-damage|p1a: Zapdos|208/265|[from] Recoil\n|move|p2a: Clodsire|Toxic|p1a: Zapdos\n|-status|p1a: Zapdos|tox\n|\n|-heal|p2a: Clodsire|192/343|[from] item: Leftovers\n|-damage|p1a: Zapdos|192/265 tox|[from] psn\n|upkeep\n|turn|2\n|\n|t:|1781455873\n|move|p1a: Zapdos|Brave Bird|p2a: Clodsire\n|-damage|p2a: Clodsire|20/343\n|-damage|p1a: Zapdos|135/265 tox|[from] Recoil\n|move|p2a: Clodsire|Recover|p2a: Clodsire\n|-heal|p2a: Clodsire|192/343\n|\n|-heal|p2a: Clodsire|213/343|[from] item: Leftovers\n|-damage|p1a: Zapdos|103/265 tox|[from] psn\n|upkeep\n|turn|3\n|\n|t:|1781455887\n|switch|p1a: Cryogonal|Cryogonal, L89|287/287\n|move|p2a: Clodsire|Recover|p2a: Clodsire\n|-heal|p2a: Clodsire|343/343\n|\n|upkeep\n|turn|4\n|\n|t:|1781455898\n|switch|p2a: Mabosstiff|Mabosstiff, L86, M|278/278\n|move|p1a: Cryogonal|Freeze-Dry|p2a: Mabosstiff\n|-damage|p2a: Mabosstiff|182/278\n|\n|upkeep\n|turn|5\n|\n|t:|1781455906\n|move|p1a: Cryogonal|Freeze-Dry|p2a: Mabosstiff\n|-damage|p2a: Mabosstiff|91/278\n|move|p2a: Mabosstiff|Crunch|p1a: Cryogonal\n|-damage|p1a: Cryogonal|73/287\n|\n|upkeep\n|turn|6\n|\n|t:|1781455913\n|move|p1a: Cryogonal|Freeze-Dry|p2a: Mabosstiff\n|-damage|p2a: Mabosstiff|0 fnt\n|faint|p2a: Mabosstiff\n|\n|upkeep\n|\n|t:|1781455917\n|switch|p2a: Pyroar|Pyroar, L88, F|295/295\n|-ability|p2a: Pyroar|Unnerve\n|turn|7\n|\n|t:|1781455925\n|switch|p1a: Florges|Florges-White, L85, F|271/271\n|move|p2a: Pyroar|Fire Blast|p1a: Florges\n|-damage|p1a: Florges|184/271\n|\n|-heal|p1a: Florges|200/271|[from] item: Leftovers\n|upkeep\n|turn|8\n|\n|t:|1781455936\n|switch|p2a: Clodsire|Clodsire, L81, M|343/343\n|-terastallize|p1a: Florges|Ground\n|move|p1a: Florges|Tera Blast|p2a: Clodsire|[anim] Tera Blast Ground\n|-supereffective|p2a: Clodsire\n|-damage|p2a: Clodsire|149/343\n|\n|-heal|p1a: Florges|216/271|[from] item: Leftovers\n|-heal|p2a: Clodsire|170/343|[from] item: Leftovers\n|upkeep\n|turn|9\n|\n|t:|1781455960\n|switch|p2a: Manaphy|Manaphy, L78|284/284\n|move|p1a: Florges|Tera Blast|p2a: Manaphy|[anim] Tera Blast Ground\n|-damage|p2a: Manaphy|181/284\n|\n|-heal|p2a: Manaphy|198/284|[from] item: Leftovers\n|-heal|p1a: Florges|232/271|[from] item: Leftovers\n|upkeep\n|turn|10\n|inactive|8btry8 has 120 seconds left.\n|\n|t:|1781455997\n|switch|p1a: Zapdos|Zapdos-Galar, L77|103/265 tox\n|move|p2a: Manaphy|Tail Glow|p2a: Manaphy\n|-boost|p2a: Manaphy|spa|3\n|\n|-heal|p2a: Manaphy|215/284|[from] item: Leftovers\n|-damage|p1a: Zapdos|87/265 tox|[from] psn\n|upkeep\n|turn|11\n|inactive|8btry8 has 120 seconds left.\n|\n|t:|1781456007\n|move|p1a: Zapdos|Brave Bird|p2a: Manaphy\n|-crit|p2a: Manaphy\n|-damage|p2a: Manaphy|29/284\n|-damage|p1a: Zapdos|26/265 tox|[from] Recoil\n|move|p2a: Manaphy|Ice Beam|p1a: Zapdos\n|-supereffective|p1a: Zapdos\n|-damage|p1a: Zapdos|0 fnt\n|faint|p1a: Zapdos\n|\n|-heal|p2a: Manaphy|46/284|[from] item: Leftovers\n|upkeep\n|\n|t:|1781456027\n|switch|p1a: Regidrago|Regidrago, L77|435/435\n|turn|12\n|\n|t:|1781456033\n|move|p1a: Regidrago|Dragon Energy|p2a: Manaphy\n|-damage|p2a: Manaphy|0 fnt\n|faint|p2a: Manaphy\n|\n|upkeep\n|\n|t:|1781456041\n|switch|p2a: Veluza|Veluza, L85, M|292/292\n|turn|13\n|\n|t:|1781456046\n|move|p1a: Regidrago|Dragon Energy|p2a: Veluza\n|-damage|p2a: Veluza|40/292\n|move|p2a: Veluza|Psycho Cut|p1a: Regidrago\n|-damage|p1a: Regidrago|128/435\n|\n|upkeep\n|turn|14\n|\n|t:|1781456053\n|switch|p2a: Clodsire|Clodsire, L81, M|170/343\n|move|p1a: Regidrago|Dragon Energy|p2a: Clodsire\n|-crit|p2a: Clodsire\n|-damage|p2a: Clodsire|89/343\n|\n|-heal|p2a: Clodsire|110/343|[from] item: Leftovers\n|upkeep\n|turn|15\n|\n|t:|1781456063\n|switch|p1a: Florges|Florges-White, L85, F, tera:Ground|232/271\n|move|p2a: Clodsire|Recover|p2a: Clodsire\n|-heal|p2a: Clodsire|282/343\n|\n|-heal|p1a: Florges|248/271|[from] item: Leftovers\n|-heal|p2a: Clodsire|303/343|[from] item: Leftovers\n|upkeep\n|turn|16\n|\n|t:|1781456074\n|move|p1a: Florges|Tera Blast|p2a: Clodsire|[anim] Tera Blast Ground\n|-supereffective|p2a: Clodsire\n|-damage|p2a: Clodsire|117/343\n|move|p2a: Clodsire|Toxic|p1a: Florges\n|-status|p1a: Florges|tox\n|\n|-heal|p1a: Florges|264/271 tox|[from] item: Leftovers\n|-heal|p2a: Clodsire|138/343|[from] item: Leftovers\n|-damage|p1a: Florges|248/271 tox|[from] psn\n|upkeep\n|turn|17\n|\n|t:|1781456087\n|switch|p2a: Veluza|Veluza, L85, M|40/292\n|move|p1a: Florges|Tera Blast|p2a: Veluza|[anim] Tera Blast Ground\n|-damage|p2a: Veluza|0 fnt\n|faint|p2a: Veluza\n|\n|-heal|p1a: Florges|264/271 tox|[from] item: Leftovers\n|-damage|p1a: Florges|232/271 tox|[from] psn\n|upkeep\n|\n|t:|1781456097\n|switch|p2a: Hitmontop|Hitmontop, L88, M, shiny|231/231\n|turn|18\n|\n|t:|1781456102\n|-terastallize|p2a: Hitmontop|Ice\n|move|p1a: Florges|Moonblast|p2a: Hitmontop\n|-damage|p2a: Hitmontop|132/231\n|move|p2a: Hitmontop|Rapid Spin|p1a: Florges\n|-damage|p1a: Florges|166/271 tox\n|-boost|p2a: Hitmontop|spe|1\n|\n|-heal|p2a: Hitmontop|146/231|[from] item: Leftovers\n|-heal|p1a: Florges|182/271 tox|[from] item: Leftovers\n|-damage|p1a: Florges|134/271 tox|[from] psn\n|upkeep\n|turn|19\n|\n|t:|1781456115\n|move|p2a: Hitmontop|Bulk Up|p2a: Hitmontop\n|-boost|p2a: Hitmontop|atk|1\n|-boost|p2a: Hitmontop|def|1\n|move|p1a: Florges|Moonblast|p2a: Hitmontop\n|-damage|p2a: Hitmontop|58/231\n|\n|-heal|p2a: Hitmontop|72/231|[from] item: Leftovers\n|-heal|p1a: Florges|150/271 tox|[from] item: Leftovers\n|-damage|p1a: Florges|86/271 tox|[from] psn\n|upkeep\n|turn|20\n|\n|t:|1781456127\n|move|p2a: Hitmontop|Rapid Spin|p1a: Florges\n|-damage|p1a: Florges|0 fnt\n|-boost|p2a: Hitmontop|spe|1\n|faint|p1a: Florges\n|\n|-heal|p2a: Hitmontop|86/231|[from] item: Leftovers\n|upkeep\n|\n|t:|1781456141\n|switch|p1a: Great Tusk|Great Tusk, L77|304/304\n|turn|21\n|\n|t:|1781456151\n|move|p2a: Hitmontop|Triple Axel|p1a: Great Tusk\n|-supereffective|p1a: Great Tusk\n|-damage|p1a: Great Tusk|218/304\n|-hitcount|p1a: Great Tusk|1\n|move|p1a: Great Tusk|Close Combat|p2a: Hitmontop\n|-supereffective|p2a: Hitmontop\n|-damage|p2a: Hitmontop|0 fnt\n|-unboost|p1a: Great Tusk|def|1\n|-unboost|p1a: Great Tusk|spd|1\n|faint|p2a: Hitmontop\n|\n|-heal|p1a: Great Tusk|237/304|[from] item: Leftovers\n|upkeep\n|\n|t:|1781456158\n|switch|p2a: Pyroar|Pyroar, L88, F|295/295\n|-ability|p2a: Pyroar|Unnerve\n|turn|22\n|\n|t:|1781456172\n|-end|p1a: Great Tusk|Protosynthesis|[silent]\n|switch|p1a: Cryogonal|Cryogonal, L89|73/287\n|move|p2a: Pyroar|Fire Blast|p1a: Cryogonal\n|-supereffective|p1a: Cryogonal\n|-damage|p1a: Cryogonal|0 fnt\n|faint|p1a: Cryogonal\n|\n|upkeep\n|\n|t:|1781456182\n|switch|p1a: Great Tusk|Great Tusk, L77|237/304\n|turn|23\n|\n|t:|1781456186\n|move|p2a: Pyroar|Fire Blast|p1a: Great Tusk\n|-damage|p1a: Great Tusk|29/304\n|move|p1a: Great Tusk|Close Combat|p2a: Pyroar\n|-supereffective|p2a: Pyroar\n|-damage|p2a: Pyroar|0 fnt\n|-unboost|p1a: Great Tusk|def|1\n|-unboost|p1a: Great Tusk|spd|1\n|faint|p2a: Pyroar\n|\n|-heal|p1a: Great Tusk|48/304|[from] item: Leftovers\n|upkeep\n|-message|Gin X Tonic forfeited.\n|\n|win|8btry8\n|raw|8btry8's rating: 1920 &rarr; <strong>1942</strong><br />(+22 for winning)\n|raw|Gin X Tonic's rating: 1962 &rarr; <strong>1940</strong><br />(-22 for losing)\n", "inputlog": ">version a8376a258c1d4662feba110a92103f3664a72141\n>start {\"formatid\":\"gen9randombattle\",\"seed\":\"sodium,7889b8fbd756f2c42fd09e529ae1f8ec\",\"rated\":\"Rated battle\"}\n>player p1 {\"name\":\"8btry8\",\"avatar\":\"1\",\"rating\":1920,\"seed\":\"sodium,fcc6210d97e63cf422db001484e9b0ae\"}\n>player p2 {\"name\":\"Gin X Tonic\",\"avatar\":\"artist-gen4\",\"rating\":1962,\"seed\":\"sodium,f92ba8c2dfee33f1fd64f22d81a24190\"}\n>p1 move bravebird\n>p2 move toxic\n>p1 move bravebird\n>p2 move recover\n>p1 switch 3\n>p2 move recover\n>p1 move freezedry\n>p2 switch 3\n>p1 move freezedry\n>p2 move crunch\n>p1 move freezedry\n>p2 move crunch\n>p2 switch 5\n>p1 switch 2\n>p2 move fireblast\n>p1 move terablast terastallize\n>p2 switch 3\n>p1 move terablast\n>p2 switch 6\n>p1 switch 3\n>p2 move tailglow\n>p1 move bravebird\n>p2 move icebeam\n>p1 switch 6\n>p1 move dragonenergy\n>p2 move icebeam\n>p2 switch 2\n>p1 move dragonenergy\n>p2 move psychocut\n>p1 move dragonenergy\n>p2 switch 6\n>p1 switch 3\n>p2 move recover\n>p1 move terablast\n>p2 move toxic\n>p1 move terablast\n>p2 switch 6\n>p2 switch 4\n>p1 move moonblast\n>p2 move rapidspin terastallize\n>p1 move moonblast\n>p2 move bulkup\n>p1 move moonblast\n>p2 move rapidspin\n>p1 switch 5\n>p1 move closecombat\n>p2 move tripleaxel\n>p2 switch 3\n>p1 switch 2\n>p2 move fireblast\n>p1 switch 2\n>p1 move closecombat\n>p2 move fireblast\n>forcelose p2", "uploadtime": 1781455851, "views": 5, "formatid": "gen9randombattle", "rating": 1940, "private": 0, "password": null}