{"id": "gen9randombattle-2631857331", "format": "[Gen 9] Random Battle", "players": ["pagenfranskane", "DBKaiyote"], "log": "|j|\u2606pagenfranskane\n|j|\u2606DBKaiyote\n|t:|1781448811\n|gametype|singles\n|player|p1|pagenfranskane|battlegirl|2043\n|player|p2|DBKaiyote|swimmer-gen4|2071\n|gen|9\n|tier|[Gen 9] Random Battle\n|rated|\n|rule|Species Clause: Limit one of each Pok\u00e9mon\n|rule|HP Percentage Mod: HP is shown in percentages\n|rule|Sleep Clause Mod: Limit one foe put to sleep\n|rule|Illusion Level Mod: Illusion disguises the Pok\u00e9mon's true level\n|\n|t:|1781448811\n|teamsize|p1|6\n|teamsize|p2|6\n|start\n|switch|p1a: Perrserker|Perrserker, L89, F|269/269\n|switch|p2a: Oranguru|Oranguru, L92, F|315/315\n|turn|1\n|inactive|Battle timer is ON: inactive players will automatically lose when time's up. (requested by DBKaiyote)\n|\n|t:|1781448831\n|switch|p2a: Krookodile|Krookodile, L79, M|280/280\n|-ability|p2a: Krookodile|Intimidate|boost\n|-unboost|p1a: Perrserker|atk|1\n|move|p1a: Perrserker|Stealth Rock|p2a: Krookodile\n|-sidestart|p2: DBKaiyote|move: Stealth Rock\n|\n|upkeep\n|turn|2\n|\n|t:|1781448844\n|switch|p1a: Gogoat|Gogoat, L88, F|360/360\n|move|p2a: Krookodile|Knock Off|p1a: Gogoat\n|-damage|p1a: Gogoat|221/360\n|-enditem|p1a: Gogoat|Leftovers|[from] move: Knock Off|[of] p2a: Krookodile\n|\n|upkeep\n|turn|3\n|\n|t:|1781448859\n|move|p2a: Krookodile|Gunk Shot|p1a: Gogoat\n|-supereffective|p1a: Gogoat\n|-damage|p1a: Gogoat|0 fnt\n|faint|p1a: Gogoat\n|\n|upkeep\n|\n|t:|1781448867\n|switch|p1a: Gliscor|Gliscor, L76, F|239/239\n|turn|4\n|\n|t:|1781448881\n|move|p1a: Gliscor|Protect|p1a: Gliscor\n|-singleturn|p1a: Gliscor|Protect\n|move|p2a: Krookodile|Knock Off|p1a: Gliscor\n|-activate|p1a: Gliscor|move: Protect\n|\n|-status|p1a: Gliscor|tox|[from] item: Toxic Orb\n|upkeep\n|turn|5\n|inactive|DBKaiyote has 120 seconds left.\n|\n|t:|1781448916\n|-terastallize|p2a: Krookodile|Poison\n|move|p2a: Krookodile|Bulk Up|p2a: Krookodile\n|-boost|p2a: Krookodile|atk|1\n|-boost|p2a: Krookodile|def|1\n|move|p1a: Gliscor|Toxic Spikes|p2a: Krookodile\n|-sidestart|p2: DBKaiyote|move: Toxic Spikes\n|\n|upkeep\n|turn|6\n|\n|t:|1781448925\n|switch|p1a: Ursaring|Ursaring, L84, M|288/288\n|move|p2a: Krookodile|Bulk Up|p2a: Krookodile\n|-boost|p2a: Krookodile|atk|1\n|-boost|p2a: Krookodile|def|1\n|\n|upkeep\n|turn|7\n|\n|t:|1781448929\n|move|p2a: Krookodile|Knock Off|p1a: Ursaring\n|-damage|p1a: Ursaring|137/288\n|-enditem|p1a: Ursaring|Eviolite|[from] move: Knock Off|[of] p2a: Krookodile\n|move|p1a: Ursaring|Body Slam|p2a: Krookodile\n|-crit|p2a: Krookodile\n|-damage|p2a: Krookodile|93/280\n|\n|-heal|p2a: Krookodile|110/280|[from] item: Leftovers\n|upkeep\n|turn|8\n|\n|t:|1781448938\n|move|p2a: Krookodile|Earthquake|p1a: Ursaring\n|-damage|p1a: Ursaring|0 fnt\n|faint|p1a: Ursaring\n|\n|-heal|p2a: Krookodile|127/280|[from] item: Leftovers\n|upkeep\n|\n|t:|1781448942\n|switch|p1a: Comfey|Comfey, L85, M|225/225\n|turn|9\n|\n|t:|1781448950\n|-terastallize|p1a: Comfey|Steel\n|move|p1a: Comfey|Calm Mind|p1a: Comfey\n|-boost|p1a: Comfey|spa|1\n|-boost|p1a: Comfey|spd|1\n|move|p2a: Krookodile|Gunk Shot|p1a: Comfey\n|-immune|p1a: Comfey\n|\n|-heal|p2a: Krookodile|144/280|[from] item: Leftovers\n|upkeep\n|turn|10\n|\n|t:|1781448955\n|move|p1a: Comfey|Stored Power|p2a: Krookodile\n|-supereffective|p2a: Krookodile\n|-damage|p2a: Krookodile|0 fnt\n|faint|p2a: Krookodile\n|\n|upkeep\n|\n|t:|1781448970\n|switch|p2a: Clodsire|Clodsire, L81, F|343/343\n|-damage|p2a: Clodsire|322/343|[from] Stealth Rock\n|-sideend|p2: DBKaiyote|move: Toxic Spikes|[of] p2a: Clodsire\n|turn|11\n|\n|t:|1781448975\n|switch|p1a: Gliscor|Gliscor, L76, F|239/239 tox\n|move|p2a: Clodsire|Earthquake|p1a: Gliscor\n|-immune|p1a: Gliscor\n|\n|-heal|p2a: Clodsire|343/343|[from] item: Leftovers\n|upkeep\n|turn|12\n|\n|t:|1781448981\n|switch|p2a: Flapple|Flapple, L88, F|266/266\n|-damage|p2a: Flapple|233/266|[from] Stealth Rock\n|move|p1a: Gliscor|Knock Off|p2a: Flapple\n|-damage|p2a: Flapple|178/266\n|-enditem|p2a: Flapple|Wide Lens|[from] move: Knock Off|[of] p1a: Gliscor\n|\n|upkeep\n|turn|13\n|\n|t:|1781448993\n|switch|p1a: Perrserker|Perrserker, L89, F|269/269\n|move|p2a: Flapple|Grav Apple|p1a: Perrserker\n|-resisted|p1a: Perrserker\n|-damage|p1a: Perrserker|207/269\n|-unboost|p1a: Perrserker|def|1\n|\n|upkeep\n|turn|14\n|\n|t:|1781449003\n|switch|p2a: Clodsire|Clodsire, L81, F|343/343\n|-damage|p2a: Clodsire|322/343|[from] Stealth Rock\n|move|p1a: Perrserker|U-turn|p2a: Clodsire\n|-resisted|p2a: Clodsire\n|-damage|p2a: Clodsire|251/343\n|-damage|p1a: Perrserker|181/269|[from] item: Life Orb\n|\n|t:|1781449007\n|switch|p1a: Gliscor|Gliscor, L76, F|239/239 tox|[from] U-turn\n|\n|-heal|p2a: Clodsire|272/343|[from] item: Leftovers\n|upkeep\n|turn|15\n|\n|t:|1781449012\n|switch|p2a: Oranguru|Oranguru, L92, F|315/315\n|-damage|p2a: Oranguru|276/315|[from] Stealth Rock\n|move|p1a: Gliscor|Toxic Spikes|p2a: Oranguru\n|-sidestart|p2: DBKaiyote|move: Toxic Spikes\n|\n|upkeep\n|turn|16\n|\n|t:|1781449017\n|move|p1a: Gliscor|Knock Off|p2a: Oranguru\n|-supereffective|p2a: Oranguru\n|-damage|p2a: Oranguru|162/315\n|-enditem|p2a: Oranguru|Life Orb|[from] move: Knock Off|[of] p1a: Gliscor\n|move|p2a: Oranguru|Nasty Plot|p2a: Oranguru\n|-boost|p2a: Oranguru|spa|2\n|\n|upkeep\n|turn|17\n|\n|t:|1781449025\n|switch|p1a: Perrserker|Perrserker, L89, F|181/269\n|move|p2a: Oranguru|Hyper Voice|p1a: Perrserker\n|-resisted|p1a: Perrserker\n|-damage|p1a: Perrserker|46/269\n|\n|upkeep\n|turn|18\n|\n|t:|1781449032\n|move|p2a: Oranguru|Hyper Voice|p1a: Perrserker\n|-resisted|p1a: Perrserker\n|-damage|p1a: Perrserker|0 fnt\n|faint|p1a: Perrserker\n|\n|upkeep\n|\n|t:|1781449035\n|switch|p1a: Comfey|Comfey, L85, M, tera:Steel|225/225\n|turn|19\n|\n|t:|1781449037\n|move|p1a: Comfey|Calm Mind|p1a: Comfey\n|-boost|p1a: Comfey|spa|1\n|-boost|p1a: Comfey|spd|1\n|move|p2a: Oranguru|Focus Blast|p1a: Comfey|[miss]\n|-miss|p2a: Oranguru|p1a: Comfey\n|\n|upkeep\n|turn|20\n|\n|t:|1781449043\n|move|p1a: Comfey|Calm Mind|p1a: Comfey\n|-boost|p1a: Comfey|spa|1\n|-boost|p1a: Comfey|spd|1\n|move|p2a: Oranguru|Nasty Plot|p2a: Oranguru\n|-boost|p2a: Oranguru|spa|2\n|\n|upkeep\n|turn|21\n|\n|t:|1781449047\n|move|p1a: Comfey|Draining Kiss|p2a: Oranguru\n|-damage|p2a: Oranguru|86/315\n|move|p2a: Oranguru|Focus Blast|p1a: Comfey|[miss]\n|-miss|p2a: Oranguru|p1a: Comfey\n|\n|upkeep\n|turn|22\n|\n|t:|1781449052\n|move|p1a: Comfey|Draining Kiss|p2a: Oranguru\n|-damage|p2a: Oranguru|7/315\n|move|p2a: Oranguru|Focus Blast|p1a: Comfey\n|-supereffective|p1a: Comfey\n|-damage|p1a: Comfey|0 fnt\n|faint|p1a: Comfey\n|\n|upkeep\n|\n|t:|1781449055\n|switch|p1a: Gliscor|Gliscor, L76, F|239/239 tox\n|turn|23\n|\n|t:|1781449057\n|move|p1a: Gliscor|Earthquake|p2a: Oranguru\n|-damage|p2a: Oranguru|0 fnt\n|faint|p2a: Oranguru\n|\n|upkeep\n|\n|t:|1781449060\n|switch|p2a: Clodsire|Clodsire, L81, F|272/343\n|-damage|p2a: Clodsire|251/343|[from] Stealth Rock\n|-sideend|p2: DBKaiyote|move: Toxic Spikes|[of] p2a: Clodsire\n|turn|24\n|\n|t:|1781449087\n|switch|p2a: Flapple|Flapple, L88, F|178/266\n|-damage|p2a: Flapple|145/266|[from] Stealth Rock\n|move|p1a: Gliscor|Earthquake|p2a: Flapple\n|-resisted|p2a: Flapple\n|-damage|p2a: Flapple|97/266\n|\n|upkeep\n|turn|25\n|\n|t:|1781449096\n|move|p1a: Gliscor|Knock Off|p2a: Flapple\n|-damage|p2a: Flapple|61/266\n|move|p2a: Flapple|Grav Apple|p1a: Gliscor\n|-damage|p1a: Gliscor|110/239 tox\n|-unboost|p1a: Gliscor|def|1\n|\n|-heal|p1a: Gliscor|139/239 tox|[from] ability: Poison Heal\n|upkeep\n|turn|26\n|\n|t:|1781449100\n|switch|p1a: Wigglytuff|Wigglytuff, L96, M|424/424\n|move|p2a: Flapple|Grav Apple|p1a: Wigglytuff\n|-damage|p1a: Wigglytuff|216/424\n|-unboost|p1a: Wigglytuff|def|1\n|-ability|p1a: Wigglytuff|Competitive|boost\n|-boost|p1a: Wigglytuff|spa|2\n|\n|-heal|p1a: Wigglytuff|242/424|[from] item: Leftovers\n|upkeep\n|turn|27\n|\n|t:|1781449111\n|switch|p2a: Clodsire|Clodsire, L81, F|251/343\n|-damage|p2a: Clodsire|230/343|[from] Stealth Rock\n|move|p1a: Wigglytuff|Dazzling Gleam|p2a: Clodsire\n|-resisted|p2a: Clodsire\n|-damage|p2a: Clodsire|180/343\n|\n|-heal|p1a: Wigglytuff|268/424|[from] item: Leftovers\n|-heal|p2a: Clodsire|201/343|[from] item: Leftovers\n|upkeep\n|turn|28\n|\n|t:|1781449116\n|move|p1a: Wigglytuff|Fire Blast|p2a: Clodsire|[miss]\n|-miss|p1a: Wigglytuff|p2a: Clodsire\n|move|p2a: Clodsire|Recover|p2a: Clodsire\n|-heal|p2a: Clodsire|343/343\n|\n|-heal|p1a: Wigglytuff|294/424|[from] item: Leftovers\n|upkeep\n|turn|29\n|\n|t:|1781449119\n|move|p1a: Wigglytuff|Knock Off|p2a: Clodsire\n|-damage|p2a: Clodsire|254/343\n|-enditem|p2a: Clodsire|Leftovers|[from] move: Knock Off|[of] p1a: Wigglytuff\n|move|p2a: Clodsire|Poison Jab|p1a: Wigglytuff\n|-supereffective|p1a: Wigglytuff\n|-damage|p1a: Wigglytuff|120/424\n|\n|-heal|p1a: Wigglytuff|146/424|[from] item: Leftovers\n|upkeep\n|turn|30\n|\n|t:|1781449123\n|switch|p1a: Gliscor|Gliscor, L76, F|139/239 tox\n|move|p2a: Clodsire|Poison Jab|p1a: Gliscor\n|-resisted|p1a: Gliscor\n|-damage|p1a: Gliscor|109/239 tox\n|\n|-heal|p1a: Gliscor|138/239 tox|[from] ability: Poison Heal\n|upkeep\n|turn|31\n|\n|t:|1781449129\n|switch|p2a: Passimian|Passimian, L83, F|302/302\n|-damage|p2a: Passimian|284/302|[from] Stealth Rock\n|move|p1a: Gliscor|Earthquake|p2a: Passimian\n|-damage|p2a: Passimian|205/302\n|\n|-heal|p1a: Gliscor|167/239 tox|[from] ability: Poison Heal\n|upkeep\n|turn|32\n|\n|t:|1781449133\n|move|p2a: Passimian|Knock Off|p1a: Gliscor\n|-damage|p1a: Gliscor|96/239 tox\n|-enditem|p1a: Gliscor|Toxic Orb|[from] move: Knock Off|[of] p2a: Passimian\n|move|p1a: Gliscor|Earthquake|p2a: Passimian\n|-damage|p2a: Passimian|117/302\n|\n|-heal|p1a: Gliscor|125/239 tox|[from] ability: Poison Heal\n|upkeep\n|turn|33\n|\n|t:|1781449137\n|move|p2a: Passimian|Knock Off|p1a: Gliscor\n|-damage|p1a: Gliscor|79/239 tox\n|move|p1a: Gliscor|Toxic Spikes|p2a: Passimian\n|-sidestart|p2: DBKaiyote|move: Toxic Spikes\n|\n|-heal|p1a: Gliscor|108/239 tox|[from] ability: Poison Heal\n|upkeep\n|turn|34\n|\n|t:|1781449140\n|move|p2a: Passimian|Knock Off|p1a: Gliscor\n|-damage|p1a: Gliscor|64/239 tox\n|move|p1a: Gliscor|Earthquake|p2a: Passimian\n|-damage|p2a: Passimian|33/302\n|\n|-heal|p1a: Gliscor|93/239 tox|[from] ability: Poison Heal\n|upkeep\n|turn|35\n|\n|t:|1781449145\n|move|p1a: Gliscor|Protect|p1a: Gliscor\n|-singleturn|p1a: Gliscor|Protect\n|move|p2a: Passimian|Knock Off|p1a: Gliscor\n|-activate|p1a: Gliscor|move: Protect\n|\n|-heal|p1a: Gliscor|122/239 tox|[from] ability: Poison Heal\n|upkeep\n|turn|36\n|\n|t:|1781449149\n|move|p2a: Passimian|Knock Off|p1a: Gliscor\n|-damage|p1a: Gliscor|74/239 tox\n|move|p1a: Gliscor|Toxic Spikes|p2a: Passimian\n|-sidestart|p2: DBKaiyote|move: Toxic Spikes\n|\n|-heal|p1a: Gliscor|103/239 tox|[from] ability: Poison Heal\n|upkeep\n|turn|37\n|\n|t:|1781449152\n|move|p2a: Passimian|Knock Off|p1a: Gliscor\n|-damage|p1a: Gliscor|59/239 tox\n|move|p1a: Gliscor|Earthquake|p2a: Passimian\n|-damage|p2a: Passimian|0 fnt\n|faint|p2a: Passimian\n|\n|-heal|p1a: Gliscor|88/239 tox|[from] ability: Poison Heal\n|upkeep\n|\n|t:|1781449155\n|switch|p2a: Rampardos|Rampardos, L90, F|321/321\n|-damage|p2a: Rampardos|281/321|[from] Stealth Rock\n|-status|p2a: Rampardos|tox\n|turn|38\n|\n|t:|1781449163\n|move|p1a: Gliscor|Protect|p1a: Gliscor\n|-singleturn|p1a: Gliscor|Protect\n|move|p2a: Rampardos|Head Smash|p1a: Gliscor\n|-activate|p1a: Gliscor|move: Protect\n|\n|-damage|p2a: Rampardos|261/321 tox|[from] psn\n|-heal|p1a: Gliscor|117/239 tox|[from] ability: Poison Heal\n|upkeep\n|turn|39\n|\n|t:|1781449168\n|switch|p1a: Wigglytuff|Wigglytuff, L96, M|146/424\n|move|p2a: Rampardos|Head Smash|p1a: Wigglytuff\n|-damage|p1a: Wigglytuff|0 fnt\n|faint|p1a: Wigglytuff\n|-damage|p2a: Rampardos|188/321 tox|[from] Recoil\n|\n|-damage|p2a: Rampardos|148/321 tox|[from] psn\n|upkeep\n|\n|t:|1781449169\n|switch|p1a: Gliscor|Gliscor, L76, F|117/239 tox\n|turn|40\n|\n|t:|1781449173\n|move|p1a: Gliscor|Protect|p1a: Gliscor\n|-singleturn|p1a: Gliscor|Protect\n|move|p2a: Rampardos|Head Smash|p1a: Gliscor\n|-activate|p1a: Gliscor|move: Protect\n|\n|-damage|p2a: Rampardos|88/321 tox|[from] psn\n|-heal|p1a: Gliscor|146/239 tox|[from] ability: Poison Heal\n|upkeep\n|turn|41\n|\n|t:|1781449177\n|move|p2a: Rampardos|Head Smash|p1a: Gliscor\n|-damage|p1a: Gliscor|0 fnt\n|faint|p1a: Gliscor\n|-damage|p2a: Rampardos|15/321 tox|[from] Recoil\n|\n|win|DBKaiyote\n", "inputlog": ">version a8376a258c1d4662feba110a92103f3664a72141\n>start {\"formatid\":\"gen9randombattle\",\"seed\":\"sodium,5ebcefad3a2f92be8988a164b1d1bf7c\",\"rated\":\"Rated battle\"}\n>player p1 {\"name\":\"pagenfranskane\",\"avatar\":\"battlegirl\",\"rating\":2043,\"seed\":\"sodium,08462a181e0cfe82cd6598048eb6119b\"}\n>player p2 {\"name\":\"DBKaiyote\",\"avatar\":\"swimmer-gen4\",\"rating\":2071,\"seed\":\"sodium,65f83b37782c1540d5fde884b9d1edfd\"}\n>p1 move stealthrock\n>p2 switch 3\n>p1 switch 6\n>p2 move knockoff\n>p1 move bulkup\n>p2 move gunkshot\n>p1 switch 4\n>p1 move protect\n>p2 move knockoff\n>p1 move toxicspikes\n>p2 move bulkup terastallize\n>p1 switch 3\n>p2 move bulkup\n>p1 move bodyslam\n>p2 move knockoff\n>p1 move bodyslam\n>p2 move earthquake\n>p1 switch 5\n>p1 move calmmind terastallize\n>p2 move gunkshot\n>p1 move storedpower\n>p2 move earthquake\n>p2 switch 4\n>p1 switch 3\n>p2 move earthquake\n>p1 move knockoff\n>p2 switch 5\n>p1 switch 6\n>p2 move gravapple\n>p1 move uturn\n>p2 switch 5\n>p1 switch 6\n>p1 move toxicspikes\n>p2 switch 3\n>p1 move knockoff\n>p2 move nastyplot\n>p1 switch 6\n>p2 move hypervoice\n>p1 move uturn\n>p2 move hypervoice\n>p1 switch 3\n>p1 move calmmind\n>p2 move focusblast\n>p1 move calmmind\n>p2 move nastyplot\n>p1 move drainingkiss\n>p2 move focusblast\n>p1 move drainingkiss\n>p2 move focusblast\n>p1 switch 6\n>p1 move earthquake\n>p2 move hypervoice\n>p2 switch 3\n>p1 move earthquake\n>p2 switch 5\n>p1 move knockoff\n>p2 move gravapple\n>p1 switch 2\n>p2 move gravapple\n>p1 move dazzlinggleam\n>p2 switch 5\n>p1 move fireblast\n>p2 move recover\n>p1 move knockoff\n>p2 move poisonjab\n>p1 switch 2\n>p2 move poisonjab\n>p1 move earthquake\n>p2 switch 6\n>p1 move earthquake\n>p2 move knockoff\n>p1 move toxicspikes\n>p2 move knockoff\n>p1 move earthquake\n>p2 move knockoff\n>p1 move protect\n>p2 move knockoff\n>p1 move toxicspikes\n>p2 move knockoff\n>p1 move earthquake\n>p2 move knockoff\n>p2 switch 2\n>p1 move protect\n>p2 move headsmash\n>p1 switch 2\n>p2 move headsmash\n>p1 switch 2\n>p1 move protect\n>p2 move headsmash\n>p1 move earthquake\n>p2 move headsmash", "uploadtime": 1781448813, "views": 6, "formatid": "gen9randombattle", "rating": null, "private": 0, "password": null}