{"id": "gen9randombattle-2631660653", "format": "[Gen 9] Random Battle", "players": ["Dubbelvla", "sev04"], "log": "|j|\u2606Dubbelvla\n|j|\u2606sev04\n|t:|1781416798\n|gametype|singles\n|player|p1|Dubbelvla|skier|1648\n|player|p2|sev04|266|1647\n|gen|9\n|tier|[Gen 9] Random Battle\n|rated|\n|rule|Species Clause: Limit one of each Pok\u00e9mon\n|rule|HP Percentage Mod: HP is shown in percentages\n|rule|Sleep Clause Mod: Limit one foe put to sleep\n|rule|Illusion Level Mod: Illusion disguises the Pok\u00e9mon's true level\n|\n|t:|1781416798\n|teamsize|p1|6\n|teamsize|p2|6\n|start\n|switch|p1a: Annihilape|Annihilape, L76, M|292/292\n|switch|p2a: Muk|Muk-Alola, L82, F|306/306\n|turn|1\n|inactive|Battle timer is ON: inactive players will automatically lose when time's up. (requested by Dubbelvla)\n|\n|t:|1781416805\n|move|p1a: Annihilape|Bulk Up|p1a: Annihilape\n|-boost|p1a: Annihilape|atk|1\n|-boost|p1a: Annihilape|def|1\n|move|p2a: Muk|Knock Off|p1a: Annihilape\n|-damage|p1a: Annihilape|210/292\n|-enditem|p1a: Annihilape|Leftovers|[from] move: Knock Off|[of] p2a: Muk\n|\n|upkeep\n|turn|2\n|\n|t:|1781416816\n|move|p1a: Annihilape|Bulk Up|p1a: Annihilape\n|-boost|p1a: Annihilape|atk|1\n|-boost|p1a: Annihilape|def|1\n|move|p2a: Muk|Poison Jab|p1a: Annihilape\n|-resisted|p1a: Annihilape\n|-damage|p1a: Annihilape|185/292\n|-status|p1a: Annihilape|psn|[from] ability: Poison Touch|[of] p2a: Muk\n|\n|-damage|p1a: Annihilape|149/292 psn|[from] psn\n|upkeep\n|turn|3\n|\n|t:|1781416834\n|move|p1a: Annihilape|Drain Punch|p2a: Muk\n|-damage|p2a: Muk|126/306\n|-heal|p1a: Annihilape|239/292 psn|[from] drain|[of] p2a: Muk\n|move|p2a: Muk|Poison Jab|p1a: Annihilape\n|-resisted|p1a: Annihilape\n|-damage|p1a: Annihilape|213/292 psn\n|\n|-damage|p1a: Annihilape|177/292 psn|[from] psn\n|upkeep\n|turn|4\n|\n|t:|1781416843\n|move|p1a: Annihilape|Drain Punch|p2a: Muk\n|-damage|p2a: Muk|0 fnt\n|-heal|p1a: Annihilape|240/292 psn|[from] drain|[of] p2a: Muk\n|faint|p2a: Muk\n|\n|-damage|p1a: Annihilape|204/292 psn|[from] psn\n|upkeep\n|\n|t:|1781416863\n|switch|p2a: Klefki|Klefki, L84, F|233/233\n|turn|5\n|\n|t:|1781416870\n|move|p2a: Klefki|Spikes|p1a: Annihilape\n|-sidestart|p1: Dubbelvla|Spikes\n|move|p1a: Annihilape|Rage Fist|p2a: Klefki\n|-damage|p2a: Klefki|0 fnt\n|faint|p2a: Klefki\n|\n|-damage|p1a: Annihilape|168/292 psn|[from] psn\n|upkeep\n|\n|t:|1781416886\n|switch|p2a: Palkia|Palkia, L75|259/259\n|-ability|p2a: Palkia|Pressure\n|turn|6\n|\n|t:|1781416891\n|move|p2a: Palkia|Draco Meteor|p1a: Annihilape\n|-damage|p1a: Annihilape|0 fnt\n|-unboost|p2a: Palkia|spa|2\n|faint|p1a: Annihilape\n|\n|upkeep\n|\n|t:|1781416896\n|switch|p1a: Regieleki|Regieleki, L79|256/256\n|-damage|p1a: Regieleki|224/256|[from] Spikes\n|turn|7\n|\n|t:|1781416902\n|move|p1a: Regieleki|Rapid Spin|p2a: Palkia\n|-damage|p2a: Palkia|225/259\n|-boost|p1a: Regieleki|spe|1\n|-sideend|p1: Dubbelvla|Spikes|[from] move: Rapid Spin|[of] p1a: Regieleki\n|move|p2a: Palkia|Draco Meteor|p1a: Regieleki|[miss]\n|-miss|p2a: Palkia|p1a: Regieleki\n|\n|upkeep\n|turn|8\n|\n|t:|1781416909\n|move|p1a: Regieleki|Volt Switch|p2a: Palkia\n|-damage|p2a: Palkia|140/259\n|\n|t:|1781416914\n|switch|p1a: Zacian|Zacian-Crowned, L64|225/225|[from] Volt Switch\n|-ability|p1a: Zacian|Intrepid Sword|boost\n|-boost|p1a: Zacian|atk|1\n|move|p2a: Palkia|Draco Meteor|p1a: Zacian\n|-immune|p1a: Zacian\n|\n|upkeep\n|turn|9\n|\n|t:|1781416925\n|move|p1a: Zacian|Swords Dance|p1a: Zacian\n|-boost|p1a: Zacian|atk|2\n|move|p2a: Palkia|Fire Blast|p1a: Zacian\n|-supereffective|p1a: Zacian\n|-damage|p1a: Zacian|127/225\n|\n|upkeep\n|turn|10\n|\n|t:|1781416930\n|move|p1a: Zacian|Play Rough|p2a: Palkia|[miss]\n|-miss|p1a: Zacian|p2a: Palkia\n|move|p2a: Palkia|Thunder Wave|p1a: Zacian\n|-status|p1a: Zacian|par\n|\n|upkeep\n|turn|11\n|\n|t:|1781416935\n|move|p2a: Palkia|Fire Blast|p1a: Zacian\n|-supereffective|p1a: Zacian\n|-damage|p1a: Zacian|35/225 par\n|cant|p1a: Zacian|par\n|\n|upkeep\n|turn|12\n|\n|t:|1781416947\n|move|p2a: Palkia|Hydro Pump|p1a: Zacian\n|-damage|p1a: Zacian|0 fnt\n|faint|p1a: Zacian\n|\n|upkeep\n|\n|t:|1781416954\n|switch|p1a: Regieleki|Regieleki, L79|224/256\n|turn|13\n|\n|t:|1781416958\n|move|p1a: Regieleki|Thunderbolt|p2a: Palkia\n|-damage|p2a: Palkia|26/259\n|move|p2a: Palkia|Hydro Pump|p1a: Regieleki\n|-damage|p1a: Regieleki|101/256\n|\n|upkeep\n|turn|14\n|\n|t:|1781416963\n|move|p1a: Regieleki|Thunderbolt|p2a: Palkia\n|-damage|p2a: Palkia|0 fnt\n|faint|p2a: Palkia\n|\n|upkeep\n|\n|t:|1781416969\n|switch|p2a: Cryogonal|Cryogonal, L89|287/287\n|turn|15\n|\n|t:|1781416972\n|move|p1a: Regieleki|Volt Switch|p2a: Cryogonal\n|-damage|p2a: Cryogonal|215/287\n|\n|t:|1781416978\n|switch|p1a: Infernape|Infernape, L82, F|259/259|[from] Volt Switch\n|move|p2a: Cryogonal|Rapid Spin|p1a: Infernape\n|-damage|p1a: Infernape|227/259\n|-boost|p2a: Cryogonal|spe|1\n|\n|upkeep\n|turn|16\n|\n|t:|1781416984\n|-terastallize|p2a: Cryogonal|Electric\n|move|p2a: Cryogonal|Tera Blast|p1a: Infernape|[anim] Tera Blast Electric\n|-damage|p1a: Infernape|115/259\n|move|p1a: Infernape|Close Combat|p2a: Cryogonal\n|-damage|p2a: Cryogonal|0 fnt\n|-unboost|p1a: Infernape|def|1\n|-unboost|p1a: Infernape|spd|1\n|faint|p2a: Cryogonal\n|-damage|p1a: Infernape|90/259|[from] item: Life Orb\n|\n|upkeep\n|\n|t:|1781416994\n|switch|p2a: Mienshao|Mienshao, L83, F|244/244\n|turn|17\n|\n|t:|1781417003\n|move|p2a: Mienshao|Fake Out|p1a: Infernape\n|-damage|p1a: Infernape|30/259\n|cant|p1a: Infernape|flinch\n|\n|upkeep\n|turn|18\n|\n|t:|1781417008\n|move|p1a: Infernape|Close Combat|p2a: Mienshao\n|-damage|p2a: Mienshao|22/244\n|-unboost|p1a: Infernape|def|1\n|-unboost|p1a: Infernape|spd|1\n|-damage|p1a: Infernape|5/259|[from] item: Life Orb\n|move|p2a: Mienshao|U-turn|p1a: Infernape\n|-resisted|p1a: Infernape\n|-damage|p1a: Infernape|0 fnt\n|faint|p1a: Infernape\n|\n|t:|1781417010\n|switch|p2a: Meloetta|Meloetta, L82|298/298|[from] U-turn\n|\n|upkeep\n|\n|t:|1781417017\n|switch|p1a: Wo-Chien|Wo-Chien, L83|277/277\n|-ability|p1a: Wo-Chien|Tablets of Ruin\n|turn|19\n|\n|t:|1781417023\n|move|p2a: Meloetta|Relic Song|p1a: Wo-Chien\n|-damage|p1a: Wo-Chien|182/277\n|-formechange|p2a: Meloetta|Meloetta-Pirouette|[msg]\n|-damage|p2a: Meloetta|269/298|[from] item: Life Orb\n|move|p1a: Wo-Chien|Knock Off|p2a: Meloetta\n|-resisted|p2a: Meloetta\n|-damage|p2a: Meloetta|222/298\n|-enditem|p2a: Meloetta|Life Orb|[from] move: Knock Off|[of] p1a: Wo-Chien\n|\n|-heal|p1a: Wo-Chien|199/277|[from] item: Leftovers\n|upkeep\n|turn|20\n|\n|t:|1781417032\n|move|p2a: Meloetta|Triple Axel|p1a: Wo-Chien\n|-supereffective|p1a: Wo-Chien\n|-damage|p1a: Wo-Chien|177/277\n|-supereffective|p1a: Wo-Chien\n|-damage|p1a: Wo-Chien|131/277\n|-supereffective|p1a: Wo-Chien\n|-damage|p1a: Wo-Chien|59/277\n|-hitcount|p1a: Wo-Chien|3\n|move|p1a: Wo-Chien|Stun Spore|p2a: Meloetta|[miss]\n|-miss|p1a: Wo-Chien|p2a: Meloetta\n|\n|-heal|p1a: Wo-Chien|76/277|[from] item: Leftovers\n|upkeep\n|turn|21\n|\n|t:|1781417044\n|move|p2a: Meloetta|Triple Axel|p1a: Wo-Chien\n|-supereffective|p1a: Wo-Chien\n|-damage|p1a: Wo-Chien|48/277\n|-supereffective|p1a: Wo-Chien\n|-damage|p1a: Wo-Chien|0 fnt\n|faint|p1a: Wo-Chien\n|-hitcount|p1: Wo-Chien|2\n|\n|upkeep\n|\n|t:|1781417049\n|switch|p1a: Regieleki|Regieleki, L79|101/256\n|turn|22\n|\n|t:|1781417063\n|-terastallize|p1a: Regieleki|Electric\n|move|p1a: Regieleki|Thunderbolt|p2a: Meloetta\n|-damage|p2a: Meloetta|18/298\n|move|p2a: Meloetta|Triple Axel|p1a: Regieleki\n|-damage|p1a: Regieleki|74/256\n|-damage|p1a: Regieleki|24/256\n|-damage|p1a: Regieleki|0 fnt\n|faint|p1a: Regieleki\n|-hitcount|p1: Regieleki|3\n|\n|upkeep\n|\n|t:|1781417068\n|switch|p1a: Inteleon|Inteleon, L81, F|246/246\n|turn|23\n|\n|t:|1781417077\n|move|p2a: Meloetta|Close Combat|p1a: Inteleon\n|-damage|p1a: Inteleon|41/246\n|-unboost|p2a: Meloetta|def|1\n|-unboost|p2a: Meloetta|spd|1\n|move|p1a: Inteleon|Scald|p2a: Meloetta\n|-damage|p2a: Meloetta|0 fnt\n|faint|p2a: Meloetta\n|\n|upkeep\n|-message|Dubbelvla forfeited.\n|\n|win|sev04\n|raw|Dubbelvla's rating: 1648 &rarr; <strong>1628</strong><br />(-20 for losing)\n|raw|sev04's rating: 1647 &rarr; <strong>1667</strong><br />(+20 for winning)\n|l|\u2606Dubbelvla\n|player|p1|\n", "inputlog": ">version a8376a258c1d4662feba110a92103f3664a72141\n>start {\"formatid\":\"gen9randombattle\",\"seed\":\"sodium,2f46b7a7a6a860ab57021780e298792d\",\"rated\":\"Rated battle\"}\n>player p1 {\"name\":\"Dubbelvla\",\"avatar\":\"skier\",\"rating\":1648,\"seed\":\"sodium,b23c9377917a52948127682ef8631e94\"}\n>player p2 {\"name\":\"sev04\",\"avatar\":\"266\",\"rating\":1647,\"seed\":\"sodium,cc2e85647b3928dc68df8e09cd29abe9\"}\n>p1 move bulkup\n>p2 move knockoff\n>p1 move bulkup\n>p2 move poisonjab\n>p1 move drainpunch\n>p2 move poisonjab\n>p1 move drainpunch\n>p2 move poisonjab\n>p2 switch 4\n>p1 move ragefist\n>p2 move spikes\n>p2 switch 6\n>p1 move ragefist\n>p2 move dracometeor\n>p1 switch 6\n>p1 move rapidspin\n>p2 move dracometeor\n>p1 move voltswitch\n>p2 move dracometeor\n>p1 switch 2\n>p1 move swordsdance\n>p2 move fireblast\n>p1 move playrough\n>p2 move thunderwave\n>p1 move playrough\n>p2 move fireblast\n>p1 move closecombat\n>p2 move hydropump\n>p1 switch 2\n>p1 move thunderbolt\n>p2 move hydropump\n>p1 move thunderbolt\n>p2 move hydropump\n>p2 switch 3\n>p1 move voltswitch\n>p2 move rapidspin\n>p1 switch 5\n>p1 move closecombat\n>p2 move terablast terastallize\n>p2 switch 2\n>p1 move closecombat\n>p2 move fakeout\n>p1 move closecombat\n>p2 move uturn\n>p2 switch 5\n>p1 switch 4\n>p1 move knockoff\n>p2 move relicsong\n>p1 move stunspore\n>p2 move tripleaxel\n>p1 move stunspore\n>p2 move tripleaxel\n>p1 switch 5\n>p1 move thunderbolt terastallize\n>p2 move tripleaxel\n>p1 switch 3\n>p1 move scald\n>p2 move closecombat\n>forcelose p1", "uploadtime": 1781417092, "views": 10, "formatid": "gen9randombattle", "rating": 1628, "private": 0, "password": null}