{"id": "gen9randombattle-2631859451", "format": "[Gen 9] Random Battle", "players": ["Pomme d'api", "kha0szz"], "log": "|j|\u2606Pomme d'api\n|j|\u2606kha0szz\n|t:|1781449066\n|gametype|singles\n|player|p1|Pomme d'api|flint|1522\n|player|p2|kha0szz|brycen|1491\n|gen|9\n|tier|[Gen 9] Random Battle\n|rated|\n|rule|Species Clause: Limit one of each Pok\u00e9mon\n|rule|HP Percentage Mod: HP is shown in percentages\n|rule|Sleep Clause Mod: Limit one foe put to sleep\n|rule|Illusion Level Mod: Illusion disguises the Pok\u00e9mon's true level\n|\n|t:|1781449066\n|teamsize|p1|6\n|teamsize|p2|6\n|start\n|switch|p1a: Yanmega|Yanmega, L82, F|275/275\n|switch|p2a: Giratina|Giratina-Origin, L72|335/335\n|turn|1\n|inactive|Battle timer is ON: inactive players will automatically lose when time's up. (requested by kha0szz)\n|\n|t:|1781449076\n|move|p1a: Yanmega|U-turn|p2a: Giratina\n|-resisted|p2a: Giratina\n|-damage|p2a: Giratina|275/335\n|\n|t:|1781449083\n|switch|p1a: Cyclizar|Cyclizar, L83, F|252/252|[from] U-turn\n|move|p2a: Giratina|Will-O-Wisp|p1a: Cyclizar\n|-status|p1a: Cyclizar|brn\n|\n|-damage|p1a: Cyclizar|237/252 brn|[from] brn\n|upkeep\n|turn|2\n|\n|t:|1781449102\n|switch|p2a: Klefki|Klefki, L84, F|233/233\n|move|p1a: Cyclizar|Shed Tail|p1a: Cyclizar\n|-start|p1a: Cyclizar|Substitute|[from] move: Shed Tail\n|-damage|p1a: Cyclizar|111/252 brn\n|\n|t:|1781449113\n|switch|p1a: Electivire|Electivire, L84, M|263/263|[from] Shed Tail\n|\n|upkeep\n|turn|3\n|\n|t:|1781449122\n|move|p1a: Electivire|Supercell Slam|p2a: Klefki\n|-crit|p2a: Klefki\n|-damage|p2a: Klefki|0 fnt\n|faint|p2a: Klefki\n|-damage|p1a: Electivire|237/263|[from] item: Life Orb\n|\n|upkeep\n|\n|t:|1781449140\n|switch|p2a: Swampert|Swampert, L83, F|302/302\n|turn|4\n|\n|t:|1781449145\n|move|p1a: Electivire|Knock Off|p2a: Swampert\n|-damage|p2a: Swampert|205/302\n|-enditem|p2a: Swampert|Leftovers|[from] move: Knock Off|[of] p1a: Electivire\n|-damage|p1a: Electivire|211/263|[from] item: Life Orb\n|move|p2a: Swampert|Roar|p1a: Electivire\n|drag|p1a: Palkia|Palkia, L75|259/259\n|-ability|p1a: Palkia|Pressure\n|\n|upkeep\n|turn|5\n|\n|t:|1781449160\n|move|p1a: Palkia|Spacial Rend|p2a: Swampert\n|-crit|p2a: Swampert\n|-damage|p2a: Swampert|0 fnt\n|faint|p2a: Swampert\n|\n|upkeep\n|\n|t:|1781449172\n|switch|p2a: Exeggutor|Exeggutor, L89, M|312/312\n|turn|6\n|\n|t:|1781449180\n|switch|p1a: Yanmega|Yanmega, L82, F|275/275\n|move|p2a: Exeggutor|Leech Seed|p1a: Yanmega|[miss]\n|-miss|p2a: Exeggutor|p1a: Yanmega\n|\n|upkeep\n|turn|7\n|\n|t:|1781449186\n|-terastallize|p2a: Exeggutor|Steel\n|move|p1a: Yanmega|Bug Buzz|p2a: Exeggutor\n|-resisted|p2a: Exeggutor\n|-damage|p2a: Exeggutor|150/312\n|-enditem|p2a: Exeggutor|Sitrus Berry|[eat]\n|-heal|p2a: Exeggutor|228/312|[from] item: Sitrus Berry\n|move|p2a: Exeggutor|Leech Seed|p1a: Yanmega\n|-start|p1a: Yanmega|move: Leech Seed\n|\n|-damage|p1a: Yanmega|241/275|[from] Leech Seed|[of] p2a: Exeggutor\n|-heal|p2a: Exeggutor|262/312|[silent]\n|-item|p2a: Exeggutor|Sitrus Berry|[from] ability: Harvest\n|upkeep\n|turn|8\n|\n|t:|1781449198\n|move|p1a: Yanmega|Bug Buzz|p2a: Exeggutor\n|-resisted|p2a: Exeggutor\n|-damage|p2a: Exeggutor|88/312\n|-enditem|p2a: Exeggutor|Sitrus Berry|[eat]\n|-heal|p2a: Exeggutor|166/312|[from] item: Sitrus Berry\n|move|p2a: Exeggutor|Substitute|p2a: Exeggutor\n|-start|p2a: Exeggutor|Substitute\n|-damage|p2a: Exeggutor|88/312\n|\n|-damage|p1a: Yanmega|207/275|[from] Leech Seed|[of] p2a: Exeggutor\n|-heal|p2a: Exeggutor|122/312|[silent]\n|-item|p2a: Exeggutor|Sitrus Berry|[from] ability: Harvest\n|upkeep\n|-enditem|p2a: Exeggutor|Sitrus Berry|[eat]\n|-heal|p2a: Exeggutor|200/312|[from] item: Sitrus Berry\n|turn|9\n|\n|t:|1781449213\n|move|p1a: Yanmega|Bug Buzz|p2a: Exeggutor\n|-resisted|p2a: Exeggutor\n|-damage|p2a: Exeggutor|36/312\n|move|p2a: Exeggutor|Sludge Bomb|p1a: Yanmega\n|-damage|p1a: Yanmega|91/275\n|\n|-damage|p1a: Yanmega|57/275|[from] Leech Seed|[of] p2a: Exeggutor\n|-heal|p2a: Exeggutor|70/312|[silent]\n|-item|p2a: Exeggutor|Sitrus Berry|[from] ability: Harvest\n|upkeep\n|-enditem|p2a: Exeggutor|Sitrus Berry|[eat]\n|-heal|p2a: Exeggutor|148/312|[from] item: Sitrus Berry\n|turn|10\n|\n|t:|1781449232\n|switch|p2a: Giratina|Giratina-Origin, L72|275/335\n|move|p1a: Yanmega|Bug Buzz|p2a: Giratina\n|-resisted|p2a: Giratina\n|-damage|p2a: Giratina|103/335\n|\n|-damage|p1a: Yanmega|23/275|[from] Leech Seed|[of] p2a: Giratina\n|-heal|p2a: Giratina|137/335|[silent]\n|upkeep\n|turn|11\n|\n|t:|1781449239\n|move|p2a: Giratina|Shadow Sneak|p1a: Yanmega\n|-damage|p1a: Yanmega|0 fnt\n|faint|p1a: Yanmega\n|\n|upkeep\n|\n|t:|1781449242\n|switch|p1a: Cyclizar|Cyclizar, L83, F|195/252 brn\n|turn|12\n|\n|t:|1781449249\n|switch|p2a: Exeggutor|Exeggutor, L89, M, tera:Steel|148/312\n|move|p1a: Cyclizar|Draco Meteor|p2a: Exeggutor\n|-resisted|p2a: Exeggutor\n|-damage|p2a: Exeggutor|85/312\n|-unboost|p1a: Cyclizar|spa|2\n|\n|-damage|p1a: Cyclizar|180/252 brn|[from] brn\n|upkeep\n|turn|13\n|\n|t:|1781449256\n|move|p1a: Cyclizar|Shed Tail|p1a: Cyclizar\n|-start|p1a: Cyclizar|Substitute|[from] move: Shed Tail\n|-damage|p1a: Cyclizar|54/252 brn\n|\n|t:|1781449265\n|switch|p1a: Palkia|Palkia, L75|259/259|[from] Shed Tail\n|-ability|p1a: Palkia|Pressure\n|move|p2a: Exeggutor|Substitute|p2a: Exeggutor\n|-start|p2a: Exeggutor|Substitute\n|-damage|p2a: Exeggutor|7/312\n|\n|upkeep\n|turn|14\n|\n|t:|1781449274\n|move|p1a: Palkia|Fire Blast|p2a: Exeggutor\n|-supereffective|p2a: Exeggutor\n|-end|p2a: Exeggutor|Substitute\n|move|p2a: Exeggutor|Sludge Bomb|p1a: Palkia\n|-end|p1a: Palkia|Substitute\n|\n|-item|p2a: Exeggutor|Sitrus Berry|[from] ability: Harvest\n|upkeep\n|-enditem|p2a: Exeggutor|Sitrus Berry|[eat]\n|-heal|p2a: Exeggutor|85/312|[from] item: Sitrus Berry\n|turn|15\n|\n|t:|1781449289\n|switch|p2a: Giratina|Giratina-Origin, L72|137/335\n|move|p1a: Palkia|Fire Blast|p2a: Giratina\n|-resisted|p2a: Giratina\n|-damage|p2a: Giratina|68/335\n|\n|upkeep\n|turn|16\n|\n|t:|1781449301\n|switch|p1a: Registeel|Registeel, L81|262/262\n|move|p2a: Giratina|Draco Meteor|p1a: Registeel\n|-resisted|p1a: Registeel\n|-crit|p1a: Registeel\n|-damage|p1a: Registeel|185/262\n|-unboost|p2a: Giratina|spa|2\n|\n|upkeep\n|turn|17\n|\n|t:|1781449309\n|switch|p1a: Cyclizar|Cyclizar, L83, F|138/252 brn\n|move|p2a: Giratina|Will-O-Wisp|p1a: Cyclizar\n|-fail|p1a: Cyclizar|brn\n|\n|-damage|p1a: Cyclizar|123/252 brn|[from] brn\n|upkeep\n|turn|18\n|\n|t:|1781449316\n|move|p1a: Cyclizar|Draco Meteor|p2a: Giratina\n|-supereffective|p2a: Giratina\n|-damage|p2a: Giratina|0 fnt\n|-unboost|p1a: Cyclizar|spa|2\n|faint|p2a: Giratina\n|\n|-damage|p1a: Cyclizar|108/252 brn|[from] brn\n|upkeep\n|\n|t:|1781449319\n|switch|p2a: Exeggutor|Exeggutor, L89, M, tera:Steel|85/312\n|turn|19\n|\n|t:|1781449325\n|switch|p1a: Rillaboom|Rillaboom, L79, F|288/288\n|-fieldstart|move: Grassy Terrain|[from] ability: Grassy Surge|[of] p1a: Rillaboom\n|move|p2a: Exeggutor|Substitute|p2a: Exeggutor\n|-start|p2a: Exeggutor|Substitute\n|-damage|p2a: Exeggutor|7/312\n|\n|-heal|p2a: Exeggutor|26/312|[from] Grassy Terrain\n|upkeep\n|turn|20\n|\n|t:|1781449330\n|move|p1a: Rillaboom|High Horsepower|p2a: Exeggutor\n|-supereffective|p2a: Exeggutor\n|-end|p2a: Exeggutor|Substitute\n|-damage|p1a: Rillaboom|260/288|[from] item: Life Orb\n|move|p2a: Exeggutor|Sludge Bomb|p1a: Rillaboom\n|-supereffective|p1a: Rillaboom\n|-damage|p1a: Rillaboom|34/288\n|\n|-heal|p1a: Rillaboom|52/288|[from] Grassy Terrain\n|-heal|p2a: Exeggutor|45/312|[from] Grassy Terrain\n|upkeep\n|turn|21\n|\n|t:|1781449343\n|switch|p2a: Arboliva|Arboliva, L91, M|288/288\n|move|p1a: Rillaboom|High Horsepower|p2a: Arboliva\n|-resisted|p2a: Arboliva\n|-crit|p2a: Arboliva\n|-damage|p2a: Arboliva|220/288\n|-damage|p1a: Rillaboom|24/288|[from] item: Life Orb\n|\n|-heal|p1a: Rillaboom|42/288|[from] Grassy Terrain\n|-heal|p2a: Arboliva|238/288|[from] Grassy Terrain\n|upkeep\n|turn|22\n|\n|t:|1781449350\n|switch|p1a: Registeel|Registeel, L81|185/262\n|move|p2a: Arboliva|Substitute|p2a: Arboliva\n|-start|p2a: Arboliva|Substitute\n|-damage|p2a: Arboliva|166/288\n|\n|-heal|p1a: Registeel|201/262|[from] Grassy Terrain\n|-heal|p2a: Arboliva|184/288|[from] Grassy Terrain\n|upkeep\n|turn|23\n|\n|t:|1781449354\n|move|p1a: Registeel|Body Press|p2a: Arboliva\n|-supereffective|p2a: Arboliva\n|-end|p2a: Arboliva|Substitute\n|move|p2a: Arboliva|Leech Seed|p1a: Registeel\n|-start|p1a: Registeel|move: Leech Seed\n|\n|-heal|p1a: Registeel|217/262|[from] Grassy Terrain\n|-heal|p2a: Arboliva|202/288|[from] Grassy Terrain\n|-damage|p1a: Registeel|185/262|[from] Leech Seed|[of] p2a: Arboliva\n|-heal|p2a: Arboliva|234/288|[silent]\n|-fieldend|move: Grassy Terrain\n|upkeep\n|turn|24\n|\n|t:|1781449364\n|switch|p1a: Cyclizar|Cyclizar, L83, F|192/252 brn\n|move|p2a: Arboliva|Protect||[still]\n|-fail|p2a: Arboliva\n|\n|-damage|p1a: Cyclizar|177/252 brn|[from] brn\n|upkeep\n|turn|25\n|\n|t:|1781449367\n|move|p1a: Cyclizar|Taunt|p2a: Arboliva\n|-start|p2a: Arboliva|move: Taunt\n|cant|p2a: Arboliva|move: Taunt|Substitute\n|\n|-damage|p1a: Cyclizar|162/252 brn|[from] brn\n|upkeep\n|turn|26\n|\n|t:|1781449371\n|move|p1a: Cyclizar|Shed Tail|p1a: Cyclizar\n|-start|p1a: Cyclizar|Substitute|[from] move: Shed Tail\n|-damage|p1a: Cyclizar|36/252 brn\n|\n|t:|1781449379\n|switch|p1a: Registeel|Registeel, L81|185/262|[from] Shed Tail\n|move|p2a: Arboliva|Hyper Voice|p1a: Registeel\n|-resisted|p1a: Registeel\n|-damage|p1a: Registeel|137/262\n|\n|upkeep\n|turn|27\n|\n|t:|1781449384\n|switch|p2a: Exeggutor|Exeggutor, L89, M, tera:Steel|45/312\n|move|p1a: Registeel|Iron Defense|p1a: Registeel\n|-boost|p1a: Registeel|def|2\n|\n|-item|p2a: Exeggutor|Sitrus Berry|[from] ability: Harvest\n|upkeep\n|-enditem|p2a: Exeggutor|Sitrus Berry|[eat]\n|-heal|p2a: Exeggutor|123/312|[from] item: Sitrus Berry\n|turn|28\n|\n|t:|1781449393\n|move|p2a: Exeggutor|Psychic Noise|p1a: Registeel\n|-resisted|p1a: Registeel\n|-damage|p1a: Registeel|99/262\n|-start|p1a: Registeel|move: Heal Block\n|move|p1a: Registeel|Body Press|p2a: Exeggutor\n|-supereffective|p2a: Exeggutor\n|-damage|p2a: Exeggutor|0 fnt\n|faint|p2a: Exeggutor\n|\n|upkeep\n|\n|t:|1781449411\n|switch|p2a: Smeargle|Smeargle, L95, M|258/258\n|turn|29\n|\n|t:|1781449423\n|move|p2a: Smeargle|Ceaseless Edge|p1a: Registeel\n|-activate|p1a: Registeel|move: Substitute|[damage]\n|-sidestart|p1: Pomme d'api|Spikes\n|move|p1a: Registeel|Body Press|p2a: Smeargle\n|-supereffective|p2a: Smeargle\n|-enditem|p2a: Smeargle|Focus Sash\n|-damage|p2a: Smeargle|1/258\n|\n|-end|p1a: Registeel|move: Heal Block\n|upkeep\n|turn|30\n|\n|t:|1781449433\n|move|p2a: Smeargle|Ceaseless Edge|p1a: Registeel\n|-activate|p1a: Registeel|move: Substitute|[damage]\n|-sidestart|p1: Pomme d'api|Spikes\n|move|p1a: Registeel|Body Press|p2a: Smeargle\n|-supereffective|p2a: Smeargle\n|-damage|p2a: Smeargle|0 fnt\n|faint|p2a: Smeargle\n|\n|upkeep\n|\n|t:|1781449438\n|switch|p2a: Arboliva|Arboliva, L91, M|234/288\n|turn|31\n|\n|t:|1781449454\n|move|p1a: Registeel|Body Press|p2a: Arboliva\n|-supereffective|p2a: Arboliva\n|-damage|p2a: Arboliva|0 fnt\n|faint|p2a: Arboliva\n|\n|win|Pomme d'api\n|raw|Pomme d&apos;api's rating: 1522 &rarr; <strong>1540</strong><br />(+18 for winning)\n|raw|kha0szz's rating: 1491 &rarr; <strong>1473</strong><br />(-18 for losing)\n|l|\u2606kha0szz\n|player|p2|\n", "uploadtime": 1781449552, "views": 2, "formatid": "gen9randombattle", "rating": 1473, "private": 0, "password": null}