{"id": "gen9randombattle-2631431781", "format": "[Gen 9] Random Battle", "players": ["magictac1", "ren122333"], "log": "|j|\u2606magictac1\n|j|\u2606ren122333\n|t:|1781383886\n|gametype|singles\n|player|p1|magictac1|101|1905\n|player|p2|ren122333|hilbert|1903\n|gen|9\n|tier|[Gen 9] Random Battle\n|rated|\n|rule|Species Clause: Limit one of each Pok\u00e9mon\n|rule|HP Percentage Mod: HP is shown in percentages\n|rule|Sleep Clause Mod: Limit one foe put to sleep\n|rule|Illusion Level Mod: Illusion disguises the Pok\u00e9mon's true level\n|\n|t:|1781383886\n|teamsize|p1|6\n|teamsize|p2|6\n|start\n|switch|p1a: Jolteon|Jolteon, L84, F|246/246\n|switch|p2a: Garchomp|Garchomp, L74, M|282/282\n|turn|1\n|inactive|Battle timer is ON: inactive players will automatically lose when time's up. (requested by ren122333)\n|\n|t:|1781383901\n|switch|p1a: Misdreavus|Misdreavus, L90, F|254/254\n|switch|p2a: Skuntank|Skuntank, L84, M|310/310\n|\n|upkeep\n|turn|2\n|\n|t:|1781383908\n|move|p1a: Misdreavus|Will-O-Wisp|p2a: Skuntank\n|-status|p2a: Skuntank|brn\n|move|p2a: Skuntank|Knock Off|p1a: Misdreavus\n|-supereffective|p1a: Misdreavus\n|-damage|p1a: Misdreavus|178/254\n|-enditem|p1a: Misdreavus|Eviolite|[from] move: Knock Off|[of] p2a: Skuntank\n|\n|-damage|p2a: Skuntank|291/310 brn|[from] brn\n|upkeep\n|turn|3\n|\n|t:|1781383921\n|switch|p1a: Plusle|Plusle, L95, F|268/268\n|move|p2a: Skuntank|Fire Blast|p1a: Plusle\n|-damage|p1a: Plusle|204/268\n|\n|-damage|p2a: Skuntank|272/310 brn|[from] brn\n|upkeep\n|turn|4\n|\n|t:|1781383925\n|move|p1a: Plusle|Nasty Plot|p1a: Plusle\n|-boost|p1a: Plusle|spa|2\n|move|p2a: Skuntank|Knock Off|p1a: Plusle\n|-crit|p1a: Plusle\n|-damage|p1a: Plusle|84/268\n|-enditem|p1a: Plusle|Life Orb|[from] move: Knock Off|[of] p2a: Skuntank\n|\n|-damage|p2a: Skuntank|253/310 brn|[from] brn\n|upkeep\n|turn|5\n|\n|t:|1781383938\n|move|p1a: Plusle|Thunderbolt|p2a: Skuntank\n|-crit|p2a: Skuntank\n|-damage|p2a: Skuntank|0 fnt\n|faint|p2a: Skuntank\n|\n|upkeep\n|\n|t:|1781383945\n|switch|p2a: Bombirdier|Bombirdier, L85, M|258/258\n|turn|6\n|\n|t:|1781383948\n|move|p2a: Bombirdier|Sucker Punch|p1a: Plusle\n|-damage|p1a: Plusle|0 fnt\n|faint|p1a: Plusle\n|\n|upkeep\n|\n|t:|1781383952\n|switch|p1a: Jolteon|Jolteon, L84, F|246/246\n|turn|7\n|\n|t:|1781383956\n|switch|p2a: Garchomp|Garchomp, L74, M|282/282\n|move|p1a: Jolteon|Alluring Voice|p2a: Garchomp\n|-supereffective|p2a: Garchomp\n|-damage|p2a: Garchomp|54/282\n|\n|upkeep\n|turn|8\n|\n|t:|1781383963\n|move|p1a: Jolteon|Alluring Voice|p2a: Garchomp\n|-supereffective|p2a: Garchomp\n|-damage|p2a: Garchomp|0 fnt\n|faint|p2a: Garchomp\n|\n|upkeep\n|\n|t:|1781383967\n|switch|p2a: Pecharunt|Pecharunt, L77|262/262\n|turn|9\n|\n|t:|1781383972\n|switch|p1a: Misdreavus|Misdreavus, L90, F|178/254\n|move|p2a: Pecharunt|Malignant Chain|p1a: Misdreavus\n|-resisted|p1a: Misdreavus\n|-damage|p1a: Misdreavus|139/254\n|-status|p1a: Misdreavus|tox\n|-start|p1a: Misdreavus|confusion|[from] ability: Poison Puppeteer|[of] p2a: Pecharunt\n|\n|-damage|p1a: Misdreavus|124/254 tox|[from] psn\n|upkeep\n|turn|10\n|\n|t:|1781383977\n|switch|p2a: Bombirdier|Bombirdier, L85, M|258/258\n|-activate|p1a: Misdreavus|confusion\n|move|p1a: Misdreavus|Shadow Ball|p2a: Bombirdier\n|-resisted|p2a: Bombirdier\n|-damage|p2a: Bombirdier|210/258\n|\n|-damage|p1a: Misdreavus|94/254 tox|[from] psn\n|upkeep\n|turn|11\n|\n|t:|1781383984\n|switch|p2a: Palkia|Palkia-Origin, L72|249/249\n|-ability|p2a: Palkia|Pressure\n|-activate|p1a: Misdreavus|confusion\n|-damage|p1a: Misdreavus|73/254 tox|[from] confusion\n|\n|-damage|p1a: Misdreavus|28/254 tox|[from] psn\n|upkeep\n|turn|12\n|\n|t:|1781383991\n|move|p2a: Palkia|Spacial Rend|p1a: Misdreavus\n|-damage|p1a: Misdreavus|0 fnt\n|faint|p1a: Misdreavus\n|\n|upkeep\n|\n|t:|1781384000\n|switch|p1a: Sceptile|Sceptile, L87, F|264/264\n|turn|13\n|\n|t:|1781384005\n|switch|p2a: Pecharunt|Pecharunt, L77|262/262\n|move|p1a: Sceptile|Substitute|p1a: Sceptile\n|-start|p1a: Sceptile|Substitute\n|-damage|p1a: Sceptile|198/264\n|\n|-heal|p1a: Sceptile|214/264|[from] item: Leftovers\n|upkeep\n|turn|14\n|\n|t:|1781384007\n|move|p1a: Sceptile|Leech Seed|p2a: Pecharunt\n|-start|p2a: Pecharunt|move: Leech Seed\n|move|p2a: Pecharunt|Malignant Chain|p1a: Sceptile\n|-supereffective|p1a: Sceptile\n|-crit|p1a: Sceptile\n|-end|p1a: Sceptile|Substitute\n|\n|-heal|p1a: Sceptile|230/264|[from] item: Leftovers\n|-damage|p2a: Pecharunt|230/262|[from] Leech Seed|[of] p1a: Sceptile\n|-heal|p1a: Sceptile|262/264|[silent]\n|upkeep\n|turn|15\n|\n|t:|1781384011\n|switch|p2a: Bombirdier|Bombirdier, L85, M|210/258\n|move|p1a: Sceptile|Substitute|p1a: Sceptile\n|-start|p1a: Sceptile|Substitute\n|-damage|p1a: Sceptile|196/264\n|\n|-heal|p1a: Sceptile|212/264|[from] item: Leftovers\n|upkeep\n|turn|16\n|\n|t:|1781384015\n|move|p1a: Sceptile|Leech Seed|p2a: Bombirdier\n|-start|p2a: Bombirdier|move: Leech Seed\n|move|p2a: Bombirdier|Knock Off|p1a: Sceptile\n|-end|p1a: Sceptile|Substitute\n|\n|-heal|p1a: Sceptile|228/264|[from] item: Leftovers\n|-damage|p2a: Bombirdier|178/258|[from] Leech Seed|[of] p1a: Sceptile\n|-heal|p1a: Sceptile|260/264|[silent]\n|upkeep\n|turn|17\n|\n|t:|1781384018\n|switch|p2a: Pecharunt|Pecharunt, L77|230/262\n|move|p1a: Sceptile|Substitute|p1a: Sceptile\n|-start|p1a: Sceptile|Substitute\n|-damage|p1a: Sceptile|194/264\n|\n|-heal|p1a: Sceptile|210/264|[from] item: Leftovers\n|-heal|p2a: Pecharunt|246/262|[from] item: Leftovers\n|upkeep\n|turn|18\n|\n|t:|1781384019\n|move|p1a: Sceptile|Leech Seed|p2a: Pecharunt\n|-start|p2a: Pecharunt|move: Leech Seed\n|move|p2a: Pecharunt|Malignant Chain|p1a: Sceptile\n|-supereffective|p1a: Sceptile\n|-end|p1a: Sceptile|Substitute\n|\n|-heal|p1a: Sceptile|226/264|[from] item: Leftovers\n|-heal|p2a: Pecharunt|262/262|[from] item: Leftovers\n|-damage|p2a: Pecharunt|230/262|[from] Leech Seed|[of] p1a: Sceptile\n|-heal|p1a: Sceptile|258/264|[silent]\n|upkeep\n|turn|19\n|\n|t:|1781384023\n|switch|p2a: Bombirdier|Bombirdier, L85, M|178/258\n|move|p1a: Sceptile|Substitute|p1a: Sceptile\n|-start|p1a: Sceptile|Substitute\n|-damage|p1a: Sceptile|192/264\n|\n|-heal|p1a: Sceptile|208/264|[from] item: Leftovers\n|upkeep\n|turn|20\n|\n|t:|1781384025\n|move|p1a: Sceptile|Leech Seed|p2a: Bombirdier\n|-start|p2a: Bombirdier|move: Leech Seed\n|move|p2a: Bombirdier|Knock Off|p1a: Sceptile\n|-end|p1a: Sceptile|Substitute\n|\n|-heal|p1a: Sceptile|224/264|[from] item: Leftovers\n|-damage|p2a: Bombirdier|146/258|[from] Leech Seed|[of] p1a: Sceptile\n|-heal|p1a: Sceptile|256/264|[silent]\n|upkeep\n|turn|21\n|\n|t:|1781384033\n|switch|p1a: Metagross|Metagross, L79|256/256\n|switch|p2a: Pecharunt|Pecharunt, L77|230/262\n|\n|-heal|p2a: Pecharunt|246/262|[from] item: Leftovers\n|upkeep\n|turn|22\n|\n|t:|1781384043\n|switch|p2a: Bombirdier|Bombirdier, L85, M|146/258\n|move|p1a: Metagross|Stealth Rock|p2a: Bombirdier\n|-sidestart|p2: ren122333|move: Stealth Rock\n|\n|upkeep\n|turn|23\n|\n|t:|1781384048\n|switch|p1a: Jolteon|Jolteon, L84, F|246/246\n|move|p2a: Bombirdier|Knock Off|p1a: Jolteon\n|-damage|p1a: Jolteon|8/246\n|-enditem|p1a: Jolteon|Choice Specs|[from] move: Knock Off|[of] p2a: Bombirdier\n|\n|upkeep\n|turn|24\n|\n|t:|1781384061\n|switch|p1a: Vivillon|Vivillon-Monsoon, L83, F|268/268\n|switch|p2a: Pecharunt|Pecharunt, L77|246/262\n|-damage|p2a: Pecharunt|214/262|[from] Stealth Rock\n|\n|-heal|p2a: Pecharunt|230/262|[from] item: Leftovers\n|upkeep\n|turn|25\n|\n|t:|1781384064\n|move|p1a: Vivillon|Sleep Powder|p2a: Pecharunt\n|-status|p2a: Pecharunt|slp|[from] move: Sleep Powder\n|cant|p2a: Pecharunt|slp\n|\n|-heal|p2a: Pecharunt|246/262 slp|[from] item: Leftovers\n|upkeep\n|turn|26\n|\n|t:|1781384069\n|move|p1a: Vivillon|Quiver Dance|p1a: Vivillon\n|-boost|p1a: Vivillon|spa|1\n|-boost|p1a: Vivillon|spd|1\n|-boost|p1a: Vivillon|spe|1\n|-curestatus|p2a: Pecharunt|slp|[msg]\n|move|p2a: Pecharunt|Malignant Chain|p1a: Vivillon\n|-damage|p1a: Vivillon|181/268\n|\n|-heal|p2a: Pecharunt|262/262|[from] item: Leftovers\n|upkeep\n|turn|27\n|\n|t:|1781384071\n|move|p1a: Vivillon|Sleep Powder|p2a: Pecharunt\n|-status|p2a: Pecharunt|slp|[from] move: Sleep Powder\n|cant|p2a: Pecharunt|slp\n|\n|upkeep\n|turn|28\n|\n|t:|1781384073\n|move|p1a: Vivillon|Quiver Dance|p1a: Vivillon\n|-boost|p1a: Vivillon|spa|1\n|-boost|p1a: Vivillon|spd|1\n|-boost|p1a: Vivillon|spe|1\n|cant|p2a: Pecharunt|slp\n|\n|upkeep\n|turn|29\n|\n|t:|1781384080\n|-terastallize|p1a: Vivillon|Ground\n|move|p1a: Vivillon|Tera Blast|p2a: Pecharunt|[anim] Tera Blast Ground\n|-supereffective|p2a: Pecharunt\n|-damage|p2a: Pecharunt|0 fnt\n|faint|p2a: Pecharunt\n|\n|upkeep\n|\n|t:|1781384094\n|switch|p2a: Feraligatr|Feraligatr, L79, M|264/264\n|-damage|p2a: Feraligatr|231/264|[from] Stealth Rock\n|turn|30\n|\n|t:|1781384098\n|move|p1a: Vivillon|Sleep Powder|p2a: Feraligatr\n|-status|p2a: Feraligatr|slp|[from] move: Sleep Powder\n|cant|p2a: Feraligatr|slp\n|\n|upkeep\n|turn|31\n|\n|t:|1781384101\n|move|p1a: Vivillon|Tera Blast|p2a: Feraligatr|[anim] Tera Blast Ground\n|-damage|p2a: Feraligatr|59/264 slp\n|cant|p2a: Feraligatr|slp\n|\n|upkeep\n|turn|32\n|\n|t:|1781384102\n|move|p1a: Vivillon|Tera Blast|p2a: Feraligatr|[anim] Tera Blast Ground\n|-damage|p2a: Feraligatr|0 fnt\n|faint|p2a: Feraligatr\n|\n|upkeep\n|\n|t:|1781384104\n|switch|p2a: Palkia|Palkia-Origin, L72|249/249\n|-damage|p2a: Palkia|218/249|[from] Stealth Rock\n|-ability|p2a: Palkia|Pressure\n|turn|33\n|\n|t:|1781384107\n|move|p1a: Vivillon|Sleep Powder|p2a: Palkia\n|-status|p2a: Palkia|slp|[from] move: Sleep Powder\n|cant|p2a: Palkia|slp\n|\n|upkeep\n|turn|34\n|\n|t:|1781384108\n|move|p1a: Vivillon|Tera Blast|p2a: Palkia|[anim] Tera Blast Ground\n|-crit|p2a: Palkia\n|-damage|p2a: Palkia|4/249 slp\n|cant|p2a: Palkia|slp\n|\n|upkeep\n|turn|35\n|\n|t:|1781384111\n|move|p1a: Vivillon|Tera Blast|p2a: Palkia|[anim] Tera Blast Ground\n|-damage|p2a: Palkia|0 fnt\n|faint|p2a: Palkia\n|\n|upkeep\n|-message|ren122333 forfeited.\n|\n|win|magictac1\n", "inputlog": ">version a8376a258c1d4662feba110a92103f3664a72141\n>start {\"formatid\":\"gen9randombattle\",\"seed\":\"sodium,67f049cf5648182aafb2d0152a77316a\",\"rated\":\"Rated battle\"}\n>player p1 {\"name\":\"magictac1\",\"avatar\":\"101\",\"rating\":1905,\"seed\":\"sodium,bdd7a4956c6867e6702e0992b3a81b32\"}\n>player p2 {\"name\":\"ren122333\",\"avatar\":\"hilbert\",\"rating\":1903,\"seed\":\"sodium,6a91c33089fe0c44a4f2e0f76c80f74b\"}\n>p1 switch 3\n>p2 switch 3\n>p1 move willowisp\n>p2 move knockoff\n>p1 switch 4\n>p2 move fireblast\n>p1 move nastyplot\n>p2 move knockoff\n>p1 move thunderbolt\n>p2 move knockoff\n>p2 switch 4\n>p1 move alluringvoice\n>p2 move suckerpunch\n>p1 switch 3\n>p1 move alluringvoice\n>p2 switch 3\n>p1 move alluringvoice\n>p2 move earthquake\n>p2 switch 5\n>p1 switch 4\n>p2 move malignantchain\n>p1 move shadowball\n>p2 switch 3\n>p1 move willowisp\n>p2 switch 6\n>p1 move drainingkiss\n>p2 move spacialrend\n>p1 switch 5\n>p1 move substitute\n>p2 switch 3\n>p1 move leechseed\n>p2 move malignantchain\n>p1 move substitute\n>p2 switch 6\n>p1 move leechseed\n>p2 move knockoff\n>p1 move substitute\n>p2 switch 6\n>p1 move leechseed\n>p2 move malignantchain\n>p1 move substitute\n>p2 switch 6\n>p1 move leechseed\n>p2 move knockoff\n>p1 switch 2\n>p2 switch 6\n>p1 move stealthrock\n>p2 switch 6\n>p1 switch 4\n>p2 move knockoff\n>p1 switch 6\n>p2 switch 6\n>p1 move sleeppowder\n>p2 move malignantchain\n>p1 move quiverdance\n>p2 move malignantchain\n>p1 move sleeppowder\n>p2 move malignantchain\n>p1 move quiverdance\n>p2 move malignantchain\n>p1 move terablast terastallize\n>p2 move malignantchain\n>p2 switch 2\n>p1 move sleeppowder\n>p2 move liquidation\n>p1 move terablast\n>p2 move liquidation\n>p1 move terablast\n>p2 move liquidation\n>p2 switch 3\n>p1 move sleeppowder\n>p2 move hydropump\n>p1 move terablast\n>p2 move hydropump\n>p1 move terablast\n>p2 move hydropump\n>forcelose p2", "uploadtime": 1781383888, "views": 11, "formatid": "gen9randombattle", "rating": null, "private": 0, "password": null}