{"id": "gen9randombattle-2631462325", "format": "[Gen 9] Random Battle", "players": ["Roface", "Ponclex"], "log": "|j|\u2606Roface\n|j|\u2606Ponclex\n|t:|1781387666\n|gametype|singles\n|player|p1|Roface|yancy|2122\n|player|p2|Ponclex|265|2099\n|gen|9\n|tier|[Gen 9] Random Battle\n|rated|\n|rule|Species Clause: Limit one of each Pok\u00e9mon\n|rule|HP Percentage Mod: HP is shown in percentages\n|rule|Sleep Clause Mod: Limit one foe put to sleep\n|rule|Illusion Level Mod: Illusion disguises the Pok\u00e9mon's true level\n|\n|t:|1781387666\n|teamsize|p1|6\n|teamsize|p2|6\n|start\n|switch|p1a: Vigoroth|Vigoroth, L85, F|275/275\n|switch|p2a: Palafin|Palafin, L77, M|281/281\n|turn|1\n|\n|t:|1781387682\n|detailschange|p2a: Palafin|Palafin-Hero, L77, M\n|switch|p2a: Wigglytuff|Wigglytuff, L96, F|424/424\n|move|p1a: Vigoroth|Bulk Up|p1a: Vigoroth\n|-boost|p1a: Vigoroth|atk|1\n|-boost|p1a: Vigoroth|def|1\n|\n|upkeep\n|turn|2\n|\n|t:|1781387689\n|move|p1a: Vigoroth|Body Slam|p2a: Wigglytuff\n|-damage|p2a: Wigglytuff|249/424\n|move|p2a: Wigglytuff|Knock Off|p1a: Vigoroth\n|-damage|p1a: Vigoroth|243/275\n|-enditem|p1a: Vigoroth|Eviolite|[from] move: Knock Off|[of] p2a: Wigglytuff\n|\n|-heal|p2a: Wigglytuff|275/424|[from] item: Leftovers\n|upkeep\n|turn|3\n|\n|t:|1781387695\n|move|p1a: Vigoroth|Body Slam|p2a: Wigglytuff\n|-damage|p2a: Wigglytuff|104/424\n|move|p2a: Wigglytuff|Alluring Voice|p1a: Vigoroth\n|-damage|p1a: Vigoroth|98/275\n|\n|-heal|p2a: Wigglytuff|130/424|[from] item: Leftovers\n|upkeep\n|turn|4\n|\n|t:|1781387706\n|move|p2a: Wigglytuff|Protect|p2a: Wigglytuff\n|-singleturn|p2a: Wigglytuff|Protect\n|move|p1a: Vigoroth|Body Slam|p2a: Wigglytuff\n|-activate|p2a: Wigglytuff|move: Protect\n|\n|-heal|p2a: Wigglytuff|156/424|[from] item: Leftovers\n|upkeep\n|turn|5\n|\n|t:|1781387710\n|switch|p2a: Dipplin|Dipplin, L88, M|284/284\n|move|p1a: Vigoroth|Body Slam|p2a: Dipplin\n|-damage|p2a: Dipplin|221/284\n|-status|p2a: Dipplin|par\n|\n|upkeep\n|turn|6\n|\n|t:|1781387717\n|move|p1a: Vigoroth|Slack Off|p1a: Vigoroth\n|-heal|p1a: Vigoroth|236/275\n|move|p2a: Dipplin|Dragon Tail|p1a: Vigoroth\n|-damage|p1a: Vigoroth|188/275\n|drag|p1a: Dragapult|Dragapult, L77, M|262/262\n|\n|upkeep\n|turn|7\n|\n|t:|1781387724\n|switch|p2a: Azumarill|Azumarill, L82, F|298/298\n|move|p1a: Dragapult|U-turn|p2a: Azumarill\n|-resisted|p2a: Azumarill\n|-damage|p2a: Azumarill|271/298\n|\n|t:|1781387728\n|switch|p1a: Vigoroth|Vigoroth, L85, F|188/275|[from] U-turn\n|\n|upkeep\n|turn|8\n|\n|t:|1781387737\n|move|p1a: Vigoroth|Body Slam|p2a: Azumarill\n|-damage|p2a: Azumarill|180/298\n|move|p2a: Azumarill|Liquidation|p1a: Vigoroth\n|-damage|p1a: Vigoroth|16/275\n|\n|upkeep\n|turn|9\n|\n|t:|1781387742\n|move|p1a: Vigoroth|Body Slam|p2a: Azumarill\n|-damage|p2a: Azumarill|86/298\n|-status|p2a: Azumarill|par\n|move|p2a: Azumarill|Liquidation|p1a: Vigoroth\n|-damage|p1a: Vigoroth|0 fnt\n|faint|p1a: Vigoroth\n|\n|upkeep\n|\n|t:|1781387748\n|switch|p1a: Dragapult|Dragapult, L77, M|262/262\n|turn|10\n|\n|t:|1781387753\n|switch|p2a: Wigglytuff|Wigglytuff, L96, F|156/424\n|move|p1a: Dragapult|Hex|p2a: Wigglytuff\n|-immune|p2a: Wigglytuff\n|\n|-heal|p2a: Wigglytuff|182/424|[from] item: Leftovers\n|upkeep\n|turn|11\n|\n|t:|1781387757\n|move|p1a: Dragapult|U-turn|p2a: Wigglytuff\n|-resisted|p2a: Wigglytuff\n|-damage|p2a: Wigglytuff|145/424\n|\n|t:|1781387760\n|switch|p1a: Armarouge|Armarouge, L80, M|267/267|[from] U-turn\n|move|p2a: Wigglytuff|Wish|p2a: Wigglytuff\n|\n|-heal|p2a: Wigglytuff|171/424|[from] item: Leftovers\n|upkeep\n|turn|12\n|\n|t:|1781387766\n|move|p2a: Wigglytuff|Protect|p2a: Wigglytuff\n|-singleturn|p2a: Wigglytuff|Protect\n|move|p1a: Armarouge|Meteor Beam||[still]\n|-prepare|p1a: Armarouge|Meteor Beam\n|-boost|p1a: Armarouge|spa|1\n|-enditem|p1a: Armarouge|Power Herb\n|-anim|p1a: Armarouge|Meteor Beam|p2a: Wigglytuff\n|-activate|p2a: Wigglytuff|move: Protect\n|\n|-heal|p2a: Wigglytuff|383/424|[from] move: Wish|[wisher] Wigglytuff\n|-heal|p2a: Wigglytuff|409/424|[from] item: Leftovers\n|upkeep\n|turn|13\n|\n|t:|1781387771\n|move|p1a: Armarouge|Psyshock|p2a: Wigglytuff\n|-damage|p2a: Wigglytuff|216/424\n|move|p2a: Wigglytuff|Wish|p2a: Wigglytuff\n|\n|-heal|p2a: Wigglytuff|242/424|[from] item: Leftovers\n|upkeep\n|turn|14\n|\n|t:|1781387778\n|move|p2a: Wigglytuff|Protect|p2a: Wigglytuff\n|-singleturn|p2a: Wigglytuff|Protect\n|move|p1a: Armarouge|Meteor Beam||[still]\n|-prepare|p1a: Armarouge|Meteor Beam\n|-boost|p1a: Armarouge|spa|1\n|\n|-heal|p2a: Wigglytuff|424/424|[from] move: Wish|[wisher] Wigglytuff\n|upkeep\n|turn|15\n|inactive|Battle timer is ON: inactive players will automatically lose when time's up. (requested by Roface)\n|\n|t:|1781387810\n|switch|p2a: Dipplin|Dipplin, L88, M|221/284 par\n|move|p1a: Armarouge|Meteor Beam|p2a: Dipplin|[from] lockedmove\n|-damage|p2a: Dipplin|94/284 par\n|\n|upkeep\n|turn|16\n|\n|t:|1781387814\n|move|p1a: Armarouge|Psyshock|p2a: Dipplin\n|-damage|p2a: Dipplin|0 fnt\n|faint|p2a: Dipplin\n|\n|upkeep\n|\n|t:|1781387821\n|switch|p2a: Skuntank|Skuntank, L84, M|310/310\n|turn|17\n|\n|t:|1781387831\n|-terastallize|p1a: Armarouge|Grass\n|move|p2a: Skuntank|Gunk Shot|p1a: Armarouge\n|-supereffective|p1a: Armarouge\n|-damage|p1a: Armarouge|0 fnt\n|faint|p1a: Armarouge\n|-damage|p2a: Skuntank|279/310|[from] item: Life Orb\n|\n|upkeep\n|\n|t:|1781387836\n|switch|p1a: Noivern|Noivern, L82, F|274/274\n|turn|18\n|\n|t:|1781387841\n|switch|p2a: Wigglytuff|Wigglytuff, L96, F|424/424\n|move|p1a: Noivern|Hurricane|p2a: Wigglytuff|[miss]\n|-miss|p1a: Noivern|p2a: Wigglytuff\n|\n|upkeep\n|turn|19\n|\n|t:|1781387846\n|switch|p1a: Samurott|Samurott, L88, M|310/310\n|move|p2a: Wigglytuff|Wish|p2a: Wigglytuff\n|\n|upkeep\n|turn|20\n|\n|t:|1781387851\n|move|p1a: Samurott|Flip Turn|p2a: Wigglytuff\n|-damage|p2a: Wigglytuff|331/424\n|\n|t:|1781387854\n|switch|p1a: Glalie|Glalie, L96, F|309/309|[from] Flip Turn\n|move|p2a: Wigglytuff|Alluring Voice|p1a: Glalie\n|-damage|p1a: Glalie|218/309\n|\n|-heal|p2a: Wigglytuff|424/424|[from] move: Wish|[wisher] Wigglytuff\n|upkeep\n|turn|21\n|\n|t:|1781387863\n|move|p1a: Glalie|Spikes|p2a: Wigglytuff\n|-sidestart|p2: Ponclex|Spikes\n|move|p2a: Wigglytuff|Alluring Voice|p1a: Glalie\n|-damage|p1a: Glalie|121/309\n|\n|upkeep\n|turn|22\n|\n|t:|1781387867\n|move|p1a: Glalie|Spikes|p2a: Wigglytuff\n|-sidestart|p2: Ponclex|Spikes\n|move|p2a: Wigglytuff|Alluring Voice|p1a: Glalie\n|-damage|p1a: Glalie|24/309\n|\n|upkeep\n|turn|23\n|\n|t:|1781387869\n|move|p1a: Glalie|Spikes|p2a: Wigglytuff\n|-sidestart|p2: Ponclex|Spikes\n|move|p2a: Wigglytuff|Alluring Voice|p1a: Glalie\n|-damage|p1a: Glalie|0 fnt\n|faint|p1a: Glalie\n|\n|upkeep\n|\n|t:|1781387880\n|switch|p1a: Samurott|Samurott, L88, M|310/310\n|turn|24\n|\n|t:|1781387882\n|move|p1a: Samurott|Hydro Pump|p2a: Wigglytuff|[miss]\n|-miss|p1a: Samurott|p2a: Wigglytuff\n|move|p2a: Wigglytuff|Wish|p2a: Wigglytuff\n|\n|upkeep\n|turn|25\n|\n|t:|1781387885\n|move|p1a: Samurott|Hydro Pump|p2a: Wigglytuff\n|-damage|p2a: Wigglytuff|256/424\n|move|p2a: Wigglytuff|Knock Off|p1a: Samurott\n|-damage|p1a: Samurott|237/310\n|-enditem|p1a: Samurott|Assault Vest|[from] move: Knock Off|[of] p2a: Wigglytuff\n|\n|-heal|p2a: Wigglytuff|424/424|[from] move: Wish|[wisher] Wigglytuff\n|upkeep\n|turn|26\n|\n|t:|1781387889\n|move|p1a: Samurott|Hydro Pump|p2a: Wigglytuff\n|-damage|p2a: Wigglytuff|235/424\n|move|p2a: Wigglytuff|Wish|p2a: Wigglytuff\n|\n|-heal|p2a: Wigglytuff|261/424|[from] item: Leftovers\n|upkeep\n|turn|27\n|\n|t:|1781387893\n|move|p1a: Samurott|Ice Beam|p2a: Wigglytuff\n|-crit|p2a: Wigglytuff\n|-damage|p2a: Wigglytuff|109/424\n|move|p2a: Wigglytuff|Alluring Voice|p1a: Samurott\n|-damage|p1a: Samurott|132/310\n|\n|-heal|p2a: Wigglytuff|321/424|[from] move: Wish|[wisher] Wigglytuff\n|-heal|p2a: Wigglytuff|347/424|[from] item: Leftovers\n|upkeep\n|turn|28\n|\n|t:|1781387899\n|move|p2a: Wigglytuff|Protect|p2a: Wigglytuff\n|-singleturn|p2a: Wigglytuff|Protect\n|move|p1a: Samurott|Hydro Pump|p2a: Wigglytuff\n|-activate|p2a: Wigglytuff|move: Protect\n|\n|-heal|p2a: Wigglytuff|373/424|[from] item: Leftovers\n|upkeep\n|turn|29\n|\n|t:|1781387901\n|move|p1a: Samurott|Hydro Pump|p2a: Wigglytuff\n|-damage|p2a: Wigglytuff|184/424\n|move|p2a: Wigglytuff|Wish|p2a: Wigglytuff\n|\n|-heal|p2a: Wigglytuff|210/424|[from] item: Leftovers\n|upkeep\n|turn|30\n|\n|t:|1781387907\n|move|p2a: Wigglytuff|Protect|p2a: Wigglytuff\n|-singleturn|p2a: Wigglytuff|Protect\n|move|p1a: Samurott|Hydro Pump|p2a: Wigglytuff\n|-activate|p2a: Wigglytuff|move: Protect\n|\n|-heal|p2a: Wigglytuff|422/424|[from] move: Wish|[wisher] Wigglytuff\n|-heal|p2a: Wigglytuff|424/424|[from] item: Leftovers\n|upkeep\n|turn|31\n|\n|t:|1781387912\n|move|p1a: Samurott|Ice Beam|p2a: Wigglytuff\n|-damage|p2a: Wigglytuff|323/424\n|move|p2a: Wigglytuff|Wish|p2a: Wigglytuff\n|\n|-heal|p2a: Wigglytuff|349/424|[from] item: Leftovers\n|upkeep\n|turn|32\n|\n|t:|1781387917\n|move|p1a: Samurott|Ice Beam|p2a: Wigglytuff\n|-damage|p2a: Wigglytuff|254/424\n|move|p2a: Wigglytuff|Alluring Voice|p1a: Samurott\n|-damage|p1a: Samurott|20/310\n|\n|-heal|p2a: Wigglytuff|424/424|[from] move: Wish|[wisher] Wigglytuff\n|upkeep\n|turn|33\n|\n|t:|1781387925\n|switch|p2a: Azumarill|Azumarill, L82, F|86/298 par\n|-damage|p2a: Azumarill|12/298 par|[from] Spikes\n|move|p1a: Samurott|Hydro Pump|p2a: Azumarill\n|-resisted|p2a: Azumarill\n|-damage|p2a: Azumarill|0 fnt\n|faint|p2a: Azumarill\n|\n|upkeep\n|\n|t:|1781387934\n|switch|p2a: Skuntank|Skuntank, L84, M|279/310\n|-damage|p2a: Skuntank|202/310|[from] Spikes\n|turn|34\n|\n|t:|1781387938\n|move|p2a: Skuntank|Knock Off|p1a: Samurott\n|-damage|p1a: Samurott|0 fnt\n|faint|p1a: Samurott\n|-damage|p2a: Skuntank|171/310|[from] item: Life Orb\n|\n|upkeep\n|\n|t:|1781387940\n|switch|p1a: Noivern|Noivern, L82, F|274/274\n|turn|35\n|\n|t:|1781387950\n|move|p1a: Noivern|Hurricane|p2a: Skuntank\n|-damage|p2a: Skuntank|38/310\n|move|p2a: Skuntank|Knock Off|p1a: Noivern\n|-damage|p1a: Noivern|125/274\n|-enditem|p1a: Noivern|Heavy-Duty Boots|[from] move: Knock Off|[of] p2a: Skuntank\n|-damage|p2a: Skuntank|7/310|[from] item: Life Orb\n|\n|upkeep\n|turn|36\n|\n|t:|1781387957\n|move|p1a: Noivern|Roost|p1a: Noivern\n|-heal|p1a: Noivern|262/274\n|-singleturn|p1a: Noivern|move: Roost\n|move|p2a: Skuntank|Gunk Shot|p1a: Noivern\n|-damage|p1a: Noivern|83/274\n|-damage|p2a: Skuntank|0 fnt|[from] item: Life Orb\n|faint|p2a: Skuntank\n|\n|upkeep\n|\n|t:|1781387961\n|switch|p2a: Wigglytuff|Wigglytuff, L96, F|424/424\n|-damage|p2a: Wigglytuff|318/424|[from] Spikes\n|turn|37\n|\n|t:|1781387972\n|move|p1a: Noivern|Hurricane|p2a: Wigglytuff|[miss]\n|-miss|p1a: Noivern|p2a: Wigglytuff\n|move|p2a: Wigglytuff|Wish|p2a: Wigglytuff\n|\n|-heal|p2a: Wigglytuff|344/424|[from] item: Leftovers\n|upkeep\n|turn|38\n|\n|t:|1781387977\n|move|p1a: Noivern|Hurricane|p2a: Wigglytuff\n|-damage|p2a: Wigglytuff|197/424\n|move|p2a: Wigglytuff|Alluring Voice|p1a: Noivern\n|-supereffective|p1a: Noivern\n|-damage|p1a: Noivern|0 fnt\n|faint|p1a: Noivern\n|\n|-heal|p2a: Wigglytuff|409/424|[from] move: Wish|[wisher] Wigglytuff\n|-heal|p2a: Wigglytuff|424/424|[from] item: Leftovers\n|upkeep\n|\n|t:|1781387981\n|switch|p1a: Dragapult|Dragapult, L77, M|262/262\n|turn|39\n|\n|t:|1781387984\n|move|p1a: Dragapult|Will-O-Wisp|p2a: Wigglytuff\n|-status|p2a: Wigglytuff|brn\n|move|p2a: Wigglytuff|Alluring Voice|p1a: Dragapult\n|-supereffective|p1a: Dragapult\n|-damage|p1a: Dragapult|32/262\n|\n|-damage|p2a: Wigglytuff|398/424 brn|[from] brn\n|upkeep\n|turn|40\n|\n|t:|1781387986\n|move|p1a: Dragapult|U-turn|p2a: Wigglytuff\n|-resisted|p2a: Wigglytuff\n|-damage|p2a: Wigglytuff|363/424 brn\n|move|p2a: Wigglytuff|Alluring Voice|p1a: Dragapult\n|-supereffective|p1a: Dragapult\n|-damage|p1a: Dragapult|0 fnt\n|faint|p1a: Dragapult\n|\n|win|Ponclex\n", "inputlog": ">version a8376a258c1d4662feba110a92103f3664a72141\n>start {\"formatid\":\"gen9randombattle\",\"seed\":\"sodium,45f3c6cc84f7cdfe01c966da6d824216\",\"rated\":\"Rated battle\"}\n>player p1 {\"name\":\"Roface\",\"avatar\":\"yancy\",\"rating\":2122,\"seed\":\"sodium,3f9094cb25ca7ec17151652b74fd0815\"}\n>player p2 {\"name\":\"Ponclex\",\"avatar\":\"265\",\"rating\":2099,\"seed\":\"sodium,6a9b4f92fa290dd3e221d0780075f6ed\"}\n>p1 move bulkup\n>p2 switch 2\n>p1 move bodyslam\n>p2 move knockoff\n>p1 move bodyslam\n>p2 move alluringvoice\n>p1 move bodyslam\n>p2 move protect\n>p1 move bodyslam\n>p2 switch 5\n>p1 move slackoff\n>p2 move dragontail\n>p1 move uturn\n>p2 switch 4\n>p1 switch 3\n>p1 move bodyslam\n>p2 move liquidation\n>p1 move bodyslam\n>p2 move liquidation\n>p1 switch 3\n>p1 move hex\n>p2 switch 5\n>p1 move uturn\n>p2 move wish\n>p1 switch 2\n>p1 move meteorbeam\n>p2 move protect\n>p1 move psyshock\n>p2 move wish\n>p1 move meteorbeam\n>p2 move protect\n>p1 move meteorbeam\n>p2 switch 4\n>p1 move psyshock\n>p2 move dragonpulse\n>p2 switch 3\n>p1 move armorcannon terastallize\n>p2 move gunkshot\n>p1 switch 4\n>p1 move hurricane\n>p2 switch 4\n>p1 switch 5\n>p2 move wish\n>p1 move flipturn\n>p2 move alluringvoice\n>p1 switch 6\n>p1 move spikes\n>p2 move alluringvoice\n>p1 move spikes\n>p2 move alluringvoice\n>p1 move spikes\n>p2 move alluringvoice\n>p1 switch 6\n>p1 move hydropump\n>p2 move wish\n>p1 move hydropump\n>p2 move knockoff\n>p1 move hydropump\n>p2 move wish\n>p1 move icebeam\n>p2 move alluringvoice\n>p1 move hydropump\n>p2 move protect\n>p1 move hydropump\n>p2 move wish\n>p1 move hydropump\n>p2 move protect\n>p1 move icebeam\n>p2 move wish\n>p1 move icebeam\n>p2 move alluringvoice\n>p1 move hydropump\n>p2 switch 5\n>p2 switch 4\n>p1 move icebeam\n>p2 move knockoff\n>p1 switch 5\n>p1 move hurricane\n>p2 move knockoff\n>p1 move roost\n>p2 move gunkshot\n>p2 switch 5\n>p1 move hurricane\n>p2 move wish\n>p1 move hurricane\n>p2 move alluringvoice\n>p1 switch 2\n>p1 move willowisp\n>p2 move alluringvoice\n>p1 move uturn\n>p2 move alluringvoice", "uploadtime": 1781387668, "views": 9, "formatid": "gen9randombattle", "rating": null, "private": 0, "password": null}