{"id": "gen9randombattle-2631928013", "format": "[Gen 9] Random Battle", "players": ["balilou", "noKlew"], "log": "|j|\u2606balilou\n|j|\u2606noKlew\n|t:|1781456575\n|gametype|singles\n|player|p1|balilou|101|1976\n|player|p2|noKlew|265|2102\n|gen|9\n|tier|[Gen 9] Random Battle\n|rated|\n|rule|Species Clause: Limit one of each Pok\u00e9mon\n|rule|HP Percentage Mod: HP is shown in percentages\n|rule|Sleep Clause Mod: Limit one foe put to sleep\n|rule|Illusion Level Mod: Illusion disguises the Pok\u00e9mon's true level\n|\n|t:|1781456575\n|teamsize|p1|6\n|teamsize|p2|6\n|start\n|switch|p1a: Dipplin|Dipplin, L88, M|284/284\n|switch|p2a: Hariyama|Hariyama, L87, F|392/392\n|turn|1\n|inactive|Battle timer is ON: inactive players will automatically lose when time's up. (requested by noKlew)\n|j| cocknbalss\n|l| cocknbalss\n|inactive|balilou has 120 seconds left.\n|\n|t:|1781456614\n|move|p2a: Hariyama|Knock Off|p1a: Dipplin\n|-damage|p1a: Dipplin|233/284\n|-activate|p1a: Dipplin|ability: Sticky Hold\n|move|p1a: Dipplin|Giga Drain|p2a: Hariyama\n|-damage|p2a: Hariyama|277/392\n|-heal|p1a: Dipplin|284/284|[from] drain|[of] p2a: Hariyama\n|\n|-status|p2a: Hariyama|brn|[from] item: Flame Orb\n|upkeep\n|turn|2\n|\n|t:|1781456627\n|switch|p2a: Annihilape|Annihilape, L76, F|292/292\n|move|p1a: Dipplin|Giga Drain|p2a: Annihilape\n|-crit|p2a: Annihilape\n|-damage|p2a: Annihilape|160/292\n|\n|-heal|p2a: Annihilape|178/292|[from] item: Leftovers\n|upkeep\n|turn|3\n|\n|t:|1781456634\n|move|p2a: Annihilape|Bulk Up|p2a: Annihilape\n|-boost|p2a: Annihilape|atk|1\n|-boost|p2a: Annihilape|def|1\n|move|p1a: Dipplin|Dragon Tail|p2a: Annihilape|[miss]\n|-miss|p1a: Dipplin|p2a: Annihilape\n|\n|-heal|p2a: Annihilape|196/292|[from] item: Leftovers\n|upkeep\n|turn|4\n|\n|t:|1781456638\n|move|p2a: Annihilape|Gunk Shot|p1a: Dipplin\n|-supereffective|p1a: Dipplin\n|-damage|p1a: Dipplin|148/284\n|-status|p1a: Dipplin|psn\n|move|p1a: Dipplin|Dragon Tail|p2a: Annihilape\n|-damage|p2a: Annihilape|147/292\n|drag|p2a: Carbink|Carbink, L90|236/236\n|\n|-damage|p1a: Dipplin|113/284 psn|[from] psn\n|upkeep\n|turn|5\n|\n|t:|1781456649\n|move|p2a: Carbink|Rock Polish|p2a: Carbink\n|-boost|p2a: Carbink|spe|2\n|move|p1a: Dipplin|Giga Drain|p2a: Carbink\n|-supereffective|p2a: Carbink\n|-damage|p2a: Carbink|132/236\n|-heal|p1a: Dipplin|165/284 psn|[from] drain|[of] p2a: Carbink\n|\n|-heal|p2a: Carbink|146/236|[from] item: Leftovers\n|-damage|p1a: Dipplin|130/284 psn|[from] psn\n|upkeep\n|turn|6\n|\n|t:|1781456657\n|switch|p1a: Whimsicott|Whimsicott, L84, M|238/238\n|move|p2a: Carbink|Iron Defense|p2a: Carbink\n|-boost|p2a: Carbink|def|2\n|\n|-heal|p2a: Carbink|160/236|[from] item: Leftovers\n|upkeep\n|turn|7\n|\n|t:|1781456665\n|switch|p2a: Rampardos|Rampardos, L90, M|321/321\n|move|p1a: Whimsicott|Encore||[still]\n|-fail|p1a: Whimsicott\n|\n|upkeep\n|turn|8\n|\n|t:|1781456671\n|move|p1a: Whimsicott|U-turn|p2a: Rampardos\n|-damage|p2a: Rampardos|271/321\n|\n|t:|1781456676\n|switch|p1a: Dipplin|Dipplin, L88, M|130/284 psn|[from] U-turn\n|move|p2a: Rampardos|Rock Slide|p1a: Dipplin\n|-damage|p1a: Dipplin|0 fnt\n|faint|p1a: Dipplin\n|\n|upkeep\n|\n|t:|1781456679\n|switch|p1a: Kyogre|Kyogre, L71|259/259\n|-weather|RainDance|[from] ability: Drizzle|[of] p1a: Kyogre\n|turn|9\n|\n|t:|1781456698\n|switch|p2a: Carbink|Carbink, L90|160/236\n|move|p1a: Kyogre|Water Spout|p2a: Carbink\n|-supereffective|p2a: Carbink\n|-damage|p2a: Carbink|0 fnt\n|faint|p2a: Carbink\n|\n|-weather|RainDance|[upkeep]\n|upkeep\n|inactive|noKlew has 120 seconds left.\n|\n|t:|1781456718\n|switch|p2a: Scovillain|Scovillain, L91, M|266/266\n|turn|10\n|inactive|noKlew has 120 seconds left.\n|\n|t:|1781456736\n|switch|p1a: Flareon|Flareon, L90, F|263/263\n|move|p2a: Scovillain|Leaf Storm|p1a: Flareon\n|-resisted|p1a: Flareon\n|-damage|p1a: Flareon|194/263\n|-unboost|p2a: Scovillain|spa|2\n|\n|-weather|RainDance|[upkeep]\n|-status|p1a: Flareon|tox|[from] item: Toxic Orb\n|upkeep\n|turn|11\n|inactive|noKlew has 120 seconds left.\n|\n|t:|1781456756\n|switch|p2a: Haxorus|Haxorus, L77, F|244/244\n|-ability|p2a: Haxorus|Mold Breaker\n|move|p1a: Flareon|Trailblaze|p2a: Haxorus\n|-resisted|p2a: Haxorus\n|-damage|p2a: Haxorus|200/244\n|-boost|p1a: Flareon|spe|1\n|\n|-weather|RainDance|[upkeep]\n|-damage|p1a: Flareon|178/263 tox|[from] psn\n|upkeep\n|turn|12\n|inactive|balilou has 120 seconds left.\n|inactive|balilou has 90 seconds left.\n|\n|t:|1781456816\n|switch|p2a: Annihilape|Annihilape, L76, F|147/292\n|move|p1a: Flareon|Facade|p2a: Annihilape\n|-immune|p2a: Annihilape\n|\n|-weather|RainDance|[upkeep]\n|-heal|p2a: Annihilape|165/292|[from] item: Leftovers\n|-damage|p1a: Flareon|146/263 tox|[from] psn\n|upkeep\n|turn|13\n|\n|t:|1781456823\n|switch|p2a: Haxorus|Haxorus, L77, F|200/244\n|-ability|p2a: Haxorus|Mold Breaker\n|move|p1a: Flareon|Flare Blitz|p2a: Haxorus\n|-resisted|p2a: Haxorus\n|-damage|p2a: Haxorus|128/244\n|-damage|p1a: Flareon|122/263 tox|[from] Recoil\n|\n|-weather|none\n|-damage|p1a: Flareon|74/263 tox|[from] psn\n|upkeep\n|turn|14\n|inactive|noKlew has 120 seconds left.\n|\n|t:|1781456828\n|move|p1a: Flareon|Flare Blitz|p2a: Haxorus\n|-resisted|p2a: Haxorus\n|-damage|p2a: Haxorus|0 fnt\n|faint|p2a: Haxorus\n|-damage|p1a: Flareon|32/263 tox|[from] Recoil\n|\n|-damage|p1a: Flareon|0 fnt|[from] psn\n|faint|p1a: Flareon\n|upkeep\n|inactive|noKlew has 120 seconds left.\n|\n|t:|1781456849\n|switch|p2a: Hariyama|Hariyama, L87, F|277/392 brn\n|switch|p1a: Typhlosion|Typhlosion-Hisui, L83, M|257/257\n|turn|15\n|\n|t:|1781456853\n|move|p1a: Typhlosion|Eruption|p2a: Hariyama\n|-damage|p2a: Hariyama|0 fnt\n|faint|p2a: Hariyama\n|\n|upkeep\n|c|\u2606noKlew|damn killer combo\n|\n|t:|1781456872\n|switch|p2a: Rampardos|Rampardos, L90, M|271/321\n|turn|16\n|inactive|balilou has 120 seconds left.\n|inactive|balilou has 90 seconds left.\n|\n|t:|1781456925\n|move|p1a: Typhlosion|Eruption|p2a: Rampardos\n|-resisted|p2a: Rampardos\n|-damage|p2a: Rampardos|88/321\n|move|p2a: Rampardos|Rock Slide|p1a: Typhlosion\n|-supereffective|p1a: Typhlosion\n|-damage|p1a: Typhlosion|0 fnt\n|faint|p1a: Typhlosion\n|\n|upkeep\n|\n|t:|1781456927\n|switch|p1a: Latios|Latios, L78, M|253/253\n|turn|17\n|inactive|noKlew has 120 seconds left.\n|\n|t:|1781456940\n|move|p1a: Latios|Luster Purge|p2a: Rampardos\n|-damage|p2a: Rampardos|0 fnt\n|faint|p2a: Rampardos\n|\n|upkeep\n|inactive|noKlew has 120 seconds left.\n|\n|t:|1781456962\n|switch|p2a: Scovillain|Scovillain, L91, M|266/266\n|turn|18\n|\n|t:|1781456973\n|-terastallize|p2a: Scovillain|Grass\n|move|p2a: Scovillain|Leaf Storm|p1a: Latios\n|-resisted|p1a: Latios\n|-damage|p1a: Latios|151/253\n|-unboost|p2a: Scovillain|spa|2\n|move|p1a: Latios|Luster Purge|p2a: Scovillain\n|-damage|p2a: Scovillain|88/266\n|-unboost|p2a: Scovillain|spd|1\n|\n|upkeep\n|turn|19\n|\n|t:|1781456981\n|switch|p2a: Annihilape|Annihilape, L76, F|165/292\n|move|p1a: Latios|Luster Purge|p2a: Annihilape\n|-supereffective|p2a: Annihilape\n|-damage|p2a: Annihilape|0 fnt\n|faint|p2a: Annihilape\n|\n|upkeep\n|\n|t:|1781456982\n|switch|p2a: Scovillain|Scovillain, L91, M, tera:Grass|88/266\n|turn|20\n|\n|t:|1781456985\n|move|p2a: Scovillain|Leaf Storm|p1a: Latios\n|-resisted|p1a: Latios\n|-damage|p1a: Latios|50/253\n|-unboost|p2a: Scovillain|spa|2\n|move|p1a: Latios|Luster Purge|p2a: Scovillain\n|-damage|p2a: Scovillain|0 fnt\n|faint|p2a: Scovillain\n|\n|win|balilou\n", "inputlog": ">version a8376a258c1d4662feba110a92103f3664a72141\n>start {\"formatid\":\"gen9randombattle\",\"seed\":\"sodium,02942d351d2ea509a041f33427f268b9\",\"rated\":\"Rated battle\"}\n>player p1 {\"name\":\"balilou\",\"avatar\":\"101\",\"rating\":1976,\"seed\":\"sodium,02227c4af6b4773e8a036fd37372cac5\"}\n>player p2 {\"name\":\"noKlew\",\"avatar\":\"265\",\"rating\":2102,\"seed\":\"sodium,0b4c97f91917d814561159c50e31577e\"}\n>p1 move gigadrain\n>p2 move knockoff\n>p1 move gigadrain\n>p2 switch 3\n>p1 move dragontail\n>p2 move bulkup\n>p1 move dragontail\n>p2 move gunkshot\n>p1 move gigadrain\n>p2 move rockpolish\n>p1 switch 6\n>p2 move irondefense\n>p1 move encore\n>p2 switch 6\n>p1 move uturn\n>p2 move rockslide\n>p1 switch 6\n>p1 switch 4\n>p1 move waterspout\n>p2 switch 6\n>p2 switch 5\n>p1 switch 5\n>p2 move leafstorm\n>p1 move trailblaze\n>p2 switch 2\n>p1 move facade\n>p2 switch 4\n>p1 move flareblitz\n>p2 switch 4\n>p1 move flareblitz\n>p2 move scaleshot\n>p1 switch 2\n>p2 switch 3\n>p1 move eruption\n>p2 move knockoff\n>chat \u2606noKlew|damn killer combo\n>p2 switch 6\n>p1 move eruption\n>p2 move rockslide\n>p1 switch 3\n>p1 move lusterpurge\n>p2 move rockslide\n>p2 switch 2\n>p1 move lusterpurge\n>p2 move leafstorm terastallize\n>p1 move lusterpurge\n>p2 switch 4\n>p2 switch 4\n>p1 move lusterpurge\n>p2 move leafstorm", "uploadtime": 1781456577, "views": 5, "formatid": "gen9randombattle", "rating": null, "private": 0, "password": null}