{"id": "gen9randombattle-2631894615", "format": "[Gen 9] Random Battle", "players": ["LeonaDX", "Thematics"], "log": "|j|\u2606LeonaDX\n|j|\u2606Thematics\n|t:|1781452971\n|gametype|singles\n|player|p1|LeonaDX|candice|1381\n|player|p2|Thematics|n|1397\n|gen|9\n|tier|[Gen 9] Random Battle\n|rated|\n|rule|Species Clause: Limit one of each Pok\u00e9mon\n|rule|HP Percentage Mod: HP is shown in percentages\n|rule|Sleep Clause Mod: Limit one foe put to sleep\n|rule|Illusion Level Mod: Illusion disguises the Pok\u00e9mon's true level\n|\n|t:|1781452971\n|teamsize|p1|6\n|teamsize|p2|6\n|start\n|switch|p1a: Salamence|Salamence, L77, F|273/273\n|switch|p2a: Charizard|Charizard, L85, F|271/271\n|-ability|p1a: Salamence|Intimidate|boost\n|-unboost|p2a: Charizard|atk|1\n|turn|1\n|inactive|Battle timer is ON: inactive players will automatically lose when time's up. (requested by Thematics)\n|inactive|LeonaDX also wants the timer to be on.\n|inactive|Thematics has 120 seconds left.\n|\n|t:|1781453019\n|switch|p2a: Zapdos|Zapdos, L78|268/268\n|switch|p1a: Slowbro|Slowbro-Galar, L87, M|307/307\n|\n|upkeep\n|turn|2\n|\n|t:|1781453031\n|move|p2a: Zapdos|Discharge|p1a: Slowbro\n|-damage|p1a: Slowbro|202/307\n|move|p1a: Slowbro|Shell Side Arm|p2a: Zapdos|[anim] Shell Side Arm Physical\n|-damage|p2a: Zapdos|151/268\n|-hint|Physical Shell Side Arm\n|\n|upkeep\n|turn|3\n|\n|t:|1781453063\n|move|p2a: Zapdos|U-turn|p1a: Slowbro\n|-damage|p1a: Slowbro|162/307\n|-damage|p2a: Zapdos|107/268|[from] item: Rocky Helmet|[of] p1a: Slowbro\n|inactive|Thematics has 120 seconds left.\n|\n|t:|1781453079\n|switch|p2a: Heatran|Heatran, L79, M|273/273|[from] U-turn\n|-item|p2a: Heatran|Air Balloon\n|move|p1a: Slowbro|Shell Side Arm|p2a: Heatran|[anim] Shell Side Arm Physical\n|-immune|p2a: Heatran\n|\n|upkeep\n|turn|4\n|inactive|Thematics has 120 seconds left.\n|inactive|LeonaDX has 120 seconds left.\n|\n|t:|1781453110\n|switch|p1a: Salamence|Salamence, L77, F|273/273\n|-ability|p1a: Salamence|Intimidate|boost\n|-unboost|p2a: Heatran|atk|1\n|move|p2a: Heatran|Stealth Rock|p1a: Salamence\n|-sidestart|p1: LeonaDX|move: Stealth Rock\n|\n|upkeep\n|turn|5\n|inactive|Thematics has 120 seconds left.\n|\n|t:|1781453144\n|switch|p1a: Pincurchin|Pincurchin, M|258/258\n|-damage|p1a: Pincurchin|226/258|[from] Stealth Rock\n|-fieldstart|move: Electric Terrain|[from] ability: Electric Surge|[of] p1a: Pincurchin\n|switch|p2a: Charizard|Charizard, L85, F|271/271\n|\n|-heal|p1a: Pincurchin|242/258|[from] item: Leftovers\n|upkeep\n|turn|6\n|inactive|Thematics has 90 seconds left.\n|\n|t:|1781453173\n|switch|p2a: Sceptile|Sceptile, L87, M|264/264\n|move|p1a: Pincurchin|Liquidation|p2a: Sceptile\n|-resisted|p2a: Sceptile\n|-damage|p2a: Sceptile|208/264\n|\n|-heal|p1a: Pincurchin|258/258|[from] item: Leftovers\n|upkeep\n|turn|7\n|inactive|Thematics has 90 seconds left.\n|\n|t:|1781453185\n|move|p2a: Sceptile|Earthquake|p1a: Pincurchin\n|-supereffective|p1a: Pincurchin\n|-damage|p1a: Pincurchin|123/258\n|-damage|p2a: Sceptile|182/264|[from] item: Life Orb\n|move|p1a: Pincurchin|Curse|p1a: Pincurchin\n|-unboost|p1a: Pincurchin|spe|1\n|-boost|p1a: Pincurchin|atk|1\n|-boost|p1a: Pincurchin|def|1\n|\n|-heal|p1a: Pincurchin|139/258|[from] item: Leftovers\n|upkeep\n|turn|8\n|inactive|Thematics has 90 seconds left.\n|\n|t:|1781453195\n|move|p2a: Sceptile|Giga Drain|p1a: Pincurchin\n|-damage|p1a: Pincurchin|42/258\n|-heal|p2a: Sceptile|231/264|[from] drain|[of] p1a: Pincurchin\n|-damage|p2a: Sceptile|205/264|[from] item: Life Orb\n|move|p1a: Pincurchin|Recover|p1a: Pincurchin\n|-heal|p1a: Pincurchin|171/258\n|\n|-heal|p1a: Pincurchin|187/258|[from] item: Leftovers\n|upkeep\n|turn|9\n|inactive|Thematics has 90 seconds left.\n|\n|t:|1781453208\n|move|p2a: Sceptile|Giga Drain|p1a: Pincurchin\n|-damage|p1a: Pincurchin|93/258\n|-heal|p2a: Sceptile|252/264|[from] drain|[of] p1a: Pincurchin\n|-damage|p2a: Sceptile|226/264|[from] item: Life Orb\n|move|p1a: Pincurchin|Zing Zap|p2a: Sceptile\n|-resisted|p2a: Sceptile\n|-damage|p2a: Sceptile|91/264\n|\n|-heal|p1a: Pincurchin|109/258|[from] item: Leftovers\n|-fieldend|move: Electric Terrain\n|upkeep\n|turn|10\n|inactive|Thematics has 90 seconds left.\n|\n|t:|1781453226\n|switch|p1a: Salamence|Salamence, L77, F|273/273\n|-ability|p1a: Salamence|Intimidate|boost\n|-unboost|p2a: Sceptile|atk|1\n|move|p2a: Sceptile|Focus Blast|p1a: Salamence\n|-resisted|p1a: Salamence\n|-damage|p1a: Salamence|207/273\n|-unboost|p1a: Salamence|spd|1\n|-damage|p2a: Sceptile|65/264|[from] item: Life Orb\n|\n|upkeep\n|turn|11\n|inactive|Thematics has 90 seconds left.\n|\n|t:|1781453237\n|move|p2a: Sceptile|Rock Slide|p1a: Salamence\n|-supereffective|p1a: Salamence\n|-damage|p1a: Salamence|111/273\n|-damage|p2a: Sceptile|39/264|[from] item: Life Orb\n|move|p1a: Salamence|Dragon Dance|p1a: Salamence\n|-boost|p1a: Salamence|atk|1\n|-boost|p1a: Salamence|spe|1\n|\n|upkeep\n|turn|12\n|inactive|LeonaDX has 120 seconds left.\n|inactive|Thematics has 90 seconds left.\n|\n|t:|1781453245\n|move|p1a: Salamence|Dual Wingbeat|p2a: Sceptile\n|-supereffective|p2a: Sceptile\n|-damage|p2a: Sceptile|0 fnt\n|faint|p2a: Sceptile\n|-hitcount|p2: Sceptile|1\n|\n|upkeep\n|inactive|Thematics has 90 seconds left.\n|\n|t:|1781453255\n|switch|p2a: Charizard|Charizard, L85, F|271/271\n|turn|13\n|\n|t:|1781453260\n|move|p1a: Salamence|Dual Wingbeat|p2a: Charizard|[miss]\n|-miss|p1a: Salamence|p2a: Charizard\n|move|p2a: Charizard|Outrage|p1a: Salamence\n|-supereffective|p1a: Salamence\n|-damage|p1a: Salamence|0 fnt\n|faint|p1a: Salamence\n|\n|upkeep\n|\n|t:|1781453269\n|switch|p1a: Carbink|Carbink, L90|236/236\n|-damage|p1a: Carbink|207/236|[from] Stealth Rock\n|turn|14\n|\n|t:|1781453275\n|move|p2a: Charizard|Outrage|p1a: Carbink|[from] lockedmove\n|-immune|p1a: Carbink\n|move|p1a: Carbink|Iron Defense|p1a: Carbink\n|-boost|p1a: Carbink|def|2\n|\n|upkeep\n|turn|15\n|inactive|Thematics has 90 seconds left.\n|\n|t:|1781453309\n|move|p2a: Charizard|Swords Dance|p2a: Charizard\n|-boost|p2a: Charizard|atk|2\n|move|p1a: Carbink|Iron Defense|p1a: Carbink\n|-boost|p1a: Carbink|def|2\n|\n|upkeep\n|turn|16\n|\n|t:|1781453333\n|move|p2a: Charizard|Swords Dance|p2a: Charizard\n|-boost|p2a: Charizard|atk|2\n|move|p1a: Carbink|Iron Defense|p1a: Carbink\n|-boost|p1a: Carbink|def|2\n|\n|upkeep\n|turn|17\n|\n|t:|1781453339\n|move|p2a: Charizard|Swords Dance|p2a: Charizard\n|-boost|p2a: Charizard|atk|2\n|move|p1a: Carbink|Body Press|p2a: Charizard\n|-resisted|p2a: Charizard\n|-damage|p2a: Charizard|83/271\n|\n|upkeep\n|turn|18\n|\n|t:|1781453348\n|move|p2a: Charizard|Earthquake|p1a: Carbink\n|-supereffective|p1a: Carbink\n|-damage|p1a: Carbink|117/236\n|move|p1a: Carbink|Body Press|p2a: Charizard\n|-resisted|p2a: Charizard\n|-damage|p2a: Charizard|0 fnt\n|faint|p2a: Charizard\n|\n|upkeep\n|inactive|Thematics has 90 seconds left.\n|inactive|Thematics has 60 seconds left.\n|\n|t:|1781453411\n|switch|p2a: Zapdos|Zapdos, L78|107/268\n|turn|19\n|inactive|Thematics has 60 seconds left.\n|\n|t:|1781453417\n|move|p2a: Zapdos|Discharge|p1a: Carbink\n|-damage|p1a: Carbink|57/236\n|move|p1a: Carbink|Rest|p1a: Carbink\n|-status|p1a: Carbink|slp|[from] move: Rest\n|-heal|p1a: Carbink|236/236 slp|[silent]\n|-enditem|p1a: Carbink|Chesto Berry|[eat]\n|-curestatus|p1a: Carbink|slp|[msg]\n|\n|upkeep\n|turn|20\n|\n|t:|1781453427\n|move|p2a: Zapdos|Discharge|p1a: Carbink\n|-crit|p1a: Carbink\n|-damage|p1a: Carbink|148/236\n|-status|p1a: Carbink|par\n|move|p1a: Carbink|Body Press|p2a: Zapdos\n|-resisted|p2a: Zapdos\n|-damage|p2a: Zapdos|0 fnt\n|faint|p2a: Zapdos\n|\n|upkeep\n|inactive|Thematics has 60 seconds left.\n|\n|t:|1781453447\n|switch|p2a: Gogoat|Gogoat, L88, M|360/360\n|turn|21\n|\n|t:|1781453453\n|move|p2a: Gogoat|Bulk Up|p2a: Gogoat\n|-boost|p2a: Gogoat|atk|1\n|-boost|p2a: Gogoat|def|1\n|move|p1a: Carbink|Rest|p1a: Carbink\n|-status|p1a: Carbink|slp|[from] move: Rest\n|-heal|p1a: Carbink|236/236 slp|[silent]\n|\n|upkeep\n|turn|22\n|\n|t:|1781453461\n|move|p2a: Gogoat|Bulk Up|p2a: Gogoat\n|-boost|p2a: Gogoat|atk|1\n|-boost|p2a: Gogoat|def|1\n|cant|p1a: Carbink|slp\n|\n|upkeep\n|turn|23\n|\n|t:|1781453466\n|move|p2a: Gogoat|Bulk Up|p2a: Gogoat\n|-boost|p2a: Gogoat|atk|1\n|-boost|p2a: Gogoat|def|1\n|cant|p1a: Carbink|slp\n|\n|upkeep\n|turn|24\n|\n|t:|1781453486\n|move|p2a: Gogoat|Bulk Up|p2a: Gogoat\n|-boost|p2a: Gogoat|atk|1\n|-boost|p2a: Gogoat|def|1\n|-curestatus|p1a: Carbink|slp|[msg]\n|move|p1a: Carbink|Moonblast|p2a: Gogoat\n|-damage|p2a: Gogoat|287/360\n|\n|-heal|p2a: Gogoat|309/360|[from] item: Leftovers\n|upkeep\n|turn|25\n|\n|t:|1781453495\n|move|p2a: Gogoat|Bulk Up|p2a: Gogoat\n|-boost|p2a: Gogoat|atk|1\n|-boost|p2a: Gogoat|def|1\n|move|p1a: Carbink|Body Press|p2a: Gogoat\n|-damage|p2a: Gogoat|173/360\n|\n|-heal|p2a: Gogoat|195/360|[from] item: Leftovers\n|upkeep\n|turn|26\n|\n|t:|1781453516\n|move|p2a: Gogoat|Bulk Up|p2a: Gogoat\n|-boost|p2a: Gogoat|atk|1\n|-boost|p2a: Gogoat|def|1\n|move|p1a: Carbink|Body Press|p2a: Gogoat\n|-damage|p2a: Gogoat|83/360\n|\n|-heal|p2a: Gogoat|105/360|[from] item: Leftovers\n|upkeep\n|turn|27\n|\n|t:|1781453533\n|move|p2a: Gogoat|Horn Leech|p1a: Carbink\n|-supereffective|p1a: Carbink\n|-damage|p1a: Carbink|128/236\n|-heal|p2a: Gogoat|159/360|[from] drain|[of] p1a: Carbink\n|move|p1a: Carbink|Body Press|p2a: Gogoat\n|-damage|p2a: Gogoat|53/360\n|\n|-heal|p2a: Gogoat|75/360|[from] item: Leftovers\n|upkeep\n|turn|28\n|\n|t:|1781453542\n|move|p2a: Gogoat|Milk Drink|p2a: Gogoat\n|-heal|p2a: Gogoat|255/360\n|move|p1a: Carbink|Body Press|p2a: Gogoat\n|-damage|p2a: Gogoat|140/360\n|\n|-heal|p2a: Gogoat|162/360|[from] item: Leftovers\n|upkeep\n|turn|29\n|\n|t:|1781453550\n|-terastallize|p1a: Carbink|Fighting\n|move|p2a: Gogoat|Horn Leech|p1a: Carbink\n|-damage|p1a: Carbink|74/236\n|-heal|p2a: Gogoat|189/360|[from] drain|[of] p1a: Carbink\n|move|p1a: Carbink|Body Press|p2a: Gogoat\n|-damage|p2a: Gogoat|14/360\n|\n|-heal|p2a: Gogoat|36/360|[from] item: Leftovers\n|upkeep\n|turn|30\n|\n|t:|1781453565\n|move|p2a: Gogoat|Horn Leech|p1a: Carbink\n|-damage|p1a: Carbink|16/236\n|-heal|p2a: Gogoat|65/360|[from] drain|[of] p1a: Carbink\n|move|p1a: Carbink|Body Press|p2a: Gogoat\n|-damage|p2a: Gogoat|0 fnt\n|faint|p2a: Gogoat\n|\n|upkeep\n|\n|t:|1781453574\n|switch|p2a: Farigiraf|Farigiraf, L90, M|362/362\n|turn|31\n|\n|t:|1781453579\n|move|p2a: Farigiraf|Psychic Noise|p1a: Carbink\n|-supereffective|p1a: Carbink\n|-damage|p1a: Carbink|0 fnt\n|faint|p1a: Carbink\n|\n|upkeep\n|\n|t:|1781453588\n|switch|p1a: Pincurchin|Pincurchin, M|109/258\n|-damage|p1a: Pincurchin|77/258|[from] Stealth Rock\n|-fieldstart|move: Electric Terrain|[from] ability: Electric Surge|[of] p1a: Pincurchin\n|turn|32\n|\n|t:|1781453595\n|move|p2a: Farigiraf|Psychic Noise|p1a: Pincurchin\n|-damage|p1a: Pincurchin|0 fnt\n|faint|p1a: Pincurchin\n|\n|upkeep\n|\n|t:|1781453603\n|switch|p1a: Slowbro|Slowbro-Galar, L87, M|264/307\n|-damage|p1a: Slowbro|226/307|[from] Stealth Rock\n|turn|33\n|\n|t:|1781453622\n|move|p2a: Farigiraf|Wish|p2a: Farigiraf\n|move|p1a: Slowbro|Shell Side Arm|p2a: Farigiraf|[anim] Shell Side Arm Physical\n|-damage|p2a: Farigiraf|245/362\n|-hint|Physical Shell Side Arm\n|\n|-heal|p2a: Farigiraf|267/362|[from] item: Leftovers\n|upkeep\n|turn|34\n|\n|t:|1781453633\n|switch|p1a: Walking Wake|Walking Wake, L79|286/286\n|-damage|p1a: Walking Wake|251/286|[from] Stealth Rock\n|move|p2a: Farigiraf|Psychic Noise|p1a: Walking Wake\n|-crit|p1a: Walking Wake\n|-damage|p1a: Walking Wake|67/286\n|-start|p1a: Walking Wake|move: Heal Block\n|\n|-heal|p2a: Farigiraf|362/362|[from] move: Wish|[wisher] Farigiraf\n|upkeep\n|turn|35\n|inactive|Thematics has 90 seconds left.\n|\n|t:|1781453659\n|-end|p1a: Walking Wake|Protosynthesis|[silent]\n|switch|p1a: Walking Wake|Walking Wake, L79|235/235\n|-damage|p1a: Walking Wake|206/235|[from] Stealth Rock\n|move|p2a: Farigiraf|Wish|p2a: Farigiraf\n|\n|upkeep\n|turn|36\n|inactive|Thematics has 60 seconds left.\n|\n|t:|1781453711\n|-terastallize|p2a: Farigiraf|Water\n|move|p1a: Walking Wake|Dark Pulse|p2a: Farigiraf\n|-damage|p2a: Farigiraf|202/362\n|cant|p2a: Farigiraf|flinch\n|\n|-heal|p2a: Farigiraf|362/362|[from] move: Wish|[wisher] Farigiraf\n|-fieldend|move: Electric Terrain\n|upkeep\n|turn|37\n|\n|t:|1781453720\n|move|p1a: Walking Wake|Dark Pulse|p2a: Farigiraf\n|-damage|p2a: Farigiraf|202/362\n|move|p2a: Farigiraf|Body Slam|p1a: Walking Wake\n|-damage|p1a: Walking Wake|74/235\n|-status|p1a: Walking Wake|par\n|replace|p1a: Zoroark|Zoroark, L83, M\n|-end|p1a: Zoroark|Illusion\n|-hint|Illusion Level Mod is active, so this Pok\u00e9mon's true level was hidden.\n|\n|-heal|p2a: Farigiraf|224/362|[from] item: Leftovers\n|upkeep\n|turn|38\n|\n|t:|1781453734\n|move|p2a: Farigiraf|Body Slam|p1a: Zoroark\n|-damage|p1a: Zoroark|0 fnt\n|faint|p1a: Zoroark\n|\n|-heal|p2a: Farigiraf|246/362|[from] item: Leftovers\n|upkeep\n|\n|t:|1781453745\n|switch|p1a: Walking Wake|Walking Wake, L79|67/286\n|-damage|p1a: Walking Wake|32/286|[from] Stealth Rock\n|turn|39\n|\n|t:|1781453753\n|move|p2a: Farigiraf|Protect|p2a: Farigiraf\n|-singleturn|p2a: Farigiraf|Protect\n|move|p1a: Walking Wake|Draco Meteor|p2a: Farigiraf\n|-activate|p2a: Farigiraf|move: Protect\n|\n|-heal|p2a: Farigiraf|268/362|[from] item: Leftovers\n|upkeep\n|turn|40\n|inactive|Thematics has 60 seconds left.\n|\n|t:|1781453761\n|move|p1a: Walking Wake|Draco Meteor|p2a: Farigiraf\n|-damage|p2a: Farigiraf|56/362\n|-unboost|p1a: Walking Wake|spa|2\n|-damage|p1a: Walking Wake|4/286|[from] item: Life Orb\n|move|p2a: Farigiraf|Wish|p2a: Farigiraf\n|\n|-heal|p2a: Farigiraf|78/362|[from] item: Leftovers\n|upkeep\n|turn|41\n|\n|t:|1781453776\n|move|p2a: Farigiraf|Protect|p2a: Farigiraf\n|-singleturn|p2a: Farigiraf|Protect\n|move|p1a: Walking Wake|Sunny Day|p1a: Walking Wake\n|-weather|SunnyDay\n|-activate|p1a: Walking Wake|ability: Protosynthesis\n|-start|p1a: Walking Wake|protosynthesisspe\n|\n|-weather|SunnyDay|[upkeep]\n|-heal|p2a: Farigiraf|259/362|[from] move: Wish|[wisher] Farigiraf\n|-heal|p2a: Farigiraf|281/362|[from] item: Leftovers\n|upkeep\n|turn|42\n|inactive|Thematics has 60 seconds left.\n|\n|t:|1781453798\n|move|p1a: Walking Wake|Hydro Steam|p2a: Farigiraf\n|-resisted|p2a: Farigiraf\n|-damage|p2a: Farigiraf|228/362\n|-damage|p1a: Walking Wake|0 fnt|[from] item: Life Orb\n|faint|p1a: Walking Wake\n|-end|p1a: Walking Wake|Protosynthesis|[silent]\n|move|p2a: Farigiraf|Wish|p2a: Farigiraf\n|\n|-weather|SunnyDay|[upkeep]\n|-heal|p2a: Farigiraf|250/362|[from] item: Leftovers\n|upkeep\n|\n|t:|1781453807\n|switch|p1a: Slowbro|Slowbro-Galar, L87, M|307/307\n|-damage|p1a: Slowbro|269/307|[from] Stealth Rock\n|turn|43\n|\n|t:|1781453820\n|move|p2a: Farigiraf|Psychic Noise|p1a: Slowbro\n|-damage|p1a: Slowbro|154/307\n|-start|p1a: Slowbro|move: Heal Block\n|move|p1a: Slowbro|Shell Side Arm|p2a: Farigiraf|[anim] Shell Side Arm Special\n|-damage|p2a: Farigiraf|139/362\n|-hint|Special Shell Side Arm\n|\n|-weather|SunnyDay|[upkeep]\n|-heal|p2a: Farigiraf|320/362|[from] move: Wish|[wisher] Farigiraf\n|-heal|p2a: Farigiraf|342/362|[from] item: Leftovers\n|upkeep\n|turn|44\n|\n|t:|1781453831\n|move|p2a: Farigiraf|Wish|p2a: Farigiraf\n|move|p1a: Slowbro|Earthquake|p2a: Farigiraf\n|-damage|p2a: Farigiraf|261/362\n|\n|-weather|SunnyDay|[upkeep]\n|-heal|p2a: Farigiraf|283/362|[from] item: Leftovers\n|-end|p1a: Slowbro|move: Heal Block\n|upkeep\n|turn|45\n|\n|t:|1781453840\n|move|p2a: Farigiraf|Psychic Noise|p1a: Slowbro\n|-damage|p1a: Slowbro|34/307\n|-start|p1a: Slowbro|move: Heal Block\n|move|p1a: Slowbro|Shell Side Arm|p2a: Farigiraf|[anim] Shell Side Arm Special\n|-damage|p2a: Farigiraf|174/362\n|-hint|Special Shell Side Arm\n|\n|-weather|none\n|-heal|p2a: Farigiraf|355/362|[from] move: Wish|[wisher] Farigiraf\n|-heal|p2a: Farigiraf|362/362|[from] item: Leftovers\n|upkeep\n|turn|46\n|-message|LeonaDX forfeited.\n|\n|win|Thematics\n|raw|LeonaDX's rating: 1381 &rarr; <strong>1362</strong><br />(-19 for losing)\n|raw|Thematics's rating: 1397 &rarr; <strong>1416</strong><br />(+19 for winning)\n|l|\u2606LeonaDX\n|player|p1|\n|c|\u2606Thematics|ggwp\n", "inputlog": ">version a8376a258c1d4662feba110a92103f3664a72141\n>start {\"formatid\":\"gen9randombattle\",\"seed\":\"sodium,8a73b5b095cea9bc3b85b13dabc4c7dd\",\"rated\":\"Rated battle\"}\n>player p1 {\"name\":\"LeonaDX\",\"avatar\":\"candice\",\"rating\":1381,\"seed\":\"sodium,6440fb4e4c79b83acb5307233abfa81a\"}\n>player p2 {\"name\":\"Thematics\",\"avatar\":\"n\",\"rating\":1397,\"seed\":\"sodium,9f37df0bbf259a0dd331cddadb2da428\"}\n>p1 switch 5\n>p2 switch 3\n>p1 move shellsidearm\n>p2 move discharge\n>p1 move shellsidearm\n>p2 move uturn\n>p2 switch 5\n>p1 switch 5\n>p2 move stealthrock\n>p1 switch 3\n>p2 switch 3\n>p1 move liquidation\n>p2 switch 4\n>p1 move curse\n>p2 move earthquake\n>p1 move recover\n>p2 move gigadrain\n>p1 move zingzap\n>p2 move gigadrain\n>p1 switch 3\n>p2 move focusblast\n>p1 move dragondance\n>p2 move rockslide\n>p1 move dualwingbeat\n>p2 move rockslide\n>p2 switch 4\n>p1 move dualwingbeat\n>p2 move outrage\n>p1 switch 6\n>p1 move irondefense\n>p2 move outrage\n>p1 move irondefense\n>p2 move swordsdance\n>p1 move irondefense\n>p2 move swordsdance\n>p1 move bodypress\n>p2 move swordsdance\n>p1 move bodypress\n>p2 move earthquake\n>p2 switch 5\n>p1 move rest\n>p2 move discharge\n>p1 move bodypress\n>p2 move discharge\n>p2 switch 6\n>p1 move rest\n>p2 move bulkup\n>p1 move bodypress\n>p2 move bulkup\n>p1 move moonblast\n>p2 move bulkup\n>p1 move moonblast\n>p2 move bulkup\n>p1 move bodypress\n>p2 move bulkup\n>p1 move bodypress\n>p2 move bulkup\n>p1 move bodypress\n>p2 move hornleech\n>p1 move bodypress\n>p2 move milkdrink\n>p1 move bodypress terastallize\n>p2 move hornleech\n>p1 move bodypress\n>p2 move hornleech\n>p2 switch 2\n>p1 move bodypress\n>p2 move psychicnoise\n>p1 switch 3\n>p1 move recover\n>p2 move psychicnoise\n>p1 switch 5\n>p1 move shellsidearm\n>p2 move wish\n>p1 switch 2\n>p2 move psychicnoise\n>p1 switch 4\n>p2 move wish\n>p1 move darkpulse\n>p2 move bodyslam terastallize\n>p1 move darkpulse\n>p2 move bodyslam\n>p1 move darkpulse\n>p2 move bodyslam\n>p1 switch 4\n>p1 move dracometeor\n>p2 move protect\n>p1 move dracometeor\n>p2 move wish\n>p1 move sunnyday\n>p2 move protect\n>p1 move hydrosteam\n>p2 move wish\n>p1 switch 2\n>p1 move shellsidearm\n>p2 move psychicnoise\n>p1 move earthquake\n>p2 move wish\n>p1 move shellsidearm\n>p2 move psychicnoise\n>forcelose p1", "uploadtime": 1781453853, "views": 7, "formatid": "gen9randombattle", "rating": 1362, "private": 0, "password": null}