{"id": "gen9randombattle-2631862571", "format": "[Gen 9] Random Battle", "players": ["pagenfranskane", "Elpapi18"], "log": "|j|\u2606pagenfranskane\n|j|\u2606Elpapi18\n|t:|1781449414\n|gametype|singles\n|player|p1|pagenfranskane|battlegirl|2042\n|player|p2|Elpapi18|2|2045\n|gen|9\n|tier|[Gen 9] Random Battle\n|rated|\n|rule|Species Clause: Limit one of each Pok\u00e9mon\n|rule|HP Percentage Mod: HP is shown in percentages\n|rule|Sleep Clause Mod: Limit one foe put to sleep\n|rule|Illusion Level Mod: Illusion disguises the Pok\u00e9mon's true level\n|\n|t:|1781449414\n|teamsize|p1|6\n|teamsize|p2|6\n|start\n|switch|p1a: Tauros|Tauros-Paldea-Blaze, L81, M|252/252\n|switch|p2a: Slaking|Slaking, L84, M|389/389\n|turn|1\n|inactive|Battle timer is ON: inactive players will automatically lose when time's up. (requested by Elpapi18)\n|\n|t:|1781449436\n|switch|p2a: Masquerain|Masquerain, L87, M|264/264\n|-ability|p2a: Masquerain|Intimidate|boost\n|-unboost|p1a: Tauros|atk|1\n|move|p1a: Tauros|Bulk Up|p1a: Tauros\n|-boost|p1a: Tauros|atk|1\n|-boost|p1a: Tauros|def|1\n|\n|upkeep\n|turn|2\n|\n|t:|1781449450\n|switch|p2a: Girafarig|Girafarig, L89, F|269/269\n|move|p1a: Tauros|Substitute|p1a: Tauros\n|-start|p1a: Tauros|Substitute\n|-damage|p1a: Tauros|189/252\n|\n|upkeep\n|turn|3\n|\n|t:|1781449455\n|move|p1a: Tauros|Bulk Up|p1a: Tauros\n|-boost|p1a: Tauros|atk|1\n|-boost|p1a: Tauros|def|1\n|move|p2a: Girafarig|Psychic|p1a: Tauros\n|-supereffective|p1a: Tauros\n|-end|p1a: Tauros|Substitute\n|\n|upkeep\n|turn|4\n|\n|t:|1781449460\n|move|p1a: Tauros|Raging Bull|p2a: Girafarig\n|-damage|p2a: Girafarig|152/269\n|move|p2a: Girafarig|Psychic|p1a: Tauros\n|-supereffective|p1a: Tauros\n|-damage|p1a: Tauros|0 fnt\n|faint|p1a: Tauros\n|\n|upkeep\n|\n|t:|1781449464\n|switch|p1a: Clawitzer|Clawitzer, L87, F|265/265\n|turn|5\n|\n|t:|1781449467\n|move|p2a: Girafarig|Thunderbolt|p1a: Clawitzer\n|-supereffective|p1a: Clawitzer\n|-damage|p1a: Clawitzer|141/265\n|move|p1a: Clawitzer|U-turn|p2a: Girafarig\n|-supereffective|p2a: Girafarig\n|-damage|p2a: Girafarig|80/269\n|\n|t:|1781449470\n|switch|p1a: Raikou|Raikou, L81|278/278|[from] U-turn\n|-ability|p1a: Raikou|Pressure\n|\n|upkeep\n|turn|6\n|\n|t:|1781449481\n|move|p1a: Raikou|Calm Mind|p1a: Raikou\n|-boost|p1a: Raikou|spa|1\n|-boost|p1a: Raikou|spd|1\n|move|p2a: Girafarig|Psychic|p1a: Raikou\n|-damage|p1a: Raikou|212/278\n|\n|-heal|p1a: Raikou|229/278|[from] item: Leftovers\n|upkeep\n|turn|7\n|\n|t:|1781449491\n|switch|p2a: Iron Leaves|Iron Leaves, L80|275/275\n|move|p1a: Raikou|Thunderbolt|p2a: Iron Leaves\n|-resisted|p2a: Iron Leaves\n|-damage|p2a: Iron Leaves|209/275\n|\n|-heal|p1a: Raikou|246/278|[from] item: Leftovers\n|upkeep\n|turn|8\n|\n|t:|1781449494\n|move|p1a: Raikou|Scald|p2a: Iron Leaves\n|-resisted|p2a: Iron Leaves\n|-damage|p2a: Iron Leaves|171/275\n|move|p2a: Iron Leaves|Leaf Blade|p1a: Raikou\n|-crit|p1a: Raikou\n|-damage|p1a: Raikou|0 fnt\n|faint|p1a: Raikou\n|-damage|p2a: Iron Leaves|144/275|[from] item: Life Orb\n|\n|upkeep\n|\n|t:|1781449499\n|switch|p1a: Eiscue|Eiscue, L88, M|274/274\n|turn|9\n|\n|t:|1781449509\n|-end|p2a: Iron Leaves|Quark Drive|[silent]\n|switch|p2a: Girafarig|Girafarig, L89, F|80/269\n|move|p1a: Eiscue|Belly Drum|p1a: Eiscue\n|-damage|p1a: Eiscue|137/274\n|-setboost|p1a: Eiscue|atk|6|[from] move: Belly Drum\n|-enditem|p1a: Eiscue|Sitrus Berry|[eat]\n|-heal|p1a: Eiscue|205/274|[from] item: Sitrus Berry\n|\n|upkeep\n|turn|10\n|\n|t:|1781449512\n|move|p2a: Girafarig|Psychic|p1a: Eiscue\n|-damage|p1a: Eiscue|103/274\n|move|p1a: Eiscue|Ice Spinner|p2a: Girafarig\n|-damage|p2a: Girafarig|0 fnt\n|faint|p2a: Girafarig\n|\n|upkeep\n|\n|t:|1781449515\n|switch|p2a: Gengar|Gengar, L81, F|230/230\n|turn|11\n|\n|t:|1781449519\n|move|p2a: Gengar|Sludge Wave|p1a: Eiscue\n|-damage|p1a: Eiscue|0 fnt\n|faint|p1a: Eiscue\n|-damage|p2a: Gengar|207/230|[from] item: Life Orb\n|\n|upkeep\n|\n|t:|1781449523\n|switch|p1a: Zangoose|Zangoose, L85, F|263/263\n|turn|12\n|\n|t:|1781449532\n|move|p2a: Gengar|Sludge Wave|p1a: Zangoose\n|-damage|p1a: Zangoose|63/263\n|-damage|p2a: Gengar|184/230|[from] item: Life Orb\n|move|p1a: Zangoose|Knock Off|p2a: Gengar\n|-supereffective|p2a: Gengar\n|-damage|p2a: Gengar|0 fnt\n|-enditem|p2a: Gengar|Life Orb|[from] move: Knock Off|[of] p1a: Zangoose\n|faint|p2a: Gengar\n|\n|-status|p1a: Zangoose|tox|[from] item: Toxic Orb\n|upkeep\n|\n|t:|1781449536\n|switch|p2a: Iron Leaves|Iron Leaves, L80|144/275\n|turn|13\n|\n|t:|1781449538\n|move|p2a: Iron Leaves|Psyblade|p1a: Zangoose\n|-damage|p1a: Zangoose|0 fnt\n|faint|p1a: Zangoose\n|-damage|p2a: Iron Leaves|117/275|[from] item: Life Orb\n|\n|upkeep\n|\n|t:|1781449540\n|switch|p1a: Infernape|Infernape, L82, F|259/259\n|turn|14\n|\n|t:|1781449553\n|move|p1a: Infernape|Swords Dance|p1a: Infernape\n|-boost|p1a: Infernape|atk|2\n|move|p2a: Iron Leaves|Psyblade|p1a: Infernape\n|-supereffective|p1a: Infernape\n|-damage|p1a: Infernape|0 fnt\n|faint|p1a: Infernape\n|-damage|p2a: Iron Leaves|90/275|[from] item: Life Orb\n|\n|upkeep\n|-message|pagenfranskane forfeited.\n|\n|win|Elpapi18\n", "inputlog": ">version a8376a258c1d4662feba110a92103f3664a72141\n>start {\"formatid\":\"gen9randombattle\",\"seed\":\"sodium,c7d1cf95f07fe547a05540d08fef458a\",\"rated\":\"Rated battle\"}\n>player p1 {\"name\":\"pagenfranskane\",\"avatar\":\"battlegirl\",\"rating\":2042,\"seed\":\"sodium,9cca1a5fa9354a879fb24db7ffad331a\"}\n>player p2 {\"name\":\"Elpapi18\",\"avatar\":\"2\",\"rating\":2045,\"seed\":\"sodium,c3246c2086a62c941bc8e5b29345da8b\"}\n>p1 move bulkup\n>p2 switch 4\n>p1 move substitute\n>p2 switch 5\n>p1 move bulkup\n>p2 move psychic\n>p1 move ragingbull\n>p2 move psychic\n>p1 switch 5\n>p1 move uturn\n>p2 move thunderbolt\n>p1 switch 6\n>p1 move calmmind\n>p2 move psychic\n>p1 move thunderbolt\n>p2 switch 2\n>p1 move scald\n>p2 move leafblade\n>p1 switch 3\n>p1 move bellydrum\n>p2 switch 2\n>p1 move icespinner\n>p2 move psychic\n>p2 switch 3\n>p1 move icespinner\n>p2 move sludgewave\n>p1 switch 4\n>p1 move knockoff\n>p2 move sludgewave\n>p2 switch 2\n>p1 move knockoff\n>p2 move psyblade\n>p1 switch 2\n>p1 move swordsdance\n>p2 move psyblade\n>forcelose p1", "uploadtime": 1781449416, "views": 5, "formatid": "gen9randombattle", "rating": null, "private": 0, "password": null}