{"id": "gen9randombattle-2632008903", "format": "[Gen 9] Random Battle", "players": ["whisperwyrm", "Knayrus"], "log": "|j|\u2606whisperwyrm\n|j|\u2606Knayrus\n|t:|1781465461\n|gametype|singles\n|player|p1|whisperwyrm|265|2165\n|player|p2|Knayrus|drayden|2119\n|gen|9\n|tier|[Gen 9] Random Battle\n|rated|\n|rule|Species Clause: Limit one of each Pok\u00e9mon\n|rule|HP Percentage Mod: HP is shown in percentages\n|rule|Sleep Clause Mod: Limit one foe put to sleep\n|rule|Illusion Level Mod: Illusion disguises the Pok\u00e9mon's true level\n|\n|t:|1781465461\n|teamsize|p1|6\n|teamsize|p2|6\n|start\n|switch|p1a: Gogoat|Gogoat, L88, F|360/360\n|switch|p2a: Kingdra|Kingdra, L84, M|263/263\n|turn|1\n|inactive|Battle timer is ON: inactive players will automatically lose when time's up. (requested by whisperwyrm)\n|\n|t:|1781465478\n|switch|p2a: Weezing|Weezing, L88, M|258/258\n|move|p1a: Gogoat|Bulk Up|p1a: Gogoat\n|-boost|p1a: Gogoat|atk|1\n|-boost|p1a: Gogoat|def|1\n|\n|upkeep\n|turn|2\n|\n|t:|1781465484\n|switch|p1a: Gothitelle|Gothitelle, L90, M|272/272\n|move|p2a: Weezing|Toxic Spikes|p1a: Gothitelle\n|-sidestart|p1: whisperwyrm|move: Toxic Spikes\n|\n|upkeep\n|turn|3\n|\n|t:|1781465494\n|move|p1a: Gothitelle|Psychic|p2a: Weezing\n|-supereffective|p2a: Weezing\n|-damage|p2a: Weezing|18/258\n|move|p2a: Weezing|Pain Split|p1a: Gothitelle\n|-sethp|p1a: Gothitelle|145/272|[from] move: Pain Split|[silent]\n|-sethp|p2a: Weezing|145/258|[from] move: Pain Split\n|\n|-heal|p2a: Weezing|161/258|[from] item: Leftovers\n|upkeep\n|turn|4\n|\n|t:|1781465505\n|move|p1a: Gothitelle|Psychic|p2a: Weezing\n|-supereffective|p2a: Weezing\n|-damage|p2a: Weezing|0 fnt\n|faint|p2a: Weezing\n|\n|upkeep\n|\n|t:|1781465509\n|switch|p2a: Latias|Latias, L79, F|256/256\n|turn|5\n|\n|t:|1781465514\n|switch|p1a: Komala|Komala, L88, F|258/258\n|-ability|p1a: Komala|Comatose\n|move|p2a: Latias|Calm Mind|p2a: Latias\n|-boost|p2a: Latias|spa|1\n|-boost|p2a: Latias|spd|1\n|\n|upkeep\n|turn|6\n|\n|t:|1781465523\n|move|p2a: Latias|Psyshock|p1a: Komala\n|-damage|p1a: Komala|77/258\n|move|p1a: Komala|Rapid Spin|p2a: Latias\n|-damage|p2a: Latias|183/256\n|-boost|p1a: Komala|spe|1\n|-sideend|p1: whisperwyrm|Toxic Spikes|[from] move: Rapid Spin|[of] p1a: Komala\n|\n|upkeep\n|turn|7\n|\n|t:|1781465534\n|switch|p2a: Ribombee|Ribombee, L83, M|235/235\n|move|p1a: Komala|Knock Off|p2a: Ribombee\n|-resisted|p2a: Ribombee\n|-damage|p2a: Ribombee|180/235\n|-enditem|p2a: Ribombee|Heavy-Duty Boots|[from] move: Knock Off|[of] p1a: Komala\n|\n|upkeep\n|turn|8\n|\n|t:|1781465544\n|move|p2a: Ribombee|Quiver Dance|p2a: Ribombee\n|-boost|p2a: Ribombee|spa|1\n|-boost|p2a: Ribombee|spd|1\n|-boost|p2a: Ribombee|spe|1\n|move|p1a: Komala|Rapid Spin|p2a: Ribombee\n|-damage|p2a: Ribombee|87/235\n|-boost|p1a: Komala|spe|1\n|\n|upkeep\n|turn|9\n|\n|t:|1781465553\n|move|p2a: Ribombee|Moonblast|p1a: Komala\n|-damage|p1a: Komala|0 fnt\n|faint|p1a: Komala\n|\n|upkeep\n|\n|t:|1781465560\n|switch|p1a: Porygon2|Porygon2, L81|270/270\n|-ability|p1a: Porygon2|Download|boost\n|-boost|p1a: Porygon2|atk|1\n|turn|10\n|\n|t:|1781465571\n|move|p2a: Ribombee|Quiver Dance|p2a: Ribombee\n|-boost|p2a: Ribombee|spa|1\n|-boost|p2a: Ribombee|spd|1\n|-boost|p2a: Ribombee|spe|1\n|move|p1a: Porygon2|Tri Attack|p2a: Ribombee\n|-damage|p2a: Ribombee|35/235\n|\n|upkeep\n|turn|11\n|\n|t:|1781465579\n|move|p2a: Ribombee|Moonblast|p1a: Porygon2\n|-crit|p1a: Porygon2\n|-damage|p1a: Porygon2|71/270\n|move|p1a: Porygon2|Tri Attack|p2a: Ribombee\n|-damage|p2a: Ribombee|0 fnt\n|faint|p2a: Ribombee\n|\n|upkeep\n|\n|t:|1781465589\n|switch|p2a: Latias|Latias, L79, F|183/256\n|turn|12\n|\n|t:|1781465596\n|switch|p1a: Gothitelle|Gothitelle, L90, M|145/272\n|move|p2a: Latias|Draco Meteor|p1a: Gothitelle|[miss]\n|-miss|p2a: Latias|p1a: Gothitelle\n|\n|upkeep\n|turn|13\n|\n|t:|1781465605\n|move|p1a: Gothitelle|Dark Pulse|p2a: Latias\n|-supereffective|p2a: Latias\n|-damage|p2a: Latias|81/256\n|cant|p2a: Latias|flinch\n|\n|upkeep\n|turn|14\n|\n|t:|1781465611\n|-terastallize|p2a: Latias|Steel\n|move|p1a: Gothitelle|Dark Pulse|p2a: Latias\n|-damage|p2a: Latias|30/256\n|move|p2a: Latias|Recover|p2a: Latias\n|-heal|p2a: Latias|158/256\n|\n|upkeep\n|turn|15\n|\n|t:|1781465620\n|switch|p1a: Mewtwo|Mewtwo, L72|272/272\n|-ability|p1a: Mewtwo|Pressure\n|move|p2a: Latias|Calm Mind|p2a: Latias\n|-boost|p2a: Latias|spa|1\n|-boost|p2a: Latias|spd|1\n|\n|upkeep\n|turn|16\n|\n|t:|1781465627\n|move|p1a: Mewtwo|Nasty Plot|p1a: Mewtwo\n|-boost|p1a: Mewtwo|spa|2\n|move|p2a: Latias|Draco Meteor|p1a: Mewtwo\n|-damage|p1a: Mewtwo|0 fnt\n|-unboost|p2a: Latias|spa|2\n|faint|p1a: Mewtwo\n|\n|upkeep\n|\n|t:|1781465632\n|switch|p1a: Gothitelle|Gothitelle, L90, M|145/272\n|turn|17\n|\n|t:|1781465637\n|move|p1a: Gothitelle|Trick|p2a: Latias\n|-activate|p1a: Gothitelle|move: Trick|[of] p2a: Latias\n|-item|p2a: Latias|Choice Scarf|[from] move: Trick\n|-item|p1a: Gothitelle|Soul Dew|[from] move: Trick\n|move|p2a: Latias|Psyshock|p1a: Gothitelle\n|-resisted|p1a: Gothitelle\n|-damage|p1a: Gothitelle|122/272\n|\n|upkeep\n|turn|18\n|\n|t:|1781465644\n|move|p2a: Latias|Psyshock|p1a: Gothitelle\n|-resisted|p1a: Gothitelle\n|-damage|p1a: Gothitelle|97/272\n|move|p1a: Gothitelle|Focus Blast|p2a: Latias\n|-supereffective|p2a: Latias\n|-crit|p2a: Latias\n|-damage|p2a: Latias|0 fnt\n|faint|p2a: Latias\n|\n|upkeep\n|\n|t:|1781465660\n|switch|p2a: Kingdra|Kingdra, L84, M|263/263\n|turn|19\n|\n|t:|1781465663\n|switch|p1a: Gogoat|Gogoat, L88, F|360/360\n|move|p2a: Kingdra|Dragon Dance|p2a: Kingdra\n|-boost|p2a: Kingdra|atk|1\n|-boost|p2a: Kingdra|spe|1\n|\n|upkeep\n|turn|20\n|\n|t:|1781465670\n|switch|p2a: Dunsparce|Dunsparce, L86, M|312/312\n|move|p1a: Gogoat|Bulk Up|p1a: Gogoat\n|-boost|p1a: Gogoat|atk|1\n|-boost|p1a: Gogoat|def|1\n|\n|upkeep\n|turn|21\n|\n|t:|1781465674\n|move|p1a: Gogoat|Bulk Up|p1a: Gogoat\n|-boost|p1a: Gogoat|atk|1\n|-boost|p1a: Gogoat|def|1\n|move|p2a: Dunsparce|Coil|p2a: Dunsparce\n|-boost|p2a: Dunsparce|atk|1\n|-boost|p2a: Dunsparce|def|1\n|-boost|p2a: Dunsparce|accuracy|1\n|\n|upkeep\n|turn|22\n|\n|t:|1781465677\n|move|p1a: Gogoat|Bulk Up|p1a: Gogoat\n|-boost|p1a: Gogoat|atk|1\n|-boost|p1a: Gogoat|def|1\n|move|p2a: Dunsparce|Coil|p2a: Dunsparce\n|-boost|p2a: Dunsparce|atk|1\n|-boost|p2a: Dunsparce|def|1\n|-boost|p2a: Dunsparce|accuracy|1\n|\n|upkeep\n|turn|23\n|\n|t:|1781465678\n|move|p1a: Gogoat|Bulk Up|p1a: Gogoat\n|-boost|p1a: Gogoat|atk|1\n|-boost|p1a: Gogoat|def|1\n|move|p2a: Dunsparce|Body Slam|p1a: Gogoat\n|-damage|p1a: Gogoat|294/360\n|-status|p1a: Gogoat|par\n|\n|-heal|p1a: Gogoat|316/360 par|[from] item: Leftovers\n|upkeep\n|turn|24\n|\n|t:|1781465681\n|move|p2a: Dunsparce|Coil|p2a: Dunsparce\n|-boost|p2a: Dunsparce|atk|1\n|-boost|p2a: Dunsparce|def|1\n|-boost|p2a: Dunsparce|accuracy|1\n|cant|p1a: Gogoat|par\n|\n|-heal|p1a: Gogoat|338/360 par|[from] item: Leftovers\n|upkeep\n|turn|25\n|\n|t:|1781465683\n|move|p2a: Dunsparce|Coil|p2a: Dunsparce\n|-boost|p2a: Dunsparce|atk|1\n|-boost|p2a: Dunsparce|def|1\n|-boost|p2a: Dunsparce|accuracy|1\n|cant|p1a: Gogoat|par\n|\n|-heal|p1a: Gogoat|360/360 par|[from] item: Leftovers\n|upkeep\n|turn|26\n|\n|t:|1781465686\n|move|p2a: Dunsparce|Coil|p2a: Dunsparce\n|-boost|p2a: Dunsparce|atk|1\n|-boost|p2a: Dunsparce|def|1\n|-boost|p2a: Dunsparce|accuracy|1\n|move|p1a: Gogoat|Bulk Up|p1a: Gogoat\n|-boost|p1a: Gogoat|atk|1\n|-boost|p1a: Gogoat|def|1\n|\n|upkeep\n|turn|27\n|\n|t:|1781465688\n|move|p2a: Dunsparce|Coil|p2a: Dunsparce\n|-boost|p2a: Dunsparce|atk|1\n|-boost|p2a: Dunsparce|def|1\n|-boost|p2a: Dunsparce|accuracy|1\n|move|p1a: Gogoat|Bulk Up|p1a: Gogoat\n|-boost|p1a: Gogoat|atk|1\n|-boost|p1a: Gogoat|def|1\n|\n|upkeep\n|turn|28\n|\n|t:|1781465693\n|move|p2a: Dunsparce|Body Slam|p1a: Gogoat\n|-damage|p1a: Gogoat|267/360 par\n|cant|p1a: Gogoat|par\n|\n|-heal|p1a: Gogoat|289/360 par|[from] item: Leftovers\n|upkeep\n|turn|29\n|\n|t:|1781465697\n|move|p2a: Dunsparce|Body Slam|p1a: Gogoat\n|-damage|p1a: Gogoat|192/360 par\n|move|p1a: Gogoat|Horn Leech|p2a: Dunsparce\n|-damage|p2a: Dunsparce|243/312\n|-heal|p1a: Gogoat|227/360 par|[from] drain|[of] p2a: Dunsparce\n|\n|-heal|p1a: Gogoat|249/360 par|[from] item: Leftovers\n|upkeep\n|turn|30\n|\n|t:|1781465703\n|move|p2a: Dunsparce|Body Slam|p1a: Gogoat\n|-damage|p1a: Gogoat|156/360 par\n|cant|p1a: Gogoat|par\n|\n|-heal|p1a: Gogoat|178/360 par|[from] item: Leftovers\n|upkeep\n|turn|31\n|\n|t:|1781465707\n|move|p2a: Dunsparce|Body Slam|p1a: Gogoat\n|-damage|p1a: Gogoat|85/360 par\n|cant|p1a: Gogoat|par\n|\n|-heal|p1a: Gogoat|107/360 par|[from] item: Leftovers\n|upkeep\n|turn|32\n|\n|t:|1781465711\n|move|p2a: Dunsparce|Body Slam|p1a: Gogoat\n|-damage|p1a: Gogoat|17/360 par\n|move|p1a: Gogoat|Milk Drink|p1a: Gogoat\n|-heal|p1a: Gogoat|197/360 par\n|\n|-heal|p1a: Gogoat|219/360 par|[from] item: Leftovers\n|upkeep\n|turn|33\n|\n|t:|1781465715\n|move|p2a: Dunsparce|Body Slam|p1a: Gogoat\n|-damage|p1a: Gogoat|128/360 par\n|move|p1a: Gogoat|Milk Drink|p1a: Gogoat\n|-heal|p1a: Gogoat|308/360 par\n|\n|-heal|p1a: Gogoat|330/360 par|[from] item: Leftovers\n|upkeep\n|turn|34\n|\n|t:|1781465719\n|move|p2a: Dunsparce|Body Slam|p1a: Gogoat\n|-damage|p1a: Gogoat|234/360 par\n|cant|p1a: Gogoat|par\n|\n|-heal|p1a: Gogoat|256/360 par|[from] item: Leftovers\n|upkeep\n|turn|35\n|\n|t:|1781465723\n|move|p2a: Dunsparce|Body Slam|p1a: Gogoat\n|-damage|p1a: Gogoat|159/360 par\n|move|p1a: Gogoat|Horn Leech|p2a: Dunsparce\n|-damage|p2a: Dunsparce|176/312\n|-heal|p1a: Gogoat|193/360 par|[from] drain|[of] p2a: Dunsparce\n|\n|-heal|p1a: Gogoat|215/360 par|[from] item: Leftovers\n|upkeep\n|turn|36\n|\n|t:|1781465728\n|move|p2a: Dunsparce|Body Slam|p1a: Gogoat\n|-damage|p1a: Gogoat|124/360 par\n|move|p1a: Gogoat|Horn Leech|p2a: Dunsparce\n|-damage|p2a: Dunsparce|100/312\n|-heal|p1a: Gogoat|162/360 par|[from] drain|[of] p2a: Dunsparce\n|\n|-heal|p1a: Gogoat|184/360 par|[from] item: Leftovers\n|upkeep\n|turn|37\n|\n|t:|1781465733\n|move|p2a: Dunsparce|Body Slam|p1a: Gogoat\n|-damage|p1a: Gogoat|84/360 par\n|move|p1a: Gogoat|Horn Leech|p2a: Dunsparce\n|-damage|p2a: Dunsparce|33/312\n|-heal|p1a: Gogoat|118/360 par|[from] drain|[of] p2a: Dunsparce\n|\n|-heal|p1a: Gogoat|140/360 par|[from] item: Leftovers\n|upkeep\n|turn|38\n|\n|t:|1781465738\n|move|p2a: Dunsparce|Coil|p2a: Dunsparce\n|-boost|p2a: Dunsparce|atk|0\n|-boost|p2a: Dunsparce|def|0\n|-boost|p2a: Dunsparce|accuracy|0\n|move|p1a: Gogoat|Horn Leech|p2a: Dunsparce\n|-damage|p2a: Dunsparce|0 fnt\n|-heal|p1a: Gogoat|157/360 par|[from] drain|[of] p2a: Dunsparce\n|faint|p2a: Dunsparce\n|\n|-heal|p1a: Gogoat|179/360 par|[from] item: Leftovers\n|upkeep\n|-message|Knayrus forfeited.\n|\n|win|whisperwyrm\n", "inputlog": ">version a8376a258c1d4662feba110a92103f3664a72141\n>start {\"formatid\":\"gen9randombattle\",\"seed\":\"sodium,381eaac8bebc107d427dca67c0ad02f8\",\"rated\":\"Rated battle\"}\n>player p1 {\"name\":\"whisperwyrm\",\"avatar\":\"265\",\"rating\":2165,\"seed\":\"sodium,cc9c6d38c22f106e852a15ade8e9c796\"}\n>player p2 {\"name\":\"Knayrus\",\"avatar\":\"drayden\",\"rating\":2119,\"seed\":\"sodium,7634e701ab89dd030799189735a2591e\"}\n>p1 move bulkup\n>p2 switch 6\n>p1 switch 6\n>p2 move toxicspikes\n>p1 move psychic\n>p2 move painsplit\n>p1 move psychic\n>p2 move toxicspikes\n>p2 switch 4\n>p1 switch 3\n>p2 move calmmind\n>p1 move rapidspin\n>p2 move psyshock\n>p1 move knockoff\n>p2 switch 5\n>p1 move rapidspin\n>p2 move quiverdance\n>p1 move bodyslam\n>p2 move moonblast\n>p1 switch 2\n>p1 move triattack\n>p2 move quiverdance\n>p1 move triattack\n>p2 move moonblast\n>p2 switch 5\n>p1 switch 3\n>p2 move dracometeor\n>p1 move darkpulse\n>p2 move psyshock\n>p1 move darkpulse\n>p2 move recover terastallize\n>p1 switch 5\n>p2 move calmmind\n>p1 move nastyplot\n>p2 move dracometeor\n>p1 switch 5\n>p1 move trick\n>p2 move psyshock\n>p1 move focusblast\n>p2 move psyshock\n>p2 switch 6\n>p1 switch 6\n>p2 move dragondance\n>p1 move bulkup\n>p2 switch 2\n>p1 move bulkup\n>p2 move coil\n>p1 move bulkup\n>p2 move coil\n>p1 move bulkup\n>p2 move bodyslam\n>p1 move bulkup\n>p2 move coil\n>p1 move bulkup\n>p2 move coil\n>p1 move bulkup\n>p2 move coil\n>p1 move bulkup\n>p2 move coil\n>p1 move hornleech\n>p2 move bodyslam\n>p1 move hornleech\n>p2 move bodyslam\n>p1 move hornleech\n>p2 move bodyslam\n>p1 move milkdrink\n>p2 move bodyslam\n>p1 move milkdrink\n>p2 move bodyslam\n>p1 move milkdrink\n>p2 move bodyslam\n>p1 move hornleech\n>p2 move bodyslam\n>p1 move hornleech\n>p2 move bodyslam\n>p1 move hornleech\n>p2 move bodyslam\n>p1 move hornleech\n>p2 move bodyslam\n>p1 move hornleech\n>p2 move coil\n>forcelose p2", "uploadtime": 1781465463, "views": 7, "formatid": "gen9randombattle", "rating": null, "private": 0, "password": null}