{"id": "gen9randombattle-2631963585", "format": "[Gen 9] Random Battle", "players": ["OshModi", "kytfvb2"], "log": "|j|\u2606OshModi\n|j|\u2606kytfvb2\n|t:|1781460478\n|gametype|singles\n|player|p1|OshModi|hilbert|2002\n|player|p2|kytfvb2|shadowtriad|1932\n|gen|9\n|tier|[Gen 9] Random Battle\n|rated|\n|rule|Species Clause: Limit one of each Pok\u00e9mon\n|rule|HP Percentage Mod: HP is shown in percentages\n|rule|Sleep Clause Mod: Limit one foe put to sleep\n|rule|Illusion Level Mod: Illusion disguises the Pok\u00e9mon's true level\n|\n|t:|1781460478\n|teamsize|p1|6\n|teamsize|p2|6\n|start\n|switch|p1a: Raichu|Raichu-Alola, L87, F|246/246\n|switch|p2a: Kilowattrel|Kilowattrel, L83, M|252/252\n|turn|1\n|inactive|Battle timer is ON: inactive players will automatically lose when time's up. (requested by OshModi)\n|\n|t:|1781460499\n|move|p2a: Kilowattrel|U-turn|p1a: Raichu\n|-supereffective|p1a: Raichu\n|-damage|p1a: Raichu|130/246\n|\n|t:|1781460505\n|switch|p2a: Necrozma|Necrozma-Dawn-Wings, L76|272/272|[from] U-turn\n|move|p1a: Raichu|Psyshock|p2a: Necrozma\n|-resisted|p2a: Necrozma\n|-damage|p2a: Necrozma|217/272\n|-damage|p1a: Raichu|106/246|[from] item: Life Orb\n|\n|upkeep\n|turn|2\n|\n|t:|1781460516\n|switch|p1a: Meowscarada|Meowscarada, L78, F|247/247\n|move|p2a: Necrozma|Dragon Dance|p2a: Necrozma\n|-boost|p2a: Necrozma|atk|1\n|-boost|p2a: Necrozma|spe|1\n|\n|upkeep\n|turn|3\n|\n|t:|1781460521\n|move|p2a: Necrozma|Brick Break|p1a: Meowscarada\n|-supereffective|p1a: Meowscarada\n|-crit|p1a: Meowscarada\n|-damage|p1a: Meowscarada|0 fnt\n|faint|p1a: Meowscarada\n|-damage|p2a: Necrozma|190/272|[from] item: Life Orb\n|\n|upkeep\n|\n|t:|1781460540\n|switch|p1a: Barraskewda|Barraskewda, L81, F|231/231\n|turn|4\n|\n|t:|1781460546\n|switch|p2a: Milotic|Milotic, L83, M|293/293\n|move|p1a: Barraskewda|Flip Turn|p2a: Milotic\n|-resisted|p2a: Milotic\n|-damage|p2a: Milotic|234/293\n|\n|t:|1781460551\n|switch|p1a: Raichu|Raichu-Alola, L87, F|106/246|[from] Flip Turn\n|\n|-heal|p2a: Milotic|252/293|[from] item: Leftovers\n|upkeep\n|turn|5\n|\n|t:|1781460557\n|switch|p2a: Kilowattrel|Kilowattrel, L83, M|252/252\n|move|p1a: Raichu|Psyshock|p2a: Kilowattrel\n|-damage|p2a: Kilowattrel|87/252\n|-damage|p1a: Raichu|82/246|[from] item: Life Orb\n|\n|upkeep\n|turn|6\n|\n|t:|1781460561\n|switch|p1a: Mamoswine|Mamoswine, L81, M|311/311\n|move|p2a: Kilowattrel|Roost|p2a: Kilowattrel\n|-heal|p2a: Kilowattrel|213/252\n|-singleturn|p2a: Kilowattrel|move: Roost\n|\n|upkeep\n|turn|7\n|\n|t:|1781460569\n|move|p2a: Kilowattrel|U-turn|p1a: Mamoswine\n|-damage|p1a: Mamoswine|270/311\n|\n|t:|1781460571\n|switch|p2a: Scizor|Scizor, L79, F|240/240|[from] U-turn\n|move|p1a: Mamoswine|Stealth Rock|p2a: Scizor\n|-sidestart|p2: kytfvb2|move: Stealth Rock\n|\n|upkeep\n|turn|8\n|\n|t:|1781460587\n|switch|p1a: Slowbro|Slowbro, L85, F|300/300\n|move|p2a: Scizor|Knock Off|p1a: Slowbro\n|-supereffective|p1a: Slowbro\n|-damage|p1a: Slowbro|114/300\n|-enditem|p1a: Slowbro|Assault Vest|[from] move: Knock Off|[of] p2a: Scizor\n|\n|upkeep\n|turn|9\n|\n|t:|1781460606\n|move|p2a: Scizor|Knock Off|p1a: Slowbro\n|-supereffective|p1a: Slowbro\n|-damage|p1a: Slowbro|0 fnt\n|faint|p1a: Slowbro\n|\n|upkeep\n|-message|OshModi forfeited.\n|\n|win|kytfvb2\n", "uploadtime": 1781460480, "views": 4, "formatid": "gen9randombattle", "rating": null, "private": 0, "password": null}