{"id": "gen9randombattle-2631810148", "format": "[Gen 9] Random Battle", "players": ["Benbougami", "yajojo_420"], "log": "|j|\u2606Benbougami\n|j|\u2606yajojo_420\n|t:|1781442941\n|gametype|singles\n|player|p1|Benbougami|roughneck|1571\n|player|p2|yajojo_420|170|1613\n|gen|9\n|tier|[Gen 9] Random Battle\n|rated|\n|rule|Species Clause: Limit one of each Pok\u00e9mon\n|rule|HP Percentage Mod: HP is shown in percentages\n|rule|Sleep Clause Mod: Limit one foe put to sleep\n|rule|Illusion Level Mod: Illusion disguises the Pok\u00e9mon's true level\n|\n|t:|1781442941\n|teamsize|p1|6\n|teamsize|p2|6\n|start\n|switch|p1a: Gouging Fire|Gouging Fire, L74|277/277\n|switch|p2a: Gurdurr|Gurdurr, L85, M|283/283\n|turn|1\n|inactive|Battle timer is ON: inactive players will automatically lose when time's up. (requested by Benbougami)\n|inactive|Benbougami has 120 seconds left.\n|\n|t:|1781442983\n|-end|p1a: Gouging Fire|Protosynthesis|[silent]\n|switch|p1a: Clodsire|Clodsire, L81, M|343/343\n|move|p2a: Gurdurr|Bulk Up|p2a: Gurdurr\n|-boost|p2a: Gurdurr|atk|1\n|-boost|p2a: Gurdurr|def|1\n|\n|upkeep\n|turn|2\n|inactive|yajojo_420 has 120 seconds left.\n|\n|t:|1781443015\n|switch|p2a: Sunflora|Sunflora, F|312/312\n|move|p1a: Clodsire|Curse|p1a: Clodsire\n|-unboost|p1a: Clodsire|spe|1\n|-boost|p1a: Clodsire|atk|1\n|-boost|p1a: Clodsire|def|1\n|\n|upkeep\n|turn|3\n|\n|t:|1781443025\n|switch|p1a: Hydreigon|Hydreigon, L79, F|275/275\n|move|p2a: Sunflora|Earth Power|p1a: Hydreigon\n|-immune|p1a: Hydreigon|[from] ability: Levitate\n|\n|upkeep\n|turn|4\n|\n|t:|1781443042\n|switch|p2a: Gurdurr|Gurdurr, L85, M|283/283\n|move|p1a: Hydreigon|Draco Meteor|p2a: Gurdurr|[miss]\n|-miss|p1a: Hydreigon|p2a: Gurdurr\n|\n|upkeep\n|turn|5\n|\n|t:|1781443054\n|move|p1a: Hydreigon|Draco Meteor|p2a: Gurdurr\n|-damage|p2a: Gurdurr|79/283\n|-unboost|p1a: Hydreigon|spa|2\n|move|p2a: Gurdurr|Knock Off|p1a: Hydreigon\n|-resisted|p1a: Hydreigon\n|-damage|p1a: Hydreigon|237/275\n|-enditem|p1a: Hydreigon|Choice Specs|[from] move: Knock Off|[of] p2a: Gurdurr\n|\n|upkeep\n|turn|6\n|\n|t:|1781443066\n|move|p1a: Hydreigon|Draco Meteor|p2a: Gurdurr\n|-damage|p2a: Gurdurr|9/283\n|-unboost|p1a: Hydreigon|spa|2\n|move|p2a: Gurdurr|Drain Punch|p1a: Hydreigon\n|-supereffective|p1a: Hydreigon\n|-damage|p1a: Hydreigon|57/275\n|-heal|p2a: Gurdurr|99/283|[from] drain|[of] p1a: Hydreigon\n|\n|upkeep\n|turn|7\n|\n|t:|1781443070\n|move|p2a: Gurdurr|Mach Punch|p1a: Hydreigon\n|-supereffective|p1a: Hydreigon\n|-damage|p1a: Hydreigon|0 fnt\n|faint|p1a: Hydreigon\n|\n|upkeep\n|\n|t:|1781443080\n|switch|p1a: Basculegion|Basculegion-F, L83, F|335/335\n|turn|8\n|\n|t:|1781443087\n|switch|p2a: Illumise|Illumise, L91, F|266/266\n|move|p1a: Basculegion|Shadow Ball|p2a: Illumise\n|-damage|p2a: Illumise|158/266\n|\n|upkeep\n|turn|9\n|\n|t:|1781443101\n|switch|p1a: Clodsire|Clodsire, L81, M|343/343\n|move|p2a: Illumise|Thunder Wave|p1a: Clodsire\n|-immune|p1a: Clodsire\n|\n|upkeep\n|turn|10\n|\n|t:|1781443107\n|switch|p2a: Bronzong|Bronzong, L88|261/261\n|move|p1a: Clodsire|Poison Jab|p2a: Bronzong\n|-immune|p2a: Bronzong\n|\n|upkeep\n|turn|11\n|\n|t:|1781443118\n|switch|p2a: Sunflora|Sunflora, F|312/312\n|switch|p1a: Gouging Fire|Gouging Fire, L74|277/277\n|\n|upkeep\n|turn|12\n|\n|t:|1781443126\n|-end|p1a: Gouging Fire|Protosynthesis|[silent]\n|switch|p1a: Tsareena|Tsareena, L87, F|267/267\n|-terastallize|p2a: Sunflora|Ground\n|move|p2a: Sunflora|Earth Power|p1a: Tsareena\n|-resisted|p1a: Tsareena\n|-damage|p1a: Tsareena|173/267\n|\n|upkeep\n|turn|13\n|\n|t:|1781443136\n|switch|p2a: Illumise|Illumise, L91, F|158/266\n|move|p1a: Tsareena|Knock Off|p2a: Illumise\n|-damage|p2a: Illumise|38/266\n|-enditem|p2a: Illumise|Heavy-Duty Boots|[from] move: Knock Off|[of] p1a: Tsareena\n|-damage|p1a: Tsareena|147/267|[from] item: Life Orb\n|\n|upkeep\n|turn|14\n|\n|t:|1781443152\n|switch|p1a: Clodsire|Clodsire, L81, M|343/343\n|move|p2a: Illumise|Roost|p2a: Illumise\n|-heal|p2a: Illumise|171/266\n|-singleturn|p2a: Illumise|move: Roost\n|\n|upkeep\n|turn|15\n|\n|t:|1781443159\n|switch|p2a: Bronzong|Bronzong, L88|261/261\n|switch|p1a: Bisharp|Bisharp, L79, F|232/232\n|\n|upkeep\n|turn|16\n|\n|t:|1781443170\n|move|p1a: Bisharp|Stealth Rock|p2a: Bronzong\n|-sidestart|p2: yajojo_420|move: Stealth Rock\n|move|p2a: Bronzong|Body Press|p1a: Bisharp\n|-supereffective|p1a: Bisharp\n|-damage|p1a: Bisharp|52/232\n|\n|upkeep\n|turn|17\n|\n|t:|1781443179\n|switch|p1a: Basculegion|Basculegion-F, L83, F|335/335\n|move|p2a: Bronzong|Body Press|p1a: Basculegion\n|-immune|p1a: Basculegion\n|\n|upkeep\n|turn|18\n|\n|t:|1781443185\n|switch|p2a: Illumise|Illumise, L91, F|171/266\n|-damage|p2a: Illumise|105/266|[from] Stealth Rock\n|move|p1a: Basculegion|Shadow Ball|p2a: Illumise\n|-damage|p2a: Illumise|0 fnt\n|faint|p2a: Illumise\n|\n|upkeep\n|\n|t:|1781443189\n|switch|p2a: Sunflora|Sunflora, F, tera:Ground|312/312\n|-damage|p2a: Sunflora|293/312|[from] Stealth Rock\n|turn|19\n|\n|t:|1781443194\n|move|p1a: Basculegion|Flip Turn|p2a: Sunflora\n|-supereffective|p2a: Sunflora\n|-damage|p2a: Sunflora|101/312\n|\n|t:|1781443199\n|switch|p1a: Gouging Fire|Gouging Fire, L74|277/277|[from] Flip Turn\n|move|p2a: Sunflora|Leaf Storm|p1a: Gouging Fire\n|-resisted|p1a: Gouging Fire\n|-damage|p1a: Gouging Fire|192/277\n|-unboost|p2a: Sunflora|spa|2\n|\n|upkeep\n|turn|20\n|\n|t:|1781443214\n|switch|p2a: Tornadus|Tornadus-Therian, L79, M|254/254\n|move|p1a: Gouging Fire|Dragon Dance|p1a: Gouging Fire\n|-boost|p1a: Gouging Fire|atk|1\n|-boost|p1a: Gouging Fire|spe|1\n|\n|upkeep\n|turn|21\n|\n|t:|1781443222\n|move|p1a: Gouging Fire|Heat Crash|p2a: Tornadus\n|-damage|p2a: Tornadus|50/254\n|move|p2a: Tornadus|Bleakwind Storm|p1a: Gouging Fire|[miss]\n|-miss|p2a: Tornadus|p1a: Gouging Fire\n|\n|upkeep\n|turn|22\n|-message|yajojo_420 forfeited.\n|\n|win|Benbougami\n|raw|Benbougami's rating: 1571 &rarr; <strong>1593</strong><br />(+22 for winning)\n|raw|yajojo_420's rating: 1613 &rarr; <strong>1591</strong><br />(-22 for losing)\n|l|\u2606yajojo_420\n|player|p2|\n", "inputlog": ">version a8376a258c1d4662feba110a92103f3664a72141\n>start {\"formatid\":\"gen9randombattle\",\"seed\":\"sodium,c113fbb26049e1a6119bd714d527c208\",\"rated\":\"Rated battle\"}\n>player p1 {\"name\":\"Benbougami\",\"avatar\":\"roughneck\",\"rating\":1571,\"seed\":\"sodium,992f7748e1d8ac8d92e46607306cd120\"}\n>player p2 {\"name\":\"yajojo_420\",\"avatar\":\"170\",\"rating\":1613,\"seed\":\"sodium,bf9286369ac9fd12b106f42f89d809c7\"}\n>p1 switch 3\n>p2 move bulkup\n>p1 move curse\n>p2 switch 4\n>p1 switch 2\n>p2 move earthpower\n>p1 move dracometeor\n>p2 switch 4\n>p1 move dracometeor\n>p2 move knockoff\n>p1 move dracometeor\n>p2 move drainpunch\n>p1 move uturn\n>p2 move machpunch\n>p1 switch 6\n>p1 move shadowball\n>p2 switch 2\n>p1 switch 2\n>p2 move thunderwave\n>p1 move poisonjab\n>p2 switch 3\n>p1 switch 3\n>p2 switch 4\n>p1 switch 5\n>p2 move earthpower terastallize\n>p1 move knockoff\n>p2 switch 3\n>p1 switch 3\n>p2 move roost\n>p1 switch 4\n>p2 switch 4\n>p1 move stealthrock\n>p2 move bodypress\n>p1 switch 2\n>p2 move bodypress\n>p1 move shadowball\n>p2 switch 4\n>p2 switch 3\n>p1 move flipturn\n>p2 move leafstorm\n>p1 switch 5\n>p1 move dragondance\n>p2 switch 6\n>p1 move heatcrash\n>p2 move bleakwindstorm\n>forcelose p2", "uploadtime": 1781443235, "views": 5, "formatid": "gen9randombattle", "rating": 1591, "private": 0, "password": null}