{"id": "gen9randombattle-2631485376", "format": "[Gen 9] Random Battle", "players": ["RainbowRoxy890", "Rambie Drascal"], "log": "|j|\u2606RainbowRoxy890\n|j|\u2606Rambie Drascal\n|t:|1781390984\n|gametype|singles\n|player|p1|RainbowRoxy890|102|2084\n|player|p2|Rambie Drascal|ninjaboy|2078\n|gen|9\n|tier|[Gen 9] Random Battle\n|rated|\n|rule|Species Clause: Limit one of each Pok\u00e9mon\n|rule|HP Percentage Mod: HP is shown in percentages\n|rule|Sleep Clause Mod: Limit one foe put to sleep\n|rule|Illusion Level Mod: Illusion disguises the Pok\u00e9mon's true level\n|\n|t:|1781390984\n|teamsize|p1|6\n|teamsize|p2|6\n|start\n|switch|p1a: Blastoise|Blastoise, L80, F|258/258\n|switch|p2a: Sandslash|Sandslash-Alola, L88, M|275/275\n|turn|1\n|inactive|Battle timer is ON: inactive players will automatically lose when time's up. (requested by Rambie Drascal)\n|inactive|RainbowRoxy890 also wants the timer to be on.\n|inactive|RainbowRoxy890 has 120 seconds left.\n|\n|t:|1781391039\n|switch|p2a: Araquanid|Araquanid, L82, M|246/246\n|move|p1a: Blastoise|Shell Smash|p1a: Blastoise\n|-unboost|p1a: Blastoise|def|1\n|-unboost|p1a: Blastoise|spd|1\n|-boost|p1a: Blastoise|atk|2\n|-boost|p1a: Blastoise|spa|2\n|-boost|p1a: Blastoise|spe|2\n|-enditem|p1a: Blastoise|White Herb\n|-clearnegativeboost|p1a: Blastoise|[silent]\n|\n|upkeep\n|turn|2\n|\n|t:|1781391045\n|move|p1a: Blastoise|Shell Smash|p1a: Blastoise\n|-unboost|p1a: Blastoise|def|1\n|-unboost|p1a: Blastoise|spd|1\n|-boost|p1a: Blastoise|atk|2\n|-boost|p1a: Blastoise|spa|2\n|-boost|p1a: Blastoise|spe|2\n|move|p2a: Araquanid|Sticky Web|p1a: Blastoise\n|-sidestart|p1: RainbowRoxy890|move: Sticky Web\n|\n|upkeep\n|turn|3\n|\n|t:|1781391048\n|-terastallize|p1a: Blastoise|Electric\n|move|p1a: Blastoise|Tera Blast|p2a: Araquanid|[anim] Tera Blast Electric\n|-supereffective|p2a: Araquanid\n|-damage|p2a: Araquanid|0 fnt\n|faint|p2a: Araquanid\n|\n|upkeep\n|\n|t:|1781391057\n|switch|p2a: Sunflora|Sunflora, F|312/312\n|turn|4\n|\n|t:|1781391063\n|-terastallize|p2a: Sunflora|Fire\n|move|p1a: Blastoise|Ice Beam|p2a: Sunflora\n|-resisted|p2a: Sunflora\n|-damage|p2a: Sunflora|248/312\n|-status|p2a: Sunflora|frz\n|cant|p2a: Sunflora|frz\n|\n|upkeep\n|turn|5\n|c|\u2606Rambie Drascal|rude\n|\n|t:|1781391074\n|move|p1a: Blastoise|Tera Blast|p2a: Sunflora|[anim] Tera Blast Electric\n|-damage|p2a: Sunflora|65/312 frz\n|cant|p2a: Sunflora|frz\n|\n|upkeep\n|turn|6\n|\n|t:|1781391081\n|move|p1a: Blastoise|Tera Blast|p2a: Sunflora|[anim] Tera Blast Electric\n|-damage|p2a: Sunflora|0 fnt\n|faint|p2a: Sunflora\n|\n|upkeep\n|\n|t:|1781391085\n|switch|p2a: Slowking|Slowking, L88, M|310/310\n|turn|7\n|\n|t:|1781391090\n|move|p1a: Blastoise|Tera Blast|p2a: Slowking|[anim] Tera Blast Electric\n|-supereffective|p2a: Slowking\n|-damage|p2a: Slowking|0 fnt\n|faint|p2a: Slowking\n|\n|upkeep\n|\n|t:|1781391094\n|switch|p2a: Sandslash|Sandslash-Alola, L88, M|275/275\n|turn|8\n|\n|t:|1781391103\n|move|p1a: Blastoise|Hydro Pump|p2a: Sandslash\n|-damage|p2a: Sandslash|43/275\n|move|p2a: Sandslash|Triple Axel|p1a: Blastoise\n|-damage|p1a: Blastoise|221/258\n|-damage|p1a: Blastoise|155/258\n|-damage|p1a: Blastoise|43/258\n|-hitcount|p1a: Blastoise|3\n|\n|upkeep\n|turn|9\n|\n|t:|1781391111\n|move|p1a: Blastoise|Tera Blast|p2a: Sandslash|[anim] Tera Blast Electric\n|-damage|p2a: Sandslash|0 fnt\n|faint|p2a: Sandslash\n|\n|upkeep\n|\n|t:|1781391115\n|switch|p2a: Rampardos|Rampardos, L90, M|321/321\n|turn|10\n|\n|t:|1781391131\n|move|p1a: Blastoise|Tera Blast|p2a: Rampardos|[anim] Tera Blast Electric\n|-damage|p2a: Rampardos|51/321\n|move|p2a: Rampardos|Rock Slide|p1a: Blastoise\n|-damage|p1a: Blastoise|0 fnt\n|faint|p1a: Blastoise\n|\n|upkeep\n|\n|t:|1781391136\n|switch|p1a: Swampert|Swampert, L83, M|302/302\n|-activate|p1a: Swampert|move: Sticky Web\n|-unboost|p1a: Swampert|spe|1\n|turn|11\n|\n|t:|1781391140\n|switch|p2a: Noctowl|Noctowl, L95, F|344/344\n|move|p1a: Swampert|Flip Turn|p2a: Noctowl\n|-damage|p2a: Noctowl|248/344\n|\n|t:|1781391142\n|switch|p1a: Perrserker|Perrserker, L89, M|269/269|[from] Flip Turn\n|-activate|p1a: Perrserker|move: Sticky Web\n|-unboost|p1a: Perrserker|spe|1\n|\n|upkeep\n|turn|12\n|\n|t:|1781391148\n|move|p2a: Noctowl|Hurricane|p1a: Perrserker\n|-resisted|p1a: Perrserker\n|-damage|p1a: Perrserker|107/269\n|move|p1a: Perrserker|Iron Head|p2a: Noctowl\n|-damage|p2a: Noctowl|2/344\n|\n|upkeep\n|turn|13\n|\n|t:|1781391154\n|move|p2a: Noctowl|Hyper Voice|p1a: Perrserker\n|-resisted|p1a: Perrserker\n|-damage|p1a: Perrserker|0 fnt\n|faint|p1a: Perrserker\n|\n|upkeep\n|\n|t:|1781391159\n|switch|p1a: Meowstic|Meowstic-F, L89, F|277/277\n|-activate|p1a: Meowstic|move: Sticky Web\n|-unboost|p1a: Meowstic|spe|1\n|-ability|p1a: Meowstic|Competitive|boost\n|-boost|p1a: Meowstic|spa|2\n|turn|14\n|\n|t:|1781391166\n|move|p2a: Noctowl|Hurricane|p1a: Meowstic\n|-damage|p1a: Meowstic|148/277\n|-start|p1a: Meowstic|confusion\n|-activate|p1a: Meowstic|confusion\n|move|p1a: Meowstic|Thunderbolt|p2a: Noctowl\n|-supereffective|p2a: Noctowl\n|-damage|p2a: Noctowl|0 fnt\n|faint|p2a: Noctowl\n|-damage|p1a: Meowstic|121/277|[from] item: Life Orb\n|\n|upkeep\n|\n|t:|1781391170\n|switch|p2a: Rampardos|Rampardos, L90, M|51/321\n|turn|15\n|\n|t:|1781391171\n|-activate|p1a: Meowstic|confusion\n|move|p1a: Meowstic|Psychic|p2a: Rampardos\n|-damage|p2a: Rampardos|0 fnt\n|faint|p2a: Rampardos\n|-damage|p1a: Meowstic|94/277|[from] item: Life Orb\n|\n|win|RainbowRoxy890\n", "uploadtime": 1781390986, "views": 3, "formatid": "gen9randombattle", "rating": null, "private": 0, "password": null}