{"id": "gen9randombattle-2631405060", "format": "[Gen 9] Random Battle", "players": ["Sel2a707", "qiuescent"], "log": "|j|\u2606Sel2a707\n|j|\u203dqiuescent\n|t:|1781380669\n|gametype|singles\n|player|p1|Sel2a707|youngster-gen4dp|2143\n|player|p2|qiuescent|265|2272\n|gen|9\n|tier|[Gen 9] Random Battle\n|rated|\n|rule|Species Clause: Limit one of each Pok\u00e9mon\n|rule|HP Percentage Mod: HP is shown in percentages\n|rule|Sleep Clause Mod: Limit one foe put to sleep\n|rule|Illusion Level Mod: Illusion disguises the Pok\u00e9mon's true level\n|\n|t:|1781380669\n|teamsize|p1|6\n|teamsize|p2|6\n|start\n|switch|p1a: Tatsugiri|Tatsugiri, L87, F|260/260\n|switch|p2a: Sandslash|Sandslash, L89, M|278/278\n|turn|1\n|inactive|Battle timer is ON: inactive players will automatically lose when time's up. (requested by Sel2a707)\n|\n|t:|1781380690\n|move|p1a: Tatsugiri|Nasty Plot|p1a: Tatsugiri\n|-boost|p1a: Tatsugiri|spa|2\n|move|p2a: Sandslash|Earthquake|p1a: Tatsugiri\n|-damage|p1a: Tatsugiri|112/260\n|\n|upkeep\n|turn|2\n|inactive|qiuescent has 120 seconds left.\n|l|\u203dqiuescent\n|inactive|qiuescent disconnected and has a minute to reconnect!\n|player|p2|\n|j|\u203dqiuescent\n|inactive|qiuescent reconnected and has 105 seconds left.\n|player|p2|qiuescent|265|\n|n|\u203dqiuescent|qiuescent\n|n|\u203dqiuescent|qiuescent\n|\n|t:|1781380742\n|move|p1a: Tatsugiri|Hydro Pump|p2a: Sandslash\n|-supereffective|p2a: Sandslash\n|-damage|p2a: Sandslash|0 fnt\n|faint|p2a: Sandslash\n|\n|upkeep\n|\n|t:|1781380747\n|switch|p2a: Koraidon|Koraidon, L64|235/235\n|-weather|SunnyDay|[from] ability: Orichalcum Pulse|[of] p2a: Koraidon\n|-activate|p2a: Koraidon|Orichalcum Pulse|[source]\n|turn|3\n|\n|t:|1781380755\n|switch|p1a: Florges|Florges-White, L85, F|271/271\n|move|p2a: Koraidon|Scale Shot|p1a: Florges\n|-immune|p1a: Florges\n|\n|-weather|SunnyDay|[upkeep]\n|upkeep\n|turn|4\n|\n|t:|1781380764\n|switch|p2a: Glimmora|Glimmora, L75, M|248/248\n|move|p1a: Florges|Moonblast|p2a: Glimmora\n|-resisted|p2a: Glimmora\n|-damage|p2a: Glimmora|173/248\n|-unboost|p2a: Glimmora|spa|1\n|\n|-weather|SunnyDay|[upkeep]\n|upkeep\n|turn|5\n|\n|t:|1781380782\n|move|p1a: Florges|Calm Mind|p1a: Florges\n|-boost|p1a: Florges|spa|1\n|-boost|p1a: Florges|spd|1\n|move|p2a: Glimmora|Sludge Wave|p1a: Florges\n|-supereffective|p1a: Florges\n|-damage|p1a: Florges|217/271\n|\n|-weather|SunnyDay|[upkeep]\n|-heal|p1a: Florges|233/271|[from] item: Leftovers\n|upkeep\n|turn|6\n|\n|t:|1781380795\n|switch|p2a: Magearna|Magearna-Original, L77|250/250\n|move|p1a: Florges|Moonblast|p2a: Magearna\n|-resisted|p2a: Magearna\n|-damage|p2a: Magearna|172/250\n|\n|-weather|SunnyDay|[upkeep]\n|-heal|p1a: Florges|249/271|[from] item: Leftovers\n|-heal|p2a: Magearna|187/250|[from] item: Leftovers\n|upkeep\n|turn|7\n|\n|t:|1781380813\n|switch|p1a: Quagsire|Quagsire, L84, F|297/297\n|move|p2a: Magearna|Shift Gear|p2a: Magearna\n|-boost|p2a: Magearna|spe|2\n|-boost|p2a: Magearna|atk|1\n|\n|-weather|none\n|-heal|p2a: Magearna|202/250|[from] item: Leftovers\n|upkeep\n|turn|8\n|inactive|qiuescent has 120 seconds left.\n|l|\u203dqiuescent\n|inactive|qiuescent disconnected and has a minute to reconnect!\n|player|p2|\n|inactive|qiuescent has 30 seconds to reconnect!\n|j|\u203dqiuescent\n|inactive|qiuescent reconnected and has 80 seconds left.\n|player|p2|qiuescent|265|\n|n|\u203dqiuescent|qiuescent\n|n|\u203dqiuescent|qiuescent\n|\n|t:|1781380880\n|move|p2a: Magearna|Fleur Cannon|p1a: Quagsire\n|-damage|p1a: Quagsire|123/297\n|-unboost|p2a: Magearna|spa|2\n|move|p1a: Quagsire|Earthquake|p2a: Magearna\n|-supereffective|p2a: Magearna\n|-damage|p2a: Magearna|46/250\n|\n|-heal|p2a: Magearna|61/250|[from] item: Leftovers\n|-heal|p1a: Quagsire|141/297|[from] item: Leftovers\n|upkeep\n|turn|9\n|\n|t:|1781380897\n|switch|p1a: Leavanny|Leavanny, L86, F|269/269\n|move|p2a: Magearna|Fleur Cannon|p1a: Leavanny|[miss]\n|-miss|p2a: Magearna|p1a: Leavanny\n|\n|-heal|p2a: Magearna|76/250|[from] item: Leftovers\n|upkeep\n|turn|10\n|\n|t:|1781380907\n|switch|p2a: Glimmora|Glimmora, L75, M|173/248\n|move|p1a: Leavanny|Sticky Web|p2a: Glimmora\n|-sidestart|p2: qiuescent|move: Sticky Web\n|\n|upkeep\n|turn|11\n|\n|t:|1781380921\n|switch|p1a: Tatsugiri|Tatsugiri, L87, F|112/260\n|move|p2a: Glimmora|Mortal Spin|p1a: Tatsugiri\n|-crit|p1a: Tatsugiri\n|-damage|p1a: Tatsugiri|76/260\n|-status|p1a: Tatsugiri|psn\n|-sideend|p2: qiuescent|Sticky Web|[from] move: Mortal Spin|[of] p2a: Glimmora\n|\n|-damage|p1a: Tatsugiri|44/260 psn|[from] psn\n|upkeep\n|turn|12\n|\n|t:|1781380936\n|switch|p2a: Feraligatr|Feraligatr, L79, F|264/264\n|move|p1a: Tatsugiri|Hydro Pump|p2a: Feraligatr\n|-resisted|p2a: Feraligatr\n|-damage|p2a: Feraligatr|183/264\n|\n|-damage|p1a: Tatsugiri|12/260 psn|[from] psn\n|upkeep\n|turn|13\n|\n|t:|1781380946\n|move|p1a: Tatsugiri|Draco Meteor|p2a: Feraligatr\n|-damage|p2a: Feraligatr|0 fnt\n|-unboost|p1a: Tatsugiri|spa|2\n|faint|p2a: Feraligatr\n|\n|-damage|p1a: Tatsugiri|0 fnt|[from] psn\n|faint|p1a: Tatsugiri\n|upkeep\n|inactive|Sel2a707 has 120 seconds left.\n|\n|t:|1781380969\n|switch|p1a: Quagsire|Quagsire, L84, F|141/297\n|switch|p2a: Koraidon|Koraidon, L64|235/235\n|-weather|SunnyDay|[from] ability: Orichalcum Pulse|[of] p2a: Koraidon\n|-activate|p2a: Koraidon|Orichalcum Pulse|[source]\n|turn|14\n|inactive|Sel2a707 has 120 seconds left.\n|\n|t:|1781380981\n|move|p2a: Koraidon|Collision Course|p1a: Quagsire\n|-damage|p1a: Quagsire|39/297\n|move|p1a: Quagsire|Ice Beam|p2a: Koraidon\n|-supereffective|p2a: Koraidon\n|-damage|p2a: Koraidon|129/235\n|\n|-weather|SunnyDay|[upkeep]\n|-heal|p1a: Quagsire|57/297|[from] item: Leftovers\n|upkeep\n|turn|15\n|inactive|Sel2a707 has 120 seconds left.\n|\n|t:|1781380992\n|switch|p1a: Florges|Florges-White, L85, F|249/271\n|move|p2a: Koraidon|Collision Course|p1a: Florges\n|-resisted|p1a: Florges\n|-damage|p1a: Florges|186/271\n|\n|-weather|SunnyDay|[upkeep]\n|-heal|p1a: Florges|202/271|[from] item: Leftovers\n|upkeep\n|turn|16\n|inactive|Sel2a707 has 120 seconds left.\n|inactive|qiuescent has 120 seconds left.\n|\n|t:|1781381004\n|move|p2a: Koraidon|Swords Dance|p2a: Koraidon\n|-boost|p2a: Koraidon|atk|2\n|move|p1a: Florges|Moonblast|p2a: Koraidon\n|-supereffective|p2a: Koraidon\n|-damage|p2a: Koraidon|0 fnt\n|faint|p2a: Koraidon\n|\n|-weather|SunnyDay|[upkeep]\n|-heal|p1a: Florges|218/271|[from] item: Leftovers\n|upkeep\n|inactive|qiuescent has 120 seconds left.\n|\n|t:|1781381010\n|switch|p2a: Magearna|Magearna-Original, L77|76/250\n|turn|17\n|inactive|Sel2a707 has 120 seconds left.\n|\n|t:|1781381021\n|move|p1a: Florges|Moonblast|p2a: Magearna\n|-resisted|p2a: Magearna\n|-damage|p2a: Magearna|21/250\n|move|p2a: Magearna|Shift Gear|p2a: Magearna\n|-boost|p2a: Magearna|spe|2\n|-boost|p2a: Magearna|atk|1\n|\n|-weather|SunnyDay|[upkeep]\n|-heal|p2a: Magearna|36/250|[from] item: Leftovers\n|-heal|p1a: Florges|234/271|[from] item: Leftovers\n|upkeep\n|turn|18\n|inactive|Sel2a707 has 120 seconds left.\n|\n|t:|1781381031\n|move|p2a: Magearna|Flash Cannon|p1a: Florges\n|-supereffective|p1a: Florges\n|-damage|p1a: Florges|112/271\n|-unboost|p1a: Florges|spd|1\n|move|p1a: Florges|Moonblast|p2a: Magearna\n|-resisted|p2a: Magearna\n|-damage|p2a: Magearna|0 fnt\n|faint|p2a: Magearna\n|\n|-weather|none\n|-heal|p1a: Florges|128/271|[from] item: Leftovers\n|upkeep\n|\n|t:|1781381034\n|switch|p2a: Glimmora|Glimmora, L75, M|173/248\n|turn|19\n|\n|t:|1781381048\n|switch|p1a: Quagsire|Quagsire, L84, F|57/297\n|move|p2a: Glimmora|Spikes|p1a: Quagsire\n|-sidestart|p1: Sel2a707|Spikes\n|\n|-heal|p1a: Quagsire|75/297|[from] item: Leftovers\n|upkeep\n|turn|20\n|\n|t:|1781381058\n|move|p2a: Glimmora|Earth Power|p1a: Quagsire\n|-damage|p1a: Quagsire|0 fnt\n|faint|p1a: Quagsire\n|\n|upkeep\n|\n|t:|1781381062\n|switch|p1a: Leavanny|Leavanny, L86, F|269/269\n|-damage|p1a: Leavanny|236/269|[from] Spikes\n|turn|21\n|\n|t:|1781381075\n|move|p1a: Leavanny|Bullet Seed|p2a: Glimmora\n|-damage|p2a: Glimmora|137/248\n|-activate|p2a: Glimmora|ability: Toxic Debris\n|-sidestart|p1: Sel2a707|move: Toxic Spikes\n|-damage|p2a: Glimmora|104/248\n|-activate|p2a: Glimmora|ability: Toxic Debris\n|-sidestart|p1: Sel2a707|move: Toxic Spikes\n|-damage|p2a: Glimmora|70/248\n|-damage|p2a: Glimmora|36/248\n|-hitcount|p2a: Glimmora|4\n|move|p2a: Glimmora|Sludge Wave|p1a: Leavanny\n|-supereffective|p1a: Leavanny\n|-damage|p1a: Leavanny|8/269\n|\n|upkeep\n|turn|22\n|\n|t:|1781381090\n|move|p1a: Leavanny|Bullet Seed|p2a: Glimmora\n|-damage|p2a: Glimmora|3/248\n|-damage|p2a: Glimmora|0 fnt\n|faint|p2a: Glimmora\n|-hitcount|p2: Glimmora|2\n|\n|upkeep\n|\n|t:|1781381093\n|switch|p2a: Dragalge|Dragalge, L88, F|258/258\n|turn|23\n|\n|t:|1781381100\n|move|p1a: Leavanny|Triple Axel|p2a: Dragalge\n|-supereffective|p2a: Dragalge\n|-damage|p2a: Dragalge|226/258\n|-supereffective|p2a: Dragalge\n|-damage|p2a: Dragalge|168/258\n|-supereffective|p2a: Dragalge\n|-damage|p2a: Dragalge|78/258\n|-hitcount|p2a: Dragalge|3\n|move|p2a: Dragalge|Dragon Tail|p1a: Leavanny\n|-damage|p1a: Leavanny|0 fnt\n|faint|p1a: Leavanny\n|\n|upkeep\n|-message|qiuescent forfeited.\n|\n|win|Sel2a707\n", "inputlog": ">version a8376a258c1d4662feba110a92103f3664a72141\n>start {\"formatid\":\"gen9randombattle\",\"seed\":\"sodium,0f2d96db5bd131544dac729253374d5e\",\"rated\":\"Rated battle\"}\n>player p1 {\"name\":\"Sel2a707\",\"avatar\":\"youngster-gen4dp\",\"rating\":2143,\"seed\":\"sodium,cfb713874c8310629c00638071f5eae4\"}\n>player p2 {\"name\":\"qiuescent\",\"avatar\":\"265\",\"rating\":2272,\"seed\":\"sodium,803b7e9ed67ffd9fb39fb568aa878c4e\"}\n>p1 move nastyplot\n>p2 move earthquake\n>p1 move hydropump\n>p2 move earthquake\n>p2 switch 2\n>p1 switch 6\n>p2 move scaleshot\n>p1 move moonblast\n>p2 switch 5\n>p1 move calmmind\n>p2 move sludgewave\n>p1 move moonblast\n>p2 switch 4\n>p1 switch 3\n>p2 move shiftgear\n>p1 move earthquake\n>p2 move fleurcannon\n>p1 switch 2\n>p2 move fleurcannon\n>p1 move stickyweb\n>p2 switch 4\n>p1 switch 6\n>p2 move mortalspin\n>p1 move hydropump\n>p2 switch 6\n>p1 move dracometeor\n>p2 move dragondance\n>p1 switch 2\n>p2 switch 5\n>p1 move icebeam\n>p2 move collisioncourse\n>p1 switch 3\n>p2 move collisioncourse\n>p1 move moonblast\n>p2 move swordsdance\n>p2 switch 4\n>p1 move moonblast\n>p2 move shiftgear\n>p1 move moonblast\n>p2 move flashcannon\n>p2 switch 6\n>p1 switch 3\n>p2 move spikes\n>p1 move earthquake\n>p2 move earthpower\n>p1 switch 6\n>p1 move bulletseed\n>p2 move sludgewave\n>p1 move bulletseed\n>p2 move sludgewave\n>p2 switch 3\n>p1 move tripleaxel\n>p2 move dragontail\n>forcelose p2", "uploadtime": 1781380671, "views": 9, "formatid": "gen9randombattle", "rating": null, "private": 0, "password": null}