{"id": "gen9randombattle-2631793332", "format": "[Gen 9] Random Battle", "players": ["BigBadElbow", "Ggstarmie"], "log": "|j|\u2606BigBadElbow\n|j|\u2606Ggstarmie\n|t:|1781440520\n|gametype|singles\n|player|p1|BigBadElbow|101|1901\n|player|p2|Ggstarmie|1|2003\n|gen|9\n|tier|[Gen 9] Random Battle\n|rated|\n|rule|Species Clause: Limit one of each Pok\u00e9mon\n|rule|HP Percentage Mod: HP is shown in percentages\n|rule|Sleep Clause Mod: Limit one foe put to sleep\n|rule|Illusion Level Mod: Illusion disguises the Pok\u00e9mon's true level\n|\n|t:|1781440520\n|teamsize|p1|6\n|teamsize|p2|6\n|start\n|switch|p1a: Hypno|Hypno, L95, M|315/315\n|switch|p2a: Hypno|Hypno, L95, M|315/315\n|turn|1\n|inactive|Battle timer is ON: inactive players will automatically lose when time's up. (requested by BigBadElbow)\n|\n|t:|1781440525\n|move|p2a: Hypno|Toxic|p1a: Hypno\n|-status|p1a: Hypno|tox\n|move|p1a: Hypno|Toxic|p2a: Hypno\n|-status|p2a: Hypno|tox\n|\n|-damage|p1a: Hypno|296/315 tox|[from] psn\n|-damage|p2a: Hypno|296/315 tox|[from] psn\n|upkeep\n|turn|2\n|\n|t:|1781440533\n|switch|p2a: Metagross|Metagross, L79|256/256\n|move|p1a: Hypno|Psychic Noise|p2a: Metagross\n|-resisted|p2a: Metagross\n|-damage|p2a: Metagross|236/256\n|-start|p2a: Metagross|move: Heal Block\n|\n|-heal|p1a: Hypno|315/315 tox|[from] item: Leftovers\n|-damage|p1a: Hypno|277/315 tox|[from] psn\n|upkeep\n|turn|3\n|\n|t:|1781440544\n|switch|p1a: Decidueye|Decidueye, L88, M|281/281\n|move|p2a: Metagross|Stealth Rock|p1a: Decidueye\n|-sidestart|p1: BigBadElbow|move: Stealth Rock\n|\n|-end|p2a: Metagross|move: Heal Block\n|upkeep\n|turn|4\n|\n|t:|1781440550\n|switch|p2a: Wo-Chien|Wo-Chien, L83|277/277\n|-ability|p2a: Wo-Chien|Tablets of Ruin\n|move|p1a: Decidueye|Spirit Shackle|p2a: Wo-Chien\n|-resisted|p2a: Wo-Chien\n|-damage|p2a: Wo-Chien|243/277\n|-activate|p2a: Wo-Chien|trapped\n|\n|-heal|p2a: Wo-Chien|260/277|[from] item: Leftovers\n|upkeep\n|turn|5\n|\n|t:|1781440553\n|move|p1a: Decidueye|U-turn|p2a: Wo-Chien\n|-supereffective|p2a: Wo-Chien\n|-damage|p2a: Wo-Chien|96/277\n|\n|t:|1781440563\n|switch|p1a: Tauros|Tauros-Paldea-Combat, L82, M|257/257|[from] U-turn\n|-damage|p1a: Tauros|241/257|[from] Stealth Rock\n|-ability|p1a: Tauros|Intimidate|boost\n|-unboost|p2a: Wo-Chien|atk|1\n|move|p2a: Wo-Chien|Knock Off|p1a: Tauros\n|-resisted|p1a: Tauros\n|-damage|p1a: Tauros|214/257\n|-enditem|p1a: Tauros|Life Orb|[from] move: Knock Off|[of] p2a: Wo-Chien\n|\n|-heal|p2a: Wo-Chien|113/277|[from] item: Leftovers\n|upkeep\n|turn|6\n|\n|t:|1781440571\n|move|p2a: Wo-Chien|Protect|p2a: Wo-Chien\n|-singleturn|p2a: Wo-Chien|Protect\n|move|p1a: Tauros|Bulk Up|p1a: Tauros\n|-boost|p1a: Tauros|atk|1\n|-boost|p1a: Tauros|def|1\n|\n|-heal|p2a: Wo-Chien|130/277|[from] item: Leftovers\n|upkeep\n|turn|7\n|\n|t:|1781440592\n|move|p1a: Tauros|Bulk Up|p1a: Tauros\n|-boost|p1a: Tauros|atk|1\n|-boost|p1a: Tauros|def|1\n|move|p2a: Wo-Chien|Leech Seed|p1a: Tauros\n|-start|p1a: Tauros|move: Leech Seed\n|\n|-heal|p2a: Wo-Chien|147/277|[from] item: Leftovers\n|-damage|p1a: Tauros|182/257|[from] Leech Seed|[of] p2a: Wo-Chien\n|-heal|p2a: Wo-Chien|179/277|[silent]\n|upkeep\n|turn|8\n|\n|t:|1781440595\n|move|p2a: Wo-Chien|Protect|p2a: Wo-Chien\n|-singleturn|p2a: Wo-Chien|Protect\n|move|p1a: Tauros|Bulk Up|p1a: Tauros\n|-boost|p1a: Tauros|atk|1\n|-boost|p1a: Tauros|def|1\n|\n|-heal|p2a: Wo-Chien|196/277|[from] item: Leftovers\n|-damage|p1a: Tauros|150/257|[from] Leech Seed|[of] p2a: Wo-Chien\n|-heal|p2a: Wo-Chien|228/277|[silent]\n|upkeep\n|turn|9\n|\n|t:|1781440603\n|-terastallize|p2a: Wo-Chien|Poison\n|move|p1a: Tauros|Close Combat|p2a: Wo-Chien\n|-resisted|p2a: Wo-Chien\n|-damage|p2a: Wo-Chien|117/277\n|-unboost|p1a: Tauros|def|1\n|-unboost|p1a: Tauros|spd|1\n|move|p2a: Wo-Chien|Giga Drain|p1a: Tauros\n|-damage|p1a: Tauros|3/257\n|-heal|p2a: Wo-Chien|191/277|[from] drain|[of] p1a: Tauros\n|\n|-heal|p2a: Wo-Chien|208/277|[from] item: Leftovers\n|-damage|p1a: Tauros|0 fnt|[from] Leech Seed|[of] p2a: Wo-Chien\n|-heal|p2a: Wo-Chien|211/277|[silent]\n|faint|p1a: Tauros\n|upkeep\n|\n|t:|1781440612\n|switch|p1a: Hypno|Hypno, L95, M|277/315 tox\n|-damage|p1a: Hypno|238/315 tox|[from] Stealth Rock\n|turn|10\n|\n|t:|1781440615\n|move|p2a: Wo-Chien|Protect|p2a: Wo-Chien\n|-singleturn|p2a: Wo-Chien|Protect\n|move|p1a: Hypno|Psychic Noise|p2a: Wo-Chien\n|-activate|p2a: Wo-Chien|move: Protect\n|\n|-heal|p1a: Hypno|257/315 tox|[from] item: Leftovers\n|-heal|p2a: Wo-Chien|228/277|[from] item: Leftovers\n|-damage|p1a: Hypno|238/315 tox|[from] psn\n|upkeep\n|turn|11\n|\n|t:|1781440620\n|switch|p2a: Hypno|Hypno, L95, M|296/315 tox\n|move|p1a: Hypno|Psychic Noise|p2a: Hypno\n|-resisted|p2a: Hypno\n|-damage|p2a: Hypno|266/315 tox\n|-start|p2a: Hypno|move: Heal Block\n|\n|-heal|p1a: Hypno|257/315 tox|[from] item: Leftovers\n|-damage|p2a: Hypno|247/315 tox|[from] psn\n|-damage|p1a: Hypno|219/315 tox|[from] psn\n|upkeep\n|turn|12\n|\n|t:|1781440627\n|move|p1a: Hypno|Protect|p1a: Hypno\n|-singleturn|p1a: Hypno|Protect\n|move|p2a: Hypno|Toxic|p1a: Hypno\n|-activate|p1a: Hypno|move: Protect\n|\n|-heal|p1a: Hypno|238/315 tox|[from] item: Leftovers\n|-damage|p1a: Hypno|181/315 tox|[from] psn\n|-damage|p2a: Hypno|209/315 tox|[from] psn\n|-end|p2a: Hypno|move: Heal Block\n|upkeep\n|turn|13\n|\n|t:|1781440632\n|move|p1a: Hypno|Psychic Noise|p2a: Hypno\n|-resisted|p2a: Hypno\n|-damage|p2a: Hypno|178/315 tox\n|-start|p2a: Hypno|move: Heal Block\n|move|p2a: Hypno|Psychic Noise|p1a: Hypno\n|-resisted|p1a: Hypno\n|-damage|p1a: Hypno|151/315 tox\n|-start|p1a: Hypno|move: Heal Block\n|\n|-damage|p2a: Hypno|121/315 tox|[from] psn\n|-damage|p1a: Hypno|75/315 tox|[from] psn\n|upkeep\n|turn|14\n|\n|t:|1781440639\n|switch|p2a: Metagross|Metagross, L79|236/256\n|move|p1a: Hypno|Psychic Noise|p2a: Metagross\n|-resisted|p2a: Metagross\n|-damage|p2a: Metagross|216/256\n|-start|p2a: Metagross|move: Heal Block\n|\n|-damage|p1a: Hypno|0 fnt|[from] psn\n|faint|p1a: Hypno\n|upkeep\n|\n|t:|1781440649\n|switch|p1a: Decidueye|Decidueye, L88, M|281/281\n|turn|15\n|\n|t:|1781440653\n|switch|p2a: Wo-Chien|Wo-Chien, L83, tera:Poison|228/277\n|-ability|p2a: Wo-Chien|Tablets of Ruin\n|move|p1a: Decidueye|Spirit Shackle|p2a: Wo-Chien\n|-damage|p2a: Wo-Chien|161/277\n|-activate|p2a: Wo-Chien|trapped\n|\n|-heal|p2a: Wo-Chien|178/277|[from] item: Leftovers\n|upkeep\n|turn|16\n|\n|t:|1781440673\n|move|p1a: Decidueye|U-turn|p2a: Wo-Chien\n|-resisted|p2a: Wo-Chien\n|-damage|p2a: Wo-Chien|159/277\n|\n|t:|1781440675\n|switch|p1a: Iron Thorns|Iron Thorns, L83|302/302|[from] U-turn\n|-damage|p1a: Iron Thorns|265/302|[from] Stealth Rock\n|-enditem|p1a: Iron Thorns|Booster Energy\n|-activate|p1a: Iron Thorns|ability: Quark Drive|[fromitem]\n|-start|p1a: Iron Thorns|quarkdriveatk\n|move|p2a: Wo-Chien|Knock Off|p1a: Iron Thorns\n|-damage|p1a: Iron Thorns|211/302\n|\n|-heal|p2a: Wo-Chien|176/277|[from] item: Leftovers\n|upkeep\n|turn|17\n|\n|t:|1781440682\n|move|p1a: Iron Thorns|Dragon Dance|p1a: Iron Thorns\n|-boost|p1a: Iron Thorns|atk|1\n|-boost|p1a: Iron Thorns|spe|1\n|move|p2a: Wo-Chien|Giga Drain|p1a: Iron Thorns\n|-supereffective|p1a: Iron Thorns\n|-damage|p1a: Iron Thorns|53/302\n|-heal|p2a: Wo-Chien|255/277|[from] drain|[of] p1a: Iron Thorns\n|\n|-heal|p2a: Wo-Chien|272/277|[from] item: Leftovers\n|upkeep\n|turn|18\n|inactive|Ggstarmie has 120 seconds left.\n|\n|t:|1781440718\n|switch|p2a: Hypno|Hypno, L95, M|121/315 tox\n|move|p1a: Iron Thorns|Wild Charge|p2a: Hypno\n|-damage|p2a: Hypno|0 fnt\n|faint|p2a: Hypno\n|-damage|p1a: Iron Thorns|23/302|[from] Recoil\n|\n|upkeep\n|\n|t:|1781440721\n|switch|p2a: Wugtrio|Wugtrio, L91, M|212/212\n|turn|19\n|\n|t:|1781440724\n|move|p2a: Wugtrio|Aqua Jet|p1a: Iron Thorns\n|-supereffective|p1a: Iron Thorns\n|-damage|p1a: Iron Thorns|0 fnt\n|faint|p1a: Iron Thorns\n|-end|p1a: Iron Thorns|Quark Drive|[silent]\n|\n|upkeep\n|\n|t:|1781440731\n|switch|p1a: Baxcalibur|Baxcalibur, L75, M|296/296\n|turn|20\n|\n|t:|1781440733\n|switch|p2a: Metagross|Metagross, L79|216/256\n|move|p1a: Baxcalibur|Dragon Dance|p1a: Baxcalibur\n|-boost|p1a: Baxcalibur|atk|1\n|-boost|p1a: Baxcalibur|spe|1\n|\n|-heal|p2a: Metagross|232/256|[from] item: Leftovers\n|upkeep\n|turn|21\n|\n|t:|1781440739\n|move|p1a: Baxcalibur|Earthquake|p2a: Metagross\n|-supereffective|p2a: Metagross\n|-damage|p2a: Metagross|40/256\n|move|p2a: Metagross|Heavy Slam|p1a: Baxcalibur\n|-supereffective|p1a: Baxcalibur\n|-damage|p1a: Baxcalibur|126/296\n|\n|-heal|p2a: Metagross|56/256|[from] item: Leftovers\n|upkeep\n|turn|22\n|\n|t:|1781440744\n|move|p1a: Baxcalibur|Earthquake|p2a: Metagross\n|-supereffective|p2a: Metagross\n|-damage|p2a: Metagross|0 fnt\n|faint|p2a: Metagross\n|\n|upkeep\n|inactive|Ggstarmie has 120 seconds left.\n|\n|t:|1781440779\n|switch|p2a: Wugtrio|Wugtrio, L91, M|212/212\n|turn|23\n|\n|t:|1781440784\n|move|p2a: Wugtrio|Throat Chop|p1a: Baxcalibur\n|-damage|p1a: Baxcalibur|24/296\n|-start|p1a: Baxcalibur|Throat Chop|[silent]\n|move|p1a: Baxcalibur|Dragon Dance|p1a: Baxcalibur\n|-boost|p1a: Baxcalibur|atk|1\n|-boost|p1a: Baxcalibur|spe|1\n|\n|upkeep\n|turn|24\n|\n|t:|1781440793\n|switch|p2a: Stonjourner|Stonjourner, L91, M|330/330\n|move|p1a: Baxcalibur|Glaive Rush|p2a: Stonjourner\n|-damage|p2a: Stonjourner|149/330\n|-singlemove|p1a: Baxcalibur|Glaive Rush|[silent]\n|\n|-end|p1a: Baxcalibur|Throat Chop|[silent]\n|upkeep\n|turn|25\n|\n|t:|1781440798\n|move|p1a: Baxcalibur|Glaive Rush|p2a: Stonjourner\n|-damage|p2a: Stonjourner|0 fnt\n|-singlemove|p1a: Baxcalibur|Glaive Rush|[silent]\n|faint|p2a: Stonjourner\n|\n|upkeep\n|\n|t:|1781440802\n|switch|p2a: Wugtrio|Wugtrio, L91, M|212/212\n|turn|26\n|\n|t:|1781440805\n|move|p2a: Wugtrio|Aqua Jet|p1a: Baxcalibur\n|-resisted|p1a: Baxcalibur\n|-damage|p1a: Baxcalibur|0 fnt\n|faint|p1a: Baxcalibur\n|\n|upkeep\n|\n|t:|1781440807\n|switch|p1a: Decidueye|Decidueye, L88, M|281/281\n|turn|27\n|\n|t:|1781440813\n|switch|p2a: Wo-Chien|Wo-Chien, L83, tera:Poison|272/277\n|-ability|p2a: Wo-Chien|Tablets of Ruin\n|move|p1a: Decidueye|Spirit Shackle|p2a: Wo-Chien\n|-damage|p2a: Wo-Chien|208/277\n|-activate|p2a: Wo-Chien|trapped\n|\n|-heal|p2a: Wo-Chien|225/277|[from] item: Leftovers\n|upkeep\n|turn|28\n|\n|t:|1781440819\n|move|p1a: Decidueye|Spirit Shackle|p2a: Wo-Chien\n|-damage|p2a: Wo-Chien|156/277\n|move|p2a: Wo-Chien|Knock Off|p1a: Decidueye\n|-supereffective|p1a: Decidueye\n|-damage|p1a: Decidueye|75/281\n|-enditem|p1a: Decidueye|Heavy-Duty Boots|[from] move: Knock Off|[of] p2a: Wo-Chien\n|\n|-heal|p2a: Wo-Chien|173/277|[from] item: Leftovers\n|upkeep\n|turn|29\n|\n|t:|1781440825\n|move|p2a: Wo-Chien|Protect|p2a: Wo-Chien\n|-singleturn|p2a: Wo-Chien|Protect\n|move|p1a: Decidueye|Roost|p1a: Decidueye\n|-heal|p1a: Decidueye|216/281\n|-singleturn|p1a: Decidueye|move: Roost\n|\n|-heal|p2a: Wo-Chien|190/277|[from] item: Leftovers\n|upkeep\n|turn|30\n|\n|t:|1781440831\n|move|p1a: Decidueye|Spirit Shackle|p2a: Wo-Chien\n|-damage|p2a: Wo-Chien|121/277\n|move|p2a: Wo-Chien|Knock Off|p1a: Decidueye\n|-supereffective|p1a: Decidueye\n|-damage|p1a: Decidueye|78/281\n|\n|-heal|p2a: Wo-Chien|138/277|[from] item: Leftovers\n|upkeep\n|turn|31\n|\n|t:|1781440836\n|move|p1a: Decidueye|Roost|p1a: Decidueye\n|-heal|p1a: Decidueye|219/281\n|-singleturn|p1a: Decidueye|move: Roost\n|move|p2a: Wo-Chien|Knock Off|p1a: Decidueye\n|-supereffective|p1a: Decidueye\n|-damage|p1a: Decidueye|81/281\n|\n|-heal|p2a: Wo-Chien|155/277|[from] item: Leftovers\n|upkeep\n|turn|32\n|\n|t:|1781440842\n|move|p1a: Decidueye|Roost|p1a: Decidueye\n|-heal|p1a: Decidueye|222/281\n|-singleturn|p1a: Decidueye|move: Roost\n|move|p2a: Wo-Chien|Knock Off|p1a: Decidueye\n|-supereffective|p1a: Decidueye\n|-damage|p1a: Decidueye|96/281\n|\n|-heal|p2a: Wo-Chien|172/277|[from] item: Leftovers\n|upkeep\n|turn|33\n|\n|t:|1781440847\n|move|p1a: Decidueye|Spirit Shackle|p2a: Wo-Chien\n|-damage|p2a: Wo-Chien|96/277\n|move|p2a: Wo-Chien|Knock Off|p1a: Decidueye\n|-supereffective|p1a: Decidueye\n|-damage|p1a: Decidueye|0 fnt\n|faint|p1a: Decidueye\n|\n|-heal|p2a: Wo-Chien|113/277|[from] item: Leftovers\n|upkeep\n|\n|t:|1781440850\n|switch|p1a: Cinderace|Cinderace, L77, F|250/250\n|turn|34\n|\n|t:|1781440857\n|move|p1a: Cinderace|Pyro Ball|p2a: Wo-Chien\n|-damage|p2a: Wo-Chien|23/277\n|move|p2a: Wo-Chien|Leech Seed|p1a: Cinderace\n|-start|p1a: Cinderace|move: Leech Seed\n|\n|-heal|p2a: Wo-Chien|40/277|[from] item: Leftovers\n|-damage|p1a: Cinderace|219/250|[from] Leech Seed|[of] p2a: Wo-Chien\n|-heal|p2a: Wo-Chien|71/277|[silent]\n|upkeep\n|turn|35\n|\n|t:|1781440861\n|move|p2a: Wo-Chien|Protect|p2a: Wo-Chien\n|-singleturn|p2a: Wo-Chien|Protect\n|move|p1a: Cinderace|Court Change|p1a: Cinderace\n|-start|p1a: Cinderace|typechange|Normal|[from] ability: Libero\n|-swapsideconditions\n|-activate|p1a: Cinderace|move: Court Change\n|\n|-heal|p2a: Wo-Chien|88/277|[from] item: Leftovers\n|-damage|p1a: Cinderace|188/250|[from] Leech Seed|[of] p2a: Wo-Chien\n|-heal|p2a: Wo-Chien|119/277|[silent]\n|upkeep\n|turn|36\n|\n|t:|1781440871\n|move|p1a: Cinderace|Pyro Ball|p2a: Wo-Chien\n|-damage|p2a: Wo-Chien|67/277\n|-status|p2a: Wo-Chien|brn\n|move|p2a: Wo-Chien|Giga Drain|p1a: Cinderace\n|-damage|p1a: Cinderace|86/250\n|-heal|p2a: Wo-Chien|118/277 brn|[from] drain|[of] p1a: Cinderace\n|\n|-heal|p2a: Wo-Chien|135/277 brn|[from] item: Leftovers\n|-damage|p1a: Cinderace|55/250|[from] Leech Seed|[of] p2a: Wo-Chien\n|-heal|p2a: Wo-Chien|166/277 brn|[silent]\n|-damage|p2a: Wo-Chien|149/277 brn|[from] brn\n|upkeep\n|turn|37\n|-message|BigBadElbow forfeited.\n|\n|win|Ggstarmie\n", "inputlog": ">version a8376a258c1d4662feba110a92103f3664a72141\n>start {\"formatid\":\"gen9randombattle\",\"seed\":\"sodium,b9c6ec8c01ebd22bf7e1894bace2f665\",\"rated\":\"Rated battle\"}\n>player p1 {\"name\":\"BigBadElbow\",\"avatar\":\"101\",\"rating\":1901,\"seed\":\"sodium,74740fb0736b6332ffd78f064e786d9f\"}\n>player p2 {\"name\":\"Ggstarmie\",\"avatar\":\"1\",\"rating\":2003,\"seed\":\"sodium,a709efce64417d9968595efdb6639b90\"}\n>p1 move toxic\n>p2 move toxic\n>p1 move psychicnoise\n>p2 switch 3\n>p1 switch 4\n>p2 move stealthrock\n>p1 move spiritshackle\n>p2 switch 2\n>p1 move uturn\n>p2 move knockoff\n>p1 switch 2\n>p1 move bulkup\n>p2 move protect\n>p1 move bulkup\n>p2 move leechseed\n>p1 move bulkup\n>p2 move protect\n>p1 move closecombat\n>p2 move gigadrain terastallize\n>p1 switch 4\n>p1 move psychicnoise\n>p2 move protect\n>p1 move psychicnoise\n>p2 switch 3\n>p1 move protect\n>p2 move toxic\n>p1 move psychicnoise\n>p2 move psychicnoise\n>p1 move psychicnoise\n>p2 switch 2\n>p1 switch 2\n>p1 move spiritshackle\n>p2 switch 3\n>p1 move uturn\n>p2 move knockoff\n>p1 switch 5\n>p1 move dragondance\n>p2 move gigadrain\n>p1 move wildcharge\n>p2 switch 2\n>p2 switch 6\n>p1 move wildcharge\n>p2 move aquajet\n>p1 switch 6\n>p1 move dragondance\n>p2 switch 3\n>p1 move earthquake\n>p2 move heavyslam\n>p1 move earthquake\n>p2 move heavyslam\n>p2 switch 3\n>p1 move dragondance\n>p2 move throatchop\n>p1 move glaiverush\n>p2 switch 5\n>p1 move glaiverush\n>p2 move earthquake\n>p2 switch 5\n>p1 move glaiverush\n>p2 move aquajet\n>p1 switch 5\n>p1 move spiritshackle\n>p2 switch 2\n>p1 move spiritshackle\n>p2 move knockoff\n>p1 move roost\n>p2 move protect\n>p1 move spiritshackle\n>p2 move knockoff\n>p1 move roost\n>p2 move knockoff\n>p1 move roost\n>p2 move knockoff\n>p1 move spiritshackle\n>p2 move knockoff\n>p1 switch 3\n>p1 move pyroball\n>p2 move leechseed\n>p1 move courtchange\n>p2 move protect\n>p1 move pyroball\n>p2 move gigadrain\n>forcelose p1", "uploadtime": 1781440522, "views": 4, "formatid": "gen9randombattle", "rating": null, "private": 0, "password": null}