{"id": "gen9randombattle-2631429109", "format": "[Gen 9] Random Battle", "players": ["Zekromkicker", "Manumed"], "log": "|j|\u2606Zekromkicker\n|j|\u2606Manumed\n|t:|1781383558\n|gametype|singles\n|player|p1|Zekromkicker|rosa-masters|2006\n|player|p2|Manumed|gambler|2028\n|gen|9\n|tier|[Gen 9] Random Battle\n|rated|\n|rule|Species Clause: Limit one of each Pok\u00e9mon\n|rule|HP Percentage Mod: HP is shown in percentages\n|rule|Sleep Clause Mod: Limit one foe put to sleep\n|rule|Illusion Level Mod: Illusion disguises the Pok\u00e9mon's true level\n|\n|t:|1781383558\n|teamsize|p1|6\n|teamsize|p2|6\n|start\n|switch|p1a: Eelektross|Eelektross, L87, F|290/290\n|switch|p2a: Oinkologne|Oinkologne, L92, M|352/352\n|turn|1\n|inactive|Battle timer is ON: inactive players will automatically lose when time's up. (requested by Zekromkicker)\n|\n|t:|1781383578\n|move|p2a: Oinkologne|Curse|p2a: Oinkologne\n|-unboost|p2a: Oinkologne|spe|1\n|-boost|p2a: Oinkologne|atk|1\n|-boost|p2a: Oinkologne|def|1\n|move|p1a: Eelektross|Coil|p1a: Eelektross\n|-boost|p1a: Eelektross|atk|1\n|-boost|p1a: Eelektross|def|1\n|-boost|p1a: Eelektross|accuracy|1\n|\n|upkeep\n|turn|2\n|\n|t:|1781383581\n|move|p1a: Eelektross|Coil|p1a: Eelektross\n|-boost|p1a: Eelektross|atk|1\n|-boost|p1a: Eelektross|def|1\n|-boost|p1a: Eelektross|accuracy|1\n|move|p2a: Oinkologne|Curse|p2a: Oinkologne\n|-unboost|p2a: Oinkologne|spe|1\n|-boost|p2a: Oinkologne|atk|1\n|-boost|p2a: Oinkologne|def|1\n|\n|upkeep\n|turn|3\n|\n|t:|1781383589\n|move|p1a: Eelektross|Coil|p1a: Eelektross\n|-boost|p1a: Eelektross|atk|1\n|-boost|p1a: Eelektross|def|1\n|-boost|p1a: Eelektross|accuracy|1\n|move|p2a: Oinkologne|Double-Edge|p1a: Eelektross\n|-damage|p1a: Eelektross|152/290\n|-damage|p2a: Oinkologne|306/352|[from] Recoil\n|\n|-heal|p1a: Eelektross|170/290|[from] item: Leftovers\n|-heal|p2a: Oinkologne|328/352|[from] item: Leftovers\n|upkeep\n|turn|4\n|\n|t:|1781383599\n|switch|p2a: Exeggutor|Exeggutor, L89, F|312/312\n|move|p1a: Eelektross|Drain Punch|p2a: Exeggutor\n|-resisted|p2a: Exeggutor\n|-damage|p2a: Exeggutor|232/312\n|-heal|p1a: Eelektross|210/290|[from] drain|[of] p2a: Exeggutor\n|\n|-heal|p1a: Eelektross|228/290|[from] item: Leftovers\n|upkeep\n|turn|5\n|\n|t:|1781383603\n|move|p2a: Exeggutor|Leech Seed|p1a: Eelektross\n|-start|p1a: Eelektross|move: Leech Seed\n|move|p1a: Eelektross|Knock Off|p2a: Exeggutor\n|-supereffective|p2a: Exeggutor\n|-damage|p2a: Exeggutor|0 fnt\n|-enditem|p2a: Exeggutor|Sitrus Berry|[from] move: Knock Off|[of] p1a: Eelektross\n|faint|p2a: Exeggutor\n|\n|-heal|p1a: Eelektross|246/290|[from] item: Leftovers\n|upkeep\n|\n|t:|1781383613\n|switch|p2a: Grafaiai|Grafaiai, L86, F|249/249\n|turn|6\n|\n|t:|1781383622\n|move|p2a: Grafaiai|Encore|p1a: Eelektross\n|-start|p1a: Eelektross|Encore\n|move|p1a: Eelektross|Knock Off|p2a: Grafaiai\n|-damage|p2a: Grafaiai|15/249\n|-enditem|p2a: Grafaiai|Heavy-Duty Boots|[from] move: Knock Off|[of] p1a: Eelektross\n|\n|-heal|p1a: Eelektross|264/290|[from] item: Leftovers\n|-damage|p1a: Eelektross|228/290|[from] Leech Seed|[of] p2a: Grafaiai\n|-heal|p2a: Grafaiai|51/249|[silent]\n|upkeep\n|turn|7\n|\n|t:|1781383630\n|move|p2a: Grafaiai|Gunk Shot|p1a: Eelektross\n|-damage|p1a: Eelektross|170/290\n|move|p1a: Eelektross|Knock Off|p2a: Grafaiai\n|-damage|p2a: Grafaiai|0 fnt\n|faint|p2a: Grafaiai\n|\n|-heal|p1a: Eelektross|188/290|[from] item: Leftovers\n|upkeep\n|\n|t:|1781383631\n|switch|p2a: Koraidon|Koraidon, L64|235/235\n|-weather|SunnyDay|[from] ability: Orichalcum Pulse|[of] p2a: Koraidon\n|-activate|p2a: Koraidon|Orichalcum Pulse|[source]\n|turn|8\n|\n|t:|1781383634\n|move|p2a: Koraidon|Swords Dance|p2a: Koraidon\n|-boost|p2a: Koraidon|atk|2\n|move|p1a: Eelektross|Knock Off|p2a: Koraidon\n|-resisted|p2a: Koraidon\n|-damage|p2a: Koraidon|123/235\n|-enditem|p2a: Koraidon|Loaded Dice|[from] move: Knock Off|[of] p1a: Eelektross\n|\n|-weather|SunnyDay|[upkeep]\n|-heal|p1a: Eelektross|206/290|[from] item: Leftovers\n|-damage|p1a: Eelektross|170/290|[from] Leech Seed|[of] p2a: Koraidon\n|-heal|p2a: Koraidon|159/235|[silent]\n|-end|p1a: Eelektross|Encore\n|upkeep\n|turn|9\n|\n|t:|1781383646\n|-terastallize|p2a: Koraidon|Fire\n|move|p2a: Koraidon|Flare Blitz|p1a: Eelektross\n|-damage|p1a: Eelektross|0 fnt\n|faint|p1a: Eelektross\n|-damage|p2a: Koraidon|103/235|[from] Recoil\n|\n|-weather|SunnyDay|[upkeep]\n|upkeep\n|\n|t:|1781383659\n|switch|p1a: Lokix|Lokix, L82, F|219/219\n|turn|10\n|\n|t:|1781383666\n|move|p1a: Lokix|Hyper Voice|p2a: Koraidon\n|-damage|p2a: Koraidon|0 fnt\n|faint|p2a: Koraidon\n|-damage|p1a: Lokix|198/219|[from] item: Life Orb\n|\n|-weather|SunnyDay|[upkeep]\n|upkeep\n|\n|t:|1781383674\n|switch|p2a: Oinkologne|Oinkologne, L92, M|328/352\n|turn|11\n|\n|t:|1781383678\n|-terastallize|p1a: Lokix|Fighting\n|move|p1a: Lokix|Focus Blast|p2a: Oinkologne\n|-supereffective|p2a: Oinkologne\n|-damage|p2a: Oinkologne|0 fnt\n|faint|p2a: Oinkologne\n|-damage|p1a: Lokix|177/219|[from] item: Life Orb\n|\n|-weather|SunnyDay|[upkeep]\n|upkeep\n|\n|t:|1781383682\n|switch|p2a: Tauros|Tauros-Paldea-Aqua, L81, M|254/254\n|-ability|p2a: Tauros|Intimidate|boost\n|-unboost|p1a: Lokix|atk|1\n|turn|12\n|\n|t:|1781383686\n|move|p1a: Lokix|Will-O-Wisp|p2a: Tauros\n|-status|p2a: Tauros|brn\n|move|p2a: Tauros|Bulk Up|p2a: Tauros\n|-boost|p2a: Tauros|atk|1\n|-boost|p2a: Tauros|def|1\n|\n|-weather|none\n|-damage|p2a: Tauros|239/254 brn|[from] brn\n|upkeep\n|turn|13\n|\n|t:|1781383693\n|move|p1a: Lokix|Hyper Voice|p2a: Tauros\n|-damage|p2a: Tauros|82/254 brn\n|-damage|p1a: Lokix|156/219|[from] item: Life Orb\n|move|p2a: Tauros|Close Combat|p1a: Lokix\n|-damage|p1a: Lokix|0 fnt\n|-unboost|p2a: Tauros|def|1\n|-unboost|p2a: Tauros|spd|1\n|replace|p1a: Zoroark|Zoroark-Hisui, L80, M\n|-end|p1a: Zoroark|Illusion\n|-hint|Illusion Level Mod is active, so this Pok\u00e9mon's true level was hidden.\n|faint|p1a: Zoroark\n|-damage|p2a: Tauros|57/254 brn|[from] item: Life Orb\n|\n|-damage|p2a: Tauros|42/254 brn|[from] brn\n|upkeep\n|\n|t:|1781383698\n|switch|p1a: Pachirisu|Pachirisu, L96, F|271/271\n|turn|14\n|\n|t:|1781383702\n|move|p2a: Tauros|Aqua Jet|p1a: Pachirisu\n|-damage|p1a: Pachirisu|224/271\n|-damage|p2a: Tauros|17/254 brn|[from] item: Life Orb\n|move|p1a: Pachirisu|Discharge|p2a: Tauros\n|-supereffective|p2a: Tauros\n|-damage|p2a: Tauros|0 fnt\n|faint|p2a: Tauros\n|\n|upkeep\n|\n|t:|1781383703\n|switch|p2a: Eiscue|Eiscue, L88, M|274/274\n|turn|15\n|\n|t:|1781383710\n|move|p1a: Pachirisu|Discharge|p2a: Eiscue\n|-damage|p2a: Eiscue|208/274\n|-status|p2a: Eiscue|par\n|move|p2a: Eiscue|Belly Drum|p2a: Eiscue\n|-damage|p2a: Eiscue|71/274 par\n|-setboost|p2a: Eiscue|atk|6|[from] move: Belly Drum\n|-enditem|p2a: Eiscue|Sitrus Berry|[eat]\n|-heal|p2a: Eiscue|139/274 par|[from] item: Sitrus Berry\n|\n|upkeep\n|turn|16\n|\n|t:|1781383715\n|move|p1a: Pachirisu|Encore|p2a: Eiscue\n|-start|p2a: Eiscue|Encore\n|move|p2a: Eiscue|Belly Drum||[still]\n|-fail|p2a: Eiscue\n|\n|upkeep\n|turn|17\n|-message|Manumed forfeited.\n|\n|win|Zekromkicker\n", "inputlog": ">version a8376a258c1d4662feba110a92103f3664a72141\n>start {\"formatid\":\"gen9randombattle\",\"seed\":\"sodium,e54a593510f8893d664990876e6bbfb8\",\"rated\":\"Rated battle\"}\n>player p1 {\"name\":\"Zekromkicker\",\"avatar\":\"rosa-masters\",\"rating\":2006,\"seed\":\"sodium,e3db556749b4ea2bdcce43e07bab1619\"}\n>player p2 {\"name\":\"Manumed\",\"avatar\":\"gambler\",\"rating\":2028,\"seed\":\"sodium,1a1b8d835527a7399975ea0a5f99195c\"}\n>p1 move coil\n>p2 move curse\n>p1 move coil\n>p2 move curse\n>p1 move coil\n>p2 move doubleedge\n>p1 move drainpunch\n>p2 switch 5\n>p1 move knockoff\n>p2 move leechseed\n>p2 switch 4\n>p1 move supercellslam\n>p2 move encore\n>p1 move knockoff\n>p2 move gunkshot\n>p2 switch 2\n>p1 move knockoff\n>p2 move swordsdance\n>p1 move drainpunch\n>p2 move flareblitz terastallize\n>p1 switch 2\n>p1 move hypervoice\n>p2 move scaleshot\n>p2 switch 5\n>p1 move focusblast terastallize\n>p2 move lashout\n>p2 switch 3\n>p1 move willowisp\n>p2 move bulkup\n>p1 move hypervoice\n>p2 move closecombat\n>p1 switch 4\n>p1 move discharge\n>p2 move aquajet\n>p2 switch 6\n>p1 move discharge\n>p2 move bellydrum\n>p1 move encore\n>p2 move icespinner\n>forcelose p2", "uploadtime": 1781383560, "views": 10, "formatid": "gen9randombattle", "rating": null, "private": 0, "password": null}