{"id": "gen9randombattle-2632019854", "format": "[Gen 9] Random Battle", "players": ["Glinteighty", "Gyltia"], "log": "|j|\u2606Glinteighty\n|j|\u2606Gyltia\n|t:|1781466666\n|gametype|singles\n|player|p1|Glinteighty|266|1979\n|player|p2|Gyltia|shauntal|2074\n|gen|9\n|tier|[Gen 9] Random Battle\n|rated|\n|rule|Species Clause: Limit one of each Pok\u00e9mon\n|rule|HP Percentage Mod: HP is shown in percentages\n|rule|Sleep Clause Mod: Limit one foe put to sleep\n|rule|Illusion Level Mod: Illusion disguises the Pok\u00e9mon's true level\n|\n|t:|1781466666\n|teamsize|p1|6\n|teamsize|p2|6\n|start\n|switch|p1a: Bellossom|Bellossom, L84, M|263/263\n|switch|p2a: Iron Hands|Iron Hands, L79|373/373\n|turn|1\n|\n|t:|1781466705\n|move|p1a: Bellossom|Sludge Bomb|p2a: Iron Hands\n|-damage|p2a: Iron Hands|300/373\n|move|p2a: Iron Hands|Swords Dance|p2a: Iron Hands\n|-boost|p2a: Iron Hands|atk|2\n|\n|-heal|p2a: Iron Hands|323/373|[from] item: Leftovers\n|upkeep\n|turn|2\n|\n|t:|1781466717\n|switch|p1a: Eiscue|Eiscue, L88, M|274/274\n|move|p2a: Iron Hands|Swords Dance|p2a: Iron Hands\n|-boost|p2a: Iron Hands|atk|2\n|\n|-heal|p2a: Iron Hands|346/373|[from] item: Leftovers\n|upkeep\n|turn|3\n|\n|t:|1781466736\n|move|p1a: Eiscue|Belly Drum|p1a: Eiscue\n|-damage|p1a: Eiscue|137/274\n|-setboost|p1a: Eiscue|atk|6|[from] move: Belly Drum\n|-enditem|p1a: Eiscue|Sitrus Berry|[eat]\n|-heal|p1a: Eiscue|205/274|[from] item: Sitrus Berry\n|move|p2a: Iron Hands|Thunder Punch|p1a: Eiscue\n|-activate|p1a: Eiscue|ability: Ice Face\n|-damage|p1a: Eiscue|205/274\n|-status|p1a: Eiscue|par\n|detailschange|p1a: Eiscue|Eiscue-Noice, L88, M\n|\n|-heal|p2a: Iron Hands|369/373|[from] item: Leftovers\n|upkeep\n|turn|4\n|\n|t:|1781466744\n|move|p1a: Eiscue|Ice Spinner|p2a: Iron Hands\n|-damage|p2a: Iron Hands|53/373\n|move|p2a: Iron Hands|Drain Punch|p1a: Eiscue\n|-supereffective|p1a: Eiscue\n|-damage|p1a: Eiscue|0 fnt\n|-heal|p2a: Iron Hands|156/373|[from] drain|[of] p1a: Eiscue\n|faint|p1a: Eiscue\n|\n|-heal|p2a: Iron Hands|179/373|[from] item: Leftovers\n|upkeep\n|\n|t:|1781466750\n|switch|p1a: Mesprit|Mesprit, L85|275/275\n|turn|5\n|\n|t:|1781466759\n|-end|p2a: Iron Hands|Quark Drive|[silent]\n|switch|p2a: Umbreon|Umbreon, L84, F|297/297\n|move|p1a: Mesprit|Psychic Noise|p2a: Umbreon\n|-immune|p2a: Umbreon\n|\n|upkeep\n|turn|6\n|\n|t:|1781466770\n|move|p1a: Mesprit|Knock Off|p2a: Umbreon\n|-resisted|p2a: Umbreon\n|-damage|p2a: Umbreon|267/297\n|-enditem|p2a: Umbreon|Leftovers|[from] move: Knock Off|[of] p1a: Mesprit\n|move|p2a: Umbreon|Toxic|p1a: Mesprit\n|-status|p1a: Mesprit|tox\n|\n|-damage|p1a: Mesprit|258/275 tox|[from] psn\n|upkeep\n|turn|7\n|\n|t:|1781466793\n|move|p1a: Mesprit|Drain Punch|p2a: Umbreon\n|-supereffective|p2a: Umbreon\n|-damage|p2a: Umbreon|169/297\n|-heal|p1a: Mesprit|275/275 tox|[from] drain|[of] p2a: Umbreon\n|move|p2a: Umbreon|Wish|p2a: Umbreon\n|\n|-damage|p1a: Mesprit|241/275 tox|[from] psn\n|upkeep\n|turn|8\n|\n|t:|1781466802\n|switch|p1a: Groudon|Groudon, L72|263/263\n|-weather|SunnyDay|[from] ability: Drought|[of] p1a: Groudon\n|move|p2a: Umbreon|Protect||[still]\n|-fail|p2a: Umbreon\n|\n|-weather|SunnyDay|[upkeep]\n|-heal|p2a: Umbreon|297/297|[from] move: Wish|[wisher] Umbreon\n|upkeep\n|turn|9\n|\n|t:|1781466812\n|move|p1a: Groudon|Thunder Wave|p2a: Umbreon\n|-status|p2a: Umbreon|par\n|-activate|p2a: Umbreon|ability: Synchronize\n|-status|p1a: Groudon|par\n|move|p2a: Umbreon|Toxic||[still]\n|-fail|p2a: Umbreon\n|\n|-weather|SunnyDay|[upkeep]\n|upkeep\n|turn|10\n|\n|t:|1781466825\n|switch|p2a: Moltres|Moltres, L81|278/278\n|move|p1a: Groudon|Stealth Rock|p2a: Moltres\n|-sidestart|p2: Gyltia|move: Stealth Rock\n|\n|-weather|SunnyDay|[upkeep]\n|upkeep\n|turn|11\n|\n|t:|1781466833\n|switch|p1a: Mesprit|Mesprit, L85|241/275 tox\n|move|p2a: Moltres|Fire Blast|p1a: Mesprit\n|-damage|p1a: Mesprit|130/275 tox\n|\n|-weather|SunnyDay|[upkeep]\n|-damage|p1a: Mesprit|113/275 tox|[from] psn\n|upkeep\n|turn|12\n|\n|t:|1781466851\n|switch|p2a: Umbreon|Umbreon, L84, F|297/297 par\n|-damage|p2a: Umbreon|260/297 par|[from] Stealth Rock\n|move|p1a: Mesprit|Knock Off|p2a: Umbreon\n|-resisted|p2a: Umbreon\n|-damage|p2a: Umbreon|240/297 par\n|\n|-weather|none\n|-damage|p1a: Mesprit|79/275 tox|[from] psn\n|upkeep\n|turn|13\n|\n|t:|1781466857\n|move|p1a: Mesprit|Drain Punch|p2a: Umbreon\n|-supereffective|p2a: Umbreon\n|-damage|p2a: Umbreon|144/297 par\n|-heal|p1a: Mesprit|127/275 tox|[from] drain|[of] p2a: Umbreon\n|move|p2a: Umbreon|Wish|p2a: Umbreon\n|\n|-damage|p1a: Mesprit|76/275 tox|[from] psn\n|upkeep\n|turn|14\n|\n|t:|1781466868\n|switch|p1a: Groudon|Groudon, L72|263/263 par\n|-weather|SunnyDay|[from] ability: Drought|[of] p1a: Groudon\n|move|p2a: Umbreon|Protect||[still]\n|-fail|p2a: Umbreon\n|\n|-weather|SunnyDay|[upkeep]\n|-heal|p2a: Umbreon|292/297 par|[from] move: Wish|[wisher] Umbreon\n|upkeep\n|turn|15\n|\n|t:|1781466876\n|move|p1a: Groudon|Heat Crash|p2a: Umbreon\n|-damage|p2a: Umbreon|185/297 par\n|cant|p2a: Umbreon|par\n|\n|-weather|SunnyDay|[upkeep]\n|upkeep\n|turn|16\n|\n|t:|1781466881\n|move|p1a: Groudon|Precipice Blades|p2a: Umbreon\n|-damage|p2a: Umbreon|68/297 par\n|move|p2a: Umbreon|Wish|p2a: Umbreon\n|\n|-weather|SunnyDay|[upkeep]\n|upkeep\n|turn|17\n|\n|t:|1781466885\n|cant|p2a: Umbreon|par\n|move|p1a: Groudon|Heat Crash|p2a: Umbreon\n|-damage|p2a: Umbreon|0 fnt\n|faint|p2a: Umbreon\n|\n|-weather|SunnyDay|[upkeep]\n|upkeep\n|\n|t:|1781466888\n|switch|p2a: Moltres|Moltres, L81|278/278\n|turn|18\n|\n|t:|1781466895\n|switch|p1a: Mesprit|Mesprit, L85|76/275 tox\n|move|p2a: Moltres|Fire Blast|p1a: Mesprit|[miss]\n|-miss|p2a: Moltres|p1a: Mesprit\n|\n|-weather|none\n|-damage|p1a: Mesprit|59/275 tox|[from] psn\n|upkeep\n|turn|19\n|\n|t:|1781466901\n|move|p2a: Moltres|Brave Bird|p1a: Mesprit\n|-damage|p1a: Mesprit|0 fnt\n|faint|p1a: Mesprit\n|-damage|p2a: Moltres|259/278|[from] Recoil\n|\n|upkeep\n|\n|t:|1781466904\n|switch|p1a: Mandibuzz|Mandibuzz, L85, F|326/326\n|turn|20\n|\n|t:|1781466924\n|switch|p2a: Pecharunt|Pecharunt, L77|262/262\n|-damage|p2a: Pecharunt|230/262|[from] Stealth Rock\n|move|p1a: Mandibuzz|Toxic|p2a: Pecharunt\n|-immune|p2a: Pecharunt\n|\n|upkeep\n|turn|21\n|\n|t:|1781466934\n|switch|p1a: Groudon|Groudon, L72|263/263 par\n|-weather|SunnyDay|[from] ability: Drought|[of] p1a: Groudon\n|move|p2a: Pecharunt|Parting Shot|p1a: Groudon\n|-unboost|p1a: Groudon|atk|1\n|-unboost|p1a: Groudon|spa|1\n|\n|t:|1781466943\n|switch|p2a: Moltres|Moltres, L81|259/278|[from] Parting Shot\n|\n|-weather|SunnyDay|[upkeep]\n|upkeep\n|turn|22\n|\n|t:|1781466945\n|switch|p1a: Mandibuzz|Mandibuzz, L85, F|326/326\n|move|p2a: Moltres|Fire Blast|p1a: Mandibuzz\n|-damage|p1a: Mandibuzz|146/326\n|\n|-weather|SunnyDay|[upkeep]\n|upkeep\n|turn|23\n|\n|t:|1781466953\n|move|p2a: Moltres|Fire Blast|p1a: Mandibuzz\n|-damage|p1a: Mandibuzz|0 fnt\n|faint|p1a: Mandibuzz\n|\n|-weather|SunnyDay|[upkeep]\n|upkeep\n|\n|t:|1781466967\n|switch|p1a: Bellossom|Bellossom, L84, M|263/263\n|turn|24\n|\n|t:|1781466980\n|move|p1a: Bellossom|Quiver Dance|p1a: Bellossom\n|-boost|p1a: Bellossom|spa|1\n|-boost|p1a: Bellossom|spd|1\n|-boost|p1a: Bellossom|spe|1\n|move|p2a: Moltres|Fire Blast|p1a: Bellossom\n|-supereffective|p1a: Bellossom\n|-damage|p1a: Bellossom|27/263\n|\n|-weather|SunnyDay|[upkeep]\n|-heal|p1a: Bellossom|43/263|[from] item: Leftovers\n|upkeep\n|turn|25\n|\n|t:|1781466997\n|-terastallize|p1a: Bellossom|Poison\n|move|p1a: Bellossom|Strength Sap|p2a: Moltres\n|-unboost|p2a: Moltres|atk|1\n|-heal|p1a: Bellossom|252/263\n|move|p2a: Moltres|Fire Blast|p1a: Bellossom\n|-damage|p1a: Bellossom|123/263\n|\n|-weather|none\n|-heal|p1a: Bellossom|139/263|[from] item: Leftovers\n|upkeep\n|turn|26\n|\n|t:|1781467018\n|switch|p2a: Pecharunt|Pecharunt, L77|230/262\n|-damage|p2a: Pecharunt|198/262|[from] Stealth Rock\n|move|p1a: Bellossom|Sludge Bomb|p2a: Pecharunt\n|-resisted|p2a: Pecharunt\n|-damage|p2a: Pecharunt|162/262\n|\n|-heal|p1a: Bellossom|155/263|[from] item: Leftovers\n|upkeep\n|turn|27\n|\n|t:|1781467025\n|move|p1a: Bellossom|Quiver Dance|p1a: Bellossom\n|-boost|p1a: Bellossom|spa|1\n|-boost|p1a: Bellossom|spd|1\n|-boost|p1a: Bellossom|spe|1\n|move|p2a: Pecharunt|Parting Shot|p1a: Bellossom\n|-unboost|p1a: Bellossom|atk|1\n|-unboost|p1a: Bellossom|spa|1\n|inactive|Battle timer is ON: inactive players will automatically lose when time's up. (requested by Glinteighty)\n|\n|t:|1781467080\n|switch|p2a: Kommo-o|Kommo-o, L78, M|245/245|[from] Parting Shot\n|-damage|p2a: Kommo-o|230/245|[from] Stealth Rock\n|\n|-heal|p1a: Bellossom|171/263|[from] item: Leftovers\n|upkeep\n|turn|28\n|\n|t:|1781467087\n|move|p1a: Bellossom|Quiver Dance|p1a: Bellossom\n|-boost|p1a: Bellossom|spa|1\n|-boost|p1a: Bellossom|spd|1\n|-boost|p1a: Bellossom|spe|1\n|move|p2a: Kommo-o|Clangorous Soul|p2a: Kommo-o\n|-boost|p2a: Kommo-o|atk|1\n|-boost|p2a: Kommo-o|def|1\n|-boost|p2a: Kommo-o|spa|1\n|-boost|p2a: Kommo-o|spd|1\n|-boost|p2a: Kommo-o|spe|1\n|-damage|p2a: Kommo-o|150/245\n|-enditem|p2a: Kommo-o|Throat Spray\n|-boost|p2a: Kommo-o|spa|1|[from] item: Throat Spray\n|\n|-heal|p1a: Bellossom|187/263|[from] item: Leftovers\n|upkeep\n|turn|29\n|\n|t:|1781467106\n|move|p1a: Bellossom|Giga Drain|p2a: Kommo-o\n|-resisted|p2a: Kommo-o\n|-damage|p2a: Kommo-o|101/245\n|-heal|p1a: Bellossom|212/263|[from] drain|[of] p2a: Kommo-o\n|move|p2a: Kommo-o|Clangorous Soul|p2a: Kommo-o\n|-boost|p2a: Kommo-o|atk|1\n|-boost|p2a: Kommo-o|def|1\n|-boost|p2a: Kommo-o|spa|1\n|-boost|p2a: Kommo-o|spd|1\n|-boost|p2a: Kommo-o|spe|1\n|-damage|p2a: Kommo-o|21/245\n|\n|-heal|p1a: Bellossom|228/263|[from] item: Leftovers\n|upkeep\n|turn|30\n|-message|Gyltia forfeited.\n|\n|win|Glinteighty\n", "inputlog": ">version a8376a258c1d4662feba110a92103f3664a72141\n>start {\"formatid\":\"gen9randombattle\",\"seed\":\"sodium,14750477d44252a284ed88af19bf42a2\",\"rated\":\"Rated battle\"}\n>player p1 {\"name\":\"Glinteighty\",\"avatar\":\"266\",\"rating\":1979,\"seed\":\"sodium,a3407893dac64d309a2c366afc2496c3\"}\n>player p2 {\"name\":\"Gyltia\",\"avatar\":\"shauntal\",\"rating\":2074,\"seed\":\"sodium,41c4060dc9df88d4c20084a6f7b93c52\"}\n>p1 move sludgebomb\n>p2 move swordsdance\n>p1 switch 4\n>p2 move swordsdance\n>p1 move bellydrum\n>p2 move thunderpunch\n>p1 move icespinner\n>p2 move drainpunch\n>p1 switch 3\n>p1 move psychicnoise\n>p2 switch 4\n>p1 move knockoff\n>p2 move toxic\n>p1 move drainpunch\n>p2 move wish\n>p1 switch 6\n>p2 move protect\n>p1 move thunderwave\n>p2 move toxic\n>p1 move stealthrock\n>p2 switch 5\n>p1 switch 6\n>p2 move fireblast\n>p1 move knockoff\n>p2 switch 5\n>p1 move drainpunch\n>p2 move wish\n>p1 switch 6\n>p2 move protect\n>p1 move heatcrash\n>p2 move foulplay\n>p1 move precipiceblades\n>p2 move wish\n>p1 move heatcrash\n>p2 move protect\n>p2 switch 5\n>p1 switch 6\n>p2 move fireblast\n>p1 move knockoff\n>p2 move bravebird\n>p1 switch 5\n>p1 move toxic\n>p2 switch 3\n>p1 switch 6\n>p2 move partingshot\n>p2 switch 3\n>p1 switch 6\n>p2 move fireblast\n>p1 move roost\n>p2 move fireblast\n>p1 switch 4\n>p1 move quiverdance\n>p2 move fireblast\n>p1 move strengthsap terastallize\n>p2 move fireblast\n>p1 move sludgebomb\n>p2 switch 3\n>p1 move quiverdance\n>p2 move partingshot\n>p2 switch 6\n>p1 move quiverdance\n>p2 move clangoroussoul\n>p1 move gigadrain\n>p2 move clangoroussoul\n>forcelose p2", "uploadtime": 1781466668, "views": 5, "formatid": "gen9randombattle", "rating": null, "private": 0, "password": null}