{"id": "gen9randombattle-2631812810", "format": "[Gen 9] Random Battle", "players": ["Yotsubafan", "gamerad619"], "log": "|j|\u2606Yotsubafan\n|j|\u2606gamerad619\n|t:|1781443303\n|gametype|singles\n|player|p1|Yotsubafan|skyla|1154\n|player|p2|gamerad619|1|1130\n|gen|9\n|tier|[Gen 9] Random Battle\n|rated|\n|rule|Species Clause: Limit one of each Pok\u00e9mon\n|rule|HP Percentage Mod: HP is shown in percentages\n|rule|Sleep Clause Mod: Limit one foe put to sleep\n|rule|Illusion Level Mod: Illusion disguises the Pok\u00e9mon's true level\n|\n|t:|1781443303\n|teamsize|p1|6\n|teamsize|p2|6\n|start\n|switch|p1a: Deoxys|Deoxys-Attack, L72|191/191\n|switch|p2a: Eelektross|Eelektross, L87, M|290/290\n|-ability|p1a: Deoxys|Pressure\n|turn|1\n|\n|t:|1781443320\n|switch|p2a: Iron Jugulis|Iron Jugulis, L77|271/271\n|move|p1a: Deoxys|Knock Off|p2a: Iron Jugulis\n|-resisted|p2a: Iron Jugulis\n|-damage|p2a: Iron Jugulis|211/271\n|-enditem|p2a: Iron Jugulis|Power Herb|[from] move: Knock Off|[of] p1a: Deoxys\n|-damage|p1a: Deoxys|172/191|[from] item: Life Orb\n|\n|upkeep\n|turn|2\n|\n|t:|1781443338\n|switch|p1a: Zamazenta|Zamazenta, L71|248/248\n|-ability|p1a: Zamazenta|Dauntless Shield|boost\n|-boost|p1a: Zamazenta|def|1\n|move|p2a: Iron Jugulis|Dark Pulse|p1a: Zamazenta\n|-resisted|p1a: Zamazenta\n|-damage|p1a: Zamazenta|211/248\n|\n|-heal|p1a: Zamazenta|226/248|[from] item: Leftovers\n|upkeep\n|turn|3\n|\n|t:|1781443361\n|-end|p2a: Iron Jugulis|Quark Drive|[silent]\n|switch|p2a: Flamigo|Flamigo, L82, F|269/269\n|move|p1a: Zamazenta|Iron Defense|p1a: Zamazenta\n|-boost|p1a: Zamazenta|def|2\n|\n|-heal|p1a: Zamazenta|241/248|[from] item: Leftovers\n|upkeep\n|turn|4\n|\n|t:|1781443372\n|-terastallize|p1a: Zamazenta|Steel\n|move|p1a: Zamazenta|Iron Defense|p1a: Zamazenta\n|-boost|p1a: Zamazenta|def|2\n|move|p2a: Flamigo|Brave Bird|p1a: Zamazenta\n|-resisted|p1a: Zamazenta\n|-damage|p1a: Zamazenta|219/248\n|-damage|p2a: Flamigo|262/269|[from] Recoil\n|-damage|p2a: Flamigo|236/269|[from] item: Life Orb\n|\n|-heal|p1a: Zamazenta|234/248|[from] item: Leftovers\n|upkeep\n|turn|5\n|c|\u2606Yotsubafan|gg\n|\n|t:|1781443383\n|move|p1a: Zamazenta|Iron Defense|p1a: Zamazenta\n|-boost|p1a: Zamazenta|def|1\n|move|p2a: Flamigo|Swords Dance|p2a: Flamigo\n|-boost|p2a: Flamigo|atk|2\n|\n|-heal|p1a: Zamazenta|248/248|[from] item: Leftovers\n|upkeep\n|turn|6\n|\n|t:|1781443391\n|move|p1a: Zamazenta|Substitute|p1a: Zamazenta\n|-start|p1a: Zamazenta|Substitute\n|-damage|p1a: Zamazenta|186/248\n|move|p2a: Flamigo|Close Combat|p1a: Zamazenta\n|-supereffective|p1a: Zamazenta\n|-end|p1a: Zamazenta|Substitute\n|-unboost|p2a: Flamigo|def|1\n|-unboost|p2a: Flamigo|spd|1\n|-damage|p2a: Flamigo|210/269|[from] item: Life Orb\n|\n|-heal|p1a: Zamazenta|201/248|[from] item: Leftovers\n|upkeep\n|turn|7\n|\n|t:|1781443406\n|move|p1a: Zamazenta|Body Press|p2a: Flamigo\n|-resisted|p2a: Flamigo\n|-damage|p2a: Flamigo|0 fnt\n|faint|p2a: Flamigo\n|\n|-heal|p1a: Zamazenta|216/248|[from] item: Leftovers\n|upkeep\n|\n|t:|1781443415\n|switch|p2a: Oranguru|Oranguru, L92, F|315/315\n|turn|8\n|\n|t:|1781443422\n|move|p1a: Zamazenta|Body Press|p2a: Oranguru\n|-damage|p2a: Oranguru|63/315\n|move|p2a: Oranguru|Focus Blast|p1a: Zamazenta|[miss]\n|-miss|p2a: Oranguru|p1a: Zamazenta\n|\n|-heal|p1a: Zamazenta|231/248|[from] item: Leftovers\n|-heal|p2a: Oranguru|82/315|[from] item: Leftovers\n|upkeep\n|turn|9\n|c|\u2606Yotsubafan|lmao\n|c|\u2606Yotsubafan|gg\n|c|\u2606Yotsubafan|you can already ff\n|c|\u2606gamerad619|get a life trash talkin\n|\n|t:|1781443462\n|switch|p2a: Piloswine|Piloswine, L85, F|309/309\n|move|p1a: Zamazenta|Body Press|p2a: Piloswine\n|-supereffective|p2a: Piloswine\n|-damage|p2a: Piloswine|0 fnt\n|faint|p2a: Piloswine\n|\n|-heal|p1a: Zamazenta|246/248|[from] item: Leftovers\n|upkeep\n|c|\u2606Yotsubafan|lmao\n|\n|t:|1781443472\n|switch|p2a: Eelektross|Eelektross, L87, M|290/290\n|turn|10\n|\n|t:|1781443484\n|-terastallize|p2a: Eelektross|Fighting\n|move|p1a: Zamazenta|Body Press|p2a: Eelektross\n|-damage|p2a: Eelektross|1/290\n|move|p2a: Eelektross|Drain Punch|p1a: Zamazenta\n|-supereffective|p1a: Zamazenta\n|-damage|p1a: Zamazenta|202/248\n|-heal|p2a: Eelektross|23/290|[from] drain|[of] p1a: Zamazenta\n|\n|-heal|p1a: Zamazenta|217/248|[from] item: Leftovers\n|-heal|p2a: Eelektross|41/290|[from] item: Leftovers\n|upkeep\n|turn|11\n|\n|t:|1781443510\n|switch|p2a: Oranguru|Oranguru, L92, F|82/315\n|move|p1a: Zamazenta|Body Press|p2a: Oranguru\n|-damage|p2a: Oranguru|0 fnt\n|faint|p2a: Oranguru\n|\n|-heal|p1a: Zamazenta|232/248|[from] item: Leftovers\n|upkeep\n|c|\u2606Yotsubafan|lmao\n|\n|t:|1781443519\n|switch|p2a: Iron Jugulis|Iron Jugulis, L77|211/271\n|turn|12\n|\n|t:|1781443527\n|move|p1a: Zamazenta|Body Press|p2a: Iron Jugulis\n|-damage|p2a: Iron Jugulis|0 fnt\n|faint|p2a: Iron Jugulis\n|-end|p2a: Iron Jugulis|Quark Drive|[silent]\n|\n|-heal|p1a: Zamazenta|247/248|[from] item: Leftovers\n|upkeep\n|c|\u2606Yotsubafan|lmao\n|c|\u2606Yotsubafan|bro ff\n|c|\u2606Yotsubafan|You are so bad at this game\n|inactive|Battle timer is ON: inactive players will automatically lose when time's up. (requested by Yotsubafan)\n|c|\u2606Yotsubafan|6-0 invoming\n|c|\u2606Yotsubafan|incoming*\n|inactive|gamerad619 has 120 seconds left.\n|c|\u2606Yotsubafan|never play again\n|c|\u2606gamerad619|stfu get a life trash talkin i only came on just to play for fun if you wanna play sweaty and trash talk go to a competition\n|c|\u2606Yotsubafan|lmao\n|inactive|gamerad619 has 90 seconds left.\n|c|\u2606Yotsubafan|not my fault if ure bad\n|c|\u2606gamerad619|im just playing for fun\n|inactive|gamerad619 has 60 seconds left.\n|c|\u2606Yotsubafan|yeah yeah sure ^^\n|inactive|gamerad619 has 30 seconds left.\n|inactive|gamerad619 has 20 seconds left.\n|inactive|gamerad619 has 15 seconds left.\n|inactive|gamerad619 has 10 seconds left.\n|\n|t:|1781443698\n|switch|p2a: Eelektross|Eelektross, L87, M, tera:Fighting|41/290\n|turn|13\n|c|\u2606Yotsubafan|bro is so bad he doesnt wanna play\n|inactive|gamerad619 has 60 seconds left.\n|c|\u2606Yotsubafan|I have all my time just in case\n|c|\u2606gamerad619|your getting put on youtube and people will see how toxic you are\n|\n|t:|1781443744\n|move|p1a: Zamazenta|Body Press|p2a: Eelektross\n|-damage|p2a: Eelektross|0 fnt\n|faint|p2a: Eelektross\n|\n|-heal|p1a: Zamazenta|248/248|[from] item: Leftovers\n|upkeep\n|c|\u2606Yotsubafan|Ok\n|\n|t:|1781443747\n|switch|p2a: Furret|Furret, L94, M|312/312\n|-item|p1a: Zamazenta|Leftovers|[from] ability: Frisk|[of] p2a: Furret\n|turn|14\n|c|\u2606Yotsubafan|And ?\n|c|\u2606gamerad619|you will get banned\n|\n|t:|1781443763\n|move|p1a: Zamazenta|Body Press|p2a: Furret\n|-supereffective|p2a: Furret\n|-damage|p2a: Furret|0 fnt\n|faint|p2a: Furret\n|\n|win|Yotsubafan\n|raw|Yotsubafan's rating: 1154 &rarr; <strong>1177</strong><br />(+23 for winning)\n|raw|gamerad619's rating: 1130 &rarr; <strong>1107</strong><br />(-23 for losing)\n|c|\u2606Yotsubafan|if u want\n|c|\u2606Yotsubafan|lmao u have only 36 followers\n|c|\u2606Yotsubafan|stop videos too\n|c|\u2606Yotsubafan|You are also bad\n", "uploadtime": 1781443887, "views": 2, "formatid": "gen9randombattle", "rating": 1107, "private": 0, "password": null}