{"id": "gen9randombattle-2631979155", "format": "[Gen 9] Random Battle", "players": ["xyzoffdeez", "Wigglystuff"], "log": "|j|\u2606xyzoffdeez\n|j|\u2606Wigglystuff\n|t:|1781462191\n|gametype|singles\n|player|p1|xyzoffdeez|2|2094\n|player|p2|Wigglystuff|265|2036\n|gen|9\n|tier|[Gen 9] Random Battle\n|rated|\n|rule|Species Clause: Limit one of each Pok\u00e9mon\n|rule|HP Percentage Mod: HP is shown in percentages\n|rule|Sleep Clause Mod: Limit one foe put to sleep\n|rule|Illusion Level Mod: Illusion disguises the Pok\u00e9mon's true level\n|\n|t:|1781462191\n|teamsize|p1|6\n|teamsize|p2|6\n|start\n|switch|p1a: Altaria|Altaria, L89, F|278/278\n|switch|p2a: Floatzel|Floatzel, L86, F|286/286\n|turn|1\n|\n|t:|1781462206\n|switch|p1a: Vaporeon|Vaporeon, L86, F|364/364\n|move|p2a: Floatzel|Bulk Up|p2a: Floatzel\n|-boost|p2a: Floatzel|atk|1\n|-boost|p2a: Floatzel|def|1\n|\n|upkeep\n|turn|2\n|\n|t:|1781462215\n|move|p2a: Floatzel|Taunt|p1a: Vaporeon\n|-start|p1a: Vaporeon|move: Taunt\n|cant|p1a: Vaporeon|move: Taunt|Roar\n|\n|upkeep\n|turn|3\n|\n|t:|1781462240\n|switch|p2a: Phione|Phione, L91|293/293\n|move|p1a: Vaporeon|Scald|p2a: Phione\n|-resisted|p2a: Phione\n|-damage|p2a: Phione|246/293\n|-status|p2a: Phione|brn\n|\n|-heal|p2a: Phione|264/293 brn|[from] item: Leftovers\n|-damage|p2a: Phione|246/293 brn|[from] brn\n|upkeep\n|turn|4\n|\n|t:|1781462252\n|switch|p1a: Farigiraf|Farigiraf, L90, F|362/362\n|move|p2a: Phione|Take Heart|p2a: Phione\n|-boost|p2a: Phione|spa|1\n|-boost|p2a: Phione|spd|1\n|-curestatus|p2a: Phione|brn|[msg]\n|\n|-heal|p2a: Phione|264/293|[from] item: Leftovers\n|upkeep\n|turn|5\n|\n|t:|1781462265\n|move|p2a: Phione|Scald|p1a: Farigiraf\n|-damage|p1a: Farigiraf|215/362\n|-status|p1a: Farigiraf|brn\n|move|p1a: Farigiraf|Body Slam|p2a: Phione\n|-crit|p2a: Phione\n|-damage|p2a: Phione|196/293\n|\n|-heal|p2a: Phione|214/293|[from] item: Leftovers\n|-heal|p1a: Farigiraf|237/362 brn|[from] item: Leftovers\n|-damage|p1a: Farigiraf|215/362 brn|[from] brn\n|upkeep\n|turn|6\n|\n|t:|1781462278\n|move|p2a: Phione|Take Heart|p2a: Phione\n|-boost|p2a: Phione|spa|1\n|-boost|p2a: Phione|spd|1\n|move|p1a: Farigiraf|Psychic Noise|p2a: Phione\n|-damage|p2a: Phione|162/293\n|-start|p2a: Phione|move: Heal Block\n|\n|-heal|p1a: Farigiraf|237/362 brn|[from] item: Leftovers\n|-damage|p1a: Farigiraf|215/362 brn|[from] brn\n|upkeep\n|turn|7\n|\n|t:|1781462287\n|move|p2a: Phione|Ice Beam|p1a: Farigiraf\n|-damage|p1a: Farigiraf|71/362 brn\n|move|p1a: Farigiraf|Body Slam|p2a: Phione\n|-damage|p2a: Phione|111/293\n|\n|-heal|p1a: Farigiraf|93/362 brn|[from] item: Leftovers\n|-damage|p1a: Farigiraf|71/362 brn|[from] brn\n|-end|p2a: Phione|move: Heal Block\n|upkeep\n|turn|8\n|\n|t:|1781462298\n|move|p2a: Phione|Ice Beam|p1a: Farigiraf\n|-damage|p1a: Farigiraf|0 fnt\n|faint|p1a: Farigiraf\n|\n|-heal|p2a: Phione|129/293|[from] item: Leftovers\n|upkeep\n|\n|t:|1781462304\n|switch|p1a: Azelf|Azelf, L82|257/257\n|turn|9\n|\n|t:|1781462308\n|move|p1a: Azelf|Psyshock|p2a: Phione\n|-damage|p2a: Phione|0 fnt\n|faint|p2a: Phione\n|\n|upkeep\n|\n|t:|1781462312\n|switch|p2a: Weavile|Weavile, L79, F|239/239\n|turn|10\n|\n|t:|1781462316\n|switch|p1a: Vaporeon|Vaporeon, L86, F|364/364\n|move|p2a: Weavile|Knock Off|p1a: Vaporeon\n|-damage|p1a: Vaporeon|171/364\n|-enditem|p1a: Vaporeon|Leftovers|[from] move: Knock Off|[of] p2a: Weavile\n|\n|upkeep\n|turn|11\n|\n|t:|1781462335\n|switch|p2a: Cinderace|Cinderace, L77, F|249/249\n|move|p1a: Vaporeon|Wish|p1a: Vaporeon\n|\n|upkeep\n|turn|12\n|\n|t:|1781462346\n|move|p1a: Vaporeon|Protect|p1a: Vaporeon\n|-singleturn|p1a: Vaporeon|Protect\n|move|p2a: Cinderace|U-turn|p1a: Vaporeon\n|-start|p2a: Cinderace|typechange|Bug|[from] ability: Libero\n|-activate|p1a: Vaporeon|move: Protect\n|\n|-heal|p1a: Vaporeon|353/364|[from] move: Wish|[wisher] Vaporeon\n|upkeep\n|turn|13\n|\n|t:|1781462351\n|move|p2a: Cinderace|U-turn|p1a: Vaporeon\n|-damage|p1a: Vaporeon|209/364\n|\n|t:|1781462360\n|switch|p2a: Oricorio|Oricorio-Sensu, L85, M|266/266|[from] U-turn\n|move|p1a: Vaporeon|Scald|p2a: Oricorio\n|-damage|p2a: Oricorio|157/266\n|\n|upkeep\n|turn|14\n|\n|t:|1781462371\n|move|p2a: Oricorio|Hurricane|p1a: Vaporeon\n|-damage|p1a: Vaporeon|94/364\n|move|p1a: Vaporeon|Roar|p2a: Oricorio\n|drag|p2a: Slither Wing|Slither Wing, L81|270/270\n|\n|upkeep\n|turn|15\n|\n|t:|1781462384\n|switch|p1a: Altaria|Altaria, L89, F|278/278\n|move|p2a: Slither Wing|U-turn|p1a: Altaria\n|-resisted|p1a: Altaria\n|-damage|p1a: Altaria|240/278\n|\n|t:|1781462393\n|-end|p2a: Slither Wing|Protosynthesis|[silent]\n|switch|p2a: Weavile|Weavile, L79, F|239/239|[from] U-turn\n|\n|upkeep\n|turn|16\n|\n|t:|1781462403\n|switch|p1a: Vaporeon|Vaporeon, L86, F|94/364\n|move|p2a: Weavile|Triple Axel|p1a: Vaporeon\n|-resisted|p1a: Vaporeon\n|-damage|p1a: Vaporeon|71/364\n|-resisted|p1a: Vaporeon\n|-damage|p1a: Vaporeon|26/364\n|-hitcount|p1a: Vaporeon|2\n|\n|upkeep\n|turn|17\n|\n|t:|1781462407\n|switch|p1a: Palafin|Palafin, L77, M|281/281\n|move|p2a: Weavile|Triple Axel|p1a: Palafin\n|-resisted|p1a: Palafin\n|-damage|p1a: Palafin|258/281\n|-resisted|p1a: Palafin\n|-damage|p1a: Palafin|215/281\n|-resisted|p1a: Palafin\n|-damage|p1a: Palafin|147/281\n|-hitcount|p1a: Palafin|3\n|\n|upkeep\n|turn|18\n|\n|t:|1781462415\n|move|p2a: Weavile|Triple Axel|p1a: Palafin\n|-resisted|p1a: Palafin\n|-damage|p1a: Palafin|125/281\n|-resisted|p1a: Palafin\n|-damage|p1a: Palafin|83/281\n|-resisted|p1a: Palafin\n|-damage|p1a: Palafin|15/281\n|-hitcount|p1a: Palafin|3\n|move|p1a: Palafin|Flip Turn|p2a: Weavile\n|-damage|p2a: Weavile|158/239\n|\n|t:|1781462426\n|detailschange|p1a: Palafin|Palafin-Hero, L77, M\n|switch|p1a: Azelf|Azelf, L82|257/257|[from] Flip Turn\n|\n|upkeep\n|turn|19\n|\n|t:|1781462430\n|move|p2a: Weavile|Triple Axel|p1a: Azelf\n|-damage|p1a: Azelf|218/257\n|-damage|p1a: Azelf|133/257\n|-damage|p1a: Azelf|4/257\n|-hitcount|p1a: Azelf|3\n|move|p1a: Azelf|Dazzling Gleam|p2a: Weavile\n|-supereffective|p2a: Weavile\n|-damage|p2a: Weavile|0 fnt\n|faint|p2a: Weavile\n|\n|upkeep\n|\n|t:|1781462442\n|switch|p2a: Floatzel|Floatzel, L86, F|286/286\n|turn|20\n|\n|t:|1781462446\n|move|p2a: Floatzel|Ice Spinner|p1a: Azelf\n|-damage|p1a: Azelf|0 fnt\n|faint|p1a: Azelf\n|\n|upkeep\n|\n|t:|1781462451\n|switch|p1a: Altaria|Altaria, L89, F|240/278\n|turn|21\n|\n|t:|1781462457\n|-terastallize|p1a: Altaria|Steel\n|move|p2a: Floatzel|Taunt|p1a: Altaria\n|-start|p1a: Altaria|move: Taunt\n|move|p1a: Altaria|Brave Bird|p2a: Floatzel\n|-damage|p2a: Floatzel|139/286\n|-damage|p1a: Altaria|191/278|[from] Recoil\n|\n|-heal|p2a: Floatzel|156/286|[from] item: Leftovers\n|upkeep\n|turn|22\n|\n|t:|1781462470\n|switch|p1a: Vaporeon|Vaporeon, L86, F|26/364\n|move|p2a: Floatzel|Wave Crash|p1a: Vaporeon\n|-heal|p1a: Vaporeon|117/364|[from] ability: Water Absorb|[of] p2a: Floatzel\n|\n|-heal|p2a: Floatzel|173/286|[from] item: Leftovers\n|upkeep\n|turn|23\n|\n|t:|1781462474\n|switch|p1a: Altaria|Altaria, L89, F, tera:Steel|191/278\n|move|p2a: Floatzel|Taunt|p1a: Altaria\n|-start|p1a: Altaria|move: Taunt\n|\n|-heal|p2a: Floatzel|190/286|[from] item: Leftovers\n|upkeep\n|turn|24\n|\n|t:|1781462480\n|switch|p1a: Vaporeon|Vaporeon, L86, F|117/364\n|move|p2a: Floatzel|Bulk Up|p2a: Floatzel\n|-boost|p2a: Floatzel|atk|1\n|-boost|p2a: Floatzel|def|1\n|\n|-heal|p2a: Floatzel|207/286|[from] item: Leftovers\n|upkeep\n|turn|25\n|\n|t:|1781462486\n|move|p2a: Floatzel|Taunt|p1a: Vaporeon\n|-start|p1a: Vaporeon|move: Taunt\n|move|p1a: Vaporeon|Scald|p2a: Floatzel\n|-resisted|p2a: Floatzel\n|-damage|p2a: Floatzel|133/286\n|\n|-heal|p2a: Floatzel|150/286|[from] item: Leftovers\n|upkeep\n|turn|26\n|\n|t:|1781462494\n|move|p2a: Floatzel|Ice Spinner|p1a: Vaporeon\n|-resisted|p1a: Vaporeon\n|-damage|p1a: Vaporeon|57/364\n|move|p1a: Vaporeon|Scald|p2a: Floatzel\n|-resisted|p2a: Floatzel\n|-damage|p2a: Floatzel|78/286\n|\n|-heal|p2a: Floatzel|95/286|[from] item: Leftovers\n|upkeep\n|turn|27\n|\n|t:|1781462500\n|move|p2a: Floatzel|Ice Spinner|p1a: Vaporeon\n|-resisted|p1a: Vaporeon\n|-damage|p1a: Vaporeon|0 fnt\n|faint|p1a: Vaporeon\n|\n|-heal|p2a: Floatzel|112/286|[from] item: Leftovers\n|upkeep\n|\n|t:|1781462504\n|switch|p1a: Altaria|Altaria, L89, F, tera:Steel|191/278\n|turn|28\n|\n|t:|1781462509\n|move|p2a: Floatzel|Wave Crash|p1a: Altaria\n|-crit|p1a: Altaria\n|-damage|p1a: Altaria|0 fnt\n|faint|p1a: Altaria\n|-damage|p2a: Floatzel|49/286|[from] Recoil\n|\n|-heal|p2a: Floatzel|66/286|[from] item: Leftovers\n|upkeep\n|-message|xyzoffdeez forfeited.\n|\n|win|Wigglystuff\n", "inputlog": ">version a8376a258c1d4662feba110a92103f3664a72141\n>start {\"formatid\":\"gen9randombattle\",\"seed\":\"sodium,41baf3d1fe209fe5e2a3803389fc9916\",\"rated\":\"Rated battle\"}\n>player p1 {\"name\":\"xyzoffdeez\",\"avatar\":\"2\",\"rating\":2094,\"seed\":\"sodium,70e2e489440f32e55448a163cbf8df2b\"}\n>player p2 {\"name\":\"Wigglystuff\",\"avatar\":\"265\",\"rating\":2036,\"seed\":\"sodium,48059018be0ea5d60fee151b9a986469\"}\n>p1 switch 3\n>p2 move bulkup\n>p1 move roar\n>p2 move taunt\n>p1 move scald\n>p2 switch 5\n>p1 switch 6\n>p2 move takeheart\n>p1 move bodyslam\n>p2 move scald\n>p1 move psychicnoise\n>p2 move takeheart\n>p1 move bodyslam\n>p2 move icebeam\n>p1 move bodyslam\n>p2 move icebeam\n>p1 switch 5\n>p1 move psyshock\n>p2 move scald\n>p2 switch 3\n>p1 switch 6\n>p2 move knockoff\n>p1 move wish\n>p2 switch 4\n>p1 move protect\n>p2 move uturn\n>p1 move scald\n>p2 move uturn\n>p2 switch 2\n>p1 move roar\n>p2 move hurricane\n>p1 switch 3\n>p2 move uturn\n>p2 switch 4\n>p1 switch 3\n>p2 move tripleaxel\n>p1 switch 4\n>p2 move tripleaxel\n>p1 move flipturn\n>p2 move tripleaxel\n>p1 switch 6\n>p1 move dazzlinggleam\n>p2 move tripleaxel\n>p2 switch 5\n>p1 move dazzlinggleam\n>p2 move icespinner\n>p1 switch 3\n>p1 move bravebird terastallize\n>p2 move taunt\n>p1 switch 4\n>p2 move wavecrash\n>p1 switch 4\n>p2 move taunt\n>p1 switch 4\n>p2 move bulkup\n>p1 move scald\n>p2 move taunt\n>p1 move scald\n>p2 move icespinner\n>p1 move scald\n>p2 move icespinner\n>p1 switch 4\n>p1 move bravebird\n>p2 move wavecrash\n>forcelose p1", "uploadtime": 1781462192, "views": 4, "formatid": "gen9randombattle", "rating": null, "private": 0, "password": null}