{"id": "gen9randombattle-2631949009", "format": "[Gen 9] Random Battle", "players": ["DEVILICEMIN", "Wigglystuff"], "log": "|j|\u2606DEVILICEMIN\n|j|\u2606Wigglystuff\n|t:|1781458913\n|gametype|singles\n|player|p1|DEVILICEMIN|265|2076\n|player|p2|Wigglystuff|265|2077\n|gen|9\n|tier|[Gen 9] Random Battle\n|rated|\n|rule|Species Clause: Limit one of each Pok\u00e9mon\n|rule|HP Percentage Mod: HP is shown in percentages\n|rule|Sleep Clause Mod: Limit one foe put to sleep\n|rule|Illusion Level Mod: Illusion disguises the Pok\u00e9mon's true level\n|\n|t:|1781458913\n|teamsize|p1|6\n|teamsize|p2|6\n|start\n|switch|p1a: Azumarill|Azumarill, L82, F|298/298\n|switch|p2a: Cramorant|Cramorant, L86, F|261/261\n|turn|1\n|\n|t:|1781458927\n|switch|p1a: Ninetales|Ninetales-Alola, L78, M|242/242\n|-weather|Snowscape|[from] ability: Snow Warning|[of] p1a: Ninetales\n|move|p2a: Cramorant|Surf|p1a: Ninetales\n|-formechange|p2a: Cramorant|Cramorant-Gulping|\n|-damage|p1a: Ninetales|155/242\n|\n|-weather|Snowscape|[upkeep]\n|upkeep\n|turn|2\n|\n|t:|1781458944\n|switch|p2a: Mienshao|Mienshao, L83, M|244/244\n|move|p1a: Ninetales|Aurora Veil|p1a: Ninetales\n|-sidestart|p1: DEVILICEMIN|move: Aurora Veil\n|\n|-weather|Snowscape|[upkeep]\n|upkeep\n|turn|3\n|\n|t:|1781458952\n|move|p2a: Mienshao|Fake Out|p1a: Ninetales\n|-damage|p1a: Ninetales|142/242\n|cant|p1a: Ninetales|flinch\n|\n|-weather|Snowscape|[upkeep]\n|upkeep\n|turn|4\n|\n|t:|1781458963\n|move|p2a: Mienshao|U-turn|p1a: Ninetales\n|-resisted|p1a: Ninetales\n|-damage|p1a: Ninetales|129/242\n|\n|t:|1781458976\n|switch|p2a: Delphox|Delphox, L84, F|263/263|[from] U-turn\n|move|p1a: Ninetales|Moonblast|p2a: Delphox\n|-resisted|p2a: Delphox\n|-damage|p2a: Delphox|230/263\n|-unboost|p2a: Delphox|spa|1\n|\n|-weather|Snowscape|[upkeep]\n|upkeep\n|turn|5\n|\n|t:|1781458989\n|switch|p2a: Cramorant|Cramorant, L86, F|261/261\n|switch|p1a: Azumarill|Azumarill, L82, F|298/298\n|\n|-weather|none\n|upkeep\n|turn|6\n|\n|t:|1781458997\n|move|p2a: Cramorant|Surf|p1a: Azumarill\n|-formechange|p2a: Cramorant|Cramorant-Gulping|\n|-resisted|p1a: Azumarill\n|-damage|p1a: Azumarill|273/298\n|move|p1a: Azumarill|Knock Off|p2a: Cramorant\n|-damage|p2a: Cramorant|84/261\n|-damage|p1a: Azumarill|199/298|[from] ability: Gulp Missile|[of] p2a: Cramorant\n|-unboost|p1a: Azumarill|def|1\n|-formechange|p2a: Cramorant|Cramorant|\n|-enditem|p2a: Cramorant|Heavy-Duty Boots|[from] move: Knock Off|[of] p1a: Azumarill\n|\n|upkeep\n|turn|7\n|\n|t:|1781459009\n|switch|p1a: Ninetales|Ninetales-Alola, L78, M|129/242\n|-weather|Snowscape|[from] ability: Snow Warning|[of] p1a: Ninetales\n|move|p2a: Cramorant|Roost|p2a: Cramorant\n|-heal|p2a: Cramorant|215/261\n|-singleturn|p2a: Cramorant|move: Roost\n|\n|-weather|Snowscape|[upkeep]\n|upkeep\n|turn|8\n|\n|t:|1781459025\n|switch|p2a: Mienshao|Mienshao, L83, M|244/244\n|move|p1a: Ninetales|Blizzard|p2a: Mienshao\n|-crit|p2a: Mienshao\n|-damage|p2a: Mienshao|130/244\n|\n|-weather|Snowscape|[upkeep]\n|upkeep\n|turn|9\n|\n|t:|1781459037\n|move|p2a: Mienshao|Fake Out|p1a: Ninetales\n|-damage|p1a: Ninetales|116/242\n|cant|p1a: Ninetales|flinch\n|\n|-weather|Snowscape|[upkeep]\n|-sideend|p1: DEVILICEMIN|move: Aurora Veil\n|upkeep\n|turn|10\n|\n|t:|1781459044\n|move|p2a: Mienshao|Close Combat|p1a: Ninetales\n|-damage|p1a: Ninetales|0 fnt\n|-unboost|p2a: Mienshao|def|1\n|-unboost|p2a: Mienshao|spd|1\n|faint|p1a: Ninetales\n|\n|-weather|Snowscape|[upkeep]\n|upkeep\n|\n|t:|1781459051\n|switch|p1a: Inteleon|Inteleon, L81, M|246/246\n|turn|11\n|\n|t:|1781459058\n|switch|p2a: Cramorant|Cramorant, L86, F|215/261\n|move|p1a: Inteleon|Scald|p2a: Cramorant\n|-resisted|p2a: Cramorant\n|-damage|p2a: Cramorant|149/261\n|\n|-weather|none\n|upkeep\n|turn|12\n|\n|t:|1781459067\n|move|p1a: Inteleon|Scald|p2a: Cramorant\n|-resisted|p2a: Cramorant\n|-damage|p2a: Cramorant|78/261\n|-status|p2a: Cramorant|brn\n|move|p2a: Cramorant|Surf|p1a: Inteleon\n|-formechange|p2a: Cramorant|Cramorant-Gorging|\n|-resisted|p1a: Inteleon\n|-damage|p1a: Inteleon|192/246\n|\n|-damage|p2a: Cramorant|62/261 brn|[from] brn\n|upkeep\n|turn|13\n|\n|t:|1781459076\n|switch|p1a: Zebstrika|Zebstrika, L87, M|272/272\n|move|p2a: Cramorant|Roost|p2a: Cramorant\n|-heal|p2a: Cramorant|193/261 brn\n|-singleturn|p2a: Cramorant|move: Roost\n|\n|-damage|p2a: Cramorant|177/261 brn|[from] brn\n|upkeep\n|turn|14\n|\n|t:|1781459095\n|switch|p2a: Emboar|Emboar, L84, M|322/322\n|move|p1a: Zebstrika|Volt Switch|p2a: Emboar\n|-damage|p2a: Emboar|252/322\n|-damage|p1a: Zebstrika|245/272|[from] item: Life Orb\n|\n|t:|1781459104\n|switch|p1a: Inteleon|Inteleon, L81, M|192/246|[from] Volt Switch\n|\n|upkeep\n|turn|15\n|\n|t:|1781459111\n|switch|p2a: Cramorant|Cramorant, L86, F|177/261 brn\n|move|p1a: Inteleon|Scald|p2a: Cramorant\n|-resisted|p2a: Cramorant\n|-crit|p2a: Cramorant\n|-damage|p2a: Cramorant|85/261 brn\n|\n|-damage|p2a: Cramorant|69/261 brn|[from] brn\n|upkeep\n|turn|16\n|\n|t:|1781459122\n|move|p1a: Inteleon|Scald|p2a: Cramorant\n|-resisted|p2a: Cramorant\n|-damage|p2a: Cramorant|1/261 brn\n|move|p2a: Cramorant|Surf|p1a: Inteleon\n|-formechange|p2a: Cramorant|Cramorant-Gorging|\n|-resisted|p1a: Inteleon\n|-damage|p1a: Inteleon|137/246\n|\n|-damage|p2a: Cramorant|0 fnt|[from] brn\n|faint|p2a: Cramorant\n|upkeep\n|\n|t:|1781459138\n|switch|p2a: Mienshao|Mienshao, L83, M|211/244\n|turn|17\n|\n|t:|1781459143\n|move|p2a: Mienshao|Fake Out|p1a: Inteleon\n|-damage|p1a: Inteleon|95/246\n|cant|p1a: Inteleon|flinch\n|\n|upkeep\n|turn|18\n|\n|t:|1781459150\n|move|p1a: Inteleon|Scald|p2a: Mienshao\n|-damage|p2a: Mienshao|82/244\n|move|p2a: Mienshao|Close Combat|p1a: Inteleon\n|-damage|p1a: Inteleon|0 fnt\n|-unboost|p2a: Mienshao|def|1\n|-unboost|p2a: Mienshao|spd|1\n|faint|p1a: Inteleon\n|\n|upkeep\n|\n|t:|1781459158\n|switch|p1a: Zebstrika|Zebstrika, L87, M|245/272\n|turn|19\n|\n|t:|1781459163\n|switch|p2a: Delphox|Delphox, L84, F|230/263\n|move|p1a: Zebstrika|Volt Switch|p2a: Delphox\n|-damage|p2a: Delphox|151/263\n|-damage|p1a: Zebstrika|218/272|[from] item: Life Orb\n|\n|t:|1781459167\n|switch|p1a: Azumarill|Azumarill, L82, F|199/298|[from] Volt Switch\n|\n|upkeep\n|turn|20\n|\n|t:|1781459184\n|switch|p2a: Trevenant|Trevenant, L89, M|296/296\n|move|p1a: Azumarill|Aqua Jet|p2a: Trevenant\n|-resisted|p2a: Trevenant\n|-damage|p2a: Trevenant|258/296\n|\n|upkeep\n|turn|21\n|\n|t:|1781459194\n|switch|p1a: Cyclizar|Cyclizar, L83, M|252/252\n|move|p2a: Trevenant|Poltergeist|p1a: Cyclizar\n|-immune|p1a: Cyclizar\n|\n|upkeep\n|turn|22\n|\n|t:|1781459203\n|move|p1a: Cyclizar|Shed Tail|p1a: Cyclizar\n|-start|p1a: Cyclizar|Substitute|[from] move: Shed Tail\n|-damage|p1a: Cyclizar|126/252\n|\n|t:|1781459212\n|switch|p1a: Zebstrika|Zebstrika, L87, M|218/272|[from] Shed Tail\n|move|p2a: Trevenant|Drain Punch|p1a: Zebstrika\n|-end|p1a: Zebstrika|Substitute\n|-heal|p2a: Trevenant|290/296|[from] drain|[of] p1a: Zebstrika\n|-damage|p2a: Trevenant|261/296|[from] item: Life Orb\n|\n|upkeep\n|turn|23\n|\n|t:|1781459225\n|switch|p2a: Delphox|Delphox, L84, F|151/263\n|move|p1a: Zebstrika|Overheat|p2a: Delphox\n|-resisted|p2a: Delphox\n|-damage|p2a: Delphox|98/263\n|-unboost|p1a: Zebstrika|spa|2\n|-damage|p1a: Zebstrika|191/272|[from] item: Life Orb\n|\n|upkeep\n|turn|24\n|\n|t:|1781459236\n|move|p2a: Delphox|Psyshock|p1a: Zebstrika\n|-damage|p1a: Zebstrika|65/272\n|move|p1a: Zebstrika|High Horsepower|p2a: Delphox\n|-supereffective|p2a: Delphox\n|-damage|p2a: Delphox|0 fnt\n|faint|p2a: Delphox\n|-damage|p1a: Zebstrika|38/272|[from] item: Life Orb\n|\n|upkeep\n|\n|t:|1781459246\n|switch|p2a: Mienshao|Mienshao, L83, M|163/244\n|turn|25\n|\n|t:|1781459255\n|move|p2a: Mienshao|Fake Out|p1a: Zebstrika\n|-damage|p1a: Zebstrika|0 fnt\n|faint|p1a: Zebstrika\n|\n|upkeep\n|\n|t:|1781459264\n|switch|p1a: Cyclizar|Cyclizar, L83, M|210/252\n|turn|26\n|\n|t:|1781459270\n|move|p1a: Cyclizar|Draco Meteor|p2a: Mienshao\n|-damage|p2a: Mienshao|45/244\n|-unboost|p1a: Cyclizar|spa|2\n|move|p2a: Mienshao|Close Combat|p1a: Cyclizar\n|-supereffective|p1a: Cyclizar\n|-damage|p1a: Cyclizar|0 fnt\n|-unboost|p2a: Mienshao|def|1\n|-unboost|p2a: Mienshao|spd|1\n|faint|p1a: Cyclizar\n|\n|upkeep\n|\n|t:|1781459278\n|switch|p1a: Copperajah|Copperajah, L86, M|350/350\n|turn|27\n|\n|t:|1781459287\n|-terastallize|p1a: Copperajah|Fairy\n|move|p2a: Mienshao|Close Combat|p1a: Copperajah\n|-resisted|p1a: Copperajah\n|-damage|p1a: Copperajah|254/350\n|-unboost|p2a: Mienshao|def|1\n|-unboost|p2a: Mienshao|spd|1\n|move|p1a: Copperajah|Play Rough|p2a: Mienshao\n|-supereffective|p2a: Mienshao\n|-damage|p2a: Mienshao|0 fnt\n|faint|p2a: Mienshao\n|\n|upkeep\n|\n|t:|1781459302\n|switch|p2a: Toucannon|Toucannon, L88, F|284/284\n|turn|28\n|\n|t:|1781459307\n|-singleturn|p2a: Toucannon|move: Beak Blast\n|move|p1a: Copperajah|Iron Head|p2a: Toucannon\n|-damage|p2a: Toucannon|84/284\n|-status|p1a: Copperajah|brn\n|move|p2a: Toucannon|Beak Blast|p1a: Copperajah\n|-damage|p1a: Copperajah|88/350 brn\n|\n|-damage|p1a: Copperajah|67/350 brn|[from] brn\n|upkeep\n|turn|29\n|\n|t:|1781459320\n|move|p2a: Toucannon|Boomburst|p1a: Copperajah\n|-damage|p1a: Copperajah|0 fnt\n|faint|p1a: Copperajah\n|\n|upkeep\n|\n|t:|1781459321\n|switch|p1a: Azumarill|Azumarill, L82, F|199/298\n|turn|30\n|\n|t:|1781459326\n|-singleturn|p2a: Toucannon|move: Beak Blast\n|move|p1a: Azumarill|Knock Off|p2a: Toucannon\n|-damage|p2a: Toucannon|0 fnt\n|-status|p1a: Azumarill|brn\n|-enditem|p2a: Toucannon|Heavy-Duty Boots|[from] move: Knock Off|[of] p1a: Azumarill\n|faint|p2a: Toucannon\n|\n|-damage|p1a: Azumarill|181/298 brn|[from] brn\n|upkeep\n|-message|DEVILICEMIN forfeited.\n|\n|win|Wigglystuff\n", "inputlog": ">version a8376a258c1d4662feba110a92103f3664a72141\n>start {\"formatid\":\"gen9randombattle\",\"seed\":\"sodium,b1e02a019fb092d4802f5caa5a1dda00\",\"rated\":\"Rated battle\"}\n>player p1 {\"name\":\"DEVILICEMIN\",\"avatar\":\"265\",\"rating\":2076,\"seed\":\"sodium,2395e722a87ae63fa5ad682e8820a2fd\"}\n>player p2 {\"name\":\"Wigglystuff\",\"avatar\":\"265\",\"rating\":2077,\"seed\":\"sodium,06f784b47465f9583c082eb73eead736\"}\n>p1 switch 3\n>p2 move surf\n>p1 move auroraveil\n>p2 switch 4\n>p1 move moonblast\n>p2 move fakeout\n>p1 move moonblast\n>p2 move uturn\n>p2 switch 6\n>p1 switch 3\n>p2 switch 4\n>p1 move knockoff\n>p2 move surf\n>p1 switch 3\n>p2 move roost\n>p1 move blizzard\n>p2 switch 6\n>p1 move moonblast\n>p2 move fakeout\n>p1 move auroraveil\n>p2 move closecombat\n>p1 switch 5\n>p1 move scald\n>p2 switch 6\n>p1 move scald\n>p2 move surf\n>p1 switch 2\n>p2 move roost\n>p1 move voltswitch\n>p2 switch 3\n>p1 switch 2\n>p1 move scald\n>p2 switch 3\n>p1 move scald\n>p2 move surf\n>p2 switch 6\n>p1 move scald\n>p2 move fakeout\n>p1 move scald\n>p2 move closecombat\n>p1 switch 2\n>p1 move voltswitch\n>p2 switch 4\n>p1 switch 3\n>p1 move aquajet\n>p2 switch 2\n>p1 switch 4\n>p2 move poltergeist\n>p1 move shedtail\n>p2 move drainpunch\n>p1 switch 3\n>p1 move overheat\n>p2 switch 2\n>p1 move highhorsepower\n>p2 move psyshock\n>p2 switch 4\n>p1 move supercellslam\n>p2 move fakeout\n>p1 switch 3\n>p1 move dracometeor\n>p2 move closecombat\n>p1 switch 6\n>p1 move playrough terastallize\n>p2 move closecombat\n>p2 switch 5\n>p1 move ironhead\n>p2 move beakblast\n>p1 move ironhead\n>p2 move boomburst\n>p1 switch 4\n>p1 move knockoff\n>p2 move beakblast\n>forcelose p1", "uploadtime": 1781458915, "views": 4, "formatid": "gen9randombattle", "rating": null, "private": 0, "password": null}