{"id": "gen9randombattle-2631717950", "format": "[Gen 9] Random Battle", "players": ["l'ingegnere", "John Five"], "log": "|j|\u2606l'ingegnere\n|j|\u2606John Five\n|t:|1781427779\n|gametype|singles\n|player|p1|l'ingegnere|scientist-gen4|1992\n|player|p2|John Five|veteranf|1987\n|gen|9\n|tier|[Gen 9] Random Battle\n|rated|\n|rule|Species Clause: Limit one of each Pok\u00e9mon\n|rule|HP Percentage Mod: HP is shown in percentages\n|rule|Sleep Clause Mod: Limit one foe put to sleep\n|rule|Illusion Level Mod: Illusion disguises the Pok\u00e9mon's true level\n|\n|t:|1781427779\n|teamsize|p1|6\n|teamsize|p2|6\n|start\n|switch|p1a: Hydrapple|Hydrapple, L83, M|312/312\n|switch|p2a: Annihilape|Annihilape, L76, M|292/292\n|turn|1\n|inactive|Battle timer is ON: inactive players will automatically lose when time's up. (requested by l'ingegnere)\n|\n|t:|1781427789\n|move|p2a: Annihilape|Bulk Up|p2a: Annihilape\n|-boost|p2a: Annihilape|atk|1\n|-boost|p2a: Annihilape|def|1\n|move|p1a: Hydrapple|Draco Meteor|p2a: Annihilape\n|-damage|p2a: Annihilape|34/292\n|-unboost|p1a: Hydrapple|spa|2\n|\n|-heal|p2a: Annihilape|52/292|[from] item: Leftovers\n|upkeep\n|turn|2\n|\n|t:|1781427810\n|switch|p1a: Dondozo|Dondozo, L78, F|362/362\n|move|p2a: Annihilape|Drain Punch|p1a: Dondozo\n|-damage|p1a: Dondozo|293/362\n|-heal|p2a: Annihilape|87/292|[from] drain|[of] p1a: Dondozo\n|\n|-heal|p2a: Annihilape|105/292|[from] item: Leftovers\n|-heal|p1a: Dondozo|315/362|[from] item: Leftovers\n|upkeep\n|turn|3\n|\n|t:|1781427819\n|move|p2a: Annihilape|Drain Punch|p1a: Dondozo\n|-damage|p1a: Dondozo|243/362\n|-heal|p2a: Annihilape|141/292|[from] drain|[of] p1a: Dondozo\n|move|p1a: Dondozo|Curse|p1a: Dondozo\n|-unboost|p1a: Dondozo|spe|1\n|-boost|p1a: Dondozo|atk|1\n|-boost|p1a: Dondozo|def|1\n|\n|-heal|p2a: Annihilape|159/292|[from] item: Leftovers\n|-heal|p1a: Dondozo|265/362|[from] item: Leftovers\n|upkeep\n|turn|4\n|\n|t:|1781427831\n|switch|p2a: Meganium|Meganium, L90, M|290/290\n|move|p1a: Dondozo|Curse|p1a: Dondozo\n|-unboost|p1a: Dondozo|spe|1\n|-boost|p1a: Dondozo|atk|1\n|-boost|p1a: Dondozo|def|1\n|\n|-heal|p1a: Dondozo|287/362|[from] item: Leftovers\n|upkeep\n|turn|5\n|\n|t:|1781427839\n|switch|p1a: Hydrapple|Hydrapple, L83, M|312/312\n|move|p2a: Meganium|Knock Off|p1a: Hydrapple\n|-crit|p1a: Hydrapple\n|-damage|p1a: Hydrapple|226/312\n|-enditem|p1a: Hydrapple|Choice Specs|[from] move: Knock Off|[of] p2a: Meganium\n|\n|upkeep\n|turn|6\n|\n|t:|1781427848\n|switch|p2a: Wigglytuff|Wigglytuff, L96, F|424/424\n|move|p1a: Hydrapple|Fickle Beam|p2a: Wigglytuff\n|-immune|p2a: Wigglytuff\n|\n|upkeep\n|turn|7\n|\n|t:|1781427855\n|switch|p1a: Iron Crown|Iron Crown, L78|268/268\n|move|p2a: Wigglytuff|Thunder Wave|p1a: Iron Crown\n|-status|p1a: Iron Crown|par\n|\n|upkeep\n|turn|8\n|\n|t:|1781427861\n|switch|p2a: Charizard|Charizard, L85, M|271/271\n|move|p1a: Iron Crown|Volt Switch|p2a: Charizard\n|-supereffective|p2a: Charizard\n|-damage|p2a: Charizard|107/271\n|\n|t:|1781427881\n|-end|p1a: Iron Crown|Quark Drive|[silent]\n|switch|p1a: Regirock|Regirock, L83|268/268|[from] Volt Switch\n|\n|upkeep\n|turn|9\n|\n|t:|1781427895\n|switch|p1a: Hydrapple|Hydrapple, L83, M|312/312\n|move|p2a: Charizard|Focus Blast|p1a: Hydrapple\n|-damage|p1a: Hydrapple|212/312\n|\n|upkeep\n|turn|10\n|\n|t:|1781427901\n|move|p2a: Charizard|Hurricane|p1a: Hydrapple\n|-supereffective|p1a: Hydrapple\n|-damage|p1a: Hydrapple|0 fnt\n|faint|p1a: Hydrapple\n|\n|upkeep\n|\n|t:|1781427905\n|switch|p1a: Carbink|Carbink, L90|236/236\n|turn|11\n|\n|t:|1781427910\n|move|p2a: Charizard|Will-O-Wisp|p1a: Carbink\n|-status|p1a: Carbink|brn\n|move|p1a: Carbink|Iron Defense|p1a: Carbink\n|-boost|p1a: Carbink|def|2\n|\n|-damage|p1a: Carbink|222/236 brn|[from] brn\n|upkeep\n|turn|12\n|\n|t:|1781427926\n|move|p2a: Charizard|Focus Blast|p1a: Carbink\n|-damage|p1a: Carbink|160/236 brn\n|move|p1a: Carbink|Rock Polish|p1a: Carbink\n|-boost|p1a: Carbink|spe|2\n|\n|-heal|p1a: Carbink|174/236 brn|[from] item: Leftovers\n|-damage|p1a: Carbink|160/236 brn|[from] brn\n|upkeep\n|turn|13\n|\n|t:|1781427932\n|move|p1a: Carbink|Iron Defense|p1a: Carbink\n|-boost|p1a: Carbink|def|2\n|move|p2a: Charizard|Focus Blast|p1a: Carbink\n|-damage|p1a: Carbink|105/236 brn\n|\n|-heal|p1a: Carbink|119/236 brn|[from] item: Leftovers\n|-damage|p1a: Carbink|105/236 brn|[from] brn\n|upkeep\n|turn|14\n|\n|t:|1781427939\n|move|p1a: Carbink|Body Press|p2a: Charizard\n|-resisted|p2a: Charizard\n|-damage|p2a: Charizard|34/271\n|move|p2a: Charizard|Focus Blast|p1a: Carbink\n|-damage|p1a: Carbink|43/236 brn\n|\n|-heal|p1a: Carbink|57/236 brn|[from] item: Leftovers\n|-damage|p1a: Carbink|43/236 brn|[from] brn\n|upkeep\n|turn|15\n|\n|t:|1781427946\n|move|p1a: Carbink|Body Press|p2a: Charizard\n|-resisted|p2a: Charizard\n|-damage|p2a: Charizard|0 fnt\n|faint|p2a: Charizard\n|\n|-heal|p1a: Carbink|57/236 brn|[from] item: Leftovers\n|-damage|p1a: Carbink|43/236 brn|[from] brn\n|upkeep\n|\n|t:|1781427958\n|switch|p2a: Meganium|Meganium, L90, M|290/290\n|turn|16\n|\n|t:|1781427962\n|move|p1a: Carbink|Body Press|p2a: Meganium\n|-damage|p2a: Meganium|180/290\n|move|p2a: Meganium|Energy Ball|p1a: Carbink\n|-supereffective|p1a: Carbink\n|-damage|p1a: Carbink|0 fnt\n|faint|p1a: Carbink\n|\n|-heal|p2a: Meganium|198/290|[from] item: Leftovers\n|upkeep\n|\n|t:|1781427971\n|switch|p1a: Iron Crown|Iron Crown, L78|268/268 par\n|turn|17\n|\n|t:|1781427975\n|move|p2a: Meganium|Knock Off|p1a: Iron Crown\n|-supereffective|p1a: Iron Crown\n|-damage|p1a: Iron Crown|144/268 par\n|-enditem|p1a: Iron Crown|Choice Specs|[from] move: Knock Off|[of] p2a: Meganium\n|move|p1a: Iron Crown|Tachyon Cutter|p2a: Meganium\n|-damage|p2a: Meganium|152/290\n|-damage|p2a: Meganium|103/290\n|-hitcount|p2a: Meganium|2\n|\n|-heal|p2a: Meganium|121/290|[from] item: Leftovers\n|upkeep\n|turn|18\n|\n|t:|1781427980\n|move|p2a: Meganium|Synthesis|p2a: Meganium\n|-heal|p2a: Meganium|266/290\n|cant|p1a: Iron Crown|par\n|\n|-heal|p2a: Meganium|284/290|[from] item: Leftovers\n|upkeep\n|turn|19\n|-message|l'ingegnere forfeited.\n|\n|win|John Five\n", "inputlog": ">version a8376a258c1d4662feba110a92103f3664a72141\n>start {\"formatid\":\"gen9randombattle\",\"seed\":\"sodium,221eb99863ae335efbb99a996fa1a240\",\"rated\":\"Rated battle\"}\n>player p1 {\"name\":\"l'ingegnere\",\"avatar\":\"scientist-gen4\",\"rating\":1992,\"seed\":\"sodium,8ff43178c8b968dbbacbbdd95a45407a\"}\n>player p2 {\"name\":\"John Five\",\"avatar\":\"veteranf\",\"rating\":1987,\"seed\":\"sodium,ecaa4ddbdcc6dfee0d656460a39ce8cb\"}\n>p1 move dracometeor\n>p2 move bulkup\n>p1 switch 5\n>p2 move drainpunch\n>p1 move curse\n>p2 move drainpunch\n>p1 move curse\n>p2 switch 2\n>p1 switch 5\n>p2 move knockoff\n>p1 move ficklebeam\n>p2 switch 3\n>p1 switch 6\n>p2 move thunderwave\n>p1 move voltswitch\n>p2 switch 5\n>p1 switch 3\n>p1 switch 6\n>p2 move focusblast\n>p1 move ficklebeam\n>p2 move hurricane\n>p1 switch 4\n>p1 move irondefense\n>p2 move willowisp\n>p1 move rockpolish\n>p2 move focusblast\n>p1 move irondefense\n>p2 move focusblast\n>p1 move bodypress\n>p2 move focusblast\n>p1 move bodypress\n>p2 move focusblast\n>p2 switch 3\n>p1 move bodypress\n>p2 move energyball\n>p1 switch 3\n>p1 move tachyoncutter\n>p2 move knockoff\n>p1 move tachyoncutter\n>p2 move synthesis\n>forcelose p1", "uploadtime": 1781427780, "views": 5, "formatid": "gen9randombattle", "rating": null, "private": 0, "password": null}