{"id": "gen9randombattle-2631598603", "format": "[Gen 9] Random Battle", "players": ["sleek777", "Arsenal0394"], "log": "|j|\u2606sleek777\n|j|\u203dArsenal0394\n|t:|1781406679\n|gametype|singles\n|player|p1|sleek777|169|1968\n|player|p2|Arsenal0394|2|2000\n|gen|9\n|tier|[Gen 9] Random Battle\n|rated|\n|rule|Species Clause: Limit one of each Pok\u00e9mon\n|rule|HP Percentage Mod: HP is shown in percentages\n|rule|Sleep Clause Mod: Limit one foe put to sleep\n|rule|Illusion Level Mod: Illusion disguises the Pok\u00e9mon's true level\n|\n|t:|1781406679\n|teamsize|p1|6\n|teamsize|p2|6\n|start\n|switch|p1a: Okidogi|Okidogi, L77, M|262/262\n|switch|p2a: Slowking|Slowking, L88, M|310/310\n|turn|1\n|inactive|Battle timer is ON: inactive players will automatically lose when time's up. (requested by sleek777)\n|\n|t:|1781406704\n|switch|p1a: Bruxish|Bruxish, L85, M|254/254\n|move|p2a: Slowking|Psychic Noise|p1a: Bruxish\n|-resisted|p1a: Bruxish\n|-damage|p1a: Bruxish|204/254\n|-start|p1a: Bruxish|move: Heal Block\n|\n|upkeep\n|turn|2\n|\n|t:|1781406710\n|switch|p2a: Magcargo|Magcargo, L95, F|268/268\n|move|p1a: Bruxish|Crunch|p2a: Magcargo\n|-damage|p2a: Magcargo|189/268\n|-unboost|p2a: Magcargo|def|1\n|-damage|p1a: Bruxish|179/254|[from] item: Life Orb\n|\n|-end|p1a: Bruxish|move: Heal Block\n|upkeep\n|turn|3\n|\n|t:|1781406723\n|switch|p2a: Slowking|Slowking, L88, M|310/310\n|move|p1a: Bruxish|Wave Crash|p2a: Slowking\n|-resisted|p2a: Slowking\n|-damage|p2a: Slowking|222/310\n|-damage|p1a: Bruxish|150/254|[from] Recoil\n|-damage|p1a: Bruxish|125/254|[from] item: Life Orb\n|\n|upkeep\n|turn|4\n|\n|t:|1781406732\n|move|p1a: Bruxish|Swords Dance|p1a: Bruxish\n|-boost|p1a: Bruxish|atk|2\n|-prepare|p2a: Slowking|Chilly Reception|[premajor]\n|move|p2a: Slowking|Chilly Reception|p2a: Slowking\n|-weather|Snowscape\n|\n|t:|1781406743\n|switch|p2a: Wugtrio|Wugtrio, L91, F|212/212|[from] Chilly Reception\n|\n|-weather|Snowscape|[upkeep]\n|upkeep\n|turn|5\n|\n|t:|1781406763\n|switch|p1a: Okidogi|Okidogi, L77, M|262/262\n|move|p2a: Wugtrio|Throat Chop|p1a: Okidogi\n|-resisted|p1a: Okidogi\n|-damage|p1a: Okidogi|218/262\n|-start|p1a: Okidogi|Throat Chop|[silent]\n|\n|-weather|Snowscape|[upkeep]\n|upkeep\n|turn|6\n|\n|t:|1781406774\n|switch|p2a: Magcargo|Magcargo, L95, F|189/268\n|move|p1a: Okidogi|Knock Off|p2a: Magcargo\n|-damage|p2a: Magcargo|137/268\n|-enditem|p2a: Magcargo|Heavy-Duty Boots|[from] move: Knock Off|[of] p1a: Okidogi\n|\n|-weather|Snowscape|[upkeep]\n|-end|p1a: Okidogi|Throat Chop|[silent]\n|upkeep\n|turn|7\n|\n|t:|1781406782\n|move|p1a: Okidogi|High Horsepower|p2a: Magcargo\n|-supereffective|p2a: Magcargo\n|-damage|p2a: Magcargo|0 fnt\n|-status|p1a: Okidogi|brn|[from] ability: Flame Body|[of] p2a: Magcargo\n|faint|p2a: Magcargo\n|\n|-weather|Snowscape|[upkeep]\n|-damage|p1a: Okidogi|202/262 brn|[from] brn\n|upkeep\n|\n|t:|1781406787\n|switch|p2a: Kricketune|Kricketune, L99, M|312/312\n|turn|8\n|inactive|sleek777 has 120 seconds left.\n|\n|t:|1781406825\n|switch|p1a: Grafaiai|Grafaiai, L86, M|249/249\n|move|p2a: Kricketune|Sticky Web|p1a: Grafaiai\n|-sidestart|p1: sleek777|move: Sticky Web\n|\n|-weather|none\n|upkeep\n|turn|9\n|inactive|sleek777 has 120 seconds left.\n|\n|t:|1781406836\n|move|p1a: Grafaiai|Swords Dance|p1a: Grafaiai\n|-boost|p1a: Grafaiai|atk|2\n|move|p2a: Kricketune|Knock Off|p1a: Grafaiai\n|-damage|p1a: Grafaiai|140/249\n|-enditem|p1a: Grafaiai|Life Orb|[from] move: Knock Off|[of] p2a: Kricketune\n|\n|upkeep\n|turn|10\n|\n|t:|1781406841\n|move|p1a: Grafaiai|Gunk Shot|p2a: Kricketune\n|-damage|p2a: Kricketune|0 fnt\n|faint|p2a: Kricketune\n|\n|upkeep\n|\n|t:|1781406846\n|switch|p2a: Wugtrio|Wugtrio, L91, F|212/212\n|turn|11\n|\n|t:|1781406850\n|switch|p1a: Bruxish|Bruxish, L85, M|125/254\n|-activate|p1a: Bruxish|move: Sticky Web\n|-unboost|p1a: Bruxish|spe|1\n|move|p2a: Wugtrio|Liquidation|p1a: Bruxish\n|-resisted|p1a: Bruxish\n|-damage|p1a: Bruxish|39/254\n|-unboost|p1a: Bruxish|def|1\n|\n|upkeep\n|turn|12\n|\n|t:|1781406855\n|move|p2a: Wugtrio|Liquidation|p1a: Bruxish\n|-resisted|p1a: Bruxish\n|-damage|p1a: Bruxish|0 fnt\n|faint|p1a: Bruxish\n|\n|upkeep\n|\n|t:|1781406867\n|switch|p1a: Calyrex|Calyrex, L93|337/337\n|-ability|p1a: Calyrex|Unnerve\n|-activate|p1a: Calyrex|move: Sticky Web\n|-unboost|p1a: Calyrex|spe|1\n|turn|13\n|\n|t:|1781406876\n|switch|p2a: Glastrier|Glastrier, L86|312/312\n|move|p1a: Calyrex|Leech Seed|p2a: Glastrier\n|-start|p2a: Glastrier|move: Leech Seed\n|\n|-damage|p2a: Glastrier|273/312|[from] Leech Seed|[of] p1a: Calyrex\n|upkeep\n|turn|14\n|\n|t:|1781406883\n|switch|p1a: Okidogi|Okidogi, L77, M|202/262 brn\n|-activate|p1a: Okidogi|move: Sticky Web\n|-unboost|p1a: Okidogi|spe|1\n|move|p2a: Glastrier|Icicle Crash|p1a: Okidogi\n|-damage|p1a: Okidogi|91/262 brn\n|\n|-damage|p2a: Glastrier|234/312|[from] Leech Seed|[of] p1a: Okidogi\n|-heal|p1a: Okidogi|130/262 brn|[silent]\n|-damage|p1a: Okidogi|114/262 brn|[from] brn\n|upkeep\n|turn|15\n|\n|t:|1781406891\n|switch|p2a: Slowking|Slowking, L88, M|310/310\n|move|p1a: Okidogi|Knock Off|p2a: Slowking\n|-supereffective|p2a: Slowking\n|-damage|p2a: Slowking|233/310\n|-enditem|p2a: Slowking|Heavy-Duty Boots|[from] move: Knock Off|[of] p1a: Okidogi\n|\n|-damage|p1a: Okidogi|98/262 brn|[from] brn\n|upkeep\n|turn|16\n|\n|t:|1781406901\n|move|p1a: Okidogi|Gunk Shot|p2a: Slowking\n|-damage|p2a: Slowking|170/310\n|move|p2a: Slowking|Scald|p1a: Okidogi\n|-damage|p1a: Okidogi|22/262 brn\n|\n|-damage|p1a: Okidogi|6/262 brn|[from] brn\n|upkeep\n|turn|17\n|\n|t:|1781406906\n|move|p1a: Okidogi|Gunk Shot|p2a: Slowking\n|-damage|p2a: Slowking|98/310\n|move|p2a: Slowking|Slack Off|p2a: Slowking\n|-heal|p2a: Slowking|253/310\n|\n|-damage|p1a: Okidogi|0 fnt|[from] brn\n|faint|p1a: Okidogi\n|upkeep\n|\n|t:|1781406914\n|switch|p1a: Calyrex|Calyrex, L93|337/337\n|-ability|p1a: Calyrex|Unnerve\n|-activate|p1a: Calyrex|move: Sticky Web\n|-unboost|p1a: Calyrex|spe|1\n|turn|18\n|\n|t:|1781406922\n|move|p1a: Calyrex|Calm Mind|p1a: Calyrex\n|-boost|p1a: Calyrex|spa|1\n|-boost|p1a: Calyrex|spd|1\n|-prepare|p2a: Slowking|Chilly Reception|[premajor]\n|move|p2a: Slowking|Chilly Reception|p2a: Slowking\n|-weather|Snowscape\n|\n|t:|1781406926\n|switch|p2a: Glastrier|Glastrier, L86|234/312|[from] Chilly Reception\n|\n|-weather|Snowscape|[upkeep]\n|upkeep\n|turn|19\n|\n|t:|1781406930\n|move|p1a: Calyrex|Giga Drain|p2a: Glastrier\n|-damage|p2a: Glastrier|131/312\n|move|p2a: Glastrier|Icicle Crash|p1a: Calyrex|[miss]\n|-miss|p2a: Glastrier|p1a: Calyrex\n|\n|-weather|Snowscape|[upkeep]\n|upkeep\n|turn|20\n|\n|t:|1781406937\n|-terastallize|p1a: Calyrex|Steel\n|move|p1a: Calyrex|Giga Drain|p2a: Glastrier\n|-damage|p2a: Glastrier|20/312\n|move|p2a: Glastrier|Icicle Crash|p1a: Calyrex|[miss]\n|-miss|p2a: Glastrier|p1a: Calyrex\n|\n|-weather|Snowscape|[upkeep]\n|upkeep\n|turn|21\n|\n|t:|1781406943\n|move|p1a: Calyrex|Giga Drain|p2a: Glastrier\n|-damage|p2a: Glastrier|0 fnt\n|faint|p2a: Glastrier\n|\n|-weather|Snowscape|[upkeep]\n|upkeep\n|\n|t:|1781406950\n|switch|p2a: Meganium|Meganium, L90, M|290/290\n|turn|22\n|\n|t:|1781406960\n|switch|p1a: Hitmonlee|Hitmonlee, L85, M|223/223\n|-activate|p1a: Hitmonlee|move: Sticky Web\n|-unboost|p1a: Hitmonlee|spe|1\n|move|p2a: Meganium|Swords Dance|p2a: Meganium\n|-boost|p2a: Meganium|atk|2\n|\n|-weather|none\n|upkeep\n|turn|23\n|\n|t:|1781406968\n|move|p2a: Meganium|Petal Blizzard|p1a: Hitmonlee\n|-damage|p1a: Hitmonlee|0 fnt\n|faint|p1a: Hitmonlee\n|\n|upkeep\n|\n|t:|1781406977\n|switch|p1a: Sandy Shocks|Sandy Shocks, L80|267/267\n|turn|24\n|\n|t:|1781406982\n|move|p1a: Sandy Shocks|Thunder Wave|p2a: Meganium\n|-status|p2a: Meganium|par\n|move|p2a: Meganium|Earthquake|p1a: Sandy Shocks\n|-supereffective|p1a: Sandy Shocks\n|-damage|p1a: Sandy Shocks|1/267\n|\n|upkeep\n|turn|25\n|\n|t:|1781406992\n|move|p1a: Sandy Shocks|Thunderbolt|p2a: Meganium\n|-resisted|p2a: Meganium\n|-damage|p2a: Meganium|243/290 par\n|move|p2a: Meganium|Petal Blizzard|p1a: Sandy Shocks\n|-supereffective|p1a: Sandy Shocks\n|-damage|p1a: Sandy Shocks|0 fnt\n|faint|p1a: Sandy Shocks\n|-end|p1a: Sandy Shocks|Protosynthesis|[silent]\n|\n|-heal|p2a: Meganium|261/290 par|[from] item: Leftovers\n|upkeep\n|\n|t:|1781406998\n|switch|p1a: Grafaiai|Grafaiai, L86, M|140/249\n|-activate|p1a: Grafaiai|move: Sticky Web\n|-unboost|p1a: Grafaiai|spe|1\n|turn|26\n|\n|t:|1781407009\n|switch|p2a: Slowking|Slowking, L88, M|310/310\n|move|p1a: Grafaiai|Gunk Shot|p2a: Slowking\n|-damage|p2a: Slowking|171/310\n|-status|p2a: Slowking|psn\n|\n|-damage|p2a: Slowking|133/310 psn|[from] psn\n|upkeep\n|turn|27\n|\n|t:|1781407022\n|move|p1a: Grafaiai|Gunk Shot|p2a: Slowking|[miss]\n|-miss|p1a: Grafaiai|p2a: Slowking\n|move|p2a: Slowking|Scald|p1a: Grafaiai\n|-damage|p1a: Grafaiai|22/249\n|\n|-damage|p2a: Slowking|95/310 psn|[from] psn\n|upkeep\n|turn|28\n|\n|t:|1781407026\n|move|p1a: Grafaiai|Gunk Shot|p2a: Slowking\n|-damage|p2a: Slowking|0 fnt\n|faint|p2a: Slowking\n|\n|upkeep\n|\n|t:|1781407029\n|switch|p2a: Wugtrio|Wugtrio, L91, F|212/212\n|turn|29\n|\n|t:|1781407035\n|switch|p1a: Calyrex|Calyrex, L93, tera:Steel|337/337\n|-ability|p1a: Calyrex|Unnerve\n|-activate|p1a: Calyrex|move: Sticky Web\n|-unboost|p1a: Calyrex|spe|1\n|move|p2a: Wugtrio|Stomping Tantrum|p1a: Calyrex\n|-supereffective|p1a: Calyrex\n|-damage|p1a: Calyrex|135/337\n|\n|-heal|p1a: Calyrex|156/337|[from] item: Leftovers\n|upkeep\n|turn|30\n|\n|t:|1781407046\n|move|p2a: Wugtrio|Stomping Tantrum|p1a: Calyrex\n|-supereffective|p1a: Calyrex\n|-damage|p1a: Calyrex|0 fnt\n|faint|p1a: Calyrex\n|\n|upkeep\n|\n|t:|1781407049\n|switch|p1a: Grafaiai|Grafaiai, L86, M|22/249\n|-activate|p1a: Grafaiai|move: Sticky Web\n|-unboost|p1a: Grafaiai|spe|1\n|turn|31\n|-message|sleek777 forfeited.\n|\n|win|Arsenal0394\n", "inputlog": ">version a8376a258c1d4662feba110a92103f3664a72141\n>start {\"formatid\":\"gen9randombattle\",\"seed\":\"sodium,c8f0f283e71af83310881d92bfa4e1ff\",\"rated\":\"Rated battle\"}\n>player p1 {\"name\":\"sleek777\",\"avatar\":\"169\",\"rating\":1968,\"seed\":\"sodium,f53ac09898d2ab6bc1bd4d195225d3d8\"}\n>player p2 {\"name\":\"Arsenal0394\",\"avatar\":\"2\",\"rating\":2000,\"seed\":\"sodium,640a26ad6351207195e825ab7d06c7a2\"}\n>p1 switch 3\n>p2 move psychicnoise\n>p1 move crunch\n>p2 switch 2\n>p1 move wavecrash\n>p2 switch 2\n>p1 move swordsdance\n>p2 move chillyreception\n>p2 switch 4\n>p1 switch 3\n>p2 move throatchop\n>p1 move knockoff\n>p2 switch 2\n>p1 move highhorsepower\n>p2 move lavaplume\n>p2 switch 3\n>p1 switch 6\n>p2 move stickyweb\n>p1 move swordsdance\n>p2 move knockoff\n>p1 move gunkshot\n>p2 move pounce\n>p2 switch 2\n>p1 switch 3\n>p2 move liquidation\n>p1 move psychicfangs\n>p2 move liquidation\n>p1 switch 5\n>p1 move leechseed\n>p2 switch 5\n>p1 switch 6\n>p2 move iciclecrash\n>p1 move knockoff\n>p2 switch 4\n>p1 move gunkshot\n>p2 move scald\n>p1 move gunkshot\n>p2 move slackoff\n>p1 switch 6\n>p1 move calmmind\n>p2 move chillyreception\n>p2 switch 4\n>p1 move gigadrain\n>p2 move iciclecrash\n>p1 move gigadrain terastallize\n>p2 move iciclecrash\n>p1 move gigadrain\n>p2 move highhorsepower\n>p2 switch 6\n>p1 switch 4\n>p2 move swordsdance\n>p1 move poisonjab\n>p2 move petalblizzard\n>p1 switch 2\n>p1 move thunderwave\n>p2 move earthquake\n>p1 move thunderbolt\n>p2 move petalblizzard\n>p1 switch 3\n>p1 move gunkshot\n>p2 switch 4\n>p1 move gunkshot\n>p2 move scald\n>p1 move gunkshot\n>p2 move scald\n>p2 switch 5\n>p1 switch 4\n>p2 move stompingtantrum\n>p1 move gigadrain\n>p2 move stompingtantrum\n>p1 switch 4\n>forcelose p1", "uploadtime": 1781406680, "views": 5, "formatid": "gen9randombattle", "rating": null, "private": 0, "password": null}