{"id": "gen9randombattle-2631376745", "format": "[Gen 9] Random Battle", "players": ["opik8", "vogabal"], "log": "|j|\u2606opik8\n|j|\u2606vogabal\n|t:|1781377403\n|gametype|singles\n|player|p1|opik8|colress|2012\n|player|p2|vogabal|2|1999\n|gen|9\n|tier|[Gen 9] Random Battle\n|rated|\n|rule|Species Clause: Limit one of each Pok\u00e9mon\n|rule|HP Percentage Mod: HP is shown in percentages\n|rule|Sleep Clause Mod: Limit one foe put to sleep\n|rule|Illusion Level Mod: Illusion disguises the Pok\u00e9mon's true level\n|\n|t:|1781377403\n|teamsize|p1|6\n|teamsize|p2|6\n|start\n|switch|p1a: Kleavor|Kleavor, L78, M|237/237\n|switch|p2a: Arboliva|Arboliva, L91, M|288/288\n|turn|1\n|inactive|Battle timer is ON: inactive players will automatically lose when time's up. (requested by opik8)\n|\n|t:|1781377411\n|move|p1a: Kleavor|X-Scissor|p2a: Arboliva\n|-supereffective|p2a: Arboliva\n|-damage|p2a: Arboliva|34/288\n|-enditem|p2a: Arboliva|Sitrus Berry|[eat]\n|-heal|p2a: Arboliva|106/288|[from] item: Sitrus Berry\n|move|p2a: Arboliva|Leech Seed|p1a: Kleavor|[miss]\n|-miss|p2a: Arboliva|p1a: Kleavor\n|\n|upkeep\n|turn|2\n|\n|t:|1781377416\n|move|p2a: Arboliva|Protect|p2a: Arboliva\n|-singleturn|p2a: Arboliva|Protect\n|move|p1a: Kleavor|X-Scissor|p2a: Arboliva\n|-activate|p2a: Arboliva|move: Protect\n|\n|-item|p2a: Arboliva|Sitrus Berry|[from] ability: Harvest\n|upkeep\n|-enditem|p2a: Arboliva|Sitrus Berry|[eat]\n|-heal|p2a: Arboliva|178/288|[from] item: Sitrus Berry\n|turn|3\n|\n|t:|1781377421\n|switch|p2a: Sandslash|Sandslash-Alola, L88, F|275/275\n|move|p1a: Kleavor|X-Scissor|p2a: Sandslash\n|-resisted|p2a: Sandslash\n|-damage|p2a: Sandslash|220/275\n|\n|upkeep\n|turn|4\n|\n|t:|1781377427\n|switch|p1a: Dusknoir|Dusknoir, L89, F|225/225\n|-item|p2a: Sandslash|Life Orb|[from] ability: Frisk|[of] p1a: Dusknoir\n|move|p2a: Sandslash|Triple Axel|p1a: Dusknoir\n|-damage|p1a: Dusknoir|200/225\n|-damage|p1a: Dusknoir|161/225\n|-damage|p1a: Dusknoir|91/225\n|-hitcount|p1a: Dusknoir|3\n|-damage|p2a: Sandslash|193/275|[from] item: Life Orb\n|\n|-heal|p1a: Dusknoir|105/225|[from] item: Leftovers\n|upkeep\n|turn|5\n|\n|t:|1781377436\n|move|p2a: Sandslash|Triple Axel|p1a: Dusknoir|[miss]\n|-miss|p2a: Sandslash|p1a: Dusknoir\n|move|p1a: Dusknoir|Will-O-Wisp|p2a: Sandslash\n|-status|p2a: Sandslash|brn\n|\n|-heal|p1a: Dusknoir|119/225|[from] item: Leftovers\n|-damage|p2a: Sandslash|176/275 brn|[from] brn\n|upkeep\n|turn|6\n|\n|t:|1781377439\n|move|p2a: Sandslash|Triple Axel|p1a: Dusknoir\n|-damage|p1a: Dusknoir|107/225\n|-damage|p1a: Dusknoir|88/225\n|-damage|p1a: Dusknoir|54/225\n|-hitcount|p1a: Dusknoir|3\n|-damage|p2a: Sandslash|149/275 brn|[from] item: Life Orb\n|move|p1a: Dusknoir|Poltergeist|p2a: Sandslash\n|-activate|p2a: Sandslash|move: Poltergeist|Life Orb\n|-damage|p2a: Sandslash|44/275 brn\n|\n|-heal|p1a: Dusknoir|68/225|[from] item: Leftovers\n|-damage|p2a: Sandslash|27/275 brn|[from] brn\n|upkeep\n|turn|7\n|\n|t:|1781377442\n|move|p2a: Sandslash|Ice Shard|p1a: Dusknoir\n|-crit|p1a: Dusknoir\n|-damage|p1a: Dusknoir|38/225\n|-damage|p2a: Sandslash|0 fnt|[from] item: Life Orb\n|faint|p2a: Sandslash\n|move|p1a: Dusknoir|Shadow Sneak|p2: Sandslash|[notarget]\n|-fail|p1a: Dusknoir\n|\n|-heal|p1a: Dusknoir|52/225|[from] item: Leftovers\n|upkeep\n|\n|t:|1781377450\n|switch|p2a: Thundurus|Thundurus-Therian, L80, M|258/258\n|turn|8\n|\n|t:|1781377453\n|move|p2a: Thundurus|Nasty Plot|p2a: Thundurus\n|-boost|p2a: Thundurus|spa|2\n|move|p1a: Dusknoir|Pain Split|p2a: Thundurus\n|-sethp|p2a: Thundurus|155/258|[from] move: Pain Split|[silent]\n|-sethp|p1a: Dusknoir|155/225|[from] move: Pain Split\n|\n|-heal|p1a: Dusknoir|169/225|[from] item: Leftovers\n|upkeep\n|turn|9\n|\n|t:|1781377458\n|move|p2a: Thundurus|Thunderbolt|p1a: Dusknoir\n|-damage|p1a: Dusknoir|16/225\n|move|p1a: Dusknoir|Poltergeist|p2a: Thundurus\n|-activate|p2a: Thundurus|move: Poltergeist|Heavy-Duty Boots\n|-damage|p2a: Thundurus|0 fnt\n|faint|p2a: Thundurus\n|\n|-heal|p1a: Dusknoir|30/225|[from] item: Leftovers\n|upkeep\n|-message|vogabal forfeited.\n|\n|win|opik8\n", "inputlog": ">version a8376a258c1d4662feba110a92103f3664a72141\n>start {\"formatid\":\"gen9randombattle\",\"seed\":\"sodium,b5e98ea43852c5ffbc652fdb13bcadc5\",\"rated\":\"Rated battle\"}\n>player p1 {\"name\":\"opik8\",\"avatar\":\"colress\",\"rating\":2012,\"seed\":\"sodium,73de9c63c10fa3766e1be3b3c3915346\"}\n>player p2 {\"name\":\"vogabal\",\"avatar\":\"2\",\"rating\":1999,\"seed\":\"sodium,e39754c0c6374b65691d8d508b53cd56\"}\n>p1 move xscissor\n>p2 move leechseed\n>p1 move xscissor\n>p2 move protect\n>p1 move xscissor\n>p2 switch 6\n>p1 switch 4\n>p2 move tripleaxel\n>p1 move willowisp\n>p2 move tripleaxel\n>p1 move poltergeist\n>p2 move tripleaxel\n>p1 move shadowsneak\n>p2 move iceshard\n>p2 switch 4\n>p1 move painsplit\n>p2 move nastyplot\n>p1 move poltergeist\n>p2 move thunderbolt\n>forcelose p2", "uploadtime": 1781377405, "views": 7, "formatid": "gen9randombattle", "rating": null, "private": 0, "password": null}