{"id": "gen9randombattle-2631631446", "format": "[Gen 9] Random Battle", "players": ["Vaudeville villain", "lianfan"], "log": "|j|\u2606Vaudeville villain\n|j|\u2606lianfan\n|t:|1781411765\n|gametype|singles\n|player|p1|Vaudeville villain|266|2009\n|player|p2|lianfan|170|2055\n|gen|9\n|tier|[Gen 9] Random Battle\n|rated|\n|rule|Species Clause: Limit one of each Pok\u00e9mon\n|rule|HP Percentage Mod: HP is shown in percentages\n|rule|Sleep Clause Mod: Limit one foe put to sleep\n|rule|Illusion Level Mod: Illusion disguises the Pok\u00e9mon's true level\n|\n|t:|1781411765\n|teamsize|p1|6\n|teamsize|p2|6\n|start\n|switch|p1a: Golurk|Golurk, L87|297/297\n|switch|p2a: Gurdurr|Gurdurr, L85, M|283/283\n|turn|1\n|inactive|Battle timer is ON: inactive players will automatically lose when time's up. (requested by lianfan)\n|inactive|Vaudeville villain has 120 seconds left.\n|\n|t:|1781411798\n|switch|p1a: Grimmsnarl|Grimmsnarl, L83, M|293/293\n|move|p2a: Gurdurr|Knock Off|p1a: Grimmsnarl\n|-resisted|p1a: Grimmsnarl\n|-damage|p1a: Grimmsnarl|268/293\n|-enditem|p1a: Grimmsnarl|Leftovers|[from] move: Knock Off|[of] p2a: Gurdurr\n|\n|upkeep\n|turn|2\n|\n|t:|1781411815\n|move|p1a: Grimmsnarl|Spirit Break|p2a: Gurdurr\n|-supereffective|p2a: Gurdurr\n|-damage|p2a: Gurdurr|155/283\n|-unboost|p2a: Gurdurr|spa|1\n|move|p2a: Gurdurr|Bulk Up|p2a: Gurdurr\n|-boost|p2a: Gurdurr|atk|1\n|-boost|p2a: Gurdurr|def|1\n|\n|upkeep\n|turn|3\n|\n|t:|1781411826\n|move|p1a: Grimmsnarl|Spirit Break|p2a: Gurdurr\n|-supereffective|p2a: Gurdurr\n|-damage|p2a: Gurdurr|77/283\n|-unboost|p2a: Gurdurr|spa|1\n|move|p2a: Gurdurr|Drain Punch|p1a: Grimmsnarl\n|-crit|p1a: Grimmsnarl\n|-damage|p1a: Grimmsnarl|28/293\n|-heal|p2a: Gurdurr|197/283|[from] drain|[of] p1a: Grimmsnarl\n|\n|upkeep\n|turn|4\n|\n|t:|1781411840\n|move|p1a: Grimmsnarl|Parting Shot|p2a: Gurdurr\n|-unboost|p2a: Gurdurr|atk|1\n|-unboost|p2a: Gurdurr|spa|1\n|\n|t:|1781411844\n|switch|p1a: Alcremie|Alcremie-Rainbow-Swirl, L90, F|263/263|[from] Parting Shot\n|move|p2a: Gurdurr|Knock Off|p1a: Alcremie\n|-resisted|p1a: Alcremie\n|-damage|p1a: Alcremie|224/263\n|-enditem|p1a: Alcremie|Leftovers|[from] move: Knock Off|[of] p2a: Gurdurr\n|\n|upkeep\n|turn|5\n|\n|t:|1781411866\n|switch|p2a: Suicune|Suicune, L82|298/298\n|-ability|p2a: Suicune|Pressure\n|move|p1a: Alcremie|Alluring Voice|p2a: Suicune\n|-damage|p2a: Suicune|214/298\n|\n|-heal|p2a: Suicune|232/298|[from] item: Leftovers\n|upkeep\n|turn|6\n|\n|t:|1781411877\n|move|p2a: Suicune|Calm Mind|p2a: Suicune\n|-boost|p2a: Suicune|spa|1\n|-boost|p2a: Suicune|spd|1\n|move|p1a: Alcremie|Calm Mind|p1a: Alcremie\n|-boost|p1a: Alcremie|spa|1\n|-boost|p1a: Alcremie|spd|1\n|\n|-heal|p2a: Suicune|250/298|[from] item: Leftovers\n|upkeep\n|turn|7\n|\n|t:|1781411886\n|move|p2a: Suicune|Calm Mind|p2a: Suicune\n|-boost|p2a: Suicune|spa|1\n|-boost|p2a: Suicune|spd|1\n|move|p1a: Alcremie|Alluring Voice|p2a: Suicune\n|-damage|p2a: Suicune|177/298\n|-start|p2a: Suicune|confusion\n|\n|-heal|p2a: Suicune|195/298|[from] item: Leftovers\n|upkeep\n|turn|8\n|\n|t:|1781411897\n|-activate|p2a: Suicune|confusion\n|-damage|p2a: Suicune|180/298|[from] confusion\n|move|p1a: Alcremie|Calm Mind|p1a: Alcremie\n|-boost|p1a: Alcremie|spa|1\n|-boost|p1a: Alcremie|spd|1\n|\n|-heal|p2a: Suicune|198/298|[from] item: Leftovers\n|upkeep\n|turn|9\n|\n|t:|1781411905\n|-activate|p2a: Suicune|confusion\n|move|p2a: Suicune|Calm Mind|p2a: Suicune\n|-boost|p2a: Suicune|spa|1\n|-boost|p2a: Suicune|spd|1\n|move|p1a: Alcremie|Calm Mind|p1a: Alcremie\n|-boost|p1a: Alcremie|spa|1\n|-boost|p1a: Alcremie|spd|1\n|\n|-heal|p2a: Suicune|216/298|[from] item: Leftovers\n|upkeep\n|turn|10\n|\n|t:|1781411914\n|-activate|p2a: Suicune|confusion\n|move|p2a: Suicune|Calm Mind|p2a: Suicune\n|-boost|p2a: Suicune|spa|1\n|-boost|p2a: Suicune|spd|1\n|move|p1a: Alcremie|Calm Mind|p1a: Alcremie\n|-boost|p1a: Alcremie|spa|1\n|-boost|p1a: Alcremie|spd|1\n|\n|-heal|p2a: Suicune|234/298|[from] item: Leftovers\n|upkeep\n|turn|11\n|\n|t:|1781411923\n|-activate|p2a: Suicune|confusion\n|move|p2a: Suicune|Calm Mind|p2a: Suicune\n|-boost|p2a: Suicune|spa|1\n|-boost|p2a: Suicune|spd|1\n|move|p1a: Alcremie|Calm Mind|p1a: Alcremie\n|-boost|p1a: Alcremie|spa|1\n|-boost|p1a: Alcremie|spd|1\n|\n|-heal|p2a: Suicune|252/298|[from] item: Leftovers\n|upkeep\n|turn|12\n|\n|t:|1781411936\n|-end|p2a: Suicune|confusion\n|move|p2a: Suicune|Calm Mind|p2a: Suicune\n|-boost|p2a: Suicune|spa|1\n|-boost|p2a: Suicune|spd|1\n|move|p1a: Alcremie|Alluring Voice|p2a: Suicune\n|-damage|p2a: Suicune|176/298\n|-start|p2a: Suicune|confusion\n|\n|-heal|p2a: Suicune|194/298|[from] item: Leftovers\n|upkeep\n|turn|13\n|\n|t:|1781411947\n|-activate|p2a: Suicune|confusion\n|move|p2a: Suicune|Scald|p1a: Alcremie\n|-damage|p1a: Alcremie|154/263\n|move|p1a: Alcremie|Psyshock|p2a: Suicune\n|-damage|p2a: Suicune|0 fnt\n|faint|p2a: Suicune\n|\n|upkeep\n|\n|t:|1781411961\n|switch|p2a: Roaring Moon|Roaring Moon, L72|270/270\n|turn|14\n|\n|t:|1781411990\n|switch|p1a: Avalugg|Avalugg, L88, M|310/310\n|move|p2a: Roaring Moon|U-turn|p1a: Avalugg\n|-damage|p1a: Avalugg|269/310\n|\n|t:|1781411995\n|-end|p2a: Roaring Moon|Protosynthesis|[silent]\n|switch|p2a: Gurdurr|Gurdurr, L85, M|197/283|[from] U-turn\n|\n|upkeep\n|turn|15\n|\n|t:|1781412011\n|switch|p1a: Grimmsnarl|Grimmsnarl, L83, M|28/293\n|move|p2a: Gurdurr|Knock Off|p1a: Grimmsnarl\n|-resisted|p1a: Grimmsnarl\n|-crit|p1a: Grimmsnarl\n|-damage|p1a: Grimmsnarl|3/293\n|\n|upkeep\n|turn|16\n|\n|t:|1781412021\n|move|p1a: Grimmsnarl|Parting Shot|p2a: Gurdurr\n|-unboost|p2a: Gurdurr|atk|1\n|-unboost|p2a: Gurdurr|spa|1\n|\n|t:|1781412024\n|switch|p1a: Alcremie|Alcremie-Rainbow-Swirl, L90, F|154/263|[from] Parting Shot\n|move|p2a: Gurdurr|Mach Punch|p1a: Alcremie\n|-resisted|p1a: Alcremie\n|-damage|p1a: Alcremie|137/263\n|\n|upkeep\n|turn|17\n|\n|t:|1781412032\n|switch|p2a: Serperior|Serperior, L79, F|248/248\n|move|p1a: Alcremie|Recover|p1a: Alcremie\n|-heal|p1a: Alcremie|263/263\n|\n|upkeep\n|turn|18\n|\n|t:|1781412049\n|move|p2a: Serperior|Leaf Storm|p1a: Alcremie\n|-damage|p1a: Alcremie|188/263\n|-boost|p2a: Serperior|spa|2\n|move|p1a: Alcremie|Alluring Voice|p2a: Serperior\n|-damage|p2a: Serperior|146/248\n|-start|p2a: Serperior|confusion\n|\n|-heal|p2a: Serperior|161/248|[from] item: Leftovers\n|upkeep\n|turn|19\n|inactive|Vaudeville villain has 120 seconds left.\n|\n|t:|1781412075\n|-terastallize|p1a: Alcremie|Poison\n|-activate|p2a: Serperior|confusion\n|-damage|p2a: Serperior|145/248|[from] confusion\n|move|p1a: Alcremie|Calm Mind|p1a: Alcremie\n|-boost|p1a: Alcremie|spa|1\n|-boost|p1a: Alcremie|spd|1\n|\n|-heal|p2a: Serperior|160/248|[from] item: Leftovers\n|upkeep\n|turn|20\n|inactive|Vaudeville villain has 120 seconds left.\n|\n|t:|1781412089\n|-activate|p2a: Serperior|confusion\n|move|p2a: Serperior|Leaf Storm|p1a: Alcremie\n|-resisted|p1a: Alcremie\n|-damage|p1a: Alcremie|140/263\n|-boost|p2a: Serperior|spa|2\n|move|p1a: Alcremie|Alluring Voice|p2a: Serperior\n|-damage|p2a: Serperior|10/248\n|\n|-heal|p2a: Serperior|25/248|[from] item: Leftovers\n|upkeep\n|turn|21\n|inactive|Vaudeville villain has 120 seconds left.\n|\n|t:|1781412099\n|-activate|p2a: Serperior|confusion\n|-damage|p2a: Serperior|8/248|[from] confusion\n|move|p1a: Alcremie|Alluring Voice|p2a: Serperior\n|-damage|p2a: Serperior|0 fnt\n|faint|p2a: Serperior\n|\n|upkeep\n|\n|t:|1781412102\n|switch|p2a: Iron Thorns|Iron Thorns, L83|302/302\n|-enditem|p2a: Iron Thorns|Booster Energy\n|-activate|p2a: Iron Thorns|ability: Quark Drive|[fromitem]\n|-start|p2a: Iron Thorns|quarkdriveatk\n|turn|22\n|\n|t:|1781412114\n|switch|p1a: Avalugg|Avalugg, L88, M|269/310\n|move|p2a: Iron Thorns|Dragon Dance|p2a: Iron Thorns\n|-boost|p2a: Iron Thorns|atk|1\n|-boost|p2a: Iron Thorns|spe|1\n|\n|upkeep\n|turn|23\n|\n|t:|1781412125\n|move|p2a: Iron Thorns|Stone Edge|p1a: Avalugg\n|-supereffective|p1a: Avalugg\n|-damage|p1a: Avalugg|0 fnt\n|faint|p1a: Avalugg\n|\n|upkeep\n|\n|t:|1781412131\n|switch|p1a: Grimmsnarl|Grimmsnarl, L83, M|3/293\n|turn|24\n|\n|t:|1781412139\n|move|p1a: Grimmsnarl|Parting Shot|p2a: Iron Thorns\n|-unboost|p2a: Iron Thorns|atk|1\n|-unboost|p2a: Iron Thorns|spa|1\n|\n|t:|1781412146\n|switch|p1a: Golurk|Golurk, L87|297/297|[from] Parting Shot\n|move|p2a: Iron Thorns|Ice Punch|p1a: Golurk\n|-supereffective|p1a: Golurk\n|-damage|p1a: Golurk|103/297\n|\n|upkeep\n|turn|25\n|\n|t:|1781412159\n|move|p2a: Iron Thorns|Ice Punch|p1a: Golurk\n|-supereffective|p1a: Golurk\n|-damage|p1a: Golurk|0 fnt\n|faint|p1a: Golurk\n|\n|upkeep\n|inactive|Vaudeville villain has 120 seconds left.\n|\n|t:|1781412181\n|switch|p1a: Grimmsnarl|Grimmsnarl, L83, M|3/293\n|turn|26\n|\n|t:|1781412189\n|move|p1a: Grimmsnarl|Parting Shot|p2a: Iron Thorns\n|-unboost|p2a: Iron Thorns|atk|1\n|-unboost|p2a: Iron Thorns|spa|1\n|inactive|Vaudeville villain has 120 seconds left.\n|\n|t:|1781412217\n|switch|p1a: Slaking|Slaking, L84, F|389/389|[from] Parting Shot\n|move|p2a: Iron Thorns|Dragon Dance|p2a: Iron Thorns\n|-boost|p2a: Iron Thorns|atk|1\n|-boost|p2a: Iron Thorns|spe|1\n|\n|upkeep\n|turn|27\n|inactive|lianfan has 120 seconds left.\n|\n|t:|1781412251\n|-end|p2a: Iron Thorns|Quark Drive|[silent]\n|switch|p2a: Gurdurr|Gurdurr, L85, M|197/283\n|move|p1a: Slaking|Earthquake|p2a: Gurdurr\n|-damage|p2a: Gurdurr|125/283\n|\n|upkeep\n|turn|28\n|\n|t:|1781412259\n|switch|p1a: Alcremie|Alcremie-Rainbow-Swirl, L90, F, tera:Poison|140/263\n|move|p2a: Gurdurr|Bulk Up|p2a: Gurdurr\n|-boost|p2a: Gurdurr|atk|1\n|-boost|p2a: Gurdurr|def|1\n|\n|upkeep\n|turn|29\n|inactive|Vaudeville villain has 120 seconds left.\n|\n|t:|1781412272\n|switch|p2a: Lanturn|Lanturn, L89, M|367/367\n|move|p1a: Alcremie|Alluring Voice|p2a: Lanturn\n|-damage|p2a: Lanturn|255/367\n|\n|-heal|p2a: Lanturn|277/367|[from] item: Leftovers\n|upkeep\n|turn|30\n|inactive|Vaudeville villain has 120 seconds left.\n|\n|t:|1781412289\n|move|p2a: Lanturn|Thunderbolt|p1a: Alcremie\n|-damage|p1a: Alcremie|77/263\n|move|p1a: Alcremie|Recover|p1a: Alcremie\n|-heal|p1a: Alcremie|209/263\n|\n|-heal|p2a: Lanturn|299/367|[from] item: Leftovers\n|upkeep\n|turn|31\n|inactive|Vaudeville villain has 120 seconds left.\n|\n|t:|1781412297\n|switch|p2a: Iron Thorns|Iron Thorns, L83|302/302\n|move|p1a: Alcremie|Calm Mind|p1a: Alcremie\n|-boost|p1a: Alcremie|spa|1\n|-boost|p1a: Alcremie|spd|1\n|\n|upkeep\n|turn|32\n|inactive|Vaudeville villain has 120 seconds left.\n|\n|t:|1781412309\n|move|p1a: Alcremie|Alluring Voice|p2a: Iron Thorns\n|-damage|p2a: Iron Thorns|133/302\n|move|p2a: Iron Thorns|Dragon Dance|p2a: Iron Thorns\n|-boost|p2a: Iron Thorns|atk|1\n|-boost|p2a: Iron Thorns|spe|1\n|\n|upkeep\n|turn|33\n|inactive|Vaudeville villain has 120 seconds left.\n|\n|t:|1781412331\n|switch|p1a: Grimmsnarl|Grimmsnarl, L83, M|3/293\n|move|p2a: Iron Thorns|Wild Charge|p1a: Grimmsnarl\n|-damage|p1a: Grimmsnarl|0 fnt\n|faint|p1a: Grimmsnarl\n|-damage|p2a: Iron Thorns|132/302|[from] Recoil\n|\n|upkeep\n|inactive|Vaudeville villain has 90 seconds left.\n|\n|t:|1781412368\n|switch|p1a: Alcremie|Alcremie-Rainbow-Swirl, L90, F, tera:Poison|209/263\n|turn|34\n|\n|t:|1781412375\n|move|p2a: Iron Thorns|Wild Charge|p1a: Alcremie\n|-damage|p1a: Alcremie|1/263\n|-damage|p2a: Iron Thorns|80/302|[from] Recoil\n|move|p1a: Alcremie|Alluring Voice|p2a: Iron Thorns\n|-damage|p2a: Iron Thorns|0 fnt\n|faint|p2a: Iron Thorns\n|-end|p2a: Iron Thorns|Quark Drive|[silent]\n|\n|upkeep\n|\n|t:|1781412380\n|switch|p2a: Gurdurr|Gurdurr, L85, M|125/283\n|turn|35\n|\n|t:|1781412389\n|move|p2a: Gurdurr|Mach Punch|p1a: Alcremie\n|-resisted|p1a: Alcremie\n|-damage|p1a: Alcremie|0 fnt\n|faint|p1a: Alcremie\n|\n|upkeep\n|inactive|Vaudeville villain has 90 seconds left.\n|\n|t:|1781412403\n|switch|p1a: Lilligant|Lilligant, L86, F|261/261\n|turn|36\n|\n|t:|1781412411\n|move|p1a: Lilligant|Quiver Dance|p1a: Lilligant\n|-boost|p1a: Lilligant|spa|1\n|-boost|p1a: Lilligant|spd|1\n|-boost|p1a: Lilligant|spe|1\n|move|p2a: Gurdurr|Knock Off|p1a: Lilligant\n|-damage|p1a: Lilligant|172/261\n|-enditem|p1a: Lilligant|Life Orb|[from] move: Knock Off|[of] p2a: Gurdurr\n|\n|upkeep\n|turn|37\n|inactive|Vaudeville villain has 90 seconds left.\n|\n|t:|1781412434\n|move|p1a: Lilligant|Giga Drain|p2a: Gurdurr\n|-damage|p2a: Gurdurr|0 fnt\n|-heal|p1a: Lilligant|235/261|[from] drain|[of] p2a: Gurdurr\n|faint|p2a: Gurdurr\n|\n|upkeep\n|\n|t:|1781412439\n|switch|p2a: Roaring Moon|Roaring Moon, L72|270/270\n|turn|38\n|\n|t:|1781412463\n|move|p1a: Lilligant|Sleep Powder|p2a: Roaring Moon\n|-status|p2a: Roaring Moon|slp|[from] move: Sleep Powder\n|cant|p2a: Roaring Moon|slp\n|\n|upkeep\n|turn|39\n|\n|t:|1781412470\n|move|p1a: Lilligant|Tera Blast|p2a: Roaring Moon\n|-damage|p2a: Roaring Moon|166/270 slp\n|cant|p2a: Roaring Moon|slp\n|\n|upkeep\n|turn|40\n|\n|t:|1781412477\n|move|p1a: Lilligant|Quiver Dance|p1a: Lilligant\n|-boost|p1a: Lilligant|spa|1\n|-boost|p1a: Lilligant|spd|1\n|-boost|p1a: Lilligant|spe|1\n|cant|p2a: Roaring Moon|slp\n|\n|upkeep\n|turn|41\n|\n|t:|1781412483\n|move|p1a: Lilligant|Tera Blast|p2a: Roaring Moon\n|-damage|p2a: Roaring Moon|41/270 slp\n|-curestatus|p2a: Roaring Moon|slp|[msg]\n|move|p2a: Roaring Moon|Outrage|p1a: Lilligant\n|-damage|p1a: Lilligant|22/261\n|\n|upkeep\n|turn|42\n|\n|t:|1781412493\n|move|p1a: Lilligant|Tera Blast|p2a: Roaring Moon\n|-damage|p2a: Roaring Moon|0 fnt\n|faint|p2a: Roaring Moon\n|-end|p2a: Roaring Moon|Protosynthesis|[silent]\n|\n|upkeep\n|\n|t:|1781412495\n|switch|p2a: Lanturn|Lanturn, L89, M|299/367\n|turn|43\n|inactive|Vaudeville villain has 120 seconds left.\n|\n|t:|1781412504\n|-terastallize|p2a: Lanturn|Flying\n|move|p1a: Lilligant|Giga Drain|p2a: Lanturn\n|-resisted|p2a: Lanturn\n|-damage|p2a: Lanturn|207/367\n|-heal|p1a: Lilligant|68/261|[from] drain|[of] p2a: Lanturn\n|move|p2a: Lanturn|Ice Beam|p1a: Lilligant\n|-supereffective|p1a: Lilligant\n|-damage|p1a: Lilligant|2/261\n|-status|p1a: Lilligant|frz\n|\n|-heal|p2a: Lanturn|229/367|[from] item: Leftovers\n|upkeep\n|turn|44\n|inactive|Vaudeville villain has 120 seconds left.\n|\n|t:|1781412519\n|cant|p1a: Lilligant|frz\n|move|p2a: Lanturn|Scald|p1a: Lilligant\n|-resisted|p1a: Lilligant\n|-damage|p1a: Lilligant|0 fnt\n|faint|p1a: Lilligant\n|\n|-heal|p2a: Lanturn|251/367|[from] item: Leftovers\n|upkeep\n|inactive|Vaudeville villain has 120 seconds left.\n|\n|t:|1781412528\n|switch|p1a: Slaking|Slaking, L84, F|389/389\n|turn|45\n|\n|t:|1781412534\n|move|p1a: Slaking|Double-Edge|p2a: Lanturn\n|-damage|p2a: Lanturn|0 fnt\n|faint|p2a: Lanturn\n|-damage|p1a: Slaking|306/389|[from] Recoil\n|\n|win|Vaudeville villain\n", "inputlog": ">version a8376a258c1d4662feba110a92103f3664a72141\n>start {\"formatid\":\"gen9randombattle\",\"seed\":\"sodium,054a564416121e8fa45a063ca3cdc08f\",\"rated\":\"Rated battle\"}\n>player p1 {\"name\":\"Vaudeville villain\",\"avatar\":\"266\",\"rating\":2009,\"seed\":\"sodium,ed62074067b4e63b3d86ab7a84f2b281\"}\n>player p2 {\"name\":\"lianfan\",\"avatar\":\"170\",\"rating\":2055,\"seed\":\"sodium,70e8f2676f47c6f951cb046343046ece\"}\n>p1 switch 2\n>p2 move knockoff\n>p1 move spiritbreak\n>p2 move bulkup\n>p1 move spiritbreak\n>p2 move drainpunch\n>p1 move partingshot\n>p2 move knockoff\n>p1 switch 5\n>p1 move alluringvoice\n>p2 switch 2\n>p1 move calmmind\n>p2 move calmmind\n>p1 move alluringvoice\n>p2 move calmmind\n>p1 move calmmind\n>p2 move calmmind\n>p1 move calmmind\n>p2 move calmmind\n>p1 move calmmind\n>p2 move calmmind\n>p1 move calmmind\n>p2 move calmmind\n>p1 move alluringvoice\n>p2 move calmmind\n>p1 move psyshock\n>p2 move scald\n>p2 switch 3\n>p1 switch 3\n>p2 move uturn\n>p2 switch 2\n>p1 switch 5\n>p2 move knockoff\n>p1 move partingshot\n>p2 move machpunch\n>p1 switch 3\n>p1 move recover\n>p2 switch 6\n>p1 move alluringvoice\n>p2 move leafstorm\n>p1 move calmmind terastallize\n>p2 move leafstorm\n>p1 move alluringvoice\n>p2 move leafstorm\n>p1 move alluringvoice\n>p2 move dragonpulse\n>p2 switch 4\n>p1 switch 5\n>p2 move dragondance\n>p1 move bodypress\n>p2 move stoneedge\n>p1 switch 3\n>p1 move partingshot\n>p2 move icepunch\n>p1 switch 2\n>p1 move stealthrock\n>p2 move icepunch\n>p1 switch 2\n>p1 move partingshot\n>p2 move dragondance\n>p1 switch 6\n>p1 move earthquake\n>p2 switch 6\n>p1 switch 5\n>p2 move bulkup\n>p1 move alluringvoice\n>p2 switch 5\n>p1 move recover\n>p2 move thunderbolt\n>p1 move calmmind\n>p2 switch 6\n>p1 move alluringvoice\n>p2 move dragondance\n>p1 switch 6\n>p2 move wildcharge\n>p1 switch 6\n>p1 move alluringvoice\n>p2 move wildcharge\n>p2 switch 5\n>p1 move alluringvoice\n>p2 move machpunch\n>p1 switch 4\n>p1 move quiverdance\n>p2 move knockoff\n>p1 move gigadrain\n>p2 move drainpunch\n>p2 switch 2\n>p1 move sleeppowder\n>p2 move outrage\n>p1 move terablast\n>p2 move outrage\n>p1 move quiverdance\n>p2 move outrage\n>p1 move terablast\n>p2 move outrage\n>p1 move terablast\n>p2 move outrage\n>p2 switch 6\n>p1 move gigadrain\n>p2 move icebeam terastallize\n>p1 move terablast\n>p2 move scald\n>p1 switch 5\n>p1 move doubleedge\n>p2 move scald", "uploadtime": 1781411766, "views": 5, "formatid": "gen9randombattle", "rating": null, "private": 0, "password": null}