{"id": "gen9randombattle-2631870241", "format": "[Gen 9] Random Battle", "players": ["Reulsen", "Davide070701"], "log": "|j|\u2606Reulsen\n|j|\u2606Davide070701\n|t:|1781450269\n|gametype|singles\n|player|p1|Reulsen|red|1992\n|player|p2|Davide070701|102|1979\n|gen|9\n|tier|[Gen 9] Random Battle\n|rated|\n|rule|Species Clause: Limit one of each Pok\u00e9mon\n|rule|HP Percentage Mod: HP is shown in percentages\n|rule|Sleep Clause Mod: Limit one foe put to sleep\n|rule|Illusion Level Mod: Illusion disguises the Pok\u00e9mon's true level\n|\n|t:|1781450269\n|teamsize|p1|6\n|teamsize|p2|6\n|start\n|switch|p1a: Bruxish|Bruxish, L85, M|254/254\n|switch|p2a: Empoleon|Empoleon, L84, M|278/278\n|turn|1\n|inactive|Battle timer is ON: inactive players will automatically lose when time's up. (requested by Davide070701)\n|\n|t:|1781450282\n|switch|p1a: Girafarig|Girafarig, L89, F|269/269\n|move|p2a: Empoleon|Knock Off|p1a: Girafarig\n|-supereffective|p1a: Girafarig\n|-damage|p1a: Girafarig|177/269\n|-enditem|p1a: Girafarig|Eviolite|[from] move: Knock Off|[of] p2a: Empoleon\n|\n|upkeep\n|turn|2\n|\n|t:|1781450290\n|move|p1a: Girafarig|Thunderbolt|p2a: Empoleon\n|-supereffective|p2a: Empoleon\n|-damage|p2a: Empoleon|150/278\n|move|p2a: Empoleon|Knock Off|p1a: Girafarig\n|-supereffective|p1a: Girafarig\n|-crit|p1a: Girafarig\n|-damage|p1a: Girafarig|23/269\n|\n|-heal|p2a: Empoleon|167/278|[from] item: Leftovers\n|upkeep\n|turn|3\n|\n|t:|1781450300\n|switch|p2a: Raichu|Raichu-Alola, L87, M|246/246\n|move|p1a: Girafarig|Thunderbolt|p2a: Raichu\n|-resisted|p2a: Raichu\n|-damage|p2a: Raichu|213/246\n|\n|upkeep\n|turn|4\n|\n|t:|1781450308\n|move|p2a: Raichu|Volt Switch|p1a: Girafarig\n|-damage|p1a: Girafarig|0 fnt\n|faint|p1a: Girafarig\n|\n|t:|1781450312\n|switch|p2a: Empoleon|Empoleon, L84, M|167/278|[from] Volt Switch\n|\n|-heal|p2a: Empoleon|184/278|[from] item: Leftovers\n|upkeep\n|\n|t:|1781450333\n|switch|p1a: Dragalge|Dragalge, L88, M|258/258\n|turn|5\n|\n|t:|1781450341\n|move|p2a: Empoleon|Knock Off|p1a: Dragalge\n|-damage|p1a: Dragalge|199/258\n|-enditem|p1a: Dragalge|Leftovers|[from] move: Knock Off|[of] p2a: Empoleon\n|move|p1a: Dragalge|Toxic Spikes|p2a: Empoleon\n|-sidestart|p2: Davide070701|move: Toxic Spikes\n|\n|-heal|p2a: Empoleon|201/278|[from] item: Leftovers\n|upkeep\n|turn|6\n|\n|t:|1781450351\n|switch|p2a: Glimmora|Glimmora, L75, M|248/248\n|-sideend|p2: Davide070701|move: Toxic Spikes|[of] p2a: Glimmora\n|move|p1a: Dragalge|Focus Blast|p2a: Glimmora\n|-damage|p2a: Glimmora|145/248\n|-unboost|p2a: Glimmora|spd|1\n|\n|upkeep\n|turn|7\n|\n|t:|1781450362\n|move|p2a: Glimmora|Meteor Beam||[still]\n|-prepare|p2a: Glimmora|Meteor Beam\n|-boost|p2a: Glimmora|spa|1\n|-enditem|p2a: Glimmora|Power Herb\n|-anim|p2a: Glimmora|Meteor Beam|p1a: Dragalge\n|-damage|p1a: Dragalge|66/258\n|move|p1a: Dragalge|Draco Meteor|p2a: Glimmora\n|-crit|p2a: Glimmora\n|-damage|p2a: Glimmora|0 fnt\n|-unboost|p1a: Dragalge|spa|2\n|faint|p2a: Glimmora\n|\n|upkeep\n|\n|t:|1781450370\n|switch|p2a: Mabosstiff|Mabosstiff, L86, M|278/278\n|turn|8\n|\n|t:|1781450380\n|move|p2a: Mabosstiff|Psychic Fangs|p1a: Dragalge\n|-supereffective|p1a: Dragalge\n|-damage|p1a: Dragalge|0 fnt\n|faint|p1a: Dragalge\n|\n|upkeep\n|\n|t:|1781450402\n|switch|p1a: Bruxish|Bruxish, L85, M|254/254\n|turn|9\n|\n|t:|1781450408\n|switch|p2a: Empoleon|Empoleon, L84, M|201/278\n|move|p1a: Bruxish|Swords Dance|p1a: Bruxish\n|-boost|p1a: Bruxish|atk|2\n|\n|-heal|p2a: Empoleon|218/278|[from] item: Leftovers\n|upkeep\n|turn|10\n|\n|t:|1781450413\n|move|p1a: Bruxish|Crunch|p2a: Empoleon\n|-damage|p2a: Empoleon|0 fnt\n|faint|p2a: Empoleon\n|-damage|p1a: Bruxish|229/254|[from] item: Life Orb\n|\n|upkeep\n|\n|t:|1781450428\n|switch|p2a: Rillaboom|Rillaboom, L79, M|288/288\n|-fieldstart|move: Grassy Terrain|[from] ability: Grassy Surge|[of] p2a: Rillaboom\n|turn|11\n|\n|t:|1781450442\n|switch|p1a: Talonflame|Talonflame, L83, F|265/265\n|move|p2a: Rillaboom|Grassy Glide|p1a: Talonflame\n|-resisted|p1a: Talonflame\n|-damage|p1a: Talonflame|227/265\n|\n|upkeep\n|turn|12\n|\n|t:|1781450451\n|switch|p2a: Drifblim|Drifblim, L86, M|396/396\n|move|p1a: Talonflame|Swords Dance|p1a: Talonflame\n|-boost|p1a: Talonflame|atk|2\n|\n|upkeep\n|turn|13\n|\n|t:|1781450463\n|move|p1a: Talonflame|Brave Bird|p2a: Drifblim\n|-damage|p2a: Drifblim|32/396\n|-enditem|p2a: Drifblim|Sitrus Berry|[eat]\n|-heal|p2a: Drifblim|131/396|[from] item: Sitrus Berry\n|-damage|p1a: Talonflame|107/265|[from] Recoil\n|move|p2a: Drifblim|Shadow Ball|p1a: Talonflame\n|-damage|p1a: Talonflame|4/265\n|\n|upkeep\n|turn|14\n|\n|t:|1781450474\n|move|p2a: Drifblim|Shadow Ball|p1a: Talonflame\n|-damage|p1a: Talonflame|0 fnt\n|faint|p1a: Talonflame\n|\n|upkeep\n|\n|t:|1781450479\n|switch|p1a: Pelipper|Pelipper, L86, M|243/243\n|-weather|RainDance|[from] ability: Drizzle|[of] p1a: Pelipper\n|turn|15\n|\n|t:|1781450488\n|move|p2a: Drifblim|Strength Sap|p1a: Pelipper\n|-unboost|p1a: Pelipper|atk|1\n|-heal|p2a: Drifblim|266/396\n|move|p1a: Pelipper|Knock Off|p2a: Drifblim\n|-supereffective|p2a: Drifblim\n|-damage|p2a: Drifblim|202/396\n|\n|-weather|RainDance|[upkeep]\n|-fieldend|move: Grassy Terrain\n|upkeep\n|turn|16\n|\n|t:|1781450497\n|move|p2a: Drifblim|Calm Mind|p2a: Drifblim\n|-boost|p2a: Drifblim|spa|1\n|-boost|p2a: Drifblim|spd|1\n|move|p1a: Pelipper|Hydro Pump|p2a: Drifblim\n|-damage|p2a: Drifblim|49/396\n|\n|-weather|RainDance|[upkeep]\n|upkeep\n|turn|17\n|\n|t:|1781450503\n|move|p2a: Drifblim|Shadow Ball|p1a: Pelipper\n|-crit|p1a: Pelipper\n|-damage|p1a: Pelipper|11/243\n|move|p1a: Pelipper|Hurricane|p2a: Drifblim\n|-damage|p2a: Drifblim|0 fnt\n|faint|p2a: Drifblim\n|\n|-weather|RainDance|[upkeep]\n|upkeep\n|\n|t:|1781450509\n|switch|p2a: Rillaboom|Rillaboom, L79, M|288/288\n|-fieldstart|move: Grassy Terrain|[from] ability: Grassy Surge|[of] p2a: Rillaboom\n|turn|18\n|\n|t:|1781450515\n|switch|p1a: Seviper|Seviper, L93, M|287/287\n|move|p2a: Rillaboom|U-turn|p1a: Seviper\n|-resisted|p1a: Seviper\n|-damage|p1a: Seviper|240/287\n|\n|t:|1781450525\n|switch|p2a: Mabosstiff|Mabosstiff, L86, M|278/278|[from] U-turn\n|\n|-weather|RainDance|[upkeep]\n|-heal|p1a: Seviper|257/287|[from] Grassy Terrain\n|upkeep\n|turn|19\n|\n|t:|1781450530\n|switch|p1a: Pelipper|Pelipper, L86, M|11/243\n|move|p2a: Mabosstiff|Crunch|p1a: Pelipper\n|-damage|p1a: Pelipper|0 fnt\n|faint|p1a: Pelipper\n|\n|-weather|none\n|upkeep\n|\n|t:|1781450538\n|switch|p1a: Bruxish|Bruxish, L85, M|229/254\n|turn|20\n|\n|t:|1781450547\n|-terastallize|p1a: Bruxish|Dark\n|move|p1a: Bruxish|Swords Dance|p1a: Bruxish\n|-boost|p1a: Bruxish|atk|2\n|move|p2a: Mabosstiff|Crunch|p1a: Bruxish\n|-resisted|p1a: Bruxish\n|-damage|p1a: Bruxish|141/254\n|\n|-heal|p1a: Bruxish|156/254|[from] Grassy Terrain\n|upkeep\n|turn|21\n|\n|t:|1781450555\n|move|p1a: Bruxish|Wave Crash|p2a: Mabosstiff\n|-damage|p2a: Mabosstiff|0 fnt\n|faint|p2a: Mabosstiff\n|-damage|p1a: Bruxish|64/254|[from] Recoil\n|-damage|p1a: Bruxish|39/254|[from] item: Life Orb\n|\n|-heal|p1a: Bruxish|54/254|[from] Grassy Terrain\n|upkeep\n|\n|t:|1781450560\n|switch|p2a: Raichu|Raichu-Alola, L87, M|213/246\n|turn|22\n|\n|t:|1781450566\n|move|p2a: Raichu|Volt Switch|p1a: Bruxish\n|-crit|p1a: Bruxish\n|-damage|p1a: Bruxish|0 fnt\n|faint|p1a: Bruxish\n|\n|t:|1781450569\n|switch|p2a: Rillaboom|Rillaboom, L79, M|288/288|[from] Volt Switch\n|\n|-fieldend|move: Grassy Terrain\n|upkeep\n|\n|t:|1781450572\n|switch|p1a: Seviper|Seviper, L93, M|257/287\n|turn|23\n|\n|t:|1781450578\n|move|p2a: Rillaboom|U-turn|p1a: Seviper\n|-resisted|p1a: Seviper\n|-damage|p1a: Seviper|213/287\n|\n|t:|1781450580\n|switch|p2a: Raichu|Raichu-Alola, L87, M|213/246|[from] U-turn\n|move|p1a: Seviper|Gunk Shot|p2a: Raichu\n|-damage|p2a: Raichu|0 fnt\n|faint|p2a: Raichu\n|-damage|p1a: Seviper|185/287|[from] item: Life Orb\n|\n|upkeep\n|\n|t:|1781450582\n|switch|p2a: Rillaboom|Rillaboom, L79, M|288/288\n|-fieldstart|move: Grassy Terrain|[from] ability: Grassy Surge|[of] p2a: Rillaboom\n|turn|24\n|\n|t:|1781450601\n|-terastallize|p2a: Rillaboom|Grass\n|move|p2a: Rillaboom|Wood Hammer|p1a: Seviper\n|-resisted|p1a: Seviper\n|-damage|p1a: Seviper|0 fnt\n|faint|p1a: Seviper\n|-damage|p2a: Rillaboom|227/288|[from] Recoil\n|\n|win|Davide070701\n", "inputlog": ">version a8376a258c1d4662feba110a92103f3664a72141\n>start {\"formatid\":\"gen9randombattle\",\"seed\":\"sodium,b0faf4c3087fc950fcc8d51c627ebdb4\",\"rated\":\"Rated battle\"}\n>player p1 {\"name\":\"Reulsen\",\"avatar\":\"red\",\"rating\":1992,\"seed\":\"sodium,22b10c832e854189a88215903c993b48\"}\n>player p2 {\"name\":\"Davide070701\",\"avatar\":\"102\",\"rating\":1979,\"seed\":\"sodium,0eab0236bcc900c3732beda7aff84805\"}\n>p1 switch 6\n>p2 move knockoff\n>p1 move thunderbolt\n>p2 move knockoff\n>p1 move thunderbolt\n>p2 switch 6\n>p1 move hypervoice\n>p2 move voltswitch\n>p2 switch 6\n>p1 switch 4\n>p1 move toxicspikes\n>p2 move knockoff\n>p1 move focusblast\n>p2 switch 4\n>p1 move dracometeor\n>p2 move meteorbeam\n>p2 switch 3\n>p1 move toxicspikes\n>p2 move psychicfangs\n>p1 switch 6\n>p1 move swordsdance\n>p2 switch 4\n>p1 move crunch\n>p2 move knockoff\n>p2 switch 5\n>p1 switch 2\n>p2 move grassyglide\n>p1 move swordsdance\n>p2 switch 2\n>p1 move bravebird\n>p2 move shadowball\n>p1 move bravebird\n>p2 move shadowball\n>p1 switch 5\n>p1 move knockoff\n>p2 move strengthsap\n>p1 move hydropump\n>p2 move calmmind\n>p1 move hurricane\n>p2 move shadowball\n>p2 switch 2\n>p1 switch 3\n>p2 move uturn\n>p2 switch 4\n>p1 switch 3\n>p2 move crunch\n>p1 switch 2\n>p1 move swordsdance terastallize\n>p2 move crunch\n>p1 move wavecrash\n>p2 move crunch\n>p2 switch 6\n>p1 move wavecrash\n>p2 move voltswitch\n>p2 switch 4\n>p1 switch 3\n>p1 move gunkshot\n>p2 move uturn\n>p2 switch 4\n>p2 switch 4\n>p1 move flamethrower\n>p2 move woodhammer terastallize", "uploadtime": 1781450271, "views": 4, "formatid": "gen9randombattle", "rating": null, "private": 0, "password": null}