{"id": "gen9randombattle-2631950250", "format": "[Gen 9] Random Battle", "players": ["isnothingeasy", "magicaldc"], "log": "|j|\u2606isnothingeasy\n|j|\u2606magicaldc\n|t:|1781459044\n|gametype|singles\n|player|p1|isnothingeasy|lady|1954\n|player|p2|magicaldc|102|1908\n|gen|9\n|tier|[Gen 9] Random Battle\n|rated|\n|rule|Species Clause: Limit one of each Pok\u00e9mon\n|rule|HP Percentage Mod: HP is shown in percentages\n|rule|Sleep Clause Mod: Limit one foe put to sleep\n|rule|Illusion Level Mod: Illusion disguises the Pok\u00e9mon's true level\n|\n|t:|1781459044\n|teamsize|p1|6\n|teamsize|p2|6\n|start\n|switch|p1a: Magnezone|Magnezone, L85|258/258\n|switch|p2a: Blissey|Blissey, L85, F|572/572\n|turn|1\n|\n|t:|1781459057\n|switch|p2a: Ariados|Ariados, L95, M|287/287\n|move|p1a: Magnezone|Body Press|p2a: Ariados\n|-resisted|p2a: Ariados\n|-damage|p2a: Ariados|270/287\n|\n|upkeep\n|turn|2\n|\n|t:|1781459064\n|move|p1a: Magnezone|Thunderbolt|p2a: Ariados\n|-damage|p2a: Ariados|131/287\n|move|p2a: Ariados|Sticky Web|p1a: Magnezone\n|-sidestart|p1: isnothingeasy|move: Sticky Web\n|\n|upkeep\n|turn|3\n|\n|t:|1781459084\n|move|p1a: Magnezone|Thunderbolt|p2a: Ariados\n|-damage|p2a: Ariados|0 fnt\n|faint|p2a: Ariados\n|\n|upkeep\n|\n|t:|1781459087\n|switch|p2a: Armarouge|Armarouge, L80, M|267/267\n|turn|4\n|\n|t:|1781459093\n|switch|p1a: Feraligatr|Feraligatr, L79, F|264/264\n|-activate|p1a: Feraligatr|move: Sticky Web\n|-unboost|p1a: Feraligatr|spe|1\n|move|p2a: Armarouge|Psyshock|p1a: Feraligatr\n|-damage|p1a: Feraligatr|168/264\n|\n|upkeep\n|turn|5\n|\n|t:|1781459100\n|move|p2a: Armarouge|Energy Ball|p1a: Feraligatr\n|-supereffective|p1a: Feraligatr\n|-crit|p1a: Feraligatr\n|-damage|p1a: Feraligatr|0 fnt\n|faint|p1a: Feraligatr\n|\n|upkeep\n|\n|t:|1781459104\n|switch|p1a: Appletun|Appletun, L92, M|352/352\n|-activate|p1a: Appletun|move: Sticky Web\n|-unboost|p1a: Appletun|spe|1\n|turn|6\n|\n|t:|1781459117\n|switch|p2a: Blissey|Blissey, L85, F|572/572\n|move|p1a: Appletun|Leech Seed|p2a: Blissey\n|-start|p2a: Blissey|move: Leech Seed\n|\n|-damage|p2a: Blissey|501/572|[from] Leech Seed|[of] p1a: Appletun\n|upkeep\n|turn|7\n|\n|t:|1781459123\n|switch|p1a: Magnezone|Magnezone, L85|258/258\n|-activate|p1a: Magnezone|move: Sticky Web\n|-unboost|p1a: Magnezone|spe|1\n|move|p2a: Blissey|Thunder Wave|p1a: Magnezone\n|-immune|p1a: Magnezone\n|\n|-heal|p2a: Blissey|536/572|[from] item: Leftovers\n|-damage|p2a: Blissey|465/572|[from] Leech Seed|[of] p1a: Magnezone\n|upkeep\n|turn|8\n|\n|t:|1781459126\n|switch|p2a: Armarouge|Armarouge, L80, M|267/267\n|move|p1a: Magnezone|Body Press|p2a: Armarouge\n|-resisted|p2a: Armarouge\n|-damage|p2a: Armarouge|236/267\n|-ability|p2a: Armarouge|Weak Armor|boost\n|-unboost|p2a: Armarouge|def|1\n|-boost|p2a: Armarouge|spe|2\n|\n|upkeep\n|turn|9\n|\n|t:|1781459132\n|switch|p1a: Appletun|Appletun, L92, M|352/352\n|-activate|p1a: Appletun|move: Sticky Web\n|-unboost|p1a: Appletun|spe|1\n|move|p2a: Armarouge|Armor Cannon|p1a: Appletun\n|-damage|p1a: Appletun|285/352\n|-unboost|p2a: Armarouge|def|1\n|-unboost|p2a: Armarouge|spd|1\n|\n|-heal|p1a: Appletun|307/352|[from] item: Leftovers\n|upkeep\n|turn|10\n|\n|t:|1781459139\n|switch|p2a: Yanmega|Yanmega, L82, F|275/275\n|move|p1a: Appletun|Draco Meteor|p2a: Yanmega\n|-damage|p2a: Yanmega|46/275\n|-unboost|p1a: Appletun|spa|2\n|\n|-heal|p1a: Appletun|329/352|[from] item: Leftovers\n|upkeep\n|turn|11\n|\n|t:|1781459147\n|switch|p1a: Magnezone|Magnezone, L85|258/258\n|-activate|p1a: Magnezone|move: Sticky Web\n|-unboost|p1a: Magnezone|spe|1\n|move|p2a: Yanmega|Air Slash|p1a: Magnezone\n|-resisted|p1a: Magnezone\n|-damage|p1a: Magnezone|244/258\n|\n|-ability|p2a: Yanmega|Speed Boost|boost\n|-boost|p2a: Yanmega|spe|1\n|upkeep\n|turn|12\n|\n|t:|1781459159\n|move|p2a: Yanmega|Protect|p2a: Yanmega\n|-singleturn|p2a: Yanmega|Protect\n|move|p1a: Magnezone|Volt Switch|p2a: Yanmega\n|-activate|p2a: Yanmega|move: Protect\n|\n|-ability|p2a: Yanmega|Speed Boost|boost\n|-boost|p2a: Yanmega|spe|1\n|upkeep\n|turn|13\n|\n|t:|1781459164\n|-terastallize|p2a: Yanmega|Ground\n|move|p2a: Yanmega|Air Slash|p1a: Magnezone\n|-resisted|p1a: Magnezone\n|-damage|p1a: Magnezone|230/258\n|move|p1a: Magnezone|Volt Switch|p2a: Yanmega\n|-immune|p2a: Yanmega\n|\n|-ability|p2a: Yanmega|Speed Boost|boost\n|-boost|p2a: Yanmega|spe|1\n|upkeep\n|turn|14\n|\n|t:|1781459170\n|move|p2a: Yanmega|Tera Blast|p1a: Magnezone|[anim] Tera Blast Ground\n|-supereffective|p1a: Magnezone\n|-damage|p1a: Magnezone|0 fnt\n|faint|p1a: Magnezone\n|\n|-ability|p2a: Yanmega|Speed Boost|boost\n|-boost|p2a: Yanmega|spe|1\n|upkeep\n|\n|t:|1781459175\n|switch|p1a: Basculin|Basculin-Blue-Striped, L86, F|261/261\n|-activate|p1a: Basculin|move: Sticky Web\n|-unboost|p1a: Basculin|spe|1\n|turn|15\n|\n|t:|1781459180\n|move|p2a: Yanmega|Protect|p2a: Yanmega\n|-singleturn|p2a: Yanmega|Protect\n|move|p1a: Basculin|Flip Turn|p2a: Yanmega\n|-activate|p2a: Yanmega|move: Protect\n|\n|-ability|p2a: Yanmega|Speed Boost|boost\n|-boost|p2a: Yanmega|spe|1\n|upkeep\n|turn|16\n|\n|t:|1781459187\n|switch|p2a: Blissey|Blissey, L85, F|465/572\n|move|p1a: Basculin|Flip Turn|p2a: Blissey\n|-damage|p2a: Blissey|111/572\n|\n|t:|1781459195\n|switch|p1a: Beartic|Beartic, L91, F|321/321|[from] Flip Turn\n|\n|-heal|p2a: Blissey|146/572|[from] item: Leftovers\n|upkeep\n|turn|17\n|\n|t:|1781459199\n|move|p1a: Beartic|Snowscape|p1a: Beartic\n|-weather|Snowscape\n|move|p2a: Blissey|Thunder Wave|p1a: Beartic\n|-status|p1a: Beartic|par\n|\n|-weather|Snowscape|[upkeep]\n|-heal|p2a: Blissey|181/572|[from] item: Leftovers\n|upkeep\n|turn|18\n|\n|t:|1781459204\n|move|p1a: Beartic|Icicle Crash|p2a: Blissey\n|-damage|p2a: Blissey|0 fnt\n|faint|p2a: Blissey\n|\n|-weather|Snowscape|[upkeep]\n|upkeep\n|\n|t:|1781459208\n|switch|p2a: Armarouge|Armarouge, L80, M|236/267\n|turn|19\n|\n|t:|1781459223\n|switch|p1a: Appletun|Appletun, L92, M|329/352\n|-activate|p1a: Appletun|move: Sticky Web\n|-unboost|p1a: Appletun|spe|1\n|move|p2a: Armarouge|Psyshock|p1a: Appletun\n|-damage|p1a: Appletun|239/352\n|\n|-weather|Snowscape|[upkeep]\n|-heal|p1a: Appletun|261/352|[from] item: Leftovers\n|upkeep\n|turn|20\n|\n|t:|1781459236\n|move|p2a: Armarouge|Psyshock|p1a: Appletun\n|-damage|p1a: Appletun|176/352\n|move|p1a: Appletun|Apple Acid|p2a: Armarouge\n|-resisted|p2a: Armarouge\n|-damage|p2a: Armarouge|178/267\n|-unboost|p2a: Armarouge|spd|1\n|\n|-weather|Snowscape|[upkeep]\n|-heal|p1a: Appletun|198/352|[from] item: Leftovers\n|upkeep\n|turn|21\n|\n|t:|1781459251\n|move|p2a: Armarouge|Meteor Beam||[still]\n|-prepare|p2a: Armarouge|Meteor Beam\n|-boost|p2a: Armarouge|spa|1\n|-enditem|p2a: Armarouge|Power Herb\n|-anim|p2a: Armarouge|Meteor Beam|p1a: Appletun\n|-damage|p1a: Appletun|53/352\n|move|p1a: Appletun|Recover|p1a: Appletun\n|-heal|p1a: Appletun|229/352\n|\n|-weather|none\n|-heal|p1a: Appletun|251/352|[from] item: Leftovers\n|upkeep\n|turn|22\n|\n|t:|1781459258\n|move|p2a: Armarouge|Psyshock|p1a: Appletun\n|-damage|p1a: Appletun|109/352\n|move|p1a: Appletun|Draco Meteor|p2a: Armarouge\n|-damage|p2a: Armarouge|0 fnt\n|-unboost|p1a: Appletun|spa|2\n|faint|p2a: Armarouge\n|\n|-heal|p1a: Appletun|131/352|[from] item: Leftovers\n|upkeep\n|\n|t:|1781459261\n|switch|p2a: Yanmega|Yanmega, L82, F, tera:Ground|46/275\n|turn|23\n|\n|t:|1781459264\n|move|p2a: Yanmega|Bug Buzz|p1a: Appletun\n|-supereffective|p1a: Appletun\n|-damage|p1a: Appletun|0 fnt\n|faint|p1a: Appletun\n|\n|-ability|p2a: Yanmega|Speed Boost|boost\n|-boost|p2a: Yanmega|spe|1\n|upkeep\n|\n|t:|1781459270\n|switch|p1a: Basculin|Basculin-Blue-Striped, L86, F|261/261\n|-activate|p1a: Basculin|move: Sticky Web\n|-unboost|p1a: Basculin|spe|1\n|turn|24\n|\n|t:|1781459275\n|move|p2a: Yanmega|Protect|p2a: Yanmega\n|-singleturn|p2a: Yanmega|Protect\n|move|p1a: Basculin|Flip Turn|p2a: Yanmega\n|-activate|p2a: Yanmega|move: Protect\n|\n|-ability|p2a: Yanmega|Speed Boost|boost\n|-boost|p2a: Yanmega|spe|1\n|upkeep\n|turn|25\n|\n|t:|1781459292\n|move|p2a: Yanmega|Air Slash|p1a: Basculin\n|-damage|p1a: Basculin|141/261\n|cant|p1a: Basculin|flinch\n|\n|-ability|p2a: Yanmega|Speed Boost|boost\n|-boost|p2a: Yanmega|spe|1\n|upkeep\n|turn|26\n|\n|t:|1781459296\n|move|p2a: Yanmega|Bug Buzz|p1a: Basculin\n|-damage|p1a: Basculin|0 fnt\n|faint|p1a: Basculin\n|\n|-ability|p2a: Yanmega|Speed Boost|boost\n|-boost|p2a: Yanmega|spe|1\n|upkeep\n|\n|t:|1781459299\n|switch|p1a: Beartic|Beartic, L91, F|321/321 par\n|turn|27\n|\n|t:|1781459303\n|move|p2a: Yanmega|Bug Buzz|p1a: Beartic\n|-damage|p1a: Beartic|227/321 par\n|move|p1a: Beartic|Close Combat|p2a: Yanmega\n|-damage|p2a: Yanmega|0 fnt\n|-unboost|p1a: Beartic|def|1\n|-unboost|p1a: Beartic|spd|1\n|faint|p2a: Yanmega\n|\n|upkeep\n|\n|t:|1781459307\n|switch|p2a: Klawf|Klawf, L90, F|272/272\n|turn|28\n|\n|t:|1781459311\n|move|p2a: Klawf|Crabhammer|p1a: Beartic|[miss]\n|-miss|p2a: Klawf|p1a: Beartic\n|move|p1a: Beartic|Close Combat|p2a: Klawf\n|-supereffective|p2a: Klawf\n|-damage|p2a: Klawf|72/272\n|-unboost|p1a: Beartic|def|1\n|-unboost|p1a: Beartic|spd|1\n|\n|upkeep\n|turn|29\n|\n|t:|1781459314\n|move|p2a: Klawf|Crabhammer|p1a: Beartic\n|-damage|p1a: Beartic|56/321 par\n|cant|p1a: Beartic|par\n|\n|upkeep\n|turn|30\n|\n|t:|1781459318\n|move|p2a: Klawf|Crabhammer|p1a: Beartic|[miss]\n|-miss|p2a: Klawf|p1a: Beartic\n|cant|p1a: Beartic|par\n|\n|upkeep\n|turn|31\n|\n|t:|1781459320\n|move|p2a: Klawf|Crabhammer|p1a: Beartic\n|-damage|p1a: Beartic|0 fnt\n|faint|p1a: Beartic\n|\n|upkeep\n|\n|t:|1781459322\n|switch|p1a: Terapagos|Terapagos, L77, F|265/265\n|-activate|p1a: Terapagos|ability: Tera Shift\n|detailschange|p1a: Terapagos|Terapagos-Terastal, L77, F\n|-heal|p1a: Terapagos|273/273|[silent]\n|-activate|p1a: Terapagos|move: Sticky Web\n|-unboost|p1a: Terapagos|spe|1\n|turn|32\n|\n|t:|1781459325\n|move|p2a: Klawf|Crabhammer|p1a: Terapagos\n|-activate|p1a: Terapagos|ability: Tera Shell\n|-resisted|p1a: Terapagos\n|-damage|p1a: Terapagos|237/273\n|move|p1a: Terapagos|Tera Starstorm|p2a: Klawf\n|-resisted|p2a: Klawf\n|-damage|p2a: Klawf|3/272\n|\n|upkeep\n|turn|33\n|\n|t:|1781459330\n|switch|p2a: Toxtricity|Toxtricity, L82, M|257/257\n|move|p1a: Terapagos|Tera Starstorm|p2a: Toxtricity\n|-damage|p2a: Toxtricity|112/257\n|\n|upkeep\n|turn|34\n|\n|t:|1781459339\n|move|p2a: Toxtricity|Boomburst|p1a: Terapagos\n|-crit|p1a: Terapagos\n|-damage|p1a: Terapagos|61/273\n|move|p1a: Terapagos|Tera Starstorm|p2a: Toxtricity\n|-damage|p2a: Toxtricity|0 fnt\n|faint|p2a: Toxtricity\n|\n|upkeep\n|\n|t:|1781459343\n|switch|p2a: Klawf|Klawf, L90, F|93/272\n|turn|35\n|\n|t:|1781459376\n|move|p2a: Klawf|Stone Edge|p1a: Terapagos\n|-damage|p1a: Terapagos|0 fnt\n|faint|p1a: Terapagos\n|\n|win|magicaldc\n", "inputlog": ">version a8376a258c1d4662feba110a92103f3664a72141\n>start {\"formatid\":\"gen9randombattle\",\"seed\":\"sodium,245548c53fa2c439493b491a097ea1e0\",\"rated\":\"Rated battle\"}\n>player p1 {\"name\":\"isnothingeasy\",\"avatar\":\"lady\",\"rating\":1954,\"seed\":\"sodium,31d379d7a00cf60c035da7b0abc909e5\"}\n>player p2 {\"name\":\"magicaldc\",\"avatar\":\"102\",\"rating\":1908,\"seed\":\"sodium,439ffa6ec49f2d12779c43307f96da50\"}\n>p1 move bodypress\n>p2 switch 6\n>p1 move thunderbolt\n>p2 move stickyweb\n>p1 move thunderbolt\n>p2 move knockoff\n>p2 switch 3\n>p1 switch 2\n>p2 move psyshock\n>p1 move liquidation\n>p2 move energyball\n>p1 switch 6\n>p1 move leechseed\n>p2 switch 6\n>p1 switch 2\n>p2 move thunderwave\n>p1 move bodypress\n>p2 switch 6\n>p1 switch 2\n>p2 move armorcannon\n>p1 move dracometeor\n>p2 switch 4\n>p1 switch 2\n>p2 move airslash\n>p1 move voltswitch\n>p2 move protect\n>p1 move voltswitch\n>p2 move airslash terastallize\n>p1 move flashcannon\n>p2 move terablast\n>p1 switch 5\n>p1 move flipturn\n>p2 move protect\n>p1 move flipturn\n>p2 switch 6\n>p1 switch 4\n>p1 move snowscape\n>p2 move thunderwave\n>p1 move iciclecrash\n>p2 move seismictoss\n>p2 switch 4\n>p1 switch 2\n>p2 move psyshock\n>p1 move appleacid\n>p2 move psyshock\n>p1 move recover\n>p2 move meteorbeam\n>p1 move dracometeor\n>p2 move psyshock\n>p2 switch 6\n>p1 move appleacid\n>p2 move bugbuzz\n>p1 switch 4\n>p1 move flipturn\n>p2 move protect\n>p1 move flipturn\n>p2 move airslash\n>p1 move flipturn\n>p2 move bugbuzz\n>p1 switch 2\n>p1 move closecombat\n>p2 move bugbuzz\n>p2 switch 2\n>p1 move closecombat\n>p2 move crabhammer\n>p1 move closecombat\n>p2 move crabhammer\n>p1 move closecombat\n>p2 move crabhammer\n>p1 move closecombat\n>p2 move crabhammer\n>p1 switch 3\n>p1 move terastarstorm\n>p2 move crabhammer\n>p1 move terastarstorm\n>p2 switch 5\n>p1 move terastarstorm\n>p2 move boomburst\n>p2 switch 5\n>p1 move rest\n>p2 move stoneedge", "uploadtime": 1781459046, "views": 5, "formatid": "gen9randombattle", "rating": null, "private": 0, "password": null}