{"id": "gen9randombattle-2631759129", "format": "[Gen 9] Random Battle", "players": ["Goofy Ahhh Trainer", "huh blue"], "log": "|j|\u2606Goofy Ahhh Trainer\n|j|\u2606huh blue\n|t:|1781435087\n|gametype|singles\n|player|p1|Goofy Ahhh Trainer|skier|1920\n|player|p2|huh blue|steven|1944\n|gen|9\n|tier|[Gen 9] Random Battle\n|rated|\n|rule|Species Clause: Limit one of each Pok\u00e9mon\n|rule|HP Percentage Mod: HP is shown in percentages\n|rule|Sleep Clause Mod: Limit one foe put to sleep\n|rule|Illusion Level Mod: Illusion disguises the Pok\u00e9mon's true level\n|\n|t:|1781435087\n|teamsize|p1|6\n|teamsize|p2|6\n|start\n|switch|p1a: Gogoat|Gogoat, L88, F|360/360\n|switch|p2a: Urshifu|Urshifu-Rapid-Strike, L75, M|274/274\n|turn|1\n|inactive|Battle timer is ON: inactive players will automatically lose when time's up. (requested by huh blue)\n|\n|t:|1781435110\n|switch|p2a: Jirachi|Jirachi, L80|291/291\n|move|p1a: Gogoat|Horn Leech|p2a: Jirachi\n|-resisted|p2a: Jirachi\n|-damage|p2a: Jirachi|251/291\n|\n|upkeep\n|turn|2\n|\n|t:|1781435122\n|switch|p1a: Ursaring|Ursaring, L84, M|288/288\n|move|p2a: Jirachi|Iron Head|p1a: Ursaring\n|-damage|p1a: Ursaring|233/288\n|\n|upkeep\n|turn|3\n|\n|t:|1781435139\n|switch|p2a: Dudunsparce|Dudunsparce-Three-Segment, L83, M|343/343\n|move|p1a: Ursaring|Body Slam|p2a: Dudunsparce\n|-damage|p2a: Dudunsparce|217/343\n|\n|-heal|p2a: Dudunsparce|238/343|[from] item: Leftovers\n|upkeep\n|turn|4\n|\n|t:|1781435146\n|move|p1a: Ursaring|Body Slam|p2a: Dudunsparce\n|-damage|p2a: Dudunsparce|103/343\n|-status|p2a: Dudunsparce|par\n|move|p2a: Dudunsparce|Roost|p2a: Dudunsparce\n|-heal|p2a: Dudunsparce|275/343 par\n|-singleturn|p2a: Dudunsparce|move: Roost\n|\n|-heal|p2a: Dudunsparce|296/343 par|[from] item: Leftovers\n|upkeep\n|turn|5\n|\n|t:|1781435151\n|move|p1a: Ursaring|Body Slam|p2a: Dudunsparce\n|-damage|p2a: Dudunsparce|178/343 par\n|cant|p2a: Dudunsparce|par\n|\n|-heal|p2a: Dudunsparce|199/343 par|[from] item: Leftovers\n|upkeep\n|turn|6\n|\n|t:|1781435157\n|move|p1a: Ursaring|Body Slam|p2a: Dudunsparce\n|-damage|p2a: Dudunsparce|85/343 par\n|move|p2a: Dudunsparce|Roost|p2a: Dudunsparce\n|-heal|p2a: Dudunsparce|257/343 par\n|-singleturn|p2a: Dudunsparce|move: Roost\n|\n|-heal|p2a: Dudunsparce|278/343 par|[from] item: Leftovers\n|upkeep\n|turn|7\n|\n|t:|1781435162\n|move|p1a: Ursaring|Body Slam|p2a: Dudunsparce\n|-damage|p2a: Dudunsparce|148/343 par\n|move|p2a: Dudunsparce|Boomburst|p1a: Ursaring\n|-damage|p1a: Ursaring|137/288\n|\n|-heal|p2a: Dudunsparce|169/343 par|[from] item: Leftovers\n|upkeep\n|turn|8\n|\n|t:|1781435170\n|switch|p2a: Jirachi|Jirachi, L80|251/291\n|move|p1a: Ursaring|Body Slam|p2a: Jirachi\n|-resisted|p2a: Jirachi\n|-damage|p2a: Jirachi|200/291\n|\n|upkeep\n|turn|9\n|\n|t:|1781435177\n|switch|p1a: Phione|Phione, L91|293/293\n|move|p2a: Jirachi|Iron Head|p1a: Phione\n|-resisted|p1a: Phione\n|-damage|p1a: Phione|252/293\n|\n|-heal|p1a: Phione|270/293|[from] item: Leftovers\n|upkeep\n|turn|10\n|\n|t:|1781435187\n|switch|p2a: Regice|Regice, L88|284/284\n|move|p1a: Phione|Scald|p2a: Regice\n|-damage|p2a: Regice|245/284\n|-status|p2a: Regice|brn\n|\n|-heal|p1a: Phione|288/293|[from] item: Leftovers\n|-damage|p2a: Regice|228/284 brn|[from] brn\n|upkeep\n|turn|11\n|\n|t:|1781435197\n|move|p1a: Phione|Take Heart|p1a: Phione\n|-boost|p1a: Phione|spa|1\n|-boost|p1a: Phione|spd|1\n|move|p2a: Regice|Thunder Wave|p1a: Phione\n|-status|p1a: Phione|par\n|\n|-heal|p1a: Phione|293/293 par|[from] item: Leftovers\n|-damage|p2a: Regice|211/284 brn|[from] brn\n|upkeep\n|turn|12\n|\n|t:|1781435203\n|move|p2a: Regice|Thunderbolt|p1a: Phione\n|-supereffective|p1a: Phione\n|-damage|p1a: Phione|193/293 par\n|move|p1a: Phione|Take Heart|p1a: Phione\n|-boost|p1a: Phione|spa|1\n|-boost|p1a: Phione|spd|1\n|-curestatus|p1a: Phione|par|[msg]\n|\n|-heal|p1a: Phione|211/293|[from] item: Leftovers\n|-damage|p2a: Regice|194/284 brn|[from] brn\n|upkeep\n|turn|13\n|\n|t:|1781435213\n|move|p1a: Phione|Scald|p2a: Regice\n|-damage|p2a: Regice|104/284 brn\n|move|p2a: Regice|Thunderbolt|p1a: Phione\n|-supereffective|p1a: Phione\n|-damage|p1a: Phione|141/293\n|\n|-heal|p1a: Phione|159/293|[from] item: Leftovers\n|-damage|p2a: Regice|87/284 brn|[from] brn\n|upkeep\n|turn|14\n|\n|t:|1781435218\n|switch|p2a: Phione|Phione, L91|293/293\n|move|p1a: Phione|Scald|p2a: Phione\n|-resisted|p2a: Phione\n|-damage|p2a: Phione|206/293\n|-status|p2a: Phione|brn\n|\n|-heal|p2a: Phione|224/293 brn|[from] item: Leftovers\n|-heal|p1a: Phione|177/293|[from] item: Leftovers\n|-damage|p2a: Phione|206/293 brn|[from] brn\n|upkeep\n|turn|15\n|\n|t:|1781435225\n|move|p2a: Phione|Take Heart|p2a: Phione\n|-boost|p2a: Phione|spa|1\n|-boost|p2a: Phione|spd|1\n|-curestatus|p2a: Phione|brn|[msg]\n|move|p1a: Phione|Scald|p2a: Phione\n|-resisted|p2a: Phione\n|-damage|p2a: Phione|154/293\n|\n|-heal|p2a: Phione|172/293|[from] item: Leftovers\n|-heal|p1a: Phione|195/293|[from] item: Leftovers\n|upkeep\n|turn|16\n|inactive|huh blue has 120 seconds left.\n|\n|t:|1781435258\n|move|p2a: Phione|Take Heart|p2a: Phione\n|-boost|p2a: Phione|spa|1\n|-boost|p2a: Phione|spd|1\n|move|p1a: Phione|Take Heart|p1a: Phione\n|-boost|p1a: Phione|spa|1\n|-boost|p1a: Phione|spd|1\n|\n|-heal|p2a: Phione|190/293|[from] item: Leftovers\n|-heal|p1a: Phione|213/293|[from] item: Leftovers\n|upkeep\n|turn|17\n|\n|t:|1781435261\n|move|p2a: Phione|Take Heart|p2a: Phione\n|-boost|p2a: Phione|spa|1\n|-boost|p2a: Phione|spd|1\n|move|p1a: Phione|Take Heart|p1a: Phione\n|-boost|p1a: Phione|spa|1\n|-boost|p1a: Phione|spd|1\n|\n|-heal|p2a: Phione|208/293|[from] item: Leftovers\n|-heal|p1a: Phione|231/293|[from] item: Leftovers\n|upkeep\n|turn|18\n|\n|t:|1781435265\n|move|p2a: Phione|Take Heart|p2a: Phione\n|-boost|p2a: Phione|spa|1\n|-boost|p2a: Phione|spd|1\n|move|p1a: Phione|Take Heart|p1a: Phione\n|-boost|p1a: Phione|spa|1\n|-boost|p1a: Phione|spd|1\n|\n|-heal|p2a: Phione|226/293|[from] item: Leftovers\n|-heal|p1a: Phione|249/293|[from] item: Leftovers\n|upkeep\n|turn|19\n|\n|t:|1781435268\n|move|p2a: Phione|Take Heart|p2a: Phione\n|-boost|p2a: Phione|spa|1\n|-boost|p2a: Phione|spd|1\n|move|p1a: Phione|Take Heart|p1a: Phione\n|-boost|p1a: Phione|spa|1\n|-boost|p1a: Phione|spd|1\n|\n|-heal|p1a: Phione|267/293|[from] item: Leftovers\n|-heal|p2a: Phione|244/293|[from] item: Leftovers\n|upkeep\n|turn|20\n|\n|t:|1781435271\n|move|p1a: Phione|Scald|p2a: Phione\n|-resisted|p2a: Phione\n|-damage|p2a: Phione|199/293\n|-status|p2a: Phione|brn\n|move|p2a: Phione|Take Heart|p2a: Phione\n|-boost|p2a: Phione|spa|1\n|-boost|p2a: Phione|spd|1\n|-curestatus|p2a: Phione|brn|[msg]\n|\n|-heal|p2a: Phione|217/293|[from] item: Leftovers\n|-heal|p1a: Phione|285/293|[from] item: Leftovers\n|upkeep\n|turn|21\n|\n|t:|1781435273\n|move|p2a: Phione|Grass Knot|p1a: Phione\n|-supereffective|p1a: Phione\n|-damage|p1a: Phione|253/293\n|move|p1a: Phione|Scald|p2a: Phione\n|-resisted|p2a: Phione\n|-damage|p2a: Phione|173/293\n|\n|-heal|p2a: Phione|191/293|[from] item: Leftovers\n|-heal|p1a: Phione|271/293|[from] item: Leftovers\n|upkeep\n|turn|22\n|\n|t:|1781435281\n|move|p1a: Phione|Scald|p2a: Phione\n|-resisted|p2a: Phione\n|-damage|p2a: Phione|151/293\n|move|p2a: Phione|Scald|p1a: Phione\n|-resisted|p1a: Phione\n|-damage|p1a: Phione|229/293\n|\n|-heal|p1a: Phione|247/293|[from] item: Leftovers\n|-heal|p2a: Phione|169/293|[from] item: Leftovers\n|upkeep\n|turn|23\n|inactive|huh blue has 120 seconds left.\n|\n|t:|1781435316\n|move|p1a: Phione|Scald|p2a: Phione\n|-resisted|p2a: Phione\n|-damage|p2a: Phione|127/293\n|move|p2a: Phione|Scald|p1a: Phione\n|-resisted|p1a: Phione\n|-damage|p1a: Phione|202/293\n|\n|-heal|p2a: Phione|145/293|[from] item: Leftovers\n|-heal|p1a: Phione|220/293|[from] item: Leftovers\n|upkeep\n|turn|24\n|\n|t:|1781435323\n|move|p2a: Phione|Scald|p1a: Phione\n|-resisted|p1a: Phione\n|-damage|p1a: Phione|175/293\n|move|p1a: Phione|Scald|p2a: Phione\n|-resisted|p2a: Phione\n|-damage|p2a: Phione|103/293\n|\n|-heal|p1a: Phione|193/293|[from] item: Leftovers\n|-heal|p2a: Phione|121/293|[from] item: Leftovers\n|upkeep\n|turn|25\n|\n|t:|1781435328\n|move|p2a: Phione|Scald|p1a: Phione\n|-resisted|p1a: Phione\n|-damage|p1a: Phione|151/293\n|move|p1a: Phione|Scald|p2a: Phione\n|-resisted|p2a: Phione\n|-damage|p2a: Phione|82/293\n|\n|-heal|p1a: Phione|169/293|[from] item: Leftovers\n|-heal|p2a: Phione|100/293|[from] item: Leftovers\n|upkeep\n|turn|26\n|\n|t:|1781435335\n|move|p2a: Phione|Scald|p1a: Phione\n|-resisted|p1a: Phione\n|-damage|p1a: Phione|129/293\n|-status|p1a: Phione|brn\n|move|p1a: Phione|Scald|p2a: Phione\n|-resisted|p2a: Phione\n|-damage|p2a: Phione|55/293\n|-status|p2a: Phione|brn\n|\n|-heal|p1a: Phione|147/293 brn|[from] item: Leftovers\n|-heal|p2a: Phione|73/293 brn|[from] item: Leftovers\n|-damage|p2a: Phione|55/293 brn|[from] brn\n|-damage|p1a: Phione|129/293 brn|[from] brn\n|upkeep\n|turn|27\n|\n|t:|1781435345\n|move|p1a: Phione|Rest|p1a: Phione\n|-status|p1a: Phione|slp|[from] move: Rest\n|-heal|p1a: Phione|293/293 slp|[silent]\n|move|p2a: Phione|Take Heart|p2a: Phione\n|-boost|p2a: Phione|spa|0\n|-boost|p2a: Phione|spd|0\n|-curestatus|p2a: Phione|brn|[msg]\n|\n|-heal|p2a: Phione|73/293|[from] item: Leftovers\n|upkeep\n|turn|28\n|\n|t:|1781435353\n|cant|p1a: Phione|slp\n|move|p1a: Phione|Sleep Talk|p1a: Phione\n|move|p1a: Phione|Rest||[from] move: Sleep Talk|[still]\n|-fail|p1a: Phione\n|move|p2a: Phione|Scald|p1a: Phione\n|-resisted|p1a: Phione\n|-damage|p1a: Phione|254/293 slp\n|\n|-heal|p1a: Phione|272/293 slp|[from] item: Leftovers\n|-heal|p2a: Phione|91/293|[from] item: Leftovers\n|upkeep\n|turn|29\n|\n|t:|1781435357\n|cant|p1a: Phione|slp\n|move|p1a: Phione|Sleep Talk|p1a: Phione\n|move|p1a: Phione|Take Heart|p1a: Phione|[from] move: Sleep Talk\n|-boost|p1a: Phione|spa|0\n|-boost|p1a: Phione|spd|0\n|-curestatus|p1a: Phione|slp|[msg]\n|move|p2a: Phione|Grass Knot|p1a: Phione\n|-supereffective|p1a: Phione\n|-damage|p1a: Phione|240/293\n|\n|-heal|p2a: Phione|109/293|[from] item: Leftovers\n|-heal|p1a: Phione|258/293|[from] item: Leftovers\n|upkeep\n|turn|30\n|\n|t:|1781435368\n|move|p2a: Phione|Grass Knot|p1a: Phione\n|-supereffective|p1a: Phione\n|-damage|p1a: Phione|228/293\n|move|p1a: Phione|Scald|p2a: Phione\n|-resisted|p2a: Phione\n|-damage|p2a: Phione|64/293\n|-status|p2a: Phione|brn\n|\n|-heal|p2a: Phione|82/293 brn|[from] item: Leftovers\n|-heal|p1a: Phione|246/293|[from] item: Leftovers\n|-damage|p2a: Phione|64/293 brn|[from] brn\n|upkeep\n|turn|31\n|\n|t:|1781435374\n|move|p1a: Phione|Scald|p2a: Phione\n|-resisted|p2a: Phione\n|-damage|p2a: Phione|25/293 brn\n|move|p2a: Phione|Take Heart|p2a: Phione\n|-boost|p2a: Phione|spa|0\n|-boost|p2a: Phione|spd|0\n|-curestatus|p2a: Phione|brn|[msg]\n|\n|-heal|p2a: Phione|43/293|[from] item: Leftovers\n|-heal|p1a: Phione|264/293|[from] item: Leftovers\n|upkeep\n|turn|32\n|\n|t:|1781435378\n|move|p2a: Phione|Scald|p1a: Phione\n|-resisted|p1a: Phione\n|-damage|p1a: Phione|225/293\n|move|p1a: Phione|Scald|p2a: Phione\n|-resisted|p2a: Phione\n|-damage|p2a: Phione|0 fnt\n|faint|p2a: Phione\n|\n|-heal|p1a: Phione|243/293|[from] item: Leftovers\n|upkeep\n|\n|t:|1781435384\n|switch|p2a: Jirachi|Jirachi, L80|200/291\n|turn|33\n|\n|t:|1781435390\n|move|p2a: Jirachi|Healing Wish|p2a: Jirachi\n|faint|p2a: Jirachi\n|move|p1a: Phione|Scald|p2: Jirachi|[notarget]\n|-fail|p1a: Phione\n|\n|-heal|p1a: Phione|261/293|[from] item: Leftovers\n|upkeep\n|\n|t:|1781435400\n|switch|p2a: Regice|Regice, L88|87/284 brn\n|-heal|p2a: Regice|284/284|[from] move: Healing Wish\n|turn|34\n|\n|t:|1781435405\n|move|p1a: Phione|Scald|p2a: Regice\n|-damage|p2a: Regice|115/284\n|move|p2a: Regice|Thunder Wave|p1a: Phione\n|-status|p1a: Phione|par\n|\n|-heal|p1a: Phione|279/293 par|[from] item: Leftovers\n|upkeep\n|turn|35\n|\n|t:|1781435412\n|move|p2a: Regice|Thunderbolt|p1a: Phione\n|-supereffective|p1a: Phione\n|-damage|p1a: Phione|239/293 par\n|move|p1a: Phione|Take Heart|p1a: Phione\n|-boost|p1a: Phione|spa|0\n|-boost|p1a: Phione|spd|0\n|-curestatus|p1a: Phione|par|[msg]\n|\n|-heal|p1a: Phione|257/293|[from] item: Leftovers\n|upkeep\n|turn|36\n|\n|t:|1781435416\n|move|p1a: Phione|Scald|p2a: Regice\n|-damage|p2a: Regice|0 fnt\n|faint|p2a: Regice\n|\n|-heal|p1a: Phione|275/293|[from] item: Leftovers\n|upkeep\n|-message|huh blue forfeited.\n|\n|win|Goofy Ahhh Trainer\n", "inputlog": ">version a8376a258c1d4662feba110a92103f3664a72141\n>start {\"formatid\":\"gen9randombattle\",\"seed\":\"sodium,80c78a9534071545bd8cddff136dcd82\",\"rated\":\"Rated battle\"}\n>player p1 {\"name\":\"Goofy Ahhh Trainer\",\"avatar\":\"skier\",\"rating\":1920,\"seed\":\"sodium,3faa1dacd20e9dd10677671cdfc988f6\"}\n>player p2 {\"name\":\"huh blue\",\"avatar\":\"steven\",\"rating\":1944,\"seed\":\"sodium,2e5cbf61c8423fd682a366385856b9e8\"}\n>p1 move hornleech\n>p2 switch 3\n>p1 switch 3\n>p2 move ironhead\n>p1 move bodyslam\n>p2 switch 5\n>p1 move bodyslam\n>p2 move roost\n>p1 move bodyslam\n>p2 move boomburst\n>p1 move bodyslam\n>p2 move roost\n>p1 move bodyslam\n>p2 move boomburst\n>p1 move bodyslam\n>p2 switch 5\n>p1 switch 5\n>p2 move ironhead\n>p1 move scald\n>p2 switch 6\n>p1 move takeheart\n>p2 move thunderwave\n>p1 move takeheart\n>p2 move thunderbolt\n>p1 move scald\n>p2 move thunderbolt\n>p1 move scald\n>p2 switch 4\n>p1 move scald\n>p2 move takeheart\n>p1 move takeheart\n>p2 move takeheart\n>p1 move takeheart\n>p2 move takeheart\n>p1 move takeheart\n>p2 move takeheart\n>p1 move takeheart\n>p2 move takeheart\n>p1 move scald\n>p2 move takeheart\n>p1 move scald\n>p2 move grassknot\n>p1 move scald\n>p2 move scald\n>p1 move scald\n>p2 move scald\n>p1 move scald\n>p2 move scald\n>p1 move scald\n>p2 move scald\n>p1 move scald\n>p2 move scald\n>p1 move rest\n>p2 move takeheart\n>p1 move sleeptalk\n>p2 move scald\n>p1 move sleeptalk\n>p2 move grassknot\n>p1 move scald\n>p2 move grassknot\n>p1 move scald\n>p2 move takeheart\n>p1 move scald\n>p2 move scald\n>p2 switch 6\n>p1 move scald\n>p2 move healingwish\n>p2 switch 4\n>p1 move scald\n>p2 move thunderwave\n>p1 move takeheart\n>p2 move thunderbolt\n>p1 move scald\n>p2 move thunderwave\n>forcelose p2", "uploadtime": 1781435089, "views": 5, "formatid": "gen9randombattle", "rating": null, "private": 0, "password": null}