{"id": "gen9randombattle-2631451313", "format": "[Gen 9] Random Battle", "players": ["Arkaes", "Jadasteel"], "log": "|j|\u2606Arkaes\n|j|\u2606Jadasteel\n|t:|1781386281\n|gametype|singles\n|player|p1|Arkaes|hayley|1982\n|player|p2|Jadasteel|fantina|2034\n|gen|9\n|tier|[Gen 9] Random Battle\n|rated|\n|rule|Species Clause: Limit one of each Pok\u00e9mon\n|rule|HP Percentage Mod: HP is shown in percentages\n|rule|Sleep Clause Mod: Limit one foe put to sleep\n|rule|Illusion Level Mod: Illusion disguises the Pok\u00e9mon's true level\n|\n|t:|1781386281\n|teamsize|p1|6\n|teamsize|p2|6\n|start\n|switch|p1a: Exeggutor|Exeggutor, L89, M|312/312\n|switch|p2a: Baxcalibur|Baxcalibur, L75, F|295/295\n|turn|1\n|inactive|Battle timer is ON: inactive players will automatically lose when time's up. (requested by Jadasteel)\n|\n|t:|1781386295\n|switch|p1a: Dachsbun|Dachsbun, L92, M|254/254\n|move|p2a: Baxcalibur|Icicle Crash|p1a: Dachsbun|[miss]\n|-miss|p2a: Baxcalibur|p1a: Dachsbun\n|\n|upkeep\n|turn|2\n|\n|t:|1781386319\n|switch|p1a: Exeggutor|Exeggutor, L89, M|312/312\n|switch|p2a: Skarmory|Skarmory, L80, F|235/235\n|\n|upkeep\n|turn|3\n|\n|t:|1781386328\n|move|p2a: Skarmory|Brave Bird|p1a: Exeggutor\n|-supereffective|p1a: Exeggutor\n|-damage|p1a: Exeggutor|102/312\n|-enditem|p1a: Exeggutor|Sitrus Berry|[eat]\n|-heal|p1a: Exeggutor|180/312|[from] item: Sitrus Berry\n|-damage|p2a: Skarmory|166/235|[from] Recoil\n|move|p1a: Exeggutor|Substitute|p1a: Exeggutor\n|-start|p1a: Exeggutor|Substitute\n|-damage|p1a: Exeggutor|102/312\n|\n|-heal|p2a: Skarmory|180/235|[from] item: Leftovers\n|upkeep\n|turn|4\n|\n|t:|1781386338\n|switch|p2a: Sylveon|Sylveon, L85, F|300/300\n|move|p1a: Exeggutor|Psyshock|p2a: Sylveon\n|-damage|p2a: Sylveon|149/300\n|\n|-heal|p2a: Sylveon|167/300|[from] item: Leftovers\n|upkeep\n|turn|5\n|\n|t:|1781386350\n|switch|p1a: Toxapex|Toxapex, L82, M|216/216\n|move|p2a: Sylveon|Hyper Voice|p1a: Toxapex\n|-resisted|p1a: Toxapex\n|-crit|p1a: Toxapex\n|-damage|p1a: Toxapex|146/216\n|\n|-heal|p2a: Sylveon|185/300|[from] item: Leftovers\n|upkeep\n|turn|6\n|\n|t:|1781386365\n|switch|p2a: Skarmory|Skarmory, L80, F|180/235\n|move|p1a: Toxapex|Toxic Spikes|p2a: Skarmory\n|-sidestart|p2: Jadasteel|move: Toxic Spikes\n|\n|-heal|p2a: Skarmory|194/235|[from] item: Leftovers\n|upkeep\n|turn|7\n|\n|t:|1781386376\n|move|p2a: Skarmory|Iron Defense|p2a: Skarmory\n|-boost|p2a: Skarmory|def|2\n|move|p1a: Toxapex|Toxic Spikes|p2a: Skarmory\n|-sidestart|p2: Jadasteel|move: Toxic Spikes\n|\n|-heal|p2a: Skarmory|208/235|[from] item: Leftovers\n|upkeep\n|turn|8\n|\n|t:|1781386395\n|move|p2a: Skarmory|Body Press|p1a: Toxapex\n|-resisted|p1a: Toxapex\n|-damage|p1a: Toxapex|103/216\n|-damage|p2a: Skarmory|169/235|[from] item: Rocky Helmet|[of] p1a: Toxapex\n|move|p1a: Toxapex|Haze|p1a: Toxapex\n|-clearallboost\n|\n|-heal|p2a: Skarmory|183/235|[from] item: Leftovers\n|upkeep\n|turn|9\n|\n|t:|1781386407\n|switch|p2a: Urshifu|Urshifu, L74, M|270/270\n|-status|p2a: Urshifu|tox\n|move|p1a: Toxapex|Recover|p1a: Toxapex\n|-heal|p1a: Toxapex|211/216\n|\n|-damage|p2a: Urshifu|254/270 tox|[from] psn\n|upkeep\n|turn|10\n|\n|t:|1781386412\n|switch|p1a: Dachsbun|Dachsbun, L92, M|254/254\n|-terastallize|p2a: Urshifu|Poison\n|move|p2a: Urshifu|Swords Dance|p2a: Urshifu\n|-boost|p2a: Urshifu|atk|2\n|\n|-damage|p2a: Urshifu|222/270 tox|[from] psn\n|upkeep\n|turn|11\n|\n|t:|1781386424\n|switch|p2a: Skarmory|Skarmory, L80, F|183/235\n|move|p1a: Dachsbun|Protect||[still]\n|-fail|p1a: Dachsbun\n|\n|-heal|p2a: Skarmory|197/235|[from] item: Leftovers\n|upkeep\n|turn|12\n|\n|t:|1781386431\n|switch|p1a: Typhlosion|Typhlosion-Hisui, L83, M|257/257\n|switch|p2a: Urshifu|Urshifu, L74, M, tera:Poison|222/270 tox\n|-sideend|p2: Jadasteel|move: Toxic Spikes|[of] p2a: Urshifu\n|\n|-damage|p2a: Urshifu|206/270 tox|[from] psn\n|upkeep\n|turn|13\n|inactive|Arkaes has 120 seconds left.\n|\n|t:|1781386466\n|switch|p2a: Baxcalibur|Baxcalibur, L75, F|295/295\n|move|p1a: Typhlosion|Substitute|p1a: Typhlosion\n|-start|p1a: Typhlosion|Substitute\n|-damage|p1a: Typhlosion|193/257\n|\n|-heal|p1a: Typhlosion|209/257|[from] item: Leftovers\n|upkeep\n|turn|14\n|\n|t:|1781386472\n|move|p1a: Typhlosion|Fire Blast|p2a: Baxcalibur|[miss]\n|-miss|p1a: Typhlosion|p2a: Baxcalibur\n|move|p2a: Baxcalibur|Earthquake|p1a: Typhlosion\n|-supereffective|p1a: Typhlosion\n|-end|p1a: Typhlosion|Substitute\n|\n|-heal|p1a: Typhlosion|225/257|[from] item: Leftovers\n|upkeep\n|turn|15\n|\n|t:|1781386477\n|switch|p1a: Dachsbun|Dachsbun, L92, M|254/254\n|move|p2a: Baxcalibur|Earthquake|p1a: Dachsbun\n|-damage|p1a: Dachsbun|166/254\n|\n|-heal|p1a: Dachsbun|181/254|[from] item: Leftovers\n|upkeep\n|turn|16\n|\n|t:|1781386486\n|switch|p2a: Urshifu|Urshifu, L74, M, tera:Poison|206/270 tox\n|move|p1a: Dachsbun|Wish|p1a: Dachsbun\n|\n|-heal|p1a: Dachsbun|196/254|[from] item: Leftovers\n|-damage|p2a: Urshifu|190/270 tox|[from] psn\n|upkeep\n|turn|17\n|\n|t:|1781386493\n|switch|p1a: Toxapex|Toxapex, L82, M|216/216\n|move|p2a: Urshifu|Swords Dance|p2a: Urshifu\n|-boost|p2a: Urshifu|atk|2\n|\n|-damage|p2a: Urshifu|158/270 tox|[from] psn\n|upkeep\n|turn|18\n|\n|t:|1781386507\n|switch|p1a: Exeggutor|Exeggutor, L89, M|102/312\n|move|p2a: Urshifu|Wicked Blow|p1a: Exeggutor\n|-supereffective|p1a: Exeggutor\n|-crit|p1a: Exeggutor\n|-damage|p1a: Exeggutor|0 fnt\n|faint|p1a: Exeggutor\n|-damage|p2a: Urshifu|131/270 tox|[from] item: Life Orb\n|\n|-damage|p2a: Urshifu|83/270 tox|[from] psn\n|upkeep\n|\n|t:|1781386517\n|switch|p1a: Typhlosion|Typhlosion-Hisui, L83, M|225/257\n|turn|19\n|\n|t:|1781386525\n|switch|p2a: Baxcalibur|Baxcalibur, L75, F|295/295\n|move|p1a: Typhlosion|Shadow Ball|p2a: Baxcalibur\n|-damage|p2a: Baxcalibur|190/295\n|\n|-heal|p1a: Typhlosion|241/257|[from] item: Leftovers\n|upkeep\n|turn|20\n|\n|t:|1781386545\n|switch|p1a: Dachsbun|Dachsbun, L92, M|196/254\n|move|p2a: Baxcalibur|Earthquake|p1a: Dachsbun\n|-damage|p1a: Dachsbun|111/254\n|\n|-heal|p1a: Dachsbun|126/254|[from] item: Leftovers\n|upkeep\n|turn|21\n|\n|t:|1781386567\n|switch|p2a: Cinderace|Cinderace, L77, F|249/249\n|move|p1a: Dachsbun|Wish|p1a: Dachsbun\n|\n|-heal|p1a: Dachsbun|141/254|[from] item: Leftovers\n|upkeep\n|turn|22\n|\n|t:|1781386576\n|move|p1a: Dachsbun|Protect|p1a: Dachsbun\n|-singleturn|p1a: Dachsbun|Protect\n|move|p2a: Cinderace|U-turn|p1a: Dachsbun\n|-start|p2a: Cinderace|typechange|Bug|[from] ability: Libero\n|-activate|p1a: Dachsbun|move: Protect\n|\n|-heal|p1a: Dachsbun|254/254|[from] move: Wish|[wisher] Dachsbun\n|upkeep\n|turn|23\n|\n|t:|1781386589\n|move|p2a: Cinderace|U-turn|p1a: Dachsbun\n|-resisted|p1a: Dachsbun\n|-damage|p1a: Dachsbun|211/254\n|\n|t:|1781386600\n|switch|p2a: Skarmory|Skarmory, L80, F|197/235|[from] U-turn\n|move|p1a: Dachsbun|Play Rough|p2a: Skarmory\n|-resisted|p2a: Skarmory\n|-damage|p2a: Skarmory|161/235\n|\n|-heal|p1a: Dachsbun|226/254|[from] item: Leftovers\n|-heal|p2a: Skarmory|175/235|[from] item: Leftovers\n|upkeep\n|turn|24\n|\n|t:|1781386608\n|switch|p1a: Typhlosion|Typhlosion-Hisui, L83, M|241/257\n|move|p2a: Skarmory|Roost|p2a: Skarmory\n|-heal|p2a: Skarmory|235/235\n|-singleturn|p2a: Skarmory|move: Roost\n|\n|-heal|p1a: Typhlosion|257/257|[from] item: Leftovers\n|upkeep\n|turn|25\n|\n|t:|1781386615\n|move|p1a: Typhlosion|Shadow Ball|p2a: Skarmory\n|-damage|p2a: Skarmory|121/235\n|move|p2a: Skarmory|Brave Bird|p1a: Typhlosion\n|-damage|p1a: Typhlosion|151/257\n|-damage|p2a: Skarmory|86/235|[from] Recoil\n|\n|-heal|p1a: Typhlosion|167/257|[from] item: Leftovers\n|-heal|p2a: Skarmory|100/235|[from] item: Leftovers\n|upkeep\n|turn|26\n|\n|t:|1781386622\n|switch|p2a: Cinderace|Cinderace, L77, F|249/249\n|move|p1a: Typhlosion|Shadow Ball|p2a: Cinderace\n|-damage|p2a: Cinderace|120/249\n|-unboost|p2a: Cinderace|spd|1\n|\n|-heal|p1a: Typhlosion|183/257|[from] item: Leftovers\n|upkeep\n|turn|27\n|\n|t:|1781386629\n|switch|p1a: Toxapex|Toxapex, L82, M|216/216\n|move|p2a: Cinderace|U-turn|p1a: Toxapex\n|-start|p2a: Cinderace|typechange|Bug|[from] ability: Libero\n|-resisted|p1a: Toxapex\n|-damage|p1a: Toxapex|180/216\n|-damage|p2a: Cinderace|79/249|[from] item: Rocky Helmet|[of] p1a: Toxapex\n|\n|t:|1781386638\n|switch|p2a: Baxcalibur|Baxcalibur, L75, F|190/295|[from] U-turn\n|\n|upkeep\n|turn|28\n|\n|t:|1781386655\n|switch|p1a: Dachsbun|Dachsbun, L92, M|226/254\n|move|p2a: Baxcalibur|Earthquake|p1a: Dachsbun\n|-damage|p1a: Dachsbun|139/254\n|\n|-heal|p1a: Dachsbun|154/254|[from] item: Leftovers\n|upkeep\n|turn|29\n|\n|t:|1781386662\n|move|p1a: Dachsbun|Wish|p1a: Dachsbun\n|move|p2a: Baxcalibur|Earthquake|p1a: Dachsbun\n|-damage|p1a: Dachsbun|70/254\n|\n|-heal|p1a: Dachsbun|85/254|[from] item: Leftovers\n|upkeep\n|turn|30\n|\n|t:|1781386665\n|switch|p2a: Sylveon|Sylveon, L85, F|185/300\n|move|p1a: Dachsbun|Protect||[still]\n|-fail|p1a: Dachsbun\n|\n|-heal|p1a: Dachsbun|212/254|[from] move: Wish|[wisher] Dachsbun\n|-heal|p1a: Dachsbun|227/254|[from] item: Leftovers\n|-heal|p2a: Sylveon|203/300|[from] item: Leftovers\n|upkeep\n|turn|31\n|\n|t:|1781386668\n|move|p1a: Dachsbun|Play Rough|p2a: Sylveon\n|-damage|p2a: Sylveon|88/300\n|-unboost|p2a: Sylveon|atk|1\n|move|p2a: Sylveon|Wish|p2a: Sylveon\n|\n|-heal|p1a: Dachsbun|242/254|[from] item: Leftovers\n|-heal|p2a: Sylveon|106/300|[from] item: Leftovers\n|upkeep\n|turn|32\n|\n|t:|1781386676\n|switch|p1a: Toxapex|Toxapex, L82, M|216/216\n|move|p2a: Sylveon|Protect||[still]\n|-fail|p2a: Sylveon\n|\n|-heal|p2a: Sylveon|256/300|[from] move: Wish|[wisher] Sylveon\n|-heal|p2a: Sylveon|274/300|[from] item: Leftovers\n|upkeep\n|turn|33\n|\n|t:|1781386683\n|move|p2a: Sylveon|Wish|p2a: Sylveon\n|move|p1a: Toxapex|Liquidation|p2a: Sylveon\n|-damage|p2a: Sylveon|195/300\n|\n|-heal|p2a: Sylveon|213/300|[from] item: Leftovers\n|upkeep\n|turn|34\n|\n|t:|1781386694\n|switch|p2a: Urshifu|Urshifu, L74, M, tera:Poison|83/270 tox\n|move|p1a: Toxapex|Toxic Spikes|p2a: Urshifu\n|-sidestart|p2: Jadasteel|move: Toxic Spikes\n|\n|-heal|p2a: Urshifu|233/270 tox|[from] move: Wish|[wisher] Sylveon\n|-damage|p2a: Urshifu|217/270 tox|[from] psn\n|upkeep\n|turn|35\n|\n|t:|1781386702\n|move|p2a: Urshifu|Swords Dance|p2a: Urshifu\n|-boost|p2a: Urshifu|atk|2\n|move|p1a: Toxapex|Toxic Spikes|p2a: Urshifu\n|-sidestart|p2: Jadasteel|move: Toxic Spikes\n|\n|-damage|p2a: Urshifu|185/270 tox|[from] psn\n|upkeep\n|turn|36\n|\n|t:|1781386722\n|switch|p1a: Arboliva|Arboliva, L91, M|288/288\n|move|p2a: Urshifu|Wicked Blow|p1a: Arboliva\n|-crit|p1a: Arboliva\n|-damage|p1a: Arboliva|3/288\n|-enditem|p1a: Arboliva|Sitrus Berry|[eat]\n|-heal|p1a: Arboliva|75/288|[from] item: Sitrus Berry\n|-damage|p2a: Urshifu|158/270 tox|[from] item: Life Orb\n|\n|-damage|p2a: Urshifu|110/270 tox|[from] psn\n|-item|p1a: Arboliva|Sitrus Berry|[from] ability: Harvest\n|upkeep\n|-enditem|p1a: Arboliva|Sitrus Berry|[eat]\n|-heal|p1a: Arboliva|147/288|[from] item: Sitrus Berry\n|turn|37\n|\n|t:|1781386732\n|move|p1a: Arboliva|Protect|p1a: Arboliva\n|-singleturn|p1a: Arboliva|Protect\n|move|p2a: Urshifu|Close Combat|p1a: Arboliva\n|-supereffective|p1a: Arboliva\n|-damage|p1a: Arboliva|0 fnt\n|-unboost|p2a: Urshifu|def|1\n|-unboost|p2a: Urshifu|spd|1\n|faint|p1a: Arboliva\n|-damage|p2a: Urshifu|83/270 tox|[from] item: Life Orb\n|\n|-damage|p2a: Urshifu|19/270 tox|[from] psn\n|upkeep\n|\n|t:|1781386744\n|switch|p1a: Typhlosion|Typhlosion-Hisui, L83, M|183/257\n|turn|38\n|\n|t:|1781386751\n|switch|p2a: Sylveon|Sylveon, L85, F|213/300\n|-status|p2a: Sylveon|tox\n|move|p1a: Typhlosion|Shadow Ball|p2a: Sylveon\n|-damage|p2a: Sylveon|143/300 tox\n|\n|-heal|p1a: Typhlosion|199/257|[from] item: Leftovers\n|-heal|p2a: Sylveon|161/300 tox|[from] item: Leftovers\n|-damage|p2a: Sylveon|143/300 tox|[from] psn\n|upkeep\n|turn|39\n|\n|t:|1781386760\n|move|p1a: Typhlosion|Calm Mind|p1a: Typhlosion\n|-boost|p1a: Typhlosion|spa|1\n|-boost|p1a: Typhlosion|spd|1\n|move|p2a: Sylveon|Wish|p2a: Sylveon\n|\n|-heal|p1a: Typhlosion|215/257|[from] item: Leftovers\n|-heal|p2a: Sylveon|161/300 tox|[from] item: Leftovers\n|-damage|p2a: Sylveon|125/300 tox|[from] psn\n|upkeep\n|turn|40\n|\n|t:|1781386773\n|move|p1a: Typhlosion|Substitute|p1a: Typhlosion\n|-start|p1a: Typhlosion|Substitute\n|-damage|p1a: Typhlosion|151/257\n|move|p2a: Sylveon|Calm Mind|p2a: Sylveon\n|-boost|p2a: Sylveon|spa|1\n|-boost|p2a: Sylveon|spd|1\n|\n|-heal|p2a: Sylveon|275/300 tox|[from] move: Wish|[wisher] Sylveon\n|-heal|p1a: Typhlosion|167/257|[from] item: Leftovers\n|-heal|p2a: Sylveon|293/300 tox|[from] item: Leftovers\n|-damage|p2a: Sylveon|239/300 tox|[from] psn\n|upkeep\n|turn|41\n|\n|t:|1781386782\n|move|p1a: Typhlosion|Shadow Ball|p2a: Sylveon\n|-damage|p2a: Sylveon|167/300 tox\n|-unboost|p2a: Sylveon|spd|1\n|move|p2a: Sylveon|Calm Mind|p2a: Sylveon\n|-boost|p2a: Sylveon|spa|1\n|-boost|p2a: Sylveon|spd|1\n|\n|-heal|p1a: Typhlosion|183/257|[from] item: Leftovers\n|-heal|p2a: Sylveon|185/300 tox|[from] item: Leftovers\n|-damage|p2a: Sylveon|113/300 tox|[from] psn\n|upkeep\n|turn|42\n|\n|t:|1781386789\n|move|p1a: Typhlosion|Shadow Ball|p2a: Sylveon\n|-damage|p2a: Sylveon|46/300 tox\n|move|p2a: Sylveon|Hyper Voice|p1a: Typhlosion\n|-resisted|p1a: Typhlosion\n|-damage|p1a: Typhlosion|93/257\n|\n|-heal|p1a: Typhlosion|109/257|[from] item: Leftovers\n|-heal|p2a: Sylveon|64/300 tox|[from] item: Leftovers\n|-damage|p2a: Sylveon|0 fnt|[from] psn\n|faint|p2a: Sylveon\n|upkeep\n|\n|t:|1781386806\n|switch|p2a: Baxcalibur|Baxcalibur, L75, F|190/295\n|-status|p2a: Baxcalibur|tox\n|turn|43\n|\n|t:|1781386812\n|move|p1a: Typhlosion|Fire Blast|p2a: Baxcalibur\n|-damage|p2a: Baxcalibur|0 fnt\n|faint|p2a: Baxcalibur\n|\n|-heal|p1a: Typhlosion|125/257|[from] item: Leftovers\n|upkeep\n|\n|t:|1781386821\n|switch|p2a: Urshifu|Urshifu, L74, M, tera:Poison|19/270 tox\n|-sideend|p2: Jadasteel|move: Toxic Spikes|[of] p2a: Urshifu\n|turn|44\n|\n|t:|1781386824\n|move|p1a: Typhlosion|Shadow Ball|p2a: Urshifu\n|-damage|p2a: Urshifu|0 fnt\n|faint|p2a: Urshifu\n|\n|-heal|p1a: Typhlosion|141/257|[from] item: Leftovers\n|upkeep\n|\n|t:|1781386828\n|switch|p2a: Sableye|Sableye, L88, M|231/231\n|turn|45\n|\n|t:|1781386833\n|move|p1a: Typhlosion|Shadow Ball|p2a: Sableye\n|-damage|p2a: Sableye|56/231\n|move|p2a: Sableye|Knock Off|p1a: Typhlosion\n|-supereffective|p1a: Typhlosion\n|-crit|p1a: Typhlosion\n|-end|p1a: Typhlosion|Substitute\n|\n|-heal|p1a: Typhlosion|157/257|[from] item: Leftovers\n|-heal|p2a: Sableye|70/231|[from] item: Leftovers\n|upkeep\n|turn|46\n|\n|t:|1781386843\n|move|p1a: Typhlosion|Shadow Ball|p2a: Sableye\n|-damage|p2a: Sableye|0 fnt\n|faint|p2a: Sableye\n|\n|-heal|p1a: Typhlosion|173/257|[from] item: Leftovers\n|upkeep\n|\n|t:|1781386846\n|switch|p2a: Cinderace|Cinderace, L77, F|79/249\n|turn|47\n|-message|Jadasteel forfeited.\n|\n|win|Arkaes\n", "inputlog": ">version a8376a258c1d4662feba110a92103f3664a72141\n>start {\"formatid\":\"gen9randombattle\",\"seed\":\"sodium,2f03420c7b1f195d39864783a8b6f33d\",\"rated\":\"Rated battle\"}\n>player p1 {\"name\":\"Arkaes\",\"avatar\":\"hayley\",\"rating\":1982,\"seed\":\"sodium,3720ae40bb38c0fa3380191b73bcfae0\"}\n>player p2 {\"name\":\"Jadasteel\",\"avatar\":\"fantina\",\"rating\":2034,\"seed\":\"sodium,cf2c71323210efed3b716e79b4070b73\"}\n>p1 switch 3\n>p2 move iciclecrash\n>p1 switch 3\n>p2 switch 5\n>p1 move substitute\n>p2 move bravebird\n>p1 move psyshock\n>p2 switch 6\n>p1 switch 4\n>p2 move hypervoice\n>p1 move toxicspikes\n>p2 switch 6\n>p1 move toxicspikes\n>p2 move irondefense\n>p1 move haze\n>p2 move bodypress\n>p1 move recover\n>p2 switch 4\n>p1 switch 3\n>p2 move swordsdance terastallize\n>p1 move protect\n>p2 switch 4\n>p1 switch 2\n>p2 switch 4\n>p1 move substitute\n>p2 switch 5\n>p1 move fireblast\n>p2 move earthquake\n>p1 switch 2\n>p2 move earthquake\n>p1 move wish\n>p2 switch 5\n>p1 switch 3\n>p2 move swordsdance\n>p1 switch 4\n>p2 move wickedblow\n>p1 switch 2\n>p1 move shadowball\n>p2 switch 5\n>p1 switch 3\n>p2 move earthquake\n>p1 move wish\n>p2 switch 2\n>p1 move protect\n>p2 move uturn\n>p1 move playrough\n>p2 move uturn\n>p2 switch 4\n>p1 switch 3\n>p2 move roost\n>p1 move shadowball\n>p2 move bravebird\n>p1 move shadowball\n>p2 switch 4\n>p1 switch 4\n>p2 move uturn\n>p2 switch 2\n>p1 switch 3\n>p2 move earthquake\n>p1 move wish\n>p2 move earthquake\n>p1 move protect\n>p2 switch 6\n>p1 move playrough\n>p2 move wish\n>p1 switch 3\n>p2 move protect\n>p1 move liquidation\n>p2 move wish\n>p1 move toxicspikes\n>p2 switch 5\n>p1 move toxicspikes\n>p2 move swordsdance\n>p1 switch 6\n>p2 move wickedblow\n>p1 move protect\n>p2 move closecombat\n>p1 switch 4\n>p1 move shadowball\n>p2 switch 5\n>p1 move calmmind\n>p2 move wish\n>p1 move substitute\n>p2 move calmmind\n>p1 move shadowball\n>p2 move calmmind\n>p1 move shadowball\n>p2 move hypervoice\n>p2 switch 6\n>p1 move fireblast\n>p2 move earthquake\n>p2 switch 5\n>p1 move shadowball\n>p2 move wickedblow\n>p2 switch 3\n>p1 move shadowball\n>p2 move knockoff\n>p1 move shadowball\n>p2 move knockoff\n>p2 switch 2\n>forcelose p2", "uploadtime": 1781386283, "views": 7, "formatid": "gen9randombattle", "rating": null, "private": 0, "password": null, "player_dets": [{"name": "Arkaes", "avatar": "hayley", "rating": 1982, "seed": "sodium,3720ae40bb38c0fa3380191b73bcfae0"}, {"name": "Jadasteel", "avatar": "fantina", "rating": 2034, "seed": "sodium,cf2c71323210efed3b716e79b4070b73"}], "teams_full": [{"Exeggutor": {"name": "Exeggutor", "species": "Exeggutor", "speciesId": "exeggutor", "gender": "M", "shiny": false, "level": 89, "moves": ["gigadrain", "substitute", "psyshock", "calmmind"], "ability": "Harvest", "evs": {"hp": 77, "atk": 0, "def": 85, "spa": 85, "spd": 85, "spe": 85}, "ivs": {"hp": 31, "atk": 0, "def": 31, "spa": 31, "spd": 31, "spe": 31}, "item": "Sitrus Berry", "teraType": "Steel", "role": "Bulky Setup", "bvs": {"hp": 95, "atk": 95, "def": 85, "spa": 125, "spd": 75, "spe": 55}, "stats": {"hp": 312, "atk": 174, "def": 202, "spa": 273, "spd": 184, "spe": 149}}, "Typhlosion": {"name": "Typhlosion", "species": "Typhlosion-Hisui", "speciesId": "typhlosionhisui", "gender": "M", "shiny": false, "level": 83, "moves": ["substitute", "fireblast", "shadowball", "calmmind"], "ability": "Blaze", "evs": {"hp": 85, "atk": 0, "def": 85, "spa": 85, "spd": 85, "spe": 85}, "ivs": {"hp": 31, "atk": 0, "def": 31, "spa": 31, "spd": 31, "spe": 31}, "item": "Leftovers", "teraType": "Ghost", "role": "Fast Bulky Setup", "bvs": {"hp": 73, "atk": 84, "def": 78, "spa": 119, "spd": 85, "spe": 95}, "stats": {"hp": 257, "atk": 144, "def": 177, "spa": 245, "spd": 189, "spe": 205}}, "Dachsbun": {"name": "Dachsbun", "species": "Dachsbun", "speciesId": "dachsbun", "gender": "M", "shiny": false, "level": 92, "moves": ["protect", "bodypress", "playrough", "wish"], "ability": "Well-Baked Body", "evs": {"hp": 85, "atk": 85, "def": 85, "spa": 85, "spd": 85, "spe": 85}, "ivs": {"hp": 31, "atk": 31, "def": 31, "spa": 31, "spd": 31, "spe": 31}, "item": "Leftovers", "teraType": "Steel", "role": "Bulky Support", "bvs": {"hp": 57, "atk": 80, "def": 115, "spa": 50, "spd": 80, "spe": 95}, "stats": {"hp": 254, "atk": 200, "def": 264, "spa": 144, "spd": 200, "spe": 227}}, "Toxapex": {"name": "Toxapex", "species": "Toxapex", "speciesId": "toxapex", "gender": "M", "shiny": false, "level": 82, "moves": ["toxicspikes", "liquidation", "recover", "haze"], "ability": "Regenerator", "evs": {"hp": 85, "atk": 85, "def": 85, "spa": 85, "spd": 85, "spe": 85}, "ivs": {"hp": 31, "atk": 31, "def": 31, "spa": 31, "spd": 31, "spe": 31}, "item": "Rocky Helmet", "teraType": "Fairy", "role": "Bulky Support", "bvs": {"hp": 50, "atk": 63, "def": 152, "spa": 53, "spd": 142, "spe": 35}, "stats": {"hp": 216, "atk": 150, "def": 296, "spa": 134, "spd": 280, "spe": 105}}, "Oranguru": {"name": "Oranguru", "species": "Oranguru", "speciesId": "oranguru", "gender": "F", "shiny": false, "level": 92, "moves": ["hypervoice", "psyshock", "thunderbolt", "focusblast"], "ability": "Inner Focus", "evs": {"hp": 85, "atk": 0, "def": 85, "spa": 85, "spd": 85, "spe": 85}, "ivs": {"hp": 31, "atk": 0, "def": 31, "spa": 31, "spd": 31, "spe": 31}, "item": "Choice Specs", "teraType": "Electric", "role": "Wallbreaker", "bvs": {"hp": 90, "atk": 60, "def": 80, "spa": 90, "spd": 110, "spe": 60}, "stats": {"hp": 315, "atk": 115, "def": 200, "spa": 218, "spd": 255, "spe": 163}}, "Arboliva": {"name": "Arboliva", "species": "Arboliva", "speciesId": "arboliva", "gender": "M", "shiny": false, "level": 91, "moves": ["hypervoice", "substitute", "protect", "leechseed"], "ability": "Harvest", "evs": {"hp": 77, "atk": 0, "def": 85, "spa": 85, "spd": 85, "spe": 85}, "ivs": {"hp": 31, "atk": 0, "def": 31, "spa": 31, "spd": 31, "spe": 31}, "item": "Sitrus Berry", "teraType": "Poison", "role": "Bulky Support", "bvs": {"hp": 78, "atk": 69, "def": 90, "spa": 125, "spd": 109, "spe": 39}, "stats": {"hp": 288, "atk": 130, "def": 216, "spa": 279, "spd": 250, "spe": 123}}}, {"Baxcalibur": {"name": "Baxcalibur", "species": "Baxcalibur", "speciesId": "baxcalibur", "gender": "F", "shiny": false, "level": 75, "moves": ["iciclecrash", "iceshard", "glaiverush", "earthquake"], "ability": "Thermal Exchange", "evs": {"hp": 81, "atk": 85, "def": 85, "spa": 85, "spd": 85, "spe": 85}, "ivs": {"hp": 31, "atk": 31, "def": 31, "spa": 31, "spd": 31, "spe": 31}, "item": "Choice Band", "teraType": "Ground", "role": "Fast Attacker", "bvs": {"hp": 115, "atk": 145, "def": 92, "spa": 75, "spd": 86, "spe": 87}, "stats": {"hp": 295, "atk": 261, "def": 182, "spa": 156, "spd": 173, "spe": 174}}, "Cinderace": {"name": "Cinderace", "species": "Cinderace", "speciesId": "cinderace", "gender": "F", "shiny": false, "level": 77, "moves": ["uturn", "pyroball", "highjumpkick", "gunkshot"], "ability": "Libero", "evs": {"hp": 81, "atk": 85, "def": 85, "spa": 85, "spd": 85, "spe": 85}, "ivs": {"hp": 31, "atk": 31, "def": 31, "spa": 31, "spd": 31, "spe": 31}, "item": "Choice Band", "teraType": "Fighting", "role": "Fast Attacker", "bvs": {"hp": 80, "atk": 116, "def": 75, "spa": 65, "spd": 75, "spe": 119}, "stats": {"hp": 249, "atk": 223, "def": 160, "spa": 145, "spd": 160, "spe": 228}}, "Sableye": {"name": "Sableye", "species": "Sableye", "speciesId": "sableye", "gender": "M", "shiny": false, "level": 88, "moves": ["willowisp", "recover", "encore", "knockoff"], "ability": "Prankster", "evs": {"hp": 85, "atk": 85, "def": 85, "spa": 85, "spd": 85, "spe": 85}, "ivs": {"hp": 31, "atk": 31, "def": 31, "spa": 31, "spd": 31, "spe": 31}, "item": "Leftovers", "teraType": "Steel", "role": "Bulky Support", "bvs": {"hp": 50, "atk": 75, "def": 75, "spa": 65, "spd": 65, "spe": 50}, "stats": {"hp": 231, "atk": 182, "def": 182, "spa": 165, "spd": 165, "spe": 138}}, "Urshifu": {"name": "Urshifu", "species": "Urshifu", "speciesId": "urshifu", "gender": "M", "shiny": false, "level": 74, "moves": ["swordsdance", "poisonjab", "wickedblow", "closecombat"], "ability": "Unseen Fist", "evs": {"hp": 85, "atk": 85, "def": 85, "spa": 85, "spd": 85, "spe": 85}, "ivs": {"hp": 31, "atk": 31, "def": 31, "spa": 31, "spd": 31, "spe": 31}, "item": "Life Orb", "teraType": "Poison", "role": "Fast Attacker", "bvs": {"hp": 100, "atk": 130, "def": 100, "spa": 63, "spd": 60, "spe": 97}, "stats": {"hp": 270, "atk": 235, "def": 191, "spa": 136, "spd": 132, "spe": 187}}, "Skarmory": {"name": "Skarmory", "species": "Skarmory", "speciesId": "skarmory", "gender": "F", "shiny": false, "level": 80, "moves": ["bodypress", "irondefense", "roost", "bravebird"], "ability": "Sturdy", "evs": {"hp": 85, "atk": 85, "def": 85, "spa": 85, "spd": 85, "spe": 85}, "ivs": {"hp": 31, "atk": 31, "def": 31, "spa": 31, "spd": 31, "spe": 31}, "item": "Leftovers", "teraType": "Fighting", "role": "Bulky Setup", "bvs": {"hp": 65, "atk": 80, "def": 140, "spa": 40, "spd": 70, "spe": 70}, "stats": {"hp": 235, "atk": 174, "def": 270, "spa": 110, "spd": 158, "spe": 158}}, "Sylveon": {"name": "Sylveon", "species": "Sylveon", "speciesId": "sylveon", "gender": "F", "shiny": false, "level": 85, "moves": ["wish", "hypervoice", "protect", "calmmind"], "ability": "Pixilate", "evs": {"hp": 85, "atk": 0, "def": 85, "spa": 85, "spd": 85, "spe": 85}, "ivs": {"hp": 31, "atk": 0, "def": 31, "spa": 31, "spd": 31, "spe": 31}, "item": "Leftovers", "teraType": "Steel", "role": "Bulky Setup", "bvs": {"hp": 95, "atk": 65, "def": 65, "spa": 110, "spd": 130, "spe": 60}, "stats": {"hp": 300, "atk": 115, "def": 159, "spa": 236, "spd": 270, "spe": 151}}}]}