{"id": "gen9randombattle-2631759650", "format": "[Gen 9] Random Battle", "players": ["Megahahn", "ran_pokemon"], "log": "|j|\u2606Megahahn\n|j|\u2606ran_pokemon\n|t:|1781435177\n|gametype|singles\n|player|p1|Megahahn|169|1092\n|player|p2|ran_pokemon|caitlin|1134\n|gen|9\n|tier|[Gen 9] Random Battle\n|rated|\n|rule|Species Clause: Limit one of each Pok\u00e9mon\n|rule|HP Percentage Mod: HP is shown in percentages\n|rule|Sleep Clause Mod: Limit one foe put to sleep\n|rule|Illusion Level Mod: Illusion disguises the Pok\u00e9mon's true level\n|\n|t:|1781435177\n|teamsize|p1|6\n|teamsize|p2|6\n|start\n|switch|p1a: Charizard|Charizard, L85, F|271/271\n|switch|p2a: Swalot|Swalot, L90, F|326/326\n|turn|1\n|\n|t:|1781435190\n|switch|p2a: Palafin|Palafin, L77, M|281/281\n|move|p1a: Charizard|Swords Dance|p1a: Charizard\n|-boost|p1a: Charizard|atk|2\n|\n|upkeep\n|turn|2\n|\n|t:|1781435237\n|switch|p1a: Calyrex|Calyrex, L93|337/337\n|-ability|p1a: Calyrex|Unnerve\n|move|p2a: Palafin|Jet Punch|p1a: Calyrex\n|-resisted|p1a: Calyrex\n|-damage|p1a: Calyrex|306/337\n|\n|-heal|p1a: Calyrex|327/337|[from] item: Leftovers\n|upkeep\n|turn|3\n|inactive|Battle timer is ON: inactive players will automatically lose when time's up. (requested by Megahahn)\n|\n|t:|1781435281\n|detailschange|p2a: Palafin|Palafin-Hero, L77, M\n|switch|p2a: Zapdos|Zapdos-Galar, L77|265/265\n|move|p1a: Calyrex|Encore||[still]\n|-fail|p1a: Calyrex\n|\n|-heal|p1a: Calyrex|337/337|[from] item: Leftovers\n|upkeep\n|turn|4\n|\n|t:|1781435299\n|move|p1a: Calyrex|Psychic|p2a: Zapdos\n|-supereffective|p2a: Zapdos\n|-damage|p2a: Zapdos|55/265\n|move|p2a: Zapdos|Bulk Up|p2a: Zapdos\n|-boost|p2a: Zapdos|atk|1\n|-boost|p2a: Zapdos|def|1\n|\n|upkeep\n|turn|5\n|\n|t:|1781435314\n|-terastallize|p2a: Zapdos|Dark\n|move|p1a: Calyrex|Psychic|p2a: Zapdos\n|-immune|p2a: Zapdos\n|move|p2a: Zapdos|Brave Bird|p1a: Calyrex\n|-supereffective|p1a: Calyrex\n|-damage|p1a: Calyrex|0 fnt\n|faint|p1a: Calyrex\n|-damage|p2a: Zapdos|0 fnt|[from] Recoil\n|faint|p2a: Zapdos\n|\n|upkeep\n|inactive|ran_pokemon has 120 seconds left.\n|\n|t:|1781435334\n|switch|p1a: Palkia|Palkia-Origin, L72|249/249\n|switch|p2a: Regieleki|Regieleki, L79|256/256\n|-ability|p1a: Palkia|Pressure\n|turn|6\n|inactive|ran_pokemon has 120 seconds left.\n|\n|t:|1781435364\n|move|p2a: Regieleki|Thunderbolt|p1a: Palkia\n|-damage|p1a: Palkia|129/249\n|move|p1a: Palkia|Spacial Rend|p2a: Regieleki\n|-crit|p2a: Regieleki\n|-damage|p2a: Regieleki|0 fnt\n|faint|p2a: Regieleki\n|\n|upkeep\n|\n|t:|1781435377\n|switch|p2a: Jirachi|Jirachi, L80|291/291\n|turn|7\n|\n|t:|1781435392\n|move|p2a: Jirachi|Psychic|p1a: Palkia\n|-damage|p1a: Palkia|47/249\n|move|p1a: Palkia|Fire Blast|p2a: Jirachi|[miss]\n|-miss|p1a: Palkia|p2a: Jirachi\n|\n|upkeep\n|turn|8\n|\n|t:|1781435411\n|move|p2a: Jirachi|Psychic|p1a: Palkia\n|-damage|p1a: Palkia|0 fnt\n|faint|p1a: Palkia\n|\n|upkeep\n|\n|t:|1781435416\n|switch|p1a: Gouging Fire|Gouging Fire, L74|277/277\n|turn|9\n|\n|t:|1781435440\n|switch|p2a: Sandaconda|Sandaconda, L84, M|258/258\n|move|p1a: Gouging Fire|Dragon Dance|p1a: Gouging Fire\n|-boost|p1a: Gouging Fire|atk|1\n|-boost|p1a: Gouging Fire|spe|1\n|\n|upkeep\n|turn|10\n|inactive|Megahahn has 120 seconds left.\n|\n|t:|1781435472\n|move|p1a: Gouging Fire|Heat Crash|p2a: Sandaconda\n|-damage|p2a: Sandaconda|126/258\n|move|p2a: Sandaconda|Glare|p1a: Gouging Fire\n|-status|p1a: Gouging Fire|par\n|\n|-heal|p2a: Sandaconda|142/258|[from] item: Leftovers\n|upkeep\n|turn|11\n|\n|t:|1781435482\n|move|p2a: Sandaconda|Stone Edge|p1a: Gouging Fire|[miss]\n|-miss|p2a: Sandaconda|p1a: Gouging Fire\n|move|p1a: Gouging Fire|Heat Crash|p2a: Sandaconda\n|-damage|p2a: Sandaconda|15/258\n|\n|-heal|p2a: Sandaconda|31/258|[from] item: Leftovers\n|upkeep\n|turn|12\n|inactive|Megahahn has 120 seconds left.\n|\n|t:|1781435491\n|move|p2a: Sandaconda|Stone Edge|p1a: Gouging Fire\n|-supereffective|p1a: Gouging Fire\n|-damage|p1a: Gouging Fire|135/277 par\n|cant|p1a: Gouging Fire|par\n|\n|-heal|p2a: Sandaconda|47/258|[from] item: Leftovers\n|upkeep\n|turn|13\n|inactive|ran_pokemon has 120 seconds left.\n|inactive|Megahahn has 120 seconds left.\n|\n|t:|1781435510\n|move|p2a: Sandaconda|Stone Edge|p1a: Gouging Fire\n|-supereffective|p1a: Gouging Fire\n|-damage|p1a: Gouging Fire|7/277 par\n|move|p1a: Gouging Fire|Heat Crash|p2a: Sandaconda\n|-damage|p2a: Sandaconda|0 fnt\n|faint|p2a: Sandaconda\n|\n|upkeep\n|inactive|ran_pokemon has 120 seconds left.\n|\n|t:|1781435520\n|switch|p2a: Jirachi|Jirachi, L80|291/291\n|turn|14\n|\n|t:|1781435527\n|move|p2a: Jirachi|Psychic|p1a: Gouging Fire\n|-damage|p1a: Gouging Fire|0 fnt\n|faint|p1a: Gouging Fire\n|-end|p1a: Gouging Fire|Protosynthesis|[silent]\n|\n|upkeep\n|\n|t:|1781435537\n|switch|p1a: Charizard|Charizard, L85, F|271/271\n|turn|15\n|\n|t:|1781435549\n|switch|p2a: Palafin|Palafin-Hero, L77, M|281/281\n|-activate|p2a: Palafin|ability: Zero to Hero\n|move|p1a: Charizard|Earthquake|p2a: Palafin\n|-damage|p2a: Palafin|213/281\n|\n|upkeep\n|turn|16\n|\n|t:|1781435562\n|switch|p1a: Cresselia|Cresselia, L80, F|323/323\n|move|p2a: Palafin|Wave Crash|p1a: Cresselia\n|-damage|p1a: Cresselia|124/323\n|-damage|p2a: Palafin|147/281|[from] Recoil\n|\n|-heal|p1a: Cresselia|144/323|[from] item: Leftovers\n|upkeep\n|turn|17\n|inactive|ran_pokemon has 120 seconds left.\n|\n|t:|1781435586\n|-terastallize|p1a: Cresselia|Steel\n|move|p2a: Palafin|Wave Crash|p1a: Cresselia\n|-damage|p1a: Cresselia|0 fnt\n|faint|p1a: Cresselia\n|-damage|p2a: Palafin|99/281|[from] Recoil\n|\n|upkeep\n|inactive|Megahahn has 120 seconds left.\n|\n|t:|1781435600\n|switch|p1a: Charizard|Charizard, L85, F|271/271\n|turn|18\n|inactive|ran_pokemon has 120 seconds left.\n|\n|t:|1781435630\n|move|p1a: Charizard|Outrage|p2a: Palafin\n|-damage|p2a: Palafin|17/281\n|move|p2a: Palafin|Wave Crash|p1a: Charizard\n|-supereffective|p1a: Charizard\n|-damage|p1a: Charizard|0 fnt\n|faint|p1a: Charizard\n|-damage|p2a: Palafin|0 fnt|[from] Recoil\n|faint|p2a: Palafin\n|\n|upkeep\n|inactive|Megahahn has 120 seconds left.\n|\n|t:|1781435641\n|switch|p1a: Golem|Golem, L87, F|281/281\n|switch|p2a: Jirachi|Jirachi, L80|291/291\n|turn|19\n|\n|t:|1781435648\n|move|p2a: Jirachi|Iron Head|p1a: Golem\n|-supereffective|p1a: Golem\n|-damage|p1a: Golem|171/281\n|cant|p1a: Golem|flinch\n|\n|upkeep\n|turn|20\n|\n|t:|1781435654\n|move|p2a: Jirachi|Iron Head|p1a: Golem\n|-supereffective|p1a: Golem\n|-damage|p1a: Golem|51/281\n|cant|p1a: Golem|flinch\n|\n|upkeep\n|turn|21\n|inactive|ran_pokemon has 120 seconds left.\n|-enditem|p1a: Golem|Custap Berry|[eat]\n|-activate|p1a: Golem|item: Custap Berry|[consumed]\n|\n|t:|1781435660\n|move|p1a: Golem|Earthquake|p2a: Jirachi\n|-supereffective|p2a: Jirachi\n|-damage|p2a: Jirachi|27/291\n|move|p2a: Jirachi|Iron Head|p1a: Golem\n|-supereffective|p1a: Golem\n|-damage|p1a: Golem|0 fnt\n|faint|p1a: Golem\n|\n|win|ran_pokemon\n|raw|Megahahn's rating: 1092 &rarr; <strong>1071</strong><br />(-21 for losing)\n|raw|ran_pokemon's rating: 1134 &rarr; <strong>1156</strong><br />(+22 for winning)\n", "inputlog": ">version a8376a258c1d4662feba110a92103f3664a72141\n>start {\"formatid\":\"gen9randombattle\",\"seed\":\"sodium,233dcc340f303dfbedbe5ff7a2acaa63\",\"rated\":\"Rated battle\"}\n>player p1 {\"name\":\"Megahahn\",\"avatar\":\"169\",\"rating\":1092,\"seed\":\"sodium,c14dfb9f70de53930289325c21e7ff82\"}\n>player p2 {\"name\":\"ran_pokemon\",\"avatar\":\"caitlin\",\"rating\":1134,\"seed\":\"sodium,56265480c0634cc7e37a343437b0abce\"}\n>p1 move swordsdance\n>p2 switch 4\n>p1 switch 4\n>p2 move jetpunch\n>p1 move encore\n>p2 switch 3\n>p1 move psychic\n>p2 move bulkup\n>p1 move psychic\n>p2 move bravebird terastallize\n>p1 switch 2\n>p2 switch 2\n>p1 move spacialrend\n>p2 move thunderbolt\n>p2 switch 6\n>p1 move fireblast\n>p2 move psychic\n>p1 move fireblast\n>p2 move psychic\n>p1 switch 6\n>p1 move dragondance\n>p2 switch 5\n>p1 move heatcrash\n>p2 move glare\n>p1 move heatcrash\n>p2 move stoneedge\n>p1 move heatcrash\n>p2 move stoneedge\n>p1 move heatcrash\n>p2 move stoneedge\n>p2 switch 5\n>p1 move heatcrash\n>p2 move psychic\n>p1 switch 4\n>p1 move earthquake\n>p2 switch 3\n>p1 switch 3\n>p2 move wavecrash\n>p1 move moonlight terastallize\n>p2 move wavecrash\n>p1 switch 3\n>p1 move outrage\n>p2 move wavecrash\n>p1 switch 5\n>p2 switch 3\n>p1 move earthquake\n>p2 move ironhead\n>p1 move earthquake\n>p2 move ironhead\n>p1 move earthquake\n>p2 move ironhead", "uploadtime": 1781435669, "views": 18, "formatid": "gen9randombattle", "rating": 1071, "private": 0, "password": null}