{"id": "gen9randombattle-2631548673", "format": "[Gen 9] Random Battle", "players": ["nickolassbomfim", "WhatEver2102"], "log": "|j|\u2606nickolassbomfim\n|j|\u2606WhatEver2102\n|t:|1781399782\n|gametype|singles\n|player|p1|nickolassbomfim|red-masters|1915\n|player|p2|WhatEver2102|juan|1981\n|gen|9\n|tier|[Gen 9] Random Battle\n|rated|\n|rule|Species Clause: Limit one of each Pok\u00e9mon\n|rule|HP Percentage Mod: HP is shown in percentages\n|rule|Sleep Clause Mod: Limit one foe put to sleep\n|rule|Illusion Level Mod: Illusion disguises the Pok\u00e9mon's true level\n|\n|t:|1781399782\n|teamsize|p1|6\n|teamsize|p2|6\n|start\n|switch|p1a: Raging Bolt|Raging Bolt, L78|323/323\n|switch|p2a: Primarina|Primarina, L83, M|268/268\n|turn|1\n|inactive|Battle timer is ON: inactive players will automatically lose when time's up. (requested by nickolassbomfim)\n|\n|t:|1781399789\n|move|p1a: Raging Bolt|Discharge|p2a: Primarina\n|-supereffective|p2a: Primarina\n|-damage|p2a: Primarina|94/268\n|move|p2a: Primarina|Moonblast|p1a: Raging Bolt\n|-supereffective|p1a: Raging Bolt\n|-damage|p1a: Raging Bolt|159/323\n|\n|-heal|p2a: Primarina|110/268|[from] item: Leftovers\n|upkeep\n|turn|2\n|\n|t:|1781399799\n|switch|p2a: Sinistcha|Sinistcha-Masterpiece, L83|254/254\n|move|p1a: Raging Bolt|Discharge|p2a: Sinistcha\n|-resisted|p2a: Sinistcha\n|-damage|p2a: Sinistcha|200/254\n|\n|-heal|p2a: Sinistcha|215/254|[from] item: Leftovers\n|upkeep\n|turn|3\n|\n|t:|1781399803\n|move|p2a: Sinistcha|Calm Mind|p2a: Sinistcha\n|-boost|p2a: Sinistcha|spa|1\n|-boost|p2a: Sinistcha|spd|1\n|move|p1a: Raging Bolt|Volt Switch|p2a: Sinistcha\n|-resisted|p2a: Sinistcha\n|-damage|p2a: Sinistcha|184/254\n|\n|t:|1781399808\n|-end|p1a: Raging Bolt|Protosynthesis|[silent]\n|switch|p1a: Araquanid|Araquanid, L82, M|246/246|[from] Volt Switch\n|\n|-heal|p2a: Sinistcha|199/254|[from] item: Leftovers\n|upkeep\n|turn|4\n|\n|t:|1781399815\n|move|p2a: Sinistcha|Calm Mind|p2a: Sinistcha\n|-boost|p2a: Sinistcha|spa|1\n|-boost|p2a: Sinistcha|spd|1\n|move|p1a: Araquanid|Sticky Web|p2a: Sinistcha\n|-sidestart|p2: WhatEver2102|move: Sticky Web\n|\n|-heal|p2a: Sinistcha|214/254|[from] item: Leftovers\n|upkeep\n|turn|5\n|\n|t:|1781399818\n|move|p2a: Sinistcha|Matcha Gotcha|p1a: Araquanid\n|-damage|p1a: Araquanid|90/246\n|-heal|p2a: Sinistcha|254/254|[from] drain|[of] p1a: Araquanid\n|move|p1a: Araquanid|Leech Life|p2a: Sinistcha\n|-damage|p2a: Sinistcha|197/254\n|-heal|p1a: Araquanid|119/246|[from] drain|[of] p2a: Sinistcha\n|\n|-heal|p2a: Sinistcha|212/254|[from] item: Leftovers\n|upkeep\n|turn|6\n|\n|t:|1781399824\n|move|p2a: Sinistcha|Matcha Gotcha|p1a: Araquanid\n|-damage|p1a: Araquanid|0 fnt\n|-heal|p2a: Sinistcha|254/254|[from] drain|[of] p1a: Araquanid\n|faint|p1a: Araquanid\n|\n|upkeep\n|\n|t:|1781399831\n|switch|p1a: Medicham|Medicham, L86, M|243/243\n|turn|7\n|\n|t:|1781399838\n|move|p1a: Medicham|Ice Punch|p2a: Sinistcha\n|-supereffective|p2a: Sinistcha\n|-damage|p2a: Sinistcha|50/254\n|move|p2a: Sinistcha|Shadow Ball|p1a: Medicham\n|-supereffective|p1a: Medicham\n|-damage|p1a: Medicham|0 fnt\n|faint|p1a: Medicham\n|\n|-heal|p2a: Sinistcha|65/254|[from] item: Leftovers\n|upkeep\n|\n|t:|1781399843\n|switch|p1a: Annihilape|Annihilape, L76, M|292/292\n|turn|8\n|\n|t:|1781399870\n|-terastallize|p1a: Annihilape|Fairy\n|move|p1a: Annihilape|Bulk Up|p1a: Annihilape\n|-boost|p1a: Annihilape|atk|1\n|-boost|p1a: Annihilape|def|1\n|move|p2a: Sinistcha|Matcha Gotcha|p1a: Annihilape\n|-damage|p1a: Annihilape|64/292\n|-heal|p2a: Sinistcha|179/254|[from] drain|[of] p1a: Annihilape\n|-status|p1a: Annihilape|brn\n|\n|-heal|p1a: Annihilape|82/292 brn|[from] item: Leftovers\n|-heal|p2a: Sinistcha|194/254|[from] item: Leftovers\n|-damage|p1a: Annihilape|64/292 brn|[from] brn\n|upkeep\n|turn|9\n|-message|nickolassbomfim forfeited.\n|\n|win|WhatEver2102\n", "inputlog": ">version a8376a258c1d4662feba110a92103f3664a72141\n>start {\"formatid\":\"gen9randombattle\",\"seed\":\"sodium,a7d93d25771cb223e89b5ebdee008f51\",\"rated\":\"Rated battle\"}\n>player p1 {\"name\":\"nickolassbomfim\",\"avatar\":\"red-masters\",\"rating\":1915,\"seed\":\"sodium,7e0732825c92362483e30bc6aab13a0e\"}\n>player p2 {\"name\":\"WhatEver2102\",\"avatar\":\"juan\",\"rating\":1981,\"seed\":\"sodium,5fbca428b39bcf1b638b0d1847a2f121\"}\n>p1 move discharge\n>p2 move moonblast\n>p1 move discharge\n>p2 switch 3\n>p1 move voltswitch\n>p2 move calmmind\n>p1 switch 2\n>p1 move stickyweb\n>p2 move calmmind\n>p1 move leechlife\n>p2 move matchagotcha\n>p1 move mirrorcoat\n>p2 move matchagotcha\n>p1 switch 6\n>p1 move icepunch\n>p2 move shadowball\n>p1 switch 4\n>p1 move bulkup terastallize\n>p2 move matchagotcha\n>forcelose p1", "uploadtime": 1781399784, "views": 4, "formatid": "gen9randombattle", "rating": null, "private": 0, "password": null}