{"id": "gen9randombattle-2631387112", "format": "[Gen 9] Random Battle", "players": ["KinglerCookie", "5cgm"], "log": "|j|\u2606KinglerCookie\n|j|\u26065cgm\n|t:|1781378616\n|gametype|singles\n|player|p1|KinglerCookie|miku-ground|1723\n|player|p2|5cgm|beauty|1751\n|gen|9\n|tier|[Gen 9] Random Battle\n|rated|\n|rule|Species Clause: Limit one of each Pok\u00e9mon\n|rule|HP Percentage Mod: HP is shown in percentages\n|rule|Sleep Clause Mod: Limit one foe put to sleep\n|rule|Illusion Level Mod: Illusion disguises the Pok\u00e9mon's true level\n|\n|t:|1781378616\n|teamsize|p1|6\n|teamsize|p2|6\n|start\n|switch|p1a: Lunala|Lunala, L70|308/308\n|switch|p2a: Okidogi|Okidogi, L77, M|262/262\n|turn|1\n|\n|t:|1781378629\n|switch|p2a: Weavile|Weavile, L79, M|240/240\n|move|p1a: Lunala|Calm Mind|p1a: Lunala\n|-boost|p1a: Lunala|spa|1\n|-boost|p1a: Lunala|spd|1\n|\n|upkeep\n|turn|2\n|\n|t:|1781378647\n|switch|p1a: Glaceon|Glaceon, L94, F|275/275\n|move|p2a: Weavile|Triple Axel|p1a: Glaceon\n|-resisted|p1a: Glaceon\n|-damage|p1a: Glaceon|266/275\n|-resisted|p1a: Glaceon\n|-damage|p1a: Glaceon|251/275\n|-resisted|p1a: Glaceon\n|-damage|p1a: Glaceon|225/275\n|-hitcount|p1a: Glaceon|3\n|\n|upkeep\n|turn|3\n|\n|t:|1781378678\n|switch|p2a: Moltres|Moltres, L81|278/278\n|move|p1a: Glaceon|Wish|p1a: Glaceon\n|\n|upkeep\n|turn|4\n|\n|t:|1781378693\n|switch|p1a: Charizard|Charizard, L85, M|271/271\n|move|p2a: Moltres|Will-O-Wisp|p1a: Charizard\n|-immune|p1a: Charizard\n|\n|upkeep\n|turn|5\n|\n|t:|1781378705\n|switch|p2a: Regigigas|Regigigas, L84|322/322\n|-start|p2a: Regigigas|ability: Slow Start\n|move|p1a: Charizard|Swords Dance|p1a: Charizard\n|-boost|p1a: Charizard|atk|2\n|\n|upkeep\n|turn|6\n|inactive|Battle timer is ON: inactive players will automatically lose when time's up. (requested by 5cgm)\n|\n|t:|1781378715\n|move|p2a: Regigigas|Protect|p2a: Regigigas\n|-singleturn|p2a: Regigigas|Protect\n|move|p1a: Charizard|Swords Dance|p1a: Charizard\n|-boost|p1a: Charizard|atk|2\n|\n|upkeep\n|turn|7\n|\n|t:|1781378723\n|move|p1a: Charizard|Earthquake|p2a: Regigigas\n|-damage|p2a: Regigigas|170/322\n|move|p2a: Regigigas|Body Slam|p1a: Charizard\n|-damage|p1a: Charizard|199/271\n|-status|p1a: Charizard|par\n|\n|-heal|p2a: Regigigas|190/322|[from] item: Leftovers\n|upkeep\n|turn|8\n|\n|t:|1781378731\n|move|p2a: Regigigas|Protect|p2a: Regigigas\n|-singleturn|p2a: Regigigas|Protect\n|move|p1a: Charizard|Flare Blitz|p2a: Regigigas\n|-activate|p2a: Regigigas|move: Protect\n|\n|-heal|p2a: Regigigas|210/322|[from] item: Leftovers\n|upkeep\n|turn|9\n|\n|t:|1781378735\n|move|p1a: Charizard|Flare Blitz|p2a: Regigigas\n|-damage|p2a: Regigigas|0 fnt\n|faint|p2a: Regigigas\n|-end|p2a: Regigigas|Slow Start|[silent]\n|-damage|p1a: Charizard|130/271 par|[from] Recoil\n|\n|upkeep\n|\n|t:|1781378747\n|switch|p2a: Okidogi|Okidogi, L77, M|262/262\n|turn|10\n|\n|t:|1781378754\n|move|p2a: Okidogi|Bulk Up|p2a: Okidogi\n|-boost|p2a: Okidogi|atk|1\n|-boost|p2a: Okidogi|def|1\n|move|p1a: Charizard|Earthquake|p2a: Okidogi\n|-supereffective|p2a: Okidogi\n|-damage|p2a: Okidogi|44/262\n|\n|-heal|p2a: Okidogi|60/262|[from] item: Leftovers\n|upkeep\n|turn|11\n|\n|t:|1781378762\n|move|p2a: Okidogi|Knock Off|p1a: Charizard\n|-damage|p1a: Charizard|17/271 par\n|-enditem|p1a: Charizard|Heavy-Duty Boots|[from] move: Knock Off|[of] p2a: Okidogi\n|move|p1a: Charizard|Earthquake|p2a: Okidogi\n|-supereffective|p2a: Okidogi\n|-damage|p2a: Okidogi|0 fnt\n|faint|p2a: Okidogi\n|\n|upkeep\n|\n|t:|1781378779\n|switch|p2a: Bruxish|Bruxish, L85, M|254/254\n|turn|12\n|\n|t:|1781378783\n|move|p2a: Bruxish|Swords Dance|p2a: Bruxish\n|-boost|p2a: Bruxish|atk|2\n|move|p1a: Charizard|Flare Blitz|p2a: Bruxish\n|-resisted|p2a: Bruxish\n|-damage|p2a: Bruxish|0 fnt\n|faint|p2a: Bruxish\n|-damage|p1a: Charizard|0 fnt|[from] Recoil\n|faint|p1a: Charizard\n|\n|upkeep\n|\n|t:|1781378791\n|switch|p1a: Rhydon|Rhydon, L85, F|317/317\n|switch|p2a: Grumpig|Grumpig, L92, F|297/297\n|turn|13\n|\n|t:|1781378800\n|move|p2a: Grumpig|Earth Power|p1a: Rhydon\n|-supereffective|p1a: Rhydon\n|-damage|p1a: Rhydon|89/317\n|move|p1a: Rhydon|Megahorn|p2a: Grumpig|[miss]\n|-miss|p1a: Rhydon|p2a: Grumpig\n|\n|upkeep\n|turn|14\n|\n|t:|1781378805\n|switch|p1a: Tornadus|Tornadus, L82, M|263/263\n|move|p2a: Grumpig|Earth Power|p1a: Tornadus\n|-immune|p1a: Tornadus\n|\n|upkeep\n|turn|15\n|\n|t:|1781378812\n|switch|p2a: Moltres|Moltres, L81|278/278\n|move|p1a: Tornadus|Bleakwind Storm|p2a: Moltres\n|-damage|p2a: Moltres|76/278\n|\n|upkeep\n|turn|16\n|\n|t:|1781378818\n|move|p1a: Tornadus|Bleakwind Storm|p2a: Moltres|[miss]\n|-miss|p1a: Tornadus|p2a: Moltres\n|move|p2a: Moltres|Fire Blast|p1a: Tornadus\n|-damage|p1a: Tornadus|125/263\n|\n|upkeep\n|turn|17\n|\n|t:|1781378822\n|move|p1a: Tornadus|Bleakwind Storm|p2a: Moltres\n|-damage|p2a: Moltres|0 fnt\n|faint|p2a: Moltres\n|\n|upkeep\n|\n|t:|1781378827\n|switch|p2a: Weavile|Weavile, L79, M|240/240\n|turn|18\n|\n|t:|1781378830\n|switch|p1a: Rhydon|Rhydon, L85, F|89/317\n|move|p2a: Weavile|Swords Dance|p2a: Weavile\n|-boost|p2a: Weavile|atk|2\n|\n|upkeep\n|turn|19\n|\n|t:|1781378836\n|move|p2a: Weavile|Knock Off|p1a: Rhydon\n|-damage|p1a: Rhydon|0 fnt\n|-enditem|p1a: Rhydon|Eviolite|[from] move: Knock Off|[of] p2a: Weavile\n|faint|p1a: Rhydon\n|\n|upkeep\n|\n|t:|1781378840\n|switch|p1a: Glaceon|Glaceon, L94, F|225/275\n|turn|20\n|inactive|5cgm has 120 seconds left.\n|\n|t:|1781378892\n|move|p2a: Weavile|Swords Dance|p2a: Weavile\n|-boost|p2a: Weavile|atk|2\n|move|p1a: Glaceon|Mud Shot|p2a: Weavile\n|-damage|p2a: Weavile|171/240\n|-unboost|p2a: Weavile|spe|1\n|\n|upkeep\n|turn|21\n|\n|t:|1781378909\n|move|p1a: Glaceon|Protect|p1a: Glaceon\n|-singleturn|p1a: Glaceon|Protect\n|move|p2a: Weavile|Low Kick|p1a: Glaceon\n|-activate|p1a: Glaceon|move: Protect\n|\n|upkeep\n|turn|22\n|\n|t:|1781378919\n|move|p1a: Glaceon|Mud Shot|p2a: Weavile\n|-damage|p2a: Weavile|109/240\n|-unboost|p2a: Weavile|spe|1\n|move|p2a: Weavile|Low Kick|p1a: Glaceon\n|-supereffective|p1a: Glaceon\n|-damage|p1a: Glaceon|41/275\n|\n|upkeep\n|turn|23\n|\n|t:|1781378926\n|move|p1a: Glaceon|Mud Shot|p2a: Weavile\n|-damage|p2a: Weavile|46/240\n|-unboost|p2a: Weavile|spe|1\n|move|p2a: Weavile|Knock Off|p1a: Glaceon\n|-damage|p1a: Glaceon|0 fnt\n|-enditem|p1a: Glaceon|Heavy-Duty Boots|[from] move: Knock Off|[of] p2a: Weavile\n|faint|p1a: Glaceon\n|\n|upkeep\n|\n|t:|1781378930\n|switch|p1a: Dragapult|Dragapult, L77, M|262/262\n|turn|24\n|\n|t:|1781378933\n|move|p1a: Dragapult|U-turn|p2a: Weavile\n|-supereffective|p2a: Weavile\n|-damage|p2a: Weavile|0 fnt\n|faint|p2a: Weavile\n|\n|t:|1781378935\n|switch|p1a: Tornadus|Tornadus, L82, M|125/263|[from] U-turn\n|\n|upkeep\n|\n|t:|1781378940\n|switch|p2a: Grumpig|Grumpig, L92, F|297/297\n|turn|25\n|\n|t:|1781378945\n|move|p1a: Tornadus|U-turn|p2a: Grumpig\n|-supereffective|p2a: Grumpig\n|-damage|p2a: Grumpig|167/297\n|\n|t:|1781378947\n|switch|p1a: Dragapult|Dragapult, L77, M|262/262|[from] U-turn\n|move|p2a: Grumpig|Shadow Ball|p1a: Dragapult\n|-supereffective|p1a: Dragapult\n|-damage|p1a: Dragapult|14/262\n|-unboost|p1a: Dragapult|spd|1\n|\n|upkeep\n|turn|26\n|\n|t:|1781378959\n|move|p1a: Dragapult|U-turn|p2a: Grumpig\n|-supereffective|p2a: Grumpig\n|-damage|p2a: Grumpig|57/297\n|\n|t:|1781378965\n|switch|p1a: Tornadus|Tornadus, L82, M|125/263|[from] U-turn\n|move|p2a: Grumpig|Shadow Ball|p1a: Tornadus\n|-damage|p1a: Tornadus|20/263\n|-unboost|p1a: Tornadus|spd|1\n|-ability|p1a: Tornadus|Defiant|boost\n|-boost|p1a: Tornadus|atk|2\n|\n|upkeep\n|turn|27\n|\n|t:|1781378972\n|move|p1a: Tornadus|U-turn|p2a: Grumpig\n|-supereffective|p2a: Grumpig\n|-damage|p2a: Grumpig|0 fnt\n|faint|p2a: Grumpig\n|\n|win|KinglerCookie\n|raw|KinglerCookie's rating: 1723 &rarr; <strong>1745</strong><br />(+22 for winning)\n|raw|5cgm's rating: 1751 &rarr; <strong>1729</strong><br />(-22 for losing)\n", "inputlog": ">version a8376a258c1d4662feba110a92103f3664a72141\n>start {\"formatid\":\"gen9randombattle\",\"seed\":\"sodium,556c6f6278fbb8ef69e37ca55653aba5\",\"rated\":\"Rated battle\"}\n>player p1 {\"name\":\"KinglerCookie\",\"avatar\":\"miku-ground\",\"rating\":1723,\"seed\":\"sodium,0aa183e89850d0d74a86d6ff874095da\"}\n>player p2 {\"name\":\"5cgm\",\"avatar\":\"beauty\",\"rating\":1751,\"seed\":\"sodium,eec89684904e4b8c1f18a2aa9aa4b97d\"}\n>p1 move calmmind\n>p2 switch 5\n>p1 switch 6\n>p2 move tripleaxel\n>p1 move wish\n>p2 switch 3\n>p1 switch 2\n>p2 move willowisp\n>p1 move swordsdance\n>p2 switch 6\n>p1 move swordsdance\n>p2 move protect\n>p1 move earthquake\n>p2 move bodyslam\n>p1 move flareblitz\n>p2 move protect\n>p1 move flareblitz\n>p2 move substitute\n>p2 switch 5\n>p1 move earthquake\n>p2 move bulkup\n>p1 move earthquake\n>p2 move knockoff\n>p2 switch 4\n>p1 move flareblitz\n>p2 move swordsdance\n>p1 switch 4\n>p2 switch 2\n>p1 move megahorn\n>p2 move earthpower\n>p1 switch 3\n>p2 move earthpower\n>p1 move bleakwindstorm\n>p2 switch 6\n>p1 move bleakwindstorm\n>p2 move fireblast\n>p1 move bleakwindstorm\n>p2 move fireblast\n>p2 switch 3\n>p1 switch 3\n>p2 move swordsdance\n>p1 move megahorn\n>p2 move knockoff\n>p1 switch 2\n>p1 move mudshot\n>p2 move swordsdance\n>p1 move protect\n>p2 move lowkick\n>p1 move mudshot\n>p2 move lowkick\n>p1 move mudshot\n>p2 move knockoff\n>p1 switch 5\n>p1 move uturn\n>p2 move knockoff\n>p1 switch 3\n>p2 switch 6\n>p1 move uturn\n>p2 move shadowball\n>p1 switch 3\n>p1 move uturn\n>p2 move shadowball\n>p1 switch 3\n>p1 move uturn\n>p2 move shadowball", "uploadtime": 1781378974, "views": 9, "formatid": "gen9randombattle", "rating": 1729, "private": 0, "password": null}