{"id": "gen9randombattle-2631643623", "format": "[Gen 9] Random Battle", "players": ["Uauiaiiiipp", "A Gamblin' Man"], "log": "|j|\u2606Uauiaiiiipp\n|j|\u2606A Gamblin' Man\n|t:|1781413779\n|gametype|singles\n|player|p1|Uauiaiiiipp|266|1101\n|player|p2|A Gamblin' Man|baker|1103\n|gen|9\n|tier|[Gen 9] Random Battle\n|rated|\n|rule|Species Clause: Limit one of each Pok\u00e9mon\n|rule|HP Percentage Mod: HP is shown in percentages\n|rule|Sleep Clause Mod: Limit one foe put to sleep\n|rule|Illusion Level Mod: Illusion disguises the Pok\u00e9mon's true level\n|\n|t:|1781413779\n|teamsize|p1|6\n|teamsize|p2|6\n|start\n|switch|p1a: Mimikyu|Mimikyu, L79, F|216/216\n|switch|p2a: Espeon|Espeon, L84, M|246/246\n|turn|1\n|inactive|Battle timer is ON: inactive players will automatically lose when time's up. (requested by A Gamblin' Man)\n|\n|t:|1781413800\n|move|p2a: Espeon|Shadow Ball|p1a: Mimikyu\n|-activate|p1a: Mimikyu|ability: Disguise\n|-damage|p1a: Mimikyu|216/216\n|detailschange|p1a: Mimikyu|Mimikyu-Busted, L79, F\n|-damage|p1a: Mimikyu|189/216|[from] pokemon: Mimikyu-Busted\n|-damage|p2a: Espeon|222/246|[from] item: Life Orb\n|move|p1a: Mimikyu|Swords Dance|p1a: Mimikyu\n|-boost|p1a: Mimikyu|atk|2\n|\n|upkeep\n|turn|2\n|\n|t:|1781413811\n|-terastallize|p2a: Espeon|Fairy\n|move|p1a: Mimikyu|Shadow Sneak|p2a: Espeon\n|-damage|p2a: Espeon|96/246\n|-damage|p1a: Mimikyu|168/216|[from] item: Life Orb\n|move|p2a: Espeon|Shadow Ball|p1a: Mimikyu\n|-supereffective|p1a: Mimikyu\n|-damage|p1a: Mimikyu|0 fnt\n|faint|p1a: Mimikyu\n|-damage|p2a: Espeon|72/246|[from] item: Life Orb\n|\n|upkeep\n|inactive|Uauiaiiiipp has 120 seconds left.\n|c|\u2606A Gamblin' Man|It's bullshit that Alluring Voice doesn't have negative priority\n|\n|t:|1781413846\n|switch|p1a: Florges|Florges-White, L85, F|271/271\n|turn|3\n|\n|t:|1781413852\n|-terastallize|p1a: Florges|Steel\n|move|p2a: Espeon|Morning Sun|p2a: Espeon\n|-heal|p2a: Espeon|195/246\n|move|p1a: Florges|Calm Mind|p1a: Florges\n|-boost|p1a: Florges|spa|1\n|-boost|p1a: Florges|spd|1\n|\n|upkeep\n|turn|4\n|\n|t:|1781413860\n|move|p2a: Espeon|Psyshock|p1a: Florges\n|-resisted|p1a: Florges\n|-damage|p1a: Florges|193/271\n|-damage|p2a: Espeon|171/246|[from] item: Life Orb\n|move|p1a: Florges|Moonblast|p2a: Espeon\n|-damage|p2a: Espeon|20/246\n|-unboost|p2a: Espeon|spa|1\n|\n|-heal|p1a: Florges|209/271|[from] item: Leftovers\n|upkeep\n|turn|5\n|\n|t:|1781413869\n|move|p2a: Espeon|Psyshock|p1a: Florges\n|-resisted|p1a: Florges\n|-damage|p1a: Florges|158/271\n|-damage|p2a: Espeon|0 fnt|[from] item: Life Orb\n|faint|p2a: Espeon\n|move|p1a: Florges|Calm Mind|p1a: Florges\n|-boost|p1a: Florges|spa|1\n|-boost|p1a: Florges|spd|1\n|\n|-heal|p1a: Florges|174/271|[from] item: Leftovers\n|upkeep\n|\n|t:|1781413877\n|switch|p2a: Hitmonlee|Hitmonlee, L85, M|223/223\n|turn|6\n|\n|t:|1781413880\n|move|p1a: Florges|Protect|p1a: Florges\n|-singleturn|p1a: Florges|Protect\n|move|p2a: Hitmonlee|High Jump Kick|p1a: Florges\n|-activate|p1a: Florges|move: Protect\n|-damage|p2a: Hitmonlee|112/223|[from] highjumpkick\n|\n|-heal|p1a: Florges|190/271|[from] item: Leftovers\n|upkeep\n|turn|7\n|inactive|Uauiaiiiipp has 120 seconds left.\n|\n|t:|1781413913\n|switch|p1a: Pincurchin|Pincurchin, F|258/258\n|-fieldstart|move: Electric Terrain|[from] ability: Electric Surge|[of] p1a: Pincurchin\n|move|p2a: Hitmonlee|High Jump Kick|p1a: Pincurchin|[miss]\n|-miss|p2a: Hitmonlee|p1a: Pincurchin\n|-damage|p2a: Hitmonlee|1/223|[from] highjumpkick\n|\n|upkeep\n|turn|8\n|c|\u2606A Gamblin' Man|Oh that's horsefeathers\n|\n|t:|1781413941\n|switch|p2a: Banette|Banette, L93, F|270/270\n|move|p1a: Pincurchin|Zing Zap|p2a: Banette\n|-damage|p2a: Banette|90/270\n|\n|upkeep\n|turn|9\n|c|\u2606A Gamblin' Man|Just total baloney\n|inactive|Uauiaiiiipp has 120 seconds left.\n|\n|t:|1781413966\n|move|p2a: Banette|Poltergeist|p1a: Pincurchin\n|-activate|p1a: Pincurchin|move: Poltergeist|Leftovers\n|-damage|p1a: Pincurchin|93/258\n|-damage|p2a: Banette|63/270|[from] item: Life Orb\n|move|p1a: Pincurchin|Zing Zap|p2a: Banette\n|-damage|p2a: Banette|0 fnt\n|faint|p2a: Banette\n|\n|-heal|p1a: Pincurchin|109/258|[from] item: Leftovers\n|upkeep\n|inactive|A Gamblin' Man has 120 seconds left.\n|\n|t:|1781413981\n|switch|p2a: Hitmonlee|Hitmonlee, L85, M|1/223\n|turn|10\n|\n|t:|1781413987\n|move|p2a: Hitmonlee|High Jump Kick|p1a: Pincurchin\n|-damage|p1a: Pincurchin|0 fnt\n|faint|p1a: Pincurchin\n|\n|upkeep\n|\n|t:|1781413991\n|switch|p1a: Florges|Florges-White, L85, F, tera:Steel|190/271\n|turn|11\n|\n|t:|1781413994\n|switch|p2a: Gallade|Gallade, L80, M|240/240\n|move|p1a: Florges|Protect||[still]\n|-fail|p1a: Florges\n|\n|-heal|p1a: Florges|206/271|[from] item: Leftovers\n|-fieldend|move: Electric Terrain\n|upkeep\n|turn|12\n|\n|t:|1781414000\n|move|p2a: Gallade|Sacred Sword|p1a: Florges\n|-supereffective|p1a: Florges\n|-damage|p1a: Florges|0 fnt\n|faint|p1a: Florges\n|\n|upkeep\n|\n|t:|1781414013\n|switch|p1a: Haxorus|Haxorus, L77, M|244/244\n|-ability|p1a: Haxorus|Mold Breaker\n|turn|13\n|c|\u2606A Gamblin' Man|Some real dang funky bullshrimp\n|\n|t:|1781414021\n|move|p2a: Gallade|Sacred Sword|p1a: Haxorus\n|-damage|p1a: Haxorus|85/244\n|move|p1a: Haxorus|Dragon Dance|p1a: Haxorus\n|-boost|p1a: Haxorus|atk|1\n|-boost|p1a: Haxorus|spe|1\n|\n|upkeep\n|turn|14\n|\n|t:|1781414034\n|move|p1a: Haxorus|Outrage|p2a: Gallade\n|-damage|p2a: Gallade|0 fnt\n|faint|p2a: Gallade\n|\n|upkeep\n|\n|t:|1781414042\n|switch|p2a: Regice|Regice, L88|284/284\n|turn|15\n|\n|t:|1781414044\n|move|p1a: Haxorus|Outrage|p2a: Regice|[from] lockedmove\n|-damage|p2a: Regice|91/284\n|-start|p1a: Haxorus|confusion|[fatigue]\n|-enditem|p1a: Haxorus|Lum Berry|[eat]\n|-end|p1a: Haxorus|confusion\n|move|p2a: Regice|Ice Beam|p1a: Haxorus\n|-supereffective|p1a: Haxorus\n|-damage|p1a: Haxorus|0 fnt\n|faint|p1a: Haxorus\n|\n|upkeep\n|\n|t:|1781414059\n|switch|p1a: Baxcalibur|Baxcalibur, L75, M|296/296\n|turn|16\n|\n|t:|1781414066\n|move|p1a: Baxcalibur|Dragon Dance|p1a: Baxcalibur\n|-boost|p1a: Baxcalibur|atk|1\n|-boost|p1a: Baxcalibur|spe|1\n|move|p2a: Regice|Ice Beam|p1a: Baxcalibur\n|-damage|p1a: Baxcalibur|169/296\n|\n|upkeep\n|turn|17\n|\n|t:|1781414081\n|move|p1a: Baxcalibur|Earthquake|p2a: Regice\n|-damage|p2a: Regice|0 fnt\n|faint|p2a: Regice\n|\n|upkeep\n|c|\u2606A Gamblin' Man|Bitch how many setup dragons do you fucken need Jesus\n|n|\u203dA Gamblin' Man|agamblinman\n|c|~|/log A Gamblin' Man was locked from talking by Artemis. (\u2606A Gamblin' Man: Bitch how many setup dragons do you fucken need Jesus)\n|c|~|/raw <small>This action was done automatically. Want to learn more about the AI? <a href=\"https://www.smogon.com/forums/threads/3570628/#post-9056769\">Visit the information thread</a>.</small>\n|inactive|A Gamblin' Man has 120 seconds left.\n|\n|t:|1781414122\n|switch|p2a: Hitmonlee|Hitmonlee, L85, M|1/223\n|turn|18\n|\n|t:|1781414125\n|move|p2a: Hitmonlee|High Jump Kick|p1a: Baxcalibur|[miss]\n|-miss|p2a: Hitmonlee|p1a: Baxcalibur\n|-damage|p2a: Hitmonlee|0 fnt|[from] highjumpkick\n|faint|p2a: Hitmonlee\n|move|p1a: Baxcalibur|Earthquake|p2: Hitmonlee|[notarget]\n|-fail|p1a: Baxcalibur\n|\n|upkeep\n|-message|A Gamblin' Man forfeited.\n|\n|win|Uauiaiiiipp\n", "inputlog": ">version a8376a258c1d4662feba110a92103f3664a72141\n>start {\"formatid\":\"gen9randombattle\",\"seed\":\"sodium,e85e67834a841b0729ebcac119add18c\",\"rated\":\"Rated battle\"}\n>player p1 {\"name\":\"Uauiaiiiipp\",\"avatar\":\"266\",\"rating\":1101,\"seed\":\"sodium,808f3645fba0f98d3cb02fcd5977ebed\"}\n>player p2 {\"name\":\"A Gamblin' Man\",\"avatar\":\"baker\",\"rating\":1103,\"seed\":\"sodium,2e8f6066d9318b0d85dcc9405b96f086\"}\n>p1 move swordsdance\n>p2 move shadowball\n>p1 move shadowsneak\n>p2 move shadowball terastallize\n>chat \u2606A Gamblin' Man|It's bullshit that Alluring Voice doesn't have negative priority\n>p1 switch 3\n>p1 move calmmind terastallize\n>p2 move morningsun\n>p1 move moonblast\n>p2 move psyshock\n>p1 move calmmind\n>p2 move psyshock\n>p2 switch 6\n>p1 move protect\n>p2 move highjumpkick\n>p1 switch 4\n>p2 move highjumpkick\n>chat \u2606A Gamblin' Man|Oh that's horsefeathers\n>p1 move zingzap\n>p2 switch 2\n>chat \u2606A Gamblin' Man|Just total baloney \n>p1 move zingzap\n>p2 move poltergeist\n>p2 switch 2\n>p1 move recover\n>p2 move highjumpkick\n>p1 switch 4\n>p1 move protect\n>p2 switch 5\n>p1 move moonblast\n>p2 move sacredsword\n>p1 switch 6\n>chat \u2606A Gamblin' Man|Some real dang funky bullshrimp \n>p1 move dragondance\n>p2 move sacredsword\n>p1 move outrage\n>p2 move sacredsword\n>p2 switch 3\n>p1 move outrage\n>p2 move icebeam\n>p1 switch 2\n>p1 move dragondance\n>p2 move icebeam\n>p1 move earthquake\n>p2 move icebeam\n>chat \u2606A Gamblin' Man|Bitch how many setup dragons do you fucken need Jesus\n>p2 switch 5\n>p1 move earthquake\n>p2 move highjumpkick\n>forcelose p2", "uploadtime": 1781414089, "views": 4, "formatid": "gen9randombattle", "rating": null, "private": 0, "password": null}