{"id": "gen9randombattle-2631478734", "format": "[Gen 9] Random Battle", "players": ["Chicken347", "TheOldTimers"], "log": "|j|\u2606Chicken347\n|j|\u2606TheOldTimers\n|t:|1781389986\n|gametype|singles\n|player|p1|Chicken347|266|1943\n|player|p2|TheOldTimers|li|1927\n|gen|9\n|tier|[Gen 9] Random Battle\n|rated|\n|rule|Species Clause: Limit one of each Pok\u00e9mon\n|rule|HP Percentage Mod: HP is shown in percentages\n|rule|Sleep Clause Mod: Limit one foe put to sleep\n|rule|Illusion Level Mod: Illusion disguises the Pok\u00e9mon's true level\n|\n|t:|1781389986\n|teamsize|p1|6\n|teamsize|p2|6\n|start\n|switch|p1a: Hoopa|Hoopa-Unbound, L80|259/259\n|switch|p2a: Pecharunt|Pecharunt, L77|262/262\n|turn|1\n|\n|t:|1781389999\n|move|p2a: Pecharunt|Malignant Chain|p1a: Hoopa\n|-damage|p1a: Hoopa|198/259\n|-status|p1a: Hoopa|tox\n|-start|p1a: Hoopa|confusion|[from] ability: Poison Puppeteer|[of] p2a: Pecharunt\n|-activate|p1a: Hoopa|confusion\n|move|p1a: Hoopa|Hyperspace Fury|p2a: Pecharunt\n|-supereffective|p2a: Pecharunt\n|-crit|p2a: Pecharunt\n|-damage|p2a: Pecharunt|0 fnt\n|-unboost|p1a: Hoopa|def|1\n|faint|p2a: Pecharunt\n|\n|-damage|p1a: Hoopa|182/259 tox|[from] psn\n|upkeep\n|inactive|Battle timer is ON: inactive players will automatically lose when time's up. (requested by Chicken347)\n|c|\u2606TheOldTimers|Man\n|c|\u2606TheOldTimers|that stinks\n|\n|t:|1781390016\n|switch|p2a: Ambipom|Ambipom, L84, M|263/263\n|turn|2\n|\n|t:|1781390034\n|switch|p1a: Klefki|Klefki, L84, F|233/233\n|move|p2a: Ambipom|U-turn|p1a: Klefki\n|-resisted|p1a: Klefki\n|-damage|p1a: Klefki|220/233\n|\n|t:|1781390038\n|switch|p2a: Hippowdon|Hippowdon, L82, F|311/311|[from] U-turn\n|-weather|Sandstorm|[from] ability: Sand Stream|[of] p2a: Hippowdon\n|\n|-weather|Sandstorm|[upkeep]\n|-heal|p1a: Klefki|233/233|[from] item: Leftovers\n|upkeep\n|turn|3\n|\n|t:|1781390049\n|move|p1a: Klefki|Magnet Rise|p1a: Klefki\n|-start|p1a: Klefki|Magnet Rise\n|move|p2a: Hippowdon|Earthquake|p1a: Klefki\n|-immune|p1a: Klefki\n|\n|-weather|Sandstorm|[upkeep]\n|upkeep\n|turn|4\n|\n|t:|1781390053\n|switch|p2a: Gouging Fire|Gouging Fire, L74|277/277\n|move|p1a: Klefki|Spikes|p2a: Gouging Fire\n|-sidestart|p2: TheOldTimers|Spikes\n|\n|-weather|Sandstorm|[upkeep]\n|-damage|p2a: Gouging Fire|260/277|[from] Sandstorm\n|upkeep\n|turn|5\n|\n|t:|1781390061\n|switch|p1a: Krookodile|Krookodile, L79, M|280/280\n|-ability|p1a: Krookodile|Intimidate|boost\n|-unboost|p2a: Gouging Fire|atk|1\n|-terastallize|p2a: Gouging Fire|Ground\n|move|p2a: Gouging Fire|Dragon Dance|p2a: Gouging Fire\n|-boost|p2a: Gouging Fire|atk|1\n|-boost|p2a: Gouging Fire|spe|1\n|\n|-weather|Sandstorm|[upkeep]\n|upkeep\n|turn|6\n|\n|t:|1781390070\n|move|p2a: Gouging Fire|Dragon Dance|p2a: Gouging Fire\n|-boost|p2a: Gouging Fire|atk|1\n|-boost|p2a: Gouging Fire|spe|1\n|move|p1a: Krookodile|Bulk Up|p1a: Krookodile\n|-boost|p1a: Krookodile|atk|1\n|-boost|p1a: Krookodile|def|1\n|\n|-weather|none\n|upkeep\n|turn|7\n|\n|t:|1781390075\n|move|p2a: Gouging Fire|Heat Crash|p1a: Krookodile\n|-damage|p1a: Krookodile|160/280\n|move|p1a: Krookodile|Bulk Up|p1a: Krookodile\n|-boost|p1a: Krookodile|atk|1\n|-boost|p1a: Krookodile|def|1\n|\n|-heal|p1a: Krookodile|177/280|[from] item: Leftovers\n|upkeep\n|turn|8\n|\n|t:|1781390082\n|move|p2a: Gouging Fire|Heat Crash|p1a: Krookodile\n|-damage|p1a: Krookodile|77/280\n|move|p1a: Krookodile|Earthquake|p2a: Gouging Fire\n|-damage|p2a: Gouging Fire|85/277\n|\n|-heal|p1a: Krookodile|94/280|[from] item: Leftovers\n|upkeep\n|turn|9\n|\n|t:|1781390091\n|move|p2a: Gouging Fire|Heat Crash|p1a: Krookodile\n|-damage|p1a: Krookodile|0 fnt\n|faint|p1a: Krookodile\n|\n|upkeep\n|inactive|Chicken347 has 120 seconds left.\n|\n|t:|1781390121\n|switch|p1a: Lapras|Lapras, L87, M|368/368\n|turn|10\n|\n|t:|1781390127\n|move|p2a: Gouging Fire|Outrage|p1a: Lapras\n|-damage|p1a: Lapras|197/368\n|move|p1a: Lapras|Sparkling Aria|p2a: Gouging Fire\n|-supereffective|p2a: Gouging Fire\n|-damage|p2a: Gouging Fire|0 fnt\n|faint|p2a: Gouging Fire\n|-end|p2a: Gouging Fire|Protosynthesis|[silent]\n|\n|upkeep\n|\n|t:|1781390132\n|switch|p2a: Sawsbuck|Sawsbuck-Winter, L88, M|284/284\n|-damage|p2a: Sawsbuck|249/284|[from] Spikes\n|turn|11\n|\n|t:|1781390145\n|switch|p1a: Klefki|Klefki, L84, F|233/233\n|move|p2a: Sawsbuck|Horn Leech|p1a: Klefki\n|-resisted|p1a: Klefki\n|-damage|p1a: Klefki|175/233\n|-heal|p2a: Sawsbuck|278/284|[from] drain|[of] p1a: Klefki\n|-damage|p2a: Sawsbuck|250/284|[from] item: Life Orb\n|\n|-heal|p1a: Klefki|189/233|[from] item: Leftovers\n|upkeep\n|turn|12\n|\n|t:|1781390150\n|move|p1a: Klefki|Magnet Rise|p1a: Klefki\n|-start|p1a: Klefki|Magnet Rise\n|move|p2a: Sawsbuck|Swords Dance|p2a: Sawsbuck\n|-boost|p2a: Sawsbuck|atk|2\n|\n|-heal|p1a: Klefki|203/233|[from] item: Leftovers\n|upkeep\n|turn|13\n|\n|t:|1781390152\n|move|p1a: Klefki|Thunder Wave|p2a: Sawsbuck\n|-status|p2a: Sawsbuck|par\n|cant|p2a: Sawsbuck|par\n|\n|-heal|p1a: Klefki|217/233|[from] item: Leftovers\n|upkeep\n|turn|14\n|\n|t:|1781390174\n|move|p1a: Klefki|Play Rough|p2a: Sawsbuck\n|-crit|p2a: Sawsbuck\n|-damage|p2a: Sawsbuck|106/284 par\n|-unboost|p2a: Sawsbuck|atk|1\n|move|p2a: Sawsbuck|Horn Leech|p1a: Klefki\n|-resisted|p1a: Klefki\n|-damage|p1a: Klefki|139/233\n|-heal|p2a: Sawsbuck|145/284 par|[from] drain|[of] p1a: Klefki\n|-damage|p2a: Sawsbuck|117/284 par|[from] item: Life Orb\n|\n|-heal|p1a: Klefki|153/233|[from] item: Leftovers\n|upkeep\n|turn|15\n|\n|t:|1781390184\n|move|p1a: Klefki|Play Rough|p2a: Sawsbuck\n|-crit|p2a: Sawsbuck\n|-damage|p2a: Sawsbuck|0 fnt\n|faint|p2a: Sawsbuck\n|\n|-heal|p1a: Klefki|167/233|[from] item: Leftovers\n|upkeep\n|c|\u2606TheOldTimers|Dude\n|c|\u2606TheOldTimers|damn\n|\n|t:|1781390193\n|switch|p2a: Ceruledge|Ceruledge, L78, M|245/245\n|turn|16\n|c|\u2606Chicken347|Unlucky\n|\n|t:|1781390209\n|move|p1a: Klefki|Thunder Wave|p2a: Ceruledge\n|-status|p2a: Ceruledge|par\n|move|p2a: Ceruledge|Swords Dance|p2a: Ceruledge\n|-boost|p2a: Ceruledge|atk|2\n|\n|-heal|p1a: Klefki|181/233|[from] item: Leftovers\n|-end|p1a: Klefki|Magnet Rise\n|upkeep\n|turn|17\n|c|\u2606TheOldTimers|Well we\u2019ll have to rematch lol\n|\n|t:|1781390228\n|switch|p1a: Lapras|Lapras, L87, M|197/368\n|move|p2a: Ceruledge|Swords Dance|p2a: Ceruledge\n|-boost|p2a: Ceruledge|atk|2\n|\n|upkeep\n|turn|18\n|\n|t:|1781390233\n|move|p2a: Ceruledge|Shadow Sneak|p1a: Lapras\n|-damage|p1a: Lapras|64/368\n|move|p1a: Lapras|Sparkling Aria|p2a: Ceruledge\n|-supereffective|p2a: Ceruledge\n|-damage|p2a: Ceruledge|57/245 par\n|\n|upkeep\n|turn|19\n|\n|t:|1781390236\n|move|p2a: Ceruledge|Shadow Sneak|p1a: Lapras\n|-damage|p1a: Lapras|0 fnt\n|faint|p1a: Lapras\n|\n|upkeep\n|\n|t:|1781390251\n|switch|p1a: Glimmora|Glimmora, L75, F|248/248\n|turn|20\n|\n|t:|1781390257\n|cant|p2a: Ceruledge|par\n|move|p1a: Glimmora|Earth Power|p2a: Ceruledge\n|-supereffective|p2a: Ceruledge\n|-damage|p2a: Ceruledge|0 fnt\n|faint|p2a: Ceruledge\n|\n|upkeep\n|\n|t:|1781390261\n|switch|p2a: Hippowdon|Hippowdon, L82, F|311/311\n|-damage|p2a: Hippowdon|273/311|[from] Spikes\n|-weather|Sandstorm|[from] ability: Sand Stream|[of] p2a: Hippowdon\n|turn|21\n|-message|TheOldTimers forfeited.\n|\n|win|Chicken347\n", "inputlog": ">version a8376a258c1d4662feba110a92103f3664a72141\n>start {\"formatid\":\"gen9randombattle\",\"seed\":\"sodium,f48dafd279715e559501567874e3a097\",\"rated\":\"Rated battle\"}\n>player p1 {\"name\":\"Chicken347\",\"avatar\":\"266\",\"rating\":1943,\"seed\":\"sodium,bd5da2195e144381738ce924ba3312f7\"}\n>player p2 {\"name\":\"TheOldTimers\",\"avatar\":\"li\",\"rating\":1927,\"seed\":\"sodium,9e20f8fb4f9e1a8bc61c0dda16666841\"}\n>p1 move hyperspacefury\n>p2 move malignantchain\n>chat \u2606TheOldTimers|Man\n>chat \u2606TheOldTimers|that stinks\n>p2 switch 3\n>p1 switch 4\n>p2 move uturn\n>p2 switch 5\n>p1 move magnetrise\n>p2 move earthquake\n>p1 move spikes\n>p2 switch 2\n>p1 switch 3\n>p2 move dragondance terastallize\n>p1 move bulkup\n>p2 move dragondance\n>p1 move bulkup\n>p2 move heatcrash\n>p1 move earthquake\n>p2 move heatcrash\n>p1 move earthquake\n>p2 move heatcrash\n>p1 switch 5\n>p1 move sparklingaria\n>p2 move outrage\n>p2 switch 4\n>p1 switch 3\n>p2 move hornleech\n>p1 move magnetrise\n>p2 move swordsdance\n>p1 move thunderwave\n>p2 move hornleech\n>p1 move playrough\n>p2 move hornleech\n>p1 move playrough\n>p2 move doubleedge\n>chat \u2606TheOldTimers|Dude \n>chat \u2606TheOldTimers|damn\n>p2 switch 6\n>chat \u2606Chicken347|Unlucky \n>p1 move thunderwave\n>p2 move swordsdance\n>chat \u2606TheOldTimers|Well we\u2019ll have to rematch lol\n>p1 switch 3\n>p2 move swordsdance\n>p1 move sparklingaria\n>p2 move shadowsneak\n>p1 move sparklingaria\n>p2 move shadowsneak\n>p1 switch 6\n>p1 move earthpower\n>p2 move shadowsneak\n>p2 switch 2\n>forcelose p2", "uploadtime": 1781389988, "views": 6, "formatid": "gen9randombattle", "rating": null, "private": 0, "password": null}