{"id": "gen9randombattle-2631994380", "format": "[Gen 9] Random Battle", "players": ["hrisko", "Mischievously"], "log": "|j|\u2606hrisko\n|j|\u2606Mischievously\n|t:|1781463864\n|gametype|singles\n|player|p1|hrisko|102|1531\n|player|p2|Mischievously|marshal|1576\n|gen|9\n|tier|[Gen 9] Random Battle\n|rated|\n|rule|Species Clause: Limit one of each Pok\u00e9mon\n|rule|HP Percentage Mod: HP is shown in percentages\n|rule|Sleep Clause Mod: Limit one foe put to sleep\n|rule|Illusion Level Mod: Illusion disguises the Pok\u00e9mon's true level\n|\n|t:|1781463864\n|teamsize|p1|6\n|teamsize|p2|6\n|start\n|switch|p1a: Slaking|Slaking, L84, M|389/389\n|switch|p2a: Enamorus|Enamorus-Therian, L83, F|259/259\n|turn|1\n|inactive|Battle timer is ON: inactive players will automatically lose when time's up. (requested by Mischievously)\n|j| P1ckleJr\n|\n|t:|1781463888\n|switch|p2a: Revavroom|Revavroom, L79, M|256/256\n|move|p1a: Slaking|Double-Edge|p2a: Revavroom\n|-resisted|p2a: Revavroom\n|-damage|p2a: Revavroom|118/256\n|-damage|p1a: Slaking|343/389|[from] Recoil\n|\n|upkeep\n|turn|2\n|\n|t:|1781463901\n|switch|p1a: Swampert|Swampert, L83, F|302/302\n|move|p2a: Revavroom|Shift Gear|p2a: Revavroom\n|-boost|p2a: Revavroom|spe|2\n|-boost|p2a: Revavroom|atk|1\n|\n|upkeep\n|turn|3\n|\n|t:|1781463907\n|move|p2a: Revavroom|High Horsepower|p1a: Swampert\n|-damage|p1a: Swampert|155/302\n|-damage|p2a: Revavroom|93/256|[from] item: Life Orb\n|move|p1a: Swampert|Roar|p2a: Revavroom\n|drag|p2a: Vikavolt|Vikavolt, L83, F|263/263\n|\n|-heal|p1a: Swampert|173/302|[from] item: Leftovers\n|upkeep\n|turn|4\n|\n|t:|1781463918\n|move|p1a: Swampert|Knock Off|p2a: Vikavolt\n|-damage|p2a: Vikavolt|194/263\n|-enditem|p2a: Vikavolt|Heavy-Duty Boots|[from] move: Knock Off|[of] p1a: Swampert\n|move|p2a: Vikavolt|Sticky Web|p1a: Swampert\n|-sidestart|p1: hrisko|move: Sticky Web\n|\n|-heal|p1a: Swampert|191/302|[from] item: Leftovers\n|upkeep\n|turn|5\n|\n|t:|1781463933\n|move|p1a: Swampert|Ice Beam|p2a: Vikavolt\n|-damage|p2a: Vikavolt|134/263\n|move|p2a: Vikavolt|Bug Buzz|p1a: Swampert\n|-damage|p1a: Swampert|64/302\n|\n|-heal|p1a: Swampert|82/302|[from] item: Leftovers\n|upkeep\n|turn|6\n|\n|t:|1781463949\n|move|p1a: Swampert|Ice Beam|p2a: Vikavolt\n|-damage|p2a: Vikavolt|63/263\n|move|p2a: Vikavolt|Bug Buzz|p1a: Swampert\n|-damage|p1a: Swampert|0 fnt\n|faint|p1a: Swampert\n|\n|upkeep\n|\n|t:|1781463961\n|switch|p1a: Morpeko|Morpeko, L88, F|245/245\n|-activate|p1a: Morpeko|move: Sticky Web\n|-unboost|p1a: Morpeko|spe|1\n|turn|7\n|\n|t:|1781463984\n|move|p1a: Morpeko|Protect|p1a: Morpeko\n|-singleturn|p1a: Morpeko|Protect\n|move|p2a: Vikavolt|Bug Buzz|p1a: Morpeko\n|-activate|p1a: Morpeko|move: Protect\n|\n|-formechange|p1a: Morpeko|Morpeko-Hangry||[from] ability: Hunger Switch\n|upkeep\n|turn|8\n|inactive|Mischievously has 120 seconds left.\n|\n|t:|1781464006\n|move|p1a: Morpeko|Aura Wheel|p2a: Vikavolt\n|-damage|p2a: Vikavolt|0 fnt\n|-boost|p1a: Morpeko|spe|1\n|faint|p2a: Vikavolt\n|\n|-formechange|p1a: Morpeko|Morpeko||[from] ability: Hunger Switch\n|upkeep\n|inactive|Mischievously has 120 seconds left.\n|\n|t:|1781464034\n|switch|p2a: Espeon|Espeon, L84, M|246/246\n|turn|9\n|\n|t:|1781464047\n|move|p2a: Espeon|Alluring Voice|p1a: Morpeko\n|-supereffective|p1a: Morpeko\n|-crit|p1a: Morpeko\n|-damage|p1a: Morpeko|0 fnt\n|faint|p1a: Morpeko\n|\n|upkeep\n|\n|t:|1781464059\n|switch|p1a: Slaking|Slaking, L84, M|343/389\n|-activate|p1a: Slaking|move: Sticky Web\n|-unboost|p1a: Slaking|spe|1\n|turn|10\n|\n|t:|1781464073\n|switch|p2a: Revavroom|Revavroom, L79, M|93/256\n|move|p1a: Slaking|Double-Edge|p2a: Revavroom\n|-resisted|p2a: Revavroom\n|-damage|p2a: Revavroom|0 fnt\n|faint|p2a: Revavroom\n|-damage|p1a: Slaking|312/389|[from] Recoil\n|\n|upkeep\n|\n|t:|1781464084\n|switch|p2a: Haxorus|Haxorus, L77, M|244/244\n|-ability|p2a: Haxorus|Mold Breaker\n|turn|11\n|\n|t:|1781464098\n|switch|p1a: Bellossom|Bellossom, L84, F|263/263\n|-activate|p1a: Bellossom|move: Sticky Web\n|-unboost|p1a: Bellossom|spe|1\n|move|p2a: Haxorus|Scale Shot|p1a: Bellossom\n|-damage|p1a: Bellossom|236/263\n|-damage|p1a: Bellossom|205/263\n|-damage|p1a: Bellossom|177/263\n|-damage|p1a: Bellossom|146/263\n|-hitcount|p1a: Bellossom|4\n|-unboost|p2a: Haxorus|def|1\n|-boost|p2a: Haxorus|spe|1\n|\n|-heal|p1a: Bellossom|162/263|[from] item: Leftovers\n|upkeep\n|turn|12\n|inactive|Mischievously has 90 seconds left.\n|\n|t:|1781464130\n|switch|p2a: Espeon|Espeon, L84, M|246/246\n|move|p1a: Bellossom|Strength Sap|p2a: Espeon\n|move|p2a: Espeon|Strength Sap|p1a: Bellossom|[from] ability: Magic Bounce\n|-unboost|p1a: Bellossom|atk|1\n|\n|-heal|p1a: Bellossom|178/263|[from] item: Leftovers\n|upkeep\n|turn|13\n|l| P1ckleJr\n|\n|t:|1781464147\n|move|p2a: Espeon|Psyshock|p1a: Bellossom\n|-damage|p1a: Bellossom|18/263\n|move|p1a: Bellossom|Giga Drain|p2a: Espeon\n|-damage|p2a: Espeon|180/246\n|-heal|p1a: Bellossom|51/263|[from] drain|[of] p2a: Espeon\n|\n|-heal|p1a: Bellossom|67/263|[from] item: Leftovers\n|upkeep\n|turn|14\n|\n|t:|1781464152\n|move|p2a: Espeon|Psyshock|p1a: Bellossom\n|-damage|p1a: Bellossom|0 fnt\n|faint|p1a: Bellossom\n|\n|upkeep\n|\n|t:|1781464154\n|switch|p1a: Floatzel|Floatzel, L86, F|286/286\n|-activate|p1a: Floatzel|move: Sticky Web\n|-unboost|p1a: Floatzel|spe|1\n|turn|15\n|j| P1ckleJr\n|\n|t:|1781464161\n|move|p2a: Espeon|Psyshock|p1a: Floatzel\n|-damage|p1a: Floatzel|58/286\n|move|p1a: Floatzel|Ice Spinner|p2a: Espeon\n|-damage|p2a: Espeon|45/246\n|\n|upkeep\n|turn|16\n|c|\u2606hrisko|ur so trasj\n|-message|hrisko forfeited.\n|\n|win|Mischievously\n|raw|hrisko's rating: 1531 &rarr; <strong>1514</strong><br />(-17 for losing)\n|raw|Mischievously's rating: 1576 &rarr; <strong>1593</strong><br />(+17 for winning)\n|l|\u2606hrisko\n|player|p1|\n|c|\u2606Mischievously|?\n", "inputlog": ">version a8376a258c1d4662feba110a92103f3664a72141\n>start {\"formatid\":\"gen9randombattle\",\"seed\":\"sodium,8631a8389e44518939277261a94d1675\",\"rated\":\"Rated battle\"}\n>player p1 {\"name\":\"hrisko\",\"avatar\":\"102\",\"rating\":1531,\"seed\":\"sodium,03f926666c037084f3890c30856663f4\"}\n>player p2 {\"name\":\"Mischievously\",\"avatar\":\"marshal\",\"rating\":1576,\"seed\":\"sodium,060dc4931b436eafd3ddbad22137bb1e\"}\n>p1 move doubleedge\n>p2 switch 2\n>p1 switch 4\n>p2 move shiftgear\n>p1 move roar\n>p2 move highhorsepower\n>p1 move knockoff\n>p2 move stickyweb\n>p1 move icebeam\n>p2 move bugbuzz\n>p1 move icebeam\n>p2 move bugbuzz\n>p1 switch 3\n>p1 move protect\n>p2 move bugbuzz\n>p1 move aurawheel\n>p2 move bugbuzz\n>p2 switch 6\n>p1 move rapidspin\n>p2 move alluringvoice\n>p1 switch 4\n>p1 move doubleedge\n>p2 switch 4\n>p2 switch 3\n>p1 switch 5\n>p2 move scaleshot\n>p1 move strengthsap\n>p2 switch 4\n>p1 move gigadrain\n>p2 move psyshock\n>p1 move gigadrain\n>p2 move psyshock\n>p1 switch 2\n>p1 move icespinner\n>p2 move psyshock\n>chat \u2606hrisko|ur so trasj\n>forcelose p1", "uploadtime": 1781464183, "views": 22, "formatid": "gen9randombattle", "rating": 1514, "private": 0, "password": null}