{"id": "gen9randombattle-2631483212", "format": "[Gen 9] Random Battle", "players": ["jazenq", "whisperwyrm"], "log": "|j|\u2606jazenq\n|j|\u2606whisperwyrm\n|t:|1781390663\n|gametype|singles\n|player|p1|jazenq|1|2090\n|player|p2|whisperwyrm|266|2142\n|gen|9\n|tier|[Gen 9] Random Battle\n|rated|\n|rule|Species Clause: Limit one of each Pok\u00e9mon\n|rule|HP Percentage Mod: HP is shown in percentages\n|rule|Sleep Clause Mod: Limit one foe put to sleep\n|rule|Illusion Level Mod: Illusion disguises the Pok\u00e9mon's true level\n|\n|t:|1781390663\n|teamsize|p1|6\n|teamsize|p2|6\n|start\n|switch|p1a: Sandaconda|Sandaconda, L84, M|258/258\n|switch|p2a: Delphox|Delphox, L84, F|263/263\n|turn|1\n|inactive|Battle timer is ON: inactive players will automatically lose when time's up. (requested by whisperwyrm)\n|\n|t:|1781390692\n|switch|p2a: Breloom|Breloom, L83, M|235/235\n|move|p1a: Sandaconda|Glare|p2a: Breloom\n|-status|p2a: Breloom|par\n|\n|upkeep\n|turn|2\n|\n|t:|1781390717\n|switch|p1a: Heracross|Heracross, L80, M|259/259\n|move|p2a: Breloom|Spore|p1a: Heracross\n|-status|p1a: Heracross|slp|[from] move: Spore\n|\n|upkeep\n|turn|3\n|\n|t:|1781390729\n|switch|p2a: Delphox|Delphox, L84, F|263/263\n|cant|p1a: Heracross|slp\n|\n|upkeep\n|turn|4\n|\n|t:|1781390747\n|switch|p1a: Palafin|Palafin, L77, F|281/281\n|move|p2a: Delphox|Nasty Plot|p2a: Delphox\n|-boost|p2a: Delphox|spa|2\n|\n|upkeep\n|turn|5\n|\n|t:|1781390766\n|detailschange|p1a: Palafin|Palafin-Hero, L77, F\n|switch|p1a: Sandaconda|Sandaconda, L84, M|258/258\n|move|p2a: Delphox|Grass Knot|p1a: Sandaconda\n|-supereffective|p1a: Sandaconda\n|-damage|p1a: Sandaconda|0 fnt\n|faint|p1a: Sandaconda\n|\n|upkeep\n|\n|t:|1781390772\n|switch|p1a: Smeargle|Smeargle, L95, M|258/258\n|turn|6\n|\n|t:|1781390778\n|move|p2a: Delphox|Psyshock|p1a: Smeargle\n|-enditem|p1a: Smeargle|Focus Sash\n|-damage|p1a: Smeargle|1/258\n|move|p1a: Smeargle|Spore|p2a: Delphox\n|-status|p2a: Delphox|slp|[from] move: Spore\n|\n|upkeep\n|turn|7\n|\n|t:|1781390786\n|cant|p2a: Delphox|slp\n|move|p1a: Smeargle|Sticky Web|p2a: Delphox\n|-sidestart|p2: whisperwyrm|move: Sticky Web\n|\n|upkeep\n|turn|8\n|\n|t:|1781390793\n|cant|p2a: Delphox|slp\n|move|p1a: Smeargle|Ceaseless Edge|p2a: Delphox\n|-supereffective|p2a: Delphox\n|-damage|p2a: Delphox|209/263 slp\n|-sidestart|p2: whisperwyrm|Spikes\n|\n|upkeep\n|turn|9\n|\n|t:|1781390800\n|cant|p2a: Delphox|slp\n|move|p1a: Smeargle|Sticky Web||[still]\n|-fail|p1a: Smeargle\n|\n|upkeep\n|turn|10\n|\n|t:|1781390803\n|-curestatus|p2a: Delphox|slp|[msg]\n|move|p2a: Delphox|Psyshock|p1a: Smeargle\n|-damage|p1a: Smeargle|0 fnt\n|faint|p1a: Smeargle\n|\n|upkeep\n|\n|t:|1781390806\n|switch|p1a: Palafin|Palafin-Hero, L77, F|281/281\n|-activate|p1a: Palafin|ability: Zero to Hero\n|turn|11\n|\n|t:|1781390813\n|-terastallize|p1a: Palafin|Fighting\n|move|p2a: Delphox|Grass Knot|p1a: Palafin\n|-damage|p1a: Palafin|145/281\n|move|p1a: Palafin|Close Combat|p2a: Delphox\n|-resisted|p2a: Delphox\n|-damage|p2a: Delphox|70/263\n|-unboost|p1a: Palafin|def|1\n|-unboost|p1a: Palafin|spd|1\n|\n|upkeep\n|turn|12\n|\n|t:|1781390820\n|switch|p1a: Heracross|Heracross, L80, M|259/259 slp\n|move|p2a: Delphox|Psyshock|p1a: Heracross\n|-supereffective|p1a: Heracross\n|-damage|p1a: Heracross|0 fnt\n|faint|p1a: Heracross\n|\n|upkeep\n|\n|t:|1781390822\n|switch|p1a: Palafin|Palafin-Hero, L77, F, tera:Fighting|145/281\n|turn|13\n|\n|t:|1781390824\n|move|p1a: Palafin|Jet Punch|p2a: Delphox\n|-supereffective|p2a: Delphox\n|-damage|p2a: Delphox|0 fnt\n|faint|p2a: Delphox\n|\n|upkeep\n|\n|t:|1781390834\n|switch|p2a: Breloom|Breloom, L83, M|235/235 par\n|-activate|p2a: Breloom|move: Sticky Web\n|-unboost|p2a: Breloom|spe|1\n|-damage|p2a: Breloom|206/235 par|[from] Spikes\n|turn|14\n|\n|t:|1781390839\n|move|p1a: Palafin|Jet Punch|p2a: Breloom\n|-resisted|p2a: Breloom\n|-crit|p2a: Breloom\n|-damage|p2a: Breloom|106/235 par\n|move|p2a: Breloom|Bullet Seed|p1a: Palafin\n|-damage|p1a: Palafin|77/281\n|-damage|p1a: Palafin|7/281\n|-damage|p1a: Palafin|0 fnt\n|faint|p1a: Palafin\n|-hitcount|p1: Palafin|3\n|-damage|p2a: Breloom|83/235 par|[from] item: Life Orb\n|\n|upkeep\n|\n|t:|1781390843\n|switch|p1a: Gardevoir|Gardevoir, L83, M|249/249\n|-ability|p1a: Gardevoir|Technician|Trace|[from] ability: Trace|[of] p2a: Breloom\n|turn|15\n|\n|t:|1781390849\n|move|p1a: Gardevoir|Moonblast|p2a: Breloom\n|-supereffective|p2a: Breloom\n|-damage|p2a: Breloom|0 fnt\n|faint|p2a: Breloom\n|-damage|p1a: Gardevoir|225/249|[from] item: Life Orb\n|\n|upkeep\n|\n|t:|1781390853\n|switch|p2a: Arceus|Arceus-Poison, L70|284/284\n|-activate|p2a: Arceus|move: Sticky Web\n|-unboost|p2a: Arceus|spe|1\n|-damage|p2a: Arceus|249/284|[from] Spikes\n|turn|16\n|\n|t:|1781390859\n|-terastallize|p2a: Arceus|Ground\n|move|p1a: Gardevoir|Psychic|p2a: Arceus\n|-damage|p2a: Arceus|97/284\n|-damage|p1a: Gardevoir|201/249|[from] item: Life Orb\n|move|p2a: Arceus|Dragon Dance|p2a: Arceus\n|-boost|p2a: Arceus|atk|1\n|-boost|p2a: Arceus|spe|1\n|\n|upkeep\n|turn|17\n|\n|t:|1781390866\n|move|p2a: Arceus|Earthquake|p1a: Gardevoir\n|-damage|p1a: Gardevoir|47/249\n|move|p1a: Gardevoir|Moonblast|p2a: Arceus\n|-crit|p2a: Arceus\n|-damage|p2a: Arceus|0 fnt\n|faint|p2a: Arceus\n|-damage|p1a: Gardevoir|23/249|[from] item: Life Orb\n|\n|upkeep\n|\n|t:|1781390870\n|switch|p2a: Iron Hands|Iron Hands, L79|373/373\n|-activate|p2a: Iron Hands|move: Sticky Web\n|-unboost|p2a: Iron Hands|spe|1\n|-damage|p2a: Iron Hands|327/373|[from] Spikes\n|turn|18\n|\n|t:|1781390874\n|move|p2a: Iron Hands|Fake Out|p1a: Gardevoir\n|-damage|p1a: Gardevoir|0 fnt\n|faint|p1a: Gardevoir\n|\n|upkeep\n|\n|t:|1781390876\n|switch|p1a: Quagsire|Quagsire, L84, F|297/297\n|turn|19\n|\n|t:|1781390879\n|move|p1a: Quagsire|Toxic|p2a: Iron Hands\n|-status|p2a: Iron Hands|tox\n|move|p2a: Iron Hands|Close Combat|p1a: Quagsire\n|-damage|p1a: Quagsire|138/297\n|-unboost|p2a: Iron Hands|def|1\n|-unboost|p2a: Iron Hands|spd|1\n|\n|-heal|p1a: Quagsire|156/297|[from] item: Leftovers\n|-damage|p2a: Iron Hands|304/373 tox|[from] psn\n|upkeep\n|turn|20\n|\n|t:|1781390883\n|move|p1a: Quagsire|Recover|p1a: Quagsire\n|-heal|p1a: Quagsire|297/297\n|move|p2a: Iron Hands|Close Combat|p1a: Quagsire\n|-damage|p1a: Quagsire|135/297\n|-unboost|p2a: Iron Hands|def|1\n|-unboost|p2a: Iron Hands|spd|1\n|\n|-heal|p1a: Quagsire|153/297|[from] item: Leftovers\n|-damage|p2a: Iron Hands|258/373 tox|[from] psn\n|upkeep\n|turn|21\n|\n|t:|1781390889\n|-end|p2a: Iron Hands|Quark Drive|[silent]\n|switch|p2a: Flygon|Flygon, L82, F|265/265\n|move|p1a: Quagsire|Recover|p1a: Quagsire\n|-heal|p1a: Quagsire|297/297\n|\n|upkeep\n|turn|22\n|\n|t:|1781390893\n|move|p2a: Flygon|U-turn|p1a: Quagsire\n|-damage|p1a: Quagsire|247/297\n|\n|t:|1781390895\n|switch|p2a: Ogerpon|Ogerpon-Cornerstone, L76, F|247/247|[from] U-turn\n|-activate|p2a: Ogerpon|move: Sticky Web\n|-unboost|p2a: Ogerpon|spe|1\n|-damage|p2a: Ogerpon|217/247|[from] Spikes\n|move|p1a: Quagsire|Ice Beam|p2a: Ogerpon\n|-supereffective|p2a: Ogerpon\n|-damage|p2a: Ogerpon|117/247\n|\n|-heal|p1a: Quagsire|265/297|[from] item: Leftovers\n|upkeep\n|turn|23\n|\n|t:|1781390906\n|move|p2a: Ogerpon|Power Whip|p1a: Quagsire\n|-supereffective|p1a: Quagsire\n|-damage|p1a: Quagsire|0 fnt\n|faint|p1a: Quagsire\n|\n|win|whisperwyrm\n", "uploadtime": 1781390667, "views": 3, "formatid": "gen9randombattle", "rating": null, "private": 0, "password": null}