{"id": "gen9randombattle-2631510143", "format": "[Gen 9] Random Battle", "players": ["hddhgdydhdhdd", "guzero"], "log": "|j|\u2606hddhgdydhdhdd\n|j|\u2606guzero\n|t:|1781394364\n|gametype|singles\n|player|p1|hddhgdydhdhdd|265|1177\n|player|p2|guzero|2|1212\n|gen|9\n|tier|[Gen 9] Random Battle\n|rated|\n|rule|Species Clause: Limit one of each Pok\u00e9mon\n|rule|HP Percentage Mod: HP is shown in percentages\n|rule|Sleep Clause Mod: Limit one foe put to sleep\n|rule|Illusion Level Mod: Illusion disguises the Pok\u00e9mon's true level\n|\n|t:|1781394364\n|teamsize|p1|6\n|teamsize|p2|6\n|start\n|switch|p1a: Ditto|Ditto, L87|225/225\n|switch|p2a: Oricorio|Oricorio-Pom-Pom, L82, F|257/257\n|-transform|p1a: Ditto|p2a: Oricorio|[from] ability: Imposter\n|turn|1\n|\n|t:|1781394372\n|move|p1a: Ditto|Revelation Dance|p2a: Oricorio\n|-damage|p2a: Oricorio|139/257\n|-activate|p2a: Oricorio|ability: Dancer\n|move|p2a: Oricorio|Revelation Dance|p1a: Ditto|[from] ability: Dancer\n|-damage|p1a: Ditto|113/225\n|move|p2a: Oricorio|Quiver Dance|p2a: Oricorio\n|-boost|p2a: Oricorio|spa|1\n|-boost|p2a: Oricorio|spd|1\n|-boost|p2a: Oricorio|spe|1\n|-activate|p1a: Ditto|ability: Dancer\n|move|p1a: Ditto|Quiver Dance||[still]\n|-fail|p1a: Ditto\n|\n|upkeep\n|turn|2\n|\n|t:|1781394390\n|switch|p1a: Oinkologne|Oinkologne-F, L92, F|361/361\n|move|p2a: Oricorio|Revelation Dance|p1a: Oinkologne\n|-damage|p1a: Oinkologne|235/361\n|\n|-heal|p1a: Oinkologne|257/361|[from] item: Leftovers\n|upkeep\n|turn|3\n|\n|t:|1781394406\n|move|p2a: Oricorio|Hurricane|p1a: Oinkologne\n|-damage|p1a: Oinkologne|106/361\n|-start|p1a: Oinkologne|confusion\n|-activate|p1a: Oinkologne|confusion\n|move|p1a: Oinkologne|Body Slam|p2a: Oricorio\n|-crit|p2a: Oricorio\n|-damage|p2a: Oricorio|0 fnt\n|faint|p2a: Oricorio\n|\n|-heal|p1a: Oinkologne|128/361|[from] item: Leftovers\n|upkeep\n|\n|t:|1781394423\n|switch|p2a: Orthworm|Orthworm, L88, F|266/266\n|turn|4\n|\n|t:|1781394430\n|switch|p1a: Moltres|Moltres, L81|278/278\n|move|p2a: Orthworm|Stealth Rock|p1a: Moltres\n|-sidestart|p1: hddhgdydhdhdd|move: Stealth Rock\n|\n|upkeep\n|turn|5\n|\n|t:|1781394441\n|move|p1a: Moltres|Will-O-Wisp|p2a: Orthworm\n|-status|p2a: Orthworm|brn\n|move|p2a: Orthworm|Spikes|p1a: Moltres\n|-sidestart|p1: hddhgdydhdhdd|Spikes\n|\n|-damage|p2a: Orthworm|250/266 brn|[from] brn\n|upkeep\n|turn|6\n|\n|t:|1781394450\n|switch|p2a: Golduck|Golduck, L90, F|290/290\n|-ability|p2a: Golduck|Cloud Nine\n|move|p1a: Moltres|Fire Blast|p2a: Golduck\n|-resisted|p2a: Golduck\n|-damage|p2a: Golduck|227/290\n|\n|-heal|p2a: Golduck|245/290|[from] item: Leftovers\n|upkeep\n|turn|7\n|\n|t:|1781394480\n|switch|p1a: Grimmsnarl|Grimmsnarl, L83, M|293/293\n|-damage|p1a: Grimmsnarl|257/293|[from] Stealth Rock\n|-damage|p1a: Grimmsnarl|221/293|[from] Spikes\n|move|p2a: Golduck|Hydro Pump|p1a: Grimmsnarl\n|-damage|p1a: Grimmsnarl|76/293\n|\n|-heal|p2a: Golduck|263/290|[from] item: Leftovers\n|-heal|p1a: Grimmsnarl|94/293|[from] item: Leftovers\n|upkeep\n|turn|8\n|\n|t:|1781394491\n|move|p1a: Grimmsnarl|Thunder Wave|p2a: Golduck\n|-status|p2a: Golduck|par\n|move|p2a: Golduck|Hydro Pump|p1a: Grimmsnarl\n|-damage|p1a: Grimmsnarl|0 fnt\n|faint|p1a: Grimmsnarl\n|\n|-heal|p2a: Golduck|281/290 par|[from] item: Leftovers\n|upkeep\n|\n|t:|1781394494\n|switch|p1a: Oinkologne|Oinkologne-F, L92, F|128/361\n|-damage|p1a: Oinkologne|83/361|[from] Stealth Rock\n|-damage|p1a: Oinkologne|38/361|[from] Spikes\n|turn|9\n|\n|t:|1781394503\n|move|p1a: Oinkologne|Rest|p1a: Oinkologne\n|-status|p1a: Oinkologne|slp|[from] move: Rest\n|-heal|p1a: Oinkologne|361/361 slp|[silent]\n|move|p2a: Golduck|Hydro Pump|p1a: Oinkologne\n|-damage|p1a: Oinkologne|250/361 slp\n|\n|-heal|p1a: Oinkologne|272/361 slp|[from] item: Leftovers\n|-heal|p2a: Golduck|290/290 par|[from] item: Leftovers\n|upkeep\n|turn|10\n|\n|t:|1781394514\n|cant|p1a: Oinkologne|slp\n|move|p1a: Oinkologne|Sleep Talk|p1a: Oinkologne\n|move|p1a: Oinkologne|Rest||[from] move: Sleep Talk|[still]\n|-fail|p1a: Oinkologne\n|move|p2a: Golduck|Nasty Plot|p2a: Golduck\n|-boost|p2a: Golduck|spa|2\n|\n|-heal|p1a: Oinkologne|294/361 slp|[from] item: Leftovers\n|upkeep\n|turn|11\n|\n|t:|1781394524\n|cant|p1a: Oinkologne|slp\n|move|p1a: Oinkologne|Sleep Talk|p1a: Oinkologne\n|move|p1a: Oinkologne|Curse|p1a: Oinkologne|[from] move: Sleep Talk\n|-unboost|p1a: Oinkologne|spe|1\n|-boost|p1a: Oinkologne|atk|1\n|-boost|p1a: Oinkologne|def|1\n|move|p2a: Golduck|Nasty Plot|p2a: Golduck\n|-boost|p2a: Golduck|spa|2\n|\n|-heal|p1a: Oinkologne|316/361 slp|[from] item: Leftovers\n|upkeep\n|turn|12\n|\n|t:|1781394536\n|-curestatus|p1a: Oinkologne|slp|[msg]\n|move|p1a: Oinkologne|Body Slam|p2a: Golduck\n|-damage|p2a: Golduck|122/290 par\n|move|p2a: Golduck|Hydro Pump|p1a: Oinkologne\n|-damage|p1a: Oinkologne|0 fnt\n|faint|p1a: Oinkologne\n|\n|-heal|p2a: Golduck|140/290 par|[from] item: Leftovers\n|upkeep\n|\n|t:|1781394540\n|switch|p1a: Ditto|Ditto, L87|113/225\n|-damage|p1a: Ditto|85/225|[from] Stealth Rock\n|-damage|p1a: Ditto|57/225|[from] Spikes\n|-transform|p1a: Ditto|p2a: Golduck|[from] ability: Imposter\n|turn|13\n|\n|t:|1781394561\n|move|p1a: Ditto|Hydro Pump|p2a: Golduck\n|-resisted|p2a: Golduck\n|-damage|p2a: Golduck|0 fnt\n|faint|p2a: Golduck\n|\n|upkeep\n|\n|t:|1781394569\n|switch|p2a: Basculin|Basculin, L86, F|261/261\n|turn|14\n|\n|t:|1781394588\n|move|p1a: Ditto|Hydro Pump|p2a: Basculin\n|-resisted|p2a: Basculin\n|-damage|p2a: Basculin|13/261\n|move|p2a: Basculin|Double-Edge|p1a: Ditto\n|-damage|p1a: Ditto|0 fnt\n|faint|p1a: Ditto\n|-damage|p2a: Basculin|0 fnt|[from] Recoil\n|faint|p2a: Basculin\n|\n|upkeep\n|\n|t:|1781394600\n|switch|p2a: Muk|Muk, L86, F|321/321\n|switch|p1a: Falinks|Falinks, L84|246/246\n|-damage|p1a: Falinks|231/246|[from] Stealth Rock\n|-damage|p1a: Falinks|201/246|[from] Spikes\n|turn|15\n|\n|t:|1781394610\n|-terastallize|p1a: Falinks|Steel\n|move|p1a: Falinks|No Retreat|p1a: Falinks\n|-boost|p1a: Falinks|atk|1\n|-boost|p1a: Falinks|def|1\n|-boost|p1a: Falinks|spa|1\n|-boost|p1a: Falinks|spd|1\n|-boost|p1a: Falinks|spe|1\n|-start|p1a: Falinks|move: No Retreat\n|move|p2a: Muk|Gunk Shot|p1a: Falinks\n|-immune|p1a: Falinks\n|\n|upkeep\n|turn|16\n|\n|t:|1781394624\n|move|p1a: Falinks|Iron Head|p2a: Muk\n|-damage|p2a: Muk|125/321\n|-damage|p1a: Falinks|177/246|[from] item: Life Orb\n|move|p2a: Muk|Drain Punch|p1a: Falinks\n|-supereffective|p1a: Falinks\n|-damage|p1a: Falinks|103/246\n|-heal|p2a: Muk|162/321|[from] drain|[of] p1a: Falinks\n|\n|upkeep\n|turn|17\n|\n|t:|1781394632\n|move|p1a: Falinks|Iron Head|p2a: Muk\n|-damage|p2a: Muk|0 fnt\n|faint|p2a: Muk\n|-damage|p1a: Falinks|79/246|[from] item: Life Orb\n|\n|upkeep\n|\n|t:|1781394641\n|switch|p2a: Orthworm|Orthworm, L88, F|250/266 brn\n|turn|18\n|\n|t:|1781394650\n|move|p1a: Falinks|Close Combat|p2a: Orthworm\n|-supereffective|p2a: Orthworm\n|-damage|p2a: Orthworm|0 fnt\n|-unboost|p1a: Falinks|def|1\n|-unboost|p1a: Falinks|spd|1\n|faint|p2a: Orthworm\n|-damage|p1a: Falinks|55/246|[from] item: Life Orb\n|\n|upkeep\n|\n|t:|1781394659\n|switch|p2a: Komala|Komala, L88, M|258/258\n|-ability|p2a: Komala|Comatose\n|turn|19\n|\n|t:|1781394667\n|move|p1a: Falinks|Close Combat|p2a: Komala\n|-supereffective|p2a: Komala\n|-damage|p2a: Komala|0 fnt\n|-unboost|p1a: Falinks|def|1\n|-unboost|p1a: Falinks|spd|1\n|faint|p2a: Komala\n|-damage|p1a: Falinks|31/246|[from] item: Life Orb\n|\n|win|hddhgdydhdhdd\n|raw|hddhgdydhdhdd's rating: 1177 &rarr; <strong>1205</strong><br />(+28 for winning)\n|raw|guzero's rating: 1212 &rarr; <strong>1184</strong><br />(-28 for losing)\n", "inputlog": ">version a8376a258c1d4662feba110a92103f3664a72141\n>start {\"formatid\":\"gen9randombattle\",\"seed\":\"sodium,e99e2ed2b028b205e9e4a41429e1f66a\",\"rated\":\"Rated battle\"}\n>player p1 {\"name\":\"hddhgdydhdhdd\",\"avatar\":\"265\",\"rating\":1177,\"seed\":\"sodium,3ab090b7c6736b0ae480855121f96c77\"}\n>player p2 {\"name\":\"guzero\",\"avatar\":\"2\",\"rating\":1212,\"seed\":\"sodium,4d31900a8a8cc84040d0a1d4322661c6\"}\n>p1 move revelationdance\n>p2 move quiverdance\n>p1 switch 2\n>p2 move revelationdance\n>p1 move bodyslam\n>p2 move hurricane\n>p2 switch 5\n>p1 switch 3\n>p2 move stealthrock\n>p1 move willowisp\n>p2 move spikes\n>p1 move fireblast\n>p2 switch 2\n>p1 switch 4\n>p2 move hydropump\n>p1 move thunderwave\n>p2 move hydropump\n>p1 switch 3\n>p1 move rest\n>p2 move hydropump\n>p1 move sleeptalk\n>p2 move nastyplot\n>p1 move sleeptalk\n>p2 move nastyplot\n>p1 move bodyslam\n>p2 move hydropump\n>p1 switch 2\n>p1 move hydropump\n>p2 move grassknot\n>p2 switch 6\n>p1 move hydropump\n>p2 move doubleedge\n>p1 switch 5\n>p2 switch 4\n>p1 move noretreat terastallize\n>p2 move gunkshot\n>p1 move ironhead\n>p2 move drainpunch\n>p1 move ironhead\n>p2 move drainpunch\n>p2 switch 2\n>p1 move closecombat\n>p2 move bodypress\n>p2 switch 3\n>p1 move closecombat\n>p2 move earthquake", "uploadtime": 1781394669, "views": 3, "formatid": "gen9randombattle", "rating": 1184, "private": 0, "password": null}