{"id": "gen9randombattle-2631684746", "format": "[Gen 9] Random Battle", "players": ["btheflyingxbox", "dumbidiotgirl"], "log": "|j|\u2606btheflyingxbox\n|j|\u2606dumbidiotgirl\n|t:|1781421349\n|gametype|singles\n|player|p1|btheflyingxbox|hilbert|1321\n|player|p2|dumbidiotgirl|wicke|1285\n|gen|9\n|tier|[Gen 9] Random Battle\n|rated|\n|rule|Species Clause: Limit one of each Pok\u00e9mon\n|rule|HP Percentage Mod: HP is shown in percentages\n|rule|Sleep Clause Mod: Limit one foe put to sleep\n|rule|Illusion Level Mod: Illusion disguises the Pok\u00e9mon's true level\n|\n|t:|1781421349\n|teamsize|p1|6\n|teamsize|p2|6\n|start\n|switch|p1a: Ho-Oh|Ho-Oh, L71|268/268\n|switch|p2a: Politoed|Politoed, L88, M|302/302\n|-weather|RainDance|[from] ability: Drizzle|[of] p2a: Politoed\n|turn|1\n|\n|t:|1781421364\n|switch|p1a: Inteleon|Inteleon, L81, F|246/246\n|-terastallize|p2a: Politoed|Water\n|move|p2a: Politoed|Weather Ball|p1a: Inteleon\n|-resisted|p1a: Inteleon\n|-damage|p1a: Inteleon|36/246\n|\n|-weather|RainDance|[upkeep]\n|upkeep\n|turn|2\n|\n|t:|1781421379\n|switch|p2a: Tatsugiri|Tatsugiri, L87, F|260/260\n|move|p1a: Inteleon|Hydro Pump|p2a: Tatsugiri\n|-ability|p2a: Tatsugiri|Storm Drain|boost\n|-boost|p2a: Tatsugiri|spa|1\n|\n|-weather|RainDance|[upkeep]\n|upkeep\n|turn|3\n|\n|t:|1781421391\n|switch|p1a: Piloswine|Piloswine, L85, M|309/309\n|move|p2a: Tatsugiri|Rapid Spin|p1a: Piloswine\n|-damage|p1a: Piloswine|293/309\n|-boost|p2a: Tatsugiri|spe|1\n|\n|-weather|RainDance|[upkeep]\n|upkeep\n|turn|4\n|\n|t:|1781421399\n|move|p2a: Tatsugiri|Surf|p1a: Piloswine\n|-supereffective|p1a: Piloswine\n|-damage|p1a: Piloswine|0 fnt\n|faint|p1a: Piloswine\n|\n|-weather|RainDance|[upkeep]\n|upkeep\n|\n|t:|1781421412\n|switch|p1a: Conkeldurr|Conkeldurr, L80, F|299/299\n|turn|5\n|\n|t:|1781421418\n|move|p2a: Tatsugiri|Surf|p1a: Conkeldurr\n|-damage|p1a: Conkeldurr|0 fnt\n|faint|p1a: Conkeldurr\n|\n|-weather|none\n|upkeep\n|\n|t:|1781421423\n|switch|p1a: Cobalion|Cobalion, L80|277/277\n|turn|6\n|\n|t:|1781421429\n|move|p2a: Tatsugiri|Surf|p1a: Cobalion\n|-damage|p1a: Cobalion|69/277\n|move|p1a: Cobalion|Body Press|p2a: Tatsugiri\n|-damage|p2a: Tatsugiri|128/260\n|\n|-heal|p1a: Cobalion|86/277|[from] item: Leftovers\n|upkeep\n|turn|7\n|\n|t:|1781421436\n|move|p2a: Tatsugiri|Surf|p1a: Cobalion\n|-damage|p1a: Cobalion|0 fnt\n|faint|p1a: Cobalion\n|\n|upkeep\n|\n|t:|1781421443\n|switch|p1a: Probopass|Probopass, L91, F|257/257\n|turn|8\n|\n|t:|1781421452\n|move|p2a: Tatsugiri|Surf|p1a: Probopass\n|-supereffective|p1a: Probopass\n|-damage|p1a: Probopass|33/257\n|move|p1a: Probopass|Body Press|p2a: Tatsugiri\n|-crit|p2a: Tatsugiri\n|-damage|p2a: Tatsugiri|0 fnt\n|faint|p2a: Tatsugiri\n|\n|-heal|p1a: Probopass|49/257|[from] item: Leftovers\n|upkeep\n|\n|t:|1781421457\n|switch|p2a: Politoed|Politoed, L88, M, tera:Water|302/302\n|-weather|RainDance|[from] ability: Drizzle|[of] p2a: Politoed\n|turn|9\n|\n|t:|1781421465\n|move|p2a: Politoed|Weather Ball|p1a: Probopass\n|-supereffective|p1a: Probopass\n|-damage|p1a: Probopass|0 fnt\n|faint|p1a: Probopass\n|\n|-weather|RainDance|[upkeep]\n|upkeep\n|\n|t:|1781421471\n|switch|p1a: Ho-Oh|Ho-Oh, L71|268/268\n|turn|10\n|\n|t:|1781421480\n|-terastallize|p1a: Ho-Oh|Steel\n|move|p2a: Politoed|Weather Ball|p1a: Ho-Oh\n|-damage|p1a: Ho-Oh|6/268\n|move|p1a: Ho-Oh|Brave Bird|p2a: Politoed\n|-damage|p2a: Politoed|181/302\n|-damage|p1a: Ho-Oh|0 fnt|[from] Recoil\n|faint|p1a: Ho-Oh\n|\n|-weather|RainDance|[upkeep]\n|upkeep\n|\n|t:|1781421489\n|switch|p1a: Inteleon|Inteleon, L81, F|36/246\n|turn|11\n|\n|t:|1781421497\n|move|p1a: Inteleon|U-turn|p2a: Politoed\n|-damage|p2a: Politoed|135/302\n|move|p2a: Politoed|Weather Ball|p1a: Inteleon\n|-resisted|p1a: Inteleon\n|-damage|p1a: Inteleon|0 fnt\n|faint|p1a: Inteleon\n|\n|win|dumbidiotgirl\n|raw|btheflyingxbox's rating: 1321 &rarr; <strong>1299</strong><br />(-22 for losing)\n|raw|dumbidiotgirl's rating: 1285 &rarr; <strong>1313</strong><br />(+28 for winning)\n", "inputlog": ">version a8376a258c1d4662feba110a92103f3664a72141\n>start {\"formatid\":\"gen9randombattle\",\"seed\":\"sodium,045ef9d18e2a6851cbe8a50e5a30ab49\",\"rated\":\"Rated battle\"}\n>player p1 {\"name\":\"btheflyingxbox\",\"avatar\":\"hilbert\",\"rating\":1321,\"seed\":\"sodium,c8443570b0cf39a96646149be1779eb8\"}\n>player p2 {\"name\":\"dumbidiotgirl\",\"avatar\":\"wicke\",\"rating\":1285,\"seed\":\"sodium,eb670882606369a8c8a113f976b17514\"}\n>p1 switch 6\n>p2 move weatherball terastallize\n>p1 move hydropump\n>p2 switch 3\n>p1 switch 5\n>p2 move rapidspin\n>p1 move roar\n>p2 move surf\n>p1 switch 4\n>p1 move knockoff\n>p2 move surf\n>p1 switch 2\n>p1 move bodypress\n>p2 move surf\n>p1 move voltswitch\n>p2 move surf\n>p1 switch 3\n>p1 move bodypress\n>p2 move surf\n>p2 switch 3\n>p1 move bodypress\n>p2 move weatherball\n>p1 switch 6\n>p1 move bravebird terastallize\n>p2 move weatherball\n>p1 switch 5\n>p1 move uturn\n>p2 move weatherball", "uploadtime": 1781421501, "views": 3, "formatid": "gen9randombattle", "rating": 1299, "private": 0, "password": null}