{"id": "gen9randombattle-2632003875", "format": "[Gen 9] Random Battle", "players": ["Insectjoy", "Aurrem173"], "log": "|j|\u2606Insectjoy\n|j|\u2606Aurrem173\n|t:|1781464912\n|gametype|singles\n|player|p1|Insectjoy|2|2120\n|player|p2|Aurrem173|veteranf|2053\n|gen|9\n|tier|[Gen 9] Random Battle\n|rated|\n|rule|Species Clause: Limit one of each Pok\u00e9mon\n|rule|HP Percentage Mod: HP is shown in percentages\n|rule|Sleep Clause Mod: Limit one foe put to sleep\n|rule|Illusion Level Mod: Illusion disguises the Pok\u00e9mon's true level\n|\n|t:|1781464912\n|teamsize|p1|6\n|teamsize|p2|6\n|start\n|switch|p1a: Rhydon|Rhydon, L85, F|317/317\n|switch|p2a: Incineroar|Incineroar, L82, M|290/290\n|-ability|p2a: Incineroar|Intimidate|boost\n|-unboost|p1a: Rhydon|atk|1\n|turn|1\n|inactive|Battle timer is ON: inactive players will automatically lose when time's up. (requested by Aurrem173)\n|c|\u2606Insectjoy|Glhf\n|c|\u2606Aurrem173|U 2\n|\n|t:|1781464926\n|move|p2a: Incineroar|U-turn|p1a: Rhydon\n|-damage|p1a: Rhydon|288/317\n|\n|t:|1781464931\n|switch|p2a: Wo-Chien|Wo-Chien, L83|277/277|[from] U-turn\n|-ability|p2a: Wo-Chien|Tablets of Ruin\n|move|p1a: Rhydon|Stealth Rock|p2a: Wo-Chien\n|-sidestart|p2: Aurrem173|move: Stealth Rock\n|\n|upkeep\n|turn|2\n|\n|t:|1781464958\n|switch|p1a: Okidogi|Okidogi, L77, M|262/262\n|move|p2a: Wo-Chien|Knock Off|p1a: Okidogi\n|-resisted|p1a: Okidogi\n|-damage|p1a: Okidogi|220/262\n|-enditem|p1a: Okidogi|Leftovers|[from] move: Knock Off|[of] p2a: Wo-Chien\n|\n|upkeep\n|turn|3\n|\n|t:|1781464966\n|switch|p2a: Clodsire|Clodsire, L81, M|343/343\n|-damage|p2a: Clodsire|322/343|[from] Stealth Rock\n|move|p1a: Okidogi|Knock Off|p2a: Clodsire\n|-damage|p2a: Clodsire|222/343\n|-enditem|p2a: Clodsire|Leftovers|[from] move: Knock Off|[of] p1a: Okidogi\n|\n|upkeep\n|turn|4\n|\n|t:|1781464978\n|switch|p1a: Mudsdale|Mudsdale, L83, M|302/302\n|move|p2a: Clodsire|Stealth Rock|p1a: Mudsdale\n|-sidestart|p1: Insectjoy|move: Stealth Rock\n|\n|upkeep\n|turn|5\n|\n|t:|1781464987\n|switch|p2a: Wo-Chien|Wo-Chien, L83|277/277\n|-damage|p2a: Wo-Chien|243/277|[from] Stealth Rock\n|-ability|p2a: Wo-Chien|Tablets of Ruin\n|move|p1a: Mudsdale|Heavy Slam|p2a: Wo-Chien\n|-damage|p2a: Wo-Chien|179/277\n|\n|-heal|p2a: Wo-Chien|196/277|[from] item: Leftovers\n|upkeep\n|turn|6\n|\n|t:|1781465000\n|switch|p1a: Okidogi|Okidogi, L77, M|220/262\n|-damage|p1a: Okidogi|204/262|[from] Stealth Rock\n|move|p2a: Wo-Chien|Leech Seed|p1a: Okidogi\n|-start|p1a: Okidogi|move: Leech Seed\n|\n|-heal|p2a: Wo-Chien|213/277|[from] item: Leftovers\n|-damage|p1a: Okidogi|172/262|[from] Leech Seed|[of] p2a: Wo-Chien\n|-heal|p2a: Wo-Chien|245/277|[silent]\n|upkeep\n|turn|7\n|inactive|Insectjoy has 120 seconds left.\n|\n|t:|1781465034\n|switch|p1a: Porygon-Z|Porygon-Z, L83|277/277\n|-damage|p1a: Porygon-Z|243/277|[from] Stealth Rock\n|move|p2a: Wo-Chien|Protect||[still]\n|-fail|p2a: Wo-Chien\n|\n|-heal|p2a: Wo-Chien|262/277|[from] item: Leftovers\n|upkeep\n|turn|8\n|inactive|Insectjoy has 120 seconds left.\n|\n|t:|1781465043\n|move|p1a: Porygon-Z|Nasty Plot|p1a: Porygon-Z\n|-boost|p1a: Porygon-Z|spa|2\n|move|p2a: Wo-Chien|Stun Spore|p1a: Porygon-Z\n|-status|p1a: Porygon-Z|par\n|\n|-heal|p2a: Wo-Chien|277/277|[from] item: Leftovers\n|upkeep\n|turn|9\n|\n|t:|1781465060\n|switch|p2a: Volbeat|Volbeat, L90, M|263/263\n|move|p1a: Porygon-Z|Tera Blast|p2a: Volbeat\n|-damage|p2a: Volbeat|0 fnt\n|faint|p2a: Volbeat\n|-damage|p1a: Porygon-Z|216/277 par|[from] item: Life Orb\n|\n|upkeep\n|\n|t:|1781465062\n|switch|p2a: Florges|Florges-Yellow, L85, F|271/271\n|-damage|p2a: Florges|238/271|[from] Stealth Rock\n|turn|10\n|inactive|Insectjoy has 120 seconds left.\n|\n|t:|1781465086\n|switch|p1a: Okidogi|Okidogi, L77, M|172/262\n|-damage|p1a: Okidogi|156/262|[from] Stealth Rock\n|move|p2a: Florges|Calm Mind|p2a: Florges\n|-boost|p2a: Florges|spa|1\n|-boost|p2a: Florges|spd|1\n|\n|-heal|p2a: Florges|254/271|[from] item: Leftovers\n|upkeep\n|turn|11\n|inactive|Insectjoy has 120 seconds left.\n|inactive|Aurrem173 has 120 seconds left.\n|\n|t:|1781465123\n|move|p2a: Florges|Moonblast|p1a: Okidogi\n|-damage|p1a: Okidogi|0 fnt\n|faint|p1a: Okidogi\n|\n|-heal|p2a: Florges|270/271|[from] item: Leftovers\n|upkeep\n|inactive|Insectjoy has 120 seconds left.\n|\n|t:|1781465132\n|switch|p1a: Mudsdale|Mudsdale, L83, M|302/302\n|-damage|p1a: Mudsdale|284/302|[from] Stealth Rock\n|turn|12\n|inactive|Insectjoy has 120 seconds left.\n|\n|t:|1781465151\n|switch|p2a: Wo-Chien|Wo-Chien, L83|277/277\n|-damage|p2a: Wo-Chien|243/277|[from] Stealth Rock\n|-ability|p2a: Wo-Chien|Tablets of Ruin\n|-terastallize|p1a: Mudsdale|Steel\n|move|p1a: Mudsdale|Heavy Slam|p2a: Wo-Chien\n|-damage|p2a: Wo-Chien|129/277\n|\n|-heal|p2a: Wo-Chien|146/277|[from] item: Leftovers\n|-heal|p1a: Mudsdale|302/302|[from] item: Leftovers\n|upkeep\n|turn|13\n|inactive|Insectjoy has 120 seconds left.\n|inactive|Aurrem173 has 120 seconds left.\n|\n|t:|1781465168\n|move|p2a: Wo-Chien|Leech Seed|p1a: Mudsdale|[miss]\n|-miss|p2a: Wo-Chien|p1a: Mudsdale\n|move|p1a: Mudsdale|Heavy Slam|p2a: Wo-Chien\n|-damage|p2a: Wo-Chien|37/277\n|\n|-heal|p2a: Wo-Chien|54/277|[from] item: Leftovers\n|upkeep\n|turn|14\n|\n|t:|1781465177\n|move|p2a: Wo-Chien|Leech Seed|p1a: Mudsdale|[miss]\n|-miss|p2a: Wo-Chien|p1a: Mudsdale\n|move|p1a: Mudsdale|Heavy Slam|p2a: Wo-Chien\n|-damage|p2a: Wo-Chien|0 fnt\n|faint|p2a: Wo-Chien\n|\n|upkeep\n|inactive|Aurrem173 has 120 seconds left.\n|\n|t:|1781465194\n|switch|p2a: Incineroar|Incineroar, L82, M|290/290\n|-damage|p2a: Incineroar|218/290|[from] Stealth Rock\n|-ability|p2a: Incineroar|Intimidate|boost\n|-unboost|p1a: Mudsdale|atk|1\n|turn|15\n|inactive|Aurrem173 has 120 seconds left.\n|\n|t:|1781465202\n|switch|p1a: Rhydon|Rhydon, L85, F|288/317\n|-damage|p1a: Rhydon|269/317|[from] Stealth Rock\n|move|p2a: Incineroar|Overheat|p1a: Rhydon\n|-resisted|p1a: Rhydon\n|-damage|p1a: Rhydon|215/317\n|-unboost|p2a: Incineroar|spa|2\n|\n|upkeep\n|turn|16\n|\n|t:|1781465214\n|move|p2a: Incineroar|Knock Off|p1a: Rhydon\n|-damage|p1a: Rhydon|161/317\n|-enditem|p1a: Rhydon|Eviolite|[from] move: Knock Off|[of] p2a: Incineroar\n|move|p1a: Rhydon|Earthquake|p2a: Incineroar\n|-supereffective|p2a: Incineroar\n|-damage|p2a: Incineroar|0 fnt\n|faint|p2a: Incineroar\n|\n|upkeep\n|inactive|Aurrem173 has 120 seconds left.\n|\n|t:|1781465238\n|switch|p2a: Glaceon|Glaceon, L94, M|275/275\n|turn|17\n|inactive|Aurrem173 has 120 seconds left.\n|\n|t:|1781465263\n|move|p2a: Glaceon|Freeze-Dry|p1a: Rhydon\n|-supereffective|p1a: Rhydon\n|-damage|p1a: Rhydon|0 fnt\n|faint|p1a: Rhydon\n|\n|upkeep\n|\n|t:|1781465281\n|switch|p1a: Mienshao|Mienshao, L83, M|244/244\n|-damage|p1a: Mienshao|229/244|[from] Stealth Rock\n|turn|18\n|\n|t:|1781465289\n|move|p2a: Glaceon|Protect|p2a: Glaceon\n|-singleturn|p2a: Glaceon|Protect\n|move|p1a: Mienshao|Swords Dance|p1a: Mienshao\n|-boost|p1a: Mienshao|atk|2\n|\n|upkeep\n|turn|19\n|inactive|Aurrem173 has 120 seconds left.\n|\n|t:|1781465295\n|move|p1a: Mienshao|Close Combat|p2a: Glaceon\n|-supereffective|p2a: Glaceon\n|-damage|p2a: Glaceon|0 fnt\n|-unboost|p1a: Mienshao|def|1\n|-unboost|p1a: Mienshao|spd|1\n|faint|p2a: Glaceon\n|-damage|p1a: Mienshao|205/244|[from] item: Life Orb\n|\n|upkeep\n|\n|t:|1781465299\n|switch|p2a: Clodsire|Clodsire, L81, M|222/343\n|-damage|p2a: Clodsire|201/343|[from] Stealth Rock\n|turn|20\n|\n|t:|1781465307\n|move|p1a: Mienshao|Close Combat|p2a: Clodsire\n|-resisted|p2a: Clodsire\n|-damage|p2a: Clodsire|0 fnt\n|-unboost|p1a: Mienshao|def|1\n|-unboost|p1a: Mienshao|spd|1\n|faint|p2a: Clodsire\n|-damage|p1a: Mienshao|181/244|[from] item: Life Orb\n|\n|upkeep\n|\n|t:|1781465310\n|switch|p2a: Florges|Florges-Yellow, L85, F|270/271\n|-damage|p2a: Florges|237/271|[from] Stealth Rock\n|turn|21\n|\n|t:|1781465319\n|-terastallize|p2a: Florges|Ground\n|move|p1a: Mienshao|Poison Jab|p2a: Florges\n|-resisted|p2a: Florges\n|-damage|p2a: Florges|130/271\n|-status|p2a: Florges|psn\n|-damage|p1a: Mienshao|157/244|[from] item: Life Orb\n|move|p2a: Florges|Moonblast|p1a: Mienshao\n|-supereffective|p1a: Mienshao\n|-damage|p1a: Mienshao|0 fnt\n|faint|p1a: Mienshao\n|\n|-heal|p2a: Florges|146/271 psn|[from] item: Leftovers\n|-damage|p2a: Florges|113/271 psn|[from] psn\n|upkeep\n|\n|t:|1781465337\n|switch|p1a: Electivire|Electivire, L84, F|263/263\n|-damage|p1a: Electivire|231/263|[from] Stealth Rock\n|turn|22\n|\n|t:|1781465342\n|move|p1a: Electivire|Ice Punch|p2a: Florges\n|-supereffective|p2a: Florges\n|-damage|p2a: Florges|0 fnt\n|faint|p2a: Florges\n|-damage|p1a: Electivire|205/263|[from] item: Life Orb\n|\n|win|Insectjoy\n", "inputlog": ">version a8376a258c1d4662feba110a92103f3664a72141\n>start {\"formatid\":\"gen9randombattle\",\"seed\":\"sodium,96ab0abae6a3caf127d9cf6d260624db\",\"rated\":\"Rated battle\"}\n>player p1 {\"name\":\"Insectjoy\",\"avatar\":\"2\",\"rating\":2120,\"seed\":\"sodium,95782f347113b06f64412e4dd01c0445\"}\n>player p2 {\"name\":\"Aurrem173\",\"avatar\":\"veteranf\",\"rating\":2053,\"seed\":\"sodium,a35ee47d17ea52c0857af95a569ef584\"}\n>chat \u2606Insectjoy|Glhf\n>chat \u2606Aurrem173|U 2\n>p1 move stealthrock\n>p2 move uturn\n>p2 switch 2\n>p1 switch 4\n>p2 move knockoff\n>p1 move knockoff\n>p2 switch 5\n>p1 switch 3\n>p2 move stealthrock\n>p1 move heavyslam\n>p2 switch 5\n>p1 switch 3\n>p2 move leechseed\n>p1 switch 2\n>p2 move protect\n>p1 move nastyplot\n>p2 move stunspore\n>p1 move terablast\n>p2 switch 3\n>p2 switch 6\n>p1 switch 2\n>p2 move calmmind\n>p1 move gunkshot\n>p2 move moonblast\n>p1 switch 3\n>p1 move heavyslam terastallize\n>p2 switch 3\n>p1 move heavyslam\n>p2 move leechseed\n>p1 move heavyslam\n>p2 move leechseed\n>p2 switch 2\n>p1 switch 4\n>p2 move overheat\n>p1 move earthquake\n>p2 move knockoff\n>p2 switch 4\n>p1 move stoneedge\n>p2 move freezedry\n>p1 switch 6\n>p1 move swordsdance\n>p2 move protect\n>p1 move closecombat\n>p2 move freezedry\n>p2 switch 5\n>p1 move closecombat\n>p2 move earthquake\n>p2 switch 3\n>p1 move poisonjab\n>p2 move moonblast terastallize\n>p1 switch 5\n>p1 move icepunch\n>p2 move terablast", "uploadtime": 1781464914, "views": 11, "formatid": "gen9randombattle", "rating": null, "private": 0, "password": null}