{"id": "gen9randombattle-2631854445", "format": "[Gen 9] Random Battle", "players": ["mslice", "imbrunolol"], "log": "|j|\u2606mslice\n|j|\u2606imbrunolol\n|t:|1781448472\n|gametype|singles\n|player|p1|mslice|parasollady|1288\n|player|p2|imbrunolol|bruno|1250\n|gen|9\n|tier|[Gen 9] Random Battle\n|rated|\n|rule|Species Clause: Limit one of each Pok\u00e9mon\n|rule|HP Percentage Mod: HP is shown in percentages\n|rule|Sleep Clause Mod: Limit one foe put to sleep\n|rule|Illusion Level Mod: Illusion disguises the Pok\u00e9mon's true level\n|\n|t:|1781448472\n|teamsize|p1|6\n|teamsize|p2|6\n|start\n|switch|p1a: Passimian|Passimian, L83, F|302/302\n|switch|p2a: Virizion|Virizion, L82|283/283\n|turn|1\n|inactive|Battle timer is ON: inactive players will automatically lose when time's up. (requested by mslice)\n|\n|t:|1781448482\n|move|p2a: Virizion|Swords Dance|p2a: Virizion\n|-boost|p2a: Virizion|atk|2\n|move|p1a: Passimian|Bulk Up|p1a: Passimian\n|-boost|p1a: Passimian|atk|1\n|-boost|p1a: Passimian|def|1\n|\n|upkeep\n|turn|2\n|\n|t:|1781448488\n|move|p2a: Virizion|Swords Dance|p2a: Virizion\n|-boost|p2a: Virizion|atk|2\n|move|p1a: Passimian|Gunk Shot|p2a: Virizion\n|-supereffective|p2a: Virizion\n|-crit|p2a: Virizion\n|-damage|p2a: Virizion|0 fnt\n|faint|p2a: Virizion\n|\n|upkeep\n|\n|t:|1781448499\n|switch|p2a: Overqwil|Overqwil, L82, M|274/274\n|-ability|p2a: Overqwil|Intimidate|boost\n|-unboost|p1a: Passimian|atk|1\n|-ability|p1a: Passimian|Defiant|boost\n|-boost|p1a: Passimian|atk|2\n|turn|3\n|\n|t:|1781448512\n|move|p2a: Overqwil|Swords Dance|p2a: Overqwil\n|-boost|p2a: Overqwil|atk|2\n|move|p1a: Passimian|Knock Off|p2a: Overqwil\n|-resisted|p2a: Overqwil\n|-damage|p2a: Overqwil|200/274\n|-enditem|p2a: Overqwil|Loaded Dice|[from] move: Knock Off|[of] p1a: Passimian\n|\n|upkeep\n|turn|4\n|\n|t:|1781448519\n|move|p2a: Overqwil|Scale Shot|p1a: Passimian\n|-damage|p1a: Passimian|275/302\n|-damage|p1a: Passimian|247/302\n|-hitcount|p1a: Passimian|2\n|-unboost|p2a: Overqwil|def|1\n|-boost|p2a: Overqwil|spe|1\n|move|p1a: Passimian|Drain Punch|p2a: Overqwil\n|-damage|p2a: Overqwil|0 fnt\n|-heal|p1a: Passimian|302/302|[from] drain|[of] p2a: Overqwil\n|faint|p2a: Overqwil\n|\n|upkeep\n|\n|t:|1781448536\n|switch|p2a: Scrafty|Scrafty, L83, M|244/244\n|-ability|p2a: Scrafty|Intimidate|boost\n|-unboost|p1a: Passimian|atk|1\n|-ability|p1a: Passimian|Defiant|boost\n|-boost|p1a: Passimian|atk|2\n|turn|5\n|\n|t:|1781448542\n|move|p1a: Passimian|Knock Off|p2a: Scrafty\n|-resisted|p2a: Scrafty\n|-damage|p2a: Scrafty|205/244\n|-enditem|p2a: Scrafty|Leftovers|[from] move: Knock Off|[of] p1a: Passimian\n|move|p2a: Scrafty|Dragon Dance|p2a: Scrafty\n|-boost|p2a: Scrafty|atk|1\n|-boost|p2a: Scrafty|spe|1\n|\n|upkeep\n|turn|6\n|\n|t:|1781448549\n|move|p2a: Scrafty|Drain Punch|p1a: Passimian\n|-damage|p1a: Passimian|221/302\n|-heal|p2a: Scrafty|244/244|[from] drain|[of] p1a: Passimian\n|move|p1a: Passimian|Drain Punch|p2a: Scrafty\n|-supereffective|p2a: Scrafty\n|-damage|p2a: Scrafty|0 fnt\n|-heal|p1a: Passimian|302/302|[from] drain|[of] p2a: Scrafty\n|faint|p2a: Scrafty\n|\n|upkeep\n|\n|t:|1781448562\n|switch|p2a: Ursaluna|Ursaluna, L79, M|335/335\n|turn|7\n|\n|t:|1781448571\n|-terastallize|p2a: Ursaluna|Normal\n|move|p1a: Passimian|Knock Off|p2a: Ursaluna\n|-damage|p2a: Ursaluna|151/335\n|-enditem|p2a: Ursaluna|Flame Orb|[from] move: Knock Off|[of] p1a: Passimian\n|move|p2a: Ursaluna|Trailblaze|p1a: Passimian\n|-damage|p1a: Passimian|275/302\n|-boost|p2a: Ursaluna|spe|1\n|\n|-heal|p1a: Passimian|293/302|[from] item: Leftovers\n|upkeep\n|turn|8\n|\n|t:|1781448588\n|move|p2a: Ursaluna|Facade|p1a: Passimian\n|-damage|p1a: Passimian|213/302\n|move|p1a: Passimian|Drain Punch|p2a: Ursaluna\n|-supereffective|p2a: Ursaluna\n|-damage|p2a: Ursaluna|0 fnt\n|-heal|p1a: Passimian|289/302|[from] drain|[of] p2a: Ursaluna\n|faint|p2a: Ursaluna\n|\n|-heal|p1a: Passimian|302/302|[from] item: Leftovers\n|upkeep\n|\n|t:|1781448591\n|switch|p2a: Meganium|Meganium, L90, M|290/290\n|turn|9\n|\n|t:|1781448600\n|move|p2a: Meganium|Knock Off|p1a: Passimian\n|-resisted|p1a: Passimian\n|-damage|p1a: Passimian|279/302\n|-enditem|p1a: Passimian|Leftovers|[from] move: Knock Off|[of] p2a: Meganium\n|move|p1a: Passimian|Gunk Shot|p2a: Meganium\n|-supereffective|p2a: Meganium\n|-damage|p2a: Meganium|0 fnt\n|faint|p2a: Meganium\n|\n|upkeep\n|\n|t:|1781448606\n|switch|p2a: Floatzel|Floatzel, L86, F|286/286\n|turn|10\n|\n|t:|1781448611\n|move|p2a: Floatzel|Ice Spinner|p1a: Passimian\n|-damage|p1a: Passimian|234/302\n|move|p1a: Passimian|Drain Punch|p2a: Floatzel\n|-damage|p2a: Floatzel|0 fnt\n|-heal|p1a: Passimian|302/302|[from] drain|[of] p2a: Floatzel\n|faint|p2a: Floatzel\n|\n|win|mslice\n|raw|mslice's rating: 1288 &rarr; <strong>1310</strong><br />(+22 for winning)\n|raw|imbrunolol's rating: 1250 &rarr; <strong>1228</strong><br />(-22 for losing)\n|l|\u2606imbrunolol\n|player|p2|\n", "inputlog": ">version a8376a258c1d4662feba110a92103f3664a72141\n>start {\"formatid\":\"gen9randombattle\",\"seed\":\"sodium,6fd9900dbe1ac22dd416ebff9e6f4aaf\",\"rated\":\"Rated battle\"}\n>player p1 {\"name\":\"mslice\",\"avatar\":\"parasollady\",\"rating\":1288,\"seed\":\"sodium,798ef6af676dd168d52062559f0fd049\"}\n>player p2 {\"name\":\"imbrunolol\",\"avatar\":\"bruno\",\"rating\":1250,\"seed\":\"sodium,198acb03d8e03468fc372fb90052b4e8\"}\n>p1 move bulkup\n>p2 move swordsdance\n>p1 move gunkshot\n>p2 move swordsdance\n>p2 switch 6\n>p1 move knockoff\n>p2 move swordsdance\n>p1 move drainpunch\n>p2 move scaleshot\n>p2 switch 3\n>p1 move knockoff\n>p2 move dragondance\n>p1 move drainpunch\n>p2 move drainpunch\n>p2 switch 5\n>p1 move knockoff\n>p2 move trailblaze terastallize\n>p1 move drainpunch\n>p2 move facade\n>p2 switch 4\n>p1 move gunkshot\n>p2 move knockoff\n>p2 switch 2\n>p1 move drainpunch\n>p2 move icespinner", "uploadtime": 1781448628, "views": 5, "formatid": "gen9randombattle", "rating": 1228, "private": 0, "password": null}