{"id": "gen9randombattle-2631670611", "format": "[Gen 9] Random Battle", "players": ["BloodBoundQuill", "yes eye on1"], "log": "|j|\u2606BloodBoundQuill\n|j|\u2606yes eye on1\n|t:|1781418645\n|gametype|singles\n|player|p1|BloodBoundQuill|pokekid|1257\n|player|p2|yes eye on1|266|1295\n|gen|9\n|tier|[Gen 9] Random Battle\n|rated|\n|rule|Species Clause: Limit one of each Pok\u00e9mon\n|rule|HP Percentage Mod: HP is shown in percentages\n|rule|Sleep Clause Mod: Limit one foe put to sleep\n|rule|Illusion Level Mod: Illusion disguises the Pok\u00e9mon's true level\n|\n|t:|1781418645\n|teamsize|p1|6\n|teamsize|p2|6\n|start\n|switch|p1a: Hariyama|Hariyama, L87, F|392/392\n|switch|p2a: Iron Thorns|Iron Thorns, L83|302/302\n|turn|1\n|inactive|Battle timer is ON: inactive players will automatically lose when time's up. (requested by BloodBoundQuill)\n|\n|t:|1781418656\n|-end|p2a: Iron Thorns|Quark Drive|[silent]\n|switch|p2a: Toxapex|Toxapex, L82, M|216/216\n|move|p1a: Hariyama|Headlong Rush|p2a: Toxapex\n|-supereffective|p2a: Toxapex\n|-damage|p2a: Toxapex|82/216\n|-unboost|p1a: Hariyama|def|1\n|-unboost|p1a: Hariyama|spd|1\n|-damage|p1a: Hariyama|327/392|[from] item: Rocky Helmet|[of] p2a: Toxapex\n|\n|-status|p1a: Hariyama|brn|[from] item: Flame Orb\n|upkeep\n|turn|2\n|\n|t:|1781418668\n|switch|p2a: Cryogonal|Cryogonal, L89|287/287\n|move|p1a: Hariyama|Headlong Rush|p2a: Cryogonal\n|-immune|p2a: Cryogonal|[from] ability: Levitate\n|\n|-damage|p1a: Hariyama|303/392 brn|[from] brn\n|upkeep\n|turn|3\n|\n|t:|1781418680\n|switch|p1a: Kleavor|Kleavor, L78, M|237/237\n|move|p2a: Cryogonal|Freeze-Dry|p1a: Kleavor\n|-damage|p1a: Kleavor|134/237\n|\n|upkeep\n|turn|4\n|\n|t:|1781418685\n|move|p2a: Cryogonal|Flash Cannon|p1a: Kleavor\n|-supereffective|p1a: Kleavor\n|-damage|p1a: Kleavor|0 fnt\n|faint|p1a: Kleavor\n|\n|upkeep\n|\n|t:|1781418705\n|switch|p1a: Torterra|Torterra, L78, F|276/276\n|turn|5\n|\n|t:|1781418734\n|-terastallize|p1a: Torterra|Ground\n|move|p2a: Cryogonal|Freeze-Dry|p1a: Torterra\n|-supereffective|p1a: Torterra\n|-crit|p1a: Torterra\n|-damage|p1a: Torterra|4/276\n|move|p1a: Torterra|Shell Smash|p1a: Torterra\n|-unboost|p1a: Torterra|def|1\n|-unboost|p1a: Torterra|spd|1\n|-boost|p1a: Torterra|atk|2\n|-boost|p1a: Torterra|spa|2\n|-boost|p1a: Torterra|spe|2\n|\n|upkeep\n|turn|6\n|\n|t:|1781418745\n|move|p1a: Torterra|Rock Blast|p2a: Cryogonal\n|-supereffective|p2a: Cryogonal\n|-damage|p2a: Cryogonal|193/287\n|-supereffective|p2a: Cryogonal\n|-damage|p2a: Cryogonal|93/287\n|-supereffective|p2a: Cryogonal\n|-damage|p2a: Cryogonal|0 fnt\n|faint|p2a: Cryogonal\n|-hitcount|p2: Cryogonal|3\n|\n|upkeep\n|inactive|yes eye on1 has 120 seconds left.\n|\n|t:|1781418763\n|switch|p2a: Brute Bonnet|Brute Bonnet, L80|309/309\n|turn|7\n|c|\u2606BloodBoundQuill|I'm still standing\n|inactive|yes eye on1 has 120 seconds left.\n|\n|t:|1781418780\n|move|p2a: Brute Bonnet|Sucker Punch||[still]\n|-fail|p2a: Brute Bonnet\n|move|p1a: Torterra|Shell Smash|p1a: Torterra\n|-unboost|p1a: Torterra|def|1\n|-unboost|p1a: Torterra|spd|1\n|-boost|p1a: Torterra|atk|2\n|-boost|p1a: Torterra|spa|2\n|-boost|p1a: Torterra|spe|2\n|\n|upkeep\n|turn|8\n|c|\u2606BloodBoundQuill|Greater than I have ever been\n|\n|t:|1781418799\n|move|p2a: Brute Bonnet|Sucker Punch|p1a: Torterra\n|-damage|p1a: Torterra|0 fnt\n|faint|p1a: Torterra\n|\n|upkeep\n|\n|t:|1781418802\n|switch|p1a: Hariyama|Hariyama, L87, F|303/392 brn\n|turn|9\n|inactive|yes eye on1 has 120 seconds left.\n|\n|t:|1781418831\n|move|p1a: Hariyama|Close Combat|p2a: Brute Bonnet\n|-supereffective|p2a: Brute Bonnet\n|-damage|p2a: Brute Bonnet|0 fnt\n|-unboost|p1a: Hariyama|def|1\n|-unboost|p1a: Hariyama|spd|1\n|faint|p2a: Brute Bonnet\n|-end|p2a: Brute Bonnet|Protosynthesis|[silent]\n|\n|-damage|p1a: Hariyama|279/392 brn|[from] brn\n|upkeep\n|\n|t:|1781418842\n|switch|p2a: Minun|Minun, L95, M|268/268\n|turn|10\n|\n|t:|1781418845\n|move|p2a: Minun|Thunderbolt|p1a: Hariyama\n|-damage|p1a: Hariyama|24/392 brn\n|-damage|p2a: Minun|242/268|[from] item: Life Orb\n|move|p1a: Hariyama|Headlong Rush|p2a: Minun\n|-supereffective|p2a: Minun\n|-damage|p2a: Minun|0 fnt\n|-unboost|p1a: Hariyama|def|1\n|-unboost|p1a: Hariyama|spd|1\n|faint|p2a: Minun\n|\n|-damage|p1a: Hariyama|0 fnt|[from] brn\n|faint|p1a: Hariyama\n|upkeep\n|inactive|yes eye on1 has 120 seconds left.\n|\n|t:|1781418865\n|switch|p2a: Iron Thorns|Iron Thorns, L83|302/302\n|switch|p1a: Squawkabilly|Squawkabilly-Yellow, L89, F|291/291\n|turn|11\n|\n|t:|1781418870\n|move|p1a: Squawkabilly|Parting Shot|p2a: Iron Thorns\n|-unboost|p2a: Iron Thorns|atk|1\n|-unboost|p2a: Iron Thorns|spa|1\n|\n|t:|1781418872\n|switch|p1a: Kingambit|Kingambit, L74, M|270/270|[from] Parting Shot\n|-activate|p1a: Kingambit|ability: Supreme Overlord\n|-start|p1a: Kingambit|fallen3|[silent]\n|move|p2a: Iron Thorns|Wild Charge|p1a: Kingambit\n|-damage|p1a: Kingambit|162/270\n|-damage|p2a: Iron Thorns|275/302|[from] Recoil\n|\n|-heal|p1a: Kingambit|178/270|[from] item: Leftovers\n|upkeep\n|turn|12\n|\n|t:|1781418879\n|move|p2a: Iron Thorns|Wild Charge|p1a: Kingambit\n|-damage|p1a: Kingambit|75/270\n|-damage|p2a: Iron Thorns|249/302|[from] Recoil\n|move|p1a: Kingambit|Swords Dance|p1a: Kingambit\n|-boost|p1a: Kingambit|atk|2\n|\n|-heal|p1a: Kingambit|91/270|[from] item: Leftovers\n|upkeep\n|turn|13\n|\n|t:|1781418898\n|move|p1a: Kingambit|Sucker Punch|p2a: Iron Thorns\n|-damage|p2a: Iron Thorns|80/302\n|move|p2a: Iron Thorns|Wild Charge|p1a: Kingambit\n|-damage|p1a: Kingambit|0 fnt\n|faint|p1a: Kingambit\n|-end|p1a: Kingambit|fallen3|[silent]\n|-damage|p2a: Iron Thorns|57/302|[from] Recoil\n|\n|upkeep\n|\n|t:|1781418912\n|switch|p1a: Girafarig|Girafarig, L89, F|269/269\n|turn|14\n|\n|t:|1781418916\n|move|p1a: Girafarig|Psyshock|p2a: Iron Thorns\n|-damage|p2a: Iron Thorns|0 fnt\n|faint|p2a: Iron Thorns\n|-end|p2a: Iron Thorns|Quark Drive|[silent]\n|\n|upkeep\n|\n|t:|1781418925\n|switch|p2a: Donphan|Donphan, L84, F|288/288\n|turn|15\n|\n|t:|1781418937\n|move|p1a: Girafarig|Nasty Plot|p1a: Girafarig\n|-boost|p1a: Girafarig|spa|2\n|move|p2a: Donphan|Knock Off|p1a: Girafarig\n|-supereffective|p1a: Girafarig\n|-damage|p1a: Girafarig|139/269\n|-enditem|p1a: Girafarig|Eviolite|[from] move: Knock Off|[of] p2a: Donphan\n|\n|upkeep\n|turn|16\n|\n|t:|1781418951\n|move|p1a: Girafarig|Hyper Voice|p2a: Donphan\n|-damage|p2a: Donphan|122/288\n|move|p2a: Donphan|Earthquake|p1a: Girafarig\n|-damage|p1a: Girafarig|0 fnt\n|faint|p1a: Girafarig\n|\n|upkeep\n|\n|t:|1781418956\n|switch|p1a: Squawkabilly|Squawkabilly-Yellow, L89, F|291/291\n|turn|17\n|\n|t:|1781418976\n|move|p1a: Squawkabilly|Brave Bird|p2a: Donphan|[miss]\n|-miss|p1a: Squawkabilly|p2a: Donphan\n|move|p2a: Donphan|Knock Off|p1a: Squawkabilly\n|-damage|p1a: Squawkabilly|185/291\n|-enditem|p1a: Squawkabilly|Heavy-Duty Boots|[from] move: Knock Off|[of] p2a: Donphan\n|\n|upkeep\n|turn|18\n|\n|t:|1781418986\n|move|p2a: Donphan|Ice Shard|p1a: Squawkabilly\n|-supereffective|p1a: Squawkabilly\n|-damage|p1a: Squawkabilly|91/291\n|move|p1a: Squawkabilly|Brave Bird|p2a: Donphan\n|-damage|p2a: Donphan|0 fnt\n|faint|p2a: Donphan\n|-damage|p1a: Squawkabilly|51/291|[from] Recoil\n|\n|upkeep\n|\n|t:|1781419010\n|switch|p2a: Toxapex|Toxapex, L82, M|154/216\n|turn|19\n|\n|t:|1781419040\n|move|p1a: Squawkabilly|Quick Attack|p2a: Toxapex\n|-damage|p2a: Toxapex|109/216\n|-damage|p1a: Squawkabilly|3/291|[from] item: Rocky Helmet|[of] p2a: Toxapex\n|move|p2a: Toxapex|Recover|p2a: Toxapex\n|-heal|p2a: Toxapex|216/216\n|\n|upkeep\n|turn|20\n|\n|t:|1781419049\n|move|p1a: Squawkabilly|Brave Bird|p2a: Toxapex\n|-damage|p2a: Toxapex|72/216\n|-damage|p1a: Squawkabilly|0 fnt|[from] item: Rocky Helmet|[of] p2a: Toxapex\n|faint|p1a: Squawkabilly\n|\n|win|yes eye on1\n|raw|BloodBoundQuill's rating: 1257 &rarr; <strong>1235</strong><br />(-22 for losing)\n|raw|yes eye on1's rating: 1295 &rarr; <strong>1317</strong><br />(+22 for winning)\n|l|\u2606BloodBoundQuill\n|player|p1|\n", "inputlog": ">version a8376a258c1d4662feba110a92103f3664a72141\n>start {\"formatid\":\"gen9randombattle\",\"seed\":\"sodium,9baa77bf22a6987c6743e72be6e6449f\",\"rated\":\"Rated battle\"}\n>player p1 {\"name\":\"BloodBoundQuill\",\"avatar\":\"pokekid\",\"rating\":1257,\"seed\":\"sodium,ad9cba9a436af8ff54c34ab69218e3cb\"}\n>player p2 {\"name\":\"yes eye on1\",\"avatar\":\"266\",\"rating\":1295,\"seed\":\"sodium,321c989db6c168742d5f997cbcf2cd9a\"}\n>p1 move headlongrush\n>p2 switch 3\n>p1 move headlongrush\n>p2 switch 4\n>p1 switch 4\n>p2 move freezedry\n>p1 move stoneaxe\n>p2 move flashcannon\n>p1 switch 6\n>p1 move shellsmash terastallize\n>p2 move freezedry\n>p1 move rockblast\n>p2 move freezedry\n>p2 switch 5\n>chat \u2606BloodBoundQuill|I'm still standing \n>p1 move shellsmash\n>p2 move suckerpunch\n>chat \u2606BloodBoundQuill|Greater than I have ever been\n>p1 move rockblast\n>p2 move suckerpunch\n>p1 switch 4\n>p1 move closecombat\n>p2 move seedbomb\n>p2 switch 6\n>p1 move headlongrush\n>p2 move thunderbolt\n>p1 switch 3\n>p2 switch 3\n>p1 move partingshot\n>p2 move wildcharge\n>p1 switch 2\n>p1 move swordsdance\n>p2 move wildcharge\n>p1 move suckerpunch\n>p2 move wildcharge\n>p1 switch 5\n>p1 move psyshock\n>p2 move wildcharge\n>p2 switch 2\n>p1 move nastyplot\n>p2 move knockoff\n>p1 move hypervoice\n>p2 move earthquake\n>p1 switch 2\n>p1 move bravebird\n>p2 move knockoff\n>p1 move bravebird\n>p2 move iceshard\n>p2 switch 4\n>p1 move quickattack\n>p2 move recover\n>p1 move bravebird\n>p2 move recover", "uploadtime": 1781419066, "views": 7, "formatid": "gen9randombattle", "rating": 1235, "private": 0, "password": null}