{"id": "gen9randombattle-2631774732", "format": "[Gen 9] Random Battle", "players": ["THSupernova", "aarsje"], "log": "|j|\u2606THSupernova\n|j|\u2606aarsje\n|t:|1781437663\n|gametype|singles\n|player|p1|THSupernova|bellelba|2190\n|player|p2|aarsje|li|2071\n|gen|9\n|tier|[Gen 9] Random Battle\n|rated|\n|rule|Species Clause: Limit one of each Pok\u00e9mon\n|rule|HP Percentage Mod: HP is shown in percentages\n|rule|Sleep Clause Mod: Limit one foe put to sleep\n|rule|Illusion Level Mod: Illusion disguises the Pok\u00e9mon's true level\n|\n|t:|1781437663\n|teamsize|p1|6\n|teamsize|p2|6\n|start\n|switch|p1a: Sinistcha|Sinistcha, L83|254/254\n|switch|p2a: Toucannon|Toucannon, L88, M|284/284\n|turn|1\n|\n|t:|1781437682\n|switch|p1a: Granbull|Granbull, L88, F|302/302\n|-ability|p1a: Granbull|Intimidate|boost\n|-unboost|p2a: Toucannon|atk|1\n|move|p2a: Toucannon|Knock Off|p1a: Granbull\n|-resisted|p1a: Granbull\n|-damage|p1a: Granbull|271/302\n|-enditem|p1a: Granbull|Leftovers|[from] move: Knock Off|[of] p2a: Toucannon\n|\n|upkeep\n|turn|2\n|\n|t:|1781437697\n|move|p2a: Toucannon|Boomburst|p1a: Granbull\n|-damage|p1a: Granbull|109/302\n|move|p1a: Granbull|Thunder Wave|p2a: Toucannon\n|-status|p2a: Toucannon|par\n|\n|upkeep\n|turn|3\n|\n|t:|1781437705\n|switch|p1a: Registeel|Registeel, L81|262/262\n|move|p2a: Toucannon|Boomburst|p1a: Registeel\n|-resisted|p1a: Registeel\n|-damage|p1a: Registeel|218/262\n|\n|upkeep\n|turn|4\n|\n|t:|1781437722\n|move|p1a: Registeel|Body Press|p2a: Toucannon\n|-damage|p2a: Toucannon|198/284 par\n|move|p2a: Toucannon|Knock Off|p1a: Registeel\n|-damage|p1a: Registeel|180/262\n|-enditem|p1a: Registeel|Chesto Berry|[from] move: Knock Off|[of] p2a: Toucannon\n|\n|upkeep\n|turn|5\n|\n|t:|1781437737\n|move|p1a: Registeel|Iron Defense|p1a: Registeel\n|-boost|p1a: Registeel|def|2\n|cant|p2a: Toucannon|par\n|\n|upkeep\n|turn|6\n|\n|t:|1781437742\n|move|p1a: Registeel|Iron Defense|p1a: Registeel\n|-boost|p1a: Registeel|def|2\n|move|p2a: Toucannon|Boomburst|p1a: Registeel\n|-resisted|p1a: Registeel\n|-damage|p1a: Registeel|134/262\n|\n|upkeep\n|turn|7\n|\n|t:|1781437748\n|move|p1a: Registeel|Iron Defense|p1a: Registeel\n|-boost|p1a: Registeel|def|2\n|move|p2a: Toucannon|Boomburst|p1a: Registeel\n|-resisted|p1a: Registeel\n|-damage|p1a: Registeel|86/262\n|\n|upkeep\n|turn|8\n|\n|t:|1781437761\n|-singleturn|p2a: Toucannon|move: Beak Blast\n|move|p1a: Registeel|Rest|p1a: Registeel\n|-status|p1a: Registeel|slp|[from] move: Rest\n|-heal|p1a: Registeel|262/262 slp|[silent]\n|move|p2a: Toucannon|Beak Blast|p1a: Registeel\n|-resisted|p1a: Registeel\n|-damage|p1a: Registeel|253/262 slp\n|\n|upkeep\n|turn|9\n|\n|t:|1781437772\n|switch|p2a: Lurantis|Lurantis, L87, F|264/264\n|cant|p1a: Registeel|slp\n|\n|upkeep\n|turn|10\n|\n|t:|1781437774\n|move|p2a: Lurantis|Leaf Storm|p1a: Registeel\n|-resisted|p1a: Registeel\n|-damage|p1a: Registeel|211/262 slp\n|-boost|p2a: Lurantis|spa|2\n|cant|p1a: Registeel|slp\n|\n|upkeep\n|turn|11\n|\n|t:|1781437782\n|move|p2a: Lurantis|Leaf Storm|p1a: Registeel\n|-resisted|p1a: Registeel\n|-damage|p1a: Registeel|121/262 slp\n|-boost|p2a: Lurantis|spa|2\n|-curestatus|p1a: Registeel|slp|[msg]\n|move|p1a: Registeel|Body Press|p2a: Lurantis\n|-damage|p2a: Lurantis|0 fnt\n|faint|p2a: Lurantis\n|\n|upkeep\n|\n|t:|1781437802\n|switch|p2a: Glalie|Glalie, L96, F|309/309\n|turn|12\n|\n|t:|1781437812\n|-terastallize|p2a: Glalie|Ghost\n|move|p2a: Glalie|Taunt|p1a: Registeel\n|-start|p1a: Registeel|move: Taunt\n|move|p1a: Registeel|Body Press|p2a: Glalie\n|-immune|p2a: Glalie\n|\n|upkeep\n|turn|13\n|\n|t:|1781437823\n|move|p2a: Glalie|Earthquake|p1a: Registeel\n|-supereffective|p1a: Registeel\n|-damage|p1a: Registeel|93/262\n|move|p1a: Registeel|Iron Head|p2a: Glalie\n|-damage|p2a: Glalie|242/309\n|\n|upkeep\n|turn|14\n|\n|t:|1781437833\n|switch|p1a: Oinkologne|Oinkologne-F, L92, F|361/361\n|move|p2a: Glalie|Freeze-Dry|p1a: Oinkologne\n|-damage|p1a: Oinkologne|322/361\n|\n|-heal|p1a: Oinkologne|344/361|[from] item: Leftovers\n|upkeep\n|turn|15\n|\n|t:|1781437837\n|move|p2a: Glalie|Spikes|p1a: Oinkologne\n|-sidestart|p1: THSupernova|Spikes\n|move|p1a: Oinkologne|Lash Out|p2a: Glalie\n|-supereffective|p2a: Glalie\n|-damage|p2a: Glalie|130/309\n|\n|-heal|p1a: Oinkologne|361/361|[from] item: Leftovers\n|upkeep\n|turn|16\n|\n|t:|1781437849\n|switch|p2a: Toucannon|Toucannon, L88, M|198/284 par\n|move|p1a: Oinkologne|Lash Out|p2a: Toucannon\n|-damage|p2a: Toucannon|139/284 par\n|\n|upkeep\n|turn|17\n|\n|t:|1781437855\n|switch|p1a: Registeel|Registeel, L81|93/262\n|-damage|p1a: Registeel|61/262|[from] Spikes\n|-singleturn|p2a: Toucannon|move: Beak Blast\n|move|p2a: Toucannon|Beak Blast|p1a: Registeel\n|-resisted|p1a: Registeel\n|-damage|p1a: Registeel|13/262\n|\n|upkeep\n|turn|18\n|\n|t:|1781437866\n|switch|p2a: Glalie|Glalie, L96, F, tera:Ghost|130/309\n|move|p1a: Registeel|Rest|p1a: Registeel\n|-status|p1a: Registeel|slp|[from] move: Rest\n|-heal|p1a: Registeel|262/262 slp|[silent]\n|\n|upkeep\n|turn|19\n|\n|t:|1781437877\n|switch|p1a: Oinkologne|Oinkologne-F, L92, F|361/361\n|-damage|p1a: Oinkologne|316/361|[from] Spikes\n|move|p2a: Glalie|Earthquake|p1a: Oinkologne\n|-damage|p1a: Oinkologne|229/361\n|\n|-heal|p1a: Oinkologne|251/361|[from] item: Leftovers\n|upkeep\n|turn|20\n|\n|t:|1781437884\n|move|p2a: Glalie|Spikes|p1a: Oinkologne\n|-sidestart|p1: THSupernova|Spikes\n|move|p1a: Oinkologne|Lash Out|p2a: Glalie\n|-supereffective|p2a: Glalie\n|-damage|p2a: Glalie|16/309\n|\n|-heal|p1a: Oinkologne|273/361|[from] item: Leftovers\n|upkeep\n|turn|21\n|\n|t:|1781437889\n|move|p2a: Glalie|Spikes|p1a: Oinkologne\n|-sidestart|p1: THSupernova|Spikes\n|move|p1a: Oinkologne|Lash Out|p2a: Glalie\n|-supereffective|p2a: Glalie\n|-damage|p2a: Glalie|0 fnt\n|faint|p2a: Glalie\n|\n|-heal|p1a: Oinkologne|295/361|[from] item: Leftovers\n|upkeep\n|\n|t:|1781437896\n|switch|p2a: Scrafty|Scrafty, L83, F|244/244\n|turn|22\n|\n|t:|1781437902\n|switch|p1a: Granbull|Granbull, L88, F|109/302\n|-damage|p1a: Granbull|34/302|[from] Spikes\n|-ability|p1a: Granbull|Intimidate|boost\n|-unboost|p2a: Scrafty|atk|1\n|move|p2a: Scrafty|Bulk Up|p2a: Scrafty\n|-boost|p2a: Scrafty|atk|1\n|-boost|p2a: Scrafty|def|1\n|\n|upkeep\n|turn|23\n|\n|t:|1781437910\n|move|p2a: Scrafty|Drain Punch|p1a: Granbull\n|-resisted|p1a: Granbull\n|-damage|p1a: Granbull|0 fnt\n|faint|p1a: Granbull\n|\n|upkeep\n|\n|t:|1781437921\n|switch|p1a: Registeel|Registeel, L81|262/262 slp\n|-damage|p1a: Registeel|197/262 slp|[from] Spikes\n|turn|24\n|\n|t:|1781437931\n|-terastallize|p1a: Registeel|Fighting\n|move|p2a: Scrafty|Bulk Up|p2a: Scrafty\n|-boost|p2a: Scrafty|atk|1\n|-boost|p2a: Scrafty|def|1\n|cant|p1a: Registeel|slp\n|\n|upkeep\n|turn|25\n|\n|t:|1781437944\n|move|p2a: Scrafty|Drain Punch|p1a: Registeel\n|-damage|p1a: Registeel|127/262 slp\n|cant|p1a: Registeel|slp\n|\n|upkeep\n|turn|26\n|\n|t:|1781437949\n|move|p2a: Scrafty|Drain Punch|p1a: Registeel\n|-damage|p1a: Registeel|54/262 slp\n|-curestatus|p1a: Registeel|slp|[msg]\n|move|p1a: Registeel|Iron Defense|p1a: Registeel\n|-boost|p1a: Registeel|def|2\n|\n|upkeep\n|turn|27\n|\n|t:|1781437966\n|move|p2a: Scrafty|Bulk Up|p2a: Scrafty\n|-boost|p2a: Scrafty|atk|1\n|-boost|p2a: Scrafty|def|1\n|move|p1a: Registeel|Rest|p1a: Registeel\n|-status|p1a: Registeel|slp|[from] move: Rest\n|-heal|p1a: Registeel|262/262 slp|[silent]\n|\n|upkeep\n|turn|28\n|\n|t:|1781437985\n|move|p2a: Scrafty|Bulk Up|p2a: Scrafty\n|-boost|p2a: Scrafty|atk|1\n|-boost|p2a: Scrafty|def|1\n|cant|p1a: Registeel|slp\n|\n|upkeep\n|turn|29\n|\n|t:|1781437988\n|move|p2a: Scrafty|Drain Punch|p1a: Registeel\n|-damage|p1a: Registeel|201/262 slp\n|cant|p1a: Registeel|slp\n|\n|upkeep\n|turn|30\n|\n|t:|1781437993\n|move|p2a: Scrafty|Drain Punch|p1a: Registeel\n|-damage|p1a: Registeel|132/262 slp\n|-curestatus|p1a: Registeel|slp|[msg]\n|move|p1a: Registeel|Iron Defense|p1a: Registeel\n|-boost|p1a: Registeel|def|2\n|\n|upkeep\n|turn|31\n|\n|t:|1781438000\n|move|p2a: Scrafty|Drain Punch|p1a: Registeel\n|-damage|p1a: Registeel|92/262\n|move|p1a: Registeel|Body Press|p2a: Scrafty\n|-supereffective|p2a: Scrafty\n|-damage|p2a: Scrafty|56/244\n|\n|-heal|p2a: Scrafty|71/244|[from] item: Leftovers\n|upkeep\n|turn|32\n|\n|t:|1781438006\n|move|p2a: Scrafty|Drain Punch|p1a: Registeel\n|-damage|p1a: Registeel|53/262\n|-heal|p2a: Scrafty|91/244|[from] drain|[of] p1a: Registeel\n|move|p1a: Registeel|Rest|p1a: Registeel\n|-status|p1a: Registeel|slp|[from] move: Rest\n|-heal|p1a: Registeel|262/262 slp|[silent]\n|\n|-heal|p2a: Scrafty|106/244|[from] item: Leftovers\n|upkeep\n|turn|33\n|\n|t:|1781438013\n|move|p2a: Scrafty|Bulk Up|p2a: Scrafty\n|-boost|p2a: Scrafty|atk|1\n|-boost|p2a: Scrafty|def|1\n|cant|p1a: Registeel|slp\n|\n|-heal|p2a: Scrafty|121/244|[from] item: Leftovers\n|upkeep\n|turn|34\n|\n|t:|1781438015\n|move|p2a: Scrafty|Bulk Up|p2a: Scrafty\n|-boost|p2a: Scrafty|atk|1\n|-boost|p2a: Scrafty|def|1\n|cant|p1a: Registeel|slp\n|\n|-heal|p2a: Scrafty|136/244|[from] item: Leftovers\n|upkeep\n|turn|35\n|\n|t:|1781438020\n|move|p2a: Scrafty|Bulk Up|p2a: Scrafty\n|-boost|p2a: Scrafty|atk|1\n|-boost|p2a: Scrafty|def|0\n|-curestatus|p1a: Registeel|slp|[msg]\n|move|p1a: Registeel|Iron Defense|p1a: Registeel\n|-boost|p1a: Registeel|def|2\n|\n|-heal|p2a: Scrafty|151/244|[from] item: Leftovers\n|upkeep\n|turn|36\n|\n|t:|1781438022\n|move|p2a: Scrafty|Drain Punch|p1a: Registeel\n|-damage|p1a: Registeel|216/262\n|-heal|p2a: Scrafty|174/244|[from] drain|[of] p1a: Registeel\n|move|p1a: Registeel|Body Press|p2a: Scrafty\n|-supereffective|p2a: Scrafty\n|-damage|p2a: Scrafty|0 fnt\n|faint|p2a: Scrafty\n|\n|upkeep\n|-message|aarsje forfeited.\n|\n|win|THSupernova\n", "inputlog": ">version a8376a258c1d4662feba110a92103f3664a72141\n>start {\"formatid\":\"gen9randombattle\",\"seed\":\"sodium,0090e8631250d653f335e885984f2b78\",\"rated\":\"Rated battle\"}\n>player p1 {\"name\":\"THSupernova\",\"avatar\":\"bellelba\",\"rating\":2190,\"seed\":\"sodium,95f099deaf77c7604379b1270e0b8880\"}\n>player p2 {\"name\":\"aarsje\",\"avatar\":\"li\",\"rating\":2071,\"seed\":\"sodium,c34b5c91324d9f374e8e4b125a5e139c\"}\n>p1 switch 5\n>p2 move knockoff\n>p1 move thunderwave\n>p2 move boomburst\n>p1 switch 6\n>p2 move boomburst\n>p1 move bodypress\n>p2 move knockoff\n>p1 move irondefense\n>p2 move boomburst\n>p1 move irondefense\n>p2 move boomburst\n>p1 move irondefense\n>p2 move boomburst\n>p1 move rest\n>p2 move beakblast\n>p1 move bodypress\n>p2 switch 5\n>p1 move bodypress\n>p2 move leafstorm\n>p1 move bodypress\n>p2 move leafstorm\n>p2 switch 6\n>p1 move bodypress\n>p2 move taunt terastallize\n>p1 move ironhead\n>p2 move earthquake\n>p1 switch 4\n>p2 move freezedry\n>p1 move lashout\n>p2 move spikes\n>p1 move lashout\n>p2 switch 5\n>p1 switch 4\n>p2 move beakblast\n>p1 move rest\n>p2 switch 5\n>p1 switch 4\n>p2 move earthquake\n>p1 move lashout\n>p2 move spikes\n>p1 move lashout\n>p2 move spikes\n>p2 switch 2\n>p1 switch 6\n>p2 move bulkup\n>p1 move encore\n>p2 move drainpunch\n>p1 switch 4\n>p1 move irondefense terastallize\n>p2 move bulkup\n>p1 move irondefense\n>p2 move drainpunch\n>p1 move irondefense\n>p2 move drainpunch\n>p1 move rest\n>p2 move bulkup\n>p1 move irondefense\n>p2 move bulkup\n>p1 move irondefense\n>p2 move drainpunch\n>p1 move irondefense\n>p2 move drainpunch\n>p1 move bodypress\n>p2 move drainpunch\n>p1 move rest\n>p2 move drainpunch\n>p1 move bodypress\n>p2 move bulkup\n>p1 move bodypress\n>p2 move bulkup\n>p1 move irondefense\n>p2 move bulkup\n>p1 move bodypress\n>p2 move drainpunch\n>forcelose p2", "uploadtime": 1781437665, "views": 6, "formatid": "gen9randombattle", "rating": null, "private": 0, "password": null}