{"id": "gen9randombattle-2631516228", "format": "[Gen 9] Random Battle", "players": ["bigolron", "Lackt333"], "log": "|j|\u2606bigolron\n|j|\u2606Lackt333\n|t:|1781395252\n|gametype|singles\n|player|p1|bigolron|mars|1948\n|player|p2|Lackt333|266|1923\n|gen|9\n|tier|[Gen 9] Random Battle\n|rated|\n|rule|Species Clause: Limit one of each Pok\u00e9mon\n|rule|HP Percentage Mod: HP is shown in percentages\n|rule|Sleep Clause Mod: Limit one foe put to sleep\n|rule|Illusion Level Mod: Illusion disguises the Pok\u00e9mon's true level\n|\n|t:|1781395252\n|teamsize|p1|6\n|teamsize|p2|6\n|start\n|switch|p1a: Dodrio|Dodrio, L85, M|241/241\n|switch|p2a: Flamigo|Flamigo, L82, F|269/269\n|turn|1\n|\n|t:|1781395261\n|switch|p2a: Groudon|Groudon, L72|263/263\n|-weather|SunnyDay|[from] ability: Drought|[of] p2a: Groudon\n|move|p1a: Dodrio|Brave Bird|p2a: Groudon\n|-damage|p2a: Groudon|73/263\n|-damage|p1a: Dodrio|178/241|[from] Recoil\n|\n|-weather|SunnyDay|[upkeep]\n|-heal|p2a: Groudon|89/263|[from] item: Leftovers\n|upkeep\n|turn|2\n|\n|t:|1781395266\n|move|p1a: Dodrio|Brave Bird|p2a: Groudon\n|-damage|p2a: Groudon|0 fnt\n|faint|p2a: Groudon\n|-damage|p1a: Dodrio|149/241|[from] Recoil\n|\n|-weather|SunnyDay|[upkeep]\n|upkeep\n|\n|t:|1781395270\n|switch|p2a: Honchkrow|Honchkrow, L86, M|312/312\n|turn|3\n|\n|t:|1781395273\n|move|p1a: Dodrio|Brave Bird|p2a: Honchkrow\n|-damage|p2a: Honchkrow|0 fnt\n|faint|p2a: Honchkrow\n|-damage|p1a: Dodrio|46/241|[from] Recoil\n|\n|-weather|SunnyDay|[upkeep]\n|upkeep\n|\n|t:|1781395283\n|switch|p2a: Volbeat|Volbeat, L90, M|263/263\n|turn|4\n|\n|t:|1781395287\n|move|p2a: Volbeat|Thunder Wave|p1a: Dodrio\n|-status|p1a: Dodrio|par\n|move|p1a: Dodrio|Brave Bird|p2a: Volbeat\n|-supereffective|p2a: Volbeat\n|-damage|p2a: Volbeat|0 fnt\n|faint|p2a: Volbeat\n|-damage|p1a: Dodrio|0 fnt|[from] Recoil\n|faint|p1a: Dodrio\n|\n|-weather|SunnyDay|[upkeep]\n|upkeep\n|\n|t:|1781395293\n|switch|p1a: Indeedee|Indeedee, L84, M|238/238\n|switch|p2a: Banette|Banette, L93, M|270/270\n|-fieldstart|move: Psychic Terrain|[from] ability: Psychic Surge|[of] p1a: Indeedee\n|turn|5\n|\n|t:|1781395301\n|move|p1a: Indeedee|Expanding Force|p2a: Banette\n|-damage|p2a: Banette|77/270\n|-start|p1a: Indeedee|Disable|Expanding Force|[from] ability: Cursed Body|[of] p2a: Banette\n|move|p2a: Banette|Gunk Shot|p1a: Indeedee\n|-damage|p1a: Indeedee|37/238\n|-status|p1a: Indeedee|psn\n|-damage|p2a: Banette|50/270|[from] item: Life Orb\n|\n|-weather|none\n|-damage|p1a: Indeedee|8/238 psn|[from] psn\n|upkeep\n|turn|6\n|\n|t:|1781395308\n|-activate|p1a: Indeedee|move: Struggle\n|move|p1a: Indeedee|Struggle|p2a: Banette\n|-damage|p2a: Banette|29/270\n|-damage|p1a: Indeedee|0 fnt|[from] recoil\n|faint|p1a: Indeedee\n|move|p2a: Banette|Poltergeist|p1: Indeedee|[notarget]\n|-fail|p2a: Banette\n|\n|upkeep\n|\n|t:|1781395314\n|switch|p1a: Cryogonal|Cryogonal, L89|287/287\n|turn|7\n|\n|t:|1781395318\n|move|p1a: Cryogonal|Ice Beam|p2a: Banette\n|-damage|p2a: Banette|0 fnt\n|faint|p2a: Banette\n|\n|upkeep\n|\n|t:|1781395321\n|switch|p2a: Falinks|Falinks, L84|246/246\n|turn|8\n|inactive|Battle timer is ON: inactive players will automatically lose when time's up. (requested by Lackt333)\n|\n|t:|1781395333\n|move|p1a: Cryogonal|Ice Beam|p2a: Falinks\n|-damage|p2a: Falinks|102/246\n|move|p2a: Falinks|No Retreat|p2a: Falinks\n|-boost|p2a: Falinks|atk|1\n|-boost|p2a: Falinks|def|1\n|-boost|p2a: Falinks|spa|1\n|-boost|p2a: Falinks|spd|1\n|-boost|p2a: Falinks|spe|1\n|-start|p2a: Falinks|move: No Retreat\n|\n|upkeep\n|turn|9\n|\n|t:|1781395343\n|move|p2a: Falinks|Close Combat|p1a: Cryogonal\n|-supereffective|p1a: Cryogonal\n|-damage|p1a: Cryogonal|0 fnt\n|-unboost|p2a: Falinks|def|1\n|-unboost|p2a: Falinks|spd|1\n|faint|p1a: Cryogonal\n|-damage|p2a: Falinks|78/246|[from] item: Life Orb\n|\n|-fieldend|move: Psychic Terrain\n|upkeep\n|\n|t:|1781395348\n|switch|p1a: Luvdisc|Luvdisc, F|247/247\n|turn|10\n|\n|t:|1781395350\n|move|p2a: Falinks|Close Combat|p1a: Luvdisc\n|-damage|p1a: Luvdisc|0 fnt\n|-unboost|p2a: Falinks|def|1\n|-unboost|p2a: Falinks|spd|1\n|faint|p1a: Luvdisc\n|-damage|p2a: Falinks|54/246|[from] item: Life Orb\n|\n|upkeep\n|\n|t:|1781395353\n|switch|p1a: Bisharp|Bisharp, L79, M|232/232\n|turn|11\n|\n|t:|1781395356\n|move|p1a: Bisharp|Sucker Punch|p2a: Falinks\n|-resisted|p2a: Falinks\n|-damage|p2a: Falinks|1/246\n|move|p2a: Falinks|Close Combat|p1a: Bisharp\n|-supereffective|p1a: Bisharp\n|-damage|p1a: Bisharp|0 fnt\n|-unboost|p2a: Falinks|def|1\n|-unboost|p2a: Falinks|spd|1\n|faint|p1a: Bisharp\n|-damage|p2a: Falinks|0 fnt|[from] item: Life Orb\n|faint|p2a: Falinks\n|\n|upkeep\n|\n|t:|1781395359\n|switch|p2a: Flamigo|Flamigo, L82, F|269/269\n|switch|p1a: Gyarados|Gyarados, L79, F|280/280\n|turn|12\n|\n|t:|1781395367\n|move|p2a: Flamigo|Swords Dance|p2a: Flamigo\n|-boost|p2a: Flamigo|atk|2\n|move|p1a: Gyarados|Dragon Dance|p1a: Gyarados\n|-boost|p1a: Gyarados|atk|1\n|-boost|p1a: Gyarados|spe|1\n|\n|upkeep\n|turn|13\n|\n|t:|1781395372\n|-terastallize|p1a: Gyarados|Ground\n|-terastallize|p2a: Flamigo|Steel\n|move|p1a: Gyarados|Waterfall|p2a: Flamigo\n|-crit|p2a: Flamigo\n|-damage|p2a: Flamigo|22/269\n|cant|p2a: Flamigo|flinch\n|\n|upkeep\n|turn|14\n|-message|Lackt333 forfeited.\n|\n|win|bigolron\n", "inputlog": ">version a8376a258c1d4662feba110a92103f3664a72141\n>start {\"formatid\":\"gen9randombattle\",\"seed\":\"sodium,2f9491209fba167e38bb11ede6ffc31c\",\"rated\":\"Rated battle\"}\n>player p1 {\"name\":\"bigolron\",\"avatar\":\"mars\",\"rating\":1948,\"seed\":\"sodium,11db414d798184ef204ffa1a16d02aa0\"}\n>player p2 {\"name\":\"Lackt333\",\"avatar\":\"266\",\"rating\":1923,\"seed\":\"sodium,68c4418e4fedaea286e07a83b1cc61f9\"}\n>p1 move bravebird\n>p2 switch 6\n>p1 move bravebird\n>p2 move heatcrash\n>p2 switch 3\n>p1 move bravebird\n>p2 move bravebird\n>p2 switch 4\n>p1 move bravebird\n>p2 move thunderwave\n>p1 switch 3\n>p2 switch 2\n>p1 move expandingforce\n>p2 move gunkshot\n>p1 move struggle\n>p2 move poltergeist\n>p1 switch 4\n>p1 move icebeam\n>p2 move gunkshot\n>p2 switch 5\n>p1 move icebeam\n>p2 move noretreat\n>p1 move icebeam\n>p2 move closecombat\n>p1 switch 6\n>p1 move surf\n>p2 move closecombat\n>p1 switch 2\n>p1 move suckerpunch\n>p2 move closecombat\n>p1 switch 5\n>p2 switch 6\n>p1 move dragondance\n>p2 move swordsdance\n>p1 move waterfall terastallize\n>p2 move bravebird terastallize\n>forcelose p2", "uploadtime": 1781395254, "views": 6, "formatid": "gen9randombattle", "rating": null, "private": 0, "password": null}