{"id": "gen9randombattle-2631900352", "format": "[Gen 9] Random Battle", "players": ["etetete", "Skyrack"], "log": "|j|\u2606etetete\n|j|\u2606Skyrack\n|t:|1781453586\n|gametype|singles\n|player|p1|etetete|170|2084\n|player|p2|Skyrack|ethan-masters|2085\n|gen|9\n|tier|[Gen 9] Random Battle\n|rated|\n|rule|Species Clause: Limit one of each Pok\u00e9mon\n|rule|HP Percentage Mod: HP is shown in percentages\n|rule|Sleep Clause Mod: Limit one foe put to sleep\n|rule|Illusion Level Mod: Illusion disguises the Pok\u00e9mon's true level\n|\n|t:|1781453586\n|teamsize|p1|6\n|teamsize|p2|6\n|start\n|switch|p1a: Toedscruel|Toedscruel, L87, F|281/281\n|switch|p2a: Volbeat|Volbeat, L90, M|263/263\n|turn|1\n|inactive|Battle timer is ON: inactive players will automatically lose when time's up. (requested by Skyrack)\n|\n|t:|1781453592\n|move|p2a: Volbeat|U-turn|p1a: Toedscruel\n|-supereffective|p1a: Toedscruel\n|-damage|p1a: Toedscruel|119/281\n|\n|t:|1781453598\n|switch|p2a: Leavanny|Leavanny, L86, M|269/269|[from] U-turn\n|move|p1a: Toedscruel|Spore|p2a: Leavanny\n|-immune|p2a: Leavanny\n|\n|-heal|p1a: Toedscruel|136/281|[from] item: Leftovers\n|upkeep\n|turn|2\n|\n|t:|1781453611\n|switch|p1a: Klefki|Klefki, L84, F|233/233\n|move|p2a: Leavanny|Triple Axel|p1a: Klefki\n|-resisted|p1a: Klefki\n|-damage|p1a: Klefki|225/233\n|-resisted|p1a: Klefki\n|-damage|p1a: Klefki|211/233\n|-resisted|p1a: Klefki\n|-damage|p1a: Klefki|187/233\n|-hitcount|p1a: Klefki|3\n|\n|-heal|p1a: Klefki|201/233|[from] item: Leftovers\n|upkeep\n|turn|3\n|\n|t:|1781453618\n|move|p1a: Klefki|Thunder Wave|p2a: Leavanny\n|-status|p2a: Leavanny|par\n|move|p2a: Leavanny|Sticky Web|p1a: Klefki\n|-sidestart|p1: etetete|move: Sticky Web\n|\n|-heal|p1a: Klefki|215/233|[from] item: Leftovers\n|upkeep\n|turn|4\n|\n|t:|1781453629\n|switch|p2a: Lanturn|Lanturn, L89, F|367/367\n|move|p1a: Klefki|Thunder Wave|p2a: Lanturn\n|-immune|p2a: Lanturn|[from] ability: Volt Absorb\n|\n|-heal|p1a: Klefki|229/233|[from] item: Leftovers\n|upkeep\n|turn|5\n|\n|t:|1781453637\n|move|p1a: Klefki|Spikes|p2a: Lanturn\n|-sidestart|p2: Skyrack|Spikes\n|move|p2a: Lanturn|Scald|p1a: Klefki\n|-damage|p1a: Klefki|151/233\n|\n|-heal|p1a: Klefki|165/233|[from] item: Leftovers\n|upkeep\n|turn|6\n|\n|t:|1781453645\n|switch|p1a: Toedscruel|Toedscruel, L87, F|136/281\n|-activate|p1a: Toedscruel|move: Sticky Web\n|-unboost|p1a: Toedscruel|spe|1\n|move|p2a: Lanturn|Scald|p1a: Toedscruel\n|-damage|p1a: Toedscruel|81/281\n|\n|-heal|p1a: Toedscruel|98/281|[from] item: Leftovers\n|upkeep\n|turn|7\n|\n|t:|1781453651\n|move|p2a: Lanturn|Scald|p1a: Toedscruel\n|-damage|p1a: Toedscruel|35/281\n|move|p1a: Toedscruel|Leaf Storm|p2a: Lanturn\n|-supereffective|p2a: Lanturn\n|-damage|p2a: Lanturn|121/367\n|-unboost|p1a: Toedscruel|spa|2\n|\n|-heal|p1a: Toedscruel|52/281|[from] item: Leftovers\n|upkeep\n|turn|8\n|\n|t:|1781453661\n|switch|p1a: Iron Jugulis|Iron Jugulis, L77|271/271\n|move|p2a: Lanturn|Scald|p1a: Iron Jugulis\n|-damage|p1a: Iron Jugulis|181/271\n|\n|upkeep\n|turn|9\n|\n|t:|1781453667\n|move|p1a: Iron Jugulis|Meteor Beam||[still]\n|-prepare|p1a: Iron Jugulis|Meteor Beam\n|-boost|p1a: Iron Jugulis|spa|1\n|-enditem|p1a: Iron Jugulis|Power Herb\n|-anim|p1a: Iron Jugulis|Meteor Beam|p2a: Lanturn\n|-damage|p2a: Lanturn|0 fnt\n|faint|p2a: Lanturn\n|\n|upkeep\n|\n|t:|1781453690\n|switch|p2a: Iron Boulder|Iron Boulder, L77|265/265\n|-damage|p2a: Iron Boulder|232/265|[from] Spikes\n|turn|10\n|\n|t:|1781453695\n|-terastallize|p1a: Iron Jugulis|Ground\n|move|p2a: Iron Boulder|Close Combat|p1a: Iron Jugulis\n|-damage|p1a: Iron Jugulis|69/271\n|-unboost|p2a: Iron Boulder|def|1\n|-unboost|p2a: Iron Boulder|spd|1\n|-damage|p2a: Iron Boulder|206/265|[from] item: Life Orb\n|move|p1a: Iron Jugulis|Earth Power|p2a: Iron Boulder\n|-supereffective|p2a: Iron Boulder\n|-damage|p2a: Iron Boulder|0 fnt\n|faint|p2a: Iron Boulder\n|-end|p2a: Iron Boulder|Quark Drive|[silent]\n|\n|upkeep\n|\n|t:|1781453710\n|switch|p2a: Espathra|Espathra, L80, F|283/283\n|-damage|p2a: Espathra|248/283|[from] Spikes\n|turn|11\n|\n|t:|1781453716\n|-end|p1a: Iron Jugulis|Quark Drive|[silent]\n|switch|p1a: Klefki|Klefki, L84, F|165/233\n|-activate|p1a: Klefki|move: Sticky Web\n|-unboost|p1a: Klefki|spe|1\n|move|p2a: Espathra|Calm Mind|p2a: Espathra\n|-boost|p2a: Espathra|spa|1\n|-boost|p2a: Espathra|spd|1\n|\n|-heal|p2a: Espathra|265/283|[from] item: Leftovers\n|-heal|p1a: Klefki|179/233|[from] item: Leftovers\n|-ability|p2a: Espathra|Speed Boost|boost\n|-boost|p2a: Espathra|spe|1\n|upkeep\n|turn|12\n|\n|t:|1781453720\n|move|p1a: Klefki|Thunder Wave|p2a: Espathra\n|-status|p2a: Espathra|par\n|cant|p2a: Espathra|par\n|\n|-heal|p2a: Espathra|282/283 par|[from] item: Leftovers\n|-heal|p1a: Klefki|193/233|[from] item: Leftovers\n|-ability|p2a: Espathra|Speed Boost|boost\n|-boost|p2a: Espathra|spe|1\n|upkeep\n|turn|13\n|\n|t:|1781453723\n|move|p2a: Espathra|Calm Mind|p2a: Espathra\n|-boost|p2a: Espathra|spa|1\n|-boost|p2a: Espathra|spd|1\n|move|p1a: Klefki|Play Rough|p2a: Espathra\n|-damage|p2a: Espathra|174/283 par\n|\n|-heal|p2a: Espathra|191/283 par|[from] item: Leftovers\n|-heal|p1a: Klefki|207/233|[from] item: Leftovers\n|-ability|p2a: Espathra|Speed Boost|boost\n|-boost|p2a: Espathra|spe|1\n|upkeep\n|turn|14\n|\n|t:|1781453735\n|move|p2a: Espathra|Calm Mind|p2a: Espathra\n|-boost|p2a: Espathra|spa|1\n|-boost|p2a: Espathra|spd|1\n|move|p1a: Klefki|Play Rough|p2a: Espathra\n|-damage|p2a: Espathra|77/283 par\n|-unboost|p2a: Espathra|atk|1\n|\n|-heal|p2a: Espathra|94/283 par|[from] item: Leftovers\n|-heal|p1a: Klefki|221/233|[from] item: Leftovers\n|-ability|p2a: Espathra|Speed Boost|boost\n|-boost|p2a: Espathra|spe|1\n|upkeep\n|turn|15\n|\n|t:|1781453740\n|move|p2a: Espathra|Stored Power|p1a: Klefki\n|-resisted|p1a: Klefki\n|-damage|p1a: Klefki|0 fnt\n|faint|p1a: Klefki\n|\n|-heal|p2a: Espathra|111/283 par|[from] item: Leftovers\n|-ability|p2a: Espathra|Speed Boost|boost\n|-boost|p2a: Espathra|spe|1\n|upkeep\n|\n|t:|1781453746\n|switch|p1a: Talonflame|Talonflame, L83, F|265/265\n|turn|16\n|\n|t:|1781453755\n|move|p2a: Espathra|Stored Power|p1a: Talonflame\n|-damage|p1a: Talonflame|0 fnt\n|faint|p1a: Talonflame\n|\n|-heal|p2a: Espathra|128/283 par|[from] item: Leftovers\n|-ability|p2a: Espathra|Speed Boost|boost\n|-boost|p2a: Espathra|spe|1\n|upkeep\n|-message|etetete forfeited.\n|\n|win|Skyrack\n", "inputlog": ">version a8376a258c1d4662feba110a92103f3664a72141\n>start {\"formatid\":\"gen9randombattle\",\"seed\":\"sodium,f4cb5391483620004b551fda8448cf79\",\"rated\":\"Rated battle\"}\n>player p1 {\"name\":\"etetete\",\"avatar\":\"170\",\"rating\":2084,\"seed\":\"sodium,5be0b8da74555359bd280290696b8afd\"}\n>player p2 {\"name\":\"Skyrack\",\"avatar\":\"ethan-masters\",\"rating\":2085,\"seed\":\"sodium,e6f65418bd2df4f0a92de221e4d923a9\"}\n>p1 move spore\n>p2 move uturn\n>p2 switch 3\n>p1 switch 4\n>p2 move tripleaxel\n>p1 move thunderwave\n>p2 move stickyweb\n>p1 move thunderwave\n>p2 switch 2\n>p1 move spikes\n>p2 move scald\n>p1 switch 4\n>p2 move scald\n>p1 move leafstorm\n>p2 move scald\n>p1 switch 6\n>p2 move scald\n>p1 move meteorbeam\n>p2 move voltswitch\n>p2 switch 5\n>p1 move earthpower terastallize\n>p2 move closecombat\n>p2 switch 4\n>p1 switch 4\n>p2 move calmmind\n>p1 move thunderwave\n>p2 move calmmind\n>p1 move playrough\n>p2 move calmmind\n>p1 move playrough\n>p2 move calmmind\n>p1 move playrough\n>p2 move storedpower\n>p1 switch 2\n>p1 move bravebird\n>p2 move storedpower\n>forcelose p1", "uploadtime": 1781453587, "views": 6, "formatid": "gen9randombattle", "rating": null, "private": 0, "password": null}