{"id": "gen9randombattle-2631732264", "format": "[Gen 9] Random Battle", "players": ["wang_zj", "vogabal"], "log": "|j|\u2606wang_zj\n|j|\u2606vogabal\n|t:|1781430394\n|gametype|singles\n|player|p1|wang_zj|101|2011\n|player|p2|vogabal|169|2022\n|gen|9\n|tier|[Gen 9] Random Battle\n|rated|\n|rule|Species Clause: Limit one of each Pok\u00e9mon\n|rule|HP Percentage Mod: HP is shown in percentages\n|rule|Sleep Clause Mod: Limit one foe put to sleep\n|rule|Illusion Level Mod: Illusion disguises the Pok\u00e9mon's true level\n|\n|t:|1781430394\n|teamsize|p1|6\n|teamsize|p2|6\n|start\n|switch|p1a: Latias|Latias, L79, F|256/256\n|switch|p2a: Passimian|Passimian, L83, M|302/302\n|turn|1\n|\n|t:|1781430413\n|switch|p1a: Magmortar|Magmortar, L88, M|275/275\n|switch|p2a: Cryogonal|Cryogonal, L89|287/287\n|\n|upkeep\n|turn|2\n|\n|t:|1781430421\n|switch|p2a: Wugtrio|Wugtrio, L91, F|212/212\n|move|p1a: Magmortar|Fire Blast|p2a: Wugtrio\n|-resisted|p2a: Wugtrio\n|-damage|p2a: Wugtrio|134/212\n|\n|upkeep\n|turn|3\n|\n|t:|1781430441\n|switch|p1a: Latias|Latias, L79, F|256/256\n|move|p2a: Wugtrio|Liquidation|p1a: Latias\n|-resisted|p1a: Latias\n|-damage|p1a: Latias|168/256\n|\n|upkeep\n|turn|4\n|\n|t:|1781430450\n|switch|p2a: Cryogonal|Cryogonal, L89|287/287\n|move|p1a: Latias|Recover|p1a: Latias\n|-heal|p1a: Latias|256/256\n|\n|upkeep\n|turn|5\n|\n|t:|1781430475\n|switch|p2a: Lunala|Lunala, L70|235/235\n|switch|p1a: Magmortar|Magmortar, L88, M|275/275\n|\n|upkeep\n|turn|6\n|\n|t:|1781430482\n|move|p2a: Lunala|Nasty Plot|p2a: Lunala\n|-boost|p2a: Lunala|spa|2\n|move|p1a: Magmortar|Knock Off|p2a: Lunala\n|-resisted|p2a: Lunala\n|-damage|p2a: Lunala|186/235\n|replace|p2a: Zoroark|Zoroark, L83, M\n|-end|p2a: Zoroark|Illusion\n|-hint|Illusion Level Mod is active, so this Pok\u00e9mon's true level was hidden.\n|-enditem|p2a: Zoroark|Life Orb|[from] move: Knock Off|[of] p1a: Magmortar\n|\n|upkeep\n|turn|7\n|\n|t:|1781430496\n|move|p2a: Zoroark|Dark Pulse|p1a: Magmortar\n|-damage|p1a: Magmortar|85/275\n|move|p1a: Magmortar|Fire Blast|p2a: Zoroark\n|-damage|p2a: Zoroark|0 fnt\n|faint|p2a: Zoroark\n|\n|upkeep\n|\n|t:|1781430503\n|switch|p2a: Wugtrio|Wugtrio, L91, F|134/212\n|turn|8\n|\n|t:|1781430508\n|move|p2a: Wugtrio|Throat Chop|p1a: Magmortar\n|-damage|p1a: Magmortar|0 fnt\n|faint|p1a: Magmortar\n|\n|upkeep\n|\n|t:|1781430519\n|switch|p1a: Slither Wing|Slither Wing, L81|270/270\n|-enditem|p1a: Slither Wing|Booster Energy\n|-activate|p1a: Slither Wing|ability: Protosynthesis|[fromitem]\n|-start|p1a: Slither Wing|protosynthesisatk\n|turn|9\n|\n|t:|1781430525\n|switch|p2a: Raichu|Raichu-Alola, L87, F|246/246\n|move|p1a: Slither Wing|Bulk Up|p1a: Slither Wing\n|-boost|p1a: Slither Wing|atk|1\n|-boost|p1a: Slither Wing|def|1\n|\n|upkeep\n|turn|10\n|\n|t:|1781430535\n|switch|p2a: Wugtrio|Wugtrio, L91, F|134/212\n|-terastallize|p1a: Slither Wing|Electric\n|move|p1a: Slither Wing|Leech Life|p2a: Wugtrio\n|-damage|p2a: Wugtrio|0 fnt\n|-ability|p2a: Wugtrio|Gooey\n|-unboost|p1a: Slither Wing|spe|1\n|faint|p2a: Wugtrio\n|\n|upkeep\n|\n|t:|1781430545\n|switch|p2a: Lunala|Lunala, L70|308/308\n|turn|11\n|\n|t:|1781430555\n|move|p2a: Lunala|Moongeist Beam|p1a: Slither Wing\n|-damage|p1a: Slither Wing|174/270\n|move|p1a: Slither Wing|Leech Life|p2a: Lunala\n|-damage|p2a: Lunala|188/308\n|-heal|p1a: Slither Wing|234/270|[from] drain|[of] p2a: Lunala\n|\n|-heal|p2a: Lunala|207/308|[from] item: Leftovers\n|upkeep\n|turn|12\n|-message|vogabal forfeited.\n|\n|win|wang_zj\n", "inputlog": ">version a8376a258c1d4662feba110a92103f3664a72141\n>start {\"formatid\":\"gen9randombattle\",\"seed\":\"sodium,b16c76929dc1f96067e83a5e51a1a843\",\"rated\":\"Rated battle\"}\n>player p1 {\"name\":\"wang_zj\",\"avatar\":\"101\",\"rating\":2011,\"seed\":\"sodium,c981176e23f437ab8a0e9b9118461006\"}\n>player p2 {\"name\":\"vogabal\",\"avatar\":\"169\",\"rating\":2022,\"seed\":\"sodium,ed0051a21edf8c4a79ba79cc23cb2d3d\"}\n>p1 switch 6\n>p2 switch 3\n>p1 move fireblast\n>p2 switch 2\n>p1 switch 6\n>p2 move liquidation\n>p1 move recover\n>p2 switch 2\n>p1 switch 6\n>p2 switch 4\n>p1 move knockoff\n>p2 move nastyplot\n>p1 move fireblast\n>p2 move darkpulse\n>p2 switch 2\n>p1 move thunderbolt\n>p2 move throatchop\n>p1 switch 5\n>p1 move bulkup\n>p2 switch 5\n>p1 move leechlife terastallize\n>p2 switch 5\n>p2 switch 6\n>p1 move leechlife\n>p2 move moongeistbeam\n>forcelose p2", "uploadtime": 1781430396, "views": 6, "formatid": "gen9randombattle", "rating": null, "private": 0, "password": null}