{"id": "gen9randombattle-2631530133", "format": "[Gen 9] Random Battle", "players": ["AyoIsThatMvdnvght", "SoraBlairheart"], "log": "|j|\u2606AyoIsThatMvdnvght\n|j|\u2606SoraBlairheart\n|t:|1781397219\n|gametype|singles\n|player|p1|AyoIsThatMvdnvght|corbeau|\n|player|p2|SoraBlairheart|101|\n|gen|9\n|tier|[Gen 9] Random Battle\n|rule|Species Clause: Limit one of each Pok\u00e9mon\n|rule|HP Percentage Mod: HP is shown in percentages\n|rule|Sleep Clause Mod: Limit one foe put to sleep\n|rule|Illusion Level Mod: Illusion disguises the Pok\u00e9mon's true level\n|\n|t:|1781397219\n|teamsize|p1|6\n|teamsize|p2|6\n|start\n|switch|p1a: Great Tusk|Great Tusk, L77|304/304\n|switch|p2a: Fezandipiti|Fezandipiti, L82, M|278/278\n|turn|1\n|\n|t:|1781397235\n|move|p2a: Fezandipiti|Play Rough|p1a: Great Tusk\n|-supereffective|p1a: Great Tusk\n|-damage|p1a: Great Tusk|166/304\n|move|p1a: Great Tusk|Earthquake|p2a: Fezandipiti\n|-supereffective|p2a: Fezandipiti\n|-damage|p2a: Fezandipiti|14/278\n|\n|-heal|p2a: Fezandipiti|31/278|[from] item: Leftovers\n|-heal|p1a: Great Tusk|185/304|[from] item: Leftovers\n|upkeep\n|turn|2\n|\n|t:|1781397246\n|move|p2a: Fezandipiti|Play Rough|p1a: Great Tusk\n|-supereffective|p1a: Great Tusk\n|-damage|p1a: Great Tusk|41/304\n|move|p1a: Great Tusk|Earthquake|p2a: Fezandipiti\n|-supereffective|p2a: Fezandipiti\n|-damage|p2a: Fezandipiti|0 fnt\n|faint|p2a: Fezandipiti\n|\n|-heal|p1a: Great Tusk|60/304|[from] item: Leftovers\n|upkeep\n|\n|t:|1781397266\n|switch|p2a: Lugia|Lugia, L73|275/275\n|turn|3\n|\n|t:|1781397271\n|move|p2a: Lugia|Aeroblast|p1a: Great Tusk\n|-supereffective|p1a: Great Tusk\n|-damage|p1a: Great Tusk|0 fnt\n|faint|p1a: Great Tusk\n|-end|p1a: Great Tusk|Protosynthesis|[silent]\n|\n|upkeep\n|\n|t:|1781397284\n|switch|p1a: Spiritomb|Spiritomb, L89, F|234/234\n|turn|4\n|inactive|Battle timer is ON: inactive players will automatically lose when time's up. (requested by AyoIsThatMvdnvght)\n|inactive|SoraBlairheart has 270 seconds left.\n|\n|t:|1781397332\n|move|p1a: Spiritomb|Shadow Sneak|p2a: Lugia\n|-supereffective|p2a: Lugia\n|-damage|p2a: Lugia|217/275\n|move|p2a: Lugia|Aeroblast|p1a: Spiritomb\n|-damage|p1a: Spiritomb|176/234\n|\n|upkeep\n|turn|5\n|\n|t:|1781397345\n|switch|p1a: Terrakion|Terrakion, L79|273/273\n|move|p2a: Lugia|Aeroblast|p1a: Terrakion\n|-damage|p1a: Terrakion|185/273\n|\n|upkeep\n|turn|6\n|\n|t:|1781397369\n|switch|p2a: Dragonite|Dragonite, L74, F|257/257\n|move|p1a: Terrakion|Stone Edge|p2a: Dragonite|[miss]\n|-miss|p1a: Terrakion|p2a: Dragonite\n|\n|upkeep\n|turn|7\n|\n|t:|1781397377\n|move|p1a: Terrakion|Stone Edge|p2a: Dragonite|[miss]\n|-miss|p1a: Terrakion|p2a: Dragonite\n|move|p2a: Dragonite|Earthquake|p1a: Terrakion\n|-supereffective|p1a: Terrakion\n|-damage|p1a: Terrakion|23/273\n|\n|upkeep\n|turn|8\n|\n|t:|1781397386\n|move|p1a: Terrakion|Stone Edge|p2a: Dragonite\n|-supereffective|p2a: Dragonite\n|-damage|p2a: Dragonite|71/257\n|move|p2a: Dragonite|Earthquake|p1a: Terrakion\n|-supereffective|p1a: Terrakion\n|-damage|p1a: Terrakion|0 fnt\n|faint|p1a: Terrakion\n|\n|upkeep\n|\n|t:|1781397396\n|switch|p1a: Jumpluff|Jumpluff, L87, M|271/271\n|turn|9\n|\n|t:|1781397420\n|switch|p2a: Eelektross|Eelektross, L87, M|290/290\n|move|p1a: Jumpluff|Acrobatics|p2a: Eelektross\n|-resisted|p2a: Eelektross\n|-damage|p2a: Eelektross|247/290\n|\n|upkeep\n|turn|10\n|\n|t:|1781397432\n|move|p1a: Jumpluff|Strength Sap|p2a: Eelektross\n|-unboost|p2a: Eelektross|atk|1\n|move|p2a: Eelektross|Discharge|p1a: Jumpluff\n|-damage|p1a: Jumpluff|177/271\n|\n|upkeep\n|turn|11\n|\n|t:|1781397442\n|move|p1a: Jumpluff|Acrobatics|p2a: Eelektross\n|-resisted|p2a: Eelektross\n|-damage|p2a: Eelektross|208/290\n|move|p2a: Eelektross|Discharge|p1a: Jumpluff\n|-damage|p1a: Jumpluff|92/271\n|\n|upkeep\n|turn|12\n|inactive|SoraBlairheart has 270 seconds left.\n|\n|t:|1781397464\n|move|p1a: Jumpluff|Sleep Powder|p2a: Eelektross\n|-status|p2a: Eelektross|slp|[from] move: Sleep Powder\n|cant|p2a: Eelektross|slp\n|\n|upkeep\n|turn|13\n|\n|t:|1781397472\n|switch|p1a: Swanna|Swanna, L89, M|278/278\n|cant|p2a: Eelektross|slp\n|\n|upkeep\n|turn|14\n|\n|t:|1781397479\n|move|p1a: Swanna|Hydro Pump|p2a: Eelektross|[miss]\n|-miss|p1a: Swanna|p2a: Eelektross\n|cant|p2a: Eelektross|slp\n|\n|upkeep\n|turn|15\n|\n|t:|1781397484\n|move|p1a: Swanna|Hydro Pump|p2a: Eelektross|[miss]\n|-miss|p1a: Swanna|p2a: Eelektross\n|-curestatus|p2a: Eelektross|slp|[msg]\n|move|p2a: Eelektross|Discharge|p1a: Swanna\n|-supereffective|p1a: Swanna\n|-crit|p1a: Swanna\n|-damage|p1a: Swanna|0 fnt\n|faint|p1a: Swanna\n|\n|upkeep\n|\n|t:|1781397497\n|switch|p1a: Spiritomb|Spiritomb, L89, F|176/234\n|turn|16\n|\n|t:|1781397524\n|move|p2a: Eelektross|Discharge|p1a: Spiritomb\n|-damage|p1a: Spiritomb|98/234\n|-status|p1a: Spiritomb|par\n|cant|p1a: Spiritomb|par\n|\n|upkeep\n|turn|17\n|\n|t:|1781397532\n|move|p2a: Eelektross|Discharge|p1a: Spiritomb\n|-damage|p1a: Spiritomb|20/234 par\n|move|p1a: Spiritomb|Poltergeist|p2a: Eelektross\n|-activate|p2a: Eelektross|move: Poltergeist|Assault Vest\n|-damage|p2a: Eelektross|13/290\n|\n|upkeep\n|turn|18\n|\n|t:|1781397540\n|move|p2a: Eelektross|Discharge|p1a: Spiritomb\n|-damage|p1a: Spiritomb|0 fnt\n|faint|p1a: Spiritomb\n|\n|upkeep\n|\n|t:|1781397545\n|switch|p1a: Jumpluff|Jumpluff, L87, M|92/271\n|turn|19\n|\n|t:|1781397568\n|switch|p2a: Registeel|Registeel, L81|262/262\n|move|p1a: Jumpluff|Acrobatics|p2a: Registeel\n|-resisted|p2a: Registeel\n|-damage|p2a: Registeel|234/262\n|\n|-heal|p2a: Registeel|250/262|[from] item: Leftovers\n|upkeep\n|turn|20\n|\n|t:|1781397578\n|move|p1a: Jumpluff|Sleep Powder|p2a: Registeel\n|-status|p2a: Registeel|slp|[from] move: Sleep Powder\n|cant|p2a: Registeel|slp\n|\n|-heal|p2a: Registeel|262/262 slp|[from] item: Leftovers\n|upkeep\n|turn|21\n|\n|t:|1781397596\n|switch|p1a: Bastiodon|Bastiodon, L89, F|252/252\n|-curestatus|p2a: Registeel|slp|[msg]\n|move|p2a: Registeel|Iron Head|p1a: Bastiodon\n|-damage|p1a: Bastiodon|213/252\n|\n|upkeep\n|turn|22\n|\n|t:|1781397603\n|move|p2a: Registeel|Body Press|p1a: Bastiodon\n|-supereffective|p1a: Bastiodon\n|-damage|p1a: Bastiodon|49/252\n|move|p1a: Bastiodon|Iron Defense|p1a: Bastiodon\n|-boost|p1a: Bastiodon|def|2\n|\n|upkeep\n|turn|23\n|\n|t:|1781397611\n|-terastallize|p1a: Bastiodon|Fighting\n|move|p2a: Registeel|Thunder Wave|p1a: Bastiodon\n|-status|p1a: Bastiodon|par\n|move|p1a: Bastiodon|Rest|p1a: Bastiodon\n|-status|p1a: Bastiodon|slp|[from] move: Rest\n|-heal|p1a: Bastiodon|252/252 slp|[silent]\n|-enditem|p1a: Bastiodon|Chesto Berry|[eat]\n|-curestatus|p1a: Bastiodon|slp|[msg]\n|\n|upkeep\n|turn|24\n|\n|t:|1781397622\n|move|p2a: Registeel|Thunder Wave|p1a: Bastiodon\n|-status|p1a: Bastiodon|par\n|move|p1a: Bastiodon|Body Press|p2a: Registeel\n|-supereffective|p2a: Registeel\n|-damage|p2a: Registeel|0 fnt\n|faint|p2a: Registeel\n|\n|upkeep\n|\n|t:|1781397641\n|switch|p2a: Lugia|Lugia, L73|217/275\n|turn|25\n|\n|t:|1781397646\n|move|p2a: Lugia|Aeroblast|p1a: Bastiodon\n|-supereffective|p1a: Bastiodon\n|-crit|p1a: Bastiodon\n|-damage|p1a: Bastiodon|88/252 par\n|move|p1a: Bastiodon|Foul Play|p2a: Lugia\n|-supereffective|p2a: Lugia\n|-damage|p2a: Lugia|145/275\n|\n|upkeep\n|turn|26\n|\n|t:|1781397654\n|move|p2a: Lugia|Aeroblast|p1a: Bastiodon\n|-supereffective|p1a: Bastiodon\n|-damage|p1a: Bastiodon|0 fnt\n|faint|p1a: Bastiodon\n|\n|upkeep\n|\n|t:|1781397660\n|switch|p1a: Jumpluff|Jumpluff, L87, M|92/271\n|turn|27\n|\n|t:|1781397665\n|move|p1a: Jumpluff|Acrobatics|p2a: Lugia\n|-damage|p2a: Lugia|76/275\n|move|p2a: Lugia|Aeroblast|p1a: Jumpluff\n|-supereffective|p1a: Jumpluff\n|-damage|p1a: Jumpluff|0 fnt\n|faint|p1a: Jumpluff\n|\n|win|SoraBlairheart\n", "inputlog": ">version a8376a258c1d4662feba110a92103f3664a72141\n>start {\"formatid\":\"gen9randombattle\",\"seed\":\"sodium,605f34dfe3a6a0c6996270853d91339e\"}\n>player p1 {\"name\":\"AyoIsThatMvdnvght\",\"avatar\":\"corbeau\",\"rating\":0,\"seed\":\"sodium,7bb4c67f9f65735d53c9c03b1dfc2600\"}\n>player p2 {\"name\":\"SoraBlairheart\",\"avatar\":\"101\",\"rating\":0,\"seed\":\"sodium,f74c624d45fe725bc1f01061388b2ca9\"}\n>p1 move earthquake\n>p2 move playrough\n>p1 move earthquake\n>p2 move playrough\n>p2 switch 4\n>p1 move stoneedge\n>p2 move aeroblast\n>p1 switch 6\n>p1 move shadowsneak\n>p2 move aeroblast\n>p1 switch 2\n>p2 move aeroblast\n>p1 move stoneedge\n>p2 switch 6\n>p1 move stoneedge\n>p2 move earthquake\n>p1 move stoneedge\n>p2 move earthquake\n>p1 switch 4\n>p1 move acrobatics\n>p2 switch 2\n>p1 move strengthsap\n>p2 move discharge\n>p1 move acrobatics\n>p2 move discharge\n>p1 move sleeppowder\n>p2 move closecombat\n>p1 switch 3\n>p2 move discharge\n>p1 move hydropump\n>p2 move discharge\n>p1 move hydropump\n>p2 move discharge\n>p1 switch 2\n>p1 move poltergeist\n>p2 move discharge\n>p1 move poltergeist\n>p2 move discharge\n>p1 move poltergeist\n>p2 move discharge\n>p1 switch 3\n>p1 move acrobatics\n>p2 switch 3\n>p1 move sleeppowder\n>p2 move thunderwave\n>p1 switch 5\n>p2 move ironhead\n>p1 move irondefense\n>p2 move bodypress\n>p1 move rest terastallize\n>p2 move thunderwave\n>p1 move bodypress\n>p2 move thunderwave\n>p2 switch 6\n>p1 move foulplay\n>p2 move aeroblast\n>p1 move bodypress\n>p2 move aeroblast\n>p1 switch 5\n>p1 move acrobatics\n>p2 move aeroblast", "uploadtime": 1781397674, "views": 5, "formatid": "gen9randombattle", "rating": null, "private": 0, "password": null}