{"id": "gen9randombattle-2631929754", "format": "[Gen 9] Random Battle", "players": ["cityman16", "smji"], "log": "|j|\u2606cityman16\n|j|\u2606smji\n|t:|1781456774\n|gametype|singles\n|player|p1|cityman16|chuck|1685\n|player|p2|smji|1|1661\n|gen|9\n|tier|[Gen 9] Random Battle\n|rated|\n|rule|Species Clause: Limit one of each Pok\u00e9mon\n|rule|HP Percentage Mod: HP is shown in percentages\n|rule|Sleep Clause Mod: Limit one foe put to sleep\n|rule|Illusion Level Mod: Illusion disguises the Pok\u00e9mon's true level\n|\n|t:|1781456774\n|teamsize|p1|6\n|teamsize|p2|6\n|start\n|switch|p1a: Pecharunt|Pecharunt, L77|262/262\n|switch|p2a: Gastrodon|Gastrodon-East, L86, M|331/331\n|turn|1\n|inactive|Battle timer is ON: inactive players will automatically lose when time's up. (requested by smji)\n|\n|t:|1781456790\n|switch|p1a: Noctowl|Noctowl, L95, F|344/344\n|move|p2a: Gastrodon|Earthquake|p1a: Noctowl\n|-immune|p1a: Noctowl\n|\n|upkeep\n|turn|2\n|\n|t:|1781456798\n|move|p1a: Noctowl|Calm Mind|p1a: Noctowl\n|-boost|p1a: Noctowl|spa|1\n|-boost|p1a: Noctowl|spd|1\n|move|p2a: Gastrodon|Sludge Bomb|p1a: Noctowl\n|-damage|p1a: Noctowl|310/344\n|\n|upkeep\n|turn|3\n|\n|t:|1781456805\n|switch|p2a: Krookodile|Krookodile, L79, F|280/280\n|-ability|p2a: Krookodile|Intimidate|boost\n|-unboost|p1a: Noctowl|atk|1\n|move|p1a: Noctowl|Hurricane|p2a: Krookodile|[miss]\n|-miss|p1a: Noctowl|p2a: Krookodile\n|\n|upkeep\n|turn|4\n|\n|t:|1781456818\n|switch|p1a: Pecharunt|Pecharunt, L77|262/262\n|move|p2a: Krookodile|Knock Off|p1a: Pecharunt\n|-supereffective|p1a: Pecharunt\n|-damage|p1a: Pecharunt|88/262\n|-enditem|p1a: Pecharunt|Leftovers|[from] move: Knock Off|[of] p2a: Krookodile\n|-damage|p2a: Krookodile|252/280|[from] item: Life Orb\n|\n|upkeep\n|turn|5\n|\n|t:|1781456829\n|move|p2a: Krookodile|Stealth Rock|p1a: Pecharunt\n|-sidestart|p1: cityman16|move: Stealth Rock\n|move|p1a: Pecharunt|Recover|p1a: Pecharunt\n|-heal|p1a: Pecharunt|219/262\n|\n|upkeep\n|turn|6\n|\n|t:|1781456851\n|move|p2a: Krookodile|Earthquake|p1a: Pecharunt\n|-supereffective|p1a: Pecharunt\n|-damage|p1a: Pecharunt|40/262\n|-damage|p2a: Krookodile|224/280|[from] item: Life Orb\n|move|p1a: Pecharunt|Malignant Chain|p2a: Krookodile\n|-resisted|p2a: Krookodile\n|-damage|p2a: Krookodile|171/280\n|\n|upkeep\n|turn|7\n|\n|t:|1781456855\n|switch|p1a: Noctowl|Noctowl, L95, F|310/344\n|move|p2a: Krookodile|Knock Off|p1a: Noctowl\n|-damage|p1a: Noctowl|125/344\n|-enditem|p1a: Noctowl|Heavy-Duty Boots|[from] move: Knock Off|[of] p2a: Krookodile\n|-damage|p2a: Krookodile|143/280|[from] item: Life Orb\n|\n|upkeep\n|turn|8\n|\n|t:|1781456873\n|move|p2a: Krookodile|Gunk Shot|p1a: Noctowl|[miss]\n|-miss|p2a: Krookodile|p1a: Noctowl\n|move|p1a: Noctowl|Roost|p1a: Noctowl\n|-heal|p1a: Noctowl|297/344\n|-singleturn|p1a: Noctowl|move: Roost\n|\n|upkeep\n|turn|9\n|\n|t:|1781456879\n|move|p2a: Krookodile|Gunk Shot|p1a: Noctowl\n|-damage|p1a: Noctowl|140/344\n|-damage|p2a: Krookodile|115/280|[from] item: Life Orb\n|move|p1a: Noctowl|Calm Mind|p1a: Noctowl\n|-boost|p1a: Noctowl|spa|1\n|-boost|p1a: Noctowl|spd|1\n|\n|upkeep\n|turn|10\n|\n|t:|1781456883\n|move|p2a: Krookodile|Gunk Shot|p1a: Noctowl\n|-damage|p1a: Noctowl|4/344\n|-damage|p2a: Krookodile|87/280|[from] item: Life Orb\n|move|p1a: Noctowl|Roost|p1a: Noctowl\n|-heal|p1a: Noctowl|176/344\n|-singleturn|p1a: Noctowl|move: Roost\n|\n|upkeep\n|turn|11\n|\n|t:|1781456887\n|move|p2a: Krookodile|Gunk Shot|p1a: Noctowl|[miss]\n|-miss|p2a: Krookodile|p1a: Noctowl\n|move|p1a: Noctowl|Roost|p1a: Noctowl\n|-heal|p1a: Noctowl|344/344\n|-singleturn|p1a: Noctowl|move: Roost\n|\n|upkeep\n|turn|12\n|\n|t:|1781456896\n|move|p2a: Krookodile|Gunk Shot|p1a: Noctowl\n|-damage|p1a: Noctowl|189/344\n|-status|p1a: Noctowl|psn\n|-damage|p2a: Krookodile|59/280|[from] item: Life Orb\n|move|p1a: Noctowl|Calm Mind|p1a: Noctowl\n|-boost|p1a: Noctowl|spa|1\n|-boost|p1a: Noctowl|spd|1\n|\n|-damage|p1a: Noctowl|146/344 psn|[from] psn\n|upkeep\n|turn|13\n|\n|t:|1781456903\n|move|p2a: Krookodile|Gunk Shot|p1a: Noctowl\n|-damage|p1a: Noctowl|0 fnt\n|faint|p1a: Noctowl\n|-damage|p2a: Krookodile|31/280|[from] item: Life Orb\n|\n|upkeep\n|\n|t:|1781456908\n|switch|p1a: Pyroar|Pyroar, L88, M|295/295\n|-ability|p1a: Pyroar|Unnerve\n|turn|14\n|\n|t:|1781456914\n|switch|p2a: Gastrodon|Gastrodon-East, L86, M|331/331\n|move|p1a: Pyroar|Hyper Voice|p2a: Gastrodon\n|-damage|p2a: Gastrodon|219/331\n|\n|-heal|p2a: Gastrodon|239/331|[from] item: Leftovers\n|upkeep\n|turn|15\n|\n|t:|1781456919\n|move|p1a: Pyroar|Will-O-Wisp|p2a: Gastrodon\n|-status|p2a: Gastrodon|brn\n|move|p2a: Gastrodon|Recover|p2a: Gastrodon\n|-heal|p2a: Gastrodon|331/331 brn\n|\n|-damage|p2a: Gastrodon|311/331 brn|[from] brn\n|upkeep\n|turn|16\n|\n|t:|1781456921\n|move|p1a: Pyroar|Work Up|p1a: Pyroar\n|-boost|p1a: Pyroar|atk|1\n|-boost|p1a: Pyroar|spa|1\n|move|p2a: Gastrodon|Surf|p1a: Pyroar\n|-supereffective|p1a: Pyroar\n|-damage|p1a: Pyroar|53/295\n|\n|-heal|p2a: Gastrodon|331/331 brn|[from] item: Leftovers\n|-damage|p2a: Gastrodon|311/331 brn|[from] brn\n|upkeep\n|turn|17\n|\n|t:|1781456928\n|move|p1a: Pyroar|Hyper Voice|p2a: Gastrodon\n|-damage|p2a: Gastrodon|128/331 brn\n|move|p2a: Gastrodon|Surf|p1a: Pyroar\n|-supereffective|p1a: Pyroar\n|-damage|p1a: Pyroar|0 fnt\n|faint|p1a: Pyroar\n|\n|-heal|p2a: Gastrodon|148/331 brn|[from] item: Leftovers\n|-damage|p2a: Gastrodon|128/331 brn|[from] brn\n|upkeep\n|\n|t:|1781456936\n|switch|p1a: Deoxys|Deoxys-Speed, L82|216/216\n|-damage|p1a: Deoxys|189/216|[from] Stealth Rock\n|-ability|p1a: Deoxys|Pressure\n|turn|18\n|\n|t:|1781456943\n|move|p1a: Deoxys|Stealth Rock|p2a: Gastrodon\n|-sidestart|p2: smji|move: Stealth Rock\n|move|p2a: Gastrodon|Surf|p1a: Deoxys\n|-damage|p1a: Deoxys|92/216\n|\n|-heal|p1a: Deoxys|105/216|[from] item: Leftovers\n|-heal|p2a: Gastrodon|148/331 brn|[from] item: Leftovers\n|-damage|p2a: Gastrodon|128/331 brn|[from] brn\n|upkeep\n|turn|19\n|\n|t:|1781456947\n|move|p1a: Deoxys|Spikes|p2a: Gastrodon\n|-sidestart|p2: smji|Spikes\n|move|p2a: Gastrodon|Surf|p1a: Deoxys\n|-damage|p1a: Deoxys|0 fnt\n|faint|p1a: Deoxys\n|\n|-heal|p2a: Gastrodon|148/331 brn|[from] item: Leftovers\n|-damage|p2a: Gastrodon|128/331 brn|[from] brn\n|upkeep\n|\n|t:|1781456951\n|switch|p1a: Pecharunt|Pecharunt, L77|40/262\n|-damage|p1a: Pecharunt|8/262|[from] Stealth Rock\n|turn|20\n|\n|t:|1781456959\n|move|p1a: Pecharunt|Recover|p1a: Pecharunt\n|-heal|p1a: Pecharunt|139/262\n|move|p2a: Gastrodon|Surf|p1a: Pecharunt\n|-damage|p1a: Pecharunt|42/262\n|\n|-heal|p2a: Gastrodon|148/331 brn|[from] item: Leftovers\n|-damage|p2a: Gastrodon|128/331 brn|[from] brn\n|upkeep\n|turn|21\n|\n|t:|1781456964\n|move|p1a: Pecharunt|Recover|p1a: Pecharunt\n|-heal|p1a: Pecharunt|173/262\n|move|p2a: Gastrodon|Surf|p1a: Pecharunt\n|-damage|p1a: Pecharunt|67/262\n|\n|-heal|p2a: Gastrodon|148/331 brn|[from] item: Leftovers\n|-damage|p2a: Gastrodon|128/331 brn|[from] brn\n|upkeep\n|turn|22\n|\n|t:|1781456975\n|move|p1a: Pecharunt|Recover|p1a: Pecharunt\n|-heal|p1a: Pecharunt|198/262\n|move|p2a: Gastrodon|Surf|p1a: Pecharunt\n|-damage|p1a: Pecharunt|95/262\n|\n|-heal|p2a: Gastrodon|148/331 brn|[from] item: Leftovers\n|-damage|p2a: Gastrodon|128/331 brn|[from] brn\n|upkeep\n|turn|23\n|\n|t:|1781456981\n|move|p1a: Pecharunt|Shadow Ball|p2a: Gastrodon\n|-damage|p2a: Gastrodon|65/331 brn\n|-unboost|p2a: Gastrodon|spd|1\n|move|p2a: Gastrodon|Surf|p1a: Pecharunt\n|-damage|p1a: Pecharunt|0 fnt\n|faint|p1a: Pecharunt\n|\n|-heal|p2a: Gastrodon|85/331 brn|[from] item: Leftovers\n|-damage|p2a: Gastrodon|65/331 brn|[from] brn\n|upkeep\n|\n|t:|1781456990\n|switch|p1a: Baxcalibur|Baxcalibur, L75, M|296/296\n|turn|24\n|inactive|smji has 120 seconds left.\n|inactive|smji has 90 seconds left.\n|\n|t:|1781457075\n|switch|p2a: Krookodile|Krookodile, L79, F|31/280\n|-damage|p2a: Krookodile|14/280|[from] Stealth Rock\n|-damage|p2a: Krookodile|0 fnt|[from] Spikes\n|faint|p2a: Krookodile\n|move|p1a: Baxcalibur|Dragon Dance|p1a: Baxcalibur\n|-boost|p1a: Baxcalibur|atk|1\n|-boost|p1a: Baxcalibur|spe|1\n|\n|upkeep\n|inactive|smji has 60 seconds left.\n|inactive|smji has 30 seconds left.\n|inactive|smji has 20 seconds left.\n|\n|t:|1781457133\n|switch|p2a: Virizion|Virizion, L82|283/283\n|-damage|p2a: Virizion|266/283|[from] Stealth Rock\n|-damage|p2a: Virizion|231/283|[from] Spikes\n|turn|25\n|inactive|smji has 30 seconds left this turn.\n|\n|t:|1781457146\n|-terastallize|p1a: Baxcalibur|Dragon\n|-terastallize|p2a: Virizion|Rock\n|move|p1a: Baxcalibur|Glaive Rush|p2a: Virizion\n|-damage|p2a: Virizion|0 fnt\n|-singlemove|p1a: Baxcalibur|Glaive Rush|[silent]\n|faint|p2a: Virizion\n|\n|upkeep\n|inactive|smji has 30 seconds left.\n|inactive|smji has 20 seconds left.\n|inactive|smji has 15 seconds left.\n|\n|t:|1781457169\n|switch|p2a: Pyroar|Pyroar, L88, F|295/295\n|-ability|p2a: Pyroar|Unnerve\n|turn|26\n|inactive|smji has 25 seconds left this turn.\n|\n|t:|1781457174\n|move|p1a: Baxcalibur|Glaive Rush|p2a: Pyroar\n|-damage|p2a: Pyroar|0 fnt\n|-singlemove|p1a: Baxcalibur|Glaive Rush|[silent]\n|faint|p2a: Pyroar\n|\n|upkeep\n|inactive|smji has 30 seconds left this turn.\n|\n|t:|1781457182\n|switch|p2a: Gengar|Gengar, L81, F|230/230\n|-damage|p2a: Gengar|202/230|[from] Stealth Rock\n|-damage|p2a: Gengar|174/230|[from] Spikes\n|turn|27\n|\n|t:|1781457186\n|move|p1a: Baxcalibur|Glaive Rush|p2a: Gengar\n|-damage|p2a: Gengar|0 fnt\n|-singlemove|p1a: Baxcalibur|Glaive Rush|[silent]\n|faint|p2a: Gengar\n|\n|upkeep\n|-message|smji forfeited.\n|\n|win|cityman16\n|raw|cityman16's rating: 1685 &rarr; <strong>1704</strong><br />(+19 for winning)\n|raw|smji's rating: 1661 &rarr; <strong>1642</strong><br />(-19 for losing)\n|l|\u2606smji\n|player|p2|\n", "inputlog": ">version a8376a258c1d4662feba110a92103f3664a72141\n>start {\"formatid\":\"gen9randombattle\",\"seed\":\"sodium,e2ec9bf95540ae2d6820c79cb20c0209\",\"rated\":\"Rated battle\"}\n>player p1 {\"name\":\"cityman16\",\"avatar\":\"chuck\",\"rating\":1685,\"seed\":\"sodium,8157261a482c689966043ec7907ac433\"}\n>player p2 {\"name\":\"smji\",\"avatar\":\"1\",\"rating\":1661,\"seed\":\"sodium,7baecf931022ee62b78854807493d827\"}\n>p1 switch 2\n>p2 move earthquake\n>p1 move calmmind\n>p2 move sludgebomb\n>p1 move hurricane\n>p2 switch 3\n>p1 switch 2\n>p2 move knockoff\n>p1 move recover\n>p2 move stealthrock\n>p1 move malignantchain\n>p2 move earthquake\n>p1 switch 2\n>p2 move knockoff\n>p1 move roost\n>p2 move gunkshot\n>p1 move calmmind\n>p2 move gunkshot\n>p1 move roost\n>p2 move gunkshot\n>p1 move roost\n>p2 move gunkshot\n>p1 move calmmind\n>p2 move gunkshot\n>p1 move roost\n>p2 move gunkshot\n>p1 switch 6\n>p1 move hypervoice\n>p2 switch 3\n>p1 move willowisp\n>p2 move recover\n>p1 move workup\n>p2 move surf\n>p1 move hypervoice\n>p2 move surf\n>p1 switch 3\n>p1 move stealthrock\n>p2 move surf\n>p1 move spikes\n>p2 move surf\n>p1 switch 2\n>p1 move recover\n>p2 move surf\n>p1 move recover\n>p2 move surf\n>p1 move recover\n>p2 move surf\n>p1 move shadowball\n>p2 move surf\n>p1 switch 4\n>p1 move dragondance\n>p2 switch 3\n>p2 switch 2\n>p1 move glaiverush terastallize\n>p2 move closecombat terastallize\n>p2 switch 4\n>p1 move glaiverush\n>p2 move fireblast\n>p2 switch 6\n>p1 move glaiverush\n>p2 move sludgewave\n>forcelose p2", "uploadtime": 1781457194, "views": 26, "formatid": "gen9randombattle", "rating": 1642, "private": 0, "password": null}