{"id": "gen9randombattle-2631894314", "format": "[Gen 9] Random Battle", "players": ["YouShallNotPas", "parathasocks"], "log": "|j|\u2606YouShallNotPas\n|j|\u2606parathasocks\n|t:|1781452935\n|gametype|singles\n|player|p1|YouShallNotPas|101|1868\n|player|p2|parathasocks|170|1944\n|gen|9\n|tier|[Gen 9] Random Battle\n|rated|\n|rule|Species Clause: Limit one of each Pok\u00e9mon\n|rule|HP Percentage Mod: HP is shown in percentages\n|rule|Sleep Clause Mod: Limit one foe put to sleep\n|rule|Illusion Level Mod: Illusion disguises the Pok\u00e9mon's true level\n|\n|t:|1781452935\n|teamsize|p1|6\n|teamsize|p2|6\n|start\n|switch|p1a: Golurk|Golurk, L87|297/297\n|switch|p2a: Wo-Chien|Wo-Chien, L83|277/277\n|-ability|p2a: Wo-Chien|Tablets of Ruin\n|turn|1\n|\n|t:|1781452948\n|move|p2a: Wo-Chien|Knock Off|p1a: Golurk\n|-supereffective|p1a: Golurk\n|-damage|p1a: Golurk|99/297\n|-enditem|p1a: Golurk|Choice Band|[from] move: Knock Off|[of] p2a: Wo-Chien\n|move|p1a: Golurk|Dynamic Punch|p2a: Wo-Chien\n|-supereffective|p2a: Wo-Chien\n|-damage|p2a: Wo-Chien|147/277\n|-start|p2a: Wo-Chien|confusion\n|\n|-heal|p2a: Wo-Chien|164/277|[from] item: Leftovers\n|upkeep\n|turn|2\n|\n|t:|1781452961\n|-activate|p2a: Wo-Chien|confusion\n|-damage|p2a: Wo-Chien|142/277|[from] confusion\n|move|p1a: Golurk|Dynamic Punch|p2a: Wo-Chien\n|-supereffective|p2a: Wo-Chien\n|-damage|p2a: Wo-Chien|22/277\n|\n|-heal|p2a: Wo-Chien|39/277|[from] item: Leftovers\n|upkeep\n|turn|3\n|\n|t:|1781452981\n|switch|p1a: Excadrill|Excadrill, L79, M|303/303\n|-ability|p1a: Excadrill|Mold Breaker\n|-end|p2a: Wo-Chien|confusion\n|move|p2a: Wo-Chien|Knock Off|p1a: Excadrill\n|-damage|p1a: Excadrill|185/303\n|-enditem|p1a: Excadrill|Assault Vest|[from] move: Knock Off|[of] p2a: Wo-Chien\n|\n|-heal|p2a: Wo-Chien|56/277|[from] item: Leftovers\n|upkeep\n|turn|4\n|\n|t:|1781452998\n|move|p1a: Excadrill|Rapid Spin|p2a: Wo-Chien\n|-damage|p2a: Wo-Chien|25/277\n|-boost|p1a: Excadrill|spe|1\n|move|p2a: Wo-Chien|Leech Seed|p1a: Excadrill\n|-start|p1a: Excadrill|move: Leech Seed\n|\n|-heal|p2a: Wo-Chien|42/277|[from] item: Leftovers\n|-damage|p1a: Excadrill|148/303|[from] Leech Seed|[of] p2a: Wo-Chien\n|-heal|p2a: Wo-Chien|79/277|[silent]\n|upkeep\n|turn|5\n|\n|t:|1781453008\n|switch|p1a: Leavanny|Leavanny, L86, M|269/269\n|move|p2a: Wo-Chien|Protect||[still]\n|-fail|p2a: Wo-Chien\n|\n|-heal|p2a: Wo-Chien|96/277|[from] item: Leftovers\n|upkeep\n|turn|6\n|\n|t:|1781453016\n|move|p1a: Leavanny|Sticky Web|p2a: Wo-Chien\n|-sidestart|p2: parathasocks|move: Sticky Web\n|move|p2a: Wo-Chien|Knock Off|p1a: Leavanny\n|-damage|p1a: Leavanny|175/269\n|-enditem|p1a: Leavanny|Loaded Dice|[from] move: Knock Off|[of] p2a: Wo-Chien\n|\n|-heal|p2a: Wo-Chien|113/277|[from] item: Leftovers\n|upkeep\n|turn|7\n|\n|t:|1781453023\n|move|p1a: Leavanny|Triple Axel|p2a: Wo-Chien\n|-supereffective|p2a: Wo-Chien\n|-damage|p2a: Wo-Chien|89/277\n|-supereffective|p2a: Wo-Chien\n|-damage|p2a: Wo-Chien|49/277\n|-supereffective|p2a: Wo-Chien\n|-damage|p2a: Wo-Chien|0 fnt\n|faint|p2a: Wo-Chien\n|-hitcount|p2: Wo-Chien|3\n|\n|upkeep\n|\n|t:|1781453047\n|switch|p2a: Flamigo|Flamigo, L82, M|269/269\n|turn|8\n|\n|t:|1781453062\n|move|p1a: Leavanny|Triple Axel|p2a: Flamigo\n|-supereffective|p2a: Flamigo\n|-damage|p2a: Flamigo|229/269\n|-supereffective|p2a: Flamigo\n|-crit|p2a: Flamigo\n|-damage|p2a: Flamigo|123/269\n|-supereffective|p2a: Flamigo\n|-damage|p2a: Flamigo|17/269\n|-hitcount|p2a: Flamigo|3\n|move|p2a: Flamigo|Brave Bird|p1a: Leavanny\n|-supereffective|p1a: Leavanny\n|-damage|p1a: Leavanny|0 fnt\n|faint|p1a: Leavanny\n|-damage|p2a: Flamigo|0 fnt|[from] Recoil\n|faint|p2a: Flamigo\n|\n|upkeep\n|\n|t:|1781453092\n|switch|p1a: Meloetta|Meloetta, L82|298/298\n|switch|p2a: Iron Treads|Iron Treads, L77|265/265\n|-activate|p2a: Iron Treads|move: Sticky Web\n|-unboost|p2a: Iron Treads|spe|1\n|turn|9\n|\n|t:|1781453117\n|move|p1a: Meloetta|Close Combat|p2a: Iron Treads\n|-supereffective|p2a: Iron Treads\n|-damage|p2a: Iron Treads|117/265\n|-unboost|p1a: Meloetta|def|1\n|-unboost|p1a: Meloetta|spd|1\n|-damage|p1a: Meloetta|269/298|[from] item: Life Orb\n|move|p2a: Iron Treads|Rapid Spin|p1a: Meloetta\n|-damage|p1a: Meloetta|207/298\n|-boost|p2a: Iron Treads|spe|1\n|-sideend|p2: parathasocks|Sticky Web|[from] move: Rapid Spin|[of] p2a: Iron Treads\n|\n|upkeep\n|turn|10\n|\n|t:|1781453130\n|switch|p1a: Vileplume|Vileplume, L85, F|266/266\n|move|p2a: Iron Treads|Iron Head|p1a: Vileplume\n|-damage|p1a: Vileplume|182/266\n|-status|p2a: Iron Treads|slp|[from] ability: Effect Spore|[of] p1a: Vileplume\n|\n|-heal|p1a: Vileplume|198/266|[from] item: Leftovers\n|upkeep\n|turn|11\n|\n|t:|1781453149\n|-end|p2a: Iron Treads|Quark Drive|[silent]\n|switch|p2a: Pachirisu|Pachirisu, L96, M|271/271\n|move|p1a: Vileplume|Leech Seed|p2a: Pachirisu\n|-start|p2a: Pachirisu|move: Leech Seed\n|\n|-heal|p1a: Vileplume|214/266|[from] item: Leftovers\n|-damage|p2a: Pachirisu|238/271|[from] Leech Seed|[of] p1a: Vileplume\n|-heal|p1a: Vileplume|247/266|[silent]\n|upkeep\n|turn|12\n|\n|t:|1781453161\n|move|p2a: Pachirisu|U-turn|p1a: Vileplume\n|-damage|p1a: Vileplume|207/266\n|\n|t:|1781453167\n|switch|p2a: Sandy Shocks|Sandy Shocks, L80|267/267|[from] U-turn\n|move|p1a: Vileplume|Sludge Bomb|p2a: Sandy Shocks\n|-resisted|p2a: Sandy Shocks\n|-damage|p2a: Sandy Shocks|203/267\n|-status|p2a: Sandy Shocks|psn\n|\n|-heal|p1a: Vileplume|223/266|[from] item: Leftovers\n|-damage|p2a: Sandy Shocks|170/267 psn|[from] psn\n|upkeep\n|turn|13\n|\n|t:|1781453179\n|move|p2a: Sandy Shocks|Stealth Rock|p1a: Vileplume\n|-sidestart|p1: YouShallNotPas|move: Stealth Rock\n|move|p1a: Vileplume|Giga Drain|p2a: Sandy Shocks\n|-supereffective|p2a: Sandy Shocks\n|-damage|p2a: Sandy Shocks|0 fnt\n|-heal|p1a: Vileplume|266/266|[from] drain|[of] p2a: Sandy Shocks\n|faint|p2a: Sandy Shocks\n|-end|p2a: Sandy Shocks|Protosynthesis|[silent]\n|\n|upkeep\n|\n|t:|1781453183\n|switch|p2a: Crawdaunt|Crawdaunt, L84, F|243/243\n|turn|14\n|\n|t:|1781453192\n|move|p2a: Crawdaunt|Knock Off|p1a: Vileplume\n|-damage|p1a: Vileplume|37/266\n|-enditem|p1a: Vileplume|Leftovers|[from] move: Knock Off|[of] p2a: Crawdaunt\n|-damage|p2a: Crawdaunt|219/243|[from] item: Life Orb\n|move|p1a: Vileplume|Strength Sap|p2a: Crawdaunt\n|-unboost|p2a: Crawdaunt|atk|1\n|-heal|p1a: Vileplume|266/266\n|\n|upkeep\n|turn|15\n|\n|t:|1781453202\n|switch|p2a: Pachirisu|Pachirisu, L96, M|238/271\n|move|p1a: Vileplume|Giga Drain|p2a: Pachirisu\n|-damage|p2a: Pachirisu|165/271\n|\n|upkeep\n|turn|16\n|\n|t:|1781453210\n|move|p2a: Pachirisu|Discharge|p1a: Vileplume\n|-resisted|p1a: Vileplume\n|-damage|p1a: Vileplume|236/266\n|move|p1a: Vileplume|Leech Seed|p2a: Pachirisu\n|-start|p2a: Pachirisu|move: Leech Seed\n|\n|-damage|p2a: Pachirisu|132/271|[from] Leech Seed|[of] p1a: Vileplume\n|-heal|p1a: Vileplume|266/266|[silent]\n|upkeep\n|turn|17\n|-message|parathasocks forfeited.\n|\n|win|YouShallNotPas\n|raw|YouShallNotPas's rating: 1868 &rarr; <strong>1892</strong><br />(+24 for winning)\n|raw|parathasocks's rating: 1944 &rarr; <strong>1920</strong><br />(-24 for losing)\n", "inputlog": ">version a8376a258c1d4662feba110a92103f3664a72141\n>start {\"formatid\":\"gen9randombattle\",\"seed\":\"sodium,43fdb781b401f3978f1e4a9445dd2a0b\",\"rated\":\"Rated battle\"}\n>player p1 {\"name\":\"YouShallNotPas\",\"avatar\":\"101\",\"rating\":1868,\"seed\":\"sodium,b5e1a50b4f66f5caaf515737590c8fd8\"}\n>player p2 {\"name\":\"parathasocks\",\"avatar\":\"170\",\"rating\":1944,\"seed\":\"sodium,77a1d4b7ccf47579963b321a0bedd511\"}\n>p1 move dynamicpunch\n>p2 move knockoff\n>p1 move dynamicpunch\n>p2 move leechseed\n>p1 switch 3\n>p2 move knockoff\n>p1 move rapidspin\n>p2 move leechseed\n>p1 switch 4\n>p2 move protect\n>p1 move stickyweb\n>p2 move knockoff\n>p1 move tripleaxel\n>p2 move knockoff\n>p2 switch 3\n>p1 move tripleaxel\n>p2 move bravebird\n>p1 switch 6\n>p2 switch 5\n>p1 move closecombat\n>p2 move rapidspin\n>p1 switch 2\n>p2 move ironhead\n>p1 move leechseed\n>p2 switch 6\n>p1 move sludgebomb\n>p2 move uturn\n>p2 switch 2\n>p1 move gigadrain\n>p2 move stealthrock\n>p2 switch 4\n>p1 move strengthsap\n>p2 move knockoff\n>p1 move gigadrain\n>p2 switch 2\n>p1 move leechseed\n>p2 move discharge\n>forcelose p2", "uploadtime": 1781453217, "views": 5, "formatid": "gen9randombattle", "rating": 1892, "private": 0, "password": null}