{"id": "gen9randombattle-2631970898", "format": "[Gen 9] Random Battle", "players": ["Unknown Warrior", "Ze Memerr"], "log": "|j|\u2606Unknown Warrior\n|j|\u2606Ze Memerr\n|t:|1781461290\n|gametype|singles\n|player|p1|Unknown Warrior|2|1945\n|player|p2|Ze Memerr|101|1899\n|gen|9\n|tier|[Gen 9] Random Battle\n|rated|\n|rule|Species Clause: Limit one of each Pok\u00e9mon\n|rule|HP Percentage Mod: HP is shown in percentages\n|rule|Sleep Clause Mod: Limit one foe put to sleep\n|rule|Illusion Level Mod: Illusion disguises the Pok\u00e9mon's true level\n|\n|t:|1781461290\n|teamsize|p1|6\n|teamsize|p2|6\n|start\n|switch|p1a: Scovillain|Scovillain, L91, M|266/266\n|switch|p2a: Froslass|Froslass, L87, F|263/263\n|turn|1\n|inactive|Battle timer is ON: inactive players will automatically lose when time's up. (requested by Ze Memerr)\n|\n|t:|1781461308\n|move|p2a: Froslass|Destiny Bond|p2a: Froslass\n|-singlemove|p2a: Froslass|Destiny Bond\n|move|p1a: Scovillain|Sunny Day|p1a: Scovillain\n|-weather|SunnyDay\n|\n|-weather|SunnyDay|[upkeep]\n|upkeep\n|turn|2\n|\n|t:|1781461316\n|switch|p2a: Snorlax|Snorlax, L82, F|397/397\n|move|p1a: Scovillain|Stomping Tantrum|p2a: Snorlax\n|-damage|p2a: Snorlax|314/397\n|\n|-weather|SunnyDay|[upkeep]\n|upkeep\n|turn|3\n|\n|t:|1781461323\n|switch|p1a: Gholdengo|Gholdengo, L77|261/261\n|move|p2a: Snorlax|Curse|p2a: Snorlax\n|-unboost|p2a: Snorlax|spe|1\n|-boost|p2a: Snorlax|atk|1\n|-boost|p2a: Snorlax|def|1\n|\n|-weather|SunnyDay|[upkeep]\n|upkeep\n|turn|4\n|\n|t:|1781461326\n|move|p1a: Gholdengo|Trick|p2a: Snorlax\n|-activate|p1a: Gholdengo|move: Trick|[of] p2a: Snorlax\n|-item|p2a: Snorlax|Choice Scarf|[from] move: Trick\n|-item|p1a: Gholdengo|Chesto Berry|[from] move: Trick\n|move|p2a: Snorlax|Earthquake|p1a: Gholdengo\n|-supereffective|p1a: Gholdengo\n|-damage|p1a: Gholdengo|47/261\n|\n|-weather|SunnyDay|[upkeep]\n|upkeep\n|turn|5\n|\n|t:|1781461331\n|move|p1a: Gholdengo|Focus Blast|p2a: Snorlax|[miss]\n|-miss|p1a: Gholdengo|p2a: Snorlax\n|move|p2a: Snorlax|Earthquake|p1a: Gholdengo\n|-supereffective|p1a: Gholdengo\n|-damage|p1a: Gholdengo|0 fnt\n|faint|p1a: Gholdengo\n|\n|-weather|none\n|upkeep\n|\n|t:|1781461334\n|switch|p1a: Toedscruel|Toedscruel, L87, M|281/281\n|turn|6\n|\n|t:|1781461345\n|move|p1a: Toedscruel|Rapid Spin|p2a: Snorlax\n|-damage|p2a: Snorlax|289/397\n|-boost|p1a: Toedscruel|spe|1\n|move|p2a: Snorlax|Earthquake|p1a: Toedscruel\n|-resisted|p1a: Toedscruel\n|-damage|p1a: Toedscruel|217/281\n|\n|upkeep\n|turn|7\n|\n|t:|1781461355\n|move|p1a: Toedscruel|Earth Power|p2a: Snorlax\n|-damage|p2a: Snorlax|208/397\n|move|p2a: Snorlax|Earthquake|p1a: Toedscruel\n|-resisted|p1a: Toedscruel\n|-damage|p1a: Toedscruel|148/281\n|\n|upkeep\n|turn|8\n|\n|t:|1781461363\n|move|p1a: Toedscruel|Earth Power|p2a: Snorlax\n|-damage|p2a: Snorlax|136/397\n|move|p2a: Snorlax|Earthquake|p1a: Toedscruel\n|-resisted|p1a: Toedscruel\n|-damage|p1a: Toedscruel|87/281\n|\n|upkeep\n|turn|9\n|\n|t:|1781461368\n|move|p1a: Toedscruel|Earth Power|p2a: Snorlax\n|-damage|p2a: Snorlax|58/397\n|move|p2a: Snorlax|Earthquake|p1a: Toedscruel\n|-resisted|p1a: Toedscruel\n|-damage|p1a: Toedscruel|15/281\n|\n|upkeep\n|turn|10\n|\n|t:|1781461376\n|move|p1a: Toedscruel|Leaf Storm|p2a: Snorlax|[miss]\n|-miss|p1a: Toedscruel|p2a: Snorlax\n|move|p2a: Snorlax|Earthquake|p1a: Toedscruel\n|-resisted|p1a: Toedscruel\n|-damage|p1a: Toedscruel|0 fnt\n|faint|p1a: Toedscruel\n|\n|upkeep\n|\n|t:|1781461383\n|switch|p1a: Meloetta|Meloetta, L82|298/298\n|turn|11\n|\n|t:|1781461387\n|move|p1a: Meloetta|Psyshock|p2a: Snorlax\n|-damage|p2a: Snorlax|0 fnt\n|faint|p2a: Snorlax\n|\n|upkeep\n|\n|t:|1781461398\n|switch|p2a: Froslass|Froslass, L87, F|263/263\n|turn|12\n|\n|t:|1781461404\n|move|p2a: Froslass|Triple Axel|p1a: Meloetta\n|-damage|p1a: Meloetta|276/298\n|-crit|p1a: Meloetta\n|-damage|p1a: Meloetta|210/298\n|-damage|p1a: Meloetta|147/298\n|-hitcount|p1a: Meloetta|3\n|move|p1a: Meloetta|Calm Mind|p1a: Meloetta\n|-boost|p1a: Meloetta|spa|1\n|-boost|p1a: Meloetta|spd|1\n|\n|-heal|p1a: Meloetta|165/298|[from] item: Leftovers\n|upkeep\n|turn|13\n|\n|t:|1781461412\n|move|p2a: Froslass|Triple Axel|p1a: Meloetta\n|-damage|p1a: Meloetta|143/298\n|-damage|p1a: Meloetta|98/298\n|-damage|p1a: Meloetta|37/298\n|-hitcount|p1a: Meloetta|3\n|move|p1a: Meloetta|Psyshock|p2a: Froslass\n|-damage|p2a: Froslass|83/263\n|\n|-heal|p1a: Meloetta|55/298|[from] item: Leftovers\n|upkeep\n|turn|14\n|\n|t:|1781461420\n|move|p2a: Froslass|Triple Axel|p1a: Meloetta\n|-damage|p1a: Meloetta|33/298\n|-damage|p1a: Meloetta|0 fnt\n|faint|p1a: Meloetta\n|-hitcount|p1: Meloetta|2\n|\n|upkeep\n|\n|t:|1781461423\n|switch|p1a: Scovillain|Scovillain, L91, M|266/266\n|turn|15\n|\n|t:|1781461435\n|switch|p2a: Deoxys|Deoxys-Defense, L84|221/221\n|-ability|p2a: Deoxys|Pressure\n|move|p1a: Scovillain|Sunny Day|p1a: Scovillain\n|-weather|SunnyDay\n|\n|-weather|SunnyDay|[upkeep]\n|upkeep\n|turn|16\n|\n|t:|1781461442\n|move|p1a: Scovillain|Fire Blast|p2a: Deoxys\n|-damage|p2a: Deoxys|89/221\n|move|p2a: Deoxys|Cosmic Power|p2a: Deoxys\n|-boost|p2a: Deoxys|def|1\n|-boost|p2a: Deoxys|spd|1\n|\n|-weather|SunnyDay|[upkeep]\n|-heal|p2a: Deoxys|102/221|[from] item: Leftovers\n|upkeep\n|turn|17\n|\n|t:|1781461447\n|-terastallize|p1a: Scovillain|Fire\n|move|p1a: Scovillain|Fire Blast|p2a: Deoxys\n|-damage|p2a: Deoxys|0 fnt\n|faint|p2a: Deoxys\n|\n|-weather|SunnyDay|[upkeep]\n|upkeep\n|\n|t:|1781461472\n|switch|p2a: Florges|Florges-Yellow, L85, F|271/271\n|turn|18\n|\n|t:|1781461480\n|move|p1a: Scovillain|Fire Blast|p2a: Florges\n|-damage|p2a: Florges|91/271\n|move|p2a: Florges|Calm Mind|p2a: Florges\n|-boost|p2a: Florges|spa|1\n|-boost|p2a: Florges|spd|1\n|\n|-weather|SunnyDay|[upkeep]\n|-heal|p2a: Florges|107/271|[from] item: Leftovers\n|upkeep\n|turn|19\n|\n|t:|1781461486\n|move|p2a: Florges|Protect|p2a: Florges\n|-singleturn|p2a: Florges|Protect\n|move|p1a: Scovillain|Fire Blast|p2a: Florges\n|-activate|p2a: Florges|move: Protect\n|\n|-weather|none\n|-heal|p2a: Florges|123/271|[from] item: Leftovers\n|upkeep\n|turn|20\n|\n|t:|1781461491\n|switch|p1a: Manaphy|Manaphy, L78|284/284\n|move|p2a: Florges|Wish|p2a: Florges\n|\n|-heal|p2a: Florges|139/271|[from] item: Leftovers\n|upkeep\n|turn|21\n|\n|t:|1781461495\n|move|p1a: Manaphy|Tail Glow|p1a: Manaphy\n|-boost|p1a: Manaphy|spa|3\n|move|p2a: Florges|Moonblast|p1a: Manaphy\n|-damage|p1a: Manaphy|115/284\n|-unboost|p1a: Manaphy|spa|1\n|\n|-heal|p2a: Florges|271/271|[from] move: Wish|[wisher] Florges\n|-heal|p1a: Manaphy|132/284|[from] item: Leftovers\n|upkeep\n|turn|22\n|\n|t:|1781461501\n|move|p1a: Manaphy|Surf|p2a: Florges\n|-damage|p2a: Florges|201/271\n|move|p2a: Florges|Moonblast|p1a: Manaphy\n|-damage|p1a: Manaphy|0 fnt\n|faint|p1a: Manaphy\n|\n|-heal|p2a: Florges|217/271|[from] item: Leftovers\n|upkeep\n|\n|t:|1781461506\n|switch|p1a: Iron Moth|Iron Moth, L78|253/253\n|turn|23\n|\n|t:|1781461514\n|move|p1a: Iron Moth|Sludge Wave|p2a: Florges\n|-supereffective|p2a: Florges\n|-crit|p2a: Florges\n|-damage|p2a: Florges|0 fnt\n|faint|p2a: Florges\n|\n|upkeep\n|\n|t:|1781461518\n|switch|p2a: Dugtrio|Dugtrio-Alola, L84, M|196/196\n|turn|24\n|\n|t:|1781461527\n|-terastallize|p2a: Dugtrio|Ground\n|move|p2a: Dugtrio|Earthquake|p1a: Iron Moth\n|-supereffective|p1a: Iron Moth\n|-damage|p1a: Iron Moth|0 fnt\n|faint|p1a: Iron Moth\n|-end|p1a: Iron Moth|Quark Drive|[silent]\n|-damage|p2a: Dugtrio|177/196|[from] item: Life Orb\n|\n|upkeep\n|\n|t:|1781461529\n|switch|p1a: Scovillain|Scovillain, L91, M, tera:Fire|266/266\n|turn|25\n|\n|t:|1781461531\n|move|p2a: Dugtrio|Earthquake|p1a: Scovillain\n|-supereffective|p1a: Scovillain\n|-damage|p1a: Scovillain|0 fnt\n|faint|p1a: Scovillain\n|-damage|p2a: Dugtrio|158/196|[from] item: Life Orb\n|\n|win|Ze Memerr\n|raw|Unknown Warrior's rating: 1945 &rarr; <strong>1922</strong><br />(-23 for losing)\n|raw|Ze Memerr's rating: 1899 &rarr; <strong>1922</strong><br />(+23 for winning)\n", "uploadtime": 1781461531, "views": 5, "formatid": "gen9randombattle", "rating": 1922, "private": 0, "password": null}