{"id": "gen9randombattle-2631906096", "format": "[Gen 9] Random Battle", "players": ["sufideu", "saberclaw"], "log": "|j|\u2606sufideu\n|j|\u2606saberclaw\n|t:|1781454209\n|gametype|singles\n|player|p1|sufideu|265|1135\n|player|p2|saberclaw|265|1140\n|gen|9\n|tier|[Gen 9] Random Battle\n|rated|\n|rule|Species Clause: Limit one of each Pok\u00e9mon\n|rule|HP Percentage Mod: HP is shown in percentages\n|rule|Sleep Clause Mod: Limit one foe put to sleep\n|rule|Illusion Level Mod: Illusion disguises the Pok\u00e9mon's true level\n|\n|t:|1781454209\n|teamsize|p1|6\n|teamsize|p2|6\n|start\n|switch|p1a: Quaquaval|Quaquaval, L79, M|264/264\n|switch|p2a: Abomasnow|Abomasnow, L84, F|287/287\n|-weather|Snowscape|[from] ability: Snow Warning|[of] p2a: Abomasnow\n|turn|1\n|inactive|Battle timer is ON: inactive players will automatically lose when time's up. (requested by saberclaw)\n|inactive|sufideu has 120 seconds left.\n|\n|t:|1781454253\n|switch|p1a: Pecharunt|Pecharunt, L77|262/262\n|move|p2a: Abomasnow|Wood Hammer|p1a: Pecharunt\n|-resisted|p1a: Pecharunt\n|-damage|p1a: Pecharunt|223/262\n|-damage|p2a: Abomasnow|274/287|[from] Recoil\n|\n|-weather|Snowscape|[upkeep]\n|-heal|p1a: Pecharunt|239/262|[from] item: Leftovers\n|upkeep\n|turn|2\n|\n|t:|1781454266\n|move|p1a: Pecharunt|Malignant Chain|p2a: Abomasnow\n|-supereffective|p2a: Abomasnow\n|-damage|p2a: Abomasnow|94/287\n|move|p2a: Abomasnow|Aurora Veil|p2a: Abomasnow\n|-sidestart|p2: saberclaw|move: Aurora Veil\n|\n|-weather|Snowscape|[upkeep]\n|-heal|p1a: Pecharunt|255/262|[from] item: Leftovers\n|upkeep\n|turn|3\n|\n|t:|1781454284\n|switch|p2a: Klefki|Klefki, L84, M|233/233\n|move|p1a: Pecharunt|Malignant Chain|p2a: Klefki\n|-immune|p2a: Klefki\n|\n|-weather|Snowscape|[upkeep]\n|-heal|p1a: Pecharunt|262/262|[from] item: Leftovers\n|upkeep\n|turn|4\n|\n|t:|1781454298\n|move|p2a: Klefki|Spikes|p1a: Pecharunt\n|-sidestart|p1: sufideu|Spikes\n|move|p1a: Pecharunt|Parting Shot|p2a: Klefki\n|-unboost|p2a: Klefki|atk|1\n|-unboost|p2a: Klefki|spa|1\n|inactive|sufideu has 120 seconds left.\n|\n|t:|1781454340\n|switch|p1a: Gogoat|Gogoat, L88, M|360/360|[from] Parting Shot\n|-damage|p1a: Gogoat|315/360|[from] Spikes\n|\n|-weather|Snowscape|[upkeep]\n|-heal|p1a: Gogoat|337/360|[from] item: Leftovers\n|upkeep\n|turn|5\n|\n|t:|1781454352\n|move|p2a: Klefki|Thunder Wave|p1a: Gogoat\n|-status|p1a: Gogoat|par\n|cant|p1a: Gogoat|par\n|\n|-weather|none\n|-heal|p1a: Gogoat|359/360 par|[from] item: Leftovers\n|upkeep\n|turn|6\n|\n|t:|1781454366\n|switch|p2a: Ceruledge|Ceruledge, L78, F|245/245\n|cant|p1a: Gogoat|par\n|\n|-heal|p1a: Gogoat|360/360 par|[from] item: Leftovers\n|upkeep\n|turn|7\n|\n|t:|1781454389\n|switch|p1a: Azumarill|Azumarill, L82, M|298/298\n|-damage|p1a: Azumarill|261/298|[from] Spikes\n|move|p2a: Ceruledge|Swords Dance|p2a: Ceruledge\n|-boost|p2a: Ceruledge|atk|2\n|\n|upkeep\n|turn|8\n|\n|t:|1781454400\n|move|p2a: Ceruledge|Poltergeist|p1a: Azumarill\n|-activate|p1a: Azumarill|move: Poltergeist|Choice Band\n|-damage|p1a: Azumarill|0 fnt\n|faint|p1a: Azumarill\n|\n|upkeep\n|\n|t:|1781454409\n|switch|p1a: Quaquaval|Quaquaval, L79, M|264/264\n|-damage|p1a: Quaquaval|231/264|[from] Spikes\n|turn|9\n|\n|t:|1781454422\n|move|p1a: Quaquaval|Aqua Step|p2a: Ceruledge\n|-supereffective|p2a: Ceruledge\n|-damage|p2a: Ceruledge|123/245\n|-boost|p1a: Quaquaval|spe|1\n|-ability|p2a: Ceruledge|Weak Armor|boost\n|-unboost|p2a: Ceruledge|def|1\n|-boost|p2a: Ceruledge|spe|2\n|-damage|p1a: Quaquaval|205/264|[from] item: Life Orb\n|move|p2a: Ceruledge|Poltergeist|p1a: Quaquaval\n|-activate|p1a: Quaquaval|move: Poltergeist|Life Orb\n|-damage|p1a: Quaquaval|0 fnt\n|faint|p1a: Quaquaval\n|\n|-sideend|p2: saberclaw|move: Aurora Veil\n|upkeep\n|\n|t:|1781454446\n|switch|p1a: Klawf|Klawf, L90, M|272/272\n|-damage|p1a: Klawf|238/272|[from] Spikes\n|turn|10\n|inactive|sufideu has 90 seconds left.\n|\n|t:|1781454468\n|move|p2a: Ceruledge|Close Combat|p1a: Klawf\n|-supereffective|p1a: Klawf\n|-damage|p1a: Klawf|0 fnt\n|-unboost|p2a: Ceruledge|def|1\n|-unboost|p2a: Ceruledge|spd|1\n|faint|p1a: Klawf\n|\n|upkeep\n|\n|t:|1781454480\n|switch|p1a: Noivern|Noivern, L82, M|274/274\n|turn|11\n|\n|t:|1781454495\n|move|p2a: Ceruledge|Poltergeist|p1a: Noivern\n|-activate|p1a: Noivern|move: Poltergeist|Heavy-Duty Boots\n|-damage|p1a: Noivern|0 fnt\n|faint|p1a: Noivern\n|\n|upkeep\n|\n|t:|1781454503\n|switch|p1a: Pecharunt|Pecharunt, L77|262/262\n|-damage|p1a: Pecharunt|230/262|[from] Spikes\n|turn|12\n|\n|t:|1781454512\n|-terastallize|p1a: Pecharunt|Dark\n|move|p2a: Ceruledge|Bitter Blade|p1a: Pecharunt\n|-damage|p1a: Pecharunt|83/262\n|-heal|p2a: Ceruledge|197/245|[from] drain|[of] p1a: Pecharunt\n|move|p1a: Pecharunt|Shadow Ball|p2a: Ceruledge\n|-supereffective|p2a: Ceruledge\n|-damage|p2a: Ceruledge|0 fnt\n|faint|p2a: Ceruledge\n|\n|-heal|p1a: Pecharunt|99/262|[from] item: Leftovers\n|upkeep\n|\n|t:|1781454529\n|switch|p2a: Chansey|Chansey, L85, F|564/564\n|turn|13\n|inactive|sufideu has 90 seconds left.\n|\n|t:|1781454545\n|move|p1a: Pecharunt|Recover|p1a: Pecharunt\n|-heal|p1a: Pecharunt|230/262\n|move|p2a: Chansey|Stealth Rock|p1a: Pecharunt\n|-sidestart|p1: sufideu|move: Stealth Rock\n|\n|-heal|p1a: Pecharunt|246/262|[from] item: Leftovers\n|upkeep\n|turn|14\n|inactive|sufideu has 90 seconds left.\n|\n|t:|1781454557\n|move|p1a: Pecharunt|Malignant Chain|p2a: Chansey\n|-damage|p2a: Chansey|519/564\n|move|p2a: Chansey|Seismic Toss|p1a: Pecharunt\n|-damage|p1a: Pecharunt|161/262\n|\n|-heal|p1a: Pecharunt|177/262|[from] item: Leftovers\n|upkeep\n|turn|15\n|inactive|sufideu has 90 seconds left.\n|\n|t:|1781454570\n|move|p1a: Pecharunt|Recover|p1a: Pecharunt\n|-heal|p1a: Pecharunt|262/262\n|move|p2a: Chansey|Seismic Toss|p1a: Pecharunt\n|-damage|p1a: Pecharunt|177/262\n|\n|-heal|p1a: Pecharunt|193/262|[from] item: Leftovers\n|upkeep\n|turn|16\n|\n|t:|1781454583\n|move|p1a: Pecharunt|Malignant Chain|p2a: Chansey\n|-damage|p2a: Chansey|476/564\n|move|p2a: Chansey|Thunder Wave|p1a: Pecharunt\n|-status|p1a: Pecharunt|par\n|\n|-heal|p1a: Pecharunt|209/262 par|[from] item: Leftovers\n|upkeep\n|turn|17\n|\n|t:|1781454591\n|move|p2a: Chansey|Seismic Toss|p1a: Pecharunt\n|-damage|p1a: Pecharunt|124/262 par\n|move|p1a: Pecharunt|Malignant Chain|p2a: Chansey\n|-damage|p2a: Chansey|424/564\n|-status|p2a: Chansey|tox\n|-start|p2a: Chansey|confusion|[from] ability: Poison Puppeteer|[of] p1a: Pecharunt\n|\n|-heal|p1a: Pecharunt|140/262 par|[from] item: Leftovers\n|-damage|p2a: Chansey|389/564 tox|[from] psn\n|upkeep\n|turn|18\n|\n|t:|1781454603\n|-activate|p2a: Chansey|confusion\n|move|p2a: Chansey|Seismic Toss|p1a: Pecharunt\n|-damage|p1a: Pecharunt|55/262 par\n|move|p1a: Pecharunt|Recover|p1a: Pecharunt\n|-heal|p1a: Pecharunt|186/262 par\n|\n|-heal|p1a: Pecharunt|202/262 par|[from] item: Leftovers\n|-damage|p2a: Chansey|319/564 tox|[from] psn\n|upkeep\n|turn|19\n|inactive|saberclaw has 120 seconds left.\n|\n|t:|1781454633\n|-activate|p2a: Chansey|confusion\n|-damage|p2a: Chansey|312/564 tox|[from] confusion\n|move|p1a: Pecharunt|Recover|p1a: Pecharunt\n|-heal|p1a: Pecharunt|262/262 par\n|\n|-damage|p2a: Chansey|207/564 tox|[from] psn\n|upkeep\n|turn|20\n|\n|t:|1781454643\n|-activate|p2a: Chansey|confusion\n|move|p2a: Chansey|Soft-Boiled|p2a: Chansey\n|-heal|p2a: Chansey|489/564 tox\n|move|p1a: Pecharunt|Malignant Chain|p2a: Chansey\n|-damage|p2a: Chansey|446/564 tox\n|\n|-damage|p2a: Chansey|306/564 tox|[from] psn\n|upkeep\n|turn|21\n|\n|t:|1781454656\n|-curestatus|p2a: Chansey|tox|[from] ability: Natural Cure|[silent]\n|switch|p2a: Hippowdon|Hippowdon, L82, F|311/311\n|-weather|Sandstorm|[from] ability: Sand Stream|[of] p2a: Hippowdon\n|move|p1a: Pecharunt|Recover||[still]\n|-fail|p1a: Pecharunt|heal\n|\n|-weather|Sandstorm|[upkeep]\n|-damage|p1a: Pecharunt|246/262 par|[from] Sandstorm\n|-heal|p1a: Pecharunt|262/262 par|[from] item: Leftovers\n|upkeep\n|turn|22\n|\n|t:|1781454671\n|move|p1a: Pecharunt|Parting Shot|p2a: Hippowdon\n|-unboost|p2a: Hippowdon|atk|1\n|-unboost|p2a: Hippowdon|spa|1\n|\n|t:|1781454675\n|switch|p1a: Gogoat|Gogoat, L88, M|360/360 par|[from] Parting Shot\n|-damage|p1a: Gogoat|315/360 par|[from] Spikes\n|-damage|p1a: Gogoat|270/360 par|[from] Stealth Rock\n|move|p2a: Hippowdon|Whirlwind|p1a: Gogoat\n|drag|p1a: Pecharunt|Pecharunt, L77, tera:Dark|262/262 par\n|-damage|p1a: Pecharunt|230/262 par|[from] Spikes\n|-damage|p1a: Pecharunt|198/262 par|[from] Stealth Rock\n|\n|-weather|Sandstorm|[upkeep]\n|-damage|p1a: Pecharunt|182/262 par|[from] Sandstorm\n|-heal|p1a: Pecharunt|198/262 par|[from] item: Leftovers\n|upkeep\n|turn|23\n|\n|t:|1781454694\n|move|p1a: Pecharunt|Malignant Chain|p2a: Hippowdon\n|-resisted|p2a: Hippowdon\n|-damage|p2a: Hippowdon|260/311\n|move|p2a: Hippowdon|Whirlwind|p1a: Pecharunt\n|drag|p1a: Gogoat|Gogoat, L88, M|270/360 par\n|-damage|p1a: Gogoat|225/360 par|[from] Spikes\n|-damage|p1a: Gogoat|180/360 par|[from] Stealth Rock\n|\n|-weather|Sandstorm|[upkeep]\n|-damage|p1a: Gogoat|158/360 par|[from] Sandstorm\n|-heal|p2a: Hippowdon|279/311|[from] item: Leftovers\n|-heal|p1a: Gogoat|180/360 par|[from] item: Leftovers\n|upkeep\n|turn|24\n|\n|t:|1781454719\n|move|p1a: Gogoat|Horn Leech|p2a: Hippowdon\n|-supereffective|p2a: Hippowdon\n|-damage|p2a: Hippowdon|133/311\n|-heal|p1a: Gogoat|253/360 par|[from] drain|[of] p2a: Hippowdon\n|move|p2a: Hippowdon|Whirlwind|p1a: Gogoat\n|drag|p1a: Pecharunt|Pecharunt, L77, tera:Dark|198/262 par\n|-damage|p1a: Pecharunt|166/262 par|[from] Spikes\n|-damage|p1a: Pecharunt|134/262 par|[from] Stealth Rock\n|\n|-weather|Sandstorm|[upkeep]\n|-damage|p1a: Pecharunt|118/262 par|[from] Sandstorm\n|-heal|p2a: Hippowdon|152/311|[from] item: Leftovers\n|-heal|p1a: Pecharunt|134/262 par|[from] item: Leftovers\n|upkeep\n|turn|25\n|\n|t:|1781454736\n|cant|p1a: Pecharunt|par\n|move|p2a: Hippowdon|Whirlwind|p1a: Pecharunt\n|drag|p1a: Gogoat|Gogoat, L88, M|253/360 par\n|-damage|p1a: Gogoat|208/360 par|[from] Spikes\n|-damage|p1a: Gogoat|163/360 par|[from] Stealth Rock\n|\n|-weather|none\n|-heal|p2a: Hippowdon|171/311|[from] item: Leftovers\n|-heal|p1a: Gogoat|185/360 par|[from] item: Leftovers\n|upkeep\n|turn|26\n|\n|t:|1781454746\n|switch|p2a: Klefki|Klefki, L84, M|233/233\n|move|p1a: Gogoat|Horn Leech|p2a: Klefki\n|-resisted|p2a: Klefki\n|-damage|p2a: Klefki|188/233\n|-heal|p1a: Gogoat|208/360 par|[from] drain|[of] p2a: Klefki\n|\n|-heal|p2a: Klefki|202/233|[from] item: Leftovers\n|-heal|p1a: Gogoat|230/360 par|[from] item: Leftovers\n|upkeep\n|turn|27\n|\n|t:|1781454759\n|move|p2a: Klefki|Dazzling Gleam|p1a: Gogoat\n|-damage|p1a: Gogoat|152/360 par\n|move|p1a: Gogoat|Earthquake|p2a: Klefki\n|-supereffective|p2a: Klefki\n|-damage|p2a: Klefki|52/233\n|\n|-heal|p2a: Klefki|66/233|[from] item: Leftovers\n|-heal|p1a: Gogoat|174/360 par|[from] item: Leftovers\n|upkeep\n|turn|28\n|\n|t:|1781454767\n|move|p2a: Klefki|Spikes|p1a: Gogoat\n|-sidestart|p1: sufideu|Spikes\n|move|p1a: Gogoat|Milk Drink|p1a: Gogoat\n|-heal|p1a: Gogoat|354/360 par\n|\n|-heal|p2a: Klefki|80/233|[from] item: Leftovers\n|-heal|p1a: Gogoat|360/360 par|[from] item: Leftovers\n|upkeep\n|turn|29\n|\n|t:|1781454776\n|move|p2a: Klefki|Spikes|p1a: Gogoat\n|-sidestart|p1: sufideu|Spikes\n|move|p1a: Gogoat|Earthquake|p2a: Klefki\n|-supereffective|p2a: Klefki\n|-damage|p2a: Klefki|0 fnt\n|faint|p2a: Klefki\n|\n|upkeep\n|\n|t:|1781454781\n|switch|p2a: Abomasnow|Abomasnow, L84, F|94/287\n|-weather|Snowscape|[from] ability: Snow Warning|[of] p2a: Abomasnow\n|turn|30\n|inactive|sufideu has 120 seconds left.\n|\n|t:|1781454792\n|move|p2a: Abomasnow|Blizzard|p1a: Gogoat\n|-supereffective|p1a: Gogoat\n|-damage|p1a: Gogoat|144/360 par\n|move|p1a: Gogoat|Bulk Up|p1a: Gogoat\n|-boost|p1a: Gogoat|atk|1\n|-boost|p1a: Gogoat|def|1\n|\n|-weather|Snowscape|[upkeep]\n|-heal|p1a: Gogoat|166/360 par|[from] item: Leftovers\n|upkeep\n|turn|31\n|\n|t:|1781454798\n|move|p2a: Abomasnow|Blizzard|p1a: Gogoat\n|-supereffective|p1a: Gogoat\n|-damage|p1a: Gogoat|0 fnt\n|faint|p1a: Gogoat\n|\n|-weather|Snowscape|[upkeep]\n|upkeep\n|\n|t:|1781454801\n|switch|p1a: Pecharunt|Pecharunt, L77, tera:Dark|134/262 par\n|-damage|p1a: Pecharunt|69/262 par|[from] Spikes\n|-damage|p1a: Pecharunt|37/262 par|[from] Stealth Rock\n|turn|32\n|\n|t:|1781454807\n|move|p2a: Abomasnow|Blizzard|p1a: Pecharunt\n|-damage|p1a: Pecharunt|0 fnt\n|faint|p1a: Pecharunt\n|\n|win|saberclaw\n|raw|sufideu's rating: 1135 &rarr; <strong>1110</strong><br />(-25 for losing)\n|raw|saberclaw's rating: 1140 &rarr; <strong>1165</strong><br />(+25 for winning)\n", "inputlog": ">version a8376a258c1d4662feba110a92103f3664a72141\n>start {\"formatid\":\"gen9randombattle\",\"seed\":\"sodium,0f8d9d17347824fcc55ec87104103dc0\",\"rated\":\"Rated battle\"}\n>player p1 {\"name\":\"sufideu\",\"avatar\":\"265\",\"rating\":1135,\"seed\":\"sodium,e01cdb5b75bfad64c043864737e07d76\"}\n>player p2 {\"name\":\"saberclaw\",\"avatar\":\"265\",\"rating\":1140,\"seed\":\"sodium,86c28460456f6a361ff2860297c4b3f9\"}\n>p1 switch 2\n>p2 move woodhammer\n>p1 move malignantchain\n>p2 move auroraveil\n>p1 move malignantchain\n>p2 switch 6\n>p1 move partingshot\n>p2 move spikes\n>p1 switch 5\n>p1 move earthquake\n>p2 move thunderwave\n>p1 move earthquake\n>p2 switch 2\n>p1 switch 4\n>p2 move swordsdance\n>p1 move liquidation\n>p2 move poltergeist\n>p1 switch 2\n>p1 move aquastep\n>p2 move poltergeist\n>p1 switch 6\n>p1 move stoneedge\n>p2 move closecombat\n>p1 switch 3\n>p1 move dracometeor\n>p2 move poltergeist\n>p1 switch 5\n>p1 move shadowball terastallize\n>p2 move bitterblade\n>p2 switch 3\n>p1 move recover\n>p2 move stealthrock\n>p1 move malignantchain\n>p2 move seismictoss\n>p1 move recover\n>p2 move seismictoss\n>p1 move malignantchain\n>p2 move thunderwave\n>p1 move malignantchain\n>p2 move seismictoss\n>p1 move recover\n>p2 move seismictoss\n>p1 move recover\n>p2 move softboiled\n>p1 move malignantchain\n>p2 move softboiled\n>p1 move recover\n>p2 switch 4\n>p1 move partingshot\n>p2 move whirlwind\n>p1 switch 4\n>p1 move malignantchain\n>p2 move whirlwind\n>p1 move hornleech\n>p2 move whirlwind\n>p1 move malignantchain\n>p2 move whirlwind\n>p1 move hornleech\n>p2 switch 2\n>p1 move earthquake\n>p2 move dazzlinggleam\n>p1 move milkdrink\n>p2 move spikes\n>p1 move earthquake\n>p2 move spikes\n>p2 switch 6\n>p1 move bulkup\n>p2 move blizzard\n>p1 move hornleech\n>p2 move blizzard\n>p1 switch 4\n>p1 move malignantchain\n>p2 move blizzard", "uploadtime": 1781454814, "views": 6, "formatid": "gen9randombattle", "rating": 1110, "private": 0, "password": null}