{"id": "gen9randombattle-2631560319", "format": "[Gen 9] Random Battle", "players": ["Rheny", "WhatEver2102"], "log": "|j|\u2606Rheny\n|j|\u2606WhatEver2102\n|t:|1781401409\n|gametype|singles\n|player|p1|Rheny|miku-ghost|1963\n|player|p2|WhatEver2102|juan|1995\n|gen|9\n|tier|[Gen 9] Random Battle\n|rated|\n|rule|Species Clause: Limit one of each Pok\u00e9mon\n|rule|HP Percentage Mod: HP is shown in percentages\n|rule|Sleep Clause Mod: Limit one foe put to sleep\n|rule|Illusion Level Mod: Illusion disguises the Pok\u00e9mon's true level\n|\n|t:|1781401409\n|teamsize|p1|6\n|teamsize|p2|6\n|start\n|switch|p1a: Zapdos|Zapdos, L78|268/268\n|switch|p2a: Sunflora|Sunflora, M|312/312\n|turn|1\n|\n|t:|1781401437\n|switch|p2a: Lunala|Lunala, L70|308/308\n|move|p1a: Zapdos|Discharge|p2a: Lunala\n|-damage|p2a: Lunala|263/308\n|-status|p2a: Lunala|par\n|\n|-heal|p2a: Lunala|282/308 par|[from] item: Leftovers\n|upkeep\n|turn|2\n|\n|t:|1781401454\n|switch|p1a: Glastrier|Glastrier, L86|311/311\n|move|p2a: Lunala|Moongeist Beam|p1a: Glastrier\n|-crit|p1a: Glastrier\n|-damage|p1a: Glastrier|196/311\n|\n|-heal|p2a: Lunala|301/308 par|[from] item: Leftovers\n|upkeep\n|turn|3\n|\n|t:|1781401476\n|switch|p2a: Skarmory|Skarmory, L80, F|235/235\n|move|p1a: Glastrier|Icicle Crash|p2a: Skarmory\n|-damage|p2a: Skarmory|99/235\n|\n|-heal|p2a: Skarmory|113/235|[from] item: Leftovers\n|upkeep\n|turn|4\n|\n|t:|1781401482\n|move|p2a: Skarmory|Roost|p2a: Skarmory\n|-heal|p2a: Skarmory|231/235\n|-singleturn|p2a: Skarmory|move: Roost\n|move|p1a: Glastrier|Icicle Crash|p2a: Skarmory\n|-resisted|p2a: Skarmory\n|-damage|p2a: Skarmory|159/235\n|\n|-heal|p2a: Skarmory|173/235|[from] item: Leftovers\n|upkeep\n|turn|5\n|\n|t:|1781401487\n|move|p2a: Skarmory|Body Press|p1a: Glastrier\n|-supereffective|p1a: Glastrier\n|-damage|p1a: Glastrier|104/311\n|move|p1a: Glastrier|Icicle Crash|p2a: Skarmory|[miss]\n|-miss|p1a: Glastrier|p2a: Skarmory\n|\n|-heal|p2a: Skarmory|187/235|[from] item: Leftovers\n|upkeep\n|turn|6\n|\n|t:|1781401495\n|move|p2a: Skarmory|Roost|p2a: Skarmory\n|-heal|p2a: Skarmory|235/235\n|-singleturn|p2a: Skarmory|move: Roost\n|move|p1a: Glastrier|Icicle Crash|p2a: Skarmory\n|-resisted|p2a: Skarmory\n|-damage|p2a: Skarmory|169/235\n|\n|-heal|p2a: Skarmory|183/235|[from] item: Leftovers\n|upkeep\n|turn|7\n|\n|t:|1781401504\n|move|p2a: Skarmory|Body Press|p1a: Glastrier\n|-supereffective|p1a: Glastrier\n|-damage|p1a: Glastrier|8/311\n|move|p1a: Glastrier|Icicle Crash|p2a: Skarmory\n|-damage|p2a: Skarmory|41/235\n|\n|-heal|p2a: Skarmory|55/235|[from] item: Leftovers\n|upkeep\n|turn|8\n|\n|t:|1781401509\n|switch|p1a: Zapdos|Zapdos, L78|268/268\n|move|p2a: Skarmory|Roost|p2a: Skarmory\n|-heal|p2a: Skarmory|173/235\n|-singleturn|p2a: Skarmory|move: Roost\n|\n|-heal|p2a: Skarmory|187/235|[from] item: Leftovers\n|upkeep\n|turn|9\n|\n|t:|1781401516\n|switch|p2a: Lunala|Lunala, L70|301/308 par\n|move|p1a: Zapdos|Heat Wave|p2a: Lunala|[miss]\n|-miss|p1a: Zapdos|p2a: Lunala\n|\n|-heal|p2a: Lunala|308/308 par|[from] item: Leftovers\n|upkeep\n|turn|10\n|\n|t:|1781401525\n|switch|p1a: Hariyama|Hariyama, L87, M|392/392\n|move|p2a: Lunala|Moonblast|p1a: Hariyama\n|-supereffective|p1a: Hariyama\n|-damage|p1a: Hariyama|290/392\n|-unboost|p1a: Hariyama|spa|1\n|\n|upkeep\n|turn|11\n|\n|t:|1781401533\n|switch|p2a: Skarmory|Skarmory, L80, F|187/235\n|move|p1a: Hariyama|Knock Off|p2a: Skarmory\n|-damage|p2a: Skarmory|124/235\n|-enditem|p2a: Skarmory|Leftovers|[from] move: Knock Off|[of] p1a: Hariyama\n|\n|upkeep\n|turn|12\n|\n|t:|1781401539\n|switch|p1a: Zapdos|Zapdos, L78|268/268\n|move|p2a: Skarmory|Brave Bird|p1a: Zapdos\n|-resisted|p1a: Zapdos\n|-damage|p1a: Zapdos|210/268\n|-damage|p2a: Skarmory|105/235|[from] Recoil\n|\n|upkeep\n|turn|13\n|\n|t:|1781401545\n|switch|p2a: Lunala|Lunala, L70|308/308 par\n|move|p1a: Zapdos|Discharge|p2a: Lunala\n|-damage|p2a: Lunala|265/308 par\n|\n|-heal|p2a: Lunala|284/308 par|[from] item: Leftovers\n|upkeep\n|turn|14\n|\n|t:|1781401551\n|move|p1a: Zapdos|Hurricane|p2a: Lunala\n|-damage|p2a: Lunala|158/308 par\n|-start|p2a: Lunala|confusion\n|-activate|p2a: Lunala|confusion\n|move|p2a: Lunala|Moongeist Beam|p1a: Zapdos\n|-damage|p1a: Zapdos|111/268\n|\n|-heal|p2a: Lunala|177/308 par|[from] item: Leftovers\n|upkeep\n|turn|15\n|\n|t:|1781401566\n|move|p1a: Zapdos|Roost|p1a: Zapdos\n|-heal|p1a: Zapdos|245/268\n|-singleturn|p1a: Zapdos|move: Roost\n|-activate|p2a: Lunala|confusion\n|cant|p2a: Lunala|par\n|\n|-heal|p2a: Lunala|196/308 par|[from] item: Leftovers\n|upkeep\n|turn|16\n|\n|t:|1781401571\n|move|p1a: Zapdos|Hurricane|p2a: Lunala\n|-damage|p2a: Lunala|69/308 par\n|-activate|p2a: Lunala|confusion\n|move|p2a: Lunala|Moonlight|p2a: Lunala\n|-heal|p2a: Lunala|223/308 par\n|\n|-heal|p2a: Lunala|242/308 par|[from] item: Leftovers\n|upkeep\n|turn|17\n|\n|t:|1781401578\n|move|p1a: Zapdos|Hurricane|p2a: Lunala\n|-damage|p2a: Lunala|124/308 par\n|-activate|p2a: Lunala|confusion\n|move|p2a: Lunala|Calm Mind|p2a: Lunala\n|-boost|p2a: Lunala|spa|1\n|-boost|p2a: Lunala|spd|1\n|\n|-heal|p2a: Lunala|143/308 par|[from] item: Leftovers\n|upkeep\n|turn|18\n|\n|t:|1781401594\n|switch|p1a: Hariyama|Hariyama, L87, M|290/392\n|-end|p2a: Lunala|confusion\n|move|p2a: Lunala|Moonlight|p2a: Lunala\n|-heal|p2a: Lunala|297/308 par\n|\n|-heal|p2a: Lunala|308/308 par|[from] item: Leftovers\n|upkeep\n|turn|19\n|\n|t:|1781401608\n|move|p1a: Hariyama|Knock Off|p2a: Lunala\n|-supereffective|p2a: Lunala\n|-damage|p2a: Lunala|94/308 par\n|-enditem|p2a: Lunala|Leftovers|[from] move: Knock Off|[of] p1a: Hariyama\n|move|p2a: Lunala|Moonblast|p1a: Hariyama\n|-supereffective|p1a: Hariyama\n|-damage|p1a: Hariyama|132/392\n|-unboost|p1a: Hariyama|spa|1\n|\n|upkeep\n|turn|20\n|\n|t:|1781401617\n|move|p1a: Hariyama|Knock Off|p2a: Lunala\n|-supereffective|p2a: Lunala\n|-damage|p2a: Lunala|0 fnt\n|faint|p2a: Lunala\n|\n|upkeep\n|\n|t:|1781401631\n|switch|p2a: Skarmory|Skarmory, L80, F|105/235\n|turn|21\n|\n|t:|1781401639\n|move|p2a: Skarmory|Brave Bird|p1a: Hariyama\n|-supereffective|p1a: Hariyama\n|-damage|p1a: Hariyama|0 fnt\n|faint|p1a: Hariyama\n|-damage|p2a: Skarmory|61/235|[from] Recoil\n|\n|upkeep\n|\n|t:|1781401649\n|switch|p1a: Suicune|Suicune, L82|298/298\n|-ability|p1a: Suicune|Pressure\n|turn|22\n|\n|t:|1781401666\n|move|p1a: Suicune|Substitute|p1a: Suicune\n|-start|p1a: Suicune|Substitute\n|-damage|p1a: Suicune|224/298\n|move|p2a: Skarmory|Body Press|p1a: Suicune\n|-activate|p1a: Suicune|move: Substitute|[damage]\n|\n|-heal|p1a: Suicune|242/298|[from] item: Leftovers\n|upkeep\n|turn|23\n|\n|t:|1781401672\n|move|p1a: Suicune|Ice Beam|p2a: Skarmory\n|-damage|p2a: Skarmory|0 fnt\n|faint|p2a: Skarmory\n|\n|-heal|p1a: Suicune|260/298|[from] item: Leftovers\n|upkeep\n|\n|t:|1781401681\n|switch|p2a: Mienshao|Mienshao, L83, M|244/244\n|turn|24\n|\n|t:|1781401686\n|move|p2a: Mienshao|Knock Off|p1a: Suicune\n|-end|p1a: Suicune|Substitute\n|move|p1a: Suicune|Scald|p2a: Mienshao\n|-damage|p2a: Mienshao|171/244\n|\n|-heal|p1a: Suicune|278/298|[from] item: Leftovers\n|upkeep\n|turn|25\n|\n|t:|1781401695\n|move|p2a: Mienshao|Knock Off|p1a: Suicune\n|-damage|p1a: Suicune|204/298\n|-enditem|p1a: Suicune|Leftovers|[from] move: Knock Off|[of] p2a: Mienshao\n|move|p1a: Suicune|Scald|p2a: Mienshao\n|-damage|p2a: Mienshao|105/244\n|\n|upkeep\n|turn|26\n|\n|t:|1781401701\n|move|p2a: Mienshao|Close Combat|p1a: Suicune\n|-damage|p1a: Suicune|77/298\n|-unboost|p2a: Mienshao|def|1\n|-unboost|p2a: Mienshao|spd|1\n|move|p1a: Suicune|Scald|p2a: Mienshao\n|-damage|p2a: Mienshao|0 fnt\n|faint|p2a: Mienshao\n|\n|upkeep\n|\n|t:|1781401707\n|switch|p2a: Sunflora|Sunflora, M|312/312\n|turn|27\n|\n|t:|1781401720\n|move|p1a: Suicune|Substitute|p1a: Suicune\n|-start|p1a: Suicune|Substitute\n|-damage|p1a: Suicune|3/298\n|move|p2a: Sunflora|Sludge Bomb|p1a: Suicune\n|-end|p1a: Suicune|Substitute\n|\n|upkeep\n|turn|28\n|\n|t:|1781401750\n|move|p1a: Suicune|Ice Beam|p2a: Sunflora\n|-supereffective|p2a: Sunflora\n|-damage|p2a: Sunflora|206/312\n|move|p2a: Sunflora|Sludge Bomb|p1a: Suicune\n|-damage|p1a: Suicune|0 fnt\n|faint|p1a: Suicune\n|\n|upkeep\n|\n|t:|1781401758\n|switch|p1a: Zapdos|Zapdos, L78|245/268\n|turn|29\n|\n|t:|1781401766\n|move|p1a: Zapdos|Hurricane|p2a: Sunflora\n|-supereffective|p2a: Sunflora\n|-damage|p2a: Sunflora|0 fnt\n|faint|p2a: Sunflora\n|\n|upkeep\n|\n|t:|1781401770\n|switch|p2a: Darkrai|Darkrai, L77|234/234\n|turn|30\n|\n|t:|1781401780\n|move|p2a: Darkrai|Nasty Plot|p2a: Darkrai\n|-boost|p2a: Darkrai|spa|2\n|move|p1a: Zapdos|Discharge|p2a: Darkrai\n|-damage|p2a: Darkrai|137/234\n|\n|-heal|p2a: Darkrai|151/234|[from] item: Leftovers\n|upkeep\n|turn|31\n|\n|t:|1781401785\n|move|p2a: Darkrai|Dark Pulse|p1a: Zapdos\n|-damage|p1a: Zapdos|41/268\n|move|p1a: Zapdos|Discharge|p2a: Darkrai\n|-damage|p2a: Darkrai|46/234\n|\n|-heal|p2a: Darkrai|60/234|[from] item: Leftovers\n|upkeep\n|turn|32\n|\n|t:|1781401792\n|move|p2a: Darkrai|Dark Pulse|p1a: Zapdos\n|-damage|p1a: Zapdos|0 fnt\n|faint|p1a: Zapdos\n|\n|-heal|p2a: Darkrai|74/234|[from] item: Leftovers\n|upkeep\n|\n|t:|1781401793\n|switch|p1a: Ribombee|Ribombee, L83, F|235/235\n|turn|33\n|\n|t:|1781401800\n|-terastallize|p2a: Darkrai|Poison\n|move|p1a: Ribombee|Moonblast|p2a: Darkrai\n|-resisted|p2a: Darkrai\n|-damage|p2a: Darkrai|19/234\n|-unboost|p2a: Darkrai|spa|1\n|move|p2a: Darkrai|Sludge Bomb|p1a: Ribombee\n|-supereffective|p1a: Ribombee\n|-damage|p1a: Ribombee|0 fnt\n|faint|p1a: Ribombee\n|\n|-heal|p2a: Darkrai|33/234|[from] item: Leftovers\n|upkeep\n|\n|t:|1781401804\n|switch|p1a: Dachsbun|Dachsbun, L92, M|254/254\n|turn|34\n|\n|t:|1781401813\n|-terastallize|p1a: Dachsbun|Steel\n|move|p2a: Darkrai|Dark Pulse|p1a: Dachsbun\n|-damage|p1a: Dachsbun|115/254\n|move|p1a: Dachsbun|Body Press|p2a: Darkrai\n|-resisted|p2a: Darkrai\n|-damage|p2a: Darkrai|0 fnt\n|faint|p2a: Darkrai\n|\n|-heal|p1a: Dachsbun|130/254|[from] item: Leftovers\n|upkeep\n|\n|t:|1781401817\n|switch|p2a: Ogerpon|Ogerpon-Hearthflame, L74, F|239/239\n|-ability|p2a: Ogerpon|Mold Breaker\n|turn|35\n|\n|t:|1781401828\n|move|p1a: Dachsbun|Wish|p1a: Dachsbun\n|move|p2a: Ogerpon|Swords Dance|p2a: Ogerpon\n|-boost|p2a: Ogerpon|atk|2\n|\n|-heal|p1a: Dachsbun|145/254|[from] item: Leftovers\n|upkeep\n|turn|36\n|\n|t:|1781401835\n|move|p1a: Dachsbun|Body Press|p2a: Ogerpon\n|-damage|p2a: Ogerpon|143/239\n|move|p2a: Ogerpon|Stomping Tantrum|p1a: Dachsbun\n|-supereffective|p1a: Dachsbun\n|-damage|p1a: Dachsbun|0 fnt\n|faint|p1a: Dachsbun\n|\n|upkeep\n|\n|t:|1781401840\n|switch|p1a: Glastrier|Glastrier, L86|8/311\n|turn|37\n|-message|Rheny forfeited.\n|\n|win|WhatEver2102\n", "uploadtime": 1781401410, "views": 3, "formatid": "gen9randombattle", "rating": null, "private": 0, "password": null}