{"id": "gen9randombattle-2631558403", "format": "[Gen 9] Random Battle", "players": ["Undertaker67", "AdvancedWelfare"], "log": "|j|\u2606Undertaker67\n|j|\u2606AdvancedWelfare\n|t:|1781401131\n|gametype|singles\n|player|p1|Undertaker67|n|1969\n|player|p2|AdvancedWelfare|ghetsis|1948\n|gen|9\n|tier|[Gen 9] Random Battle\n|rated|\n|rule|Species Clause: Limit one of each Pok\u00e9mon\n|rule|HP Percentage Mod: HP is shown in percentages\n|rule|Sleep Clause Mod: Limit one foe put to sleep\n|rule|Illusion Level Mod: Illusion disguises the Pok\u00e9mon's true level\n|\n|t:|1781401131\n|teamsize|p1|6\n|teamsize|p2|6\n|start\n|switch|p1a: Krookodile|Krookodile, L79, M|280/280\n|switch|p2a: Heatran|Heatran, L79, M|273/273\n|-ability|p1a: Krookodile|Intimidate|boost\n|-unboost|p2a: Heatran|atk|1\n|-item|p2a: Heatran|Air Balloon\n|turn|1\n|inactive|Battle timer is ON: inactive players will automatically lose when time's up. (requested by Undertaker67)\n|\n|t:|1781401163\n|move|p1a: Krookodile|Knock Off|p2a: Heatran\n|-damage|p2a: Heatran|179/273\n|-enditem|p2a: Heatran|Air Balloon\n|move|p2a: Heatran|Magma Storm|p1a: Krookodile|[miss]\n|-miss|p2a: Heatran|p1a: Krookodile\n|\n|upkeep\n|turn|2\n|\n|t:|1781401172\n|switch|p2a: Volbeat|Volbeat, L90, M|263/263\n|move|p1a: Krookodile|Earthquake|p2a: Volbeat\n|-resisted|p2a: Volbeat\n|-damage|p2a: Volbeat|205/263\n|\n|upkeep\n|turn|3\n|\n|t:|1781401187\n|switch|p1a: Chandelure|Chandelure, L83, M|235/235\n|move|p2a: Volbeat|Lunge|p1a: Chandelure\n|-resisted|p1a: Chandelure\n|-damage|p1a: Chandelure|217/235\n|-unboost|p1a: Chandelure|atk|1\n|\n|upkeep\n|turn|4\n|\n|t:|1781401194\n|move|p2a: Volbeat|Thunder Wave|p1a: Chandelure\n|-status|p1a: Chandelure|par\n|move|p1a: Chandelure|Fire Blast|p2a: Volbeat|[miss]\n|-miss|p1a: Chandelure|p2a: Volbeat\n|\n|upkeep\n|turn|5\n|\n|t:|1781401201\n|switch|p2a: Heatran|Heatran, L79, M|179/273\n|move|p1a: Chandelure|Shadow Ball|p2a: Heatran\n|-damage|p2a: Heatran|74/273\n|\n|upkeep\n|turn|6\n|\n|t:|1781401210\n|move|p2a: Heatran|Magma Storm|p1a: Chandelure\n|-resisted|p1a: Chandelure\n|-damage|p1a: Chandelure|162/235 par\n|-activate|p1a: Chandelure|move: Magma Storm|[of] p2a: Heatran\n|cant|p1a: Chandelure|par\n|\n|-damage|p1a: Chandelure|133/235 par|[from] move: Magma Storm|[partiallytrapped]\n|upkeep\n|turn|7\n|\n|t:|1781401218\n|switch|p1a: Krookodile|Krookodile, L79, M|280/280\n|-ability|p1a: Krookodile|Intimidate|boost\n|-unboost|p2a: Heatran|atk|1\n|move|p2a: Heatran|Stealth Rock|p1a: Krookodile\n|-sidestart|p1: Undertaker67|move: Stealth Rock\n|\n|upkeep\n|turn|8\n|\n|t:|1781401227\n|move|p1a: Krookodile|Earthquake|p2a: Heatran\n|-supereffective|p2a: Heatran\n|-damage|p2a: Heatran|0 fnt\n|faint|p2a: Heatran\n|\n|upkeep\n|\n|t:|1781401237\n|switch|p2a: Volbeat|Volbeat, L90, M|205/263\n|turn|9\n|\n|t:|1781401263\n|switch|p1a: Chandelure|Chandelure, L83, M|133/235 par\n|move|p2a: Volbeat|Lunge|p1a: Chandelure\n|-resisted|p1a: Chandelure\n|-damage|p1a: Chandelure|114/235 par\n|-unboost|p1a: Chandelure|atk|1\n|-status|p2a: Volbeat|brn|[from] ability: Flame Body|[of] p1a: Chandelure\n|\n|-damage|p2a: Volbeat|189/263 brn|[from] brn\n|upkeep\n|turn|10\n|\n|t:|1781401275\n|switch|p2a: Chansey|Chansey, L85, F|564/564\n|move|p1a: Chandelure|Will-O-Wisp|p2a: Chansey\n|-status|p2a: Chansey|brn\n|\n|-damage|p2a: Chansey|529/564 brn|[from] brn\n|upkeep\n|turn|11\n|\n|t:|1781401289\n|switch|p1a: Krookodile|Krookodile, L79, M|280/280\n|-damage|p1a: Krookodile|263/280|[from] Stealth Rock\n|-ability|p1a: Krookodile|Intimidate|boost\n|-unboost|p2a: Chansey|atk|1\n|move|p2a: Chansey|Heal Bell|p2a: Chansey\n|-activate|p2a: Chansey|move: Heal Bell\n|-curestatus|p2a: Chansey|brn|[msg]\n|-curestatus|p2: Volbeat|brn|[msg]\n|\n|-heal|p1a: Krookodile|280/280|[from] item: Leftovers\n|upkeep\n|turn|12\n|\n|t:|1781401295\n|switch|p2a: Volbeat|Volbeat, L90, M|189/263\n|move|p1a: Krookodile|Knock Off|p2a: Volbeat\n|-damage|p2a: Volbeat|77/263\n|-enditem|p2a: Volbeat|Heavy-Duty Boots|[from] move: Knock Off|[of] p1a: Krookodile\n|\n|upkeep\n|turn|13\n|\n|t:|1781401298\n|switch|p1a: Chandelure|Chandelure, L83, M|114/235 par\n|move|p2a: Volbeat|Roost|p2a: Volbeat\n|-heal|p2a: Volbeat|209/263\n|-singleturn|p2a: Volbeat|move: Roost\n|\n|upkeep\n|turn|14\n|\n|t:|1781401307\n|switch|p2a: Munkidori|Munkidori, L79, M|269/269\n|move|p1a: Chandelure|Fire Blast|p2a: Munkidori\n|-damage|p2a: Munkidori|166/269\n|\n|upkeep\n|turn|15\n|\n|t:|1781401317\n|move|p2a: Munkidori|U-turn|p1a: Chandelure\n|-resisted|p1a: Chandelure\n|-damage|p1a: Chandelure|105/235 par\n|\n|t:|1781401325\n|switch|p2a: Chansey|Chansey, L85, F|529/564|[from] U-turn\n|cant|p1a: Chandelure|par\n|\n|upkeep\n|turn|16\n|\n|t:|1781401339\n|switch|p2a: Oricorio|Oricorio-Sensu, L85, M|266/266\n|switch|p1a: Krookodile|Krookodile, L79, M|280/280\n|-damage|p1a: Krookodile|263/280|[from] Stealth Rock\n|-ability|p1a: Krookodile|Intimidate|boost\n|-unboost|p2a: Oricorio|atk|1\n|\n|-heal|p1a: Krookodile|280/280|[from] item: Leftovers\n|upkeep\n|turn|17\n|\n|t:|1781401346\n|-terastallize|p2a: Oricorio|Fighting\n|move|p2a: Oricorio|Quiver Dance|p2a: Oricorio\n|-boost|p2a: Oricorio|spa|1\n|-boost|p2a: Oricorio|spd|1\n|-boost|p2a: Oricorio|spe|1\n|move|p1a: Krookodile|Knock Off|p2a: Oricorio\n|-resisted|p2a: Oricorio\n|-damage|p2a: Oricorio|210/266\n|-enditem|p2a: Oricorio|Heavy-Duty Boots|[from] move: Knock Off|[of] p1a: Krookodile\n|\n|upkeep\n|turn|18\n|\n|t:|1781401360\n|-terastallize|p1a: Krookodile|Poison\n|move|p2a: Oricorio|Hurricane|p1a: Krookodile|[miss]\n|-miss|p2a: Oricorio|p1a: Krookodile\n|move|p1a: Krookodile|Gunk Shot|p2a: Oricorio|[miss]\n|-miss|p1a: Krookodile|p2a: Oricorio\n|\n|upkeep\n|turn|19\n|\n|t:|1781401365\n|move|p2a: Oricorio|Hurricane|p1a: Krookodile\n|-damage|p1a: Krookodile|48/280\n|-start|p1a: Krookodile|confusion\n|-activate|p1a: Krookodile|confusion\n|move|p1a: Krookodile|Gunk Shot|p2a: Oricorio\n|-damage|p2a: Oricorio|57/266\n|\n|-heal|p1a: Krookodile|65/280|[from] item: Leftovers\n|upkeep\n|turn|20\n|\n|t:|1781401377\n|move|p2a: Oricorio|Revelation Dance|p1a: Krookodile\n|-resisted|p1a: Krookodile\n|-damage|p1a: Krookodile|0 fnt\n|faint|p1a: Krookodile\n|\n|upkeep\n|\n|t:|1781401395\n|switch|p1a: Delphox|Delphox, L84, F|263/263\n|-damage|p1a: Delphox|198/263|[from] Stealth Rock\n|turn|21\n|\n|t:|1781401416\n|switch|p2a: Munkidori|Munkidori, L79, M|166/269\n|move|p1a: Delphox|Psyshock|p2a: Munkidori\n|-damage|p2a: Munkidori|0 fnt\n|faint|p2a: Munkidori\n|\n|upkeep\n|\n|t:|1781401429\n|switch|p2a: Tinkaton|Tinkaton, L82, F|274/274\n|-ability|p2a: Tinkaton|Mold Breaker\n|turn|22\n|\n|t:|1781401438\n|switch|p1a: Chandelure|Chandelure, L83, M|105/235 par\n|move|p2a: Tinkaton|Swords Dance|p2a: Tinkaton\n|-boost|p2a: Tinkaton|atk|2\n|\n|upkeep\n|turn|23\n|\n|t:|1781401444\n|move|p2a: Tinkaton|Knock Off|p1a: Chandelure\n|-supereffective|p1a: Chandelure\n|-damage|p1a: Chandelure|0 fnt\n|-enditem|p1a: Chandelure|Heavy-Duty Boots|[from] move: Knock Off|[of] p2a: Tinkaton\n|faint|p1a: Chandelure\n|\n|upkeep\n|\n|t:|1781401465\n|switch|p1a: Slaking|Slaking, L84, M|389/389\n|-damage|p1a: Slaking|341/389|[from] Stealth Rock\n|turn|24\n|\n|t:|1781401478\n|switch|p2a: Volbeat|Volbeat, L90, M|209/263\n|move|p1a: Slaking|Earthquake|p2a: Volbeat\n|-resisted|p2a: Volbeat\n|-damage|p2a: Volbeat|119/263\n|\n|upkeep\n|turn|25\n|\n|t:|1781401500\n|switch|p1a: Gyarados|Gyarados, L79, M|280/280\n|-ability|p1a: Gyarados|Intimidate|boost\n|-unboost|p2a: Volbeat|atk|1\n|move|p2a: Volbeat|Roost|p2a: Volbeat\n|-heal|p2a: Volbeat|251/263\n|-singleturn|p2a: Volbeat|move: Roost\n|\n|upkeep\n|turn|26\n|\n|t:|1781401506\n|move|p2a: Volbeat|Lunge|p1a: Gyarados\n|-resisted|p1a: Gyarados\n|-damage|p1a: Gyarados|250/280\n|-unboost|p1a: Gyarados|atk|1\n|move|p1a: Gyarados|Dragon Dance|p1a: Gyarados\n|-boost|p1a: Gyarados|atk|1\n|-boost|p1a: Gyarados|spe|1\n|\n|upkeep\n|turn|27\n|\n|t:|1781401513\n|move|p2a: Volbeat|Encore|p1a: Gyarados\n|-start|p1a: Gyarados|Encore\n|move|p1a: Gyarados|Dragon Dance|p1a: Gyarados\n|-boost|p1a: Gyarados|atk|1\n|-boost|p1a: Gyarados|spe|1\n|\n|upkeep\n|turn|28\n|\n|t:|1781401518\n|switch|p1a: Delphox|Delphox, L84, F|198/263\n|-damage|p1a: Delphox|133/263|[from] Stealth Rock\n|move|p2a: Volbeat|Lunge|p1a: Delphox\n|-damage|p1a: Delphox|75/263\n|-unboost|p1a: Delphox|atk|1\n|\n|upkeep\n|turn|29\n|\n|t:|1781401530\n|move|p1a: Delphox|Psyshock|p2a: Volbeat\n|-damage|p2a: Volbeat|100/263\n|move|p2a: Volbeat|Lunge|p1a: Delphox\n|-damage|p1a: Delphox|17/263\n|-unboost|p1a: Delphox|atk|1\n|\n|upkeep\n|turn|30\n|\n|t:|1781401538\n|move|p2a: Volbeat|Thunder Wave|p1a: Delphox|[miss]\n|-miss|p2a: Volbeat|p1a: Delphox\n|move|p1a: Delphox|Psyshock|p2a: Volbeat\n|-damage|p2a: Volbeat|0 fnt\n|faint|p2a: Volbeat\n|\n|upkeep\n|\n|t:|1781401541\n|switch|p2a: Tinkaton|Tinkaton, L82, F|274/274\n|-ability|p2a: Tinkaton|Mold Breaker\n|turn|31\n|\n|t:|1781401546\n|switch|p1a: Slaking|Slaking, L84, M|341/389\n|-damage|p1a: Slaking|293/389|[from] Stealth Rock\n|move|p2a: Tinkaton|Swords Dance|p2a: Tinkaton\n|-boost|p2a: Tinkaton|atk|2\n|\n|upkeep\n|turn|32\n|\n|t:|1781401560\n|move|p1a: Slaking|Earthquake|p2a: Tinkaton\n|-supereffective|p2a: Tinkaton\n|-damage|p2a: Tinkaton|0 fnt\n|faint|p2a: Tinkaton\n|\n|upkeep\n|\n|t:|1781401562\n|switch|p2a: Oricorio|Oricorio-Sensu, L85, M, tera:Fighting|57/266\n|turn|33\n|\n|t:|1781401571\n|switch|p1a: Gyarados|Gyarados, L79, M|250/280\n|-ability|p1a: Gyarados|Intimidate|boost\n|-unboost|p2a: Oricorio|atk|1\n|move|p2a: Oricorio|Quiver Dance|p2a: Oricorio\n|-boost|p2a: Oricorio|spa|1\n|-boost|p2a: Oricorio|spd|1\n|-boost|p2a: Oricorio|spe|1\n|\n|upkeep\n|turn|34\n|\n|t:|1781401577\n|move|p2a: Oricorio|Hurricane|p1a: Gyarados\n|-damage|p1a: Gyarados|73/280\n|-start|p1a: Gyarados|confusion\n|-activate|p1a: Gyarados|confusion\n|move|p1a: Gyarados|Waterfall|p2a: Oricorio\n|-damage|p2a: Oricorio|0 fnt\n|faint|p2a: Oricorio\n|\n|upkeep\n|\n|t:|1781401586\n|switch|p2a: Chansey|Chansey, L85, F|529/564\n|turn|35\n|\n|t:|1781401589\n|-activate|p1a: Gyarados|confusion\n|move|p1a: Gyarados|Waterfall|p2a: Chansey\n|-damage|p2a: Chansey|301/564\n|move|p2a: Chansey|Seismic Toss|p1a: Gyarados\n|-damage|p1a: Gyarados|0 fnt\n|faint|p1a: Gyarados\n|\n|upkeep\n|\n|t:|1781401592\n|switch|p1a: Slaking|Slaking, L84, M|293/389\n|-damage|p1a: Slaking|245/389|[from] Stealth Rock\n|turn|36\n|\n|t:|1781401596\n|move|p1a: Slaking|Giga Impact|p2a: Chansey\n|-damage|p2a: Chansey|0 fnt\n|-mustrecharge|p1a: Slaking\n|faint|p2a: Chansey\n|\n|win|Undertaker67\n", "inputlog": ">version a8376a258c1d4662feba110a92103f3664a72141\n>start {\"formatid\":\"gen9randombattle\",\"seed\":\"sodium,cfb8f1662c7413839208c0e999cc36b0\",\"rated\":\"Rated battle\"}\n>player p1 {\"name\":\"Undertaker67\",\"avatar\":\"n\",\"rating\":1969,\"seed\":\"sodium,a63510eecce9decd8ce52479b1d566d7\"}\n>player p2 {\"name\":\"AdvancedWelfare\",\"avatar\":\"ghetsis\",\"rating\":1948,\"seed\":\"sodium,62fe8a0d201faafed808fcdc535ab092\"}\n>p1 move knockoff\n>p2 move magmastorm\n>p1 move earthquake\n>p2 switch 6\n>p1 switch 2\n>p2 move lunge\n>p1 move fireblast\n>p2 move thunderwave\n>p1 move shadowball\n>p2 switch 6\n>p1 move shadowball\n>p2 move magmastorm\n>p1 switch 2\n>p2 move stealthrock\n>p1 move earthquake\n>p2 move magmastorm\n>p2 switch 6\n>p1 switch 2\n>p2 move lunge\n>p1 move willowisp\n>p2 switch 4\n>p1 switch 2\n>p2 move healbell\n>p1 move knockoff\n>p2 switch 4\n>p1 switch 2\n>p2 move roost\n>p1 move fireblast\n>p2 switch 3\n>p1 move shadowball\n>p2 move uturn\n>p2 switch 4\n>p1 switch 2\n>p2 switch 5\n>p1 move knockoff\n>p2 move quiverdance terastallize\n>p1 move gunkshot terastallize\n>p2 move hurricane\n>p1 move gunkshot\n>p2 move hurricane\n>p1 move earthquake\n>p2 move revelationdance\n>p1 switch 5\n>p1 move psyshock\n>p2 switch 4\n>p2 switch 2\n>p1 switch 2\n>p2 move swordsdance\n>p1 move fireblast\n>p2 move knockoff\n>p1 switch 4\n>p1 move earthquake\n>p2 switch 3\n>p1 switch 6\n>p2 move roost\n>p1 move dragondance\n>p2 move lunge\n>p1 move stoneedge\n>p2 move encore\n>p1 switch 2\n>p2 move lunge\n>p1 move psyshock\n>p2 move lunge\n>p1 move psyshock\n>p2 move thunderwave\n>p2 switch 3\n>p1 switch 6\n>p2 move swordsdance\n>p1 move earthquake\n>p2 move gigatonhammer\n>p2 switch 4\n>p1 switch 2\n>p2 move quiverdance\n>p1 move waterfall\n>p2 move hurricane\n>p2 switch 5\n>p1 move waterfall\n>p2 move seismictoss\n>p1 switch 2\n>p1 move gigaimpact\n>p2 move thunderwave", "uploadtime": 1781401132, "views": 4, "formatid": "gen9randombattle", "rating": null, "private": 0, "password": null}