{"id": "gen9randombattle-2631951463", "format": "[Gen 9] Random Battle", "players": ["detlas", "Jenome"], "log": "|j|\u2606detlas\n|j|\u2606Jenome\n|t:|1781459179\n|gametype|singles\n|player|p1|detlas|1|1616\n|player|p2|Jenome|gentleman-gen4|1561\n|gen|9\n|tier|[Gen 9] Random Battle\n|rated|\n|rule|Species Clause: Limit one of each Pok\u00e9mon\n|rule|HP Percentage Mod: HP is shown in percentages\n|rule|Sleep Clause Mod: Limit one foe put to sleep\n|rule|Illusion Level Mod: Illusion disguises the Pok\u00e9mon's true level\n|\n|t:|1781459179\n|teamsize|p1|6\n|teamsize|p2|6\n|start\n|switch|p1a: Raging Bolt|Raging Bolt, L78|323/323\n|switch|p2a: Weezing|Weezing, L88, F|258/258\n|turn|1\n|\n|t:|1781459207\n|move|p1a: Raging Bolt|Thunderbolt|p2a: Weezing\n|-damage|p2a: Weezing|132/258\n|move|p2a: Weezing|Sludge Bomb|p1a: Raging Bolt\n|-damage|p1a: Raging Bolt|227/323\n|-status|p1a: Raging Bolt|psn\n|\n|-heal|p1a: Raging Bolt|247/323 psn|[from] item: Leftovers\n|-heal|p2a: Weezing|148/258|[from] item: Leftovers\n|-damage|p1a: Raging Bolt|207/323 psn|[from] psn\n|upkeep\n|turn|2\n|inactive|Battle timer is ON: inactive players will automatically lose when time's up. (requested by Jenome)\n|\n|t:|1781459217\n|move|p1a: Raging Bolt|Thunderbolt|p2a: Weezing\n|-damage|p2a: Weezing|24/258\n|move|p2a: Weezing|Pain Split|p1a: Raging Bolt\n|-sethp|p1a: Raging Bolt|115/323 psn|[from] move: Pain Split|[silent]\n|-sethp|p2a: Weezing|115/258|[from] move: Pain Split\n|\n|-heal|p1a: Raging Bolt|135/323 psn|[from] item: Leftovers\n|-heal|p2a: Weezing|131/258|[from] item: Leftovers\n|-damage|p1a: Raging Bolt|95/323 psn|[from] psn\n|upkeep\n|turn|3\n|\n|t:|1781459225\n|move|p1a: Raging Bolt|Thunderbolt|p2a: Weezing\n|-damage|p2a: Weezing|13/258\n|move|p2a: Weezing|Sludge Bomb|p1a: Raging Bolt\n|-damage|p1a: Raging Bolt|0 fnt\n|faint|p1a: Raging Bolt\n|-end|p1a: Raging Bolt|Protosynthesis|[silent]\n|\n|-heal|p2a: Weezing|29/258|[from] item: Leftovers\n|upkeep\n|inactive|detlas has 120 seconds left.\n|\n|t:|1781459279\n|switch|p1a: Passimian|Passimian, L83, F|302/302\n|turn|4\n|\n|t:|1781459285\n|move|p1a: Passimian|Knock Off|p2a: Weezing\n|-damage|p2a: Weezing|0 fnt\n|-enditem|p2a: Weezing|Leftovers|[from] move: Knock Off|[of] p1a: Passimian\n|faint|p2a: Weezing\n|\n|upkeep\n|\n|t:|1781459291\n|switch|p2a: Swalot|Swalot, L90, M|326/326\n|turn|5\n|inactive|detlas has 120 seconds left.\n|\n|t:|1781459303\n|move|p1a: Passimian|Knock Off|p2a: Swalot\n|-damage|p2a: Swalot|253/326\n|-enditem|p2a: Swalot|Leftovers|[from] move: Knock Off|[of] p1a: Passimian\n|move|p2a: Swalot|Swords Dance|p2a: Swalot\n|-boost|p2a: Swalot|atk|2\n|\n|upkeep\n|turn|6\n|inactive|detlas has 120 seconds left.\n|\n|t:|1781459322\n|switch|p1a: Dusknoir|Dusknoir, L89, M|225/225\n|move|p2a: Swalot|Gunk Shot|p1a: Dusknoir\n|-resisted|p1a: Dusknoir\n|-damage|p1a: Dusknoir|146/225\n|-status|p1a: Dusknoir|psn\n|\n|-damage|p1a: Dusknoir|118/225 psn|[from] psn\n|upkeep\n|turn|7\n|\n|t:|1781459331\n|move|p2a: Swalot|Knock Off|p1a: Dusknoir\n|-supereffective|p1a: Dusknoir\n|-damage|p1a: Dusknoir|0 fnt\n|-enditem|p1a: Dusknoir|Life Orb|[from] move: Knock Off|[of] p2a: Swalot\n|faint|p1a: Dusknoir\n|\n|upkeep\n|inactive|detlas has 120 seconds left.\n|\n|t:|1781459341\n|switch|p1a: Kingambit|Kingambit, L74, M|270/270\n|-activate|p1a: Kingambit|ability: Supreme Overlord\n|-start|p1a: Kingambit|fallen2|[silent]\n|turn|8\n|\n|t:|1781459354\n|move|p2a: Swalot|Earthquake|p1a: Kingambit\n|-supereffective|p1a: Kingambit\n|-damage|p1a: Kingambit|42/270\n|move|p1a: Kingambit|Swords Dance|p1a: Kingambit\n|-boost|p1a: Kingambit|atk|2\n|\n|-heal|p1a: Kingambit|58/270|[from] item: Leftovers\n|upkeep\n|turn|9\n|\n|t:|1781459358\n|move|p1a: Kingambit|Sucker Punch|p2a: Swalot\n|-damage|p2a: Swalot|84/326\n|move|p2a: Swalot|Earthquake|p1a: Kingambit\n|-supereffective|p1a: Kingambit\n|-damage|p1a: Kingambit|0 fnt\n|faint|p1a: Kingambit\n|-end|p1a: Kingambit|fallen2|[silent]\n|\n|upkeep\n|\n|t:|1781459368\n|switch|p1a: Passimian|Passimian, L83, F|302/302\n|turn|10\n|\n|t:|1781459385\n|move|p1a: Passimian|Earthquake|p2a: Swalot\n|-supereffective|p2a: Swalot\n|-damage|p2a: Swalot|0 fnt\n|faint|p2a: Swalot\n|\n|upkeep\n|\n|t:|1781459388\n|switch|p2a: Altaria|Altaria, L89, M|278/278\n|turn|11\n|\n|t:|1781459412\n|switch|p1a: Sinistcha|Sinistcha-Masterpiece, L83|254/254\n|move|p2a: Altaria|Dragon Dance|p2a: Altaria\n|-boost|p2a: Altaria|atk|1\n|-boost|p2a: Altaria|spe|1\n|\n|upkeep\n|turn|12\n|\n|t:|1781459420\n|move|p2a: Altaria|Brave Bird|p1a: Sinistcha\n|-supereffective|p1a: Sinistcha\n|-damage|p1a: Sinistcha|0 fnt\n|faint|p1a: Sinistcha\n|-damage|p2a: Altaria|194/278|[from] Recoil\n|\n|upkeep\n|\n|t:|1781459425\n|switch|p1a: Passimian|Passimian, L83, F|302/302\n|turn|13\n|\n|t:|1781459432\n|move|p2a: Altaria|Brave Bird|p1a: Passimian\n|-supereffective|p1a: Passimian\n|-damage|p1a: Passimian|0 fnt\n|faint|p1a: Passimian\n|-damage|p2a: Altaria|94/278|[from] Recoil\n|\n|upkeep\n|-message|detlas forfeited.\n|\n|win|Jenome\n|raw|detlas's rating: 1616 &rarr; <strong>1593</strong><br />(-23 for losing)\n|raw|Jenome's rating: 1561 &rarr; <strong>1584</strong><br />(+23 for winning)\n|l|\u2606detlas\n|player|p1|\n", "inputlog": ">version a8376a258c1d4662feba110a92103f3664a72141\n>start {\"formatid\":\"gen9randombattle\",\"seed\":\"sodium,fda111efcdb47745cb008a324f8096f6\",\"rated\":\"Rated battle\"}\n>player p1 {\"name\":\"detlas\",\"avatar\":\"1\",\"rating\":1616,\"seed\":\"sodium,2fa471b2b54ef4b28b317f7e08254b6c\"}\n>player p2 {\"name\":\"Jenome\",\"avatar\":\"gentleman-gen4\",\"rating\":1561,\"seed\":\"sodium,db035495dd72475dc9324801d79cf77e\"}\n>p1 move thunderbolt\n>p2 move sludgebomb\n>p1 move thunderbolt\n>p2 move painsplit\n>p1 move thunderbolt\n>p2 move sludgebomb\n>p1 switch 3\n>p1 move knockoff\n>p2 move painsplit\n>p2 switch 3\n>p1 move knockoff\n>p2 move swordsdance\n>p1 switch 6\n>p2 move gunkshot\n>p1 move earthquake\n>p2 move knockoff\n>p1 switch 4\n>p1 move swordsdance\n>p2 move earthquake\n>p1 move suckerpunch\n>p2 move earthquake\n>p1 switch 6\n>p1 move earthquake\n>p2 move gunkshot\n>p2 switch 2\n>p1 switch 2\n>p2 move dragondance\n>p1 move calmmind\n>p2 move bravebird\n>p1 switch 2\n>p1 move rockslide\n>p2 move bravebird\n>forcelose p1", "uploadtime": 1781459438, "views": 3, "formatid": "gen9randombattle", "rating": 1584, "private": 0, "password": null}