{"id": "gen9randombattle-2631410062", "format": "[Gen 9] Random Battle", "players": ["bulrug", "Coopman35"], "log": "|j|\u203dbulrug\n|j|\u2606Coopman35\n|t:|1781381265\n|gametype|singles\n|player|p1|bulrug|burglar|1997\n|player|p2|Coopman35|bruno|1966\n|gen|9\n|tier|[Gen 9] Random Battle\n|rated|\n|rule|Species Clause: Limit one of each Pok\u00e9mon\n|rule|HP Percentage Mod: HP is shown in percentages\n|rule|Sleep Clause Mod: Limit one foe put to sleep\n|rule|Illusion Level Mod: Illusion disguises the Pok\u00e9mon's true level\n|\n|t:|1781381265\n|teamsize|p1|6\n|teamsize|p2|6\n|start\n|switch|p1a: Iron Hands|Iron Hands, L79|373/373\n|switch|p2a: Scovillain|Scovillain, L91, F|266/266\n|turn|1\n|\n|t:|1781381269\n|move|p1a: Iron Hands|Fake Out|p2a: Scovillain\n|-damage|p2a: Scovillain|228/266\n|cant|p2a: Scovillain|flinch\n|\n|-heal|p2a: Scovillain|244/266|[from] item: Leftovers\n|upkeep\n|turn|2\n|\n|t:|1781381272\n|move|p2a: Scovillain|Leech Seed|p1a: Iron Hands\n|-start|p1a: Iron Hands|move: Leech Seed\n|move|p1a: Iron Hands|Volt Switch|p2a: Scovillain\n|-resisted|p2a: Scovillain\n|-damage|p2a: Scovillain|222/266\n|\n|t:|1781381280\n|-end|p1a: Iron Hands|Quark Drive|[silent]\n|switch|p1a: Raikou|Raikou, L81|278/278|[from] Volt Switch\n|-ability|p1a: Raikou|Pressure\n|\n|-heal|p2a: Scovillain|238/266|[from] item: Leftovers\n|upkeep\n|turn|3\n|\n|t:|1781381284\n|move|p1a: Raikou|Substitute|p1a: Raikou\n|-start|p1a: Raikou|Substitute\n|-damage|p1a: Raikou|209/278\n|move|p2a: Scovillain|Flamethrower|p1a: Raikou\n|-end|p1a: Raikou|Substitute\n|\n|-heal|p1a: Raikou|226/278|[from] item: Leftovers\n|-heal|p2a: Scovillain|254/266|[from] item: Leftovers\n|upkeep\n|turn|4\n|\n|t:|1781381286\n|move|p1a: Raikou|Calm Mind|p1a: Raikou\n|-boost|p1a: Raikou|spa|1\n|-boost|p1a: Raikou|spd|1\n|move|p2a: Scovillain|Flamethrower|p1a: Raikou\n|-damage|p1a: Raikou|153/278\n|\n|-heal|p1a: Raikou|170/278|[from] item: Leftovers\n|-heal|p2a: Scovillain|266/266|[from] item: Leftovers\n|upkeep\n|turn|5\n|\n|t:|1781381293\n|switch|p2a: Amoonguss|Amoonguss, L82, F|321/321\n|move|p1a: Raikou|Substitute|p1a: Raikou\n|-start|p1a: Raikou|Substitute\n|-damage|p1a: Raikou|101/278\n|\n|-heal|p1a: Raikou|118/278|[from] item: Leftovers\n|upkeep\n|turn|6\n|\n|t:|1781381297\n|move|p1a: Raikou|Thunderbolt|p2a: Amoonguss\n|-resisted|p2a: Amoonguss\n|-crit|p2a: Amoonguss\n|-damage|p2a: Amoonguss|207/321\n|move|p2a: Amoonguss|Sludge Bomb|p1a: Raikou\n|-crit|p1a: Raikou\n|-end|p1a: Raikou|Substitute\n|\n|-heal|p1a: Raikou|135/278|[from] item: Leftovers\n|upkeep\n|turn|7\n|\n|t:|1781381300\n|switch|p1a: Iron Crown|Iron Crown, L78|268/268\n|move|p2a: Amoonguss|Sludge Bomb|p1a: Iron Crown\n|-immune|p1a: Iron Crown\n|\n|upkeep\n|turn|8\n|\n|t:|1781381305\n|switch|p2a: Heatran|Heatran, L79, F|273/273\n|-item|p2a: Heatran|Air Balloon\n|move|p1a: Iron Crown|Psyshock|p2a: Heatran\n|-resisted|p2a: Heatran\n|-damage|p2a: Heatran|235/273\n|-enditem|p2a: Heatran|Air Balloon\n|\n|upkeep\n|turn|9\n|\n|t:|1781381307\n|move|p1a: Iron Crown|Calm Mind|p1a: Iron Crown\n|-boost|p1a: Iron Crown|spa|1\n|-boost|p1a: Iron Crown|spd|1\n|move|p2a: Heatran|Stealth Rock|p1a: Iron Crown\n|-sidestart|p1: bulrug|move: Stealth Rock\n|\n|upkeep\n|turn|10\n|\n|t:|1781381309\n|move|p1a: Iron Crown|Focus Blast|p2a: Heatran\n|-supereffective|p2a: Heatran\n|-damage|p2a: Heatran|7/273\n|-unboost|p2a: Heatran|spd|1\n|move|p2a: Heatran|Magma Storm|p1a: Iron Crown\n|-supereffective|p1a: Iron Crown\n|-damage|p1a: Iron Crown|122/268\n|-activate|p1a: Iron Crown|move: Magma Storm|[of] p2a: Heatran\n|\n|-heal|p1a: Iron Crown|138/268|[from] item: Leftovers\n|-damage|p1a: Iron Crown|105/268|[from] move: Magma Storm|[partiallytrapped]\n|upkeep\n|turn|11\n|\n|t:|1781381316\n|move|p1a: Iron Crown|Psyshock|p2a: Heatran\n|-resisted|p2a: Heatran\n|-damage|p2a: Heatran|0 fnt\n|faint|p2a: Heatran\n|\n|-heal|p1a: Iron Crown|121/268|[from] item: Leftovers\n|-end|p1a: Iron Crown|Magma Storm|[partiallytrapped]|[silent]\n|upkeep\n|\n|t:|1781381319\n|switch|p2a: Scovillain|Scovillain, L91, F|266/266\n|turn|12\n|\n|t:|1781381322\n|move|p1a: Iron Crown|Psyshock|p2a: Scovillain\n|-damage|p2a: Scovillain|103/266\n|move|p2a: Scovillain|Flamethrower|p1a: Iron Crown\n|-supereffective|p1a: Iron Crown\n|-damage|p1a: Iron Crown|0 fnt\n|faint|p1a: Iron Crown\n|-end|p1a: Iron Crown|Quark Drive|[silent]\n|\n|-heal|p2a: Scovillain|119/266|[from] item: Leftovers\n|upkeep\n|\n|t:|1781381326\n|switch|p1a: Hawlucha|Hawlucha, L80, F|256/256\n|-damage|p1a: Hawlucha|224/256|[from] Stealth Rock\n|turn|13\n|\n|t:|1781381330\n|move|p1a: Hawlucha|Brave Bird|p2a: Scovillain\n|-supereffective|p2a: Scovillain\n|-damage|p2a: Scovillain|0 fnt\n|faint|p2a: Scovillain\n|-damage|p1a: Hawlucha|185/256|[from] Recoil\n|\n|upkeep\n|\n|t:|1781381336\n|switch|p2a: Noctowl|Noctowl, L95, F|344/344\n|turn|14\n|\n|t:|1781381343\n|switch|p1a: Golduck|Golduck, L90, F|290/290\n|-damage|p1a: Golduck|254/290|[from] Stealth Rock\n|-ability|p1a: Golduck|Cloud Nine\n|move|p2a: Noctowl|Hyper Voice|p1a: Golduck\n|-damage|p1a: Golduck|151/290\n|\n|-heal|p1a: Golduck|169/290|[from] item: Leftovers\n|upkeep\n|turn|15\n|\n|t:|1781381349\n|move|p1a: Golduck|Nasty Plot|p1a: Golduck\n|-boost|p1a: Golduck|spa|2\n|move|p2a: Noctowl|Nasty Plot|p2a: Noctowl\n|-boost|p2a: Noctowl|spa|2\n|\n|-heal|p1a: Golduck|187/290|[from] item: Leftovers\n|upkeep\n|turn|16\n|\n|t:|1781381351\n|move|p1a: Golduck|Encore|p2a: Noctowl\n|-start|p2a: Noctowl|Encore\n|move|p2a: Noctowl|Nasty Plot|p2a: Noctowl\n|-boost|p2a: Noctowl|spa|2\n|\n|-heal|p1a: Golduck|205/290|[from] item: Leftovers\n|upkeep\n|turn|17\n|\n|t:|1781381355\n|switch|p2a: Amoonguss|Amoonguss, L82, F|314/321\n|move|p1a: Golduck|Ice Beam|p2a: Amoonguss\n|-supereffective|p2a: Amoonguss\n|-damage|p2a: Amoonguss|20/321\n|\n|-heal|p1a: Golduck|223/290|[from] item: Leftovers\n|upkeep\n|turn|18\n|\n|t:|1781381359\n|switch|p2a: Veluza|Veluza, L85, F|292/292\n|move|p1a: Golduck|Ice Beam|p2a: Veluza\n|-resisted|p2a: Veluza\n|-damage|p2a: Veluza|201/292\n|\n|-heal|p1a: Golduck|241/290|[from] item: Leftovers\n|upkeep\n|turn|19\n|\n|t:|1781381364\n|move|p1a: Golduck|Hydro Pump|p2a: Veluza\n|-resisted|p2a: Veluza\n|-damage|p2a: Veluza|52/292\n|move|p2a: Veluza|Psycho Cut|p1a: Golduck\n|-damage|p1a: Golduck|60/290\n|\n|-heal|p1a: Golduck|78/290|[from] item: Leftovers\n|upkeep\n|turn|20\n|\n|t:|1781381367\n|move|p1a: Golduck|Ice Beam|p2a: Veluza\n|-resisted|p2a: Veluza\n|-damage|p2a: Veluza|0 fnt\n|faint|p2a: Veluza\n|\n|-heal|p1a: Golduck|96/290|[from] item: Leftovers\n|upkeep\n|\n|t:|1781381370\n|switch|p2a: Glastrier|Glastrier, L86|312/312\n|turn|21\n|\n|t:|1781381373\n|move|p1a: Golduck|Hydro Pump|p2a: Glastrier\n|-damage|p2a: Glastrier|104/312\n|move|p2a: Glastrier|Close Combat|p1a: Golduck\n|-damage|p1a: Golduck|0 fnt\n|-unboost|p2a: Glastrier|def|1\n|-unboost|p2a: Glastrier|spd|1\n|faint|p1a: Golduck\n|-ability|p2a: Glastrier|Chilling Neigh|boost\n|-boost|p2a: Glastrier|atk|1\n|\n|upkeep\n|\n|t:|1781381376\n|switch|p1a: Hawlucha|Hawlucha, L80, F|185/256\n|-damage|p1a: Hawlucha|153/256|[from] Stealth Rock\n|turn|22\n|\n|t:|1781381379\n|move|p1a: Hawlucha|Close Combat|p2a: Glastrier\n|-supereffective|p2a: Glastrier\n|-damage|p2a: Glastrier|0 fnt\n|-unboost|p1a: Hawlucha|def|1\n|-unboost|p1a: Hawlucha|spd|1\n|faint|p2a: Glastrier\n|-enditem|p1a: Hawlucha|White Herb\n|-clearnegativeboost|p1a: Hawlucha|[silent]\n|\n|upkeep\n|\n|t:|1781381380\n|switch|p2a: Noctowl|Noctowl, L95, F|344/344\n|turn|23\n|\n|t:|1781381383\n|move|p1a: Hawlucha|Close Combat|p2a: Noctowl\n|-damage|p2a: Noctowl|200/344\n|-unboost|p1a: Hawlucha|def|1\n|-unboost|p1a: Hawlucha|spd|1\n|move|p2a: Noctowl|Hyper Voice|p1a: Hawlucha\n|-damage|p1a: Hawlucha|0 fnt\n|faint|p1a: Hawlucha\n|\n|upkeep\n|\n|t:|1781381386\n|switch|p1a: Raikou|Raikou, L81|135/278\n|-damage|p1a: Raikou|101/278|[from] Stealth Rock\n|-ability|p1a: Raikou|Pressure\n|turn|24\n|\n|t:|1781381390\n|-terastallize|p2a: Noctowl|Normal\n|move|p1a: Raikou|Calm Mind|p1a: Raikou\n|-boost|p1a: Raikou|spa|1\n|-boost|p1a: Raikou|spd|1\n|move|p2a: Noctowl|Roost|p2a: Noctowl\n|-heal|p2a: Noctowl|344/344\n|\n|-heal|p1a: Raikou|118/278|[from] item: Leftovers\n|upkeep\n|turn|25\n|\n|t:|1781381393\n|move|p1a: Raikou|Thunderbolt|p2a: Noctowl\n|-damage|p2a: Noctowl|224/344\n|move|p2a: Noctowl|Hyper Voice|p1a: Raikou\n|-damage|p1a: Raikou|30/278\n|\n|-heal|p1a: Raikou|47/278|[from] item: Leftovers\n|upkeep\n|turn|26\n|\n|t:|1781381397\n|move|p1a: Raikou|Thunderbolt|p2a: Noctowl\n|-damage|p2a: Noctowl|91/344\n|move|p2a: Noctowl|Hyper Voice|p1a: Raikou\n|-damage|p1a: Raikou|0 fnt\n|faint|p1a: Raikou\n|\n|upkeep\n|\n|t:|1781381401\n|switch|p1a: Iron Hands|Iron Hands, L79|373/373\n|-damage|p1a: Iron Hands|350/373|[from] Stealth Rock\n|turn|27\n|\n|t:|1781381404\n|move|p1a: Iron Hands|Fake Out|p2a: Noctowl\n|-damage|p2a: Noctowl|47/344\n|cant|p2a: Noctowl|flinch\n|\n|upkeep\n|turn|28\n|\n|t:|1781381408\n|switch|p2a: Amoonguss|Amoonguss, L82, F|127/321\n|move|p1a: Iron Hands|Close Combat|p2a: Amoonguss\n|-resisted|p2a: Amoonguss\n|-damage|p2a: Amoonguss|34/321\n|-unboost|p1a: Iron Hands|def|1\n|-unboost|p1a: Iron Hands|spd|1\n|-damage|p1a: Iron Hands|288/373|[from] item: Rocky Helmet|[of] p2a: Amoonguss\n|\n|upkeep\n|turn|29\n|\n|t:|1781381415\n|move|p1a: Iron Hands|Close Combat|p2a: Amoonguss\n|-resisted|p2a: Amoonguss\n|-damage|p2a: Amoonguss|0 fnt\n|-unboost|p1a: Iron Hands|def|1\n|-unboost|p1a: Iron Hands|spd|1\n|-damage|p1a: Iron Hands|226/373|[from] item: Rocky Helmet|[of] p2a: Amoonguss\n|faint|p2a: Amoonguss\n|\n|upkeep\n|\n|t:|1781381417\n|switch|p2a: Noctowl|Noctowl, L95, F, tera:Normal|47/344\n|turn|30\n|\n|t:|1781381419\n|move|p2a: Noctowl|Roost|p2a: Noctowl\n|-heal|p2a: Noctowl|219/344\n|move|p1a: Iron Hands|Close Combat|p2a: Noctowl\n|-supereffective|p2a: Noctowl\n|-damage|p2a: Noctowl|0 fnt\n|-unboost|p1a: Iron Hands|def|1\n|-unboost|p1a: Iron Hands|spd|1\n|faint|p2a: Noctowl\n|\n|win|bulrug\n", "inputlog": ">version a8376a258c1d4662feba110a92103f3664a72141\n>start {\"formatid\":\"gen9randombattle\",\"seed\":\"sodium,b1ed11b2afff8f44a48d10930b77ff33\",\"rated\":\"Rated battle\"}\n>player p1 {\"name\":\"bulrug\",\"avatar\":\"burglar\",\"rating\":1997,\"seed\":\"sodium,a6f958dda95a6141f57a58131df8f3df\"}\n>player p2 {\"name\":\"Coopman35\",\"avatar\":\"bruno\",\"rating\":1966,\"seed\":\"sodium,bfc4b01e383fb394e9ee0d72ec84bb79\"}\n>p1 move fakeout\n>p2 move leechseed\n>p1 move voltswitch\n>p2 move leechseed\n>p1 switch 4\n>p1 move substitute\n>p2 move flamethrower\n>p1 move calmmind\n>p2 move flamethrower\n>p1 move substitute\n>p2 switch 5\n>p1 move thunderbolt\n>p2 move sludgebomb\n>p1 switch 5\n>p2 move sludgebomb\n>p1 move psyshock\n>p2 switch 4\n>p1 move calmmind\n>p2 move stealthrock\n>p1 move focusblast\n>p2 move magmastorm\n>p1 move psyshock\n>p2 move heavyslam\n>p2 switch 5\n>p1 move psyshock\n>p2 move flamethrower\n>p1 switch 2\n>p1 move bravebird\n>p2 move leechseed\n>p2 switch 2\n>p1 switch 3\n>p2 move hypervoice\n>p1 move nastyplot\n>p2 move nastyplot\n>p1 move encore\n>p2 move hypervoice\n>p1 move icebeam\n>p2 switch 4\n>p1 move icebeam\n>p2 switch 6\n>p1 move hydropump\n>p2 move psychocut\n>p1 move icebeam\n>p2 move psychocut\n>p2 switch 3\n>p1 move hydropump\n>p2 move closecombat\n>p1 switch 3\n>p1 move closecombat\n>p2 move iciclecrash\n>p2 switch 4\n>p1 move closecombat\n>p2 move hypervoice\n>p1 switch 5\n>p1 move calmmind\n>p2 move roost terastallize\n>p1 move thunderbolt\n>p2 move hypervoice\n>p1 move thunderbolt\n>p2 move hypervoice\n>p1 switch 4\n>p1 move fakeout\n>p2 move hypervoice\n>p1 move closecombat\n>p2 switch 6\n>p1 move closecombat\n>p2 move sludgebomb\n>p2 switch 6\n>p1 move closecombat\n>p2 move roost", "uploadtime": 1781381267, "views": 11, "formatid": "gen9randombattle", "rating": null, "private": 0, "password": null}