{"id": "gen9randombattle-2631989337", "format": "[Gen 9] Random Battle", "players": ["Chakraisgae", "alvx"], "log": "|j|\u2606Chakraisgae\n|j|\u2606alvx\n|t:|1781463308\n|gametype|singles\n|player|p1|Chakraisgae|2|2159\n|player|p2|alvx|alder|2199\n|gen|9\n|tier|[Gen 9] Random Battle\n|rated|\n|rule|Species Clause: Limit one of each Pok\u00e9mon\n|rule|HP Percentage Mod: HP is shown in percentages\n|rule|Sleep Clause Mod: Limit one foe put to sleep\n|rule|Illusion Level Mod: Illusion disguises the Pok\u00e9mon's true level\n|\n|t:|1781463309\n|teamsize|p1|6\n|teamsize|p2|6\n|start\n|switch|p1a: Regirock|Regirock, L83|268/268\n|switch|p2a: Decidueye|Decidueye-Hisui, L87, F|295/295\n|turn|1\n|inactive|Battle timer is ON: inactive players will automatically lose when time's up. (requested by alvx)\n|inactive|alvx has 120 seconds left.\n|\n|t:|1781463342\n|switch|p1a: Corviknight|Corviknight, L80, F|288/288\n|move|p2a: Decidueye|Triple Arrows|p1a: Corviknight\n|-damage|p1a: Corviknight|179/288\n|-ability|p1a: Corviknight|Mirror Armor\n|-unboost|p2a: Decidueye|def|1\n|\n|upkeep\n|turn|2\n|\n|t:|1781463357\n|switch|p2a: Stonjourner|Stonjourner, L91, M|330/330\n|move|p1a: Corviknight|Roost|p1a: Corviknight\n|-heal|p1a: Corviknight|288/288\n|-singleturn|p1a: Corviknight|move: Roost\n|\n|upkeep\n|turn|3\n|\n|t:|1781463366\n|switch|p1a: Palafin|Palafin, L77, M|281/281\n|move|p2a: Stonjourner|Stealth Rock|p1a: Palafin\n|-sidestart|p1: Chakraisgae|move: Stealth Rock\n|\n|upkeep\n|turn|4\n|\n|t:|1781463378\n|detailschange|p1a: Palafin|Palafin-Hero, L77, M\n|switch|p1a: Corviknight|Corviknight, L80, F|288/288\n|-damage|p1a: Corviknight|252/288|[from] Stealth Rock\n|move|p2a: Stonjourner|Earthquake|p1a: Corviknight\n|-immune|p1a: Corviknight\n|\n|upkeep\n|turn|5\n|\n|t:|1781463391\n|move|p2a: Stonjourner|Stone Edge|p1a: Corviknight\n|-damage|p1a: Corviknight|69/288\n|-damage|p2a: Stonjourner|297/330|[from] item: Life Orb\n|move|p1a: Corviknight|Roost|p1a: Corviknight\n|-heal|p1a: Corviknight|213/288\n|-singleturn|p1a: Corviknight|move: Roost\n|\n|upkeep\n|turn|6\n|\n|t:|1781463400\n|move|p2a: Stonjourner|Heat Crash|p1a: Corviknight\n|-supereffective|p1a: Corviknight\n|-damage|p1a: Corviknight|0 fnt\n|-damage|p2a: Stonjourner|242/330|[from] item: Rocky Helmet|[of] p1a: Corviknight\n|faint|p1a: Corviknight\n|-damage|p2a: Stonjourner|209/330|[from] item: Life Orb\n|\n|upkeep\n|\n|t:|1781463415\n|switch|p1a: Regirock|Regirock, L83|268/268\n|-damage|p1a: Regirock|235/268|[from] Stealth Rock\n|turn|7\n|inactive|Chakraisgae has 120 seconds left.\n|\n|t:|1781463442\n|move|p2a: Stonjourner|Earthquake|p1a: Regirock\n|-supereffective|p1a: Regirock\n|-damage|p1a: Regirock|108/268\n|-damage|p2a: Stonjourner|176/330|[from] item: Life Orb\n|move|p1a: Regirock|Thunder Wave|p2a: Stonjourner\n|-status|p2a: Stonjourner|par\n|\n|-heal|p1a: Regirock|124/268|[from] item: Leftovers\n|upkeep\n|turn|8\n|\n|t:|1781463451\n|move|p1a: Regirock|Iron Defense|p1a: Regirock\n|-boost|p1a: Regirock|def|2\n|move|p2a: Stonjourner|Earthquake|p1a: Regirock\n|-supereffective|p1a: Regirock\n|-damage|p1a: Regirock|54/268\n|-damage|p2a: Stonjourner|143/330 par|[from] item: Life Orb\n|\n|-heal|p1a: Regirock|70/268|[from] item: Leftovers\n|upkeep\n|turn|9\n|\n|t:|1781463464\n|switch|p2a: Masquerain|Masquerain, L87, M|264/264\n|-ability|p2a: Masquerain|Intimidate|boost\n|-fail|p1a: Regirock|unboost|[from] ability: Clear Body|[of] p1a: Regirock\n|move|p1a: Regirock|Body Press|p2a: Masquerain\n|-resisted|p2a: Masquerain\n|-damage|p2a: Masquerain|197/264\n|\n|-heal|p1a: Regirock|86/268|[from] item: Leftovers\n|upkeep\n|turn|10\n|\n|t:|1781463478\n|switch|p1a: Raging Bolt|Raging Bolt, L78|323/323\n|-damage|p1a: Raging Bolt|283/323|[from] Stealth Rock\n|-enditem|p1a: Raging Bolt|Booster Energy\n|-activate|p1a: Raging Bolt|ability: Protosynthesis|[fromitem]\n|-start|p1a: Raging Bolt|protosynthesisspa\n|move|p2a: Masquerain|Bug Buzz|p1a: Raging Bolt\n|-damage|p1a: Raging Bolt|171/323\n|\n|upkeep\n|turn|11\n|\n|t:|1781463492\n|switch|p2a: Stonjourner|Stonjourner, L91, M|143/330 par\n|move|p1a: Raging Bolt|Dragon Pulse|p2a: Stonjourner\n|-damage|p2a: Stonjourner|0 fnt\n|faint|p2a: Stonjourner\n|\n|upkeep\n|\n|t:|1781463503\n|switch|p2a: Decidueye|Decidueye-Hisui, L87, F|295/295\n|turn|12\n|\n|t:|1781463512\n|move|p1a: Raging Bolt|Dragon Pulse|p2a: Decidueye\n|-damage|p2a: Decidueye|178/295\n|move|p2a: Decidueye|Triple Arrows|p1a: Raging Bolt\n|-damage|p1a: Raging Bolt|48/323\n|\n|-heal|p2a: Decidueye|196/295|[from] item: Leftovers\n|upkeep\n|turn|13\n|\n|t:|1781463524\n|move|p1a: Raging Bolt|Dragon Pulse|p2a: Decidueye\n|-damage|p2a: Decidueye|70/295\n|move|p2a: Decidueye|Roost|p2a: Decidueye\n|-heal|p2a: Decidueye|218/295\n|-singleturn|p2a: Decidueye|move: Roost\n|\n|-heal|p2a: Decidueye|236/295|[from] item: Leftovers\n|upkeep\n|turn|14\n|\n|t:|1781463529\n|move|p1a: Raging Bolt|Dragon Pulse|p2a: Decidueye\n|-damage|p2a: Decidueye|109/295\n|move|p2a: Decidueye|Triple Arrows|p1a: Raging Bolt\n|-damage|p1a: Raging Bolt|0 fnt\n|faint|p1a: Raging Bolt\n|-end|p1a: Raging Bolt|Protosynthesis|[silent]\n|\n|-heal|p2a: Decidueye|127/295|[from] item: Leftovers\n|upkeep\n|\n|t:|1781463539\n|switch|p1a: Torterra|Torterra, L78, F|276/276\n|-damage|p1a: Torterra|259/276|[from] Stealth Rock\n|turn|15\n|\n|t:|1781463548\n|move|p2a: Decidueye|Knock Off|p1a: Torterra\n|-damage|p1a: Torterra|181/276\n|-enditem|p1a: Torterra|Loaded Dice|[from] move: Knock Off|[of] p2a: Decidueye\n|move|p1a: Torterra|Shell Smash|p1a: Torterra\n|-unboost|p1a: Torterra|def|1\n|-unboost|p1a: Torterra|spd|1\n|-boost|p1a: Torterra|atk|2\n|-boost|p1a: Torterra|spa|2\n|-boost|p1a: Torterra|spe|2\n|\n|-heal|p2a: Decidueye|145/295|[from] item: Leftovers\n|upkeep\n|turn|16\n|\n|t:|1781463558\n|move|p1a: Torterra|Bullet Seed|p2a: Decidueye\n|-resisted|p2a: Decidueye\n|-damage|p2a: Decidueye|119/295\n|-resisted|p2a: Decidueye\n|-crit|p2a: Decidueye\n|-damage|p2a: Decidueye|79/295\n|-resisted|p2a: Decidueye\n|-damage|p2a: Decidueye|52/295\n|-resisted|p2a: Decidueye\n|-damage|p2a: Decidueye|28/295\n|-resisted|p2a: Decidueye\n|-damage|p2a: Decidueye|4/295\n|-hitcount|p2a: Decidueye|5\n|move|p2a: Decidueye|Roost|p2a: Decidueye\n|-heal|p2a: Decidueye|152/295\n|-singleturn|p2a: Decidueye|move: Roost\n|\n|-heal|p2a: Decidueye|170/295|[from] item: Leftovers\n|upkeep\n|turn|17\n|\n|t:|1781463566\n|move|p1a: Torterra|Headlong Rush|p2a: Decidueye\n|-resisted|p2a: Decidueye\n|-damage|p2a: Decidueye|53/295\n|-unboost|p1a: Torterra|def|1\n|-unboost|p1a: Torterra|spd|1\n|move|p2a: Decidueye|Triple Arrows|p1a: Torterra\n|-damage|p1a: Torterra|0 fnt\n|faint|p1a: Torterra\n|\n|-heal|p2a: Decidueye|71/295|[from] item: Leftovers\n|upkeep\n|\n|t:|1781463569\n|switch|p1a: Palafin|Palafin-Hero, L77, M|281/281\n|-damage|p1a: Palafin|246/281|[from] Stealth Rock\n|-activate|p1a: Palafin|ability: Zero to Hero\n|turn|18\n|\n|t:|1781463580\n|switch|p2a: Magearna|Magearna, L77|250/250\n|-terastallize|p1a: Palafin|Dragon\n|move|p1a: Palafin|Bulk Up|p1a: Palafin\n|-boost|p1a: Palafin|atk|1\n|-boost|p1a: Palafin|def|1\n|\n|-heal|p1a: Palafin|263/281|[from] item: Leftovers\n|upkeep\n|turn|19\n|\n|t:|1781463595\n|switch|p1a: Snorlax|Snorlax, L82, M|397/397\n|-damage|p1a: Snorlax|348/397|[from] Stealth Rock\n|move|p2a: Magearna|Shift Gear|p2a: Magearna\n|-boost|p2a: Magearna|spe|2\n|-boost|p2a: Magearna|atk|1\n|\n|-heal|p1a: Snorlax|372/397|[from] item: Leftovers\n|upkeep\n|turn|20\n|\n|t:|1781463609\n|switch|p2a: Masquerain|Masquerain, L87, M|197/264\n|-ability|p2a: Masquerain|Intimidate|boost\n|-unboost|p1a: Snorlax|atk|1\n|move|p1a: Snorlax|Earthquake|p2a: Masquerain\n|-immune|p2a: Masquerain\n|\n|-heal|p1a: Snorlax|396/397|[from] item: Leftovers\n|upkeep\n|turn|21\n|\n|t:|1781463614\n|move|p2a: Masquerain|Sticky Web|p1a: Snorlax\n|-sidestart|p1: Chakraisgae|move: Sticky Web\n|move|p1a: Snorlax|Curse|p1a: Snorlax\n|-unboost|p1a: Snorlax|spe|1\n|-boost|p1a: Snorlax|atk|1\n|-boost|p1a: Snorlax|def|1\n|\n|-heal|p1a: Snorlax|397/397|[from] item: Leftovers\n|upkeep\n|turn|22\n|\n|t:|1781463623\n|move|p2a: Masquerain|Hurricane|p1a: Snorlax|[miss]\n|-miss|p2a: Masquerain|p1a: Snorlax\n|move|p1a: Snorlax|Curse|p1a: Snorlax\n|-unboost|p1a: Snorlax|spe|1\n|-boost|p1a: Snorlax|atk|1\n|-boost|p1a: Snorlax|def|1\n|\n|upkeep\n|turn|23\n|\n|t:|1781463629\n|move|p2a: Masquerain|Hurricane|p1a: Snorlax\n|-damage|p1a: Snorlax|291/397\n|move|p1a: Snorlax|Body Slam|p2a: Masquerain\n|-damage|p2a: Masquerain|7/264\n|-status|p2a: Masquerain|par\n|\n|-heal|p1a: Snorlax|315/397|[from] item: Leftovers\n|upkeep\n|turn|24\n|\n|t:|1781463636\n|cant|p2a: Masquerain|par\n|move|p1a: Snorlax|Curse|p1a: Snorlax\n|-unboost|p1a: Snorlax|spe|1\n|-boost|p1a: Snorlax|atk|1\n|-boost|p1a: Snorlax|def|1\n|\n|-heal|p1a: Snorlax|339/397|[from] item: Leftovers\n|upkeep\n|turn|25\n|\n|t:|1781463641\n|move|p2a: Masquerain|Bug Buzz|p1a: Snorlax\n|-damage|p1a: Snorlax|248/397\n|move|p1a: Snorlax|Body Slam|p2a: Masquerain\n|-damage|p2a: Masquerain|0 fnt\n|faint|p2a: Masquerain\n|\n|-heal|p1a: Snorlax|272/397|[from] item: Leftovers\n|upkeep\n|\n|t:|1781463667\n|switch|p2a: Lugia|Lugia, L73|275/275\n|turn|26\n|\n|t:|1781463673\n|move|p2a: Lugia|Calm Mind|p2a: Lugia\n|-boost|p2a: Lugia|spa|1\n|-boost|p2a: Lugia|spd|1\n|move|p1a: Snorlax|Body Slam|p2a: Lugia\n|-damage|p2a: Lugia|203/275\n|\n|-heal|p1a: Snorlax|296/397|[from] item: Leftovers\n|upkeep\n|turn|27\n|\n|t:|1781463681\n|move|p2a: Lugia|Aeroblast|p1a: Snorlax\n|-damage|p1a: Snorlax|203/397\n|move|p1a: Snorlax|Crunch|p2a: Lugia\n|-supereffective|p2a: Lugia\n|-damage|p2a: Lugia|9/275\n|-unboost|p2a: Lugia|def|1\n|\n|-heal|p1a: Snorlax|227/397|[from] item: Leftovers\n|upkeep\n|turn|28\n|\n|t:|1781463688\n|move|p2a: Lugia|Aeroblast|p1a: Snorlax\n|-damage|p1a: Snorlax|128/397\n|move|p1a: Snorlax|Body Slam|p2a: Lugia\n|-damage|p2a: Lugia|0 fnt\n|faint|p2a: Lugia\n|\n|-heal|p1a: Snorlax|152/397|[from] item: Leftovers\n|upkeep\n|\n|t:|1781463705\n|switch|p2a: Decidueye|Decidueye-Hisui, L87, F|71/295\n|turn|29\n|\n|t:|1781463713\n|switch|p1a: Regirock|Regirock, L83|86/268\n|-damage|p1a: Regirock|53/268|[from] Stealth Rock\n|-activate|p1a: Regirock|move: Sticky Web\n|-fail|p1a: Regirock|unboost|[from] ability: Clear Body|[of] p1a: Regirock\n|move|p2a: Decidueye|Triple Arrows|p1a: Regirock\n|-supereffective|p1a: Regirock\n|-damage|p1a: Regirock|0 fnt\n|faint|p1a: Regirock\n|\n|-heal|p2a: Decidueye|89/295|[from] item: Leftovers\n|upkeep\n|\n|t:|1781463715\n|switch|p1a: Palafin|Palafin-Hero, L77, M, tera:Dragon|263/281\n|-damage|p1a: Palafin|228/281|[from] Stealth Rock\n|-activate|p1a: Palafin|move: Sticky Web\n|-unboost|p1a: Palafin|spe|1\n|turn|30\n|\n|t:|1781463728\n|switch|p2a: Magearna|Magearna, L77|250/250\n|move|p1a: Palafin|Bulk Up|p1a: Palafin\n|-boost|p1a: Palafin|atk|1\n|-boost|p1a: Palafin|def|1\n|\n|-heal|p1a: Palafin|245/281|[from] item: Leftovers\n|upkeep\n|turn|31\n|\n|t:|1781463736\n|move|p1a: Palafin|Jet Punch|p2a: Magearna\n|-damage|p2a: Magearna|144/250\n|move|p2a: Magearna|Shift Gear|p2a: Magearna\n|-boost|p2a: Magearna|spe|2\n|-boost|p2a: Magearna|atk|1\n|\n|-heal|p2a: Magearna|159/250|[from] item: Leftovers\n|-heal|p1a: Palafin|262/281|[from] item: Leftovers\n|upkeep\n|turn|32\n|\n|t:|1781463740\n|move|p2a: Magearna|Fleur Cannon|p1a: Palafin\n|-supereffective|p1a: Palafin\n|-damage|p1a: Palafin|0 fnt\n|-unboost|p2a: Magearna|spa|2\n|faint|p1a: Palafin\n|-ability|p2a: Magearna|Soul-Heart|boost\n|-boost|p2a: Magearna|spa|1\n|\n|-heal|p2a: Magearna|174/250|[from] item: Leftovers\n|upkeep\n|-message|Chakraisgae forfeited.\n|\n|win|alvx\n", "inputlog": ">version a8376a258c1d4662feba110a92103f3664a72141\n>start {\"formatid\":\"gen9randombattle\",\"seed\":\"sodium,52eee86f58906e484650d9b6c4ff901d\",\"rated\":\"Rated battle\"}\n>player p1 {\"name\":\"Chakraisgae\",\"avatar\":\"2\",\"rating\":2159,\"seed\":\"sodium,917678a1c7a283d9170a9dd4b7e4c7b7\"}\n>player p2 {\"name\":\"alvx\",\"avatar\":\"alder\",\"rating\":2199,\"seed\":\"sodium,8bb616c868b243e4edf881c3b50bd5a8\"}\n>p1 switch 3\n>p2 move triplearrows\n>p1 move roost\n>p2 switch 5\n>p1 switch 5\n>p2 move stealthrock\n>p1 switch 5\n>p2 move earthquake\n>p1 move roost\n>p2 move stoneedge\n>p1 move defog\n>p2 move heatcrash\n>p1 switch 3\n>p1 move thunderwave\n>p2 move earthquake\n>p1 move irondefense\n>p2 move earthquake\n>p1 move bodypress\n>p2 switch 2\n>p1 switch 4\n>p2 move bugbuzz\n>p1 move dragonpulse\n>p2 switch 2\n>p2 switch 5\n>p1 move dragonpulse\n>p2 move triplearrows\n>p1 move dragonpulse\n>p2 move roost\n>p1 move dragonpulse\n>p2 move triplearrows\n>p1 switch 6\n>p1 move shellsmash\n>p2 move knockoff\n>p1 move bulletseed\n>p2 move roost\n>p1 move headlongrush\n>p2 move triplearrows\n>p1 switch 5\n>p1 move bulkup terastallize\n>p2 switch 6\n>p1 switch 2\n>p2 move shiftgear\n>p1 move earthquake\n>p2 switch 2\n>p1 move curse\n>p2 move stickyweb\n>p1 move curse\n>p2 move hurricane\n>p1 move bodyslam\n>p2 move hurricane\n>p1 move curse\n>p2 move bugbuzz\n>p1 move bodyslam\n>p2 move bugbuzz\n>p2 switch 4\n>p1 move bodyslam\n>p2 move calmmind\n>p1 move crunch\n>p2 move aeroblast\n>p1 move bodyslam\n>p2 move aeroblast\n>p2 switch 6\n>p1 switch 4\n>p2 move triplearrows\n>p1 switch 2\n>p1 move bulkup\n>p2 switch 2\n>p1 move jetpunch\n>p2 move shiftgear\n>p1 move bulkup\n>p2 move fleurcannon\n>forcelose p1", "uploadtime": 1781463310, "views": 4, "formatid": "gen9randombattle", "rating": null, "private": 0, "password": null}