{"id": "gen9randombattle-2631776737", "format": "[Gen 9] Random Battle", "players": ["UTJUTJ", "Chicken347"], "log": "|j|\u2606UTJUTJ\n|j|\u2606Chicken347\n|t:|1781437991\n|gametype|singles\n|player|p1|UTJUTJ|101|1976\n|player|p2|Chicken347|101|2030\n|gen|9\n|tier|[Gen 9] Random Battle\n|rated|\n|rule|Species Clause: Limit one of each Pok\u00e9mon\n|rule|HP Percentage Mod: HP is shown in percentages\n|rule|Sleep Clause Mod: Limit one foe put to sleep\n|rule|Illusion Level Mod: Illusion disguises the Pok\u00e9mon's true level\n|\n|t:|1781437991\n|teamsize|p1|6\n|teamsize|p2|6\n|start\n|switch|p1a: Noctowl|Noctowl, L95, M|344/344\n|switch|p2a: Lapras|Lapras, L87, M|367/367\n|turn|1\n|inactive|Battle timer is ON: inactive players will automatically lose when time's up. (requested by Chicken347)\n|\n|t:|1781438015\n|switch|p1a: Iron Valiant|Iron Valiant, L78|244/244\n|move|p2a: Lapras|Dragon Dance|p2a: Lapras\n|-boost|p2a: Lapras|atk|1\n|-boost|p2a: Lapras|spe|1\n|\n|upkeep\n|turn|2\n|\n|t:|1781438023\n|switch|p2a: Dedenne|Dedenne, L88, F|261/261\n|move|p1a: Iron Valiant|Close Combat|p2a: Dedenne\n|-resisted|p2a: Dedenne\n|-damage|p2a: Dedenne|152/261\n|-unboost|p1a: Iron Valiant|def|1\n|-unboost|p1a: Iron Valiant|spd|1\n|-damage|p1a: Iron Valiant|220/244|[from] item: Life Orb\n|\n|upkeep\n|turn|3\n|\n|t:|1781438035\n|-end|p1a: Iron Valiant|Quark Drive|[silent]\n|switch|p1a: Dunsparce|Dunsparce, L86, M|312/312\n|move|p2a: Dedenne|Nuzzle|p1a: Dunsparce\n|-damage|p1a: Dunsparce|299/312\n|-status|p1a: Dunsparce|par\n|\n|upkeep\n|turn|4\n|inactive|Chicken347 has 120 seconds left.\n|l|\u2606Chicken347\n|inactive|Chicken347 disconnected and has a minute to reconnect!\n|player|p2|\n|j|\u2606Chicken347\n|inactive|Chicken347 reconnected and has 90 seconds left.\n|player|p2|Chicken347|101|\n|\n|t:|1781438110\n|move|p2a: Dedenne|Super Fang|p1a: Dunsparce\n|-damage|p1a: Dunsparce|150/312 par\n|move|p1a: Dunsparce|Earthquake|p2a: Dedenne\n|-supereffective|p2a: Dedenne\n|-damage|p2a: Dedenne|4/261\n|-enditem|p2a: Dedenne|Sitrus Berry|[eat]\n|-heal|p2a: Dedenne|69/261|[from] item: Sitrus Berry\n|-heal|p2a: Dedenne|156/261|[from] ability: Cheek Pouch\n|\n|upkeep\n|turn|5\n|\n|t:|1781438123\n|switch|p2a: Azelf|Azelf, L82|257/257\n|move|p1a: Dunsparce|Roost|p1a: Dunsparce\n|-heal|p1a: Dunsparce|306/312 par\n|-singleturn|p1a: Dunsparce|move: Roost\n|\n|upkeep\n|turn|6\n|\n|t:|1781438127\n|move|p2a: Azelf|Encore|p1a: Dunsparce\n|-start|p1a: Dunsparce|Encore\n|move|p1a: Dunsparce|Roost|p1a: Dunsparce\n|-heal|p1a: Dunsparce|312/312 par\n|-singleturn|p1a: Dunsparce|move: Roost\n|\n|upkeep\n|turn|7\n|\n|t:|1781438134\n|switch|p1a: Noctowl|Noctowl, L95, M|344/344\n|move|p2a: Azelf|Stealth Rock|p1a: Noctowl\n|-sidestart|p1: UTJUTJ|move: Stealth Rock\n|\n|upkeep\n|turn|8\n|\n|t:|1781438158\n|switch|p2a: Dedenne|Dedenne, L88, F|156/261\n|move|p1a: Noctowl|Hyper Voice|p2a: Dedenne\n|-damage|p2a: Dedenne|29/261\n|\n|upkeep\n|turn|9\n|\n|t:|1781438164\n|switch|p1a: Dunsparce|Dunsparce, L86, M|312/312 par\n|-damage|p1a: Dunsparce|273/312 par|[from] Stealth Rock\n|move|p2a: Dedenne|Thunderbolt|p1a: Dunsparce\n|-damage|p1a: Dunsparce|201/312 par\n|\n|upkeep\n|turn|10\n|\n|t:|1781438181\n|move|p2a: Dedenne|Thunderbolt|p1a: Dunsparce\n|-damage|p1a: Dunsparce|123/312 par\n|move|p1a: Dunsparce|Body Slam|p2a: Dedenne\n|-damage|p2a: Dedenne|0 fnt\n|faint|p2a: Dedenne\n|\n|upkeep\n|inactive|Chicken347 has 90 seconds left.\n|\n|t:|1781438217\n|switch|p2a: Azelf|Azelf, L82|257/257\n|turn|11\n|\n|t:|1781438220\n|move|p2a: Azelf|Psychic|p1a: Dunsparce\n|-damage|p1a: Dunsparce|30/312 par\n|move|p1a: Dunsparce|Roost|p1a: Dunsparce\n|-heal|p1a: Dunsparce|186/312 par\n|-singleturn|p1a: Dunsparce|move: Roost\n|\n|upkeep\n|turn|12\n|\n|t:|1781438225\n|move|p2a: Azelf|Psychic|p1a: Dunsparce\n|-damage|p1a: Dunsparce|104/312 par\n|cant|p1a: Dunsparce|par\n|\n|upkeep\n|turn|13\n|\n|t:|1781438231\n|move|p2a: Azelf|Psychic|p1a: Dunsparce\n|-damage|p1a: Dunsparce|19/312 par\n|move|p1a: Dunsparce|Roost|p1a: Dunsparce\n|-heal|p1a: Dunsparce|175/312 par\n|-singleturn|p1a: Dunsparce|move: Roost\n|\n|upkeep\n|turn|14\n|\n|t:|1781438236\n|move|p2a: Azelf|Encore|p1a: Dunsparce\n|-start|p1a: Dunsparce|Encore\n|cant|p1a: Dunsparce|par\n|\n|upkeep\n|turn|15\n|\n|t:|1781438241\n|move|p2a: Azelf|Fire Blast|p1a: Dunsparce|[miss]\n|-miss|p2a: Azelf|p1a: Dunsparce\n|move|p1a: Dunsparce|Roost|p1a: Dunsparce\n|-heal|p1a: Dunsparce|312/312 par\n|-singleturn|p1a: Dunsparce|move: Roost\n|\n|upkeep\n|turn|16\n|\n|t:|1781438246\n|switch|p1a: Noctowl|Noctowl, L95, M|344/344\n|move|p2a: Azelf|Psychic|p1a: Noctowl\n|-damage|p1a: Noctowl|251/344\n|\n|upkeep\n|turn|17\n|\n|t:|1781438264\n|switch|p2a: Scream Tail|Scream Tail, L84|330/330\n|move|p1a: Noctowl|Hurricane|p2a: Scream Tail|[miss]\n|-miss|p1a: Noctowl|p2a: Scream Tail\n|\n|upkeep\n|turn|18\n|\n|t:|1781438276\n|move|p2a: Scream Tail|Play Rough|p1a: Noctowl\n|-damage|p1a: Noctowl|163/344\n|-unboost|p1a: Noctowl|atk|1\n|move|p1a: Noctowl|Hurricane|p2a: Scream Tail|[miss]\n|-miss|p1a: Noctowl|p2a: Scream Tail\n|\n|upkeep\n|turn|19\n|\n|t:|1781438282\n|move|p2a: Scream Tail|Play Rough|p1a: Noctowl\n|-damage|p1a: Noctowl|69/344\n|move|p1a: Noctowl|Roost|p1a: Noctowl\n|-heal|p1a: Noctowl|241/344\n|-singleturn|p1a: Noctowl|move: Roost\n|\n|upkeep\n|turn|20\n|\n|t:|1781438285\n|move|p2a: Scream Tail|Encore|p1a: Noctowl\n|-start|p1a: Noctowl|Encore\n|move|p1a: Noctowl|Roost|p1a: Noctowl\n|-heal|p1a: Noctowl|344/344\n|-singleturn|p1a: Noctowl|move: Roost\n|\n|upkeep\n|turn|21\n|\n|t:|1781438296\n|-end|p2a: Scream Tail|Protosynthesis|[silent]\n|switch|p2a: Lapras|Lapras, L87, M|367/367\n|switch|p1a: Gouging Fire|Gouging Fire, L74|277/277\n|\n|upkeep\n|turn|22\n|\n|t:|1781438310\n|move|p1a: Gouging Fire|Dragon Dance|p1a: Gouging Fire\n|-boost|p1a: Gouging Fire|atk|1\n|-boost|p1a: Gouging Fire|spe|1\n|move|p2a: Lapras|Dragon Dance|p2a: Lapras\n|-boost|p2a: Lapras|atk|1\n|-boost|p2a: Lapras|spe|1\n|\n|upkeep\n|turn|23\n|\n|t:|1781438322\n|move|p1a: Gouging Fire|Outrage|p2a: Lapras\n|-damage|p2a: Lapras|177/367\n|move|p2a: Lapras|Earthquake|p1a: Gouging Fire\n|-supereffective|p1a: Gouging Fire\n|-damage|p1a: Gouging Fire|83/277\n|\n|upkeep\n|turn|24\n|\n|t:|1781438328\n|switch|p2a: Scream Tail|Scream Tail, L84|330/330\n|move|p1a: Gouging Fire|Outrage|p2a: Scream Tail|[from] lockedmove\n|-immune|p2a: Scream Tail\n|\n|upkeep\n|turn|25\n|\n|t:|1781438335\n|move|p1a: Gouging Fire|Heat Crash|p2a: Scream Tail\n|-damage|p2a: Scream Tail|173/330\n|move|p2a: Scream Tail|Play Rough|p1a: Gouging Fire\n|-damage|p1a: Gouging Fire|16/277\n|\n|-heal|p2a: Scream Tail|193/330|[from] item: Leftovers\n|upkeep\n|turn|26\n|\n|t:|1781438342\n|move|p1a: Gouging Fire|Morning Sun|p1a: Gouging Fire\n|-heal|p1a: Gouging Fire|154/277\n|move|p2a: Scream Tail|Wish|p2a: Scream Tail\n|\n|-heal|p2a: Scream Tail|213/330|[from] item: Leftovers\n|upkeep\n|turn|27\n|\n|t:|1781438347\n|move|p1a: Gouging Fire|Heat Crash|p2a: Scream Tail\n|-damage|p2a: Scream Tail|63/330\n|move|p2a: Scream Tail|Play Rough|p1a: Gouging Fire\n|-damage|p1a: Gouging Fire|85/277\n|\n|-heal|p2a: Scream Tail|228/330|[from] move: Wish|[wisher] Scream Tail\n|-heal|p2a: Scream Tail|248/330|[from] item: Leftovers\n|upkeep\n|turn|28\n|\n|t:|1781438359\n|move|p1a: Gouging Fire|Heat Crash|p2a: Scream Tail\n|-damage|p2a: Scream Tail|103/330\n|move|p2a: Scream Tail|Encore|p1a: Gouging Fire\n|-start|p1a: Gouging Fire|Encore\n|\n|-heal|p2a: Scream Tail|123/330|[from] item: Leftovers\n|upkeep\n|turn|29\n|\n|t:|1781438366\n|move|p2a: Scream Tail|Protect|p2a: Scream Tail\n|-singleturn|p2a: Scream Tail|Protect\n|move|p1a: Gouging Fire|Heat Crash|p2a: Scream Tail\n|-activate|p2a: Scream Tail|move: Protect\n|\n|-heal|p2a: Scream Tail|143/330|[from] item: Leftovers\n|upkeep\n|turn|30\n|\n|t:|1781438373\n|move|p1a: Gouging Fire|Heat Crash|p2a: Scream Tail\n|-damage|p2a: Scream Tail|0 fnt\n|faint|p2a: Scream Tail\n|-end|p2a: Scream Tail|Protosynthesis|[silent]\n|\n|upkeep\n|\n|t:|1781438377\n|switch|p2a: Rhyperior|Rhyperior, L82, M|323/323\n|turn|31\n|\n|t:|1781438386\n|-end|p1a: Gouging Fire|Protosynthesis|[silent]\n|switch|p1a: Lilligant|Lilligant-Hisui, L79, F|240/240\n|-damage|p1a: Lilligant|225/240|[from] Stealth Rock\n|move|p2a: Rhyperior|Earthquake|p1a: Lilligant\n|-resisted|p1a: Lilligant\n|-damage|p1a: Lilligant|149/240\n|\n|upkeep\n|turn|32\n|\n|t:|1781438397\n|switch|p2a: Chesnaught|Chesnaught, L84, M|285/285\n|move|p1a: Lilligant|Victory Dance|p1a: Lilligant\n|-boost|p1a: Lilligant|atk|1\n|-boost|p1a: Lilligant|def|1\n|-boost|p1a: Lilligant|spe|1\n|\n|upkeep\n|turn|33\n|\n|t:|1781438400\n|move|p1a: Lilligant|Ice Spinner|p2a: Chesnaught|[miss]\n|-miss|p1a: Lilligant|p2a: Chesnaught\n|move|p2a: Chesnaught|Iron Defense|p2a: Chesnaught\n|-boost|p2a: Chesnaught|def|2\n|\n|upkeep\n|turn|34\n|\n|t:|1781438414\n|move|p1a: Lilligant|Victory Dance|p1a: Lilligant\n|-boost|p1a: Lilligant|atk|1\n|-boost|p1a: Lilligant|def|1\n|-boost|p1a: Lilligant|spe|1\n|move|p2a: Chesnaught|Body Press|p1a: Lilligant\n|-damage|p1a: Lilligant|38/240\n|\n|upkeep\n|turn|35\n|j| MeantMage\n|\n|t:|1781438421\n|move|p1a: Lilligant|Ice Spinner|p2a: Chesnaught\n|-supereffective|p2a: Chesnaught\n|-damage|p2a: Chesnaught|132/285\n|-damage|p1a: Lilligant|14/240|[from] item: Life Orb\n|move|p2a: Chesnaught|Body Press|p1a: Lilligant\n|-damage|p1a: Lilligant|0 fnt\n|faint|p1a: Lilligant\n|\n|-heal|p2a: Chesnaught|149/285|[from] item: Leftovers\n|upkeep\n|\n|t:|1781438430\n|switch|p1a: Noctowl|Noctowl, L95, M|344/344\n|turn|36\n|\n|t:|1781438444\n|-terastallize|p2a: Chesnaught|Steel\n|move|p1a: Noctowl|Hurricane|p2a: Chesnaught\n|-resisted|p2a: Chesnaught\n|-damage|p2a: Chesnaught|5/285\n|move|p2a: Chesnaught|Trailblaze|p1a: Noctowl\n|-resisted|p1a: Noctowl\n|-damage|p1a: Noctowl|309/344\n|-boost|p2a: Chesnaught|spe|1\n|\n|-heal|p2a: Chesnaught|22/285|[from] item: Leftovers\n|upkeep\n|turn|37\n|\n|t:|1781438457\n|move|p2a: Chesnaught|Body Press|p1a: Noctowl\n|-damage|p1a: Noctowl|21/344\n|move|p1a: Noctowl|Hurricane|p2a: Chesnaught|[miss]\n|-miss|p1a: Noctowl|p2a: Chesnaught\n|\n|-heal|p2a: Chesnaught|39/285|[from] item: Leftovers\n|upkeep\n|turn|38\n|\n|t:|1781438465\n|move|p2a: Chesnaught|Body Press|p1a: Noctowl\n|-crit|p1a: Noctowl\n|-damage|p1a: Noctowl|0 fnt\n|faint|p1a: Noctowl\n|\n|-heal|p2a: Chesnaught|56/285|[from] item: Leftovers\n|upkeep\n|inactive|UTJUTJ has 120 seconds left.\n|inactive|UTJUTJ has 90 seconds left.\n|\n|t:|1781438533\n|switch|p1a: Iron Valiant|Iron Valiant, L78|220/244\n|-damage|p1a: Iron Valiant|205/244|[from] Stealth Rock\n|turn|39\n|\n|t:|1781438554\n|move|p2a: Chesnaught|Synthesis|p2a: Chesnaught\n|-heal|p2a: Chesnaught|198/285\n|move|p1a: Iron Valiant|Close Combat|p2a: Chesnaught\n|-supereffective|p2a: Chesnaught\n|-damage|p2a: Chesnaught|58/285\n|-unboost|p1a: Iron Valiant|def|1\n|-unboost|p1a: Iron Valiant|spd|1\n|-damage|p1a: Iron Valiant|181/244|[from] item: Life Orb\n|\n|-heal|p2a: Chesnaught|75/285|[from] item: Leftovers\n|upkeep\n|turn|40\n|inactive|UTJUTJ has 90 seconds left.\n|\n|t:|1781438573\n|-end|p1a: Iron Valiant|Quark Drive|[silent]\n|switch|p1a: Gouging Fire|Gouging Fire, L74|85/277\n|move|p2a: Chesnaught|Synthesis|p2a: Chesnaught\n|-heal|p2a: Chesnaught|217/285\n|\n|-heal|p2a: Chesnaught|234/285|[from] item: Leftovers\n|upkeep\n|turn|41\n|\n|t:|1781438580\n|move|p2a: Chesnaught|Body Press|p1a: Gouging Fire\n|-damage|p1a: Gouging Fire|0 fnt\n|faint|p1a: Gouging Fire\n|-end|p1a: Gouging Fire|Protosynthesis|[silent]\n|\n|-heal|p2a: Chesnaught|251/285|[from] item: Leftovers\n|upkeep\n|\n|t:|1781438590\n|switch|p1a: Iron Valiant|Iron Valiant, L78|181/244\n|-damage|p1a: Iron Valiant|166/244|[from] Stealth Rock\n|turn|42\n|\n|t:|1781438594\n|move|p2a: Chesnaught|Iron Defense|p2a: Chesnaught\n|-boost|p2a: Chesnaught|def|2\n|move|p1a: Iron Valiant|Swords Dance|p1a: Iron Valiant\n|-boost|p1a: Iron Valiant|atk|2\n|\n|-heal|p2a: Chesnaught|268/285|[from] item: Leftovers\n|upkeep\n|turn|43\n|\n|t:|1781438618\n|-terastallize|p1a: Iron Valiant|Fighting\n|move|p2a: Chesnaught|Iron Defense|p2a: Chesnaught\n|-boost|p2a: Chesnaught|def|2\n|move|p1a: Iron Valiant|Close Combat|p2a: Chesnaught\n|-supereffective|p2a: Chesnaught\n|-damage|p2a: Chesnaught|81/285\n|-unboost|p1a: Iron Valiant|def|1\n|-unboost|p1a: Iron Valiant|spd|1\n|-damage|p1a: Iron Valiant|142/244|[from] item: Life Orb\n|\n|-heal|p2a: Chesnaught|98/285|[from] item: Leftovers\n|upkeep\n|turn|44\n|\n|t:|1781438628\n|move|p2a: Chesnaught|Body Press|p1a: Iron Valiant\n|-damage|p1a: Iron Valiant|0 fnt\n|faint|p1a: Iron Valiant\n|-end|p1a: Iron Valiant|Quark Drive|[silent]\n|\n|-heal|p2a: Chesnaught|115/285|[from] item: Leftovers\n|upkeep\n|\n|t:|1781438632\n|switch|p1a: Feraligatr|Feraligatr, L79, F|264/264\n|-damage|p1a: Feraligatr|231/264|[from] Stealth Rock\n|turn|45\n|\n|t:|1781438638\n|move|p2a: Chesnaught|Body Press|p1a: Feraligatr\n|-damage|p1a: Feraligatr|0 fnt\n|faint|p1a: Feraligatr\n|\n|-heal|p2a: Chesnaught|132/285|[from] item: Leftovers\n|upkeep\n|\n|t:|1781438641\n|switch|p1a: Dunsparce|Dunsparce, L86, M|312/312 par\n|-damage|p1a: Dunsparce|273/312 par|[from] Stealth Rock\n|turn|46\n|\n|t:|1781438643\n|move|p2a: Chesnaught|Body Press|p1a: Dunsparce\n|-supereffective|p1a: Dunsparce\n|-damage|p1a: Dunsparce|0 fnt\n|faint|p1a: Dunsparce\n|\n|win|Chicken347\n|raw|UTJUTJ's rating: 1976 &rarr; <strong>1959</strong><br />(-17 for losing)\n|raw|Chicken347's rating: 2030 &rarr; <strong>2047</strong><br />(+17 for winning)\n", "inputlog": ">version a8376a258c1d4662feba110a92103f3664a72141\n>start {\"formatid\":\"gen9randombattle\",\"seed\":\"sodium,34684c78e8d2508e46455a7eb00a39e9\",\"rated\":\"Rated battle\"}\n>player p1 {\"name\":\"UTJUTJ\",\"avatar\":\"101\",\"rating\":1976,\"seed\":\"sodium,9b5429f413a6c3fb1c5b3d38db202a86\"}\n>player p2 {\"name\":\"Chicken347\",\"avatar\":\"101\",\"rating\":2030,\"seed\":\"sodium,70e70e1d9c5159cad77f2e9164a004ed\"}\n>p1 switch 2\n>p2 move dragondance\n>p1 move closecombat\n>p2 switch 2\n>p1 switch 6\n>p2 move nuzzle\n>p1 move earthquake\n>p2 move superfang\n>p1 move roost\n>p2 switch 4\n>p1 move bodyslam\n>p2 move encore\n>p1 switch 2\n>p2 move stealthrock\n>p1 move hypervoice\n>p2 switch 4\n>p1 switch 2\n>p2 move thunderbolt\n>p1 move bodyslam\n>p2 move thunderbolt\n>p2 switch 4\n>p1 move roost\n>p2 move psychic\n>p1 move roost\n>p2 move psychic\n>p1 move roost\n>p2 move psychic\n>p1 move roost\n>p2 move encore\n>p1 move roost\n>p2 move fireblast\n>p1 switch 2\n>p2 move psychic\n>p1 move hurricane\n>p2 switch 3\n>p1 move hurricane\n>p2 move playrough\n>p1 move roost\n>p2 move playrough\n>p1 move hurricane\n>p2 move encore\n>p1 switch 4\n>p2 switch 2\n>p1 move dragondance\n>p2 move dragondance\n>p1 move outrage\n>p2 move earthquake\n>p1 move outrage\n>p2 switch 2\n>p1 move heatcrash\n>p2 move playrough\n>p1 move morningsun\n>p2 move wish\n>p1 move heatcrash\n>p2 move playrough\n>p1 move heatcrash\n>p2 move encore\n>p1 move heatcrash\n>p2 move protect\n>p1 move heatcrash\n>p2 move playrough\n>p2 switch 5\n>p1 switch 3\n>p2 move earthquake\n>p1 move victorydance\n>p2 switch 6\n>p1 move icespinner\n>p2 move irondefense\n>p1 move victorydance\n>p2 move bodypress\n>p1 move icespinner\n>p2 move bodypress\n>p1 switch 4\n>p1 move hurricane\n>p2 move trailblaze terastallize\n>p1 move hurricane\n>p2 move bodypress\n>p1 move hypervoice\n>p2 move bodypress\n>p1 switch 6\n>p1 move closecombat\n>p2 move synthesis\n>p1 switch 3\n>p2 move synthesis\n>p1 move heatcrash\n>p2 move bodypress\n>p1 switch 3\n>p1 move swordsdance\n>p2 move irondefense\n>p1 move closecombat terastallize\n>p2 move irondefense\n>p1 move closecombat\n>p2 move bodypress\n>p1 switch 5\n>p1 move icepunch\n>p2 move bodypress\n>p1 switch 2\n>p1 move earthquake\n>p2 move bodypress", "uploadtime": 1781437993, "views": 6, "formatid": "gen9randombattle", "rating": 1959, "private": 0, "password": null}