{"id": "gen9randombattle-2631723744", "format": "[Gen 9] Random Battle", "players": ["Davide070701", "symitry"], "log": "|j|\u2606Davide070701\n|j|\u2606symitry\n|t:|1781428859\n|gametype|singles\n|player|p1|Davide070701|170|1972\n|player|p2|symitry|102|2017\n|gen|9\n|tier|[Gen 9] Random Battle\n|rated|\n|rule|Species Clause: Limit one of each Pok\u00e9mon\n|rule|HP Percentage Mod: HP is shown in percentages\n|rule|Sleep Clause Mod: Limit one foe put to sleep\n|rule|Illusion Level Mod: Illusion disguises the Pok\u00e9mon's true level\n|\n|t:|1781428859\n|teamsize|p1|6\n|teamsize|p2|6\n|start\n|switch|p1a: Chimecho|Chimecho, L93, F|290/290\n|switch|p2a: Heracross|Heracross, L80, F|259/259\n|turn|1\n|\n|t:|1781428873\n|switch|p1a: Probopass|Probopass, L91, M|257/257\n|move|p2a: Heracross|Trailblaze|p1a: Probopass\n|-damage|p1a: Probopass|234/257\n|-boost|p2a: Heracross|spe|1\n|\n|-heal|p1a: Probopass|250/257|[from] item: Leftovers\n|-status|p2a: Heracross|brn|[from] item: Flame Orb\n|upkeep\n|turn|2\n|inactive|Battle timer is ON: inactive players will automatically lose when time's up. (requested by Davide070701)\n|\n|t:|1781428885\n|switch|p1a: Jumpluff|Jumpluff, L87, F|271/271\n|move|p2a: Heracross|Close Combat|p1a: Jumpluff\n|-resisted|p1a: Jumpluff\n|-damage|p1a: Jumpluff|139/271\n|-unboost|p2a: Heracross|def|1\n|-unboost|p2a: Heracross|spd|1\n|\n|-damage|p2a: Heracross|243/259 brn|[from] brn\n|upkeep\n|turn|3\n|\n|t:|1781428905\n|move|p2a: Heracross|Facade|p1a: Jumpluff\n|-damage|p1a: Jumpluff|0 fnt\n|faint|p1a: Jumpluff\n|\n|-damage|p2a: Heracross|227/259 brn|[from] brn\n|upkeep\n|\n|t:|1781428910\n|switch|p1a: Chimecho|Chimecho, L93, F|290/290\n|turn|4\n|\n|t:|1781428913\n|-terastallize|p2a: Heracross|Normal\n|-terastallize|p1a: Chimecho|Steel\n|move|p2a: Heracross|Facade|p1a: Chimecho\n|-resisted|p1a: Chimecho\n|-damage|p1a: Chimecho|170/290\n|move|p1a: Chimecho|Psychic Noise|p2a: Heracross\n|-damage|p2a: Heracross|85/259 brn\n|-start|p2a: Heracross|move: Heal Block\n|\n|-heal|p1a: Chimecho|188/290|[from] item: Leftovers\n|-damage|p2a: Heracross|69/259 brn|[from] brn\n|upkeep\n|turn|5\n|\n|t:|1781428921\n|move|p2a: Heracross|Close Combat|p1a: Chimecho\n|-supereffective|p1a: Chimecho\n|-damage|p1a: Chimecho|0 fnt\n|-unboost|p2a: Heracross|def|1\n|-unboost|p2a: Heracross|spd|1\n|faint|p1a: Chimecho\n|\n|-damage|p2a: Heracross|53/259 brn|[from] brn\n|-end|p2a: Heracross|move: Heal Block\n|upkeep\n|-message|Davide070701 forfeited.\n|\n|win|symitry\n", "uploadtime": 1781428861, "views": 3, "formatid": "gen9randombattle", "rating": null, "private": 0, "password": null}