{"id": "gen9randombattle-2631591439", "format": "[Gen 9] Random Battle", "players": ["Trump2024plz", "rgrgreger"], "log": "|j|\u2606Trump2024plz\n|j|\u2606rgrgreger\n|t:|1781405655\n|gametype|singles\n|player|p1|Trump2024plz|2|1905\n|player|p2|rgrgreger|zinzolin|1954\n|gen|9\n|tier|[Gen 9] Random Battle\n|rated|\n|rule|Species Clause: Limit one of each Pok\u00e9mon\n|rule|HP Percentage Mod: HP is shown in percentages\n|rule|Sleep Clause Mod: Limit one foe put to sleep\n|rule|Illusion Level Mod: Illusion disguises the Pok\u00e9mon's true level\n|\n|t:|1781405655\n|teamsize|p1|6\n|teamsize|p2|6\n|start\n|switch|p1a: Exeggutor|Exeggutor, L89, F|312/312\n|switch|p2a: Greninja|Greninja, L80, M|246/246\n|turn|1\n|inactive|Battle timer is ON: inactive players will automatically lose when time's up. (requested by rgrgreger)\n|\n|t:|1781405667\n|switch|p1a: Vespiquen|Vespiquen, L99, F|299/299\n|-ability|p1a: Vespiquen|Pressure\n|move|p2a: Greninja|U-turn|p1a: Vespiquen\n|-start|p2a: Greninja|typechange|Bug|[from] ability: Protean\n|-resisted|p1a: Vespiquen\n|-damage|p1a: Vespiquen|268/299\n|-damage|p2a: Greninja|222/246|[from] item: Life Orb\n|\n|t:|1781405673\n|switch|p2a: Squawkabilly|Squawkabilly-Blue, L85, M|278/278|[from] U-turn\n|\n|-status|p2a: Squawkabilly|brn|[from] item: Flame Orb\n|upkeep\n|turn|2\n|\n|t:|1781405682\n|switch|p1a: Regieleki|Regieleki, L79|256/256\n|move|p2a: Squawkabilly|Brave Bird|p1a: Regieleki\n|-resisted|p1a: Regieleki\n|-damage|p1a: Regieleki|116/256\n|-damage|p2a: Squawkabilly|232/278 brn|[from] Recoil\n|\n|-damage|p2a: Squawkabilly|215/278 brn|[from] brn\n|upkeep\n|turn|3\n|\n|t:|1781405691\n|switch|p2a: Regidrago|Regidrago, L77|435/435\n|move|p1a: Regieleki|Tera Blast|p2a: Regidrago\n|-damage|p2a: Regidrago|355/435\n|\n|upkeep\n|turn|4\n|\n|t:|1781405698\n|move|p1a: Regieleki|Volt Switch|p2a: Regidrago\n|-resisted|p2a: Regidrago\n|-damage|p2a: Regidrago|271/435\n|\n|t:|1781405706\n|switch|p1a: Exeggutor|Exeggutor, L89, F|312/312|[from] Volt Switch\n|move|p2a: Regidrago|Earthquake|p1a: Exeggutor\n|-resisted|p1a: Exeggutor\n|-damage|p1a: Exeggutor|283/312\n|\n|upkeep\n|turn|5\n|\n|t:|1781405716\n|switch|p2a: Meowscarada|Meowscarada, L78, M|247/247\n|move|p1a: Exeggutor|Leech Seed|p2a: Meowscarada\n|-immune|p2a: Meowscarada\n|\n|upkeep\n|turn|6\n|\n|t:|1781405724\n|switch|p1a: Vespiquen|Vespiquen, L99, F|268/299\n|-ability|p1a: Vespiquen|Pressure\n|move|p2a: Meowscarada|Toxic Spikes|p1a: Vespiquen\n|-start|p2a: Meowscarada|typechange|Poison|[from] ability: Protean\n|-sidestart|p1: Trump2024plz|move: Toxic Spikes\n|\n|upkeep\n|turn|7\n|\n|t:|1781405729\n|move|p2a: Meowscarada|Toxic Spikes|p1a: Vespiquen\n|-sidestart|p1: Trump2024plz|move: Toxic Spikes\n|move|p1a: Vespiquen|Toxic Spikes|p2a: Meowscarada\n|-sidestart|p2: rgrgreger|move: Toxic Spikes\n|\n|upkeep\n|turn|8\n|\n|t:|1781405735\n|switch|p2a: Squawkabilly|Squawkabilly-Blue, L85, M|215/278 brn\n|move|p1a: Vespiquen|Spikes|p2a: Squawkabilly\n|-sidestart|p2: rgrgreger|Spikes\n|\n|-damage|p2a: Squawkabilly|198/278 brn|[from] brn\n|upkeep\n|turn|9\n|\n|t:|1781405746\n|-terastallize|p1a: Vespiquen|Steel\n|move|p2a: Squawkabilly|Brave Bird|p1a: Vespiquen\n|-resisted|p1a: Vespiquen\n|-damage|p1a: Vespiquen|189/299\n|-damage|p2a: Squawkabilly|172/278 brn|[from] Recoil\n|move|p1a: Vespiquen|Air Slash|p2a: Squawkabilly\n|-damage|p2a: Squawkabilly|45/278 brn\n|\n|-damage|p2a: Squawkabilly|28/278 brn|[from] brn\n|upkeep\n|turn|10\n|\n|t:|1781405760\n|move|p2a: Squawkabilly|U-turn|p1a: Vespiquen\n|-resisted|p1a: Vespiquen\n|-damage|p1a: Vespiquen|158/299\n|\n|t:|1781405761\n|switch|p2a: Torkoal|Torkoal, L88, F|266/266|[from] U-turn\n|-weather|SunnyDay|[from] ability: Drought|[of] p2a: Torkoal\n|move|p1a: Vespiquen|Spikes|p2a: Torkoal\n|-sidestart|p2: rgrgreger|Spikes\n|\n|-weather|SunnyDay|[upkeep]\n|upkeep\n|turn|11\n|\n|t:|1781405776\n|move|p1a: Vespiquen|Air Slash|p2a: Torkoal\n|-crit|p2a: Torkoal\n|-damage|p2a: Torkoal|103/266\n|move|p2a: Torkoal|Stealth Rock|p1a: Vespiquen\n|-sidestart|p1: Trump2024plz|move: Stealth Rock\n|\n|-weather|SunnyDay|[upkeep]\n|upkeep\n|turn|12\n|\n|t:|1781405783\n|move|p1a: Vespiquen|Air Slash|p2a: Torkoal\n|-damage|p2a: Torkoal|0 fnt\n|faint|p2a: Torkoal\n|\n|-weather|SunnyDay|[upkeep]\n|upkeep\n|\n|t:|1781405790\n|switch|p2a: Terapagos|Terapagos, L77, F|265/265\n|-activate|p2a: Terapagos|ability: Tera Shift\n|detailschange|p2a: Terapagos|Terapagos-Terastal, L77, F\n|-heal|p2a: Terapagos|273/273|[silent]\n|turn|13\n|\n|t:|1781405800\n|move|p2a: Terapagos|Rapid Spin|p1a: Vespiquen\n|-resisted|p1a: Vespiquen\n|-damage|p1a: Vespiquen|142/299\n|-boost|p2a: Terapagos|spe|1\n|-sideend|p2: rgrgreger|Spikes|[from] move: Rapid Spin|[of] p2a: Terapagos\n|-sideend|p2: rgrgreger|Toxic Spikes|[from] move: Rapid Spin|[of] p2a: Terapagos\n|move|p1a: Vespiquen|Air Slash|p2a: Terapagos\n|-activate|p2a: Terapagos|ability: Tera Shell\n|-resisted|p2a: Terapagos\n|-damage|p2a: Terapagos|233/273\n|\n|-weather|SunnyDay|[upkeep]\n|upkeep\n|turn|14\n|\n|t:|1781405808\n|move|p2a: Terapagos|Calm Mind|p2a: Terapagos\n|-boost|p2a: Terapagos|spa|1\n|-boost|p2a: Terapagos|spd|1\n|move|p1a: Vespiquen|Air Slash|p2a: Terapagos\n|-damage|p2a: Terapagos|175/273\n|\n|-weather|none\n|upkeep\n|turn|15\n|\n|t:|1781405813\n|move|p2a: Terapagos|Calm Mind|p2a: Terapagos\n|-boost|p2a: Terapagos|spa|1\n|-boost|p2a: Terapagos|spd|1\n|move|p1a: Vespiquen|Air Slash|p2a: Terapagos\n|-damage|p2a: Terapagos|130/273\n|\n|upkeep\n|turn|16\n|\n|t:|1781405821\n|switch|p1a: Squawkabilly|Squawkabilly-Yellow, L89, F|291/291\n|move|p2a: Terapagos|Rapid Spin|p1a: Squawkabilly\n|-damage|p1a: Squawkabilly|224/291\n|-boost|p2a: Terapagos|spe|1\n|\n|upkeep\n|turn|17\n|\n|t:|1781405830\n|-terastallize|p2a: Terapagos|Stellar\n|detailschange|p2a: Terapagos|Terapagos-Stellar, L77, F, tera:Stellar\n|-heal|p2a: Terapagos|230/373|[silent]\n|move|p2a: Terapagos|Tera Starstorm|p1a: Squawkabilly\n|-damage|p1a: Squawkabilly|0 fnt\n|faint|p1a: Squawkabilly\n|\n|upkeep\n|\n|t:|1781405854\n|switch|p1a: Regieleki|Regieleki, L79|116/256\n|-status|p1a: Regieleki|tox\n|-damage|p1a: Regieleki|84/256 tox|[from] Stealth Rock\n|turn|18\n|\n|t:|1781405861\n|move|p1a: Regieleki|Rapid Spin|p2a: Terapagos\n|-damage|p2a: Terapagos|198/373\n|-boost|p1a: Regieleki|spe|1\n|-sideend|p1: Trump2024plz|Toxic Spikes|[from] move: Rapid Spin|[of] p1a: Regieleki\n|-sideend|p1: Trump2024plz|Stealth Rock|[from] move: Rapid Spin|[of] p1a: Regieleki\n|move|p2a: Terapagos|Rapid Spin|p1a: Regieleki\n|-damage|p1a: Regieleki|0 fnt\n|-boost|p2a: Terapagos|spe|1\n|faint|p1a: Regieleki\n|\n|upkeep\n|\n|t:|1781405867\n|switch|p1a: Bruxish|Bruxish, L85, F|254/254\n|turn|19\n|\n|t:|1781405870\n|move|p2a: Terapagos|Tera Starstorm|p1a: Bruxish\n|-damage|p1a: Bruxish|0 fnt\n|faint|p1a: Bruxish\n|\n|upkeep\n|\n|t:|1781405873\n|switch|p1a: Entei|Entei, L78|307/307\n|turn|20\n|\n|t:|1781405883\n|move|p2a: Terapagos|Tera Starstorm|p1a: Entei\n|-damage|p1a: Entei|53/307\n|move|p1a: Entei|Sacred Fire|p2a: Terapagos|[miss]\n|-miss|p1a: Entei|p2a: Terapagos\n|\n|upkeep\n|turn|21\n|-message|Trump2024plz forfeited.\n|\n|win|rgrgreger\n", "inputlog": ">version a8376a258c1d4662feba110a92103f3664a72141\n>start {\"formatid\":\"gen9randombattle\",\"seed\":\"sodium,d55fa8f262b6c6ddaf8e3b9295f54167\",\"rated\":\"Rated battle\"}\n>player p1 {\"name\":\"Trump2024plz\",\"avatar\":\"2\",\"rating\":1905,\"seed\":\"sodium,0c8dbf52180c7a2aa48157d42dcd119f\"}\n>player p2 {\"name\":\"rgrgreger\",\"avatar\":\"zinzolin\",\"rating\":1954,\"seed\":\"sodium,6a74fe697fe02e53f11763ac4f83e947\"}\n>p1 switch 2\n>p2 move uturn\n>p2 switch 4\n>p1 switch 4\n>p2 move bravebird\n>p1 move terablast\n>p2 switch 5\n>p1 move voltswitch\n>p2 move earthquake\n>p1 switch 2\n>p1 move leechseed\n>p2 switch 2\n>p1 switch 4\n>p2 move toxicspikes\n>p1 move toxicspikes\n>p2 move toxicspikes\n>p1 move spikes\n>p2 switch 5\n>p1 move airslash terastallize\n>p2 move bravebird\n>p1 move spikes\n>p2 move uturn\n>p2 switch 6\n>p1 move airslash\n>p2 move stealthrock\n>p1 move airslash\n>p2 move lavaplume\n>p2 switch 3\n>p1 move airslash\n>p2 move rapidspin\n>p1 move airslash\n>p2 move calmmind\n>p1 move airslash\n>p2 move calmmind\n>p1 switch 5\n>p2 move rapidspin\n>p1 move bravebird\n>p2 move terastarstorm terastallize\n>p1 switch 2\n>p1 move rapidspin\n>p2 move rapidspin\n>p1 switch 3\n>p1 move wavecrash\n>p2 move terastarstorm\n>p1 switch 6\n>p1 move sacredfire\n>p2 move terastarstorm\n>forcelose p1", "uploadtime": 1781405656, "views": 5, "formatid": "gen9randombattle", "rating": null, "private": 0, "password": null}