{"id": "gen9randombattle-2631938211", "format": "[Gen 9] Random Battle", "players": ["a rabbit", "oddishlover4"], "log": "|badge|p1|silver|gen9randombattle|30-9\n|uhtml|medal-msg|<div class=\"broadcast-blue\">Curious what those medals under the avatar are? PS now has Ladder Seasons! For more information, check out the <a href=\"https://www.smogon.com/forums/threads/3740067/\">thread on Smogon.</a></div>\n|badge|p2|bronze|gen9ou|100-9\n|uhtml|medal-msg|<div class=\"broadcast-blue\">Curious what those medals under the avatar are? PS now has Ladder Seasons! For more information, check out the <a href=\"https://www.smogon.com/forums/threads/3740067/\">thread on Smogon.</a></div>\n|j|\u2606a rabbit\n|j|\u2606oddishlover4\n|t:|1781457716\n|gametype|singles\n|player|p1|a rabbit|#scl2breakers|2405\n|player|p2|oddishlover4|266|2311\n|gen|9\n|tier|[Gen 9] Random Battle\n|rated|\n|rule|Species Clause: Limit one of each Pok\u00e9mon\n|rule|HP Percentage Mod: HP is shown in percentages\n|rule|Sleep Clause Mod: Limit one foe put to sleep\n|rule|Illusion Level Mod: Illusion disguises the Pok\u00e9mon's true level\n|\n|t:|1781457716\n|teamsize|p1|6\n|teamsize|p2|6\n|start\n|switch|p1a: Mimikyu|Mimikyu, L79, M|216/216\n|switch|p2a: Scyther|Scyther, L82, F|249/249\n|turn|1\n|j| Rabiesdfsdf\n|\n|t:|1781457734\n|switch|p1a: Kilowattrel|Kilowattrel, L83, M|252/252\n|move|p2a: Scyther|Dual Wingbeat|p1a: Kilowattrel\n|-resisted|p1a: Kilowattrel\n|-damage|p1a: Kilowattrel|210/252\n|-resisted|p1a: Kilowattrel\n|-damage|p1a: Kilowattrel|163/252\n|-hitcount|p1a: Kilowattrel|2\n|\n|upkeep\n|turn|2\n|c|\u2606oddishlover4|gl/hf!\n|inactive|Battle timer is ON: inactive players will automatically lose when time's up. (requested by oddishlover4)\n|\n|t:|1781457753\n|switch|p2a: Banette|Banette, L93, F|270/270\n|move|p1a: Kilowattrel|Discharge|p2a: Banette\n|-damage|p2a: Banette|164/270\n|\n|upkeep\n|turn|3\n|\n|t:|1781457771\n|move|p1a: Kilowattrel|U-turn|p2a: Banette\n|-resisted|p2a: Banette\n|-damage|p2a: Banette|142/270\n|\n|t:|1781457774\n|switch|p1a: Passimian|Passimian, L83, M|302/302|[from] U-turn\n|move|p2a: Banette|Poltergeist|p1a: Passimian\n|-activate|p1a: Passimian|move: Poltergeist|Leftovers\n|-damage|p1a: Passimian|76/302\n|-damage|p2a: Banette|115/270|[from] item: Life Orb\n|\n|-heal|p1a: Passimian|94/302|[from] item: Leftovers\n|upkeep\n|turn|4\n|\n|t:|1781457792\n|move|p2a: Banette|Shadow Sneak|p1a: Passimian\n|-damage|p1a: Passimian|19/302\n|-damage|p2a: Banette|88/270|[from] item: Life Orb\n|move|p1a: Passimian|Knock Off|p2a: Banette\n|-supereffective|p2a: Banette\n|-damage|p2a: Banette|0 fnt\n|-enditem|p2a: Banette|Life Orb|[from] move: Knock Off|[of] p1a: Passimian\n|faint|p2a: Banette\n|\n|-heal|p1a: Passimian|37/302|[from] item: Leftovers\n|upkeep\n|\n|t:|1781457810\n|switch|p2a: Cinderace|Cinderace, L77, F|249/249\n|turn|5\n|inactive|oddishlover4 has 120 seconds left.\n|j| DikkeBende\n|\n|t:|1781457828\n|move|p2a: Cinderace|U-turn|p1a: Passimian\n|-start|p2a: Cinderace|typechange|Bug|[from] ability: Libero\n|-resisted|p1a: Passimian\n|-damage|p1a: Passimian|0 fnt\n|faint|p1a: Passimian\n|inactive|oddishlover4 has 120 seconds left.\n|\n|t:|1781457846\n|switch|p2a: Koraidon|Koraidon, L64|235/235|[from] U-turn\n|-weather|SunnyDay|[from] ability: Orichalcum Pulse|[of] p2a: Koraidon\n|-activate|p2a: Koraidon|Orichalcum Pulse|[source]\n|\n|-weather|SunnyDay|[upkeep]\n|upkeep\n|\n|t:|1781457856\n|switch|p1a: Munkidori|Munkidori, L79, M|269/269\n|turn|6\n|inactive|oddishlover4 has 120 seconds left.\n|\n|t:|1781457873\n|switch|p2a: Cinderace|Cinderace, L77, F|249/249\n|move|p1a: Munkidori|Psychic Noise|p2a: Cinderace\n|-damage|p2a: Cinderace|146/249\n|-start|p2a: Cinderace|move: Heal Block\n|-status|p2a: Cinderace|tox|[from] ability: Toxic Chain|[of] p1a: Munkidori\n|\n|-weather|SunnyDay|[upkeep]\n|-damage|p2a: Cinderace|131/249 tox|[from] psn\n|upkeep\n|turn|7\n|\n|t:|1781457891\n|switch|p1a: Flygon|Flygon, L82, F|265/265\n|move|p2a: Cinderace|Pyro Ball|p1a: Flygon\n|-resisted|p1a: Flygon\n|-damage|p1a: Flygon|108/265\n|\n|-weather|SunnyDay|[upkeep]\n|-damage|p2a: Cinderace|101/249 tox|[from] psn\n|-end|p2a: Cinderace|move: Heal Block\n|upkeep\n|turn|8\n|\n|t:|1781457909\n|move|p2a: Cinderace|Pyro Ball|p1a: Flygon\n|-resisted|p1a: Flygon\n|-crit|p1a: Flygon\n|-damage|p1a: Flygon|0 fnt\n|faint|p1a: Flygon\n|\n|-weather|SunnyDay|[upkeep]\n|-damage|p2a: Cinderace|56/249 tox|[from] psn\n|upkeep\n|\n|t:|1781457912\n|switch|p1a: Kilowattrel|Kilowattrel, L83, M|163/252\n|turn|9\n|\n|t:|1781457930\n|move|p1a: Kilowattrel|Discharge|p2a: Cinderace\n|-damage|p2a: Cinderace|0 fnt\n|faint|p2a: Cinderace\n|\n|-weather|none\n|upkeep\n|inactive|oddishlover4 has 90 seconds left.\n|\n|t:|1781457948\n|switch|p2a: Koraidon|Koraidon, L64|235/235\n|-weather|SunnyDay|[from] ability: Orichalcum Pulse|[of] p2a: Koraidon\n|-activate|p2a: Koraidon|Orichalcum Pulse|[source]\n|turn|10\n|inactive|oddishlover4 has 90 seconds left.\n|\n|t:|1781457966\n|-terastallize|p2a: Koraidon|Fire\n|move|p1a: Kilowattrel|U-turn|p2a: Koraidon\n|-resisted|p2a: Koraidon\n|-damage|p2a: Koraidon|213/235\n|\n|t:|1781457983\n|switch|p1a: Mimikyu|Mimikyu, L79, M|216/216|[from] U-turn\n|move|p2a: Koraidon|Scale Shot|p1a: Mimikyu\n|-immune|p1a: Mimikyu\n|\n|-weather|SunnyDay|[upkeep]\n|upkeep\n|turn|11\n|inactive|oddishlover4 has 90 seconds left.\n|\n|t:|1781458001\n|move|p2a: Koraidon|Flare Blitz|p1a: Mimikyu\n|-activate|p1a: Mimikyu|ability: Disguise\n|-damage|p1a: Mimikyu|216/216\n|detailschange|p1a: Mimikyu|Mimikyu-Busted, L79, M\n|-damage|p1a: Mimikyu|189/216|[from] pokemon: Mimikyu-Busted\n|move|p1a: Mimikyu|Drain Punch|p2a: Koraidon\n|-damage|p2a: Koraidon|149/235\n|-heal|p1a: Mimikyu|216/216|[from] drain|[of] p2a: Koraidon\n|-damage|p1a: Mimikyu|195/216|[from] item: Life Orb\n|\n|-weather|SunnyDay|[upkeep]\n|upkeep\n|turn|12\n|inactive|oddishlover4 has 90 seconds left.\n|\n|t:|1781458020\n|move|p1a: Mimikyu|Shadow Sneak|p2a: Koraidon\n|-damage|p2a: Koraidon|94/235\n|-damage|p1a: Mimikyu|174/216|[from] item: Life Orb\n|move|p2a: Koraidon|Flare Blitz|p1a: Mimikyu\n|-damage|p1a: Mimikyu|0 fnt\n|faint|p1a: Mimikyu\n|-damage|p2a: Koraidon|37/235|[from] Recoil\n|\n|-weather|SunnyDay|[upkeep]\n|upkeep\n|inactive|a rabbit has 120 seconds left.\n|\n|t:|1781458045\n|switch|p1a: Kilowattrel|Kilowattrel, L83, M|163/252\n|turn|13\n|inactive|oddishlover4 has 90 seconds left.\n|\n|t:|1781458063\n|move|p1a: Kilowattrel|Discharge|p2a: Koraidon\n|-damage|p2a: Koraidon|0 fnt\n|faint|p2a: Koraidon\n|\n|-weather|SunnyDay|[upkeep]\n|upkeep\n|\n|t:|1781458081\n|switch|p2a: Toucannon|Toucannon, L88, M|284/284\n|turn|14\n|\n|t:|1781458103\n|move|p1a: Kilowattrel|U-turn|p2a: Toucannon\n|-resisted|p2a: Toucannon\n|-damage|p2a: Toucannon|263/284\n|\n|t:|1781458105\n|switch|p1a: Munkidori|Munkidori, L79, M|269/269|[from] U-turn\n|move|p2a: Toucannon|Boomburst|p1a: Munkidori\n|-damage|p1a: Munkidori|172/269\n|\n|-weather|none\n|upkeep\n|turn|15\n|\n|t:|1781458122\n|move|p1a: Munkidori|Sludge Wave|p2a: Toucannon\n|-damage|p2a: Toucannon|133/284\n|-status|p2a: Toucannon|tox|[from] ability: Toxic Chain|[of] p1a: Munkidori\n|move|p2a: Toucannon|Boomburst|p1a: Munkidori\n|-damage|p1a: Munkidori|78/269\n|\n|-damage|p2a: Toucannon|116/284 tox|[from] psn\n|upkeep\n|turn|16\n|inactive|oddishlover4 has 60 seconds left.\n|\n|t:|1781458140\n|switch|p2a: Medicham|Medicham, L86, F|243/243\n|move|p1a: Munkidori|Sludge Wave|p2a: Medicham\n|-damage|p2a: Medicham|129/243\n|\n|upkeep\n|turn|17\n|inactive|oddishlover4 has 60 seconds left.\n|\n|t:|1781458158\n|move|p2a: Medicham|Bullet Punch|p1a: Munkidori\n|-damage|p1a: Munkidori|0 fnt\n|faint|p1a: Munkidori\n|\n|upkeep\n|\n|t:|1781458164\n|switch|p1a: Kilowattrel|Kilowattrel, L83, M|163/252\n|turn|18\n|inactive|oddishlover4 has 60 seconds left.\n|\n|t:|1781458181\n|switch|p2a: Toucannon|Toucannon, L88, M|116/284 tox\n|move|p1a: Kilowattrel|Roost|p1a: Kilowattrel\n|-heal|p1a: Kilowattrel|252/252\n|-singleturn|p1a: Kilowattrel|move: Roost\n|\n|-damage|p2a: Toucannon|99/284 tox|[from] psn\n|upkeep\n|turn|19\n|inactive|oddishlover4 has 60 seconds left.\n|\n|t:|1781458198\n|switch|p2a: Medicham|Medicham, L86, F|129/243\n|move|p1a: Kilowattrel|Discharge|p2a: Medicham\n|-damage|p2a: Medicham|35/243\n|-status|p2a: Medicham|par\n|\n|upkeep\n|turn|20\n|\n|t:|1781458213\n|switch|p2a: Scyther|Scyther, L82, F|249/249\n|move|p1a: Kilowattrel|Discharge|p2a: Scyther\n|-supereffective|p2a: Scyther\n|-damage|p2a: Scyther|121/249\n|\n|upkeep\n|turn|21\n|\n|t:|1781458219\n|move|p1a: Kilowattrel|Discharge|p2a: Scyther\n|-supereffective|p2a: Scyther\n|-damage|p2a: Scyther|0 fnt\n|faint|p2a: Scyther\n|\n|upkeep\n|\n|t:|1781458226\n|switch|p2a: Toucannon|Toucannon, L88, M|99/284 tox\n|turn|22\n|inactive|oddishlover4 has 60 seconds left.\n|\n|t:|1781458231\n|switch|p2a: Medicham|Medicham, L86, F|35/243 par\n|move|p1a: Kilowattrel|Discharge|p2a: Medicham\n|-damage|p2a: Medicham|0 fnt\n|faint|p2a: Medicham\n|\n|upkeep\n|inactive|oddishlover4 has 60 seconds left.\n|\n|t:|1781458239\n|switch|p2a: Toucannon|Toucannon, L88, M|99/284 tox\n|turn|23\n|\n|t:|1781458245\n|-singleturn|p2a: Toucannon|move: Beak Blast\n|move|p1a: Kilowattrel|Discharge|p2a: Toucannon\n|-supereffective|p2a: Toucannon\n|-damage|p2a: Toucannon|0 fnt\n|faint|p2a: Toucannon\n|\n|win|a rabbit\n", "inputlog": ">version a8376a258c1d4662feba110a92103f3664a72141\n>start {\"formatid\":\"gen9randombattle\",\"seed\":\"sodium,009e066ab830ec1f63cefd75e4403a99\",\"rated\":\"Rated battle\"}\n>player p1 {\"name\":\"a rabbit\",\"avatar\":\"#scl2breakers\",\"rating\":2405,\"seed\":\"sodium,a0a9fc1100fc19cc11f5a35d7a91d519\"}\n>player p2 {\"name\":\"oddishlover4\",\"avatar\":\"266\",\"rating\":2311,\"seed\":\"sodium,f5fe3970d87ca8eb651a66cb9bb93f2c\"}\n>p1 switch 5\n>p2 move dualwingbeat\n>chat \u2606oddishlover4|gl/hf!\n>p1 move discharge\n>p2 switch 6\n>p1 move uturn\n>p2 move poltergeist\n>p1 switch 2\n>p1 move knockoff\n>p2 move shadowsneak\n>p2 switch 5\n>p1 move knockoff\n>p2 move uturn\n>p2 switch 4\n>p1 switch 6\n>p1 move psychicnoise\n>p2 switch 4\n>p1 switch 3\n>p2 move pyroball\n>p1 move dragondance\n>p2 move pyroball\n>p1 switch 2\n>p1 move discharge\n>p2 move pyroball\n>p2 switch 4\n>p1 move uturn\n>p2 move scaleshot terastallize\n>p1 switch 5\n>p1 move drainpunch\n>p2 move flareblitz\n>p1 move shadowsneak\n>p2 move flareblitz\n>p1 switch 5\n>p1 move discharge\n>p2 move scaleshot\n>p2 switch 2\n>p1 move uturn\n>p2 move boomburst\n>p1 switch 3\n>p1 move sludgewave\n>p2 move boomburst\n>p1 move sludgewave\n>p2 switch 3\n>p1 move sludgewave\n>p2 move bulletpunch\n>p1 switch 3\n>p1 move roost\n>p2 switch 3\n>p1 move discharge\n>p2 switch 3\n>p1 move discharge\n>p2 switch 6\n>p1 move discharge\n>p2 move bugbite\n>p2 switch 3\n>p1 move discharge\n>p2 switch 6\n>p2 switch 6\n>p1 move discharge\n>p2 move beakblast", "uploadtime": 1781457717, "views": 6, "formatid": "gen9randombattle", "rating": null, "private": 0, "password": null}