{"id": "gen9randombattle-2631458409", "format": "[Gen 9] Random Battle", "players": ["ParanoidDandroid", "poisonousgam"], "log": "|j|\u2606ParanoidDandroid\n|j|\u2606poisonousgam\n|t:|1781387164\n|gametype|singles\n|player|p1|ParanoidDandroid|2|1807\n|player|p2|poisonousgam|ghetsis-gen5bw|1805\n|gen|9\n|tier|[Gen 9] Random Battle\n|rated|\n|rule|Species Clause: Limit one of each Pok\u00e9mon\n|rule|HP Percentage Mod: HP is shown in percentages\n|rule|Sleep Clause Mod: Limit one foe put to sleep\n|rule|Illusion Level Mod: Illusion disguises the Pok\u00e9mon's true level\n|\n|t:|1781387164\n|teamsize|p1|6\n|teamsize|p2|6\n|start\n|switch|p1a: Arceus|Arceus-Dragon, L71|288/288\n|switch|p2a: Spectrier|Spectrier, L75|274/274\n|turn|1\n|inactive|Battle timer is ON: inactive players will automatically lose when time's up. (requested by poisonousgam)\n|\n|t:|1781387176\n|move|p2a: Spectrier|Nasty Plot|p2a: Spectrier\n|-boost|p2a: Spectrier|spa|2\n|move|p1a: Arceus|Calm Mind|p1a: Arceus\n|-boost|p1a: Arceus|spa|1\n|-boost|p1a: Arceus|spd|1\n|\n|upkeep\n|turn|2\n|\n|t:|1781387183\n|move|p2a: Spectrier|Draining Kiss|p1a: Arceus\n|-supereffective|p1a: Arceus\n|-damage|p1a: Arceus|166/288\n|-damage|p2a: Spectrier|247/274|[from] item: Life Orb\n|move|p1a: Arceus|Judgment|p2a: Spectrier\n|-damage|p2a: Spectrier|40/274\n|\n|upkeep\n|turn|3\n|\n|t:|1781387193\n|-terastallize|p1a: Arceus|Fire\n|move|p2a: Spectrier|Draining Kiss|p1a: Arceus\n|-resisted|p1a: Arceus\n|-damage|p1a: Arceus|135/288\n|-heal|p2a: Spectrier|63/274|[from] drain|[of] p1a: Arceus\n|-damage|p2a: Spectrier|36/274|[from] item: Life Orb\n|move|p1a: Arceus|Judgment|p2a: Spectrier\n|-damage|p2a: Spectrier|0 fnt\n|faint|p2a: Spectrier\n|\n|upkeep\n|\n|t:|1781387197\n|switch|p2a: Lanturn|Lanturn, L89, F|367/367\n|turn|4\n|\n|t:|1781387207\n|move|p1a: Arceus|Judgment|p2a: Lanturn\n|-damage|p2a: Lanturn|195/367\n|move|p2a: Lanturn|Thunder Wave|p1a: Arceus\n|-status|p1a: Arceus|par\n|\n|upkeep\n|turn|5\n|\n|t:|1781387213\n|move|p2a: Lanturn|Scald|p1a: Arceus\n|-supereffective|p1a: Arceus\n|-damage|p1a: Arceus|39/288 par\n|cant|p1a: Arceus|par\n|\n|upkeep\n|turn|6\n|\n|t:|1781387218\n|move|p2a: Lanturn|Scald|p1a: Arceus\n|-supereffective|p1a: Arceus\n|-damage|p1a: Arceus|0 fnt\n|faint|p1a: Arceus\n|\n|upkeep\n|\n|t:|1781387233\n|switch|p1a: Jolteon|Jolteon, L84, M|246/246\n|turn|7\n|\n|t:|1781387244\n|move|p1a: Jolteon|Calm Mind|p1a: Jolteon\n|-boost|p1a: Jolteon|spa|1\n|-boost|p1a: Jolteon|spd|1\n|move|p2a: Lanturn|Scald|p1a: Jolteon\n|-damage|p1a: Jolteon|198/246\n|\n|upkeep\n|turn|8\n|\n|t:|1781387250\n|move|p1a: Jolteon|Calm Mind|p1a: Jolteon\n|-boost|p1a: Jolteon|spa|1\n|-boost|p1a: Jolteon|spd|1\n|move|p2a: Lanturn|Scald|p1a: Jolteon\n|-damage|p1a: Jolteon|162/246\n|-status|p1a: Jolteon|brn\n|\n|-damage|p1a: Jolteon|147/246 brn|[from] brn\n|upkeep\n|turn|9\n|\n|t:|1781387260\n|move|p1a: Jolteon|Shadow Ball|p2a: Lanturn\n|-damage|p2a: Lanturn|30/367\n|-damage|p1a: Jolteon|123/246 brn|[from] item: Life Orb\n|move|p2a: Lanturn|Scald|p1a: Jolteon\n|-damage|p1a: Jolteon|84/246 brn\n|\n|-damage|p1a: Jolteon|69/246 brn|[from] brn\n|upkeep\n|turn|10\n|\n|t:|1781387271\n|move|p1a: Jolteon|Alluring Voice|p2a: Lanturn\n|-damage|p2a: Lanturn|0 fnt\n|faint|p2a: Lanturn\n|-damage|p1a: Jolteon|45/246 brn|[from] item: Life Orb\n|\n|-damage|p1a: Jolteon|30/246 brn|[from] brn\n|upkeep\n|\n|t:|1781387276\n|switch|p2a: Wyrdeer|Wyrdeer, L87, F|321/321\n|-ability|p2a: Wyrdeer|Intimidate|boost\n|-unboost|p1a: Jolteon|atk|1\n|turn|11\n|\n|t:|1781387282\n|move|p1a: Jolteon|Thunderbolt|p2a: Wyrdeer\n|-damage|p2a: Wyrdeer|0 fnt\n|faint|p2a: Wyrdeer\n|-damage|p1a: Jolteon|6/246 brn|[from] item: Life Orb\n|\n|-damage|p1a: Jolteon|0 fnt|[from] brn\n|faint|p1a: Jolteon\n|upkeep\n|\n|t:|1781387296\n|switch|p1a: Venomoth|Venomoth, L84, F|255/255\n|switch|p2a: Sableye|Sableye, L88, F|231/231\n|turn|12\n|\n|t:|1781387304\n|move|p1a: Venomoth|Sleep Powder|p2a: Sableye\n|-status|p2a: Sableye|slp|[from] move: Sleep Powder\n|cant|p2a: Sableye|slp\n|\n|upkeep\n|turn|13\n|\n|t:|1781387309\n|move|p1a: Venomoth|Quiver Dance|p1a: Venomoth\n|-boost|p1a: Venomoth|spa|1\n|-boost|p1a: Venomoth|spd|1\n|-boost|p1a: Venomoth|spe|1\n|-curestatus|p2a: Sableye|slp|[msg]\n|move|p2a: Sableye|Knock Off|p1a: Venomoth\n|-damage|p1a: Venomoth|125/255\n|-enditem|p1a: Venomoth|Heavy-Duty Boots|[from] move: Knock Off|[of] p2a: Sableye\n|\n|upkeep\n|turn|14\n|\n|t:|1781387319\n|switch|p1a: Umbreon|Umbreon, L84, M|297/297\n|move|p2a: Sableye|Encore|p1a: Umbreon\n|-hint|Since gen 7, Dark is immune to Prankster moves.\n|-immune|p1a: Umbreon\n|\n|upkeep\n|turn|15\n|\n|t:|1781387326\n|switch|p2a: Glimmora|Glimmora, L75, M|248/248\n|move|p1a: Umbreon|Toxic|p2a: Glimmora\n|-immune|p2a: Glimmora\n|\n|upkeep\n|turn|16\n|\n|t:|1781387342\n|switch|p1a: Toxicroak|Toxicroak, L84, F|277/277\n|move|p2a: Glimmora|Meteor Beam||[still]\n|-prepare|p2a: Glimmora|Meteor Beam\n|-boost|p2a: Glimmora|spa|1\n|-enditem|p2a: Glimmora|Power Herb\n|-anim|p2a: Glimmora|Meteor Beam|p1a: Toxicroak\n|-resisted|p1a: Toxicroak\n|-damage|p1a: Toxicroak|161/277\n|\n|upkeep\n|turn|17\n|\n|t:|1781387353\n|move|p1a: Toxicroak|Close Combat|p2a: Glimmora\n|-damage|p2a: Glimmora|17/248\n|-unboost|p1a: Toxicroak|def|1\n|-unboost|p1a: Toxicroak|spd|1\n|-activate|p2a: Glimmora|ability: Toxic Debris\n|-sidestart|p1: ParanoidDandroid|move: Toxic Spikes\n|move|p2a: Glimmora|Earth Power|p1a: Toxicroak\n|-supereffective|p1a: Toxicroak\n|-damage|p1a: Toxicroak|0 fnt\n|faint|p1a: Toxicroak\n|\n|upkeep\n|\n|t:|1781387364\n|switch|p1a: Venomoth|Venomoth, L84, F|125/255\n|-sideend|p1: ParanoidDandroid|move: Toxic Spikes|[of] p1a: Venomoth\n|turn|18\n|\n|t:|1781387368\n|move|p1a: Venomoth|Quiver Dance|p1a: Venomoth\n|-boost|p1a: Venomoth|spa|1\n|-boost|p1a: Venomoth|spd|1\n|-boost|p1a: Venomoth|spe|1\n|move|p2a: Glimmora|Earth Power|p1a: Venomoth\n|-damage|p1a: Venomoth|56/255\n|\n|upkeep\n|turn|19\n|\n|t:|1781387375\n|move|p1a: Venomoth|Bug Buzz|p2a: Glimmora\n|-resisted|p2a: Glimmora\n|-damage|p2a: Glimmora|0 fnt\n|faint|p2a: Glimmora\n|\n|upkeep\n|\n|t:|1781387387\n|switch|p2a: Weavile|Weavile, L79, M|239/239\n|turn|20\n|\n|t:|1781387391\n|move|p2a: Weavile|Ice Shard|p1a: Venomoth\n|-damage|p1a: Venomoth|0 fnt\n|faint|p1a: Venomoth\n|\n|upkeep\n|\n|t:|1781387397\n|switch|p1a: Terapagos|Terapagos, L77, F|265/265\n|-activate|p1a: Terapagos|ability: Tera Shift\n|detailschange|p1a: Terapagos|Terapagos-Terastal, L77, F\n|-heal|p1a: Terapagos|273/273|[silent]\n|turn|21\n|\n|t:|1781387412\n|switch|p2a: Sableye|Sableye, L88, F|231/231\n|switch|p1a: Umbreon|Umbreon, L84, M|297/297\n|\n|upkeep\n|turn|22\n|\n|t:|1781387419\n|move|p1a: Umbreon|Toxic|p2a: Sableye\n|-status|p2a: Sableye|tox\n|move|p2a: Sableye|Knock Off|p1a: Umbreon\n|-resisted|p1a: Umbreon\n|-damage|p1a: Umbreon|255/297\n|-enditem|p1a: Umbreon|Leftovers|[from] move: Knock Off|[of] p2a: Sableye\n|\n|-damage|p2a: Sableye|217/231 tox|[from] psn\n|upkeep\n|turn|23\n|\n|t:|1781387426\n|move|p1a: Umbreon|Wish|p1a: Umbreon\n|move|p2a: Sableye|Knock Off|p1a: Umbreon\n|-resisted|p1a: Umbreon\n|-damage|p1a: Umbreon|229/297\n|\n|-heal|p2a: Sableye|231/231 tox|[from] item: Leftovers\n|-damage|p2a: Sableye|203/231 tox|[from] psn\n|upkeep\n|turn|24\n|\n|t:|1781387433\n|move|p1a: Umbreon|Foul Play|p2a: Sableye\n|-damage|p2a: Sableye|118/231 tox\n|move|p2a: Sableye|Knock Off|p1a: Umbreon\n|-resisted|p1a: Umbreon\n|-damage|p1a: Umbreon|205/297\n|\n|-heal|p1a: Umbreon|297/297|[from] move: Wish|[wisher] Umbreon\n|-heal|p2a: Sableye|132/231 tox|[from] item: Leftovers\n|-damage|p2a: Sableye|90/231 tox|[from] psn\n|upkeep\n|turn|25\n|\n|t:|1781387444\n|move|p1a: Umbreon|Wish|p1a: Umbreon\n|move|p2a: Sableye|Knock Off|p1a: Umbreon\n|-resisted|p1a: Umbreon\n|-damage|p1a: Umbreon|271/297\n|\n|-heal|p2a: Sableye|104/231 tox|[from] item: Leftovers\n|-damage|p2a: Sableye|48/231 tox|[from] psn\n|upkeep\n|turn|26\n|\n|t:|1781387450\n|move|p1a: Umbreon|Foul Play|p2a: Sableye\n|-damage|p2a: Sableye|0 fnt\n|faint|p2a: Sableye\n|\n|-heal|p1a: Umbreon|297/297|[from] move: Wish|[wisher] Umbreon\n|upkeep\n|\n|t:|1781387453\n|switch|p2a: Weavile|Weavile, L79, M|239/239\n|turn|27\n|\n|t:|1781387459\n|move|p2a: Weavile|Triple Axel|p1a: Umbreon\n|-damage|p1a: Umbreon|269/297\n|-damage|p1a: Umbreon|214/297\n|-damage|p1a: Umbreon|124/297\n|-hitcount|p1a: Umbreon|3\n|move|p1a: Umbreon|Toxic|p2a: Weavile\n|-status|p2a: Weavile|tox\n|\n|-damage|p2a: Weavile|225/239 tox|[from] psn\n|upkeep\n|turn|28\n|\n|t:|1781387469\n|move|p1a: Umbreon|Protect|p1a: Umbreon\n|-singleturn|p1a: Umbreon|Protect\n|move|p2a: Weavile|Triple Axel|p1a: Umbreon\n|-activate|p1a: Umbreon|move: Protect\n|\n|-damage|p2a: Weavile|197/239 tox|[from] psn\n|upkeep\n|turn|29\n|\n|t:|1781387475\n|move|p2a: Weavile|Triple Axel|p1a: Umbreon\n|-damage|p1a: Umbreon|94/297\n|-damage|p1a: Umbreon|42/297\n|-damage|p1a: Umbreon|0 fnt\n|faint|p1a: Umbreon\n|-hitcount|p1: Umbreon|3\n|\n|-damage|p2a: Weavile|155/239 tox|[from] psn\n|upkeep\n|\n|t:|1781387483\n|switch|p1a: Terapagos|Terapagos-Terastal, L77, F|273/273\n|turn|30\n|\n|t:|1781387486\n|move|p2a: Weavile|Triple Axel|p1a: Terapagos\n|-activate|p1a: Terapagos|ability: Tera Shell\n|-resisted|p1a: Terapagos\n|-damage|p1a: Terapagos|256/273\n|-resisted|p1a: Terapagos\n|-damage|p1a: Terapagos|226/273\n|-resisted|p1a: Terapagos\n|-damage|p1a: Terapagos|179/273\n|-hitcount|p1a: Terapagos|3\n|move|p1a: Terapagos|Tera Starstorm|p2a: Weavile\n|-damage|p2a: Weavile|34/239 tox\n|\n|-damage|p2a: Weavile|0 fnt|[from] psn\n|faint|p2a: Weavile\n|\n|win|ParanoidDandroid\n|raw|ParanoidDandroid's rating: 1807 &rarr; <strong>1827</strong><br />(+20 for winning)\n|raw|poisonousgam's rating: 1805 &rarr; <strong>1785</strong><br />(-20 for losing)\n|l|\u2606poisonousgam\n|player|p2|\n|c|\u2606ParanoidDandroid|gg\n", "inputlog": ">version a8376a258c1d4662feba110a92103f3664a72141\n>start {\"formatid\":\"gen9randombattle\",\"seed\":\"sodium,424d437d850f8ebd575755647c6e61ab\",\"rated\":\"Rated battle\"}\n>player p1 {\"name\":\"ParanoidDandroid\",\"avatar\":\"2\",\"rating\":1807,\"seed\":\"sodium,c932d9964654ef5a2df5d4ff6714e6b7\"}\n>player p2 {\"name\":\"poisonousgam\",\"avatar\":\"ghetsis-gen5bw\",\"rating\":1805,\"seed\":\"sodium,6393fcb285307635a6f4bea87a00522d\"}\n>p1 move calmmind\n>p2 move nastyplot\n>p1 move judgment\n>p2 move drainingkiss\n>p1 move judgment terastallize\n>p2 move drainingkiss\n>p2 switch 5\n>p1 move judgment\n>p2 move thunderwave\n>p1 move judgment\n>p2 move scald\n>p1 move judgment\n>p2 move scald\n>p1 switch 5\n>p1 move calmmind\n>p2 move scald\n>p1 move calmmind\n>p2 move scald\n>p1 move shadowball\n>p2 move scald\n>p1 move alluringvoice\n>p2 move scald\n>p2 switch 2\n>p1 move thunderbolt\n>p2 move psychicnoise\n>p1 switch 6\n>p2 switch 4\n>p1 move sleeppowder\n>p2 move knockoff\n>p1 move quiverdance\n>p2 move knockoff\n>p1 switch 4\n>p2 move encore\n>p1 move toxic\n>p2 switch 3\n>p1 switch 3\n>p2 move meteorbeam\n>p1 move closecombat\n>p2 move earthpower\n>p1 switch 4\n>p1 move quiverdance\n>p2 move earthpower\n>p1 move bugbuzz\n>p2 move earthpower\n>p2 switch 6\n>p1 move bugbuzz\n>p2 move iceshard\n>p1 switch 2\n>p1 switch 3\n>p2 switch 3\n>p1 move toxic\n>p2 move knockoff\n>p1 move wish\n>p2 move knockoff\n>p1 move foulplay\n>p2 move knockoff\n>p1 move wish\n>p2 move knockoff\n>p1 move foulplay\n>p2 move knockoff\n>p2 switch 3\n>p1 move toxic\n>p2 move tripleaxel\n>p1 move protect\n>p2 move tripleaxel\n>p1 move wish\n>p2 move tripleaxel\n>p1 switch 3\n>p1 move terastarstorm\n>p2 move tripleaxel", "uploadtime": 1781387505, "views": 5, "formatid": "gen9randombattle", "rating": 1785, "private": 0, "password": null}