{"id": "gen9randombattle-2631960669", "format": "[Gen 9] Random Battle", "players": ["poopcrumbs", "BarqRB"], "log": "|j|\u2606poopcrumbs\n|j|\u2606BarqRB\n|t:|1781460168\n|gametype|singles\n|player|p1|poopcrumbs|170|1405\n|player|p2|BarqRB|hilbert|1405\n|gen|9\n|tier|[Gen 9] Random Battle\n|rated|\n|rule|Species Clause: Limit one of each Pok\u00e9mon\n|rule|HP Percentage Mod: HP is shown in percentages\n|rule|Sleep Clause Mod: Limit one foe put to sleep\n|rule|Illusion Level Mod: Illusion disguises the Pok\u00e9mon's true level\n|\n|t:|1781460168\n|teamsize|p1|6\n|teamsize|p2|6\n|start\n|switch|p1a: Orthworm|Orthworm, L88, M|266/266\n|switch|p2a: Dewgong|Dewgong, L94, F|322/322\n|turn|1\n|inactive|Battle timer is ON: inactive players will automatically lose when time's up. (requested by poopcrumbs)\n|\n|t:|1781460177\n|move|p2a: Dewgong|Knock Off|p1a: Orthworm\n|-damage|p1a: Orthworm|225/266\n|-enditem|p1a: Orthworm|Chesto Berry|[from] move: Knock Off|[of] p2a: Dewgong\n|move|p1a: Orthworm|Coil|p1a: Orthworm\n|-boost|p1a: Orthworm|atk|1\n|-boost|p1a: Orthworm|def|1\n|-boost|p1a: Orthworm|accuracy|1\n|\n|upkeep\n|turn|2\n|\n|t:|1781460186\n|move|p2a: Dewgong|Encore|p1a: Orthworm\n|-start|p1a: Orthworm|Encore\n|move|p1a: Orthworm|Coil|p1a: Orthworm\n|-boost|p1a: Orthworm|atk|1\n|-boost|p1a: Orthworm|def|1\n|-boost|p1a: Orthworm|accuracy|1\n|\n|upkeep\n|turn|3\n|\n|t:|1781460198\n|switch|p2a: Spectrier|Spectrier, L75|274/274\n|move|p1a: Orthworm|Coil|p1a: Orthworm\n|-boost|p1a: Orthworm|atk|1\n|-boost|p1a: Orthworm|def|1\n|-boost|p1a: Orthworm|accuracy|1\n|\n|upkeep\n|turn|4\n|\n|t:|1781460207\n|move|p2a: Spectrier|Substitute|p2a: Spectrier\n|-start|p2a: Spectrier|Substitute\n|-damage|p2a: Spectrier|206/274\n|move|p1a: Orthworm|Coil|p1a: Orthworm\n|-boost|p1a: Orthworm|atk|1\n|-boost|p1a: Orthworm|def|1\n|-boost|p1a: Orthworm|accuracy|1\n|\n|-heal|p2a: Spectrier|223/274|[from] item: Leftovers\n|-end|p1a: Orthworm|Encore\n|upkeep\n|turn|5\n|\n|t:|1781460219\n|move|p2a: Spectrier|Nasty Plot|p2a: Spectrier\n|-boost|p2a: Spectrier|spa|2\n|move|p1a: Orthworm|Iron Tail|p2a: Spectrier\n|-end|p2a: Spectrier|Substitute\n|\n|-heal|p2a: Spectrier|240/274|[from] item: Leftovers\n|upkeep\n|turn|6\n|\n|t:|1781460228\n|move|p2a: Spectrier|Shadow Ball|p1a: Orthworm\n|-damage|p1a: Orthworm|0 fnt\n|faint|p1a: Orthworm\n|-ability|p2a: Spectrier|Grim Neigh|boost\n|-boost|p2a: Spectrier|spa|1\n|\n|-heal|p2a: Spectrier|257/274|[from] item: Leftovers\n|upkeep\n|\n|t:|1781460239\n|switch|p1a: Cacturne|Cacturne, L92, F|278/278\n|turn|7\n|\n|t:|1781460244\n|move|p2a: Spectrier|Substitute|p2a: Spectrier\n|-start|p2a: Spectrier|Substitute\n|-damage|p2a: Spectrier|189/274\n|move|p1a: Cacturne|Knock Off|p2a: Spectrier\n|-supereffective|p2a: Spectrier\n|-end|p2a: Spectrier|Substitute\n|-damage|p1a: Cacturne|251/278|[from] item: Life Orb\n|\n|-heal|p2a: Spectrier|206/274|[from] item: Leftovers\n|upkeep\n|turn|8\n|\n|t:|1781460254\n|-terastallize|p2a: Spectrier|Fairy\n|move|p1a: Cacturne|Sucker Punch|p2a: Spectrier\n|-resisted|p2a: Spectrier\n|-damage|p2a: Spectrier|110/274\n|-damage|p1a: Cacturne|224/278|[from] item: Life Orb\n|move|p2a: Spectrier|Draining Kiss|p1a: Cacturne\n|-supereffective|p1a: Cacturne\n|-damage|p1a: Cacturne|0 fnt\n|-heal|p2a: Spectrier|274/274|[from] drain|[of] p1a: Cacturne\n|faint|p1a: Cacturne\n|-ability|p2a: Spectrier|Grim Neigh|boost\n|-boost|p2a: Spectrier|spa|1\n|\n|upkeep\n|inactive|poopcrumbs has 120 seconds left.\n|\n|t:|1781460293\n|switch|p1a: Umbreon|Umbreon, L84, M|297/297\n|turn|9\n|\n|t:|1781460300\n|move|p1a: Umbreon|Protect|p1a: Umbreon\n|-singleturn|p1a: Umbreon|Protect\n|move|p2a: Spectrier|Substitute|p2a: Spectrier\n|-start|p2a: Spectrier|Substitute\n|-damage|p2a: Spectrier|206/274\n|\n|-heal|p2a: Spectrier|223/274|[from] item: Leftovers\n|upkeep\n|turn|10\n|\n|t:|1781460313\n|switch|p1a: Donphan|Donphan, L84, M|288/288\n|move|p2a: Spectrier|Draining Kiss|p1a: Donphan\n|-damage|p1a: Donphan|24/288\n|-heal|p2a: Spectrier|274/274|[from] drain|[of] p1a: Donphan\n|\n|-heal|p1a: Donphan|42/288|[from] item: Leftovers\n|upkeep\n|turn|11\n|-message|poopcrumbs forfeited.\n|\n|win|BarqRB\n|raw|poopcrumbs's rating: 1405 &rarr; <strong>1385</strong><br />(-20 for losing)\n|raw|BarqRB's rating: 1405 &rarr; <strong>1425</strong><br />(+20 for winning)\n|l|\u2606poopcrumbs\n|player|p1|\n", "inputlog": ">version a8376a258c1d4662feba110a92103f3664a72141\n>start {\"formatid\":\"gen9randombattle\",\"seed\":\"sodium,81f3e47175dba99f4568232d915e9656\",\"rated\":\"Rated battle\"}\n>player p1 {\"name\":\"poopcrumbs\",\"avatar\":\"170\",\"rating\":1405,\"seed\":\"sodium,455bd8c260ef066cf83f29e2675f3fa6\"}\n>player p2 {\"name\":\"BarqRB\",\"avatar\":\"hilbert\",\"rating\":1405,\"seed\":\"sodium,bff78c769284f5cede02ec7b65df6503\"}\n>p1 move coil\n>p2 move knockoff\n>p1 move coil\n>p2 move encore\n>p1 move coil\n>p2 switch 2\n>p1 move coil\n>p2 move substitute\n>p1 move irontail\n>p2 move nastyplot\n>p1 move irontail\n>p2 move shadowball\n>p1 switch 2\n>p1 move knockoff\n>p2 move substitute\n>p1 move suckerpunch\n>p2 move drainingkiss terastallize\n>p1 switch 4\n>p1 move protect\n>p2 move substitute\n>p1 switch 5\n>p2 move drainingkiss\n>forcelose p1", "uploadtime": 1781460330, "views": 4, "formatid": "gen9randombattle", "rating": 1385, "private": 0, "password": null}