{"id": "gen9randombattle-2631882438", "format": "[Gen 9] Random Battle", "players": ["malpicatepica", "ZannaBianca99"], "log": "|j|\u2606malpicatepica\n|j|\u2606ZannaBianca99\n|t:|1781451642\n|gametype|singles\n|player|p1|malpicatepica|266|1993\n|player|p2|ZannaBianca99|102|2061\n|gen|9\n|tier|[Gen 9] Random Battle\n|rated|\n|rule|Species Clause: Limit one of each Pok\u00e9mon\n|rule|HP Percentage Mod: HP is shown in percentages\n|rule|Sleep Clause Mod: Limit one foe put to sleep\n|rule|Illusion Level Mod: Illusion disguises the Pok\u00e9mon's true level\n|\n|t:|1781451642\n|teamsize|p1|6\n|teamsize|p2|6\n|start\n|switch|p1a: Miraidon|Miraidon, L65|238/238\n|switch|p2a: Dusknoir|Dusknoir, L89, F|225/225\n|-fieldstart|move: Electric Terrain|[from] ability: Hadron Engine|[of] p1a: Miraidon\n|-item|p1a: Miraidon|Life Orb|[from] ability: Frisk|[of] p2a: Dusknoir\n|turn|1\n|inactive|Battle timer is ON: inactive players will automatically lose when time's up. (requested by malpicatepica)\n|\n|t:|1781451669\n|switch|p1a: Gumshoos|Gumshoos, L95, F|321/321\n|move|p2a: Dusknoir|Earthquake|p1a: Gumshoos\n|-damage|p1a: Gumshoos|188/321\n|\n|upkeep\n|turn|2\n|\n|t:|1781451674\n|switch|p2a: Terrakion|Terrakion, L79|273/273\n|move|p1a: Gumshoos|Knock Off|p2a: Terrakion\n|-resisted|p2a: Terrakion\n|-crit|p2a: Terrakion\n|-damage|p2a: Terrakion|38/273\n|-ability|p2a: Terrakion|Justified|boost\n|-boost|p2a: Terrakion|atk|1\n|-enditem|p2a: Terrakion|Choice Band|[from] move: Knock Off|[of] p1a: Gumshoos\n|\n|upkeep\n|turn|3\n|\n|t:|1781451685\n|switch|p1a: Mismagius|Mismagius, L86, M|243/243\n|move|p2a: Terrakion|Stone Edge|p1a: Mismagius\n|-damage|p1a: Mismagius|2/243\n|\n|-heal|p1a: Mismagius|17/243|[from] item: Leftovers\n|upkeep\n|turn|4\n|\n|t:|1781451699\n|switch|p2a: Dachsbun|Dachsbun, L92, F|254/254\n|move|p1a: Mismagius|Shadow Ball|p2a: Dachsbun\n|-damage|p2a: Dachsbun|157/254\n|\n|-heal|p1a: Mismagius|32/243|[from] item: Leftovers\n|-heal|p2a: Dachsbun|172/254|[from] item: Leftovers\n|upkeep\n|turn|5\n|\n|t:|1781451716\n|switch|p1a: Glimmora|Glimmora, L75, F|248/248\n|move|p2a: Dachsbun|Play Rough|p1a: Glimmora\n|-resisted|p1a: Glimmora\n|-damage|p1a: Glimmora|193/248\n|-activate|p1a: Glimmora|ability: Toxic Debris\n|-sidestart|p2: ZannaBianca99|move: Toxic Spikes\n|\n|-heal|p2a: Dachsbun|187/254|[from] item: Leftovers\n|-fieldend|move: Electric Terrain\n|upkeep\n|turn|6\n|\n|t:|1781451730\n|switch|p2a: Terrakion|Terrakion, L79|38/273\n|-status|p2a: Terrakion|psn\n|move|p1a: Glimmora|Meteor Beam||[still]\n|-prepare|p1a: Glimmora|Meteor Beam\n|-boost|p1a: Glimmora|spa|1\n|-enditem|p1a: Glimmora|Power Herb\n|-anim|p1a: Glimmora|Meteor Beam|p2a: Terrakion\n|-resisted|p2a: Terrakion\n|-damage|p2a: Terrakion|0 fnt\n|faint|p2a: Terrakion\n|\n|upkeep\n|\n|t:|1781451740\n|switch|p2a: Flamigo|Flamigo, L82, F|269/269\n|turn|7\n|\n|t:|1781451745\n|move|p2a: Flamigo|Close Combat|p1a: Glimmora\n|-damage|p1a: Glimmora|51/248\n|-unboost|p2a: Flamigo|def|1\n|-unboost|p2a: Flamigo|spd|1\n|-activate|p1a: Glimmora|ability: Toxic Debris\n|-sidestart|p2: ZannaBianca99|move: Toxic Spikes\n|move|p1a: Glimmora|Sludge Wave|p2a: Flamigo\n|-damage|p2a: Flamigo|0 fnt\n|faint|p2a: Flamigo\n|\n|upkeep\n|-message|ZannaBianca99 forfeited.\n|\n|win|malpicatepica\n", "inputlog": ">version a8376a258c1d4662feba110a92103f3664a72141\n>start {\"formatid\":\"gen9randombattle\",\"seed\":\"sodium,8231f73684caacb4fb3ec9d205fe792e\",\"rated\":\"Rated battle\"}\n>player p1 {\"name\":\"malpicatepica\",\"avatar\":\"266\",\"rating\":1993,\"seed\":\"sodium,1459e7fa73ecad07b7ce1e53d5ed2d8e\"}\n>player p2 {\"name\":\"ZannaBianca99\",\"avatar\":\"102\",\"rating\":2061,\"seed\":\"sodium,9ed5814d0175e33d610aeb76de0dc7f0\"}\n>p1 switch 4\n>p2 move earthquake\n>p1 move knockoff\n>p2 switch 3\n>p1 switch 3\n>p2 move stoneedge\n>p1 move shadowball\n>p2 switch 6\n>p1 switch 6\n>p2 move playrough\n>p1 move meteorbeam\n>p2 switch 6\n>p2 switch 2\n>p1 move sludgewave\n>p2 move closecombat\n>forcelose p2", "uploadtime": 1781451644, "views": 8, "formatid": "gen9randombattle", "rating": null, "private": 0, "password": null}