{"id": "gen9randombattle-2631521760", "format": "[Gen 9] Random Battle", "players": ["Rheny", "DaMoistAvocado"], "log": "|j|\u2606Rheny\n|j|\u2606DaMoistAvocado\n|t:|1781396058\n|gametype|singles\n|player|p1|Rheny|miku-ghost|1962\n|player|p2|DaMoistAvocado|steven|1925\n|gen|9\n|tier|[Gen 9] Random Battle\n|rated|\n|rule|Species Clause: Limit one of each Pok\u00e9mon\n|rule|HP Percentage Mod: HP is shown in percentages\n|rule|Sleep Clause Mod: Limit one foe put to sleep\n|rule|Illusion Level Mod: Illusion disguises the Pok\u00e9mon's true level\n|\n|t:|1781396058\n|teamsize|p1|6\n|teamsize|p2|6\n|start\n|switch|p1a: Hypno|Hypno, L95, M|315/315\n|switch|p2a: Coalossal|Coalossal, L89, M|341/341\n|turn|1\n|\n|t:|1781396074\n|switch|p2a: Scyther|Scyther, L82, M|249/249\n|move|p1a: Hypno|Toxic|p2a: Scyther\n|-status|p2a: Scyther|tox\n|\n|-damage|p2a: Scyther|234/249 tox|[from] psn\n|upkeep\n|turn|2\n|\n|t:|1781396085\n|switch|p1a: Rhyperior|Rhyperior, L82, M|323/323\n|move|p2a: Scyther|Swords Dance|p2a: Scyther\n|-boost|p2a: Scyther|atk|2\n|\n|-damage|p2a: Scyther|204/249 tox|[from] psn\n|upkeep\n|turn|3\n|\n|t:|1781396092\n|move|p2a: Scyther|Close Combat|p1a: Rhyperior\n|-supereffective|p1a: Rhyperior\n|-damage|p1a: Rhyperior|106/323\n|-unboost|p2a: Scyther|def|1\n|-unboost|p2a: Scyther|spd|1\n|-enditem|p1a: Rhyperior|Weakness Policy\n|-boost|p1a: Rhyperior|atk|2|[from] item: Weakness Policy\n|-boost|p1a: Rhyperior|spa|2|[from] item: Weakness Policy\n|move|p1a: Rhyperior|Rock Polish|p1a: Rhyperior\n|-boost|p1a: Rhyperior|spe|2\n|\n|-damage|p2a: Scyther|159/249 tox|[from] psn\n|upkeep\n|turn|4\n|\n|t:|1781396099\n|move|p1a: Rhyperior|Stone Edge|p2a: Scyther\n|-supereffective|p2a: Scyther\n|-damage|p2a: Scyther|0 fnt\n|faint|p2a: Scyther\n|\n|upkeep\n|\n|t:|1781396103\n|switch|p2a: Darkrai|Darkrai, L77|234/234\n|turn|5\n|\n|t:|1781396106\n|move|p2a: Darkrai|Dark Pulse|p1a: Rhyperior\n|-damage|p1a: Rhyperior|0 fnt\n|faint|p1a: Rhyperior\n|-damage|p2a: Darkrai|211/234|[from] item: Life Orb\n|\n|upkeep\n|\n|t:|1781396116\n|switch|p1a: Zangoose|Zangoose, L85, F|263/263\n|turn|6\n|\n|t:|1781396126\n|move|p2a: Darkrai|Focus Blast|p1a: Zangoose|[miss]\n|-miss|p2a: Darkrai|p1a: Zangoose\n|move|p1a: Zangoose|Facade|p2a: Darkrai\n|-damage|p2a: Darkrai|121/234\n|\n|-status|p1a: Zangoose|tox|[from] item: Toxic Orb\n|upkeep\n|turn|7\n|\n|t:|1781396132\n|move|p1a: Zangoose|Quick Attack|p2a: Darkrai\n|-damage|p2a: Darkrai|43/234\n|move|p2a: Darkrai|Focus Blast|p1a: Zangoose\n|-supereffective|p1a: Zangoose\n|-damage|p1a: Zangoose|0 fnt\n|faint|p1a: Zangoose\n|-damage|p2a: Darkrai|20/234|[from] item: Life Orb\n|\n|upkeep\n|\n|t:|1781396138\n|switch|p1a: Darkrai|Darkrai, L77|234/234\n|turn|8\n|\n|t:|1781396142\n|move|p1a: Darkrai|Sludge Bomb|p2a: Darkrai\n|-damage|p2a: Darkrai|0 fnt\n|faint|p2a: Darkrai\n|-damage|p1a: Darkrai|211/234|[from] item: Life Orb\n|\n|upkeep\n|\n|t:|1781396148\n|switch|p2a: Vigoroth|Vigoroth, L85, F|275/275\n|turn|9\n|\n|t:|1781396153\n|move|p1a: Darkrai|Focus Blast|p2a: Vigoroth|[miss]\n|-miss|p1a: Darkrai|p2a: Vigoroth\n|move|p2a: Vigoroth|Body Slam|p1a: Darkrai\n|-damage|p1a: Darkrai|121/234\n|\n|upkeep\n|turn|10\n|\n|t:|1781396164\n|switch|p2a: Annihilape|Annihilape, L76, M|292/292\n|move|p1a: Darkrai|Focus Blast|p2a: Annihilape\n|-immune|p2a: Annihilape\n|\n|upkeep\n|turn|11\n|\n|t:|1781396172\n|move|p1a: Darkrai|Dark Pulse|p2a: Annihilape\n|-damage|p2a: Annihilape|158/292\n|-damage|p1a: Darkrai|98/234|[from] item: Life Orb\n|move|p2a: Annihilape|Drain Punch|p1a: Darkrai\n|-supereffective|p1a: Darkrai\n|-damage|p1a: Darkrai|0 fnt\n|-heal|p2a: Annihilape|207/292|[from] drain|[of] p1a: Darkrai\n|faint|p1a: Darkrai\n|\n|upkeep\n|\n|t:|1781396175\n|switch|p1a: Arceus|Arceus-Fairy, L69|280/280\n|turn|12\n|\n|t:|1781396182\n|-terastallize|p2a: Annihilape|Ghost\n|move|p1a: Arceus|Judgment|p2a: Annihilape\n|-damage|p2a: Annihilape|105/292\n|move|p2a: Annihilape|Rage Fist|p1a: Arceus\n|-damage|p1a: Arceus|92/280\n|\n|upkeep\n|turn|13\n|\n|t:|1781396188\n|move|p1a: Arceus|Judgment|p2a: Annihilape\n|-damage|p2a: Annihilape|0 fnt\n|faint|p2a: Annihilape\n|\n|upkeep\n|\n|t:|1781396197\n|switch|p2a: Vigoroth|Vigoroth, L85, F|275/275\n|turn|14\n|\n|t:|1781396210\n|switch|p1a: Bellossom|Bellossom, L84, M|263/263\n|move|p2a: Vigoroth|Body Slam|p1a: Bellossom\n|-damage|p1a: Bellossom|185/263\n|\n|-heal|p1a: Bellossom|201/263|[from] item: Leftovers\n|upkeep\n|turn|15\n|\n|t:|1781396229\n|switch|p2a: Coalossal|Coalossal, L89, M|341/341\n|move|p1a: Bellossom|Quiver Dance|p1a: Bellossom\n|-boost|p1a: Bellossom|spa|1\n|-boost|p1a: Bellossom|spd|1\n|-boost|p1a: Bellossom|spe|1\n|\n|-heal|p1a: Bellossom|217/263|[from] item: Leftovers\n|upkeep\n|turn|16\n|\n|t:|1781396235\n|-terastallize|p1a: Bellossom|Fire\n|move|p1a: Bellossom|Quiver Dance|p1a: Bellossom\n|-boost|p1a: Bellossom|spa|1\n|-boost|p1a: Bellossom|spd|1\n|-boost|p1a: Bellossom|spe|1\n|move|p2a: Coalossal|Flamethrower|p1a: Bellossom\n|-resisted|p1a: Bellossom\n|-damage|p1a: Bellossom|196/263\n|\n|-heal|p1a: Bellossom|212/263|[from] item: Leftovers\n|upkeep\n|turn|17\n|\n|t:|1781396239\n|move|p1a: Bellossom|Quiver Dance|p1a: Bellossom\n|-boost|p1a: Bellossom|spa|1\n|-boost|p1a: Bellossom|spd|1\n|-boost|p1a: Bellossom|spe|1\n|move|p2a: Coalossal|Stone Edge|p1a: Bellossom\n|-supereffective|p1a: Bellossom\n|-damage|p1a: Bellossom|14/263\n|\n|-heal|p1a: Bellossom|30/263|[from] item: Leftovers\n|upkeep\n|turn|18\n|\n|t:|1781396247\n|move|p1a: Bellossom|Strength Sap|p2a: Coalossal\n|-unboost|p2a: Coalossal|atk|1\n|-heal|p1a: Bellossom|223/263\n|move|p2a: Coalossal|Stone Edge|p1a: Bellossom|[miss]\n|-miss|p2a: Coalossal|p1a: Bellossom\n|\n|-heal|p1a: Bellossom|239/263|[from] item: Leftovers\n|upkeep\n|turn|19\n|\n|t:|1781396254\n|move|p1a: Bellossom|Giga Drain|p2a: Coalossal\n|-damage|p2a: Coalossal|166/341\n|-heal|p1a: Bellossom|263/263|[from] drain|[of] p2a: Coalossal\n|move|p2a: Coalossal|Stone Edge|p1a: Bellossom\n|-supereffective|p1a: Bellossom\n|-damage|p1a: Bellossom|143/263\n|\n|-heal|p1a: Bellossom|159/263|[from] item: Leftovers\n|upkeep\n|turn|20\n|\n|t:|1781396260\n|move|p1a: Bellossom|Giga Drain|p2a: Coalossal\n|-damage|p2a: Coalossal|0 fnt\n|-heal|p1a: Bellossom|242/263|[from] drain|[of] p2a: Coalossal\n|faint|p2a: Coalossal\n|\n|-heal|p1a: Bellossom|258/263|[from] item: Leftovers\n|upkeep\n|\n|t:|1781396262\n|switch|p2a: Vigoroth|Vigoroth, L85, F|275/275\n|turn|21\n|\n|t:|1781396269\n|move|p1a: Bellossom|Giga Drain|p2a: Vigoroth\n|-damage|p2a: Vigoroth|104/275\n|-heal|p1a: Bellossom|263/263|[from] drain|[of] p2a: Vigoroth\n|move|p2a: Vigoroth|Body Slam|p1a: Bellossom\n|-damage|p1a: Bellossom|181/263\n|-status|p1a: Bellossom|par\n|\n|-heal|p1a: Bellossom|197/263 par|[from] item: Leftovers\n|upkeep\n|turn|22\n|\n|t:|1781396274\n|move|p2a: Vigoroth|Slack Off|p2a: Vigoroth\n|-heal|p2a: Vigoroth|242/275\n|move|p1a: Bellossom|Giga Drain|p2a: Vigoroth\n|-damage|p2a: Vigoroth|85/275\n|-heal|p1a: Bellossom|263/263 par|[from] drain|[of] p2a: Vigoroth\n|\n|upkeep\n|turn|23\n|\n|t:|1781396281\n|move|p2a: Vigoroth|Slack Off|p2a: Vigoroth\n|-heal|p2a: Vigoroth|223/275\n|move|p1a: Bellossom|Giga Drain|p2a: Vigoroth\n|-crit|p2a: Vigoroth\n|-damage|p2a: Vigoroth|0 fnt\n|faint|p2a: Vigoroth\n|\n|upkeep\n|\n|t:|1781396284\n|switch|p2a: Lugia|Lugia, L73|275/275\n|turn|24\n|\n|t:|1781396291\n|move|p2a: Lugia|Calm Mind|p2a: Lugia\n|-boost|p2a: Lugia|spa|1\n|-boost|p2a: Lugia|spd|1\n|move|p1a: Bellossom|Quiver Dance|p1a: Bellossom\n|-boost|p1a: Bellossom|spa|1\n|-boost|p1a: Bellossom|spd|1\n|-boost|p1a: Bellossom|spe|1\n|\n|upkeep\n|turn|25\n|\n|t:|1781396295\n|move|p2a: Lugia|Calm Mind|p2a: Lugia\n|-boost|p2a: Lugia|spa|1\n|-boost|p2a: Lugia|spd|1\n|move|p1a: Bellossom|Tera Blast|p2a: Lugia|[anim] Tera Blast Fire\n|-damage|p2a: Lugia|232/275\n|\n|upkeep\n|turn|26\n|\n|t:|1781396300\n|switch|p1a: Hypno|Hypno, L95, M|315/315\n|move|p2a: Lugia|Calm Mind|p2a: Lugia\n|-boost|p2a: Lugia|spa|1\n|-boost|p2a: Lugia|spd|1\n|\n|upkeep\n|turn|27\n|\n|t:|1781396304\n|move|p2a: Lugia|Aeroblast|p1a: Hypno\n|-damage|p1a: Hypno|174/315\n|move|p1a: Hypno|Toxic|p2a: Lugia\n|-status|p2a: Lugia|tox\n|\n|-heal|p1a: Hypno|193/315|[from] item: Leftovers\n|-damage|p2a: Lugia|215/275 tox|[from] psn\n|upkeep\n|turn|28\n|\n|t:|1781396311\n|move|p2a: Lugia|Aeroblast|p1a: Hypno\n|-damage|p1a: Hypno|48/315\n|move|p1a: Hypno|Psychic Noise|p2a: Lugia\n|-resisted|p2a: Lugia\n|-damage|p2a: Lugia|203/275 tox\n|-start|p2a: Lugia|move: Heal Block\n|\n|-heal|p1a: Hypno|67/315|[from] item: Leftovers\n|-damage|p2a: Lugia|169/275 tox|[from] psn\n|upkeep\n|turn|29\n|\n|t:|1781396315\n|move|p1a: Hypno|Protect|p1a: Hypno\n|-singleturn|p1a: Hypno|Protect\n|move|p2a: Lugia|Aeroblast|p1a: Hypno\n|-activate|p1a: Hypno|move: Protect\n|\n|-heal|p1a: Hypno|86/315|[from] item: Leftovers\n|-damage|p2a: Lugia|118/275 tox|[from] psn\n|-end|p2a: Lugia|move: Heal Block\n|upkeep\n|turn|30\n|\n|t:|1781396323\n|switch|p1a: Bellossom|Bellossom, L84, M, tera:Fire|263/263 par\n|move|p2a: Lugia|Aeroblast|p1a: Bellossom\n|-crit|p1a: Bellossom\n|-damage|p1a: Bellossom|0 fnt\n|faint|p1a: Bellossom\n|\n|-damage|p2a: Lugia|50/275 tox|[from] psn\n|upkeep\n|\n|t:|1781396326\n|switch|p1a: Arceus|Arceus-Fairy, L69|92/280\n|turn|31\n|\n|t:|1781396330\n|move|p1a: Arceus|Recover|p1a: Arceus\n|-heal|p1a: Arceus|232/280\n|move|p2a: Lugia|Recover|p2a: Lugia\n|-heal|p2a: Lugia|188/275 tox\n|\n|-damage|p2a: Lugia|103/275 tox|[from] psn\n|upkeep\n|turn|32\n|\n|t:|1781396337\n|move|p1a: Arceus|Judgment|p2a: Lugia\n|-damage|p2a: Lugia|69/275 tox\n|move|p2a: Lugia|Recover|p2a: Lugia\n|-heal|p2a: Lugia|207/275 tox\n|\n|-damage|p2a: Lugia|105/275 tox|[from] psn\n|upkeep\n|turn|33\n|inactive|Battle timer is ON: inactive players will automatically lose when time's up. (requested by DaMoistAvocado)\n|\n|t:|1781396342\n|move|p1a: Arceus|Judgment|p2a: Lugia\n|-damage|p2a: Lugia|75/275 tox\n|move|p2a: Lugia|Aeroblast|p1a: Arceus\n|-damage|p1a: Arceus|43/280\n|\n|-damage|p2a: Lugia|0 fnt|[from] psn\n|faint|p2a: Lugia\n|\n|win|Rheny\n", "inputlog": ">version a8376a258c1d4662feba110a92103f3664a72141\n>start {\"formatid\":\"gen9randombattle\",\"seed\":\"sodium,14b2a7f9623d086c4ff30b0365f89830\",\"rated\":\"Rated battle\"}\n>player p1 {\"name\":\"Rheny\",\"avatar\":\"miku-ghost\",\"rating\":1962,\"seed\":\"sodium,530b044b51521260b73dbac0c645723c\"}\n>player p2 {\"name\":\"DaMoistAvocado\",\"avatar\":\"steven\",\"rating\":1925,\"seed\":\"sodium,aaf2af26fa85ff554cf1ae1d249f8a70\"}\n>p1 move toxic\n>p2 switch 4\n>p1 switch 6\n>p2 move swordsdance\n>p1 move rockpolish\n>p2 move closecombat\n>p1 move stoneedge\n>p2 move closecombat\n>p2 switch 5\n>p1 move megahorn\n>p2 move darkpulse\n>p1 switch 3\n>p1 move facade\n>p2 move focusblast\n>p1 move quickattack\n>p2 move focusblast\n>p1 switch 4\n>p1 move sludgebomb\n>p2 move focusblast\n>p2 switch 2\n>p1 move focusblast\n>p2 move bodyslam\n>p1 move focusblast\n>p2 switch 6\n>p1 move darkpulse\n>p2 move drainpunch\n>p1 switch 5\n>p1 move judgment\n>p2 move ragefist terastallize\n>p1 move judgment\n>p2 move rest\n>p2 switch 6\n>p1 switch 2\n>p2 move bodyslam\n>p1 move quiverdance\n>p2 switch 4\n>p1 move quiverdance terastallize\n>p2 move flamethrower\n>p1 move quiverdance\n>p2 move stoneedge\n>p1 move strengthsap\n>p2 move stoneedge\n>p1 move gigadrain\n>p2 move stoneedge\n>p1 move gigadrain\n>p2 move stoneedge\n>p2 switch 4\n>p1 move gigadrain\n>p2 move bodyslam\n>p1 move gigadrain\n>p2 move slackoff\n>p1 move gigadrain\n>p2 move slackoff\n>p2 switch 3\n>p1 move quiverdance\n>p2 move calmmind\n>p1 move terablast\n>p2 move calmmind\n>p1 switch 6\n>p2 move calmmind\n>p1 move toxic\n>p2 move aeroblast\n>p1 move psychicnoise\n>p2 move aeroblast\n>p1 move protect\n>p2 move aeroblast\n>p1 switch 6\n>p2 move aeroblast\n>p1 switch 2\n>p1 move recover\n>p2 move recover\n>p1 move judgment\n>p2 move recover\n>p1 move judgment\n>p2 move aeroblast", "uploadtime": 1781396059, "views": 4, "formatid": "gen9randombattle", "rating": null, "private": 0, "password": null}