{"id": "gen9randombattle-2631743178", "format": "[Gen 9] Random Battle", "players": ["HeartofElixir", "iacidicowl"], "log": "|j|\u2606HeartofElixir\n|j|\u2606iacidicowl\n|t:|1781432362\n|gametype|singles\n|player|p1|HeartofElixir|steven|2204\n|player|p2|iacidicowl|dahlia|2209\n|gen|9\n|tier|[Gen 9] Random Battle\n|rated|\n|rule|Species Clause: Limit one of each Pok\u00e9mon\n|rule|HP Percentage Mod: HP is shown in percentages\n|rule|Sleep Clause Mod: Limit one foe put to sleep\n|rule|Illusion Level Mod: Illusion disguises the Pok\u00e9mon's true level\n|\n|t:|1781432362\n|teamsize|p1|6\n|teamsize|p2|6\n|start\n|switch|p1a: Cresselia|Cresselia, L80, F|323/323\n|switch|p2a: Carbink|Carbink, L90|236/236\n|turn|1\n|\n|t:|1781432383\n|switch|p2a: Deoxys|Deoxys, L74|196/196\n|-ability|p2a: Deoxys|Pressure\n|move|p1a: Cresselia|Calm Mind|p1a: Cresselia\n|-boost|p1a: Cresselia|spa|1\n|-boost|p1a: Cresselia|spd|1\n|\n|upkeep\n|turn|2\n|\n|t:|1781432389\n|move|p2a: Deoxys|Knock Off|p1a: Cresselia\n|-supereffective|p1a: Cresselia\n|-damage|p1a: Cresselia|162/323\n|-enditem|p1a: Cresselia|Leftovers|[from] move: Knock Off|[of] p2a: Deoxys\n|-damage|p2a: Deoxys|177/196|[from] item: Life Orb\n|move|p1a: Cresselia|Moonlight|p1a: Cresselia\n|-heal|p1a: Cresselia|323/323\n|\n|upkeep\n|turn|3\n|\n|t:|1781432400\n|move|p2a: Deoxys|Knock Off|p1a: Cresselia\n|-supereffective|p1a: Cresselia\n|-damage|p1a: Cresselia|196/323\n|-damage|p2a: Deoxys|158/196|[from] item: Life Orb\n|move|p1a: Cresselia|Calm Mind|p1a: Cresselia\n|-boost|p1a: Cresselia|spa|1\n|-boost|p1a: Cresselia|spd|1\n|\n|upkeep\n|turn|4\n|\n|t:|1781432403\n|move|p2a: Deoxys|Knock Off|p1a: Cresselia\n|-supereffective|p1a: Cresselia\n|-damage|p1a: Cresselia|76/323\n|-damage|p2a: Deoxys|139/196|[from] item: Life Orb\n|move|p1a: Cresselia|Moonlight|p1a: Cresselia\n|-heal|p1a: Cresselia|237/323\n|\n|upkeep\n|turn|5\n|\n|t:|1781432406\n|move|p2a: Deoxys|Knock Off|p1a: Cresselia\n|-supereffective|p1a: Cresselia\n|-damage|p1a: Cresselia|107/323\n|-damage|p2a: Deoxys|120/196|[from] item: Life Orb\n|move|p1a: Cresselia|Moonlight|p1a: Cresselia\n|-heal|p1a: Cresselia|268/323\n|\n|upkeep\n|turn|6\n|\n|t:|1781432409\n|move|p2a: Deoxys|Knock Off|p1a: Cresselia\n|-supereffective|p1a: Cresselia\n|-damage|p1a: Cresselia|156/323\n|-damage|p2a: Deoxys|101/196|[from] item: Life Orb\n|move|p1a: Cresselia|Moonblast|p2a: Deoxys\n|-crit|p2a: Deoxys\n|-damage|p2a: Deoxys|0 fnt\n|faint|p2a: Deoxys\n|\n|upkeep\n|\n|t:|1781432413\n|switch|p2a: Braviary|Braviary, L85, M|309/309\n|turn|7\n|\n|t:|1781432417\n|move|p2a: Braviary|Brave Bird|p1a: Cresselia\n|-damage|p1a: Cresselia|23/323\n|-damage|p2a: Braviary|265/309|[from] Recoil\n|move|p1a: Cresselia|Moonlight|p1a: Cresselia\n|-heal|p1a: Cresselia|184/323\n|\n|upkeep\n|turn|8\n|\n|t:|1781432422\n|move|p2a: Braviary|Bulk Up|p2a: Braviary\n|-boost|p2a: Braviary|atk|1\n|-boost|p2a: Braviary|def|1\n|move|p1a: Cresselia|Moonlight|p1a: Cresselia\n|-heal|p1a: Cresselia|323/323\n|\n|upkeep\n|turn|9\n|\n|t:|1781432426\n|switch|p1a: Raikou|Raikou, L81|278/278\n|-ability|p1a: Raikou|Pressure\n|move|p2a: Braviary|Brave Bird|p1a: Raikou\n|-resisted|p1a: Raikou\n|-damage|p1a: Raikou|130/278\n|-damage|p2a: Braviary|216/309|[from] Recoil\n|\n|upkeep\n|turn|10\n|\n|t:|1781432432\n|switch|p2a: Lilligant|Lilligant, L86, F|261/261\n|move|p1a: Raikou|Volt Switch|p2a: Lilligant\n|-resisted|p2a: Lilligant\n|-damage|p2a: Lilligant|201/261\n|\n|t:|1781432441\n|switch|p1a: Corviknight|Corviknight, L80, F|288/288|[from] Volt Switch\n|-ability|p1a: Corviknight|Pressure\n|\n|upkeep\n|turn|11\n|\n|t:|1781432448\n|move|p2a: Lilligant|Sleep Powder|p1a: Corviknight|[miss]\n|-miss|p2a: Lilligant|p1a: Corviknight\n|move|p1a: Corviknight|Brave Bird|p2a: Lilligant\n|-supereffective|p2a: Lilligant\n|-damage|p2a: Lilligant|0 fnt\n|faint|p2a: Lilligant\n|-damage|p1a: Corviknight|222/288|[from] Recoil\n|\n|-heal|p1a: Corviknight|240/288|[from] item: Leftovers\n|upkeep\n|\n|t:|1781432458\n|switch|p2a: Carbink|Carbink, L90|236/236\n|turn|12\n|\n|t:|1781432463\n|switch|p1a: Raikou|Raikou, L81|130/278\n|-ability|p1a: Raikou|Pressure\n|move|p2a: Carbink|Iron Defense|p2a: Carbink\n|-boost|p2a: Carbink|def|2\n|\n|upkeep\n|turn|13\n|\n|t:|1781432466\n|move|p1a: Raikou|Scald|p2a: Carbink\n|-supereffective|p2a: Carbink\n|-crit|p2a: Carbink\n|-damage|p2a: Carbink|78/236\n|-status|p2a: Carbink|brn\n|move|p2a: Carbink|Body Press|p1a: Raikou\n|-damage|p1a: Raikou|25/278\n|\n|-damage|p2a: Carbink|64/236 brn|[from] brn\n|upkeep\n|turn|14\n|\n|t:|1781432471\n|switch|p2a: Tatsugiri|Tatsugiri, L87, M|260/260\n|move|p1a: Raikou|Scald|p2a: Tatsugiri\n|-ability|p2a: Tatsugiri|Storm Drain|boost\n|-boost|p2a: Tatsugiri|spa|1\n|\n|upkeep\n|turn|15\n|\n|t:|1781432481\n|switch|p1a: Corviknight|Corviknight, L80, F|240/288\n|-ability|p1a: Corviknight|Pressure\n|move|p2a: Tatsugiri|Rapid Spin|p1a: Corviknight\n|-resisted|p1a: Corviknight\n|-damage|p1a: Corviknight|229/288\n|-boost|p2a: Tatsugiri|spe|1\n|\n|-heal|p1a: Corviknight|247/288|[from] item: Leftovers\n|upkeep\n|turn|16\n|\n|t:|1781432487\n|move|p2a: Tatsugiri|Nasty Plot|p2a: Tatsugiri\n|-boost|p2a: Tatsugiri|spa|2\n|move|p1a: Corviknight|Brave Bird|p2a: Tatsugiri\n|-damage|p2a: Tatsugiri|113/260\n|-damage|p1a: Corviknight|198/288|[from] Recoil\n|\n|-heal|p1a: Corviknight|216/288|[from] item: Leftovers\n|upkeep\n|turn|17\n|\n|t:|1781432493\n|move|p2a: Tatsugiri|Surf|p1a: Corviknight\n|-damage|p1a: Corviknight|0 fnt\n|faint|p1a: Corviknight\n|\n|upkeep\n|\n|t:|1781432499\n|switch|p1a: Cresselia|Cresselia, L80, F|323/323\n|turn|18\n|\n|t:|1781432507\n|-terastallize|p2a: Tatsugiri|Water\n|move|p2a: Tatsugiri|Surf|p1a: Cresselia\n|-damage|p1a: Cresselia|3/323\n|move|p1a: Cresselia|Moonblast|p2a: Tatsugiri\n|-damage|p2a: Tatsugiri|68/260\n|\n|upkeep\n|turn|19\n|\n|t:|1781432516\n|move|p2a: Tatsugiri|Rapid Spin|p1a: Cresselia\n|-damage|p1a: Cresselia|0 fnt\n|-boost|p2a: Tatsugiri|spe|1\n|faint|p1a: Cresselia\n|\n|upkeep\n|\n|t:|1781432526\n|switch|p1a: Magmortar|Magmortar, L88, F|275/275\n|turn|20\n|\n|t:|1781432533\n|-terastallize|p1a: Magmortar|Water\n|move|p2a: Tatsugiri|Draco Meteor|p1a: Magmortar\n|-damage|p1a: Magmortar|0 fnt\n|-unboost|p2a: Tatsugiri|spa|2\n|faint|p1a: Magmortar\n|\n|upkeep\n|\n|t:|1781432535\n|switch|p1a: Spidops|Spidops, L96, M|271/271\n|turn|21\n|\n|t:|1781432541\n|move|p2a: Tatsugiri|Surf|p1a: Spidops\n|-damage|p1a: Spidops|73/271\n|move|p1a: Spidops|U-turn|p2a: Tatsugiri\n|-damage|p2a: Tatsugiri|0 fnt\n|faint|p2a: Tatsugiri\n|\n|t:|1781432549\n|switch|p1a: Raikou|Raikou, L81|25/278|[from] U-turn\n|-ability|p1a: Raikou|Pressure\n|\n|upkeep\n|\n|t:|1781432553\n|switch|p2a: Cresselia|Cresselia, L80, F|323/323\n|turn|22\n|\n|t:|1781432559\n|move|p1a: Raikou|Volt Switch|p2a: Cresselia\n|-damage|p2a: Cresselia|230/323\n|\n|t:|1781432564\n|switch|p1a: Hippowdon|Hippowdon, L82, M|311/311|[from] Volt Switch\n|-weather|Sandstorm|[from] ability: Sand Stream|[of] p1a: Hippowdon\n|move|p2a: Cresselia|Psyshock|p1a: Hippowdon\n|-damage|p1a: Hippowdon|259/311\n|\n|-weather|Sandstorm|[upkeep]\n|-damage|p2a: Cresselia|210/323|[from] Sandstorm\n|-heal|p2a: Cresselia|230/323|[from] item: Leftovers\n|-heal|p1a: Hippowdon|278/311|[from] item: Leftovers\n|upkeep\n|turn|23\n|\n|t:|1781432574\n|switch|p2a: Carbink|Carbink, L90|64/236 brn\n|move|p1a: Hippowdon|Curse|p1a: Hippowdon\n|-unboost|p1a: Hippowdon|spe|1\n|-boost|p1a: Hippowdon|atk|1\n|-boost|p1a: Hippowdon|def|1\n|\n|-weather|Sandstorm|[upkeep]\n|-heal|p1a: Hippowdon|297/311|[from] item: Leftovers\n|-damage|p2a: Carbink|50/236 brn|[from] brn\n|upkeep\n|turn|24\n|\n|t:|1781432583\n|move|p2a: Carbink|Rest|p2a: Carbink\n|-status|p2a: Carbink|slp|[from] move: Rest\n|-heal|p2a: Carbink|236/236 slp|[silent]\n|-enditem|p2a: Carbink|Chesto Berry|[eat]\n|-curestatus|p2a: Carbink|slp|[msg]\n|move|p1a: Hippowdon|Earthquake|p2a: Carbink\n|-supereffective|p2a: Carbink\n|-damage|p2a: Carbink|30/236\n|\n|-weather|Sandstorm|[upkeep]\n|-heal|p1a: Hippowdon|311/311|[from] item: Leftovers\n|upkeep\n|turn|25\n|\n|t:|1781432589\n|move|p2a: Carbink|Iron Defense|p2a: Carbink\n|-boost|p2a: Carbink|def|2\n|move|p1a: Hippowdon|Earthquake|p2a: Carbink\n|-supereffective|p2a: Carbink\n|-damage|p2a: Carbink|0 fnt\n|faint|p2a: Carbink\n|\n|-weather|Sandstorm|[upkeep]\n|upkeep\n|\n|t:|1781432593\n|switch|p2a: Braviary|Braviary, L85, M|216/309\n|turn|26\n|\n|t:|1781432596\n|move|p2a: Braviary|Bulk Up|p2a: Braviary\n|-boost|p2a: Braviary|atk|1\n|-boost|p2a: Braviary|def|1\n|move|p1a: Hippowdon|Stone Edge|p2a: Braviary\n|-supereffective|p2a: Braviary\n|-damage|p2a: Braviary|40/309\n|\n|-weather|none\n|upkeep\n|turn|27\n|\n|t:|1781432599\n|move|p2a: Braviary|Roost|p2a: Braviary\n|-heal|p2a: Braviary|195/309\n|-singleturn|p2a: Braviary|move: Roost\n|move|p1a: Hippowdon|Curse|p1a: Hippowdon\n|-unboost|p1a: Hippowdon|spe|1\n|-boost|p1a: Hippowdon|atk|1\n|-boost|p1a: Hippowdon|def|1\n|\n|upkeep\n|turn|28\n|\n|t:|1781432603\n|move|p2a: Braviary|Bulk Up|p2a: Braviary\n|-boost|p2a: Braviary|atk|1\n|-boost|p2a: Braviary|def|1\n|move|p1a: Hippowdon|Curse|p1a: Hippowdon\n|-unboost|p1a: Hippowdon|spe|1\n|-boost|p1a: Hippowdon|atk|1\n|-boost|p1a: Hippowdon|def|1\n|\n|upkeep\n|turn|29\n|\n|t:|1781432607\n|move|p2a: Braviary|Bulk Up|p2a: Braviary\n|-boost|p2a: Braviary|atk|1\n|-boost|p2a: Braviary|def|1\n|move|p1a: Hippowdon|Curse|p1a: Hippowdon\n|-unboost|p1a: Hippowdon|spe|1\n|-boost|p1a: Hippowdon|atk|1\n|-boost|p1a: Hippowdon|def|1\n|\n|upkeep\n|turn|30\n|\n|t:|1781432613\n|move|p2a: Braviary|Bulk Up|p2a: Braviary\n|-boost|p2a: Braviary|atk|1\n|-boost|p2a: Braviary|def|1\n|move|p1a: Hippowdon|Curse|p1a: Hippowdon\n|-unboost|p1a: Hippowdon|spe|1\n|-boost|p1a: Hippowdon|atk|1\n|-boost|p1a: Hippowdon|def|1\n|\n|upkeep\n|turn|31\n|\n|t:|1781432616\n|move|p2a: Braviary|Bulk Up|p2a: Braviary\n|-boost|p2a: Braviary|atk|1\n|-boost|p2a: Braviary|def|1\n|move|p1a: Hippowdon|Curse|p1a: Hippowdon\n|-unboost|p1a: Hippowdon|spe|1\n|-boost|p1a: Hippowdon|atk|1\n|-boost|p1a: Hippowdon|def|1\n|\n|upkeep\n|turn|32\n|\n|t:|1781432619\n|move|p2a: Braviary|Roost|p2a: Braviary\n|-heal|p2a: Braviary|309/309\n|-singleturn|p2a: Braviary|move: Roost\n|move|p1a: Hippowdon|Stone Edge|p2a: Braviary\n|-damage|p2a: Braviary|221/309\n|\n|upkeep\n|turn|33\n|\n|t:|1781432626\n|move|p2a: Braviary|Roost|p2a: Braviary\n|-heal|p2a: Braviary|309/309\n|-singleturn|p2a: Braviary|move: Roost\n|move|p1a: Hippowdon|Earthquake|p2a: Braviary\n|-damage|p2a: Braviary|176/309\n|\n|upkeep\n|turn|34\n|\n|t:|1781432633\n|move|p2a: Braviary|Roost|p2a: Braviary\n|-heal|p2a: Braviary|309/309\n|-singleturn|p2a: Braviary|move: Roost\n|move|p1a: Hippowdon|Stone Edge|p2a: Braviary\n|-damage|p2a: Braviary|218/309\n|\n|upkeep\n|turn|35\n|\n|t:|1781432641\n|move|p2a: Braviary|Bulk Up|p2a: Braviary\n|-boost|p2a: Braviary|atk|1\n|-boost|p2a: Braviary|def|1\n|move|p1a: Hippowdon|Earthquake|p2a: Braviary\n|-immune|p2a: Braviary\n|\n|upkeep\n|turn|36\n|\n|t:|1781432650\n|move|p2a: Braviary|Roost|p2a: Braviary\n|-heal|p2a: Braviary|309/309\n|-singleturn|p2a: Braviary|move: Roost\n|move|p1a: Hippowdon|Earthquake|p2a: Braviary\n|-damage|p2a: Braviary|186/309\n|\n|upkeep\n|turn|37\n|\n|t:|1781432657\n|move|p2a: Braviary|Roost|p2a: Braviary\n|-heal|p2a: Braviary|309/309\n|-singleturn|p2a: Braviary|move: Roost\n|move|p1a: Hippowdon|Earthquake|p2a: Braviary\n|-damage|p2a: Braviary|189/309\n|\n|upkeep\n|turn|38\n|\n|t:|1781432663\n|move|p2a: Braviary|Brave Bird|p1a: Hippowdon\n|-damage|p1a: Hippowdon|193/311\n|-damage|p2a: Braviary|150/309|[from] Recoil\n|move|p1a: Hippowdon|Earthquake|p2a: Braviary\n|-immune|p2a: Braviary\n|\n|-heal|p1a: Hippowdon|212/311|[from] item: Leftovers\n|upkeep\n|turn|39\n|\n|t:|1781432667\n|move|p2a: Braviary|Roost|p2a: Braviary\n|-heal|p2a: Braviary|305/309\n|-singleturn|p2a: Braviary|move: Roost\n|move|p1a: Hippowdon|Slack Off|p1a: Hippowdon\n|-heal|p1a: Hippowdon|311/311\n|\n|upkeep\n|turn|40\n|\n|t:|1781432670\n|move|p2a: Braviary|Brave Bird|p1a: Hippowdon\n|-damage|p1a: Hippowdon|193/311\n|-damage|p2a: Braviary|266/309|[from] Recoil\n|move|p1a: Hippowdon|Earthquake|p2a: Braviary\n|-immune|p2a: Braviary\n|\n|-heal|p1a: Hippowdon|212/311|[from] item: Leftovers\n|upkeep\n|turn|41\n|\n|t:|1781432674\n|move|p2a: Braviary|Brave Bird|p1a: Hippowdon\n|-damage|p1a: Hippowdon|80/311\n|-damage|p2a: Braviary|222/309|[from] Recoil\n|move|p1a: Hippowdon|Slack Off|p1a: Hippowdon\n|-heal|p1a: Hippowdon|236/311\n|\n|-heal|p1a: Hippowdon|255/311|[from] item: Leftovers\n|upkeep\n|turn|42\n|\n|t:|1781432680\n|move|p2a: Braviary|Brave Bird|p1a: Hippowdon\n|-damage|p1a: Hippowdon|131/311\n|-damage|p2a: Braviary|181/309|[from] Recoil\n|move|p1a: Hippowdon|Slack Off|p1a: Hippowdon\n|-heal|p1a: Hippowdon|287/311\n|\n|-heal|p1a: Hippowdon|306/311|[from] item: Leftovers\n|upkeep\n|turn|43\n|\n|t:|1781432686\n|move|p2a: Braviary|Brave Bird|p1a: Hippowdon\n|-damage|p1a: Hippowdon|186/311\n|-damage|p2a: Braviary|141/309|[from] Recoil\n|move|p1a: Hippowdon|Earthquake|p2a: Braviary\n|-immune|p2a: Braviary\n|\n|-heal|p1a: Hippowdon|205/311|[from] item: Leftovers\n|upkeep\n|turn|44\n|\n|t:|1781432697\n|move|p2a: Braviary|Brave Bird|p1a: Hippowdon\n|-damage|p1a: Hippowdon|75/311\n|-damage|p2a: Braviary|98/309|[from] Recoil\n|move|p1a: Hippowdon|Slack Off|p1a: Hippowdon\n|-heal|p1a: Hippowdon|231/311\n|\n|-heal|p1a: Hippowdon|250/311|[from] item: Leftovers\n|upkeep\n|turn|45\n|\n|t:|1781432700\n|move|p2a: Braviary|Brave Bird|p1a: Hippowdon\n|-damage|p1a: Hippowdon|130/311\n|-damage|p2a: Braviary|58/309|[from] Recoil\n|move|p1a: Hippowdon|Slack Off|p1a: Hippowdon\n|-heal|p1a: Hippowdon|286/311\n|\n|-heal|p1a: Hippowdon|305/311|[from] item: Leftovers\n|upkeep\n|turn|46\n|\n|t:|1781432705\n|move|p2a: Braviary|Roost|p2a: Braviary\n|-heal|p2a: Braviary|213/309\n|-singleturn|p2a: Braviary|move: Roost\n|move|p1a: Hippowdon|Stone Edge|p2a: Braviary\n|-damage|p2a: Braviary|129/309\n|\n|-heal|p1a: Hippowdon|311/311|[from] item: Leftovers\n|upkeep\n|turn|47\n|\n|t:|1781432713\n|move|p2a: Braviary|Brave Bird|p1a: Hippowdon\n|-damage|p1a: Hippowdon|191/311\n|-damage|p2a: Braviary|89/309|[from] Recoil\n|move|p1a: Hippowdon|Earthquake|p2a: Braviary\n|-immune|p2a: Braviary\n|\n|-heal|p1a: Hippowdon|210/311|[from] item: Leftovers\n|upkeep\n|turn|48\n|\n|t:|1781432716\n|move|p2a: Braviary|Brave Bird|p1a: Hippowdon\n|-damage|p1a: Hippowdon|83/311\n|-damage|p2a: Braviary|47/309|[from] Recoil\n|move|p1a: Hippowdon|Slack Off|p1a: Hippowdon\n|-heal|p1a: Hippowdon|239/311\n|\n|-heal|p1a: Hippowdon|258/311|[from] item: Leftovers\n|upkeep\n|turn|49\n|\n|t:|1781432727\n|move|p2a: Braviary|Close Combat|p1a: Hippowdon\n|-damage|p1a: Hippowdon|179/311\n|-unboost|p2a: Braviary|def|1\n|-unboost|p2a: Braviary|spd|1\n|move|p1a: Hippowdon|Slack Off|p1a: Hippowdon\n|-heal|p1a: Hippowdon|311/311\n|\n|upkeep\n|turn|50\n|\n|t:|1781432733\n|move|p2a: Braviary|Close Combat|p1a: Hippowdon\n|-damage|p1a: Hippowdon|232/311\n|-unboost|p2a: Braviary|def|1\n|-unboost|p2a: Braviary|spd|1\n|move|p1a: Hippowdon|Stone Edge|p2a: Braviary\n|-supereffective|p2a: Braviary\n|-crit|p2a: Braviary\n|-damage|p2a: Braviary|0 fnt\n|faint|p2a: Braviary\n|\n|-heal|p1a: Hippowdon|251/311|[from] item: Leftovers\n|upkeep\n|\n|t:|1781432735\n|switch|p2a: Cresselia|Cresselia, L80, F|230/323\n|turn|51\n|\n|t:|1781432738\n|move|p2a: Cresselia|Calm Mind|p2a: Cresselia\n|-boost|p2a: Cresselia|spa|1\n|-boost|p2a: Cresselia|spd|1\n|move|p1a: Hippowdon|Stone Edge|p2a: Cresselia\n|-damage|p2a: Cresselia|0 fnt\n|faint|p2a: Cresselia\n|\n|win|HeartofElixir\n", "inputlog": ">version a8376a258c1d4662feba110a92103f3664a72141\n>start {\"formatid\":\"gen9randombattle\",\"seed\":\"sodium,b626be525ab9558e2279c9f6c1fe385b\",\"rated\":\"Rated battle\"}\n>player p1 {\"name\":\"HeartofElixir\",\"avatar\":\"steven\",\"rating\":2204,\"seed\":\"sodium,dc675d287886f3abe844e03a289075b6\"}\n>player p2 {\"name\":\"iacidicowl\",\"avatar\":\"dahlia\",\"rating\":2209,\"seed\":\"sodium,17651969a278806bb90b8e866c13a7fc\"}\n>p1 move calmmind\n>p2 switch 4\n>p1 move moonlight\n>p2 move knockoff\n>p1 move calmmind\n>p2 move knockoff\n>p1 move moonlight\n>p2 move knockoff\n>p1 move moonlight\n>p2 move knockoff\n>p1 move moonblast\n>p2 move knockoff\n>p2 switch 5\n>p1 move moonlight\n>p2 move bravebird\n>p1 move moonlight\n>p2 move bulkup\n>p1 switch 3\n>p2 move bravebird\n>p1 move voltswitch\n>p2 switch 3\n>p1 switch 6\n>p1 move bravebird\n>p2 move sleeppowder\n>p2 switch 4\n>p1 switch 6\n>p2 move irondefense\n>p1 move scald\n>p2 move bodypress\n>p1 move scald\n>p2 switch 6\n>p1 switch 6\n>p2 move rapidspin\n>p1 move bravebird\n>p2 move nastyplot\n>p1 move bravebird\n>p2 move surf\n>p1 switch 3\n>p1 move moonblast\n>p2 move surf terastallize\n>p1 move moonblast\n>p2 move rapidspin\n>p1 switch 5\n>p1 move knockoff terastallize\n>p2 move dracometeor\n>p1 switch 2\n>p1 move uturn\n>p2 move surf\n>p1 switch 6\n>p2 switch 2\n>p1 move voltswitch\n>p2 move psyshock\n>p1 switch 4\n>p1 move curse\n>p2 switch 6\n>p1 move earthquake\n>p2 move rest\n>p1 move earthquake\n>p2 move irondefense\n>p2 switch 3\n>p1 move stoneedge\n>p2 move bulkup\n>p1 move curse\n>p2 move roost\n>p1 move curse\n>p2 move bulkup\n>p1 move curse\n>p2 move bulkup\n>p1 move curse\n>p2 move bulkup\n>p1 move curse\n>p2 move bulkup\n>p1 move stoneedge\n>p2 move roost\n>p1 move earthquake\n>p2 move roost\n>p1 move stoneedge\n>p2 move roost\n>p1 move earthquake\n>p2 move bulkup\n>p1 move earthquake\n>p2 move roost\n>p1 move earthquake\n>p2 move roost\n>p1 move earthquake\n>p2 move bravebird\n>p1 move slackoff\n>p2 move roost\n>p1 move earthquake\n>p2 move bravebird\n>p1 move slackoff\n>p2 move bravebird\n>p1 move slackoff\n>p2 move bravebird\n>p1 move earthquake\n>p2 move bravebird\n>p1 move slackoff\n>p2 move bravebird\n>p1 move slackoff\n>p2 move bravebird\n>p1 move stoneedge\n>p2 move roost\n>p1 move earthquake\n>p2 move bravebird\n>p1 move slackoff\n>p2 move bravebird\n>p1 move slackoff\n>p2 move closecombat\n>p1 move stoneedge\n>p2 move closecombat\n>p2 switch 6\n>p1 move stoneedge\n>p2 move calmmind", "uploadtime": 1781432364, "views": 4, "formatid": "gen9randombattle", "rating": null, "private": 0, "password": null}