{"id": "gen9randombattle-2631742293", "format": "[Gen 9] Random Battle", "players": ["kevinnopants", "arukanu"], "log": "|j|\u2606kevinnopants\n|j|\u2606arukanu\n|t:|1781432205\n|gametype|singles\n|player|p1|kevinnopants|170|2025\n|player|p2|arukanu|caitlin|1979\n|gen|9\n|tier|[Gen 9] Random Battle\n|rated|\n|rule|Species Clause: Limit one of each Pok\u00e9mon\n|rule|HP Percentage Mod: HP is shown in percentages\n|rule|Sleep Clause Mod: Limit one foe put to sleep\n|rule|Illusion Level Mod: Illusion disguises the Pok\u00e9mon's true level\n|\n|t:|1781432205\n|teamsize|p1|6\n|teamsize|p2|6\n|start\n|switch|p1a: Staraptor|Staraptor, L79, F|263/263\n|switch|p2a: Iron Leaves|Iron Leaves, L80|275/275\n|turn|1\n|\n|t:|1781432218\n|-end|p2a: Iron Leaves|Quark Drive|[silent]\n|switch|p2a: Pincurchin|Pincurchin, F|258/258\n|-fieldstart|move: Electric Terrain|[from] ability: Electric Surge|[of] p2a: Pincurchin\n|move|p1a: Staraptor|Brave Bird|p2a: Pincurchin\n|-resisted|p2a: Pincurchin\n|-damage|p2a: Pincurchin|157/258\n|-damage|p1a: Staraptor|230/263|[from] Recoil\n|\n|-heal|p2a: Pincurchin|173/258|[from] item: Leftovers\n|upkeep\n|turn|2\n|inactive|Battle timer is ON: inactive players will automatically lose when time's up. (requested by arukanu)\n|\n|t:|1781432231\n|switch|p1a: Ursaluna|Ursaluna-Bloodmoon, L79, M|308/308\n|move|p2a: Pincurchin|Recover|p2a: Pincurchin\n|-heal|p2a: Pincurchin|258/258\n|\n|upkeep\n|turn|3\n|\n|t:|1781432242\n|switch|p2a: Iron Leaves|Iron Leaves, L80|275/275\n|-activate|p2a: Iron Leaves|ability: Quark Drive\n|-start|p2a: Iron Leaves|quarkdriveatk\n|move|p1a: Ursaluna|Calm Mind|p1a: Ursaluna\n|-boost|p1a: Ursaluna|spa|1\n|-boost|p1a: Ursaluna|spd|1\n|\n|upkeep\n|turn|4\n|\n|t:|1781432248\n|-terastallize|p1a: Ursaluna|Fighting\n|move|p2a: Iron Leaves|Close Combat|p1a: Ursaluna\n|-damage|p1a: Ursaluna|164/308\n|-unboost|p2a: Iron Leaves|def|1\n|-unboost|p2a: Iron Leaves|spd|1\n|-damage|p2a: Iron Leaves|248/275|[from] item: Life Orb\n|move|p1a: Ursaluna|Blood Moon|p2a: Iron Leaves\n|-damage|p2a: Iron Leaves|0 fnt\n|faint|p2a: Iron Leaves\n|-end|p2a: Iron Leaves|Quark Drive|[silent]\n|\n|-heal|p1a: Ursaluna|183/308|[from] item: Leftovers\n|upkeep\n|\n|t:|1781432258\n|switch|p2a: Sawsbuck|Sawsbuck, L88, M|284/284\n|turn|5\n|\n|t:|1781432262\n|move|p1a: Ursaluna|Vacuum Wave|p2a: Sawsbuck\n|-supereffective|p2a: Sawsbuck\n|-damage|p2a: Sawsbuck|108/284\n|move|p2a: Sawsbuck|Swords Dance|p2a: Sawsbuck\n|-boost|p2a: Sawsbuck|atk|2\n|\n|-heal|p1a: Ursaluna|202/308|[from] item: Leftovers\n|-fieldend|move: Electric Terrain\n|upkeep\n|turn|6\n|\n|t:|1781432281\n|switch|p2a: Pincurchin|Pincurchin, F|258/258\n|-fieldstart|move: Electric Terrain|[from] ability: Electric Surge|[of] p2a: Pincurchin\n|move|p1a: Ursaluna|Vacuum Wave|p2a: Pincurchin\n|-damage|p2a: Pincurchin|200/258\n|\n|-heal|p1a: Ursaluna|221/308|[from] item: Leftovers\n|-heal|p2a: Pincurchin|216/258|[from] item: Leftovers\n|upkeep\n|turn|7\n|\n|t:|1781432287\n|move|p1a: Ursaluna|Calm Mind|p1a: Ursaluna\n|-boost|p1a: Ursaluna|spa|1\n|-boost|p1a: Ursaluna|spd|1\n|move|p2a: Pincurchin|Zing Zap|p1a: Ursaluna\n|-damage|p1a: Ursaluna|82/308\n|\n|-heal|p1a: Ursaluna|101/308|[from] item: Leftovers\n|-heal|p2a: Pincurchin|232/258|[from] item: Leftovers\n|upkeep\n|turn|8\n|\n|t:|1781432296\n|move|p1a: Ursaluna|Moonlight|p1a: Ursaluna\n|-heal|p1a: Ursaluna|255/308\n|move|p2a: Pincurchin|Zing Zap|p1a: Ursaluna\n|-damage|p1a: Ursaluna|113/308\n|\n|-heal|p1a: Ursaluna|132/308|[from] item: Leftovers\n|-heal|p2a: Pincurchin|248/258|[from] item: Leftovers\n|upkeep\n|turn|9\n|\n|t:|1781432300\n|move|p1a: Ursaluna|Moonlight|p1a: Ursaluna\n|-heal|p1a: Ursaluna|286/308\n|move|p2a: Pincurchin|Zing Zap|p1a: Ursaluna\n|-damage|p1a: Ursaluna|160/308\n|\n|-heal|p1a: Ursaluna|179/308|[from] item: Leftovers\n|-heal|p2a: Pincurchin|258/258|[from] item: Leftovers\n|upkeep\n|turn|10\n|\n|t:|1781432304\n|move|p1a: Ursaluna|Blood Moon|p2a: Pincurchin\n|-damage|p2a: Pincurchin|0 fnt\n|faint|p2a: Pincurchin\n|\n|-heal|p1a: Ursaluna|198/308|[from] item: Leftovers\n|-fieldend|move: Electric Terrain\n|upkeep\n|\n|t:|1781432313\n|switch|p2a: Sandslash|Sandslash, L89, F|278/278\n|turn|11\n|\n|t:|1781432321\n|move|p2a: Sandslash|Earthquake|p1a: Ursaluna\n|-crit|p1a: Ursaluna\n|-damage|p1a: Ursaluna|39/308\n|move|p1a: Ursaluna|Moonlight|p1a: Ursaluna\n|-heal|p1a: Ursaluna|193/308\n|\n|-heal|p1a: Ursaluna|212/308|[from] item: Leftovers\n|upkeep\n|turn|12\n|\n|t:|1781432325\n|move|p2a: Sandslash|Swords Dance|p2a: Sandslash\n|-boost|p2a: Sandslash|atk|2\n|move|p1a: Ursaluna|Blood Moon|p2a: Sandslash\n|-damage|p2a: Sandslash|0 fnt\n|faint|p2a: Sandslash\n|\n|-heal|p1a: Ursaluna|231/308|[from] item: Leftovers\n|upkeep\n|-message|arukanu forfeited.\n|\n|win|kevinnopants\n", "inputlog": ">version a8376a258c1d4662feba110a92103f3664a72141\n>start {\"formatid\":\"gen9randombattle\",\"seed\":\"sodium,d1be3d5437f9b006ab9691803541288e\",\"rated\":\"Rated battle\"}\n>player p1 {\"name\":\"kevinnopants\",\"avatar\":\"170\",\"rating\":2025,\"seed\":\"sodium,3d1696f11a401d6103a5772f0e34c7e5\"}\n>player p2 {\"name\":\"arukanu\",\"avatar\":\"caitlin\",\"rating\":1979,\"seed\":\"sodium,f2dc054fdea9f4edda7564ddb8693890\"}\n>p1 move bravebird\n>p2 switch 3\n>p1 switch 5\n>p2 move recover\n>p1 move calmmind\n>p2 switch 3\n>p1 move bloodmoon terastallize\n>p2 move closecombat\n>p2 switch 6\n>p1 move vacuumwave\n>p2 move swordsdance\n>p1 move vacuumwave\n>p2 switch 3\n>p1 move calmmind\n>p2 move zingzap\n>p1 move moonlight\n>p2 move zingzap\n>p1 move moonlight\n>p2 move zingzap\n>p1 move bloodmoon\n>p2 move zingzap\n>p2 switch 2\n>p1 move moonlight\n>p2 move earthquake\n>p1 move bloodmoon\n>p2 move swordsdance\n>forcelose p2", "uploadtime": 1781432206, "views": 4, "formatid": "gen9randombattle", "rating": null, "private": 0, "password": null}