{"id": "gen9randombattle-2631782919", "format": "[Gen 9] Random Battle", "players": ["CSWing", "GamesWrath"], "log": "|j|\u2606CSWing\n|j|\u2606GamesWrath\n|t:|1781438945\n|gametype|singles\n|player|p1|CSWing|lance|1471\n|player|p2|GamesWrath|blue|1461\n|gen|9\n|tier|[Gen 9] Random Battle\n|rated|\n|rule|Species Clause: Limit one of each Pok\u00e9mon\n|rule|HP Percentage Mod: HP is shown in percentages\n|rule|Sleep Clause Mod: Limit one foe put to sleep\n|rule|Illusion Level Mod: Illusion disguises the Pok\u00e9mon's true level\n|\n|t:|1781438945\n|teamsize|p1|6\n|teamsize|p2|6\n|start\n|switch|p1a: Slaking|Slaking, L84, M|389/389\n|switch|p2a: Scizor|Scizor, L79, M|240/240\n|turn|1\n|inactive|Battle timer is ON: inactive players will automatically lose when time's up. (requested by CSWing)\n|\n|t:|1781438977\n|switch|p1a: Ho-Oh|Ho-Oh, L71|268/268\n|move|p2a: Scizor|Close Combat|p1a: Ho-Oh\n|-resisted|p1a: Ho-Oh\n|-damage|p1a: Ho-Oh|190/268\n|-unboost|p2a: Scizor|def|1\n|-unboost|p2a: Scizor|spd|1\n|\n|upkeep\n|turn|2\n|\n|t:|1781438993\n|switch|p2a: Overqwil|Overqwil, L82, F|274/274\n|-ability|p2a: Overqwil|Intimidate|boost\n|-unboost|p1a: Ho-Oh|atk|1\n|move|p1a: Ho-Oh|Sacred Fire|p2a: Overqwil\n|-crit|p2a: Overqwil\n|-damage|p2a: Overqwil|135/274\n|-status|p2a: Overqwil|brn\n|\n|-damage|p2a: Overqwil|118/274 brn|[from] brn\n|upkeep\n|turn|3\n|\n|t:|1781439016\n|switch|p1a: Magnezone|Magnezone, L85|258/258\n|move|p2a: Overqwil|Gunk Shot|p1a: Magnezone\n|-immune|p1a: Magnezone\n|\n|-damage|p2a: Overqwil|101/274 brn|[from] brn\n|upkeep\n|turn|4\n|inactive|CSWing has 120 seconds left.\n|inactive|GamesWrath has 120 seconds left.\n|\n|t:|1781439059\n|move|p1a: Magnezone|Volt Switch|p2a: Overqwil\n|-damage|p2a: Overqwil|0 fnt\n|faint|p2a: Overqwil\n|inactive|CSWing has 120 seconds left.\n|\n|t:|1781439088\n|switch|p1a: Ho-Oh|Ho-Oh, L71|268/268|[from] Volt Switch\n|\n|upkeep\n|inactive|GamesWrath has 90 seconds left.\n|\n|t:|1781439135\n|switch|p2a: Armarouge|Armarouge, L80, F|267/267\n|turn|5\n|\n|t:|1781439146\n|move|p1a: Ho-Oh|Earthquake|p2a: Armarouge\n|-supereffective|p2a: Armarouge\n|-damage|p2a: Armarouge|135/267\n|-ability|p2a: Armarouge|Weak Armor|boost\n|-unboost|p2a: Armarouge|def|1\n|-boost|p2a: Armarouge|spe|2\n|move|p2a: Armarouge|Psyshock|p1a: Ho-Oh\n|-damage|p1a: Ho-Oh|109/268\n|\n|upkeep\n|turn|6\n|\n|t:|1781439163\n|move|p2a: Armarouge|Psyshock|p1a: Ho-Oh\n|-damage|p1a: Ho-Oh|0 fnt\n|faint|p1a: Ho-Oh\n|\n|upkeep\n|\n|t:|1781439174\n|switch|p1a: Slaking|Slaking, L84, M|389/389\n|turn|7\n|inactive|GamesWrath has 90 seconds left.\n|\n|t:|1781439186\n|move|p2a: Armarouge|Psyshock|p1a: Slaking\n|-damage|p1a: Slaking|262/389\n|move|p1a: Slaking|Knock Off|p2a: Armarouge\n|-supereffective|p2a: Armarouge\n|-damage|p2a: Armarouge|0 fnt\n|-enditem|p2a: Armarouge|Choice Specs|[from] move: Knock Off|[of] p1a: Slaking\n|faint|p2a: Armarouge\n|\n|upkeep\n|inactive|GamesWrath has 90 seconds left.\n|\n|t:|1781439209\n|switch|p2a: Cobalion|Cobalion, L80|277/277\n|turn|8\n|inactive|CSWing has 90 seconds left.\n|\n|t:|1781439231\n|switch|p1a: Meowstic|Meowstic, L89, M|277/277\n|move|p2a: Cobalion|Calm Mind|p2a: Cobalion\n|-boost|p2a: Cobalion|spa|1\n|-boost|p2a: Cobalion|spd|1\n|\n|upkeep\n|turn|9\n|inactive|GamesWrath has 90 seconds left.\n|inactive|CSWing has 90 seconds left.\n|\n|t:|1781439264\n|move|p1a: Meowstic|Light Screen|p1a: Meowstic\n|-sidestart|p1: CSWing|move: Light Screen\n|move|p2a: Cobalion|Flash Cannon|p1a: Meowstic\n|-damage|p1a: Meowstic|221/277\n|\n|upkeep\n|turn|10\n|inactive|CSWing has 90 seconds left.\n|\n|t:|1781439280\n|switch|p1a: Blaziken|Blaziken, L76, F|247/247\n|move|p2a: Cobalion|Flash Cannon|p1a: Blaziken\n|-resisted|p1a: Blaziken\n|-damage|p1a: Blaziken|209/247\n|\n|upkeep\n|turn|11\n|\n|t:|1781439297\n|move|p2a: Cobalion|Aura Sphere|p1a: Blaziken\n|-damage|p1a: Blaziken|137/247\n|move|p1a: Blaziken|Flare Blitz|p2a: Cobalion\n|-supereffective|p2a: Cobalion\n|-damage|p2a: Cobalion|43/277\n|-damage|p1a: Blaziken|60/247|[from] Recoil\n|-damage|p1a: Blaziken|36/247|[from] item: Life Orb\n|\n|-heal|p2a: Cobalion|60/277|[from] item: Leftovers\n|-ability|p1a: Blaziken|Speed Boost|boost\n|-boost|p1a: Blaziken|spe|1\n|upkeep\n|turn|12\n|\n|t:|1781439311\n|move|p2a: Cobalion|Vacuum Wave|p1a: Blaziken\n|-damage|p1a: Blaziken|2/247\n|move|p1a: Blaziken|Close Combat|p2a: Cobalion\n|-supereffective|p2a: Cobalion\n|-damage|p2a: Cobalion|0 fnt\n|-unboost|p1a: Blaziken|def|1\n|-unboost|p1a: Blaziken|spd|1\n|faint|p2a: Cobalion\n|-damage|p1a: Blaziken|0 fnt|[from] item: Life Orb\n|faint|p1a: Blaziken\n|\n|upkeep\n|\n|t:|1781439327\n|switch|p2a: Scizor|Scizor, L79, M|240/240\n|switch|p1a: Magnezone|Magnezone, L85|258/258\n|turn|13\n|\n|t:|1781439343\n|move|p1a: Magnezone|Volt Switch|p2a: Scizor\n|-damage|p2a: Scizor|128/240\n|\n|t:|1781439346\n|switch|p1a: Meowstic|Meowstic, L89, M|221/277|[from] Volt Switch\n|move|p2a: Scizor|U-turn|p1a: Meowstic\n|-supereffective|p1a: Meowstic\n|-crit|p1a: Meowstic\n|-damage|p1a: Meowstic|0 fnt\n|faint|p1a: Meowstic\n|inactive|GamesWrath has 60 seconds left.\n|\n|t:|1781439372\n|switch|p2a: Groudon|Groudon, L72|263/263|[from] U-turn\n|-weather|SunnyDay|[from] ability: Drought|[of] p2a: Groudon\n|\n|-weather|SunnyDay|[upkeep]\n|upkeep\n|inactive|CSWing has 60 seconds left.\n|\n|t:|1781439403\n|switch|p1a: Slaking|Slaking, L84, M|262/389\n|turn|14\n|inactive|GamesWrath has 60 seconds left.\n|\n|t:|1781439433\n|move|p1a: Slaking|Giga Impact|p2a: Groudon\n|-damage|p2a: Groudon|0 fnt\n|-mustrecharge|p1a: Slaking\n|faint|p2a: Groudon\n|\n|-weather|SunnyDay|[upkeep]\n|upkeep\n|\n|t:|1781439453\n|switch|p2a: Scizor|Scizor, L79, M|128/240\n|turn|15\n|inactive|CSWing has 60 seconds left.\n|\n|t:|1781439467\n|cant|p1a: Slaking|recharge\n|move|p2a: Scizor|Close Combat|p1a: Slaking\n|-supereffective|p1a: Slaking\n|-damage|p1a: Slaking|0 fnt\n|-unboost|p2a: Scizor|def|1\n|-unboost|p2a: Scizor|spd|1\n|faint|p1a: Slaking\n|\n|-weather|SunnyDay|[upkeep]\n|upkeep\n|inactive|CSWing has 60 seconds left.\n|\n|t:|1781439475\n|switch|p1a: Magnezone|Magnezone, L85|258/258\n|turn|16\n|\n|t:|1781439481\n|move|p1a: Magnezone|Thunderbolt|p2a: Scizor\n|-damage|p2a: Scizor|0 fnt\n|faint|p2a: Scizor\n|\n|-weather|SunnyDay|[upkeep]\n|-sideend|p1: CSWing|move: Light Screen\n|upkeep\n|\n|t:|1781439485\n|switch|p2a: Torterra|Torterra, L78, F|276/276\n|turn|17\n|\n|t:|1781439499\n|move|p1a: Magnezone|Thunderbolt|p2a: Torterra\n|-immune|p2a: Torterra\n|move|p2a: Torterra|Shell Smash|p2a: Torterra\n|-unboost|p2a: Torterra|def|1\n|-unboost|p2a: Torterra|spd|1\n|-boost|p2a: Torterra|atk|2\n|-boost|p2a: Torterra|spa|2\n|-boost|p2a: Torterra|spe|2\n|\n|-weather|none\n|upkeep\n|turn|18\n|inactive|GamesWrath has 60 seconds left.\n|\n|t:|1781439515\n|switch|p1a: Meowscarada|Meowscarada, L78, M|247/247\n|move|p2a: Torterra|Bullet Seed|p1a: Meowscarada\n|-resisted|p1a: Meowscarada\n|-damage|p1a: Meowscarada|212/247\n|-resisted|p1a: Meowscarada\n|-damage|p1a: Meowscarada|182/247\n|-resisted|p1a: Meowscarada\n|-damage|p1a: Meowscarada|149/247\n|-resisted|p1a: Meowscarada\n|-damage|p1a: Meowscarada|113/247\n|-hitcount|p1a: Meowscarada|4\n|\n|upkeep\n|turn|19\n|inactive|GamesWrath has 60 seconds left.\n|\n|t:|1781439542\n|move|p2a: Torterra|Bullet Seed|p1a: Meowscarada\n|-resisted|p1a: Meowscarada\n|-damage|p1a: Meowscarada|81/247\n|-resisted|p1a: Meowscarada\n|-damage|p1a: Meowscarada|51/247\n|-resisted|p1a: Meowscarada\n|-damage|p1a: Meowscarada|16/247\n|-resisted|p1a: Meowscarada\n|-damage|p1a: Meowscarada|0 fnt\n|faint|p1a: Meowscarada\n|-hitcount|p1: Meowscarada|4\n|\n|upkeep\n|\n|t:|1781439545\n|switch|p1a: Magnezone|Magnezone, L85|258/258\n|turn|20\n|\n|t:|1781439567\n|move|p2a: Torterra|Headlong Rush|p1a: Magnezone\n|-supereffective|p1a: Magnezone\n|-damage|p1a: Magnezone|0 fnt\n|-unboost|p2a: Torterra|def|1\n|-unboost|p2a: Torterra|spd|1\n|faint|p1a: Magnezone\n|\n|win|GamesWrath\n|raw|CSWing's rating: 1471 &rarr; <strong>1450</strong><br />(-21 for losing)\n|raw|GamesWrath's rating: 1461 &rarr; <strong>1482</strong><br />(+21 for winning)\n|l|\u2606CSWing\n|player|p1|\n", "inputlog": ">version a8376a258c1d4662feba110a92103f3664a72141\n>start {\"formatid\":\"gen9randombattle\",\"seed\":\"sodium,a2f0a0fcbbfa7bfbb9c2887fcdcecfbb\",\"rated\":\"Rated battle\"}\n>player p1 {\"name\":\"CSWing\",\"avatar\":\"lance\",\"rating\":1471,\"seed\":\"sodium,bd9a7908b878600742ea8c5e4d2aceac\"}\n>player p2 {\"name\":\"GamesWrath\",\"avatar\":\"blue\",\"rating\":1461,\"seed\":\"sodium,4f9d6a3c348714036e644860bd7b2fab\"}\n>p1 switch 3\n>p2 move closecombat\n>p1 move sacredfire\n>p2 switch 6\n>p1 switch 2\n>p2 move gunkshot\n>p1 move voltswitch\n>p2 move crunch\n>p1 switch 2\n>p2 switch 2\n>p1 move earthquake\n>p2 move psyshock\n>p1 move earthquake\n>p2 move psyshock\n>p1 switch 3\n>p1 move knockoff\n>p2 move psyshock\n>p2 switch 4\n>p1 switch 6\n>p2 move calmmind\n>p1 move lightscreen\n>p2 move flashcannon\n>p1 switch 5\n>p2 move flashcannon\n>p1 move flareblitz\n>p2 move aurasphere\n>p1 move closecombat\n>p2 move vacuumwave\n>p1 switch 2\n>p2 switch 6\n>p1 move voltswitch\n>p2 move uturn\n>p1 switch 5\n>p2 switch 3\n>p1 switch 6\n>p1 move gigaimpact\n>p2 move precipiceblades\n>p2 switch 3\n>p1 move recharge\n>p2 move closecombat\n>p1 switch 5\n>p1 move thunderbolt\n>p2 move closecombat\n>p2 switch 5\n>p1 move thunderbolt\n>p2 move shellsmash\n>p1 switch 4\n>p2 move bulletseed\n>p1 move tripleaxel\n>p2 move bulletseed\n>p1 switch 4\n>p1 move flashcannon\n>p2 move headlongrush", "uploadtime": 1781439582, "views": 3, "formatid": "gen9randombattle", "rating": 1450, "private": 0, "password": null}