{"id": "gen9randombattle-2631646723", "format": "[Gen 9] Random Battle", "players": ["moomoo798", "euphoricpoptarts"], "log": "|j|\u2606moomoo798\n|j|\u2606euphoricpoptarts\n|t:|1781414308\n|gametype|singles\n|player|p1|moomoo798|jasmine|1978\n|player|p2|euphoricpoptarts|unknown|1988\n|gen|9\n|tier|[Gen 9] Random Battle\n|rated|\n|rule|Species Clause: Limit one of each Pok\u00e9mon\n|rule|HP Percentage Mod: HP is shown in percentages\n|rule|Sleep Clause Mod: Limit one foe put to sleep\n|rule|Illusion Level Mod: Illusion disguises the Pok\u00e9mon's true level\n|\n|t:|1781414308\n|teamsize|p1|6\n|teamsize|p2|6\n|start\n|switch|p1a: Toedscruel|Toedscruel, L87, M|281/281\n|switch|p2a: Scream Tail|Scream Tail, L84|330/330\n|turn|1\n|inactive|Battle timer is ON: inactive players will automatically lose when time's up. (requested by euphoricpoptarts)\n|inactive|moomoo798 also wants the timer to be on.\n|\n|t:|1781414325\n|-end|p2a: Scream Tail|Protosynthesis|[silent]\n|switch|p2a: Gumshoos|Gumshoos, L95, F|321/321\n|move|p1a: Toedscruel|Spore|p2a: Gumshoos\n|-status|p2a: Gumshoos|slp|[from] move: Spore\n|\n|upkeep\n|turn|2\n|\n|t:|1781414339\n|switch|p1a: Houndstone|Houndstone, L86, F|264/264\n|switch|p2a: Sylveon|Sylveon, L85, F|300/300\n|\n|upkeep\n|turn|3\n|\n|t:|1781414351\n|switch|p1a: Camerupt|Camerupt, L91, F|275/275\n|move|p2a: Sylveon|Hyper Voice|p1a: Camerupt\n|-resisted|p1a: Camerupt\n|-damage|p1a: Camerupt|201/275\n|\n|-heal|p1a: Camerupt|218/275|[from] item: Leftovers\n|upkeep\n|turn|4\n|\n|t:|1781414357\n|move|p2a: Sylveon|Calm Mind|p2a: Sylveon\n|-boost|p2a: Sylveon|spa|1\n|-boost|p2a: Sylveon|spd|1\n|move|p1a: Camerupt|Stealth Rock|p2a: Sylveon\n|-sidestart|p2: euphoricpoptarts|move: Stealth Rock\n|\n|-heal|p1a: Camerupt|235/275|[from] item: Leftovers\n|upkeep\n|turn|5\n|\n|t:|1781414360\n|move|p2a: Sylveon|Hyper Voice|p1a: Camerupt\n|-resisted|p1a: Camerupt\n|-crit|p1a: Camerupt\n|-damage|p1a: Camerupt|88/275\n|move|p1a: Camerupt|Earthquake|p2a: Sylveon\n|-damage|p2a: Sylveon|131/300\n|\n|-heal|p2a: Sylveon|149/300|[from] item: Leftovers\n|-heal|p1a: Camerupt|105/275|[from] item: Leftovers\n|upkeep\n|turn|6\n|\n|t:|1781414371\n|move|p2a: Sylveon|Hyper Voice|p1a: Camerupt\n|-resisted|p1a: Camerupt\n|-damage|p1a: Camerupt|9/275\n|move|p1a: Camerupt|Earthquake|p2a: Sylveon\n|-damage|p2a: Sylveon|2/300\n|\n|-heal|p2a: Sylveon|20/300|[from] item: Leftovers\n|-heal|p1a: Camerupt|26/275|[from] item: Leftovers\n|upkeep\n|turn|7\n|\n|t:|1781414376\n|move|p2a: Sylveon|Hyper Voice|p1a: Camerupt\n|-resisted|p1a: Camerupt\n|-damage|p1a: Camerupt|0 fnt\n|faint|p1a: Camerupt\n|\n|-heal|p2a: Sylveon|38/300|[from] item: Leftovers\n|upkeep\n|\n|t:|1781414393\n|switch|p1a: Roaring Moon|Roaring Moon, L72|270/270\n|turn|8\n|\n|t:|1781414398\n|move|p1a: Roaring Moon|Knock Off|p2a: Sylveon\n|-resisted|p2a: Sylveon\n|-damage|p2a: Sylveon|0 fnt\n|-enditem|p2a: Sylveon|Leftovers|[from] move: Knock Off|[of] p1a: Roaring Moon\n|faint|p2a: Sylveon\n|\n|upkeep\n|\n|t:|1781414405\n|switch|p2a: Pachirisu|Pachirisu, L96, M|271/271\n|-damage|p2a: Pachirisu|238/271|[from] Stealth Rock\n|turn|9\n|\n|t:|1781414432\n|-end|p1a: Roaring Moon|Protosynthesis|[silent]\n|switch|p1a: Toedscruel|Toedscruel, L87, M|281/281\n|move|p2a: Pachirisu|Super Fang|p1a: Toedscruel\n|-damage|p1a: Toedscruel|141/281\n|\n|-heal|p1a: Toedscruel|158/281|[from] item: Leftovers\n|upkeep\n|turn|10\n|\n|t:|1781414437\n|move|p2a: Pachirisu|U-turn|p1a: Toedscruel\n|-supereffective|p1a: Toedscruel\n|-damage|p1a: Toedscruel|66/281\n|\n|t:|1781414444\n|switch|p2a: Scream Tail|Scream Tail, L84|330/330|[from] U-turn\n|-damage|p2a: Scream Tail|289/330|[from] Stealth Rock\n|move|p1a: Toedscruel|Earth Power|p2a: Scream Tail\n|-damage|p2a: Scream Tail|217/330\n|\n|-heal|p2a: Scream Tail|237/330|[from] item: Leftovers\n|-heal|p1a: Toedscruel|83/281|[from] item: Leftovers\n|upkeep\n|turn|11\n|inactive|moomoo798 has 120 seconds left.\n|\n|t:|1781414484\n|switch|p1a: Houndstone|Houndstone, L86, F|264/264\n|move|p2a: Scream Tail|Dazzling Gleam|p1a: Houndstone\n|-damage|p1a: Houndstone|207/264\n|\n|-heal|p2a: Scream Tail|257/330|[from] item: Leftovers\n|-heal|p1a: Houndstone|223/264|[from] item: Leftovers\n|upkeep\n|turn|12\n|inactive|moomoo798 has 120 seconds left.\n|\n|t:|1781414489\n|move|p2a: Scream Tail|Protect|p2a: Scream Tail\n|-singleturn|p2a: Scream Tail|Protect\n|move|p1a: Houndstone|Poltergeist|p2a: Scream Tail\n|-activate|p2a: Scream Tail|move: Protect\n|\n|-heal|p2a: Scream Tail|277/330|[from] item: Leftovers\n|-heal|p1a: Houndstone|239/264|[from] item: Leftovers\n|upkeep\n|turn|13\n|\n|t:|1781414499\n|-end|p2a: Scream Tail|Protosynthesis|[silent]\n|switch|p2a: Gumshoos|Gumshoos, L95, F|321/321 slp\n|-damage|p2a: Gumshoos|281/321 slp|[from] Stealth Rock\n|move|p1a: Houndstone|Poltergeist|p2a: Gumshoos\n|-immune|p2a: Gumshoos\n|\n|-heal|p1a: Houndstone|255/264|[from] item: Leftovers\n|upkeep\n|turn|14\n|\n|t:|1781414502\n|move|p1a: Houndstone|Body Press|p2a: Gumshoos\n|-supereffective|p2a: Gumshoos\n|-damage|p2a: Gumshoos|139/321 slp\n|cant|p2a: Gumshoos|slp\n|\n|-heal|p1a: Houndstone|264/264|[from] item: Leftovers\n|upkeep\n|turn|15\n|\n|t:|1781414509\n|move|p1a: Houndstone|Body Press|p2a: Gumshoos\n|-supereffective|p2a: Gumshoos\n|-damage|p2a: Gumshoos|0 fnt\n|faint|p2a: Gumshoos\n|\n|upkeep\n|\n|t:|1781414512\n|switch|p2a: Banette|Banette, L93, M|270/270\n|-damage|p2a: Banette|237/270|[from] Stealth Rock\n|turn|16\n|\n|t:|1781414531\n|move|p2a: Banette|Thunder Wave|p1a: Houndstone\n|-status|p1a: Houndstone|par\n|cant|p1a: Houndstone|par\n|\n|upkeep\n|turn|17\n|\n|t:|1781414534\n|move|p2a: Banette|Poltergeist|p1a: Houndstone|[miss]\n|-miss|p2a: Banette|p1a: Houndstone\n|move|p1a: Houndstone|Poltergeist|p2a: Banette\n|-activate|p2a: Banette|move: Poltergeist|Life Orb\n|-supereffective|p2a: Banette\n|-damage|p2a: Banette|0 fnt\n|faint|p2a: Banette\n|\n|upkeep\n|\n|t:|1781414540\n|switch|p2a: Koraidon|Koraidon, L64|235/235\n|-damage|p2a: Koraidon|221/235|[from] Stealth Rock\n|-weather|SunnyDay|[from] ability: Orichalcum Pulse|[of] p2a: Koraidon\n|-activate|p2a: Koraidon|Orichalcum Pulse|[source]\n|turn|18\n|\n|t:|1781414562\n|-terastallize|p2a: Koraidon|Fire\n|move|p2a: Koraidon|Flare Blitz|p1a: Houndstone\n|-damage|p1a: Houndstone|0 fnt\n|faint|p1a: Houndstone\n|-damage|p2a: Koraidon|134/235|[from] Recoil\n|\n|-weather|SunnyDay|[upkeep]\n|upkeep\n|inactive|moomoo798 has 120 seconds left.\n|\n|t:|1781414578\n|switch|p1a: Roaring Moon|Roaring Moon, L72|270/270\n|-activate|p1a: Roaring Moon|ability: Protosynthesis\n|-start|p1a: Roaring Moon|protosynthesisatk\n|turn|19\n|\n|t:|1781414583\n|switch|p2a: Scream Tail|Scream Tail, L84|277/330\n|-damage|p2a: Scream Tail|236/330|[from] Stealth Rock\n|-activate|p2a: Scream Tail|ability: Protosynthesis\n|-start|p2a: Scream Tail|protosynthesisspd\n|move|p1a: Roaring Moon|Dragon Dance|p1a: Roaring Moon\n|-boost|p1a: Roaring Moon|atk|1\n|-boost|p1a: Roaring Moon|spe|1\n|\n|-weather|SunnyDay|[upkeep]\n|-heal|p2a: Scream Tail|256/330|[from] item: Leftovers\n|upkeep\n|turn|20\n|inactive|moomoo798 has 120 seconds left.\n|\n|t:|1781414605\n|-terastallize|p1a: Roaring Moon|Steel\n|move|p1a: Roaring Moon|Iron Head|p2a: Scream Tail\n|-supereffective|p2a: Scream Tail\n|-damage|p2a: Scream Tail|0 fnt\n|faint|p2a: Scream Tail\n|-end|p2a: Scream Tail|Protosynthesis|[silent]\n|\n|-weather|SunnyDay|[upkeep]\n|upkeep\n|\n|t:|1781414609\n|switch|p2a: Pachirisu|Pachirisu, L96, M|238/271\n|-damage|p2a: Pachirisu|205/271|[from] Stealth Rock\n|turn|21\n|\n|t:|1781414617\n|move|p1a: Roaring Moon|Outrage|p2a: Pachirisu\n|-damage|p2a: Pachirisu|0 fnt\n|faint|p2a: Pachirisu\n|\n|-weather|SunnyDay|[upkeep]\n|upkeep\n|-message|euphoricpoptarts forfeited.\n|\n|win|moomoo798\n", "inputlog": ">version a8376a258c1d4662feba110a92103f3664a72141\n>start {\"formatid\":\"gen9randombattle\",\"seed\":\"sodium,1c39c77e2f1d6235b8bbce097441647f\",\"rated\":\"Rated battle\"}\n>player p1 {\"name\":\"moomoo798\",\"avatar\":\"jasmine\",\"rating\":1978,\"seed\":\"sodium,e258aea607a2d4a341a5ab3a4eb97d0d\"}\n>player p2 {\"name\":\"euphoricpoptarts\",\"avatar\":\"unknown\",\"rating\":1988,\"seed\":\"sodium,62069dd26ac7908b3de4391545c5b16e\"}\n>p1 move spore\n>p2 switch 6\n>p1 switch 5\n>p2 switch 3\n>p1 switch 2\n>p2 move hypervoice\n>p1 move stealthrock\n>p2 move calmmind\n>p1 move earthquake\n>p2 move hypervoice\n>p1 move earthquake\n>p2 move hypervoice\n>p1 move earthquake\n>p2 move hypervoice\n>p1 switch 4\n>p1 move knockoff\n>p2 move hypervoice\n>p2 switch 4\n>p1 switch 5\n>p2 move superfang\n>p1 move earthpower\n>p2 move uturn\n>p2 switch 6\n>p1 switch 2\n>p2 move dazzlinggleam\n>p1 move poltergeist\n>p2 move protect\n>p1 move poltergeist\n>p2 switch 3\n>p1 move bodypress\n>p2 move knockoff\n>p1 move bodypress\n>p2 move knockoff\n>p2 switch 2\n>p1 move poltergeist\n>p2 move thunderwave\n>p1 move poltergeist\n>p2 move poltergeist\n>p2 switch 5\n>p1 move poltergeist\n>p2 move flareblitz terastallize\n>p1 switch 5\n>p1 move dragondance\n>p2 switch 3\n>p1 move ironhead terastallize\n>p2 move dazzlinggleam\n>p2 switch 6\n>p1 move outrage\n>p2 move nuzzle\n>forcelose p2", "uploadtime": 1781414310, "views": 5, "formatid": "gen9randombattle", "rating": null, "private": 0, "password": null}