{"id": "gen9randombattle-2631613915", "format": "[Gen 9] Random Battle", "players": ["efalunt", "nardodick"], "log": "|badge|p2|bronze|gen9randombattle|100-9\n|uhtml|medal-msg|<div class=\"broadcast-blue\">Curious what those medals under the avatar are? PS now has Ladder Seasons! For more information, check out the <a href=\"https://www.smogon.com/forums/threads/3740067/\">thread on Smogon.</a></div>\n|j|\u2606efalunt\n|j|\u2606nardodick\n|t:|1781409015\n|gametype|singles\n|player|p1|efalunt|supernerd|2153\n|player|p2|nardodick|169|2346\n|gen|9\n|tier|[Gen 9] Random Battle\n|rated|\n|rule|Species Clause: Limit one of each Pok\u00e9mon\n|rule|HP Percentage Mod: HP is shown in percentages\n|rule|Sleep Clause Mod: Limit one foe put to sleep\n|rule|Illusion Level Mod: Illusion disguises the Pok\u00e9mon's true level\n|\n|t:|1781409015\n|teamsize|p1|6\n|teamsize|p2|6\n|start\n|switch|p1a: Bombirdier|Bombirdier, L85, M|258/258\n|switch|p2a: Regice|Regice, L88|284/284\n|turn|1\n|inactive|Battle timer is ON: inactive players will automatically lose when time's up. (requested by nardodick)\n|inactive|efalunt also wants the timer to be on.\n|\n|t:|1781409029\n|move|p1a: Bombirdier|Knock Off|p2a: Regice\n|-damage|p2a: Regice|193/284\n|-enditem|p2a: Regice|Heavy-Duty Boots|[from] move: Knock Off|[of] p1a: Bombirdier\n|move|p2a: Regice|Thunder Wave|p1a: Bombirdier\n|-status|p1a: Bombirdier|par\n|\n|upkeep\n|turn|2\n|\n|t:|1781409031\n|move|p2a: Regice|Ice Beam|p1a: Bombirdier\n|-supereffective|p1a: Bombirdier\n|-damage|p1a: Bombirdier|46/258 par\n|move|p1a: Bombirdier|Brave Bird|p2a: Regice\n|-damage|p2a: Regice|81/284\n|-damage|p1a: Bombirdier|9/258 par|[from] Recoil\n|\n|upkeep\n|turn|3\n|\n|t:|1781409034\n|move|p1a: Bombirdier|Sucker Punch|p2a: Regice\n|-damage|p2a: Regice|14/284\n|move|p2a: Regice|Ice Beam|p1a: Bombirdier\n|-supereffective|p1a: Bombirdier\n|-crit|p1a: Bombirdier\n|-damage|p1a: Bombirdier|0 fnt\n|faint|p1a: Bombirdier\n|\n|upkeep\n|\n|t:|1781409038\n|switch|p1a: Spectrier|Spectrier, L75|274/274\n|turn|4\n|\n|t:|1781409054\n|switch|p2a: Toucannon|Toucannon, L88, F|284/284\n|move|p1a: Spectrier|Substitute|p1a: Spectrier\n|-start|p1a: Spectrier|Substitute\n|-damage|p1a: Spectrier|206/274\n|\n|-heal|p1a: Spectrier|223/274|[from] item: Leftovers\n|upkeep\n|turn|5\n|\n|t:|1781409065\n|move|p1a: Spectrier|Nasty Plot|p1a: Spectrier\n|-boost|p1a: Spectrier|spa|2\n|move|p2a: Toucannon|Bullet Seed|p1a: Spectrier\n|-activate|p1a: Spectrier|move: Substitute|[damage]\n|-end|p1a: Spectrier|Substitute\n|-damage|p1a: Spectrier|186/274\n|-damage|p1a: Spectrier|149/274\n|-damage|p1a: Spectrier|111/274\n|-hitcount|p1a: Spectrier|5\n|\n|-heal|p1a: Spectrier|128/274|[from] item: Leftovers\n|upkeep\n|turn|6\n|\n|t:|1781409073\n|switch|p1a: Swanna|Swanna, L89, M|278/278\n|move|p2a: Toucannon|Bullet Seed|p1a: Swanna\n|-damage|p1a: Swanna|251/278\n|-damage|p1a: Swanna|222/278\n|-damage|p1a: Swanna|192/278\n|-damage|p1a: Swanna|164/278\n|-damage|p1a: Swanna|134/278\n|-hitcount|p1a: Swanna|5\n|\n|upkeep\n|turn|7\n|\n|t:|1781409085\n|-singleturn|p2a: Toucannon|move: Beak Blast\n|move|p1a: Swanna|Hydro Pump|p2a: Toucannon\n|-damage|p2a: Toucannon|164/284\n|move|p2a: Toucannon|Beak Blast|p1a: Swanna\n|-damage|p1a: Swanna|0 fnt\n|faint|p1a: Swanna\n|\n|upkeep\n|\n|t:|1781409094\n|switch|p1a: Chimecho|Chimecho, L93, F|290/290\n|turn|8\n|\n|t:|1781409102\n|switch|p2a: Spiritomb|Spiritomb, L89, M|234/234\n|move|p1a: Chimecho|Cosmic Power|p1a: Chimecho\n|-boost|p1a: Chimecho|def|1\n|-boost|p1a: Chimecho|spd|1\n|\n|upkeep\n|turn|9\n|\n|t:|1781409107\n|move|p1a: Chimecho|Dazzling Gleam|p2a: Spiritomb\n|-supereffective|p2a: Spiritomb\n|-damage|p2a: Spiritomb|124/234\n|move|p2a: Spiritomb|Poltergeist|p1a: Chimecho\n|-activate|p1a: Chimecho|move: Poltergeist|Leftovers\n|-supereffective|p1a: Chimecho\n|-damage|p1a: Chimecho|140/290\n|\n|-heal|p1a: Chimecho|158/290|[from] item: Leftovers\n|-heal|p2a: Spiritomb|138/234|[from] item: Leftovers\n|upkeep\n|turn|10\n|\n|t:|1781409113\n|-terastallize|p1a: Chimecho|Steel\n|move|p1a: Chimecho|Cosmic Power|p1a: Chimecho\n|-boost|p1a: Chimecho|def|1\n|-boost|p1a: Chimecho|spd|1\n|move|p2a: Spiritomb|Poltergeist|p1a: Chimecho\n|-activate|p1a: Chimecho|move: Poltergeist|Leftovers\n|-damage|p1a: Chimecho|91/290\n|\n|-heal|p1a: Chimecho|109/290|[from] item: Leftovers\n|-heal|p2a: Spiritomb|152/234|[from] item: Leftovers\n|upkeep\n|turn|11\n|\n|t:|1781409116\n|switch|p2a: Volbeat|Volbeat, L90, M|263/263\n|move|p1a: Chimecho|Recover|p1a: Chimecho\n|-heal|p1a: Chimecho|254/290\n|\n|-heal|p1a: Chimecho|272/290|[from] item: Leftovers\n|upkeep\n|turn|12\n|\n|t:|1781409119\n|switch|p1a: Weavile|Weavile, L79, M|240/240\n|move|p2a: Volbeat|Encore|p1a: Weavile\n|-hint|Since gen 7, Dark is immune to Prankster moves.\n|-immune|p1a: Weavile\n|\n|upkeep\n|turn|13\n|\n|t:|1781409123\n|move|p1a: Weavile|Triple Axel|p2a: Volbeat\n|-damage|p2a: Volbeat|241/263\n|-damage|p2a: Volbeat|190/263\n|-crit|p2a: Volbeat\n|-damage|p2a: Volbeat|84/263\n|-hitcount|p2a: Volbeat|3\n|move|p2a: Volbeat|U-turn|p1a: Weavile\n|-supereffective|p1a: Weavile\n|-damage|p1a: Weavile|70/240\n|inactive|nardodick has 120 seconds left.\n|\n|t:|1781409170\n|switch|p2a: Spiritomb|Spiritomb, L89, M|152/234|[from] U-turn\n|\n|-heal|p2a: Spiritomb|166/234|[from] item: Leftovers\n|upkeep\n|turn|14\n|\n|t:|1781409182\n|switch|p1a: Chimecho|Chimecho, L93, F, tera:Steel|272/290\n|move|p2a: Spiritomb|Poltergeist|p1a: Chimecho\n|-activate|p1a: Chimecho|move: Poltergeist|Leftovers\n|-damage|p1a: Chimecho|148/290\n|\n|-heal|p1a: Chimecho|166/290|[from] item: Leftovers\n|-heal|p2a: Spiritomb|180/234|[from] item: Leftovers\n|upkeep\n|turn|15\n|inactive|nardodick has 120 seconds left.\n|\n|t:|1781409193\n|move|p1a: Chimecho|Dazzling Gleam|p2a: Spiritomb\n|-supereffective|p2a: Spiritomb\n|-damage|p2a: Spiritomb|66/234\n|move|p2a: Spiritomb|Poltergeist|p1a: Chimecho\n|-activate|p1a: Chimecho|move: Poltergeist|Leftovers\n|-damage|p1a: Chimecho|48/290\n|\n|-heal|p1a: Chimecho|66/290|[from] item: Leftovers\n|-heal|p2a: Spiritomb|80/234|[from] item: Leftovers\n|upkeep\n|turn|16\n|inactive|nardodick has 120 seconds left.\n|inactive|nardodick has 90 seconds left.\n|\n|t:|1781409247\n|move|p1a: Chimecho|Dazzling Gleam|p2a: Spiritomb\n|-supereffective|p2a: Spiritomb\n|-crit|p2a: Spiritomb\n|-damage|p2a: Spiritomb|0 fnt\n|faint|p2a: Spiritomb\n|\n|-heal|p1a: Chimecho|84/290|[from] item: Leftovers\n|upkeep\n|\n|t:|1781409253\n|switch|p2a: Basculegion|Basculegion-F, L83, F|335/335\n|turn|17\n|\n|t:|1781409258\n|switch|p1a: Milotic|Milotic, L83, M|293/293\n|move|p2a: Basculegion|Shadow Ball|p1a: Milotic\n|-damage|p1a: Milotic|157/293\n|\n|-heal|p1a: Milotic|175/293|[from] item: Leftovers\n|upkeep\n|turn|18\n|\n|t:|1781409263\n|switch|p2a: Regice|Regice, L88|14/284\n|move|p1a: Milotic|Scald|p2a: Regice\n|-damage|p2a: Regice|0 fnt\n|faint|p2a: Regice\n|\n|-heal|p1a: Milotic|193/293|[from] item: Leftovers\n|upkeep\n|inactive|nardodick has 90 seconds left.\n|\n|t:|1781409270\n|switch|p2a: Toucannon|Toucannon, L88, F|164/284\n|turn|19\n|\n|t:|1781409275\n|move|p1a: Milotic|Ice Beam|p2a: Toucannon\n|-supereffective|p2a: Toucannon\n|-damage|p2a: Toucannon|26/284\n|move|p2a: Toucannon|Bullet Seed|p1a: Milotic\n|-supereffective|p1a: Milotic\n|-damage|p1a: Milotic|141/293\n|-supereffective|p1a: Milotic\n|-damage|p1a: Milotic|93/293\n|-supereffective|p1a: Milotic\n|-damage|p1a: Milotic|47/293\n|-supereffective|p1a: Milotic\n|-damage|p1a: Milotic|0 fnt\n|faint|p1a: Milotic\n|-hitcount|p1: Milotic|4\n|\n|upkeep\n|\n|t:|1781409279\n|switch|p1a: Spectrier|Spectrier, L75|128/274\n|turn|20\n|inactive|nardodick has 90 seconds left.\n|inactive|nardodick has 60 seconds left.\n|\n|t:|1781409346\n|switch|p2a: Basculegion|Basculegion-F, L83, F|335/335\n|move|p1a: Spectrier|Tera Blast|p2a: Basculegion\n|-immune|p2a: Basculegion\n|\n|-heal|p1a: Spectrier|145/274|[from] item: Leftovers\n|upkeep\n|turn|21\n|\n|t:|1781409358\n|switch|p1a: Chimecho|Chimecho, L93, F, tera:Steel|84/290\n|move|p2a: Basculegion|Shadow Ball|p1a: Chimecho\n|-damage|p1a: Chimecho|0 fnt\n|faint|p1a: Chimecho\n|\n|upkeep\n|\n|t:|1781409360\n|switch|p1a: Weavile|Weavile, L79, M|70/240\n|turn|22\n|inactive|nardodick has 60 seconds left.\n|\n|t:|1781409367\n|move|p1a: Weavile|Knock Off|p2a: Basculegion\n|-supereffective|p2a: Basculegion\n|-damage|p2a: Basculegion|47/335\n|-enditem|p2a: Basculegion|Choice Specs|[from] move: Knock Off|[of] p1a: Weavile\n|move|p2a: Basculegion|Shadow Ball|p1a: Weavile\n|-resisted|p1a: Weavile\n|-damage|p1a: Weavile|11/240\n|-unboost|p1a: Weavile|spd|1\n|\n|upkeep\n|turn|23\n|\n|t:|1781409374\n|move|p1a: Weavile|Knock Off|p2a: Basculegion\n|-supereffective|p2a: Basculegion\n|-damage|p2a: Basculegion|0 fnt\n|faint|p2a: Basculegion\n|\n|upkeep\n|\n|t:|1781409381\n|switch|p2a: Toucannon|Toucannon, L88, F|26/284\n|turn|24\n|\n|t:|1781409392\n|-singleturn|p2a: Toucannon|move: Beak Blast\n|move|p1a: Weavile|Knock Off|p2a: Toucannon\n|-damage|p2a: Toucannon|0 fnt\n|-status|p1a: Weavile|brn\n|-enditem|p2a: Toucannon|Heavy-Duty Boots|[from] move: Knock Off|[of] p1a: Weavile\n|faint|p2a: Toucannon\n|\n|-damage|p1a: Weavile|0 fnt|[from] brn\n|faint|p1a: Weavile\n|upkeep\n|\n|t:|1781409397\n|switch|p1a: Spectrier|Spectrier, L75|145/274\n|switch|p2a: Volbeat|Volbeat, L90, M|84/263\n|turn|25\n|\n|t:|1781409400\n|move|p2a: Volbeat|Thunder Wave|p1a: Spectrier|[miss]\n|-miss|p2a: Volbeat|p1a: Spectrier\n|move|p1a: Spectrier|Shadow Ball|p2a: Volbeat\n|-damage|p2a: Volbeat|0 fnt\n|faint|p2a: Volbeat\n|-ability|p1a: Spectrier|Grim Neigh|boost\n|-boost|p1a: Spectrier|spa|1\n|\n|-heal|p1a: Spectrier|162/274|[from] item: Leftovers\n|upkeep\n|\n|t:|1781409402\n|switch|p2a: Torterra|Torterra, L78, M|276/276\n|turn|26\n|\n|t:|1781409408\n|-terastallize|p2a: Torterra|Grass\n|move|p1a: Spectrier|Shadow Ball|p2a: Torterra\n|-damage|p2a: Torterra|125/276\n|move|p2a: Torterra|Bullet Seed|p1a: Spectrier\n|-damage|p1a: Spectrier|116/274\n|-damage|p1a: Spectrier|64/274\n|-damage|p1a: Spectrier|14/274\n|-damage|p1a: Spectrier|0 fnt\n|faint|p1a: Spectrier\n|-hitcount|p1: Spectrier|4\n|\n|win|nardodick\n", "inputlog": ">version a8376a258c1d4662feba110a92103f3664a72141\n>start {\"formatid\":\"gen9randombattle\",\"seed\":\"sodium,6d501fb9b19b7a87a10c17ab57f61f90\",\"rated\":\"Rated battle\"}\n>player p1 {\"name\":\"efalunt\",\"avatar\":\"supernerd\",\"rating\":2153,\"seed\":\"sodium,362610c38f48287f0bb8f4ab8c40ffb2\"}\n>player p2 {\"name\":\"nardodick\",\"avatar\":\"169\",\"rating\":2346,\"seed\":\"sodium,457c53c96f415e16f7d9d2369e58bab2\"}\n>p1 move knockoff\n>p2 move thunderwave\n>p1 move bravebird\n>p2 move icebeam\n>p1 move suckerpunch\n>p2 move icebeam\n>p1 switch 6\n>p1 move substitute\n>p2 switch 2\n>p1 move nastyplot\n>p2 move bulletseed\n>p1 switch 4\n>p2 move bulletseed\n>p1 move hydropump\n>p2 move beakblast\n>p1 switch 2\n>p1 move cosmicpower\n>p2 switch 6\n>p1 move dazzlinggleam\n>p2 move poltergeist\n>p1 move cosmicpower terastallize\n>p2 move poltergeist\n>p1 move recover\n>p2 switch 3\n>p1 switch 5\n>p2 move encore\n>p1 move tripleaxel\n>p2 move uturn\n>p2 switch 3\n>p1 switch 5\n>p2 move poltergeist\n>p1 move dazzlinggleam\n>p2 move poltergeist\n>p1 move dazzlinggleam\n>p2 move poltergeist\n>p2 switch 5\n>p1 switch 3\n>p2 move shadowball\n>p1 move scald\n>p2 switch 2\n>p2 switch 6\n>p1 move icebeam\n>p2 move bulletseed\n>p1 switch 4\n>p1 move terablast\n>p2 switch 2\n>p1 switch 3\n>p2 move shadowball\n>p1 switch 5\n>p1 move knockoff\n>p2 move shadowball\n>p1 move knockoff\n>p2 move flipturn\n>p2 switch 2\n>p1 move knockoff\n>p2 move beakblast\n>p1 switch 3\n>p2 switch 3\n>p1 move shadowball\n>p2 move thunderwave\n>p2 switch 4\n>p1 move shadowball\n>p2 move bulletseed terastallize", "uploadtime": 1781409018, "views": 5, "formatid": "gen9randombattle", "rating": null, "private": 0, "password": null}