{"id": "gen9randombattle-2631886888", "format": "[Gen 9] Random Battle", "players": ["Lemongrab23", "arukanu"], "log": "|j|\u2606Lemongrab23\n|j|\u2606arukanu\n|t:|1781452136\n|gametype|singles\n|player|p1|Lemongrab23|bruno|1926\n|player|p2|arukanu|caitlin|1950\n|gen|9\n|tier|[Gen 9] Random Battle\n|rated|\n|rule|Species Clause: Limit one of each Pok\u00e9mon\n|rule|HP Percentage Mod: HP is shown in percentages\n|rule|Sleep Clause Mod: Limit one foe put to sleep\n|rule|Illusion Level Mod: Illusion disguises the Pok\u00e9mon's true level\n|\n|t:|1781452136\n|teamsize|p1|6\n|teamsize|p2|6\n|start\n|switch|p1a: Emboar|Emboar, L84, M|322/322\n|switch|p2a: Heracross|Heracross, L80, F|259/259\n|turn|1\n|inactive|Battle timer is ON: inactive players will automatically lose when time's up. (requested by arukanu)\n|\n|t:|1781452187\n|switch|p2a: Gliscor|Gliscor, L76, M|239/239\n|move|p1a: Emboar|Bulk Up|p1a: Emboar\n|-boost|p1a: Emboar|atk|1\n|-boost|p1a: Emboar|def|1\n|\n|-status|p2a: Gliscor|tox|[from] item: Toxic Orb\n|upkeep\n|turn|2\n|\n|t:|1781452197\n|move|p2a: Gliscor|Toxic Spikes|p1a: Emboar\n|-sidestart|p1: Lemongrab23|move: Toxic Spikes\n|move|p1a: Emboar|Trailblaze|p2a: Gliscor\n|-damage|p2a: Gliscor|189/239 tox\n|-boost|p1a: Emboar|spe|1\n|\n|-heal|p2a: Gliscor|218/239 tox|[from] ability: Poison Heal\n|upkeep\n|turn|3\n|\n|t:|1781452206\n|move|p1a: Emboar|Bulk Up|p1a: Emboar\n|-boost|p1a: Emboar|atk|1\n|-boost|p1a: Emboar|def|1\n|move|p2a: Gliscor|Knock Off|p1a: Emboar\n|-resisted|p1a: Emboar\n|-damage|p1a: Emboar|306/322\n|-enditem|p1a: Emboar|Leftovers|[from] move: Knock Off|[of] p2a: Gliscor\n|\n|-heal|p2a: Gliscor|239/239 tox|[from] ability: Poison Heal\n|upkeep\n|turn|4\n|\n|t:|1781452212\n|move|p1a: Emboar|Flare Blitz|p2a: Gliscor\n|-damage|p2a: Gliscor|0 fnt\n|faint|p2a: Gliscor\n|-damage|p1a: Emboar|227/322|[from] Recoil\n|\n|upkeep\n|\n|t:|1781452225\n|switch|p2a: Milotic|Milotic, L83, M|293/293\n|turn|5\n|\n|t:|1781452241\n|move|p1a: Emboar|Drain Punch|p2a: Milotic\n|-damage|p2a: Milotic|92/293\n|-heal|p1a: Emboar|322/322|[from] drain|[of] p2a: Milotic\n|move|p2a: Milotic|Scald|p1a: Emboar\n|-supereffective|p1a: Emboar\n|-damage|p1a: Emboar|116/322\n|\n|-heal|p2a: Milotic|110/293|[from] item: Leftovers\n|upkeep\n|turn|6\n|\n|t:|1781452254\n|move|p1a: Emboar|Drain Punch|p2a: Milotic\n|-damage|p2a: Milotic|0 fnt\n|-heal|p1a: Emboar|171/322|[from] drain|[of] p2a: Milotic\n|faint|p2a: Milotic\n|\n|upkeep\n|\n|t:|1781452268\n|switch|p2a: Golem|Golem, L87, M|281/281\n|turn|7\n|inactive|Lemongrab23 has 120 seconds left.\n|\n|t:|1781452313\n|move|p1a: Emboar|Drain Punch|p2a: Golem\n|-supereffective|p2a: Golem\n|-damage|p2a: Golem|29/281\n|-heal|p1a: Emboar|297/322|[from] drain|[of] p2a: Golem\n|-enditem|p2a: Golem|Weakness Policy\n|-boost|p2a: Golem|atk|2|[from] item: Weakness Policy\n|-boost|p2a: Golem|spa|2|[from] item: Weakness Policy\n|move|p2a: Golem|Explosion|p1a: Emboar\n|-damage|p1a: Emboar|38/322\n|faint|p2a: Golem\n|\n|upkeep\n|\n|t:|1781452323\n|switch|p2a: Heracross|Heracross, L80, F|259/259\n|turn|8\n|\n|t:|1781452334\n|move|p2a: Heracross|Earthquake|p1a: Emboar\n|-supereffective|p1a: Emboar\n|-damage|p1a: Emboar|0 fnt\n|faint|p1a: Emboar\n|-ability|p2a: Heracross|Moxie|boost\n|-boost|p2a: Heracross|atk|1\n|\n|upkeep\n|\n|t:|1781452339\n|switch|p1a: Misdreavus|Misdreavus, L90, F|254/254\n|turn|9\n|\n|t:|1781452345\n|switch|p2a: Florges|Florges-Blue, L85, F|271/271\n|move|p1a: Misdreavus|Calm Mind|p1a: Misdreavus\n|-boost|p1a: Misdreavus|spa|1\n|-boost|p1a: Misdreavus|spd|1\n|\n|upkeep\n|turn|10\n|inactive|Lemongrab23 has 120 seconds left.\n|\n|t:|1781452354\n|switch|p1a: Eternatus|Eternatus, L69|308/308\n|-sideend|p1: Lemongrab23|move: Toxic Spikes|[of] p1a: Eternatus\n|-ability|p1a: Eternatus|Pressure\n|move|p2a: Florges|Calm Mind|p2a: Florges\n|-boost|p2a: Florges|spa|1\n|-boost|p2a: Florges|spd|1\n|\n|upkeep\n|turn|11\n|\n|t:|1781452369\n|-terastallize|p2a: Florges|Steel\n|move|p1a: Eternatus|Toxic|p2a: Florges\n|-immune|p2a: Florges\n|move|p2a: Florges|Calm Mind|p2a: Florges\n|-boost|p2a: Florges|spa|1\n|-boost|p2a: Florges|spd|1\n|\n|upkeep\n|turn|12\n|\n|t:|1781452379\n|switch|p1a: Oinkologne|Oinkologne, L92, M|352/352\n|move|p2a: Florges|Calm Mind|p2a: Florges\n|-boost|p2a: Florges|spa|1\n|-boost|p2a: Florges|spd|1\n|\n|upkeep\n|turn|13\n|\n|t:|1781452387\n|move|p2a: Florges|Moonblast|p1a: Oinkologne\n|-damage|p1a: Oinkologne|69/352\n|-unboost|p1a: Oinkologne|spa|1\n|move|p1a: Oinkologne|High Horsepower|p2a: Florges\n|-supereffective|p2a: Florges\n|-damage|p2a: Florges|79/271\n|\n|-heal|p2a: Florges|95/271|[from] item: Leftovers\n|-heal|p1a: Oinkologne|91/352|[from] item: Leftovers\n|upkeep\n|turn|14\n|\n|t:|1781452400\n|move|p2a: Florges|Moonblast|p1a: Oinkologne\n|-damage|p1a: Oinkologne|0 fnt\n|faint|p1a: Oinkologne\n|\n|-heal|p2a: Florges|111/271|[from] item: Leftovers\n|upkeep\n|\n|t:|1781452412\n|switch|p1a: Eternatus|Eternatus, L69|308/308\n|-ability|p1a: Eternatus|Pressure\n|turn|15\n|\n|t:|1781452416\n|move|p2a: Florges|Protect|p2a: Florges\n|-singleturn|p2a: Florges|Protect\n|move|p1a: Eternatus|Flamethrower|p2a: Florges\n|-activate|p2a: Florges|move: Protect\n|\n|-heal|p2a: Florges|127/271|[from] item: Leftovers\n|upkeep\n|turn|16\n|\n|t:|1781452421\n|move|p1a: Eternatus|Flamethrower|p2a: Florges\n|-supereffective|p2a: Florges\n|-damage|p2a: Florges|97/271\n|move|p2a: Florges|Wish|p2a: Florges\n|\n|-heal|p2a: Florges|113/271|[from] item: Leftovers\n|upkeep\n|turn|17\n|\n|t:|1781452426\n|switch|p1a: Poliwrath|Poliwrath, L88, M|302/302\n|move|p2a: Florges|Calm Mind|p2a: Florges\n|-boost|p2a: Florges|spa|1\n|-boost|p2a: Florges|spd|1\n|\n|-heal|p2a: Florges|248/271|[from] move: Wish|[wisher] Florges\n|-heal|p2a: Florges|264/271|[from] item: Leftovers\n|upkeep\n|turn|18\n|\n|t:|1781452431\n|-terastallize|p1a: Poliwrath|Water\n|move|p2a: Florges|Moonblast|p1a: Poliwrath\n|-damage|p1a: Poliwrath|0 fnt\n|faint|p1a: Poliwrath\n|\n|-heal|p2a: Florges|271/271|[from] item: Leftovers\n|upkeep\n|-message|Lemongrab23 forfeited.\n|\n|win|arukanu\n", "inputlog": ">version a8376a258c1d4662feba110a92103f3664a72141\n>start {\"formatid\":\"gen9randombattle\",\"seed\":\"sodium,c62b4442bced6f3ecbb8122ea7dbb5a0\",\"rated\":\"Rated battle\"}\n>player p1 {\"name\":\"Lemongrab23\",\"avatar\":\"bruno\",\"rating\":1926,\"seed\":\"sodium,3c0d4925a273af3bcdd24a459ace13ef\"}\n>player p2 {\"name\":\"arukanu\",\"avatar\":\"caitlin\",\"rating\":1950,\"seed\":\"sodium,b4735a82d1fd160785408321ae42af8f\"}\n>p1 move bulkup\n>p2 switch 4\n>p1 move trailblaze\n>p2 move toxicspikes\n>p1 move bulkup\n>p2 move knockoff\n>p1 move flareblitz\n>p2 move toxicspikes\n>p2 switch 5\n>p1 move drainpunch\n>p2 move scald\n>p1 move drainpunch\n>p2 move scald\n>p2 switch 6\n>p1 move drainpunch\n>p2 move explosion\n>p2 switch 4\n>p1 move flareblitz\n>p2 move earthquake\n>p1 switch 2\n>p1 move calmmind\n>p2 switch 2\n>p1 switch 4\n>p2 move calmmind\n>p1 move toxic\n>p2 move calmmind terastallize\n>p1 switch 3\n>p2 move calmmind\n>p1 move highhorsepower\n>p2 move moonblast\n>p1 move highhorsepower\n>p2 move moonblast\n>p1 switch 3\n>p1 move flamethrower\n>p2 move protect\n>p1 move flamethrower\n>p2 move wish\n>p1 switch 6\n>p2 move calmmind\n>p1 move drainpunch terastallize\n>p2 move moonblast\n>forcelose p1", "uploadtime": 1781452138, "views": 6, "formatid": "gen9randombattle", "rating": null, "private": 0, "password": null}