{"id": "gen9randombattle-2631457746", "format": "[Gen 9] Random Battle", "players": ["moritzvb", "gnostechnician"], "log": "|j|\u2606moritzvb\n|j|\u2606gnostechnician\n|t:|1781387077\n|gametype|singles\n|player|p1|moritzvb|ariana|2209\n|player|p2|gnostechnician|burglar-gen1rb|2048\n|gen|9\n|tier|[Gen 9] Random Battle\n|rated|\n|rule|Species Clause: Limit one of each Pok\u00e9mon\n|rule|HP Percentage Mod: HP is shown in percentages\n|rule|Sleep Clause Mod: Limit one foe put to sleep\n|rule|Illusion Level Mod: Illusion disguises the Pok\u00e9mon's true level\n|\n|t:|1781387077\n|teamsize|p1|6\n|teamsize|p2|6\n|start\n|switch|p1a: Magmortar|Magmortar, L88, F|275/275\n|switch|p2a: Seviper|Seviper, L93, F|287/287\n|turn|1\n|\n|t:|1781387114\n|move|p1a: Magmortar|Fire Blast|p2a: Seviper\n|-damage|p2a: Seviper|100/287\n|move|p2a: Seviper|Earthquake|p1a: Magmortar\n|-supereffective|p1a: Magmortar\n|-crit|p1a: Magmortar\n|-damage|p1a: Magmortar|0 fnt\n|faint|p1a: Magmortar\n|\n|-heal|p2a: Seviper|117/287|[from] item: Leftovers\n|upkeep\n|\n|t:|1781387129\n|switch|p1a: Golduck|Golduck, L90, F|290/290\n|-ability|p1a: Golduck|Cloud Nine\n|turn|2\n|\n|t:|1781387156\n|move|p1a: Golduck|Hydro Pump|p2a: Seviper\n|-crit|p2a: Seviper\n|-damage|p2a: Seviper|0 fnt\n|faint|p2a: Seviper\n|-damage|p1a: Golduck|261/290|[from] item: Life Orb\n|\n|upkeep\n|inactive|Battle timer is ON: inactive players will automatically lose when time's up. (requested by moritzvb)\n|\n|t:|1781387181\n|switch|p2a: Ninetales|Ninetales-Alola, L78, M|242/242\n|-weather|Snowscape|[from] ability: Snow Warning|[of] p2a: Ninetales\n|turn|3\n|\n|t:|1781387196\n|move|p2a: Ninetales|Aurora Veil||[still]\n|-fail|p2a: Ninetales\n|move|p1a: Golduck|Hydro Pump|p2a: Ninetales|[miss]\n|-miss|p1a: Golduck|p2a: Ninetales\n|\n|-weather|Snowscape|[upkeep]\n|upkeep\n|turn|4\n|c|\u2606gnostechnician|I may be stupid\n|\n|t:|1781387209\n|move|p2a: Ninetales|Freeze-Dry|p1a: Golduck\n|-supereffective|p1a: Golduck\n|-damage|p1a: Golduck|135/290\n|move|p1a: Golduck|Hydro Pump|p2a: Ninetales|[miss]\n|-miss|p1a: Golduck|p2a: Ninetales\n|\n|-weather|Snowscape|[upkeep]\n|upkeep\n|turn|5\n|c|\u2606moritzvb|happens to the best of us\n|\n|t:|1781387215\n|move|p2a: Ninetales|Freeze-Dry|p1a: Golduck\n|-supereffective|p1a: Golduck\n|-damage|p1a: Golduck|9/290\n|move|p1a: Golduck|Hydro Pump|p2a: Ninetales\n|-damage|p2a: Ninetales|74/242\n|-damage|p1a: Golduck|0 fnt|[from] item: Life Orb\n|faint|p1a: Golduck\n|\n|-weather|Snowscape|[upkeep]\n|upkeep\n|\n|t:|1781387227\n|switch|p1a: Skeledirge|Skeledirge, L79, F|294/294\n|turn|6\n|c|\u2606moritzvb|would've been cool to actually hit one more hydro pump\n|\n|t:|1781387251\n|switch|p2a: Infernape|Infernape, L82, F|259/259\n|move|p1a: Skeledirge|Torch Song|p2a: Infernape\n|-resisted|p2a: Infernape\n|-damage|p2a: Infernape|211/259\n|-boost|p1a: Skeledirge|spa|1\n|\n|-weather|Snowscape|[upkeep]\n|upkeep\n|turn|7\n|c|\u2606moritzvb|but such is life\n|c|\u2606gnostechnician|this too happens to the best of us\n|\n|t:|1781387267\n|switch|p1a: Toxapex|Toxapex, L82, M|216/216\n|move|p2a: Infernape|Stone Edge|p1a: Toxapex\n|-crit|p1a: Toxapex\n|-damage|p1a: Toxapex|101/216\n|\n|-weather|none\n|-heal|p1a: Toxapex|114/216|[from] item: Leftovers\n|upkeep\n|turn|8\n|\n|t:|1781387278\n|move|p2a: Infernape|Stone Edge|p1a: Toxapex\n|-damage|p1a: Toxapex|37/216\n|move|p1a: Toxapex|Recover|p1a: Toxapex\n|-heal|p1a: Toxapex|145/216\n|\n|-heal|p1a: Toxapex|158/216|[from] item: Leftovers\n|upkeep\n|turn|9\n|\n|t:|1781387289\n|switch|p2a: Iron Hands|Iron Hands, L79|373/373\n|move|p1a: Toxapex|Liquidation|p2a: Iron Hands\n|-crit|p2a: Iron Hands\n|-damage|p2a: Iron Hands|282/373\n|\n|-heal|p2a: Iron Hands|305/373|[from] item: Leftovers\n|-heal|p1a: Toxapex|171/216|[from] item: Leftovers\n|upkeep\n|turn|10\n|\n|t:|1781387302\n|move|p2a: Iron Hands|Wild Charge|p1a: Toxapex\n|-supereffective|p1a: Toxapex\n|-damage|p1a: Toxapex|21/216\n|-damage|p2a: Iron Hands|267/373|[from] Recoil\n|move|p1a: Toxapex|Toxic|p2a: Iron Hands\n|-status|p2a: Iron Hands|tox\n|\n|-heal|p2a: Iron Hands|290/373 tox|[from] item: Leftovers\n|-heal|p1a: Toxapex|34/216|[from] item: Leftovers\n|-damage|p2a: Iron Hands|267/373 tox|[from] psn\n|upkeep\n|turn|11\n|\n|t:|1781387314\n|-end|p2a: Iron Hands|Quark Drive|[silent]\n|switch|p2a: Infernape|Infernape, L82, F|211/259\n|switch|p1a: Victreebel|Victreebel, L90, M|290/290\n|\n|upkeep\n|turn|12\n|\n|t:|1781387327\n|-terastallize|p1a: Victreebel|Fire\n|move|p2a: Infernape|Flare Blitz|p1a: Victreebel\n|-resisted|p1a: Victreebel\n|-damage|p1a: Victreebel|180/290\n|-damage|p2a: Infernape|175/259|[from] Recoil\n|move|p1a: Victreebel|Sludge Wave|p2a: Infernape\n|-damage|p2a: Infernape|0 fnt\n|faint|p2a: Infernape\n|-damage|p1a: Victreebel|151/290|[from] item: Life Orb\n|\n|upkeep\n|\n|t:|1781387345\n|switch|p2a: Iron Hands|Iron Hands, L79|267/373 tox\n|turn|13\n|\n|t:|1781387354\n|switch|p1a: Skeledirge|Skeledirge, L79, F|294/294\n|move|p2a: Iron Hands|Drain Punch|p1a: Skeledirge\n|-immune|p1a: Skeledirge\n|\n|-heal|p2a: Iron Hands|290/373 tox|[from] item: Leftovers\n|-damage|p2a: Iron Hands|267/373 tox|[from] psn\n|upkeep\n|turn|14\n|\n|t:|1781387367\n|-end|p2a: Iron Hands|Quark Drive|[silent]\n|switch|p2a: Gardevoir|Gardevoir, L83, M|249/249\n|-ability|p2a: Gardevoir|Unaware|Trace|[from] ability: Trace|[of] p1a: Skeledirge\n|move|p1a: Skeledirge|Torch Song|p2a: Gardevoir\n|-damage|p2a: Gardevoir|186/249\n|-boost|p1a: Skeledirge|spa|1\n|\n|upkeep\n|turn|15\n|\n|t:|1781387380\n|move|p2a: Gardevoir|Trick|p1a: Skeledirge\n|-activate|p2a: Gardevoir|move: Trick|[of] p1a: Skeledirge\n|-item|p1a: Skeledirge|Choice Scarf|[from] move: Trick\n|-item|p2a: Gardevoir|Heavy-Duty Boots|[from] move: Trick\n|move|p1a: Skeledirge|Hex|p2a: Gardevoir\n|-supereffective|p2a: Gardevoir\n|-damage|p2a: Gardevoir|66/249\n|\n|upkeep\n|turn|16\n|inactive|gnostechnician has 120 seconds left.\n|\n|t:|1781387407\n|switch|p2a: Iron Hands|Iron Hands, L79|267/373 tox\n|move|p1a: Skeledirge|Hex|p2a: Iron Hands\n|-damage|p2a: Iron Hands|24/373 tox\n|\n|-heal|p2a: Iron Hands|47/373 tox|[from] item: Leftovers\n|-damage|p2a: Iron Hands|24/373 tox|[from] psn\n|upkeep\n|turn|17\n|\n|t:|1781387413\n|move|p1a: Skeledirge|Hex|p2a: Iron Hands\n|-damage|p2a: Iron Hands|0 fnt\n|faint|p2a: Iron Hands\n|-end|p2a: Iron Hands|Quark Drive|[silent]\n|\n|upkeep\n|inactive|gnostechnician has 120 seconds left.\n|\n|t:|1781387425\n|switch|p2a: Ninetales|Ninetales-Alola, L78, M|74/242\n|-weather|Snowscape|[from] ability: Snow Warning|[of] p2a: Ninetales\n|turn|18\n|\n|t:|1781387431\n|move|p1a: Skeledirge|Hex|p2a: Ninetales\n|-damage|p2a: Ninetales|0 fnt\n|faint|p2a: Ninetales\n|\n|-weather|Snowscape|[upkeep]\n|upkeep\n|inactive|gnostechnician has 120 seconds left.\n|\n|t:|1781387446\n|switch|p2a: Bellossom|Bellossom, L84, F|263/263\n|turn|19\n|\n|t:|1781387470\n|switch|p1a: Drifblim|Drifblim, L86, F|396/396\n|move|p2a: Bellossom|Quiver Dance|p2a: Bellossom\n|-boost|p2a: Bellossom|spa|1\n|-boost|p2a: Bellossom|spd|1\n|-boost|p2a: Bellossom|spe|1\n|\n|-weather|Snowscape|[upkeep]\n|upkeep\n|turn|20\n|\n|t:|1781387483\n|move|p2a: Bellossom|Quiver Dance|p2a: Bellossom\n|-boost|p2a: Bellossom|spa|1\n|-boost|p2a: Bellossom|spd|1\n|-boost|p2a: Bellossom|spe|1\n|move|p1a: Drifblim|Calm Mind|p1a: Drifblim\n|-boost|p1a: Drifblim|spa|1\n|-boost|p1a: Drifblim|spd|1\n|\n|-weather|Snowscape|[upkeep]\n|upkeep\n|turn|21\n|\n|t:|1781387490\n|move|p2a: Bellossom|Quiver Dance|p2a: Bellossom\n|-boost|p2a: Bellossom|spa|1\n|-boost|p2a: Bellossom|spd|1\n|-boost|p2a: Bellossom|spe|1\n|move|p1a: Drifblim|Calm Mind|p1a: Drifblim\n|-boost|p1a: Drifblim|spa|1\n|-boost|p1a: Drifblim|spd|1\n|\n|-weather|Snowscape|[upkeep]\n|upkeep\n|turn|22\n|\n|t:|1781387498\n|move|p2a: Bellossom|Quiver Dance|p2a: Bellossom\n|-boost|p2a: Bellossom|spa|1\n|-boost|p2a: Bellossom|spd|1\n|-boost|p2a: Bellossom|spe|1\n|move|p1a: Drifblim|Calm Mind|p1a: Drifblim\n|-boost|p1a: Drifblim|spa|1\n|-boost|p1a: Drifblim|spd|1\n|\n|-weather|none\n|upkeep\n|turn|23\n|\n|t:|1781387502\n|move|p2a: Bellossom|Quiver Dance|p2a: Bellossom\n|-boost|p2a: Bellossom|spa|1\n|-boost|p2a: Bellossom|spd|1\n|-boost|p2a: Bellossom|spe|1\n|move|p1a: Drifblim|Calm Mind|p1a: Drifblim\n|-boost|p1a: Drifblim|spa|1\n|-boost|p1a: Drifblim|spd|1\n|\n|upkeep\n|turn|24\n|\n|t:|1781387504\n|move|p2a: Bellossom|Quiver Dance|p2a: Bellossom\n|-boost|p2a: Bellossom|spa|1\n|-boost|p2a: Bellossom|spd|1\n|-boost|p2a: Bellossom|spe|1\n|move|p1a: Drifblim|Calm Mind|p1a: Drifblim\n|-boost|p1a: Drifblim|spa|1\n|-boost|p1a: Drifblim|spd|1\n|\n|upkeep\n|turn|25\n|\n|t:|1781387509\n|-terastallize|p2a: Bellossom|Fire\n|move|p2a: Bellossom|Tera Blast|p1a: Drifblim|[anim] Tera Blast Fire\n|-damage|p1a: Drifblim|279/396\n|move|p1a: Drifblim|Calm Mind|p1a: Drifblim\n|-boost|p1a: Drifblim|spa|1\n|-boost|p1a: Drifblim|spd|1\n|\n|upkeep\n|turn|26\n|\n|t:|1781387516\n|move|p2a: Bellossom|Tera Blast|p1a: Drifblim|[anim] Tera Blast Fire\n|-damage|p1a: Drifblim|170/396\n|-enditem|p1a: Drifblim|Sitrus Berry|[eat]\n|-heal|p1a: Drifblim|269/396|[from] item: Sitrus Berry\n|move|p1a: Drifblim|Shadow Ball|p2a: Bellossom\n|-damage|p2a: Bellossom|184/263\n|\n|-heal|p2a: Bellossom|200/263|[from] item: Leftovers\n|upkeep\n|turn|27\n|\n|t:|1781387522\n|move|p2a: Bellossom|Tera Blast|p1a: Drifblim|[anim] Tera Blast Fire\n|-damage|p1a: Drifblim|164/396\n|move|p1a: Drifblim|Air Slash|p2a: Bellossom\n|-damage|p2a: Bellossom|125/263\n|\n|-heal|p2a: Bellossom|141/263|[from] item: Leftovers\n|upkeep\n|turn|28\n|\n|t:|1781387537\n|move|p2a: Bellossom|Tera Blast|p1a: Drifblim|[anim] Tera Blast Fire\n|-damage|p1a: Drifblim|61/396\n|move|p1a: Drifblim|Shadow Ball|p2a: Bellossom\n|-damage|p2a: Bellossom|68/263\n|-unboost|p2a: Bellossom|spd|1\n|\n|-heal|p2a: Bellossom|84/263|[from] item: Leftovers\n|upkeep\n|turn|29\n|\n|t:|1781387542\n|move|p2a: Bellossom|Strength Sap|p1a: Drifblim\n|-unboost|p1a: Drifblim|atk|1\n|-heal|p2a: Bellossom|226/263\n|move|p1a: Drifblim|Shadow Ball|p2a: Bellossom\n|-crit|p2a: Bellossom\n|-damage|p2a: Bellossom|0 fnt\n|faint|p2a: Bellossom\n|\n|upkeep\n|-message|gnostechnician forfeited.\n|\n|win|moritzvb\n", "inputlog": ">version a8376a258c1d4662feba110a92103f3664a72141\n>start {\"formatid\":\"gen9randombattle\",\"seed\":\"sodium,7fbde78098a02a9a95e8732417a41379\",\"rated\":\"Rated battle\"}\n>player p1 {\"name\":\"moritzvb\",\"avatar\":\"ariana\",\"rating\":2209,\"seed\":\"sodium,fd14a27166b6d69c7aabc3e0b7f0178b\"}\n>player p2 {\"name\":\"gnostechnician\",\"avatar\":\"burglar-gen1rb\",\"rating\":2048,\"seed\":\"sodium,94f2c984300787b4aa561cb27ea2de02\"}\n>p1 move fireblast\n>p2 move earthquake\n>p1 switch 2\n>p1 move hydropump\n>p2 move trailblaze\n>p2 switch 4\n>p1 move hydropump\n>p2 move auroraveil\n>chat \u2606gnostechnician|I may be stupid\n>p1 move hydropump\n>p2 move freezedry\n>chat \u2606moritzvb|happens to the best of us\n>p1 move hydropump\n>p2 move freezedry\n>p1 switch 3\n>chat \u2606moritzvb|would've been cool to actually hit one more hydro pump\n>p1 move torchsong\n>p2 switch 2\n>chat \u2606moritzvb|but such is life\n>chat \u2606gnostechnician|this too happens to the best of us\n>p1 switch 4\n>p2 move stoneedge\n>p1 move recover\n>p2 move stoneedge\n>p1 move liquidation\n>p2 switch 3\n>p1 move toxic\n>p2 move wildcharge\n>p1 switch 5\n>p2 switch 3\n>p1 move sludgewave terastallize\n>p2 move flareblitz\n>p2 switch 3\n>p1 switch 4\n>p2 move drainpunch\n>p1 move torchsong\n>p2 switch 5\n>p1 move hex\n>p2 move trick\n>p1 move hex\n>p2 switch 5\n>p1 move hex\n>p2 move wildcharge\n>p2 switch 2\n>p1 move hex\n>p2 move auroraveil\n>p2 switch 6\n>p1 switch 6\n>p2 move quiverdance\n>p1 move calmmind\n>p2 move quiverdance\n>p1 move calmmind\n>p2 move quiverdance\n>p1 move calmmind\n>p2 move quiverdance\n>p1 move calmmind\n>p2 move quiverdance\n>p1 move calmmind\n>p2 move quiverdance\n>p1 move calmmind\n>p2 move terablast terastallize\n>p1 move shadowball\n>p2 move terablast\n>p1 move airslash\n>p2 move terablast\n>p1 move shadowball\n>p2 move terablast\n>p1 move shadowball\n>p2 move strengthsap\n>forcelose p2", "uploadtime": 1781387079, "views": 10, "formatid": "gen9randombattle", "rating": null, "private": 0, "password": null}