{"id": "gen9randombattle-2631738743", "format": "[Gen 9] Random Battle", "players": ["nqg", "huh blue"], "log": "|j|\u2606nqg\n|j|\u2606huh blue\n|t:|1781431576\n|gametype|singles\n|player|p1|nqg|102|1952\n|player|p2|huh blue|steven|1986\n|gen|9\n|tier|[Gen 9] Random Battle\n|rated|\n|rule|Species Clause: Limit one of each Pok\u00e9mon\n|rule|HP Percentage Mod: HP is shown in percentages\n|rule|Sleep Clause Mod: Limit one foe put to sleep\n|rule|Illusion Level Mod: Illusion disguises the Pok\u00e9mon's true level\n|\n|t:|1781431576\n|teamsize|p1|6\n|teamsize|p2|6\n|start\n|switch|p1a: Malamar|Malamar, L82, F|275/275\n|switch|p2a: Gallade|Gallade, L80, M|240/240\n|turn|1\n|inactive|Battle timer is ON: inactive players will automatically lose when time's up. (requested by huh blue)\n|\n|t:|1781431584\n|move|p2a: Gallade|Sacred Sword|p1a: Malamar\n|-damage|p1a: Malamar|63/275\n|-damage|p2a: Gallade|216/240|[from] item: Life Orb\n|move|p1a: Malamar|Knock Off|p2a: Gallade\n|-damage|p2a: Gallade|98/240\n|-enditem|p2a: Gallade|Life Orb|[from] move: Knock Off|[of] p1a: Malamar\n|\n|-heal|p1a: Malamar|80/275|[from] item: Leftovers\n|upkeep\n|turn|2\n|\n|t:|1781431595\n|switch|p1a: Dachsbun|Dachsbun, L92, F|254/254\n|move|p2a: Gallade|Sacred Sword|p1a: Dachsbun\n|-resisted|p1a: Dachsbun\n|-damage|p1a: Dachsbun|197/254\n|\n|-heal|p1a: Dachsbun|212/254|[from] item: Leftovers\n|upkeep\n|turn|3\n|\n|t:|1781431614\n|switch|p2a: Leavanny|Leavanny, L86, F|269/269\n|move|p1a: Dachsbun|Play Rough|p2a: Leavanny\n|-damage|p2a: Leavanny|175/269\n|\n|-heal|p1a: Dachsbun|227/254|[from] item: Leftovers\n|upkeep\n|turn|4\n|\n|t:|1781431625\n|move|p1a: Dachsbun|Play Rough|p2a: Leavanny\n|-damage|p2a: Leavanny|72/269\n|move|p2a: Leavanny|Sticky Web|p1a: Dachsbun\n|-sidestart|p1: nqg|move: Sticky Web\n|\n|-heal|p1a: Dachsbun|242/254|[from] item: Leftovers\n|upkeep\n|turn|5\n|\n|t:|1781431649\n|move|p1a: Dachsbun|Play Rough|p2a: Leavanny\n|-crit|p2a: Leavanny\n|-damage|p2a: Leavanny|0 fnt\n|faint|p2a: Leavanny\n|\n|-heal|p1a: Dachsbun|254/254|[from] item: Leftovers\n|upkeep\n|\n|t:|1781431657\n|switch|p2a: Lucario|Lucario, L84, F|255/255\n|turn|6\n|\n|t:|1781431674\n|switch|p1a: Lanturn|Lanturn, L89, M|367/367\n|-activate|p1a: Lanturn|move: Sticky Web\n|-unboost|p1a: Lanturn|spe|1\n|move|p2a: Lucario|Flash Cannon|p1a: Lanturn\n|-resisted|p1a: Lanturn\n|-damage|p1a: Lanturn|333/367\n|-damage|p2a: Lucario|230/255|[from] item: Life Orb\n|\n|-heal|p1a: Lanturn|355/367|[from] item: Leftovers\n|upkeep\n|turn|7\n|\n|t:|1781431680\n|switch|p2a: Goodra|Goodra, L85, M|292/292\n|move|p1a: Lanturn|Thunder Wave|p2a: Goodra\n|-status|p2a: Goodra|par\n|\n|-heal|p1a: Lanturn|367/367|[from] item: Leftovers\n|upkeep\n|turn|8\n|\n|t:|1781431687\n|switch|p1a: Dachsbun|Dachsbun, L92, F|254/254\n|-activate|p1a: Dachsbun|move: Sticky Web\n|-unboost|p1a: Dachsbun|spe|1\n|move|p2a: Goodra|Power Whip|p1a: Dachsbun\n|-damage|p1a: Dachsbun|189/254\n|\n|-heal|p1a: Dachsbun|204/254|[from] item: Leftovers\n|upkeep\n|turn|9\n|l|\u2606nqg\n|inactive|nqg disconnected and has a minute to reconnect!\n|player|p1|\n|inactive|huh blue has 120 seconds left.\n|j|\u2606nqg\n|inactive|nqg reconnected.\n|player|p1|nqg|102|\n|inactive|huh blue has 90 seconds left.\n|c|\u2606nqg|?\n|c|\u2606nqg|Did i timeout\n|\n|t:|1781431765\n|move|p1a: Dachsbun|Play Rough|p2a: Goodra\n|-supereffective|p2a: Goodra\n|-damage|p2a: Goodra|80/292 par\n|-unboost|p2a: Goodra|atk|1\n|move|p2a: Goodra|Sludge Bomb|p1a: Dachsbun\n|-supereffective|p1a: Dachsbun\n|-damage|p1a: Dachsbun|70/254\n|\n|-heal|p1a: Dachsbun|85/254|[from] item: Leftovers\n|upkeep\n|turn|10\n|\n|t:|1781431774\n|switch|p2a: Gallade|Gallade, L80, M|98/240\n|move|p1a: Dachsbun|Play Rough|p2a: Gallade\n|-supereffective|p2a: Gallade\n|-damage|p2a: Gallade|0 fnt\n|faint|p2a: Gallade\n|\n|-heal|p1a: Dachsbun|100/254|[from] item: Leftovers\n|upkeep\n|\n|t:|1781431785\n|switch|p2a: Lucario|Lucario, L84, F|230/255\n|turn|11\n|\n|t:|1781431793\n|switch|p1a: Lanturn|Lanturn, L89, M|367/367\n|-activate|p1a: Lanturn|move: Sticky Web\n|-unboost|p1a: Lanturn|spe|1\n|move|p2a: Lucario|Nasty Plot|p2a: Lucario\n|-boost|p2a: Lucario|spa|2\n|\n|upkeep\n|turn|12\n|\n|t:|1781431799\n|move|p2a: Lucario|Focus Blast|p1a: Lanturn|[miss]\n|-miss|p2a: Lucario|p1a: Lanturn\n|move|p1a: Lanturn|Thunder Wave|p2a: Lucario\n|-status|p2a: Lucario|par\n|\n|upkeep\n|turn|13\n|\n|t:|1781431807\n|move|p1a: Lanturn|Thunderbolt|p2a: Lucario\n|-damage|p2a: Lucario|122/255 par\n|move|p2a: Lucario|Focus Blast|p1a: Lanturn|[miss]\n|-miss|p2a: Lucario|p1a: Lanturn\n|\n|upkeep\n|turn|14\n|inactive|huh blue has 90 seconds left.\n|\n|t:|1781431830\n|move|p1a: Lanturn|Thunderbolt|p2a: Lucario\n|-damage|p2a: Lucario|23/255 par\n|move|p2a: Lucario|Focus Blast|p1a: Lanturn|[miss]\n|-miss|p2a: Lucario|p1a: Lanturn\n|\n|upkeep\n|turn|15\n|inactive|huh blue has 90 seconds left.\n|-message|huh blue forfeited.\n|\n|win|nqg\n", "inputlog": ">version a8376a258c1d4662feba110a92103f3664a72141\n>start {\"formatid\":\"gen9randombattle\",\"seed\":\"sodium,a1b6a23b17d3abc22438bad8a9e7726d\",\"rated\":\"Rated battle\"}\n>player p1 {\"name\":\"nqg\",\"avatar\":\"102\",\"rating\":1952,\"seed\":\"sodium,4b2a5c705a9dd26c28d424394669e81b\"}\n>player p2 {\"name\":\"huh blue\",\"avatar\":\"steven\",\"rating\":1986,\"seed\":\"sodium,8e1675b5fbcb5caddce15adcccdf8b31\"}\n>p1 move knockoff\n>p2 move sacredsword\n>p1 switch 4\n>p2 move sacredsword\n>p1 move playrough\n>p2 switch 6\n>p1 move playrough\n>p2 move stickyweb\n>p1 move playrough\n>p2 move leafblade\n>p2 switch 4\n>p1 switch 5\n>p2 move flashcannon\n>p1 move thunderwave\n>p2 switch 5\n>p1 switch 5\n>p2 move powerwhip\n>chat \u2606nqg|?\n>chat \u2606nqg|Did i timeout\n>p1 move playrough\n>p2 move sludgebomb\n>p1 move playrough\n>p2 switch 6\n>p2 switch 5\n>p1 switch 5\n>p2 move nastyplot\n>p1 move thunderwave\n>p2 move focusblast\n>p1 move thunderbolt\n>p2 move focusblast\n>p1 move thunderbolt\n>p2 move focusblast\n>forcelose p2", "uploadtime": 1781431578, "views": 4, "formatid": "gen9randombattle", "rating": null, "private": 0, "password": null}