{"id": "gen9randombattle-2631911991", "format": "[Gen 9] Random Battle", "players": ["ftaochaphet", "julfersi1"], "log": "|j|\u2606ftaochaphet\n|j|\u2606julfersi1\n|t:|1781454838\n|gametype|singles\n|player|p1|ftaochaphet|265|2172\n|player|p2|julfersi1|169|2229\n|gen|9\n|tier|[Gen 9] Random Battle\n|rated|\n|rule|Species Clause: Limit one of each Pok\u00e9mon\n|rule|HP Percentage Mod: HP is shown in percentages\n|rule|Sleep Clause Mod: Limit one foe put to sleep\n|rule|Illusion Level Mod: Illusion disguises the Pok\u00e9mon's true level\n|\n|t:|1781454838\n|teamsize|p1|6\n|teamsize|p2|6\n|start\n|switch|p1a: Golem|Golem, L87, M|281/281\n|switch|p2a: Flamigo|Flamigo, L82, F|269/269\n|turn|1\n|inactive|Battle timer is ON: inactive players will automatically lose when time's up. (requested by ftaochaphet)\n|\n|t:|1781454859\n|switch|p2a: Tsareena|Tsareena, L87, F|267/267\n|move|p1a: Golem|Rock Polish|p1a: Golem\n|-boost|p1a: Golem|spe|2\n|\n|upkeep\n|turn|2\n|\n|t:|1781454867\n|move|p1a: Golem|Stone Edge|p2a: Tsareena\n|-damage|p2a: Tsareena|149/267\n|move|p2a: Tsareena|Power Whip|p1a: Golem\n|-supereffective|p1a: Golem\n|-ability|p1a: Golem|Sturdy\n|-damage|p1a: Golem|1/281\n|-enditem|p1a: Golem|Weakness Policy\n|-boost|p1a: Golem|atk|2|[from] item: Weakness Policy\n|-boost|p1a: Golem|spa|2|[from] item: Weakness Policy\n|\n|upkeep\n|turn|3\n|\n|t:|1781454876\n|switch|p2a: Metagross|Metagross, L79|256/256\n|move|p1a: Golem|Stone Edge|p2a: Metagross\n|-resisted|p2a: Metagross\n|-damage|p2a: Metagross|157/256\n|\n|-heal|p2a: Metagross|173/256|[from] item: Leftovers\n|upkeep\n|turn|4\n|\n|t:|1781454884\n|switch|p1a: Arceus|Arceus-Electric, L70|284/284\n|move|p2a: Metagross|Bullet Punch|p1a: Arceus\n|-resisted|p1a: Arceus\n|-damage|p1a: Arceus|260/284\n|\n|-heal|p2a: Metagross|189/256|[from] item: Leftovers\n|upkeep\n|turn|5\n|\n|t:|1781454891\n|switch|p2a: Latias|Latias, L79, F|256/256\n|move|p1a: Arceus|Calm Mind|p1a: Arceus\n|-boost|p1a: Arceus|spa|1\n|-boost|p1a: Arceus|spd|1\n|\n|upkeep\n|turn|6\n|\n|t:|1781454894\n|move|p2a: Latias|Calm Mind|p2a: Latias\n|-boost|p2a: Latias|spa|1\n|-boost|p2a: Latias|spd|1\n|move|p1a: Arceus|Ice Beam|p2a: Latias\n|-supereffective|p2a: Latias\n|-damage|p2a: Latias|172/256\n|\n|upkeep\n|turn|7\n|\n|t:|1781454900\n|switch|p1a: Golurk|Golurk, L87|297/297\n|move|p2a: Latias|Psyshock|p1a: Golurk\n|-crit|p1a: Golurk\n|-damage|p1a: Golurk|59/297\n|\n|upkeep\n|turn|8\n|\n|t:|1781454906\n|switch|p1a: Girafarig|Girafarig, L89, M|269/269\n|move|p2a: Latias|Psyshock|p1a: Girafarig\n|-resisted|p1a: Girafarig\n|-damage|p1a: Girafarig|212/269\n|\n|upkeep\n|turn|9\n|\n|t:|1781454915\n|move|p2a: Latias|Calm Mind|p2a: Latias\n|-boost|p2a: Latias|spa|1\n|-boost|p2a: Latias|spd|1\n|move|p1a: Girafarig|Nasty Plot|p1a: Girafarig\n|-boost|p1a: Girafarig|spa|2\n|\n|upkeep\n|turn|10\n|\n|t:|1781454922\n|-terastallize|p2a: Latias|Steel\n|move|p2a: Latias|Calm Mind|p2a: Latias\n|-boost|p2a: Latias|spa|1\n|-boost|p2a: Latias|spd|1\n|move|p1a: Girafarig|Hyper Voice|p2a: Latias\n|-resisted|p2a: Latias\n|-damage|p2a: Latias|140/256\n|\n|upkeep\n|turn|11\n|\n|t:|1781454926\n|move|p2a: Latias|Psyshock|p1a: Girafarig\n|-resisted|p1a: Girafarig\n|-damage|p1a: Girafarig|107/269\n|move|p1a: Girafarig|Psyshock|p2a: Latias\n|-resisted|p2a: Latias\n|-damage|p2a: Latias|47/256\n|\n|upkeep\n|turn|12\n|\n|t:|1781454935\n|move|p2a: Latias|Recover|p2a: Latias\n|-heal|p2a: Latias|175/256\n|move|p1a: Girafarig|Nasty Plot|p1a: Girafarig\n|-boost|p1a: Girafarig|spa|2\n|\n|upkeep\n|turn|13\n|\n|t:|1781454938\n|move|p2a: Latias|Draco Meteor|p1a: Girafarig\n|-damage|p1a: Girafarig|0 fnt\n|-unboost|p2a: Latias|spa|2\n|faint|p1a: Girafarig\n|\n|upkeep\n|\n|t:|1781454945\n|switch|p1a: Iron Thorns|Iron Thorns, L83|302/302\n|-enditem|p1a: Iron Thorns|Booster Energy\n|-activate|p1a: Iron Thorns|ability: Quark Drive|[fromitem]\n|-start|p1a: Iron Thorns|quarkdriveatk\n|turn|14\n|\n|t:|1781454950\n|move|p2a: Latias|Draco Meteor|p1a: Iron Thorns\n|-damage|p1a: Iron Thorns|32/302\n|-unboost|p2a: Latias|spa|2\n|move|p1a: Iron Thorns|Dragon Dance|p1a: Iron Thorns\n|-boost|p1a: Iron Thorns|atk|1\n|-boost|p1a: Iron Thorns|spe|1\n|\n|upkeep\n|turn|15\n|\n|t:|1781454954\n|move|p1a: Iron Thorns|Wild Charge|p2a: Latias\n|-damage|p2a: Latias|0 fnt\n|faint|p2a: Latias\n|-damage|p1a: Iron Thorns|0 fnt|[from] Recoil\n|faint|p1a: Iron Thorns\n|-end|p1a: Iron Thorns|Quark Drive|[silent]\n|\n|upkeep\n|\n|t:|1781454960\n|switch|p2a: Snorlax|Snorlax, L82, M|397/397\n|switch|p1a: Golurk|Golurk, L87|59/297\n|turn|16\n|\n|t:|1781454969\n|switch|p2a: Flamigo|Flamigo, L82, F|269/269\n|move|p1a: Golurk|Dynamic Punch|p2a: Flamigo\n|-resisted|p2a: Flamigo\n|-damage|p2a: Flamigo|185/269\n|-start|p2a: Flamigo|confusion\n|\n|upkeep\n|turn|17\n|\n|t:|1781454985\n|switch|p1a: Golem|Golem, L87, M|1/281\n|-activate|p2a: Flamigo|confusion\n|move|p2a: Flamigo|Close Combat|p1a: Golem\n|-supereffective|p1a: Golem\n|-damage|p1a: Golem|0 fnt\n|-unboost|p2a: Flamigo|def|1\n|-unboost|p2a: Flamigo|spd|1\n|faint|p1a: Golem\n|-damage|p2a: Flamigo|159/269|[from] item: Life Orb\n|\n|upkeep\n|\n|t:|1781454991\n|switch|p1a: Porygon-Z|Porygon-Z, L83|277/277\n|-ability|p1a: Porygon-Z|Download|boost\n|-boost|p1a: Porygon-Z|spa|1\n|turn|18\n|\n|t:|1781454998\n|move|p1a: Porygon-Z|Tri Attack|p2a: Flamigo\n|-crit|p2a: Flamigo\n|-damage|p2a: Flamigo|0 fnt\n|faint|p2a: Flamigo\n|\n|upkeep\n|\n|t:|1781455002\n|switch|p2a: Snorlax|Snorlax, L82, M|397/397\n|turn|19\n|\n|t:|1781455006\n|switch|p1a: Golurk|Golurk, L87|59/297\n|move|p2a: Snorlax|Body Slam|p1a: Golurk\n|-immune|p1a: Golurk\n|\n|upkeep\n|turn|20\n|\n|t:|1781455015\n|move|p1a: Golurk|Dynamic Punch|p2a: Snorlax\n|-supereffective|p2a: Snorlax\n|-damage|p2a: Snorlax|45/397\n|-start|p2a: Snorlax|confusion\n|-activate|p2a: Snorlax|confusion\n|move|p2a: Snorlax|Earthquake|p1a: Golurk\n|-damage|p1a: Golurk|0 fnt\n|faint|p1a: Golurk\n|\n|-heal|p2a: Snorlax|69/397|[from] item: Leftovers\n|upkeep\n|\n|t:|1781455019\n|switch|p1a: Arceus|Arceus-Electric, L70|260/284\n|turn|21\n|\n|t:|1781455021\n|move|p1a: Arceus|Judgment|p2a: Snorlax\n|-damage|p2a: Snorlax|0 fnt\n|faint|p2a: Snorlax\n|\n|upkeep\n|\n|t:|1781455024\n|switch|p2a: Tsareena|Tsareena, L87, F|149/267\n|turn|22\n|\n|t:|1781455044\n|move|p1a: Arceus|Calm Mind|p1a: Arceus\n|-boost|p1a: Arceus|spa|1\n|-boost|p1a: Arceus|spd|1\n|move|p2a: Tsareena|Power Whip|p1a: Arceus\n|-damage|p1a: Arceus|106/284\n|\n|upkeep\n|turn|23\n|\n|t:|1781455052\n|move|p1a: Arceus|Recover|p1a: Arceus\n|-heal|p1a: Arceus|248/284\n|move|p2a: Tsareena|Power Whip|p1a: Arceus\n|-damage|p1a: Arceus|107/284\n|\n|upkeep\n|turn|24\n|\n|t:|1781455063\n|move|p1a: Arceus|Recover|p1a: Arceus\n|-heal|p1a: Arceus|249/284\n|move|p2a: Tsareena|Power Whip|p1a: Arceus\n|-damage|p1a: Arceus|99/284\n|\n|upkeep\n|turn|25\n|\n|t:|1781455068\n|move|p1a: Arceus|Recover|p1a: Arceus\n|-heal|p1a: Arceus|241/284\n|move|p2a: Tsareena|Power Whip|p1a: Arceus\n|-damage|p1a: Arceus|103/284\n|\n|upkeep\n|turn|26\n|\n|t:|1781455073\n|move|p1a: Arceus|Recover|p1a: Arceus\n|-heal|p1a: Arceus|245/284\n|move|p2a: Tsareena|Power Whip|p1a: Arceus\n|-damage|p1a: Arceus|88/284\n|\n|upkeep\n|turn|27\n|\n|t:|1781455078\n|move|p1a: Arceus|Ice Beam|p2a: Tsareena\n|-supereffective|p2a: Tsareena\n|-damage|p2a: Tsareena|3/267\n|move|p2a: Tsareena|Power Whip|p1a: Arceus\n|-damage|p1a: Arceus|0 fnt\n|faint|p1a: Arceus\n|\n|upkeep\n|\n|t:|1781455080\n|switch|p1a: Porygon-Z|Porygon-Z, L83|277/277\n|-ability|p1a: Porygon-Z|Download|boost\n|-boost|p1a: Porygon-Z|spa|1\n|turn|28\n|\n|t:|1781455086\n|move|p1a: Porygon-Z|Thunderbolt|p2a: Tsareena\n|-resisted|p2a: Tsareena\n|-damage|p2a: Tsareena|0 fnt\n|faint|p2a: Tsareena\n|\n|upkeep\n|\n|t:|1781455090\n|switch|p2a: Crawdaunt|Crawdaunt, L84, F|243/243\n|turn|29\n|\n|t:|1781455094\n|-terastallize|p1a: Porygon-Z|Electric\n|move|p2a: Crawdaunt|Aqua Jet|p1a: Porygon-Z\n|-damage|p1a: Porygon-Z|173/277\n|-damage|p2a: Crawdaunt|219/243|[from] item: Life Orb\n|move|p1a: Porygon-Z|Thunderbolt|p2a: Crawdaunt\n|-supereffective|p2a: Crawdaunt\n|-damage|p2a: Crawdaunt|0 fnt\n|faint|p2a: Crawdaunt\n|\n|upkeep\n|\n|t:|1781455098\n|switch|p2a: Metagross|Metagross, L79|189/256\n|turn|30\n|\n|t:|1781455104\n|move|p1a: Porygon-Z|Thunderbolt|p2a: Metagross\n|-damage|p2a: Metagross|0 fnt\n|faint|p2a: Metagross\n|\n|win|ftaochaphet\n", "inputlog": ">version a8376a258c1d4662feba110a92103f3664a72141\n>start {\"formatid\":\"gen9randombattle\",\"seed\":\"sodium,22ca4685425d295b671c27a2e0d836b5\",\"rated\":\"Rated battle\"}\n>player p1 {\"name\":\"ftaochaphet\",\"avatar\":\"265\",\"rating\":2172,\"seed\":\"sodium,80eda737a8ad18c850de05f5922c1bb4\"}\n>player p2 {\"name\":\"julfersi1\",\"avatar\":\"169\",\"rating\":2229,\"seed\":\"sodium,04b461bb7f9b277c8ebf7061c4ecf2d4\"}\n>p1 move rockpolish\n>p2 switch 5\n>p1 move stoneedge\n>p2 move powerwhip\n>p1 move stoneedge\n>p2 switch 2\n>p1 switch 4\n>p2 move bulletpunch\n>p1 move calmmind\n>p2 switch 3\n>p1 move icebeam\n>p2 move calmmind\n>p1 switch 2\n>p2 move psyshock\n>p1 switch 3\n>p2 move psyshock\n>p1 move nastyplot\n>p2 move calmmind\n>p1 move hypervoice\n>p2 move calmmind terastallize\n>p1 move psyshock\n>p2 move psyshock\n>p1 move nastyplot\n>p2 move recover\n>p1 move psyshock\n>p2 move dracometeor\n>p1 switch 6\n>p1 move dragondance\n>p2 move dracometeor\n>p1 move wildcharge\n>p2 move psyshock\n>p1 switch 3\n>p2 switch 6\n>p1 move dynamicpunch\n>p2 switch 5\n>p1 switch 4\n>p2 move closecombat\n>p1 switch 5\n>p1 move triattack\n>p2 move closecombat\n>p2 switch 5\n>p1 switch 4\n>p2 move bodyslam\n>p1 move dynamicpunch\n>p2 move earthquake\n>p1 switch 2\n>p1 move judgment\n>p2 move earthquake\n>p2 switch 2\n>p1 move calmmind\n>p2 move powerwhip\n>p1 move recover\n>p2 move powerwhip\n>p1 move recover\n>p2 move powerwhip\n>p1 move recover\n>p2 move powerwhip\n>p1 move recover\n>p2 move powerwhip\n>p1 move icebeam\n>p2 move powerwhip\n>p1 switch 4\n>p1 move thunderbolt\n>p2 move highjumpkick\n>p2 switch 4\n>p1 move thunderbolt terastallize\n>p2 move aquajet\n>p2 switch 3\n>p1 move thunderbolt\n>p2 move psychicfangs", "uploadtime": 1781454840, "views": 5, "formatid": "gen9randombattle", "rating": null, "private": 0, "password": null}