{"id": "gen9randombattle-2631658762", "format": "[Gen 9] Random Battle", "players": ["dahrkphoenix", "thunderbum"], "log": "|j|\u2606dahrkphoenix\n|j|\u2606thunderbum\n|t:|1781416447\n|gametype|singles\n|player|p1|dahrkphoenix|roughneck-gen4|1698\n|player|p2|thunderbum|roughneck|1655\n|gen|9\n|tier|[Gen 9] Random Battle\n|rated|\n|rule|Species Clause: Limit one of each Pok\u00e9mon\n|rule|HP Percentage Mod: HP is shown in percentages\n|rule|Sleep Clause Mod: Limit one foe put to sleep\n|rule|Illusion Level Mod: Illusion disguises the Pok\u00e9mon's true level\n|\n|t:|1781416447\n|teamsize|p1|6\n|teamsize|p2|6\n|start\n|switch|p1a: Rayquaza|Rayquaza, L72|270/270\n|switch|p2a: Iron Boulder|Iron Boulder, L77|265/265\n|-ability|p1a: Rayquaza|Air Lock\n|turn|1\n|inactive|Battle timer is ON: inactive players will automatically lose when time's up. (requested by dahrkphoenix)\n|\n|t:|1781416468\n|switch|p1a: Cobalion|Cobalion, L80|277/277\n|move|p2a: Iron Boulder|Swords Dance|p2a: Iron Boulder\n|-boost|p2a: Iron Boulder|atk|2\n|\n|upkeep\n|turn|2\n|\n|t:|1781416484\n|-terastallize|p1a: Cobalion|Fighting\n|move|p2a: Iron Boulder|Close Combat|p1a: Cobalion\n|-damage|p1a: Cobalion|102/277\n|-unboost|p2a: Iron Boulder|def|1\n|-unboost|p2a: Iron Boulder|spd|1\n|-damage|p2a: Iron Boulder|239/265|[from] item: Life Orb\n|move|p1a: Cobalion|Close Combat|p2a: Iron Boulder\n|-damage|p2a: Iron Boulder|0 fnt\n|-unboost|p1a: Cobalion|def|1\n|-unboost|p1a: Cobalion|spd|1\n|faint|p2a: Iron Boulder\n|-end|p2a: Iron Boulder|Quark Drive|[silent]\n|-damage|p1a: Cobalion|75/277|[from] item: Life Orb\n|\n|upkeep\n|inactive|thunderbum has 120 seconds left.\n|\n|t:|1781416525\n|switch|p2a: Pyroar|Pyroar, L88, F|295/295\n|-ability|p2a: Pyroar|Unnerve\n|turn|3\n|\n|t:|1781416538\n|switch|p1a: Drednaw|Drednaw, L81, F|278/278\n|move|p2a: Pyroar|Fire Blast|p1a: Drednaw\n|-resisted|p1a: Drednaw\n|-damage|p1a: Drednaw|233/278\n|\n|upkeep\n|turn|4\n|\n|t:|1781416561\n|switch|p2a: Walking Wake|Walking Wake, L79|286/286\n|move|p1a: Drednaw|Shell Smash|p1a: Drednaw\n|-unboost|p1a: Drednaw|def|1\n|-unboost|p1a: Drednaw|spd|1\n|-boost|p1a: Drednaw|atk|2\n|-boost|p1a: Drednaw|spa|2\n|-boost|p1a: Drednaw|spe|2\n|-enditem|p1a: Drednaw|White Herb\n|-clearnegativeboost|p1a: Drednaw|[silent]\n|\n|upkeep\n|turn|5\n|\n|t:|1781416575\n|move|p1a: Drednaw|Stone Edge|p2a: Walking Wake\n|-damage|p2a: Walking Wake|43/286\n|move|p2a: Walking Wake|Sunny Day|p2a: Walking Wake\n|-weather|SunnyDay\n|-activate|p2a: Walking Wake|ability: Protosynthesis\n|-start|p2a: Walking Wake|protosynthesisspa\n|\n|-weather|SunnyDay|[upkeep]\n|upkeep\n|turn|6\n|\n|t:|1781416589\n|move|p1a: Drednaw|Earthquake|p2a: Walking Wake\n|-damage|p2a: Walking Wake|0 fnt\n|faint|p2a: Walking Wake\n|-end|p2a: Walking Wake|Protosynthesis|[silent]\n|\n|-weather|SunnyDay|[upkeep]\n|upkeep\n|inactive|thunderbum has 90 seconds left.\n|\n|t:|1781416619\n|switch|p2a: Tornadus|Tornadus, L82, M|263/263\n|turn|7\n|\n|t:|1781416628\n|move|p1a: Drednaw|Stone Edge|p2a: Tornadus\n|-supereffective|p2a: Tornadus\n|-damage|p2a: Tornadus|0 fnt\n|faint|p2a: Tornadus\n|\n|-weather|SunnyDay|[upkeep]\n|upkeep\n|\n|t:|1781416635\n|switch|p2a: Zangoose|Zangoose, L85, F|263/263\n|turn|8\n|inactive|thunderbum has 90 seconds left.\n|\n|t:|1781416641\n|move|p1a: Drednaw|Stone Edge|p2a: Zangoose\n|-damage|p2a: Zangoose|0 fnt\n|faint|p2a: Zangoose\n|\n|-weather|SunnyDay|[upkeep]\n|upkeep\n|-message|thunderbum forfeited.\n|\n|win|dahrkphoenix\n|raw|dahrkphoenix's rating: 1698 &rarr; <strong>1716</strong><br />(+18 for winning)\n|raw|thunderbum's rating: 1655 &rarr; <strong>1637</strong><br />(-18 for losing)\n|l|\u2606thunderbum\n|player|p2|\n", "inputlog": ">version a8376a258c1d4662feba110a92103f3664a72141\n>start {\"formatid\":\"gen9randombattle\",\"seed\":\"sodium,5094881b3aedeb1721e81ac39203f113\",\"rated\":\"Rated battle\"}\n>player p1 {\"name\":\"dahrkphoenix\",\"avatar\":\"roughneck-gen4\",\"rating\":1698,\"seed\":\"sodium,5abc57c3b6abe28aaaa5151b8ab13f58\"}\n>player p2 {\"name\":\"thunderbum\",\"avatar\":\"roughneck\",\"rating\":1655,\"seed\":\"sodium,e71de3d04521348efd0669e642677b90\"}\n>p1 switch 4\n>p2 move swordsdance\n>p1 move closecombat terastallize\n>p2 move closecombat\n>p2 switch 3\n>p1 switch 2\n>p2 move fireblast\n>p1 move shellsmash\n>p2 switch 6\n>p1 move stoneedge\n>p2 move sunnyday\n>p1 move earthquake\n>p2 move hydrosteam\n>p2 switch 4\n>p1 move stoneedge\n>p2 move grassknot\n>p2 switch 5\n>p1 move stoneedge\n>p2 move facade\n>forcelose p2", "uploadtime": 1781416663, "views": 5, "formatid": "gen9randombattle", "rating": 1637, "private": 0, "password": null}