{"id": "gen9randombattle-2631816468", "format": "[Gen 9] Random Battle", "players": ["132HorsePower", "count.slapula"], "log": "|j|\u2606132HorsePower\n|j|\u2606count.slapula\n|t:|1781443795\n|gametype|singles\n|player|p1|132HorsePower|2|1599\n|player|p2|count.slapula|proton|1543\n|gen|9\n|tier|[Gen 9] Random Battle\n|rated|\n|rule|Species Clause: Limit one of each Pok\u00e9mon\n|rule|HP Percentage Mod: HP is shown in percentages\n|rule|Sleep Clause Mod: Limit one foe put to sleep\n|rule|Illusion Level Mod: Illusion disguises the Pok\u00e9mon's true level\n|\n|t:|1781443795\n|teamsize|p1|6\n|teamsize|p2|6\n|start\n|switch|p1a: Rhyperior|Rhyperior, L82, F|323/323\n|switch|p2a: Kommo-o|Kommo-o, L78, F|245/245\n|turn|1\n|\n|t:|1781443823\n|move|p2a: Kommo-o|Swords Dance|p2a: Kommo-o\n|-boost|p2a: Kommo-o|atk|2\n|move|p1a: Rhyperior|Ice Punch|p2a: Kommo-o\n|-supereffective|p2a: Kommo-o\n|-damage|p2a: Kommo-o|91/245\n|\n|upkeep\n|turn|2\n|\n|t:|1781443831\n|move|p2a: Kommo-o|Iron Head|p1a: Rhyperior\n|-supereffective|p1a: Rhyperior\n|-damage|p1a: Rhyperior|196/323\n|cant|p1a: Rhyperior|flinch\n|\n|upkeep\n|turn|3\n|\n|t:|1781443836\n|move|p2a: Kommo-o|Close Combat|p1a: Rhyperior\n|-supereffective|p1a: Rhyperior\n|-damage|p1a: Rhyperior|0 fnt\n|-unboost|p2a: Kommo-o|def|1\n|-unboost|p2a: Kommo-o|spd|1\n|faint|p1a: Rhyperior\n|\n|upkeep\n|\n|t:|1781443866\n|switch|p1a: Dragapult|Dragapult, L77, M|262/262\n|turn|4\n|\n|t:|1781443876\n|switch|p2a: Pincurchin|Pincurchin, M|258/258\n|-fieldstart|move: Electric Terrain|[from] ability: Electric Surge|[of] p2a: Pincurchin\n|move|p1a: Dragapult|Shadow Ball|p2a: Pincurchin\n|-damage|p2a: Pincurchin|168/258\n|-unboost|p2a: Pincurchin|spd|1\n|\n|-heal|p2a: Pincurchin|184/258|[from] item: Leftovers\n|upkeep\n|turn|5\n|\n|t:|1781443885\n|move|p1a: Dragapult|Shadow Ball|p2a: Pincurchin\n|-damage|p2a: Pincurchin|45/258\n|-unboost|p2a: Pincurchin|spd|1\n|move|p2a: Pincurchin|Discharge|p1a: Dragapult\n|-resisted|p1a: Dragapult\n|-damage|p1a: Dragapult|178/262\n|\n|-heal|p2a: Pincurchin|61/258|[from] item: Leftovers\n|upkeep\n|turn|6\n|\n|t:|1781443901\n|switch|p2a: Noivern|Noivern, L82, M|274/274\n|move|p1a: Dragapult|Shadow Ball|p2a: Noivern\n|-damage|p2a: Noivern|163/274\n|\n|upkeep\n|turn|7\n|\n|t:|1781443915\n|switch|p1a: Snorlax|Snorlax, L82, M|397/397\n|-terastallize|p2a: Noivern|Normal\n|move|p2a: Noivern|Draco Meteor|p1a: Snorlax\n|-damage|p1a: Snorlax|237/397\n|-unboost|p2a: Noivern|spa|2\n|\n|-heal|p1a: Snorlax|261/397|[from] item: Leftovers\n|upkeep\n|turn|8\n|\n|t:|1781443925\n|switch|p2a: Hawlucha|Hawlucha, L80, F|256/256\n|move|p1a: Snorlax|Body Slam|p2a: Hawlucha\n|-damage|p2a: Hawlucha|135/256\n|\n|-heal|p1a: Snorlax|285/397|[from] item: Leftovers\n|-fieldend|move: Electric Terrain\n|upkeep\n|turn|9\n|\n|t:|1781443942\n|switch|p1a: Dragapult|Dragapult, L77, M|178/262\n|move|p2a: Hawlucha|Throat Chop|p1a: Dragapult\n|-supereffective|p1a: Dragapult\n|-damage|p1a: Dragapult|62/262\n|-start|p1a: Dragapult|Throat Chop|[silent]\n|\n|upkeep\n|turn|10\n|\n|t:|1781443952\n|move|p1a: Dragapult|Draco Meteor|p2a: Hawlucha\n|-damage|p2a: Hawlucha|0 fnt\n|-unboost|p1a: Dragapult|spa|2\n|faint|p2a: Hawlucha\n|\n|-end|p1a: Dragapult|Throat Chop|[silent]\n|upkeep\n|\n|t:|1781443956\n|switch|p2a: Noivern|Noivern, L82, M, tera:Normal|163/274\n|turn|11\n|\n|t:|1781443966\n|switch|p1a: Snorlax|Snorlax, L82, M|285/397\n|move|p2a: Noivern|Hurricane|p1a: Snorlax|[miss]\n|-miss|p2a: Noivern|p1a: Snorlax\n|\n|-heal|p1a: Snorlax|309/397|[from] item: Leftovers\n|upkeep\n|turn|12\n|\n|t:|1781443972\n|move|p2a: Noivern|Hurricane|p1a: Snorlax\n|-damage|p1a: Snorlax|174/397\n|-start|p1a: Snorlax|confusion\n|-activate|p1a: Snorlax|confusion\n|move|p1a: Snorlax|Body Slam|p2a: Noivern\n|-damage|p2a: Noivern|64/274\n|\n|-heal|p1a: Snorlax|198/397|[from] item: Leftovers\n|upkeep\n|turn|13\n|\n|t:|1781443979\n|switch|p2a: Pincurchin|Pincurchin, M|61/258\n|-fieldstart|move: Electric Terrain|[from] ability: Electric Surge|[of] p2a: Pincurchin\n|-activate|p1a: Snorlax|confusion\n|move|p1a: Snorlax|Body Slam|p2a: Pincurchin\n|-damage|p2a: Pincurchin|0 fnt\n|faint|p2a: Pincurchin\n|\n|-heal|p1a: Snorlax|222/397|[from] item: Leftovers\n|upkeep\n|\n|t:|1781443987\n|switch|p2a: Iron Thorns|Iron Thorns, L83|302/302\n|-activate|p2a: Iron Thorns|ability: Quark Drive\n|-start|p2a: Iron Thorns|quarkdriveatk\n|turn|14\n|\n|t:|1781443998\n|move|p2a: Iron Thorns|Dragon Dance|p2a: Iron Thorns\n|-boost|p2a: Iron Thorns|atk|1\n|-boost|p2a: Iron Thorns|spe|1\n|-end|p1a: Snorlax|confusion\n|move|p1a: Snorlax|Body Slam|p2a: Iron Thorns\n|-resisted|p2a: Iron Thorns\n|-damage|p2a: Iron Thorns|260/302\n|\n|-heal|p1a: Snorlax|246/397|[from] item: Leftovers\n|upkeep\n|turn|15\n|\n|t:|1781444010\n|switch|p1a: Scrafty|Scrafty, L83, M|244/244\n|-ability|p1a: Scrafty|Intimidate|boost\n|-unboost|p2a: Iron Thorns|atk|1\n|move|p2a: Iron Thorns|Wild Charge|p1a: Scrafty\n|-damage|p1a: Scrafty|85/244\n|-damage|p2a: Iron Thorns|220/302|[from] Recoil\n|\n|-heal|p1a: Scrafty|100/244|[from] item: Leftovers\n|upkeep\n|turn|16\n|\n|t:|1781444025\n|move|p2a: Iron Thorns|Wild Charge|p1a: Scrafty\n|-damage|p1a: Scrafty|0 fnt\n|faint|p1a: Scrafty\n|-damage|p2a: Iron Thorns|195/302|[from] Recoil\n|\n|upkeep\n|\n|t:|1781444058\n|switch|p1a: Snorlax|Snorlax, L82, M|246/397\n|turn|17\n|\n|t:|1781444063\n|move|p2a: Iron Thorns|Wild Charge|p1a: Snorlax\n|-damage|p1a: Snorlax|2/397\n|-damage|p2a: Iron Thorns|134/302|[from] Recoil\n|move|p1a: Snorlax|Curse|p1a: Snorlax\n|-unboost|p1a: Snorlax|spe|1\n|-boost|p1a: Snorlax|atk|1\n|-boost|p1a: Snorlax|def|1\n|\n|-heal|p1a: Snorlax|26/397|[from] item: Leftovers\n|-fieldend|move: Electric Terrain\n|-end|p2a: Iron Thorns|Quark Drive\n|upkeep\n|-enditem|p2a: Iron Thorns|Booster Energy\n|-activate|p2a: Iron Thorns|ability: Quark Drive|[fromitem]\n|-start|p2a: Iron Thorns|quarkdriveatk\n|turn|18\n|\n|t:|1781444069\n|move|p2a: Iron Thorns|Ice Punch|p1a: Snorlax\n|-damage|p1a: Snorlax|0 fnt\n|faint|p1a: Snorlax\n|\n|upkeep\n|\n|t:|1781444084\n|switch|p1a: Dragapult|Dragapult, L77, M|62/262\n|turn|19\n|\n|t:|1781444087\n|move|p1a: Dragapult|Shadow Ball|p2a: Iron Thorns\n|-damage|p2a: Iron Thorns|10/302\n|move|p2a: Iron Thorns|Ice Punch|p1a: Dragapult\n|-supereffective|p1a: Dragapult\n|-damage|p1a: Dragapult|0 fnt\n|faint|p1a: Dragapult\n|\n|upkeep\n|\n|t:|1781444102\n|switch|p1a: Chandelure|Chandelure, L83, M|235/235\n|turn|20\n|\n|t:|1781444110\n|move|p1a: Chandelure|Shadow Ball|p2a: Iron Thorns\n|-damage|p2a: Iron Thorns|0 fnt\n|faint|p2a: Iron Thorns\n|-end|p2a: Iron Thorns|Quark Drive|[silent]\n|\n|upkeep\n|\n|t:|1781444113\n|switch|p2a: Noivern|Noivern, L82, M, tera:Normal|64/274\n|turn|21\n|\n|t:|1781444117\n|switch|p1a: Phione|Phione, L91|293/293\n|move|p2a: Noivern|Hurricane|p1a: Phione\n|-damage|p1a: Phione|124/293\n|-start|p1a: Phione|confusion\n|\n|-heal|p1a: Phione|142/293|[from] item: Leftovers\n|upkeep\n|turn|22\n|\n|t:|1781444139\n|switch|p2a: Deoxys|Deoxys-Attack, L72|191/191\n|-ability|p2a: Deoxys|Pressure\n|-activate|p1a: Phione|confusion\n|move|p1a: Phione|Rest|p1a: Phione\n|-status|p1a: Phione|slp|[from] move: Rest\n|-heal|p1a: Phione|293/293 slp|[silent]\n|\n|upkeep\n|turn|23\n|\n|t:|1781444146\n|move|p2a: Deoxys|Knock Off|p1a: Phione\n|-damage|p1a: Phione|185/293 slp\n|-enditem|p1a: Phione|Leftovers|[from] move: Knock Off|[of] p2a: Deoxys\n|-damage|p2a: Deoxys|172/191|[from] item: Life Orb\n|cant|p1a: Phione|slp\n|-activate|p1a: Phione|confusion\n|move|p1a: Phione|Sleep Talk|p1a: Phione\n|move|p1a: Phione|Rest||[from] move: Sleep Talk|[still]\n|-fail|p1a: Phione\n|\n|upkeep\n|turn|24\n|\n|t:|1781444156\n|move|p2a: Deoxys|Psycho Boost|p1a: Phione\n|-damage|p1a: Phione|0 fnt\n|-unboost|p2a: Deoxys|spa|2\n|faint|p1a: Phione\n|-damage|p2a: Deoxys|153/191|[from] item: Life Orb\n|\n|upkeep\n|\n|t:|1781444160\n|switch|p1a: Chandelure|Chandelure, L83, M|235/235\n|turn|25\n|\n|t:|1781444177\n|switch|p2a: Kommo-o|Kommo-o, L78, F|91/245\n|-terastallize|p1a: Chandelure|Fire\n|move|p1a: Chandelure|Fire Blast|p2a: Kommo-o\n|-resisted|p2a: Kommo-o\n|-damage|p2a: Kommo-o|0 fnt\n|faint|p2a: Kommo-o\n|\n|upkeep\n|\n|t:|1781444187\n|switch|p2a: Noivern|Noivern, L82, M, tera:Normal|64/274\n|turn|26\n|\n|t:|1781444191\n|move|p1a: Chandelure|Fire Blast|p2a: Noivern|[miss]\n|-miss|p1a: Chandelure|p2a: Noivern\n|move|p2a: Noivern|Hurricane|p1a: Chandelure\n|-damage|p1a: Chandelure|70/235\n|-start|p1a: Chandelure|confusion\n|\n|upkeep\n|turn|27\n|\n|t:|1781444197\n|-activate|p1a: Chandelure|confusion\n|move|p1a: Chandelure|Fire Blast|p2a: Noivern\n|-damage|p2a: Noivern|0 fnt\n|faint|p2a: Noivern\n|\n|upkeep\n|\n|t:|1781444200\n|switch|p2a: Deoxys|Deoxys-Attack, L72|153/191\n|-ability|p2a: Deoxys|Pressure\n|turn|28\n|\n|t:|1781444203\n|move|p2a: Deoxys|Extreme Speed|p1a: Chandelure\n|-damage|p1a: Chandelure|0 fnt\n|faint|p1a: Chandelure\n|-damage|p2a: Deoxys|134/191|[from] item: Life Orb\n|\n|win|count.slapula\n|raw|132HorsePower's rating: 1599 &rarr; <strong>1576</strong><br />(-23 for losing)\n|raw|count.slapula's rating: 1543 &rarr; <strong>1566</strong><br />(+23 for winning)\n", "inputlog": ">version a8376a258c1d4662feba110a92103f3664a72141\n>start {\"formatid\":\"gen9randombattle\",\"seed\":\"sodium,b924165285b600916e908479e0a0c1b4\",\"rated\":\"Rated battle\"}\n>player p1 {\"name\":\"132HorsePower\",\"avatar\":\"2\",\"rating\":1599,\"seed\":\"sodium,9aceeef6cc40e0d85024dd70fef5f1a5\"}\n>player p2 {\"name\":\"count.slapula\",\"avatar\":\"proton\",\"rating\":1543,\"seed\":\"sodium,24597fa04cacc78fec2729cba7282128\"}\n>p1 move icepunch\n>p2 move swordsdance\n>p1 move icepunch\n>p2 move ironhead\n>p1 move icepunch\n>p2 move closecombat\n>p1 switch 4\n>p1 move shadowball\n>p2 switch 3\n>p1 move shadowball\n>p2 move discharge\n>p1 move shadowball\n>p2 switch 2\n>p1 switch 3\n>p2 move dracometeor terastallize\n>p1 move bodyslam\n>p2 switch 5\n>p1 switch 3\n>p2 move throatchop\n>p1 move dracometeor\n>p2 move throatchop\n>p2 switch 5\n>p1 switch 3\n>p2 move hurricane\n>p1 move bodyslam\n>p2 move hurricane\n>p1 move bodyslam\n>p2 switch 2\n>p2 switch 4\n>p1 move bodyslam\n>p2 move dragondance\n>p1 switch 2\n>p2 move wildcharge\n>p1 move drainpunch\n>p2 move wildcharge\n>p1 switch 2\n>p1 move curse\n>p2 move wildcharge\n>p1 move rest\n>p2 move icepunch\n>p1 switch 3\n>p1 move shadowball\n>p2 move icepunch\n>p1 switch 6\n>p1 move shadowball\n>p2 move stoneedge\n>p2 switch 2\n>p1 switch 5\n>p2 move hurricane\n>p1 move rest\n>p2 switch 6\n>p1 move sleeptalk\n>p2 move knockoff\n>p1 move sleeptalk\n>p2 move psychoboost\n>p1 switch 5\n>p1 move fireblast terastallize\n>p2 switch 3\n>p2 switch 6\n>p1 move fireblast\n>p2 move hurricane\n>p1 move fireblast\n>p2 move hurricane\n>p2 switch 3\n>p1 move fireblast\n>p2 move extremespeed", "uploadtime": 1781444207, "views": 3, "formatid": "gen9randombattle", "rating": 1566, "private": 0, "password": null}