{"id": "gen9randombattle-2631525593", "format": "[Gen 9] Random Battle", "players": ["pablovr", "100taka"], "log": "|j|\u2606pablovr\n|j|\u2606100taka\n|t:|1781396586\n|gametype|singles\n|player|p1|pablovr|hiker-gen4|1966\n|player|p2|100taka|265|1963\n|gen|9\n|tier|[Gen 9] Random Battle\n|rated|\n|rule|Species Clause: Limit one of each Pok\u00e9mon\n|rule|HP Percentage Mod: HP is shown in percentages\n|rule|Sleep Clause Mod: Limit one foe put to sleep\n|rule|Illusion Level Mod: Illusion disguises the Pok\u00e9mon's true level\n|\n|t:|1781396586\n|teamsize|p1|6\n|teamsize|p2|6\n|start\n|switch|p1a: Dudunsparce|Dudunsparce-Three-Segment, L83, F|343/343\n|switch|p2a: Honchkrow|Honchkrow, L86, M|312/312\n|turn|1\n|\n|t:|1781396598\n|move|p2a: Honchkrow|U-turn|p1a: Dudunsparce\n|-damage|p1a: Dudunsparce|270/343\n|-ability|p1a: Dudunsparce|Rattled|boost\n|-boost|p1a: Dudunsparce|spe|1\n|\n|t:|1781396602\n|switch|p2a: Porygon2|Porygon2, L81|270/270|[from] U-turn\n|-ability|p2a: Porygon2|Download|boost\n|-boost|p2a: Porygon2|spa|1\n|move|p1a: Dudunsparce|Boomburst|p2a: Porygon2\n|-damage|p2a: Porygon2|191/270\n|\n|-heal|p1a: Dudunsparce|291/343|[from] item: Leftovers\n|upkeep\n|turn|2\n|\n|t:|1781396610\n|move|p1a: Dudunsparce|Calm Mind|p1a: Dudunsparce\n|-boost|p1a: Dudunsparce|spa|1\n|-boost|p1a: Dudunsparce|spd|1\n|move|p2a: Porygon2|Discharge|p1a: Dudunsparce\n|-damage|p1a: Dudunsparce|229/343\n|-status|p1a: Dudunsparce|par\n|\n|-heal|p1a: Dudunsparce|250/343 par|[from] item: Leftovers\n|upkeep\n|turn|3\n|\n|t:|1781396616\n|switch|p2a: Klawf|Klawf, L90, F|272/272\n|cant|p1a: Dudunsparce|par\n|\n|-heal|p1a: Dudunsparce|271/343 par|[from] item: Leftovers\n|upkeep\n|turn|4\n|\n|t:|1781396621\n|move|p2a: Klawf|Stone Edge|p1a: Dudunsparce\n|-damage|p1a: Dudunsparce|107/343 par\n|-damage|p2a: Klawf|245/272|[from] item: Life Orb\n|move|p1a: Dudunsparce|Shadow Ball|p2a: Klawf\n|-damage|p2a: Klawf|142/272\n|\n|-heal|p1a: Dudunsparce|128/343 par|[from] item: Leftovers\n|upkeep\n|turn|5\n|\n|t:|1781396631\n|move|p2a: Klawf|Stone Edge|p1a: Dudunsparce\n|-damage|p1a: Dudunsparce|0 fnt\n|faint|p1a: Dudunsparce\n|-damage|p2a: Klawf|115/272|[from] item: Life Orb\n|\n|upkeep\n|\n|t:|1781396645\n|switch|p1a: Raichu|Raichu, L88, F|249/249\n|turn|6\n|\n|t:|1781396651\n|switch|p2a: Porygon2|Porygon2, L81|191/270\n|-ability|p2a: Porygon2|Download|boost\n|-boost|p2a: Porygon2|atk|1\n|move|p1a: Raichu|Surf|p2a: Porygon2\n|-damage|p2a: Porygon2|134/270\n|-damage|p1a: Raichu|225/249|[from] item: Life Orb\n|\n|upkeep\n|turn|7\n|\n|t:|1781396658\n|move|p1a: Raichu|Thunderbolt|p2a: Porygon2\n|-damage|p2a: Porygon2|44/270\n|-damage|p1a: Raichu|201/249|[from] item: Life Orb\n|move|p2a: Porygon2|Tri Attack|p1a: Raichu\n|-damage|p1a: Raichu|108/249\n|\n|upkeep\n|turn|8\n|\n|t:|1781396663\n|move|p1a: Raichu|Thunderbolt|p2a: Porygon2\n|-damage|p2a: Porygon2|0 fnt\n|faint|p2a: Porygon2\n|-damage|p1a: Raichu|84/249|[from] item: Life Orb\n|\n|upkeep\n|\n|t:|1781396669\n|switch|p2a: Lilligant|Lilligant-Hisui, L79, F|240/240\n|turn|9\n|\n|t:|1781396679\n|switch|p1a: Pachirisu|Pachirisu, L96, M|271/271\n|move|p2a: Lilligant|Victory Dance|p2a: Lilligant\n|-boost|p2a: Lilligant|atk|1\n|-boost|p2a: Lilligant|def|1\n|-boost|p2a: Lilligant|spe|1\n|\n|upkeep\n|turn|10\n|\n|t:|1781396687\n|move|p2a: Lilligant|Close Combat|p1a: Pachirisu\n|-damage|p1a: Pachirisu|0 fnt\n|-unboost|p2a: Lilligant|def|1\n|-unboost|p2a: Lilligant|spd|1\n|faint|p1a: Pachirisu\n|\n|upkeep\n|\n|t:|1781396698\n|switch|p1a: Jumpluff|Jumpluff, L87, M|271/271\n|turn|11\n|\n|t:|1781396703\n|switch|p2a: Klawf|Klawf, L90, F|205/272\n|-terastallize|p1a: Jumpluff|Steel\n|move|p1a: Jumpluff|Acrobatics|p2a: Klawf\n|-resisted|p2a: Klawf\n|-damage|p2a: Klawf|176/272\n|\n|upkeep\n|turn|12\n|\n|t:|1781396711\n|move|p1a: Jumpluff|Strength Sap|p2a: Klawf\n|-unboost|p2a: Klawf|atk|1\n|move|p2a: Klawf|High Horsepower|p1a: Jumpluff\n|-supereffective|p1a: Jumpluff\n|-damage|p1a: Jumpluff|110/271\n|-damage|p2a: Klawf|149/272|[from] item: Life Orb\n|\n|upkeep\n|turn|13\n|\n|t:|1781396717\n|move|p1a: Jumpluff|U-turn|p2a: Klawf\n|-damage|p2a: Klawf|124/272\n|\n|t:|1781396724\n|switch|p1a: Raichu|Raichu, L88, F|84/249|[from] U-turn\n|move|p2a: Klawf|Stealth Rock|p1a: Raichu\n|-sidestart|p1: pablovr|move: Stealth Rock\n|\n|upkeep\n|turn|14\n|\n|t:|1781396735\n|move|p1a: Raichu|Surf|p2a: Klawf\n|-supereffective|p2a: Klawf\n|-damage|p2a: Klawf|0 fnt\n|faint|p2a: Klawf\n|-damage|p1a: Raichu|60/249|[from] item: Life Orb\n|\n|upkeep\n|\n|t:|1781396738\n|switch|p2a: Lilligant|Lilligant-Hisui, L79, F|240/240\n|turn|15\n|\n|t:|1781396743\n|move|p1a: Raichu|Thunderbolt|p2a: Lilligant\n|-resisted|p2a: Lilligant\n|-damage|p2a: Lilligant|169/240\n|-damage|p1a: Raichu|36/249|[from] item: Life Orb\n|move|p2a: Lilligant|Victory Dance|p2a: Lilligant\n|-boost|p2a: Lilligant|atk|1\n|-boost|p2a: Lilligant|def|1\n|-boost|p2a: Lilligant|spe|1\n|\n|upkeep\n|turn|16\n|\n|t:|1781396746\n|move|p2a: Lilligant|Leaf Blade|p1a: Raichu\n|-damage|p1a: Raichu|0 fnt\n|faint|p1a: Raichu\n|\n|upkeep\n|\n|t:|1781396755\n|switch|p1a: Jumpluff|Jumpluff, L87, M, tera:Steel|110/271\n|-damage|p1a: Jumpluff|94/271|[from] Stealth Rock\n|turn|17\n|\n|t:|1781396758\n|move|p2a: Lilligant|Close Combat|p1a: Jumpluff\n|-supereffective|p1a: Jumpluff\n|-damage|p1a: Jumpluff|0 fnt\n|-unboost|p2a: Lilligant|def|1\n|-unboost|p2a: Lilligant|spd|1\n|faint|p1a: Jumpluff\n|\n|upkeep\n|\n|t:|1781396763\n|switch|p1a: Zamazenta|Zamazenta, L71|248/248\n|-damage|p1a: Zamazenta|233/248|[from] Stealth Rock\n|-ability|p1a: Zamazenta|Dauntless Shield|boost\n|-boost|p1a: Zamazenta|def|1\n|turn|18\n|\n|t:|1781396767\n|move|p2a: Lilligant|Close Combat|p1a: Zamazenta\n|-damage|p1a: Zamazenta|47/248\n|-unboost|p2a: Lilligant|def|1\n|-unboost|p2a: Lilligant|spd|1\n|move|p1a: Zamazenta|Close Combat|p2a: Lilligant\n|-damage|p2a: Lilligant|0 fnt\n|-unboost|p1a: Zamazenta|def|1\n|-unboost|p1a: Zamazenta|spd|1\n|faint|p2a: Lilligant\n|\n|upkeep\n|\n|t:|1781396775\n|switch|p2a: Honchkrow|Honchkrow, L86, M|312/312\n|turn|19\n|\n|t:|1781396779\n|switch|p1a: Wugtrio|Wugtrio, L91, F|212/212\n|-damage|p1a: Wugtrio|186/212|[from] Stealth Rock\n|move|p2a: Honchkrow|Brave Bird|p1a: Wugtrio\n|-damage|p1a: Wugtrio|0 fnt\n|-ability|p1a: Wugtrio|Gooey\n|-unboost|p2a: Honchkrow|spe|1\n|faint|p1a: Wugtrio\n|-ability|p2a: Honchkrow|Moxie|boost\n|-boost|p2a: Honchkrow|atk|1\n|-damage|p2a: Honchkrow|251/312|[from] Recoil\n|\n|upkeep\n|\n|t:|1781396783\n|switch|p1a: Zamazenta|Zamazenta, L71|47/248\n|-damage|p1a: Zamazenta|32/248|[from] Stealth Rock\n|turn|20\n|\n|t:|1781396789\n|move|p1a: Zamazenta|Close Combat|p2a: Honchkrow\n|-damage|p2a: Honchkrow|25/312\n|-unboost|p1a: Zamazenta|def|1\n|-unboost|p1a: Zamazenta|spd|1\n|move|p2a: Honchkrow|Brave Bird|p1a: Zamazenta\n|-supereffective|p1a: Zamazenta\n|-damage|p1a: Zamazenta|0 fnt\n|faint|p1a: Zamazenta\n|-damage|p2a: Honchkrow|14/312|[from] Recoil\n|\n|win|100taka\n", "uploadtime": 1781396588, "views": 5, "formatid": "gen9randombattle", "rating": null, "private": 0, "password": null}