{"id": "gen9randombattle-2631566987", "format": "[Gen 9] Random Battle", "players": ["UU Fent Dealer", "Benkkelly"], "log": "|j|\u2606UU Fent Dealer\n|j|\u2606Benkkelly\n|t:|1781402307\n|gametype|singles\n|player|p1|UU Fent Dealer|170|1343\n|player|p2|Benkkelly|102|1387\n|gen|9\n|tier|[Gen 9] Random Battle\n|rated|\n|rule|Species Clause: Limit one of each Pok\u00e9mon\n|rule|HP Percentage Mod: HP is shown in percentages\n|rule|Sleep Clause Mod: Limit one foe put to sleep\n|rule|Illusion Level Mod: Illusion disguises the Pok\u00e9mon's true level\n|\n|t:|1781402307\n|teamsize|p1|6\n|teamsize|p2|6\n|start\n|switch|p1a: Thundurus|Thundurus, L80, M|258/258\n|switch|p2a: Grafaiai|Grafaiai, L86, F|249/249\n|turn|1\n|inactive|Battle timer is ON: inactive players will automatically lose when time's up. (requested by UU Fent Dealer)\n|\n|t:|1781402331\n|move|p1a: Thundurus|Taunt|p2a: Grafaiai\n|-start|p2a: Grafaiai|move: Taunt\n|move|p2a: Grafaiai|Knock Off|p1a: Thundurus\n|-damage|p1a: Thundurus|151/258\n|-enditem|p1a: Thundurus|Heavy-Duty Boots|[from] move: Knock Off|[of] p2a: Grafaiai\n|-damage|p2a: Grafaiai|225/249|[from] item: Life Orb\n|\n|upkeep\n|turn|2\n|\n|t:|1781402344\n|move|p2a: Grafaiai|Gunk Shot|p1a: Thundurus\n|-damage|p1a: Thundurus|0 fnt\n|faint|p1a: Thundurus\n|-damage|p2a: Grafaiai|201/249|[from] item: Life Orb\n|\n|upkeep\n|\n|t:|1781402352\n|switch|p1a: Torterra|Torterra, L78, F|276/276\n|turn|3\n|\n|t:|1781402358\n|move|p2a: Grafaiai|Knock Off|p1a: Torterra\n|-damage|p1a: Torterra|189/276\n|-status|p1a: Torterra|psn|[from] ability: Poison Touch|[of] p2a: Grafaiai\n|-enditem|p1a: Torterra|Loaded Dice|[from] move: Knock Off|[of] p2a: Grafaiai\n|-damage|p2a: Grafaiai|177/249|[from] item: Life Orb\n|move|p1a: Torterra|Shell Smash|p1a: Torterra\n|-unboost|p1a: Torterra|def|1\n|-unboost|p1a: Torterra|spd|1\n|-boost|p1a: Torterra|atk|2\n|-boost|p1a: Torterra|spa|2\n|-boost|p1a: Torterra|spe|2\n|\n|-damage|p1a: Torterra|155/276 psn|[from] psn\n|-end|p2a: Grafaiai|move: Taunt\n|upkeep\n|turn|4\n|\n|t:|1781402373\n|move|p1a: Torterra|Headlong Rush|p2a: Grafaiai\n|-supereffective|p2a: Grafaiai\n|-damage|p2a: Grafaiai|0 fnt\n|-unboost|p1a: Torterra|def|1\n|-unboost|p1a: Torterra|spd|1\n|faint|p2a: Grafaiai\n|\n|-damage|p1a: Torterra|121/276 psn|[from] psn\n|upkeep\n|\n|t:|1781402393\n|switch|p2a: Corviknight|Corviknight, L80, M|288/288\n|-ability|p2a: Corviknight|Pressure\n|turn|5\n|\n|t:|1781402403\n|move|p1a: Torterra|Rock Blast|p2a: Corviknight\n|-damage|p2a: Corviknight|254/288\n|-damage|p2a: Corviknight|225/288\n|-damage|p2a: Corviknight|195/288\n|-hitcount|p2a: Corviknight|3\n|move|p2a: Corviknight|Brave Bird|p1a: Torterra\n|-supereffective|p1a: Torterra\n|-damage|p1a: Torterra|0 fnt\n|faint|p1a: Torterra\n|-damage|p2a: Corviknight|155/288|[from] Recoil\n|\n|upkeep\n|\n|t:|1781402416\n|switch|p1a: Incineroar|Incineroar, L82, M|290/290\n|-ability|p1a: Incineroar|Intimidate|boost\n|-unboost|p2a: Corviknight|atk|1\n|turn|6\n|\n|t:|1781402427\n|move|p2a: Corviknight|Body Press|p1a: Incineroar\n|-supereffective|p1a: Incineroar\n|-damage|p1a: Incineroar|174/290\n|move|p1a: Incineroar|Knock Off|p2a: Corviknight\n|-damage|p2a: Corviknight|53/288\n|-damage|p1a: Incineroar|126/290|[from] item: Rocky Helmet|[of] p2a: Corviknight\n|-enditem|p2a: Corviknight|Rocky Helmet|[from] move: Knock Off|[of] p1a: Incineroar\n|\n|upkeep\n|turn|7\n|\n|t:|1781402437\n|move|p2a: Corviknight|Roost|p2a: Corviknight\n|-heal|p2a: Corviknight|197/288\n|-singleturn|p2a: Corviknight|move: Roost\n|move|p1a: Incineroar|Knock Off|p2a: Corviknight\n|-damage|p2a: Corviknight|127/288\n|\n|upkeep\n|turn|8\n|\n|t:|1781402448\n|move|p2a: Corviknight|Body Press|p1a: Incineroar\n|-supereffective|p1a: Incineroar\n|-crit|p1a: Incineroar\n|-damage|p1a: Incineroar|0 fnt\n|faint|p1a: Incineroar\n|\n|upkeep\n|\n|t:|1781402457\n|switch|p1a: Darkrai|Darkrai, L77|234/234\n|turn|9\n|\n|t:|1781402472\n|-terastallize|p1a: Darkrai|Poison\n|move|p1a: Darkrai|Substitute|p1a: Darkrai\n|-start|p1a: Darkrai|Substitute\n|-damage|p1a: Darkrai|176/234\n|move|p2a: Corviknight|Body Press|p1a: Darkrai\n|-resisted|p1a: Darkrai\n|-activate|p1a: Darkrai|move: Substitute|[damage]\n|\n|-heal|p1a: Darkrai|190/234|[from] item: Leftovers\n|upkeep\n|turn|10\n|\n|t:|1781402493\n|move|p1a: Darkrai|Nasty Plot|p1a: Darkrai\n|-boost|p1a: Darkrai|spa|2\n|move|p2a: Corviknight|Brave Bird|p1a: Darkrai\n|-end|p1a: Darkrai|Substitute\n|-damage|p2a: Corviknight|117/288|[from] Recoil|[of] p1a: Darkrai\n|\n|-heal|p1a: Darkrai|204/234|[from] item: Leftovers\n|upkeep\n|turn|11\n|\n|t:|1781402506\n|move|p1a: Darkrai|Dark Pulse|p2a: Corviknight\n|-damage|p2a: Corviknight|0 fnt\n|faint|p2a: Corviknight\n|\n|-heal|p1a: Darkrai|218/234|[from] item: Leftovers\n|upkeep\n|inactive|Benkkelly has 120 seconds left.\n|\n|t:|1781402518\n|switch|p2a: Cetitan|Cetitan, L82, M|413/413\n|turn|12\n|\n|t:|1781402523\n|move|p1a: Darkrai|Sludge Bomb|p2a: Cetitan\n|-damage|p2a: Cetitan|94/413\n|-status|p2a: Cetitan|psn\n|move|p2a: Cetitan|Earthquake|p1a: Darkrai\n|-supereffective|p1a: Darkrai\n|-damage|p1a: Darkrai|5/234\n|-damage|p2a: Cetitan|53/413 psn|[from] item: Life Orb\n|\n|-heal|p1a: Darkrai|19/234|[from] item: Leftovers\n|-damage|p2a: Cetitan|2/413 psn|[from] psn\n|upkeep\n|turn|13\n|\n|t:|1781402536\n|switch|p1a: Farigiraf|Farigiraf, L90, M|362/362\n|move|p2a: Cetitan|Ice Shard|p1a: Farigiraf\n|-damage|p1a: Farigiraf|298/362\n|-damage|p2a: Cetitan|0 fnt|[from] item: Life Orb\n|faint|p2a: Cetitan\n|\n|-heal|p1a: Farigiraf|320/362|[from] item: Leftovers\n|upkeep\n|inactive|Benkkelly has 120 seconds left.\n|\n|t:|1781402548\n|switch|p2a: Ditto|Ditto, L87|225/225\n|-transform|p2a: Ditto|p1a: Farigiraf|[from] ability: Imposter\n|turn|14\n|\n|t:|1781402557\n|move|p1a: Farigiraf|Protect|p1a: Farigiraf\n|-singleturn|p1a: Farigiraf|Protect\n|move|p2a: Ditto|Body Slam|p1a: Farigiraf\n|-activate|p1a: Farigiraf|move: Protect\n|\n|-heal|p1a: Farigiraf|342/362|[from] item: Leftovers\n|upkeep\n|turn|15\n|\n|t:|1781402565\n|move|p2a: Ditto|Body Slam|p1a: Farigiraf\n|-crit|p1a: Farigiraf\n|-damage|p1a: Farigiraf|180/362\n|-status|p1a: Farigiraf|par\n|move|p1a: Farigiraf|Wish|p1a: Farigiraf\n|\n|-heal|p1a: Farigiraf|202/362 par|[from] item: Leftovers\n|upkeep\n|turn|16\n|\n|t:|1781402574\n|move|p1a: Farigiraf|Protect|p1a: Farigiraf\n|-singleturn|p1a: Farigiraf|Protect\n|move|p2a: Ditto|Body Slam|p1a: Farigiraf\n|-activate|p1a: Farigiraf|move: Protect\n|\n|-heal|p1a: Farigiraf|362/362 par|[from] move: Wish|[wisher] Farigiraf\n|upkeep\n|turn|17\n|c|\u2606UU Fent Dealer|How am I this unlucky\n|\n|t:|1781402583\n|move|p2a: Ditto|Body Slam|p1a: Farigiraf\n|-damage|p1a: Farigiraf|254/362 par\n|move|p1a: Farigiraf|Wish|p1a: Farigiraf\n|\n|-heal|p1a: Farigiraf|276/362 par|[from] item: Leftovers\n|upkeep\n|turn|18\n|\n|t:|1781402593\n|cant|p1a: Farigiraf|par\n|move|p2a: Ditto|Body Slam|p1a: Farigiraf\n|-damage|p1a: Farigiraf|170/362 par\n|\n|-heal|p1a: Farigiraf|351/362 par|[from] move: Wish|[wisher] Farigiraf\n|-heal|p1a: Farigiraf|362/362 par|[from] item: Leftovers\n|upkeep\n|turn|19\n|\n|t:|1781402611\n|switch|p2a: Shaymin|Shaymin, L82|298/298\n|move|p1a: Farigiraf|Wish|p1a: Farigiraf\n|\n|upkeep\n|turn|20\n|\n|t:|1781402616\n|switch|p1a: Darkrai|Darkrai, L77, tera:Poison|19/234\n|move|p2a: Shaymin|Leech Seed|p1a: Darkrai\n|-start|p1a: Darkrai|move: Leech Seed\n|\n|-heal|p1a: Darkrai|200/234|[from] move: Wish|[wisher] Farigiraf\n|-heal|p1a: Darkrai|214/234|[from] item: Leftovers\n|-damage|p1a: Darkrai|185/234|[from] Leech Seed|[of] p2a: Shaymin\n|upkeep\n|turn|21\n|\n|t:|1781402629\n|switch|p1a: Farigiraf|Farigiraf, L90, M|362/362 par\n|move|p2a: Shaymin|Substitute|p2a: Shaymin\n|-start|p2a: Shaymin|Substitute\n|-damage|p2a: Shaymin|224/298\n|\n|-heal|p2a: Shaymin|242/298|[from] item: Leftovers\n|upkeep\n|turn|22\n|\n|t:|1781402637\n|move|p2a: Shaymin|Leech Seed|p1a: Farigiraf\n|-ability|p1a: Farigiraf|Sap Sipper|boost\n|-boost|p1a: Farigiraf|atk|1\n|move|p1a: Farigiraf|Psychic Noise|p2a: Shaymin\n|-damage|p2a: Shaymin|154/298\n|-start|p2a: Shaymin|move: Heal Block\n|\n|upkeep\n|turn|23\n|\n|t:|1781402650\n|-terastallize|p2a: Shaymin|Steel\n|move|p2a: Shaymin|Air Slash|p1a: Farigiraf\n|-damage|p1a: Farigiraf|310/362 par\n|move|p1a: Farigiraf|Psychic Noise|p2a: Shaymin\n|-resisted|p2a: Shaymin\n|-damage|p2a: Shaymin|111/298\n|\n|-heal|p1a: Farigiraf|332/362 par|[from] item: Leftovers\n|-end|p2a: Shaymin|move: Heal Block\n|upkeep\n|turn|24\n|\n|t:|1781402668\n|move|p2a: Shaymin|Air Slash|p1a: Farigiraf\n|-damage|p1a: Farigiraf|272/362 par\n|cant|p1a: Farigiraf|flinch\n|\n|-heal|p2a: Shaymin|129/298|[from] item: Leftovers\n|-heal|p1a: Farigiraf|294/362 par|[from] item: Leftovers\n|upkeep\n|turn|25\n|\n|t:|1781402677\n|move|p2a: Shaymin|Air Slash|p1a: Farigiraf\n|-damage|p1a: Farigiraf|234/362 par\n|cant|p1a: Farigiraf|par\n|\n|-heal|p2a: Shaymin|147/298|[from] item: Leftovers\n|-heal|p1a: Farigiraf|256/362 par|[from] item: Leftovers\n|upkeep\n|turn|26\n|\n|t:|1781402685\n|move|p2a: Shaymin|Air Slash|p1a: Farigiraf\n|-damage|p1a: Farigiraf|199/362 par\n|move|p1a: Farigiraf|Psychic Noise|p2a: Shaymin\n|-resisted|p2a: Shaymin\n|-damage|p2a: Shaymin|96/298\n|-start|p2a: Shaymin|move: Heal Block\n|\n|-heal|p1a: Farigiraf|221/362 par|[from] item: Leftovers\n|upkeep\n|turn|27\n|\n|t:|1781402698\n|move|p2a: Shaymin|Air Slash|p1a: Farigiraf\n|-damage|p1a: Farigiraf|160/362 par\n|cant|p1a: Farigiraf|par\n|\n|-heal|p1a: Farigiraf|182/362 par|[from] item: Leftovers\n|-end|p2a: Shaymin|move: Heal Block\n|upkeep\n|turn|28\n|\n|t:|1781402707\n|move|p2a: Shaymin|Air Slash|p1a: Farigiraf|[miss]\n|-miss|p2a: Shaymin|p1a: Farigiraf\n|cant|p1a: Farigiraf|par\n|\n|-heal|p2a: Shaymin|114/298|[from] item: Leftovers\n|-heal|p1a: Farigiraf|204/362 par|[from] item: Leftovers\n|upkeep\n|turn|29\n|\n|t:|1781402715\n|move|p2a: Shaymin|Air Slash|p1a: Farigiraf\n|-damage|p1a: Farigiraf|150/362 par\n|move|p1a: Farigiraf|Wish|p1a: Farigiraf\n|\n|-heal|p2a: Shaymin|132/298|[from] item: Leftovers\n|-heal|p1a: Farigiraf|172/362 par|[from] item: Leftovers\n|upkeep\n|turn|30\n|\n|t:|1781402723\n|move|p2a: Shaymin|Air Slash|p1a: Farigiraf\n|-damage|p1a: Farigiraf|112/362 par\n|move|p1a: Farigiraf|Psychic Noise|p2a: Shaymin\n|-resisted|p2a: Shaymin\n|-damage|p2a: Shaymin|85/298\n|-start|p2a: Shaymin|move: Heal Block\n|\n|-heal|p1a: Farigiraf|293/362 par|[from] move: Wish|[wisher] Farigiraf\n|-heal|p1a: Farigiraf|315/362 par|[from] item: Leftovers\n|upkeep\n|turn|31\n|\n|t:|1781402736\n|move|p2a: Shaymin|Air Slash|p1a: Farigiraf\n|-damage|p1a: Farigiraf|263/362 par\n|cant|p1a: Farigiraf|flinch\n|\n|-heal|p1a: Farigiraf|285/362 par|[from] item: Leftovers\n|-end|p2a: Shaymin|move: Heal Block\n|upkeep\n|turn|32\n|\n|t:|1781402745\n|move|p2a: Shaymin|Air Slash|p1a: Farigiraf\n|-damage|p1a: Farigiraf|231/362 par\n|cant|p1a: Farigiraf|par\n|\n|-heal|p2a: Shaymin|103/298|[from] item: Leftovers\n|-heal|p1a: Farigiraf|253/362 par|[from] item: Leftovers\n|upkeep\n|turn|33\n|\n|t:|1781402753\n|move|p2a: Shaymin|Air Slash|p1a: Farigiraf\n|-damage|p1a: Farigiraf|198/362 par\n|cant|p1a: Farigiraf|flinch\n|\n|-heal|p2a: Shaymin|121/298|[from] item: Leftovers\n|-heal|p1a: Farigiraf|220/362 par|[from] item: Leftovers\n|upkeep\n|turn|34\n|\n|t:|1781402763\n|move|p2a: Shaymin|Air Slash|p1a: Farigiraf\n|-damage|p1a: Farigiraf|160/362 par\n|cant|p1a: Farigiraf|flinch\n|\n|-heal|p2a: Shaymin|139/298|[from] item: Leftovers\n|-heal|p1a: Farigiraf|182/362 par|[from] item: Leftovers\n|upkeep\n|turn|35\n|\n|t:|1781402771\n|move|p2a: Shaymin|Air Slash|p1a: Farigiraf\n|-damage|p1a: Farigiraf|123/362 par\n|cant|p1a: Farigiraf|par\n|\n|-heal|p2a: Shaymin|157/298|[from] item: Leftovers\n|-heal|p1a: Farigiraf|145/362 par|[from] item: Leftovers\n|upkeep\n|turn|36\n|\n|t:|1781402779\n|move|p2a: Shaymin|Air Slash|p1a: Farigiraf\n|-damage|p1a: Farigiraf|91/362 par\n|cant|p1a: Farigiraf|flinch\n|\n|-heal|p2a: Shaymin|175/298|[from] item: Leftovers\n|-heal|p1a: Farigiraf|113/362 par|[from] item: Leftovers\n|upkeep\n|turn|37\n|\n|t:|1781402787\n|move|p2a: Shaymin|Air Slash|p1a: Farigiraf\n|-damage|p1a: Farigiraf|52/362 par\n|cant|p1a: Farigiraf|flinch\n|\n|-heal|p2a: Shaymin|193/298|[from] item: Leftovers\n|-heal|p1a: Farigiraf|74/362 par|[from] item: Leftovers\n|upkeep\n|turn|38\n|\n|t:|1781402796\n|move|p2a: Shaymin|Air Slash|p1a: Farigiraf\n|-damage|p1a: Farigiraf|22/362 par\n|move|p1a: Farigiraf|Wish|p1a: Farigiraf\n|\n|-heal|p2a: Shaymin|211/298|[from] item: Leftovers\n|-heal|p1a: Farigiraf|44/362 par|[from] item: Leftovers\n|upkeep\n|turn|39\n|\n|t:|1781402804\n|move|p1a: Farigiraf|Protect|p1a: Farigiraf\n|-singleturn|p1a: Farigiraf|Protect\n|move|p2a: Shaymin|Air Slash|p1a: Farigiraf\n|-activate|p1a: Farigiraf|move: Protect\n|\n|-heal|p1a: Farigiraf|225/362 par|[from] move: Wish|[wisher] Farigiraf\n|-heal|p2a: Shaymin|229/298|[from] item: Leftovers\n|-heal|p1a: Farigiraf|247/362 par|[from] item: Leftovers\n|upkeep\n|turn|40\n|\n|t:|1781402815\n|switch|p2a: Palkia|Palkia, L75|259/259\n|-ability|p2a: Palkia|Pressure\n|cant|p1a: Farigiraf|par\n|\n|-heal|p1a: Farigiraf|269/362 par|[from] item: Leftovers\n|upkeep\n|turn|41\n|\n|t:|1781402827\n|move|p2a: Palkia|Hydro Pump|p1a: Farigiraf\n|-damage|p1a: Farigiraf|80/362 par\n|move|p1a: Farigiraf|Body Slam|p2a: Palkia\n|-damage|p2a: Palkia|103/259\n|-status|p2a: Palkia|par\n|\n|-heal|p1a: Farigiraf|102/362 par|[from] item: Leftovers\n|upkeep\n|turn|42\n|\n|t:|1781402838\n|move|p2a: Palkia|Hydro Pump|p1a: Farigiraf\n|-damage|p1a: Farigiraf|0 fnt\n|faint|p1a: Farigiraf\n|\n|upkeep\n|\n|t:|1781402848\n|switch|p1a: Darkrai|Darkrai, L77, tera:Poison|185/234\n|turn|43\n|\n|t:|1781402866\n|move|p1a: Darkrai|Substitute|p1a: Darkrai\n|-start|p1a: Darkrai|Substitute\n|-damage|p1a: Darkrai|127/234\n|cant|p2a: Palkia|par\n|\n|-heal|p1a: Darkrai|141/234|[from] item: Leftovers\n|upkeep\n|turn|44\n|\n|t:|1781402882\n|move|p1a: Darkrai|Sludge Bomb|p2a: Palkia\n|-damage|p2a: Palkia|19/259 par\n|cant|p2a: Palkia|par\n|\n|-heal|p1a: Darkrai|155/234|[from] item: Leftovers\n|upkeep\n|turn|45\n|\n|t:|1781402890\n|move|p1a: Darkrai|Sludge Bomb|p2a: Palkia\n|-damage|p2a: Palkia|0 fnt\n|faint|p2a: Palkia\n|\n|-heal|p1a: Darkrai|169/234|[from] item: Leftovers\n|upkeep\n|\n|t:|1781402897\n|switch|p2a: Ditto|Ditto, L87|225/225\n|turn|46\n|\n|t:|1781402907\n|move|p1a: Darkrai|Nasty Plot|p1a: Darkrai\n|-boost|p1a: Darkrai|spa|2\n|move|p2a: Ditto|Transform||[still]\n|-fail|p2a: Ditto\n|\n|-heal|p1a: Darkrai|183/234|[from] item: Leftovers\n|upkeep\n|turn|47\n|-message|Benkkelly forfeited.\n|\n|win|UU Fent Dealer\n|raw|UU Fent Dealer's rating: 1343 &rarr; <strong>1366</strong><br />(+23 for winning)\n|raw|Benkkelly's rating: 1387 &rarr; <strong>1364</strong><br />(-23 for losing)\n|l|\u2606Benkkelly\n|player|p2|\n", "inputlog": ">version a8376a258c1d4662feba110a92103f3664a72141\n>start {\"formatid\":\"gen9randombattle\",\"seed\":\"sodium,dab3e1f2909a0feeb0336e901dc29537\",\"rated\":\"Rated battle\"}\n>player p1 {\"name\":\"UU Fent Dealer\",\"avatar\":\"170\",\"rating\":1343,\"seed\":\"sodium,ab4000918525cfd0d79667292f900956\"}\n>player p2 {\"name\":\"Benkkelly\",\"avatar\":\"102\",\"rating\":1387,\"seed\":\"sodium,d76beee64a82f33e850439b3168d830c\"}\n>p1 move taunt\n>p2 move knockoff\n>p1 move thunderbolt\n>p2 move gunkshot\n>p1 switch 4\n>p1 move shellsmash\n>p2 move knockoff\n>p1 move headlongrush\n>p2 move gunkshot\n>p2 switch 2\n>p1 move rockblast\n>p2 move bravebird\n>p1 switch 6\n>p1 move knockoff\n>p2 move bodypress\n>p1 move knockoff\n>p2 move roost\n>p1 move flareblitz\n>p2 move bodypress\n>p1 switch 2\n>p1 move substitute terastallize\n>p2 move bodypress\n>p1 move nastyplot\n>p2 move bravebird\n>p1 move darkpulse\n>p2 move bravebird\n>p2 switch 5\n>p1 move sludgebomb\n>p2 move earthquake\n>p1 switch 5\n>p2 move iceshard\n>p2 switch 4\n>p1 move protect\n>p2 move bodyslam\n>p1 move wish\n>p2 move bodyslam\n>p1 move protect\n>p2 move bodyslam\n>chat \u2606UU Fent Dealer|How am I this unlucky\n>p1 move wish\n>p2 move bodyslam\n>p1 move protect\n>p2 move bodyslam\n>p1 move wish\n>p2 switch 3\n>p1 switch 5\n>p2 move leechseed\n>p1 switch 5\n>p2 move substitute\n>p1 move psychicnoise\n>p2 move leechseed\n>p1 move psychicnoise\n>p2 move airslash terastallize\n>p1 move psychicnoise\n>p2 move airslash\n>p1 move psychicnoise\n>p2 move airslash\n>p1 move psychicnoise\n>p2 move airslash\n>p1 move wish\n>p2 move airslash\n>p1 move wish\n>p2 move airslash\n>p1 move wish\n>p2 move airslash\n>p1 move psychicnoise\n>p2 move airslash\n>p1 move psychicnoise\n>p2 move airslash\n>p1 move psychicnoise\n>p2 move airslash\n>p1 move psychicnoise\n>p2 move airslash\n>p1 move psychicnoise\n>p2 move airslash\n>p1 move wish\n>p2 move airslash\n>p1 move wish\n>p2 move airslash\n>p1 move wish\n>p2 move airslash\n>p1 move wish\n>p2 move airslash\n>p1 move protect\n>p2 move airslash\n>p1 move wish\n>p2 switch 6\n>p1 move bodyslam\n>p2 move hydropump\n>p1 move bodyslam\n>p2 move hydropump\n>p1 switch 5\n>p1 move substitute\n>p2 move thunderwave\n>p1 move sludgebomb\n>p2 move hydropump\n>p1 move sludgebomb\n>p2 move dracometeor\n>p2 switch 3\n>p1 move nastyplot\n>p2 move transform\n>forcelose p2", "uploadtime": 1781402921, "views": 8, "formatid": "gen9randombattle", "rating": 1364, "private": 0, "password": null}