{"id": "gen9randombattle-2631748729", "format": "[Gen 9] Random Battle", "players": ["Schibi", "KoffeeArchive"], "log": "|j|\u2606Schibi\n|j|\u2606KoffeeArchive\n|t:|1781433321\n|gametype|singles\n|player|p1|Schibi|2|1992\n|player|p2|KoffeeArchive|clair|1940\n|gen|9\n|tier|[Gen 9] Random Battle\n|rated|\n|rule|Species Clause: Limit one of each Pok\u00e9mon\n|rule|HP Percentage Mod: HP is shown in percentages\n|rule|Sleep Clause Mod: Limit one foe put to sleep\n|rule|Illusion Level Mod: Illusion disguises the Pok\u00e9mon's true level\n|\n|t:|1781433321\n|teamsize|p1|6\n|teamsize|p2|6\n|start\n|switch|p1a: Sandaconda|Sandaconda, L84, M|258/258\n|switch|p2a: Serperior|Serperior, L79, M|248/248\n|turn|1\n|inactive|Battle timer is ON: inactive players will automatically lose when time's up. (requested by KoffeeArchive)\n|\n|t:|1781433340\n|switch|p1a: Kricketune|Kricketune, L99, F|312/312\n|move|p2a: Serperior|Substitute|p2a: Serperior\n|-start|p2a: Serperior|Substitute\n|-damage|p2a: Serperior|186/248\n|\n|-heal|p2a: Serperior|201/248|[from] item: Leftovers\n|upkeep\n|turn|2\n|\n|t:|1781433349\n|move|p2a: Serperior|Leech Seed|p1a: Kricketune\n|-start|p1a: Kricketune|move: Leech Seed\n|move|p1a: Kricketune|Pounce|p2a: Serperior\n|-supereffective|p2a: Serperior\n|-crit|p2a: Serperior\n|-end|p2a: Serperior|Substitute\n|\n|-heal|p2a: Serperior|216/248|[from] item: Leftovers\n|-damage|p1a: Kricketune|273/312|[from] Leech Seed|[of] p2a: Serperior\n|-heal|p2a: Serperior|248/248|[silent]\n|upkeep\n|turn|3\n|\n|t:|1781433353\n|move|p2a: Serperior|Substitute|p2a: Serperior\n|-start|p2a: Serperior|Substitute\n|-damage|p2a: Serperior|186/248\n|move|p1a: Kricketune|Taunt|p2a: Serperior\n|-start|p2a: Serperior|move: Taunt\n|\n|-heal|p2a: Serperior|201/248|[from] item: Leftovers\n|-damage|p1a: Kricketune|234/312|[from] Leech Seed|[of] p2a: Serperior\n|-heal|p2a: Serperior|240/248|[silent]\n|upkeep\n|turn|4\n|\n|t:|1781433356\n|move|p2a: Serperior|Leaf Storm|p1a: Kricketune\n|-resisted|p1a: Kricketune\n|-damage|p1a: Kricketune|171/312\n|-boost|p2a: Serperior|spa|2\n|move|p1a: Kricketune|Pounce|p2a: Serperior\n|-supereffective|p2a: Serperior\n|-end|p2a: Serperior|Substitute\n|\n|-heal|p2a: Serperior|248/248|[from] item: Leftovers\n|-damage|p1a: Kricketune|132/312|[from] Leech Seed|[of] p2a: Serperior\n|upkeep\n|turn|5\n|\n|t:|1781433367\n|move|p2a: Serperior|Dragon Pulse|p1a: Kricketune\n|-damage|p1a: Kricketune|28/312\n|move|p1a: Kricketune|Knock Off|p2a: Serperior\n|-damage|p2a: Serperior|156/248\n|-enditem|p2a: Serperior|Leftovers|[from] move: Knock Off|[of] p1a: Kricketune\n|\n|-damage|p1a: Kricketune|0 fnt|[from] Leech Seed|[of] p2a: Serperior\n|-heal|p2a: Serperior|184/248|[silent]\n|faint|p1a: Kricketune\n|upkeep\n|\n|t:|1781433370\n|switch|p1a: Bisharp|Bisharp, L79, F|232/232\n|turn|6\n|\n|t:|1781433379\n|move|p2a: Serperior|Leaf Storm|p1a: Bisharp\n|-resisted|p1a: Bisharp\n|-damage|p1a: Bisharp|142/232\n|-boost|p2a: Serperior|spa|2\n|move|p1a: Bisharp|Throat Chop|p2a: Serperior\n|-damage|p2a: Serperior|88/248\n|-start|p2a: Serperior|Throat Chop|[silent]\n|\n|-end|p2a: Serperior|move: Taunt\n|upkeep\n|turn|7\n|\n|t:|1781433386\n|move|p2a: Serperior|Leaf Storm|p1a: Bisharp|[miss]\n|-miss|p2a: Serperior|p1a: Bisharp\n|move|p1a: Bisharp|Throat Chop|p2a: Serperior\n|-damage|p2a: Serperior|0 fnt\n|faint|p2a: Serperior\n|\n|upkeep\n|\n|t:|1781433390\n|switch|p2a: Shiftry|Shiftry, L89, F|305/305\n|turn|8\n|\n|t:|1781433402\n|move|p2a: Shiftry|Swords Dance|p2a: Shiftry\n|-boost|p2a: Shiftry|atk|2\n|move|p1a: Bisharp|Iron Head|p2a: Shiftry\n|-damage|p2a: Shiftry|188/305\n|\n|upkeep\n|turn|9\n|\n|t:|1781433409\n|move|p2a: Shiftry|Knock Off|p1a: Bisharp\n|-resisted|p1a: Bisharp\n|-crit|p1a: Bisharp\n|-damage|p1a: Bisharp|2/232\n|-enditem|p1a: Bisharp|Eviolite|[from] move: Knock Off|[of] p2a: Shiftry\n|-damage|p2a: Shiftry|158/305|[from] item: Life Orb\n|move|p1a: Bisharp|Iron Head|p2a: Shiftry\n|-damage|p2a: Shiftry|34/305\n|\n|upkeep\n|turn|10\n|\n|t:|1781433414\n|move|p2a: Shiftry|Sucker Punch|p1a: Bisharp\n|-resisted|p1a: Bisharp\n|-damage|p1a: Bisharp|0 fnt\n|faint|p1a: Bisharp\n|-damage|p2a: Shiftry|4/305|[from] item: Life Orb\n|\n|upkeep\n|\n|t:|1781433418\n|switch|p1a: Medicham|Medicham, L86, F|243/243\n|turn|11\n|\n|t:|1781433434\n|move|p1a: Medicham|Bullet Punch|p2a: Shiftry\n|-damage|p2a: Shiftry|0 fnt\n|faint|p2a: Shiftry\n|\n|upkeep\n|\n|t:|1781433439\n|switch|p2a: Poliwrath|Poliwrath, L88, M|302/302\n|turn|12\n|\n|t:|1781433447\n|switch|p1a: Miraidon|Miraidon, L65|238/238\n|-fieldstart|move: Electric Terrain|[from] ability: Hadron Engine|[of] p1a: Miraidon\n|move|p2a: Poliwrath|Bulk Up|p2a: Poliwrath\n|-boost|p2a: Poliwrath|atk|1\n|-boost|p2a: Poliwrath|def|1\n|\n|upkeep\n|turn|13\n|\n|t:|1781433454\n|-terastallize|p2a: Poliwrath|Steel\n|move|p1a: Miraidon|Electro Drift|p2a: Poliwrath\n|-damage|p2a: Poliwrath|119/302\n|-damage|p1a: Miraidon|215/238|[from] item: Life Orb\n|move|p2a: Poliwrath|Drain Punch|p1a: Miraidon\n|-damage|p1a: Miraidon|55/238\n|-heal|p2a: Poliwrath|199/302|[from] drain|[of] p1a: Miraidon\n|\n|-heal|p2a: Poliwrath|217/302|[from] item: Leftovers\n|upkeep\n|turn|14\n|\n|t:|1781433466\n|move|p1a: Miraidon|Electro Drift|p2a: Poliwrath\n|-damage|p2a: Poliwrath|29/302\n|-damage|p1a: Miraidon|32/238|[from] item: Life Orb\n|move|p2a: Poliwrath|Knock Off|p1a: Miraidon\n|-damage|p1a: Miraidon|0 fnt\n|-enditem|p1a: Miraidon|Life Orb|[from] move: Knock Off|[of] p2a: Poliwrath\n|faint|p1a: Miraidon\n|\n|-heal|p2a: Poliwrath|47/302|[from] item: Leftovers\n|upkeep\n|\n|t:|1781433468\n|switch|p1a: Medicham|Medicham, L86, F|243/243\n|turn|15\n|\n|t:|1781433472\n|move|p1a: Medicham|Close Combat|p2a: Poliwrath\n|-supereffective|p2a: Poliwrath\n|-damage|p2a: Poliwrath|0 fnt\n|-unboost|p1a: Medicham|def|1\n|-unboost|p1a: Medicham|spd|1\n|faint|p2a: Poliwrath\n|\n|upkeep\n|\n|t:|1781433474\n|switch|p2a: Mismagius|Mismagius, L86, F|243/243\n|turn|16\n|\n|t:|1781433481\n|switch|p2a: Gumshoos|Gumshoos, L95, F|321/321\n|switch|p1a: Florges|Florges, L85, F|271/271\n|\n|-fieldend|move: Electric Terrain\n|upkeep\n|turn|17\n|\n|t:|1781433485\n|switch|p1a: Sandaconda|Sandaconda, L84, M|258/258\n|move|p2a: Gumshoos|Double-Edge|p1a: Sandaconda\n|-damage|p1a: Sandaconda|0 fnt\n|faint|p1a: Sandaconda\n|-damage|p2a: Gumshoos|236/321|[from] Recoil\n|\n|upkeep\n|\n|t:|1781433489\n|switch|p1a: Medicham|Medicham, L86, F|243/243\n|turn|18\n|\n|t:|1781433493\n|switch|p2a: Mismagius|Mismagius, L86, F|243/243\n|move|p1a: Medicham|Zen Headbutt|p2a: Mismagius\n|-damage|p2a: Mismagius|17/243\n|\n|-heal|p2a: Mismagius|32/243|[from] item: Leftovers\n|upkeep\n|turn|19\n|\n|t:|1781433498\n|switch|p1a: Florges|Florges, L85, F|271/271\n|move|p2a: Mismagius|Shadow Ball|p1a: Florges\n|-damage|p1a: Florges|208/271\n|\n|-heal|p2a: Mismagius|47/243|[from] item: Leftovers\n|-heal|p1a: Florges|224/271|[from] item: Leftovers\n|upkeep\n|turn|20\n|\n|t:|1781433503\n|switch|p2a: Gumshoos|Gumshoos, L95, F|236/321\n|move|p1a: Florges|Moonblast|p2a: Gumshoos\n|-damage|p2a: Gumshoos|95/321\n|\n|-heal|p1a: Florges|240/271|[from] item: Leftovers\n|upkeep\n|turn|21\n|\n|t:|1781433507\n|move|p1a: Florges|Moonblast|p2a: Gumshoos\n|-damage|p2a: Gumshoos|0 fnt\n|faint|p2a: Gumshoos\n|\n|-heal|p1a: Florges|256/271|[from] item: Leftovers\n|upkeep\n|\n|t:|1781433509\n|switch|p2a: Zangoose|Zangoose, L85, F|263/263\n|turn|22\n|\n|t:|1781433513\n|move|p2a: Zangoose|Swords Dance|p2a: Zangoose\n|-boost|p2a: Zangoose|atk|2\n|move|p1a: Florges|Moonblast|p2a: Zangoose\n|-damage|p2a: Zangoose|104/263\n|-unboost|p2a: Zangoose|spa|1\n|\n|-heal|p1a: Florges|271/271|[from] item: Leftovers\n|-status|p2a: Zangoose|tox|[from] item: Toxic Orb\n|upkeep\n|turn|23\n|\n|t:|1781433520\n|move|p2a: Zangoose|Facade|p1a: Florges\n|-damage|p1a: Florges|0 fnt\n|faint|p1a: Florges\n|\n|-damage|p2a: Zangoose|88/263 tox|[from] psn\n|upkeep\n|\n|t:|1781433522\n|switch|p1a: Medicham|Medicham, L86, F|243/243\n|turn|24\n|\n|t:|1781433527\n|move|p2a: Zangoose|Quick Attack|p1a: Medicham\n|-damage|p1a: Medicham|68/243\n|move|p1a: Medicham|Bullet Punch|p2a: Zangoose\n|-damage|p2a: Zangoose|5/263 tox\n|\n|-damage|p2a: Zangoose|0 fnt|[from] psn\n|faint|p2a: Zangoose\n|upkeep\n|\n|t:|1781433529\n|switch|p2a: Mismagius|Mismagius, L86, F|47/243\n|turn|25\n|\n|t:|1781433531\n|move|p1a: Medicham|Bullet Punch|p2a: Mismagius\n|-damage|p2a: Mismagius|0 fnt\n|faint|p2a: Mismagius\n|\n|win|Schibi\n", "inputlog": ">version a8376a258c1d4662feba110a92103f3664a72141\n>start {\"formatid\":\"gen9randombattle\",\"seed\":\"sodium,4c4324418d1a65dadc97b0176658e5c1\",\"rated\":\"Rated battle\"}\n>player p1 {\"name\":\"Schibi\",\"avatar\":\"2\",\"rating\":1992,\"seed\":\"sodium,cc6e528ffe87644240c9cd875c54380f\"}\n>player p2 {\"name\":\"KoffeeArchive\",\"avatar\":\"clair\",\"rating\":1940,\"seed\":\"sodium,694a6a68dfdc322c6b95981fe7eefc95\"}\n>p1 switch 4\n>p2 move substitute\n>p1 move pounce\n>p2 move leechseed\n>p1 move taunt\n>p2 move substitute\n>p1 move pounce\n>p2 move leafstorm\n>p1 move knockoff\n>p2 move dragonpulse\n>p1 switch 3\n>p1 move throatchop\n>p2 move leafstorm\n>p1 move throatchop\n>p2 move leafstorm\n>p2 switch 4\n>p1 move ironhead\n>p2 move swordsdance\n>p1 move ironhead\n>p2 move knockoff\n>p1 move suckerpunch\n>p2 move suckerpunch\n>p1 switch 6\n>p1 move bulletpunch\n>p2 move knockoff\n>p2 switch 6\n>p1 switch 2\n>p2 move bulkup\n>p1 move electrodrift\n>p2 move drainpunch terastallize\n>p1 move electrodrift\n>p2 move knockoff\n>p1 switch 2\n>p1 move closecombat\n>p2 move drainpunch\n>p2 switch 2\n>p1 switch 5\n>p2 switch 3\n>p1 switch 4\n>p2 move doubleedge\n>p1 switch 5\n>p1 move zenheadbutt\n>p2 switch 3\n>p1 switch 4\n>p2 move shadowball\n>p1 move moonblast\n>p2 switch 3\n>p1 move moonblast\n>p2 move doubleedge\n>p2 switch 5\n>p1 move moonblast\n>p2 move swordsdance\n>p1 move moonblast\n>p2 move facade\n>p1 switch 4\n>p1 move bulletpunch\n>p2 move quickattack\n>p2 switch 3\n>p1 move bulletpunch\n>p2 move shadowball", "uploadtime": 1781433323, "views": 4, "formatid": "gen9randombattle", "rating": null, "private": 0, "password": null}