{"id": "gen9randombattle-2631953924", "format": "[Gen 9] Random Battle", "players": ["UmbreonSolitario", "zeropepsi"], "log": "|j|\u2606UmbreonSolitario\n|j|\u2606zeropepsi\n|t:|1781459454\n|gametype|singles\n|player|p1|UmbreonSolitario|266|1994\n|player|p2|zeropepsi|hilbert|1975\n|gen|9\n|tier|[Gen 9] Random Battle\n|rated|\n|rule|Species Clause: Limit one of each Pok\u00e9mon\n|rule|HP Percentage Mod: HP is shown in percentages\n|rule|Sleep Clause Mod: Limit one foe put to sleep\n|rule|Illusion Level Mod: Illusion disguises the Pok\u00e9mon's true level\n|\n|t:|1781459454\n|teamsize|p1|6\n|teamsize|p2|6\n|start\n|switch|p1a: Empoleon|Empoleon, L84, M|278/278\n|switch|p2a: Mienshao|Mienshao, L83, M|244/244\n|turn|1\n|\n|t:|1781459461\n|switch|p1a: Sinistcha|Sinistcha-Masterpiece, L83|254/254\n|move|p2a: Mienshao|Swords Dance|p2a: Mienshao\n|-boost|p2a: Mienshao|atk|2\n|\n|upkeep\n|turn|2\n|\n|t:|1781459480\n|move|p2a: Mienshao|Triple Axel|p1a: Sinistcha\n|-supereffective|p1a: Sinistcha\n|-damage|p1a: Sinistcha|168/254\n|-hitcount|p1a: Sinistcha|1\n|-damage|p2a: Mienshao|220/244|[from] item: Life Orb\n|move|p1a: Sinistcha|Matcha Gotcha|p2a: Mienshao\n|-damage|p2a: Mienshao|93/244\n|-heal|p1a: Sinistcha|232/254|[from] drain|[of] p2a: Mienshao\n|\n|-heal|p1a: Sinistcha|247/254|[from] item: Leftovers\n|upkeep\n|turn|3\n|inactive|Battle timer is ON: inactive players will automatically lose when time's up. (requested by zeropepsi)\n|\n|t:|1781459494\n|switch|p1a: Empoleon|Empoleon, L84, M|278/278\n|move|p2a: Mienshao|Triple Axel|p1a: Empoleon\n|-resisted|p1a: Empoleon\n|-damage|p1a: Empoleon|266/278\n|-resisted|p1a: Empoleon\n|-crit|p1a: Empoleon\n|-damage|p1a: Empoleon|234/278\n|-resisted|p1a: Empoleon\n|-damage|p1a: Empoleon|202/278\n|-hitcount|p1a: Empoleon|3\n|-damage|p2a: Mienshao|69/244|[from] item: Life Orb\n|\n|-heal|p1a: Empoleon|219/278|[from] item: Leftovers\n|upkeep\n|turn|4\n|\n|t:|1781459506\n|switch|p2a: Azelf|Azelf, L82|257/257\n|move|p1a: Empoleon|Surf|p2a: Azelf\n|-damage|p2a: Azelf|125/257\n|\n|-heal|p1a: Empoleon|236/278|[from] item: Leftovers\n|upkeep\n|turn|5\n|\n|t:|1781459514\n|switch|p2a: Trevenant|Trevenant, L89, M|296/296\n|move|p1a: Empoleon|Surf|p2a: Trevenant\n|-resisted|p2a: Trevenant\n|-damage|p2a: Trevenant|247/296\n|\n|-heal|p1a: Empoleon|253/278|[from] item: Leftovers\n|upkeep\n|turn|6\n|\n|t:|1781459525\n|move|p2a: Trevenant|Drain Punch|p1a: Empoleon\n|-supereffective|p1a: Empoleon\n|-damage|p1a: Empoleon|123/278\n|-heal|p2a: Trevenant|296/296|[from] drain|[of] p1a: Empoleon\n|move|p1a: Empoleon|Ice Beam|p2a: Trevenant\n|-supereffective|p2a: Trevenant\n|-damage|p2a: Trevenant|148/296\n|-enditem|p2a: Trevenant|Sitrus Berry|[eat]\n|-heal|p2a: Trevenant|222/296|[from] item: Sitrus Berry\n|\n|-heal|p1a: Empoleon|140/278|[from] item: Leftovers\n|upkeep\n|turn|7\n|\n|t:|1781459537\n|switch|p1a: Toxicroak|Toxicroak, L84, M|277/277\n|move|p2a: Trevenant|Drain Punch|p1a: Toxicroak\n|-resisted|p1a: Toxicroak\n|-damage|p1a: Toxicroak|237/277\n|-heal|p2a: Trevenant|242/296|[from] drain|[of] p1a: Toxicroak\n|\n|-item|p2a: Trevenant|Sitrus Berry|[from] ability: Harvest\n|upkeep\n|turn|8\n|\n|t:|1781459544\n|move|p2a: Trevenant|Protect|p2a: Trevenant\n|-singleturn|p2a: Trevenant|Protect\n|move|p1a: Toxicroak|Knock Off|p2a: Trevenant\n|-activate|p2a: Trevenant|move: Protect\n|\n|upkeep\n|turn|9\n|\n|t:|1781459557\n|switch|p2a: Pelipper|Pelipper, L86, F|243/243\n|-weather|RainDance|[from] ability: Drizzle|[of] p2a: Pelipper\n|move|p1a: Toxicroak|Gunk Shot|p2a: Pelipper\n|-damage|p2a: Pelipper|87/243\n|-damage|p1a: Toxicroak|210/277|[from] item: Life Orb\n|\n|-weather|RainDance|[upkeep]\n|-heal|p1a: Toxicroak|244/277|[from] ability: Dry Skin\n|upkeep\n|turn|10\n|\n|t:|1781459567\n|move|p1a: Toxicroak|Gunk Shot|p2a: Pelipper\n|-damage|p2a: Pelipper|0 fnt\n|faint|p2a: Pelipper\n|-damage|p1a: Toxicroak|217/277|[from] item: Life Orb\n|\n|-weather|RainDance|[upkeep]\n|-heal|p1a: Toxicroak|251/277|[from] ability: Dry Skin\n|upkeep\n|\n|t:|1781459571\n|switch|p2a: Azelf|Azelf, L82|125/257\n|turn|11\n|\n|t:|1781459576\n|switch|p1a: Wo-Chien|Wo-Chien, L83|277/277\n|-ability|p1a: Wo-Chien|Tablets of Ruin\n|move|p2a: Azelf|Psyshock|p1a: Wo-Chien\n|-immune|p1a: Wo-Chien\n|\n|-weather|RainDance|[upkeep]\n|upkeep\n|turn|12\n|\n|t:|1781459588\n|move|p2a: Azelf|Dazzling Gleam|p1a: Wo-Chien\n|-supereffective|p1a: Wo-Chien\n|-damage|p1a: Wo-Chien|144/277\n|-damage|p2a: Azelf|100/257|[from] item: Life Orb\n|move|p1a: Wo-Chien|Leech Seed|p2a: Azelf\n|-start|p2a: Azelf|move: Leech Seed\n|\n|-weather|RainDance|[upkeep]\n|-heal|p1a: Wo-Chien|161/277|[from] item: Leftovers\n|-damage|p2a: Azelf|68/257|[from] Leech Seed|[of] p1a: Wo-Chien\n|-heal|p1a: Wo-Chien|193/277|[silent]\n|upkeep\n|turn|13\n|\n|t:|1781459595\n|move|p2a: Azelf|Nasty Plot|p2a: Azelf\n|-boost|p2a: Azelf|spa|2\n|move|p1a: Wo-Chien|Leech Seed||[still]\n|-fail|p1a: Wo-Chien\n|\n|-weather|none\n|-heal|p1a: Wo-Chien|210/277|[from] item: Leftovers\n|-damage|p2a: Azelf|36/257|[from] Leech Seed|[of] p1a: Wo-Chien\n|-heal|p1a: Wo-Chien|242/277|[silent]\n|upkeep\n|turn|14\n|\n|t:|1781459600\n|switch|p1a: Empoleon|Empoleon, L84, M|140/278\n|move|p2a: Azelf|Dazzling Gleam|p1a: Empoleon\n|-resisted|p1a: Empoleon\n|-damage|p1a: Empoleon|66/278\n|-damage|p2a: Azelf|11/257|[from] item: Life Orb\n|\n|-heal|p1a: Empoleon|83/278|[from] item: Leftovers\n|-damage|p2a: Azelf|0 fnt|[from] Leech Seed|[of] p1a: Empoleon\n|-heal|p1a: Empoleon|94/278|[silent]\n|faint|p2a: Azelf\n|upkeep\n|\n|t:|1781459603\n|switch|p2a: Luxray|Luxray, L88, F|283/283\n|turn|15\n|\n|t:|1781459606\n|move|p2a: Luxray|Supercell Slam|p1a: Empoleon\n|-supereffective|p1a: Empoleon\n|-damage|p1a: Empoleon|0 fnt\n|faint|p1a: Empoleon\n|\n|-status|p2a: Luxray|brn|[from] item: Flame Orb\n|upkeep\n|\n|t:|1781459616\n|switch|p1a: Toxicroak|Toxicroak, L84, M|251/277\n|turn|16\n|\n|t:|1781459621\n|move|p1a: Toxicroak|Gunk Shot|p2a: Luxray\n|-damage|p2a: Luxray|104/283 brn\n|-damage|p1a: Toxicroak|224/277|[from] item: Life Orb\n|move|p2a: Luxray|Supercell Slam|p1a: Toxicroak\n|-damage|p1a: Toxicroak|0 fnt\n|faint|p1a: Toxicroak\n|\n|-damage|p2a: Luxray|87/283 brn|[from] brn\n|upkeep\n|\n|t:|1781459628\n|switch|p1a: Iron Moth|Iron Moth, L78|253/253\n|turn|17\n|\n|t:|1781459630\n|move|p1a: Iron Moth|Fiery Dance|p2a: Luxray\n|-damage|p2a: Luxray|0 fnt\n|faint|p2a: Luxray\n|\n|upkeep\n|\n|t:|1781459636\n|switch|p2a: Blastoise|Blastoise, L80, F|258/258\n|turn|18\n|\n|t:|1781459653\n|-end|p1a: Iron Moth|Quark Drive|[silent]\n|switch|p1a: Wo-Chien|Wo-Chien, L83|242/277\n|-ability|p1a: Wo-Chien|Tablets of Ruin\n|move|p2a: Blastoise|Shell Smash|p2a: Blastoise\n|-unboost|p2a: Blastoise|def|1\n|-unboost|p2a: Blastoise|spd|1\n|-boost|p2a: Blastoise|atk|2\n|-boost|p2a: Blastoise|spa|2\n|-boost|p2a: Blastoise|spe|2\n|-enditem|p2a: Blastoise|White Herb\n|-clearnegativeboost|p2a: Blastoise|[silent]\n|\n|-heal|p1a: Wo-Chien|259/277|[from] item: Leftovers\n|upkeep\n|turn|19\n|\n|t:|1781459657\n|move|p2a: Blastoise|Ice Beam|p1a: Wo-Chien\n|-supereffective|p1a: Wo-Chien\n|-damage|p1a: Wo-Chien|107/277\n|move|p1a: Wo-Chien|Leech Seed|p2a: Blastoise\n|-start|p2a: Blastoise|move: Leech Seed\n|\n|-heal|p1a: Wo-Chien|124/277|[from] item: Leftovers\n|-damage|p2a: Blastoise|226/258|[from] Leech Seed|[of] p1a: Wo-Chien\n|-heal|p1a: Wo-Chien|156/277|[silent]\n|upkeep\n|turn|20\n|\n|t:|1781459665\n|move|p2a: Blastoise|Ice Beam|p1a: Wo-Chien\n|-supereffective|p1a: Wo-Chien\n|-damage|p1a: Wo-Chien|0 fnt\n|faint|p1a: Wo-Chien\n|\n|upkeep\n|\n|t:|1781459668\n|switch|p1a: Sinistcha|Sinistcha-Masterpiece, L83|247/254\n|turn|21\n|\n|t:|1781459674\n|-terastallize|p2a: Blastoise|Steel\n|move|p2a: Blastoise|Ice Beam|p1a: Sinistcha\n|-supereffective|p1a: Sinistcha\n|-damage|p1a: Sinistcha|0 fnt\n|faint|p1a: Sinistcha\n|\n|upkeep\n|\n|t:|1781459693\n|switch|p1a: Iron Moth|Iron Moth, L78|253/253\n|turn|22\n|\n|t:|1781459704\n|-terastallize|p1a: Iron Moth|Grass\n|move|p2a: Blastoise|Hydro Pump|p1a: Iron Moth\n|-resisted|p1a: Iron Moth\n|-damage|p1a: Iron Moth|168/253\n|move|p1a: Iron Moth|Fiery Dance|p2a: Blastoise\n|-supereffective|p2a: Blastoise\n|-damage|p2a: Blastoise|0 fnt\n|-boost|p1a: Iron Moth|spa|1\n|faint|p2a: Blastoise\n|\n|upkeep\n|\n|t:|1781459706\n|switch|p2a: Mienshao|Mienshao, L83, M|150/244\n|turn|23\n|\n|t:|1781459716\n|-end|p1a: Iron Moth|Quark Drive|[silent]\n|switch|p1a: Gliscor|Gliscor, L76, M|239/239\n|move|p2a: Mienshao|Close Combat|p1a: Gliscor\n|-resisted|p1a: Gliscor\n|-damage|p1a: Gliscor|155/239\n|-unboost|p2a: Mienshao|def|1\n|-unboost|p2a: Mienshao|spd|1\n|-damage|p2a: Mienshao|126/244|[from] item: Life Orb\n|\n|-status|p1a: Gliscor|tox|[from] item: Toxic Orb\n|upkeep\n|turn|24\n|\n|t:|1781459729\n|switch|p2a: Trevenant|Trevenant, L89, M|242/296\n|move|p1a: Gliscor|Protect||[still]\n|-fail|p1a: Gliscor\n|\n|-heal|p1a: Gliscor|184/239 tox|[from] ability: Poison Heal\n|upkeep\n|turn|25\n|\n|t:|1781459739\n|move|p1a: Gliscor|Toxic Spikes|p2a: Trevenant\n|-sidestart|p2: zeropepsi|move: Toxic Spikes\n|move|p2a: Trevenant|Poltergeist|p1a: Gliscor\n|-activate|p1a: Gliscor|move: Poltergeist|Toxic Orb\n|-damage|p1a: Gliscor|57/239 tox\n|\n|-heal|p1a: Gliscor|86/239 tox|[from] ability: Poison Heal\n|upkeep\n|turn|26\n|\n|t:|1781459742\n|switch|p2a: Mienshao|Mienshao, L83, M|207/244\n|-status|p2a: Mienshao|psn\n|move|p1a: Gliscor|Toxic Spikes|p2a: Mienshao\n|-sidestart|p2: zeropepsi|move: Toxic Spikes\n|\n|-damage|p2a: Mienshao|177/244 psn|[from] psn\n|-heal|p1a: Gliscor|115/239 tox|[from] ability: Poison Heal\n|upkeep\n|turn|27\n|\n|t:|1781459746\n|move|p2a: Mienshao|Triple Axel|p1a: Gliscor\n|-supereffective|p1a: Gliscor\n|-damage|p1a: Gliscor|37/239 tox\n|-hitcount|p1a: Gliscor|1\n|-damage|p2a: Mienshao|153/244 psn|[from] item: Life Orb\n|move|p1a: Gliscor|Knock Off|p2a: Mienshao\n|-resisted|p2a: Mienshao\n|-damage|p2a: Mienshao|119/244 psn\n|-enditem|p2a: Mienshao|Life Orb|[from] move: Knock Off|[of] p1a: Gliscor\n|\n|-damage|p2a: Mienshao|89/244 psn|[from] psn\n|-heal|p1a: Gliscor|66/239 tox|[from] ability: Poison Heal\n|upkeep\n|turn|28\n|\n|t:|1781459751\n|move|p2a: Mienshao|Triple Axel|p1a: Gliscor\n|-supereffective|p1a: Gliscor\n|-damage|p1a: Gliscor|10/239 tox\n|-supereffective|p1a: Gliscor\n|-damage|p1a: Gliscor|0 fnt\n|faint|p1a: Gliscor\n|-hitcount|p1: Gliscor|2\n|\n|-damage|p2a: Mienshao|59/244 psn|[from] psn\n|upkeep\n|\n|t:|1781459752\n|switch|p1a: Iron Moth|Iron Moth, L78, tera:Grass|168/253\n|turn|29\n|\n|t:|1781459754\n|move|p2a: Mienshao|Triple Axel|p1a: Iron Moth\n|-supereffective|p1a: Iron Moth\n|-damage|p1a: Iron Moth|118/253\n|-supereffective|p1a: Iron Moth\n|-damage|p1a: Iron Moth|18/253\n|-supereffective|p1a: Iron Moth\n|-damage|p1a: Iron Moth|0 fnt\n|faint|p1a: Iron Moth\n|-end|p1a: Iron Moth|Quark Drive|[silent]\n|-hitcount|p1: Iron Moth|3\n|\n|win|zeropepsi\n", "inputlog": ">version a8376a258c1d4662feba110a92103f3664a72141\n>start {\"formatid\":\"gen9randombattle\",\"seed\":\"sodium,5bf4a9125e40ef8c99d4bfb3f4e5f8bb\",\"rated\":\"Rated battle\"}\n>player p1 {\"name\":\"UmbreonSolitario\",\"avatar\":\"266\",\"rating\":1994,\"seed\":\"sodium,7c6f400d6ae7c5fd8b764bbd1e9af2b3\"}\n>player p2 {\"name\":\"zeropepsi\",\"avatar\":\"hilbert\",\"rating\":1975,\"seed\":\"sodium,3b2c02bbae2c1ac1494359b6d41d5dd9\"}\n>p1 switch 3\n>p2 move swordsdance\n>p1 move matchagotcha\n>p2 move tripleaxel\n>p1 switch 3\n>p2 move tripleaxel\n>p1 move surf\n>p2 switch 4\n>p1 move surf\n>p2 switch 5\n>p1 move icebeam\n>p2 move drainpunch\n>p1 switch 2\n>p2 move drainpunch\n>p1 move knockoff\n>p2 move protect\n>p1 move gunkshot\n>p2 switch 3\n>p1 move gunkshot\n>p2 move hurricane\n>p2 switch 5\n>p1 switch 5\n>p2 move psyshock\n>p1 move leechseed\n>p2 move dazzlinggleam\n>p1 move leechseed\n>p2 move nastyplot\n>p1 switch 2\n>p2 move dazzlinggleam\n>p2 switch 2\n>p1 move yawn\n>p2 move supercellslam\n>p1 switch 5\n>p1 move gunkshot\n>p2 move supercellslam\n>p1 switch 6\n>p1 move fierydance\n>p2 move facade\n>p2 switch 6\n>p1 switch 2\n>p2 move shellsmash\n>p1 move leechseed\n>p2 move icebeam\n>p1 move ruination\n>p2 move icebeam\n>p1 switch 3\n>p1 move matchagotcha\n>p2 move icebeam terastallize\n>p1 switch 2\n>p1 move fierydance terastallize\n>p2 move hydropump\n>p2 switch 4\n>p1 switch 4\n>p2 move closecombat\n>p1 move protect\n>p2 switch 3\n>p1 move toxicspikes\n>p2 move poltergeist\n>p1 move toxicspikes\n>p2 switch 3\n>p1 move knockoff\n>p2 move tripleaxel\n>p1 move earthquake\n>p2 move tripleaxel\n>p1 switch 4\n>p1 move fierydance\n>p2 move tripleaxel", "uploadtime": 1781459455, "views": 5, "formatid": "gen9randombattle", "rating": null, "private": 0, "password": null}