{"id": "gen9randombattle-2631830930", "format": "[Gen 9] Random Battle", "players": ["kapersthekrap", "YveltalNL"], "log": "|j|\u2606kapersthekrap\n|j|\u2606YveltalNL\n|t:|1781445651\n|gametype|singles\n|player|p1|kapersthekrap|alder|2169\n|player|p2|YveltalNL|#yveltalnl|2181\n|gen|9\n|tier|[Gen 9] Random Battle\n|rated|\n|rule|Species Clause: Limit one of each Pok\u00e9mon\n|rule|HP Percentage Mod: HP is shown in percentages\n|rule|Sleep Clause Mod: Limit one foe put to sleep\n|rule|Illusion Level Mod: Illusion disguises the Pok\u00e9mon's true level\n|\n|t:|1781445651\n|teamsize|p1|6\n|teamsize|p2|6\n|start\n|switch|p1a: Crabominable|Crabominable, L90, M|321/321\n|switch|p2a: Banette|Banette, L93, M|270/270\n|turn|1\n|inactive|Battle timer is ON: inactive players will automatically lose when time's up. (requested by kapersthekrap)\n|\n|t:|1781445664\n|move|p2a: Banette|Poltergeist|p1a: Crabominable\n|-activate|p1a: Crabominable|move: Poltergeist|Assault Vest\n|-damage|p1a: Crabominable|113/321\n|-damage|p2a: Banette|243/270|[from] item: Life Orb\n|move|p1a: Crabominable|Knock Off|p2a: Banette\n|-supereffective|p2a: Banette\n|-damage|p2a: Banette|25/270\n|-enditem|p2a: Banette|Life Orb|[from] move: Knock Off|[of] p1a: Crabominable\n|\n|upkeep\n|turn|2\n|j| AverageNoob2011\n|\n|t:|1781445673\n|switch|p1a: Maushold|Maushold, L76|238/238\n|move|p2a: Banette|Poltergeist|p1a: Maushold\n|-immune|p1a: Maushold\n|\n|upkeep\n|turn|3\n|c|\u2606YveltalNL|ffssssss\n|c|\u2606YveltalNL|i clicked cancel to gunk\n|\n|t:|1781445685\n|switch|p2a: Avalugg|Avalugg-Hisui, L90, F|317/317\n|move|p1a: Maushold|Encore||[still]\n|-fail|p1a: Maushold\n|\n|upkeep\n|turn|4\n|c|\u2606kapersthekrap|lol\n|\n|t:|1781445697\n|switch|p1a: Ampharos|Ampharos, L88, M|302/302\n|move|p2a: Avalugg|Stone Edge|p1a: Ampharos\n|-damage|p1a: Ampharos|152/302\n|\n|upkeep\n|turn|5\n|\n|t:|1781445704\n|switch|p2a: Virizion|Virizion, L82|283/283\n|move|p1a: Ampharos|Thunderbolt|p2a: Virizion\n|-resisted|p2a: Virizion\n|-damage|p2a: Virizion|225/283\n|-damage|p1a: Ampharos|122/302|[from] item: Life Orb\n|\n|upkeep\n|turn|6\n|\n|t:|1781445709\n|move|p2a: Virizion|Close Combat|p1a: Ampharos\n|-damage|p1a: Ampharos|0 fnt\n|-unboost|p2a: Virizion|def|1\n|-unboost|p2a: Virizion|spd|1\n|faint|p1a: Ampharos\n|-damage|p2a: Virizion|197/283|[from] item: Life Orb\n|\n|upkeep\n|\n|t:|1781445714\n|switch|p1a: Tauros|Tauros-Paldea-Combat, L82, M|257/257\n|-ability|p1a: Tauros|Intimidate|boost\n|-unboost|p2a: Virizion|atk|1\n|turn|7\n|\n|t:|1781445721\n|move|p2a: Virizion|Close Combat|p1a: Tauros\n|-damage|p1a: Tauros|166/257\n|-unboost|p2a: Virizion|def|1\n|-unboost|p2a: Virizion|spd|1\n|-damage|p2a: Virizion|169/283|[from] item: Life Orb\n|move|p1a: Tauros|Bulk Up|p1a: Tauros\n|-boost|p1a: Tauros|atk|1\n|-boost|p1a: Tauros|def|1\n|\n|upkeep\n|turn|8\n|\n|t:|1781445727\n|switch|p2a: Banette|Banette, L93, M|25/270\n|move|p1a: Tauros|Iron Head|p2a: Banette\n|-damage|p2a: Banette|0 fnt\n|faint|p2a: Banette\n|-damage|p1a: Tauros|141/257|[from] item: Life Orb\n|\n|upkeep\n|\n|t:|1781445735\n|switch|p2a: Grumpig|Grumpig, L92, M|297/297\n|turn|9\n|\n|t:|1781445739\n|move|p1a: Tauros|Throat Chop|p2a: Grumpig\n|-supereffective|p2a: Grumpig\n|-damage|p2a: Grumpig|37/297\n|-start|p2a: Grumpig|Throat Chop|[silent]\n|-damage|p1a: Tauros|116/257|[from] item: Life Orb\n|move|p2a: Grumpig|Earth Power|p1a: Tauros\n|-damage|p1a: Tauros|30/257\n|-unboost|p1a: Tauros|spd|1\n|\n|-heal|p2a: Grumpig|55/297|[from] item: Leftovers\n|upkeep\n|turn|10\n|\n|t:|1781445745\n|move|p1a: Tauros|Iron Head|p2a: Grumpig\n|-damage|p2a: Grumpig|0 fnt\n|faint|p2a: Grumpig\n|-damage|p1a: Tauros|5/257|[from] item: Life Orb\n|\n|upkeep\n|\n|t:|1781445746\n|switch|p2a: Virizion|Virizion, L82|169/283\n|turn|11\n|\n|t:|1781445751\n|switch|p1a: Crabominable|Crabominable, L90, M|113/321\n|move|p2a: Virizion|Leaf Blade|p1a: Crabominable\n|-damage|p1a: Crabominable|6/321\n|-damage|p2a: Virizion|141/283|[from] item: Life Orb\n|\n|upkeep\n|turn|12\n|\n|t:|1781445755\n|move|p2a: Virizion|Leaf Blade|p1a: Crabominable\n|-crit|p1a: Crabominable\n|-damage|p1a: Crabominable|0 fnt\n|faint|p1a: Crabominable\n|-damage|p2a: Virizion|113/283|[from] item: Life Orb\n|\n|upkeep\n|\n|t:|1781445758\n|switch|p1a: Tauros|Tauros-Paldea-Combat, L82, M|5/257\n|-ability|p1a: Tauros|Intimidate|boost\n|-unboost|p2a: Virizion|atk|1\n|turn|13\n|\n|t:|1781445761\n|move|p2a: Virizion|Leaf Blade|p1a: Tauros\n|-damage|p1a: Tauros|0 fnt\n|faint|p1a: Tauros\n|-damage|p2a: Virizion|85/283|[from] item: Life Orb\n|\n|upkeep\n|\n|t:|1781445769\n|switch|p1a: Maushold|Maushold, L76|238/238\n|turn|14\n|\n|t:|1781445773\n|switch|p2a: Avalugg|Avalugg-Hisui, L90, F|317/317\n|-terastallize|p1a: Maushold|Ghost\n|move|p1a: Maushold|Tidy Up|p1a: Maushold\n|-boost|p1a: Maushold|atk|1\n|-boost|p1a: Maushold|spe|1\n|\n|upkeep\n|turn|15\n|\n|t:|1781445783\n|switch|p1a: Garganacl|Garganacl, L80, F|291/291\n|move|p2a: Avalugg|Avalanche|p1a: Garganacl\n|-damage|p1a: Garganacl|222/291\n|\n|-heal|p1a: Garganacl|240/291|[from] item: Leftovers\n|upkeep\n|turn|16\n|\n|t:|1781445790\n|switch|p2a: Passimian|Passimian, L83, M|302/302\n|move|p1a: Garganacl|Salt Cure|p2a: Passimian\n|-resisted|p2a: Passimian\n|-damage|p2a: Passimian|283/302\n|-start|p2a: Passimian|Salt Cure\n|\n|-heal|p1a: Garganacl|258/291|[from] item: Leftovers\n|-damage|p2a: Passimian|246/302|[from] Salt Cure\n|upkeep\n|turn|17\n|l| AverageNoob2011\n|\n|t:|1781445796\n|move|p2a: Passimian|Knock Off|p1a: Garganacl\n|-damage|p1a: Garganacl|195/291\n|-enditem|p1a: Garganacl|Leftovers|[from] move: Knock Off|[of] p2a: Passimian\n|move|p1a: Garganacl|Stealth Rock|p2a: Passimian\n|-sidestart|p2: YveltalNL|move: Stealth Rock\n|\n|-damage|p2a: Passimian|209/302|[from] Salt Cure\n|upkeep\n|turn|18\n|\n|t:|1781445802\n|switch|p2a: Virizion|Virizion, L82|85/283\n|-damage|p2a: Virizion|68/283|[from] Stealth Rock\n|switch|p1a: Alcremie|Alcremie-Mint-Cream, L90, F|263/263\n|\n|upkeep\n|turn|19\n|\n|t:|1781445812\n|move|p2a: Virizion|Leaf Blade|p1a: Alcremie\n|-damage|p1a: Alcremie|150/263\n|-damage|p2a: Virizion|40/283|[from] item: Life Orb\n|move|p1a: Alcremie|Alluring Voice|p2a: Virizion\n|-supereffective|p2a: Virizion\n|-damage|p2a: Virizion|0 fnt\n|faint|p2a: Virizion\n|\n|-heal|p1a: Alcremie|166/263|[from] item: Leftovers\n|upkeep\n|\n|t:|1781445818\n|switch|p2a: Porygon-Z|Porygon-Z, L83|277/277\n|-damage|p2a: Porygon-Z|243/277|[from] Stealth Rock\n|turn|20\n|\n|t:|1781445824\n|switch|p1a: Maushold|Maushold, L76, tera:Ghost|238/238\n|move|p2a: Porygon-Z|Tera Blast|p1a: Maushold\n|-immune|p1a: Maushold\n|\n|upkeep\n|turn|21\n|\n|t:|1781445832\n|move|p1a: Maushold|Population Bomb|p2a: Porygon-Z\n|-damage|p2a: Porygon-Z|216/277\n|-damage|p2a: Porygon-Z|186/277\n|-damage|p2a: Porygon-Z|159/277\n|-damage|p2a: Porygon-Z|134/277\n|-damage|p2a: Porygon-Z|107/277\n|-damage|p2a: Porygon-Z|82/277\n|-damage|p2a: Porygon-Z|57/277\n|-damage|p2a: Porygon-Z|29/277\n|-damage|p2a: Porygon-Z|1/277\n|-damage|p2a: Porygon-Z|0 fnt\n|faint|p2a: Porygon-Z\n|-hitcount|p2: Porygon-Z|10\n|\n|upkeep\n|\n|t:|1781445835\n|switch|p2a: Avalugg|Avalugg-Hisui, L90, F|317/317\n|turn|22\n|\n|t:|1781445848\n|switch|p1a: Garganacl|Garganacl, L80, F|195/291\n|move|p2a: Avalugg|Rapid Spin|p1a: Garganacl\n|-resisted|p1a: Garganacl\n|-damage|p1a: Garganacl|176/291\n|-boost|p2a: Avalugg|spe|1\n|-sideend|p2: YveltalNL|Stealth Rock|[from] move: Rapid Spin|[of] p2a: Avalugg\n|\n|upkeep\n|turn|23\n|\n|t:|1781445855\n|move|p2a: Avalugg|Stone Edge|p1a: Garganacl\n|-crit|p1a: Garganacl\n|-damage|p1a: Garganacl|0 fnt\n|faint|p1a: Garganacl\n|\n|upkeep\n|c|\u2606kapersthekrap|oh damn\n|c|\u2606kapersthekrap|I think that's gg\n|\n|t:|1781445864\n|switch|p1a: Alcremie|Alcremie-Mint-Cream, L90, F|166/263\n|turn|24\n|\n|t:|1781445869\n|switch|p2a: Passimian|Passimian, L83, M|209/302\n|move|p1a: Alcremie|Recover|p1a: Alcremie\n|-heal|p1a: Alcremie|263/263\n|\n|upkeep\n|turn|25\n|\n|t:|1781445876\n|-terastallize|p2a: Passimian|Poison\n|move|p2a: Passimian|Gunk Shot|p1a: Alcremie\n|-supereffective|p1a: Alcremie\n|-damage|p1a: Alcremie|0 fnt\n|faint|p1a: Alcremie\n|\n|upkeep\n|\n|t:|1781445879\n|switch|p1a: Maushold|Maushold, L76, tera:Ghost|238/238\n|turn|26\n|c|\u2606YveltalNL|im out here getting rewarded for bad plays\n|c|\u2606YveltalNL|thanks showdown\n|c|\u2606kapersthekrap|it's pokemon\n|\n|t:|1781445892\n|switch|p2a: Avalugg|Avalugg-Hisui, L90, F|317/317\n|move|p1a: Maushold|Population Bomb|p2a: Avalugg\n|-resisted|p2a: Avalugg\n|-damage|p2a: Avalugg|312/317\n|-resisted|p2a: Avalugg\n|-damage|p2a: Avalugg|307/317\n|-resisted|p2a: Avalugg\n|-damage|p2a: Avalugg|302/317\n|-resisted|p2a: Avalugg\n|-damage|p2a: Avalugg|296/317\n|-resisted|p2a: Avalugg\n|-damage|p2a: Avalugg|291/317\n|-resisted|p2a: Avalugg\n|-damage|p2a: Avalugg|285/317\n|-resisted|p2a: Avalugg\n|-damage|p2a: Avalugg|279/317\n|-resisted|p2a: Avalugg\n|-damage|p2a: Avalugg|273/317\n|-resisted|p2a: Avalugg\n|-damage|p2a: Avalugg|267/317\n|-resisted|p2a: Avalugg\n|-damage|p2a: Avalugg|261/317\n|-hitcount|p2a: Avalugg|10\n|\n|upkeep\n|turn|27\n|c|\u2606YveltalNL|ye\n|c|\u2606kapersthekrap|I think I win without the crit there tbh\n|c|\u2606YveltalNL|just flinch 12 bites\n|\n|t:|1781445920\n|move|p1a: Maushold|Tidy Up|p1a: Maushold\n|-boost|p1a: Maushold|atk|1\n|-boost|p1a: Maushold|spe|1\n|move|p2a: Avalugg|Avalanche|p1a: Maushold\n|-crit|p1a: Maushold\n|-damage|p1a: Maushold|60/238\n|\n|upkeep\n|turn|28\n|c|\u2606kapersthekrap|double crit huh\n|\n|t:|1781445931\n|move|p1a: Maushold|Bite|p2a: Avalugg\n|-damage|p2a: Avalugg|226/317\n|move|p2a: Avalugg|Avalanche|p1a: Maushold\n|-crit|p1a: Maushold\n|-damage|p1a: Maushold|0 fnt\n|faint|p1a: Maushold\n|\n|win|YveltalNL\n", "inputlog": ">version a8376a258c1d4662feba110a92103f3664a72141\n>start {\"formatid\":\"gen9randombattle\",\"seed\":\"sodium,ef249f979b08736f890d83f8d05b744e\",\"rated\":\"Rated battle\"}\n>player p1 {\"name\":\"kapersthekrap\",\"avatar\":\"alder\",\"rating\":2169,\"seed\":\"sodium,3e239a5cf80579e7451b775c603d70bb\"}\n>player p2 {\"name\":\"YveltalNL\",\"avatar\":\"#yveltalnl\",\"rating\":2181,\"seed\":\"sodium,7edc7e5d608292716d0fce3cf49bbaae\"}\n>p1 move knockoff\n>p2 move poltergeist\n>p1 switch 2\n>p2 move poltergeist\n>chat \u2606YveltalNL|ffssssss\n>chat \u2606YveltalNL|i clicked cancel to gunk\n>p1 move encore\n>p2 switch 5\n>chat \u2606kapersthekrap|lol\n>p1 switch 4\n>p2 move stoneedge\n>p1 move thunderbolt\n>p2 switch 3\n>p1 move dazzlinggleam\n>p2 move closecombat\n>p1 switch 6\n>p1 move bulkup\n>p2 move closecombat\n>p1 move ironhead\n>p2 switch 5\n>p2 switch 2\n>p1 move throatchop\n>p2 move earthpower\n>p1 move ironhead\n>p2 move psychic\n>p2 switch 5\n>p1 switch 2\n>p2 move leafblade\n>p1 move drainpunch\n>p2 move leafblade\n>p1 switch 2\n>p1 move closecombat\n>p2 move leafblade\n>p1 switch 4\n>p1 move tidyup terastallize\n>p2 switch 3\n>p1 switch 5\n>p2 move avalanche\n>p1 move saltcure\n>p2 switch 4\n>p1 move stealthrock\n>p2 move knockoff\n>p1 switch 3\n>p2 switch 3\n>p1 move alluringvoice\n>p2 move leafblade\n>p2 switch 6\n>p1 switch 5\n>p2 move terablast\n>p1 move populationbomb\n>p2 move shadowball\n>p2 switch 4\n>p1 switch 3\n>p2 move rapidspin\n>p1 move saltcure\n>p2 move stoneedge\n>chat \u2606kapersthekrap|oh damn\n>chat \u2606kapersthekrap|I think that's gg\n>p1 switch 5\n>p1 move recover\n>p2 switch 3\n>p1 move alluringvoice\n>p2 move gunkshot terastallize\n>p1 switch 3\n>chat \u2606YveltalNL|im out here getting rewarded for bad plays\n>chat \u2606YveltalNL|thanks showdown\n>chat \u2606kapersthekrap|it's pokemon\n>p1 move populationbomb\n>p2 switch 3\n>chat \u2606YveltalNL|ye\n>chat \u2606kapersthekrap|I think I win without the crit there tbh\n>chat \u2606YveltalNL|just flinch 12 bites\n>p1 move tidyup\n>p2 move avalanche\n>chat \u2606kapersthekrap|double crit huh\n>p1 move bite\n>p2 move avalanche", "uploadtime": 1781445653, "views": 6, "formatid": "gen9randombattle", "rating": null, "private": 0, "password": null}