{"id": "gen9randombattle-2631901124", "format": "[Gen 9] Random Battle", "players": ["Yepingjiang", "nlilly"], "log": "|j|\u2606Yepingjiang\n|j|\u2606nlilly\n|t:|1781453670\n|gametype|singles\n|player|p1|Yepingjiang|hilbert|1671\n|player|p2|nlilly|lucas-gen4pt|1676\n|gen|9\n|tier|[Gen 9] Random Battle\n|rated|\n|rule|Species Clause: Limit one of each Pok\u00e9mon\n|rule|HP Percentage Mod: HP is shown in percentages\n|rule|Sleep Clause Mod: Limit one foe put to sleep\n|rule|Illusion Level Mod: Illusion disguises the Pok\u00e9mon's true level\n|\n|t:|1781453670\n|teamsize|p1|6\n|teamsize|p2|6\n|start\n|switch|p1a: Hatterene|Hatterene, L85, F|236/236\n|switch|p2a: Milotic|Milotic, L83, M|293/293\n|turn|1\n|inactive|Battle timer is ON: inactive players will automatically lose when time's up. (requested by nlilly)\n|\n|t:|1781453694\n|move|p2a: Milotic|Scald|p1a: Hatterene\n|-damage|p1a: Hatterene|160/236\n|-status|p1a: Hatterene|brn\n|move|p1a: Hatterene|Calm Mind|p1a: Hatterene\n|-boost|p1a: Hatterene|spa|1\n|-boost|p1a: Hatterene|spd|1\n|\n|-heal|p1a: Hatterene|174/236 brn|[from] item: Leftovers\n|-damage|p1a: Hatterene|160/236 brn|[from] brn\n|upkeep\n|turn|2\n|\n|t:|1781453703\n|move|p2a: Milotic|Haze|p2a: Milotic\n|-clearallboost\n|move|p1a: Hatterene|Psychic|p2a: Milotic\n|-damage|p2a: Milotic|188/293\n|\n|-heal|p2a: Milotic|206/293|[from] item: Leftovers\n|-heal|p1a: Hatterene|174/236 brn|[from] item: Leftovers\n|-damage|p1a: Hatterene|160/236 brn|[from] brn\n|upkeep\n|turn|3\n|\n|t:|1781453731\n|move|p2a: Milotic|Scald|p1a: Hatterene\n|-damage|p1a: Hatterene|81/236 brn\n|move|p1a: Hatterene|Draining Kiss|p2a: Milotic\n|-crit|p2a: Milotic\n|-damage|p2a: Milotic|122/293\n|-heal|p1a: Hatterene|144/236 brn|[from] drain|[of] p2a: Milotic\n|\n|-heal|p2a: Milotic|140/293|[from] item: Leftovers\n|-heal|p1a: Hatterene|158/236 brn|[from] item: Leftovers\n|-damage|p1a: Hatterene|144/236 brn|[from] brn\n|upkeep\n|turn|4\n|\n|t:|1781453742\n|switch|p1a: Ursaring|Ursaring, L84, F|288/288\n|move|p2a: Milotic|Recover|p2a: Milotic\n|-heal|p2a: Milotic|287/293\n|\n|-heal|p2a: Milotic|293/293|[from] item: Leftovers\n|upkeep\n|turn|5\n|\n|t:|1781453755\n|switch|p2a: Chansey|Chansey, L85, F|564/564\n|move|p1a: Ursaring|Body Slam|p2a: Chansey\n|-damage|p2a: Chansey|291/564\n|\n|upkeep\n|turn|6\n|\n|t:|1781453762\n|move|p1a: Ursaring|Body Slam|p2a: Chansey\n|-damage|p2a: Chansey|33/564\n|move|p2a: Chansey|Thunder Wave|p1a: Ursaring\n|-status|p1a: Ursaring|par\n|\n|upkeep\n|turn|7\n|\n|t:|1781453779\n|switch|p2a: Orthworm|Orthworm, L88, F|266/266\n|cant|p1a: Ursaring|par\n|\n|upkeep\n|turn|8\n|\n|t:|1781453796\n|switch|p1a: Mudsdale|Mudsdale, L83, F|302/302\n|move|p2a: Orthworm|Coil|p2a: Orthworm\n|-boost|p2a: Orthworm|atk|1\n|-boost|p2a: Orthworm|def|1\n|-boost|p2a: Orthworm|accuracy|1\n|\n|upkeep\n|turn|9\n|\n|t:|1781453806\n|move|p2a: Orthworm|Iron Tail|p1a: Mudsdale\n|-damage|p1a: Mudsdale|169/302\n|-ability|p1a: Mudsdale|Stamina|boost\n|-boost|p1a: Mudsdale|def|1\n|move|p1a: Mudsdale|Roar|p2a: Orthworm\n|drag|p2a: Crawdaunt|Crawdaunt, L84, M|243/243\n|\n|-heal|p1a: Mudsdale|187/302|[from] item: Leftovers\n|upkeep\n|turn|10\n|\n|t:|1781453814\n|move|p2a: Crawdaunt|Crabhammer|p1a: Mudsdale\n|-supereffective|p1a: Mudsdale\n|-damage|p1a: Mudsdale|0 fnt\n|faint|p1a: Mudsdale\n|-damage|p2a: Crawdaunt|219/243|[from] item: Life Orb\n|\n|upkeep\n|\n|t:|1781453821\n|switch|p1a: Hatterene|Hatterene, L85, F|144/236 brn\n|turn|11\n|inactive|nlilly has 120 seconds left.\n|\n|t:|1781453852\n|move|p2a: Crawdaunt|Knock Off|p1a: Hatterene\n|-damage|p1a: Hatterene|0 fnt\n|-enditem|p1a: Hatterene|Leftovers|[from] move: Knock Off|[of] p2a: Crawdaunt\n|faint|p1a: Hatterene\n|-damage|p2a: Crawdaunt|195/243|[from] item: Life Orb\n|\n|upkeep\n|\n|t:|1781453882\n|switch|p1a: Mesprit|Mesprit, L85|275/275\n|turn|12\n|\n|t:|1781453891\n|move|p1a: Mesprit|U-turn|p2a: Crawdaunt\n|-supereffective|p2a: Crawdaunt\n|-damage|p2a: Crawdaunt|85/243\n|\n|t:|1781453896\n|switch|p1a: Giratina|Giratina-Origin, L72|335/335|[from] U-turn\n|move|p2a: Crawdaunt|Knock Off|p1a: Giratina\n|-supereffective|p1a: Giratina\n|-damage|p1a: Giratina|44/335\n|-damage|p2a: Crawdaunt|61/243|[from] item: Life Orb\n|\n|upkeep\n|turn|13\n|\n|t:|1781453907\n|move|p1a: Giratina|Poltergeist|p2a: Crawdaunt\n|-activate|p2a: Crawdaunt|move: Poltergeist|Life Orb\n|-resisted|p2a: Crawdaunt\n|-damage|p2a: Crawdaunt|0 fnt\n|faint|p2a: Crawdaunt\n|\n|upkeep\n|\n|t:|1781453916\n|switch|p2a: Orthworm|Orthworm, L88, F|266/266\n|turn|14\n|\n|t:|1781453921\n|move|p1a: Giratina|Poltergeist|p2a: Orthworm\n|-activate|p2a: Orthworm|move: Poltergeist|Chesto Berry\n|-damage|p2a: Orthworm|188/266\n|move|p2a: Orthworm|Coil|p2a: Orthworm\n|-boost|p2a: Orthworm|atk|1\n|-boost|p2a: Orthworm|def|1\n|-boost|p2a: Orthworm|accuracy|1\n|\n|upkeep\n|turn|15\n|\n|t:|1781453930\n|move|p2a: Orthworm|Coil|p2a: Orthworm\n|-boost|p2a: Orthworm|atk|1\n|-boost|p2a: Orthworm|def|1\n|-boost|p2a: Orthworm|accuracy|1\n|move|p1a: Giratina|Dragon Tail|p2a: Orthworm\n|-resisted|p2a: Orthworm\n|-damage|p2a: Orthworm|178/266\n|drag|p2a: Grumpig|Grumpig, L92, F|297/297\n|\n|upkeep\n|turn|16\n|\n|t:|1781453940\n|switch|p1a: Ursaring|Ursaring, L84, F|288/288 par\n|move|p2a: Grumpig|Dazzling Gleam|p1a: Ursaring\n|-damage|p1a: Ursaring|244/288 par\n|\n|upkeep\n|turn|17\n|\n|t:|1781453949\n|switch|p2a: Orthworm|Orthworm, L88, F|178/266\n|move|p1a: Ursaring|Body Slam|p2a: Orthworm\n|-resisted|p2a: Orthworm\n|-damage|p2a: Orthworm|122/266\n|-status|p2a: Orthworm|par\n|\n|upkeep\n|turn|18\n|\n|t:|1781453962\n|switch|p1a: Coalossal|Coalossal, L89, F|341/341\n|cant|p2a: Orthworm|par\n|\n|upkeep\n|turn|19\n|\n|t:|1781453968\n|switch|p2a: Milotic|Milotic, L83, M|293/293\n|move|p1a: Coalossal|Stealth Rock|p2a: Milotic\n|-sidestart|p2: nlilly|move: Stealth Rock\n|\n|upkeep\n|turn|20\n|\n|t:|1781453975\n|switch|p1a: Ursaring|Ursaring, L84, F|244/288 par\n|move|p2a: Milotic|Scald|p1a: Ursaring\n|-crit|p1a: Ursaring\n|-damage|p1a: Ursaring|150/288 par\n|\n|upkeep\n|turn|21\n|\n|t:|1781453983\n|move|p2a: Milotic|Scald|p1a: Ursaring\n|-damage|p1a: Ursaring|81/288 par\n|cant|p1a: Ursaring|par\n|\n|upkeep\n|turn|22\n|\n|t:|1781453986\n|move|p2a: Milotic|Scald|p1a: Ursaring\n|-damage|p1a: Ursaring|17/288 par\n|cant|p1a: Ursaring|par\n|\n|upkeep\n|turn|23\n|\n|t:|1781453997\n|move|p2a: Milotic|Ice Beam|p1a: Ursaring\n|-damage|p1a: Ursaring|0 fnt\n|faint|p1a: Ursaring\n|\n|upkeep\n|\n|t:|1781453999\n|switch|p1a: Mesprit|Mesprit, L85|275/275\n|turn|24\n|\n|t:|1781454004\n|move|p1a: Mesprit|Knock Off|p2a: Milotic\n|-damage|p2a: Milotic|206/293\n|-enditem|p2a: Milotic|Leftovers|[from] move: Knock Off|[of] p1a: Mesprit\n|move|p2a: Milotic|Scald|p1a: Mesprit\n|-damage|p1a: Mesprit|206/275\n|\n|-heal|p1a: Mesprit|223/275|[from] item: Leftovers\n|upkeep\n|turn|25\n|\n|t:|1781454022\n|switch|p2a: Chansey|Chansey, L85, F|33/564\n|-damage|p2a: Chansey|0 fnt|[from] Stealth Rock\n|faint|p2a: Chansey\n|move|p1a: Mesprit|Thunder Wave|p2: Chansey|[notarget]\n|-fail|p1a: Mesprit\n|\n|-heal|p1a: Mesprit|240/275|[from] item: Leftovers\n|upkeep\n|\n|t:|1781454030\n|switch|p2a: Orthworm|Orthworm, L88, F|122/266 par\n|-damage|p2a: Orthworm|106/266 par|[from] Stealth Rock\n|turn|26\n|\n|t:|1781454042\n|move|p1a: Mesprit|Knock Off|p2a: Orthworm\n|-damage|p2a: Orthworm|61/266 par\n|-enditem|p2a: Orthworm|Chesto Berry|[from] move: Knock Off|[of] p1a: Mesprit\n|move|p2a: Orthworm|Rest|p2a: Orthworm\n|-status|p2a: Orthworm|slp|[from] move: Rest\n|-heal|p2a: Orthworm|266/266 slp|[silent]\n|\n|-heal|p1a: Mesprit|257/275|[from] item: Leftovers\n|upkeep\n|turn|27\n|\n|t:|1781454050\n|switch|p1a: Coalossal|Coalossal, L89, F|341/341\n|cant|p2a: Orthworm|slp\n|\n|upkeep\n|turn|28\n|\n|t:|1781454059\n|switch|p2a: Milotic|Milotic, L83, M|206/293\n|-damage|p2a: Milotic|170/293|[from] Stealth Rock\n|move|p1a: Coalossal|Stone Edge|p2a: Milotic\n|-damage|p2a: Milotic|67/293\n|\n|upkeep\n|turn|29\n|\n|t:|1781454068\n|switch|p1a: Giratina|Giratina-Origin, L72|44/335\n|move|p2a: Milotic|Scald|p1a: Giratina\n|-resisted|p1a: Giratina\n|-damage|p1a: Giratina|0 fnt\n|faint|p1a: Giratina\n|\n|upkeep\n|\n|t:|1781454071\n|switch|p1a: Mesprit|Mesprit, L85|257/275\n|turn|30\n|\n|t:|1781454076\n|switch|p2a: Orthworm|Orthworm, L88, F|266/266 slp\n|-damage|p2a: Orthworm|250/266 slp|[from] Stealth Rock\n|move|p1a: Mesprit|Psychic Noise|p2a: Orthworm\n|-resisted|p2a: Orthworm\n|-damage|p2a: Orthworm|192/266 slp\n|-start|p2a: Orthworm|move: Heal Block\n|\n|-heal|p1a: Mesprit|274/275|[from] item: Leftovers\n|upkeep\n|turn|31\n|\n|t:|1781454082\n|switch|p1a: Coalossal|Coalossal, L89, F|341/341\n|cant|p2a: Orthworm|slp\n|\n|-end|p2a: Orthworm|move: Heal Block\n|upkeep\n|turn|32\n|\n|t:|1781454086\n|-curestatus|p2a: Orthworm|slp|[msg]\n|move|p2a: Orthworm|Coil|p2a: Orthworm\n|-boost|p2a: Orthworm|atk|1\n|-boost|p2a: Orthworm|def|1\n|-boost|p2a: Orthworm|accuracy|1\n|move|p1a: Coalossal|Stone Edge|p2a: Orthworm\n|-resisted|p2a: Orthworm\n|-damage|p2a: Orthworm|170/266\n|\n|upkeep\n|turn|33\n|\n|t:|1781454094\n|-terastallize|p1a: Coalossal|Grass\n|move|p2a: Orthworm|Body Press|p1a: Coalossal\n|-damage|p1a: Coalossal|240/341\n|move|p1a: Coalossal|Flamethrower|p2a: Orthworm\n|-supereffective|p2a: Orthworm\n|-damage|p2a: Orthworm|0 fnt\n|faint|p2a: Orthworm\n|\n|upkeep\n|\n|t:|1781454111\n|switch|p2a: Grumpig|Grumpig, L92, F|297/297\n|-damage|p2a: Grumpig|260/297|[from] Stealth Rock\n|turn|34\n|\n|t:|1781454117\n|move|p2a: Grumpig|Nasty Plot|p2a: Grumpig\n|-boost|p2a: Grumpig|spa|2\n|move|p1a: Coalossal|Flamethrower|p2a: Grumpig\n|-damage|p2a: Grumpig|221/297\n|\n|-heal|p2a: Grumpig|239/297|[from] item: Leftovers\n|upkeep\n|turn|35\n|\n|t:|1781454131\n|move|p2a: Grumpig|Nasty Plot|p2a: Grumpig\n|-boost|p2a: Grumpig|spa|2\n|move|p1a: Coalossal|Stone Edge|p2a: Grumpig\n|-damage|p2a: Grumpig|119/297\n|\n|-heal|p2a: Grumpig|137/297|[from] item: Leftovers\n|upkeep\n|turn|36\n|\n|t:|1781454137\n|move|p2a: Grumpig|Psychic|p1a: Coalossal\n|-damage|p1a: Coalossal|0 fnt\n|faint|p1a: Coalossal\n|\n|-heal|p2a: Grumpig|155/297|[from] item: Leftovers\n|upkeep\n|\n|t:|1781454139\n|switch|p1a: Mesprit|Mesprit, L85|274/275\n|turn|37\n|\n|t:|1781454144\n|move|p2a: Grumpig|Dazzling Gleam|p1a: Mesprit\n|-damage|p1a: Mesprit|105/275\n|move|p1a: Mesprit|Knock Off|p2a: Grumpig\n|-supereffective|p2a: Grumpig\n|-damage|p2a: Grumpig|0 fnt\n|-enditem|p2a: Grumpig|Leftovers|[from] move: Knock Off|[of] p1a: Mesprit\n|faint|p2a: Grumpig\n|\n|-heal|p1a: Mesprit|122/275|[from] item: Leftovers\n|upkeep\n|\n|t:|1781454151\n|switch|p2a: Regieleki|Regieleki, L79|256/256\n|-damage|p2a: Regieleki|224/256|[from] Stealth Rock\n|turn|38\n|c|\u2606nlilly|gg\n|\n|t:|1781454157\n|move|p2a: Regieleki|Explosion|p1a: Mesprit\n|-damage|p1a: Mesprit|0 fnt\n|faint|p2a: Regieleki\n|faint|p1a: Mesprit\n|\n|win|nlilly\n|raw|Yepingjiang's rating: 1671 &rarr; <strong>1651</strong><br />(-20 for losing)\n|raw|nlilly's rating: 1676 &rarr; <strong>1696</strong><br />(+20 for winning)\n|l|\u2606nlilly\n|player|p2|\n", "inputlog": ">version a8376a258c1d4662feba110a92103f3664a72141\n>start {\"formatid\":\"gen9randombattle\",\"seed\":\"sodium,ee44f96a6c7c50fef8f932709d6ae0bc\",\"rated\":\"Rated battle\"}\n>player p1 {\"name\":\"Yepingjiang\",\"avatar\":\"hilbert\",\"rating\":1671,\"seed\":\"sodium,c56de6f8a542c585d9c64b75d782d638\"}\n>player p2 {\"name\":\"nlilly\",\"avatar\":\"lucas-gen4pt\",\"rating\":1676,\"seed\":\"sodium,8104c83e6281b3e27ca0bff71a888bed\"}\n>p1 move calmmind\n>p2 move scald\n>p1 move psychic\n>p2 move haze\n>p1 move drainingkiss\n>p2 move scald\n>p1 switch 2\n>p2 move recover\n>p1 move bodyslam\n>p2 switch 3\n>p1 move bodyslam\n>p2 move thunderwave\n>p1 move bodyslam\n>p2 switch 6\n>p1 switch 6\n>p2 move coil\n>p1 move roar\n>p2 move irontail\n>p1 move earthquake\n>p2 move crabhammer\n>p1 switch 2\n>p1 move mysticalfire\n>p2 move knockoff\n>p1 switch 3\n>p1 move uturn\n>p2 move knockoff\n>p1 switch 4\n>p1 move poltergeist\n>p2 move knockoff\n>p2 switch 2\n>p1 move poltergeist\n>p2 move coil\n>p1 move dragontail\n>p2 move coil\n>p1 switch 6\n>p2 move dazzlinggleam\n>p1 move bodyslam\n>p2 switch 4\n>p1 switch 5\n>p2 move coil\n>p1 move stealthrock\n>p2 switch 3\n>p1 switch 5\n>p2 move scald\n>p1 move bodyslam\n>p2 move scald\n>p1 move rest\n>p2 move scald\n>p1 move rest\n>p2 move icebeam\n>p1 switch 4\n>p1 move knockoff\n>p2 move scald\n>p1 move thunderwave\n>p2 switch 6\n>p2 switch 3\n>p1 move knockoff\n>p2 move rest\n>p1 switch 5\n>p2 move coil\n>p1 move stoneedge\n>p2 switch 6\n>p1 switch 6\n>p2 move scald\n>p1 switch 5\n>p1 move psychicnoise\n>p2 switch 6\n>p1 switch 6\n>p2 move coil\n>p1 move stoneedge\n>p2 move coil\n>p1 move flamethrower terastallize\n>p2 move bodypress\n>p2 switch 4\n>p1 move flamethrower\n>p2 move nastyplot\n>p1 move stoneedge\n>p2 move nastyplot\n>p1 move stoneedge\n>p2 move psychic\n>p1 switch 6\n>p1 move knockoff\n>p2 move dazzlinggleam\n>p2 switch 5\n>chat \u2606nlilly|gg\n>p1 move psychicnoise\n>p2 move explosion", "uploadtime": 1781454167, "views": 16, "formatid": "gen9randombattle", "rating": 1651, "private": 0, "password": null}