{"id": "gen9randombattle-2631820012", "format": "[Gen 9] Random Battle", "players": ["smokeycool", "pablovr"], "log": "|j|\u2606smokeycool\n|j|\u2606pablovr\n|t:|1781444262\n|gametype|singles\n|player|p1|smokeycool|worker|1972\n|player|p2|pablovr|hiker-gen4|1952\n|gen|9\n|tier|[Gen 9] Random Battle\n|rated|\n|rule|Species Clause: Limit one of each Pok\u00e9mon\n|rule|HP Percentage Mod: HP is shown in percentages\n|rule|Sleep Clause Mod: Limit one foe put to sleep\n|rule|Illusion Level Mod: Illusion disguises the Pok\u00e9mon's true level\n|\n|t:|1781444262\n|teamsize|p1|6\n|teamsize|p2|6\n|start\n|switch|p1a: Leavanny|Leavanny, L86, M|269/269\n|switch|p2a: Comfey|Comfey, L85, F|225/225\n|turn|1\n|\n|t:|1781444290\n|switch|p2a: Toxicroak|Toxicroak, L84, M|277/277\n|move|p1a: Leavanny|Sticky Web|p2a: Toxicroak\n|-sidestart|p2: pablovr|move: Sticky Web\n|\n|upkeep\n|turn|2\n|inactive|Battle timer is ON: inactive players will automatically lose when time's up. (requested by smokeycool)\n|inactive|pablovr has 120 seconds left.\n|\n|t:|1781444368\n|switch|p1a: Eiscue|Eiscue, L88, F|274/274\n|move|p2a: Toxicroak|Swords Dance|p2a: Toxicroak\n|-boost|p2a: Toxicroak|atk|2\n|\n|upkeep\n|turn|3\n|\n|t:|1781444386\n|move|p2a: Toxicroak|Earthquake|p1a: Eiscue\n|-activate|p1a: Eiscue|ability: Ice Face\n|-damage|p1a: Eiscue|274/274\n|detailschange|p1a: Eiscue|Eiscue-Noice, L88, F\n|-damage|p2a: Toxicroak|250/277|[from] item: Life Orb\n|move|p1a: Eiscue|Belly Drum|p1a: Eiscue\n|-damage|p1a: Eiscue|137/274\n|-setboost|p1a: Eiscue|atk|6|[from] move: Belly Drum\n|-enditem|p1a: Eiscue|Sitrus Berry|[eat]\n|-heal|p1a: Eiscue|205/274|[from] item: Sitrus Berry\n|\n|upkeep\n|turn|4\n|\n|t:|1781444401\n|move|p1a: Eiscue|Ice Spinner|p2a: Toxicroak\n|-damage|p2a: Toxicroak|0 fnt\n|faint|p2a: Toxicroak\n|\n|upkeep\n|\n|t:|1781444403\n|switch|p2a: Rotom|Rotom, L88|231/231\n|turn|5\n|\n|t:|1781444412\n|move|p2a: Rotom|Thunderbolt|p1a: Eiscue\n|-damage|p1a: Eiscue|63/274\n|move|p1a: Eiscue|Ice Spinner|p2a: Rotom\n|-damage|p2a: Rotom|0 fnt\n|faint|p2a: Rotom\n|\n|upkeep\n|\n|t:|1781444418\n|switch|p2a: Comfey|Comfey, L85, F|225/225\n|-activate|p2a: Comfey|move: Sticky Web\n|-unboost|p2a: Comfey|spe|1\n|turn|6\n|\n|t:|1781444425\n|move|p2a: Comfey|Draining Kiss|p1a: Eiscue\n|-crit|p1a: Eiscue\n|-damage|p1a: Eiscue|0 fnt\n|faint|p1a: Eiscue\n|\n|upkeep\n|\n|t:|1781444435\n|switch|p1a: Ambipom|Ambipom, L84, M|263/263\n|turn|7\n|\n|t:|1781444454\n|switch|p2a: Grimmsnarl|Grimmsnarl, L83, M|293/293\n|-activate|p2a: Grimmsnarl|move: Sticky Web\n|-unboost|p2a: Grimmsnarl|spe|1\n|move|p1a: Ambipom|Fake Out|p2a: Grimmsnarl\n|-crit|p2a: Grimmsnarl\n|-damage|p2a: Grimmsnarl|139/293\n|\n|-heal|p2a: Grimmsnarl|157/293|[from] item: Leftovers\n|upkeep\n|turn|8\n|\n|t:|1781444460\n|switch|p1a: Lanturn|Lanturn, L89, F|367/367\n|move|p2a: Grimmsnarl|Thunder Wave|p1a: Lanturn\n|-immune|p1a: Lanturn|[from] ability: Volt Absorb\n|\n|-heal|p2a: Grimmsnarl|175/293|[from] item: Leftovers\n|upkeep\n|turn|9\n|\n|t:|1781444465\n|move|p2a: Grimmsnarl|Parting Shot|p1a: Lanturn\n|-unboost|p1a: Lanturn|atk|1\n|-unboost|p1a: Lanturn|spa|1\n|\n|t:|1781444469\n|switch|p2a: Cacturne|Cacturne, L92, M|278/278|[from] Parting Shot\n|-activate|p2a: Cacturne|move: Sticky Web\n|-unboost|p2a: Cacturne|spe|1\n|move|p1a: Lanturn|Thunder Wave|p2a: Cacturne\n|-status|p2a: Cacturne|par\n|\n|upkeep\n|turn|10\n|\n|t:|1781444477\n|move|p1a: Lanturn|Volt Switch|p2a: Cacturne\n|-resisted|p2a: Cacturne\n|-damage|p2a: Cacturne|250/278 par\n|\n|t:|1781444481\n|switch|p1a: Tornadus|Tornadus, L82, M|264/264|[from] Volt Switch\n|cant|p2a: Cacturne|par\n|\n|upkeep\n|turn|11\n|\n|t:|1781444488\n|move|p1a: Tornadus|Bleakwind Storm|p2a: Cacturne|[miss]\n|-miss|p1a: Tornadus|p2a: Cacturne\n|move|p2a: Cacturne|Knock Off|p1a: Tornadus\n|-damage|p1a: Tornadus|44/264\n|-enditem|p1a: Tornadus|Heavy-Duty Boots|[from] move: Knock Off|[of] p2a: Cacturne\n|-damage|p2a: Cacturne|223/278 par|[from] item: Life Orb\n|\n|upkeep\n|turn|12\n|\n|t:|1781444492\n|move|p1a: Tornadus|Nasty Plot|p1a: Tornadus\n|-boost|p1a: Tornadus|spa|2\n|move|p2a: Cacturne|Sucker Punch||[still]\n|-fail|p2a: Cacturne\n|\n|upkeep\n|turn|13\n|\n|t:|1781444495\n|move|p2a: Cacturne|Sucker Punch|p1a: Tornadus\n|-damage|p1a: Tornadus|0 fnt\n|faint|p1a: Tornadus\n|-damage|p2a: Cacturne|196/278 par|[from] item: Life Orb\n|\n|upkeep\n|\n|t:|1781444498\n|switch|p1a: Ambipom|Ambipom, L84, M|263/263\n|turn|14\n|\n|t:|1781444502\n|move|p1a: Ambipom|Fake Out|p2a: Cacturne\n|-damage|p2a: Cacturne|105/278 par\n|cant|p2a: Cacturne|flinch\n|\n|upkeep\n|turn|15\n|\n|t:|1781444506\n|cant|p2a: Cacturne|par\n|move|p1a: Ambipom|U-turn|p2a: Cacturne\n|-supereffective|p2a: Cacturne\n|-damage|p2a: Cacturne|0 fnt\n|faint|p2a: Cacturne\n|\n|t:|1781444513\n|switch|p1a: Lanturn|Lanturn, L89, F|367/367|[from] U-turn\n|\n|upkeep\n|\n|t:|1781444521\n|switch|p2a: Comfey|Comfey, L85, F|225/225\n|-activate|p2a: Comfey|move: Sticky Web\n|-unboost|p2a: Comfey|spe|1\n|turn|16\n|\n|t:|1781444529\n|move|p1a: Lanturn|Volt Switch|p2a: Comfey\n|-damage|p2a: Comfey|164/225\n|\n|t:|1781444533\n|switch|p1a: Ambipom|Ambipom, L84, M|263/263|[from] Volt Switch\n|move|p2a: Comfey|Calm Mind|p2a: Comfey\n|-boost|p2a: Comfey|spa|1\n|-boost|p2a: Comfey|spd|1\n|\n|-heal|p2a: Comfey|178/225|[from] item: Leftovers\n|upkeep\n|turn|17\n|\n|t:|1781444537\n|move|p1a: Ambipom|Fake Out|p2a: Comfey\n|-damage|p2a: Comfey|99/225\n|cant|p2a: Comfey|flinch\n|\n|-heal|p2a: Comfey|113/225|[from] item: Leftovers\n|upkeep\n|turn|18\n|\n|t:|1781444539\n|move|p2a: Comfey|Draining Kiss|p1a: Ambipom\n|-damage|p1a: Ambipom|169/263\n|-heal|p2a: Comfey|184/225|[from] drain|[of] p1a: Ambipom\n|move|p1a: Ambipom|Double-Edge|p2a: Comfey\n|-damage|p2a: Comfey|31/225\n|-damage|p1a: Ambipom|119/263|[from] Recoil\n|\n|-heal|p2a: Comfey|45/225|[from] item: Leftovers\n|upkeep\n|turn|19\n|\n|t:|1781444546\n|move|p2a: Comfey|Draining Kiss|p1a: Ambipom\n|-damage|p1a: Ambipom|25/263\n|-heal|p2a: Comfey|116/225|[from] drain|[of] p1a: Ambipom\n|move|p1a: Ambipom|Double-Edge|p2a: Comfey\n|-damage|p2a: Comfey|0 fnt\n|faint|p2a: Comfey\n|-damage|p1a: Ambipom|0 fnt|[from] Recoil\n|faint|p1a: Ambipom\n|\n|upkeep\n|\n|t:|1781444554\n|switch|p1a: Lanturn|Lanturn, L89, F|367/367\n|switch|p2a: Grimmsnarl|Grimmsnarl, L83, M|175/293\n|-activate|p2a: Grimmsnarl|move: Sticky Web\n|-unboost|p2a: Grimmsnarl|spe|1\n|turn|20\n|\n|t:|1781444561\n|move|p1a: Lanturn|Thunderbolt|p2a: Grimmsnarl\n|-damage|p2a: Grimmsnarl|78/293\n|move|p2a: Grimmsnarl|Spirit Break|p1a: Lanturn\n|-damage|p1a: Lanturn|244/367\n|-unboost|p1a: Lanturn|spa|1\n|\n|-heal|p2a: Grimmsnarl|96/293|[from] item: Leftovers\n|upkeep\n|turn|21\n|\n|t:|1781444568\n|move|p1a: Lanturn|Thunderbolt|p2a: Grimmsnarl\n|-damage|p2a: Grimmsnarl|32/293\n|move|p2a: Grimmsnarl|Spirit Break|p1a: Lanturn\n|-damage|p1a: Lanturn|135/367\n|-unboost|p1a: Lanturn|spa|1\n|\n|-heal|p2a: Grimmsnarl|50/293|[from] item: Leftovers\n|upkeep\n|turn|22\n|\n|t:|1781444582\n|move|p2a: Grimmsnarl|Sucker Punch|p1a: Lanturn\n|-damage|p1a: Lanturn|15/367\n|move|p1a: Lanturn|Thunderbolt|p2a: Grimmsnarl\n|-damage|p2a: Grimmsnarl|0 fnt\n|faint|p2a: Grimmsnarl\n|\n|upkeep\n|\n|t:|1781444586\n|switch|p2a: Eiscue|Eiscue, L88, M|274/274\n|-activate|p2a: Eiscue|move: Sticky Web\n|-unboost|p2a: Eiscue|spe|1\n|turn|23\n|\n|t:|1781444590\n|move|p1a: Lanturn|Thunder Wave|p2a: Eiscue\n|-status|p2a: Eiscue|par\n|move|p2a: Eiscue|Belly Drum|p2a: Eiscue\n|-damage|p2a: Eiscue|137/274 par\n|-setboost|p2a: Eiscue|atk|6|[from] move: Belly Drum\n|-enditem|p2a: Eiscue|Sitrus Berry|[eat]\n|-heal|p2a: Eiscue|205/274 par|[from] item: Sitrus Berry\n|\n|upkeep\n|turn|24\n|\n|t:|1781444594\n|move|p1a: Lanturn|Thunderbolt|p2a: Eiscue\n|-damage|p2a: Eiscue|163/274 par\n|move|p2a: Eiscue|Ice Spinner|p1a: Lanturn\n|-resisted|p1a: Lanturn\n|-damage|p1a: Lanturn|0 fnt\n|faint|p1a: Lanturn\n|\n|upkeep\n|\n|t:|1781444598\n|switch|p1a: Wigglytuff|Wigglytuff, L96, M|424/424\n|turn|25\n|\n|t:|1781444601\n|move|p1a: Wigglytuff|Fire Blast|p2a: Eiscue\n|-supereffective|p2a: Eiscue\n|-damage|p2a: Eiscue|1/274 par\n|move|p2a: Eiscue|Iron Head|p1a: Wigglytuff\n|-supereffective|p1a: Wigglytuff\n|-damage|p1a: Wigglytuff|0 fnt\n|faint|p1a: Wigglytuff\n|\n|upkeep\n|\n|t:|1781444607\n|switch|p1a: Leavanny|Leavanny, L86, M|269/269\n|turn|26\n|\n|t:|1781444616\n|-terastallize|p1a: Leavanny|Rock\n|move|p1a: Leavanny|Sticky Web||[still]\n|-fail|p1a: Leavanny\n|cant|p2a: Eiscue|par\n|\n|upkeep\n|turn|27\n|\n|t:|1781444628\n|-terastallize|p2a: Eiscue|Water\n|move|p1a: Leavanny|Lunge|p2a: Eiscue\n|-activate|p2a: Eiscue|ability: Ice Face\n|-damage|p2a: Eiscue|1/274 par\n|-unboost|p2a: Eiscue|atk|1\n|detailschange|p2a: Eiscue|Eiscue-Noice, L88, M, tera:Water\n|move|p2a: Eiscue|Liquidation|p1a: Leavanny\n|-supereffective|p1a: Leavanny\n|-enditem|p1a: Leavanny|Focus Sash\n|-damage|p1a: Leavanny|1/269\n|-unboost|p1a: Leavanny|def|1\n|\n|upkeep\n|turn|28\n|\n|t:|1781444641\n|move|p1a: Leavanny|Lunge|p2a: Eiscue\n|-damage|p2a: Eiscue|0 fnt\n|faint|p2a: Eiscue\n|\n|win|smokeycool\n", "inputlog": ">version a8376a258c1d4662feba110a92103f3664a72141\n>start {\"formatid\":\"gen9randombattle\",\"seed\":\"sodium,c8ca306584f9ca48b488e1e8416e4017\",\"rated\":\"Rated battle\"}\n>player p1 {\"name\":\"smokeycool\",\"avatar\":\"worker\",\"rating\":1972,\"seed\":\"sodium,c3014bcf531a7ce65fb699db39488509\"}\n>player p2 {\"name\":\"pablovr\",\"avatar\":\"hiker-gen4\",\"rating\":1952,\"seed\":\"sodium,a438f77be1559e0eac622117025670d1\"}\n>p1 move stickyweb\n>p2 switch 2\n>p1 switch 5\n>p2 move swordsdance\n>p1 move bellydrum\n>p2 move earthquake\n>p1 move icespinner\n>p2 move closecombat\n>p2 switch 3\n>p1 move icespinner\n>p2 move thunderbolt\n>p2 switch 2\n>p1 move icespinner\n>p2 move drainingkiss\n>p1 switch 3\n>p1 move fakeout\n>p2 switch 6\n>p1 switch 2\n>p2 move thunderwave\n>p1 move thunderwave\n>p2 move partingshot\n>p2 switch 4\n>p1 move voltswitch\n>p2 move knockoff\n>p1 switch 4\n>p1 move bleakwindstorm\n>p2 move knockoff\n>p1 move nastyplot\n>p2 move suckerpunch\n>p1 move bleakwindstorm\n>p2 move suckerpunch\n>p1 switch 2\n>p1 move fakeout\n>p2 move knockoff\n>p1 move uturn\n>p2 move suckerpunch\n>p1 switch 4\n>p2 switch 6\n>p1 move voltswitch\n>p2 move calmmind\n>p1 switch 4\n>p1 move fakeout\n>p2 move calmmind\n>p1 move doubleedge\n>p2 move drainingkiss\n>p1 move doubleedge\n>p2 move drainingkiss\n>p1 switch 4\n>p2 switch 4\n>p1 move thunderbolt\n>p2 move spiritbreak\n>p1 move thunderbolt\n>p2 move spiritbreak\n>p1 move thunderbolt\n>p2 move suckerpunch\n>p2 switch 5\n>p1 move thunderwave\n>p2 move bellydrum\n>p1 move thunderbolt\n>p2 move icespinner\n>p1 switch 6\n>p1 move fireblast\n>p2 move ironhead\n>p1 switch 5\n>p1 move stickyweb terastallize\n>p2 move icespinner\n>p1 move lunge\n>p2 move liquidation terastallize\n>p1 move lunge\n>p2 move liquidation", "uploadtime": 1781444264, "views": 4, "formatid": "gen9randombattle", "rating": null, "private": 0, "password": null}