{"id": "gen9randombattle-2631918796", "format": "[Gen 9] Random Battle", "players": ["arrdamoin", "cuerodeolancho"], "log": "|j|\u2606arrdamoin\n|j|\u2606cuerodeolancho\n|t:|1781455569\n|gametype|singles\n|player|p1|arrdamoin|flint|2145\n|player|p2|cuerodeolancho|janitor|2175\n|gen|9\n|tier|[Gen 9] Random Battle\n|rated|\n|rule|Species Clause: Limit one of each Pok\u00e9mon\n|rule|HP Percentage Mod: HP is shown in percentages\n|rule|Sleep Clause Mod: Limit one foe put to sleep\n|rule|Illusion Level Mod: Illusion disguises the Pok\u00e9mon's true level\n|\n|t:|1781455569\n|teamsize|p1|6\n|teamsize|p2|6\n|start\n|switch|p1a: Chandelure|Chandelure, L83, M|235/235\n|switch|p2a: Basculin|Basculin, L86, M|261/261\n|turn|1\n|inactive|Battle timer is ON: inactive players will automatically lose when time's up. (requested by cuerodeolancho)\n|inactive|cuerodeolancho has 120 seconds left.\n|\n|t:|1781455603\n|switch|p1a: Abomasnow|Abomasnow, L84, F|287/287\n|-weather|Snowscape|[from] ability: Snow Warning|[of] p1a: Abomasnow\n|move|p2a: Basculin|Flip Turn|p1a: Abomasnow\n|-resisted|p1a: Abomasnow\n|-damage|p1a: Abomasnow|236/287\n|\n|t:|1781455607\n|switch|p2a: Ariados|Ariados, L95, F|287/287|[from] Flip Turn\n|\n|-weather|Snowscape|[upkeep]\n|upkeep\n|turn|2\n|\n|t:|1781455613\n|move|p1a: Abomasnow|Blizzard|p2a: Ariados\n|-damage|p2a: Ariados|178/287\n|move|p2a: Ariados|Sticky Web|p1a: Abomasnow\n|-sidestart|p1: arrdamoin|move: Sticky Web\n|\n|-weather|Snowscape|[upkeep]\n|upkeep\n|turn|3\n|\n|t:|1781455617\n|move|p1a: Abomasnow|Blizzard|p2a: Ariados\n|-damage|p2a: Ariados|69/287\n|move|p2a: Ariados|Megahorn|p1a: Abomasnow\n|-supereffective|p1a: Abomasnow\n|-damage|p1a: Abomasnow|0 fnt\n|faint|p1a: Abomasnow\n|\n|-weather|Snowscape|[upkeep]\n|upkeep\n|\n|t:|1781455621\n|switch|p1a: Cyclizar|Cyclizar, L83, M|252/252\n|turn|4\n|\n|t:|1781455639\n|move|p1a: Cyclizar|Rapid Spin|p2a: Ariados\n|-damage|p2a: Ariados|15/287\n|-boost|p1a: Cyclizar|spe|1\n|-sideend|p1: arrdamoin|Sticky Web|[from] move: Rapid Spin|[of] p1a: Cyclizar\n|move|p2a: Ariados|Megahorn|p1a: Cyclizar\n|-damage|p1a: Cyclizar|0 fnt\n|faint|p1a: Cyclizar\n|\n|-weather|Snowscape|[upkeep]\n|upkeep\n|\n|t:|1781455647\n|switch|p1a: Arcanine|Arcanine, L84, F|288/288\n|-ability|p1a: Arcanine|Intimidate|boost\n|-unboost|p2a: Ariados|atk|1\n|turn|5\n|\n|t:|1781455651\n|move|p1a: Arcanine|Extreme Speed|p2a: Ariados\n|-damage|p2a: Ariados|0 fnt\n|faint|p2a: Ariados\n|\n|-weather|none\n|upkeep\n|\n|t:|1781455657\n|switch|p2a: Basculin|Basculin, L86, M|261/261\n|turn|6\n|\n|t:|1781455678\n|-terastallize|p1a: Arcanine|Normal\n|move|p2a: Basculin|Flip Turn|p1a: Arcanine\n|-damage|p1a: Arcanine|160/288\n|\n|t:|1781455691\n|switch|p2a: Deoxys|Deoxys-Defense, L84|221/221|[from] Flip Turn\n|-ability|p2a: Deoxys|Pressure\n|move|p1a: Arcanine|Morning Sun|p1a: Arcanine\n|-heal|p1a: Arcanine|288/288\n|\n|upkeep\n|turn|7\n|\n|t:|1781455696\n|switch|p1a: Chandelure|Chandelure, L83, M|235/235\n|move|p2a: Deoxys|Cosmic Power|p2a: Deoxys\n|-boost|p2a: Deoxys|def|1\n|-boost|p2a: Deoxys|spd|1\n|\n|upkeep\n|turn|8\n|\n|t:|1781455704\n|switch|p2a: Noctowl|Noctowl, L95, F|344/344\n|move|p1a: Chandelure|Trick|p2a: Noctowl\n|-activate|p1a: Chandelure|move: Trick|[of] p2a: Noctowl\n|-item|p2a: Noctowl|Choice Scarf|[from] move: Trick\n|-item|p1a: Chandelure|Heavy-Duty Boots|[from] move: Trick\n|\n|upkeep\n|turn|9\n|\n|t:|1781455710\n|move|p2a: Noctowl|Hurricane|p1a: Chandelure\n|-damage|p1a: Chandelure|96/235\n|-start|p1a: Chandelure|confusion\n|-activate|p1a: Chandelure|confusion\n|move|p1a: Chandelure|Fire Blast|p2a: Noctowl\n|-damage|p2a: Noctowl|217/344\n|\n|upkeep\n|turn|10\n|\n|t:|1781455714\n|move|p2a: Noctowl|Hurricane|p1a: Chandelure\n|-damage|p1a: Chandelure|0 fnt\n|faint|p1a: Chandelure\n|\n|upkeep\n|\n|t:|1781455716\n|switch|p1a: Alcremie|Alcremie-Mint-Cream, L90, F|263/263\n|turn|11\n|\n|t:|1781455723\n|switch|p2a: Goodra|Goodra-Hisui, L82, F|265/265\n|move|p1a: Alcremie|Calm Mind|p1a: Alcremie\n|-boost|p1a: Alcremie|spa|1\n|-boost|p1a: Alcremie|spd|1\n|\n|upkeep\n|turn|12\n|\n|t:|1781455726\n|move|p1a: Alcremie|Calm Mind|p1a: Alcremie\n|-boost|p1a: Alcremie|spa|1\n|-boost|p1a: Alcremie|spd|1\n|move|p2a: Goodra|Heavy Slam|p1a: Alcremie\n|-supereffective|p1a: Alcremie\n|-damage|p1a: Alcremie|0 fnt\n|faint|p1a: Alcremie\n|\n|upkeep\n|-message|arrdamoin forfeited.\n|\n|win|cuerodeolancho\n", "inputlog": ">version a8376a258c1d4662feba110a92103f3664a72141\n>start {\"formatid\":\"gen9randombattle\",\"seed\":\"sodium,26d351188d36b41e4db2ebd70e58bbf6\",\"rated\":\"Rated battle\"}\n>player p1 {\"name\":\"arrdamoin\",\"avatar\":\"flint\",\"rating\":2145,\"seed\":\"sodium,31596e70ebaf8231c475ae3862f6528d\"}\n>player p2 {\"name\":\"cuerodeolancho\",\"avatar\":\"janitor\",\"rating\":2175,\"seed\":\"sodium,ecf083f5cef8d9ea9a3ad3b7a2dbc0e5\"}\n>p1 switch 6\n>p2 move flipturn\n>p2 switch 6\n>p1 move blizzard\n>p2 move stickyweb\n>p1 move blizzard\n>p2 move megahorn\n>p1 switch 4\n>p1 move rapidspin\n>p2 move megahorn\n>p1 switch 2\n>p1 move extremespeed\n>p2 move poisonjab\n>p2 switch 6\n>p1 move morningsun terastallize\n>p2 move flipturn\n>p2 switch 2\n>p1 switch 6\n>p2 move cosmicpower\n>p1 move trick\n>p2 switch 3\n>p1 move fireblast\n>p2 move hurricane\n>p1 move fireblast\n>p2 move hurricane\n>p1 switch 5\n>p1 move calmmind\n>p2 switch 5\n>p1 move calmmind\n>p2 move heavyslam\n>forcelose p1", "uploadtime": 1781455571, "views": 6, "formatid": "gen9randombattle", "rating": null, "private": 0, "password": null}