{"id": "gen9randombattle-2631538580", "format": "[Gen 9] Random Battle", "players": ["Dooopsdiiips", "samuelayers"], "log": "|j|\u2606Dooopsdiiips\n|j|\u2606samuelayers\n|t:|1781398390\n|gametype|singles\n|player|p1|Dooopsdiiips|265|2103\n|player|p2|samuelayers|gentleman-gen4dp|2131\n|gen|9\n|tier|[Gen 9] Random Battle\n|rated|\n|rule|Species Clause: Limit one of each Pok\u00e9mon\n|rule|HP Percentage Mod: HP is shown in percentages\n|rule|Sleep Clause Mod: Limit one foe put to sleep\n|rule|Illusion Level Mod: Illusion disguises the Pok\u00e9mon's true level\n|\n|t:|1781398390\n|teamsize|p1|6\n|teamsize|p2|6\n|start\n|switch|p1a: Ogerpon|Ogerpon-Hearthflame, L74, F|239/239\n|switch|p2a: Crawdaunt|Crawdaunt, L84, M|243/243\n|-ability|p1a: Ogerpon|Mold Breaker\n|turn|1\n|inactive|Battle timer is ON: inactive players will automatically lose when time's up. (requested by samuelayers)\n|\n|t:|1781398410\n|switch|p2a: Tauros|Tauros, L82, M|257/257\n|move|p1a: Ogerpon|Power Whip|p2a: Tauros\n|-damage|p2a: Tauros|116/257\n|\n|upkeep\n|turn|2\n|\n|t:|1781398427\n|switch|p1a: Wyrdeer|Wyrdeer, L87, M|321/321\n|-ability|p1a: Wyrdeer|Intimidate|boost\n|-unboost|p2a: Tauros|atk|1\n|move|p2a: Tauros|Body Slam|p1a: Wyrdeer\n|-damage|p1a: Wyrdeer|203/321\n|\n|-heal|p1a: Wyrdeer|223/321|[from] item: Leftovers\n|upkeep\n|turn|3\n|\n|t:|1781398440\n|move|p2a: Tauros|Throat Chop|p1a: Wyrdeer\n|-supereffective|p1a: Wyrdeer\n|-damage|p1a: Wyrdeer|83/321\n|move|p1a: Wyrdeer|Psychic Noise|p2a: Tauros\n|-damage|p2a: Tauros|2/257\n|-start|p2a: Tauros|move: Heal Block\n|\n|-heal|p1a: Wyrdeer|103/321|[from] item: Leftovers\n|upkeep\n|turn|4\n|\n|t:|1781398456\n|switch|p1a: Umbreon|Umbreon, L84, M|297/297\n|move|p2a: Tauros|Throat Chop|p1a: Umbreon\n|-resisted|p1a: Umbreon\n|-damage|p1a: Umbreon|274/297\n|\n|-heal|p1a: Umbreon|292/297|[from] item: Leftovers\n|-end|p2a: Tauros|move: Heal Block\n|upkeep\n|turn|5\n|\n|t:|1781398462\n|move|p2a: Tauros|Close Combat|p1a: Umbreon\n|-supereffective|p1a: Umbreon\n|-damage|p1a: Umbreon|178/297\n|-unboost|p2a: Tauros|def|1\n|-unboost|p2a: Tauros|spd|1\n|-damage|p2a: Tauros|0 fnt|[from] item: Life Orb\n|faint|p2a: Tauros\n|move|p1a: Umbreon|Wish|p1a: Umbreon\n|\n|-heal|p1a: Umbreon|196/297|[from] item: Leftovers\n|upkeep\n|\n|t:|1781398476\n|switch|p2a: Crawdaunt|Crawdaunt, L84, M|243/243\n|turn|6\n|\n|t:|1781398496\n|switch|p1a: Mesprit|Mesprit, L85|275/275\n|move|p2a: Crawdaunt|Dragon Dance|p2a: Crawdaunt\n|-boost|p2a: Crawdaunt|atk|1\n|-boost|p2a: Crawdaunt|spe|1\n|\n|upkeep\n|turn|7\n|\n|t:|1781398516\n|-terastallize|p1a: Mesprit|Fighting\n|move|p2a: Crawdaunt|Knock Off|p1a: Mesprit\n|-resisted|p1a: Mesprit\n|-damage|p1a: Mesprit|150/275\n|-enditem|p1a: Mesprit|Leftovers|[from] move: Knock Off|[of] p2a: Crawdaunt\n|-damage|p2a: Crawdaunt|219/243|[from] item: Life Orb\n|move|p1a: Mesprit|Thunder Wave|p2a: Crawdaunt\n|-status|p2a: Crawdaunt|par\n|\n|upkeep\n|turn|8\n|\n|t:|1781398524\n|move|p1a: Mesprit|U-turn|p2a: Crawdaunt\n|-supereffective|p2a: Crawdaunt\n|-damage|p2a: Crawdaunt|103/243 par\n|\n|t:|1781398536\n|switch|p1a: Wyrdeer|Wyrdeer, L87, M|103/321|[from] U-turn\n|-ability|p1a: Wyrdeer|Intimidate|boost\n|-unboost|p2a: Crawdaunt|atk|1\n|move|p2a: Crawdaunt|Crabhammer|p1a: Wyrdeer|[miss]\n|-miss|p2a: Crawdaunt|p1a: Wyrdeer\n|\n|-heal|p1a: Wyrdeer|123/321|[from] item: Leftovers\n|upkeep\n|turn|9\n|\n|t:|1781398544\n|move|p1a: Wyrdeer|Body Slam|p2a: Crawdaunt\n|-damage|p2a: Crawdaunt|0 fnt\n|faint|p2a: Crawdaunt\n|\n|-heal|p1a: Wyrdeer|143/321|[from] item: Leftovers\n|upkeep\n|\n|t:|1781398551\n|switch|p2a: Moltres|Moltres-Galar, L79|271/271\n|turn|10\n|\n|t:|1781398565\n|move|p2a: Moltres|Nasty Plot|p2a: Moltres\n|-boost|p2a: Moltres|spa|2\n|move|p1a: Wyrdeer|Thunder Wave|p2a: Moltres\n|-status|p2a: Moltres|par\n|\n|-heal|p1a: Wyrdeer|163/321|[from] item: Leftovers\n|upkeep\n|turn|11\n|\n|t:|1781398569\n|move|p1a: Wyrdeer|Body Slam|p2a: Moltres\n|-damage|p2a: Moltres|162/271 par\n|cant|p2a: Moltres|par\n|\n|-heal|p1a: Wyrdeer|183/321|[from] item: Leftovers\n|upkeep\n|turn|12\n|\n|t:|1781398573\n|move|p1a: Wyrdeer|Body Slam|p2a: Moltres\n|-damage|p2a: Moltres|47/271 par\n|-ability|p2a: Moltres|Berserk|boost\n|-boost|p2a: Moltres|spa|1\n|move|p2a: Moltres|Agility|p2a: Moltres\n|-boost|p2a: Moltres|spe|2\n|\n|-heal|p1a: Wyrdeer|203/321|[from] item: Leftovers\n|upkeep\n|turn|13\n|\n|t:|1781398576\n|move|p2a: Moltres|Fiery Wrath|p1a: Wyrdeer\n|-supereffective|p1a: Wyrdeer\n|-damage|p1a: Wyrdeer|0 fnt\n|faint|p1a: Wyrdeer\n|\n|upkeep\n|-message|samuelayers forfeited.\n|\n|win|Dooopsdiiips\n", "inputlog": ">version a8376a258c1d4662feba110a92103f3664a72141\n>start {\"formatid\":\"gen9randombattle\",\"seed\":\"sodium,eab769fd910a5d6509ddbc5ef110e2d3\",\"rated\":\"Rated battle\"}\n>player p1 {\"name\":\"Dooopsdiiips\",\"avatar\":\"265\",\"rating\":2103,\"seed\":\"sodium,313c8e97880840d68bb1112fc5da51a5\"}\n>player p2 {\"name\":\"samuelayers\",\"avatar\":\"gentleman-gen4dp\",\"rating\":2131,\"seed\":\"sodium,5b3ee14af38dc1ebf6517538205536a3\"}\n>p1 move powerwhip\n>p2 switch 2\n>p1 switch 2\n>p2 move bodyslam\n>p1 move psychicnoise\n>p2 move throatchop\n>p1 switch 3\n>p2 move throatchop\n>p1 move wish\n>p2 move closecombat\n>p2 switch 2\n>p1 switch 4\n>p2 move dragondance\n>p1 move thunderwave terastallize\n>p2 move knockoff\n>p1 move uturn\n>p2 move crabhammer\n>p1 switch 3\n>p1 move bodyslam\n>p2 move knockoff\n>p2 switch 5\n>p1 move thunderwave\n>p2 move nastyplot\n>p1 move bodyslam\n>p2 move agility\n>p1 move bodyslam\n>p2 move agility\n>p1 move bodyslam\n>p2 move fierywrath\n>forcelose p2", "uploadtime": 1781398391, "views": 6, "formatid": "gen9randombattle", "rating": null, "private": 0, "password": null}