{"id": "gen9randombattle-2631951052", "format": "[Gen 9] Random Battle", "players": ["hello779", "xdx42"], "log": "|j|\u2606hello779\n|j|\u2606xdx42\n|t:|1781459137\n|gametype|singles\n|player|p1|hello779|170|1981\n|player|p2|xdx42|cyrus|2036\n|gen|9\n|tier|[Gen 9] Random Battle\n|rated|\n|rule|Species Clause: Limit one of each Pok\u00e9mon\n|rule|HP Percentage Mod: HP is shown in percentages\n|rule|Sleep Clause Mod: Limit one foe put to sleep\n|rule|Illusion Level Mod: Illusion disguises the Pok\u00e9mon's true level\n|\n|t:|1781459137\n|teamsize|p1|6\n|teamsize|p2|6\n|start\n|switch|p1a: Infernape|Infernape, L82, F|259/259\n|switch|p2a: Comfey|Comfey, L85, F|225/225\n|turn|1\n|inactive|Battle timer is ON: inactive players will automatically lose when time's up. (requested by xdx42)\n|inactive|hello779 also wants the timer to be on.\n|\n|t:|1781459164\n|move|p1a: Infernape|Overheat|p2a: Comfey\n|-damage|p2a: Comfey|68/225\n|-unboost|p1a: Infernape|spa|2\n|-damage|p1a: Infernape|234/259|[from] item: Life Orb\n|move|p2a: Comfey|Calm Mind|p2a: Comfey\n|-boost|p2a: Comfey|spa|1\n|-boost|p2a: Comfey|spd|1\n|\n|-heal|p2a: Comfey|82/225|[from] item: Leftovers\n|upkeep\n|turn|2\n|\n|t:|1781459172\n|switch|p1a: Gogoat|Gogoat, L88, M|360/360\n|move|p2a: Comfey|Draining Kiss|p1a: Gogoat\n|-damage|p1a: Gogoat|288/360\n|-heal|p2a: Comfey|136/225|[from] drain|[of] p1a: Gogoat\n|\n|-heal|p2a: Comfey|150/225|[from] item: Leftovers\n|-heal|p1a: Gogoat|310/360|[from] item: Leftovers\n|upkeep\n|turn|3\n|\n|t:|1781459193\n|switch|p2a: Forretress|Forretress, L84, F|263/263\n|move|p1a: Gogoat|Bulk Up|p1a: Gogoat\n|-boost|p1a: Gogoat|atk|1\n|-boost|p1a: Gogoat|def|1\n|\n|-heal|p1a: Gogoat|332/360|[from] item: Leftovers\n|upkeep\n|turn|4\n|\n|t:|1781459205\n|move|p1a: Gogoat|Bulk Up|p1a: Gogoat\n|-boost|p1a: Gogoat|atk|1\n|-boost|p1a: Gogoat|def|1\n|move|p2a: Forretress|Stealth Rock|p1a: Gogoat\n|-sidestart|p1: hello779|move: Stealth Rock\n|\n|-heal|p1a: Gogoat|354/360|[from] item: Leftovers\n|upkeep\n|turn|5\n|\n|t:|1781459208\n|move|p1a: Gogoat|Bulk Up|p1a: Gogoat\n|-boost|p1a: Gogoat|atk|1\n|-boost|p1a: Gogoat|def|1\n|move|p2a: Forretress|Spikes|p1a: Gogoat\n|-sidestart|p1: hello779|Spikes\n|\n|-heal|p1a: Gogoat|360/360|[from] item: Leftovers\n|upkeep\n|turn|6\n|\n|t:|1781459210\n|move|p1a: Gogoat|Bulk Up|p1a: Gogoat\n|-boost|p1a: Gogoat|atk|1\n|-boost|p1a: Gogoat|def|1\n|move|p2a: Forretress|Spikes|p1a: Gogoat\n|-sidestart|p1: hello779|Spikes\n|\n|upkeep\n|turn|7\n|\n|t:|1781459212\n|move|p1a: Gogoat|Bulk Up|p1a: Gogoat\n|-boost|p1a: Gogoat|atk|1\n|-boost|p1a: Gogoat|def|1\n|move|p2a: Forretress|Spikes|p1a: Gogoat\n|-sidestart|p1: hello779|Spikes\n|\n|upkeep\n|turn|8\n|\n|t:|1781459216\n|move|p1a: Gogoat|Bulk Up|p1a: Gogoat\n|-boost|p1a: Gogoat|atk|1\n|-boost|p1a: Gogoat|def|1\n|move|p2a: Forretress|Iron Head|p1a: Gogoat\n|-damage|p1a: Gogoat|333/360\n|\n|-heal|p1a: Gogoat|355/360|[from] item: Leftovers\n|upkeep\n|turn|9\n|\n|t:|1781459217\n|move|p1a: Gogoat|Rock Slide|p2a: Forretress\n|-damage|p2a: Forretress|108/263\n|cant|p2a: Forretress|flinch\n|\n|-heal|p1a: Gogoat|360/360|[from] item: Leftovers\n|-heal|p2a: Forretress|124/263|[from] item: Leftovers\n|upkeep\n|turn|10\n|\n|t:|1781459219\n|move|p1a: Gogoat|Rock Slide|p2a: Forretress\n|-damage|p2a: Forretress|0 fnt\n|faint|p2a: Forretress\n|\n|upkeep\n|\n|t:|1781459223\n|switch|p2a: Vivillon|Vivillon-High Plains, L83, F|268/268\n|turn|11\n|\n|t:|1781459231\n|-terastallize|p1a: Gogoat|Water\n|move|p2a: Vivillon|Hurricane|p1a: Gogoat\n|-damage|p1a: Gogoat|245/360\n|-start|p1a: Gogoat|confusion\n|-activate|p1a: Gogoat|confusion\n|move|p1a: Gogoat|Rock Slide|p2a: Vivillon\n|-supereffective|p2a: Vivillon\n|-damage|p2a: Vivillon|0 fnt\n|faint|p2a: Vivillon\n|\n|-heal|p1a: Gogoat|267/360|[from] item: Leftovers\n|upkeep\n|\n|t:|1781459243\n|switch|p2a: Latios|Latios, L78, M|253/253\n|turn|12\n|\n|t:|1781459250\n|move|p2a: Latios|Calm Mind|p2a: Latios\n|-boost|p2a: Latios|spa|1\n|-boost|p2a: Latios|spd|1\n|-activate|p1a: Gogoat|confusion\n|move|p1a: Gogoat|Horn Leech|p2a: Latios\n|-resisted|p2a: Latios\n|-damage|p2a: Latios|37/253\n|-heal|p1a: Gogoat|360/360|[from] drain|[of] p2a: Latios\n|\n|upkeep\n|turn|13\n|\n|t:|1781459252\n|move|p2a: Latios|Draco Meteor|p1a: Gogoat\n|-crit|p1a: Gogoat\n|-damage|p1a: Gogoat|0 fnt\n|-unboost|p2a: Latios|spa|2\n|faint|p1a: Gogoat\n|\n|upkeep\n|\n|t:|1781459256\n|switch|p1a: Noivern|Noivern, L82, F|274/274\n|turn|14\n|\n|t:|1781459260\n|move|p1a: Noivern|Hurricane|p2a: Latios|[miss]\n|-miss|p1a: Noivern|p2a: Latios\n|move|p2a: Latios|Recover|p2a: Latios\n|-heal|p2a: Latios|164/253\n|\n|upkeep\n|turn|15\n|\n|t:|1781459262\n|move|p1a: Noivern|Draco Meteor|p2a: Latios\n|-supereffective|p2a: Latios\n|-damage|p2a: Latios|8/253\n|-unboost|p1a: Noivern|spa|2\n|move|p2a: Latios|Draco Meteor|p1a: Noivern\n|-supereffective|p1a: Noivern\n|-damage|p1a: Noivern|28/274\n|-unboost|p2a: Latios|spa|2\n|\n|upkeep\n|turn|16\n|\n|t:|1781459267\n|move|p1a: Noivern|Hurricane|p2a: Latios\n|-damage|p2a: Latios|0 fnt\n|faint|p2a: Latios\n|\n|upkeep\n|\n|t:|1781459269\n|switch|p2a: Comfey|Comfey, L85, F|150/225\n|turn|17\n|\n|t:|1781459272\n|switch|p1a: Toucannon|Toucannon, L88, F|284/284\n|move|p2a: Comfey|Calm Mind|p2a: Comfey\n|-boost|p2a: Comfey|spa|1\n|-boost|p2a: Comfey|spd|1\n|\n|-heal|p2a: Comfey|164/225|[from] item: Leftovers\n|upkeep\n|turn|18\n|\n|t:|1781459278\n|switch|p2a: Carbink|Carbink, L90|236/236\n|-singleturn|p1a: Toucannon|move: Beak Blast\n|move|p1a: Toucannon|Beak Blast|p2a: Carbink\n|-resisted|p2a: Carbink\n|-damage|p2a: Carbink|194/236\n|\n|upkeep\n|turn|19\n|\n|t:|1781459282\n|move|p1a: Toucannon|Bullet Seed|p2a: Carbink\n|-supereffective|p2a: Carbink\n|-crit|p2a: Carbink\n|-damage|p2a: Carbink|146/236\n|-supereffective|p2a: Carbink\n|-crit|p2a: Carbink\n|-damage|p2a: Carbink|96/236\n|-supereffective|p2a: Carbink\n|-damage|p2a: Carbink|64/236\n|-supereffective|p2a: Carbink\n|-damage|p2a: Carbink|34/236\n|-supereffective|p2a: Carbink\n|-damage|p2a: Carbink|2/236\n|-hitcount|p2a: Carbink|5\n|move|p2a: Carbink|Iron Defense|p2a: Carbink\n|-boost|p2a: Carbink|def|2\n|\n|upkeep\n|turn|20\n|\n|t:|1781459285\n|move|p1a: Toucannon|Bullet Seed|p2a: Carbink\n|-supereffective|p2a: Carbink\n|-damage|p2a: Carbink|0 fnt\n|faint|p2a: Carbink\n|-hitcount|p2: Carbink|1\n|\n|upkeep\n|\n|t:|1781459287\n|switch|p2a: Comfey|Comfey, L85, F|164/225\n|turn|21\n|\n|t:|1781459290\n|-singleturn|p1a: Toucannon|move: Beak Blast\n|move|p2a: Comfey|Calm Mind|p2a: Comfey\n|-boost|p2a: Comfey|spa|1\n|-boost|p2a: Comfey|spd|1\n|move|p1a: Toucannon|Beak Blast|p2a: Comfey\n|-damage|p2a: Comfey|20/225\n|\n|-heal|p2a: Comfey|34/225|[from] item: Leftovers\n|upkeep\n|turn|22\n|\n|t:|1781459292\n|-singleturn|p1a: Toucannon|move: Beak Blast\n|move|p2a: Comfey|Draining Kiss|p1a: Toucannon\n|-damage|p1a: Toucannon|206/284\n|-heal|p2a: Comfey|93/225|[from] drain|[of] p1a: Toucannon\n|-status|p2a: Comfey|brn\n|move|p1a: Toucannon|Beak Blast|p2a: Comfey\n|-damage|p2a: Comfey|0 fnt\n|faint|p2a: Comfey\n|\n|upkeep\n|\n|t:|1781459295\n|switch|p2a: Brute Bonnet|Brute Bonnet, L80|309/309\n|turn|23\n|\n|t:|1781459299\n|-singleturn|p1a: Toucannon|move: Beak Blast\n|move|p2a: Brute Bonnet|Spore|p1a: Toucannon\n|-status|p1a: Toucannon|slp|[from] move: Spore\n|cant|p1a: Toucannon|slp\n|\n|upkeep\n|turn|24\n|\n|t:|1781459303\n|-terastallize|p2a: Brute Bonnet|Fighting\n|-singleturn|p1a: Toucannon|move: Beak Blast\n|move|p2a: Brute Bonnet|Close Combat|p1a: Toucannon\n|-damage|p1a: Toucannon|49/284 slp\n|-status|p2a: Brute Bonnet|brn\n|-unboost|p2a: Brute Bonnet|def|1\n|-unboost|p2a: Brute Bonnet|spd|1\n|cant|p1a: Toucannon|slp\n|\n|-damage|p2a: Brute Bonnet|290/309 brn|[from] brn\n|upkeep\n|turn|25\n|-message|xdx42 forfeited.\n|\n|win|hello779\n", "inputlog": ">version a8376a258c1d4662feba110a92103f3664a72141\n>start {\"formatid\":\"gen9randombattle\",\"seed\":\"sodium,51e0cd52cd264bb408885920019dd40f\",\"rated\":\"Rated battle\"}\n>player p1 {\"name\":\"hello779\",\"avatar\":\"170\",\"rating\":1981,\"seed\":\"sodium,227ff8eeaa84d58f82a1f5622b61d9f7\"}\n>player p2 {\"name\":\"xdx42\",\"avatar\":\"cyrus\",\"rating\":2036,\"seed\":\"sodium,0677419bfa862cf655c41e4a0d83a5ed\"}\n>p1 move overheat\n>p2 move calmmind\n>p1 switch 4\n>p2 move drainingkiss\n>p1 move bulkup\n>p2 switch 5\n>p1 move bulkup\n>p2 move stealthrock\n>p1 move bulkup\n>p2 move spikes\n>p1 move bulkup\n>p2 move spikes\n>p1 move bulkup\n>p2 move spikes\n>p1 move bulkup\n>p2 move ironhead\n>p1 move rockslide\n>p2 move ironhead\n>p1 move rockslide\n>p2 move ironhead\n>p2 switch 4\n>p1 move rockslide terastallize\n>p2 move hurricane\n>p2 switch 6\n>p1 move hornleech\n>p2 move calmmind\n>p1 move hornleech\n>p2 move dracometeor\n>p1 switch 5\n>p1 move hurricane\n>p2 move recover\n>p1 move dracometeor\n>p2 move dracometeor\n>p1 move hurricane\n>p2 move recover\n>p2 switch 5\n>p1 switch 3\n>p2 move calmmind\n>p1 move beakblast\n>p2 switch 3\n>p1 move bulletseed\n>p2 move irondefense\n>p1 move bulletseed\n>p2 move rest\n>p2 switch 3\n>p1 move beakblast\n>p2 move calmmind\n>p1 move beakblast\n>p2 move drainingkiss\n>p2 switch 2\n>p1 move beakblast\n>p2 move spore\n>p1 move beakblast\n>p2 move closecombat terastallize\n>forcelose p2", "uploadtime": 1781459138, "views": 4, "formatid": "gen9randombattle", "rating": null, "private": 0, "password": null}