{"id": "gen9randombattle-2631841532", "format": "[Gen 9] Random Battle", "players": ["PlizComeToBrazil", "duusijfig"], "log": "|badge|p2|bronze|gen9randombattle|100-9\n|uhtml|medal-msg|<div class=\"broadcast-blue\">Curious what those medals under the avatar are? PS now has Ladder Seasons! For more information, check out the <a href=\"https://www.smogon.com/forums/threads/3740067/\">thread on Smogon.</a></div>\n|j|\u2606PlizComeToBrazil\n|j|\u2606duusijfig\n|t:|1781446937\n|gametype|singles\n|player|p1|PlizComeToBrazil|102|2177\n|player|p2|duusijfig|1|2359\n|gen|9\n|tier|[Gen 9] Random Battle\n|rated|\n|rule|Species Clause: Limit one of each Pok\u00e9mon\n|rule|HP Percentage Mod: HP is shown in percentages\n|rule|Sleep Clause Mod: Limit one foe put to sleep\n|rule|Illusion Level Mod: Illusion disguises the Pok\u00e9mon's true level\n|\n|t:|1781446937\n|teamsize|p1|6\n|teamsize|p2|6\n|start\n|switch|p1a: Conkeldurr|Conkeldurr, L80, M|299/299\n|switch|p2a: Araquanid|Araquanid, L82, M|246/246\n|turn|1\n|inactive|Battle timer is ON: inactive players will automatically lose when time's up. (requested by duusijfig)\n|\n|t:|1781446956\n|move|p1a: Conkeldurr|Knock Off|p2a: Araquanid\n|-damage|p2a: Araquanid|166/246\n|-enditem|p2a: Araquanid|Heavy-Duty Boots|[from] move: Knock Off|[of] p1a: Conkeldurr\n|move|p2a: Araquanid|Hydro Pump|p1a: Conkeldurr\n|-damage|p1a: Conkeldurr|121/299\n|\n|-status|p1a: Conkeldurr|brn|[from] item: Flame Orb\n|upkeep\n|turn|2\n|\n|t:|1781446968\n|move|p1a: Conkeldurr|Facade|p2a: Araquanid\n|-damage|p2a: Araquanid|0 fnt\n|faint|p2a: Araquanid\n|\n|-damage|p1a: Conkeldurr|103/299 brn|[from] brn\n|upkeep\n|\n|t:|1781446977\n|switch|p2a: Ditto|Ditto, L87|225/225\n|-transform|p2a: Ditto|p1a: Conkeldurr|[from] ability: Imposter\n|turn|3\n|\n|t:|1781446986\n|switch|p1a: Overqwil|Overqwil, L82, F|274/274\n|-ability|p1a: Overqwil|Intimidate|boost\n|-unboost|p2a: Ditto|atk|1\n|move|p2a: Ditto|Close Combat|p1a: Overqwil\n|-damage|p1a: Overqwil|162/274\n|-unboost|p2a: Ditto|def|1\n|-unboost|p2a: Ditto|spd|1\n|\n|upkeep\n|turn|4\n|\n|t:|1781446997\n|switch|p2a: Klefki|Klefki, L84, M|233/233\n|move|p1a: Overqwil|Swords Dance|p1a: Overqwil\n|-boost|p1a: Overqwil|atk|2\n|\n|upkeep\n|turn|5\n|\n|t:|1781447018\n|switch|p1a: Solgaleo|Solgaleo, L74|325/325\n|move|p2a: Klefki|Dazzling Gleam|p1a: Solgaleo\n|-resisted|p1a: Solgaleo\n|-damage|p1a: Solgaleo|286/325\n|\n|upkeep\n|turn|6\n|\n|t:|1781447028\n|move|p2a: Klefki|Thunder Wave|p1a: Solgaleo\n|-status|p1a: Solgaleo|par\n|cant|p1a: Solgaleo|par\n|\n|upkeep\n|turn|7\n|\n|t:|1781447034\n|move|p2a: Klefki|Foul Play|p1a: Solgaleo\n|-supereffective|p1a: Solgaleo\n|-damage|p1a: Solgaleo|128/325 par\n|-enditem|p1a: Solgaleo|Weakness Policy\n|-boost|p1a: Solgaleo|atk|2|[from] item: Weakness Policy\n|-boost|p1a: Solgaleo|spa|2|[from] item: Weakness Policy\n|cant|p1a: Solgaleo|par\n|\n|upkeep\n|turn|8\n|\n|t:|1781447044\n|move|p2a: Klefki|Foul Play|p1a: Solgaleo\n|-supereffective|p1a: Solgaleo\n|-damage|p1a: Solgaleo|0 fnt\n|faint|p1a: Solgaleo\n|\n|upkeep\n|\n|t:|1781447058\n|switch|p1a: Glalie|Glalie, L96, F|309/309\n|turn|9\n|\n|t:|1781447065\n|move|p2a: Klefki|Thunder Wave|p1a: Glalie\n|-status|p1a: Glalie|par\n|move|p1a: Glalie|Taunt|p2a: Klefki\n|-start|p2a: Klefki|move: Taunt\n|\n|upkeep\n|turn|10\n|\n|t:|1781447078\n|switch|p2a: Glaceon|Glaceon, L94, M|275/275\n|move|p1a: Glalie|Spikes|p2a: Glaceon\n|-sidestart|p2: duusijfig|Spikes\n|\n|upkeep\n|turn|11\n|\n|t:|1781447084\n|move|p2a: Glaceon|Calm Mind|p2a: Glaceon\n|-boost|p2a: Glaceon|spa|1\n|-boost|p2a: Glaceon|spd|1\n|move|p1a: Glalie|Spikes|p2a: Glaceon\n|-sidestart|p2: duusijfig|Spikes\n|\n|upkeep\n|turn|12\n|\n|t:|1781447090\n|move|p2a: Glaceon|Calm Mind|p2a: Glaceon\n|-boost|p2a: Glaceon|spa|1\n|-boost|p2a: Glaceon|spd|1\n|cant|p1a: Glalie|par\n|\n|upkeep\n|turn|13\n|\n|t:|1781447097\n|move|p2a: Glaceon|Calm Mind|p2a: Glaceon\n|-boost|p2a: Glaceon|spa|1\n|-boost|p2a: Glaceon|spd|1\n|cant|p1a: Glalie|par\n|\n|upkeep\n|turn|14\n|\n|t:|1781447103\n|move|p2a: Glaceon|Calm Mind|p2a: Glaceon\n|-boost|p2a: Glaceon|spa|1\n|-boost|p2a: Glaceon|spd|1\n|move|p1a: Glalie|Taunt|p2a: Glaceon\n|-start|p2a: Glaceon|move: Taunt\n|\n|upkeep\n|turn|15\n|\n|t:|1781447110\n|move|p2a: Glaceon|Freeze-Dry|p1a: Glalie\n|-resisted|p1a: Glalie\n|-damage|p1a: Glalie|150/309 par\n|move|p1a: Glalie|Spikes|p2a: Glaceon\n|-sidestart|p2: duusijfig|Spikes\n|\n|upkeep\n|turn|16\n|\n|t:|1781447116\n|move|p2a: Glaceon|Freeze-Dry|p1a: Glalie\n|-resisted|p1a: Glalie\n|-damage|p1a: Glalie|0 fnt\n|faint|p1a: Glalie\n|\n|upkeep\n|\n|t:|1781447124\n|switch|p1a: Cobalion|Cobalion, L80|277/277\n|turn|17\n|\n|t:|1781447129\n|-terastallize|p2a: Glaceon|Water\n|move|p1a: Cobalion|Thunder Wave|p2a: Glaceon\n|-status|p2a: Glaceon|par\n|cant|p2a: Glaceon|par\n|\n|-end|p2a: Glaceon|move: Taunt\n|upkeep\n|turn|18\n|\n|t:|1781447151\n|move|p1a: Cobalion|Iron Defense|p1a: Cobalion\n|-boost|p1a: Cobalion|def|2\n|move|p2a: Glaceon|Freeze-Dry|p1a: Cobalion\n|-resisted|p1a: Cobalion\n|-damage|p1a: Cobalion|63/277\n|\n|-heal|p1a: Cobalion|80/277|[from] item: Leftovers\n|upkeep\n|turn|19\n|\n|t:|1781447160\n|move|p1a: Cobalion|Body Press|p2a: Glaceon\n|-damage|p2a: Glaceon|140/275 par\n|move|p2a: Glaceon|Freeze-Dry|p1a: Cobalion\n|-resisted|p1a: Cobalion\n|-damage|p1a: Cobalion|0 fnt\n|faint|p1a: Cobalion\n|\n|upkeep\n|\n|t:|1781447168\n|switch|p1a: Conkeldurr|Conkeldurr, L80, M|103/299 brn\n|turn|20\n|\n|t:|1781447171\n|move|p1a: Conkeldurr|Close Combat|p2a: Glaceon\n|-damage|p2a: Glaceon|0 fnt\n|-unboost|p1a: Conkeldurr|def|1\n|-unboost|p1a: Conkeldurr|spd|1\n|faint|p2a: Glaceon\n|\n|-damage|p1a: Conkeldurr|85/299 brn|[from] brn\n|upkeep\n|\n|t:|1781447176\n|switch|p2a: Klefki|Klefki, L84, M|233/233\n|-damage|p2a: Klefki|175/233|[from] Spikes\n|turn|21\n|\n|t:|1781447184\n|move|p1a: Conkeldurr|Mach Punch|p2a: Klefki\n|-damage|p2a: Klefki|96/233\n|move|p2a: Klefki|Dazzling Gleam|p1a: Conkeldurr\n|-supereffective|p1a: Conkeldurr\n|-damage|p1a: Conkeldurr|0 fnt\n|faint|p1a: Conkeldurr\n|\n|-heal|p2a: Klefki|110/233|[from] item: Leftovers\n|upkeep\n|\n|t:|1781447197\n|switch|p1a: Overqwil|Overqwil, L82, F|162/274\n|-ability|p1a: Overqwil|Intimidate|boost\n|-unboost|p2a: Klefki|atk|1\n|turn|22\n|\n|t:|1781447201\n|move|p1a: Overqwil|Swords Dance|p1a: Overqwil\n|-boost|p1a: Overqwil|atk|2\n|move|p2a: Klefki|Dazzling Gleam|p1a: Overqwil\n|-damage|p1a: Overqwil|68/274\n|\n|-heal|p2a: Klefki|124/233|[from] item: Leftovers\n|upkeep\n|turn|23\n|\n|t:|1781447211\n|move|p1a: Overqwil|Liquidation|p2a: Klefki\n|-damage|p2a: Klefki|0 fnt\n|faint|p2a: Klefki\n|-damage|p1a: Overqwil|41/274|[from] item: Life Orb\n|\n|upkeep\n|\n|t:|1781447215\n|switch|p2a: Ditto|Ditto, L87|225/225\n|-damage|p2a: Ditto|169/225|[from] Spikes\n|-transform|p2a: Ditto|p1a: Overqwil|[from] ability: Imposter\n|-ability|p2a: Ditto|Intimidate|boost\n|-unboost|p1a: Overqwil|atk|1\n|turn|24\n|\n|t:|1781447229\n|move|p2a: Ditto|Crunch|p1a: Overqwil\n|-resisted|p1a: Overqwil\n|-damage|p1a: Overqwil|0 fnt\n|faint|p1a: Overqwil\n|\n|upkeep\n|\n|t:|1781447234\n|switch|p1a: Gumshoos|Gumshoos, L95, M|321/321\n|turn|25\n|\n|t:|1781447240\n|-terastallize|p1a: Gumshoos|Normal\n|move|p2a: Ditto|Crunch|p1a: Gumshoos\n|-damage|p1a: Gumshoos|99/321\n|move|p1a: Gumshoos|Double-Edge|p2a: Ditto\n|-damage|p2a: Ditto|0 fnt\n|faint|p2a: Ditto\n|-damage|p1a: Gumshoos|43/321|[from] Recoil\n|\n|upkeep\n|\n|t:|1781447242\n|switch|p2a: Ludicolo|Ludicolo, L90, F|290/290\n|-damage|p2a: Ludicolo|218/290|[from] Spikes\n|turn|26\n|-message|PlizComeToBrazil forfeited.\n|\n|win|duusijfig\n", "inputlog": ">version a8376a258c1d4662feba110a92103f3664a72141\n>start {\"formatid\":\"gen9randombattle\",\"seed\":\"sodium,e74ae2722e6e7080472653887621584b\",\"rated\":\"Rated battle\"}\n>player p1 {\"name\":\"PlizComeToBrazil\",\"avatar\":\"102\",\"rating\":2177,\"seed\":\"sodium,a0bbadeb3569f7fc1f3d9f0eb31acf95\"}\n>player p2 {\"name\":\"duusijfig\",\"avatar\":\"1\",\"rating\":2359,\"seed\":\"sodium,82217725285af931bb92373500d59886\"}\n>p1 move knockoff\n>p2 move hydropump\n>p1 move facade\n>p2 move hydropump\n>p2 switch 3\n>p1 switch 6\n>p2 move closecombat\n>p1 move swordsdance\n>p2 switch 4\n>p1 switch 2\n>p2 move dazzlinggleam\n>p1 move sunsteelstrike\n>p2 move thunderwave\n>p1 move sunsteelstrike\n>p2 move foulplay\n>p1 move sunsteelstrike\n>p2 move foulplay\n>p1 switch 3\n>p1 move taunt\n>p2 move thunderwave\n>p1 move spikes\n>p2 switch 6\n>p1 move spikes\n>p2 move calmmind\n>p1 move taunt\n>p2 move calmmind\n>p1 move taunt\n>p2 move calmmind\n>p1 move taunt\n>p2 move calmmind\n>p1 move spikes\n>p2 move freezedry\n>p1 move earthquake\n>p2 move freezedry\n>p1 switch 4\n>p1 move thunderwave\n>p2 move freezedry terastallize\n>p1 move irondefense\n>p2 move freezedry\n>p1 move bodypress\n>p2 move freezedry\n>p1 switch 6\n>p1 move closecombat\n>p2 move freezedry\n>p2 switch 6\n>p1 move machpunch\n>p2 move dazzlinggleam\n>p1 switch 2\n>p1 move swordsdance\n>p2 move dazzlinggleam\n>p1 move liquidation\n>p2 move dazzlinggleam\n>p2 switch 4\n>p1 move liquidation\n>p2 move crunch\n>p1 switch 5\n>p1 move doubleedge terastallize\n>p2 move crunch\n>p2 switch 5\n>forcelose p1", "uploadtime": 1781446938, "views": 7, "formatid": "gen9randombattle", "rating": null, "private": 0, "password": null}