{"id": "gen9randombattle-2631895668", "format": "[Gen 9] Random Battle", "players": ["cansermaro8", "chichi732"], "log": "|j|\u2606cansermaro8\n|j|\u2606chichi732\n|t:|1781453084\n|gametype|singles\n|player|p1|cansermaro8|266|2243\n|player|p2|chichi732|169|2172\n|gen|9\n|tier|[Gen 9] Random Battle\n|rated|\n|rule|Species Clause: Limit one of each Pok\u00e9mon\n|rule|HP Percentage Mod: HP is shown in percentages\n|rule|Sleep Clause Mod: Limit one foe put to sleep\n|rule|Illusion Level Mod: Illusion disguises the Pok\u00e9mon's true level\n|\n|t:|1781453084\n|teamsize|p1|6\n|teamsize|p2|6\n|start\n|switch|p1a: Weezing|Weezing-Galar, L86, M|252/252\n|switch|p2a: Lokix|Lokix, L82, M|251/251\n|turn|1\n|\n|t:|1781453097\n|move|p2a: Lokix|U-turn|p1a: Weezing\n|-resisted|p1a: Weezing\n|-damage|p1a: Weezing|220/252\n|\n|t:|1781453105\n|switch|p2a: Swalot|Swalot, L90, M|326/326|[from] U-turn\n|move|p1a: Weezing|Will-O-Wisp|p2a: Swalot\n|-status|p2a: Swalot|brn\n|\n|-heal|p1a: Weezing|235/252|[from] item: Leftovers\n|-damage|p2a: Swalot|306/326 brn|[from] brn\n|upkeep\n|turn|2\n|inactive|Battle timer is ON: inactive players will automatically lose when time's up. (requested by chichi732)\n|\n|t:|1781453117\n|switch|p1a: Magearna|Magearna, L77|250/250\n|move|p2a: Swalot|Knock Off|p1a: Magearna\n|-resisted|p1a: Magearna\n|-damage|p1a: Magearna|235/250\n|-enditem|p1a: Magearna|Leftovers|[from] move: Knock Off|[of] p2a: Swalot\n|\n|-heal|p2a: Swalot|326/326 brn|[from] item: Leftovers\n|-damage|p2a: Swalot|306/326 brn|[from] brn\n|upkeep\n|turn|3\n|\n|t:|1781453133\n|switch|p2a: Swampert|Swampert, L83, M|302/302\n|move|p1a: Magearna|Flash Cannon|p2a: Swampert\n|-resisted|p2a: Swampert\n|-damage|p2a: Swampert|260/302\n|\n|-heal|p2a: Swampert|278/302|[from] item: Leftovers\n|upkeep\n|turn|4\n|\n|t:|1781453141\n|switch|p1a: Glalie|Glalie, L96, M|309/309\n|move|p2a: Swampert|Knock Off|p1a: Glalie\n|-damage|p1a: Glalie|241/309\n|-enditem|p1a: Glalie|Heavy-Duty Boots|[from] move: Knock Off|[of] p2a: Swampert\n|\n|-heal|p2a: Swampert|296/302|[from] item: Leftovers\n|upkeep\n|turn|5\n|\n|t:|1781453151\n|switch|p2a: Cinderace|Cinderace, L77, M|249/249\n|move|p1a: Glalie|Spikes|p2a: Cinderace\n|-sidestart|p2: chichi732|Spikes\n|\n|upkeep\n|turn|6\n|\n|t:|1781453161\n|switch|p1a: Weezing|Weezing-Galar, L86, M|235/252\n|move|p2a: Cinderace|Court Change|p2a: Cinderace\n|-start|p2a: Cinderace|typechange|Normal|[from] ability: Libero\n|-swapsideconditions\n|-activate|p2a: Cinderace|move: Court Change\n|\n|-heal|p1a: Weezing|250/252|[from] item: Leftovers\n|upkeep\n|turn|7\n|\n|t:|1781453169\n|switch|p2a: Swalot|Swalot, L90, M|306/326 brn\n|move|p1a: Weezing|Defog|p2a: Swalot\n|-unboost|p2a: Swalot|evasion|1\n|-sideend|p1: cansermaro8|Spikes|[from] move: Defog|[of] p1a: Weezing\n|\n|-heal|p1a: Weezing|252/252|[from] item: Leftovers\n|-heal|p2a: Swalot|326/326 brn|[from] item: Leftovers\n|-damage|p2a: Swalot|306/326 brn|[from] brn\n|upkeep\n|turn|8\n|inactive|cansermaro8 has 120 seconds left.\n|inactive|cansermaro8 has 90 seconds left.\n|\n|t:|1781453235\n|switch|p1a: Magearna|Magearna, L77|235/250\n|switch|p2a: Swampert|Swampert, L83, M|296/302\n|\n|-heal|p2a: Swampert|302/302|[from] item: Leftovers\n|upkeep\n|turn|9\n|inactive|cansermaro8 has 90 seconds left.\n|inactive|chichi732 has 120 seconds left.\n|\n|t:|1781453274\n|switch|p1a: Flamigo|Flamigo, L82, M|269/269\n|move|p2a: Swampert|Flip Turn|p1a: Flamigo\n|-damage|p1a: Flamigo|188/269\n|\n|t:|1781453296\n|switch|p2a: Gengar|Gengar, L81, M|230/230|[from] Flip Turn\n|\n|upkeep\n|turn|10\n|\n|t:|1781453316\n|move|p2a: Gengar|Sludge Wave|p1a: Flamigo\n|-damage|p1a: Flamigo|0 fnt\n|faint|p1a: Flamigo\n|-damage|p2a: Gengar|207/230|[from] item: Life Orb\n|\n|upkeep\n|inactive|cansermaro8 has 60 seconds left.\n|inactive|cansermaro8 has 30 seconds left.\n|\n|t:|1781453358\n|switch|p1a: Glalie|Glalie, L96, M|241/309\n|turn|11\n|inactive|chichi732 has 120 seconds left.\n|\n|t:|1781453380\n|move|p2a: Gengar|Sludge Wave|p1a: Glalie\n|-damage|p1a: Glalie|93/309\n|-damage|p2a: Gengar|184/230|[from] item: Life Orb\n|move|p1a: Glalie|Earthquake|p2a: Gengar\n|-supereffective|p2a: Gengar\n|-damage|p2a: Gengar|0 fnt\n|faint|p2a: Gengar\n|\n|upkeep\n|\n|t:|1781453385\n|switch|p2a: Lokix|Lokix, L82, M|251/251\n|turn|12\n|\n|t:|1781453390\n|switch|p1a: Magearna|Magearna, L77|235/250\n|move|p2a: Lokix|First Impression|p1a: Magearna\n|-resisted|p1a: Magearna\n|-damage|p1a: Magearna|187/250\n|\n|upkeep\n|turn|13\n|inactive|chichi732 has 120 seconds left.\n|\n|t:|1781453395\n|switch|p1a: Glalie|Glalie, L96, M|93/309\n|move|p2a: Lokix|U-turn|p1a: Glalie\n|-damage|p1a: Glalie|17/309\n|\n|t:|1781453400\n|switch|p2a: Cinderace|Cinderace, L77, M|249/249|[from] U-turn\n|\n|upkeep\n|turn|14\n|\n|t:|1781453405\n|move|p2a: Cinderace|Pyro Ball|p1a: Glalie\n|-supereffective|p1a: Glalie\n|-damage|p1a: Glalie|0 fnt\n|faint|p1a: Glalie\n|\n|upkeep\n|\n|t:|1781453429\n|switch|p1a: Weezing|Weezing-Galar, L86, M|252/252\n|turn|15\n|\n|t:|1781453442\n|move|p2a: Cinderace|Gunk Shot|p1a: Weezing\n|-start|p2a: Cinderace|typechange|Poison|[from] ability: Libero\n|-damage|p1a: Weezing|158/252\n|move|p1a: Weezing|Gunk Shot|p2a: Cinderace\n|-resisted|p2a: Cinderace\n|-damage|p2a: Cinderace|172/249\n|\n|-heal|p1a: Weezing|173/252|[from] item: Leftovers\n|upkeep\n|turn|16\n|\n|t:|1781453462\n|switch|p2a: Swalot|Swalot, L90, M|306/326 brn\n|switch|p1a: Magearna|Magearna, L77|187/250\n|\n|-heal|p2a: Swalot|326/326 brn|[from] item: Leftovers\n|-damage|p2a: Swalot|306/326 brn|[from] brn\n|upkeep\n|turn|17\n|\n|t:|1781453476\n|switch|p2a: Swampert|Swampert, L83, M|302/302\n|move|p1a: Magearna|Flash Cannon|p2a: Swampert\n|-resisted|p2a: Swampert\n|-damage|p2a: Swampert|259/302\n|\n|-heal|p2a: Swampert|277/302|[from] item: Leftovers\n|upkeep\n|turn|18\n|\n|t:|1781453482\n|move|p2a: Swampert|Knock Off|p1a: Magearna\n|-resisted|p1a: Magearna\n|-damage|p1a: Magearna|165/250\n|move|p1a: Magearna|Pain Split|p2a: Swampert\n|-sethp|p2a: Swampert|221/302|[from] move: Pain Split|[silent]\n|-sethp|p1a: Magearna|221/250|[from] move: Pain Split\n|\n|-heal|p2a: Swampert|239/302|[from] item: Leftovers\n|upkeep\n|turn|19\n|\n|t:|1781453493\n|move|p2a: Swampert|Knock Off|p1a: Magearna\n|-resisted|p1a: Magearna\n|-damage|p1a: Magearna|199/250\n|move|p1a: Magearna|Aura Sphere|p2a: Swampert\n|-damage|p2a: Swampert|174/302\n|\n|-heal|p2a: Swampert|192/302|[from] item: Leftovers\n|upkeep\n|turn|20\n|\n|t:|1781453500\n|switch|p1a: Weezing|Weezing-Galar, L86, M|173/252\n|move|p2a: Swampert|Knock Off|p1a: Weezing\n|-resisted|p1a: Weezing\n|-damage|p1a: Weezing|142/252\n|-enditem|p1a: Weezing|Leftovers|[from] move: Knock Off|[of] p2a: Swampert\n|\n|-heal|p2a: Swampert|210/302|[from] item: Leftovers\n|upkeep\n|turn|21\n|inactive|cansermaro8 has 90 seconds left.\n|\n|t:|1781453505\n|switch|p2a: Swalot|Swalot, L90, M|306/326 brn\n|move|p1a: Weezing|Strange Steam|p2a: Swalot\n|-resisted|p2a: Swalot\n|-damage|p2a: Swalot|264/326 brn\n|\n|-heal|p2a: Swalot|284/326 brn|[from] item: Leftovers\n|-damage|p2a: Swalot|264/326 brn|[from] brn\n|upkeep\n|turn|22\n|\n|t:|1781453512\n|switch|p1a: Magearna|Magearna, L77|199/250\n|move|p2a: Swalot|Sludge Bomb|p1a: Magearna\n|-immune|p1a: Magearna\n|\n|-heal|p2a: Swalot|284/326 brn|[from] item: Leftovers\n|-damage|p2a: Swalot|264/326 brn|[from] brn\n|upkeep\n|turn|23\n|\n|t:|1781453523\n|switch|p2a: Swampert|Swampert, L83, M|210/302\n|move|p1a: Magearna|Fleur Cannon|p2a: Swampert\n|-damage|p2a: Swampert|65/302\n|-unboost|p1a: Magearna|spa|2\n|\n|-heal|p2a: Swampert|83/302|[from] item: Leftovers\n|upkeep\n|turn|24\n|\n|t:|1781453529\n|switch|p1a: Weezing|Weezing-Galar, L86, M|142/252\n|move|p2a: Swampert|Flip Turn|p1a: Weezing\n|-damage|p1a: Weezing|66/252\n|\n|t:|1781453532\n|switch|p2a: Cinderace|Cinderace, L77, M|172/249|[from] Flip Turn\n|\n|upkeep\n|turn|25\n|\n|t:|1781453538\n|move|p2a: Cinderace|Pyro Ball|p1a: Weezing\n|-crit|p1a: Weezing\n|-damage|p1a: Weezing|0 fnt\n|faint|p1a: Weezing\n|\n|upkeep\n|\n|t:|1781453544\n|switch|p1a: Arceus|Arceus-Flying, L69|279/279\n|turn|26\n|inactive|cansermaro8 has 120 seconds left.\n|\n|t:|1781453557\n|move|p2a: Cinderace|Pyro Ball|p1a: Arceus\n|-damage|p1a: Arceus|155/279\n|move|p1a: Arceus|Calm Mind|p1a: Arceus\n|-boost|p1a: Arceus|spa|1\n|-boost|p1a: Arceus|spd|1\n|\n|upkeep\n|turn|27\n|\n|t:|1781453576\n|switch|p2a: Swalot|Swalot, L90, M|264/326 brn\n|move|p1a: Arceus|Recover|p1a: Arceus\n|-heal|p1a: Arceus|279/279\n|\n|-heal|p2a: Swalot|284/326 brn|[from] item: Leftovers\n|-damage|p2a: Swalot|264/326 brn|[from] brn\n|upkeep\n|turn|28\n|\n|t:|1781453579\n|-terastallize|p1a: Arceus|Ground\n|move|p1a: Arceus|Earth Power|p2a: Swalot\n|-supereffective|p2a: Swalot\n|-damage|p2a: Swalot|48/326 brn\n|move|p2a: Swalot|Clear Smog|p1a: Arceus\n|-resisted|p1a: Arceus\n|-damage|p1a: Arceus|263/279\n|-clearboost|p1a: Arceus\n|\n|-heal|p2a: Swalot|68/326 brn|[from] item: Leftovers\n|-damage|p2a: Swalot|48/326 brn|[from] brn\n|upkeep\n|turn|29\n|\n|t:|1781453584\n|move|p1a: Arceus|Earth Power|p2a: Swalot\n|-supereffective|p2a: Swalot\n|-damage|p2a: Swalot|0 fnt\n|faint|p2a: Swalot\n|\n|upkeep\n|\n|t:|1781453590\n|switch|p2a: Arboliva|Arboliva, L91, F|288/288\n|turn|30\n|\n|t:|1781453594\n|switch|p1a: Spidops|Spidops, L96, M|271/271\n|-terastallize|p2a: Arboliva|Water\n|move|p2a: Arboliva|Leech Seed|p1a: Spidops\n|-start|p1a: Spidops|move: Leech Seed\n|\n|-damage|p1a: Spidops|238/271|[from] Leech Seed|[of] p2a: Arboliva\n|upkeep\n|turn|31\n|\n|t:|1781453603\n|switch|p1a: Magearna|Magearna, L77|199/250\n|move|p2a: Arboliva|Substitute|p2a: Arboliva\n|-start|p2a: Arboliva|Substitute\n|-damage|p2a: Arboliva|216/288\n|\n|upkeep\n|turn|32\n|\n|t:|1781453610\n|move|p1a: Magearna|Flash Cannon|p2a: Arboliva\n|-resisted|p2a: Arboliva\n|-activate|p2a: Arboliva|move: Substitute|[damage]\n|move|p2a: Arboliva|Leech Seed|p1a: Magearna\n|-start|p1a: Magearna|move: Leech Seed\n|\n|-damage|p1a: Magearna|168/250|[from] Leech Seed|[of] p2a: Arboliva\n|-heal|p2a: Arboliva|247/288|[silent]\n|upkeep\n|turn|33\n|\n|t:|1781453614\n|move|p1a: Magearna|Aura Sphere|p2a: Arboliva\n|-end|p2a: Arboliva|Substitute\n|move|p2a: Arboliva|Hyper Voice|p1a: Magearna\n|-resisted|p1a: Magearna\n|-damage|p1a: Magearna|109/250\n|\n|-damage|p1a: Magearna|78/250|[from] Leech Seed|[of] p2a: Arboliva\n|-heal|p2a: Arboliva|278/288|[silent]\n|upkeep\n|turn|34\n|\n|t:|1781453620\n|switch|p2a: Swampert|Swampert, L83, M|83/302\n|move|p1a: Magearna|Pain Split|p2a: Swampert\n|-sethp|p2a: Swampert|80/302|[from] move: Pain Split|[silent]\n|-sethp|p1a: Magearna|80/250|[from] move: Pain Split\n|\n|-heal|p2a: Swampert|98/302|[from] item: Leftovers\n|-damage|p1a: Magearna|49/250|[from] Leech Seed|[of] p2a: Swampert\n|-heal|p2a: Swampert|129/302|[silent]\n|upkeep\n|turn|35\n|\n|t:|1781453623\n|switch|p1a: Spidops|Spidops, L96, M|238/271\n|move|p2a: Swampert|Flip Turn|p1a: Spidops\n|-damage|p1a: Spidops|180/271\n|\n|t:|1781453627\n|switch|p2a: Cinderace|Cinderace, L77, M|172/249|[from] Flip Turn\n|\n|upkeep\n|turn|36\n|\n|t:|1781453644\n|switch|p1a: Arceus|Arceus-Flying, L69, tera:Ground|263/279\n|move|p2a: Cinderace|Pyro Ball|p1a: Arceus\n|-damage|p1a: Arceus|155/279\n|\n|upkeep\n|turn|37\n|\n|t:|1781453648\n|move|p2a: Cinderace|High Jump Kick|p1a: Arceus|[miss]\n|-start|p2a: Cinderace|typechange|Fighting|[from] ability: Libero\n|-miss|p2a: Cinderace|p1a: Arceus\n|-damage|p2a: Cinderace|48/249|[from] highjumpkick\n|move|p1a: Arceus|Recover|p1a: Arceus\n|-heal|p1a: Arceus|279/279\n|\n|upkeep\n|turn|38\n|\n|t:|1781453660\n|switch|p2a: Arboliva|Arboliva, L91, F, tera:Water|278/288\n|move|p1a: Arceus|Earth Power|p2a: Arboliva\n|-damage|p2a: Arboliva|212/288\n|\n|upkeep\n|turn|39\n|\n|t:|1781453668\n|switch|p1a: Magearna|Magearna, L77|49/250\n|move|p2a: Arboliva|Leech Seed|p1a: Magearna\n|-start|p1a: Magearna|move: Leech Seed\n|\n|-damage|p1a: Magearna|18/250|[from] Leech Seed|[of] p2a: Arboliva\n|-heal|p2a: Arboliva|243/288|[silent]\n|upkeep\n|turn|40\n|\n|t:|1781453671\n|move|p2a: Arboliva|Protect|p2a: Arboliva\n|-singleturn|p2a: Arboliva|Protect\n|move|p1a: Magearna|Pain Split|p2a: Arboliva\n|-activate|p2a: Arboliva|move: Protect\n|\n|-damage|p1a: Magearna|0 fnt|[from] Leech Seed|[of] p2a: Arboliva\n|-heal|p2a: Arboliva|261/288|[silent]\n|faint|p1a: Magearna\n|upkeep\n|\n|t:|1781453699\n|switch|p1a: Spidops|Spidops, L96, M|180/271\n|turn|41\n|\n|t:|1781453707\n|switch|p2a: Swampert|Swampert, L83, M|129/302\n|move|p1a: Spidops|Toxic Spikes|p2a: Swampert\n|-sidestart|p2: chichi732|move: Toxic Spikes\n|\n|-heal|p2a: Swampert|147/302|[from] item: Leftovers\n|upkeep\n|turn|42\n|\n|t:|1781453714\n|move|p2a: Swampert|Earthquake|p1a: Spidops\n|-resisted|p1a: Spidops\n|-damage|p1a: Spidops|135/271\n|move|p1a: Spidops|Toxic Spikes|p2a: Swampert\n|-sidestart|p2: chichi732|move: Toxic Spikes\n|\n|-heal|p2a: Swampert|165/302|[from] item: Leftovers\n|upkeep\n|turn|43\n|\n|t:|1781453717\n|move|p2a: Swampert|Knock Off|p1a: Spidops\n|-damage|p1a: Spidops|75/271\n|-enditem|p1a: Spidops|Heavy-Duty Boots|[from] move: Knock Off|[of] p2a: Swampert\n|move|p1a: Spidops|Circle Throw|p2a: Swampert\n|-damage|p2a: Swampert|121/302\n|drag|p2a: Cinderace|Cinderace, L77, M|48/249\n|\n|upkeep\n|turn|44\n|\n|t:|1781453732\n|move|p2a: Cinderace|Court Change|p2a: Cinderace\n|-start|p2a: Cinderace|typechange|Normal|[from] ability: Libero\n|-swapsideconditions\n|-activate|p2a: Cinderace|move: Court Change\n|move|p1a: Spidops|Circle Throw|p2a: Cinderace\n|-supereffective|p2a: Cinderace\n|-damage|p2a: Cinderace|0 fnt\n|faint|p2a: Cinderace\n|\n|upkeep\n|\n|t:|1781453737\n|switch|p2a: Lokix|Lokix, L82, M|251/251\n|turn|45\n|\n|t:|1781453747\n|move|p2a: Lokix|First Impression|p1a: Spidops\n|-damage|p1a: Spidops|0 fnt\n|faint|p1a: Spidops\n|\n|upkeep\n|\n|t:|1781453750\n|switch|p1a: Arceus|Arceus-Flying, L69, tera:Ground|279/279\n|-status|p1a: Arceus|tox\n|turn|46\n|-message|cansermaro8 forfeited.\n|\n|win|chichi732\n", "uploadtime": 1781453086, "views": 4, "formatid": "gen9randombattle", "rating": null, "private": 0, "password": null}