{"id": "gen9randombattle-2631597130", "format": "[Gen 9] Random Battle", "players": ["555v55", "Webby47_"], "log": "|j|\u2606555v55\n|j|\u2606Webby47_\n|t:|1781406463\n|gametype|singles\n|player|p1|555v55|iris|2046\n|player|p2|Webby47_|1|2076\n|gen|9\n|tier|[Gen 9] Random Battle\n|rated|\n|rule|Species Clause: Limit one of each Pok\u00e9mon\n|rule|HP Percentage Mod: HP is shown in percentages\n|rule|Sleep Clause Mod: Limit one foe put to sleep\n|rule|Illusion Level Mod: Illusion disguises the Pok\u00e9mon's true level\n|\n|t:|1781406463\n|teamsize|p1|6\n|teamsize|p2|6\n|start\n|switch|p1a: Oricorio|Oricorio, L84, M|263/263\n|switch|p2a: Florges|Florges-Yellow, L85, F|271/271\n|turn|1\n|inactive|Battle timer is ON: inactive players will automatically lose when time's up. (requested by 555v55)\n|\n|t:|1781406488\n|switch|p1a: Dialga|Dialga, L73|266/266\n|-ability|p1a: Dialga|Pressure\n|switch|p2a: Archaludon|Archaludon, L78, F|268/268\n|\n|upkeep\n|turn|2\n|\n|t:|1781406500\n|move|p2a: Archaludon|Swords Dance|p2a: Archaludon\n|-boost|p2a: Archaludon|atk|2\n|move|p1a: Dialga|Dragon Tail|p2a: Archaludon\n|-damage|p2a: Archaludon|225/268\n|-ability|p2a: Archaludon|Stamina|boost\n|-boost|p2a: Archaludon|def|1\n|drag|p2a: Florges|Florges-Yellow, L85, F|271/271\n|\n|upkeep\n|turn|3\n|\n|t:|1781406515\n|switch|p2a: Giratina|Giratina, L75|349/349\n|-ability|p2a: Giratina|Pressure\n|move|p1a: Dialga|Heavy Slam|p2a: Giratina\n|-damage|p2a: Giratina|310/349\n|\n|-heal|p2a: Giratina|331/349|[from] item: Leftovers\n|upkeep\n|turn|4\n|\n|t:|1781406526\n|move|p2a: Giratina|Will-O-Wisp|p1a: Dialga\n|-status|p1a: Dialga|brn\n|move|p1a: Dialga|Draco Meteor|p2a: Giratina\n|-supereffective|p2a: Giratina\n|-damage|p2a: Giratina|61/349\n|-unboost|p1a: Dialga|spa|2\n|\n|-heal|p2a: Giratina|82/349|[from] item: Leftovers\n|-damage|p1a: Dialga|250/266 brn|[from] brn\n|upkeep\n|turn|5\n|\n|t:|1781406543\n|move|p2a: Giratina|Rest|p2a: Giratina\n|-status|p2a: Giratina|slp|[from] move: Rest\n|-heal|p2a: Giratina|349/349 slp|[silent]\n|move|p1a: Dialga|Draco Meteor|p2a: Giratina\n|-supereffective|p2a: Giratina\n|-damage|p2a: Giratina|221/349 slp\n|-unboost|p1a: Dialga|spa|2\n|\n|-heal|p2a: Giratina|242/349 slp|[from] item: Leftovers\n|-damage|p1a: Dialga|234/266 brn|[from] brn\n|upkeep\n|turn|6\n|\n|t:|1781406561\n|switch|p1a: Conkeldurr|Conkeldurr, L80, M|299/299\n|cant|p2a: Giratina|slp\n|move|p2a: Giratina|Sleep Talk|p2a: Giratina\n|move|p2a: Giratina|Rest||[from] move: Sleep Talk|[still]\n|-fail|p2a: Giratina\n|\n|-heal|p2a: Giratina|263/349 slp|[from] item: Leftovers\n|-status|p1a: Conkeldurr|brn|[from] item: Flame Orb\n|upkeep\n|turn|7\n|\n|t:|1781406566\n|cant|p2a: Giratina|slp\n|move|p2a: Giratina|Sleep Talk|p2a: Giratina\n|move|p2a: Giratina|Shadow Ball|p1a: Conkeldurr|[from] move: Sleep Talk\n|-damage|p1a: Conkeldurr|202/299 brn\n|move|p1a: Conkeldurr|Knock Off|p2a: Giratina\n|-supereffective|p2a: Giratina\n|-damage|p2a: Giratina|55/349 slp\n|-enditem|p2a: Giratina|Leftovers|[from] move: Knock Off|[of] p1a: Conkeldurr\n|\n|-damage|p1a: Conkeldurr|184/299 brn|[from] brn\n|upkeep\n|turn|8\n|\n|t:|1781406572\n|-curestatus|p2a: Giratina|slp|[msg]\n|move|p2a: Giratina|Shadow Ball|p1a: Conkeldurr\n|-damage|p1a: Conkeldurr|94/299 brn\n|move|p1a: Conkeldurr|Knock Off|p2a: Giratina\n|-supereffective|p2a: Giratina\n|-damage|p2a: Giratina|0 fnt\n|faint|p2a: Giratina\n|\n|-damage|p1a: Conkeldurr|76/299 brn|[from] brn\n|upkeep\n|\n|t:|1781406583\n|switch|p2a: Florges|Florges-Yellow, L85, F|271/271\n|turn|9\n|\n|t:|1781406587\n|move|p2a: Florges|Moonblast|p1a: Conkeldurr\n|-supereffective|p1a: Conkeldurr\n|-damage|p1a: Conkeldurr|0 fnt\n|faint|p1a: Conkeldurr\n|\n|upkeep\n|\n|t:|1781406602\n|switch|p1a: Swampert|Swampert, L83, F|302/302\n|turn|10\n|\n|t:|1781406607\n|move|p2a: Florges|Moonblast|p1a: Swampert\n|-damage|p1a: Swampert|181/302\n|move|p1a: Swampert|Earthquake|p2a: Florges\n|-damage|p2a: Florges|121/271\n|\n|-heal|p2a: Florges|137/271|[from] item: Leftovers\n|-heal|p1a: Swampert|199/302|[from] item: Leftovers\n|upkeep\n|turn|11\n|\n|t:|1781406611\n|move|p2a: Florges|Moonblast|p1a: Swampert\n|-damage|p1a: Swampert|73/302\n|-unboost|p1a: Swampert|spa|1\n|move|p1a: Swampert|Earthquake|p2a: Florges\n|-damage|p2a: Florges|0 fnt\n|faint|p2a: Florges\n|\n|-heal|p1a: Swampert|91/302|[from] item: Leftovers\n|upkeep\n|\n|t:|1781406634\n|switch|p2a: Archaludon|Archaludon, L78, F|225/268\n|turn|12\n|\n|t:|1781406641\n|move|p2a: Archaludon|Outrage|p1a: Swampert\n|-damage|p1a: Swampert|0 fnt\n|faint|p1a: Swampert\n|\n|upkeep\n|\n|t:|1781406646\n|switch|p1a: Magmortar|Magmortar, L88, F|275/275\n|turn|13\n|\n|t:|1781406648\n|move|p1a: Magmortar|Will-O-Wisp|p2a: Archaludon\n|-status|p2a: Archaludon|brn\n|-enditem|p2a: Archaludon|Lum Berry|[eat]\n|-curestatus|p2a: Archaludon|brn|[msg]\n|move|p2a: Archaludon|Outrage|p1a: Magmortar|[from] lockedmove\n|-crit|p1a: Magmortar\n|-damage|p1a: Magmortar|68/275\n|\n|upkeep\n|turn|14\n|\n|t:|1781406653\n|move|p1a: Magmortar|Will-O-Wisp|p2a: Archaludon\n|-status|p2a: Archaludon|brn\n|move|p2a: Archaludon|Outrage|p1a: Magmortar|[from] lockedmove\n|-damage|p1a: Magmortar|0 fnt\n|faint|p1a: Magmortar\n|-start|p2a: Archaludon|confusion|[fatigue]\n|\n|-damage|p2a: Archaludon|209/268 brn|[from] brn\n|upkeep\n|\n|t:|1781406665\n|switch|p1a: Oricorio|Oricorio, L84, M|263/263\n|turn|15\n|\n|t:|1781406668\n|switch|p2a: Ribombee|Ribombee, L83, M|235/235\n|move|p1a: Oricorio|Quiver Dance|p1a: Oricorio\n|-boost|p1a: Oricorio|spa|1\n|-boost|p1a: Oricorio|spd|1\n|-boost|p1a: Oricorio|spe|1\n|\n|upkeep\n|turn|16\n|\n|t:|1781406675\n|-terastallize|p2a: Ribombee|Ghost\n|move|p1a: Oricorio|Revelation Dance|p2a: Ribombee\n|-damage|p2a: Ribombee|61/235\n|move|p2a: Ribombee|Stun Spore|p1a: Oricorio|[miss]\n|-miss|p2a: Ribombee|p1a: Oricorio\n|\n|upkeep\n|turn|17\n|\n|t:|1781406683\n|move|p1a: Oricorio|Revelation Dance|p2a: Ribombee\n|-damage|p2a: Ribombee|0 fnt\n|faint|p2a: Ribombee\n|\n|upkeep\n|\n|t:|1781406684\n|switch|p2a: Archaludon|Archaludon, L78, F|235/235\n|turn|18\n|\n|t:|1781406690\n|move|p1a: Oricorio|Revelation Dance|p2a: Archaludon\n|-damage|p2a: Archaludon|43/235\n|replace|p2a: Zoroark|Zoroark, L83, M\n|-end|p2a: Zoroark|Illusion\n|-hint|Illusion Level Mod is active, so this Pok\u00e9mon's true level was hidden.\n|move|p2a: Zoroark|Dark Pulse|p1a: Oricorio\n|-damage|p1a: Oricorio|139/263\n|\n|upkeep\n|turn|19\n|\n|t:|1781406693\n|move|p1a: Oricorio|Revelation Dance|p2a: Zoroark\n|-damage|p2a: Zoroark|0 fnt\n|faint|p2a: Zoroark\n|\n|upkeep\n|-message|Webby47_ forfeited.\n|\n|win|555v55\n", "inputlog": ">version a8376a258c1d4662feba110a92103f3664a72141\n>start {\"formatid\":\"gen9randombattle\",\"seed\":\"sodium,42929c0386ea259c9c8be796fe88201f\",\"rated\":\"Rated battle\"}\n>player p1 {\"name\":\"555v55\",\"avatar\":\"iris\",\"rating\":2046,\"seed\":\"sodium,98ecf864b1127f439c8b2c71a35c997c\"}\n>player p2 {\"name\":\"Webby47_\",\"avatar\":\"1\",\"rating\":2076,\"seed\":\"sodium,99f9e65130e7f8f14b8f846d96c2195a\"}\n>p1 switch 3\n>p2 switch 4\n>p1 move dragontail\n>p2 move swordsdance\n>p1 move heavyslam\n>p2 switch 6\n>p1 move dracometeor\n>p2 move willowisp\n>p1 move dracometeor\n>p2 move rest\n>p1 switch 4\n>p2 move sleeptalk\n>p1 move knockoff\n>p2 move sleeptalk\n>p1 move knockoff\n>p2 move shadowball\n>p2 switch 6\n>p1 move facade\n>p2 move moonblast\n>p1 switch 5\n>p1 move earthquake\n>p2 move moonblast\n>p1 move earthquake\n>p2 move moonblast\n>p2 switch 4\n>p1 move earthquake\n>p2 move outrage\n>p1 switch 6\n>p1 move willowisp\n>p2 move outrage\n>p1 move willowisp\n>p2 move outrage\n>p1 switch 3\n>p1 move quiverdance\n>p2 switch 3\n>p1 move revelationdance\n>p2 move stunspore terastallize\n>p1 move revelationdance\n>p2 move stunspore\n>p2 switch 5\n>p1 move revelationdance\n>p2 move darkpulse\n>p1 move revelationdance\n>p2 move darkpulse\n>forcelose p2", "uploadtime": 1781406465, "views": 7, "formatid": "gen9randombattle", "rating": null, "private": 0, "password": null}