{"id": "gen9randombattle-2631980574", "format": "[Gen 9] Random Battle", "players": ["pipisniperz", "Jefejenaro"], "log": "|j|\u2606pipisniperz\n|j|\u2606Jefejenaro\n|t:|1781462346\n|gametype|singles\n|player|p1|pipisniperz|2|1969\n|player|p2|Jefejenaro|wallace|2030\n|gen|9\n|tier|[Gen 9] Random Battle\n|rated|\n|rule|Species Clause: Limit one of each Pok\u00e9mon\n|rule|HP Percentage Mod: HP is shown in percentages\n|rule|Sleep Clause Mod: Limit one foe put to sleep\n|rule|Illusion Level Mod: Illusion disguises the Pok\u00e9mon's true level\n|\n|t:|1781462346\n|teamsize|p1|6\n|teamsize|p2|6\n|start\n|switch|p1a: Politoed|Politoed, L88, M|302/302\n|switch|p2a: Seviper|Seviper, L93, M|287/287\n|-weather|RainDance|[from] ability: Drizzle|[of] p1a: Politoed\n|turn|1\n|\n|t:|1781462359\n|switch|p2a: Scream Tail|Scream Tail, L84|330/330\n|move|p1a: Politoed|Hydro Pump|p2a: Scream Tail|[miss]\n|-miss|p1a: Politoed|p2a: Scream Tail\n|\n|-weather|RainDance|[upkeep]\n|upkeep\n|turn|2\n|\n|t:|1781462375\n|switch|p1a: Greedent|Greedent, L86, F|347/347\n|move|p2a: Scream Tail|Wish|p2a: Scream Tail\n|\n|-weather|RainDance|[upkeep]\n|upkeep\n|turn|3\n|\n|t:|1781462387\n|-end|p2a: Scream Tail|Protosynthesis|[silent]\n|switch|p2a: Incineroar|Incineroar, L82, F|290/290\n|-ability|p2a: Incineroar|Intimidate|boost\n|-unboost|p1a: Greedent|atk|1\n|move|p1a: Greedent|Knock Off|p2a: Incineroar\n|-resisted|p2a: Incineroar\n|-damage|p2a: Incineroar|268/290\n|-enditem|p2a: Incineroar|Assault Vest|[from] move: Knock Off|[of] p1a: Greedent\n|\n|-weather|RainDance|[upkeep]\n|-heal|p2a: Incineroar|290/290|[from] move: Wish|[wisher] Scream Tail\n|upkeep\n|turn|4\n|inactive|Battle timer is ON: inactive players will automatically lose when time's up. (requested by Jefejenaro)\n|\n|t:|1781462407\n|switch|p1a: Ribombee|Ribombee, L83, M|235/235\n|move|p2a: Incineroar|Knock Off|p1a: Ribombee\n|-resisted|p1a: Ribombee\n|-damage|p1a: Ribombee|160/235\n|-enditem|p1a: Ribombee|Heavy-Duty Boots|[from] move: Knock Off|[of] p2a: Incineroar\n|\n|-weather|RainDance|[upkeep]\n|upkeep\n|turn|5\n|\n|t:|1781462419\n|move|p1a: Ribombee|Sticky Web|p2a: Incineroar\n|-sidestart|p2: Jefejenaro|move: Sticky Web\n|move|p2a: Incineroar|Overheat|p1a: Ribombee\n|-supereffective|p1a: Ribombee\n|-damage|p1a: Ribombee|40/235\n|-unboost|p2a: Incineroar|spa|2\n|\n|-weather|none\n|upkeep\n|turn|6\n|\n|t:|1781462426\n|move|p1a: Ribombee|Moonblast|p2a: Incineroar\n|-damage|p2a: Incineroar|190/290\n|move|p2a: Incineroar|Knock Off|p1a: Ribombee\n|-resisted|p1a: Ribombee\n|-damage|p1a: Ribombee|0 fnt\n|faint|p1a: Ribombee\n|\n|upkeep\n|\n|t:|1781462434\n|switch|p1a: Politoed|Politoed, L88, M|302/302\n|-weather|RainDance|[from] ability: Drizzle|[of] p1a: Politoed\n|turn|7\n|\n|t:|1781462441\n|switch|p2a: Swanna|Swanna, L89, M|278/278\n|move|p1a: Politoed|Weather Ball|p2a: Swanna\n|-resisted|p2a: Swanna\n|-damage|p2a: Swanna|116/278\n|\n|-weather|RainDance|[upkeep]\n|upkeep\n|turn|8\n|\n|t:|1781462450\n|move|p2a: Swanna|Roost|p2a: Swanna\n|-heal|p2a: Swanna|255/278\n|-singleturn|p2a: Swanna|move: Roost\n|move|p1a: Politoed|Weather Ball|p2a: Swanna\n|-resisted|p2a: Swanna\n|-damage|p2a: Swanna|96/278\n|\n|-weather|RainDance|[upkeep]\n|upkeep\n|turn|9\n|\n|t:|1781462456\n|-terastallize|p1a: Politoed|Water\n|move|p2a: Swanna|Roost|p2a: Swanna\n|-heal|p2a: Swanna|235/278\n|-singleturn|p2a: Swanna|move: Roost\n|move|p1a: Politoed|Weather Ball|p2a: Swanna\n|-resisted|p2a: Swanna\n|-damage|p2a: Swanna|37/278\n|\n|-weather|RainDance|[upkeep]\n|upkeep\n|turn|10\n|\n|t:|1781462470\n|move|p2a: Swanna|Defog|p1a: Politoed\n|-unboost|p1a: Politoed|evasion|1\n|-sideend|p2: Jefejenaro|Sticky Web|[from] move: Defog|[of] p2a: Swanna\n|move|p1a: Politoed|Weather Ball|p2a: Swanna\n|-resisted|p2a: Swanna\n|-damage|p2a: Swanna|0 fnt\n|faint|p2a: Swanna\n|\n|-weather|RainDance|[upkeep]\n|upkeep\n|\n|t:|1781462479\n|switch|p2a: Frosmoth|Frosmoth, L82, F|249/249\n|turn|11\n|\n|t:|1781462488\n|switch|p1a: Greedent|Greedent, L86, F|347/347\n|move|p2a: Frosmoth|Quiver Dance|p2a: Frosmoth\n|-boost|p2a: Frosmoth|spa|1\n|-boost|p2a: Frosmoth|spd|1\n|-boost|p2a: Frosmoth|spe|1\n|\n|-weather|none\n|upkeep\n|turn|12\n|\n|t:|1781462498\n|switch|p2a: Incineroar|Incineroar, L82, F|190/290\n|-ability|p2a: Incineroar|Intimidate|boost\n|-unboost|p1a: Greedent|atk|1\n|move|p1a: Greedent|Double-Edge|p2a: Incineroar\n|-damage|p2a: Incineroar|109/290\n|-damage|p1a: Greedent|320/347|[from] Recoil\n|\n|upkeep\n|turn|13\n|\n|t:|1781462504\n|switch|p1a: Virizion|Virizion, L82|283/283\n|move|p2a: Incineroar|Knock Off|p1a: Virizion\n|-resisted|p1a: Virizion\n|-damage|p1a: Virizion|217/283\n|-ability|p1a: Virizion|Justified|boost\n|-boost|p1a: Virizion|atk|1\n|-enditem|p1a: Virizion|Life Orb|[from] move: Knock Off|[of] p2a: Incineroar\n|\n|upkeep\n|turn|14\n|\n|t:|1781462525\n|switch|p2a: Scream Tail|Scream Tail, L84|330/330\n|move|p1a: Virizion|Stone Edge|p2a: Scream Tail|[miss]\n|-miss|p1a: Virizion|p2a: Scream Tail\n|\n|upkeep\n|turn|15\n|\n|t:|1781462531\n|move|p2a: Scream Tail|Dazzling Gleam|p1a: Virizion\n|-supereffective|p1a: Virizion\n|-damage|p1a: Virizion|131/283\n|move|p1a: Virizion|Leaf Blade|p2a: Scream Tail\n|-damage|p2a: Scream Tail|209/330\n|\n|-heal|p2a: Scream Tail|229/330|[from] item: Leftovers\n|upkeep\n|turn|16\n|\n|t:|1781462540\n|move|p2a: Scream Tail|Dazzling Gleam|p1a: Virizion\n|-supereffective|p1a: Virizion\n|-damage|p1a: Virizion|41/283\n|move|p1a: Virizion|Leaf Blade|p2a: Scream Tail\n|-damage|p2a: Scream Tail|121/330\n|\n|-heal|p2a: Scream Tail|141/330|[from] item: Leftovers\n|upkeep\n|turn|17\n|\n|t:|1781462552\n|switch|p1a: Greedent|Greedent, L86, F|320/347\n|move|p2a: Scream Tail|Dazzling Gleam|p1a: Greedent\n|-damage|p1a: Greedent|248/347\n|\n|-heal|p2a: Scream Tail|161/330|[from] item: Leftovers\n|upkeep\n|turn|18\n|\n|t:|1781462573\n|move|p2a: Scream Tail|Protect|p2a: Scream Tail\n|-singleturn|p2a: Scream Tail|Protect\n|move|p1a: Greedent|Earthquake|p2a: Scream Tail\n|-activate|p2a: Scream Tail|move: Protect\n|\n|-heal|p2a: Scream Tail|181/330|[from] item: Leftovers\n|upkeep\n|turn|19\n|\n|t:|1781462590\n|-end|p2a: Scream Tail|Protosynthesis|[silent]\n|switch|p2a: Incineroar|Incineroar, L82, F|109/290\n|-ability|p2a: Incineroar|Intimidate|boost\n|-unboost|p1a: Greedent|atk|1\n|move|p1a: Greedent|Double-Edge|p2a: Incineroar\n|-damage|p2a: Incineroar|19/290\n|-damage|p1a: Greedent|218/347|[from] Recoil\n|\n|upkeep\n|turn|20\n|\n|t:|1781462596\n|switch|p1a: Virizion|Virizion, L82|41/283\n|move|p2a: Incineroar|U-turn|p1a: Virizion\n|-damage|p1a: Virizion|0 fnt\n|faint|p1a: Virizion\n|\n|t:|1781462602\n|switch|p2a: Scream Tail|Scream Tail, L84|181/330|[from] U-turn\n|\n|-heal|p2a: Scream Tail|201/330|[from] item: Leftovers\n|upkeep\n|\n|t:|1781462605\n|switch|p1a: Greedent|Greedent, L86, F|218/347\n|turn|21\n|\n|t:|1781462611\n|move|p2a: Scream Tail|Protect|p2a: Scream Tail\n|-singleturn|p2a: Scream Tail|Protect\n|move|p1a: Greedent|Double-Edge|p2a: Scream Tail\n|-activate|p2a: Scream Tail|move: Protect\n|\n|-heal|p2a: Scream Tail|221/330|[from] item: Leftovers\n|upkeep\n|turn|22\n|\n|t:|1781462623\n|move|p2a: Scream Tail|Wish|p2a: Scream Tail\n|move|p1a: Greedent|Double-Edge|p2a: Scream Tail\n|-damage|p2a: Scream Tail|98/330\n|-damage|p1a: Greedent|177/347|[from] Recoil\n|\n|-heal|p2a: Scream Tail|118/330|[from] item: Leftovers\n|upkeep\n|turn|23\n|\n|t:|1781462630\n|move|p2a: Scream Tail|Protect|p2a: Scream Tail\n|-singleturn|p2a: Scream Tail|Protect\n|move|p1a: Greedent|Knock Off|p2a: Scream Tail\n|-activate|p2a: Scream Tail|move: Protect\n|\n|-heal|p2a: Scream Tail|283/330|[from] move: Wish|[wisher] Scream Tail\n|-heal|p2a: Scream Tail|303/330|[from] item: Leftovers\n|upkeep\n|turn|24\n|\n|t:|1781462648\n|move|p2a: Scream Tail|Protect||[still]\n|-fail|p2a: Scream Tail\n|move|p1a: Greedent|Double-Edge|p2a: Scream Tail\n|-damage|p2a: Scream Tail|189/330\n|-damage|p1a: Greedent|139/347|[from] Recoil\n|-enditem|p1a: Greedent|Sitrus Berry|[eat]\n|-heal|p1a: Greedent|225/347|[from] item: Sitrus Berry\n|-heal|p1a: Greedent|340/347|[from] ability: Cheek Pouch\n|\n|-heal|p2a: Scream Tail|209/330|[from] item: Leftovers\n|upkeep\n|turn|25\n|\n|t:|1781462653\n|move|p2a: Scream Tail|Wish|p2a: Scream Tail\n|move|p1a: Greedent|Knock Off|p2a: Scream Tail\n|-damage|p2a: Scream Tail|144/330\n|-enditem|p2a: Scream Tail|Leftovers|[from] move: Knock Off|[of] p1a: Greedent\n|\n|upkeep\n|turn|26\n|\n|t:|1781462660\n|move|p2a: Scream Tail|Protect|p2a: Scream Tail\n|-singleturn|p2a: Scream Tail|Protect\n|move|p1a: Greedent|Swords Dance|p1a: Greedent\n|-boost|p1a: Greedent|atk|2\n|\n|-heal|p2a: Scream Tail|309/330|[from] move: Wish|[wisher] Scream Tail\n|upkeep\n|turn|27\n|\n|t:|1781462664\n|move|p2a: Scream Tail|Encore|p1a: Greedent\n|-start|p1a: Greedent|Encore\n|move|p1a: Greedent|Swords Dance|p1a: Greedent\n|-boost|p1a: Greedent|atk|2\n|\n|upkeep\n|turn|28\n|\n|t:|1781462671\n|switch|p1a: Politoed|Politoed, L88, M, tera:Water|302/302\n|-weather|RainDance|[from] ability: Drizzle|[of] p1a: Politoed\n|move|p2a: Scream Tail|Dazzling Gleam|p1a: Politoed\n|-damage|p1a: Politoed|245/302\n|\n|-weather|RainDance|[upkeep]\n|upkeep\n|turn|29\n|\n|t:|1781462685\n|move|p2a: Scream Tail|Protect|p2a: Scream Tail\n|-singleturn|p2a: Scream Tail|Protect\n|move|p1a: Politoed|Weather Ball|p2a: Scream Tail\n|-activate|p2a: Scream Tail|move: Protect\n|\n|-weather|RainDance|[upkeep]\n|upkeep\n|turn|30\n|\n|t:|1781462692\n|move|p2a: Scream Tail|Wish|p2a: Scream Tail\n|move|p1a: Politoed|Weather Ball|p2a: Scream Tail\n|-damage|p2a: Scream Tail|39/330\n|\n|-weather|RainDance|[upkeep]\n|upkeep\n|turn|31\n|\n|t:|1781462696\n|switch|p1a: Greedent|Greedent, L86, F|340/347\n|move|p2a: Scream Tail|Protect||[still]\n|-fail|p2a: Scream Tail\n|\n|-weather|RainDance|[upkeep]\n|-heal|p2a: Scream Tail|204/330|[from] move: Wish|[wisher] Scream Tail\n|upkeep\n|turn|32\n|\n|t:|1781462703\n|move|p2a: Scream Tail|Wish|p2a: Scream Tail\n|move|p1a: Greedent|Swords Dance|p1a: Greedent\n|-boost|p1a: Greedent|atk|2\n|\n|-weather|none\n|upkeep\n|turn|33\n|\n|t:|1781462708\n|switch|p1a: Politoed|Politoed, L88, M, tera:Water|245/302\n|-weather|RainDance|[from] ability: Drizzle|[of] p1a: Politoed\n|move|p2a: Scream Tail|Encore||[still]\n|-fail|p2a: Scream Tail\n|\n|-weather|RainDance|[upkeep]\n|-heal|p2a: Scream Tail|330/330|[from] move: Wish|[wisher] Scream Tail\n|upkeep\n|turn|34\n|\n|t:|1781462731\n|move|p2a: Scream Tail|Wish|p2a: Scream Tail\n|move|p1a: Politoed|Hydro Pump|p2a: Scream Tail\n|-damage|p2a: Scream Tail|56/330\n|\n|-weather|RainDance|[upkeep]\n|upkeep\n|turn|35\n|\n|t:|1781462738\n|move|p2a: Scream Tail|Protect|p2a: Scream Tail\n|-singleturn|p2a: Scream Tail|Protect\n|move|p1a: Politoed|Hydro Pump|p2a: Scream Tail\n|-activate|p2a: Scream Tail|move: Protect\n|\n|-weather|RainDance|[upkeep]\n|-heal|p2a: Scream Tail|221/330|[from] move: Wish|[wisher] Scream Tail\n|upkeep\n|turn|36\n|\n|t:|1781462755\n|-end|p2a: Scream Tail|Protosynthesis|[silent]\n|switch|p2a: Incineroar|Incineroar, L82, F|19/290\n|-ability|p2a: Incineroar|Intimidate|boost\n|-unboost|p1a: Politoed|atk|1\n|move|p1a: Politoed|Hydro Pump|p2a: Incineroar\n|-supereffective|p2a: Incineroar\n|-damage|p2a: Incineroar|0 fnt\n|faint|p2a: Incineroar\n|\n|-weather|RainDance|[upkeep]\n|upkeep\n|\n|t:|1781462766\n|switch|p2a: Frosmoth|Frosmoth, L82, F|249/249\n|turn|37\n|\n|t:|1781462769\n|switch|p1a: Greedent|Greedent, L86, F|340/347\n|move|p2a: Frosmoth|Quiver Dance|p2a: Frosmoth\n|-boost|p2a: Frosmoth|spa|1\n|-boost|p2a: Frosmoth|spd|1\n|-boost|p2a: Frosmoth|spe|1\n|\n|-weather|none\n|upkeep\n|turn|38\n|\n|t:|1781462788\n|move|p2a: Frosmoth|Ice Beam|p1a: Greedent\n|-damage|p1a: Greedent|156/347\n|move|p1a: Greedent|Double-Edge|p2a: Frosmoth\n|-damage|p2a: Frosmoth|69/249\n|-damage|p1a: Greedent|97/347|[from] Recoil\n|\n|upkeep\n|turn|39\n|inactive|Jefejenaro has 120 seconds left.\n|\n|t:|1781462815\n|move|p2a: Frosmoth|Ice Beam|p1a: Greedent\n|-damage|p1a: Greedent|0 fnt\n|faint|p1a: Greedent\n|\n|upkeep\n|\n|t:|1781462818\n|switch|p1a: Barraskewda|Barraskewda, L81, M|231/231\n|turn|40\n|\n|t:|1781462831\n|move|p1a: Barraskewda|Flip Turn|p2a: Frosmoth\n|-damage|p2a: Frosmoth|0 fnt\n|faint|p2a: Frosmoth\n|\n|t:|1781462837\n|switch|p1a: Politoed|Politoed, L88, M, tera:Water|245/302|[from] Flip Turn\n|-weather|RainDance|[from] ability: Drizzle|[of] p1a: Politoed\n|\n|-weather|RainDance|[upkeep]\n|upkeep\n|inactive|Jefejenaro has 120 seconds left.\n|\n|t:|1781462881\n|switch|p2a: Seviper|Seviper, L93, M|287/287\n|turn|41\n|\n|t:|1781462892\n|-terastallize|p2a: Seviper|Grass\n|move|p2a: Seviper|Giga Drain|p1a: Politoed\n|-supereffective|p1a: Politoed\n|-damage|p1a: Politoed|8/302\n|-damage|p2a: Seviper|259/287|[from] item: Life Orb\n|move|p1a: Politoed|Weather Ball|p2a: Seviper\n|-resisted|p2a: Seviper\n|-damage|p2a: Seviper|54/287\n|\n|-weather|RainDance|[upkeep]\n|upkeep\n|turn|42\n|\n|t:|1781462902\n|switch|p1a: Spectrier|Spectrier, L75|274/274\n|move|p2a: Seviper|Giga Drain|p1a: Spectrier\n|-damage|p1a: Spectrier|110/274\n|-heal|p2a: Seviper|136/287|[from] drain|[of] p1a: Spectrier\n|-damage|p2a: Seviper|108/287|[from] item: Life Orb\n|\n|-weather|RainDance|[upkeep]\n|-heal|p1a: Spectrier|127/274|[from] item: Leftovers\n|upkeep\n|turn|43\n|\n|t:|1781462909\n|switch|p2a: Kingambit|Kingambit, L74, M|270/270\n|-activate|p2a: Kingambit|ability: Supreme Overlord\n|-start|p2a: Kingambit|fallen3|[silent]\n|move|p1a: Spectrier|Shadow Ball|p2a: Kingambit\n|-resisted|p2a: Kingambit\n|-damage|p2a: Kingambit|217/270\n|\n|-weather|RainDance|[upkeep]\n|-heal|p1a: Spectrier|144/274|[from] item: Leftovers\n|-heal|p2a: Kingambit|233/270|[from] item: Leftovers\n|upkeep\n|turn|44\n|\n|t:|1781462931\n|move|p1a: Spectrier|Shadow Ball|p2a: Kingambit\n|-resisted|p2a: Kingambit\n|-damage|p2a: Kingambit|174/270\n|-unboost|p2a: Kingambit|spd|1\n|move|p2a: Kingambit|Kowtow Cleave|p1a: Spectrier\n|-supereffective|p1a: Spectrier\n|-damage|p1a: Spectrier|0 fnt\n|faint|p1a: Spectrier\n|\n|-weather|none\n|-heal|p2a: Kingambit|190/270|[from] item: Leftovers\n|upkeep\n|\n|t:|1781462938\n|switch|p1a: Politoed|Politoed, L88, M, tera:Water|8/302\n|-weather|RainDance|[from] ability: Drizzle|[of] p1a: Politoed\n|turn|45\n|\n|t:|1781462940\n|move|p2a: Kingambit|Sucker Punch|p1a: Politoed\n|-damage|p1a: Politoed|0 fnt\n|faint|p1a: Politoed\n|\n|-weather|RainDance|[upkeep]\n|-heal|p2a: Kingambit|206/270|[from] item: Leftovers\n|upkeep\n|\n|t:|1781462942\n|switch|p1a: Barraskewda|Barraskewda, L81, M|231/231\n|turn|46\n|\n|t:|1781462944\n|move|p1a: Barraskewda|Waterfall|p2a: Kingambit\n|-damage|p2a: Kingambit|29/270\n|move|p2a: Kingambit|Kowtow Cleave|p1a: Barraskewda\n|-damage|p1a: Barraskewda|57/231\n|\n|-weather|RainDance|[upkeep]\n|-heal|p2a: Kingambit|45/270|[from] item: Leftovers\n|upkeep\n|turn|47\n|\n|t:|1781462952\n|move|p2a: Kingambit|Sucker Punch|p1a: Barraskewda\n|-damage|p1a: Barraskewda|0 fnt\n|faint|p1a: Barraskewda\n|\n|win|Jefejenaro\n", "inputlog": ">version a8376a258c1d4662feba110a92103f3664a72141\n>start {\"formatid\":\"gen9randombattle\",\"seed\":\"sodium,1d735d2f9a78ed25a3ef7a1a8a88d4af\",\"rated\":\"Rated battle\"}\n>player p1 {\"name\":\"pipisniperz\",\"avatar\":\"2\",\"rating\":1969,\"seed\":\"sodium,14e2fe270f6820edd1b292148667b62e\"}\n>player p2 {\"name\":\"Jefejenaro\",\"avatar\":\"wallace\",\"rating\":2030,\"seed\":\"sodium,0ca4bab44d3ef476667809f51d19a774\"}\n>p1 move hydropump\n>p2 switch 4\n>p1 switch 5\n>p2 move wish\n>p1 move knockoff\n>p2 switch 3\n>p1 switch 6\n>p2 move knockoff\n>p1 move stickyweb\n>p2 move overheat\n>p1 move moonblast\n>p2 move knockoff\n>p1 switch 5\n>p1 move weatherball\n>p2 switch 5\n>p1 move weatherball\n>p2 move roost\n>p1 move weatherball terastallize\n>p2 move roost\n>p1 move weatherball\n>p2 move defog\n>p2 switch 6\n>p1 switch 6\n>p2 move quiverdance\n>p1 move doubleedge\n>p2 switch 5\n>p1 switch 2\n>p2 move knockoff\n>p1 move stoneedge\n>p2 switch 3\n>p1 move leafblade\n>p2 move dazzlinggleam\n>p1 move leafblade\n>p2 move dazzlinggleam\n>p1 switch 2\n>p2 move dazzlinggleam\n>p1 move earthquake\n>p2 move protect\n>p1 move doubleedge\n>p2 switch 3\n>p1 switch 2\n>p2 move uturn\n>p2 switch 3\n>p1 switch 2\n>p1 move doubleedge\n>p2 move protect\n>p1 move doubleedge\n>p2 move wish\n>p1 move knockoff\n>p2 move protect\n>p1 move doubleedge\n>p2 move protect\n>p1 move knockoff\n>p2 move wish\n>p1 move swordsdance\n>p2 move protect\n>p1 move swordsdance\n>p2 move encore\n>p1 switch 6\n>p2 move dazzlinggleam\n>p1 move weatherball\n>p2 move protect\n>p1 move weatherball\n>p2 move wish\n>p1 switch 6\n>p2 move protect\n>p1 move swordsdance\n>p2 move wish\n>p1 switch 6\n>p2 move encore\n>p1 move hydropump\n>p2 move wish\n>p1 move hydropump\n>p2 move protect\n>p1 move hydropump\n>p2 switch 3\n>p2 switch 5\n>p1 switch 6\n>p2 move quiverdance\n>p1 move doubleedge\n>p2 move icebeam\n>p1 move doubleedge\n>p2 move icebeam\n>p1 switch 3\n>p1 move flipturn\n>p2 move gigadrain\n>p1 switch 6\n>p2 switch 4\n>p1 move weatherball\n>p2 move gigadrain terastallize\n>p1 switch 4\n>p2 move gigadrain\n>p1 move shadowball\n>p2 switch 2\n>p1 move shadowball\n>p2 move kowtowcleave\n>p1 switch 4\n>p1 move weatherball\n>p2 move suckerpunch\n>p1 switch 6\n>p1 move waterfall\n>p2 move kowtowcleave\n>p1 move waterfall\n>p2 move suckerpunch", "uploadtime": 1781462348, "views": 7, "formatid": "gen9randombattle", "rating": null, "private": 0, "password": null, "player_dets": [{"name": "pipisniperz", "avatar": "2", "rating": 1969, "seed": "sodium,14e2fe270f6820edd1b292148667b62e"}, {"name": "Jefejenaro", "avatar": "wallace", "rating": 2030, "seed": "sodium,0ca4bab44d3ef476667809f51d19a774"}], "teams_full": [{"Politoed": {"name": "Politoed", "species": "Politoed", "speciesId": "politoed", "gender": "M", "shiny": false, "level": 88, "moves": ["weatherball", "hydropump", "focusblast", "icebeam"], "ability": "Drizzle", "evs": {"hp": 85, "atk": 0, "def": 85, "spa": 85, "spd": 85, "spe": 85}, "ivs": {"hp": 31, "atk": 0, "def": 31, "spa": 31, "spd": 31, "spe": 31}, "item": "Choice Specs", "teraType": "Water", "role": "Fast Attacker", "bvs": {"hp": 90, "atk": 75, "def": 75, "spa": 90, "spd": 100, "spe": 70}, "stats": {"hp": 302, "atk": 137, "def": 182, "spa": 209, "spd": 226, "spe": 173}, "types": ["Water"]}, "Virizion": {"name": "Virizion", "species": "Virizion", "speciesId": "virizion", "gender": "N", "shiny": false, "level": 82, "moves": ["leafblade", "swordsdance", "closecombat", "stoneedge"], "ability": "Justified", "evs": {"hp": 85, "atk": 85, "def": 85, "spa": 85, "spd": 85, "spe": 85}, "ivs": {"hp": 31, "atk": 31, "def": 31, "spa": 31, "spd": 31, "spe": 31}, "item": "Life Orb", "teraType": "Rock", "role": "Setup Sweeper", "bvs": {"hp": 91, "atk": 90, "def": 72, "spa": 90, "spd": 129, "spe": 108}, "stats": {"hp": 283, "atk": 195, "def": 165, "spa": 195, "spd": 259, "spe": 224}, "types": ["Grass", "Fighting"]}, "Barraskewda": {"name": "Barraskewda", "species": "Barraskewda", "speciesId": "barraskewda", "gender": "M", "shiny": false, "level": 81, "moves": ["waterfall", "poisonjab", "flipturn", "closecombat"], "ability": "Swift Swim", "evs": {"hp": 85, "atk": 85, "def": 85, "spa": 85, "spd": 85, "spe": 85}, "ivs": {"hp": 31, "atk": 31, "def": 31, "spa": 31, "spd": 31, "spe": 31}, "item": "Choice Band", "teraType": "Fighting", "role": "Wallbreaker", "bvs": {"hp": 61, "atk": 123, "def": 60, "spa": 60, "spd": 50, "spe": 136}, "stats": {"hp": 231, "atk": 246, "def": 144, "spa": 144, "spd": 128, "spe": 267}, "types": ["Water"]}, "Spectrier": {"name": "Spectrier", "species": "Spectrier", "speciesId": "spectrier", "gender": "N", "shiny": false, "level": 75, "moves": ["substitute", "terablast", "nastyplot", "shadowball"], "ability": "Grim Neigh", "evs": {"hp": 85, "atk": 0, "def": 85, "spa": 85, "spd": 85, "spe": 85}, "ivs": {"hp": 31, "atk": 0, "def": 31, "spa": 31, "spd": 31, "spe": 31}, "item": "Leftovers", "teraType": "Fighting", "role": "Tera Blast user", "bvs": {"hp": 100, "atk": 65, "def": 60, "spa": 145, "spd": 80, "spe": 130}, "stats": {"hp": 274, "atk": 102, "def": 134, "spa": 261, "spd": 164, "spe": 239}, "types": ["Ghost"]}, "Greedent": {"name": "Greedent", "species": "Greedent", "speciesId": "greedent", "gender": "F", "shiny": false, "level": 86, "moves": ["earthquake", "swordsdance", "knockoff", "doubleedge"], "ability": "Cheek Pouch", "evs": {"hp": 85, "atk": 85, "def": 85, "spa": 85, "spd": 85, "spe": 85}, "ivs": {"hp": 31, "atk": 31, "def": 31, "spa": 31, "spd": 31, "spe": 31}, "item": "Sitrus Berry", "teraType": "Ghost", "role": "Bulky Setup", "bvs": {"hp": 120, "atk": 95, "def": 95, "spa": 55, "spd": 75, "spe": 20}, "stats": {"hp": 347, "atk": 213, "def": 213, "spa": 144, "spd": 178, "spe": 84}, "types": ["Normal"]}, "Ribombee": {"name": "Ribombee", "species": "Ribombee", "speciesId": "ribombee", "gender": "M", "shiny": false, "level": 83, "moves": ["moonblast", "stunspore", "stickyweb", "bugbuzz"], "ability": "Shield Dust", "evs": {"hp": 85, "atk": 0, "def": 85, "spa": 85, "spd": 85, "spe": 85}, "ivs": {"hp": 31, "atk": 0, "def": 31, "spa": 31, "spd": 31, "spe": 31}, "item": "Heavy-Duty Boots", "teraType": "Ghost", "role": "Fast Support", "bvs": {"hp": 60, "atk": 55, "def": 60, "spa": 95, "spd": 70, "spe": 124}, "stats": {"hp": 235, "atk": 96, "def": 147, "spa": 205, "spd": 164, "spe": 254}, "types": ["Bug", "Fairy"]}}, {"Seviper": {"name": "Seviper", "species": "Seviper", "speciesId": "seviper", "gender": "M", "shiny": false, "level": 93, "moves": ["gunkshot", "gigadrain", "glare", "knockoff"], "ability": "Infiltrator", "evs": {"hp": 85, "atk": 85, "def": 85, "spa": 85, "spd": 85, "spe": 85}, "ivs": {"hp": 31, "atk": 31, "def": 31, "spa": 31, "spd": 31, "spe": 31}, "item": "Life Orb", "teraType": "Grass", "role": "Fast Attacker", "bvs": {"hp": 73, "atk": 100, "def": 60, "spa": 100, "spd": 60, "spe": 65}, "stats": {"hp": 287, "atk": 239, "def": 164, "spa": 239, "spd": 164, "spe": 174}, "types": ["Poison"]}, "Kingambit": {"name": "Kingambit", "species": "Kingambit", "speciesId": "kingambit", "gender": "M", "shiny": false, "level": 74, "moves": ["swordsdance", "suckerpunch", "ironhead", "kowtowcleave"], "ability": "Supreme Overlord", "evs": {"hp": 85, "atk": 85, "def": 85, "spa": 85, "spd": 85, "spe": 85}, "ivs": {"hp": 31, "atk": 31, "def": 31, "spa": 31, "spd": 31, "spe": 31}, "item": "Leftovers", "teraType": "Flying", "role": "Bulky Attacker", "bvs": {"hp": 100, "atk": 135, "def": 120, "spa": 60, "spd": 85, "spe": 50}, "stats": {"hp": 270, "atk": 243, "def": 221, "spa": 132, "spd": 169, "spe": 117}, "types": ["Dark", "Steel"]}, "Incineroar": {"name": "Incineroar", "species": "Incineroar", "speciesId": "incineroar", "gender": "F", "shiny": false, "level": 82, "moves": ["closecombat", "overheat", "uturn", "knockoff"], "ability": "Intimidate", "evs": {"hp": 85, "atk": 85, "def": 85, "spa": 85, "spd": 85, "spe": 85}, "ivs": {"hp": 31, "atk": 31, "def": 31, "spa": 31, "spd": 31, "spe": 31}, "item": "Assault Vest", "teraType": "Fighting", "role": "AV Pivot", "bvs": {"hp": 95, "atk": 115, "def": 90, "spa": 80, "spd": 90, "spe": 60}, "stats": {"hp": 290, "atk": 236, "def": 195, "spa": 178, "spd": 195, "spe": 146}, "types": ["Fire", "Dark"]}, "Scream Tail": {"name": "Scream Tail", "species": "Scream Tail", "speciesId": "screamtail", "gender": "N", "shiny": false, "level": 84, "moves": ["wish", "dazzlinggleam", "protect", "encore"], "ability": "Protosynthesis", "evs": {"hp": 85, "atk": 0, "def": 85, "spa": 85, "spd": 85, "spe": 85}, "ivs": {"hp": 31, "atk": 0, "def": 31, "spa": 31, "spd": 31, "spe": 31}, "item": "Leftovers", "teraType": "Steel", "role": "Bulky Attacker", "bvs": {"hp": 115, "atk": 65, "def": 99, "spa": 65, "spd": 115, "spe": 111}, "stats": {"hp": 330, "atk": 114, "def": 215, "spa": 157, "spd": 241, "spe": 235}, "types": ["Fairy", "Psychic"]}, "Swanna": {"name": "Swanna", "species": "Swanna", "speciesId": "swanna", "gender": "M", "shiny": false, "level": 89, "moves": ["bravebird", "roost", "defog", "hydropump"], "ability": "Hydration", "evs": {"hp": 85, "atk": 85, "def": 85, "spa": 85, "spd": 85, "spe": 85}, "ivs": {"hp": 31, "atk": 31, "def": 31, "spa": 31, "spd": 31, "spe": 31}, "item": "Heavy-Duty Boots", "teraType": "Ground", "role": "Bulky Support", "bvs": {"hp": 75, "atk": 87, "def": 63, "spa": 87, "spd": 63, "spe": 98}, "stats": {"hp": 278, "atk": 206, "def": 163, "spa": 206, "spd": 163, "spe": 225}, "types": ["Water", "Flying"]}, "Frosmoth": {"name": "Frosmoth", "species": "Frosmoth", "speciesId": "frosmoth", "gender": "F", "shiny": false, "level": 82, "moves": ["quiverdance", "icebeam", "bugbuzz", "gigadrain"], "ability": "Ice Scales", "evs": {"hp": 85, "atk": 0, "def": 85, "spa": 85, "spd": 85, "spe": 85}, "ivs": {"hp": 31, "atk": 0, "def": 31, "spa": 31, "spd": 31, "spe": 31}, "item": "Heavy-Duty Boots", "teraType": "Water", "role": "Setup Sweeper", "bvs": {"hp": 70, "atk": 65, "def": 60, "spa": 125, "spd": 90, "spe": 65}, "stats": {"hp": 249, "atk": 111, "def": 146, "spa": 252, "spd": 195, "spe": 154}, "types": ["Ice", "Bug"]}}]}