{"id": "gen9randombattle-2631809151", "format": "[Gen 9] Random Battle", "players": ["DianFee", "verlinmerlin"], "log": "|j|\u2606DianFee\n|j|\u2606verlinmerlin\n|t:|1781442798\n|gametype|singles\n|player|p1|DianFee|lucas-gen4pt|1181\n|player|p2|verlinmerlin|266|1134\n|gen|9\n|tier|[Gen 9] Random Battle\n|rated|\n|rule|Species Clause: Limit one of each Pok\u00e9mon\n|rule|HP Percentage Mod: HP is shown in percentages\n|rule|Sleep Clause Mod: Limit one foe put to sleep\n|rule|Illusion Level Mod: Illusion disguises the Pok\u00e9mon's true level\n|\n|t:|1781442798\n|teamsize|p1|6\n|teamsize|p2|6\n|start\n|switch|p1a: Miraidon|Miraidon, L65|238/238\n|switch|p2a: Smeargle|Smeargle, L95, F|258/258\n|-fieldstart|move: Electric Terrain|[from] ability: Hadron Engine|[of] p1a: Miraidon\n|turn|1\n|inactive|Battle timer is ON: inactive players will automatically lose when time's up. (requested by verlinmerlin)\n|\n|t:|1781442813\n|move|p1a: Miraidon|Electro Drift|p2a: Smeargle\n|-damage|p2a: Smeargle|3/258\n|-damage|p1a: Miraidon|215/238|[from] item: Life Orb\n|move|p2a: Smeargle|Shell Smash|p2a: Smeargle\n|-unboost|p2a: Smeargle|def|1\n|-unboost|p2a: Smeargle|spd|1\n|-boost|p2a: Smeargle|atk|2\n|-boost|p2a: Smeargle|spa|2\n|-boost|p2a: Smeargle|spe|2\n|\n|upkeep\n|turn|2\n|\n|t:|1781442827\n|switch|p1a: Abomasnow|Abomasnow, L84, M|287/287\n|-weather|Snowscape|[from] ability: Snow Warning|[of] p1a: Abomasnow\n|move|p2a: Smeargle|Population Bomb|p1a: Abomasnow\n|-damage|p1a: Abomasnow|263/287\n|-damage|p1a: Abomasnow|239/287\n|-damage|p1a: Abomasnow|215/287\n|-damage|p1a: Abomasnow|191/287\n|-damage|p1a: Abomasnow|166/287\n|-damage|p1a: Abomasnow|141/287\n|-damage|p1a: Abomasnow|117/287\n|-damage|p1a: Abomasnow|95/287\n|-damage|p1a: Abomasnow|71/287\n|-damage|p1a: Abomasnow|49/287\n|-hitcount|p1a: Abomasnow|10\n|\n|-weather|Snowscape|[upkeep]\n|upkeep\n|turn|3\n|\n|t:|1781442850\n|move|p2a: Smeargle|Population Bomb|p1a: Abomasnow\n|-damage|p1a: Abomasnow|27/287\n|-damage|p1a: Abomasnow|2/287\n|-damage|p1a: Abomasnow|0 fnt\n|faint|p1a: Abomasnow\n|-hitcount|p1: Abomasnow|3\n|\n|-weather|Snowscape|[upkeep]\n|upkeep\n|\n|t:|1781442864\n|switch|p1a: Mismagius|Mismagius, L86, M|243/243\n|turn|4\n|\n|t:|1781442869\n|move|p2a: Smeargle|Power Trip|p1a: Mismagius\n|-supereffective|p1a: Mismagius\n|-damage|p1a: Mismagius|0 fnt\n|faint|p1a: Mismagius\n|\n|-weather|Snowscape|[upkeep]\n|upkeep\n|\n|t:|1781442881\n|switch|p1a: Jumpluff|Jumpluff, L87, F|271/271\n|turn|5\n|\n|t:|1781442887\n|move|p2a: Smeargle|Population Bomb|p1a: Jumpluff\n|-damage|p1a: Jumpluff|235/271\n|-damage|p1a: Jumpluff|198/271\n|-damage|p1a: Jumpluff|164/271\n|-damage|p1a: Jumpluff|131/271\n|-damage|p1a: Jumpluff|92/271\n|-damage|p1a: Jumpluff|55/271\n|-damage|p1a: Jumpluff|18/271\n|-crit|p1a: Jumpluff\n|-damage|p1a: Jumpluff|0 fnt\n|faint|p1a: Jumpluff\n|-hitcount|p1: Jumpluff|8\n|\n|-weather|Snowscape|[upkeep]\n|-fieldend|move: Electric Terrain\n|upkeep\n|\n|t:|1781442898\n|switch|p1a: Slowbro|Slowbro-Galar, L87, F|307/307\n|turn|6\n|\n|t:|1781442903\n|move|p2a: Smeargle|Power Trip|p1a: Slowbro\n|-supereffective|p1a: Slowbro\n|-damage|p1a: Slowbro|115/307\n|-damage|p2a: Smeargle|0 fnt|[from] item: Rocky Helmet|[of] p1a: Slowbro\n|faint|p2a: Smeargle\n|move|p1a: Slowbro|Psychic|p2: Smeargle|[notarget]\n|-fail|p1a: Slowbro\n|\n|-weather|none\n|upkeep\n|\n|t:|1781442911\n|switch|p2a: Hippowdon|Hippowdon, L82, F|311/311\n|-weather|Sandstorm|[from] ability: Sand Stream|[of] p2a: Hippowdon\n|turn|7\n|\n|t:|1781442920\n|move|p2a: Hippowdon|Earthquake|p1a: Slowbro\n|-supereffective|p1a: Slowbro\n|-damage|p1a: Slowbro|0 fnt\n|faint|p1a: Slowbro\n|\n|-weather|Sandstorm|[upkeep]\n|upkeep\n|\n|t:|1781442928\n|switch|p1a: Salazzle|Salazzle, L83, F|249/249\n|turn|8\n|\n|t:|1781442940\n|-terastallize|p1a: Salazzle|Grass\n|move|p1a: Salazzle|Nasty Plot|p1a: Salazzle\n|-boost|p1a: Salazzle|spa|2\n|move|p2a: Hippowdon|Stealth Rock|p1a: Salazzle\n|-sidestart|p1: DianFee|move: Stealth Rock\n|\n|-weather|Sandstorm|[upkeep]\n|-damage|p1a: Salazzle|234/249|[from] Sandstorm\n|upkeep\n|turn|9\n|\n|t:|1781442956\n|switch|p2a: Whimsicott|Whimsicott, L84, M|238/238\n|move|p1a: Salazzle|Tera Blast|p2a: Whimsicott|[anim] Tera Blast Grass\n|-resisted|p2a: Whimsicott\n|-damage|p2a: Whimsicott|130/238\n|\n|-weather|Sandstorm|[upkeep]\n|-damage|p2a: Whimsicott|116/238|[from] Sandstorm\n|-damage|p1a: Salazzle|219/249|[from] Sandstorm\n|upkeep\n|turn|10\n|\n|t:|1781442966\n|move|p2a: Whimsicott|U-turn|p1a: Salazzle\n|-supereffective|p1a: Salazzle\n|-damage|p1a: Salazzle|117/249\n|\n|t:|1781442974\n|switch|p2a: Dialga|Dialga-Origin, L73|266/266|[from] U-turn\n|-ability|p2a: Dialga|Pressure\n|move|p1a: Salazzle|Sludge Wave|p2a: Dialga\n|-immune|p2a: Dialga\n|\n|-weather|Sandstorm|[upkeep]\n|-damage|p1a: Salazzle|102/249|[from] Sandstorm\n|upkeep\n|turn|11\n|\n|t:|1781442980\n|move|p1a: Salazzle|Fire Blast|p2a: Dialga\n|-damage|p2a: Dialga|26/266\n|move|p2a: Dialga|Fire Blast|p1a: Salazzle\n|-supereffective|p1a: Salazzle\n|-damage|p1a: Salazzle|0 fnt\n|faint|p1a: Salazzle\n|\n|-weather|none\n|upkeep\n|\n|t:|1781442984\n|switch|p1a: Miraidon|Miraidon, L65|215/238\n|-damage|p1a: Miraidon|186/238|[from] Stealth Rock\n|-fieldstart|move: Electric Terrain|[from] ability: Hadron Engine|[of] p1a: Miraidon\n|turn|12\n|\n|t:|1781442989\n|move|p1a: Miraidon|Dragon Pulse|p2a: Dialga\n|-damage|p2a: Dialga|0 fnt\n|faint|p2a: Dialga\n|-damage|p1a: Miraidon|163/238|[from] item: Life Orb\n|\n|upkeep\n|\n|t:|1781442993\n|switch|p2a: Hippowdon|Hippowdon, L82, F|311/311\n|-weather|Sandstorm|[from] ability: Sand Stream|[of] p2a: Hippowdon\n|turn|13\n|\n|t:|1781443000\n|move|p1a: Miraidon|Dragon Pulse|p2a: Hippowdon\n|-damage|p2a: Hippowdon|165/311\n|-damage|p1a: Miraidon|140/238|[from] item: Life Orb\n|move|p2a: Hippowdon|Earthquake|p1a: Miraidon\n|-supereffective|p1a: Miraidon\n|-damage|p1a: Miraidon|0 fnt\n|faint|p1a: Miraidon\n|\n|win|verlinmerlin\n|raw|DianFee's rating: 1181 &rarr; <strong>1153</strong><br />(-28 for losing)\n|raw|verlinmerlin's rating: 1134 &rarr; <strong>1162</strong><br />(+28 for winning)\n|l|\u2606DianFee\n|player|p1|\n", "inputlog": ">version a8376a258c1d4662feba110a92103f3664a72141\n>start {\"formatid\":\"gen9randombattle\",\"seed\":\"sodium,1d3d422ca1a8a0b57edf9d89f031f152\",\"rated\":\"Rated battle\"}\n>player p1 {\"name\":\"DianFee\",\"avatar\":\"lucas-gen4pt\",\"rating\":1181,\"seed\":\"sodium,ff0488bfd6e80dcca927290f3cabf13b\"}\n>player p2 {\"name\":\"verlinmerlin\",\"avatar\":\"266\",\"rating\":1134,\"seed\":\"sodium,d2c067bb4c9f82fc3b36985285a1d27c\"}\n>p1 move electrodrift\n>p2 move shellsmash\n>p1 switch 4\n>p2 move populationbomb\n>p1 move auroraveil\n>p2 move populationbomb\n>p1 switch 6\n>p1 move thunderbolt\n>p2 move powertrip\n>p1 switch 2\n>p1 move acrobatics\n>p2 move populationbomb\n>p1 switch 5\n>p1 move psychic\n>p2 move powertrip\n>p2 switch 2\n>p1 move slackoff\n>p2 move earthquake\n>p1 switch 3\n>p1 move nastyplot terastallize\n>p2 move stealthrock\n>p1 move terablast\n>p2 switch 5\n>p1 move sludgewave\n>p2 move uturn\n>p2 switch 3\n>p1 move fireblast\n>p2 move fireblast\n>p1 switch 4\n>p1 move dragonpulse\n>p2 move dracometeor\n>p2 switch 5\n>p1 move dragonpulse\n>p2 move earthquake", "uploadtime": 1781443014, "views": 9, "formatid": "gen9randombattle", "rating": 1153, "private": 0, "password": null}