{"id": "gen9randombattle-2632011750", "format": "[Gen 9] Random Battle", "players": ["JayAhki", "Robin blue 43"], "log": "|j|\u2606JayAhki\n|j|\u2606Robin blue 43\n|t:|1781465770\n|gametype|singles\n|player|p1|JayAhki|skierf-gen4dp|1986\n|player|p2|Robin blue 43|101|1979\n|gen|9\n|tier|[Gen 9] Random Battle\n|rated|\n|rule|Species Clause: Limit one of each Pok\u00e9mon\n|rule|HP Percentage Mod: HP is shown in percentages\n|rule|Sleep Clause Mod: Limit one foe put to sleep\n|rule|Illusion Level Mod: Illusion disguises the Pok\u00e9mon's true level\n|\n|t:|1781465770\n|teamsize|p1|6\n|teamsize|p2|6\n|start\n|switch|p1a: Sudowoodo|Sudowoodo, L94, F|284/284\n|switch|p2a: Gumshoos|Gumshoos, L95, F|321/321\n|turn|1\n|inactive|Battle timer is ON: inactive players will automatically lose when time's up. (requested by JayAhki)\n|\n|t:|1781465777\n|move|p2a: Gumshoos|U-turn|p1a: Sudowoodo\n|-damage|p1a: Sudowoodo|205/284\n|\n|t:|1781465783\n|switch|p2a: Dachsbun|Dachsbun, L92, M|254/254|[from] U-turn\n|move|p1a: Sudowoodo|Stealth Rock|p2a: Dachsbun\n|-sidestart|p2: Robin blue 43|move: Stealth Rock\n|\n|-heal|p1a: Sudowoodo|222/284|[from] item: Leftovers\n|upkeep\n|turn|2\n|\n|t:|1781465789\n|switch|p1a: Plusle|Plusle, L95, M|268/268\n|move|p2a: Dachsbun|Wish|p2a: Dachsbun\n|\n|upkeep\n|turn|3\n|\n|t:|1781465794\n|switch|p2a: Gumshoos|Gumshoos, L95, F|321/321\n|-damage|p2a: Gumshoos|281/321|[from] Stealth Rock\n|move|p1a: Plusle|Encore||[still]\n|-fail|p1a: Plusle\n|\n|-heal|p2a: Gumshoos|321/321|[from] move: Wish|[wisher] Dachsbun\n|upkeep\n|turn|4\n|\n|t:|1781465807\n|switch|p1a: Meganium|Meganium, L90, M|290/290\n|move|p2a: Gumshoos|Earthquake|p1a: Meganium\n|-resisted|p1a: Meganium\n|-damage|p1a: Meganium|161/290\n|\n|-heal|p1a: Meganium|179/290|[from] item: Leftovers\n|upkeep\n|turn|5\n|\n|t:|1781465814\n|switch|p2a: Banette|Banette, L93, M|270/270\n|-damage|p2a: Banette|237/270|[from] Stealth Rock\n|move|p1a: Meganium|Knock Off|p2a: Banette\n|-supereffective|p2a: Banette\n|-crit|p2a: Banette\n|-damage|p2a: Banette|9/270\n|-enditem|p2a: Banette|Life Orb|[from] move: Knock Off|[of] p1a: Meganium\n|\n|-heal|p1a: Meganium|197/290|[from] item: Leftovers\n|upkeep\n|turn|6\n|\n|t:|1781465821\n|move|p2a: Banette|Shadow Sneak|p1a: Meganium\n|-damage|p1a: Meganium|148/290\n|move|p1a: Meganium|Knock Off|p2a: Banette\n|-supereffective|p2a: Banette\n|-damage|p2a: Banette|0 fnt\n|faint|p2a: Banette\n|\n|-heal|p1a: Meganium|166/290|[from] item: Leftovers\n|upkeep\n|\n|t:|1781465826\n|switch|p2a: Dodrio|Dodrio, L85, M|241/241\n|turn|7\n|\n|t:|1781465832\n|switch|p1a: Sudowoodo|Sudowoodo, L94, F|222/284\n|move|p2a: Dodrio|Swords Dance|p2a: Dodrio\n|-boost|p2a: Dodrio|atk|2\n|\n|-heal|p1a: Sudowoodo|239/284|[from] item: Leftovers\n|upkeep\n|turn|8\n|\n|t:|1781465838\n|move|p2a: Dodrio|Drill Run|p1a: Sudowoodo\n|-supereffective|p1a: Sudowoodo\n|-damage|p1a: Sudowoodo|49/284\n|move|p1a: Sudowoodo|Head Smash|p2a: Dodrio|[miss]\n|-miss|p1a: Sudowoodo|p2a: Dodrio\n|\n|-heal|p1a: Sudowoodo|66/284|[from] item: Leftovers\n|upkeep\n|turn|9\n|\n|t:|1781465852\n|move|p2a: Dodrio|Brave Bird|p1a: Sudowoodo\n|-resisted|p1a: Sudowoodo\n|-damage|p1a: Sudowoodo|0 fnt\n|faint|p1a: Sudowoodo\n|-damage|p2a: Dodrio|219/241|[from] Recoil\n|\n|upkeep\n|\n|t:|1781465863\n|switch|p1a: Krookodile|Krookodile, L79, M|280/280\n|-ability|p1a: Krookodile|Intimidate|boost\n|-unboost|p2a: Dodrio|atk|1\n|turn|10\n|\n|t:|1781465867\n|move|p1a: Krookodile|Stone Edge|p2a: Dodrio|[miss]\n|-miss|p1a: Krookodile|p2a: Dodrio\n|move|p2a: Dodrio|Brave Bird|p1a: Krookodile\n|-damage|p1a: Krookodile|21/280\n|-damage|p2a: Dodrio|134/241|[from] Recoil\n|\n|upkeep\n|turn|11\n|\n|t:|1781465889\n|-terastallize|p2a: Dodrio|Ground\n|move|p1a: Krookodile|Stone Edge|p2a: Dodrio|[miss]\n|-miss|p1a: Krookodile|p2a: Dodrio\n|move|p2a: Dodrio|Double-Edge|p1a: Krookodile\n|-damage|p1a: Krookodile|0 fnt\n|faint|p1a: Krookodile\n|-damage|p2a: Dodrio|127/241|[from] Recoil\n|\n|upkeep\n|\n|t:|1781465911\n|switch|p1a: Iron Boulder|Iron Boulder, L77|265/265\n|turn|12\n|\n|t:|1781465917\n|move|p1a: Iron Boulder|Zen Headbutt|p2a: Dodrio\n|-damage|p2a: Dodrio|10/241\n|-damage|p1a: Iron Boulder|239/265|[from] item: Life Orb\n|move|p2a: Dodrio|Brave Bird|p1a: Iron Boulder\n|-resisted|p1a: Iron Boulder\n|-damage|p1a: Iron Boulder|119/265\n|-damage|p2a: Dodrio|0 fnt|[from] Recoil\n|faint|p2a: Dodrio\n|\n|upkeep\n|\n|t:|1781465924\n|switch|p2a: Floatzel|Floatzel, L86, M|286/286\n|-damage|p2a: Floatzel|251/286|[from] Stealth Rock\n|turn|13\n|\n|t:|1781465936\n|move|p2a: Floatzel|Wave Crash|p1a: Iron Boulder\n|-supereffective|p1a: Iron Boulder\n|-damage|p1a: Iron Boulder|0 fnt\n|faint|p1a: Iron Boulder\n|-end|p1a: Iron Boulder|Quark Drive|[silent]\n|-damage|p2a: Floatzel|212/286|[from] Recoil\n|\n|-heal|p2a: Floatzel|229/286|[from] item: Leftovers\n|upkeep\n|\n|t:|1781465937\n|switch|p1a: Meganium|Meganium, L90, M|166/290\n|turn|14\n|\n|t:|1781465945\n|switch|p2a: Dachsbun|Dachsbun, L92, M|254/254\n|-damage|p2a: Dachsbun|223/254|[from] Stealth Rock\n|move|p1a: Meganium|Synthesis|p1a: Meganium\n|-heal|p1a: Meganium|290/290\n|\n|-heal|p2a: Dachsbun|238/254|[from] item: Leftovers\n|upkeep\n|turn|15\n|inactive|JayAhki has 120 seconds left.\n|c|\u2606Robin blue 43|I choked\n|\n|t:|1781465987\n|move|p2a: Dachsbun|Yawn|p1a: Meganium\n|-start|p1a: Meganium|move: Yawn|[of] p2a: Dachsbun\n|move|p1a: Meganium|Knock Off|p2a: Dachsbun\n|-resisted|p2a: Dachsbun\n|-crit|p2a: Dachsbun\n|-damage|p2a: Dachsbun|202/254\n|-enditem|p2a: Dachsbun|Leftovers|[from] move: Knock Off|[of] p1a: Meganium\n|\n|upkeep\n|turn|16\n|c|\u2606Robin blue 43|gg\n|\n|t:|1781465993\n|switch|p1a: Plusle|Plusle, L95, M|268/268\n|move|p2a: Dachsbun|Yawn|p1a: Plusle\n|-start|p1a: Plusle|move: Yawn|[of] p2a: Dachsbun\n|\n|upkeep\n|turn|17\n|\n|t:|1781465996\n|switch|p1a: Meganium|Meganium, L90, M|290/290\n|move|p2a: Dachsbun|Play Rough|p1a: Meganium\n|-damage|p1a: Meganium|209/290\n|-unboost|p1a: Meganium|atk|1\n|\n|-heal|p1a: Meganium|227/290|[from] item: Leftovers\n|upkeep\n|turn|18\n|\n|t:|1781466003\n|move|p2a: Dachsbun|Yawn|p1a: Meganium\n|-start|p1a: Meganium|move: Yawn|[of] p2a: Dachsbun\n|move|p1a: Meganium|Leech Seed|p2a: Dachsbun\n|-start|p2a: Dachsbun|move: Leech Seed\n|\n|-heal|p1a: Meganium|245/290|[from] item: Leftovers\n|-damage|p2a: Dachsbun|171/254|[from] Leech Seed|[of] p1a: Meganium\n|-heal|p1a: Meganium|276/290|[silent]\n|upkeep\n|turn|19\n|\n|t:|1781466013\n|switch|p1a: Plusle|Plusle, L95, M|268/268\n|move|p2a: Dachsbun|Yawn|p1a: Plusle\n|-start|p1a: Plusle|move: Yawn|[of] p2a: Dachsbun\n|\n|-damage|p2a: Dachsbun|140/254|[from] Leech Seed|[of] p1a: Plusle\n|upkeep\n|turn|20\n|\n|t:|1781466017\n|switch|p1a: Meganium|Meganium, L90, M|276/290\n|switch|p2a: Gumshoos|Gumshoos, L95, F|321/321\n|-damage|p2a: Gumshoos|281/321|[from] Stealth Rock\n|\n|-heal|p1a: Meganium|290/290|[from] item: Leftovers\n|upkeep\n|turn|21\n|\n|t:|1781466020\n|move|p1a: Meganium|Knock Off|p2a: Gumshoos\n|-damage|p2a: Gumshoos|192/321\n|-enditem|p2a: Gumshoos|Choice Band|[from] move: Knock Off|[of] p1a: Meganium\n|move|p2a: Gumshoos|Double-Edge|p1a: Meganium\n|-damage|p1a: Meganium|136/290\n|-damage|p2a: Gumshoos|141/321|[from] Recoil\n|\n|-heal|p1a: Meganium|154/290|[from] item: Leftovers\n|upkeep\n|turn|22\n|\n|t:|1781466029\n|move|p1a: Meganium|Energy Ball|p2a: Gumshoos\n|-damage|p2a: Gumshoos|24/321\n|move|p2a: Gumshoos|U-turn|p1a: Meganium\n|-supereffective|p1a: Meganium\n|-damage|p1a: Meganium|32/290\n|\n|t:|1781466038\n|switch|p2a: Dachsbun|Dachsbun, L92, M|140/254|[from] U-turn\n|-damage|p2a: Dachsbun|109/254|[from] Stealth Rock\n|\n|-heal|p1a: Meganium|50/290|[from] item: Leftovers\n|upkeep\n|turn|23\n|\n|t:|1781466042\n|switch|p1a: Plusle|Plusle, L95, M|268/268\n|move|p2a: Dachsbun|Play Rough|p1a: Plusle\n|-damage|p1a: Plusle|115/268\n|\n|upkeep\n|turn|24\n|\n|t:|1781466047\n|move|p1a: Plusle|Thunderbolt|p2a: Dachsbun\n|-damage|p2a: Dachsbun|0 fnt\n|faint|p2a: Dachsbun\n|-damage|p1a: Plusle|89/268|[from] item: Life Orb\n|\n|upkeep\n|\n|t:|1781466050\n|switch|p2a: Floatzel|Floatzel, L86, M|229/286\n|-damage|p2a: Floatzel|194/286|[from] Stealth Rock\n|turn|25\n|\n|t:|1781466056\n|move|p2a: Floatzel|Wave Crash|p1a: Plusle\n|-damage|p1a: Plusle|0 fnt\n|faint|p1a: Plusle\n|-damage|p2a: Floatzel|165/286|[from] Recoil\n|\n|-heal|p2a: Floatzel|182/286|[from] item: Leftovers\n|upkeep\n|\n|t:|1781466060\n|switch|p1a: Hitmonchan|Hitmonchan, L87, M|229/229\n|turn|26\n|\n|t:|1781466064\n|move|p2a: Floatzel|Bulk Up|p2a: Floatzel\n|-boost|p2a: Floatzel|atk|1\n|-boost|p2a: Floatzel|def|1\n|move|p1a: Hitmonchan|Rapid Spin|p2a: Floatzel\n|-damage|p2a: Floatzel|144/286\n|-boost|p1a: Hitmonchan|spe|1\n|\n|-heal|p2a: Floatzel|161/286|[from] item: Leftovers\n|upkeep\n|turn|27\n|\n|t:|1781466080\n|move|p1a: Hitmonchan|Bulk Up|p1a: Hitmonchan\n|-boost|p1a: Hitmonchan|atk|1\n|-boost|p1a: Hitmonchan|def|1\n|move|p2a: Floatzel|Wave Crash|p1a: Hitmonchan\n|-damage|p1a: Hitmonchan|85/229\n|-damage|p2a: Floatzel|113/286|[from] Recoil\n|\n|-heal|p1a: Hitmonchan|99/229|[from] item: Leftovers\n|-heal|p2a: Floatzel|130/286|[from] item: Leftovers\n|upkeep\n|turn|28\n|\n|t:|1781466084\n|move|p1a: Hitmonchan|Drain Punch|p2a: Floatzel\n|-damage|p2a: Floatzel|0 fnt\n|-heal|p1a: Hitmonchan|164/229|[from] drain|[of] p2a: Floatzel\n|faint|p2a: Floatzel\n|\n|-heal|p1a: Hitmonchan|178/229|[from] item: Leftovers\n|upkeep\n|c|\u2606Robin blue 43|Gg\n|c|\u2606Robin blue 43|wp\n|c|\u2606Robin blue 43|i choked\n|c|\u2606JayAhki|Gg you too\n|\n|t:|1781466092\n|switch|p2a: Kyogre|Kyogre, L71|259/259\n|-damage|p2a: Kyogre|227/259|[from] Stealth Rock\n|-weather|RainDance|[from] ability: Drizzle|[of] p2a: Kyogre\n|turn|29\n|\n|t:|1781466101\n|move|p1a: Hitmonchan|Drain Punch|p2a: Kyogre\n|-damage|p2a: Kyogre|46/259\n|-heal|p1a: Hitmonchan|229/229|[from] drain|[of] p2a: Kyogre\n|move|p2a: Kyogre|Thunder|p1a: Hitmonchan\n|-damage|p1a: Hitmonchan|164/229\n|\n|-weather|RainDance|[upkeep]\n|-heal|p1a: Hitmonchan|178/229|[from] item: Leftovers\n|-heal|p2a: Kyogre|62/259|[from] item: Leftovers\n|upkeep\n|turn|30\n|-message|Robin blue 43 forfeited.\n|\n|win|JayAhki\n", "inputlog": ">version a8376a258c1d4662feba110a92103f3664a72141\n>start {\"formatid\":\"gen9randombattle\",\"seed\":\"sodium,05d45e883527d92f58c30faf82c4e397\",\"rated\":\"Rated battle\"}\n>player p1 {\"name\":\"JayAhki\",\"avatar\":\"skierf-gen4dp\",\"rating\":1986,\"seed\":\"sodium,ea485e97321c3ea13a75bdfd5ef233fd\"}\n>player p2 {\"name\":\"Robin blue 43\",\"avatar\":\"101\",\"rating\":1979,\"seed\":\"sodium,0180a50c152dd9457c41dc1f6fde3f78\"}\n>p1 move stealthrock\n>p2 move uturn\n>p2 switch 6\n>p1 switch 4\n>p2 move wish\n>p1 move encore\n>p2 switch 6\n>p1 switch 5\n>p2 move earthquake\n>p1 move knockoff\n>p2 switch 5\n>p1 move knockoff\n>p2 move shadowsneak\n>p2 switch 3\n>p1 switch 4\n>p2 move swordsdance\n>p1 move headsmash\n>p2 move drillrun\n>p1 move headsmash\n>p2 move bravebird\n>p1 switch 2\n>p1 move stoneedge\n>p2 move bravebird\n>p1 move stoneedge\n>p2 move doubleedge terastallize\n>p1 switch 3\n>p1 move zenheadbutt\n>p2 move bravebird\n>p2 switch 4\n>p1 move zenheadbutt\n>p2 move wavecrash\n>p1 switch 4\n>p1 move synthesis\n>p2 switch 6\n>chat \u2606Robin blue 43|I choked\n>p1 move knockoff\n>p2 move yawn\n>chat \u2606Robin blue 43|gg\n>p1 switch 5\n>p2 move yawn\n>p1 switch 5\n>p2 move playrough\n>p1 move leechseed\n>p2 move yawn\n>p1 switch 5\n>p2 move yawn\n>p1 switch 5\n>p2 switch 5\n>p1 move knockoff\n>p2 move doubleedge\n>p1 move energyball\n>p2 move uturn\n>p2 switch 5\n>p1 switch 5\n>p2 move playrough\n>p1 move thunderbolt\n>p2 move playrough\n>p2 switch 6\n>p1 move thunderbolt\n>p2 move wavecrash\n>p1 switch 6\n>p1 move rapidspin\n>p2 move bulkup\n>p1 move bulkup\n>p2 move wavecrash\n>p1 move drainpunch\n>p2 move wavecrash\n>chat \u2606Robin blue 43|Gg\n>chat \u2606Robin blue 43|wp\n>chat \u2606Robin blue 43|i choked \n>chat \u2606JayAhki|Gg you too\n>p2 switch 2\n>p1 move drainpunch\n>p2 move thunder\n>forcelose p2", "uploadtime": 1781465772, "views": 5, "formatid": "gen9randombattle", "rating": null, "private": 0, "password": null}