{"id": "gen9randombattle-2631529135", "format": "[Gen 9] Random Battle", "players": ["f91swdg", "KlausUnbound"], "log": "|j|\u2606f91swdg\n|j|\u2606KlausUnbound\n|t:|1781397083\n|gametype|singles\n|player|p1|f91swdg|biker-gen4|2209\n|player|p2|KlausUnbound|heroine2-conquest|2258\n|gen|9\n|tier|[Gen 9] Random Battle\n|rated|\n|rule|Species Clause: Limit one of each Pok\u00e9mon\n|rule|HP Percentage Mod: HP is shown in percentages\n|rule|Sleep Clause Mod: Limit one foe put to sleep\n|rule|Illusion Level Mod: Illusion disguises the Pok\u00e9mon's true level\n|\n|t:|1781397083\n|teamsize|p1|6\n|teamsize|p2|6\n|start\n|switch|p1a: Crabominable|Crabominable, L90, F|321/321\n|switch|p2a: Hypno|Hypno, L95, M|315/315\n|turn|1\n|inactive|Battle timer is ON: inactive players will automatically lose when time's up. (requested by KlausUnbound)\n|inactive|f91swdg also wants the timer to be on.\n|\n|t:|1781397098\n|move|p2a: Hypno|Toxic|p1a: Crabominable|[miss]\n|-miss|p2a: Hypno|p1a: Crabominable\n|move|p1a: Crabominable|Ice Hammer|p2a: Hypno\n|-damage|p2a: Hypno|18/315\n|-unboost|p1a: Crabominable|spe|1\n|\n|-heal|p2a: Hypno|37/315|[from] item: Leftovers\n|upkeep\n|turn|2\n|\n|t:|1781397103\n|move|p2a: Hypno|Toxic|p1a: Crabominable\n|-status|p1a: Crabominable|tox\n|move|p1a: Crabominable|Ice Hammer|p2a: Hypno\n|-damage|p2a: Hypno|0 fnt\n|-unboost|p1a: Crabominable|spe|1\n|faint|p2a: Hypno\n|\n|-damage|p1a: Crabominable|301/321 tox|[from] psn\n|upkeep\n|\n|t:|1781397107\n|switch|p2a: Kleavor|Kleavor, L78, F|237/237\n|turn|3\n|\n|t:|1781397110\n|move|p2a: Kleavor|Stone Axe|p1a: Crabominable\n|-damage|p1a: Crabominable|183/321 tox\n|-sidestart|p1: f91swdg|move: Stealth Rock\n|move|p1a: Crabominable|Ice Hammer|p2a: Kleavor|[miss]\n|-miss|p1a: Crabominable|p2a: Kleavor\n|\n|-damage|p1a: Crabominable|143/321 tox|[from] psn\n|upkeep\n|turn|4\n|\n|t:|1781397118\n|move|p2a: Kleavor|Stone Axe|p1a: Crabominable\n|-damage|p1a: Crabominable|11/321 tox\n|move|p1a: Crabominable|Ice Hammer|p2a: Kleavor\n|-damage|p2a: Kleavor|0 fnt\n|-unboost|p1a: Crabominable|spe|1\n|faint|p2a: Kleavor\n|\n|-damage|p1a: Crabominable|0 fnt|[from] psn\n|faint|p1a: Crabominable\n|upkeep\n|\n|t:|1781397132\n|switch|p2a: Staraptor|Staraptor, L79, F|263/263\n|switch|p1a: Golduck|Golduck, L90, M|290/290\n|-damage|p1a: Golduck|254/290|[from] Stealth Rock\n|-ability|p1a: Golduck|Cloud Nine\n|turn|5\n|\n|t:|1781397138\n|move|p1a: Golduck|Hydro Pump|p2a: Staraptor\n|-damage|p2a: Staraptor|94/263\n|move|p2a: Staraptor|Brave Bird|p1a: Golduck\n|-damage|p1a: Golduck|23/290\n|-damage|p2a: Staraptor|18/263|[from] Recoil\n|\n|-heal|p1a: Golduck|41/290|[from] item: Leftovers\n|upkeep\n|turn|6\n|\n|t:|1781397150\n|move|p2a: Staraptor|Brave Bird|p1a: Golduck\n|-damage|p1a: Golduck|0 fnt\n|faint|p1a: Golduck\n|-damage|p2a: Staraptor|4/263|[from] Recoil\n|\n|upkeep\n|\n|t:|1781397161\n|switch|p1a: Oricorio|Oricorio-Pom-Pom, L82, M|257/257\n|turn|7\n|\n|t:|1781397165\n|move|p2a: Staraptor|Brave Bird|p1a: Oricorio\n|-resisted|p1a: Oricorio\n|-damage|p1a: Oricorio|119/257\n|-damage|p2a: Staraptor|0 fnt|[from] Recoil\n|faint|p2a: Staraptor\n|move|p1a: Oricorio|Quiver Dance|p1a: Oricorio\n|-boost|p1a: Oricorio|spa|1\n|-boost|p1a: Oricorio|spd|1\n|-boost|p1a: Oricorio|spe|1\n|\n|upkeep\n|\n|t:|1781397173\n|switch|p2a: Iron Boulder|Iron Boulder, L77|265/265\n|-enditem|p2a: Iron Boulder|Booster Energy\n|-activate|p2a: Iron Boulder|ability: Quark Drive|[fromitem]\n|-start|p2a: Iron Boulder|quarkdrivespe\n|turn|8\n|\n|t:|1781397191\n|-terastallize|p2a: Iron Boulder|Fighting\n|move|p2a: Iron Boulder|Close Combat|p1a: Oricorio\n|-resisted|p1a: Oricorio\n|-damage|p1a: Oricorio|40/257\n|-unboost|p2a: Iron Boulder|def|1\n|-unboost|p2a: Iron Boulder|spd|1\n|move|p1a: Oricorio|Quiver Dance|p1a: Oricorio\n|-boost|p1a: Oricorio|spa|1\n|-boost|p1a: Oricorio|spd|1\n|-boost|p1a: Oricorio|spe|1\n|\n|upkeep\n|turn|9\n|\n|t:|1781397199\n|move|p1a: Oricorio|Hurricane|p2a: Iron Boulder\n|-supereffective|p2a: Iron Boulder\n|-damage|p2a: Iron Boulder|0 fnt\n|faint|p2a: Iron Boulder\n|-end|p2a: Iron Boulder|Quark Drive|[silent]\n|\n|upkeep\n|\n|t:|1781397201\n|switch|p2a: Zekrom|Zekrom, L71|259/259\n|-ability|p2a: Zekrom|Teravolt\n|turn|10\n|\n|t:|1781397204\n|-terastallize|p1a: Oricorio|Ground\n|move|p1a: Oricorio|Revelation Dance|p2a: Zekrom\n|-supereffective|p2a: Zekrom\n|-damage|p2a: Zekrom|0 fnt\n|faint|p2a: Zekrom\n|\n|upkeep\n|\n|t:|1781397206\n|switch|p2a: Lilligant|Lilligant, L86, F|261/261\n|turn|11\n|\n|t:|1781397210\n|move|p1a: Oricorio|Hurricane|p2a: Lilligant\n|-supereffective|p2a: Lilligant\n|-damage|p2a: Lilligant|0 fnt\n|faint|p2a: Lilligant\n|\n|win|f91swdg\n", "uploadtime": 1781397084, "views": 5, "formatid": "gen9randombattle", "rating": null, "private": 0, "password": null}