{"id": "gen9randombattle-2631606522", "format": "[Gen 9] Random Battle", "players": ["catlib", "TrivagoGuy"], "log": "|j|\u2606catlib\n|j|\u2606TrivagoGuy\n|t:|1781407896\n|gametype|singles\n|player|p1|catlib|birdkeeper|1951\n|player|p2|TrivagoGuy|worker|1929\n|gen|9\n|tier|[Gen 9] Random Battle\n|rated|\n|rule|Species Clause: Limit one of each Pok\u00e9mon\n|rule|HP Percentage Mod: HP is shown in percentages\n|rule|Sleep Clause Mod: Limit one foe put to sleep\n|rule|Illusion Level Mod: Illusion disguises the Pok\u00e9mon's true level\n|\n|t:|1781407896\n|teamsize|p1|6\n|teamsize|p2|6\n|start\n|switch|p1a: Greninja|Greninja, L80, M|246/246\n|switch|p2a: Regidrago|Regidrago, L77|435/435\n|turn|1\n|inactive|Battle timer is ON: inactive players will automatically lose when time's up. (requested by catlib)\n|j| BislikeDlacks\n|\n|t:|1781407908\n|switch|p2a: Toxapex|Toxapex, L82, M|216/216\n|move|p1a: Greninja|Ice Beam|p2a: Toxapex\n|-start|p1a: Greninja|typechange|Ice|[from] ability: Protean\n|-resisted|p2a: Toxapex\n|-damage|p2a: Toxapex|177/216\n|-damage|p1a: Greninja|222/246|[from] item: Life Orb\n|\n|upkeep\n|turn|2\n|\n|t:|1781407934\n|switch|p1a: Volcanion|Volcanion, L79|255/255\n|move|p2a: Toxapex|Toxic Spikes|p1a: Volcanion\n|-sidestart|p1: catlib|move: Toxic Spikes\n|\n|upkeep\n|turn|3\n|\n|t:|1781407946\n|switch|p2a: Thundurus|Thundurus, L80, M|258/258\n|move|p1a: Volcanion|Steam Eruption|p2a: Thundurus\n|-damage|p2a: Thundurus|111/258\n|\n|upkeep\n|turn|4\n|\n|t:|1781407954\n|move|p1a: Volcanion|Steam Eruption|p2a: Thundurus\n|-damage|p2a: Thundurus|0 fnt\n|faint|p2a: Thundurus\n|\n|upkeep\n|l| BislikeDlacks\n|\n|t:|1781407958\n|switch|p2a: Gliscor|Gliscor, L76, F|239/239\n|turn|5\n|\n|t:|1781407961\n|move|p2a: Gliscor|Protect|p2a: Gliscor\n|-singleturn|p2a: Gliscor|Protect\n|move|p1a: Volcanion|Steam Eruption|p2a: Gliscor\n|-activate|p2a: Gliscor|move: Protect\n|\n|-status|p2a: Gliscor|tox|[from] item: Toxic Orb\n|upkeep\n|turn|6\n|\n|t:|1781407964\n|switch|p2a: Toxapex|Toxapex, L82, M|216/216\n|move|p1a: Volcanion|Steam Eruption|p2a: Toxapex\n|-resisted|p2a: Toxapex\n|-damage|p2a: Toxapex|171/216\n|-status|p2a: Toxapex|brn\n|\n|-damage|p2a: Toxapex|158/216 brn|[from] brn\n|upkeep\n|turn|7\n|\n|t:|1781407974\n|switch|p1a: Clodsire|Clodsire, L81, M|343/343\n|-sideend|p1: catlib|move: Toxic Spikes|[of] p1a: Clodsire\n|move|p2a: Toxapex|Toxic Spikes|p1a: Clodsire\n|-sidestart|p1: catlib|move: Toxic Spikes\n|\n|-damage|p2a: Toxapex|145/216 brn|[from] brn\n|upkeep\n|turn|8\n|\n|t:|1781407981\n|move|p2a: Toxapex|Liquidation|p1a: Clodsire\n|-immune|p1a: Clodsire|[from] ability: Water Absorb\n|move|p1a: Clodsire|Earthquake|p2a: Toxapex\n|-supereffective|p2a: Toxapex\n|-damage|p2a: Toxapex|25/216 brn\n|\n|-damage|p2a: Toxapex|12/216 brn|[from] brn\n|upkeep\n|turn|9\n|\n|t:|1781407986\n|switch|p2a: Gliscor|Gliscor, L76, F|239/239 tox\n|move|p1a: Clodsire|Earthquake|p2a: Gliscor\n|-immune|p2a: Gliscor\n|\n|upkeep\n|turn|10\n|\n|t:|1781407997\n|switch|p1a: Granbull|Granbull, L88, M|302/302\n|-status|p1a: Granbull|psn\n|-ability|p1a: Granbull|Intimidate|boost\n|-unboost|p2a: Gliscor|atk|1\n|move|p2a: Gliscor|Toxic||[still]\n|-fail|p2a: Gliscor\n|\n|-damage|p1a: Granbull|265/302 psn|[from] psn\n|upkeep\n|turn|11\n|\n|t:|1781408007\n|switch|p2a: Toxapex|Toxapex, L82, M|84/216 brn\n|switch|p1a: Clodsire|Clodsire, L81, M|343/343\n|-sideend|p1: catlib|move: Toxic Spikes|[of] p1a: Clodsire\n|\n|-damage|p2a: Toxapex|71/216 brn|[from] brn\n|upkeep\n|turn|12\n|\n|t:|1781408012\n|switch|p2a: Gliscor|Gliscor, L76, F|239/239 tox\n|move|p1a: Clodsire|Earthquake|p2a: Gliscor\n|-immune|p2a: Gliscor\n|\n|upkeep\n|turn|13\n|\n|t:|1781408017\n|move|p2a: Gliscor|Knock Off|p1a: Clodsire\n|-damage|p1a: Clodsire|265/343\n|-enditem|p1a: Clodsire|Leftovers|[from] move: Knock Off|[of] p2a: Gliscor\n|move|p1a: Clodsire|Poison Jab|p2a: Gliscor\n|-resisted|p2a: Gliscor\n|-damage|p2a: Gliscor|211/239 tox\n|\n|-heal|p2a: Gliscor|239/239 tox|[from] ability: Poison Heal\n|upkeep\n|turn|14\n|\n|t:|1781408028\n|switch|p1a: Granbull|Granbull, L88, M|265/302 psn\n|-ability|p1a: Granbull|Intimidate|boost\n|-unboost|p2a: Gliscor|atk|1\n|move|p2a: Gliscor|Earthquake|p1a: Granbull\n|-damage|p1a: Granbull|208/302 psn\n|\n|-heal|p1a: Granbull|226/302 psn|[from] item: Leftovers\n|-damage|p1a: Granbull|189/302 psn|[from] psn\n|upkeep\n|turn|15\n|\n|t:|1781408033\n|move|p2a: Gliscor|Knock Off|p1a: Granbull\n|-resisted|p1a: Granbull\n|-damage|p1a: Granbull|170/302 psn\n|-enditem|p1a: Granbull|Leftovers|[from] move: Knock Off|[of] p2a: Gliscor\n|move|p1a: Granbull|Roar|p2a: Gliscor\n|drag|p2a: Kyurem|Kyurem, L77|319/319\n|-ability|p2a: Kyurem|Pressure\n|\n|-damage|p1a: Granbull|133/302 psn|[from] psn\n|upkeep\n|turn|16\n|\n|t:|1781408041\n|switch|p2a: Toxapex|Toxapex, L82, M|143/216 brn\n|move|p1a: Granbull|Play Rough|p2a: Toxapex\n|-resisted|p2a: Toxapex\n|-damage|p2a: Toxapex|104/216 brn\n|-damage|p1a: Granbull|83/302 psn|[from] item: Rocky Helmet|[of] p2a: Toxapex\n|\n|-damage|p1a: Granbull|46/302 psn|[from] psn\n|-damage|p2a: Toxapex|91/216 brn|[from] brn\n|upkeep\n|turn|17\n|\n|t:|1781408047\n|move|p1a: Granbull|Earthquake|p2a: Toxapex\n|-supereffective|p2a: Toxapex\n|-damage|p2a: Toxapex|0 fnt\n|faint|p2a: Toxapex\n|\n|-damage|p1a: Granbull|9/302 psn|[from] psn\n|upkeep\n|\n|t:|1781408050\n|switch|p2a: Froslass|Froslass, L87, F|263/263\n|turn|18\n|\n|t:|1781408053\n|move|p2a: Froslass|Triple Axel|p1a: Granbull\n|-damage|p1a: Granbull|0 fnt\n|faint|p1a: Granbull\n|-hitcount|p1: Granbull|1\n|\n|upkeep\n|\n|t:|1781408076\n|switch|p1a: Greninja|Greninja, L80, M|222/246\n|turn|19\n|\n|t:|1781408085\n|switch|p2a: Kyurem|Kyurem, L77|319/319\n|-ability|p2a: Kyurem|Pressure\n|move|p1a: Greninja|Dark Pulse|p2a: Kyurem\n|-start|p1a: Greninja|typechange|Dark|[from] ability: Protean\n|-damage|p2a: Kyurem|201/319\n|-damage|p1a: Greninja|198/246|[from] item: Life Orb\n|\n|upkeep\n|turn|20\n|\n|t:|1781408107\n|move|p1a: Greninja|Dark Pulse|p2a: Kyurem\n|-damage|p2a: Kyurem|87/319\n|-damage|p1a: Greninja|174/246|[from] item: Life Orb\n|move|p2a: Kyurem|Freeze-Dry|p1a: Greninja\n|-damage|p1a: Greninja|74/246\n|\n|upkeep\n|turn|21\n|\n|t:|1781408111\n|move|p1a: Greninja|Dark Pulse|p2a: Kyurem\n|-damage|p2a: Kyurem|0 fnt\n|faint|p2a: Kyurem\n|-damage|p1a: Greninja|50/246|[from] item: Life Orb\n|\n|upkeep\n|\n|t:|1781408116\n|switch|p2a: Froslass|Froslass, L87, F|263/263\n|turn|22\n|\n|t:|1781408138\n|move|p1a: Greninja|Dark Pulse|p2a: Froslass\n|-supereffective|p2a: Froslass\n|-damage|p2a: Froslass|19/263\n|-start|p1a: Greninja|Disable|Dark Pulse|[from] ability: Cursed Body|[of] p2a: Froslass\n|-damage|p1a: Greninja|26/246|[from] item: Life Orb\n|move|p2a: Froslass|Triple Axel|p1a: Greninja\n|-damage|p1a: Greninja|0 fnt\n|faint|p1a: Greninja\n|-hitcount|p1: Greninja|1\n|\n|upkeep\n|\n|t:|1781408150\n|switch|p1a: Luxray|Luxray, L88, M|284/284\n|-ability|p1a: Luxray|Intimidate|boost\n|-unboost|p2a: Froslass|atk|1\n|turn|23\n|\n|t:|1781408158\n|switch|p1a: Volcanion|Volcanion, L79|255/255\n|move|p2a: Froslass|Poltergeist|p1a: Volcanion\n|-activate|p1a: Volcanion|move: Poltergeist|Choice Scarf\n|-damage|p1a: Volcanion|197/255\n|\n|upkeep\n|turn|24\n|\n|t:|1781408165\n|move|p2a: Froslass|Poltergeist|p1a: Volcanion\n|-activate|p1a: Volcanion|move: Poltergeist|Choice Scarf\n|-damage|p1a: Volcanion|131/255\n|move|p1a: Volcanion|Flamethrower|p2a: Froslass\n|-supereffective|p2a: Froslass\n|-damage|p2a: Froslass|0 fnt\n|-start|p1a: Volcanion|Disable|Flamethrower|[from] ability: Cursed Body|[of] p2a: Froslass\n|faint|p2a: Froslass\n|\n|upkeep\n|\n|t:|1781408170\n|switch|p2a: Regidrago|Regidrago, L77|435/435\n|turn|25\n|\n|t:|1781408177\n|switch|p1a: Luxray|Luxray, L88, M|284/284\n|-ability|p1a: Luxray|Intimidate|boost\n|-unboost|p2a: Regidrago|atk|1\n|move|p2a: Regidrago|Dragon Dance|p2a: Regidrago\n|-boost|p2a: Regidrago|atk|1\n|-boost|p2a: Regidrago|spe|1\n|\n|upkeep\n|turn|26\n|\n|t:|1781408185\n|-terastallize|p2a: Regidrago|Steel\n|move|p2a: Regidrago|Earthquake|p1a: Luxray\n|-supereffective|p1a: Luxray\n|-damage|p1a: Luxray|131/284\n|-damage|p2a: Regidrago|392/435|[from] item: Life Orb\n|move|p1a: Luxray|Play Rough|p2a: Regidrago\n|-resisted|p2a: Regidrago\n|-damage|p2a: Regidrago|323/435\n|\n|upkeep\n|turn|27\n|\n|t:|1781408194\n|switch|p1a: Gliscor|Gliscor, L76, F|239/239\n|move|p2a: Regidrago|Dragon Dance|p2a: Regidrago\n|-boost|p2a: Regidrago|atk|1\n|-boost|p2a: Regidrago|spe|1\n|\n|-status|p1a: Gliscor|tox|[from] item: Toxic Orb\n|upkeep\n|turn|28\n|\n|t:|1781408202\n|move|p2a: Regidrago|Tera Blast|p1a: Gliscor|[anim] Tera Blast Steel\n|-damage|p1a: Gliscor|126/239 tox\n|-damage|p2a: Regidrago|280/435|[from] item: Life Orb\n|move|p1a: Gliscor|Earthquake|p2a: Regidrago\n|-supereffective|p2a: Regidrago\n|-damage|p2a: Regidrago|26/435\n|\n|-heal|p1a: Gliscor|155/239 tox|[from] ability: Poison Heal\n|upkeep\n|turn|29\n|-message|TrivagoGuy forfeited.\n|\n|win|catlib\n", "uploadtime": 1781407898, "views": 3, "formatid": "gen9randombattle", "rating": null, "private": 0, "password": null}