{"id": "gen9randombattle-2631532072", "format": "[Gen 9] Random Battle", "players": ["kunp8", "poronena"], "log": "|j|\u2606kunp8\n|j|\u2606poronena\n|t:|1781397485\n|gametype|singles\n|player|p1|kunp8|265|1137\n|player|p2|poronena|266|1185\n|gen|9\n|tier|[Gen 9] Random Battle\n|rated|\n|rule|Species Clause: Limit one of each Pok\u00e9mon\n|rule|HP Percentage Mod: HP is shown in percentages\n|rule|Sleep Clause Mod: Limit one foe put to sleep\n|rule|Illusion Level Mod: Illusion disguises the Pok\u00e9mon's true level\n|\n|t:|1781397485\n|teamsize|p1|6\n|teamsize|p2|6\n|start\n|switch|p1a: Gurdurr|Gurdurr, L85, M|283/283\n|switch|p2a: Shiftry|Shiftry, L89, M|305/305\n|turn|1\n|inactive|Battle timer is ON: inactive players will automatically lose when time's up. (requested by kunp8)\n|\n|t:|1781397520\n|-terastallize|p2a: Shiftry|Dark\n|move|p2a: Shiftry|Knock Off|p1a: Gurdurr\n|-resisted|p1a: Gurdurr\n|-damage|p1a: Gurdurr|210/283\n|-enditem|p1a: Gurdurr|Eviolite|[from] move: Knock Off|[of] p2a: Shiftry\n|-damage|p2a: Shiftry|275/305|[from] item: Life Orb\n|move|p1a: Gurdurr|Drain Punch|p2a: Shiftry\n|-supereffective|p2a: Shiftry\n|-damage|p2a: Shiftry|47/305\n|-heal|p1a: Gurdurr|283/283|[from] drain|[of] p2a: Shiftry\n|\n|upkeep\n|turn|2\n|\n|t:|1781397533\n|move|p2a: Shiftry|Leaf Blade|p1a: Gurdurr\n|-damage|p1a: Gurdurr|150/283\n|-damage|p2a: Shiftry|17/305|[from] item: Life Orb\n|move|p1a: Gurdurr|Drain Punch|p2a: Shiftry\n|-supereffective|p2a: Shiftry\n|-damage|p2a: Shiftry|0 fnt\n|-heal|p1a: Gurdurr|159/283|[from] drain|[of] p2a: Shiftry\n|faint|p2a: Shiftry\n|\n|upkeep\n|\n|t:|1781397548\n|switch|p2a: Entei|Entei, L78|307/307\n|turn|3\n|\n|t:|1781397562\n|move|p2a: Entei|Flare Blitz|p1a: Gurdurr\n|-damage|p1a: Gurdurr|0 fnt\n|faint|p1a: Gurdurr\n|-damage|p2a: Entei|255/307|[from] Recoil\n|\n|upkeep\n|\n|t:|1781397569\n|switch|p1a: Morpeko|Morpeko, L88, F|245/245\n|turn|4\n|\n|t:|1781397574\n|move|p1a: Morpeko|Aura Wheel|p2a: Entei\n|-damage|p2a: Entei|117/307\n|-boost|p1a: Morpeko|spe|1\n|move|p2a: Entei|Flare Blitz|p1a: Morpeko\n|-damage|p1a: Morpeko|4/245\n|-damage|p2a: Entei|37/307|[from] Recoil\n|\n|-formechange|p1a: Morpeko|Morpeko-Hangry||[from] ability: Hunger Switch\n|upkeep\n|turn|5\n|\n|t:|1781397585\n|move|p1a: Morpeko|Aura Wheel|p2a: Entei\n|-damage|p2a: Entei|0 fnt\n|-boost|p1a: Morpeko|spe|1\n|faint|p2a: Entei\n|\n|-formechange|p1a: Morpeko|Morpeko||[from] ability: Hunger Switch\n|upkeep\n|inactive|poronena has 120 seconds left.\n|\n|t:|1781397623\n|switch|p2a: Minun|Minun, L95, M|268/268\n|turn|6\n|inactive|poronena has 90 seconds left.\n|\n|t:|1781397657\n|move|p1a: Morpeko|Rapid Spin|p2a: Minun\n|-damage|p2a: Minun|218/268\n|-boost|p1a: Morpeko|spe|1\n|move|p2a: Minun|Thunderbolt|p1a: Morpeko\n|-resisted|p1a: Morpeko\n|-damage|p1a: Morpeko|0 fnt\n|faint|p1a: Morpeko\n|-damage|p2a: Minun|192/268|[from] item: Life Orb\n|\n|upkeep\n|\n|t:|1781397676\n|switch|p1a: Scream Tail|Scream Tail, L84|330/330\n|turn|7\n|\n|t:|1781397689\n|move|p1a: Scream Tail|Wish|p1a: Scream Tail\n|move|p2a: Minun|Thunderbolt|p1a: Scream Tail\n|-damage|p1a: Scream Tail|229/330\n|-status|p1a: Scream Tail|par\n|-damage|p2a: Minun|166/268|[from] item: Life Orb\n|\n|-heal|p1a: Scream Tail|249/330 par|[from] item: Leftovers\n|upkeep\n|turn|8\n|\n|t:|1781397702\n|move|p2a: Minun|Nasty Plot|p2a: Minun\n|-boost|p2a: Minun|spa|2\n|cant|p1a: Scream Tail|par\n|\n|-heal|p1a: Scream Tail|330/330 par|[from] move: Wish|[wisher] Scream Tail\n|upkeep\n|turn|9\n|\n|t:|1781397711\n|move|p2a: Minun|Thunderbolt|p1a: Scream Tail\n|-damage|p1a: Scream Tail|119/330 par\n|-damage|p2a: Minun|140/268|[from] item: Life Orb\n|move|p1a: Scream Tail|Wish|p1a: Scream Tail\n|\n|-heal|p1a: Scream Tail|139/330 par|[from] item: Leftovers\n|upkeep\n|turn|10\n|\n|t:|1781397719\n|move|p1a: Scream Tail|Protect|p1a: Scream Tail\n|-singleturn|p1a: Scream Tail|Protect\n|move|p2a: Minun|Thunderbolt|p1a: Scream Tail\n|-activate|p1a: Scream Tail|move: Protect\n|\n|-heal|p1a: Scream Tail|304/330 par|[from] move: Wish|[wisher] Scream Tail\n|-heal|p1a: Scream Tail|324/330 par|[from] item: Leftovers\n|upkeep\n|turn|11\n|\n|t:|1781397732\n|move|p2a: Minun|Thunderbolt|p1a: Scream Tail\n|-damage|p1a: Scream Tail|97/330 par\n|-damage|p2a: Minun|114/268|[from] item: Life Orb\n|move|p1a: Scream Tail|Dazzling Gleam|p2a: Minun\n|-damage|p2a: Minun|56/268\n|\n|-heal|p1a: Scream Tail|117/330 par|[from] item: Leftovers\n|upkeep\n|turn|12\n|\n|t:|1781397742\n|move|p1a: Scream Tail|Protect|p1a: Scream Tail\n|-singleturn|p1a: Scream Tail|Protect\n|move|p2a: Minun|Thunderbolt|p1a: Scream Tail\n|-activate|p1a: Scream Tail|move: Protect\n|\n|-heal|p1a: Scream Tail|137/330 par|[from] item: Leftovers\n|upkeep\n|turn|13\n|\n|t:|1781397751\n|move|p2a: Minun|Thunderbolt|p1a: Scream Tail\n|-damage|p1a: Scream Tail|0 fnt\n|faint|p1a: Scream Tail\n|-end|p1a: Scream Tail|Protosynthesis|[silent]\n|-damage|p2a: Minun|30/268|[from] item: Life Orb\n|\n|upkeep\n|\n|t:|1781397765\n|switch|p1a: Mabosstiff|Mabosstiff, L86, F|278/278\n|turn|14\n|inactive|poronena has 120 seconds left.\n|\n|t:|1781397777\n|move|p1a: Mabosstiff|Crunch|p2a: Minun\n|-damage|p2a: Minun|0 fnt\n|faint|p2a: Minun\n|\n|upkeep\n|inactive|poronena has 120 seconds left.\n|inactive|poronena has 90 seconds left.\n|\n|t:|1781397817\n|switch|p2a: Roaring Moon|Roaring Moon, L72|270/270\n|turn|15\n|inactive|poronena has 90 seconds left.\n|\n|t:|1781397826\n|move|p1a: Mabosstiff|Crunch|p2a: Roaring Moon\n|-resisted|p2a: Roaring Moon\n|-damage|p2a: Roaring Moon|195/270\n|move|p2a: Roaring Moon|Dragon Dance|p2a: Roaring Moon\n|-boost|p2a: Roaring Moon|atk|1\n|-boost|p2a: Roaring Moon|spe|1\n|\n|upkeep\n|turn|16\n|inactive|poronena has 90 seconds left.\n|\n|t:|1781397864\n|move|p2a: Roaring Moon|Outrage|p1a: Mabosstiff\n|-damage|p1a: Mabosstiff|113/278\n|move|p1a: Mabosstiff|Crunch|p2a: Roaring Moon\n|-resisted|p2a: Roaring Moon\n|-crit|p2a: Roaring Moon\n|-damage|p2a: Roaring Moon|92/270\n|\n|upkeep\n|turn|17\n|\n|t:|1781397873\n|move|p2a: Roaring Moon|Outrage|p1a: Mabosstiff|[from] lockedmove\n|-damage|p1a: Mabosstiff|0 fnt\n|faint|p1a: Mabosstiff\n|\n|upkeep\n|\n|t:|1781397879\n|switch|p1a: Glaceon|Glaceon, L94, M|275/275\n|turn|18\n|inactive|poronena has 60 seconds left.\n|\n|t:|1781397932\n|move|p2a: Roaring Moon|Outrage|p1a: Glaceon|[from] lockedmove\n|-damage|p1a: Glaceon|140/275\n|-start|p2a: Roaring Moon|confusion|[fatigue]\n|-enditem|p2a: Roaring Moon|Lum Berry|[eat]\n|-end|p2a: Roaring Moon|confusion\n|move|p1a: Glaceon|Wish|p1a: Glaceon\n|\n|upkeep\n|turn|19\n|\n|t:|1781397944\n|move|p2a: Roaring Moon|Outrage|p1a: Glaceon\n|-damage|p1a: Glaceon|0 fnt\n|faint|p1a: Glaceon\n|\n|upkeep\n|\n|t:|1781397949\n|switch|p1a: Hatterene|Hatterene, L85, F|236/236\n|turn|20\n|inactive|poronena has 30 seconds left.\n|inactive|poronena has 20 seconds left.\n|inactive|poronena has 15 seconds left.\n|\n|t:|1781397987\n|move|p2a: Roaring Moon|Outrage|p1a: Hatterene|[from] lockedmove\n|-immune|p1a: Hatterene\n|move|p1a: Hatterene|Calm Mind|p1a: Hatterene\n|-boost|p1a: Hatterene|spa|1\n|-boost|p1a: Hatterene|spd|1\n|\n|upkeep\n|turn|21\n|inactive|poronena has 25 seconds left this turn.\n|inactive|poronena has 20 seconds left.\n|\n|t:|1781397996\n|-end|p2a: Roaring Moon|Protosynthesis|[silent]\n|switch|p2a: Trevenant|Trevenant, L89, F|296/296\n|move|p1a: Hatterene|Draining Kiss|p2a: Trevenant\n|-damage|p2a: Trevenant|187/296\n|\n|upkeep\n|turn|22\n|inactive|poronena has 30 seconds left this turn.\n|\n|t:|1781398005\n|move|p2a: Trevenant|Poltergeist|p1a: Hatterene\n|-activate|p1a: Hatterene|move: Poltergeist|Leftovers\n|-supereffective|p1a: Hatterene\n|-damage|p1a: Hatterene|0 fnt\n|faint|p1a: Hatterene\n|-damage|p2a: Trevenant|158/296|[from] item: Life Orb\n|\n|win|poronena\n|raw|kunp8's rating: 1137 &rarr; <strong>1115</strong><br />(-22 for losing)\n|raw|poronena's rating: 1185 &rarr; <strong>1207</strong><br />(+22 for winning)\n|l|\u2606kunp8\n|player|p1|\n", "inputlog": ">version a8376a258c1d4662feba110a92103f3664a72141\n>start {\"formatid\":\"gen9randombattle\",\"seed\":\"sodium,e8920325f733f37a4fec7effd33337af\",\"rated\":\"Rated battle\"}\n>player p1 {\"name\":\"kunp8\",\"avatar\":\"265\",\"rating\":1137,\"seed\":\"sodium,e13f067d556bb7c42c1030cb6e24bfbf\"}\n>player p2 {\"name\":\"poronena\",\"avatar\":\"266\",\"rating\":1185,\"seed\":\"sodium,738a112740f0a8637b04e1c54452e8bb\"}\n>p1 move drainpunch\n>p2 move knockoff terastallize\n>p1 move drainpunch\n>p2 move leafblade\n>p2 switch 2\n>p1 move drainpunch\n>p2 move flareblitz\n>p1 switch 6\n>p1 move aurawheel\n>p2 move flareblitz\n>p1 move aurawheel\n>p2 move flareblitz\n>p2 switch 3\n>p1 move rapidspin\n>p2 move thunderbolt\n>p1 switch 4\n>p1 move wish\n>p2 move thunderbolt\n>p1 move dazzlinggleam\n>p2 move nastyplot\n>p1 move wish\n>p2 move thunderbolt\n>p1 move protect\n>p2 move thunderbolt\n>p1 move dazzlinggleam\n>p2 move thunderbolt\n>p1 move protect\n>p2 move thunderbolt\n>p1 move dazzlinggleam\n>p2 move thunderbolt\n>p1 switch 5\n>p1 move crunch\n>p2 move alluringvoice\n>p2 switch 4\n>p1 move crunch\n>p2 move dragondance\n>p1 move crunch\n>p2 move outrage\n>p1 move crunch\n>p2 move outrage\n>p1 switch 3\n>p1 move wish\n>p2 move outrage\n>p1 move freezedry\n>p2 move outrage\n>p1 switch 2\n>p1 move calmmind\n>p2 move outrage\n>p1 move drainingkiss\n>p2 switch 5\n>p1 move mysticalfire\n>p2 move poltergeist", "uploadtime": 1781398013, "views": 13, "formatid": "gen9randombattle", "rating": 1115, "private": 0, "password": null}