{"id": "gen9randombattle-2631803185", "format": "[Gen 9] Random Battle", "players": ["I Am The Shaman", "Reconforce"], "log": "|j|\u2606I Am The Shaman\n|j|\u2606Reconforce\n|t:|1781441943\n|gametype|singles\n|player|p1|I Am The Shaman|rood|2198\n|player|p2|Reconforce|1|2243\n|gen|9\n|tier|[Gen 9] Random Battle\n|rated|\n|rule|Species Clause: Limit one of each Pok\u00e9mon\n|rule|HP Percentage Mod: HP is shown in percentages\n|rule|Sleep Clause Mod: Limit one foe put to sleep\n|rule|Illusion Level Mod: Illusion disguises the Pok\u00e9mon's true level\n|\n|t:|1781441943\n|teamsize|p1|6\n|teamsize|p2|6\n|start\n|switch|p1a: Hydrapple|Hydrapple, L83, F|312/312\n|switch|p2a: Iron Moth|Iron Moth, L78|253/253\n|turn|1\n|inactive|Battle timer is ON: inactive players will automatically lose when time's up. (requested by I Am The Shaman)\n|\n|t:|1781441966\n|switch|p1a: Magnezone|Magnezone, L85|258/258\n|move|p2a: Iron Moth|U-turn|p1a: Magnezone\n|-resisted|p1a: Magnezone\n|-damage|p1a: Magnezone|244/258\n|\n|t:|1781441969\n|-end|p2a: Iron Moth|Quark Drive|[silent]\n|switch|p2a: Malamar|Malamar, L82, M|275/275|[from] U-turn\n|\n|upkeep\n|turn|2\n|\n|t:|1781441986\n|move|p1a: Magnezone|Volt Switch|p2a: Malamar\n|-damage|p2a: Malamar|154/275\n|inactive|I Am The Shaman has 120 seconds left.\n|\n|t:|1781442007\n|switch|p1a: Seviper|Seviper, L93, F|287/287|[from] Volt Switch\n|move|p2a: Malamar|Knock Off|p1a: Seviper\n|-damage|p1a: Seviper|178/287\n|-enditem|p1a: Seviper|Life Orb|[from] move: Knock Off|[of] p2a: Malamar\n|\n|-heal|p2a: Malamar|171/275|[from] item: Leftovers\n|upkeep\n|turn|3\n|\n|t:|1781442016\n|switch|p2a: Kingdra|Kingdra, L84, M|263/263\n|move|p1a: Seviper|Flamethrower|p2a: Kingdra\n|-resisted|p2a: Kingdra\n|-damage|p2a: Kingdra|245/263\n|-status|p2a: Kingdra|brn\n|\n|-damage|p2a: Kingdra|229/263 brn|[from] brn\n|upkeep\n|turn|4\n|\n|t:|1781442021\n|switch|p1a: Magnezone|Magnezone, L85|244/258\n|move|p2a: Kingdra|Draco Meteor|p1a: Magnezone\n|-resisted|p1a: Magnezone\n|-damage|p1a: Magnezone|158/258\n|-unboost|p2a: Kingdra|spa|2\n|-damage|p2a: Kingdra|203/263 brn|[from] item: Life Orb\n|\n|-damage|p2a: Kingdra|187/263 brn|[from] brn\n|upkeep\n|turn|5\n|\n|t:|1781442026\n|move|p1a: Magnezone|Thunderbolt|p2a: Kingdra\n|-damage|p2a: Kingdra|66/263 brn\n|move|p2a: Kingdra|Rain Dance|p2a: Kingdra\n|-weather|RainDance\n|\n|-weather|RainDance|[upkeep]\n|-damage|p2a: Kingdra|50/263 brn|[from] brn\n|upkeep\n|turn|6\n|\n|t:|1781442033\n|switch|p1a: Gastrodon|Gastrodon, L86, M|331/331\n|move|p2a: Kingdra|Wave Crash|p1a: Gastrodon\n|-ability|p1a: Gastrodon|Storm Drain|boost\n|-boost|p1a: Gastrodon|spa|1\n|\n|-weather|RainDance|[upkeep]\n|-damage|p2a: Kingdra|34/263 brn|[from] brn\n|upkeep\n|turn|7\n|\n|t:|1781442039\n|switch|p2a: Malamar|Malamar, L82, M|171/275\n|move|p1a: Gastrodon|Surf|p2a: Malamar\n|-damage|p2a: Malamar|0 fnt\n|faint|p2a: Malamar\n|\n|-weather|RainDance|[upkeep]\n|upkeep\n|\n|t:|1781442041\n|switch|p2a: Illumise|Illumise, L91, F|266/266\n|turn|8\n|\n|t:|1781442044\n|move|p2a: Illumise|Bug Buzz|p1a: Gastrodon\n|-damage|p1a: Gastrodon|238/331\n|move|p1a: Gastrodon|Surf|p2a: Illumise\n|-damage|p2a: Illumise|47/266\n|\n|-weather|RainDance|[upkeep]\n|-heal|p1a: Gastrodon|258/331|[from] item: Leftovers\n|upkeep\n|turn|9\n|\n|t:|1781442046\n|move|p2a: Illumise|Roost|p2a: Illumise\n|-heal|p2a: Illumise|180/266\n|-singleturn|p2a: Illumise|move: Roost\n|move|p1a: Gastrodon|Surf|p2a: Illumise\n|-damage|p2a: Illumise|0 fnt\n|faint|p2a: Illumise\n|\n|-weather|none\n|-heal|p1a: Gastrodon|278/331|[from] item: Leftovers\n|upkeep\n|\n|t:|1781442051\n|switch|p2a: Iron Moth|Iron Moth, L78|253/253\n|turn|10\n|\n|t:|1781442056\n|-terastallize|p1a: Gastrodon|Poison\n|move|p2a: Iron Moth|U-turn|p1a: Gastrodon\n|-resisted|p1a: Gastrodon\n|-damage|p1a: Gastrodon|257/331\n|\n|t:|1781442058\n|-end|p2a: Iron Moth|Quark Drive|[silent]\n|switch|p2a: Kingdra|Kingdra, L84, M|34/263 brn|[from] U-turn\n|move|p1a: Gastrodon|Earthquake|p2a: Kingdra\n|-damage|p2a: Kingdra|0 fnt\n|faint|p2a: Kingdra\n|\n|-heal|p1a: Gastrodon|277/331|[from] item: Leftovers\n|upkeep\n|\n|t:|1781442060\n|switch|p2a: Raging Bolt|Raging Bolt, L78|323/323\n|turn|11\n|\n|t:|1781442064\n|-terastallize|p2a: Raging Bolt|Electric\n|move|p2a: Raging Bolt|Discharge|p1a: Gastrodon\n|-damage|p1a: Gastrodon|137/331\n|move|p1a: Gastrodon|Earthquake|p2a: Raging Bolt\n|-supereffective|p2a: Raging Bolt\n|-crit|p2a: Raging Bolt\n|-damage|p2a: Raging Bolt|0 fnt\n|faint|p2a: Raging Bolt\n|-end|p2a: Raging Bolt|Protosynthesis|[silent]\n|\n|-heal|p1a: Gastrodon|157/331|[from] item: Leftovers\n|upkeep\n|-message|Reconforce forfeited.\n|\n|win|I Am The Shaman\n", "inputlog": ">version a8376a258c1d4662feba110a92103f3664a72141\n>start {\"formatid\":\"gen9randombattle\",\"seed\":\"sodium,50583698af75e107650858f3489f2e47\",\"rated\":\"Rated battle\"}\n>player p1 {\"name\":\"I Am The Shaman\",\"avatar\":\"rood\",\"rating\":2198,\"seed\":\"sodium,9bb607d0b2ad83efd3a320e301c73f02\"}\n>player p2 {\"name\":\"Reconforce\",\"avatar\":\"1\",\"rating\":2243,\"seed\":\"sodium,e6827f1e800a1468450d39bd10f5969d\"}\n>p1 switch 6\n>p2 move uturn\n>p2 switch 6\n>p1 move voltswitch\n>p2 move knockoff\n>p1 switch 2\n>p1 move flamethrower\n>p2 switch 5\n>p1 switch 2\n>p2 move dracometeor\n>p1 move thunderbolt\n>p2 move raindance\n>p1 switch 3\n>p2 move wavecrash\n>p1 move surf\n>p2 switch 5\n>p2 switch 2\n>p1 move surf\n>p2 move bugbuzz\n>p1 move surf\n>p2 move roost\n>p2 switch 6\n>p1 move earthquake terastallize\n>p2 move uturn\n>p2 switch 5\n>p2 switch 3\n>p1 move earthquake\n>p2 move discharge terastallize\n>forcelose p2", "uploadtime": 1781441945, "views": 4, "formatid": "gen9randombattle", "rating": null, "private": 0, "password": null}