{"id": "gen9randombattle-2631863401", "format": "[Gen 9] Random Battle", "players": ["DBKaiyote", "YveltalNL"], "log": "|j|\u2606DBKaiyote\n|j|\u2606YveltalNL\n|t:|1781449508\n|gametype|singles\n|player|p1|DBKaiyote|swimmer-gen4|2050\n|player|p2|YveltalNL|#yveltalnl|2185\n|gen|9\n|tier|[Gen 9] Random Battle\n|rated|\n|rule|Species Clause: Limit one of each Pok\u00e9mon\n|rule|HP Percentage Mod: HP is shown in percentages\n|rule|Sleep Clause Mod: Limit one foe put to sleep\n|rule|Illusion Level Mod: Illusion disguises the Pok\u00e9mon's true level\n|\n|t:|1781449508\n|teamsize|p1|6\n|teamsize|p2|6\n|start\n|switch|p1a: Serperior|Serperior, L79, F|248/248\n|switch|p2a: Lokix|Lokix, L82, F|251/251\n|turn|1\n|inactive|Battle timer is ON: inactive players will automatically lose when time's up. (requested by DBKaiyote)\n|\n|t:|1781449524\n|switch|p1a: Spiritomb|Spiritomb, L89, M|234/234\n|move|p2a: Lokix|First Impression|p1a: Spiritomb\n|-damage|p1a: Spiritomb|144/234\n|-damage|p2a: Lokix|226/251|[from] item: Life Orb\n|\n|-heal|p1a: Spiritomb|158/234|[from] item: Leftovers\n|upkeep\n|turn|2\n|\n|t:|1781449531\n|switch|p2a: Scovillain|Scovillain, L91, M|266/266\n|move|p1a: Spiritomb|Will-O-Wisp|p2a: Scovillain|[miss]\n|-miss|p1a: Spiritomb|p2a: Scovillain\n|\n|-heal|p1a: Spiritomb|172/234|[from] item: Leftovers\n|upkeep\n|turn|3\n|\n|t:|1781449538\n|switch|p1a: Goodra|Goodra, L85, F|292/292\n|move|p2a: Scovillain|Flamethrower|p1a: Goodra\n|-resisted|p1a: Goodra\n|-damage|p1a: Goodra|266/292\n|\n|upkeep\n|turn|4\n|\n|t:|1781449550\n|switch|p2a: Infernape|Infernape, L82, F|259/259\n|move|p1a: Goodra|Dragon Tail|p2a: Infernape\n|-damage|p2a: Infernape|171/259\n|drag|p2a: Golurk|Golurk, L87|297/297\n|\n|upkeep\n|turn|5\n|\n|t:|1781449564\n|move|p1a: Goodra|Scald|p2a: Golurk\n|-supereffective|p2a: Golurk\n|-damage|p2a: Golurk|161/297\n|move|p2a: Golurk|Poltergeist|p1a: Goodra\n|-activate|p1a: Goodra|move: Poltergeist|Assault Vest\n|-damage|p1a: Goodra|19/292\n|\n|upkeep\n|turn|6\n|\n|t:|1781449577\n|move|p1a: Goodra|Scald|p2a: Golurk\n|-supereffective|p2a: Golurk\n|-damage|p2a: Golurk|17/297\n|move|p2a: Golurk|Poltergeist|p1a: Goodra\n|-activate|p1a: Goodra|move: Poltergeist|Assault Vest\n|-damage|p1a: Goodra|0 fnt\n|faint|p1a: Goodra\n|\n|upkeep\n|\n|t:|1781449582\n|switch|p1a: Serperior|Serperior, L79, F|248/248\n|turn|7\n|\n|t:|1781449589\n|switch|p2a: Scovillain|Scovillain, L91, M|266/266\n|move|p1a: Serperior|Leaf Storm|p2a: Scovillain\n|-resisted|p2a: Scovillain\n|-damage|p2a: Scovillain|228/266\n|-boost|p1a: Serperior|spa|2\n|-damage|p1a: Serperior|224/248|[from] item: Life Orb\n|\n|-heal|p2a: Scovillain|244/266|[from] item: Leftovers\n|upkeep\n|turn|8\n|\n|t:|1781449597\n|-terastallize|p1a: Serperior|Dragon\n|move|p2a: Scovillain|Protect|p2a: Scovillain\n|-singleturn|p2a: Scovillain|Protect\n|move|p1a: Serperior|Glare|p2a: Scovillain\n|-activate|p2a: Scovillain|move: Protect\n|\n|-heal|p2a: Scovillain|260/266|[from] item: Leftovers\n|upkeep\n|turn|9\n|\n|t:|1781449601\n|move|p1a: Serperior|Dragon Pulse|p2a: Scovillain\n|-damage|p2a: Scovillain|60/266\n|-damage|p1a: Serperior|200/248|[from] item: Life Orb\n|move|p2a: Scovillain|Leech Seed|p1a: Serperior\n|-start|p1a: Serperior|move: Leech Seed\n|\n|-heal|p2a: Scovillain|76/266|[from] item: Leftovers\n|-damage|p1a: Serperior|169/248|[from] Leech Seed|[of] p2a: Scovillain\n|-heal|p2a: Scovillain|107/266|[silent]\n|upkeep\n|turn|10\n|\n|t:|1781449609\n|move|p1a: Serperior|Synthesis|p1a: Serperior\n|-heal|p1a: Serperior|248/248\n|move|p2a: Scovillain|Flamethrower|p1a: Serperior\n|-resisted|p1a: Serperior\n|-damage|p1a: Serperior|192/248\n|\n|-heal|p2a: Scovillain|123/266|[from] item: Leftovers\n|-damage|p1a: Serperior|161/248|[from] Leech Seed|[of] p2a: Scovillain\n|-heal|p2a: Scovillain|154/266|[silent]\n|upkeep\n|turn|11\n|\n|t:|1781449612\n|move|p2a: Scovillain|Protect|p2a: Scovillain\n|-singleturn|p2a: Scovillain|Protect\n|move|p1a: Serperior|Dragon Pulse|p2a: Scovillain\n|-activate|p2a: Scovillain|move: Protect\n|\n|-heal|p2a: Scovillain|170/266|[from] item: Leftovers\n|-damage|p1a: Serperior|130/248|[from] Leech Seed|[of] p2a: Scovillain\n|-heal|p2a: Scovillain|201/266|[silent]\n|upkeep\n|turn|12\n|\n|t:|1781449617\n|switch|p2a: Golurk|Golurk, L87|17/297\n|move|p1a: Serperior|Dragon Pulse|p2a: Golurk\n|-damage|p2a: Golurk|0 fnt\n|faint|p2a: Golurk\n|-damage|p1a: Serperior|106/248|[from] item: Life Orb\n|\n|upkeep\n|\n|t:|1781449623\n|switch|p2a: Lokix|Lokix, L82, F|226/251\n|turn|13\n|\n|t:|1781449627\n|switch|p1a: Spiritomb|Spiritomb, L89, M|172/234\n|move|p2a: Lokix|First Impression|p1a: Spiritomb\n|-damage|p1a: Spiritomb|73/234\n|-damage|p2a: Lokix|201/251|[from] item: Life Orb\n|\n|-heal|p1a: Spiritomb|87/234|[from] item: Leftovers\n|upkeep\n|turn|14\n|\n|t:|1781449636\n|move|p2a: Lokix|Knock Off|p1a: Spiritomb\n|-damage|p1a: Spiritomb|0 fnt\n|-enditem|p1a: Spiritomb|Leftovers|[from] move: Knock Off|[of] p2a: Lokix\n|faint|p1a: Spiritomb\n|-damage|p2a: Lokix|176/251|[from] item: Life Orb\n|\n|upkeep\n|\n|t:|1781449641\n|switch|p1a: Ho-Oh|Ho-Oh, L71|268/268\n|turn|15\n|\n|t:|1781449648\n|switch|p2a: Infernape|Infernape, L82, F|171/259\n|move|p1a: Ho-Oh|Brave Bird|p2a: Infernape\n|-supereffective|p2a: Infernape\n|-crit|p2a: Infernape\n|-damage|p2a: Infernape|0 fnt\n|faint|p2a: Infernape\n|-damage|p1a: Ho-Oh|212/268|[from] Recoil\n|\n|upkeep\n|\n|t:|1781449652\n|switch|p2a: Forretress|Forretress, L84, M|263/263\n|turn|16\n|\n|t:|1781449662\n|move|p1a: Ho-Oh|Sacred Fire|p2a: Forretress\n|-supereffective|p2a: Forretress\n|-damage|p2a: Forretress|7/263\n|-status|p2a: Forretress|brn\n|move|p2a: Forretress|Thunder Wave|p1a: Ho-Oh\n|-status|p1a: Ho-Oh|par\n|\n|-heal|p2a: Forretress|23/263 brn|[from] item: Leftovers\n|-damage|p2a: Forretress|7/263 brn|[from] brn\n|upkeep\n|turn|17\n|\n|t:|1781449670\n|move|p2a: Forretress|Stealth Rock|p1a: Ho-Oh\n|-sidestart|p1: DBKaiyote|move: Stealth Rock\n|move|p1a: Ho-Oh|Sacred Fire|p2a: Forretress\n|-supereffective|p2a: Forretress\n|-damage|p2a: Forretress|0 fnt\n|faint|p2a: Forretress\n|\n|upkeep\n|\n|t:|1781449677\n|switch|p2a: Swalot|Swalot, L90, F|326/326\n|turn|18\n|\n|t:|1781449680\n|move|p2a: Swalot|Sludge Bomb|p1a: Ho-Oh\n|-damage|p1a: Ho-Oh|142/268 par\n|move|p1a: Ho-Oh|Earthquake|p2a: Swalot\n|-supereffective|p2a: Swalot\n|-damage|p2a: Swalot|190/326\n|\n|-heal|p2a: Swalot|210/326|[from] item: Leftovers\n|upkeep\n|turn|19\n|\n|t:|1781449684\n|move|p2a: Swalot|Sludge Bomb|p1a: Ho-Oh\n|-damage|p1a: Ho-Oh|73/268 par\n|cant|p1a: Ho-Oh|par\n|\n|-heal|p2a: Swalot|230/326|[from] item: Leftovers\n|upkeep\n|turn|20\n|\n|t:|1781449687\n|move|p2a: Swalot|Sludge Bomb|p1a: Ho-Oh\n|-damage|p1a: Ho-Oh|3/268 par\n|move|p1a: Ho-Oh|Recover|p1a: Ho-Oh\n|-heal|p1a: Ho-Oh|137/268 par\n|\n|-heal|p2a: Swalot|250/326|[from] item: Leftovers\n|upkeep\n|turn|21\n|\n|t:|1781449691\n|move|p2a: Swalot|Sludge Bomb|p1a: Ho-Oh\n|-damage|p1a: Ho-Oh|74/268 par\n|move|p1a: Ho-Oh|Recover|p1a: Ho-Oh\n|-heal|p1a: Ho-Oh|208/268 par\n|\n|-heal|p2a: Swalot|270/326|[from] item: Leftovers\n|upkeep\n|turn|22\n|c|\u2606YveltalNL|hey man\n|c|\u2606YveltalNL|im looking for someone\n|c|\u2606YveltalNL|can you help me out?\n|inactive|YveltalNL has 120 seconds left.\n|c|\u2606YveltalNL|Suspect sacked forretress for no reason, disabling his wincon (toxicing ho-oh) in the process\n|\n|t:|1781449730\n|move|p2a: Swalot|Sludge Bomb|p1a: Ho-Oh\n|-damage|p1a: Ho-Oh|145/268 par\n|move|p1a: Ho-Oh|Recover|p1a: Ho-Oh\n|-heal|p1a: Ho-Oh|268/268 par\n|\n|-heal|p2a: Swalot|290/326|[from] item: Leftovers\n|upkeep\n|turn|23\n|\n|t:|1781449737\n|move|p2a: Swalot|Protect|p2a: Swalot\n|-singleturn|p2a: Swalot|Protect\n|move|p1a: Ho-Oh|Earthquake|p2a: Swalot\n|-activate|p2a: Swalot|move: Protect\n|\n|-heal|p2a: Swalot|310/326|[from] item: Leftovers\n|upkeep\n|turn|24\n|\n|t:|1781449743\n|switch|p2a: Scovillain|Scovillain, L91, M|201/266\n|cant|p1a: Ho-Oh|par\n|\n|-heal|p2a: Scovillain|217/266|[from] item: Leftovers\n|upkeep\n|turn|25\n|\n|t:|1781449746\n|move|p2a: Scovillain|Substitute|p2a: Scovillain\n|-start|p2a: Scovillain|Substitute\n|-damage|p2a: Scovillain|151/266\n|move|p1a: Ho-Oh|Brave Bird|p2a: Scovillain\n|-supereffective|p2a: Scovillain\n|-crit|p2a: Scovillain\n|-end|p2a: Scovillain|Substitute\n|-damage|p1a: Ho-Oh|246/268 par|[from] Recoil|[of] p2a: Scovillain\n|\n|-heal|p2a: Scovillain|167/266|[from] item: Leftovers\n|upkeep\n|turn|26\n|\n|t:|1781449749\n|move|p2a: Scovillain|Protect|p2a: Scovillain\n|-singleturn|p2a: Scovillain|Protect\n|move|p1a: Ho-Oh|Brave Bird|p2a: Scovillain\n|-activate|p2a: Scovillain|move: Protect\n|\n|-heal|p2a: Scovillain|183/266|[from] item: Leftovers\n|upkeep\n|turn|27\n|\n|t:|1781449752\n|move|p2a: Scovillain|Substitute|p2a: Scovillain\n|-start|p2a: Scovillain|Substitute\n|-damage|p2a: Scovillain|117/266\n|move|p1a: Ho-Oh|Brave Bird|p2a: Scovillain\n|-supereffective|p2a: Scovillain\n|-end|p2a: Scovillain|Substitute\n|-damage|p1a: Ho-Oh|224/268 par|[from] Recoil|[of] p2a: Scovillain\n|\n|-heal|p2a: Scovillain|133/266|[from] item: Leftovers\n|upkeep\n|turn|28\n|\n|t:|1781449755\n|move|p2a: Scovillain|Substitute|p2a: Scovillain\n|-start|p2a: Scovillain|Substitute\n|-damage|p2a: Scovillain|67/266\n|move|p1a: Ho-Oh|Brave Bird|p2a: Scovillain\n|-supereffective|p2a: Scovillain\n|-end|p2a: Scovillain|Substitute\n|-damage|p1a: Ho-Oh|202/268 par|[from] Recoil|[of] p2a: Scovillain\n|\n|-heal|p2a: Scovillain|83/266|[from] item: Leftovers\n|upkeep\n|turn|29\n|\n|t:|1781449759\n|move|p2a: Scovillain|Protect|p2a: Scovillain\n|-singleturn|p2a: Scovillain|Protect\n|move|p1a: Ho-Oh|Brave Bird|p2a: Scovillain\n|-activate|p2a: Scovillain|move: Protect\n|\n|-heal|p2a: Scovillain|99/266|[from] item: Leftovers\n|upkeep\n|turn|30\n|\n|t:|1781449762\n|move|p2a: Scovillain|Substitute|p2a: Scovillain\n|-start|p2a: Scovillain|Substitute\n|-damage|p2a: Scovillain|33/266\n|move|p1a: Ho-Oh|Brave Bird|p2a: Scovillain\n|-supereffective|p2a: Scovillain\n|-end|p2a: Scovillain|Substitute\n|-damage|p1a: Ho-Oh|180/268 par|[from] Recoil|[of] p2a: Scovillain\n|\n|-heal|p2a: Scovillain|49/266|[from] item: Leftovers\n|upkeep\n|turn|31\n|\n|t:|1781449765\n|move|p2a: Scovillain|Leech Seed|p1a: Ho-Oh|[miss]\n|-miss|p2a: Scovillain|p1a: Ho-Oh\n|move|p1a: Ho-Oh|Recover|p1a: Ho-Oh\n|-heal|p1a: Ho-Oh|268/268 par\n|\n|-heal|p2a: Scovillain|65/266|[from] item: Leftovers\n|upkeep\n|turn|32\n|\n|t:|1781449767\n|move|p2a: Scovillain|Protect|p2a: Scovillain\n|-singleturn|p2a: Scovillain|Protect\n|cant|p1a: Ho-Oh|par\n|\n|-heal|p2a: Scovillain|81/266|[from] item: Leftovers\n|upkeep\n|turn|33\n|\n|t:|1781449769\n|move|p2a: Scovillain|Substitute|p2a: Scovillain\n|-start|p2a: Scovillain|Substitute\n|-damage|p2a: Scovillain|15/266\n|move|p1a: Ho-Oh|Brave Bird|p2a: Scovillain\n|-supereffective|p2a: Scovillain\n|-end|p2a: Scovillain|Substitute\n|-damage|p1a: Ho-Oh|246/268 par|[from] Recoil|[of] p2a: Scovillain\n|\n|-heal|p2a: Scovillain|31/266|[from] item: Leftovers\n|upkeep\n|turn|34\n|\n|t:|1781449772\n|move|p2a: Scovillain|Leech Seed|p1a: Ho-Oh\n|-start|p1a: Ho-Oh|move: Leech Seed\n|move|p1a: Ho-Oh|Brave Bird|p2a: Scovillain\n|-supereffective|p2a: Scovillain\n|-damage|p2a: Scovillain|0 fnt\n|faint|p2a: Scovillain\n|-damage|p1a: Ho-Oh|236/268 par|[from] Recoil\n|\n|upkeep\n|\n|t:|1781449778\n|switch|p2a: Lokix|Lokix, L82, F|176/251\n|turn|35\n|\n|t:|1781449784\n|move|p2a: Lokix|Leech Life|p1a: Ho-Oh\n|-resisted|p1a: Ho-Oh\n|-damage|p1a: Ho-Oh|171/268 par\n|-heal|p2a: Lokix|209/251|[from] drain|[of] p1a: Ho-Oh\n|-damage|p2a: Lokix|184/251|[from] item: Life Orb\n|move|p1a: Ho-Oh|Sacred Fire|p2a: Lokix\n|-supereffective|p2a: Lokix\n|-damage|p2a: Lokix|0 fnt\n|faint|p2a: Lokix\n|\n|upkeep\n|c|\u2606YveltalNL|yeah i played so bad\n|c|\u2606YveltalNL|tf was that\n|-message|YveltalNL forfeited.\n|\n|win|DBKaiyote\n", "uploadtime": 1781449510, "views": 3, "formatid": "gen9randombattle", "rating": null, "private": 0, "password": null}