{"id": "gen9randombattle-2631908287", "format": "[Gen 9] Random Battle", "players": ["koffingwoffing", "who is to say"], "log": "|j|\u2606koffingwoffing\n|j|\u2606who is to say\n|t:|1781454446\n|gametype|singles\n|player|p1|koffingwoffing|will-gen2|2151\n|player|p2|who is to say|1|2236\n|gen|9\n|tier|[Gen 9] Random Battle\n|rated|\n|rule|Species Clause: Limit one of each Pok\u00e9mon\n|rule|HP Percentage Mod: HP is shown in percentages\n|rule|Sleep Clause Mod: Limit one foe put to sleep\n|rule|Illusion Level Mod: Illusion disguises the Pok\u00e9mon's true level\n|\n|t:|1781454446\n|teamsize|p1|6\n|teamsize|p2|6\n|start\n|switch|p1a: Glimmora|Glimmora, L75, M|248/248\n|switch|p2a: Spectrier|Spectrier, L75|274/274\n|turn|1\n|\n|t:|1781454473\n|move|p2a: Spectrier|Substitute|p2a: Spectrier\n|-start|p2a: Spectrier|Substitute\n|-damage|p2a: Spectrier|206/274\n|move|p1a: Glimmora|Meteor Beam||[still]\n|-prepare|p1a: Glimmora|Meteor Beam\n|-boost|p1a: Glimmora|spa|1\n|-enditem|p1a: Glimmora|Power Herb\n|-anim|p1a: Glimmora|Meteor Beam|p2a: Spectrier\n|-end|p2a: Spectrier|Substitute\n|\n|-heal|p2a: Spectrier|223/274|[from] item: Leftovers\n|upkeep\n|turn|2\n|\n|t:|1781454510\n|switch|p2a: Phione|Phione, L91|293/293\n|move|p1a: Glimmora|Earth Power|p2a: Phione\n|-damage|p2a: Phione|189/293\n|-unboost|p2a: Phione|spd|1\n|\n|-heal|p2a: Phione|207/293|[from] item: Leftovers\n|upkeep\n|turn|3\n|\n|t:|1781454542\n|move|p2a: Phione|Scald|p1a: Glimmora\n|-supereffective|p1a: Glimmora\n|-damage|p1a: Glimmora|32/248\n|move|p1a: Glimmora|Energy Ball|p2a: Phione\n|-supereffective|p2a: Phione\n|-damage|p2a: Phione|0 fnt\n|faint|p2a: Phione\n|\n|upkeep\n|\n|t:|1781454552\n|switch|p2a: Spectrier|Spectrier, L75|223/274\n|turn|4\n|\n|t:|1781454555\n|switch|p1a: Ursaring|Ursaring, L84, F|288/288\n|move|p2a: Spectrier|Shadow Ball|p1a: Ursaring\n|-immune|p1a: Ursaring\n|\n|-heal|p2a: Spectrier|240/274|[from] item: Leftovers\n|upkeep\n|turn|5\n|\n|t:|1781454573\n|switch|p2a: Volbeat|Volbeat, L90, M|263/263\n|move|p1a: Ursaring|Earthquake|p2a: Volbeat\n|-resisted|p2a: Volbeat\n|-damage|p2a: Volbeat|217/263\n|\n|upkeep\n|turn|6\n|\n|t:|1781454589\n|move|p2a: Volbeat|Lunge|p1a: Ursaring\n|-damage|p1a: Ursaring|228/288\n|-unboost|p1a: Ursaring|atk|1\n|move|p1a: Ursaring|Body Slam|p2a: Volbeat\n|-damage|p2a: Volbeat|138/263\n|\n|upkeep\n|turn|7\n|\n|t:|1781454608\n|move|p2a: Volbeat|Lunge|p1a: Ursaring\n|-damage|p1a: Ursaring|168/288\n|-unboost|p1a: Ursaring|atk|1\n|move|p1a: Ursaring|Body Slam|p2a: Volbeat\n|-damage|p2a: Volbeat|78/263\n|\n|upkeep\n|turn|8\n|\n|t:|1781454613\n|move|p2a: Volbeat|Roost|p2a: Volbeat\n|-heal|p2a: Volbeat|210/263\n|-singleturn|p2a: Volbeat|move: Roost\n|move|p1a: Ursaring|Body Slam|p2a: Volbeat\n|-damage|p2a: Volbeat|144/263\n|-status|p2a: Volbeat|par\n|\n|upkeep\n|turn|9\n|\n|t:|1781454632\n|switch|p2a: Spectrier|Spectrier, L75|240/274\n|move|p1a: Ursaring|Rest|p1a: Ursaring\n|-status|p1a: Ursaring|slp|[from] move: Rest\n|-heal|p1a: Ursaring|288/288 slp|[silent]\n|\n|-heal|p2a: Spectrier|257/274|[from] item: Leftovers\n|upkeep\n|turn|10\n|\n|t:|1781454660\n|switch|p1a: Hawlucha|Hawlucha, L80, F|256/256\n|move|p2a: Spectrier|Nasty Plot|p2a: Spectrier\n|-boost|p2a: Spectrier|spa|2\n|\n|-heal|p2a: Spectrier|274/274|[from] item: Leftovers\n|upkeep\n|turn|11\n|\n|t:|1781454666\n|move|p2a: Spectrier|Shadow Ball|p1a: Hawlucha\n|-damage|p1a: Hawlucha|18/256\n|move|p1a: Hawlucha|Encore|p2a: Spectrier\n|-start|p2a: Spectrier|Encore\n|\n|upkeep\n|turn|12\n|\n|t:|1781454680\n|switch|p1a: Ursaring|Ursaring, L84, F|288/288 slp\n|move|p2a: Spectrier|Shadow Ball|p1a: Ursaring\n|-immune|p1a: Ursaring\n|\n|upkeep\n|turn|13\n|\n|t:|1781454685\n|switch|p2a: Volbeat|Volbeat, L90, M|144/263 par\n|cant|p1a: Ursaring|slp\n|move|p1a: Ursaring|Sleep Talk|p1a: Ursaring\n|move|p1a: Ursaring|Earthquake|p2a: Volbeat|[from] move: Sleep Talk\n|-resisted|p2a: Volbeat\n|-damage|p2a: Volbeat|68/263 par\n|\n|upkeep\n|turn|14\n|\n|t:|1781454694\n|move|p2a: Volbeat|Roost|p2a: Volbeat\n|-heal|p2a: Volbeat|200/263 par\n|-singleturn|p2a: Volbeat|move: Roost\n|cant|p1a: Ursaring|slp\n|move|p1a: Ursaring|Sleep Talk|p1a: Ursaring\n|move|p1a: Ursaring|Rest||[from] move: Sleep Talk|[still]\n|-fail|p1a: Ursaring\n|\n|upkeep\n|turn|15\n|\n|t:|1781454731\n|switch|p1a: Glimmora|Glimmora, L75, M|32/248\n|move|p2a: Volbeat|Lunge|p1a: Glimmora\n|-resisted|p1a: Glimmora\n|-damage|p1a: Glimmora|0 fnt\n|-activate|p1a: Glimmora|ability: Toxic Debris\n|-sidestart|p2: who is to say|move: Toxic Spikes\n|faint|p1a: Glimmora\n|\n|upkeep\n|\n|t:|1781454764\n|switch|p1a: Mamoswine|Mamoswine, L81, M|311/311\n|turn|16\n|\n|t:|1781454777\n|move|p1a: Mamoswine|Icicle Crash|p2a: Volbeat\n|-damage|p2a: Volbeat|29/263 par\n|move|p2a: Volbeat|Lunge|p1a: Mamoswine\n|-damage|p1a: Mamoswine|226/311\n|-unboost|p1a: Mamoswine|atk|1\n|\n|upkeep\n|turn|17\n|\n|t:|1781454783\n|switch|p2a: Magmortar|Magmortar, L88, F|275/275\n|move|p1a: Mamoswine|Icicle Crash|p2a: Magmortar\n|-resisted|p2a: Magmortar\n|-damage|p2a: Magmortar|218/275\n|\n|upkeep\n|turn|18\n|\n|t:|1781454802\n|switch|p1a: Ursaring|Ursaring, L84, F|288/288 slp\n|move|p2a: Magmortar|Fire Blast|p1a: Ursaring\n|-damage|p1a: Ursaring|170/288 slp\n|\n|upkeep\n|turn|19\n|\n|t:|1781454813\n|move|p2a: Magmortar|Focus Blast|p1a: Ursaring\n|-supereffective|p1a: Ursaring\n|-crit|p1a: Ursaring\n|-damage|p1a: Ursaring|0 fnt\n|faint|p1a: Ursaring\n|\n|upkeep\n|\n|t:|1781454826\n|switch|p1a: Hippowdon|Hippowdon, L82, F|311/311\n|-weather|Sandstorm|[from] ability: Sand Stream|[of] p1a: Hippowdon\n|turn|20\n|\n|t:|1781454834\n|switch|p2a: Volbeat|Volbeat, L90, M|29/263 par\n|move|p1a: Hippowdon|Earthquake|p2a: Volbeat\n|-resisted|p2a: Volbeat\n|-damage|p2a: Volbeat|0 fnt\n|faint|p2a: Volbeat\n|\n|-weather|Sandstorm|[upkeep]\n|upkeep\n|\n|t:|1781454839\n|switch|p2a: Sceptile|Sceptile, L87, F|264/264\n|-status|p2a: Sceptile|psn\n|turn|21\n|\n|t:|1781454867\n|switch|p1a: Venomoth|Venomoth, L84, M|255/255\n|move|p2a: Sceptile|Giga Drain|p1a: Venomoth\n|-resisted|p1a: Venomoth\n|-damage|p1a: Venomoth|231/255\n|\n|-weather|Sandstorm|[upkeep]\n|-damage|p2a: Sceptile|248/264 psn|[from] Sandstorm\n|-damage|p1a: Venomoth|216/255|[from] Sandstorm\n|-heal|p2a: Sceptile|264/264 psn|[from] item: Leftovers\n|-damage|p2a: Sceptile|231/264 psn|[from] psn\n|upkeep\n|turn|22\n|\n|t:|1781454886\n|move|p2a: Sceptile|Leech Seed|p1a: Venomoth\n|-start|p1a: Venomoth|move: Leech Seed\n|move|p1a: Venomoth|Quiver Dance|p1a: Venomoth\n|-boost|p1a: Venomoth|spa|1\n|-boost|p1a: Venomoth|spd|1\n|-boost|p1a: Venomoth|spe|1\n|\n|-weather|Sandstorm|[upkeep]\n|-damage|p1a: Venomoth|201/255|[from] Sandstorm\n|-damage|p2a: Sceptile|215/264 psn|[from] Sandstorm\n|-heal|p2a: Sceptile|231/264 psn|[from] item: Leftovers\n|-damage|p1a: Venomoth|170/255|[from] Leech Seed|[of] p2a: Sceptile\n|-heal|p2a: Sceptile|262/264 psn|[silent]\n|-damage|p2a: Sceptile|229/264 psn|[from] psn\n|upkeep\n|turn|23\n|\n|t:|1781454900\n|switch|p2a: Bastiodon|Bastiodon, L89, M|252/252\n|move|p1a: Venomoth|Bug Buzz|p2a: Bastiodon\n|-immune|p2a: Bastiodon|[from] ability: Soundproof\n|\n|-weather|Sandstorm|[upkeep]\n|-damage|p1a: Venomoth|155/255|[from] Sandstorm\n|-damage|p1a: Venomoth|124/255|[from] Leech Seed|[of] p2a: Bastiodon\n|upkeep\n|turn|24\n|\n|t:|1781454914\n|switch|p1a: Hawlucha|Hawlucha, L80, F|18/256\n|move|p2a: Bastiodon|Iron Defense|p2a: Bastiodon\n|-boost|p2a: Bastiodon|def|2\n|\n|-weather|none\n|upkeep\n|turn|25\n|\n|t:|1781454920\n|switch|p2a: Spectrier|Spectrier, L75|274/274\n|-status|p2a: Spectrier|psn\n|move|p1a: Hawlucha|Encore||[still]\n|-fail|p1a: Hawlucha\n|\n|-damage|p2a: Spectrier|240/274 psn|[from] psn\n|upkeep\n|turn|26\n|\n|t:|1781454934\n|move|p2a: Spectrier|Shadow Ball|p1a: Hawlucha\n|-crit|p1a: Hawlucha\n|-damage|p1a: Hawlucha|0 fnt\n|faint|p1a: Hawlucha\n|-ability|p2a: Spectrier|Grim Neigh|boost\n|-boost|p2a: Spectrier|spa|1\n|\n|-heal|p2a: Spectrier|257/274 psn|[from] item: Leftovers\n|-damage|p2a: Spectrier|223/274 psn|[from] psn\n|upkeep\n|\n|t:|1781454950\n|switch|p1a: Mamoswine|Mamoswine, L81, M|226/311\n|turn|27\n|\n|t:|1781454958\n|-terastallize|p2a: Spectrier|Fighting\n|move|p2a: Spectrier|Tera Blast|p1a: Mamoswine|[anim] Tera Blast Fighting\n|-supereffective|p1a: Mamoswine\n|-damage|p1a: Mamoswine|0 fnt\n|faint|p1a: Mamoswine\n|-ability|p2a: Spectrier|Grim Neigh|boost\n|-boost|p2a: Spectrier|spa|1\n|\n|-heal|p2a: Spectrier|240/274 psn|[from] item: Leftovers\n|-damage|p2a: Spectrier|206/274 psn|[from] psn\n|upkeep\n|-message|koffingwoffing forfeited.\n|\n|win|who is to say\n", "inputlog": ">version a8376a258c1d4662feba110a92103f3664a72141\n>start {\"formatid\":\"gen9randombattle\",\"seed\":\"sodium,6862a4c1d28f50edc0d445238de9b4dc\",\"rated\":\"Rated battle\"}\n>player p1 {\"name\":\"koffingwoffing\",\"avatar\":\"will-gen2\",\"rating\":2151,\"seed\":\"sodium,48517851954b678d22eff0eb0dd6ef37\"}\n>player p2 {\"name\":\"who is to say\",\"avatar\":\"1\",\"rating\":2236,\"seed\":\"sodium,c3199f53a811ea93753236517c336617\"}\n>p1 move meteorbeam\n>p2 move substitute\n>p1 move earthpower\n>p2 switch 6\n>p1 move energyball\n>p2 move scald\n>p2 switch 6\n>p1 switch 5\n>p2 move shadowball\n>p1 move earthquake\n>p2 switch 4\n>p1 move bodyslam\n>p2 move lunge\n>p1 move bodyslam\n>p2 move lunge\n>p1 move bodyslam\n>p2 move roost\n>p1 move rest\n>p2 switch 4\n>p1 switch 3\n>p2 move nastyplot\n>p1 move encore\n>p2 move shadowball\n>p1 switch 3\n>p2 move shadowball\n>p1 move sleeptalk\n>p2 switch 4\n>p1 move sleeptalk\n>p2 move roost\n>p1 switch 5\n>p2 move lunge\n>p1 switch 6\n>p1 move iciclecrash\n>p2 move lunge\n>p1 move iciclecrash\n>p2 switch 5\n>p1 switch 5\n>p2 move fireblast\n>p1 move rest\n>p2 move focusblast\n>p1 switch 4\n>p1 move earthquake\n>p2 switch 5\n>p2 switch 3\n>p1 switch 2\n>p2 move gigadrain\n>p1 move quiverdance\n>p2 move leechseed\n>p1 move bugbuzz\n>p2 switch 2\n>p1 switch 3\n>p2 move irondefense\n>p1 move encore\n>p2 switch 4\n>p1 move encore\n>p2 move shadowball\n>p1 switch 5\n>p1 move knockoff\n>p2 move terablast terastallize\n>forcelose p1", "uploadtime": 1781454448, "views": 6, "formatid": "gen9randombattle", "rating": null, "private": 0, "password": null}