{"id": "gen9randombattle-2631635955", "format": "[Gen 9] Random Battle", "players": ["hgtyrdgfhj", "tuduamumu"], "log": "|j|\u2606hgtyrdgfhj\n|j|\u2606tuduamumu\n|t:|1781412499\n|gametype|singles\n|player|p1|hgtyrdgfhj|preschooler|1085\n|player|p2|tuduamumu|169|1106\n|gen|9\n|tier|[Gen 9] Random Battle\n|rated|\n|rule|Species Clause: Limit one of each Pok\u00e9mon\n|rule|HP Percentage Mod: HP is shown in percentages\n|rule|Sleep Clause Mod: Limit one foe put to sleep\n|rule|Illusion Level Mod: Illusion disguises the Pok\u00e9mon's true level\n|\n|t:|1781412500\n|teamsize|p1|6\n|teamsize|p2|6\n|start\n|switch|p1a: Lugia|Lugia, L73|275/275\n|switch|p2a: Decidueye|Decidueye-Hisui, L87, F|295/295\n|turn|1\n|inactive|Battle timer is ON: inactive players will automatically lose when time's up. (requested by hgtyrdgfhj)\n|\n|t:|1781412525\n|switch|p2a: Regigigas|Regigigas, L84|322/322\n|-start|p2a: Regigigas|ability: Slow Start\n|move|p1a: Lugia|Aeroblast|p2a: Regigigas\n|-damage|p2a: Regigigas|252/322\n|\n|-heal|p2a: Regigigas|272/322|[from] item: Leftovers\n|upkeep\n|turn|2\n|\n|t:|1781412542\n|move|p2a: Regigigas|Protect|p2a: Regigigas\n|-singleturn|p2a: Regigigas|Protect\n|move|p1a: Lugia|Calm Mind|p1a: Lugia\n|-boost|p1a: Lugia|spa|1\n|-boost|p1a: Lugia|spd|1\n|\n|-heal|p2a: Regigigas|292/322|[from] item: Leftovers\n|upkeep\n|turn|3\n|\n|t:|1781412551\n|move|p1a: Lugia|Psychic Noise|p2a: Regigigas\n|-damage|p2a: Regigigas|225/322\n|-start|p2a: Regigigas|move: Heal Block\n|move|p2a: Regigigas|Substitute|p2a: Regigigas\n|-start|p2a: Regigigas|Substitute\n|-damage|p2a: Regigigas|145/322\n|\n|upkeep\n|turn|4\n|\n|t:|1781412561\n|move|p2a: Regigigas|Protect|p2a: Regigigas\n|-singleturn|p2a: Regigigas|Protect\n|move|p1a: Lugia|Calm Mind|p1a: Lugia\n|-boost|p1a: Lugia|spa|1\n|-boost|p1a: Lugia|spd|1\n|\n|-end|p2a: Regigigas|move: Heal Block\n|upkeep\n|turn|5\n|\n|t:|1781412571\n|move|p1a: Lugia|Psychic Noise|p2a: Regigigas\n|-damage|p2a: Regigigas|43/322\n|-start|p2a: Regigigas|move: Heal Block\n|move|p2a: Regigigas|Knock Off|p1a: Lugia\n|-supereffective|p1a: Lugia\n|-damage|p1a: Lugia|231/275\n|-enditem|p1a: Lugia|Heavy-Duty Boots|[from] move: Knock Off|[of] p2a: Regigigas\n|\n|upkeep\n|turn|6\n|\n|t:|1781412591\n|move|p2a: Regigigas|Protect|p2a: Regigigas\n|-singleturn|p2a: Regigigas|Protect\n|move|p1a: Lugia|Recover|p1a: Lugia\n|-heal|p1a: Lugia|275/275\n|\n|-end|p2a: Regigigas|move: Heal Block\n|-end|p2a: Regigigas|Slow Start\n|upkeep\n|turn|7\n|\n|t:|1781412599\n|move|p2a: Regigigas|Knock Off|p1a: Lugia\n|-supereffective|p1a: Lugia\n|-damage|p1a: Lugia|216/275\n|move|p1a: Lugia|Psychic Noise|p2a: Regigigas\n|-damage|p2a: Regigigas|0 fnt\n|faint|p2a: Regigigas\n|-end|p2a: Regigigas|Slow Start|[silent]\n|\n|upkeep\n|\n|t:|1781412608\n|switch|p2a: Chien-Pao|Chien-Pao, L72|234/234\n|-ability|p2a: Chien-Pao|Sword of Ruin\n|turn|8\n|\n|t:|1781412617\n|-terastallize|p2a: Chien-Pao|Ice\n|-terastallize|p1a: Lugia|Steel\n|move|p2a: Chien-Pao|Icicle Crash|p1a: Lugia\n|-resisted|p1a: Lugia\n|-damage|p1a: Lugia|159/275\n|cant|p1a: Lugia|flinch\n|\n|upkeep\n|turn|9\n|\n|t:|1781412626\n|move|p2a: Chien-Pao|Throat Chop|p1a: Lugia\n|-damage|p1a: Lugia|75/275\n|-start|p1a: Lugia|Throat Chop|[silent]\n|move|p1a: Lugia|Recover|p1a: Lugia\n|-heal|p1a: Lugia|213/275\n|\n|upkeep\n|turn|10\n|\n|t:|1781412631\n|move|p2a: Chien-Pao|Swords Dance|p2a: Chien-Pao\n|-boost|p2a: Chien-Pao|atk|2\n|move|p1a: Lugia|Recover|p1a: Lugia\n|-heal|p1a: Lugia|275/275\n|\n|-end|p1a: Lugia|Throat Chop|[silent]\n|upkeep\n|turn|11\n|\n|t:|1781412636\n|move|p2a: Chien-Pao|Swords Dance|p2a: Chien-Pao\n|-boost|p2a: Chien-Pao|atk|2\n|move|p1a: Lugia|Aeroblast|p2a: Chien-Pao\n|-damage|p2a: Chien-Pao|0 fnt\n|faint|p2a: Chien-Pao\n|\n|upkeep\n|l|\u2606tuduamumu\n|inactive|tuduamumu disconnected and has a minute to reconnect!\n|player|p2|\n|inactive|tuduamumu has 30 seconds to reconnect!\n|inactive|tuduamumu has 20 seconds to reconnect!\n|inactive|tuduamumu has 15 seconds to reconnect!\n|inactive|tuduamumu has 10 seconds to reconnect!\n|inactive|tuduamumu has 5 seconds to reconnect!\n|-message|tuduamumu lost due to inactivity.\n|\n|win|hgtyrdgfhj\n|raw|hgtyrdgfhj's rating: 1085 &rarr; <strong>1114</strong><br />(+29 for winning)\n|raw|tuduamumu's rating: 1106 &rarr; <strong>1079</strong><br />(-27 for losing)\n", "uploadtime": 1781412774, "views": 3, "formatid": "gen9randombattle", "rating": 1079, "private": 0, "password": null}