{"id": "gen9randombattle-2631807640", "format": "[Gen 9] Random Battle", "players": ["rbn078", "WarmMonkey"], "log": "|j|\u2606rbn078\n|j|\u2606WarmMonkey\n|t:|1781442578\n|gametype|singles\n|player|p1|rbn078|2|1747\n|player|p2|WarmMonkey|jogger|1701\n|gen|9\n|tier|[Gen 9] Random Battle\n|rated|\n|rule|Species Clause: Limit one of each Pok\u00e9mon\n|rule|HP Percentage Mod: HP is shown in percentages\n|rule|Sleep Clause Mod: Limit one foe put to sleep\n|rule|Illusion Level Mod: Illusion disguises the Pok\u00e9mon's true level\n|\n|t:|1781442578\n|teamsize|p1|6\n|teamsize|p2|6\n|start\n|switch|p1a: Plusle|Plusle, L95, M|268/268\n|switch|p2a: Araquanid|Araquanid, L82, F|246/246\n|turn|1\n|c|\u2606WarmMonkey|ho no i'm gonna get hit with an ELECTRIC\n|\n|t:|1781442603\n|move|p1a: Plusle|Nasty Plot|p1a: Plusle\n|-boost|p1a: Plusle|spa|2\n|move|p2a: Araquanid|Liquidation|p1a: Plusle\n|-damage|p1a: Plusle|49/268\n|\n|upkeep\n|turn|2\n|c|\u2606WarmMonkey|that plusle has two attacks remaining\n|\n|t:|1781442618\n|switch|p2a: Abomasnow|Abomasnow, L84, F|287/287\n|-weather|Snowscape|[from] ability: Snow Warning|[of] p2a: Abomasnow\n|move|p1a: Plusle|Thunderbolt|p2a: Abomasnow\n|-resisted|p2a: Abomasnow\n|-damage|p2a: Abomasnow|147/287\n|-damage|p1a: Plusle|23/268|[from] item: Life Orb\n|\n|-weather|Snowscape|[upkeep]\n|upkeep\n|turn|3\n|\n|t:|1781442626\n|move|p2a: Abomasnow|Ice Shard|p1a: Plusle\n|-damage|p1a: Plusle|0 fnt\n|faint|p1a: Plusle\n|\n|-weather|Snowscape|[upkeep]\n|upkeep\n|c|\u2606WarmMonkey|actually, just one\n|\n|t:|1781442642\n|switch|p1a: Cramorant|Cramorant, L86, F|261/261\n|turn|4\n|\n|t:|1781442664\n|switch|p2a: Overqwil|Overqwil, L82, M|274/274\n|-ability|p2a: Overqwil|Intimidate|boost\n|-unboost|p1a: Cramorant|atk|1\n|move|p1a: Cramorant|Brave Bird|p2a: Overqwil\n|-damage|p2a: Overqwil|202/274\n|-damage|p1a: Cramorant|237/261|[from] Recoil\n|\n|-weather|Snowscape|[upkeep]\n|upkeep\n|turn|5\n|\n|t:|1781442676\n|move|p1a: Cramorant|Surf|p2a: Overqwil\n|-formechange|p1a: Cramorant|Cramorant-Gulping|\n|-damage|p2a: Overqwil|76/274\n|move|p2a: Overqwil|Swords Dance|p2a: Overqwil\n|-boost|p2a: Overqwil|atk|2\n|\n|-weather|Snowscape|[upkeep]\n|upkeep\n|turn|6\n|c|\u2606rbn078|womppp\n|\n|t:|1781442688\n|switch|p2a: Araquanid|Araquanid, L82, F|246/246\n|move|p1a: Cramorant|Surf|p2a: Araquanid\n|-resisted|p2a: Araquanid\n|-damage|p2a: Araquanid|212/246\n|\n|-weather|none\n|upkeep\n|turn|7\n|c|\u2606WarmMonkey|hit mi with that serfdom\n|\n|t:|1781442701\n|switch|p2a: Dusknoir|Dusknoir, L89, M|225/225\n|-item|p1a: Cramorant|Heavy-Duty Boots|[from] ability: Frisk|[of] p2a: Dusknoir\n|move|p1a: Cramorant|Brave Bird|p2a: Dusknoir\n|-damage|p2a: Dusknoir|174/225\n|-damage|p1a: Cramorant|220/261|[from] Recoil\n|\n|upkeep\n|turn|8\n|\n|t:|1781442715\n|switch|p1a: Furret|Furret, L94, M|312/312\n|-item|p2a: Dusknoir|Choice Band|[from] ability: Frisk|[of] p1a: Furret\n|move|p2a: Dusknoir|Poltergeist|p1a: Furret\n|-immune|p1a: Furret\n|\n|upkeep\n|turn|9\n|\n|t:|1781442724\n|switch|p2a: Terrakion|Terrakion, L79|273/273\n|move|p1a: Furret|Tidy Up|p1a: Furret\n|-boost|p1a: Furret|atk|1\n|-boost|p1a: Furret|spe|1\n|\n|upkeep\n|turn|10\n|\n|t:|1781442744\n|-terastallize|p1a: Furret|Ghost\n|move|p1a: Furret|Tidy Up|p1a: Furret\n|-boost|p1a: Furret|atk|1\n|-boost|p1a: Furret|spe|1\n|move|p2a: Terrakion|Close Combat|p1a: Furret\n|-immune|p1a: Furret\n|\n|upkeep\n|turn|11\n|\n|t:|1781442750\n|switch|p2a: Overqwil|Overqwil, L82, M|76/274\n|-ability|p2a: Overqwil|Intimidate|boost\n|-unboost|p1a: Furret|atk|1\n|move|p1a: Furret|Brick Break|p2a: Overqwil\n|-damage|p2a: Overqwil|0 fnt\n|faint|p2a: Overqwil\n|-damage|p1a: Furret|281/312|[from] item: Life Orb\n|\n|upkeep\n|c|\u2606rbn078|brothah keep on talking\n|c|\u2606rbn078|you did well\n|\n|t:|1781442774\n|switch|p2a: Terrakion|Terrakion, L79|273/273\n|turn|12\n|\n|t:|1781442781\n|-terastallize|p2a: Terrakion|Ground\n|move|p1a: Furret|Brick Break|p2a: Terrakion\n|-damage|p2a: Terrakion|153/273\n|-damage|p1a: Furret|250/312|[from] item: Life Orb\n|move|p2a: Terrakion|Earthquake|p1a: Furret\n|-crit|p1a: Furret\n|-damage|p1a: Furret|0 fnt\n|faint|p1a: Furret\n|\n|upkeep\n|\n|t:|1781442784\n|switch|p1a: Cramorant|Cramorant, L86, F|220/261\n|turn|13\n|\n|t:|1781442792\n|switch|p2a: Porygon2|Porygon2, L81|270/270\n|-ability|p2a: Porygon2|Download|boost\n|-boost|p2a: Porygon2|atk|1\n|switch|p1a: Sceptile|Sceptile, L87, F|264/264\n|\n|upkeep\n|turn|14\n|\n|t:|1781442797\n|move|p1a: Sceptile|Focus Blast|p2a: Porygon2|[miss]\n|-miss|p1a: Sceptile|p2a: Porygon2\n|move|p2a: Porygon2|Ice Beam|p1a: Sceptile\n|-supereffective|p1a: Sceptile\n|-damage|p1a: Sceptile|126/264\n|\n|upkeep\n|turn|15\n|\n|t:|1781442803\n|move|p1a: Sceptile|Focus Blast|p2a: Porygon2\n|-supereffective|p2a: Porygon2\n|-damage|p2a: Porygon2|111/270\n|-damage|p1a: Sceptile|100/264|[from] item: Life Orb\n|move|p2a: Porygon2|Ice Beam|p1a: Sceptile\n|-supereffective|p1a: Sceptile\n|-damage|p1a: Sceptile|0 fnt\n|faint|p1a: Sceptile\n|\n|upkeep\n|\n|t:|1781442810\n|switch|p1a: Suicune|Suicune, L82|298/298\n|-ability|p1a: Suicune|Pressure\n|turn|16\n|\n|t:|1781442821\n|move|p1a: Suicune|Calm Mind|p1a: Suicune\n|-boost|p1a: Suicune|spa|1\n|-boost|p1a: Suicune|spd|1\n|move|p2a: Porygon2|Discharge|p1a: Suicune\n|-supereffective|p1a: Suicune\n|-damage|p1a: Suicune|232/298\n|\n|-heal|p1a: Suicune|250/298|[from] item: Leftovers\n|upkeep\n|turn|17\n|inactive|Battle timer is ON: inactive players will automatically lose when time's up. (requested by rbn078)\n|\n|t:|1781442863\n|switch|p2a: Abomasnow|Abomasnow, L84, F|147/287\n|-weather|Snowscape|[from] ability: Snow Warning|[of] p2a: Abomasnow\n|move|p1a: Suicune|Substitute|p1a: Suicune\n|-start|p1a: Suicune|Substitute\n|-damage|p1a: Suicune|176/298\n|\n|-weather|Snowscape|[upkeep]\n|-heal|p1a: Suicune|194/298|[from] item: Leftovers\n|upkeep\n|turn|18\n|\n|t:|1781442891\n|move|p1a: Suicune|Ice Beam|p2a: Abomasnow\n|-damage|p2a: Abomasnow|53/287\n|move|p2a: Abomasnow|Aurora Veil|p2a: Abomasnow\n|-sidestart|p2: WarmMonkey|move: Aurora Veil\n|\n|-weather|Snowscape|[upkeep]\n|-heal|p1a: Suicune|212/298|[from] item: Leftovers\n|upkeep\n|turn|19\n|\n|t:|1781442895\n|move|p1a: Suicune|Calm Mind|p1a: Suicune\n|-boost|p1a: Suicune|spa|1\n|-boost|p1a: Suicune|spd|1\n|move|p2a: Abomasnow|Wood Hammer|p1a: Suicune\n|-supereffective|p1a: Suicune\n|-end|p1a: Suicune|Substitute\n|-damage|p2a: Abomasnow|29/287|[from] Recoil|[of] p1a: Suicune\n|\n|-weather|Snowscape|[upkeep]\n|-heal|p1a: Suicune|230/298|[from] item: Leftovers\n|upkeep\n|turn|20\n|\n|t:|1781442906\n|move|p1a: Suicune|Ice Beam|p2a: Abomasnow\n|-damage|p2a: Abomasnow|0 fnt\n|faint|p2a: Abomasnow\n|\n|-weather|Snowscape|[upkeep]\n|-heal|p1a: Suicune|248/298|[from] item: Leftovers\n|upkeep\n|inactive|WarmMonkey has 120 seconds left.\n|\n|t:|1781442952\n|switch|p2a: Araquanid|Araquanid, L82, F|212/246\n|turn|21\n|\n|t:|1781442975\n|switch|p1a: Cramorant|Cramorant, L86, F|220/261\n|move|p2a: Araquanid|Leech Life|p1a: Cramorant\n|-resisted|p1a: Cramorant\n|-damage|p1a: Cramorant|176/261\n|-heal|p2a: Araquanid|234/246|[from] drain|[of] p1a: Cramorant\n|\n|-weather|none\n|upkeep\n|turn|22\n|\n|t:|1781442987\n|switch|p2a: Dusknoir|Dusknoir, L89, M|174/225\n|-item|p1a: Cramorant|Heavy-Duty Boots|[from] ability: Frisk|[of] p2a: Dusknoir\n|move|p1a: Cramorant|Roost|p1a: Cramorant\n|-heal|p1a: Cramorant|261/261\n|-singleturn|p1a: Cramorant|move: Roost\n|\n|upkeep\n|turn|23\n|\n|t:|1781442992\n|move|p1a: Cramorant|Brave Bird|p2a: Dusknoir\n|-damage|p2a: Dusknoir|132/225\n|-damage|p1a: Cramorant|247/261|[from] Recoil\n|move|p2a: Dusknoir|Trick|p1a: Cramorant\n|-activate|p2a: Dusknoir|move: Trick|[of] p1a: Cramorant\n|-item|p1a: Cramorant|Choice Band|[from] move: Trick\n|-item|p2a: Dusknoir|Heavy-Duty Boots|[from] move: Trick\n|\n|upkeep\n|turn|24\n|\n|t:|1781443001\n|move|p1a: Cramorant|Brave Bird|p2a: Dusknoir\n|-damage|p2a: Dusknoir|68/225\n|-damage|p1a: Cramorant|226/261|[from] Recoil\n|move|p2a: Dusknoir|Poltergeist|p1a: Cramorant\n|-activate|p1a: Cramorant|move: Poltergeist|Choice Band\n|-damage|p1a: Cramorant|39/261\n|\n|upkeep\n|turn|25\n|\n|t:|1781443009\n|move|p2a: Dusknoir|Shadow Sneak|p1a: Cramorant\n|-damage|p1a: Cramorant|0 fnt\n|faint|p1a: Cramorant\n|\n|-sideend|p2: WarmMonkey|move: Aurora Veil\n|upkeep\n|\n|t:|1781443025\n|switch|p1a: Suicune|Suicune, L82|248/298\n|-ability|p1a: Suicune|Pressure\n|turn|26\n|\n|t:|1781443036\n|move|p1a: Suicune|Calm Mind|p1a: Suicune\n|-boost|p1a: Suicune|spa|1\n|-boost|p1a: Suicune|spd|1\n|move|p2a: Dusknoir|Poltergeist|p1a: Suicune\n|-activate|p1a: Suicune|move: Poltergeist|Leftovers\n|-crit|p1a: Suicune\n|-damage|p1a: Suicune|73/298\n|\n|-heal|p1a: Suicune|91/298|[from] item: Leftovers\n|upkeep\n|turn|27\n|c|\u2606WarmMonkey|ho no i'm gonna get hit with a WODER\n|c|\u2606WarmMonkey|i'm gonna beber some agua right now\n|inactive|WarmMonkey has 120 seconds left.\n|c|\u2606WarmMonkey|do u agree?\n|c|\u2606WarmMonkey|did u click scald?\n|\n|t:|1781443083\n|move|p2a: Dusknoir|Shadow Sneak|p1a: Suicune\n|-damage|p1a: Suicune|49/298\n|move|p1a: Suicune|Scald|p2a: Dusknoir\n|-damage|p2a: Dusknoir|0 fnt\n|faint|p2a: Dusknoir\n|\n|-heal|p1a: Suicune|67/298|[from] item: Leftovers\n|upkeep\n|c|\u2606WarmMonkey|say something\n|\n|t:|1781443095\n|switch|p2a: Terrakion|Terrakion, L79, tera:Ground|153/273\n|turn|28\n|\n|t:|1781443120\n|switch|p1a: Venusaur|Venusaur, L84, M|272/272\n|move|p2a: Terrakion|Earthquake|p1a: Venusaur\n|-damage|p1a: Venusaur|97/272\n|\n|-heal|p1a: Venusaur|114/272|[from] item: Leftovers\n|upkeep\n|turn|29\n|-message|rbn078 forfeited.\n|\n|win|WarmMonkey\n|raw|rbn078's rating: 1747 &rarr; <strong>1724</strong><br />(-23 for losing)\n|raw|WarmMonkey's rating: 1701 &rarr; <strong>1724</strong><br />(+23 for winning)\n|l|\u2606rbn078\n|player|p1|\n", "inputlog": ">version a8376a258c1d4662feba110a92103f3664a72141\n>start {\"formatid\":\"gen9randombattle\",\"seed\":\"sodium,44b69a92ec3682feb675d8046ad98dda\",\"rated\":\"Rated battle\"}\n>player p1 {\"name\":\"rbn078\",\"avatar\":\"2\",\"rating\":1747,\"seed\":\"sodium,4317ecc832d2526c186591cd275e6f38\"}\n>player p2 {\"name\":\"WarmMonkey\",\"avatar\":\"jogger\",\"rating\":1701,\"seed\":\"sodium,dfaac883ae3d83f3b497cb47ea51a3a1\"}\n>chat \u2606WarmMonkey|ho no i'm gonna get hit with an ELECTRIC\n>p1 move nastyplot\n>p2 move liquidation\n>chat \u2606WarmMonkey|that plusle has two attacks remaining\n>p1 move thunderbolt\n>p2 switch 4\n>p1 move thunderbolt\n>p2 move iceshard\n>chat \u2606WarmMonkey|actually, just one\n>p1 switch 4\n>p1 move bravebird\n>p2 switch 5\n>p1 move surf\n>p2 move swordsdance\n>chat \u2606rbn078|womppp\n>p1 move surf\n>p2 switch 4\n>chat \u2606WarmMonkey|hit mi with that serfdom\n>p1 move bravebird\n>p2 switch 6\n>p1 switch 3\n>p2 move poltergeist\n>p1 move tidyup\n>p2 switch 2\n>p1 move tidyup terastallize\n>p2 move closecombat\n>p1 move brickbreak\n>p2 switch 4\n>chat \u2606rbn078|brothah keep on talking\n>chat \u2606rbn078|you did well\n>p2 switch 4\n>p1 move brickbreak\n>p2 move earthquake terastallize\n>p1 switch 3\n>p1 switch 5\n>p2 switch 3\n>p1 move focusblast\n>p2 move icebeam\n>p1 move focusblast\n>p2 move icebeam\n>p1 switch 2\n>p1 move calmmind\n>p2 move discharge\n>p1 move substitute\n>p2 switch 5\n>p1 move icebeam\n>p2 move auroraveil\n>p1 move calmmind\n>p2 move woodhammer\n>p1 move icebeam\n>p2 move woodhammer\n>p2 switch 6\n>p1 switch 5\n>p2 move leechlife\n>p1 move roost\n>p2 switch 2\n>p1 move bravebird\n>p2 move trick\n>p1 move bravebird\n>p2 move poltergeist\n>p1 move bravebird\n>p2 move shadowsneak\n>p1 switch 5\n>p1 move calmmind\n>p2 move poltergeist\n>chat \u2606WarmMonkey|ho no i'm gonna get hit with a WODER\n>chat \u2606WarmMonkey|i'm gonna beber some agua right now\n>chat \u2606WarmMonkey|do u agree?\n>chat \u2606WarmMonkey|did u click scald?\n>p1 move scald\n>p2 move shadowsneak\n>chat \u2606WarmMonkey|say something\n>p2 switch 3\n>p1 switch 6\n>p2 move earthquake\n>forcelose p1", "uploadtime": 1781443197, "views": 9, "formatid": "gen9randombattle", "rating": 1724, "private": 0, "password": null}