{"id": "gen9randombattle-2631766500", "format": "[Gen 9] Random Battle", "players": ["dc inversion", "medo6037"], "log": "|j|\u2606dc inversion\n|j|\u2606medo6037\n|t:|1781436333\n|gametype|singles\n|player|p1|dc inversion|265|2129\n|player|p2|medo6037|n|2223\n|gen|9\n|tier|[Gen 9] Random Battle\n|rated|\n|rule|Species Clause: Limit one of each Pok\u00e9mon\n|rule|HP Percentage Mod: HP is shown in percentages\n|rule|Sleep Clause Mod: Limit one foe put to sleep\n|rule|Illusion Level Mod: Illusion disguises the Pok\u00e9mon's true level\n|\n|t:|1781436333\n|teamsize|p1|6\n|teamsize|p2|6\n|start\n|switch|p1a: Iron Boulder|Iron Boulder, L77|265/265\n|switch|p2a: Volbeat|Volbeat, L90, M|263/263\n|turn|1\n|\n|t:|1781436357\n|switch|p2a: Coalossal|Coalossal, L89, M|341/341\n|move|p1a: Iron Boulder|Mighty Cleave|p2a: Coalossal\n|-supereffective|p2a: Coalossal\n|-damage|p2a: Coalossal|143/341\n|-damage|p1a: Iron Boulder|239/265|[from] item: Life Orb\n|\n|upkeep\n|turn|2\n|\n|t:|1781436363\n|move|p1a: Iron Boulder|Mighty Cleave|p2a: Coalossal\n|-supereffective|p2a: Coalossal\n|-damage|p2a: Coalossal|0 fnt\n|faint|p2a: Coalossal\n|-damage|p1a: Iron Boulder|213/265|[from] item: Life Orb\n|\n|upkeep\n|\n|t:|1781436370\n|switch|p2a: Vaporeon|Vaporeon, L86, F|364/364\n|turn|3\n|\n|t:|1781436376\n|-end|p1a: Iron Boulder|Quark Drive|[silent]\n|switch|p1a: Decidueye|Decidueye, L88, F|281/281\n|move|p2a: Vaporeon|Scald|p1a: Decidueye\n|-resisted|p1a: Decidueye\n|-damage|p1a: Decidueye|253/281\n|-status|p1a: Decidueye|brn\n|\n|-damage|p1a: Decidueye|236/281 brn|[from] brn\n|upkeep\n|turn|4\n|\n|t:|1781436391\n|move|p1a: Decidueye|Spirit Shackle|p2a: Vaporeon\n|-damage|p2a: Vaporeon|293/364\n|-activate|p2a: Vaporeon|trapped\n|move|p2a: Vaporeon|Wish|p2a: Vaporeon\n|\n|-heal|p2a: Vaporeon|315/364|[from] item: Leftovers\n|-damage|p1a: Decidueye|219/281 brn|[from] brn\n|upkeep\n|turn|5\n|\n|t:|1781436408\n|move|p1a: Decidueye|Knock Off|p2a: Vaporeon\n|-crit|p2a: Vaporeon\n|-damage|p2a: Vaporeon|236/364\n|-enditem|p2a: Vaporeon|Leftovers|[from] move: Knock Off|[of] p1a: Decidueye\n|move|p2a: Vaporeon|Scald|p1a: Decidueye\n|-resisted|p1a: Decidueye\n|-damage|p1a: Decidueye|189/281 brn\n|\n|-heal|p2a: Vaporeon|364/364|[from] move: Wish|[wisher] Vaporeon\n|-damage|p1a: Decidueye|172/281 brn|[from] brn\n|upkeep\n|turn|6\n|\n|t:|1781436414\n|move|p1a: Decidueye|Leaf Storm|p2a: Vaporeon\n|-supereffective|p2a: Vaporeon\n|-damage|p2a: Vaporeon|52/364\n|-unboost|p1a: Decidueye|spa|2\n|move|p2a: Vaporeon|Wish|p2a: Vaporeon\n|\n|-damage|p1a: Decidueye|155/281 brn|[from] brn\n|upkeep\n|turn|7\n|\n|t:|1781436430\n|move|p2a: Vaporeon|Protect|p2a: Vaporeon\n|-singleturn|p2a: Vaporeon|Protect\n|move|p1a: Decidueye|Leaf Storm|p2a: Vaporeon\n|-activate|p2a: Vaporeon|move: Protect\n|\n|-heal|p2a: Vaporeon|234/364|[from] move: Wish|[wisher] Vaporeon\n|-damage|p1a: Decidueye|138/281 brn|[from] brn\n|upkeep\n|turn|8\n|inactive|Battle timer is ON: inactive players will automatically lose when time's up. (requested by dc inversion)\n|\n|t:|1781436474\n|move|p1a: Decidueye|Leaf Storm|p2a: Vaporeon\n|-supereffective|p2a: Vaporeon\n|-crit|p2a: Vaporeon\n|-damage|p2a: Vaporeon|0 fnt\n|-unboost|p1a: Decidueye|spa|2\n|faint|p2a: Vaporeon\n|\n|-damage|p1a: Decidueye|121/281 brn|[from] brn\n|upkeep\n|\n|t:|1781436485\n|switch|p2a: Masquerain|Masquerain, L87, F|264/264\n|-ability|p2a: Masquerain|Intimidate|boost\n|-unboost|p1a: Decidueye|atk|1\n|turn|9\n|\n|t:|1781436492\n|move|p2a: Masquerain|Stun Spore|p1a: Decidueye\n|-immune|p1a: Decidueye\n|move|p1a: Decidueye|U-turn|p2a: Masquerain\n|-resisted|p2a: Masquerain\n|-damage|p2a: Masquerain|252/264\n|\n|t:|1781436500\n|switch|p1a: Iron Boulder|Iron Boulder, L77|213/265|[from] U-turn\n|\n|upkeep\n|turn|10\n|-message|medo6037 forfeited.\n|\n|win|dc inversion\n", "inputlog": ">version a8376a258c1d4662feba110a92103f3664a72141\n>start {\"formatid\":\"gen9randombattle\",\"seed\":\"sodium,f07ab2944f9b88ffdebc3f2a47e6bd62\",\"rated\":\"Rated battle\"}\n>player p1 {\"name\":\"dc inversion\",\"avatar\":\"265\",\"rating\":2129,\"seed\":\"sodium,421e38058fec4c84c71d1902a99cf332\"}\n>player p2 {\"name\":\"medo6037\",\"avatar\":\"n\",\"rating\":2223,\"seed\":\"sodium,bf31217653665a79268a982c3a1cc3df\"}\n>p1 move mightycleave\n>p2 switch 4\n>p1 move mightycleave\n>p2 move stealthrock\n>p2 switch 5\n>p1 switch 6\n>p2 move scald\n>p1 move spiritshackle\n>p2 move wish\n>p1 move knockoff\n>p2 move scald\n>p1 move leafstorm\n>p2 move wish\n>p1 move leafstorm\n>p2 move protect\n>p1 move leafstorm\n>p2 move wish\n>p2 switch 2\n>p1 move uturn\n>p2 move stunspore\n>p1 switch 6\n>forcelose p2", "uploadtime": 1781436334, "views": 5, "formatid": "gen9randombattle", "rating": null, "private": 0, "password": null}