{"id": "gen9randombattle-2631468788", "format": "[Gen 9] Random Battle", "players": ["etetete", "flaviodssts"], "log": "|j|\u2606etetete\n|j|\u2606flaviodssts\n|t:|1781388536\n|gametype|singles\n|player|p1|etetete|101|2043\n|player|p2|flaviodssts|burglar|1996\n|gen|9\n|tier|[Gen 9] Random Battle\n|rated|\n|rule|Species Clause: Limit one of each Pok\u00e9mon\n|rule|HP Percentage Mod: HP is shown in percentages\n|rule|Sleep Clause Mod: Limit one foe put to sleep\n|rule|Illusion Level Mod: Illusion disguises the Pok\u00e9mon's true level\n|\n|t:|1781388536\n|teamsize|p1|6\n|teamsize|p2|6\n|start\n|switch|p1a: Grafaiai|Grafaiai, L86, F|249/249\n|switch|p2a: Victreebel|Victreebel, L90, F|290/290\n|turn|1\n|inactive|Battle timer is ON: inactive players will automatically lose when time's up. (requested by flaviodssts)\n|\n|t:|1781388553\n|move|p1a: Grafaiai|Knock Off|p2a: Victreebel\n|-damage|p2a: Victreebel|178/290\n|-enditem|p2a: Victreebel|Life Orb|[from] move: Knock Off|[of] p1a: Grafaiai\n|-damage|p1a: Grafaiai|225/249|[from] item: Life Orb\n|move|p2a: Victreebel|Sleep Powder|p1a: Grafaiai\n|-status|p1a: Grafaiai|slp|[from] move: Sleep Powder\n|\n|upkeep\n|turn|2\n|\n|t:|1781388563\n|switch|p1a: Arcanine|Arcanine-Hisui, L79, M|279/279\n|switch|p2a: Typhlosion|Typhlosion, L84, F|267/267\n|\n|upkeep\n|turn|3\n|\n|t:|1781388567\n|move|p2a: Typhlosion|Scorching Sands|p1a: Arcanine\n|-supereffective|p1a: Arcanine\n|-damage|p1a: Arcanine|55/279\n|move|p1a: Arcanine|Head Smash|p2a: Typhlosion\n|-supereffective|p2a: Typhlosion\n|-damage|p2a: Typhlosion|0 fnt\n|faint|p2a: Typhlosion\n|\n|upkeep\n|\n|t:|1781388577\n|switch|p2a: Cyclizar|Cyclizar, L83, M|252/252\n|turn|4\n|\n|t:|1781388582\n|move|p1a: Arcanine|Head Smash|p2a: Cyclizar|[miss]\n|-miss|p1a: Arcanine|p2a: Cyclizar\n|move|p2a: Cyclizar|Draco Meteor|p1a: Arcanine\n|-damage|p1a: Arcanine|0 fnt\n|-unboost|p2a: Cyclizar|spa|2\n|faint|p1a: Arcanine\n|\n|upkeep\n|\n|t:|1781388586\n|switch|p1a: Zangoose|Zangoose, L85, F|263/263\n|turn|5\n|\n|t:|1781388590\n|move|p2a: Cyclizar|Knock Off|p1a: Zangoose\n|-damage|p1a: Zangoose|182/263\n|-enditem|p1a: Zangoose|Toxic Orb|[from] move: Knock Off|[of] p2a: Cyclizar\n|move|p1a: Zangoose|Facade|p2a: Cyclizar\n|-damage|p2a: Cyclizar|140/252\n|\n|upkeep\n|turn|6\n|l|\u2606etetete\n|inactive|etetete disconnected and has a minute to reconnect!\n|player|p1|\n|j|\u2606etetete\n|inactive|etetete reconnected.\n|player|p1|etetete|101|\n|\n|t:|1781388602\n|move|p2a: Cyclizar|Shed Tail|p2a: Cyclizar\n|-start|p2a: Cyclizar|Substitute|[from] move: Shed Tail\n|-damage|p2a: Cyclizar|14/252\n|\n|t:|1781388614\n|switch|p2a: Victreebel|Victreebel, L90, F|178/290|[from] Shed Tail\n|move|p1a: Zangoose|Facade|p2a: Victreebel\n|-end|p2a: Victreebel|Substitute\n|\n|upkeep\n|turn|7\n|\n|t:|1781388621\n|move|p1a: Zangoose|Facade|p2a: Victreebel\n|-damage|p2a: Victreebel|66/290\n|move|p2a: Victreebel|Strength Sap|p1a: Zangoose\n|-unboost|p1a: Zangoose|atk|1\n|-heal|p2a: Victreebel|290/290\n|\n|upkeep\n|turn|8\n|\n|t:|1781388627\n|switch|p1a: Grafaiai|Grafaiai, L86, F|225/249 slp\n|move|p2a: Victreebel|Power Whip|p1a: Grafaiai\n|-resisted|p1a: Grafaiai\n|-damage|p1a: Grafaiai|130/249 slp\n|\n|upkeep\n|turn|9\n|\n|t:|1781388629\n|switch|p2a: Cyclizar|Cyclizar, L83, M|98/252\n|cant|p1a: Grafaiai|slp\n|\n|upkeep\n|turn|10\n|\n|t:|1781388633\n|switch|p1a: Zangoose|Zangoose, L85, F|182/263\n|move|p2a: Cyclizar|Draco Meteor|p1a: Zangoose\n|-damage|p1a: Zangoose|17/263\n|-unboost|p2a: Cyclizar|spa|2\n|\n|upkeep\n|turn|11\n|\n|t:|1781388640\n|switch|p1a: Grafaiai|Grafaiai, L86, F|130/249 slp\n|move|p2a: Cyclizar|Rapid Spin|p1a: Grafaiai\n|-crit|p1a: Grafaiai\n|-damage|p1a: Grafaiai|37/249 slp\n|-boost|p2a: Cyclizar|spe|1\n|\n|upkeep\n|turn|12\n|\n|t:|1781388646\n|switch|p1a: Copperajah|Copperajah, L86, M|349/349\n|move|p2a: Cyclizar|Rapid Spin|p1a: Copperajah\n|-resisted|p1a: Copperajah\n|-damage|p1a: Copperajah|316/349\n|-boost|p2a: Cyclizar|spe|1\n|\n|upkeep\n|turn|13\n|\n|t:|1781388653\n|switch|p2a: Vaporeon|Vaporeon, L86, F|364/364\n|move|p1a: Copperajah|Heavy Slam|p2a: Vaporeon\n|-resisted|p2a: Vaporeon\n|-damage|p2a: Vaporeon|205/364\n|\n|-heal|p2a: Vaporeon|227/364|[from] item: Leftovers\n|upkeep\n|turn|14\n|\n|t:|1781388658\n|switch|p1a: Iron Leaves|Iron Leaves, L80|275/275\n|move|p2a: Vaporeon|Scald|p1a: Iron Leaves\n|-resisted|p1a: Iron Leaves\n|-damage|p1a: Iron Leaves|230/275\n|\n|-heal|p2a: Vaporeon|249/364|[from] item: Leftovers\n|upkeep\n|turn|15\n|\n|t:|1781388666\n|switch|p2a: Volbeat|Volbeat, L90, M|263/263\n|move|p1a: Iron Leaves|Swords Dance|p1a: Iron Leaves\n|-boost|p1a: Iron Leaves|atk|2\n|\n|upkeep\n|turn|16\n|\n|t:|1781388671\n|-end|p1a: Iron Leaves|Quark Drive|[silent]\n|switch|p1a: Copperajah|Copperajah, L86, M|316/349\n|move|p2a: Volbeat|Encore||[still]\n|-fail|p2a: Volbeat\n|\n|upkeep\n|turn|17\n|\n|t:|1781388677\n|move|p2a: Volbeat|U-turn|p1a: Copperajah\n|-resisted|p1a: Copperajah\n|-damage|p1a: Copperajah|273/349\n|\n|t:|1781388679\n|switch|p2a: Vaporeon|Vaporeon, L86, F|249/364|[from] U-turn\n|move|p1a: Copperajah|Supercell Slam|p2a: Vaporeon\n|-supereffective|p2a: Vaporeon\n|-damage|p2a: Vaporeon|0 fnt\n|faint|p2a: Vaporeon\n|\n|upkeep\n|\n|t:|1781388694\n|switch|p2a: Flareon|Flareon, L90, F|263/263\n|turn|18\n|\n|t:|1781388699\n|move|p2a: Flareon|Trailblaze|p1a: Copperajah\n|-resisted|p1a: Copperajah\n|-damage|p1a: Copperajah|241/349\n|-boost|p2a: Flareon|spe|1\n|move|p1a: Copperajah|Supercell Slam|p2a: Flareon|[miss]\n|-miss|p1a: Copperajah|p2a: Flareon\n|-damage|p1a: Copperajah|67/349|[from] supercellslam\n|\n|-status|p2a: Flareon|tox|[from] item: Toxic Orb\n|upkeep\n|turn|19\n|-message|etetete forfeited.\n|\n|win|flaviodssts\n", "uploadtime": 1781388538, "views": 3, "formatid": "gen9randombattle", "rating": null, "private": 0, "password": null}