{"id": "gen9randombattle-2631900396", "format": "[Gen 9] Random Battle", "players": ["haibaraa", "2001win"], "log": "|j|\u2606haibaraa\n|j|\u26062001win\n|t:|1781453591\n|gametype|singles\n|player|p1|haibaraa|unknownf|2042\n|player|p2|2001win|2|2014\n|gen|9\n|tier|[Gen 9] Random Battle\n|rated|\n|rule|Species Clause: Limit one of each Pok\u00e9mon\n|rule|HP Percentage Mod: HP is shown in percentages\n|rule|Sleep Clause Mod: Limit one foe put to sleep\n|rule|Illusion Level Mod: Illusion disguises the Pok\u00e9mon's true level\n|\n|t:|1781453591\n|teamsize|p1|6\n|teamsize|p2|6\n|start\n|switch|p1a: Bellossom|Bellossom, L84, M|263/263\n|switch|p2a: Quaquaval|Quaquaval, L79, F|264/264\n|turn|1\n|\n|t:|1781453598\n|move|p2a: Quaquaval|Triple Axel|p1a: Bellossom\n|-supereffective|p1a: Bellossom\n|-damage|p1a: Bellossom|221/263\n|-supereffective|p1a: Bellossom\n|-damage|p1a: Bellossom|143/263\n|-supereffective|p1a: Bellossom\n|-damage|p1a: Bellossom|13/263\n|-hitcount|p1a: Bellossom|3\n|move|p1a: Bellossom|Giga Drain|p2a: Quaquaval\n|-supereffective|p2a: Quaquaval\n|-damage|p2a: Quaquaval|70/264\n|-heal|p1a: Bellossom|110/263|[from] drain|[of] p2a: Quaquaval\n|\n|-heal|p1a: Bellossom|126/263|[from] item: Leftovers\n|upkeep\n|turn|2\n|\n|t:|1781453604\n|switch|p1a: Gyarados|Gyarados, L79, M|280/280\n|-ability|p1a: Gyarados|Intimidate|boost\n|-unboost|p2a: Quaquaval|atk|1\n|move|p2a: Quaquaval|Triple Axel|p1a: Gyarados\n|-damage|p1a: Gyarados|263/280\n|-damage|p1a: Gyarados|231/280\n|-damage|p1a: Gyarados|177/280\n|-hitcount|p1a: Gyarados|3\n|\n|upkeep\n|turn|3\n|\n|t:|1781453613\n|switch|p2a: Solgaleo|Solgaleo, L74|325/325\n|move|p1a: Gyarados|Dragon Dance|p1a: Gyarados\n|-boost|p1a: Gyarados|atk|1\n|-boost|p1a: Gyarados|spe|1\n|\n|upkeep\n|turn|4\n|\n|t:|1781453620\n|move|p1a: Gyarados|Earthquake|p2a: Solgaleo\n|-supereffective|p2a: Solgaleo\n|-damage|p2a: Solgaleo|103/325\n|move|p2a: Solgaleo|Psychic Fangs|p1a: Gyarados\n|-damage|p1a: Gyarados|77/280\n|\n|upkeep\n|turn|5\n|\n|t:|1781453633\n|switch|p2a: Chesnaught|Chesnaught, L84, F|285/285\n|move|p1a: Gyarados|Waterfall|p2a: Chesnaught\n|-resisted|p2a: Chesnaught\n|-damage|p2a: Chesnaught|233/285\n|\n|-heal|p2a: Chesnaught|250/285|[from] item: Leftovers\n|upkeep\n|turn|6\n|\n|t:|1781453639\n|switch|p2a: Solgaleo|Solgaleo, L74|103/325\n|move|p1a: Gyarados|Temper Flare|p2a: Solgaleo\n|-supereffective|p2a: Solgaleo\n|-damage|p2a: Solgaleo|0 fnt\n|-damage|p1a: Gyarados|31/280|[from] item: Rocky Helmet|[of] p2a: Solgaleo\n|faint|p2a: Solgaleo\n|\n|upkeep\n|\n|t:|1781453658\n|switch|p2a: Drifblim|Drifblim, L86, F|396/396\n|turn|7\n|\n|t:|1781453667\n|move|p1a: Gyarados|Waterfall|p2a: Drifblim\n|-damage|p2a: Drifblim|191/396\n|-enditem|p2a: Drifblim|Sitrus Berry|[eat]\n|-heal|p2a: Drifblim|290/396|[from] item: Sitrus Berry\n|cant|p2a: Drifblim|flinch\n|\n|upkeep\n|turn|8\n|\n|t:|1781453673\n|move|p2a: Drifblim|Strength Sap|p1a: Gyarados\n|-unboost|p1a: Gyarados|atk|1\n|-heal|p2a: Drifblim|396/396\n|move|p1a: Gyarados|Waterfall|p2a: Drifblim\n|-damage|p2a: Drifblim|246/396\n|\n|upkeep\n|turn|9\n|\n|t:|1781453678\n|switch|p1a: Electrode|Electrode-Hisui, L87|246/246\n|move|p2a: Drifblim|Air Slash|p1a: Electrode|[miss]\n|-miss|p2a: Drifblim|p1a: Electrode\n|\n|upkeep\n|turn|10\n|\n|t:|1781453722\n|switch|p2a: Chansey|Chansey, L85, F|564/564\n|move|p1a: Electrode|Thunderbolt|p2a: Chansey\n|-damage|p2a: Chansey|502/564\n|-damage|p1a: Electrode|222/246|[from] item: Life Orb\n|\n|upkeep\n|turn|11\n|\n|t:|1781453726\n|move|p1a: Electrode|Volt Switch|p2a: Chansey\n|-damage|p2a: Chansey|451/564\n|-damage|p1a: Electrode|198/246|[from] item: Life Orb\n|\n|t:|1781453729\n|switch|p1a: Iron Hands|Iron Hands, L79|373/373|[from] Volt Switch\n|move|p2a: Chansey|Stealth Rock|p1a: Iron Hands\n|-sidestart|p1: haibaraa|move: Stealth Rock\n|\n|upkeep\n|turn|12\n|\n|t:|1781453734\n|switch|p2a: Chesnaught|Chesnaught, L84, F|250/285\n|move|p1a: Iron Hands|Swords Dance|p1a: Iron Hands\n|-boost|p1a: Iron Hands|atk|2\n|\n|-heal|p2a: Chesnaught|267/285|[from] item: Leftovers\n|upkeep\n|turn|13\n|\n|t:|1781453739\n|move|p2a: Chesnaught|Iron Defense|p2a: Chesnaught\n|-boost|p2a: Chesnaught|def|2\n|move|p1a: Iron Hands|Ice Punch|p2a: Chesnaught\n|-supereffective|p2a: Chesnaught\n|-damage|p2a: Chesnaught|171/285\n|-status|p2a: Chesnaught|frz\n|\n|-heal|p2a: Chesnaught|188/285 frz|[from] item: Leftovers\n|upkeep\n|turn|14\n|\n|t:|1781453744\n|cant|p2a: Chesnaught|frz\n|move|p1a: Iron Hands|Swords Dance|p1a: Iron Hands\n|-boost|p1a: Iron Hands|atk|2\n|\n|-heal|p2a: Chesnaught|205/285 frz|[from] item: Leftovers\n|upkeep\n|turn|15\n|\n|t:|1781453751\n|-curestatus|p2a: Chesnaught|frz|[msg]\n|move|p2a: Chesnaught|Iron Defense|p2a: Chesnaught\n|-boost|p2a: Chesnaught|def|2\n|move|p1a: Iron Hands|Ice Punch|p2a: Chesnaught\n|-supereffective|p2a: Chesnaught\n|-damage|p2a: Chesnaught|107/285\n|\n|-heal|p2a: Chesnaught|124/285|[from] item: Leftovers\n|upkeep\n|turn|16\n|\n|t:|1781453755\n|move|p2a: Chesnaught|Synthesis|p2a: Chesnaught\n|-heal|p2a: Chesnaught|266/285\n|move|p1a: Iron Hands|Ice Punch|p2a: Chesnaught\n|-supereffective|p2a: Chesnaught\n|-damage|p2a: Chesnaught|160/285\n|\n|-heal|p2a: Chesnaught|177/285|[from] item: Leftovers\n|upkeep\n|turn|17\n|\n|t:|1781453759\n|move|p2a: Chesnaught|Iron Defense|p2a: Chesnaught\n|-boost|p2a: Chesnaught|def|2\n|move|p1a: Iron Hands|Ice Punch|p2a: Chesnaught\n|-supereffective|p2a: Chesnaught\n|-damage|p2a: Chesnaught|107/285\n|\n|-heal|p2a: Chesnaught|124/285|[from] item: Leftovers\n|upkeep\n|turn|18\n|\n|t:|1781453767\n|move|p2a: Chesnaught|Synthesis|p2a: Chesnaught\n|-heal|p2a: Chesnaught|266/285\n|move|p1a: Iron Hands|Ice Punch|p2a: Chesnaught\n|-supereffective|p2a: Chesnaught\n|-damage|p2a: Chesnaught|186/285\n|\n|-heal|p2a: Chesnaught|203/285|[from] item: Leftovers\n|upkeep\n|turn|19\n|\n|t:|1781453770\n|move|p2a: Chesnaught|Trailblaze|p1a: Iron Hands\n|-damage|p1a: Iron Hands|324/373\n|-boost|p2a: Chesnaught|spe|1\n|move|p1a: Iron Hands|Ice Punch|p2a: Chesnaught\n|-supereffective|p2a: Chesnaught\n|-damage|p2a: Chesnaught|121/285\n|\n|-heal|p2a: Chesnaught|138/285|[from] item: Leftovers\n|-heal|p1a: Iron Hands|347/373|[from] item: Leftovers\n|upkeep\n|turn|20\n|\n|t:|1781453774\n|move|p2a: Chesnaught|Synthesis|p2a: Chesnaught\n|-heal|p2a: Chesnaught|280/285\n|move|p1a: Iron Hands|Ice Punch|p2a: Chesnaught\n|-supereffective|p2a: Chesnaught\n|-damage|p2a: Chesnaught|202/285\n|\n|-heal|p2a: Chesnaught|219/285|[from] item: Leftovers\n|-heal|p1a: Iron Hands|370/373|[from] item: Leftovers\n|upkeep\n|turn|21\n|\n|t:|1781453777\n|move|p2a: Chesnaught|Body Press|p1a: Iron Hands\n|-damage|p1a: Iron Hands|0 fnt\n|faint|p1a: Iron Hands\n|-end|p1a: Iron Hands|Quark Drive|[silent]\n|\n|-heal|p2a: Chesnaught|236/285|[from] item: Leftovers\n|upkeep\n|-message|haibaraa forfeited.\n|\n|win|2001win\n|raw|haibaraa's rating: 2042 &rarr; <strong>2020</strong><br />(-22 for losing)\n|raw|2001win's rating: 2014 &rarr; <strong>2036</strong><br />(+22 for winning)\n", "inputlog": ">version a8376a258c1d4662feba110a92103f3664a72141\n>start {\"formatid\":\"gen9randombattle\",\"seed\":\"sodium,12856f03c3126361f029db2044dbbddd\",\"rated\":\"Rated battle\"}\n>player p1 {\"name\":\"haibaraa\",\"avatar\":\"unknownf\",\"rating\":2042,\"seed\":\"sodium,9d033462168dd4b119819c28a1db92db\"}\n>player p2 {\"name\":\"2001win\",\"avatar\":\"2\",\"rating\":2014,\"seed\":\"sodium,7ba28b0bd2da8e91249998ddec40b681\"}\n>p1 move gigadrain\n>p2 move tripleaxel\n>p1 switch 5\n>p2 move tripleaxel\n>p1 move dragondance\n>p2 switch 6\n>p1 move earthquake\n>p2 move psychicfangs\n>p1 move waterfall\n>p2 switch 4\n>p1 move temperflare\n>p2 switch 4\n>p2 switch 2\n>p1 move waterfall\n>p2 move strengthsap\n>p1 move waterfall\n>p2 move strengthsap\n>p1 switch 3\n>p2 move airslash\n>p1 move thunderbolt\n>p2 switch 3\n>p1 move voltswitch\n>p2 move stealthrock\n>p1 switch 4\n>p1 move swordsdance\n>p2 switch 4\n>p1 move icepunch\n>p2 move irondefense\n>p1 move swordsdance\n>p2 move irondefense\n>p1 move icepunch\n>p2 move irondefense\n>p1 move icepunch\n>p2 move synthesis\n>p1 move icepunch\n>p2 move irondefense\n>p1 move icepunch\n>p2 move synthesis\n>p1 move icepunch\n>p2 move trailblaze\n>p1 move icepunch\n>p2 move synthesis\n>p1 move icepunch\n>p2 move bodypress\n>forcelose p1", "uploadtime": 1781453593, "views": 7, "formatid": "gen9randombattle", "rating": 2020, "private": 0, "password": null}