{"id": "gen9randombattle-2631839973", "format": "[Gen 9] Random Battle", "players": ["fick runk", "Glinteighty"], "log": "|j|\u2606fick runk\n|j|\u2606Glinteighty\n|t:|1781446746\n|gametype|singles\n|player|p1|fick runk|parasollady|2046\n|player|p2|Glinteighty|102|2057\n|gen|9\n|tier|[Gen 9] Random Battle\n|rated|\n|rule|Species Clause: Limit one of each Pok\u00e9mon\n|rule|HP Percentage Mod: HP is shown in percentages\n|rule|Sleep Clause Mod: Limit one foe put to sleep\n|rule|Illusion Level Mod: Illusion disguises the Pok\u00e9mon's true level\n|\n|t:|1781446746\n|teamsize|p1|6\n|teamsize|p2|6\n|start\n|switch|p1a: Metagross|Metagross, L79|256/256\n|switch|p2a: Comfey|Comfey, L85, F|225/225\n|turn|1\n|inactive|Battle timer is ON: inactive players will automatically lose when time's up. (requested by fick runk)\n|\n|t:|1781446766\n|switch|p2a: Swampert|Swampert, L83, F|302/302\n|move|p1a: Metagross|Stealth Rock|p2a: Swampert\n|-sidestart|p2: Glinteighty|move: Stealth Rock\n|\n|upkeep\n|turn|2\n|\n|t:|1781446776\n|switch|p1a: Mightyena|Mightyena, L96, F|290/290\n|-ability|p1a: Mightyena|Intimidate|boost\n|-unboost|p2a: Swampert|atk|1\n|move|p2a: Swampert|Stealth Rock|p1a: Mightyena\n|-sidestart|p1: fick runk|move: Stealth Rock\n|\n|upkeep\n|turn|3\n|\n|t:|1781446780\n|switch|p2a: Coalossal|Coalossal, L89, F|341/341\n|move|p1a: Mightyena|Poison Fang|p2a: Coalossal\n|-resisted|p2a: Coalossal\n|-damage|p2a: Coalossal|325/341\n|-status|p1a: Mightyena|brn|[from] ability: Flame Body|[of] p2a: Coalossal\n|\n|-damage|p1a: Mightyena|272/290 brn|[from] brn\n|upkeep\n|turn|4\n|\n|t:|1781446799\n|switch|p2a: Registeel|Registeel, L81|262/262\n|-damage|p2a: Registeel|246/262|[from] Stealth Rock\n|move|p1a: Mightyena|Super Fang|p2a: Registeel\n|-damage|p2a: Registeel|123/262\n|\n|-damage|p1a: Mightyena|254/290 brn|[from] brn\n|upkeep\n|turn|5\n|\n|t:|1781446805\n|switch|p1a: Enamorus|Enamorus-Therian, L83, F|259/259\n|-damage|p1a: Enamorus|195/259|[from] Stealth Rock\n|move|p2a: Registeel|Body Press|p1a: Enamorus\n|-resisted|p1a: Enamorus\n|-damage|p1a: Enamorus|178/259\n|\n|upkeep\n|turn|6\n|\n|t:|1781446812\n|move|p2a: Registeel|Iron Head|p1a: Enamorus\n|-supereffective|p1a: Enamorus\n|-damage|p1a: Enamorus|58/259\n|-enditem|p1a: Enamorus|Weakness Policy\n|-boost|p1a: Enamorus|atk|2|[from] item: Weakness Policy\n|-boost|p1a: Enamorus|spa|2|[from] item: Weakness Policy\n|cant|p1a: Enamorus|flinch\n|\n|upkeep\n|turn|7\n|\n|t:|1781446818\n|move|p2a: Registeel|Iron Head|p1a: Enamorus\n|-supereffective|p1a: Enamorus\n|-damage|p1a: Enamorus|0 fnt\n|faint|p1a: Enamorus\n|\n|upkeep\n|\n|t:|1781446824\n|switch|p1a: Metagross|Metagross, L79|256/256\n|-damage|p1a: Metagross|240/256|[from] Stealth Rock\n|turn|8\n|\n|t:|1781446829\n|move|p1a: Metagross|Earthquake|p2a: Registeel\n|-supereffective|p2a: Registeel\n|-damage|p2a: Registeel|15/262\n|move|p2a: Registeel|Iron Defense|p2a: Registeel\n|-boost|p2a: Registeel|def|2\n|\n|-heal|p1a: Metagross|256/256|[from] item: Leftovers\n|upkeep\n|turn|9\n|\n|t:|1781446833\n|move|p1a: Metagross|Earthquake|p2a: Registeel\n|-supereffective|p2a: Registeel\n|-damage|p2a: Registeel|0 fnt\n|faint|p2a: Registeel\n|\n|upkeep\n|\n|t:|1781446843\n|switch|p2a: Volcarona|Volcarona, L77, M|257/257\n|turn|10\n|\n|t:|1781446849\n|switch|p1a: Mightyena|Mightyena, L96, F|254/290 brn\n|-damage|p1a: Mightyena|218/290 brn|[from] Stealth Rock\n|-ability|p1a: Mightyena|Intimidate|boost\n|-unboost|p2a: Volcarona|atk|1\n|move|p2a: Volcarona|Fiery Dance|p1a: Mightyena\n|-damage|p1a: Mightyena|151/290 brn\n|\n|-damage|p1a: Mightyena|133/290 brn|[from] brn\n|upkeep\n|turn|11\n|\n|t:|1781446862\n|switch|p2a: Coalossal|Coalossal, L89, F|325/341\n|-terastallize|p1a: Mightyena|Poison\n|move|p1a: Mightyena|Poison Fang|p2a: Coalossal\n|-resisted|p2a: Coalossal\n|-damage|p2a: Coalossal|311/341\n|\n|-damage|p1a: Mightyena|115/290 brn|[from] brn\n|upkeep\n|turn|12\n|\n|t:|1781446868\n|switch|p1a: Empoleon|Empoleon, L84, M|278/278\n|-damage|p1a: Empoleon|261/278|[from] Stealth Rock\n|move|p2a: Coalossal|Rapid Spin|p1a: Empoleon\n|-resisted|p1a: Empoleon\n|-damage|p1a: Empoleon|245/278\n|-boost|p2a: Coalossal|spe|1\n|-sideend|p2: Glinteighty|Stealth Rock|[from] move: Rapid Spin|[of] p2a: Coalossal\n|\n|-heal|p1a: Empoleon|262/278|[from] item: Leftovers\n|upkeep\n|turn|13\n|\n|t:|1781446882\n|-terastallize|p2a: Coalossal|Grass\n|move|p2a: Coalossal|Spikes|p1a: Empoleon\n|-sidestart|p1: fick runk|Spikes\n|move|p1a: Empoleon|Surf|p2a: Coalossal\n|-resisted|p2a: Coalossal\n|-damage|p2a: Coalossal|259/341\n|\n|-heal|p1a: Empoleon|278/278|[from] item: Leftovers\n|upkeep\n|turn|14\n|\n|t:|1781446891\n|switch|p2a: Swampert|Swampert, L83, F|302/302\n|switch|p1a: Piloswine|Piloswine, L85, F|309/309\n|-damage|p1a: Piloswine|271/309|[from] Stealth Rock\n|-damage|p1a: Piloswine|233/309|[from] Spikes\n|\n|upkeep\n|turn|15\n|\n|t:|1781446900\n|move|p2a: Swampert|Earthquake|p1a: Piloswine\n|-damage|p1a: Piloswine|157/309\n|move|p1a: Piloswine|Earthquake|p2a: Swampert\n|-damage|p2a: Swampert|182/302\n|\n|-heal|p2a: Swampert|200/302|[from] item: Leftovers\n|upkeep\n|turn|16\n|\n|t:|1781446903\n|switch|p2a: Furret|Furret, L94, F|312/312\n|-item|p1a: Piloswine|Eviolite|[from] ability: Frisk|[of] p2a: Furret\n|move|p1a: Piloswine|Earthquake|p2a: Furret\n|-damage|p2a: Furret|176/312\n|\n|upkeep\n|turn|17\n|\n|t:|1781446906\n|move|p2a: Furret|Knock Off|p1a: Piloswine\n|-damage|p1a: Piloswine|82/309\n|-enditem|p1a: Piloswine|Eviolite|[from] move: Knock Off|[of] p2a: Furret\n|move|p1a: Piloswine|Earthquake|p2a: Furret\n|-damage|p2a: Furret|50/312\n|\n|upkeep\n|turn|18\n|\n|t:|1781446909\n|move|p1a: Piloswine|Ice Shard|p2a: Furret\n|-damage|p2a: Furret|0 fnt\n|faint|p2a: Furret\n|\n|upkeep\n|\n|t:|1781446915\n|switch|p2a: Volcarona|Volcarona, L77, M|257/257\n|turn|19\n|\n|t:|1781446920\n|move|p2a: Volcarona|Quiver Dance|p2a: Volcarona\n|-boost|p2a: Volcarona|spa|1\n|-boost|p2a: Volcarona|spd|1\n|-boost|p2a: Volcarona|spe|1\n|move|p1a: Piloswine|Roar|p2a: Volcarona\n|drag|p2a: Coalossal|Coalossal, L89, F, tera:Grass|259/341\n|\n|upkeep\n|turn|20\n|\n|t:|1781446930\n|switch|p2a: Swampert|Swampert, L83, F|200/302\n|move|p1a: Piloswine|Icicle Crash|p2a: Swampert\n|-damage|p2a: Swampert|109/302\n|\n|-heal|p2a: Swampert|127/302|[from] item: Leftovers\n|upkeep\n|turn|21\n|\n|t:|1781446934\n|move|p1a: Piloswine|Ice Shard|p2a: Swampert\n|-damage|p2a: Swampert|79/302\n|move|p2a: Swampert|Earthquake|p1a: Piloswine\n|-damage|p1a: Piloswine|0 fnt\n|faint|p1a: Piloswine\n|\n|-heal|p2a: Swampert|97/302|[from] item: Leftovers\n|upkeep\n|\n|t:|1781446955\n|switch|p1a: Empoleon|Empoleon, L84, M|278/278\n|-damage|p1a: Empoleon|261/278|[from] Stealth Rock\n|-damage|p1a: Empoleon|227/278|[from] Spikes\n|turn|22\n|\n|t:|1781446963\n|switch|p1a: Mightyena|Mightyena, L96, F, tera:Poison|115/290 brn\n|-damage|p1a: Mightyena|79/290 brn|[from] Stealth Rock\n|-damage|p1a: Mightyena|43/290 brn|[from] Spikes\n|-ability|p1a: Mightyena|Intimidate|boost\n|-unboost|p2a: Swampert|atk|1\n|move|p2a: Swampert|Earthquake|p1a: Mightyena\n|-supereffective|p1a: Mightyena\n|-damage|p1a: Mightyena|0 fnt\n|faint|p1a: Mightyena\n|\n|-heal|p2a: Swampert|115/302|[from] item: Leftovers\n|upkeep\n|\n|t:|1781446965\n|switch|p1a: Empoleon|Empoleon, L84, M|227/278\n|-damage|p1a: Empoleon|210/278|[from] Stealth Rock\n|-damage|p1a: Empoleon|176/278|[from] Spikes\n|turn|23\n|\n|t:|1781446972\n|move|p1a: Empoleon|Surf|p2a: Swampert\n|-damage|p2a: Swampert|1/302\n|move|p2a: Swampert|Earthquake|p1a: Empoleon\n|-supereffective|p1a: Empoleon\n|-damage|p1a: Empoleon|14/278\n|\n|-heal|p1a: Empoleon|31/278|[from] item: Leftovers\n|-heal|p2a: Swampert|19/302|[from] item: Leftovers\n|upkeep\n|turn|24\n|l|\u2606fick runk\n|inactive|fick runk disconnected and has a minute to reconnect!\n|player|p1|\n|\n|t:|1781446979\n|move|p1a: Empoleon|Surf|p2a: Swampert\n|-damage|p2a: Swampert|0 fnt\n|faint|p2a: Swampert\n|\n|-heal|p1a: Empoleon|48/278|[from] item: Leftovers\n|upkeep\n|\n|t:|1781446981\n|switch|p2a: Volcarona|Volcarona, L77, M|257/257\n|turn|25\n|inactive|fick runk has 30 seconds to reconnect!\n|inactive|fick runk has 20 seconds to reconnect!\n|inactive|fick runk has 15 seconds to reconnect!\n|inactive|fick runk has 10 seconds to reconnect!\n|inactive|fick runk has 5 seconds to reconnect!\n|-message|fick runk lost due to inactivity.\n|\n|win|Glinteighty\n", "inputlog": ">version a8376a258c1d4662feba110a92103f3664a72141\n>start {\"formatid\":\"gen9randombattle\",\"seed\":\"sodium,34fdacc622f7aa28caf7b59e5d22d02a\",\"rated\":\"Rated battle\"}\n>player p1 {\"name\":\"fick runk\",\"avatar\":\"parasollady\",\"rating\":2046,\"seed\":\"sodium,a8b381cf82750888ffafe7487c003b47\"}\n>player p2 {\"name\":\"Glinteighty\",\"avatar\":\"102\",\"rating\":2057,\"seed\":\"sodium,bb8c2ff40cfacb2bd6d587b8f4663d49\"}\n>p1 move stealthrock\n>p2 switch 3\n>p1 switch 3\n>p2 move stealthrock\n>p1 move poisonfang\n>p2 switch 6\n>p1 move superfang\n>p2 switch 5\n>p1 switch 6\n>p2 move bodypress\n>p1 move earthpower\n>p2 move ironhead\n>p1 move earthpower\n>p2 move ironhead\n>p1 switch 3\n>p1 move earthquake\n>p2 move irondefense\n>p1 move earthquake\n>p2 move rest\n>p2 switch 4\n>p1 switch 6\n>p2 move fierydance\n>p1 move poisonfang terastallize\n>p2 switch 5\n>p1 switch 2\n>p2 move rapidspin\n>p1 move surf\n>p2 move spikes terastallize\n>p1 switch 4\n>p2 switch 6\n>p1 move earthquake\n>p2 move earthquake\n>p1 move earthquake\n>p2 switch 2\n>p1 move earthquake\n>p2 move knockoff\n>p1 move iceshard\n>p2 move knockoff\n>p2 switch 5\n>p1 move roar\n>p2 move quiverdance\n>p1 move iciclecrash\n>p2 switch 2\n>p1 move iceshard\n>p2 move earthquake\n>p1 switch 4\n>p1 switch 2\n>p2 move earthquake\n>p1 switch 2\n>p1 move surf\n>p2 move earthquake\n>p1 move surf\n>p2 move earthquake\n>p2 switch 6\n>forcelose p1", "uploadtime": 1781446748, "views": 5, "formatid": "gen9randombattle", "rating": null, "private": 0, "password": null}