{"id": "gen9randombattle-2631593403", "format": "[Gen 9] Random Battle", "players": ["Ankush495", "weaktobigbutt"], "log": "|j|\u2606Ankush495\n|j|\u2606weaktobigbutt\n|t:|1781405927\n|gametype|singles\n|player|p1|Ankush495|flint|1879\n|player|p2|weaktobigbutt|swimmer-gen4|1901\n|gen|9\n|tier|[Gen 9] Random Battle\n|rated|\n|rule|Species Clause: Limit one of each Pok\u00e9mon\n|rule|HP Percentage Mod: HP is shown in percentages\n|rule|Sleep Clause Mod: Limit one foe put to sleep\n|rule|Illusion Level Mod: Illusion disguises the Pok\u00e9mon's true level\n|\n|t:|1781405927\n|teamsize|p1|6\n|teamsize|p2|6\n|start\n|switch|p1a: Regice|Regice, L88|284/284\n|switch|p2a: Azelf|Azelf, L82|257/257\n|turn|1\n|inactive|Battle timer is ON: inactive players will automatically lose when time's up. (requested by weaktobigbutt)\n|\n|t:|1781405949\n|switch|p2a: Basculegion|Basculegion, L80, M|323/323\n|switch|p1a: Snorlax|Snorlax, L82, M|397/397\n|\n|upkeep\n|turn|2\n|\n|t:|1781405973\n|move|p2a: Basculegion|Flip Turn|p1a: Snorlax\n|-damage|p1a: Snorlax|285/397\n|\n|t:|1781405975\n|switch|p2a: Meganium|Meganium, L90, F|290/290|[from] Flip Turn\n|move|p1a: Snorlax|Curse|p1a: Snorlax\n|-unboost|p1a: Snorlax|spe|1\n|-boost|p1a: Snorlax|atk|1\n|-boost|p1a: Snorlax|def|1\n|\n|-heal|p1a: Snorlax|309/397|[from] item: Leftovers\n|upkeep\n|turn|3\n|\n|t:|1781405986\n|move|p2a: Meganium|Leech Seed|p1a: Snorlax|[miss]\n|-miss|p2a: Meganium|p1a: Snorlax\n|move|p1a: Snorlax|Body Slam|p2a: Meganium\n|-damage|p2a: Meganium|160/290\n|\n|-heal|p2a: Meganium|178/290|[from] item: Leftovers\n|-heal|p1a: Snorlax|333/397|[from] item: Leftovers\n|upkeep\n|turn|4\n|\n|t:|1781406005\n|move|p2a: Meganium|Leech Seed|p1a: Snorlax\n|-start|p1a: Snorlax|move: Leech Seed\n|move|p1a: Snorlax|Body Slam|p2a: Meganium\n|-damage|p2a: Meganium|51/290\n|-status|p2a: Meganium|par\n|\n|-heal|p2a: Meganium|69/290 par|[from] item: Leftovers\n|-heal|p1a: Snorlax|357/397|[from] item: Leftovers\n|-damage|p1a: Snorlax|308/397|[from] Leech Seed|[of] p2a: Meganium\n|-heal|p2a: Meganium|118/290 par|[silent]\n|upkeep\n|turn|5\n|\n|t:|1781406013\n|switch|p2a: Basculegion|Basculegion, L80, M|323/323\n|move|p1a: Snorlax|Body Slam|p2a: Basculegion\n|-immune|p2a: Basculegion\n|\n|-heal|p1a: Snorlax|332/397|[from] item: Leftovers\n|-damage|p1a: Snorlax|283/397|[from] Leech Seed|[of] p2a: Basculegion\n|upkeep\n|turn|6\n|\n|t:|1781406020\n|move|p2a: Basculegion|Flip Turn|p1a: Snorlax\n|-damage|p1a: Snorlax|213/397\n|\n|t:|1781406021\n|switch|p2a: Meganium|Meganium, L90, F|118/290 par|[from] Flip Turn\n|move|p1a: Snorlax|Curse|p1a: Snorlax\n|-unboost|p1a: Snorlax|spe|1\n|-boost|p1a: Snorlax|atk|1\n|-boost|p1a: Snorlax|def|1\n|\n|-heal|p2a: Meganium|136/290 par|[from] item: Leftovers\n|-heal|p1a: Snorlax|237/397|[from] item: Leftovers\n|-damage|p1a: Snorlax|188/397|[from] Leech Seed|[of] p2a: Meganium\n|-heal|p2a: Meganium|185/290 par|[silent]\n|upkeep\n|turn|7\n|\n|t:|1781406028\n|move|p2a: Meganium|Knock Off|p1a: Snorlax\n|-crit|p1a: Snorlax\n|-damage|p1a: Snorlax|64/397\n|-enditem|p1a: Snorlax|Leftovers|[from] move: Knock Off|[of] p2a: Meganium\n|move|p1a: Snorlax|Body Slam|p2a: Meganium\n|-damage|p2a: Meganium|29/290 par\n|\n|-heal|p2a: Meganium|47/290 par|[from] item: Leftovers\n|-damage|p1a: Snorlax|15/397|[from] Leech Seed|[of] p2a: Meganium\n|-heal|p2a: Meganium|96/290 par|[silent]\n|upkeep\n|turn|8\n|\n|t:|1781406036\n|move|p2a: Meganium|Energy Ball|p1a: Snorlax\n|-damage|p1a: Snorlax|0 fnt\n|faint|p1a: Snorlax\n|\n|-heal|p2a: Meganium|114/290 par|[from] item: Leftovers\n|upkeep\n|\n|t:|1781406049\n|switch|p1a: Volcarona|Volcarona, L77, F|257/257\n|turn|9\n|\n|t:|1781406054\n|move|p1a: Volcarona|Quiver Dance|p1a: Volcarona\n|-boost|p1a: Volcarona|spa|1\n|-boost|p1a: Volcarona|spd|1\n|-boost|p1a: Volcarona|spe|1\n|move|p2a: Meganium|Leech Seed|p1a: Volcarona\n|-start|p1a: Volcarona|move: Leech Seed\n|\n|-heal|p2a: Meganium|132/290 par|[from] item: Leftovers\n|-damage|p1a: Volcarona|225/257|[from] Leech Seed|[of] p2a: Meganium\n|-heal|p2a: Meganium|164/290 par|[silent]\n|upkeep\n|turn|10\n|\n|t:|1781406065\n|move|p1a: Volcarona|Fire Blast|p2a: Meganium\n|-supereffective|p2a: Meganium\n|-damage|p2a: Meganium|0 fnt\n|faint|p2a: Meganium\n|\n|upkeep\n|\n|t:|1781406068\n|switch|p2a: Basculegion|Basculegion, L80, M|323/323\n|turn|11\n|\n|t:|1781406079\n|move|p1a: Volcarona|Giga Drain|p2a: Basculegion\n|-supereffective|p2a: Basculegion\n|-damage|p2a: Basculegion|175/323\n|-heal|p1a: Volcarona|257/257|[from] drain|[of] p2a: Basculegion\n|move|p2a: Basculegion|Wave Crash|p1a: Volcarona\n|-supereffective|p1a: Volcarona\n|-damage|p1a: Volcarona|0 fnt\n|faint|p1a: Volcarona\n|-damage|p2a: Basculegion|90/323|[from] Recoil\n|\n|upkeep\n|\n|t:|1781406089\n|switch|p1a: Girafarig|Girafarig, L89, M|269/269\n|turn|12\n|\n|t:|1781406097\n|move|p1a: Girafarig|Nasty Plot|p1a: Girafarig\n|-boost|p1a: Girafarig|spa|2\n|move|p2a: Basculegion|Flip Turn|p1a: Girafarig\n|-damage|p1a: Girafarig|201/269\n|\n|t:|1781406114\n|switch|p2a: Scyther|Scyther, L82, F|249/249|[from] Flip Turn\n|\n|upkeep\n|turn|13\n|\n|t:|1781406132\n|move|p2a: Scyther|Bug Bite|p1a: Girafarig\n|-supereffective|p1a: Girafarig\n|-damage|p1a: Girafarig|43/269\n|move|p1a: Girafarig|Thunderbolt|p2a: Scyther\n|-supereffective|p2a: Scyther\n|-damage|p2a: Scyther|0 fnt\n|faint|p2a: Scyther\n|\n|upkeep\n|\n|t:|1781406141\n|switch|p2a: Basculegion|Basculegion, L80, M|90/323\n|turn|14\n|\n|t:|1781406155\n|move|p1a: Girafarig|Thunderbolt|p2a: Basculegion\n|-supereffective|p2a: Basculegion\n|-damage|p2a: Basculegion|0 fnt\n|faint|p2a: Basculegion\n|\n|upkeep\n|\n|t:|1781406158\n|switch|p2a: Azelf|Azelf, L82|257/257\n|turn|15\n|\n|t:|1781406163\n|move|p2a: Azelf|Dazzling Gleam|p1a: Girafarig\n|-damage|p1a: Girafarig|0 fnt\n|faint|p1a: Girafarig\n|-damage|p2a: Azelf|232/257|[from] item: Life Orb\n|\n|upkeep\n|\n|t:|1781406171\n|switch|p1a: Kingambit|Kingambit, L74, M|270/270\n|-activate|p1a: Kingambit|ability: Supreme Overlord\n|-start|p1a: Kingambit|fallen3|[silent]\n|turn|16\n|\n|t:|1781406177\n|move|p2a: Azelf|Fire Blast|p1a: Kingambit|[miss]\n|-miss|p2a: Azelf|p1a: Kingambit\n|move|p1a: Kingambit|Swords Dance|p1a: Kingambit\n|-boost|p1a: Kingambit|atk|2\n|\n|upkeep\n|turn|17\n|\n|t:|1781406180\n|-terastallize|p2a: Azelf|Fire\n|move|p1a: Kingambit|Sucker Punch|p2a: Azelf\n|-damage|p2a: Azelf|0 fnt\n|faint|p2a: Azelf\n|\n|upkeep\n|\n|t:|1781406188\n|switch|p2a: Dusknoir|Dusknoir, L89, F|225/225\n|-item|p1a: Kingambit|Leftovers|[from] ability: Frisk|[of] p2a: Dusknoir\n|turn|18\n|\n|t:|1781406194\n|move|p2a: Dusknoir|Substitute|p2a: Dusknoir\n|-start|p2a: Dusknoir|Substitute\n|-damage|p2a: Dusknoir|169/225\n|move|p1a: Kingambit|Kowtow Cleave|p2a: Dusknoir\n|-supereffective|p2a: Dusknoir\n|-end|p2a: Dusknoir|Substitute\n|\n|-heal|p2a: Dusknoir|183/225|[from] item: Leftovers\n|upkeep\n|turn|19\n|\n|t:|1781406197\n|move|p2a: Dusknoir|Substitute|p2a: Dusknoir\n|-start|p2a: Dusknoir|Substitute\n|-damage|p2a: Dusknoir|127/225\n|move|p1a: Kingambit|Kowtow Cleave|p2a: Dusknoir\n|-supereffective|p2a: Dusknoir\n|-crit|p2a: Dusknoir\n|-end|p2a: Dusknoir|Substitute\n|\n|-heal|p2a: Dusknoir|141/225|[from] item: Leftovers\n|upkeep\n|turn|20\n|\n|t:|1781406200\n|-singleturn|p2a: Dusknoir|move: Focus Punch\n|move|p1a: Kingambit|Kowtow Cleave|p2a: Dusknoir\n|-supereffective|p2a: Dusknoir\n|-damage|p2a: Dusknoir|0 fnt\n|faint|p2a: Dusknoir\n|\n|upkeep\n|-message|weaktobigbutt forfeited.\n|\n|win|Ankush495\n|raw|Ankush495's rating: 1879 &rarr; <strong>1900</strong><br />(+21 for winning)\n|raw|weaktobigbutt's rating: 1901 &rarr; <strong>1880</strong><br />(-21 for losing)\n", "inputlog": ">version a8376a258c1d4662feba110a92103f3664a72141\n>start {\"formatid\":\"gen9randombattle\",\"seed\":\"sodium,2561c10a8f672c3c6a3926f7c42b1fcc\",\"rated\":\"Rated battle\"}\n>player p1 {\"name\":\"Ankush495\",\"avatar\":\"flint\",\"rating\":1879,\"seed\":\"sodium,74011006a226c624049cad47a23a9bb7\"}\n>player p2 {\"name\":\"weaktobigbutt\",\"avatar\":\"swimmer-gen4\",\"rating\":1901,\"seed\":\"sodium,fed0041297292cd755686ec7d5af29a2\"}\n>p1 switch 2\n>p2 switch 4\n>p1 move curse\n>p2 move flipturn\n>p2 switch 3\n>p1 move bodyslam\n>p2 move leechseed\n>p1 move bodyslam\n>p2 move leechseed\n>p1 move bodyslam\n>p2 switch 3\n>p1 move curse\n>p2 move flipturn\n>p2 switch 3\n>p1 move bodyslam\n>p2 move knockoff\n>p1 move rest\n>p2 move energyball\n>p1 switch 5\n>p1 move quiverdance\n>p2 move leechseed\n>p1 move fireblast\n>p2 move knockoff\n>p2 switch 3\n>p1 move gigadrain\n>p2 move wavecrash\n>p1 switch 4\n>p1 move nastyplot\n>p2 move flipturn\n>p2 switch 5\n>p1 move thunderbolt\n>p2 move bugbite\n>p2 switch 5\n>p1 move thunderbolt\n>p2 move wavecrash\n>p2 switch 4\n>p1 move thunderbolt\n>p2 move dazzlinggleam\n>p1 switch 6\n>p1 move swordsdance\n>p2 move fireblast\n>p1 move suckerpunch\n>p2 move fireblast terastallize\n>p2 switch 6\n>p1 move kowtowcleave\n>p2 move substitute\n>p1 move kowtowcleave\n>p2 move substitute\n>p1 move kowtowcleave\n>p2 move focuspunch\n>forcelose p2", "uploadtime": 1781406205, "views": 6, "formatid": "gen9randombattle", "rating": 1880, "private": 0, "password": null}