{"id": "gen9randombattle-2631429633", "format": "[Gen 9] Random Battle", "players": ["HudsonStyles30", "dopamine zombie"], "log": "|j|\u2606HudsonStyles30\n|j|\u2606dopamine zombie\n|t:|1781383622\n|gametype|singles\n|player|p1|HudsonStyles30|266|2056\n|player|p2|dopamine zombie|266|2094\n|gen|9\n|tier|[Gen 9] Random Battle\n|rated|\n|rule|Species Clause: Limit one of each Pok\u00e9mon\n|rule|HP Percentage Mod: HP is shown in percentages\n|rule|Sleep Clause Mod: Limit one foe put to sleep\n|rule|Illusion Level Mod: Illusion disguises the Pok\u00e9mon's true level\n|\n|t:|1781383622\n|teamsize|p1|6\n|teamsize|p2|6\n|start\n|switch|p1a: Malamar|Malamar, L82, F|275/275\n|switch|p2a: Pincurchin|Pincurchin, M|258/258\n|-fieldstart|move: Electric Terrain|[from] ability: Electric Surge|[of] p2a: Pincurchin\n|turn|1\n|inactive|Battle timer is ON: inactive players will automatically lose when time's up. (requested by dopamine zombie)\n|j| rufoush\n|inactive|HudsonStyles30 has 120 seconds left.\n|\n|t:|1781383669\n|switch|p2a: Scream Tail|Scream Tail, L84|330/330\n|move|p1a: Malamar|Superpower|p2a: Scream Tail\n|-resisted|p2a: Scream Tail\n|-damage|p2a: Scream Tail|313/330\n|-boost|p1a: Malamar|atk|1\n|-boost|p1a: Malamar|def|1\n|\n|-heal|p2a: Scream Tail|330/330|[from] item: Leftovers\n|upkeep\n|turn|2\n|\n|t:|1781383684\n|move|p2a: Scream Tail|Encore|p1a: Malamar\n|-start|p1a: Malamar|Encore\n|move|p1a: Malamar|Superpower|p2a: Scream Tail\n|-resisted|p2a: Scream Tail\n|-damage|p2a: Scream Tail|305/330\n|-boost|p1a: Malamar|atk|1\n|-boost|p1a: Malamar|def|1\n|\n|-heal|p2a: Scream Tail|325/330|[from] item: Leftovers\n|upkeep\n|turn|3\n|inactive|HudsonStyles30 has 120 seconds left.\n|\n|t:|1781383725\n|-end|p2a: Scream Tail|Protosynthesis|[silent]\n|switch|p2a: Skeledirge|Skeledirge, L79, F|294/294\n|switch|p1a: Hydrapple|Hydrapple, L83, M|312/312\n|\n|upkeep\n|turn|4\n|\n|t:|1781383736\n|switch|p2a: Umbreon|Umbreon, L84, M|297/297\n|move|p1a: Hydrapple|Draco Meteor|p2a: Umbreon\n|-crit|p2a: Umbreon\n|-damage|p2a: Umbreon|21/297\n|-unboost|p1a: Hydrapple|spa|2\n|\n|-heal|p2a: Umbreon|39/297|[from] item: Leftovers\n|upkeep\n|turn|5\n|\n|t:|1781383758\n|switch|p1a: Scrafty|Scrafty, L83, F|244/244\n|-ability|p1a: Scrafty|Intimidate|boost\n|-unboost|p2a: Umbreon|atk|1\n|move|p2a: Umbreon|Wish|p2a: Umbreon\n|\n|-heal|p2a: Umbreon|57/297|[from] item: Leftovers\n|-fieldend|move: Electric Terrain\n|upkeep\n|turn|6\n|\n|t:|1781383770\n|switch|p2a: Scream Tail|Scream Tail, L84|325/330\n|move|p1a: Scrafty|Dragon Dance|p1a: Scrafty\n|-boost|p1a: Scrafty|atk|1\n|-boost|p1a: Scrafty|spe|1\n|\n|-heal|p2a: Scream Tail|330/330|[from] move: Wish|[wisher] Umbreon\n|upkeep\n|turn|7\n|\n|t:|1781383779\n|switch|p1a: Ho-Oh|Ho-Oh, L71|268/268\n|move|p2a: Scream Tail|Encore||[still]\n|-fail|p2a: Scream Tail\n|\n|upkeep\n|turn|8\n|\n|t:|1781383785\n|move|p2a: Scream Tail|Wish|p2a: Scream Tail\n|move|p1a: Ho-Oh|Sacred Fire|p2a: Scream Tail\n|-damage|p2a: Scream Tail|248/330\n|-status|p2a: Scream Tail|brn\n|\n|-heal|p2a: Scream Tail|268/330 brn|[from] item: Leftovers\n|-damage|p2a: Scream Tail|248/330 brn|[from] brn\n|upkeep\n|turn|9\n|inactive|HudsonStyles30 has 120 seconds left.\n|\n|t:|1781383802\n|-end|p2a: Scream Tail|Protosynthesis|[silent]\n|switch|p2a: Pincurchin|Pincurchin, M|258/258\n|-fieldstart|move: Electric Terrain|[from] ability: Electric Surge|[of] p2a: Pincurchin\n|switch|p1a: Hydrapple|Hydrapple, L83, M|312/312\n|\n|upkeep\n|turn|10\n|inactive|HudsonStyles30 has 120 seconds left.\n|\n|t:|1781383815\n|switch|p2a: Umbreon|Umbreon, L84, M|57/297\n|move|p1a: Hydrapple|Leaf Storm|p2a: Umbreon\n|-damage|p2a: Umbreon|0 fnt\n|-unboost|p1a: Hydrapple|spa|2\n|faint|p2a: Umbreon\n|\n|upkeep\n|\n|t:|1781383821\n|switch|p2a: Skeledirge|Skeledirge, L79, F|294/294\n|turn|11\n|inactive|HudsonStyles30 has 120 seconds left.\n|\n|t:|1781383838\n|switch|p1a: Cramorant|Cramorant, L86, M|261/261\n|move|p2a: Skeledirge|Torch Song|p1a: Cramorant\n|-resisted|p1a: Cramorant\n|-damage|p1a: Cramorant|226/261\n|-boost|p2a: Skeledirge|spa|1\n|\n|upkeep\n|turn|12\n|\n|t:|1781383845\n|move|p1a: Cramorant|Surf|p2a: Skeledirge\n|-formechange|p1a: Cramorant|Cramorant-Gulping|\n|-supereffective|p2a: Skeledirge\n|-damage|p2a: Skeledirge|94/294\n|move|p2a: Skeledirge|Flame Charge|p1a: Cramorant\n|-resisted|p1a: Cramorant\n|-damage|p1a: Cramorant|200/261\n|-boost|p2a: Skeledirge|spe|1\n|-damage|p2a: Skeledirge|21/294|[from] ability: Gulp Missile|[of] p1a: Cramorant\n|-unboost|p2a: Skeledirge|def|1\n|-formechange|p1a: Cramorant|Cramorant|\n|\n|upkeep\n|turn|13\n|inactive|HudsonStyles30 has 120 seconds left.\n|\n|t:|1781383860\n|move|p2a: Skeledirge|Shadow Ball|p1a: Cramorant\n|-damage|p1a: Cramorant|80/261\n|move|p1a: Cramorant|Surf|p2a: Skeledirge\n|-formechange|p1a: Cramorant|Cramorant-Gorging|\n|-supereffective|p2a: Skeledirge\n|-damage|p2a: Skeledirge|0 fnt\n|faint|p2a: Skeledirge\n|\n|-fieldend|move: Electric Terrain\n|upkeep\n|\n|t:|1781383863\n|switch|p2a: Pincurchin|Pincurchin, M|258/258\n|-fieldstart|move: Electric Terrain|[from] ability: Electric Surge|[of] p2a: Pincurchin\n|turn|14\n|inactive|HudsonStyles30 has 120 seconds left.\n|\n|t:|1781383882\n|switch|p1a: Hydrapple|Hydrapple, L83, M|312/312\n|move|p2a: Pincurchin|Discharge|p1a: Hydrapple\n|-resisted|p1a: Hydrapple\n|-damage|p1a: Hydrapple|270/312\n|-status|p1a: Hydrapple|par\n|\n|upkeep\n|turn|15\n|inactive|HudsonStyles30 has 120 seconds left.\n|\n|t:|1781383902\n|move|p2a: Pincurchin|Spikes|p1a: Hydrapple\n|-sidestart|p1: HudsonStyles30|Spikes\n|move|p1a: Hydrapple|Leaf Storm|p2a: Pincurchin\n|-damage|p2a: Pincurchin|54/258\n|-unboost|p1a: Hydrapple|spa|2\n|\n|-heal|p2a: Pincurchin|70/258|[from] item: Leftovers\n|upkeep\n|turn|16\n|inactive|HudsonStyles30 has 120 seconds left.\n|\n|t:|1781383914\n|switch|p1a: Malamar|Malamar, L82, F|275/275\n|-damage|p1a: Malamar|241/275|[from] Spikes\n|move|p2a: Pincurchin|Spikes|p1a: Malamar\n|-sidestart|p1: HudsonStyles30|Spikes\n|\n|-heal|p1a: Malamar|258/275|[from] item: Leftovers\n|-heal|p2a: Pincurchin|86/258|[from] item: Leftovers\n|upkeep\n|turn|17\n|inactive|HudsonStyles30 has 120 seconds left.\n|\n|t:|1781383924\n|switch|p2a: Scream Tail|Scream Tail, L84|248/330 brn\n|move|p1a: Malamar|Knock Off|p2a: Scream Tail\n|-damage|p2a: Scream Tail|155/330 brn\n|-enditem|p2a: Scream Tail|Leftovers|[from] move: Knock Off|[of] p1a: Malamar\n|\n|-heal|p1a: Malamar|275/275|[from] item: Leftovers\n|-damage|p2a: Scream Tail|135/330 brn|[from] brn\n|upkeep\n|turn|18\n|inactive|HudsonStyles30 has 120 seconds left.\n|\n|t:|1781383939\n|switch|p1a: Cramorant|Cramorant, L86, M|80/261\n|move|p2a: Scream Tail|Wish|p2a: Scream Tail\n|\n|-damage|p2a: Scream Tail|115/330 brn|[from] brn\n|-fieldend|move: Electric Terrain\n|upkeep\n|turn|19\n|\n|t:|1781383945\n|-end|p2a: Scream Tail|Protosynthesis|[silent]\n|switch|p2a: Pincurchin|Pincurchin, M|86/258\n|-fieldstart|move: Electric Terrain|[from] ability: Electric Surge|[of] p2a: Pincurchin\n|move|p1a: Cramorant|Defog|p2a: Pincurchin\n|-unboost|p2a: Pincurchin|evasion|1\n|-sideend|p1: HudsonStyles30|Spikes|[from] move: Defog|[of] p1a: Cramorant\n|-fieldend|move: Electric Terrain\n|\n|-heal|p2a: Pincurchin|251/258|[from] move: Wish|[wisher] Scream Tail\n|-heal|p2a: Pincurchin|258/258|[from] item: Leftovers\n|upkeep\n|turn|20\n|inactive|HudsonStyles30 has 120 seconds left.\n|\n|t:|1781383953\n|switch|p1a: Hydrapple|Hydrapple, L83, M|312/312 par\n|move|p2a: Pincurchin|Discharge|p1a: Hydrapple\n|-resisted|p1a: Hydrapple\n|-damage|p1a: Hydrapple|283/312 par\n|\n|upkeep\n|turn|21\n|\n|t:|1781383959\n|move|p2a: Pincurchin|Spikes|p1a: Hydrapple\n|-sidestart|p1: HudsonStyles30|Spikes\n|cant|p1a: Hydrapple|par\n|\n|upkeep\n|turn|22\n|\n|t:|1781383963\n|move|p2a: Pincurchin|Spikes|p1a: Hydrapple\n|-sidestart|p1: HudsonStyles30|Spikes\n|move|p1a: Hydrapple|Leaf Storm|p2a: Pincurchin\n|-damage|p2a: Pincurchin|63/258\n|-unboost|p1a: Hydrapple|spa|2\n|\n|-heal|p2a: Pincurchin|79/258|[from] item: Leftovers\n|upkeep\n|turn|23\n|\n|t:|1781383967\n|move|p2a: Pincurchin|Spikes|p1a: Hydrapple\n|-sidestart|p1: HudsonStyles30|Spikes\n|move|p1a: Hydrapple|Leaf Storm|p2a: Pincurchin\n|-damage|p2a: Pincurchin|0 fnt\n|-unboost|p1a: Hydrapple|spa|2\n|faint|p2a: Pincurchin\n|\n|upkeep\n|\n|t:|1781383970\n|switch|p2a: Iron Valiant|Iron Valiant, L78|244/244\n|turn|24\n|\n|t:|1781383991\n|switch|p1a: Ho-Oh|Ho-Oh, L71|268/268\n|move|p2a: Iron Valiant|Swords Dance|p2a: Iron Valiant\n|-boost|p2a: Iron Valiant|atk|2\n|\n|upkeep\n|turn|25\n|inactive|HudsonStyles30 has 120 seconds left.\n|\n|t:|1781384013\n|-terastallize|p2a: Iron Valiant|Dark\n|move|p2a: Iron Valiant|Knock Off|p1a: Ho-Oh\n|-damage|p1a: Ho-Oh|0 fnt\n|-enditem|p1a: Ho-Oh|Heavy-Duty Boots|[from] move: Knock Off|[of] p2a: Iron Valiant\n|faint|p1a: Ho-Oh\n|-damage|p2a: Iron Valiant|220/244|[from] item: Life Orb\n|\n|upkeep\n|inactive|HudsonStyles30 has 120 seconds left.\n|\n|t:|1781384044\n|switch|p1a: Scrafty|Scrafty, L83, F|244/244\n|-damage|p1a: Scrafty|183/244|[from] Spikes\n|-ability|p1a: Scrafty|Intimidate|boost\n|-unboost|p2a: Iron Valiant|atk|1\n|turn|26\n|inactive|HudsonStyles30 has 90 seconds left.\n|\n|t:|1781384070\n|switch|p1a: Cramorant|Cramorant, L86, M|80/261\n|move|p2a: Iron Valiant|Swords Dance|p2a: Iron Valiant\n|-boost|p2a: Iron Valiant|atk|2\n|\n|upkeep\n|turn|27\n|\n|t:|1781384079\n|move|p2a: Iron Valiant|Spirit Break|p1a: Cramorant\n|-damage|p1a: Cramorant|0 fnt\n|faint|p1a: Cramorant\n|-damage|p2a: Iron Valiant|196/244|[from] item: Life Orb\n|\n|upkeep\n|\n|t:|1781384082\n|switch|p1a: Scrafty|Scrafty, L83, F|183/244\n|-damage|p1a: Scrafty|122/244|[from] Spikes\n|-ability|p1a: Scrafty|Intimidate|boost\n|-unboost|p2a: Iron Valiant|atk|1\n|turn|28\n|\n|t:|1781384088\n|move|p2a: Iron Valiant|Close Combat|p1a: Scrafty\n|-supereffective|p1a: Scrafty\n|-crit|p1a: Scrafty\n|-damage|p1a: Scrafty|0 fnt\n|-unboost|p2a: Iron Valiant|def|1\n|-unboost|p2a: Iron Valiant|spd|1\n|faint|p1a: Scrafty\n|-damage|p2a: Iron Valiant|172/244|[from] item: Life Orb\n|\n|upkeep\n|inactive|HudsonStyles30 has 90 seconds left.\n|-message|HudsonStyles30 forfeited.\n|\n|win|dopamine zombie\n", "inputlog": ">version a8376a258c1d4662feba110a92103f3664a72141\n>start {\"formatid\":\"gen9randombattle\",\"seed\":\"sodium,21d14c7e033779dfd9e0329a5d193157\",\"rated\":\"Rated battle\"}\n>player p1 {\"name\":\"HudsonStyles30\",\"avatar\":\"266\",\"rating\":2056,\"seed\":\"sodium,084aeeffc1982a225437ae3dc94fa4e5\"}\n>player p2 {\"name\":\"dopamine zombie\",\"avatar\":\"266\",\"rating\":2094,\"seed\":\"sodium,aedf5be528843fd2bd84c6d634c7acaf\"}\n>p1 move superpower\n>p2 switch 4\n>p1 move superpower\n>p2 move encore\n>p1 switch 4\n>p2 switch 6\n>p1 move dracometeor\n>p2 switch 5\n>p1 switch 6\n>p2 move wish\n>p1 move dragondance\n>p2 switch 6\n>p1 switch 5\n>p2 move encore\n>p1 move sacredfire\n>p2 move wish\n>p1 switch 6\n>p2 switch 4\n>p1 move leafstorm\n>p2 switch 6\n>p2 switch 5\n>p1 switch 2\n>p2 move torchsong\n>p1 move surf\n>p2 move flamecharge\n>p1 move surf\n>p2 move shadowball\n>p2 switch 6\n>p1 switch 2\n>p2 move discharge\n>p1 move leafstorm\n>p2 move spikes\n>p1 switch 4\n>p2 move spikes\n>p1 move knockoff\n>p2 switch 4\n>p1 switch 2\n>p2 move wish\n>p1 move defog\n>p2 switch 4\n>p1 switch 4\n>p2 move discharge\n>p1 move leafstorm\n>p2 move spikes\n>p1 move leafstorm\n>p2 move spikes\n>p1 move leafstorm\n>p2 move spikes\n>p2 switch 2\n>p1 switch 6\n>p2 move swordsdance\n>p1 move bravebird\n>p2 move knockoff terastallize\n>p1 switch 5\n>p1 switch 4\n>p2 move swordsdance\n>p1 move surf\n>p2 move spiritbreak\n>p1 switch 4\n>p1 move drainpunch\n>p2 move closecombat\n>forcelose p1", "uploadtime": 1781383624, "views": 9, "formatid": "gen9randombattle", "rating": null, "private": 0, "password": null}