{"id": "gen9randombattle-2631941103", "format": "[Gen 9] Random Battle", "players": ["4 akashi_seijuro", "nextlevelcolors"], "log": "|j|\u26064 akashi_seijuro\n|j|\u2606nextlevelcolors\n|t:|1781458036\n|gametype|singles\n|player|p1|4 akashi_seijuro|266|2005\n|player|p2|nextlevelcolors|2|2026\n|gen|9\n|tier|[Gen 9] Random Battle\n|rated|\n|rule|Species Clause: Limit one of each Pok\u00e9mon\n|rule|HP Percentage Mod: HP is shown in percentages\n|rule|Sleep Clause Mod: Limit one foe put to sleep\n|rule|Illusion Level Mod: Illusion disguises the Pok\u00e9mon's true level\n|\n|t:|1781458036\n|teamsize|p1|6\n|teamsize|p2|6\n|start\n|switch|p1a: Cramorant|Cramorant, L86, F|261/261\n|switch|p2a: Oricorio|Oricorio-Pom-Pom, L82, F|257/257\n|turn|1\n|inactive|Battle timer is ON: inactive players will automatically lose when time's up. (requested by 4 akashi_seijuro)\n|\n|t:|1781458052\n|switch|p1a: Meowstic|Meowstic, L89, M|277/277\n|move|p2a: Oricorio|Revelation Dance|p1a: Meowstic\n|-damage|p1a: Meowstic|187/277\n|\n|upkeep\n|turn|2\n|\n|t:|1781458056\n|switch|p2a: Electivire|Electivire, L84, M|263/263\n|move|p1a: Meowstic|Light Screen|p1a: Meowstic\n|-sidestart|p1: 4 akashi_seijuro|move: Light Screen\n|\n|upkeep\n|turn|3\n|\n|t:|1781458065\n|switch|p1a: Krookodile|Krookodile, L79, F|280/280\n|-ability|p1a: Krookodile|Intimidate|boost\n|-unboost|p2a: Electivire|atk|1\n|move|p2a: Electivire|Knock Off|p1a: Krookodile\n|-resisted|p1a: Krookodile\n|-damage|p1a: Krookodile|237/280\n|-enditem|p1a: Krookodile|Choice Scarf|[from] move: Knock Off|[of] p2a: Electivire\n|-damage|p2a: Electivire|237/263|[from] item: Life Orb\n|\n|upkeep\n|turn|4\n|\n|t:|1781458076\n|switch|p2a: Oricorio|Oricorio-Pom-Pom, L82, F|257/257\n|move|p1a: Krookodile|Knock Off|p2a: Oricorio\n|-damage|p2a: Oricorio|128/257\n|-enditem|p2a: Oricorio|Heavy-Duty Boots|[from] move: Knock Off|[of] p1a: Krookodile\n|\n|upkeep\n|turn|5\n|\n|t:|1781458085\n|move|p2a: Oricorio|Roost|p2a: Oricorio\n|-heal|p2a: Oricorio|257/257\n|-singleturn|p2a: Oricorio|move: Roost\n|move|p1a: Krookodile|Stone Edge|p2a: Oricorio\n|-crit|p2a: Oricorio\n|-damage|p2a: Oricorio|137/257\n|\n|upkeep\n|turn|6\n|\n|t:|1781458090\n|move|p2a: Oricorio|Quiver Dance|p2a: Oricorio\n|-boost|p2a: Oricorio|spa|1\n|-boost|p2a: Oricorio|spd|1\n|-boost|p2a: Oricorio|spe|1\n|move|p1a: Krookodile|Earthquake|p2a: Oricorio\n|-immune|p2a: Oricorio\n|\n|upkeep\n|turn|7\n|\n|t:|1781458093\n|move|p2a: Oricorio|Hurricane|p1a: Krookodile|[miss]\n|-miss|p2a: Oricorio|p1a: Krookodile\n|move|p1a: Krookodile|Stone Edge|p2a: Oricorio\n|-supereffective|p2a: Oricorio\n|-damage|p2a: Oricorio|0 fnt\n|faint|p2a: Oricorio\n|\n|upkeep\n|\n|t:|1781458100\n|switch|p2a: Ludicolo|Ludicolo, L90, M|290/290\n|turn|8\n|\n|t:|1781458103\n|switch|p1a: Cramorant|Cramorant, L86, F|261/261\n|move|p2a: Ludicolo|Rain Dance|p2a: Ludicolo\n|-weather|RainDance\n|\n|-weather|RainDance|[upkeep]\n|upkeep\n|turn|9\n|\n|t:|1781458110\n|move|p2a: Ludicolo|Ice Beam|p1a: Cramorant\n|-damage|p1a: Cramorant|219/261\n|-damage|p2a: Ludicolo|261/290|[from] item: Life Orb\n|move|p1a: Cramorant|Brave Bird|p2a: Ludicolo\n|-supereffective|p2a: Ludicolo\n|-damage|p2a: Ludicolo|0 fnt\n|faint|p2a: Ludicolo\n|-damage|p1a: Cramorant|133/261|[from] Recoil\n|\n|-weather|RainDance|[upkeep]\n|-sideend|p1: 4 akashi_seijuro|move: Light Screen\n|upkeep\n|\n|t:|1781458122\n|switch|p2a: Electivire|Electivire, L84, M|237/263\n|turn|10\n|\n|t:|1781458133\n|move|p2a: Electivire|Ice Punch|p1a: Cramorant\n|-damage|p1a: Cramorant|16/261\n|-damage|p2a: Electivire|211/263|[from] item: Life Orb\n|move|p1a: Cramorant|Surf|p2a: Electivire\n|-formechange|p1a: Cramorant|Cramorant-Gorging|\n|-damage|p2a: Electivire|78/263\n|\n|-weather|RainDance|[upkeep]\n|upkeep\n|turn|11\n|\n|t:|1781458140\n|move|p2a: Electivire|Knock Off|p1a: Cramorant\n|-damage|p1a: Cramorant|0 fnt\n|-damage|p2a: Electivire|13/263|[from] ability: Gulp Missile|[of] p1a: Cramorant\n|-formechange|p1a: Cramorant|Cramorant|\n|-enditem|p1a: Cramorant|Heavy-Duty Boots|[from] move: Knock Off|[of] p2a: Electivire\n|faint|p1a: Cramorant\n|-damage|p2a: Electivire|0 fnt|[from] item: Life Orb\n|faint|p2a: Electivire\n|\n|-weather|RainDance|[upkeep]\n|upkeep\n|\n|t:|1781458144\n|switch|p2a: Froslass|Froslass, L87, F|263/263\n|switch|p1a: Meowstic|Meowstic, L89, M|187/277\n|turn|12\n|\n|t:|1781458148\n|move|p1a: Meowstic|Reflect|p1a: Meowstic\n|-sidestart|p1: 4 akashi_seijuro|Reflect\n|move|p2a: Froslass|Poltergeist|p1a: Meowstic\n|-activate|p1a: Meowstic|move: Poltergeist|Light Clay\n|-supereffective|p1a: Meowstic\n|-damage|p1a: Meowstic|81/277\n|\n|-weather|none\n|upkeep\n|turn|13\n|\n|t:|1781458159\n|switch|p1a: Magcargo|Magcargo, L95, F|268/268\n|move|p2a: Froslass|Will-O-Wisp|p1a: Magcargo\n|-immune|p1a: Magcargo\n|\n|upkeep\n|turn|14\n|\n|t:|1781458165\n|switch|p2a: Azelf|Azelf, L82|257/257\n|move|p1a: Magcargo|Shell Smash|p1a: Magcargo\n|-unboost|p1a: Magcargo|def|1\n|-unboost|p1a: Magcargo|spd|1\n|-boost|p1a: Magcargo|atk|2\n|-boost|p1a: Magcargo|spa|2\n|-boost|p1a: Magcargo|spe|2\n|\n|upkeep\n|turn|15\n|\n|t:|1781458177\n|switch|p1a: Gholdengo|Gholdengo, L77|261/261\n|move|p2a: Azelf|Psychic|p1a: Gholdengo\n|-resisted|p1a: Gholdengo\n|-damage|p1a: Gholdengo|207/261\n|-unboost|p1a: Gholdengo|spd|1\n|\n|-heal|p1a: Gholdengo|223/261|[from] item: Leftovers\n|upkeep\n|turn|16\n|\n|t:|1781458181\n|move|p2a: Azelf|Fire Blast|p1a: Gholdengo\n|-supereffective|p1a: Gholdengo\n|-damage|p1a: Gholdengo|0 fnt\n|faint|p1a: Gholdengo\n|\n|upkeep\n|\n|t:|1781458191\n|switch|p1a: Meowstic|Meowstic, L89, M|81/277\n|turn|17\n|\n|t:|1781458195\n|move|p1a: Meowstic|Light Screen|p1a: Meowstic\n|-sidestart|p1: 4 akashi_seijuro|move: Light Screen\n|move|p2a: Azelf|Knock Off|p1a: Meowstic\n|-supereffective|p1a: Meowstic\n|-damage|p1a: Meowstic|0 fnt\n|-enditem|p1a: Meowstic|Light Clay|[from] move: Knock Off|[of] p2a: Azelf\n|faint|p1a: Meowstic\n|\n|upkeep\n|\n|t:|1781458200\n|switch|p1a: Sceptile|Sceptile, L87, F|264/264\n|turn|18\n|\n|t:|1781458205\n|-terastallize|p1a: Sceptile|Rock\n|move|p1a: Sceptile|Swords Dance|p1a: Sceptile\n|-boost|p1a: Sceptile|atk|2\n|move|p2a: Azelf|Fire Blast|p1a: Sceptile\n|-resisted|p1a: Sceptile\n|-damage|p1a: Sceptile|243/264\n|\n|upkeep\n|turn|19\n|\n|t:|1781458215\n|move|p1a: Sceptile|Leaf Blade|p2a: Azelf\n|-damage|p2a: Azelf|0 fnt\n|faint|p2a: Azelf\n|-damage|p1a: Sceptile|217/264|[from] item: Life Orb\n|\n|-sideend|p1: 4 akashi_seijuro|Reflect\n|upkeep\n|\n|t:|1781458220\n|switch|p2a: Tinkaton|Tinkaton, L82, F|274/274\n|-ability|p2a: Tinkaton|Mold Breaker\n|turn|20\n|\n|t:|1781458231\n|switch|p1a: Krookodile|Krookodile, L79, F|237/280\n|-ability|p1a: Krookodile|Intimidate|boost\n|-unboost|p2a: Tinkaton|atk|1\n|move|p2a: Tinkaton|Gigaton Hammer|p1a: Krookodile\n|-damage|p1a: Krookodile|137/280\n|\n|upkeep\n|turn|21\n|\n|t:|1781458246\n|switch|p2a: Froslass|Froslass, L87, F|263/263\n|move|p1a: Krookodile|Earthquake|p2a: Froslass\n|-damage|p2a: Froslass|136/263\n|-start|p1a: Krookodile|Disable|Earthquake|[from] ability: Cursed Body|[of] p2a: Froslass\n|\n|upkeep\n|turn|22\n|\n|t:|1781458254\n|move|p2a: Froslass|Will-O-Wisp|p1a: Krookodile\n|-status|p1a: Krookodile|brn\n|move|p1a: Krookodile|Knock Off|p2a: Froslass\n|-supereffective|p2a: Froslass\n|-damage|p2a: Froslass|18/263\n|-enditem|p2a: Froslass|Wide Lens|[from] move: Knock Off|[of] p1a: Krookodile\n|\n|-damage|p1a: Krookodile|120/280 brn|[from] brn\n|upkeep\n|turn|23\n|\n|t:|1781458260\n|move|p2a: Froslass|Triple Axel|p1a: Krookodile\n|-supereffective|p1a: Krookodile\n|-damage|p1a: Krookodile|76/280 brn\n|-supereffective|p1a: Krookodile\n|-damage|p1a: Krookodile|0 fnt\n|faint|p1a: Krookodile\n|-hitcount|p1: Krookodile|2\n|\n|upkeep\n|\n|t:|1781458262\n|switch|p1a: Sceptile|Sceptile, L87, F, tera:Rock|217/264\n|turn|24\n|\n|t:|1781458266\n|move|p1a: Sceptile|Leaf Blade|p2a: Froslass\n|-damage|p2a: Froslass|0 fnt\n|faint|p2a: Froslass\n|-damage|p1a: Sceptile|191/264|[from] item: Life Orb\n|\n|-sideend|p1: 4 akashi_seijuro|move: Light Screen\n|upkeep\n|\n|t:|1781458268\n|switch|p2a: Tinkaton|Tinkaton, L82, F|274/274\n|-ability|p2a: Tinkaton|Mold Breaker\n|turn|25\n|\n|t:|1781458272\n|move|p1a: Sceptile|Earthquake|p2a: Tinkaton\n|-supereffective|p2a: Tinkaton\n|-damage|p2a: Tinkaton|63/274\n|-damage|p1a: Sceptile|165/264|[from] item: Life Orb\n|move|p2a: Tinkaton|Swords Dance|p2a: Tinkaton\n|-boost|p2a: Tinkaton|atk|2\n|\n|-heal|p2a: Tinkaton|80/274|[from] item: Leftovers\n|upkeep\n|turn|26\n|\n|t:|1781458275\n|move|p1a: Sceptile|Earthquake|p2a: Tinkaton\n|-supereffective|p2a: Tinkaton\n|-damage|p2a: Tinkaton|0 fnt\n|faint|p2a: Tinkaton\n|-damage|p1a: Sceptile|139/264|[from] item: Life Orb\n|\n|win|4 akashi_seijuro\n", "inputlog": ">version a8376a258c1d4662feba110a92103f3664a72141\n>start {\"formatid\":\"gen9randombattle\",\"seed\":\"sodium,6c99086fac2b01a84b5f985fe25c8916\",\"rated\":\"Rated battle\"}\n>player p1 {\"name\":\"4 akashi_seijuro\",\"avatar\":\"266\",\"rating\":2005,\"seed\":\"sodium,687363c5805be49f062aad09424e91dd\"}\n>player p2 {\"name\":\"nextlevelcolors\",\"avatar\":\"2\",\"rating\":2026,\"seed\":\"sodium,a6759a9a0e1b43f961eef19e635fbd95\"}\n>p1 switch 5\n>p2 move revelationdance\n>p1 move lightscreen\n>p2 switch 5\n>p1 switch 4\n>p2 move knockoff\n>p1 move knockoff\n>p2 switch 5\n>p1 move stoneedge\n>p2 move roost\n>p1 move earthquake\n>p2 move quiverdance\n>p1 move stoneedge\n>p2 move hurricane\n>p2 switch 6\n>p1 switch 5\n>p2 move raindance\n>p1 move bravebird\n>p2 move icebeam\n>p2 switch 5\n>p1 move surf\n>p2 move icepunch\n>p1 move surf\n>p2 move knockoff\n>p1 switch 4\n>p2 switch 3\n>p1 move reflect\n>p2 move poltergeist\n>p1 switch 2\n>p2 move willowisp\n>p1 move shellsmash\n>p2 switch 2\n>p1 switch 3\n>p2 move psychic\n>p1 move thunderwave\n>p2 move fireblast\n>p1 switch 2\n>p1 move lightscreen\n>p2 move knockoff\n>p1 switch 6\n>p1 move swordsdance terastallize\n>p2 move fireblast\n>p1 move leafblade\n>p2 move knockoff\n>p2 switch 4\n>p1 switch 5\n>p2 move gigatonhammer\n>p1 move earthquake\n>p2 switch 2\n>p1 move knockoff\n>p2 move willowisp\n>p1 move knockoff\n>p2 move tripleaxel\n>p1 switch 5\n>p1 move leafblade\n>p2 move willowisp\n>p2 switch 2\n>p1 move earthquake\n>p2 move swordsdance\n>p1 move earthquake\n>p2 move gigatonhammer", "uploadtime": 1781458038, "views": 5, "formatid": "gen9randombattle", "rating": null, "private": 0, "password": null}