{"id": "gen9randombattle-2631405580", "format": "[Gen 9] Random Battle", "players": ["rafael henrilly", "stadrix"], "log": "|j|\u2606rafael henrilly\n|j|\u2606stadrix\n|t:|1781380728\n|gametype|singles\n|player|p1|rafael henrilly|gambler|1396\n|player|p2|stadrix|hilbert-wonderlauncher|1341\n|gen|9\n|tier|[Gen 9] Random Battle\n|rated|\n|rule|Species Clause: Limit one of each Pok\u00e9mon\n|rule|HP Percentage Mod: HP is shown in percentages\n|rule|Sleep Clause Mod: Limit one foe put to sleep\n|rule|Illusion Level Mod: Illusion disguises the Pok\u00e9mon's true level\n|\n|t:|1781380728\n|teamsize|p1|6\n|teamsize|p2|6\n|start\n|switch|p1a: Slowbro|Slowbro, L85, M|300/300\n|switch|p2a: Rotom|Rotom-Heat, L83|219/219\n|turn|1\n|\n|t:|1781380740\n|move|p2a: Rotom|Nasty Plot|p2a: Rotom\n|-boost|p2a: Rotom|spa|2\n|move|p1a: Slowbro|Calm Mind|p1a: Slowbro\n|-boost|p1a: Slowbro|spa|1\n|-boost|p1a: Slowbro|spd|1\n|\n|upkeep\n|turn|2\n|\n|t:|1781380748\n|move|p2a: Rotom|Thunderbolt|p1a: Slowbro\n|-supereffective|p1a: Slowbro\n|-damage|p1a: Slowbro|6/300\n|-status|p1a: Slowbro|par\n|move|p1a: Slowbro|Scald|p2a: Rotom\n|-supereffective|p2a: Rotom\n|-damage|p2a: Rotom|0 fnt\n|faint|p2a: Rotom\n|\n|-heal|p1a: Slowbro|24/300 par|[from] item: Leftovers\n|upkeep\n|\n|t:|1781380778\n|switch|p2a: Flamigo|Flamigo, L82, F|269/269\n|turn|3\n|\n|t:|1781380792\n|switch|p1a: Rotom|Rotom-Fan, L86|226/226\n|move|p2a: Flamigo|Swords Dance|p2a: Flamigo\n|-boost|p2a: Flamigo|atk|2\n|\n|upkeep\n|turn|4\n|\n|t:|1781380804\n|move|p1a: Rotom|Will-O-Wisp|p2a: Flamigo\n|-status|p2a: Flamigo|brn\n|move|p2a: Flamigo|Brave Bird|p1a: Rotom\n|-resisted|p1a: Rotom\n|-damage|p1a: Rotom|156/226\n|-damage|p2a: Flamigo|246/269 brn|[from] Recoil\n|-damage|p2a: Flamigo|220/269 brn|[from] item: Life Orb\n|\n|-damage|p2a: Flamigo|204/269 brn|[from] brn\n|upkeep\n|turn|5\n|\n|t:|1781380826\n|switch|p2a: Zekrom|Zekrom, L71|259/259\n|-ability|p2a: Zekrom|Teravolt\n|move|p1a: Rotom|Thunderbolt|p2a: Zekrom\n|-resisted|p2a: Zekrom\n|-damage|p2a: Zekrom|231/259\n|\n|-heal|p2a: Zekrom|247/259|[from] item: Leftovers\n|upkeep\n|turn|6\n|\n|t:|1781380842\n|switch|p2a: Flamigo|Flamigo, L82, F|204/269 brn\n|move|p1a: Rotom|Will-O-Wisp|p2a: Flamigo\n|-fail|p2a: Flamigo|brn\n|\n|-damage|p2a: Flamigo|188/269 brn|[from] brn\n|upkeep\n|turn|7\n|\n|t:|1781380850\n|move|p1a: Rotom|Volt Switch|p2a: Flamigo\n|-supereffective|p2a: Flamigo\n|-damage|p2a: Flamigo|0 fnt\n|faint|p2a: Flamigo\n|\n|t:|1781380857\n|switch|p1a: Slowbro|Slowbro, L85, M|124/300 par|[from] Volt Switch\n|\n|-heal|p1a: Slowbro|142/300 par|[from] item: Leftovers\n|upkeep\n|\n|t:|1781380866\n|switch|p2a: Zekrom|Zekrom, L71|247/259\n|-ability|p2a: Zekrom|Teravolt\n|turn|8\n|\n|t:|1781380870\n|switch|p1a: Garchomp|Garchomp, L74, F|282/282\n|move|p2a: Zekrom|Substitute|p2a: Zekrom\n|-start|p2a: Zekrom|Substitute\n|-damage|p2a: Zekrom|183/259\n|\n|-heal|p2a: Zekrom|199/259|[from] item: Leftovers\n|upkeep\n|turn|9\n|\n|t:|1781380879\n|move|p1a: Garchomp|Earthquake|p2a: Zekrom\n|-supereffective|p2a: Zekrom\n|-end|p2a: Zekrom|Substitute\n|move|p2a: Zekrom|Dragon Dance|p2a: Zekrom\n|-boost|p2a: Zekrom|atk|1\n|-boost|p2a: Zekrom|spe|1\n|\n|-heal|p2a: Zekrom|215/259|[from] item: Leftovers\n|upkeep\n|turn|10\n|\n|t:|1781380888\n|-terastallize|p1a: Garchomp|Steel\n|move|p2a: Zekrom|Outrage|p1a: Garchomp\n|-resisted|p1a: Garchomp\n|-damage|p1a: Garchomp|186/282\n|-damage|p2a: Zekrom|183/259|[from] ability: Rough Skin|[of] p1a: Garchomp\n|-damage|p2a: Zekrom|140/259|[from] item: Rocky Helmet|[of] p1a: Garchomp\n|move|p1a: Garchomp|Earthquake|p2a: Zekrom\n|-supereffective|p2a: Zekrom\n|-damage|p2a: Zekrom|0 fnt\n|faint|p2a: Zekrom\n|\n|upkeep\n|\n|t:|1781380905\n|switch|p2a: Ambipom|Ambipom, L84, M|263/263\n|turn|11\n|\n|t:|1781380913\n|move|p2a: Ambipom|Low Kick|p1a: Garchomp\n|-supereffective|p1a: Garchomp\n|-damage|p1a: Garchomp|2/282\n|-damage|p2a: Ambipom|231/263|[from] ability: Rough Skin|[of] p1a: Garchomp\n|-damage|p2a: Ambipom|188/263|[from] item: Rocky Helmet|[of] p1a: Garchomp\n|move|p1a: Garchomp|Dragon Tail|p2a: Ambipom\n|-damage|p2a: Ambipom|107/263\n|drag|p2a: Toucannon|Toucannon, L88, F|284/284\n|\n|upkeep\n|turn|12\n|\n|t:|1781380926\n|move|p1a: Garchomp|Outrage|p2a: Toucannon\n|-damage|p2a: Toucannon|148/284\n|move|p2a: Toucannon|Bullet Seed|p1a: Garchomp\n|-resisted|p1a: Garchomp\n|-damage|p1a: Garchomp|0 fnt\n|faint|p1a: Garchomp\n|-hitcount|p1: Garchomp|1\n|\n|upkeep\n|\n|t:|1781380934\n|switch|p1a: Slowbro|Slowbro, L85, M|242/300 par\n|turn|13\n|\n|t:|1781380937\n|move|p2a: Toucannon|Bullet Seed|p1a: Slowbro\n|-supereffective|p1a: Slowbro\n|-damage|p1a: Slowbro|200/300 par\n|-supereffective|p1a: Slowbro\n|-damage|p1a: Slowbro|162/300 par\n|-supereffective|p1a: Slowbro\n|-damage|p1a: Slowbro|124/300 par\n|-supereffective|p1a: Slowbro\n|-damage|p1a: Slowbro|84/300 par\n|-supereffective|p1a: Slowbro\n|-damage|p1a: Slowbro|44/300 par\n|-hitcount|p1a: Slowbro|5\n|cant|p1a: Slowbro|par\n|\n|-heal|p1a: Slowbro|62/300 par|[from] item: Leftovers\n|upkeep\n|turn|14\n|\n|t:|1781380950\n|move|p2a: Toucannon|Bullet Seed|p1a: Slowbro\n|-supereffective|p1a: Slowbro\n|-damage|p1a: Slowbro|20/300 par\n|-supereffective|p1a: Slowbro\n|-damage|p1a: Slowbro|0 fnt\n|faint|p1a: Slowbro\n|-hitcount|p1: Slowbro|2\n|\n|upkeep\n|\n|t:|1781380953\n|switch|p1a: Rotom|Rotom-Fan, L86|156/226\n|turn|15\n|\n|t:|1781380963\n|-terastallize|p2a: Toucannon|Steel\n|move|p1a: Rotom|Thunderbolt|p2a: Toucannon\n|-damage|p2a: Toucannon|40/284\n|move|p2a: Toucannon|Roost|p2a: Toucannon\n|-heal|p2a: Toucannon|182/284\n|\n|upkeep\n|turn|16\n|\n|t:|1781380974\n|move|p1a: Rotom|Thunderbolt|p2a: Toucannon\n|-damage|p2a: Toucannon|68/284\n|move|p2a: Toucannon|Boomburst|p1a: Rotom\n|-damage|p1a: Rotom|36/226\n|\n|upkeep\n|turn|17\n|\n|t:|1781380982\n|move|p1a: Rotom|Thunderbolt|p2a: Toucannon\n|-damage|p2a: Toucannon|0 fnt\n|faint|p2a: Toucannon\n|\n|upkeep\n|\n|t:|1781380990\n|switch|p2a: Ambipom|Ambipom, L84, M|107/263\n|turn|18\n|\n|t:|1781380993\n|move|p2a: Ambipom|Triple Axel|p1a: Rotom\n|-supereffective|p1a: Rotom\n|-damage|p1a: Rotom|0 fnt\n|faint|p1a: Rotom\n|-hitcount|p1: Rotom|1\n|\n|upkeep\n|\n|t:|1781380997\n|switch|p1a: Milotic|Milotic, L83, M|293/293\n|turn|19\n|\n|t:|1781381002\n|switch|p2a: Gastrodon|Gastrodon-East, L86, M|331/331\n|move|p1a: Milotic|Scald|p2a: Gastrodon\n|-ability|p2a: Gastrodon|Storm Drain|boost\n|-boost|p2a: Gastrodon|spa|1\n|\n|upkeep\n|turn|20\n|\n|t:|1781381013\n|move|p2a: Gastrodon|Sludge Bomb|p1a: Milotic\n|-damage|p1a: Milotic|221/293\n|-status|p1a: Milotic|psn\n|move|p1a: Milotic|Dragon Tail|p2a: Gastrodon\n|-damage|p2a: Gastrodon|294/331\n|drag|p2a: Ambipom|Ambipom, L84, M|107/263\n|\n|-heal|p1a: Milotic|239/293 psn|[from] item: Leftovers\n|-damage|p1a: Milotic|203/293 psn|[from] psn\n|upkeep\n|turn|21\n|\n|t:|1781381024\n|switch|p2a: Gastrodon|Gastrodon-East, L86, M|294/331\n|move|p1a: Milotic|Ice Beam|p2a: Gastrodon\n|-damage|p2a: Gastrodon|228/331\n|\n|-heal|p1a: Milotic|221/293 psn|[from] item: Leftovers\n|-heal|p2a: Gastrodon|248/331|[from] item: Leftovers\n|-damage|p1a: Milotic|185/293 psn|[from] psn\n|upkeep\n|turn|22\n|\n|t:|1781381037\n|move|p1a: Milotic|Ice Beam|p2a: Gastrodon\n|-damage|p2a: Gastrodon|177/331\n|move|p2a: Gastrodon|Sludge Bomb|p1a: Milotic\n|-damage|p1a: Milotic|136/293 psn\n|\n|-heal|p1a: Milotic|154/293 psn|[from] item: Leftovers\n|-heal|p2a: Gastrodon|197/331|[from] item: Leftovers\n|-damage|p1a: Milotic|118/293 psn|[from] psn\n|upkeep\n|turn|23\n|\n|t:|1781381046\n|move|p1a: Milotic|Recover|p1a: Milotic\n|-heal|p1a: Milotic|265/293 psn\n|move|p2a: Gastrodon|Recover|p2a: Gastrodon\n|-heal|p2a: Gastrodon|331/331\n|\n|-heal|p1a: Milotic|283/293 psn|[from] item: Leftovers\n|-damage|p1a: Milotic|247/293 psn|[from] psn\n|upkeep\n|turn|24\n|\n|t:|1781381054\n|move|p2a: Gastrodon|Sludge Bomb|p1a: Milotic\n|-damage|p1a: Milotic|201/293 psn\n|move|p1a: Milotic|Dragon Tail|p2a: Gastrodon\n|-damage|p2a: Gastrodon|297/331\n|drag|p2a: Ambipom|Ambipom, L84, M|107/263\n|\n|-heal|p1a: Milotic|219/293 psn|[from] item: Leftovers\n|-damage|p1a: Milotic|183/293 psn|[from] psn\n|upkeep\n|turn|25\n|\n|t:|1781381067\n|switch|p2a: Gastrodon|Gastrodon-East, L86, M|297/331\n|switch|p1a: Munkidori|Munkidori, L79, M|269/269\n|\n|-heal|p2a: Gastrodon|317/331|[from] item: Leftovers\n|upkeep\n|turn|26\n|\n|t:|1781381075\n|move|p1a: Munkidori|Psyshock|p2a: Gastrodon\n|-damage|p2a: Gastrodon|157/331\n|-status|p2a: Gastrodon|tox|[from] ability: Toxic Chain|[of] p1a: Munkidori\n|move|p2a: Gastrodon|Earthquake|p1a: Munkidori\n|-supereffective|p1a: Munkidori\n|-damage|p1a: Munkidori|27/269\n|\n|-heal|p2a: Gastrodon|177/331 tox|[from] item: Leftovers\n|-damage|p2a: Gastrodon|157/331 tox|[from] psn\n|upkeep\n|turn|27\n|\n|t:|1781381090\n|move|p1a: Munkidori|Psyshock|p2a: Gastrodon\n|-damage|p2a: Gastrodon|0 fnt\n|faint|p2a: Gastrodon\n|\n|upkeep\n|\n|t:|1781381095\n|switch|p2a: Ambipom|Ambipom, L84, M|107/263\n|turn|28\n|\n|t:|1781381100\n|move|p2a: Ambipom|Triple Axel|p1a: Munkidori\n|-damage|p1a: Munkidori|0 fnt\n|faint|p1a: Munkidori\n|-hitcount|p1: Munkidori|1\n|\n|upkeep\n|\n|t:|1781381103\n|switch|p1a: Milotic|Milotic, L83, M|183/293 psn\n|turn|29\n|\n|t:|1781381106\n|move|p2a: Ambipom|Triple Axel|p1a: Milotic\n|-resisted|p1a: Milotic\n|-damage|p1a: Milotic|164/293 psn\n|-resisted|p1a: Milotic\n|-damage|p1a: Milotic|130/293 psn\n|-resisted|p1a: Milotic\n|-damage|p1a: Milotic|81/293 psn\n|-hitcount|p1a: Milotic|3\n|move|p1a: Milotic|Scald|p2a: Ambipom\n|-damage|p2a: Ambipom|0 fnt\n|faint|p2a: Ambipom\n|\n|win|rafael henrilly\n|raw|rafael henrilly's rating: 1396 &rarr; <strong>1413</strong><br />(+17 for winning)\n|raw|stadrix's rating: 1341 &rarr; <strong>1324</strong><br />(-17 for losing)\n|l|\u2606stadrix\n|player|p2|\n", "inputlog": ">version a8376a258c1d4662feba110a92103f3664a72141\n>start {\"formatid\":\"gen9randombattle\",\"seed\":\"sodium,c82fe49f7bd59b9ad51638107e709daa\",\"rated\":\"Rated battle\"}\n>player p1 {\"name\":\"rafael henrilly\",\"avatar\":\"gambler\",\"rating\":1396,\"seed\":\"sodium,af7e2008495c16340ef1586008d7fc26\"}\n>player p2 {\"name\":\"stadrix\",\"avatar\":\"hilbert-wonderlauncher\",\"rating\":1341,\"seed\":\"sodium,4bc183a711ada4d29f6eaa0d5c4e4c4f\"}\n>p1 move calmmind\n>p2 move nastyplot\n>p1 move scald\n>p2 move thunderbolt\n>p2 switch 5\n>p1 switch 4\n>p2 move swordsdance\n>p1 move willowisp\n>p2 move bravebird\n>p1 move thunderbolt\n>p2 switch 2\n>p1 move willowisp\n>p2 switch 2\n>p1 move voltswitch\n>p2 move roost\n>p1 switch 4\n>p2 switch 2\n>p1 switch 2\n>p2 move substitute\n>p1 move earthquake\n>p2 move dragondance\n>p1 move earthquake terastallize\n>p2 move outrage\n>p2 switch 3\n>p1 move dragontail\n>p2 move lowkick\n>p1 move outrage\n>p2 move bulletseed\n>p1 switch 2\n>p1 move scald\n>p2 move bulletseed\n>p1 move scald\n>p2 move bulletseed\n>p1 switch 4\n>p1 move thunderbolt\n>p2 move roost terastallize\n>p1 move thunderbolt\n>p2 move boomburst\n>p1 move thunderbolt\n>p2 move boomburst\n>p2 switch 6\n>p1 move willowisp\n>p2 move tripleaxel\n>p1 switch 5\n>p1 move scald\n>p2 switch 4\n>p1 move dragontail\n>p2 move sludgebomb\n>p1 move icebeam\n>p2 switch 4\n>p1 move icebeam\n>p2 move sludgebomb\n>p1 move recover\n>p2 move recover\n>p1 move dragontail\n>p2 move sludgebomb\n>p1 switch 6\n>p2 switch 4\n>p1 move psyshock\n>p2 move earthquake\n>p1 move psyshock\n>p2 move earthquake\n>p2 switch 4\n>p1 move psyshock\n>p2 move tripleaxel\n>p1 switch 6\n>p1 move scald\n>p2 move tripleaxel", "uploadtime": 1781381109, "views": 13, "formatid": "gen9randombattle", "rating": 1324, "private": 0, "password": null}