{"id": "gen9randombattle-2631632310", "format": "[Gen 9] Random Battle", "players": ["Ara Ara Armin", "zzzboodj"], "log": "|j|\u2606Ara Ara Armin\n|j|\u2606zzzboodj\n|t:|1781411901\n|gametype|singles\n|player|p1|Ara Ara Armin|102|1965\n|player|p2|zzzboodj|169|1970\n|gen|9\n|tier|[Gen 9] Random Battle\n|rated|\n|rule|Species Clause: Limit one of each Pok\u00e9mon\n|rule|HP Percentage Mod: HP is shown in percentages\n|rule|Sleep Clause Mod: Limit one foe put to sleep\n|rule|Illusion Level Mod: Illusion disguises the Pok\u00e9mon's true level\n|\n|t:|1781411901\n|teamsize|p1|6\n|teamsize|p2|6\n|start\n|switch|p1a: Kyurem|Kyurem-Black, L71|295/295\n|switch|p2a: Rhydon|Rhydon, L85, F|317/317\n|-ability|p1a: Kyurem|Teravolt\n|turn|1\n|inactive|Battle timer is ON: inactive players will automatically lose when time's up. (requested by zzzboodj)\n|inactive|Ara Ara Armin has 120 seconds left.\n|\n|t:|1781412004\n|switch|p1a: Hydrapple|Hydrapple, L83, F|312/312\n|move|p2a: Rhydon|Stone Edge|p1a: Hydrapple\n|-crit|p1a: Hydrapple\n|-damage|p1a: Hydrapple|123/312\n|\n|upkeep\n|turn|2\n|inactive|zzzboodj has 120 seconds left.\n|\n|t:|1781412064\n|switch|p2a: Lilligant|Lilligant-Hisui, L79, F|240/240\n|move|p1a: Hydrapple|Giga Drain|p2a: Lilligant\n|-resisted|p2a: Lilligant\n|-damage|p2a: Lilligant|162/240\n|-heal|p1a: Hydrapple|162/312|[from] drain|[of] p2a: Lilligant\n|-damage|p1a: Hydrapple|131/312|[from] item: Life Orb\n|\n|upkeep\n|turn|3\n|\n|t:|1781412078\n|switch|p1a: Articuno|Articuno-Galar, L84|288/288\n|move|p2a: Lilligant|Ice Spinner|p1a: Articuno\n|-supereffective|p1a: Articuno\n|-damage|p1a: Articuno|128/288\n|\n|upkeep\n|turn|4\n|\n|t:|1781412086\n|move|p2a: Lilligant|Ice Spinner|p1a: Articuno\n|-supereffective|p1a: Articuno\n|-damage|p1a: Articuno|0 fnt\n|faint|p1a: Articuno\n|\n|upkeep\n|\n|t:|1781412100\n|switch|p1a: Dodrio|Dodrio, L85, F|241/241\n|turn|5\n|inactive|zzzboodj has 90 seconds left.\n|\n|t:|1781412148\n|switch|p2a: Kingambit|Kingambit, L74, F|270/270\n|move|p1a: Dodrio|Knock Off|p2a: Kingambit\n|-resisted|p2a: Kingambit\n|-damage|p2a: Kingambit|219/270\n|-enditem|p2a: Kingambit|Leftovers|[from] move: Knock Off|[of] p1a: Dodrio\n|\n|upkeep\n|turn|6\n|\n|t:|1781412161\n|switch|p1a: Hydrapple|Hydrapple, L83, F|235/312\n|move|p2a: Kingambit|Iron Head|p1a: Hydrapple\n|-damage|p1a: Hydrapple|154/312\n|\n|upkeep\n|turn|7\n|inactive|zzzboodj has 60 seconds left.\n|\n|t:|1781412188\n|move|p1a: Hydrapple|Earth Power|p2a: Kingambit\n|-supereffective|p2a: Kingambit\n|-damage|p2a: Kingambit|6/270\n|-damage|p1a: Hydrapple|123/312|[from] item: Life Orb\n|move|p2a: Kingambit|Swords Dance|p2a: Kingambit\n|-boost|p2a: Kingambit|atk|2\n|\n|upkeep\n|turn|8\n|inactive|zzzboodj has 60 seconds left.\n|\n|t:|1781412200\n|switch|p1a: Umbreon|Umbreon, L84, F|297/297\n|move|p2a: Kingambit|Iron Head|p1a: Umbreon\n|-damage|p1a: Umbreon|153/297\n|\n|-heal|p1a: Umbreon|171/297|[from] item: Leftovers\n|upkeep\n|turn|9\n|inactive|zzzboodj has 60 seconds left.\n|\n|t:|1781412232\n|move|p1a: Umbreon|Wish|p1a: Umbreon\n|move|p2a: Kingambit|Iron Head|p1a: Umbreon\n|-damage|p1a: Umbreon|29/297\n|\n|-heal|p1a: Umbreon|47/297|[from] item: Leftovers\n|upkeep\n|turn|10\n|\n|t:|1781412240\n|move|p1a: Umbreon|Protect|p1a: Umbreon\n|-singleturn|p1a: Umbreon|Protect\n|move|p2a: Kingambit|Sucker Punch||[still]\n|-fail|p2a: Kingambit\n|\n|-heal|p1a: Umbreon|195/297|[from] move: Wish|[wisher] Umbreon\n|-heal|p1a: Umbreon|213/297|[from] item: Leftovers\n|upkeep\n|turn|11\n|\n|t:|1781412251\n|-end|p2a: Kingambit|fallenundefined|[silent]\n|switch|p2a: Lilligant|Lilligant-Hisui, L79, F|162/240\n|move|p1a: Umbreon|Foul Play|p2a: Lilligant\n|-resisted|p2a: Lilligant\n|-damage|p2a: Lilligant|103/240\n|\n|-heal|p1a: Umbreon|231/297|[from] item: Leftovers\n|upkeep\n|turn|12\n|\n|t:|1781412268\n|-terastallize|p1a: Umbreon|Poison\n|move|p2a: Lilligant|Close Combat|p1a: Umbreon|[miss]\n|-miss|p2a: Lilligant|p1a: Umbreon\n|move|p1a: Umbreon|Toxic|p2a: Lilligant\n|-status|p2a: Lilligant|tox\n|\n|-heal|p1a: Umbreon|249/297|[from] item: Leftovers\n|-damage|p2a: Lilligant|88/240 tox|[from] psn\n|upkeep\n|turn|13\n|inactive|zzzboodj has 30 seconds left.\n|\n|t:|1781412303\n|move|p2a: Lilligant|Ice Spinner|p1a: Umbreon\n|-damage|p1a: Umbreon|176/297\n|move|p1a: Umbreon|Wish|p1a: Umbreon\n|\n|-heal|p1a: Umbreon|194/297|[from] item: Leftovers\n|-damage|p2a: Lilligant|58/240 tox|[from] psn\n|upkeep\n|turn|14\n|inactive|zzzboodj has 30 seconds left.\n|inactive|Ara Ara Armin has 120 seconds left.\n|\n|t:|1781412333\n|move|p2a: Lilligant|Ice Spinner|p1a: Umbreon|[miss]\n|-miss|p2a: Lilligant|p1a: Umbreon\n|move|p1a: Umbreon|Foul Play|p2a: Lilligant\n|-resisted|p2a: Lilligant\n|-damage|p2a: Lilligant|3/240 tox\n|\n|-heal|p1a: Umbreon|297/297|[from] move: Wish|[wisher] Umbreon\n|-damage|p2a: Lilligant|0 fnt|[from] psn\n|faint|p2a: Lilligant\n|upkeep\n|inactive|zzzboodj has 30 seconds left.\n|inactive|zzzboodj has 20 seconds left.\n|inactive|zzzboodj has 15 seconds left.\n|inactive|zzzboodj has 10 seconds left.\n|\n|t:|1781412363\n|switch|p2a: Rhydon|Rhydon, L85, F|317/317\n|turn|15\n|inactive|zzzboodj has 20 seconds left this turn.\n|\n|t:|1781412368\n|move|p1a: Umbreon|Toxic|p2a: Rhydon\n|-status|p2a: Rhydon|tox\n|move|p2a: Rhydon|Earthquake|p1a: Umbreon\n|-supereffective|p1a: Umbreon\n|-damage|p1a: Umbreon|45/297\n|\n|-heal|p1a: Umbreon|63/297|[from] item: Leftovers\n|-damage|p2a: Rhydon|298/317 tox|[from] psn\n|upkeep\n|turn|16\n|inactive|zzzboodj has 30 seconds left this turn.\n|\n|t:|1781412377\n|move|p1a: Umbreon|Protect|p1a: Umbreon\n|-singleturn|p1a: Umbreon|Protect\n|move|p2a: Rhydon|Stone Edge|p1a: Umbreon\n|-activate|p1a: Umbreon|move: Protect\n|\n|-heal|p1a: Umbreon|81/297|[from] item: Leftovers\n|-damage|p2a: Rhydon|260/317 tox|[from] psn\n|upkeep\n|turn|17\n|inactive|zzzboodj has 30 seconds left.\n|\n|t:|1781412386\n|switch|p1a: Hydrapple|Hydrapple, L83, F|227/312\n|move|p2a: Rhydon|Stone Edge|p1a: Hydrapple\n|-damage|p1a: Hydrapple|106/312\n|\n|-damage|p2a: Rhydon|203/317 tox|[from] psn\n|upkeep\n|turn|18\n|\n|t:|1781412395\n|switch|p2a: Kingambit|Kingambit, L74, F|6/270\n|-activate|p2a: Kingambit|ability: Supreme Overlord\n|-start|p2a: Kingambit|fallen1|[silent]\n|move|p1a: Hydrapple|Giga Drain|p2a: Kingambit\n|-resisted|p2a: Kingambit\n|-damage|p2a: Kingambit|0 fnt\n|-heal|p1a: Hydrapple|109/312|[from] drain|[of] p2a: Kingambit\n|faint|p2a: Kingambit\n|-end|p2a: Kingambit|fallen1|[silent]\n|-damage|p1a: Hydrapple|78/312|[from] item: Life Orb\n|\n|upkeep\n|inactive|zzzboodj has 30 seconds left.\n|\n|t:|1781412407\n|switch|p2a: Pelipper|Pelipper, L86, F|243/243\n|-weather|RainDance|[from] ability: Drizzle|[of] p2a: Pelipper\n|turn|19\n|\n|t:|1781412412\n|switch|p1a: Slowking|Slowking, L88, F|310/310\n|move|p2a: Pelipper|Hurricane|p1a: Slowking\n|-damage|p1a: Slowking|210/310\n|-start|p1a: Slowking|confusion\n|\n|-weather|RainDance|[upkeep]\n|-heal|p1a: Slowking|229/310|[from] item: Leftovers\n|upkeep\n|turn|20\n|\n|t:|1781412421\n|move|p2a: Pelipper|Knock Off|p1a: Slowking\n|-supereffective|p1a: Slowking\n|-damage|p1a: Slowking|141/310\n|-enditem|p1a: Slowking|Leftovers|[from] move: Knock Off|[of] p2a: Pelipper\n|-activate|p1a: Slowking|confusion\n|move|p1a: Slowking|Thunder Wave|p2a: Pelipper\n|-status|p2a: Pelipper|par\n|\n|-weather|RainDance|[upkeep]\n|upkeep\n|turn|21\n|inactive|zzzboodj has 30 seconds left.\n|\n|t:|1781412449\n|switch|p2a: Regidrago|Regidrago, L77|435/435\n|-activate|p1a: Slowking|confusion\n|move|p1a: Slowking|Slack Off|p1a: Slowking\n|-heal|p1a: Slowking|296/310\n|\n|-weather|RainDance|[upkeep]\n|upkeep\n|turn|22\n|\n|t:|1781412458\n|move|p2a: Regidrago|Dragon Dance|p2a: Regidrago\n|-boost|p2a: Regidrago|atk|1\n|-boost|p2a: Regidrago|spe|1\n|-activate|p1a: Slowking|confusion\n|move|p1a: Slowking|Thunder Wave|p2a: Regidrago\n|-status|p2a: Regidrago|par\n|\n|-weather|RainDance|[upkeep]\n|upkeep\n|turn|23\n|\n|t:|1781412467\n|move|p2a: Regidrago|Dragon Dance|p2a: Regidrago\n|-boost|p2a: Regidrago|atk|1\n|-boost|p2a: Regidrago|spe|1\n|-end|p1a: Slowking|confusion\n|move|p1a: Slowking|Psychic Noise|p2a: Regidrago\n|-damage|p2a: Regidrago|300/435 par\n|-start|p2a: Regidrago|move: Heal Block\n|\n|-weather|none\n|upkeep\n|turn|24\n|\n|t:|1781412482\n|switch|p1a: Hydrapple|Hydrapple, L83, F|182/312\n|move|p2a: Regidrago|Dragon Claw|p1a: Hydrapple\n|-supereffective|p1a: Hydrapple\n|-damage|p1a: Hydrapple|0 fnt\n|faint|p1a: Hydrapple\n|-damage|p2a: Regidrago|257/435 par|[from] item: Life Orb\n|\n|-end|p2a: Regidrago|move: Heal Block\n|upkeep\n|\n|t:|1781412488\n|switch|p1a: Kyurem|Kyurem-Black, L71|295/295\n|-ability|p1a: Kyurem|Teravolt\n|turn|25\n|\n|t:|1781412497\n|move|p1a: Kyurem|Scale Shot|p2a: Regidrago\n|-supereffective|p2a: Regidrago\n|-damage|p2a: Regidrago|153/435 par\n|-supereffective|p2a: Regidrago\n|-damage|p2a: Regidrago|61/435 par\n|-supereffective|p2a: Regidrago\n|-damage|p2a: Regidrago|0 fnt\n|faint|p2a: Regidrago\n|-hitcount|p2: Regidrago|3\n|-unboost|p1a: Kyurem|def|1\n|-boost|p1a: Kyurem|spe|1\n|\n|upkeep\n|\n|t:|1781412510\n|switch|p2a: Rhydon|Rhydon, L85, F|203/317 tox\n|turn|26\n|\n|t:|1781412516\n|switch|p1a: Slowking|Slowking, L88, F|310/310\n|move|p2a: Rhydon|Stone Edge|p1a: Slowking\n|-damage|p1a: Slowking|180/310\n|\n|-damage|p2a: Rhydon|184/317 tox|[from] psn\n|upkeep\n|turn|27\n|inactive|zzzboodj has 60 seconds left.\n|\n|t:|1781412528\n|switch|p1a: Umbreon|Umbreon, L84, F, tera:Poison|81/297\n|move|p2a: Rhydon|Megahorn|p1a: Umbreon\n|-resisted|p1a: Umbreon\n|-damage|p1a: Umbreon|32/297\n|\n|-heal|p1a: Umbreon|50/297|[from] item: Leftovers\n|-damage|p2a: Rhydon|146/317 tox|[from] psn\n|upkeep\n|turn|28\n|\n|t:|1781412542\n|move|p1a: Umbreon|Protect|p1a: Umbreon\n|-singleturn|p1a: Umbreon|Protect\n|move|p2a: Rhydon|Stone Edge|p1a: Umbreon\n|-activate|p1a: Umbreon|move: Protect\n|\n|-heal|p1a: Umbreon|68/297|[from] item: Leftovers\n|-damage|p2a: Rhydon|89/317 tox|[from] psn\n|upkeep\n|turn|29\n|\n|t:|1781412551\n|switch|p1a: Slowking|Slowking, L88, F|283/310\n|move|p2a: Rhydon|Stone Edge|p1a: Slowking\n|-crit|p1a: Slowking\n|-damage|p1a: Slowking|58/310\n|\n|-damage|p2a: Rhydon|13/317 tox|[from] psn\n|upkeep\n|turn|30\n|\n|t:|1781412561\n|switch|p1a: Umbreon|Umbreon, L84, F, tera:Poison|68/297\n|move|p2a: Rhydon|Stone Edge|p1a: Umbreon|[miss]\n|-miss|p2a: Rhydon|p1a: Umbreon\n|\n|-heal|p1a: Umbreon|86/297|[from] item: Leftovers\n|-damage|p2a: Rhydon|0 fnt|[from] psn\n|faint|p2a: Rhydon\n|upkeep\n|\n|t:|1781412572\n|switch|p2a: Rampardos|Rampardos, L90, M|321/321\n|turn|31\n|\n|t:|1781412577\n|move|p1a: Umbreon|Protect|p1a: Umbreon\n|-singleturn|p1a: Umbreon|Protect\n|move|p2a: Rampardos|Rock Slide|p1a: Umbreon\n|-activate|p1a: Umbreon|move: Protect\n|\n|-heal|p1a: Umbreon|104/297|[from] item: Leftovers\n|upkeep\n|turn|32\n|\n|t:|1781412586\n|move|p1a: Umbreon|Foul Play|p2a: Rampardos\n|-damage|p2a: Rampardos|132/321\n|move|p2a: Rampardos|Rock Slide|p1a: Umbreon\n|-damage|p1a: Umbreon|0 fnt\n|faint|p1a: Umbreon\n|\n|upkeep\n|-message|zzzboodj forfeited.\n|\n|win|Ara Ara Armin\n", "inputlog": ">version a8376a258c1d4662feba110a92103f3664a72141\n>start {\"formatid\":\"gen9randombattle\",\"seed\":\"sodium,64d09d4b9835c259883c539e188e8db9\",\"rated\":\"Rated battle\"}\n>player p1 {\"name\":\"Ara Ara Armin\",\"avatar\":\"102\",\"rating\":1965,\"seed\":\"sodium,cd0c6d4edf6b4905b6062178ef3addb5\"}\n>player p2 {\"name\":\"zzzboodj\",\"avatar\":\"169\",\"rating\":1970,\"seed\":\"sodium,72e2ebab53599a9c2473773c64afcd78\"}\n>p1 switch 2\n>p2 move stoneedge\n>p1 move gigadrain\n>p2 switch 5\n>p1 switch 6\n>p2 move icespinner\n>p1 move freezingglare\n>p2 move icespinner\n>p1 switch 5\n>p1 move knockoff\n>p2 switch 4\n>p1 switch 6\n>p2 move ironhead\n>p1 move earthpower\n>p2 move swordsdance\n>p1 switch 4\n>p2 move ironhead\n>p1 move wish\n>p2 move ironhead\n>p1 move protect\n>p2 move suckerpunch\n>p1 move foulplay\n>p2 switch 4\n>p1 move toxic terastallize\n>p2 move closecombat\n>p1 move wish\n>p2 move icespinner\n>p1 move foulplay\n>p2 move icespinner\n>p2 switch 5\n>p1 move toxic\n>p2 move earthquake\n>p1 move protect\n>p2 move stoneedge\n>p1 switch 4\n>p2 move stoneedge\n>p1 move gigadrain\n>p2 switch 4\n>p2 switch 6\n>p1 switch 3\n>p2 move hurricane\n>p1 move thunderwave\n>p2 move knockoff\n>p1 move slackoff\n>p2 switch 3\n>p1 move thunderwave\n>p2 move dragondance\n>p1 move psychicnoise\n>p2 move dragondance\n>p1 switch 3\n>p2 move dragonclaw\n>p1 switch 2\n>p1 move scaleshot\n>p2 move dragonclaw\n>p2 switch 4\n>p1 switch 3\n>p2 move stoneedge\n>p1 switch 4\n>p2 move megahorn\n>p1 move protect\n>p2 move stoneedge\n>p1 switch 4\n>p2 move stoneedge\n>p1 switch 4\n>p2 move stoneedge\n>p2 switch 2\n>p1 move protect\n>p2 move rockslide\n>p1 move foulplay\n>p2 move rockslide\n>forcelose p2", "uploadtime": 1781411902, "views": 7, "formatid": "gen9randombattle", "rating": null, "private": 0, "password": null}