{"id": "gen9randombattle-2631465999", "format": "[Gen 9] Random Battle", "players": ["bagel wise", "frenoyoyoy"], "log": "|j|\u2606bagel wise\n|j|\u2606frenoyoyoy\n|t:|1781388153\n|gametype|singles\n|player|p1|bagel wise|102|1040\n|player|p2|frenoyoyoy|giovanni-gen1rb|1017\n|gen|9\n|tier|[Gen 9] Random Battle\n|rated|\n|rule|Species Clause: Limit one of each Pok\u00e9mon\n|rule|HP Percentage Mod: HP is shown in percentages\n|rule|Sleep Clause Mod: Limit one foe put to sleep\n|rule|Illusion Level Mod: Illusion disguises the Pok\u00e9mon's true level\n|\n|t:|1781388153\n|teamsize|p1|6\n|teamsize|p2|6\n|start\n|switch|p1a: Golurk|Golurk, L87|297/297\n|switch|p2a: Smeargle|Smeargle, L95, M|258/258\n|turn|1\n|inactive|Battle timer is ON: inactive players will automatically lose when time's up. (requested by bagel wise)\n|\n|t:|1781388168\n|-terastallize|p2a: Smeargle|Ghost\n|move|p2a: Smeargle|Spore|p1a: Golurk\n|-status|p1a: Golurk|slp|[from] move: Spore\n|cant|p1a: Golurk|slp\n|\n|upkeep\n|turn|2\n|\n|t:|1781388176\n|move|p2a: Smeargle|Stealth Rock|p1a: Golurk\n|-sidestart|p1: bagel wise|move: Stealth Rock\n|cant|p1a: Golurk|slp\n|\n|upkeep\n|turn|3\n|\n|t:|1781388182\n|move|p2a: Smeargle|Sticky Web|p1a: Golurk\n|-sidestart|p1: bagel wise|move: Sticky Web\n|-curestatus|p1a: Golurk|slp|[msg]\n|move|p1a: Golurk|Stealth Rock|p2a: Smeargle\n|-sidestart|p2: frenoyoyoy|move: Stealth Rock\n|\n|upkeep\n|turn|4\n|\n|t:|1781388191\n|move|p2a: Smeargle|Spore|p1a: Golurk\n|-status|p1a: Golurk|slp|[from] move: Spore\n|cant|p1a: Golurk|slp\n|\n|upkeep\n|turn|5\n|\n|t:|1781388198\n|move|p2a: Smeargle|Ceaseless Edge|p1a: Golurk\n|-supereffective|p1a: Golurk\n|-damage|p1a: Golurk|251/297 slp\n|-sidestart|p1: bagel wise|Spikes\n|cant|p1a: Golurk|slp\n|\n|upkeep\n|turn|6\n|\n|t:|1781388211\n|move|p2a: Smeargle|Ceaseless Edge|p1a: Golurk\n|-supereffective|p1a: Golurk\n|-damage|p1a: Golurk|199/297 slp\n|-sidestart|p1: bagel wise|Spikes\n|-curestatus|p1a: Golurk|slp|[msg]\n|move|p1a: Golurk|Stone Edge|p2a: Smeargle\n|-crit|p2a: Smeargle\n|-enditem|p2a: Smeargle|Focus Sash\n|-damage|p2a: Smeargle|1/258\n|-damage|p1a: Golurk|170/297|[from] item: Life Orb\n|\n|upkeep\n|turn|7\n|\n|t:|1781388224\n|move|p2a: Smeargle|Spore|p1a: Golurk\n|-status|p1a: Golurk|slp|[from] move: Spore\n|cant|p1a: Golurk|slp\n|\n|upkeep\n|turn|8\n|\n|t:|1781388232\n|move|p2a: Smeargle|Ceaseless Edge|p1a: Golurk\n|-supereffective|p1a: Golurk\n|-damage|p1a: Golurk|116/297 slp\n|-sidestart|p1: bagel wise|Spikes\n|cant|p1a: Golurk|slp\n|\n|upkeep\n|turn|9\n|\n|t:|1781388239\n|move|p2a: Smeargle|Ceaseless Edge|p1a: Golurk\n|-supereffective|p1a: Golurk\n|-damage|p1a: Golurk|66/297 slp\n|-curestatus|p1a: Golurk|slp|[msg]\n|move|p1a: Golurk|Earthquake|p2a: Smeargle\n|-damage|p2a: Smeargle|0 fnt\n|faint|p2a: Smeargle\n|-damage|p1a: Golurk|37/297|[from] item: Life Orb\n|\n|upkeep\n|\n|t:|1781388250\n|switch|p2a: Ditto|Ditto, L87|225/225\n|-damage|p2a: Ditto|197/225|[from] Stealth Rock\n|-transform|p2a: Ditto|p1a: Golurk|[from] ability: Imposter\n|turn|10\n|\n|t:|1781388259\n|move|p2a: Ditto|Poltergeist|p1a: Golurk\n|-activate|p1a: Golurk|move: Poltergeist|Life Orb\n|-supereffective|p1a: Golurk\n|-damage|p1a: Golurk|0 fnt\n|faint|p1a: Golurk\n|\n|upkeep\n|\n|t:|1781388270\n|switch|p1a: Dipplin|Dipplin, L88, M|284/284\n|-damage|p1a: Dipplin|249/284|[from] Stealth Rock\n|-activate|p1a: Dipplin|move: Sticky Web\n|-unboost|p1a: Dipplin|spe|1\n|-damage|p1a: Dipplin|178/284|[from] Spikes\n|turn|11\n|\n|t:|1781388282\n|switch|p2a: Pelipper|Pelipper, L86, F|243/243\n|-weather|RainDance|[from] ability: Drizzle|[of] p2a: Pelipper\n|move|p1a: Dipplin|Sucker Punch||[still]\n|-fail|p1a: Dipplin\n|\n|-weather|RainDance|[upkeep]\n|upkeep\n|turn|12\n|\n|t:|1781388292\n|move|p2a: Pelipper|Hurricane|p1a: Dipplin\n|-supereffective|p1a: Dipplin\n|-damage|p1a: Dipplin|4/284\n|move|p1a: Dipplin|Recover|p1a: Dipplin\n|-heal|p1a: Dipplin|146/284\n|\n|-weather|RainDance|[upkeep]\n|upkeep\n|turn|13\n|\n|t:|1781388304\n|switch|p1a: Pachirisu|Pachirisu, L96, F|271/271\n|-damage|p1a: Pachirisu|238/271|[from] Stealth Rock\n|-activate|p1a: Pachirisu|move: Sticky Web\n|-unboost|p1a: Pachirisu|spe|1\n|-damage|p1a: Pachirisu|171/271|[from] Spikes\n|move|p2a: Pelipper|Hurricane|p1a: Pachirisu\n|-resisted|p1a: Pachirisu\n|-damage|p1a: Pachirisu|135/271\n|-start|p1a: Pachirisu|confusion\n|\n|-weather|RainDance|[upkeep]\n|upkeep\n|turn|14\n|\n|t:|1781388322\n|move|p2a: Pelipper|Surf|p1a: Pachirisu\n|-damage|p1a: Pachirisu|42/271\n|-activate|p1a: Pachirisu|confusion\n|move|p1a: Pachirisu|Nuzzle|p2a: Pelipper\n|-supereffective|p2a: Pelipper\n|-damage|p2a: Pelipper|179/243\n|-status|p2a: Pelipper|par\n|\n|-weather|RainDance|[upkeep]\n|upkeep\n|turn|15\n|\n|t:|1781388333\n|-activate|p1a: Pachirisu|confusion\n|move|p1a: Pachirisu|Super Fang|p2a: Pelipper\n|-damage|p2a: Pelipper|90/243 par\n|cant|p2a: Pelipper|par\n|\n|-weather|none\n|upkeep\n|turn|16\n|\n|t:|1781388342\n|-activate|p1a: Pachirisu|confusion\n|move|p1a: Pachirisu|Thunderbolt|p2a: Pelipper\n|-supereffective|p2a: Pelipper\n|-damage|p2a: Pelipper|0 fnt\n|faint|p2a: Pelipper\n|\n|upkeep\n|\n|t:|1781388351\n|switch|p2a: Ditto|Ditto, L87|197/225\n|-damage|p2a: Ditto|169/225|[from] Stealth Rock\n|-transform|p2a: Ditto|p1a: Pachirisu|[from] ability: Imposter\n|turn|17\n|\n|t:|1781388360\n|move|p2a: Ditto|U-turn|p1a: Pachirisu\n|-damage|p1a: Pachirisu|4/271\n|\n|t:|1781388367\n|switch|p2a: Virizion|Virizion, L82|283/283|[from] U-turn\n|-damage|p2a: Virizion|266/283|[from] Stealth Rock\n|-activate|p1a: Pachirisu|confusion\n|-damage|p1a: Pachirisu|0 fnt|[from] confusion\n|faint|p1a: Pachirisu\n|\n|upkeep\n|c|\u2606frenoyoyoy|rip\n|\n|t:|1781388381\n|switch|p1a: Dipplin|Dipplin, L88, M|146/284\n|-damage|p1a: Dipplin|111/284|[from] Stealth Rock\n|-activate|p1a: Dipplin|move: Sticky Web\n|-unboost|p1a: Dipplin|spe|1\n|-damage|p1a: Dipplin|40/284|[from] Spikes\n|turn|18\n|\n|t:|1781388395\n|move|p1a: Dipplin|Sucker Punch|p2a: Virizion\n|-resisted|p2a: Virizion\n|-damage|p2a: Virizion|240/283\n|-ability|p2a: Virizion|Justified|boost\n|-boost|p2a: Virizion|atk|1\n|move|p2a: Virizion|Stone Edge|p1a: Dipplin\n|-damage|p1a: Dipplin|0 fnt\n|faint|p1a: Dipplin\n|-damage|p2a: Virizion|212/283|[from] item: Life Orb\n|\n|upkeep\n|\n|t:|1781388402\n|switch|p1a: Porygon2|Porygon2, L81|270/270\n|-damage|p1a: Porygon2|237/270|[from] Stealth Rock\n|-activate|p1a: Porygon2|move: Sticky Web\n|-unboost|p1a: Porygon2|spe|1\n|-damage|p1a: Porygon2|170/270|[from] Spikes\n|-ability|p1a: Porygon2|Download|boost\n|-boost|p1a: Porygon2|atk|1\n|turn|19\n|\n|t:|1781388413\n|move|p2a: Virizion|Close Combat|p1a: Porygon2\n|-supereffective|p1a: Porygon2\n|-damage|p1a: Porygon2|0 fnt\n|-unboost|p2a: Virizion|def|1\n|-unboost|p2a: Virizion|spd|1\n|faint|p1a: Porygon2\n|-damage|p2a: Virizion|184/283|[from] item: Life Orb\n|\n|upkeep\n|\n|t:|1781388421\n|switch|p1a: Krookodile|Krookodile, L79, F|280/280\n|-damage|p1a: Krookodile|263/280|[from] Stealth Rock\n|-activate|p1a: Krookodile|move: Sticky Web\n|-unboost|p1a: Krookodile|spe|1\n|-damage|p1a: Krookodile|193/280|[from] Spikes\n|-ability|p1a: Krookodile|Intimidate|boost\n|-unboost|p2a: Virizion|atk|1\n|turn|20\n|\n|t:|1781388435\n|-terastallize|p1a: Krookodile|Poison\n|move|p2a: Virizion|Close Combat|p1a: Krookodile\n|-resisted|p1a: Krookodile\n|-damage|p1a: Krookodile|103/280\n|-unboost|p2a: Virizion|def|1\n|-unboost|p2a: Virizion|spd|1\n|-damage|p2a: Virizion|156/283|[from] item: Life Orb\n|move|p1a: Krookodile|Knock Off|p2a: Virizion\n|-resisted|p2a: Virizion\n|-damage|p2a: Virizion|40/283\n|-ability|p2a: Virizion|Justified|boost\n|-boost|p2a: Virizion|atk|1\n|-enditem|p2a: Virizion|Life Orb|[from] move: Knock Off|[of] p1a: Krookodile\n|\n|-heal|p1a: Krookodile|120/280|[from] item: Leftovers\n|upkeep\n|turn|21\n|\n|t:|1781388454\n|move|p2a: Virizion|Stone Edge|p1a: Krookodile\n|-damage|p1a: Krookodile|14/280\n|move|p1a: Krookodile|Gunk Shot|p2a: Virizion\n|-supereffective|p2a: Virizion\n|-damage|p2a: Virizion|0 fnt\n|faint|p2a: Virizion\n|\n|-heal|p1a: Krookodile|31/280|[from] item: Leftovers\n|upkeep\n|\n|t:|1781388463\n|switch|p2a: Ditto|Ditto, L87|169/225\n|-damage|p2a: Ditto|141/225|[from] Stealth Rock\n|-transform|p2a: Ditto|p1a: Krookodile|[from] ability: Imposter\n|-ability|p2a: Ditto|Intimidate|boost\n|-unboost|p1a: Krookodile|atk|1\n|-start|p2a: Ditto|typechange|Ground/Dark|[silent]\n|turn|22\n|\n|t:|1781388474\n|move|p2a: Ditto|Knock Off|p1a: Krookodile\n|-damage|p1a: Krookodile|0 fnt\n|-enditem|p1a: Krookodile|Leftovers|[from] move: Knock Off|[of] p2a: Ditto\n|faint|p1a: Krookodile\n|\n|upkeep\n|\n|t:|1781388479\n|switch|p1a: Wyrdeer|Wyrdeer, L87, M|321/321\n|-damage|p1a: Wyrdeer|281/321|[from] Stealth Rock\n|-activate|p1a: Wyrdeer|move: Sticky Web\n|-unboost|p1a: Wyrdeer|spe|1\n|-damage|p1a: Wyrdeer|201/321|[from] Spikes\n|-ability|p1a: Wyrdeer|Intimidate|boost\n|-unboost|p2a: Ditto|atk|1\n|turn|23\n|\n|t:|1781388490\n|switch|p2a: Palkia|Palkia, L75|259/259\n|-damage|p2a: Palkia|227/259|[from] Stealth Rock\n|-ability|p2a: Palkia|Pressure\n|move|p1a: Wyrdeer|Thunder Wave|p2a: Palkia\n|-status|p2a: Palkia|par\n|\n|-heal|p1a: Wyrdeer|221/321|[from] item: Leftovers\n|upkeep\n|turn|24\n|\n|t:|1781388503\n|move|p1a: Wyrdeer|Psychic Noise|p2a: Palkia\n|-damage|p2a: Palkia|143/259 par\n|-start|p2a: Palkia|move: Heal Block\n|move|p2a: Palkia|Spacial Rend|p1a: Wyrdeer\n|-crit|p1a: Wyrdeer\n|-damage|p1a: Wyrdeer|0 fnt\n|faint|p1a: Wyrdeer\n|\n|win|frenoyoyoy\n|raw|bagel wise's rating: 1040 &rarr; <strong>1023</strong><br />(-17 for losing)\n|raw|frenoyoyoy's rating: 1017 &rarr; <strong>1057</strong><br />(+40 for winning)\n", "inputlog": ">version a8376a258c1d4662feba110a92103f3664a72141\n>start {\"formatid\":\"gen9randombattle\",\"seed\":\"sodium,13d1084b5761bfe3d3f25c879c46db69\",\"rated\":\"Rated battle\"}\n>player p1 {\"name\":\"bagel wise\",\"avatar\":\"102\",\"rating\":1040,\"seed\":\"sodium,dbc9f6d699b056643b441db29f88185f\"}\n>player p2 {\"name\":\"frenoyoyoy\",\"avatar\":\"giovanni-gen1rb\",\"rating\":1017,\"seed\":\"sodium,6c487867cc4a22b8e505a3876840a97d\"}\n>p1 move stealthrock\n>p2 move spore terastallize\n>p1 move stealthrock\n>p2 move stealthrock\n>p1 move stealthrock\n>p2 move stickyweb\n>p1 move poltergeist\n>p2 move spore\n>p1 move stoneedge\n>p2 move ceaselessedge\n>p1 move stoneedge\n>p2 move ceaselessedge\n>p1 move earthquake\n>p2 move spore\n>p1 move earthquake\n>p2 move ceaselessedge\n>p1 move earthquake\n>p2 move ceaselessedge\n>p2 switch 6\n>p1 move stoneedge\n>p2 move poltergeist\n>p1 switch 4\n>p1 move suckerpunch\n>p2 switch 2\n>p1 move recover\n>p2 move hurricane\n>p1 switch 2\n>p2 move hurricane\n>p1 move nuzzle\n>p2 move surf\n>p1 move superfang\n>p2 move uturn\n>p1 move thunderbolt\n>p2 move surf\n>p2 switch 2\n>p1 move superfang\n>p2 move uturn\n>p2 switch 3\n>chat \u2606frenoyoyoy|rip\n>p1 switch 2\n>p1 move suckerpunch\n>p2 move stoneedge\n>p1 switch 6\n>p1 move icebeam\n>p2 move closecombat\n>p1 switch 3\n>p1 move knockoff terastallize\n>p2 move closecombat\n>p1 move gunkshot\n>p2 move stoneedge\n>p2 switch 3\n>p1 move knockoff\n>p2 move knockoff\n>p1 switch 5\n>p1 move thunderwave\n>p2 switch 4\n>p1 move psychicnoise\n>p2 move spacialrend", "uploadtime": 1781388513, "views": 3, "formatid": "gen9randombattle", "rating": 1023, "private": 0, "password": null}