{"id": "gen9randombattle-2631507913", "format": "[Gen 9] Random Battle", "players": ["MasterRumba", "davo2544"], "log": "|j|\u2606MasterRumba\n|j|\u2606davo2544\n|t:|1781394059\n|gametype|singles\n|player|p1|MasterRumba|266|2156\n|player|p2|davo2544|marley|2138\n|gen|9\n|tier|[Gen 9] Random Battle\n|rated|\n|rule|Species Clause: Limit one of each Pok\u00e9mon\n|rule|HP Percentage Mod: HP is shown in percentages\n|rule|Sleep Clause Mod: Limit one foe put to sleep\n|rule|Illusion Level Mod: Illusion disguises the Pok\u00e9mon's true level\n|\n|t:|1781394059\n|teamsize|p1|6\n|teamsize|p2|6\n|start\n|switch|p1a: Volcarona|Volcarona, L77, F|257/257\n|switch|p2a: Exeggutor|Exeggutor, L89, M|312/312\n|turn|1\n|inactive|Battle timer is ON: inactive players will automatically lose when time's up. (requested by MasterRumba)\n|j| Rabiesdfsdf\n|\n|t:|1781394071\n|switch|p2a: Barraskewda|Barraskewda, L81, F|231/231\n|move|p1a: Volcarona|Fire Blast|p2a: Barraskewda|[miss]\n|-miss|p1a: Volcarona|p2a: Barraskewda\n|\n|upkeep\n|turn|2\n|\n|t:|1781394088\n|switch|p1a: Noivern|Noivern, L82, F|274/274\n|move|p2a: Barraskewda|Flip Turn|p1a: Noivern\n|-resisted|p1a: Noivern\n|-damage|p1a: Noivern|213/274\n|\n|t:|1781394102\n|switch|p2a: Froslass|Froslass, L87, F|263/263|[from] Flip Turn\n|\n|upkeep\n|turn|3\n|\n|t:|1781394110\n|switch|p1a: Emboar|Emboar, L84, M|322/322\n|move|p2a: Froslass|Spikes|p1a: Emboar\n|-sidestart|p1: MasterRumba|Spikes\n|\n|upkeep\n|turn|4\n|\n|t:|1781394122\n|switch|p2a: Mew|Mew, L82|298/298\n|move|p1a: Emboar|Flare Blitz|p2a: Mew\n|-damage|p2a: Mew|37/298\n|-damage|p1a: Emboar|236/322|[from] Recoil\n|\n|upkeep\n|turn|5\n|inactive|MasterRumba has 120 seconds left.\n|\n|t:|1781394157\n|switch|p1a: Noivern|Noivern, L82, F|213/274\n|move|p2a: Mew|Psychic Fangs|p1a: Noivern\n|-damage|p1a: Noivern|96/274\n|-damage|p2a: Mew|8/298|[from] item: Life Orb\n|\n|upkeep\n|turn|6\n|\n|t:|1781394175\n|move|p1a: Noivern|Flamethrower|p2a: Mew\n|-damage|p2a: Mew|0 fnt\n|faint|p2a: Mew\n|\n|upkeep\n|\n|t:|1781394177\n|switch|p2a: Barraskewda|Barraskewda, L81, F|231/231\n|turn|7\n|\n|t:|1781394181\n|move|p2a: Barraskewda|Flip Turn|p1a: Noivern\n|-resisted|p1a: Noivern\n|-damage|p1a: Noivern|36/274\n|\n|t:|1781394184\n|switch|p2a: Scizor|Scizor, L79, M|240/240|[from] Flip Turn\n|move|p1a: Noivern|Defog|p2a: Scizor\n|-unboost|p2a: Scizor|evasion|1\n|-sideend|p1: MasterRumba|Spikes|[from] move: Defog|[of] p1a: Noivern\n|\n|upkeep\n|turn|8\n|\n|t:|1781394190\n|switch|p1a: Volcarona|Volcarona, L77, F|257/257\n|switch|p2a: Barraskewda|Barraskewda, L81, F|231/231\n|\n|upkeep\n|turn|9\n|\n|t:|1781394205\n|switch|p1a: Noivern|Noivern, L82, F|36/274\n|move|p2a: Barraskewda|Flip Turn|p1a: Noivern\n|-resisted|p1a: Noivern\n|-damage|p1a: Noivern|0 fnt\n|faint|p1a: Noivern\n|\n|t:|1781394213\n|switch|p2a: Staraptor|Staraptor, L79, M|263/263|[from] Flip Turn\n|\n|upkeep\n|inactive|MasterRumba has 120 seconds left.\n|\n|t:|1781394252\n|switch|p1a: Flutter Mane|Flutter Mane, L74|203/203\n|turn|10\n|\n|t:|1781394262\n|move|p1a: Flutter Mane|Moonblast|p2a: Staraptor\n|-damage|p2a: Staraptor|37/263\n|-unboost|p2a: Staraptor|spa|1\n|move|p2a: Staraptor|Brave Bird|p1a: Flutter Mane\n|-damage|p1a: Flutter Mane|0 fnt\n|faint|p1a: Flutter Mane\n|-end|p1a: Flutter Mane|Protosynthesis|[silent]\n|-damage|p2a: Staraptor|0 fnt|[from] Recoil\n|faint|p2a: Staraptor\n|\n|upkeep\n|\n|t:|1781394281\n|switch|p1a: Excadrill|Excadrill, L79, F|303/303\n|switch|p2a: Barraskewda|Barraskewda, L81, F|231/231\n|-ability|p1a: Excadrill|Mold Breaker\n|turn|11\n|\n|t:|1781394297\n|-terastallize|p1a: Excadrill|Water\n|move|p2a: Barraskewda|Waterfall|p1a: Excadrill\n|-resisted|p1a: Excadrill\n|-damage|p1a: Excadrill|203/303\n|move|p1a: Excadrill|Iron Head|p2a: Barraskewda\n|-resisted|p2a: Barraskewda\n|-damage|p2a: Barraskewda|168/231\n|\n|upkeep\n|turn|12\n|\n|t:|1781394315\n|switch|p2a: Exeggutor|Exeggutor, L89, M|312/312\n|switch|p1a: Volcarona|Volcarona, L77, F|257/257\n|\n|upkeep\n|turn|13\n|\n|t:|1781394320\n|switch|p2a: Barraskewda|Barraskewda, L81, F|168/231\n|move|p1a: Volcarona|Quiver Dance|p1a: Volcarona\n|-boost|p1a: Volcarona|spa|1\n|-boost|p1a: Volcarona|spd|1\n|-boost|p1a: Volcarona|spe|1\n|\n|upkeep\n|turn|14\n|\n|t:|1781394325\n|-terastallize|p2a: Barraskewda|Fighting\n|move|p1a: Volcarona|Giga Drain|p2a: Barraskewda\n|-crit|p2a: Barraskewda\n|-damage|p2a: Barraskewda|0 fnt\n|faint|p2a: Barraskewda\n|\n|upkeep\n|-message|davo2544 forfeited.\n|\n|win|MasterRumba\n", "inputlog": ">version a8376a258c1d4662feba110a92103f3664a72141\n>start {\"formatid\":\"gen9randombattle\",\"seed\":\"sodium,44f454390c0b67ea46e779e2cb05df73\",\"rated\":\"Rated battle\"}\n>player p1 {\"name\":\"MasterRumba\",\"avatar\":\"266\",\"rating\":2156,\"seed\":\"sodium,5ede9ec1832b52c2ae72358cd10c9cb8\"}\n>player p2 {\"name\":\"davo2544\",\"avatar\":\"marley\",\"rating\":2138,\"seed\":\"sodium,67dcaf712bc3ed2263b6f2a1cdeaefca\"}\n>p1 move fireblast\n>p2 switch 2\n>p1 switch 4\n>p2 move flipturn\n>p2 switch 5\n>p1 switch 5\n>p2 move spikes\n>p1 move flareblitz\n>p2 switch 6\n>p1 switch 5\n>p2 move psychicfangs\n>p1 move flamethrower\n>p2 move psychicfangs\n>p2 switch 5\n>p1 move defog\n>p2 move flipturn\n>p2 switch 4\n>p1 switch 4\n>p2 switch 4\n>p1 switch 4\n>p2 move flipturn\n>p2 switch 3\n>p1 switch 2\n>p1 move moonblast\n>p2 move bravebird\n>p1 switch 6\n>p2 switch 3\n>p1 move ironhead terastallize\n>p2 move waterfall\n>p1 switch 4\n>p2 switch 2\n>p1 move quiverdance\n>p2 switch 2\n>p1 move gigadrain\n>p2 move waterfall terastallize\n>forcelose p2", "uploadtime": 1781394061, "views": 5, "formatid": "gen9randombattle", "rating": null, "private": 0, "password": null}