{"id": "gen9randombattle-2631581123", "format": "[Gen 9] Random Battle", "players": ["PJCDragon", "Malog7"], "log": "|j|\u2606PJCDragon\n|j|\u2606Malog7\n|t:|1781404247\n|gametype|singles\n|player|p1|PJCDragon|scientist|1994\n|player|p2|Malog7|steven|1986\n|gen|9\n|tier|[Gen 9] Random Battle\n|rated|\n|rule|Species Clause: Limit one of each Pok\u00e9mon\n|rule|HP Percentage Mod: HP is shown in percentages\n|rule|Sleep Clause Mod: Limit one foe put to sleep\n|rule|Illusion Level Mod: Illusion disguises the Pok\u00e9mon's true level\n|\n|t:|1781404247\n|teamsize|p1|6\n|teamsize|p2|6\n|start\n|switch|p1a: Glaceon|Glaceon, L94, M|275/275\n|switch|p2a: Honchkrow|Honchkrow, L86, F|312/312\n|turn|1\n|inactive|Battle timer is ON: inactive players will automatically lose when time's up. (requested by Malog7)\n|\n|t:|1781404260\n|switch|p2a: Avalugg|Avalugg-Hisui, L90, M|317/317\n|move|p1a: Glaceon|Freeze-Dry|p2a: Avalugg\n|-resisted|p2a: Avalugg\n|-damage|p2a: Avalugg|212/317\n|\n|upkeep\n|turn|2\n|\n|t:|1781404270\n|move|p1a: Glaceon|Mud Shot|p2a: Avalugg\n|-supereffective|p2a: Avalugg\n|-damage|p2a: Avalugg|20/317\n|-unboost|p2a: Avalugg|spe|1\n|move|p2a: Avalugg|Recover|p2a: Avalugg\n|-heal|p2a: Avalugg|179/317\n|\n|upkeep\n|turn|3\n|\n|t:|1781404286\n|switch|p2a: Veluza|Veluza, L85, M|292/292\n|move|p1a: Glaceon|Mud Shot|p2a: Veluza\n|-damage|p2a: Veluza|215/292\n|-unboost|p2a: Veluza|spe|1\n|\n|upkeep\n|turn|4\n|\n|t:|1781404294\n|move|p1a: Glaceon|Freeze-Dry|p2a: Veluza\n|-supereffective|p2a: Veluza\n|-crit|p2a: Veluza\n|-damage|p2a: Veluza|0 fnt\n|faint|p2a: Veluza\n|\n|upkeep\n|\n|t:|1781404307\n|switch|p2a: Golem|Golem-Alola, L93, F|300/300\n|turn|5\n|\n|t:|1781404313\n|-terastallize|p2a: Golem|Grass\n|move|p1a: Glaceon|Protect|p1a: Glaceon\n|-singleturn|p1a: Glaceon|Protect\n|move|p2a: Golem|Stone Edge|p1a: Glaceon\n|-activate|p1a: Glaceon|move: Protect\n|\n|upkeep\n|turn|6\n|\n|t:|1781404321\n|move|p1a: Glaceon|Freeze-Dry|p2a: Golem\n|-supereffective|p2a: Golem\n|-damage|p2a: Golem|24/300\n|move|p2a: Golem|Stone Edge|p1a: Glaceon\n|-supereffective|p1a: Glaceon\n|-damage|p1a: Glaceon|0 fnt\n|faint|p1a: Glaceon\n|\n|upkeep\n|\n|t:|1781404335\n|switch|p1a: Perrserker|Perrserker, L89, F|269/269\n|turn|7\n|\n|t:|1781404338\n|move|p1a: Perrserker|U-turn|p2a: Golem\n|-supereffective|p2a: Golem\n|-damage|p2a: Golem|0 fnt\n|faint|p2a: Golem\n|\n|t:|1781404343\n|switch|p1a: Dusknoir|Dusknoir, L89, F|225/225|[from] U-turn\n|\n|upkeep\n|\n|t:|1781404349\n|switch|p2a: Gogoat|Gogoat, L88, F|360/360\n|turn|8\n|\n|t:|1781404364\n|move|p2a: Gogoat|Bulk Up|p2a: Gogoat\n|-boost|p2a: Gogoat|atk|1\n|-boost|p2a: Gogoat|def|1\n|move|p1a: Dusknoir|Substitute|p1a: Dusknoir\n|-start|p1a: Dusknoir|Substitute\n|-damage|p1a: Dusknoir|169/225\n|\n|-heal|p1a: Dusknoir|183/225|[from] item: Leftovers\n|upkeep\n|turn|9\n|\n|t:|1781404370\n|-singleturn|p1a: Dusknoir|move: Focus Punch\n|move|p2a: Gogoat|Bulk Up|p2a: Gogoat\n|-boost|p2a: Gogoat|atk|1\n|-boost|p2a: Gogoat|def|1\n|move|p1a: Dusknoir|Focus Punch|p2a: Gogoat\n|-damage|p2a: Gogoat|287/360\n|\n|-heal|p2a: Gogoat|309/360|[from] item: Leftovers\n|-heal|p1a: Dusknoir|197/225|[from] item: Leftovers\n|upkeep\n|turn|10\n|\n|t:|1781404382\n|-singleturn|p1a: Dusknoir|move: Focus Punch\n|move|p2a: Gogoat|Bulk Up|p2a: Gogoat\n|-boost|p2a: Gogoat|atk|1\n|-boost|p2a: Gogoat|def|1\n|move|p1a: Dusknoir|Focus Punch|p2a: Gogoat\n|-damage|p2a: Gogoat|246/360\n|\n|-heal|p2a: Gogoat|268/360|[from] item: Leftovers\n|-heal|p1a: Dusknoir|211/225|[from] item: Leftovers\n|upkeep\n|turn|11\n|\n|t:|1781404387\n|-singleturn|p1a: Dusknoir|move: Focus Punch\n|move|p2a: Gogoat|Horn Leech|p1a: Dusknoir\n|-end|p1a: Dusknoir|Substitute\n|-heal|p2a: Gogoat|296/360|[from] drain|[of] p1a: Dusknoir\n|move|p1a: Dusknoir|Focus Punch|p2a: Gogoat\n|-damage|p2a: Gogoat|235/360\n|\n|-heal|p2a: Gogoat|257/360|[from] item: Leftovers\n|-heal|p1a: Dusknoir|225/225|[from] item: Leftovers\n|upkeep\n|turn|12\n|\n|t:|1781404391\n|move|p2a: Gogoat|Horn Leech|p1a: Dusknoir\n|-damage|p1a: Dusknoir|71/225\n|-heal|p2a: Gogoat|334/360|[from] drain|[of] p1a: Dusknoir\n|move|p1a: Dusknoir|Substitute|p1a: Dusknoir\n|-start|p1a: Dusknoir|Substitute\n|-damage|p1a: Dusknoir|15/225\n|\n|-heal|p2a: Gogoat|356/360|[from] item: Leftovers\n|-heal|p1a: Dusknoir|29/225|[from] item: Leftovers\n|upkeep\n|turn|13\n|\n|t:|1781404398\n|move|p2a: Gogoat|Horn Leech|p1a: Dusknoir\n|-end|p1a: Dusknoir|Substitute\n|-heal|p2a: Gogoat|360/360|[from] drain|[of] p1a: Dusknoir\n|move|p1a: Dusknoir|Pain Split|p2a: Gogoat\n|-sethp|p2a: Gogoat|194/360|[from] move: Pain Split|[silent]\n|-sethp|p1a: Dusknoir|194/225|[from] move: Pain Split\n|\n|-heal|p2a: Gogoat|216/360|[from] item: Leftovers\n|-heal|p1a: Dusknoir|208/225|[from] item: Leftovers\n|upkeep\n|turn|14\n|\n|t:|1781404406\n|move|p2a: Gogoat|Bulk Up|p2a: Gogoat\n|-boost|p2a: Gogoat|atk|1\n|-boost|p2a: Gogoat|def|1\n|move|p1a: Dusknoir|Pain Split|p2a: Gogoat\n|-sethp|p2a: Gogoat|212/360|[from] move: Pain Split|[silent]\n|-sethp|p1a: Dusknoir|212/225|[from] move: Pain Split\n|\n|-heal|p2a: Gogoat|234/360|[from] item: Leftovers\n|-heal|p1a: Dusknoir|225/225|[from] item: Leftovers\n|upkeep\n|turn|15\n|\n|t:|1781404413\n|move|p2a: Gogoat|Bulk Up|p2a: Gogoat\n|-boost|p2a: Gogoat|atk|1\n|-boost|p2a: Gogoat|def|1\n|move|p1a: Dusknoir|Pain Split|p2a: Gogoat\n|-sethp|p2a: Gogoat|229/360|[from] move: Pain Split|[silent]\n|-sethp|p1a: Dusknoir|225/225|[from] move: Pain Split\n|\n|-heal|p2a: Gogoat|251/360|[from] item: Leftovers\n|upkeep\n|turn|16\n|\n|t:|1781404420\n|move|p2a: Gogoat|Bulk Up|p2a: Gogoat\n|-boost|p2a: Gogoat|atk|1\n|-boost|p2a: Gogoat|def|1\n|move|p1a: Dusknoir|Substitute|p1a: Dusknoir\n|-start|p1a: Dusknoir|Substitute\n|-damage|p1a: Dusknoir|169/225\n|\n|-heal|p2a: Gogoat|273/360|[from] item: Leftovers\n|-heal|p1a: Dusknoir|183/225|[from] item: Leftovers\n|upkeep\n|turn|17\n|\n|t:|1781404423\n|move|p2a: Gogoat|Horn Leech|p1a: Dusknoir\n|-end|p1a: Dusknoir|Substitute\n|-heal|p2a: Gogoat|301/360|[from] drain|[of] p1a: Dusknoir\n|move|p1a: Dusknoir|Substitute|p1a: Dusknoir\n|-start|p1a: Dusknoir|Substitute\n|-damage|p1a: Dusknoir|127/225\n|\n|-heal|p2a: Gogoat|323/360|[from] item: Leftovers\n|-heal|p1a: Dusknoir|141/225|[from] item: Leftovers\n|upkeep\n|turn|18\n|\n|t:|1781404429\n|move|p2a: Gogoat|Horn Leech|p1a: Dusknoir\n|-end|p1a: Dusknoir|Substitute\n|-heal|p2a: Gogoat|351/360|[from] drain|[of] p1a: Dusknoir\n|move|p1a: Dusknoir|Substitute|p1a: Dusknoir\n|-start|p1a: Dusknoir|Substitute\n|-damage|p1a: Dusknoir|85/225\n|\n|-heal|p2a: Gogoat|360/360|[from] item: Leftovers\n|-heal|p1a: Dusknoir|99/225|[from] item: Leftovers\n|upkeep\n|turn|19\n|\n|t:|1781404433\n|move|p2a: Gogoat|Earthquake|p1a: Dusknoir\n|-end|p1a: Dusknoir|Substitute\n|move|p1a: Dusknoir|Substitute|p1a: Dusknoir\n|-start|p1a: Dusknoir|Substitute\n|-damage|p1a: Dusknoir|43/225\n|\n|-heal|p1a: Dusknoir|57/225|[from] item: Leftovers\n|upkeep\n|turn|20\n|\n|t:|1781404438\n|move|p2a: Gogoat|Earthquake|p1a: Dusknoir\n|-end|p1a: Dusknoir|Substitute\n|move|p1a: Dusknoir|Pain Split|p2a: Gogoat\n|-sethp|p2a: Gogoat|208/360|[from] move: Pain Split|[silent]\n|-sethp|p1a: Dusknoir|208/225|[from] move: Pain Split\n|\n|-heal|p2a: Gogoat|230/360|[from] item: Leftovers\n|-heal|p1a: Dusknoir|222/225|[from] item: Leftovers\n|upkeep\n|turn|21\n|\n|t:|1781404446\n|move|p2a: Gogoat|Horn Leech|p1a: Dusknoir\n|-damage|p1a: Dusknoir|0 fnt\n|-heal|p2a: Gogoat|341/360|[from] drain|[of] p1a: Dusknoir\n|faint|p1a: Dusknoir\n|\n|-heal|p2a: Gogoat|360/360|[from] item: Leftovers\n|upkeep\n|\n|t:|1781404454\n|switch|p1a: Scovillain|Scovillain, L91, M|266/266\n|turn|22\n|\n|t:|1781404459\n|switch|p1a: Perrserker|Perrserker, L89, F|269/269\n|move|p2a: Gogoat|Earthquake|p1a: Perrserker\n|-supereffective|p1a: Perrserker\n|-damage|p1a: Perrserker|0 fnt\n|faint|p1a: Perrserker\n|\n|upkeep\n|\n|t:|1781404463\n|switch|p1a: Scovillain|Scovillain, L91, M|266/266\n|turn|23\n|\n|t:|1781404472\n|move|p1a: Scovillain|Fire Blast|p2a: Gogoat\n|-supereffective|p2a: Gogoat\n|-damage|p2a: Gogoat|66/360\n|move|p2a: Gogoat|Earthquake|p1a: Scovillain\n|-damage|p1a: Scovillain|0 fnt\n|faint|p1a: Scovillain\n|\n|-heal|p2a: Gogoat|88/360|[from] item: Leftovers\n|upkeep\n|\n|t:|1781404484\n|switch|p1a: Okidogi|Okidogi, L77, M|262/262\n|turn|24\n|\n|t:|1781404492\n|move|p2a: Gogoat|Earthquake|p1a: Okidogi\n|-supereffective|p1a: Okidogi\n|-damage|p1a: Okidogi|0 fnt\n|faint|p1a: Okidogi\n|\n|-heal|p2a: Gogoat|110/360|[from] item: Leftovers\n|upkeep\n|-message|PJCDragon forfeited.\n|\n|win|Malog7\n", "uploadtime": 1781404248, "views": 3, "formatid": "gen9randombattle", "rating": null, "private": 0, "password": null}