{"id": "gen9randombattle-2631702150", "format": "[Gen 9] Random Battle", "players": ["sdbdfdfjdj", "QUWER"], "log": "|j|\u2606sdbdfdfjdj\n|j|\u2606QUWER\n|t:|1781424782\n|gametype|singles\n|player|p1|sdbdfdfjdj|102|1051\n|player|p2|QUWER|170|1071\n|gen|9\n|tier|[Gen 9] Random Battle\n|rated|\n|rule|Species Clause: Limit one of each Pok\u00e9mon\n|rule|HP Percentage Mod: HP is shown in percentages\n|rule|Sleep Clause Mod: Limit one foe put to sleep\n|rule|Illusion Level Mod: Illusion disguises the Pok\u00e9mon's true level\n|\n|t:|1781424782\n|teamsize|p1|6\n|teamsize|p2|6\n|start\n|switch|p1a: Blissey|Blissey, L85, F|572/572\n|switch|p2a: Cryogonal|Cryogonal, L89|287/287\n|turn|1\n|inactive|Battle timer is ON: inactive players will automatically lose when time's up. (requested by sdbdfdfjdj)\n|\n|t:|1781424803\n|switch|p2a: Garchomp|Garchomp, L74, F|282/282\n|move|p1a: Blissey|Thunder Wave|p2a: Garchomp\n|-immune|p2a: Garchomp\n|\n|upkeep\n|turn|2\n|\n|t:|1781424812\n|switch|p1a: Gliscor|Gliscor, L76, M|239/239\n|move|p2a: Garchomp|Dragon Tail|p1a: Gliscor\n|-damage|p1a: Gliscor|190/239\n|drag|p1a: Gothitelle|Gothitelle, L90, F|272/272\n|\n|upkeep\n|turn|3\n|\n|t:|1781424823\n|move|p1a: Gothitelle|Psychic Noise|p2a: Garchomp\n|-damage|p2a: Garchomp|177/282\n|-start|p2a: Garchomp|move: Heal Block\n|move|p2a: Garchomp|Dragon Tail|p1a: Gothitelle\n|-damage|p1a: Gothitelle|214/272\n|drag|p1a: Gliscor|Gliscor, L76, M|190/239\n|\n|-status|p1a: Gliscor|tox|[from] item: Toxic Orb\n|upkeep\n|turn|4\n|\n|t:|1781424837\n|move|p1a: Gliscor|Protect|p1a: Gliscor\n|-singleturn|p1a: Gliscor|Protect\n|move|p2a: Garchomp|Outrage|p1a: Gliscor\n|-activate|p1a: Gliscor|move: Protect\n|\n|-heal|p1a: Gliscor|219/239 tox|[from] ability: Poison Heal\n|-end|p2a: Garchomp|move: Heal Block\n|upkeep\n|turn|5\n|\n|t:|1781424861\n|switch|p1a: Probopass|Probopass, L91, M|257/257\n|move|p2a: Garchomp|Outrage|p1a: Probopass\n|-resisted|p1a: Probopass\n|-damage|p1a: Probopass|216/257\n|\n|-heal|p1a: Probopass|232/257|[from] item: Leftovers\n|upkeep\n|turn|6\n|inactive|QUWER has 120 seconds left.\n|\n|t:|1781424895\n|move|p2a: Garchomp|Outrage|p1a: Probopass|[from] lockedmove\n|-resisted|p1a: Probopass\n|-damage|p1a: Probopass|190/257\n|move|p1a: Probopass|Iron Defense|p1a: Probopass\n|-boost|p1a: Probopass|def|2\n|\n|-heal|p1a: Probopass|206/257|[from] item: Leftovers\n|upkeep\n|turn|7\n|\n|t:|1781424904\n|move|p2a: Garchomp|Outrage|p1a: Probopass|[from] lockedmove\n|-resisted|p1a: Probopass\n|-damage|p1a: Probopass|187/257\n|-start|p2a: Garchomp|confusion|[fatigue]\n|move|p1a: Probopass|Body Press|p2a: Garchomp\n|-damage|p2a: Garchomp|0 fnt\n|-damage|p1a: Probopass|155/257|[from] ability: Rough Skin|[of] p2a: Garchomp\n|-damage|p1a: Probopass|113/257|[from] item: Rocky Helmet|[of] p2a: Garchomp\n|faint|p2a: Garchomp\n|\n|-heal|p1a: Probopass|129/257|[from] item: Leftovers\n|upkeep\n|inactive|QUWER has 120 seconds left.\n|\n|t:|1781424922\n|switch|p2a: Regieleki|Regieleki, L79|256/256\n|turn|8\n|inactive|QUWER has 120 seconds left.\n|\n|t:|1781424937\n|move|p2a: Regieleki|Volt Switch|p1a: Probopass\n|-damage|p1a: Probopass|63/257\n|\n|t:|1781424943\n|switch|p2a: Cryogonal|Cryogonal, L89|287/287|[from] Volt Switch\n|move|p1a: Probopass|Body Press|p2a: Cryogonal\n|-supereffective|p2a: Cryogonal\n|-damage|p2a: Cryogonal|0 fnt\n|faint|p2a: Cryogonal\n|\n|-heal|p1a: Probopass|79/257|[from] item: Leftovers\n|upkeep\n|\n|t:|1781424951\n|switch|p2a: Regieleki|Regieleki, L79|256/256\n|turn|9\n|inactive|QUWER has 120 seconds left.\n|\n|t:|1781424962\n|switch|p1a: Blissey|Blissey, L85, F|572/572\n|move|p2a: Regieleki|Volt Switch|p1a: Blissey\n|-damage|p1a: Blissey|502/572\n|inactive|QUWER has 120 seconds left.\n|\n|t:|1781424970\n|switch|p2a: Hoopa|Hoopa, L85|275/275|[from] Volt Switch\n|\n|-heal|p1a: Blissey|537/572|[from] item: Leftovers\n|upkeep\n|turn|10\n|\n|t:|1781424978\n|move|p2a: Hoopa|Focus Blast|p1a: Blissey|[miss]\n|-miss|p2a: Hoopa|p1a: Blissey\n|move|p1a: Blissey|Thunder Wave|p2a: Hoopa\n|-status|p2a: Hoopa|par\n|\n|-heal|p1a: Blissey|572/572|[from] item: Leftovers\n|upkeep\n|turn|11\n|-message|QUWER forfeited.\n|\n|win|sdbdfdfjdj\n|raw|sdbdfdfjdj's rating: 1079 &rarr; <strong>1107</strong><br />(+28 for winning)\n|raw|QUWER's rating: 1071 &rarr; <strong>1051</strong><br />(-20 for losing)\n|l|\u2606QUWER\n|player|p2|\n", "inputlog": ">version a8376a258c1d4662feba110a92103f3664a72141\n>start {\"formatid\":\"gen9randombattle\",\"seed\":\"sodium,9c932d2d0670b54871ffaf2672dcb876\",\"rated\":\"Rated battle\"}\n>player p1 {\"name\":\"sdbdfdfjdj\",\"avatar\":\"102\",\"rating\":1051,\"seed\":\"sodium,76359131640628811c713146a6a838a3\"}\n>player p2 {\"name\":\"QUWER\",\"avatar\":\"170\",\"rating\":1071,\"seed\":\"sodium,5f78d52d016e0e7c855213ea21cc6363\"}\n>p1 move thunderwave\n>p2 switch 5\n>p1 switch 3\n>p2 move dragontail\n>p1 move psychicnoise\n>p2 move dragontail\n>p1 move protect\n>p2 move outrage\n>p1 switch 6\n>p2 move outrage\n>p1 move irondefense\n>p2 move outrage\n>p1 move bodypress\n>p2 move outrage\n>p2 switch 3\n>p1 move bodypress\n>p2 move voltswitch\n>p2 switch 5\n>p2 switch 5\n>p1 switch 3\n>p2 move voltswitch\n>p2 switch 4\n>p1 move thunderwave\n>p2 move focusblast\n>forcelose p2", "uploadtime": 1781424988, "views": 4, "formatid": "gen9randombattle", "rating": 1051, "private": 0, "password": null}