{"id": "gen9randombattle-2631981010", "format": "[Gen 9] Random Battle", "players": ["OverthereStair", "TheSakman"], "log": "|j|\u2606OverthereStair\n|j|\u2606TheSakman\n|t:|1781462395\n|gametype|singles\n|player|p1|OverthereStair|hilda|2038\n|player|p2|TheSakman|ltsurge|1956\n|gen|9\n|tier|[Gen 9] Random Battle\n|rated|\n|rule|Species Clause: Limit one of each Pok\u00e9mon\n|rule|HP Percentage Mod: HP is shown in percentages\n|rule|Sleep Clause Mod: Limit one foe put to sleep\n|rule|Illusion Level Mod: Illusion disguises the Pok\u00e9mon's true level\n|\n|t:|1781462395\n|teamsize|p1|6\n|teamsize|p2|6\n|start\n|switch|p1a: Arcanine|Arcanine-Hisui, L79, M|279/279\n|switch|p2a: Mimikyu|Mimikyu, L79, M|216/216\n|turn|1\n|inactive|Battle timer is ON: inactive players will automatically lose when time's up. (requested by OverthereStair)\n|\n|t:|1781462407\n|move|p2a: Mimikyu|Swords Dance|p2a: Mimikyu\n|-boost|p2a: Mimikyu|atk|2\n|move|p1a: Arcanine|Flare Blitz|p2a: Mimikyu\n|-activate|p2a: Mimikyu|ability: Disguise\n|-damage|p2a: Mimikyu|216/216\n|detailschange|p2a: Mimikyu|Mimikyu-Busted, L79, M\n|-damage|p2a: Mimikyu|189/216|[from] pokemon: Mimikyu-Busted\n|\n|upkeep\n|turn|2\n|\n|t:|1781462417\n|move|p2a: Mimikyu|Drain Punch|p1a: Arcanine\n|-supereffective|p1a: Arcanine\n|-damage|p1a: Arcanine|22/279\n|-heal|p2a: Mimikyu|216/216|[from] drain|[of] p1a: Arcanine\n|-damage|p2a: Mimikyu|195/216|[from] item: Life Orb\n|move|p1a: Arcanine|Flare Blitz|p2a: Mimikyu\n|-damage|p2a: Mimikyu|0 fnt\n|faint|p2a: Mimikyu\n|\n|upkeep\n|\n|t:|1781462428\n|switch|p2a: Garchomp|Garchomp, L74, F|282/282\n|turn|3\n|\n|t:|1781462438\n|move|p2a: Garchomp|Stealth Rock|p1a: Arcanine\n|-sidestart|p1: OverthereStair|move: Stealth Rock\n|move|p1a: Arcanine|Flare Blitz|p2a: Garchomp\n|-resisted|p2a: Garchomp\n|-crit|p2a: Garchomp\n|-damage|p2a: Garchomp|129/282\n|-damage|p1a: Arcanine|0 fnt|[from] ability: Rough Skin|[of] p2a: Garchomp\n|faint|p1a: Arcanine\n|\n|upkeep\n|\n|t:|1781462450\n|switch|p1a: Greninja|Greninja, L80, M|246/246\n|-damage|p1a: Greninja|216/246|[from] Stealth Rock\n|turn|4\n|\n|t:|1781462467\n|move|p1a: Greninja|Hydro Pump|p2a: Garchomp\n|-start|p1a: Greninja|typechange|Water|[from] ability: Protean\n|-damage|p2a: Garchomp|0 fnt\n|faint|p2a: Garchomp\n|-damage|p1a: Greninja|192/246|[from] item: Life Orb\n|\n|upkeep\n|\n|t:|1781462478\n|switch|p2a: Masquerain|Masquerain, L87, F|264/264\n|-ability|p2a: Masquerain|Intimidate|boost\n|-unboost|p1a: Greninja|atk|1\n|turn|5\n|\n|t:|1781462484\n|move|p1a: Greninja|Hydro Pump|p2a: Masquerain\n|-damage|p2a: Masquerain|124/264\n|-damage|p1a: Greninja|168/246|[from] item: Life Orb\n|move|p2a: Masquerain|Quiver Dance|p2a: Masquerain\n|-boost|p2a: Masquerain|spa|1\n|-boost|p2a: Masquerain|spd|1\n|-boost|p2a: Masquerain|spe|1\n|\n|upkeep\n|turn|6\n|\n|t:|1781462491\n|switch|p1a: Giratina|Giratina, L75|349/349\n|-damage|p1a: Giratina|306/349|[from] Stealth Rock\n|-ability|p1a: Giratina|Pressure\n|move|p2a: Masquerain|Bug Buzz|p1a: Giratina\n|-resisted|p1a: Giratina\n|-damage|p1a: Giratina|242/349\n|\n|-heal|p1a: Giratina|263/349|[from] item: Leftovers\n|upkeep\n|turn|7\n|\n|t:|1781462496\n|move|p2a: Masquerain|Hurricane|p1a: Giratina\n|-damage|p1a: Giratina|106/349\n|move|p1a: Giratina|Dragon Tail|p2a: Masquerain\n|-damage|p2a: Masquerain|54/264\n|drag|p2a: Darkrai|Darkrai, L77|234/234\n|\n|-heal|p1a: Giratina|127/349|[from] item: Leftovers\n|upkeep\n|turn|8\n|\n|t:|1781462500\n|switch|p1a: Carbink|Carbink, L90|236/236\n|-damage|p1a: Carbink|207/236|[from] Stealth Rock\n|move|p2a: Darkrai|Dark Pulse|p1a: Carbink\n|-resisted|p1a: Carbink\n|-damage|p1a: Carbink|180/236\n|\n|upkeep\n|turn|9\n|\n|t:|1781462510\n|switch|p2a: Maushold|Maushold, L76|238/238\n|move|p1a: Carbink|Moonblast|p2a: Maushold\n|-damage|p2a: Maushold|148/238\n|\n|upkeep\n|turn|10\n|\n|t:|1781462519\n|switch|p2a: Masquerain|Masquerain, L87, F|54/264\n|-ability|p2a: Masquerain|Intimidate|boost\n|-fail|p1a: Carbink|unboost|[from] ability: Clear Body|[of] p1a: Carbink\n|move|p1a: Carbink|Moonblast|p2a: Masquerain\n|-damage|p2a: Masquerain|0 fnt\n|faint|p2a: Masquerain\n|\n|upkeep\n|\n|t:|1781462530\n|switch|p2a: Maushold|Maushold, L76|148/238\n|turn|11\n|\n|t:|1781462532\n|move|p2a: Maushold|Population Bomb|p1a: Carbink\n|-resisted|p1a: Carbink\n|-damage|p1a: Carbink|172/236\n|-resisted|p1a: Carbink\n|-damage|p1a: Carbink|166/236\n|-resisted|p1a: Carbink\n|-damage|p1a: Carbink|159/236\n|-resisted|p1a: Carbink\n|-damage|p1a: Carbink|152/236\n|-resisted|p1a: Carbink\n|-damage|p1a: Carbink|144/236\n|-resisted|p1a: Carbink\n|-damage|p1a: Carbink|138/236\n|-resisted|p1a: Carbink\n|-damage|p1a: Carbink|131/236\n|-resisted|p1a: Carbink\n|-damage|p1a: Carbink|124/236\n|-resisted|p1a: Carbink\n|-damage|p1a: Carbink|116/236\n|-resisted|p1a: Carbink\n|-damage|p1a: Carbink|110/236\n|-hitcount|p1a: Carbink|10\n|move|p1a: Carbink|Moonblast|p2a: Maushold\n|-damage|p2a: Maushold|58/238\n|\n|upkeep\n|turn|12\n|\n|t:|1781462537\n|move|p2a: Maushold|Population Bomb|p1a: Carbink\n|-resisted|p1a: Carbink\n|-damage|p1a: Carbink|103/236\n|-resisted|p1a: Carbink\n|-damage|p1a: Carbink|96/236\n|-resisted|p1a: Carbink\n|-damage|p1a: Carbink|89/236\n|-resisted|p1a: Carbink\n|-damage|p1a: Carbink|82/236\n|-resisted|p1a: Carbink\n|-damage|p1a: Carbink|75/236\n|-resisted|p1a: Carbink\n|-damage|p1a: Carbink|68/236\n|-resisted|p1a: Carbink\n|-damage|p1a: Carbink|61/236\n|-resisted|p1a: Carbink\n|-damage|p1a: Carbink|54/236\n|-resisted|p1a: Carbink\n|-damage|p1a: Carbink|47/236\n|-resisted|p1a: Carbink\n|-damage|p1a: Carbink|41/236\n|-hitcount|p1a: Carbink|10\n|move|p1a: Carbink|Rest|p1a: Carbink\n|-status|p1a: Carbink|slp|[from] move: Rest\n|-heal|p1a: Carbink|236/236 slp|[silent]\n|-enditem|p1a: Carbink|Chesto Berry|[eat]\n|-curestatus|p1a: Carbink|slp|[msg]\n|\n|upkeep\n|turn|13\n|\n|t:|1781462540\n|switch|p1a: Giratina|Giratina, L75|127/349\n|-damage|p1a: Giratina|84/349|[from] Stealth Rock\n|-ability|p1a: Giratina|Pressure\n|move|p2a: Maushold|Encore||[still]\n|-fail|p2a: Maushold\n|\n|-heal|p1a: Giratina|105/349|[from] item: Leftovers\n|upkeep\n|turn|14\n|\n|t:|1781462543\n|move|p2a: Maushold|Bite|p1a: Giratina\n|-supereffective|p1a: Giratina\n|-damage|p1a: Giratina|29/349\n|cant|p1a: Giratina|flinch\n|\n|-heal|p1a: Giratina|50/349|[from] item: Leftovers\n|upkeep\n|turn|15\n|\n|t:|1781462546\n|move|p2a: Maushold|Bite|p1a: Giratina\n|-supereffective|p1a: Giratina\n|-damage|p1a: Giratina|0 fnt\n|faint|p1a: Giratina\n|\n|upkeep\n|\n|t:|1781462548\n|switch|p1a: Greninja|Greninja, L80, M|168/246\n|-damage|p1a: Greninja|138/246|[from] Stealth Rock\n|turn|16\n|\n|t:|1781462551\n|move|p1a: Greninja|Dark Pulse|p2a: Maushold\n|-start|p1a: Greninja|typechange|Dark|[from] ability: Protean\n|-damage|p2a: Maushold|0 fnt\n|faint|p2a: Maushold\n|-damage|p1a: Greninja|114/246|[from] item: Life Orb\n|\n|upkeep\n|\n|t:|1781462556\n|switch|p2a: Darkrai|Darkrai, L77|234/234\n|turn|17\n|\n|t:|1781462561\n|move|p1a: Greninja|Hydro Pump|p2a: Darkrai|[miss]\n|-miss|p1a: Greninja|p2a: Darkrai\n|move|p2a: Darkrai|Nasty Plot|p2a: Darkrai\n|-boost|p2a: Darkrai|spa|2\n|\n|upkeep\n|turn|18\n|\n|t:|1781462564\n|move|p1a: Greninja|Hydro Pump|p2a: Darkrai|[miss]\n|-miss|p1a: Greninja|p2a: Darkrai\n|move|p2a: Darkrai|Sludge Bomb|p1a: Greninja\n|-damage|p1a: Greninja|0 fnt\n|faint|p1a: Greninja\n|\n|upkeep\n|\n|t:|1781462567\n|switch|p1a: Carbink|Carbink, L90|236/236\n|-damage|p1a: Carbink|207/236|[from] Stealth Rock\n|turn|19\n|\n|t:|1781462571\n|-terastallize|p2a: Darkrai|Poison\n|move|p2a: Darkrai|Sludge Bomb|p1a: Carbink\n|-damage|p1a: Carbink|77/236\n|-status|p1a: Carbink|psn\n|move|p1a: Carbink|Moonblast|p2a: Darkrai\n|-resisted|p2a: Darkrai\n|-damage|p2a: Darkrai|195/234\n|\n|-heal|p2a: Darkrai|209/234|[from] item: Leftovers\n|-damage|p1a: Carbink|48/236 psn|[from] psn\n|upkeep\n|turn|20\n|\n|t:|1781462574\n|move|p2a: Darkrai|Sludge Bomb|p1a: Carbink\n|-crit|p1a: Carbink\n|-damage|p1a: Carbink|0 fnt\n|faint|p1a: Carbink\n|\n|-heal|p2a: Darkrai|223/234|[from] item: Leftovers\n|upkeep\n|\n|t:|1781462576\n|switch|p1a: Reuniclus|Reuniclus, L88, M|337/337\n|turn|21\n|\n|t:|1781462579\n|-terastallize|p1a: Reuniclus|Fighting\n|move|p2a: Darkrai|Dark Pulse|p1a: Reuniclus\n|-resisted|p1a: Reuniclus\n|-damage|p1a: Reuniclus|241/337\n|move|p1a: Reuniclus|Psyshock|p2a: Darkrai\n|-supereffective|p2a: Darkrai\n|-damage|p2a: Darkrai|0 fnt\n|faint|p2a: Darkrai\n|\n|upkeep\n|\n|t:|1781462581\n|switch|p2a: Houndoom|Houndoom, L87, M|272/272\n|turn|22\n|\n|t:|1781462584\n|move|p2a: Houndoom|Nasty Plot|p2a: Houndoom\n|-boost|p2a: Houndoom|spa|2\n|move|p1a: Reuniclus|Calm Mind|p1a: Reuniclus\n|-boost|p1a: Reuniclus|spa|1\n|-boost|p1a: Reuniclus|spd|1\n|\n|upkeep\n|turn|23\n|\n|t:|1781462588\n|move|p2a: Houndoom|Fire Blast|p1a: Reuniclus\n|-damage|p1a: Reuniclus|72/337\n|move|p1a: Reuniclus|Focus Blast|p2a: Houndoom\n|-supereffective|p2a: Houndoom\n|-damage|p2a: Houndoom|0 fnt\n|faint|p2a: Houndoom\n|\n|win|OverthereStair\n", "uploadtime": 1781462397, "views": 8, "formatid": "gen9randombattle", "rating": null, "private": 0, "password": null}