{"id": "gen9randombattle-2631600817", "format": "[Gen 9] Random Battle", "players": ["stone douchebag", "Tito969"], "log": "|j|\u2606stone douchebag\n|j|\u2606Tito969\n|t:|1781407011\n|gametype|singles\n|player|p1|stone douchebag|266|1954\n|player|p2|Tito969|102|1982\n|gen|9\n|tier|[Gen 9] Random Battle\n|rated|\n|rule|Species Clause: Limit one of each Pok\u00e9mon\n|rule|HP Percentage Mod: HP is shown in percentages\n|rule|Sleep Clause Mod: Limit one foe put to sleep\n|rule|Illusion Level Mod: Illusion disguises the Pok\u00e9mon's true level\n|\n|t:|1781407011\n|teamsize|p1|6\n|teamsize|p2|6\n|start\n|switch|p1a: Raikou|Raikou, L81|278/278\n|switch|p2a: Grafaiai|Grafaiai, L86, M|249/249\n|-ability|p1a: Raikou|Pressure\n|turn|1\n|inactive|Battle timer is ON: inactive players will automatically lose when time's up. (requested by Tito969)\n|\n|t:|1781407040\n|move|p2a: Grafaiai|Swords Dance|p2a: Grafaiai\n|-boost|p2a: Grafaiai|atk|2\n|move|p1a: Raikou|Volt Switch|p2a: Grafaiai\n|-damage|p2a: Grafaiai|110/249\n|\n|t:|1781407051\n|switch|p1a: Arbok|Arbok, L87, F|246/246|[from] Volt Switch\n|-ability|p1a: Arbok|Intimidate|boost\n|-unboost|p2a: Grafaiai|atk|1\n|\n|upkeep\n|turn|2\n|\n|t:|1781407061\n|move|p2a: Grafaiai|Knock Off|p1a: Arbok\n|-damage|p1a: Arbok|82/246\n|-enditem|p1a: Arbok|Leftovers|[from] move: Knock Off|[of] p2a: Grafaiai\n|-damage|p2a: Grafaiai|86/249|[from] item: Life Orb\n|move|p1a: Arbok|Earthquake|p2a: Grafaiai\n|-supereffective|p2a: Grafaiai\n|-damage|p2a: Grafaiai|0 fnt\n|faint|p2a: Grafaiai\n|\n|upkeep\n|\n|t:|1781407074\n|switch|p2a: Baxcalibur|Baxcalibur, L75, M|295/295\n|turn|3\n|\n|t:|1781407080\n|move|p1a: Arbok|Gunk Shot|p2a: Baxcalibur\n|-damage|p2a: Baxcalibur|147/295\n|move|p2a: Baxcalibur|Swords Dance|p2a: Baxcalibur\n|-boost|p2a: Baxcalibur|atk|2\n|\n|upkeep\n|turn|4\n|\n|t:|1781407084\n|move|p1a: Arbok|Sucker Punch|p2a: Baxcalibur\n|-damage|p2a: Baxcalibur|88/295\n|move|p2a: Baxcalibur|Scale Shot|p1a: Arbok\n|-damage|p1a: Arbok|18/246\n|-crit|p1a: Arbok\n|-damage|p1a: Arbok|0 fnt\n|faint|p1a: Arbok\n|-hitcount|p1: Arbok|2\n|-unboost|p2a: Baxcalibur|def|1\n|-boost|p2a: Baxcalibur|spe|1\n|\n|upkeep\n|\n|t:|1781407097\n|switch|p1a: Flamigo|Flamigo, L82, M|269/269\n|turn|5\n|\n|t:|1781407119\n|-terastallize|p1a: Flamigo|Steel\n|move|p2a: Baxcalibur|Icicle Spear|p1a: Flamigo\n|-resisted|p1a: Flamigo\n|-damage|p1a: Flamigo|233/269\n|-resisted|p1a: Flamigo\n|-damage|p1a: Flamigo|199/269\n|-resisted|p1a: Flamigo\n|-damage|p1a: Flamigo|162/269\n|-resisted|p1a: Flamigo\n|-damage|p1a: Flamigo|126/269\n|-resisted|p1a: Flamigo\n|-damage|p1a: Flamigo|93/269\n|-hitcount|p1a: Flamigo|5\n|move|p1a: Flamigo|Close Combat|p2a: Baxcalibur\n|-supereffective|p2a: Baxcalibur\n|-damage|p2a: Baxcalibur|0 fnt\n|-unboost|p1a: Flamigo|def|1\n|-unboost|p1a: Flamigo|spd|1\n|faint|p2a: Baxcalibur\n|-damage|p1a: Flamigo|67/269|[from] item: Life Orb\n|\n|upkeep\n|\n|t:|1781407130\n|switch|p2a: Magmortar|Magmortar, L88, F|275/275\n|turn|6\n|\n|t:|1781407140\n|switch|p1a: Vaporeon|Vaporeon, L86, F|364/364\n|move|p2a: Magmortar|Thunderbolt|p1a: Vaporeon\n|-supereffective|p1a: Vaporeon\n|-damage|p1a: Vaporeon|206/364\n|\n|-heal|p1a: Vaporeon|228/364|[from] item: Leftovers\n|upkeep\n|turn|7\n|\n|t:|1781407148\n|move|p2a: Magmortar|Thunderbolt|p1a: Vaporeon\n|-supereffective|p1a: Vaporeon\n|-damage|p1a: Vaporeon|78/364\n|-status|p1a: Vaporeon|par\n|move|p1a: Vaporeon|Wish|p1a: Vaporeon\n|\n|-heal|p1a: Vaporeon|100/364 par|[from] item: Leftovers\n|upkeep\n|turn|8\n|\n|t:|1781407155\n|switch|p1a: Flapple|Flapple, L88, M|266/266\n|move|p2a: Magmortar|Thunderbolt|p1a: Flapple\n|-resisted|p1a: Flapple\n|-damage|p1a: Flapple|237/266\n|\n|-heal|p1a: Flapple|266/266|[from] move: Wish|[wisher] Vaporeon\n|upkeep\n|turn|9\n|\n|t:|1781407167\n|switch|p2a: Slaking|Slaking, L84, M|389/389\n|move|p1a: Flapple|Dragon Dance|p1a: Flapple\n|-boost|p1a: Flapple|atk|1\n|-boost|p1a: Flapple|spe|1\n|\n|upkeep\n|turn|10\n|\n|t:|1781407175\n|move|p1a: Flapple|Outrage|p2a: Slaking\n|-damage|p2a: Slaking|77/389\n|move|p2a: Slaking|Double-Edge|p1a: Flapple\n|-damage|p1a: Flapple|0 fnt\n|faint|p1a: Flapple\n|-damage|p2a: Slaking|0 fnt|[from] Recoil\n|faint|p2a: Slaking\n|\n|upkeep\n|\n|t:|1781407188\n|switch|p2a: Magmortar|Magmortar, L88, F|275/275\n|switch|p1a: Raikou|Raikou, L81|278/278\n|-ability|p1a: Raikou|Pressure\n|turn|11\n|\n|t:|1781407190\n|move|p1a: Raikou|Scald|p2a: Magmortar\n|-supereffective|p2a: Magmortar\n|-damage|p2a: Magmortar|107/275\n|move|p2a: Magmortar|Earthquake|p1a: Raikou\n|-supereffective|p1a: Raikou\n|-damage|p1a: Raikou|84/278\n|\n|upkeep\n|turn|12\n|\n|t:|1781407193\n|move|p1a: Raikou|Scald|p2a: Magmortar\n|-supereffective|p2a: Magmortar\n|-damage|p2a: Magmortar|0 fnt\n|faint|p2a: Magmortar\n|\n|upkeep\n|\n|t:|1781407195\n|switch|p2a: Victreebel|Victreebel, L90, F|290/290\n|turn|13\n|\n|t:|1781407200\n|switch|p1a: Flamigo|Flamigo, L82, M, tera:Steel|67/269\n|move|p2a: Victreebel|Sunny Day|p2a: Victreebel\n|-weather|SunnyDay\n|\n|-weather|SunnyDay|[upkeep]\n|upkeep\n|turn|14\n|\n|t:|1781407206\n|switch|p1a: Vaporeon|Vaporeon, L86, F|100/364 par\n|move|p2a: Victreebel|Weather Ball|p1a: Vaporeon\n|-resisted|p1a: Vaporeon\n|-damage|p1a: Vaporeon|23/364 par\n|-damage|p2a: Victreebel|261/290|[from] item: Life Orb\n|\n|-weather|SunnyDay|[upkeep]\n|-heal|p1a: Vaporeon|45/364 par|[from] item: Leftovers\n|upkeep\n|turn|15\n|\n|t:|1781407209\n|move|p1a: Vaporeon|Protect|p1a: Vaporeon\n|-singleturn|p1a: Vaporeon|Protect\n|move|p2a: Victreebel|Sludge Wave|p1a: Vaporeon\n|-activate|p1a: Vaporeon|move: Protect\n|\n|-weather|SunnyDay|[upkeep]\n|-heal|p1a: Vaporeon|67/364 par|[from] item: Leftovers\n|upkeep\n|turn|16\n|\n|t:|1781407219\n|move|p2a: Victreebel|Weather Ball|p1a: Vaporeon\n|-resisted|p1a: Vaporeon\n|-damage|p1a: Vaporeon|0 fnt\n|faint|p1a: Vaporeon\n|-damage|p2a: Victreebel|232/290|[from] item: Life Orb\n|\n|-weather|SunnyDay|[upkeep]\n|upkeep\n|\n|t:|1781407230\n|switch|p1a: Cramorant|Cramorant, L86, F|261/261\n|turn|17\n|\n|t:|1781407235\n|switch|p2a: Cobalion|Cobalion, L80|277/277\n|switch|p1a: Flamigo|Flamigo, L82, M, tera:Steel|67/269\n|\n|-weather|none\n|upkeep\n|turn|18\n|\n|t:|1781407248\n|move|p2a: Cobalion|Calm Mind|p2a: Cobalion\n|-boost|p2a: Cobalion|spa|1\n|-boost|p2a: Cobalion|spd|1\n|move|p1a: Flamigo|Close Combat|p2a: Cobalion\n|-supereffective|p2a: Cobalion\n|-damage|p2a: Cobalion|0 fnt\n|-unboost|p1a: Flamigo|def|1\n|-unboost|p1a: Flamigo|spd|1\n|faint|p2a: Cobalion\n|-damage|p1a: Flamigo|41/269|[from] item: Life Orb\n|\n|upkeep\n|\n|t:|1781407254\n|switch|p2a: Victreebel|Victreebel, L90, F|232/290\n|turn|19\n|\n|t:|1781407258\n|-terastallize|p2a: Victreebel|Fire\n|move|p1a: Flamigo|Brave Bird|p2a: Victreebel\n|-damage|p2a: Victreebel|37/290\n|-damage|p1a: Flamigo|0 fnt|[from] Recoil\n|faint|p1a: Flamigo\n|move|p2a: Victreebel|Sunny Day|p2a: Victreebel\n|-weather|SunnyDay\n|\n|-weather|SunnyDay|[upkeep]\n|upkeep\n|\n|t:|1781407264\n|switch|p1a: Cramorant|Cramorant, L86, F|261/261\n|turn|20\n|\n|t:|1781407273\n|move|p2a: Victreebel|Power Whip|p1a: Cramorant\n|-damage|p1a: Cramorant|4/261\n|-damage|p2a: Victreebel|8/290|[from] item: Life Orb\n|move|p1a: Cramorant|Surf|p2a: Victreebel\n|-formechange|p1a: Cramorant|Cramorant-Gorging|\n|-supereffective|p2a: Victreebel\n|-crit|p2a: Victreebel\n|-damage|p2a: Victreebel|0 fnt\n|faint|p2a: Victreebel\n|\n|win|stone douchebag\n", "inputlog": ">version a8376a258c1d4662feba110a92103f3664a72141\n>start {\"formatid\":\"gen9randombattle\",\"seed\":\"sodium,deb89b9d83cfa6ef58a22e31ef7e68fa\",\"rated\":\"Rated battle\"}\n>player p1 {\"name\":\"stone douchebag\",\"avatar\":\"266\",\"rating\":1954,\"seed\":\"sodium,9d03efc94f4c4e7b7063fa96d20f5bfb\"}\n>player p2 {\"name\":\"Tito969\",\"avatar\":\"102\",\"rating\":1982,\"seed\":\"sodium,aba1ea425abb48a9daf64f37d2430ada\"}\n>p1 move voltswitch\n>p2 move swordsdance\n>p1 switch 3\n>p1 move earthquake\n>p2 move knockoff\n>p2 switch 3\n>p1 move gunkshot\n>p2 move swordsdance\n>p1 move suckerpunch\n>p2 move scaleshot\n>p1 switch 5\n>p1 move closecombat terastallize\n>p2 move iciclespear\n>p2 switch 4\n>p1 switch 6\n>p2 move thunderbolt\n>p1 move wish\n>p2 move thunderbolt\n>p1 switch 2\n>p2 move thunderbolt\n>p1 move dragondance\n>p2 switch 6\n>p1 move outrage\n>p2 move doubleedge\n>p1 switch 3\n>p2 switch 6\n>p1 move scald\n>p2 move earthquake\n>p1 move scald\n>p2 move earthquake\n>p2 switch 5\n>p1 switch 6\n>p2 move sunnyday\n>p1 switch 2\n>p2 move weatherball\n>p1 move protect\n>p2 move sludgewave\n>p1 move wish\n>p2 move weatherball\n>p1 switch 4\n>p1 switch 2\n>p2 switch 2\n>p1 move closecombat\n>p2 move calmmind\n>p2 switch 2\n>p1 move bravebird\n>p2 move sunnyday terastallize\n>p1 switch 2\n>p1 move surf\n>p2 move powerwhip", "uploadtime": 1781407013, "views": 7, "formatid": "gen9randombattle", "rating": null, "private": 0, "password": null}