{"id": "gen9randombattle-2631784673", "format": "[Gen 9] Random Battle", "players": ["woxihuanni", "xmagic_7"], "log": "|j|\u2606woxihuanni\n|j|\u2606xmagic_7\n|t:|1781439218\n|gametype|singles\n|player|p1|woxihuanni|169|2102\n|player|p2|xmagic_7|169|2180\n|gen|9\n|tier|[Gen 9] Random Battle\n|rated|\n|rule|Species Clause: Limit one of each Pok\u00e9mon\n|rule|HP Percentage Mod: HP is shown in percentages\n|rule|Sleep Clause Mod: Limit one foe put to sleep\n|rule|Illusion Level Mod: Illusion disguises the Pok\u00e9mon's true level\n|\n|t:|1781439218\n|teamsize|p1|6\n|teamsize|p2|6\n|start\n|switch|p1a: Moltres|Moltres-Galar, L79|271/271\n|switch|p2a: Falinks|Falinks, L84|246/246\n|turn|1\n|inactive|Battle timer is ON: inactive players will automatically lose when time's up. (requested by xmagic_7)\n|inactive|woxihuanni has 120 seconds left.\n|inactive|xmagic_7 has 120 seconds left.\n|\n|t:|1781439259\n|switch|p2a: Eternatus|Eternatus, L69|308/308\n|-ability|p2a: Eternatus|Pressure\n|move|p1a: Moltres|Nasty Plot|p1a: Moltres\n|-boost|p1a: Moltres|spa|2\n|\n|upkeep\n|turn|2\n|\n|t:|1781439276\n|move|p2a: Eternatus|Meteor Beam||[still]\n|-prepare|p2a: Eternatus|Meteor Beam\n|-boost|p2a: Eternatus|spa|1\n|-enditem|p2a: Eternatus|Power Herb\n|-anim|p2a: Eternatus|Meteor Beam|p1a: Moltres\n|-supereffective|p1a: Moltres\n|-damage|p1a: Moltres|89/271\n|-ability|p1a: Moltres|Berserk|boost\n|-boost|p1a: Moltres|spa|1\n|move|p1a: Moltres|Hurricane|p2a: Eternatus\n|-damage|p2a: Eternatus|17/308\n|\n|upkeep\n|turn|3\n|\n|t:|1781439289\n|switch|p1a: Wyrdeer|Wyrdeer, L87, F|321/321\n|-ability|p1a: Wyrdeer|Intimidate|boost\n|-unboost|p2a: Eternatus|atk|1\n|move|p2a: Eternatus|Sludge Bomb|p1a: Wyrdeer\n|-damage|p1a: Wyrdeer|225/321\n|\n|upkeep\n|turn|4\n|\n|t:|1781439307\n|move|p2a: Eternatus|Sludge Bomb|p1a: Wyrdeer\n|-damage|p1a: Wyrdeer|126/321\n|move|p1a: Wyrdeer|Body Slam|p2a: Eternatus\n|-damage|p2a: Eternatus|0 fnt\n|faint|p2a: Eternatus\n|\n|upkeep\n|\n|t:|1781439323\n|switch|p2a: Falinks|Falinks, L84|246/246\n|turn|5\n|\n|t:|1781439330\n|move|p2a: Falinks|Knock Off|p1a: Wyrdeer\n|-supereffective|p1a: Wyrdeer\n|-damage|p1a: Wyrdeer|0 fnt\n|-enditem|p1a: Wyrdeer|Assault Vest|[from] move: Knock Off|[of] p2a: Falinks\n|faint|p1a: Wyrdeer\n|-damage|p2a: Falinks|222/246|[from] item: Life Orb\n|\n|upkeep\n|\n|t:|1781439334\n|switch|p1a: Moltres|Moltres-Galar, L79|89/271\n|turn|6\n|\n|t:|1781439341\n|-terastallize|p2a: Falinks|Dark\n|move|p1a: Moltres|Hurricane|p2a: Falinks\n|-damage|p2a: Falinks|89/246\n|move|p2a: Falinks|No Retreat|p2a: Falinks\n|-boost|p2a: Falinks|atk|1\n|-boost|p2a: Falinks|def|1\n|-boost|p2a: Falinks|spa|1\n|-boost|p2a: Falinks|spd|1\n|-boost|p2a: Falinks|spe|1\n|-start|p2a: Falinks|move: No Retreat\n|\n|upkeep\n|turn|7\n|\n|t:|1781439347\n|move|p2a: Falinks|Iron Head|p1a: Moltres\n|-damage|p1a: Moltres|0 fnt\n|faint|p1a: Moltres\n|-damage|p2a: Falinks|65/246|[from] item: Life Orb\n|\n|upkeep\n|\n|t:|1781439350\n|switch|p1a: Arceus|Arceus-Flying, L69|279/279\n|turn|8\n|\n|t:|1781439369\n|move|p2a: Falinks|Knock Off|p1a: Arceus\n|-damage|p1a: Arceus|158/279\n|-damage|p2a: Falinks|41/246|[from] item: Life Orb\n|move|p1a: Arceus|Judgment|p2a: Falinks\n|-damage|p2a: Falinks|0 fnt\n|faint|p2a: Falinks\n|\n|upkeep\n|\n|t:|1781439378\n|switch|p2a: Dunsparce|Dunsparce, L86, M|312/312\n|turn|9\n|\n|t:|1781439384\n|switch|p1a: Golem|Golem-Alola, L93, M|300/300\n|move|p2a: Dunsparce|Coil|p2a: Dunsparce\n|-boost|p2a: Dunsparce|atk|1\n|-boost|p2a: Dunsparce|def|1\n|-boost|p2a: Dunsparce|accuracy|1\n|\n|upkeep\n|turn|10\n|\n|t:|1781439399\n|switch|p2a: Eiscue|Eiscue, L88, M|274/274\n|move|p1a: Golem|Explosion|p2a: Eiscue\n|-activate|p2a: Eiscue|ability: Ice Face\n|-damage|p2a: Eiscue|274/274\n|detailschange|p2a: Eiscue|Eiscue-Noice, L88, M\n|faint|p1a: Golem\n|\n|upkeep\n|\n|t:|1781439410\n|switch|p1a: Terrakion|Terrakion, L79|273/273\n|turn|11\n|\n|t:|1781439424\n|switch|p2a: Deoxys|Deoxys-Speed, L82|216/216\n|-ability|p2a: Deoxys|Pressure\n|move|p1a: Terrakion|Close Combat|p2a: Deoxys\n|-resisted|p2a: Deoxys\n|-damage|p2a: Deoxys|130/216\n|-unboost|p1a: Terrakion|def|1\n|-unboost|p1a: Terrakion|spd|1\n|-damage|p1a: Terrakion|246/273|[from] item: Life Orb\n|\n|-heal|p2a: Deoxys|143/216|[from] item: Leftovers\n|upkeep\n|turn|12\n|\n|t:|1781439433\n|switch|p1a: Arceus|Arceus-Flying, L69|158/279\n|move|p2a: Deoxys|Psycho Boost|p1a: Arceus\n|-crit|p1a: Arceus\n|-damage|p1a: Arceus|0 fnt\n|-unboost|p2a: Deoxys|spa|2\n|faint|p1a: Arceus\n|\n|-heal|p2a: Deoxys|156/216|[from] item: Leftovers\n|upkeep\n|\n|t:|1781439442\n|switch|p1a: Suicune|Suicune, L82|298/298\n|-ability|p1a: Suicune|Pressure\n|turn|13\n|\n|t:|1781439445\n|move|p2a: Deoxys|Taunt|p1a: Suicune\n|-start|p1a: Suicune|move: Taunt\n|cant|p1a: Suicune|move: Taunt|Calm Mind\n|\n|-heal|p2a: Deoxys|169/216|[from] item: Leftovers\n|upkeep\n|turn|14\n|\n|t:|1781439460\n|switch|p2a: Poliwrath|Poliwrath, L88, M|302/302\n|move|p1a: Suicune|Scald|p2a: Poliwrath\n|-immune|p2a: Poliwrath|[from] ability: Water Absorb\n|\n|upkeep\n|turn|15\n|-message|woxihuanni forfeited.\n|\n|win|xmagic_7\n", "uploadtime": 1781439220, "views": 3, "formatid": "gen9randombattle", "rating": null, "private": 0, "password": null}