{"id": "gen9randombattle-2631675763", "format": "[Gen 9] Random Battle", "players": ["darkiway", "jsjsiis"], "log": "|j|\u2606darkiway\n|j|\u2606jsjsiis\n|t:|1781419609\n|gametype|singles\n|player|p1|darkiway|lady|1928\n|player|p2|jsjsiis|1|2004\n|gen|9\n|tier|[Gen 9] Random Battle\n|rated|\n|rule|Species Clause: Limit one of each Pok\u00e9mon\n|rule|HP Percentage Mod: HP is shown in percentages\n|rule|Sleep Clause Mod: Limit one foe put to sleep\n|rule|Illusion Level Mod: Illusion disguises the Pok\u00e9mon's true level\n|\n|t:|1781419609\n|teamsize|p1|6\n|teamsize|p2|6\n|start\n|switch|p1a: Luxray|Luxray, L88, M|284/284\n|switch|p2a: Lapras|Lapras, L87, M|367/367\n|-ability|p1a: Luxray|Intimidate|boost\n|-unboost|p2a: Lapras|atk|1\n|turn|1\n|inactive|Battle timer is ON: inactive players will automatically lose when time's up. (requested by jsjsiis)\n|\n|t:|1781419621\n|switch|p2a: Palossand|Palossand, L89, M|296/296\n|move|p1a: Luxray|Volt Switch|p2a: Palossand\n|-immune|p2a: Palossand\n|\n|upkeep\n|turn|2\n|\n|t:|1781419628\n|switch|p1a: Shaymin|Shaymin, L82|298/298\n|move|p2a: Palossand|Stealth Rock|p1a: Shaymin\n|-sidestart|p1: darkiway|move: Stealth Rock\n|\n|upkeep\n|turn|3\n|\n|t:|1781419645\n|move|p1a: Shaymin|Seed Flare|p2a: Palossand\n|-supereffective|p2a: Palossand\n|-damage|p2a: Palossand|30/296\n|-unboost|p2a: Palossand|spd|2\n|move|p2a: Palossand|Shadow Ball|p1a: Shaymin\n|-damage|p1a: Shaymin|199/298\n|\n|-heal|p1a: Shaymin|217/298|[from] item: Leftovers\n|-heal|p2a: Palossand|48/296|[from] item: Leftovers\n|upkeep\n|turn|4\n|\n|t:|1781419658\n|move|p1a: Shaymin|Seed Flare|p2a: Palossand\n|-supereffective|p2a: Palossand\n|-damage|p2a: Palossand|0 fnt\n|faint|p2a: Palossand\n|\n|-heal|p1a: Shaymin|235/298|[from] item: Leftovers\n|upkeep\n|\n|t:|1781419665\n|switch|p2a: Mabosstiff|Mabosstiff, L86, F|278/278\n|turn|5\n|\n|t:|1781419680\n|move|p1a: Shaymin|Seed Flare|p2a: Mabosstiff\n|-damage|p2a: Mabosstiff|133/278\n|-unboost|p2a: Mabosstiff|spd|2\n|move|p2a: Mabosstiff|Crunch|p1a: Shaymin\n|-damage|p1a: Shaymin|97/298\n|\n|-heal|p1a: Shaymin|115/298|[from] item: Leftovers\n|upkeep\n|turn|6\n|\n|t:|1781419690\n|move|p1a: Shaymin|Synthesis|p1a: Shaymin\n|-heal|p1a: Shaymin|264/298\n|move|p2a: Mabosstiff|Crunch|p1a: Shaymin\n|-damage|p1a: Shaymin|110/298\n|-unboost|p1a: Shaymin|def|1\n|\n|-heal|p1a: Shaymin|128/298|[from] item: Leftovers\n|upkeep\n|turn|7\n|\n|t:|1781419700\n|move|p1a: Shaymin|Seed Flare|p2a: Mabosstiff\n|-damage|p2a: Mabosstiff|0 fnt\n|faint|p2a: Mabosstiff\n|\n|-heal|p1a: Shaymin|146/298|[from] item: Leftovers\n|upkeep\n|\n|t:|1781419703\n|switch|p2a: Zangoose|Zangoose, L85, F|263/263\n|turn|8\n|\n|t:|1781419728\n|move|p1a: Shaymin|Seed Flare|p2a: Zangoose\n|-damage|p2a: Zangoose|100/263\n|move|p2a: Zangoose|Swords Dance|p2a: Zangoose\n|-boost|p2a: Zangoose|atk|2\n|\n|-heal|p1a: Shaymin|164/298|[from] item: Leftovers\n|-status|p2a: Zangoose|tox|[from] item: Toxic Orb\n|upkeep\n|turn|9\n|\n|t:|1781419737\n|move|p2a: Zangoose|Quick Attack|p1a: Shaymin\n|-damage|p1a: Shaymin|0 fnt\n|faint|p1a: Shaymin\n|\n|-damage|p2a: Zangoose|84/263 tox|[from] psn\n|upkeep\n|\n|t:|1781419747\n|switch|p1a: Iron Valiant|Iron Valiant, L78|244/244\n|-damage|p1a: Iron Valiant|229/244|[from] Stealth Rock\n|turn|10\n|\n|t:|1781419754\n|move|p2a: Zangoose|Quick Attack|p1a: Iron Valiant\n|-damage|p1a: Iron Valiant|84/244\n|move|p1a: Iron Valiant|Moonblast|p2a: Zangoose\n|-damage|p2a: Zangoose|0 fnt\n|faint|p2a: Zangoose\n|-damage|p1a: Iron Valiant|60/244|[from] item: Life Orb\n|\n|upkeep\n|\n|t:|1781419762\n|switch|p2a: Lapras|Lapras, L87, M|367/367\n|turn|11\n|\n|t:|1781419767\n|move|p1a: Iron Valiant|Close Combat|p2a: Lapras\n|-supereffective|p2a: Lapras\n|-damage|p2a: Lapras|8/367\n|-unboost|p1a: Iron Valiant|def|1\n|-unboost|p1a: Iron Valiant|spd|1\n|-damage|p1a: Iron Valiant|36/244|[from] item: Life Orb\n|move|p2a: Lapras|Sparkling Aria|p1a: Iron Valiant\n|-damage|p1a: Iron Valiant|0 fnt\n|faint|p1a: Iron Valiant\n|-end|p1a: Iron Valiant|Quark Drive|[silent]\n|\n|upkeep\n|\n|t:|1781419793\n|switch|p1a: Luxray|Luxray, L88, M|284/284\n|-damage|p1a: Luxray|249/284|[from] Stealth Rock\n|-ability|p1a: Luxray|Intimidate|boost\n|-unboost|p2a: Lapras|atk|1\n|turn|12\n|\n|t:|1781419801\n|move|p1a: Luxray|Wild Charge|p2a: Lapras\n|-supereffective|p2a: Lapras\n|-damage|p2a: Lapras|0 fnt\n|faint|p2a: Lapras\n|-damage|p1a: Luxray|247/284|[from] Recoil\n|\n|upkeep\n|\n|t:|1781419804\n|switch|p2a: Chesnaught|Chesnaught, L84, M|285/285\n|turn|13\n|\n|t:|1781419827\n|move|p1a: Luxray|Play Rough|p2a: Chesnaught\n|-supereffective|p2a: Chesnaught\n|-damage|p2a: Chesnaught|165/285\n|move|p2a: Chesnaught|Knock Off|p1a: Luxray\n|-damage|p1a: Luxray|170/284\n|-enditem|p1a: Luxray|Assault Vest|[from] move: Knock Off|[of] p2a: Chesnaught\n|\n|-heal|p2a: Chesnaught|182/285|[from] item: Leftovers\n|upkeep\n|turn|14\n|\n|t:|1781419835\n|move|p1a: Luxray|Play Rough|p2a: Chesnaught\n|-supereffective|p2a: Chesnaught\n|-damage|p2a: Chesnaught|54/285\n|move|p2a: Chesnaught|Synthesis|p2a: Chesnaught\n|-heal|p2a: Chesnaught|196/285\n|\n|-heal|p2a: Chesnaught|213/285|[from] item: Leftovers\n|upkeep\n|turn|15\n|\n|t:|1781419845\n|-terastallize|p1a: Luxray|Fairy\n|move|p1a: Luxray|Play Rough|p2a: Chesnaught\n|-supereffective|p2a: Chesnaught\n|-damage|p2a: Chesnaught|15/285\n|move|p2a: Chesnaught|Synthesis|p2a: Chesnaught\n|-heal|p2a: Chesnaught|157/285\n|\n|-heal|p2a: Chesnaught|174/285|[from] item: Leftovers\n|upkeep\n|turn|16\n|\n|t:|1781419857\n|move|p1a: Luxray|Play Rough|p2a: Chesnaught|[miss]\n|-miss|p1a: Luxray|p2a: Chesnaught\n|move|p2a: Chesnaught|Wood Hammer|p1a: Luxray\n|-damage|p1a: Luxray|34/284\n|-damage|p2a: Chesnaught|129/285|[from] Recoil\n|\n|-heal|p2a: Chesnaught|146/285|[from] item: Leftovers\n|upkeep\n|turn|17\n|\n|t:|1781419864\n|move|p1a: Luxray|Play Rough|p2a: Chesnaught\n|-supereffective|p2a: Chesnaught\n|-damage|p2a: Chesnaught|0 fnt\n|faint|p2a: Chesnaught\n|\n|upkeep\n|\n|t:|1781419870\n|switch|p2a: Haxorus|Haxorus, L77, F|244/244\n|-ability|p2a: Haxorus|Mold Breaker\n|turn|18\n|\n|t:|1781419879\n|move|p2a: Haxorus|Iron Head|p1a: Luxray\n|-supereffective|p1a: Luxray\n|-damage|p1a: Luxray|0 fnt\n|faint|p1a: Luxray\n|\n|upkeep\n|\n|t:|1781419886\n|switch|p1a: Hitmonlee|Hitmonlee, L85, M|224/224\n|-damage|p1a: Hitmonlee|210/224|[from] Stealth Rock\n|turn|19\n|\n|t:|1781419896\n|move|p1a: Hitmonlee|Close Combat|p2a: Haxorus\n|-damage|p2a: Haxorus|66/244\n|-unboost|p1a: Hitmonlee|def|1\n|-unboost|p1a: Hitmonlee|spd|1\n|-enditem|p1a: Hitmonlee|White Herb\n|-clearnegativeboost|p1a: Hitmonlee|[silent]\n|move|p2a: Haxorus|Scale Shot|p1a: Hitmonlee\n|-damage|p1a: Hitmonlee|162/224\n|-damage|p1a: Hitmonlee|119/224\n|-damage|p1a: Hitmonlee|71/224\n|-damage|p1a: Hitmonlee|26/224\n|-damage|p1a: Hitmonlee|0 fnt\n|faint|p1a: Hitmonlee\n|-hitcount|p1: Hitmonlee|5\n|-unboost|p2a: Haxorus|def|1\n|-boost|p2a: Haxorus|spe|1\n|\n|upkeep\n|\n|t:|1781419909\n|switch|p1a: Swampert|Swampert, L83, F|302/302\n|-damage|p1a: Swampert|284/302|[from] Stealth Rock\n|turn|20\n|\n|t:|1781419921\n|move|p2a: Haxorus|Swords Dance|p2a: Haxorus\n|-boost|p2a: Haxorus|atk|2\n|move|p1a: Swampert|Earthquake|p2a: Haxorus\n|-damage|p2a: Haxorus|0 fnt\n|faint|p2a: Haxorus\n|\n|win|darkiway\n|raw|darkiway's rating: 1928 &rarr; <strong>1952</strong><br />(+24 for winning)\n|raw|jsjsiis's rating: 2004 &rarr; <strong>1980</strong><br />(-24 for losing)\n", "inputlog": ">version a8376a258c1d4662feba110a92103f3664a72141\n>start {\"formatid\":\"gen9randombattle\",\"seed\":\"sodium,e4de405febb5bc3a34f640ea87793551\",\"rated\":\"Rated battle\"}\n>player p1 {\"name\":\"darkiway\",\"avatar\":\"lady\",\"rating\":1928,\"seed\":\"sodium,a1f1a9aaef9a6831e9cfe491e875d5eb\"}\n>player p2 {\"name\":\"jsjsiis\",\"avatar\":\"1\",\"rating\":2004,\"seed\":\"sodium,1d9c83679188c8a9e16fec770b8b5540\"}\n>p1 move voltswitch\n>p2 switch 2\n>p1 switch 3\n>p2 move stealthrock\n>p1 move seedflare\n>p2 move shadowball\n>p1 move seedflare\n>p2 move shadowball\n>p2 switch 4\n>p1 move seedflare\n>p2 move crunch\n>p1 move synthesis\n>p2 move crunch\n>p1 move seedflare\n>p2 move crunch\n>p2 switch 3\n>p1 move seedflare\n>p2 move swordsdance\n>p1 move seedflare\n>p2 move quickattack\n>p1 switch 6\n>p1 move moonblast\n>p2 move quickattack\n>p2 switch 2\n>p1 move closecombat\n>p2 move sparklingaria\n>p1 switch 3\n>p1 move wildcharge\n>p2 move sparklingaria\n>p2 switch 6\n>p1 move playrough\n>p2 move knockoff\n>p1 move playrough\n>p2 move synthesis\n>p1 move playrough terastallize\n>p2 move synthesis\n>p1 move playrough\n>p2 move woodhammer\n>p1 move playrough\n>p2 move woodhammer\n>p2 switch 5\n>p1 move playrough\n>p2 move ironhead\n>p1 switch 2\n>p1 move closecombat\n>p2 move scaleshot\n>p1 switch 5\n>p1 move earthquake\n>p2 move swordsdance", "uploadtime": 1781419921, "views": 5, "formatid": "gen9randombattle", "rating": 1952, "private": 0, "password": null}