{"id": "gen9randombattle-2631812080", "format": "[Gen 9] Random Battle", "players": ["benpie", "Mastersatanr"], "log": "|j|\u2606benpie\n|j|\u2606Mastersatanr\n|t:|1781443202\n|gametype|singles\n|player|p1|benpie|red|1951\n|player|p2|Mastersatanr|acetrainer-gen2|1975\n|gen|9\n|tier|[Gen 9] Random Battle\n|rated|\n|rule|Species Clause: Limit one of each Pok\u00e9mon\n|rule|HP Percentage Mod: HP is shown in percentages\n|rule|Sleep Clause Mod: Limit one foe put to sleep\n|rule|Illusion Level Mod: Illusion disguises the Pok\u00e9mon's true level\n|\n|t:|1781443202\n|teamsize|p1|6\n|teamsize|p2|6\n|start\n|switch|p1a: Jumpluff|Jumpluff, L87, M|271/271\n|switch|p2a: Palafin|Palafin, L77, F|281/281\n|turn|1\n|\n|t:|1781443211\n|move|p1a: Jumpluff|Sleep Powder|p2a: Palafin\n|-status|p2a: Palafin|slp|[from] move: Sleep Powder\n|cant|p2a: Palafin|slp\n|\n|upkeep\n|turn|2\n|inactive|Battle timer is ON: inactive players will automatically lose when time's up. (requested by benpie)\n|\n|t:|1781443223\n|move|p1a: Jumpluff|Acrobatics|p2a: Palafin\n|-damage|p2a: Palafin|181/281 slp\n|-curestatus|p2a: Palafin|slp|[msg]\n|move|p2a: Palafin|Ice Punch|p1a: Jumpluff\n|-supereffective|p1a: Jumpluff\n|-damage|p1a: Jumpluff|119/271\n|\n|-heal|p2a: Palafin|198/281|[from] item: Leftovers\n|upkeep\n|turn|3\n|\n|t:|1781443228\n|detailschange|p2a: Palafin|Palafin-Hero, L77, F\n|switch|p2a: Abomasnow|Abomasnow, L84, F|287/287\n|-weather|Snowscape|[from] ability: Snow Warning|[of] p2a: Abomasnow\n|move|p1a: Jumpluff|Strength Sap|p2a: Abomasnow\n|-unboost|p2a: Abomasnow|atk|1\n|-heal|p1a: Jumpluff|271/271\n|\n|-weather|Snowscape|[upkeep]\n|upkeep\n|turn|4\n|\n|t:|1781443245\n|switch|p1a: Beartic|Beartic, L91, F|321/321\n|move|p2a: Abomasnow|Aurora Veil|p2a: Abomasnow\n|-sidestart|p2: Mastersatanr|move: Aurora Veil\n|\n|-weather|Snowscape|[upkeep]\n|upkeep\n|turn|5\n|\n|t:|1781443255\n|switch|p2a: Misdreavus|Misdreavus, L90, M|254/254\n|move|p1a: Beartic|Swords Dance|p1a: Beartic\n|-boost|p1a: Beartic|atk|2\n|\n|-weather|Snowscape|[upkeep]\n|upkeep\n|turn|6\n|inactive|benpie has 120 seconds left.\n|\n|t:|1781443302\n|switch|p1a: Florges|Florges, L85, F|271/271\n|move|p2a: Misdreavus|Will-O-Wisp|p1a: Florges\n|-status|p1a: Florges|brn\n|\n|-weather|Snowscape|[upkeep]\n|-damage|p1a: Florges|255/271 brn|[from] brn\n|upkeep\n|turn|7\n|\n|t:|1781443321\n|switch|p2a: Mudsdale|Mudsdale, L83, F|302/302\n|move|p1a: Florges|Calm Mind|p1a: Florges\n|-boost|p1a: Florges|spa|1\n|-boost|p1a: Florges|spd|1\n|\n|-weather|none\n|-heal|p1a: Florges|271/271 brn|[from] item: Leftovers\n|-damage|p1a: Florges|255/271 brn|[from] brn\n|upkeep\n|turn|8\n|inactive|benpie has 120 seconds left.\n|\n|t:|1781443345\n|switch|p1a: Jumpluff|Jumpluff, L87, M|271/271\n|move|p2a: Mudsdale|Heavy Slam|p1a: Jumpluff\n|-damage|p1a: Jumpluff|152/271\n|\n|upkeep\n|turn|9\n|\n|t:|1781443354\n|switch|p2a: Abomasnow|Abomasnow, L84, F|287/287\n|-weather|Snowscape|[from] ability: Snow Warning|[of] p2a: Abomasnow\n|move|p1a: Jumpluff|Strength Sap|p2a: Abomasnow\n|-unboost|p2a: Abomasnow|atk|1\n|-heal|p1a: Jumpluff|271/271\n|\n|-weather|Snowscape|[upkeep]\n|upkeep\n|turn|10\n|inactive|benpie has 120 seconds left.\n|\n|t:|1781443375\n|switch|p1a: Beartic|Beartic, L91, F|321/321\n|move|p2a: Abomasnow|Blizzard|p1a: Beartic\n|-resisted|p1a: Beartic\n|-damage|p1a: Beartic|266/321\n|\n|-weather|Snowscape|[upkeep]\n|upkeep\n|turn|11\n|\n|t:|1781443386\n|switch|p2a: Misdreavus|Misdreavus, L90, M|254/254\n|move|p1a: Beartic|Swords Dance|p1a: Beartic\n|-boost|p1a: Beartic|atk|2\n|\n|-weather|Snowscape|[upkeep]\n|-sideend|p2: Mastersatanr|move: Aurora Veil\n|upkeep\n|turn|12\n|\n|t:|1781443403\n|move|p2a: Misdreavus|Will-O-Wisp|p1a: Beartic\n|-status|p1a: Beartic|brn\n|move|p1a: Beartic|Icicle Crash|p2a: Misdreavus\n|-damage|p2a: Misdreavus|149/254\n|\n|-weather|Snowscape|[upkeep]\n|-damage|p1a: Beartic|246/321 brn|[from] brn\n|upkeep\n|turn|13\n|\n|t:|1781443410\n|move|p2a: Misdreavus|Calm Mind|p2a: Misdreavus\n|-boost|p2a: Misdreavus|spa|1\n|-boost|p2a: Misdreavus|spd|1\n|move|p1a: Beartic|Icicle Crash|p2a: Misdreavus\n|-damage|p2a: Misdreavus|49/254\n|\n|-weather|none\n|-damage|p1a: Beartic|226/321 brn|[from] brn\n|upkeep\n|turn|14\n|inactive|benpie has 120 seconds left.\n|\n|t:|1781443418\n|-terastallize|p2a: Misdreavus|Fairy\n|move|p1a: Beartic|Aqua Jet|p2a: Misdreavus\n|-damage|p2a: Misdreavus|12/254\n|move|p2a: Misdreavus|Draining Kiss|p1a: Beartic\n|-damage|p1a: Beartic|124/321 brn\n|-heal|p2a: Misdreavus|89/254|[from] drain|[of] p1a: Beartic\n|\n|-damage|p1a: Beartic|104/321 brn|[from] brn\n|upkeep\n|turn|15\n|\n|t:|1781443427\n|move|p2a: Misdreavus|Draining Kiss|p1a: Beartic\n|-damage|p1a: Beartic|2/321 brn\n|-heal|p2a: Misdreavus|166/254|[from] drain|[of] p1a: Beartic\n|move|p1a: Beartic|Icicle Crash|p2a: Misdreavus\n|-damage|p2a: Misdreavus|48/254\n|\n|-damage|p1a: Beartic|0 fnt|[from] brn\n|faint|p1a: Beartic\n|upkeep\n|inactive|benpie has 120 seconds left.\n|\n|t:|1781443452\n|switch|p1a: Jumpluff|Jumpluff, L87, M|271/271\n|turn|16\n|\n|t:|1781443459\n|switch|p2a: Mudsdale|Mudsdale, L83, F|302/302\n|move|p1a: Jumpluff|Acrobatics|p2a: Mudsdale\n|-crit|p2a: Mudsdale\n|-damage|p2a: Mudsdale|181/302\n|-ability|p2a: Mudsdale|Stamina|boost\n|-boost|p2a: Mudsdale|def|1\n|\n|-heal|p2a: Mudsdale|199/302|[from] item: Leftovers\n|upkeep\n|turn|17\n|\n|t:|1781443463\n|switch|p2a: Abomasnow|Abomasnow, L84, F|287/287\n|-weather|Snowscape|[from] ability: Snow Warning|[of] p2a: Abomasnow\n|move|p1a: Jumpluff|Sleep Powder|p2a: Abomasnow\n|-immune|p2a: Abomasnow\n|\n|-weather|Snowscape|[upkeep]\n|upkeep\n|turn|18\n|\n|t:|1781443469\n|move|p1a: Jumpluff|Acrobatics|p2a: Abomasnow\n|-supereffective|p2a: Abomasnow\n|-damage|p2a: Abomasnow|165/287\n|move|p2a: Abomasnow|Blizzard|p1a: Jumpluff\n|-supereffective|p1a: Jumpluff\n|-damage|p1a: Jumpluff|0 fnt\n|faint|p1a: Jumpluff\n|\n|-weather|Snowscape|[upkeep]\n|upkeep\n|\n|t:|1781443473\n|switch|p1a: Seviper|Seviper, L93, M|287/287\n|turn|19\n|\n|t:|1781443479\n|switch|p2a: Mudsdale|Mudsdale, L83, F|199/302\n|move|p1a: Seviper|Gunk Shot|p2a: Mudsdale|[miss]\n|-miss|p1a: Seviper|p2a: Mudsdale\n|\n|-weather|Snowscape|[upkeep]\n|-heal|p2a: Mudsdale|217/302|[from] item: Leftovers\n|upkeep\n|turn|20\n|-message|benpie forfeited.\n|\n|win|Mastersatanr\n|raw|benpie's rating: 1951 &rarr; <strong>1932</strong><br />(-19 for losing)\n|raw|Mastersatanr's rating: 1975 &rarr; <strong>1994</strong><br />(+19 for winning)\n", "inputlog": ">version a8376a258c1d4662feba110a92103f3664a72141\n>start {\"formatid\":\"gen9randombattle\",\"seed\":\"sodium,e2db7bdb222ec03682532fe333f4da5e\",\"rated\":\"Rated battle\"}\n>player p1 {\"name\":\"benpie\",\"avatar\":\"red\",\"rating\":1951,\"seed\":\"sodium,3880e81a2a2bbd3851448b97a7af71a8\"}\n>player p2 {\"name\":\"Mastersatanr\",\"avatar\":\"acetrainer-gen2\",\"rating\":1975,\"seed\":\"sodium,df7b638151d6bb5efa7031ab6d4d93d3\"}\n>p1 move sleeppowder\n>p2 move icepunch\n>p1 move acrobatics\n>p2 move icepunch\n>p1 move strengthsap\n>p2 switch 5\n>p1 switch 4\n>p2 move auroraveil\n>p1 move swordsdance\n>p2 switch 6\n>p1 switch 5\n>p2 move willowisp\n>p1 move calmmind\n>p2 switch 2\n>p1 switch 4\n>p2 move heavyslam\n>p1 move strengthsap\n>p2 switch 6\n>p1 switch 5\n>p2 move blizzard\n>p1 move swordsdance\n>p2 switch 2\n>p1 move iciclecrash\n>p2 move willowisp\n>p1 move iciclecrash\n>p2 move calmmind\n>p1 move aquajet\n>p2 move drainingkiss terastallize\n>p1 move iciclecrash\n>p2 move drainingkiss\n>p1 switch 5\n>p1 move acrobatics\n>p2 switch 6\n>p1 move sleeppowder\n>p2 switch 2\n>p1 move acrobatics\n>p2 move blizzard\n>p1 switch 2\n>p1 move gunkshot\n>p2 switch 2\n>forcelose p1", "uploadtime": 1781443204, "views": 8, "formatid": "gen9randombattle", "rating": 1932, "private": 0, "password": null}