{"id": "gen9randombattle-2631372906", "format": "[Gen 9] Random Battle", "players": ["isnothingeasy", "Harvester"], "log": "|j|\u2606isnothingeasy\n|j|\u2606Harvester\n|t:|1781376958\n|gametype|singles\n|player|p1|isnothingeasy|lady|2016\n|player|p2|Harvester|1|2037\n|gen|9\n|tier|[Gen 9] Random Battle\n|rated|\n|rule|Species Clause: Limit one of each Pok\u00e9mon\n|rule|HP Percentage Mod: HP is shown in percentages\n|rule|Sleep Clause Mod: Limit one foe put to sleep\n|rule|Illusion Level Mod: Illusion disguises the Pok\u00e9mon's true level\n|\n|t:|1781376958\n|teamsize|p1|6\n|teamsize|p2|6\n|start\n|switch|p1a: Braviary|Braviary, L85, M|309/309\n|switch|p2a: Tentacruel|Tentacruel, L84, M|272/272\n|turn|1\n|\n|t:|1781376973\n|move|p2a: Tentacruel|Sludge Bomb|p1a: Braviary\n|-damage|p1a: Braviary|222/309\n|-status|p1a: Braviary|psn\n|move|p1a: Braviary|Bulk Up|p1a: Braviary\n|-boost|p1a: Braviary|atk|1\n|-boost|p1a: Braviary|def|1\n|\n|-damage|p1a: Braviary|184/309 psn|[from] psn\n|upkeep\n|turn|2\n|inactive|Battle timer is ON: inactive players will automatically lose when time's up. (requested by isnothingeasy)\n|\n|t:|1781376983\n|move|p2a: Tentacruel|Rapid Spin|p1a: Braviary\n|-damage|p1a: Braviary|162/309 psn\n|-boost|p2a: Tentacruel|spe|1\n|move|p1a: Braviary|Brave Bird|p2a: Tentacruel\n|-damage|p2a: Tentacruel|0 fnt\n|faint|p2a: Tentacruel\n|-damage|p1a: Braviary|72/309 psn|[from] Recoil\n|\n|-damage|p1a: Braviary|34/309 psn|[from] psn\n|upkeep\n|\n|t:|1781377006\n|switch|p2a: Tauros|Tauros-Paldea-Aqua, L81, M|252/252\n|turn|3\n|\n|t:|1781377011\n|move|p2a: Tauros|Liquidation|p1a: Braviary\n|-damage|p1a: Braviary|0 fnt\n|faint|p1a: Braviary\n|\n|upkeep\n|\n|t:|1781377014\n|switch|p1a: Slowbro|Slowbro, L85, F|300/300\n|turn|4\n|\n|t:|1781377024\n|switch|p2a: Archaludon|Archaludon, L78, M|268/268\n|move|p1a: Slowbro|Iron Defense|p1a: Slowbro\n|-boost|p1a: Slowbro|def|2\n|\n|upkeep\n|turn|5\n|\n|t:|1781377035\n|move|p1a: Slowbro|Iron Defense|p1a: Slowbro\n|-boost|p1a: Slowbro|def|2\n|move|p2a: Archaludon|Dragon Tail|p1a: Slowbro\n|-damage|p1a: Slowbro|282/300\n|drag|p1a: Honchkrow|Honchkrow, L86, F|312/312\n|\n|upkeep\n|turn|6\n|\n|t:|1781377044\n|switch|p1a: Slowbro|Slowbro, L85, F|300/300\n|move|p2a: Archaludon|Flash Cannon|p1a: Slowbro\n|-resisted|p1a: Slowbro\n|-damage|p1a: Slowbro|251/300\n|\n|-heal|p1a: Slowbro|269/300|[from] item: Leftovers\n|upkeep\n|turn|7\n|\n|t:|1781377053\n|move|p2a: Archaludon|Draco Meteor|p1a: Slowbro\n|-damage|p1a: Slowbro|122/300\n|-unboost|p2a: Archaludon|spa|2\n|move|p1a: Slowbro|Iron Defense|p1a: Slowbro\n|-boost|p1a: Slowbro|def|2\n|\n|-heal|p1a: Slowbro|140/300|[from] item: Leftovers\n|upkeep\n|turn|8\n|\n|t:|1781377065\n|move|p1a: Slowbro|Body Press|p2a: Archaludon\n|-supereffective|p2a: Archaludon\n|-damage|p2a: Archaludon|72/268\n|-ability|p2a: Archaludon|Stamina|boost\n|-boost|p2a: Archaludon|def|1\n|move|p2a: Archaludon|Dragon Tail|p1a: Slowbro\n|-damage|p1a: Slowbro|112/300\n|drag|p1a: Qwilfish|Qwilfish-Hisui, L83, F|244/244\n|-ability|p1a: Qwilfish|Intimidate|boost\n|-unboost|p2a: Archaludon|atk|1\n|\n|upkeep\n|turn|9\n|\n|t:|1781377092\n|move|p1a: Qwilfish|Toxic Spikes|p2a: Archaludon\n|-sidestart|p2: Harvester|move: Toxic Spikes\n|move|p2a: Archaludon|Dragon Tail|p1a: Qwilfish\n|-damage|p1a: Qwilfish|216/244\n|drag|p1a: Sudowoodo|Sudowoodo, L94, F|284/284\n|\n|upkeep\n|turn|10\n|\n|t:|1781377106\n|switch|p2a: Virizion|Virizion, L82|283/283\n|-status|p2a: Virizion|psn\n|move|p1a: Sudowoodo|Stealth Rock|p2a: Virizion\n|-sidestart|p2: Harvester|move: Stealth Rock\n|\n|-damage|p2a: Virizion|248/283 psn|[from] psn\n|upkeep\n|turn|11\n|\n|t:|1781377116\n|move|p2a: Virizion|Swords Dance|p2a: Virizion\n|-boost|p2a: Virizion|atk|2\n|move|p1a: Sudowoodo|Head Smash|p2a: Virizion\n|-resisted|p2a: Virizion\n|-damage|p2a: Virizion|135/283 psn\n|\n|-damage|p2a: Virizion|100/283 psn|[from] psn\n|upkeep\n|turn|12\n|\n|t:|1781377127\n|switch|p1a: Qwilfish|Qwilfish-Hisui, L83, F|216/244\n|-ability|p1a: Qwilfish|Intimidate|boost\n|-unboost|p2a: Virizion|atk|1\n|move|p2a: Virizion|Leaf Blade|p1a: Qwilfish\n|-resisted|p1a: Qwilfish\n|-damage|p1a: Qwilfish|156/244\n|-damage|p2a: Virizion|72/283 psn|[from] item: Life Orb\n|\n|-damage|p2a: Virizion|37/283 psn|[from] psn\n|upkeep\n|turn|13\n|\n|t:|1781377139\n|move|p2a: Virizion|Leaf Blade|p1a: Qwilfish\n|-resisted|p1a: Qwilfish\n|-damage|p1a: Qwilfish|98/244\n|-damage|p2a: Virizion|9/283 psn|[from] item: Life Orb\n|move|p1a: Qwilfish|Toxic Spikes|p2a: Virizion\n|-sidestart|p2: Harvester|move: Toxic Spikes\n|\n|-damage|p2a: Virizion|0 fnt|[from] psn\n|faint|p2a: Virizion\n|upkeep\n|inactive|Harvester has 120 seconds left.\n|\n|t:|1781377164\n|switch|p2a: Copperajah|Copperajah, L86, F|350/350\n|-damage|p2a: Copperajah|329/350|[from] Stealth Rock\n|turn|14\n|\n|t:|1781377182\n|move|p1a: Qwilfish|Spikes|p2a: Copperajah\n|-sidestart|p2: Harvester|Spikes\n|move|p2a: Copperajah|Earthquake|p1a: Qwilfish\n|-supereffective|p1a: Qwilfish\n|-damage|p1a: Qwilfish|0 fnt\n|faint|p1a: Qwilfish\n|-damage|p2a: Copperajah|294/350|[from] item: Life Orb\n|\n|upkeep\n|\n|t:|1781377188\n|switch|p1a: Entei|Entei, L78|307/307\n|turn|15\n|\n|t:|1781377194\n|move|p1a: Entei|Flare Blitz|p2a: Copperajah\n|-supereffective|p2a: Copperajah\n|-damage|p2a: Copperajah|0 fnt\n|faint|p2a: Copperajah\n|-damage|p1a: Entei|210/307|[from] Recoil\n|\n|upkeep\n|-message|Harvester forfeited.\n|\n|win|isnothingeasy\n", "inputlog": ">version a8376a258c1d4662feba110a92103f3664a72141\n>start {\"formatid\":\"gen9randombattle\",\"seed\":\"sodium,80133103bdb2aa9ec3fc1eb1239869dd\",\"rated\":\"Rated battle\"}\n>player p1 {\"name\":\"isnothingeasy\",\"avatar\":\"lady\",\"rating\":2016,\"seed\":\"sodium,492ffee379c26c3ee9669630b31a7452\"}\n>player p2 {\"name\":\"Harvester\",\"avatar\":\"1\",\"rating\":2037,\"seed\":\"sodium,f152f58bc260115ffd04de244147ff39\"}\n>p1 move bulkup\n>p2 move sludgebomb\n>p1 move bravebird\n>p2 move rapidspin\n>p2 switch 5\n>p1 move bravebird\n>p2 move liquidation\n>p1 switch 3\n>p1 move irondefense\n>p2 switch 2\n>p1 move irondefense\n>p2 move dragontail\n>p1 switch 2\n>p2 move flashcannon\n>p1 move irondefense\n>p2 move dracometeor\n>p1 move bodypress\n>p2 move dragontail\n>p1 move toxicspikes\n>p2 move dragontail\n>p1 move stealthrock\n>p2 switch 4\n>p1 move headsmash\n>p2 move swordsdance\n>p1 switch 5\n>p2 move leafblade\n>p1 move toxicspikes\n>p2 move leafblade\n>p2 switch 3\n>p1 move spikes\n>p2 move earthquake\n>p1 switch 6\n>p1 move flareblitz\n>p2 move earthquake\n>forcelose p2", "uploadtime": 1781376964, "views": 8, "formatid": "gen9randombattle", "rating": null, "private": 0, "password": null}