{"id": "gen9randombattle-2631766506", "format": "[Gen 9] Random Battle", "players": ["koopa003", "woxihuanni"], "log": "|j|\u2606koopa003\n|j|\u2606woxihuanni\n|t:|1781436334\n|gametype|singles\n|player|p1|koopa003|camper|2117\n|player|p2|woxihuanni|169|2111\n|gen|9\n|tier|[Gen 9] Random Battle\n|rated|\n|rule|Species Clause: Limit one of each Pok\u00e9mon\n|rule|HP Percentage Mod: HP is shown in percentages\n|rule|Sleep Clause Mod: Limit one foe put to sleep\n|rule|Illusion Level Mod: Illusion disguises the Pok\u00e9mon's true level\n|\n|t:|1781436334\n|teamsize|p1|6\n|teamsize|p2|6\n|start\n|switch|p1a: Cetitan|Cetitan, L82, F|413/413\n|switch|p2a: Malamar|Malamar, L82, F|275/275\n|turn|1\n|inactive|Battle timer is ON: inactive players will automatically lose when time's up. (requested by koopa003)\n|\n|t:|1781436352\n|switch|p1a: Toucannon|Toucannon, L88, F|284/284\n|move|p2a: Malamar|Knock Off|p1a: Toucannon\n|-damage|p1a: Toucannon|179/284\n|-enditem|p1a: Toucannon|Heavy-Duty Boots|[from] move: Knock Off|[of] p2a: Malamar\n|\n|upkeep\n|turn|2\n|\n|t:|1781436362\n|switch|p2a: Kyurem|Kyurem-White, L73|303/303\n|-ability|p2a: Kyurem|Turboblaze\n|move|p1a: Toucannon|Boomburst|p2a: Kyurem\n|-damage|p2a: Kyurem|153/303\n|\n|upkeep\n|turn|3\n|\n|t:|1781436367\n|switch|p1a: Cetitan|Cetitan, L82, F|413/413\n|move|p2a: Kyurem|Fusion Flare|p1a: Cetitan\n|-supereffective|p1a: Cetitan\n|-damage|p1a: Cetitan|15/413\n|\n|upkeep\n|turn|4\n|\n|t:|1781436374\n|move|p1a: Cetitan|Ice Shard|p2a: Kyurem\n|-damage|p2a: Kyurem|85/303\n|-damage|p1a: Cetitan|0 fnt|[from] item: Life Orb\n|faint|p1a: Cetitan\n|move|p2a: Kyurem|Fusion Flare|p1: Cetitan|[notarget]\n|-fail|p2a: Kyurem\n|\n|upkeep\n|j| afdasfafafdsaf\n|inactive|koopa003 has 120 seconds left.\n|\n|t:|1781436413\n|switch|p1a: Landorus|Landorus-Therian, L76, M|260/260\n|-ability|p1a: Landorus|Intimidate|boost\n|-unboost|p2a: Kyurem|atk|1\n|turn|5\n|\n|t:|1781436420\n|switch|p2a: Dachsbun|Dachsbun, L92, F|254/254\n|move|p1a: Landorus|Earthquake|p2a: Dachsbun\n|-damage|p2a: Dachsbun|169/254\n|\n|-heal|p2a: Dachsbun|184/254|[from] item: Leftovers\n|upkeep\n|turn|6\n|\n|t:|1781436432\n|move|p2a: Dachsbun|Wish|p2a: Dachsbun\n|move|p1a: Landorus|Stealth Rock|p2a: Dachsbun\n|-sidestart|p2: woxihuanni|move: Stealth Rock\n|\n|-heal|p2a: Dachsbun|199/254|[from] item: Leftovers\n|upkeep\n|turn|7\n|\n|t:|1781436444\n|move|p2a: Dachsbun|Play Rough|p1a: Landorus\n|-damage|p1a: Landorus|148/260\n|move|p1a: Landorus|Taunt|p2a: Dachsbun\n|-start|p2a: Dachsbun|move: Taunt\n|\n|-heal|p2a: Dachsbun|254/254|[from] move: Wish|[wisher] Dachsbun\n|-heal|p1a: Landorus|164/260|[from] item: Leftovers\n|upkeep\n|turn|8\n|\n|t:|1781436451\n|switch|p1a: Sandy Shocks|Sandy Shocks, L80|267/267\n|move|p2a: Dachsbun|Play Rough|p1a: Sandy Shocks\n|-crit|p1a: Sandy Shocks\n|-damage|p1a: Sandy Shocks|114/267\n|-unboost|p1a: Sandy Shocks|atk|1\n|\n|-heal|p1a: Sandy Shocks|130/267|[from] item: Leftovers\n|upkeep\n|turn|9\n|\n|t:|1781436463\n|move|p2a: Dachsbun|Play Rough|p1a: Sandy Shocks|[miss]\n|-miss|p2a: Dachsbun|p1a: Sandy Shocks\n|move|p1a: Sandy Shocks|Thunder Wave|p2a: Dachsbun\n|-status|p2a: Dachsbun|par\n|\n|-heal|p1a: Sandy Shocks|146/267|[from] item: Leftovers\n|upkeep\n|turn|10\n|\n|t:|1781436475\n|move|p1a: Sandy Shocks|Spikes|p2a: Dachsbun\n|-sidestart|p2: woxihuanni|Spikes\n|cant|p2a: Dachsbun|par\n|\n|-heal|p1a: Sandy Shocks|162/267|[from] item: Leftovers\n|-end|p2a: Dachsbun|move: Taunt\n|upkeep\n|turn|11\n|\n|t:|1781436477\n|move|p1a: Sandy Shocks|Spikes|p2a: Dachsbun\n|-sidestart|p2: woxihuanni|Spikes\n|move|p2a: Dachsbun|Play Rough|p1a: Sandy Shocks\n|-damage|p1a: Sandy Shocks|65/267\n|\n|-heal|p1a: Sandy Shocks|81/267|[from] item: Leftovers\n|upkeep\n|turn|12\n|\n|t:|1781436487\n|move|p1a: Sandy Shocks|Spikes|p2a: Dachsbun\n|-sidestart|p2: woxihuanni|Spikes\n|cant|p2a: Dachsbun|par\n|\n|-heal|p1a: Sandy Shocks|97/267|[from] item: Leftovers\n|upkeep\n|turn|13\n|\n|t:|1781436489\n|move|p1a: Sandy Shocks|Earth Power|p2a: Dachsbun\n|-damage|p2a: Dachsbun|148/254 par\n|move|p2a: Dachsbun|Play Rough|p1a: Sandy Shocks\n|-damage|p1a: Sandy Shocks|1/267\n|\n|-heal|p1a: Sandy Shocks|17/267|[from] item: Leftovers\n|-heal|p2a: Dachsbun|163/254 par|[from] item: Leftovers\n|upkeep\n|turn|14\n|\n|t:|1781436497\n|move|p1a: Sandy Shocks|Earth Power|p2a: Dachsbun\n|-damage|p2a: Dachsbun|60/254 par\n|move|p2a: Dachsbun|Play Rough|p1a: Sandy Shocks\n|-damage|p1a: Sandy Shocks|0 fnt\n|faint|p1a: Sandy Shocks\n|-end|p1a: Sandy Shocks|Protosynthesis|[silent]\n|\n|-heal|p2a: Dachsbun|75/254 par|[from] item: Leftovers\n|upkeep\n|\n|t:|1781436503\n|switch|p1a: Landorus|Landorus-Therian, L76, M|164/260\n|-ability|p1a: Landorus|Intimidate|boost\n|-unboost|p2a: Dachsbun|atk|1\n|turn|15\n|\n|t:|1781436509\n|move|p1a: Landorus|Earthquake|p2a: Dachsbun\n|-damage|p2a: Dachsbun|0 fnt\n|faint|p2a: Dachsbun\n|\n|-heal|p1a: Landorus|180/260|[from] item: Leftovers\n|upkeep\n|\n|t:|1781436515\n|switch|p2a: Beartic|Beartic, L91, F|321/321\n|turn|16\n|\n|t:|1781436535\n|switch|p1a: Toucannon|Toucannon, L88, F|179/284\n|move|p2a: Beartic|Snowscape|p2a: Beartic\n|-weather|Snowscape\n|\n|-weather|Snowscape|[upkeep]\n|upkeep\n|turn|17\n|\n|t:|1781436538\n|move|p2a: Beartic|Swords Dance|p2a: Beartic\n|-boost|p2a: Beartic|atk|2\n|move|p1a: Toucannon|Boomburst|p2a: Beartic\n|-damage|p2a: Beartic|177/321\n|\n|-weather|Snowscape|[upkeep]\n|upkeep\n|turn|18\n|\n|t:|1781436541\n|move|p2a: Beartic|Icicle Crash|p1a: Toucannon\n|-supereffective|p1a: Toucannon\n|-damage|p1a: Toucannon|0 fnt\n|faint|p1a: Toucannon\n|\n|-weather|Snowscape|[upkeep]\n|upkeep\n|\n|t:|1781436543\n|switch|p1a: Conkeldurr|Conkeldurr, L80, M|299/299\n|turn|19\n|\n|t:|1781436548\n|move|p2a: Beartic|Icicle Crash|p1a: Conkeldurr\n|-damage|p1a: Conkeldurr|37/299\n|cant|p1a: Conkeldurr|flinch\n|\n|-weather|Snowscape|[upkeep]\n|-status|p1a: Conkeldurr|brn|[from] item: Flame Orb\n|upkeep\n|turn|20\n|\n|t:|1781436576\n|move|p1a: Conkeldurr|Mach Punch|p2a: Beartic\n|-supereffective|p2a: Beartic\n|-damage|p2a: Beartic|73/321\n|move|p2a: Beartic|Earthquake|p1a: Conkeldurr\n|-crit|p1a: Conkeldurr\n|-damage|p1a: Conkeldurr|0 fnt\n|faint|p1a: Conkeldurr\n|\n|-weather|none\n|upkeep\n|\n|t:|1781436583\n|switch|p1a: Landorus|Landorus-Therian, L76, M|180/260\n|-ability|p1a: Landorus|Intimidate|boost\n|-unboost|p2a: Beartic|atk|1\n|turn|21\n|\n|t:|1781436589\n|move|p1a: Landorus|Earthquake|p2a: Beartic\n|-damage|p2a: Beartic|0 fnt\n|faint|p2a: Beartic\n|\n|-heal|p1a: Landorus|196/260|[from] item: Leftovers\n|upkeep\n|\n|t:|1781436591\n|switch|p2a: Salazzle|Salazzle, L83, F|249/249\n|turn|22\n|\n|t:|1781436607\n|-terastallize|p2a: Salazzle|Grass\n|move|p2a: Salazzle|Nasty Plot|p2a: Salazzle\n|-boost|p2a: Salazzle|spa|2\n|move|p1a: Landorus|Earthquake|p2a: Salazzle\n|-resisted|p2a: Salazzle\n|-damage|p2a: Salazzle|174/249\n|\n|-heal|p1a: Landorus|212/260|[from] item: Leftovers\n|upkeep\n|turn|23\n|\n|t:|1781436613\n|move|p2a: Salazzle|Fire Blast|p1a: Landorus\n|-damage|p1a: Landorus|0 fnt\n|faint|p1a: Landorus\n|\n|upkeep\n|\n|t:|1781436615\n|switch|p1a: Mew|Mew, L82|298/298\n|turn|24\n|\n|t:|1781436619\n|move|p2a: Salazzle|Sludge Wave|p1a: Mew\n|-damage|p1a: Mew|111/298\n|move|p1a: Mew|Fire Blast|p2a: Salazzle\n|-supereffective|p2a: Salazzle\n|-damage|p2a: Salazzle|0 fnt\n|faint|p2a: Salazzle\n|-damage|p1a: Mew|82/298|[from] item: Life Orb\n|\n|upkeep\n|\n|t:|1781436621\n|switch|p2a: Malamar|Malamar, L82, F|275/275\n|-damage|p2a: Malamar|241/275|[from] Stealth Rock\n|-damage|p2a: Malamar|173/275|[from] Spikes\n|turn|25\n|\n|t:|1781436624\n|-terastallize|p1a: Mew|Fighting\n|move|p1a: Mew|Aura Sphere|p2a: Malamar\n|-damage|p2a: Malamar|59/275\n|-damage|p1a: Mew|53/298|[from] item: Life Orb\n|move|p2a: Malamar|Rest|p2a: Malamar\n|-status|p2a: Malamar|slp|[from] move: Rest\n|-heal|p2a: Malamar|275/275 slp|[silent]\n|-enditem|p2a: Malamar|Chesto Berry|[eat]\n|-curestatus|p2a: Malamar|slp|[msg]\n|\n|upkeep\n|turn|26\n|\n|t:|1781436627\n|move|p1a: Mew|Aura Sphere|p2a: Malamar\n|-damage|p2a: Malamar|146/275\n|-damage|p1a: Mew|24/298|[from] item: Life Orb\n|move|p2a: Malamar|Psycho Cut|p1a: Mew\n|-supereffective|p1a: Mew\n|-damage|p1a: Mew|0 fnt\n|faint|p1a: Mew\n|\n|win|woxihuanni\n", "inputlog": ">version a8376a258c1d4662feba110a92103f3664a72141\n>start {\"formatid\":\"gen9randombattle\",\"seed\":\"sodium,6bd78a656f1454686a5d4cb2bfb73b98\",\"rated\":\"Rated battle\"}\n>player p1 {\"name\":\"koopa003\",\"avatar\":\"camper\",\"rating\":2117,\"seed\":\"sodium,124fd423e73d60eda32ac713a4e684a8\"}\n>player p2 {\"name\":\"woxihuanni\",\"avatar\":\"169\",\"rating\":2111,\"seed\":\"sodium,58d06ac42f18e22d1c458ef5350e57c2\"}\n>p1 switch 4\n>p2 move knockoff\n>p1 move boomburst\n>p2 switch 2\n>p1 switch 4\n>p2 move fusionflare\n>p1 move iceshard\n>p2 move fusionflare\n>p1 switch 2\n>p1 move earthquake\n>p2 switch 3\n>p1 move stealthrock\n>p2 move wish\n>p1 move taunt\n>p2 move playrough\n>p1 switch 5\n>p2 move playrough\n>p1 move thunderwave\n>p2 move playrough\n>p1 move spikes\n>p2 move playrough\n>p1 move spikes\n>p2 move playrough\n>p1 move spikes\n>p2 move playrough\n>p1 move earthpower\n>p2 move playrough\n>p1 move earthpower\n>p2 move playrough\n>p1 switch 5\n>p1 move earthquake\n>p2 move wish\n>p2 switch 4\n>p1 switch 4\n>p2 move snowscape\n>p1 move boomburst\n>p2 move swordsdance\n>p1 move boomburst\n>p2 move iciclecrash\n>p1 switch 6\n>p1 move closecombat\n>p2 move iciclecrash\n>p1 move machpunch\n>p2 move earthquake\n>p1 switch 4\n>p1 move earthquake\n>p2 move snowscape\n>p2 switch 5\n>p1 move earthquake\n>p2 move nastyplot terastallize\n>p1 move stoneedge\n>p2 move fireblast\n>p1 switch 3\n>p1 move fireblast\n>p2 move sludgewave\n>p2 switch 2\n>p1 move aurasphere terastallize\n>p2 move rest\n>p1 move aurasphere\n>p2 move psychocut", "uploadtime": 1781436336, "views": 6, "formatid": "gen9randombattle", "rating": null, "private": 0, "password": null}