{"id": "gen9randombattle-2631978141", "format": "[Gen 9] Random Battle", "players": ["titofer", "hello779"], "log": "|j|\u2606titofer\n|j|\u2606hello779\n|t:|1781462076\n|gametype|singles\n|player|p1|titofer|169|1992\n|player|p2|hello779|170|2044\n|gen|9\n|tier|[Gen 9] Random Battle\n|rated|\n|rule|Species Clause: Limit one of each Pok\u00e9mon\n|rule|HP Percentage Mod: HP is shown in percentages\n|rule|Sleep Clause Mod: Limit one foe put to sleep\n|rule|Illusion Level Mod: Illusion disguises the Pok\u00e9mon's true level\n|\n|t:|1781462076\n|teamsize|p1|6\n|teamsize|p2|6\n|start\n|switch|p1a: Cetitan|Cetitan, L82, M|413/413\n|switch|p2a: Pecharunt|Pecharunt, L77|262/262\n|turn|1\n|inactive|Battle timer is ON: inactive players will automatically lose when time's up. (requested by hello779)\n|l|\u2606hello779\n|inactive|hello779 disconnected and has a minute to reconnect!\n|player|p2|\n|j|\u2606hello779\n|inactive|hello779 reconnected and has 115 seconds left.\n|player|p2|hello779|170|\n|\n|t:|1781462116\n|move|p2a: Pecharunt|Malignant Chain|p1a: Cetitan\n|-damage|p1a: Cetitan|295/413\n|move|p1a: Cetitan|Earthquake|p2a: Pecharunt\n|-supereffective|p2a: Pecharunt\n|-damage|p2a: Pecharunt|137/262\n|-damage|p1a: Cetitan|254/413|[from] item: Life Orb\n|\n|-heal|p2a: Pecharunt|153/262|[from] item: Leftovers\n|upkeep\n|turn|2\n|\n|t:|1781462125\n|switch|p1a: Gengar|Gengar, L81, F|230/230\n|move|p2a: Pecharunt|Malignant Chain|p1a: Gengar\n|-resisted|p1a: Gengar\n|-damage|p1a: Gengar|207/230\n|\n|-heal|p2a: Pecharunt|169/262|[from] item: Leftovers\n|upkeep\n|turn|3\n|\n|t:|1781462133\n|switch|p2a: Magnezone|Magnezone, L85|258/258\n|move|p1a: Gengar|Sludge Wave|p2a: Magnezone\n|-immune|p2a: Magnezone\n|\n|upkeep\n|turn|4\n|\n|t:|1781462137\n|switch|p1a: Golurk|Golurk, L87|297/297\n|move|p2a: Magnezone|Thunderbolt|p1a: Golurk\n|-immune|p1a: Golurk\n|\n|upkeep\n|turn|5\n|\n|t:|1781462147\n|switch|p2a: Gallade|Gallade, L80, M|240/240\n|move|p1a: Golurk|Earthquake|p2a: Gallade\n|-damage|p2a: Gallade|0 fnt\n|faint|p2a: Gallade\n|\n|upkeep\n|\n|t:|1781462153\n|switch|p2a: Pecharunt|Pecharunt, L77|169/262\n|turn|6\n|\n|t:|1781462159\n|move|p2a: Pecharunt|Shadow Ball|p1a: Golurk\n|-supereffective|p1a: Golurk\n|-damage|p1a: Golurk|169/297\n|move|p1a: Golurk|Earthquake|p2a: Pecharunt\n|-supereffective|p2a: Pecharunt\n|-damage|p2a: Pecharunt|0 fnt\n|faint|p2a: Pecharunt\n|\n|upkeep\n|\n|t:|1781462165\n|switch|p2a: Kleavor|Kleavor, L78, F|237/237\n|turn|7\n|c|\u2606hello779|Lol this team is cooked\n|\n|t:|1781462188\n|switch|p1a: Hitmontop|Hitmontop, L88, M|231/231\n|-ability|p1a: Hitmontop|Intimidate|boost\n|-unboost|p2a: Kleavor|atk|1\n|move|p2a: Kleavor|Stone Axe|p1a: Hitmontop\n|-resisted|p1a: Hitmontop\n|-crit|p1a: Hitmontop\n|-damage|p1a: Hitmontop|155/231\n|-sidestart|p1: titofer|move: Stealth Rock\n|\n|upkeep\n|turn|8\n|\n|t:|1781462195\n|switch|p2a: Polteageist|Polteageist, L78|222/222\n|move|p1a: Hitmontop|Rapid Spin|p2a: Polteageist\n|-immune|p2a: Polteageist\n|\n|upkeep\n|turn|9\n|\n|t:|1781462201\n|move|p1a: Hitmontop|Earthquake|p2a: Polteageist\n|-damage|p2a: Polteageist|124/222\n|move|p2a: Polteageist|Shell Smash|p2a: Polteageist\n|-unboost|p2a: Polteageist|def|1\n|-unboost|p2a: Polteageist|spd|1\n|-boost|p2a: Polteageist|atk|2\n|-boost|p2a: Polteageist|spa|2\n|-boost|p2a: Polteageist|spe|2\n|-enditem|p2a: Polteageist|White Herb\n|-clearnegativeboost|p2a: Polteageist|[silent]\n|\n|upkeep\n|turn|10\n|\n|t:|1781462204\n|move|p2a: Polteageist|Strength Sap|p1a: Hitmontop\n|-unboost|p1a: Hitmontop|atk|1\n|-heal|p2a: Polteageist|222/222\n|move|p1a: Hitmontop|Earthquake|p2a: Polteageist\n|-damage|p2a: Polteageist|150/222\n|\n|upkeep\n|turn|11\n|\n|t:|1781462209\n|move|p2a: Polteageist|Stored Power|p1a: Hitmontop\n|-supereffective|p1a: Hitmontop\n|-damage|p1a: Hitmontop|0 fnt\n|faint|p1a: Hitmontop\n|\n|upkeep\n|\n|t:|1781462212\n|switch|p1a: Plusle|Plusle, L95, F|268/268\n|-damage|p1a: Plusle|235/268|[from] Stealth Rock\n|turn|12\n|\n|t:|1781462219\n|move|p2a: Polteageist|Stored Power|p1a: Plusle\n|-damage|p1a: Plusle|7/268\n|move|p1a: Plusle|Thunderbolt|p2a: Polteageist\n|-damage|p2a: Polteageist|21/222\n|-start|p1a: Plusle|Disable|Thunderbolt|[from] ability: Cursed Body|[of] p2a: Polteageist\n|-damage|p1a: Plusle|0 fnt|[from] item: Life Orb\n|faint|p1a: Plusle\n|\n|upkeep\n|\n|t:|1781462224\n|switch|p1a: Cetitan|Cetitan, L82, M|254/413\n|-damage|p1a: Cetitan|151/413|[from] Stealth Rock\n|turn|13\n|\n|t:|1781462232\n|move|p1a: Cetitan|Ice Shard|p2a: Polteageist\n|-damage|p2a: Polteageist|0 fnt\n|faint|p2a: Polteageist\n|-damage|p1a: Cetitan|110/413|[from] item: Life Orb\n|\n|upkeep\n|\n|t:|1781462236\n|switch|p2a: Kleavor|Kleavor, L78, F|237/237\n|turn|14\n|inactive|titofer has 120 seconds left.\n|\n|t:|1781462277\n|move|p1a: Cetitan|Ice Shard|p2a: Kleavor\n|-damage|p2a: Kleavor|181/237\n|-damage|p1a: Cetitan|69/413|[from] item: Life Orb\n|move|p2a: Kleavor|X-Scissor|p1a: Cetitan\n|-damage|p1a: Cetitan|0 fnt\n|faint|p1a: Cetitan\n|\n|upkeep\n|\n|t:|1781462280\n|switch|p1a: Golurk|Golurk, L87|169/297\n|-damage|p1a: Golurk|151/297|[from] Stealth Rock\n|turn|15\n|\n|t:|1781462303\n|move|p2a: Kleavor|X-Scissor|p1a: Golurk\n|-resisted|p1a: Golurk\n|-damage|p1a: Golurk|75/297\n|move|p1a: Golurk|Earthquake|p2a: Kleavor\n|-damage|p2a: Kleavor|0 fnt\n|faint|p2a: Kleavor\n|\n|upkeep\n|\n|t:|1781462305\n|switch|p2a: Magnezone|Magnezone, L85|258/258\n|turn|16\n|\n|t:|1781462315\n|move|p2a: Magnezone|Flash Cannon|p1a: Golurk\n|-crit|p1a: Golurk\n|-damage|p1a: Golurk|0 fnt\n|faint|p1a: Golurk\n|\n|upkeep\n|\n|t:|1781462320\n|switch|p1a: Azelf|Azelf, L82|257/257\n|-damage|p1a: Azelf|225/257|[from] Stealth Rock\n|turn|17\n|\n|t:|1781462326\n|move|p1a: Azelf|Fire Blast|p2a: Magnezone|[miss]\n|-miss|p1a: Azelf|p2a: Magnezone\n|move|p2a: Magnezone|Flash Cannon|p1a: Azelf\n|-damage|p1a: Azelf|47/257\n|\n|upkeep\n|turn|18\n|\n|t:|1781462329\n|move|p1a: Azelf|Fire Blast|p2a: Magnezone\n|-supereffective|p2a: Magnezone\n|-damage|p2a: Magnezone|19/258\n|-damage|p1a: Azelf|22/257|[from] item: Life Orb\n|move|p2a: Magnezone|Flash Cannon|p1a: Azelf\n|-damage|p1a: Azelf|0 fnt\n|faint|p1a: Azelf\n|\n|upkeep\n|\n|t:|1781462333\n|switch|p1a: Gengar|Gengar, L81, F|207/230\n|-damage|p1a: Gengar|179/230|[from] Stealth Rock\n|turn|19\n|\n|t:|1781462337\n|move|p2a: Magnezone|Flash Cannon|p1a: Gengar\n|-damage|p1a: Gengar|55/230\n|-start|p2a: Magnezone|Disable|Flash Cannon|[from] ability: Cursed Body|[of] p1a: Gengar\n|move|p1a: Gengar|Shadow Ball|p2a: Magnezone\n|-damage|p2a: Magnezone|0 fnt\n|faint|p2a: Magnezone\n|-damage|p1a: Gengar|32/230|[from] item: Life Orb\n|\n|upkeep\n|\n|t:|1781462339\n|switch|p2a: Fezandipiti|Fezandipiti, L82, M|278/278\n|turn|20\n|\n|t:|1781462345\n|-terastallize|p2a: Fezandipiti|Ground\n|move|p1a: Gengar|Shadow Ball|p2a: Fezandipiti\n|-damage|p2a: Fezandipiti|179/278\n|-unboost|p2a: Fezandipiti|spd|1\n|-damage|p1a: Gengar|9/230|[from] item: Life Orb\n|move|p2a: Fezandipiti|Tera Blast|p1a: Gengar|[anim] Tera Blast Ground\n|-supereffective|p1a: Gengar\n|-damage|p1a: Gengar|0 fnt\n|-start|p2a: Fezandipiti|Disable|Tera Blast|[from] ability: Cursed Body|[of] p1a: Gengar\n|faint|p1a: Gengar\n|\n|win|hello779\n", "inputlog": ">version a8376a258c1d4662feba110a92103f3664a72141\n>start {\"formatid\":\"gen9randombattle\",\"seed\":\"sodium,b56dc5d2b1738b173ffb4eb0d2039f3d\",\"rated\":\"Rated battle\"}\n>player p1 {\"name\":\"titofer\",\"avatar\":\"169\",\"rating\":1992,\"seed\":\"sodium,d7c5ae687795d1fd8c812ad74c9b2377\"}\n>player p2 {\"name\":\"hello779\",\"avatar\":\"170\",\"rating\":2044,\"seed\":\"sodium,1bd5aa81ca1bac1985f35a7d232512a6\"}\n>p1 move earthquake\n>p2 move malignantchain\n>p1 switch 2\n>p2 move malignantchain\n>p1 move sludgewave\n>p2 switch 2\n>p1 switch 3\n>p2 move thunderbolt\n>p1 move earthquake\n>p2 switch 6\n>p2 switch 2\n>p1 move earthquake\n>p2 move shadowball\n>p2 switch 5\n>chat \u2606hello779|Lol this team is cooked \n>p1 switch 6\n>p2 move stoneaxe\n>p1 move rapidspin\n>p2 switch 4\n>p1 move earthquake\n>p2 move shellsmash\n>p1 move earthquake\n>p2 move strengthsap\n>p1 move stoneedge\n>p2 move storedpower\n>p1 switch 4\n>p1 move thunderbolt\n>p2 move storedpower\n>p1 switch 2\n>p1 move iceshard\n>p2 move strengthsap\n>p2 switch 4\n>p1 move iceshard\n>p2 move xscissor\n>p1 switch 6\n>p1 move earthquake\n>p2 move xscissor\n>p2 switch 6\n>p1 move earthquake\n>p2 move flashcannon\n>p1 switch 5\n>p1 move fireblast\n>p2 move flashcannon\n>p1 move fireblast\n>p2 move flashcannon\n>p1 switch 3\n>p1 move shadowball\n>p2 move flashcannon\n>p2 switch 3\n>p1 move shadowball\n>p2 move terablast terastallize", "uploadtime": 1781462079, "views": 5, "formatid": "gen9randombattle", "rating": null, "private": 0, "password": null}