{"id": "gen9randombattle-2631490319", "format": "[Gen 9] Random Battle", "players": ["Estrace", "jh bruns"], "log": "|j|\u2606Estrace\n|j|\u2606jh bruns\n|t:|1781391648\n|gametype|singles\n|player|p1|Estrace|clair|1941\n|player|p2|jh bruns|170|2012\n|gen|9\n|tier|[Gen 9] Random Battle\n|rated|\n|rule|Species Clause: Limit one of each Pok\u00e9mon\n|rule|HP Percentage Mod: HP is shown in percentages\n|rule|Sleep Clause Mod: Limit one foe put to sleep\n|rule|Illusion Level Mod: Illusion disguises the Pok\u00e9mon's true level\n|\n|t:|1781391648\n|teamsize|p1|6\n|teamsize|p2|6\n|start\n|switch|p1a: Clodsire|Clodsire, L81, M|343/343\n|switch|p2a: Shiftry|Shiftry, L89, F|305/305\n|turn|1\n|\n|t:|1781391661\n|move|p2a: Shiftry|Knock Off|p1a: Clodsire\n|-damage|p1a: Clodsire|135/343\n|-enditem|p1a: Clodsire|Leftovers|[from] move: Knock Off|[of] p2a: Shiftry\n|-damage|p2a: Shiftry|275/305|[from] item: Life Orb\n|move|p1a: Clodsire|Spikes|p2a: Shiftry\n|-sidestart|p2: jh bruns|Spikes\n|\n|upkeep\n|turn|2\n|inactive|Battle timer is ON: inactive players will automatically lose when time's up. (requested by Estrace)\n|\n|t:|1781391673\n|move|p2a: Shiftry|Leaf Storm|p1a: Clodsire\n|-damage|p1a: Clodsire|0 fnt\n|-unboost|p2a: Shiftry|spa|2\n|faint|p1a: Clodsire\n|-damage|p2a: Shiftry|245/305|[from] item: Life Orb\n|\n|upkeep\n|\n|t:|1781391679\n|switch|p1a: Cinderace|Cinderace, L77, M|249/249\n|turn|3\n|\n|t:|1781391687\n|switch|p2a: Swanna|Swanna, L89, M|278/278\n|move|p1a: Cinderace|U-turn|p2a: Swanna\n|-start|p1a: Cinderace|typechange|Bug|[from] ability: Libero\n|-resisted|p2a: Swanna\n|-damage|p2a: Swanna|219/278\n|\n|t:|1781391696\n|switch|p1a: Gardevoir|Gardevoir, L83, F|249/249|[from] U-turn\n|-ability|p1a: Gardevoir|Hydration|Trace|[from] ability: Trace|[of] p2a: Swanna\n|\n|upkeep\n|turn|4\n|\n|t:|1781391704\n|move|p1a: Gardevoir|Moonblast|p2a: Swanna\n|-crit|p2a: Swanna\n|-damage|p2a: Swanna|0 fnt\n|faint|p2a: Swanna\n|\n|upkeep\n|\n|t:|1781391716\n|switch|p2a: Lugia|Lugia, L73|275/275\n|turn|5\n|\n|t:|1781391721\n|switch|p1a: Lapras|Lapras, L87, F|367/367\n|move|p2a: Lugia|Calm Mind|p2a: Lugia\n|-boost|p2a: Lugia|spa|1\n|-boost|p2a: Lugia|spd|1\n|\n|upkeep\n|turn|6\n|\n|t:|1781391730\n|move|p2a: Lugia|Calm Mind|p2a: Lugia\n|-boost|p2a: Lugia|spa|1\n|-boost|p2a: Lugia|spd|1\n|move|p1a: Lapras|Dragon Dance|p1a: Lapras\n|-boost|p1a: Lapras|atk|1\n|-boost|p1a: Lapras|spe|1\n|\n|upkeep\n|turn|7\n|\n|t:|1781391736\n|move|p1a: Lapras|Icicle Spear|p2a: Lugia\n|-supereffective|p2a: Lugia\n|-damage|p2a: Lugia|241/275\n|-supereffective|p2a: Lugia\n|-damage|p2a: Lugia|175/275\n|-supereffective|p2a: Lugia\n|-damage|p2a: Lugia|107/275\n|-supereffective|p2a: Lugia\n|-damage|p2a: Lugia|35/275\n|-supereffective|p2a: Lugia\n|-damage|p2a: Lugia|0 fnt\n|faint|p2a: Lugia\n|-hitcount|p2: Lugia|5\n|\n|upkeep\n|\n|t:|1781391746\n|switch|p2a: Great Tusk|Great Tusk, L77|304/304\n|-damage|p2a: Great Tusk|266/304|[from] Spikes\n|turn|8\n|\n|t:|1781391755\n|move|p1a: Lapras|Icicle Spear|p2a: Great Tusk\n|-supereffective|p2a: Great Tusk\n|-damage|p2a: Great Tusk|206/304\n|-supereffective|p2a: Great Tusk\n|-damage|p2a: Great Tusk|150/304\n|-supereffective|p2a: Great Tusk\n|-damage|p2a: Great Tusk|88/304\n|-supereffective|p2a: Great Tusk\n|-damage|p2a: Great Tusk|22/304\n|-hitcount|p2a: Great Tusk|4\n|move|p2a: Great Tusk|Close Combat|p1a: Lapras\n|-supereffective|p1a: Lapras\n|-damage|p1a: Lapras|89/367\n|-unboost|p2a: Great Tusk|def|1\n|-unboost|p2a: Great Tusk|spd|1\n|\n|upkeep\n|turn|9\n|\n|t:|1781391766\n|move|p1a: Lapras|Icicle Spear|p2a: Great Tusk\n|-supereffective|p2a: Great Tusk\n|-damage|p2a: Great Tusk|0 fnt\n|faint|p2a: Great Tusk\n|-end|p2a: Great Tusk|Protosynthesis|[silent]\n|-hitcount|p2: Great Tusk|1\n|\n|upkeep\n|c|\u2606Estrace|big man lapras\n|\n|t:|1781391771\n|switch|p2a: Shiftry|Shiftry, L89, F|245/305\n|-damage|p2a: Shiftry|207/305|[from] Spikes\n|turn|10\n|\n|t:|1781391776\n|move|p2a: Shiftry|Sucker Punch|p1a: Lapras\n|-damage|p1a: Lapras|0 fnt\n|faint|p1a: Lapras\n|-damage|p2a: Shiftry|177/305|[from] item: Life Orb\n|\n|upkeep\n|\n|t:|1781391780\n|switch|p1a: Cinderace|Cinderace, L77, M|249/249\n|turn|11\n|\n|t:|1781391785\n|move|p2a: Shiftry|Sucker Punch|p1a: Cinderace\n|-damage|p1a: Cinderace|123/249\n|-damage|p2a: Shiftry|147/305|[from] item: Life Orb\n|move|p1a: Cinderace|U-turn|p2a: Shiftry\n|-start|p1a: Cinderace|typechange|Bug|[from] ability: Libero\n|-supereffective|p2a: Shiftry\n|-damage|p2a: Shiftry|0 fnt\n|faint|p2a: Shiftry\n|\n|t:|1781391794\n|switch|p1a: Gardevoir|Gardevoir, L83, F|249/249|[from] U-turn\n|\n|upkeep\n|\n|t:|1781391799\n|switch|p2a: Registeel|Registeel, L81|262/262\n|-ability|p1a: Gardevoir|Clear Body|Trace|[from] ability: Trace|[of] p2a: Registeel\n|-damage|p2a: Registeel|230/262|[from] Spikes\n|turn|12\n|\n|t:|1781391807\n|move|p1a: Gardevoir|Focus Blast|p2a: Registeel|[miss]\n|-miss|p1a: Gardevoir|p2a: Registeel\n|move|p2a: Registeel|Thunder Wave|p1a: Gardevoir|[miss]\n|-miss|p2a: Registeel|p1a: Gardevoir\n|\n|-heal|p2a: Registeel|246/262|[from] item: Leftovers\n|upkeep\n|turn|13\n|\n|t:|1781391822\n|switch|p2a: Spectrier|Spectrier, L75|274/274\n|-damage|p2a: Spectrier|240/274|[from] Spikes\n|move|p1a: Gardevoir|Focus Blast|p2a: Spectrier\n|-immune|p2a: Spectrier\n|\n|-heal|p2a: Spectrier|257/274|[from] item: Leftovers\n|upkeep\n|turn|14\n|\n|t:|1781391826\n|switch|p1a: Noctowl|Noctowl, L95, F|344/344\n|move|p2a: Spectrier|Substitute|p2a: Spectrier\n|-start|p2a: Spectrier|Substitute\n|-damage|p2a: Spectrier|189/274\n|\n|-heal|p2a: Spectrier|206/274|[from] item: Leftovers\n|upkeep\n|turn|15\n|\n|t:|1781391833\n|move|p2a: Spectrier|Substitute|p2a: Spectrier\n|-fail|p2a: Spectrier|move: Substitute\n|move|p1a: Noctowl|Calm Mind|p1a: Noctowl\n|-boost|p1a: Noctowl|spa|1\n|-boost|p1a: Noctowl|spd|1\n|\n|-heal|p2a: Spectrier|223/274|[from] item: Leftovers\n|upkeep\n|turn|16\n|\n|t:|1781391835\n|move|p2a: Spectrier|Nasty Plot|p2a: Spectrier\n|-boost|p2a: Spectrier|spa|2\n|move|p1a: Noctowl|Calm Mind|p1a: Noctowl\n|-boost|p1a: Noctowl|spa|1\n|-boost|p1a: Noctowl|spd|1\n|\n|-heal|p2a: Spectrier|240/274|[from] item: Leftovers\n|upkeep\n|turn|17\n|\n|t:|1781391839\n|move|p2a: Spectrier|Nasty Plot|p2a: Spectrier\n|-boost|p2a: Spectrier|spa|2\n|move|p1a: Noctowl|Calm Mind|p1a: Noctowl\n|-boost|p1a: Noctowl|spa|1\n|-boost|p1a: Noctowl|spd|1\n|\n|-heal|p2a: Spectrier|257/274|[from] item: Leftovers\n|upkeep\n|turn|18\n|\n|t:|1781391842\n|move|p2a: Spectrier|Nasty Plot|p2a: Spectrier\n|-boost|p2a: Spectrier|spa|2\n|move|p1a: Noctowl|Calm Mind|p1a: Noctowl\n|-boost|p1a: Noctowl|spa|1\n|-boost|p1a: Noctowl|spd|1\n|\n|-heal|p2a: Spectrier|274/274|[from] item: Leftovers\n|upkeep\n|turn|19\n|\n|t:|1781391845\n|-terastallize|p2a: Spectrier|Fighting\n|move|p2a: Spectrier|Tera Blast|p1a: Noctowl|[anim] Tera Blast Fighting\n|-damage|p1a: Noctowl|238/344\n|move|p1a: Noctowl|Hurricane|p2a: Spectrier\n|-supereffective|p2a: Spectrier\n|-end|p2a: Spectrier|Substitute\n|\n|upkeep\n|turn|20\n|-message|jh bruns forfeited.\n|\n|win|Estrace\n", "inputlog": ">version a8376a258c1d4662feba110a92103f3664a72141\n>start {\"formatid\":\"gen9randombattle\",\"seed\":\"sodium,a3aa25040bd8e5176884102bd99c0aec\",\"rated\":\"Rated battle\"}\n>player p1 {\"name\":\"Estrace\",\"avatar\":\"clair\",\"rating\":1941,\"seed\":\"sodium,de62eeb6e6316e187e532292dece77da\"}\n>player p2 {\"name\":\"jh bruns\",\"avatar\":\"170\",\"rating\":2012,\"seed\":\"sodium,2c39f814184fe8c82a3f38e95e07764c\"}\n>p1 move spikes\n>p2 move knockoff\n>p1 move recover\n>p2 move leafstorm\n>p1 switch 3\n>p1 move uturn\n>p2 switch 6\n>p1 switch 5\n>p1 move moonblast\n>p2 move roost\n>p2 switch 3\n>p1 switch 4\n>p2 move calmmind\n>p1 move dragondance\n>p2 move calmmind\n>p1 move iciclespear\n>p2 move aeroblast\n>p2 switch 2\n>p1 move iciclespear\n>p2 move closecombat\n>p1 move iciclespear\n>p2 move closecombat\n>chat \u2606Estrace|big man lapras\n>p2 switch 6\n>p1 move iciclespear\n>p2 move suckerpunch\n>p1 switch 5\n>p1 move uturn\n>p2 move suckerpunch\n>p1 switch 4\n>p2 switch 4\n>p1 move focusblast\n>p2 move thunderwave\n>p1 move focusblast\n>p2 switch 5\n>p1 switch 2\n>p2 move substitute\n>p1 move calmmind\n>p2 move substitute\n>p1 move calmmind\n>p2 move nastyplot\n>p1 move calmmind\n>p2 move nastyplot\n>p1 move calmmind\n>p2 move nastyplot\n>p1 move hurricane\n>p2 move terablast terastallize\n>forcelose p2", "uploadtime": 1781391650, "views": 4, "formatid": "gen9randombattle", "rating": null, "private": 0, "password": null}