{"id": "gen9randombattle-2631709340", "format": "[Gen 9] Random Battle", "players": ["grass1234567", "Matuidi14"], "log": "|j|\u2606grass1234567\n|j|\u2606Matuidi14\n|t:|1781426137\n|gametype|singles\n|player|p1|grass1234567|pokemaniac|2090\n|player|p2|Matuidi14|clown|2161\n|gen|9\n|tier|[Gen 9] Random Battle\n|rated|\n|rule|Species Clause: Limit one of each Pok\u00e9mon\n|rule|HP Percentage Mod: HP is shown in percentages\n|rule|Sleep Clause Mod: Limit one foe put to sleep\n|rule|Illusion Level Mod: Illusion disguises the Pok\u00e9mon's true level\n|\n|t:|1781426137\n|teamsize|p1|6\n|teamsize|p2|6\n|start\n|switch|p1a: Kyurem|Kyurem-Black, L71|295/295\n|switch|p2a: Gumshoos|Gumshoos, L95, F|321/321\n|-ability|p1a: Kyurem|Teravolt\n|turn|1\n|inactive|Battle timer is ON: inactive players will automatically lose when time's up. (requested by Matuidi14)\n|\n|t:|1781426171\n|move|p1a: Kyurem|Icicle Spear|p2a: Gumshoos\n|-damage|p2a: Gumshoos|287/321\n|-damage|p2a: Gumshoos|250/321\n|-damage|p2a: Gumshoos|216/321\n|-damage|p2a: Gumshoos|177/321\n|-hitcount|p2a: Gumshoos|4\n|move|p2a: Gumshoos|U-turn|p1a: Kyurem\n|-damage|p1a: Kyurem|173/295\n|\n|t:|1781426179\n|switch|p2a: Dugtrio|Dugtrio-Alola, L84, F|196/196|[from] U-turn\n|\n|upkeep\n|turn|2\n|\n|t:|1781426192\n|switch|p1a: Gastrodon|Gastrodon, L86, F|331/331\n|move|p2a: Dugtrio|Earthquake|p1a: Gastrodon\n|-damage|p1a: Gastrodon|144/331\n|\n|-heal|p1a: Gastrodon|164/331|[from] item: Leftovers\n|upkeep\n|turn|3\n|\n|t:|1781426213\n|switch|p1a: Mew|Mew, L82|298/298\n|move|p2a: Dugtrio|Earthquake|p1a: Mew\n|-damage|p1a: Mew|157/298\n|\n|upkeep\n|turn|4\n|\n|t:|1781426223\n|switch|p2a: Slither Wing|Slither Wing, L81|270/270\n|move|p1a: Mew|Knock Off|p2a: Slither Wing\n|-resisted|p2a: Slither Wing\n|-damage|p2a: Slither Wing|223/270\n|-enditem|p2a: Slither Wing|Life Orb|[from] move: Knock Off|[of] p1a: Mew\n|-damage|p1a: Mew|128/298|[from] item: Life Orb\n|\n|upkeep\n|turn|5\n|\n|t:|1781426248\n|switch|p1a: Cyclizar|Cyclizar, L83, M|252/252\n|move|p2a: Slither Wing|First Impression|p1a: Cyclizar\n|-damage|p1a: Cyclizar|98/252\n|\n|upkeep\n|turn|6\n|inactive|grass1234567 has 120 seconds left.\n|\n|t:|1781426263\n|switch|p1a: Mew|Mew, L82|128/298\n|move|p2a: Slither Wing|Close Combat|p1a: Mew\n|-resisted|p1a: Mew\n|-damage|p1a: Mew|59/298\n|-unboost|p2a: Slither Wing|def|1\n|-unboost|p2a: Slither Wing|spd|1\n|\n|upkeep\n|turn|7\n|\n|t:|1781426273\n|-end|p2a: Slither Wing|Protosynthesis|[silent]\n|switch|p2a: Dugtrio|Dugtrio-Alola, L84, F|196/196\n|move|p1a: Mew|Close Combat|p2a: Dugtrio\n|-supereffective|p2a: Dugtrio\n|-damage|p2a: Dugtrio|0 fnt\n|-unboost|p1a: Mew|def|1\n|-unboost|p1a: Mew|spd|1\n|faint|p2a: Dugtrio\n|-damage|p1a: Mew|30/298|[from] item: Life Orb\n|\n|upkeep\n|inactive|Matuidi14 has 120 seconds left.\n|\n|t:|1781426298\n|switch|p2a: Slither Wing|Slither Wing, L81|223/270\n|turn|8\n|\n|t:|1781426311\n|move|p2a: Slither Wing|First Impression|p1a: Mew\n|-supereffective|p1a: Mew\n|-damage|p1a: Mew|0 fnt\n|faint|p1a: Mew\n|\n|upkeep\n|\n|t:|1781426320\n|switch|p1a: Feraligatr|Feraligatr, L79, M|264/264\n|turn|9\n|\n|t:|1781426326\n|move|p2a: Slither Wing|Wild Charge|p1a: Feraligatr\n|-supereffective|p1a: Feraligatr\n|-crit|p1a: Feraligatr\n|-damage|p1a: Feraligatr|42/264\n|-damage|p2a: Slither Wing|167/270|[from] Recoil\n|move|p1a: Feraligatr|Dragon Dance|p1a: Feraligatr\n|-boost|p1a: Feraligatr|atk|1\n|-boost|p1a: Feraligatr|spe|1\n|\n|upkeep\n|turn|10\n|\n|t:|1781426337\n|-end|p2a: Slither Wing|Protosynthesis|[silent]\n|switch|p2a: Gumshoos|Gumshoos, L95, F|177/321\n|move|p1a: Feraligatr|Ice Punch|p2a: Gumshoos\n|-damage|p2a: Gumshoos|24/321\n|\n|upkeep\n|turn|11\n|\n|t:|1781426343\n|move|p1a: Feraligatr|Liquidation|p2a: Gumshoos\n|-damage|p2a: Gumshoos|0 fnt\n|faint|p2a: Gumshoos\n|\n|upkeep\n|\n|t:|1781426344\n|switch|p2a: Slither Wing|Slither Wing, L81|167/270\n|turn|12\n|\n|t:|1781426352\n|move|p2a: Slither Wing|First Impression|p1a: Feraligatr\n|-damage|p1a: Feraligatr|0 fnt\n|faint|p1a: Feraligatr\n|\n|upkeep\n|inactive|grass1234567 has 120 seconds left.\n|\n|t:|1781426383\n|switch|p1a: Gumshoos|Gumshoos, L95, M|321/321\n|turn|13\n|inactive|grass1234567 has 120 seconds left.\n|\n|t:|1781426412\n|move|p2a: Slither Wing|U-turn|p1a: Gumshoos\n|-damage|p1a: Gumshoos|218/321\n|\n|t:|1781426414\n|-end|p2a: Slither Wing|Protosynthesis|[silent]\n|switch|p2a: Hippowdon|Hippowdon, L82, M|311/311|[from] U-turn\n|-weather|Sandstorm|[from] ability: Sand Stream|[of] p2a: Hippowdon\n|move|p1a: Gumshoos|Double-Edge|p2a: Hippowdon\n|-damage|p2a: Hippowdon|0 fnt\n|faint|p2a: Hippowdon\n|-damage|p1a: Gumshoos|115/321|[from] Recoil\n|\n|-weather|Sandstorm|[upkeep]\n|-damage|p1a: Gumshoos|95/321|[from] Sandstorm\n|upkeep\n|\n|t:|1781426416\n|switch|p2a: Slither Wing|Slither Wing, L81|167/270\n|turn|14\n|\n|t:|1781426427\n|move|p2a: Slither Wing|First Impression|p1a: Gumshoos\n|-damage|p1a: Gumshoos|0 fnt\n|faint|p1a: Gumshoos\n|\n|-weather|Sandstorm|[upkeep]\n|-damage|p2a: Slither Wing|151/270|[from] Sandstorm\n|upkeep\n|inactive|grass1234567 has 120 seconds left.\n|\n|t:|1781426446\n|switch|p1a: Gastrodon|Gastrodon, L86, F|164/331\n|turn|15\n|\n|t:|1781426450\n|-terastallize|p1a: Gastrodon|Poison\n|move|p2a: Slither Wing|Close Combat|p1a: Gastrodon\n|-resisted|p1a: Gastrodon\n|-damage|p1a: Gastrodon|71/331\n|-unboost|p2a: Slither Wing|def|1\n|-unboost|p2a: Slither Wing|spd|1\n|move|p1a: Gastrodon|Recover|p1a: Gastrodon\n|-heal|p1a: Gastrodon|237/331\n|\n|-weather|Sandstorm|[upkeep]\n|-damage|p2a: Slither Wing|135/270|[from] Sandstorm\n|-damage|p1a: Gastrodon|217/331|[from] Sandstorm\n|-heal|p1a: Gastrodon|237/331|[from] item: Leftovers\n|upkeep\n|turn|16\n|\n|t:|1781426462\n|move|p2a: Slither Wing|U-turn|p1a: Gastrodon\n|-resisted|p1a: Gastrodon\n|-damage|p1a: Gastrodon|184/331\n|\n|t:|1781426481\n|-end|p2a: Slither Wing|Protosynthesis|[silent]\n|switch|p2a: Gardevoir|Gardevoir, L83, F|249/249|[from] U-turn\n|-ability|p2a: Gardevoir|Storm Drain|Trace|[from] ability: Trace|[of] p1a: Gastrodon\n|move|p1a: Gastrodon|Stealth Rock|p2a: Gardevoir\n|-sidestart|p2: Matuidi14|move: Stealth Rock\n|\n|-weather|Sandstorm|[upkeep]\n|-damage|p2a: Gardevoir|234/249|[from] Sandstorm\n|-damage|p1a: Gastrodon|164/331|[from] Sandstorm\n|-heal|p1a: Gastrodon|184/331|[from] item: Leftovers\n|upkeep\n|turn|17\n|inactive|grass1234567 has 120 seconds left.\n|-message|grass1234567 forfeited.\n|\n|win|Matuidi14\n|raw|grass1234567's rating: 2090 &rarr; <strong>2074</strong><br />(-16 for losing)\n|raw|Matuidi14's rating: 2161 &rarr; <strong>2177</strong><br />(+16 for winning)\n", "inputlog": ">version a8376a258c1d4662feba110a92103f3664a72141\n>start {\"formatid\":\"gen9randombattle\",\"seed\":\"sodium,aafb3488fc723f38f2523fb0141ee30c\",\"rated\":\"Rated battle\"}\n>player p1 {\"name\":\"grass1234567\",\"avatar\":\"pokemaniac\",\"rating\":2090,\"seed\":\"sodium,e48128985297e86f7563e09a327141e7\"}\n>player p2 {\"name\":\"Matuidi14\",\"avatar\":\"clown\",\"rating\":2161,\"seed\":\"sodium,ac3136a544093e925684d8fb12ad39fd\"}\n>p1 move iciclespear\n>p2 move uturn\n>p2 switch 5\n>p1 switch 6\n>p2 move earthquake\n>p1 switch 5\n>p2 move earthquake\n>p1 move knockoff\n>p2 switch 4\n>p1 switch 2\n>p2 move firstimpression\n>p1 switch 2\n>p2 move closecombat\n>p1 move closecombat\n>p2 switch 4\n>p2 switch 4\n>p1 move psychicfangs\n>p2 move firstimpression\n>p1 switch 3\n>p1 move dragondance\n>p2 move wildcharge\n>p1 move icepunch\n>p2 switch 5\n>p1 move liquidation\n>p2 move uturn\n>p2 switch 5\n>p1 move liquidation\n>p2 move firstimpression\n>p1 switch 4\n>p1 move doubleedge\n>p2 move uturn\n>p2 switch 3\n>p2 switch 3\n>p1 move doubleedge\n>p2 move firstimpression\n>p1 switch 5\n>p1 move recover terastallize\n>p2 move closecombat\n>p1 move stealthrock\n>p2 move uturn\n>p2 switch 6\n>forcelose p1", "uploadtime": 1781426139, "views": 5, "formatid": "gen9randombattle", "rating": 2074, "private": 0, "password": null}