{"id": "gen9randombattle-2631972465", "format": "[Gen 9] Random Battle", "players": ["AdvancedWelfare", "iforgotmyoldacc"], "log": "|j|\u2606AdvancedWelfare\n|j|\u2606iforgotmyoldacc\n|t:|1781461462\n|gametype|singles\n|player|p1|AdvancedWelfare|ghetsis|1929\n|player|p2|iforgotmyoldacc|102|1908\n|gen|9\n|tier|[Gen 9] Random Battle\n|rated|\n|rule|Species Clause: Limit one of each Pok\u00e9mon\n|rule|HP Percentage Mod: HP is shown in percentages\n|rule|Sleep Clause Mod: Limit one foe put to sleep\n|rule|Illusion Level Mod: Illusion disguises the Pok\u00e9mon's true level\n|\n|t:|1781461462\n|teamsize|p1|6\n|teamsize|p2|6\n|start\n|switch|p1a: Wugtrio|Wugtrio, L91, M|212/212\n|switch|p2a: Lanturn|Lanturn, L89, M|367/367\n|turn|1\n|\n|t:|1781461470\n|switch|p1a: Zebstrika|Zebstrika, L87, F|272/272\n|move|p2a: Lanturn|Thunderbolt|p1a: Zebstrika\n|-resisted|p1a: Zebstrika\n|-damage|p1a: Zebstrika|213/272\n|\n|upkeep\n|turn|2\n|\n|t:|1781461480\n|move|p1a: Zebstrika|High Horsepower|p2a: Lanturn\n|-supereffective|p2a: Lanturn\n|-damage|p2a: Lanturn|136/367\n|-damage|p1a: Zebstrika|186/272|[from] item: Life Orb\n|move|p2a: Lanturn|Scald|p1a: Zebstrika\n|-crit|p1a: Zebstrika\n|-damage|p1a: Zebstrika|51/272\n|\n|upkeep\n|turn|3\n|\n|t:|1781461488\n|switch|p2a: Azelf|Azelf, L82|257/257\n|move|p1a: Zebstrika|High Horsepower|p2a: Azelf\n|-immune|p2a: Azelf|[from] ability: Levitate\n|\n|upkeep\n|turn|4\n|\n|t:|1781461495\n|switch|p1a: Wugtrio|Wugtrio, L91, M|212/212\n|switch|p2a: Lanturn|Lanturn, L89, M|136/367\n|\n|upkeep\n|turn|5\n|\n|t:|1781461502\n|move|p1a: Wugtrio|Throat Chop|p2a: Lanturn\n|-damage|p2a: Lanturn|1/367\n|-start|p2a: Lanturn|Throat Chop|[silent]\n|move|p2a: Lanturn|Thunderbolt|p1a: Wugtrio\n|-supereffective|p1a: Wugtrio\n|-damage|p1a: Wugtrio|24/212\n|\n|upkeep\n|turn|6\n|\n|t:|1781461506\n|move|p1a: Wugtrio|Throat Chop|p2a: Lanturn\n|-damage|p2a: Lanturn|0 fnt\n|faint|p2a: Lanturn\n|\n|upkeep\n|\n|t:|1781461512\n|switch|p2a: Virizion|Virizion, L82|283/283\n|turn|7\n|\n|t:|1781461516\n|switch|p1a: Staraptor|Staraptor, L79, F|263/263\n|move|p2a: Virizion|Leaf Blade|p1a: Staraptor\n|-resisted|p1a: Staraptor\n|-damage|p1a: Staraptor|193/263\n|-damage|p2a: Virizion|255/283|[from] item: Life Orb\n|\n|upkeep\n|turn|8\n|\n|t:|1781461525\n|switch|p2a: Iron Crown|Iron Crown, L78|268/268\n|move|p1a: Staraptor|Brave Bird|p2a: Iron Crown\n|-resisted|p2a: Iron Crown\n|-damage|p2a: Iron Crown|162/268\n|-damage|p1a: Staraptor|158/263|[from] Recoil\n|\n|-heal|p2a: Iron Crown|178/268|[from] item: Leftovers\n|upkeep\n|turn|9\n|\n|t:|1781461537\n|move|p1a: Staraptor|Brave Bird|p2a: Iron Crown\n|-resisted|p2a: Iron Crown\n|-damage|p2a: Iron Crown|72/268\n|-damage|p1a: Staraptor|123/263|[from] Recoil\n|move|p2a: Iron Crown|Tachyon Cutter|p1a: Staraptor\n|-damage|p1a: Staraptor|44/263\n|-damage|p1a: Staraptor|0 fnt\n|faint|p1a: Staraptor\n|-hitcount|p1: Staraptor|2\n|\n|-heal|p2a: Iron Crown|88/268|[from] item: Leftovers\n|upkeep\n|\n|t:|1781461546\n|switch|p1a: Zebstrika|Zebstrika, L87, F|51/272\n|turn|10\n|\n|t:|1781461551\n|-end|p2a: Iron Crown|Quark Drive|[silent]\n|switch|p2a: Virizion|Virizion, L82|255/283\n|move|p1a: Zebstrika|Supercell Slam|p2a: Virizion\n|-resisted|p2a: Virizion\n|-damage|p2a: Virizion|167/283\n|-damage|p1a: Zebstrika|24/272|[from] item: Life Orb\n|\n|upkeep\n|turn|11\n|\n|t:|1781461557\n|move|p1a: Zebstrika|Overheat|p2a: Virizion|[miss]\n|-miss|p1a: Zebstrika|p2a: Virizion\n|move|p2a: Virizion|Leaf Blade|p1a: Zebstrika\n|-ability|p1a: Zebstrika|Sap Sipper|boost\n|-boost|p1a: Zebstrika|atk|1\n|\n|upkeep\n|turn|12\n|\n|t:|1781461563\n|move|p1a: Zebstrika|Overheat|p2a: Virizion\n|-supereffective|p2a: Virizion\n|-damage|p2a: Virizion|0 fnt\n|-unboost|p1a: Zebstrika|spa|2\n|faint|p2a: Virizion\n|-damage|p1a: Zebstrika|0 fnt|[from] item: Life Orb\n|faint|p1a: Zebstrika\n|\n|upkeep\n|\n|t:|1781461569\n|switch|p1a: Wugtrio|Wugtrio, L91, M|24/212\n|switch|p2a: Iron Crown|Iron Crown, L78|88/268\n|turn|13\n|\n|t:|1781461571\n|move|p1a: Wugtrio|Liquidation|p2a: Iron Crown\n|-damage|p2a: Iron Crown|0 fnt\n|faint|p2a: Iron Crown\n|-end|p2a: Iron Crown|Quark Drive|[silent]\n|\n|upkeep\n|\n|t:|1781461574\n|switch|p2a: Toxicroak|Toxicroak, L84, M|277/277\n|turn|14\n|\n|t:|1781461578\n|switch|p1a: Vespiquen|Vespiquen, L99, F|299/299\n|-ability|p1a: Vespiquen|Pressure\n|move|p2a: Toxicroak|Swords Dance|p2a: Toxicroak\n|-boost|p2a: Toxicroak|atk|2\n|\n|upkeep\n|turn|15\n|\n|t:|1781461583\n|move|p2a: Toxicroak|Gunk Shot|p1a: Vespiquen\n|-damage|p1a: Vespiquen|42/299\n|-damage|p2a: Toxicroak|250/277|[from] item: Life Orb\n|move|p1a: Vespiquen|Hurricane|p2a: Toxicroak\n|-supereffective|p2a: Toxicroak\n|-damage|p2a: Toxicroak|0 fnt\n|faint|p2a: Toxicroak\n|\n|upkeep\n|\n|t:|1781461595\n|switch|p2a: Azelf|Azelf, L82|257/257\n|turn|16\n|\n|t:|1781461602\n|move|p2a: Azelf|Stealth Rock|p1a: Vespiquen\n|-sidestart|p1: AdvancedWelfare|move: Stealth Rock\n|move|p1a: Vespiquen|U-turn|p2a: Azelf\n|-supereffective|p2a: Azelf\n|-damage|p2a: Azelf|45/257\n|\n|t:|1781461610\n|switch|p1a: Wugtrio|Wugtrio, L91, M|24/212|[from] U-turn\n|-damage|p1a: Wugtrio|0 fnt|[from] Stealth Rock\n|faint|p1a: Wugtrio\n|\n|upkeep\n|\n|t:|1781461612\n|switch|p1a: Electrode|Electrode, L92|260/260\n|-damage|p1a: Electrode|228/260|[from] Stealth Rock\n|turn|17\n|\n|t:|1781461617\n|move|p1a: Electrode|Thunderbolt|p2a: Azelf\n|-damage|p2a: Azelf|0 fnt\n|faint|p2a: Azelf\n|-damage|p1a: Electrode|202/260|[from] item: Life Orb\n|\n|upkeep\n|\n|t:|1781461619\n|switch|p2a: Crawdaunt|Crawdaunt, L84, F|243/243\n|turn|18\n|\n|t:|1781461623\n|move|p2a: Crawdaunt|Aqua Jet|p1a: Electrode\n|-damage|p1a: Electrode|103/260\n|-status|p2a: Crawdaunt|par|[from] ability: Static|[of] p1a: Electrode\n|-damage|p2a: Crawdaunt|219/243 par|[from] item: Life Orb\n|move|p1a: Electrode|Thunderbolt|p2a: Crawdaunt\n|-supereffective|p2a: Crawdaunt\n|-damage|p2a: Crawdaunt|0 fnt\n|faint|p2a: Crawdaunt\n|-damage|p1a: Electrode|77/260|[from] item: Life Orb\n|\n|win|AdvancedWelfare\n", "inputlog": ">version a8376a258c1d4662feba110a92103f3664a72141\n>start {\"formatid\":\"gen9randombattle\",\"seed\":\"sodium,e77e30b2571d1aa800b0ab6c86b277de\",\"rated\":\"Rated battle\"}\n>player p1 {\"name\":\"AdvancedWelfare\",\"avatar\":\"ghetsis\",\"rating\":1929,\"seed\":\"sodium,11f6a509aa50e3628124c73478383537\"}\n>player p2 {\"name\":\"iforgotmyoldacc\",\"avatar\":\"102\",\"rating\":1908,\"seed\":\"sodium,fa71e646fc8899e4c62a79c59aa8facf\"}\n>p1 switch 3\n>p2 move thunderbolt\n>p1 move highhorsepower\n>p2 move scald\n>p1 move highhorsepower\n>p2 switch 5\n>p1 switch 3\n>p2 switch 5\n>p1 move throatchop\n>p2 move thunderbolt\n>p1 move throatchop\n>p2 move thunderbolt\n>p2 switch 3\n>p1 switch 2\n>p2 move leafblade\n>p1 move bravebird\n>p2 switch 4\n>p1 move bravebird\n>p2 move tachyoncutter\n>p1 switch 3\n>p1 move supercellslam\n>p2 switch 4\n>p1 move overheat\n>p2 move leafblade\n>p1 move overheat\n>p2 move closecombat\n>p1 switch 2\n>p2 switch 4\n>p1 move liquidation\n>p2 move tachyoncutter\n>p2 switch 2\n>p1 switch 4\n>p2 move swordsdance\n>p1 move hurricane\n>p2 move gunkshot\n>p2 switch 5\n>p1 move uturn\n>p2 move stealthrock\n>p1 switch 4\n>p1 switch 6\n>p1 move thunderbolt\n>p2 move psychic\n>p2 switch 6\n>p1 move thunderbolt\n>p2 move aquajet", "uploadtime": 1781461464, "views": 5, "formatid": "gen9randombattle", "rating": null, "private": 0, "password": null}