{"id": "gen9randombattle-2631405244", "format": "[Gen 9] Random Battle", "players": ["flamingtiger56", "raymond907"], "log": "|j|\u2606flamingtiger56\n|j|\u2606raymond907\n|t:|1781380691\n|gametype|singles\n|player|p1|flamingtiger56|169|1912\n|player|p2|raymond907|2|1928\n|gen|9\n|tier|[Gen 9] Random Battle\n|rated|\n|rule|Species Clause: Limit one of each Pok\u00e9mon\n|rule|HP Percentage Mod: HP is shown in percentages\n|rule|Sleep Clause Mod: Limit one foe put to sleep\n|rule|Illusion Level Mod: Illusion disguises the Pok\u00e9mon's true level\n|\n|t:|1781380691\n|teamsize|p1|6\n|teamsize|p2|6\n|start\n|switch|p1a: Flapple|Flapple, L88, F|266/266\n|switch|p2a: Venomoth|Venomoth, L84, F|255/255\n|turn|1\n|inactive|Battle timer is ON: inactive players will automatically lose when time's up. (requested by flamingtiger56)\n|inactive|raymond907 has 120 seconds left.\n|\n|t:|1781380722\n|switch|p1a: Minior|Minior-Indigo, L79|224/224\n|-formechange|p1a: Minior|Minior-Meteor||[from] ability: Shields Down\n|move|p2a: Venomoth|Quiver Dance|p2a: Venomoth\n|-boost|p2a: Venomoth|spa|1\n|-boost|p2a: Venomoth|spd|1\n|-boost|p2a: Venomoth|spe|1\n|\n|upkeep\n|turn|2\n|\n|t:|1781380740\n|move|p2a: Venomoth|Quiver Dance|p2a: Venomoth\n|-boost|p2a: Venomoth|spa|1\n|-boost|p2a: Venomoth|spd|1\n|-boost|p2a: Venomoth|spe|1\n|move|p1a: Minior|Shell Smash|p1a: Minior\n|-unboost|p1a: Minior|def|1\n|-unboost|p1a: Minior|spd|1\n|-boost|p1a: Minior|atk|2\n|-boost|p1a: Minior|spa|2\n|-boost|p1a: Minior|spe|2\n|-enditem|p1a: Minior|White Herb\n|-clearnegativeboost|p1a: Minior|[silent]\n|\n|upkeep\n|turn|3\n|\n|t:|1781380750\n|move|p2a: Venomoth|Sludge Wave|p1a: Minior\n|-resisted|p1a: Minior\n|-damage|p1a: Minior|38/224\n|move|p1a: Minior|Acrobatics|p2a: Venomoth\n|-supereffective|p2a: Venomoth\n|-damage|p2a: Venomoth|0 fnt\n|faint|p2a: Venomoth\n|\n|-formechange|p1a: Minior|Minior-Indigo||[from] ability: Shields Down\n|upkeep\n|\n|t:|1781380753\n|switch|p2a: Palafin|Palafin, L77, M|281/281\n|turn|4\n|\n|t:|1781380764\n|switch|p1a: Flapple|Flapple, L88, F|266/266\n|move|p2a: Palafin|Jet Punch|p1a: Flapple\n|-resisted|p1a: Flapple\n|-damage|p1a: Flapple|256/266\n|\n|upkeep\n|turn|5\n|\n|t:|1781380770\n|detailschange|p2a: Palafin|Palafin-Hero, L77, M\n|switch|p2a: Bellossom|Bellossom, L84, F|263/263\n|move|p1a: Flapple|U-turn|p2a: Bellossom\n|-supereffective|p2a: Bellossom\n|-damage|p2a: Bellossom|1/263\n|\n|t:|1781380778\n|switch|p1a: Minior|Minior-Indigo, L79|38/224|[from] U-turn\n|\n|-heal|p2a: Bellossom|17/263|[from] item: Leftovers\n|upkeep\n|turn|6\n|\n|t:|1781380783\n|move|p1a: Minior|Acrobatics|p2a: Bellossom\n|-supereffective|p2a: Bellossom\n|-damage|p2a: Bellossom|0 fnt\n|faint|p2a: Bellossom\n|\n|upkeep\n|\n|t:|1781380785\n|switch|p2a: Palafin|Palafin-Hero, L77, M|281/281\n|-activate|p2a: Palafin|ability: Zero to Hero\n|turn|7\n|\n|t:|1781380793\n|move|p2a: Palafin|Jet Punch|p1a: Minior\n|-supereffective|p1a: Minior\n|-damage|p1a: Minior|0 fnt\n|faint|p1a: Minior\n|\n|upkeep\n|\n|t:|1781380802\n|switch|p1a: Gothitelle|Gothitelle, L90, F|272/272\n|turn|8\n|\n|t:|1781380813\n|move|p2a: Palafin|Jet Punch|p1a: Gothitelle\n|-damage|p1a: Gothitelle|206/272\n|move|p1a: Gothitelle|Calm Mind|p1a: Gothitelle\n|-boost|p1a: Gothitelle|spa|1\n|-boost|p1a: Gothitelle|spd|1\n|\n|-heal|p1a: Gothitelle|223/272|[from] item: Leftovers\n|upkeep\n|turn|9\n|\n|t:|1781380822\n|move|p2a: Palafin|Bulk Up|p2a: Palafin\n|-boost|p2a: Palafin|atk|1\n|-boost|p2a: Palafin|def|1\n|move|p1a: Gothitelle|Thunderbolt|p2a: Palafin\n|-supereffective|p2a: Palafin\n|-damage|p2a: Palafin|37/281\n|\n|-heal|p2a: Palafin|54/281|[from] item: Leftovers\n|-heal|p1a: Gothitelle|240/272|[from] item: Leftovers\n|upkeep\n|turn|10\n|\n|t:|1781380826\n|move|p2a: Palafin|Jet Punch|p1a: Gothitelle\n|-damage|p1a: Gothitelle|134/272\n|move|p1a: Gothitelle|Thunderbolt|p2a: Palafin\n|-supereffective|p2a: Palafin\n|-damage|p2a: Palafin|0 fnt\n|faint|p2a: Palafin\n|\n|-heal|p1a: Gothitelle|151/272|[from] item: Leftovers\n|upkeep\n|\n|t:|1781380834\n|switch|p2a: Leavanny|Leavanny, L86, F|269/269\n|turn|11\n|\n|t:|1781380845\n|switch|p1a: Kleavor|Kleavor, L78, F|237/237\n|move|p2a: Leavanny|Lunge|p1a: Kleavor\n|-damage|p1a: Kleavor|144/237\n|-unboost|p1a: Kleavor|atk|1\n|\n|upkeep\n|turn|12\n|inactive|raymond907 has 120 seconds left.\n|inactive|raymond907 has 90 seconds left.\n|inactive|raymond907 has 60 seconds left.\n|inactive|raymond907 has 30 seconds left.\n|inactive|raymond907 has 20 seconds left.\n|inactive|raymond907 has 15 seconds left.\n|inactive|raymond907 has 10 seconds left.\n|inactive|raymond907 has 5 seconds left.\n|-message|raymond907 lost due to inactivity.\n|\n|win|flamingtiger56\n", "inputlog": ">version a8376a258c1d4662feba110a92103f3664a72141\n>start {\"formatid\":\"gen9randombattle\",\"seed\":\"sodium,f6ab8f542fce4b8e368ad7bf6c8c8068\",\"rated\":\"Rated battle\"}\n>player p1 {\"name\":\"flamingtiger56\",\"avatar\":\"169\",\"rating\":1912,\"seed\":\"sodium,1ca510a39b194323c6e2ca9245850139\"}\n>player p2 {\"name\":\"raymond907\",\"avatar\":\"2\",\"rating\":1928,\"seed\":\"sodium,6556e98758015f53b76c3aadf051adfa\"}\n>p1 switch 3\n>p2 move quiverdance\n>p1 move shellsmash\n>p2 move quiverdance\n>p1 move acrobatics\n>p2 move sludgewave\n>p2 switch 3\n>p1 switch 3\n>p2 move jetpunch\n>p1 move uturn\n>p2 switch 5\n>p1 switch 3\n>p1 move acrobatics\n>p2 move gigadrain\n>p2 switch 5\n>p1 move acrobatics\n>p2 move jetpunch\n>p1 switch 6\n>p1 move calmmind\n>p2 move jetpunch\n>p1 move thunderbolt\n>p2 move bulkup\n>p1 move thunderbolt\n>p2 move jetpunch\n>p2 switch 2\n>p1 switch 4\n>p2 move lunge\n>forcelose p2", "uploadtime": 1781380693, "views": 8, "formatid": "gen9randombattle", "rating": null, "private": 0, "password": null}