{"id": "gen9randombattle-2631885983", "format": "[Gen 9] Random Battle", "players": ["sumopardo", "lt.nitro"], "log": "|j|\u2606sumopardo\n|j|\u2606lt.nitro\n|t:|1781452035\n|gametype|singles\n|player|p1|sumopardo|lance|1551\n|player|p2|lt.nitro|ltsurge|1555\n|gen|9\n|tier|[Gen 9] Random Battle\n|rated|\n|rule|Species Clause: Limit one of each Pok\u00e9mon\n|rule|HP Percentage Mod: HP is shown in percentages\n|rule|Sleep Clause Mod: Limit one foe put to sleep\n|rule|Illusion Level Mod: Illusion disguises the Pok\u00e9mon's true level\n|\n|t:|1781452035\n|teamsize|p1|6\n|teamsize|p2|6\n|start\n|switch|p1a: Eternatus|Eternatus, L69|308/308\n|switch|p2a: Scovillain|Scovillain, L91, F|266/266\n|-ability|p1a: Eternatus|Pressure\n|turn|1\n|inactive|Battle timer is ON: inactive players will automatically lose when time's up. (requested by lt.nitro)\n|\n|t:|1781452048\n|move|p1a: Eternatus|Sludge Bomb|p2a: Scovillain\n|-supereffective|p2a: Scovillain\n|-crit|p2a: Scovillain\n|-damage|p2a: Scovillain|0 fnt\n|faint|p2a: Scovillain\n|\n|upkeep\n|\n|t:|1781452053\n|switch|p2a: Grumpig|Grumpig, L92, M|297/297\n|turn|2\n|\n|t:|1781452068\n|switch|p1a: Regice|Regice, L88|284/284\n|move|p2a: Grumpig|Nasty Plot|p2a: Grumpig\n|-boost|p2a: Grumpig|spa|2\n|\n|upkeep\n|turn|3\n|\n|t:|1781452079\n|move|p2a: Grumpig|Focus Blast|p1a: Regice\n|-supereffective|p1a: Regice\n|-damage|p1a: Regice|96/284\n|move|p1a: Regice|Thunder Wave|p2a: Grumpig\n|-status|p2a: Grumpig|par\n|\n|upkeep\n|turn|4\n|\n|t:|1781452088\n|move|p1a: Regice|Thunderbolt|p2a: Grumpig\n|-damage|p2a: Grumpig|244/297 par\n|move|p2a: Grumpig|Psychic|p1a: Regice\n|-damage|p1a: Regice|0 fnt\n|faint|p1a: Regice\n|\n|-heal|p2a: Grumpig|262/297 par|[from] item: Leftovers\n|upkeep\n|inactive|sumopardo has 120 seconds left.\n|\n|t:|1781452122\n|switch|p1a: Tsareena|Tsareena, L87, F|267/267\n|turn|5\n|inactive|sumopardo has 120 seconds left.\n|\n|t:|1781452136\n|move|p1a: Tsareena|Power Whip|p2a: Grumpig\n|-damage|p2a: Grumpig|88/297 par\n|move|p2a: Grumpig|Psychic|p1a: Tsareena\n|-damage|p1a: Tsareena|87/267\n|\n|-heal|p2a: Grumpig|106/297 par|[from] item: Leftovers\n|upkeep\n|turn|6\n|\n|t:|1781452145\n|switch|p2a: Iron Moth|Iron Moth, L78|253/253\n|move|p1a: Tsareena|Power Whip|p2a: Iron Moth\n|-resisted|p2a: Iron Moth\n|-damage|p2a: Iron Moth|197/253\n|\n|upkeep\n|turn|7\n|\n|t:|1781452161\n|move|p2a: Iron Moth|Toxic Spikes|p1a: Tsareena\n|-sidestart|p1: sumopardo|move: Toxic Spikes\n|move|p1a: Tsareena|Synthesis|p1a: Tsareena\n|-heal|p1a: Tsareena|220/267\n|\n|upkeep\n|turn|8\n|\n|t:|1781452166\n|move|p2a: Iron Moth|Sludge Wave|p1a: Tsareena\n|-supereffective|p1a: Tsareena\n|-damage|p1a: Tsareena|0 fnt\n|faint|p1a: Tsareena\n|\n|upkeep\n|\n|t:|1781452178\n|switch|p1a: Eternatus|Eternatus, L69|308/308\n|-sideend|p1: sumopardo|move: Toxic Spikes|[of] p1a: Eternatus\n|-ability|p1a: Eternatus|Pressure\n|turn|9\n|\n|t:|1781452186\n|move|p1a: Eternatus|Dynamax Cannon|p2a: Iron Moth\n|-damage|p2a: Iron Moth|104/253\n|move|p2a: Iron Moth|Toxic Spikes|p1a: Eternatus\n|-sidestart|p1: sumopardo|move: Toxic Spikes\n|\n|upkeep\n|turn|10\n|\n|t:|1781452197\n|-end|p2a: Iron Moth|Quark Drive|[silent]\n|switch|p2a: Grumpig|Grumpig, L92, M|106/297 par\n|move|p1a: Eternatus|Dynamax Cannon|p2a: Grumpig\n|-damage|p2a: Grumpig|33/297 par\n|\n|-heal|p2a: Grumpig|51/297 par|[from] item: Leftovers\n|upkeep\n|turn|11\n|\n|t:|1781452204\n|move|p1a: Eternatus|Dynamax Cannon|p2a: Grumpig\n|-damage|p2a: Grumpig|0 fnt\n|faint|p2a: Grumpig\n|\n|upkeep\n|\n|t:|1781452206\n|switch|p2a: Clawitzer|Clawitzer, L87, F|265/265\n|turn|12\n|\n|t:|1781452218\n|switch|p1a: Crabominable|Crabominable, L90, F|321/321\n|-status|p1a: Crabominable|psn\n|move|p2a: Clawitzer|Dragon Pulse|p1a: Crabominable\n|-damage|p1a: Crabominable|231/321 psn\n|\n|-damage|p1a: Crabominable|191/321 psn|[from] psn\n|upkeep\n|turn|13\n|\n|t:|1781452232\n|move|p2a: Clawitzer|Aura Sphere|p1a: Crabominable\n|-supereffective|p1a: Crabominable\n|-damage|p1a: Crabominable|29/321 psn\n|move|p1a: Crabominable|Drain Punch|p2a: Clawitzer\n|-crit|p2a: Clawitzer\n|-damage|p2a: Clawitzer|55/265\n|-heal|p1a: Crabominable|134/321 psn|[from] drain|[of] p2a: Clawitzer\n|\n|-damage|p1a: Crabominable|94/321 psn|[from] psn\n|upkeep\n|turn|14\n|\n|t:|1781452243\n|move|p2a: Clawitzer|Water Pulse|p1a: Crabominable\n|-damage|p1a: Crabominable|10/321 psn\n|move|p1a: Crabominable|Drain Punch|p2a: Clawitzer\n|-damage|p2a: Clawitzer|0 fnt\n|-heal|p1a: Crabominable|38/321 psn|[from] drain|[of] p2a: Clawitzer\n|faint|p2a: Clawitzer\n|\n|-damage|p1a: Crabominable|0 fnt|[from] psn\n|faint|p1a: Crabominable\n|upkeep\n|\n|t:|1781452252\n|switch|p2a: Cyclizar|Cyclizar, L83, M|252/252\n|switch|p1a: Eternatus|Eternatus, L69|308/308\n|-sideend|p1: sumopardo|move: Toxic Spikes|[of] p1a: Eternatus\n|-ability|p1a: Eternatus|Pressure\n|turn|15\n|\n|t:|1781452267\n|-terastallize|p1a: Eternatus|Fire\n|move|p2a: Cyclizar|Shed Tail|p2a: Cyclizar\n|-start|p2a: Cyclizar|Substitute|[from] move: Shed Tail\n|-damage|p2a: Cyclizar|126/252\n|\n|t:|1781452278\n|switch|p2a: Suicune|Suicune, L82|298/298|[from] Shed Tail\n|-ability|p2a: Suicune|Pressure\n|move|p1a: Eternatus|Dynamax Cannon|p2a: Suicune\n|-crit|p2a: Suicune\n|-end|p2a: Suicune|Substitute\n|\n|upkeep\n|turn|16\n|\n|t:|1781452289\n|switch|p1a: Primarina|Primarina, L83, F|268/268\n|move|p2a: Suicune|Calm Mind|p2a: Suicune\n|-boost|p2a: Suicune|spa|1\n|-boost|p2a: Suicune|spd|1\n|\n|upkeep\n|turn|17\n|\n|t:|1781452300\n|move|p2a: Suicune|Scald|p1a: Primarina\n|-resisted|p1a: Primarina\n|-damage|p1a: Primarina|225/268\n|move|p1a: Primarina|Calm Mind|p1a: Primarina\n|-boost|p1a: Primarina|spa|1\n|-boost|p1a: Primarina|spd|1\n|\n|-heal|p1a: Primarina|241/268|[from] item: Leftovers\n|upkeep\n|turn|18\n|\n|t:|1781452311\n|move|p2a: Suicune|Calm Mind|p2a: Suicune\n|-boost|p2a: Suicune|spa|1\n|-boost|p2a: Suicune|spd|1\n|move|p1a: Primarina|Calm Mind|p1a: Primarina\n|-boost|p1a: Primarina|spa|1\n|-boost|p1a: Primarina|spd|1\n|\n|-heal|p1a: Primarina|257/268|[from] item: Leftovers\n|upkeep\n|turn|19\n|\n|t:|1781452322\n|move|p2a: Suicune|Scald|p1a: Primarina\n|-resisted|p1a: Primarina\n|-damage|p1a: Primarina|227/268\n|move|p1a: Primarina|Calm Mind|p1a: Primarina\n|-boost|p1a: Primarina|spa|1\n|-boost|p1a: Primarina|spd|1\n|\n|-heal|p1a: Primarina|243/268|[from] item: Leftovers\n|upkeep\n|turn|20\n|\n|t:|1781452337\n|move|p2a: Suicune|Calm Mind|p2a: Suicune\n|-boost|p2a: Suicune|spa|1\n|-boost|p2a: Suicune|spd|1\n|move|p1a: Primarina|Calm Mind|p1a: Primarina\n|-boost|p1a: Primarina|spa|1\n|-boost|p1a: Primarina|spd|1\n|\n|-heal|p1a: Primarina|259/268|[from] item: Leftovers\n|upkeep\n|turn|21\n|\n|t:|1781452344\n|move|p2a: Suicune|Calm Mind|p2a: Suicune\n|-boost|p2a: Suicune|spa|1\n|-boost|p2a: Suicune|spd|1\n|move|p1a: Primarina|Calm Mind|p1a: Primarina\n|-boost|p1a: Primarina|spa|1\n|-boost|p1a: Primarina|spd|1\n|\n|-heal|p1a: Primarina|268/268|[from] item: Leftovers\n|upkeep\n|turn|22\n|\n|t:|1781452355\n|move|p2a: Suicune|Scald|p1a: Primarina\n|-resisted|p1a: Primarina\n|-damage|p1a: Primarina|241/268\n|move|p1a: Primarina|Calm Mind|p1a: Primarina\n|-boost|p1a: Primarina|spa|1\n|-boost|p1a: Primarina|spd|1\n|\n|-heal|p1a: Primarina|257/268|[from] item: Leftovers\n|upkeep\n|turn|23\n|\n|t:|1781452363\n|move|p2a: Suicune|Calm Mind|p2a: Suicune\n|-boost|p2a: Suicune|spa|1\n|-boost|p2a: Suicune|spd|1\n|move|p1a: Primarina|Moonblast|p2a: Suicune\n|-damage|p2a: Suicune|183/298\n|\n|-heal|p2a: Suicune|201/298|[from] item: Leftovers\n|-heal|p1a: Primarina|268/268|[from] item: Leftovers\n|upkeep\n|turn|24\n|\n|t:|1781452371\n|move|p2a: Suicune|Scald|p1a: Primarina\n|-resisted|p1a: Primarina\n|-damage|p1a: Primarina|241/268\n|move|p1a: Primarina|Moonblast|p2a: Suicune\n|-damage|p2a: Suicune|83/298\n|\n|-heal|p2a: Suicune|101/298|[from] item: Leftovers\n|-heal|p1a: Primarina|257/268|[from] item: Leftovers\n|upkeep\n|turn|25\n|\n|t:|1781452379\n|move|p2a: Suicune|Rest|p2a: Suicune\n|-status|p2a: Suicune|slp|[from] move: Rest\n|-heal|p2a: Suicune|298/298 slp|[silent]\n|move|p1a: Primarina|Moonblast|p2a: Suicune\n|-damage|p2a: Suicune|184/298 slp\n|\n|-heal|p2a: Suicune|202/298 slp|[from] item: Leftovers\n|-heal|p1a: Primarina|268/268|[from] item: Leftovers\n|upkeep\n|turn|26\n|\n|t:|1781452390\n|cant|p2a: Suicune|slp\n|move|p2a: Suicune|Sleep Talk|p2a: Suicune\n|move|p2a: Suicune|Calm Mind|p2a: Suicune|[from] move: Sleep Talk\n|-boost|p2a: Suicune|spa|1\n|-boost|p2a: Suicune|spd|1\n|move|p1a: Primarina|Moonblast|p2a: Suicune\n|-damage|p2a: Suicune|96/298 slp\n|\n|-heal|p2a: Suicune|114/298 slp|[from] item: Leftovers\n|upkeep\n|turn|27\n|\n|t:|1781452400\n|cant|p2a: Suicune|slp\n|move|p2a: Suicune|Sleep Talk|p2a: Suicune\n|move|p2a: Suicune|Scald|p1a: Primarina|[from] move: Sleep Talk\n|-resisted|p1a: Primarina\n|-damage|p1a: Primarina|236/268\n|move|p1a: Primarina|Moonblast|p2a: Suicune\n|-damage|p2a: Suicune|20/298 slp\n|-unboost|p2a: Suicune|spa|1\n|\n|-heal|p2a: Suicune|38/298 slp|[from] item: Leftovers\n|-heal|p1a: Primarina|252/268|[from] item: Leftovers\n|upkeep\n|turn|28\n|\n|t:|1781452413\n|-curestatus|p2a: Suicune|slp|[msg]\n|move|p2a: Suicune|Rest|p2a: Suicune\n|-status|p2a: Suicune|slp|[from] move: Rest\n|-heal|p2a: Suicune|298/298 slp|[silent]\n|move|p1a: Primarina|Draining Kiss|p2a: Suicune\n|-damage|p2a: Suicune|238/298 slp\n|-heal|p1a: Primarina|268/268|[from] drain|[of] p2a: Suicune\n|\n|-heal|p2a: Suicune|256/298 slp|[from] item: Leftovers\n|upkeep\n|turn|29\n|\n|t:|1781452424\n|cant|p2a: Suicune|slp\n|move|p2a: Suicune|Sleep Talk|p2a: Suicune\n|move|p2a: Suicune|Scald|p1a: Primarina|[from] move: Sleep Talk\n|-resisted|p1a: Primarina\n|-damage|p1a: Primarina|243/268\n|move|p1a: Primarina|Moonblast|p2a: Suicune\n|-damage|p2a: Suicune|157/298 slp\n|\n|-heal|p2a: Suicune|175/298 slp|[from] item: Leftovers\n|-heal|p1a: Primarina|259/268|[from] item: Leftovers\n|upkeep\n|turn|30\n|\n|t:|1781452434\n|cant|p2a: Suicune|slp\n|move|p2a: Suicune|Sleep Talk|p2a: Suicune\n|move|p2a: Suicune|Rest||[from] move: Sleep Talk|[still]\n|-fail|p2a: Suicune\n|move|p1a: Primarina|Moonblast|p2a: Suicune\n|-damage|p2a: Suicune|72/298 slp\n|\n|-heal|p2a: Suicune|90/298 slp|[from] item: Leftovers\n|-heal|p1a: Primarina|268/268|[from] item: Leftovers\n|upkeep\n|turn|31\n|\n|t:|1781452442\n|-curestatus|p2a: Suicune|slp|[msg]\n|move|p2a: Suicune|Rest|p2a: Suicune\n|-status|p2a: Suicune|slp|[from] move: Rest\n|-heal|p2a: Suicune|298/298 slp|[silent]\n|move|p1a: Primarina|Moonblast|p2a: Suicune\n|-damage|p2a: Suicune|196/298 slp\n|\n|-heal|p2a: Suicune|214/298 slp|[from] item: Leftovers\n|upkeep\n|turn|32\n|\n|t:|1781452455\n|cant|p2a: Suicune|slp\n|move|p2a: Suicune|Sleep Talk|p2a: Suicune\n|move|p2a: Suicune|Scald|p1a: Primarina|[from] move: Sleep Talk\n|-resisted|p1a: Primarina\n|-damage|p1a: Primarina|241/268\n|move|p1a: Primarina|Moonblast|p2a: Suicune\n|-damage|p2a: Suicune|118/298 slp\n|\n|-heal|p2a: Suicune|136/298 slp|[from] item: Leftovers\n|-heal|p1a: Primarina|257/268|[from] item: Leftovers\n|upkeep\n|turn|33\n|\n|t:|1781452466\n|cant|p2a: Suicune|slp\n|move|p2a: Suicune|Sleep Talk|p2a: Suicune\n|move|p2a: Suicune|Calm Mind|p2a: Suicune|[from] move: Sleep Talk\n|-boost|p2a: Suicune|spa|1\n|-boost|p2a: Suicune|spd|0\n|move|p1a: Primarina|Moonblast|p2a: Suicune\n|-damage|p2a: Suicune|43/298 slp\n|\n|-heal|p2a: Suicune|61/298 slp|[from] item: Leftovers\n|-heal|p1a: Primarina|268/268|[from] item: Leftovers\n|upkeep\n|turn|34\n|\n|t:|1781452480\n|-curestatus|p2a: Suicune|slp|[msg]\n|move|p2a: Suicune|Rest|p2a: Suicune\n|-status|p2a: Suicune|slp|[from] move: Rest\n|-heal|p2a: Suicune|298/298 slp|[silent]\n|move|p1a: Primarina|Moonblast|p2a: Suicune\n|-damage|p2a: Suicune|202/298 slp\n|-unboost|p2a: Suicune|spa|1\n|\n|-heal|p2a: Suicune|220/298 slp|[from] item: Leftovers\n|upkeep\n|turn|35\n|inactive|sumopardo has 120 seconds left.\n|l|\u2606sumopardo\n|inactive|sumopardo disconnected and has a minute to reconnect!\n|player|p1|\n|j|\u2606sumopardo\n|inactive|sumopardo reconnected and has 95 seconds left.\n|player|p1|sumopardo|lance|\n|inactive|sumopardo has 90 seconds left.\n|\n|t:|1781452543\n|cant|p2a: Suicune|slp\n|move|p2a: Suicune|Sleep Talk|p2a: Suicune\n|move|p2a: Suicune|Calm Mind|p2a: Suicune|[from] move: Sleep Talk\n|-boost|p2a: Suicune|spa|1\n|-boost|p2a: Suicune|spd|0\n|move|p1a: Primarina|Psychic Noise|p2a: Suicune\n|-resisted|p2a: Suicune\n|-damage|p2a: Suicune|182/298 slp\n|-start|p2a: Suicune|move: Heal Block\n|\n|upkeep\n|turn|36\n|inactive|sumopardo has 90 seconds left.\n|\n|t:|1781452561\n|cant|p2a: Suicune|slp\n|move|p2a: Suicune|Sleep Talk|p2a: Suicune\n|move|p2a: Suicune|Scald|p1a: Primarina|[from] move: Sleep Talk\n|-resisted|p1a: Primarina\n|-damage|p1a: Primarina|238/268\n|move|p1a: Primarina|Draining Kiss|p2a: Suicune\n|-damage|p2a: Suicune|130/298 slp\n|-heal|p1a: Primarina|268/268|[from] drain|[of] p2a: Suicune\n|\n|-end|p2a: Suicune|move: Heal Block\n|upkeep\n|turn|37\n|inactive|sumopardo has 90 seconds left.\n|\n|t:|1781452574\n|-curestatus|p2a: Suicune|slp|[msg]\n|move|p2a: Suicune|Rest|p2a: Suicune\n|-status|p2a: Suicune|slp|[from] move: Rest\n|-heal|p2a: Suicune|298/298 slp|[silent]\n|move|p1a: Primarina|Psychic Noise|p2a: Suicune\n|-resisted|p2a: Suicune\n|-damage|p2a: Suicune|254/298 slp\n|-start|p2a: Suicune|move: Heal Block\n|\n|upkeep\n|turn|38\n|inactive|sumopardo has 90 seconds left.\n|\n|t:|1781452584\n|cant|p2a: Suicune|slp\n|move|p2a: Suicune|Sleep Talk|p2a: Suicune\n|move|p2a: Suicune|Scald|p1a: Primarina|[from] move: Sleep Talk\n|-resisted|p1a: Primarina\n|-damage|p1a: Primarina|235/268\n|move|p1a: Primarina|Draining Kiss|p2a: Suicune\n|-damage|p2a: Suicune|200/298 slp\n|-heal|p1a: Primarina|268/268|[from] drain|[of] p2a: Suicune\n|\n|-end|p2a: Suicune|move: Heal Block\n|upkeep\n|turn|39\n|inactive|sumopardo has 90 seconds left.\n|\n|t:|1781452598\n|cant|p2a: Suicune|slp\n|move|p2a: Suicune|Sleep Talk|p2a: Suicune\n|move|p2a: Suicune|Scald|p1a: Primarina|[from] move: Sleep Talk\n|-resisted|p1a: Primarina\n|-damage|p1a: Primarina|235/268\n|move|p1a: Primarina|Draining Kiss|p2a: Suicune\n|-damage|p2a: Suicune|146/298 slp\n|-heal|p1a: Primarina|268/268|[from] drain|[of] p2a: Suicune\n|\n|-heal|p2a: Suicune|164/298 slp|[from] item: Leftovers\n|upkeep\n|turn|40\n|inactive|sumopardo has 90 seconds left.\n|\n|t:|1781452615\n|-curestatus|p2a: Suicune|slp|[msg]\n|move|p2a: Suicune|Scald|p1a: Primarina\n|-resisted|p1a: Primarina\n|-damage|p1a: Primarina|235/268\n|move|p1a: Primarina|Draining Kiss|p2a: Suicune\n|-damage|p2a: Suicune|110/298\n|-heal|p1a: Primarina|268/268|[from] drain|[of] p2a: Suicune\n|\n|-heal|p2a: Suicune|128/298|[from] item: Leftovers\n|upkeep\n|turn|41\n|\n|t:|1781452628\n|move|p2a: Suicune|Rest|p2a: Suicune\n|-status|p2a: Suicune|slp|[from] move: Rest\n|-heal|p2a: Suicune|298/298 slp|[silent]\n|move|p1a: Primarina|Psychic Noise|p2a: Suicune\n|-resisted|p2a: Suicune\n|-damage|p2a: Suicune|254/298 slp\n|-start|p2a: Suicune|move: Heal Block\n|\n|upkeep\n|turn|42\n|\n|t:|1781452637\n|cant|p2a: Suicune|slp\n|move|p2a: Suicune|Sleep Talk|p2a: Suicune\n|move|p2a: Suicune|Scald|p1a: Primarina|[from] move: Sleep Talk\n|-resisted|p1a: Primarina\n|-damage|p1a: Primarina|235/268\n|move|p1a: Primarina|Draining Kiss|p2a: Suicune\n|-damage|p2a: Suicune|199/298 slp\n|-heal|p1a: Primarina|268/268|[from] drain|[of] p2a: Suicune\n|\n|-end|p2a: Suicune|move: Heal Block\n|upkeep\n|turn|43\n|\n|t:|1781452652\n|cant|p2a: Suicune|slp\n|move|p2a: Suicune|Sleep Talk|p2a: Suicune\n|move|p2a: Suicune|Rest||[from] move: Sleep Talk|[still]\n|-fail|p2a: Suicune\n|move|p1a: Primarina|Psychic Noise|p2a: Suicune\n|-resisted|p2a: Suicune\n|-damage|p2a: Suicune|157/298 slp\n|-start|p2a: Suicune|move: Heal Block\n|\n|upkeep\n|turn|44\n|\n|t:|1781452661\n|-curestatus|p2a: Suicune|slp|[msg]\n|move|p2a: Suicune|Scald|p1a: Primarina\n|-resisted|p1a: Primarina\n|-damage|p1a: Primarina|235/268\n|-status|p1a: Primarina|brn\n|move|p1a: Primarina|Draining Kiss|p2a: Suicune\n|-damage|p2a: Suicune|97/298\n|-heal|p1a: Primarina|268/268 brn|[from] drain|[of] p2a: Suicune\n|\n|-damage|p1a: Primarina|252/268 brn|[from] brn\n|-end|p2a: Suicune|move: Heal Block\n|upkeep\n|turn|45\n|\n|t:|1781452679\n|move|p2a: Suicune|Rest|p2a: Suicune\n|-status|p2a: Suicune|slp|[from] move: Rest\n|-heal|p2a: Suicune|298/298 slp|[silent]\n|move|p1a: Primarina|Psychic Noise|p2a: Suicune\n|-resisted|p2a: Suicune\n|-damage|p2a: Suicune|256/298 slp\n|-start|p2a: Suicune|move: Heal Block\n|\n|-heal|p1a: Primarina|268/268 brn|[from] item: Leftovers\n|-damage|p1a: Primarina|252/268 brn|[from] brn\n|upkeep\n|turn|46\n|\n|t:|1781452691\n|cant|p2a: Suicune|slp\n|move|p2a: Suicune|Sleep Talk|p2a: Suicune\n|move|p2a: Suicune|Calm Mind|p2a: Suicune|[from] move: Sleep Talk\n|-boost|p2a: Suicune|spa|0\n|-boost|p2a: Suicune|spd|0\n|move|p1a: Primarina|Psychic Noise|p2a: Suicune\n|-resisted|p2a: Suicune\n|-damage|p2a: Suicune|214/298 slp\n|\n|-heal|p1a: Primarina|268/268 brn|[from] item: Leftovers\n|-damage|p1a: Primarina|252/268 brn|[from] brn\n|-end|p2a: Suicune|move: Heal Block\n|upkeep\n|turn|47\n|\n|t:|1781452706\n|cant|p2a: Suicune|slp\n|move|p2a: Suicune|Sleep Talk|p2a: Suicune\n|move|p2a: Suicune|Scald|p1a: Primarina|[from] move: Sleep Talk\n|-resisted|p1a: Primarina\n|-damage|p1a: Primarina|219/268 brn\n|move|p1a: Primarina|Psychic Noise|p2a: Suicune\n|-resisted|p2a: Suicune\n|-damage|p2a: Suicune|174/298 slp\n|-start|p2a: Suicune|move: Heal Block\n|\n|-heal|p1a: Primarina|235/268 brn|[from] item: Leftovers\n|-damage|p1a: Primarina|219/268 brn|[from] brn\n|upkeep\n|turn|48\n|inactive|sumopardo has 90 seconds left.\n|\n|t:|1781452729\n|-curestatus|p2a: Suicune|slp|[msg]\n|move|p2a: Suicune|Scald|p1a: Primarina\n|-resisted|p1a: Primarina\n|-damage|p1a: Primarina|186/268 brn\n|move|p1a: Primarina|Calm Mind|p1a: Primarina\n|-boost|p1a: Primarina|spa|0\n|-boost|p1a: Primarina|spd|0\n|\n|-heal|p1a: Primarina|202/268 brn|[from] item: Leftovers\n|-damage|p1a: Primarina|186/268 brn|[from] brn\n|-end|p2a: Suicune|move: Heal Block\n|upkeep\n|turn|49\n|inactive|sumopardo has 90 seconds left.\n|\n|t:|1781452743\n|move|p2a: Suicune|Scald|p1a: Primarina\n|-resisted|p1a: Primarina\n|-damage|p1a: Primarina|153/268 brn\n|move|p1a: Primarina|Draining Kiss|p2a: Suicune\n|-damage|p2a: Suicune|116/298\n|-heal|p1a: Primarina|197/268 brn|[from] drain|[of] p2a: Suicune\n|\n|-heal|p2a: Suicune|134/298|[from] item: Leftovers\n|-heal|p1a: Primarina|213/268 brn|[from] item: Leftovers\n|-damage|p1a: Primarina|197/268 brn|[from] brn\n|upkeep\n|turn|50\n|inactive|sumopardo has 90 seconds left.\n|\n|t:|1781452756\n|move|p2a: Suicune|Rest|p2a: Suicune\n|-status|p2a: Suicune|slp|[from] move: Rest\n|-heal|p2a: Suicune|298/298 slp|[silent]\n|move|p1a: Primarina|Psychic Noise|p2a: Suicune\n|-resisted|p2a: Suicune\n|-damage|p2a: Suicune|256/298 slp\n|-start|p2a: Suicune|move: Heal Block\n|\n|-heal|p1a: Primarina|213/268 brn|[from] item: Leftovers\n|-damage|p1a: Primarina|197/268 brn|[from] brn\n|upkeep\n|turn|51\n|inactive|sumopardo has 90 seconds left.\n|c|\u2606sumopardo|gg you win\n|\n|t:|1781452781\n|cant|p2a: Suicune|slp\n|move|p2a: Suicune|Sleep Talk|p2a: Suicune\n|move|p2a: Suicune|Calm Mind|p2a: Suicune|[from] move: Sleep Talk\n|-boost|p2a: Suicune|spa|0\n|-boost|p2a: Suicune|spd|0\n|move|p1a: Primarina|Moonblast|p2a: Suicune\n|-damage|p2a: Suicune|159/298 slp\n|\n|-heal|p1a: Primarina|213/268 brn|[from] item: Leftovers\n|-damage|p1a: Primarina|197/268 brn|[from] brn\n|-end|p2a: Suicune|move: Heal Block\n|upkeep\n|turn|52\n|c|\u2606lt.nitro|g\n|c|\u2606lt.nitro|gg\n|c|\u2606lt.nitro|you had me, i was scared\n|-message|sumopardo forfeited.\n|\n|win|lt.nitro\n|raw|sumopardo's rating: 1551 &rarr; <strong>1531</strong><br />(-20 for losing)\n|raw|lt.nitro's rating: 1555 &rarr; <strong>1575</strong><br />(+20 for winning)\n|l|\u2606sumopardo\n|player|p1|\n", "inputlog": ">version a8376a258c1d4662feba110a92103f3664a72141\n>start {\"formatid\":\"gen9randombattle\",\"seed\":\"sodium,625b53c26a2f9dd3ef3f93a1d49ae938\",\"rated\":\"Rated battle\"}\n>player p1 {\"name\":\"sumopardo\",\"avatar\":\"lance\",\"rating\":1551,\"seed\":\"sodium,3f1222b2e1500caf7a80bb061836a35b\"}\n>player p2 {\"name\":\"lt.nitro\",\"avatar\":\"ltsurge\",\"rating\":1555,\"seed\":\"sodium,855c46acd1dc53b779ef6374e9284352\"}\n>p1 move sludgebomb\n>p2 move leechseed\n>p2 switch 2\n>p1 switch 6\n>p2 move nastyplot\n>p1 move thunderwave\n>p2 move focusblast\n>p1 move thunderbolt\n>p2 move psychic\n>p1 switch 2\n>p1 move powerwhip\n>p2 move psychic\n>p1 move powerwhip\n>p2 switch 5\n>p1 move synthesis\n>p2 move toxicspikes\n>p1 move rapidspin\n>p2 move sludgewave\n>p1 switch 6\n>p1 move dynamaxcannon\n>p2 move toxicspikes\n>p1 move dynamaxcannon\n>p2 switch 5\n>p1 move dynamaxcannon\n>p2 move psychic\n>p2 switch 3\n>p1 switch 5\n>p2 move dragonpulse\n>p1 move drainpunch\n>p2 move aurasphere\n>p1 move drainpunch\n>p2 move waterpulse\n>p1 switch 5\n>p2 switch 6\n>p1 move dynamaxcannon terastallize\n>p2 move shedtail\n>p2 switch 4\n>p1 switch 4\n>p2 move calmmind\n>p1 move calmmind\n>p2 move scald\n>p1 move calmmind\n>p2 move calmmind\n>p1 move calmmind\n>p2 move scald\n>p1 move calmmind\n>p2 move calmmind\n>p1 move calmmind\n>p2 move calmmind\n>p1 move calmmind\n>p2 move scald\n>p1 move moonblast\n>p2 move calmmind\n>p1 move moonblast\n>p2 move scald\n>p1 move moonblast\n>p2 move rest\n>p1 move moonblast\n>p2 move sleeptalk\n>p1 move moonblast\n>p2 move sleeptalk\n>p1 move drainingkiss\n>p2 move rest\n>p1 move moonblast\n>p2 move sleeptalk\n>p1 move moonblast\n>p2 move sleeptalk\n>p1 move moonblast\n>p2 move rest\n>p1 move moonblast\n>p2 move sleeptalk\n>p1 move moonblast\n>p2 move sleeptalk\n>p1 move moonblast\n>p2 move rest\n>p1 move psychicnoise\n>p2 move sleeptalk\n>p1 move drainingkiss\n>p2 move sleeptalk\n>p1 move psychicnoise\n>p2 move rest\n>p1 move drainingkiss\n>p2 move sleeptalk\n>p1 move drainingkiss\n>p2 move sleeptalk\n>p1 move drainingkiss\n>p2 move scald\n>p1 move psychicnoise\n>p2 move rest\n>p1 move drainingkiss\n>p2 move sleeptalk\n>p1 move psychicnoise\n>p2 move sleeptalk\n>p1 move drainingkiss\n>p2 move scald\n>p1 move psychicnoise\n>p2 move rest\n>p1 move psychicnoise\n>p2 move sleeptalk\n>p1 move psychicnoise\n>p2 move sleeptalk\n>p1 move calmmind\n>p2 move scald\n>p1 move drainingkiss\n>p2 move scald\n>p1 move psychicnoise\n>p2 move rest\n>chat \u2606sumopardo|gg you win\n>p1 move moonblast\n>p2 move sleeptalk\n>chat \u2606lt.nitro|g\n>chat \u2606lt.nitro|gg\n>chat \u2606lt.nitro|you had me, i was scared\n>forcelose p1", "uploadtime": 1781452808, "views": 4, "formatid": "gen9randombattle", "rating": 1531, "private": 0, "password": null}