{"id": "gen9randombattle-2631987306", "format": "[Gen 9] Random Battle", "players": ["Zabalilla", "forgetful ape"], "log": "|j|\u2606Zabalilla\n|j|\u2606forgetful ape\n|t:|1781463080\n|gametype|singles\n|player|p1|Zabalilla|101|1952\n|player|p2|forgetful ape|clown|1995\n|gen|9\n|tier|[Gen 9] Random Battle\n|rated|\n|rule|Species Clause: Limit one of each Pok\u00e9mon\n|rule|HP Percentage Mod: HP is shown in percentages\n|rule|Sleep Clause Mod: Limit one foe put to sleep\n|rule|Illusion Level Mod: Illusion disguises the Pok\u00e9mon's true level\n|\n|t:|1781463080\n|teamsize|p1|6\n|teamsize|p2|6\n|start\n|switch|p1a: Conkeldurr|Conkeldurr, L80, M|299/299\n|switch|p2a: Oranguru|Oranguru, L92, M|315/315\n|turn|1\n|inactive|Battle timer is ON: inactive players will automatically lose when time's up. (requested by Zabalilla)\n|\n|t:|1781463095\n|move|p2a: Oranguru|Psychic|p1a: Conkeldurr\n|-supereffective|p1a: Conkeldurr\n|-damage|p1a: Conkeldurr|11/299\n|move|p1a: Conkeldurr|Knock Off|p2a: Oranguru\n|-supereffective|p2a: Oranguru\n|-damage|p2a: Oranguru|151/315\n|-enditem|p2a: Oranguru|Leftovers|[from] move: Knock Off|[of] p1a: Conkeldurr\n|\n|-status|p1a: Conkeldurr|brn|[from] item: Flame Orb\n|upkeep\n|turn|2\n|\n|t:|1781463103\n|move|p1a: Conkeldurr|Mach Punch|p2a: Oranguru\n|-damage|p2a: Oranguru|72/315\n|move|p2a: Oranguru|Psychic|p1a: Conkeldurr\n|-supereffective|p1a: Conkeldurr\n|-damage|p1a: Conkeldurr|0 fnt\n|faint|p1a: Conkeldurr\n|\n|upkeep\n|\n|t:|1781463108\n|switch|p1a: Chi-Yu|Chi-Yu, L77|211/211\n|-ability|p1a: Chi-Yu|Beads of Ruin\n|turn|3\n|\n|t:|1781463110\n|move|p1a: Chi-Yu|Nasty Plot|p1a: Chi-Yu\n|-boost|p1a: Chi-Yu|spa|2\n|move|p2a: Oranguru|Focus Blast|p1a: Chi-Yu\n|-supereffective|p1a: Chi-Yu\n|-damage|p1a: Chi-Yu|37/211\n|-unboost|p1a: Chi-Yu|spd|1\n|\n|upkeep\n|turn|4\n|\n|t:|1781463113\n|move|p1a: Chi-Yu|Dark Pulse|p2a: Oranguru\n|-supereffective|p2a: Oranguru\n|-damage|p2a: Oranguru|0 fnt\n|faint|p2a: Oranguru\n|\n|upkeep\n|\n|t:|1781463120\n|switch|p2a: Mamoswine|Mamoswine, L81, M|311/311\n|turn|5\n|\n|t:|1781463125\n|move|p2a: Mamoswine|Ice Shard|p1a: Chi-Yu\n|-resisted|p1a: Chi-Yu\n|-damage|p1a: Chi-Yu|0 fnt\n|faint|p1a: Chi-Yu\n|\n|upkeep\n|\n|t:|1781463130\n|switch|p1a: Crabominable|Crabominable, L90, M|321/321\n|turn|6\n|\n|t:|1781463133\n|switch|p2a: Volcanion|Volcanion, L79|256/256\n|move|p1a: Crabominable|Ice Hammer|p2a: Volcanion\n|-resisted|p2a: Volcanion\n|-damage|p2a: Volcanion|197/256\n|-unboost|p1a: Crabominable|spe|1\n|\n|upkeep\n|turn|7\n|\n|t:|1781463139\n|switch|p1a: Eelektross|Eelektross, L87, F|290/290\n|move|p2a: Volcanion|Flamethrower|p1a: Eelektross\n|-damage|p1a: Eelektross|217/290\n|\n|upkeep\n|turn|8\n|\n|t:|1781463143\n|move|p2a: Volcanion|Steam Eruption|p1a: Eelektross\n|-damage|p1a: Eelektross|130/290\n|move|p1a: Eelektross|Knock Off|p2a: Volcanion\n|-damage|p2a: Volcanion|125/256\n|-enditem|p2a: Volcanion|Heavy-Duty Boots|[from] move: Knock Off|[of] p1a: Eelektross\n|\n|upkeep\n|turn|9\n|\n|t:|1781463147\n|switch|p2a: Mamoswine|Mamoswine, L81, M|311/311\n|move|p1a: Eelektross|Discharge|p2a: Mamoswine\n|-immune|p2a: Mamoswine\n|\n|upkeep\n|turn|10\n|\n|t:|1781463149\n|move|p2a: Mamoswine|Icicle Crash|p1a: Eelektross\n|-damage|p1a: Eelektross|0 fnt\n|faint|p1a: Eelektross\n|\n|upkeep\n|\n|t:|1781463151\n|switch|p1a: Crabominable|Crabominable, L90, M|321/321\n|turn|11\n|\n|t:|1781463157\n|switch|p2a: Exeggutor|Exeggutor-Alola, L89, F|314/314\n|move|p1a: Crabominable|Drain Punch|p2a: Exeggutor\n|-damage|p2a: Exeggutor|124/314\n|-enditem|p2a: Exeggutor|Sitrus Berry|[eat]\n|-heal|p2a: Exeggutor|202/314|[from] item: Sitrus Berry\n|\n|upkeep\n|turn|12\n|\n|t:|1781463163\n|switch|p1a: Masquerain|Masquerain, L87, M|264/264\n|-ability|p1a: Masquerain|Intimidate|boost\n|-unboost|p2a: Exeggutor|atk|1\n|move|p2a: Exeggutor|Flamethrower|p1a: Masquerain\n|-supereffective|p1a: Masquerain\n|-damage|p1a: Masquerain|74/264\n|\n|-item|p2a: Exeggutor|Sitrus Berry|[from] ability: Harvest\n|upkeep\n|turn|13\n|\n|t:|1781463169\n|move|p1a: Masquerain|Hurricane|p2a: Exeggutor\n|-supereffective|p2a: Exeggutor\n|-damage|p2a: Exeggutor|0 fnt\n|faint|p2a: Exeggutor\n|\n|upkeep\n|\n|t:|1781463172\n|switch|p2a: Mamoswine|Mamoswine, L81, M|311/311\n|turn|14\n|\n|t:|1781463174\n|switch|p1a: Sudowoodo|Sudowoodo, L94, F|284/284\n|move|p2a: Mamoswine|Ice Shard|p1a: Sudowoodo\n|-damage|p1a: Sudowoodo|232/284\n|\n|-heal|p1a: Sudowoodo|249/284|[from] item: Leftovers\n|upkeep\n|turn|15\n|\n|t:|1781463182\n|switch|p2a: Bellossom|Bellossom, L84, F|263/263\n|move|p1a: Sudowoodo|Stealth Rock|p2a: Bellossom\n|-sidestart|p2: forgetful ape|move: Stealth Rock\n|\n|-heal|p1a: Sudowoodo|266/284|[from] item: Leftovers\n|upkeep\n|turn|16\n|\n|t:|1781463187\n|switch|p1a: Crabominable|Crabominable, L90, M|321/321\n|move|p2a: Bellossom|Quiver Dance|p2a: Bellossom\n|-boost|p2a: Bellossom|spa|1\n|-boost|p2a: Bellossom|spd|1\n|-boost|p2a: Bellossom|spe|1\n|\n|upkeep\n|turn|17\n|\n|t:|1781463203\n|move|p2a: Bellossom|Tera Blast|p1a: Crabominable\n|-damage|p1a: Crabominable|228/321\n|move|p1a: Crabominable|Ice Hammer|p2a: Bellossom\n|-supereffective|p2a: Bellossom\n|-damage|p2a: Bellossom|0 fnt\n|-unboost|p1a: Crabominable|spe|1\n|faint|p2a: Bellossom\n|\n|upkeep\n|\n|t:|1781463208\n|switch|p2a: Volcanion|Volcanion, L79|125/256\n|-damage|p2a: Volcanion|61/256|[from] Stealth Rock\n|turn|18\n|\n|t:|1781463215\n|switch|p1a: Sudowoodo|Sudowoodo, L94, F|266/284\n|move|p2a: Volcanion|Flamethrower|p1a: Sudowoodo\n|-resisted|p1a: Sudowoodo\n|-damage|p1a: Sudowoodo|207/284\n|\n|-heal|p1a: Sudowoodo|224/284|[from] item: Leftovers\n|upkeep\n|turn|19\n|\n|t:|1781463219\n|move|p2a: Volcanion|Steam Eruption|p1a: Sudowoodo\n|-supereffective|p1a: Sudowoodo\n|-damage|p1a: Sudowoodo|0 fnt\n|faint|p1a: Sudowoodo\n|\n|upkeep\n|\n|t:|1781463221\n|switch|p1a: Masquerain|Masquerain, L87, M|74/264\n|-ability|p1a: Masquerain|Intimidate|boost\n|-unboost|p2a: Volcanion|atk|1\n|turn|20\n|\n|t:|1781463226\n|move|p1a: Masquerain|Hurricane|p2a: Volcanion|[miss]\n|-miss|p1a: Masquerain|p2a: Volcanion\n|move|p2a: Volcanion|Flamethrower|p1a: Masquerain\n|-supereffective|p1a: Masquerain\n|-damage|p1a: Masquerain|0 fnt\n|faint|p1a: Masquerain\n|\n|upkeep\n|\n|t:|1781463228\n|switch|p1a: Crabominable|Crabominable, L90, M|228/321\n|turn|21\n|\n|t:|1781463230\n|-terastallize|p1a: Crabominable|Fighting\n|move|p2a: Volcanion|Flamethrower|p1a: Crabominable\n|-damage|p1a: Crabominable|111/321\n|move|p1a: Crabominable|Drain Punch|p2a: Volcanion\n|-damage|p2a: Volcanion|0 fnt\n|-heal|p1a: Crabominable|142/321|[from] drain|[of] p2a: Volcanion\n|faint|p2a: Volcanion\n|\n|upkeep\n|\n|t:|1781463233\n|switch|p2a: Mamoswine|Mamoswine, L81, M|311/311\n|-damage|p2a: Mamoswine|273/311|[from] Stealth Rock\n|turn|22\n|\n|t:|1781463235\n|-terastallize|p2a: Mamoswine|Ground\n|move|p2a: Mamoswine|Earthquake|p1a: Crabominable\n|-damage|p1a: Crabominable|0 fnt\n|faint|p1a: Crabominable\n|\n|win|forgetful ape\n", "inputlog": ">version a8376a258c1d4662feba110a92103f3664a72141\n>start {\"formatid\":\"gen9randombattle\",\"seed\":\"sodium,4639aae192260e10a9a7ee0797f8cd06\",\"rated\":\"Rated battle\"}\n>player p1 {\"name\":\"Zabalilla\",\"avatar\":\"101\",\"rating\":1952,\"seed\":\"sodium,78c577dea9b146b23ede11867b43f152\"}\n>player p2 {\"name\":\"forgetful ape\",\"avatar\":\"clown\",\"rating\":1995,\"seed\":\"sodium,a0bf80b3c67a2dfd9fd07217accd7f6f\"}\n>p1 move knockoff\n>p2 move psychic\n>p1 move machpunch\n>p2 move psychic\n>p1 switch 3\n>p1 move nastyplot\n>p2 move focusblast\n>p1 move darkpulse\n>p2 move thunderbolt\n>p2 switch 5\n>p1 move fireblast\n>p2 move iceshard\n>p1 switch 4\n>p1 move icehammer\n>p2 switch 6\n>p1 switch 6\n>p2 move flamethrower\n>p1 move knockoff\n>p2 move steameruption\n>p1 move discharge\n>p2 switch 6\n>p1 move closecombat\n>p2 move iciclecrash\n>p1 switch 6\n>p1 move drainpunch\n>p2 switch 3\n>p1 switch 2\n>p2 move flamethrower\n>p1 move hurricane\n>p2 move flamethrower\n>p2 switch 3\n>p1 switch 5\n>p2 move iceshard\n>p1 move stealthrock\n>p2 switch 2\n>p1 switch 2\n>p2 move quiverdance\n>p1 move icehammer\n>p2 move terablast\n>p2 switch 6\n>p1 switch 2\n>p2 move flamethrower\n>p1 move earthquake\n>p2 move steameruption\n>p1 switch 5\n>p1 move hurricane\n>p2 move flamethrower\n>p1 switch 2\n>p1 move drainpunch terastallize\n>p2 move flamethrower\n>p2 switch 2\n>p1 move drainpunch\n>p2 move earthquake terastallize", "uploadtime": 1781463082, "views": 6, "formatid": "gen9randombattle", "rating": null, "private": 0, "password": null}