{"id": "gen9randombattle-2631817945", "format": "[Gen 9] Random Battle", "players": ["Cat_goblin", "WizardSpices"], "log": "|j|\u2606Cat_goblin\n|j|\u2606WizardSpices\n|t:|1781443997\n|gametype|singles\n|player|p1|Cat_goblin|2|1671\n|player|p2|WizardSpices|brycenman|1676\n|gen|9\n|tier|[Gen 9] Random Battle\n|rated|\n|rule|Species Clause: Limit one of each Pok\u00e9mon\n|rule|HP Percentage Mod: HP is shown in percentages\n|rule|Sleep Clause Mod: Limit one foe put to sleep\n|rule|Illusion Level Mod: Illusion disguises the Pok\u00e9mon's true level\n|\n|t:|1781443997\n|teamsize|p1|6\n|teamsize|p2|6\n|start\n|switch|p1a: Farigiraf|Farigiraf, L90, F|362/362\n|switch|p2a: Bellossom|Bellossom, L84, F|263/263\n|turn|1\n|inactive|Battle timer is ON: inactive players will automatically lose when time's up. (requested by Cat_goblin)\n|\n|t:|1781444017\n|switch|p2a: Lokix|Lokix, L82, M|251/251\n|move|p1a: Farigiraf|Body Slam|p2a: Lokix\n|-damage|p2a: Lokix|137/251\n|-status|p2a: Lokix|par\n|\n|upkeep\n|turn|2\n|\n|t:|1781444032\n|move|p1a: Farigiraf|Protect|p1a: Farigiraf\n|-singleturn|p1a: Farigiraf|Protect\n|move|p2a: Lokix|U-turn|p1a: Farigiraf\n|-activate|p1a: Farigiraf|move: Protect\n|\n|upkeep\n|turn|3\n|\n|t:|1781444039\n|switch|p1a: Orthworm|Orthworm, L88, F|266/266\n|move|p2a: Lokix|Knock Off|p1a: Orthworm\n|-damage|p1a: Orthworm|202/266\n|-enditem|p1a: Orthworm|Leftovers|[from] move: Knock Off|[of] p2a: Lokix\n|\n|upkeep\n|turn|4\n|\n|t:|1781444058\n|move|p1a: Orthworm|Stealth Rock|p2a: Lokix\n|-sidestart|p2: WizardSpices|move: Stealth Rock\n|cant|p2a: Lokix|par\n|\n|upkeep\n|turn|5\n|\n|t:|1781444064\n|switch|p2a: Suicune|Suicune, L82|298/298\n|-damage|p2a: Suicune|261/298|[from] Stealth Rock\n|-ability|p2a: Suicune|Pressure\n|move|p1a: Orthworm|Heavy Slam|p2a: Suicune\n|-resisted|p2a: Suicune\n|-damage|p2a: Suicune|244/298\n|\n|-heal|p2a: Suicune|262/298|[from] item: Leftovers\n|upkeep\n|turn|6\n|\n|t:|1781444068\n|move|p2a: Suicune|Scald|p1a: Orthworm\n|-damage|p1a: Orthworm|106/266\n|move|p1a: Orthworm|Shed Tail|p1a: Orthworm\n|-fail|p1a: Orthworm|move: Shed Tail|[weak]\n|\n|-heal|p2a: Suicune|280/298|[from] item: Leftovers\n|upkeep\n|turn|7\n|\n|t:|1781444074\n|switch|p1a: Farigiraf|Farigiraf, L90, F|362/362\n|move|p2a: Suicune|Calm Mind|p2a: Suicune\n|-boost|p2a: Suicune|spa|1\n|-boost|p2a: Suicune|spd|1\n|\n|-heal|p2a: Suicune|298/298|[from] item: Leftovers\n|upkeep\n|turn|8\n|\n|t:|1781444080\n|move|p2a: Suicune|Scald|p1a: Farigiraf\n|-damage|p1a: Farigiraf|235/362\n|move|p1a: Farigiraf|Body Slam|p2a: Suicune\n|-damage|p2a: Suicune|220/298\n|\n|-heal|p2a: Suicune|238/298|[from] item: Leftovers\n|-heal|p1a: Farigiraf|257/362|[from] item: Leftovers\n|upkeep\n|turn|9\n|\n|t:|1781444083\n|move|p2a: Suicune|Scald|p1a: Farigiraf\n|-damage|p1a: Farigiraf|139/362\n|move|p1a: Farigiraf|Body Slam|p2a: Suicune\n|-damage|p2a: Suicune|157/298\n|\n|-heal|p2a: Suicune|175/298|[from] item: Leftovers\n|-heal|p1a: Farigiraf|161/362|[from] item: Leftovers\n|upkeep\n|turn|10\n|\n|t:|1781444086\n|move|p2a: Suicune|Calm Mind|p2a: Suicune\n|-boost|p2a: Suicune|spa|1\n|-boost|p2a: Suicune|spd|1\n|move|p1a: Farigiraf|Body Slam|p2a: Suicune\n|-damage|p2a: Suicune|94/298\n|\n|-heal|p2a: Suicune|112/298|[from] item: Leftovers\n|-heal|p1a: Farigiraf|183/362|[from] item: Leftovers\n|upkeep\n|turn|11\n|\n|t:|1781444088\n|move|p2a: Suicune|Scald|p1a: Farigiraf\n|-crit|p1a: Farigiraf\n|-damage|p1a: Farigiraf|0 fnt\n|faint|p1a: Farigiraf\n|\n|-heal|p2a: Suicune|130/298|[from] item: Leftovers\n|upkeep\n|\n|t:|1781444100\n|switch|p1a: Spidops|Spidops, L96, M|271/271\n|turn|12\n|\n|t:|1781444102\n|move|p2a: Suicune|Rest|p2a: Suicune\n|-status|p2a: Suicune|slp|[from] move: Rest\n|-heal|p2a: Suicune|298/298 slp|[silent]\n|move|p1a: Spidops|Circle Throw|p2a: Suicune\n|-damage|p2a: Suicune|258/298 slp\n|drag|p2a: Kingambit|Kingambit, L74, M|270/270\n|-damage|p2a: Kingambit|254/270|[from] Stealth Rock\n|\n|-heal|p2a: Kingambit|270/270|[from] item: Leftovers\n|upkeep\n|turn|13\n|\n|t:|1781444115\n|-end|p2a: Kingambit|fallenundefined|[silent]\n|switch|p2a: Lokix|Lokix, L82, M|137/251 par\n|-damage|p2a: Lokix|75/251 par|[from] Stealth Rock\n|move|p1a: Spidops|Circle Throw|p2a: Lokix\n|-damage|p2a: Lokix|0 fnt\n|faint|p2a: Lokix\n|\n|upkeep\n|\n|t:|1781444117\n|switch|p2a: Tatsugiri|Tatsugiri, L87, M|260/260\n|turn|14\n|\n|t:|1781444121\n|switch|p1a: Giratina|Giratina, L75|349/349\n|-ability|p1a: Giratina|Pressure\n|move|p2a: Tatsugiri|Rapid Spin|p1a: Giratina\n|-immune|p1a: Giratina\n|\n|upkeep\n|turn|15\n|\n|t:|1781444127\n|switch|p2a: Suicune|Suicune, L82|258/298 slp\n|-damage|p2a: Suicune|221/298 slp|[from] Stealth Rock\n|-ability|p2a: Suicune|Pressure\n|-terastallize|p1a: Giratina|Fairy\n|move|p1a: Giratina|Dragon Tail|p2a: Suicune\n|-damage|p2a: Suicune|175/298 slp\n|drag|p2a: Bellossom|Bellossom, L84, F|263/263\n|-damage|p2a: Bellossom|231/263|[from] Stealth Rock\n|\n|-heal|p2a: Bellossom|247/263|[from] item: Leftovers\n|upkeep\n|turn|16\n|\n|t:|1781444134\n|switch|p1a: Spidops|Spidops, L96, M|271/271\n|move|p2a: Bellossom|Sludge Bomb|p1a: Spidops\n|-damage|p1a: Spidops|217/271\n|\n|-heal|p2a: Bellossom|263/263|[from] item: Leftovers\n|upkeep\n|turn|17\n|\n|t:|1781444161\n|move|p2a: Bellossom|Strength Sap|p1a: Spidops\n|-unboost|p1a: Spidops|atk|1\n|move|p1a: Spidops|U-turn|p2a: Bellossom\n|-supereffective|p2a: Bellossom\n|-damage|p2a: Bellossom|155/263\n|\n|t:|1781444168\n|switch|p1a: Pelipper|Pelipper, L86, M|243/243|[from] U-turn\n|-weather|RainDance|[from] ability: Drizzle|[of] p1a: Pelipper\n|\n|-weather|RainDance|[upkeep]\n|-heal|p2a: Bellossom|171/263|[from] item: Leftovers\n|upkeep\n|turn|18\n|\n|t:|1781444177\n|switch|p2a: Kingambit|Kingambit, L74, M|270/270\n|-damage|p2a: Kingambit|254/270|[from] Stealth Rock\n|-activate|p2a: Kingambit|ability: Supreme Overlord\n|-start|p2a: Kingambit|fallen1|[silent]\n|move|p1a: Pelipper|Hurricane|p2a: Kingambit\n|-resisted|p2a: Kingambit\n|-damage|p2a: Kingambit|147/270\n|-start|p2a: Kingambit|confusion\n|\n|-weather|RainDance|[upkeep]\n|-heal|p2a: Kingambit|163/270|[from] item: Leftovers\n|upkeep\n|turn|19\n|\n|t:|1781444185\n|switch|p1a: Spidops|Spidops, L96, M|217/271\n|-activate|p2a: Kingambit|confusion\n|move|p2a: Kingambit|Kowtow Cleave|p1a: Spidops\n|-damage|p1a: Spidops|136/271\n|\n|-weather|RainDance|[upkeep]\n|-heal|p2a: Kingambit|179/270|[from] item: Leftovers\n|upkeep\n|turn|20\n|\n|t:|1781444191\n|-end|p2a: Kingambit|fallen1|[silent]\n|switch|p2a: Suicune|Suicune, L82|175/298 slp\n|-damage|p2a: Suicune|138/298 slp|[from] Stealth Rock\n|-ability|p2a: Suicune|Pressure\n|move|p1a: Spidops|Circle Throw|p2a: Suicune\n|-damage|p2a: Suicune|53/298 slp\n|drag|p2a: Bellossom|Bellossom, L84, F|171/263\n|-damage|p2a: Bellossom|139/263|[from] Stealth Rock\n|\n|-weather|RainDance|[upkeep]\n|-heal|p2a: Bellossom|155/263|[from] item: Leftovers\n|upkeep\n|turn|21\n|\n|t:|1781444196\n|move|p2a: Bellossom|Strength Sap|p1a: Spidops\n|-unboost|p1a: Spidops|atk|1\n|-heal|p2a: Bellossom|263/263\n|move|p1a: Spidops|Knock Off|p2a: Bellossom\n|-damage|p2a: Bellossom|211/263\n|-enditem|p2a: Bellossom|Leftovers|[from] move: Knock Off|[of] p1a: Spidops\n|\n|-weather|none\n|upkeep\n|turn|22\n|\n|t:|1781444205\n|move|p2a: Bellossom|Sludge Bomb|p1a: Spidops\n|-damage|p1a: Spidops|87/271\n|move|p1a: Spidops|U-turn|p2a: Bellossom\n|-supereffective|p2a: Bellossom\n|-damage|p2a: Bellossom|101/263\n|\n|t:|1781444209\n|switch|p1a: Pelipper|Pelipper, L86, M|243/243|[from] U-turn\n|-weather|RainDance|[from] ability: Drizzle|[of] p1a: Pelipper\n|\n|-weather|RainDance|[upkeep]\n|upkeep\n|turn|23\n|\n|t:|1781444215\n|switch|p2a: Suicune|Suicune, L82|53/298 slp\n|-damage|p2a: Suicune|16/298 slp|[from] Stealth Rock\n|-ability|p2a: Suicune|Pressure\n|move|p1a: Pelipper|Hurricane|p2a: Suicune\n|-damage|p2a: Suicune|0 fnt\n|faint|p2a: Suicune\n|\n|-weather|RainDance|[upkeep]\n|upkeep\n|\n|t:|1781444218\n|switch|p2a: Tatsugiri|Tatsugiri, L87, M|260/260\n|turn|24\n|\n|t:|1781444220\n|move|p2a: Tatsugiri|Rapid Spin|p1a: Pelipper\n|-damage|p1a: Pelipper|221/243\n|-boost|p2a: Tatsugiri|spe|1\n|-sideend|p2: WizardSpices|Stealth Rock|[from] move: Rapid Spin|[of] p2a: Tatsugiri\n|move|p1a: Pelipper|Hurricane|p2a: Tatsugiri\n|-damage|p2a: Tatsugiri|88/260\n|\n|-weather|RainDance|[upkeep]\n|upkeep\n|turn|25\n|\n|t:|1781444226\n|switch|p1a: Giratina|Giratina, L75, tera:Fairy|349/349\n|-ability|p1a: Giratina|Pressure\n|move|p2a: Tatsugiri|Draco Meteor|p1a: Giratina\n|-immune|p1a: Giratina\n|\n|-weather|RainDance|[upkeep]\n|upkeep\n|turn|26\n|\n|t:|1781444229\n|move|p2a: Tatsugiri|Hydro Pump|p1a: Giratina\n|-damage|p1a: Giratina|141/349\n|move|p1a: Giratina|Shadow Ball|p2a: Tatsugiri\n|-damage|p2a: Tatsugiri|25/260\n|\n|-weather|none\n|-heal|p1a: Giratina|162/349|[from] item: Leftovers\n|upkeep\n|turn|27\n|\n|t:|1781444236\n|move|p2a: Tatsugiri|Hydro Pump|p1a: Giratina\n|-damage|p1a: Giratina|35/349\n|move|p1a: Giratina|Shadow Ball|p2a: Tatsugiri\n|-damage|p2a: Tatsugiri|0 fnt\n|faint|p2a: Tatsugiri\n|\n|-heal|p1a: Giratina|56/349|[from] item: Leftovers\n|upkeep\n|\n|t:|1781444240\n|switch|p2a: Cinderace|Cinderace, L77, F|249/249\n|turn|28\n|\n|t:|1781444249\n|move|p2a: Cinderace|U-turn|p1a: Giratina\n|-start|p2a: Cinderace|typechange|Bug|[from] ability: Libero\n|-resisted|p1a: Giratina\n|-damage|p1a: Giratina|11/349\n|\n|t:|1781444255\n|switch|p2a: Kingambit|Kingambit, L74, M|179/270|[from] U-turn\n|-activate|p2a: Kingambit|ability: Supreme Overlord\n|-start|p2a: Kingambit|fallen3|[silent]\n|move|p1a: Giratina|Rest|p1a: Giratina\n|-status|p1a: Giratina|slp|[from] move: Rest\n|-heal|p1a: Giratina|349/349 slp|[silent]\n|\n|-heal|p2a: Kingambit|195/270|[from] item: Leftovers\n|upkeep\n|turn|29\n|\n|t:|1781444263\n|switch|p1a: Suicune|Suicune, L82|298/298\n|-ability|p1a: Suicune|Pressure\n|move|p2a: Kingambit|Iron Head|p1a: Suicune\n|-resisted|p1a: Suicune\n|-damage|p1a: Suicune|250/298\n|\n|-heal|p1a: Suicune|268/298|[from] item: Leftovers\n|-heal|p2a: Kingambit|211/270|[from] item: Leftovers\n|upkeep\n|turn|30\n|\n|t:|1781444267\n|-end|p2a: Kingambit|fallen3|[silent]\n|switch|p2a: Bellossom|Bellossom, L84, F|101/263\n|move|p1a: Suicune|Scald|p2a: Bellossom\n|-resisted|p2a: Bellossom\n|-damage|p2a: Bellossom|68/263\n|\n|-heal|p1a: Suicune|286/298|[from] item: Leftovers\n|upkeep\n|turn|31\n|\n|t:|1781444269\n|move|p1a: Suicune|Ice Beam|p2a: Bellossom\n|-supereffective|p2a: Bellossom\n|-damage|p2a: Bellossom|0 fnt\n|faint|p2a: Bellossom\n|\n|-heal|p1a: Suicune|298/298|[from] item: Leftovers\n|upkeep\n|\n|t:|1781444272\n|switch|p2a: Cinderace|Cinderace, L77, F|249/249\n|turn|32\n|\n|t:|1781444274\n|move|p2a: Cinderace|Gunk Shot|p1a: Suicune\n|-start|p2a: Cinderace|typechange|Poison|[from] ability: Libero\n|-damage|p1a: Suicune|142/298\n|-status|p1a: Suicune|psn\n|move|p1a: Suicune|Scald|p2a: Cinderace\n|-damage|p2a: Cinderace|161/249\n|-status|p2a: Cinderace|brn\n|\n|-heal|p1a: Suicune|160/298 psn|[from] item: Leftovers\n|-damage|p1a: Suicune|123/298 psn|[from] psn\n|-damage|p2a: Cinderace|146/249 brn|[from] brn\n|upkeep\n|turn|33\n|\n|t:|1781444278\n|switch|p1a: Orthworm|Orthworm, L88, F|106/266\n|move|p2a: Cinderace|Gunk Shot|p1a: Orthworm\n|-immune|p1a: Orthworm\n|\n|-damage|p2a: Cinderace|131/249 brn|[from] brn\n|upkeep\n|turn|34\n|\n|t:|1781444284\n|move|p2a: Cinderace|Gunk Shot|p1a: Orthworm\n|-immune|p1a: Orthworm\n|move|p1a: Orthworm|Body Press|p2a: Cinderace\n|-resisted|p2a: Cinderace\n|-damage|p2a: Cinderace|76/249 brn\n|\n|-damage|p2a: Cinderace|61/249 brn|[from] brn\n|upkeep\n|turn|35\n|\n|t:|1781444286\n|move|p2a: Cinderace|Gunk Shot|p1a: Orthworm\n|-immune|p1a: Orthworm\n|move|p1a: Orthworm|Body Press|p2a: Cinderace\n|-resisted|p2a: Cinderace\n|-crit|p2a: Cinderace\n|-damage|p2a: Cinderace|0 fnt\n|faint|p2a: Cinderace\n|\n|upkeep\n|\n|t:|1781444288\n|switch|p2a: Kingambit|Kingambit, L74, M|211/270\n|-activate|p2a: Kingambit|ability: Supreme Overlord\n|-start|p2a: Kingambit|fallen5|[silent]\n|turn|36\n|\n|t:|1781444290\n|-terastallize|p2a: Kingambit|Flying\n|move|p1a: Orthworm|Body Press|p2a: Kingambit\n|-resisted|p2a: Kingambit\n|-damage|p2a: Kingambit|172/270\n|move|p2a: Kingambit|Swords Dance|p2a: Kingambit\n|-boost|p2a: Kingambit|atk|2\n|\n|-heal|p2a: Kingambit|188/270|[from] item: Leftovers\n|upkeep\n|turn|37\n|\n|t:|1781444306\n|move|p1a: Orthworm|Heavy Slam|p2a: Kingambit\n|-damage|p2a: Kingambit|136/270\n|move|p2a: Kingambit|Swords Dance|p2a: Kingambit\n|-boost|p2a: Kingambit|atk|2\n|\n|-heal|p2a: Kingambit|152/270|[from] item: Leftovers\n|upkeep\n|turn|38\n|\n|t:|1781444312\n|switch|p1a: Suicune|Suicune, L82|123/298 psn\n|-ability|p1a: Suicune|Pressure\n|move|p2a: Kingambit|Kowtow Cleave|p1a: Suicune\n|-damage|p1a: Suicune|0 fnt\n|faint|p1a: Suicune\n|\n|-heal|p2a: Kingambit|168/270|[from] item: Leftovers\n|upkeep\n|\n|t:|1781444329\n|switch|p1a: Pelipper|Pelipper, L86, M|221/243\n|-weather|RainDance|[from] ability: Drizzle|[of] p1a: Pelipper\n|turn|39\n|\n|t:|1781444334\n|move|p2a: Kingambit|Sucker Punch|p1a: Pelipper\n|-damage|p1a: Pelipper|0 fnt\n|faint|p1a: Pelipper\n|\n|-weather|RainDance|[upkeep]\n|-heal|p2a: Kingambit|184/270|[from] item: Leftovers\n|upkeep\n|\n|t:|1781444341\n|switch|p1a: Giratina|Giratina, L75, tera:Fairy|349/349 slp\n|-ability|p1a: Giratina|Pressure\n|turn|40\n|\n|t:|1781444344\n|switch|p1a: Orthworm|Orthworm, L88, F|106/266\n|move|p2a: Kingambit|Iron Head|p1a: Orthworm\n|-resisted|p1a: Orthworm\n|-damage|p1a: Orthworm|0 fnt\n|faint|p1a: Orthworm\n|\n|-weather|RainDance|[upkeep]\n|-heal|p2a: Kingambit|200/270|[from] item: Leftovers\n|upkeep\n|\n|t:|1781444348\n|switch|p1a: Giratina|Giratina, L75, tera:Fairy|349/349 slp\n|-ability|p1a: Giratina|Pressure\n|turn|41\n|\n|t:|1781444352\n|move|p2a: Kingambit|Iron Head|p1a: Giratina\n|-supereffective|p1a: Giratina\n|-crit|p1a: Giratina\n|-damage|p1a: Giratina|0 fnt\n|faint|p1a: Giratina\n|\n|-weather|RainDance|[upkeep]\n|-heal|p2a: Kingambit|216/270|[from] item: Leftovers\n|upkeep\n|\n|t:|1781444353\n|switch|p1a: Spidops|Spidops, L96, M|87/271\n|turn|42\n|-message|Cat_goblin forfeited.\n|\n|win|WizardSpices\n|raw|Cat_goblin's rating: 1671 &rarr; <strong>1651</strong><br />(-20 for losing)\n|raw|WizardSpices's rating: 1676 &rarr; <strong>1696</strong><br />(+20 for winning)\n|l|\u2606Cat_goblin\n|player|p1|\n", "inputlog": ">version a8376a258c1d4662feba110a92103f3664a72141\n>start {\"formatid\":\"gen9randombattle\",\"seed\":\"sodium,218dd9d92f9cbe8520efcf5d38ce94b0\",\"rated\":\"Rated battle\"}\n>player p1 {\"name\":\"Cat_goblin\",\"avatar\":\"2\",\"rating\":1671,\"seed\":\"sodium,955cdf9284c73577afad22855bcd78ea\"}\n>player p2 {\"name\":\"WizardSpices\",\"avatar\":\"brycenman\",\"rating\":1676,\"seed\":\"sodium,dee25e2078a49f75ad342ceb51f952b8\"}\n>p1 move bodyslam\n>p2 switch 5\n>p1 move protect\n>p2 move uturn\n>p1 switch 3\n>p2 move knockoff\n>p1 move stealthrock\n>p2 move uturn\n>p1 move heavyslam\n>p2 switch 2\n>p1 move shedtail\n>p2 move scald\n>p1 switch 3\n>p2 move calmmind\n>p1 move bodyslam\n>p2 move scald\n>p1 move bodyslam\n>p2 move scald\n>p1 move bodyslam\n>p2 move calmmind\n>p1 move wish\n>p2 move scald\n>p1 switch 6\n>p1 move circlethrow\n>p2 move rest\n>p1 move circlethrow\n>p2 switch 2\n>p2 switch 3\n>p1 switch 4\n>p2 move rapidspin\n>p1 move dragontail terastallize\n>p2 switch 6\n>p1 switch 4\n>p2 move sludgebomb\n>p1 move uturn\n>p2 move strengthsap\n>p1 switch 5\n>p1 move hurricane\n>p2 switch 2\n>p1 switch 5\n>p2 move kowtowcleave\n>p1 move circlethrow\n>p2 switch 5\n>p1 move knockoff\n>p2 move strengthsap\n>p1 move uturn\n>p2 move sludgebomb\n>p1 switch 5\n>p1 move hurricane\n>p2 switch 2\n>p2 switch 6\n>p1 move hurricane\n>p2 move rapidspin\n>p1 switch 4\n>p2 move dracometeor\n>p1 move shadowball\n>p2 move hydropump\n>p1 move shadowball\n>p2 move hydropump\n>p2 switch 4\n>p1 move rest\n>p2 move uturn\n>p2 switch 5\n>p1 switch 2\n>p2 move ironhead\n>p1 move scald\n>p2 switch 2\n>p1 move icebeam\n>p2 move strengthsap\n>p2 switch 5\n>p1 move scald\n>p2 move gunkshot\n>p1 switch 3\n>p2 move gunkshot\n>p1 move bodypress\n>p2 move gunkshot\n>p1 move bodypress\n>p2 move gunkshot\n>p2 switch 2\n>p1 move bodypress\n>p2 move swordsdance terastallize\n>p1 move heavyslam\n>p2 move swordsdance\n>p1 switch 3\n>p2 move kowtowcleave\n>p1 switch 4\n>p1 move weatherball\n>p2 move suckerpunch\n>p1 switch 2\n>p1 switch 3\n>p2 move ironhead\n>p1 switch 3\n>p1 move dragontail\n>p2 move ironhead\n>p1 switch 5\n>forcelose p1", "uploadtime": 1781444359, "views": 12, "formatid": "gen9randombattle", "rating": 1651, "private": 0, "password": null}