{"id": "gen9randombattle-2631448988", "format": "[Gen 9] Random Battle", "players": ["green8Bit", "shams713"], "log": "|j|\u2606green8Bit\n|j|\u2606shams713\n|t:|1781385996\n|gametype|singles\n|player|p1|green8Bit|266|2000\n|player|p2|shams713|101|2012\n|gen|9\n|tier|[Gen 9] Random Battle\n|rated|\n|rule|Species Clause: Limit one of each Pok\u00e9mon\n|rule|HP Percentage Mod: HP is shown in percentages\n|rule|Sleep Clause Mod: Limit one foe put to sleep\n|rule|Illusion Level Mod: Illusion disguises the Pok\u00e9mon's true level\n|\n|t:|1781385996\n|teamsize|p1|6\n|teamsize|p2|6\n|start\n|switch|p1a: Squawkabilly|Squawkabilly-White, L89, M|291/291\n|switch|p2a: Beartic|Beartic, L91, M|321/321\n|turn|1\n|inactive|Battle timer is ON: inactive players will automatically lose when time's up. (requested by shams713)\n|\n|t:|1781386010\n|move|p1a: Squawkabilly|Parting Shot|p2a: Beartic\n|-unboost|p2a: Beartic|atk|1\n|-unboost|p2a: Beartic|spa|1\n|\n|t:|1781386024\n|switch|p1a: Swampert|Swampert, L83, M|302/302|[from] Parting Shot\n|move|p2a: Beartic|Icicle Crash|p1a: Swampert\n|-damage|p1a: Swampert|220/302\n|\n|-heal|p1a: Swampert|238/302|[from] item: Leftovers\n|upkeep\n|turn|2\n|\n|t:|1781386032\n|switch|p2a: Hydrapple|Hydrapple, L83, M|312/312\n|move|p1a: Swampert|Stealth Rock|p2a: Hydrapple\n|-sidestart|p2: shams713|move: Stealth Rock\n|\n|-heal|p1a: Swampert|256/302|[from] item: Leftovers\n|upkeep\n|turn|3\n|\n|t:|1781386044\n|switch|p1a: Blissey|Blissey, L85, F|572/572\n|move|p2a: Hydrapple|Fickle Beam|p1a: Blissey\n|-damage|p1a: Blissey|505/572\n|\n|-heal|p1a: Blissey|540/572|[from] item: Leftovers\n|upkeep\n|turn|4\n|\n|t:|1781386060\n|switch|p2a: Palossand|Palossand, L89, F|296/296\n|-damage|p2a: Palossand|278/296|[from] Stealth Rock\n|move|p1a: Blissey|Thunder Wave|p2a: Palossand\n|-immune|p2a: Palossand\n|\n|-heal|p1a: Blissey|572/572|[from] item: Leftovers\n|-heal|p2a: Palossand|296/296|[from] item: Leftovers\n|upkeep\n|turn|5\n|\n|t:|1781386082\n|switch|p1a: Swampert|Swampert, L83, M|256/302\n|move|p2a: Palossand|Sludge Bomb|p1a: Swampert\n|-resisted|p1a: Swampert\n|-crit|p1a: Swampert\n|-damage|p1a: Swampert|203/302\n|\n|-heal|p1a: Swampert|221/302|[from] item: Leftovers\n|upkeep\n|turn|6\n|\n|t:|1781386096\n|switch|p2a: Hydrapple|Hydrapple, L83, M|312/312\n|-damage|p2a: Hydrapple|273/312|[from] Stealth Rock\n|move|p1a: Swampert|Knock Off|p2a: Hydrapple\n|-damage|p2a: Hydrapple|204/312\n|-enditem|p2a: Hydrapple|Assault Vest|[from] move: Knock Off|[of] p1a: Swampert\n|\n|-heal|p1a: Swampert|239/302|[from] item: Leftovers\n|upkeep\n|turn|7\n|\n|t:|1781386111\n|switch|p1a: Blissey|Blissey, L85, F|572/572\n|move|p2a: Hydrapple|Dragon Tail|p1a: Blissey\n|-damage|p1a: Blissey|413/572\n|drag|p1a: Haxorus|Haxorus, L77, F|244/244\n|-ability|p1a: Haxorus|Mold Breaker\n|\n|upkeep\n|turn|8\n|\n|t:|1781386130\n|switch|p2a: Glastrier|Glastrier, L86|312/312\n|move|p1a: Haxorus|Scale Shot|p2a: Glastrier\n|-damage|p2a: Glastrier|290/312\n|-damage|p2a: Glastrier|266/312\n|-damage|p2a: Glastrier|242/312\n|-damage|p2a: Glastrier|218/312\n|-damage|p2a: Glastrier|197/312\n|-hitcount|p2a: Glastrier|5\n|-unboost|p1a: Haxorus|def|1\n|-boost|p1a: Haxorus|spe|1\n|\n|upkeep\n|turn|9\n|inactive|green8Bit has 120 seconds left.\n|\n|t:|1781386177\n|switch|p1a: Swampert|Swampert, L83, M|239/302\n|move|p2a: Glastrier|Icicle Crash|p1a: Swampert\n|-damage|p1a: Swampert|100/302\n|\n|-heal|p1a: Swampert|118/302|[from] item: Leftovers\n|upkeep\n|turn|10\n|\n|t:|1781386190\n|move|p1a: Swampert|Knock Off|p2a: Glastrier\n|-damage|p2a: Glastrier|139/312\n|-enditem|p2a: Glastrier|Heavy-Duty Boots|[from] move: Knock Off|[of] p1a: Swampert\n|move|p2a: Glastrier|Icicle Crash|p1a: Swampert\n|-damage|p1a: Swampert|0 fnt\n|faint|p1a: Swampert\n|-ability|p2a: Glastrier|Chilling Neigh|boost\n|-boost|p2a: Glastrier|atk|1\n|\n|upkeep\n|\n|t:|1781386202\n|switch|p1a: Squawkabilly|Squawkabilly-White, L89, M|291/291\n|turn|11\n|\n|t:|1781386207\n|move|p1a: Squawkabilly|Brave Bird|p2a: Glastrier\n|-damage|p2a: Glastrier|0 fnt\n|faint|p2a: Glastrier\n|-damage|p1a: Squawkabilly|245/291|[from] Recoil\n|\n|upkeep\n|\n|t:|1781386213\n|switch|p2a: Beartic|Beartic, L91, M|321/321\n|turn|12\n|\n|t:|1781386230\n|move|p1a: Squawkabilly|Brave Bird|p2a: Beartic\n|-damage|p2a: Beartic|122/321\n|-damage|p1a: Squawkabilly|179/291|[from] Recoil\n|move|p2a: Beartic|Icicle Crash|p1a: Squawkabilly\n|-supereffective|p1a: Squawkabilly\n|-damage|p1a: Squawkabilly|0 fnt\n|faint|p1a: Squawkabilly\n|\n|upkeep\n|\n|t:|1781386244\n|switch|p1a: Flutter Mane|Flutter Mane, L74|203/203\n|turn|13\n|\n|t:|1781386257\n|switch|p2a: Vileplume|Vileplume, L85, F|266/266\n|-damage|p2a: Vileplume|233/266|[from] Stealth Rock\n|move|p1a: Flutter Mane|Shadow Ball|p2a: Vileplume\n|-damage|p2a: Vileplume|107/266\n|\n|-heal|p2a: Vileplume|123/266|[from] item: Leftovers\n|upkeep\n|turn|14\n|\n|t:|1781386270\n|switch|p2a: Greedent|Greedent, L86, F|347/347\n|-damage|p2a: Greedent|304/347|[from] Stealth Rock\n|move|p1a: Flutter Mane|Shadow Ball|p2a: Greedent\n|-immune|p2a: Greedent\n|\n|upkeep\n|turn|15\n|inactive|green8Bit has 90 seconds left.\n|\n|t:|1781386297\n|-end|p1a: Flutter Mane|Protosynthesis|[silent]\n|switch|p1a: Blissey|Blissey, L85, F|413/572\n|move|p2a: Greedent|Body Slam|p1a: Blissey\n|-damage|p1a: Blissey|145/572\n|-status|p1a: Blissey|par\n|\n|-heal|p1a: Blissey|180/572 par|[from] item: Leftovers\n|upkeep\n|turn|16\n|inactive|green8Bit has 90 seconds left.\n|\n|t:|1781386308\n|move|p2a: Greedent|Knock Off|p1a: Blissey\n|-damage|p1a: Blissey|0 fnt\n|-enditem|p1a: Blissey|Leftovers|[from] move: Knock Off|[of] p2a: Greedent\n|faint|p1a: Blissey\n|\n|upkeep\n|inactive|green8Bit has 90 seconds left.\n|\n|t:|1781386319\n|switch|p1a: Vivillon|Vivillon-Monsoon, L83, F|268/268\n|turn|17\n|inactive|green8Bit has 90 seconds left.\n|\n|t:|1781386328\n|move|p1a: Vivillon|Sleep Powder|p2a: Greedent\n|-status|p2a: Greedent|slp|[from] move: Sleep Powder\n|cant|p2a: Greedent|slp\n|\n|upkeep\n|turn|18\n|\n|t:|1781386335\n|move|p1a: Vivillon|Quiver Dance|p1a: Vivillon\n|-boost|p1a: Vivillon|spa|1\n|-boost|p1a: Vivillon|spd|1\n|-boost|p1a: Vivillon|spe|1\n|-curestatus|p2a: Greedent|slp|[msg]\n|move|p2a: Greedent|Body Slam|p1a: Vivillon\n|-crit|p1a: Vivillon\n|-damage|p1a: Vivillon|57/268\n|\n|upkeep\n|turn|19\n|inactive|green8Bit has 90 seconds left.\n|\n|t:|1781386353\n|switch|p2a: Hydrapple|Hydrapple, L83, M|308/312\n|-damage|p2a: Hydrapple|269/312|[from] Stealth Rock\n|move|p1a: Vivillon|Sleep Powder|p2a: Hydrapple\n|-immune|p2a: Hydrapple\n|\n|upkeep\n|turn|20\n|\n|t:|1781386360\n|-terastallize|p2a: Hydrapple|Steel\n|move|p1a: Vivillon|Hurricane|p2a: Hydrapple\n|-resisted|p2a: Hydrapple\n|-damage|p2a: Hydrapple|180/312\n|-start|p2a: Hydrapple|confusion\n|-activate|p2a: Hydrapple|confusion\n|move|p2a: Hydrapple|Fickle Beam|p1a: Vivillon|[anim] Fickle Beam All Out\n|-activate|p2a: Hydrapple|move: Fickle Beam\n|-damage|p1a: Vivillon|0 fnt\n|faint|p1a: Vivillon\n|\n|upkeep\n|inactive|green8Bit has 90 seconds left.\n|\n|t:|1781386394\n|switch|p1a: Haxorus|Haxorus, L77, F|244/244\n|-ability|p1a: Haxorus|Mold Breaker\n|turn|21\n|\n|t:|1781386415\n|switch|p2a: Beartic|Beartic, L91, M|122/321\n|-terastallize|p1a: Haxorus|Steel\n|move|p1a: Haxorus|Swords Dance|p1a: Haxorus\n|-boost|p1a: Haxorus|atk|2\n|\n|upkeep\n|turn|22\n|inactive|green8Bit has 60 seconds left.\n|\n|t:|1781386436\n|move|p1a: Haxorus|Earthquake|p2a: Beartic\n|-damage|p2a: Beartic|0 fnt\n|faint|p2a: Beartic\n|\n|upkeep\n|\n|t:|1781386438\n|switch|p2a: Palossand|Palossand, L89, F|296/296\n|-damage|p2a: Palossand|278/296|[from] Stealth Rock\n|turn|23\n|inactive|green8Bit has 60 seconds left.\n|\n|t:|1781386466\n|move|p1a: Haxorus|Iron Head|p2a: Palossand\n|-damage|p2a: Palossand|122/296\n|move|p2a: Palossand|Earth Power|p1a: Haxorus\n|-supereffective|p1a: Haxorus\n|-damage|p1a: Haxorus|0 fnt\n|faint|p1a: Haxorus\n|\n|-heal|p2a: Palossand|140/296|[from] item: Leftovers\n|upkeep\n|\n|t:|1781386474\n|switch|p1a: Flutter Mane|Flutter Mane, L74|203/203\n|turn|24\n|c|\u2606shams713|gg\n|inactive|green8Bit has 30 seconds left.\n|inactive|green8Bit has 20 seconds left.\n|inactive|green8Bit has 15 seconds left.\n|\n|t:|1781386521\n|move|p1a: Flutter Mane|Moonblast|p2a: Palossand\n|-damage|p2a: Palossand|0 fnt\n|faint|p2a: Palossand\n|\n|upkeep\n|\n|t:|1781386525\n|switch|p2a: Hydrapple|Hydrapple, L83, M, tera:Steel|284/312\n|-damage|p2a: Hydrapple|265/312|[from] Stealth Rock\n|turn|25\n|inactive|green8Bit has 30 seconds left this turn.\n|\n|t:|1781386534\n|move|p1a: Flutter Mane|Moonblast|p2a: Hydrapple\n|-resisted|p2a: Hydrapple\n|-damage|p2a: Hydrapple|181/312\n|-unboost|p2a: Hydrapple|spa|1\n|move|p2a: Hydrapple|Giga Drain|p1a: Flutter Mane\n|-damage|p1a: Flutter Mane|152/203\n|-heal|p2a: Hydrapple|207/312|[from] drain|[of] p1a: Flutter Mane\n|\n|upkeep\n|turn|26\n|-message|green8Bit forfeited.\n|\n|win|shams713\n", "inputlog": ">version a8376a258c1d4662feba110a92103f3664a72141\n>start {\"formatid\":\"gen9randombattle\",\"seed\":\"sodium,1f8c021cc518c9d329b7b81ffeb19c4b\",\"rated\":\"Rated battle\"}\n>player p1 {\"name\":\"green8Bit\",\"avatar\":\"266\",\"rating\":2000,\"seed\":\"sodium,8f42a186b80c1d71b72b488b1781e72c\"}\n>player p2 {\"name\":\"shams713\",\"avatar\":\"101\",\"rating\":2012,\"seed\":\"sodium,a5c8d3d8de90be61f4491127abeb51f2\"}\n>p1 move partingshot\n>p2 move iciclecrash\n>p1 switch 4\n>p1 move stealthrock\n>p2 switch 3\n>p1 switch 3\n>p2 move ficklebeam\n>p1 move thunderwave\n>p2 switch 2\n>p1 switch 3\n>p2 move sludgebomb\n>p1 move knockoff\n>p2 switch 2\n>p1 switch 3\n>p2 move dragontail\n>p1 move scaleshot\n>p2 switch 5\n>p1 switch 3\n>p2 move iciclecrash\n>p1 move knockoff\n>p2 move iciclecrash\n>p1 switch 4\n>p1 move bravebird\n>p2 move heavyslam\n>p2 switch 3\n>p1 move bravebird\n>p2 move iciclecrash\n>p1 switch 6\n>p1 move shadowball\n>p2 switch 4\n>p1 move shadowball\n>p2 switch 6\n>p1 switch 2\n>p2 move bodyslam\n>p1 move thunderwave\n>p2 move knockoff\n>p1 switch 5\n>p1 move sleeppowder\n>p2 move bodyslam\n>p1 move quiverdance\n>p2 move bodyslam\n>p1 move sleeppowder\n>p2 switch 5\n>p1 move hurricane\n>p2 move ficklebeam terastallize\n>p1 switch 3\n>p1 move swordsdance terastallize\n>p2 switch 4\n>p1 move earthquake\n>p2 move snowscape\n>p2 switch 2\n>p1 move ironhead\n>p2 move earthpower\n>p1 switch 2\n>chat \u2606shams713|gg\n>p1 move moonblast\n>p2 move shoreup\n>p2 switch 4\n>p1 move moonblast\n>p2 move gigadrain\n>forcelose p1", "uploadtime": 1781385998, "views": 5, "formatid": "gen9randombattle", "rating": null, "private": 0, "password": null}