{"id": "gen9randombattle-2631999408", "format": "[Gen 9] Random Battle", "players": ["vickty", "TSM-Virgil"], "log": "|j|\u2606vickty\n|j|\u2606TSM-Virgil\n|t:|1781464424\n|gametype|singles\n|player|p1|vickty|266|2068\n|player|p2|TSM-Virgil|acetrainer|2127\n|gen|9\n|tier|[Gen 9] Random Battle\n|rated|\n|rule|Species Clause: Limit one of each Pok\u00e9mon\n|rule|HP Percentage Mod: HP is shown in percentages\n|rule|Sleep Clause Mod: Limit one foe put to sleep\n|rule|Illusion Level Mod: Illusion disguises the Pok\u00e9mon's true level\n|\n|t:|1781464424\n|teamsize|p1|6\n|teamsize|p2|6\n|start\n|switch|p1a: Skuntank|Skuntank, L84, M|310/310\n|switch|p2a: Giratina|Giratina-Origin, L72|335/335\n|turn|1\n|inactive|Battle timer is ON: inactive players will automatically lose when time's up. (requested by TSM-Virgil)\n|inactive|TSM-Virgil has 120 seconds left.\n|\n|t:|1781464472\n|move|p1a: Skuntank|Knock Off|p2a: Giratina\n|-supereffective|p2a: Giratina\n|-damage|p2a: Giratina|203/335\n|move|p2a: Giratina|Will-O-Wisp|p1a: Skuntank|[miss]\n|-miss|p2a: Giratina|p1a: Skuntank\n|\n|upkeep\n|turn|2\n|\n|t:|1781464483\n|switch|p1a: Gardevoir|Gardevoir, L83, F|249/249\n|-ability|p1a: Gardevoir|Levitate|Trace|[from] ability: Trace|[of] p2a: Giratina\n|move|p2a: Giratina|Will-O-Wisp|p1a: Gardevoir\n|-status|p1a: Gardevoir|brn\n|\n|-damage|p1a: Gardevoir|234/249 brn|[from] brn\n|upkeep\n|turn|3\n|\n|t:|1781464508\n|switch|p2a: Gothitelle|Gothitelle, L90, M|272/272\n|move|p1a: Gardevoir|Moonblast|p2a: Gothitelle\n|-damage|p2a: Gothitelle|176/272\n|\n|-heal|p2a: Gothitelle|193/272|[from] item: Leftovers\n|-damage|p1a: Gardevoir|219/249 brn|[from] brn\n|upkeep\n|turn|4\n|\n|t:|1781464512\n|move|p1a: Gardevoir|Moonblast|p2a: Gothitelle\n|-damage|p2a: Gothitelle|99/272\n|move|p2a: Gothitelle|Calm Mind|p2a: Gothitelle\n|-boost|p2a: Gothitelle|spa|1\n|-boost|p2a: Gothitelle|spd|1\n|\n|-heal|p2a: Gothitelle|116/272|[from] item: Leftovers\n|-damage|p1a: Gardevoir|204/249 brn|[from] brn\n|upkeep\n|turn|5\n|inactive|TSM-Virgil has 120 seconds left.\n|\n|t:|1781464561\n|move|p1a: Gardevoir|Moonblast|p2a: Gothitelle\n|-damage|p2a: Gothitelle|50/272\n|move|p2a: Gothitelle|Thunderbolt|p1a: Gardevoir\n|-damage|p1a: Gardevoir|120/249 brn\n|\n|-heal|p2a: Gothitelle|67/272|[from] item: Leftovers\n|-damage|p1a: Gardevoir|105/249 brn|[from] brn\n|upkeep\n|turn|6\n|\n|t:|1781464567\n|move|p1a: Gardevoir|Moonblast|p2a: Gothitelle\n|-damage|p2a: Gothitelle|9/272\n|-unboost|p2a: Gothitelle|spa|1\n|move|p2a: Gothitelle|Thunderbolt|p1a: Gardevoir\n|-damage|p1a: Gardevoir|50/249 brn\n|\n|-heal|p2a: Gothitelle|26/272|[from] item: Leftovers\n|-damage|p1a: Gardevoir|35/249 brn|[from] brn\n|upkeep\n|turn|7\n|inactive|TSM-Virgil has 90 seconds left.\n|\n|t:|1781464598\n|move|p1a: Gardevoir|Moonblast|p2a: Gothitelle\n|-damage|p2a: Gothitelle|0 fnt\n|faint|p2a: Gothitelle\n|\n|-damage|p1a: Gardevoir|20/249 brn|[from] brn\n|upkeep\n|inactive|TSM-Virgil has 90 seconds left.\n|\n|t:|1781464608\n|switch|p2a: Suicune|Suicune, L82|298/298\n|-ability|p2a: Suicune|Pressure\n|turn|8\n|\n|t:|1781464612\n|switch|p1a: Glalie|Glalie, L96, M|309/309\n|move|p2a: Suicune|Calm Mind|p2a: Suicune\n|-boost|p2a: Suicune|spa|1\n|-boost|p2a: Suicune|spd|1\n|\n|upkeep\n|turn|9\n|\n|t:|1781464630\n|move|p1a: Glalie|Freeze-Dry|p2a: Suicune\n|-supereffective|p2a: Suicune\n|-damage|p2a: Suicune|206/298\n|move|p2a: Suicune|Scald|p1a: Glalie\n|-damage|p1a: Glalie|210/309\n|\n|-heal|p2a: Suicune|224/298|[from] item: Leftovers\n|upkeep\n|turn|10\n|\n|t:|1781464638\n|move|p1a: Glalie|Freeze-Dry|p2a: Suicune\n|-supereffective|p2a: Suicune\n|-damage|p2a: Suicune|140/298\n|move|p2a: Suicune|Calm Mind|p2a: Suicune\n|-boost|p2a: Suicune|spa|1\n|-boost|p2a: Suicune|spd|1\n|\n|-heal|p2a: Suicune|158/298|[from] item: Leftovers\n|upkeep\n|turn|11\n|\n|t:|1781464644\n|move|p1a: Glalie|Freeze-Dry|p2a: Suicune\n|-supereffective|p2a: Suicune\n|-damage|p2a: Suicune|84/298\n|move|p2a: Suicune|Scald|p1a: Glalie\n|-damage|p1a: Glalie|78/309\n|-status|p1a: Glalie|brn\n|\n|-heal|p2a: Suicune|102/298|[from] item: Leftovers\n|-damage|p1a: Glalie|59/309 brn|[from] brn\n|upkeep\n|turn|12\n|\n|t:|1781464651\n|move|p1a: Glalie|Freeze-Dry|p2a: Suicune\n|-supereffective|p2a: Suicune\n|-damage|p2a: Suicune|36/298\n|move|p2a: Suicune|Scald|p1a: Glalie\n|-damage|p1a: Glalie|0 fnt\n|faint|p1a: Glalie\n|\n|-heal|p2a: Suicune|54/298|[from] item: Leftovers\n|upkeep\n|\n|t:|1781464653\n|switch|p1a: Skuntank|Skuntank, L84, M|310/310\n|turn|13\n|inactive|TSM-Virgil has 120 seconds left.\n|\n|t:|1781464659\n|switch|p2a: Infernape|Infernape, L82, M|259/259\n|move|p1a: Skuntank|Knock Off|p2a: Infernape\n|-resisted|p2a: Infernape\n|-damage|p2a: Infernape|204/259\n|-enditem|p2a: Infernape|Life Orb|[from] move: Knock Off|[of] p1a: Skuntank\n|\n|upkeep\n|turn|14\n|\n|t:|1781464664\n|move|p2a: Infernape|Close Combat|p1a: Skuntank\n|-damage|p1a: Skuntank|156/310\n|-unboost|p2a: Infernape|def|1\n|-unboost|p2a: Infernape|spd|1\n|move|p1a: Skuntank|Gunk Shot|p2a: Infernape\n|-damage|p2a: Infernape|0 fnt\n|faint|p2a: Infernape\n|\n|upkeep\n|\n|t:|1781464670\n|switch|p2a: Gallade|Gallade, L80, M|240/240\n|turn|15\n|\n|t:|1781464682\n|move|p2a: Gallade|Sacred Sword|p1a: Skuntank\n|-damage|p1a: Skuntank|0 fnt\n|-damage|p2a: Gallade|180/240|[from] ability: Aftermath|[of] p1a: Skuntank\n|faint|p1a: Skuntank\n|\n|upkeep\n|\n|t:|1781464686\n|switch|p1a: Gardevoir|Gardevoir, L83, F|20/249 brn\n|-ability|p1a: Gardevoir|Sharpness|Trace|[from] ability: Trace|[of] p2a: Gallade\n|turn|16\n|\n|t:|1781464697\n|switch|p2a: Rillaboom|Rillaboom, L79, F|288/288\n|-fieldstart|move: Grassy Terrain|[from] ability: Grassy Surge|[of] p2a: Rillaboom\n|move|p1a: Gardevoir|Moonblast|p2a: Rillaboom\n|-damage|p2a: Rillaboom|128/288\n|\n|-heal|p1a: Gardevoir|35/249 brn|[from] Grassy Terrain\n|-heal|p2a: Rillaboom|146/288|[from] Grassy Terrain\n|-damage|p1a: Gardevoir|20/249 brn|[from] brn\n|upkeep\n|turn|17\n|\n|t:|1781464706\n|switch|p1a: Coalossal|Coalossal, L89, F|341/341\n|move|p2a: Rillaboom|Grassy Glide|p1a: Coalossal\n|-damage|p1a: Coalossal|241/341\n|\n|-heal|p2a: Rillaboom|164/288|[from] Grassy Terrain\n|-heal|p1a: Coalossal|262/341|[from] Grassy Terrain\n|upkeep\n|turn|18\n|\n|t:|1781464719\n|switch|p2a: Suicune|Suicune, L82|54/298\n|-ability|p2a: Suicune|Pressure\n|move|p1a: Coalossal|Overheat|p2a: Suicune\n|-resisted|p2a: Suicune\n|-damage|p2a: Suicune|0 fnt\n|-unboost|p1a: Coalossal|spa|2\n|faint|p2a: Suicune\n|\n|-heal|p1a: Coalossal|283/341|[from] Grassy Terrain\n|upkeep\n|\n|t:|1781464725\n|switch|p2a: Giratina|Giratina-Origin, L72|203/335\n|turn|19\n|\n|t:|1781464730\n|move|p2a: Giratina|Draco Meteor|p1a: Coalossal\n|-damage|p1a: Coalossal|157/341\n|-unboost|p2a: Giratina|spa|2\n|move|p1a: Coalossal|Stone Edge|p2a: Giratina\n|-crit|p2a: Giratina\n|-damage|p2a: Giratina|52/335\n|\n|-heal|p1a: Coalossal|178/341|[from] Grassy Terrain\n|upkeep\n|turn|20\n|\n|t:|1781464744\n|move|p2a: Giratina|Poltergeist|p1a: Coalossal\n|-activate|p1a: Coalossal|move: Poltergeist|Heavy-Duty Boots\n|-crit|p1a: Coalossal\n|-damage|p1a: Coalossal|31/341\n|move|p1a: Coalossal|Stone Edge|p2a: Giratina|[miss]\n|-miss|p1a: Coalossal|p2a: Giratina\n|\n|-heal|p1a: Coalossal|52/341|[from] Grassy Terrain\n|-fieldend|move: Grassy Terrain\n|upkeep\n|turn|21\n|\n|t:|1781464748\n|move|p2a: Giratina|Poltergeist|p1a: Coalossal\n|-activate|p1a: Coalossal|move: Poltergeist|Heavy-Duty Boots\n|-damage|p1a: Coalossal|0 fnt\n|faint|p1a: Coalossal\n|\n|upkeep\n|\n|t:|1781464751\n|switch|p1a: Greedent|Greedent, L86, M|347/347\n|turn|22\n|\n|t:|1781464754\n|move|p2a: Giratina|Will-O-Wisp|p1a: Greedent\n|-status|p1a: Greedent|brn\n|move|p1a: Greedent|Knock Off|p2a: Giratina\n|-supereffective|p2a: Giratina\n|-damage|p2a: Giratina|1/335\n|\n|-damage|p1a: Greedent|326/347 brn|[from] brn\n|upkeep\n|turn|23\n|\n|t:|1781464758\n|move|p2a: Giratina|Draco Meteor|p1a: Greedent\n|-damage|p1a: Greedent|253/347 brn\n|-unboost|p2a: Giratina|spa|2\n|move|p1a: Greedent|Knock Off|p2a: Giratina\n|-supereffective|p2a: Giratina\n|-damage|p2a: Giratina|0 fnt\n|faint|p2a: Giratina\n|\n|-damage|p1a: Greedent|232/347 brn|[from] brn\n|upkeep\n|\n|t:|1781464765\n|switch|p2a: Gallade|Gallade, L80, M|180/240\n|turn|24\n|\n|t:|1781464770\n|-terastallize|p1a: Greedent|Ground\n|move|p2a: Gallade|Psycho Cut|p1a: Greedent\n|-damage|p1a: Greedent|115/347 brn\n|-enditem|p1a: Greedent|Sitrus Berry|[eat]\n|-heal|p1a: Greedent|201/347 brn|[from] item: Sitrus Berry\n|-heal|p1a: Greedent|316/347 brn|[from] ability: Cheek Pouch\n|move|p1a: Greedent|Body Slam|p2a: Gallade\n|-damage|p2a: Gallade|116/240\n|-status|p2a: Gallade|par\n|\n|-damage|p1a: Greedent|295/347 brn|[from] brn\n|upkeep\n|turn|25\n|\n|t:|1781464778\n|move|p2a: Gallade|Psycho Cut|p1a: Greedent\n|-damage|p1a: Greedent|181/347 brn\n|move|p1a: Greedent|Earthquake|p2a: Gallade\n|-damage|p2a: Gallade|48/240 par\n|\n|-damage|p1a: Greedent|160/347 brn|[from] brn\n|upkeep\n|turn|26\n|\n|t:|1781464790\n|cant|p2a: Gallade|par\n|move|p1a: Greedent|Earthquake|p2a: Gallade\n|-damage|p2a: Gallade|0 fnt\n|faint|p2a: Gallade\n|\n|-damage|p1a: Greedent|139/347 brn|[from] brn\n|upkeep\n|\n|t:|1781464792\n|switch|p2a: Rillaboom|Rillaboom, L79, F|164/288\n|-fieldstart|move: Grassy Terrain|[from] ability: Grassy Surge|[of] p2a: Rillaboom\n|turn|27\n|\n|t:|1781464796\n|move|p2a: Rillaboom|Grassy Glide|p1a: Greedent\n|-supereffective|p1a: Greedent\n|-damage|p1a: Greedent|0 fnt\n|faint|p1a: Greedent\n|\n|-heal|p2a: Rillaboom|182/288|[from] Grassy Terrain\n|upkeep\n|\n|t:|1781464798\n|switch|p1a: Necrozma|Necrozma-Dusk-Mane, L69|248/248\n|turn|28\n|\n|t:|1781464812\n|-terastallize|p2a: Rillaboom|Grass\n|move|p2a: Rillaboom|Grassy Glide|p1a: Necrozma\n|-resisted|p1a: Necrozma\n|-damage|p1a: Necrozma|172/248\n|move|p1a: Necrozma|Dragon Dance|p1a: Necrozma\n|-boost|p1a: Necrozma|atk|1\n|-boost|p1a: Necrozma|spe|1\n|\n|-heal|p1a: Necrozma|187/248|[from] Grassy Terrain\n|-heal|p2a: Rillaboom|200/288|[from] Grassy Terrain\n|upkeep\n|turn|29\n|\n|t:|1781464819\n|move|p2a: Rillaboom|Grassy Glide|p1a: Necrozma\n|-resisted|p1a: Necrozma\n|-damage|p1a: Necrozma|106/248\n|move|p1a: Necrozma|Morning Sun|p1a: Necrozma\n|-heal|p1a: Necrozma|230/248\n|\n|-heal|p1a: Necrozma|245/248|[from] Grassy Terrain\n|-heal|p2a: Rillaboom|218/288|[from] Grassy Terrain\n|upkeep\n|turn|30\n|\n|t:|1781464824\n|move|p2a: Rillaboom|Grassy Glide|p1a: Necrozma\n|-resisted|p1a: Necrozma\n|-damage|p1a: Necrozma|169/248\n|move|p1a: Necrozma|Dragon Dance|p1a: Necrozma\n|-boost|p1a: Necrozma|atk|1\n|-boost|p1a: Necrozma|spe|1\n|\n|-heal|p1a: Necrozma|184/248|[from] Grassy Terrain\n|-heal|p2a: Rillaboom|236/288|[from] Grassy Terrain\n|upkeep\n|turn|31\n|\n|t:|1781464827\n|move|p2a: Rillaboom|Grassy Glide|p1a: Necrozma\n|-resisted|p1a: Necrozma\n|-damage|p1a: Necrozma|111/248\n|move|p1a: Necrozma|Morning Sun|p1a: Necrozma\n|-heal|p1a: Necrozma|235/248\n|\n|-heal|p1a: Necrozma|248/248|[from] Grassy Terrain\n|-heal|p2a: Rillaboom|254/288|[from] Grassy Terrain\n|-fieldend|move: Grassy Terrain\n|upkeep\n|turn|32\n|\n|t:|1781464830\n|move|p1a: Necrozma|Sunsteel Strike|p2a: Rillaboom\n|-damage|p2a: Rillaboom|17/288\n|move|p2a: Rillaboom|Grassy Glide|p1a: Necrozma\n|-resisted|p1a: Necrozma\n|-damage|p1a: Necrozma|190/248\n|\n|upkeep\n|turn|33\n|c|\u2606TSM-Virgil|gg wp\n|\n|t:|1781464837\n|move|p1a: Necrozma|Sunsteel Strike|p2a: Rillaboom\n|-damage|p2a: Rillaboom|0 fnt\n|faint|p2a: Rillaboom\n|\n|win|vickty\n", "uploadtime": 1781464427, "views": 2, "formatid": "gen9randombattle", "rating": null, "private": 0, "password": null}