{"id": "gen9randombattle-2631648789", "format": "[Gen 9] Random Battle", "players": ["sonoffin", "fashionstar510"], "log": "|j|\u2606sonoffin\n|j|\u203dfashionstar510\n|t:|1781414669\n|gametype|singles\n|player|p1|sonoffin|hilbert-wonderlauncher|2204\n|player|p2|fashionstar510|266|2265\n|gen|9\n|tier|[Gen 9] Random Battle\n|rated|\n|rule|Species Clause: Limit one of each Pok\u00e9mon\n|rule|HP Percentage Mod: HP is shown in percentages\n|rule|Sleep Clause Mod: Limit one foe put to sleep\n|rule|Illusion Level Mod: Illusion disguises the Pok\u00e9mon's true level\n|\n|t:|1781414669\n|teamsize|p1|6\n|teamsize|p2|6\n|start\n|switch|p1a: Umbreon|Umbreon, L84, M|297/297\n|switch|p2a: Dragonite|Dragonite, L74, M|257/257\n|turn|1\n|inactive|Battle timer is ON: inactive players will automatically lose when time's up. (requested by sonoffin)\n|\n|t:|1781414699\n|switch|p2a: Meowscarada|Meowscarada, L78, M|247/247\n|move|p1a: Umbreon|Toxic|p2a: Meowscarada\n|-status|p2a: Meowscarada|tox\n|\n|-damage|p2a: Meowscarada|232/247 tox|[from] psn\n|upkeep\n|turn|2\n|\n|t:|1781414707\n|move|p1a: Umbreon|Protect|p1a: Umbreon\n|-singleturn|p1a: Umbreon|Protect\n|move|p2a: Meowscarada|Toxic Spikes|p1a: Umbreon\n|-start|p2a: Meowscarada|typechange|Poison|[from] ability: Protean\n|-sidestart|p1: sonoffin|move: Toxic Spikes\n|\n|-damage|p2a: Meowscarada|202/247 tox|[from] psn\n|upkeep\n|turn|3\n|\n|t:|1781414732\n|move|p2a: Meowscarada|Knock Off|p1a: Umbreon\n|-resisted|p1a: Umbreon\n|-damage|p1a: Umbreon|259/297\n|-enditem|p1a: Umbreon|Leftovers|[from] move: Knock Off|[of] p2a: Meowscarada\n|-damage|p2a: Meowscarada|178/247 tox|[from] item: Life Orb\n|move|p1a: Umbreon|Foul Play|p2a: Meowscarada\n|-damage|p2a: Meowscarada|52/247 tox\n|\n|-damage|p2a: Meowscarada|7/247 tox|[from] psn\n|upkeep\n|turn|4\n|\n|t:|1781414742\n|move|p1a: Umbreon|Protect|p1a: Umbreon\n|-singleturn|p1a: Umbreon|Protect\n|move|p2a: Meowscarada|Toxic Spikes|p1a: Umbreon\n|-sidestart|p1: sonoffin|move: Toxic Spikes\n|\n|-damage|p2a: Meowscarada|0 fnt|[from] psn\n|faint|p2a: Meowscarada\n|upkeep\n|\n|t:|1781414753\n|switch|p2a: Luvdisc|Luvdisc, F|247/247\n|turn|5\n|\n|t:|1781414757\n|move|p2a: Luvdisc|Substitute|p2a: Luvdisc\n|-start|p2a: Luvdisc|Substitute\n|-damage|p2a: Luvdisc|186/247\n|move|p1a: Umbreon|Foul Play|p2a: Luvdisc\n|-activate|p2a: Luvdisc|move: Substitute|[damage]\n|\n|upkeep\n|turn|6\n|\n|t:|1781414765\n|move|p2a: Luvdisc|Whirlpool|p1a: Umbreon\n|-damage|p1a: Umbreon|238/297\n|-activate|p1a: Umbreon|move: Whirlpool|[of] p2a: Luvdisc\n|move|p1a: Umbreon|Foul Play|p2a: Luvdisc\n|-end|p2a: Luvdisc|Substitute\n|\n|-damage|p1a: Umbreon|201/297|[from] move: Whirlpool|[partiallytrapped]\n|upkeep\n|turn|7\n|\n|t:|1781414773\n|move|p2a: Luvdisc|Substitute|p2a: Luvdisc\n|-start|p2a: Luvdisc|Substitute\n|-damage|p2a: Luvdisc|125/247\n|move|p1a: Umbreon|Wish|p1a: Umbreon\n|\n|-damage|p1a: Umbreon|164/297|[from] move: Whirlpool|[partiallytrapped]\n|upkeep\n|turn|8\n|\n|t:|1781414779\n|move|p2a: Luvdisc|Surf|p1a: Umbreon\n|-damage|p1a: Umbreon|110/297\n|move|p1a: Umbreon|Foul Play|p2a: Luvdisc\n|-activate|p2a: Luvdisc|move: Substitute|[damage]\n|\n|-heal|p1a: Umbreon|258/297|[from] move: Wish|[wisher] Umbreon\n|-damage|p1a: Umbreon|221/297|[from] move: Whirlpool|[partiallytrapped]\n|upkeep\n|turn|9\n|\n|t:|1781414787\n|move|p2a: Luvdisc|Surf|p1a: Umbreon\n|-damage|p1a: Umbreon|164/297\n|move|p1a: Umbreon|Wish|p1a: Umbreon\n|\n|-damage|p1a: Umbreon|127/297|[from] move: Whirlpool|[partiallytrapped]\n|upkeep\n|turn|10\n|\n|t:|1781414793\n|move|p2a: Luvdisc|Surf|p1a: Umbreon\n|-damage|p1a: Umbreon|76/297\n|move|p1a: Umbreon|Foul Play|p2a: Luvdisc\n|-end|p2a: Luvdisc|Substitute\n|\n|-heal|p1a: Umbreon|224/297|[from] move: Wish|[wisher] Umbreon\n|-end|p1a: Umbreon|Whirlpool|[partiallytrapped]\n|upkeep\n|turn|11\n|\n|t:|1781414803\n|move|p2a: Luvdisc|Substitute|p2a: Luvdisc\n|-start|p2a: Luvdisc|Substitute\n|-damage|p2a: Luvdisc|64/247\n|move|p1a: Umbreon|Foul Play|p2a: Luvdisc\n|-activate|p2a: Luvdisc|move: Substitute|[damage]\n|\n|upkeep\n|turn|12\n|\n|t:|1781414809\n|move|p2a: Luvdisc|Whirlpool|p1a: Umbreon\n|-damage|p1a: Umbreon|202/297\n|-activate|p1a: Umbreon|move: Whirlpool|[of] p2a: Luvdisc\n|move|p1a: Umbreon|Foul Play|p2a: Luvdisc\n|-end|p2a: Luvdisc|Substitute\n|\n|-damage|p1a: Umbreon|165/297|[from] move: Whirlpool|[partiallytrapped]\n|upkeep\n|turn|13\n|\n|t:|1781414818\n|move|p2a: Luvdisc|Substitute|p2a: Luvdisc\n|-start|p2a: Luvdisc|Substitute\n|-damage|p2a: Luvdisc|3/247\n|move|p1a: Umbreon|Foul Play|p2a: Luvdisc\n|-activate|p2a: Luvdisc|move: Substitute|[damage]\n|\n|-damage|p1a: Umbreon|128/297|[from] move: Whirlpool|[partiallytrapped]\n|upkeep\n|turn|14\n|\n|t:|1781414825\n|move|p2a: Luvdisc|Endeavor|p1a: Umbreon\n|-damage|p1a: Umbreon|3/297\n|move|p1a: Umbreon|Foul Play|p2a: Luvdisc\n|-end|p2a: Luvdisc|Substitute\n|\n|-damage|p1a: Umbreon|0 fnt|[from] move: Whirlpool|[partiallytrapped]\n|faint|p1a: Umbreon\n|upkeep\n|\n|t:|1781414834\n|switch|p1a: Cyclizar|Cyclizar, L83, F|252/252\n|turn|15\n|\n|t:|1781414850\n|-terastallize|p2a: Luvdisc|Ghost\n|move|p2a: Luvdisc|Endeavor|p1a: Cyclizar\n|-damage|p1a: Cyclizar|3/252\n|move|p1a: Cyclizar|Knock Off|p2a: Luvdisc\n|-supereffective|p2a: Luvdisc\n|-damage|p2a: Luvdisc|0 fnt\n|-enditem|p2a: Luvdisc|Heavy-Duty Boots|[from] move: Knock Off|[of] p1a: Cyclizar\n|faint|p2a: Luvdisc\n|\n|upkeep\n|\n|t:|1781414856\n|switch|p2a: Dragonite|Dragonite, L74, M|257/257\n|turn|16\n|\n|t:|1781414865\n|switch|p1a: Meowscarada|Meowscarada, L78, M|247/247\n|-status|p1a: Meowscarada|tox\n|move|p2a: Dragonite|Dragon Dance|p2a: Dragonite\n|-boost|p2a: Dragonite|atk|1\n|-boost|p2a: Dragonite|spe|1\n|\n|-damage|p1a: Meowscarada|232/247 tox|[from] psn\n|upkeep\n|turn|17\n|\n|t:|1781414877\n|move|p2a: Dragonite|Outrage|p1a: Meowscarada\n|-damage|p1a: Meowscarada|0 fnt\n|faint|p1a: Meowscarada\n|\n|upkeep\n|\n|t:|1781414885\n|switch|p1a: Alcremie|Alcremie-Ruby-Cream, L90, F|263/263\n|-status|p1a: Alcremie|tox\n|turn|18\n|\n|t:|1781414890\n|move|p2a: Dragonite|Outrage|p1a: Alcremie|[from] lockedmove\n|-immune|p1a: Alcremie\n|move|p1a: Alcremie|Alluring Voice|p2a: Dragonite\n|-supereffective|p2a: Dragonite\n|-damage|p2a: Dragonite|145/257\n|\n|-damage|p1a: Alcremie|247/263 tox|[from] psn\n|upkeep\n|turn|19\n|\n|t:|1781414898\n|switch|p2a: Ampharos|Ampharos, L88, F|302/302\n|move|p1a: Alcremie|Alluring Voice|p2a: Ampharos\n|-damage|p2a: Ampharos|230/302\n|\n|-heal|p1a: Alcremie|263/263 tox|[from] item: Leftovers\n|-damage|p1a: Alcremie|231/263 tox|[from] psn\n|upkeep\n|turn|20\n|\n|t:|1781414909\n|move|p1a: Alcremie|Alluring Voice|p2a: Ampharos\n|-damage|p2a: Ampharos|160/302\n|move|p2a: Ampharos|Discharge|p1a: Alcremie\n|-damage|p1a: Alcremie|158/263 tox\n|\n|-heal|p1a: Alcremie|174/263 tox|[from] item: Leftovers\n|-damage|p1a: Alcremie|126/263 tox|[from] psn\n|upkeep\n|turn|21\n|\n|t:|1781414917\n|move|p1a: Alcremie|Alluring Voice|p2a: Ampharos\n|-damage|p2a: Ampharos|91/302\n|move|p2a: Ampharos|Discharge|p1a: Alcremie\n|-damage|p1a: Alcremie|53/263 tox\n|\n|-heal|p1a: Alcremie|69/263 tox|[from] item: Leftovers\n|-damage|p1a: Alcremie|5/263 tox|[from] psn\n|upkeep\n|turn|22\n|\n|t:|1781414925\n|move|p1a: Alcremie|Alluring Voice|p2a: Ampharos\n|-damage|p2a: Ampharos|24/302\n|move|p2a: Ampharos|Discharge|p1a: Alcremie\n|-damage|p1a: Alcremie|0 fnt\n|faint|p1a: Alcremie\n|\n|upkeep\n|\n|t:|1781414931\n|switch|p1a: Cyclizar|Cyclizar, L83, F|87/252\n|turn|23\n|\n|t:|1781414935\n|move|p1a: Cyclizar|Rapid Spin|p2a: Ampharos\n|-crit|p2a: Ampharos\n|-damage|p2a: Ampharos|0 fnt\n|-boost|p1a: Cyclizar|spe|1\n|-status|p1a: Cyclizar|par|[from] ability: Static|[of] p2a: Ampharos\n|-sideend|p1: sonoffin|Toxic Spikes|[from] move: Rapid Spin|[of] p1a: Cyclizar\n|faint|p2a: Ampharos\n|\n|upkeep\n|\n|t:|1781414941\n|switch|p2a: Drednaw|Drednaw, L81, F|278/278\n|turn|24\n|\n|t:|1781414948\n|cant|p1a: Cyclizar|par\n|move|p2a: Drednaw|Shell Smash|p2a: Drednaw\n|-unboost|p2a: Drednaw|def|1\n|-unboost|p2a: Drednaw|spd|1\n|-boost|p2a: Drednaw|atk|2\n|-boost|p2a: Drednaw|spa|2\n|-boost|p2a: Drednaw|spe|2\n|-enditem|p2a: Drednaw|White Herb\n|-clearnegativeboost|p2a: Drednaw|[silent]\n|\n|upkeep\n|turn|25\n|\n|t:|1781414956\n|move|p2a: Drednaw|Crunch|p1a: Cyclizar\n|-damage|p1a: Cyclizar|0 fnt\n|faint|p1a: Cyclizar\n|\n|upkeep\n|\n|t:|1781414960\n|switch|p1a: Sunflora|Sunflora, F|312/312\n|turn|26\n|\n|t:|1781414965\n|move|p2a: Drednaw|Stone Edge|p1a: Sunflora\n|-crit|p1a: Sunflora\n|-damage|p1a: Sunflora|0 fnt\n|faint|p1a: Sunflora\n|\n|upkeep\n|\n|t:|1781414971\n|switch|p1a: Pikachu|Pikachu-Sinnoh, L93, F|216/216\n|turn|27\n|j| Zyroth_7\n|\n|t:|1781414978\n|-terastallize|p1a: Pikachu|Water\n|move|p2a: Drednaw|Crunch|p1a: Pikachu\n|-damage|p1a: Pikachu|0 fnt\n|faint|p1a: Pikachu\n|\n|win|fashionstar510\n", "uploadtime": 1781414671, "views": 5, "formatid": "gen9randombattle", "rating": null, "private": 0, "password": null}