{"id": "gen9randombattle-2631881195", "format": "[Gen 9] Random Battle", "players": ["Blackflameds", "Panoganzo"], "log": "|j|\u2606Blackflameds\n|j|\u2606Panoganzo\n|t:|1781451502\n|gametype|singles\n|player|p1|Blackflameds|gentleman-gen4|1602\n|player|p2|Panoganzo|169|1567\n|gen|9\n|tier|[Gen 9] Random Battle\n|rated|\n|rule|Species Clause: Limit one of each Pok\u00e9mon\n|rule|HP Percentage Mod: HP is shown in percentages\n|rule|Sleep Clause Mod: Limit one foe put to sleep\n|rule|Illusion Level Mod: Illusion disguises the Pok\u00e9mon's true level\n|\n|t:|1781451502\n|teamsize|p1|6\n|teamsize|p2|6\n|start\n|switch|p1a: Tentacruel|Tentacruel, L84, M|272/272\n|switch|p2a: Flygon|Flygon, L82, F|265/265\n|turn|1\n|\n|t:|1781451515\n|switch|p1a: Whiscash|Whiscash, L88, F|337/337\n|move|p2a: Flygon|Earthquake|p1a: Whiscash\n|-damage|p1a: Whiscash|229/337\n|\n|-heal|p1a: Whiscash|250/337|[from] item: Leftovers\n|upkeep\n|turn|2\n|\n|t:|1781451522\n|switch|p2a: Ogerpon|Ogerpon-Wellspring, L76, F|247/247\n|move|p1a: Whiscash|Stealth Rock|p2a: Ogerpon\n|-sidestart|p2: Panoganzo|move: Stealth Rock\n|\n|-heal|p1a: Whiscash|271/337|[from] item: Leftovers\n|upkeep\n|turn|3\n|\n|t:|1781451534\n|switch|p1a: Appletun|Appletun, L92, M|352/352\n|move|p2a: Ogerpon|Wood Hammer|p1a: Appletun\n|-resisted|p1a: Appletun\n|-damage|p1a: Appletun|317/352\n|-damage|p2a: Ogerpon|235/247|[from] Recoil\n|\n|-heal|p1a: Appletun|339/352|[from] item: Leftovers\n|upkeep\n|turn|4\n|\n|t:|1781451544\n|switch|p2a: Goodra|Goodra, L85, F|292/292\n|-damage|p2a: Goodra|256/292|[from] Stealth Rock\n|move|p1a: Appletun|Apple Acid|p2a: Goodra\n|-ability|p2a: Goodra|Sap Sipper|boost\n|-boost|p2a: Goodra|atk|1\n|\n|-heal|p1a: Appletun|352/352|[from] item: Leftovers\n|upkeep\n|turn|5\n|\n|t:|1781451555\n|switch|p1a: Vigoroth|Vigoroth, L85, M|275/275\n|move|p2a: Goodra|Draco Meteor|p1a: Vigoroth\n|-damage|p1a: Vigoroth|128/275\n|-unboost|p2a: Goodra|spa|2\n|\n|upkeep\n|turn|6\n|\n|t:|1781451569\n|move|p1a: Vigoroth|Slack Off|p1a: Vigoroth\n|-heal|p1a: Vigoroth|266/275\n|move|p2a: Goodra|Power Whip|p1a: Vigoroth|[miss]\n|-miss|p2a: Goodra|p1a: Vigoroth\n|\n|upkeep\n|turn|7\n|\n|t:|1781451578\n|switch|p2a: Zapdos|Zapdos-Galar, L77|265/265\n|-damage|p2a: Zapdos|232/265|[from] Stealth Rock\n|move|p1a: Vigoroth|Bulk Up|p1a: Vigoroth\n|-boost|p1a: Vigoroth|atk|1\n|-boost|p1a: Vigoroth|def|1\n|\n|upkeep\n|turn|8\n|\n|t:|1781451584\n|move|p2a: Zapdos|Close Combat|p1a: Vigoroth\n|-supereffective|p1a: Vigoroth\n|-damage|p1a: Vigoroth|144/275\n|-unboost|p2a: Zapdos|def|1\n|-unboost|p2a: Zapdos|spd|1\n|move|p1a: Vigoroth|Body Slam|p2a: Zapdos\n|-damage|p2a: Zapdos|43/265\n|\n|upkeep\n|turn|9\n|\n|t:|1781451590\n|move|p2a: Zapdos|Close Combat|p1a: Vigoroth\n|-supereffective|p1a: Vigoroth\n|-damage|p1a: Vigoroth|30/275\n|-unboost|p2a: Zapdos|def|1\n|-unboost|p2a: Zapdos|spd|1\n|move|p1a: Vigoroth|Body Slam|p2a: Zapdos\n|-damage|p2a: Zapdos|0 fnt\n|faint|p2a: Zapdos\n|\n|upkeep\n|\n|t:|1781451604\n|switch|p2a: Cinderace|Cinderace, L77, F|250/250\n|turn|10\n|\n|t:|1781451611\n|move|p2a: Cinderace|Pyro Ball|p1a: Vigoroth\n|-damage|p1a: Vigoroth|0 fnt\n|faint|p1a: Vigoroth\n|\n|upkeep\n|\n|t:|1781451614\n|switch|p1a: Tentacruel|Tentacruel, L84, M|272/272\n|turn|11\n|\n|t:|1781451626\n|move|p2a: Cinderace|U-turn|p1a: Tentacruel\n|-start|p2a: Cinderace|typechange|Bug|[from] ability: Libero\n|-resisted|p1a: Tentacruel\n|-damage|p1a: Tentacruel|230/272\n|\n|t:|1781451629\n|switch|p2a: Flygon|Flygon, L82, F|265/265|[from] U-turn\n|-damage|p2a: Flygon|249/265|[from] Stealth Rock\n|move|p1a: Tentacruel|Rapid Spin|p2a: Flygon\n|-crit|p2a: Flygon\n|-damage|p2a: Flygon|203/265\n|-boost|p1a: Tentacruel|spe|1\n|\n|-heal|p1a: Tentacruel|247/272|[from] item: Leftovers\n|upkeep\n|turn|12\n|\n|t:|1781451642\n|switch|p1a: Azelf|Azelf, L82|257/257\n|move|p2a: Flygon|Earthquake|p1a: Azelf\n|-immune|p1a: Azelf|[from] ability: Levitate\n|\n|upkeep\n|turn|13\n|\n|t:|1781451658\n|switch|p2a: Cinderace|Cinderace, L77, F|250/250\n|move|p1a: Azelf|Knock Off|p2a: Cinderace\n|-damage|p2a: Cinderace|159/250\n|-enditem|p2a: Cinderace|Heavy-Duty Boots|[from] move: Knock Off|[of] p1a: Azelf\n|\n|upkeep\n|turn|14\n|\n|t:|1781451666\n|switch|p1a: Whiscash|Whiscash, L88, F|271/337\n|move|p2a: Cinderace|Will-O-Wisp|p1a: Whiscash\n|-status|p1a: Whiscash|brn\n|\n|-heal|p1a: Whiscash|292/337 brn|[from] item: Leftovers\n|-damage|p1a: Whiscash|271/337 brn|[from] brn\n|upkeep\n|turn|15\n|\n|t:|1781451674\n|move|p2a: Cinderace|U-turn|p1a: Whiscash\n|-start|p2a: Cinderace|typechange|Bug|[from] ability: Libero\n|-damage|p1a: Whiscash|189/337 brn\n|\n|t:|1781451678\n|switch|p2a: Ogerpon|Ogerpon-Wellspring, L76, F|235/247|[from] U-turn\n|-damage|p2a: Ogerpon|205/247|[from] Stealth Rock\n|move|p1a: Whiscash|Spikes|p2a: Ogerpon\n|-sidestart|p2: Panoganzo|Spikes\n|\n|-heal|p1a: Whiscash|210/337 brn|[from] item: Leftovers\n|-damage|p1a: Whiscash|189/337 brn|[from] brn\n|upkeep\n|turn|16\n|\n|t:|1781451696\n|switch|p2a: Meowstic|Meowstic-F, L89, F|277/277\n|-damage|p2a: Meowstic|243/277|[from] Stealth Rock\n|-damage|p2a: Meowstic|209/277|[from] Spikes\n|switch|p1a: Appletun|Appletun, L92, M|352/352\n|\n|upkeep\n|turn|17\n|\n|t:|1781451706\n|switch|p1a: Chi-Yu|Chi-Yu, L77|211/211\n|-ability|p1a: Chi-Yu|Beads of Ruin\n|move|p2a: Meowstic|Psyshock|p1a: Chi-Yu\n|-immune|p1a: Chi-Yu\n|\n|upkeep\n|turn|18\n|\n|t:|1781451713\n|switch|p2a: Flygon|Flygon, L82, F|203/265\n|-damage|p2a: Flygon|187/265|[from] Stealth Rock\n|move|p1a: Chi-Yu|Dark Pulse|p2a: Flygon\n|-damage|p2a: Flygon|52/265\n|\n|upkeep\n|turn|19\n|\n|t:|1781451724\n|switch|p1a: Whiscash|Whiscash, L88, F|189/337 brn\n|move|p2a: Flygon|U-turn|p1a: Whiscash\n|-damage|p1a: Whiscash|140/337 brn\n|\n|t:|1781451732\n|switch|p2a: Cinderace|Cinderace, L77, F|159/250|[from] U-turn\n|-damage|p2a: Cinderace|97/250|[from] Stealth Rock\n|-damage|p2a: Cinderace|66/250|[from] Spikes\n|\n|-heal|p1a: Whiscash|161/337 brn|[from] item: Leftovers\n|-damage|p1a: Whiscash|140/337 brn|[from] brn\n|upkeep\n|turn|20\n|\n|t:|1781451744\n|-terastallize|p2a: Cinderace|Grass\n|move|p2a: Cinderace|Court Change|p2a: Cinderace\n|-swapsideconditions\n|-activate|p2a: Cinderace|move: Court Change\n|move|p1a: Whiscash|Spikes|p2a: Cinderace\n|-sidestart|p2: Panoganzo|Spikes\n|\n|-heal|p1a: Whiscash|161/337 brn|[from] item: Leftovers\n|-damage|p1a: Whiscash|140/337 brn|[from] brn\n|upkeep\n|turn|21\n|\n|t:|1781451750\n|move|p2a: Cinderace|Court Change|p2a: Cinderace\n|-swapsideconditions\n|-activate|p2a: Cinderace|move: Court Change\n|move|p1a: Whiscash|Stealth Rock||[still]\n|-fail|p1a: Whiscash\n|\n|-heal|p1a: Whiscash|161/337 brn|[from] item: Leftovers\n|-damage|p1a: Whiscash|140/337 brn|[from] brn\n|upkeep\n|turn|22\n|\n|t:|1781451754\n|move|p2a: Cinderace|Court Change|p2a: Cinderace\n|-swapsideconditions\n|-activate|p2a: Cinderace|move: Court Change\n|move|p1a: Whiscash|Earthquake|p2a: Cinderace\n|-resisted|p2a: Cinderace\n|-damage|p2a: Cinderace|33/250\n|\n|-heal|p1a: Whiscash|161/337 brn|[from] item: Leftovers\n|-damage|p1a: Whiscash|140/337 brn|[from] brn\n|upkeep\n|turn|23\n|\n|t:|1781451759\n|move|p2a: Cinderace|U-turn|p1a: Whiscash\n|-damage|p1a: Whiscash|91/337 brn\n|\n|t:|1781451766\n|switch|p2a: Ogerpon|Ogerpon-Wellspring, L76, F|205/247|[from] U-turn\n|-damage|p2a: Ogerpon|175/247|[from] Spikes\n|move|p1a: Whiscash|Spikes|p2a: Ogerpon\n|-sidestart|p2: Panoganzo|Spikes\n|\n|-heal|p1a: Whiscash|112/337 brn|[from] item: Leftovers\n|-damage|p1a: Whiscash|91/337 brn|[from] brn\n|upkeep\n|turn|24\n|\n|t:|1781451774\n|move|p2a: Ogerpon|Synthesis|p2a: Ogerpon\n|-heal|p2a: Ogerpon|247/247\n|move|p1a: Whiscash|Stealth Rock|p2a: Ogerpon\n|-sidestart|p2: Panoganzo|move: Stealth Rock\n|\n|-heal|p1a: Whiscash|112/337 brn|[from] item: Leftovers\n|-damage|p1a: Whiscash|91/337 brn|[from] brn\n|upkeep\n|turn|25\n|\n|t:|1781451779\n|move|p2a: Ogerpon|Wood Hammer|p1a: Whiscash\n|-supereffective|p1a: Whiscash\n|-damage|p1a: Whiscash|0 fnt\n|faint|p1a: Whiscash\n|-damage|p2a: Ogerpon|217/247|[from] Recoil\n|\n|upkeep\n|\n|t:|1781451791\n|switch|p1a: Tentacruel|Tentacruel, L84, M|247/272\n|-damage|p1a: Tentacruel|213/272|[from] Stealth Rock\n|-damage|p1a: Tentacruel|179/272|[from] Spikes\n|turn|26\n|\n|t:|1781451807\n|switch|p2a: Meowstic|Meowstic-F, L89, F|209/277\n|-damage|p2a: Meowstic|163/277|[from] Spikes\n|-damage|p2a: Meowstic|129/277|[from] Stealth Rock\n|move|p1a: Tentacruel|Rapid Spin|p2a: Meowstic\n|-damage|p2a: Meowstic|100/277\n|-boost|p1a: Tentacruel|spe|1\n|-sideend|p1: Blackflameds|Spikes|[from] move: Rapid Spin|[of] p1a: Tentacruel\n|-sideend|p1: Blackflameds|Stealth Rock|[from] move: Rapid Spin|[of] p1a: Tentacruel\n|\n|-heal|p1a: Tentacruel|196/272|[from] item: Leftovers\n|upkeep\n|turn|27\n|\n|t:|1781451817\n|switch|p1a: Chi-Yu|Chi-Yu, L77|211/211\n|-ability|p1a: Chi-Yu|Beads of Ruin\n|move|p2a: Meowstic|Thunderbolt|p1a: Chi-Yu\n|-damage|p1a: Chi-Yu|142/211\n|-damage|p2a: Meowstic|73/277|[from] item: Life Orb\n|\n|upkeep\n|turn|28\n|\n|t:|1781451826\n|move|p2a: Meowstic|Thunderbolt|p1a: Chi-Yu\n|-damage|p1a: Chi-Yu|69/211\n|-damage|p2a: Meowstic|46/277|[from] item: Life Orb\n|move|p1a: Chi-Yu|Dark Pulse|p2a: Meowstic\n|-supereffective|p2a: Meowstic\n|-damage|p2a: Meowstic|0 fnt\n|faint|p2a: Meowstic\n|\n|upkeep\n|\n|t:|1781451836\n|switch|p2a: Flygon|Flygon, L82, F|52/265\n|-damage|p2a: Flygon|36/265|[from] Stealth Rock\n|turn|29\n|\n|t:|1781451848\n|move|p2a: Flygon|Outrage|p1a: Chi-Yu\n|-damage|p1a: Chi-Yu|0 fnt\n|faint|p1a: Chi-Yu\n|\n|upkeep\n|\n|t:|1781451856\n|switch|p1a: Azelf|Azelf, L82|257/257\n|turn|30\n|\n|t:|1781451860\n|move|p2a: Flygon|Outrage|p1a: Azelf|[from] lockedmove\n|-damage|p1a: Azelf|118/257\n|-start|p2a: Flygon|confusion|[fatigue]\n|move|p1a: Azelf|Psychic|p2a: Flygon\n|-crit|p2a: Flygon\n|-damage|p2a: Flygon|0 fnt\n|faint|p2a: Flygon\n|\n|upkeep\n|\n|t:|1781451868\n|switch|p2a: Cinderace|Cinderace, L77, F, tera:Grass|33/250\n|-damage|p2a: Cinderace|0 fnt|[from] Spikes\n|faint|p2a: Cinderace\n|\n|t:|1781451871\n|switch|p2a: Goodra|Goodra, L85, F|256/292\n|-damage|p2a: Goodra|208/292|[from] Spikes\n|-damage|p2a: Goodra|172/292|[from] Stealth Rock\n|turn|31\n|\n|t:|1781451878\n|move|p1a: Azelf|Knock Off|p2a: Goodra\n|-damage|p2a: Goodra|76/292\n|-enditem|p2a: Goodra|Assault Vest|[from] move: Knock Off|[of] p1a: Azelf\n|move|p2a: Goodra|Draco Meteor|p1a: Azelf\n|-damage|p1a: Azelf|0 fnt\n|-unboost|p2a: Goodra|spa|2\n|faint|p1a: Azelf\n|\n|upkeep\n|\n|t:|1781451882\n|switch|p1a: Tentacruel|Tentacruel, L84, M|196/272\n|turn|32\n|\n|t:|1781451888\n|move|p1a: Tentacruel|Sludge Bomb|p2a: Goodra\n|-damage|p2a: Goodra|21/292\n|move|p2a: Goodra|Power Whip|p1a: Tentacruel\n|-damage|p1a: Tentacruel|88/272\n|\n|-heal|p1a: Tentacruel|105/272|[from] item: Leftovers\n|upkeep\n|turn|33\n|\n|t:|1781451893\n|move|p1a: Tentacruel|Sludge Bomb|p2a: Goodra\n|-damage|p2a: Goodra|0 fnt\n|faint|p2a: Goodra\n|\n|-heal|p1a: Tentacruel|122/272|[from] item: Leftovers\n|upkeep\n|\n|t:|1781451898\n|switch|p2a: Ogerpon|Ogerpon-Wellspring, L76, F|217/247\n|-damage|p2a: Ogerpon|176/247|[from] Spikes\n|-damage|p2a: Ogerpon|146/247|[from] Stealth Rock\n|turn|34\n|\n|t:|1781451907\n|move|p1a: Tentacruel|Sludge Bomb|p2a: Ogerpon\n|-supereffective|p2a: Ogerpon\n|-damage|p2a: Ogerpon|0 fnt\n|faint|p2a: Ogerpon\n|\n|win|Blackflameds\n|raw|Blackflameds's rating: 1602 &rarr; <strong>1620</strong><br />(+18 for winning)\n|raw|Panoganzo's rating: 1567 &rarr; <strong>1549</strong><br />(-18 for losing)\n|l|\u2606Panoganzo\n|player|p2|\n", "inputlog": ">version a8376a258c1d4662feba110a92103f3664a72141\n>start {\"formatid\":\"gen9randombattle\",\"seed\":\"sodium,435d0d5777e14700d8b10f6a0f3a5c64\",\"rated\":\"Rated battle\"}\n>player p1 {\"name\":\"Blackflameds\",\"avatar\":\"gentleman-gen4\",\"rating\":1602,\"seed\":\"sodium,6140671c2cb481ba20cd1ddd612895e6\"}\n>player p2 {\"name\":\"Panoganzo\",\"avatar\":\"169\",\"rating\":1567,\"seed\":\"sodium,f858cb8e73965a97914eb74bbfa09e16\"}\n>p1 switch 5\n>p2 move earthquake\n>p1 move stealthrock\n>p2 switch 3\n>p1 switch 3\n>p2 move woodhammer\n>p1 move appleacid\n>p2 switch 2\n>p1 switch 4\n>p2 move dracometeor\n>p1 move slackoff\n>p2 move powerwhip\n>p1 move bulkup\n>p2 switch 5\n>p1 move bodyslam\n>p2 move closecombat\n>p1 move bodyslam\n>p2 move closecombat\n>p2 switch 6\n>p1 move bodyslam\n>p2 move pyroball\n>p1 switch 5\n>p1 move rapidspin\n>p2 move uturn\n>p2 switch 3\n>p1 switch 2\n>p2 move earthquake\n>p1 move knockoff\n>p2 switch 3\n>p1 switch 3\n>p2 move willowisp\n>p1 move spikes\n>p2 move uturn\n>p2 switch 2\n>p1 switch 4\n>p2 switch 4\n>p1 switch 6\n>p2 move psyshock\n>p1 move darkpulse\n>p2 switch 3\n>p1 switch 4\n>p2 move uturn\n>p2 switch 2\n>p1 move spikes\n>p2 move courtchange terastallize\n>p1 move stealthrock\n>p2 move courtchange\n>p1 move earthquake\n>p2 move courtchange\n>p1 move spikes\n>p2 move uturn\n>p2 switch 4\n>p1 move stealthrock\n>p2 move synthesis\n>p1 move spikes\n>p2 move woodhammer\n>p1 switch 2\n>p1 move rapidspin\n>p2 switch 3\n>p1 switch 4\n>p2 move thunderbolt\n>p1 move darkpulse\n>p2 move thunderbolt\n>p2 switch 2\n>p1 move darkpulse\n>p2 move outrage\n>p1 switch 3\n>p1 move psychic\n>p2 move outrage\n>p2 switch 4\n>p2 switch 5\n>p1 move knockoff\n>p2 move dracometeor\n>p1 switch 4\n>p1 move sludgebomb\n>p2 move powerwhip\n>p1 move sludgebomb\n>p2 move powerwhip\n>p2 switch 3\n>p1 move sludgebomb\n>p2 move synthesis", "uploadtime": 1781451913, "views": 11, "formatid": "gen9randombattle", "rating": 1549, "private": 0, "password": null}