{"id": "gen9randombattle-2631496111", "format": "[Gen 9] Random Battle", "players": ["f91swdg", "bluffmepls"], "log": "|j|\u2606f91swdg\n|j|\u2606bluffmepls\n|t:|1781392399\n|gametype|singles\n|player|p1|f91swdg|biker-gen4|2130\n|player|p2|bluffmepls|266|2244\n|gen|9\n|tier|[Gen 9] Random Battle\n|rated|\n|rule|Species Clause: Limit one of each Pok\u00e9mon\n|rule|HP Percentage Mod: HP is shown in percentages\n|rule|Sleep Clause Mod: Limit one foe put to sleep\n|rule|Illusion Level Mod: Illusion disguises the Pok\u00e9mon's true level\n|\n|t:|1781392399\n|teamsize|p1|6\n|teamsize|p2|6\n|start\n|switch|p1a: Duraludon|Duraludon, L82, F|249/249\n|switch|p2a: Dipplin|Dipplin, L88, M|284/284\n|turn|1\n|inactive|Battle timer is ON: inactive players will automatically lose when time's up. (requested by bluffmepls)\n|inactive|f91swdg also wants the timer to be on.\n|\n|t:|1781392419\n|switch|p2a: Grimmsnarl|Grimmsnarl, L83, M|293/293\n|move|p1a: Duraludon|Stealth Rock|p2a: Grimmsnarl\n|-sidestart|p2: bluffmepls|move: Stealth Rock\n|\n|upkeep\n|turn|2\n|\n|t:|1781392422\n|move|p1a: Duraludon|Flash Cannon|p2a: Grimmsnarl\n|-supereffective|p2a: Grimmsnarl\n|-damage|p2a: Grimmsnarl|71/293\n|move|p2a: Grimmsnarl|Spirit Break|p1a: Duraludon\n|-damage|p1a: Duraludon|198/249\n|-unboost|p1a: Duraludon|spa|1\n|\n|-heal|p2a: Grimmsnarl|89/293|[from] item: Leftovers\n|upkeep\n|turn|3\n|\n|t:|1781392428\n|move|p2a: Grimmsnarl|Thunder Wave|p1a: Duraludon\n|-status|p1a: Duraludon|par\n|move|p1a: Duraludon|Flash Cannon|p2a: Grimmsnarl\n|-supereffective|p2a: Grimmsnarl\n|-damage|p2a: Grimmsnarl|0 fnt\n|faint|p2a: Grimmsnarl\n|\n|upkeep\n|\n|t:|1781392432\n|switch|p2a: Bastiodon|Bastiodon, L89, F|252/252\n|-damage|p2a: Bastiodon|237/252|[from] Stealth Rock\n|turn|4\n|\n|t:|1781392436\n|move|p2a: Bastiodon|Iron Defense|p2a: Bastiodon\n|-boost|p2a: Bastiodon|def|2\n|move|p1a: Duraludon|Body Press|p2a: Bastiodon\n|-supereffective|p2a: Bastiodon\n|-crit|p2a: Bastiodon\n|-damage|p2a: Bastiodon|33/252\n|\n|upkeep\n|turn|5\n|\n|t:|1781392439\n|move|p2a: Bastiodon|Body Press|p1a: Duraludon\n|-supereffective|p1a: Duraludon\n|-damage|p1a: Duraludon|0 fnt\n|faint|p1a: Duraludon\n|\n|upkeep\n|\n|t:|1781392446\n|switch|p1a: Wugtrio|Wugtrio, L91, F|212/212\n|turn|6\n|\n|t:|1781392451\n|move|p1a: Wugtrio|Liquidation|p2a: Bastiodon\n|-supereffective|p2a: Bastiodon\n|-damage|p2a: Bastiodon|0 fnt\n|faint|p2a: Bastiodon\n|\n|upkeep\n|\n|t:|1781392453\n|switch|p2a: Dipplin|Dipplin, L88, M|284/284\n|-damage|p2a: Dipplin|249/284|[from] Stealth Rock\n|turn|7\n|\n|t:|1781392459\n|switch|p1a: Trevenant|Trevenant, L89, M|296/296\n|move|p2a: Dipplin|Dragon Pulse|p1a: Trevenant\n|-damage|p1a: Trevenant|197/296\n|\n|upkeep\n|turn|8\n|\n|t:|1781392465\n|move|p1a: Trevenant|Toxic|p2a: Dipplin\n|-status|p2a: Dipplin|tox\n|move|p2a: Dipplin|Dragon Tail|p1a: Trevenant\n|-damage|p1a: Trevenant|128/296\n|-enditem|p1a: Trevenant|Sitrus Berry|[eat]\n|-heal|p1a: Trevenant|202/296|[from] item: Sitrus Berry\n|drag|p1a: Uxie|Uxie, L83|260/260\n|\n|-damage|p2a: Dipplin|232/284 tox|[from] psn\n|upkeep\n|turn|9\n|\n|t:|1781392491\n|move|p1a: Uxie|Psychic Noise|p2a: Dipplin\n|-damage|p2a: Dipplin|189/284 tox\n|-start|p2a: Dipplin|move: Heal Block\n|move|p2a: Dipplin|Dragon Tail|p1a: Uxie\n|-damage|p1a: Uxie|215/260\n|drag|p1a: Medicham|Medicham, L86, F|243/243\n|\n|-damage|p2a: Dipplin|155/284 tox|[from] psn\n|upkeep\n|turn|10\n|\n|t:|1781392501\n|move|p1a: Medicham|Ice Punch|p2a: Dipplin\n|-supereffective|p2a: Dipplin\n|-damage|p2a: Dipplin|0 fnt\n|faint|p2a: Dipplin\n|\n|upkeep\n|\n|t:|1781392503\n|switch|p2a: Regigigas|Regigigas, L84|322/322\n|-damage|p2a: Regigigas|282/322|[from] Stealth Rock\n|-start|p2a: Regigigas|ability: Slow Start\n|turn|11\n|\n|t:|1781392515\n|switch|p1a: Trevenant|Trevenant, L89, M|202/296\n|move|p2a: Regigigas|Knock Off|p1a: Trevenant\n|-supereffective|p1a: Trevenant\n|-damage|p1a: Trevenant|124/296\n|\n|-heal|p2a: Regigigas|302/322|[from] item: Leftovers\n|upkeep\n|turn|12\n|\n|t:|1781392521\n|switch|p2a: Dragalge|Dragalge, L88, F|258/258\n|-damage|p2a: Dragalge|226/258|[from] Stealth Rock\n|move|p1a: Trevenant|Drain Punch|p2a: Dragalge\n|-resisted|p2a: Dragalge\n|-crit|p2a: Dragalge\n|-damage|p2a: Dragalge|179/258\n|-heal|p1a: Trevenant|148/296|[from] drain|[of] p2a: Dragalge\n|\n|-heal|p2a: Dragalge|195/258|[from] item: Leftovers\n|-item|p1a: Trevenant|Sitrus Berry|[from] ability: Harvest\n|upkeep\n|-enditem|p1a: Trevenant|Sitrus Berry|[eat]\n|-heal|p1a: Trevenant|222/296|[from] item: Sitrus Berry\n|turn|13\n|\n|t:|1781392527\n|move|p1a: Trevenant|Poltergeist|p2a: Dragalge\n|-activate|p2a: Dragalge|move: Poltergeist|Leftovers\n|-damage|p2a: Dragalge|48/258\n|move|p2a: Dragalge|Sludge Wave|p1a: Trevenant\n|-damage|p1a: Trevenant|84/296\n|-status|p1a: Trevenant|psn\n|\n|-heal|p2a: Dragalge|64/258|[from] item: Leftovers\n|-damage|p1a: Trevenant|47/296 psn|[from] psn\n|-item|p1a: Trevenant|Sitrus Berry|[from] ability: Harvest\n|upkeep\n|-enditem|p1a: Trevenant|Sitrus Berry|[eat]\n|-heal|p1a: Trevenant|121/296 psn|[from] item: Sitrus Berry\n|turn|14\n|\n|t:|1781392534\n|move|p1a: Trevenant|Poltergeist|p2a: Dragalge|[miss]\n|-miss|p1a: Trevenant|p2a: Dragalge\n|move|p2a: Dragalge|Sludge Wave|p1a: Trevenant\n|-damage|p1a: Trevenant|0 fnt\n|faint|p1a: Trevenant\n|\n|-heal|p2a: Dragalge|80/258|[from] item: Leftovers\n|upkeep\n|\n|t:|1781392542\n|switch|p1a: Uxie|Uxie, L83|215/260\n|turn|15\n|\n|t:|1781392550\n|switch|p2a: Regigigas|Regigigas, L84|302/322\n|-damage|p2a: Regigigas|262/322|[from] Stealth Rock\n|-start|p2a: Regigigas|ability: Slow Start\n|move|p1a: Uxie|Psychic Noise|p2a: Regigigas\n|-damage|p2a: Regigigas|207/322\n|-start|p2a: Regigigas|move: Heal Block\n|\n|-heal|p1a: Uxie|231/260|[from] item: Leftovers\n|upkeep\n|turn|16\n|\n|t:|1781392576\n|move|p1a: Uxie|Knock Off|p2a: Regigigas\n|-crit|p2a: Regigigas\n|-damage|p2a: Regigigas|130/322\n|-enditem|p2a: Regigigas|Leftovers|[from] move: Knock Off|[of] p1a: Uxie\n|move|p2a: Regigigas|Body Slam|p1a: Uxie\n|-damage|p1a: Uxie|183/260\n|-status|p1a: Uxie|par\n|\n|-heal|p1a: Uxie|199/260 par|[from] item: Leftovers\n|-end|p2a: Regigigas|move: Heal Block\n|upkeep\n|turn|17\n|\n|t:|1781392584\n|move|p2a: Regigigas|Knock Off|p1a: Uxie\n|-supereffective|p1a: Uxie\n|-damage|p1a: Uxie|117/260 par\n|-enditem|p1a: Uxie|Leftovers|[from] move: Knock Off|[of] p2a: Regigigas\n|move|p1a: Uxie|Encore|p2a: Regigigas\n|-start|p2a: Regigigas|Encore\n|\n|upkeep\n|turn|18\n|\n|t:|1781392590\n|move|p2a: Regigigas|Knock Off|p1a: Uxie\n|-supereffective|p1a: Uxie\n|-damage|p1a: Uxie|63/260 par\n|move|p1a: Uxie|Psychic Noise|p2a: Regigigas\n|-damage|p2a: Regigigas|73/322\n|-start|p2a: Regigigas|move: Heal Block\n|\n|upkeep\n|turn|19\n|\n|t:|1781392596\n|move|p2a: Regigigas|Knock Off|p1a: Uxie\n|-supereffective|p1a: Uxie\n|-damage|p1a: Uxie|13/260 par\n|cant|p1a: Uxie|par\n|\n|-end|p2a: Regigigas|move: Heal Block\n|upkeep\n|turn|20\n|\n|t:|1781392600\n|move|p2a: Regigigas|Knock Off|p1a: Uxie\n|-supereffective|p1a: Uxie\n|-damage|p1a: Uxie|0 fnt\n|faint|p1a: Uxie\n|\n|-end|p2a: Regigigas|Encore\n|-end|p2a: Regigigas|Slow Start\n|upkeep\n|\n|t:|1781392604\n|switch|p1a: Wugtrio|Wugtrio, L91, F|212/212\n|turn|21\n|\n|t:|1781392608\n|move|p1a: Wugtrio|Liquidation|p2a: Regigigas\n|-damage|p2a: Regigigas|0 fnt\n|faint|p2a: Regigigas\n|-end|p2a: Regigigas|Slow Start|[silent]\n|\n|upkeep\n|\n|t:|1781392613\n|switch|p2a: Raikou|Raikou, L81|278/278\n|-damage|p2a: Raikou|244/278|[from] Stealth Rock\n|-ability|p2a: Raikou|Pressure\n|turn|22\n|\n|t:|1781392620\n|move|p1a: Wugtrio|Liquidation|p2a: Raikou\n|-damage|p2a: Raikou|45/278\n|move|p2a: Raikou|Scald|p1a: Wugtrio\n|-resisted|p1a: Wugtrio\n|-damage|p1a: Wugtrio|178/212\n|\n|-heal|p2a: Raikou|62/278|[from] item: Leftovers\n|upkeep\n|turn|23\n|-message|bluffmepls forfeited.\n|\n|win|f91swdg\n|raw|f91swdg's rating: 2130 &rarr; <strong>2156</strong><br />(+26 for winning)\n|raw|bluffmepls's rating: 2244 &rarr; <strong>2218</strong><br />(-26 for losing)\n", "inputlog": ">version a8376a258c1d4662feba110a92103f3664a72141\n>start {\"formatid\":\"gen9randombattle\",\"seed\":\"sodium,d7dad92ec5b254dfcd66dd60cf0e8efe\",\"rated\":\"Rated battle\"}\n>player p1 {\"name\":\"f91swdg\",\"avatar\":\"biker-gen4\",\"rating\":2130,\"seed\":\"sodium,2c57ad465e796e877bb7902fe6e366c6\"}\n>player p2 {\"name\":\"bluffmepls\",\"avatar\":\"266\",\"rating\":2244,\"seed\":\"sodium,f4e11146a0820beeb87dd1cd5718b5eb\"}\n>p1 move stealthrock\n>p2 switch 6\n>p1 move flashcannon\n>p2 move spiritbreak\n>p1 move flashcannon\n>p2 move thunderwave\n>p2 switch 5\n>p1 move bodypress\n>p2 move irondefense\n>p1 move bodypress\n>p2 move bodypress\n>p1 switch 6\n>p1 move liquidation\n>p2 move rest\n>p2 switch 6\n>p1 switch 4\n>p2 move dragonpulse\n>p1 move toxic\n>p2 move dragontail\n>p1 move psychicnoise\n>p2 move dragontail\n>p1 move icepunch\n>p2 move dragonpulse\n>p2 switch 4\n>p1 switch 5\n>p2 move knockoff\n>p1 move drainpunch\n>p2 switch 3\n>p1 move poltergeist\n>p2 move sludgewave\n>p1 move poltergeist\n>p2 move sludgewave\n>p1 switch 3\n>p1 move psychicnoise\n>p2 switch 3\n>p1 move knockoff\n>p2 move bodyslam\n>p1 move encore\n>p2 move knockoff\n>p1 move psychicnoise\n>p2 move knockoff\n>p1 move psychicnoise\n>p2 move knockoff\n>p1 move psychicnoise\n>p2 move knockoff\n>p1 switch 4\n>p1 move liquidation\n>p2 move rest\n>p2 switch 2\n>p1 move liquidation\n>p2 move scald\n>forcelose p2", "uploadtime": 1781392401, "views": 5, "formatid": "gen9randombattle", "rating": 2156, "private": 0, "password": null}