{"id": "gen9randombattle-2631536049", "format": "[Gen 9] Random Battle", "players": ["Daruma", "Christmasrieth12"], "log": "|j|\u2606Daruma\n|j|\u2606Christmasrieth12\n|t:|1781398038\n|gametype|singles\n|player|p1|Daruma|#ruplixsleekslushrushers|2146\n|player|p2|Christmasrieth12|2|2174\n|gen|9\n|tier|[Gen 9] Random Battle\n|rated|\n|rule|Species Clause: Limit one of each Pok\u00e9mon\n|rule|HP Percentage Mod: HP is shown in percentages\n|rule|Sleep Clause Mod: Limit one foe put to sleep\n|rule|Illusion Level Mod: Illusion disguises the Pok\u00e9mon's true level\n|\n|t:|1781398038\n|teamsize|p1|6\n|teamsize|p2|6\n|start\n|switch|p1a: Galvantula|Galvantula, L82, M|249/249\n|switch|p2a: Forretress|Forretress, L84, F|263/263\n|turn|1\n|inactive|Battle timer is ON: inactive players will automatically lose when time's up. (requested by Christmasrieth12)\n|\n|t:|1781398048\n|move|p1a: Galvantula|Thunder|p2a: Forretress\n|-damage|p2a: Forretress|124/263\n|move|p2a: Forretress|Stealth Rock|p1a: Galvantula\n|-sidestart|p1: Daruma|move: Stealth Rock\n|\n|-heal|p2a: Forretress|140/263|[from] item: Leftovers\n|upkeep\n|turn|2\n|\n|t:|1781398058\n|move|p1a: Galvantula|Thunder|p2a: Forretress\n|-damage|p2a: Forretress|5/263\n|-status|p2a: Forretress|par\n|move|p2a: Forretress|Spikes|p1a: Galvantula\n|-sidestart|p1: Daruma|Spikes\n|\n|-heal|p2a: Forretress|21/263 par|[from] item: Leftovers\n|upkeep\n|turn|3\n|\n|t:|1781398065\n|move|p1a: Galvantula|Bug Buzz|p2a: Forretress\n|-resisted|p2a: Forretress\n|-damage|p2a: Forretress|0 fnt\n|faint|p2a: Forretress\n|\n|upkeep\n|\n|t:|1781398075\n|switch|p2a: Toxicroak|Toxicroak, L84, M|277/277\n|turn|4\n|\n|t:|1781398078\n|move|p1a: Galvantula|Volt Switch|p2a: Toxicroak\n|-damage|p2a: Toxicroak|195/277\n|\n|t:|1781398080\n|switch|p1a: Toxapex|Toxapex, L82, M|216/216|[from] Volt Switch\n|-damage|p1a: Toxapex|189/216|[from] Stealth Rock\n|-damage|p1a: Toxapex|162/216|[from] Spikes\n|move|p2a: Toxicroak|Gunk Shot|p1a: Toxapex|[miss]\n|-miss|p2a: Toxicroak|p1a: Toxapex\n|\n|-heal|p1a: Toxapex|175/216|[from] item: Leftovers\n|upkeep\n|turn|5\n|\n|t:|1781398086\n|switch|p1a: Cinccino|Cinccino, L83, F|260/260\n|-damage|p1a: Cinccino|228/260|[from] Stealth Rock\n|-damage|p1a: Cinccino|196/260|[from] Spikes\n|move|p2a: Toxicroak|Earthquake|p1a: Cinccino\n|-damage|p1a: Cinccino|69/260\n|-damage|p2a: Toxicroak|168/277|[from] item: Life Orb\n|\n|upkeep\n|turn|6\n|\n|t:|1781398090\n|move|p1a: Cinccino|Tidy Up|p1a: Cinccino\n|-sideend|p1: Daruma|Spikes\n|-sideend|p1: Daruma|Stealth Rock\n|-activate|p1a: Cinccino|move: Tidy Up\n|-boost|p1a: Cinccino|atk|1\n|-boost|p1a: Cinccino|spe|1\n|move|p2a: Toxicroak|Earthquake|p1a: Cinccino\n|-damage|p1a: Cinccino|0 fnt\n|faint|p1a: Cinccino\n|-damage|p2a: Toxicroak|141/277|[from] item: Life Orb\n|\n|upkeep\n|\n|t:|1781398094\n|switch|p1a: Galvantula|Galvantula, L82, M|249/249\n|turn|7\n|\n|t:|1781398097\n|move|p1a: Galvantula|Thunder|p2a: Toxicroak\n|-damage|p2a: Toxicroak|9/277\n|move|p2a: Toxicroak|Gunk Shot|p1a: Galvantula\n|-enditem|p1a: Galvantula|Focus Sash\n|-damage|p1a: Galvantula|1/249\n|-status|p1a: Galvantula|psn\n|-damage|p2a: Toxicroak|0 fnt|[from] item: Life Orb\n|faint|p2a: Toxicroak\n|\n|-damage|p1a: Galvantula|0 fnt|[from] psn\n|faint|p1a: Galvantula\n|upkeep\n|c|\u2606Daruma|oki\n|\n|t:|1781398109\n|switch|p1a: Toxapex|Toxapex, L82, M|216/216\n|switch|p2a: Girafarig|Girafarig, L89, F|269/269\n|turn|8\n|\n|t:|1781398115\n|switch|p1a: Luxray|Luxray, L88, M|283/283\n|move|p2a: Girafarig|Psychic|p1a: Luxray\n|-damage|p1a: Luxray|172/283\n|\n|-status|p1a: Luxray|brn|[from] item: Flame Orb\n|upkeep\n|turn|9\n|\n|t:|1781398127\n|move|p2a: Girafarig|Psychic|p1a: Luxray\n|-damage|p1a: Luxray|73/283 brn\n|move|p1a: Luxray|Facade|p2a: Girafarig\n|-damage|p2a: Girafarig|109/269\n|\n|-damage|p1a: Luxray|56/283 brn|[from] brn\n|upkeep\n|turn|10\n|\n|t:|1781398130\n|move|p2a: Girafarig|Psychic|p1a: Luxray\n|-damage|p1a: Luxray|0 fnt\n|faint|p1a: Luxray\n|\n|upkeep\n|\n|t:|1781398135\n|switch|p1a: Chimecho|Chimecho, L93, F|290/290\n|turn|11\n|\n|t:|1781398139\n|switch|p2a: Slither Wing|Slither Wing, L81|270/270\n|move|p1a: Chimecho|Cosmic Power|p1a: Chimecho\n|-boost|p1a: Chimecho|def|1\n|-boost|p1a: Chimecho|spd|1\n|\n|upkeep\n|turn|12\n|\n|t:|1781398143\n|move|p2a: Slither Wing|U-turn|p1a: Chimecho\n|-supereffective|p1a: Chimecho\n|-damage|p1a: Chimecho|168/290\n|\n|t:|1781398149\n|-end|p2a: Slither Wing|Protosynthesis|[silent]\n|switch|p2a: Slowbro|Slowbro, L85, M|300/300|[from] U-turn\n|move|p1a: Chimecho|Cosmic Power|p1a: Chimecho\n|-boost|p1a: Chimecho|def|1\n|-boost|p1a: Chimecho|spd|1\n|\n|-heal|p1a: Chimecho|186/290|[from] item: Leftovers\n|upkeep\n|turn|13\n|\n|t:|1781398152\n|move|p1a: Chimecho|Cosmic Power|p1a: Chimecho\n|-boost|p1a: Chimecho|def|1\n|-boost|p1a: Chimecho|spd|1\n|move|p2a: Slowbro|Calm Mind|p2a: Slowbro\n|-boost|p2a: Slowbro|spa|1\n|-boost|p2a: Slowbro|spd|1\n|\n|-heal|p1a: Chimecho|204/290|[from] item: Leftovers\n|upkeep\n|turn|14\n|\n|t:|1781398155\n|move|p1a: Chimecho|Cosmic Power|p1a: Chimecho\n|-boost|p1a: Chimecho|def|1\n|-boost|p1a: Chimecho|spd|1\n|move|p2a: Slowbro|Calm Mind|p2a: Slowbro\n|-boost|p2a: Slowbro|spa|1\n|-boost|p2a: Slowbro|spd|1\n|\n|-heal|p1a: Chimecho|222/290|[from] item: Leftovers\n|upkeep\n|turn|15\n|\n|t:|1781398156\n|move|p1a: Chimecho|Cosmic Power|p1a: Chimecho\n|-boost|p1a: Chimecho|def|1\n|-boost|p1a: Chimecho|spd|1\n|move|p2a: Slowbro|Calm Mind|p2a: Slowbro\n|-boost|p2a: Slowbro|spa|1\n|-boost|p2a: Slowbro|spd|1\n|\n|-heal|p1a: Chimecho|240/290|[from] item: Leftovers\n|upkeep\n|turn|16\n|\n|t:|1781398158\n|move|p1a: Chimecho|Cosmic Power|p1a: Chimecho\n|-boost|p1a: Chimecho|def|1\n|-boost|p1a: Chimecho|spd|1\n|move|p2a: Slowbro|Calm Mind|p2a: Slowbro\n|-boost|p2a: Slowbro|spa|1\n|-boost|p2a: Slowbro|spd|1\n|\n|-heal|p1a: Chimecho|258/290|[from] item: Leftovers\n|upkeep\n|turn|17\n|\n|t:|1781398160\n|move|p1a: Chimecho|Dazzling Gleam|p2a: Slowbro\n|-damage|p2a: Slowbro|277/300\n|move|p2a: Slowbro|Calm Mind|p2a: Slowbro\n|-boost|p2a: Slowbro|spa|1\n|-boost|p2a: Slowbro|spd|1\n|\n|-heal|p1a: Chimecho|276/290|[from] item: Leftovers\n|-heal|p2a: Slowbro|295/300|[from] item: Leftovers\n|upkeep\n|turn|18\n|\n|t:|1781398162\n|switch|p1a: Crawdaunt|Crawdaunt, L84, F|243/243\n|move|p2a: Slowbro|Calm Mind|p2a: Slowbro\n|-boost|p2a: Slowbro|spa|1\n|-boost|p2a: Slowbro|spd|1\n|\n|-heal|p2a: Slowbro|300/300|[from] item: Leftovers\n|upkeep\n|turn|19\n|\n|t:|1781398169\n|switch|p2a: Girafarig|Girafarig, L89, F|109/269\n|move|p1a: Crawdaunt|Knock Off|p2a: Girafarig\n|-supereffective|p2a: Girafarig\n|-crit|p2a: Girafarig\n|-damage|p2a: Girafarig|0 fnt\n|-enditem|p2a: Girafarig|Eviolite|[from] move: Knock Off|[of] p1a: Crawdaunt\n|faint|p2a: Girafarig\n|-damage|p1a: Crawdaunt|219/243|[from] item: Life Orb\n|\n|upkeep\n|\n|t:|1781398171\n|switch|p2a: Slither Wing|Slither Wing, L81|270/270\n|turn|20\n|\n|t:|1781398174\n|switch|p1a: Toxapex|Toxapex, L82, M|216/216\n|move|p2a: Slither Wing|U-turn|p1a: Toxapex\n|-resisted|p1a: Toxapex\n|-damage|p1a: Toxapex|184/216\n|\n|t:|1781398181\n|-end|p2a: Slither Wing|Protosynthesis|[silent]\n|switch|p2a: Lapras|Lapras, L87, F|367/367|[from] U-turn\n|\n|-heal|p1a: Toxapex|197/216|[from] item: Leftovers\n|upkeep\n|turn|21\n|\n|t:|1781398183\n|move|p2a: Lapras|Freeze-Dry|p1a: Toxapex\n|-supereffective|p1a: Toxapex\n|-damage|p1a: Toxapex|39/216\n|move|p1a: Toxapex|Toxic Spikes|p2a: Lapras\n|-sidestart|p2: Christmasrieth12|move: Toxic Spikes\n|\n|-heal|p1a: Toxapex|52/216|[from] item: Leftovers\n|upkeep\n|turn|22\n|\n|t:|1781398187\n|switch|p1a: Chimecho|Chimecho, L93, F|276/290\n|move|p2a: Lapras|Freeze-Dry|p1a: Chimecho\n|-damage|p1a: Chimecho|188/290\n|\n|-heal|p1a: Chimecho|206/290|[from] item: Leftovers\n|upkeep\n|turn|23\n|\n|t:|1781398192\n|switch|p2a: Slither Wing|Slither Wing, L81|270/270\n|move|p1a: Chimecho|Cosmic Power|p1a: Chimecho\n|-boost|p1a: Chimecho|def|1\n|-boost|p1a: Chimecho|spd|1\n|\n|-heal|p1a: Chimecho|224/290|[from] item: Leftovers\n|upkeep\n|turn|24\n|\n|t:|1781398195\n|move|p2a: Slither Wing|U-turn|p1a: Chimecho\n|-supereffective|p1a: Chimecho\n|-damage|p1a: Chimecho|108/290\n|\n|t:|1781398202\n|-end|p2a: Slither Wing|Protosynthesis|[silent]\n|switch|p2a: Slowbro|Slowbro, L85, M|300/300|[from] U-turn\n|-status|p2a: Slowbro|psn\n|move|p1a: Chimecho|Recover|p1a: Chimecho\n|-heal|p1a: Chimecho|253/290\n|\n|-heal|p1a: Chimecho|271/290|[from] item: Leftovers\n|-damage|p2a: Slowbro|263/300 psn|[from] psn\n|upkeep\n|turn|25\n|\n|t:|1781398205\n|move|p1a: Chimecho|Cosmic Power|p1a: Chimecho\n|-boost|p1a: Chimecho|def|1\n|-boost|p1a: Chimecho|spd|1\n|move|p2a: Slowbro|Calm Mind|p2a: Slowbro\n|-boost|p2a: Slowbro|spa|1\n|-boost|p2a: Slowbro|spd|1\n|\n|-heal|p1a: Chimecho|289/290|[from] item: Leftovers\n|-heal|p2a: Slowbro|281/300 psn|[from] item: Leftovers\n|-damage|p2a: Slowbro|244/300 psn|[from] psn\n|upkeep\n|turn|26\n|\n|t:|1781398206\n|move|p1a: Chimecho|Cosmic Power|p1a: Chimecho\n|-boost|p1a: Chimecho|def|1\n|-boost|p1a: Chimecho|spd|1\n|move|p2a: Slowbro|Calm Mind|p2a: Slowbro\n|-boost|p2a: Slowbro|spa|1\n|-boost|p2a: Slowbro|spd|1\n|\n|-heal|p1a: Chimecho|290/290|[from] item: Leftovers\n|-heal|p2a: Slowbro|262/300 psn|[from] item: Leftovers\n|-damage|p2a: Slowbro|225/300 psn|[from] psn\n|upkeep\n|turn|27\n|\n|t:|1781398208\n|move|p1a: Chimecho|Cosmic Power|p1a: Chimecho\n|-boost|p1a: Chimecho|def|1\n|-boost|p1a: Chimecho|spd|1\n|move|p2a: Slowbro|Calm Mind|p2a: Slowbro\n|-boost|p2a: Slowbro|spa|1\n|-boost|p2a: Slowbro|spd|1\n|\n|-heal|p2a: Slowbro|243/300 psn|[from] item: Leftovers\n|-damage|p2a: Slowbro|206/300 psn|[from] psn\n|upkeep\n|turn|28\n|\n|t:|1781398210\n|move|p1a: Chimecho|Cosmic Power|p1a: Chimecho\n|-boost|p1a: Chimecho|def|1\n|-boost|p1a: Chimecho|spd|1\n|move|p2a: Slowbro|Calm Mind|p2a: Slowbro\n|-boost|p2a: Slowbro|spa|1\n|-boost|p2a: Slowbro|spd|1\n|\n|-heal|p2a: Slowbro|224/300 psn|[from] item: Leftovers\n|-damage|p2a: Slowbro|187/300 psn|[from] psn\n|upkeep\n|turn|29\n|\n|t:|1781398211\n|move|p1a: Chimecho|Cosmic Power|p1a: Chimecho\n|-boost|p1a: Chimecho|def|1\n|-boost|p1a: Chimecho|spd|1\n|move|p2a: Slowbro|Calm Mind|p2a: Slowbro\n|-boost|p2a: Slowbro|spa|1\n|-boost|p2a: Slowbro|spd|1\n|\n|-heal|p2a: Slowbro|205/300 psn|[from] item: Leftovers\n|-damage|p2a: Slowbro|168/300 psn|[from] psn\n|upkeep\n|turn|30\n|\n|t:|1781398213\n|move|p1a: Chimecho|Stored Power|p2a: Slowbro\n|-resisted|p2a: Slowbro\n|-damage|p2a: Slowbro|120/300 psn\n|move|p2a: Slowbro|Calm Mind|p2a: Slowbro\n|-boost|p2a: Slowbro|spa|1\n|-boost|p2a: Slowbro|spd|1\n|\n|-heal|p2a: Slowbro|138/300 psn|[from] item: Leftovers\n|-damage|p2a: Slowbro|101/300 psn|[from] psn\n|upkeep\n|turn|31\n|\n|t:|1781398216\n|move|p1a: Chimecho|Dazzling Gleam|p2a: Slowbro\n|-damage|p2a: Slowbro|83/300 psn\n|move|p2a: Slowbro|Slack Off|p2a: Slowbro\n|-heal|p2a: Slowbro|233/300 psn\n|\n|-heal|p2a: Slowbro|251/300 psn|[from] item: Leftovers\n|-damage|p2a: Slowbro|214/300 psn|[from] psn\n|upkeep\n|turn|32\n|\n|t:|1781398220\n|move|p1a: Chimecho|Dazzling Gleam|p2a: Slowbro\n|-damage|p2a: Slowbro|193/300 psn\n|move|p2a: Slowbro|Scald|p1a: Chimecho\n|-damage|p1a: Chimecho|212/290\n|\n|-heal|p1a: Chimecho|230/290|[from] item: Leftovers\n|-heal|p2a: Slowbro|211/300 psn|[from] item: Leftovers\n|-damage|p2a: Slowbro|174/300 psn|[from] psn\n|upkeep\n|turn|33\n|\n|t:|1781398224\n|move|p1a: Chimecho|Dazzling Gleam|p2a: Slowbro\n|-damage|p2a: Slowbro|154/300 psn\n|move|p2a: Slowbro|Slack Off|p2a: Slowbro\n|-heal|p2a: Slowbro|300/300 psn\n|\n|-heal|p1a: Chimecho|248/290|[from] item: Leftovers\n|-damage|p2a: Slowbro|263/300 psn|[from] psn\n|upkeep\n|turn|34\n|\n|t:|1781398225\n|move|p1a: Chimecho|Dazzling Gleam|p2a: Slowbro\n|-damage|p2a: Slowbro|243/300 psn\n|move|p2a: Slowbro|Scald|p1a: Chimecho\n|-damage|p1a: Chimecho|161/290\n|\n|-heal|p1a: Chimecho|179/290|[from] item: Leftovers\n|-heal|p2a: Slowbro|261/300 psn|[from] item: Leftovers\n|-damage|p2a: Slowbro|224/300 psn|[from] psn\n|upkeep\n|turn|35\n|\n|t:|1781398231\n|move|p1a: Chimecho|Stored Power|p2a: Slowbro\n|-resisted|p2a: Slowbro\n|-damage|p2a: Slowbro|177/300 psn\n|move|p2a: Slowbro|Psychic Noise|p1a: Chimecho\n|-resisted|p1a: Chimecho\n|-damage|p1a: Chimecho|142/290\n|-start|p1a: Chimecho|move: Heal Block\n|\n|-heal|p2a: Slowbro|195/300 psn|[from] item: Leftovers\n|-damage|p2a: Slowbro|158/300 psn|[from] psn\n|upkeep\n|turn|36\n|\n|t:|1781398234\n|move|p1a: Chimecho|Stored Power|p2a: Slowbro\n|-resisted|p2a: Slowbro\n|-damage|p2a: Slowbro|110/300 psn\n|move|p2a: Slowbro|Slack Off|p2a: Slowbro\n|-heal|p2a: Slowbro|260/300 psn\n|\n|-heal|p2a: Slowbro|278/300 psn|[from] item: Leftovers\n|-damage|p2a: Slowbro|241/300 psn|[from] psn\n|-end|p1a: Chimecho|move: Heal Block\n|upkeep\n|turn|37\n|\n|t:|1781398236\n|move|p1a: Chimecho|Recover|p1a: Chimecho\n|-heal|p1a: Chimecho|287/290\n|move|p2a: Slowbro|Scald|p1a: Chimecho\n|-damage|p1a: Chimecho|202/290\n|-status|p1a: Chimecho|brn\n|\n|-heal|p1a: Chimecho|220/290 brn|[from] item: Leftovers\n|-heal|p2a: Slowbro|259/300 psn|[from] item: Leftovers\n|-damage|p2a: Slowbro|222/300 psn|[from] psn\n|-damage|p1a: Chimecho|202/290 brn|[from] brn\n|upkeep\n|turn|38\n|\n|t:|1781398243\n|move|p1a: Chimecho|Stored Power|p2a: Slowbro\n|-resisted|p2a: Slowbro\n|-damage|p2a: Slowbro|181/300 psn\n|move|p2a: Slowbro|Scald|p1a: Chimecho\n|-damage|p1a: Chimecho|117/290 brn\n|\n|-heal|p1a: Chimecho|135/290 brn|[from] item: Leftovers\n|-heal|p2a: Slowbro|199/300 psn|[from] item: Leftovers\n|-damage|p2a: Slowbro|162/300 psn|[from] psn\n|-damage|p1a: Chimecho|117/290 brn|[from] brn\n|upkeep\n|turn|39\n|\n|t:|1781398245\n|move|p1a: Chimecho|Recover|p1a: Chimecho\n|-heal|p1a: Chimecho|262/290 brn\n|move|p2a: Slowbro|Slack Off|p2a: Slowbro\n|-heal|p2a: Slowbro|300/300 psn\n|\n|-heal|p1a: Chimecho|280/290 brn|[from] item: Leftovers\n|-damage|p2a: Slowbro|263/300 psn|[from] psn\n|-damage|p1a: Chimecho|262/290 brn|[from] brn\n|upkeep\n|turn|40\n|\n|t:|1781398249\n|move|p1a: Chimecho|Stored Power|p2a: Slowbro\n|-resisted|p2a: Slowbro\n|-damage|p2a: Slowbro|220/300 psn\n|move|p2a: Slowbro|Scald|p1a: Chimecho\n|-damage|p1a: Chimecho|177/290 brn\n|\n|-heal|p1a: Chimecho|195/290 brn|[from] item: Leftovers\n|-heal|p2a: Slowbro|238/300 psn|[from] item: Leftovers\n|-damage|p2a: Slowbro|201/300 psn|[from] psn\n|-damage|p1a: Chimecho|177/290 brn|[from] brn\n|upkeep\n|turn|41\n|\n|t:|1781398253\n|move|p1a: Chimecho|Stored Power|p2a: Slowbro\n|-resisted|p2a: Slowbro\n|-damage|p2a: Slowbro|159/300 psn\n|move|p2a: Slowbro|Psychic Noise|p1a: Chimecho\n|-resisted|p1a: Chimecho\n|-damage|p1a: Chimecho|139/290 brn\n|-start|p1a: Chimecho|move: Heal Block\n|\n|-heal|p2a: Slowbro|177/300 psn|[from] item: Leftovers\n|-damage|p2a: Slowbro|140/300 psn|[from] psn\n|-damage|p1a: Chimecho|121/290 brn|[from] brn\n|upkeep\n|turn|42\n|\n|t:|1781398256\n|move|p1a: Chimecho|Stored Power|p2a: Slowbro\n|-resisted|p2a: Slowbro\n|-damage|p2a: Slowbro|95/300 psn\n|move|p2a: Slowbro|Scald|p1a: Chimecho\n|-damage|p1a: Chimecho|46/290 brn\n|\n|-heal|p2a: Slowbro|113/300 psn|[from] item: Leftovers\n|-damage|p2a: Slowbro|76/300 psn|[from] psn\n|-damage|p1a: Chimecho|28/290 brn|[from] brn\n|-end|p1a: Chimecho|move: Heal Block\n|upkeep\n|turn|43\n|\n|t:|1781398258\n|move|p1a: Chimecho|Recover|p1a: Chimecho\n|-heal|p1a: Chimecho|173/290 brn\n|move|p2a: Slowbro|Slack Off|p2a: Slowbro\n|-heal|p2a: Slowbro|226/300 psn\n|\n|-heal|p1a: Chimecho|191/290 brn|[from] item: Leftovers\n|-heal|p2a: Slowbro|244/300 psn|[from] item: Leftovers\n|-damage|p2a: Slowbro|207/300 psn|[from] psn\n|-damage|p1a: Chimecho|173/290 brn|[from] brn\n|upkeep\n|turn|44\n|\n|t:|1781398262\n|move|p1a: Chimecho|Dazzling Gleam|p2a: Slowbro\n|-damage|p2a: Slowbro|189/300 psn\n|move|p2a: Slowbro|Scald|p1a: Chimecho\n|-damage|p1a: Chimecho|85/290 brn\n|\n|-heal|p1a: Chimecho|103/290 brn|[from] item: Leftovers\n|-heal|p2a: Slowbro|207/300 psn|[from] item: Leftovers\n|-damage|p2a: Slowbro|170/300 psn|[from] psn\n|-damage|p1a: Chimecho|85/290 brn|[from] brn\n|upkeep\n|turn|45\n|\n|t:|1781398264\n|move|p1a: Chimecho|Recover|p1a: Chimecho\n|-heal|p1a: Chimecho|230/290 brn\n|move|p2a: Slowbro|Slack Off|p2a: Slowbro\n|-heal|p2a: Slowbro|300/300 psn\n|\n|-heal|p1a: Chimecho|248/290 brn|[from] item: Leftovers\n|-damage|p2a: Slowbro|263/300 psn|[from] psn\n|-damage|p1a: Chimecho|230/290 brn|[from] brn\n|upkeep\n|turn|46\n|\n|t:|1781398267\n|move|p1a: Chimecho|Stored Power|p2a: Slowbro\n|-resisted|p2a: Slowbro\n|-damage|p2a: Slowbro|221/300 psn\n|move|p2a: Slowbro|Scald|p1a: Chimecho\n|-damage|p1a: Chimecho|154/290 brn\n|\n|-heal|p1a: Chimecho|172/290 brn|[from] item: Leftovers\n|-heal|p2a: Slowbro|239/300 psn|[from] item: Leftovers\n|-damage|p2a: Slowbro|202/300 psn|[from] psn\n|-damage|p1a: Chimecho|154/290 brn|[from] brn\n|upkeep\n|turn|47\n|\n|t:|1781398270\n|move|p1a: Chimecho|Stored Power|p2a: Slowbro\n|-resisted|p2a: Slowbro\n|-damage|p2a: Slowbro|155/300 psn\n|move|p2a: Slowbro|Psychic Noise|p1a: Chimecho\n|-resisted|p1a: Chimecho\n|-damage|p1a: Chimecho|118/290 brn\n|-start|p1a: Chimecho|move: Heal Block\n|\n|-heal|p2a: Slowbro|173/300 psn|[from] item: Leftovers\n|-damage|p2a: Slowbro|136/300 psn|[from] psn\n|-damage|p1a: Chimecho|100/290 brn|[from] brn\n|upkeep\n|turn|48\n|\n|t:|1781398272\n|move|p1a: Chimecho|Stored Power|p2a: Slowbro\n|-resisted|p2a: Slowbro\n|-damage|p2a: Slowbro|88/300 psn\n|move|p2a: Slowbro|Psychic Noise|p1a: Chimecho\n|-resisted|p1a: Chimecho\n|-damage|p1a: Chimecho|61/290 brn\n|\n|-heal|p2a: Slowbro|106/300 psn|[from] item: Leftovers\n|-damage|p2a: Slowbro|69/300 psn|[from] psn\n|-damage|p1a: Chimecho|43/290 brn|[from] brn\n|-end|p1a: Chimecho|move: Heal Block\n|upkeep\n|turn|49\n|\n|t:|1781398275\n|move|p1a: Chimecho|Recover|p1a: Chimecho\n|-heal|p1a: Chimecho|188/290 brn\n|move|p2a: Slowbro|Slack Off|p2a: Slowbro\n|-heal|p2a: Slowbro|219/300 psn\n|\n|-heal|p1a: Chimecho|206/290 brn|[from] item: Leftovers\n|-heal|p2a: Slowbro|237/300 psn|[from] item: Leftovers\n|-damage|p2a: Slowbro|200/300 psn|[from] psn\n|-damage|p1a: Chimecho|188/290 brn|[from] brn\n|upkeep\n|turn|50\n|\n|t:|1781398278\n|move|p1a: Chimecho|Stored Power|p2a: Slowbro\n|-resisted|p2a: Slowbro\n|-damage|p2a: Slowbro|153/300 psn\n|move|p2a: Slowbro|Psychic Noise|p1a: Chimecho\n|-resisted|p1a: Chimecho\n|-damage|p1a: Chimecho|149/290 brn\n|-start|p1a: Chimecho|move: Heal Block\n|\n|-heal|p2a: Slowbro|171/300 psn|[from] item: Leftovers\n|-damage|p2a: Slowbro|134/300 psn|[from] psn\n|-damage|p1a: Chimecho|131/290 brn|[from] brn\n|upkeep\n|turn|51\n|\n|t:|1781398280\n|move|p1a: Chimecho|Stored Power|p2a: Slowbro\n|-resisted|p2a: Slowbro\n|-damage|p2a: Slowbro|89/300 psn\n|move|p2a: Slowbro|Scald|p1a: Chimecho\n|-damage|p1a: Chimecho|50/290 brn\n|\n|-heal|p2a: Slowbro|107/300 psn|[from] item: Leftovers\n|-damage|p2a: Slowbro|70/300 psn|[from] psn\n|-damage|p1a: Chimecho|32/290 brn|[from] brn\n|-end|p1a: Chimecho|move: Heal Block\n|upkeep\n|turn|52\n|\n|t:|1781398289\n|move|p1a: Chimecho|Recover|p1a: Chimecho\n|-heal|p1a: Chimecho|177/290 brn\n|move|p2a: Slowbro|Slack Off|p2a: Slowbro\n|-heal|p2a: Slowbro|220/300 psn\n|\n|-heal|p1a: Chimecho|195/290 brn|[from] item: Leftovers\n|-heal|p2a: Slowbro|238/300 psn|[from] item: Leftovers\n|-damage|p2a: Slowbro|201/300 psn|[from] psn\n|-damage|p1a: Chimecho|177/290 brn|[from] brn\n|upkeep\n|turn|53\n|\n|t:|1781398292\n|move|p1a: Chimecho|Stored Power|p2a: Slowbro\n|-resisted|p2a: Slowbro\n|-damage|p2a: Slowbro|153/300 psn\n|move|p2a: Slowbro|Scald|p1a: Chimecho\n|-damage|p1a: Chimecho|93/290 brn\n|\n|-heal|p1a: Chimecho|111/290 brn|[from] item: Leftovers\n|-heal|p2a: Slowbro|171/300 psn|[from] item: Leftovers\n|-damage|p2a: Slowbro|134/300 psn|[from] psn\n|-damage|p1a: Chimecho|93/290 brn|[from] brn\n|upkeep\n|turn|54\n|\n|t:|1781398297\n|move|p1a: Chimecho|Recover|p1a: Chimecho\n|-heal|p1a: Chimecho|238/290 brn\n|move|p2a: Slowbro|Psychic Noise|p1a: Chimecho\n|-resisted|p1a: Chimecho\n|-damage|p1a: Chimecho|202/290 brn\n|-start|p1a: Chimecho|move: Heal Block\n|\n|-heal|p2a: Slowbro|152/300 psn|[from] item: Leftovers\n|-damage|p2a: Slowbro|115/300 psn|[from] psn\n|-damage|p1a: Chimecho|184/290 brn|[from] brn\n|upkeep\n|turn|55\n|\n|t:|1781398300\n|move|p1a: Chimecho|Stored Power|p2a: Slowbro\n|-resisted|p2a: Slowbro\n|-damage|p2a: Slowbro|67/300 psn\n|move|p2a: Slowbro|Scald|p1a: Chimecho\n|-damage|p1a: Chimecho|103/290 brn\n|\n|-heal|p2a: Slowbro|85/300 psn|[from] item: Leftovers\n|-damage|p2a: Slowbro|48/300 psn|[from] psn\n|-damage|p1a: Chimecho|85/290 brn|[from] brn\n|-end|p1a: Chimecho|move: Heal Block\n|upkeep\n|turn|56\n|\n|t:|1781398313\n|move|p1a: Chimecho|Stored Power|p2a: Slowbro\n|-resisted|p2a: Slowbro\n|-damage|p2a: Slowbro|0 fnt\n|faint|p2a: Slowbro\n|\n|-heal|p1a: Chimecho|103/290 brn|[from] item: Leftovers\n|-damage|p1a: Chimecho|85/290 brn|[from] brn\n|upkeep\n|\n|t:|1781398317\n|switch|p2a: Slither Wing|Slither Wing, L81|270/270\n|turn|57\n|\n|t:|1781398321\n|move|p2a: Slither Wing|U-turn|p1a: Chimecho\n|-supereffective|p1a: Chimecho\n|-damage|p1a: Chimecho|37/290 brn\n|\n|t:|1781398325\n|-end|p2a: Slither Wing|Protosynthesis|[silent]\n|switch|p2a: Lapras|Lapras, L87, F|367/367|[from] U-turn\n|-status|p2a: Lapras|psn\n|move|p1a: Chimecho|Stored Power|p2a: Lapras\n|-damage|p2a: Lapras|90/367 psn\n|\n|-heal|p1a: Chimecho|55/290 brn|[from] item: Leftovers\n|-damage|p2a: Lapras|45/367 psn|[from] psn\n|-damage|p1a: Chimecho|37/290 brn|[from] brn\n|upkeep\n|turn|58\n|\n|t:|1781398328\n|move|p1a: Chimecho|Dazzling Gleam|p2a: Lapras\n|-damage|p2a: Lapras|0 fnt\n|faint|p2a: Lapras\n|\n|-heal|p1a: Chimecho|55/290 brn|[from] item: Leftovers\n|-damage|p1a: Chimecho|37/290 brn|[from] brn\n|upkeep\n|\n|t:|1781398329\n|switch|p2a: Slither Wing|Slither Wing, L81|270/270\n|turn|59\n|\n|t:|1781398331\n|move|p2a: Slither Wing|U-turn|p1a: Chimecho\n|-supereffective|p1a: Chimecho\n|-damage|p1a: Chimecho|0 fnt\n|faint|p1a: Chimecho\n|\n|upkeep\n|\n|t:|1781398333\n|switch|p1a: Toxapex|Toxapex, L82, M|124/216\n|turn|60\n|\n|t:|1781398338\n|move|p2a: Slither Wing|Will-O-Wisp|p1a: Toxapex\n|-status|p1a: Toxapex|brn\n|move|p1a: Toxapex|Recover|p1a: Toxapex\n|-heal|p1a: Toxapex|216/216 brn\n|\n|-damage|p1a: Toxapex|203/216 brn|[from] brn\n|upkeep\n|turn|61\n|-message|Christmasrieth12 forfeited.\n|\n|win|Daruma\n", "inputlog": ">version a8376a258c1d4662feba110a92103f3664a72141\n>start {\"formatid\":\"gen9randombattle\",\"seed\":\"sodium,819ef6db02d148171e0c5b9387dd4d55\",\"rated\":\"Rated battle\"}\n>player p1 {\"name\":\"Daruma\",\"avatar\":\"#ruplixsleekslushrushers\",\"rating\":2146,\"seed\":\"sodium,ea7f189baa11290ff87934b5b4f79703\"}\n>player p2 {\"name\":\"Christmasrieth12\",\"avatar\":\"2\",\"rating\":2174,\"seed\":\"sodium,6a097e78532e902fecc9cf7d95183305\"}\n>p1 move thunder\n>p2 move stealthrock\n>p1 move thunder\n>p2 move spikes\n>p1 move bugbuzz\n>p2 move spikes\n>p2 switch 3\n>p1 move voltswitch\n>p2 move gunkshot\n>p1 switch 4\n>p1 switch 2\n>p2 move earthquake\n>p1 move tidyup\n>p2 move earthquake\n>p1 switch 4\n>p1 move thunder\n>p2 move gunkshot\n>chat \u2606Daruma|oki\n>p1 switch 2\n>p2 switch 6\n>p1 switch 6\n>p2 move psychic\n>p1 move facade\n>p2 move psychic\n>p1 move facade\n>p2 move psychic\n>p1 switch 3\n>p1 move cosmicpower\n>p2 switch 2\n>p1 move cosmicpower\n>p2 move uturn\n>p2 switch 4\n>p1 move cosmicpower\n>p2 move calmmind\n>p1 move cosmicpower\n>p2 move calmmind\n>p1 move cosmicpower\n>p2 move calmmind\n>p1 move cosmicpower\n>p2 move calmmind\n>p1 move dazzlinggleam\n>p2 move calmmind\n>p1 switch 5\n>p2 move calmmind\n>p1 move knockoff\n>p2 switch 2\n>p2 switch 4\n>p1 switch 6\n>p2 move uturn\n>p2 switch 5\n>p1 move toxicspikes\n>p2 move freezedry\n>p1 switch 5\n>p2 move freezedry\n>p1 move cosmicpower\n>p2 switch 5\n>p1 move recover\n>p2 move uturn\n>p2 switch 2\n>p1 move cosmicpower\n>p2 move calmmind\n>p1 move cosmicpower\n>p2 move calmmind\n>p1 move cosmicpower\n>p2 move calmmind\n>p1 move cosmicpower\n>p2 move calmmind\n>p1 move cosmicpower\n>p2 move calmmind\n>p1 move storedpower\n>p2 move calmmind\n>p1 move dazzlinggleam\n>p2 move slackoff\n>p1 move dazzlinggleam\n>p2 move scald\n>p1 move dazzlinggleam\n>p2 move slackoff\n>p1 move dazzlinggleam\n>p2 move scald\n>p1 move storedpower\n>p2 move psychicnoise\n>p1 move storedpower\n>p2 move slackoff\n>p1 move recover\n>p2 move scald\n>p1 move storedpower\n>p2 move scald\n>p1 move recover\n>p2 move slackoff\n>p1 move storedpower\n>p2 move scald\n>p1 move storedpower\n>p2 move psychicnoise\n>p1 move storedpower\n>p2 move scald\n>p1 move recover\n>p2 move slackoff\n>p1 move dazzlinggleam\n>p2 move scald\n>p1 move recover\n>p2 move slackoff\n>p1 move storedpower\n>p2 move scald\n>p1 move storedpower\n>p2 move psychicnoise\n>p1 move storedpower\n>p2 move psychicnoise\n>p1 move recover\n>p2 move slackoff\n>p1 move storedpower\n>p2 move psychicnoise\n>p1 move storedpower\n>p2 move scald\n>p1 move recover\n>p2 move slackoff\n>p1 move storedpower\n>p2 move scald\n>p1 move recover\n>p2 move psychicnoise\n>p1 move storedpower\n>p2 move scald\n>p1 move storedpower\n>p2 move scald\n>p2 switch 2\n>p1 move storedpower\n>p2 move uturn\n>p2 switch 5\n>p1 move dazzlinggleam\n>p2 move icebeam\n>p2 switch 5\n>p1 move dazzlinggleam\n>p2 move uturn\n>p1 switch 5\n>p1 move recover\n>p2 move willowisp\n>forcelose p2", "uploadtime": 1781398040, "views": 5, "formatid": "gen9randombattle", "rating": null, "private": 0, "password": null, "player_dets": [{"name": "Daruma", "avatar": "#ruplixsleekslushrushers", "rating": 2146, "seed": "sodium,ea7f189baa11290ff87934b5b4f79703"}, {"name": "Christmasrieth12", "avatar": "2", "rating": 2174, "seed": "sodium,6a097e78532e902fecc9cf7d95183305"}], "teams_full": [{"Galvantula": {"name": "Galvantula", "species": "Galvantula", "speciesId": "galvantula", "gender": "M", "shiny": false, "level": 82, "moves": ["thunder", "voltswitch", "bugbuzz", "stickyweb"], "ability": "Compound Eyes", "evs": {"hp": 85, "atk": 0, "def": 85, "spa": 85, "spd": 85, "spe": 85}, "ivs": {"hp": 31, "atk": 0, "def": 31, "spa": 31, "spd": 31, "spe": 31}, "item": "Focus Sash", "teraType": "Electric", "role": "Fast Support", "bvs": {"hp": 70, "atk": 77, "def": 60, "spa": 97, "spd": 60, "spe": 108}, "stats": {"hp": 249, "atk": 131, "def": 146, "spa": 206, "spd": 146, "spe": 224}}, "Cinccino": {"name": "Cinccino", "species": "Cinccino", "speciesId": "cinccino", "gender": "F", "shiny": false, "level": 83, "moves": ["tripleaxel", "bulletseed", "tidyup", "tailslap"], "ability": "Technician", "evs": {"hp": 85, "atk": 85, "def": 85, "spa": 85, "spd": 85, "spe": 85}, "ivs": {"hp": 31, "atk": 31, "def": 31, "spa": 31, "spd": 31, "spe": 31}, "item": "Loaded Dice", "teraType": "Normal", "role": "Fast Attacker", "bvs": {"hp": 75, "atk": 95, "def": 60, "spa": 65, "spd": 60, "spe": 115}, "stats": {"hp": 260, "atk": 205, "def": 147, "spa": 156, "spd": 147, "spe": 239}}, "Chimecho": {"name": "Chimecho", "species": "Chimecho", "speciesId": "chimecho", "gender": "F", "shiny": false, "level": 93, "moves": ["dazzlinggleam", "cosmicpower", "storedpower", "recover"], "ability": "Levitate", "evs": {"hp": 85, "atk": 0, "def": 85, "spa": 85, "spd": 85, "spe": 85}, "ivs": {"hp": 31, "atk": 0, "def": 31, "spa": 31, "spd": 31, "spe": 31}, "item": "Leftovers", "teraType": "Steel", "role": "Bulky Attacker", "bvs": {"hp": 75, "atk": 50, "def": 80, "spa": 95, "spd": 90, "spe": 65}, "stats": {"hp": 290, "atk": 98, "def": 202, "spa": 230, "spd": 220, "spe": 174}}, "Toxapex": {"name": "Toxapex", "species": "Toxapex", "speciesId": "toxapex", "gender": "M", "shiny": false, "level": 82, "moves": ["liquidation", "haze", "toxicspikes", "recover"], "ability": "Regenerator", "evs": {"hp": 85, "atk": 85, "def": 85, "spa": 85, "spd": 85, "spe": 85}, "ivs": {"hp": 31, "atk": 31, "def": 31, "spa": 31, "spd": 31, "spe": 31}, "item": "Leftovers", "teraType": "Grass", "role": "Bulky Support", "bvs": {"hp": 50, "atk": 63, "def": 152, "spa": 53, "spd": 142, "spe": 35}, "stats": {"hp": 216, "atk": 150, "def": 296, "spa": 134, "spd": 280, "spe": 105}}, "Crawdaunt": {"name": "Crawdaunt", "species": "Crawdaunt", "speciesId": "crawdaunt", "gender": "F", "shiny": false, "level": 84, "moves": ["dragondance", "aquajet", "crabhammer", "knockoff"], "ability": "Adaptability", "evs": {"hp": 85, "atk": 85, "def": 85, "spa": 85, "spd": 85, "spe": 85}, "ivs": {"hp": 31, "atk": 31, "def": 31, "spa": 31, "spd": 31, "spe": 31}, "item": "Life Orb", "teraType": "Water", "role": "Setup Sweeper", "bvs": {"hp": 63, "atk": 120, "def": 85, "spa": 90, "spd": 55, "spe": 55}, "stats": {"hp": 243, "atk": 250, "def": 191, "spa": 199, "spd": 141, "spe": 141}}, "Luxray": {"name": "Luxray", "species": "Luxray", "speciesId": "luxray", "gender": "M", "shiny": false, "level": 88, "moves": ["facade", "playrough", "supercellslam", "trailblaze"], "ability": "Guts", "evs": {"hp": 81, "atk": 85, "def": 85, "spa": 85, "spd": 85, "spe": 85}, "ivs": {"hp": 31, "atk": 31, "def": 31, "spa": 31, "spd": 31, "spe": 31}, "item": "Flame Orb", "teraType": "Normal", "role": "Setup Sweeper", "bvs": {"hp": 80, "atk": 120, "def": 79, "spa": 95, "spd": 79, "spe": 70}, "stats": {"hp": 283, "atk": 261, "def": 189, "spa": 217, "spd": 189, "spe": 173}}}, {"Forretress": {"name": "Forretress", "species": "Forretress", "speciesId": "forretress", "gender": "F", "shiny": false, "level": 84, "moves": ["bodypress", "stealthrock", "spikes", "ironhead"], "ability": "Sturdy", "evs": {"hp": 85, "atk": 85, "def": 85, "spa": 85, "spd": 85, "spe": 85}, "ivs": {"hp": 31, "atk": 31, "def": 31, "spa": 31, "spd": 31, "spe": 31}, "item": "Leftovers", "teraType": "Fighting", "role": "Bulky Attacker", "bvs": {"hp": 75, "atk": 90, "def": 140, "spa": 60, "spd": 60, "spe": 40}, "stats": {"hp": 263, "atk": 199, "def": 283, "spa": 149, "spd": 149, "spe": 115}}, "Slither Wing": {"name": "Slither Wing", "species": "Slither Wing", "speciesId": "slitherwing", "gender": "N", "shiny": false, "level": 81, "moves": ["morningsun", "uturn", "closecombat", "willowisp"], "ability": "Protosynthesis", "evs": {"hp": 85, "atk": 85, "def": 85, "spa": 85, "spd": 85, "spe": 85}, "ivs": {"hp": 31, "atk": 31, "def": 31, "spa": 31, "spd": 31, "spe": 31}, "item": "Heavy-Duty Boots", "teraType": "Fire", "role": "Fast Support", "bvs": {"hp": 85, "atk": 135, "def": 79, "spa": 85, "spd": 105, "spe": 81}, "stats": {"hp": 270, "atk": 265, "def": 175, "spa": 184, "spd": 217, "spe": 178}}, "Toxicroak": {"name": "Toxicroak", "species": "Toxicroak", "speciesId": "toxicroak", "gender": "M", "shiny": false, "level": 84, "moves": ["earthquake", "swordsdance", "gunkshot", "closecombat"], "ability": "Dry Skin", "evs": {"hp": 85, "atk": 85, "def": 85, "spa": 85, "spd": 85, "spe": 85}, "ivs": {"hp": 31, "atk": 31, "def": 31, "spa": 31, "spd": 31, "spe": 31}, "item": "Life Orb", "teraType": "Fighting", "role": "Setup Sweeper", "bvs": {"hp": 83, "atk": 106, "def": 65, "spa": 86, "spd": 65, "spe": 85}, "stats": {"hp": 277, "atk": 226, "def": 157, "spa": 193, "spd": 157, "spe": 191}}, "Slowbro": {"name": "Slowbro", "species": "Slowbro", "speciesId": "slowbro", "gender": "M", "shiny": false, "level": 85, "moves": ["scald", "psychicnoise", "slackoff", "calmmind"], "ability": "Regenerator", "evs": {"hp": 85, "atk": 0, "def": 85, "spa": 85, "spd": 85, "spe": 85}, "ivs": {"hp": 31, "atk": 0, "def": 31, "spa": 31, "spd": 31, "spe": 31}, "item": "Leftovers", "teraType": "Poison", "role": "Bulky Attacker", "bvs": {"hp": 95, "atk": 75, "def": 110, "spa": 100, "spd": 80, "spe": 30}, "stats": {"hp": 300, "atk": 132, "def": 236, "spa": 219, "spd": 185, "spe": 100}}, "Lapras": {"name": "Lapras", "species": "Lapras", "speciesId": "lapras", "gender": "F", "shiny": false, "level": 87, "moves": ["sparklingaria", "hydropump", "icebeam", "freezedry"], "ability": "Water Absorb", "evs": {"hp": 81, "atk": 0, "def": 85, "spa": 85, "spd": 85, "spe": 85}, "ivs": {"hp": 31, "atk": 0, "def": 31, "spa": 31, "spd": 31, "spe": 31}, "item": "Choice Specs", "teraType": "Water", "role": "Wallbreaker", "bvs": {"hp": 130, "atk": 85, "def": 80, "spa": 85, "spd": 95, "spe": 60}, "stats": {"hp": 367, "atk": 152, "def": 189, "spa": 198, "spd": 215, "spe": 154}}, "Girafarig": {"name": "Girafarig", "species": "Girafarig", "speciesId": "girafarig", "gender": "F", "shiny": false, "level": 89, "moves": ["nastyplot", "psychic", "dazzlinggleam", "thunderbolt"], "ability": "Sap Sipper", "evs": {"hp": 85, "atk": 0, "def": 85, "spa": 85, "spd": 85, "spe": 85}, "ivs": {"hp": 31, "atk": 0, "def": 31, "spa": 31, "spd": 31, "spe": 31}, "item": "Eviolite", "teraType": "Fairy", "role": "Bulky Setup", "bvs": {"hp": 70, "atk": 80, "def": 65, "spa": 90, "spd": 65, "spe": 85}, "stats": {"hp": 269, "atk": 147, "def": 166, "spa": 211, "spd": 166, "spe": 202}}}]}