{"id": "gen9randombattle-2631902907", "format": "[Gen 9] Random Battle", "players": ["darkiway", "blufferfish2009"], "log": "|j|\u2606darkiway\n|j|\u2606blufferfish2009\n|t:|1781453859\n|gametype|singles\n|player|p1|darkiway|lady|1989\n|player|p2|blufferfish2009|iris-gen5bw2|1954\n|gen|9\n|tier|[Gen 9] Random Battle\n|rated|\n|rule|Species Clause: Limit one of each Pok\u00e9mon\n|rule|HP Percentage Mod: HP is shown in percentages\n|rule|Sleep Clause Mod: Limit one foe put to sleep\n|rule|Illusion Level Mod: Illusion disguises the Pok\u00e9mon's true level\n|\n|t:|1781453859\n|teamsize|p1|6\n|teamsize|p2|6\n|start\n|switch|p1a: Volcanion|Volcanion, L79|255/255\n|switch|p2a: Arceus|Arceus-Ice, L72|291/291\n|turn|1\n|\n|t:|1781453876\n|switch|p2a: Walking Wake|Walking Wake, L79|286/286\n|move|p1a: Volcanion|Flame Charge|p2a: Walking Wake\n|-resisted|p2a: Walking Wake\n|-damage|p2a: Walking Wake|273/286\n|-boost|p1a: Volcanion|spe|1\n|\n|upkeep\n|turn|2\n|\n|t:|1781453887\n|move|p1a: Volcanion|Earth Power|p2a: Walking Wake\n|-damage|p2a: Walking Wake|196/286\n|move|p2a: Walking Wake|Draco Meteor|p1a: Volcanion\n|-damage|p1a: Volcanion|119/255\n|-unboost|p2a: Walking Wake|spa|2\n|-damage|p2a: Walking Wake|168/286|[from] item: Life Orb\n|\n|upkeep\n|turn|3\n|\n|t:|1781453900\n|-end|p2a: Walking Wake|Protosynthesis|[silent]\n|switch|p2a: Bronzong|Bronzong, L88|261/261\n|move|p1a: Volcanion|Flamethrower|p2a: Bronzong\n|-supereffective|p2a: Bronzong\n|-damage|p2a: Bronzong|105/261\n|\n|upkeep\n|turn|4\n|\n|t:|1781453907\n|switch|p2a: Walking Wake|Walking Wake, L79|168/286\n|move|p1a: Volcanion|Flamethrower|p2a: Walking Wake\n|-resisted|p2a: Walking Wake\n|-damage|p2a: Walking Wake|141/286\n|\n|upkeep\n|turn|5\n|\n|t:|1781453917\n|move|p1a: Volcanion|Earth Power|p2a: Walking Wake\n|-damage|p2a: Walking Wake|68/286\n|move|p2a: Walking Wake|Draco Meteor|p1a: Volcanion\n|-damage|p1a: Volcanion|0 fnt\n|-unboost|p2a: Walking Wake|spa|2\n|faint|p1a: Volcanion\n|-damage|p2a: Walking Wake|40/286|[from] item: Life Orb\n|\n|upkeep\n|\n|t:|1781453924\n|switch|p1a: Furret|Furret, L94, M, shiny|312/312\n|-item|p2a: Walking Wake|Life Orb|[from] ability: Frisk|[of] p1a: Furret\n|turn|6\n|\n|t:|1781453942\n|move|p1a: Furret|U-turn|p2a: Walking Wake\n|-damage|p2a: Walking Wake|0 fnt\n|faint|p2a: Walking Wake\n|-end|p2a: Walking Wake|Protosynthesis|[silent]\n|\n|t:|1781453952\n|switch|p1a: Gallade|Gallade, L80, M|240/240|[from] U-turn\n|\n|upkeep\n|\n|t:|1781453956\n|switch|p2a: Squawkabilly|Squawkabilly-Yellow, L89, M|291/291\n|turn|7\n|\n|t:|1781453973\n|switch|p1a: Arbok|Arbok, L87, F|246/246\n|-ability|p1a: Arbok|Intimidate|boost\n|-unboost|p2a: Squawkabilly|atk|1\n|move|p2a: Squawkabilly|Brave Bird|p1a: Arbok\n|-damage|p1a: Arbok|14/246\n|-damage|p2a: Squawkabilly|214/291|[from] Recoil\n|\n|-heal|p1a: Arbok|29/246|[from] item: Leftovers\n|upkeep\n|turn|8\n|\n|t:|1781453982\n|move|p1a: Arbok|Sucker Punch|p2a: Squawkabilly\n|-damage|p2a: Squawkabilly|148/291\n|move|p2a: Squawkabilly|Brave Bird|p1a: Arbok\n|-damage|p1a: Arbok|0 fnt\n|faint|p1a: Arbok\n|-damage|p2a: Squawkabilly|138/291|[from] Recoil\n|\n|upkeep\n|\n|t:|1781453987\n|switch|p1a: Furret|Furret, L94, M, shiny|312/312\n|-item|p2a: Squawkabilly|Choice Band|[from] ability: Frisk|[of] p1a: Furret\n|turn|9\n|\n|t:|1781453993\n|switch|p2a: Sableye|Sableye, L88, F|231/231\n|move|p1a: Furret|Double-Edge|p2a: Sableye\n|-immune|p2a: Sableye\n|\n|upkeep\n|turn|10\n|\n|t:|1781454007\n|switch|p1a: Tropius|Tropius, L91, F|328/328\n|move|p2a: Sableye|Knock Off|p1a: Tropius\n|-damage|p1a: Tropius|232/328\n|-enditem|p1a: Tropius|Sitrus Berry|[from] move: Knock Off|[of] p2a: Sableye\n|\n|upkeep\n|turn|11\n|\n|t:|1781454012\n|move|p2a: Sableye|Thunder Wave|p1a: Tropius\n|-status|p1a: Tropius|par\n|cant|p1a: Tropius|par\n|\n|upkeep\n|turn|12\n|\n|t:|1781454016\n|move|p2a: Sableye|Knock Off|p1a: Tropius\n|-damage|p1a: Tropius|169/328 par\n|cant|p1a: Tropius|par\n|\n|upkeep\n|turn|13\n|\n|t:|1781454020\n|move|p2a: Sableye|Knock Off|p1a: Tropius\n|-damage|p1a: Tropius|111/328 par\n|move|p1a: Tropius|Leech Seed|p2a: Sableye\n|-start|p2a: Sableye|move: Leech Seed\n|\n|-damage|p2a: Sableye|203/231|[from] Leech Seed|[of] p1a: Tropius\n|-heal|p1a: Tropius|139/328 par|[silent]\n|upkeep\n|turn|14\n|\n|t:|1781454025\n|switch|p2a: Arceus|Arceus-Ice, L72|291/291\n|cant|p1a: Tropius|par\n|\n|upkeep\n|turn|15\n|\n|t:|1781454029\n|move|p2a: Arceus|Judgment|p1a: Tropius\n|-supereffective|p1a: Tropius\n|-damage|p1a: Tropius|0 fnt\n|faint|p1a: Tropius\n|\n|upkeep\n|\n|t:|1781454040\n|switch|p1a: Archaludon|Archaludon, L78, M|268/268\n|turn|16\n|\n|t:|1781454044\n|-terastallize|p2a: Arceus|Ground\n|move|p2a: Arceus|Earth Power|p1a: Archaludon\n|-supereffective|p1a: Archaludon\n|-damage|p1a: Archaludon|52/268\n|-ability|p1a: Archaludon|Stamina|boost\n|-boost|p1a: Archaludon|def|1\n|move|p1a: Archaludon|Swords Dance|p1a: Archaludon\n|-boost|p1a: Archaludon|atk|2\n|\n|upkeep\n|turn|17\n|-message|darkiway forfeited.\n|\n|win|blufferfish2009\n", "inputlog": ">version a8376a258c1d4662feba110a92103f3664a72141\n>start {\"formatid\":\"gen9randombattle\",\"seed\":\"sodium,6dfd167fda7c699592d18995cd80e414\",\"rated\":\"Rated battle\"}\n>player p1 {\"name\":\"darkiway\",\"avatar\":\"lady\",\"rating\":1989,\"seed\":\"sodium,705c7cfa899f9c4759e1ddad187b1703\"}\n>player p2 {\"name\":\"blufferfish2009\",\"avatar\":\"iris-gen5bw2\",\"rating\":1954,\"seed\":\"sodium,4f532f93074455a47186b450d6c3da9b\"}\n>p1 move flamecharge\n>p2 switch 4\n>p1 move earthpower\n>p2 move dracometeor\n>p1 move flamethrower\n>p2 switch 5\n>p1 move flamethrower\n>p2 switch 5\n>p1 move earthpower\n>p2 move dracometeor\n>p1 switch 6\n>p1 move uturn\n>p2 move hydrosteam\n>p1 switch 3\n>p2 switch 2\n>p1 switch 2\n>p2 move bravebird\n>p1 move suckerpunch\n>p2 move bravebird\n>p1 switch 3\n>p1 move doubleedge\n>p2 switch 6\n>p1 switch 5\n>p2 move knockoff\n>p1 move leechseed\n>p2 move thunderwave\n>p1 move leechseed\n>p2 move knockoff\n>p1 move leechseed\n>p2 move knockoff\n>p1 move leechseed\n>p2 switch 4\n>p1 move leechseed\n>p2 move judgment\n>p1 switch 4\n>p1 move swordsdance\n>p2 move earthpower terastallize\n>forcelose p1", "uploadtime": 1781453861, "views": 6, "formatid": "gen9randombattle", "rating": null, "private": 0, "password": null}