{"id": "gen9randombattle-2631800776", "format": "[Gen 9] Random Battle", "players": ["plabomile", "Redna 0_o"], "log": "|j|\u2606plabomile\n|j|\u2606Redna 0_o\n|t:|1781441604\n|gametype|singles\n|player|p1|plabomile|102|1556\n|player|p2|Redna 0_o|169|1591\n|gen|9\n|tier|[Gen 9] Random Battle\n|rated|\n|rule|Species Clause: Limit one of each Pok\u00e9mon\n|rule|HP Percentage Mod: HP is shown in percentages\n|rule|Sleep Clause Mod: Limit one foe put to sleep\n|rule|Illusion Level Mod: Illusion disguises the Pok\u00e9mon's true level\n|\n|t:|1781441604\n|teamsize|p1|6\n|teamsize|p2|6\n|start\n|switch|p1a: Volcanion|Volcanion, L79|256/256\n|switch|p2a: Persian|Persian, L92, F|269/269\n|turn|1\n|\n|t:|1781441616\n|move|p2a: Persian|Double-Edge|p1a: Volcanion\n|-damage|p1a: Volcanion|108/256\n|-damage|p2a: Persian|220/269|[from] Recoil\n|move|p1a: Volcanion|Steam Eruption|p2a: Persian\n|-damage|p2a: Persian|82/269\n|\n|upkeep\n|turn|2\n|\n|t:|1781441630\n|switch|p1a: Flutter Mane|Flutter Mane, L74|203/203\n|move|p2a: Persian|Double-Edge|p1a: Flutter Mane\n|-immune|p1a: Flutter Mane\n|\n|upkeep\n|turn|3\n|\n|t:|1781441650\n|switch|p2a: Sandslash|Sandslash, L89, M|278/278\n|move|p1a: Flutter Mane|Moonblast|p2a: Sandslash\n|-damage|p2a: Sandslash|168/278\n|-damage|p1a: Flutter Mane|183/203|[from] item: Life Orb\n|\n|upkeep\n|turn|4\n|\n|t:|1781441658\n|move|p1a: Flutter Mane|Moonblast|p2a: Sandslash\n|-damage|p2a: Sandslash|55/278\n|-unboost|p2a: Sandslash|spa|1\n|-damage|p1a: Flutter Mane|163/203|[from] item: Life Orb\n|move|p2a: Sandslash|Earthquake|p1a: Flutter Mane\n|-crit|p1a: Flutter Mane\n|-damage|p1a: Flutter Mane|0 fnt\n|faint|p1a: Flutter Mane\n|-end|p1a: Flutter Mane|Protosynthesis|[silent]\n|\n|upkeep\n|inactive|Battle timer is ON: inactive players will automatically lose when time's up. (requested by Redna 0_o)\n|\n|t:|1781441672\n|switch|p1a: Glalie|Glalie, L96, F|309/309\n|turn|5\n|\n|t:|1781441675\n|move|p1a: Glalie|Freeze-Dry|p2a: Sandslash\n|-supereffective|p2a: Sandslash\n|-damage|p2a: Sandslash|0 fnt\n|faint|p2a: Sandslash\n|\n|upkeep\n|\n|t:|1781441678\n|switch|p2a: Typhlosion|Typhlosion-Hisui, L83, F|257/257\n|turn|6\n|\n|t:|1781441685\n|move|p1a: Glalie|Earthquake|p2a: Typhlosion\n|-supereffective|p2a: Typhlosion\n|-damage|p2a: Typhlosion|67/257\n|move|p2a: Typhlosion|Shadow Ball|p1a: Glalie\n|-damage|p1a: Glalie|171/309\n|\n|upkeep\n|turn|7\n|\n|t:|1781441690\n|switch|p2a: Dragonite|Dragonite, L74, M|257/257\n|move|p1a: Glalie|Earthquake|p2a: Dragonite\n|-immune|p2a: Dragonite\n|\n|upkeep\n|turn|8\n|\n|t:|1781441697\n|switch|p2a: Persian|Persian, L92, F|82/269\n|move|p1a: Glalie|Taunt|p2a: Persian\n|-start|p2a: Persian|move: Taunt\n|\n|upkeep\n|turn|9\n|\n|t:|1781441701\n|switch|p1a: Volcanion|Volcanion, L79|108/256\n|move|p2a: Persian|Double-Edge|p1a: Volcanion\n|-damage|p1a: Volcanion|0 fnt\n|faint|p1a: Volcanion\n|-damage|p2a: Persian|46/269|[from] Recoil\n|\n|upkeep\n|\n|t:|1781441706\n|switch|p1a: Medicham|Medicham, L86, M|243/243\n|turn|10\n|\n|t:|1781441712\n|switch|p2a: Typhlosion|Typhlosion-Hisui, L83, F|67/257\n|move|p1a: Medicham|Zen Headbutt|p2a: Typhlosion\n|-damage|p2a: Typhlosion|0 fnt\n|faint|p2a: Typhlosion\n|\n|upkeep\n|\n|t:|1781441715\n|switch|p2a: Spiritomb|Spiritomb, L89, M|234/234\n|turn|11\n|\n|t:|1781441719\n|switch|p1a: Sunflora|Sunflora, F|312/312\n|move|p2a: Spiritomb|Poltergeist|p1a: Sunflora\n|-activate|p1a: Sunflora|move: Poltergeist|Choice Specs\n|-damage|p1a: Sunflora|156/312\n|\n|upkeep\n|turn|12\n|\n|t:|1781441725\n|move|p1a: Sunflora|Dazzling Gleam|p2a: Spiritomb\n|-supereffective|p2a: Spiritomb\n|-damage|p2a: Spiritomb|22/234\n|move|p2a: Spiritomb|Poltergeist|p1a: Sunflora\n|-activate|p1a: Sunflora|move: Poltergeist|Choice Specs\n|-damage|p1a: Sunflora|14/312\n|\n|-heal|p2a: Spiritomb|36/234|[from] item: Leftovers\n|upkeep\n|turn|13\n|\n|t:|1781441728\n|move|p2a: Spiritomb|Shadow Sneak|p1a: Sunflora\n|-damage|p1a: Sunflora|0 fnt\n|faint|p1a: Sunflora\n|\n|-heal|p2a: Spiritomb|50/234|[from] item: Leftovers\n|upkeep\n|\n|t:|1781441730\n|switch|p1a: Medicham|Medicham, L86, M|243/243\n|turn|14\n|\n|t:|1781441735\n|switch|p2a: Persian|Persian, L92, F|46/269\n|move|p1a: Medicham|Bullet Punch|p2a: Persian\n|-damage|p2a: Persian|0 fnt\n|faint|p2a: Persian\n|\n|upkeep\n|\n|t:|1781441741\n|switch|p2a: Dragonite|Dragonite, L74, M|257/257\n|turn|15\n|\n|t:|1781441745\n|switch|p1a: Passimian|Passimian, L83, F|302/302\n|move|p2a: Dragonite|Dragon Dance|p2a: Dragonite\n|-boost|p2a: Dragonite|atk|1\n|-boost|p2a: Dragonite|spe|1\n|\n|upkeep\n|turn|16\n|\n|t:|1781441748\n|-terastallize|p2a: Dragonite|Flying\n|move|p2a: Dragonite|Tera Blast|p1a: Passimian|[anim] Tera Blast Flying\n|-supereffective|p1a: Passimian\n|-damage|p1a: Passimian|0 fnt\n|faint|p1a: Passimian\n|\n|upkeep\n|\n|t:|1781441756\n|switch|p1a: Glalie|Glalie, L96, F|171/309\n|turn|17\n|\n|t:|1781441760\n|move|p2a: Dragonite|Tera Blast|p1a: Glalie|[anim] Tera Blast Flying\n|-crit|p1a: Glalie\n|-damage|p1a: Glalie|0 fnt\n|faint|p1a: Glalie\n|\n|upkeep\n|-message|plabomile forfeited.\n|\n|win|Redna 0_o\n|raw|plabomile's rating: 1556 &rarr; <strong>1538</strong><br />(-18 for losing)\n|raw|Redna 0_o's rating: 1591 &rarr; <strong>1609</strong><br />(+18 for winning)\n|l|\u2606plabomile\n|player|p1|\n", "inputlog": ">version a8376a258c1d4662feba110a92103f3664a72141\n>start {\"formatid\":\"gen9randombattle\",\"seed\":\"sodium,b83f4baed0f98cf16f448545e998239f\",\"rated\":\"Rated battle\"}\n>player p1 {\"name\":\"plabomile\",\"avatar\":\"102\",\"rating\":1556,\"seed\":\"sodium,c5e414ae5dd1a2d72a1405a8d98506d1\"}\n>player p2 {\"name\":\"Redna 0_o\",\"avatar\":\"169\",\"rating\":1591,\"seed\":\"sodium,626e49cc5439ceeadcc56811ad2a3eb1\"}\n>p1 move steameruption\n>p2 move doubleedge\n>p1 switch 5\n>p2 move doubleedge\n>p1 move moonblast\n>p2 switch 4\n>p1 move moonblast\n>p2 move earthquake\n>p1 switch 3\n>p1 move freezedry\n>p2 move rapidspin\n>p2 switch 2\n>p1 move earthquake\n>p2 move shadowball\n>p1 move earthquake\n>p2 switch 6\n>p1 move taunt\n>p2 switch 4\n>p1 switch 5\n>p2 move doubleedge\n>p1 switch 6\n>p1 move zenheadbutt\n>p2 switch 6\n>p2 switch 3\n>p1 switch 4\n>p2 move poltergeist\n>p1 move dazzlinggleam\n>p2 move poltergeist\n>p1 move dazzlinggleam\n>p2 move shadowsneak\n>p1 switch 4\n>p1 move bulletpunch\n>p2 switch 6\n>p2 switch 4\n>p1 switch 2\n>p2 move dragondance\n>p1 move rockslide\n>p2 move terablast terastallize\n>p1 switch 5\n>p1 move freezedry\n>p2 move terablast\n>forcelose p1", "uploadtime": 1781441765, "views": 5, "formatid": "gen9randombattle", "rating": 1538, "private": 0, "password": null}