{"id": "gen9randombattle-2631909225", "format": "[Gen 9] Random Battle", "players": ["Unneeded", "joonnabi"], "log": "|j|\u2606Unneeded\n|j|\u2606joonnabi\n|t:|1781454545\n|gametype|singles\n|player|p1|Unneeded|lucas|1977\n|player|p2|joonnabi|linebacker|1907\n|gen|9\n|tier|[Gen 9] Random Battle\n|rated|\n|rule|Species Clause: Limit one of each Pok\u00e9mon\n|rule|HP Percentage Mod: HP is shown in percentages\n|rule|Sleep Clause Mod: Limit one foe put to sleep\n|rule|Illusion Level Mod: Illusion disguises the Pok\u00e9mon's true level\n|\n|t:|1781454545\n|teamsize|p1|6\n|teamsize|p2|6\n|start\n|switch|p1a: Dugtrio|Dugtrio-Alola, L84, M|196/196\n|switch|p2a: Leafeon|Leafeon, L88, F|258/258\n|turn|1\n|inactive|Battle timer is ON: inactive players will automatically lose when time's up. (requested by Unneeded)\n|\n|t:|1781454566\n|move|p1a: Dugtrio|Stealth Rock|p2a: Leafeon\n|-sidestart|p2: joonnabi|move: Stealth Rock\n|move|p2a: Leafeon|Swords Dance|p2a: Leafeon\n|-boost|p2a: Leafeon|atk|2\n|\n|upkeep\n|turn|2\n|\n|t:|1781454583\n|switch|p1a: Bisharp|Bisharp, L79, F|232/232\n|move|p2a: Leafeon|Leaf Blade|p1a: Bisharp\n|-resisted|p1a: Bisharp\n|-damage|p1a: Bisharp|142/232\n|-damage|p2a: Leafeon|233/258|[from] item: Life Orb\n|\n|upkeep\n|turn|3\n|\n|t:|1781454591\n|move|p2a: Leafeon|Knock Off|p1a: Bisharp\n|-resisted|p1a: Bisharp\n|-damage|p1a: Bisharp|74/232\n|-enditem|p1a: Bisharp|Eviolite|[from] move: Knock Off|[of] p2a: Leafeon\n|-damage|p2a: Leafeon|208/258|[from] item: Life Orb\n|move|p1a: Bisharp|Iron Head|p2a: Leafeon\n|-damage|p2a: Leafeon|147/258\n|\n|upkeep\n|turn|4\n|\n|t:|1781454595\n|move|p2a: Leafeon|Leaf Blade|p1a: Bisharp\n|-resisted|p1a: Bisharp\n|-damage|p1a: Bisharp|0 fnt\n|faint|p1a: Bisharp\n|-damage|p2a: Leafeon|122/258|[from] item: Life Orb\n|\n|upkeep\n|\n|t:|1781454604\n|switch|p1a: Dugtrio|Dugtrio-Alola, L84, M|196/196\n|turn|5\n|\n|t:|1781454620\n|move|p1a: Dugtrio|Iron Head|p2a: Leafeon\n|-damage|p2a: Leafeon|48/258\n|-damage|p1a: Dugtrio|177/196|[from] item: Life Orb\n|move|p2a: Leafeon|Leaf Blade|p1a: Dugtrio\n|-damage|p1a: Dugtrio|0 fnt\n|-ability|p1a: Dugtrio|Tangling Hair\n|-unboost|p2a: Leafeon|spe|1\n|faint|p1a: Dugtrio\n|-damage|p2a: Leafeon|23/258|[from] item: Life Orb\n|\n|upkeep\n|\n|t:|1781454629\n|switch|p1a: Vigoroth|Vigoroth, L85, M|275/275\n|turn|6\n|\n|t:|1781454653\n|move|p1a: Vigoroth|Body Slam|p2a: Leafeon\n|-damage|p2a: Leafeon|0 fnt\n|faint|p2a: Leafeon\n|\n|upkeep\n|inactive|joonnabi has 120 seconds left.\n|\n|t:|1781454679\n|switch|p2a: Yanmega|Yanmega, L82, F|275/275\n|turn|7\n|\n|t:|1781454687\n|move|p2a: Yanmega|Air Slash|p1a: Vigoroth\n|-damage|p1a: Vigoroth|202/275\n|move|p1a: Vigoroth|Body Slam|p2a: Yanmega\n|-damage|p2a: Yanmega|190/275\n|\n|-ability|p2a: Yanmega|Speed Boost|boost\n|-boost|p2a: Yanmega|spe|1\n|upkeep\n|turn|8\n|\n|t:|1781454691\n|move|p2a: Yanmega|Air Slash|p1a: Vigoroth\n|-damage|p1a: Vigoroth|124/275\n|cant|p1a: Vigoroth|flinch\n|\n|-ability|p2a: Yanmega|Speed Boost|boost\n|-boost|p2a: Yanmega|spe|1\n|upkeep\n|turn|9\n|\n|t:|1781454694\n|move|p2a: Yanmega|Air Slash|p1a: Vigoroth\n|-damage|p1a: Vigoroth|39/275\n|move|p1a: Vigoroth|Slack Off|p1a: Vigoroth\n|-heal|p1a: Vigoroth|177/275\n|\n|-ability|p2a: Yanmega|Speed Boost|boost\n|-boost|p2a: Yanmega|spe|1\n|upkeep\n|turn|10\n|\n|t:|1781454697\n|move|p2a: Yanmega|Air Slash|p1a: Vigoroth\n|-damage|p1a: Vigoroth|101/275\n|cant|p1a: Vigoroth|flinch\n|\n|-ability|p2a: Yanmega|Speed Boost|boost\n|-boost|p2a: Yanmega|spe|1\n|upkeep\n|turn|11\n|\n|t:|1781454701\n|move|p2a: Yanmega|Air Slash|p1a: Vigoroth\n|-damage|p1a: Vigoroth|19/275\n|cant|p1a: Vigoroth|flinch\n|\n|-ability|p2a: Yanmega|Speed Boost|boost\n|-boost|p2a: Yanmega|spe|1\n|upkeep\n|turn|12\n|\n|t:|1781454706\n|move|p2a: Yanmega|Bug Buzz|p1a: Vigoroth\n|-damage|p1a: Vigoroth|0 fnt\n|faint|p1a: Vigoroth\n|\n|-ability|p2a: Yanmega|Speed Boost|boost\n|-boost|p2a: Yanmega|spe|1\n|upkeep\n|\n|t:|1781454708\n|switch|p1a: Magmortar|Magmortar, L88, M|275/275\n|turn|13\n|\n|t:|1781454711\n|move|p2a: Yanmega|Air Slash|p1a: Magmortar\n|-damage|p1a: Magmortar|202/275\n|move|p1a: Magmortar|Thunderbolt|p2a: Yanmega\n|-supereffective|p2a: Yanmega\n|-damage|p2a: Yanmega|0 fnt\n|faint|p2a: Yanmega\n|\n|upkeep\n|\n|t:|1781454718\n|switch|p2a: Camerupt|Camerupt, L91, F|275/275\n|-damage|p2a: Camerupt|241/275|[from] Stealth Rock\n|turn|14\n|\n|t:|1781454728\n|move|p1a: Magmortar|Earthquake|p2a: Camerupt\n|-supereffective|p2a: Camerupt\n|-damage|p2a: Camerupt|123/275\n|move|p2a: Camerupt|Stealth Rock|p1a: Magmortar\n|-sidestart|p1: Unneeded|move: Stealth Rock\n|\n|-heal|p2a: Camerupt|140/275|[from] item: Leftovers\n|upkeep\n|turn|15\n|\n|t:|1781454741\n|-terastallize|p1a: Magmortar|Water\n|move|p1a: Magmortar|Earthquake|p2a: Camerupt\n|-supereffective|p2a: Camerupt\n|-damage|p2a: Camerupt|16/275\n|move|p2a: Camerupt|Earthquake|p1a: Magmortar\n|-damage|p1a: Magmortar|42/275\n|\n|-heal|p2a: Camerupt|33/275|[from] item: Leftovers\n|upkeep\n|turn|16\n|\n|t:|1781454769\n|move|p1a: Magmortar|Knock Off|p2a: Camerupt\n|-damage|p2a: Camerupt|0 fnt\n|-enditem|p2a: Camerupt|Leftovers|[from] move: Knock Off|[of] p1a: Magmortar\n|faint|p2a: Camerupt\n|\n|upkeep\n|\n|t:|1781454775\n|switch|p2a: Espathra|Espathra, L80, F|283/283\n|-damage|p2a: Espathra|248/283|[from] Stealth Rock\n|turn|17\n|\n|t:|1781454784\n|move|p2a: Espathra|Lumina Crash|p1a: Magmortar\n|-damage|p1a: Magmortar|0 fnt\n|faint|p1a: Magmortar\n|\n|-ability|p2a: Espathra|Speed Boost|boost\n|-boost|p2a: Espathra|spe|1\n|upkeep\n|\n|t:|1781454786\n|switch|p1a: Mudsdale|Mudsdale, L83, F|302/302\n|-damage|p1a: Mudsdale|284/302|[from] Stealth Rock\n|turn|18\n|\n|t:|1781454789\n|move|p2a: Espathra|Lumina Crash|p1a: Mudsdale\n|-damage|p1a: Mudsdale|149/302\n|-unboost|p1a: Mudsdale|spd|2\n|-ability|p1a: Mudsdale|Stamina|boost\n|-boost|p1a: Mudsdale|def|1\n|move|p1a: Mudsdale|Earthquake|p2a: Espathra\n|-damage|p2a: Espathra|79/283\n|\n|-heal|p1a: Mudsdale|167/302|[from] item: Leftovers\n|-ability|p2a: Espathra|Speed Boost|boost\n|-boost|p2a: Espathra|spe|1\n|upkeep\n|turn|19\n|\n|t:|1781454794\n|move|p2a: Espathra|Lumina Crash|p1a: Mudsdale\n|-damage|p1a: Mudsdale|0 fnt\n|faint|p1a: Mudsdale\n|\n|-ability|p2a: Espathra|Speed Boost|boost\n|-boost|p2a: Espathra|spe|1\n|upkeep\n|\n|t:|1781454795\n|switch|p1a: Dragapult|Dragapult, L77, F|262/262\n|turn|20\n|\n|t:|1781454802\n|move|p2a: Espathra|Lumina Crash|p1a: Dragapult\n|-damage|p1a: Dragapult|111/262\n|-unboost|p1a: Dragapult|spd|2\n|move|p1a: Dragapult|Hex|p2a: Espathra\n|-supereffective|p2a: Espathra\n|-damage|p2a: Espathra|0 fnt\n|faint|p2a: Espathra\n|\n|upkeep\n|\n|t:|1781454814\n|switch|p2a: Zarude|Zarude, L77|288/288\n|-damage|p2a: Zarude|252/288|[from] Stealth Rock\n|turn|21\n|\n|t:|1781454818\n|move|p1a: Dragapult|U-turn|p2a: Zarude\n|-supereffective|p2a: Zarude\n|-damage|p2a: Zarude|72/288\n|move|p2a: Zarude|Knock Off|p1a: Dragapult\n|-supereffective|p1a: Dragapult\n|-damage|p1a: Dragapult|0 fnt\n|-start|p2a: Zarude|Disable|Knock Off|[from] ability: Cursed Body|[of] p1a: Dragapult\n|-enditem|p1a: Dragapult|Heavy-Duty Boots|[from] move: Knock Off|[of] p2a: Zarude\n|faint|p1a: Dragapult\n|\n|win|joonnabi\n", "inputlog": ">version a8376a258c1d4662feba110a92103f3664a72141\n>start {\"formatid\":\"gen9randombattle\",\"seed\":\"sodium,0861cae7fd96e7140f0c8b45d0a20b7f\",\"rated\":\"Rated battle\"}\n>player p1 {\"name\":\"Unneeded\",\"avatar\":\"lucas\",\"rating\":1977,\"seed\":\"sodium,3cacebff717005680d2c176b018daba9\"}\n>player p2 {\"name\":\"joonnabi\",\"avatar\":\"linebacker\",\"rating\":1907,\"seed\":\"sodium,5fcf88e88d2308e554bdaa36b218dead\"}\n>p1 move stealthrock\n>p2 move swordsdance\n>p1 switch 3\n>p2 move leafblade\n>p1 move ironhead\n>p2 move knockoff\n>p1 move ironhead\n>p2 move leafblade\n>p1 switch 3\n>p1 move ironhead\n>p2 move leafblade\n>p1 switch 2\n>p1 move bodyslam\n>p2 move knockoff\n>p2 switch 2\n>p1 move bodyslam\n>p2 move airslash\n>p1 move bodyslam\n>p2 move airslash\n>p1 move slackoff\n>p2 move airslash\n>p1 move slackoff\n>p2 move airslash\n>p1 move slackoff\n>p2 move airslash\n>p1 move slackoff\n>p2 move bugbuzz\n>p1 switch 5\n>p1 move thunderbolt\n>p2 move airslash\n>p2 switch 6\n>p1 move earthquake\n>p2 move stealthrock\n>p1 move earthquake terastallize\n>p2 move earthquake\n>p1 move knockoff\n>p2 move earthquake\n>p2 switch 5\n>p1 move knockoff\n>p2 move luminacrash\n>p1 switch 4\n>p1 move earthquake\n>p2 move luminacrash\n>p1 move earthquake\n>p2 move luminacrash\n>p1 switch 6\n>p1 move hex\n>p2 move luminacrash\n>p2 switch 3\n>p1 move uturn\n>p2 move knockoff", "uploadtime": 1781454547, "views": 6, "formatid": "gen9randombattle", "rating": null, "private": 0, "password": null}