{"id": "gen9randombattle-2631709166", "format": "[Gen 9] Random Battle", "players": ["yuwan23221", "8btry8"], "log": "|j|\u2606yuwan23221\n|j|\u26068btry8\n|t:|1781426108\n|gametype|singles\n|player|p1|yuwan23221|170|2063\n|player|p2|8btry8|1|1962\n|gen|9\n|tier|[Gen 9] Random Battle\n|rated|\n|rule|Species Clause: Limit one of each Pok\u00e9mon\n|rule|HP Percentage Mod: HP is shown in percentages\n|rule|Sleep Clause Mod: Limit one foe put to sleep\n|rule|Illusion Level Mod: Illusion disguises the Pok\u00e9mon's true level\n|\n|t:|1781426108\n|teamsize|p1|6\n|teamsize|p2|6\n|start\n|switch|p1a: Zarude|Zarude, L77|288/288\n|switch|p2a: Toedscruel|Toedscruel, L87, M|281/281\n|turn|1\n|inactive|Battle timer is ON: inactive players will automatically lose when time's up. (requested by yuwan23221)\n|inactive|8btry8 has 120 seconds left.\n|inactive|8btry8 has 90 seconds left.\n|\n|t:|1781426184\n|move|p2a: Toedscruel|Knock Off|p1a: Zarude\n|-resisted|p1a: Zarude\n|-damage|p1a: Zarude|263/288\n|-enditem|p1a: Zarude|Leftovers|[from] move: Knock Off|[of] p2a: Toedscruel\n|move|p1a: Zarude|Swords Dance|p1a: Zarude\n|-boost|p1a: Zarude|atk|2\n|\n|upkeep\n|turn|2\n|\n|t:|1781426196\n|move|p2a: Toedscruel|Leaf Storm|p1a: Zarude\n|-resisted|p1a: Zarude\n|-damage|p1a: Zarude|201/288\n|-unboost|p2a: Toedscruel|spa|2\n|move|p1a: Zarude|Knock Off|p2a: Toedscruel\n|-damage|p2a: Toedscruel|50/281\n|-enditem|p2a: Toedscruel|Assault Vest|[from] move: Knock Off|[of] p1a: Zarude\n|\n|upkeep\n|turn|3\n|l|\u2606yuwan23221\n|inactive|yuwan23221 disconnected and has a minute to reconnect!\n|player|p1|\n|j|\u2606yuwan23221\n|inactive|yuwan23221 reconnected and has 120 seconds left.\n|player|p1|yuwan23221|170|\n|\n|t:|1781426231\n|move|p2a: Toedscruel|Rapid Spin|p1a: Zarude\n|-damage|p1a: Zarude|174/288\n|-boost|p2a: Toedscruel|spe|1\n|move|p1a: Zarude|Synthesis|p1a: Zarude\n|-heal|p1a: Zarude|288/288\n|\n|upkeep\n|turn|4\n|\n|t:|1781426243\n|move|p2a: Toedscruel|Earth Power|p1a: Zarude\n|-resisted|p1a: Zarude\n|-damage|p1a: Zarude|265/288\n|move|p1a: Zarude|Swords Dance|p1a: Zarude\n|-boost|p1a: Zarude|atk|2\n|\n|upkeep\n|turn|5\n|\n|t:|1781426246\n|move|p2a: Toedscruel|Earth Power|p1a: Zarude\n|-resisted|p1a: Zarude\n|-damage|p1a: Zarude|244/288\n|move|p1a: Zarude|Swords Dance|p1a: Zarude\n|-boost|p1a: Zarude|atk|2\n|\n|upkeep\n|turn|6\n|\n|t:|1781426249\n|move|p2a: Toedscruel|Earth Power|p1a: Zarude\n|-resisted|p1a: Zarude\n|-damage|p1a: Zarude|220/288\n|move|p1a: Zarude|Synthesis|p1a: Zarude\n|-heal|p1a: Zarude|288/288\n|\n|upkeep\n|turn|7\n|\n|t:|1781426251\n|move|p2a: Toedscruel|Earth Power|p1a: Zarude\n|-resisted|p1a: Zarude\n|-damage|p1a: Zarude|267/288\n|move|p1a: Zarude|Knock Off|p2a: Toedscruel\n|-damage|p2a: Toedscruel|0 fnt\n|faint|p2a: Toedscruel\n|\n|upkeep\n|\n|t:|1781426253\n|switch|p2a: Swanna|Swanna, L89, M|278/278\n|turn|8\n|\n|t:|1781426258\n|-terastallize|p1a: Zarude|Dark\n|move|p2a: Swanna|Brave Bird|p1a: Zarude\n|-damage|p1a: Zarude|149/288\n|-damage|p2a: Swanna|239/278|[from] Recoil\n|move|p1a: Zarude|Knock Off|p2a: Swanna\n|-damage|p2a: Swanna|0 fnt\n|-enditem|p2a: Swanna|Heavy-Duty Boots|[from] move: Knock Off|[of] p1a: Zarude\n|faint|p2a: Swanna\n|\n|upkeep\n|\n|t:|1781426260\n|switch|p2a: Scizor|Scizor, L79, F|240/240\n|turn|9\n|\n|t:|1781426263\n|-terastallize|p2a: Scizor|Steel\n|move|p2a: Scizor|Bullet Punch|p1a: Zarude\n|-damage|p1a: Zarude|25/288\n|move|p1a: Zarude|Knock Off|p2a: Scizor\n|-damage|p2a: Scizor|0 fnt\n|-enditem|p2a: Scizor|Choice Band|[from] move: Knock Off|[of] p1a: Zarude\n|faint|p2a: Scizor\n|\n|upkeep\n|-message|8btry8 forfeited.\n|\n|win|yuwan23221\n", "inputlog": ">version a8376a258c1d4662feba110a92103f3664a72141\n>start {\"formatid\":\"gen9randombattle\",\"seed\":\"sodium,d1c57ec873ee5bf4037433a124924d15\",\"rated\":\"Rated battle\"}\n>player p1 {\"name\":\"yuwan23221\",\"avatar\":\"170\",\"rating\":2063,\"seed\":\"sodium,6c953afbc29a0af5ad24e58b96ffacb0\"}\n>player p2 {\"name\":\"8btry8\",\"avatar\":\"1\",\"rating\":1962,\"seed\":\"sodium,3213f9796543a290b4e480db4906b738\"}\n>p1 move swordsdance\n>p2 move knockoff\n>p1 move knockoff\n>p2 move leafstorm\n>p1 move synthesis\n>p2 move rapidspin\n>p1 move swordsdance\n>p2 move earthpower\n>p1 move swordsdance\n>p2 move earthpower\n>p1 move synthesis\n>p2 move earthpower\n>p1 move knockoff\n>p2 move earthpower\n>p2 switch 6\n>p1 move knockoff terastallize\n>p2 move bravebird\n>p2 switch 2\n>p1 move knockoff\n>p2 move bulletpunch terastallize\n>forcelose p2", "uploadtime": 1781426109, "views": 6, "formatid": "gen9randombattle", "rating": null, "private": 0, "password": null}