{"id": "gen9randombattle-2631590857", "format": "[Gen 9] Random Battle", "players": ["sustavofringxd", "nickolassbomfim"], "log": "|j|\u2606sustavofringxd\n|j|\u2606nickolassbomfim\n|t:|1781405576\n|gametype|singles\n|player|p1|sustavofringxd|266|1928\n|player|p2|nickolassbomfim|red-masters|1954\n|gen|9\n|tier|[Gen 9] Random Battle\n|rated|\n|rule|Species Clause: Limit one of each Pok\u00e9mon\n|rule|HP Percentage Mod: HP is shown in percentages\n|rule|Sleep Clause Mod: Limit one foe put to sleep\n|rule|Illusion Level Mod: Illusion disguises the Pok\u00e9mon's true level\n|\n|t:|1781405576\n|teamsize|p1|6\n|teamsize|p2|6\n|start\n|switch|p1a: Brambleghast|Brambleghast, L88, F|240/240\n|switch|p2a: Ninetales|Ninetales, L85, M|263/263\n|-weather|SunnyDay|[from] ability: Drought|[of] p2a: Ninetales\n|turn|1\n|inactive|Battle timer is ON: inactive players will automatically lose when time's up. (requested by nickolassbomfim)\n|\n|t:|1781405586\n|switch|p1a: Delphox|Delphox, L84, F|263/263\n|move|p2a: Ninetales|Nasty Plot|p2a: Ninetales\n|-boost|p2a: Ninetales|spa|2\n|\n|-weather|SunnyDay|[upkeep]\n|upkeep\n|turn|2\n|\n|t:|1781405590\n|move|p1a: Delphox|Nasty Plot|p1a: Delphox\n|-boost|p1a: Delphox|spa|2\n|move|p2a: Ninetales|Scorching Sands|p1a: Delphox\n|-supereffective|p1a: Delphox\n|-damage|p1a: Delphox|101/263\n|\n|-weather|SunnyDay|[upkeep]\n|upkeep\n|turn|3\n|\n|t:|1781405595\n|move|p1a: Delphox|Psyshock|p2a: Ninetales\n|-damage|p2a: Ninetales|44/263\n|move|p2a: Ninetales|Scorching Sands|p1a: Delphox\n|-supereffective|p1a: Delphox\n|-damage|p1a: Delphox|0 fnt\n|faint|p1a: Delphox\n|\n|-weather|SunnyDay|[upkeep]\n|upkeep\n|\n|t:|1781405603\n|switch|p1a: Dugtrio|Dugtrio, L84, M|196/196\n|turn|4\n|\n|t:|1781405606\n|move|p1a: Dugtrio|Earthquake|p2a: Ninetales\n|-supereffective|p2a: Ninetales\n|-damage|p2a: Ninetales|0 fnt\n|faint|p2a: Ninetales\n|-damage|p1a: Dugtrio|177/196|[from] item: Life Orb\n|\n|-weather|SunnyDay|[upkeep]\n|upkeep\n|\n|t:|1781405623\n|switch|p2a: Palafin|Palafin, L77, F|281/281\n|turn|5\n|\n|t:|1781405630\n|switch|p1a: Dunsparce|Dunsparce, L86, M|312/312\n|move|p2a: Palafin|Bulk Up|p2a: Palafin\n|-boost|p2a: Palafin|atk|1\n|-boost|p2a: Palafin|def|1\n|\n|-weather|none\n|upkeep\n|turn|6\n|\n|t:|1781405635\n|detailschange|p2a: Palafin|Palafin-Hero, L77, F\n|switch|p2a: Skuntank|Skuntank, L84, M|310/310\n|move|p1a: Dunsparce|Coil|p1a: Dunsparce\n|-boost|p1a: Dunsparce|atk|1\n|-boost|p1a: Dunsparce|def|1\n|-boost|p1a: Dunsparce|accuracy|1\n|\n|upkeep\n|turn|7\n|\n|t:|1781405637\n|move|p2a: Skuntank|Knock Off|p1a: Dunsparce\n|-damage|p1a: Dunsparce|241/312\n|-enditem|p1a: Dunsparce|Eviolite|[from] move: Knock Off|[of] p2a: Skuntank\n|-damage|p2a: Skuntank|279/310|[from] item: Life Orb\n|move|p1a: Dunsparce|Body Slam|p2a: Skuntank\n|-damage|p2a: Skuntank|144/310\n|-status|p2a: Skuntank|par\n|\n|upkeep\n|turn|8\n|\n|t:|1781405641\n|move|p1a: Dunsparce|Body Slam|p2a: Skuntank\n|-damage|p2a: Skuntank|2/310 par\n|move|p2a: Skuntank|Gunk Shot|p1a: Dunsparce\n|-damage|p1a: Dunsparce|128/312\n|-damage|p2a: Skuntank|0 fnt|[from] item: Life Orb\n|faint|p2a: Skuntank\n|\n|upkeep\n|\n|t:|1781405646\n|switch|p2a: Noivern|Noivern, L82, F|274/274\n|turn|9\n|\n|t:|1781405650\n|move|p2a: Noivern|Draco Meteor|p1a: Dunsparce\n|-damage|p1a: Dunsparce|0 fnt\n|-unboost|p2a: Noivern|spa|2\n|faint|p1a: Dunsparce\n|\n|upkeep\n|\n|t:|1781405668\n|switch|p1a: Dugtrio|Dugtrio, L84, M|177/196\n|turn|10\n|\n|t:|1781405673\n|switch|p2a: Rillaboom|Rillaboom, L79, M|288/288\n|-fieldstart|move: Grassy Terrain|[from] ability: Grassy Surge|[of] p2a: Rillaboom\n|move|p1a: Dugtrio|Swords Dance|p1a: Dugtrio\n|-boost|p1a: Dugtrio|atk|2\n|\n|-heal|p1a: Dugtrio|189/196|[from] Grassy Terrain\n|upkeep\n|turn|11\n|\n|t:|1781405679\n|switch|p1a: Brambleghast|Brambleghast, L88, F|240/240\n|move|p2a: Rillaboom|Grassy Glide|p1a: Brambleghast\n|-resisted|p1a: Brambleghast\n|-damage|p1a: Brambleghast|182/240\n|-damage|p2a: Rillaboom|260/288|[from] item: Life Orb\n|\n|-heal|p1a: Brambleghast|197/240|[from] Grassy Terrain\n|-heal|p1a: Brambleghast|212/240|[from] item: Leftovers\n|-heal|p2a: Rillaboom|278/288|[from] Grassy Terrain\n|upkeep\n|turn|12\n|\n|t:|1781405683\n|move|p1a: Brambleghast|Substitute|p1a: Brambleghast\n|-start|p1a: Brambleghast|Substitute\n|-damage|p1a: Brambleghast|152/240\n|move|p2a: Rillaboom|Swords Dance|p2a: Rillaboom\n|-boost|p2a: Rillaboom|atk|2\n|\n|-heal|p1a: Brambleghast|167/240|[from] Grassy Terrain\n|-heal|p1a: Brambleghast|182/240|[from] item: Leftovers\n|-heal|p2a: Rillaboom|288/288|[from] Grassy Terrain\n|upkeep\n|turn|13\n|\n|t:|1781405685\n|move|p2a: Rillaboom|Grassy Glide|p1a: Brambleghast\n|-resisted|p1a: Brambleghast\n|-crit|p1a: Brambleghast\n|-end|p1a: Brambleghast|Substitute\n|-damage|p2a: Rillaboom|260/288|[from] item: Life Orb\n|move|p1a: Brambleghast|Poltergeist|p2a: Rillaboom\n|-activate|p2a: Rillaboom|move: Poltergeist|Life Orb\n|-damage|p2a: Rillaboom|103/288\n|\n|-heal|p1a: Brambleghast|197/240|[from] Grassy Terrain\n|-heal|p1a: Brambleghast|212/240|[from] item: Leftovers\n|-heal|p2a: Rillaboom|121/288|[from] Grassy Terrain\n|upkeep\n|turn|14\n|\n|t:|1781405694\n|move|p2a: Rillaboom|Grassy Glide|p1a: Brambleghast\n|-resisted|p1a: Brambleghast\n|-damage|p1a: Brambleghast|98/240\n|-damage|p2a: Rillaboom|93/288|[from] item: Life Orb\n|move|p1a: Brambleghast|Poltergeist|p2a: Rillaboom\n|-activate|p2a: Rillaboom|move: Poltergeist|Life Orb\n|-damage|p2a: Rillaboom|0 fnt\n|faint|p2a: Rillaboom\n|\n|-heal|p1a: Brambleghast|113/240|[from] Grassy Terrain\n|-heal|p1a: Brambleghast|128/240|[from] item: Leftovers\n|-fieldend|move: Grassy Terrain\n|upkeep\n|\n|t:|1781405697\n|switch|p2a: Noivern|Noivern, L82, F|274/274\n|turn|15\n|\n|t:|1781405705\n|switch|p1a: Luvdisc|Luvdisc, M|247/247\n|move|p2a: Noivern|Draco Meteor|p1a: Luvdisc\n|-damage|p1a: Luvdisc|25/247\n|-unboost|p2a: Noivern|spa|2\n|\n|upkeep\n|turn|16\n|\n|t:|1781405710\n|move|p1a: Luvdisc|Endeavor|p2a: Noivern\n|-damage|p2a: Noivern|25/274\n|move|p2a: Noivern|Draco Meteor|p1a: Luvdisc\n|-damage|p1a: Luvdisc|0 fnt\n|-unboost|p2a: Noivern|spa|2\n|faint|p1a: Luvdisc\n|\n|upkeep\n|\n|t:|1781405716\n|switch|p1a: Dugtrio|Dugtrio, L84, M|189/196\n|turn|17\n|\n|t:|1781405721\n|switch|p2a: Shiftry|Shiftry, L89, M|305/305\n|move|p1a: Dugtrio|Stone Edge|p2a: Shiftry\n|-damage|p2a: Shiftry|179/305\n|-damage|p1a: Dugtrio|170/196|[from] item: Life Orb\n|\n|upkeep\n|turn|18\n|\n|t:|1781405726\n|move|p1a: Dugtrio|Stone Edge|p2a: Shiftry\n|-damage|p2a: Shiftry|63/305\n|-damage|p1a: Dugtrio|151/196|[from] item: Life Orb\n|move|p2a: Shiftry|Swords Dance|p2a: Shiftry\n|-boost|p2a: Shiftry|atk|2\n|\n|upkeep\n|turn|19\n|\n|t:|1781405731\n|move|p2a: Shiftry|Sucker Punch|p1a: Dugtrio\n|-damage|p1a: Dugtrio|0 fnt\n|faint|p1a: Dugtrio\n|-damage|p2a: Shiftry|33/305|[from] item: Life Orb\n|\n|upkeep\n|\n|t:|1781405735\n|switch|p1a: Greninja|Greninja, L80, M|246/246\n|turn|20\n|\n|t:|1781405739\n|move|p2a: Shiftry|Sucker Punch|p1a: Greninja\n|-resisted|p1a: Greninja\n|-damage|p1a: Greninja|94/246\n|-damage|p2a: Shiftry|3/305|[from] item: Life Orb\n|move|p1a: Greninja|Ice Beam|p2a: Shiftry\n|-supereffective|p2a: Shiftry\n|-damage|p2a: Shiftry|0 fnt\n|faint|p2a: Shiftry\n|-ability|p1a: Greninja|Battle Bond|boost\n|-boost|p1a: Greninja|atk|1\n|-boost|p1a: Greninja|spa|1\n|-boost|p1a: Greninja|spe|1\n|-activate|p1a: Greninja|ability: Battle Bond\n|-damage|p1a: Greninja|70/246|[from] item: Life Orb\n|\n|upkeep\n|\n|t:|1781405743\n|switch|p2a: Palafin|Palafin-Hero, L77, F|281/281\n|-activate|p2a: Palafin|ability: Zero to Hero\n|turn|21\n|\n|t:|1781405746\n|move|p1a: Greninja|Dark Pulse|p2a: Palafin\n|-damage|p2a: Palafin|100/281\n|-damage|p1a: Greninja|46/246|[from] item: Life Orb\n|move|p2a: Palafin|Drain Punch|p1a: Greninja\n|-supereffective|p1a: Greninja\n|-damage|p1a: Greninja|0 fnt\n|-heal|p2a: Palafin|123/281|[from] drain|[of] p1a: Greninja\n|faint|p1a: Greninja\n|\n|-heal|p2a: Palafin|140/281|[from] item: Leftovers\n|upkeep\n|\n|t:|1781405751\n|switch|p1a: Brambleghast|Brambleghast, L88, F|128/240\n|turn|22\n|\n|t:|1781405754\n|move|p2a: Palafin|Jet Punch|p1a: Brambleghast\n|-resisted|p1a: Brambleghast\n|-damage|p1a: Brambleghast|86/240\n|move|p1a: Brambleghast|Power Whip|p2a: Palafin\n|-supereffective|p2a: Palafin\n|-damage|p2a: Palafin|0 fnt\n|faint|p2a: Palafin\n|\n|-heal|p1a: Brambleghast|101/240|[from] item: Leftovers\n|upkeep\n|\n|t:|1781405756\n|switch|p2a: Noivern|Noivern, L82, F|25/274\n|turn|23\n|\n|t:|1781405760\n|-terastallize|p1a: Brambleghast|Water\n|move|p2a: Noivern|Draco Meteor|p1a: Brambleghast\n|-damage|p1a: Brambleghast|0 fnt\n|-unboost|p2a: Noivern|spa|2\n|faint|p1a: Brambleghast\n|\n|win|nickolassbomfim\n", "inputlog": ">version a8376a258c1d4662feba110a92103f3664a72141\n>start {\"formatid\":\"gen9randombattle\",\"seed\":\"sodium,4c3253462612e5d528465cbdedd758c1\",\"rated\":\"Rated battle\"}\n>player p1 {\"name\":\"sustavofringxd\",\"avatar\":\"266\",\"rating\":1928,\"seed\":\"sodium,1652c4097c9a8cec934d1a5bcce25b9d\"}\n>player p2 {\"name\":\"nickolassbomfim\",\"avatar\":\"red-masters\",\"rating\":1954,\"seed\":\"sodium,701e7c3447a021ff223b89c3e34801db\"}\n>p1 switch 6\n>p2 move nastyplot\n>p1 move nastyplot\n>p2 move scorchingsands\n>p1 move psyshock\n>p2 move scorchingsands\n>p1 switch 3\n>p1 move earthquake\n>p2 move solarbeam\n>p2 switch 3\n>p1 switch 5\n>p2 move bulkup\n>p1 move coil\n>p2 switch 5\n>p1 move bodyslam\n>p2 move knockoff\n>p1 move bodyslam\n>p2 move gunkshot\n>p2 switch 4\n>p1 move bodyslam\n>p2 move dracometeor\n>p1 switch 5\n>p1 move swordsdance\n>p2 switch 2\n>p1 switch 6\n>p2 move grassyglide\n>p1 move substitute\n>p2 move swordsdance\n>p1 move poltergeist\n>p2 move grassyglide\n>p1 move poltergeist\n>p2 move grassyglide\n>p2 switch 2\n>p1 switch 2\n>p2 move dracometeor\n>p1 move endeavor\n>p2 move dracometeor\n>p1 switch 6\n>p1 move stoneedge\n>p2 switch 6\n>p1 move stoneedge\n>p2 move swordsdance\n>p1 move stoneedge\n>p2 move suckerpunch\n>p1 switch 4\n>p1 move icebeam\n>p2 move suckerpunch\n>p2 switch 5\n>p1 move darkpulse\n>p2 move drainpunch\n>p1 switch 2\n>p1 move powerwhip\n>p2 move jetpunch\n>p2 switch 6\n>p1 move poltergeist terastallize\n>p2 move dracometeor", "uploadtime": 1781405578, "views": 5, "formatid": "gen9randombattle", "rating": null, "private": 0, "password": null}