{"id": "gen9randombattle-2631463068", "format": "[Gen 9] Random Battle", "players": ["marper8", "saeyouwontletgo"], "log": "|j|\u2606marper8\n|j|\u2606saeyouwontletgo\n|t:|1781387760\n|gametype|singles\n|player|p1|marper8|265|2172\n|player|p2|saeyouwontletgo|266|2200\n|gen|9\n|tier|[Gen 9] Random Battle\n|rated|\n|rule|Species Clause: Limit one of each Pok\u00e9mon\n|rule|HP Percentage Mod: HP is shown in percentages\n|rule|Sleep Clause Mod: Limit one foe put to sleep\n|rule|Illusion Level Mod: Illusion disguises the Pok\u00e9mon's true level\n|\n|t:|1781387760\n|teamsize|p1|6\n|teamsize|p2|6\n|start\n|switch|p1a: Misdreavus|Misdreavus, L90, F|254/254\n|switch|p2a: Staraptor|Staraptor, L79, M|263/263\n|turn|1\n|inactive|Battle timer is ON: inactive players will automatically lose when time's up. (requested by marper8)\n|\n|t:|1781387779\n|move|p1a: Misdreavus|Will-O-Wisp|p2a: Staraptor\n|-status|p2a: Staraptor|brn\n|move|p2a: Staraptor|Brave Bird|p1a: Misdreavus\n|-damage|p1a: Misdreavus|155/254\n|-damage|p2a: Staraptor|230/263 brn|[from] Recoil\n|\n|-damage|p2a: Staraptor|214/263 brn|[from] brn\n|upkeep\n|turn|2\n|\n|t:|1781387785\n|switch|p1a: Dewgong|Dewgong, L94, M|322/322\n|move|p2a: Staraptor|Brave Bird|p1a: Dewgong\n|-damage|p1a: Dewgong|209/322\n|-damage|p2a: Staraptor|177/263 brn|[from] Recoil\n|\n|-damage|p2a: Staraptor|161/263 brn|[from] brn\n|upkeep\n|turn|3\n|\n|t:|1781387788\n|move|p2a: Staraptor|Brave Bird|p1a: Dewgong\n|-damage|p1a: Dewgong|92/322\n|-damage|p2a: Staraptor|122/263 brn|[from] Recoil\n|move|p1a: Dewgong|Surf|p2a: Staraptor\n|-damage|p2a: Staraptor|0 fnt\n|faint|p2a: Staraptor\n|\n|upkeep\n|\n|t:|1781387798\n|switch|p2a: Medicham|Medicham, L86, F|243/243\n|turn|4\n|\n|t:|1781387805\n|move|p2a: Medicham|Zen Headbutt|p1a: Dewgong\n|-damage|p1a: Dewgong|0 fnt\n|faint|p1a: Dewgong\n|\n|upkeep\n|\n|t:|1781387808\n|switch|p1a: Scrafty|Scrafty, L83, M|244/244\n|turn|5\n|\n|t:|1781387813\n|switch|p2a: Pincurchin|Pincurchin, F|258/258\n|-fieldstart|move: Electric Terrain|[from] ability: Electric Surge|[of] p2a: Pincurchin\n|move|p1a: Scrafty|Bulk Up|p1a: Scrafty\n|-boost|p1a: Scrafty|atk|1\n|-boost|p1a: Scrafty|def|1\n|\n|upkeep\n|turn|6\n|\n|t:|1781387816\n|move|p1a: Scrafty|Knock Off|p2a: Pincurchin\n|-damage|p2a: Pincurchin|147/258\n|-enditem|p2a: Pincurchin|Leftovers|[from] move: Knock Off|[of] p1a: Scrafty\n|move|p2a: Pincurchin|Thunderbolt|p1a: Scrafty\n|-damage|p1a: Scrafty|117/244\n|\n|-heal|p1a: Scrafty|132/244|[from] item: Leftovers\n|upkeep\n|turn|7\n|\n|t:|1781387822\n|move|p1a: Scrafty|Drain Punch|p2a: Pincurchin\n|-damage|p2a: Pincurchin|53/258\n|-heal|p1a: Scrafty|179/244|[from] drain|[of] p2a: Pincurchin\n|move|p2a: Pincurchin|Thunderbolt|p1a: Scrafty\n|-damage|p1a: Scrafty|52/244\n|\n|-heal|p1a: Scrafty|67/244|[from] item: Leftovers\n|upkeep\n|turn|8\n|\n|t:|1781387826\n|move|p1a: Scrafty|Drain Punch|p2a: Pincurchin\n|-damage|p2a: Pincurchin|0 fnt\n|-heal|p1a: Scrafty|94/244|[from] drain|[of] p2a: Pincurchin\n|faint|p2a: Pincurchin\n|\n|-heal|p1a: Scrafty|109/244|[from] item: Leftovers\n|upkeep\n|\n|t:|1781387833\n|switch|p2a: Medicham|Medicham, L86, F|243/243\n|turn|9\n|\n|t:|1781387841\n|switch|p1a: Misdreavus|Misdreavus, L90, F|155/254\n|move|p2a: Medicham|Close Combat|p1a: Misdreavus\n|-immune|p1a: Misdreavus\n|\n|-fieldend|move: Electric Terrain\n|upkeep\n|turn|10\n|\n|t:|1781387846\n|switch|p2a: Wo-Chien|Wo-Chien, L83|277/277\n|-ability|p2a: Wo-Chien|Tablets of Ruin\n|move|p1a: Misdreavus|Will-O-Wisp|p2a: Wo-Chien\n|-status|p2a: Wo-Chien|brn\n|\n|-damage|p2a: Wo-Chien|260/277 brn|[from] brn\n|upkeep\n|turn|11\n|\n|t:|1781387851\n|switch|p1a: Scrafty|Scrafty, L83, M|109/244\n|move|p2a: Wo-Chien|Stun Spore|p1a: Scrafty\n|-status|p1a: Scrafty|par\n|\n|-heal|p2a: Wo-Chien|277/277 brn|[from] item: Leftovers\n|-activate|p1a: Scrafty|ability: Shed Skin\n|-curestatus|p1a: Scrafty|par|[msg]\n|-heal|p1a: Scrafty|124/244|[from] item: Leftovers\n|-damage|p2a: Wo-Chien|260/277 brn|[from] brn\n|upkeep\n|turn|12\n|\n|t:|1781387861\n|switch|p2a: Medicham|Medicham, L86, F|243/243\n|move|p1a: Scrafty|Knock Off|p2a: Medicham\n|-damage|p2a: Medicham|131/243\n|-enditem|p2a: Medicham|Choice Band|[from] move: Knock Off|[of] p1a: Scrafty\n|\n|-heal|p1a: Scrafty|139/244|[from] item: Leftovers\n|upkeep\n|turn|13\n|\n|t:|1781387868\n|switch|p1a: Misdreavus|Misdreavus, L90, F|155/254\n|move|p2a: Medicham|Close Combat|p1a: Misdreavus\n|-immune|p1a: Misdreavus\n|\n|upkeep\n|turn|14\n|\n|t:|1781387871\n|switch|p2a: Wo-Chien|Wo-Chien, L83|260/277 brn\n|-ability|p2a: Wo-Chien|Tablets of Ruin\n|move|p1a: Misdreavus|Draining Kiss|p2a: Wo-Chien\n|-supereffective|p2a: Wo-Chien\n|-damage|p2a: Wo-Chien|210/277 brn\n|-heal|p1a: Misdreavus|193/254|[from] drain|[of] p2a: Wo-Chien\n|\n|-heal|p2a: Wo-Chien|227/277 brn|[from] item: Leftovers\n|-damage|p2a: Wo-Chien|210/277 brn|[from] brn\n|upkeep\n|turn|15\n|\n|t:|1781387873\n|switch|p1a: Scrafty|Scrafty, L83, M|139/244\n|move|p2a: Wo-Chien|Stun Spore|p1a: Scrafty\n|-status|p1a: Scrafty|par\n|\n|-heal|p2a: Wo-Chien|227/277 brn|[from] item: Leftovers\n|-activate|p1a: Scrafty|ability: Shed Skin\n|-curestatus|p1a: Scrafty|par|[msg]\n|-heal|p1a: Scrafty|154/244|[from] item: Leftovers\n|-damage|p2a: Wo-Chien|210/277 brn|[from] brn\n|upkeep\n|turn|16\n|\n|t:|1781387881\n|switch|p2a: Medicham|Medicham, L86, F|131/243\n|switch|p1a: Misdreavus|Misdreavus, L90, F|193/254\n|\n|upkeep\n|turn|17\n|\n|t:|1781387884\n|switch|p2a: Wo-Chien|Wo-Chien, L83|210/277 brn\n|-ability|p2a: Wo-Chien|Tablets of Ruin\n|move|p1a: Misdreavus|Draining Kiss|p2a: Wo-Chien\n|-supereffective|p2a: Wo-Chien\n|-damage|p2a: Wo-Chien|156/277 brn\n|-heal|p1a: Misdreavus|234/254|[from] drain|[of] p2a: Wo-Chien\n|\n|-heal|p2a: Wo-Chien|173/277 brn|[from] item: Leftovers\n|-damage|p2a: Wo-Chien|156/277 brn|[from] brn\n|upkeep\n|turn|18\n|\n|t:|1781387886\n|switch|p1a: Scrafty|Scrafty, L83, M|154/244\n|move|p2a: Wo-Chien|Stun Spore|p1a: Scrafty\n|-status|p1a: Scrafty|par\n|\n|-heal|p2a: Wo-Chien|173/277 brn|[from] item: Leftovers\n|-activate|p1a: Scrafty|ability: Shed Skin\n|-curestatus|p1a: Scrafty|par|[msg]\n|-heal|p1a: Scrafty|169/244|[from] item: Leftovers\n|-damage|p2a: Wo-Chien|156/277 brn|[from] brn\n|upkeep\n|turn|19\n|\n|t:|1781387891\n|switch|p2a: Medicham|Medicham, L86, F|131/243\n|move|p1a: Scrafty|Knock Off|p2a: Medicham\n|-damage|p2a: Medicham|59/243\n|\n|-heal|p1a: Scrafty|184/244|[from] item: Leftovers\n|upkeep\n|turn|20\n|\n|t:|1781387899\n|switch|p1a: Misdreavus|Misdreavus, L90, F|234/254\n|move|p2a: Medicham|Close Combat|p1a: Misdreavus\n|-immune|p1a: Misdreavus\n|\n|upkeep\n|turn|21\n|\n|t:|1781387904\n|move|p1a: Misdreavus|Draining Kiss|p2a: Medicham\n|-supereffective|p2a: Medicham\n|-damage|p2a: Medicham|0 fnt\n|-heal|p1a: Misdreavus|254/254|[from] drain|[of] p2a: Medicham\n|faint|p2a: Medicham\n|\n|upkeep\n|\n|t:|1781387907\n|switch|p2a: Cresselia|Cresselia, L80, F|323/323\n|turn|22\n|\n|t:|1781387909\n|switch|p1a: Pecharunt|Pecharunt, L77|262/262\n|move|p2a: Cresselia|Calm Mind|p2a: Cresselia\n|-boost|p2a: Cresselia|spa|1\n|-boost|p2a: Cresselia|spd|1\n|\n|upkeep\n|turn|23\n|\n|t:|1781387915\n|move|p2a: Cresselia|Psyshock|p1a: Pecharunt\n|-supereffective|p1a: Pecharunt\n|-damage|p1a: Pecharunt|118/262\n|move|p1a: Pecharunt|Malignant Chain|p2a: Cresselia\n|-damage|p2a: Cresselia|274/323\n|\n|-heal|p2a: Cresselia|294/323|[from] item: Leftovers\n|-heal|p1a: Pecharunt|134/262|[from] item: Leftovers\n|upkeep\n|turn|24\n|\n|t:|1781387923\n|-terastallize|p1a: Pecharunt|Dark\n|move|p2a: Cresselia|Psyshock|p1a: Pecharunt\n|-immune|p1a: Pecharunt\n|move|p1a: Pecharunt|Malignant Chain|p2a: Cresselia\n|-damage|p2a: Cresselia|251/323\n|\n|-heal|p2a: Cresselia|271/323|[from] item: Leftovers\n|-heal|p1a: Pecharunt|150/262|[from] item: Leftovers\n|upkeep\n|turn|25\n|\n|t:|1781387927\n|-terastallize|p2a: Cresselia|Fairy\n|move|p2a: Cresselia|Moonblast|p1a: Pecharunt\n|-supereffective|p1a: Pecharunt\n|-damage|p1a: Pecharunt|0 fnt\n|faint|p1a: Pecharunt\n|\n|-heal|p2a: Cresselia|291/323|[from] item: Leftovers\n|upkeep\n|\n|t:|1781387934\n|switch|p1a: Reuniclus|Reuniclus, L88, M|337/337\n|turn|26\n|\n|t:|1781387940\n|move|p2a: Cresselia|Calm Mind|p2a: Cresselia\n|-boost|p2a: Cresselia|spa|1\n|-boost|p2a: Cresselia|spd|1\n|move|p1a: Reuniclus|Calm Mind|p1a: Reuniclus\n|-boost|p1a: Reuniclus|spa|1\n|-boost|p1a: Reuniclus|spd|1\n|\n|-heal|p2a: Cresselia|311/323|[from] item: Leftovers\n|upkeep\n|turn|27\n|\n|t:|1781387944\n|move|p2a: Cresselia|Calm Mind|p2a: Cresselia\n|-boost|p2a: Cresselia|spa|1\n|-boost|p2a: Cresselia|spd|1\n|move|p1a: Reuniclus|Calm Mind|p1a: Reuniclus\n|-boost|p1a: Reuniclus|spa|1\n|-boost|p1a: Reuniclus|spd|1\n|\n|-heal|p2a: Cresselia|323/323|[from] item: Leftovers\n|upkeep\n|turn|28\n|\n|t:|1781387946\n|move|p2a: Cresselia|Calm Mind|p2a: Cresselia\n|-boost|p2a: Cresselia|spa|1\n|-boost|p2a: Cresselia|spd|1\n|move|p1a: Reuniclus|Psychic|p2a: Cresselia\n|-damage|p2a: Cresselia|236/323\n|\n|-heal|p2a: Cresselia|256/323|[from] item: Leftovers\n|upkeep\n|turn|29\n|\n|t:|1781387949\n|move|p2a: Cresselia|Calm Mind|p2a: Cresselia\n|-boost|p2a: Cresselia|spa|1\n|-boost|p2a: Cresselia|spd|1\n|move|p1a: Reuniclus|Psychic|p2a: Cresselia\n|-damage|p2a: Cresselia|174/323\n|\n|-heal|p2a: Cresselia|194/323|[from] item: Leftovers\n|upkeep\n|turn|30\n|\n|t:|1781387950\n|move|p2a: Cresselia|Calm Mind|p2a: Cresselia\n|-boost|p2a: Cresselia|spa|1\n|-boost|p2a: Cresselia|spd|1\n|move|p1a: Reuniclus|Psychic|p2a: Cresselia\n|-damage|p2a: Cresselia|119/323\n|\n|-heal|p2a: Cresselia|139/323|[from] item: Leftovers\n|upkeep\n|turn|31\n|\n|t:|1781387952\n|move|p2a: Cresselia|Moonlight|p2a: Cresselia\n|-heal|p2a: Cresselia|300/323\n|move|p1a: Reuniclus|Psychic|p2a: Cresselia\n|-damage|p2a: Cresselia|232/323\n|-unboost|p2a: Cresselia|spd|1\n|\n|-heal|p2a: Cresselia|252/323|[from] item: Leftovers\n|upkeep\n|turn|32\n|\n|t:|1781387954\n|move|p2a: Cresselia|Psyshock|p1a: Reuniclus\n|-resisted|p1a: Reuniclus\n|-damage|p1a: Reuniclus|195/337\n|move|p1a: Reuniclus|Psychic|p2a: Cresselia\n|-damage|p2a: Cresselia|166/323\n|\n|-heal|p2a: Cresselia|186/323|[from] item: Leftovers\n|upkeep\n|turn|33\n|\n|t:|1781387956\n|move|p2a: Cresselia|Moonlight|p2a: Cresselia\n|-heal|p2a: Cresselia|323/323\n|move|p1a: Reuniclus|Psychic|p2a: Cresselia\n|-damage|p2a: Cresselia|237/323\n|\n|-heal|p2a: Cresselia|257/323|[from] item: Leftovers\n|upkeep\n|turn|34\n|\n|t:|1781387958\n|move|p2a: Cresselia|Psyshock|p1a: Reuniclus\n|-resisted|p1a: Reuniclus\n|-damage|p1a: Reuniclus|60/337\n|move|p1a: Reuniclus|Psychic|p2a: Cresselia\n|-damage|p2a: Cresselia|179/323\n|\n|-heal|p2a: Cresselia|199/323|[from] item: Leftovers\n|upkeep\n|turn|35\n|\n|t:|1781387960\n|move|p2a: Cresselia|Psyshock|p1a: Reuniclus\n|-resisted|p1a: Reuniclus\n|-damage|p1a: Reuniclus|0 fnt\n|faint|p1a: Reuniclus\n|\n|-heal|p2a: Cresselia|219/323|[from] item: Leftovers\n|upkeep\n|\n|t:|1781387962\n|switch|p1a: Dragonite|Dragonite, L74, M|257/257\n|turn|36\n|\n|t:|1781387964\n|move|p2a: Cresselia|Moonblast|p1a: Dragonite\n|-supereffective|p1a: Dragonite\n|-damage|p1a: Dragonite|0 fnt\n|faint|p1a: Dragonite\n|\n|-heal|p2a: Cresselia|239/323|[from] item: Leftovers\n|upkeep\n|-message|marper8 forfeited.\n|\n|win|saeyouwontletgo\n|raw|marper8's rating: 2172 &rarr; <strong>2154</strong><br />(-18 for losing)\n|raw|saeyouwontletgo's rating: 2200 &rarr; <strong>2218</strong><br />(+18 for winning)\n", "inputlog": ">version a8376a258c1d4662feba110a92103f3664a72141\n>start {\"formatid\":\"gen9randombattle\",\"seed\":\"sodium,66944a4c06fb0342df378961464d68bf\",\"rated\":\"Rated battle\"}\n>player p1 {\"name\":\"marper8\",\"avatar\":\"265\",\"rating\":2172,\"seed\":\"sodium,9b64bbb54db4267a86e2cc5578de11bf\"}\n>player p2 {\"name\":\"saeyouwontletgo\",\"avatar\":\"266\",\"rating\":2200,\"seed\":\"sodium,af5d1d816871aae59b43b8c0b384304d\"}\n>p1 move willowisp\n>p2 move bravebird\n>p1 switch 4\n>p2 move bravebird\n>p1 move surf\n>p2 move bravebird\n>p2 switch 6\n>p1 move knockoff\n>p2 move zenheadbutt\n>p1 switch 2\n>p1 move bulkup\n>p2 switch 5\n>p1 move knockoff\n>p2 move thunderbolt\n>p1 move drainpunch\n>p2 move thunderbolt\n>p1 move drainpunch\n>p2 move thunderbolt\n>p2 switch 5\n>p1 switch 4\n>p2 move closecombat\n>p1 move willowisp\n>p2 switch 4\n>p1 switch 4\n>p2 move stunspore\n>p1 move knockoff\n>p2 switch 4\n>p1 switch 4\n>p2 move closecombat\n>p1 move drainingkiss\n>p2 switch 4\n>p1 switch 4\n>p2 move stunspore\n>p1 switch 4\n>p2 switch 4\n>p1 move drainingkiss\n>p2 switch 4\n>p1 switch 4\n>p2 move stunspore\n>p1 move knockoff\n>p2 switch 4\n>p1 switch 4\n>p2 move closecombat\n>p1 move drainingkiss\n>p2 move closecombat\n>p2 switch 2\n>p1 switch 3\n>p2 move calmmind\n>p1 move malignantchain\n>p2 move psyshock\n>p1 move malignantchain terastallize\n>p2 move psyshock\n>p1 move malignantchain\n>p2 move moonblast terastallize\n>p1 switch 6\n>p1 move calmmind\n>p2 move calmmind\n>p1 move calmmind\n>p2 move calmmind\n>p1 move psychic\n>p2 move calmmind\n>p1 move psychic\n>p2 move calmmind\n>p1 move psychic\n>p2 move calmmind\n>p1 move psychic\n>p2 move moonlight\n>p1 move psychic\n>p2 move psyshock\n>p1 move psychic\n>p2 move moonlight\n>p1 move psychic\n>p2 move psyshock\n>p1 move recover\n>p2 move psyshock\n>p1 switch 5\n>p1 move dragondance\n>p2 move moonblast\n>forcelose p1", "uploadtime": 1781387763, "views": 12, "formatid": "gen9randombattle", "rating": 2154, "private": 0, "password": null}