{"id": "gen9randombattle-2631848273", "format": "[Gen 9] Random Battle", "players": ["nitro crate", "fick runk"], "log": "|j|\u2606nitro crate\n|j|\u2606fick runk\n|t:|1781447756\n|gametype|singles\n|player|p1|nitro crate|170|1960\n|player|p2|fick runk|parasollady|2007\n|gen|9\n|tier|[Gen 9] Random Battle\n|rated|\n|rule|Species Clause: Limit one of each Pok\u00e9mon\n|rule|HP Percentage Mod: HP is shown in percentages\n|rule|Sleep Clause Mod: Limit one foe put to sleep\n|rule|Illusion Level Mod: Illusion disguises the Pok\u00e9mon's true level\n|\n|t:|1781447756\n|teamsize|p1|6\n|teamsize|p2|6\n|start\n|switch|p1a: Ninetales|Ninetales, L85, F|263/263\n|switch|p2a: Enamorus|Enamorus-Therian, L83, F|259/259\n|-weather|SunnyDay|[from] ability: Drought|[of] p1a: Ninetales\n|turn|1\n|inactive|Battle timer is ON: inactive players will automatically lose when time's up. (requested by fick runk)\n|\n|t:|1781447772\n|switch|p2a: Pachirisu|Pachirisu, L96, M|271/271\n|move|p1a: Ninetales|Nasty Plot|p1a: Ninetales\n|-boost|p1a: Ninetales|spa|2\n|\n|-weather|SunnyDay|[upkeep]\n|upkeep\n|turn|2\n|\n|t:|1781447784\n|switch|p1a: Gliscor|Gliscor, L76, M|239/239\n|move|p2a: Pachirisu|Nuzzle|p1a: Gliscor\n|-immune|p1a: Gliscor\n|\n|-weather|SunnyDay|[upkeep]\n|-status|p1a: Gliscor|tox|[from] item: Toxic Orb\n|upkeep\n|turn|3\n|\n|t:|1781447796\n|switch|p2a: Salazzle|Salazzle, L83, F|249/249\n|move|p1a: Gliscor|Toxic|p2a: Salazzle\n|-immune|p2a: Salazzle\n|\n|-weather|SunnyDay|[upkeep]\n|upkeep\n|turn|4\n|\n|t:|1781447802\n|move|p1a: Gliscor|Protect|p1a: Gliscor\n|-singleturn|p1a: Gliscor|Protect\n|move|p2a: Salazzle|Flamethrower|p1a: Gliscor\n|-activate|p1a: Gliscor|move: Protect\n|\n|-weather|SunnyDay|[upkeep]\n|upkeep\n|turn|5\n|\n|t:|1781447808\n|move|p2a: Salazzle|Flamethrower|p1a: Gliscor\n|-damage|p1a: Gliscor|43/239 tox\n|move|p1a: Gliscor|Earthquake|p2a: Salazzle\n|-supereffective|p2a: Salazzle\n|-damage|p2a: Salazzle|0 fnt\n|faint|p2a: Salazzle\n|\n|-weather|none\n|-heal|p1a: Gliscor|72/239 tox|[from] ability: Poison Heal\n|upkeep\n|\n|t:|1781447813\n|switch|p2a: Basculin|Basculin-Blue-Striped, L86, F|261/261\n|turn|6\n|\n|t:|1781447816\n|move|p1a: Gliscor|Protect|p1a: Gliscor\n|-singleturn|p1a: Gliscor|Protect\n|move|p2a: Basculin|Wave Crash|p1a: Gliscor\n|-activate|p1a: Gliscor|move: Protect\n|\n|-heal|p1a: Gliscor|101/239 tox|[from] ability: Poison Heal\n|upkeep\n|turn|7\n|\n|t:|1781447822\n|switch|p1a: Tentacruel|Tentacruel, L84, F|272/272\n|move|p2a: Basculin|Wave Crash|p1a: Tentacruel\n|-resisted|p1a: Tentacruel\n|-damage|p1a: Tentacruel|114/272\n|-damage|p2a: Basculin|209/261|[from] Recoil\n|\n|upkeep\n|turn|8\n|\n|t:|1781447825\n|move|p2a: Basculin|Wave Crash|p1a: Tentacruel\n|-resisted|p1a: Tentacruel\n|-crit|p1a: Tentacruel\n|-damage|p1a: Tentacruel|0 fnt\n|faint|p1a: Tentacruel\n|-damage|p2a: Basculin|171/261|[from] Recoil\n|\n|upkeep\n|\n|t:|1781447837\n|switch|p1a: Ninetales|Ninetales, L85, F|263/263\n|-weather|SunnyDay|[from] ability: Drought|[of] p1a: Ninetales\n|turn|9\n|\n|t:|1781447840\n|switch|p1a: Gliscor|Gliscor, L76, M|101/239 tox\n|switch|p2a: Pachirisu|Pachirisu, L96, M|271/271\n|\n|-weather|SunnyDay|[upkeep]\n|-heal|p1a: Gliscor|130/239 tox|[from] ability: Poison Heal\n|upkeep\n|turn|10\n|\n|t:|1781447848\n|switch|p2a: Lugia|Lugia, L73|275/275\n|move|p1a: Gliscor|Earthquake|p2a: Lugia\n|-immune|p2a: Lugia\n|\n|-weather|SunnyDay|[upkeep]\n|-heal|p1a: Gliscor|159/239 tox|[from] ability: Poison Heal\n|upkeep\n|turn|11\n|\n|t:|1781447853\n|move|p2a: Lugia|Psychic Noise|p1a: Gliscor\n|-damage|p1a: Gliscor|87/239 tox\n|-start|p1a: Gliscor|move: Heal Block\n|move|p1a: Gliscor|Toxic|p2a: Lugia\n|-status|p2a: Lugia|tox\n|\n|-weather|SunnyDay|[upkeep]\n|-damage|p2a: Lugia|258/275 tox|[from] psn\n|upkeep\n|turn|12\n|\n|t:|1781447859\n|switch|p1a: Dedenne|Dedenne, L88, M|261/261\n|move|p2a: Lugia|Calm Mind|p2a: Lugia\n|-boost|p2a: Lugia|spa|1\n|-boost|p2a: Lugia|spd|1\n|\n|-weather|SunnyDay|[upkeep]\n|-damage|p2a: Lugia|224/275 tox|[from] psn\n|upkeep\n|turn|13\n|\n|t:|1781447863\n|switch|p2a: Pachirisu|Pachirisu, L96, M|271/271\n|move|p1a: Dedenne|Thunderbolt|p2a: Pachirisu\n|-immune|p2a: Pachirisu|[from] ability: Volt Absorb\n|\n|-weather|none\n|upkeep\n|turn|14\n|\n|t:|1781447868\n|move|p2a: Pachirisu|Super Fang|p1a: Dedenne\n|-damage|p1a: Dedenne|131/261\n|move|p1a: Dedenne|Super Fang|p2a: Pachirisu\n|-damage|p2a: Pachirisu|136/271\n|\n|upkeep\n|turn|15\n|\n|t:|1781447885\n|move|p2a: Pachirisu|Super Fang|p1a: Dedenne\n|-damage|p1a: Dedenne|66/261\n|-enditem|p1a: Dedenne|Sitrus Berry|[eat]\n|-heal|p1a: Dedenne|131/261|[from] item: Sitrus Berry\n|-heal|p1a: Dedenne|218/261|[from] ability: Cheek Pouch\n|move|p1a: Dedenne|Super Fang|p2a: Pachirisu\n|-damage|p2a: Pachirisu|68/271\n|\n|upkeep\n|turn|16\n|\n|t:|1781447888\n|switch|p1a: Gliscor|Gliscor, L76, M|87/239 tox\n|move|p2a: Pachirisu|Super Fang|p1a: Gliscor\n|-damage|p1a: Gliscor|44/239 tox\n|\n|-heal|p1a: Gliscor|73/239 tox|[from] ability: Poison Heal\n|upkeep\n|turn|17\n|\n|t:|1781447896\n|switch|p1a: Crawdaunt|Crawdaunt, L84, M|243/243\n|move|p2a: Pachirisu|U-turn|p1a: Crawdaunt\n|-supereffective|p1a: Crawdaunt\n|-damage|p1a: Crawdaunt|165/243\n|\n|t:|1781447901\n|switch|p2a: Whimsicott|Whimsicott, L84, F|238/238|[from] U-turn\n|\n|upkeep\n|turn|18\n|\n|t:|1781447905\n|switch|p1a: Ninetales|Ninetales, L85, F|263/263\n|-weather|SunnyDay|[from] ability: Drought|[of] p1a: Ninetales\n|move|p2a: Whimsicott|Moonblast|p1a: Ninetales\n|-resisted|p1a: Ninetales\n|-damage|p1a: Ninetales|224/263\n|-unboost|p1a: Ninetales|spa|1\n|\n|-weather|SunnyDay|[upkeep]\n|upkeep\n|turn|19\n|\n|t:|1781447911\n|move|p2a: Whimsicott|Substitute|p2a: Whimsicott\n|-start|p2a: Whimsicott|Substitute\n|-damage|p2a: Whimsicott|179/238\n|move|p1a: Ninetales|Fire Blast|p2a: Whimsicott\n|-supereffective|p2a: Whimsicott\n|-crit|p2a: Whimsicott\n|-end|p2a: Whimsicott|Substitute\n|\n|-weather|SunnyDay|[upkeep]\n|-heal|p2a: Whimsicott|193/238|[from] item: Leftovers\n|upkeep\n|turn|20\n|\n|t:|1781447914\n|move|p2a: Whimsicott|Substitute|p2a: Whimsicott\n|-start|p2a: Whimsicott|Substitute\n|-damage|p2a: Whimsicott|134/238\n|move|p1a: Ninetales|Fire Blast|p2a: Whimsicott\n|-supereffective|p2a: Whimsicott\n|-end|p2a: Whimsicott|Substitute\n|\n|-weather|SunnyDay|[upkeep]\n|-heal|p2a: Whimsicott|148/238|[from] item: Leftovers\n|upkeep\n|turn|21\n|\n|t:|1781447917\n|move|p2a: Whimsicott|Substitute|p2a: Whimsicott\n|-start|p2a: Whimsicott|Substitute\n|-damage|p2a: Whimsicott|89/238\n|move|p1a: Ninetales|Fire Blast|p2a: Whimsicott|[miss]\n|-miss|p1a: Ninetales|p2a: Whimsicott\n|\n|-weather|SunnyDay|[upkeep]\n|-heal|p2a: Whimsicott|103/238|[from] item: Leftovers\n|upkeep\n|turn|22\n|\n|t:|1781447920\n|move|p2a: Whimsicott|Leech Seed|p1a: Ninetales\n|-start|p1a: Ninetales|move: Leech Seed\n|move|p1a: Ninetales|Fire Blast|p2a: Whimsicott\n|-supereffective|p2a: Whimsicott\n|-end|p2a: Whimsicott|Substitute\n|\n|-weather|none\n|-heal|p2a: Whimsicott|117/238|[from] item: Leftovers\n|-damage|p1a: Ninetales|192/263|[from] Leech Seed|[of] p2a: Whimsicott\n|-heal|p2a: Whimsicott|149/238|[silent]\n|upkeep\n|turn|23\n|\n|t:|1781447928\n|switch|p2a: Basculin|Basculin-Blue-Striped, L86, F|171/261\n|switch|p1a: Gliscor|Gliscor, L76, M|73/239 tox\n|\n|-heal|p1a: Gliscor|102/239 tox|[from] ability: Poison Heal\n|upkeep\n|turn|24\n|\n|t:|1781447931\n|move|p1a: Gliscor|Protect|p1a: Gliscor\n|-singleturn|p1a: Gliscor|Protect\n|move|p2a: Basculin|Wave Crash|p1a: Gliscor\n|-activate|p1a: Gliscor|move: Protect\n|\n|-heal|p1a: Gliscor|131/239 tox|[from] ability: Poison Heal\n|upkeep\n|turn|25\n|\n|t:|1781447945\n|switch|p1a: Dedenne|Dedenne, L88, M|218/261\n|-terastallize|p2a: Basculin|Water\n|move|p2a: Basculin|Wave Crash|p1a: Dedenne\n|-damage|p1a: Dedenne|0 fnt\n|faint|p1a: Dedenne\n|-damage|p2a: Basculin|99/261|[from] Recoil\n|\n|upkeep\n|\n|t:|1781447958\n|switch|p1a: Ninetales|Ninetales, L85, F|192/263\n|-weather|SunnyDay|[from] ability: Drought|[of] p1a: Ninetales\n|turn|26\n|\n|t:|1781447967\n|switch|p2a: Lugia|Lugia, L73|224/275 tox\n|move|p1a: Ninetales|Solar Beam||[still]\n|-prepare|p1a: Ninetales|Solar Beam\n|-anim|p1a: Ninetales|Solar Beam|p2a: Lugia\n|-resisted|p2a: Lugia\n|-damage|p2a: Lugia|196/275 tox\n|\n|-weather|SunnyDay|[upkeep]\n|-damage|p2a: Lugia|179/275 tox|[from] psn\n|upkeep\n|turn|27\n|\n|t:|1781447972\n|switch|p2a: Whimsicott|Whimsicott, L84, F|149/238\n|move|p1a: Ninetales|Fire Blast|p2a: Whimsicott\n|-supereffective|p2a: Whimsicott\n|-damage|p2a: Whimsicott|0 fnt\n|faint|p2a: Whimsicott\n|\n|-weather|SunnyDay|[upkeep]\n|upkeep\n|\n|t:|1781447978\n|switch|p2a: Enamorus|Enamorus-Therian, L83, F|259/259\n|turn|28\n|\n|t:|1781447983\n|move|p1a: Ninetales|Fire Blast|p2a: Enamorus\n|-damage|p2a: Enamorus|123/259\n|move|p2a: Enamorus|Earth Power|p1a: Ninetales\n|-supereffective|p1a: Ninetales\n|-damage|p1a: Ninetales|48/263\n|-unboost|p1a: Ninetales|spd|1\n|\n|-weather|SunnyDay|[upkeep]\n|upkeep\n|turn|29\n|\n|t:|1781447986\n|move|p1a: Ninetales|Fire Blast|p2a: Enamorus\n|-damage|p2a: Enamorus|0 fnt\n|faint|p2a: Enamorus\n|\n|-weather|SunnyDay|[upkeep]\n|upkeep\n|\n|t:|1781447995\n|switch|p2a: Lugia|Lugia, L73|179/275 tox\n|turn|30\n|\n|t:|1781448002\n|switch|p1a: Crawdaunt|Crawdaunt, L84, M|165/243\n|move|p2a: Lugia|Aeroblast|p1a: Crawdaunt|[miss]\n|-miss|p2a: Lugia|p1a: Crawdaunt\n|\n|-weather|none\n|-damage|p2a: Lugia|162/275 tox|[from] psn\n|upkeep\n|turn|31\n|\n|t:|1781448007\n|move|p2a: Lugia|Aeroblast|p1a: Crawdaunt\n|-damage|p1a: Crawdaunt|57/243\n|move|p1a: Crawdaunt|Dragon Dance|p1a: Crawdaunt\n|-boost|p1a: Crawdaunt|atk|1\n|-boost|p1a: Crawdaunt|spe|1\n|\n|-damage|p2a: Lugia|128/275 tox|[from] psn\n|upkeep\n|turn|32\n|\n|t:|1781448010\n|move|p1a: Crawdaunt|Knock Off|p2a: Lugia\n|-supereffective|p2a: Lugia\n|-damage|p2a: Lugia|0 fnt\n|-enditem|p2a: Lugia|Heavy-Duty Boots|[from] move: Knock Off|[of] p1a: Crawdaunt\n|faint|p2a: Lugia\n|-damage|p1a: Crawdaunt|33/243|[from] item: Life Orb\n|\n|upkeep\n|\n|t:|1781448012\n|switch|p2a: Pachirisu|Pachirisu, L96, M|68/271\n|turn|33\n|\n|t:|1781448015\n|move|p1a: Crawdaunt|Aqua Jet|p2a: Pachirisu\n|-damage|p2a: Pachirisu|0 fnt\n|faint|p2a: Pachirisu\n|-damage|p1a: Crawdaunt|9/243|[from] item: Life Orb\n|\n|upkeep\n|\n|t:|1781448018\n|switch|p2a: Basculin|Basculin-Blue-Striped, L86, F, tera:Water|99/261\n|turn|34\n|\n|t:|1781448021\n|move|p2a: Basculin|Aqua Jet|p1a: Crawdaunt\n|-resisted|p1a: Crawdaunt\n|-damage|p1a: Crawdaunt|0 fnt\n|faint|p1a: Crawdaunt\n|\n|upkeep\n|\n|t:|1781448024\n|switch|p1a: Ninetales|Ninetales, L85, F|48/263\n|-weather|SunnyDay|[from] ability: Drought|[of] p1a: Ninetales\n|turn|35\n|\n|t:|1781448025\n|move|p2a: Basculin|Aqua Jet|p1a: Ninetales\n|-supereffective|p1a: Ninetales\n|-damage|p1a: Ninetales|0 fnt\n|faint|p1a: Ninetales\n|\n|-weather|SunnyDay|[upkeep]\n|upkeep\n|\n|t:|1781448028\n|switch|p1a: Krookodile|Krookodile, L79, F|280/280\n|-ability|p1a: Krookodile|Intimidate|boost\n|-unboost|p2a: Basculin|atk|1\n|turn|36\n|\n|t:|1781448030\n|move|p2a: Basculin|Aqua Jet|p1a: Krookodile\n|-supereffective|p1a: Krookodile\n|-damage|p1a: Krookodile|208/280\n|move|p1a: Krookodile|Earthquake|p2a: Basculin\n|-damage|p2a: Basculin|0 fnt\n|faint|p2a: Basculin\n|-damage|p1a: Krookodile|180/280|[from] item: Life Orb\n|\n|win|nitro crate\n", "inputlog": ">version a8376a258c1d4662feba110a92103f3664a72141\n>start {\"formatid\":\"gen9randombattle\",\"seed\":\"sodium,209babad5d898e39760da99cfba8d336\",\"rated\":\"Rated battle\"}\n>player p1 {\"name\":\"nitro crate\",\"avatar\":\"170\",\"rating\":1960,\"seed\":\"sodium,3ad52e26d54b5c358e1751364335c1e9\"}\n>player p2 {\"name\":\"fick runk\",\"avatar\":\"parasollady\",\"rating\":2007,\"seed\":\"sodium,76890f41adc04041300fa3cd5f4f97a4\"}\n>p1 move nastyplot\n>p2 switch 5\n>p1 switch 2\n>p2 move nuzzle\n>p1 move toxic\n>p2 switch 2\n>p1 move protect\n>p2 move flamethrower\n>p1 move earthquake\n>p2 move flamethrower\n>p2 switch 6\n>p1 move protect\n>p2 move wavecrash\n>p1 switch 4\n>p2 move wavecrash\n>p1 move sludgebomb\n>p2 move wavecrash\n>p1 switch 2\n>p1 switch 4\n>p2 switch 2\n>p1 move earthquake\n>p2 switch 4\n>p1 move toxic\n>p2 move psychicnoise\n>p1 switch 6\n>p2 move calmmind\n>p1 move thunderbolt\n>p2 switch 4\n>p1 move superfang\n>p2 move superfang\n>p1 move superfang\n>p2 move superfang\n>p1 switch 6\n>p2 move superfang\n>p1 switch 5\n>p2 move uturn\n>p2 switch 3\n>p1 switch 4\n>p2 move moonblast\n>p1 move fireblast\n>p2 move substitute\n>p1 move fireblast\n>p2 move substitute\n>p1 move fireblast\n>p2 move substitute\n>p1 move fireblast\n>p2 move leechseed\n>p1 switch 5\n>p2 switch 2\n>p1 move protect\n>p2 move wavecrash\n>p1 switch 6\n>p2 move wavecrash terastallize\n>p1 switch 5\n>p1 move solarbeam\n>p2 switch 4\n>p1 move fireblast\n>p2 switch 2\n>p2 switch 5\n>p1 move fireblast\n>p2 move earthpower\n>p1 move fireblast\n>p2 move earthpower\n>p2 switch 2\n>p1 switch 4\n>p2 move aeroblast\n>p1 move dragondance\n>p2 move aeroblast\n>p1 move knockoff\n>p2 move aeroblast\n>p2 switch 3\n>p1 move aquajet\n>p2 move uturn\n>p2 switch 4\n>p1 move aquajet\n>p2 move aquajet\n>p1 switch 4\n>p1 move solarbeam\n>p2 move aquajet\n>p1 switch 3\n>p1 move earthquake\n>p2 move aquajet", "uploadtime": 1781447758, "views": 6, "formatid": "gen9randombattle", "rating": null, "private": 0, "password": null}