{"id": "gen9randombattle-2631602825", "format": "[Gen 9] Random Battle", "players": ["MrMimikry", "darkrio32"], "log": "|j|\u2606MrMimikry\n|j|\u2606darkrio32\n|t:|1781407320\n|gametype|singles\n|player|p1|MrMimikry|allister|1525\n|player|p2|darkrio32|hilbert-wonderlauncher|1538\n|gen|9\n|tier|[Gen 9] Random Battle\n|rated|\n|rule|Species Clause: Limit one of each Pok\u00e9mon\n|rule|HP Percentage Mod: HP is shown in percentages\n|rule|Sleep Clause Mod: Limit one foe put to sleep\n|rule|Illusion Level Mod: Illusion disguises the Pok\u00e9mon's true level\n|\n|t:|1781407320\n|teamsize|p1|6\n|teamsize|p2|6\n|start\n|switch|p1a: Drednaw|Drednaw, L81, F|278/278\n|switch|p2a: Delibird|Delibird, F|252/252\n|turn|1\n|inactive|Battle timer is ON: inactive players will automatically lose when time's up. (requested by MrMimikry)\n|\n|t:|1781407349\n|move|p2a: Delibird|Brave Bird|p1a: Drednaw\n|-resisted|p1a: Drednaw\n|-damage|p1a: Drednaw|194/278\n|-damage|p2a: Delibird|224/252|[from] Recoil\n|move|p1a: Drednaw|Shell Smash|p1a: Drednaw\n|-unboost|p1a: Drednaw|def|1\n|-unboost|p1a: Drednaw|spd|1\n|-boost|p1a: Drednaw|atk|2\n|-boost|p1a: Drednaw|spa|2\n|-boost|p1a: Drednaw|spe|2\n|-enditem|p1a: Drednaw|White Herb\n|-clearnegativeboost|p1a: Drednaw|[silent]\n|\n|upkeep\n|turn|2\n|\n|t:|1781407361\n|move|p1a: Drednaw|Liquidation|p2a: Delibird\n|-damage|p2a: Delibird|0 fnt\n|faint|p2a: Delibird\n|\n|upkeep\n|\n|t:|1781407371\n|switch|p2a: Deoxys|Deoxys-Attack, L72|191/191\n|-ability|p2a: Deoxys|Pressure\n|turn|3\n|\n|t:|1781407385\n|move|p1a: Drednaw|Liquidation|p2a: Deoxys\n|-crit|p2a: Deoxys\n|-damage|p2a: Deoxys|0 fnt\n|faint|p2a: Deoxys\n|\n|upkeep\n|c|\u2606MrMimikry|crit mattered\n|\n|t:|1781407396\n|switch|p2a: Hariyama|Hariyama, L87, M|392/392\n|turn|4\n|\n|t:|1781407405\n|move|p2a: Hariyama|Fake Out|p1a: Drednaw\n|-resisted|p1a: Drednaw\n|-damage|p1a: Drednaw|177/278\n|cant|p1a: Drednaw|flinch\n|\n|-status|p2a: Hariyama|brn|[from] item: Flame Orb\n|upkeep\n|turn|5\n|\n|t:|1781407412\n|move|p1a: Drednaw|Liquidation|p2a: Hariyama\n|-damage|p2a: Hariyama|152/392 brn\n|move|p2a: Hariyama|Facade|p1a: Drednaw\n|-resisted|p1a: Drednaw\n|-damage|p1a: Drednaw|81/278\n|\n|-damage|p2a: Hariyama|128/392 brn|[from] brn\n|upkeep\n|turn|6\n|\n|t:|1781407425\n|move|p1a: Drednaw|Liquidation|p2a: Hariyama\n|-damage|p2a: Hariyama|0 fnt\n|faint|p2a: Hariyama\n|\n|upkeep\n|\n|t:|1781407434\n|switch|p2a: Orthworm|Orthworm, L88, F|266/266\n|turn|7\n|\n|t:|1781407448\n|move|p1a: Drednaw|Liquidation|p2a: Orthworm\n|-damage|p2a: Orthworm|131/266\n|move|p2a: Orthworm|Body Press|p1a: Drednaw\n|-supereffective|p1a: Drednaw\n|-damage|p1a: Drednaw|0 fnt\n|faint|p1a: Drednaw\n|\n|-heal|p2a: Orthworm|147/266|[from] item: Leftovers\n|upkeep\n|inactive|MrMimikry has 120 seconds left.\n|\n|t:|1781407474\n|switch|p1a: Gliscor|Gliscor, L76, F|239/239\n|turn|8\n|inactive|MrMimikry has 120 seconds left.\n|\n|t:|1781407484\n|switch|p2a: Glalie|Glalie, L96, M|309/309\n|move|p1a: Gliscor|Protect||[still]\n|-fail|p1a: Gliscor\n|\n|-status|p1a: Gliscor|tox|[from] item: Toxic Orb\n|upkeep\n|turn|9\n|inactive|MrMimikry has 120 seconds left.\n|\n|t:|1781407502\n|switch|p1a: Sudowoodo|Sudowoodo, L94, M|284/284\n|move|p2a: Glalie|Taunt|p1a: Sudowoodo\n|-start|p1a: Sudowoodo|move: Taunt\n|\n|upkeep\n|turn|10\n|inactive|MrMimikry has 120 seconds left.\n|\n|t:|1781407511\n|switch|p2a: Orthworm|Orthworm, L88, F|147/266\n|move|p1a: Sudowoodo|Head Smash|p2a: Orthworm|[miss]\n|-miss|p1a: Sudowoodo|p2a: Orthworm\n|\n|-heal|p2a: Orthworm|163/266|[from] item: Leftovers\n|upkeep\n|turn|11\n|inactive|MrMimikry has 120 seconds left.\n|\n|t:|1781407522\n|switch|p1a: Luvdisc|Luvdisc, F|247/247\n|move|p2a: Orthworm|Stealth Rock|p1a: Luvdisc\n|-sidestart|p1: MrMimikry|move: Stealth Rock\n|\n|-heal|p2a: Orthworm|179/266|[from] item: Leftovers\n|upkeep\n|turn|12\n|inactive|MrMimikry has 120 seconds left.\n|\n|t:|1781407532\n|move|p1a: Luvdisc|Substitute|p1a: Luvdisc\n|-start|p1a: Luvdisc|Substitute\n|-damage|p1a: Luvdisc|186/247\n|move|p2a: Orthworm|Spikes|p1a: Luvdisc\n|-sidestart|p1: MrMimikry|Spikes\n|\n|-heal|p2a: Orthworm|195/266|[from] item: Leftovers\n|upkeep\n|turn|13\n|\n|t:|1781407539\n|move|p1a: Luvdisc|Whirlpool|p2a: Orthworm\n|-damage|p2a: Orthworm|155/266\n|-activate|p2a: Orthworm|move: Whirlpool|[of] p1a: Luvdisc\n|move|p2a: Orthworm|Body Press|p1a: Luvdisc\n|-end|p1a: Luvdisc|Substitute\n|\n|-heal|p2a: Orthworm|171/266|[from] item: Leftovers\n|-damage|p2a: Orthworm|138/266|[from] move: Whirlpool|[partiallytrapped]\n|upkeep\n|turn|14\n|\n|t:|1781407552\n|move|p1a: Luvdisc|Substitute|p1a: Luvdisc\n|-start|p1a: Luvdisc|Substitute\n|-damage|p1a: Luvdisc|125/247\n|move|p2a: Orthworm|Body Press|p1a: Luvdisc\n|-end|p1a: Luvdisc|Substitute\n|\n|-heal|p2a: Orthworm|154/266|[from] item: Leftovers\n|-damage|p2a: Orthworm|121/266|[from] move: Whirlpool|[partiallytrapped]\n|upkeep\n|turn|15\n|\n|t:|1781407561\n|move|p1a: Luvdisc|Substitute|p1a: Luvdisc\n|-start|p1a: Luvdisc|Substitute\n|-damage|p1a: Luvdisc|64/247\n|move|p2a: Orthworm|Body Press|p1a: Luvdisc\n|-end|p1a: Luvdisc|Substitute\n|\n|-heal|p2a: Orthworm|137/266|[from] item: Leftovers\n|-damage|p2a: Orthworm|104/266|[from] move: Whirlpool|[partiallytrapped]\n|upkeep\n|turn|16\n|\n|t:|1781407578\n|move|p1a: Luvdisc|Substitute|p1a: Luvdisc\n|-start|p1a: Luvdisc|Substitute\n|-damage|p1a: Luvdisc|3/247\n|move|p2a: Orthworm|Body Press|p1a: Luvdisc\n|-end|p1a: Luvdisc|Substitute\n|\n|-heal|p2a: Orthworm|120/266|[from] item: Leftovers\n|-damage|p2a: Orthworm|87/266|[from] move: Whirlpool|[partiallytrapped]\n|upkeep\n|turn|17\n|\n|t:|1781407588\n|move|p1a: Luvdisc|Surf|p2a: Orthworm\n|-damage|p2a: Orthworm|0 fnt\n|faint|p2a: Orthworm\n|\n|upkeep\n|\n|t:|1781407593\n|switch|p2a: Chimecho|Chimecho, L93, F|290/290\n|turn|18\n|\n|t:|1781407600\n|move|p1a: Luvdisc|Endeavor|p2a: Chimecho\n|-damage|p2a: Chimecho|3/290\n|move|p2a: Chimecho|Calm Mind|p2a: Chimecho\n|-boost|p2a: Chimecho|spa|1\n|-boost|p2a: Chimecho|spd|1\n|\n|-heal|p2a: Chimecho|21/290|[from] item: Leftovers\n|upkeep\n|turn|19\n|\n|t:|1781407609\n|move|p1a: Luvdisc|Surf|p2a: Chimecho\n|-damage|p2a: Chimecho|0 fnt\n|faint|p2a: Chimecho\n|\n|upkeep\n|\n|t:|1781407611\n|switch|p2a: Glalie|Glalie, L96, M|309/309\n|turn|20\n|\n|t:|1781407619\n|-terastallize|p2a: Glalie|Ghost\n|move|p1a: Luvdisc|Endeavor|p2a: Glalie\n|-immune|p2a: Glalie\n|move|p2a: Glalie|Freeze-Dry|p1a: Luvdisc\n|-supereffective|p1a: Luvdisc\n|-damage|p1a: Luvdisc|0 fnt\n|faint|p1a: Luvdisc\n|\n|upkeep\n|\n|t:|1781407634\n|switch|p1a: Skuntank|Skuntank, L84, F|310/310\n|-damage|p1a: Skuntank|272/310|[from] Stealth Rock\n|-damage|p1a: Skuntank|234/310|[from] Spikes\n|turn|21\n|\n|t:|1781407639\n|move|p2a: Glalie|Earthquake|p1a: Skuntank\n|-supereffective|p1a: Skuntank\n|-crit|p1a: Skuntank\n|-damage|p1a: Skuntank|0 fnt\n|faint|p1a: Skuntank\n|\n|upkeep\n|\n|t:|1781407652\n|switch|p1a: Gliscor|Gliscor, L76, F|239/239 tox\n|-damage|p1a: Gliscor|210/239 tox|[from] Stealth Rock\n|turn|22\n|\n|t:|1781407660\n|-terastallize|p1a: Gliscor|Water\n|move|p2a: Glalie|Freeze-Dry|p1a: Gliscor\n|-supereffective|p1a: Gliscor\n|-damage|p1a: Gliscor|0 fnt\n|faint|p1a: Gliscor\n|\n|upkeep\n|\n|t:|1781407669\n|switch|p1a: Sudowoodo|Sudowoodo, L94, M|284/284\n|-damage|p1a: Sudowoodo|249/284|[from] Stealth Rock\n|-damage|p1a: Sudowoodo|214/284|[from] Spikes\n|turn|23\n|\n|t:|1781407680\n|move|p2a: Glalie|Earthquake|p1a: Sudowoodo\n|-supereffective|p1a: Sudowoodo\n|-damage|p1a: Sudowoodo|90/284\n|move|p1a: Sudowoodo|Head Smash|p2a: Glalie|[miss]\n|-miss|p1a: Sudowoodo|p2a: Glalie\n|\n|-heal|p1a: Sudowoodo|107/284|[from] item: Leftovers\n|upkeep\n|turn|24\n|\n|t:|1781407692\n|move|p1a: Sudowoodo|Sucker Punch|p2a: Glalie\n|-supereffective|p2a: Glalie\n|-damage|p2a: Glalie|193/309\n|move|p2a: Glalie|Earthquake|p1a: Sudowoodo\n|-supereffective|p1a: Sudowoodo\n|-damage|p1a: Sudowoodo|0 fnt\n|faint|p1a: Sudowoodo\n|\n|upkeep\n|\n|t:|1781407701\n|switch|p1a: Cyclizar|Cyclizar, L83, M|252/252\n|turn|25\n|\n|t:|1781407706\n|move|p1a: Cyclizar|Draco Meteor|p2a: Glalie\n|-damage|p2a: Glalie|82/309\n|-unboost|p1a: Cyclizar|spa|2\n|move|p2a: Glalie|Taunt|p1a: Cyclizar\n|-start|p1a: Cyclizar|move: Taunt\n|\n|upkeep\n|turn|26\n|\n|t:|1781407716\n|move|p1a: Cyclizar|Draco Meteor|p2a: Glalie\n|-damage|p2a: Glalie|27/309\n|-unboost|p1a: Cyclizar|spa|2\n|move|p2a: Glalie|Freeze-Dry|p1a: Cyclizar\n|-supereffective|p1a: Cyclizar\n|-damage|p1a: Cyclizar|48/252\n|\n|upkeep\n|turn|27\n|\n|t:|1781407725\n|move|p1a: Cyclizar|Draco Meteor|p2a: Glalie\n|-damage|p2a: Glalie|0 fnt\n|-unboost|p1a: Cyclizar|spa|2\n|faint|p2a: Glalie\n|\n|win|MrMimikry\n|raw|MrMimikry's rating: 1525 &rarr; <strong>1546</strong><br />(+21 for winning)\n|raw|darkrio32's rating: 1538 &rarr; <strong>1517</strong><br />(-21 for losing)\n|c|\u2606darkrio32|gg\n|l|\u2606darkrio32\n|player|p2|\n|c|\u2606MrMimikry|gg\n|c|\u2606MrMimikry|jesus that was a horrible end there\n", "uploadtime": 1781407741, "views": 3, "formatid": "gen9randombattle", "rating": 1517, "private": 0, "password": null}