{"id": "gen9randombattle-2631464487", "format": "[Gen 9] Random Battle", "players": ["GreenElegantPig", "Vernoss"], "log": "|j|\u2606GreenElegantPig\n|j|\u2606Vernoss\n|t:|1781387952\n|gametype|singles\n|player|p1|GreenElegantPig|102|1464\n|player|p2|Vernoss|2|1479\n|gen|9\n|tier|[Gen 9] Random Battle\n|rated|\n|rule|Species Clause: Limit one of each Pok\u00e9mon\n|rule|HP Percentage Mod: HP is shown in percentages\n|rule|Sleep Clause Mod: Limit one foe put to sleep\n|rule|Illusion Level Mod: Illusion disguises the Pok\u00e9mon's true level\n|\n|t:|1781387952\n|teamsize|p1|6\n|teamsize|p2|6\n|start\n|switch|p1a: Persian|Persian-Alola, L86, M|252/252\n|switch|p2a: Illumise|Illumise, L91, F|266/266\n|turn|1\n|inactive|Battle timer is ON: inactive players will automatically lose when time's up. (requested by Vernoss)\n|inactive|GreenElegantPig also wants the timer to be on.\n|\n|t:|1781387972\n|switch|p1a: Probopass|Probopass, L91, F|257/257\n|move|p2a: Illumise|Bug Buzz|p1a: Probopass\n|-resisted|p1a: Probopass\n|-damage|p1a: Probopass|232/257\n|\n|-heal|p1a: Probopass|248/257|[from] item: Leftovers\n|upkeep\n|turn|2\n|\n|t:|1781387983\n|move|p2a: Illumise|Thunder Wave|p1a: Probopass\n|-status|p1a: Probopass|par\n|cant|p1a: Probopass|par\n|\n|-heal|p1a: Probopass|257/257 par|[from] item: Leftovers\n|upkeep\n|turn|3\n|\n|t:|1781387994\n|switch|p2a: Hitmonlee|Hitmonlee, L85, M|223/223\n|cant|p1a: Probopass|par\n|\n|upkeep\n|turn|4\n|\n|t:|1781388001\n|switch|p1a: Hoopa|Hoopa, L85|275/275\n|move|p2a: Hitmonlee|Knock Off|p1a: Hoopa\n|-supereffective|p1a: Hoopa\n|-damage|p1a: Hoopa|0 fnt\n|-enditem|p1a: Hoopa|Life Orb|[from] move: Knock Off|[of] p2a: Hitmonlee\n|faint|p1a: Hoopa\n|\n|upkeep\n|\n|t:|1781388010\n|switch|p1a: Persian|Persian-Alola, L86, M|252/252\n|turn|5\n|c|\u2606Vernoss|Lol\n|\n|t:|1781388024\n|switch|p2a: Enamorus|Enamorus-Therian, L83, F|259/259\n|move|p1a: Persian|Hypnosis|p2a: Enamorus\n|-status|p2a: Enamorus|slp|[from] move: Hypnosis\n|\n|upkeep\n|turn|6\n|\n|t:|1781388032\n|move|p1a: Persian|Nasty Plot|p1a: Persian\n|-boost|p1a: Persian|spa|2\n|cant|p2a: Enamorus|slp\n|\n|upkeep\n|turn|7\n|\n|t:|1781388039\n|-terastallize|p1a: Persian|Electric\n|move|p1a: Persian|Nasty Plot|p1a: Persian\n|-boost|p1a: Persian|spa|2\n|cant|p2a: Enamorus|slp\n|\n|upkeep\n|turn|8\n|\n|t:|1781388047\n|move|p1a: Persian|Thunderbolt|p2a: Enamorus\n|-supereffective|p2a: Enamorus\n|-damage|p2a: Enamorus|0 fnt\n|faint|p2a: Enamorus\n|\n|upkeep\n|\n|t:|1781388069\n|switch|p2a: Hitmonlee|Hitmonlee, L85, M|223/223\n|turn|9\n|\n|t:|1781388073\n|switch|p2a: Minun|Minun, L95, M|268/268\n|move|p1a: Persian|Thunderbolt|p2a: Minun\n|-immune|p2a: Minun|[from] ability: Volt Absorb\n|\n|upkeep\n|turn|10\n|\n|t:|1781388083\n|move|p1a: Persian|Dark Pulse|p2a: Minun\n|-damage|p2a: Minun|67/268\n|move|p2a: Minun|Alluring Voice|p1a: Persian\n|-damage|p1a: Persian|153/252\n|-damage|p2a: Minun|41/268|[from] item: Life Orb\n|\n|-heal|p1a: Persian|168/252|[from] item: Leftovers\n|upkeep\n|turn|11\n|\n|t:|1781388107\n|move|p1a: Persian|Dark Pulse|p2a: Minun\n|-damage|p2a: Minun|0 fnt\n|faint|p2a: Minun\n|\n|-heal|p1a: Persian|183/252|[from] item: Leftovers\n|upkeep\n|\n|t:|1781388117\n|switch|p2a: Hitmonlee|Hitmonlee, L85, M|223/223\n|turn|12\n|\n|t:|1781388123\n|move|p1a: Persian|Thunderbolt|p2a: Hitmonlee\n|-damage|p2a: Hitmonlee|15/223\n|move|p2a: Hitmonlee|High Jump Kick|p1a: Persian\n|-damage|p1a: Persian|0 fnt\n|faint|p1a: Persian\n|\n|upkeep\n|\n|t:|1781388136\n|switch|p1a: Lycanroc|Lycanroc, L86, F|269/269\n|turn|13\n|\n|t:|1781388150\n|switch|p2a: Illumise|Illumise, L91, F|266/266\n|move|p1a: Lycanroc|Close Combat|p2a: Illumise\n|-resisted|p2a: Illumise\n|-crit|p2a: Illumise\n|-damage|p2a: Illumise|169/266\n|-unboost|p1a: Lycanroc|def|1\n|-unboost|p1a: Lycanroc|spd|1\n|-damage|p1a: Lycanroc|243/269|[from] item: Life Orb\n|\n|upkeep\n|turn|14\n|\n|t:|1781388161\n|switch|p1a: Probopass|Probopass, L91, F|257/257 par\n|move|p2a: Illumise|Thunder Wave|p1a: Probopass\n|-fail|p1a: Probopass|par\n|\n|upkeep\n|turn|15\n|\n|t:|1781388165\n|move|p2a: Illumise|Roost|p2a: Illumise\n|-heal|p2a: Illumise|266/266\n|-singleturn|p2a: Illumise|move: Roost\n|move|p1a: Probopass|Power Gem|p2a: Illumise\n|-supereffective|p2a: Illumise\n|-damage|p2a: Illumise|114/266\n|\n|upkeep\n|turn|16\n|\n|t:|1781388174\n|move|p2a: Illumise|Roost|p2a: Illumise\n|-heal|p2a: Illumise|247/266\n|-singleturn|p2a: Illumise|move: Roost\n|move|p1a: Probopass|Power Gem|p2a: Illumise\n|-supereffective|p2a: Illumise\n|-damage|p2a: Illumise|97/266\n|\n|upkeep\n|turn|17\n|\n|t:|1781388183\n|move|p2a: Illumise|Roost|p2a: Illumise\n|-heal|p2a: Illumise|230/266\n|-singleturn|p2a: Illumise|move: Roost\n|cant|p1a: Probopass|par\n|\n|upkeep\n|turn|18\n|\n|t:|1781388190\n|switch|p2a: Espeon|Espeon, L84, F|246/246\n|move|p1a: Probopass|Power Gem|p2a: Espeon\n|-damage|p2a: Espeon|164/246\n|\n|upkeep\n|turn|19\n|\n|t:|1781388202\n|switch|p1a: Whiscash|Whiscash, L88, F|337/337\n|move|p2a: Espeon|Calm Mind|p2a: Espeon\n|-boost|p2a: Espeon|spa|1\n|-boost|p2a: Espeon|spd|1\n|\n|upkeep\n|turn|20\n|\n|t:|1781388214\n|move|p2a: Espeon|Psychic|p1a: Whiscash\n|-damage|p1a: Whiscash|87/337\n|-damage|p2a: Espeon|140/246|[from] item: Life Orb\n|move|p1a: Whiscash|Dragon Dance|p1a: Whiscash\n|-boost|p1a: Whiscash|atk|1\n|-boost|p1a: Whiscash|spe|1\n|\n|upkeep\n|turn|21\n|\n|t:|1781388222\n|move|p1a: Whiscash|Earthquake|p2a: Espeon\n|-damage|p2a: Espeon|0 fnt\n|faint|p2a: Espeon\n|-damage|p1a: Whiscash|54/337|[from] item: Life Orb\n|\n|upkeep\n|\n|t:|1781388231\n|switch|p2a: Hitmonlee|Hitmonlee, L85, M|15/223\n|turn|22\n|\n|t:|1781388239\n|move|p2a: Hitmonlee|Mach Punch|p1a: Whiscash\n|-damage|p1a: Whiscash|0 fnt\n|faint|p1a: Whiscash\n|\n|upkeep\n|\n|t:|1781388256\n|switch|p1a: Flapple|Flapple, L88, M|266/266\n|turn|23\n|\n|t:|1781388264\n|switch|p2a: Glalie|Glalie, L96, M|309/309\n|move|p1a: Flapple|Grav Apple|p2a: Glalie\n|-damage|p2a: Glalie|87/309\n|-unboost|p2a: Glalie|def|1\n|\n|upkeep\n|turn|24\n|\n|t:|1781388274\n|switch|p1a: Probopass|Probopass, L91, F|257/257 par\n|move|p2a: Glalie|Freeze-Dry|p1a: Probopass\n|-resisted|p1a: Probopass\n|-damage|p1a: Probopass|230/257 par\n|\n|-heal|p1a: Probopass|246/257 par|[from] item: Leftovers\n|upkeep\n|turn|25\n|\n|t:|1781388285\n|move|p2a: Glalie|Earthquake|p1a: Probopass\n|-supereffective|p1a: Probopass\n|-damage|p1a: Probopass|38/257 par\n|move|p1a: Probopass|Power Gem|p2a: Glalie\n|-supereffective|p2a: Glalie\n|-damage|p2a: Glalie|0 fnt\n|faint|p2a: Glalie\n|\n|-heal|p1a: Probopass|54/257 par|[from] item: Leftovers\n|upkeep\n|\n|t:|1781388307\n|switch|p2a: Hitmonlee|Hitmonlee, L85, M|15/223\n|turn|26\n|\n|t:|1781388310\n|move|p2a: Hitmonlee|Knock Off|p1a: Probopass\n|-damage|p1a: Probopass|0 fnt\n|-enditem|p1a: Probopass|Leftovers|[from] move: Knock Off|[of] p2a: Hitmonlee\n|faint|p1a: Probopass\n|\n|upkeep\n|\n|t:|1781388314\n|switch|p1a: Lycanroc|Lycanroc, L86, F|243/269\n|turn|27\n|\n|t:|1781388319\n|switch|p2a: Illumise|Illumise, L91, F|230/266\n|move|p1a: Lycanroc|Stone Edge|p2a: Illumise\n|-supereffective|p2a: Illumise\n|-damage|p2a: Illumise|0 fnt\n|faint|p2a: Illumise\n|-damage|p1a: Lycanroc|217/269|[from] item: Life Orb\n|\n|upkeep\n|\n|t:|1781388328\n|switch|p2a: Hitmonlee|Hitmonlee, L85, M|15/223\n|turn|28\n|\n|t:|1781388332\n|-terastallize|p2a: Hitmonlee|Fighting\n|move|p2a: Hitmonlee|Mach Punch|p1a: Lycanroc\n|-supereffective|p1a: Lycanroc\n|-damage|p1a: Lycanroc|0 fnt\n|faint|p1a: Lycanroc\n|\n|upkeep\n|\n|t:|1781388338\n|switch|p1a: Flapple|Flapple, L88, M|266/266\n|turn|29\n|c|\u2606Vernoss|Ur annoying\n|c|\u2606GreenElegantPig|what\n|inactive|Vernoss has 120 seconds left.\n|inactive|Vernoss has 90 seconds left.\n|c|\u2606GreenElegantPig|dude just play you only have one option\n|inactive|Vernoss has 60 seconds left.\n|c|\u2606Vernoss|Lol\n|inactive|Vernoss has 30 seconds left.\n|inactive|Vernoss has 20 seconds left.\n|inactive|Vernoss has 15 seconds left.\n|c|\u2606Vernoss|I'm thinking\n|inactive|Vernoss has 10 seconds left.\n|inactive|Vernoss has 5 seconds left.\n|\n|t:|1781388488\n|move|p2a: Hitmonlee|Mach Punch|p1a: Flapple\n|-damage|p1a: Flapple|154/266\n|move|p1a: Flapple|Grav Apple|p2a: Hitmonlee|[miss]\n|-miss|p1a: Flapple|p2a: Hitmonlee\n|\n|upkeep\n|turn|30\n|inactive|Vernoss has 15 seconds left this turn.\n|inactive|Vernoss has 10 seconds left.\n|\n|t:|1781388495\n|move|p2a: Hitmonlee|Mach Punch|p1a: Flapple\n|-damage|p1a: Flapple|52/266\n|move|p1a: Flapple|Grav Apple|p2a: Hitmonlee|[miss]\n|-miss|p1a: Flapple|p2a: Hitmonlee\n|\n|upkeep\n|turn|31\n|inactive|Vernoss has 20 seconds left this turn.\n|inactive|Vernoss has 15 seconds left.\n|c|\u2606Vernoss|LMAO\n|c|\u2606GreenElegantPig|ggs\n|c|\u2606Vernoss|LMFAOOOOOO\n|\n|t:|1781388519\n|move|p2a: Hitmonlee|Mach Punch|p1a: Flapple\n|-damage|p1a: Flapple|0 fnt\n|faint|p1a: Flapple\n|\n|win|Vernoss\n|raw|GreenElegantPig's rating: 1464 &rarr; <strong>1445</strong><br />(-19 for losing)\n|raw|Vernoss's rating: 1479 &rarr; <strong>1498</strong><br />(+19 for winning)\n|c|\u2606Vernoss|HAHAHA\n|c|\u2606Vernoss|gg bro\n|c|\u2606GreenElegantPig|whats so funny\n", "inputlog": ">version a8376a258c1d4662feba110a92103f3664a72141\n>start {\"formatid\":\"gen9randombattle\",\"seed\":\"sodium,10aeca6ff2e41b54547c2585272ee751\",\"rated\":\"Rated battle\"}\n>player p1 {\"name\":\"GreenElegantPig\",\"avatar\":\"102\",\"rating\":1464,\"seed\":\"sodium,0ede2feafeb7e8d08b7b14857d29bf62\"}\n>player p2 {\"name\":\"Vernoss\",\"avatar\":\"2\",\"rating\":1479,\"seed\":\"sodium,9863119de384ef89515dbd16673eb20d\"}\n>p1 switch 5\n>p2 move bugbuzz\n>p1 move powergem\n>p2 move thunderwave\n>p1 move powergem\n>p2 switch 5\n>p1 switch 6\n>p2 move knockoff\n>p1 switch 5\n>chat \u2606Vernoss|Lol\n>p1 move hypnosis\n>p2 switch 2\n>p1 move nastyplot\n>p2 move superpower\n>p1 move nastyplot terastallize\n>p2 move superpower\n>p1 move thunderbolt\n>p2 move earthpower\n>p2 switch 2\n>p1 move thunderbolt\n>p2 switch 4\n>p1 move darkpulse\n>p2 move alluringvoice\n>p1 move darkpulse\n>p2 move alluringvoice\n>p2 switch 4\n>p1 move thunderbolt\n>p2 move highjumpkick\n>p1 switch 4\n>p1 move closecombat\n>p2 switch 5\n>p1 switch 6\n>p2 move thunderwave\n>p1 move powergem\n>p2 move roost\n>p1 move powergem\n>p2 move roost\n>p1 move powergem\n>p2 move roost\n>p1 move powergem\n>p2 switch 6\n>p1 switch 2\n>p2 move calmmind\n>p1 move dragondance\n>p2 move psychic\n>p1 move earthquake\n>p2 move alluringvoice\n>p2 switch 5\n>p1 move liquidation\n>p2 move machpunch\n>p1 switch 3\n>p1 move gravapple\n>p2 switch 3\n>p1 switch 2\n>p2 move freezedry\n>p1 move powergem\n>p2 move earthquake\n>p2 switch 3\n>p1 move powergem\n>p2 move knockoff\n>p1 switch 6\n>p1 move stoneedge\n>p2 switch 6\n>p2 switch 6\n>p1 move psychicfangs\n>p2 move machpunch terastallize\n>p1 switch 2\n>chat \u2606Vernoss|Ur annoying \n>chat \u2606GreenElegantPig|what\n>chat \u2606GreenElegantPig|dude just play you only have one option \n>chat \u2606Vernoss|Lol\n>chat \u2606Vernoss|I'm thinking\n>p1 move gravapple\n>p2 move machpunch\n>p1 move gravapple\n>p2 move machpunch\n>chat \u2606Vernoss|LMAO\n>chat \u2606GreenElegantPig|ggs\n>chat \u2606Vernoss|LMFAOOOOOO\n>p1 move gravapple\n>p2 move machpunch", "uploadtime": 1781388534, "views": 18, "formatid": "gen9randombattle", "rating": 1445, "private": 0, "password": null}