{"id": "gen9randombattle-2631815179", "format": "[Gen 9] Random Battle", "players": ["LewisBavin", "ViPa"], "log": "|j|\u2606LewisBavin\n|j|\u2606ViPa\n|t:|1781443627\n|gametype|singles\n|player|p1|LewisBavin|102|2208\n|player|p2|ViPa|guitarist|2219\n|gen|9\n|tier|[Gen 9] Random Battle\n|rated|\n|rule|Species Clause: Limit one of each Pok\u00e9mon\n|rule|HP Percentage Mod: HP is shown in percentages\n|rule|Sleep Clause Mod: Limit one foe put to sleep\n|rule|Illusion Level Mod: Illusion disguises the Pok\u00e9mon's true level\n|\n|t:|1781443627\n|teamsize|p1|6\n|teamsize|p2|6\n|start\n|switch|p1a: Oricorio|Oricorio-Sensu, L85, F|266/266\n|switch|p2a: Gengar|Gengar, L81, F|230/230\n|turn|1\n|inactive|Battle timer is ON: inactive players will automatically lose when time's up. (requested by LewisBavin)\n|\n|t:|1781443644\n|switch|p1a: Mightyena|Mightyena, L96, M|290/290\n|-ability|p1a: Mightyena|Intimidate|boost\n|-unboost|p2a: Gengar|atk|1\n|move|p2a: Gengar|Shadow Ball|p1a: Mightyena\n|-resisted|p1a: Mightyena\n|-damage|p1a: Mightyena|215/290\n|-unboost|p1a: Mightyena|spd|1\n|-damage|p2a: Gengar|207/230|[from] item: Life Orb\n|\n|upkeep\n|turn|2\n|\n|t:|1781443660\n|move|p1a: Mightyena|Sucker Punch|p2a: Gengar\n|-supereffective|p2a: Gengar\n|-damage|p2a: Gengar|0 fnt\n|faint|p2a: Gengar\n|\n|upkeep\n|\n|t:|1781443671\n|switch|p2a: Inteleon|Inteleon, L81, F|246/246\n|turn|3\n|\n|t:|1781443680\n|switch|p1a: Deoxys|Deoxys-Defense, L84|221/221\n|-ability|p1a: Deoxys|Pressure\n|move|p2a: Inteleon|Scald|p1a: Deoxys\n|-damage|p1a: Deoxys|133/221\n|-status|p1a: Deoxys|brn\n|\n|-heal|p1a: Deoxys|146/221 brn|[from] item: Leftovers\n|-damage|p1a: Deoxys|133/221 brn|[from] brn\n|upkeep\n|turn|4\n|\n|t:|1781443698\n|switch|p2a: Veluza|Veluza, L85, F|292/292\n|move|p1a: Deoxys|Recover|p1a: Deoxys\n|-heal|p1a: Deoxys|221/221 brn\n|\n|-damage|p1a: Deoxys|208/221 brn|[from] brn\n|upkeep\n|turn|5\n|\n|t:|1781443705\n|move|p1a: Deoxys|Cosmic Power|p1a: Deoxys\n|-boost|p1a: Deoxys|def|1\n|-boost|p1a: Deoxys|spd|1\n|move|p2a: Veluza|Fillet Away|p2a: Veluza\n|-boost|p2a: Veluza|atk|2\n|-boost|p2a: Veluza|spa|2\n|-boost|p2a: Veluza|spe|2\n|-damage|p2a: Veluza|146/292\n|-enditem|p2a: Veluza|Sitrus Berry|[eat]\n|-heal|p2a: Veluza|219/292|[from] item: Sitrus Berry\n|\n|-heal|p1a: Deoxys|221/221 brn|[from] item: Leftovers\n|-damage|p1a: Deoxys|208/221 brn|[from] brn\n|upkeep\n|turn|6\n|\n|t:|1781443710\n|-terastallize|p1a: Deoxys|Steel\n|move|p2a: Veluza|Night Slash|p1a: Deoxys\n|-damage|p1a: Deoxys|147/221 brn\n|move|p1a: Deoxys|Cosmic Power|p1a: Deoxys\n|-boost|p1a: Deoxys|def|1\n|-boost|p1a: Deoxys|spd|1\n|\n|-heal|p1a: Deoxys|160/221 brn|[from] item: Leftovers\n|-damage|p1a: Deoxys|147/221 brn|[from] brn\n|upkeep\n|turn|7\n|\n|t:|1781443718\n|move|p2a: Veluza|Aqua Cutter|p1a: Deoxys\n|-damage|p1a: Deoxys|74/221 brn\n|move|p1a: Deoxys|Recover|p1a: Deoxys\n|-heal|p1a: Deoxys|185/221 brn\n|\n|-heal|p1a: Deoxys|198/221 brn|[from] item: Leftovers\n|-damage|p1a: Deoxys|185/221 brn|[from] brn\n|upkeep\n|turn|8\n|\n|t:|1781443723\n|move|p2a: Veluza|Aqua Cutter|p1a: Deoxys\n|-damage|p1a: Deoxys|107/221 brn\n|move|p1a: Deoxys|Cosmic Power|p1a: Deoxys\n|-boost|p1a: Deoxys|def|1\n|-boost|p1a: Deoxys|spd|1\n|\n|-heal|p1a: Deoxys|120/221 brn|[from] item: Leftovers\n|-damage|p1a: Deoxys|107/221 brn|[from] brn\n|upkeep\n|turn|9\n|\n|t:|1781443728\n|move|p2a: Veluza|Aqua Cutter|p1a: Deoxys\n|-damage|p1a: Deoxys|41/221 brn\n|move|p1a: Deoxys|Recover|p1a: Deoxys\n|-heal|p1a: Deoxys|152/221 brn\n|\n|-heal|p1a: Deoxys|165/221 brn|[from] item: Leftovers\n|-damage|p1a: Deoxys|152/221 brn|[from] brn\n|upkeep\n|turn|10\n|\n|t:|1781443734\n|move|p2a: Veluza|Aqua Cutter|p1a: Deoxys\n|-damage|p1a: Deoxys|88/221 brn\n|move|p1a: Deoxys|Recover|p1a: Deoxys\n|-heal|p1a: Deoxys|199/221 brn\n|\n|-heal|p1a: Deoxys|212/221 brn|[from] item: Leftovers\n|-damage|p1a: Deoxys|199/221 brn|[from] brn\n|upkeep\n|turn|11\n|\n|t:|1781443739\n|move|p2a: Veluza|Aqua Cutter|p1a: Deoxys\n|-crit|p1a: Deoxys\n|-damage|p1a: Deoxys|0 fnt\n|faint|p1a: Deoxys\n|\n|upkeep\n|\n|t:|1781443742\n|switch|p1a: Mightyena|Mightyena, L96, M|215/290\n|-ability|p1a: Mightyena|Intimidate|boost\n|-unboost|p2a: Veluza|atk|1\n|turn|12\n|\n|t:|1781443753\n|switch|p2a: Bellibolt|Bellibolt, L84, F|320/320\n|move|p1a: Mightyena|Throat Chop|p2a: Bellibolt\n|-damage|p2a: Bellibolt|181/320\n|-start|p2a: Bellibolt|Throat Chop|[silent]\n|-start|p2a: Bellibolt|Charge|Throat Chop|[from] ability: Electromorphosis\n|\n|-heal|p2a: Bellibolt|201/320|[from] item: Leftovers\n|upkeep\n|turn|13\n|\n|t:|1781443760\n|move|p1a: Mightyena|Throat Chop|p2a: Bellibolt\n|-damage|p2a: Bellibolt|56/320\n|-start|p2a: Bellibolt|Charge|Throat Chop|[from] ability: Electromorphosis\n|move|p2a: Bellibolt|Volt Switch|p1a: Mightyena\n|-damage|p1a: Mightyena|47/290\n|-end|p2a: Bellibolt|Charge|[silent]\n|\n|t:|1781443770\n|switch|p2a: Iron Treads|Iron Treads, L77|265/265|[from] Volt Switch\n|\n|upkeep\n|turn|14\n|\n|t:|1781443774\n|move|p2a: Iron Treads|Iron Head|p1a: Mightyena\n|-damage|p1a: Mightyena|0 fnt\n|faint|p1a: Mightyena\n|\n|upkeep\n|\n|t:|1781443776\n|switch|p1a: Wugtrio|Wugtrio, L91, F|212/212\n|turn|15\n|\n|t:|1781443781\n|-end|p2a: Iron Treads|Quark Drive|[silent]\n|switch|p2a: Wyrdeer|Wyrdeer, L87, M|321/321\n|-ability|p2a: Wyrdeer|Intimidate|boost\n|-unboost|p1a: Wugtrio|atk|1\n|move|p1a: Wugtrio|Liquidation|p2a: Wyrdeer\n|-damage|p2a: Wyrdeer|203/321\n|\n|-heal|p2a: Wyrdeer|223/321|[from] item: Leftovers\n|upkeep\n|turn|16\n|\n|t:|1781443789\n|switch|p1a: Toucannon|Toucannon, L88, M|284/284\n|move|p2a: Wyrdeer|Thunder Wave|p1a: Toucannon\n|-status|p1a: Toucannon|par\n|\n|-heal|p2a: Wyrdeer|243/321|[from] item: Leftovers\n|upkeep\n|turn|17\n|\n|t:|1781443796\n|switch|p2a: Iron Treads|Iron Treads, L77|265/265\n|move|p1a: Toucannon|Knock Off|p2a: Iron Treads\n|-damage|p2a: Iron Treads|194/265\n|-enditem|p2a: Iron Treads|Assault Vest|[from] move: Knock Off|[of] p1a: Toucannon\n|\n|upkeep\n|turn|18\n|\n|t:|1781443806\n|-singleturn|p1a: Toucannon|move: Beak Blast\n|move|p2a: Iron Treads|Volt Switch|p1a: Toucannon\n|-supereffective|p1a: Toucannon\n|-damage|p1a: Toucannon|208/284 par\n|\n|t:|1781443811\n|-end|p2a: Iron Treads|Quark Drive|[silent]\n|switch|p2a: Wyrdeer|Wyrdeer, L87, M|243/321|[from] Volt Switch\n|-ability|p2a: Wyrdeer|Intimidate|boost\n|-unboost|p1a: Toucannon|atk|1\n|move|p1a: Toucannon|Beak Blast|p2a: Wyrdeer\n|-damage|p2a: Wyrdeer|134/321\n|\n|-heal|p2a: Wyrdeer|154/321|[from] item: Leftovers\n|upkeep\n|turn|19\n|\n|t:|1781443820\n|move|p2a: Wyrdeer|Psychic Noise|p1a: Toucannon\n|-damage|p1a: Toucannon|112/284 par\n|-start|p1a: Toucannon|move: Heal Block\n|move|p1a: Toucannon|Knock Off|p2a: Wyrdeer\n|-supereffective|p2a: Wyrdeer\n|-damage|p2a: Wyrdeer|22/321\n|-enditem|p2a: Wyrdeer|Leftovers|[from] move: Knock Off|[of] p1a: Toucannon\n|\n|upkeep\n|turn|20\n|\n|t:|1781443828\n|-singleturn|p1a: Toucannon|move: Beak Blast\n|move|p2a: Wyrdeer|Psychic Noise|p1a: Toucannon\n|-damage|p1a: Toucannon|15/284 par\n|move|p1a: Toucannon|Beak Blast|p2a: Wyrdeer\n|-damage|p2a: Wyrdeer|0 fnt\n|faint|p2a: Wyrdeer\n|\n|-end|p1a: Toucannon|move: Heal Block\n|upkeep\n|\n|t:|1781443837\n|switch|p2a: Bellibolt|Bellibolt, L84, F|56/320\n|turn|21\n|\n|t:|1781443842\n|switch|p1a: Beartic|Beartic, L91, F|321/321\n|move|p2a: Bellibolt|Thunderbolt|p1a: Beartic\n|-damage|p1a: Beartic|230/321\n|\n|-heal|p2a: Bellibolt|76/320|[from] item: Leftovers\n|upkeep\n|turn|22\n|\n|t:|1781443855\n|move|p1a: Beartic|Earthquake|p2a: Bellibolt\n|-supereffective|p2a: Bellibolt\n|-damage|p2a: Bellibolt|0 fnt\n|faint|p2a: Bellibolt\n|\n|upkeep\n|\n|t:|1781443871\n|switch|p2a: Inteleon|Inteleon, L81, F|246/246\n|turn|23\n|\n|t:|1781443887\n|-terastallize|p2a: Inteleon|Water\n|move|p2a: Inteleon|Hydro Pump|p1a: Beartic\n|-damage|p1a: Beartic|0 fnt\n|faint|p1a: Beartic\n|\n|upkeep\n|\n|t:|1781443896\n|switch|p1a: Wugtrio|Wugtrio, L91, F|212/212\n|turn|24\n|\n|t:|1781443909\n|switch|p2a: Iron Treads|Iron Treads, L77|194/265\n|move|p1a: Wugtrio|Liquidation|p2a: Iron Treads\n|-supereffective|p2a: Iron Treads\n|-damage|p2a: Iron Treads|0 fnt\n|faint|p2a: Iron Treads\n|-end|p2a: Iron Treads|Quark Drive|[silent]\n|\n|upkeep\n|\n|t:|1781443914\n|switch|p2a: Veluza|Veluza, L85, F|219/292\n|turn|25\n|\n|t:|1781443918\n|move|p1a: Wugtrio|Liquidation|p2a: Veluza\n|-resisted|p2a: Veluza\n|-damage|p2a: Veluza|121/292\n|move|p2a: Veluza|Psycho Cut|p1a: Wugtrio\n|-crit|p1a: Wugtrio\n|-damage|p1a: Wugtrio|0 fnt\n|faint|p1a: Wugtrio\n|\n|upkeep\n|\n|t:|1781443923\n|switch|p1a: Oricorio|Oricorio-Sensu, L85, F|266/266\n|turn|26\n|\n|t:|1781443926\n|move|p1a: Oricorio|Quiver Dance|p1a: Oricorio\n|-boost|p1a: Oricorio|spa|1\n|-boost|p1a: Oricorio|spd|1\n|-boost|p1a: Oricorio|spe|1\n|move|p2a: Veluza|Night Slash|p1a: Oricorio\n|-supereffective|p1a: Oricorio\n|-damage|p1a: Oricorio|70/266\n|\n|upkeep\n|turn|27\n|\n|t:|1781443932\n|move|p1a: Oricorio|Revelation Dance|p2a: Veluza\n|-supereffective|p2a: Veluza\n|-damage|p2a: Veluza|0 fnt\n|faint|p2a: Veluza\n|\n|upkeep\n|\n|t:|1781443934\n|switch|p2a: Inteleon|Inteleon, L81, F, tera:Water|246/246\n|turn|28\n|\n|t:|1781443947\n|move|p1a: Oricorio|Roost|p1a: Oricorio\n|-heal|p1a: Oricorio|203/266\n|-singleturn|p1a: Oricorio|move: Roost\n|move|p2a: Inteleon|Scald|p1a: Oricorio\n|-damage|p1a: Oricorio|53/266\n|\n|upkeep\n|turn|29\n|\n|t:|1781443954\n|move|p1a: Oricorio|Hurricane|p2a: Inteleon\n|-damage|p2a: Inteleon|24/246\n|move|p2a: Inteleon|Scald|p1a: Oricorio\n|-crit|p1a: Oricorio\n|-damage|p1a: Oricorio|0 fnt\n|faint|p1a: Oricorio\n|\n|upkeep\n|-message|LewisBavin forfeited.\n|\n|win|ViPa\n", "inputlog": ">version a8376a258c1d4662feba110a92103f3664a72141\n>start {\"formatid\":\"gen9randombattle\",\"seed\":\"sodium,fff43820bb1f917e91e06ec81d7381cb\",\"rated\":\"Rated battle\"}\n>player p1 {\"name\":\"LewisBavin\",\"avatar\":\"102\",\"rating\":2208,\"seed\":\"sodium,6e175d21b1482a4f344cb20642821efd\"}\n>player p2 {\"name\":\"ViPa\",\"avatar\":\"guitarist\",\"rating\":2219,\"seed\":\"sodium,ba8abeab8026060c8e0aa25f23df7ff3\"}\n>p1 switch 5\n>p2 move shadowball\n>p1 move suckerpunch\n>p2 move sludgewave\n>p2 switch 3\n>p1 switch 3\n>p2 move scald\n>p1 move recover\n>p2 switch 4\n>p1 move cosmicpower\n>p2 move filletaway\n>p1 move cosmicpower terastallize\n>p2 move nightslash\n>p1 move recover\n>p2 move aquacutter\n>p1 move cosmicpower\n>p2 move aquacutter\n>p1 move recover\n>p2 move aquacutter\n>p1 move recover\n>p2 move aquacutter\n>p1 move storedpower\n>p2 move aquacutter\n>p1 switch 3\n>p1 move throatchop\n>p2 switch 6\n>p1 move throatchop\n>p2 move voltswitch\n>p2 switch 2\n>p1 move throatchop\n>p2 move ironhead\n>p1 switch 6\n>p1 move liquidation\n>p2 switch 5\n>p1 switch 2\n>p2 move thunderwave\n>p1 move knockoff\n>p2 switch 5\n>p1 move beakblast\n>p2 move voltswitch\n>p2 switch 5\n>p1 move knockoff\n>p2 move psychicnoise\n>p1 move beakblast\n>p2 move psychicnoise\n>p2 switch 2\n>p1 switch 4\n>p2 move thunderbolt\n>p1 move earthquake\n>p2 move thunderbolt\n>p2 switch 4\n>p1 move closecombat\n>p2 move hydropump terastallize\n>p1 switch 2\n>p1 move liquidation\n>p2 switch 5\n>p2 switch 6\n>p1 move liquidation\n>p2 move psychocut\n>p1 switch 5\n>p1 move quiverdance\n>p2 move nightslash\n>p1 move revelationdance\n>p2 move nightslash\n>p2 switch 5\n>p1 move roost\n>p2 move scald\n>p1 move hurricane\n>p2 move scald\n>forcelose p1", "uploadtime": 1781443629, "views": 5, "formatid": "gen9randombattle", "rating": null, "private": 0, "password": null}