{"id": "gen9randombattle-2631427151", "format": "[Gen 9] Random Battle", "players": ["philschmil", "Undertaker67"], "log": "|j|\u2606philschmil\n|j|\u2606Undertaker67\n|t:|1781383308\n|gametype|singles\n|player|p1|philschmil|alder|2003\n|player|p2|Undertaker67|n|2017\n|gen|9\n|tier|[Gen 9] Random Battle\n|rated|\n|rule|Species Clause: Limit one of each Pok\u00e9mon\n|rule|HP Percentage Mod: HP is shown in percentages\n|rule|Sleep Clause Mod: Limit one foe put to sleep\n|rule|Illusion Level Mod: Illusion disguises the Pok\u00e9mon's true level\n|\n|t:|1781383308\n|teamsize|p1|6\n|teamsize|p2|6\n|start\n|switch|p1a: Ariados|Ariados, L95, M|287/287\n|switch|p2a: Heatran|Heatran, L79, M|273/273\n|-item|p2a: Heatran|Air Balloon\n|turn|1\n|inactive|Battle timer is ON: inactive players will automatically lose when time's up. (requested by philschmil)\n|inactive|Undertaker67 has 120 seconds left.\n|\n|t:|1781383353\n|switch|p2a: Tauros|Tauros-Paldea-Blaze, L81, M|254/254\n|-ability|p2a: Tauros|Intimidate|boost\n|-unboost|p1a: Ariados|atk|1\n|move|p1a: Ariados|Sticky Web|p2a: Tauros\n|-sidestart|p2: Undertaker67|move: Sticky Web\n|\n|upkeep\n|turn|2\n|\n|t:|1781383373\n|move|p2a: Tauros|Flare Blitz|p1a: Ariados\n|-supereffective|p1a: Ariados\n|-enditem|p1a: Ariados|Focus Sash\n|-damage|p1a: Ariados|1/287\n|-damage|p2a: Tauros|160/254|[from] Recoil\n|move|p1a: Ariados|Toxic Spikes|p2a: Tauros\n|-sidestart|p2: Undertaker67|move: Toxic Spikes\n|\n|upkeep\n|turn|3\n|\n|t:|1781383383\n|move|p2a: Tauros|Flare Blitz|p1a: Ariados\n|-supereffective|p1a: Ariados\n|-damage|p1a: Ariados|0 fnt\n|faint|p1a: Ariados\n|-damage|p2a: Tauros|159/254|[from] Recoil\n|\n|upkeep\n|\n|t:|1781383386\n|switch|p1a: Pachirisu|Pachirisu, L96, M|271/271\n|turn|4\n|\n|t:|1781383403\n|switch|p2a: Gogoat|Gogoat, L88, M|360/360\n|-activate|p2a: Gogoat|move: Sticky Web\n|-unboost|p2a: Gogoat|spe|1\n|-status|p2a: Gogoat|psn\n|move|p1a: Pachirisu|Thunderbolt|p2a: Gogoat\n|-resisted|p2a: Gogoat\n|-damage|p2a: Gogoat|323/360 psn\n|\n|-heal|p2a: Gogoat|345/360 psn|[from] item: Leftovers\n|-damage|p2a: Gogoat|300/360 psn|[from] psn\n|upkeep\n|turn|5\n|\n|t:|1781383411\n|move|p1a: Pachirisu|U-turn|p2a: Gogoat\n|-supereffective|p2a: Gogoat\n|-crit|p2a: Gogoat\n|-damage|p2a: Gogoat|152/360 psn\n|\n|t:|1781383415\n|switch|p1a: Beartic|Beartic, L91, F|321/321|[from] U-turn\n|move|p2a: Gogoat|Bulk Up|p2a: Gogoat\n|-boost|p2a: Gogoat|atk|1\n|-boost|p2a: Gogoat|def|1\n|\n|-heal|p2a: Gogoat|174/360 psn|[from] item: Leftovers\n|-damage|p2a: Gogoat|129/360 psn|[from] psn\n|upkeep\n|turn|6\n|\n|t:|1781383424\n|switch|p2a: Toxapex|Toxapex, L82, F|216/216\n|-activate|p2a: Toxapex|move: Sticky Web\n|-unboost|p2a: Toxapex|spe|1\n|-sideend|p2: Undertaker67|move: Toxic Spikes|[of] p2a: Toxapex\n|move|p1a: Beartic|Snowscape|p1a: Beartic\n|-weather|Snowscape\n|\n|-weather|Snowscape|[upkeep]\n|upkeep\n|turn|7\n|\n|t:|1781383440\n|switch|p1a: Bronzong|Bronzong, L88|261/261\n|move|p2a: Toxapex|Toxic|p1a: Bronzong\n|-immune|p1a: Bronzong\n|\n|-weather|Snowscape|[upkeep]\n|upkeep\n|turn|8\n|\n|t:|1781383449\n|switch|p2a: Cacturne|Cacturne, L92, M|278/278\n|-activate|p2a: Cacturne|move: Sticky Web\n|-unboost|p2a: Cacturne|spe|1\n|move|p1a: Bronzong|Iron Defense|p1a: Bronzong\n|-boost|p1a: Bronzong|def|2\n|\n|-weather|Snowscape|[upkeep]\n|upkeep\n|turn|9\n|\n|t:|1781383464\n|-terastallize|p1a: Bronzong|Fighting\n|move|p2a: Cacturne|Sucker Punch||[still]\n|-fail|p2a: Cacturne\n|move|p1a: Bronzong|Iron Defense|p1a: Bronzong\n|-boost|p1a: Bronzong|def|2\n|\n|-weather|Snowscape|[upkeep]\n|upkeep\n|turn|10\n|\n|t:|1781383471\n|move|p1a: Bronzong|Body Press|p2a: Cacturne\n|-supereffective|p2a: Cacturne\n|-damage|p2a: Cacturne|0 fnt\n|faint|p2a: Cacturne\n|\n|-weather|none\n|upkeep\n|\n|t:|1781383477\n|switch|p2a: Toxapex|Toxapex, L82, F|216/216\n|-activate|p2a: Toxapex|move: Sticky Web\n|-unboost|p2a: Toxapex|spe|1\n|turn|11\n|\n|t:|1781383480\n|move|p1a: Bronzong|Body Press|p2a: Toxapex\n|-resisted|p2a: Toxapex\n|-damage|p2a: Toxapex|114/216\n|move|p2a: Toxapex|Haze|p2a: Toxapex\n|-clearallboost\n|\n|-heal|p2a: Toxapex|127/216|[from] item: Leftovers\n|upkeep\n|turn|12\n|\n|t:|1781383507\n|switch|p1a: Wigglytuff|Wigglytuff, L96, M|424/424\n|move|p2a: Toxapex|Liquidation|p1a: Wigglytuff\n|-damage|p1a: Wigglytuff|343/424\n|\n|-heal|p1a: Wigglytuff|369/424|[from] item: Leftovers\n|-heal|p2a: Toxapex|140/216|[from] item: Leftovers\n|upkeep\n|turn|13\n|\n|t:|1781383511\n|move|p1a: Wigglytuff|Thunder Wave|p2a: Toxapex\n|-status|p2a: Toxapex|par\n|cant|p2a: Toxapex|par\n|\n|-heal|p1a: Wigglytuff|395/424|[from] item: Leftovers\n|-heal|p2a: Toxapex|153/216 par|[from] item: Leftovers\n|upkeep\n|turn|14\n|\n|t:|1781383523\n|switch|p1a: Pachirisu|Pachirisu, L96, M|271/271\n|move|p2a: Toxapex|Toxic|p1a: Pachirisu\n|-status|p1a: Pachirisu|tox\n|\n|-heal|p2a: Toxapex|166/216 par|[from] item: Leftovers\n|-damage|p1a: Pachirisu|255/271 tox|[from] psn\n|upkeep\n|turn|15\n|\n|t:|1781383528\n|switch|p2a: Gogoat|Gogoat, L88, M|129/360 psn\n|-activate|p2a: Gogoat|move: Sticky Web\n|-unboost|p2a: Gogoat|spe|1\n|move|p1a: Pachirisu|Super Fang|p2a: Gogoat\n|-damage|p2a: Gogoat|65/360 psn\n|\n|-heal|p2a: Gogoat|87/360 psn|[from] item: Leftovers\n|-damage|p1a: Pachirisu|223/271 tox|[from] psn\n|-damage|p2a: Gogoat|42/360 psn|[from] psn\n|upkeep\n|turn|16\n|\n|t:|1781383540\n|move|p1a: Pachirisu|U-turn|p2a: Gogoat\n|-supereffective|p2a: Gogoat\n|-damage|p2a: Gogoat|0 fnt\n|faint|p2a: Gogoat\n|\n|t:|1781383543\n|switch|p1a: Bronzong|Bronzong, L88, tera:Fighting|261/261|[from] U-turn\n|\n|upkeep\n|\n|t:|1781383567\n|switch|p2a: Wugtrio|Wugtrio, L91, M|212/212\n|-activate|p2a: Wugtrio|move: Sticky Web\n|-unboost|p2a: Wugtrio|spe|1\n|turn|17\n|\n|t:|1781383582\n|move|p2a: Wugtrio|Liquidation|p1a: Bronzong\n|-damage|p1a: Bronzong|137/261\n|move|p1a: Bronzong|Iron Defense|p1a: Bronzong\n|-boost|p1a: Bronzong|def|2\n|\n|upkeep\n|turn|18\n|\n|t:|1781383591\n|switch|p2a: Toxapex|Toxapex, L82, F|216/216 par\n|-activate|p2a: Toxapex|move: Sticky Web\n|-unboost|p2a: Toxapex|spe|1\n|move|p1a: Bronzong|Rest|p1a: Bronzong\n|-status|p1a: Bronzong|slp|[from] move: Rest\n|-heal|p1a: Bronzong|261/261 slp|[silent]\n|-enditem|p1a: Bronzong|Chesto Berry|[eat]\n|-curestatus|p1a: Bronzong|slp|[msg]\n|\n|upkeep\n|turn|19\n|\n|t:|1781383597\n|move|p1a: Bronzong|Body Press|p2a: Toxapex\n|-resisted|p2a: Toxapex\n|-damage|p2a: Toxapex|149/216 par\n|move|p2a: Toxapex|Haze|p2a: Toxapex\n|-clearallboost\n|\n|-heal|p2a: Toxapex|162/216 par|[from] item: Leftovers\n|upkeep\n|turn|20\n|\n|t:|1781383602\n|move|p1a: Bronzong|Iron Defense|p1a: Bronzong\n|-boost|p1a: Bronzong|def|2\n|move|p2a: Toxapex|Toxic|p1a: Bronzong\n|-status|p1a: Bronzong|tox\n|\n|-heal|p2a: Toxapex|175/216 par|[from] item: Leftovers\n|-damage|p1a: Bronzong|245/261 tox|[from] psn\n|upkeep\n|turn|21\n|\n|t:|1781383605\n|move|p1a: Bronzong|Iron Defense|p1a: Bronzong\n|-boost|p1a: Bronzong|def|2\n|cant|p2a: Toxapex|par\n|\n|-heal|p2a: Toxapex|188/216 par|[from] item: Leftovers\n|-damage|p1a: Bronzong|213/261 tox|[from] psn\n|upkeep\n|turn|22\n|\n|t:|1781383608\n|move|p1a: Bronzong|Body Press|p2a: Toxapex\n|-resisted|p2a: Toxapex\n|-damage|p2a: Toxapex|91/216 par\n|cant|p2a: Toxapex|par\n|\n|-heal|p2a: Toxapex|104/216 par|[from] item: Leftovers\n|-damage|p1a: Bronzong|165/261 tox|[from] psn\n|upkeep\n|turn|23\n|\n|t:|1781383613\n|move|p1a: Bronzong|Body Press|p2a: Toxapex\n|-resisted|p2a: Toxapex\n|-damage|p2a: Toxapex|5/216 par\n|cant|p2a: Toxapex|par\n|\n|-heal|p2a: Toxapex|18/216 par|[from] item: Leftovers\n|-damage|p1a: Bronzong|101/261 tox|[from] psn\n|upkeep\n|turn|24\n|\n|t:|1781383618\n|move|p1a: Bronzong|Body Press|p2a: Toxapex\n|-resisted|p2a: Toxapex\n|-damage|p2a: Toxapex|0 fnt\n|faint|p2a: Toxapex\n|\n|-damage|p1a: Bronzong|21/261 tox|[from] psn\n|upkeep\n|\n|t:|1781383623\n|switch|p2a: Wugtrio|Wugtrio, L91, M|212/212\n|-activate|p2a: Wugtrio|move: Sticky Web\n|-unboost|p2a: Wugtrio|spe|1\n|turn|25\n|\n|t:|1781383624\n|move|p2a: Wugtrio|Liquidation|p1a: Bronzong\n|-damage|p1a: Bronzong|0 fnt\n|faint|p1a: Bronzong\n|\n|upkeep\n|\n|t:|1781383627\n|switch|p1a: Pachirisu|Pachirisu, L96, M|223/271 tox\n|turn|26\n|\n|t:|1781383635\n|-terastallize|p2a: Wugtrio|Ground\n|move|p1a: Pachirisu|Thunderbolt|p2a: Wugtrio\n|-immune|p2a: Wugtrio\n|move|p2a: Wugtrio|Liquidation|p1a: Pachirisu\n|-damage|p1a: Pachirisu|66/271 tox\n|\n|-damage|p1a: Pachirisu|50/271 tox|[from] psn\n|upkeep\n|turn|27\n|\n|t:|1781383639\n|move|p1a: Pachirisu|Super Fang|p2a: Wugtrio\n|-damage|p2a: Wugtrio|106/212\n|-ability|p2a: Wugtrio|Gooey\n|-unboost|p1a: Pachirisu|spe|1\n|move|p2a: Wugtrio|Liquidation|p1a: Pachirisu\n|-damage|p1a: Pachirisu|0 fnt\n|faint|p1a: Pachirisu\n|\n|upkeep\n|\n|t:|1781383642\n|switch|p1a: Beartic|Beartic, L91, F|321/321\n|turn|28\n|\n|t:|1781383647\n|move|p2a: Wugtrio|Liquidation|p1a: Beartic\n|-damage|p1a: Beartic|164/321\n|move|p1a: Beartic|Snowscape|p1a: Beartic\n|-weather|Snowscape\n|\n|-weather|Snowscape|[upkeep]\n|upkeep\n|turn|29\n|\n|t:|1781383652\n|move|p1a: Beartic|Icicle Crash|p2a: Wugtrio\n|-supereffective|p2a: Wugtrio\n|-damage|p2a: Wugtrio|0 fnt\n|faint|p2a: Wugtrio\n|\n|-weather|Snowscape|[upkeep]\n|upkeep\n|\n|t:|1781383655\n|switch|p2a: Tauros|Tauros-Paldea-Blaze, L81, M|159/254\n|-activate|p2a: Tauros|move: Sticky Web\n|-unboost|p2a: Tauros|spe|1\n|-ability|p2a: Tauros|Intimidate|boost\n|-unboost|p1a: Beartic|atk|1\n|turn|30\n|\n|t:|1781383660\n|move|p1a: Beartic|Close Combat|p2a: Tauros\n|-damage|p2a: Tauros|79/254\n|-unboost|p1a: Beartic|def|1\n|-unboost|p1a: Beartic|spd|1\n|move|p2a: Tauros|Flare Blitz|p1a: Beartic\n|-supereffective|p1a: Beartic\n|-damage|p1a: Beartic|0 fnt\n|faint|p1a: Beartic\n|-damage|p2a: Tauros|25/254|[from] Recoil\n|\n|-weather|Snowscape|[upkeep]\n|upkeep\n|\n|t:|1781383665\n|switch|p1a: Wigglytuff|Wigglytuff, L96, M|395/424\n|turn|31\n|\n|t:|1781383669\n|move|p1a: Wigglytuff|Dazzling Gleam|p2a: Tauros\n|-damage|p2a: Tauros|0 fnt\n|faint|p2a: Tauros\n|\n|-weather|Snowscape|[upkeep]\n|-heal|p1a: Wigglytuff|421/424|[from] item: Leftovers\n|upkeep\n|\n|t:|1781383670\n|switch|p2a: Heatran|Heatran, L79, M|273/273\n|-item|p2a: Heatran|Air Balloon\n|turn|32\n|\n|t:|1781383676\n|move|p2a: Heatran|Heavy Slam|p1a: Wigglytuff\n|-supereffective|p1a: Wigglytuff\n|-damage|p1a: Wigglytuff|139/424\n|move|p1a: Wigglytuff|Thunder Wave|p2a: Heatran\n|-status|p2a: Heatran|par\n|\n|-weather|none\n|-heal|p1a: Wigglytuff|165/424|[from] item: Leftovers\n|upkeep\n|turn|33\n|\n|t:|1781383682\n|move|p1a: Wigglytuff|Wish|p1a: Wigglytuff\n|move|p2a: Heatran|Heavy Slam|p1a: Wigglytuff\n|-supereffective|p1a: Wigglytuff\n|-damage|p1a: Wigglytuff|0 fnt\n|faint|p1a: Wigglytuff\n|\n|upkeep\n|\n|t:|1781383685\n|switch|p1a: Arceus|Arceus-Ghost, L69|280/280\n|turn|34\n|\n|t:|1781383694\n|move|p1a: Arceus|Judgment|p2a: Heatran\n|-damage|p2a: Heatran|183/273 par\n|-enditem|p2a: Heatran|Air Balloon\n|move|p2a: Heatran|Magma Storm|p1a: Arceus|[miss]\n|-miss|p2a: Heatran|p1a: Arceus\n|\n|upkeep\n|turn|35\n|\n|t:|1781383700\n|move|p1a: Arceus|Judgment|p2a: Heatran\n|-damage|p2a: Heatran|93/273 par\n|move|p2a: Heatran|Magma Storm|p1a: Arceus\n|-damage|p1a: Arceus|163/280\n|-activate|p1a: Arceus|move: Magma Storm|[of] p2a: Heatran\n|\n|-damage|p1a: Arceus|128/280|[from] move: Magma Storm|[partiallytrapped]\n|upkeep\n|turn|36\n|\n|t:|1781383708\n|move|p1a: Arceus|Judgment|p2a: Heatran\n|-damage|p2a: Heatran|3/273 par\n|move|p2a: Heatran|Magma Storm|p1a: Arceus\n|-damage|p1a: Arceus|20/280\n|\n|-damage|p1a: Arceus|0 fnt|[from] move: Magma Storm|[partiallytrapped]\n|faint|p1a: Arceus\n|\n|win|Undertaker67\n", "inputlog": ">version a8376a258c1d4662feba110a92103f3664a72141\n>start {\"formatid\":\"gen9randombattle\",\"seed\":\"sodium,6be2a7ba19b11f0219eb880177ddc511\",\"rated\":\"Rated battle\"}\n>player p1 {\"name\":\"philschmil\",\"avatar\":\"alder\",\"rating\":2003,\"seed\":\"sodium,3605520edcb7166b98f4c00109656f83\"}\n>player p2 {\"name\":\"Undertaker67\",\"avatar\":\"n\",\"rating\":2017,\"seed\":\"sodium,b0920833954b0216385d0ac4b20337d7\"}\n>p1 move stickyweb\n>p2 switch 2\n>p1 move toxicspikes\n>p2 move flareblitz\n>p1 move toxicspikes\n>p2 move flareblitz\n>p1 switch 3\n>p1 move thunderbolt\n>p2 switch 5\n>p1 move uturn\n>p2 move bulkup\n>p1 switch 2\n>p1 move snowscape\n>p2 switch 3\n>p1 switch 5\n>p2 move toxic\n>p1 move irondefense\n>p2 switch 4\n>p1 move irondefense terastallize\n>p2 move suckerpunch\n>p1 move bodypress\n>p2 move leafstorm\n>p2 switch 4\n>p1 move bodypress\n>p2 move haze\n>p1 switch 6\n>p2 move liquidation\n>p1 move thunderwave\n>p2 move toxic\n>p1 switch 2\n>p2 move toxic\n>p1 move superfang\n>p2 switch 3\n>p1 move uturn\n>p2 move earthquake\n>p1 switch 6\n>p2 switch 6\n>p1 move irondefense\n>p2 move liquidation\n>p1 move rest\n>p2 switch 3\n>p1 move bodypress\n>p2 move haze\n>p1 move irondefense\n>p2 move toxic\n>p1 move irondefense\n>p2 move haze\n>p1 move bodypress\n>p2 move haze\n>p1 move bodypress\n>p2 move haze\n>p1 move bodypress\n>p2 move haze\n>p2 switch 3\n>p1 move rest\n>p2 move liquidation\n>p1 switch 6\n>p1 move thunderbolt\n>p2 move liquidation terastallize\n>p1 move superfang\n>p2 move liquidation\n>p1 switch 5\n>p1 move snowscape\n>p2 move liquidation\n>p1 move iciclecrash\n>p2 move liquidation\n>p2 switch 5\n>p1 move closecombat\n>p2 move flareblitz\n>p1 switch 2\n>p1 move dazzlinggleam\n>p2 move flareblitz\n>p2 switch 2\n>p1 move thunderwave\n>p2 move heavyslam\n>p1 move wish\n>p2 move heavyslam\n>p1 switch 4\n>p1 move judgment\n>p2 move magmastorm\n>p1 move judgment\n>p2 move magmastorm\n>p1 move judgment\n>p2 move magmastorm", "uploadtime": 1781383310, "views": 10, "formatid": "gen9randombattle", "rating": null, "private": 0, "password": null}