{"id": "gen9randombattle-2631827257", "format": "[Gen 9] Random Battle", "players": ["ColdWaterSteam", "MiracleEggy"], "log": "|j|\u2606ColdWaterSteam\n|j|\u203dMiracleEggy\n|t:|1781445192\n|gametype|singles\n|player|p1|ColdWaterSteam|2|2118\n|player|p2|MiracleEggy|soliera|2059\n|gen|9\n|tier|[Gen 9] Random Battle\n|rated|\n|rule|Species Clause: Limit one of each Pok\u00e9mon\n|rule|HP Percentage Mod: HP is shown in percentages\n|rule|Sleep Clause Mod: Limit one foe put to sleep\n|rule|Illusion Level Mod: Illusion disguises the Pok\u00e9mon's true level\n|\n|t:|1781445192\n|teamsize|p1|6\n|teamsize|p2|6\n|start\n|switch|p1a: Malamar|Malamar, L82, M|275/275\n|switch|p2a: Braviary|Braviary, L85, M|309/309\n|turn|1\n|inactive|Battle timer is ON: inactive players will automatically lose when time's up. (requested by MiracleEggy)\n|inactive|ColdWaterSteam also wants the timer to be on.\n|\n|t:|1781445208\n|switch|p2a: Hydrapple|Hydrapple, L83, F|312/312\n|move|p1a: Malamar|Superpower|p2a: Hydrapple\n|-damage|p2a: Hydrapple|248/312\n|-boost|p1a: Malamar|atk|1\n|-boost|p1a: Malamar|def|1\n|\n|upkeep\n|turn|2\n|\n|t:|1781445222\n|move|p1a: Malamar|Knock Off|p2a: Hydrapple\n|-damage|p2a: Hydrapple|131/312\n|-enditem|p2a: Hydrapple|Choice Specs|[from] move: Knock Off|[of] p1a: Malamar\n|move|p2a: Hydrapple|Draco Meteor|p1a: Malamar\n|-damage|p1a: Malamar|74/275\n|-unboost|p2a: Hydrapple|spa|2\n|\n|-heal|p1a: Malamar|91/275|[from] item: Leftovers\n|upkeep\n|turn|3\n|\n|t:|1781445237\n|switch|p2a: Volbeat|Volbeat, L90, M|263/263\n|move|p1a: Malamar|Rest|p1a: Malamar\n|-status|p1a: Malamar|slp|[from] move: Rest\n|-heal|p1a: Malamar|275/275 slp|[silent]\n|\n|upkeep\n|turn|4\n|\n|t:|1781445269\n|switch|p1a: Kleavor|Kleavor, L78, M|237/237\n|move|p2a: Volbeat|Lunge|p1a: Kleavor\n|-damage|p1a: Kleavor|152/237\n|-unboost|p1a: Kleavor|atk|1\n|\n|upkeep\n|turn|5\n|\n|t:|1781445280\n|move|p2a: Volbeat|Lunge|p1a: Kleavor\n|-damage|p1a: Kleavor|68/237\n|-unboost|p1a: Kleavor|atk|1\n|move|p1a: Kleavor|Stone Axe|p2a: Volbeat\n|-supereffective|p2a: Volbeat\n|-damage|p2a: Volbeat|135/263\n|-sidestart|p2: MiracleEggy|move: Stealth Rock\n|\n|upkeep\n|turn|6\n|inactive|ColdWaterSteam has 120 seconds left.\n|\n|t:|1781445328\n|move|p2a: Volbeat|Lunge|p1a: Kleavor\n|-damage|p1a: Kleavor|0 fnt\n|faint|p1a: Kleavor\n|\n|upkeep\n|\n|t:|1781445330\n|switch|p1a: Kingdra|Kingdra, L84, F|263/263\n|turn|7\n|inactive|MiracleEggy has 120 seconds left.\n|inactive|MiracleEggy has 90 seconds left.\n|inactive|MiracleEggy has 60 seconds left.\n|\n|t:|1781445424\n|move|p2a: Volbeat|Thunder Wave|p1a: Kingdra\n|-status|p1a: Kingdra|par\n|cant|p1a: Kingdra|par\n|\n|upkeep\n|turn|8\n|\n|t:|1781445431\n|move|p2a: Volbeat|Lunge|p1a: Kingdra\n|-damage|p1a: Kingdra|194/263 par\n|-unboost|p1a: Kingdra|atk|1\n|move|p1a: Kingdra|Rain Dance|p1a: Kingdra\n|-weather|RainDance\n|\n|-weather|RainDance|[upkeep]\n|upkeep\n|turn|9\n|inactive|ColdWaterSteam has 120 seconds left.\n|\n|t:|1781445438\n|switch|p1a: Heatran|Heatran, L79, M|273/273\n|-item|p1a: Heatran|Air Balloon\n|move|p2a: Volbeat|Lunge|p1a: Heatran\n|-resisted|p1a: Heatran\n|-damage|p1a: Heatran|254/273\n|-unboost|p1a: Heatran|atk|1\n|-enditem|p1a: Heatran|Air Balloon\n|\n|-weather|RainDance|[upkeep]\n|upkeep\n|turn|10\n|\n|t:|1781445460\n|switch|p2a: Braviary|Braviary, L85, M|309/309\n|move|p1a: Heatran|Heavy Slam|p2a: Braviary\n|-damage|p2a: Braviary|233/309\n|\n|-weather|RainDance|[upkeep]\n|upkeep\n|turn|11\n|\n|t:|1781445470\n|switch|p1a: Klawf|Klawf, L90, M|272/272\n|move|p2a: Braviary|Bulk Up|p2a: Braviary\n|-boost|p2a: Braviary|atk|1\n|-boost|p2a: Braviary|def|1\n|\n|-weather|RainDance|[upkeep]\n|upkeep\n|turn|12\n|inactive|MiracleEggy has 60 seconds left.\n|\n|t:|1781445512\n|switch|p2a: Groudon|Groudon, L72|263/263\n|-damage|p2a: Groudon|247/263|[from] Stealth Rock\n|-weather|SunnyDay|[from] ability: Drought|[of] p2a: Groudon\n|move|p1a: Klawf|Swords Dance|p1a: Klawf\n|-boost|p1a: Klawf|atk|2\n|\n|-weather|SunnyDay|[upkeep]\n|-heal|p2a: Groudon|263/263|[from] item: Leftovers\n|upkeep\n|turn|13\n|\n|t:|1781445525\n|move|p1a: Klawf|Knock Off|p2a: Groudon\n|-damage|p2a: Groudon|130/263\n|-enditem|p2a: Groudon|Leftovers|[from] move: Knock Off|[of] p1a: Klawf\n|move|p2a: Groudon|Precipice Blades|p1a: Klawf\n|-supereffective|p1a: Klawf\n|-damage|p1a: Klawf|68/272\n|-ability|p1a: Klawf|Anger Shell|boost\n|-boost|p1a: Klawf|atk|1\n|-boost|p1a: Klawf|spa|1\n|-boost|p1a: Klawf|spe|1\n|-unboost|p1a: Klawf|def|1\n|-unboost|p1a: Klawf|spd|1\n|\n|-weather|SunnyDay|[upkeep]\n|upkeep\n|turn|14\n|inactive|MiracleEggy has 60 seconds left.\n|\n|t:|1781445538\n|move|p1a: Klawf|Crabhammer|p2a: Groudon|[miss]\n|-miss|p1a: Klawf|p2a: Groudon\n|move|p2a: Groudon|Precipice Blades|p1a: Klawf\n|-supereffective|p1a: Klawf\n|-damage|p1a: Klawf|0 fnt\n|faint|p1a: Klawf\n|\n|-weather|SunnyDay|[upkeep]\n|upkeep\n|\n|t:|1781445546\n|switch|p1a: Malamar|Malamar, L82, M|275/275 slp\n|turn|15\n|\n|t:|1781445550\n|move|p2a: Groudon|Swords Dance|p2a: Groudon\n|-boost|p2a: Groudon|atk|2\n|cant|p1a: Malamar|slp\n|move|p1a: Malamar|Sleep Talk|p1a: Malamar\n|move|p1a: Malamar|Knock Off|p2a: Groudon|[from] move: Sleep Talk\n|-damage|p2a: Groudon|79/263\n|\n|-weather|SunnyDay|[upkeep]\n|upkeep\n|turn|16\n|\n|t:|1781445560\n|move|p2a: Groudon|Heat Crash|p1a: Malamar\n|-damage|p1a: Malamar|2/275 slp\n|cant|p1a: Malamar|slp\n|move|p1a: Malamar|Sleep Talk|p1a: Malamar\n|move|p1a: Malamar|Knock Off|p2a: Groudon|[from] move: Sleep Talk\n|-damage|p2a: Groudon|28/263\n|\n|-weather|none\n|-heal|p1a: Malamar|19/275 slp|[from] item: Leftovers\n|upkeep\n|turn|17\n|inactive|MiracleEggy has 90 seconds left.\n|\n|t:|1781445566\n|move|p2a: Groudon|Heat Crash|p1a: Malamar\n|-damage|p1a: Malamar|0 fnt\n|faint|p1a: Malamar\n|\n|upkeep\n|\n|t:|1781445585\n|switch|p1a: Sneasler|Sneasler, L74, F|240/240\n|turn|18\n|\n|t:|1781445594\n|move|p1a: Sneasler|Acrobatics|p2a: Groudon\n|-damage|p2a: Groudon|0 fnt\n|faint|p2a: Groudon\n|\n|upkeep\n|\n|t:|1781445605\n|switch|p2a: Braviary|Braviary, L85, M|233/309\n|turn|19\n|\n|t:|1781445611\n|-terastallize|p1a: Sneasler|Flying\n|move|p1a: Sneasler|Swords Dance|p1a: Sneasler\n|-boost|p1a: Sneasler|atk|2\n|move|p2a: Braviary|Brave Bird|p1a: Sneasler\n|-damage|p1a: Sneasler|0 fnt\n|faint|p1a: Sneasler\n|-damage|p2a: Braviary|154/309|[from] Recoil\n|\n|upkeep\n|-message|ColdWaterSteam forfeited.\n|\n|win|MiracleEggy\n", "inputlog": ">version a8376a258c1d4662feba110a92103f3664a72141\n>start {\"formatid\":\"gen9randombattle\",\"seed\":\"sodium,a8efdcdd4e43ccda74896096b8e50492\",\"rated\":\"Rated battle\"}\n>player p1 {\"name\":\"ColdWaterSteam\",\"avatar\":\"2\",\"rating\":2118,\"seed\":\"sodium,289bf36ade96e53ac2d8efea096f1801\"}\n>player p2 {\"name\":\"MiracleEggy\",\"avatar\":\"soliera\",\"rating\":2059,\"seed\":\"sodium,81d8a8b3cea6904610a073f9fd105055\"}\n>p1 move superpower\n>p2 switch 3\n>p1 move knockoff\n>p2 move dracometeor\n>p1 move rest\n>p2 switch 5\n>p1 switch 6\n>p2 move lunge\n>p1 move stoneaxe\n>p2 move lunge\n>p1 move stoneaxe\n>p2 move lunge\n>p1 switch 5\n>p1 move hurricane\n>p2 move thunderwave\n>p1 move raindance\n>p2 move lunge\n>p1 switch 2\n>p2 move lunge\n>p1 move heavyslam\n>p2 switch 3\n>p1 switch 4\n>p2 move bulkup\n>p1 move swordsdance\n>p2 switch 2\n>p1 move knockoff\n>p2 move precipiceblades\n>p1 move crabhammer\n>p2 move precipiceblades\n>p1 switch 6\n>p1 move sleeptalk\n>p2 move swordsdance\n>p1 move sleeptalk\n>p2 move heatcrash\n>p1 move sleeptalk\n>p2 move heatcrash\n>p1 switch 3\n>p1 move acrobatics\n>p2 move heatcrash\n>p2 switch 2\n>p1 move swordsdance terastallize\n>p2 move bravebird\n>forcelose p1", "uploadtime": 1781445194, "views": 4, "formatid": "gen9randombattle", "rating": null, "private": 0, "password": null}