{"id": "gen9randombattle-2631769344", "format": "[Gen 9] Random Battle", "players": ["talonflamecom", "jenx1"], "log": "|j|\u2606talonflamecom\n|j|\u2606jenx1\n|t:|1781436791\n|gametype|singles\n|player|p1|talonflamecom|red-gen2|1977\n|player|p2|jenx1|265|1985\n|gen|9\n|tier|[Gen 9] Random Battle\n|rated|\n|rule|Species Clause: Limit one of each Pok\u00e9mon\n|rule|HP Percentage Mod: HP is shown in percentages\n|rule|Sleep Clause Mod: Limit one foe put to sleep\n|rule|Illusion Level Mod: Illusion disguises the Pok\u00e9mon's true level\n|\n|t:|1781436791\n|teamsize|p1|6\n|teamsize|p2|6\n|start\n|switch|p1a: Keldeo|Keldeo-Resolute, L79|273/273\n|switch|p2a: Palkia|Palkia-Origin, L72|249/249\n|-ability|p2a: Palkia|Pressure\n|turn|1\n|inactive|Battle timer is ON: inactive players will automatically lose when time's up. (requested by talonflamecom)\n|j| afdasfafafdsaf\n|\n|t:|1781436821\n|switch|p2a: Toxapex|Toxapex, L82, M|216/216\n|move|p1a: Keldeo|Calm Mind|p1a: Keldeo\n|-boost|p1a: Keldeo|spa|1\n|-boost|p1a: Keldeo|spd|1\n|\n|upkeep\n|turn|2\n|inactive|talonflamecom has 120 seconds left.\n|\n|t:|1781436854\n|switch|p1a: Dusknoir|Dusknoir, L89, F|225/225\n|-item|p2a: Toxapex|Leftovers|[from] ability: Frisk|[of] p1a: Dusknoir\n|move|p2a: Toxapex|Toxic|p1a: Dusknoir\n|-status|p1a: Dusknoir|tox\n|\n|-damage|p1a: Dusknoir|211/225 tox|[from] psn\n|upkeep\n|turn|3\n|\n|t:|1781436863\n|move|p1a: Dusknoir|Poltergeist|p2a: Toxapex\n|-activate|p2a: Toxapex|move: Poltergeist|Leftovers\n|-damage|p2a: Toxapex|123/216\n|move|p2a: Toxapex|Liquidation|p1a: Dusknoir\n|-damage|p1a: Dusknoir|171/225 tox\n|\n|-heal|p1a: Dusknoir|185/225 tox|[from] item: Leftovers\n|-heal|p2a: Toxapex|136/216|[from] item: Leftovers\n|-damage|p1a: Dusknoir|157/225 tox|[from] psn\n|upkeep\n|turn|4\n|\n|t:|1781436869\n|move|p1a: Dusknoir|Poltergeist|p2a: Toxapex\n|-activate|p2a: Toxapex|move: Poltergeist|Leftovers\n|-damage|p2a: Toxapex|45/216\n|move|p2a: Toxapex|Recover|p2a: Toxapex\n|-heal|p2a: Toxapex|153/216\n|\n|-heal|p1a: Dusknoir|171/225 tox|[from] item: Leftovers\n|-heal|p2a: Toxapex|166/216|[from] item: Leftovers\n|-damage|p1a: Dusknoir|129/225 tox|[from] psn\n|upkeep\n|turn|5\n|\n|t:|1781436882\n|switch|p1a: Wo-Chien|Wo-Chien, L83|277/277\n|-ability|p1a: Wo-Chien|Tablets of Ruin\n|move|p2a: Toxapex|Toxic|p1a: Wo-Chien\n|-status|p1a: Wo-Chien|tox\n|\n|-heal|p2a: Toxapex|179/216|[from] item: Leftovers\n|-damage|p1a: Wo-Chien|260/277 tox|[from] psn\n|upkeep\n|turn|6\n|l|\u2606talonflamecom\n|inactive|talonflamecom disconnected and has a minute to reconnect!\n|player|p1|\n|\n|t:|1781436891\n|switch|p2a: Weezing|Weezing, L88, F|258/258\n|move|p1a: Wo-Chien|Leech Seed|p2a: Weezing\n|-start|p2a: Weezing|move: Leech Seed\n|\n|-heal|p1a: Wo-Chien|277/277 tox|[from] item: Leftovers\n|-damage|p2a: Weezing|226/258|[from] Leech Seed|[of] p1a: Wo-Chien\n|-damage|p1a: Wo-Chien|243/277 tox|[from] psn\n|upkeep\n|turn|7\n|inactive|talonflamecom has 30 seconds to reconnect!\n|inactive|talonflamecom has 20 seconds to reconnect!\n|inactive|talonflamecom has 15 seconds to reconnect!\n|inactive|talonflamecom has 10 seconds to reconnect!\n|inactive|talonflamecom has 5 seconds to reconnect!\n|-message|talonflamecom lost due to inactivity.\n|\n|win|jenx1\n", "uploadtime": 1781436793, "views": 3, "formatid": "gen9randombattle", "rating": null, "private": 0, "password": null}