{"id": "gen9randombattle-2631975990", "format": "[Gen 9] Random Battle", "players": ["denttyyy", "JhuniorCq"], "log": "|j|\u2606denttyyy\n|j|\u2606JhuniorCq\n|t:|1781461844\n|gametype|singles\n|player|p1|denttyyy|101|2009\n|player|p2|JhuniorCq|169|2015\n|gen|9\n|tier|[Gen 9] Random Battle\n|rated|\n|rule|Species Clause: Limit one of each Pok\u00e9mon\n|rule|HP Percentage Mod: HP is shown in percentages\n|rule|Sleep Clause Mod: Limit one foe put to sleep\n|rule|Illusion Level Mod: Illusion disguises the Pok\u00e9mon's true level\n|\n|t:|1781461844\n|teamsize|p1|6\n|teamsize|p2|6\n|start\n|switch|p1a: Frosmoth|Frosmoth, L82, M|249/249\n|switch|p2a: Umbreon|Umbreon, L84, F|297/297\n|turn|1\n|inactive|Battle timer is ON: inactive players will automatically lose when time's up. (requested by denttyyy)\n|\n|t:|1781461880\n|move|p2a: Umbreon|Toxic|p1a: Frosmoth\n|-status|p1a: Frosmoth|tox\n|move|p1a: Frosmoth|Bug Buzz|p2a: Umbreon\n|-supereffective|p2a: Umbreon\n|-damage|p2a: Umbreon|145/297\n|\n|-heal|p2a: Umbreon|163/297|[from] item: Leftovers\n|-damage|p1a: Frosmoth|234/249 tox|[from] psn\n|upkeep\n|turn|2\n|\n|t:|1781461885\n|move|p2a: Umbreon|Protect|p2a: Umbreon\n|-singleturn|p2a: Umbreon|Protect\n|move|p1a: Frosmoth|Quiver Dance|p1a: Frosmoth\n|-boost|p1a: Frosmoth|spa|1\n|-boost|p1a: Frosmoth|spd|1\n|-boost|p1a: Frosmoth|spe|1\n|\n|-heal|p2a: Umbreon|181/297|[from] item: Leftovers\n|-damage|p1a: Frosmoth|204/249 tox|[from] psn\n|upkeep\n|turn|3\n|\n|t:|1781461889\n|switch|p2a: Illumise|Illumise, L91, F|266/266\n|move|p1a: Frosmoth|Bug Buzz|p2a: Illumise\n|-damage|p2a: Illumise|107/266\n|-unboost|p2a: Illumise|spd|1\n|\n|-damage|p1a: Frosmoth|159/249 tox|[from] psn\n|upkeep\n|turn|4\n|\n|t:|1781461896\n|switch|p2a: Houndstone|Houndstone, L86, F|264/264\n|move|p1a: Frosmoth|Bug Buzz|p2a: Houndstone\n|-resisted|p2a: Houndstone\n|-damage|p2a: Houndstone|216/264\n|-unboost|p2a: Houndstone|spd|1\n|\n|-damage|p1a: Frosmoth|99/249 tox|[from] psn\n|upkeep\n|turn|5\n|\n|t:|1781461905\n|move|p1a: Frosmoth|Ice Beam|p2a: Houndstone\n|-damage|p2a: Houndstone|53/264\n|move|p2a: Houndstone|Poltergeist|p1a: Frosmoth\n|-activate|p1a: Frosmoth|move: Poltergeist|Heavy-Duty Boots\n|-damage|p1a: Frosmoth|0 fnt\n|faint|p1a: Frosmoth\n|\n|upkeep\n|\n|t:|1781461925\n|switch|p1a: Tentacruel|Tentacruel, L84, F|272/272\n|turn|6\n|\n|t:|1781461930\n|move|p1a: Tentacruel|Surf|p2a: Houndstone\n|-damage|p2a: Houndstone|0 fnt\n|faint|p2a: Houndstone\n|\n|upkeep\n|\n|t:|1781461934\n|switch|p2a: Zarude|Zarude, L77|288/288\n|turn|7\n|\n|t:|1781461937\n|move|p1a: Tentacruel|Sludge Bomb|p2a: Zarude\n|-supereffective|p2a: Zarude\n|-damage|p2a: Zarude|108/288\n|move|p2a: Zarude|Power Whip|p1a: Tentacruel\n|-damage|p1a: Tentacruel|124/272\n|\n|-heal|p2a: Zarude|126/288|[from] item: Leftovers\n|upkeep\n|turn|8\n|\n|t:|1781461943\n|move|p1a: Tentacruel|Sludge Bomb|p2a: Zarude\n|-supereffective|p2a: Zarude\n|-damage|p2a: Zarude|0 fnt\n|faint|p2a: Zarude\n|\n|upkeep\n|\n|t:|1781461958\n|switch|p2a: Regigigas|Regigigas, L84|322/322\n|-start|p2a: Regigigas|ability: Slow Start\n|turn|9\n|\n|t:|1781461960\n|move|p1a: Tentacruel|Knock Off|p2a: Regigigas\n|-damage|p2a: Regigigas|279/322\n|-enditem|p2a: Regigigas|Leftovers|[from] move: Knock Off|[of] p1a: Tentacruel\n|move|p2a: Regigigas|Knock Off|p1a: Tentacruel\n|-damage|p1a: Tentacruel|55/272\n|-enditem|p1a: Tentacruel|Assault Vest|[from] move: Knock Off|[of] p2a: Regigigas\n|\n|upkeep\n|turn|10\n|\n|t:|1781461971\n|move|p1a: Tentacruel|Surf|p2a: Regigigas\n|-damage|p2a: Regigigas|206/322\n|move|p2a: Regigigas|Body Slam|p1a: Tentacruel\n|-damage|p1a: Tentacruel|0 fnt\n|faint|p1a: Tentacruel\n|\n|upkeep\n|\n|t:|1781461974\n|switch|p1a: Garchomp|Garchomp, L74, M|282/282\n|turn|11\n|\n|t:|1781461985\n|move|p2a: Regigigas|Protect|p2a: Regigigas\n|-singleturn|p2a: Regigigas|Protect\n|move|p1a: Garchomp|Swords Dance|p1a: Garchomp\n|-boost|p1a: Garchomp|atk|2\n|\n|upkeep\n|turn|12\n|\n|t:|1781461988\n|move|p1a: Garchomp|Scale Shot|p2a: Regigigas\n|-damage|p2a: Regigigas|164/322\n|-damage|p2a: Regigigas|116/322\n|-damage|p2a: Regigigas|68/322\n|-damage|p2a: Regigigas|25/322\n|-hitcount|p2a: Regigigas|4\n|-unboost|p1a: Garchomp|def|1\n|-boost|p1a: Garchomp|spe|1\n|move|p2a: Regigigas|Body Slam|p1a: Garchomp\n|-damage|p1a: Garchomp|176/282\n|-damage|p2a: Regigigas|0 fnt|[from] ability: Rough Skin|[of] p1a: Garchomp\n|faint|p2a: Regigigas\n|-end|p2a: Regigigas|Slow Start|[silent]\n|\n|upkeep\n|\n|t:|1781462002\n|switch|p2a: Illumise|Illumise, L91, F|107/266\n|turn|13\n|\n|t:|1781462006\n|move|p2a: Illumise|Encore|p1a: Garchomp\n|-start|p1a: Garchomp|Encore\n|move|p1a: Garchomp|Scale Shot|p2a: Illumise\n|-damage|p2a: Illumise|56/266\n|-damage|p2a: Illumise|0 fnt\n|faint|p2a: Illumise\n|-hitcount|p2: Illumise|2\n|-unboost|p1a: Garchomp|def|1\n|-boost|p1a: Garchomp|spe|1\n|\n|upkeep\n|\n|t:|1781462011\n|switch|p2a: Umbreon|Umbreon, L84, F|181/297\n|turn|14\n|\n|t:|1781462016\n|move|p2a: Umbreon|Protect|p2a: Umbreon\n|-singleturn|p2a: Umbreon|Protect\n|move|p1a: Garchomp|Scale Shot|p2a: Umbreon\n|-activate|p2a: Umbreon|move: Protect\n|\n|-heal|p2a: Umbreon|199/297|[from] item: Leftovers\n|upkeep\n|turn|15\n|\n|t:|1781462022\n|move|p1a: Garchomp|Scale Shot|p2a: Umbreon\n|-damage|p2a: Umbreon|156/297\n|-damage|p2a: Umbreon|107/297\n|-damage|p2a: Umbreon|59/297\n|-damage|p2a: Umbreon|10/297\n|-hitcount|p2a: Umbreon|4\n|-unboost|p1a: Garchomp|def|1\n|-boost|p1a: Garchomp|spe|1\n|move|p2a: Umbreon|Foul Play|p1a: Garchomp\n|-damage|p1a: Garchomp|0 fnt\n|-damage|p2a: Umbreon|0 fnt|[from] ability: Rough Skin|[of] p1a: Garchomp\n|faint|p1a: Garchomp\n|faint|p2a: Umbreon\n|\n|upkeep\n|\n|t:|1781462031\n|switch|p1a: Meowscarada|Meowscarada, L78, M|247/247\n|switch|p2a: Minior|Minior-Blue, L79|224/224\n|-formechange|p2a: Minior|Minior-Meteor||[from] ability: Shields Down\n|turn|16\n|\n|t:|1781462037\n|-terastallize|p2a: Minior|Flying\n|move|p1a: Meowscarada|Knock Off|p2a: Minior\n|-start|p1a: Meowscarada|typechange|Dark|[from] ability: Protean\n|-damage|p2a: Minior|130/224\n|-enditem|p2a: Minior|White Herb|[from] move: Knock Off|[of] p1a: Meowscarada\n|move|p2a: Minior|Shell Smash|p2a: Minior\n|-unboost|p2a: Minior|def|1\n|-unboost|p2a: Minior|spd|1\n|-boost|p2a: Minior|atk|2\n|-boost|p2a: Minior|spa|2\n|-boost|p2a: Minior|spe|2\n|\n|upkeep\n|turn|17\n|\n|t:|1781462047\n|move|p2a: Minior|Acrobatics|p1a: Meowscarada\n|-damage|p1a: Meowscarada|9/247\n|move|p1a: Meowscarada|Flower Trick|p2a: Minior\n|-resisted|p2a: Minior\n|-crit|p2a: Minior\n|-damage|p2a: Minior|75/224\n|\n|-formechange|p2a: Minior|Minior-Blue||[from] ability: Shields Down\n|upkeep\n|turn|18\n|\n|t:|1781462055\n|move|p2a: Minior|Acrobatics|p1a: Meowscarada\n|-damage|p1a: Meowscarada|0 fnt\n|faint|p1a: Meowscarada\n|\n|upkeep\n|\n|t:|1781462060\n|switch|p1a: Solgaleo|Solgaleo, L74|325/325\n|turn|19\n|inactive|JhuniorCq has 120 seconds left.\n|\n|t:|1781462090\n|-terastallize|p1a: Solgaleo|Water\n|move|p2a: Minior|Earthquake|p1a: Solgaleo\n|-damage|p1a: Solgaleo|192/325\n|move|p1a: Solgaleo|Sunsteel Strike|p2a: Minior\n|-damage|p2a: Minior|0 fnt\n|faint|p2a: Minior\n|\n|win|denttyyy\n", "uploadtime": 1781461845, "views": 3, "formatid": "gen9randombattle", "rating": null, "private": 0, "password": null}