{"id": "gen9randombattle-2631886844", "format": "[Gen 9] Random Battle", "players": ["Pokeoke", "Dastan14"], "log": "|j|\u2606Pokeoke\n|j|\u2606Dastan14\n|t:|1781452132\n|gametype|singles\n|player|p1|Pokeoke|169|2034\n|player|p2|Dastan14|170|2040\n|gen|9\n|tier|[Gen 9] Random Battle\n|rated|\n|rule|Species Clause: Limit one of each Pok\u00e9mon\n|rule|HP Percentage Mod: HP is shown in percentages\n|rule|Sleep Clause Mod: Limit one foe put to sleep\n|rule|Illusion Level Mod: Illusion disguises the Pok\u00e9mon's true level\n|\n|t:|1781452132\n|teamsize|p1|6\n|teamsize|p2|6\n|start\n|switch|p1a: Koraidon|Koraidon, L64|235/235\n|switch|p2a: Donphan|Donphan, L84, M|288/288\n|-weather|SunnyDay|[from] ability: Orichalcum Pulse|[of] p1a: Koraidon\n|-activate|p1a: Koraidon|Orichalcum Pulse|[source]\n|turn|1\n|\n|t:|1781452151\n|move|p1a: Koraidon|U-turn|p2a: Donphan\n|-damage|p2a: Donphan|226/288\n|\n|t:|1781452163\n|switch|p1a: Rillaboom|Rillaboom, L79, M|288/288|[from] U-turn\n|-fieldstart|move: Grassy Terrain|[from] ability: Grassy Surge|[of] p1a: Rillaboom\n|move|p2a: Donphan|Earthquake|p1a: Rillaboom\n|-resisted|p1a: Rillaboom\n|-damage|p1a: Rillaboom|253/288\n|\n|-weather|SunnyDay|[upkeep]\n|-heal|p1a: Rillaboom|271/288|[from] Grassy Terrain\n|-heal|p2a: Donphan|244/288|[from] Grassy Terrain\n|-heal|p2a: Donphan|262/288|[from] item: Leftovers\n|upkeep\n|turn|2\n|\n|t:|1781452181\n|switch|p2a: Oricorio|Oricorio, L84, M|263/263\n|move|p1a: Rillaboom|Wood Hammer|p2a: Oricorio\n|-resisted|p2a: Oricorio\n|-damage|p2a: Oricorio|190/263\n|-damage|p1a: Rillaboom|247/288|[from] Recoil\n|-damage|p1a: Rillaboom|219/288|[from] item: Life Orb\n|\n|-weather|SunnyDay|[upkeep]\n|-heal|p1a: Rillaboom|237/288|[from] Grassy Terrain\n|upkeep\n|turn|3\n|\n|t:|1781452199\n|switch|p1a: Snorlax|Snorlax, L82, M|397/397\n|move|p2a: Oricorio|Revelation Dance|p1a: Snorlax\n|-damage|p1a: Snorlax|330/397\n|\n|-weather|SunnyDay|[upkeep]\n|-heal|p1a: Snorlax|354/397|[from] Grassy Terrain\n|-heal|p1a: Snorlax|378/397|[from] item: Leftovers\n|upkeep\n|turn|4\n|\n|t:|1781452216\n|switch|p2a: Pecharunt|Pecharunt, L77|262/262\n|move|p1a: Snorlax|Body Slam|p2a: Pecharunt\n|-immune|p2a: Pecharunt\n|\n|-weather|SunnyDay|[upkeep]\n|-heal|p1a: Snorlax|397/397|[from] Grassy Terrain\n|upkeep\n|turn|5\n|\n|t:|1781452229\n|switch|p1a: Garchomp|Garchomp, L74, M|282/282\n|move|p2a: Pecharunt|Malignant Chain|p1a: Garchomp\n|-resisted|p1a: Garchomp\n|-damage|p1a: Garchomp|235/282\n|\n|-weather|none\n|-heal|p1a: Garchomp|252/282|[from] Grassy Terrain\n|-fieldend|move: Grassy Terrain\n|upkeep\n|turn|6\n|\n|t:|1781452254\n|switch|p2a: Arceus|Arceus-Ice, L72|291/291\n|move|p1a: Garchomp|Earthquake|p2a: Arceus\n|-damage|p2a: Arceus|192/291\n|\n|upkeep\n|turn|7\n|\n|t:|1781452270\n|switch|p2a: Donphan|Donphan, L84, M|262/288\n|switch|p1a: Snorlax|Snorlax, L82, M|397/397\n|\n|-heal|p2a: Donphan|280/288|[from] item: Leftovers\n|upkeep\n|turn|8\n|\n|t:|1781452280\n|move|p2a: Donphan|Stealth Rock|p1a: Snorlax\n|-sidestart|p1: Pokeoke|move: Stealth Rock\n|move|p1a: Snorlax|Body Slam|p2a: Donphan\n|-damage|p2a: Donphan|199/288\n|\n|-heal|p2a: Donphan|217/288|[from] item: Leftovers\n|upkeep\n|turn|9\n|\n|t:|1781452295\n|switch|p2a: Pecharunt|Pecharunt, L77|262/262\n|switch|p1a: Garchomp|Garchomp, L74, M|252/282\n|-damage|p1a: Garchomp|235/282|[from] Stealth Rock\n|\n|upkeep\n|turn|10\n|\n|t:|1781452302\n|move|p1a: Garchomp|Earthquake|p2a: Pecharunt\n|-supereffective|p2a: Pecharunt\n|-damage|p2a: Pecharunt|130/262\n|move|p2a: Pecharunt|Parting Shot|p1a: Garchomp\n|-unboost|p1a: Garchomp|atk|1\n|-unboost|p1a: Garchomp|spa|1\n|\n|t:|1781452315\n|switch|p2a: Donphan|Donphan, L84, M|217/288|[from] Parting Shot\n|\n|-heal|p2a: Donphan|235/288|[from] item: Leftovers\n|upkeep\n|turn|11\n|\n|t:|1781452325\n|move|p1a: Garchomp|Spikes|p2a: Donphan\n|-sidestart|p2: Dastan14|Spikes\n|move|p2a: Donphan|Ice Spinner|p1a: Garchomp\n|-supereffective|p1a: Garchomp\n|-damage|p1a: Garchomp|0 fnt\n|-damage|p2a: Donphan|199/288|[from] ability: Rough Skin|[of] p1a: Garchomp\n|-damage|p2a: Donphan|151/288|[from] item: Rocky Helmet|[of] p1a: Garchomp\n|faint|p1a: Garchomp\n|\n|-heal|p2a: Donphan|169/288|[from] item: Leftovers\n|upkeep\n|\n|t:|1781452335\n|switch|p1a: Primarina|Primarina, L83, M|268/268\n|-damage|p1a: Primarina|235/268|[from] Stealth Rock\n|turn|12\n|\n|t:|1781452370\n|move|p1a: Primarina|Calm Mind|p1a: Primarina\n|-boost|p1a: Primarina|spa|1\n|-boost|p1a: Primarina|spd|1\n|move|p2a: Donphan|Earthquake|p1a: Primarina\n|-damage|p1a: Primarina|102/268\n|\n|-heal|p1a: Primarina|118/268|[from] item: Leftovers\n|-heal|p2a: Donphan|187/288|[from] item: Leftovers\n|upkeep\n|turn|13\n|\n|t:|1781452380\n|move|p1a: Primarina|Draining Kiss|p2a: Donphan\n|-damage|p2a: Donphan|60/288\n|-heal|p1a: Primarina|213/268|[from] drain|[of] p2a: Donphan\n|move|p2a: Donphan|Earthquake|p1a: Primarina\n|-damage|p1a: Primarina|72/268\n|\n|-heal|p1a: Primarina|88/268|[from] item: Leftovers\n|-heal|p2a: Donphan|78/288|[from] item: Leftovers\n|upkeep\n|turn|14\n|\n|t:|1781452405\n|-terastallize|p2a: Donphan|Steel\n|move|p1a: Primarina|Draining Kiss|p2a: Donphan\n|-resisted|p2a: Donphan\n|-damage|p2a: Donphan|12/288\n|-heal|p1a: Primarina|138/268|[from] drain|[of] p2a: Donphan\n|move|p2a: Donphan|Earthquake|p1a: Primarina\n|-damage|p1a: Primarina|0 fnt\n|faint|p1a: Primarina\n|\n|-heal|p2a: Donphan|30/288|[from] item: Leftovers\n|upkeep\n|\n|t:|1781452435\n|switch|p1a: Koraidon|Koraidon, L64|235/235\n|-damage|p1a: Koraidon|221/235|[from] Stealth Rock\n|-weather|SunnyDay|[from] ability: Orichalcum Pulse|[of] p1a: Koraidon\n|-activate|p1a: Koraidon|Orichalcum Pulse|[source]\n|turn|15\n|\n|t:|1781452441\n|move|p1a: Koraidon|Flare Blitz|p2a: Donphan\n|-supereffective|p2a: Donphan\n|-damage|p2a: Donphan|0 fnt\n|faint|p2a: Donphan\n|-damage|p1a: Koraidon|211/235|[from] Recoil\n|\n|-weather|SunnyDay|[upkeep]\n|upkeep\n|\n|t:|1781452456\n|switch|p2a: Wyrdeer|Wyrdeer, L87, F|321/321\n|-damage|p2a: Wyrdeer|281/321|[from] Spikes\n|-ability|p2a: Wyrdeer|Intimidate|boost\n|-unboost|p1a: Koraidon|atk|1\n|turn|16\n|\n|t:|1781452472\n|switch|p1a: Snorlax|Snorlax, L82, M|397/397\n|-damage|p1a: Snorlax|348/397|[from] Stealth Rock\n|move|p2a: Wyrdeer|Thunder Wave|p1a: Snorlax\n|-status|p1a: Snorlax|par\n|\n|-weather|SunnyDay|[upkeep]\n|-heal|p2a: Wyrdeer|301/321|[from] item: Leftovers\n|-heal|p1a: Snorlax|372/397 par|[from] item: Leftovers\n|upkeep\n|turn|17\n|\n|t:|1781452501\n|switch|p2a: Pecharunt|Pecharunt, L77|130/262\n|-damage|p2a: Pecharunt|98/262|[from] Spikes\n|switch|p1a: Mesprit|Mesprit, L85|275/275\n|-damage|p1a: Mesprit|241/275|[from] Stealth Rock\n|\n|-weather|SunnyDay|[upkeep]\n|upkeep\n|turn|18\n|\n|t:|1781452525\n|switch|p2a: Sandy Shocks|Sandy Shocks, L80|267/267\n|-damage|p2a: Sandy Shocks|234/267|[from] Spikes\n|-activate|p2a: Sandy Shocks|ability: Protosynthesis\n|-start|p2a: Sandy Shocks|protosynthesisspa\n|-terastallize|p1a: Mesprit|Electric\n|move|p1a: Mesprit|Thunderbolt|p2a: Sandy Shocks\n|-immune|p2a: Sandy Shocks\n|\n|-weather|SunnyDay|[upkeep]\n|-heal|p2a: Sandy Shocks|250/267|[from] item: Leftovers\n|upkeep\n|turn|19\n|\n|t:|1781452538\n|switch|p1a: Rillaboom|Rillaboom, L79, M|237/288\n|-damage|p1a: Rillaboom|201/288|[from] Stealth Rock\n|-fieldstart|move: Grassy Terrain|[from] ability: Grassy Surge|[of] p1a: Rillaboom\n|move|p2a: Sandy Shocks|Spikes|p1a: Rillaboom\n|-sidestart|p1: Pokeoke|Spikes\n|\n|-weather|none\n|-end|p2a: Sandy Shocks|Protosynthesis\n|-heal|p2a: Sandy Shocks|266/267|[from] Grassy Terrain\n|-heal|p2a: Sandy Shocks|267/267|[from] item: Leftovers\n|-heal|p1a: Rillaboom|219/288|[from] Grassy Terrain\n|upkeep\n|turn|20\n|\n|t:|1781452560\n|-end|p2a: Sandy Shocks|Protosynthesis|[silent]\n|switch|p2a: Oricorio|Oricorio, L84, M|190/263\n|move|p1a: Rillaboom|Knock Off|p2a: Oricorio\n|-crit|p2a: Oricorio\n|-damage|p2a: Oricorio|18/263\n|-enditem|p2a: Oricorio|Heavy-Duty Boots|[from] move: Knock Off|[of] p1a: Rillaboom\n|-damage|p1a: Rillaboom|191/288|[from] item: Life Orb\n|\n|-heal|p1a: Rillaboom|209/288|[from] Grassy Terrain\n|upkeep\n|turn|21\n|\n|t:|1781452577\n|switch|p2a: Pecharunt|Pecharunt, L77|98/262\n|-damage|p2a: Pecharunt|66/262|[from] Spikes\n|move|p1a: Rillaboom|Grassy Glide|p2a: Pecharunt\n|-resisted|p2a: Pecharunt\n|-damage|p2a: Pecharunt|31/262\n|-damage|p1a: Rillaboom|161/288|[from] item: Rocky Helmet|[of] p2a: Pecharunt\n|-damage|p1a: Rillaboom|133/288|[from] item: Life Orb\n|\n|-heal|p2a: Pecharunt|47/262|[from] Grassy Terrain\n|-heal|p1a: Rillaboom|151/288|[from] Grassy Terrain\n|upkeep\n|turn|22\n|\n|t:|1781452595\n|switch|p2a: Oricorio|Oricorio, L84, M|18/263\n|move|p1a: Rillaboom|Knock Off|p2a: Oricorio\n|-damage|p2a: Oricorio|0 fnt\n|faint|p2a: Oricorio\n|-damage|p1a: Rillaboom|123/288|[from] item: Life Orb\n|\n|-heal|p1a: Rillaboom|141/288|[from] Grassy Terrain\n|upkeep\n|inactive|Battle timer is ON: inactive players will automatically lose when time's up. (requested by Pokeoke)\n|\n|t:|1781452616\n|switch|p2a: Wyrdeer|Wyrdeer, L87, F|301/321\n|-damage|p2a: Wyrdeer|261/321|[from] Spikes\n|-ability|p2a: Wyrdeer|Intimidate|boost\n|-unboost|p1a: Rillaboom|atk|1\n|turn|23\n|\n|t:|1781452622\n|switch|p1a: Snorlax|Snorlax, L82, M|372/397 par\n|-damage|p1a: Snorlax|323/397 par|[from] Stealth Rock\n|-damage|p1a: Snorlax|274/397 par|[from] Spikes\n|move|p2a: Wyrdeer|Body Slam|p1a: Snorlax\n|-damage|p1a: Snorlax|153/397 par\n|\n|-heal|p2a: Wyrdeer|281/321|[from] Grassy Terrain\n|-heal|p2a: Wyrdeer|301/321|[from] item: Leftovers\n|-heal|p1a: Snorlax|177/397 par|[from] Grassy Terrain\n|-heal|p1a: Snorlax|201/397 par|[from] item: Leftovers\n|-fieldend|move: Grassy Terrain\n|upkeep\n|turn|24\n|\n|t:|1781452636\n|move|p2a: Wyrdeer|Body Slam|p1a: Snorlax\n|-damage|p1a: Snorlax|71/397 par\n|move|p1a: Snorlax|Rest|p1a: Snorlax\n|-status|p1a: Snorlax|slp|[from] move: Rest\n|-heal|p1a: Snorlax|397/397 slp|[silent]\n|\n|-heal|p2a: Wyrdeer|321/321|[from] item: Leftovers\n|upkeep\n|turn|25\n|\n|t:|1781452651\n|switch|p2a: Pecharunt|Pecharunt, L77|47/262\n|-damage|p2a: Pecharunt|15/262|[from] Spikes\n|cant|p1a: Snorlax|slp\n|move|p1a: Snorlax|Sleep Talk|p1a: Snorlax\n|move|p1a: Snorlax|Rest||[from] move: Sleep Talk|[still]\n|-fail|p1a: Snorlax\n|\n|upkeep\n|turn|26\n|\n|t:|1781452665\n|switch|p1a: Mesprit|Mesprit, L85, tera:Electric|241/275\n|-damage|p1a: Mesprit|207/275|[from] Stealth Rock\n|move|p2a: Pecharunt|Recover|p2a: Pecharunt\n|-heal|p2a: Pecharunt|146/262\n|\n|upkeep\n|turn|27\n|\n|t:|1781452675\n|switch|p2a: Wyrdeer|Wyrdeer, L87, F|321/321\n|-damage|p2a: Wyrdeer|281/321|[from] Spikes\n|-ability|p2a: Wyrdeer|Intimidate|boost\n|-unboost|p1a: Mesprit|atk|1\n|move|p1a: Mesprit|Psychic|p2a: Wyrdeer\n|-resisted|p2a: Wyrdeer\n|-damage|p2a: Wyrdeer|200/321\n|\n|-heal|p2a: Wyrdeer|220/321|[from] item: Leftovers\n|upkeep\n|turn|28\n|\n|t:|1781452688\n|switch|p1a: Snorlax|Snorlax, L82, M|397/397 slp\n|-damage|p1a: Snorlax|348/397 slp|[from] Stealth Rock\n|-damage|p1a: Snorlax|299/397 slp|[from] Spikes\n|move|p2a: Wyrdeer|Body Slam|p1a: Snorlax\n|-damage|p1a: Snorlax|173/397 slp\n|\n|-heal|p2a: Wyrdeer|240/321|[from] item: Leftovers\n|-heal|p1a: Snorlax|197/397 slp|[from] item: Leftovers\n|upkeep\n|turn|29\n|\n|t:|1781452706\n|move|p2a: Wyrdeer|Body Slam|p1a: Snorlax\n|-damage|p1a: Snorlax|61/397 slp\n|cant|p1a: Snorlax|slp\n|move|p1a: Snorlax|Sleep Talk|p1a: Snorlax\n|move|p1a: Snorlax|Rest||[from] move: Sleep Talk|[still]\n|-fail|p1a: Snorlax\n|\n|-heal|p2a: Wyrdeer|260/321|[from] item: Leftovers\n|-heal|p1a: Snorlax|85/397 slp|[from] item: Leftovers\n|upkeep\n|turn|30\n|\n|t:|1781452720\n|move|p2a: Wyrdeer|Body Slam|p1a: Snorlax\n|-damage|p1a: Snorlax|0 fnt\n|faint|p1a: Snorlax\n|\n|-heal|p2a: Wyrdeer|280/321|[from] item: Leftovers\n|upkeep\n|\n|t:|1781452723\n|switch|p1a: Koraidon|Koraidon, L64|211/235\n|-damage|p1a: Koraidon|197/235|[from] Stealth Rock\n|-damage|p1a: Koraidon|168/235|[from] Spikes\n|-weather|SunnyDay|[from] ability: Orichalcum Pulse|[of] p1a: Koraidon\n|-activate|p1a: Koraidon|Orichalcum Pulse|[source]\n|turn|31\n|\n|t:|1781452743\n|switch|p2a: Pecharunt|Pecharunt, L77|146/262\n|-damage|p2a: Pecharunt|114/262|[from] Spikes\n|move|p1a: Koraidon|Outrage|p2a: Pecharunt\n|-damage|p2a: Pecharunt|0 fnt\n|-damage|p1a: Koraidon|129/235|[from] item: Rocky Helmet|[of] p2a: Pecharunt\n|faint|p2a: Pecharunt\n|\n|-weather|SunnyDay|[upkeep]\n|upkeep\n|\n|t:|1781452755\n|switch|p2a: Wyrdeer|Wyrdeer, L87, F|280/321\n|-damage|p2a: Wyrdeer|240/321|[from] Spikes\n|-ability|p2a: Wyrdeer|Intimidate|boost\n|-unboost|p1a: Koraidon|atk|1\n|turn|32\n|\n|t:|1781452762\n|move|p1a: Koraidon|Outrage|p2a: Wyrdeer|[from] lockedmove\n|-damage|p2a: Wyrdeer|95/321\n|move|p2a: Wyrdeer|Psychic Noise|p1a: Koraidon\n|-supereffective|p1a: Koraidon\n|-damage|p1a: Koraidon|0 fnt\n|faint|p1a: Koraidon\n|\n|-weather|SunnyDay|[upkeep]\n|-heal|p2a: Wyrdeer|115/321|[from] item: Leftovers\n|upkeep\n|\n|t:|1781452770\n|switch|p1a: Rillaboom|Rillaboom, L79, M|141/288\n|-damage|p1a: Rillaboom|105/288|[from] Stealth Rock\n|-damage|p1a: Rillaboom|69/288|[from] Spikes\n|-fieldstart|move: Grassy Terrain|[from] ability: Grassy Surge|[of] p1a: Rillaboom\n|turn|33\n|\n|t:|1781452785\n|move|p1a: Rillaboom|Knock Off|p2a: Wyrdeer\n|-supereffective|p2a: Wyrdeer\n|-damage|p2a: Wyrdeer|0 fnt\n|-enditem|p2a: Wyrdeer|Leftovers|[from] move: Knock Off|[of] p1a: Rillaboom\n|faint|p2a: Wyrdeer\n|-damage|p1a: Rillaboom|41/288|[from] item: Life Orb\n|\n|-weather|SunnyDay|[upkeep]\n|-heal|p1a: Rillaboom|59/288|[from] Grassy Terrain\n|upkeep\n|\n|t:|1781452796\n|switch|p2a: Sandy Shocks|Sandy Shocks, L80|267/267\n|-damage|p2a: Sandy Shocks|234/267|[from] Spikes\n|-activate|p2a: Sandy Shocks|ability: Protosynthesis\n|-start|p2a: Sandy Shocks|protosynthesisspa\n|turn|34\n|\n|t:|1781452807\n|move|p1a: Rillaboom|Grassy Glide|p2a: Sandy Shocks\n|-supereffective|p2a: Sandy Shocks\n|-damage|p2a: Sandy Shocks|23/267\n|-damage|p1a: Rillaboom|31/288|[from] item: Life Orb\n|move|p2a: Sandy Shocks|Thunderbolt|p1a: Rillaboom\n|-resisted|p1a: Rillaboom\n|-damage|p1a: Rillaboom|0 fnt\n|faint|p1a: Rillaboom\n|\n|-weather|SunnyDay|[upkeep]\n|-heal|p2a: Sandy Shocks|39/267|[from] Grassy Terrain\n|-heal|p2a: Sandy Shocks|55/267|[from] item: Leftovers\n|upkeep\n|\n|t:|1781452810\n|switch|p1a: Mesprit|Mesprit, L85, tera:Electric|207/275\n|-damage|p1a: Mesprit|173/275|[from] Stealth Rock\n|turn|35\n|\n|t:|1781452825\n|move|p2a: Sandy Shocks|Thunderbolt|p1a: Mesprit\n|-resisted|p1a: Mesprit\n|-damage|p1a: Mesprit|110/275\n|move|p1a: Mesprit|Psychic|p2a: Sandy Shocks\n|-damage|p2a: Sandy Shocks|0 fnt\n|faint|p2a: Sandy Shocks\n|-end|p2a: Sandy Shocks|Protosynthesis|[silent]\n|\n|-weather|none\n|upkeep\n|\n|t:|1781452835\n|switch|p2a: Arceus|Arceus-Ice, L72|192/291\n|-damage|p2a: Arceus|156/291|[from] Spikes\n|turn|36\n|\n|t:|1781452840\n|move|p2a: Arceus|Recover|p2a: Arceus\n|-heal|p2a: Arceus|291/291\n|move|p1a: Mesprit|Psychic|p2a: Arceus\n|-damage|p2a: Arceus|135/291\n|-unboost|p2a: Arceus|spd|1\n|\n|-heal|p2a: Arceus|153/291|[from] Grassy Terrain\n|upkeep\n|turn|37\n|\n|t:|1781452851\n|move|p2a: Arceus|Judgment|p1a: Mesprit\n|-damage|p1a: Mesprit|13/275\n|move|p1a: Mesprit|Psychic|p2a: Arceus\n|-damage|p2a: Arceus|0 fnt\n|faint|p2a: Arceus\n|\n|win|Pokeoke\n", "inputlog": ">version a8376a258c1d4662feba110a92103f3664a72141\n>start {\"formatid\":\"gen9randombattle\",\"seed\":\"sodium,56fff68b16a416d1ea91b1d9511faef2\",\"rated\":\"Rated battle\"}\n>player p1 {\"name\":\"Pokeoke\",\"avatar\":\"169\",\"rating\":2034,\"seed\":\"sodium,952d0c5d2aa325179c3dbbe7538653a4\"}\n>player p2 {\"name\":\"Dastan14\",\"avatar\":\"170\",\"rating\":2040,\"seed\":\"sodium,be2ca9086de34de674a60456532a8eef\"}\n>p1 move uturn\n>p2 move earthquake\n>p1 switch 3\n>p1 move woodhammer\n>p2 switch 2\n>p1 switch 5\n>p2 move revelationdance\n>p1 move bodyslam\n>p2 switch 6\n>p1 switch 4\n>p2 move malignantchain\n>p1 move earthquake\n>p2 switch 4\n>p1 switch 4\n>p2 switch 2\n>p1 move bodyslam\n>p2 move stealthrock\n>p1 switch 4\n>p2 switch 4\n>p1 move earthquake\n>p2 move partingshot\n>p2 switch 4\n>p1 move spikes\n>p2 move icespinner\n>p1 switch 6\n>p1 move calmmind\n>p2 move earthquake\n>p1 move drainingkiss\n>p2 move earthquake\n>p1 move drainingkiss\n>p2 move earthquake terastallize\n>p1 switch 3\n>p1 move flareblitz\n>p2 move rapidspin\n>p2 switch 3\n>p1 switch 4\n>p2 move thunderwave\n>p1 switch 2\n>p2 switch 4\n>p1 move thunderbolt terastallize\n>p2 switch 5\n>p1 switch 5\n>p2 move spikes\n>p1 move knockoff\n>p2 switch 6\n>p1 move grassyglide\n>p2 switch 5\n>p1 move knockoff\n>p2 switch 5\n>p2 switch 4\n>p1 switch 2\n>p2 move bodyslam\n>p1 move rest\n>p2 move bodyslam\n>p1 move sleeptalk\n>p2 switch 5\n>p1 switch 5\n>p2 move recover\n>p1 move psychic\n>p2 switch 5\n>p1 switch 5\n>p2 move bodyslam\n>p1 move sleeptalk\n>p2 move bodyslam\n>p1 move rest\n>p2 move bodyslam\n>p1 switch 4\n>p1 move outrage\n>p2 switch 5\n>p2 switch 5\n>p1 move outrage\n>p2 move psychicnoise\n>p1 switch 2\n>p1 move knockoff\n>p2 move bodyslam\n>p2 switch 6\n>p1 move grassyglide\n>p2 move thunderbolt\n>p1 switch 5\n>p1 move psychic\n>p2 move thunderbolt\n>p2 switch 2\n>p1 move psychic\n>p2 move recover\n>p1 move psychic\n>p2 move judgment", "uploadtime": 1781452135, "views": 7, "formatid": "gen9randombattle", "rating": null, "private": 0, "password": null}