{"id": "gen9randombattle-2631862528", "format": "[Gen 9] Random Battle", "players": ["Jefejenaro", "coolbai"], "log": "|j|\u2606Jefejenaro\n|j|\u2606coolbai\n|t:|1781449409\n|gametype|singles\n|player|p1|Jefejenaro|wallace|1975\n|player|p2|coolbai|lucas|1956\n|gen|9\n|tier|[Gen 9] Random Battle\n|rated|\n|rule|Species Clause: Limit one of each Pok\u00e9mon\n|rule|HP Percentage Mod: HP is shown in percentages\n|rule|Sleep Clause Mod: Limit one foe put to sleep\n|rule|Illusion Level Mod: Illusion disguises the Pok\u00e9mon's true level\n|\n|t:|1781449409\n|teamsize|p1|6\n|teamsize|p2|6\n|start\n|switch|p1a: Terapagos|Terapagos, L77, F|265/265\n|switch|p2a: Mesprit|Mesprit, L85|275/275\n|-activate|p1a: Terapagos|ability: Tera Shift\n|detailschange|p1a: Terapagos|Terapagos-Terastal, L77, F\n|-heal|p1a: Terapagos|273/273|[silent]\n|turn|1\n|\n|t:|1781449456\n|switch|p1a: Bellibolt|Bellibolt, L84, M|320/320\n|move|p2a: Mesprit|Ice Beam|p1a: Bellibolt\n|-damage|p1a: Bellibolt|246/320\n|-start|p1a: Bellibolt|Charge|Ice Beam|[from] ability: Electromorphosis\n|\n|-heal|p1a: Bellibolt|266/320|[from] item: Leftovers\n|upkeep\n|turn|2\n|\n|t:|1781449463\n|switch|p2a: Electivire|Electivire, L84, M|263/263\n|move|p1a: Bellibolt|Toxic|p2a: Electivire\n|-status|p2a: Electivire|tox\n|\n|-heal|p1a: Bellibolt|286/320|[from] item: Leftovers\n|-damage|p2a: Electivire|247/263 tox|[from] psn\n|upkeep\n|turn|3\n|l|\u2606Jefejenaro\n|player|p1|\n|inactive|Battle timer is ON: inactive players will automatically lose when time's up. (requested by coolbai)\n|j|\u2606Jefejenaro\n|inactive|Jefejenaro reconnected and has 150 seconds left.\n|player|p1|Jefejenaro|wallace|\n|\n|t:|1781449503\n|switch|p1a: Bellossom|Bellossom, L84, F|263/263\n|move|p2a: Electivire|Earthquake|p1a: Bellossom\n|-resisted|p1a: Bellossom\n|-damage|p1a: Bellossom|212/263\n|-damage|p2a: Electivire|221/263 tox|[from] item: Life Orb\n|\n|-heal|p1a: Bellossom|228/263|[from] item: Leftovers\n|-damage|p2a: Electivire|189/263 tox|[from] psn\n|upkeep\n|turn|4\n|\n|t:|1781449511\n|move|p2a: Electivire|Volt Switch|p1a: Bellossom\n|-resisted|p1a: Bellossom\n|-damage|p1a: Bellossom|181/263\n|-damage|p2a: Electivire|163/263 tox|[from] item: Life Orb\n|\n|t:|1781449514\n|switch|p2a: Dragalge|Dragalge, L88, M|258/258|[from] Volt Switch\n|move|p1a: Bellossom|Giga Drain|p2a: Dragalge\n|-resisted|p2a: Dragalge\n|-damage|p2a: Dragalge|245/258\n|-heal|p1a: Bellossom|188/263|[from] drain|[of] p2a: Dragalge\n|\n|-heal|p1a: Bellossom|204/263|[from] item: Leftovers\n|-heal|p2a: Dragalge|258/258|[from] item: Leftovers\n|upkeep\n|turn|5\n|\n|t:|1781449528\n|switch|p1a: Donphan|Donphan, L84, F|288/288\n|move|p2a: Dragalge|Toxic Spikes|p1a: Donphan\n|-sidestart|p1: Jefejenaro|move: Toxic Spikes\n|\n|upkeep\n|turn|6\n|\n|t:|1781449537\n|switch|p2a: Sceptile|Sceptile, L87, F|264/264\n|move|p1a: Donphan|Knock Off|p2a: Sceptile\n|-damage|p2a: Sceptile|113/264\n|-enditem|p2a: Sceptile|Life Orb|[from] move: Knock Off|[of] p1a: Donphan\n|\n|upkeep\n|turn|7\n|\n|t:|1781449550\n|switch|p1a: Terapagos|Terapagos-Terastal, L77, F|273/273\n|move|p2a: Sceptile|Leaf Blade|p1a: Terapagos\n|-activate|p1a: Terapagos|ability: Tera Shell\n|-resisted|p1a: Terapagos\n|-damage|p1a: Terapagos|229/273\n|\n|upkeep\n|turn|8\n|\n|t:|1781449557\n|switch|p2a: Hoopa|Hoopa, L85|275/275\n|move|p1a: Terapagos|Rapid Spin|p2a: Hoopa\n|-immune|p2a: Hoopa\n|\n|upkeep\n|turn|9\n|\n|t:|1781449564\n|switch|p1a: Arcanine|Arcanine-Hisui, L79, F|280/280\n|move|p2a: Hoopa|Nasty Plot|p2a: Hoopa\n|-boost|p2a: Hoopa|spa|2\n|\n|upkeep\n|turn|10\n|\n|t:|1781449570\n|move|p1a: Arcanine|Flare Blitz|p2a: Hoopa\n|-damage|p2a: Hoopa|118/275\n|move|p2a: Hoopa|Psyshock|p1a: Arcanine\n|-damage|p1a: Arcanine|0 fnt\n|faint|p1a: Arcanine\n|-damage|p2a: Hoopa|91/275|[from] item: Life Orb\n|\n|upkeep\n|\n|t:|1781449580\n|switch|p1a: Infernape|Infernape, L82, F|259/259\n|-status|p1a: Infernape|psn\n|turn|11\n|\n|t:|1781449597\n|switch|p2a: Sceptile|Sceptile, L87, F|113/264\n|move|p1a: Infernape|Knock Off|p2a: Sceptile\n|-damage|p2a: Sceptile|62/264\n|\n|-damage|p1a: Infernape|227/259 psn|[from] psn\n|upkeep\n|turn|12\n|inactive|Jefejenaro has 120 seconds left.\n|inactive|Jefejenaro has 90 seconds left.\n|inactive|Jefejenaro has 60 seconds left.\n|inactive|Jefejenaro has 30 seconds left.\n|inactive|Jefejenaro has 20 seconds left.\n|inactive|Jefejenaro has 15 seconds left.\n|inactive|Jefejenaro has 10 seconds left.\n|inactive|Jefejenaro has 5 seconds left.\n|-message|Jefejenaro lost due to inactivity.\n|\n|win|coolbai\n", "inputlog": ">version a8376a258c1d4662feba110a92103f3664a72141\n>start {\"formatid\":\"gen9randombattle\",\"seed\":\"sodium,f0679a99fe6fc34fa21af3b190795690\",\"rated\":\"Rated battle\"}\n>player p1 {\"name\":\"Jefejenaro\",\"avatar\":\"wallace\",\"rating\":1975,\"seed\":\"sodium,2b69b4355b3f0b4171411f12434c6a72\"}\n>player p2 {\"name\":\"coolbai\",\"avatar\":\"lucas\",\"rating\":1956,\"seed\":\"sodium,7c528178b0179a73c5f7ac678f081fad\"}\n>p1 switch 2\n>p2 move icebeam\n>p1 move toxic\n>p2 switch 4\n>p1 switch 5\n>p2 move earthquake\n>p1 move gigadrain\n>p2 move voltswitch\n>p2 switch 5\n>p1 switch 3\n>p2 move toxicspikes\n>p1 move knockoff\n>p2 switch 3\n>p1 switch 2\n>p2 move leafblade\n>p1 move rapidspin\n>p2 switch 2\n>p1 switch 4\n>p2 move nastyplot\n>p1 move flareblitz\n>p2 move psyshock\n>p1 switch 6\n>p1 move knockoff\n>p2 switch 2\n>forcelose p1", "uploadtime": 1781449410, "views": 4, "formatid": "gen9randombattle", "rating": null, "private": 0, "password": null}