{"id": "gen9randombattle-2631520283", "format": "[Gen 9] Random Battle", "players": ["S23X", "Ara Ara Armin"], "log": "|j|\u2606S23X\n|j|\u2606Ara Ara Armin\n|t:|1781395842\n|gametype|singles\n|player|p1|S23X|brawly|1941\n|player|p2|Ara Ara Armin|265|1979\n|gen|9\n|tier|[Gen 9] Random Battle\n|rated|\n|rule|Species Clause: Limit one of each Pok\u00e9mon\n|rule|HP Percentage Mod: HP is shown in percentages\n|rule|Sleep Clause Mod: Limit one foe put to sleep\n|rule|Illusion Level Mod: Illusion disguises the Pok\u00e9mon's true level\n|\n|t:|1781395842\n|teamsize|p1|6\n|teamsize|p2|6\n|start\n|switch|p1a: Magmortar|Magmortar, L88, M|275/275\n|switch|p2a: Maushold|Maushold-Four, L76|238/238\n|turn|1\n|inactive|Battle timer is ON: inactive players will automatically lose when time's up. (requested by Ara Ara Armin)\n|\n|t:|1781395854\n|switch|p2a: Coalossal|Coalossal, L89, M|341/341\n|move|p1a: Magmortar|Knock Off|p2a: Coalossal\n|-damage|p2a: Coalossal|280/341\n|-enditem|p2a: Coalossal|Heavy-Duty Boots|[from] move: Knock Off|[of] p1a: Magmortar\n|\n|upkeep\n|turn|2\n|\n|t:|1781395864\n|move|p1a: Magmortar|Focus Blast|p2a: Coalossal\n|-supereffective|p2a: Coalossal\n|-damage|p2a: Coalossal|62/341\n|move|p2a: Coalossal|Spikes|p1a: Magmortar\n|-sidestart|p1: S23X|Spikes\n|\n|upkeep\n|turn|3\n|\n|t:|1781395869\n|move|p1a: Magmortar|Thunderbolt|p2a: Coalossal\n|-damage|p2a: Coalossal|0 fnt\n|faint|p2a: Coalossal\n|\n|upkeep\n|\n|t:|1781395883\n|switch|p2a: Skuntank|Skuntank, L84, M|310/310\n|turn|4\n|\n|t:|1781395889\n|move|p1a: Magmortar|Fire Blast|p2a: Skuntank|[miss]\n|-miss|p1a: Magmortar|p2a: Skuntank\n|move|p2a: Skuntank|Gunk Shot|p1a: Magmortar\n|-damage|p1a: Magmortar|140/275\n|\n|upkeep\n|turn|5\n|\n|t:|1781395894\n|move|p1a: Magmortar|Fire Blast|p2a: Skuntank\n|-damage|p2a: Skuntank|165/310\n|move|p2a: Skuntank|Gunk Shot|p1a: Magmortar\n|-damage|p1a: Magmortar|0 fnt\n|faint|p1a: Magmortar\n|\n|upkeep\n|\n|t:|1781395905\n|switch|p1a: Forretress|Forretress, L84, M|263/263\n|-damage|p1a: Forretress|231/263|[from] Spikes\n|turn|6\n|\n|t:|1781395909\n|move|p2a: Skuntank|Fire Blast|p1a: Forretress\n|-supereffective|p1a: Forretress\n|-damage|p1a: Forretress|0 fnt\n|faint|p1a: Forretress\n|\n|upkeep\n|\n|t:|1781395914\n|switch|p1a: Arcanine|Arcanine-Hisui, L79, M|279/279\n|-damage|p1a: Arcanine|245/279|[from] Spikes\n|turn|7\n|\n|t:|1781395922\n|move|p2a: Skuntank|Knock Off|p1a: Arcanine\n|-damage|p1a: Arcanine|136/279\n|-enditem|p1a: Arcanine|Choice Band|[from] move: Knock Off|[of] p2a: Skuntank\n|move|p1a: Arcanine|Head Smash|p2a: Skuntank\n|-damage|p2a: Skuntank|0 fnt\n|-damage|p1a: Arcanine|67/279|[from] ability: Aftermath|[of] p2a: Skuntank\n|faint|p2a: Skuntank\n|\n|upkeep\n|\n|t:|1781395932\n|switch|p2a: Crawdaunt|Crawdaunt, L84, F|243/243\n|turn|8\n|\n|t:|1781395936\n|move|p2a: Crawdaunt|Aqua Jet|p1a: Arcanine\n|-supereffective|p1a: Arcanine\n|-damage|p1a: Arcanine|0 fnt\n|faint|p1a: Arcanine\n|-damage|p2a: Crawdaunt|219/243|[from] item: Life Orb\n|\n|upkeep\n|\n|t:|1781395940\n|switch|p1a: Hariyama|Hariyama, L87, F|392/392\n|-damage|p1a: Hariyama|343/392|[from] Spikes\n|turn|9\n|\n|t:|1781395946\n|switch|p2a: Corviknight|Corviknight, L80, F|288/288\n|move|p1a: Hariyama|Close Combat|p2a: Corviknight\n|-damage|p2a: Corviknight|143/288\n|-unboost|p1a: Hariyama|def|1\n|-unboost|p1a: Hariyama|spd|1\n|\n|-heal|p2a: Corviknight|161/288|[from] item: Leftovers\n|upkeep\n|turn|10\n|\n|t:|1781395960\n|switch|p1a: Arceus|Arceus-Steel, L70|284/284\n|-damage|p1a: Arceus|249/284|[from] Spikes\n|move|p2a: Corviknight|Brave Bird|p1a: Arceus\n|-resisted|p1a: Arceus\n|-damage|p1a: Arceus|198/284\n|-damage|p2a: Corviknight|144/288|[from] Recoil\n|\n|-heal|p2a: Corviknight|162/288|[from] item: Leftovers\n|upkeep\n|turn|11\n|\n|t:|1781395968\n|move|p1a: Arceus|Will-O-Wisp|p2a: Corviknight\n|-status|p2a: Corviknight|brn\n|move|p2a: Corviknight|Body Press|p1a: Arceus\n|-supereffective|p1a: Arceus\n|-damage|p1a: Arceus|147/284\n|\n|-heal|p2a: Corviknight|180/288 brn|[from] item: Leftovers\n|-damage|p2a: Corviknight|162/288 brn|[from] brn\n|upkeep\n|turn|12\n|\n|t:|1781395977\n|move|p1a: Arceus|Recover|p1a: Arceus\n|-heal|p1a: Arceus|284/284\n|move|p2a: Corviknight|Roost|p2a: Corviknight\n|-heal|p2a: Corviknight|288/288 brn\n|-singleturn|p2a: Corviknight|move: Roost\n|\n|-damage|p2a: Corviknight|270/288 brn|[from] brn\n|upkeep\n|turn|13\n|\n|t:|1781395984\n|move|p1a: Arceus|Judgment|p2a: Corviknight\n|-resisted|p2a: Corviknight\n|-damage|p2a: Corviknight|216/288 brn\n|move|p2a: Corviknight|Body Press|p1a: Arceus\n|-supereffective|p1a: Arceus\n|-damage|p1a: Arceus|232/284\n|\n|-heal|p2a: Corviknight|234/288 brn|[from] item: Leftovers\n|-damage|p2a: Corviknight|216/288 brn|[from] brn\n|upkeep\n|turn|14\n|\n|t:|1781395996\n|switch|p1a: Hariyama|Hariyama, L87, F|343/392\n|-damage|p1a: Hariyama|294/392|[from] Spikes\n|move|p2a: Corviknight|Body Press|p1a: Hariyama\n|-damage|p1a: Hariyama|257/392\n|\n|-heal|p2a: Corviknight|234/288 brn|[from] item: Leftovers\n|-damage|p2a: Corviknight|216/288 brn|[from] brn\n|upkeep\n|turn|15\n|\n|t:|1781396003\n|move|p2a: Corviknight|U-turn|p1a: Hariyama\n|-resisted|p1a: Hariyama\n|-damage|p1a: Hariyama|245/392\n|\n|t:|1781396005\n|switch|p2a: Hydrapple|Hydrapple, L83, F|312/312|[from] U-turn\n|move|p1a: Hariyama|Knock Off|p2a: Hydrapple\n|-damage|p2a: Hydrapple|240/312\n|-enditem|p2a: Hydrapple|Choice Specs|[from] move: Knock Off|[of] p1a: Hariyama\n|\n|upkeep\n|turn|16\n|\n|t:|1781396013\n|move|p1a: Hariyama|Close Combat|p2a: Hydrapple\n|-damage|p2a: Hydrapple|113/312\n|-unboost|p1a: Hariyama|def|1\n|-unboost|p1a: Hariyama|spd|1\n|move|p2a: Hydrapple|Fickle Beam|p1a: Hariyama|[anim] Fickle Beam All Out\n|-activate|p2a: Hydrapple|move: Fickle Beam\n|-damage|p1a: Hariyama|0 fnt\n|faint|p1a: Hariyama\n|\n|upkeep\n|\n|t:|1781396019\n|switch|p1a: Victreebel|Victreebel, L90, M|290/290\n|-damage|p1a: Victreebel|254/290|[from] Spikes\n|turn|17\n|\n|t:|1781396022\n|move|p1a: Victreebel|Sunny Day|p1a: Victreebel\n|-weather|SunnyDay\n|move|p2a: Hydrapple|Draco Meteor|p1a: Victreebel\n|-damage|p1a: Victreebel|88/290\n|-unboost|p2a: Hydrapple|spa|2\n|\n|-weather|SunnyDay|[upkeep]\n|upkeep\n|turn|18\n|\n|t:|1781396026\n|move|p1a: Victreebel|Weather Ball|p2a: Hydrapple\n|-damage|p2a: Hydrapple|0 fnt\n|faint|p2a: Hydrapple\n|-damage|p1a: Victreebel|59/290|[from] item: Life Orb\n|\n|-weather|SunnyDay|[upkeep]\n|upkeep\n|inactive|Ara Ara Armin has 120 seconds left.\n|\n|t:|1781396065\n|switch|p2a: Corviknight|Corviknight, L80, F|216/288 brn\n|turn|19\n|\n|t:|1781396070\n|-terastallize|p2a: Corviknight|Dragon\n|move|p1a: Victreebel|Weather Ball|p2a: Corviknight\n|-resisted|p2a: Corviknight\n|-damage|p2a: Corviknight|130/288 brn\n|-damage|p1a: Victreebel|30/290|[from] item: Life Orb\n|move|p2a: Corviknight|Brave Bird|p1a: Victreebel\n|-supereffective|p1a: Victreebel\n|-damage|p1a: Victreebel|0 fnt\n|faint|p1a: Victreebel\n|-damage|p2a: Corviknight|120/288 brn|[from] Recoil\n|\n|-weather|SunnyDay|[upkeep]\n|-heal|p2a: Corviknight|138/288 brn|[from] item: Leftovers\n|-damage|p2a: Corviknight|120/288 brn|[from] brn\n|upkeep\n|\n|t:|1781396074\n|switch|p1a: Arceus|Arceus-Steel, L70|232/284\n|-damage|p1a: Arceus|197/284|[from] Spikes\n|turn|20\n|\n|t:|1781396076\n|move|p1a: Arceus|Judgment|p2a: Corviknight\n|-damage|p2a: Corviknight|0 fnt\n|faint|p2a: Corviknight\n|\n|-weather|SunnyDay|[upkeep]\n|upkeep\n|\n|t:|1781396092\n|switch|p2a: Maushold|Maushold-Four, L76|238/238\n|turn|21\n|\n|t:|1781396100\n|move|p2a: Maushold|Bite|p1a: Arceus\n|-damage|p1a: Arceus|152/284\n|cant|p1a: Arceus|flinch\n|\n|-weather|none\n|upkeep\n|turn|22\n|\n|t:|1781396111\n|move|p2a: Maushold|Encore|p1a: Arceus\n|-start|p1a: Arceus|Encore\n|move|p1a: Arceus|Judgment|p2a: Maushold\n|-damage|p2a: Maushold|100/238\n|\n|upkeep\n|turn|23\n|\n|t:|1781396116\n|move|p2a: Maushold|Population Bomb|p1a: Arceus\n|-resisted|p1a: Arceus\n|-damage|p1a: Arceus|141/284\n|-resisted|p1a: Arceus\n|-damage|p1a: Arceus|131/284\n|-resisted|p1a: Arceus\n|-damage|p1a: Arceus|122/284\n|-resisted|p1a: Arceus\n|-damage|p1a: Arceus|111/284\n|-resisted|p1a: Arceus\n|-crit|p1a: Arceus\n|-damage|p1a: Arceus|96/284\n|-resisted|p1a: Arceus\n|-damage|p1a: Arceus|86/284\n|-resisted|p1a: Arceus\n|-damage|p1a: Arceus|75/284\n|-resisted|p1a: Arceus\n|-damage|p1a: Arceus|64/284\n|-resisted|p1a: Arceus\n|-damage|p1a: Arceus|53/284\n|-resisted|p1a: Arceus\n|-damage|p1a: Arceus|44/284\n|-hitcount|p1a: Arceus|10\n|move|p1a: Arceus|Judgment|p2a: Maushold\n|-damage|p2a: Maushold|0 fnt\n|faint|p2a: Maushold\n|\n|upkeep\n|\n|t:|1781396119\n|switch|p2a: Crawdaunt|Crawdaunt, L84, F|219/243\n|turn|24\n|\n|t:|1781396122\n|move|p2a: Crawdaunt|Aqua Jet|p1a: Arceus\n|-damage|p1a: Arceus|0 fnt\n|faint|p1a: Arceus\n|-damage|p2a: Crawdaunt|195/243|[from] item: Life Orb\n|\n|win|Ara Ara Armin\n", "inputlog": ">version a8376a258c1d4662feba110a92103f3664a72141\n>start {\"formatid\":\"gen9randombattle\",\"seed\":\"sodium,a12352515c225cb3e3f7f68313cbf4f6\",\"rated\":\"Rated battle\"}\n>player p1 {\"name\":\"S23X\",\"avatar\":\"brawly\",\"rating\":1941,\"seed\":\"sodium,14fea6d512c6e66fbd49e30ce5707ada\"}\n>player p2 {\"name\":\"Ara Ara Armin\",\"avatar\":\"265\",\"rating\":1979,\"seed\":\"sodium,5d87192025d2a38a93c879272b86b172\"}\n>p1 move knockoff\n>p2 switch 3\n>p1 move focusblast\n>p2 move spikes\n>p1 move thunderbolt\n>p2 move spikes\n>p2 switch 5\n>p1 move fireblast\n>p2 move gunkshot\n>p1 move fireblast\n>p2 move gunkshot\n>p1 switch 3\n>p1 move rapidspin\n>p2 move fireblast\n>p1 switch 4\n>p1 move headsmash\n>p2 move knockoff\n>p2 switch 2\n>p1 move closecombat\n>p2 move aquajet\n>p1 switch 2\n>p1 move closecombat\n>p2 switch 6\n>p1 switch 5\n>p2 move bravebird\n>p1 move willowisp\n>p2 move bodypress\n>p1 move recover\n>p2 move roost\n>p1 move judgment\n>p2 move bodypress\n>p1 switch 5\n>p2 move bodypress\n>p1 move knockoff\n>p2 move uturn\n>p2 switch 4\n>p1 move closecombat\n>p2 move ficklebeam\n>p1 switch 6\n>p1 move sunnyday\n>p2 move dracometeor\n>p1 move weatherball\n>p2 move dracometeor\n>p2 switch 4\n>p1 move weatherball\n>p2 move bravebird terastallize\n>p1 switch 5\n>p1 move judgment\n>p2 move roost\n>p2 switch 3\n>p1 move willowisp\n>p2 move bite\n>p1 move willowisp\n>p2 move encore\n>p1 move judgment\n>p2 move populationbomb\n>p2 switch 6\n>p1 move judgment\n>p2 move aquajet", "uploadtime": 1781395845, "views": 4, "formatid": "gen9randombattle", "rating": null, "private": 0, "password": null}