{"id": "gen9randombattle-2631968478", "format": "[Gen 9] Random Battle", "players": ["Kieskauer", "gangsta spongebob"], "log": "|j|\u2606Kieskauer\n|j|\u2606gangsta spongebob\n|t:|1781461016\n|gametype|singles\n|player|p1|Kieskauer|2|2001\n|player|p2|gangsta spongebob|101|2025\n|gen|9\n|tier|[Gen 9] Random Battle\n|rated|\n|rule|Species Clause: Limit one of each Pok\u00e9mon\n|rule|HP Percentage Mod: HP is shown in percentages\n|rule|Sleep Clause Mod: Limit one foe put to sleep\n|rule|Illusion Level Mod: Illusion disguises the Pok\u00e9mon's true level\n|\n|t:|1781461016\n|teamsize|p1|6\n|teamsize|p2|6\n|start\n|switch|p1a: Mewtwo|Mewtwo, L72|272/272\n|switch|p2a: Palafin|Palafin, L77, F|281/281\n|-ability|p1a: Mewtwo|Pressure\n|turn|1\n|\n|t:|1781461032\n|detailschange|p2a: Palafin|Palafin-Hero, L77, F\n|switch|p2a: Mesprit|Mesprit, L85|275/275\n|move|p1a: Mewtwo|Psystrike|p2a: Mesprit\n|-resisted|p2a: Mesprit\n|-damage|p2a: Mesprit|214/275\n|-damage|p1a: Mewtwo|245/272|[from] item: Life Orb\n|\n|-heal|p2a: Mesprit|231/275|[from] item: Leftovers\n|upkeep\n|turn|2\n|\n|t:|1781461050\n|switch|p1a: Honchkrow|Honchkrow, L86, F|312/312\n|move|p2a: Mesprit|Thunder Wave|p1a: Honchkrow\n|-status|p1a: Honchkrow|par\n|\n|-heal|p2a: Mesprit|248/275|[from] item: Leftovers\n|upkeep\n|turn|3\n|\n|t:|1781461057\n|switch|p2a: Coalossal|Coalossal, L89, M|341/341\n|move|p1a: Honchkrow|Thunder Wave|p2a: Coalossal\n|-status|p2a: Coalossal|par\n|\n|upkeep\n|turn|4\n|\n|t:|1781461077\n|switch|p1a: Espeon|Espeon, L84, F|246/246\n|cant|p2a: Coalossal|par\n|\n|upkeep\n|turn|5\n|\n|t:|1781461089\n|switch|p2a: Mesprit|Mesprit, L85|248/275\n|move|p1a: Espeon|Psyshock|p2a: Mesprit\n|-resisted|p2a: Mesprit\n|-damage|p2a: Mesprit|183/275\n|\n|-heal|p2a: Mesprit|200/275|[from] item: Leftovers\n|upkeep\n|turn|6\n|\n|t:|1781461102\n|switch|p1a: Honchkrow|Honchkrow, L86, F|312/312 par\n|move|p2a: Mesprit|Knock Off|p1a: Honchkrow\n|-resisted|p1a: Honchkrow\n|-damage|p1a: Honchkrow|261/312 par\n|-enditem|p1a: Honchkrow|Heavy-Duty Boots|[from] move: Knock Off|[of] p2a: Mesprit\n|\n|-heal|p2a: Mesprit|217/275|[from] item: Leftovers\n|upkeep\n|turn|7\n|\n|t:|1781461118\n|switch|p2a: Coalossal|Coalossal, L89, M|341/341 par\n|switch|p1a: Mewtwo|Mewtwo, L72|245/272\n|-ability|p1a: Mewtwo|Pressure\n|\n|upkeep\n|turn|8\n|\n|t:|1781461126\n|switch|p2a: Vigoroth|Vigoroth, L85, F|275/275\n|move|p1a: Mewtwo|Nasty Plot|p1a: Mewtwo\n|-boost|p1a: Mewtwo|spa|2\n|\n|upkeep\n|turn|9\n|\n|t:|1781461131\n|move|p1a: Mewtwo|Aura Sphere|p2a: Vigoroth\n|-supereffective|p2a: Vigoroth\n|-damage|p2a: Vigoroth|0 fnt\n|faint|p2a: Vigoroth\n|-damage|p1a: Mewtwo|218/272|[from] item: Life Orb\n|\n|upkeep\n|\n|t:|1781461136\n|switch|p2a: Palafin|Palafin-Hero, L77, F|281/281\n|-activate|p2a: Palafin|ability: Zero to Hero\n|turn|10\n|\n|t:|1781461143\n|move|p2a: Palafin|Jet Punch|p1a: Mewtwo\n|-damage|p1a: Mewtwo|89/272\n|move|p1a: Mewtwo|Psystrike|p2a: Palafin\n|-damage|p2a: Palafin|0 fnt\n|faint|p2a: Palafin\n|-damage|p1a: Mewtwo|62/272|[from] item: Life Orb\n|\n|upkeep\n|-message|gangsta spongebob forfeited.\n|\n|win|Kieskauer\n", "inputlog": ">version a8376a258c1d4662feba110a92103f3664a72141\n>start {\"formatid\":\"gen9randombattle\",\"seed\":\"sodium,900b9d56a82a901f27a3dab14bd7e9b2\",\"rated\":\"Rated battle\"}\n>player p1 {\"name\":\"Kieskauer\",\"avatar\":\"2\",\"rating\":2001,\"seed\":\"sodium,7f29073124d13b85867fd15f7e397c08\"}\n>player p2 {\"name\":\"gangsta spongebob\",\"avatar\":\"101\",\"rating\":2025,\"seed\":\"sodium,0462e7a635aca9290d793e417f71daba\"}\n>p1 move psystrike\n>p2 switch 6\n>p1 switch 6\n>p2 move thunderwave\n>p1 move thunderwave\n>p2 switch 4\n>p1 switch 3\n>p2 move spikes\n>p1 move psyshock\n>p2 switch 4\n>p1 switch 3\n>p2 move knockoff\n>p1 switch 6\n>p2 switch 4\n>p1 move nastyplot\n>p2 switch 2\n>p1 move aurasphere\n>p2 move bodyslam\n>p2 switch 6\n>p1 move psystrike\n>p2 move jetpunch\n>forcelose p2", "uploadtime": 1781461018, "views": 5, "formatid": "gen9randombattle", "rating": null, "private": 0, "password": null}