{"id": "gen9randombattle-2631744647", "format": "[Gen 9] Random Battle", "players": ["Zabalilla", "KoffeeArchive"], "log": "|j|\u2606Zabalilla\n|j|\u2606KoffeeArchive\n|t:|1781432611\n|gametype|singles\n|player|p1|Zabalilla|169|1978\n|player|p2|KoffeeArchive|clair|1977\n|gen|9\n|tier|[Gen 9] Random Battle\n|rated|\n|rule|Species Clause: Limit one of each Pok\u00e9mon\n|rule|HP Percentage Mod: HP is shown in percentages\n|rule|Sleep Clause Mod: Limit one foe put to sleep\n|rule|Illusion Level Mod: Illusion disguises the Pok\u00e9mon's true level\n|\n|t:|1781432611\n|teamsize|p1|6\n|teamsize|p2|6\n|start\n|switch|p1a: Raichu|Raichu-Alola, L87, F|246/246\n|switch|p2a: Groudon|Groudon, L72|263/263\n|-weather|SunnyDay|[from] ability: Drought|[of] p2a: Groudon\n|turn|1\n|inactive|Battle timer is ON: inactive players will automatically lose when time's up. (requested by KoffeeArchive)\n|\n|t:|1781432624\n|switch|p1a: Spidops|Spidops, L96, M|271/271\n|move|p2a: Groudon|Precipice Blades|p1a: Spidops\n|-resisted|p1a: Spidops\n|-damage|p1a: Spidops|211/271\n|\n|-weather|SunnyDay|[upkeep]\n|upkeep\n|turn|2\n|\n|t:|1781432640\n|move|p2a: Groudon|Heat Crash|p1a: Spidops\n|-supereffective|p1a: Spidops\n|-damage|p1a: Spidops|0 fnt\n|faint|p1a: Spidops\n|\n|-weather|SunnyDay|[upkeep]\n|upkeep\n|\n|t:|1781432643\n|switch|p1a: Blaziken|Blaziken, L76, M|247/247\n|turn|3\n|\n|t:|1781432655\n|move|p2a: Groudon|Thunder Wave|p1a: Blaziken\n|-status|p1a: Blaziken|par\n|cant|p1a: Blaziken|par\n|\n|-weather|SunnyDay|[upkeep]\n|-ability|p1a: Blaziken|Speed Boost|boost\n|-boost|p1a: Blaziken|spe|1\n|upkeep\n|turn|4\n|\n|t:|1781432658\n|move|p2a: Groudon|Precipice Blades|p1a: Blaziken\n|-supereffective|p1a: Blaziken\n|-damage|p1a: Blaziken|0 fnt\n|faint|p1a: Blaziken\n|\n|-weather|SunnyDay|[upkeep]\n|upkeep\n|\n|t:|1781432662\n|switch|p1a: Urshifu|Urshifu, L74, F|270/270\n|turn|5\n|\n|t:|1781432671\n|switch|p2a: Arbok|Arbok, L87, M|246/246\n|-ability|p2a: Arbok|Intimidate|boost\n|-unboost|p1a: Urshifu|atk|1\n|move|p1a: Urshifu|Swords Dance|p1a: Urshifu\n|-boost|p1a: Urshifu|atk|2\n|\n|-weather|none\n|upkeep\n|turn|6\n|\n|t:|1781432679\n|move|p2a: Arbok|Coil|p2a: Arbok\n|-boost|p2a: Arbok|atk|1\n|-boost|p2a: Arbok|def|1\n|-boost|p2a: Arbok|accuracy|1\n|move|p1a: Urshifu|Wicked Blow|p2a: Arbok\n|-crit|p2a: Arbok\n|-damage|p2a: Arbok|0 fnt\n|faint|p2a: Arbok\n|-damage|p1a: Urshifu|243/270|[from] item: Life Orb\n|\n|upkeep\n|\n|t:|1781432687\n|switch|p2a: Palafin|Palafin, L77, F|281/281\n|turn|7\n|\n|t:|1781432693\n|move|p2a: Palafin|Drain Punch|p1a: Urshifu\n|-supereffective|p1a: Urshifu\n|-damage|p1a: Urshifu|169/270\n|move|p1a: Urshifu|Swords Dance|p1a: Urshifu\n|-boost|p1a: Urshifu|atk|2\n|\n|upkeep\n|turn|8\n|\n|t:|1781432703\n|detailschange|p2a: Palafin|Palafin-Hero, L77, F\n|switch|p2a: Calyrex|Calyrex, L93|337/337\n|-ability|p2a: Calyrex|Unnerve\n|move|p1a: Urshifu|Wicked Blow|p2a: Calyrex\n|-supereffective|p2a: Calyrex\n|-crit|p2a: Calyrex\n|-damage|p2a: Calyrex|0 fnt\n|faint|p2a: Calyrex\n|-damage|p1a: Urshifu|142/270|[from] item: Life Orb\n|\n|upkeep\n|\n|t:|1781432706\n|switch|p2a: Palafin|Palafin-Hero, L77, F|281/281\n|-activate|p2a: Palafin|ability: Zero to Hero\n|turn|9\n|\n|t:|1781432710\n|move|p2a: Palafin|Wave Crash|p1a: Urshifu\n|-damage|p1a: Urshifu|0 fnt\n|faint|p1a: Urshifu\n|-damage|p2a: Palafin|234/281|[from] Recoil\n|\n|-heal|p2a: Palafin|251/281|[from] item: Leftovers\n|upkeep\n|\n|t:|1781432712\n|switch|p1a: Furret|Furret, L94, M|312/312\n|-item|p2a: Palafin|Leftovers|[from] ability: Frisk|[of] p1a: Furret\n|turn|10\n|\n|t:|1781432718\n|move|p1a: Furret|Tidy Up|p1a: Furret\n|-boost|p1a: Furret|atk|1\n|-boost|p1a: Furret|spe|1\n|move|p2a: Palafin|Drain Punch|p1a: Furret\n|-supereffective|p1a: Furret\n|-crit|p1a: Furret\n|-damage|p1a: Furret|84/312\n|-heal|p2a: Palafin|281/281|[from] drain|[of] p1a: Furret\n|\n|upkeep\n|turn|11\n|\n|t:|1781432720\n|move|p2a: Palafin|Jet Punch|p1a: Furret\n|-damage|p1a: Furret|0 fnt\n|faint|p1a: Furret\n|\n|upkeep\n|l|\u2606Zabalilla\n|inactive|Zabalilla disconnected and has a minute to reconnect!\n|player|p1|\n|c|\u2606KoffeeArchive|Bruh\n|inactive|Zabalilla has 30 seconds to reconnect!\n|inactive|Zabalilla has 20 seconds to reconnect!\n|inactive|Zabalilla has 15 seconds to reconnect!\n|inactive|Zabalilla has 10 seconds to reconnect!\n|inactive|Zabalilla has 5 seconds to reconnect!\n|-message|Zabalilla lost due to inactivity.\n|\n|win|KoffeeArchive\n", "inputlog": ">version a8376a258c1d4662feba110a92103f3664a72141\n>start {\"formatid\":\"gen9randombattle\",\"seed\":\"sodium,108b4c6787add76d3aa149b142ef8e4a\",\"rated\":\"Rated battle\"}\n>player p1 {\"name\":\"Zabalilla\",\"avatar\":\"169\",\"rating\":1978,\"seed\":\"sodium,7896e77c2880b85575c5a7990e4b24f0\"}\n>player p2 {\"name\":\"KoffeeArchive\",\"avatar\":\"clair\",\"rating\":1977,\"seed\":\"sodium,375d75a572216262360fd0f03da6182a\"}\n>p1 switch 5\n>p2 move precipiceblades\n>p1 move stickyweb\n>p2 move heatcrash\n>p1 switch 6\n>p1 move swordsdance\n>p2 move thunderwave\n>p1 move flareblitz\n>p2 move precipiceblades\n>p1 switch 2\n>p1 move swordsdance\n>p2 switch 6\n>p1 move wickedblow\n>p2 move coil\n>p2 switch 3\n>p1 move swordsdance\n>p2 move drainpunch\n>p1 move wickedblow\n>p2 switch 5\n>p2 switch 5\n>p1 move wickedblow\n>p2 move wavecrash\n>p1 switch 3\n>p1 move tidyup\n>p2 move drainpunch\n>p1 move doubleedge\n>p2 move jetpunch\n>chat \u2606KoffeeArchive|Bruh\n>forcelose p1", "uploadtime": 1781432615, "views": 6, "formatid": "gen9randombattle", "rating": null, "private": 0, "password": null}