{"id": "gen9randombattle-2631979531", "format": "[Gen 9] Random Battle", "players": ["WhackE", "Ze Memerr"], "log": "|j|\u2606WhackE\n|j|\u2606Ze Memerr\n|t:|1781462231\n|gametype|singles\n|player|p1|WhackE|265|1975\n|player|p2|Ze Memerr|101|1922\n|gen|9\n|tier|[Gen 9] Random Battle\n|rated|\n|rule|Species Clause: Limit one of each Pok\u00e9mon\n|rule|HP Percentage Mod: HP is shown in percentages\n|rule|Sleep Clause Mod: Limit one foe put to sleep\n|rule|Illusion Level Mod: Illusion disguises the Pok\u00e9mon's true level\n|\n|t:|1781462231\n|teamsize|p1|6\n|teamsize|p2|6\n|start\n|switch|p1a: Bellibolt|Bellibolt, L84, F|320/320\n|switch|p2a: Rotom|Rotom-Wash, L82|216/216\n|turn|1\n|inactive|Battle timer is ON: inactive players will automatically lose when time's up. (requested by Ze Memerr)\n|\n|t:|1781462238\n|move|p2a: Rotom|Hydro Pump|p1a: Bellibolt\n|-crit|p1a: Bellibolt\n|-damage|p1a: Bellibolt|133/320\n|-start|p1a: Bellibolt|Charge|Hydro Pump|[from] ability: Electromorphosis\n|move|p1a: Bellibolt|Toxic|p2a: Rotom\n|-status|p2a: Rotom|tox\n|\n|-heal|p1a: Bellibolt|153/320|[from] item: Leftovers\n|-damage|p2a: Rotom|203/216 tox|[from] psn\n|upkeep\n|turn|2\n|\n|t:|1781462253\n|move|p2a: Rotom|Volt Switch|p1a: Bellibolt\n|-resisted|p1a: Bellibolt\n|-damage|p1a: Bellibolt|117/320\n|-start|p1a: Bellibolt|Charge|Volt Switch|[from] ability: Electromorphosis\n|\n|t:|1781462257\n|switch|p2a: Leavanny|Leavanny, L86, M|269/269|[from] Volt Switch\n|move|p1a: Bellibolt|Slack Off|p1a: Bellibolt\n|-heal|p1a: Bellibolt|277/320\n|\n|-heal|p1a: Bellibolt|297/320|[from] item: Leftovers\n|upkeep\n|turn|3\n|inactive|WhackE has 120 seconds left.\n|\n|t:|1781462300\n|switch|p1a: Glalie|Glalie, L96, F|309/309\n|move|p2a: Leavanny|Sticky Web|p1a: Glalie\n|-sidestart|p1: WhackE|move: Sticky Web\n|\n|upkeep\n|turn|4\n|\n|t:|1781462319\n|switch|p2a: Rotom|Rotom-Wash, L82|203/216 tox\n|move|p1a: Glalie|Freeze-Dry|p2a: Rotom\n|-supereffective|p2a: Rotom\n|-damage|p2a: Rotom|47/216 tox\n|\n|-heal|p2a: Rotom|60/216 tox|[from] item: Leftovers\n|-damage|p2a: Rotom|47/216 tox|[from] psn\n|upkeep\n|turn|5\n|\n|t:|1781462333\n|switch|p2a: Hitmonlee|Hitmonlee, L85, M|224/224\n|move|p1a: Glalie|Freeze-Dry|p2a: Hitmonlee\n|-damage|p2a: Hitmonlee|155/224\n|\n|upkeep\n|turn|6\n|\n|t:|1781462348\n|switch|p1a: Froslass|Froslass, L87, F|263/263\n|-activate|p1a: Froslass|move: Sticky Web\n|-unboost|p1a: Froslass|spe|1\n|move|p2a: Hitmonlee|Swords Dance|p2a: Hitmonlee\n|-boost|p2a: Hitmonlee|atk|2\n|\n|upkeep\n|turn|7\n|\n|t:|1781462360\n|move|p2a: Hitmonlee|Knock Off|p1a: Froslass\n|-supereffective|p1a: Froslass\n|-damage|p1a: Froslass|0 fnt\n|-start|p2a: Hitmonlee|Disable|Knock Off|[from] ability: Cursed Body|[of] p1a: Froslass\n|-enditem|p1a: Froslass|Wide Lens|[from] move: Knock Off|[of] p2a: Hitmonlee\n|faint|p1a: Froslass\n|\n|upkeep\n|inactive|WhackE has 120 seconds left.\n|\n|t:|1781462400\n|switch|p1a: Gengar|Gengar, L81, F|230/230\n|-activate|p1a: Gengar|move: Sticky Web\n|-unboost|p1a: Gengar|spe|1\n|turn|8\n|inactive|WhackE has 90 seconds left.\n|\n|t:|1781462420\n|-terastallize|p1a: Gengar|Fighting\n|move|p2a: Hitmonlee|Poison Jab|p1a: Gengar\n|-damage|p1a: Gengar|43/230\n|-status|p1a: Gengar|psn\n|move|p1a: Gengar|Sludge Wave|p2a: Hitmonlee\n|-crit|p2a: Hitmonlee\n|-damage|p2a: Hitmonlee|0 fnt\n|faint|p2a: Hitmonlee\n|-damage|p1a: Gengar|20/230 psn|[from] item: Life Orb\n|\n|-damage|p1a: Gengar|0 fnt|[from] psn\n|faint|p1a: Gengar\n|upkeep\n|inactive|WhackE has 90 seconds left.\n|\n|t:|1781462430\n|switch|p1a: Glalie|Glalie, L96, F|309/309\n|switch|p2a: Volcarona|Volcarona, L77, M|257/257\n|turn|9\n|inactive|WhackE has 90 seconds left.\n|\n|t:|1781462450\n|switch|p1a: Gastrodon|Gastrodon, L86, F|331/331\n|-activate|p1a: Gastrodon|move: Sticky Web\n|-unboost|p1a: Gastrodon|spe|1\n|move|p2a: Volcarona|Quiver Dance|p2a: Volcarona\n|-boost|p2a: Volcarona|spa|1\n|-boost|p2a: Volcarona|spd|1\n|-boost|p2a: Volcarona|spe|1\n|\n|upkeep\n|turn|10\n|\n|t:|1781462457\n|switch|p2a: Leavanny|Leavanny, L86, M|269/269\n|move|p1a: Gastrodon|Earthquake|p2a: Leavanny\n|-resisted|p2a: Leavanny\n|-damage|p2a: Leavanny|246/269\n|\n|upkeep\n|turn|11\n|inactive|WhackE has 90 seconds left.\n|\n|t:|1781462467\n|switch|p1a: Necrozma|Necrozma-Dusk-Mane, L69|248/248\n|-activate|p1a: Necrozma|move: Sticky Web\n|-unboost|p1a: Necrozma|spe|1\n|move|p2a: Leavanny|Leaf Blade|p1a: Necrozma\n|-resisted|p1a: Necrozma\n|-damage|p1a: Necrozma|205/248\n|\n|upkeep\n|turn|12\n|\n|t:|1781462476\n|move|p2a: Leavanny|Lunge|p1a: Necrozma\n|-damage|p1a: Necrozma|117/248\n|-unboost|p1a: Necrozma|atk|1\n|move|p1a: Necrozma|Dragon Dance|p1a: Necrozma\n|-boost|p1a: Necrozma|atk|1\n|-boost|p1a: Necrozma|spe|1\n|\n|upkeep\n|turn|13\n|\n|t:|1781462482\n|move|p2a: Leavanny|Lunge|p1a: Necrozma\n|-damage|p1a: Necrozma|33/248\n|-unboost|p1a: Necrozma|atk|1\n|move|p1a: Necrozma|Morning Sun|p1a: Necrozma\n|-heal|p1a: Necrozma|157/248\n|\n|upkeep\n|turn|14\n|\n|t:|1781462489\n|move|p2a: Leavanny|Knock Off|p1a: Necrozma\n|-supereffective|p1a: Necrozma\n|-damage|p1a: Necrozma|49/248\n|-enditem|p1a: Necrozma|Weakness Policy\n|-boost|p1a: Necrozma|atk|2|[from] item: Weakness Policy\n|-boost|p1a: Necrozma|spa|2|[from] item: Weakness Policy\n|move|p1a: Necrozma|Dragon Dance|p1a: Necrozma\n|-boost|p1a: Necrozma|atk|1\n|-boost|p1a: Necrozma|spe|1\n|\n|upkeep\n|turn|15\n|inactive|WhackE has 120 seconds left.\n|\n|t:|1781462513\n|move|p1a: Necrozma|Morning Sun|p1a: Necrozma\n|-heal|p1a: Necrozma|173/248\n|move|p2a: Leavanny|Lunge|p1a: Necrozma\n|-damage|p1a: Necrozma|94/248\n|-unboost|p1a: Necrozma|atk|1\n|\n|upkeep\n|turn|16\n|\n|t:|1781462519\n|move|p1a: Necrozma|Morning Sun|p1a: Necrozma\n|-heal|p1a: Necrozma|218/248\n|move|p2a: Leavanny|Lunge|p1a: Necrozma\n|-damage|p1a: Necrozma|131/248\n|-unboost|p1a: Necrozma|atk|1\n|\n|upkeep\n|turn|17\n|\n|t:|1781462526\n|move|p1a: Necrozma|Dragon Dance|p1a: Necrozma\n|-boost|p1a: Necrozma|atk|1\n|-boost|p1a: Necrozma|spe|1\n|move|p2a: Leavanny|Lunge|p1a: Necrozma\n|-crit|p1a: Necrozma\n|-damage|p1a: Necrozma|2/248\n|-unboost|p1a: Necrozma|atk|1\n|\n|upkeep\n|turn|18\n|\n|t:|1781462529\n|move|p1a: Necrozma|Morning Sun|p1a: Necrozma\n|-heal|p1a: Necrozma|126/248\n|move|p2a: Leavanny|Lunge|p1a: Necrozma\n|-damage|p1a: Necrozma|38/248\n|-unboost|p1a: Necrozma|atk|1\n|\n|upkeep\n|turn|19\n|-message|WhackE forfeited.\n|\n|win|Ze Memerr\n", "inputlog": ">version a8376a258c1d4662feba110a92103f3664a72141\n>start {\"formatid\":\"gen9randombattle\",\"seed\":\"sodium,ff596f05db0e3af23d8d7b75e4923357\",\"rated\":\"Rated battle\"}\n>player p1 {\"name\":\"WhackE\",\"avatar\":\"265\",\"rating\":1975,\"seed\":\"sodium,9ebbab5bc5b5240ad05559b21cb92afa\"}\n>player p2 {\"name\":\"Ze Memerr\",\"avatar\":\"101\",\"rating\":1922,\"seed\":\"sodium,ebf90d05ff30e5ce184cc2ea37e777d0\"}\n>p1 move toxic\n>p2 move hydropump\n>p1 move slackoff\n>p2 move voltswitch\n>p2 switch 3\n>p1 switch 6\n>p2 move stickyweb\n>p1 move freezedry\n>p2 switch 3\n>p1 move freezedry\n>p2 switch 5\n>p1 switch 2\n>p2 move swordsdance\n>p1 move poltergeist\n>p2 move knockoff\n>p1 switch 5\n>p1 move sludgewave terastallize\n>p2 move poisonjab\n>p1 switch 2\n>p2 switch 6\n>p1 switch 3\n>p2 move quiverdance\n>p1 move earthquake\n>p2 switch 3\n>p1 switch 4\n>p2 move leafblade\n>p1 move dragondance\n>p2 move lunge\n>p1 move morningsun\n>p2 move lunge\n>p1 move dragondance\n>p2 move knockoff\n>p1 move morningsun\n>p2 move lunge\n>p1 move morningsun\n>p2 move lunge\n>p1 move dragondance\n>p2 move lunge\n>p1 move morningsun\n>p2 move lunge\n>forcelose p1", "uploadtime": 1781462233, "views": 5, "formatid": "gen9randombattle", "rating": null, "private": 0, "password": null}