{"id": "gen9randombattle-2631510489", "format": "[Gen 9] Random Battle", "players": ["SoCapable", "AcquiredWolf"], "log": "|j|\u2606SoCapable\n|j|\u2606AcquiredWolf\n|t:|1781394416\n|gametype|singles\n|player|p1|SoCapable|silver|2182\n|player|p2|AcquiredWolf|diantha|2085\n|gen|9\n|tier|[Gen 9] Random Battle\n|rated|\n|rule|Species Clause: Limit one of each Pok\u00e9mon\n|rule|HP Percentage Mod: HP is shown in percentages\n|rule|Sleep Clause Mod: Limit one foe put to sleep\n|rule|Illusion Level Mod: Illusion disguises the Pok\u00e9mon's true level\n|\n|t:|1781394416\n|teamsize|p1|6\n|teamsize|p2|6\n|start\n|switch|p1a: Golurk|Golurk, L87|297/297\n|switch|p2a: Flamigo|Flamigo, L82, F|269/269\n|turn|1\n|inactive|Battle timer is ON: inactive players will automatically lose when time's up. (requested by AcquiredWolf)\n|\n|t:|1781394429\n|move|p2a: Flamigo|Throat Chop|p1a: Golurk\n|-supereffective|p1a: Golurk\n|-crit|p1a: Golurk\n|-damage|p1a: Golurk|31/297\n|-start|p1a: Golurk|Throat Chop|[silent]\n|move|p1a: Golurk|Poltergeist|p2a: Flamigo\n|-activate|p2a: Flamigo|move: Poltergeist|Choice Band\n|-damage|p2a: Flamigo|0 fnt\n|faint|p2a: Flamigo\n|\n|upkeep\n|\n|t:|1781394443\n|switch|p2a: Polteageist|Polteageist-Antique, L78|222/222\n|turn|2\n|\n|t:|1781394448\n|move|p2a: Polteageist|Shell Smash|p2a: Polteageist\n|-unboost|p2a: Polteageist|def|1\n|-unboost|p2a: Polteageist|spd|1\n|-boost|p2a: Polteageist|atk|2\n|-boost|p2a: Polteageist|spa|2\n|-boost|p2a: Polteageist|spe|2\n|-enditem|p2a: Polteageist|White Herb\n|-clearnegativeboost|p2a: Polteageist|[silent]\n|move|p1a: Golurk|Poltergeist||[still]\n|-fail|p1a: Golurk\n|\n|-end|p1a: Golurk|Throat Chop|[silent]\n|upkeep\n|turn|3\n|\n|t:|1781394458\n|switch|p1a: Grimmsnarl|Grimmsnarl, L83, M|293/293\n|move|p2a: Polteageist|Shadow Ball|p1a: Grimmsnarl\n|-resisted|p1a: Grimmsnarl\n|-damage|p1a: Grimmsnarl|194/293\n|\n|-heal|p1a: Grimmsnarl|212/293|[from] item: Leftovers\n|upkeep\n|turn|4\n|\n|t:|1781394470\n|move|p1a: Grimmsnarl|Thunder Wave|p2a: Polteageist\n|-status|p2a: Polteageist|par\n|move|p2a: Polteageist|Shadow Ball|p1a: Grimmsnarl\n|-resisted|p1a: Grimmsnarl\n|-damage|p1a: Grimmsnarl|106/293\n|\n|-heal|p1a: Grimmsnarl|124/293|[from] item: Leftovers\n|upkeep\n|turn|5\n|\n|t:|1781394479\n|move|p2a: Polteageist|Shadow Ball|p1a: Grimmsnarl\n|-resisted|p1a: Grimmsnarl\n|-damage|p1a: Grimmsnarl|22/293\n|move|p1a: Grimmsnarl|Spirit Break|p2a: Polteageist\n|-crit|p2a: Polteageist\n|-damage|p2a: Polteageist|42/222 par\n|-unboost|p2a: Polteageist|spa|1\n|-start|p1a: Grimmsnarl|Disable|Spirit Break|[from] ability: Cursed Body|[of] p2a: Polteageist\n|\n|-heal|p1a: Grimmsnarl|40/293|[from] item: Leftovers\n|upkeep\n|turn|6\n|\n|t:|1781394493\n|move|p1a: Grimmsnarl|Sucker Punch||[still]\n|-fail|p1a: Grimmsnarl\n|move|p2a: Polteageist|Strength Sap|p1a: Grimmsnarl\n|-unboost|p1a: Grimmsnarl|atk|1\n|-heal|p2a: Polteageist|222/222 par\n|\n|-heal|p1a: Grimmsnarl|58/293|[from] item: Leftovers\n|upkeep\n|turn|7\n|\n|t:|1781394502\n|move|p1a: Grimmsnarl|Taunt|p2a: Polteageist\n|-start|p2a: Polteageist|move: Taunt\n|cant|p2a: Polteageist|par\n|\n|-heal|p1a: Grimmsnarl|76/293|[from] item: Leftovers\n|upkeep\n|turn|8\n|\n|t:|1781394509\n|move|p1a: Grimmsnarl|Sucker Punch|p2a: Polteageist\n|-supereffective|p2a: Polteageist\n|-damage|p2a: Polteageist|58/222 par\n|move|p2a: Polteageist|Shadow Ball|p1a: Grimmsnarl\n|-resisted|p1a: Grimmsnarl\n|-damage|p1a: Grimmsnarl|0 fnt\n|faint|p1a: Grimmsnarl\n|\n|upkeep\n|\n|t:|1781394518\n|switch|p1a: Tsareena|Tsareena, L87, F|267/267\n|turn|9\n|\n|t:|1781394522\n|move|p1a: Tsareena|Knock Off|p2a: Polteageist\n|-supereffective|p2a: Polteageist\n|-damage|p2a: Polteageist|0 fnt\n|-start|p1a: Tsareena|Disable|Knock Off|[from] ability: Cursed Body|[of] p2a: Polteageist\n|faint|p2a: Polteageist\n|\n|upkeep\n|\n|t:|1781394533\n|switch|p2a: Corviknight|Corviknight, L80, M|288/288\n|-ability|p2a: Corviknight|Pressure\n|turn|10\n|\n|t:|1781394538\n|move|p1a: Tsareena|U-turn|p2a: Corviknight\n|-resisted|p2a: Corviknight\n|-damage|p2a: Corviknight|273/288\n|-damage|p1a: Tsareena|223/267|[from] item: Rocky Helmet|[of] p2a: Corviknight\n|\n|t:|1781394540\n|switch|p1a: Toxtricity|Toxtricity, L82, M|257/257|[from] U-turn\n|move|p2a: Corviknight|Brave Bird|p1a: Toxtricity\n|-resisted|p1a: Toxtricity\n|-damage|p1a: Toxtricity|192/257\n|-damage|p2a: Corviknight|252/288|[from] Recoil\n|\n|upkeep\n|turn|11\n|\n|t:|1781394554\n|switch|p2a: Giratina|Giratina, L75|349/349\n|-ability|p2a: Giratina|Pressure\n|move|p1a: Toxtricity|Shift Gear|p1a: Toxtricity\n|-boost|p1a: Toxtricity|spe|2\n|-boost|p1a: Toxtricity|atk|1\n|\n|upkeep\n|turn|12\n|\n|t:|1781394567\n|switch|p1a: Porygon-Z|Porygon-Z, L83|277/277\n|move|p2a: Giratina|Shadow Ball|p1a: Porygon-Z\n|-immune|p1a: Porygon-Z\n|\n|upkeep\n|turn|13\n|inactive|SoCapable has 120 seconds left.\n|\n|t:|1781394602\n|move|p1a: Porygon-Z|Shadow Ball|p2a: Giratina\n|-supereffective|p2a: Giratina\n|-damage|p2a: Giratina|180/349\n|-damage|p1a: Porygon-Z|250/277|[from] item: Life Orb\n|move|p2a: Giratina|Dragon Tail|p1a: Porygon-Z\n|-damage|p1a: Porygon-Z|184/277\n|drag|p1a: Drifblim|Drifblim, L86, M|396/396\n|\n|-heal|p2a: Giratina|201/349|[from] item: Leftovers\n|upkeep\n|turn|14\n|inactive|SoCapable has 120 seconds left.\n|\n|t:|1781394618\n|move|p1a: Drifblim|Shadow Ball|p2a: Giratina\n|-supereffective|p2a: Giratina\n|-damage|p2a: Giratina|63/349\n|move|p2a: Giratina|Dragon Tail|p1a: Drifblim\n|-crit|p1a: Drifblim\n|-damage|p1a: Drifblim|275/396\n|drag|p1a: Toxtricity|Toxtricity, L82, M|192/257\n|\n|-heal|p2a: Giratina|84/349|[from] item: Leftovers\n|upkeep\n|turn|15\n|\n|t:|1781394629\n|move|p2a: Giratina|Rest|p2a: Giratina\n|-status|p2a: Giratina|slp|[from] move: Rest\n|-heal|p2a: Giratina|349/349 slp|[silent]\n|move|p1a: Toxtricity|Overdrive|p2a: Giratina\n|-resisted|p2a: Giratina\n|-damage|p2a: Giratina|295/349 slp\n|-enditem|p1a: Toxtricity|Throat Spray\n|-boost|p1a: Toxtricity|spa|1|[from] item: Throat Spray\n|\n|-heal|p2a: Giratina|316/349 slp|[from] item: Leftovers\n|upkeep\n|turn|16\n|inactive|SoCapable has 120 seconds left.\n|\n|t:|1781394641\n|switch|p1a: Porygon-Z|Porygon-Z, L83|184/277\n|cant|p2a: Giratina|slp\n|\n|-heal|p2a: Giratina|337/349 slp|[from] item: Leftovers\n|upkeep\n|turn|17\n|\n|t:|1781394654\n|switch|p2a: Suicune|Suicune, L82|298/298\n|-ability|p2a: Suicune|Pressure\n|move|p1a: Porygon-Z|Shadow Ball|p2a: Suicune\n|-damage|p2a: Suicune|217/298\n|-unboost|p2a: Suicune|spd|1\n|-damage|p1a: Porygon-Z|157/277|[from] item: Life Orb\n|\n|-heal|p2a: Suicune|235/298|[from] item: Leftovers\n|upkeep\n|turn|18\n|\n|t:|1781394667\n|switch|p1a: Golurk|Golurk, L87|31/297\n|move|p2a: Suicune|Scald|p1a: Golurk\n|-supereffective|p1a: Golurk\n|-damage|p1a: Golurk|0 fnt\n|faint|p1a: Golurk\n|\n|-heal|p2a: Suicune|253/298|[from] item: Leftovers\n|upkeep\n|\n|t:|1781394672\n|switch|p1a: Tsareena|Tsareena, L87, F|223/267\n|turn|19\n|\n|t:|1781394679\n|switch|p2a: Corviknight|Corviknight, L80, M|252/288\n|-ability|p2a: Corviknight|Pressure\n|move|p1a: Tsareena|U-turn|p2a: Corviknight\n|-resisted|p2a: Corviknight\n|-damage|p2a: Corviknight|238/288\n|-damage|p1a: Tsareena|179/267|[from] item: Rocky Helmet|[of] p2a: Corviknight\n|\n|t:|1781394682\n|switch|p1a: Drifblim|Drifblim, L86, M|275/396|[from] U-turn\n|\n|upkeep\n|turn|20\n|\n|t:|1781394702\n|switch|p2a: Darkrai|Darkrai, L77|234/234\n|move|p1a: Drifblim|Calm Mind|p1a: Drifblim\n|-boost|p1a: Drifblim|spa|1\n|-boost|p1a: Drifblim|spd|1\n|\n|upkeep\n|turn|21\n|\n|t:|1781394708\n|move|p2a: Darkrai|Nasty Plot|p2a: Darkrai\n|-boost|p2a: Darkrai|spa|2\n|move|p1a: Drifblim|Air Slash|p2a: Darkrai\n|-damage|p2a: Darkrai|107/234\n|\n|-heal|p2a: Darkrai|121/234|[from] item: Leftovers\n|upkeep\n|turn|22\n|\n|t:|1781394719\n|-terastallize|p1a: Drifblim|Dark\n|move|p2a: Darkrai|Substitute|p2a: Darkrai\n|-start|p2a: Darkrai|Substitute\n|-damage|p2a: Darkrai|63/234\n|move|p1a: Drifblim|Air Slash|p2a: Darkrai\n|-end|p2a: Darkrai|Substitute\n|\n|-heal|p2a: Darkrai|77/234|[from] item: Leftovers\n|upkeep\n|turn|23\n|\n|t:|1781394731\n|-terastallize|p2a: Darkrai|Poison\n|move|p2a: Darkrai|Sludge Bomb|p1a: Drifblim\n|-damage|p1a: Drifblim|86/396\n|-status|p1a: Drifblim|psn\n|-enditem|p1a: Drifblim|Sitrus Berry|[eat]\n|-heal|p1a: Drifblim|185/396 psn|[from] item: Sitrus Berry\n|move|p1a: Drifblim|Calm Mind|p1a: Drifblim\n|-boost|p1a: Drifblim|spa|1\n|-boost|p1a: Drifblim|spd|1\n|\n|-heal|p2a: Darkrai|91/234|[from] item: Leftovers\n|-damage|p1a: Drifblim|136/396 psn|[from] psn\n|upkeep\n|turn|24\n|\n|t:|1781394746\n|switch|p2a: Suicune|Suicune, L82|253/298\n|-ability|p2a: Suicune|Pressure\n|move|p1a: Drifblim|Shadow Ball|p2a: Suicune\n|-damage|p2a: Suicune|108/298\n|\n|-heal|p2a: Suicune|126/298|[from] item: Leftovers\n|-damage|p1a: Drifblim|87/396 psn|[from] psn\n|upkeep\n|turn|25\n|\n|t:|1781394761\n|move|p1a: Drifblim|Shadow Ball|p2a: Suicune\n|-damage|p2a: Suicune|0 fnt\n|faint|p2a: Suicune\n|\n|-damage|p1a: Drifblim|38/396 psn|[from] psn\n|upkeep\n|\n|t:|1781394769\n|switch|p2a: Darkrai|Darkrai, L77, tera:Poison|91/234\n|turn|26\n|\n|t:|1781394780\n|move|p1a: Drifblim|Strength Sap|p2a: Darkrai\n|-unboost|p2a: Darkrai|atk|1\n|-heal|p1a: Drifblim|181/396 psn\n|move|p2a: Darkrai|Sludge Bomb|p1a: Drifblim\n|-damage|p1a: Drifblim|114/396 psn\n|\n|-heal|p2a: Darkrai|105/234|[from] item: Leftovers\n|-damage|p1a: Drifblim|65/396 psn|[from] psn\n|upkeep\n|turn|27\n|\n|t:|1781394809\n|move|p1a: Drifblim|Shadow Ball|p2a: Darkrai\n|-damage|p2a: Darkrai|0 fnt\n|faint|p2a: Darkrai\n|\n|-damage|p1a: Drifblim|16/396 psn|[from] psn\n|upkeep\n|inactive|AcquiredWolf has 120 seconds left.\n|\n|t:|1781394821\n|switch|p2a: Corviknight|Corviknight, L80, M|238/288\n|-ability|p2a: Corviknight|Pressure\n|turn|28\n|inactive|AcquiredWolf has 120 seconds left.\n|\n|t:|1781394845\n|move|p1a: Drifblim|Shadow Ball|p2a: Corviknight\n|-damage|p2a: Corviknight|69/288\n|move|p2a: Corviknight|Body Press|p1a: Drifblim\n|-supereffective|p1a: Drifblim\n|-damage|p1a: Drifblim|0 fnt\n|faint|p1a: Drifblim\n|\n|upkeep\n|\n|t:|1781394853\n|switch|p1a: Porygon-Z|Porygon-Z, L83|157/277\n|turn|29\n|\n|t:|1781394858\n|move|p1a: Porygon-Z|Shadow Ball|p2a: Corviknight\n|-damage|p2a: Corviknight|0 fnt\n|faint|p2a: Corviknight\n|-damage|p1a: Porygon-Z|130/277|[from] item: Life Orb\n|\n|upkeep\n|\n|t:|1781394864\n|switch|p2a: Giratina|Giratina, L75|337/349 slp\n|-ability|p2a: Giratina|Pressure\n|turn|30\n|\n|t:|1781394869\n|move|p1a: Porygon-Z|Shadow Ball|p2a: Giratina\n|-supereffective|p2a: Giratina\n|-damage|p2a: Giratina|178/349 slp\n|-damage|p1a: Porygon-Z|103/277|[from] item: Life Orb\n|cant|p2a: Giratina|slp\n|\n|-heal|p2a: Giratina|199/349 slp|[from] item: Leftovers\n|upkeep\n|turn|31\n|\n|t:|1781394879\n|move|p1a: Porygon-Z|Nasty Plot|p1a: Porygon-Z\n|-boost|p1a: Porygon-Z|spa|2\n|-curestatus|p2a: Giratina|slp|[msg]\n|move|p2a: Giratina|Rest|p2a: Giratina\n|-status|p2a: Giratina|slp|[from] move: Rest\n|-heal|p2a: Giratina|349/349 slp|[silent]\n|\n|upkeep\n|turn|32\n|-message|AcquiredWolf forfeited.\n|\n|win|SoCapable\n", "uploadtime": 1781394418, "views": 6, "formatid": "gen9randombattle", "rating": null, "private": 0, "password": null}