{"id": "gen9randombattle-2631749346", "format": "[Gen 9] Random Battle", "players": ["reela", "MiracleEggy"], "log": "|j|\u2606reela\n|j|\u203dMiracleEggy\n|t:|1781433428\n|gametype|singles\n|player|p1|reela|101|2058\n|player|p2|MiracleEggy|soliera|2024\n|gen|9\n|tier|[Gen 9] Random Battle\n|rated|\n|rule|Species Clause: Limit one of each Pok\u00e9mon\n|rule|HP Percentage Mod: HP is shown in percentages\n|rule|Sleep Clause Mod: Limit one foe put to sleep\n|rule|Illusion Level Mod: Illusion disguises the Pok\u00e9mon's true level\n|\n|t:|1781433428\n|teamsize|p1|6\n|teamsize|p2|6\n|start\n|switch|p1a: Drifblim|Drifblim, L86, M|396/396\n|switch|p2a: Glimmora|Glimmora, L75, M|248/248\n|turn|1\n|inactive|Battle timer is ON: inactive players will automatically lose when time's up. (requested by MiracleEggy)\n|\n|t:|1781433436\n|switch|p1a: Bisharp|Bisharp, L79, M|232/232\n|move|p2a: Glimmora|Stealth Rock|p1a: Bisharp\n|-sidestart|p1: reela|move: Stealth Rock\n|\n|upkeep\n|turn|2\n|\n|t:|1781433442\n|move|p2a: Glimmora|Earth Power|p1a: Bisharp\n|-supereffective|p1a: Bisharp\n|-damage|p1a: Bisharp|114/232\n|move|p1a: Bisharp|Swords Dance|p1a: Bisharp\n|-boost|p1a: Bisharp|atk|2\n|\n|upkeep\n|turn|3\n|\n|t:|1781433449\n|move|p2a: Glimmora|Earth Power|p1a: Bisharp\n|-supereffective|p1a: Bisharp\n|-damage|p1a: Bisharp|0 fnt\n|faint|p1a: Bisharp\n|\n|upkeep\n|\n|t:|1781433458\n|switch|p1a: Slowbro|Slowbro-Galar, L87, F|307/307\n|-damage|p1a: Slowbro|269/307|[from] Stealth Rock\n|turn|4\n|inactive|MiracleEggy has 120 seconds left.\n|\n|t:|1781433493\n|switch|p2a: Gumshoos|Gumshoos, L95, F|321/321\n|move|p1a: Slowbro|Psychic|p2a: Gumshoos\n|-damage|p2a: Gumshoos|204/321\n|\n|upkeep\n|turn|5\n|\n|t:|1781433499\n|switch|p1a: Abomasnow|Abomasnow, L84, F|287/287\n|-damage|p1a: Abomasnow|216/287|[from] Stealth Rock\n|-weather|Snowscape|[from] ability: Snow Warning|[of] p1a: Abomasnow\n|move|p2a: Gumshoos|Knock Off|p1a: Abomasnow\n|-damage|p1a: Abomasnow|101/287\n|-enditem|p1a: Abomasnow|Light Clay|[from] move: Knock Off|[of] p2a: Gumshoos\n|\n|-weather|Snowscape|[upkeep]\n|upkeep\n|turn|6\n|\n|t:|1781433511\n|switch|p2a: Glimmora|Glimmora, L75, M|248/248\n|move|p1a: Abomasnow|Earthquake|p2a: Glimmora\n|-supereffective|p2a: Glimmora\n|-enditem|p2a: Glimmora|Focus Sash\n|-damage|p2a: Glimmora|1/248\n|-activate|p2a: Glimmora|ability: Toxic Debris\n|-sidestart|p1: reela|move: Toxic Spikes\n|\n|-weather|Snowscape|[upkeep]\n|upkeep\n|turn|7\n|\n|t:|1781433518\n|move|p1a: Abomasnow|Ice Shard|p2a: Glimmora\n|-damage|p2a: Glimmora|0 fnt\n|-activate|p2a: Glimmora|ability: Toxic Debris\n|-sidestart|p1: reela|move: Toxic Spikes\n|faint|p2a: Glimmora\n|\n|-weather|Snowscape|[upkeep]\n|upkeep\n|inactive|MiracleEggy has 120 seconds left.\n|\n|t:|1781433537\n|switch|p2a: Rillaboom|Rillaboom, L79, F|288/288\n|-fieldstart|move: Grassy Terrain|[from] ability: Grassy Surge|[of] p2a: Rillaboom\n|turn|8\n|\n|t:|1781433567\n|move|p2a: Rillaboom|U-turn|p1a: Abomasnow\n|-supereffective|p1a: Abomasnow\n|-crit|p1a: Abomasnow\n|-damage|p1a: Abomasnow|0 fnt\n|faint|p1a: Abomasnow\n|inactive|MiracleEggy has 120 seconds left.\n|\n|t:|1781433603\n|switch|p2a: Gumshoos|Gumshoos, L95, F|204/321|[from] U-turn\n|\n|-weather|Snowscape|[upkeep]\n|-heal|p2a: Gumshoos|224/321|[from] Grassy Terrain\n|upkeep\n|inactive|reela has 120 seconds left.\n|\n|t:|1781433619\n|switch|p1a: Slowbro|Slowbro-Galar, L87, F|307/307\n|-damage|p1a: Slowbro|269/307|[from] Stealth Rock\n|-sideend|p1: reela|move: Toxic Spikes|[of] p1a: Slowbro\n|turn|9\n|\n|t:|1781433624\n|move|p2a: Gumshoos|Knock Off|p1a: Slowbro\n|-supereffective|p1a: Slowbro\n|-damage|p1a: Slowbro|3/307\n|-damage|p2a: Gumshoos|171/321|[from] item: Rocky Helmet|[of] p1a: Slowbro\n|-enditem|p1a: Slowbro|Rocky Helmet|[from] move: Knock Off|[of] p2a: Gumshoos\n|move|p1a: Slowbro|Shell Side Arm|p2a: Gumshoos|[anim] Shell Side Arm Special\n|-damage|p2a: Gumshoos|53/321\n|-hint|Special Shell Side Arm\n|-status|p2a: Gumshoos|psn\n|\n|-weather|none\n|-heal|p2a: Gumshoos|73/321 psn|[from] Grassy Terrain\n|-heal|p1a: Slowbro|22/307|[from] Grassy Terrain\n|-damage|p2a: Gumshoos|33/321 psn|[from] psn\n|upkeep\n|turn|10\n|\n|t:|1781433631\n|move|p2a: Gumshoos|Knock Off|p1a: Slowbro\n|-supereffective|p1a: Slowbro\n|-damage|p1a: Slowbro|0 fnt\n|faint|p1a: Slowbro\n|\n|-heal|p2a: Gumshoos|53/321 psn|[from] Grassy Terrain\n|-damage|p2a: Gumshoos|13/321 psn|[from] psn\n|upkeep\n|inactive|reela has 120 seconds left.\n|inactive|reela has 90 seconds left.\n|\n|t:|1781433698\n|switch|p1a: Yanmega|Yanmega, L82, F|275/275\n|-damage|p1a: Yanmega|138/275|[from] Stealth Rock\n|turn|11\n|inactive|MiracleEggy has 120 seconds left.\n|\n|t:|1781433711\n|move|p1a: Yanmega|Bug Buzz|p2a: Gumshoos\n|-damage|p2a: Gumshoos|0 fnt\n|faint|p2a: Gumshoos\n|\n|upkeep\n|inactive|MiracleEggy has 120 seconds left.\n|\n|t:|1781433722\n|switch|p2a: Gastrodon|Gastrodon-East, L86, F|331/331\n|turn|12\n|\n|t:|1781433727\n|switch|p1a: Flapple|Flapple, L88, M|266/266\n|-damage|p1a: Flapple|233/266|[from] Stealth Rock\n|move|p2a: Gastrodon|Ice Beam|p1a: Flapple\n|-supereffective|p1a: Flapple\n|-damage|p1a: Flapple|0 fnt\n|faint|p1a: Flapple\n|\n|-fieldend|move: Grassy Terrain\n|upkeep\n|\n|t:|1781433730\n|switch|p1a: Yanmega|Yanmega, L82, F|138/275\n|-damage|p1a: Yanmega|1/275|[from] Stealth Rock\n|turn|13\n|\n|t:|1781433737\n|-terastallize|p2a: Gastrodon|Steel\n|move|p1a: Yanmega|Bug Buzz|p2a: Gastrodon\n|-resisted|p2a: Gastrodon\n|-damage|p2a: Gastrodon|181/331\n|move|p2a: Gastrodon|Ice Beam|p1a: Yanmega\n|-supereffective|p1a: Yanmega\n|-damage|p1a: Yanmega|0 fnt\n|faint|p1a: Yanmega\n|\n|-heal|p2a: Gastrodon|201/331|[from] item: Leftovers\n|upkeep\n|\n|t:|1781433742\n|switch|p1a: Drifblim|Drifblim, L86, M|396/396\n|-damage|p1a: Drifblim|297/396|[from] Stealth Rock\n|turn|14\n|\n|t:|1781433770\n|move|p1a: Drifblim|Calm Mind|p1a: Drifblim\n|-boost|p1a: Drifblim|spa|1\n|-boost|p1a: Drifblim|spd|1\n|move|p2a: Gastrodon|Surf|p1a: Drifblim\n|-damage|p1a: Drifblim|203/396\n|\n|-heal|p2a: Gastrodon|221/331|[from] item: Leftovers\n|upkeep\n|turn|15\n|\n|t:|1781433776\n|switch|p2a: Inteleon|Inteleon, L81, F|246/246\n|move|p1a: Drifblim|Calm Mind|p1a: Drifblim\n|-boost|p1a: Drifblim|spa|1\n|-boost|p1a: Drifblim|spd|1\n|\n|upkeep\n|turn|16\n|\n|t:|1781433789\n|-terastallize|p1a: Drifblim|Fairy\n|move|p2a: Inteleon|Hydro Pump|p1a: Drifblim\n|-damage|p1a: Drifblim|67/396\n|-enditem|p1a: Drifblim|Sitrus Berry|[eat]\n|-heal|p1a: Drifblim|166/396|[from] item: Sitrus Berry\n|move|p1a: Drifblim|Strength Sap|p2a: Inteleon\n|-unboost|p2a: Inteleon|atk|1\n|-heal|p1a: Drifblim|350/396\n|\n|upkeep\n|turn|17\n|\n|t:|1781433798\n|move|p1a: Drifblim|Calm Mind|p1a: Drifblim\n|-boost|p1a: Drifblim|spa|1\n|-boost|p1a: Drifblim|spd|1\n|move|p2a: Inteleon|Hydro Pump|p1a: Drifblim\n|-damage|p1a: Drifblim|232/396\n|\n|upkeep\n|turn|18\n|\n|t:|1781433801\n|move|p1a: Drifblim|Calm Mind|p1a: Drifblim\n|-boost|p1a: Drifblim|spa|1\n|-boost|p1a: Drifblim|spd|1\n|move|p2a: Inteleon|Hydro Pump|p1a: Drifblim\n|-damage|p1a: Drifblim|139/396\n|\n|upkeep\n|turn|19\n|\n|t:|1781433803\n|move|p1a: Drifblim|Strength Sap|p2a: Inteleon\n|-unboost|p2a: Inteleon|atk|1\n|-heal|p1a: Drifblim|261/396\n|move|p2a: Inteleon|Hydro Pump|p1a: Drifblim\n|-damage|p1a: Drifblim|170/396\n|\n|upkeep\n|turn|20\n|\n|t:|1781433809\n|move|p1a: Drifblim|Strength Sap|p2a: Inteleon\n|-unboost|p2a: Inteleon|atk|1\n|-heal|p1a: Drifblim|262/396\n|move|p2a: Inteleon|Hydro Pump|p1a: Drifblim\n|-damage|p1a: Drifblim|175/396\n|\n|upkeep\n|turn|21\n|\n|t:|1781433815\n|move|p1a: Drifblim|Calm Mind|p1a: Drifblim\n|-boost|p1a: Drifblim|spa|1\n|-boost|p1a: Drifblim|spd|1\n|move|p2a: Inteleon|Hydro Pump|p1a: Drifblim\n|-damage|p1a: Drifblim|90/396\n|\n|upkeep\n|turn|22\n|\n|t:|1781433818\n|move|p1a: Drifblim|Calm Mind|p1a: Drifblim\n|-boost|p1a: Drifblim|spa|1\n|-boost|p1a: Drifblim|spd|1\n|move|p2a: Inteleon|Hydro Pump|p1a: Drifblim\n|-damage|p1a: Drifblim|21/396\n|\n|upkeep\n|turn|23\n|\n|t:|1781433821\n|move|p1a: Drifblim|Strength Sap|p2a: Inteleon\n|-unboost|p2a: Inteleon|atk|1\n|-heal|p1a: Drifblim|94/396\n|move|p2a: Inteleon|Hydro Pump|p1a: Drifblim\n|-damage|p1a: Drifblim|19/396\n|\n|upkeep\n|turn|24\n|\n|t:|1781433825\n|move|p1a: Drifblim|Strength Sap|p2a: Inteleon\n|-unboost|p2a: Inteleon|atk|1\n|-heal|p1a: Drifblim|80/396\n|-activate|p2a: Inteleon|move: Struggle\n|move|p2a: Inteleon|Struggle|p1a: Drifblim\n|-damage|p1a: Drifblim|67/396\n|-damage|p2a: Inteleon|184/246|[from] recoil\n|\n|upkeep\n|turn|25\n|\n|t:|1781433828\n|move|p1a: Drifblim|Strength Sap|p2a: Inteleon\n|-unboost|p2a: Inteleon|atk|1\n|-heal|p1a: Drifblim|119/396\n|-activate|p2a: Inteleon|move: Struggle\n|move|p2a: Inteleon|Struggle|p1a: Drifblim\n|-damage|p1a: Drifblim|106/396\n|-damage|p2a: Inteleon|122/246|[from] recoil\n|\n|upkeep\n|turn|26\n|\n|t:|1781433831\n|move|p1a: Drifblim|Strength Sap||[still]\n|-fail|p1a: Drifblim\n|-activate|p2a: Inteleon|move: Struggle\n|move|p2a: Inteleon|Struggle|p1a: Drifblim\n|-damage|p1a: Drifblim|94/396\n|-damage|p2a: Inteleon|60/246|[from] recoil\n|\n|upkeep\n|turn|27\n|-message|reela forfeited.\n|\n|win|MiracleEggy\n", "inputlog": ">version a8376a258c1d4662feba110a92103f3664a72141\n>start {\"formatid\":\"gen9randombattle\",\"seed\":\"sodium,aa2867380415213ae5824cabc9d637d9\",\"rated\":\"Rated battle\"}\n>player p1 {\"name\":\"reela\",\"avatar\":\"101\",\"rating\":2058,\"seed\":\"sodium,50ca6d9f3f41730bf2edc032fe5d15c8\"}\n>player p2 {\"name\":\"MiracleEggy\",\"avatar\":\"soliera\",\"rating\":2024,\"seed\":\"sodium,132e58023ebc710a8646168c20217c2f\"}\n>p1 switch 4\n>p2 move stealthrock\n>p1 move swordsdance\n>p2 move earthpower\n>p1 move ironhead\n>p2 move earthpower\n>p1 switch 3\n>p1 move psychic\n>p2 switch 6\n>p1 switch 5\n>p2 move knockoff\n>p1 move earthquake\n>p2 switch 6\n>p1 move iceshard\n>p2 move powergem\n>p2 switch 5\n>p1 move auroraveil\n>p2 move uturn\n>p2 switch 6\n>p1 switch 5\n>p1 move shellsidearm\n>p2 move knockoff\n>p1 move shellsidearm\n>p2 move knockoff\n>p1 switch 6\n>p1 move bugbuzz\n>p2 move knockoff\n>p2 switch 2\n>p1 switch 2\n>p2 move icebeam\n>p1 switch 2\n>p1 move bugbuzz\n>p2 move icebeam terastallize\n>p1 switch 4\n>p1 move calmmind\n>p2 move surf\n>p1 move calmmind\n>p2 switch 4\n>p1 move strengthsap terastallize\n>p2 move hydropump\n>p1 move calmmind\n>p2 move hydropump\n>p1 move calmmind\n>p2 move hydropump\n>p1 move strengthsap\n>p2 move hydropump\n>p1 move strengthsap\n>p2 move hydropump\n>p1 move calmmind\n>p2 move hydropump\n>p1 move calmmind\n>p2 move hydropump\n>p1 move strengthsap\n>p2 move hydropump\n>p1 move strengthsap\n>p2 move struggle\n>p1 move strengthsap\n>p2 move struggle\n>p1 move strengthsap\n>p2 move struggle\n>forcelose p1", "uploadtime": 1781433430, "views": 5, "formatid": "gen9randombattle", "rating": null, "private": 0, "password": null}