{"id": "gen9randombattle-2631832725", "format": "[Gen 9] Random Battle", "players": ["Vini_koraidon", "Umbreon's Guardian"], "log": "|j|\u2606Vini_koraidon\n|j|\u2606Umbreon's Guardian\n|t:|1781445872\n|gametype|singles\n|player|p1|Vini_koraidon|miku-flying|\n|player|p2|Umbreon's Guardian|veteran|\n|gen|9\n|tier|[Gen 9] Random Battle\n|rule|Species Clause: Limit one of each Pok\u00e9mon\n|rule|HP Percentage Mod: HP is shown in percentages\n|rule|Sleep Clause Mod: Limit one foe put to sleep\n|rule|Illusion Level Mod: Illusion disguises the Pok\u00e9mon's true level\n|\n|t:|1781445872\n|teamsize|p1|6\n|teamsize|p2|6\n|start\n|switch|p1a: Iron Treads|Iron Treads, L77|265/265\n|switch|p2a: Poliwrath|Poliwrath, L88, F|302/302\n|turn|1\n|inactive|Battle timer is ON: inactive players will automatically lose when time's up. (requested by Vini_koraidon)\n|inactive|Vini_koraidon has 270 seconds left.\n|\n|t:|1781445914\n|-end|p1a: Iron Treads|Quark Drive|[silent]\n|switch|p1a: Braviary|Braviary-Hisui, L85, M|326/326\n|move|p2a: Poliwrath|Rain Dance|p2a: Poliwrath\n|-weather|RainDance\n|\n|-weather|RainDance|[upkeep]\n|upkeep\n|turn|2\n|\n|t:|1781445929\n|-terastallize|p2a: Poliwrath|Dark\n|move|p2a: Poliwrath|Knock Off|p1a: Braviary\n|-supereffective|p1a: Braviary\n|-damage|p1a: Braviary|11/326\n|-enditem|p1a: Braviary|Choice Specs|[from] move: Knock Off|[of] p2a: Poliwrath\n|-damage|p2a: Poliwrath|272/302|[from] item: Life Orb\n|move|p1a: Braviary|Esper Wing|p2a: Poliwrath\n|-immune|p2a: Poliwrath\n|\n|-weather|RainDance|[upkeep]\n|upkeep\n|turn|3\n|\n|t:|1781445940\n|move|p1a: Braviary|Vacuum Wave|p2a: Poliwrath\n|-supereffective|p2a: Poliwrath\n|-damage|p2a: Poliwrath|210/302\n|move|p2a: Poliwrath|Liquidation|p1a: Braviary\n|-crit|p1a: Braviary\n|-damage|p1a: Braviary|0 fnt\n|faint|p1a: Braviary\n|-damage|p2a: Poliwrath|180/302|[from] item: Life Orb\n|\n|-weather|RainDance|[upkeep]\n|upkeep\n|\n|t:|1781445955\n|switch|p1a: Zacian|Zacian-Crowned, L64|225/225\n|-ability|p1a: Zacian|Intrepid Sword|boost\n|-boost|p1a: Zacian|atk|1\n|turn|4\n|\n|t:|1781445966\n|move|p2a: Poliwrath|Liquidation|p1a: Zacian\n|-damage|p1a: Zacian|34/225\n|-damage|p2a: Poliwrath|150/302|[from] item: Life Orb\n|move|p1a: Zacian|Play Rough|p2a: Poliwrath\n|-supereffective|p2a: Poliwrath\n|-damage|p2a: Poliwrath|0 fnt\n|faint|p2a: Poliwrath\n|\n|-weather|RainDance|[upkeep]\n|upkeep\n|\n|t:|1781445974\n|switch|p2a: Mimikyu|Mimikyu, L79, M|216/216\n|turn|5\n|\n|t:|1781445979\n|move|p2a: Mimikyu|Shadow Sneak|p1a: Zacian\n|-damage|p1a: Zacian|0 fnt\n|faint|p1a: Zacian\n|-damage|p2a: Mimikyu|195/216|[from] item: Life Orb\n|\n|-weather|none\n|upkeep\n|\n|t:|1781445983\n|switch|p1a: Iron Treads|Iron Treads, L77|265/265\n|turn|6\n|\n|t:|1781445997\n|move|p1a: Iron Treads|Iron Head|p2a: Mimikyu\n|-activate|p2a: Mimikyu|ability: Disguise\n|-damage|p2a: Mimikyu|195/216\n|detailschange|p2a: Mimikyu|Mimikyu-Busted, L79, M\n|-damage|p2a: Mimikyu|168/216|[from] pokemon: Mimikyu-Busted\n|move|p2a: Mimikyu|Swords Dance|p2a: Mimikyu\n|-boost|p2a: Mimikyu|atk|2\n|\n|upkeep\n|turn|7\n|\n|t:|1781446004\n|move|p2a: Mimikyu|Shadow Sneak|p1a: Iron Treads\n|-crit|p1a: Iron Treads\n|-damage|p1a: Iron Treads|148/265\n|-damage|p2a: Mimikyu|147/216|[from] item: Life Orb\n|move|p1a: Iron Treads|Iron Head|p2a: Mimikyu\n|-supereffective|p2a: Mimikyu\n|-damage|p2a: Mimikyu|0 fnt\n|faint|p2a: Mimikyu\n|\n|upkeep\n|\n|t:|1781446014\n|switch|p2a: Oricorio|Oricorio-Pom-Pom, L82, M|257/257\n|turn|8\n|\n|t:|1781446020\n|move|p1a: Iron Treads|Knock Off|p2a: Oricorio\n|-damage|p2a: Oricorio|176/257\n|-enditem|p2a: Oricorio|Heavy-Duty Boots|[from] move: Knock Off|[of] p1a: Iron Treads\n|move|p2a: Oricorio|Quiver Dance|p2a: Oricorio\n|-boost|p2a: Oricorio|spa|1\n|-boost|p2a: Oricorio|spd|1\n|-boost|p2a: Oricorio|spe|1\n|\n|upkeep\n|turn|9\n|\n|t:|1781446026\n|move|p2a: Oricorio|Quiver Dance|p2a: Oricorio\n|-boost|p2a: Oricorio|spa|1\n|-boost|p2a: Oricorio|spd|1\n|-boost|p2a: Oricorio|spe|1\n|move|p1a: Iron Treads|Iron Head|p2a: Oricorio\n|-resisted|p2a: Oricorio\n|-damage|p2a: Oricorio|128/257\n|\n|upkeep\n|turn|10\n|\n|t:|1781446032\n|move|p2a: Oricorio|Quiver Dance|p2a: Oricorio\n|-boost|p2a: Oricorio|spa|1\n|-boost|p2a: Oricorio|spd|1\n|-boost|p2a: Oricorio|spe|1\n|move|p1a: Iron Treads|Iron Head|p2a: Oricorio\n|-resisted|p2a: Oricorio\n|-damage|p2a: Oricorio|83/257\n|\n|upkeep\n|turn|11\n|\n|t:|1781446035\n|move|p2a: Oricorio|Roost|p2a: Oricorio\n|-heal|p2a: Oricorio|212/257\n|-singleturn|p2a: Oricorio|move: Roost\n|move|p1a: Iron Treads|Iron Head|p2a: Oricorio\n|-resisted|p2a: Oricorio\n|-damage|p2a: Oricorio|168/257\n|\n|upkeep\n|turn|12\n|\n|t:|1781446038\n|move|p2a: Oricorio|Quiver Dance|p2a: Oricorio\n|-boost|p2a: Oricorio|spa|1\n|-boost|p2a: Oricorio|spd|1\n|-boost|p2a: Oricorio|spe|1\n|move|p1a: Iron Treads|Iron Head|p2a: Oricorio\n|-resisted|p2a: Oricorio\n|-damage|p2a: Oricorio|117/257\n|\n|upkeep\n|turn|13\n|\n|t:|1781446041\n|move|p2a: Oricorio|Hurricane|p1a: Iron Treads\n|-resisted|p1a: Iron Treads\n|-damage|p1a: Iron Treads|13/265\n|move|p1a: Iron Treads|Iron Head|p2a: Oricorio\n|-resisted|p2a: Oricorio\n|-damage|p2a: Oricorio|72/257\n|\n|upkeep\n|turn|14\n|\n|t:|1781446047\n|move|p2a: Oricorio|Hurricane|p1a: Iron Treads|[miss]\n|-miss|p2a: Oricorio|p1a: Iron Treads\n|move|p1a: Iron Treads|Iron Head|p2a: Oricorio\n|-resisted|p2a: Oricorio\n|-damage|p2a: Oricorio|25/257\n|\n|upkeep\n|turn|15\n|\n|t:|1781446054\n|move|p2a: Oricorio|Hurricane|p1a: Iron Treads\n|-resisted|p1a: Iron Treads\n|-damage|p1a: Iron Treads|0 fnt\n|faint|p1a: Iron Treads\n|-end|p1a: Iron Treads|Quark Drive|[silent]\n|\n|upkeep\n|\n|t:|1781446074\n|switch|p1a: Skuntank|Skuntank, L84, F|310/310\n|turn|16\n|\n|t:|1781446093\n|move|p2a: Oricorio|Revelation Dance|p1a: Skuntank\n|-damage|p1a: Skuntank|84/310\n|move|p1a: Skuntank|Fire Blast|p2a: Oricorio\n|-crit|p2a: Oricorio\n|-damage|p2a: Oricorio|0 fnt\n|faint|p2a: Oricorio\n|\n|upkeep\n|\n|t:|1781446111\n|switch|p2a: Cyclizar|Cyclizar, L83, F|252/252\n|turn|17\n|\n|t:|1781446118\n|move|p2a: Cyclizar|Draco Meteor|p1a: Skuntank\n|-damage|p1a: Skuntank|0 fnt\n|-unboost|p2a: Cyclizar|spa|2\n|faint|p1a: Skuntank\n|\n|upkeep\n|\n|t:|1781446122\n|switch|p1a: Basculegion|Basculegion-F, L83, F|335/335\n|turn|18\n|\n|t:|1781446130\n|move|p2a: Cyclizar|Shed Tail|p2a: Cyclizar\n|-start|p2a: Cyclizar|Substitute|[from] move: Shed Tail\n|-damage|p2a: Cyclizar|126/252\n|\n|t:|1781446133\n|switch|p2a: Ditto|Ditto, L87|225/225|[from] Shed Tail\n|-transform|p2a: Ditto|p1a: Basculegion|[from] ability: Imposter\n|move|p1a: Basculegion|Flip Turn|p2a: Ditto\n|-resisted|p2a: Ditto\n|-activate|p2a: Ditto|move: Substitute|[damage]\n|\n|t:|1781446141\n|switch|p1a: Iron Jugulis|Iron Jugulis, L77|271/271|[from] Flip Turn\n|\n|upkeep\n|turn|19\n|\n|t:|1781446147\n|-terastallize|p1a: Iron Jugulis|Dark\n|move|p2a: Ditto|Ice Beam|p1a: Iron Jugulis\n|-damage|p1a: Iron Jugulis|195/271\n|-status|p1a: Iron Jugulis|frz\n|cant|p1a: Iron Jugulis|frz\n|\n|upkeep\n|turn|20\n|\n|t:|1781446177\n|move|p2a: Ditto|Ice Beam|p1a: Iron Jugulis\n|-damage|p1a: Iron Jugulis|117/271 frz\n|-curestatus|p1a: Iron Jugulis|frz|[msg]\n|move|p1a: Iron Jugulis|Dark Pulse|p2a: Ditto\n|-supereffective|p2a: Ditto\n|-end|p2a: Ditto|Substitute\n|\n|upkeep\n|turn|21\n|\n|t:|1781446188\n|switch|p2a: Whimsicott|Whimsicott, L84, M|238/238\n|move|p1a: Iron Jugulis|Dark Pulse|p2a: Whimsicott\n|-resisted|p2a: Whimsicott\n|-damage|p2a: Whimsicott|141/238\n|\n|upkeep\n|turn|22\n|\n|t:|1781446194\n|-end|p1a: Iron Jugulis|Quark Drive|[silent]\n|switch|p1a: Basculegion|Basculegion-F, L83, F|335/335\n|move|p2a: Whimsicott|Stun Spore|p1a: Basculegion|[miss]\n|-miss|p2a: Whimsicott|p1a: Basculegion\n|\n|upkeep\n|turn|23\n|\n|t:|1781446204\n|move|p2a: Whimsicott|Stun Spore|p1a: Basculegion\n|-status|p1a: Basculegion|par\n|cant|p1a: Basculegion|par\n|\n|upkeep\n|turn|24\n|\n|t:|1781446223\n|move|p2a: Whimsicott|Moonblast|p1a: Basculegion\n|-damage|p1a: Basculegion|239/335 par\n|cant|p1a: Basculegion|par\n|\n|upkeep\n|turn|25\n|\n|t:|1781446228\n|move|p2a: Whimsicott|Moonblast|p1a: Basculegion\n|-damage|p1a: Basculegion|146/335 par\n|move|p1a: Basculegion|Ice Beam|p2a: Whimsicott\n|-supereffective|p2a: Whimsicott\n|-damage|p2a: Whimsicott|0 fnt\n|faint|p2a: Whimsicott\n|\n|upkeep\n|\n|t:|1781446236\n|switch|p2a: Cyclizar|Cyclizar, L83, F|210/252\n|turn|26\n|\n|t:|1781446239\n|move|p2a: Cyclizar|Knock Off|p1a: Basculegion\n|-supereffective|p1a: Basculegion\n|-damage|p1a: Basculegion|0 fnt\n|-enditem|p1a: Basculegion|Choice Specs|[from] move: Knock Off|[of] p2a: Cyclizar\n|faint|p1a: Basculegion\n|\n|upkeep\n|\n|t:|1781446242\n|switch|p1a: Iron Jugulis|Iron Jugulis, L77, tera:Dark|117/271\n|turn|27\n|\n|t:|1781446251\n|move|p2a: Cyclizar|Shed Tail|p2a: Cyclizar\n|-start|p2a: Cyclizar|Substitute|[from] move: Shed Tail\n|-damage|p2a: Cyclizar|84/252\n|\n|t:|1781446255\n|switch|p2a: Ditto|Ditto, L87|225/225|[from] Shed Tail\n|-transform|p2a: Ditto|p1a: Iron Jugulis|[from] ability: Imposter\n|move|p1a: Iron Jugulis|Dark Pulse|p2a: Ditto\n|-resisted|p2a: Ditto\n|-end|p2a: Ditto|Substitute\n|\n|upkeep\n|turn|28\n|\n|t:|1781446264\n|move|p2a: Ditto|Hurricane|p1a: Iron Jugulis|[miss]\n|-miss|p2a: Ditto|p1a: Iron Jugulis\n|move|p1a: Iron Jugulis|Dark Pulse|p2a: Ditto\n|-resisted|p2a: Ditto\n|-damage|p2a: Ditto|127/225\n|\n|upkeep\n|turn|29\n|\n|t:|1781446268\n|move|p2a: Ditto|Hurricane|p1a: Iron Jugulis\n|-damage|p1a: Iron Jugulis|0 fnt\n|faint|p1a: Iron Jugulis\n|-end|p1a: Iron Jugulis|Quark Drive|[silent]\n|\n|win|Umbreon's Guardian\n", "inputlog": ">version a8376a258c1d4662feba110a92103f3664a72141\n>start {\"formatid\":\"gen9randombattle\",\"seed\":\"sodium,81fe4e1c6a7f6eb93826c4454840e4f2\"}\n>player p1 {\"name\":\"Vini_koraidon\",\"avatar\":\"miku-flying\",\"rating\":0,\"seed\":\"sodium,2138c48551753e7f8d1833521de97f16\"}\n>player p2 {\"name\":\"Umbreon's Guardian\",\"avatar\":\"veteran\",\"rating\":0,\"seed\":\"sodium,b5c93367ed02d2caba68cadea87f786e\"}\n>p1 switch 5\n>p2 move raindance\n>p1 move esperwing\n>p2 move knockoff terastallize\n>p1 move vacuumwave\n>p2 move liquidation\n>p1 switch 4\n>p1 move playrough\n>p2 move liquidation\n>p2 switch 2\n>p1 move behemothblade\n>p2 move shadowsneak\n>p1 switch 5\n>p1 move ironhead\n>p2 move swordsdance\n>p1 move ironhead\n>p2 move shadowsneak\n>p2 switch 5\n>p1 move knockoff\n>p2 move quiverdance\n>p1 move ironhead\n>p2 move quiverdance\n>p1 move ironhead\n>p2 move quiverdance\n>p1 move ironhead\n>p2 move roost\n>p1 move ironhead\n>p2 move quiverdance\n>p1 move ironhead\n>p2 move hurricane\n>p1 move ironhead\n>p2 move hurricane\n>p1 move ironhead\n>p2 move hurricane\n>p1 switch 2\n>p1 move fireblast\n>p2 move revelationdance\n>p2 switch 3\n>p1 move knockoff\n>p2 move dracometeor\n>p1 switch 3\n>p1 move flipturn\n>p2 move shedtail\n>p2 switch 4\n>p1 switch 6\n>p1 move darkpulse terastallize\n>p2 move icebeam\n>p1 move darkpulse\n>p2 move icebeam\n>p1 move darkpulse\n>p2 switch 6\n>p1 switch 6\n>p2 move stunspore\n>p1 move icebeam\n>p2 move stunspore\n>p1 move icebeam\n>p2 move moonblast\n>p1 move icebeam\n>p2 move moonblast\n>p2 switch 4\n>p1 move icebeam\n>p2 move knockoff\n>p1 switch 6\n>p1 move darkpulse\n>p2 move shedtail\n>p2 switch 6\n>p1 move darkpulse\n>p2 move hurricane\n>p1 move darkpulse\n>p2 move hurricane", "uploadtime": 1781446271, "views": 19, "formatid": "gen9randombattle", "rating": null, "private": 0, "password": null}