{"id": "gen9randombattle-2631407491", "format": "[Gen 9] Random Battle", "players": ["philschmil", "Coopman35"], "log": "|j|\u2606philschmil\n|j|\u2606Coopman35\n|t:|1781380961\n|gametype|singles\n|player|p1|philschmil|alder|1977\n|player|p2|Coopman35|bruno|1967\n|gen|9\n|tier|[Gen 9] Random Battle\n|rated|\n|rule|Species Clause: Limit one of each Pok\u00e9mon\n|rule|HP Percentage Mod: HP is shown in percentages\n|rule|Sleep Clause Mod: Limit one foe put to sleep\n|rule|Illusion Level Mod: Illusion disguises the Pok\u00e9mon's true level\n|\n|t:|1781380961\n|teamsize|p1|6\n|teamsize|p2|6\n|start\n|switch|p1a: Arceus|Arceus-Steel, L70|284/284\n|switch|p2a: Iron Hands|Iron Hands, L79|373/373\n|turn|1\n|inactive|Battle timer is ON: inactive players will automatically lose when time's up. (requested by philschmil)\n|j| Sanatan Dharma\n|\n|t:|1781380973\n|switch|p1a: Wyrdeer|Wyrdeer, L87, F|321/321\n|-ability|p1a: Wyrdeer|Intimidate|boost\n|-unboost|p2a: Iron Hands|atk|1\n|move|p2a: Iron Hands|Swords Dance|p2a: Iron Hands\n|-boost|p2a: Iron Hands|atk|2\n|\n|upkeep\n|turn|2\n|\n|t:|1781380980\n|move|p1a: Wyrdeer|Psychic Noise|p2a: Iron Hands\n|-supereffective|p2a: Iron Hands\n|-damage|p2a: Iron Hands|163/373\n|-start|p2a: Iron Hands|move: Heal Block\n|move|p2a: Iron Hands|Wild Charge|p1a: Wyrdeer\n|-damage|p1a: Wyrdeer|129/321\n|-damage|p2a: Iron Hands|115/373|[from] Recoil\n|\n|-heal|p1a: Wyrdeer|149/321|[from] item: Leftovers\n|upkeep\n|turn|3\n|\n|t:|1781380984\n|-end|p2a: Iron Hands|Quark Drive|[silent]\n|switch|p2a: Samurott|Samurott-Hisui, L77, F|265/265\n|move|p1a: Wyrdeer|Psychic Noise|p2a: Samurott\n|-immune|p2a: Samurott\n|\n|-heal|p1a: Wyrdeer|169/321|[from] item: Leftovers\n|upkeep\n|turn|4\n|\n|t:|1781380992\n|switch|p1a: Leafeon|Leafeon, L88, F|258/258\n|move|p2a: Samurott|Ceaseless Edge|p1a: Leafeon\n|-damage|p1a: Leafeon|176/258\n|-sidestart|p1: philschmil|Spikes\n|-damage|p2a: Samurott|239/265|[from] item: Life Orb\n|\n|upkeep\n|turn|5\n|\n|t:|1781380999\n|move|p1a: Leafeon|Swords Dance|p1a: Leafeon\n|-boost|p1a: Leafeon|atk|2\n|move|p2a: Samurott|Ceaseless Edge|p1a: Leafeon|[miss]\n|-miss|p2a: Samurott|p1a: Leafeon\n|\n|upkeep\n|turn|6\n|\n|t:|1781381004\n|move|p1a: Leafeon|Leaf Blade|p2a: Samurott\n|-supereffective|p2a: Samurott\n|-damage|p2a: Samurott|0 fnt\n|faint|p2a: Samurott\n|-damage|p1a: Leafeon|151/258|[from] item: Life Orb\n|\n|upkeep\n|\n|t:|1781381006\n|switch|p2a: Mimikyu|Mimikyu, L79, F|216/216\n|turn|7\n|\n|t:|1781381012\n|move|p1a: Leafeon|Leaf Blade|p2a: Mimikyu\n|-activate|p2a: Mimikyu|ability: Disguise\n|-damage|p2a: Mimikyu|216/216\n|detailschange|p2a: Mimikyu|Mimikyu-Busted, L79, F\n|-damage|p2a: Mimikyu|189/216|[from] pokemon: Mimikyu-Busted\n|-damage|p1a: Leafeon|126/258|[from] item: Life Orb\n|move|p2a: Mimikyu|Play Rough|p1a: Leafeon\n|-damage|p1a: Leafeon|47/258\n|-damage|p2a: Mimikyu|168/216|[from] item: Life Orb\n|\n|upkeep\n|turn|8\n|\n|t:|1781381018\n|move|p2a: Mimikyu|Shadow Sneak|p1a: Leafeon\n|-damage|p1a: Leafeon|15/258\n|-damage|p2a: Mimikyu|147/216|[from] item: Life Orb\n|move|p1a: Leafeon|Synthesis|p1a: Leafeon\n|-heal|p1a: Leafeon|144/258\n|\n|upkeep\n|turn|9\n|\n|t:|1781381024\n|switch|p2a: Quagsire|Quagsire, L84, M|297/297\n|move|p1a: Leafeon|Leaf Blade|p2a: Quagsire\n|-supereffective|p2a: Quagsire\n|-damage|p2a: Quagsire|0 fnt\n|faint|p2a: Quagsire\n|-damage|p1a: Leafeon|119/258|[from] item: Life Orb\n|\n|upkeep\n|-message|Coopman35 forfeited.\n|\n|win|philschmil\n", "inputlog": ">version a8376a258c1d4662feba110a92103f3664a72141\n>start {\"formatid\":\"gen9randombattle\",\"seed\":\"sodium,105f41cf9949d5481e766146b0714cec\",\"rated\":\"Rated battle\"}\n>player p1 {\"name\":\"philschmil\",\"avatar\":\"alder\",\"rating\":1977,\"seed\":\"sodium,c0be1b0c14f6f94fcc2d6737931387f5\"}\n>player p2 {\"name\":\"Coopman35\",\"avatar\":\"bruno\",\"rating\":1967,\"seed\":\"sodium,01bb0f8402b47bd73b3186a19199ddb4\"}\n>p1 switch 5\n>p2 move swordsdance\n>p1 move psychicnoise\n>p2 move wildcharge\n>p1 move psychicnoise\n>p2 switch 3\n>p1 switch 2\n>p2 move ceaselessedge\n>p1 move swordsdance\n>p2 move ceaselessedge\n>p1 move leafblade\n>p2 move ceaselessedge\n>p2 switch 5\n>p1 move leafblade\n>p2 move playrough\n>p1 move synthesis\n>p2 move shadowsneak\n>p1 move leafblade\n>p2 switch 2\n>forcelose p2", "uploadtime": 1781380963, "views": 9, "formatid": "gen9randombattle", "rating": null, "private": 0, "password": null}