{"id": "gen9randombattle-2631679728", "format": "[Gen 9] Random Battle", "players": ["somatacoma", "eyubb"], "log": "|j|\u2606somatacoma\n|j|\u2606eyubb\n|t:|1781420360\n|gametype|singles\n|player|p1|somatacoma|cilan|1519\n|player|p2|eyubb|2|1504\n|gen|9\n|tier|[Gen 9] Random Battle\n|rated|\n|rule|Species Clause: Limit one of each Pok\u00e9mon\n|rule|HP Percentage Mod: HP is shown in percentages\n|rule|Sleep Clause Mod: Limit one foe put to sleep\n|rule|Illusion Level Mod: Illusion disguises the Pok\u00e9mon's true level\n|\n|t:|1781420360\n|teamsize|p1|6\n|teamsize|p2|6\n|start\n|switch|p1a: Pachirisu|Pachirisu, L96, M|271/271\n|switch|p2a: Espeon|Espeon, L84, F|246/246\n|turn|1\n|inactive|Battle timer is ON: inactive players will automatically lose when time's up. (requested by eyubb)\n|\n|t:|1781420380\n|switch|p2a: Regirock|Regirock, L83|268/268\n|move|p1a: Pachirisu|Super Fang|p2a: Regirock\n|-damage|p2a: Regirock|134/268\n|\n|upkeep\n|turn|2\n|\n|t:|1781420396\n|move|p1a: Pachirisu|U-turn|p2a: Regirock\n|-damage|p2a: Regirock|114/268\n|\n|t:|1781420398\n|switch|p1a: Golem|Golem, L87, F|281/281|[from] U-turn\n|move|p2a: Regirock|Iron Defense|p2a: Regirock\n|-boost|p2a: Regirock|def|2\n|\n|upkeep\n|turn|3\n|\n|t:|1781420410\n|move|p2a: Regirock|Body Press|p1a: Golem\n|-supereffective|p1a: Golem\n|-ability|p1a: Golem|Sturdy\n|-damage|p1a: Golem|1/281\n|move|p1a: Golem|Earthquake|p2a: Regirock\n|-supereffective|p2a: Regirock\n|-damage|p2a: Regirock|42/268\n|\n|upkeep\n|turn|4\n|-enditem|p1a: Golem|Custap Berry|[eat]\n|-activate|p1a: Golem|item: Custap Berry|[consumed]\n|\n|t:|1781420419\n|move|p1a: Golem|Earthquake|p2a: Regirock\n|-supereffective|p2a: Regirock\n|-damage|p2a: Regirock|0 fnt\n|faint|p2a: Regirock\n|\n|upkeep\n|inactive|eyubb has 120 seconds left.\n|\n|t:|1781420456\n|switch|p2a: Espeon|Espeon, L84, F|246/246\n|turn|5\n|l|\u2606somatacoma\n|inactive|somatacoma disconnected and has a minute to reconnect!\n|player|p1|\n|j|\u2606somatacoma\n|inactive|somatacoma reconnected and has 130 seconds left.\n|player|p1|somatacoma|cilan|\n|\n|t:|1781420483\n|move|p2a: Espeon|Alluring Voice|p1a: Golem\n|-damage|p1a: Golem|0 fnt\n|faint|p1a: Golem\n|-damage|p2a: Espeon|222/246|[from] item: Life Orb\n|\n|upkeep\n|\n|t:|1781420490\n|switch|p1a: Ninetales|Ninetales-Alola, L78, M|242/242\n|-weather|Snowscape|[from] ability: Snow Warning|[of] p1a: Ninetales\n|turn|6\n|\n|t:|1781420502\n|move|p2a: Espeon|Calm Mind|p2a: Espeon\n|-boost|p2a: Espeon|spa|1\n|-boost|p2a: Espeon|spd|1\n|move|p1a: Ninetales|Aurora Veil|p1a: Ninetales\n|-sidestart|p1: somatacoma|move: Aurora Veil\n|\n|-weather|Snowscape|[upkeep]\n|upkeep\n|turn|7\n|\n|t:|1781420511\n|move|p2a: Espeon|Calm Mind|p2a: Espeon\n|-boost|p2a: Espeon|spa|1\n|-boost|p2a: Espeon|spd|1\n|move|p1a: Ninetales|Nasty Plot|p1a: Ninetales\n|-boost|p1a: Ninetales|spa|2\n|\n|-weather|Snowscape|[upkeep]\n|upkeep\n|turn|8\n|\n|t:|1781420519\n|move|p2a: Espeon|Calm Mind|p2a: Espeon\n|-boost|p2a: Espeon|spa|1\n|-boost|p2a: Espeon|spd|1\n|move|p1a: Ninetales|Blizzard|p2a: Espeon\n|-damage|p2a: Espeon|159/246\n|\n|-weather|Snowscape|[upkeep]\n|upkeep\n|turn|9\n|\n|t:|1781420528\n|switch|p1a: Pachirisu|Pachirisu, L96, M|271/271\n|move|p2a: Espeon|Calm Mind|p2a: Espeon\n|-boost|p2a: Espeon|spa|1\n|-boost|p2a: Espeon|spd|1\n|\n|-weather|Snowscape|[upkeep]\n|upkeep\n|turn|10\n|\n|t:|1781420536\n|move|p1a: Pachirisu|Encore|p2a: Espeon\n|move|p2a: Espeon|Encore||[from] ability: Magic Bounce|[still]\n|-fail|p2a: Espeon\n|move|p2a: Espeon|Psyshock|p1a: Pachirisu\n|-damage|p1a: Pachirisu|41/271\n|-damage|p2a: Espeon|135/246|[from] item: Life Orb\n|\n|-weather|none\n|upkeep\n|turn|11\n|\n|t:|1781420547\n|move|p1a: Pachirisu|U-turn|p2a: Espeon\n|-supereffective|p2a: Espeon\n|-damage|p2a: Espeon|37/246\n|\n|t:|1781420556\n|switch|p1a: Bastiodon|Bastiodon, L89, M|252/252|[from] U-turn\n|move|p2a: Espeon|Psyshock|p1a: Bastiodon\n|-resisted|p1a: Bastiodon\n|-damage|p1a: Bastiodon|194/252\n|-damage|p2a: Espeon|13/246|[from] item: Life Orb\n|\n|upkeep\n|turn|12\n|\n|t:|1781420566\n|move|p2a: Espeon|Morning Sun|p2a: Espeon\n|-heal|p2a: Espeon|136/246\n|move|p1a: Bastiodon|Iron Defense|p1a: Bastiodon\n|-boost|p1a: Bastiodon|def|2\n|\n|upkeep\n|turn|13\n|\n|t:|1781420577\n|move|p2a: Espeon|Alluring Voice|p1a: Bastiodon\n|-immune|p1a: Bastiodon|[from] ability: Soundproof\n|move|p1a: Bastiodon|Iron Defense|p1a: Bastiodon\n|-boost|p1a: Bastiodon|def|2\n|\n|-sideend|p1: somatacoma|move: Aurora Veil\n|upkeep\n|turn|14\n|\n|t:|1781420587\n|move|p2a: Espeon|Psyshock|p1a: Bastiodon\n|-resisted|p1a: Bastiodon\n|-damage|p1a: Bastiodon|158/252\n|-damage|p2a: Espeon|112/246|[from] item: Life Orb\n|move|p1a: Bastiodon|Body Press|p2a: Espeon\n|-resisted|p2a: Espeon\n|-damage|p2a: Espeon|0 fnt\n|faint|p2a: Espeon\n|\n|upkeep\n|\n|t:|1781420596\n|switch|p2a: Wigglytuff|Wigglytuff, L96, F|424/424\n|turn|15\n|\n|t:|1781420601\n|move|p2a: Wigglytuff|Thunder Wave|p1a: Bastiodon\n|-status|p1a: Bastiodon|par\n|move|p1a: Bastiodon|Body Press|p2a: Wigglytuff\n|-damage|p2a: Wigglytuff|13/424\n|\n|-heal|p2a: Wigglytuff|39/424|[from] item: Leftovers\n|upkeep\n|turn|16\n|\n|t:|1781420611\n|move|p2a: Wigglytuff|Fire Blast|p1a: Bastiodon|[miss]\n|-miss|p2a: Wigglytuff|p1a: Bastiodon\n|move|p1a: Bastiodon|Body Press|p2a: Wigglytuff\n|-damage|p2a: Wigglytuff|0 fnt\n|faint|p2a: Wigglytuff\n|\n|upkeep\n|\n|t:|1781420619\n|switch|p2a: Enamorus|Enamorus-Therian, L83, F|259/259\n|turn|17\n|\n|t:|1781420634\n|switch|p1a: Ninetales|Ninetales-Alola, L78, M|242/242\n|-weather|Snowscape|[from] ability: Snow Warning|[of] p1a: Ninetales\n|-terastallize|p2a: Enamorus|Ground\n|move|p2a: Enamorus|Earth Power|p1a: Ninetales\n|-damage|p1a: Ninetales|115/242\n|\n|-weather|Snowscape|[upkeep]\n|upkeep\n|turn|18\n|\n|t:|1781420645\n|move|p1a: Ninetales|Aurora Veil|p1a: Ninetales\n|-sidestart|p1: somatacoma|move: Aurora Veil\n|move|p2a: Enamorus|Agility|p2a: Enamorus\n|-boost|p2a: Enamorus|spe|2\n|\n|-weather|Snowscape|[upkeep]\n|upkeep\n|turn|19\n|\n|t:|1781420652\n|move|p2a: Enamorus|Mystical Fire|p1a: Ninetales\n|-supereffective|p1a: Ninetales\n|-damage|p1a: Ninetales|51/242\n|-unboost|p1a: Ninetales|spa|1\n|move|p1a: Ninetales|Blizzard|p2a: Enamorus\n|-supereffective|p2a: Enamorus\n|-damage|p2a: Enamorus|155/259\n|-enditem|p2a: Enamorus|Weakness Policy\n|-boost|p2a: Enamorus|atk|2|[from] item: Weakness Policy\n|-boost|p2a: Enamorus|spa|2|[from] item: Weakness Policy\n|\n|-weather|Snowscape|[upkeep]\n|upkeep\n|turn|20\n|\n|t:|1781420666\n|move|p2a: Enamorus|Mystical Fire|p1a: Ninetales\n|-supereffective|p1a: Ninetales\n|-damage|p1a: Ninetales|0 fnt\n|faint|p1a: Ninetales\n|\n|-weather|Snowscape|[upkeep]\n|upkeep\n|\n|t:|1781420676\n|switch|p1a: Masquerain|Masquerain, L87, F|264/264\n|-ability|p1a: Masquerain|Intimidate|boost\n|-unboost|p2a: Enamorus|atk|1\n|turn|21\n|\n|t:|1781420685\n|move|p2a: Enamorus|Mystical Fire|p1a: Masquerain\n|-supereffective|p1a: Masquerain\n|-damage|p1a: Masquerain|114/264\n|-unboost|p1a: Masquerain|spa|1\n|move|p1a: Masquerain|Hydro Pump|p2a: Enamorus\n|-supereffective|p2a: Enamorus\n|-damage|p2a: Enamorus|49/259\n|\n|-weather|none\n|upkeep\n|turn|22\n|\n|t:|1781420698\n|-terastallize|p1a: Masquerain|Water\n|move|p2a: Enamorus|Mystical Fire|p1a: Masquerain\n|-resisted|p1a: Masquerain\n|-damage|p1a: Masquerain|80/264\n|-unboost|p1a: Masquerain|spa|1\n|move|p1a: Masquerain|Hydro Pump|p2a: Enamorus\n|-supereffective|p2a: Enamorus\n|-damage|p2a: Enamorus|0 fnt\n|faint|p2a: Enamorus\n|\n|upkeep\n|\n|t:|1781420717\n|switch|p2a: Dragalge|Dragalge, L88, F|258/258\n|turn|23\n|\n|t:|1781420723\n|switch|p1a: Bastiodon|Bastiodon, L89, M|158/252 par\n|move|p2a: Dragalge|Sludge Wave|p1a: Bastiodon\n|-immune|p1a: Bastiodon\n|\n|upkeep\n|turn|24\n|\n|t:|1781420736\n|move|p2a: Dragalge|Focus Blast|p1a: Bastiodon\n|-supereffective|p1a: Bastiodon\n|-crit|p1a: Bastiodon\n|-damage|p1a: Bastiodon|0 fnt\n|faint|p1a: Bastiodon\n|\n|upkeep\n|\n|t:|1781420742\n|switch|p1a: Noivern|Noivern, L82, M|274/274\n|turn|25\n|\n|t:|1781420746\n|move|p1a: Noivern|Draco Meteor|p2a: Dragalge|[miss]\n|-miss|p1a: Noivern|p2a: Dragalge\n|move|p2a: Dragalge|Draco Meteor|p1a: Noivern\n|-supereffective|p1a: Noivern\n|-damage|p1a: Noivern|66/274\n|-unboost|p2a: Dragalge|spa|2\n|\n|-sideend|p1: somatacoma|move: Aurora Veil\n|upkeep\n|turn|26\n|\n|t:|1781420756\n|move|p1a: Noivern|Draco Meteor|p2a: Dragalge\n|-supereffective|p2a: Dragalge\n|-damage|p2a: Dragalge|54/258\n|-unboost|p1a: Noivern|spa|2\n|move|p2a: Dragalge|Sludge Wave|p1a: Noivern\n|-damage|p1a: Noivern|0 fnt\n|faint|p1a: Noivern\n|\n|-heal|p2a: Dragalge|70/258|[from] item: Leftovers\n|upkeep\n|\n|t:|1781420772\n|switch|p1a: Masquerain|Masquerain, L87, F, tera:Water|80/264\n|-ability|p1a: Masquerain|Intimidate|boost\n|-unboost|p2a: Dragalge|atk|1\n|turn|27\n|\n|t:|1781420777\n|move|p1a: Masquerain|Quiver Dance|p1a: Masquerain\n|-boost|p1a: Masquerain|spa|1\n|-boost|p1a: Masquerain|spd|1\n|-boost|p1a: Masquerain|spe|1\n|move|p2a: Dragalge|Draco Meteor|p1a: Masquerain\n|-damage|p1a: Masquerain|12/264\n|-unboost|p2a: Dragalge|spa|2\n|\n|-heal|p2a: Dragalge|86/258|[from] item: Leftovers\n|upkeep\n|turn|28\n|\n|t:|1781420789\n|move|p1a: Masquerain|Hurricane|p2a: Dragalge\n|-damage|p2a: Dragalge|0 fnt\n|faint|p2a: Dragalge\n|\n|upkeep\n|\n|t:|1781420791\n|switch|p2a: Vespiquen|Vespiquen, L99, F|299/299\n|-ability|p2a: Vespiquen|Pressure\n|turn|29\n|\n|t:|1781420798\n|move|p1a: Masquerain|Hurricane|p2a: Vespiquen\n|-supereffective|p2a: Vespiquen\n|-damage|p2a: Vespiquen|11/299\n|move|p2a: Vespiquen|Hurricane|p1a: Masquerain\n|-damage|p1a: Masquerain|0 fnt\n|faint|p1a: Masquerain\n|\n|upkeep\n|\n|t:|1781420807\n|switch|p1a: Pachirisu|Pachirisu, L96, M|41/271\n|turn|30\n|\n|t:|1781420810\n|move|p1a: Pachirisu|Discharge|p2a: Vespiquen\n|-supereffective|p2a: Vespiquen\n|-damage|p2a: Vespiquen|0 fnt\n|faint|p2a: Vespiquen\n|\n|win|somatacoma\n|raw|somatacoma's rating: 1519 &rarr; <strong>1538</strong><br />(+19 for winning)\n|raw|eyubb's rating: 1504 &rarr; <strong>1485</strong><br />(-19 for losing)\n", "inputlog": ">version a8376a258c1d4662feba110a92103f3664a72141\n>start {\"formatid\":\"gen9randombattle\",\"seed\":\"sodium,3ec650a073c24ddd41359ac11b135bab\",\"rated\":\"Rated battle\"}\n>player p1 {\"name\":\"somatacoma\",\"avatar\":\"cilan\",\"rating\":1519,\"seed\":\"sodium,e3b0298db731766f41630a8fb0a200e3\"}\n>player p2 {\"name\":\"eyubb\",\"avatar\":\"2\",\"rating\":1504,\"seed\":\"sodium,11ebbe7908dd5b3b9cab08bb84ac2fc4\"}\n>p1 move superfang\n>p2 switch 3\n>p1 move uturn\n>p2 move irondefense\n>p1 switch 2\n>p1 move earthquake\n>p2 move bodypress\n>p1 move earthquake\n>p2 move bodypress\n>p2 switch 3\n>p1 move explosion\n>p2 move alluringvoice\n>p1 switch 4\n>p1 move auroraveil\n>p2 move calmmind\n>p1 move nastyplot\n>p2 move calmmind\n>p1 move blizzard\n>p2 move calmmind\n>p1 switch 2\n>p2 move calmmind\n>p1 move encore\n>p2 move psyshock\n>p1 move uturn\n>p2 move psyshock\n>p1 switch 3\n>p1 move irondefense\n>p2 move morningsun\n>p1 move irondefense\n>p2 move alluringvoice\n>p1 move bodypress\n>p2 move psyshock\n>p2 switch 6\n>p1 move bodypress\n>p2 move thunderwave\n>p1 move bodypress\n>p2 move fireblast\n>p2 switch 4\n>p1 switch 2\n>p2 move earthpower terastallize\n>p1 move auroraveil\n>p2 move agility\n>p1 move blizzard\n>p2 move mysticalfire\n>p1 move moonblast\n>p2 move mysticalfire\n>p1 switch 5\n>p1 move hydropump\n>p2 move mysticalfire\n>p1 move hydropump terastallize\n>p2 move mysticalfire\n>p2 switch 5\n>p1 switch 2\n>p2 move sludgewave\n>p1 move rest\n>p2 move focusblast\n>p1 switch 6\n>p1 move dracometeor\n>p2 move dracometeor\n>p1 move dracometeor\n>p2 move sludgewave\n>p1 switch 2\n>p1 move quiverdance\n>p2 move dracometeor\n>p1 move hurricane\n>p2 move dracometeor\n>p2 switch 2\n>p1 move hurricane\n>p2 move hurricane\n>p1 switch 3\n>p1 move discharge\n>p2 move roost", "uploadtime": 1781420816, "views": 7, "formatid": "gen9randombattle", "rating": 1485, "private": 0, "password": null}