{"id": "gen9randombattle-2631915730", "format": "[Gen 9] Random Battle", "players": ["Aminator3000", "flaviodssts"], "log": "|j|\u2606Aminator3000\n|j|\u2606flaviodssts\n|t:|1781455235\n|gametype|singles\n|player|p1|Aminator3000|veteran|1913\n|player|p2|flaviodssts|burglar|1962\n|gen|9\n|tier|[Gen 9] Random Battle\n|rated|\n|rule|Species Clause: Limit one of each Pok\u00e9mon\n|rule|HP Percentage Mod: HP is shown in percentages\n|rule|Sleep Clause Mod: Limit one foe put to sleep\n|rule|Illusion Level Mod: Illusion disguises the Pok\u00e9mon's true level\n|\n|t:|1781455235\n|teamsize|p1|6\n|teamsize|p2|6\n|start\n|switch|p1a: Sunflora|Sunflora, F|312/312\n|switch|p2a: Smeargle|Smeargle, L95, F|258/258\n|turn|1\n|inactive|Battle timer is ON: inactive players will automatically lose when time's up. (requested by flaviodssts)\n|inactive|flaviodssts has 120 seconds left.\n|\n|t:|1781455274\n|switch|p2a: Whimsicott|Whimsicott, L84, F|238/238\n|move|p1a: Sunflora|Sunny Day|p1a: Sunflora\n|-weather|SunnyDay\n|\n|-weather|SunnyDay|[upkeep]\n|upkeep\n|turn|2\n|\n|t:|1781455286\n|switch|p1a: Abomasnow|Abomasnow, L84, F|287/287\n|-weather|Snowscape|[from] ability: Snow Warning|[of] p1a: Abomasnow\n|move|p2a: Whimsicott|Encore||[still]\n|-fail|p2a: Whimsicott\n|\n|-weather|Snowscape|[upkeep]\n|upkeep\n|turn|3\n|\n|t:|1781455295\n|move|p2a: Whimsicott|U-turn|p1a: Abomasnow\n|-supereffective|p1a: Abomasnow\n|-damage|p1a: Abomasnow|233/287\n|\n|t:|1781455302\n|switch|p2a: Iron Crown|Iron Crown, L78|268/268|[from] U-turn\n|move|p1a: Abomasnow|Blizzard|p2a: Iron Crown\n|-resisted|p2a: Iron Crown\n|-damage|p2a: Iron Crown|215/268\n|\n|-weather|Snowscape|[upkeep]\n|upkeep\n|turn|4\n|\n|t:|1781455317\n|switch|p1a: Grumpig|Grumpig, L92, F|297/297\n|move|p2a: Iron Crown|Tachyon Cutter|p1a: Grumpig\n|-damage|p1a: Grumpig|234/297\n|-damage|p1a: Grumpig|170/297\n|-hitcount|p1a: Grumpig|2\n|\n|-weather|Snowscape|[upkeep]\n|-heal|p1a: Grumpig|188/297|[from] item: Leftovers\n|upkeep\n|turn|5\n|\n|t:|1781455329\n|move|p1a: Grumpig|Shadow Ball|p2a: Iron Crown\n|-supereffective|p2a: Iron Crown\n|-damage|p2a: Iron Crown|105/268\n|move|p2a: Iron Crown|Tachyon Cutter|p1a: Grumpig\n|-damage|p1a: Grumpig|118/297\n|-damage|p1a: Grumpig|54/297\n|-hitcount|p1a: Grumpig|2\n|\n|-weather|Snowscape|[upkeep]\n|-heal|p1a: Grumpig|72/297|[from] item: Leftovers\n|upkeep\n|turn|6\n|\n|t:|1781455343\n|-end|p2a: Iron Crown|Quark Drive|[silent]\n|switch|p2a: Meowscarada|Meowscarada, L78, M|247/247\n|move|p1a: Grumpig|Shadow Ball|p2a: Meowscarada\n|-resisted|p2a: Meowscarada\n|-damage|p2a: Meowscarada|204/247\n|-unboost|p2a: Meowscarada|spd|1\n|\n|-weather|none\n|-heal|p1a: Grumpig|90/297|[from] item: Leftovers\n|upkeep\n|turn|7\n|\n|t:|1781455356\n|move|p2a: Meowscarada|Knock Off|p1a: Grumpig\n|-start|p2a: Meowscarada|typechange|Dark|[from] ability: Protean\n|-supereffective|p1a: Grumpig\n|-damage|p1a: Grumpig|0 fnt\n|-enditem|p1a: Grumpig|Leftovers|[from] move: Knock Off|[of] p2a: Meowscarada\n|faint|p1a: Grumpig\n|\n|upkeep\n|\n|t:|1781455365\n|switch|p1a: Abomasnow|Abomasnow, L84, F|233/287\n|-weather|Snowscape|[from] ability: Snow Warning|[of] p1a: Abomasnow\n|turn|8\n|\n|t:|1781455375\n|move|p2a: Meowscarada|Knock Off|p1a: Abomasnow\n|-damage|p1a: Abomasnow|152/287\n|-enditem|p1a: Abomasnow|Light Clay|[from] move: Knock Off|[of] p2a: Meowscarada\n|move|p1a: Abomasnow|Aurora Veil|p1a: Abomasnow\n|-sidestart|p1: Aminator3000|move: Aurora Veil\n|\n|-weather|Snowscape|[upkeep]\n|upkeep\n|turn|9\n|\n|t:|1781455384\n|move|p2a: Meowscarada|U-turn|p1a: Abomasnow\n|-supereffective|p1a: Abomasnow\n|-damage|p1a: Abomasnow|113/287\n|\n|t:|1781455392\n|switch|p2a: Iron Crown|Iron Crown, L78|105/268|[from] U-turn\n|move|p1a: Abomasnow|Blizzard|p2a: Iron Crown\n|-resisted|p2a: Iron Crown\n|-damage|p2a: Iron Crown|50/268\n|\n|-weather|Snowscape|[upkeep]\n|upkeep\n|turn|10\n|\n|t:|1781455401\n|move|p2a: Iron Crown|Tachyon Cutter|p1a: Abomasnow\n|-supereffective|p1a: Abomasnow\n|-damage|p1a: Abomasnow|28/287\n|-supereffective|p1a: Abomasnow\n|-damage|p1a: Abomasnow|0 fnt\n|faint|p1a: Abomasnow\n|-hitcount|p1: Abomasnow|2\n|\n|-weather|Snowscape|[upkeep]\n|upkeep\n|\n|t:|1781455413\n|switch|p1a: Hitmonlee|Hitmonlee, L85, M|224/224\n|turn|11\n|\n|t:|1781455428\n|-end|p2a: Iron Crown|Quark Drive|[silent]\n|switch|p2a: Whimsicott|Whimsicott, L84, F|238/238\n|move|p1a: Hitmonlee|Close Combat|p2a: Whimsicott\n|-resisted|p2a: Whimsicott\n|-damage|p2a: Whimsicott|161/238\n|-unboost|p1a: Hitmonlee|def|1\n|-unboost|p1a: Hitmonlee|spd|1\n|-enditem|p1a: Hitmonlee|White Herb\n|-clearnegativeboost|p1a: Hitmonlee|[silent]\n|\n|-weather|Snowscape|[upkeep]\n|upkeep\n|turn|12\n|\n|t:|1781455443\n|-terastallize|p1a: Hitmonlee|Dark\n|move|p2a: Whimsicott|Encore|p1a: Hitmonlee\n|-hint|Since gen 7, Dark is immune to Prankster moves.\n|-immune|p1a: Hitmonlee\n|move|p1a: Hitmonlee|Swords Dance|p1a: Hitmonlee\n|-boost|p1a: Hitmonlee|atk|2\n|\n|-weather|none\n|-sideend|p1: Aminator3000|move: Aurora Veil\n|upkeep\n|turn|13\n|\n|t:|1781455454\n|move|p1a: Hitmonlee|Stone Edge|p2a: Whimsicott|[miss]\n|-miss|p1a: Hitmonlee|p2a: Whimsicott\n|move|p2a: Whimsicott|Moonblast|p1a: Hitmonlee\n|-supereffective|p1a: Hitmonlee\n|-damage|p1a: Hitmonlee|86/224\n|-unboost|p1a: Hitmonlee|spa|1\n|\n|upkeep\n|turn|14\n|\n|t:|1781455462\n|move|p1a: Hitmonlee|Stone Edge|p2a: Whimsicott\n|-damage|p2a: Whimsicott|0 fnt\n|faint|p2a: Whimsicott\n|\n|upkeep\n|\n|t:|1781455468\n|switch|p2a: Arbok|Arbok, L87, M|246/246\n|-ability|p2a: Arbok|Intimidate|boost\n|-unboost|p1a: Hitmonlee|atk|1\n|turn|15\n|\n|t:|1781455473\n|move|p1a: Hitmonlee|Knock Off|p2a: Arbok\n|-damage|p2a: Arbok|27/246\n|-enditem|p2a: Arbok|Leftovers|[from] move: Knock Off|[of] p1a: Hitmonlee\n|move|p2a: Arbok|Gunk Shot|p1a: Hitmonlee|[miss]\n|-miss|p2a: Arbok|p1a: Hitmonlee\n|\n|upkeep\n|turn|16\n|\n|t:|1781455486\n|switch|p2a: Iron Crown|Iron Crown, L78|50/268\n|move|p1a: Hitmonlee|Knock Off|p2a: Iron Crown\n|-supereffective|p2a: Iron Crown\n|-damage|p2a: Iron Crown|0 fnt\n|-enditem|p2a: Iron Crown|Choice Specs|[from] move: Knock Off|[of] p1a: Hitmonlee\n|faint|p2a: Iron Crown\n|-end|p2a: Iron Crown|Quark Drive|[silent]\n|\n|upkeep\n|\n|t:|1781455489\n|switch|p2a: Arbok|Arbok, L87, M|27/246\n|-ability|p2a: Arbok|Intimidate|boost\n|-unboost|p1a: Hitmonlee|atk|1\n|turn|17\n|\n|t:|1781455498\n|move|p1a: Hitmonlee|Knock Off|p2a: Arbok\n|-damage|p2a: Arbok|0 fnt\n|faint|p2a: Arbok\n|\n|upkeep\n|\n|t:|1781455508\n|switch|p2a: Thundurus|Thundurus-Therian, L80, M|258/258\n|turn|18\n|\n|t:|1781455521\n|move|p1a: Hitmonlee|Stone Edge|p2a: Thundurus\n|-supereffective|p2a: Thundurus\n|-crit|p2a: Thundurus\n|-damage|p2a: Thundurus|0 fnt\n|faint|p2a: Thundurus\n|\n|upkeep\n|\n|t:|1781455527\n|switch|p2a: Meowscarada|Meowscarada, L78, M|204/247\n|turn|19\n|\n|t:|1781455531\n|-terastallize|p2a: Meowscarada|Grass\n|move|p1a: Hitmonlee|Close Combat|p2a: Meowscarada\n|-damage|p2a: Meowscarada|17/247\n|-unboost|p1a: Hitmonlee|def|1\n|-unboost|p1a: Hitmonlee|spd|1\n|move|p2a: Meowscarada|Flower Trick|p1a: Hitmonlee\n|-crit|p1a: Hitmonlee\n|-damage|p1a: Hitmonlee|0 fnt\n|faint|p1a: Hitmonlee\n|\n|upkeep\n|\n|t:|1781455545\n|switch|p1a: Sunflora|Sunflora, F|312/312\n|turn|20\n|\n|t:|1781455555\n|move|p2a: Meowscarada|Knock Off|p1a: Sunflora\n|-damage|p1a: Sunflora|201/312\n|-enditem|p1a: Sunflora|Life Orb|[from] move: Knock Off|[of] p2a: Meowscarada\n|move|p1a: Sunflora|Earth Power|p2a: Meowscarada\n|-resisted|p2a: Meowscarada\n|-damage|p2a: Meowscarada|0 fnt\n|faint|p2a: Meowscarada\n|\n|upkeep\n|\n|t:|1781455560\n|switch|p2a: Smeargle|Smeargle, L95, F|258/258\n|turn|21\n|\n|t:|1781455567\n|move|p2a: Smeargle|Shell Smash|p2a: Smeargle\n|-unboost|p2a: Smeargle|def|1\n|-unboost|p2a: Smeargle|spd|1\n|-boost|p2a: Smeargle|atk|2\n|-boost|p2a: Smeargle|spa|2\n|-boost|p2a: Smeargle|spe|2\n|move|p1a: Sunflora|Sunny Day|p1a: Sunflora\n|-weather|SunnyDay\n|\n|-weather|SunnyDay|[upkeep]\n|upkeep\n|turn|22\n|\n|t:|1781455576\n|move|p2a: Smeargle|Population Bomb|p1a: Sunflora\n|-damage|p1a: Sunflora|165/312\n|-damage|p1a: Sunflora|129/312\n|-damage|p1a: Sunflora|90/312\n|-damage|p1a: Sunflora|53/312\n|-damage|p1a: Sunflora|16/312\n|-damage|p1a: Sunflora|0 fnt\n|faint|p1a: Sunflora\n|-hitcount|p1: Sunflora|6\n|\n|-weather|SunnyDay|[upkeep]\n|upkeep\n|\n|t:|1781455589\n|switch|p1a: Klawf|Klawf, L90, F|272/272\n|turn|23\n|\n|t:|1781455595\n|move|p2a: Smeargle|Spore|p1a: Klawf\n|-status|p1a: Klawf|slp|[from] move: Spore\n|-enditem|p1a: Klawf|Lum Berry|[eat]\n|-curestatus|p1a: Klawf|slp|[msg]\n|move|p1a: Klawf|Stone Edge|p2a: Smeargle|[miss]\n|-miss|p1a: Klawf|p2a: Smeargle\n|\n|-weather|SunnyDay|[upkeep]\n|upkeep\n|turn|24\n|\n|t:|1781455605\n|move|p2a: Smeargle|Spore|p1a: Klawf\n|-status|p1a: Klawf|slp|[from] move: Spore\n|cant|p1a: Klawf|slp\n|\n|-weather|SunnyDay|[upkeep]\n|upkeep\n|turn|25\n|\n|t:|1781455615\n|switch|p1a: Dondozo|Dondozo, L78, M|362/362\n|move|p2a: Smeargle|Power Trip|p1a: Dondozo\n|-damage|p1a: Dondozo|315/362\n|\n|-weather|none\n|-heal|p1a: Dondozo|337/362|[from] item: Leftovers\n|upkeep\n|turn|26\n|\n|t:|1781455625\n|move|p2a: Smeargle|Population Bomb|p1a: Dondozo\n|-damage|p1a: Dondozo|322/362\n|-damage|p1a: Dondozo|309/362\n|-damage|p1a: Dondozo|294/362\n|-damage|p1a: Dondozo|281/362\n|-damage|p1a: Dondozo|268/362\n|-damage|p1a: Dondozo|255/362\n|-damage|p1a: Dondozo|242/362\n|-damage|p1a: Dondozo|226/362\n|-damage|p1a: Dondozo|211/362\n|-damage|p1a: Dondozo|198/362\n|-hitcount|p1a: Dondozo|10\n|move|p1a: Dondozo|Wave Crash|p2a: Smeargle\n|-damage|p2a: Smeargle|65/258\n|-damage|p1a: Dondozo|134/362|[from] Recoil\n|\n|-heal|p1a: Dondozo|156/362|[from] item: Leftovers\n|upkeep\n|turn|27\n|\n|t:|1781455646\n|move|p2a: Smeargle|Population Bomb|p1a: Dondozo|[miss]\n|-miss|p2a: Smeargle|p1a: Dondozo\n|move|p1a: Dondozo|Wave Crash|p2a: Smeargle\n|-damage|p2a: Smeargle|0 fnt\n|faint|p2a: Smeargle\n|-damage|p1a: Dondozo|135/362|[from] Recoil\n|\n|win|Aminator3000\n", "uploadtime": 1781455236, "views": 3, "formatid": "gen9randombattle", "rating": null, "private": 0, "password": null}