{"id": "gen9randombattle-2631583835", "format": "[Gen 9] Random Battle", "players": ["zsmith544", "Lujay7"], "log": "|j|\u2606zsmith544\n|j|\u2606Lujay7\n|t:|1781404616\n|gametype|singles\n|player|p1|zsmith544|266|1994\n|player|p2|Lujay7|101|2103\n|gen|9\n|tier|[Gen 9] Random Battle\n|rated|\n|rule|Species Clause: Limit one of each Pok\u00e9mon\n|rule|HP Percentage Mod: HP is shown in percentages\n|rule|Sleep Clause Mod: Limit one foe put to sleep\n|rule|Illusion Level Mod: Illusion disguises the Pok\u00e9mon's true level\n|\n|t:|1781404616\n|teamsize|p1|6\n|teamsize|p2|6\n|start\n|switch|p1a: Gardevoir|Gardevoir, L83, M|249/249\n|switch|p2a: Weavile|Weavile, L79, F|240/240\n|-ability|p1a: Gardevoir|Pickpocket|Trace|[from] ability: Trace|[of] p2a: Weavile\n|turn|1\n|inactive|Battle timer is ON: inactive players will automatically lose when time's up. (requested by zsmith544)\n|\n|t:|1781404638\n|switch|p2a: Volcarona|Volcarona, L77, F|257/257\n|move|p1a: Gardevoir|Moonblast|p2a: Volcarona\n|-resisted|p2a: Volcarona\n|-damage|p2a: Volcarona|196/257\n|\n|upkeep\n|turn|2\n|\n|t:|1781404653\n|switch|p1a: Ogerpon|Ogerpon-Cornerstone, L76, F|247/247\n|move|p2a: Volcarona|Quiver Dance|p2a: Volcarona\n|-boost|p2a: Volcarona|spa|1\n|-boost|p2a: Volcarona|spd|1\n|-boost|p2a: Volcarona|spe|1\n|\n|upkeep\n|turn|3\n|\n|t:|1781404667\n|switch|p2a: Klefki|Klefki, L84, F|233/233\n|move|p1a: Ogerpon|Ivy Cudgel|p2a: Klefki|[anim] Ivy Cudgel Rock\n|-resisted|p2a: Klefki\n|-damage|p2a: Klefki|174/233\n|\n|-heal|p2a: Klefki|188/233|[from] item: Leftovers\n|upkeep\n|turn|4\n|\n|t:|1781404682\n|switch|p1a: Forretress|Forretress, L84, M|263/263\n|move|p2a: Klefki|Thunder Wave|p1a: Forretress|[miss]\n|-miss|p2a: Klefki|p1a: Forretress\n|\n|-heal|p2a: Klefki|202/233|[from] item: Leftovers\n|upkeep\n|turn|5\n|\n|t:|1781404694\n|switch|p2a: Volcarona|Volcarona, L77, F|196/257\n|move|p1a: Forretress|Toxic Spikes|p2a: Volcarona\n|-sidestart|p2: Lujay7|move: Toxic Spikes\n|\n|upkeep\n|turn|6\n|\n|t:|1781404704\n|move|p2a: Volcarona|Fiery Dance|p1a: Forretress\n|-supereffective|p1a: Forretress\n|-ability|p1a: Forretress|Sturdy\n|-damage|p1a: Forretress|1/263\n|move|p1a: Forretress|Stealth Rock|p2a: Volcarona\n|-sidestart|p2: Lujay7|move: Stealth Rock\n|\n|-heal|p1a: Forretress|17/263|[from] item: Leftovers\n|upkeep\n|turn|7\n|\n|t:|1781404715\n|switch|p1a: Ogerpon|Ogerpon-Cornerstone, L76, F|247/247\n|move|p2a: Volcarona|Fiery Dance|p1a: Ogerpon\n|-crit|p1a: Ogerpon\n|-damage|p1a: Ogerpon|103/247\n|-boost|p2a: Volcarona|spa|1\n|\n|upkeep\n|turn|8\n|\n|t:|1781404730\n|switch|p2a: Klefki|Klefki, L84, F|202/233\n|-damage|p2a: Klefki|188/233|[from] Stealth Rock\n|move|p1a: Ogerpon|Ivy Cudgel|p2a: Klefki|[anim] Ivy Cudgel Rock\n|-resisted|p2a: Klefki\n|-damage|p2a: Klefki|131/233\n|\n|-heal|p2a: Klefki|145/233|[from] item: Leftovers\n|upkeep\n|turn|9\n|inactive|zsmith544 has 120 seconds left.\n|\n|t:|1781404767\n|switch|p1a: Forretress|Forretress, L84, M|17/263\n|move|p2a: Klefki|Play Rough|p1a: Forretress\n|-resisted|p1a: Forretress\n|-damage|p1a: Forretress|0 fnt\n|faint|p1a: Forretress\n|\n|-heal|p2a: Klefki|159/233|[from] item: Leftovers\n|upkeep\n|\n|t:|1781404786\n|switch|p1a: Hitmonlee|Hitmonlee, L85, M|223/223\n|turn|10\n|\n|t:|1781404792\n|move|p2a: Klefki|Thunder Wave|p1a: Hitmonlee\n|-status|p1a: Hitmonlee|par\n|move|p1a: Hitmonlee|High Jump Kick|p2a: Klefki\n|-damage|p2a: Klefki|0 fnt\n|faint|p2a: Klefki\n|\n|upkeep\n|\n|t:|1781404815\n|switch|p2a: Bombirdier|Bombirdier, L85, M|258/258\n|turn|11\n|\n|t:|1781404822\n|move|p2a: Bombirdier|Brave Bird|p1a: Hitmonlee\n|-supereffective|p1a: Hitmonlee\n|-damage|p1a: Hitmonlee|0 fnt\n|faint|p1a: Hitmonlee\n|-damage|p2a: Bombirdier|184/258|[from] Recoil\n|\n|upkeep\n|inactive|zsmith544 has 120 seconds left.\n|\n|t:|1781404833\n|switch|p1a: Ambipom|Ambipom, L84, M|263/263\n|turn|12\n|\n|t:|1781404843\n|-terastallize|p2a: Bombirdier|Steel\n|move|p1a: Ambipom|Double-Edge|p2a: Bombirdier\n|-resisted|p2a: Bombirdier\n|-damage|p2a: Bombirdier|85/258\n|-damage|p1a: Ambipom|230/263|[from] Recoil\n|move|p2a: Bombirdier|Knock Off|p1a: Ambipom\n|-damage|p1a: Ambipom|101/263\n|-enditem|p1a: Ambipom|Choice Band|[from] move: Knock Off|[of] p2a: Bombirdier\n|\n|upkeep\n|turn|13\n|inactive|zsmith544 has 120 seconds left.\n|\n|t:|1781404870\n|move|p1a: Ambipom|Double-Edge|p2a: Bombirdier\n|-resisted|p2a: Bombirdier\n|-damage|p2a: Bombirdier|20/258\n|-damage|p1a: Ambipom|80/263|[from] Recoil\n|move|p2a: Bombirdier|Roost|p2a: Bombirdier\n|-heal|p2a: Bombirdier|149/258\n|\n|upkeep\n|turn|14\n|inactive|zsmith544 has 120 seconds left.\n|\n|t:|1781404886\n|move|p1a: Ambipom|U-turn|p2a: Bombirdier\n|-resisted|p2a: Bombirdier\n|-damage|p2a: Bombirdier|122/258\n|\n|t:|1781404897\n|switch|p1a: Ogerpon|Ogerpon-Cornerstone, L76, F|103/247|[from] U-turn\n|move|p2a: Bombirdier|Roost|p2a: Bombirdier\n|-heal|p2a: Bombirdier|251/258\n|\n|upkeep\n|turn|15\n|\n|t:|1781404904\n|move|p1a: Ogerpon|Superpower|p2a: Bombirdier\n|-supereffective|p2a: Bombirdier\n|-crit|p2a: Bombirdier\n|-damage|p2a: Bombirdier|0 fnt\n|-unboost|p1a: Ogerpon|atk|1\n|-unboost|p1a: Ogerpon|def|1\n|faint|p2a: Bombirdier\n|\n|upkeep\n|\n|t:|1781404912\n|switch|p2a: Weavile|Weavile, L79, F|240/240\n|turn|16\n|inactive|zsmith544 has 120 seconds left.\n|\n|t:|1781404918\n|move|p2a: Weavile|Triple Axel|p1a: Ogerpon\n|-supereffective|p1a: Ogerpon\n|-damage|p1a: Ogerpon|31/247\n|-supereffective|p1a: Ogerpon\n|-damage|p1a: Ogerpon|0 fnt\n|faint|p1a: Ogerpon\n|-hitcount|p1: Ogerpon|2\n|\n|upkeep\n|inactive|zsmith544 has 120 seconds left.\n|\n|t:|1781404933\n|switch|p1a: Gardevoir|Gardevoir, L83, M|249/249\n|-ability|p1a: Gardevoir|Pickpocket|Trace|[from] ability: Trace|[of] p2a: Weavile\n|turn|17\n|inactive|zsmith544 has 120 seconds left.\n|\n|t:|1781404939\n|switch|p2a: Clawitzer|Clawitzer, L87, M|265/265\n|-status|p2a: Clawitzer|psn\n|-damage|p2a: Clawitzer|232/265 psn|[from] Stealth Rock\n|move|p1a: Gardevoir|Moonblast|p2a: Clawitzer\n|-damage|p2a: Clawitzer|159/265 psn\n|\n|-damage|p2a: Clawitzer|126/265 psn|[from] psn\n|upkeep\n|turn|18\n|inactive|zsmith544 has 120 seconds left.\n|\n|t:|1781404957\n|switch|p1a: Ambipom|Ambipom, L84, M|80/263\n|move|p2a: Clawitzer|Water Pulse|p1a: Ambipom\n|-damage|p1a: Ambipom|0 fnt\n|faint|p1a: Ambipom\n|\n|-damage|p2a: Clawitzer|93/265 psn|[from] psn\n|upkeep\n|\n|t:|1781404978\n|switch|p1a: Gardevoir|Gardevoir, L83, M|249/249\n|-ability|p1a: Gardevoir|Mega Launcher|Trace|[from] ability: Trace|[of] p2a: Clawitzer\n|turn|19\n|\n|t:|1781404985\n|move|p1a: Gardevoir|Psyshock|p2a: Clawitzer\n|-damage|p2a: Clawitzer|2/265 psn\n|move|p2a: Clawitzer|Water Pulse|p1a: Gardevoir\n|-damage|p1a: Gardevoir|146/249\n|-start|p1a: Gardevoir|confusion\n|\n|-damage|p2a: Clawitzer|0 fnt|[from] psn\n|faint|p2a: Clawitzer\n|upkeep\n|\n|t:|1781404990\n|switch|p2a: Weavile|Weavile, L79, F|240/240\n|turn|20\n|inactive|zsmith544 has 120 seconds left.\n|\n|t:|1781404998\n|switch|p1a: Ditto|Ditto, L87|225/225\n|-transform|p1a: Ditto|p2a: Weavile|[from] ability: Imposter\n|move|p2a: Weavile|Knock Off|p1a: Ditto\n|-resisted|p1a: Ditto\n|-damage|p1a: Ditto|151/225\n|-enditem|p1a: Ditto|Choice Scarf|[from] move: Knock Off|[of] p2a: Weavile\n|-enditem|p2a: Weavile|Heavy-Duty Boots|[silent]|[from] ability: Pickpocket|[of] p2a: Weavile\n|-item|p1a: Ditto|Heavy-Duty Boots|[from] ability: Pickpocket|[of] p2a: Weavile\n|\n|upkeep\n|turn|21\n|inactive|zsmith544 has 120 seconds left.\n|\n|t:|1781405012\n|switch|p2a: Misdreavus|Misdreavus, L90, F|254/254\n|-damage|p2a: Misdreavus|223/254|[from] Stealth Rock\n|move|p1a: Ditto|Low Kick|p2a: Misdreavus\n|-immune|p2a: Misdreavus\n|\n|upkeep\n|turn|22\n|\n|t:|1781405023\n|move|p1a: Ditto|Knock Off|p2a: Misdreavus\n|-supereffective|p2a: Misdreavus\n|-damage|p2a: Misdreavus|35/254\n|-enditem|p2a: Misdreavus|Eviolite|[from] move: Knock Off|[of] p1a: Ditto\n|move|p2a: Misdreavus|Draining Kiss|p1a: Ditto\n|-supereffective|p1a: Ditto\n|-damage|p1a: Ditto|71/225\n|-heal|p2a: Misdreavus|95/254|[from] drain|[of] p1a: Ditto\n|\n|upkeep\n|turn|23\n|inactive|Lujay7 has 120 seconds left.\n|\n|t:|1781405062\n|move|p1a: Ditto|Knock Off|p2a: Misdreavus\n|-supereffective|p2a: Misdreavus\n|-damage|p2a: Misdreavus|0 fnt\n|faint|p2a: Misdreavus\n|\n|upkeep\n|inactive|Lujay7 has 90 seconds left.\n|\n|t:|1781405119\n|switch|p2a: Weavile|Weavile, L79, F|240/240\n|-status|p2a: Weavile|psn\n|-damage|p2a: Weavile|180/240 psn|[from] Stealth Rock\n|turn|24\n|inactive|Lujay7 has 60 seconds left.\n|inactive|Lujay7 has 30 seconds left.\n|inactive|Lujay7 has 20 seconds left.\n|\n|t:|1781405179\n|move|p1a: Ditto|Low Kick|p2a: Weavile\n|-supereffective|p2a: Weavile\n|-damage|p2a: Weavile|0 fnt\n|faint|p2a: Weavile\n|\n|upkeep\n|inactive|Lujay7 has 25 seconds left this turn.\n|\n|t:|1781405181\n|switch|p2a: Volcarona|Volcarona, L77, F|196/257\n|turn|25\n|inactive|Lujay7 has 30 seconds left.\n|\n|t:|1781405190\n|move|p1a: Ditto|Knock Off|p2a: Volcarona\n|-damage|p2a: Volcarona|42/257\n|-enditem|p2a: Volcarona|Heavy-Duty Boots|[from] move: Knock Off|[of] p1a: Ditto\n|move|p2a: Volcarona|Fiery Dance|p1a: Ditto\n|-supereffective|p1a: Ditto\n|-damage|p1a: Ditto|0 fnt\n|faint|p1a: Ditto\n|\n|upkeep\n|\n|t:|1781405199\n|switch|p1a: Gardevoir|Gardevoir, L83, M|146/249\n|-ability|p1a: Gardevoir|Flame Body|Trace|[from] ability: Trace|[of] p2a: Volcarona\n|turn|26\n|\n|t:|1781405208\n|-terastallize|p1a: Gardevoir|Fairy\n|move|p1a: Gardevoir|Moonblast|p2a: Volcarona\n|-resisted|p2a: Volcarona\n|-damage|p2a: Volcarona|0 fnt\n|faint|p2a: Volcarona\n|\n|win|zsmith544\n", "inputlog": ">version a8376a258c1d4662feba110a92103f3664a72141\n>start {\"formatid\":\"gen9randombattle\",\"seed\":\"sodium,baa1aaa92c8a96577637f4dcf4a30e9e\",\"rated\":\"Rated battle\"}\n>player p1 {\"name\":\"zsmith544\",\"avatar\":\"266\",\"rating\":1994,\"seed\":\"sodium,0de333d6efa78408cfae9c686611e0c7\"}\n>player p2 {\"name\":\"Lujay7\",\"avatar\":\"101\",\"rating\":2103,\"seed\":\"sodium,41cc743805517d99585045a3a8e4a11c\"}\n>p1 move moonblast\n>p2 switch 3\n>p1 switch 2\n>p2 move quiverdance\n>p1 move ivycudgel\n>p2 switch 4\n>p1 switch 3\n>p2 move thunderwave\n>p1 move toxicspikes\n>p2 switch 4\n>p1 move stealthrock\n>p2 move fierydance\n>p1 switch 3\n>p2 move fierydance\n>p1 move ivycudgel\n>p2 switch 4\n>p1 switch 3\n>p2 move playrough\n>p1 switch 4\n>p1 move highjumpkick\n>p2 move thunderwave\n>p2 switch 5\n>p1 move highjumpkick\n>p2 move bravebird\n>p1 switch 5\n>p1 move doubleedge\n>p2 move knockoff terastallize\n>p1 move doubleedge\n>p2 move roost\n>p1 move uturn\n>p2 move roost\n>p1 switch 3\n>p1 move superpower\n>p2 move uturn\n>p2 switch 3\n>p1 move superpower\n>p2 move tripleaxel\n>p1 switch 2\n>p1 move moonblast\n>p2 switch 6\n>p1 switch 3\n>p2 move waterpulse\n>p1 switch 3\n>p1 move psyshock\n>p2 move waterpulse\n>p2 switch 6\n>p1 switch 6\n>p2 move knockoff\n>p1 move lowkick\n>p2 switch 2\n>p1 move knockoff\n>p2 move drainingkiss\n>p1 move knockoff\n>p2 move drainingkiss\n>p2 switch 2\n>p1 move lowkick\n>p2 move lowkick\n>p2 switch 4\n>p1 move knockoff\n>p2 move fierydance\n>p1 switch 6\n>p1 move moonblast terastallize\n>p2 move quiverdance", "uploadtime": 1781404618, "views": 8, "formatid": "gen9randombattle", "rating": null, "private": 0, "password": null}