{"id": "gen9randombattle-2631723014", "format": "[Gen 9] Random Battle", "players": ["BennettOfShowdown", "mr012"], "log": "|j|\u2606BennettOfShowdown\n|j|\u2606mr012\n|t:|1781428729\n|gametype|singles\n|player|p1|BennettOfShowdown|lucas-gen4pt|1952\n|player|p2|mr012|170|1898\n|gen|9\n|tier|[Gen 9] Random Battle\n|rated|\n|rule|Species Clause: Limit one of each Pok\u00e9mon\n|rule|HP Percentage Mod: HP is shown in percentages\n|rule|Sleep Clause Mod: Limit one foe put to sleep\n|rule|Illusion Level Mod: Illusion disguises the Pok\u00e9mon's true level\n|\n|t:|1781428729\n|teamsize|p1|6\n|teamsize|p2|6\n|start\n|switch|p1a: Kleavor|Kleavor, L78, M|237/237\n|switch|p2a: Volcanion|Volcanion, L79|256/256\n|turn|1\n|inactive|Battle timer is ON: inactive players will automatically lose when time's up. (requested by BennettOfShowdown)\n|\n|t:|1781428735\n|move|p1a: Kleavor|Stone Axe|p2a: Volcanion\n|-supereffective|p2a: Volcanion\n|-damage|p2a: Volcanion|52/256\n|-sidestart|p2: mr012|move: Stealth Rock\n|move|p2a: Volcanion|Steam Eruption|p1a: Kleavor\n|-supereffective|p1a: Kleavor\n|-damage|p1a: Kleavor|0 fnt\n|faint|p1a: Kleavor\n|\n|upkeep\n|\n|t:|1781428756\n|switch|p1a: Okidogi|Okidogi, L77, M|262/262\n|turn|2\n|\n|t:|1781428761\n|move|p1a: Okidogi|Knock Off|p2a: Volcanion\n|-damage|p2a: Volcanion|0 fnt\n|-enditem|p2a: Volcanion|Heavy-Duty Boots|[from] move: Knock Off|[of] p1a: Okidogi\n|faint|p2a: Volcanion\n|\n|upkeep\n|\n|t:|1781428767\n|switch|p2a: Meloetta|Meloetta, L82|298/298\n|-damage|p2a: Meloetta|261/298|[from] Stealth Rock\n|turn|3\n|\n|t:|1781428770\n|move|p2a: Meloetta|Relic Song|p1a: Okidogi\n|-damage|p1a: Okidogi|167/262\n|-formechange|p2a: Meloetta|Meloetta-Pirouette|[msg]\n|-damage|p2a: Meloetta|232/298|[from] item: Life Orb\n|move|p1a: Okidogi|Knock Off|p2a: Meloetta\n|-resisted|p2a: Meloetta\n|-damage|p2a: Meloetta|195/298\n|-enditem|p2a: Meloetta|Life Orb|[from] move: Knock Off|[of] p1a: Okidogi\n|\n|upkeep\n|turn|4\n|\n|t:|1781428778\n|move|p2a: Meloetta|Knock Off|p1a: Okidogi\n|-resisted|p1a: Okidogi\n|-damage|p1a: Okidogi|134/262\n|-enditem|p1a: Okidogi|Assault Vest|[from] move: Knock Off|[of] p2a: Meloetta\n|move|p1a: Okidogi|Psychic Fangs|p2a: Meloetta\n|-supereffective|p2a: Meloetta\n|-damage|p2a: Meloetta|67/298\n|-status|p2a: Meloetta|tox|[from] ability: Toxic Chain|[of] p1a: Okidogi\n|\n|-damage|p2a: Meloetta|49/298 tox|[from] psn\n|upkeep\n|turn|5\n|\n|t:|1781428791\n|move|p2a: Meloetta|Relic Song|p1a: Okidogi\n|-damage|p1a: Okidogi|68/262\n|-status|p1a: Okidogi|slp|[from] move: Relic Song\n|-formechange|p2a: Meloetta|Meloetta|[msg]\n|cant|p1a: Okidogi|slp\n|\n|-damage|p2a: Meloetta|13/298 tox|[from] psn\n|upkeep\n|turn|6\n|\n|t:|1781428797\n|move|p2a: Meloetta|Relic Song|p1a: Okidogi\n|-damage|p1a: Okidogi|0 fnt\n|faint|p1a: Okidogi\n|-formechange|p2a: Meloetta|Meloetta-Pirouette|[msg]\n|\n|-damage|p2a: Meloetta|0 fnt|[from] psn\n|faint|p2a: Meloetta\n|upkeep\n|inactive|BennettOfShowdown has 120 seconds left.\n|inactive|BennettOfShowdown has 90 seconds left.\n|\n|t:|1781428860\n|switch|p2a: Wyrdeer|Wyrdeer, L87, F|321/321\n|switch|p1a: Golduck|Golduck, L90, M|290/290\n|-ability|p1a: Golduck|Cloud Nine\n|-damage|p2a: Wyrdeer|281/321|[from] Stealth Rock\n|-ability|p2a: Wyrdeer|Intimidate|boost\n|-unboost|p1a: Golduck|atk|1\n|turn|7\n|\n|t:|1781428872\n|move|p1a: Golduck|Nasty Plot|p1a: Golduck\n|-boost|p1a: Golduck|spa|2\n|move|p2a: Wyrdeer|Thunder Wave|p1a: Golduck\n|-status|p1a: Golduck|par\n|\n|-heal|p2a: Wyrdeer|301/321|[from] item: Leftovers\n|upkeep\n|turn|8\n|\n|t:|1781428884\n|move|p2a: Wyrdeer|Psychic Noise|p1a: Golduck\n|-damage|p1a: Golduck|194/290 par\n|-start|p1a: Golduck|move: Heal Block\n|move|p1a: Golduck|Hydro Pump|p2a: Wyrdeer\n|-crit|p2a: Wyrdeer\n|-damage|p2a: Wyrdeer|0 fnt\n|faint|p2a: Wyrdeer\n|\n|upkeep\n|\n|t:|1781428890\n|switch|p2a: Meowscarada|Meowscarada, L78, F|247/247\n|-damage|p2a: Meowscarada|217/247|[from] Stealth Rock\n|turn|9\n|\n|t:|1781428892\n|move|p2a: Meowscarada|Flower Trick|p1a: Golduck\n|-start|p2a: Meowscarada|typechange|Grass|[from] ability: Protean\n|-supereffective|p1a: Golduck\n|-crit|p1a: Golduck\n|-damage|p1a: Golduck|0 fnt\n|faint|p1a: Golduck\n|-damage|p2a: Meowscarada|193/247|[from] item: Life Orb\n|\n|upkeep\n|inactive|BennettOfShowdown has 120 seconds left.\n|\n|t:|1781428899\n|switch|p1a: Rabsca|Rabsca, L91, F|284/284\n|turn|10\n|\n|t:|1781428908\n|move|p2a: Meowscarada|Knock Off|p1a: Rabsca\n|-supereffective|p1a: Rabsca\n|-damage|p1a: Rabsca|118/284\n|-enditem|p1a: Rabsca|Heavy-Duty Boots|[from] move: Knock Off|[of] p2a: Meowscarada\n|-damage|p2a: Meowscarada|169/247|[from] item: Life Orb\n|move|p1a: Rabsca|Trick Room|p1a: Rabsca\n|-fieldstart|move: Trick Room|[of] p1a: Rabsca\n|\n|upkeep\n|turn|11\n|\n|t:|1781428918\n|move|p1a: Rabsca|Bug Buzz|p2a: Meowscarada\n|-supereffective|p2a: Meowscarada\n|-crit|p2a: Meowscarada\n|-damage|p2a: Meowscarada|0 fnt\n|faint|p2a: Meowscarada\n|\n|upkeep\n|\n|t:|1781428922\n|switch|p2a: Rampardos|Rampardos, L90, M|321/321\n|-damage|p2a: Rampardos|281/321|[from] Stealth Rock\n|turn|12\n|\n|t:|1781428926\n|move|p1a: Rabsca|Revival Blessing|p1a: Rabsca\n|\n|t:|1781428930\n|-heal|p1: Okidogi|131/262|[from] move: Revival Blessing\n|move|p2a: Rampardos|Fire Punch|p1a: Rabsca\n|-supereffective|p1a: Rabsca\n|-damage|p1a: Rabsca|0 fnt\n|faint|p1a: Rabsca\n|\n|upkeep\n|\n|t:|1781428937\n|switch|p1a: Falinks|Falinks, L84|246/246\n|turn|13\n|\n|t:|1781428942\n|-terastallize|p2a: Rampardos|Psychic\n|move|p2a: Rampardos|Zen Headbutt|p1a: Falinks\n|-supereffective|p1a: Falinks\n|-damage|p1a: Falinks|0 fnt\n|faint|p1a: Falinks\n|\n|upkeep\n|\n|t:|1781428954\n|switch|p1a: Skeledirge|Skeledirge, L79, F|294/294\n|turn|14\n|\n|t:|1781428958\n|move|p1a: Skeledirge|Shadow Ball|p2a: Rampardos\n|-supereffective|p2a: Rampardos\n|-damage|p2a: Rampardos|29/321\n|move|p2a: Rampardos|Rock Slide|p1a: Skeledirge\n|-supereffective|p1a: Skeledirge\n|-damage|p1a: Skeledirge|0 fnt\n|faint|p1a: Skeledirge\n|\n|-fieldend|move: Trick Room\n|upkeep\n|\n|t:|1781428961\n|switch|p1a: Okidogi|Okidogi, L77, M|131/262\n|turn|15\n|\n|t:|1781428968\n|move|p1a: Okidogi|Knock Off|p2a: Rampardos\n|-supereffective|p2a: Rampardos\n|-damage|p2a: Rampardos|0 fnt\n|-enditem|p2a: Rampardos|Life Orb|[from] move: Knock Off|[of] p1a: Okidogi\n|faint|p2a: Rampardos\n|\n|upkeep\n|\n|t:|1781428971\n|switch|p2a: Polteageist|Polteageist, L78|222/222\n|-damage|p2a: Polteageist|195/222|[from] Stealth Rock\n|turn|16\n|\n|t:|1781428973\n|-terastallize|p1a: Okidogi|Dark\n|move|p1a: Okidogi|Knock Off|p2a: Polteageist\n|-supereffective|p2a: Polteageist\n|-damage|p2a: Polteageist|0 fnt\n|-start|p1a: Okidogi|Disable|Knock Off|[from] ability: Cursed Body|[of] p2a: Polteageist\n|-enditem|p2a: Polteageist|White Herb|[from] move: Knock Off|[of] p1a: Okidogi\n|faint|p2a: Polteageist\n|\n|win|BennettOfShowdown\n|raw|BennettOfShowdown's rating: 1952 &rarr; <strong>1969</strong><br />(+17 for winning)\n|raw|mr012's rating: 1898 &rarr; <strong>1881</strong><br />(-17 for losing)\n", "inputlog": ">version a8376a258c1d4662feba110a92103f3664a72141\n>start {\"formatid\":\"gen9randombattle\",\"seed\":\"sodium,725d79f86098c28a522dc2bcb8054969\",\"rated\":\"Rated battle\"}\n>player p1 {\"name\":\"BennettOfShowdown\",\"avatar\":\"lucas-gen4pt\",\"rating\":1952,\"seed\":\"sodium,d1ce9a6f01d3cc749cf3f3ff7386ea1f\"}\n>player p2 {\"name\":\"mr012\",\"avatar\":\"170\",\"rating\":1898,\"seed\":\"sodium,859ff7591eadb9a1a238b5a4c6624727\"}\n>p1 move stoneaxe\n>p2 move steameruption\n>p1 switch 4\n>p1 move knockoff\n>p2 move earthpower\n>p2 switch 5\n>p1 move knockoff\n>p2 move relicsong\n>p1 move psychicfangs\n>p2 move knockoff\n>p1 move drainpunch\n>p2 move relicsong\n>p1 move drainpunch\n>p2 move relicsong\n>p1 switch 3\n>p2 switch 4\n>p1 move nastyplot\n>p2 move thunderwave\n>p1 move hydropump\n>p2 move psychicnoise\n>p2 switch 6\n>p1 move hydropump\n>p2 move flowertrick\n>p1 switch 5\n>p1 move trickroom\n>p2 move knockoff\n>p1 move bugbuzz\n>p2 move knockoff\n>p2 switch 2\n>p1 move revivalblessing\n>p2 move firepunch\n>p1 switch 3\n>p1 switch 6\n>p1 move noretreat\n>p2 move zenheadbutt terastallize\n>p1 switch 2\n>p1 move shadowball\n>p2 move rockslide\n>p1 switch 3\n>p1 move knockoff\n>p2 move earthquake\n>p2 switch 3\n>p1 move knockoff terastallize\n>p2 move shellsmash", "uploadtime": 1781428973, "views": 4, "formatid": "gen9randombattle", "rating": 1881, "private": 0, "password": null}