{"id": "gen9randombattle-2631561941", "format": "[Gen 9] Random Battle", "players": ["JayCroc", "Addddlleyy"], "log": "|j|\u2606JayCroc\n|j|\u2606Addddlleyy\n|t:|1781401637\n|gametype|singles\n|player|p1|JayCroc|ivor|1979\n|player|p2|Addddlleyy|swimmer|1982\n|gen|9\n|tier|[Gen 9] Random Battle\n|rated|\n|rule|Species Clause: Limit one of each Pok\u00e9mon\n|rule|HP Percentage Mod: HP is shown in percentages\n|rule|Sleep Clause Mod: Limit one foe put to sleep\n|rule|Illusion Level Mod: Illusion disguises the Pok\u00e9mon's true level\n|\n|t:|1781401637\n|teamsize|p1|6\n|teamsize|p2|6\n|start\n|switch|p1a: Ambipom|Ambipom, L84, F|263/263\n|switch|p2a: Mew|Mew, L82|298/298\n|turn|1\n|inactive|Battle timer is ON: inactive players will automatically lose when time's up. (requested by Addddlleyy)\n|\n|t:|1781401650\n|move|p1a: Ambipom|Knock Off|p2a: Mew\n|-supereffective|p2a: Mew\n|-damage|p2a: Mew|102/298\n|-enditem|p2a: Mew|Leftovers|[from] move: Knock Off|[of] p1a: Ambipom\n|move|p2a: Mew|Will-O-Wisp|p1a: Ambipom\n|-status|p1a: Ambipom|brn\n|\n|-damage|p1a: Ambipom|247/263 brn|[from] brn\n|upkeep\n|turn|2\n|\n|t:|1781401672\n|move|p1a: Ambipom|Knock Off|p2a: Mew\n|-supereffective|p2a: Mew\n|-damage|p2a: Mew|36/298\n|move|p2a: Mew|Psychic|p1a: Ambipom\n|-damage|p1a: Ambipom|130/263 brn\n|\n|-damage|p1a: Ambipom|114/263 brn|[from] brn\n|upkeep\n|turn|3\n|\n|t:|1781401680\n|move|p1a: Ambipom|Knock Off|p2a: Mew\n|-supereffective|p2a: Mew\n|-damage|p2a: Mew|0 fnt\n|faint|p2a: Mew\n|\n|-damage|p1a: Ambipom|98/263 brn|[from] brn\n|upkeep\n|\n|t:|1781401688\n|switch|p2a: Feraligatr|Feraligatr, L79, M|264/264\n|turn|4\n|\n|t:|1781401691\n|move|p1a: Ambipom|Knock Off|p2a: Feraligatr\n|-damage|p2a: Feraligatr|211/264\n|-enditem|p2a: Feraligatr|Life Orb|[from] move: Knock Off|[of] p1a: Ambipom\n|move|p2a: Feraligatr|Dragon Dance|p2a: Feraligatr\n|-boost|p2a: Feraligatr|atk|1\n|-boost|p2a: Feraligatr|spe|1\n|\n|-damage|p1a: Ambipom|82/263 brn|[from] brn\n|upkeep\n|turn|5\n|\n|t:|1781401700\n|switch|p1a: Gastrodon|Gastrodon, L86, F|331/331\n|move|p2a: Feraligatr|Dragon Dance|p2a: Feraligatr\n|-boost|p2a: Feraligatr|atk|1\n|-boost|p2a: Feraligatr|spe|1\n|\n|upkeep\n|turn|6\n|\n|t:|1781401708\n|move|p2a: Feraligatr|Ice Punch|p1a: Gastrodon\n|-damage|p1a: Gastrodon|189/331\n|move|p1a: Gastrodon|Earthquake|p2a: Feraligatr\n|-damage|p2a: Feraligatr|124/264\n|\n|-heal|p1a: Gastrodon|209/331|[from] item: Leftovers\n|upkeep\n|turn|7\n|\n|t:|1781401717\n|move|p2a: Feraligatr|Crunch|p1a: Gastrodon\n|-damage|p1a: Gastrodon|56/331\n|move|p1a: Gastrodon|Recover|p1a: Gastrodon\n|-heal|p1a: Gastrodon|222/331\n|\n|-heal|p1a: Gastrodon|242/331|[from] item: Leftovers\n|upkeep\n|turn|8\n|\n|t:|1781401724\n|move|p2a: Feraligatr|Crunch|p1a: Gastrodon\n|-crit|p1a: Gastrodon\n|-damage|p1a: Gastrodon|5/331\n|move|p1a: Gastrodon|Earthquake|p2a: Feraligatr\n|-damage|p2a: Feraligatr|31/264\n|\n|-heal|p1a: Gastrodon|25/331|[from] item: Leftovers\n|upkeep\n|turn|9\n|\n|t:|1781401732\n|move|p2a: Feraligatr|Ice Punch|p1a: Gastrodon\n|-damage|p1a: Gastrodon|0 fnt\n|faint|p1a: Gastrodon\n|\n|upkeep\n|\n|t:|1781401739\n|switch|p1a: Vaporeon|Vaporeon, L86, F|364/364\n|turn|10\n|\n|t:|1781401744\n|move|p2a: Feraligatr|Crunch|p1a: Vaporeon\n|-damage|p1a: Vaporeon|186/364\n|move|p1a: Vaporeon|Scald|p2a: Feraligatr\n|-resisted|p2a: Feraligatr\n|-damage|p2a: Feraligatr|0 fnt\n|faint|p2a: Feraligatr\n|\n|-heal|p1a: Vaporeon|208/364|[from] item: Leftovers\n|upkeep\n|\n|t:|1781401757\n|switch|p2a: Grafaiai|Grafaiai, L86, F|249/249\n|turn|11\n|\n|t:|1781401761\n|move|p1a: Vaporeon|Protect|p1a: Vaporeon\n|-singleturn|p1a: Vaporeon|Protect\n|move|p2a: Grafaiai|Swords Dance|p2a: Grafaiai\n|-boost|p2a: Grafaiai|atk|2\n|\n|-heal|p1a: Vaporeon|230/364|[from] item: Leftovers\n|upkeep\n|turn|12\n|\n|t:|1781401777\n|-terastallize|p1a: Vaporeon|Ground\n|move|p2a: Grafaiai|Gunk Shot|p1a: Vaporeon\n|-resisted|p1a: Vaporeon\n|-damage|p1a: Vaporeon|12/364\n|-damage|p2a: Grafaiai|225/249|[from] item: Life Orb\n|move|p1a: Vaporeon|Scald|p2a: Grafaiai\n|-damage|p2a: Grafaiai|116/249\n|\n|-heal|p1a: Vaporeon|34/364|[from] item: Leftovers\n|upkeep\n|turn|13\n|\n|t:|1781401791\n|move|p2a: Grafaiai|Knock Off|p1a: Vaporeon\n|-damage|p1a: Vaporeon|0 fnt\n|-enditem|p1a: Vaporeon|Leftovers|[from] move: Knock Off|[of] p2a: Grafaiai\n|faint|p1a: Vaporeon\n|-damage|p2a: Grafaiai|92/249|[from] item: Life Orb\n|\n|upkeep\n|\n|t:|1781401796\n|switch|p1a: Ambipom|Ambipom, L84, F|82/263 brn\n|turn|14\n|\n|t:|1781401800\n|move|p1a: Ambipom|Triple Axel|p2a: Grafaiai|[miss]\n|-miss|p1a: Ambipom|p2a: Grafaiai\n|move|p2a: Grafaiai|Knock Off|p1a: Ambipom\n|-damage|p1a: Ambipom|0 fnt\n|-enditem|p1a: Ambipom|Choice Band|[from] move: Knock Off|[of] p2a: Grafaiai\n|faint|p1a: Ambipom\n|-damage|p2a: Grafaiai|68/249|[from] item: Life Orb\n|\n|upkeep\n|\n|t:|1781401809\n|switch|p1a: Pachirisu|Pachirisu, L96, F|271/271\n|turn|15\n|\n|t:|1781401816\n|move|p2a: Grafaiai|Knock Off|p1a: Pachirisu\n|-damage|p1a: Pachirisu|92/271\n|-enditem|p1a: Pachirisu|Heavy-Duty Boots|[from] move: Knock Off|[of] p2a: Grafaiai\n|-damage|p2a: Grafaiai|44/249|[from] item: Life Orb\n|move|p1a: Pachirisu|Discharge|p2a: Grafaiai\n|-damage|p2a: Grafaiai|0 fnt\n|faint|p2a: Grafaiai\n|\n|upkeep\n|\n|t:|1781401823\n|switch|p2a: Flutter Mane|Flutter Mane, L74|203/203\n|turn|16\n|\n|t:|1781401826\n|move|p2a: Flutter Mane|Moonblast|p1a: Pachirisu\n|-damage|p1a: Pachirisu|0 fnt\n|faint|p1a: Pachirisu\n|\n|upkeep\n|\n|t:|1781401831\n|switch|p1a: Raging Bolt|Raging Bolt, L78|323/323\n|turn|17\n|\n|t:|1781401840\n|-terastallize|p2a: Flutter Mane|Fairy\n|move|p2a: Flutter Mane|Moonblast|p1a: Raging Bolt\n|-supereffective|p1a: Raging Bolt\n|-damage|p1a: Raging Bolt|51/323\n|move|p1a: Raging Bolt|Thunderbolt|p2a: Flutter Mane\n|-damage|p2a: Flutter Mane|112/203\n|-status|p2a: Flutter Mane|par\n|\n|upkeep\n|turn|18\n|\n|t:|1781401850\n|move|p1a: Raging Bolt|Thunderclap|p2a: Flutter Mane\n|-damage|p2a: Flutter Mane|42/203 par\n|move|p2a: Flutter Mane|Moonblast|p1a: Raging Bolt\n|-supereffective|p1a: Raging Bolt\n|-damage|p1a: Raging Bolt|0 fnt\n|faint|p1a: Raging Bolt\n|-end|p1a: Raging Bolt|Protosynthesis|[silent]\n|\n|upkeep\n|\n|t:|1781401857\n|switch|p1a: Virizion|Virizion, L82|283/283\n|turn|19\n|\n|t:|1781401860\n|move|p1a: Virizion|Leaf Blade|p2a: Flutter Mane\n|-damage|p2a: Flutter Mane|0 fnt\n|faint|p2a: Flutter Mane\n|-end|p2a: Flutter Mane|Protosynthesis|[silent]\n|-damage|p1a: Virizion|255/283|[from] item: Life Orb\n|\n|upkeep\n|\n|t:|1781401864\n|switch|p2a: Farigiraf|Farigiraf, L90, M|362/362\n|turn|20\n|\n|t:|1781401874\n|move|p1a: Virizion|Swords Dance|p1a: Virizion\n|-boost|p1a: Virizion|atk|2\n|move|p2a: Farigiraf|Body Slam|p1a: Virizion\n|-damage|p1a: Virizion|132/283\n|\n|upkeep\n|turn|21\n|\n|t:|1781401885\n|move|p1a: Virizion|Close Combat|p2a: Farigiraf\n|-damage|p2a: Farigiraf|57/362\n|-unboost|p1a: Virizion|def|1\n|-unboost|p1a: Virizion|spd|1\n|-damage|p1a: Virizion|104/283|[from] item: Life Orb\n|move|p2a: Farigiraf|Body Slam|p1a: Virizion\n|-damage|p1a: Virizion|0 fnt\n|faint|p1a: Virizion\n|\n|win|Addddlleyy\n", "inputlog": ">version a8376a258c1d4662feba110a92103f3664a72141\n>start {\"formatid\":\"gen9randombattle\",\"seed\":\"sodium,7c2ec18cb540c249554100d39180d87f\",\"rated\":\"Rated battle\"}\n>player p1 {\"name\":\"JayCroc\",\"avatar\":\"ivor\",\"rating\":1979,\"seed\":\"sodium,26abfe88a3c956fe4bf4ff678f95ce0f\"}\n>player p2 {\"name\":\"Addddlleyy\",\"avatar\":\"swimmer\",\"rating\":1982,\"seed\":\"sodium,09f1df935de575e21c6baf71ead3844d\"}\n>p1 move knockoff\n>p2 move willowisp\n>p1 move knockoff\n>p2 move psychic\n>p1 move knockoff\n>p2 move psychic\n>p2 switch 5\n>p1 move knockoff\n>p2 move dragondance\n>p1 switch 5\n>p2 move dragondance\n>p1 move earthquake\n>p2 move icepunch\n>p1 move recover\n>p2 move crunch\n>p1 move earthquake\n>p2 move crunch\n>p1 move earthquake\n>p2 move icepunch\n>p1 switch 2\n>p1 move scald\n>p2 move crunch\n>p2 switch 3\n>p1 move protect\n>p2 move swordsdance\n>p1 move scald terastallize\n>p2 move gunkshot\n>p1 move wish\n>p2 move knockoff\n>p1 switch 5\n>p1 move tripleaxel\n>p2 move knockoff\n>p1 switch 6\n>p1 move discharge\n>p2 move knockoff\n>p2 switch 2\n>p1 move encore\n>p2 move moonblast\n>p1 switch 4\n>p1 move thunderbolt\n>p2 move moonblast terastallize\n>p1 move thunderclap\n>p2 move moonblast\n>p1 switch 3\n>p1 move leafblade\n>p2 move moonblast\n>p2 switch 4\n>p1 move swordsdance\n>p2 move bodyslam\n>p1 move closecombat\n>p2 move bodyslam", "uploadtime": 1781401639, "views": 4, "formatid": "gen9randombattle", "rating": null, "private": 0, "password": null}