{"id": "gen9randombattle-2631483544", "format": "[Gen 9] Random Battle", "players": ["Ilovescaldburns", "soccrbeast888"], "log": "|j|\u2606Ilovescaldburns\n|j|\u2606soccrbeast888\n|t:|1781390709\n|gametype|singles\n|player|p1|Ilovescaldburns|#wcapiargentina|1926\n|player|p2|soccrbeast888|rancher|2044\n|gen|9\n|tier|[Gen 9] Random Battle\n|rated|\n|rule|Species Clause: Limit one of each Pok\u00e9mon\n|rule|HP Percentage Mod: HP is shown in percentages\n|rule|Sleep Clause Mod: Limit one foe put to sleep\n|rule|Illusion Level Mod: Illusion disguises the Pok\u00e9mon's true level\n|\n|t:|1781390709\n|teamsize|p1|6\n|teamsize|p2|6\n|start\n|switch|p1a: Eelektross|Eelektross, L87, F|290/290\n|switch|p2a: Chesnaught|Chesnaught, L84, F|285/285\n|turn|1\n|inactive|Battle timer is ON: inactive players will automatically lose when time's up. (requested by Ilovescaldburns)\n|\n|t:|1781390720\n|move|p2a: Chesnaught|Spikes|p1a: Eelektross\n|-sidestart|p1: Ilovescaldburns|Spikes\n|move|p1a: Eelektross|U-turn|p2a: Chesnaught\n|-damage|p2a: Chesnaught|239/285\n|\n|t:|1781390722\n|switch|p1a: Mesprit|Mesprit, L85|275/275|[from] U-turn\n|\n|-heal|p2a: Chesnaught|256/285|[from] item: Leftovers\n|upkeep\n|turn|2\n|\n|t:|1781390741\n|switch|p2a: Pincurchin|Pincurchin, M|258/258\n|-fieldstart|move: Electric Terrain|[from] ability: Electric Surge|[of] p2a: Pincurchin\n|move|p1a: Mesprit|Stealth Rock|p2a: Pincurchin\n|-sidestart|p2: soccrbeast888|move: Stealth Rock\n|\n|upkeep\n|turn|3\n|\n|t:|1781390748\n|switch|p1a: Arceus|Arceus-Ground, L70|284/284\n|-damage|p1a: Arceus|249/284|[from] Spikes\n|move|p2a: Pincurchin|Toxic Spikes|p1a: Arceus\n|-sidestart|p1: Ilovescaldburns|move: Toxic Spikes\n|\n|upkeep\n|turn|4\n|\n|t:|1781390754\n|switch|p2a: Chesnaught|Chesnaught, L84, F|256/285\n|-damage|p2a: Chesnaught|239/285|[from] Stealth Rock\n|move|p1a: Arceus|Swords Dance|p1a: Arceus\n|-boost|p1a: Arceus|atk|2\n|\n|-heal|p2a: Chesnaught|256/285|[from] item: Leftovers\n|upkeep\n|turn|5\n|\n|t:|1781390760\n|switch|p1a: Mesprit|Mesprit, L85|275/275\n|move|p2a: Chesnaught|Wood Hammer|p1a: Mesprit\n|-damage|p1a: Mesprit|148/275\n|-damage|p2a: Chesnaught|214/285|[from] Recoil\n|\n|-heal|p1a: Mesprit|165/275|[from] item: Leftovers\n|-heal|p2a: Chesnaught|231/285|[from] item: Leftovers\n|upkeep\n|turn|6\n|\n|t:|1781390764\n|switch|p2a: Pincurchin|Pincurchin, M|258/258\n|-damage|p2a: Pincurchin|226/258|[from] Stealth Rock\n|move|p1a: Mesprit|Psychic Noise|p2a: Pincurchin\n|-damage|p2a: Pincurchin|145/258\n|-start|p2a: Pincurchin|move: Heal Block\n|\n|-heal|p1a: Mesprit|182/275|[from] item: Leftovers\n|-fieldend|move: Electric Terrain\n|upkeep\n|turn|7\n|\n|t:|1781390769\n|move|p1a: Mesprit|Knock Off|p2a: Pincurchin\n|-damage|p2a: Pincurchin|87/258\n|-enditem|p2a: Pincurchin|Leftovers|[from] move: Knock Off|[of] p1a: Mesprit\n|move|p2a: Pincurchin|Toxic Spikes|p1a: Mesprit\n|-sidestart|p1: Ilovescaldburns|move: Toxic Spikes\n|\n|-heal|p1a: Mesprit|199/275|[from] item: Leftovers\n|-end|p2a: Pincurchin|move: Heal Block\n|upkeep\n|turn|8\n|\n|t:|1781390795\n|switch|p2a: Lapras|Lapras, L87, F|368/368\n|move|p1a: Mesprit|Psychic Noise|p2a: Lapras\n|-damage|p2a: Lapras|286/368\n|-start|p2a: Lapras|move: Heal Block\n|\n|-heal|p1a: Mesprit|216/275|[from] item: Leftovers\n|upkeep\n|turn|9\n|\n|t:|1781390802\n|move|p1a: Mesprit|Drain Punch|p2a: Lapras\n|-supereffective|p2a: Lapras\n|-damage|p2a: Lapras|168/368\n|-heal|p1a: Mesprit|275/275|[from] drain|[of] p2a: Lapras\n|move|p2a: Lapras|Freeze-Dry|p1a: Mesprit\n|-damage|p1a: Mesprit|214/275\n|\n|-heal|p1a: Mesprit|231/275|[from] item: Leftovers\n|-end|p2a: Lapras|move: Heal Block\n|upkeep\n|turn|10\n|\n|t:|1781390811\n|move|p1a: Mesprit|Knock Off|p2a: Lapras\n|-damage|p2a: Lapras|91/368\n|-enditem|p2a: Lapras|Heavy-Duty Boots|[from] move: Knock Off|[of] p1a: Mesprit\n|move|p2a: Lapras|Rest|p2a: Lapras\n|-status|p2a: Lapras|slp|[from] move: Rest\n|-heal|p2a: Lapras|368/368 slp|[silent]\n|\n|-heal|p1a: Mesprit|248/275|[from] item: Leftovers\n|upkeep\n|turn|11\n|\n|t:|1781390831\n|switch|p1a: Flapple|Flapple, L88, F|266/266\n|-damage|p1a: Flapple|233/266|[from] Spikes\n|-status|p1a: Flapple|tox\n|-enditem|p1a: Flapple|Lum Berry|[eat]\n|-curestatus|p1a: Flapple|tox|[msg]\n|cant|p2a: Lapras|slp\n|move|p2a: Lapras|Sleep Talk|p2a: Lapras\n|move|p2a: Lapras|Sparkling Aria|p1a: Flapple|[from] move: Sleep Talk\n|-resisted|p1a: Flapple\n|-damage|p1a: Flapple|204/266\n|\n|upkeep\n|turn|12\n|inactive|soccrbeast888 has 120 seconds left.\n|\n|t:|1781390867\n|move|p1a: Flapple|Dragon Dance|p1a: Flapple\n|-boost|p1a: Flapple|atk|1\n|-boost|p1a: Flapple|spe|1\n|cant|p2a: Lapras|slp\n|move|p2a: Lapras|Sleep Talk|p2a: Lapras\n|move|p2a: Lapras|Sparkling Aria|p1a: Flapple|[from] move: Sleep Talk\n|-resisted|p1a: Flapple\n|-damage|p1a: Flapple|175/266\n|\n|upkeep\n|turn|13\n|inactive|soccrbeast888 has 120 seconds left.\n|\n|t:|1781390884\n|-terastallize|p1a: Flapple|Fire\n|-terastallize|p2a: Lapras|Dragon\n|move|p1a: Flapple|Dragon Dance|p1a: Flapple\n|-boost|p1a: Flapple|atk|1\n|-boost|p1a: Flapple|spe|1\n|-curestatus|p2a: Lapras|slp|[msg]\n|move|p2a: Lapras|Freeze-Dry|p1a: Flapple\n|-resisted|p1a: Flapple\n|-damage|p1a: Flapple|133/266\n|\n|upkeep\n|turn|14\n|\n|t:|1781390902\n|move|p1a: Flapple|Outrage|p2a: Lapras\n|-supereffective|p2a: Lapras\n|-damage|p2a: Lapras|0 fnt\n|faint|p2a: Lapras\n|\n|upkeep\n|\n|t:|1781390915\n|switch|p2a: Sandaconda|Sandaconda, L84, F|258/258\n|-damage|p2a: Sandaconda|242/258|[from] Stealth Rock\n|turn|15\n|\n|t:|1781390936\n|move|p1a: Flapple|Outrage|p2a: Sandaconda|[from] lockedmove\n|-damage|p2a: Sandaconda|0 fnt\n|faint|p2a: Sandaconda\n|-start|p1a: Flapple|confusion|[fatigue]\n|\n|upkeep\n|\n|t:|1781390954\n|switch|p2a: Braviary|Braviary, L85, M|309/309\n|turn|16\n|\n|t:|1781390970\n|-activate|p1a: Flapple|confusion\n|move|p1a: Flapple|Tera Blast|p2a: Braviary|[anim] Tera Blast Fire|[miss]\n|-miss|p1a: Flapple|p2a: Braviary\n|move|p2a: Braviary|Brave Bird|p1a: Flapple\n|-damage|p1a: Flapple|0 fnt\n|faint|p1a: Flapple\n|-damage|p2a: Braviary|265/309|[from] Recoil\n|\n|upkeep\n|\n|t:|1781390974\n|switch|p1a: Eelektross|Eelektross, L87, F|290/290\n|turn|17\n|\n|t:|1781390985\n|switch|p2a: Chesnaught|Chesnaught, L84, F|231/285\n|-damage|p2a: Chesnaught|214/285|[from] Stealth Rock\n|move|p1a: Eelektross|Discharge|p2a: Chesnaught\n|-resisted|p2a: Chesnaught\n|-damage|p2a: Chesnaught|164/285\n|\n|-heal|p2a: Chesnaught|181/285|[from] item: Leftovers\n|upkeep\n|turn|18\n|inactive|Ilovescaldburns has 120 seconds left.\n|inactive|Ilovescaldburns has 90 seconds left.\n|\n|t:|1781391050\n|move|p2a: Chesnaught|Wood Hammer|p1a: Eelektross\n|-damage|p1a: Eelektross|154/290\n|-damage|p2a: Chesnaught|136/285|[from] Recoil\n|move|p1a: Eelektross|U-turn|p2a: Chesnaught\n|-damage|p2a: Chesnaught|89/285\n|\n|t:|1781391052\n|switch|p1a: Mesprit|Mesprit, L85|248/275|[from] U-turn\n|\n|-heal|p1a: Mesprit|265/275|[from] item: Leftovers\n|-heal|p2a: Chesnaught|106/285|[from] item: Leftovers\n|upkeep\n|turn|19\n|inactive|soccrbeast888 has 120 seconds left.\n|\n|t:|1781391060\n|move|p1a: Mesprit|Psychic Noise|p2a: Chesnaught\n|-supereffective|p2a: Chesnaught\n|-damage|p2a: Chesnaught|0 fnt\n|faint|p2a: Chesnaught\n|\n|-heal|p1a: Mesprit|275/275|[from] item: Leftovers\n|upkeep\n|\n|t:|1781391064\n|switch|p2a: Glaceon|Glaceon, L94, F|275/275\n|turn|20\n|\n|t:|1781391073\n|move|p1a: Mesprit|Knock Off|p2a: Glaceon\n|-damage|p2a: Glaceon|223/275\n|-enditem|p2a: Glaceon|Heavy-Duty Boots|[from] move: Knock Off|[of] p1a: Mesprit\n|move|p2a: Glaceon|Calm Mind|p2a: Glaceon\n|-boost|p2a: Glaceon|spa|1\n|-boost|p2a: Glaceon|spd|1\n|\n|upkeep\n|turn|21\n|\n|t:|1781391082\n|move|p1a: Mesprit|Drain Punch|p2a: Glaceon\n|-supereffective|p2a: Glaceon\n|-damage|p2a: Glaceon|141/275\n|move|p2a: Glaceon|Freeze-Dry|p1a: Mesprit\n|-damage|p1a: Mesprit|127/275\n|\n|-heal|p1a: Mesprit|144/275|[from] item: Leftovers\n|upkeep\n|turn|22\n|\n|t:|1781391096\n|switch|p1a: Archaludon|Archaludon, L78, M|268/268\n|-damage|p1a: Archaludon|235/268|[from] Spikes\n|move|p2a: Glaceon|Wish|p2a: Glaceon\n|\n|upkeep\n|turn|23\n|\n|t:|1781391106\n|move|p1a: Archaludon|Body Press|p2a: Glaceon\n|-supereffective|p2a: Glaceon\n|-damage|p2a: Glaceon|45/275\n|move|p2a: Glaceon|Freeze-Dry|p1a: Archaludon\n|-damage|p1a: Archaludon|85/268\n|-status|p1a: Archaludon|frz\n|-ability|p1a: Archaludon|Stamina|boost\n|-boost|p1a: Archaludon|def|1\n|\n|-heal|p2a: Glaceon|182/275|[from] move: Wish|[wisher] Glaceon\n|upkeep\n|turn|24\n|\n|t:|1781391122\n|cant|p1a: Archaludon|frz\n|move|p2a: Glaceon|Wish|p2a: Glaceon\n|\n|upkeep\n|turn|25\n|\n|t:|1781391129\n|cant|p1a: Archaludon|frz\n|move|p2a: Glaceon|Calm Mind|p2a: Glaceon\n|-boost|p2a: Glaceon|spa|1\n|-boost|p2a: Glaceon|spd|1\n|\n|-heal|p2a: Glaceon|275/275|[from] move: Wish|[wisher] Glaceon\n|upkeep\n|turn|26\n|\n|t:|1781391137\n|cant|p1a: Archaludon|frz\n|move|p2a: Glaceon|Wish|p2a: Glaceon\n|\n|upkeep\n|turn|27\n|\n|t:|1781391140\n|cant|p1a: Archaludon|frz\n|move|p2a: Glaceon|Calm Mind|p2a: Glaceon\n|-boost|p2a: Glaceon|spa|1\n|-boost|p2a: Glaceon|spd|1\n|\n|upkeep\n|turn|28\n|\n|t:|1781391148\n|-curestatus|p1a: Archaludon|frz|[msg]\n|move|p1a: Archaludon|Body Press|p2a: Glaceon\n|-supereffective|p2a: Glaceon\n|-damage|p2a: Glaceon|143/275\n|move|p2a: Glaceon|Wish|p2a: Glaceon\n|\n|upkeep\n|turn|29\n|\n|t:|1781391153\n|move|p1a: Archaludon|Body Press|p2a: Glaceon\n|-supereffective|p2a: Glaceon\n|-damage|p2a: Glaceon|0 fnt\n|faint|p2a: Glaceon\n|\n|upkeep\n|c|\u2606Ilovescaldburns|lmao u r so bad\n|\n|t:|1781391169\n|switch|p2a: Braviary|Braviary, L85, M|265/309\n|turn|30\n|\n|t:|1781391175\n|move|p2a: Braviary|Bulk Up|p2a: Braviary\n|-boost|p2a: Braviary|atk|1\n|-boost|p2a: Braviary|def|1\n|move|p1a: Archaludon|Body Press|p2a: Braviary\n|-damage|p2a: Braviary|196/309\n|\n|upkeep\n|turn|31\n|\n|t:|1781391189\n|move|p2a: Braviary|Roost|p2a: Braviary\n|-heal|p2a: Braviary|309/309\n|-singleturn|p2a: Braviary|move: Roost\n|move|p1a: Archaludon|Thunderbolt|p2a: Braviary\n|-damage|p2a: Braviary|232/309\n|\n|upkeep\n|turn|32\n|\n|t:|1781391205\n|move|p2a: Braviary|Close Combat|p1a: Archaludon\n|-supereffective|p1a: Archaludon\n|-damage|p1a: Archaludon|0 fnt\n|-unboost|p2a: Braviary|def|1\n|-unboost|p2a: Braviary|spd|1\n|faint|p1a: Archaludon\n|\n|upkeep\n|inactive|Ilovescaldburns has 120 seconds left.\n|\n|t:|1781391227\n|switch|p1a: Eelektross|Eelektross, L87, F|154/290\n|turn|33\n|\n|t:|1781391232\n|move|p2a: Braviary|Close Combat|p1a: Eelektross\n|-crit|p1a: Eelektross\n|-damage|p1a: Eelektross|0 fnt\n|-unboost|p2a: Braviary|def|1\n|-unboost|p2a: Braviary|spd|1\n|faint|p1a: Eelektross\n|\n|upkeep\n|\n|t:|1781391234\n|switch|p1a: Mesprit|Mesprit, L85|144/275\n|turn|34\n|\n|t:|1781391237\n|switch|p1a: Gogoat|Gogoat, L88, M|360/360\n|-damage|p1a: Gogoat|315/360|[from] Spikes\n|-status|p1a: Gogoat|tox\n|move|p2a: Braviary|Brave Bird|p1a: Gogoat\n|-supereffective|p1a: Gogoat\n|-damage|p1a: Gogoat|0 fnt\n|faint|p1a: Gogoat\n|-damage|p2a: Braviary|128/309|[from] Recoil\n|\n|upkeep\n|\n|t:|1781391243\n|switch|p1a: Arceus|Arceus-Ground, L70|249/284\n|-damage|p1a: Arceus|214/284|[from] Spikes\n|-status|p1a: Arceus|tox\n|turn|35\n|\n|t:|1781391248\n|move|p1a: Arceus|Stone Edge|p2a: Braviary\n|-supereffective|p2a: Braviary\n|-damage|p2a: Braviary|0 fnt\n|faint|p2a: Braviary\n|\n|-damage|p1a: Arceus|197/284 tox|[from] psn\n|upkeep\n|\n|t:|1781391251\n|switch|p2a: Pincurchin|Pincurchin, M|87/258\n|-damage|p2a: Pincurchin|55/258|[from] Stealth Rock\n|-fieldstart|move: Electric Terrain|[from] ability: Electric Surge|[of] p2a: Pincurchin\n|turn|36\n|c|\u2606Ilovescaldburns|gg\n|\n|t:|1781391255\n|move|p1a: Arceus|Earthquake|p2a: Pincurchin\n|-supereffective|p2a: Pincurchin\n|-damage|p2a: Pincurchin|0 fnt\n|faint|p2a: Pincurchin\n|\n|win|Ilovescaldburns\n", "inputlog": ">version a8376a258c1d4662feba110a92103f3664a72141\n>start {\"formatid\":\"gen9randombattle\",\"seed\":\"sodium,6f45800f73e97d9fe6cf4f665201e42e\",\"rated\":\"Rated battle\"}\n>player p1 {\"name\":\"Ilovescaldburns\",\"avatar\":\"#wcapiargentina\",\"rating\":1926,\"seed\":\"sodium,fb1e5639e2af9c2428cbf5329deaf7db\"}\n>player p2 {\"name\":\"soccrbeast888\",\"avatar\":\"rancher\",\"rating\":2044,\"seed\":\"sodium,fd06a38ce716d1470a6001f611a29487\"}\n>p1 move uturn\n>p2 move spikes\n>p1 switch 5\n>p1 move stealthrock\n>p2 switch 2\n>p1 switch 4\n>p2 move toxicspikes\n>p1 move swordsdance\n>p2 switch 2\n>p1 switch 4\n>p2 move woodhammer\n>p1 move psychicnoise\n>p2 switch 2\n>p1 move knockoff\n>p2 move toxicspikes\n>p1 move psychicnoise\n>p2 switch 3\n>p1 move drainpunch\n>p2 move freezedry\n>p1 move knockoff\n>p2 move rest\n>p1 switch 2\n>p2 move sleeptalk\n>p1 move dragondance\n>p2 move sleeptalk\n>p1 move dragondance terastallize\n>p2 move freezedry terastallize\n>p1 move outrage\n>p2 move sparklingaria\n>p2 switch 4\n>p1 move outrage\n>p2 move rockblast\n>p2 switch 6\n>p1 move terablast\n>p2 move bravebird\n>p1 switch 5\n>p1 move discharge\n>p2 switch 2\n>p1 move uturn\n>p2 move woodhammer\n>p1 switch 2\n>p1 move psychicnoise\n>p2 move synthesis\n>p2 switch 5\n>p1 move knockoff\n>p2 move calmmind\n>p1 move drainpunch\n>p2 move freezedry\n>p1 switch 6\n>p2 move wish\n>p1 move bodypress\n>p2 move freezedry\n>p1 move bodypress\n>p2 move wish\n>p1 move bodypress\n>p2 move calmmind\n>p1 move bodypress\n>p2 move wish\n>p1 move bodypress\n>p2 move calmmind\n>p1 move bodypress\n>p2 move wish\n>p1 move bodypress\n>p2 move freezedry\n>chat \u2606Ilovescaldburns|lmao u r so bad\n>p2 switch 2\n>p1 move bodypress\n>p2 move bulkup\n>p1 move thunderbolt\n>p2 move roost\n>p1 move thunderbolt\n>p2 move closecombat\n>p1 switch 2\n>p1 move discharge\n>p2 move closecombat\n>p1 switch 6\n>p1 switch 3\n>p2 move bravebird\n>p1 switch 4\n>p1 move stoneedge\n>p2 move roost\n>p2 switch 3\n>chat \u2606Ilovescaldburns|gg\n>p1 move earthquake\n>p2 move recover", "uploadtime": 1781390711, "views": 5, "formatid": "gen9randombattle", "rating": null, "private": 0, "password": null}