{"id": "gen9randombattle-2631853129", "format": "[Gen 9] Random Battle", "players": ["coolbai", "discodiscogoodgood"], "log": "|j|\u2606coolbai\n|j|\u2606discodiscogoodgood\n|t:|1781448321\n|gametype|singles\n|player|p1|coolbai|lucas|1979\n|player|p2|discodiscogoodgood|musician|2066\n|gen|9\n|tier|[Gen 9] Random Battle\n|rated|\n|rule|Species Clause: Limit one of each Pok\u00e9mon\n|rule|HP Percentage Mod: HP is shown in percentages\n|rule|Sleep Clause Mod: Limit one foe put to sleep\n|rule|Illusion Level Mod: Illusion disguises the Pok\u00e9mon's true level\n|\n|t:|1781448321\n|teamsize|p1|6\n|teamsize|p2|6\n|start\n|switch|p1a: Mabosstiff|Mabosstiff, L86, M|278/278\n|switch|p2a: Excadrill|Excadrill, L79, F|303/303\n|-ability|p2a: Excadrill|Mold Breaker\n|turn|1\n|inactive|Battle timer is ON: inactive players will automatically lose when time's up. (requested by coolbai)\n|\n|t:|1781448340\n|move|p1a: Mabosstiff|Crunch|p2a: Excadrill\n|-damage|p2a: Excadrill|152/303\n|move|p2a: Excadrill|Earthquake|p1a: Mabosstiff\n|-damage|p1a: Mabosstiff|154/278\n|\n|-heal|p2a: Excadrill|170/303|[from] item: Leftovers\n|upkeep\n|turn|2\n|\n|t:|1781448346\n|switch|p2a: Qwilfish|Qwilfish, L86, M|252/252\n|-ability|p2a: Qwilfish|Intimidate|boost\n|-unboost|p1a: Mabosstiff|atk|1\n|move|p1a: Mabosstiff|Crunch|p2a: Qwilfish\n|-damage|p2a: Qwilfish|105/252\n|\n|-heal|p2a: Qwilfish|120/252|[from] item: Leftovers\n|upkeep\n|turn|3\n|\n|t:|1781448358\n|switch|p1a: Weezing|Weezing, L88, M|258/258\n|move|p2a: Qwilfish|Gunk Shot|p1a: Weezing|[miss]\n|-miss|p2a: Qwilfish|p1a: Weezing\n|\n|-heal|p2a: Qwilfish|135/252|[from] item: Leftovers\n|upkeep\n|turn|4\n|\n|t:|1781448364\n|move|p2a: Qwilfish|Taunt|p1a: Weezing\n|-start|p1a: Weezing|move: Taunt\n|move|p1a: Weezing|Sludge Bomb|p2a: Qwilfish\n|-resisted|p2a: Qwilfish\n|-damage|p2a: Qwilfish|71/252\n|\n|-heal|p2a: Qwilfish|86/252|[from] item: Leftovers\n|upkeep\n|turn|5\n|\n|t:|1781448368\n|move|p2a: Qwilfish|Toxic Spikes|p1a: Weezing\n|-sidestart|p1: coolbai|move: Toxic Spikes\n|move|p1a: Weezing|Fire Blast|p2a: Qwilfish\n|-resisted|p2a: Qwilfish\n|-damage|p2a: Qwilfish|31/252\n|\n|-heal|p2a: Qwilfish|46/252|[from] item: Leftovers\n|upkeep\n|turn|6\n|\n|t:|1781448381\n|switch|p2a: Arceus|Arceus-Flying, L69|279/279\n|switch|p1a: Heracross|Heracross, L80, M|259/259\n|-status|p1a: Heracross|psn\n|\n|-damage|p1a: Heracross|227/259 psn|[from] psn\n|upkeep\n|turn|7\n|\n|t:|1781448386\n|switch|p1a: Weezing|Weezing, L88, M|258/258\n|move|p2a: Arceus|Judgment|p1a: Weezing\n|-damage|p1a: Weezing|149/258\n|\n|-heal|p1a: Weezing|165/258|[from] item: Leftovers\n|upkeep\n|turn|8\n|c|\u2606coolbai|so thats a mechanic\n|c|\u2606coolbai|thanks game\n|\n|t:|1781448398\n|move|p2a: Arceus|Calm Mind|p2a: Arceus\n|-boost|p2a: Arceus|spa|1\n|-boost|p2a: Arceus|spd|1\n|move|p1a: Weezing|Sludge Bomb|p2a: Arceus\n|-damage|p2a: Arceus|219/279\n|\n|-heal|p1a: Weezing|181/258|[from] item: Leftovers\n|upkeep\n|turn|9\n|\n|t:|1781448405\n|switch|p1a: Quagsire|Quagsire, L84, M|297/297\n|-status|p1a: Quagsire|psn\n|move|p2a: Arceus|Judgment|p1a: Quagsire\n|-damage|p1a: Quagsire|168/297 psn\n|\n|-heal|p1a: Quagsire|186/297 psn|[from] item: Leftovers\n|-damage|p1a: Quagsire|149/297 psn|[from] psn\n|upkeep\n|turn|10\n|\n|t:|1781448412\n|switch|p2a: Qwilfish|Qwilfish, L86, M|46/252\n|-ability|p2a: Qwilfish|Intimidate|boost\n|-unboost|p1a: Quagsire|atk|1\n|move|p1a: Quagsire|Toxic|p2a: Qwilfish\n|-immune|p2a: Qwilfish\n|\n|-heal|p2a: Qwilfish|61/252|[from] item: Leftovers\n|-heal|p1a: Quagsire|167/297 psn|[from] item: Leftovers\n|-damage|p1a: Quagsire|130/297 psn|[from] psn\n|upkeep\n|turn|11\n|\n|t:|1781448418\n|move|p2a: Qwilfish|Waterfall|p1a: Quagsire\n|-damage|p1a: Quagsire|40/297 psn\n|cant|p1a: Quagsire|flinch\n|\n|-heal|p2a: Qwilfish|76/252|[from] item: Leftovers\n|-heal|p1a: Quagsire|58/297 psn|[from] item: Leftovers\n|-damage|p1a: Quagsire|21/297 psn|[from] psn\n|upkeep\n|turn|12\n|\n|t:|1781448428\n|move|p2a: Qwilfish|Waterfall|p1a: Quagsire\n|-damage|p1a: Quagsire|0 fnt\n|faint|p1a: Quagsire\n|\n|-heal|p2a: Qwilfish|91/252|[from] item: Leftovers\n|upkeep\n|\n|t:|1781448432\n|switch|p1a: Heracross|Heracross, L80, M|227/259 psn\n|turn|13\n|\n|t:|1781448440\n|move|p2a: Qwilfish|Gunk Shot|p1a: Heracross\n|-damage|p1a: Heracross|76/259 psn\n|move|p1a: Heracross|Trailblaze|p2a: Qwilfish\n|-damage|p2a: Qwilfish|30/252\n|-boost|p1a: Heracross|spe|1\n|\n|-heal|p2a: Qwilfish|45/252|[from] item: Leftovers\n|-damage|p1a: Heracross|44/259 psn|[from] psn\n|upkeep\n|turn|14\n|\n|t:|1781448446\n|move|p1a: Heracross|Trailblaze|p2a: Qwilfish\n|-damage|p2a: Qwilfish|0 fnt\n|-boost|p1a: Heracross|spe|1\n|faint|p2a: Qwilfish\n|\n|-damage|p1a: Heracross|12/259 psn|[from] psn\n|upkeep\n|\n|t:|1781448451\n|switch|p2a: Bruxish|Bruxish, L85, M|254/254\n|turn|15\n|\n|t:|1781448460\n|move|p2a: Bruxish|Aqua Jet|p1a: Heracross\n|-damage|p1a: Heracross|0 fnt\n|faint|p1a: Heracross\n|\n|upkeep\n|\n|t:|1781448463\n|switch|p1a: Mabosstiff|Mabosstiff, L86, M|154/278\n|-status|p1a: Mabosstiff|psn\n|turn|16\n|\n|t:|1781448468\n|switch|p2a: Bastiodon|Bastiodon, L89, F|252/252\n|move|p1a: Mabosstiff|Crunch|p2a: Bastiodon\n|-damage|p2a: Bastiodon|132/252\n|\n|-damage|p1a: Mabosstiff|120/278 psn|[from] psn\n|upkeep\n|turn|17\n|\n|t:|1781448474\n|switch|p1a: Hariyama|Hariyama, L87, M|392/392\n|-status|p1a: Hariyama|psn\n|move|p2a: Bastiodon|Iron Defense|p2a: Bastiodon\n|-boost|p2a: Bastiodon|def|2\n|\n|-damage|p1a: Hariyama|343/392 psn|[from] psn\n|upkeep\n|turn|18\n|\n|t:|1781448479\n|switch|p2a: Vikavolt|Vikavolt, L83, F|263/263\n|move|p1a: Hariyama|Close Combat|p2a: Vikavolt\n|-resisted|p2a: Vikavolt\n|-damage|p2a: Vikavolt|182/263\n|-unboost|p1a: Hariyama|def|1\n|-unboost|p1a: Hariyama|spd|1\n|\n|-damage|p1a: Hariyama|294/392 psn|[from] psn\n|upkeep\n|turn|19\n|\n|t:|1781448489\n|switch|p1a: Ribombee|Ribombee, L83, M|235/235\n|switch|p2a: Excadrill|Excadrill, L79, F|170/303\n|-ability|p2a: Excadrill|Mold Breaker\n|\n|-heal|p2a: Excadrill|188/303|[from] item: Leftovers\n|upkeep\n|turn|20\n|\n|t:|1781448496\n|move|p1a: Ribombee|Stun Spore|p2a: Excadrill\n|-status|p2a: Excadrill|par\n|move|p2a: Excadrill|Rapid Spin|p1a: Ribombee\n|-damage|p1a: Ribombee|175/235\n|-boost|p2a: Excadrill|spe|1\n|\n|-heal|p2a: Excadrill|206/303 par|[from] item: Leftovers\n|upkeep\n|turn|21\n|\n|t:|1781448501\n|move|p1a: Ribombee|Sticky Web|p2a: Excadrill\n|-sidestart|p2: discodiscogoodgood|move: Sticky Web\n|move|p2a: Excadrill|Iron Head|p1a: Ribombee\n|-supereffective|p1a: Ribombee\n|-crit|p1a: Ribombee\n|-damage|p1a: Ribombee|0 fnt\n|faint|p1a: Ribombee\n|\n|-heal|p2a: Excadrill|224/303 par|[from] item: Leftovers\n|upkeep\n|\n|t:|1781448508\n|switch|p1a: Weezing|Weezing, L88, M|181/258\n|turn|22\n|\n|t:|1781448512\n|move|p1a: Weezing|Fire Blast|p2a: Excadrill\n|-supereffective|p2a: Excadrill\n|-damage|p2a: Excadrill|12/303 par\n|move|p2a: Excadrill|Earthquake|p1a: Weezing\n|-supereffective|p1a: Weezing\n|-damage|p1a: Weezing|13/258\n|\n|-heal|p1a: Weezing|29/258|[from] item: Leftovers\n|-heal|p2a: Excadrill|30/303 par|[from] item: Leftovers\n|upkeep\n|turn|23\n|\n|t:|1781448518\n|move|p1a: Weezing|Fire Blast|p2a: Excadrill\n|-supereffective|p2a: Excadrill\n|-damage|p2a: Excadrill|0 fnt\n|faint|p2a: Excadrill\n|\n|-heal|p1a: Weezing|45/258|[from] item: Leftovers\n|upkeep\n|\n|t:|1781448523\n|switch|p2a: Arceus|Arceus-Flying, L69|219/279\n|turn|24\n|\n|t:|1781448527\n|move|p2a: Arceus|Judgment|p1a: Weezing\n|-damage|p1a: Weezing|0 fnt\n|faint|p1a: Weezing\n|\n|upkeep\n|\n|t:|1781448535\n|switch|p1a: Mabosstiff|Mabosstiff, L86, M|120/278 psn\n|turn|25\n|\n|t:|1781448543\n|move|p1a: Mabosstiff|Wild Charge|p2a: Arceus\n|-supereffective|p2a: Arceus\n|-damage|p2a: Arceus|75/279\n|-damage|p1a: Mabosstiff|84/278 psn|[from] Recoil\n|move|p2a: Arceus|Judgment|p1a: Mabosstiff\n|-damage|p1a: Mabosstiff|0 fnt\n|faint|p1a: Mabosstiff\n|\n|upkeep\n|\n|t:|1781448545\n|switch|p1a: Hariyama|Hariyama, L87, M|294/392 psn\n|turn|26\n|\n|t:|1781448553\n|-terastallize|p1a: Hariyama|Steel\n|move|p2a: Arceus|Judgment|p1a: Hariyama\n|-resisted|p1a: Hariyama\n|-damage|p1a: Hariyama|248/392 psn\n|move|p1a: Hariyama|Stone Edge|p2a: Arceus\n|-supereffective|p2a: Arceus\n|-damage|p2a: Arceus|0 fnt\n|faint|p2a: Arceus\n|\n|-damage|p1a: Hariyama|199/392 psn|[from] psn\n|upkeep\n|\n|t:|1781448559\n|switch|p2a: Bruxish|Bruxish, L85, M|254/254\n|-activate|p2a: Bruxish|move: Sticky Web\n|-unboost|p2a: Bruxish|spe|1\n|turn|27\n|-message|coolbai forfeited.\n|\n|win|discodiscogoodgood\n|raw|coolbai's rating: 2001 &rarr; <strong>1985</strong><br />(-16 for losing)\n|raw|discodiscogoodgood's rating: 2066 &rarr; <strong>2082</strong><br />(+16 for winning)\n", "inputlog": ">version a8376a258c1d4662feba110a92103f3664a72141\n>start {\"formatid\":\"gen9randombattle\",\"seed\":\"sodium,9df2b7fdb5f26e7f355e93d4489c9f74\",\"rated\":\"Rated battle\"}\n>player p1 {\"name\":\"coolbai\",\"avatar\":\"lucas\",\"rating\":1979,\"seed\":\"sodium,9218fa4c14e72d0ecdad40f3c36697a0\"}\n>player p2 {\"name\":\"discodiscogoodgood\",\"avatar\":\"musician\",\"rating\":2066,\"seed\":\"sodium,fd4beb960dca1f006a95b8915fc41084\"}\n>p1 move crunch\n>p2 move earthquake\n>p1 move crunch\n>p2 switch 6\n>p1 switch 5\n>p2 move gunkshot\n>p1 move sludgebomb\n>p2 move taunt\n>p1 move fireblast\n>p2 move toxicspikes\n>p1 switch 3\n>p2 switch 5\n>p1 switch 3\n>p2 move judgment\n>chat \u2606coolbai|so thats a mechanic\n>chat \u2606coolbai|thanks game\n>p1 move sludgebomb\n>p2 move calmmind\n>p1 switch 4\n>p2 move judgment\n>p1 move toxic\n>p2 switch 5\n>p1 move recover\n>p2 move waterfall\n>p1 move earthquake\n>p2 move waterfall\n>p1 switch 3\n>p1 move trailblaze\n>p2 move gunkshot\n>p1 move trailblaze\n>p2 move waterfall\n>p2 switch 4\n>p1 move knockoff\n>p2 move aquajet\n>p1 switch 5\n>p1 move crunch\n>p2 switch 3\n>p1 switch 6\n>p2 move irondefense\n>p1 move closecombat\n>p2 switch 2\n>p1 switch 2\n>p2 switch 6\n>p1 move stunspore\n>p2 move rapidspin\n>p1 move stickyweb\n>p2 move ironhead\n>p1 switch 4\n>p1 move fireblast\n>p2 move earthquake\n>p1 move fireblast\n>p2 move rapidspin\n>p2 switch 5\n>p1 move painsplit\n>p2 move judgment\n>p1 switch 6\n>p1 move wildcharge\n>p2 move judgment\n>p1 switch 2\n>p1 move stoneedge terastallize\n>p2 move judgment\n>p2 switch 3\n>forcelose p1", "uploadtime": 1781448322, "views": 6, "formatid": "gen9randombattle", "rating": 1985, "private": 0, "password": null}