{"id": "gen9randombattle-2631491415", "format": "[Gen 9] Random Battle", "players": ["smasher04", "Lujay7"], "log": "|j|\u2606smasher04\n|j|\u2606Lujay7\n|t:|1781391788\n|gametype|singles\n|player|p1|smasher04|twins-gen4|1948\n|player|p2|Lujay7|265|2010\n|gen|9\n|tier|[Gen 9] Random Battle\n|rated|\n|rule|Species Clause: Limit one of each Pok\u00e9mon\n|rule|HP Percentage Mod: HP is shown in percentages\n|rule|Sleep Clause Mod: Limit one foe put to sleep\n|rule|Illusion Level Mod: Illusion disguises the Pok\u00e9mon's true level\n|\n|t:|1781391788\n|teamsize|p1|6\n|teamsize|p2|6\n|start\n|switch|p1a: Landorus|Landorus, L75, M|257/257\n|switch|p2a: Shaymin|Shaymin-Sky, L73|266/266\n|turn|1\n|inactive|Battle timer is ON: inactive players will automatically lose when time's up. (requested by Lujay7)\n|\n|t:|1781391817\n|move|p2a: Shaymin|Seed Flare|p1a: Landorus\n|-damage|p1a: Landorus|115/257\n|-unboost|p1a: Landorus|spd|2\n|move|p1a: Landorus|Sludge Wave|p2a: Shaymin\n|-supereffective|p2a: Shaymin\n|-damage|p2a: Shaymin|9/266\n|\n|upkeep\n|turn|2\n|\n|t:|1781391828\n|switch|p1a: Zapdos|Zapdos, L78|268/268\n|move|p2a: Shaymin|Air Slash|p1a: Zapdos\n|-resisted|p1a: Zapdos\n|-damage|p1a: Zapdos|230/268\n|\n|upkeep\n|turn|3\n|inactive|Lujay7 has 120 seconds left.\n|inactive|Lujay7 has 90 seconds left.\n|\n|t:|1781391892\n|switch|p2a: Hitmonchan|Hitmonchan, L87, M|229/229\n|move|p1a: Zapdos|Discharge|p2a: Hitmonchan\n|-damage|p2a: Hitmonchan|151/229\n|\n|-heal|p2a: Hitmonchan|165/229|[from] item: Leftovers\n|upkeep\n|turn|4\n|inactive|Lujay7 has 90 seconds left.\n|inactive|Lujay7 has 60 seconds left.\n|\n|t:|1781391943\n|move|p1a: Zapdos|Hurricane|p2a: Hitmonchan\n|-supereffective|p2a: Hitmonchan\n|-damage|p2a: Hitmonchan|0 fnt\n|faint|p2a: Hitmonchan\n|\n|upkeep\n|\n|t:|1781391950\n|switch|p2a: Azelf|Azelf, L82|257/257\n|turn|5\n|\n|t:|1781391957\n|switch|p1a: Orthworm|Orthworm, L88, M|266/266\n|move|p2a: Azelf|Psyshock|p1a: Orthworm\n|-resisted|p1a: Orthworm\n|-crit|p1a: Orthworm\n|-damage|p1a: Orthworm|191/266\n|\n|upkeep\n|turn|6\n|\n|t:|1781391965\n|switch|p2a: Manaphy|Manaphy, L78|284/284\n|move|p1a: Orthworm|Coil|p1a: Orthworm\n|-boost|p1a: Orthworm|atk|1\n|-boost|p1a: Orthworm|def|1\n|-boost|p1a: Orthworm|accuracy|1\n|\n|upkeep\n|turn|7\n|inactive|Lujay7 has 60 seconds left.\n|\n|t:|1781391984\n|move|p2a: Manaphy|Tail Glow|p2a: Manaphy\n|-boost|p2a: Manaphy|spa|3\n|move|p1a: Orthworm|Body Press|p2a: Manaphy\n|-damage|p2a: Manaphy|151/284\n|\n|-heal|p2a: Manaphy|168/284|[from] item: Leftovers\n|upkeep\n|turn|8\n|\n|t:|1781391993\n|move|p2a: Manaphy|Surf|p1a: Orthworm\n|-damage|p1a: Orthworm|0 fnt\n|faint|p1a: Orthworm\n|\n|-heal|p2a: Manaphy|185/284|[from] item: Leftovers\n|upkeep\n|\n|t:|1781392002\n|switch|p1a: Inteleon|Inteleon, L81, F|246/246\n|turn|9\n|\n|t:|1781392005\n|-terastallize|p1a: Inteleon|Water\n|move|p1a: Inteleon|Hydro Pump|p2a: Manaphy\n|-resisted|p2a: Manaphy\n|-damage|p2a: Manaphy|48/284\n|move|p2a: Manaphy|Energy Ball|p1a: Inteleon\n|-supereffective|p1a: Inteleon\n|-damage|p1a: Inteleon|0 fnt\n|faint|p1a: Inteleon\n|\n|-heal|p2a: Manaphy|65/284|[from] item: Leftovers\n|upkeep\n|\n|t:|1781392015\n|switch|p1a: Avalugg|Avalugg, L88, M|310/310\n|turn|10\n|\n|t:|1781392025\n|move|p2a: Manaphy|Surf|p1a: Avalugg\n|-ability|p1a: Avalugg|Sturdy\n|-damage|p1a: Avalugg|1/310\n|move|p1a: Avalugg|Body Press|p2a: Manaphy\n|-damage|p2a: Manaphy|0 fnt\n|faint|p2a: Manaphy\n|\n|upkeep\n|\n|t:|1781392030\n|switch|p2a: Azelf|Azelf, L82|257/257\n|turn|11\n|\n|t:|1781392034\n|move|p2a: Azelf|Psyshock|p1a: Avalugg\n|-damage|p1a: Avalugg|0 fnt\n|faint|p1a: Avalugg\n|\n|upkeep\n|\n|t:|1781392036\n|switch|p1a: Arceus|Arceus-Water, L71|288/288\n|turn|12\n|\n|t:|1781392043\n|-terastallize|p2a: Azelf|Psychic\n|move|p2a: Azelf|Psyshock|p1a: Arceus\n|-damage|p1a: Arceus|122/288\n|move|p1a: Arceus|Judgment|p2a: Azelf\n|-damage|p2a: Azelf|122/257\n|\n|upkeep\n|turn|13\n|inactive|Lujay7 has 120 seconds left.\n|\n|t:|1781392050\n|switch|p1a: Landorus|Landorus, L75, M|115/257\n|move|p2a: Azelf|Psyshock|p1a: Landorus\n|-damage|p1a: Landorus|0 fnt\n|faint|p1a: Landorus\n|\n|upkeep\n|\n|t:|1781392052\n|switch|p1a: Zapdos|Zapdos, L78|230/268\n|turn|14\n|\n|t:|1781392066\n|move|p2a: Azelf|Psyshock|p1a: Zapdos\n|-damage|p1a: Zapdos|0 fnt\n|faint|p1a: Zapdos\n|\n|upkeep\n|-message|smasher04 forfeited.\n|\n|win|Lujay7\n", "inputlog": ">version a8376a258c1d4662feba110a92103f3664a72141\n>start {\"formatid\":\"gen9randombattle\",\"seed\":\"sodium,b36cd4a1b7291cecd2e6d64f54463454\",\"rated\":\"Rated battle\"}\n>player p1 {\"name\":\"smasher04\",\"avatar\":\"twins-gen4\",\"rating\":1948,\"seed\":\"sodium,bc2710a0686ff1e0f1e77b9445ca5142\"}\n>player p2 {\"name\":\"Lujay7\",\"avatar\":\"265\",\"rating\":2010,\"seed\":\"sodium,df749e05f4a34dbdc80ae8a9bce1f468\"}\n>p1 move sludgewave\n>p2 move seedflare\n>p1 switch 6\n>p2 move airslash\n>p1 move discharge\n>p2 switch 4\n>p1 move hurricane\n>p2 move poisonjab\n>p2 switch 3\n>p1 switch 5\n>p2 move psyshock\n>p1 move coil\n>p2 switch 6\n>p1 move bodypress\n>p2 move tailglow\n>p1 move bodypress\n>p2 move surf\n>p1 switch 3\n>p1 move hydropump terastallize\n>p2 move energyball\n>p1 switch 4\n>p1 move bodypress\n>p2 move surf\n>p2 switch 6\n>p1 move avalanche\n>p2 move psyshock\n>p1 switch 2\n>p1 move judgment\n>p2 move psyshock terastallize\n>p1 switch 6\n>p2 move psyshock\n>p1 switch 5\n>p1 move hurricane\n>p2 move psyshock\n>forcelose p1", "uploadtime": 1781391791, "views": 4, "formatid": "gen9randombattle", "rating": null, "private": 0, "password": null}