{"id": "gen9randombattle-2631436928", "format": "[Gen 9] Random Battle", "players": ["estupriciodasilva", "kagerarowa"], "log": "|j|\u2606estupriciodasilva\n|j|\u2606kagerarowa\n|t:|1781384519\n|gametype|singles\n|player|p1|estupriciodasilva|swimmer-gen4|\n|player|p2|kagerarowa|iris-gen5bw2|\n|gen|9\n|tier|[Gen 9] Random Battle\n|rule|Species Clause: Limit one of each Pok\u00e9mon\n|rule|HP Percentage Mod: HP is shown in percentages\n|rule|Sleep Clause Mod: Limit one foe put to sleep\n|rule|Illusion Level Mod: Illusion disguises the Pok\u00e9mon's true level\n|\n|t:|1781384519\n|teamsize|p1|6\n|teamsize|p2|6\n|start\n|switch|p1a: Granbull|Granbull, L88, M|302/302\n|switch|p2a: Arceus|Arceus-Electric, L70|284/284\n|-ability|p1a: Granbull|Intimidate|boost\n|-unboost|p2a: Arceus|atk|1\n|turn|1\n|\n|t:|1781384561\n|move|p2a: Arceus|Calm Mind|p2a: Arceus\n|-boost|p2a: Arceus|spa|1\n|-boost|p2a: Arceus|spd|1\n|move|p1a: Granbull|Earthquake|p2a: Arceus\n|-supereffective|p2a: Arceus\n|-damage|p2a: Arceus|106/284\n|\n|upkeep\n|turn|2\n|\n|t:|1781384588\n|move|p2a: Arceus|Judgment|p1a: Granbull\n|-damage|p1a: Granbull|92/302\n|move|p1a: Granbull|Earthquake|p2a: Arceus\n|-supereffective|p2a: Arceus\n|-damage|p2a: Arceus|0 fnt\n|faint|p2a: Arceus\n|\n|-heal|p1a: Granbull|110/302|[from] item: Leftovers\n|upkeep\n|\n|t:|1781384666\n|switch|p2a: Forretress|Forretress, L84, F|263/263\n|turn|3\n|\n|t:|1781384710\n|move|p2a: Forretress|Iron Head|p1a: Granbull\n|-supereffective|p1a: Granbull\n|-damage|p1a: Granbull|0 fnt\n|faint|p1a: Granbull\n|\n|upkeep\n|\n|t:|1781384724\n|switch|p1a: Magmortar|Magmortar, L88, F|275/275\n|turn|4\n|\n|t:|1781384742\n|switch|p2a: Bastiodon|Bastiodon, L89, M|252/252\n|move|p1a: Magmortar|Taunt|p2a: Bastiodon\n|-start|p2a: Bastiodon|move: Taunt\n|\n|upkeep\n|turn|5\n|\n|t:|1781384780\n|switch|p2a: Galvantula|Galvantula, L82, F|249/249\n|move|p1a: Magmortar|Focus Blast|p2a: Galvantula\n|-resisted|p2a: Galvantula\n|-damage|p2a: Galvantula|171/249\n|\n|upkeep\n|turn|6\n|\n|t:|1781384796\n|move|p2a: Galvantula|Thunder|p1a: Magmortar|[miss]\n|-miss|p2a: Galvantula|p1a: Magmortar\n|move|p1a: Magmortar|Fire Blast|p2a: Galvantula|[miss]\n|-miss|p1a: Magmortar|p2a: Galvantula\n|\n|upkeep\n|turn|7\n|inactive|Battle timer is ON: inactive players will automatically lose when time's up. (requested by estupriciodasilva)\n|\n|t:|1781384812\n|move|p2a: Galvantula|Thunder|p1a: Magmortar\n|-damage|p1a: Magmortar|169/275\n|move|p1a: Magmortar|Fire Blast|p2a: Galvantula\n|-supereffective|p2a: Galvantula\n|-damage|p2a: Galvantula|0 fnt\n|faint|p2a: Galvantula\n|\n|upkeep\n|\n|t:|1781384821\n|switch|p2a: Oricorio|Oricorio-Sensu, L85, M|266/266\n|turn|8\n|\n|t:|1781384828\n|move|p2a: Oricorio|Quiver Dance|p2a: Oricorio\n|-boost|p2a: Oricorio|spa|1\n|-boost|p2a: Oricorio|spd|1\n|-boost|p2a: Oricorio|spe|1\n|move|p1a: Magmortar|Thunderbolt|p2a: Oricorio\n|-supereffective|p2a: Oricorio\n|-damage|p2a: Oricorio|138/266\n|\n|upkeep\n|turn|9\n|\n|t:|1781384843\n|move|p2a: Oricorio|Revelation Dance|p1a: Magmortar\n|-damage|p1a: Magmortar|22/275\n|move|p1a: Magmortar|Taunt|p2a: Oricorio\n|-start|p2a: Oricorio|move: Taunt\n|\n|upkeep\n|turn|10\n|\n|t:|1781384852\n|move|p2a: Oricorio|Revelation Dance|p1a: Magmortar\n|-damage|p1a: Magmortar|0 fnt\n|faint|p1a: Magmortar\n|\n|upkeep\n|inactive|estupriciodasilva has 270 seconds left.\n|\n|t:|1781384885\n|switch|p1a: Vikavolt|Vikavolt, L83, F|263/263\n|turn|11\n|inactive|estupriciodasilva has 270 seconds left.\n|\n|t:|1781384903\n|-terastallize|p1a: Vikavolt|Electric\n|move|p2a: Oricorio|Hurricane|p1a: Vikavolt\n|-resisted|p1a: Vikavolt\n|-damage|p1a: Vikavolt|159/263\n|move|p1a: Vikavolt|Sticky Web|p2a: Oricorio\n|-sidestart|p2: kagerarowa|move: Sticky Web\n|\n|upkeep\n|turn|12\n|inactive|estupriciodasilva has 270 seconds left.\n|\n|t:|1781384912\n|move|p2a: Oricorio|Revelation Dance|p1a: Vikavolt\n|-damage|p1a: Vikavolt|2/263\n|move|p1a: Vikavolt|Discharge|p2a: Oricorio\n|-supereffective|p2a: Oricorio\n|-damage|p2a: Oricorio|0 fnt\n|faint|p2a: Oricorio\n|\n|upkeep\n|\n|t:|1781384927\n|switch|p2a: Forretress|Forretress, L84, F|263/263\n|-activate|p2a: Forretress|move: Sticky Web\n|-unboost|p2a: Forretress|spe|1\n|turn|13\n|\n|t:|1781384934\n|move|p1a: Vikavolt|Volt Switch|p2a: Forretress\n|-damage|p2a: Forretress|87/263\n|\n|t:|1781384944\n|switch|p1a: Copperajah|Copperajah, L86, M|350/350|[from] Volt Switch\n|move|p2a: Forretress|Rapid Spin|p1a: Copperajah\n|-resisted|p1a: Copperajah\n|-damage|p1a: Copperajah|331/350\n|-boost|p2a: Forretress|spe|1\n|-sideend|p2: kagerarowa|Sticky Web|[from] move: Rapid Spin|[of] p2a: Forretress\n|\n|-heal|p2a: Forretress|103/263|[from] item: Leftovers\n|upkeep\n|turn|14\n|\n|t:|1781384955\n|move|p2a: Forretress|Stealth Rock|p1a: Copperajah\n|-sidestart|p1: estupriciodasilva|move: Stealth Rock\n|move|p1a: Copperajah|Heat Crash|p2a: Forretress\n|-supereffective|p2a: Forretress\n|-damage|p2a: Forretress|0 fnt\n|faint|p2a: Forretress\n|\n|upkeep\n|\n|t:|1781384960\n|switch|p2a: Lurantis|Lurantis, L87, M|264/264\n|turn|15\n|\n|t:|1781384967\n|move|p2a: Lurantis|Superpower|p1a: Copperajah\n|-supereffective|p1a: Copperajah\n|-damage|p1a: Copperajah|105/350\n|-boost|p2a: Lurantis|atk|1\n|-boost|p2a: Lurantis|def|1\n|move|p1a: Copperajah|Heat Crash|p2a: Lurantis\n|-supereffective|p2a: Lurantis\n|-damage|p2a: Lurantis|40/264\n|\n|upkeep\n|turn|16\n|\n|t:|1781384977\n|move|p2a: Lurantis|Superpower|p1a: Copperajah\n|-supereffective|p1a: Copperajah\n|-damage|p1a: Copperajah|0 fnt\n|-boost|p2a: Lurantis|atk|1\n|-boost|p2a: Lurantis|def|1\n|faint|p1a: Copperajah\n|\n|upkeep\n|j| wiu123\n|\n|t:|1781384983\n|switch|p1a: Infernape|Infernape, L82, F|259/259\n|-damage|p1a: Infernape|227/259|[from] Stealth Rock\n|turn|17\n|\n|t:|1781384995\n|move|p1a: Infernape|Mach Punch|p2a: Lurantis\n|-damage|p2a: Lurantis|5/264\n|-damage|p1a: Infernape|202/259|[from] item: Life Orb\n|move|p2a: Lurantis|Superpower|p1a: Infernape\n|-damage|p1a: Infernape|0 fnt\n|-boost|p2a: Lurantis|atk|1\n|-boost|p2a: Lurantis|def|1\n|faint|p1a: Infernape\n|\n|upkeep\n|\n|t:|1781385000\n|switch|p1a: Eiscue|Eiscue, L88, F|274/274\n|-damage|p1a: Eiscue|206/274|[from] Stealth Rock\n|turn|18\n|\n|t:|1781385021\n|move|p1a: Eiscue|Belly Drum|p1a: Eiscue\n|-damage|p1a: Eiscue|69/274\n|-setboost|p1a: Eiscue|atk|6|[from] move: Belly Drum\n|-enditem|p1a: Eiscue|Sitrus Berry|[eat]\n|-heal|p1a: Eiscue|137/274|[from] item: Sitrus Berry\n|move|p2a: Lurantis|Leech Life|p1a: Eiscue\n|-activate|p1a: Eiscue|ability: Ice Face\n|-damage|p1a: Eiscue|137/274\n|detailschange|p1a: Eiscue|Eiscue-Noice, L88, F\n|\n|upkeep\n|turn|19\n|\n|t:|1781385037\n|move|p1a: Eiscue|Ice Spinner|p2a: Lurantis\n|-supereffective|p2a: Lurantis\n|-damage|p2a: Lurantis|0 fnt\n|faint|p2a: Lurantis\n|\n|upkeep\n|\n|t:|1781385042\n|switch|p2a: Bastiodon|Bastiodon, L89, M|252/252\n|turn|20\n|\n|t:|1781385048\n|move|p1a: Eiscue|Liquidation|p2a: Bastiodon\n|-supereffective|p2a: Bastiodon\n|-damage|p2a: Bastiodon|2/252\n|move|p2a: Bastiodon|Iron Defense|p2a: Bastiodon\n|-boost|p2a: Bastiodon|def|2\n|\n|upkeep\n|turn|21\n|-message|kagerarowa forfeited.\n|\n|win|estupriciodasilva\n|l|\u2606kagerarowa\n|player|p2|\n|l| wiu123\n", "inputlog": ">version a8376a258c1d4662feba110a92103f3664a72141\n>start {\"formatid\":\"gen9randombattle\",\"seed\":\"sodium,963db301b95a240c21f69f20f61fcb8d\"}\n>player p1 {\"name\":\"estupriciodasilva\",\"avatar\":\"swimmer-gen4\",\"rating\":0,\"seed\":\"sodium,495f7bd2ca3dad396ed5b1b37775293d\"}\n>player p2 {\"name\":\"kagerarowa\",\"avatar\":\"iris-gen5bw2\",\"rating\":0,\"seed\":\"sodium,c324e1d40652bf4f764b62ee586d4ce6\"}\n>p1 move earthquake\n>p2 move calmmind\n>p1 move earthquake\n>p2 move judgment\n>p2 switch 4\n>p1 move roar\n>p2 move ironhead\n>p1 switch 4\n>p1 move taunt\n>p2 switch 2\n>p1 move focusblast\n>p2 switch 5\n>p1 move fireblast\n>p2 move thunder\n>p1 move fireblast\n>p2 move thunder\n>p2 switch 3\n>p1 move thunderbolt\n>p2 move quiverdance\n>p1 move taunt\n>p2 move revelationdance\n>p1 move thunderbolt\n>p2 move revelationdance\n>p1 switch 2\n>p1 move stickyweb terastallize\n>p2 move hurricane\n>p1 move discharge\n>p2 move revelationdance\n>p2 switch 2\n>p1 move voltswitch\n>p2 move rapidspin\n>p1 switch 3\n>p1 move heatcrash\n>p2 move stealthrock\n>p2 switch 6\n>p1 move heatcrash\n>p2 move superpower\n>p1 move heatcrash\n>p2 move superpower\n>p1 switch 5\n>p1 move machpunch\n>p2 move superpower\n>p1 switch 6\n>p1 move bellydrum\n>p2 move leechlife\n>p1 move icespinner\n>p2 move superpower\n>p2 switch 5\n>p1 move liquidation\n>p2 move irondefense\n>forcelose p2", "uploadtime": 1781385098, "views": 8, "formatid": "gen9randombattle", "rating": null, "private": 0, "password": null}