{"id": "gen9randombattle-2631708839", "format": "[Gen 9] Random Battle", "players": ["Crysys1", "Jxyjia"], "log": "|j|\u2606Crysys1\n|j|\u2606Jxyjia\n|t:|1781426049\n|gametype|singles\n|player|p1|Crysys1|265|2052\n|player|p2|Jxyjia|1|1966\n|gen|9\n|tier|[Gen 9] Random Battle\n|rated|\n|rule|Species Clause: Limit one of each Pok\u00e9mon\n|rule|HP Percentage Mod: HP is shown in percentages\n|rule|Sleep Clause Mod: Limit one foe put to sleep\n|rule|Illusion Level Mod: Illusion disguises the Pok\u00e9mon's true level\n|\n|t:|1781426049\n|teamsize|p1|6\n|teamsize|p2|6\n|start\n|switch|p1a: Tropius|Tropius, L91, F|328/328\n|switch|p2a: Hitmonchan|Hitmonchan, L87, M|229/229\n|turn|1\n|inactive|Battle timer is ON: inactive players will automatically lose when time's up. (requested by Jxyjia)\n|\n|t:|1781426064\n|switch|p1a: Suicune|Suicune, L82|298/298\n|-ability|p1a: Suicune|Pressure\n|move|p2a: Hitmonchan|Knock Off|p1a: Suicune\n|-damage|p1a: Suicune|236/298\n|-enditem|p1a: Suicune|Leftovers|[from] move: Knock Off|[of] p2a: Hitmonchan\n|\n|upkeep\n|turn|2\n|\n|t:|1781426075\n|switch|p2a: Dunsparce|Dunsparce, L86, F|312/312\n|move|p1a: Suicune|Calm Mind|p1a: Suicune\n|-boost|p1a: Suicune|spa|1\n|-boost|p1a: Suicune|spd|1\n|\n|upkeep\n|turn|3\n|\n|t:|1781426080\n|move|p1a: Suicune|Calm Mind|p1a: Suicune\n|-boost|p1a: Suicune|spa|1\n|-boost|p1a: Suicune|spd|1\n|move|p2a: Dunsparce|Body Slam|p1a: Suicune\n|-damage|p1a: Suicune|175/298\n|-status|p1a: Suicune|par\n|\n|upkeep\n|turn|4\n|\n|t:|1781426088\n|move|p2a: Dunsparce|Coil|p2a: Dunsparce\n|-boost|p2a: Dunsparce|atk|1\n|-boost|p2a: Dunsparce|def|1\n|-boost|p2a: Dunsparce|accuracy|1\n|move|p1a: Suicune|Rest|p1a: Suicune\n|-status|p1a: Suicune|slp|[from] move: Rest\n|-heal|p1a: Suicune|298/298 slp|[silent]\n|\n|upkeep\n|turn|5\n|\n|t:|1781426091\n|cant|p1a: Suicune|slp\n|move|p1a: Suicune|Sleep Talk|p1a: Suicune\n|move|p1a: Suicune|Rest||[from] move: Sleep Talk|[still]\n|-fail|p1a: Suicune\n|move|p2a: Dunsparce|Coil|p2a: Dunsparce\n|-boost|p2a: Dunsparce|atk|1\n|-boost|p2a: Dunsparce|def|1\n|-boost|p2a: Dunsparce|accuracy|1\n|\n|upkeep\n|turn|6\n|\n|t:|1781426098\n|cant|p1a: Suicune|slp\n|move|p1a: Suicune|Sleep Talk|p1a: Suicune\n|move|p1a: Suicune|Scald|p2a: Dunsparce|[from] move: Sleep Talk\n|-damage|p2a: Dunsparce|194/312\n|move|p2a: Dunsparce|Body Slam|p1a: Suicune\n|-damage|p1a: Suicune|171/298 slp\n|\n|upkeep\n|turn|7\n|\n|t:|1781426103\n|-curestatus|p1a: Suicune|slp|[msg]\n|move|p1a: Suicune|Scald|p2a: Dunsparce\n|-damage|p2a: Dunsparce|73/312\n|-status|p2a: Dunsparce|brn\n|move|p2a: Dunsparce|Body Slam|p1a: Suicune\n|-damage|p1a: Suicune|105/298\n|-status|p1a: Suicune|par\n|\n|-damage|p2a: Dunsparce|54/312 brn|[from] brn\n|upkeep\n|turn|8\n|\n|t:|1781426113\n|move|p2a: Dunsparce|Roost|p2a: Dunsparce\n|-heal|p2a: Dunsparce|210/312 brn\n|-singleturn|p2a: Dunsparce|move: Roost\n|cant|p1a: Suicune|par\n|\n|-damage|p2a: Dunsparce|191/312 brn|[from] brn\n|upkeep\n|turn|9\n|\n|t:|1781426124\n|move|p2a: Dunsparce|Body Slam|p1a: Suicune\n|-damage|p1a: Suicune|46/298 par\n|move|p1a: Suicune|Rest|p1a: Suicune\n|-status|p1a: Suicune|slp|[from] move: Rest\n|-heal|p1a: Suicune|298/298 slp|[silent]\n|\n|-damage|p2a: Dunsparce|172/312 brn|[from] brn\n|upkeep\n|turn|10\n|\n|t:|1781426130\n|cant|p1a: Suicune|slp\n|move|p1a: Suicune|Sleep Talk|p1a: Suicune\n|move|p1a: Suicune|Calm Mind|p1a: Suicune|[from] move: Sleep Talk\n|-boost|p1a: Suicune|spa|1\n|-boost|p1a: Suicune|spd|1\n|move|p2a: Dunsparce|Coil|p2a: Dunsparce\n|-boost|p2a: Dunsparce|atk|1\n|-boost|p2a: Dunsparce|def|1\n|-boost|p2a: Dunsparce|accuracy|1\n|\n|-damage|p2a: Dunsparce|153/312 brn|[from] brn\n|upkeep\n|turn|11\n|\n|t:|1781426136\n|cant|p1a: Suicune|slp\n|move|p1a: Suicune|Sleep Talk|p1a: Suicune\n|move|p1a: Suicune|Scald|p2a: Dunsparce|[from] move: Sleep Talk\n|-damage|p2a: Dunsparce|0 fnt\n|faint|p2a: Dunsparce\n|\n|upkeep\n|\n|t:|1781426140\n|switch|p2a: Jumpluff|Jumpluff, L87, M|271/271\n|turn|12\n|\n|t:|1781426145\n|move|p2a: Jumpluff|Leech Seed|p1a: Suicune\n|-start|p1a: Suicune|move: Leech Seed\n|-curestatus|p1a: Suicune|slp|[msg]\n|move|p1a: Suicune|Scald|p2a: Jumpluff\n|-resisted|p2a: Jumpluff\n|-damage|p2a: Jumpluff|189/271\n|\n|-damage|p1a: Suicune|261/298|[from] Leech Seed|[of] p2a: Jumpluff\n|-heal|p2a: Jumpluff|226/271|[silent]\n|upkeep\n|turn|13\n|\n|t:|1781426157\n|switch|p1a: Oinkologne|Oinkologne, L92, M|352/352\n|move|p2a: Jumpluff|Substitute|p2a: Jumpluff\n|-start|p2a: Jumpluff|Substitute\n|-damage|p2a: Jumpluff|159/271\n|\n|upkeep\n|turn|14\n|\n|t:|1781426161\n|move|p2a: Jumpluff|Leech Seed|p1a: Oinkologne\n|-start|p1a: Oinkologne|move: Leech Seed\n|move|p1a: Oinkologne|Double-Edge|p2a: Jumpluff\n|-end|p2a: Jumpluff|Substitute\n|-damage|p1a: Oinkologne|330/352|[from] Recoil|[of] p2a: Jumpluff\n|\n|-heal|p1a: Oinkologne|352/352|[from] item: Leftovers\n|-damage|p1a: Oinkologne|308/352|[from] Leech Seed|[of] p2a: Jumpluff\n|-heal|p2a: Jumpluff|203/271|[silent]\n|upkeep\n|turn|15\n|\n|t:|1781426174\n|switch|p1a: Rotom|Rotom-Mow, L87|229/229\n|move|p2a: Jumpluff|Substitute|p2a: Jumpluff\n|-start|p2a: Jumpluff|Substitute\n|-damage|p2a: Jumpluff|136/271\n|\n|upkeep\n|turn|16\n|\n|t:|1781426184\n|move|p2a: Jumpluff|Acrobatics|p1a: Rotom\n|-damage|p1a: Rotom|160/229\n|move|p1a: Rotom|Thunderbolt|p2a: Jumpluff\n|-end|p2a: Jumpluff|Substitute\n|\n|-heal|p1a: Rotom|174/229|[from] item: Leftovers\n|upkeep\n|turn|17\n|\n|t:|1781426202\n|switch|p2a: Ceruledge|Ceruledge, L78, F|245/245\n|move|p1a: Rotom|Will-O-Wisp|p2a: Ceruledge\n|-immune|p2a: Ceruledge\n|\n|-heal|p1a: Rotom|188/229|[from] item: Leftovers\n|upkeep\n|turn|18\n|\n|t:|1781426230\n|switch|p1a: Oinkologne|Oinkologne, L92, M|308/352\n|move|p2a: Ceruledge|Poltergeist|p1a: Oinkologne\n|-immune|p1a: Oinkologne\n|\n|-heal|p1a: Oinkologne|330/352|[from] item: Leftovers\n|upkeep\n|turn|19\n|\n|t:|1781426248\n|switch|p2a: Skarmory|Skarmory, L80, F|235/235\n|move|p1a: Oinkologne|Curse|p1a: Oinkologne\n|-unboost|p1a: Oinkologne|spe|1\n|-boost|p1a: Oinkologne|atk|1\n|-boost|p1a: Oinkologne|def|1\n|\n|-heal|p1a: Oinkologne|352/352|[from] item: Leftovers\n|upkeep\n|turn|20\n|\n|t:|1781426263\n|switch|p1a: Rotom|Rotom-Mow, L87|188/229\n|move|p2a: Skarmory|Body Press|p1a: Rotom\n|-damage|p1a: Rotom|129/229\n|\n|-heal|p1a: Rotom|143/229|[from] item: Leftovers\n|upkeep\n|turn|21\n|\n|t:|1781426279\n|switch|p2a: Iron Moth|Iron Moth, L78|253/253\n|move|p1a: Rotom|Thunderbolt|p2a: Iron Moth\n|-damage|p2a: Iron Moth|154/253\n|\n|-heal|p1a: Rotom|157/229|[from] item: Leftovers\n|upkeep\n|turn|22\n|\n|t:|1781426290\n|switch|p1a: Oinkologne|Oinkologne, L92, M|352/352\n|move|p2a: Iron Moth|Toxic Spikes|p1a: Oinkologne\n|-sidestart|p1: Crysys1|move: Toxic Spikes\n|\n|upkeep\n|turn|23\n|\n|t:|1781426303\n|move|p2a: Iron Moth|Sludge Wave|p1a: Oinkologne\n|-damage|p1a: Oinkologne|228/352\n|move|p1a: Oinkologne|Lash Out|p2a: Iron Moth\n|-damage|p2a: Iron Moth|66/253\n|\n|-heal|p1a: Oinkologne|250/352|[from] item: Leftovers\n|upkeep\n|turn|24\n|\n|t:|1781426310\n|move|p2a: Iron Moth|Toxic Spikes|p1a: Oinkologne\n|-sidestart|p1: Crysys1|move: Toxic Spikes\n|move|p1a: Oinkologne|Lash Out|p2a: Iron Moth\n|-damage|p2a: Iron Moth|0 fnt\n|faint|p2a: Iron Moth\n|-end|p2a: Iron Moth|Quark Drive|[silent]\n|\n|-heal|p1a: Oinkologne|272/352|[from] item: Leftovers\n|upkeep\n|\n|t:|1781426313\n|switch|p2a: Skarmory|Skarmory, L80, F|235/235\n|turn|25\n|\n|t:|1781426318\n|switch|p1a: Rotom|Rotom-Mow, L87|157/229\n|move|p2a: Skarmory|Spikes|p1a: Rotom\n|-sidestart|p1: Crysys1|Spikes\n|\n|-heal|p1a: Rotom|171/229|[from] item: Leftovers\n|upkeep\n|turn|26\n|\n|t:|1781426326\n|move|p1a: Rotom|Nasty Plot|p1a: Rotom\n|-boost|p1a: Rotom|spa|2\n|move|p2a: Skarmory|Spikes|p1a: Rotom\n|-sidestart|p1: Crysys1|Spikes\n|\n|-heal|p1a: Rotom|185/229|[from] item: Leftovers\n|upkeep\n|turn|27\n|\n|t:|1781426336\n|move|p1a: Rotom|Thunderbolt|p2a: Skarmory\n|-supereffective|p2a: Skarmory\n|-ability|p2a: Skarmory|Sturdy\n|-damage|p2a: Skarmory|1/235\n|move|p2a: Skarmory|Brave Bird|p1a: Rotom\n|-damage|p1a: Rotom|106/229\n|-damage|p2a: Skarmory|0 fnt|[from] Recoil\n|faint|p2a: Skarmory\n|\n|-heal|p1a: Rotom|120/229|[from] item: Leftovers\n|upkeep\n|\n|t:|1781426340\n|switch|p2a: Ceruledge|Ceruledge, L78, F|245/245\n|turn|28\n|\n|t:|1781426346\n|move|p1a: Rotom|Thunderbolt|p2a: Ceruledge\n|-damage|p2a: Ceruledge|47/245\n|-status|p2a: Ceruledge|par\n|move|p2a: Ceruledge|Bitter Blade|p1a: Rotom\n|-supereffective|p1a: Rotom\n|-damage|p1a: Rotom|0 fnt\n|-heal|p2a: Ceruledge|107/245 par|[from] drain|[of] p1a: Rotom\n|faint|p1a: Rotom\n|\n|upkeep\n|\n|t:|1781426364\n|switch|p1a: Roaring Moon|Roaring Moon, L72|270/270\n|-status|p1a: Roaring Moon|tox\n|-enditem|p1a: Roaring Moon|Lum Berry|[eat]\n|-curestatus|p1a: Roaring Moon|tox|[msg]\n|-damage|p1a: Roaring Moon|225/270|[from] Spikes\n|turn|29\n|\n|t:|1781426375\n|switch|p2a: Hitmonchan|Hitmonchan, L87, M|229/229\n|move|p1a: Roaring Moon|Knock Off|p2a: Hitmonchan\n|-resisted|p2a: Hitmonchan\n|-damage|p2a: Hitmonchan|180/229\n|-enditem|p2a: Hitmonchan|Leftovers|[from] move: Knock Off|[of] p1a: Roaring Moon\n|\n|upkeep\n|turn|30\n|\n|t:|1781426382\n|-end|p1a: Roaring Moon|Protosynthesis|[silent]\n|switch|p1a: Venomoth|Venomoth, L84, M|255/255\n|-sideend|p1: Crysys1|move: Toxic Spikes|[of] p1a: Venomoth\n|move|p2a: Hitmonchan|Bulk Up|p2a: Hitmonchan\n|-boost|p2a: Hitmonchan|atk|1\n|-boost|p2a: Hitmonchan|def|1\n|\n|upkeep\n|turn|31\n|\n|t:|1781426386\n|move|p1a: Venomoth|Sleep Powder|p2a: Hitmonchan\n|-status|p2a: Hitmonchan|slp|[from] move: Sleep Powder\n|cant|p2a: Hitmonchan|slp\n|\n|upkeep\n|turn|32\n|\n|t:|1781426390\n|move|p1a: Venomoth|Quiver Dance|p1a: Venomoth\n|-boost|p1a: Venomoth|spa|1\n|-boost|p1a: Venomoth|spd|1\n|-boost|p1a: Venomoth|spe|1\n|cant|p2a: Hitmonchan|slp\n|\n|upkeep\n|turn|33\n|\n|t:|1781426396\n|-terastallize|p2a: Hitmonchan|Steel\n|move|p1a: Venomoth|Bug Buzz|p2a: Hitmonchan\n|-resisted|p2a: Hitmonchan\n|-damage|p2a: Hitmonchan|64/229 slp\n|cant|p2a: Hitmonchan|slp\n|\n|upkeep\n|turn|34\n|-message|Jxyjia forfeited.\n|\n|win|Crysys1\n", "inputlog": ">version a8376a258c1d4662feba110a92103f3664a72141\n>start {\"formatid\":\"gen9randombattle\",\"seed\":\"sodium,3d3b19067bb3d146dc92e6304d1b4d39\",\"rated\":\"Rated battle\"}\n>player p1 {\"name\":\"Crysys1\",\"avatar\":\"265\",\"rating\":2052,\"seed\":\"sodium,be9d6bdfd38b44976094b3adb6040b88\"}\n>player p2 {\"name\":\"Jxyjia\",\"avatar\":\"1\",\"rating\":1966,\"seed\":\"sodium,74bd77c78f349689f52776461d0d6737\"}\n>p1 switch 3\n>p2 move knockoff\n>p1 move calmmind\n>p2 switch 5\n>p1 move calmmind\n>p2 move bodyslam\n>p1 move rest\n>p2 move coil\n>p1 move sleeptalk\n>p2 move coil\n>p1 move sleeptalk\n>p2 move bodyslam\n>p1 move scald\n>p2 move bodyslam\n>p1 move rest\n>p2 move roost\n>p1 move rest\n>p2 move bodyslam\n>p1 move sleeptalk\n>p2 move coil\n>p1 move sleeptalk\n>p2 move roost\n>p2 switch 2\n>p1 move scald\n>p2 move leechseed\n>p1 switch 6\n>p2 move substitute\n>p1 move doubleedge\n>p2 move leechseed\n>p1 switch 4\n>p2 move substitute\n>p1 move thunderbolt\n>p2 move acrobatics\n>p1 move willowisp\n>p2 switch 4\n>p1 switch 4\n>p2 move poltergeist\n>p1 move curse\n>p2 switch 3\n>p1 switch 4\n>p2 move bodypress\n>p1 move thunderbolt\n>p2 switch 6\n>p1 switch 4\n>p2 move toxicspikes\n>p1 move lashout\n>p2 move sludgewave\n>p1 move lashout\n>p2 move toxicspikes\n>p2 switch 6\n>p1 switch 4\n>p2 move spikes\n>p1 move nastyplot\n>p2 move spikes\n>p1 move thunderbolt\n>p2 move bravebird\n>p2 switch 3\n>p1 move thunderbolt\n>p2 move bitterblade\n>p1 switch 5\n>p1 move knockoff\n>p2 switch 5\n>p1 switch 2\n>p2 move bulkup\n>p1 move sleeppowder\n>p2 move knockoff\n>p1 move quiverdance\n>p2 move knockoff\n>p1 move bugbuzz\n>p2 move knockoff terastallize\n>forcelose p2", "uploadtime": 1781426051, "views": 5, "formatid": "gen9randombattle", "rating": null, "private": 0, "password": null}