{"id": "gen9randombattle-2631903079", "format": "[Gen 9] Random Battle", "players": ["ogtru", "ged1000"], "log": "|j|\u2606ogtru\n|j|\u2606ged1000\n|t:|1781453877\n|gametype|singles\n|player|p1|ogtru|265|1551\n|player|p2|ged1000|supernerd|1543\n|gen|9\n|tier|[Gen 9] Random Battle\n|rated|\n|rule|Species Clause: Limit one of each Pok\u00e9mon\n|rule|HP Percentage Mod: HP is shown in percentages\n|rule|Sleep Clause Mod: Limit one foe put to sleep\n|rule|Illusion Level Mod: Illusion disguises the Pok\u00e9mon's true level\n|\n|t:|1781453877\n|teamsize|p1|6\n|teamsize|p2|6\n|start\n|switch|p1a: Tyranitar|Tyranitar, L78, F|284/284\n|switch|p2a: Scovillain|Scovillain, L91, F|266/266\n|-weather|Sandstorm|[from] ability: Sand Stream|[of] p1a: Tyranitar\n|turn|1\n|inactive|Battle timer is ON: inactive players will automatically lose when time's up. (requested by ged1000)\n|\n|t:|1781453903\n|switch|p2a: Zacian|Zacian, L69|241/241\n|-ability|p2a: Zacian|Intrepid Sword|boost\n|-boost|p2a: Zacian|atk|1\n|move|p1a: Tyranitar|Knock Off|p2a: Zacian\n|-resisted|p2a: Zacian\n|-damage|p2a: Zacian|187/241\n|-enditem|p2a: Zacian|Life Orb|[from] move: Knock Off|[of] p1a: Tyranitar\n|\n|-weather|Sandstorm|[upkeep]\n|-damage|p2a: Zacian|172/241|[from] Sandstorm\n|upkeep\n|turn|2\n|\n|t:|1781453916\n|switch|p1a: Spiritomb|Spiritomb, L89, F|234/234\n|move|p2a: Zacian|Play Rough|p1a: Spiritomb\n|-supereffective|p1a: Spiritomb\n|-damage|p1a: Spiritomb|48/234\n|\n|-weather|Sandstorm|[upkeep]\n|-damage|p2a: Zacian|157/241|[from] Sandstorm\n|-damage|p1a: Spiritomb|34/234|[from] Sandstorm\n|-heal|p1a: Spiritomb|48/234|[from] item: Leftovers\n|upkeep\n|turn|3\n|\n|t:|1781453927\n|move|p1a: Spiritomb|Shadow Sneak|p2a: Zacian\n|-damage|p2a: Zacian|112/241\n|move|p2a: Zacian|Crunch|p1a: Spiritomb\n|-damage|p1a: Spiritomb|0 fnt\n|faint|p1a: Spiritomb\n|\n|-weather|Sandstorm|[upkeep]\n|-damage|p2a: Zacian|97/241|[from] Sandstorm\n|upkeep\n|\n|t:|1781453930\n|switch|p1a: Sceptile|Sceptile, L87, M|264/264\n|turn|4\n|\n|t:|1781453943\n|switch|p2a: Moltres|Moltres, L81|278/278\n|move|p1a: Sceptile|Swords Dance|p1a: Sceptile\n|-boost|p1a: Sceptile|atk|2\n|\n|-weather|Sandstorm|[upkeep]\n|-damage|p1a: Sceptile|248/264|[from] Sandstorm\n|-damage|p2a: Moltres|261/278|[from] Sandstorm\n|upkeep\n|turn|5\n|\n|t:|1781453951\n|move|p1a: Sceptile|Rock Slide|p2a: Moltres\n|-supereffective|p2a: Moltres\n|-damage|p2a: Moltres|0 fnt\n|faint|p2a: Moltres\n|-damage|p1a: Sceptile|222/264|[from] item: Life Orb\n|\n|-weather|none\n|upkeep\n|\n|t:|1781453958\n|switch|p2a: Seviper|Seviper, L93, F|287/287\n|turn|6\n|\n|t:|1781453962\n|move|p1a: Sceptile|Earthquake|p2a: Seviper\n|-supereffective|p2a: Seviper\n|-damage|p2a: Seviper|0 fnt\n|faint|p2a: Seviper\n|-damage|p1a: Sceptile|196/264|[from] item: Life Orb\n|\n|upkeep\n|\n|t:|1781453972\n|switch|p2a: Scovillain|Scovillain, L91, F|266/266\n|turn|7\n|\n|t:|1781453975\n|move|p1a: Sceptile|Rock Slide|p2a: Scovillain\n|-supereffective|p2a: Scovillain\n|-damage|p2a: Scovillain|0 fnt\n|faint|p2a: Scovillain\n|-damage|p1a: Sceptile|170/264|[from] item: Life Orb\n|\n|upkeep\n|-message|ged1000 forfeited.\n|\n|win|ogtru\n|raw|ogtru's rating: 1551 &rarr; <strong>1571</strong><br />(+20 for winning)\n|raw|ged1000's rating: 1543 &rarr; <strong>1523</strong><br />(-20 for losing)\n|l|\u2606ged1000\n|player|p2|\n", "inputlog": ">version a8376a258c1d4662feba110a92103f3664a72141\n>start {\"formatid\":\"gen9randombattle\",\"seed\":\"sodium,781474a9b2ebbebcaac479d275c909ad\",\"rated\":\"Rated battle\"}\n>player p1 {\"name\":\"ogtru\",\"avatar\":\"265\",\"rating\":1551,\"seed\":\"sodium,0812f3a324c247840b186ca4cef31ed5\"}\n>player p2 {\"name\":\"ged1000\",\"avatar\":\"supernerd\",\"rating\":1543,\"seed\":\"sodium,a493e55ed577b6501313b1fe6b4732bb\"}\n>p1 move knockoff\n>p2 switch 5\n>p1 switch 6\n>p2 move playrough\n>p1 move shadowsneak\n>p2 move crunch\n>p1 switch 3\n>p1 move swordsdance\n>p2 switch 3\n>p1 move rockslide\n>p2 move fireblast\n>p2 switch 6\n>p1 move earthquake\n>p2 move gunkshot\n>p2 switch 5\n>p1 move rockslide\n>p2 move flamethrower\n>forcelose p2", "uploadtime": 1781453989, "views": 4, "formatid": "gen9randombattle", "rating": 1523, "private": 0, "password": null}