{"id": "gen9randombattle-2631740263", "format": "[Gen 9] Random Battle", "players": ["mrkah23", "FantasyWind"], "log": "|j|\u2606mrkah23\n|j|\u203dFantasyWind\n|t:|1781431847\n|gametype|singles\n|player|p1|mrkah23|169|2021\n|player|p2|FantasyWind|rosa|1977\n|gen|9\n|tier|[Gen 9] Random Battle\n|rated|\n|rule|Species Clause: Limit one of each Pok\u00e9mon\n|rule|HP Percentage Mod: HP is shown in percentages\n|rule|Sleep Clause Mod: Limit one foe put to sleep\n|rule|Illusion Level Mod: Illusion disguises the Pok\u00e9mon's true level\n|\n|t:|1781431847\n|teamsize|p1|6\n|teamsize|p2|6\n|start\n|switch|p1a: Krookodile|Krookodile, L79, M|280/280\n|switch|p2a: Flareon|Flareon, L90, M|263/263\n|-ability|p1a: Krookodile|Intimidate|boost\n|-unboost|p2a: Flareon|atk|1\n|turn|1\n|inactive|Battle timer is ON: inactive players will automatically lose when time's up. (requested by FantasyWind)\n|\n|t:|1781431861\n|move|p1a: Krookodile|Knock Off|p2a: Flareon\n|-damage|p2a: Flareon|133/263\n|-enditem|p2a: Flareon|Toxic Orb|[from] move: Knock Off|[of] p1a: Krookodile\n|move|p2a: Flareon|Will-O-Wisp|p1a: Krookodile\n|-status|p1a: Krookodile|brn\n|\n|-damage|p1a: Krookodile|263/280 brn|[from] brn\n|upkeep\n|turn|2\n|\n|t:|1781431867\n|move|p1a: Krookodile|Bulk Up|p1a: Krookodile\n|-boost|p1a: Krookodile|atk|1\n|-boost|p1a: Krookodile|def|1\n|move|p2a: Flareon|Trailblaze|p1a: Krookodile\n|-supereffective|p1a: Krookodile\n|-damage|p1a: Krookodile|211/280 brn\n|-boost|p2a: Flareon|spe|1\n|\n|-heal|p1a: Krookodile|228/280 brn|[from] item: Leftovers\n|-damage|p1a: Krookodile|211/280 brn|[from] brn\n|upkeep\n|turn|3\n|\n|t:|1781431873\n|move|p2a: Flareon|Flare Blitz|p1a: Krookodile\n|-damage|p1a: Krookodile|124/280 brn\n|-damage|p2a: Flareon|104/263|[from] Recoil\n|move|p1a: Krookodile|Earthquake|p2a: Flareon\n|-supereffective|p2a: Flareon\n|-damage|p2a: Flareon|0 fnt\n|faint|p2a: Flareon\n|\n|-heal|p1a: Krookodile|141/280 brn|[from] item: Leftovers\n|-damage|p1a: Krookodile|124/280 brn|[from] brn\n|upkeep\n|\n|t:|1781431881\n|switch|p2a: Greninja|Greninja, L80, M|246/246\n|turn|4\n|\n|t:|1781431896\n|move|p2a: Greninja|Grass Knot|p1a: Krookodile\n|-start|p2a: Greninja|typechange|Grass|[from] ability: Protean\n|-supereffective|p1a: Krookodile\n|-damage|p1a: Krookodile|0 fnt\n|faint|p1a: Krookodile\n|-damage|p2a: Greninja|222/246|[from] item: Life Orb\n|\n|upkeep\n|\n|t:|1781431913\n|switch|p1a: Ambipom|Ambipom, L84, F|263/263\n|turn|5\n|\n|t:|1781431921\n|switch|p2a: Alomomola|Alomomola, L87, F|429/429\n|move|p1a: Ambipom|Triple Axel|p2a: Alomomola\n|-resisted|p2a: Alomomola\n|-damage|p2a: Alomomola|411/429\n|-damage|p1a: Ambipom|220/263|[from] item: Rocky Helmet|[of] p2a: Alomomola\n|-resisted|p2a: Alomomola\n|-damage|p2a: Alomomola|375/429\n|-damage|p1a: Ambipom|177/263|[from] item: Rocky Helmet|[of] p2a: Alomomola\n|-resisted|p2a: Alomomola\n|-damage|p2a: Alomomola|324/429\n|-damage|p1a: Ambipom|134/263|[from] item: Rocky Helmet|[of] p2a: Alomomola\n|-hitcount|p2a: Alomomola|3\n|\n|upkeep\n|turn|6\n|\n|t:|1781431931\n|switch|p1a: Passimian|Passimian, L83, F|302/302\n|move|p2a: Alomomola|Scald|p1a: Passimian\n|-damage|p1a: Passimian|233/302\n|\n|upkeep\n|turn|7\n|\n|t:|1781431938\n|move|p1a: Passimian|Knock Off|p2a: Alomomola\n|-damage|p2a: Alomomola|200/429\n|-damage|p1a: Passimian|183/302|[from] item: Rocky Helmet|[of] p2a: Alomomola\n|-enditem|p2a: Alomomola|Rocky Helmet|[from] move: Knock Off|[of] p1a: Passimian\n|move|p2a: Alomomola|Scald|p1a: Passimian\n|-damage|p1a: Passimian|116/302\n|\n|upkeep\n|turn|8\n|\n|t:|1781431945\n|move|p1a: Passimian|Knock Off|p2a: Alomomola\n|-damage|p2a: Alomomola|120/429\n|move|p2a: Alomomola|Wish|p2a: Alomomola\n|\n|upkeep\n|turn|9\n|\n|t:|1781431951\n|switch|p1a: Overqwil|Overqwil, L82, M|274/274\n|-ability|p1a: Overqwil|Intimidate|boost\n|-unboost|p2a: Alomomola|atk|1\n|move|p2a: Alomomola|Scald|p1a: Overqwil\n|-damage|p1a: Overqwil|208/274\n|\n|-heal|p2a: Alomomola|334/429|[from] move: Wish|[wisher] Alomomola\n|upkeep\n|turn|10\n|\n|t:|1781431959\n|move|p1a: Overqwil|Gunk Shot|p2a: Alomomola\n|-damage|p2a: Alomomola|162/429\n|-status|p2a: Alomomola|psn\n|-damage|p1a: Overqwil|181/274|[from] item: Life Orb\n|move|p2a: Alomomola|Scald|p1a: Overqwil\n|-damage|p1a: Overqwil|118/274\n|\n|-damage|p2a: Alomomola|109/429 psn|[from] psn\n|upkeep\n|turn|11\n|\n|t:|1781431968\n|switch|p2a: Kingambit|Kingambit, L74, F|270/270\n|-activate|p2a: Kingambit|ability: Supreme Overlord\n|-start|p2a: Kingambit|fallen1|[silent]\n|move|p1a: Overqwil|Gunk Shot|p2a: Kingambit\n|-immune|p2a: Kingambit\n|\n|upkeep\n|turn|12\n|\n|t:|1781431977\n|switch|p1a: Passimian|Passimian, L83, F|116/302\n|move|p2a: Kingambit|Swords Dance|p2a: Kingambit\n|-boost|p2a: Kingambit|atk|2\n|\n|upkeep\n|turn|13\n|\n|t:|1781431982\n|-terastallize|p2a: Kingambit|Dark\n|move|p2a: Kingambit|Sucker Punch|p1a: Passimian\n|-resisted|p1a: Passimian\n|-damage|p1a: Passimian|11/302\n|move|p1a: Passimian|Knock Off|p2a: Kingambit\n|-resisted|p2a: Kingambit\n|-damage|p2a: Kingambit|220/270\n|-enditem|p2a: Kingambit|Leftovers|[from] move: Knock Off|[of] p1a: Passimian\n|\n|upkeep\n|turn|14\n|\n|t:|1781431988\n|switch|p1a: Overqwil|Overqwil, L82, M|118/274\n|-ability|p1a: Overqwil|Intimidate|boost\n|-unboost|p2a: Kingambit|atk|1\n|move|p2a: Kingambit|Kowtow Cleave|p1a: Overqwil\n|-resisted|p1a: Overqwil\n|-damage|p1a: Overqwil|21/274\n|\n|upkeep\n|turn|15\n|\n|t:|1781431991\n|switch|p1a: Passimian|Passimian, L83, F|11/302\n|move|p2a: Kingambit|Kowtow Cleave|p1a: Passimian\n|-resisted|p1a: Passimian\n|-damage|p1a: Passimian|0 fnt\n|faint|p1a: Passimian\n|\n|upkeep\n|\n|t:|1781431993\n|switch|p1a: Overqwil|Overqwil, L82, M|21/274\n|-ability|p1a: Overqwil|Intimidate|boost\n|-unboost|p2a: Kingambit|atk|1\n|turn|16\n|\n|t:|1781431997\n|move|p1a: Overqwil|Swords Dance|p1a: Overqwil\n|-boost|p1a: Overqwil|atk|2\n|move|p2a: Kingambit|Swords Dance|p2a: Kingambit\n|-boost|p2a: Kingambit|atk|2\n|\n|upkeep\n|turn|17\n|\n|t:|1781431999\n|move|p2a: Kingambit|Sucker Punch||[still]\n|-fail|p2a: Kingambit\n|move|p1a: Overqwil|Swords Dance|p1a: Overqwil\n|-boost|p1a: Overqwil|atk|2\n|\n|upkeep\n|turn|18\n|\n|t:|1781432001\n|move|p2a: Kingambit|Sucker Punch|p1a: Overqwil\n|-resisted|p1a: Overqwil\n|-damage|p1a: Overqwil|0 fnt\n|faint|p1a: Overqwil\n|\n|upkeep\n|\n|t:|1781432007\n|switch|p1a: Rayquaza|Rayquaza, L72|270/270\n|-ability|p1a: Rayquaza|Air Lock\n|turn|19\n|\n|t:|1781432015\n|move|p1a: Rayquaza|Dragon Ascent|p2a: Kingambit\n|-damage|p2a: Kingambit|39/270\n|-unboost|p1a: Rayquaza|def|1\n|-unboost|p1a: Rayquaza|spd|1\n|move|p2a: Kingambit|Kowtow Cleave|p1a: Rayquaza\n|-damage|p1a: Rayquaza|0 fnt\n|faint|p1a: Rayquaza\n|\n|upkeep\n|\n|t:|1781432020\n|switch|p1a: Bruxish|Bruxish, L85, F|254/254\n|turn|20\n|\n|t:|1781432024\n|move|p2a: Kingambit|Sucker Punch|p1a: Bruxish\n|-supereffective|p1a: Bruxish\n|-damage|p1a: Bruxish|0 fnt\n|faint|p1a: Bruxish\n|\n|upkeep\n|-message|mrkah23 forfeited.\n|\n|win|FantasyWind\n|raw|mrkah23's rating: 2021 &rarr; <strong>1998</strong><br />(-23 for losing)\n|raw|FantasyWind's rating: 1977 &rarr; <strong>2000</strong><br />(+23 for winning)\n|l|\u2606mrkah23\n|player|p1|\n", "inputlog": ">version a8376a258c1d4662feba110a92103f3664a72141\n>start {\"formatid\":\"gen9randombattle\",\"seed\":\"sodium,e419bcbea61e79c89e29ae224d2fbe7f\",\"rated\":\"Rated battle\"}\n>player p1 {\"name\":\"mrkah23\",\"avatar\":\"169\",\"rating\":2021,\"seed\":\"sodium,dad391fe0c7d80df7f8c1bfe0c127088\"}\n>player p2 {\"name\":\"FantasyWind\",\"avatar\":\"rosa\",\"rating\":1977,\"seed\":\"sodium,25dc50eabd316bb76852c08875030d64\"}\n>p1 move knockoff\n>p2 move willowisp\n>p1 move bulkup\n>p2 move trailblaze\n>p1 move earthquake\n>p2 move flareblitz\n>p2 switch 3\n>p1 move earthquake\n>p2 move grassknot\n>p1 switch 4\n>p1 move tripleaxel\n>p2 switch 6\n>p1 switch 3\n>p2 move scald\n>p1 move knockoff\n>p2 move scald\n>p1 move knockoff\n>p2 move wish\n>p1 switch 6\n>p2 move scald\n>p1 move gunkshot\n>p2 move scald\n>p1 move gunkshot\n>p2 switch 2\n>p1 switch 6\n>p2 move swordsdance\n>p1 move knockoff\n>p2 move suckerpunch terastallize\n>p1 switch 6\n>p2 move kowtowcleave\n>p1 switch 6\n>p2 move kowtowcleave\n>p1 switch 6\n>p1 move swordsdance\n>p2 move swordsdance\n>p1 move swordsdance\n>p2 move suckerpunch\n>p1 move gunkshot\n>p2 move suckerpunch\n>p1 switch 5\n>p1 move dragonascent\n>p2 move kowtowcleave\n>p1 switch 2\n>p1 move wavecrash\n>p2 move suckerpunch\n>forcelose p1", "uploadtime": 1781431849, "views": 7, "formatid": "gen9randombattle", "rating": 1998, "private": 0, "password": null}