{"id": "gen9randombattle-2631985342", "format": "[Gen 9] Random Battle", "players": ["Plaan", "O Man2020"], "log": "|j|\u2606Plaan\n|j|\u2606O Man2020\n|t:|1781462865\n|gametype|singles\n|player|p1|Plaan|waitress-gen4|1954\n|player|p2|O Man2020|2|1940\n|gen|9\n|tier|[Gen 9] Random Battle\n|rated|\n|rule|Species Clause: Limit one of each Pok\u00e9mon\n|rule|HP Percentage Mod: HP is shown in percentages\n|rule|Sleep Clause Mod: Limit one foe put to sleep\n|rule|Illusion Level Mod: Illusion disguises the Pok\u00e9mon's true level\n|\n|t:|1781462865\n|teamsize|p1|6\n|teamsize|p2|6\n|start\n|switch|p1a: Cinccino|Cinccino, L83, F|260/260\n|switch|p2a: Pawmot|Pawmot, L80, M|243/243\n|turn|1\n|inactive|Battle timer is ON: inactive players will automatically lose when time's up. (requested by O Man2020)\n|inactive|Plaan also wants the timer to be on.\n|\n|t:|1781462877\n|move|p1a: Cinccino|Tail Slap|p2a: Pawmot\n|-damage|p2a: Pawmot|197/243\n|-damage|p2a: Pawmot|154/243\n|-damage|p2a: Pawmot|103/243\n|-damage|p2a: Pawmot|52/243\n|-hitcount|p2a: Pawmot|4\n|move|p2a: Pawmot|Close Combat|p1a: Cinccino\n|-supereffective|p1a: Cinccino\n|-crit|p1a: Cinccino\n|-damage|p1a: Cinccino|0 fnt\n|-unboost|p2a: Pawmot|def|1\n|-unboost|p2a: Pawmot|spd|1\n|faint|p1a: Cinccino\n|\n|upkeep\n|\n|t:|1781462882\n|switch|p1a: Staraptor|Staraptor, L79, F|263/263\n|turn|2\n|\n|t:|1781462894\n|move|p1a: Staraptor|U-turn|p2a: Pawmot\n|-resisted|p2a: Pawmot\n|-damage|p2a: Pawmot|8/243\n|\n|t:|1781462896\n|switch|p1a: Latias|Latias, L79, F|256/256|[from] U-turn\n|move|p2a: Pawmot|Double Shock|p1a: Latias\n|-resisted|p1a: Latias\n|-damage|p1a: Latias|188/256\n|-start|p2a: Pawmot|typechange|???/Fighting|[from] move: Double Shock\n|\n|upkeep\n|turn|3\n|\n|t:|1781462911\n|move|p1a: Latias|Psyshock|p2a: Pawmot\n|-supereffective|p2a: Pawmot\n|-damage|p2a: Pawmot|0 fnt\n|faint|p2a: Pawmot\n|\n|upkeep\n|\n|t:|1781462919\n|switch|p2a: Spidops|Spidops, L96, M|271/271\n|turn|4\n|\n|t:|1781462922\n|switch|p1a: Staraptor|Staraptor, L79, F|263/263\n|move|p2a: Spidops|Knock Off|p1a: Staraptor\n|-damage|p1a: Staraptor|78/263\n|-enditem|p1a: Staraptor|Choice Scarf|[from] move: Knock Off|[of] p2a: Spidops\n|\n|upkeep\n|turn|5\n|\n|t:|1781462929\n|switch|p2a: Kilowattrel|Kilowattrel, L83, M|252/252\n|move|p1a: Staraptor|Brave Bird|p2a: Kilowattrel\n|-resisted|p2a: Kilowattrel\n|-damage|p2a: Kilowattrel|153/252\n|-damage|p1a: Staraptor|45/263|[from] Recoil\n|\n|upkeep\n|turn|6\n|\n|t:|1781462934\n|switch|p1a: Sandy Shocks|Sandy Shocks, L80|267/267\n|move|p2a: Kilowattrel|Discharge|p1a: Sandy Shocks\n|-immune|p1a: Sandy Shocks\n|\n|upkeep\n|turn|7\n|\n|t:|1781462942\n|move|p2a: Kilowattrel|U-turn|p1a: Sandy Shocks\n|-damage|p1a: Sandy Shocks|228/267\n|\n|t:|1781462946\n|switch|p2a: Barraskewda|Barraskewda, L81, F|231/231|[from] U-turn\n|move|p1a: Sandy Shocks|Thunder Wave|p2a: Barraskewda\n|-status|p2a: Barraskewda|par\n|\n|-heal|p1a: Sandy Shocks|244/267|[from] item: Leftovers\n|upkeep\n|turn|8\n|\n|t:|1781462952\n|-end|p1a: Sandy Shocks|Protosynthesis|[silent]\n|switch|p1a: Latias|Latias, L79, F|188/256\n|switch|p2a: Kilowattrel|Kilowattrel, L83, M|153/252\n|\n|upkeep\n|turn|9\n|\n|t:|1781462956\n|move|p2a: Kilowattrel|U-turn|p1a: Latias\n|-supereffective|p1a: Latias\n|-damage|p1a: Latias|100/256\n|\n|t:|1781462960\n|switch|p2a: Spidops|Spidops, L96, M|271/271|[from] U-turn\n|move|p1a: Latias|Draco Meteor|p2a: Spidops\n|-damage|p2a: Spidops|127/271\n|-unboost|p1a: Latias|spa|2\n|\n|upkeep\n|turn|10\n|\n|t:|1781462968\n|switch|p1a: Staraptor|Staraptor, L79, F|45/263\n|move|p2a: Spidops|U-turn|p1a: Staraptor\n|-resisted|p1a: Staraptor\n|-damage|p1a: Staraptor|0 fnt\n|faint|p1a: Staraptor\n|\n|t:|1781462973\n|switch|p2a: Barraskewda|Barraskewda, L81, F|231/231 par|[from] U-turn\n|\n|upkeep\n|\n|t:|1781462977\n|switch|p1a: Latias|Latias, L79, F|100/256\n|turn|11\n|\n|t:|1781462982\n|move|p1a: Latias|Recover|p1a: Latias\n|-heal|p1a: Latias|228/256\n|move|p2a: Barraskewda|Flip Turn|p1a: Latias\n|-resisted|p1a: Latias\n|-damage|p1a: Latias|172/256\n|\n|t:|1781462987\n|switch|p2a: Spidops|Spidops, L96, M|127/271|[from] Flip Turn\n|\n|upkeep\n|turn|12\n|\n|t:|1781462993\n|move|p1a: Latias|Draco Meteor|p2a: Spidops\n|-damage|p2a: Spidops|0 fnt\n|-unboost|p1a: Latias|spa|2\n|faint|p2a: Spidops\n|\n|upkeep\n|\n|t:|1781463000\n|switch|p2a: Toedscruel|Toedscruel, L87, M|281/281\n|turn|13\n|\n|t:|1781463004\n|move|p2a: Toedscruel|Knock Off|p1a: Latias\n|-supereffective|p1a: Latias\n|-damage|p1a: Latias|44/256\n|-enditem|p1a: Latias|Soul Dew|[from] move: Knock Off|[of] p2a: Toedscruel\n|move|p1a: Latias|Calm Mind|p1a: Latias\n|-boost|p1a: Latias|spa|1\n|-boost|p1a: Latias|spd|1\n|\n|upkeep\n|turn|14\n|\n|t:|1781463009\n|move|p2a: Toedscruel|Knock Off|p1a: Latias\n|-supereffective|p1a: Latias\n|-damage|p1a: Latias|0 fnt\n|faint|p1a: Latias\n|\n|upkeep\n|\n|t:|1781463023\n|switch|p1a: Sandy Shocks|Sandy Shocks, L80|244/267\n|turn|15\n|\n|t:|1781463027\n|move|p2a: Toedscruel|Giga Drain|p1a: Sandy Shocks\n|-supereffective|p1a: Sandy Shocks\n|-damage|p1a: Sandy Shocks|70/267\n|move|p1a: Sandy Shocks|Stealth Rock|p2a: Toedscruel\n|-sidestart|p2: O Man2020|move: Stealth Rock\n|\n|-heal|p1a: Sandy Shocks|86/267|[from] item: Leftovers\n|upkeep\n|turn|16\n|\n|t:|1781463032\n|move|p2a: Toedscruel|Rapid Spin|p1a: Sandy Shocks\n|-damage|p1a: Sandy Shocks|57/267\n|-boost|p2a: Toedscruel|spe|1\n|-sideend|p2: O Man2020|Stealth Rock|[from] move: Rapid Spin|[of] p2a: Toedscruel\n|move|p1a: Sandy Shocks|Earth Power|p2a: Toedscruel\n|-resisted|p2a: Toedscruel\n|-damage|p2a: Toedscruel|253/281\n|\n|-heal|p1a: Sandy Shocks|73/267|[from] item: Leftovers\n|upkeep\n|turn|17\n|\n|t:|1781463035\n|move|p2a: Toedscruel|Giga Drain|p1a: Sandy Shocks\n|-supereffective|p1a: Sandy Shocks\n|-damage|p1a: Sandy Shocks|0 fnt\n|-heal|p2a: Toedscruel|281/281|[from] drain|[of] p1a: Sandy Shocks\n|faint|p1a: Sandy Shocks\n|-end|p1a: Sandy Shocks|Protosynthesis|[silent]\n|\n|upkeep\n|\n|t:|1781463037\n|switch|p1a: Tyranitar|Tyranitar, L78, F|284/284\n|-weather|Sandstorm|[from] ability: Sand Stream|[of] p1a: Tyranitar\n|turn|18\n|\n|t:|1781463044\n|move|p2a: Toedscruel|Earth Power|p1a: Tyranitar\n|-supereffective|p1a: Tyranitar\n|-damage|p1a: Tyranitar|164/284\n|move|p1a: Tyranitar|Ice Beam|p2a: Toedscruel\n|-supereffective|p2a: Toedscruel\n|-damage|p2a: Toedscruel|161/281\n|\n|-weather|Sandstorm|[upkeep]\n|-heal|p1a: Tyranitar|181/284|[from] item: Leftovers\n|upkeep\n|turn|19\n|\n|t:|1781463055\n|move|p2a: Toedscruel|Giga Drain|p1a: Tyranitar\n|-supereffective|p1a: Tyranitar\n|-damage|p1a: Tyranitar|85/284\n|-heal|p2a: Toedscruel|209/281|[from] drain|[of] p1a: Tyranitar\n|move|p1a: Tyranitar|Ice Beam|p2a: Toedscruel\n|-supereffective|p2a: Toedscruel\n|-damage|p2a: Toedscruel|101/281\n|\n|-weather|Sandstorm|[upkeep]\n|-heal|p1a: Tyranitar|102/284|[from] item: Leftovers\n|upkeep\n|turn|20\n|\n|t:|1781463061\n|move|p2a: Toedscruel|Giga Drain|p1a: Tyranitar\n|-supereffective|p1a: Tyranitar\n|-damage|p1a: Tyranitar|10/284\n|-heal|p2a: Toedscruel|147/281|[from] drain|[of] p1a: Tyranitar\n|move|p1a: Tyranitar|Ice Beam|p2a: Toedscruel\n|-supereffective|p2a: Toedscruel\n|-crit|p2a: Toedscruel\n|-damage|p2a: Toedscruel|0 fnt\n|faint|p2a: Toedscruel\n|\n|-weather|Sandstorm|[upkeep]\n|-heal|p1a: Tyranitar|27/284|[from] item: Leftovers\n|upkeep\n|\n|t:|1781463067\n|switch|p2a: Kilowattrel|Kilowattrel, L83, M|153/252\n|turn|21\n|\n|t:|1781463071\n|move|p2a: Kilowattrel|Discharge|p1a: Tyranitar\n|-damage|p1a: Tyranitar|0 fnt\n|faint|p1a: Tyranitar\n|\n|-weather|Sandstorm|[upkeep]\n|-damage|p2a: Kilowattrel|138/252|[from] Sandstorm\n|upkeep\n|\n|t:|1781463072\n|switch|p1a: Crawdaunt|Crawdaunt, L84, F|243/243\n|turn|22\n|\n|t:|1781463077\n|-terastallize|p1a: Crawdaunt|Water\n|move|p1a: Crawdaunt|Aqua Jet|p2a: Kilowattrel\n|-crit|p2a: Kilowattrel\n|-damage|p2a: Kilowattrel|0 fnt\n|faint|p2a: Kilowattrel\n|-damage|p1a: Crawdaunt|219/243|[from] item: Life Orb\n|\n|-weather|none\n|upkeep\n|\n|t:|1781463088\n|switch|p2a: Inteleon|Inteleon, L81, F|246/246\n|turn|23\n|\n|t:|1781463095\n|-terastallize|p2a: Inteleon|Water\n|move|p2a: Inteleon|Scald|p1a: Crawdaunt\n|-resisted|p1a: Crawdaunt\n|-damage|p1a: Crawdaunt|95/243\n|move|p1a: Crawdaunt|Dragon Dance|p1a: Crawdaunt\n|-boost|p1a: Crawdaunt|atk|1\n|-boost|p1a: Crawdaunt|spe|1\n|\n|upkeep\n|turn|24\n|\n|t:|1781463102\n|move|p2a: Inteleon|Scald|p1a: Crawdaunt\n|-resisted|p1a: Crawdaunt\n|-damage|p1a: Crawdaunt|0 fnt\n|faint|p1a: Crawdaunt\n|\n|win|O Man2020\n", "inputlog": ">version a8376a258c1d4662feba110a92103f3664a72141\n>start {\"formatid\":\"gen9randombattle\",\"seed\":\"sodium,a419733188b3fe2c9d5777fe9bc68cf8\",\"rated\":\"Rated battle\"}\n>player p1 {\"name\":\"Plaan\",\"avatar\":\"waitress-gen4\",\"rating\":1954,\"seed\":\"sodium,64f07cb46dc5c917607e48425e271e19\"}\n>player p2 {\"name\":\"O Man2020\",\"avatar\":\"2\",\"rating\":1940,\"seed\":\"sodium,44d83b27a9fe85ae5624dc495606e5e7\"}\n>p1 move tailslap\n>p2 move closecombat\n>p1 switch 2\n>p1 move uturn\n>p2 move doubleshock\n>p1 switch 6\n>p1 move psyshock\n>p2 move nuzzle\n>p2 switch 3\n>p1 switch 6\n>p2 move knockoff\n>p1 move bravebird\n>p2 switch 6\n>p1 switch 3\n>p2 move discharge\n>p1 move thunderwave\n>p2 move uturn\n>p2 switch 4\n>p1 switch 6\n>p2 switch 4\n>p1 move dracometeor\n>p2 move uturn\n>p2 switch 6\n>p1 switch 3\n>p2 move uturn\n>p2 switch 4\n>p1 switch 3\n>p1 move recover\n>p2 move flipturn\n>p2 switch 4\n>p1 move dracometeor\n>p2 move spikes\n>p2 switch 5\n>p1 move calmmind\n>p2 move knockoff\n>p1 move dracometeor\n>p2 move knockoff\n>p1 switch 6\n>p1 move stealthrock\n>p2 move gigadrain\n>p1 move earthpower\n>p2 move rapidspin\n>p1 move earthpower\n>p2 move gigadrain\n>p1 switch 5\n>p1 move icebeam\n>p2 move earthpower\n>p1 move icebeam\n>p2 move gigadrain\n>p1 move icebeam\n>p2 move gigadrain\n>p2 switch 6\n>p1 move icebeam\n>p2 move discharge\n>p1 switch 4\n>p1 move aquajet terastallize\n>p2 move discharge\n>p2 switch 2\n>p1 move dragondance\n>p2 move scald terastallize\n>p1 move knockoff\n>p2 move scald", "uploadtime": 1781462867, "views": 5, "formatid": "gen9randombattle", "rating": null, "private": 0, "password": null}