{"id": "gen9randombattle-2631368578", "format": "[Gen 9] Random Battle", "players": ["Seshuyong", "mv_sv3tl4na"], "log": "|j|\u2606Seshuyong\n|j|\u2606mv_sv3tl4na\n|t:|1781376471\n|gametype|singles\n|player|p1|Seshuyong|gardenia|1000\n|player|p2|mv_sv3tl4na|beauty-gen4dp|1046\n|gen|9\n|tier|[Gen 9] Random Battle\n|rated|\n|rule|Species Clause: Limit one of each Pok\u00e9mon\n|rule|HP Percentage Mod: HP is shown in percentages\n|rule|Sleep Clause Mod: Limit one foe put to sleep\n|rule|Illusion Level Mod: Illusion disguises the Pok\u00e9mon's true level\n|\n|t:|1781376471\n|teamsize|p1|6\n|teamsize|p2|6\n|start\n|switch|p1a: Bellibolt|Bellibolt, L84, F|320/320\n|switch|p2a: Pyroar|Pyroar, L88, F|295/295\n|-ability|p2a: Pyroar|Unnerve\n|turn|1\n|inactive|Battle timer is ON: inactive players will automatically lose when time's up. (requested by mv_sv3tl4na)\n|\n|t:|1781376491\n|move|p2a: Pyroar|Will-O-Wisp|p1a: Bellibolt\n|-status|p1a: Bellibolt|brn\n|move|p1a: Bellibolt|Volt Switch|p2a: Pyroar\n|-damage|p2a: Pyroar|210/295\n|\n|t:|1781376501\n|switch|p1a: Basculegion|Basculegion, L80, M|323/323|[from] Volt Switch\n|\n|upkeep\n|turn|2\n|\n|t:|1781376507\n|switch|p1a: Bellibolt|Bellibolt, L84, F|320/320 brn\n|move|p2a: Pyroar|Dark Pulse|p1a: Bellibolt\n|-damage|p1a: Bellibolt|246/320 brn\n|-start|p1a: Bellibolt|Charge|Dark Pulse|[from] ability: Electromorphosis\n|\n|-heal|p1a: Bellibolt|266/320 brn|[from] item: Leftovers\n|-damage|p1a: Bellibolt|246/320 brn|[from] brn\n|upkeep\n|turn|3\n|\n|t:|1781376517\n|move|p2a: Pyroar|Fire Blast|p1a: Bellibolt\n|-damage|p1a: Bellibolt|96/320 brn\n|-start|p1a: Bellibolt|Charge|Fire Blast|[from] ability: Electromorphosis\n|move|p1a: Bellibolt|Thunderbolt|p2a: Pyroar\n|-damage|p2a: Pyroar|0 fnt\n|faint|p2a: Pyroar\n|-end|p1a: Bellibolt|Charge|[silent]\n|\n|-heal|p1a: Bellibolt|116/320 brn|[from] item: Leftovers\n|-damage|p1a: Bellibolt|96/320 brn|[from] brn\n|upkeep\n|\n|t:|1781376532\n|switch|p2a: Ariados|Ariados, L95, M|287/287\n|turn|4\n|\n|t:|1781376537\n|move|p2a: Ariados|Sticky Web|p1a: Bellibolt\n|-sidestart|p1: Seshuyong|move: Sticky Web\n|move|p1a: Bellibolt|Slack Off|p1a: Bellibolt\n|-heal|p1a: Bellibolt|256/320 brn\n|\n|-heal|p1a: Bellibolt|276/320 brn|[from] item: Leftovers\n|-damage|p1a: Bellibolt|256/320 brn|[from] brn\n|upkeep\n|turn|5\n|\n|t:|1781376543\n|move|p2a: Ariados|Sucker Punch|p1a: Bellibolt\n|-damage|p1a: Bellibolt|196/320 brn\n|-start|p1a: Bellibolt|Charge|Sucker Punch|[from] ability: Electromorphosis\n|move|p1a: Bellibolt|Volt Switch|p2a: Ariados\n|-damage|p2a: Ariados|131/287\n|-end|p1a: Bellibolt|Charge|[silent]\n|\n|t:|1781376565\n|switch|p1a: Basculegion|Basculegion, L80, M|323/323|[from] Volt Switch\n|-activate|p1a: Basculegion|move: Sticky Web\n|-unboost|p1a: Basculegion|spe|1\n|\n|upkeep\n|turn|6\n|\n|t:|1781376573\n|switch|p1a: Bellibolt|Bellibolt, L84, F|196/320 brn\n|-activate|p1a: Bellibolt|move: Sticky Web\n|-unboost|p1a: Bellibolt|spe|1\n|move|p2a: Ariados|Sucker Punch||[still]\n|-fail|p2a: Ariados\n|\n|-heal|p1a: Bellibolt|216/320 brn|[from] item: Leftovers\n|-damage|p1a: Bellibolt|196/320 brn|[from] brn\n|upkeep\n|turn|7\n|\n|t:|1781376582\n|move|p2a: Ariados|Megahorn|p1a: Bellibolt\n|-crit|p1a: Bellibolt\n|-damage|p1a: Bellibolt|0 fnt\n|faint|p1a: Bellibolt\n|\n|upkeep\n|\n|t:|1781376586\n|switch|p1a: Deoxys|Deoxys-Speed, L82|216/216\n|-activate|p1a: Deoxys|move: Sticky Web\n|-unboost|p1a: Deoxys|spe|1\n|-ability|p1a: Deoxys|Pressure\n|turn|8\n|\n|t:|1781376593\n|move|p2a: Ariados|Sucker Punch|p1a: Deoxys\n|-supereffective|p1a: Deoxys\n|-damage|p1a: Deoxys|94/216\n|move|p1a: Deoxys|Psycho Boost|p2a: Ariados\n|-supereffective|p2a: Ariados\n|-damage|p2a: Ariados|0 fnt\n|-unboost|p1a: Deoxys|spa|2\n|faint|p2a: Ariados\n|-damage|p1a: Deoxys|73/216|[from] item: Life Orb\n|\n|upkeep\n|\n|t:|1781376598\n|switch|p2a: Dedenne|Dedenne, L88, M|261/261\n|turn|9\n|\n|t:|1781376619\n|switch|p1a: Toxicroak|Toxicroak, L84, F|277/277\n|-activate|p1a: Toxicroak|move: Sticky Web\n|-unboost|p1a: Toxicroak|spe|1\n|move|p2a: Dedenne|U-turn|p1a: Toxicroak\n|-resisted|p1a: Toxicroak\n|-crit|p1a: Toxicroak\n|-damage|p1a: Toxicroak|259/277\n|\n|t:|1781376638\n|switch|p2a: Primarina|Primarina, L83, M|268/268|[from] U-turn\n|\n|upkeep\n|turn|10\n|\n|t:|1781376646\n|move|p2a: Primarina|Psychic|p1a: Toxicroak\n|-supereffective|p1a: Toxicroak\n|-damage|p1a: Toxicroak|0 fnt\n|faint|p1a: Toxicroak\n|\n|upkeep\n|\n|t:|1781376650\n|switch|p1a: Exeggutor|Exeggutor-Alola, L89, M|314/314\n|-activate|p1a: Exeggutor|move: Sticky Web\n|-unboost|p1a: Exeggutor|spe|1\n|turn|11\n|\n|t:|1781376668\n|switch|p2a: Lapras|Lapras, L87, M|367/367\n|-terastallize|p1a: Exeggutor|Steel\n|move|p1a: Exeggutor|Calm Mind|p1a: Exeggutor\n|-boost|p1a: Exeggutor|spa|1\n|-boost|p1a: Exeggutor|spd|1\n|\n|upkeep\n|turn|12\n|\n|t:|1781376680\n|switch|p2a: Dedenne|Dedenne, L88, M|261/261\n|move|p1a: Exeggutor|Giga Drain|p2a: Dedenne\n|-damage|p2a: Dedenne|71/261\n|-enditem|p2a: Dedenne|Sitrus Berry|[eat]\n|-heal|p2a: Dedenne|136/261|[from] item: Sitrus Berry\n|-heal|p2a: Dedenne|223/261|[from] ability: Cheek Pouch\n|\n|upkeep\n|turn|13\n|\n|t:|1781376687\n|move|p2a: Dedenne|Nuzzle|p1a: Exeggutor\n|-damage|p1a: Exeggutor|296/314\n|-status|p1a: Exeggutor|par\n|move|p1a: Exeggutor|Giga Drain|p2a: Dedenne\n|-damage|p2a: Dedenne|18/261\n|-heal|p1a: Exeggutor|314/314 par|[from] drain|[of] p2a: Dedenne\n|\n|upkeep\n|turn|14\n|\n|t:|1781376697\n|move|p2a: Dedenne|Thunderbolt|p1a: Exeggutor\n|-damage|p1a: Exeggutor|250/314 par\n|move|p1a: Exeggutor|Giga Drain|p2a: Dedenne\n|-damage|p2a: Dedenne|0 fnt\n|-heal|p1a: Exeggutor|259/314 par|[from] drain|[of] p2a: Dedenne\n|faint|p2a: Dedenne\n|\n|upkeep\n|\n|t:|1781376700\n|switch|p2a: Pawmot|Pawmot, L80, F|243/243\n|turn|15\n|\n|t:|1781376707\n|switch|p1a: Basculegion|Basculegion, L80, M|323/323\n|-activate|p1a: Basculegion|move: Sticky Web\n|-unboost|p1a: Basculegion|spe|1\n|move|p2a: Pawmot|Close Combat|p1a: Basculegion\n|-immune|p1a: Basculegion\n|\n|upkeep\n|turn|16\n|\n|t:|1781376714\n|move|p2a: Pawmot|Double Shock|p1a: Basculegion\n|-supereffective|p1a: Basculegion\n|-damage|p1a: Basculegion|0 fnt\n|-start|p2a: Pawmot|typechange|???/Fighting|[from] move: Double Shock\n|faint|p1a: Basculegion\n|-damage|p2a: Pawmot|219/243|[from] item: Life Orb\n|\n|upkeep\n|\n|t:|1781376718\n|switch|p1a: Deoxys|Deoxys-Speed, L82|73/216\n|-activate|p1a: Deoxys|move: Sticky Web\n|-unboost|p1a: Deoxys|spe|1\n|-ability|p1a: Deoxys|Pressure\n|turn|17\n|\n|t:|1781376723\n|-terastallize|p2a: Pawmot|Electric\n|move|p1a: Deoxys|Psycho Boost|p2a: Pawmot\n|-damage|p2a: Pawmot|0 fnt\n|-unboost|p1a: Deoxys|spa|2\n|faint|p2a: Pawmot\n|-damage|p1a: Deoxys|52/216|[from] item: Life Orb\n|\n|upkeep\n|\n|t:|1781376731\n|switch|p2a: Lapras|Lapras, L87, M|367/367\n|turn|18\n|\n|t:|1781376747\n|move|p1a: Deoxys|Nasty Plot|p1a: Deoxys\n|-boost|p1a: Deoxys|spa|2\n|move|p2a: Lapras|Hydro Pump|p1a: Deoxys|[miss]\n|-miss|p2a: Lapras|p1a: Deoxys\n|\n|upkeep\n|turn|19\n|\n|t:|1781376759\n|move|p1a: Deoxys|Focus Blast|p2a: Lapras\n|-supereffective|p2a: Lapras\n|-damage|p2a: Lapras|182/367\n|-damage|p1a: Deoxys|31/216|[from] item: Life Orb\n|move|p2a: Lapras|Hydro Pump|p1a: Deoxys\n|-damage|p1a: Deoxys|0 fnt\n|faint|p1a: Deoxys\n|\n|upkeep\n|\n|t:|1781376765\n|switch|p1a: Slowking|Slowking, L88, M|310/310\n|turn|20\n|\n|t:|1781376769\n|switch|p2a: Primarina|Primarina, L83, M|268/268\n|move|p1a: Slowking|Future Sight|p2a: Primarina\n|-start|p1a: Slowking|move: Future Sight\n|\n|upkeep\n|turn|21\n|\n|t:|1781376776\n|move|p2a: Primarina|Moonblast|p1a: Slowking\n|-damage|p1a: Slowking|175/310\n|-unboost|p1a: Slowking|spa|1\n|-prepare|p1a: Slowking|Chilly Reception|[premajor]\n|move|p1a: Slowking|Chilly Reception|p1a: Slowking\n|-weather|Snowscape\n|\n|t:|1781376779\n|switch|p1a: Exeggutor|Exeggutor-Alola, L89, M, tera:Steel|259/314 par|[from] Chilly Reception\n|-activate|p1a: Exeggutor|move: Sticky Web\n|-unboost|p1a: Exeggutor|spe|1\n|\n|-weather|Snowscape|[upkeep]\n|upkeep\n|turn|22\n|\n|t:|1781376785\n|move|p2a: Primarina|Moonblast|p1a: Exeggutor\n|-resisted|p1a: Exeggutor\n|-damage|p1a: Exeggutor|157/314 par\n|-enditem|p1a: Exeggutor|Sitrus Berry|[eat]\n|-heal|p1a: Exeggutor|235/314 par|[from] item: Sitrus Berry\n|move|p1a: Exeggutor|Calm Mind|p1a: Exeggutor\n|-boost|p1a: Exeggutor|spa|1\n|-boost|p1a: Exeggutor|spd|1\n|\n|-weather|Snowscape|[upkeep]\n|-end|p2a: Primarina|move: Future Sight\n|-damage|p2a: Primarina|142/268\n|-item|p1a: Exeggutor|Sitrus Berry|[from] ability: Harvest\n|upkeep\n|turn|23\n|\n|t:|1781376792\n|move|p2a: Primarina|Moonblast|p1a: Exeggutor\n|-resisted|p1a: Exeggutor\n|-damage|p1a: Exeggutor|170/314 par\n|cant|p1a: Exeggutor|par\n|\n|-weather|Snowscape|[upkeep]\n|upkeep\n|turn|24\n|\n|t:|1781376799\n|move|p2a: Primarina|Moonblast|p1a: Exeggutor\n|-resisted|p1a: Exeggutor\n|-damage|p1a: Exeggutor|109/314 par\n|-unboost|p1a: Exeggutor|spa|1\n|-enditem|p1a: Exeggutor|Sitrus Berry|[eat]\n|-heal|p1a: Exeggutor|187/314 par|[from] item: Sitrus Berry\n|move|p1a: Exeggutor|Giga Drain|p2a: Primarina\n|-supereffective|p2a: Primarina\n|-damage|p2a: Primarina|0 fnt\n|-heal|p1a: Exeggutor|258/314 par|[from] drain|[of] p2a: Primarina\n|faint|p2a: Primarina\n|\n|-weather|Snowscape|[upkeep]\n|-item|p1a: Exeggutor|Sitrus Berry|[from] ability: Harvest\n|upkeep\n|-message|mv_sv3tl4na forfeited.\n|\n|win|Seshuyong\n|raw|Seshuyong's rating: 1000 &rarr; <strong>1045</strong><br />(+45 for winning)\n|raw|mv_sv3tl4na's rating: 1046 &rarr; <strong>1027</strong><br />(-19 for losing)\n|l|\u2606mv_sv3tl4na\n|player|p2|\n", "inputlog": ">version a8376a258c1d4662feba110a92103f3664a72141\n>start {\"formatid\":\"gen9randombattle\",\"seed\":\"sodium,33eb81821d03394955fa9c7caa8c641b\",\"rated\":\"Rated battle\"}\n>player p1 {\"name\":\"Seshuyong\",\"avatar\":\"gardenia\",\"rating\":1000,\"seed\":\"sodium,34eac0f3e257ab58017f13db967112cf\"}\n>player p2 {\"name\":\"mv_sv3tl4na\",\"avatar\":\"beauty-gen4dp\",\"rating\":1046,\"seed\":\"sodium,9f07f360f58b75162711d0454d20cd77\"}\n>p1 move voltswitch\n>p2 move willowisp\n>p1 switch 2\n>p1 switch 2\n>p2 move darkpulse\n>p1 move thunderbolt\n>p2 move fireblast\n>p2 switch 2\n>p1 move slackoff\n>p2 move stickyweb\n>p1 move voltswitch\n>p2 move suckerpunch\n>p1 switch 2\n>p1 switch 2\n>p2 move suckerpunch\n>p1 move slackoff\n>p2 move megahorn\n>p1 switch 3\n>p1 move psychoboost\n>p2 move suckerpunch\n>p2 switch 6\n>p1 switch 5\n>p2 move uturn\n>p2 switch 4\n>p1 move gunkshot\n>p2 move psychic\n>p1 switch 4\n>p1 move calmmind terastallize\n>p2 switch 3\n>p1 move gigadrain\n>p2 switch 4\n>p1 move gigadrain\n>p2 move nuzzle\n>p1 move gigadrain\n>p2 move thunderbolt\n>p2 switch 5\n>p1 switch 2\n>p2 move closecombat\n>p1 move wavecrash\n>p2 move doubleshock\n>p1 switch 5\n>p1 move psychoboost\n>p2 move knockoff terastallize\n>p2 switch 4\n>p1 move nastyplot\n>p2 move hydropump\n>p1 move focusblast\n>p2 move hydropump\n>p1 switch 6\n>p1 move futuresight\n>p2 switch 3\n>p1 move chillyreception\n>p2 move moonblast\n>p1 switch 2\n>p1 move calmmind\n>p2 move moonblast\n>p1 move gigadrain\n>p2 move moonblast\n>p1 move gigadrain\n>p2 move moonblast\n>forcelose p2", "uploadtime": 1781376811, "views": 6, "formatid": "gen9randombattle", "rating": 1027, "private": 0, "password": null}