{"id": "gen9randombattle-2631967200", "format": "[Gen 9] Random Battle", "players": ["gangsta spongebob", "thatdankcharizard"], "log": "|j|\u2606gangsta spongebob\n|j|\u2606thatdankcharizard\n|t:|1781460871\n|gametype|singles\n|player|p1|gangsta spongebob|101|2047\n|player|p2|thatdankcharizard|266|2010\n|gen|9\n|tier|[Gen 9] Random Battle\n|rated|\n|rule|Species Clause: Limit one of each Pok\u00e9mon\n|rule|HP Percentage Mod: HP is shown in percentages\n|rule|Sleep Clause Mod: Limit one foe put to sleep\n|rule|Illusion Level Mod: Illusion disguises the Pok\u00e9mon's true level\n|\n|t:|1781460871\n|teamsize|p1|6\n|teamsize|p2|6\n|start\n|switch|p1a: Gyarados|Gyarados, L79, F|280/280\n|switch|p2a: Hatterene|Hatterene, L85, F|236/236\n|turn|1\n|c|\u2606gangsta spongebob|gl hf\n|\n|t:|1781460897\n|switch|p1a: Probopass|Probopass, L91, F|257/257\n|move|p2a: Hatterene|Nuzzle|p1a: Probopass\n|-damage|p1a: Probopass|246/257\n|-status|p1a: Probopass|par\n|\n|-heal|p1a: Probopass|257/257 par|[from] item: Leftovers\n|upkeep\n|turn|2\n|\n|t:|1781460909\n|switch|p2a: Stonjourner|Stonjourner, L91, M|330/330\n|move|p1a: Probopass|Flash Cannon|p2a: Stonjourner\n|-supereffective|p2a: Stonjourner\n|-damage|p2a: Stonjourner|0 fnt\n|faint|p2a: Stonjourner\n|\n|upkeep\n|\n|t:|1781460911\n|switch|p2a: Heracross|Heracross, L80, M|259/259\n|turn|3\n|\n|t:|1781460929\n|switch|p1a: Hawlucha|Hawlucha, L80, M|256/256\n|move|p2a: Heracross|Stone Edge|p1a: Hawlucha\n|-damage|p1a: Hawlucha|107/256\n|\n|upkeep\n|turn|4\n|\n|t:|1781460935\n|switch|p1a: Probopass|Probopass, L91, F|257/257 par\n|switch|p2a: Mightyena|Mightyena, L96, M|290/290\n|-ability|p2a: Mightyena|Intimidate|boost\n|-unboost|p1a: Probopass|atk|1\n|\n|upkeep\n|turn|5\n|\n|t:|1781460941\n|switch|p2a: Heracross|Heracross, L80, M|259/259\n|move|p1a: Probopass|Iron Defense|p1a: Probopass\n|-boost|p1a: Probopass|def|2\n|\n|upkeep\n|turn|6\n|\n|t:|1781460948\n|move|p2a: Heracross|Earthquake|p1a: Probopass\n|-supereffective|p1a: Probopass\n|-damage|p1a: Probopass|101/257 par\n|move|p1a: Probopass|Flash Cannon|p2a: Heracross\n|-damage|p2a: Heracross|172/259\n|\n|-heal|p1a: Probopass|117/257 par|[from] item: Leftovers\n|upkeep\n|turn|7\n|\n|t:|1781460953\n|switch|p2a: Articuno|Articuno-Galar, L84|288/288\n|switch|p1a: Gyarados|Gyarados, L79, F|280/280\n|\n|upkeep\n|turn|8\n|\n|t:|1781460957\n|switch|p1a: Diancie|Diancie, L82|216/216\n|move|p2a: Articuno|Freezing Glare|p1a: Diancie\n|-damage|p1a: Diancie|140/216\n|-status|p1a: Diancie|frz\n|\n|-heal|p1a: Diancie|153/216 frz|[from] item: Leftovers\n|upkeep\n|turn|9\n|\n|t:|1781460962\n|move|p2a: Articuno|Calm Mind|p2a: Articuno\n|-boost|p2a: Articuno|spa|1\n|-boost|p2a: Articuno|spd|1\n|cant|p1a: Diancie|frz\n|\n|-heal|p1a: Diancie|166/216 frz|[from] item: Leftovers\n|upkeep\n|turn|10\n|inactive|Battle timer is ON: inactive players will automatically lose when time's up. (requested by thatdankcharizard)\n|\n|t:|1781460987\n|move|p2a: Articuno|Freezing Glare|p1a: Diancie\n|-damage|p1a: Diancie|51/216 frz\n|cant|p1a: Diancie|frz\n|\n|-heal|p1a: Diancie|64/216 frz|[from] item: Leftovers\n|upkeep\n|turn|11\n|\n|t:|1781460990\n|move|p2a: Articuno|Freezing Glare|p1a: Diancie\n|-damage|p1a: Diancie|0 fnt\n|faint|p1a: Diancie\n|\n|upkeep\n|\n|t:|1781460992\n|switch|p1a: Ursaring|Ursaring, L84, M|288/288\n|turn|12\n|\n|t:|1781460996\n|move|p2a: Articuno|Freezing Glare|p1a: Ursaring\n|-damage|p1a: Ursaring|75/288\n|-status|p1a: Ursaring|frz\n|cant|p1a: Ursaring|frz\n|\n|upkeep\n|turn|13\n|c|\u2606gangsta spongebob|gg\\\n|-message|gangsta spongebob forfeited.\n|\n|win|thatdankcharizard\n", "inputlog": ">version a8376a258c1d4662feba110a92103f3664a72141\n>start {\"formatid\":\"gen9randombattle\",\"seed\":\"sodium,bdc90f6482e56aa89e3ec306f0cf9be7\",\"rated\":\"Rated battle\"}\n>player p1 {\"name\":\"gangsta spongebob\",\"avatar\":\"101\",\"rating\":2047,\"seed\":\"sodium,1a9355cbb08979408d9703374d9ad722\"}\n>player p2 {\"name\":\"thatdankcharizard\",\"avatar\":\"266\",\"rating\":2010,\"seed\":\"sodium,e5d59e0b4c02384df4b6eaa768cc7211\"}\n>chat \u2606gangsta spongebob|gl hf\n>p1 switch 4\n>p2 move nuzzle\n>p1 move flashcannon\n>p2 switch 4\n>p2 switch 6\n>p1 switch 6\n>p2 move stoneedge\n>p1 switch 6\n>p2 switch 5\n>p1 move irondefense\n>p2 switch 5\n>p1 move flashcannon\n>p2 move earthquake\n>p1 switch 4\n>p2 switch 3\n>p1 switch 3\n>p2 move freezingglare\n>p1 move diamondstorm\n>p2 move calmmind\n>p1 move diamondstorm\n>p2 move freezingglare\n>p1 move diamondstorm\n>p2 move freezingglare\n>p1 switch 2\n>p1 move throatchop\n>p2 move freezingglare\n>chat \u2606gangsta spongebob|gg\\\n>forcelose p1", "uploadtime": 1781460874, "views": 5, "formatid": "gen9randombattle", "rating": null, "private": 0, "password": null}