{"id": "gen9randombattle-2631529142", "format": "[Gen 9] Random Battle", "players": ["Pokeoke", "joigsabra"], "log": "|j|\u2606Pokeoke\n|j|\u2606joigsabra\n|t:|1781397083\n|gametype|singles\n|player|p1|Pokeoke|265|1988\n|player|p2|joigsabra|guzma|1977\n|gen|9\n|tier|[Gen 9] Random Battle\n|rated|\n|rule|Species Clause: Limit one of each Pok\u00e9mon\n|rule|HP Percentage Mod: HP is shown in percentages\n|rule|Sleep Clause Mod: Limit one foe put to sleep\n|rule|Illusion Level Mod: Illusion disguises the Pok\u00e9mon's true level\n|\n|t:|1781397083\n|teamsize|p1|6\n|teamsize|p2|6\n|start\n|switch|p1a: Amoonguss|Amoonguss, L82, F|321/321\n|switch|p2a: Luxray|Luxray, L88, M|284/284\n|-ability|p2a: Luxray|Intimidate|boost\n|-unboost|p1a: Amoonguss|atk|1\n|turn|1\n|\n|t:|1781397096\n|move|p2a: Luxray|Ice Fang|p1a: Amoonguss\n|-supereffective|p1a: Amoonguss\n|-damage|p1a: Amoonguss|173/321\n|move|p1a: Amoonguss|Sludge Bomb|p2a: Luxray\n|-damage|p2a: Luxray|229/284\n|\n|-heal|p1a: Amoonguss|193/321|[from] item: Leftovers\n|upkeep\n|turn|2\n|\n|t:|1781397102\n|move|p2a: Luxray|Ice Fang|p1a: Amoonguss\n|-supereffective|p1a: Amoonguss\n|-damage|p1a: Amoonguss|45/321\n|move|p1a: Amoonguss|Spore|p2a: Luxray\n|-status|p2a: Luxray|slp|[from] move: Spore\n|\n|-heal|p1a: Amoonguss|65/321|[from] item: Leftovers\n|upkeep\n|turn|3\n|\n|t:|1781397125\n|switch|p1a: Ninetales|Ninetales, L85, M|263/263\n|-weather|SunnyDay|[from] ability: Drought|[of] p1a: Ninetales\n|cant|p2a: Luxray|slp\n|\n|-weather|SunnyDay|[upkeep]\n|upkeep\n|turn|4\n|\n|t:|1781397160\n|move|p1a: Ninetales|Nasty Plot|p1a: Ninetales\n|-boost|p1a: Ninetales|spa|2\n|-curestatus|p2a: Luxray|slp|[msg]\n|move|p2a: Luxray|Volt Switch|p1a: Ninetales\n|-damage|p1a: Ninetales|190/263\n|\n|t:|1781397166\n|switch|p2a: Ogerpon|Ogerpon-Cornerstone, L76, F|247/247|[from] Volt Switch\n|\n|-weather|SunnyDay|[upkeep]\n|upkeep\n|turn|5\n|\n|t:|1781397195\n|move|p1a: Ninetales|Fire Blast|p2a: Ogerpon\n|-ability|p2a: Ogerpon|Sturdy\n|-damage|p2a: Ogerpon|1/247\n|move|p2a: Ogerpon|Ivy Cudgel|p1a: Ninetales|[anim] Ivy Cudgel Rock\n|-supereffective|p1a: Ninetales\n|-damage|p1a: Ninetales|0 fnt\n|faint|p1a: Ninetales\n|\n|-weather|SunnyDay|[upkeep]\n|upkeep\n|\n|t:|1781397202\n|switch|p1a: Spectrier|Spectrier, L75|274/274\n|turn|6\n|\n|t:|1781397218\n|switch|p2a: Luxray|Luxray, L88, M|229/284\n|-ability|p2a: Luxray|Intimidate|boost\n|-unboost|p1a: Spectrier|atk|1\n|move|p1a: Spectrier|Shadow Ball|p2a: Luxray\n|-damage|p2a: Luxray|139/284\n|-unboost|p2a: Luxray|spd|1\n|-damage|p1a: Spectrier|247/274|[from] item: Life Orb\n|\n|-weather|SunnyDay|[upkeep]\n|upkeep\n|turn|7\n|\n|t:|1781397222\n|move|p1a: Spectrier|Shadow Ball|p2a: Luxray\n|-damage|p2a: Luxray|3/284\n|-damage|p1a: Spectrier|220/274|[from] item: Life Orb\n|move|p2a: Luxray|Volt Switch|p1a: Spectrier\n|-damage|p1a: Spectrier|123/274\n|\n|t:|1781397229\n|switch|p2a: Blastoise|Blastoise, L80, F|258/258|[from] Volt Switch\n|\n|-weather|none\n|upkeep\n|turn|8\n|\n|t:|1781397241\n|switch|p1a: Glaceon|Glaceon, L94, M|275/275\n|move|p2a: Blastoise|Shell Smash|p2a: Blastoise\n|-unboost|p2a: Blastoise|def|1\n|-unboost|p2a: Blastoise|spd|1\n|-boost|p2a: Blastoise|atk|2\n|-boost|p2a: Blastoise|spa|2\n|-boost|p2a: Blastoise|spe|2\n|-enditem|p2a: Blastoise|White Herb\n|-clearnegativeboost|p2a: Blastoise|[silent]\n|\n|upkeep\n|turn|9\n|\n|t:|1781397260\n|move|p1a: Glaceon|Protect|p1a: Glaceon\n|-singleturn|p1a: Glaceon|Protect\n|move|p2a: Blastoise|Hydro Pump|p1a: Glaceon\n|-activate|p1a: Glaceon|move: Protect\n|\n|upkeep\n|turn|10\n|inactive|Battle timer is ON: inactive players will automatically lose when time's up. (requested by joigsabra)\n|\n|t:|1781397268\n|move|p2a: Blastoise|Hydro Pump|p1a: Glaceon\n|-damage|p1a: Glaceon|101/275\n|move|p1a: Glaceon|Freeze-Dry|p2a: Blastoise\n|-supereffective|p2a: Blastoise\n|-crit|p2a: Blastoise\n|-damage|p2a: Blastoise|0 fnt\n|faint|p2a: Blastoise\n|\n|upkeep\n|\n|t:|1781397273\n|switch|p2a: Enamorus|Enamorus, L79, F|247/247\n|turn|11\n|\n|t:|1781397283\n|switch|p1a: Amoonguss|Amoonguss, L82, F|172/321\n|move|p2a: Enamorus|Superpower|p1a: Amoonguss\n|-resisted|p1a: Amoonguss\n|-damage|p1a: Amoonguss|122/321\n|-boost|p2a: Enamorus|atk|1\n|-boost|p2a: Enamorus|def|1\n|\n|-heal|p1a: Amoonguss|142/321|[from] item: Leftovers\n|upkeep\n|turn|12\n|\n|t:|1781397288\n|move|p2a: Enamorus|Zen Headbutt|p1a: Amoonguss\n|-supereffective|p1a: Amoonguss\n|-damage|p1a: Amoonguss|0 fnt\n|faint|p1a: Amoonguss\n|\n|upkeep\n|\n|t:|1781397297\n|switch|p1a: Spectrier|Spectrier, L75|123/274\n|turn|13\n|\n|t:|1781397299\n|move|p1a: Spectrier|Shadow Ball|p2a: Enamorus\n|-crit|p2a: Enamorus\n|-damage|p2a: Enamorus|33/247\n|-boost|p2a: Enamorus|spd|1\n|-damage|p1a: Spectrier|96/274|[from] item: Life Orb\n|move|p2a: Enamorus|Play Rough|p1a: Spectrier|[miss]\n|-miss|p2a: Enamorus|p1a: Spectrier\n|\n|upkeep\n|turn|14\n|\n|t:|1781397306\n|move|p1a: Spectrier|Shadow Ball|p2a: Enamorus\n|-damage|p2a: Enamorus|0 fnt\n|faint|p2a: Enamorus\n|-ability|p1a: Spectrier|Grim Neigh|boost\n|-boost|p1a: Spectrier|spa|1\n|-damage|p1a: Spectrier|69/274|[from] item: Life Orb\n|\n|upkeep\n|\n|t:|1781397309\n|switch|p2a: Weezing|Weezing, L88, F|258/258\n|turn|15\n|\n|t:|1781397316\n|move|p1a: Spectrier|Shadow Ball|p2a: Weezing\n|-damage|p2a: Weezing|36/258\n|-damage|p1a: Spectrier|42/274|[from] item: Life Orb\n|move|p2a: Weezing|Sludge Bomb|p1a: Spectrier\n|-resisted|p1a: Spectrier\n|-damage|p1a: Spectrier|0 fnt\n|faint|p1a: Spectrier\n|\n|-heal|p2a: Weezing|52/258|[from] item: Leftovers\n|upkeep\n|\n|t:|1781397319\n|switch|p1a: Glaceon|Glaceon, L94, M|101/275\n|turn|16\n|\n|t:|1781397330\n|move|p1a: Glaceon|Freeze-Dry|p2a: Weezing\n|-damage|p2a: Weezing|0 fnt\n|faint|p2a: Weezing\n|\n|upkeep\n|\n|t:|1781397333\n|switch|p2a: Ogerpon|Ogerpon-Cornerstone, L76, F|1/247\n|turn|17\n|\n|t:|1781397340\n|move|p2a: Ogerpon|Synthesis|p2a: Ogerpon\n|-heal|p2a: Ogerpon|124/247\n|move|p1a: Glaceon|Freeze-Dry|p2a: Ogerpon\n|-supereffective|p2a: Ogerpon\n|-damage|p2a: Ogerpon|0 fnt\n|faint|p2a: Ogerpon\n|\n|upkeep\n|\n|t:|1781397347\n|switch|p2a: Hydrapple|Hydrapple, L83, F|312/312\n|turn|18\n|\n|t:|1781397351\n|-terastallize|p2a: Hydrapple|Dragon\n|move|p1a: Glaceon|Protect|p1a: Glaceon\n|-singleturn|p1a: Glaceon|Protect\n|move|p2a: Hydrapple|Draco Meteor|p1a: Glaceon\n|-activate|p1a: Glaceon|move: Protect\n|\n|upkeep\n|turn|19\n|\n|t:|1781397357\n|move|p1a: Glaceon|Freeze-Dry|p2a: Hydrapple\n|-supereffective|p2a: Hydrapple\n|-damage|p2a: Hydrapple|64/312\n|move|p2a: Hydrapple|Draco Meteor|p1a: Glaceon\n|-damage|p1a: Glaceon|0 fnt\n|-unboost|p2a: Hydrapple|spa|2\n|faint|p1a: Glaceon\n|\n|upkeep\n|\n|t:|1781397360\n|switch|p1a: Venusaur|Venusaur, L84, M|272/272\n|turn|20\n|\n|t:|1781397362\n|switch|p2a: Luxray|Luxray, L88, M|3/284\n|-ability|p2a: Luxray|Intimidate|boost\n|-unboost|p1a: Venusaur|atk|1\n|move|p1a: Venusaur|Sludge Bomb|p2a: Luxray\n|-damage|p2a: Luxray|0 fnt\n|faint|p2a: Luxray\n|\n|upkeep\n|\n|t:|1781397363\n|switch|p2a: Hydrapple|Hydrapple, L83, F, tera:Dragon|168/312\n|turn|21\n|\n|t:|1781397367\n|move|p1a: Venusaur|Sludge Bomb|p2a: Hydrapple\n|-damage|p2a: Hydrapple|62/312\n|move|p2a: Hydrapple|Fickle Beam|p1a: Venusaur\n|-damage|p1a: Venusaur|96/272\n|\n|-heal|p1a: Venusaur|113/272|[from] item: Leftovers\n|upkeep\n|turn|22\n|\n|t:|1781397370\n|move|p1a: Venusaur|Sludge Bomb|p2a: Hydrapple\n|-damage|p2a: Hydrapple|0 fnt\n|faint|p2a: Hydrapple\n|\n|win|Pokeoke\n", "inputlog": ">version a8376a258c1d4662feba110a92103f3664a72141\n>start {\"formatid\":\"gen9randombattle\",\"seed\":\"sodium,60803f78c3f71bfb6eeed1c48e065116\",\"rated\":\"Rated battle\"}\n>player p1 {\"name\":\"Pokeoke\",\"avatar\":\"265\",\"rating\":1988,\"seed\":\"sodium,cb5dd76c51f282dc6cbdab3500c6fe59\"}\n>player p2 {\"name\":\"joigsabra\",\"avatar\":\"guzma\",\"rating\":1977,\"seed\":\"sodium,5fdbd9fe2739a171d790f50401c024d7\"}\n>p1 move sludgebomb\n>p2 move icefang\n>p1 move spore\n>p2 move icefang\n>p1 switch 2\n>p2 move icefang\n>p1 move nastyplot\n>p2 move voltswitch\n>p2 switch 2\n>p1 move fireblast\n>p2 move ivycudgel\n>p1 switch 4\n>p1 move shadowball\n>p2 switch 2\n>p1 move shadowball\n>p2 move voltswitch\n>p2 switch 5\n>p1 switch 6\n>p2 move shellsmash\n>p1 move protect\n>p2 move hydropump\n>p1 move freezedry\n>p2 move hydropump\n>p2 switch 4\n>p1 switch 2\n>p2 move superpower\n>p1 move sludgebomb\n>p2 move zenheadbutt\n>p1 switch 6\n>p1 move shadowball\n>p2 move playrough\n>p1 move shadowball\n>p2 move playrough\n>p2 switch 6\n>p1 move shadowball\n>p2 move sludgebomb\n>p1 switch 2\n>p1 move freezedry\n>p2 move fireblast\n>p2 switch 2\n>p1 move freezedry\n>p2 move synthesis\n>p2 switch 3\n>p1 move protect\n>p2 move dracometeor terastallize\n>p1 move freezedry\n>p2 move dracometeor\n>p1 switch 5\n>p1 move sludgebomb\n>p2 switch 5\n>p2 switch 5\n>p1 move sludgebomb\n>p2 move ficklebeam\n>p1 move sludgebomb\n>p2 move ficklebeam", "uploadtime": 1781397086, "views": 8, "formatid": "gen9randombattle", "rating": null, "private": 0, "password": null}