{"id": "gen9randombattle-2631919814", "format": "[Gen 9] Random Battle", "players": ["Tuabuelo06", "PhatBabyShane"], "log": "|j|\u2606Tuabuelo06\n|j|\u2606PhatBabyShane\n|t:|1781455675\n|gametype|singles\n|player|p1|Tuabuelo06|gentleman|1913\n|player|p2|PhatBabyShane|flannery|1919\n|gen|9\n|tier|[Gen 9] Random Battle\n|rated|\n|rule|Species Clause: Limit one of each Pok\u00e9mon\n|rule|HP Percentage Mod: HP is shown in percentages\n|rule|Sleep Clause Mod: Limit one foe put to sleep\n|rule|Illusion Level Mod: Illusion disguises the Pok\u00e9mon's true level\n|\n|t:|1781455675\n|teamsize|p1|6\n|teamsize|p2|6\n|start\n|switch|p1a: Salamence|Salamence, L77, M|273/273\n|switch|p2a: Lumineon|Lumineon, L93, F|279/279\n|turn|1\n|inactive|Battle timer is ON: inactive players will automatically lose when time's up. (requested by PhatBabyShane)\n|inactive|Tuabuelo06 has 120 seconds left.\n|\n|t:|1781455705\n|switch|p1a: Minun|Minun, L95, F|268/268\n|move|p2a: Lumineon|Ice Beam|p1a: Minun\n|-damage|p1a: Minun|191/268\n|-damage|p2a: Lumineon|252/279|[from] item: Life Orb\n|\n|upkeep\n|turn|2\n|\n|t:|1781455718\n|switch|p2a: Houndstone|Houndstone, L86, M|264/264\n|move|p1a: Minun|Nasty Plot|p1a: Minun\n|-boost|p1a: Minun|spa|2\n|\n|upkeep\n|turn|3\n|\n|t:|1781455727\n|move|p1a: Minun|Thunderbolt|p2a: Houndstone\n|-damage|p2a: Houndstone|108/264\n|-damage|p1a: Minun|165/268|[from] item: Life Orb\n|move|p2a: Houndstone|Poltergeist|p1a: Minun\n|-activate|p1a: Minun|move: Poltergeist|Life Orb\n|-damage|p1a: Minun|0 fnt\n|faint|p1a: Minun\n|\n|upkeep\n|\n|t:|1781455746\n|switch|p1a: Typhlosion|Typhlosion-Hisui, L83, F|257/257\n|turn|4\n|\n|t:|1781455761\n|move|p2a: Houndstone|Shadow Sneak|p1a: Typhlosion\n|-supereffective|p1a: Typhlosion\n|-damage|p1a: Typhlosion|159/257\n|move|p1a: Typhlosion|Eruption|p2a: Houndstone\n|-damage|p2a: Houndstone|0 fnt\n|faint|p2a: Houndstone\n|\n|upkeep\n|\n|t:|1781455771\n|switch|p2a: Lumineon|Lumineon, L93, F|252/279\n|turn|5\n|\n|t:|1781455778\n|switch|p1a: Lumineon|Lumineon, L93, M|279/279\n|move|p2a: Lumineon|Hydro Pump|p1a: Lumineon\n|-ability|p1a: Lumineon|Storm Drain|boost\n|-boost|p1a: Lumineon|spa|1\n|\n|upkeep\n|turn|6\n|\n|t:|1781455786\n|switch|p2a: Samurott|Samurott, L88, M|310/310\n|move|p1a: Lumineon|Ice Beam|p2a: Samurott\n|-resisted|p2a: Samurott\n|-damage|p2a: Samurott|274/310\n|\n|upkeep\n|turn|7\n|\n|t:|1781455798\n|move|p1a: Lumineon|Hydro Pump|p2a: Samurott\n|-resisted|p2a: Samurott\n|-crit|p2a: Samurott\n|-damage|p2a: Samurott|179/310\n|move|p2a: Samurott|Grass Knot|p1a: Lumineon\n|-supereffective|p1a: Lumineon\n|-damage|p1a: Lumineon|217/279\n|\n|upkeep\n|turn|8\n|\n|t:|1781455805\n|move|p1a: Lumineon|Ice Beam|p2a: Samurott\n|-resisted|p2a: Samurott\n|-damage|p2a: Samurott|142/310\n|move|p2a: Samurott|Sacred Sword|p1a: Lumineon\n|-damage|p1a: Lumineon|148/279\n|\n|upkeep\n|turn|9\n|\n|t:|1781455818\n|move|p1a: Lumineon|Hydro Pump|p2a: Samurott\n|-resisted|p2a: Samurott\n|-damage|p2a: Samurott|78/310\n|move|p2a: Samurott|Sacred Sword|p1a: Lumineon\n|-damage|p1a: Lumineon|69/279\n|\n|upkeep\n|turn|10\n|\n|t:|1781455827\n|move|p1a: Lumineon|Hydro Pump|p2a: Samurott\n|-resisted|p2a: Samurott\n|-damage|p2a: Samurott|15/310\n|move|p2a: Samurott|Sacred Sword|p1a: Lumineon\n|-damage|p1a: Lumineon|0 fnt\n|faint|p1a: Lumineon\n|\n|upkeep\n|\n|t:|1781455845\n|switch|p1a: Typhlosion|Typhlosion-Hisui, L83, F|159/257\n|turn|11\n|\n|t:|1781455851\n|move|p1a: Typhlosion|Shadow Ball|p2a: Samurott\n|-damage|p2a: Samurott|0 fnt\n|faint|p2a: Samurott\n|\n|upkeep\n|\n|t:|1781455860\n|switch|p2a: Smeargle|Smeargle, L95, F|258/258\n|turn|12\n|\n|t:|1781455866\n|switch|p1a: Bastiodon|Bastiodon, L89, F|252/252\n|move|p2a: Smeargle|Spore|p1a: Bastiodon\n|-status|p1a: Bastiodon|slp|[from] move: Spore\n|-enditem|p1a: Bastiodon|Chesto Berry|[eat]\n|-curestatus|p1a: Bastiodon|slp|[msg]\n|\n|upkeep\n|turn|13\n|\n|t:|1781455878\n|move|p2a: Smeargle|Spore|p1a: Bastiodon\n|-status|p1a: Bastiodon|slp|[from] move: Spore\n|cant|p1a: Bastiodon|slp\n|\n|upkeep\n|turn|14\n|\n|t:|1781455883\n|move|p2a: Smeargle|Sticky Web|p1a: Bastiodon\n|-sidestart|p1: Tuabuelo06|move: Sticky Web\n|-curestatus|p1a: Bastiodon|slp|[msg]\n|move|p1a: Bastiodon|Foul Play|p2a: Smeargle\n|-damage|p2a: Smeargle|206/258\n|\n|upkeep\n|turn|15\n|\n|t:|1781455889\n|move|p2a: Smeargle|Spore|p1a: Bastiodon\n|-status|p1a: Bastiodon|slp|[from] move: Spore\n|cant|p1a: Bastiodon|slp\n|\n|upkeep\n|turn|16\n|\n|t:|1781455898\n|move|p2a: Smeargle|Ceaseless Edge|p1a: Bastiodon\n|-damage|p1a: Bastiodon|239/252 slp\n|-sidestart|p1: Tuabuelo06|Spikes\n|cant|p1a: Bastiodon|slp\n|\n|upkeep\n|turn|17\n|\n|t:|1781455913\n|-curestatus|p1a: Bastiodon|slp|[msg]\n|move|p1a: Bastiodon|Body Press|p2a: Smeargle\n|-supereffective|p2a: Smeargle\n|-damage|p2a: Smeargle|0 fnt\n|faint|p2a: Smeargle\n|\n|upkeep\n|\n|t:|1781455924\n|switch|p2a: Arbok|Arbok, L87, F|246/246\n|-ability|p2a: Arbok|Intimidate|boost\n|-unboost|p1a: Bastiodon|atk|1\n|turn|18\n|\n|t:|1781455933\n|-terastallize|p1a: Bastiodon|Fighting\n|move|p2a: Arbok|Coil|p2a: Arbok\n|-boost|p2a: Arbok|atk|1\n|-boost|p2a: Arbok|def|1\n|-boost|p2a: Arbok|accuracy|1\n|move|p1a: Bastiodon|Iron Defense|p1a: Bastiodon\n|-boost|p1a: Bastiodon|def|2\n|\n|upkeep\n|turn|19\n|\n|t:|1781455944\n|move|p2a: Arbok|Gunk Shot|p1a: Bastiodon\n|-damage|p1a: Bastiodon|184/252\n|move|p1a: Bastiodon|Iron Defense|p1a: Bastiodon\n|-boost|p1a: Bastiodon|def|2\n|\n|upkeep\n|turn|20\n|\n|t:|1781455953\n|move|p2a: Arbok|Coil|p2a: Arbok\n|-boost|p2a: Arbok|atk|1\n|-boost|p2a: Arbok|def|1\n|-boost|p2a: Arbok|accuracy|1\n|move|p1a: Bastiodon|Iron Defense|p1a: Bastiodon\n|-boost|p1a: Bastiodon|def|2\n|\n|upkeep\n|turn|21\n|\n|t:|1781455960\n|move|p2a: Arbok|Coil|p2a: Arbok\n|-boost|p2a: Arbok|atk|1\n|-boost|p2a: Arbok|def|1\n|-boost|p2a: Arbok|accuracy|1\n|move|p1a: Bastiodon|Body Press|p2a: Arbok\n|-resisted|p2a: Arbok\n|-crit|p2a: Arbok\n|-damage|p2a: Arbok|0 fnt\n|faint|p2a: Arbok\n|\n|upkeep\n|\n|t:|1781455968\n|switch|p2a: Lumineon|Lumineon, L93, F|252/279\n|turn|22\n|\n|t:|1781455973\n|move|p2a: Lumineon|Alluring Voice|p1a: Bastiodon\n|-immune|p1a: Bastiodon|[from] ability: Soundproof\n|move|p1a: Bastiodon|Body Press|p2a: Lumineon\n|-damage|p2a: Lumineon|0 fnt\n|faint|p2a: Lumineon\n|\n|upkeep\n|-message|PhatBabyShane forfeited.\n|\n|win|Tuabuelo06\n", "inputlog": ">version a8376a258c1d4662feba110a92103f3664a72141\n>start {\"formatid\":\"gen9randombattle\",\"seed\":\"sodium,68db3ab9dda769b7b5c32024405ab62b\",\"rated\":\"Rated battle\"}\n>player p1 {\"name\":\"Tuabuelo06\",\"avatar\":\"gentleman\",\"rating\":1913,\"seed\":\"sodium,a562fc40ad01f2515c2a0c691fe60699\"}\n>player p2 {\"name\":\"PhatBabyShane\",\"avatar\":\"flannery\",\"rating\":1919,\"seed\":\"sodium,e2215d44971fd5bb6dd715b6b055e26b\"}\n>p1 switch 2\n>p2 move icebeam\n>p1 move nastyplot\n>p2 switch 6\n>p1 move thunderbolt\n>p2 move poltergeist\n>p1 switch 3\n>p1 move eruption\n>p2 move shadowsneak\n>p2 switch 6\n>p1 switch 4\n>p2 move hydropump\n>p1 move icebeam\n>p2 switch 4\n>p1 move hydropump\n>p2 move grassknot\n>p1 move icebeam\n>p2 move sacredsword\n>p1 move hydropump\n>p2 move sacredsword\n>p1 move hydropump\n>p2 move sacredsword\n>p1 switch 4\n>p1 move shadowball\n>p2 move hydropump\n>p2 switch 2\n>p1 switch 6\n>p2 move spore\n>p1 move foulplay\n>p2 move spore\n>p1 move foulplay\n>p2 move stickyweb\n>p1 move bodypress\n>p2 move spore\n>p1 move bodypress\n>p2 move ceaselessedge\n>p1 move bodypress\n>p2 move whirlwind\n>p2 switch 5\n>p1 move irondefense terastallize\n>p2 move coil\n>p1 move irondefense\n>p2 move gunkshot\n>p1 move irondefense\n>p2 move coil\n>p1 move bodypress\n>p2 move coil\n>p2 switch 4\n>p1 move bodypress\n>p2 move alluringvoice\n>forcelose p2", "uploadtime": 1781455677, "views": 5, "formatid": "gen9randombattle", "rating": null, "private": 0, "password": null}