{"id": "gen9randombattle-2631863449", "format": "[Gen 9] Random Battle", "players": ["Daruma", "grabschaender"], "log": "|j|\u2606Daruma\n|j|\u2606grabschaender\n|t:|1781449512\n|gametype|singles\n|player|p1|Daruma|#ruplixsleekslushrushers|2160\n|player|p2|grabschaender|candice|2304\n|gen|9\n|tier|[Gen 9] Random Battle\n|rated|\n|rule|Species Clause: Limit one of each Pok\u00e9mon\n|rule|HP Percentage Mod: HP is shown in percentages\n|rule|Sleep Clause Mod: Limit one foe put to sleep\n|rule|Illusion Level Mod: Illusion disguises the Pok\u00e9mon's true level\n|\n|t:|1781449512\n|teamsize|p1|6\n|teamsize|p2|6\n|start\n|switch|p1a: Dudunsparce|Dudunsparce, L83, M|343/343\n|switch|p2a: Dugtrio|Dugtrio-Alola, L84, F|196/196\n|turn|1\n|inactive|Battle timer is ON: inactive players will automatically lose when time's up. (requested by Daruma)\n|\n|t:|1781449520\n|move|p2a: Dugtrio|Swords Dance|p2a: Dugtrio\n|-boost|p2a: Dugtrio|atk|2\n|move|p1a: Dudunsparce|Glare|p2a: Dugtrio\n|-status|p2a: Dugtrio|par\n|\n|upkeep\n|turn|2\n|\n|t:|1781449528\n|switch|p1a: Talonflame|Talonflame, L83, F|265/265\n|cant|p2a: Dugtrio|par\n|\n|upkeep\n|turn|3\n|\n|t:|1781449531\n|move|p2a: Dugtrio|Sucker Punch|p1a: Talonflame\n|-crit|p1a: Talonflame\n|-damage|p1a: Talonflame|25/265\n|-damage|p2a: Dugtrio|177/196 par|[from] item: Life Orb\n|move|p1a: Talonflame|Overheat|p2a: Dugtrio\n|-supereffective|p2a: Dugtrio\n|-damage|p2a: Dugtrio|0 fnt\n|-unboost|p1a: Talonflame|spa|2\n|faint|p2a: Dugtrio\n|\n|upkeep\n|\n|t:|1781449540\n|switch|p2a: Ceruledge|Ceruledge, L78, F|245/245\n|turn|4\n|\n|t:|1781449545\n|switch|p1a: Dudunsparce|Dudunsparce, L83, M|343/343\n|move|p2a: Ceruledge|Swords Dance|p2a: Ceruledge\n|-boost|p2a: Ceruledge|atk|2\n|\n|upkeep\n|turn|5\n|\n|t:|1781449551\n|switch|p1a: Talonflame|Talonflame, L83, F|25/265\n|move|p2a: Ceruledge|Close Combat|p1a: Talonflame\n|-resisted|p1a: Talonflame\n|-damage|p1a: Talonflame|0 fnt\n|-unboost|p2a: Ceruledge|def|1\n|-unboost|p2a: Ceruledge|spd|1\n|faint|p1a: Talonflame\n|\n|upkeep\n|\n|t:|1781449556\n|switch|p1a: Venomoth|Venomoth, L84, M|255/255\n|turn|6\n|\n|t:|1781449560\n|move|p1a: Venomoth|Sleep Powder|p2a: Ceruledge\n|-status|p2a: Ceruledge|slp|[from] move: Sleep Powder\n|cant|p2a: Ceruledge|slp\n|\n|upkeep\n|turn|7\n|j| Rabiesdfsdf\n|\n|t:|1781449564\n|move|p1a: Venomoth|Sludge Wave|p2a: Ceruledge\n|-resisted|p2a: Ceruledge\n|-damage|p2a: Ceruledge|115/245 slp\n|cant|p2a: Ceruledge|slp\n|\n|upkeep\n|turn|8\n|\n|t:|1781449568\n|switch|p2a: Floatzel|Floatzel, L86, M|286/286\n|move|p1a: Venomoth|Sludge Wave|p2a: Floatzel\n|-damage|p2a: Floatzel|144/286\n|\n|upkeep\n|turn|9\n|\n|t:|1781449581\n|switch|p1a: Regidrago|Regidrago, L77|435/435\n|move|p2a: Floatzel|Wave Crash|p1a: Regidrago\n|-resisted|p1a: Regidrago\n|-damage|p1a: Regidrago|258/435\n|-damage|p2a: Floatzel|86/286|[from] Recoil\n|\n|upkeep\n|turn|10\n|\n|t:|1781449584\n|move|p2a: Floatzel|Wave Crash|p1a: Regidrago\n|-resisted|p1a: Regidrago\n|-damage|p1a: Regidrago|100/435\n|-damage|p2a: Floatzel|34/286|[from] Recoil\n|move|p1a: Regidrago|Dragon Dance|p1a: Regidrago\n|-boost|p1a: Regidrago|atk|1\n|-boost|p1a: Regidrago|spe|1\n|\n|upkeep\n|turn|11\n|\n|t:|1781449588\n|move|p1a: Regidrago|Dragon Claw|p2a: Floatzel\n|-damage|p2a: Floatzel|0 fnt\n|faint|p2a: Floatzel\n|-damage|p1a: Regidrago|57/435|[from] item: Life Orb\n|\n|upkeep\n|\n|t:|1781449596\n|switch|p2a: Arbok|Arbok, L87, F|246/246\n|-ability|p2a: Arbok|Intimidate|boost\n|-unboost|p1a: Regidrago|atk|1\n|turn|12\n|\n|t:|1781449603\n|switch|p2a: Iron Leaves|Iron Leaves, L80|275/275\n|move|p1a: Regidrago|Earthquake|p2a: Iron Leaves\n|-resisted|p2a: Iron Leaves\n|-damage|p2a: Iron Leaves|235/275\n|-damage|p1a: Regidrago|14/435|[from] item: Life Orb\n|\n|upkeep\n|turn|13\n|\n|t:|1781449607\n|move|p1a: Regidrago|Dragon Claw|p2a: Iron Leaves\n|-damage|p2a: Iron Leaves|89/275\n|-damage|p1a: Regidrago|0 fnt|[from] item: Life Orb\n|faint|p1a: Regidrago\n|move|p2a: Iron Leaves|Psyblade|p1: Regidrago|[notarget]\n|-fail|p2a: Iron Leaves\n|\n|upkeep\n|\n|t:|1781449619\n|switch|p1a: Lurantis|Lurantis, L87, F|264/264\n|turn|14\n|\n|t:|1781449622\n|move|p2a: Iron Leaves|Psyblade|p1a: Lurantis\n|-damage|p1a: Lurantis|128/264\n|move|p1a: Lurantis|Knock Off|p2a: Iron Leaves\n|-supereffective|p2a: Iron Leaves\n|-damage|p2a: Iron Leaves|0 fnt\n|-enditem|p2a: Iron Leaves|Choice Band|[from] move: Knock Off|[of] p1a: Lurantis\n|faint|p2a: Iron Leaves\n|-end|p2a: Iron Leaves|Quark Drive|[silent]\n|\n|-heal|p1a: Lurantis|144/264|[from] item: Leftovers\n|upkeep\n|\n|t:|1781449624\n|switch|p2a: Arbok|Arbok, L87, F|246/246\n|-ability|p2a: Arbok|Intimidate|boost\n|-boost|p1a: Lurantis|atk|1\n|turn|15\n|\n|t:|1781449629\n|switch|p1a: Dudunsparce|Dudunsparce, L83, M|343/343\n|move|p2a: Arbok|Coil|p2a: Arbok\n|-boost|p2a: Arbok|atk|1\n|-boost|p2a: Arbok|def|1\n|-boost|p2a: Arbok|accuracy|1\n|\n|upkeep\n|turn|16\n|\n|t:|1781449632\n|move|p2a: Arbok|Coil|p2a: Arbok\n|-boost|p2a: Arbok|atk|1\n|-boost|p2a: Arbok|def|1\n|-boost|p2a: Arbok|accuracy|1\n|move|p1a: Dudunsparce|Glare|p2a: Arbok\n|-status|p2a: Arbok|par\n|\n|upkeep\n|turn|17\n|\n|t:|1781449635\n|move|p1a: Dudunsparce|Headbutt|p2a: Arbok\n|-damage|p2a: Arbok|201/246 par\n|cant|p2a: Arbok|flinch\n|\n|-heal|p2a: Arbok|216/246 par|[from] item: Leftovers\n|upkeep\n|turn|18\n|\n|t:|1781449637\n|move|p1a: Dudunsparce|Headbutt|p2a: Arbok\n|-damage|p2a: Arbok|170/246 par\n|cant|p2a: Arbok|flinch\n|\n|-heal|p2a: Arbok|185/246 par|[from] item: Leftovers\n|upkeep\n|turn|19\n|\n|t:|1781449640\n|move|p1a: Dudunsparce|Headbutt|p2a: Arbok\n|-damage|p2a: Arbok|140/246 par\n|cant|p2a: Arbok|flinch\n|\n|-heal|p2a: Arbok|155/246 par|[from] item: Leftovers\n|upkeep\n|turn|20\n|\n|t:|1781449642\n|move|p1a: Dudunsparce|Headbutt|p2a: Arbok\n|-damage|p2a: Arbok|110/246 par\n|cant|p2a: Arbok|flinch\n|\n|-heal|p2a: Arbok|125/246 par|[from] item: Leftovers\n|upkeep\n|turn|21\n|\n|t:|1781449647\n|move|p1a: Dudunsparce|Headbutt|p2a: Arbok\n|-damage|p2a: Arbok|80/246 par\n|cant|p2a: Arbok|par\n|\n|-heal|p2a: Arbok|95/246 par|[from] item: Leftovers\n|upkeep\n|turn|22\n|\n|t:|1781449650\n|move|p1a: Dudunsparce|Headbutt|p2a: Arbok\n|-damage|p2a: Arbok|52/246 par\n|cant|p2a: Arbok|flinch\n|\n|-heal|p2a: Arbok|67/246 par|[from] item: Leftovers\n|upkeep\n|turn|23\n|\n|t:|1781449652\n|move|p1a: Dudunsparce|Headbutt|p2a: Arbok\n|-damage|p2a: Arbok|25/246 par\n|cant|p2a: Arbok|flinch\n|\n|-heal|p2a: Arbok|40/246 par|[from] item: Leftovers\n|upkeep\n|turn|24\n|\n|t:|1781449654\n|move|p1a: Dudunsparce|Headbutt|p2a: Arbok\n|-damage|p2a: Arbok|0 fnt\n|faint|p2a: Arbok\n|\n|upkeep\n|\n|t:|1781449656\n|switch|p2a: Virizion|Virizion, L82|283/283\n|turn|25\n|\n|t:|1781449658\n|move|p2a: Virizion|Close Combat|p1a: Dudunsparce\n|-supereffective|p1a: Dudunsparce\n|-damage|p1a: Dudunsparce|0 fnt\n|-unboost|p2a: Virizion|def|1\n|-unboost|p2a: Virizion|spd|1\n|faint|p1a: Dudunsparce\n|-damage|p2a: Virizion|255/283|[from] item: Life Orb\n|\n|upkeep\n|\n|t:|1781449667\n|switch|p1a: Lurantis|Lurantis, L87, F|144/264\n|turn|26\n|\n|t:|1781449670\n|switch|p2a: Ceruledge|Ceruledge, L78, F|115/245 slp\n|move|p1a: Lurantis|Superpower|p2a: Ceruledge\n|-immune|p2a: Ceruledge\n|\n|-heal|p1a: Lurantis|160/264|[from] item: Leftovers\n|upkeep\n|turn|27\n|\n|t:|1781449682\n|-curestatus|p2a: Ceruledge|slp|[msg]\n|move|p2a: Ceruledge|Bitter Blade|p1a: Lurantis\n|-supereffective|p1a: Lurantis\n|-damage|p1a: Lurantis|0 fnt\n|-heal|p2a: Ceruledge|195/245|[from] drain|[of] p1a: Lurantis\n|faint|p1a: Lurantis\n|\n|upkeep\n|\n|t:|1781449688\n|switch|p1a: Registeel|Registeel, L81|262/262\n|turn|28\n|\n|t:|1781449691\n|-terastallize|p1a: Registeel|Fighting\n|move|p2a: Ceruledge|Swords Dance|p2a: Ceruledge\n|-boost|p2a: Ceruledge|atk|2\n|move|p1a: Registeel|Thunder Wave|p2a: Ceruledge\n|-status|p2a: Ceruledge|par\n|\n|upkeep\n|turn|29\n|\n|t:|1781449698\n|move|p1a: Registeel|Iron Defense|p1a: Registeel\n|-boost|p1a: Registeel|def|2\n|move|p2a: Ceruledge|Swords Dance|p2a: Ceruledge\n|-boost|p2a: Ceruledge|atk|2\n|\n|upkeep\n|turn|30\n|\n|t:|1781449700\n|move|p1a: Registeel|Iron Defense|p1a: Registeel\n|-boost|p1a: Registeel|def|2\n|move|p2a: Ceruledge|Swords Dance|p2a: Ceruledge\n|-boost|p2a: Ceruledge|atk|2\n|\n|upkeep\n|turn|31\n|\n|t:|1781449702\n|move|p1a: Registeel|Iron Defense|p1a: Registeel\n|-boost|p1a: Registeel|def|2\n|move|p2a: Ceruledge|Bitter Blade|p1a: Registeel\n|-damage|p1a: Registeel|190/262\n|-heal|p2a: Ceruledge|231/245 par|[from] drain|[of] p1a: Registeel\n|\n|-heal|p1a: Registeel|206/262|[from] item: Leftovers\n|upkeep\n|turn|32\n|\n|t:|1781449706\n|move|p1a: Registeel|Iron Head|p2a: Ceruledge\n|-resisted|p2a: Ceruledge\n|-damage|p2a: Ceruledge|193/245 par\n|-ability|p2a: Ceruledge|Weak Armor|boost\n|-unboost|p2a: Ceruledge|def|1\n|-boost|p2a: Ceruledge|spe|2\n|move|p2a: Ceruledge|Bitter Blade|p1a: Registeel\n|-damage|p1a: Registeel|139/262\n|-heal|p2a: Ceruledge|227/245 par|[from] drain|[of] p1a: Registeel\n|\n|-heal|p1a: Registeel|155/262|[from] item: Leftovers\n|upkeep\n|turn|33\n|\n|t:|1781449709\n|move|p2a: Ceruledge|Bitter Blade|p1a: Registeel\n|-crit|p1a: Registeel\n|-damage|p1a: Registeel|0 fnt\n|-heal|p2a: Ceruledge|245/245 par|[from] drain|[of] p1a: Registeel\n|faint|p1a: Registeel\n|\n|upkeep\n|\n|t:|1781449712\n|switch|p1a: Venomoth|Venomoth, L84, M|255/255\n|turn|34\n|\n|t:|1781449714\n|move|p1a: Venomoth|Quiver Dance|p1a: Venomoth\n|-boost|p1a: Venomoth|spa|1\n|-boost|p1a: Venomoth|spd|1\n|-boost|p1a: Venomoth|spe|1\n|move|p2a: Ceruledge|Bitter Blade|p1a: Venomoth\n|-supereffective|p1a: Venomoth\n|-damage|p1a: Venomoth|0 fnt\n|faint|p1a: Venomoth\n|\n|win|grabschaender\n", "inputlog": ">version a8376a258c1d4662feba110a92103f3664a72141\n>start {\"formatid\":\"gen9randombattle\",\"seed\":\"sodium,624adeca6c798dfecc38a3825f576d24\",\"rated\":\"Rated battle\"}\n>player p1 {\"name\":\"Daruma\",\"avatar\":\"#ruplixsleekslushrushers\",\"rating\":2160,\"seed\":\"sodium,030609b5df2d18b45c48e7079db9ca99\"}\n>player p2 {\"name\":\"grabschaender\",\"avatar\":\"candice\",\"rating\":2304,\"seed\":\"sodium,7f3c47079192724c6025a81ee8f0aa14\"}\n>p1 move glare\n>p2 move swordsdance\n>p1 switch 3\n>p2 move earthquake\n>p1 move overheat\n>p2 move suckerpunch\n>p2 switch 6\n>p1 switch 3\n>p2 move swordsdance\n>p1 switch 3\n>p2 move closecombat\n>p1 switch 5\n>p1 move sleeppowder\n>p2 move bitterblade\n>p1 move sludgewave\n>p2 move bitterblade\n>p1 move sludgewave\n>p2 switch 4\n>p1 switch 2\n>p2 move wavecrash\n>p1 move dragondance\n>p2 move wavecrash\n>p1 move dragonclaw\n>p2 move wavecrash\n>p2 switch 5\n>p1 move earthquake\n>p2 switch 2\n>p1 move dragonclaw\n>p2 move psyblade\n>p1 switch 6\n>p1 move knockoff\n>p2 move psyblade\n>p2 switch 2\n>p1 switch 3\n>p2 move coil\n>p1 move glare\n>p2 move coil\n>p1 move headbutt\n>p2 move trailblaze\n>p1 move headbutt\n>p2 move trailblaze\n>p1 move headbutt\n>p2 move trailblaze\n>p1 move headbutt\n>p2 move trailblaze\n>p1 move headbutt\n>p2 move trailblaze\n>p1 move headbutt\n>p2 move trailblaze\n>p1 move headbutt\n>p2 move trailblaze\n>p1 move headbutt\n>p2 move trailblaze\n>p2 switch 3\n>p1 move glare\n>p2 move closecombat\n>p1 switch 3\n>p1 move superpower\n>p2 switch 4\n>p1 move knockoff\n>p2 move bitterblade\n>p1 switch 4\n>p1 move thunderwave terastallize\n>p2 move swordsdance\n>p1 move irondefense\n>p2 move swordsdance\n>p1 move irondefense\n>p2 move swordsdance\n>p1 move irondefense\n>p2 move bitterblade\n>p1 move ironhead\n>p2 move bitterblade\n>p1 move ironhead\n>p2 move bitterblade\n>p1 switch 2\n>p1 move quiverdance\n>p2 move bitterblade", "uploadtime": 1781449514, "views": 5, "formatid": "gen9randombattle", "rating": null, "private": 0, "password": null}