{"id": "gen9randombattle-2631563567", "format": "[Gen 9] Random Battle", "players": ["Arsenal0394", "WhatEver2102"], "log": "|j|\u203dArsenal0394\n|j|\u2606WhatEver2102\n|t:|1781401857\n|gametype|singles\n|player|p1|Arsenal0394|2|1995\n|player|p2|WhatEver2102|juan|2013\n|gen|9\n|tier|[Gen 9] Random Battle\n|rated|\n|rule|Species Clause: Limit one of each Pok\u00e9mon\n|rule|HP Percentage Mod: HP is shown in percentages\n|rule|Sleep Clause Mod: Limit one foe put to sleep\n|rule|Illusion Level Mod: Illusion disguises the Pok\u00e9mon's true level\n|\n|t:|1781401857\n|teamsize|p1|6\n|teamsize|p2|6\n|start\n|switch|p1a: Comfey|Comfey, L85, F|225/225\n|switch|p2a: Frosmoth|Frosmoth, L82, F|249/249\n|turn|1\n|\n|t:|1781401894\n|move|p1a: Comfey|Calm Mind|p1a: Comfey\n|-boost|p1a: Comfey|spa|1\n|-boost|p1a: Comfey|spd|1\n|move|p2a: Frosmoth|Quiver Dance|p2a: Frosmoth\n|-boost|p2a: Frosmoth|spa|1\n|-boost|p2a: Frosmoth|spd|1\n|-boost|p2a: Frosmoth|spe|1\n|\n|upkeep\n|turn|2\n|\n|t:|1781401910\n|switch|p1a: Greedent|Greedent, L86, F|347/347\n|move|p2a: Frosmoth|Quiver Dance|p2a: Frosmoth\n|-boost|p2a: Frosmoth|spa|1\n|-boost|p2a: Frosmoth|spd|1\n|-boost|p2a: Frosmoth|spe|1\n|\n|upkeep\n|turn|3\n|\n|t:|1781401918\n|move|p2a: Frosmoth|Ice Beam|p1a: Greedent\n|-damage|p1a: Greedent|91/347\n|-enditem|p1a: Greedent|Sitrus Berry|[eat]\n|-heal|p1a: Greedent|177/347|[from] item: Sitrus Berry\n|-heal|p1a: Greedent|292/347|[from] ability: Cheek Pouch\n|move|p1a: Greedent|Swords Dance|p1a: Greedent\n|-boost|p1a: Greedent|atk|2\n|\n|upkeep\n|turn|4\n|\n|t:|1781401926\n|move|p2a: Frosmoth|Ice Beam|p1a: Greedent\n|-damage|p1a: Greedent|30/347\n|move|p1a: Greedent|Double-Edge|p2a: Frosmoth\n|-damage|p2a: Frosmoth|0 fnt\n|faint|p2a: Frosmoth\n|-damage|p1a: Greedent|0 fnt|[from] Recoil\n|faint|p1a: Greedent\n|\n|upkeep\n|\n|t:|1781401937\n|switch|p2a: Sylveon|Sylveon, L85, M|300/300\n|switch|p1a: Glalie|Glalie, L96, F|309/309\n|turn|5\n|\n|t:|1781401945\n|move|p1a: Glalie|Taunt|p2a: Sylveon\n|-start|p2a: Sylveon|move: Taunt\n|cant|p2a: Sylveon|move: Taunt|Wish\n|\n|upkeep\n|turn|6\n|\n|t:|1781401950\n|switch|p2a: Keldeo|Keldeo-Resolute, L79|273/273\n|move|p1a: Glalie|Spikes|p2a: Keldeo\n|-sidestart|p2: WhatEver2102|Spikes\n|\n|upkeep\n|turn|7\n|\n|t:|1781401954\n|move|p2a: Keldeo|Secret Sword|p1a: Glalie\n|-supereffective|p1a: Glalie\n|-damage|p1a: Glalie|105/309\n|move|p1a: Glalie|Freeze-Dry|p2a: Keldeo\n|-supereffective|p2a: Keldeo\n|-damage|p2a: Keldeo|109/273\n|\n|-heal|p2a: Keldeo|126/273|[from] item: Leftovers\n|upkeep\n|turn|8\n|\n|t:|1781401959\n|switch|p1a: Primarina|Primarina, L83, M|268/268\n|move|p2a: Keldeo|Secret Sword|p1a: Primarina\n|-resisted|p1a: Primarina\n|-damage|p1a: Primarina|214/268\n|\n|-heal|p2a: Keldeo|143/273|[from] item: Leftovers\n|upkeep\n|turn|9\n|\n|t:|1781401966\n|switch|p2a: Sylveon|Sylveon, L85, M|300/300\n|-damage|p2a: Sylveon|263/300|[from] Spikes\n|move|p1a: Primarina|Moonblast|p2a: Sylveon\n|-damage|p2a: Sylveon|136/300\n|-unboost|p2a: Sylveon|spa|1\n|\n|-heal|p2a: Sylveon|154/300|[from] item: Leftovers\n|upkeep\n|turn|10\n|\n|t:|1781401970\n|switch|p1a: Cobalion|Cobalion, L80|277/277\n|move|p2a: Sylveon|Wish|p2a: Sylveon\n|\n|-heal|p2a: Sylveon|172/300|[from] item: Leftovers\n|upkeep\n|turn|11\n|\n|t:|1781401975\n|switch|p2a: Keldeo|Keldeo-Resolute, L79|143/273\n|-damage|p2a: Keldeo|109/273|[from] Spikes\n|move|p1a: Cobalion|Swords Dance|p1a: Cobalion\n|-boost|p1a: Cobalion|atk|2\n|\n|-heal|p2a: Keldeo|259/273|[from] move: Wish|[wisher] Sylveon\n|-heal|p2a: Keldeo|273/273|[from] item: Leftovers\n|upkeep\n|turn|12\n|\n|t:|1781401982\n|-terastallize|p1a: Cobalion|Fighting\n|move|p1a: Cobalion|Close Combat|p2a: Keldeo\n|-damage|p2a: Keldeo|0 fnt\n|-unboost|p1a: Cobalion|def|1\n|-unboost|p1a: Cobalion|spd|1\n|faint|p2a: Keldeo\n|\n|upkeep\n|\n|t:|1781401996\n|switch|p2a: Weavile|Weavile, L79, M|240/240\n|turn|13\n|\n|t:|1781402002\n|switch|p2a: Sylveon|Sylveon, L85, M|172/300\n|-damage|p2a: Sylveon|135/300|[from] Spikes\n|move|p1a: Cobalion|Iron Head|p2a: Sylveon\n|-supereffective|p2a: Sylveon\n|-damage|p2a: Sylveon|0 fnt\n|faint|p2a: Sylveon\n|\n|upkeep\n|\n|t:|1781402006\n|switch|p2a: Weavile|Weavile, L79, M|240/240\n|turn|14\n|\n|t:|1781402008\n|move|p2a: Weavile|Low Kick|p1a: Cobalion\n|-damage|p1a: Cobalion|167/277\n|move|p1a: Cobalion|Iron Head|p2a: Weavile\n|-supereffective|p2a: Weavile\n|-damage|p2a: Weavile|0 fnt\n|faint|p2a: Weavile\n|\n|-heal|p1a: Cobalion|184/277|[from] item: Leftovers\n|upkeep\n|\n|t:|1781402012\n|switch|p2a: Revavroom|Revavroom, L79, M|256/256\n|-damage|p2a: Revavroom|224/256|[from] Spikes\n|turn|15\n|\n|t:|1781402017\n|move|p1a: Cobalion|Close Combat|p2a: Revavroom\n|-damage|p2a: Revavroom|0 fnt\n|-unboost|p1a: Cobalion|def|1\n|-unboost|p1a: Cobalion|spd|1\n|faint|p2a: Revavroom\n|\n|-heal|p1a: Cobalion|201/277|[from] item: Leftovers\n|upkeep\n|\n|t:|1781402020\n|switch|p2a: Electivire|Electivire, L84, M|263/263\n|-damage|p2a: Electivire|231/263|[from] Spikes\n|turn|16\n|\n|t:|1781402026\n|move|p1a: Cobalion|Close Combat|p2a: Electivire\n|-damage|p2a: Electivire|0 fnt\n|-unboost|p1a: Cobalion|def|1\n|-unboost|p1a: Cobalion|spd|1\n|faint|p2a: Electivire\n|\n|win|Arsenal0394\n", "uploadtime": 1781401859, "views": 4, "formatid": "gen9randombattle", "rating": null, "private": 0, "password": null}