{"id": "gen9randombattle-2631777774", "format": "[Gen 9] Random Battle", "players": ["Okidoyuuki", "tobititz"], "log": "|j|\u2606Okidoyuuki\n|j|\u2606tobititz\n|t:|1781438149\n|gametype|singles\n|player|p1|Okidoyuuki|2|1953\n|player|p2|tobititz|2|1917\n|gen|9\n|tier|[Gen 9] Random Battle\n|rated|\n|rule|Species Clause: Limit one of each Pok\u00e9mon\n|rule|HP Percentage Mod: HP is shown in percentages\n|rule|Sleep Clause Mod: Limit one foe put to sleep\n|rule|Illusion Level Mod: Illusion disguises the Pok\u00e9mon's true level\n|\n|t:|1781438149\n|teamsize|p1|6\n|teamsize|p2|6\n|start\n|switch|p1a: Lapras|Lapras, L87, F|367/367\n|switch|p2a: Hatterene|Hatterene, L85, F|236/236\n|turn|1\n|\n|t:|1781438165\n|switch|p1a: Alcremie|Alcremie-Lemon-Cream, L90, F|263/263\n|move|p2a: Hatterene|Calm Mind|p2a: Hatterene\n|-boost|p2a: Hatterene|spa|1\n|-boost|p2a: Hatterene|spd|1\n|\n|upkeep\n|turn|2\n|\n|t:|1781438177\n|move|p1a: Alcremie|Calm Mind|p1a: Alcremie\n|-boost|p1a: Alcremie|spa|1\n|-boost|p1a: Alcremie|spd|1\n|move|p2a: Hatterene|Mystical Fire|p1a: Alcremie\n|-damage|p1a: Alcremie|206/263\n|-unboost|p1a: Alcremie|spa|1\n|\n|-heal|p1a: Alcremie|222/263|[from] item: Leftovers\n|upkeep\n|turn|3\n|\n|t:|1781438185\n|switch|p1a: Crawdaunt|Crawdaunt, L84, M|243/243\n|switch|p2a: Skuntank|Skuntank, L84, M|310/310\n|\n|upkeep\n|turn|4\n|\n|t:|1781438198\n|move|p2a: Skuntank|Gunk Shot|p1a: Crawdaunt\n|-damage|p1a: Crawdaunt|90/243\n|-damage|p2a: Skuntank|279/310|[from] item: Life Orb\n|move|p1a: Crawdaunt|Crabhammer|p2a: Skuntank\n|-damage|p2a: Skuntank|19/310\n|-damage|p1a: Crawdaunt|66/243|[from] item: Life Orb\n|\n|upkeep\n|turn|5\n|\n|t:|1781438205\n|switch|p2a: Gogoat|Gogoat, L88, F|360/360\n|move|p1a: Crawdaunt|Aqua Jet|p2a: Gogoat\n|-resisted|p2a: Gogoat\n|-damage|p2a: Gogoat|304/360\n|-damage|p1a: Crawdaunt|42/243|[from] item: Life Orb\n|\n|-heal|p2a: Gogoat|326/360|[from] item: Leftovers\n|upkeep\n|turn|6\n|\n|t:|1781438214\n|move|p2a: Gogoat|Horn Leech|p1a: Crawdaunt\n|-supereffective|p1a: Crawdaunt\n|-damage|p1a: Crawdaunt|0 fnt\n|-heal|p2a: Gogoat|347/360|[from] drain|[of] p1a: Crawdaunt\n|faint|p1a: Crawdaunt\n|\n|-heal|p2a: Gogoat|360/360|[from] item: Leftovers\n|upkeep\n|\n|t:|1781438222\n|switch|p1a: Yanmega|Yanmega, L82, M|275/275\n|turn|7\n|\n|t:|1781438230\n|switch|p2a: Dunsparce|Dunsparce, L86, M|312/312\n|move|p1a: Yanmega|Bug Buzz|p2a: Dunsparce\n|-damage|p2a: Dunsparce|219/312\n|\n|-ability|p1a: Yanmega|Speed Boost|boost\n|-boost|p1a: Yanmega|spe|1\n|upkeep\n|turn|8\n|\n|t:|1781438248\n|move|p1a: Yanmega|Air Slash|p2a: Dunsparce\n|-damage|p2a: Dunsparce|146/312\n|move|p2a: Dunsparce|Roost|p2a: Dunsparce\n|-heal|p2a: Dunsparce|302/312\n|-singleturn|p2a: Dunsparce|move: Roost\n|\n|-ability|p1a: Yanmega|Speed Boost|boost\n|-boost|p1a: Yanmega|spe|1\n|upkeep\n|turn|9\n|\n|t:|1781438273\n|move|p1a: Yanmega|Air Slash|p2a: Dunsparce\n|-damage|p2a: Dunsparce|230/312\n|move|p2a: Dunsparce|Body Slam|p1a: Yanmega\n|-damage|p1a: Yanmega|196/275\n|-status|p1a: Yanmega|par\n|\n|-ability|p1a: Yanmega|Speed Boost|boost\n|-boost|p1a: Yanmega|spe|1\n|upkeep\n|turn|10\n|\n|t:|1781438282\n|move|p1a: Yanmega|Bug Buzz|p2a: Dunsparce\n|-damage|p2a: Dunsparce|149/312\n|move|p2a: Dunsparce|Roost|p2a: Dunsparce\n|-heal|p2a: Dunsparce|305/312\n|-singleturn|p2a: Dunsparce|move: Roost\n|\n|-ability|p1a: Yanmega|Speed Boost|boost\n|-boost|p1a: Yanmega|spe|1\n|upkeep\n|turn|11\n|\n|t:|1781438289\n|cant|p1a: Yanmega|par\n|move|p2a: Dunsparce|Coil|p2a: Dunsparce\n|-boost|p2a: Dunsparce|atk|1\n|-boost|p2a: Dunsparce|def|1\n|-boost|p2a: Dunsparce|accuracy|1\n|\n|-ability|p1a: Yanmega|Speed Boost|boost\n|-boost|p1a: Yanmega|spe|1\n|upkeep\n|turn|12\n|\n|t:|1781438295\n|move|p1a: Yanmega|Bug Buzz|p2a: Dunsparce\n|-damage|p2a: Dunsparce|223/312\n|move|p2a: Dunsparce|Body Slam|p1a: Yanmega\n|-damage|p1a: Yanmega|76/275 par\n|\n|-ability|p1a: Yanmega|Speed Boost|boost\n|-boost|p1a: Yanmega|spe|1\n|upkeep\n|turn|13\n|\n|t:|1781438303\n|move|p1a: Yanmega|Bug Buzz|p2a: Dunsparce\n|-damage|p2a: Dunsparce|133/312\n|move|p2a: Dunsparce|Roost|p2a: Dunsparce\n|-heal|p2a: Dunsparce|289/312\n|-singleturn|p2a: Dunsparce|move: Roost\n|\n|upkeep\n|turn|14\n|\n|t:|1781438308\n|cant|p1a: Yanmega|par\n|move|p2a: Dunsparce|Body Slam|p1a: Yanmega\n|-damage|p1a: Yanmega|0 fnt\n|faint|p1a: Yanmega\n|\n|upkeep\n|\n|t:|1781438323\n|switch|p1a: Azelf|Azelf, L82|257/257\n|turn|15\n|\n|t:|1781438331\n|move|p1a: Azelf|Nasty Plot|p1a: Azelf\n|-boost|p1a: Azelf|spa|2\n|move|p2a: Dunsparce|Body Slam|p1a: Azelf\n|-damage|p1a: Azelf|133/257\n|-status|p1a: Azelf|par\n|\n|upkeep\n|turn|16\n|\n|t:|1781438340\n|move|p2a: Dunsparce|Body Slam|p1a: Azelf\n|-damage|p1a: Azelf|0 fnt\n|faint|p1a: Azelf\n|\n|upkeep\n|\n|t:|1781438346\n|switch|p1a: Lapras|Lapras, L87, F|367/367\n|turn|17\n|\n|t:|1781438349\n|-terastallize|p1a: Lapras|Ground\n|move|p1a: Lapras|Dragon Dance|p1a: Lapras\n|-boost|p1a: Lapras|atk|1\n|-boost|p1a: Lapras|spe|1\n|move|p2a: Dunsparce|Body Slam|p1a: Lapras\n|-crit|p1a: Lapras\n|-damage|p1a: Lapras|178/367\n|\n|upkeep\n|turn|18\n|\n|t:|1781438357\n|move|p1a: Lapras|Dragon Dance|p1a: Lapras\n|-boost|p1a: Lapras|atk|1\n|-boost|p1a: Lapras|spe|1\n|move|p2a: Dunsparce|Body Slam|p1a: Lapras\n|-damage|p1a: Lapras|66/367\n|\n|upkeep\n|turn|19\n|\n|t:|1781438364\n|move|p1a: Lapras|Icicle Spear|p2a: Dunsparce\n|-damage|p2a: Dunsparce|262/312\n|-damage|p2a: Dunsparce|235/312\n|-damage|p2a: Dunsparce|210/312\n|-damage|p2a: Dunsparce|183/312\n|-crit|p2a: Dunsparce\n|-damage|p2a: Dunsparce|128/312\n|-hitcount|p2a: Dunsparce|5\n|move|p2a: Dunsparce|Body Slam|p1a: Lapras\n|-damage|p1a: Lapras|0 fnt\n|faint|p1a: Lapras\n|\n|upkeep\n|-message|Okidoyuuki forfeited.\n|\n|win|tobititz\n", "inputlog": ">version a8376a258c1d4662feba110a92103f3664a72141\n>start {\"formatid\":\"gen9randombattle\",\"seed\":\"sodium,8d4fce749203832851938ec7f4a62993\",\"rated\":\"Rated battle\"}\n>player p1 {\"name\":\"Okidoyuuki\",\"avatar\":\"2\",\"rating\":1953,\"seed\":\"sodium,f645095906617144334084d3b44a4868\"}\n>player p2 {\"name\":\"tobititz\",\"avatar\":\"2\",\"rating\":1917,\"seed\":\"sodium,2e66f1b571457d5a1a2877eb93f8ffca\"}\n>p1 switch 6\n>p2 move calmmind\n>p1 move calmmind\n>p2 move mysticalfire\n>p1 switch 2\n>p2 switch 6\n>p1 move crabhammer\n>p2 move gunkshot\n>p1 move aquajet\n>p2 switch 4\n>p1 move knockoff\n>p2 move hornleech\n>p1 switch 3\n>p1 move bugbuzz\n>p2 switch 3\n>p1 move airslash\n>p2 move roost\n>p1 move airslash\n>p2 move bodyslam\n>p1 move bugbuzz\n>p2 move roost\n>p1 move bugbuzz\n>p2 move coil\n>p1 move bugbuzz\n>p2 move bodyslam\n>p1 move bugbuzz\n>p2 move roost\n>p1 move airslash\n>p2 move bodyslam\n>p1 switch 4\n>p1 move nastyplot\n>p2 move bodyslam\n>p1 move fireblast\n>p2 move bodyslam\n>p1 switch 6\n>p1 move dragondance terastallize\n>p2 move bodyslam\n>p1 move dragondance\n>p2 move bodyslam\n>p1 move iciclespear\n>p2 move bodyslam\n>forcelose p1", "uploadtime": 1781438151, "views": 9, "formatid": "gen9randombattle", "rating": null, "private": 0, "password": null}