{"id": "gen9randombattle-2631421830", "format": "[Gen 9] Random Battle", "players": ["Manumed", "good pork"], "log": "|j|\u2606Manumed\n|j|\u2606good pork\n|t:|1781382674\n|gametype|singles\n|player|p1|Manumed|gambler|2050\n|player|p2|good pork|266|2110\n|gen|9\n|tier|[Gen 9] Random Battle\n|rated|\n|rule|Species Clause: Limit one of each Pok\u00e9mon\n|rule|HP Percentage Mod: HP is shown in percentages\n|rule|Sleep Clause Mod: Limit one foe put to sleep\n|rule|Illusion Level Mod: Illusion disguises the Pok\u00e9mon's true level\n|\n|t:|1781382674\n|teamsize|p1|6\n|teamsize|p2|6\n|start\n|switch|p1a: Scream Tail|Scream Tail, L84|330/330\n|switch|p2a: Charizard|Charizard, L85, M|271/271\n|turn|1\n|\n|t:|1781382684\n|move|p1a: Scream Tail|Wish|p1a: Scream Tail\n|move|p2a: Charizard|Dragon Dance|p2a: Charizard\n|-boost|p2a: Charizard|atk|1\n|-boost|p2a: Charizard|spe|1\n|\n|upkeep\n|turn|2\n|\n|t:|1781382692\n|move|p2a: Charizard|Earthquake|p1a: Scream Tail\n|-damage|p1a: Scream Tail|245/330\n|move|p1a: Scream Tail|Encore|p2a: Charizard\n|-start|p2a: Charizard|Encore\n|\n|-heal|p1a: Scream Tail|330/330|[from] move: Wish|[wisher] Scream Tail\n|upkeep\n|turn|3\n|\n|t:|1781382697\n|-end|p1a: Scream Tail|Protosynthesis|[silent]\n|switch|p1a: Mesprit|Mesprit, L85|275/275\n|move|p2a: Charizard|Earthquake|p1a: Mesprit\n|-immune|p1a: Mesprit|[from] ability: Levitate\n|\n|upkeep\n|turn|4\n|\n|t:|1781382701\n|switch|p2a: Wo-Chien|Wo-Chien, L83|277/277\n|-ability|p2a: Wo-Chien|Tablets of Ruin\n|move|p1a: Mesprit|Thunder Wave|p2a: Wo-Chien\n|-status|p2a: Wo-Chien|par\n|\n|upkeep\n|turn|5\n|\n|t:|1781382705\n|move|p1a: Mesprit|U-turn|p2a: Wo-Chien\n|-supereffective|p2a: Wo-Chien\n|-damage|p2a: Wo-Chien|125/277 par\n|inactive|Battle timer is ON: inactive players will automatically lose when time's up. (requested by good pork)\n|\n|t:|1781382715\n|switch|p1a: Amoonguss|Amoonguss, L82, M|321/321|[from] U-turn\n|move|p2a: Wo-Chien|Knock Off|p1a: Amoonguss\n|-damage|p1a: Amoonguss|212/321\n|-enditem|p1a: Amoonguss|Leftovers|[from] move: Knock Off|[of] p2a: Wo-Chien\n|\n|-heal|p2a: Wo-Chien|142/277 par|[from] item: Leftovers\n|upkeep\n|turn|6\n|\n|t:|1781382724\n|switch|p2a: Arbok|Arbok, L87, F|246/246\n|-ability|p2a: Arbok|Intimidate|boost\n|-unboost|p1a: Amoonguss|atk|1\n|move|p1a: Amoonguss|Sludge Bomb|p2a: Arbok\n|-resisted|p2a: Arbok\n|-damage|p2a: Arbok|205/246\n|\n|-heal|p2a: Arbok|220/246|[from] item: Leftovers\n|upkeep\n|turn|7\n|\n|t:|1781382729\n|move|p2a: Arbok|Gunk Shot|p1a: Amoonguss\n|-damage|p1a: Amoonguss|47/321\n|move|p1a: Amoonguss|Spore|p2a: Arbok\n|-status|p2a: Arbok|slp|[from] move: Spore\n|\n|-heal|p2a: Arbok|235/246 slp|[from] item: Leftovers\n|upkeep\n|turn|8\n|\n|t:|1781382743\n|switch|p1a: Mesprit|Mesprit, L85|275/275\n|cant|p2a: Arbok|slp\n|\n|-heal|p2a: Arbok|246/246 slp|[from] item: Leftovers\n|upkeep\n|turn|9\n|\n|t:|1781382750\n|switch|p2a: Wo-Chien|Wo-Chien, L83|142/277 par\n|-ability|p2a: Wo-Chien|Tablets of Ruin\n|move|p1a: Mesprit|Psychic Noise|p2a: Wo-Chien\n|-immune|p2a: Wo-Chien\n|\n|-heal|p2a: Wo-Chien|159/277 par|[from] item: Leftovers\n|upkeep\n|turn|10\n|\n|t:|1781382755\n|cant|p2a: Wo-Chien|par\n|move|p1a: Mesprit|U-turn|p2a: Wo-Chien\n|-supereffective|p2a: Wo-Chien\n|-damage|p2a: Wo-Chien|3/277 par\n|inactive|Manumed has 120 seconds left.\n|\n|t:|1781382796\n|switch|p1a: Piloswine|Piloswine, L85, M|309/309|[from] U-turn\n|\n|-heal|p2a: Wo-Chien|20/277 par|[from] item: Leftovers\n|upkeep\n|turn|11\n|\n|t:|1781382802\n|move|p1a: Piloswine|Earthquake|p2a: Wo-Chien\n|-resisted|p2a: Wo-Chien\n|-damage|p2a: Wo-Chien|0 fnt\n|faint|p2a: Wo-Chien\n|\n|upkeep\n|\n|t:|1781382818\n|switch|p2a: Avalugg|Avalugg-Hisui, L90, M|317/317\n|turn|12\n|\n|t:|1781382823\n|move|p1a: Piloswine|Stealth Rock|p2a: Avalugg\n|-sidestart|p2: good pork|move: Stealth Rock\n|move|p2a: Avalugg|Body Press|p1a: Piloswine\n|-supereffective|p1a: Piloswine\n|-damage|p1a: Piloswine|145/309\n|\n|upkeep\n|turn|13\n|\n|t:|1781382835\n|move|p1a: Piloswine|Earthquake|p2a: Avalugg\n|-supereffective|p2a: Avalugg\n|-damage|p2a: Avalugg|197/317\n|move|p2a: Avalugg|Body Press|p1a: Piloswine\n|-supereffective|p1a: Piloswine\n|-damage|p1a: Piloswine|0 fnt\n|faint|p1a: Piloswine\n|\n|upkeep\n|\n|t:|1781382843\n|switch|p1a: Minun|Minun, L95, M|268/268\n|turn|14\n|\n|t:|1781382848\n|move|p1a: Minun|Thunderbolt|p2a: Avalugg\n|-crit|p2a: Avalugg\n|-damage|p2a: Avalugg|0 fnt\n|faint|p2a: Avalugg\n|-damage|p1a: Minun|242/268|[from] item: Life Orb\n|\n|upkeep\n|\n|t:|1781382875\n|switch|p2a: Dodrio|Dodrio, L85, F|241/241\n|-damage|p2a: Dodrio|181/241|[from] Stealth Rock\n|turn|15\n|\n|t:|1781382885\n|switch|p1a: Stonjourner|Stonjourner, L91, F|330/330\n|move|p2a: Dodrio|Drill Run|p1a: Stonjourner\n|-supereffective|p1a: Stonjourner\n|-damage|p1a: Stonjourner|194/330\n|\n|upkeep\n|turn|16\n|\n|t:|1781382896\n|switch|p2a: Arbok|Arbok, L87, F|246/246 slp\n|-damage|p2a: Arbok|216/246 slp|[from] Stealth Rock\n|-ability|p2a: Arbok|Intimidate|boost\n|-unboost|p1a: Stonjourner|atk|1\n|move|p1a: Stonjourner|Rock Polish|p1a: Stonjourner\n|-boost|p1a: Stonjourner|spe|2\n|\n|-heal|p2a: Arbok|231/246 slp|[from] item: Leftovers\n|upkeep\n|turn|17\n|\n|t:|1781382904\n|move|p1a: Stonjourner|Earthquake|p2a: Arbok\n|-supereffective|p2a: Arbok\n|-damage|p2a: Arbok|10/246 slp\n|-damage|p1a: Stonjourner|161/330|[from] item: Life Orb\n|cant|p2a: Arbok|slp\n|\n|-heal|p2a: Arbok|25/246 slp|[from] item: Leftovers\n|upkeep\n|turn|18\n|\n|t:|1781382910\n|-curestatus|p2a: Arbok|slp|[msg]\n|move|p2a: Arbok|Sucker Punch|p1a: Stonjourner\n|-damage|p1a: Stonjourner|125/330\n|move|p1a: Stonjourner|Heat Crash|p2a: Arbok\n|-damage|p2a: Arbok|0 fnt\n|faint|p2a: Arbok\n|-damage|p1a: Stonjourner|92/330|[from] item: Life Orb\n|\n|upkeep\n|-message|good pork forfeited.\n|\n|win|Manumed\n", "inputlog": ">version a8376a258c1d4662feba110a92103f3664a72141\n>start {\"formatid\":\"gen9randombattle\",\"seed\":\"sodium,ecb30dff40934445784662e0849d040e\",\"rated\":\"Rated battle\"}\n>player p1 {\"name\":\"Manumed\",\"avatar\":\"gambler\",\"rating\":2050,\"seed\":\"sodium,238a5cfe138c9aef8060e6fd5b171679\"}\n>player p2 {\"name\":\"good pork\",\"avatar\":\"266\",\"rating\":2110,\"seed\":\"sodium,552213685df3523933ab114dc9b24d32\"}\n>p1 move wish\n>p2 move dragondance\n>p1 move encore\n>p2 move earthquake\n>p1 switch 6\n>p2 move earthquake\n>p1 move thunderwave\n>p2 switch 5\n>p1 move uturn\n>p2 move knockoff\n>p1 switch 3\n>p1 move sludgebomb\n>p2 switch 3\n>p1 move spore\n>p2 move gunkshot\n>p1 switch 3\n>p2 move gunkshot\n>p1 move psychicnoise\n>p2 switch 3\n>p1 move uturn\n>p2 move protect\n>p1 switch 2\n>p1 move earthquake\n>p2 move knockoff\n>p2 switch 4\n>p1 move stealthrock\n>p2 move bodypress\n>p1 move earthquake\n>p2 move bodypress\n>p1 switch 4\n>p1 move thunderbolt\n>p2 move avalanche\n>p2 switch 2\n>p1 switch 5\n>p2 move drillrun\n>p1 move rockpolish\n>p2 switch 3\n>p1 move earthquake\n>p2 move earthquake\n>p1 move heatcrash\n>p2 move suckerpunch\n>forcelose p2", "uploadtime": 1781382676, "views": 12, "formatid": "gen9randombattle", "rating": null, "private": 0, "password": null}