{"id": "gen9randombattle-2631891348", "format": "[Gen 9] Random Battle", "players": ["daan0112", "UziBoii"], "log": "|j|\u2606daan0112\n|j|\u2606UziBoii\n|t:|1781452619\n|gametype|singles\n|player|p1|daan0112|2|1506\n|player|p2|UziBoii|steven|1512\n|gen|9\n|tier|[Gen 9] Random Battle\n|rated|\n|rule|Species Clause: Limit one of each Pok\u00e9mon\n|rule|HP Percentage Mod: HP is shown in percentages\n|rule|Sleep Clause Mod: Limit one foe put to sleep\n|rule|Illusion Level Mod: Illusion disguises the Pok\u00e9mon's true level\n|\n|t:|1781452619\n|teamsize|p1|6\n|teamsize|p2|6\n|start\n|switch|p1a: Drednaw|Drednaw, L81, M|278/278\n|switch|p2a: Venomoth|Venomoth, L84, M|255/255\n|turn|1\n|inactive|Battle timer is ON: inactive players will automatically lose when time's up. (requested by UziBoii)\n|\n|t:|1781452632\n|move|p2a: Venomoth|Sleep Powder|p1a: Drednaw|[miss]\n|-miss|p2a: Venomoth|p1a: Drednaw\n|move|p1a: Drednaw|Shell Smash|p1a: Drednaw\n|-unboost|p1a: Drednaw|def|1\n|-unboost|p1a: Drednaw|spd|1\n|-boost|p1a: Drednaw|atk|2\n|-boost|p1a: Drednaw|spa|2\n|-boost|p1a: Drednaw|spe|2\n|-enditem|p1a: Drednaw|White Herb\n|-clearnegativeboost|p1a: Drednaw|[silent]\n|\n|upkeep\n|turn|2\n|\n|t:|1781452658\n|move|p1a: Drednaw|Stone Edge|p2a: Venomoth\n|-supereffective|p2a: Venomoth\n|-damage|p2a: Venomoth|0 fnt\n|faint|p2a: Venomoth\n|\n|upkeep\n|\n|t:|1781452666\n|switch|p2a: Torterra|Torterra, L78, F|276/276\n|turn|3\n|\n|t:|1781452680\n|-terastallize|p1a: Drednaw|Ground\n|move|p1a: Drednaw|Liquidation|p2a: Torterra\n|-damage|p2a: Torterra|101/276\n|move|p2a: Torterra|Bullet Seed|p1a: Drednaw\n|-supereffective|p1a: Drednaw\n|-damage|p1a: Drednaw|222/278\n|-supereffective|p1a: Drednaw\n|-damage|p1a: Drednaw|168/278\n|-supereffective|p1a: Drednaw\n|-damage|p1a: Drednaw|118/278\n|-supereffective|p1a: Drednaw\n|-damage|p1a: Drednaw|68/278\n|-supereffective|p1a: Drednaw\n|-damage|p1a: Drednaw|12/278\n|-hitcount|p1a: Drednaw|5\n|\n|upkeep\n|turn|4\n|\n|t:|1781452693\n|move|p1a: Drednaw|Liquidation|p2a: Torterra\n|-crit|p2a: Torterra\n|-damage|p2a: Torterra|0 fnt\n|faint|p2a: Torterra\n|\n|upkeep\n|\n|t:|1781452694\n|switch|p2a: Ambipom|Ambipom, L84, M|263/263\n|turn|5\n|\n|t:|1781452718\n|switch|p1a: Vileplume|Vileplume, L85, F|266/266\n|move|p2a: Ambipom|Fake Out|p1a: Vileplume\n|-damage|p1a: Vileplume|191/266\n|\n|-heal|p1a: Vileplume|207/266|[from] item: Leftovers\n|upkeep\n|turn|6\n|\n|t:|1781452729\n|move|p2a: Ambipom|Knock Off|p1a: Vileplume\n|-damage|p1a: Vileplume|134/266\n|-enditem|p1a: Vileplume|Leftovers|[from] move: Knock Off|[of] p2a: Ambipom\n|move|p1a: Vileplume|Strength Sap|p2a: Ambipom\n|-unboost|p2a: Ambipom|atk|1\n|-heal|p1a: Vileplume|266/266\n|\n|upkeep\n|turn|7\n|\n|t:|1781452739\n|move|p2a: Ambipom|Double-Edge|p1a: Vileplume\n|-damage|p1a: Vileplume|166/266\n|-damage|p2a: Ambipom|230/263|[from] Recoil\n|move|p1a: Vileplume|Leech Seed|p2a: Ambipom|[miss]\n|-miss|p1a: Vileplume|p2a: Ambipom\n|\n|upkeep\n|turn|8\n|\n|t:|1781452746\n|move|p2a: Ambipom|U-turn|p1a: Vileplume\n|-damage|p1a: Vileplume|128/266\n|\n|t:|1781452752\n|switch|p2a: Annihilape|Annihilape, L76, M|292/292|[from] U-turn\n|move|p1a: Vileplume|Strength Sap|p2a: Annihilape\n|-unboost|p2a: Annihilape|atk|1\n|-ability|p2a: Annihilape|Defiant|boost\n|-boost|p2a: Annihilape|atk|2\n|-heal|p1a: Vileplume|266/266\n|\n|upkeep\n|turn|9\n|\n|t:|1781452762\n|move|p2a: Annihilape|Bulk Up|p2a: Annihilape\n|-boost|p2a: Annihilape|atk|1\n|-boost|p2a: Annihilape|def|1\n|move|p1a: Vileplume|Leech Seed|p2a: Annihilape\n|-start|p2a: Annihilape|move: Leech Seed\n|\n|-damage|p2a: Annihilape|256/292|[from] Leech Seed|[of] p1a: Vileplume\n|upkeep\n|turn|10\n|\n|t:|1781452773\n|move|p2a: Annihilape|Gunk Shot|p1a: Vileplume\n|-damage|p1a: Vileplume|115/266\n|move|p1a: Vileplume|Sludge Bomb|p2a: Annihilape\n|-resisted|p2a: Annihilape\n|-damage|p2a: Annihilape|196/292\n|\n|-heal|p2a: Annihilape|214/292|[from] item: Leftovers\n|-damage|p2a: Annihilape|178/292|[from] Leech Seed|[of] p1a: Vileplume\n|-heal|p1a: Vileplume|151/266|[silent]\n|upkeep\n|turn|11\n|\n|t:|1781452783\n|move|p2a: Annihilape|Bulk Up|p2a: Annihilape\n|-boost|p2a: Annihilape|atk|1\n|-boost|p2a: Annihilape|def|1\n|move|p1a: Vileplume|Giga Drain|p2a: Annihilape\n|-damage|p2a: Annihilape|82/292\n|-heal|p1a: Vileplume|199/266|[from] drain|[of] p2a: Annihilape\n|\n|-heal|p2a: Annihilape|100/292|[from] item: Leftovers\n|-damage|p2a: Annihilape|64/292|[from] Leech Seed|[of] p1a: Vileplume\n|-heal|p1a: Vileplume|235/266|[silent]\n|upkeep\n|turn|12\n|inactive|daan0112 has 120 seconds left.\n|\n|t:|1781452813\n|move|p2a: Annihilape|Rage Fist|p1a: Vileplume\n|-damage|p1a: Vileplume|0 fnt\n|faint|p1a: Vileplume\n|\n|-heal|p2a: Annihilape|82/292|[from] item: Leftovers\n|upkeep\n|inactive|daan0112 has 120 seconds left.\n|\n|t:|1781452835\n|switch|p1a: Deoxys|Deoxys-Defense, L84|221/221\n|-ability|p1a: Deoxys|Pressure\n|turn|13\n|\n|t:|1781452853\n|move|p1a: Deoxys|Psychic Noise|p2a: Annihilape\n|-supereffective|p2a: Annihilape\n|-damage|p2a: Annihilape|0 fnt\n|faint|p2a: Annihilape\n|\n|upkeep\n|\n|t:|1781452857\n|switch|p2a: Ambipom|Ambipom, L84, M|230/263\n|turn|14\n|\n|t:|1781452864\n|switch|p1a: Drednaw|Drednaw, L81, M, tera:Ground|12/278\n|move|p2a: Ambipom|Fake Out|p1a: Drednaw\n|-damage|p1a: Drednaw|0 fnt\n|faint|p1a: Drednaw\n|\n|upkeep\n|\n|t:|1781452873\n|switch|p1a: Arceus|Arceus-Fighting, L70|284/284\n|turn|15\n|\n|t:|1781452880\n|move|p2a: Ambipom|U-turn|p1a: Arceus\n|-resisted|p1a: Arceus\n|-damage|p1a: Arceus|261/284\n|\n|t:|1781452885\n|switch|p2a: Necrozma|Necrozma, L80|286/286|[from] U-turn\n|move|p1a: Arceus|Cosmic Power|p1a: Arceus\n|-boost|p1a: Arceus|def|1\n|-boost|p1a: Arceus|spd|1\n|\n|upkeep\n|turn|16\n|inactive|daan0112 has 120 seconds left.\n|\n|t:|1781452901\n|move|p1a: Arceus|Cosmic Power|p1a: Arceus\n|-boost|p1a: Arceus|def|1\n|-boost|p1a: Arceus|spd|1\n|move|p2a: Necrozma|Dragon Dance|p2a: Necrozma\n|-boost|p2a: Necrozma|atk|1\n|-boost|p2a: Necrozma|spe|1\n|\n|upkeep\n|turn|17\n|inactive|daan0112 has 120 seconds left.\n|\n|t:|1781452910\n|move|p2a: Necrozma|Dragon Dance|p2a: Necrozma\n|-boost|p2a: Necrozma|atk|1\n|-boost|p2a: Necrozma|spe|1\n|move|p1a: Arceus|Cosmic Power|p1a: Arceus\n|-boost|p1a: Arceus|def|1\n|-boost|p1a: Arceus|spd|1\n|\n|upkeep\n|turn|18\n|\n|t:|1781452916\n|move|p2a: Necrozma|Dragon Dance|p2a: Necrozma\n|-boost|p2a: Necrozma|atk|1\n|-boost|p2a: Necrozma|spe|1\n|move|p1a: Arceus|Stored Power|p2a: Necrozma\n|-resisted|p2a: Necrozma\n|-damage|p2a: Necrozma|246/286\n|\n|upkeep\n|turn|19\n|inactive|daan0112 has 120 seconds left.\n|\n|t:|1781452946\n|move|p2a: Necrozma|Dragon Dance|p2a: Necrozma\n|-boost|p2a: Necrozma|atk|1\n|-boost|p2a: Necrozma|spe|1\n|move|p1a: Arceus|Body Press|p2a: Necrozma\n|-resisted|p2a: Necrozma\n|-damage|p2a: Necrozma|150/286\n|\n|upkeep\n|turn|20\n|inactive|daan0112 has 120 seconds left.\n|\n|t:|1781452953\n|move|p2a: Necrozma|Photon Geyser|p1a: Arceus\n|-supereffective|p1a: Arceus\n|-damage|p1a: Arceus|25/284\n|move|p1a: Arceus|Body Press|p2a: Necrozma\n|-resisted|p2a: Necrozma\n|-damage|p2a: Necrozma|52/286\n|\n|upkeep\n|turn|21\n|inactive|daan0112 has 120 seconds left.\n|\n|t:|1781452968\n|move|p2a: Necrozma|Photon Geyser|p1a: Arceus\n|-supereffective|p1a: Arceus\n|-damage|p1a: Arceus|0 fnt\n|faint|p1a: Arceus\n|\n|upkeep\n|\n|t:|1781452989\n|switch|p1a: Deoxys|Deoxys-Defense, L84|221/221\n|-ability|p1a: Deoxys|Pressure\n|turn|22\n|\n|t:|1781452995\n|move|p2a: Necrozma|Knock Off|p1a: Deoxys\n|-supereffective|p1a: Deoxys\n|-damage|p1a: Deoxys|0 fnt\n|-enditem|p1a: Deoxys|Leftovers|[from] move: Knock Off|[of] p2a: Necrozma\n|faint|p1a: Deoxys\n|\n|upkeep\n|\n|t:|1781453002\n|switch|p1a: Bellossom|Bellossom, L84, F|263/263\n|turn|23\n|\n|t:|1781453007\n|move|p2a: Necrozma|Photon Geyser|p1a: Bellossom\n|-damage|p1a: Bellossom|0 fnt\n|faint|p1a: Bellossom\n|\n|upkeep\n|\n|t:|1781453013\n|switch|p1a: Lugia|Lugia, L73|275/275\n|turn|24\n|inactive|daan0112 has 120 seconds left.\n|\n|t:|1781453018\n|move|p2a: Necrozma|Knock Off|p1a: Lugia\n|-supereffective|p1a: Lugia\n|-damage|p1a: Lugia|88/275\n|-enditem|p1a: Lugia|Heavy-Duty Boots|[from] move: Knock Off|[of] p2a: Necrozma\n|move|p1a: Lugia|Aeroblast|p2a: Necrozma\n|-damage|p2a: Necrozma|0 fnt\n|faint|p2a: Necrozma\n|\n|upkeep\n|\n|t:|1781453021\n|switch|p2a: Ambipom|Ambipom, L84, M|230/263\n|turn|25\n|\n|t:|1781453029\n|move|p2a: Ambipom|Fake Out|p1a: Lugia\n|-damage|p1a: Lugia|27/275\n|cant|p1a: Lugia|flinch\n|\n|upkeep\n|turn|26\n|\n|t:|1781453036\n|move|p2a: Ambipom|Knock Off|p1a: Lugia\n|-supereffective|p1a: Lugia\n|-damage|p1a: Lugia|0 fnt\n|faint|p1a: Lugia\n|\n|win|UziBoii\n|raw|daan0112's rating: 1506 &rarr; <strong>1486</strong><br />(-20 for losing)\n|raw|UziBoii's rating: 1512 &rarr; <strong>1532</strong><br />(+20 for winning)\n", "inputlog": ">version a8376a258c1d4662feba110a92103f3664a72141\n>start {\"formatid\":\"gen9randombattle\",\"seed\":\"sodium,edd3b50b0c4479886784baababaa01cf\",\"rated\":\"Rated battle\"}\n>player p1 {\"name\":\"daan0112\",\"avatar\":\"2\",\"rating\":1506,\"seed\":\"sodium,ab74ca120553ef85d08922d459399c1d\"}\n>player p2 {\"name\":\"UziBoii\",\"avatar\":\"steven\",\"rating\":1512,\"seed\":\"sodium,0095002650e3838b9d4680b91d1e0507\"}\n>p1 move shellsmash\n>p2 move sleeppowder\n>p1 move stoneedge\n>p2 move quiverdance\n>p2 switch 3\n>p1 move liquidation terastallize\n>p2 move bulletseed\n>p1 move liquidation\n>p2 move bulletseed\n>p2 switch 2\n>p1 switch 6\n>p2 move fakeout\n>p1 move strengthsap\n>p2 move knockoff\n>p1 move leechseed\n>p2 move doubleedge\n>p1 move strengthsap\n>p2 move uturn\n>p2 switch 5\n>p1 move leechseed\n>p2 move bulkup\n>p1 move sludgebomb\n>p2 move gunkshot\n>p1 move gigadrain\n>p2 move bulkup\n>p1 move gigadrain\n>p2 move ragefist\n>p1 switch 2\n>p1 move psychicnoise\n>p2 move ragefist\n>p2 switch 5\n>p1 switch 6\n>p2 move fakeout\n>p1 switch 3\n>p1 move cosmicpower\n>p2 move uturn\n>p2 switch 6\n>p1 move cosmicpower\n>p2 move dragondance\n>p1 move cosmicpower\n>p2 move dragondance\n>p1 move storedpower\n>p2 move dragondance\n>p1 move bodypress\n>p2 move dragondance\n>p1 move bodypress\n>p2 move photongeyser\n>p1 move bodypress\n>p2 move photongeyser\n>p1 switch 6\n>p1 move knockoff\n>p2 move knockoff\n>p1 switch 4\n>p1 move gigadrain\n>p2 move photongeyser\n>p1 switch 5\n>p1 move aeroblast\n>p2 move knockoff\n>p2 switch 6\n>p1 move recover\n>p2 move fakeout\n>p1 move recover\n>p2 move knockoff", "uploadtime": 1781453039, "views": 7, "formatid": "gen9randombattle", "rating": 1486, "private": 0, "password": null}