{"id": "gen9randombattle-2631450173", "format": "[Gen 9] Random Battle", "players": ["cdidwi", "uityfyutyfig"], "log": "|j|\u2606cdidwi\n|j|\u2606uityfyutyfig\n|t:|1781386134\n|gametype|singles\n|player|p1|cdidwi|170|1055\n|player|p2|uityfyutyfig|byron|1040\n|gen|9\n|tier|[Gen 9] Random Battle\n|rated|\n|rule|Species Clause: Limit one of each Pok\u00e9mon\n|rule|HP Percentage Mod: HP is shown in percentages\n|rule|Sleep Clause Mod: Limit one foe put to sleep\n|rule|Illusion Level Mod: Illusion disguises the Pok\u00e9mon's true level\n|\n|t:|1781386134\n|teamsize|p1|6\n|teamsize|p2|6\n|start\n|switch|p1a: Solgaleo|Solgaleo, L74|325/325\n|switch|p2a: Palkia|Palkia, L75|259/259\n|-ability|p2a: Palkia|Pressure\n|turn|1\n|inactive|Battle timer is ON: inactive players will automatically lose when time's up. (requested by cdidwi)\n|\n|t:|1781386152\n|switch|p1a: Mesprit|Mesprit, L85|275/275\n|move|p2a: Palkia|Thunder Wave|p1a: Mesprit\n|-status|p1a: Mesprit|par\n|\n|upkeep\n|turn|2\n|inactive|uityfyutyfig has 120 seconds left.\n|\n|t:|1781386192\n|switch|p2a: Flareon|Flareon, L90, F|263/263\n|move|p1a: Mesprit|Thunder Wave|p2a: Flareon\n|-status|p2a: Flareon|par\n|\n|upkeep\n|turn|3\n|\n|t:|1781386202\n|move|p1a: Mesprit|U-turn|p2a: Flareon\n|-resisted|p2a: Flareon\n|-damage|p2a: Flareon|227/263 par\n|\n|t:|1781386206\n|switch|p1a: Dragonite|Dragonite, L74, M|257/257|[from] U-turn\n|cant|p2a: Flareon|par\n|\n|upkeep\n|turn|4\n|\n|t:|1781386213\n|move|p1a: Dragonite|Dragon Dance|p1a: Dragonite\n|-boost|p1a: Dragonite|atk|1\n|-boost|p1a: Dragonite|spe|1\n|move|p2a: Flareon|Will-O-Wisp|p1a: Dragonite\n|-status|p1a: Dragonite|brn\n|\n|-damage|p1a: Dragonite|241/257 brn|[from] brn\n|upkeep\n|turn|5\n|inactive|uityfyutyfig has 120 seconds left.\n|\n|t:|1781386236\n|switch|p2a: Sinistcha|Sinistcha-Masterpiece, L83|254/254\n|move|p1a: Dragonite|Dragon Dance|p1a: Dragonite\n|-boost|p1a: Dragonite|atk|1\n|-boost|p1a: Dragonite|spe|1\n|\n|-damage|p1a: Dragonite|225/257 brn|[from] brn\n|upkeep\n|turn|6\n|inactive|uityfyutyfig has 120 seconds left.\n|\n|t:|1781386246\n|move|p1a: Dragonite|Dragon Dance|p1a: Dragonite\n|-boost|p1a: Dragonite|atk|1\n|-boost|p1a: Dragonite|spe|1\n|move|p2a: Sinistcha|Shadow Ball|p1a: Dragonite\n|-damage|p1a: Dragonite|129/257 brn\n|\n|-damage|p1a: Dragonite|113/257 brn|[from] brn\n|upkeep\n|turn|7\n|\n|t:|1781386251\n|move|p1a: Dragonite|Outrage|p2a: Sinistcha\n|-damage|p2a: Sinistcha|125/254\n|move|p2a: Sinistcha|Shadow Ball|p1a: Dragonite\n|-damage|p1a: Dragonite|16/257 brn\n|\n|-heal|p2a: Sinistcha|140/254|[from] item: Leftovers\n|-damage|p1a: Dragonite|0 fnt|[from] brn\n|faint|p1a: Dragonite\n|upkeep\n|\n|t:|1781386268\n|switch|p1a: Dugtrio|Dugtrio, L84, M|196/196\n|turn|8\n|\n|t:|1781386276\n|move|p1a: Dugtrio|Sucker Punch||[still]\n|-fail|p1a: Dugtrio\n|move|p2a: Sinistcha|Strength Sap|p1a: Dugtrio\n|-unboost|p1a: Dugtrio|atk|1\n|-heal|p2a: Sinistcha|254/254\n|\n|upkeep\n|turn|9\n|\n|t:|1781386288\n|switch|p1a: Mesprit|Mesprit, L85|275/275 par\n|move|p2a: Sinistcha|Matcha Gotcha|p1a: Mesprit\n|-crit|p1a: Mesprit\n|-damage|p1a: Mesprit|157/275 par\n|\n|-heal|p1a: Mesprit|174/275 par|[from] item: Leftovers\n|upkeep\n|turn|10\n|\n|t:|1781386294\n|move|p2a: Sinistcha|Shadow Ball|p1a: Mesprit\n|-supereffective|p1a: Mesprit\n|-damage|p1a: Mesprit|4/275 par\n|-unboost|p1a: Mesprit|spd|1\n|cant|p1a: Mesprit|par\n|\n|-heal|p1a: Mesprit|21/275 par|[from] item: Leftovers\n|upkeep\n|turn|11\n|\n|t:|1781386303\n|move|p2a: Sinistcha|Matcha Gotcha|p1a: Mesprit\n|-damage|p1a: Mesprit|0 fnt\n|faint|p1a: Mesprit\n|\n|upkeep\n|\n|t:|1781386310\n|switch|p1a: Dugtrio|Dugtrio, L84, M|196/196\n|turn|12\n|\n|t:|1781386316\n|move|p1a: Dugtrio|Swords Dance|p1a: Dugtrio\n|-boost|p1a: Dugtrio|atk|2\n|move|p2a: Sinistcha|Matcha Gotcha|p1a: Dugtrio\n|-supereffective|p1a: Dugtrio\n|-damage|p1a: Dugtrio|0 fnt\n|faint|p1a: Dugtrio\n|\n|upkeep\n|\n|t:|1781386326\n|switch|p1a: Miraidon|Miraidon, L65|238/238\n|-fieldstart|move: Electric Terrain|[from] ability: Hadron Engine|[of] p1a: Miraidon\n|turn|13\n|\n|t:|1781386339\n|move|p1a: Miraidon|Overheat|p2a: Sinistcha\n|-supereffective|p2a: Sinistcha\n|-damage|p2a: Sinistcha|90/254\n|-unboost|p1a: Miraidon|spa|2\n|move|p2a: Sinistcha|Strength Sap|p1a: Miraidon\n|-unboost|p1a: Miraidon|atk|1\n|-heal|p2a: Sinistcha|205/254\n|\n|-heal|p2a: Sinistcha|220/254|[from] item: Leftovers\n|upkeep\n|turn|14\n|\n|t:|1781386354\n|switch|p1a: Annihilape|Annihilape, L76, M|292/292\n|move|p2a: Sinistcha|Calm Mind|p2a: Sinistcha\n|-boost|p2a: Sinistcha|spa|1\n|-boost|p2a: Sinistcha|spd|1\n|\n|-heal|p2a: Sinistcha|235/254|[from] item: Leftovers\n|upkeep\n|turn|15\n|\n|t:|1781386370\n|-terastallize|p1a: Annihilape|Ghost\n|move|p1a: Annihilape|Rage Fist|p2a: Sinistcha\n|-supereffective|p2a: Sinistcha\n|-damage|p2a: Sinistcha|103/254\n|move|p2a: Sinistcha|Shadow Ball|p1a: Annihilape\n|-supereffective|p1a: Annihilape\n|-crit|p1a: Annihilape\n|-damage|p1a: Annihilape|0 fnt\n|faint|p1a: Annihilape\n|\n|-heal|p2a: Sinistcha|118/254|[from] item: Leftovers\n|upkeep\n|\n|t:|1781386376\n|switch|p1a: Miraidon|Miraidon, L65|238/238\n|-activate|p1a: Miraidon|ability: Hadron Engine\n|turn|16\n|\n|t:|1781386394\n|move|p1a: Miraidon|Overheat|p2a: Sinistcha\n|-supereffective|p2a: Sinistcha\n|-damage|p2a: Sinistcha|0 fnt\n|-unboost|p1a: Miraidon|spa|2\n|faint|p2a: Sinistcha\n|\n|upkeep\n|inactive|uityfyutyfig has 120 seconds left.\n|\n|t:|1781386415\n|switch|p2a: Maushold|Maushold, L76|238/238\n|turn|17\n|\n|t:|1781386420\n|switch|p1a: Solgaleo|Solgaleo, L74|325/325\n|move|p2a: Maushold|Tidy Up|p2a: Maushold\n|-boost|p2a: Maushold|atk|1\n|-boost|p2a: Maushold|spe|1\n|\n|-fieldend|move: Electric Terrain\n|upkeep\n|turn|18\n|\n|t:|1781386435\n|move|p2a: Maushold|Bite|p1a: Solgaleo\n|-supereffective|p1a: Solgaleo\n|-damage|p1a: Solgaleo|197/325\n|move|p1a: Solgaleo|Close Combat|p2a: Maushold\n|-supereffective|p2a: Maushold\n|-damage|p2a: Maushold|18/238\n|-unboost|p1a: Solgaleo|def|1\n|-unboost|p1a: Solgaleo|spd|1\n|\n|-heal|p1a: Solgaleo|217/325|[from] item: Leftovers\n|upkeep\n|turn|19\n|\n|t:|1781386442\n|move|p2a: Maushold|Population Bomb|p1a: Solgaleo\n|-resisted|p1a: Solgaleo\n|-damage|p1a: Solgaleo|193/325\n|-resisted|p1a: Solgaleo\n|-damage|p1a: Solgaleo|169/325\n|-resisted|p1a: Solgaleo\n|-damage|p1a: Solgaleo|146/325\n|-resisted|p1a: Solgaleo\n|-damage|p1a: Solgaleo|124/325\n|-resisted|p1a: Solgaleo\n|-damage|p1a: Solgaleo|102/325\n|-resisted|p1a: Solgaleo\n|-damage|p1a: Solgaleo|78/325\n|-resisted|p1a: Solgaleo\n|-damage|p1a: Solgaleo|57/325\n|-resisted|p1a: Solgaleo\n|-damage|p1a: Solgaleo|35/325\n|-resisted|p1a: Solgaleo\n|-damage|p1a: Solgaleo|12/325\n|-resisted|p1a: Solgaleo\n|-damage|p1a: Solgaleo|0 fnt\n|faint|p1a: Solgaleo\n|-hitcount|p1: Solgaleo|10\n|\n|upkeep\n|\n|t:|1781386447\n|switch|p1a: Miraidon|Miraidon, L65|238/238\n|-fieldstart|move: Electric Terrain|[from] ability: Hadron Engine|[of] p1a: Miraidon\n|turn|20\n|\n|t:|1781386465\n|move|p2a: Maushold|Population Bomb|p1a: Miraidon\n|-damage|p1a: Miraidon|196/238\n|-damage|p1a: Miraidon|160/238\n|-damage|p1a: Miraidon|124/238\n|-damage|p1a: Miraidon|88/238\n|-damage|p1a: Miraidon|48/238\n|-damage|p1a: Miraidon|8/238\n|-damage|p1a: Miraidon|0 fnt\n|faint|p1a: Miraidon\n|-hitcount|p1: Miraidon|7\n|\n|win|uityfyutyfig\n|raw|cdidwi's rating: 1055 &rarr; <strong>1036</strong><br />(-19 for losing)\n|raw|uityfyutyfig's rating: 1040 &rarr; <strong>1075</strong><br />(+35 for winning)\n|l|\u2606cdidwi\n|player|p1|\n", "inputlog": ">version a8376a258c1d4662feba110a92103f3664a72141\n>start {\"formatid\":\"gen9randombattle\",\"seed\":\"sodium,67f9df4b4db052198383dafd79006423\",\"rated\":\"Rated battle\"}\n>player p1 {\"name\":\"cdidwi\",\"avatar\":\"170\",\"rating\":1055,\"seed\":\"sodium,4b6c39f860dc4d2ac844f6fc58d5d132\"}\n>player p2 {\"name\":\"uityfyutyfig\",\"avatar\":\"byron\",\"rating\":1040,\"seed\":\"sodium,b7ce9744a96db539b74853e5df56b106\"}\n>p1 switch 4\n>p2 move thunderwave\n>p1 move thunderwave\n>p2 switch 5\n>p1 move uturn\n>p2 move facade\n>p1 switch 5\n>p1 move dragondance\n>p2 move willowisp\n>p1 move dragondance\n>p2 switch 3\n>p1 move dragondance\n>p2 move shadowball\n>p1 move outrage\n>p2 move shadowball\n>p1 switch 2\n>p1 move suckerpunch\n>p2 move strengthsap\n>p1 switch 5\n>p2 move matchagotcha\n>p1 move thunderwave\n>p2 move shadowball\n>p1 move encore\n>p2 move matchagotcha\n>p1 switch 5\n>p1 move swordsdance\n>p2 move matchagotcha\n>p1 switch 3\n>p1 move overheat\n>p2 move strengthsap\n>p1 switch 6\n>p2 move calmmind\n>p1 move ragefist terastallize\n>p2 move shadowball\n>p1 switch 6\n>p1 move overheat\n>p2 move strengthsap\n>p2 switch 2\n>p1 switch 4\n>p2 move tidyup\n>p1 move closecombat\n>p2 move bite\n>p1 move morningsun\n>p2 move populationbomb\n>p1 switch 4\n>p1 move electrodrift\n>p2 move populationbomb", "uploadtime": 1781386486, "views": 16, "formatid": "gen9randombattle", "rating": 1036, "private": 0, "password": null}