{"id": "gen9randombattle-2631462852", "format": "[Gen 9] Random Battle", "players": ["sphealinalright", "nickolassbomfim"], "log": "|j|\u2606sphealinalright\n|j|\u2606nickolassbomfim\n|t:|1781387734\n|gametype|singles\n|player|p1|sphealinalright|backers|1908\n|player|p2|nickolassbomfim|red-masters|1915\n|gen|9\n|tier|[Gen 9] Random Battle\n|rated|\n|rule|Species Clause: Limit one of each Pok\u00e9mon\n|rule|HP Percentage Mod: HP is shown in percentages\n|rule|Sleep Clause Mod: Limit one foe put to sleep\n|rule|Illusion Level Mod: Illusion disguises the Pok\u00e9mon's true level\n|\n|t:|1781387734\n|teamsize|p1|6\n|teamsize|p2|6\n|start\n|switch|p1a: Latios|Latios, L78, M|253/253\n|switch|p2a: Tauros|Tauros-Paldea-Aqua, L81, M|252/252\n|turn|1\n|inactive|Battle timer is ON: inactive players will automatically lose when time's up. (requested by nickolassbomfim)\n|\n|t:|1781387743\n|switch|p2a: Vigoroth|Vigoroth, L85, F|275/275\n|move|p1a: Latios|Luster Purge|p2a: Vigoroth\n|-damage|p2a: Vigoroth|128/275\n|\n|upkeep\n|turn|2\n|\n|t:|1781387749\n|move|p1a: Latios|Luster Purge|p2a: Vigoroth\n|-damage|p2a: Vigoroth|0 fnt\n|faint|p2a: Vigoroth\n|\n|upkeep\n|\n|t:|1781387756\n|switch|p2a: Palossand|Palossand, L89, M|296/296\n|turn|3\n|\n|t:|1781387762\n|move|p1a: Latios|Luster Purge|p2a: Palossand\n|-damage|p2a: Palossand|121/296\n|move|p2a: Palossand|Shadow Ball|p1a: Latios\n|-supereffective|p1a: Latios\n|-damage|p1a: Latios|73/253\n|\n|-heal|p2a: Palossand|139/296|[from] item: Leftovers\n|upkeep\n|turn|4\n|\n|t:|1781387769\n|move|p1a: Latios|Luster Purge|p2a: Palossand\n|-damage|p2a: Palossand|0 fnt\n|faint|p2a: Palossand\n|\n|upkeep\n|\n|t:|1781387771\n|switch|p2a: Ariados|Ariados, L95, M|287/287\n|turn|5\n|\n|t:|1781387781\n|switch|p1a: Vigoroth|Vigoroth, L85, M|275/275\n|-terastallize|p2a: Ariados|Ghost\n|move|p2a: Ariados|Sticky Web|p1a: Vigoroth\n|-sidestart|p1: sphealinalright|move: Sticky Web\n|\n|upkeep\n|turn|6\n|\n|t:|1781387787\n|move|p1a: Vigoroth|Bulk Up|p1a: Vigoroth\n|-boost|p1a: Vigoroth|atk|1\n|-boost|p1a: Vigoroth|def|1\n|move|p2a: Ariados|Knock Off|p1a: Vigoroth\n|-damage|p1a: Vigoroth|231/275\n|-enditem|p1a: Vigoroth|Eviolite|[from] move: Knock Off|[of] p2a: Ariados\n|\n|upkeep\n|turn|7\n|\n|t:|1781387791\n|switch|p2a: Tauros|Tauros-Paldea-Aqua, L81, M|252/252\n|move|p1a: Vigoroth|Knock Off|p2a: Tauros\n|-resisted|p2a: Tauros\n|-damage|p2a: Tauros|207/252\n|-enditem|p2a: Tauros|Sitrus Berry|[from] move: Knock Off|[of] p1a: Vigoroth\n|\n|upkeep\n|turn|8\n|\n|t:|1781387797\n|move|p2a: Tauros|Bulk Up|p2a: Tauros\n|-boost|p2a: Tauros|atk|1\n|-boost|p2a: Tauros|def|1\n|move|p1a: Vigoroth|Body Slam|p2a: Tauros\n|-damage|p2a: Tauros|126/252\n|\n|upkeep\n|turn|9\n|\n|t:|1781387801\n|-terastallize|p1a: Vigoroth|Ghost\n|move|p2a: Tauros|Close Combat|p1a: Vigoroth\n|-immune|p1a: Vigoroth\n|move|p1a: Vigoroth|Body Slam|p2a: Tauros\n|-damage|p2a: Tauros|59/252\n|\n|upkeep\n|turn|10\n|\n|t:|1781387804\n|move|p2a: Tauros|Liquidation|p1a: Vigoroth\n|-damage|p1a: Vigoroth|128/275\n|move|p1a: Vigoroth|Body Slam|p2a: Tauros\n|-damage|p2a: Tauros|0 fnt\n|faint|p2a: Tauros\n|\n|upkeep\n|\n|t:|1781387808\n|switch|p2a: Haxorus|Haxorus, L77, F|244/244\n|-ability|p2a: Haxorus|Mold Breaker\n|turn|11\n|\n|t:|1781387813\n|move|p1a: Vigoroth|Slack Off|p1a: Vigoroth\n|-heal|p1a: Vigoroth|266/275\n|move|p2a: Haxorus|Dragon Dance|p2a: Haxorus\n|-boost|p2a: Haxorus|atk|1\n|-boost|p2a: Haxorus|spe|1\n|\n|upkeep\n|turn|12\n|\n|t:|1781387816\n|move|p2a: Haxorus|Dragon Dance|p2a: Haxorus\n|-boost|p2a: Haxorus|atk|1\n|-boost|p2a: Haxorus|spe|1\n|move|p1a: Vigoroth|Bulk Up|p1a: Vigoroth\n|-boost|p1a: Vigoroth|atk|1\n|-boost|p1a: Vigoroth|def|1\n|\n|upkeep\n|turn|13\n|\n|t:|1781387819\n|move|p2a: Haxorus|Outrage|p1a: Vigoroth\n|-damage|p1a: Vigoroth|118/275\n|move|p1a: Vigoroth|Body Slam|p2a: Haxorus\n|-damage|p2a: Haxorus|69/244\n|\n|upkeep\n|turn|14\n|\n|t:|1781387822\n|move|p2a: Haxorus|Outrage|p1a: Vigoroth|[from] lockedmove\n|-damage|p1a: Vigoroth|0 fnt\n|faint|p1a: Vigoroth\n|-start|p2a: Haxorus|confusion|[fatigue]\n|-enditem|p2a: Haxorus|Lum Berry|[eat]\n|-end|p2a: Haxorus|confusion\n|\n|upkeep\n|\n|t:|1781387836\n|switch|p1a: Minior|Minior-Violet, L79|224/224\n|-formechange|p1a: Minior|Minior-Meteor||[from] ability: Shields Down\n|turn|15\n|\n|t:|1781387845\n|move|p2a: Haxorus|Iron Head|p1a: Minior\n|-supereffective|p1a: Minior\n|-damage|p1a: Minior|0 fnt\n|faint|p1a: Minior\n|\n|upkeep\n|\n|t:|1781387850\n|switch|p1a: Scizor|Scizor, L79, M|240/240\n|-activate|p1a: Scizor|move: Sticky Web\n|-unboost|p1a: Scizor|spe|1\n|turn|16\n|\n|t:|1781387856\n|move|p1a: Scizor|Bullet Punch|p2a: Haxorus\n|-damage|p2a: Haxorus|0 fnt\n|faint|p2a: Haxorus\n|\n|upkeep\n|\n|t:|1781387858\n|switch|p2a: Palafin|Palafin, L77, M|281/281\n|turn|17\n|\n|t:|1781387861\n|move|p2a: Palafin|Bulk Up|p2a: Palafin\n|-boost|p2a: Palafin|atk|1\n|-boost|p2a: Palafin|def|1\n|move|p1a: Scizor|Defog|p2a: Palafin\n|-unboost|p2a: Palafin|evasion|1\n|-sideend|p1: sphealinalright|Sticky Web|[from] move: Defog|[of] p1a: Scizor\n|\n|upkeep\n|turn|18\n|\n|t:|1781387866\n|move|p2a: Palafin|Ice Punch|p1a: Scizor\n|-resisted|p1a: Scizor\n|-damage|p1a: Scizor|213/240\n|move|p1a: Scizor|Knock Off|p2a: Palafin\n|-damage|p2a: Palafin|221/281\n|-enditem|p2a: Palafin|Leftovers|[from] move: Knock Off|[of] p1a: Scizor\n|\n|-heal|p1a: Scizor|228/240|[from] item: Leftovers\n|upkeep\n|turn|19\n|\n|t:|1781387870\n|detailschange|p2a: Palafin|Palafin-Hero, L77, M\n|switch|p2a: Ariados|Ariados, L95, M, tera:Ghost|287/287\n|move|p1a: Scizor|U-turn|p2a: Ariados\n|-resisted|p2a: Ariados\n|-crit|p2a: Ariados\n|-damage|p2a: Ariados|224/287\n|\n|t:|1781387877\n|switch|p1a: Latios|Latios, L78, M|73/253|[from] U-turn\n|\n|upkeep\n|turn|20\n|\n|t:|1781387881\n|move|p1a: Latios|Luster Purge|p2a: Ariados\n|-damage|p2a: Ariados|61/287\n|-unboost|p2a: Ariados|spd|1\n|move|p2a: Ariados|Knock Off|p1a: Latios\n|-supereffective|p1a: Latios\n|-damage|p1a: Latios|0 fnt\n|-enditem|p1a: Latios|Choice Specs|[from] move: Knock Off|[of] p2a: Ariados\n|faint|p1a: Latios\n|\n|upkeep\n|\n|t:|1781387888\n|switch|p1a: Phione|Phione, L91|293/293\n|turn|21\n|\n|t:|1781387891\n|move|p1a: Phione|Scald|p2a: Ariados\n|-crit|p2a: Ariados\n|-damage|p2a: Ariados|0 fnt\n|faint|p2a: Ariados\n|\n|upkeep\n|\n|t:|1781387892\n|switch|p2a: Palafin|Palafin-Hero, L77, M|221/281\n|-activate|p2a: Palafin|ability: Zero to Hero\n|turn|22\n|\n|t:|1781387897\n|move|p2a: Palafin|Bulk Up|p2a: Palafin\n|-boost|p2a: Palafin|atk|1\n|-boost|p2a: Palafin|def|1\n|move|p1a: Phione|Grass Knot|p2a: Palafin\n|-supereffective|p2a: Palafin\n|-damage|p2a: Palafin|103/281\n|\n|upkeep\n|turn|23\n|\n|t:|1781387900\n|move|p2a: Palafin|Drain Punch|p1a: Phione\n|-damage|p1a: Phione|200/293\n|-heal|p2a: Palafin|150/281|[from] drain|[of] p1a: Phione\n|move|p1a: Phione|Grass Knot|p2a: Palafin\n|-supereffective|p2a: Palafin\n|-damage|p2a: Palafin|28/281\n|\n|-heal|p1a: Phione|218/293|[from] item: Leftovers\n|upkeep\n|turn|24\n|\n|t:|1781387902\n|move|p2a: Palafin|Drain Punch|p1a: Phione\n|-damage|p1a: Phione|114/293\n|-heal|p2a: Palafin|80/281|[from] drain|[of] p1a: Phione\n|move|p1a: Phione|Grass Knot|p2a: Palafin\n|-supereffective|p2a: Palafin\n|-damage|p2a: Palafin|0 fnt\n|faint|p2a: Palafin\n|\n|win|sphealinalright\n", "inputlog": ">version a8376a258c1d4662feba110a92103f3664a72141\n>start {\"formatid\":\"gen9randombattle\",\"seed\":\"sodium,3e792bcf0641d9a077ff9d08f5dc1954\",\"rated\":\"Rated battle\"}\n>player p1 {\"name\":\"sphealinalright\",\"avatar\":\"backers\",\"rating\":1908,\"seed\":\"sodium,41317f04c39b791681ebfc38fc0363b0\"}\n>player p2 {\"name\":\"nickolassbomfim\",\"avatar\":\"red-masters\",\"rating\":1915,\"seed\":\"sodium,a4b00a7ce6be796aff062c030fcbd95b\"}\n>p1 move lusterpurge\n>p2 switch 4\n>p1 move lusterpurge\n>p2 move bodyslam\n>p2 switch 6\n>p1 move lusterpurge\n>p2 move shadowball\n>p1 move lusterpurge\n>p2 move shadowball\n>p2 switch 2\n>p1 switch 3\n>p2 move stickyweb terastallize\n>p1 move bulkup\n>p2 move knockoff\n>p1 move knockoff\n>p2 switch 4\n>p1 move bodyslam\n>p2 move bulkup\n>p1 move bodyslam terastallize\n>p2 move closecombat\n>p1 move bodyslam\n>p2 move liquidation\n>p2 switch 3\n>p1 move slackoff\n>p2 move dragondance\n>p1 move bulkup\n>p2 move dragondance\n>p1 move bodyslam\n>p2 move outrage\n>p1 move bodyslam\n>p2 move outrage\n>p1 switch 6\n>p1 move powergem\n>p2 move ironhead\n>p1 switch 4\n>p1 move bulletpunch\n>p2 move earthquake\n>p2 switch 5\n>p1 move defog\n>p2 move bulkup\n>p1 move knockoff\n>p2 move icepunch\n>p1 move uturn\n>p2 switch 4\n>p1 switch 3\n>p1 move lusterpurge\n>p2 move knockoff\n>p1 switch 5\n>p1 move scald\n>p2 move megahorn\n>p2 switch 4\n>p1 move grassknot\n>p2 move bulkup\n>p1 move grassknot\n>p2 move drainpunch\n>p1 move grassknot\n>p2 move drainpunch", "uploadtime": 1781387737, "views": 8, "formatid": "gen9randombattle", "rating": null, "private": 0, "password": null}