{"id": "gen9randombattle-2631731622", "format": "[Gen 9] Random Battle", "players": ["Ajman", "drjfg"], "log": "|j|\u2606Ajman\n|j|\u2606drjfg\n|t:|1781430280\n|gametype|singles\n|player|p1|Ajman|169|1941\n|player|p2|drjfg|101|1935\n|gen|9\n|tier|[Gen 9] Random Battle\n|rated|\n|rule|Species Clause: Limit one of each Pok\u00e9mon\n|rule|HP Percentage Mod: HP is shown in percentages\n|rule|Sleep Clause Mod: Limit one foe put to sleep\n|rule|Illusion Level Mod: Illusion disguises the Pok\u00e9mon's true level\n|\n|t:|1781430280\n|teamsize|p1|6\n|teamsize|p2|6\n|start\n|switch|p1a: Dialga|Dialga, L73|266/266\n|switch|p2a: Oricorio|Oricorio-Sensu, L85, F|266/266\n|-ability|p1a: Dialga|Pressure\n|turn|1\n|inactive|Battle timer is ON: inactive players will automatically lose when time's up. (requested by drjfg)\n|\n|t:|1781430292\n|move|p2a: Oricorio|Quiver Dance|p2a: Oricorio\n|-boost|p2a: Oricorio|spa|1\n|-boost|p2a: Oricorio|spd|1\n|-boost|p2a: Oricorio|spe|1\n|move|p1a: Dialga|Dragon Tail|p2a: Oricorio\n|-damage|p2a: Oricorio|203/266\n|drag|p2a: Rabsca|Rabsca, L91, M|284/284\n|\n|upkeep\n|turn|2\n|\n|t:|1781430311\n|switch|p2a: Landorus|Landorus, L75, M|257/257\n|move|p1a: Dialga|Fire Blast|p2a: Landorus\n|-damage|p2a: Landorus|147/257\n|\n|upkeep\n|turn|3\n|\n|t:|1781430322\n|switch|p1a: Skarmory|Skarmory, L80, M|235/235\n|move|p2a: Landorus|Earth Power|p1a: Skarmory\n|-immune|p1a: Skarmory\n|\n|upkeep\n|turn|4\n|\n|t:|1781430327\n|move|p2a: Landorus|Focus Blast|p1a: Skarmory\n|-damage|p1a: Skarmory|73/235\n|move|p1a: Skarmory|Stealth Rock|p2a: Landorus\n|-sidestart|p2: drjfg|move: Stealth Rock\n|\n|-heal|p1a: Skarmory|87/235|[from] item: Leftovers\n|upkeep\n|turn|5\n|\n|t:|1781430336\n|switch|p1a: Espeon|Espeon, L84, M|246/246\n|move|p2a: Landorus|Rock Slide|p1a: Espeon|[miss]\n|-miss|p2a: Landorus|p1a: Espeon\n|\n|upkeep\n|turn|6\n|\n|t:|1781430353\n|switch|p2a: Rabsca|Rabsca, L91, M|284/284\n|move|p1a: Espeon|Psyshock|p2a: Rabsca\n|-resisted|p2a: Rabsca\n|-damage|p2a: Rabsca|213/284\n|-damage|p1a: Espeon|222/246|[from] item: Life Orb\n|\n|upkeep\n|turn|7\n|\n|t:|1781430363\n|switch|p1a: Skarmory|Skarmory, L80, M|87/235\n|move|p2a: Rabsca|Bug Buzz|p1a: Skarmory\n|-resisted|p1a: Skarmory\n|-damage|p1a: Skarmory|47/235\n|\n|-heal|p1a: Skarmory|61/235|[from] item: Leftovers\n|upkeep\n|turn|8\n|\n|t:|1781430368\n|move|p2a: Rabsca|Psychic|p1a: Skarmory\n|-resisted|p1a: Skarmory\n|-damage|p1a: Skarmory|0 fnt\n|faint|p1a: Skarmory\n|\n|upkeep\n|\n|t:|1781430372\n|switch|p1a: Meowscarada|Meowscarada, L78, M|247/247\n|turn|9\n|\n|t:|1781430378\n|move|p1a: Meowscarada|Knock Off|p2a: Rabsca\n|-start|p1a: Meowscarada|typechange|Dark|[from] ability: Protean\n|-supereffective|p2a: Rabsca\n|-damage|p2a: Rabsca|0 fnt\n|-enditem|p2a: Rabsca|Heavy-Duty Boots|[from] move: Knock Off|[of] p1a: Meowscarada\n|faint|p2a: Rabsca\n|-damage|p1a: Meowscarada|223/247|[from] item: Life Orb\n|\n|upkeep\n|\n|t:|1781430381\n|switch|p2a: Tatsugiri|Tatsugiri, L87, M|260/260\n|turn|10\n|\n|t:|1781430386\n|move|p1a: Meowscarada|Knock Off|p2a: Tatsugiri\n|-damage|p2a: Tatsugiri|88/260\n|-enditem|p2a: Tatsugiri|Heavy-Duty Boots|[from] move: Knock Off|[of] p1a: Meowscarada\n|-damage|p1a: Meowscarada|199/247|[from] item: Life Orb\n|move|p2a: Tatsugiri|Rapid Spin|p1a: Meowscarada\n|-damage|p1a: Meowscarada|168/247\n|-boost|p2a: Tatsugiri|spe|1\n|-sideend|p2: drjfg|Stealth Rock|[from] move: Rapid Spin|[of] p2a: Tatsugiri\n|\n|upkeep\n|turn|11\n|\n|t:|1781430391\n|move|p2a: Tatsugiri|Draco Meteor|p1a: Meowscarada\n|-damage|p1a: Meowscarada|0 fnt\n|-unboost|p2a: Tatsugiri|spa|2\n|faint|p1a: Meowscarada\n|\n|upkeep\n|\n|t:|1781430398\n|switch|p1a: Espeon|Espeon, L84, M|222/246\n|turn|12\n|\n|t:|1781430412\n|move|p2a: Tatsugiri|Nasty Plot|p2a: Tatsugiri\n|-boost|p2a: Tatsugiri|spa|2\n|move|p1a: Espeon|Calm Mind|p1a: Espeon\n|-boost|p1a: Espeon|spa|1\n|-boost|p1a: Espeon|spd|1\n|\n|upkeep\n|turn|13\n|\n|t:|1781430416\n|move|p2a: Tatsugiri|Hydro Pump|p1a: Espeon\n|-damage|p1a: Espeon|137/246\n|move|p1a: Espeon|Psyshock|p2a: Tatsugiri\n|-damage|p2a: Tatsugiri|0 fnt\n|faint|p2a: Tatsugiri\n|-damage|p1a: Espeon|113/246|[from] item: Life Orb\n|\n|upkeep\n|\n|t:|1781430426\n|switch|p2a: Toxtricity|Toxtricity, L82, M|257/257\n|turn|14\n|\n|t:|1781430431\n|-terastallize|p2a: Toxtricity|Normal\n|move|p1a: Espeon|Psyshock|p2a: Toxtricity\n|-damage|p2a: Toxtricity|22/257\n|-damage|p1a: Espeon|89/246|[from] item: Life Orb\n|move|p2a: Toxtricity|Shift Gear|p2a: Toxtricity\n|-boost|p2a: Toxtricity|spe|2\n|-boost|p2a: Toxtricity|atk|1\n|\n|upkeep\n|turn|15\n|\n|t:|1781430439\n|switch|p1a: Dialga|Dialga, L73|266/266\n|-ability|p1a: Dialga|Pressure\n|move|p2a: Toxtricity|Boomburst|p1a: Dialga\n|-resisted|p1a: Dialga\n|-damage|p1a: Dialga|191/266\n|-enditem|p2a: Toxtricity|Throat Spray\n|-boost|p2a: Toxtricity|spa|1|[from] item: Throat Spray\n|\n|upkeep\n|turn|16\n|\n|t:|1781430443\n|move|p2a: Toxtricity|Boomburst|p1a: Dialga\n|-resisted|p1a: Dialga\n|-damage|p1a: Dialga|83/266\n|move|p1a: Dialga|Heavy Slam|p2a: Toxtricity\n|-damage|p2a: Toxtricity|0 fnt\n|faint|p2a: Toxtricity\n|\n|upkeep\n|\n|t:|1781430448\n|switch|p2a: Landorus|Landorus, L75, M|147/257\n|turn|17\n|\n|t:|1781430452\n|move|p2a: Landorus|Earth Power|p1a: Dialga\n|-supereffective|p1a: Dialga\n|-damage|p1a: Dialga|0 fnt\n|faint|p1a: Dialga\n|\n|upkeep\n|\n|t:|1781430462\n|switch|p1a: Basculin|Basculin-Blue-Striped, L86, F|261/261\n|turn|18\n|\n|t:|1781430491\n|move|p1a: Basculin|Wave Crash|p2a: Landorus\n|-supereffective|p2a: Landorus\n|-damage|p2a: Landorus|0 fnt\n|faint|p2a: Landorus\n|-damage|p1a: Basculin|212/261|[from] Recoil\n|\n|upkeep\n|inactive|drjfg has 120 seconds left.\n|\n|t:|1781430514\n|switch|p2a: Ursaring|Ursaring, L84, F|288/288\n|turn|19\n|\n|t:|1781430518\n|switch|p1a: Quaquaval|Quaquaval, L79, F|264/264\n|move|p2a: Ursaring|Facade|p1a: Quaquaval\n|-damage|p1a: Quaquaval|152/264\n|\n|-heal|p1a: Quaquaval|168/264|[from] item: Leftovers\n|-status|p2a: Ursaring|tox|[from] item: Toxic Orb\n|upkeep\n|turn|20\n|\n|t:|1781430527\n|-terastallize|p1a: Quaquaval|Steel\n|move|p2a: Ursaring|Facade|p1a: Quaquaval\n|-resisted|p1a: Quaquaval\n|-damage|p1a: Quaquaval|69/264\n|move|p1a: Quaquaval|Aqua Step|p2a: Ursaring\n|-damage|p2a: Ursaring|194/288 tox\n|-boost|p1a: Quaquaval|spe|1\n|\n|-heal|p1a: Quaquaval|85/264|[from] item: Leftovers\n|-damage|p2a: Ursaring|176/288 tox|[from] psn\n|upkeep\n|turn|21\n|\n|t:|1781430531\n|move|p1a: Quaquaval|Close Combat|p2a: Ursaring\n|-supereffective|p2a: Ursaring\n|-damage|p2a: Ursaring|0 fnt\n|-unboost|p1a: Quaquaval|def|1\n|-unboost|p1a: Quaquaval|spd|1\n|faint|p2a: Ursaring\n|-ability|p1a: Quaquaval|Moxie|boost\n|-boost|p1a: Quaquaval|atk|1\n|\n|-heal|p1a: Quaquaval|101/264|[from] item: Leftovers\n|upkeep\n|-message|drjfg forfeited.\n|\n|win|Ajman\n", "inputlog": ">version a8376a258c1d4662feba110a92103f3664a72141\n>start {\"formatid\":\"gen9randombattle\",\"seed\":\"sodium,f3ae8cd91abe806adba6840dd8a35ac2\",\"rated\":\"Rated battle\"}\n>player p1 {\"name\":\"Ajman\",\"avatar\":\"169\",\"rating\":1941,\"seed\":\"sodium,036d35391bda02234981858fbdf41326\"}\n>player p2 {\"name\":\"drjfg\",\"avatar\":\"101\",\"rating\":1935,\"seed\":\"sodium,8534aa916328ce34b5e944badb66960b\"}\n>p1 move dragontail\n>p2 move quiverdance\n>p1 move fireblast\n>p2 switch 4\n>p1 switch 4\n>p2 move earthpower\n>p1 move stealthrock\n>p2 move focusblast\n>p1 switch 6\n>p2 move rockslide\n>p1 move psyshock\n>p2 switch 4\n>p1 switch 6\n>p2 move bugbuzz\n>p1 move whirlwind\n>p2 move psychic\n>p1 switch 2\n>p1 move knockoff\n>p2 move bugbuzz\n>p2 switch 6\n>p1 move knockoff\n>p2 move rapidspin\n>p1 move knockoff\n>p2 move dracometeor\n>p1 switch 6\n>p1 move calmmind\n>p2 move nastyplot\n>p1 move psyshock\n>p2 move hydropump\n>p2 switch 5\n>p1 move psyshock\n>p2 move shiftgear terastallize\n>p1 switch 4\n>p2 move boomburst\n>p1 move heavyslam\n>p2 move boomburst\n>p2 switch 4\n>p1 move dracometeor\n>p2 move earthpower\n>p1 switch 5\n>p1 move wavecrash\n>p2 move earthpower\n>p2 switch 2\n>p1 switch 3\n>p2 move facade\n>p1 move aquastep terastallize\n>p2 move facade\n>p1 move closecombat\n>p2 move closecombat\n>forcelose p2", "uploadtime": 1781430282, "views": 8, "formatid": "gen9randombattle", "rating": null, "private": 0, "password": null}