{"id": "gen9randombattle-2631761157", "format": "[Gen 9] Random Battle", "players": ["crustlemuscle", "Goofy Ahhh Trainer"], "log": "|j|\u2606crustlemuscle\n|j|\u2606Goofy Ahhh Trainer\n|t:|1781435435\n|gametype|singles\n|player|p1|crustlemuscle|101|1935\n|player|p2|Goofy Ahhh Trainer|skier|1941\n|gen|9\n|tier|[Gen 9] Random Battle\n|rated|\n|rule|Species Clause: Limit one of each Pok\u00e9mon\n|rule|HP Percentage Mod: HP is shown in percentages\n|rule|Sleep Clause Mod: Limit one foe put to sleep\n|rule|Illusion Level Mod: Illusion disguises the Pok\u00e9mon's true level\n|\n|t:|1781435435\n|teamsize|p1|6\n|teamsize|p2|6\n|start\n|switch|p1a: Ariados|Ariados, L95, M|287/287\n|switch|p2a: Houndoom|Houndoom, L87, M|272/272\n|turn|1\n|\n|t:|1781435492\n|move|p2a: Houndoom|Fire Blast|p1a: Ariados\n|-supereffective|p1a: Ariados\n|-damage|p1a: Ariados|17/287\n|move|p1a: Ariados|Megahorn|p2a: Houndoom\n|-damage|p2a: Houndoom|0 fnt\n|faint|p2a: Houndoom\n|\n|upkeep\n|\n|t:|1781435522\n|switch|p2a: Volcarona|Volcarona, L77, F|257/257\n|turn|2\n|\n|t:|1781435540\n|move|p2a: Volcarona|Fiery Dance|p1a: Ariados\n|-supereffective|p1a: Ariados\n|-damage|p1a: Ariados|0 fnt\n|-boost|p2a: Volcarona|spa|1\n|faint|p1a: Ariados\n|\n|upkeep\n|\n|t:|1781435551\n|switch|p1a: Indeedee|Indeedee, L84, M|238/238\n|-fieldstart|move: Psychic Terrain|[from] ability: Psychic Surge|[of] p1a: Indeedee\n|turn|3\n|\n|t:|1781435558\n|move|p1a: Indeedee|Expanding Force|p2a: Volcarona\n|-damage|p2a: Volcarona|101/257\n|move|p2a: Volcarona|Bug Buzz|p1a: Indeedee\n|-supereffective|p1a: Indeedee\n|-damage|p1a: Indeedee|0 fnt\n|faint|p1a: Indeedee\n|\n|upkeep\n|\n|t:|1781435564\n|switch|p1a: Wugtrio|Wugtrio, L91, M|212/212\n|turn|4\n|\n|t:|1781435575\n|move|p1a: Wugtrio|Throat Chop|p2a: Volcarona\n|-damage|p2a: Volcarona|0 fnt\n|-status|p1a: Wugtrio|brn|[from] ability: Flame Body|[of] p2a: Volcarona\n|faint|p2a: Volcarona\n|\n|-damage|p1a: Wugtrio|199/212 brn|[from] brn\n|upkeep\n|\n|t:|1781435595\n|switch|p2a: Gurdurr|Gurdurr, L85, M|283/283\n|turn|5\n|\n|t:|1781435606\n|switch|p1a: Toedscruel|Toedscruel, L87, M|281/281\n|move|p2a: Gurdurr|Knock Off|p1a: Toedscruel\n|-damage|p1a: Toedscruel|184/281\n|-enditem|p1a: Toedscruel|Leftovers|[from] move: Knock Off|[of] p2a: Gurdurr\n|\n|upkeep\n|turn|6\n|\n|t:|1781435614\n|move|p1a: Toedscruel|Earth Power|p2a: Gurdurr\n|-damage|p2a: Gurdurr|204/283\n|-unboost|p2a: Gurdurr|spd|1\n|move|p2a: Gurdurr|Drain Punch|p1a: Toedscruel\n|-damage|p1a: Toedscruel|73/281\n|-heal|p2a: Gurdurr|260/283|[from] drain|[of] p1a: Toedscruel\n|\n|upkeep\n|turn|7\n|\n|t:|1781435624\n|switch|p2a: Pelipper|Pelipper, L86, F|243/243\n|-weather|RainDance|[from] ability: Drizzle|[of] p2a: Pelipper\n|move|p1a: Toedscruel|Giga Drain|p2a: Pelipper\n|-crit|p2a: Pelipper\n|-damage|p2a: Pelipper|107/243\n|-heal|p1a: Toedscruel|141/281|[from] drain|[of] p2a: Pelipper\n|\n|-weather|RainDance|[upkeep]\n|-fieldend|move: Psychic Terrain\n|upkeep\n|turn|8\n|\n|t:|1781435635\n|move|p2a: Pelipper|Hurricane|p1a: Toedscruel\n|-supereffective|p1a: Toedscruel\n|-damage|p1a: Toedscruel|0 fnt\n|faint|p1a: Toedscruel\n|\n|-weather|RainDance|[upkeep]\n|upkeep\n|\n|t:|1781435640\n|switch|p1a: Abomasnow|Abomasnow, L84, F|287/287\n|-weather|Snowscape|[from] ability: Snow Warning|[of] p1a: Abomasnow\n|turn|9\n|\n|t:|1781435647\n|move|p2a: Pelipper|Hurricane|p1a: Abomasnow\n|-supereffective|p1a: Abomasnow\n|-damage|p1a: Abomasnow|0 fnt\n|faint|p1a: Abomasnow\n|\n|-weather|Snowscape|[upkeep]\n|upkeep\n|\n|t:|1781435652\n|switch|p1a: Greedent|Greedent, L86, M|347/347\n|turn|10\n|\n|t:|1781435657\n|switch|p2a: Gurdurr|Gurdurr, L85, M|260/283\n|move|p1a: Greedent|Swords Dance|p1a: Greedent\n|-boost|p1a: Greedent|atk|2\n|\n|-weather|Snowscape|[upkeep]\n|upkeep\n|turn|11\n|\n|t:|1781435666\n|-terastallize|p1a: Greedent|Ground\n|move|p2a: Gurdurr|Knock Off|p1a: Greedent\n|-damage|p1a: Greedent|275/347\n|-enditem|p1a: Greedent|Sitrus Berry|[from] move: Knock Off|[of] p2a: Gurdurr\n|move|p1a: Greedent|Earthquake|p2a: Gurdurr\n|-damage|p2a: Gurdurr|110/283\n|\n|-weather|Snowscape|[upkeep]\n|upkeep\n|turn|12\n|\n|t:|1781435673\n|move|p2a: Gurdurr|Drain Punch|p1a: Greedent\n|-crit|p1a: Greedent\n|-damage|p1a: Greedent|148/347\n|-heal|p2a: Gurdurr|174/283|[from] drain|[of] p1a: Greedent\n|move|p1a: Greedent|Earthquake|p2a: Gurdurr\n|-damage|p2a: Gurdurr|21/283\n|\n|-weather|Snowscape|[upkeep]\n|upkeep\n|turn|13\n|-message|crustlemuscle forfeited.\n|\n|win|Goofy Ahhh Trainer\n", "inputlog": ">version a8376a258c1d4662feba110a92103f3664a72141\n>start {\"formatid\":\"gen9randombattle\",\"seed\":\"sodium,f4cc34af7275e5e8f9f351f8ff9ddbc7\",\"rated\":\"Rated battle\"}\n>player p1 {\"name\":\"crustlemuscle\",\"avatar\":\"101\",\"rating\":1935,\"seed\":\"sodium,66432685e7be97fd46dfc1c301487c51\"}\n>player p2 {\"name\":\"Goofy Ahhh Trainer\",\"avatar\":\"skier\",\"rating\":1941,\"seed\":\"sodium,125f4e0a1e38115b8d75a8faf1e9379c\"}\n>p1 move megahorn\n>p2 move fireblast\n>p2 switch 4\n>p1 move stickyweb\n>p2 move fierydance\n>p1 switch 4\n>p1 move expandingforce\n>p2 move bugbuzz\n>p1 switch 6\n>p1 move throatchop\n>p2 move bugbuzz\n>p2 switch 3\n>p1 switch 2\n>p2 move knockoff\n>p1 move earthpower\n>p2 move drainpunch\n>p1 move gigadrain\n>p2 switch 5\n>p1 move toxic\n>p2 move hurricane\n>p1 switch 3\n>p1 move auroraveil\n>p2 move hurricane\n>p1 switch 5\n>p1 move swordsdance\n>p2 switch 5\n>p1 move earthquake terastallize\n>p2 move knockoff\n>p1 move earthquake\n>p2 move drainpunch\n>forcelose p1", "uploadtime": 1781435436, "views": 10, "formatid": "gen9randombattle", "rating": null, "private": 0, "password": null}