{"id": "gen9randombattle-2631685174", "format": "[Gen 9] Random Battle", "players": ["Key Sketcher", "gamblercash"], "log": "|j|\u2606Key Sketcher\n|j|\u2606gamblercash\n|t:|1781421434\n|gametype|singles\n|player|p1|Key Sketcher|naveen|1045\n|player|p2|gamblercash|ltsurge|1008\n|gen|9\n|tier|[Gen 9] Random Battle\n|rated|\n|rule|Species Clause: Limit one of each Pok\u00e9mon\n|rule|HP Percentage Mod: HP is shown in percentages\n|rule|Sleep Clause Mod: Limit one foe put to sleep\n|rule|Illusion Level Mod: Illusion disguises the Pok\u00e9mon's true level\n|\n|t:|1781421434\n|teamsize|p1|6\n|teamsize|p2|6\n|start\n|switch|p1a: Skeledirge|Skeledirge, L79, F|294/294\n|switch|p2a: Barraskewda|Barraskewda, L81, M|231/231\n|turn|1\n|inactive|Battle timer is ON: inactive players will automatically lose when time's up. (requested by Key Sketcher)\n|\n|t:|1781421445\n|switch|p1a: Appletun|Appletun, L92, M|352/352\n|move|p2a: Barraskewda|Waterfall|p1a: Appletun\n|-resisted|p1a: Appletun\n|-damage|p1a: Appletun|317/352\n|\n|-heal|p1a: Appletun|339/352|[from] item: Leftovers\n|upkeep\n|turn|2\n|\n|t:|1781421456\n|switch|p2a: Hatterene|Hatterene, L85, F|236/236\n|move|p1a: Appletun|Apple Acid|p2a: Hatterene\n|-damage|p2a: Hatterene|152/236\n|-unboost|p2a: Hatterene|spd|1\n|\n|-heal|p1a: Appletun|352/352|[from] item: Leftovers\n|-heal|p2a: Hatterene|166/236|[from] item: Leftovers\n|upkeep\n|turn|3\n|\n|t:|1781421470\n|switch|p1a: Skeledirge|Skeledirge, L79, F|294/294\n|move|p2a: Hatterene|Calm Mind|p2a: Hatterene\n|-boost|p2a: Hatterene|spa|1\n|-boost|p2a: Hatterene|spd|1\n|\n|-heal|p2a: Hatterene|180/236|[from] item: Leftovers\n|upkeep\n|turn|4\n|\n|t:|1781421483\n|move|p1a: Skeledirge|Flame Charge|p2a: Hatterene\n|-damage|p2a: Hatterene|144/236\n|-boost|p1a: Skeledirge|spe|1\n|move|p2a: Hatterene|Calm Mind|p2a: Hatterene\n|-boost|p2a: Hatterene|spa|1\n|-boost|p2a: Hatterene|spd|1\n|\n|-heal|p2a: Hatterene|158/236|[from] item: Leftovers\n|upkeep\n|turn|5\n|\n|t:|1781421494\n|move|p1a: Skeledirge|Shadow Ball|p2a: Hatterene\n|-supereffective|p2a: Hatterene\n|-damage|p2a: Hatterene|18/236\n|move|p2a: Hatterene|Psychic|p1a: Skeledirge\n|-damage|p1a: Skeledirge|149/294\n|\n|-heal|p2a: Hatterene|32/236|[from] item: Leftovers\n|upkeep\n|turn|6\n|\n|t:|1781421504\n|move|p1a: Skeledirge|Shadow Ball|p2a: Hatterene\n|-supereffective|p2a: Hatterene\n|-damage|p2a: Hatterene|0 fnt\n|faint|p2a: Hatterene\n|\n|upkeep\n|\n|t:|1781421514\n|switch|p2a: Barraskewda|Barraskewda, L81, M|231/231\n|turn|7\n|\n|t:|1781421521\n|switch|p1a: Appletun|Appletun, L92, M|352/352\n|move|p2a: Barraskewda|Throat Chop|p1a: Appletun\n|-damage|p1a: Appletun|260/352\n|-start|p1a: Appletun|Throat Chop|[silent]\n|\n|-heal|p1a: Appletun|282/352|[from] item: Leftovers\n|upkeep\n|turn|8\n|\n|t:|1781421534\n|move|p2a: Barraskewda|Throat Chop|p1a: Appletun\n|-damage|p1a: Appletun|194/352\n|move|p1a: Appletun|Draco Meteor|p2a: Barraskewda\n|-damage|p2a: Barraskewda|0 fnt\n|-unboost|p1a: Appletun|spa|2\n|faint|p2a: Barraskewda\n|\n|-heal|p1a: Appletun|216/352|[from] item: Leftovers\n|-end|p1a: Appletun|Throat Chop|[silent]\n|upkeep\n|\n|t:|1781421546\n|switch|p2a: Eternatus|Eternatus, L69|308/308\n|-ability|p2a: Eternatus|Pressure\n|turn|9\n|\n|t:|1781421559\n|switch|p1a: Tyranitar|Tyranitar, L78, F|284/284\n|-weather|Sandstorm|[from] ability: Sand Stream|[of] p1a: Tyranitar\n|move|p2a: Eternatus|Sludge Bomb|p1a: Tyranitar\n|-resisted|p1a: Tyranitar\n|-damage|p1a: Tyranitar|254/284\n|\n|-weather|Sandstorm|[upkeep]\n|-damage|p2a: Eternatus|289/308|[from] Sandstorm\n|upkeep\n|turn|10\n|\n|t:|1781421572\n|switch|p2a: Porygon2|Porygon2, L81|270/270\n|-ability|p2a: Porygon2|Download|boost\n|-boost|p2a: Porygon2|spa|1\n|move|p1a: Tyranitar|Dragon Dance|p1a: Tyranitar\n|-boost|p1a: Tyranitar|atk|1\n|-boost|p1a: Tyranitar|spe|1\n|\n|-weather|Sandstorm|[upkeep]\n|-damage|p2a: Porygon2|254/270|[from] Sandstorm\n|upkeep\n|turn|11\n|\n|t:|1781421585\n|move|p1a: Tyranitar|Dragon Dance|p1a: Tyranitar\n|-boost|p1a: Tyranitar|atk|1\n|-boost|p1a: Tyranitar|spe|1\n|move|p2a: Porygon2|Thunder Wave|p1a: Tyranitar\n|-status|p1a: Tyranitar|par\n|\n|-weather|Sandstorm|[upkeep]\n|-damage|p2a: Porygon2|238/270|[from] Sandstorm\n|upkeep\n|turn|12\n|\n|t:|1781421596\n|-terastallize|p2a: Porygon2|Fighting\n|move|p2a: Porygon2|Tera Blast|p1a: Tyranitar|[anim] Tera Blast Fighting\n|-supereffective|p1a: Tyranitar\n|-damage|p1a: Tyranitar|0 fnt\n|faint|p1a: Tyranitar\n|\n|-weather|Sandstorm|[upkeep]\n|-damage|p2a: Porygon2|222/270|[from] Sandstorm\n|upkeep\n|\n|t:|1781421615\n|switch|p1a: Ninetales|Ninetales-Alola, L78, F|242/242\n|-weather|Snowscape|[from] ability: Snow Warning|[of] p1a: Ninetales\n|turn|13\n|\n|t:|1781421622\n|move|p1a: Ninetales|Moonblast|p2a: Porygon2\n|-supereffective|p2a: Porygon2\n|-damage|p2a: Porygon2|126/270\n|move|p2a: Porygon2|Thunder Wave|p1a: Ninetales\n|-status|p1a: Ninetales|par\n|\n|-weather|Snowscape|[upkeep]\n|upkeep\n|turn|14\n|\n|t:|1781421630\n|move|p2a: Porygon2|Tera Blast|p1a: Ninetales|[anim] Tera Blast Fighting\n|-damage|p1a: Ninetales|125/242 par\n|move|p1a: Ninetales|Blizzard|p2a: Porygon2\n|-damage|p2a: Porygon2|62/270\n|\n|-weather|Snowscape|[upkeep]\n|upkeep\n|turn|15\n|\n|t:|1781421642\n|switch|p1a: Comfey|Comfey, L85, M|225/225\n|move|p2a: Porygon2|Tera Blast|p1a: Comfey|[anim] Tera Blast Fighting\n|-resisted|p1a: Comfey\n|-damage|p1a: Comfey|171/225\n|\n|-weather|Snowscape|[upkeep]\n|-heal|p1a: Comfey|185/225|[from] item: Leftovers\n|upkeep\n|turn|16\n|\n|t:|1781421654\n|move|p1a: Comfey|Taunt|p2a: Porygon2\n|-start|p2a: Porygon2|move: Taunt\n|cant|p2a: Porygon2|move: Taunt|Thunder Wave\n|\n|-weather|Snowscape|[upkeep]\n|-heal|p1a: Comfey|199/225|[from] item: Leftovers\n|upkeep\n|turn|17\n|\n|t:|1781421668\n|switch|p2a: Chien-Pao|Chien-Pao, L72|234/234\n|-ability|p2a: Chien-Pao|Sword of Ruin\n|move|p1a: Comfey|Calm Mind|p1a: Comfey\n|-boost|p1a: Comfey|spa|1\n|-boost|p1a: Comfey|spd|1\n|\n|-weather|none\n|-heal|p1a: Comfey|213/225|[from] item: Leftovers\n|upkeep\n|turn|18\n|\n|t:|1781421681\n|switch|p2a: Eternatus|Eternatus, L69|289/308\n|-ability|p2a: Eternatus|Pressure\n|move|p1a: Comfey|Calm Mind|p1a: Comfey\n|-boost|p1a: Comfey|spa|1\n|-boost|p1a: Comfey|spd|1\n|\n|-heal|p1a: Comfey|225/225|[from] item: Leftovers\n|upkeep\n|turn|19\n|\n|t:|1781421692\n|-terastallize|p1a: Comfey|Ground\n|move|p2a: Eternatus|Sludge Bomb|p1a: Comfey\n|-resisted|p1a: Comfey\n|-crit|p1a: Comfey\n|-damage|p1a: Comfey|171/225\n|-status|p1a: Comfey|psn\n|move|p1a: Comfey|Tera Blast|p2a: Eternatus|[anim] Tera Blast Ground\n|-supereffective|p2a: Eternatus\n|-damage|p2a: Eternatus|0 fnt\n|faint|p2a: Eternatus\n|\n|-heal|p1a: Comfey|185/225 psn|[from] item: Leftovers\n|-damage|p1a: Comfey|157/225 psn|[from] psn\n|upkeep\n|-message|gamblercash forfeited.\n|\n|win|Key Sketcher\n|raw|Key Sketcher's rating: 1045 &rarr; <strong>1075</strong><br />(+30 for winning)\n|raw|gamblercash's rating: 1008 &rarr; <strong>1000</strong><br />(-8 for losing)\n|l|\u2606gamblercash\n|player|p2|\n", "inputlog": ">version a8376a258c1d4662feba110a92103f3664a72141\n>start {\"formatid\":\"gen9randombattle\",\"seed\":\"sodium,219bc79350b8a919fe89e3ca907716ab\",\"rated\":\"Rated battle\"}\n>player p1 {\"name\":\"Key Sketcher\",\"avatar\":\"naveen\",\"rating\":1045,\"seed\":\"sodium,938aac5fde75ce0addc8fd0688299cbf\"}\n>player p2 {\"name\":\"gamblercash\",\"avatar\":\"ltsurge\",\"rating\":1008,\"seed\":\"sodium,af603c049b060ee699b2845a468e879a\"}\n>p1 switch 5\n>p2 move waterfall\n>p1 move appleacid\n>p2 switch 6\n>p1 switch 5\n>p2 move calmmind\n>p1 move flamecharge\n>p2 move calmmind\n>p1 move shadowball\n>p2 move psychic\n>p1 move shadowball\n>p2 move drainingkiss\n>p2 switch 6\n>p1 switch 5\n>p2 move throatchop\n>p1 move dracometeor\n>p2 move throatchop\n>p2 switch 2\n>p1 switch 3\n>p2 move sludgebomb\n>p1 move dragondance\n>p2 switch 4\n>p1 move dragondance\n>p2 move thunderwave\n>p1 move stoneedge\n>p2 move terablast terastallize\n>p1 switch 6\n>p1 move moonblast\n>p2 move thunderwave\n>p1 move blizzard\n>p2 move terablast\n>p1 switch 2\n>p2 move terablast\n>p1 move taunt\n>p2 move thunderwave\n>p1 move calmmind\n>p2 switch 5\n>p1 move calmmind\n>p2 switch 4\n>p1 move terablast terastallize\n>p2 move sludgebomb\n>forcelose p2", "uploadtime": 1781421707, "views": 5, "formatid": "gen9randombattle", "rating": 1000, "private": 0, "password": null}