{"id": "gen9randombattle-2631859372", "format": "[Gen 9] Random Battle", "players": ["moritzvb", "PartyTrain9"], "log": "|j|\u2606moritzvb\n|j|\u2606PartyTrain9\n|t:|1781449056\n|gametype|singles\n|player|p1|moritzvb|ariana|2089\n|player|p2|PartyTrain9|266|2052\n|gen|9\n|tier|[Gen 9] Random Battle\n|rated|\n|rule|Species Clause: Limit one of each Pok\u00e9mon\n|rule|HP Percentage Mod: HP is shown in percentages\n|rule|Sleep Clause Mod: Limit one foe put to sleep\n|rule|Illusion Level Mod: Illusion disguises the Pok\u00e9mon's true level\n|\n|t:|1781449056\n|teamsize|p1|6\n|teamsize|p2|6\n|start\n|switch|p1a: Carbink|Carbink, L90|236/236\n|switch|p2a: Crawdaunt|Crawdaunt, L84, M|243/243\n|turn|1\n|inactive|Battle timer is ON: inactive players will automatically lose when time's up. (requested by PartyTrain9)\n|\n|t:|1781449085\n|move|p2a: Crawdaunt|Crabhammer|p1a: Carbink\n|-supereffective|p1a: Carbink\n|-damage|p1a: Carbink|0 fnt\n|faint|p1a: Carbink\n|\n|upkeep\n|\n|t:|1781449089\n|switch|p1a: Zebstrika|Zebstrika, L87, F|272/272\n|turn|2\n|\n|t:|1781449093\n|switch|p2a: Flygon|Flygon, L82, F|265/265\n|move|p1a: Zebstrika|Overheat|p2a: Flygon|[miss]\n|-miss|p1a: Zebstrika|p2a: Flygon\n|\n|upkeep\n|turn|3\n|\n|t:|1781449101\n|switch|p1a: Vaporeon|Vaporeon, L86, M|364/364\n|move|p2a: Flygon|Earthquake|p1a: Vaporeon\n|-damage|p1a: Vaporeon|228/364\n|\n|-heal|p1a: Vaporeon|250/364|[from] item: Leftovers\n|upkeep\n|turn|4\n|\n|t:|1781449104\n|switch|p2a: Galvantula|Galvantula, L82, F|249/249\n|move|p1a: Vaporeon|Scald|p2a: Galvantula\n|-damage|p2a: Galvantula|116/249\n|-status|p2a: Galvantula|brn\n|\n|-heal|p1a: Vaporeon|272/364|[from] item: Leftovers\n|-damage|p2a: Galvantula|101/249 brn|[from] brn\n|upkeep\n|turn|5\n|\n|t:|1781449119\n|switch|p1a: Blastoise|Blastoise, L80, F|258/258\n|move|p2a: Galvantula|Sticky Web|p1a: Blastoise\n|-sidestart|p1: moritzvb|move: Sticky Web\n|\n|-damage|p2a: Galvantula|86/249 brn|[from] brn\n|upkeep\n|turn|6\n|\n|t:|1781449123\n|-terastallize|p1a: Blastoise|Electric\n|move|p2a: Galvantula|Thunder|p1a: Blastoise\n|-resisted|p1a: Blastoise\n|-damage|p1a: Blastoise|211/258\n|move|p1a: Blastoise|Shell Smash|p1a: Blastoise\n|-unboost|p1a: Blastoise|def|1\n|-unboost|p1a: Blastoise|spd|1\n|-boost|p1a: Blastoise|atk|2\n|-boost|p1a: Blastoise|spa|2\n|-boost|p1a: Blastoise|spe|2\n|-enditem|p1a: Blastoise|White Herb\n|-clearnegativeboost|p1a: Blastoise|[silent]\n|\n|-damage|p2a: Galvantula|71/249 brn|[from] brn\n|upkeep\n|turn|7\n|\n|t:|1781449136\n|move|p1a: Blastoise|Ice Beam|p2a: Galvantula\n|-damage|p2a: Galvantula|0 fnt\n|faint|p2a: Galvantula\n|\n|upkeep\n|\n|t:|1781449143\n|switch|p2a: Slowbro|Slowbro-Galar, L87, M|307/307\n|turn|8\n|\n|t:|1781449149\n|-terastallize|p2a: Slowbro|Dark\n|move|p1a: Blastoise|Hydro Pump|p2a: Slowbro\n|-damage|p2a: Slowbro|150/307\n|move|p2a: Slowbro|Foul Play|p1a: Blastoise\n|-damage|p1a: Blastoise|78/258\n|\n|upkeep\n|turn|9\n|\n|t:|1781449156\n|switch|p2a: Tatsugiri|Tatsugiri, L87, M|260/260\n|move|p1a: Blastoise|Hydro Pump|p2a: Tatsugiri\n|-ability|p2a: Tatsugiri|Storm Drain|boost\n|-boost|p2a: Tatsugiri|spa|1\n|\n|upkeep\n|turn|10\n|\n|t:|1781449161\n|move|p1a: Blastoise|Ice Beam|p2a: Tatsugiri\n|-damage|p2a: Tatsugiri|164/260\n|move|p2a: Tatsugiri|Surf|p1a: Blastoise\n|-damage|p1a: Blastoise|0 fnt\n|faint|p1a: Blastoise\n|\n|upkeep\n|-message|moritzvb forfeited.\n|\n|win|PartyTrain9\n", "inputlog": ">version a8376a258c1d4662feba110a92103f3664a72141\n>start {\"formatid\":\"gen9randombattle\",\"seed\":\"sodium,35177b71c0c69b365c47715c9001dcb1\",\"rated\":\"Rated battle\"}\n>player p1 {\"name\":\"moritzvb\",\"avatar\":\"ariana\",\"rating\":2089,\"seed\":\"sodium,d7dc43e33e5000ec17bc69278ef4d3e2\"}\n>player p2 {\"name\":\"PartyTrain9\",\"avatar\":\"266\",\"rating\":2052,\"seed\":\"sodium,93ebecbf078482459f8e29c0ce4d5c78\"}\n>p1 move moonblast\n>p2 move crabhammer\n>p1 switch 6\n>p1 move overheat\n>p2 switch 3\n>p1 switch 4\n>p2 move earthquake\n>p1 move scald\n>p2 switch 4\n>p1 switch 5\n>p2 move stickyweb\n>p1 move shellsmash terastallize\n>p2 move thunder\n>p1 move icebeam\n>p2 move voltswitch\n>p2 switch 5\n>p1 move hydropump\n>p2 move foulplay terastallize\n>p1 move hydropump\n>p2 switch 2\n>p1 move icebeam\n>p2 move surf\n>forcelose p1", "uploadtime": 1781449059, "views": 8, "formatid": "gen9randombattle", "rating": null, "private": 0, "password": null}