{"id": "gen9randombattle-2631520956", "format": "[Gen 9] Random Battle", "players": ["Astrokid11", "bed burglar"], "log": "|j|\u2606Astrokid11\n|j|\u2606bed burglar\n|t:|1781395938\n|gametype|singles\n|player|p1|Astrokid11|102|1927\n|player|p2|bed burglar|1|1929\n|gen|9\n|tier|[Gen 9] Random Battle\n|rated|\n|rule|Species Clause: Limit one of each Pok\u00e9mon\n|rule|HP Percentage Mod: HP is shown in percentages\n|rule|Sleep Clause Mod: Limit one foe put to sleep\n|rule|Illusion Level Mod: Illusion disguises the Pok\u00e9mon's true level\n|\n|t:|1781395938\n|teamsize|p1|6\n|teamsize|p2|6\n|start\n|switch|p1a: Lapras|Lapras, L87, F|367/367\n|switch|p2a: Venomoth|Venomoth, L84, F|255/255\n|turn|1\n|inactive|Battle timer is ON: inactive players will automatically lose when time's up. (requested by bed burglar)\n|\n|t:|1781395949\n|move|p2a: Venomoth|Sleep Powder|p1a: Lapras\n|-status|p1a: Lapras|slp|[from] move: Sleep Powder\n|cant|p1a: Lapras|slp\n|\n|upkeep\n|turn|2\n|\n|t:|1781395958\n|switch|p2a: Houndstone|Houndstone, L86, M|264/264\n|switch|p1a: Orthworm|Orthworm, L88, M|266/266\n|\n|upkeep\n|turn|3\n|\n|t:|1781395963\n|move|p2a: Houndstone|Will-O-Wisp|p1a: Orthworm|[miss]\n|-miss|p2a: Houndstone|p1a: Orthworm\n|move|p1a: Orthworm|Stealth Rock|p2a: Houndstone\n|-sidestart|p2: bed burglar|move: Stealth Rock\n|\n|upkeep\n|turn|4\n|\n|t:|1781395969\n|switch|p1a: Conkeldurr|Conkeldurr, L80, M|299/299\n|move|p2a: Houndstone|Body Press|p1a: Conkeldurr\n|-damage|p1a: Conkeldurr|239/299\n|\n|-status|p1a: Conkeldurr|brn|[from] item: Flame Orb\n|upkeep\n|turn|5\n|l|\u2606Astrokid11\n|inactive|Astrokid11 disconnected and has a minute to reconnect!\n|player|p1|\n|j|\u2606Astrokid11\n|inactive|Astrokid11 reconnected and has 130 seconds left.\n|player|p1|Astrokid11|102|\n|inactive|Astrokid11 has 120 seconds left.\n|\n|t:|1781396005\n|move|p2a: Houndstone|Poltergeist|p1a: Conkeldurr\n|-activate|p1a: Conkeldurr|move: Poltergeist|Flame Orb\n|-damage|p1a: Conkeldurr|109/299 brn\n|move|p1a: Conkeldurr|Close Combat|p2a: Houndstone\n|-immune|p2a: Houndstone\n|\n|-damage|p1a: Conkeldurr|91/299 brn|[from] brn\n|upkeep\n|turn|6\n|\n|t:|1781396015\n|move|p2a: Houndstone|Poltergeist|p1a: Conkeldurr\n|-activate|p1a: Conkeldurr|move: Poltergeist|Flame Orb\n|-damage|p1a: Conkeldurr|0 fnt\n|faint|p1a: Conkeldurr\n|\n|upkeep\n|\n|t:|1781396018\n|switch|p1a: Reshiram|Reshiram, L76|277/277\n|-ability|p1a: Reshiram|Turboblaze\n|turn|7\n|\n|t:|1781396028\n|move|p1a: Reshiram|Dragon Dance|p1a: Reshiram\n|-boost|p1a: Reshiram|atk|1\n|-boost|p1a: Reshiram|spe|1\n|move|p2a: Houndstone|Poltergeist|p1a: Reshiram\n|-activate|p1a: Reshiram|move: Poltergeist|Heavy-Duty Boots\n|-damage|p1a: Reshiram|160/277\n|\n|upkeep\n|turn|8\n|\n|t:|1781396032\n|move|p1a: Reshiram|Flare Blitz|p2a: Houndstone\n|-damage|p2a: Houndstone|111/264\n|-damage|p1a: Reshiram|110/277|[from] Recoil\n|move|p2a: Houndstone|Poltergeist|p1a: Reshiram\n|-activate|p1a: Reshiram|move: Poltergeist|Heavy-Duty Boots\n|-damage|p1a: Reshiram|0 fnt\n|faint|p1a: Reshiram\n|\n|-heal|p2a: Houndstone|127/264|[from] item: Leftovers\n|upkeep\n|\n|t:|1781396038\n|switch|p1a: Latios|Latios, L78, M|253/253\n|turn|9\n|\n|t:|1781396047\n|switch|p2a: Mightyena|Mightyena, L96, M|290/290\n|-damage|p2a: Mightyena|254/290|[from] Stealth Rock\n|-ability|p2a: Mightyena|Intimidate|boost\n|-unboost|p1a: Latios|atk|1\n|move|p1a: Latios|Draco Meteor|p2a: Mightyena|[miss]\n|-miss|p1a: Latios|p2a: Mightyena\n|\n|-heal|p2a: Mightyena|272/290|[from] item: Leftovers\n|upkeep\n|turn|10\n|\n|t:|1781396053\n|switch|p1a: Orthworm|Orthworm, L88, M|266/266\n|move|p2a: Mightyena|Throat Chop|p1a: Orthworm\n|-damage|p1a: Orthworm|196/266\n|-start|p1a: Orthworm|Throat Chop|[silent]\n|\n|-heal|p2a: Mightyena|290/290|[from] item: Leftovers\n|-heal|p1a: Orthworm|212/266|[from] item: Leftovers\n|upkeep\n|turn|11\n|\n|t:|1781396057\n|move|p2a: Mightyena|Taunt|p1a: Orthworm\n|-start|p1a: Orthworm|move: Taunt\n|cant|p1a: Orthworm|move: Taunt|Spikes\n|\n|-heal|p1a: Orthworm|228/266|[from] item: Leftovers\n|-end|p1a: Orthworm|Throat Chop|[silent]\n|upkeep\n|turn|12\n|\n|t:|1781396062\n|switch|p2a: Houndstone|Houndstone, L86, M|127/264\n|-damage|p2a: Houndstone|94/264|[from] Stealth Rock\n|move|p1a: Orthworm|Heavy Slam|p2a: Houndstone\n|-damage|p2a: Houndstone|36/264\n|\n|-heal|p2a: Houndstone|52/264|[from] item: Leftovers\n|-heal|p1a: Orthworm|244/266|[from] item: Leftovers\n|upkeep\n|turn|13\n|\n|t:|1781396065\n|move|p2a: Houndstone|Will-O-Wisp|p1a: Orthworm\n|-status|p1a: Orthworm|brn\n|move|p1a: Orthworm|Heavy Slam|p2a: Houndstone\n|-damage|p2a: Houndstone|25/264\n|\n|-heal|p2a: Houndstone|41/264|[from] item: Leftovers\n|-heal|p1a: Orthworm|260/266 brn|[from] item: Leftovers\n|-damage|p1a: Orthworm|244/266 brn|[from] brn\n|-end|p1a: Orthworm|move: Taunt\n|upkeep\n|turn|14\n|\n|t:|1781396074\n|switch|p2a: Araquanid|Araquanid, L82, M|246/246\n|move|p1a: Orthworm|Spikes|p2a: Araquanid\n|-sidestart|p2: bed burglar|Spikes\n|\n|-heal|p1a: Orthworm|260/266 brn|[from] item: Leftovers\n|-damage|p1a: Orthworm|244/266 brn|[from] brn\n|upkeep\n|turn|15\n|\n|t:|1781396081\n|move|p1a: Orthworm|Spikes|p2a: Araquanid\n|-sidestart|p2: bed burglar|Spikes\n|move|p2a: Araquanid|Sticky Web|p1a: Orthworm\n|-sidestart|p1: Astrokid11|move: Sticky Web\n|\n|-heal|p1a: Orthworm|260/266 brn|[from] item: Leftovers\n|-damage|p1a: Orthworm|244/266 brn|[from] brn\n|upkeep\n|turn|16\n|\n|t:|1781396084\n|move|p1a: Orthworm|Spikes|p2a: Araquanid\n|-sidestart|p2: bed burglar|Spikes\n|move|p2a: Araquanid|Liquidation|p1a: Orthworm\n|-damage|p1a: Orthworm|150/266 brn\n|\n|-heal|p1a: Orthworm|166/266 brn|[from] item: Leftovers\n|-damage|p1a: Orthworm|150/266 brn|[from] brn\n|upkeep\n|turn|17\n|\n|t:|1781396088\n|switch|p1a: Lapras|Lapras, L87, F|367/367 slp\n|-activate|p1a: Lapras|move: Sticky Web\n|-unboost|p1a: Lapras|spe|1\n|move|p2a: Araquanid|Liquidation|p1a: Lapras\n|-immune|p1a: Lapras|[from] ability: Water Absorb\n|\n|upkeep\n|turn|18\n|\n|t:|1781396099\n|switch|p2a: Cacturne|Cacturne, L92, M|278/278\n|-damage|p2a: Cacturne|244/278|[from] Stealth Rock\n|-damage|p2a: Cacturne|175/278|[from] Spikes\n|cant|p1a: Lapras|slp\n|\n|upkeep\n|turn|19\n|\n|t:|1781396111\n|switch|p1a: Orthworm|Orthworm, L88, M|150/266 brn\n|-activate|p1a: Orthworm|move: Sticky Web\n|-unboost|p1a: Orthworm|spe|1\n|move|p2a: Cacturne|Leaf Storm|p1a: Orthworm\n|-resisted|p1a: Orthworm\n|-damage|p1a: Orthworm|0 fnt\n|-unboost|p2a: Cacturne|spa|2\n|faint|p1a: Orthworm\n|-damage|p2a: Cacturne|148/278|[from] item: Life Orb\n|\n|upkeep\n|\n|t:|1781396126\n|switch|p1a: Frosmoth|Frosmoth, L82, F|249/249\n|turn|20\n|\n|t:|1781396130\n|move|p2a: Cacturne|Knock Off|p1a: Frosmoth\n|-damage|p1a: Frosmoth|27/249\n|-enditem|p1a: Frosmoth|Heavy-Duty Boots|[from] move: Knock Off|[of] p2a: Cacturne\n|-damage|p2a: Cacturne|121/278|[from] item: Life Orb\n|move|p1a: Frosmoth|Ice Beam|p2a: Cacturne\n|-supereffective|p2a: Cacturne\n|-damage|p2a: Cacturne|0 fnt\n|faint|p2a: Cacturne\n|\n|upkeep\n|\n|t:|1781396138\n|switch|p2a: Venomoth|Venomoth, L84, F|255/255\n|turn|21\n|\n|t:|1781396141\n|move|p2a: Venomoth|Bug Buzz|p1a: Frosmoth\n|-damage|p1a: Frosmoth|0 fnt\n|faint|p1a: Frosmoth\n|\n|upkeep\n|\n|t:|1781396146\n|switch|p1a: Lapras|Lapras, L87, F|367/367 slp\n|-activate|p1a: Lapras|move: Sticky Web\n|-unboost|p1a: Lapras|spe|1\n|turn|22\n|\n|t:|1781396154\n|switch|p2a: Houndstone|Houndstone, L86, M|41/264\n|-damage|p2a: Houndstone|8/264|[from] Stealth Rock\n|-damage|p2a: Houndstone|0 fnt|[from] Spikes\n|faint|p2a: Houndstone\n|cant|p1a: Lapras|slp\n|\n|upkeep\n|\n|t:|1781396159\n|switch|p2a: Cloyster|Cloyster, L80, M|211/211\n|-damage|p2a: Cloyster|159/211|[from] Stealth Rock\n|-damage|p2a: Cloyster|107/211|[from] Spikes\n|turn|23\n|\n|t:|1781396173\n|move|p2a: Cloyster|Shell Smash|p2a: Cloyster\n|-unboost|p2a: Cloyster|def|1\n|-unboost|p2a: Cloyster|spd|1\n|-boost|p2a: Cloyster|atk|2\n|-boost|p2a: Cloyster|spa|2\n|-boost|p2a: Cloyster|spe|2\n|-enditem|p2a: Cloyster|White Herb\n|-clearnegativeboost|p2a: Cloyster|[silent]\n|-curestatus|p1a: Lapras|slp|[msg]\n|move|p1a: Lapras|Freeze-Dry|p2a: Cloyster\n|-damage|p2a: Cloyster|0 fnt\n|faint|p2a: Cloyster\n|\n|upkeep\n|\n|t:|1781396180\n|switch|p2a: Venomoth|Venomoth, L84, F|255/255\n|turn|24\n|\n|t:|1781396186\n|move|p2a: Venomoth|Sleep Powder|p1a: Lapras\n|-status|p1a: Lapras|slp|[from] move: Sleep Powder\n|cant|p1a: Lapras|slp\n|\n|upkeep\n|turn|25\n|\n|t:|1781396188\n|switch|p1a: Latios|Latios, L78, M|253/253\n|move|p2a: Venomoth|Quiver Dance|p2a: Venomoth\n|-boost|p2a: Venomoth|spa|1\n|-boost|p2a: Venomoth|spd|1\n|-boost|p2a: Venomoth|spe|1\n|\n|upkeep\n|turn|26\n|\n|t:|1781396192\n|-terastallize|p2a: Venomoth|Water\n|-terastallize|p1a: Latios|Steel\n|move|p2a: Venomoth|Quiver Dance|p2a: Venomoth\n|-boost|p2a: Venomoth|spa|1\n|-boost|p2a: Venomoth|spd|1\n|-boost|p2a: Venomoth|spe|1\n|move|p1a: Latios|Luster Purge|p2a: Venomoth\n|-damage|p2a: Venomoth|185/255\n|-unboost|p2a: Venomoth|spd|1\n|\n|upkeep\n|turn|27\n|\n|t:|1781396200\n|move|p2a: Venomoth|Bug Buzz|p1a: Latios\n|-resisted|p1a: Latios\n|-damage|p1a: Latios|87/253\n|move|p1a: Latios|Luster Purge|p2a: Venomoth\n|-damage|p2a: Venomoth|76/255\n|-unboost|p2a: Venomoth|spd|1\n|\n|upkeep\n|turn|28\n|\n|t:|1781396205\n|move|p2a: Venomoth|Bug Buzz|p1a: Latios\n|-resisted|p1a: Latios\n|-damage|p1a: Latios|0 fnt\n|faint|p1a: Latios\n|\n|upkeep\n|\n|t:|1781396206\n|switch|p1a: Lapras|Lapras, L87, F|367/367 slp\n|-activate|p1a: Lapras|move: Sticky Web\n|-unboost|p1a: Lapras|spe|1\n|turn|29\n|\n|t:|1781396210\n|move|p2a: Venomoth|Sludge Wave|p1a: Lapras\n|-damage|p1a: Lapras|183/367 slp\n|cant|p1a: Lapras|slp\n|\n|upkeep\n|turn|30\n|\n|t:|1781396212\n|move|p2a: Venomoth|Sludge Wave|p1a: Lapras\n|-damage|p1a: Lapras|9/367 slp\n|cant|p1a: Lapras|slp\n|\n|upkeep\n|turn|31\n|\n|t:|1781396216\n|move|p2a: Venomoth|Sludge Wave|p1a: Lapras\n|-damage|p1a: Lapras|0 fnt\n|faint|p1a: Lapras\n|\n|win|bed burglar\n", "inputlog": ">version a8376a258c1d4662feba110a92103f3664a72141\n>start {\"formatid\":\"gen9randombattle\",\"seed\":\"sodium,348de1e678906b0124492e6000c050db\",\"rated\":\"Rated battle\"}\n>player p1 {\"name\":\"Astrokid11\",\"avatar\":\"102\",\"rating\":1927,\"seed\":\"sodium,8870083d5898b2223820727d29514734\"}\n>player p2 {\"name\":\"bed burglar\",\"avatar\":\"1\",\"rating\":1929,\"seed\":\"sodium,ca5518432bf2707e249960bec75f4758\"}\n>p1 move icebeam\n>p2 move sleeppowder\n>p1 switch 6\n>p2 switch 3\n>p1 move stealthrock\n>p2 move willowisp\n>p1 switch 5\n>p2 move bodypress\n>p1 move closecombat\n>p2 move poltergeist\n>p1 move knockoff\n>p2 move poltergeist\n>p1 switch 2\n>p1 move dragondance\n>p2 move poltergeist\n>p1 move flareblitz\n>p2 move poltergeist\n>p1 switch 4\n>p1 move dracometeor\n>p2 switch 6\n>p1 switch 5\n>p2 move throatchop\n>p1 move spikes\n>p2 move taunt\n>p1 move heavyslam\n>p2 switch 6\n>p1 move heavyslam\n>p2 move willowisp\n>p1 move spikes\n>p2 switch 4\n>p1 move spikes\n>p2 move stickyweb\n>p1 move spikes\n>p2 move liquidation\n>p1 switch 6\n>p2 move liquidation\n>p1 move freezedry\n>p2 switch 2\n>p1 switch 6\n>p2 move leafstorm\n>p1 switch 3\n>p1 move icebeam\n>p2 move knockoff\n>p2 switch 3\n>p1 move quiverdance\n>p2 move bugbuzz\n>p1 switch 6\n>p1 move icebeam\n>p2 switch 4\n>p2 switch 5\n>p1 move freezedry\n>p2 move shellsmash\n>p2 switch 4\n>p1 move freezedry\n>p2 move sleeppowder\n>p1 switch 5\n>p2 move quiverdance\n>p1 move lusterpurge terastallize\n>p2 move quiverdance terastallize\n>p1 move lusterpurge\n>p2 move bugbuzz\n>p1 move lusterpurge\n>p2 move bugbuzz\n>p1 switch 5\n>p1 move freezedry\n>p2 move sludgewave\n>p1 move freezedry\n>p2 move sludgewave\n>p1 move freezedry\n>p2 move sludgewave", "uploadtime": 1781395940, "views": 4, "formatid": "gen9randombattle", "rating": null, "private": 0, "password": null}