{"id": "gen9randombattle-2631426902", "format": "[Gen 9] Random Battle", "players": ["domstaaaa", "Emily Montes"], "log": "|j|\u2606domstaaaa\n|j|\u2606Emily Montes\n|t:|1781383278\n|gametype|singles\n|player|p1|domstaaaa|170|1754\n|player|p2|Emily Montes|pokekid|1819\n|gen|9\n|tier|[Gen 9] Random Battle\n|rated|\n|rule|Species Clause: Limit one of each Pok\u00e9mon\n|rule|HP Percentage Mod: HP is shown in percentages\n|rule|Sleep Clause Mod: Limit one foe put to sleep\n|rule|Illusion Level Mod: Illusion disguises the Pok\u00e9mon's true level\n|\n|t:|1781383278\n|teamsize|p1|6\n|teamsize|p2|6\n|start\n|switch|p1a: Dewgong|Dewgong, L94, M|322/322\n|switch|p2a: Perrserker|Perrserker, L89, F|269/269\n|turn|1\n|inactive|Battle timer is ON: inactive players will automatically lose when time's up. (requested by domstaaaa)\n|\n|t:|1781383291\n|move|p1a: Dewgong|Hydro Pump|p2a: Perrserker|[miss]\n|-miss|p1a: Dewgong|p2a: Perrserker\n|move|p2a: Perrserker|Stealth Rock|p1a: Dewgong\n|-sidestart|p1: domstaaaa|move: Stealth Rock\n|\n|upkeep\n|turn|2\n|\n|t:|1781383309\n|move|p1a: Dewgong|Encore|p2a: Perrserker\n|-start|p2a: Perrserker|Encore\n|move|p2a: Perrserker|Stealth Rock||[still]\n|-fail|p2a: Perrserker\n|\n|upkeep\n|turn|3\n|\n|t:|1781383314\n|switch|p2a: Quagsire|Quagsire, L84, M|297/297\n|move|p1a: Dewgong|Knock Off|p2a: Quagsire\n|-damage|p2a: Quagsire|224/297\n|-enditem|p2a: Quagsire|Leftovers|[from] move: Knock Off|[of] p1a: Dewgong\n|\n|upkeep\n|turn|4\n|\n|t:|1781383327\n|move|p1a: Dewgong|Hydro Pump|p2a: Quagsire\n|-damage|p2a: Quagsire|77/297\n|move|p2a: Quagsire|Spikes|p1a: Dewgong\n|-sidestart|p1: domstaaaa|Spikes\n|\n|upkeep\n|turn|5\n|\n|t:|1781383337\n|switch|p2a: Passimian|Passimian, L83, F|302/302\n|move|p1a: Dewgong|Hydro Pump|p2a: Passimian\n|-crit|p2a: Passimian\n|-damage|p2a: Passimian|92/302\n|\n|-heal|p2a: Passimian|110/302|[from] item: Leftovers\n|upkeep\n|turn|6\n|\n|t:|1781383344\n|move|p1a: Dewgong|Hydro Pump|p2a: Passimian|[miss]\n|-miss|p1a: Dewgong|p2a: Passimian\n|move|p2a: Passimian|Drain Punch|p1a: Dewgong\n|-supereffective|p1a: Dewgong\n|-damage|p1a: Dewgong|128/322\n|-heal|p2a: Passimian|207/302|[from] drain|[of] p1a: Dewgong\n|\n|-heal|p2a: Passimian|225/302|[from] item: Leftovers\n|upkeep\n|turn|7\n|\n|t:|1781383347\n|move|p1a: Dewgong|Hydro Pump|p2a: Passimian\n|-damage|p2a: Passimian|86/302\n|move|p2a: Passimian|Drain Punch|p1a: Dewgong\n|-supereffective|p1a: Dewgong\n|-damage|p1a: Dewgong|0 fnt\n|-heal|p2a: Passimian|150/302|[from] drain|[of] p1a: Dewgong\n|faint|p1a: Dewgong\n|\n|-heal|p2a: Passimian|168/302|[from] item: Leftovers\n|upkeep\n|\n|t:|1781383357\n|switch|p1a: Eternatus|Eternatus, L69|308/308\n|-damage|p1a: Eternatus|270/308|[from] Stealth Rock\n|-damage|p1a: Eternatus|232/308|[from] Spikes\n|-ability|p1a: Eternatus|Pressure\n|turn|8\n|\n|t:|1781383371\n|move|p1a: Eternatus|Dynamax Cannon|p2a: Passimian\n|-damage|p2a: Passimian|30/302\n|move|p2a: Passimian|Knock Off|p1a: Eternatus\n|-damage|p1a: Eternatus|147/308\n|-enditem|p1a: Eternatus|Leftovers|[from] move: Knock Off|[of] p2a: Passimian\n|\n|-heal|p2a: Passimian|48/302|[from] item: Leftovers\n|upkeep\n|turn|9\n|\n|t:|1781383386\n|move|p1a: Eternatus|Recover|p1a: Eternatus\n|-heal|p1a: Eternatus|301/308\n|move|p2a: Passimian|Knock Off|p1a: Eternatus\n|-damage|p1a: Eternatus|243/308\n|\n|-heal|p2a: Passimian|66/302|[from] item: Leftovers\n|upkeep\n|turn|10\n|\n|t:|1781383402\n|move|p1a: Eternatus|Sludge Bomb|p2a: Passimian\n|-damage|p2a: Passimian|0 fnt\n|faint|p2a: Passimian\n|\n|upkeep\n|\n|t:|1781383404\n|switch|p2a: Ariados|Ariados, L95, M|287/287\n|turn|11\n|\n|t:|1781383408\n|move|p1a: Eternatus|Fire Blast|p2a: Ariados\n|-supereffective|p2a: Ariados\n|-damage|p2a: Ariados|135/287\n|move|p2a: Ariados|Sticky Web|p1a: Eternatus\n|-sidestart|p1: domstaaaa|move: Sticky Web\n|\n|upkeep\n|turn|12\n|\n|t:|1781383416\n|move|p2a: Ariados|Sucker Punch|p1a: Eternatus\n|-damage|p1a: Eternatus|174/308\n|move|p1a: Eternatus|Fire Blast|p2a: Ariados\n|-supereffective|p2a: Ariados\n|-damage|p2a: Ariados|0 fnt\n|faint|p2a: Ariados\n|\n|upkeep\n|\n|t:|1781383427\n|switch|p2a: Great Tusk|Great Tusk, L77|304/304\n|turn|13\n|\n|t:|1781383433\n|move|p1a: Eternatus|Dynamax Cannon|p2a: Great Tusk\n|-damage|p2a: Great Tusk|148/304\n|move|p2a: Great Tusk|Earthquake|p1a: Eternatus\n|-supereffective|p1a: Eternatus\n|-damage|p1a: Eternatus|0 fnt\n|faint|p1a: Eternatus\n|\n|-heal|p2a: Great Tusk|167/304|[from] item: Leftovers\n|upkeep\n|\n|t:|1781383442\n|switch|p1a: Venomoth|Venomoth, L84, F|255/255\n|turn|14\n|\n|t:|1781383455\n|move|p1a: Venomoth|Sleep Powder|p2a: Great Tusk\n|-status|p2a: Great Tusk|slp|[from] move: Sleep Powder\n|cant|p2a: Great Tusk|slp\n|\n|-heal|p2a: Great Tusk|186/304 slp|[from] item: Leftovers\n|upkeep\n|turn|15\n|\n|t:|1781383464\n|-end|p2a: Great Tusk|Protosynthesis|[silent]\n|switch|p2a: Perrserker|Perrserker, L89, F|269/269\n|move|p1a: Venomoth|Quiver Dance|p1a: Venomoth\n|-boost|p1a: Venomoth|spa|1\n|-boost|p1a: Venomoth|spd|1\n|-boost|p1a: Venomoth|spe|1\n|\n|upkeep\n|turn|16\n|\n|t:|1781383473\n|move|p1a: Venomoth|Bug Buzz|p2a: Perrserker\n|-resisted|p2a: Perrserker\n|-damage|p2a: Perrserker|95/269\n|move|p2a: Perrserker|Knock Off|p1a: Venomoth\n|-damage|p1a: Venomoth|74/255\n|-enditem|p1a: Venomoth|Heavy-Duty Boots|[from] move: Knock Off|[of] p2a: Perrserker\n|-damage|p2a: Perrserker|69/269|[from] item: Life Orb\n|\n|upkeep\n|turn|17\n|\n|t:|1781383484\n|move|p1a: Venomoth|Bug Buzz|p2a: Perrserker\n|-resisted|p2a: Perrserker\n|-damage|p2a: Perrserker|0 fnt\n|faint|p2a: Perrserker\n|\n|upkeep\n|\n|t:|1781383491\n|switch|p2a: Reshiram|Reshiram, L76|277/277\n|-ability|p2a: Reshiram|Turboblaze\n|turn|18\n|\n|t:|1781383497\n|move|p1a: Venomoth|Sludge Wave|p2a: Reshiram\n|-damage|p2a: Reshiram|151/277\n|move|p2a: Reshiram|Flare Blitz|p1a: Venomoth\n|-supereffective|p1a: Venomoth\n|-damage|p1a: Venomoth|0 fnt\n|faint|p1a: Venomoth\n|-damage|p2a: Reshiram|127/277|[from] Recoil\n|\n|upkeep\n|\n|t:|1781383505\n|switch|p1a: Dudunsparce|Dudunsparce-Three-Segment, L83, F|343/343\n|-damage|p1a: Dudunsparce|301/343|[from] Stealth Rock\n|-damage|p1a: Dudunsparce|259/343|[from] Spikes\n|-activate|p1a: Dudunsparce|move: Sticky Web\n|-unboost|p1a: Dudunsparce|spe|1\n|turn|19\n|\n|t:|1781383518\n|move|p2a: Reshiram|Outrage|p1a: Dudunsparce\n|-damage|p1a: Dudunsparce|112/343\n|move|p1a: Dudunsparce|Earthquake|p2a: Reshiram\n|-supereffective|p2a: Reshiram\n|-damage|p2a: Reshiram|0 fnt\n|faint|p2a: Reshiram\n|\n|-heal|p1a: Dudunsparce|133/343|[from] item: Leftovers\n|upkeep\n|\n|t:|1781383526\n|switch|p2a: Quagsire|Quagsire, L84, M|77/297\n|turn|20\n|\n|t:|1781383536\n|move|p2a: Quagsire|Earthquake|p1a: Dudunsparce\n|-damage|p1a: Dudunsparce|27/343\n|move|p1a: Dudunsparce|Boomburst|p2a: Quagsire\n|-damage|p2a: Quagsire|0 fnt\n|faint|p2a: Quagsire\n|\n|-heal|p1a: Dudunsparce|48/343|[from] item: Leftovers\n|upkeep\n|\n|t:|1781383538\n|switch|p2a: Great Tusk|Great Tusk, L77|186/304 slp\n|turn|21\n|\n|t:|1781383542\n|cant|p2a: Great Tusk|slp\n|move|p1a: Dudunsparce|Roost|p1a: Dudunsparce\n|-heal|p1a: Dudunsparce|220/343\n|-singleturn|p1a: Dudunsparce|move: Roost\n|\n|-heal|p2a: Great Tusk|205/304 slp|[from] item: Leftovers\n|-heal|p1a: Dudunsparce|241/343|[from] item: Leftovers\n|upkeep\n|turn|22\n|\n|t:|1781383549\n|cant|p2a: Great Tusk|slp\n|move|p1a: Dudunsparce|Roost|p1a: Dudunsparce\n|-heal|p1a: Dudunsparce|343/343\n|-singleturn|p1a: Dudunsparce|move: Roost\n|\n|-heal|p2a: Great Tusk|224/304 slp|[from] item: Leftovers\n|upkeep\n|turn|23\n|\n|t:|1781383555\n|-terastallize|p2a: Great Tusk|Steel\n|-curestatus|p2a: Great Tusk|slp|[msg]\n|move|p2a: Great Tusk|Bulk Up|p2a: Great Tusk\n|-boost|p2a: Great Tusk|atk|1\n|-boost|p2a: Great Tusk|def|1\n|move|p1a: Dudunsparce|Toxic|p2a: Great Tusk\n|-immune|p2a: Great Tusk\n|\n|-heal|p2a: Great Tusk|243/304|[from] item: Leftovers\n|upkeep\n|turn|24\n|\n|t:|1781383562\n|move|p2a: Great Tusk|Close Combat|p1a: Dudunsparce\n|-supereffective|p1a: Dudunsparce\n|-damage|p1a: Dudunsparce|0 fnt\n|-unboost|p2a: Great Tusk|def|1\n|-unboost|p2a: Great Tusk|spd|1\n|faint|p1a: Dudunsparce\n|\n|-heal|p2a: Great Tusk|262/304|[from] item: Leftovers\n|upkeep\n|\n|t:|1781383567\n|switch|p1a: Garchomp|Garchomp, L74, F|282/282\n|-damage|p1a: Garchomp|265/282|[from] Stealth Rock\n|-damage|p1a: Garchomp|230/282|[from] Spikes\n|-activate|p1a: Garchomp|move: Sticky Web\n|-unboost|p1a: Garchomp|spe|1\n|turn|25\n|\n|t:|1781383579\n|move|p2a: Great Tusk|Bulk Up|p2a: Great Tusk\n|-boost|p2a: Great Tusk|atk|1\n|-boost|p2a: Great Tusk|def|1\n|move|p1a: Garchomp|Earthquake|p2a: Great Tusk\n|-supereffective|p2a: Great Tusk\n|-damage|p2a: Great Tusk|140/304\n|\n|-heal|p2a: Great Tusk|159/304|[from] item: Leftovers\n|upkeep\n|turn|26\n|\n|t:|1781383585\n|move|p2a: Great Tusk|Close Combat|p1a: Garchomp\n|-damage|p1a: Garchomp|0 fnt\n|-unboost|p2a: Great Tusk|def|1\n|-unboost|p2a: Great Tusk|spd|1\n|-damage|p2a: Great Tusk|121/304|[from] ability: Rough Skin|[of] p1a: Garchomp\n|faint|p1a: Garchomp\n|\n|-heal|p2a: Great Tusk|140/304|[from] item: Leftovers\n|upkeep\n|\n|t:|1781383589\n|switch|p1a: Chansey|Chansey, L85, F|564/564\n|-damage|p1a: Chansey|494/564|[from] Stealth Rock\n|-damage|p1a: Chansey|424/564|[from] Spikes\n|-activate|p1a: Chansey|move: Sticky Web\n|-unboost|p1a: Chansey|spe|1\n|turn|27\n|\n|t:|1781383595\n|-terastallize|p1a: Chansey|Poison\n|move|p2a: Great Tusk|Earthquake|p1a: Chansey\n|-supereffective|p1a: Chansey\n|-damage|p1a: Chansey|0 fnt\n|faint|p1a: Chansey\n|\n|win|Emily Montes\n|raw|domstaaaa's rating: 1754 &rarr; <strong>1738</strong><br />(-16 for losing)\n|raw|Emily Montes's rating: 1819 &rarr; <strong>1835</strong><br />(+16 for winning)\n|l|\u2606domstaaaa\n|player|p1|\n", "inputlog": ">version a8376a258c1d4662feba110a92103f3664a72141\n>start {\"formatid\":\"gen9randombattle\",\"seed\":\"sodium,b7b09af57931e5ea5e18bf0796a16a10\",\"rated\":\"Rated battle\"}\n>player p1 {\"name\":\"domstaaaa\",\"avatar\":\"170\",\"rating\":1754,\"seed\":\"sodium,e7a935cc8d40b23f3e8ef71a81ed7e57\"}\n>player p2 {\"name\":\"Emily Montes\",\"avatar\":\"pokekid\",\"rating\":1819,\"seed\":\"sodium,9d4664010677135872fda383cd899ae9\"}\n>p1 move hydropump\n>p2 move stealthrock\n>p1 move encore\n>p2 move closecombat\n>p1 move knockoff\n>p2 switch 6\n>p1 move hydropump\n>p2 move spikes\n>p1 move hydropump\n>p2 switch 3\n>p1 move hydropump\n>p2 move drainpunch\n>p1 move hydropump\n>p2 move drainpunch\n>p1 switch 2\n>p1 move dynamaxcannon\n>p2 move knockoff\n>p1 move recover\n>p2 move knockoff\n>p1 move sludgebomb\n>p2 move knockoff\n>p2 switch 2\n>p1 move fireblast\n>p2 move stickyweb\n>p1 move fireblast\n>p2 move suckerpunch\n>p2 switch 5\n>p1 move dynamaxcannon\n>p2 move earthquake\n>p1 switch 6\n>p1 move sleeppowder\n>p2 move earthquake\n>p1 move quiverdance\n>p2 switch 6\n>p1 move bugbuzz\n>p2 move knockoff\n>p1 move bugbuzz\n>p2 move knockoff\n>p2 switch 4\n>p1 move sludgewave\n>p2 move flareblitz\n>p1 switch 5\n>p1 move earthquake\n>p2 move outrage\n>p2 switch 3\n>p1 move boomburst\n>p2 move earthquake\n>p2 switch 6\n>p1 move roost\n>p2 move earthquake\n>p1 move roost\n>p2 move closecombat\n>p1 move toxic\n>p2 move bulkup terastallize\n>p1 move earthquake\n>p2 move closecombat\n>p1 switch 4\n>p1 move earthquake\n>p2 move bulkup\n>p1 move earthquake\n>p2 move closecombat\n>p1 switch 3\n>p1 move thunderwave terastallize\n>p2 move earthquake", "uploadtime": 1781383602, "views": 8, "formatid": "gen9randombattle", "rating": 1738, "private": 0, "password": null}