{"id": "gen9randombattle-2631571398", "format": "[Gen 9] Random Battle", "players": ["SamJo", "Reconforce"], "log": "|j|\u2606SamJo\n|j|\u2606Reconforce\n|t:|1781402898\n|gametype|singles\n|player|p1|SamJo|steven-masters2|2259\n|player|p2|Reconforce|102|2250\n|gen|9\n|tier|[Gen 9] Random Battle\n|rated|\n|rule|Species Clause: Limit one of each Pok\u00e9mon\n|rule|HP Percentage Mod: HP is shown in percentages\n|rule|Sleep Clause Mod: Limit one foe put to sleep\n|rule|Illusion Level Mod: Illusion disguises the Pok\u00e9mon's true level\n|\n|t:|1781402898\n|teamsize|p1|6\n|teamsize|p2|6\n|start\n|switch|p1a: Chimecho|Chimecho, L93, F|290/290\n|switch|p2a: Glaceon|Glaceon, L94, M|275/275\n|turn|1\n|inactive|Battle timer is ON: inactive players will automatically lose when time's up. (requested by SamJo)\n|\n|t:|1781402912\n|switch|p2a: Darkrai|Darkrai, L77|234/234\n|move|p1a: Chimecho|Calm Mind|p1a: Chimecho\n|-boost|p1a: Chimecho|spa|1\n|-boost|p1a: Chimecho|spd|1\n|\n|upkeep\n|turn|2\n|\n|t:|1781402921\n|move|p2a: Darkrai|Hypnosis|p1a: Chimecho|[miss]\n|-miss|p2a: Darkrai|p1a: Chimecho\n|move|p1a: Chimecho|Calm Mind|p1a: Chimecho\n|-boost|p1a: Chimecho|spa|1\n|-boost|p1a: Chimecho|spd|1\n|\n|upkeep\n|turn|3\n|\n|t:|1781402925\n|move|p2a: Darkrai|Hypnosis|p1a: Chimecho|[miss]\n|-miss|p2a: Darkrai|p1a: Chimecho\n|move|p1a: Chimecho|Dazzling Gleam|p2a: Darkrai\n|-supereffective|p2a: Darkrai\n|-damage|p2a: Darkrai|0 fnt\n|faint|p2a: Darkrai\n|\n|upkeep\n|\n|t:|1781402927\n|switch|p2a: Copperajah|Copperajah, L86, M|350/350\n|turn|4\n|\n|t:|1781402941\n|switch|p1a: Cobalion|Cobalion, L80|277/277\n|move|p2a: Copperajah|Heavy Slam|p1a: Cobalion\n|-resisted|p1a: Cobalion\n|-damage|p1a: Cobalion|186/277\n|\n|-heal|p1a: Cobalion|203/277|[from] item: Leftovers\n|upkeep\n|turn|5\n|\n|t:|1781402949\n|switch|p2a: Luvdisc|Luvdisc, F|247/247\n|move|p1a: Cobalion|Aura Sphere|p2a: Luvdisc\n|-damage|p2a: Luvdisc|169/247\n|\n|-heal|p1a: Cobalion|220/277|[from] item: Leftovers\n|upkeep\n|turn|6\n|\n|t:|1781402963\n|switch|p1a: Chimecho|Chimecho, L93, F|290/290\n|move|p2a: Luvdisc|Surf|p1a: Chimecho\n|-damage|p1a: Chimecho|223/290\n|\n|-heal|p1a: Chimecho|241/290|[from] item: Leftovers\n|upkeep\n|turn|7\n|\n|t:|1781402966\n|move|p2a: Luvdisc|Whirlpool|p1a: Chimecho\n|-damage|p1a: Chimecho|213/290\n|-activate|p1a: Chimecho|move: Whirlpool|[of] p2a: Luvdisc\n|move|p1a: Chimecho|Calm Mind|p1a: Chimecho\n|-boost|p1a: Chimecho|spa|1\n|-boost|p1a: Chimecho|spd|1\n|\n|-heal|p1a: Chimecho|231/290|[from] item: Leftovers\n|-damage|p1a: Chimecho|195/290|[from] move: Whirlpool|[partiallytrapped]\n|upkeep\n|turn|8\n|\n|t:|1781402971\n|switch|p2a: Copperajah|Copperajah, L86, M|350/350\n|move|p1a: Chimecho|Calm Mind|p1a: Chimecho\n|-boost|p1a: Chimecho|spa|1\n|-boost|p1a: Chimecho|spd|1\n|\n|-heal|p1a: Chimecho|213/290|[from] item: Leftovers\n|-end|p1a: Chimecho|Whirlpool|[partiallytrapped]|[silent]\n|upkeep\n|turn|9\n|\n|t:|1781402977\n|move|p1a: Chimecho|Psychic Noise|p2a: Copperajah\n|-resisted|p2a: Copperajah\n|-damage|p2a: Copperajah|230/350\n|-start|p2a: Copperajah|move: Heal Block\n|move|p2a: Copperajah|Heat Crash|p1a: Chimecho\n|-damage|p1a: Chimecho|59/290\n|\n|-heal|p1a: Chimecho|77/290|[from] item: Leftovers\n|upkeep\n|turn|10\n|\n|t:|1781402984\n|move|p1a: Chimecho|Recover|p1a: Chimecho\n|-heal|p1a: Chimecho|222/290\n|move|p2a: Copperajah|Heat Crash|p1a: Chimecho\n|-damage|p1a: Chimecho|62/290\n|\n|-heal|p1a: Chimecho|80/290|[from] item: Leftovers\n|-end|p2a: Copperajah|move: Heal Block\n|upkeep\n|turn|11\n|\n|t:|1781402997\n|move|p1a: Chimecho|Recover|p1a: Chimecho\n|-heal|p1a: Chimecho|225/290\n|move|p2a: Copperajah|Heat Crash|p1a: Chimecho\n|-damage|p1a: Chimecho|60/290\n|\n|-heal|p1a: Chimecho|78/290|[from] item: Leftovers\n|upkeep\n|turn|12\n|\n|t:|1781403001\n|move|p1a: Chimecho|Recover|p1a: Chimecho\n|-heal|p1a: Chimecho|223/290\n|move|p2a: Copperajah|Heat Crash|p1a: Chimecho\n|-damage|p1a: Chimecho|60/290\n|\n|-heal|p1a: Chimecho|78/290|[from] item: Leftovers\n|upkeep\n|turn|13\n|\n|t:|1781403008\n|move|p1a: Chimecho|Recover|p1a: Chimecho\n|-heal|p1a: Chimecho|223/290\n|move|p2a: Copperajah|Heat Crash|p1a: Chimecho\n|-damage|p1a: Chimecho|47/290\n|\n|-heal|p1a: Chimecho|65/290|[from] item: Leftovers\n|upkeep\n|turn|14\n|\n|t:|1781403014\n|switch|p1a: Gliscor|Gliscor, L76, F|239/239\n|move|p2a: Copperajah|Heat Crash|p1a: Gliscor\n|-damage|p1a: Gliscor|90/239\n|\n|-status|p1a: Gliscor|tox|[from] item: Toxic Orb\n|upkeep\n|turn|15\n|\n|t:|1781403017\n|move|p1a: Gliscor|Protect|p1a: Gliscor\n|-singleturn|p1a: Gliscor|Protect\n|move|p2a: Copperajah|Heat Crash|p1a: Gliscor\n|-activate|p1a: Gliscor|move: Protect\n|\n|-heal|p1a: Gliscor|119/239 tox|[from] ability: Poison Heal\n|upkeep\n|turn|16\n|\n|t:|1781403024\n|move|p1a: Gliscor|Substitute|p1a: Gliscor\n|-start|p1a: Gliscor|Substitute\n|-damage|p1a: Gliscor|60/239 tox\n|move|p2a: Copperajah|Heat Crash|p1a: Gliscor\n|-end|p1a: Gliscor|Substitute\n|\n|-heal|p1a: Gliscor|89/239 tox|[from] ability: Poison Heal\n|upkeep\n|turn|17\n|\n|t:|1781403027\n|switch|p2a: Luvdisc|Luvdisc, F|169/247\n|move|p1a: Gliscor|Protect||[still]\n|-fail|p1a: Gliscor\n|\n|-heal|p1a: Gliscor|118/239 tox|[from] ability: Poison Heal\n|upkeep\n|turn|18\n|\n|t:|1781403030\n|move|p1a: Gliscor|Protect|p1a: Gliscor\n|-singleturn|p1a: Gliscor|Protect\n|move|p2a: Luvdisc|Substitute|p2a: Luvdisc\n|-start|p2a: Luvdisc|Substitute\n|-damage|p2a: Luvdisc|108/247\n|\n|-heal|p1a: Gliscor|147/239 tox|[from] ability: Poison Heal\n|upkeep\n|turn|19\n|\n|t:|1781403048\n|switch|p1a: Kommo-o|Kommo-o, L78, F|245/245\n|move|p2a: Luvdisc|Whirlpool|p1a: Kommo-o|[miss]\n|-miss|p2a: Luvdisc|p1a: Kommo-o\n|\n|upkeep\n|turn|20\n|\n|t:|1781403053\n|switch|p2a: Polteageist|Polteageist, L78|222/222\n|move|p1a: Kommo-o|Swords Dance|p1a: Kommo-o\n|-boost|p1a: Kommo-o|atk|2\n|\n|upkeep\n|turn|21\n|\n|t:|1781403059\n|switch|p2a: Luvdisc|Luvdisc, F|108/247\n|move|p1a: Kommo-o|Scale Shot|p2a: Luvdisc\n|-damage|p2a: Luvdisc|47/247\n|-damage|p2a: Luvdisc|0 fnt\n|faint|p2a: Luvdisc\n|-hitcount|p2: Luvdisc|2\n|-unboost|p1a: Kommo-o|def|1\n|-boost|p1a: Kommo-o|spe|1\n|\n|upkeep\n|\n|t:|1781403061\n|switch|p2a: Glaceon|Glaceon, L94, M|275/275\n|turn|22\n|\n|t:|1781403084\n|-terastallize|p1a: Kommo-o|Steel\n|-terastallize|p2a: Glaceon|Ground\n|move|p1a: Kommo-o|Swords Dance|p1a: Kommo-o\n|-boost|p1a: Kommo-o|atk|2\n|move|p2a: Glaceon|Mud Shot|p1a: Kommo-o\n|-supereffective|p1a: Kommo-o\n|-damage|p1a: Kommo-o|51/245\n|-unboost|p1a: Kommo-o|spe|1\n|\n|upkeep\n|turn|23\n|\n|t:|1781403094\n|move|p1a: Kommo-o|Close Combat|p2a: Glaceon\n|-damage|p2a: Glaceon|0 fnt\n|-unboost|p1a: Kommo-o|def|1\n|-unboost|p1a: Kommo-o|spd|1\n|faint|p2a: Glaceon\n|\n|upkeep\n|\n|t:|1781403098\n|switch|p2a: Flapple|Flapple, L88, F|266/266\n|turn|24\n|\n|t:|1781403109\n|switch|p1a: Clefable|Clefable, L83, F|293/293\n|move|p2a: Flapple|Sucker Punch||[still]\n|-fail|p2a: Flapple\n|\n|upkeep\n|turn|25\n|\n|t:|1781403117\n|move|p2a: Flapple|Grav Apple|p1a: Clefable\n|-damage|p1a: Clefable|128/293\n|-unboost|p1a: Clefable|def|1\n|move|p1a: Clefable|Calm Mind|p1a: Clefable\n|-boost|p1a: Clefable|spa|1\n|-boost|p1a: Clefable|spd|1\n|\n|-heal|p1a: Clefable|146/293|[from] item: Leftovers\n|upkeep\n|turn|26\n|\n|t:|1781403126\n|switch|p1a: Chimecho|Chimecho, L93, F|65/290\n|move|p2a: Flapple|Grav Apple|p1a: Chimecho\n|-damage|p1a: Chimecho|0 fnt\n|faint|p1a: Chimecho\n|\n|upkeep\n|\n|t:|1781403142\n|switch|p1a: Gliscor|Gliscor, L76, F|147/239 tox\n|turn|27\n|\n|t:|1781403144\n|move|p1a: Gliscor|Toxic|p2a: Flapple\n|-status|p2a: Flapple|tox\n|-enditem|p2a: Flapple|Lum Berry|[eat]\n|-curestatus|p2a: Flapple|tox|[msg]\n|move|p2a: Flapple|Dragon Dance|p2a: Flapple\n|-boost|p2a: Flapple|atk|1\n|-boost|p2a: Flapple|spe|1\n|\n|-heal|p1a: Gliscor|176/239 tox|[from] ability: Poison Heal\n|upkeep\n|turn|28\n|\n|t:|1781403148\n|move|p1a: Gliscor|Protect|p1a: Gliscor\n|-singleturn|p1a: Gliscor|Protect\n|move|p2a: Flapple|Grav Apple|p1a: Gliscor\n|-activate|p1a: Gliscor|move: Protect\n|\n|-heal|p1a: Gliscor|205/239 tox|[from] ability: Poison Heal\n|upkeep\n|turn|29\n|\n|t:|1781403156\n|move|p2a: Flapple|Grav Apple|p1a: Gliscor\n|-damage|p1a: Gliscor|13/239 tox\n|-unboost|p1a: Gliscor|def|1\n|move|p1a: Gliscor|Toxic|p2a: Flapple\n|-status|p2a: Flapple|tox\n|\n|-damage|p2a: Flapple|250/266 tox|[from] psn\n|-heal|p1a: Gliscor|42/239 tox|[from] ability: Poison Heal\n|upkeep\n|turn|30\n|\n|t:|1781403161\n|move|p1a: Gliscor|Protect|p1a: Gliscor\n|-singleturn|p1a: Gliscor|Protect\n|move|p2a: Flapple|Grav Apple|p1a: Gliscor\n|-activate|p1a: Gliscor|move: Protect\n|\n|-damage|p2a: Flapple|218/266 tox|[from] psn\n|-heal|p1a: Gliscor|71/239 tox|[from] ability: Poison Heal\n|upkeep\n|turn|31\n|\n|t:|1781403185\n|switch|p1a: Kommo-o|Kommo-o, L78, F, tera:Steel|51/245\n|move|p2a: Flapple|Grav Apple|p1a: Kommo-o\n|-resisted|p1a: Kommo-o\n|-damage|p1a: Kommo-o|0 fnt\n|faint|p1a: Kommo-o\n|\n|-damage|p2a: Flapple|170/266 tox|[from] psn\n|upkeep\n|\n|t:|1781403187\n|switch|p1a: Gliscor|Gliscor, L76, F|71/239 tox\n|turn|32\n|\n|t:|1781403191\n|switch|p2a: Copperajah|Copperajah, L86, M|230/350\n|move|p1a: Gliscor|Protect||[still]\n|-fail|p1a: Gliscor\n|\n|-heal|p1a: Gliscor|100/239 tox|[from] ability: Poison Heal\n|upkeep\n|turn|33\n|\n|t:|1781403193\n|move|p1a: Gliscor|Protect|p1a: Gliscor\n|-singleturn|p1a: Gliscor|Protect\n|move|p2a: Copperajah|Heat Crash|p1a: Gliscor\n|-activate|p1a: Gliscor|move: Protect\n|\n|-heal|p1a: Gliscor|129/239 tox|[from] ability: Poison Heal\n|upkeep\n|turn|34\n|\n|t:|1781403219\n|move|p1a: Gliscor|Substitute|p1a: Gliscor\n|-start|p1a: Gliscor|Substitute\n|-damage|p1a: Gliscor|70/239 tox\n|move|p2a: Copperajah|Heat Crash|p1a: Gliscor\n|-end|p1a: Gliscor|Substitute\n|\n|-heal|p1a: Gliscor|99/239 tox|[from] ability: Poison Heal\n|upkeep\n|turn|35\n|\n|t:|1781403221\n|move|p1a: Gliscor|Protect|p1a: Gliscor\n|-singleturn|p1a: Gliscor|Protect\n|move|p2a: Copperajah|Heat Crash|p1a: Gliscor\n|-activate|p1a: Gliscor|move: Protect\n|\n|-heal|p1a: Gliscor|128/239 tox|[from] ability: Poison Heal\n|upkeep\n|turn|36\n|\n|t:|1781403224\n|move|p1a: Gliscor|Substitute|p1a: Gliscor\n|-start|p1a: Gliscor|Substitute\n|-damage|p1a: Gliscor|69/239 tox\n|move|p2a: Copperajah|Heat Crash|p1a: Gliscor\n|-end|p1a: Gliscor|Substitute\n|\n|-heal|p1a: Gliscor|98/239 tox|[from] ability: Poison Heal\n|upkeep\n|turn|37\n|\n|t:|1781403226\n|move|p1a: Gliscor|Protect|p1a: Gliscor\n|-singleturn|p1a: Gliscor|Protect\n|move|p2a: Copperajah|Heat Crash|p1a: Gliscor\n|-activate|p1a: Gliscor|move: Protect\n|\n|-heal|p1a: Gliscor|127/239 tox|[from] ability: Poison Heal\n|upkeep\n|turn|38\n|\n|t:|1781403232\n|move|p1a: Gliscor|Substitute|p1a: Gliscor\n|-start|p1a: Gliscor|Substitute\n|-damage|p1a: Gliscor|68/239 tox\n|move|p2a: Copperajah|Heat Crash|p1a: Gliscor\n|-end|p1a: Gliscor|Substitute\n|\n|-heal|p1a: Gliscor|97/239 tox|[from] ability: Poison Heal\n|upkeep\n|turn|39\n|\n|t:|1781403234\n|move|p1a: Gliscor|Protect|p1a: Gliscor\n|-singleturn|p1a: Gliscor|Protect\n|move|p2a: Copperajah|Heat Crash|p1a: Gliscor\n|-activate|p1a: Gliscor|move: Protect\n|\n|-heal|p1a: Gliscor|126/239 tox|[from] ability: Poison Heal\n|upkeep\n|turn|40\n|\n|t:|1781403239\n|move|p1a: Gliscor|Substitute|p1a: Gliscor\n|-start|p1a: Gliscor|Substitute\n|-damage|p1a: Gliscor|67/239 tox\n|move|p2a: Copperajah|Heat Crash|p1a: Gliscor\n|-end|p1a: Gliscor|Substitute\n|\n|-heal|p1a: Gliscor|96/239 tox|[from] ability: Poison Heal\n|upkeep\n|turn|41\n|\n|t:|1781403245\n|switch|p2a: Flapple|Flapple, L88, F|170/266 tox\n|move|p1a: Gliscor|Toxic|p2a: Flapple\n|-fail|p2a: Flapple|tox\n|\n|-heal|p1a: Gliscor|125/239 tox|[from] ability: Poison Heal\n|-damage|p2a: Flapple|154/266 tox|[from] psn\n|upkeep\n|turn|42\n|\n|t:|1781403254\n|move|p1a: Gliscor|Protect|p1a: Gliscor\n|-singleturn|p1a: Gliscor|Protect\n|move|p2a: Flapple|Grav Apple|p1a: Gliscor\n|-activate|p1a: Gliscor|move: Protect\n|\n|-heal|p1a: Gliscor|154/239 tox|[from] ability: Poison Heal\n|-damage|p2a: Flapple|122/266 tox|[from] psn\n|upkeep\n|turn|43\n|\n|t:|1781403260\n|move|p1a: Gliscor|Substitute|p1a: Gliscor\n|-start|p1a: Gliscor|Substitute\n|-damage|p1a: Gliscor|95/239 tox\n|move|p2a: Flapple|Grav Apple|p1a: Gliscor\n|-end|p1a: Gliscor|Substitute\n|\n|-heal|p1a: Gliscor|124/239 tox|[from] ability: Poison Heal\n|-damage|p2a: Flapple|74/266 tox|[from] psn\n|upkeep\n|turn|44\n|\n|t:|1781403270\n|move|p1a: Gliscor|Protect|p1a: Gliscor\n|-singleturn|p1a: Gliscor|Protect\n|move|p2a: Flapple|Grav Apple|p1a: Gliscor\n|-activate|p1a: Gliscor|move: Protect\n|\n|-heal|p1a: Gliscor|153/239 tox|[from] ability: Poison Heal\n|-damage|p2a: Flapple|10/266 tox|[from] psn\n|upkeep\n|turn|45\n|\n|t:|1781403277\n|move|p1a: Gliscor|Substitute|p1a: Gliscor\n|-start|p1a: Gliscor|Substitute\n|-damage|p1a: Gliscor|94/239 tox\n|move|p2a: Flapple|Outrage|p1a: Gliscor\n|-end|p1a: Gliscor|Substitute\n|\n|-heal|p1a: Gliscor|123/239 tox|[from] ability: Poison Heal\n|-damage|p2a: Flapple|0 fnt|[from] psn\n|faint|p2a: Flapple\n|upkeep\n|\n|t:|1781403279\n|switch|p2a: Copperajah|Copperajah, L86, M|230/350\n|turn|46\n|\n|t:|1781403281\n|move|p1a: Gliscor|Protect|p1a: Gliscor\n|-singleturn|p1a: Gliscor|Protect\n|move|p2a: Copperajah|Heavy Slam|p1a: Gliscor\n|-activate|p1a: Gliscor|move: Protect\n|\n|-heal|p1a: Gliscor|152/239 tox|[from] ability: Poison Heal\n|upkeep\n|turn|47\n|\n|t:|1781403284\n|switch|p1a: Cobalion|Cobalion, L80|220/277\n|move|p2a: Copperajah|Heavy Slam|p1a: Cobalion\n|-resisted|p1a: Cobalion\n|-damage|p1a: Cobalion|127/277\n|\n|-heal|p1a: Cobalion|144/277|[from] item: Leftovers\n|upkeep\n|turn|48\n|\n|t:|1781403291\n|switch|p1a: Gliscor|Gliscor, L76, F|152/239 tox\n|move|p2a: Copperajah|Heavy Slam|p1a: Gliscor\n|-damage|p1a: Gliscor|0 fnt\n|faint|p1a: Gliscor\n|\n|upkeep\n|\n|t:|1781403293\n|switch|p1a: Raikou|Raikou, L81|278/278\n|-ability|p1a: Raikou|Pressure\n|turn|49\n|\n|t:|1781403295\n|switch|p2a: Polteageist|Polteageist, L78|222/222\n|move|p1a: Raikou|Calm Mind|p1a: Raikou\n|-boost|p1a: Raikou|spa|1\n|-boost|p1a: Raikou|spd|1\n|\n|upkeep\n|turn|50\n|\n|t:|1781403298\n|move|p1a: Raikou|Calm Mind|p1a: Raikou\n|-boost|p1a: Raikou|spa|1\n|-boost|p1a: Raikou|spd|1\n|move|p2a: Polteageist|Shell Smash|p2a: Polteageist\n|-unboost|p2a: Polteageist|def|1\n|-unboost|p2a: Polteageist|spd|1\n|-boost|p2a: Polteageist|atk|2\n|-boost|p2a: Polteageist|spa|2\n|-boost|p2a: Polteageist|spe|2\n|-enditem|p2a: Polteageist|White Herb\n|-clearnegativeboost|p2a: Polteageist|[silent]\n|\n|upkeep\n|turn|51\n|\n|t:|1781403305\n|move|p2a: Polteageist|Stored Power|p1a: Raikou\n|-damage|p1a: Raikou|170/278\n|move|p1a: Raikou|Calm Mind|p1a: Raikou\n|-boost|p1a: Raikou|spa|1\n|-boost|p1a: Raikou|spd|1\n|\n|-heal|p1a: Raikou|187/278|[from] item: Leftovers\n|upkeep\n|turn|52\n|\n|t:|1781403309\n|move|p2a: Polteageist|Stored Power|p1a: Raikou\n|-damage|p1a: Raikou|108/278\n|move|p1a: Raikou|Shadow Ball|p2a: Polteageist\n|-supereffective|p2a: Polteageist\n|-damage|p2a: Polteageist|0 fnt\n|faint|p2a: Polteageist\n|\n|-heal|p1a: Raikou|125/278|[from] item: Leftovers\n|upkeep\n|-message|Reconforce forfeited.\n|\n|win|SamJo\n|raw|SamJo's rating: 2259 &rarr; <strong>2278</strong><br />(+19 for winning)\n|raw|Reconforce's rating: 2250 &rarr; <strong>2231</strong><br />(-19 for losing)\n", "inputlog": ">version a8376a258c1d4662feba110a92103f3664a72141\n>start {\"formatid\":\"gen9randombattle\",\"seed\":\"sodium,254bda30a5b0ab4807f839dc58931e3a\",\"rated\":\"Rated battle\"}\n>player p1 {\"name\":\"SamJo\",\"avatar\":\"steven-masters2\",\"rating\":2259,\"seed\":\"sodium,7d7857fd1349d1aebdafe7b391b59574\"}\n>player p2 {\"name\":\"Reconforce\",\"avatar\":\"102\",\"rating\":2250,\"seed\":\"sodium,9ac4021a1935da39a66a727da0ce9d78\"}\n>p1 move calmmind\n>p2 switch 6\n>p1 move calmmind\n>p2 move hypnosis\n>p1 move dazzlinggleam\n>p2 move hypnosis\n>p2 switch 4\n>p1 switch 5\n>p2 move heavyslam\n>p1 move aurasphere\n>p2 switch 5\n>p1 switch 5\n>p2 move surf\n>p1 move calmmind\n>p2 move whirlpool\n>p1 move calmmind\n>p2 switch 5\n>p1 move psychicnoise\n>p2 move heatcrash\n>p1 move recover\n>p2 move heatcrash\n>p1 move recover\n>p2 move heatcrash\n>p1 move recover\n>p2 move heatcrash\n>p1 move recover\n>p2 move heatcrash\n>p1 switch 2\n>p2 move heatcrash\n>p1 move protect\n>p2 move heatcrash\n>p1 move substitute\n>p2 move heatcrash\n>p1 move protect\n>p2 switch 5\n>p1 move protect\n>p2 move substitute\n>p1 switch 4\n>p2 move whirlpool\n>p1 move swordsdance\n>p2 switch 2\n>p1 move scaleshot\n>p2 switch 2\n>p2 switch 6\n>p1 move swordsdance terastallize\n>p2 move mudshot terastallize\n>p1 move closecombat\n>p2 move mudshot\n>p2 switch 3\n>p1 switch 3\n>p2 move suckerpunch\n>p1 move calmmind\n>p2 move gravapple\n>p1 switch 2\n>p2 move gravapple\n>p1 switch 4\n>p1 move toxic\n>p2 move dragondance\n>p1 move protect\n>p2 move gravapple\n>p1 move toxic\n>p2 move gravapple\n>p1 move protect\n>p2 move gravapple\n>p1 switch 3\n>p2 move gravapple\n>p1 switch 3\n>p1 move protect\n>p2 switch 5\n>p1 move protect\n>p2 move heatcrash\n>p1 move substitute\n>p2 move heatcrash\n>p1 move protect\n>p2 move heatcrash\n>p1 move substitute\n>p2 move heatcrash\n>p1 move protect\n>p2 move heatcrash\n>p1 move substitute\n>p2 move heatcrash\n>p1 move protect\n>p2 move heatcrash\n>p1 move substitute\n>p2 move heatcrash\n>p1 move toxic\n>p2 switch 5\n>p1 move protect\n>p2 move gravapple\n>p1 move substitute\n>p2 move gravapple\n>p1 move protect\n>p2 move gravapple\n>p1 move substitute\n>p2 move outrage\n>p2 switch 5\n>p1 move protect\n>p2 move heavyslam\n>p1 switch 5\n>p2 move heavyslam\n>p1 switch 5\n>p2 move heavyslam\n>p1 switch 6\n>p1 move calmmind\n>p2 switch 2\n>p1 move calmmind\n>p2 move shellsmash\n>p1 move calmmind\n>p2 move storedpower\n>p1 move shadowball\n>p2 move storedpower\n>forcelose p2", "uploadtime": 1781402900, "views": 8, "formatid": "gen9randombattle", "rating": 2231, "private": 0, "password": null, "player_dets": [{"name": "SamJo", "avatar": "steven-masters2", "rating": 2259, "seed": "sodium,7d7857fd1349d1aebdafe7b391b59574"}, {"name": "Reconforce", "avatar": "102", "rating": 2250, "seed": "sodium,9ac4021a1935da39a66a727da0ce9d78"}], "teams_full": [{"Chimecho": {"name": "Chimecho", "species": "Chimecho", "speciesId": "chimecho", "gender": "F", "shiny": false, "level": 93, "moves": ["calmmind", "recover", "psychicnoise", "dazzlinggleam"], "ability": "Levitate", "evs": {"hp": 85, "atk": 0, "def": 85, "spa": 85, "spd": 85, "spe": 85}, "ivs": {"hp": 31, "atk": 0, "def": 31, "spa": 31, "spd": 31, "spe": 31}, "item": "Leftovers", "teraType": "Steel", "role": "Bulky Setup", "bvs": {"hp": 75, "atk": 50, "def": 80, "spa": 95, "spd": 90, "spe": 65}, "stats": {"hp": 290, "atk": 98, "def": 202, "spa": 230, "spd": 220, "spe": 174}}, "Gliscor": {"name": "Gliscor", "species": "Gliscor", "speciesId": "gliscor", "gender": "F", "shiny": false, "level": 76, "moves": ["toxic", "protect", "substitute", "earthquake"], "ability": "Poison Heal", "evs": {"hp": 85, "atk": 85, "def": 85, "spa": 85, "spd": 85, "spe": 85}, "ivs": {"hp": 31, "atk": 31, "def": 31, "spa": 31, "spd": 31, "spe": 31}, "item": "Toxic Orb", "teraType": "Water", "role": "Fast Support", "bvs": {"hp": 75, "atk": 95, "def": 125, "spa": 45, "spd": 75, "spe": 95}, "stats": {"hp": 239, "atk": 188, "def": 234, "spa": 112, "spd": 158, "spe": 188}}, "Clefable": {"name": "Clefable", "species": "Clefable", "speciesId": "clefable", "gender": "F", "shiny": false, "level": 83, "moves": ["moonlight", "moonblast", "calmmind", "fireblast"], "ability": "Unaware", "evs": {"hp": 85, "atk": 0, "def": 85, "spa": 85, "spd": 85, "spe": 85}, "ivs": {"hp": 31, "atk": 0, "def": 31, "spa": 31, "spd": 31, "spe": 31}, "item": "Leftovers", "teraType": "Fire", "role": "Bulky Setup", "bvs": {"hp": 95, "atk": 70, "def": 73, "spa": 95, "spd": 90, "spe": 60}, "stats": {"hp": 293, "atk": 121, "def": 169, "spa": 205, "spd": 197, "spe": 147}}, "Kommo-o": {"name": "Kommo-o", "species": "Kommo-o", "speciesId": "kommoo", "gender": "F", "shiny": false, "level": 78, "moves": ["swordsdance", "closecombat", "ironhead", "scaleshot"], "ability": "Soundproof", "evs": {"hp": 85, "atk": 85, "def": 85, "spa": 85, "spd": 85, "spe": 85}, "ivs": {"hp": 31, "atk": 31, "def": 31, "spa": 31, "spd": 31, "spe": 31}, "item": "Loaded Dice", "teraType": "Steel", "role": "Setup Sweeper", "bvs": {"hp": 75, "atk": 110, "def": 125, "spa": 100, "spd": 105, "spe": 85}, "stats": {"hp": 245, "atk": 217, "def": 240, "spa": 201, "spd": 209, "spe": 178}}, "Cobalion": {"name": "Cobalion", "species": "Cobalion", "speciesId": "cobalion", "gender": "N", "shiny": false, "level": 80, "moves": ["vacuumwave", "flashcannon", "calmmind", "aurasphere"], "ability": "Justified", "evs": {"hp": 85, "atk": 0, "def": 85, "spa": 85, "spd": 85, "spe": 85}, "ivs": {"hp": 31, "atk": 0, "def": 31, "spa": 31, "spd": 31, "spe": 31}, "item": "Leftovers", "teraType": "Water", "role": "Bulky Setup", "bvs": {"hp": 91, "atk": 90, "def": 129, "spa": 90, "spd": 72, "spe": 108}, "stats": {"hp": 277, "atk": 149, "def": 253, "spa": 190, "spd": 161, "spe": 219}}, "Raikou": {"name": "Raikou", "species": "Raikou", "speciesId": "raikou", "gender": "N", "shiny": false, "level": 81, "moves": ["thunderbolt", "shadowball", "scald", "calmmind"], "ability": "Pressure", "evs": {"hp": 85, "atk": 0, "def": 85, "spa": 85, "spd": 85, "spe": 85}, "ivs": {"hp": 31, "atk": 0, "def": 31, "spa": 31, "spd": 31, "spe": 31}, "item": "Leftovers", "teraType": "Water", "role": "Bulky Attacker", "bvs": {"hp": 90, "atk": 85, "def": 75, "spa": 115, "spd": 100, "spe": 115}, "stats": {"hp": 278, "atk": 142, "def": 168, "spa": 233, "spd": 209, "spe": 233}}}, {"Glaceon": {"name": "Glaceon", "species": "Glaceon", "speciesId": "glaceon", "gender": "M", "shiny": false, "level": 94, "moves": ["protect", "wish", "mudshot", "freezedry"], "ability": "Ice Body", "evs": {"hp": 85, "atk": 0, "def": 85, "spa": 85, "spd": 85, "spe": 85}, "ivs": {"hp": 31, "atk": 0, "def": 31, "spa": 31, "spd": 31, "spe": 31}, "item": "Heavy-Duty Boots", "teraType": "Ground", "role": "Bulky Attacker", "bvs": {"hp": 65, "atk": 60, "def": 110, "spa": 130, "spd": 95, "spe": 65}, "stats": {"hp": 275, "atk": 117, "def": 260, "spa": 298, "spd": 232, "spe": 176}}, "Polteageist": {"name": "Polteageist", "species": "Polteageist", "speciesId": "polteageist", "gender": "N", "shiny": false, "level": 78, "moves": ["shellsmash", "terablast", "shadowball", "storedpower"], "ability": "Cursed Body", "evs": {"hp": 85, "atk": 0, "def": 85, "spa": 85, "spd": 85, "spe": 85}, "ivs": {"hp": 31, "atk": 0, "def": 31, "spa": 31, "spd": 31, "spe": 31}, "item": "White Herb", "teraType": "Fighting", "role": "Tera Blast user", "bvs": {"hp": 60, "atk": 65, "def": 65, "spa": 134, "spd": 114, "spe": 70}, "stats": {"hp": 222, "atk": 106, "def": 146, "spa": 254, "spd": 223, "spe": 154}}, "Flapple": {"name": "Flapple", "species": "Flapple", "speciesId": "flapple", "gender": "F", "shiny": false, "level": 88, "moves": ["outrage", "suckerpunch", "gravapple", "dragondance"], "ability": "Hustle", "evs": {"hp": 85, "atk": 85, "def": 85, "spa": 85, "spd": 85, "spe": 85}, "ivs": {"hp": 31, "atk": 31, "def": 31, "spa": 31, "spd": 31, "spe": 31}, "item": "Lum Berry", "teraType": "Dragon", "role": "Fast Attacker", "bvs": {"hp": 70, "atk": 110, "def": 80, "spa": 95, "spd": 60, "spe": 70}, "stats": {"hp": 266, "atk": 244, "def": 191, "spa": 217, "spd": 156, "spe": 173}}, "Copperajah": {"name": "Copperajah", "species": "Copperajah", "speciesId": "copperajah", "gender": "M", "shiny": false, "level": 86, "moves": ["superpower", "earthquake", "heavyslam", "heatcrash"], "ability": "Heavy Metal", "evs": {"hp": 85, "atk": 85, "def": 85, "spa": 85, "spd": 85, "spe": 85}, "ivs": {"hp": 31, "atk": 31, "def": 31, "spa": 31, "spd": 31, "spe": 31}, "item": "Choice Band", "teraType": "Flying", "role": "Bulky Attacker", "bvs": {"hp": 122, "atk": 130, "def": 69, "spa": 80, "spd": 69, "spe": 30}, "stats": {"hp": 350, "atk": 273, "def": 168, "spa": 187, "spd": 168, "spe": 101}}, "Luvdisc": {"name": "Luvdisc", "species": "Luvdisc", "speciesId": "luvdisc", "gender": "F", "shiny": false, "level": 100, "moves": ["surf", "endeavor", "whirlpool", "substitute"], "ability": "Swift Swim", "evs": {"hp": 81, "atk": 0, "def": 85, "spa": 85, "spd": 85, "spe": 85}, "ivs": {"hp": 31, "atk": 0, "def": 31, "spa": 31, "spd": 31, "spe": 31}, "item": "Heavy-Duty Boots", "teraType": "Ground", "role": "Fast Support", "bvs": {"hp": 43, "atk": 30, "def": 55, "spa": 40, "spd": 65, "spe": 97}, "stats": {"hp": 247, "atk": 65, "def": 167, "spa": 137, "spd": 187, "spe": 251}}, "Darkrai": {"name": "Darkrai", "species": "Darkrai", "speciesId": "darkrai", "gender": "N", "shiny": false, "level": 77, "moves": ["hypnosis", "darkpulse", "sludgebomb", "nastyplot"], "ability": "Bad Dreams", "evs": {"hp": 85, "atk": 0, "def": 85, "spa": 85, "spd": 85, "spe": 85}, "ivs": {"hp": 31, "atk": 0, "def": 31, "spa": 31, "spd": 31, "spe": 31}, "item": "Life Orb", "teraType": "Poison", "role": "Setup Sweeper", "bvs": {"hp": 70, "atk": 90, "def": 90, "spa": 135, "spd": 90, "spe": 125}, "stats": {"hp": 234, "atk": 143, "def": 183, "spa": 252, "spd": 183, "spe": 237}}}]}