{"id": "gen9randombattle-2631438640", "format": "[Gen 9] Random Battle", "players": ["jatrix03", "turbointing"], "log": "|j|\u2606jatrix03\n|j|\u2606turbointing\n|t:|1781384725\n|gametype|singles\n|player|p1|jatrix03|266|1535\n|player|p2|turbointing|170|1584\n|gen|9\n|tier|[Gen 9] Random Battle\n|rated|\n|rule|Species Clause: Limit one of each Pok\u00e9mon\n|rule|HP Percentage Mod: HP is shown in percentages\n|rule|Sleep Clause Mod: Limit one foe put to sleep\n|rule|Illusion Level Mod: Illusion disguises the Pok\u00e9mon's true level\n|\n|t:|1781384725\n|teamsize|p1|6\n|teamsize|p2|6\n|start\n|switch|p1a: Gumshoos|Gumshoos, L95, F|321/321\n|switch|p2a: Regice|Regice, L88|284/284\n|turn|1\n|\n|t:|1781384741\n|switch|p2a: Zamazenta|Zamazenta-Crowned, L68|238/238\n|-ability|p2a: Zamazenta|Dauntless Shield|boost\n|-boost|p2a: Zamazenta|def|1\n|move|p1a: Gumshoos|Knock Off|p2a: Zamazenta\n|-resisted|p2a: Zamazenta\n|-damage|p2a: Zamazenta|187/238\n|\n|upkeep\n|turn|2\n|\n|t:|1781384756\n|switch|p1a: Hydrapple|Hydrapple, L83, F|312/312\n|move|p2a: Zamazenta|Iron Defense|p2a: Zamazenta\n|-boost|p2a: Zamazenta|def|2\n|\n|upkeep\n|turn|3\n|\n|t:|1781384762\n|move|p2a: Zamazenta|Body Press|p1a: Hydrapple\n|-damage|p1a: Hydrapple|155/312\n|move|p1a: Hydrapple|Dragon Tail|p2a: Zamazenta\n|-resisted|p2a: Zamazenta\n|-damage|p2a: Zamazenta|178/238\n|drag|p2a: Bellibolt|Bellibolt, L84, F|320/320\n|\n|upkeep\n|turn|4\n|\n|t:|1781384778\n|switch|p1a: Leavanny|Leavanny, L86, M|269/269\n|move|p2a: Bellibolt|Volt Switch|p1a: Leavanny\n|-resisted|p1a: Leavanny\n|-damage|p1a: Leavanny|227/269\n|\n|t:|1781384792\n|switch|p2a: Scovillain|Scovillain, L91, M|266/266|[from] Volt Switch\n|\n|upkeep\n|turn|5\n|\n|t:|1781384804\n|switch|p1a: Salazzle|Salazzle, L83, F|249/249\n|move|p2a: Scovillain|Flamethrower|p1a: Salazzle\n|-resisted|p1a: Salazzle\n|-damage|p1a: Salazzle|168/249\n|\n|upkeep\n|turn|6\n|\n|t:|1781384817\n|move|p2a: Scovillain|Flamethrower|p1a: Salazzle\n|-resisted|p1a: Salazzle\n|-damage|p1a: Salazzle|90/249\n|move|p1a: Salazzle|Fire Blast|p2a: Scovillain\n|-damage|p2a: Scovillain|109/266\n|\n|upkeep\n|turn|7\n|\n|t:|1781384827\n|-terastallize|p2a: Scovillain|Fire\n|move|p2a: Scovillain|Flamethrower|p1a: Salazzle\n|-resisted|p1a: Salazzle\n|-crit|p1a: Salazzle\n|-damage|p1a: Salazzle|0 fnt\n|faint|p1a: Salazzle\n|\n|upkeep\n|\n|t:|1781384843\n|switch|p1a: Hydrapple|Hydrapple, L83, F|259/312\n|turn|8\n|\n|t:|1781384850\n|switch|p2a: Regice|Regice, L88|284/284\n|move|p1a: Hydrapple|Earth Power|p2a: Regice\n|-damage|p2a: Regice|249/284\n|\n|upkeep\n|turn|9\n|\n|t:|1781384872\n|switch|p1a: Lapras|Lapras, L87, M|367/367\n|move|p2a: Regice|Ice Beam|p1a: Lapras\n|-resisted|p1a: Lapras\n|-damage|p1a: Lapras|343/367\n|\n|upkeep\n|turn|10\n|\n|t:|1781384881\n|move|p1a: Lapras|Sparkling Aria|p2a: Regice\n|-damage|p2a: Regice|182/284\n|move|p2a: Regice|Thunderbolt|p1a: Lapras\n|-supereffective|p1a: Lapras\n|-damage|p1a: Lapras|215/367\n|\n|upkeep\n|turn|11\n|\n|t:|1781384894\n|switch|p1a: Great Tusk|Great Tusk, L77|304/304\n|move|p2a: Regice|Ice Beam|p1a: Great Tusk\n|-supereffective|p1a: Great Tusk\n|-damage|p1a: Great Tusk|92/304\n|\n|upkeep\n|turn|12\n|\n|t:|1781384908\n|switch|p2a: Amoonguss|Amoonguss, L82, M|321/321\n|move|p1a: Great Tusk|Close Combat|p2a: Amoonguss\n|-resisted|p2a: Amoonguss\n|-damage|p2a: Amoonguss|245/321\n|-unboost|p1a: Great Tusk|def|1\n|-unboost|p1a: Great Tusk|spd|1\n|\n|-heal|p2a: Amoonguss|265/321|[from] item: Leftovers\n|upkeep\n|turn|13\n|\n|t:|1781384921\n|move|p1a: Great Tusk|Headlong Rush|p2a: Amoonguss\n|-damage|p2a: Amoonguss|112/321\n|-unboost|p1a: Great Tusk|def|1\n|-unboost|p1a: Great Tusk|spd|1\n|move|p2a: Amoonguss|Sludge Bomb|p1a: Great Tusk\n|-resisted|p1a: Great Tusk\n|-damage|p1a: Great Tusk|2/304\n|\n|-heal|p2a: Amoonguss|132/321|[from] item: Leftovers\n|upkeep\n|turn|14\n|\n|t:|1781384931\n|switch|p2a: Bellibolt|Bellibolt, L84, F|320/320\n|move|p1a: Great Tusk|Headlong Rush|p2a: Bellibolt\n|-supereffective|p2a: Bellibolt\n|-damage|p2a: Bellibolt|38/320\n|-unboost|p1a: Great Tusk|def|1\n|-unboost|p1a: Great Tusk|spd|1\n|-start|p2a: Bellibolt|Charge|Headlong Rush|[from] ability: Electromorphosis\n|\n|-heal|p2a: Bellibolt|58/320|[from] item: Leftovers\n|upkeep\n|turn|15\n|\n|t:|1781384941\n|move|p1a: Great Tusk|Headlong Rush|p2a: Bellibolt\n|-supereffective|p2a: Bellibolt\n|-damage|p2a: Bellibolt|0 fnt\n|-unboost|p1a: Great Tusk|def|1\n|-unboost|p1a: Great Tusk|spd|1\n|faint|p2a: Bellibolt\n|\n|upkeep\n|\n|t:|1781384960\n|switch|p2a: Zamazenta|Zamazenta-Crowned, L68|178/238\n|turn|16\n|\n|t:|1781384970\n|-end|p1a: Great Tusk|Protosynthesis|[silent]\n|switch|p1a: Hydrapple|Hydrapple, L83, F|312/312\n|move|p2a: Zamazenta|Heavy Slam|p1a: Hydrapple\n|-damage|p1a: Hydrapple|228/312\n|\n|upkeep\n|turn|17\n|\n|t:|1781384988\n|switch|p2a: Amoonguss|Amoonguss, L82, M|239/321\n|move|p1a: Hydrapple|Earth Power|p2a: Amoonguss\n|-damage|p2a: Amoonguss|160/321\n|\n|-heal|p2a: Amoonguss|180/321|[from] item: Leftovers\n|upkeep\n|turn|18\n|\n|t:|1781385002\n|switch|p1a: Leavanny|Leavanny, L86, M|227/269\n|switch|p2a: Regice|Regice, L88|182/284\n|\n|upkeep\n|turn|19\n|\n|t:|1781385013\n|switch|p2a: Scovillain|Scovillain, L91, M, tera:Fire|109/266\n|move|p1a: Leavanny|Sticky Web|p2a: Scovillain\n|-sidestart|p2: turbointing|move: Sticky Web\n|\n|upkeep\n|turn|20\n|\n|t:|1781385039\n|switch|p1a: Hydrapple|Hydrapple, L83, F|312/312\n|move|p2a: Scovillain|Flamethrower|p1a: Hydrapple\n|-damage|p1a: Hydrapple|202/312\n|-status|p1a: Hydrapple|brn\n|\n|-damage|p1a: Hydrapple|183/312 brn|[from] brn\n|upkeep\n|turn|21\n|\n|t:|1781385053\n|switch|p2a: Regice|Regice, L88|182/284\n|move|p1a: Hydrapple|Fickle Beam|p2a: Regice|[anim] Fickle Beam All Out\n|-activate|p1a: Hydrapple|move: Fickle Beam\n|-damage|p2a: Regice|85/284\n|\n|-damage|p1a: Hydrapple|164/312 brn|[from] brn\n|upkeep\n|turn|22\n|\n|t:|1781385076\n|switch|p1a: Leavanny|Leavanny, L86, M|227/269\n|move|p2a: Regice|Rest|p2a: Regice\n|-status|p2a: Regice|slp|[from] move: Rest\n|-heal|p2a: Regice|284/284 slp|[silent]\n|\n|upkeep\n|turn|23\n|\n|t:|1781385088\n|switch|p2a: Zamazenta|Zamazenta-Crowned, L68|178/238\n|-activate|p2a: Zamazenta|move: Sticky Web\n|-unboost|p2a: Zamazenta|spe|1\n|move|p1a: Leavanny|Leaf Blade|p2a: Zamazenta\n|-resisted|p2a: Zamazenta\n|-damage|p2a: Zamazenta|134/238\n|\n|upkeep\n|turn|24\n|\n|t:|1781385098\n|move|p1a: Leavanny|Lunge|p2a: Zamazenta\n|-resisted|p2a: Zamazenta\n|-damage|p2a: Zamazenta|115/238\n|-unboost|p2a: Zamazenta|atk|1\n|move|p2a: Zamazenta|Stone Edge|p1a: Leavanny|[miss]\n|-miss|p2a: Zamazenta|p1a: Leavanny\n|\n|upkeep\n|turn|25\n|\n|t:|1781385108\n|switch|p1a: Hydrapple|Hydrapple, L83, F|268/312 brn\n|move|p2a: Zamazenta|Iron Defense|p2a: Zamazenta\n|-boost|p2a: Zamazenta|def|2\n|\n|-damage|p1a: Hydrapple|249/312 brn|[from] brn\n|upkeep\n|turn|26\n|\n|t:|1781385120\n|switch|p2a: Regice|Regice, L88|284/284 slp\n|move|p1a: Hydrapple|Dragon Tail|p2a: Regice\n|-damage|p2a: Regice|260/284 slp\n|drag|p2a: Zamazenta|Zamazenta-Crowned, L68|115/238\n|-activate|p2a: Zamazenta|move: Sticky Web\n|-unboost|p2a: Zamazenta|spe|1\n|\n|-damage|p1a: Hydrapple|230/312 brn|[from] brn\n|upkeep\n|turn|27\n|\n|t:|1781385129\n|switch|p2a: Regice|Regice, L88|260/284 slp\n|move|p1a: Hydrapple|Dragon Tail|p2a: Regice\n|-damage|p2a: Regice|238/284 slp\n|drag|p2a: Amoonguss|Amoonguss, L82, M|287/321\n|-activate|p2a: Amoonguss|move: Sticky Web\n|-unboost|p2a: Amoonguss|spe|1\n|\n|-heal|p2a: Amoonguss|307/321|[from] item: Leftovers\n|-damage|p1a: Hydrapple|211/312 brn|[from] brn\n|upkeep\n|turn|28\n|\n|t:|1781385134\n|switch|p1a: Leavanny|Leavanny, L86, M|227/269\n|move|p2a: Amoonguss|Sludge Bomb|p1a: Leavanny\n|-supereffective|p1a: Leavanny\n|-damage|p1a: Leavanny|69/269\n|\n|-heal|p2a: Amoonguss|321/321|[from] item: Leftovers\n|upkeep\n|turn|29\n|\n|t:|1781385146\n|move|p1a: Leavanny|Knock Off|p2a: Amoonguss\n|-damage|p2a: Amoonguss|224/321\n|-enditem|p2a: Amoonguss|Leftovers|[from] move: Knock Off|[of] p1a: Leavanny\n|move|p2a: Amoonguss|Sludge Bomb|p1a: Leavanny\n|-supereffective|p1a: Leavanny\n|-damage|p1a: Leavanny|0 fnt\n|faint|p1a: Leavanny\n|\n|upkeep\n|\n|t:|1781385159\n|switch|p1a: Gumshoos|Gumshoos, L95, F|321/321\n|turn|30\n|\n|t:|1781385175\n|switch|p2a: Zamazenta|Zamazenta-Crowned, L68|115/238\n|-activate|p2a: Zamazenta|move: Sticky Web\n|-unboost|p2a: Zamazenta|spe|1\n|move|p1a: Gumshoos|Earthquake|p2a: Zamazenta\n|-supereffective|p2a: Zamazenta\n|-damage|p2a: Zamazenta|0 fnt\n|faint|p2a: Zamazenta\n|\n|upkeep\n|\n|t:|1781385190\n|switch|p2a: Entei|Entei, L78|307/307\n|-activate|p2a: Entei|move: Sticky Web\n|-unboost|p2a: Entei|spe|1\n|turn|31\n|\n|t:|1781385208\n|switch|p1a: Lapras|Lapras, L87, M|215/367\n|move|p2a: Entei|Flare Blitz|p1a: Lapras\n|-damage|p1a: Lapras|35/367\n|-damage|p2a: Entei|248/307|[from] Recoil\n|\n|upkeep\n|turn|32\n|\n|t:|1781385218\n|switch|p2a: Regice|Regice, L88|238/284 slp\n|move|p1a: Lapras|Sparkling Aria|p2a: Regice\n|-damage|p2a: Regice|175/284 slp\n|\n|upkeep\n|turn|33\n|\n|t:|1781385240\n|switch|p1a: Great Tusk|Great Tusk, L77|2/304\n|cant|p2a: Regice|slp\n|move|p2a: Regice|Sleep Talk|p2a: Regice\n|move|p2a: Regice|Thunderbolt|p1a: Great Tusk|[from] move: Sleep Talk\n|-immune|p1a: Great Tusk\n|\n|upkeep\n|turn|34\n|\n|t:|1781385273\n|switch|p2a: Entei|Entei, L78|248/307\n|-activate|p2a: Entei|move: Sticky Web\n|-unboost|p2a: Entei|spe|1\n|move|p1a: Great Tusk|Close Combat|p2a: Entei\n|-damage|p2a: Entei|110/307\n|-unboost|p1a: Great Tusk|def|1\n|-unboost|p1a: Great Tusk|spd|1\n|\n|upkeep\n|turn|35\n|\n|t:|1781385294\n|-end|p1a: Great Tusk|Protosynthesis|[silent]\n|switch|p1a: Lapras|Lapras, L87, M|35/367\n|move|p2a: Entei|Extreme Speed|p1a: Lapras\n|-damage|p1a: Lapras|0 fnt\n|faint|p1a: Lapras\n|\n|upkeep\n|\n|t:|1781385299\n|switch|p1a: Gumshoos|Gumshoos, L95, F|321/321\n|turn|36\n|\n|t:|1781385305\n|move|p2a: Entei|Extreme Speed|p1a: Gumshoos\n|-damage|p1a: Gumshoos|223/321\n|move|p1a: Gumshoos|Earthquake|p2a: Entei\n|-supereffective|p2a: Entei\n|-damage|p2a: Entei|0 fnt\n|faint|p2a: Entei\n|\n|upkeep\n|\n|t:|1781385321\n|switch|p2a: Amoonguss|Amoonguss, L82, M|321/321\n|-activate|p2a: Amoonguss|move: Sticky Web\n|-unboost|p2a: Amoonguss|spe|1\n|turn|37\n|\n|t:|1781385337\n|move|p1a: Gumshoos|Earthquake|p2a: Amoonguss\n|-damage|p2a: Amoonguss|139/321\n|move|p2a: Amoonguss|Sludge Bomb|p1a: Gumshoos\n|-damage|p1a: Gumshoos|124/321\n|\n|upkeep\n|turn|38\n|\n|t:|1781385350\n|switch|p2a: Regice|Regice, L88|175/284 slp\n|move|p1a: Gumshoos|Earthquake|p2a: Regice\n|-damage|p2a: Regice|0 fnt\n|faint|p2a: Regice\n|\n|upkeep\n|\n|t:|1781385355\n|switch|p2a: Scovillain|Scovillain, L91, M, tera:Fire|109/266\n|-activate|p2a: Scovillain|move: Sticky Web\n|-unboost|p2a: Scovillain|spe|1\n|turn|39\n|\n|t:|1781385376\n|switch|p1a: Hydrapple|Hydrapple, L83, F|312/312 brn\n|move|p2a: Scovillain|Flamethrower|p1a: Hydrapple\n|-crit|p1a: Hydrapple\n|-damage|p1a: Hydrapple|136/312 brn\n|\n|-damage|p1a: Hydrapple|117/312 brn|[from] brn\n|upkeep\n|turn|40\n|\n|t:|1781385395\n|switch|p2a: Amoonguss|Amoonguss, L82, M|246/321\n|-activate|p2a: Amoonguss|move: Sticky Web\n|-unboost|p2a: Amoonguss|spe|1\n|move|p1a: Hydrapple|Earth Power|p2a: Amoonguss\n|-damage|p2a: Amoonguss|158/321\n|\n|-damage|p1a: Hydrapple|98/312 brn|[from] brn\n|upkeep\n|turn|41\n|\n|t:|1781385406\n|switch|p2a: Scovillain|Scovillain, L91, M, tera:Fire|109/266\n|-activate|p2a: Scovillain|move: Sticky Web\n|-unboost|p2a: Scovillain|spe|1\n|move|p1a: Hydrapple|Earth Power|p2a: Scovillain\n|-supereffective|p2a: Scovillain\n|-damage|p2a: Scovillain|0 fnt\n|faint|p2a: Scovillain\n|\n|-damage|p1a: Hydrapple|79/312 brn|[from] brn\n|upkeep\n|\n|t:|1781385412\n|switch|p2a: Amoonguss|Amoonguss, L82, M|265/321\n|-activate|p2a: Amoonguss|move: Sticky Web\n|-unboost|p2a: Amoonguss|spe|1\n|turn|42\n|\n|t:|1781385416\n|move|p1a: Hydrapple|Earth Power|p2a: Amoonguss\n|-damage|p2a: Amoonguss|185/321\n|move|p2a: Amoonguss|Sludge Bomb|p1a: Hydrapple\n|-supereffective|p1a: Hydrapple\n|-damage|p1a: Hydrapple|0 fnt\n|faint|p1a: Hydrapple\n|\n|upkeep\n|\n|t:|1781385423\n|switch|p1a: Great Tusk|Great Tusk, L77|2/304\n|turn|43\n|-message|turbointing forfeited.\n|\n|win|jatrix03\n|raw|jatrix03's rating: 1535 &rarr; <strong>1558</strong><br />(+23 for winning)\n|raw|turbointing's rating: 1584 &rarr; <strong>1561</strong><br />(-23 for losing)\n|l|\u2606turbointing\n|player|p2|\n", "inputlog": ">version a8376a258c1d4662feba110a92103f3664a72141\n>start {\"formatid\":\"gen9randombattle\",\"seed\":\"sodium,13ac37daaf91ae4268ed54859153f5b3\",\"rated\":\"Rated battle\"}\n>player p1 {\"name\":\"jatrix03\",\"avatar\":\"266\",\"rating\":1535,\"seed\":\"sodium,b1eba462867ad1ccd699883cad64e27e\"}\n>player p2 {\"name\":\"turbointing\",\"avatar\":\"170\",\"rating\":1584,\"seed\":\"sodium,bb212c28f86af4800adf31016878d0bd\"}\n>p1 move knockoff\n>p2 switch 4\n>p1 switch 5\n>p2 move irondefense\n>p1 move dragontail\n>p2 move bodypress\n>p1 switch 3\n>p2 move voltswitch\n>p2 switch 2\n>p1 switch 4\n>p2 move flamethrower\n>p1 move fireblast\n>p2 move flamethrower\n>p1 move sludgewave\n>p2 move flamethrower terastallize\n>p1 switch 3\n>p1 move earthpower\n>p2 switch 4\n>p1 switch 2\n>p2 move icebeam\n>p1 move sparklingaria\n>p2 move thunderbolt\n>p1 switch 6\n>p2 move icebeam\n>p1 move closecombat\n>p2 switch 6\n>p1 move headlongrush\n>p2 move sludgebomb\n>p1 move headlongrush\n>p2 switch 2\n>p1 move headlongrush\n>p2 move muddywater\n>p2 switch 5\n>p1 switch 2\n>p2 move heavyslam\n>p1 move earthpower\n>p2 switch 2\n>p1 switch 4\n>p2 switch 6\n>p1 move stickyweb\n>p2 switch 4\n>p1 switch 4\n>p2 move flamethrower\n>p1 move ficklebeam\n>p2 switch 4\n>p1 switch 4\n>p2 move rest\n>p1 move leafblade\n>p2 switch 2\n>p1 move lunge\n>p2 move stoneedge\n>p1 switch 4\n>p2 move irondefense\n>p1 move dragontail\n>p2 switch 2\n>p1 move dragontail\n>p2 switch 2\n>p1 switch 4\n>p2 move sludgebomb\n>p1 move knockoff\n>p2 move sludgebomb\n>p1 switch 5\n>p1 move earthquake\n>p2 switch 2\n>p2 switch 3\n>p1 switch 6\n>p2 move flareblitz\n>p1 move sparklingaria\n>p2 switch 6\n>p1 switch 2\n>p2 move sleeptalk\n>p1 move closecombat\n>p2 switch 6\n>p1 switch 2\n>p2 move extremespeed\n>p1 switch 6\n>p1 move earthquake\n>p2 move extremespeed\n>p2 switch 2\n>p1 move earthquake\n>p2 move sludgebomb\n>p1 move earthquake\n>p2 switch 6\n>p2 switch 4\n>p1 switch 4\n>p2 move flamethrower\n>p1 move earthpower\n>p2 switch 6\n>p1 move earthpower\n>p2 switch 6\n>p2 switch 6\n>p1 move earthpower\n>p2 move sludgebomb\n>p1 switch 2\n>forcelose p2", "uploadtime": 1781385453, "views": 11, "formatid": "gen9randombattle", "rating": 1558, "private": 0, "password": null}