{"id": "gen9randombattle-2631432673", "format": "[Gen 9] Random Battle", "players": ["Scarf bonsley", "Miercalito"], "log": "|j|\u2606Scarf bonsley\n|j|\u2606Miercalito\n|t:|1781383994\n|gametype|singles\n|player|p1|Scarf bonsley|marlon|2186\n|player|p2|Miercalito|266|2266\n|gen|9\n|tier|[Gen 9] Random Battle\n|rated|\n|rule|Species Clause: Limit one of each Pok\u00e9mon\n|rule|HP Percentage Mod: HP is shown in percentages\n|rule|Sleep Clause Mod: Limit one foe put to sleep\n|rule|Illusion Level Mod: Illusion disguises the Pok\u00e9mon's true level\n|\n|t:|1781383994\n|teamsize|p1|6\n|teamsize|p2|6\n|start\n|switch|p1a: Blastoise|Blastoise, L80, M|258/258\n|switch|p2a: Torkoal|Torkoal, L88, F|266/266\n|-weather|SunnyDay|[from] ability: Drought|[of] p2a: Torkoal\n|turn|1\n|inactive|Battle timer is ON: inactive players will automatically lose when time's up. (requested by Miercalito)\n|\n|t:|1781384005\n|switch|p1a: Sudowoodo|Sudowoodo, L94, F|284/284\n|move|p2a: Torkoal|Yawn|p1a: Sudowoodo\n|-start|p1a: Sudowoodo|move: Yawn|[of] p2a: Torkoal\n|\n|-weather|SunnyDay|[upkeep]\n|upkeep\n|turn|2\n|\n|t:|1781384025\n|switch|p1a: Swalot|Swalot, L90, M|326/326\n|switch|p2a: Cobalion|Cobalion, L80|277/277\n|\n|-weather|SunnyDay|[upkeep]\n|upkeep\n|turn|3\n|\n|t:|1781384031\n|move|p2a: Cobalion|Thunder Wave|p1a: Swalot\n|-status|p1a: Swalot|par\n|move|p1a: Swalot|Swords Dance|p1a: Swalot\n|-boost|p1a: Swalot|atk|2\n|\n|-weather|SunnyDay|[upkeep]\n|upkeep\n|turn|4\n|\n|t:|1781384036\n|move|p2a: Cobalion|Volt Switch|p1a: Swalot\n|-damage|p1a: Swalot|286/326 par\n|\n|t:|1781384039\n|switch|p2a: Pecharunt|Pecharunt, L77|262/262|[from] Volt Switch\n|move|p1a: Swalot|Earthquake|p2a: Pecharunt\n|-supereffective|p2a: Pecharunt\n|-damage|p2a: Pecharunt|70/262\n|\n|-weather|SunnyDay|[upkeep]\n|-heal|p2a: Pecharunt|86/262|[from] item: Leftovers\n|-heal|p1a: Swalot|306/326 par|[from] item: Leftovers\n|upkeep\n|turn|5\n|\n|t:|1781384044\n|move|p2a: Pecharunt|Recover|p2a: Pecharunt\n|-heal|p2a: Pecharunt|217/262\n|cant|p1a: Swalot|par\n|\n|-weather|none\n|-heal|p2a: Pecharunt|233/262|[from] item: Leftovers\n|-heal|p1a: Swalot|326/326 par|[from] item: Leftovers\n|upkeep\n|turn|6\n|\n|t:|1781384066\n|move|p2a: Pecharunt|Nasty Plot|p2a: Pecharunt\n|-boost|p2a: Pecharunt|spa|2\n|move|p1a: Swalot|Knock Off|p2a: Pecharunt\n|-supereffective|p2a: Pecharunt\n|-damage|p2a: Pecharunt|71/262\n|-enditem|p2a: Pecharunt|Leftovers|[from] move: Knock Off|[of] p1a: Swalot\n|\n|upkeep\n|turn|7\n|\n|t:|1781384073\n|move|p2a: Pecharunt|Recover|p2a: Pecharunt\n|-heal|p2a: Pecharunt|202/262\n|move|p1a: Swalot|Earthquake|p2a: Pecharunt\n|-supereffective|p2a: Pecharunt\n|-damage|p2a: Pecharunt|38/262\n|\n|upkeep\n|turn|8\n|\n|t:|1781384075\n|move|p2a: Pecharunt|Recover|p2a: Pecharunt\n|-heal|p2a: Pecharunt|169/262\n|move|p1a: Swalot|Earthquake|p2a: Pecharunt\n|-supereffective|p2a: Pecharunt\n|-damage|p2a: Pecharunt|0 fnt\n|faint|p2a: Pecharunt\n|\n|upkeep\n|\n|t:|1781384082\n|switch|p2a: Golurk|Golurk, L87|297/297\n|turn|9\n|\n|t:|1781384091\n|switch|p1a: Sunflora|Sunflora, M|312/312\n|move|p2a: Golurk|Earthquake|p1a: Sunflora\n|-resisted|p1a: Sunflora\n|-damage|p1a: Sunflora|201/312\n|\n|upkeep\n|turn|10\n|\n|t:|1781384096\n|switch|p2a: Torkoal|Torkoal, L88, F|266/266\n|-weather|SunnyDay|[from] ability: Drought|[of] p2a: Torkoal\n|move|p1a: Sunflora|Earth Power|p2a: Torkoal\n|-supereffective|p2a: Torkoal\n|-damage|p2a: Torkoal|0 fnt\n|faint|p2a: Torkoal\n|\n|-weather|SunnyDay|[upkeep]\n|upkeep\n|\n|t:|1781384102\n|switch|p2a: Victreebel|Victreebel, L90, F|290/290\n|turn|11\n|\n|t:|1781384104\n|move|p2a: Victreebel|Weather Ball|p1a: Sunflora\n|-supereffective|p1a: Sunflora\n|-damage|p1a: Sunflora|0 fnt\n|faint|p1a: Sunflora\n|-damage|p2a: Victreebel|261/290|[from] item: Life Orb\n|\n|-weather|SunnyDay|[upkeep]\n|upkeep\n|\n|t:|1781384110\n|switch|p1a: Spiritomb|Spiritomb, L89, M|234/234\n|turn|12\n|\n|t:|1781384114\n|move|p2a: Victreebel|Power Whip|p1a: Spiritomb\n|-damage|p1a: Spiritomb|81/234\n|-damage|p2a: Victreebel|232/290|[from] item: Life Orb\n|move|p1a: Spiritomb|Poltergeist|p2a: Victreebel\n|-activate|p2a: Victreebel|move: Poltergeist|Life Orb\n|-damage|p2a: Victreebel|85/290\n|\n|-weather|SunnyDay|[upkeep]\n|-heal|p1a: Spiritomb|95/234|[from] item: Leftovers\n|upkeep\n|turn|13\n|\n|t:|1781384120\n|switch|p1a: Swalot|Swalot, L90, M|326/326 par\n|move|p2a: Victreebel|Weather Ball|p1a: Swalot\n|-damage|p1a: Swalot|164/326 par\n|-damage|p2a: Victreebel|56/290|[from] item: Life Orb\n|\n|-weather|SunnyDay|[upkeep]\n|-heal|p1a: Swalot|184/326 par|[from] item: Leftovers\n|upkeep\n|turn|14\n|\n|t:|1781384123\n|move|p2a: Victreebel|Weather Ball|p1a: Swalot\n|-damage|p1a: Swalot|20/326 par\n|-damage|p2a: Victreebel|27/290|[from] item: Life Orb\n|move|p1a: Swalot|Knock Off|p2a: Victreebel\n|-damage|p2a: Victreebel|0 fnt\n|-enditem|p2a: Victreebel|Life Orb|[from] move: Knock Off|[of] p1a: Swalot\n|faint|p2a: Victreebel\n|\n|-weather|none\n|-heal|p1a: Swalot|40/326 par|[from] item: Leftovers\n|upkeep\n|\n|t:|1781384133\n|switch|p2a: Cobalion|Cobalion, L80|277/277\n|turn|15\n|\n|t:|1781384135\n|move|p2a: Cobalion|Iron Head|p1a: Swalot\n|-damage|p1a: Swalot|0 fnt\n|faint|p1a: Swalot\n|\n|upkeep\n|\n|t:|1781384139\n|switch|p1a: Spiritomb|Spiritomb, L89, M|95/234\n|turn|16\n|\n|t:|1781384143\n|move|p2a: Cobalion|Iron Head|p1a: Spiritomb\n|-damage|p1a: Spiritomb|31/234\n|move|p1a: Spiritomb|Will-O-Wisp|p2a: Cobalion\n|-status|p2a: Cobalion|brn\n|\n|-heal|p1a: Spiritomb|45/234|[from] item: Leftovers\n|-damage|p2a: Cobalion|260/277 brn|[from] brn\n|upkeep\n|turn|17\n|\n|t:|1781384146\n|move|p2a: Cobalion|Iron Head|p1a: Spiritomb\n|-damage|p1a: Spiritomb|18/234\n|move|p1a: Spiritomb|Pain Split|p2a: Cobalion\n|-sethp|p2a: Cobalion|139/277 brn|[from] move: Pain Split|[silent]\n|-sethp|p1a: Spiritomb|139/234|[from] move: Pain Split\n|\n|-heal|p2a: Cobalion|156/277 brn|[from] item: Leftovers\n|-heal|p1a: Spiritomb|153/234|[from] item: Leftovers\n|-damage|p2a: Cobalion|139/277 brn|[from] brn\n|upkeep\n|turn|18\n|\n|t:|1781384149\n|move|p2a: Cobalion|Thunder Wave|p1a: Spiritomb\n|-status|p1a: Spiritomb|par\n|cant|p1a: Spiritomb|par\n|\n|-heal|p2a: Cobalion|156/277 brn|[from] item: Leftovers\n|-heal|p1a: Spiritomb|167/234 par|[from] item: Leftovers\n|-damage|p2a: Cobalion|139/277 brn|[from] brn\n|upkeep\n|turn|19\n|\n|t:|1781384151\n|move|p2a: Cobalion|Volt Switch|p1a: Spiritomb\n|-damage|p1a: Spiritomb|134/234 par\n|\n|t:|1781384153\n|switch|p2a: Golurk|Golurk, L87|297/297|[from] Volt Switch\n|cant|p1a: Spiritomb|par\n|\n|-heal|p1a: Spiritomb|148/234 par|[from] item: Leftovers\n|upkeep\n|turn|20\n|\n|t:|1781384162\n|-terastallize|p2a: Golurk|Ghost\n|move|p2a: Golurk|Poltergeist|p1a: Spiritomb\n|-activate|p1a: Spiritomb|move: Poltergeist|Leftovers\n|-damage|p1a: Spiritomb|0 fnt\n|faint|p1a: Spiritomb\n|\n|upkeep\n|\n|t:|1781384168\n|switch|p1a: Sudowoodo|Sudowoodo, L94, F|284/284\n|turn|21\n|\n|t:|1781384170\n|switch|p2a: Cobalion|Cobalion, L80|139/277 brn\n|move|p1a: Sudowoodo|Head Smash|p2a: Cobalion\n|-resisted|p2a: Cobalion\n|-damage|p2a: Cobalion|98/277 brn\n|\n|-heal|p2a: Cobalion|115/277 brn|[from] item: Leftovers\n|-damage|p2a: Cobalion|98/277 brn|[from] brn\n|upkeep\n|turn|22\n|\n|t:|1781384179\n|move|p2a: Cobalion|Thunder Wave|p1a: Sudowoodo\n|-status|p1a: Sudowoodo|par\n|move|p1a: Sudowoodo|Stealth Rock|p2a: Cobalion\n|-sidestart|p2: Miercalito|move: Stealth Rock\n|\n|-heal|p2a: Cobalion|115/277 brn|[from] item: Leftovers\n|-damage|p2a: Cobalion|98/277 brn|[from] brn\n|upkeep\n|turn|23\n|\n|t:|1781384185\n|switch|p1a: Blastoise|Blastoise, L80, M|258/258\n|move|p2a: Cobalion|Iron Head|p1a: Blastoise\n|-resisted|p1a: Blastoise\n|-damage|p1a: Blastoise|239/258\n|\n|-heal|p2a: Cobalion|115/277 brn|[from] item: Leftovers\n|-damage|p2a: Cobalion|98/277 brn|[from] brn\n|upkeep\n|turn|24\n|\n|t:|1781384189\n|-terastallize|p1a: Blastoise|Electric\n|move|p2a: Cobalion|Thunder Wave|p1a: Blastoise\n|-immune|p1a: Blastoise\n|move|p1a: Blastoise|Shell Smash|p1a: Blastoise\n|-unboost|p1a: Blastoise|def|1\n|-unboost|p1a: Blastoise|spd|1\n|-boost|p1a: Blastoise|atk|2\n|-boost|p1a: Blastoise|spa|2\n|-boost|p1a: Blastoise|spe|2\n|-enditem|p1a: Blastoise|White Herb\n|-clearnegativeboost|p1a: Blastoise|[silent]\n|\n|-heal|p2a: Cobalion|115/277 brn|[from] item: Leftovers\n|-damage|p2a: Cobalion|98/277 brn|[from] brn\n|upkeep\n|turn|25\n|\n|t:|1781384191\n|move|p1a: Blastoise|Tera Blast|p2a: Cobalion|[anim] Tera Blast Electric\n|-damage|p2a: Cobalion|0 fnt\n|faint|p2a: Cobalion\n|\n|upkeep\n|\n|t:|1781384192\n|switch|p2a: Golurk|Golurk, L87, tera:Ghost|297/297\n|-damage|p2a: Golurk|260/297|[from] Stealth Rock\n|turn|26\n|\n|t:|1781384197\n|move|p1a: Blastoise|Hydro Pump|p2a: Golurk\n|-damage|p2a: Golurk|67/297\n|move|p2a: Golurk|Earthquake|p1a: Blastoise\n|-supereffective|p1a: Blastoise\n|-damage|p1a: Blastoise|0 fnt\n|faint|p1a: Blastoise\n|\n|upkeep\n|\n|t:|1781384202\n|switch|p1a: Sudowoodo|Sudowoodo, L94, F|284/284 par\n|turn|27\n|\n|t:|1781384203\n|move|p1a: Sudowoodo|Sucker Punch|p2a: Golurk\n|-supereffective|p2a: Golurk\n|-damage|p2a: Golurk|0 fnt\n|faint|p2a: Golurk\n|\n|upkeep\n|\n|t:|1781384205\n|switch|p2a: Cloyster|Cloyster, L80, F|211/211\n|-damage|p2a: Cloyster|159/211|[from] Stealth Rock\n|turn|28\n|\n|t:|1781384208\n|move|p2a: Cloyster|Shell Smash|p2a: Cloyster\n|-unboost|p2a: Cloyster|def|1\n|-unboost|p2a: Cloyster|spd|1\n|-boost|p2a: Cloyster|atk|2\n|-boost|p2a: Cloyster|spa|2\n|-boost|p2a: Cloyster|spe|2\n|-enditem|p2a: Cloyster|White Herb\n|-clearnegativeboost|p2a: Cloyster|[silent]\n|move|p1a: Sudowoodo|Head Smash|p2a: Cloyster\n|-supereffective|p2a: Cloyster\n|-damage|p2a: Cloyster|0 fnt\n|faint|p2a: Cloyster\n|\n|win|Scarf bonsley\n", "inputlog": ">version a8376a258c1d4662feba110a92103f3664a72141\n>start {\"formatid\":\"gen9randombattle\",\"seed\":\"sodium,0d25a97e26c328f45315189acf88579a\",\"rated\":\"Rated battle\"}\n>player p1 {\"name\":\"Scarf bonsley\",\"avatar\":\"marlon\",\"rating\":2186,\"seed\":\"sodium,ab36f1a61c9e8b68ef5da021b0fdc954\"}\n>player p2 {\"name\":\"Miercalito\",\"avatar\":\"266\",\"rating\":2266,\"seed\":\"sodium,ed72106472fcd098fc2b48c89fdfebd5\"}\n>p1 switch 3\n>p2 move yawn\n>p1 switch 2\n>p2 switch 4\n>p1 move swordsdance\n>p2 move thunderwave\n>p1 move earthquake\n>p2 move voltswitch\n>p2 switch 2\n>p1 move knockoff\n>p2 move recover\n>p1 move knockoff\n>p2 move nastyplot\n>p1 move earthquake\n>p2 move recover\n>p1 move earthquake\n>p2 move recover\n>p2 switch 5\n>p1 switch 5\n>p2 move earthquake\n>p1 move earthpower\n>p2 switch 4\n>p2 switch 3\n>p1 move earthpower\n>p2 move weatherball\n>p1 switch 6\n>p1 move poltergeist\n>p2 move powerwhip\n>p1 switch 5\n>p2 move weatherball\n>p1 move knockoff\n>p2 move weatherball\n>p2 switch 2\n>p1 move earthquake\n>p2 move ironhead\n>p1 switch 5\n>p1 move willowisp\n>p2 move ironhead\n>p1 move painsplit\n>p2 move ironhead\n>p1 move poltergeist\n>p2 move thunderwave\n>p1 move poltergeist\n>p2 move voltswitch\n>p2 switch 4\n>p1 move poltergeist\n>p2 move poltergeist terastallize\n>p1 switch 2\n>p1 move headsmash\n>p2 switch 4\n>p1 move stealthrock\n>p2 move thunderwave\n>p1 switch 3\n>p2 move ironhead\n>p1 move shellsmash terastallize\n>p2 move thunderwave\n>p1 move terablast\n>p2 move ironhead\n>p2 switch 4\n>p1 move hydropump\n>p2 move earthquake\n>p1 switch 3\n>p1 move suckerpunch\n>p2 move earthquake\n>p2 switch 6\n>p1 move headsmash\n>p2 move shellsmash", "uploadtime": 1781383996, "views": 10, "formatid": "gen9randombattle", "rating": null, "private": 0, "password": null}