{"id": "gen9randombattle-2631614182", "format": "[Gen 9] Random Battle", "players": ["rivertoaster290", "orakim"], "log": "|j|\u2606rivertoaster290\n|j|\u2606orakim\n|t:|1781409054\n|gametype|singles\n|player|p1|rivertoaster290|musician|2016\n|player|p2|orakim|iris-gen5bw2|1976\n|gen|9\n|tier|[Gen 9] Random Battle\n|rated|\n|rule|Species Clause: Limit one of each Pok\u00e9mon\n|rule|HP Percentage Mod: HP is shown in percentages\n|rule|Sleep Clause Mod: Limit one foe put to sleep\n|rule|Illusion Level Mod: Illusion disguises the Pok\u00e9mon's true level\n|\n|t:|1781409054\n|teamsize|p1|6\n|teamsize|p2|6\n|start\n|switch|p1a: Enamorus|Enamorus, L79, F|247/247\n|switch|p2a: Lycanroc|Lycanroc, L86, F|269/269\n|turn|1\n|inactive|Battle timer is ON: inactive players will automatically lose when time's up. (requested by orakim)\n|\n|t:|1781409073\n|switch|p1a: Overqwil|Overqwil, L82, F|274/274\n|-ability|p1a: Overqwil|Intimidate|boost\n|-unboost|p2a: Lycanroc|atk|1\n|move|p2a: Lycanroc|Swords Dance|p2a: Lycanroc\n|-boost|p2a: Lycanroc|atk|2\n|\n|upkeep\n|turn|2\n|\n|t:|1781409082\n|move|p2a: Lycanroc|Stone Edge|p1a: Overqwil\n|-damage|p1a: Overqwil|47/274\n|-damage|p2a: Lycanroc|243/269|[from] item: Life Orb\n|move|p1a: Overqwil|Liquidation|p2a: Lycanroc\n|-supereffective|p2a: Lycanroc\n|-damage|p2a: Lycanroc|0 fnt\n|faint|p2a: Lycanroc\n|\n|upkeep\n|\n|t:|1781409099\n|switch|p2a: Zapdos|Zapdos, L78|268/268\n|turn|3\n|\n|t:|1781409106\n|switch|p1a: Brambleghast|Brambleghast, L88, M|240/240\n|move|p2a: Zapdos|Discharge|p1a: Brambleghast\n|-resisted|p1a: Brambleghast\n|-damage|p1a: Brambleghast|193/240\n|\n|-heal|p1a: Brambleghast|208/240|[from] item: Leftovers\n|upkeep\n|turn|4\n|inactive|orakim has 120 seconds left.\n|\n|t:|1781409145\n|move|p1a: Brambleghast|Poltergeist|p2a: Zapdos\n|-activate|p2a: Zapdos|move: Poltergeist|Heavy-Duty Boots\n|-damage|p2a: Zapdos|99/268\n|move|p2a: Zapdos|Discharge|p1a: Brambleghast\n|-resisted|p1a: Brambleghast\n|-damage|p1a: Brambleghast|153/240\n|\n|-heal|p1a: Brambleghast|168/240|[from] item: Leftovers\n|upkeep\n|turn|5\n|\n|t:|1781409152\n|move|p1a: Brambleghast|Substitute|p1a: Brambleghast\n|-start|p1a: Brambleghast|Substitute\n|-damage|p1a: Brambleghast|108/240\n|move|p2a: Zapdos|Discharge|p1a: Brambleghast\n|-resisted|p1a: Brambleghast\n|-activate|p1a: Brambleghast|move: Substitute|[damage]\n|\n|-heal|p1a: Brambleghast|123/240|[from] item: Leftovers\n|upkeep\n|turn|6\n|\n|t:|1781409157\n|move|p1a: Brambleghast|Leech Seed|p2a: Zapdos|[miss]\n|-miss|p1a: Brambleghast|p2a: Zapdos\n|move|p2a: Zapdos|Discharge|p1a: Brambleghast\n|-resisted|p1a: Brambleghast\n|-end|p1a: Brambleghast|Substitute\n|\n|-heal|p1a: Brambleghast|138/240|[from] item: Leftovers\n|upkeep\n|turn|7\n|\n|t:|1781409161\n|switch|p2a: Leavanny|Leavanny, L86, F|269/269\n|move|p1a: Brambleghast|Substitute|p1a: Brambleghast\n|-start|p1a: Brambleghast|Substitute\n|-damage|p1a: Brambleghast|78/240\n|\n|-heal|p1a: Brambleghast|93/240|[from] item: Leftovers\n|upkeep\n|turn|8\n|\n|t:|1781409169\n|move|p1a: Brambleghast|Poltergeist|p2a: Leavanny\n|-activate|p2a: Leavanny|move: Poltergeist|Heavy-Duty Boots\n|-damage|p2a: Leavanny|113/269\n|move|p2a: Leavanny|Lunge|p1a: Brambleghast\n|-end|p1a: Brambleghast|Substitute\n|\n|-heal|p1a: Brambleghast|108/240|[from] item: Leftovers\n|upkeep\n|turn|9\n|\n|t:|1781409178\n|move|p1a: Brambleghast|Poltergeist|p2a: Leavanny|[miss]\n|-miss|p1a: Brambleghast|p2a: Leavanny\n|move|p2a: Leavanny|Knock Off|p1a: Brambleghast\n|-supereffective|p1a: Brambleghast\n|-damage|p1a: Brambleghast|0 fnt\n|-enditem|p1a: Brambleghast|Leftovers|[from] move: Knock Off|[of] p2a: Leavanny\n|faint|p1a: Brambleghast\n|\n|upkeep\n|\n|t:|1781409191\n|switch|p1a: Enamorus|Enamorus, L79, F|247/247\n|turn|10\n|\n|t:|1781409207\n|switch|p2a: Vespiquen|Vespiquen, L99, F|299/299\n|-ability|p2a: Vespiquen|Pressure\n|move|p1a: Enamorus|Moonblast|p2a: Vespiquen\n|-damage|p2a: Vespiquen|215/299\n|-unboost|p2a: Vespiquen|spa|1\n|\n|upkeep\n|turn|11\n|\n|t:|1781409215\n|move|p1a: Enamorus|Calm Mind|p1a: Enamorus\n|-boost|p1a: Enamorus|spa|1\n|-boost|p1a: Enamorus|spd|1\n|move|p2a: Vespiquen|Spikes|p1a: Enamorus\n|-sidestart|p1: rivertoaster290|Spikes\n|\n|upkeep\n|turn|12\n|\n|t:|1781409222\n|move|p1a: Enamorus|Substitute|p1a: Enamorus\n|-start|p1a: Enamorus|Substitute\n|-damage|p1a: Enamorus|186/247\n|move|p2a: Vespiquen|Hurricane|p1a: Enamorus\n|-end|p1a: Enamorus|Substitute\n|\n|-heal|p1a: Enamorus|201/247|[from] item: Leftovers\n|upkeep\n|turn|13\n|\n|t:|1781409241\n|move|p1a: Enamorus|Substitute|p1a: Enamorus\n|-start|p1a: Enamorus|Substitute\n|-damage|p1a: Enamorus|140/247\n|move|p2a: Vespiquen|Hurricane|p1a: Enamorus|[miss]\n|-miss|p2a: Vespiquen|p1a: Enamorus\n|\n|-heal|p1a: Enamorus|155/247|[from] item: Leftovers\n|upkeep\n|turn|14\n|\n|t:|1781409245\n|move|p1a: Enamorus|Calm Mind|p1a: Enamorus\n|-boost|p1a: Enamorus|spa|1\n|-boost|p1a: Enamorus|spd|1\n|move|p2a: Vespiquen|Hurricane|p1a: Enamorus\n|-activate|p1a: Enamorus|move: Substitute|[damage]\n|\n|-heal|p1a: Enamorus|170/247|[from] item: Leftovers\n|upkeep\n|turn|15\n|\n|t:|1781409248\n|move|p1a: Enamorus|Moonblast|p2a: Vespiquen\n|-damage|p2a: Vespiquen|35/299\n|-unboost|p2a: Vespiquen|spa|1\n|move|p2a: Vespiquen|Hurricane|p1a: Enamorus\n|-end|p1a: Enamorus|Substitute\n|\n|-heal|p1a: Enamorus|185/247|[from] item: Leftovers\n|upkeep\n|turn|16\n|\n|t:|1781409259\n|move|p1a: Enamorus|Substitute|p1a: Enamorus\n|-start|p1a: Enamorus|Substitute\n|-damage|p1a: Enamorus|124/247\n|move|p2a: Vespiquen|Hurricane|p1a: Enamorus\n|-activate|p1a: Enamorus|move: Substitute|[damage]\n|\n|-heal|p1a: Enamorus|139/247|[from] item: Leftovers\n|upkeep\n|turn|17\n|\n|t:|1781409265\n|move|p1a: Enamorus|Moonblast|p2a: Vespiquen\n|-damage|p2a: Vespiquen|0 fnt\n|faint|p2a: Vespiquen\n|\n|-heal|p1a: Enamorus|154/247|[from] item: Leftovers\n|upkeep\n|\n|t:|1781409271\n|switch|p2a: Inteleon|Inteleon, L81, M|246/246\n|turn|18\n|\n|t:|1781409274\n|move|p2a: Inteleon|U-turn|p1a: Enamorus\n|-resisted|p1a: Enamorus\n|-activate|p1a: Enamorus|move: Substitute|[damage]\n|\n|t:|1781409282\n|switch|p2a: Leavanny|Leavanny, L86, F|113/269|[from] U-turn\n|move|p1a: Enamorus|Moonblast|p2a: Leavanny\n|-damage|p2a: Leavanny|0 fnt\n|faint|p2a: Leavanny\n|\n|-heal|p1a: Enamorus|169/247|[from] item: Leftovers\n|upkeep\n|\n|t:|1781409285\n|switch|p2a: Inteleon|Inteleon, L81, M|246/246\n|turn|19\n|\n|t:|1781409289\n|move|p2a: Inteleon|U-turn|p1a: Enamorus\n|-resisted|p1a: Enamorus\n|-end|p1a: Enamorus|Substitute\n|\n|t:|1781409291\n|switch|p2a: Zapdos|Zapdos, L78|99/268|[from] U-turn\n|move|p1a: Enamorus|Substitute|p1a: Enamorus\n|-start|p1a: Enamorus|Substitute\n|-damage|p1a: Enamorus|108/247\n|\n|-heal|p1a: Enamorus|123/247|[from] item: Leftovers\n|upkeep\n|turn|20\n|\n|t:|1781409295\n|move|p1a: Enamorus|Moonblast|p2a: Zapdos\n|-damage|p2a: Zapdos|0 fnt\n|faint|p2a: Zapdos\n|\n|-heal|p1a: Enamorus|138/247|[from] item: Leftovers\n|upkeep\n|\n|t:|1781409297\n|switch|p2a: Inteleon|Inteleon, L81, M|246/246\n|turn|21\n|\n|t:|1781409300\n|move|p2a: Inteleon|Ice Beam|p1a: Enamorus\n|-supereffective|p1a: Enamorus\n|-end|p1a: Enamorus|Substitute\n|move|p1a: Enamorus|Moonblast|p2a: Inteleon\n|-crit|p2a: Inteleon\n|-damage|p2a: Inteleon|0 fnt\n|faint|p2a: Inteleon\n|\n|-heal|p1a: Enamorus|153/247|[from] item: Leftovers\n|upkeep\n|\n|t:|1781409302\n|switch|p2a: Florges|Florges, L85, F|271/271\n|turn|22\n|\n|t:|1781409305\n|move|p1a: Enamorus|Moonblast|p2a: Florges\n|-damage|p2a: Florges|115/271\n|move|p2a: Florges|Calm Mind|p2a: Florges\n|-boost|p2a: Florges|spa|1\n|-boost|p2a: Florges|spd|1\n|\n|-heal|p1a: Enamorus|168/247|[from] item: Leftovers\n|-heal|p2a: Florges|131/271|[from] item: Leftovers\n|upkeep\n|turn|23\n|\n|t:|1781409312\n|move|p1a: Enamorus|Substitute|p1a: Enamorus\n|-start|p1a: Enamorus|Substitute\n|-damage|p1a: Enamorus|107/247\n|move|p2a: Florges|Wish|p2a: Florges\n|\n|-heal|p1a: Enamorus|122/247|[from] item: Leftovers\n|-heal|p2a: Florges|147/271|[from] item: Leftovers\n|upkeep\n|turn|24\n|\n|t:|1781409317\n|move|p1a: Enamorus|Moonblast|p2a: Florges\n|-damage|p2a: Florges|54/271\n|move|p2a: Florges|Moonblast|p1a: Enamorus\n|-end|p1a: Enamorus|Substitute\n|\n|-heal|p2a: Florges|189/271|[from] move: Wish|[wisher] Florges\n|-heal|p1a: Enamorus|137/247|[from] item: Leftovers\n|-heal|p2a: Florges|205/271|[from] item: Leftovers\n|upkeep\n|turn|25\n|\n|t:|1781409320\n|move|p1a: Enamorus|Moonblast|p2a: Florges\n|-damage|p2a: Florges|111/271\n|-unboost|p2a: Florges|spa|1\n|move|p2a: Florges|Wish|p2a: Florges\n|\n|-heal|p1a: Enamorus|152/247|[from] item: Leftovers\n|-heal|p2a: Florges|127/271|[from] item: Leftovers\n|upkeep\n|turn|26\n|\n|t:|1781409328\n|move|p1a: Enamorus|Calm Mind|p1a: Enamorus\n|-boost|p1a: Enamorus|spa|1\n|-boost|p1a: Enamorus|spd|1\n|move|p2a: Florges|Calm Mind|p2a: Florges\n|-boost|p2a: Florges|spa|1\n|-boost|p2a: Florges|spd|1\n|\n|-heal|p2a: Florges|262/271|[from] move: Wish|[wisher] Florges\n|-heal|p1a: Enamorus|167/247|[from] item: Leftovers\n|-heal|p2a: Florges|271/271|[from] item: Leftovers\n|upkeep\n|turn|27\n|\n|t:|1781409333\n|move|p1a: Enamorus|Moonblast|p2a: Florges\n|-damage|p2a: Florges|177/271\n|-unboost|p2a: Florges|spa|1\n|move|p2a: Florges|Calm Mind|p2a: Florges\n|-boost|p2a: Florges|spa|1\n|-boost|p2a: Florges|spd|1\n|\n|-heal|p1a: Enamorus|182/247|[from] item: Leftovers\n|-heal|p2a: Florges|193/271|[from] item: Leftovers\n|upkeep\n|turn|28\n|\n|t:|1781409337\n|move|p1a: Enamorus|Moonblast|p2a: Florges\n|-damage|p2a: Florges|126/271\n|move|p2a: Florges|Calm Mind|p2a: Florges\n|-boost|p2a: Florges|spa|1\n|-boost|p2a: Florges|spd|1\n|\n|-heal|p1a: Enamorus|197/247|[from] item: Leftovers\n|-heal|p2a: Florges|142/271|[from] item: Leftovers\n|upkeep\n|turn|29\n|\n|t:|1781409342\n|move|p1a: Enamorus|Moonblast|p2a: Florges\n|-damage|p2a: Florges|79/271\n|move|p2a: Florges|Wish|p2a: Florges\n|\n|-heal|p1a: Enamorus|212/247|[from] item: Leftovers\n|-heal|p2a: Florges|95/271|[from] item: Leftovers\n|upkeep\n|turn|30\n|\n|t:|1781409346\n|move|p1a: Enamorus|Moonblast|p2a: Florges\n|-damage|p2a: Florges|31/271\n|move|p2a: Florges|Moonblast|p1a: Enamorus\n|-damage|p1a: Enamorus|112/247\n|-unboost|p1a: Enamorus|spa|1\n|\n|-heal|p2a: Florges|166/271|[from] move: Wish|[wisher] Florges\n|-heal|p1a: Enamorus|127/247|[from] item: Leftovers\n|-heal|p2a: Florges|182/271|[from] item: Leftovers\n|upkeep\n|turn|31\n|\n|t:|1781409355\n|move|p1a: Enamorus|Calm Mind|p1a: Enamorus\n|-boost|p1a: Enamorus|spa|1\n|-boost|p1a: Enamorus|spd|1\n|move|p2a: Florges|Wish|p2a: Florges\n|\n|-heal|p1a: Enamorus|142/247|[from] item: Leftovers\n|-heal|p2a: Florges|198/271|[from] item: Leftovers\n|upkeep\n|turn|32\n|\n|t:|1781409358\n|move|p1a: Enamorus|Calm Mind|p1a: Enamorus\n|-boost|p1a: Enamorus|spa|1\n|-boost|p1a: Enamorus|spd|1\n|move|p2a: Florges|Calm Mind|p2a: Florges\n|-boost|p2a: Florges|spa|1\n|-boost|p2a: Florges|spd|1\n|\n|-heal|p2a: Florges|271/271|[from] move: Wish|[wisher] Florges\n|-heal|p1a: Enamorus|157/247|[from] item: Leftovers\n|upkeep\n|turn|33\n|\n|t:|1781409362\n|move|p1a: Enamorus|Calm Mind|p1a: Enamorus\n|-boost|p1a: Enamorus|spa|1\n|-boost|p1a: Enamorus|spd|1\n|move|p2a: Florges|Calm Mind|p2a: Florges\n|-boost|p2a: Florges|spa|1\n|-boost|p2a: Florges|spd|1\n|\n|-heal|p1a: Enamorus|172/247|[from] item: Leftovers\n|upkeep\n|turn|34\n|\n|t:|1781409365\n|move|p1a: Enamorus|Calm Mind|p1a: Enamorus\n|-boost|p1a: Enamorus|spa|1\n|-boost|p1a: Enamorus|spd|0\n|move|p2a: Florges|Calm Mind|p2a: Florges\n|-boost|p2a: Florges|spa|1\n|-boost|p2a: Florges|spd|0\n|\n|-heal|p1a: Enamorus|187/247|[from] item: Leftovers\n|upkeep\n|turn|35\n|\n|t:|1781409370\n|move|p1a: Enamorus|Moonblast|p2a: Florges\n|-damage|p2a: Florges|202/271\n|move|p2a: Florges|Wish|p2a: Florges\n|\n|-heal|p1a: Enamorus|202/247|[from] item: Leftovers\n|-heal|p2a: Florges|218/271|[from] item: Leftovers\n|upkeep\n|turn|36\n|\n|t:|1781409373\n|move|p1a: Enamorus|Moonblast|p2a: Florges\n|-damage|p2a: Florges|145/271\n|move|p2a: Florges|Moonblast|p1a: Enamorus\n|-damage|p1a: Enamorus|82/247\n|-unboost|p1a: Enamorus|spa|1\n|\n|-heal|p2a: Florges|271/271|[from] move: Wish|[wisher] Florges\n|-heal|p1a: Enamorus|97/247|[from] item: Leftovers\n|upkeep\n|turn|37\n|\n|t:|1781409376\n|move|p1a: Enamorus|Moonblast|p2a: Florges\n|-damage|p2a: Florges|208/271\n|-unboost|p2a: Florges|spa|1\n|move|p2a: Florges|Wish|p2a: Florges\n|\n|-heal|p1a: Enamorus|112/247|[from] item: Leftovers\n|-heal|p2a: Florges|224/271|[from] item: Leftovers\n|upkeep\n|turn|38\n|\n|t:|1781409379\n|move|p1a: Enamorus|Moonblast|p2a: Florges\n|-damage|p2a: Florges|160/271\n|move|p2a: Florges|Calm Mind|p2a: Florges\n|-boost|p2a: Florges|spa|1\n|-boost|p2a: Florges|spd|0\n|\n|-heal|p2a: Florges|271/271|[from] move: Wish|[wisher] Florges\n|-heal|p1a: Enamorus|127/247|[from] item: Leftovers\n|upkeep\n|turn|39\n|\n|t:|1781409381\n|move|p1a: Enamorus|Moonblast|p2a: Florges\n|-damage|p2a: Florges|211/271\n|move|p2a: Florges|Wish|p2a: Florges\n|\n|-heal|p1a: Enamorus|142/247|[from] item: Leftovers\n|-heal|p2a: Florges|227/271|[from] item: Leftovers\n|upkeep\n|turn|40\n|\n|t:|1781409384\n|move|p1a: Enamorus|Moonblast|p2a: Florges\n|-damage|p2a: Florges|169/271\n|move|p2a: Florges|Moonblast|p1a: Enamorus\n|-damage|p1a: Enamorus|28/247\n|-unboost|p1a: Enamorus|spa|1\n|\n|-heal|p2a: Florges|271/271|[from] move: Wish|[wisher] Florges\n|-heal|p1a: Enamorus|43/247|[from] item: Leftovers\n|upkeep\n|turn|41\n|\n|t:|1781409388\n|move|p1a: Enamorus|Moonblast|p2a: Florges\n|-damage|p2a: Florges|220/271\n|move|p2a: Florges|Wish|p2a: Florges\n|\n|-heal|p1a: Enamorus|58/247|[from] item: Leftovers\n|-heal|p2a: Florges|236/271|[from] item: Leftovers\n|upkeep\n|turn|42\n|\n|t:|1781409391\n|move|p1a: Enamorus|Moonblast|p2a: Florges\n|-damage|p2a: Florges|179/271\n|move|p2a: Florges|Moonblast|p1a: Enamorus\n|-damage|p1a: Enamorus|0 fnt\n|faint|p1a: Enamorus\n|\n|-heal|p2a: Florges|271/271|[from] move: Wish|[wisher] Florges\n|upkeep\n|\n|t:|1781409393\n|switch|p1a: Overqwil|Overqwil, L82, F|47/274\n|-damage|p1a: Overqwil|13/274|[from] Spikes\n|-ability|p1a: Overqwil|Intimidate|boost\n|-unboost|p2a: Florges|atk|1\n|turn|43\n|\n|t:|1781409398\n|-terastallize|p2a: Florges|Steel\n|move|p1a: Overqwil|Gunk Shot|p2a: Florges\n|-immune|p2a: Florges\n|move|p2a: Florges|Moonblast|p1a: Overqwil\n|-damage|p1a: Overqwil|0 fnt\n|faint|p1a: Overqwil\n|\n|upkeep\n|\n|t:|1781409412\n|switch|p1a: Haxorus|Haxorus, L77, M|244/244\n|-damage|p1a: Haxorus|214/244|[from] Spikes\n|-ability|p1a: Haxorus|Mold Breaker\n|turn|44\n|\n|t:|1781409416\n|move|p1a: Haxorus|Close Combat|p2a: Florges\n|-supereffective|p2a: Florges\n|-damage|p2a: Florges|51/271\n|-unboost|p1a: Haxorus|def|1\n|-unboost|p1a: Haxorus|spd|1\n|move|p2a: Florges|Moonblast|p1a: Haxorus\n|-supereffective|p1a: Haxorus\n|-damage|p1a: Haxorus|0 fnt\n|faint|p1a: Haxorus\n|\n|-heal|p2a: Florges|67/271|[from] item: Leftovers\n|upkeep\n|\n|t:|1781409420\n|switch|p1a: Cobalion|Cobalion, L80|277/277\n|-damage|p1a: Cobalion|243/277|[from] Spikes\n|turn|45\n|\n|t:|1781409423\n|-terastallize|p1a: Cobalion|Fighting\n|move|p2a: Florges|Protect|p2a: Florges\n|-singleturn|p2a: Florges|Protect\n|move|p1a: Cobalion|Close Combat|p2a: Florges\n|-activate|p2a: Florges|move: Protect\n|\n|-heal|p2a: Florges|83/271|[from] item: Leftovers\n|upkeep\n|turn|46\n|\n|t:|1781409426\n|move|p1a: Cobalion|Close Combat|p2a: Florges\n|-supereffective|p2a: Florges\n|-damage|p2a: Florges|0 fnt\n|-unboost|p1a: Cobalion|def|1\n|-unboost|p1a: Cobalion|spd|1\n|faint|p2a: Florges\n|-damage|p1a: Cobalion|216/277|[from] item: Life Orb\n|\n|win|rivertoaster290\n", "inputlog": ">version a8376a258c1d4662feba110a92103f3664a72141\n>start {\"formatid\":\"gen9randombattle\",\"seed\":\"sodium,c75a0ffee61b69a9f4f596eda36f7aca\",\"rated\":\"Rated battle\"}\n>player p1 {\"name\":\"rivertoaster290\",\"avatar\":\"musician\",\"rating\":2016,\"seed\":\"sodium,aa9e500f8022800d7a69a01a50e63dc4\"}\n>player p2 {\"name\":\"orakim\",\"avatar\":\"iris-gen5bw2\",\"rating\":1976,\"seed\":\"sodium,8cec91e2bebfd177b791877d773b7229\"}\n>p1 switch 4\n>p2 move swordsdance\n>p1 move liquidation\n>p2 move stoneedge\n>p2 switch 6\n>p1 switch 2\n>p2 move discharge\n>p1 move poltergeist\n>p2 move discharge\n>p1 move substitute\n>p2 move discharge\n>p1 move leechseed\n>p2 move discharge\n>p1 move substitute\n>p2 switch 2\n>p1 move poltergeist\n>p2 move lunge\n>p1 move poltergeist\n>p2 move knockoff\n>p1 switch 4\n>p1 move moonblast\n>p2 switch 4\n>p1 move calmmind\n>p2 move spikes\n>p1 move substitute\n>p2 move hurricane\n>p1 move substitute\n>p2 move hurricane\n>p1 move calmmind\n>p2 move hurricane\n>p1 move moonblast\n>p2 move hurricane\n>p1 move substitute\n>p2 move hurricane\n>p1 move moonblast\n>p2 move hurricane\n>p2 switch 3\n>p1 move moonblast\n>p2 move uturn\n>p2 switch 4\n>p2 switch 4\n>p1 move substitute\n>p2 move uturn\n>p2 switch 2\n>p1 move moonblast\n>p2 move discharge\n>p2 switch 2\n>p1 move moonblast\n>p2 move icebeam\n>p2 switch 5\n>p1 move moonblast\n>p2 move calmmind\n>p1 move substitute\n>p2 move wish\n>p1 move moonblast\n>p2 move moonblast\n>p1 move moonblast\n>p2 move wish\n>p1 move calmmind\n>p2 move calmmind\n>p1 move moonblast\n>p2 move calmmind\n>p1 move moonblast\n>p2 move calmmind\n>p1 move moonblast\n>p2 move wish\n>p1 move moonblast\n>p2 move moonblast\n>p1 move calmmind\n>p2 move wish\n>p1 move calmmind\n>p2 move calmmind\n>p1 move calmmind\n>p2 move calmmind\n>p1 move calmmind\n>p2 move calmmind\n>p1 move moonblast\n>p2 move wish\n>p1 move moonblast\n>p2 move moonblast\n>p1 move moonblast\n>p2 move wish\n>p1 move moonblast\n>p2 move calmmind\n>p1 move moonblast\n>p2 move wish\n>p1 move moonblast\n>p2 move moonblast\n>p1 move moonblast\n>p2 move wish\n>p1 move moonblast\n>p2 move moonblast\n>p1 switch 2\n>p1 move gunkshot\n>p2 move moonblast terastallize\n>p1 switch 6\n>p1 move closecombat\n>p2 move moonblast\n>p1 switch 5\n>p1 move closecombat terastallize\n>p2 move protect\n>p1 move closecombat\n>p2 move moonblast", "uploadtime": 1781409057, "views": 5, "formatid": "gen9randombattle", "rating": null, "private": 0, "password": null, "player_dets": [{"name": "rivertoaster290", "avatar": "musician", "rating": 2016, "seed": "sodium,aa9e500f8022800d7a69a01a50e63dc4"}, {"name": "orakim", "avatar": "iris-gen5bw2", "rating": 1976, "seed": "sodium,8cec91e2bebfd177b791877d773b7229"}], "teams_full": [{"Enamorus": {"name": "Enamorus", "species": "Enamorus", "speciesId": "enamorus", "gender": "F", "shiny": false, "level": 79, "moves": ["earthpower", "substitute", "moonblast", "calmmind"], "ability": "Cute Charm", "evs": {"hp": 85, "atk": 0, "def": 85, "spa": 85, "spd": 85, "spe": 85}, "ivs": {"hp": 31, "atk": 0, "def": 31, "spa": 31, "spd": 31, "spe": 31}, "item": "Leftovers", "teraType": "Ground", "role": "Fast Bulky Setup", "bvs": {"hp": 74, "atk": 115, "def": 70, "spa": 135, "spd": 80, "spe": 106}, "stats": {"hp": 247, "atk": 186, "def": 156, "spa": 259, "spd": 172, "spe": 213}, "types": ["Fairy", "Flying"]}, "Brambleghast": {"name": "Brambleghast", "species": "Brambleghast", "speciesId": "brambleghast", "gender": "M", "shiny": false, "level": 88, "moves": ["powerwhip", "leechseed", "poltergeist", "substitute"], "ability": "Wind Rider", "evs": {"hp": 85, "atk": 85, "def": 85, "spa": 85, "spd": 85, "spe": 85}, "ivs": {"hp": 31, "atk": 31, "def": 31, "spa": 31, "spd": 31, "spe": 31}, "item": "Leftovers", "teraType": "Fairy", "role": "Fast Support", "bvs": {"hp": 55, "atk": 115, "def": 70, "spa": 80, "spd": 70, "spe": 90}, "stats": {"hp": 240, "atk": 253, "def": 173, "spa": 191, "spd": 173, "spe": 209}, "types": ["Grass", "Ghost"]}, "Drednaw": {"name": "Drednaw", "species": "Drednaw", "speciesId": "drednaw", "gender": "M", "shiny": false, "level": 81, "moves": ["shellsmash", "crunch", "stoneedge", "liquidation"], "ability": "Strong Jaw", "evs": {"hp": 85, "atk": 85, "def": 85, "spa": 85, "spd": 85, "spe": 85}, "ivs": {"hp": 31, "atk": 31, "def": 31, "spa": 31, "spd": 31, "spe": 31}, "item": "White Herb", "teraType": "Dark", "role": "Setup Sweeper", "bvs": {"hp": 90, "atk": 115, "def": 90, "spa": 48, "spd": 68, "spe": 74}, "stats": {"hp": 278, "atk": 233, "def": 192, "spa": 124, "spd": 157, "spe": 167}, "types": ["Water", "Rock"]}, "Overqwil": {"name": "Overqwil", "species": "Overqwil", "speciesId": "overqwil", "gender": "F", "shiny": false, "level": 82, "moves": ["aquajet", "liquidation", "crunch", "gunkshot"], "ability": "Intimidate", "evs": {"hp": 85, "atk": 85, "def": 85, "spa": 85, "spd": 85, "spe": 85}, "ivs": {"hp": 31, "atk": 31, "def": 31, "spa": 31, "spd": 31, "spe": 31}, "item": "Choice Band", "teraType": "Water", "role": "Fast Attacker", "bvs": {"hp": 85, "atk": 115, "def": 95, "spa": 65, "spd": 65, "spe": 85}, "stats": {"hp": 274, "atk": 236, "def": 203, "spa": 154, "spd": 154, "spe": 187}, "types": ["Dark", "Poison"]}, "Cobalion": {"name": "Cobalion", "species": "Cobalion", "speciesId": "cobalion", "gender": "N", "shiny": false, "level": 80, "moves": ["stoneedge", "ironhead", "closecombat", "swordsdance"], "ability": "Justified", "evs": {"hp": 85, "atk": 85, "def": 85, "spa": 85, "spd": 85, "spe": 85}, "ivs": {"hp": 31, "atk": 31, "def": 31, "spa": 31, "spd": 31, "spe": 31}, "item": "Life Orb", "teraType": "Fighting", "role": "Fast Bulky Setup", "bvs": {"hp": 91, "atk": 90, "def": 129, "spa": 90, "spd": 72, "spe": 108}, "stats": {"hp": 277, "atk": 190, "def": 253, "spa": 190, "spd": 161, "spe": 219}, "types": ["Steel", "Fighting"]}, "Haxorus": {"name": "Haxorus", "species": "Haxorus", "speciesId": "haxorus", "gender": "M", "shiny": false, "level": 77, "moves": ["outrage", "dragondance", "ironhead", "closecombat"], "ability": "Mold Breaker", "evs": {"hp": 85, "atk": 85, "def": 85, "spa": 85, "spd": 85, "spe": 85}, "ivs": {"hp": 31, "atk": 31, "def": 31, "spa": 31, "spd": 31, "spe": 31}, "item": "Lum Berry", "teraType": "Steel", "role": "Setup Sweeper", "bvs": {"hp": 76, "atk": 147, "def": 90, "spa": 60, "spd": 70, "spe": 97}, "stats": {"hp": 244, "atk": 271, "def": 183, "spa": 137, "spd": 152, "spe": 194}, "types": ["Dragon"]}}, {"Lycanroc": {"name": "Lycanroc", "species": "Lycanroc", "speciesId": "lycanroc", "gender": "F", "shiny": false, "level": 86, "moves": ["stoneedge", "swordsdance", "taunt", "closecombat"], "ability": "Sand Rush", "evs": {"hp": 85, "atk": 85, "def": 85, "spa": 85, "spd": 85, "spe": 85}, "ivs": {"hp": 31, "atk": 31, "def": 31, "spa": 31, "spd": 31, "spe": 31}, "item": "Life Orb", "teraType": "Fighting", "role": "Fast Attacker", "bvs": {"hp": 75, "atk": 115, "def": 65, "spa": 55, "spd": 65, "spe": 112}, "stats": {"hp": 269, "atk": 247, "def": 161, "spa": 144, "spd": 161, "spe": 242}, "types": ["Rock"]}, "Leavanny": {"name": "Leavanny", "species": "Leavanny", "speciesId": "leavanny", "gender": "F", "shiny": false, "level": 86, "moves": ["knockoff", "lunge", "stickyweb", "leafblade"], "ability": "Swarm", "evs": {"hp": 85, "atk": 85, "def": 85, "spa": 85, "spd": 85, "spe": 85}, "ivs": {"hp": 31, "atk": 31, "def": 31, "spa": 31, "spd": 31, "spe": 31}, "item": "Heavy-Duty Boots", "teraType": "Ghost", "role": "Fast Support", "bvs": {"hp": 75, "atk": 103, "def": 80, "spa": 70, "spd": 80, "spe": 92}, "stats": {"hp": 269, "atk": 226, "def": 187, "spa": 170, "spd": 187, "spe": 207}, "types": ["Bug", "Grass"]}, "Inteleon": {"name": "Inteleon", "species": "Inteleon", "speciesId": "inteleon", "gender": "M", "shiny": false, "level": 81, "moves": ["scald", "hydropump", "uturn", "icebeam"], "ability": "Torrent", "evs": {"hp": 85, "atk": 85, "def": 85, "spa": 85, "spd": 85, "spe": 85}, "ivs": {"hp": 31, "atk": 31, "def": 31, "spa": 31, "spd": 31, "spe": 31}, "item": "Choice Specs", "teraType": "Water", "role": "Wallbreaker", "bvs": {"hp": 70, "atk": 85, "def": 65, "spa": 125, "spd": 65, "spe": 120}, "stats": {"hp": 246, "atk": 184, "def": 152, "spa": 249, "spd": 152, "spe": 241}, "types": ["Water"]}, "Vespiquen": {"name": "Vespiquen", "species": "Vespiquen", "speciesId": "vespiquen", "gender": "F", "shiny": false, "level": 99, "moves": ["roost", "spikes", "toxicspikes", "hurricane"], "ability": "Pressure", "evs": {"hp": 85, "atk": 0, "def": 85, "spa": 85, "spd": 85, "spe": 85}, "ivs": {"hp": 31, "atk": 0, "def": 31, "spa": 31, "spd": 31, "spe": 31}, "item": "Heavy-Duty Boots", "teraType": "Steel", "role": "Bulky Support", "bvs": {"hp": 70, "atk": 80, "def": 102, "spa": 80, "spd": 102, "spe": 40}, "stats": {"hp": 299, "atk": 163, "def": 258, "spa": 214, "spd": 258, "spe": 135}, "types": ["Bug", "Flying"]}, "Florges": {"name": "Florges", "species": "Florges", "speciesId": "florges", "gender": "F", "shiny": false, "level": 85, "moves": ["wish", "calmmind", "protect", "moonblast"], "ability": "Flower Veil", "evs": {"hp": 85, "atk": 0, "def": 85, "spa": 85, "spd": 85, "spe": 85}, "ivs": {"hp": 31, "atk": 0, "def": 31, "spa": 31, "spd": 31, "spe": 31}, "item": "Leftovers", "teraType": "Steel", "role": "Bulky Setup", "bvs": {"hp": 78, "atk": 65, "def": 68, "spa": 112, "spd": 154, "spe": 75}, "stats": {"hp": 271, "atk": 115, "def": 164, "spa": 239, "spd": 311, "spe": 176}, "types": ["Fairy"]}, "Zapdos": {"name": "Zapdos", "species": "Zapdos", "speciesId": "zapdos", "gender": "N", "shiny": false, "level": 78, "moves": ["discharge", "roost", "heatwave", "hurricane"], "ability": "Static", "evs": {"hp": 85, "atk": 0, "def": 85, "spa": 85, "spd": 85, "spe": 85}, "ivs": {"hp": 31, "atk": 0, "def": 31, "spa": 31, "spd": 31, "spe": 31}, "item": "Heavy-Duty Boots", "teraType": "Electric", "role": "Bulky Attacker", "bvs": {"hp": 90, "atk": 90, "def": 85, "spa": 125, "spd": 90, "spe": 100}, "stats": {"hp": 268, "atk": 145, "def": 178, "spa": 240, "spd": 185, "spe": 201}, "types": ["Electric", "Flying"]}}]}