{"id": "gen9randombattle-2632017235", "format": "[Gen 9] Random Battle", "players": ["smasher04", "igiveuponaname"], "log": "|j|\u2606smasher04\n|j|\u2606igiveuponaname\n|t:|1781466378\n|gametype|singles\n|player|p1|smasher04|twins-gen4|2097\n|player|p2|igiveuponaname|miku-fire|2185\n|gen|9\n|tier|[Gen 9] Random Battle\n|rated|\n|rule|Species Clause: Limit one of each Pok\u00e9mon\n|rule|HP Percentage Mod: HP is shown in percentages\n|rule|Sleep Clause Mod: Limit one foe put to sleep\n|rule|Illusion Level Mod: Illusion disguises the Pok\u00e9mon's true level\n|\n|t:|1781466378\n|teamsize|p1|6\n|teamsize|p2|6\n|start\n|switch|p1a: Conkeldurr|Conkeldurr, L80, M|299/299\n|switch|p2a: Chimecho|Chimecho, L93, M|290/290\n|turn|1\n|inactive|Battle timer is ON: inactive players will automatically lose when time's up. (requested by igiveuponaname)\n|\n|t:|1781466389\n|switch|p1a: Banette|Banette, L93, M|270/270\n|move|p2a: Chimecho|Psychic Noise|p1a: Banette\n|-damage|p1a: Banette|168/270\n|-start|p1a: Banette|move: Heal Block\n|\n|upkeep\n|turn|2\n|inactive|igiveuponaname has 120 seconds left.\n|\n|t:|1781466419\n|switch|p2a: Ting-Lu|Ting-Lu, L78|370/370\n|-ability|p2a: Ting-Lu|Vessel of Ruin\n|move|p1a: Banette|Thunder Wave|p2a: Ting-Lu\n|-immune|p2a: Ting-Lu\n|\n|-end|p1a: Banette|move: Heal Block\n|upkeep\n|turn|3\n|\n|t:|1781466441\n|switch|p1a: Sunflora|Sunflora, F|312/312\n|move|p2a: Ting-Lu|Stealth Rock|p1a: Sunflora\n|-sidestart|p1: smasher04|move: Stealth Rock\n|\n|upkeep\n|turn|4\n|\n|t:|1781466446\n|switch|p2a: Klefki|Klefki, L84, M|233/233\n|move|p1a: Sunflora|Leaf Storm|p2a: Klefki\n|-resisted|p2a: Klefki\n|-damage|p2a: Klefki|71/233\n|-unboost|p1a: Sunflora|spa|2\n|\n|-heal|p2a: Klefki|85/233|[from] item: Leftovers\n|upkeep\n|turn|5\n|\n|t:|1781466450\n|switch|p1a: Landorus|Landorus-Therian, L76, M|260/260\n|-damage|p1a: Landorus|228/260|[from] Stealth Rock\n|-ability|p1a: Landorus|Intimidate|boost\n|-unboost|p2a: Klefki|atk|1\n|move|p2a: Klefki|Spikes|p1a: Landorus\n|-sidestart|p1: smasher04|Spikes\n|\n|-heal|p1a: Landorus|244/260|[from] item: Leftovers\n|-heal|p2a: Klefki|99/233|[from] item: Leftovers\n|upkeep\n|turn|6\n|\n|t:|1781466457\n|move|p2a: Klefki|Magnet Rise|p2a: Klefki\n|-start|p2a: Klefki|Magnet Rise\n|move|p1a: Landorus|Stealth Rock|p2a: Klefki\n|-sidestart|p2: igiveuponaname|move: Stealth Rock\n|\n|-heal|p1a: Landorus|260/260|[from] item: Leftovers\n|-heal|p2a: Klefki|113/233|[from] item: Leftovers\n|upkeep\n|turn|7\n|\n|t:|1781466459\n|move|p2a: Klefki|Spikes|p1a: Landorus\n|-sidestart|p1: smasher04|Spikes\n|move|p1a: Landorus|U-turn|p2a: Klefki\n|-resisted|p2a: Klefki\n|-damage|p2a: Klefki|100/233\n|\n|t:|1781466466\n|switch|p1a: Kingambit|Kingambit, L74, M|270/270|[from] U-turn\n|-damage|p1a: Kingambit|254/270|[from] Stealth Rock\n|-damage|p1a: Kingambit|209/270|[from] Spikes\n|\n|-heal|p2a: Klefki|114/233|[from] item: Leftovers\n|-heal|p1a: Kingambit|225/270|[from] item: Leftovers\n|upkeep\n|turn|8\n|\n|t:|1781466470\n|move|p2a: Klefki|Thunder Wave|p1a: Kingambit\n|-hint|Since gen 7, Dark is immune to Prankster moves.\n|-immune|p1a: Kingambit\n|move|p1a: Kingambit|Iron Head|p2a: Klefki\n|-damage|p2a: Klefki|36/233\n|\n|-heal|p2a: Klefki|50/233|[from] item: Leftovers\n|-heal|p1a: Kingambit|241/270|[from] item: Leftovers\n|upkeep\n|turn|9\n|\n|t:|1781466473\n|move|p2a: Klefki|Spikes|p1a: Kingambit\n|-sidestart|p1: smasher04|Spikes\n|move|p1a: Kingambit|Iron Head|p2a: Klefki\n|-damage|p2a: Klefki|0 fnt\n|faint|p2a: Klefki\n|\n|-heal|p1a: Kingambit|257/270|[from] item: Leftovers\n|upkeep\n|\n|t:|1781466481\n|switch|p2a: Ting-Lu|Ting-Lu, L78|370/370\n|-damage|p2a: Ting-Lu|347/370|[from] Stealth Rock\n|-ability|p2a: Ting-Lu|Vessel of Ruin\n|turn|10\n|\n|t:|1781466485\n|-end|p1a: Kingambit|fallenundefined|[silent]\n|switch|p1a: Landorus|Landorus-Therian, L76, M|260/260\n|-damage|p1a: Landorus|228/260|[from] Stealth Rock\n|-ability|p1a: Landorus|Intimidate|boost\n|-unboost|p2a: Ting-Lu|atk|1\n|move|p2a: Ting-Lu|Earthquake|p1a: Landorus\n|-immune|p1a: Landorus\n|\n|-heal|p1a: Landorus|244/260|[from] item: Leftovers\n|-heal|p2a: Ting-Lu|370/370|[from] item: Leftovers\n|upkeep\n|turn|11\n|\n|t:|1781466490\n|move|p1a: Landorus|U-turn|p2a: Ting-Lu\n|-supereffective|p2a: Ting-Lu\n|-damage|p2a: Ting-Lu|276/370\n|\n|t:|1781466491\n|switch|p1a: Sunflora|Sunflora, F|312/312|[from] U-turn\n|-damage|p1a: Sunflora|273/312|[from] Stealth Rock\n|-damage|p1a: Sunflora|195/312|[from] Spikes\n|move|p2a: Ting-Lu|Throat Chop|p1a: Sunflora\n|-damage|p1a: Sunflora|131/312\n|-start|p1a: Sunflora|Throat Chop|[silent]\n|\n|-heal|p2a: Ting-Lu|299/370|[from] item: Leftovers\n|upkeep\n|turn|12\n|\n|t:|1781466497\n|switch|p2a: Chimecho|Chimecho, L93, M|290/290\n|-damage|p2a: Chimecho|254/290|[from] Stealth Rock\n|move|p1a: Sunflora|Leaf Storm|p2a: Chimecho\n|-damage|p2a: Chimecho|0 fnt\n|-unboost|p1a: Sunflora|spa|2\n|faint|p2a: Chimecho\n|\n|-end|p1a: Sunflora|Throat Chop|[silent]\n|upkeep\n|\n|t:|1781466504\n|switch|p2a: Dewgong|Dewgong, L94, F|322/322\n|turn|13\n|\n|t:|1781466514\n|switch|p1a: Conkeldurr|Conkeldurr, L80, M|299/299\n|-damage|p1a: Conkeldurr|281/299|[from] Stealth Rock\n|-damage|p1a: Conkeldurr|207/299|[from] Spikes\n|move|p2a: Dewgong|Ice Beam|p1a: Conkeldurr\n|-damage|p1a: Conkeldurr|75/299\n|\n|-status|p1a: Conkeldurr|brn|[from] item: Flame Orb\n|upkeep\n|turn|14\n|\n|t:|1781466524\n|move|p1a: Conkeldurr|Mach Punch|p2a: Dewgong\n|-supereffective|p2a: Dewgong\n|-damage|p2a: Dewgong|166/322\n|move|p2a: Dewgong|Surf|p1a: Conkeldurr\n|-damage|p1a: Conkeldurr|0 fnt\n|faint|p1a: Conkeldurr\n|\n|upkeep\n|\n|t:|1781466535\n|switch|p1a: Porygon-Z|Porygon-Z, L83|277/277\n|-damage|p1a: Porygon-Z|243/277|[from] Stealth Rock\n|-damage|p1a: Porygon-Z|174/277|[from] Spikes\n|turn|15\n|\n|t:|1781466539\n|switch|p2a: Ting-Lu|Ting-Lu, L78|299/370\n|-damage|p2a: Ting-Lu|276/370|[from] Stealth Rock\n|-ability|p2a: Ting-Lu|Vessel of Ruin\n|-terastallize|p1a: Porygon-Z|Fighting\n|move|p1a: Porygon-Z|Tera Blast|p2a: Ting-Lu|[anim] Tera Blast Fighting\n|-supereffective|p2a: Ting-Lu\n|-damage|p2a: Ting-Lu|0 fnt\n|faint|p2a: Ting-Lu\n|-damage|p1a: Porygon-Z|147/277|[from] item: Life Orb\n|\n|upkeep\n|\n|t:|1781466542\n|switch|p2a: Dugtrio|Dugtrio, L84, M|196/196\n|-damage|p2a: Dugtrio|184/196|[from] Stealth Rock\n|turn|16\n|\n|t:|1781466545\n|move|p2a: Dugtrio|Earthquake|p1a: Porygon-Z\n|-damage|p1a: Porygon-Z|0 fnt\n|faint|p1a: Porygon-Z\n|-damage|p2a: Dugtrio|165/196|[from] item: Life Orb\n|\n|upkeep\n|\n|t:|1781466547\n|switch|p1a: Landorus|Landorus-Therian, L76, M|244/260\n|-damage|p1a: Landorus|212/260|[from] Stealth Rock\n|-ability|p1a: Landorus|Intimidate|boost\n|-unboost|p2a: Dugtrio|atk|1\n|turn|17\n|\n|t:|1781466550\n|switch|p2a: Glaceon|Glaceon, L94, F|275/275\n|move|p1a: Landorus|Earthquake|p2a: Glaceon\n|-damage|p2a: Glaceon|190/275\n|\n|-heal|p1a: Landorus|228/260|[from] item: Leftovers\n|upkeep\n|turn|18\n|\n|t:|1781466555\n|move|p1a: Landorus|U-turn|p2a: Glaceon\n|-crit|p2a: Glaceon\n|-damage|p2a: Glaceon|123/275\n|\n|t:|1781466558\n|switch|p1a: Kingambit|Kingambit, L74, M|257/270|[from] U-turn\n|-damage|p1a: Kingambit|241/270|[from] Stealth Rock\n|-damage|p1a: Kingambit|174/270|[from] Spikes\n|-activate|p1a: Kingambit|ability: Supreme Overlord\n|-start|p1a: Kingambit|fallen2|[silent]\n|move|p2a: Glaceon|Wish|p2a: Glaceon\n|\n|-heal|p1a: Kingambit|190/270|[from] item: Leftovers\n|upkeep\n|turn|19\n|\n|t:|1781466562\n|-terastallize|p2a: Glaceon|Ground\n|move|p2a: Glaceon|Mud Shot|p1a: Kingambit\n|-supereffective|p1a: Kingambit\n|-damage|p1a: Kingambit|0 fnt\n|faint|p1a: Kingambit\n|-end|p1a: Kingambit|fallen2|[silent]\n|\n|-heal|p2a: Glaceon|260/275|[from] move: Wish|[wisher] Glaceon\n|upkeep\n|-message|smasher04 forfeited.\n|\n|win|igiveuponaname\n|raw|smasher04's rating: 2097 &rarr; <strong>2082</strong><br />(-15 for losing)\n|raw|igiveuponaname's rating: 2185 &rarr; <strong>2200</strong><br />(+15 for winning)\n", "inputlog": ">version a8376a258c1d4662feba110a92103f3664a72141\n>start {\"formatid\":\"gen9randombattle\",\"seed\":\"sodium,6d78d0883e3022230c6fab9c23876486\",\"rated\":\"Rated battle\"}\n>player p1 {\"name\":\"smasher04\",\"avatar\":\"twins-gen4\",\"rating\":2097,\"seed\":\"sodium,8850e38d7d0505317048c12fdcf4de31\"}\n>player p2 {\"name\":\"igiveuponaname\",\"avatar\":\"miku-fire\",\"rating\":2185,\"seed\":\"sodium,8f6b09f1eb3e3a3e6beefc39e96ded5d\"}\n>p1 switch 5\n>p2 move psychicnoise\n>p1 move thunderwave\n>p2 switch 2\n>p1 switch 2\n>p2 move stealthrock\n>p1 move leafstorm\n>p2 switch 6\n>p1 switch 3\n>p2 move spikes\n>p1 move stealthrock\n>p2 move magnetrise\n>p1 move uturn\n>p2 move spikes\n>p1 switch 4\n>p1 move ironhead\n>p2 move thunderwave\n>p1 move ironhead\n>p2 move spikes\n>p2 switch 6\n>p1 switch 4\n>p2 move earthquake\n>p1 move uturn\n>p2 move throatchop\n>p1 switch 3\n>p1 move leafstorm\n>p2 switch 2\n>p2 switch 4\n>p1 switch 5\n>p2 move icebeam\n>p1 move machpunch\n>p2 move surf\n>p1 switch 6\n>p1 move terablast terastallize\n>p2 switch 2\n>p2 switch 3\n>p1 move terablast\n>p2 move earthquake\n>p1 switch 3\n>p1 move earthquake\n>p2 switch 5\n>p1 move uturn\n>p2 move wish\n>p1 switch 4\n>p1 move swordsdance\n>p2 move mudshot terastallize\n>forcelose p1", "uploadtime": 1781466380, "views": 6, "formatid": "gen9randombattle", "rating": 2082, "private": 0, "password": null}