{"id": "gen9randombattle-2631947962", "format": "[Gen 9] Random Battle", "players": ["L4V", "evidencias"], "log": "|j|\u2606L4V\n|j|\u2606evidencias\n|t:|1781458805\n|gametype|singles\n|player|p1|L4V|psychic-gen6|1928\n|player|p2|evidencias|rosa|1926\n|gen|9\n|tier|[Gen 9] Random Battle\n|rated|\n|rule|Species Clause: Limit one of each Pok\u00e9mon\n|rule|HP Percentage Mod: HP is shown in percentages\n|rule|Sleep Clause Mod: Limit one foe put to sleep\n|rule|Illusion Level Mod: Illusion disguises the Pok\u00e9mon's true level\n|\n|t:|1781458805\n|teamsize|p1|6\n|teamsize|p2|6\n|start\n|switch|p1a: Iron Jugulis|Iron Jugulis, L77|271/271\n|switch|p2a: Tyranitar|Tyranitar, L78, M|284/284\n|-weather|Sandstorm|[from] ability: Sand Stream|[of] p2a: Tyranitar\n|turn|1\n|inactive|Battle timer is ON: inactive players will automatically lose when time's up. (requested by evidencias)\n|inactive|L4V also wants the timer to be on.\n|\n|t:|1781458830\n|-end|p1a: Iron Jugulis|Quark Drive|[silent]\n|switch|p1a: Carbink|Carbink, L90|236/236\n|switch|p2a: Glimmora|Glimmora, L75, M|248/248\n|-item|p2a: Glimmora|Air Balloon\n|\n|-weather|Sandstorm|[upkeep]\n|upkeep\n|turn|2\n|\n|t:|1781458846\n|switch|p1a: Magearna|Magearna, L77|250/250\n|move|p2a: Glimmora|Stealth Rock|p1a: Magearna\n|-sidestart|p1: L4V|move: Stealth Rock\n|\n|-weather|Sandstorm|[upkeep]\n|upkeep\n|turn|3\n|\n|t:|1781458858\n|move|p2a: Glimmora|Earth Power|p1a: Magearna\n|-supereffective|p1a: Magearna\n|-damage|p1a: Magearna|126/250\n|move|p1a: Magearna|Shift Gear|p1a: Magearna\n|-boost|p1a: Magearna|spe|2\n|-boost|p1a: Magearna|atk|1\n|\n|-weather|Sandstorm|[upkeep]\n|-heal|p1a: Magearna|141/250|[from] item: Leftovers\n|upkeep\n|turn|4\n|\n|t:|1781458887\n|switch|p2a: Pincurchin|Pincurchin, M|258/258\n|-fieldstart|move: Electric Terrain|[from] ability: Electric Surge|[of] p2a: Pincurchin\n|move|p1a: Magearna|Flash Cannon|p2a: Pincurchin\n|-resisted|p2a: Pincurchin\n|-damage|p2a: Pincurchin|218/258\n|\n|-weather|Sandstorm|[upkeep]\n|-damage|p2a: Pincurchin|202/258|[from] Sandstorm\n|-heal|p1a: Magearna|156/250|[from] item: Leftovers\n|-heal|p2a: Pincurchin|218/258|[from] item: Leftovers\n|upkeep\n|turn|5\n|\n|t:|1781458899\n|move|p1a: Magearna|Calm Mind|p1a: Magearna\n|-boost|p1a: Magearna|spa|1\n|-boost|p1a: Magearna|spd|1\n|move|p2a: Pincurchin|Zing Zap|p1a: Magearna\n|-damage|p1a: Magearna|5/250\n|\n|-weather|none\n|-heal|p1a: Magearna|20/250|[from] item: Leftovers\n|-heal|p2a: Pincurchin|234/258|[from] item: Leftovers\n|upkeep\n|turn|6\n|\n|t:|1781458908\n|-terastallize|p1a: Magearna|Fairy\n|move|p1a: Magearna|Fleur Cannon|p2a: Pincurchin|[miss]\n|-miss|p1a: Magearna|p2a: Pincurchin\n|move|p2a: Pincurchin|Recover|p2a: Pincurchin\n|-heal|p2a: Pincurchin|258/258\n|\n|-heal|p1a: Magearna|35/250|[from] item: Leftovers\n|upkeep\n|turn|7\n|-message|L4V forfeited.\n|\n|win|evidencias\n", "inputlog": ">version a8376a258c1d4662feba110a92103f3664a72141\n>start {\"formatid\":\"gen9randombattle\",\"seed\":\"sodium,e4825aac1fb04e737a47cae2e8e071fa\",\"rated\":\"Rated battle\"}\n>player p1 {\"name\":\"L4V\",\"avatar\":\"psychic-gen6\",\"rating\":1928,\"seed\":\"sodium,dc146c8f7a489edfc7b364d979cca7bf\"}\n>player p2 {\"name\":\"evidencias\",\"avatar\":\"rosa\",\"rating\":1926,\"seed\":\"sodium,9f90659292d43c2eb15874bb82a8e74a\"}\n>p1 switch 4\n>p2 switch 4\n>p1 switch 2\n>p2 move stealthrock\n>p1 move shiftgear\n>p2 move earthpower\n>p1 move flashcannon\n>p2 switch 5\n>p1 move calmmind\n>p2 move zingzap\n>p1 move fleurcannon terastallize\n>p2 move recover\n>forcelose p1", "uploadtime": 1781458806, "views": 4, "formatid": "gen9randombattle", "rating": null, "private": 0, "password": null}