{"id": "gen9randombattle-2631846616", "format": "[Gen 9] Random Battle", "players": ["Chicken347", "pagenfranskane"], "log": "|j|\u2606Chicken347\n|j|\u2606pagenfranskane\n|t:|1781447559\n|gametype|singles\n|player|p1|Chicken347|266|2004\n|player|p2|pagenfranskane|battlegirl|1984\n|gen|9\n|tier|[Gen 9] Random Battle\n|rated|\n|rule|Species Clause: Limit one of each Pok\u00e9mon\n|rule|HP Percentage Mod: HP is shown in percentages\n|rule|Sleep Clause Mod: Limit one foe put to sleep\n|rule|Illusion Level Mod: Illusion disguises the Pok\u00e9mon's true level\n|\n|t:|1781447559\n|teamsize|p1|6\n|teamsize|p2|6\n|start\n|switch|p1a: Iron Moth|Iron Moth, L78|253/253\n|switch|p2a: Pecharunt|Pecharunt, L77|262/262\n|turn|1\n|\n|t:|1781447578\n|-end|p1a: Iron Moth|Quark Drive|[silent]\n|switch|p1a: Samurott|Samurott-Hisui, L77, M|265/265\n|move|p2a: Pecharunt|Parting Shot|p1a: Samurott\n|-unboost|p1a: Samurott|atk|1\n|-unboost|p1a: Samurott|spa|1\n|\n|t:|1781447584\n|switch|p2a: Venomoth|Venomoth, L84, M|255/255|[from] Parting Shot\n|\n|upkeep\n|turn|2\n|\n|t:|1781447608\n|move|p2a: Venomoth|Sleep Powder|p1a: Samurott\n|-status|p1a: Samurott|slp|[from] move: Sleep Powder\n|cant|p1a: Samurott|slp\n|\n|upkeep\n|turn|3\n|\n|t:|1781447636\n|switch|p1a: Dudunsparce|Dudunsparce-Three-Segment, L83, F|343/343\n|move|p2a: Venomoth|Quiver Dance|p2a: Venomoth\n|-boost|p2a: Venomoth|spa|1\n|-boost|p2a: Venomoth|spd|1\n|-boost|p2a: Venomoth|spe|1\n|\n|upkeep\n|turn|4\n|inactive|Battle timer is ON: inactive players will automatically lose when time's up. (requested by Chicken347)\n|\n|t:|1781447641\n|move|p2a: Venomoth|Sludge Wave|p1a: Dudunsparce\n|-damage|p1a: Dudunsparce|177/343\n|move|p1a: Dudunsparce|Earthquake|p2a: Venomoth\n|-damage|p2a: Venomoth|162/255\n|\n|-heal|p1a: Dudunsparce|198/343|[from] item: Leftovers\n|upkeep\n|turn|5\n|\n|t:|1781447644\n|move|p2a: Venomoth|Sludge Wave|p1a: Dudunsparce\n|-damage|p1a: Dudunsparce|48/343\n|move|p1a: Dudunsparce|Earthquake|p2a: Venomoth\n|-damage|p2a: Venomoth|71/255\n|\n|-heal|p1a: Dudunsparce|69/343|[from] item: Leftovers\n|upkeep\n|turn|6\n|\n|t:|1781447648\n|move|p2a: Venomoth|Bug Buzz|p1a: Dudunsparce\n|-damage|p1a: Dudunsparce|0 fnt\n|faint|p1a: Dudunsparce\n|\n|upkeep\n|\n|t:|1781447656\n|switch|p1a: Iron Moth|Iron Moth, L78|253/253\n|turn|7\n|\n|t:|1781447664\n|move|p2a: Venomoth|Sludge Wave|p1a: Iron Moth\n|-resisted|p1a: Iron Moth\n|-damage|p1a: Iron Moth|115/253\n|move|p1a: Iron Moth|Fire Blast|p2a: Venomoth\n|-supereffective|p2a: Venomoth\n|-damage|p2a: Venomoth|0 fnt\n|faint|p2a: Venomoth\n|\n|upkeep\n|\n|t:|1781447671\n|switch|p2a: Rhyperior|Rhyperior, L82, F|323/323\n|turn|8\n|\n|t:|1781447674\n|move|p1a: Iron Moth|Energy Ball|p2a: Rhyperior\n|-supereffective|p2a: Rhyperior\n|-damage|p2a: Rhyperior|107/323\n|move|p2a: Rhyperior|Dragon Tail|p1a: Iron Moth\n|-damage|p1a: Iron Moth|37/253\n|-end|p1a: Iron Moth|Quark Drive|[silent]\n|drag|p1a: Indeedee|Indeedee, L84, M|238/238\n|-fieldstart|move: Psychic Terrain|[from] ability: Psychic Surge|[of] p1a: Indeedee\n|\n|upkeep\n|turn|9\n|\n|t:|1781447688\n|move|p1a: Indeedee|Expanding Force|p2a: Rhyperior\n|-damage|p2a: Rhyperior|0 fnt\n|faint|p2a: Rhyperior\n|-damage|p1a: Indeedee|215/238|[from] item: Life Orb\n|\n|upkeep\n|\n|t:|1781447694\n|switch|p2a: Sylveon|Sylveon, L85, M|300/300\n|turn|10\n|inactive|Chicken347 has 120 seconds left.\n|\n|t:|1781447743\n|switch|p1a: Arceus|Arceus-Fighting, L70|284/284\n|move|p2a: Sylveon|Calm Mind|p2a: Sylveon\n|-boost|p2a: Sylveon|spa|1\n|-boost|p2a: Sylveon|spd|1\n|\n|upkeep\n|turn|11\n|\n|t:|1781447748\n|-terastallize|p1a: Arceus|Steel\n|move|p1a: Arceus|Cosmic Power|p1a: Arceus\n|-boost|p1a: Arceus|def|1\n|-boost|p1a: Arceus|spd|1\n|move|p2a: Sylveon|Hyper Voice|p1a: Arceus\n|-resisted|p1a: Arceus\n|-damage|p1a: Arceus|227/284\n|\n|upkeep\n|turn|12\n|\n|t:|1781447766\n|switch|p2a: Cloyster|Cloyster, L80, F|211/211\n|move|p1a: Arceus|Cosmic Power|p1a: Arceus\n|-boost|p1a: Arceus|def|1\n|-boost|p1a: Arceus|spd|1\n|\n|-fieldend|move: Psychic Terrain\n|upkeep\n|turn|13\n|\n|t:|1781447772\n|move|p1a: Arceus|Body Press|p2a: Cloyster\n|-supereffective|p2a: Cloyster\n|-damage|p2a: Cloyster|17/211\n|move|p2a: Cloyster|Shell Smash|p2a: Cloyster\n|-unboost|p2a: Cloyster|def|1\n|-unboost|p2a: Cloyster|spd|1\n|-boost|p2a: Cloyster|atk|2\n|-boost|p2a: Cloyster|spa|2\n|-boost|p2a: Cloyster|spe|2\n|-enditem|p2a: Cloyster|White Herb\n|-clearnegativeboost|p2a: Cloyster|[silent]\n|\n|upkeep\n|turn|14\n|\n|t:|1781447788\n|move|p2a: Cloyster|Hydro Pump|p1a: Arceus\n|-damage|p1a: Arceus|137/284\n|move|p1a: Arceus|Body Press|p2a: Cloyster\n|-supereffective|p2a: Cloyster\n|-damage|p2a: Cloyster|0 fnt\n|faint|p2a: Cloyster\n|\n|upkeep\n|-message|pagenfranskane forfeited.\n|\n|win|Chicken347\n", "inputlog": ">version a8376a258c1d4662feba110a92103f3664a72141\n>start {\"formatid\":\"gen9randombattle\",\"seed\":\"sodium,8f5f0af763c52897906b0c725d6c650d\",\"rated\":\"Rated battle\"}\n>player p1 {\"name\":\"Chicken347\",\"avatar\":\"266\",\"rating\":2004,\"seed\":\"sodium,ae604fd7a75712c8d096743bae9005ec\"}\n>player p2 {\"name\":\"pagenfranskane\",\"avatar\":\"battlegirl\",\"rating\":1984,\"seed\":\"sodium,38a5697626a32035817039b094d24752\"}\n>p1 switch 2\n>p2 move partingshot\n>p2 switch 2\n>p1 move swordsdance\n>p2 move sleeppowder\n>p1 switch 3\n>p2 move quiverdance\n>p1 move earthquake\n>p2 move sludgewave\n>p1 move earthquake\n>p2 move sludgewave\n>p1 move earthquake\n>p2 move bugbuzz\n>p1 switch 2\n>p1 move fireblast\n>p2 move sludgewave\n>p2 switch 6\n>p1 move energyball\n>p2 move dragontail\n>p1 move expandingforce\n>p2 move earthquake\n>p2 switch 4\n>p1 switch 6\n>p2 move calmmind\n>p1 move cosmicpower terastallize\n>p2 move hypervoice\n>p1 move cosmicpower\n>p2 switch 5\n>p1 move bodypress\n>p2 move shellsmash\n>p1 move bodypress\n>p2 move hydropump\n>forcelose p2", "uploadtime": 1781447560, "views": 8, "formatid": "gen9randombattle", "rating": null, "private": 0, "password": null}