{"id": "gen9randombattle-2631426472", "format": "[Gen 9] Random Battle", "players": ["Red Skies", "JayCroc"], "log": "|j|\u2606Red Skies\n|j|\u2606JayCroc\n|t:|1781383228\n|gametype|singles\n|player|p1|Red Skies|n|2135\n|player|p2|JayCroc|ivor|2059\n|gen|9\n|tier|[Gen 9] Random Battle\n|rated|\n|rule|Species Clause: Limit one of each Pok\u00e9mon\n|rule|HP Percentage Mod: HP is shown in percentages\n|rule|Sleep Clause Mod: Limit one foe put to sleep\n|rule|Illusion Level Mod: Illusion disguises the Pok\u00e9mon's true level\n|\n|t:|1781383228\n|teamsize|p1|6\n|teamsize|p2|6\n|start\n|switch|p1a: Virizion|Virizion, L82|283/283\n|switch|p2a: Sudowoodo|Sudowoodo, L94, F|284/284\n|turn|1\n|\n|t:|1781383238\n|switch|p2a: Froslass|Froslass, L87, F|263/263\n|move|p1a: Virizion|Swords Dance|p1a: Virizion\n|-boost|p1a: Virizion|atk|2\n|\n|upkeep\n|turn|2\n|inactive|Battle timer is ON: inactive players will automatically lose when time's up. (requested by Red Skies)\n|\n|t:|1781383246\n|move|p2a: Froslass|Triple Axel|p1a: Virizion\n|-supereffective|p1a: Virizion\n|-damage|p1a: Virizion|239/283\n|-supereffective|p1a: Virizion\n|-damage|p1a: Virizion|141/283\n|-supereffective|p1a: Virizion\n|-damage|p1a: Virizion|0 fnt\n|faint|p1a: Virizion\n|-hitcount|p1: Virizion|3\n|\n|upkeep\n|\n|t:|1781383253\n|switch|p1a: Incineroar|Incineroar, L82, F|290/290\n|-ability|p1a: Incineroar|Intimidate|boost\n|-unboost|p2a: Froslass|atk|1\n|turn|3\n|\n|t:|1781383257\n|move|p2a: Froslass|Destiny Bond|p2a: Froslass\n|-singlemove|p2a: Froslass|Destiny Bond\n|move|p1a: Incineroar|Swords Dance|p1a: Incineroar\n|-boost|p1a: Incineroar|atk|2\n|\n|upkeep\n|turn|4\n|\n|t:|1781383264\n|switch|p2a: Sudowoodo|Sudowoodo, L94, F|284/284\n|move|p1a: Incineroar|Trailblaze|p2a: Sudowoodo\n|-supereffective|p2a: Sudowoodo\n|-damage|p2a: Sudowoodo|172/284\n|-boost|p1a: Incineroar|spe|1\n|\n|-heal|p2a: Sudowoodo|189/284|[from] item: Leftovers\n|upkeep\n|turn|5\n|\n|t:|1781383273\n|-terastallize|p1a: Incineroar|Grass\n|move|p1a: Incineroar|Trailblaze|p2a: Sudowoodo\n|-supereffective|p2a: Sudowoodo\n|-damage|p2a: Sudowoodo|0 fnt\n|-boost|p1a: Incineroar|spe|1\n|faint|p2a: Sudowoodo\n|\n|upkeep\n|\n|t:|1781383289\n|switch|p2a: Pachirisu|Pachirisu, L96, M|271/271\n|turn|6\n|\n|t:|1781383299\n|move|p1a: Incineroar|Flare Blitz|p2a: Pachirisu\n|-damage|p2a: Pachirisu|0 fnt\n|faint|p2a: Pachirisu\n|-damage|p1a: Incineroar|201/290|[from] Recoil\n|\n|upkeep\n|\n|t:|1781383305\n|switch|p2a: Regice|Regice, L88|284/284\n|turn|7\n|\n|t:|1781383309\n|move|p1a: Incineroar|Flare Blitz|p2a: Regice\n|-supereffective|p2a: Regice\n|-damage|p2a: Regice|0 fnt\n|faint|p2a: Regice\n|-damage|p1a: Incineroar|107/290|[from] Recoil\n|\n|upkeep\n|\n|t:|1781383315\n|switch|p2a: Dugtrio|Dugtrio, L84, F|196/196\n|turn|8\n|\n|t:|1781383320\n|move|p2a: Dugtrio|Sucker Punch|p1a: Incineroar\n|-damage|p1a: Incineroar|28/290\n|move|p1a: Incineroar|Trailblaze|p2a: Dugtrio\n|-supereffective|p2a: Dugtrio\n|-damage|p2a: Dugtrio|0 fnt\n|-boost|p1a: Incineroar|spe|1\n|faint|p2a: Dugtrio\n|\n|upkeep\n|\n|t:|1781383336\n|switch|p2a: Jolteon|Jolteon, L84, M|246/246\n|turn|9\n|\n|t:|1781383339\n|move|p1a: Incineroar|Knock Off|p2a: Jolteon\n|-damage|p2a: Jolteon|0 fnt\n|-enditem|p2a: Jolteon|Leftovers|[from] move: Knock Off|[of] p1a: Incineroar\n|faint|p2a: Jolteon\n|\n|upkeep\n|-message|JayCroc forfeited.\n|\n|win|Red Skies\n", "inputlog": ">version a8376a258c1d4662feba110a92103f3664a72141\n>start {\"formatid\":\"gen9randombattle\",\"seed\":\"sodium,cd90ea22af16256b81260d96da5f377d\",\"rated\":\"Rated battle\"}\n>player p1 {\"name\":\"Red Skies\",\"avatar\":\"n\",\"rating\":2135,\"seed\":\"sodium,12971012e3291fa6717be9495ed47d70\"}\n>player p2 {\"name\":\"JayCroc\",\"avatar\":\"ivor\",\"rating\":2059,\"seed\":\"sodium,30b0d33f78712921a6781136b7bcb285\"}\n>p1 move swordsdance\n>p2 switch 6\n>p1 move leafblade\n>p2 move tripleaxel\n>p1 switch 4\n>p1 move swordsdance\n>p2 move destinybond\n>p1 move trailblaze\n>p2 switch 6\n>p1 move trailblaze terastallize\n>p2 move headsmash\n>p2 switch 2\n>p1 move flareblitz\n>p2 move encore\n>p2 switch 3\n>p1 move flareblitz\n>p2 move icebeam\n>p2 switch 4\n>p1 move trailblaze\n>p2 move suckerpunch\n>p2 switch 5\n>p1 move knockoff\n>p2 move thunderbolt\n>forcelose p2", "uploadtime": 1781383229, "views": 10, "formatid": "gen9randombattle", "rating": null, "private": 0, "password": null}