{"id": "gen9randombattle-2631984237", "format": "[Gen 9] Random Battle", "players": ["scampy789", "ver1te"], "log": "|j|\u2606scampy789\n|j|\u2606ver1te\n|t:|1781462748\n|gametype|singles\n|player|p1|scampy789|170|2081\n|player|p2|ver1te|169|2085\n|gen|9\n|tier|[Gen 9] Random Battle\n|rated|\n|rule|Species Clause: Limit one of each Pok\u00e9mon\n|rule|HP Percentage Mod: HP is shown in percentages\n|rule|Sleep Clause Mod: Limit one foe put to sleep\n|rule|Illusion Level Mod: Illusion disguises the Pok\u00e9mon's true level\n|\n|t:|1781462748\n|teamsize|p1|6\n|teamsize|p2|6\n|start\n|switch|p1a: Flutter Mane|Flutter Mane, L74|203/203\n|switch|p2a: Volbeat|Volbeat, L90, M|263/263\n|turn|1\n|inactive|Battle timer is ON: inactive players will automatically lose when time's up. (requested by scampy789)\n|\n|t:|1781462765\n|-end|p1a: Flutter Mane|Protosynthesis|[silent]\n|switch|p1a: Perrserker|Perrserker, L89, F|269/269\n|move|p2a: Volbeat|Thunder Wave|p1a: Perrserker|[miss]\n|-miss|p2a: Volbeat|p1a: Perrserker\n|\n|upkeep\n|turn|2\n|\n|t:|1781462775\n|switch|p2a: Ninetales|Ninetales, L85, M|263/263\n|-weather|SunnyDay|[from] ability: Drought|[of] p2a: Ninetales\n|move|p1a: Perrserker|Knock Off|p2a: Ninetales\n|-damage|p2a: Ninetales|114/263\n|-enditem|p2a: Ninetales|Heavy-Duty Boots|[from] move: Knock Off|[of] p1a: Perrserker\n|-damage|p1a: Perrserker|243/269|[from] item: Life Orb\n|\n|-weather|SunnyDay|[upkeep]\n|upkeep\n|turn|3\n|inactive|scampy789 has 120 seconds left.\n|\n|t:|1781462806\n|switch|p1a: Flutter Mane|Flutter Mane, L74|203/203\n|-activate|p1a: Flutter Mane|ability: Protosynthesis\n|-start|p1a: Flutter Mane|protosynthesisspa\n|move|p2a: Ninetales|Fire Blast|p1a: Flutter Mane\n|-damage|p1a: Flutter Mane|68/203\n|-status|p1a: Flutter Mane|brn\n|\n|-weather|SunnyDay|[upkeep]\n|-damage|p1a: Flutter Mane|56/203 brn|[from] brn\n|upkeep\n|turn|4\n|inactive|scampy789 has 120 seconds left.\n|\n|t:|1781462822\n|switch|p2a: Toedscruel|Toedscruel, L87, F|281/281\n|move|p1a: Flutter Mane|Shadow Ball|p2a: Toedscruel\n|-damage|p2a: Toedscruel|157/281\n|\n|-weather|SunnyDay|[upkeep]\n|-heal|p2a: Toedscruel|174/281|[from] item: Leftovers\n|-damage|p1a: Flutter Mane|44/203 brn|[from] brn\n|upkeep\n|turn|5\n|\n|t:|1781462832\n|-end|p1a: Flutter Mane|Protosynthesis|[silent]\n|switch|p1a: Ogerpon|Ogerpon-Wellspring, L76, F|247/247\n|move|p2a: Toedscruel|Earth Power|p1a: Ogerpon\n|-resisted|p1a: Ogerpon\n|-damage|p1a: Ogerpon|199/247\n|\n|-weather|SunnyDay|[upkeep]\n|-heal|p2a: Toedscruel|191/281|[from] item: Leftovers\n|upkeep\n|turn|6\n|\n|t:|1781462853\n|move|p2a: Toedscruel|Leaf Storm|p1a: Ogerpon\n|-damage|p1a: Ogerpon|75/247\n|-unboost|p2a: Toedscruel|spa|2\n|move|p1a: Ogerpon|Spikes|p2a: Toedscruel\n|-sidestart|p2: ver1te|Spikes\n|\n|-weather|none\n|-heal|p2a: Toedscruel|208/281|[from] item: Leftovers\n|upkeep\n|turn|7\n|\n|t:|1781462859\n|move|p2a: Toedscruel|Rapid Spin|p1a: Ogerpon\n|-damage|p1a: Ogerpon|40/247\n|-boost|p2a: Toedscruel|spe|1\n|-sideend|p2: ver1te|Spikes|[from] move: Rapid Spin|[of] p2a: Toedscruel\n|move|p1a: Ogerpon|Synthesis|p1a: Ogerpon\n|-heal|p1a: Ogerpon|163/247\n|\n|-heal|p2a: Toedscruel|225/281|[from] item: Leftovers\n|upkeep\n|turn|8\n|\n|t:|1781462863\n|move|p1a: Ogerpon|Spikes|p2a: Toedscruel\n|-sidestart|p2: ver1te|Spikes\n|move|p2a: Toedscruel|Toxic|p1a: Ogerpon\n|-status|p1a: Ogerpon|tox\n|\n|-heal|p2a: Toedscruel|242/281|[from] item: Leftovers\n|-damage|p1a: Ogerpon|148/247 tox|[from] psn\n|upkeep\n|turn|9\n|\n|t:|1781462875\n|switch|p1a: Bombirdier|Bombirdier, L85, F|258/258\n|move|p2a: Toedscruel|Rapid Spin|p1a: Bombirdier\n|-crit|p1a: Bombirdier\n|-damage|p1a: Bombirdier|212/258\n|-boost|p2a: Toedscruel|spe|1\n|-sideend|p2: ver1te|Spikes|[from] move: Rapid Spin|[of] p2a: Toedscruel\n|\n|-heal|p2a: Toedscruel|259/281|[from] item: Leftovers\n|upkeep\n|turn|10\n|\n|t:|1781462889\n|switch|p2a: Drifblim|Drifblim, L86, M|396/396\n|move|p1a: Bombirdier|Brave Bird|p2a: Drifblim\n|-damage|p2a: Drifblim|92/396\n|-enditem|p2a: Drifblim|Sitrus Berry|[eat]\n|-heal|p2a: Drifblim|191/396|[from] item: Sitrus Berry\n|-damage|p1a: Bombirdier|112/258|[from] Recoil\n|\n|upkeep\n|turn|11\n|inactive|scampy789 has 120 seconds left.\n|\n|t:|1781462921\n|switch|p1a: Perrserker|Perrserker, L89, F|243/269\n|move|p2a: Drifblim|Strength Sap|p1a: Perrserker\n|-unboost|p1a: Perrserker|atk|1\n|-heal|p2a: Drifblim|396/396\n|\n|upkeep\n|turn|12\n|inactive|scampy789 has 120 seconds left.\n|\n|t:|1781462932\n|switch|p1a: Wyrdeer|Wyrdeer, L87, M|321/321\n|-ability|p1a: Wyrdeer|Intimidate|boost\n|-unboost|p2a: Drifblim|atk|1\n|move|p2a: Drifblim|Calm Mind|p2a: Drifblim\n|-boost|p2a: Drifblim|spa|1\n|-boost|p2a: Drifblim|spd|1\n|\n|upkeep\n|turn|13\n|inactive|scampy789 has 120 seconds left.\n|\n|t:|1781462943\n|switch|p2a: Toedscruel|Toedscruel, L87, F|259/281\n|move|p1a: Wyrdeer|Thunder Wave|p2a: Toedscruel\n|-immune|p2a: Toedscruel\n|\n|-heal|p2a: Toedscruel|276/281|[from] item: Leftovers\n|upkeep\n|turn|14\n|\n|t:|1781462948\n|move|p1a: Wyrdeer|Megahorn|p2a: Toedscruel\n|-supereffective|p2a: Toedscruel\n|-damage|p2a: Toedscruel|54/281\n|move|p2a: Toedscruel|Toxic|p1a: Wyrdeer|[miss]\n|-miss|p2a: Toedscruel|p1a: Wyrdeer\n|\n|-heal|p2a: Toedscruel|71/281|[from] item: Leftovers\n|upkeep\n|turn|15\n|\n|t:|1781462959\n|switch|p2a: Volbeat|Volbeat, L90, M|263/263\n|move|p1a: Wyrdeer|Psychic Noise|p2a: Volbeat\n|-damage|p2a: Volbeat|173/263\n|-start|p2a: Volbeat|move: Heal Block\n|\n|upkeep\n|turn|16\n|\n|t:|1781462972\n|switch|p1a: Perrserker|Perrserker, L89, F|243/269\n|move|p2a: Volbeat|Lunge|p1a: Perrserker\n|-resisted|p1a: Perrserker\n|-damage|p1a: Perrserker|210/269\n|-unboost|p1a: Perrserker|atk|1\n|\n|-end|p2a: Volbeat|move: Heal Block\n|upkeep\n|turn|17\n|inactive|scampy789 has 120 seconds left.\n|\n|t:|1781462991\n|switch|p2a: Ninetales|Ninetales, L85, M|114/263\n|-weather|SunnyDay|[from] ability: Drought|[of] p2a: Ninetales\n|move|p1a: Perrserker|Knock Off|p2a: Ninetales\n|-damage|p2a: Ninetales|46/263\n|-damage|p1a: Perrserker|184/269|[from] item: Life Orb\n|\n|-weather|SunnyDay|[upkeep]\n|upkeep\n|turn|18\n|inactive|scampy789 has 120 seconds left.\n|\n|t:|1781463006\n|switch|p1a: Bombirdier|Bombirdier, L85, F|112/258\n|move|p2a: Ninetales|Fire Blast|p1a: Bombirdier\n|-damage|p1a: Bombirdier|0 fnt\n|faint|p1a: Bombirdier\n|\n|-weather|SunnyDay|[upkeep]\n|upkeep\n|\n|t:|1781463012\n|switch|p1a: Flutter Mane|Flutter Mane, L74|44/203 brn\n|-activate|p1a: Flutter Mane|ability: Protosynthesis\n|-start|p1a: Flutter Mane|protosynthesisspa\n|turn|19\n|inactive|scampy789 has 120 seconds left.\n|\n|t:|1781463018\n|switch|p2a: Toedscruel|Toedscruel, L87, F|71/281\n|move|p1a: Flutter Mane|Shadow Ball|p2a: Toedscruel\n|-damage|p2a: Toedscruel|0 fnt\n|faint|p2a: Toedscruel\n|\n|-weather|SunnyDay|[upkeep]\n|-damage|p1a: Flutter Mane|32/203 brn|[from] brn\n|upkeep\n|\n|t:|1781463021\n|switch|p2a: Cacturne|Cacturne, L92, F|278/278\n|turn|20\n|inactive|scampy789 has 120 seconds left.\n|\n|t:|1781463053\n|-end|p1a: Flutter Mane|Protosynthesis|[silent]\n|switch|p1a: Wyrdeer|Wyrdeer, L87, M|321/321\n|-ability|p1a: Wyrdeer|Intimidate|boost\n|-unboost|p2a: Cacturne|atk|1\n|move|p2a: Cacturne|Knock Off|p1a: Wyrdeer\n|-supereffective|p1a: Wyrdeer\n|-damage|p1a: Wyrdeer|71/321\n|-enditem|p1a: Wyrdeer|Leftovers|[from] move: Knock Off|[of] p2a: Cacturne\n|-damage|p2a: Cacturne|251/278|[from] item: Life Orb\n|\n|-weather|SunnyDay|[upkeep]\n|upkeep\n|turn|21\n|\n|t:|1781463066\n|move|p1a: Wyrdeer|Thunder Wave|p2a: Cacturne\n|-status|p2a: Cacturne|par\n|move|p2a: Cacturne|Knock Off|p1a: Wyrdeer\n|-supereffective|p1a: Wyrdeer\n|-damage|p1a: Wyrdeer|0 fnt\n|faint|p1a: Wyrdeer\n|-damage|p2a: Cacturne|224/278 par|[from] item: Life Orb\n|\n|-weather|none\n|upkeep\n|\n|t:|1781463073\n|switch|p1a: Perrserker|Perrserker, L89, F|184/269\n|turn|22\n|\n|t:|1781463078\n|move|p2a: Cacturne|Sucker Punch||[still]\n|-fail|p2a: Cacturne\n|move|p1a: Perrserker|Stealth Rock|p2a: Cacturne\n|-sidestart|p2: ver1te|move: Stealth Rock\n|\n|upkeep\n|turn|23\n|\n|t:|1781463099\n|cant|p2a: Cacturne|par\n|move|p1a: Perrserker|Close Combat|p2a: Cacturne\n|-supereffective|p2a: Cacturne\n|-damage|p2a: Cacturne|0 fnt\n|-unboost|p1a: Perrserker|def|1\n|-unboost|p1a: Perrserker|spd|1\n|faint|p2a: Cacturne\n|-damage|p1a: Perrserker|158/269|[from] item: Life Orb\n|\n|upkeep\n|\n|t:|1781463109\n|switch|p2a: Volbeat|Volbeat, L90, M|173/263\n|turn|24\n|\n|t:|1781463126\n|switch|p1a: Flutter Mane|Flutter Mane, L74|32/203 brn\n|move|p2a: Volbeat|Encore||[still]\n|-fail|p2a: Volbeat\n|\n|-damage|p1a: Flutter Mane|20/203 brn|[from] brn\n|upkeep\n|turn|25\n|\n|t:|1781463146\n|switch|p2a: Ninetales|Ninetales, L85, M|46/263\n|-damage|p2a: Ninetales|0 fnt|[from] Stealth Rock\n|faint|p2a: Ninetales\n|move|p1a: Flutter Mane|Shadow Ball|p2: Ninetales|[notarget]\n|-fail|p1a: Flutter Mane\n|\n|-damage|p1a: Flutter Mane|8/203 brn|[from] brn\n|upkeep\n|\n|t:|1781463150\n|switch|p2a: Volbeat|Volbeat, L90, M|173/263\n|turn|26\n|\n|t:|1781463158\n|-end|p1a: Flutter Mane|Protosynthesis|[silent]\n|switch|p1a: Perrserker|Perrserker, L89, F|158/269\n|move|p2a: Volbeat|Roost|p2a: Volbeat\n|-heal|p2a: Volbeat|263/263\n|-singleturn|p2a: Volbeat|move: Roost\n|\n|upkeep\n|turn|27\n|\n|t:|1781463169\n|move|p2a: Volbeat|Thunder Wave|p1a: Perrserker\n|-status|p1a: Perrserker|par\n|cant|p1a: Perrserker|par\n|\n|upkeep\n|turn|28\n|\n|t:|1781463174\n|move|p2a: Volbeat|Lunge|p1a: Perrserker\n|-resisted|p1a: Perrserker\n|-damage|p1a: Perrserker|123/269 par\n|-unboost|p1a: Perrserker|atk|1\n|move|p1a: Perrserker|Knock Off|p2a: Volbeat\n|-damage|p2a: Volbeat|163/263\n|-enditem|p2a: Volbeat|Heavy-Duty Boots|[from] move: Knock Off|[of] p1a: Perrserker\n|-damage|p1a: Perrserker|97/269 par|[from] item: Life Orb\n|\n|upkeep\n|turn|29\n|inactive|scampy789 has 120 seconds left.\n|\n|t:|1781463182\n|move|p2a: Volbeat|Lunge|p1a: Perrserker\n|-resisted|p1a: Perrserker\n|-damage|p1a: Perrserker|61/269 par\n|-unboost|p1a: Perrserker|atk|1\n|cant|p1a: Perrserker|par\n|\n|upkeep\n|turn|30\n|\n|t:|1781463187\n|move|p2a: Volbeat|Roost|p2a: Volbeat\n|-heal|p2a: Volbeat|263/263\n|-singleturn|p2a: Volbeat|move: Roost\n|cant|p1a: Perrserker|par\n|\n|upkeep\n|turn|31\n|\n|t:|1781463194\n|move|p2a: Volbeat|Lunge|p1a: Perrserker\n|-resisted|p1a: Perrserker\n|-damage|p1a: Perrserker|25/269 par\n|-unboost|p1a: Perrserker|atk|1\n|move|p1a: Perrserker|Iron Head|p2a: Volbeat\n|-damage|p2a: Volbeat|193/263\n|-damage|p1a: Perrserker|0 fnt|[from] item: Life Orb\n|faint|p1a: Perrserker\n|\n|upkeep\n|\n|t:|1781463199\n|switch|p1a: Flutter Mane|Flutter Mane, L74|8/203 brn\n|turn|32\n|\n|t:|1781463205\n|move|p2a: Volbeat|Roost|p2a: Volbeat\n|-heal|p2a: Volbeat|263/263\n|-singleturn|p2a: Volbeat|move: Roost\n|move|p1a: Flutter Mane|Mystical Fire|p2a: Volbeat\n|-supereffective|p2a: Volbeat\n|-damage|p2a: Volbeat|115/263\n|-unboost|p2a: Volbeat|spa|1\n|\n|-damage|p1a: Flutter Mane|0 fnt|[from] brn\n|faint|p1a: Flutter Mane\n|-end|p1a: Flutter Mane|Protosynthesis|[silent]\n|upkeep\n|\n|t:|1781463211\n|switch|p1a: Ogerpon|Ogerpon-Wellspring, L76, F|148/247 tox\n|turn|33\n|\n|t:|1781463220\n|move|p2a: Volbeat|Roost|p2a: Volbeat\n|-heal|p2a: Volbeat|247/263\n|-singleturn|p2a: Volbeat|move: Roost\n|move|p1a: Ogerpon|Ivy Cudgel|p2a: Volbeat|[anim] Ivy Cudgel Water\n|-damage|p2a: Volbeat|105/263\n|\n|-damage|p1a: Ogerpon|133/247 tox|[from] psn\n|upkeep\n|turn|34\n|\n|t:|1781463227\n|move|p2a: Volbeat|Roost|p2a: Volbeat\n|-heal|p2a: Volbeat|237/263\n|-singleturn|p2a: Volbeat|move: Roost\n|move|p1a: Ogerpon|Ivy Cudgel|p2a: Volbeat|[anim] Ivy Cudgel Water\n|-damage|p2a: Volbeat|95/263\n|\n|-damage|p1a: Ogerpon|103/247 tox|[from] psn\n|upkeep\n|turn|35\n|\n|t:|1781463236\n|move|p2a: Volbeat|Roost|p2a: Volbeat\n|-heal|p2a: Volbeat|227/263\n|-singleturn|p2a: Volbeat|move: Roost\n|move|p1a: Ogerpon|Ivy Cudgel|p2a: Volbeat|[anim] Ivy Cudgel Water\n|-damage|p2a: Volbeat|95/263\n|\n|-damage|p1a: Ogerpon|58/247 tox|[from] psn\n|upkeep\n|turn|36\n|\n|t:|1781463243\n|switch|p1a: Sunflora|Sunflora, F|312/312\n|move|p2a: Volbeat|Roost|p2a: Volbeat\n|-heal|p2a: Volbeat|227/263\n|-singleturn|p2a: Volbeat|move: Roost\n|\n|upkeep\n|turn|37\n|\n|t:|1781463257\n|-terastallize|p1a: Sunflora|Ground\n|move|p2a: Volbeat|Lunge|p1a: Sunflora\n|-damage|p1a: Sunflora|224/312\n|-unboost|p1a: Sunflora|atk|1\n|move|p1a: Sunflora|Sludge Bomb|p2a: Volbeat\n|-damage|p2a: Volbeat|82/263\n|\n|upkeep\n|turn|38\n|\n|t:|1781463265\n|move|p2a: Volbeat|Encore|p1a: Sunflora\n|-start|p1a: Sunflora|Encore\n|move|p1a: Sunflora|Sludge Bomb|p2a: Volbeat\n|-damage|p2a: Volbeat|0 fnt\n|faint|p2a: Volbeat\n|\n|upkeep\n|\n|t:|1781463266\n|switch|p2a: Polteageist|Polteageist-Antique, L78|222/222\n|-damage|p2a: Polteageist|195/222|[from] Stealth Rock\n|turn|39\n|\n|t:|1781463278\n|move|p2a: Polteageist|Shell Smash|p2a: Polteageist\n|-unboost|p2a: Polteageist|def|1\n|-unboost|p2a: Polteageist|spd|1\n|-boost|p2a: Polteageist|atk|2\n|-boost|p2a: Polteageist|spa|2\n|-boost|p2a: Polteageist|spe|2\n|-enditem|p2a: Polteageist|White Herb\n|-clearnegativeboost|p2a: Polteageist|[silent]\n|move|p1a: Sunflora|Sludge Bomb|p2a: Polteageist\n|-resisted|p2a: Polteageist\n|-damage|p2a: Polteageist|127/222\n|\n|upkeep\n|turn|40\n|\n|t:|1781463285\n|move|p2a: Polteageist|Shadow Ball|p1a: Sunflora\n|-damage|p1a: Sunflora|71/312\n|move|p1a: Sunflora|Sludge Bomb|p2a: Polteageist\n|-resisted|p2a: Polteageist\n|-damage|p2a: Polteageist|68/222\n|-status|p2a: Polteageist|psn\n|\n|-damage|p2a: Polteageist|41/222 psn|[from] psn\n|-end|p1a: Sunflora|Encore\n|upkeep\n|turn|41\n|\n|t:|1781463297\n|move|p2a: Polteageist|Shadow Ball|p1a: Sunflora\n|-damage|p1a: Sunflora|0 fnt\n|faint|p1a: Sunflora\n|\n|-damage|p2a: Polteageist|14/222 psn|[from] psn\n|upkeep\n|\n|t:|1781463300\n|switch|p1a: Ogerpon|Ogerpon-Wellspring, L76, F|58/247 tox\n|turn|42\n|\n|t:|1781463305\n|move|p2a: Polteageist|Shadow Ball|p1a: Ogerpon\n|-damage|p1a: Ogerpon|0 fnt\n|faint|p1a: Ogerpon\n|\n|win|ver1te\n", "inputlog": ">version a8376a258c1d4662feba110a92103f3664a72141\n>start {\"formatid\":\"gen9randombattle\",\"seed\":\"sodium,197ca930c8f30a8a23dc7e91b38f450c\",\"rated\":\"Rated battle\"}\n>player p1 {\"name\":\"scampy789\",\"avatar\":\"170\",\"rating\":2081,\"seed\":\"sodium,d3e3522e9fc9f39bbfeb8bb47177e74b\"}\n>player p2 {\"name\":\"ver1te\",\"avatar\":\"169\",\"rating\":2085,\"seed\":\"sodium,328a9cee01d442c03d28afec2730d7e3\"}\n>p1 switch 6\n>p2 move thunderwave\n>p1 move knockoff\n>p2 switch 3\n>p1 switch 6\n>p2 move fireblast\n>p1 move shadowball\n>p2 switch 2\n>p1 switch 5\n>p2 move earthpower\n>p1 move spikes\n>p2 move leafstorm\n>p1 move synthesis\n>p2 move rapidspin\n>p1 move spikes\n>p2 move toxic\n>p1 switch 3\n>p2 move rapidspin\n>p1 move bravebird\n>p2 switch 4\n>p1 switch 6\n>p2 move strengthsap\n>p1 switch 2\n>p2 move calmmind\n>p1 move thunderwave\n>p2 switch 4\n>p1 move megahorn\n>p2 move toxic\n>p1 move psychicnoise\n>p2 switch 3\n>p1 switch 2\n>p2 move lunge\n>p1 move knockoff\n>p2 switch 2\n>p1 switch 6\n>p2 move fireblast\n>p1 switch 5\n>p1 move shadowball\n>p2 switch 3\n>p2 switch 5\n>p1 switch 2\n>p2 move knockoff\n>p1 move thunderwave\n>p2 move knockoff\n>p1 switch 6\n>p1 move stealthrock\n>p2 move suckerpunch\n>p1 move closecombat\n>p2 move suckerpunch\n>p2 switch 2\n>p1 switch 2\n>p2 move encore\n>p1 move shadowball\n>p2 switch 3\n>p2 switch 3\n>p1 switch 2\n>p2 move roost\n>p1 move knockoff\n>p2 move thunderwave\n>p1 move knockoff\n>p2 move lunge\n>p1 move ironhead\n>p2 move lunge\n>p1 move ironhead\n>p2 move roost\n>p1 move ironhead\n>p2 move lunge\n>p1 switch 2\n>p1 move mysticalfire\n>p2 move roost\n>p1 switch 3\n>p1 move ivycudgel\n>p2 move roost\n>p1 move ivycudgel\n>p2 move roost\n>p1 move ivycudgel\n>p2 move roost\n>p1 switch 4\n>p2 move roost\n>p1 move sludgebomb terastallize\n>p2 move lunge\n>p1 move sludgebomb\n>p2 move encore\n>p2 switch 6\n>p1 move sludgebomb\n>p2 move shellsmash\n>p1 move sludgebomb\n>p2 move shadowball\n>p1 move sludgebomb\n>p2 move shadowball\n>p1 switch 4\n>p1 move synthesis\n>p2 move shadowball", "uploadtime": 1781462750, "views": 4, "formatid": "gen9randombattle", "rating": null, "private": 0, "password": null}