{"id": "gen9randombattle-2631910311", "format": "[Gen 9] Random Battle", "players": ["amantedepoochs", "Dr.Werxzty"], "log": "|j|\u2606amantedepoochs\n|j|\u2606Dr.Werxzty\n|t:|1781454662\n|gametype|singles\n|player|p1|amantedepoochs|pokekid|1291\n|player|p2|Dr.Werxzty|lance|1346\n|gen|9\n|tier|[Gen 9] Random Battle\n|rated|\n|rule|Species Clause: Limit one of each Pok\u00e9mon\n|rule|HP Percentage Mod: HP is shown in percentages\n|rule|Sleep Clause Mod: Limit one foe put to sleep\n|rule|Illusion Level Mod: Illusion disguises the Pok\u00e9mon's true level\n|\n|t:|1781454663\n|teamsize|p1|6\n|teamsize|p2|6\n|start\n|switch|p1a: Arceus|Arceus-Steel, L70|284/284\n|switch|p2a: Solgaleo|Solgaleo, L74|325/325\n|turn|1\n|inactive|Battle timer is ON: inactive players will automatically lose when time's up. (requested by amantedepoochs)\n|\n|t:|1781454721\n|switch|p2a: Espathra|Espathra, L80, F|283/283\n|move|p1a: Arceus|Calm Mind|p1a: Arceus\n|-boost|p1a: Arceus|spa|1\n|-boost|p1a: Arceus|spd|1\n|\n|upkeep\n|turn|2\n|\n|t:|1781454741\n|move|p2a: Espathra|U-turn|p1a: Arceus\n|-resisted|p1a: Arceus\n|-damage|p1a: Arceus|269/284\n|\n|t:|1781454747\n|switch|p2a: Torkoal|Torkoal, L88, F|266/266|[from] U-turn\n|-weather|SunnyDay|[from] ability: Drought|[of] p2a: Torkoal\n|move|p1a: Arceus|Judgment|p2a: Torkoal\n|-resisted|p2a: Torkoal\n|-damage|p2a: Torkoal|182/266\n|\n|-weather|SunnyDay|[upkeep]\n|upkeep\n|turn|3\n|\n|t:|1781454759\n|move|p1a: Arceus|Earth Power|p2a: Torkoal\n|-supereffective|p2a: Torkoal\n|-damage|p2a: Torkoal|0 fnt\n|faint|p2a: Torkoal\n|\n|-weather|SunnyDay|[upkeep]\n|upkeep\n|\n|t:|1781454769\n|switch|p2a: Solgaleo|Solgaleo, L74|325/325\n|turn|4\n|\n|t:|1781454796\n|-terastallize|p1a: Arceus|Ghost\n|move|p1a: Arceus|Judgment|p2a: Solgaleo\n|-resisted|p2a: Solgaleo\n|-damage|p2a: Solgaleo|235/325\n|move|p2a: Solgaleo|Flame Charge|p1a: Arceus\n|-damage|p1a: Arceus|218/284\n|-boost|p2a: Solgaleo|spe|1\n|\n|-weather|SunnyDay|[upkeep]\n|upkeep\n|turn|5\n|inactive|Dr.Werxzty has 120 seconds left.\n|inactive|Dr.Werxzty has 90 seconds left.\n|\n|t:|1781454843\n|move|p2a: Solgaleo|Sunsteel Strike|p1a: Arceus\n|-damage|p1a: Arceus|113/284\n|move|p1a: Arceus|Earth Power|p2a: Solgaleo\n|-supereffective|p2a: Solgaleo\n|-damage|p2a: Solgaleo|53/325\n|-enditem|p2a: Solgaleo|Weakness Policy\n|-boost|p2a: Solgaleo|atk|2|[from] item: Weakness Policy\n|-boost|p2a: Solgaleo|spa|2|[from] item: Weakness Policy\n|\n|-weather|SunnyDay|[upkeep]\n|upkeep\n|turn|6\n|inactive|Dr.Werxzty has 90 seconds left.\n|\n|t:|1781454856\n|move|p2a: Solgaleo|Sunsteel Strike|p1a: Arceus\n|-damage|p1a: Arceus|0 fnt\n|faint|p1a: Arceus\n|\n|-weather|none\n|upkeep\n|\n|t:|1781454872\n|switch|p1a: Slowking|Slowking, L88, M|310/310\n|turn|7\n|\n|t:|1781454882\n|move|p2a: Solgaleo|Earthquake|p1a: Slowking\n|-damage|p1a: Slowking|154/310\n|move|p1a: Slowking|Scald|p2a: Solgaleo\n|-damage|p2a: Solgaleo|0 fnt\n|faint|p2a: Solgaleo\n|\n|-heal|p1a: Slowking|173/310|[from] item: Leftovers\n|upkeep\n|\n|t:|1781454896\n|switch|p2a: Keldeo|Keldeo-Resolute, L79|273/273\n|turn|8\n|\n|t:|1781454909\n|switch|p1a: Polteageist|Polteageist, L78|222/222\n|-terastallize|p2a: Keldeo|Steel\n|move|p2a: Keldeo|Substitute|p2a: Keldeo\n|-start|p2a: Keldeo|Substitute\n|-damage|p2a: Keldeo|205/273\n|\n|-heal|p2a: Keldeo|222/273|[from] item: Leftovers\n|upkeep\n|turn|9\n|\n|t:|1781454925\n|move|p2a: Keldeo|Calm Mind|p2a: Keldeo\n|-boost|p2a: Keldeo|spa|1\n|-boost|p2a: Keldeo|spd|1\n|move|p1a: Polteageist|Shell Smash|p1a: Polteageist\n|-unboost|p1a: Polteageist|def|1\n|-unboost|p1a: Polteageist|spd|1\n|-boost|p1a: Polteageist|atk|2\n|-boost|p1a: Polteageist|spa|2\n|-boost|p1a: Polteageist|spe|2\n|-enditem|p1a: Polteageist|White Herb\n|-clearnegativeboost|p1a: Polteageist|[silent]\n|\n|-heal|p2a: Keldeo|239/273|[from] item: Leftovers\n|upkeep\n|turn|10\n|inactive|Dr.Werxzty has 90 seconds left.\n|\n|t:|1781454942\n|move|p1a: Polteageist|Shadow Ball|p2a: Keldeo\n|-end|p2a: Keldeo|Substitute\n|move|p2a: Keldeo|Calm Mind|p2a: Keldeo\n|-boost|p2a: Keldeo|spa|1\n|-boost|p2a: Keldeo|spd|1\n|\n|-heal|p2a: Keldeo|256/273|[from] item: Leftovers\n|upkeep\n|turn|11\n|inactive|Dr.Werxzty has 90 seconds left.\n|\n|t:|1781454961\n|move|p1a: Polteageist|Shadow Ball|p2a: Keldeo\n|-damage|p2a: Keldeo|156/273\n|-unboost|p2a: Keldeo|spd|1\n|move|p2a: Keldeo|Surf|p1a: Polteageist\n|-damage|p1a: Polteageist|35/222\n|\n|-heal|p2a: Keldeo|173/273|[from] item: Leftovers\n|upkeep\n|turn|12\n|inactive|Dr.Werxzty has 90 seconds left.\n|\n|t:|1781454972\n|move|p1a: Polteageist|Strength Sap|p2a: Keldeo\n|-unboost|p2a: Keldeo|atk|1\n|-heal|p1a: Polteageist|153/222\n|move|p2a: Keldeo|Surf|p1a: Polteageist\n|-damage|p1a: Polteageist|0 fnt\n|faint|p1a: Polteageist\n|\n|-heal|p2a: Keldeo|190/273|[from] item: Leftovers\n|upkeep\n|inactive|amantedepoochs has 120 seconds left.\n|\n|t:|1781454988\n|switch|p1a: Rampardos|Rampardos, L90, M|321/321\n|turn|13\n|inactive|amantedepoochs has 120 seconds left.\n|\n|t:|1781455006\n|move|p2a: Keldeo|Secret Sword|p1a: Rampardos\n|-supereffective|p1a: Rampardos\n|-damage|p1a: Rampardos|0 fnt\n|faint|p1a: Rampardos\n|\n|-heal|p2a: Keldeo|207/273|[from] item: Leftovers\n|upkeep\n|\n|t:|1781455013\n|switch|p1a: Slowking|Slowking, L88, M|276/310\n|turn|14\n|\n|t:|1781455019\n|move|p2a: Keldeo|Substitute|p2a: Keldeo\n|-start|p2a: Keldeo|Substitute\n|-damage|p2a: Keldeo|139/273\n|move|p1a: Slowking|Thunder Wave||[still]\n|-fail|p1a: Slowking\n|\n|-heal|p2a: Keldeo|156/273|[from] item: Leftovers\n|-heal|p1a: Slowking|295/310|[from] item: Leftovers\n|upkeep\n|turn|15\n|\n|t:|1781455028\n|move|p2a: Keldeo|Calm Mind|p2a: Keldeo\n|-boost|p2a: Keldeo|spa|1\n|-boost|p2a: Keldeo|spd|1\n|move|p1a: Slowking|Scald|p2a: Keldeo\n|-activate|p2a: Keldeo|move: Substitute|[damage]\n|\n|-heal|p2a: Keldeo|173/273|[from] item: Leftovers\n|-heal|p1a: Slowking|310/310|[from] item: Leftovers\n|upkeep\n|turn|16\n|inactive|Dr.Werxzty has 120 seconds left.\n|\n|t:|1781455038\n|move|p2a: Keldeo|Calm Mind|p2a: Keldeo\n|-boost|p2a: Keldeo|spa|1\n|-boost|p2a: Keldeo|spd|1\n|move|p1a: Slowking|Scald|p2a: Keldeo\n|-end|p2a: Keldeo|Substitute\n|\n|-heal|p2a: Keldeo|190/273|[from] item: Leftovers\n|upkeep\n|turn|17\n|\n|t:|1781455047\n|move|p2a: Keldeo|Substitute|p2a: Keldeo\n|-start|p2a: Keldeo|Substitute\n|-damage|p2a: Keldeo|122/273\n|move|p1a: Slowking|Scald|p2a: Keldeo\n|-activate|p2a: Keldeo|move: Substitute|[damage]\n|\n|-heal|p2a: Keldeo|139/273|[from] item: Leftovers\n|upkeep\n|turn|18\n|\n|t:|1781455058\n|move|p2a: Keldeo|Surf|p1a: Slowking\n|-resisted|p1a: Slowking\n|-damage|p1a: Slowking|176/310\n|move|p1a: Slowking|Scald|p2a: Keldeo\n|-end|p2a: Keldeo|Substitute\n|\n|-heal|p2a: Keldeo|156/273|[from] item: Leftovers\n|-heal|p1a: Slowking|195/310|[from] item: Leftovers\n|upkeep\n|turn|19\n|\n|t:|1781455069\n|move|p2a: Keldeo|Substitute|p2a: Keldeo\n|-start|p2a: Keldeo|Substitute\n|-damage|p2a: Keldeo|88/273\n|move|p1a: Slowking|Scald|p2a: Keldeo\n|-activate|p2a: Keldeo|move: Substitute|[damage]\n|\n|-heal|p2a: Keldeo|105/273|[from] item: Leftovers\n|-heal|p1a: Slowking|214/310|[from] item: Leftovers\n|upkeep\n|turn|20\n|\n|t:|1781455078\n|move|p2a: Keldeo|Surf|p1a: Slowking\n|-resisted|p1a: Slowking\n|-damage|p1a: Slowking|82/310\n|move|p1a: Slowking|Scald|p2a: Keldeo\n|-end|p2a: Keldeo|Substitute\n|\n|-heal|p2a: Keldeo|122/273|[from] item: Leftovers\n|-heal|p1a: Slowking|101/310|[from] item: Leftovers\n|upkeep\n|turn|21\n|\n|t:|1781455090\n|switch|p1a: Froslass|Froslass, L87, F|263/263\n|move|p2a: Keldeo|Surf|p1a: Froslass\n|-damage|p1a: Froslass|0 fnt\n|-start|p2a: Keldeo|Disable|Surf|[from] ability: Cursed Body|[of] p1a: Froslass\n|faint|p1a: Froslass\n|\n|-heal|p2a: Keldeo|139/273|[from] item: Leftovers\n|upkeep\n|\n|t:|1781455101\n|switch|p1a: Shaymin|Shaymin-Sky, L73|266/266\n|turn|22\n|\n|t:|1781455112\n|move|p1a: Shaymin|Earth Power|p2a: Keldeo\n|-supereffective|p2a: Keldeo\n|-damage|p2a: Keldeo|65/273\n|move|p2a: Keldeo|Secret Sword|p1a: Shaymin\n|-resisted|p1a: Shaymin\n|-damage|p1a: Shaymin|74/266\n|\n|-heal|p2a: Keldeo|82/273|[from] item: Leftovers\n|upkeep\n|turn|23\n|\n|t:|1781455123\n|move|p1a: Shaymin|Earth Power|p2a: Keldeo\n|-supereffective|p2a: Keldeo\n|-damage|p2a: Keldeo|14/273\n|move|p2a: Keldeo|Secret Sword|p1a: Shaymin\n|-resisted|p1a: Shaymin\n|-damage|p1a: Shaymin|0 fnt\n|faint|p1a: Shaymin\n|\n|-heal|p2a: Keldeo|31/273|[from] item: Leftovers\n|upkeep\n|\n|t:|1781455132\n|switch|p1a: Slowking|Slowking, L88, M|204/310\n|turn|24\n|\n|t:|1781455138\n|move|p2a: Keldeo|Secret Sword|p1a: Slowking\n|-resisted|p1a: Slowking\n|-damage|p1a: Slowking|51/310\n|move|p1a: Slowking|Scald|p2a: Keldeo\n|-damage|p2a: Keldeo|0 fnt\n|faint|p2a: Keldeo\n|\n|-heal|p1a: Slowking|70/310|[from] item: Leftovers\n|upkeep\n|\n|t:|1781455151\n|switch|p2a: Chesnaught|Chesnaught, L84, M|285/285\n|turn|25\n|\n|t:|1781455157\n|move|p2a: Chesnaught|Trailblaze|p1a: Slowking\n|-supereffective|p1a: Slowking\n|-damage|p1a: Slowking|0 fnt\n|-boost|p2a: Chesnaught|spe|1\n|faint|p1a: Slowking\n|\n|win|Dr.Werxzty\n|raw|amantedepoochs's rating: 1291 &rarr; <strong>1270</strong><br />(-21 for losing)\n|raw|Dr.Werxzty's rating: 1346 &rarr; <strong>1363</strong><br />(+17 for winning)\n|l|\u2606amantedepoochs\n|player|p1|\n", "uploadtime": 1781455172, "views": 2, "formatid": "gen9randombattle", "rating": 1270, "private": 0, "password": null}