{"id": "gen9randombattle-2631835854", "format": "[Gen 9] Random Battle", "players": ["joebidenfan1245", "TriniPlayer"], "log": "|j|\u203djoebidenfan1245\n|j|\u2606TriniPlayer\n|t:|1781446244\n|gametype|singles\n|player|p1|joebidenfan1245|265|2052\n|player|p2|TriniPlayer|acetrainersnow|2272\n|gen|9\n|tier|[Gen 9] Random Battle\n|rated|\n|rule|Species Clause: Limit one of each Pok\u00e9mon\n|rule|HP Percentage Mod: HP is shown in percentages\n|rule|Sleep Clause Mod: Limit one foe put to sleep\n|rule|Illusion Level Mod: Illusion disguises the Pok\u00e9mon's true level\n|\n|t:|1781446244\n|teamsize|p1|6\n|teamsize|p2|6\n|start\n|switch|p1a: Scyther|Scyther, L82, M|249/249\n|switch|p2a: Grafaiai|Grafaiai, L86, F|249/249\n|turn|1\n|inactive|Battle timer is ON: inactive players will automatically lose when time's up. (requested by TriniPlayer)\n|\n|t:|1781446261\n|move|p2a: Grafaiai|Super Fang|p1a: Scyther\n|-damage|p1a: Scyther|125/249\n|-status|p1a: Scyther|psn|[from] ability: Poison Touch|[of] p2a: Grafaiai\n|move|p1a: Scyther|Swords Dance|p1a: Scyther\n|-boost|p1a: Scyther|atk|2\n|\n|-damage|p1a: Scyther|94/249 psn|[from] psn\n|upkeep\n|turn|2\n|\n|t:|1781446269\n|move|p2a: Grafaiai|Gunk Shot|p1a: Scyther|[miss]\n|-miss|p2a: Grafaiai|p1a: Scyther\n|move|p1a: Scyther|Dual Wingbeat|p2a: Grafaiai\n|-damage|p2a: Grafaiai|81/249\n|-damage|p2a: Grafaiai|0 fnt\n|faint|p2a: Grafaiai\n|-hitcount|p2: Grafaiai|2\n|\n|-damage|p1a: Scyther|63/249 psn|[from] psn\n|upkeep\n|\n|t:|1781446282\n|switch|p2a: Rotom|Rotom-Frost, L87|229/229\n|turn|3\n|\n|t:|1781446286\n|switch|p2a: Muk|Muk, L86, M|321/321\n|move|p1a: Scyther|Close Combat|p2a: Muk\n|-resisted|p2a: Muk\n|-damage|p2a: Muk|231/321\n|-unboost|p1a: Scyther|def|1\n|-unboost|p1a: Scyther|spd|1\n|\n|-damage|p1a: Scyther|32/249 psn|[from] psn\n|upkeep\n|turn|4\n|\n|t:|1781446290\n|move|p2a: Muk|Shadow Sneak|p1a: Scyther\n|-damage|p1a: Scyther|0 fnt\n|faint|p1a: Scyther\n|\n|upkeep\n|\n|t:|1781446312\n|switch|p1a: Espeon|Espeon, L84, F|246/246\n|turn|5\n|\n|t:|1781446322\n|move|p1a: Espeon|Psyshock|p2a: Muk\n|-supereffective|p2a: Muk\n|-damage|p2a: Muk|0 fnt\n|faint|p2a: Muk\n|\n|upkeep\n|\n|t:|1781446332\n|switch|p2a: Leafeon|Leafeon, L88, F|258/258\n|turn|6\n|\n|t:|1781446346\n|switch|p1a: Whimsicott|Whimsicott, L84, M|238/238\n|move|p2a: Leafeon|Knock Off|p1a: Whimsicott\n|-resisted|p1a: Whimsicott\n|-damage|p1a: Whimsicott|183/238\n|-enditem|p1a: Whimsicott|Leftovers|[from] move: Knock Off|[of] p2a: Leafeon\n|-damage|p2a: Leafeon|233/258|[from] item: Life Orb\n|\n|upkeep\n|turn|7\n|\n|t:|1781446356\n|switch|p2a: Rotom|Rotom-Frost, L87|229/229\n|move|p1a: Whimsicott|Moonblast|p2a: Rotom\n|-damage|p2a: Rotom|153/229\n|-unboost|p2a: Rotom|spa|1\n|\n|upkeep\n|turn|8\n|\n|t:|1781446374\n|move|p1a: Whimsicott|Substitute|p1a: Whimsicott\n|-start|p1a: Whimsicott|Substitute\n|-damage|p1a: Whimsicott|124/238\n|move|p2a: Rotom|Blizzard|p1a: Whimsicott\n|-supereffective|p1a: Whimsicott\n|-end|p1a: Whimsicott|Substitute\n|\n|upkeep\n|turn|9\n|\n|t:|1781446380\n|switch|p2a: Dudunsparce|Dudunsparce, L83, M|343/343\n|move|p1a: Whimsicott|Substitute|p1a: Whimsicott\n|-start|p1a: Whimsicott|Substitute\n|-damage|p1a: Whimsicott|65/238\n|\n|upkeep\n|turn|10\n|\n|t:|1781446383\n|move|p1a: Whimsicott|Leech Seed|p2a: Dudunsparce\n|-start|p2a: Dudunsparce|move: Leech Seed\n|move|p2a: Dudunsparce|Boomburst|p1a: Whimsicott\n|-damage|p1a: Whimsicott|0 fnt\n|faint|p1a: Whimsicott\n|\n|upkeep\n|\n|t:|1781446394\n|switch|p1a: Gumshoos|Gumshoos, L95, M|321/321\n|turn|11\n|\n|t:|1781446399\n|switch|p2a: Sinistcha|Sinistcha-Masterpiece, L83|254/254\n|move|p1a: Gumshoos|Double-Edge|p2a: Sinistcha\n|-immune|p2a: Sinistcha\n|\n|upkeep\n|turn|12\n|\n|t:|1781446405\n|switch|p1a: Sandslash|Sandslash-Alola, L88, F|275/275\n|move|p2a: Sinistcha|Calm Mind|p2a: Sinistcha\n|-boost|p2a: Sinistcha|spa|1\n|-boost|p2a: Sinistcha|spd|1\n|\n|upkeep\n|turn|13\n|\n|t:|1781446410\n|switch|p2a: Rotom|Rotom-Frost, L87|153/229\n|move|p1a: Sandslash|Triple Axel|p2a: Rotom\n|-resisted|p2a: Rotom\n|-crit|p2a: Rotom\n|-damage|p2a: Rotom|135/229\n|-resisted|p2a: Rotom\n|-damage|p2a: Rotom|116/229\n|-resisted|p2a: Rotom\n|-damage|p2a: Rotom|87/229\n|-hitcount|p2a: Rotom|3\n|\n|upkeep\n|turn|14\n|\n|t:|1781446425\n|move|p2a: Rotom|Thunderbolt|p1a: Sandslash\n|-damage|p1a: Sandslash|145/275\n|move|p1a: Sandslash|Rapid Spin|p2a: Rotom\n|-damage|p2a: Rotom|52/229\n|-boost|p1a: Sandslash|spe|1\n|\n|-heal|p1a: Sandslash|162/275|[from] item: Leftovers\n|upkeep\n|turn|15\n|\n|t:|1781446431\n|move|p1a: Sandslash|Iron Head|p2a: Rotom\n|-damage|p2a: Rotom|0 fnt\n|faint|p2a: Rotom\n|\n|-heal|p1a: Sandslash|179/275|[from] item: Leftovers\n|upkeep\n|\n|t:|1781446437\n|switch|p2a: Dudunsparce|Dudunsparce, L83, M|343/343\n|turn|16\n|inactive|joebidenfan1245 has 120 seconds left.\n|\n|t:|1781446477\n|move|p1a: Sandslash|Iron Head|p2a: Dudunsparce\n|-damage|p2a: Dudunsparce|231/343\n|move|p2a: Dudunsparce|Calm Mind|p2a: Dudunsparce\n|-boost|p2a: Dudunsparce|spa|1\n|-boost|p2a: Dudunsparce|spd|1\n|\n|-heal|p1a: Sandslash|196/275|[from] item: Leftovers\n|-heal|p2a: Dudunsparce|252/343|[from] item: Leftovers\n|upkeep\n|turn|17\n|\n|t:|1781446482\n|move|p1a: Sandslash|Triple Axel|p2a: Dudunsparce|[miss]\n|-miss|p1a: Sandslash|p2a: Dudunsparce\n|move|p2a: Dudunsparce|Roost|p2a: Dudunsparce\n|-heal|p2a: Dudunsparce|343/343\n|-singleturn|p2a: Dudunsparce|move: Roost\n|\n|-heal|p1a: Sandslash|213/275|[from] item: Leftovers\n|upkeep\n|turn|18\n|\n|t:|1781446485\n|move|p1a: Sandslash|Triple Axel|p2a: Dudunsparce\n|-damage|p2a: Dudunsparce|316/343\n|-hitcount|p2a: Dudunsparce|1\n|move|p2a: Dudunsparce|Shadow Ball|p1a: Sandslash\n|-damage|p1a: Sandslash|121/275\n|\n|-heal|p1a: Sandslash|138/275|[from] item: Leftovers\n|-heal|p2a: Dudunsparce|337/343|[from] item: Leftovers\n|upkeep\n|turn|19\n|\n|t:|1781446490\n|move|p1a: Sandslash|Iron Head|p2a: Dudunsparce\n|-damage|p2a: Dudunsparce|234/343\n|cant|p2a: Dudunsparce|flinch\n|\n|-heal|p1a: Sandslash|155/275|[from] item: Leftovers\n|-heal|p2a: Dudunsparce|255/343|[from] item: Leftovers\n|upkeep\n|turn|20\n|\n|t:|1781446494\n|move|p1a: Sandslash|Triple Axel|p2a: Dudunsparce\n|-damage|p2a: Dudunsparce|227/343\n|-damage|p2a: Dudunsparce|176/343\n|-damage|p2a: Dudunsparce|104/343\n|-hitcount|p2a: Dudunsparce|3\n|move|p2a: Dudunsparce|Roost|p2a: Dudunsparce\n|-heal|p2a: Dudunsparce|276/343\n|-singleturn|p2a: Dudunsparce|move: Roost\n|\n|-heal|p1a: Sandslash|172/275|[from] item: Leftovers\n|-heal|p2a: Dudunsparce|297/343|[from] item: Leftovers\n|upkeep\n|turn|21\n|\n|t:|1781446500\n|move|p1a: Sandslash|Iron Head|p2a: Dudunsparce\n|-damage|p2a: Dudunsparce|183/343\n|move|p2a: Dudunsparce|Calm Mind|p2a: Dudunsparce\n|-boost|p2a: Dudunsparce|spa|1\n|-boost|p2a: Dudunsparce|spd|1\n|\n|-heal|p1a: Sandslash|189/275|[from] item: Leftovers\n|-heal|p2a: Dudunsparce|204/343|[from] item: Leftovers\n|upkeep\n|turn|22\n|\n|t:|1781446503\n|move|p1a: Sandslash|Iron Head|p2a: Dudunsparce\n|-damage|p2a: Dudunsparce|105/343\n|move|p2a: Dudunsparce|Roost|p2a: Dudunsparce\n|-heal|p2a: Dudunsparce|277/343\n|-singleturn|p2a: Dudunsparce|move: Roost\n|\n|-heal|p1a: Sandslash|206/275|[from] item: Leftovers\n|-heal|p2a: Dudunsparce|298/343|[from] item: Leftovers\n|upkeep\n|turn|23\n|\n|t:|1781446510\n|move|p1a: Sandslash|Triple Axel|p2a: Dudunsparce\n|-damage|p2a: Dudunsparce|270/343\n|-damage|p2a: Dudunsparce|221/343\n|-damage|p2a: Dudunsparce|139/343\n|-hitcount|p2a: Dudunsparce|3\n|move|p2a: Dudunsparce|Roost|p2a: Dudunsparce\n|-heal|p2a: Dudunsparce|311/343\n|-singleturn|p2a: Dudunsparce|move: Roost\n|\n|-heal|p1a: Sandslash|223/275|[from] item: Leftovers\n|-heal|p2a: Dudunsparce|332/343|[from] item: Leftovers\n|upkeep\n|turn|24\n|\n|t:|1781446512\n|move|p1a: Sandslash|Iron Head|p2a: Dudunsparce\n|-damage|p2a: Dudunsparce|218/343\n|move|p2a: Dudunsparce|Boomburst|p1a: Sandslash\n|-resisted|p1a: Sandslash\n|-damage|p1a: Sandslash|76/275\n|\n|-heal|p1a: Sandslash|93/275|[from] item: Leftovers\n|-heal|p2a: Dudunsparce|239/343|[from] item: Leftovers\n|upkeep\n|turn|25\n|\n|t:|1781446517\n|move|p1a: Sandslash|Iron Head|p2a: Dudunsparce\n|-damage|p2a: Dudunsparce|130/343\n|move|p2a: Dudunsparce|Roost|p2a: Dudunsparce\n|-heal|p2a: Dudunsparce|302/343\n|-singleturn|p2a: Dudunsparce|move: Roost\n|\n|-heal|p1a: Sandslash|110/275|[from] item: Leftovers\n|-heal|p2a: Dudunsparce|323/343|[from] item: Leftovers\n|upkeep\n|turn|26\n|\n|t:|1781446521\n|move|p1a: Sandslash|Iron Head|p2a: Dudunsparce\n|-damage|p2a: Dudunsparce|226/343\n|cant|p2a: Dudunsparce|flinch\n|\n|-heal|p1a: Sandslash|127/275|[from] item: Leftovers\n|-heal|p2a: Dudunsparce|247/343|[from] item: Leftovers\n|upkeep\n|turn|27\n|\n|t:|1781446527\n|move|p1a: Sandslash|Iron Head|p2a: Dudunsparce\n|-damage|p2a: Dudunsparce|133/343\n|move|p2a: Dudunsparce|Roost|p2a: Dudunsparce\n|-heal|p2a: Dudunsparce|305/343\n|-singleturn|p2a: Dudunsparce|move: Roost\n|\n|-heal|p1a: Sandslash|144/275|[from] item: Leftovers\n|-heal|p2a: Dudunsparce|326/343|[from] item: Leftovers\n|upkeep\n|turn|28\n|\n|t:|1781446531\n|move|p1a: Sandslash|Iron Head|p2a: Dudunsparce\n|-damage|p2a: Dudunsparce|217/343\n|move|p2a: Dudunsparce|Boomburst|p1a: Sandslash\n|-resisted|p1a: Sandslash\n|-damage|p1a: Sandslash|0 fnt\n|faint|p1a: Sandslash\n|\n|-heal|p2a: Dudunsparce|238/343|[from] item: Leftovers\n|upkeep\n|\n|t:|1781446554\n|switch|p1a: Gumshoos|Gumshoos, L95, M|321/321\n|turn|29\n|\n|t:|1781446557\n|move|p2a: Dudunsparce|Boomburst|p1a: Gumshoos\n|-damage|p1a: Gumshoos|23/321\n|move|p1a: Gumshoos|Double-Edge|p2a: Dudunsparce\n|-damage|p2a: Dudunsparce|0 fnt\n|faint|p2a: Dudunsparce\n|-damage|p1a: Gumshoos|0 fnt|[from] Recoil\n|faint|p1a: Gumshoos\n|\n|upkeep\n|\n|t:|1781446567\n|switch|p2a: Leafeon|Leafeon, L88, F|233/258\n|switch|p1a: Espeon|Espeon, L84, F|246/246\n|turn|30\n|\n|t:|1781446580\n|move|p1a: Espeon|Shadow Ball|p2a: Leafeon\n|-damage|p2a: Leafeon|103/258\n|-unboost|p2a: Leafeon|spd|1\n|move|p2a: Leafeon|Double-Edge|p1a: Espeon\n|-damage|p1a: Espeon|71/246\n|-damage|p2a: Leafeon|45/258|[from] Recoil\n|-damage|p2a: Leafeon|20/258|[from] item: Life Orb\n|\n|upkeep\n|turn|31\n|\n|t:|1781446586\n|move|p1a: Espeon|Shadow Ball|p2a: Leafeon\n|-crit|p2a: Leafeon\n|-damage|p2a: Leafeon|0 fnt\n|faint|p2a: Leafeon\n|\n|upkeep\n|\n|t:|1781446588\n|switch|p2a: Sinistcha|Sinistcha-Masterpiece, L83|254/254\n|turn|32\n|\n|t:|1781446592\n|-terastallize|p2a: Sinistcha|Steel\n|move|p1a: Espeon|Shadow Ball|p2a: Sinistcha\n|-damage|p2a: Sinistcha|130/254\n|move|p2a: Sinistcha|Calm Mind|p2a: Sinistcha\n|-boost|p2a: Sinistcha|spa|1\n|-boost|p2a: Sinistcha|spd|1\n|\n|-heal|p2a: Sinistcha|145/254|[from] item: Leftovers\n|upkeep\n|turn|33\n|\n|t:|1781446599\n|switch|p1a: Feraligatr|Feraligatr, L79, M|264/264\n|move|p2a: Sinistcha|Matcha Gotcha|p1a: Feraligatr\n|-supereffective|p1a: Feraligatr\n|-damage|p1a: Feraligatr|0 fnt\n|-heal|p2a: Sinistcha|254/254|[from] drain|[of] p1a: Feraligatr\n|faint|p1a: Feraligatr\n|\n|upkeep\n|\n|t:|1781446606\n|switch|p1a: Espeon|Espeon, L84, F|71/246\n|turn|34\n|\n|t:|1781446611\n|move|p1a: Espeon|Trick|p2a: Sinistcha\n|-activate|p1a: Espeon|move: Trick|[of] p2a: Sinistcha\n|-item|p2a: Sinistcha|Choice Specs|[from] move: Trick\n|-item|p1a: Espeon|Leftovers|[from] move: Trick\n|move|p2a: Sinistcha|Shadow Ball|p1a: Espeon\n|-supereffective|p1a: Espeon\n|-damage|p1a: Espeon|0 fnt\n|faint|p1a: Espeon\n|\n|win|TriniPlayer\n|raw|joebidenfan1245's rating: 2052 &rarr; <strong>2043</strong><br />(-9 for losing)\n|raw|TriniPlayer's rating: 2272 &rarr; <strong>2281</strong><br />(+9 for winning)\n", "inputlog": ">version a8376a258c1d4662feba110a92103f3664a72141\n>start {\"formatid\":\"gen9randombattle\",\"seed\":\"sodium,28ecef89f605dfeed07935e260f9bff0\",\"rated\":\"Rated battle\"}\n>player p1 {\"name\":\"joebidenfan1245\",\"avatar\":\"265\",\"rating\":2052,\"seed\":\"sodium,a95b7571c26b4aabbc5e6c91a5f574d9\"}\n>player p2 {\"name\":\"TriniPlayer\",\"avatar\":\"acetrainersnow\",\"rating\":2272,\"seed\":\"sodium,c5db84b844f9e1bae5150092a54a7400\"}\n>p1 move swordsdance\n>p2 move superfang\n>p1 move dualwingbeat\n>p2 move gunkshot\n>p2 switch 2\n>p1 move closecombat\n>p2 switch 3\n>p1 move dualwingbeat\n>p2 move shadowsneak\n>p1 switch 2\n>p1 move psyshock\n>p2 move knockoff\n>p2 switch 6\n>p1 switch 5\n>p2 move knockoff\n>p1 move moonblast\n>p2 switch 3\n>p1 move substitute\n>p2 move blizzard\n>p1 move substitute\n>p2 switch 4\n>p1 move leechseed\n>p2 move boomburst\n>p1 switch 3\n>p1 move doubleedge\n>p2 switch 5\n>p1 switch 6\n>p2 move calmmind\n>p1 move tripleaxel\n>p2 switch 4\n>p1 move rapidspin\n>p2 move thunderbolt\n>p1 move ironhead\n>p2 move willowisp\n>p2 switch 5\n>p1 move ironhead\n>p2 move calmmind\n>p1 move tripleaxel\n>p2 move roost\n>p1 move tripleaxel\n>p2 move shadowball\n>p1 move ironhead\n>p2 move shadowball\n>p1 move tripleaxel\n>p2 move roost\n>p1 move ironhead\n>p2 move calmmind\n>p1 move ironhead\n>p2 move roost\n>p1 move tripleaxel\n>p2 move roost\n>p1 move ironhead\n>p2 move boomburst\n>p1 move ironhead\n>p2 move roost\n>p1 move ironhead\n>p2 move boomburst\n>p1 move ironhead\n>p2 move roost\n>p1 move ironhead\n>p2 move boomburst\n>p1 switch 6\n>p1 move doubleedge\n>p2 move boomburst\n>p1 switch 5\n>p2 switch 3\n>p1 move shadowball\n>p2 move doubleedge\n>p1 move shadowball\n>p2 move doubleedge\n>p2 switch 4\n>p1 move shadowball\n>p2 move calmmind terastallize\n>p1 switch 4\n>p2 move matchagotcha\n>p1 switch 4\n>p1 move trick\n>p2 move shadowball", "uploadtime": 1781446246, "views": 6, "formatid": "gen9randombattle", "rating": 2043, "private": 0, "password": null}