{"id": "gen9randombattle-2631598229", "format": "[Gen 9] Random Battle", "players": ["Star Ratinum", "hfladhlfasd"], "log": "|j|\u2606Star Ratinum\n|j|\u2606hfladhlfasd\n|t:|1781406622\n|gametype|singles\n|player|p1|Star Ratinum|265|1412\n|player|p2|hfladhlfasd|101|1455\n|gen|9\n|tier|[Gen 9] Random Battle\n|rated|\n|rule|Species Clause: Limit one of each Pok\u00e9mon\n|rule|HP Percentage Mod: HP is shown in percentages\n|rule|Sleep Clause Mod: Limit one foe put to sleep\n|rule|Illusion Level Mod: Illusion disguises the Pok\u00e9mon's true level\n|\n|t:|1781406622\n|teamsize|p1|6\n|teamsize|p2|6\n|start\n|switch|p1a: Annihilape|Annihilape, L76, M|292/292\n|switch|p2a: Brambleghast|Brambleghast, L88, M|240/240\n|turn|1\n|inactive|Battle timer is ON: inactive players will automatically lose when time's up. (requested by Star Ratinum)\n|\n|t:|1781406633\n|move|p2a: Brambleghast|Leech Seed|p1a: Annihilape\n|-start|p1a: Annihilape|move: Leech Seed\n|move|p1a: Annihilape|Rage Fist|p2a: Brambleghast\n|-supereffective|p2a: Brambleghast\n|-damage|p2a: Brambleghast|136/240\n|\n|-heal|p2a: Brambleghast|151/240|[from] item: Leftovers\n|-damage|p1a: Annihilape|256/292|[from] Leech Seed|[of] p2a: Brambleghast\n|-heal|p2a: Brambleghast|187/240|[silent]\n|upkeep\n|turn|2\n|l|\u2606hfladhlfasd\n|inactive|hfladhlfasd disconnected and has a minute to reconnect!\n|player|p2|\n|j|\u2606hfladhlfasd\n|inactive|hfladhlfasd reconnected and has 105 seconds left.\n|player|p2|hfladhlfasd|101|\n|\n|t:|1781406690\n|move|p2a: Brambleghast|Poltergeist|p1a: Annihilape\n|-activate|p1a: Annihilape|move: Poltergeist|Chesto Berry\n|-supereffective|p1a: Annihilape\n|-damage|p1a: Annihilape|0 fnt\n|faint|p1a: Annihilape\n|\n|-heal|p2a: Brambleghast|202/240|[from] item: Leftovers\n|upkeep\n|\n|t:|1781406714\n|switch|p1a: Salamence|Salamence, L77, F|273/273\n|-ability|p1a: Salamence|Intimidate|boost\n|-unboost|p2a: Brambleghast|atk|1\n|turn|3\n|\n|t:|1781406722\n|move|p2a: Brambleghast|Leech Seed|p1a: Salamence\n|-start|p1a: Salamence|move: Leech Seed\n|move|p1a: Salamence|Dragon Dance|p1a: Salamence\n|-boost|p1a: Salamence|atk|1\n|-boost|p1a: Salamence|spe|1\n|\n|-heal|p2a: Brambleghast|217/240|[from] item: Leftovers\n|-damage|p1a: Salamence|239/273|[from] Leech Seed|[of] p2a: Brambleghast\n|-heal|p2a: Brambleghast|240/240|[silent]\n|upkeep\n|turn|4\n|\n|t:|1781406732\n|switch|p2a: Skarmory|Skarmory, L80, F|235/235\n|move|p1a: Salamence|Dual Wingbeat|p2a: Skarmory\n|-resisted|p2a: Skarmory\n|-damage|p2a: Skarmory|208/235\n|-resisted|p2a: Skarmory\n|-damage|p2a: Skarmory|182/235\n|-hitcount|p2a: Skarmory|2\n|\n|-heal|p2a: Skarmory|196/235|[from] item: Leftovers\n|-damage|p1a: Salamence|205/273|[from] Leech Seed|[of] p2a: Skarmory\n|-heal|p2a: Skarmory|230/235|[silent]\n|upkeep\n|turn|5\n|\n|t:|1781406753\n|switch|p1a: Chandelure|Chandelure, L83, M|235/235\n|move|p2a: Skarmory|Stealth Rock|p1a: Chandelure\n|-sidestart|p1: Star Ratinum|move: Stealth Rock\n|\n|-heal|p2a: Skarmory|235/235|[from] item: Leftovers\n|upkeep\n|turn|6\n|inactive|hfladhlfasd has 90 seconds left.\n|\n|t:|1781406796\n|switch|p2a: Komala|Komala, L88, F|258/258\n|-ability|p2a: Komala|Comatose\n|move|p1a: Chandelure|Fire Blast|p2a: Komala\n|-damage|p2a: Komala|170/258\n|\n|upkeep\n|turn|7\n|\n|t:|1781406807\n|move|p1a: Chandelure|Calm Mind|p1a: Chandelure\n|-boost|p1a: Chandelure|spa|1\n|-boost|p1a: Chandelure|spd|1\n|move|p2a: Komala|Knock Off|p1a: Chandelure\n|-supereffective|p1a: Chandelure\n|-crit|p1a: Chandelure\n|-damage|p1a: Chandelure|0 fnt\n|-enditem|p1a: Chandelure|Heavy-Duty Boots|[from] move: Knock Off|[of] p2a: Komala\n|faint|p1a: Chandelure\n|\n|upkeep\n|inactive|Star Ratinum has 120 seconds left.\n|inactive|Star Ratinum has 90 seconds left.\n|inactive|Star Ratinum has 60 seconds left.\n|\n|t:|1781406878\n|switch|p1a: Magearna|Magearna, L77|250/250\n|-damage|p1a: Magearna|235/250|[from] Stealth Rock\n|turn|8\n|inactive|hfladhlfasd has 90 seconds left.\n|\n|t:|1781406907\n|move|p2a: Komala|Earthquake|p1a: Magearna\n|-supereffective|p1a: Magearna\n|-damage|p1a: Magearna|89/250\n|move|p1a: Magearna|Flash Cannon|p2a: Komala\n|-damage|p2a: Komala|116/258\n|\n|-heal|p1a: Magearna|104/250|[from] item: Leftovers\n|upkeep\n|turn|9\n|\n|t:|1781406919\n|move|p2a: Komala|Earthquake|p1a: Magearna\n|-supereffective|p1a: Magearna\n|-damage|p1a: Magearna|0 fnt\n|faint|p1a: Magearna\n|\n|upkeep\n|\n|t:|1781406926\n|switch|p1a: Salamence|Salamence, L77, F|205/273\n|-ability|p1a: Salamence|Intimidate|boost\n|-unboost|p2a: Komala|atk|1\n|turn|10\n|\n|t:|1781406932\n|move|p1a: Salamence|Outrage|p2a: Komala\n|-damage|p2a: Komala|0 fnt\n|faint|p2a: Komala\n|\n|upkeep\n|\n|t:|1781406937\n|switch|p2a: Skarmory|Skarmory, L80, F|235/235\n|turn|11\n|\n|t:|1781406941\n|move|p1a: Salamence|Outrage|p2a: Skarmory|[from] lockedmove\n|-resisted|p2a: Skarmory\n|-damage|p2a: Skarmory|185/235\n|-start|p1a: Salamence|confusion|[fatigue]\n|move|p2a: Skarmory|Spikes|p1a: Salamence\n|-sidestart|p1: Star Ratinum|Spikes\n|\n|-heal|p2a: Skarmory|199/235|[from] item: Leftovers\n|upkeep\n|turn|12\n|inactive|Star Ratinum has 90 seconds left.\n|\n|t:|1781406955\n|switch|p1a: Tornadus|Tornadus-Therian, L79, M|254/254\n|-damage|p1a: Tornadus|191/254|[from] Stealth Rock\n|move|p2a: Skarmory|Spikes|p1a: Tornadus\n|-sidestart|p1: Star Ratinum|Spikes\n|\n|-heal|p2a: Skarmory|213/235|[from] item: Leftovers\n|upkeep\n|turn|13\n|inactive|Star Ratinum has 90 seconds left.\n|inactive|hfladhlfasd has 120 seconds left.\n|\n|t:|1781406989\n|move|p1a: Tornadus|Heat Wave|p2a: Skarmory|[miss]\n|-miss|p1a: Tornadus|p2a: Skarmory\n|move|p2a: Skarmory|Brave Bird|p1a: Tornadus\n|-damage|p1a: Tornadus|79/254\n|-damage|p2a: Skarmory|176/235|[from] Recoil\n|\n|-heal|p2a: Skarmory|190/235|[from] item: Leftovers\n|upkeep\n|turn|14\n|inactive|Star Ratinum has 90 seconds left.\n|inactive|hfladhlfasd has 90 seconds left.\n|\n|t:|1781407022\n|switch|p2a: Mabosstiff|Mabosstiff, L86, M|278/278\n|move|p1a: Tornadus|Heat Wave|p2a: Mabosstiff\n|-damage|p2a: Mabosstiff|207/278\n|\n|upkeep\n|turn|15\n|\n|t:|1781407031\n|move|p2a: Mabosstiff|Crunch|p1a: Tornadus\n|-damage|p1a: Tornadus|0 fnt\n|faint|p1a: Tornadus\n|\n|upkeep\n|\n|t:|1781407034\n|switch|p1a: Roaring Moon|Roaring Moon, L72|270/270\n|-damage|p1a: Roaring Moon|237/270|[from] Stealth Rock\n|-damage|p1a: Roaring Moon|192/270|[from] Spikes\n|turn|16\n|\n|t:|1781407042\n|switch|p2a: Skarmory|Skarmory, L80, F|190/235\n|move|p1a: Roaring Moon|Iron Head|p2a: Skarmory\n|-resisted|p2a: Skarmory\n|-damage|p2a: Skarmory|171/235\n|\n|-heal|p2a: Skarmory|185/235|[from] item: Leftovers\n|upkeep\n|turn|17\n|\n|t:|1781407053\n|move|p1a: Roaring Moon|Dragon Dance|p1a: Roaring Moon\n|-boost|p1a: Roaring Moon|atk|1\n|-boost|p1a: Roaring Moon|spe|1\n|move|p2a: Skarmory|Brave Bird|p1a: Roaring Moon\n|-damage|p1a: Roaring Moon|53/270\n|-damage|p2a: Skarmory|139/235|[from] Recoil\n|\n|-heal|p2a: Skarmory|153/235|[from] item: Leftovers\n|upkeep\n|turn|18\n|\n|t:|1781407068\n|move|p1a: Roaring Moon|Iron Head|p2a: Skarmory\n|-resisted|p2a: Skarmory\n|-damage|p2a: Skarmory|123/235\n|move|p2a: Skarmory|Brave Bird|p1a: Roaring Moon\n|-damage|p1a: Roaring Moon|0 fnt\n|faint|p1a: Roaring Moon\n|-end|p1a: Roaring Moon|Protosynthesis|[silent]\n|-damage|p2a: Skarmory|106/235|[from] Recoil\n|\n|-heal|p2a: Skarmory|120/235|[from] item: Leftovers\n|upkeep\n|\n|t:|1781407072\n|switch|p1a: Salamence|Salamence, L77, F|205/273\n|-ability|p1a: Salamence|Intimidate|boost\n|-unboost|p2a: Skarmory|atk|1\n|turn|19\n|inactive|Star Ratinum has 90 seconds left.\n|inactive|hfladhlfasd has 120 seconds left.\n|\n|t:|1781407085\n|move|p1a: Salamence|Dragon Dance|p1a: Salamence\n|-boost|p1a: Salamence|atk|1\n|-boost|p1a: Salamence|spe|1\n|move|p2a: Skarmory|Roost|p2a: Skarmory\n|-heal|p2a: Skarmory|235/235\n|-singleturn|p2a: Skarmory|move: Roost\n|\n|upkeep\n|turn|20\n|inactive|hfladhlfasd has 120 seconds left.\n|inactive|Star Ratinum has 90 seconds left.\n|\n|t:|1781407109\n|switch|p2a: Mabosstiff|Mabosstiff, L86, M|207/278\n|move|p1a: Salamence|Dragon Dance|p1a: Salamence\n|-boost|p1a: Salamence|atk|1\n|-boost|p1a: Salamence|spe|1\n|\n|upkeep\n|turn|21\n|inactive|Star Ratinum has 90 seconds left.\n|\n|t:|1781407121\n|switch|p2a: Skarmory|Skarmory, L80, F|235/235\n|move|p1a: Salamence|Outrage|p2a: Skarmory\n|-resisted|p2a: Skarmory\n|-damage|p2a: Skarmory|131/235\n|\n|-heal|p2a: Skarmory|145/235|[from] item: Leftovers\n|upkeep\n|turn|22\n|\n|t:|1781407133\n|move|p1a: Salamence|Outrage|p2a: Skarmory|[from] lockedmove\n|-resisted|p2a: Skarmory\n|-crit|p2a: Skarmory\n|-damage|p2a: Skarmory|0 fnt\n|faint|p2a: Skarmory\n|\n|upkeep\n|\n|t:|1781407146\n|switch|p2a: Porygon-Z|Porygon-Z, L83|277/277\n|-ability|p2a: Porygon-Z|Download|boost\n|-boost|p2a: Porygon-Z|spa|1\n|turn|23\n|inactive|hfladhlfasd has 90 seconds left.\n|\n|t:|1781407172\n|move|p1a: Salamence|Outrage|p2a: Porygon-Z|[from] lockedmove\n|-crit|p2a: Porygon-Z\n|-damage|p2a: Porygon-Z|0 fnt\n|faint|p2a: Porygon-Z\n|-start|p1a: Salamence|confusion|[fatigue]\n|\n|upkeep\n|inactive|hfladhlfasd has 90 seconds left.\n|\n|t:|1781407181\n|switch|p2a: Mabosstiff|Mabosstiff, L86, M|207/278\n|turn|24\n|\n|t:|1781407190\n|-activate|p1a: Salamence|confusion\n|move|p1a: Salamence|Outrage|p2a: Mabosstiff\n|-damage|p2a: Mabosstiff|0 fnt\n|faint|p2a: Mabosstiff\n|\n|upkeep\n|\n|t:|1781407198\n|switch|p2a: Brambleghast|Brambleghast, L88, M|240/240\n|turn|25\n|\n|t:|1781407203\n|-terastallize|p2a: Brambleghast|Steel\n|-activate|p1a: Salamence|confusion\n|move|p1a: Salamence|Outrage|p2a: Brambleghast|[from] lockedmove\n|-resisted|p2a: Brambleghast\n|-damage|p2a: Brambleghast|77/240\n|move|p2a: Brambleghast|Leech Seed|p1a: Salamence\n|-start|p1a: Salamence|move: Leech Seed\n|\n|-heal|p2a: Brambleghast|92/240|[from] item: Leftovers\n|-damage|p1a: Salamence|171/273|[from] Leech Seed|[of] p2a: Brambleghast\n|-heal|p2a: Brambleghast|126/240|[silent]\n|upkeep\n|turn|26\n|\n|t:|1781407217\n|-end|p1a: Salamence|confusion\n|move|p1a: Salamence|Outrage|p2a: Brambleghast|[from] lockedmove\n|-resisted|p2a: Brambleghast\n|-damage|p2a: Brambleghast|0 fnt\n|faint|p2a: Brambleghast\n|-start|p1a: Salamence|confusion|[fatigue]\n|\n|upkeep\n|\n|t:|1781407224\n|switch|p2a: Emboar|Emboar, L84, F|322/322\n|turn|27\n|\n|t:|1781407234\n|-activate|p1a: Salamence|confusion\n|move|p1a: Salamence|Dual Wingbeat|p2a: Emboar|[miss]\n|-miss|p1a: Salamence|p2a: Emboar\n|move|p2a: Emboar|Flare Blitz|p1a: Salamence\n|-resisted|p1a: Salamence\n|-damage|p1a: Salamence|69/273\n|-damage|p2a: Emboar|288/322|[from] Recoil\n|\n|-heal|p2a: Emboar|308/322|[from] item: Leftovers\n|-damage|p1a: Salamence|35/273|[from] Leech Seed|[of] p2a: Emboar\n|-heal|p2a: Emboar|322/322|[silent]\n|upkeep\n|turn|28\n|inactive|hfladhlfasd has 120 seconds left.\n|\n|t:|1781407252\n|-end|p1a: Salamence|confusion\n|move|p1a: Salamence|Dual Wingbeat|p2a: Emboar\n|-supereffective|p2a: Emboar\n|-damage|p2a: Emboar|110/322\n|-supereffective|p2a: Emboar\n|-damage|p2a: Emboar|0 fnt\n|faint|p2a: Emboar\n|-hitcount|p2: Emboar|2\n|\n|win|Star Ratinum\n|raw|Star Ratinum's rating: 1412 &rarr; <strong>1434</strong><br />(+22 for winning)\n|raw|hfladhlfasd's rating: 1455 &rarr; <strong>1433</strong><br />(-22 for losing)\n|l|\u2606hfladhlfasd\n|player|p2|\n", "inputlog": ">version a8376a258c1d4662feba110a92103f3664a72141\n>start {\"formatid\":\"gen9randombattle\",\"seed\":\"sodium,2c3e3bd792be06aa40555c64f047ab10\",\"rated\":\"Rated battle\"}\n>player p1 {\"name\":\"Star Ratinum\",\"avatar\":\"265\",\"rating\":1412,\"seed\":\"sodium,b00222d639bcfbbcd594668d1075f5e2\"}\n>player p2 {\"name\":\"hfladhlfasd\",\"avatar\":\"101\",\"rating\":1455,\"seed\":\"sodium,e07d2f08e1feef28507fbbbc198ef186\"}\n>p1 move ragefist\n>p2 move leechseed\n>p1 move ragefist\n>p2 move poltergeist\n>p1 switch 4\n>p1 move dragondance\n>p2 move leechseed\n>p1 move dualwingbeat\n>p2 switch 6\n>p1 switch 2\n>p2 move stealthrock\n>p1 move fireblast\n>p2 switch 4\n>p1 move calmmind\n>p2 move knockoff\n>p1 switch 5\n>p1 move flashcannon\n>p2 move earthquake\n>p1 move fleurcannon\n>p2 move earthquake\n>p1 switch 2\n>p1 move outrage\n>p2 move bodyslam\n>p2 switch 4\n>p1 move outrage\n>p2 move spikes\n>p1 switch 6\n>p2 move spikes\n>p1 move heatwave\n>p2 move bravebird\n>p1 move heatwave\n>p2 switch 5\n>p1 move bleakwindstorm\n>p2 move crunch\n>p1 switch 3\n>p1 move ironhead\n>p2 switch 5\n>p1 move dragondance\n>p2 move bravebird\n>p1 move ironhead\n>p2 move bravebird\n>p1 switch 6\n>p1 move dragondance\n>p2 move roost\n>p1 move dragondance\n>p2 switch 5\n>p1 move outrage\n>p2 switch 5\n>p1 move outrage\n>p2 move bravebird\n>p2 switch 3\n>p1 move outrage\n>p2 move icebeam\n>p2 switch 5\n>p1 move outrage\n>p2 move playrough\n>p2 switch 6\n>p1 move outrage\n>p2 move leechseed terastallize\n>p1 move outrage\n>p2 move substitute\n>p2 switch 2\n>p1 move dualwingbeat\n>p2 move flareblitz\n>p1 move dualwingbeat\n>p2 move flareblitz", "uploadtime": 1781407263, "views": 11, "formatid": "gen9randombattle", "rating": 1433, "private": 0, "password": null}