{"id": "gen9randombattle-2631650281", "format": "[Gen 9] Random Battle", "players": ["VTCLA", "mahomesthegoat"], "log": "|badge|p2|bronze|gen9randombattle|100-9\n|uhtml|medal-msg|<div class=\"broadcast-blue\">Curious what those medals under the avatar are? PS now has Ladder Seasons! For more information, check out the <a href=\"https://www.smogon.com/forums/threads/3740067/\">thread on Smogon.</a></div>\n|j|\u2606VTCLA\n|j|\u2606mahomesthegoat\n|t:|1781414938\n|gametype|singles\n|player|p1|VTCLA|170|2233\n|player|p2|mahomesthegoat|266|2370\n|gen|9\n|tier|[Gen 9] Random Battle\n|rated|\n|rule|Species Clause: Limit one of each Pok\u00e9mon\n|rule|HP Percentage Mod: HP is shown in percentages\n|rule|Sleep Clause Mod: Limit one foe put to sleep\n|rule|Illusion Level Mod: Illusion disguises the Pok\u00e9mon's true level\n|\n|t:|1781414938\n|teamsize|p1|6\n|teamsize|p2|6\n|start\n|switch|p1a: Swalot|Swalot, L90, F|326/326\n|switch|p2a: Farigiraf|Farigiraf, L90, M|362/362\n|turn|1\n|inactive|Battle timer is ON: inactive players will automatically lose when time's up. (requested by mahomesthegoat)\n|\n|t:|1781414981\n|switch|p2a: Scizor|Scizor, L79, M|240/240\n|switch|p1a: Hoopa|Hoopa, L85|275/275\n|\n|upkeep\n|turn|2\n|inactive|VTCLA has 120 seconds left.\n|\n|t:|1781415039\n|move|p1a: Hoopa|Shadow Ball|p2a: Scizor\n|-damage|p2a: Scizor|101/240\n|move|p2a: Scizor|U-turn|p1a: Hoopa\n|-damage|p1a: Hoopa|170/275\n|\n|t:|1781415052\n|switch|p2a: Farigiraf|Farigiraf, L90, M|362/362|[from] U-turn\n|\n|upkeep\n|turn|3\n|inactive|VTCLA has 90 seconds left.\n|\n|t:|1781415080\n|switch|p1a: Carbink|Carbink, L90|236/236\n|move|p2a: Farigiraf|Wish|p2a: Farigiraf\n|\n|upkeep\n|turn|4\n|\n|t:|1781415085\n|switch|p2a: Scizor|Scizor, L79, M|101/240\n|move|p1a: Carbink|Iron Defense|p1a: Carbink\n|-boost|p1a: Carbink|def|2\n|\n|-heal|p2a: Scizor|240/240|[from] move: Wish|[wisher] Farigiraf\n|upkeep\n|turn|5\n|\n|t:|1781415097\n|-terastallize|p1a: Carbink|Fighting\n|move|p2a: Scizor|Bullet Punch|p1a: Carbink\n|-damage|p1a: Carbink|214/236\n|move|p1a: Carbink|Body Press|p2a: Scizor\n|-damage|p2a: Scizor|0 fnt\n|faint|p2a: Scizor\n|\n|-heal|p1a: Carbink|228/236|[from] item: Leftovers\n|upkeep\n|\n|t:|1781415107\n|switch|p2a: Farigiraf|Farigiraf, L90, M|362/362\n|turn|6\n|\n|t:|1781415116\n|switch|p1a: Hoopa|Hoopa, L85|170/275\n|move|p2a: Farigiraf|Psychic Noise|p1a: Hoopa\n|-resisted|p1a: Hoopa\n|-damage|p1a: Hoopa|131/275\n|-start|p1a: Hoopa|move: Heal Block\n|\n|upkeep\n|turn|7\n|\n|t:|1781415124\n|move|p2a: Farigiraf|Protect|p2a: Farigiraf\n|-singleturn|p2a: Farigiraf|Protect\n|move|p1a: Hoopa|Trick|p2a: Farigiraf\n|-activate|p2a: Farigiraf|move: Protect\n|\n|-end|p1a: Hoopa|move: Heal Block\n|upkeep\n|turn|8\n|inactive|mahomesthegoat has 120 seconds left.\n|\n|t:|1781415170\n|switch|p1a: Goodra|Goodra, L85, M|292/292\n|switch|p2a: Gurdurr|Gurdurr, L85, F|283/283\n|\n|upkeep\n|turn|9\n|\n|t:|1781415184\n|move|p1a: Goodra|Draco Meteor|p2a: Gurdurr\n|-damage|p2a: Gurdurr|132/283\n|-unboost|p1a: Goodra|spa|2\n|move|p2a: Gurdurr|Knock Off|p1a: Goodra\n|-damage|p1a: Goodra|200/292\n|-enditem|p1a: Goodra|Assault Vest|[from] move: Knock Off|[of] p2a: Gurdurr\n|\n|upkeep\n|turn|10\n|\n|t:|1781415197\n|switch|p1a: Swalot|Swalot, L90, F|326/326\n|move|p2a: Gurdurr|Drain Punch|p1a: Swalot\n|-resisted|p1a: Swalot\n|-crit|p1a: Swalot\n|-damage|p1a: Swalot|263/326\n|-damage|p2a: Gurdurr|100/283|[from] ability: Liquid Ooze|[of] p1a: Swalot\n|\n|-heal|p1a: Swalot|283/326|[from] item: Leftovers\n|upkeep\n|turn|11\n|\n|t:|1781415214\n|move|p1a: Swalot|Sludge Bomb|p2a: Gurdurr\n|-damage|p2a: Gurdurr|7/283\n|move|p2a: Gurdurr|Knock Off|p1a: Swalot\n|-damage|p1a: Swalot|215/326\n|-enditem|p1a: Swalot|Leftovers|[from] move: Knock Off|[of] p2a: Gurdurr\n|\n|upkeep\n|turn|12\n|\n|t:|1781415230\n|move|p2a: Gurdurr|Mach Punch|p1a: Swalot\n|-resisted|p1a: Swalot\n|-damage|p1a: Swalot|194/326\n|move|p1a: Swalot|Sludge Bomb|p2a: Gurdurr\n|-damage|p2a: Gurdurr|0 fnt\n|faint|p2a: Gurdurr\n|\n|upkeep\n|\n|t:|1781415234\n|switch|p2a: Farigiraf|Farigiraf, L90, M|362/362\n|turn|13\n|inactive|VTCLA has 90 seconds left.\n|\n|t:|1781415268\n|move|p2a: Farigiraf|Psychic Noise|p1a: Swalot\n|-supereffective|p1a: Swalot\n|-damage|p1a: Swalot|0 fnt\n|faint|p1a: Swalot\n|\n|upkeep\n|inactive|VTCLA has 90 seconds left.\n|\n|t:|1781415278\n|switch|p1a: Hoopa|Hoopa, L85|131/275\n|turn|14\n|\n|t:|1781415282\n|move|p2a: Farigiraf|Protect|p2a: Farigiraf\n|-singleturn|p2a: Farigiraf|Protect\n|move|p1a: Hoopa|Trick|p2a: Farigiraf\n|-activate|p2a: Farigiraf|move: Protect\n|\n|upkeep\n|turn|15\n|\n|t:|1781415291\n|switch|p2a: Hitmonchan|Hitmonchan, L87, M|229/229\n|move|p1a: Hoopa|Trick|p2a: Hitmonchan\n|-activate|p1a: Hoopa|move: Trick|[of] p2a: Hitmonchan\n|-item|p2a: Hitmonchan|Choice Scarf|[from] move: Trick\n|-item|p1a: Hoopa|Leftovers|[from] move: Trick\n|\n|-heal|p1a: Hoopa|148/275|[from] item: Leftovers\n|upkeep\n|turn|16\n|\n|t:|1781415308\n|switch|p1a: Goodra|Goodra, L85, M|200/292\n|move|p2a: Hitmonchan|Drain Punch|p1a: Goodra\n|-damage|p1a: Goodra|82/292\n|\n|upkeep\n|turn|17\n|\n|t:|1781415322\n|move|p2a: Hitmonchan|Drain Punch|p1a: Goodra\n|-damage|p1a: Goodra|0 fnt\n|faint|p1a: Goodra\n|\n|upkeep\n|\n|t:|1781415331\n|switch|p1a: Oricorio|Oricorio-Pa'u, L87, F|272/272\n|turn|18\n|inactive|mahomesthegoat has 120 seconds left.\n|\n|t:|1781415367\n|switch|p2a: Klefki|Klefki, L84, F|233/233\n|move|p1a: Oricorio|Quiver Dance|p1a: Oricorio\n|-boost|p1a: Oricorio|spa|1\n|-boost|p1a: Oricorio|spd|1\n|-boost|p1a: Oricorio|spe|1\n|\n|upkeep\n|turn|19\n|inactive|VTCLA has 120 seconds left.\n|inactive|mahomesthegoat has 120 seconds left.\n|inactive|VTCLA has 90 seconds left.\n|\n|t:|1781415417\n|move|p2a: Klefki|Thunder Wave|p1a: Oricorio\n|-status|p1a: Oricorio|par\n|cant|p1a: Oricorio|par\n|\n|upkeep\n|turn|20\n|inactive|mahomesthegoat has 120 seconds left.\n|\n|t:|1781415436\n|switch|p2a: Hitmonchan|Hitmonchan, L87, M|229/229\n|move|p1a: Oricorio|Revelation Dance|p2a: Hitmonchan\n|-supereffective|p2a: Hitmonchan\n|-damage|p2a: Hitmonchan|1/229\n|\n|upkeep\n|turn|21\n|inactive|VTCLA has 90 seconds left.\n|inactive|mahomesthegoat has 120 seconds left.\n|\n|t:|1781415446\n|switch|p1a: Carbink|Carbink, L90, tera:Fighting|228/236\n|move|p2a: Hitmonchan|Knock Off|p1a: Carbink\n|-resisted|p1a: Carbink\n|-damage|p1a: Carbink|205/236\n|-enditem|p1a: Carbink|Leftovers|[from] move: Knock Off|[of] p2a: Hitmonchan\n|\n|upkeep\n|turn|22\n|inactive|VTCLA has 90 seconds left.\n|\n|t:|1781415464\n|switch|p2a: Klefki|Klefki, L84, F|233/233\n|move|p1a: Carbink|Moonblast|p2a: Klefki\n|-resisted|p2a: Klefki\n|-crit|p2a: Klefki\n|-damage|p2a: Klefki|180/233\n|\n|-heal|p2a: Klefki|194/233|[from] item: Leftovers\n|upkeep\n|turn|23\n|\n|t:|1781415476\n|switch|p1a: Arboliva|Arboliva, L91, F|290/290\n|move|p2a: Klefki|Thunder Wave|p1a: Arboliva\n|-status|p1a: Arboliva|par\n|\n|-heal|p2a: Klefki|208/233|[from] item: Leftovers\n|upkeep\n|turn|24\n|\n|t:|1781415484\n|switch|p2a: Farigiraf|Farigiraf, L90, M|362/362\n|move|p1a: Arboliva|Earth Power|p2a: Farigiraf\n|-damage|p2a: Farigiraf|262/362\n|-unboost|p2a: Farigiraf|spd|1\n|\n|-heal|p2a: Farigiraf|284/362|[from] item: Leftovers\n|upkeep\n|turn|25\n|inactive|VTCLA has 90 seconds left.\n|\n|t:|1781415499\n|switch|p2a: Ting-Lu|Ting-Lu, L78|370/370\n|-ability|p2a: Ting-Lu|Vessel of Ruin\n|cant|p1a: Arboliva|par\n|\n|upkeep\n|turn|26\n|\n|t:|1781415511\n|switch|p2a: Farigiraf|Farigiraf, L90, M|284/362\n|switch|p1a: Hoopa|Hoopa, L85|148/275\n|\n|-heal|p1a: Hoopa|165/275|[from] item: Leftovers\n|-heal|p2a: Farigiraf|306/362|[from] item: Leftovers\n|upkeep\n|turn|27\n|inactive|VTCLA has 90 seconds left.\n|\n|t:|1781415533\n|move|p1a: Hoopa|Focus Blast|p2a: Farigiraf\n|-damage|p2a: Farigiraf|165/362\n|move|p2a: Farigiraf|Psychic Noise|p1a: Hoopa\n|-resisted|p1a: Hoopa\n|-damage|p1a: Hoopa|129/275\n|-start|p1a: Hoopa|move: Heal Block\n|\n|-heal|p2a: Farigiraf|187/362|[from] item: Leftovers\n|upkeep\n|turn|28\n|inactive|VTCLA has 90 seconds left.\n|\n|t:|1781415544\n|move|p1a: Hoopa|Focus Blast|p2a: Farigiraf|[miss]\n|-miss|p1a: Hoopa|p2a: Farigiraf\n|move|p2a: Farigiraf|Wish|p2a: Farigiraf\n|\n|-heal|p2a: Farigiraf|209/362|[from] item: Leftovers\n|-end|p1a: Hoopa|move: Heal Block\n|upkeep\n|turn|29\n|\n|t:|1781415553\n|move|p2a: Farigiraf|Protect|p2a: Farigiraf\n|-singleturn|p2a: Farigiraf|Protect\n|move|p1a: Hoopa|Focus Blast|p2a: Farigiraf\n|-activate|p2a: Farigiraf|move: Protect\n|\n|-heal|p2a: Farigiraf|362/362|[from] move: Wish|[wisher] Farigiraf\n|-heal|p1a: Hoopa|146/275|[from] item: Leftovers\n|upkeep\n|turn|30\n|\n|t:|1781415561\n|move|p1a: Hoopa|Focus Blast|p2a: Farigiraf\n|-damage|p2a: Farigiraf|232/362\n|move|p2a: Farigiraf|Wish|p2a: Farigiraf\n|\n|-heal|p1a: Hoopa|163/275|[from] item: Leftovers\n|-heal|p2a: Farigiraf|254/362|[from] item: Leftovers\n|upkeep\n|turn|31\n|\n|t:|1781415571\n|switch|p1a: Oricorio|Oricorio-Pa'u, L87, F|272/272 par\n|move|p2a: Farigiraf|Psychic Noise|p1a: Oricorio\n|-resisted|p1a: Oricorio\n|-damage|p1a: Oricorio|210/272 par\n|-start|p1a: Oricorio|move: Heal Block\n|\n|-heal|p2a: Farigiraf|362/362|[from] move: Wish|[wisher] Farigiraf\n|upkeep\n|turn|32\n|inactive|VTCLA has 90 seconds left.\n|\n|t:|1781415594\n|switch|p2a: Ting-Lu|Ting-Lu, L78|370/370\n|-ability|p2a: Ting-Lu|Vessel of Ruin\n|switch|p1a: Hoopa|Hoopa, L85|163/275\n|\n|-heal|p1a: Hoopa|180/275|[from] item: Leftovers\n|upkeep\n|turn|33\n|\n|t:|1781415611\n|switch|p1a: Carbink|Carbink, L90, tera:Fighting|205/236\n|switch|p2a: Farigiraf|Farigiraf, L90, M|362/362\n|\n|upkeep\n|turn|34\n|inactive|VTCLA has 90 seconds left.\n|\n|t:|1781415630\n|switch|p1a: Hoopa|Hoopa, L85|180/275\n|move|p2a: Farigiraf|Psychic Noise|p1a: Hoopa\n|-resisted|p1a: Hoopa\n|-damage|p1a: Hoopa|143/275\n|-start|p1a: Hoopa|move: Heal Block\n|\n|upkeep\n|turn|35\n|\n|t:|1781415636\n|move|p1a: Hoopa|Focus Blast|p2a: Farigiraf|[miss]\n|-miss|p1a: Hoopa|p2a: Farigiraf\n|move|p2a: Farigiraf|Psychic Noise|p1a: Hoopa\n|-resisted|p1a: Hoopa\n|-damage|p1a: Hoopa|109/275\n|\n|-end|p1a: Hoopa|move: Heal Block\n|upkeep\n|turn|36\n|\n|t:|1781415644\n|move|p1a: Hoopa|Focus Blast|p2a: Farigiraf\n|-damage|p2a: Farigiraf|229/362\n|move|p2a: Farigiraf|Psychic Noise|p1a: Hoopa\n|-resisted|p1a: Hoopa\n|-damage|p1a: Hoopa|72/275\n|-start|p1a: Hoopa|move: Heal Block\n|\n|-heal|p2a: Farigiraf|251/362|[from] item: Leftovers\n|upkeep\n|turn|37\n|\n|t:|1781415653\n|move|p1a: Hoopa|Focus Blast|p2a: Farigiraf\n|-damage|p2a: Farigiraf|101/362\n|move|p2a: Farigiraf|Wish|p2a: Farigiraf\n|\n|-heal|p2a: Farigiraf|123/362|[from] item: Leftovers\n|-end|p1a: Hoopa|move: Heal Block\n|upkeep\n|turn|38\n|\n|t:|1781415662\n|move|p2a: Farigiraf|Protect|p2a: Farigiraf\n|-singleturn|p2a: Farigiraf|Protect\n|move|p1a: Hoopa|Psychic|p2a: Farigiraf\n|-activate|p2a: Farigiraf|move: Protect\n|\n|-heal|p2a: Farigiraf|304/362|[from] move: Wish|[wisher] Farigiraf\n|-heal|p1a: Hoopa|89/275|[from] item: Leftovers\n|-heal|p2a: Farigiraf|326/362|[from] item: Leftovers\n|upkeep\n|turn|39\n|inactive|VTCLA has 120 seconds left.\n|\n|t:|1781415671\n|move|p1a: Hoopa|Focus Blast|p2a: Farigiraf\n|-damage|p2a: Farigiraf|197/362\n|move|p2a: Farigiraf|Wish|p2a: Farigiraf\n|\n|-heal|p1a: Hoopa|106/275|[from] item: Leftovers\n|-heal|p2a: Farigiraf|219/362|[from] item: Leftovers\n|upkeep\n|turn|40\n|inactive|VTCLA has 120 seconds left.\n|\n|t:|1781415682\n|move|p1a: Hoopa|Psychic|p2a: Farigiraf\n|-resisted|p2a: Farigiraf\n|-damage|p2a: Farigiraf|139/362\n|move|p2a: Farigiraf|Psychic Noise|p1a: Hoopa\n|-resisted|p1a: Hoopa\n|-damage|p1a: Hoopa|73/275\n|-start|p1a: Hoopa|move: Heal Block\n|\n|-heal|p2a: Farigiraf|320/362|[from] move: Wish|[wisher] Farigiraf\n|-heal|p2a: Farigiraf|342/362|[from] item: Leftovers\n|upkeep\n|turn|41\n|inactive|VTCLA has 120 seconds left.\n|\n|t:|1781415704\n|switch|p1a: Oricorio|Oricorio-Pa'u, L87, F|210/272 par\n|move|p2a: Farigiraf|Wish|p2a: Farigiraf\n|\n|-heal|p2a: Farigiraf|362/362|[from] item: Leftovers\n|upkeep\n|turn|42\n|\n|t:|1781415714\n|switch|p2a: Ting-Lu|Ting-Lu, L78|370/370\n|-ability|p2a: Ting-Lu|Vessel of Ruin\n|move|p1a: Oricorio|Quiver Dance|p1a: Oricorio\n|-boost|p1a: Oricorio|spa|1\n|-boost|p1a: Oricorio|spd|1\n|-boost|p1a: Oricorio|spe|1\n|\n|upkeep\n|turn|43\n|inactive|VTCLA has 120 seconds left.\n|\n|t:|1781415724\n|switch|p1a: Arboliva|Arboliva, L91, F|290/290 par\n|move|p2a: Ting-Lu|Payback|p1a: Arboliva\n|-damage|p1a: Arboliva|245/290 par\n|-fieldstart|move: Grassy Terrain|[from] ability: Seed Sower|[of] p1a: Arboliva\n|\n|-heal|p1a: Arboliva|263/290 par|[from] Grassy Terrain\n|-heal|p1a: Arboliva|281/290 par|[from] item: Leftovers\n|upkeep\n|turn|44\n|inactive|VTCLA has 120 seconds left.\n|\n|t:|1781415737\n|switch|p2a: Farigiraf|Farigiraf, L90, M|362/362\n|move|p1a: Arboliva|Hyper Voice|p2a: Farigiraf\n|-damage|p2a: Farigiraf|212/362\n|\n|-heal|p2a: Farigiraf|234/362|[from] Grassy Terrain\n|-heal|p2a: Farigiraf|256/362|[from] item: Leftovers\n|-heal|p1a: Arboliva|290/290 par|[from] Grassy Terrain\n|upkeep\n|turn|45\n|inactive|VTCLA has 120 seconds left.\n|\n|t:|1781415761\n|move|p2a: Farigiraf|Wish|p2a: Farigiraf\n|move|p1a: Arboliva|Earth Power|p2a: Farigiraf\n|-damage|p2a: Farigiraf|159/362\n|\n|-heal|p2a: Farigiraf|181/362|[from] Grassy Terrain\n|-heal|p2a: Farigiraf|203/362|[from] item: Leftovers\n|upkeep\n|turn|46\n|inactive|VTCLA has 120 seconds left.\n|\n|t:|1781415768\n|move|p2a: Farigiraf|Psychic Noise|p1a: Arboliva\n|-damage|p1a: Arboliva|212/290 par\n|-start|p1a: Arboliva|move: Heal Block\n|cant|p1a: Arboliva|par\n|\n|-heal|p2a: Farigiraf|362/362|[from] move: Wish|[wisher] Farigiraf\n|upkeep\n|turn|47\n|\n|t:|1781415787\n|switch|p1a: Hoopa|Hoopa, L85|73/275\n|move|p2a: Farigiraf|Wish|p2a: Farigiraf\n|\n|-heal|p1a: Hoopa|90/275|[from] Grassy Terrain\n|-heal|p1a: Hoopa|107/275|[from] item: Leftovers\n|-fieldend|move: Grassy Terrain\n|upkeep\n|turn|48\n|inactive|VTCLA has 120 seconds left.\n|\n|t:|1781415809\n|switch|p2a: Klefki|Klefki, L84, F|208/233\n|move|p1a: Hoopa|Psychic|p2a: Klefki\n|-resisted|p2a: Klefki\n|-damage|p2a: Klefki|140/233\n|\n|-heal|p2a: Klefki|233/233|[from] move: Wish|[wisher] Farigiraf\n|-heal|p1a: Hoopa|124/275|[from] item: Leftovers\n|upkeep\n|turn|49\n|inactive|VTCLA has 120 seconds left.\n|\n|t:|1781415833\n|switch|p1a: Arboliva|Arboliva, L91, F|212/290 par\n|move|p2a: Klefki|Spikes|p1a: Arboliva\n|-sidestart|p1: VTCLA|Spikes\n|\n|-heal|p1a: Arboliva|230/290 par|[from] item: Leftovers\n|upkeep\n|turn|50\n|\n|t:|1781415848\n|move|p2a: Klefki|Spikes|p1a: Arboliva\n|-sidestart|p1: VTCLA|Spikes\n|cant|p1a: Arboliva|par\n|\n|-heal|p1a: Arboliva|248/290 par|[from] item: Leftovers\n|upkeep\n|turn|51\n|inactive|mahomesthegoat has 120 seconds left.\n|\n|t:|1781415865\n|move|p2a: Klefki|Spikes|p1a: Arboliva\n|-sidestart|p1: VTCLA|Spikes\n|cant|p1a: Arboliva|par\n|\n|-heal|p1a: Arboliva|266/290 par|[from] item: Leftovers\n|upkeep\n|turn|52\n|inactive|VTCLA has 120 seconds left.\n|inactive|mahomesthegoat has 120 seconds left.\n|\n|t:|1781415891\n|switch|p2a: Farigiraf|Farigiraf, L90, M|362/362\n|cant|p1a: Arboliva|par\n|\n|-heal|p1a: Arboliva|284/290 par|[from] item: Leftovers\n|upkeep\n|turn|53\n|inactive|VTCLA has 120 seconds left.\n|inactive|VTCLA has 90 seconds left.\n|\n|t:|1781415957\n|move|p2a: Farigiraf|Body Slam|p1a: Arboliva\n|-damage|p1a: Arboliva|193/290 par\n|-fieldstart|move: Grassy Terrain|[from] ability: Seed Sower|[of] p1a: Arboliva\n|move|p1a: Arboliva|Earth Power|p2a: Farigiraf\n|-damage|p2a: Farigiraf|263/362\n|\n|-heal|p2a: Farigiraf|285/362|[from] Grassy Terrain\n|-heal|p2a: Farigiraf|307/362|[from] item: Leftovers\n|-heal|p1a: Arboliva|211/290 par|[from] Grassy Terrain\n|-heal|p1a: Arboliva|229/290 par|[from] item: Leftovers\n|upkeep\n|turn|54\n|\n|t:|1781415969\n|switch|p1a: Hoopa|Hoopa, L85|124/275\n|-damage|p1a: Hoopa|56/275|[from] Spikes\n|move|p2a: Farigiraf|Psychic Noise|p1a: Hoopa\n|-resisted|p1a: Hoopa\n|-damage|p1a: Hoopa|18/275\n|-start|p1a: Hoopa|move: Heal Block\n|\n|-heal|p2a: Farigiraf|329/362|[from] Grassy Terrain\n|-heal|p2a: Farigiraf|351/362|[from] item: Leftovers\n|upkeep\n|turn|55\n|\n|t:|1781415981\n|move|p1a: Hoopa|Psychic|p2a: Farigiraf\n|-resisted|p2a: Farigiraf\n|-damage|p2a: Farigiraf|269/362\n|move|p2a: Farigiraf|Psychic Noise|p1a: Hoopa\n|-resisted|p1a: Hoopa\n|-damage|p1a: Hoopa|0 fnt\n|faint|p1a: Hoopa\n|\n|-heal|p2a: Farigiraf|291/362|[from] Grassy Terrain\n|-heal|p2a: Farigiraf|313/362|[from] item: Leftovers\n|upkeep\n|inactive|VTCLA has 60 seconds left.\n|\n|t:|1781415995\n|switch|p1a: Oricorio|Oricorio-Pa'u, L87, F|210/272 par\n|turn|56\n|inactive|VTCLA has 60 seconds left.\n|\n|t:|1781416012\n|switch|p2a: Ting-Lu|Ting-Lu, L78|370/370\n|-ability|p2a: Ting-Lu|Vessel of Ruin\n|move|p1a: Oricorio|Quiver Dance|p1a: Oricorio\n|-boost|p1a: Oricorio|spa|1\n|-boost|p1a: Oricorio|spd|1\n|-boost|p1a: Oricorio|spe|1\n|\n|upkeep\n|turn|57\n|\n|t:|1781416021\n|cant|p1a: Oricorio|par\n|move|p2a: Ting-Lu|Payback|p1a: Oricorio\n|-supereffective|p1a: Oricorio\n|-damage|p1a: Oricorio|0 fnt\n|faint|p1a: Oricorio\n|\n|-fieldend|move: Grassy Terrain\n|upkeep\n|\n|t:|1781416027\n|switch|p1a: Carbink|Carbink, L90, tera:Fighting|205/236\n|-damage|p1a: Carbink|146/236|[from] Spikes\n|turn|58\n|\n|t:|1781416039\n|switch|p2a: Farigiraf|Farigiraf, L90, M|313/362\n|move|p1a: Carbink|Iron Defense|p1a: Carbink\n|-boost|p1a: Carbink|def|2\n|\n|-heal|p2a: Farigiraf|335/362|[from] item: Leftovers\n|upkeep\n|turn|59\n|inactive|VTCLA has 60 seconds left.\n|\n|t:|1781416055\n|move|p2a: Farigiraf|Psychic Noise|p1a: Carbink\n|-supereffective|p1a: Carbink\n|-damage|p1a: Carbink|24/236\n|-start|p1a: Carbink|move: Heal Block\n|move|p1a: Carbink|Rock Polish|p1a: Carbink\n|-boost|p1a: Carbink|spe|2\n|\n|-heal|p2a: Farigiraf|357/362|[from] item: Leftovers\n|upkeep\n|turn|60\n|\n|t:|1781416066\n|move|p1a: Carbink|Body Press|p2a: Farigiraf\n|-damage|p2a: Farigiraf|72/362\n|move|p2a: Farigiraf|Psychic Noise|p1a: Carbink\n|-supereffective|p1a: Carbink\n|-damage|p1a: Carbink|0 fnt\n|faint|p1a: Carbink\n|\n|-heal|p2a: Farigiraf|94/362|[from] item: Leftovers\n|upkeep\n|-message|VTCLA forfeited.\n|\n|win|mahomesthegoat\n", "inputlog": ">version a8376a258c1d4662feba110a92103f3664a72141\n>start {\"formatid\":\"gen9randombattle\",\"seed\":\"sodium,c1a10b77e40f3aa8ef4bbc6ea34e31f8\",\"rated\":\"Rated battle\"}\n>player p1 {\"name\":\"VTCLA\",\"avatar\":\"170\",\"rating\":2233,\"seed\":\"sodium,eed0d80de78a07a4c27fdd314f20294a\"}\n>player p2 {\"name\":\"mahomesthegoat\",\"avatar\":\"266\",\"rating\":2370,\"seed\":\"sodium,b1d228d20f9a9e880e74997ea3de66f6\"}\n>p1 switch 5\n>p2 switch 2\n>p1 move shadowball\n>p2 move uturn\n>p2 switch 2\n>p1 switch 3\n>p2 move wish\n>p1 move irondefense\n>p2 switch 2\n>p1 move bodypress terastallize\n>p2 move bulletpunch\n>p2 switch 2\n>p1 switch 3\n>p2 move psychicnoise\n>p1 move trick\n>p2 move protect\n>p1 switch 6\n>p2 switch 3\n>p1 move dracometeor\n>p2 move knockoff\n>p1 switch 5\n>p2 move drainpunch\n>p1 move sludgebomb\n>p2 move knockoff\n>p1 move sludgebomb\n>p2 move machpunch\n>p2 switch 3\n>p1 move toxic\n>p2 move psychicnoise\n>p1 switch 6\n>p1 move trick\n>p2 move protect\n>p1 move trick\n>p2 switch 5\n>p1 switch 5\n>p2 move drainpunch\n>p1 move dracometeor\n>p2 move drainpunch\n>p1 switch 2\n>p1 move quiverdance\n>p2 switch 4\n>p1 move quiverdance\n>p2 move thunderwave\n>p1 move revelationdance\n>p2 switch 4\n>p1 switch 3\n>p2 move knockoff\n>p1 move moonblast\n>p2 switch 4\n>p1 switch 4\n>p2 move thunderwave\n>p1 move earthpower\n>p2 switch 5\n>p1 move hypervoice\n>p2 switch 6\n>p1 switch 5\n>p2 switch 6\n>p1 move focusblast\n>p2 move psychicnoise\n>p1 move focusblast\n>p2 move wish\n>p1 move focusblast\n>p2 move protect\n>p1 move focusblast\n>p2 move wish\n>p1 switch 3\n>p2 move psychicnoise\n>p1 switch 3\n>p2 switch 6\n>p1 switch 4\n>p2 switch 6\n>p1 switch 4\n>p2 move psychicnoise\n>p1 move focusblast\n>p2 move psychicnoise\n>p1 move focusblast\n>p2 move psychicnoise\n>p1 move focusblast\n>p2 move wish\n>p1 move psychic\n>p2 move protect\n>p1 move focusblast\n>p2 move wish\n>p1 move psychic\n>p2 move psychicnoise\n>p1 switch 3\n>p2 move wish\n>p1 move quiverdance\n>p2 switch 6\n>p1 switch 5\n>p2 move payback\n>p1 move hypervoice\n>p2 switch 6\n>p1 move earthpower\n>p2 move wish\n>p1 move hypervoice\n>p2 move psychicnoise\n>p1 switch 3\n>p2 move wish\n>p1 move psychic\n>p2 switch 5\n>p1 switch 3\n>p2 move spikes\n>p1 move earthpower\n>p2 move spikes\n>p1 move earthpower\n>p2 move spikes\n>p1 move earthpower\n>p2 switch 5\n>p1 move earthpower\n>p2 move bodyslam\n>p1 switch 3\n>p2 move psychicnoise\n>p1 move psychic\n>p2 move psychicnoise\n>p1 switch 5\n>p1 move quiverdance\n>p2 switch 6\n>p1 move hurricane\n>p2 move payback\n>p1 switch 4\n>p1 move irondefense\n>p2 switch 6\n>p1 move rockpolish\n>p2 move psychicnoise\n>p1 move bodypress\n>p2 move psychicnoise\n>forcelose p1", "uploadtime": 1781414940, "views": 6, "formatid": "gen9randombattle", "rating": null, "private": 0, "password": null}