{"id": "gen9randombattle-2631414697", "format": "[Gen 9] Random Battle", "players": ["huijokp", "Coopman35"], "log": "|j|\u2606huijokp\n|j|\u2606Coopman35\n|t:|1781381817\n|gametype|singles\n|player|p1|huijokp|265|1963\n|player|p2|Coopman35|bruno|1930\n|gen|9\n|tier|[Gen 9] Random Battle\n|rated|\n|rule|Species Clause: Limit one of each Pok\u00e9mon\n|rule|HP Percentage Mod: HP is shown in percentages\n|rule|Sleep Clause Mod: Limit one foe put to sleep\n|rule|Illusion Level Mod: Illusion disguises the Pok\u00e9mon's true level\n|\n|t:|1781381817\n|teamsize|p1|6\n|teamsize|p2|6\n|start\n|switch|p1a: Cetitan|Cetitan, L82, M|412/412\n|switch|p2a: Seviper|Seviper, L93, M|287/287\n|turn|1\n|inactive|Battle timer is ON: inactive players will automatically lose when time's up. (requested by Coopman35)\n|\n|t:|1781381861\n|move|p2a: Seviper|Gunk Shot|p1a: Cetitan\n|-damage|p1a: Cetitan|142/412\n|-enditem|p1a: Cetitan|Sitrus Berry|[eat]\n|-heal|p1a: Cetitan|245/412|[from] item: Sitrus Berry\n|-damage|p2a: Seviper|259/287|[from] item: Life Orb\n|move|p1a: Cetitan|Earthquake|p2a: Seviper\n|-supereffective|p2a: Seviper\n|-damage|p2a: Seviper|81/287\n|\n|upkeep\n|turn|2\n|\n|t:|1781381870\n|move|p1a: Cetitan|Ice Shard|p2a: Seviper\n|-damage|p2a: Seviper|27/287\n|move|p2a: Seviper|Gunk Shot|p1a: Cetitan\n|-damage|p1a: Cetitan|0 fnt\n|faint|p1a: Cetitan\n|-damage|p2a: Seviper|0 fnt|[from] item: Life Orb\n|faint|p2a: Seviper\n|\n|upkeep\n|\n|t:|1781381884\n|switch|p2a: Leavanny|Leavanny, L86, M|269/269\n|switch|p1a: Flareon|Flareon, L90, F|263/263\n|turn|3\n|\n|t:|1781381894\n|move|p2a: Leavanny|Knock Off|p1a: Flareon\n|-damage|p1a: Flareon|164/263\n|-enditem|p1a: Flareon|Toxic Orb|[from] move: Knock Off|[of] p2a: Leavanny\n|move|p1a: Flareon|Trailblaze|p2a: Leavanny\n|-resisted|p2a: Leavanny\n|-damage|p2a: Leavanny|257/269\n|-boost|p1a: Flareon|spe|1\n|\n|upkeep\n|turn|4\n|\n|t:|1781381898\n|switch|p2a: Rhyperior|Rhyperior, L82, F|323/323\n|move|p1a: Flareon|Flare Blitz|p2a: Rhyperior\n|-resisted|p2a: Rhyperior\n|-damage|p2a: Rhyperior|251/323\n|-damage|p1a: Flareon|140/263|[from] Recoil\n|\n|upkeep\n|turn|5\n|\n|t:|1781381903\n|move|p1a: Flareon|Trailblaze|p2a: Rhyperior\n|-supereffective|p2a: Rhyperior\n|-damage|p2a: Rhyperior|128/323\n|-boost|p1a: Flareon|spe|1\n|-enditem|p2a: Rhyperior|Weakness Policy\n|-boost|p2a: Rhyperior|atk|2|[from] item: Weakness Policy\n|-boost|p2a: Rhyperior|spa|2|[from] item: Weakness Policy\n|move|p2a: Rhyperior|Rock Polish|p2a: Rhyperior\n|-boost|p2a: Rhyperior|spe|2\n|\n|upkeep\n|turn|6\n|\n|t:|1781381913\n|-terastallize|p2a: Rhyperior|Ground\n|move|p1a: Flareon|Trailblaze|p2a: Rhyperior\n|-supereffective|p2a: Rhyperior\n|-damage|p2a: Rhyperior|68/323\n|-boost|p1a: Flareon|spe|1\n|move|p2a: Rhyperior|Rock Polish|p2a: Rhyperior\n|-boost|p2a: Rhyperior|spe|2\n|\n|upkeep\n|turn|7\n|\n|t:|1781381916\n|move|p1a: Flareon|Facade|p2a: Rhyperior\n|-damage|p2a: Rhyperior|15/323\n|move|p2a: Rhyperior|Earthquake|p1a: Flareon\n|-supereffective|p1a: Flareon\n|-damage|p1a: Flareon|0 fnt\n|faint|p1a: Flareon\n|\n|upkeep\n|\n|t:|1781381923\n|switch|p1a: Hawlucha|Hawlucha, L80, F|256/256\n|turn|8\n|\n|t:|1781381934\n|-terastallize|p1a: Hawlucha|Fighting\n|move|p2a: Rhyperior|Stone Edge|p1a: Hawlucha\n|-resisted|p1a: Hawlucha\n|-damage|p1a: Hawlucha|100/256\n|move|p1a: Hawlucha|Close Combat|p2a: Rhyperior\n|-damage|p2a: Rhyperior|0 fnt\n|-unboost|p1a: Hawlucha|def|1\n|-unboost|p1a: Hawlucha|spd|1\n|faint|p2a: Rhyperior\n|-enditem|p1a: Hawlucha|White Herb\n|-clearnegativeboost|p1a: Hawlucha|[silent]\n|\n|upkeep\n|\n|t:|1781381939\n|switch|p2a: Basculin|Basculin-Blue-Striped, L86, F|261/261\n|turn|9\n|\n|t:|1781381943\n|move|p1a: Hawlucha|Close Combat|p2a: Basculin\n|-damage|p2a: Basculin|67/261\n|-unboost|p1a: Hawlucha|def|1\n|-unboost|p1a: Hawlucha|spd|1\n|move|p2a: Basculin|Wave Crash|p1a: Hawlucha\n|-damage|p1a: Hawlucha|0 fnt\n|faint|p1a: Hawlucha\n|-damage|p2a: Basculin|34/261|[from] Recoil\n|\n|upkeep\n|\n|t:|1781381949\n|switch|p1a: Raichu|Raichu, L88, F|249/249\n|turn|10\n|\n|t:|1781381951\n|move|p1a: Raichu|Knock Off|p2a: Basculin\n|-damage|p2a: Basculin|0 fnt\n|-enditem|p2a: Basculin|Choice Band|[from] move: Knock Off|[of] p1a: Raichu\n|faint|p2a: Basculin\n|\n|upkeep\n|\n|t:|1781381953\n|switch|p2a: Leavanny|Leavanny, L86, M|257/269\n|turn|11\n|\n|t:|1781381958\n|switch|p1a: Zebstrika|Zebstrika, L87, M|272/272\n|move|p2a: Leavanny|Sticky Web|p1a: Zebstrika\n|-sidestart|p1: huijokp|move: Sticky Web\n|\n|upkeep\n|turn|12\n|\n|t:|1781381966\n|move|p1a: Zebstrika|Overheat|p2a: Leavanny\n|-supereffective|p2a: Leavanny\n|-damage|p2a: Leavanny|0 fnt\n|-unboost|p1a: Zebstrika|spa|2\n|faint|p2a: Leavanny\n|-damage|p1a: Zebstrika|245/272|[from] item: Life Orb\n|\n|upkeep\n|\n|t:|1781381968\n|switch|p2a: Dialga|Dialga-Origin, L73|266/266\n|-ability|p2a: Dialga|Pressure\n|turn|13\n|\n|t:|1781381973\n|move|p1a: Zebstrika|High Horsepower|p2a: Dialga\n|-supereffective|p2a: Dialga\n|-damage|p2a: Dialga|94/266\n|-damage|p1a: Zebstrika|218/272|[from] item: Life Orb\n|move|p2a: Dialga|Stealth Rock|p1a: Zebstrika\n|-sidestart|p1: huijokp|move: Stealth Rock\n|\n|upkeep\n|turn|14\n|\n|t:|1781381982\n|move|p1a: Zebstrika|High Horsepower|p2a: Dialga\n|-supereffective|p2a: Dialga\n|-damage|p2a: Dialga|0 fnt\n|faint|p2a: Dialga\n|-damage|p1a: Zebstrika|191/272|[from] item: Life Orb\n|\n|upkeep\n|\n|t:|1781381983\n|switch|p2a: Indeedee|Indeedee, L84, M|238/238\n|-fieldstart|move: Psychic Terrain|[from] ability: Psychic Surge|[of] p2a: Indeedee\n|turn|15\n|\n|t:|1781381986\n|move|p1a: Zebstrika|Supercell Slam|p2a: Indeedee\n|-damage|p2a: Indeedee|12/238\n|-damage|p1a: Zebstrika|164/272|[from] item: Life Orb\n|move|p2a: Indeedee|Expanding Force|p1a: Zebstrika\n|-damage|p1a: Zebstrika|0 fnt\n|faint|p1a: Zebstrika\n|-damage|p2a: Indeedee|0 fnt|[from] item: Life Orb\n|faint|p2a: Indeedee\n|\n|win|huijokp\n", "inputlog": ">version a8376a258c1d4662feba110a92103f3664a72141\n>start {\"formatid\":\"gen9randombattle\",\"seed\":\"sodium,98a81d590af9ed6f2abc1a06b79c8852\",\"rated\":\"Rated battle\"}\n>player p1 {\"name\":\"huijokp\",\"avatar\":\"265\",\"rating\":1963,\"seed\":\"sodium,2d5fee38148d0f4ac9fca457a476b1b5\"}\n>player p2 {\"name\":\"Coopman35\",\"avatar\":\"bruno\",\"rating\":1930,\"seed\":\"sodium,d665cb30cda2cb983cea02dd4d117867\"}\n>p1 move earthquake\n>p2 move gunkshot\n>p1 move iceshard\n>p2 move gunkshot\n>p1 switch 5\n>p2 switch 4\n>p1 move trailblaze\n>p2 move knockoff\n>p1 move flareblitz\n>p2 switch 3\n>p1 move trailblaze\n>p2 move rockpolish\n>p1 move trailblaze\n>p2 move rockpolish terastallize\n>p1 move facade\n>p2 move earthquake\n>p1 switch 4\n>p1 move closecombat terastallize\n>p2 move stoneedge\n>p2 switch 5\n>p1 move closecombat\n>p2 move wavecrash\n>p1 switch 6\n>p1 move knockoff\n>p2 move wavecrash\n>p2 switch 3\n>p1 switch 3\n>p2 move stickyweb\n>p1 move overheat\n>p2 move lunge\n>p2 switch 2\n>p1 move highhorsepower\n>p2 move stealthrock\n>p1 move highhorsepower\n>p2 move dracometeor\n>p2 switch 6\n>p1 move supercellslam\n>p2 move expandingforce", "uploadtime": 1781381819, "views": 10, "formatid": "gen9randombattle", "rating": null, "private": 0, "password": null}