{"id": "gen9randombattle-2631771800", "format": "[Gen 9] Random Battle", "players": ["pomodoropj", "OhNoTheBirds"], "log": "|j|\u2606pomodoropj\n|j|\u2606OhNoTheBirds\n|t:|1781437188\n|gametype|singles\n|player|p1|pomodoropj|1|1157\n|player|p2|OhNoTheBirds|morty|1211\n|gen|9\n|tier|[Gen 9] Random Battle\n|rated|\n|rule|Species Clause: Limit one of each Pok\u00e9mon\n|rule|HP Percentage Mod: HP is shown in percentages\n|rule|Sleep Clause Mod: Limit one foe put to sleep\n|rule|Illusion Level Mod: Illusion disguises the Pok\u00e9mon's true level\n|\n|t:|1781437188\n|teamsize|p1|6\n|teamsize|p2|6\n|start\n|switch|p1a: Minior|Minior-Blue, L79|224/224\n|switch|p2a: Groudon|Groudon, L72|263/263\n|-weather|SunnyDay|[from] ability: Drought|[of] p2a: Groudon\n|-formechange|p1a: Minior|Minior-Meteor||[from] ability: Shields Down\n|turn|1\n|inactive|Battle timer is ON: inactive players will automatically lose when time's up. (requested by OhNoTheBirds)\n|\n|t:|1781437209\n|move|p2a: Groudon|Thunder Wave|p1a: Minior\n|-immune|p1a: Minior|[from] ability: Shields Down\n|move|p1a: Minior|Earthquake|p2a: Groudon\n|-damage|p2a: Groudon|226/263\n|\n|-weather|SunnyDay|[upkeep]\n|-heal|p2a: Groudon|242/263|[from] item: Leftovers\n|upkeep\n|turn|2\n|\n|t:|1781437237\n|switch|p2a: Empoleon|Empoleon, L84, F|278/278\n|move|p1a: Minior|Shell Smash|p1a: Minior\n|-unboost|p1a: Minior|def|1\n|-unboost|p1a: Minior|spd|1\n|-boost|p1a: Minior|atk|2\n|-boost|p1a: Minior|spa|2\n|-boost|p1a: Minior|spe|2\n|-enditem|p1a: Minior|White Herb\n|-clearnegativeboost|p1a: Minior|[silent]\n|\n|-weather|SunnyDay|[upkeep]\n|upkeep\n|turn|3\n|\n|t:|1781437250\n|-terastallize|p1a: Minior|Water\n|move|p1a: Minior|Earthquake|p2a: Empoleon\n|-supereffective|p2a: Empoleon\n|-damage|p2a: Empoleon|108/278\n|move|p2a: Empoleon|Yawn|p1a: Minior\n|-immune|p1a: Minior|[from] ability: Shields Down\n|\n|-weather|SunnyDay|[upkeep]\n|-heal|p2a: Empoleon|125/278|[from] item: Leftovers\n|upkeep\n|turn|4\n|c|\u2606OhNoTheBirds|OMFFGGG\n|inactive|OhNoTheBirds has 120 seconds left.\n|\n|t:|1781437266\n|move|p1a: Minior|Earthquake|p2a: Empoleon\n|-supereffective|p2a: Empoleon\n|-damage|p2a: Empoleon|0 fnt\n|faint|p2a: Empoleon\n|\n|-weather|SunnyDay|[upkeep]\n|upkeep\n|inactive|OhNoTheBirds has 120 seconds left.\n|\n|t:|1781437277\n|switch|p2a: Groudon|Groudon, L72|242/263\n|turn|5\n|\n|t:|1781437283\n|move|p1a: Minior|Shell Smash|p1a: Minior\n|-unboost|p1a: Minior|def|1\n|-unboost|p1a: Minior|spd|1\n|-boost|p1a: Minior|atk|2\n|-boost|p1a: Minior|spa|2\n|-boost|p1a: Minior|spe|2\n|move|p2a: Groudon|Precipice Blades|p1a: Minior\n|-damage|p1a: Minior|28/224\n|\n|-weather|none\n|-heal|p2a: Groudon|258/263|[from] item: Leftovers\n|-formechange|p1a: Minior|Minior-Blue||[from] ability: Shields Down\n|upkeep\n|turn|6\n|\n|t:|1781437300\n|move|p1a: Minior|Acrobatics|p2a: Groudon\n|-crit|p2a: Groudon\n|-damage|p2a: Groudon|0 fnt\n|faint|p2a: Groudon\n|\n|upkeep\n|\n|t:|1781437311\n|switch|p2a: Incineroar|Incineroar, L82, F|290/290\n|-ability|p2a: Incineroar|Intimidate|boost\n|-unboost|p1a: Minior|atk|1\n|turn|7\n|\n|t:|1781437318\n|move|p1a: Minior|Earthquake|p2a: Incineroar\n|-supereffective|p2a: Incineroar\n|-crit|p2a: Incineroar\n|-damage|p2a: Incineroar|0 fnt\n|faint|p2a: Incineroar\n|\n|upkeep\n|-message|OhNoTheBirds forfeited.\n|\n|win|pomodoropj\n|raw|pomodoropj's rating: 1157 &rarr; <strong>1186</strong><br />(+29 for winning)\n|raw|OhNoTheBirds's rating: 1211 &rarr; <strong>1182</strong><br />(-29 for losing)\n|l|\u2606OhNoTheBirds\n|player|p2|\n", "inputlog": ">version a8376a258c1d4662feba110a92103f3664a72141\n>start {\"formatid\":\"gen9randombattle\",\"seed\":\"sodium,e246ea4f43130d72e5fc489112c0d17c\",\"rated\":\"Rated battle\"}\n>player p1 {\"name\":\"pomodoropj\",\"avatar\":\"1\",\"rating\":1157,\"seed\":\"sodium,fd803ec1c8ad2c9c7343faca2f7cd17b\"}\n>player p2 {\"name\":\"OhNoTheBirds\",\"avatar\":\"morty\",\"rating\":1211,\"seed\":\"sodium,52ea142fda47535bc14fb3f0637d3753\"}\n>p1 move earthquake\n>p2 move thunderwave\n>p1 move shellsmash\n>p2 switch 4\n>p1 move earthquake terastallize\n>p2 move yawn\n>chat \u2606OhNoTheBirds|OMFFGGG\n>p1 move earthquake\n>p2 move icebeam\n>p2 switch 4\n>p1 move shellsmash\n>p2 move precipiceblades\n>p1 move acrobatics\n>p2 move heatcrash\n>p2 switch 2\n>p1 move earthquake\n>p2 move knockoff\n>forcelose p2", "uploadtime": 1781437348, "views": 10, "formatid": "gen9randombattle", "rating": 1182, "private": 0, "password": null}