{"id": "gen9randombattle-2631438199", "format": "[Gen 9] Random Battle", "players": ["Axelace", "darkiway"], "log": "|j|\u2606Axelace\n|j|\u2606darkiway\n|t:|1781384672\n|gametype|singles\n|player|p1|Axelace|riley|2080\n|player|p2|darkiway|lady|1966\n|gen|9\n|tier|[Gen 9] Random Battle\n|rated|\n|rule|Species Clause: Limit one of each Pok\u00e9mon\n|rule|HP Percentage Mod: HP is shown in percentages\n|rule|Sleep Clause Mod: Limit one foe put to sleep\n|rule|Illusion Level Mod: Illusion disguises the Pok\u00e9mon's true level\n|\n|t:|1781384672\n|teamsize|p1|6\n|teamsize|p2|6\n|start\n|switch|p1a: Ceruledge|Ceruledge, L78, M|245/245\n|switch|p2a: Umbreon|Umbreon, L84, F|297/297\n|turn|1\n|\n|t:|1781384697\n|move|p1a: Ceruledge|Swords Dance|p1a: Ceruledge\n|-boost|p1a: Ceruledge|atk|2\n|move|p2a: Umbreon|Toxic|p1a: Ceruledge\n|-status|p1a: Ceruledge|tox\n|\n|-damage|p1a: Ceruledge|230/245 tox|[from] psn\n|upkeep\n|turn|2\n|\n|t:|1781384708\n|move|p1a: Ceruledge|Close Combat|p2a: Umbreon\n|-supereffective|p2a: Umbreon\n|-damage|p2a: Umbreon|0 fnt\n|-unboost|p1a: Ceruledge|def|1\n|-unboost|p1a: Ceruledge|spd|1\n|faint|p2a: Umbreon\n|\n|-damage|p1a: Ceruledge|200/245 tox|[from] psn\n|upkeep\n|\n|t:|1781384720\n|switch|p2a: Altaria|Altaria, L89, F|278/278\n|turn|3\n|\n|t:|1781384725\n|move|p2a: Altaria|Earthquake|p1a: Ceruledge\n|-supereffective|p1a: Ceruledge\n|-damage|p1a: Ceruledge|0 fnt\n|faint|p1a: Ceruledge\n|\n|upkeep\n|\n|t:|1781384729\n|switch|p1a: Glastrier|Glastrier, L86|312/312\n|turn|4\n|\n|t:|1781384756\n|switch|p2a: Heatran|Heatran, L79, F|273/273\n|-item|p2a: Heatran|Air Balloon\n|move|p1a: Glastrier|Swords Dance|p1a: Glastrier\n|-boost|p1a: Glastrier|atk|2\n|\n|upkeep\n|turn|5\n|\n|t:|1781384760\n|move|p2a: Heatran|Magma Storm|p1a: Glastrier\n|-supereffective|p1a: Glastrier\n|-damage|p1a: Glastrier|108/312\n|-activate|p1a: Glastrier|move: Magma Storm|[of] p2a: Heatran\n|move|p1a: Glastrier|Close Combat|p2a: Heatran\n|-supereffective|p2a: Heatran\n|-damage|p2a: Heatran|0 fnt\n|-unboost|p1a: Glastrier|def|1\n|-unboost|p1a: Glastrier|spd|1\n|-enditem|p2a: Heatran|Air Balloon\n|faint|p2a: Heatran\n|-ability|p1a: Glastrier|Chilling Neigh|boost\n|-boost|p1a: Glastrier|atk|1\n|\n|-end|p1a: Glastrier|Magma Storm|[partiallytrapped]|[silent]\n|upkeep\n|\n|t:|1781384767\n|switch|p2a: Gardevoir|Gardevoir, L83, M|249/249\n|-ability|p2a: Gardevoir|Chilling Neigh|Trace|[from] ability: Trace|[of] p1a: Glastrier\n|turn|6\n|\n|t:|1781384778\n|move|p2a: Gardevoir|Moonblast|p1a: Glastrier\n|-damage|p1a: Glastrier|0 fnt\n|faint|p1a: Glastrier\n|-ability|p2a: Gardevoir|Chilling Neigh|boost\n|-boost|p2a: Gardevoir|atk|1\n|\n|upkeep\n|\n|t:|1781384785\n|switch|p1a: Slowbro|Slowbro-Galar, L87, M|307/307\n|turn|7\n|\n|t:|1781384792\n|switch|p2a: Venomoth|Venomoth, L84, F|255/255\n|move|p1a: Slowbro|Shell Side Arm|p2a: Venomoth|[anim] Shell Side Arm Physical\n|-resisted|p2a: Venomoth\n|-damage|p2a: Venomoth|186/255\n|-hint|Physical Shell Side Arm\n|\n|upkeep\n|turn|8\n|\n|t:|1781384800\n|switch|p1a: Wigglytuff|Wigglytuff, L96, M|424/424\n|move|p2a: Venomoth|Sleep Powder|p1a: Wigglytuff\n|-status|p1a: Wigglytuff|slp|[from] move: Sleep Powder\n|\n|upkeep\n|turn|9\n|\n|t:|1781384808\n|switch|p1a: Passimian|Passimian, L83, F|302/302\n|move|p2a: Venomoth|Quiver Dance|p2a: Venomoth\n|-boost|p2a: Venomoth|spa|1\n|-boost|p2a: Venomoth|spd|1\n|-boost|p2a: Venomoth|spe|1\n|\n|upkeep\n|turn|10\n|\n|t:|1781384812\n|move|p2a: Venomoth|Sludge Wave|p1a: Passimian\n|-damage|p1a: Passimian|112/302\n|move|p1a: Passimian|Rock Slide|p2a: Venomoth\n|-supereffective|p2a: Venomoth\n|-damage|p2a: Venomoth|0 fnt\n|faint|p2a: Venomoth\n|\n|upkeep\n|\n|t:|1781384825\n|switch|p2a: Dedenne|Dedenne, L88, F|261/261\n|turn|11\n|\n|t:|1781384835\n|move|p2a: Dedenne|Thunderbolt|p1a: Passimian\n|-damage|p1a: Passimian|0 fnt\n|faint|p1a: Passimian\n|\n|upkeep\n|\n|t:|1781384838\n|switch|p1a: Slowbro|Slowbro-Galar, L87, M|307/307\n|turn|12\n|\n|t:|1781384845\n|move|p2a: Dedenne|Super Fang|p1a: Slowbro\n|-damage|p1a: Slowbro|154/307\n|-damage|p2a: Dedenne|218/261|[from] item: Rocky Helmet|[of] p1a: Slowbro\n|move|p1a: Slowbro|Shell Side Arm|p2a: Dedenne|[anim] Shell Side Arm Physical\n|-supereffective|p2a: Dedenne\n|-damage|p2a: Dedenne|0 fnt\n|-hint|Physical Shell Side Arm\n|faint|p2a: Dedenne\n|\n|upkeep\n|\n|t:|1781384852\n|switch|p2a: Altaria|Altaria, L89, F|278/278\n|turn|13\n|\n|t:|1781384855\n|-terastallize|p2a: Altaria|Steel\n|move|p2a: Altaria|Dragon Dance|p2a: Altaria\n|-boost|p2a: Altaria|atk|1\n|-boost|p2a: Altaria|spe|1\n|move|p1a: Slowbro|Slack Off|p1a: Slowbro\n|-heal|p1a: Slowbro|307/307\n|\n|upkeep\n|turn|14\n|\n|t:|1781384859\n|move|p2a: Altaria|Dragon Dance|p2a: Altaria\n|-boost|p2a: Altaria|atk|1\n|-boost|p2a: Altaria|spe|1\n|move|p1a: Slowbro|Fire Blast|p2a: Altaria\n|-supereffective|p2a: Altaria\n|-damage|p2a: Altaria|146/278\n|-status|p2a: Altaria|brn\n|\n|-damage|p2a: Altaria|129/278 brn|[from] brn\n|upkeep\n|turn|15\n|\n|t:|1781384865\n|move|p2a: Altaria|Roost|p2a: Altaria\n|-heal|p2a: Altaria|268/278 brn\n|move|p1a: Slowbro|Fire Blast|p2a: Altaria\n|-supereffective|p2a: Altaria\n|-damage|p2a: Altaria|116/278 brn\n|\n|-damage|p2a: Altaria|99/278 brn|[from] brn\n|upkeep\n|turn|16\n|\n|t:|1781384871\n|move|p2a: Altaria|Roost|p2a: Altaria\n|-heal|p2a: Altaria|238/278 brn\n|move|p1a: Slowbro|Fire Blast|p2a: Altaria\n|-supereffective|p2a: Altaria\n|-damage|p2a: Altaria|100/278 brn\n|\n|-damage|p2a: Altaria|83/278 brn|[from] brn\n|upkeep\n|turn|17\n|\n|t:|1781384877\n|move|p2a: Altaria|Roost|p2a: Altaria\n|-heal|p2a: Altaria|222/278 brn\n|move|p1a: Slowbro|Fire Blast|p2a: Altaria\n|-supereffective|p2a: Altaria\n|-damage|p2a: Altaria|70/278 brn\n|\n|-damage|p2a: Altaria|53/278 brn|[from] brn\n|upkeep\n|turn|18\n|\n|t:|1781384883\n|move|p2a: Altaria|Roost|p2a: Altaria\n|-heal|p2a: Altaria|192/278 brn\n|move|p1a: Slowbro|Fire Blast|p2a: Altaria\n|-supereffective|p2a: Altaria\n|-damage|p2a: Altaria|62/278 brn\n|\n|-damage|p2a: Altaria|45/278 brn|[from] brn\n|upkeep\n|turn|19\n|\n|t:|1781384894\n|move|p2a: Altaria|Roost|p2a: Altaria\n|-heal|p2a: Altaria|184/278 brn\n|move|p1a: Slowbro|Fire Blast|p2a: Altaria\n|-supereffective|p2a: Altaria\n|-damage|p2a: Altaria|40/278 brn\n|\n|-damage|p2a: Altaria|23/278 brn|[from] brn\n|upkeep\n|turn|20\n|\n|t:|1781384900\n|move|p2a: Altaria|Roost|p2a: Altaria\n|-heal|p2a: Altaria|162/278 brn\n|move|p1a: Slowbro|Fire Blast|p2a: Altaria\n|-supereffective|p2a: Altaria\n|-damage|p2a: Altaria|12/278 brn\n|\n|-damage|p2a: Altaria|0 fnt|[from] brn\n|faint|p2a: Altaria\n|upkeep\n|-message|darkiway forfeited.\n|\n|win|Axelace\n|raw|Axelace's rating: 2080 &rarr; <strong>2094</strong><br />(+14 for winning)\n|raw|darkiway's rating: 1966 &rarr; <strong>1952</strong><br />(-14 for losing)\n", "inputlog": ">version a8376a258c1d4662feba110a92103f3664a72141\n>start {\"formatid\":\"gen9randombattle\",\"seed\":\"sodium,7ec7adce9acf63268199511a78b668ac\",\"rated\":\"Rated battle\"}\n>player p1 {\"name\":\"Axelace\",\"avatar\":\"riley\",\"rating\":2080,\"seed\":\"sodium,18640ddcaa7018419ca8bf15b83e9772\"}\n>player p2 {\"name\":\"darkiway\",\"avatar\":\"lady\",\"rating\":1966,\"seed\":\"sodium,4c3b02b95c15bf518d5d1d48c8a569e4\"}\n>p1 move swordsdance\n>p2 move toxic\n>p1 move closecombat\n>p2 move foulplay\n>p2 switch 6\n>p1 move poltergeist\n>p2 move earthquake\n>p1 switch 4\n>p1 move swordsdance\n>p2 switch 2\n>p1 move closecombat\n>p2 move magmastorm\n>p2 switch 3\n>p1 move heavyslam\n>p2 move moonblast\n>p1 switch 5\n>p1 move shellsidearm\n>p2 switch 5\n>p1 switch 6\n>p2 move sleeppowder\n>p1 switch 3\n>p2 move quiverdance\n>p1 move rockslide\n>p2 move sludgewave\n>p2 switch 4\n>p1 move rockslide\n>p2 move thunderbolt\n>p1 switch 6\n>p1 move shellsidearm\n>p2 move superfang\n>p2 switch 2\n>p1 move slackoff\n>p2 move dragondance terastallize\n>p1 move fireblast\n>p2 move dragondance\n>p1 move fireblast\n>p2 move roost\n>p1 move fireblast\n>p2 move roost\n>p1 move fireblast\n>p2 move roost\n>p1 move fireblast\n>p2 move roost\n>p1 move fireblast\n>p2 move roost\n>p1 move fireblast\n>p2 move roost\n>forcelose p2", "uploadtime": 1781384674, "views": 13, "formatid": "gen9randombattle", "rating": 1952, "private": 0, "password": null}