{"id": "gen9randombattle-2631527603", "format": "[Gen 9] Random Battle", "players": ["AyoIsThatMvdnvght", "SoraBlairheart"], "log": "|j|\u2606AyoIsThatMvdnvght\n|j|\u2606SoraBlairheart\n|t:|1781396865\n|gametype|singles\n|player|p1|AyoIsThatMvdnvght|corbeau|\n|player|p2|SoraBlairheart|101|\n|gen|9\n|tier|[Gen 9] Random Battle\n|rule|Species Clause: Limit one of each Pok\u00e9mon\n|rule|HP Percentage Mod: HP is shown in percentages\n|rule|Sleep Clause Mod: Limit one foe put to sleep\n|rule|Illusion Level Mod: Illusion disguises the Pok\u00e9mon's true level\n|\n|t:|1781396865\n|teamsize|p1|6\n|teamsize|p2|6\n|start\n|switch|p1a: Meowscarada|Meowscarada, L78, M|247/247\n|switch|p2a: Meganium|Meganium, L90, F|290/290\n|turn|1\n|inactive|Battle timer is ON: inactive players will automatically lose when time's up. (requested by AyoIsThatMvdnvght)\n|\n|t:|1781396881\n|switch|p2a: Zamazenta|Zamazenta-Crowned, L68|238/238\n|-ability|p2a: Zamazenta|Dauntless Shield|boost\n|-boost|p2a: Zamazenta|def|1\n|move|p1a: Meowscarada|Toxic Spikes|p2a: Zamazenta\n|-start|p1a: Meowscarada|typechange|Poison|[from] ability: Protean\n|-sidestart|p2: SoraBlairheart|move: Toxic Spikes\n|\n|upkeep\n|turn|2\n|\n|t:|1781396894\n|move|p1a: Meowscarada|Toxic Spikes|p2a: Zamazenta\n|-sidestart|p2: SoraBlairheart|move: Toxic Spikes\n|move|p2a: Zamazenta|Stone Edge|p1a: Meowscarada\n|-damage|p1a: Meowscarada|173/247\n|\n|upkeep\n|turn|3\n|\n|t:|1781396908\n|move|p1a: Meowscarada|Flower Trick|p2a: Zamazenta\n|-resisted|p2a: Zamazenta\n|-crit|p2a: Zamazenta\n|-damage|p2a: Zamazenta|209/238\n|move|p2a: Zamazenta|Heavy Slam|p1a: Meowscarada\n|-damage|p1a: Meowscarada|52/247\n|\n|upkeep\n|turn|4\n|\n|t:|1781396921\n|move|p1a: Meowscarada|Flower Trick|p2a: Zamazenta\n|-resisted|p2a: Zamazenta\n|-crit|p2a: Zamazenta\n|-damage|p2a: Zamazenta|176/238\n|move|p2a: Zamazenta|Iron Defense|p2a: Zamazenta\n|-boost|p2a: Zamazenta|def|2\n|\n|upkeep\n|turn|5\n|\n|t:|1781396933\n|move|p1a: Meowscarada|Knock Off|p2a: Zamazenta\n|-resisted|p2a: Zamazenta\n|-damage|p2a: Zamazenta|168/238\n|move|p2a: Zamazenta|Body Press|p1a: Meowscarada\n|-resisted|p1a: Meowscarada\n|-damage|p1a: Meowscarada|0 fnt\n|faint|p1a: Meowscarada\n|\n|upkeep\n|\n|t:|1781396944\n|switch|p1a: Jolteon|Jolteon, L84, M|246/246\n|turn|6\n|\n|t:|1781396952\n|move|p1a: Jolteon|Alluring Voice|p2a: Zamazenta\n|-damage|p2a: Zamazenta|99/238\n|-damage|p1a: Jolteon|222/246|[from] item: Life Orb\n|move|p2a: Zamazenta|Body Press|p1a: Jolteon\n|-damage|p1a: Jolteon|0 fnt\n|faint|p1a: Jolteon\n|\n|upkeep\n|\n|t:|1781396963\n|switch|p1a: Basculegion|Basculegion, L80, M|323/323\n|turn|7\n|\n|t:|1781396972\n|move|p2a: Zamazenta|Stone Edge|p1a: Basculegion\n|-damage|p1a: Basculegion|253/323\n|move|p1a: Basculegion|Wave Crash|p2a: Zamazenta\n|-damage|p2a: Zamazenta|41/238\n|-damage|p1a: Basculegion|234/323|[from] Recoil\n|\n|upkeep\n|turn|8\n|\n|t:|1781396983\n|-terastallize|p1a: Basculegion|Water\n|move|p1a: Basculegion|Aqua Jet|p2a: Zamazenta\n|-damage|p2a: Zamazenta|16/238\n|move|p2a: Zamazenta|Stone Edge|p1a: Basculegion\n|-damage|p1a: Basculegion|160/323\n|\n|upkeep\n|turn|9\n|\n|t:|1781396993\n|move|p2a: Zamazenta|Body Press|p1a: Basculegion\n|-damage|p1a: Basculegion|0 fnt\n|faint|p1a: Basculegion\n|\n|upkeep\n|\n|t:|1781397001\n|switch|p1a: Electivire|Electivire, L84, M|263/263\n|turn|10\n|\n|t:|1781397012\n|move|p2a: Zamazenta|Body Press|p1a: Electivire\n|-damage|p1a: Electivire|52/263\n|move|p1a: Electivire|Supercell Slam|p2a: Zamazenta\n|-damage|p2a: Zamazenta|0 fnt\n|faint|p2a: Zamazenta\n|-damage|p1a: Electivire|26/263|[from] item: Life Orb\n|\n|upkeep\n|inactive|SoraBlairheart has 270 seconds left.\n|\n|t:|1781397043\n|switch|p2a: Tornadus|Tornadus-Therian, L79, M|254/254\n|turn|11\n|inactive|SoraBlairheart has 270 seconds left.\n|\n|t:|1781397049\n|move|p2a: Tornadus|Knock Off|p1a: Electivire\n|-damage|p1a: Electivire|0 fnt\n|-enditem|p1a: Electivire|Life Orb|[from] move: Knock Off|[of] p2a: Tornadus\n|faint|p1a: Electivire\n|\n|upkeep\n|\n|t:|1781397055\n|switch|p1a: Oranguru|Oranguru, L92, F|315/315\n|turn|12\n|\n|t:|1781397065\n|move|p2a: Tornadus|Knock Off|p1a: Oranguru\n|-supereffective|p1a: Oranguru\n|-damage|p1a: Oranguru|187/315\n|-enditem|p1a: Oranguru|Leftovers|[from] move: Knock Off|[of] p2a: Tornadus\n|move|p1a: Oranguru|Nasty Plot|p1a: Oranguru\n|-boost|p1a: Oranguru|spa|2\n|\n|upkeep\n|turn|13\n|\n|t:|1781397074\n|move|p2a: Tornadus|Bleakwind Storm|p1a: Oranguru\n|-damage|p1a: Oranguru|114/315\n|-unboost|p1a: Oranguru|spe|1\n|move|p1a: Oranguru|Thunderbolt|p2a: Tornadus\n|-supereffective|p2a: Tornadus\n|-crit|p2a: Tornadus\n|-damage|p2a: Tornadus|0 fnt\n|faint|p2a: Tornadus\n|\n|upkeep\n|\n|t:|1781397089\n|switch|p2a: Qwilfish|Qwilfish-Hisui, L83, M|244/244\n|-sideend|p2: SoraBlairheart|move: Toxic Spikes|[of] p2a: Qwilfish\n|-ability|p2a: Qwilfish|Intimidate|boost\n|-fail|p1a: Oranguru|unboost|Attack|[from] ability: Inner Focus|[of] p1a: Oranguru\n|turn|14\n|\n|t:|1781397102\n|move|p2a: Qwilfish|Crunch|p1a: Oranguru\n|-supereffective|p1a: Oranguru\n|-damage|p1a: Oranguru|0 fnt\n|faint|p1a: Oranguru\n|\n|upkeep\n|\n|t:|1781397108\n|switch|p1a: Torkoal|Torkoal, L88, M|266/266\n|-weather|SunnyDay|[from] ability: Drought|[of] p1a: Torkoal\n|turn|15\n|\n|t:|1781397118\n|move|p2a: Qwilfish|Gunk Shot|p1a: Torkoal\n|-damage|p1a: Torkoal|190/266\n|-status|p1a: Torkoal|psn\n|move|p1a: Torkoal|Rapid Spin|p2a: Qwilfish\n|-damage|p2a: Qwilfish|220/244\n|-boost|p1a: Torkoal|spe|1\n|\n|-weather|SunnyDay|[upkeep]\n|-damage|p1a: Torkoal|157/266 psn|[from] psn\n|upkeep\n|turn|16\n|\n|t:|1781397132\n|move|p2a: Qwilfish|Spikes|p1a: Torkoal\n|-sidestart|p1: AyoIsThatMvdnvght|Spikes\n|move|p1a: Torkoal|Lava Plume|p2a: Qwilfish\n|-damage|p2a: Qwilfish|96/244\n|\n|-weather|SunnyDay|[upkeep]\n|-damage|p1a: Torkoal|124/266 psn|[from] psn\n|upkeep\n|turn|17\n|\n|t:|1781397139\n|move|p2a: Qwilfish|Crunch|p1a: Torkoal\n|-damage|p1a: Torkoal|67/266 psn\n|move|p1a: Torkoal|Lava Plume|p2a: Qwilfish\n|-damage|p2a: Qwilfish|0 fnt\n|faint|p2a: Qwilfish\n|\n|-weather|SunnyDay|[upkeep]\n|-damage|p1a: Torkoal|34/266 psn|[from] psn\n|upkeep\n|\n|t:|1781397149\n|switch|p2a: Hydrapple|Hydrapple, L83, M|312/312\n|turn|18\n|\n|t:|1781397161\n|move|p1a: Torkoal|Lava Plume|p2a: Hydrapple\n|-damage|p2a: Hydrapple|183/312\n|move|p2a: Hydrapple|Nasty Plot|p2a: Hydrapple\n|-boost|p2a: Hydrapple|spa|2\n|\n|-weather|SunnyDay|[upkeep]\n|-heal|p2a: Hydrapple|202/312|[from] item: Leftovers\n|-damage|p1a: Torkoal|1/266 psn|[from] psn\n|upkeep\n|turn|19\n|\n|t:|1781397172\n|move|p1a: Torkoal|Lava Plume|p2a: Hydrapple\n|-damage|p2a: Hydrapple|58/312\n|-status|p2a: Hydrapple|brn\n|move|p2a: Hydrapple|Fickle Beam|p1a: Torkoal|[anim] Fickle Beam All Out\n|-activate|p2a: Hydrapple|move: Fickle Beam\n|-damage|p1a: Torkoal|0 fnt\n|faint|p1a: Torkoal\n|\n|win|SoraBlairheart\n|l|\u2606AyoIsThatMvdnvght\n|player|p1|\n", "inputlog": ">version a8376a258c1d4662feba110a92103f3664a72141\n>start {\"formatid\":\"gen9randombattle\",\"seed\":\"sodium,5f5ec21f780b9f4e78f4344a461ae29a\"}\n>player p1 {\"name\":\"AyoIsThatMvdnvght\",\"avatar\":\"corbeau\",\"rating\":0,\"seed\":\"sodium,be2ee76880c977291ce02b24253f341c\"}\n>player p2 {\"name\":\"SoraBlairheart\",\"avatar\":\"101\",\"rating\":0,\"seed\":\"sodium,ea53672b7e40b04b315cfe5b8f22890d\"}\n>p1 move toxicspikes\n>p2 switch 4\n>p1 move toxicspikes\n>p2 move stoneedge\n>p1 move flowertrick\n>p2 move heavyslam\n>p1 move flowertrick\n>p2 move irondefense\n>p1 move knockoff\n>p2 move bodypress\n>p1 switch 2\n>p1 move alluringvoice\n>p2 move bodypress\n>p1 switch 6\n>p1 move wavecrash\n>p2 move stoneedge\n>p1 move aquajet terastallize\n>p2 move stoneedge\n>p1 move shadowball\n>p2 move bodypress\n>p1 switch 3\n>p1 move supercellslam\n>p2 move bodypress\n>p2 switch 6\n>p1 move supercellslam\n>p2 move knockoff\n>p1 switch 4\n>p1 move nastyplot\n>p2 move knockoff\n>p1 move thunderbolt\n>p2 move bleakwindstorm\n>p2 switch 3\n>p1 move focusblast\n>p2 move crunch\n>p1 switch 5\n>p1 move rapidspin\n>p2 move gunkshot\n>p1 move lavaplume\n>p2 move spikes\n>p1 move lavaplume\n>p2 move crunch\n>p2 switch 5\n>p1 move lavaplume\n>p2 move nastyplot\n>p1 move lavaplume\n>p2 move ficklebeam", "uploadtime": 1781397206, "views": 5, "formatid": "gen9randombattle", "rating": null, "private": 0, "password": null}