{"id": "gen9randombattle-2631785862", "format": "[Gen 9] Random Battle", "players": ["jsjsiis", "mishaji.denji"], "log": "|j|\u2606jsjsiis\n|j|\u2606mishaji.denji\n|t:|1781439395\n|gametype|singles\n|player|p1|jsjsiis|1|1985\n|player|p2|mishaji.denji|n|2009\n|gen|9\n|tier|[Gen 9] Random Battle\n|rated|\n|rule|Species Clause: Limit one of each Pok\u00e9mon\n|rule|HP Percentage Mod: HP is shown in percentages\n|rule|Sleep Clause Mod: Limit one foe put to sleep\n|rule|Illusion Level Mod: Illusion disguises the Pok\u00e9mon's true level\n|\n|t:|1781439395\n|teamsize|p1|6\n|teamsize|p2|6\n|start\n|switch|p1a: Medicham|Medicham, L86, F|243/243\n|switch|p2a: Conkeldurr|Conkeldurr, L80, F|299/299\n|turn|1\n|inactive|Battle timer is ON: inactive players will automatically lose when time's up. (requested by jsjsiis)\n|\n|t:|1781439407\n|switch|p2a: Lokix|Lokix, L82, M|251/251\n|move|p1a: Medicham|Zen Headbutt|p2a: Lokix\n|-immune|p2a: Lokix\n|\n|upkeep\n|turn|2\n|\n|t:|1781439415\n|switch|p1a: Urshifu|Urshifu-Rapid-Strike, L75, M|274/274\n|move|p2a: Lokix|First Impression|p1a: Urshifu\n|-resisted|p1a: Urshifu\n|-damage|p1a: Urshifu|157/274\n|-damage|p2a: Lokix|226/251|[from] item: Life Orb\n|\n|upkeep\n|turn|3\n|\n|t:|1781439423\n|move|p2a: Lokix|Leech Life|p1a: Urshifu\n|-resisted|p1a: Urshifu\n|-damage|p1a: Urshifu|45/274\n|-heal|p2a: Lokix|251/251|[from] drain|[of] p1a: Urshifu\n|-damage|p2a: Lokix|226/251|[from] item: Life Orb\n|move|p1a: Urshifu|Surging Strikes|p2a: Lokix\n|-crit|p2a: Lokix\n|-damage|p2a: Lokix|164/251\n|-crit|p2a: Lokix\n|-damage|p2a: Lokix|102/251\n|-crit|p2a: Lokix\n|-damage|p2a: Lokix|42/251\n|-hitcount|p2a: Lokix|3\n|-damage|p1a: Urshifu|18/274|[from] item: Life Orb\n|\n|upkeep\n|turn|4\n|\n|t:|1781439431\n|move|p2a: Lokix|Sucker Punch|p1a: Urshifu\n|-resisted|p1a: Urshifu\n|-damage|p1a: Urshifu|0 fnt\n|faint|p1a: Urshifu\n|-damage|p2a: Lokix|17/251|[from] item: Life Orb\n|\n|upkeep\n|\n|t:|1781439441\n|switch|p1a: Lycanroc|Lycanroc-Dusk, L81, M|254/254\n|turn|5\n|\n|t:|1781439446\n|switch|p2a: Conkeldurr|Conkeldurr, L80, F|299/299\n|move|p1a: Lycanroc|Accelerock|p2a: Conkeldurr\n|-resisted|p2a: Conkeldurr\n|-damage|p2a: Conkeldurr|264/299\n|-damage|p1a: Lycanroc|229/254|[from] item: Life Orb\n|\n|-status|p2a: Conkeldurr|brn|[from] item: Flame Orb\n|upkeep\n|turn|6\n|\n|t:|1781439457\n|move|p2a: Conkeldurr|Mach Punch|p1a: Lycanroc\n|-supereffective|p1a: Lycanroc\n|-damage|p1a: Lycanroc|35/254\n|move|p1a: Lycanroc|Close Combat|p2a: Conkeldurr\n|-damage|p2a: Conkeldurr|100/299 brn\n|-unboost|p1a: Lycanroc|def|1\n|-unboost|p1a: Lycanroc|spd|1\n|-damage|p1a: Lycanroc|10/254|[from] item: Life Orb\n|\n|-damage|p2a: Conkeldurr|82/299 brn|[from] brn\n|upkeep\n|turn|7\n|\n|t:|1781439461\n|move|p1a: Lycanroc|Accelerock|p2a: Conkeldurr\n|-resisted|p2a: Conkeldurr\n|-damage|p2a: Conkeldurr|44/299 brn\n|-damage|p1a: Lycanroc|0 fnt|[from] item: Life Orb\n|faint|p1a: Lycanroc\n|move|p2a: Conkeldurr|Mach Punch|p1: Lycanroc|[notarget]\n|-fail|p2a: Conkeldurr\n|\n|-damage|p2a: Conkeldurr|26/299 brn|[from] brn\n|upkeep\n|\n|t:|1781439470\n|switch|p1a: Electrode|Electrode, L92|260/260\n|turn|8\n|\n|t:|1781439474\n|move|p2a: Conkeldurr|Mach Punch|p1a: Electrode\n|-damage|p1a: Electrode|169/260\n|move|p1a: Electrode|Thunderbolt|p2a: Conkeldurr\n|-damage|p2a: Conkeldurr|0 fnt\n|faint|p2a: Conkeldurr\n|-damage|p1a: Electrode|143/260|[from] item: Life Orb\n|\n|upkeep\n|\n|t:|1781439480\n|switch|p2a: Kricketune|Kricketune, L99, F|312/312\n|turn|9\n|\n|t:|1781439485\n|move|p1a: Electrode|Thunderbolt|p2a: Kricketune\n|-damage|p2a: Kricketune|152/312\n|-damage|p1a: Electrode|117/260|[from] item: Life Orb\n|move|p2a: Kricketune|Pounce|p1a: Electrode\n|-damage|p1a: Electrode|6/260\n|-unboost|p1a: Electrode|spe|1\n|\n|upkeep\n|turn|10\n|\n|t:|1781439488\n|move|p1a: Electrode|Explosion|p2a: Kricketune\n|-damage|p2a: Kricketune|0 fnt\n|faint|p1a: Electrode\n|faint|p2a: Kricketune\n|\n|upkeep\n|\n|t:|1781439495\n|switch|p1a: Muk|Muk-Alola, L82, M|306/306\n|switch|p2a: Lokix|Lokix, L82, M|17/251\n|turn|11\n|\n|t:|1781439500\n|switch|p2a: Dragalge|Dragalge, L88, M|258/258\n|move|p1a: Muk|Shadow Sneak|p2a: Dragalge\n|-damage|p2a: Dragalge|233/258\n|\n|upkeep\n|turn|12\n|\n|t:|1781439503\n|move|p1a: Muk|Knock Off|p2a: Dragalge\n|-damage|p2a: Dragalge|139/258\n|-enditem|p2a: Dragalge|Assault Vest|[from] move: Knock Off|[of] p1a: Muk\n|move|p2a: Dragalge|Dragon Tail|p1a: Muk|[miss]\n|-miss|p2a: Dragalge|p1a: Muk\n|\n|upkeep\n|turn|13\n|\n|t:|1781439507\n|move|p1a: Muk|Knock Off|p2a: Dragalge\n|-damage|p2a: Dragalge|67/258\n|move|p2a: Dragalge|Dragon Tail|p1a: Muk\n|-crit|p1a: Muk\n|-damage|p1a: Muk|172/306\n|drag|p1a: Regigigas|Regigigas, L84|322/322\n|-start|p1a: Regigigas|ability: Slow Start\n|\n|upkeep\n|turn|14\n|\n|t:|1781439517\n|move|p2a: Dragalge|Focus Blast|p1a: Regigigas\n|-supereffective|p1a: Regigigas\n|-damage|p1a: Regigigas|162/322\n|move|p1a: Regigigas|Body Slam|p2a: Dragalge\n|-damage|p2a: Dragalge|7/258\n|\n|-heal|p1a: Regigigas|182/322|[from] item: Leftovers\n|upkeep\n|turn|15\n|\n|t:|1781439525\n|move|p2a: Dragalge|Draco Meteor|p1a: Regigigas\n|-damage|p1a: Regigigas|4/322\n|-unboost|p2a: Dragalge|spa|2\n|move|p1a: Regigigas|Rest|p1a: Regigigas\n|-status|p1a: Regigigas|slp|[from] move: Rest\n|-heal|p1a: Regigigas|322/322 slp|[silent]\n|\n|upkeep\n|turn|16\n|\n|t:|1781439529\n|cant|p1a: Regigigas|slp\n|move|p1a: Regigigas|Sleep Talk|p1a: Regigigas\n|move|p1a: Regigigas|Body Slam|p2a: Dragalge|[from] move: Sleep Talk\n|-damage|p2a: Dragalge|0 fnt\n|faint|p2a: Dragalge\n|\n|upkeep\n|\n|t:|1781439532\n|switch|p2a: Lokix|Lokix, L82, M|17/251\n|turn|17\n|\n|t:|1781439534\n|-terastallize|p2a: Lokix|Bug\n|move|p2a: Lokix|Leech Life|p1a: Regigigas\n|-damage|p1a: Regigigas|195/322 slp\n|-heal|p2a: Lokix|81/251|[from] drain|[of] p1a: Regigigas\n|-damage|p2a: Lokix|56/251|[from] item: Life Orb\n|cant|p1a: Regigigas|slp\n|move|p1a: Regigigas|Sleep Talk|p1a: Regigigas\n|move|p1a: Regigigas|Body Slam|p2a: Lokix|[from] move: Sleep Talk\n|-damage|p2a: Lokix|0 fnt\n|faint|p2a: Lokix\n|\n|-heal|p1a: Regigigas|215/322 slp|[from] item: Leftovers\n|upkeep\n|\n|t:|1781439543\n|switch|p2a: Terrakion|Terrakion, L79|273/273\n|turn|18\n|\n|t:|1781439549\n|-terastallize|p1a: Regigigas|Ghost\n|move|p2a: Terrakion|Close Combat|p1a: Regigigas\n|-immune|p1a: Regigigas\n|-curestatus|p1a: Regigigas|slp|[msg]\n|move|p1a: Regigigas|Body Slam|p2a: Terrakion\n|-resisted|p2a: Terrakion\n|-damage|p2a: Terrakion|239/273\n|\n|-heal|p1a: Regigigas|235/322|[from] item: Leftovers\n|-end|p1a: Regigigas|Slow Start\n|upkeep\n|turn|19\n|\n|t:|1781439556\n|switch|p2a: Sylveon|Sylveon, L85, F|300/300\n|move|p1a: Regigigas|Body Slam|p2a: Sylveon\n|-damage|p2a: Sylveon|147/300\n|\n|-heal|p1a: Regigigas|255/322|[from] item: Leftovers\n|-heal|p2a: Sylveon|165/300|[from] item: Leftovers\n|upkeep\n|turn|20\n|\n|t:|1781439560\n|move|p2a: Sylveon|Protect|p2a: Sylveon\n|-singleturn|p2a: Sylveon|Protect\n|move|p1a: Regigigas|Body Slam|p2a: Sylveon\n|-activate|p2a: Sylveon|move: Protect\n|\n|-heal|p1a: Regigigas|275/322|[from] item: Leftovers\n|-heal|p2a: Sylveon|183/300|[from] item: Leftovers\n|upkeep\n|turn|21\n|\n|t:|1781439562\n|move|p1a: Regigigas|Knock Off|p2a: Sylveon\n|-resisted|p2a: Sylveon\n|-damage|p2a: Sylveon|118/300\n|-enditem|p2a: Sylveon|Leftovers|[from] move: Knock Off|[of] p1a: Regigigas\n|move|p2a: Sylveon|Hyper Voice|p1a: Regigigas\n|-damage|p1a: Regigigas|173/322\n|\n|-heal|p1a: Regigigas|193/322|[from] item: Leftovers\n|upkeep\n|turn|22\n|\n|t:|1781439566\n|move|p1a: Regigigas|Body Slam|p2a: Sylveon\n|-damage|p2a: Sylveon|0 fnt\n|faint|p2a: Sylveon\n|\n|-heal|p1a: Regigigas|213/322|[from] item: Leftovers\n|upkeep\n|\n|t:|1781439568\n|switch|p2a: Terrakion|Terrakion, L79|239/273\n|turn|23\n|\n|t:|1781439570\n|move|p1a: Regigigas|Body Slam|p2a: Terrakion\n|-resisted|p2a: Terrakion\n|-damage|p2a: Terrakion|170/273\n|move|p2a: Terrakion|Stone Edge|p1a: Regigigas\n|-damage|p1a: Regigigas|71/322\n|\n|-heal|p1a: Regigigas|91/322|[from] item: Leftovers\n|upkeep\n|turn|24\n|\n|t:|1781439576\n|move|p2a: Terrakion|Stone Edge|p1a: Regigigas\n|-damage|p1a: Regigigas|0 fnt\n|faint|p1a: Regigigas\n|-end|p1a: Regigigas|Slow Start|[silent]\n|\n|upkeep\n|\n|t:|1781439579\n|switch|p1a: Muk|Muk-Alola, L82, M|172/306\n|turn|25\n|\n|t:|1781439581\n|move|p2a: Terrakion|Stone Edge|p1a: Muk\n|-damage|p1a: Muk|0 fnt\n|faint|p1a: Muk\n|\n|upkeep\n|\n|t:|1781439583\n|switch|p1a: Medicham|Medicham, L86, F|243/243\n|turn|26\n|\n|t:|1781439585\n|move|p1a: Medicham|Close Combat|p2a: Terrakion\n|-supereffective|p2a: Terrakion\n|-damage|p2a: Terrakion|0 fnt\n|-unboost|p1a: Medicham|def|1\n|-unboost|p1a: Medicham|spd|1\n|faint|p2a: Terrakion\n|\n|win|jsjsiis\n", "inputlog": ">version a8376a258c1d4662feba110a92103f3664a72141\n>start {\"formatid\":\"gen9randombattle\",\"seed\":\"sodium,081a6422409a8a62d6d6b3733a2f05cb\",\"rated\":\"Rated battle\"}\n>player p1 {\"name\":\"jsjsiis\",\"avatar\":\"1\",\"rating\":1985,\"seed\":\"sodium,944d2c4e978a8790c6510deaefe1b0a2\"}\n>player p2 {\"name\":\"mishaji.denji\",\"avatar\":\"n\",\"rating\":2009,\"seed\":\"sodium,19e0d08b60249b2e7be91cadb0283983\"}\n>p1 move zenheadbutt\n>p2 switch 3\n>p1 switch 4\n>p2 move firstimpression\n>p1 move surgingstrikes\n>p2 move leechlife\n>p1 move aquajet\n>p2 move suckerpunch\n>p1 switch 6\n>p1 move accelerock\n>p2 switch 3\n>p1 move closecombat\n>p2 move machpunch\n>p1 move accelerock\n>p2 move machpunch\n>p1 switch 2\n>p1 move thunderbolt\n>p2 move machpunch\n>p2 switch 2\n>p1 move thunderbolt\n>p2 move pounce\n>p1 move explosion\n>p2 move stickyweb\n>p1 switch 5\n>p2 switch 3\n>p1 move shadowsneak\n>p2 switch 4\n>p1 move knockoff\n>p2 move dragontail\n>p1 move knockoff\n>p2 move dragontail\n>p1 move bodyslam\n>p2 move focusblast\n>p1 move rest\n>p2 move dracometeor\n>p1 move sleeptalk\n>p2 move dragontail\n>p2 switch 4\n>p1 move sleeptalk\n>p2 move leechlife terastallize\n>p2 switch 5\n>p1 move bodyslam terastallize\n>p2 move closecombat\n>p1 move bodyslam\n>p2 switch 6\n>p1 move bodyslam\n>p2 move protect\n>p1 move knockoff\n>p2 move hypervoice\n>p1 move bodyslam\n>p2 move wish\n>p2 switch 6\n>p1 move bodyslam\n>p2 move stoneedge\n>p1 move bodyslam\n>p2 move stoneedge\n>p1 switch 3\n>p1 move drainpunch\n>p2 move stoneedge\n>p1 switch 4\n>p1 move closecombat\n>p2 move stoneedge", "uploadtime": 1781439398, "views": 4, "formatid": "gen9randombattle", "rating": null, "private": 0, "password": null}