{"id": "gen9randombattle-2631992595", "format": "[Gen 9] Random Battle", "players": ["bros1021", "Wigglystuff"], "log": "|j|\u2606bros1021\n|j|\u2606Wigglystuff\n|t:|1781463673\n|gametype|singles\n|player|p1|bros1021|169|2015\n|player|p2|Wigglystuff|265|2059\n|gen|9\n|tier|[Gen 9] Random Battle\n|rated|\n|rule|Species Clause: Limit one of each Pok\u00e9mon\n|rule|HP Percentage Mod: HP is shown in percentages\n|rule|Sleep Clause Mod: Limit one foe put to sleep\n|rule|Illusion Level Mod: Illusion disguises the Pok\u00e9mon's true level\n|\n|t:|1781463673\n|teamsize|p1|6\n|teamsize|p2|6\n|start\n|switch|p1a: Houndstone|Houndstone, L86, M|264/264\n|switch|p2a: Floatzel|Floatzel, L86, F|286/286\n|turn|1\n|\n|t:|1781463689\n|move|p2a: Floatzel|Crunch|p1a: Houndstone\n|-supereffective|p1a: Houndstone\n|-damage|p1a: Houndstone|173/264\n|move|p1a: Houndstone|Poltergeist|p2a: Floatzel\n|-activate|p2a: Floatzel|move: Poltergeist|Choice Band\n|-damage|p2a: Floatzel|100/286\n|\n|-heal|p1a: Houndstone|189/264|[from] item: Leftovers\n|upkeep\n|turn|2\n|inactive|Battle timer is ON: inactive players will automatically lose when time's up. (requested by bros1021)\n|\n|t:|1781463700\n|move|p2a: Floatzel|Crunch|p1a: Houndstone\n|-supereffective|p1a: Houndstone\n|-damage|p1a: Houndstone|109/264\n|move|p1a: Houndstone|Rest|p1a: Houndstone\n|-status|p1a: Houndstone|slp|[from] move: Rest\n|-heal|p1a: Houndstone|264/264 slp|[silent]\n|\n|upkeep\n|turn|3\n|\n|t:|1781463711\n|move|p2a: Floatzel|Crunch|p1a: Houndstone\n|-supereffective|p1a: Houndstone\n|-damage|p1a: Houndstone|186/264 slp\n|cant|p1a: Houndstone|slp\n|move|p1a: Houndstone|Sleep Talk|p1a: Houndstone\n|move|p1a: Houndstone|Body Press|p2a: Floatzel|[from] move: Sleep Talk\n|-damage|p2a: Floatzel|19/286\n|\n|-heal|p1a: Houndstone|202/264 slp|[from] item: Leftovers\n|upkeep\n|turn|4\n|\n|t:|1781463719\n|move|p2a: Floatzel|Crunch|p1a: Houndstone\n|-supereffective|p1a: Houndstone\n|-damage|p1a: Houndstone|117/264 slp\n|cant|p1a: Houndstone|slp\n|\n|-heal|p1a: Houndstone|133/264 slp|[from] item: Leftovers\n|upkeep\n|turn|5\n|\n|t:|1781463727\n|move|p2a: Floatzel|Crunch|p1a: Houndstone\n|-supereffective|p1a: Houndstone\n|-damage|p1a: Houndstone|55/264 slp\n|-curestatus|p1a: Houndstone|slp|[msg]\n|move|p1a: Houndstone|Rest|p1a: Houndstone\n|-status|p1a: Houndstone|slp|[from] move: Rest\n|-heal|p1a: Houndstone|264/264 slp|[silent]\n|\n|upkeep\n|turn|6\n|\n|t:|1781463738\n|switch|p2a: Hydrapple|Hydrapple, L83, F|312/312\n|cant|p1a: Houndstone|slp\n|move|p1a: Houndstone|Sleep Talk|p1a: Houndstone\n|move|p1a: Houndstone|Body Press|p2a: Hydrapple|[from] move: Sleep Talk\n|-damage|p2a: Hydrapple|261/312\n|\n|upkeep\n|turn|7\n|\n|t:|1781463766\n|switch|p1a: Meganium|Meganium, L90, M|290/290\n|move|p2a: Hydrapple|Nasty Plot|p2a: Hydrapple\n|-boost|p2a: Hydrapple|spa|2\n|\n|upkeep\n|turn|8\n|\n|t:|1781463773\n|move|p1a: Meganium|Swords Dance|p1a: Meganium\n|-boost|p1a: Meganium|atk|2\n|move|p2a: Hydrapple|Fickle Beam|p1a: Meganium\n|-damage|p1a: Meganium|74/290\n|-damage|p2a: Hydrapple|230/312|[from] item: Life Orb\n|\n|-heal|p1a: Meganium|92/290|[from] item: Leftovers\n|upkeep\n|turn|9\n|\n|t:|1781463783\n|move|p1a: Meganium|Knock Off|p2a: Hydrapple\n|-damage|p2a: Hydrapple|109/312\n|-enditem|p2a: Hydrapple|Life Orb|[from] move: Knock Off|[of] p1a: Meganium\n|move|p2a: Hydrapple|Fickle Beam|p1a: Meganium\n|-damage|p1a: Meganium|0 fnt\n|faint|p1a: Meganium\n|\n|upkeep\n|\n|t:|1781463788\n|switch|p1a: Meloetta|Meloetta, L82|298/298\n|turn|10\n|\n|t:|1781463794\n|move|p1a: Meloetta|Psyshock|p2a: Hydrapple\n|-damage|p2a: Hydrapple|0 fnt\n|faint|p2a: Hydrapple\n|\n|upkeep\n|\n|t:|1781463804\n|switch|p2a: Lugia|Lugia, L73|275/275\n|turn|11\n|\n|t:|1781463810\n|switch|p1a: Iron Treads|Iron Treads, L77|265/265\n|move|p2a: Lugia|Calm Mind|p2a: Lugia\n|-boost|p2a: Lugia|spa|1\n|-boost|p2a: Lugia|spd|1\n|\n|upkeep\n|turn|12\n|\n|t:|1781463822\n|move|p1a: Iron Treads|Iron Head|p2a: Lugia\n|-damage|p2a: Lugia|244/275\n|move|p2a: Lugia|Calm Mind|p2a: Lugia\n|-boost|p2a: Lugia|spa|1\n|-boost|p2a: Lugia|spd|1\n|\n|upkeep\n|turn|13\n|\n|t:|1781463832\n|move|p1a: Iron Treads|Iron Head|p2a: Lugia\n|-damage|p2a: Lugia|180/275\n|move|p2a: Lugia|Calm Mind|p2a: Lugia\n|-boost|p2a: Lugia|spa|1\n|-boost|p2a: Lugia|spd|1\n|\n|upkeep\n|turn|14\n|\n|t:|1781463839\n|move|p1a: Iron Treads|Iron Head|p2a: Lugia\n|-damage|p2a: Lugia|110/275\n|move|p2a: Lugia|Recover|p2a: Lugia\n|-heal|p2a: Lugia|248/275\n|\n|upkeep\n|turn|15\n|\n|t:|1781463847\n|move|p1a: Iron Treads|Iron Head|p2a: Lugia\n|-damage|p2a: Lugia|181/275\n|move|p2a: Lugia|Calm Mind|p2a: Lugia\n|-boost|p2a: Lugia|spa|1\n|-boost|p2a: Lugia|spd|1\n|\n|upkeep\n|turn|16\n|\n|t:|1781463854\n|move|p1a: Iron Treads|Iron Head|p2a: Lugia\n|-damage|p2a: Lugia|111/275\n|move|p2a: Lugia|Recover|p2a: Lugia\n|-heal|p2a: Lugia|249/275\n|\n|upkeep\n|turn|17\n|\n|t:|1781463860\n|move|p1a: Iron Treads|Iron Head|p2a: Lugia\n|-damage|p2a: Lugia|180/275\n|move|p2a: Lugia|Calm Mind|p2a: Lugia\n|-boost|p2a: Lugia|spa|1\n|-boost|p2a: Lugia|spd|1\n|\n|upkeep\n|turn|18\n|c|\u2606bros1021|cmoon flinch\n|\n|t:|1781463865\n|move|p1a: Iron Treads|Iron Head|p2a: Lugia\n|-damage|p2a: Lugia|117/275\n|move|p2a: Lugia|Recover|p2a: Lugia\n|-heal|p2a: Lugia|255/275\n|\n|upkeep\n|turn|19\n|\n|t:|1781463872\n|move|p1a: Iron Treads|Iron Head|p2a: Lugia\n|-damage|p2a: Lugia|191/275\n|cant|p2a: Lugia|flinch\n|\n|upkeep\n|turn|20\n|\n|t:|1781463877\n|move|p1a: Iron Treads|Iron Head|p2a: Lugia\n|-crit|p2a: Lugia\n|-damage|p2a: Lugia|85/275\n|move|p2a: Lugia|Recover|p2a: Lugia\n|-heal|p2a: Lugia|223/275\n|\n|upkeep\n|turn|21\n|\n|t:|1781463885\n|move|p1a: Iron Treads|Iron Head|p2a: Lugia\n|-damage|p2a: Lugia|154/275\n|cant|p2a: Lugia|flinch\n|\n|upkeep\n|turn|22\n|\n|t:|1781463891\n|move|p1a: Iron Treads|Iron Head|p2a: Lugia\n|-damage|p2a: Lugia|82/275\n|cant|p2a: Lugia|flinch\n|\n|upkeep\n|turn|23\n|\n|t:|1781463896\n|move|p1a: Iron Treads|Knock Off|p2a: Lugia\n|-supereffective|p2a: Lugia\n|-damage|p2a: Lugia|0 fnt\n|-enditem|p2a: Lugia|Heavy-Duty Boots|[from] move: Knock Off|[of] p1a: Iron Treads\n|faint|p2a: Lugia\n|\n|upkeep\n|\n|t:|1781463901\n|switch|p2a: Floatzel|Floatzel, L86, F|19/286\n|turn|24\n|\n|t:|1781463905\n|-end|p1a: Iron Treads|Quark Drive|[silent]\n|switch|p1a: Floatzel|Floatzel, L86, M|286/286\n|move|p2a: Floatzel|Flip Turn|p1a: Floatzel\n|-resisted|p1a: Floatzel\n|-damage|p1a: Floatzel|211/286\n|\n|t:|1781463913\n|switch|p2a: Ampharos|Ampharos, L88, F|302/302|[from] Flip Turn\n|\n|-heal|p1a: Floatzel|228/286|[from] item: Leftovers\n|upkeep\n|turn|25\n|\n|t:|1781463919\n|switch|p1a: Iron Treads|Iron Treads, L77|265/265\n|move|p2a: Ampharos|Focus Blast|p1a: Iron Treads|[miss]\n|-miss|p2a: Ampharos|p1a: Iron Treads\n|\n|upkeep\n|turn|26\n|\n|t:|1781463927\n|switch|p2a: Dusknoir|Dusknoir, L89, M|225/225\n|-item|p1a: Iron Treads|Assault Vest|[from] ability: Frisk|[of] p2a: Dusknoir\n|move|p1a: Iron Treads|Earthquake|p2a: Dusknoir\n|-damage|p2a: Dusknoir|156/225\n|\n|-heal|p2a: Dusknoir|170/225|[from] item: Leftovers\n|upkeep\n|turn|27\n|\n|t:|1781463938\n|move|p1a: Iron Treads|Knock Off|p2a: Dusknoir\n|-supereffective|p2a: Dusknoir\n|-damage|p2a: Dusknoir|86/225\n|-enditem|p2a: Dusknoir|Leftovers|[from] move: Knock Off|[of] p1a: Iron Treads\n|move|p2a: Dusknoir|Pain Split|p1a: Iron Treads\n|-sethp|p1a: Iron Treads|175/265|[from] move: Pain Split|[silent]\n|-sethp|p2a: Dusknoir|175/225|[from] move: Pain Split\n|\n|upkeep\n|turn|28\n|\n|t:|1781463946\n|-end|p1a: Iron Treads|Quark Drive|[silent]\n|switch|p1a: Meloetta|Meloetta, L82|298/298\n|move|p2a: Dusknoir|Will-O-Wisp|p1a: Meloetta\n|-status|p1a: Meloetta|brn\n|\n|-damage|p1a: Meloetta|280/298 brn|[from] brn\n|upkeep\n|turn|29\n|\n|t:|1781463953\n|move|p1a: Meloetta|Psyshock|p2a: Dusknoir\n|-damage|p2a: Dusknoir|75/225\n|move|p2a: Dusknoir|Pain Split|p1a: Meloetta\n|-sethp|p1a: Meloetta|177/298 brn|[from] move: Pain Split|[silent]\n|-sethp|p2a: Dusknoir|177/225|[from] move: Pain Split\n|\n|-damage|p1a: Meloetta|159/298 brn|[from] brn\n|upkeep\n|turn|30\n|\n|t:|1781463965\n|switch|p2a: Ampharos|Ampharos, L88, F|302/302\n|move|p1a: Meloetta|Psyshock|p2a: Ampharos\n|-damage|p2a: Ampharos|146/302\n|\n|-damage|p1a: Meloetta|141/298 brn|[from] brn\n|upkeep\n|turn|31\n|\n|t:|1781463974\n|move|p1a: Meloetta|Psyshock|p2a: Ampharos\n|-damage|p2a: Ampharos|2/302\n|move|p2a: Ampharos|Discharge|p1a: Meloetta\n|-damage|p1a: Meloetta|54/298 brn\n|\n|-damage|p1a: Meloetta|36/298 brn|[from] brn\n|upkeep\n|turn|32\n|\n|t:|1781463983\n|move|p1a: Meloetta|Psyshock|p2a: Ampharos\n|-damage|p2a: Ampharos|0 fnt\n|faint|p2a: Ampharos\n|\n|-damage|p1a: Meloetta|18/298 brn|[from] brn\n|upkeep\n|\n|t:|1781463990\n|switch|p2a: Floatzel|Floatzel, L86, F|19/286\n|turn|33\n|\n|t:|1781463994\n|move|p2a: Floatzel|Flip Turn|p1a: Meloetta\n|-damage|p1a: Meloetta|0 fnt\n|faint|p1a: Meloetta\n|\n|t:|1781463997\n|switch|p2a: Dusknoir|Dusknoir, L89, M|177/225|[from] Flip Turn\n|\n|upkeep\n|\n|t:|1781464002\n|switch|p1a: Floatzel|Floatzel, L86, M|228/286\n|turn|34\n|\n|t:|1781464006\n|move|p1a: Floatzel|Bulk Up|p1a: Floatzel\n|-boost|p1a: Floatzel|atk|1\n|-boost|p1a: Floatzel|def|1\n|move|p2a: Dusknoir|Poltergeist|p1a: Floatzel\n|-activate|p1a: Floatzel|move: Poltergeist|Leftovers\n|-damage|p1a: Floatzel|108/286\n|\n|-heal|p1a: Floatzel|125/286|[from] item: Leftovers\n|upkeep\n|turn|35\n|\n|t:|1781464016\n|move|p1a: Floatzel|Bulk Up|p1a: Floatzel\n|-boost|p1a: Floatzel|atk|1\n|-boost|p1a: Floatzel|def|1\n|move|p2a: Dusknoir|Poltergeist|p1a: Floatzel\n|-activate|p1a: Floatzel|move: Poltergeist|Leftovers\n|-damage|p1a: Floatzel|35/286\n|\n|-heal|p1a: Floatzel|52/286|[from] item: Leftovers\n|upkeep\n|turn|36\n|\n|t:|1781464026\n|move|p1a: Floatzel|Wave Crash|p2a: Dusknoir\n|-damage|p2a: Dusknoir|0 fnt\n|faint|p2a: Dusknoir\n|-damage|p1a: Floatzel|0 fnt|[from] Recoil\n|faint|p1a: Floatzel\n|\n|upkeep\n|\n|t:|1781464035\n|switch|p1a: Politoed|Politoed, L88, F|302/302\n|switch|p2a: Floatzel|Floatzel, L86, F|19/286\n|-weather|RainDance|[from] ability: Drizzle|[of] p1a: Politoed\n|turn|37\n|\n|t:|1781464042\n|move|p2a: Floatzel|Wave Crash|p1a: Politoed\n|-resisted|p1a: Politoed\n|-damage|p1a: Politoed|136/302\n|-damage|p2a: Floatzel|0 fnt|[from] Recoil\n|faint|p2a: Floatzel\n|move|p1a: Politoed|Ice Beam|p2: Floatzel|[notarget]\n|-fail|p1a: Politoed\n|\n|-weather|RainDance|[upkeep]\n|upkeep\n|\n|t:|1781464051\n|switch|p2a: Annihilape|Annihilape, L76, M|292/292\n|turn|38\n|\n|t:|1781464059\n|-terastallize|p2a: Annihilape|Water\n|-terastallize|p1a: Politoed|Water\n|move|p2a: Annihilape|Bulk Up|p2a: Annihilape\n|-boost|p2a: Annihilape|atk|1\n|-boost|p2a: Annihilape|def|1\n|move|p1a: Politoed|Hydro Pump|p2a: Annihilape\n|-resisted|p2a: Annihilape\n|-damage|p2a: Annihilape|169/292\n|\n|-weather|RainDance|[upkeep]\n|-heal|p2a: Annihilape|187/292|[from] item: Leftovers\n|upkeep\n|turn|39\n|\n|t:|1781464072\n|move|p2a: Annihilape|Drain Punch|p1a: Politoed\n|-damage|p1a: Politoed|25/302\n|-heal|p2a: Annihilape|243/292|[from] drain|[of] p1a: Politoed\n|move|p1a: Politoed|Hypnosis|p2a: Annihilape|[miss]\n|-miss|p1a: Politoed|p2a: Annihilape\n|\n|-weather|RainDance|[upkeep]\n|-heal|p2a: Annihilape|261/292|[from] item: Leftovers\n|upkeep\n|turn|40\n|-message|bros1021 forfeited.\n|\n|win|Wigglystuff\n|raw|bros1021's rating: 2015 &rarr; <strong>1998</strong><br />(-17 for losing)\n|raw|Wigglystuff's rating: 2059 &rarr; <strong>2076</strong><br />(+17 for winning)\n", "inputlog": ">version a8376a258c1d4662feba110a92103f3664a72141\n>start {\"formatid\":\"gen9randombattle\",\"seed\":\"sodium,0e8f40c6a6c89115691d2c14ddd708be\",\"rated\":\"Rated battle\"}\n>player p1 {\"name\":\"bros1021\",\"avatar\":\"169\",\"rating\":2015,\"seed\":\"sodium,2ae9626643c3f5f7b5b32fd378817964\"}\n>player p2 {\"name\":\"Wigglystuff\",\"avatar\":\"265\",\"rating\":2059,\"seed\":\"sodium,c963200d87ef6d84af06bb9c43584093\"}\n>p1 move poltergeist\n>p2 move crunch\n>p1 move rest\n>p2 move crunch\n>p1 move sleeptalk\n>p2 move crunch\n>p1 move bodypress\n>p2 move crunch\n>p1 move rest\n>p2 move crunch\n>p1 move sleeptalk\n>p2 switch 5\n>p1 switch 3\n>p2 move nastyplot\n>p1 move swordsdance\n>p2 move ficklebeam\n>p1 move knockoff\n>p2 move ficklebeam\n>p1 switch 5\n>p1 move psyshock\n>p2 move gigadrain\n>p2 switch 4\n>p1 switch 6\n>p2 move calmmind\n>p1 move ironhead\n>p2 move calmmind\n>p1 move ironhead\n>p2 move calmmind\n>p1 move ironhead\n>p2 move recover\n>p1 move ironhead\n>p2 move calmmind\n>p1 move ironhead\n>p2 move recover\n>p1 move ironhead\n>p2 move calmmind\n>chat \u2606bros1021|cmoon flinch\n>p1 move ironhead\n>p2 move recover\n>p1 move ironhead\n>p2 move calmmind\n>p1 move ironhead\n>p2 move recover\n>p1 move ironhead\n>p2 move recover\n>p1 move ironhead\n>p2 move recover\n>p1 move knockoff\n>p2 move recover\n>p2 switch 5\n>p1 switch 4\n>p2 move flipturn\n>p2 switch 6\n>p1 switch 4\n>p2 move focusblast\n>p1 move earthquake\n>p2 switch 3\n>p1 move knockoff\n>p2 move painsplit\n>p1 switch 6\n>p2 move willowisp\n>p1 move psyshock\n>p2 move painsplit\n>p1 move psyshock\n>p2 switch 3\n>p1 move psyshock\n>p2 move discharge\n>p1 move psyshock\n>p2 move dazzlinggleam\n>p2 switch 6\n>p1 move psyshock\n>p2 move flipturn\n>p2 switch 3\n>p1 switch 4\n>p1 move bulkup\n>p2 move poltergeist\n>p1 move bulkup\n>p2 move poltergeist\n>p1 move wavecrash\n>p2 move poltergeist\n>p1 switch 2\n>p2 switch 3\n>p1 move icebeam\n>p2 move wavecrash\n>p2 switch 2\n>p1 move hydropump terastallize\n>p2 move bulkup terastallize\n>p1 move hypnosis\n>p2 move drainpunch\n>forcelose p1", "uploadtime": 1781463675, "views": 8, "formatid": "gen9randombattle", "rating": 1998, "private": 0, "password": null}