{"id": "gen9randombattle-2631627653", "format": "[Gen 9] Random Battle", "players": ["nobody22", "jh bruns"], "log": "|j|\u2606nobody22\n|j|\u2606jh bruns\n|t:|1781411154\n|gametype|singles\n|player|p1|nobody22|2|1928\n|player|p2|jh bruns|170|1970\n|gen|9\n|tier|[Gen 9] Random Battle\n|rated|\n|rule|Species Clause: Limit one of each Pok\u00e9mon\n|rule|HP Percentage Mod: HP is shown in percentages\n|rule|Sleep Clause Mod: Limit one foe put to sleep\n|rule|Illusion Level Mod: Illusion disguises the Pok\u00e9mon's true level\n|\n|t:|1781411154\n|teamsize|p1|6\n|teamsize|p2|6\n|start\n|switch|p1a: Sawsbuck|Sawsbuck-Autumn, L88, F|284/284\n|switch|p2a: Dondozo|Dondozo, L78, F|362/362\n|turn|1\n|\n|t:|1781411172\n|switch|p2a: Skarmory|Skarmory, L80, F|235/235\n|move|p1a: Sawsbuck|Swords Dance|p1a: Sawsbuck\n|-boost|p1a: Sawsbuck|atk|2\n|\n|upkeep\n|turn|2\n|\n|t:|1781411182\n|switch|p1a: Iron Moth|Iron Moth, L78|253/253\n|move|p2a: Skarmory|Iron Defense|p2a: Skarmory\n|-boost|p2a: Skarmory|def|2\n|\n|upkeep\n|turn|3\n|\n|t:|1781411188\n|switch|p2a: Palafin|Palafin, L77, M|281/281\n|move|p1a: Iron Moth|Fire Blast|p2a: Palafin\n|-resisted|p2a: Palafin\n|-damage|p2a: Palafin|183/281\n|\n|upkeep\n|turn|4\n|\n|t:|1781411197\n|detailschange|p2a: Palafin|Palafin-Hero, L77, M\n|switch|p2a: Dondozo|Dondozo, L78, F|362/362\n|move|p1a: Iron Moth|Sludge Wave|p2a: Dondozo\n|-damage|p2a: Dondozo|206/362\n|-status|p2a: Dondozo|psn\n|\n|-heal|p2a: Dondozo|228/362 psn|[from] item: Leftovers\n|-damage|p2a: Dondozo|183/362 psn|[from] psn\n|upkeep\n|turn|5\n|\n|t:|1781411203\n|move|p1a: Iron Moth|Sludge Wave|p2a: Dondozo\n|-damage|p2a: Dondozo|12/362 psn\n|move|p2a: Dondozo|Rest|p2a: Dondozo\n|-status|p2a: Dondozo|slp|[from] move: Rest\n|-heal|p2a: Dondozo|362/362 slp|[silent]\n|\n|upkeep\n|turn|6\n|\n|t:|1781411208\n|move|p1a: Iron Moth|U-turn|p2a: Dondozo\n|-damage|p2a: Dondozo|332/362 slp\n|\n|t:|1781411210\n|-end|p1a: Iron Moth|Quark Drive|[silent]\n|switch|p1a: Gastrodon|Gastrodon, L86, F|331/331|[from] U-turn\n|cant|p2a: Dondozo|slp\n|move|p2a: Dondozo|Sleep Talk|p2a: Dondozo\n|move|p2a: Dondozo|Curse|p2a: Dondozo|[from] move: Sleep Talk\n|-unboost|p2a: Dondozo|spe|1\n|-boost|p2a: Dondozo|atk|1\n|-boost|p2a: Dondozo|def|1\n|\n|-heal|p2a: Dondozo|354/362 slp|[from] item: Leftovers\n|upkeep\n|turn|7\n|\n|t:|1781411217\n|switch|p2a: Decidueye|Decidueye, L88, F|281/281\n|move|p1a: Gastrodon|Spikes|p2a: Decidueye\n|-sidestart|p2: jh bruns|Spikes\n|\n|upkeep\n|turn|8\n|-message|jh bruns forfeited.\n|\n|win|nobody22\n", "inputlog": ">version a8376a258c1d4662feba110a92103f3664a72141\n>start {\"formatid\":\"gen9randombattle\",\"seed\":\"sodium,2e7570d2eef64c6a8fe24b97d52396af\",\"rated\":\"Rated battle\"}\n>player p1 {\"name\":\"nobody22\",\"avatar\":\"2\",\"rating\":1928,\"seed\":\"sodium,6afb2fb04188119d384ee2eca2429923\"}\n>player p2 {\"name\":\"jh bruns\",\"avatar\":\"170\",\"rating\":1970,\"seed\":\"sodium,4fd026a460b09a76f1dfe141aaa68edc\"}\n>p1 move swordsdance\n>p2 switch 6\n>p1 switch 3\n>p2 move irondefense\n>p1 move fireblast\n>p2 switch 2\n>p1 move sludgewave\n>p2 switch 6\n>p1 move sludgewave\n>p2 move rest\n>p1 move uturn\n>p2 move sleeptalk\n>p1 switch 5\n>p1 move spikes\n>p2 switch 3\n>forcelose p2", "uploadtime": 1781411156, "views": 4, "formatid": "gen9randombattle", "rating": null, "private": 0, "password": null}