{"id": "gen9randombattle-2631531020", "format": "[Gen 9] Random Battle", "players": ["JustOut459", "phantasmiccat"], "log": "|badge|p1|silver|gen9randombattle|30-9\n|badge|p1|silver|gen9nu|30-9\n|uhtml|medal-msg|<div class=\"broadcast-blue\">Curious what those medals under the avatar are? PS now has Ladder Seasons! For more information, check out the <a href=\"https://www.smogon.com/forums/threads/3740067/\">thread on Smogon.</a></div>\n|badge|p2|bronze|gen9ru|100-9\n|uhtml|medal-msg|<div class=\"broadcast-blue\">Curious what those medals under the avatar are? PS now has Ladder Seasons! For more information, check out the <a href=\"https://www.smogon.com/forums/threads/3740067/\">thread on Smogon.</a></div>\n|j|\u2606JustOut459\n|j|\u2606phantasmiccat\n|t:|1781397340\n|gametype|singles\n|player|p1|JustOut459|parasollady|2407\n|player|p2|phantasmiccat|miku-grass|2298\n|gen|9\n|tier|[Gen 9] Random Battle\n|rated|\n|rule|Species Clause: Limit one of each Pok\u00e9mon\n|rule|HP Percentage Mod: HP is shown in percentages\n|rule|Sleep Clause Mod: Limit one foe put to sleep\n|rule|Illusion Level Mod: Illusion disguises the Pok\u00e9mon's true level\n|\n|t:|1781397341\n|teamsize|p1|6\n|teamsize|p2|6\n|start\n|switch|p1a: Sunflora|Sunflora, M|312/312\n|switch|p2a: Lucario|Lucario, L84, M|255/255\n|turn|1\n|inactive|Battle timer is ON: inactive players will automatically lose when time's up. (requested by JustOut459)\n|\n|t:|1781397355\n|switch|p2a: Dodrio|Dodrio, L85, F|241/241\n|move|p1a: Sunflora|Earth Power|p2a: Dodrio\n|-immune|p2a: Dodrio\n|\n|upkeep\n|turn|2\n|\n|t:|1781397373\n|switch|p1a: Grumpig|Grumpig, L92, F|297/297\n|move|p2a: Dodrio|Swords Dance|p2a: Dodrio\n|-boost|p2a: Dodrio|atk|2\n|\n|upkeep\n|turn|3\n|\n|t:|1781397384\n|move|p1a: Grumpig|Psychic|p2a: Dodrio\n|-damage|p2a: Dodrio|96/241\n|move|p2a: Dodrio|Brave Bird|p1a: Grumpig\n|-damage|p1a: Grumpig|0 fnt\n|faint|p1a: Grumpig\n|-damage|p2a: Dodrio|0 fnt|[from] Recoil\n|faint|p2a: Dodrio\n|\n|upkeep\n|j| Tre ballers\n|\n|t:|1781397393\n|switch|p2a: Spidops|Spidops, L96, F|271/271\n|switch|p1a: Barraskewda|Barraskewda, L81, M|231/231\n|turn|4\n|\n|t:|1781397401\n|move|p1a: Barraskewda|Flip Turn|p2a: Spidops\n|-damage|p2a: Spidops|174/271\n|\n|t:|1781397404\n|switch|p1a: Espeon|Espeon, L84, M|246/246|[from] Flip Turn\n|move|p2a: Spidops|Sticky Web|p1a: Espeon\n|move|p1a: Espeon|Sticky Web|p2a: Spidops|[from] ability: Magic Bounce\n|-sidestart|p2: phantasmiccat|move: Sticky Web\n|\n|upkeep\n|turn|5\n|\n|t:|1781397411\n|switch|p1a: Pelipper|Pelipper, L86, M|243/243\n|-weather|RainDance|[from] ability: Drizzle|[of] p1a: Pelipper\n|move|p2a: Spidops|Knock Off|p1a: Pelipper\n|-damage|p1a: Pelipper|119/243\n|-enditem|p1a: Pelipper|Choice Specs|[from] move: Knock Off|[of] p2a: Spidops\n|\n|-weather|RainDance|[upkeep]\n|upkeep\n|turn|6\n|\n|t:|1781397416\n|switch|p2a: Altaria|Altaria, L89, M|278/278\n|move|p1a: Pelipper|Hurricane|p2a: Altaria\n|-damage|p2a: Altaria|175/278\n|-start|p2a: Altaria|confusion\n|\n|-weather|RainDance|[upkeep]\n|upkeep\n|turn|7\n|\n|t:|1781397426\n|-activate|p2a: Altaria|confusion\n|move|p2a: Altaria|Defog|p1a: Pelipper\n|-unboost|p1a: Pelipper|evasion|1\n|-sideend|p2: phantasmiccat|Sticky Web|[from] move: Defog|[of] p2a: Altaria\n|move|p1a: Pelipper|U-turn|p2a: Altaria\n|-resisted|p2a: Altaria\n|-damage|p2a: Altaria|159/278\n|\n|t:|1781397434\n|switch|p1a: Espeon|Espeon, L84, M|246/246|[from] U-turn\n|\n|-weather|RainDance|[upkeep]\n|upkeep\n|turn|8\n|\n|t:|1781397441\n|switch|p2a: Wyrdeer|Wyrdeer, L87, F|321/321\n|-ability|p2a: Wyrdeer|Intimidate|boost\n|-unboost|p1a: Espeon|atk|1\n|move|p1a: Espeon|Calm Mind|p1a: Espeon\n|-boost|p1a: Espeon|spa|1\n|-boost|p1a: Espeon|spd|1\n|\n|-weather|RainDance|[upkeep]\n|upkeep\n|turn|9\n|\n|t:|1781397453\n|move|p1a: Espeon|Alluring Voice|p2a: Wyrdeer\n|-damage|p2a: Wyrdeer|179/321\n|-damage|p1a: Espeon|222/246|[from] item: Life Orb\n|move|p2a: Wyrdeer|Body Slam|p1a: Espeon\n|-damage|p1a: Espeon|89/246\n|-status|p1a: Espeon|par\n|\n|-weather|none\n|-heal|p2a: Wyrdeer|199/321|[from] item: Leftovers\n|upkeep\n|turn|10\n|\n|t:|1781397459\n|move|p2a: Wyrdeer|Body Slam|p1a: Espeon\n|-damage|p1a: Espeon|0 fnt\n|faint|p1a: Espeon\n|\n|-heal|p2a: Wyrdeer|219/321|[from] item: Leftovers\n|upkeep\n|\n|t:|1781397486\n|switch|p1a: Pelipper|Pelipper, L86, M|119/243\n|-weather|RainDance|[from] ability: Drizzle|[of] p1a: Pelipper\n|turn|11\n|\n|t:|1781397493\n|move|p2a: Wyrdeer|Body Slam|p1a: Pelipper\n|-damage|p1a: Pelipper|32/243\n|-status|p1a: Pelipper|par\n|move|p1a: Pelipper|U-turn|p2a: Wyrdeer\n|-supereffective|p2a: Wyrdeer\n|-damage|p2a: Wyrdeer|149/321\n|\n|t:|1781397495\n|switch|p1a: Barraskewda|Barraskewda, L81, M|231/231|[from] U-turn\n|\n|-weather|RainDance|[upkeep]\n|-heal|p2a: Wyrdeer|169/321|[from] item: Leftovers\n|upkeep\n|turn|12\n|\n|t:|1781397503\n|move|p1a: Barraskewda|Waterfall|p2a: Wyrdeer\n|-damage|p2a: Wyrdeer|0 fnt\n|faint|p2a: Wyrdeer\n|\n|-weather|RainDance|[upkeep]\n|upkeep\n|\n|t:|1781397510\n|switch|p2a: Altaria|Altaria, L89, M|159/278\n|turn|13\n|\n|t:|1781397526\n|switch|p1a: Sunflora|Sunflora, M|312/312\n|move|p2a: Altaria|Roost|p2a: Altaria\n|-heal|p2a: Altaria|278/278\n|-singleturn|p2a: Altaria|move: Roost\n|\n|-weather|RainDance|[upkeep]\n|upkeep\n|turn|14\n|\n|t:|1781397530\n|switch|p2a: Spidops|Spidops, L96, F|174/271\n|move|p1a: Sunflora|Dazzling Gleam|p2a: Spidops\n|-damage|p2a: Spidops|52/271\n|\n|-weather|RainDance|[upkeep]\n|upkeep\n|turn|15\n|\n|t:|1781397556\n|move|p2a: Spidops|Toxic Spikes|p1a: Sunflora\n|-sidestart|p1: JustOut459|move: Toxic Spikes\n|move|p1a: Sunflora|Dazzling Gleam|p2a: Spidops\n|-damage|p2a: Spidops|0 fnt\n|faint|p2a: Spidops\n|\n|-weather|none\n|upkeep\n|\n|t:|1781397558\n|switch|p2a: Lucario|Lucario, L84, M|255/255\n|turn|16\n|\n|t:|1781397562\n|move|p2a: Lucario|Swords Dance|p2a: Lucario\n|-boost|p2a: Lucario|atk|2\n|move|p1a: Sunflora|Dazzling Gleam|p2a: Lucario\n|-damage|p2a: Lucario|96/255\n|\n|upkeep\n|turn|17\n|\n|t:|1781397575\n|-terastallize|p1a: Sunflora|Poison\n|move|p2a: Lucario|Close Combat|p1a: Sunflora\n|-resisted|p1a: Sunflora\n|-damage|p1a: Sunflora|98/312\n|-unboost|p2a: Lucario|def|1\n|-unboost|p2a: Lucario|spd|1\n|-damage|p2a: Lucario|71/255|[from] item: Life Orb\n|move|p1a: Sunflora|Dazzling Gleam|p2a: Lucario\n|-crit|p2a: Lucario\n|-damage|p2a: Lucario|0 fnt\n|faint|p2a: Lucario\n|\n|upkeep\n|\n|t:|1781397593\n|switch|p2a: Lycanroc|Lycanroc-Midnight, L89, F|296/296\n|turn|18\n|\n|t:|1781397601\n|switch|p1a: Pelipper|Pelipper, L86, M|32/243 par\n|-weather|RainDance|[from] ability: Drizzle|[of] p1a: Pelipper\n|move|p2a: Lycanroc|Knock Off|p1a: Pelipper\n|-damage|p1a: Pelipper|0 fnt\n|faint|p1a: Pelipper\n|-damage|p2a: Lycanroc|267/296|[from] item: Life Orb\n|\n|-weather|RainDance|[upkeep]\n|upkeep\n|\n|t:|1781397607\n|switch|p1a: Sunflora|Sunflora, M, tera:Poison|98/312\n|-sideend|p1: JustOut459|move: Toxic Spikes|[of] p1a: Sunflora\n|turn|19\n|\n|t:|1781397615\n|move|p2a: Lycanroc|Knock Off|p1a: Sunflora\n|-damage|p1a: Sunflora|0 fnt\n|-enditem|p1a: Sunflora|Choice Specs|[from] move: Knock Off|[of] p2a: Lycanroc\n|faint|p1a: Sunflora\n|-damage|p2a: Lycanroc|238/296|[from] item: Life Orb\n|\n|-weather|RainDance|[upkeep]\n|upkeep\n|\n|t:|1781397621\n|switch|p1a: Barraskewda|Barraskewda, L81, M|231/231\n|turn|20\n|\n|t:|1781397624\n|switch|p2a: Altaria|Altaria, L89, M|278/278\n|move|p1a: Barraskewda|Waterfall|p2a: Altaria\n|-resisted|p2a: Altaria\n|-damage|p2a: Altaria|176/278\n|\n|-weather|RainDance|[upkeep]\n|upkeep\n|turn|21\n|\n|t:|1781397633\n|move|p1a: Barraskewda|Waterfall|p2a: Altaria\n|-resisted|p2a: Altaria\n|-damage|p2a: Altaria|74/278\n|move|p2a: Altaria|Roost|p2a: Altaria\n|-heal|p2a: Altaria|213/278\n|-singleturn|p2a: Altaria|move: Roost\n|\n|-weather|RainDance|[upkeep]\n|upkeep\n|turn|22\n|\n|t:|1781397637\n|switch|p1a: Comfey|Comfey, L85, M|225/225\n|move|p2a: Altaria|Roost|p2a: Altaria\n|-heal|p2a: Altaria|278/278\n|-singleturn|p2a: Altaria|move: Roost\n|\n|-weather|none\n|upkeep\n|turn|23\n|\n|t:|1781397644\n|switch|p2a: Lycanroc|Lycanroc-Midnight, L89, F|238/296\n|move|p1a: Comfey|Calm Mind|p1a: Comfey\n|-boost|p1a: Comfey|spa|1\n|-boost|p1a: Comfey|spd|1\n|\n|upkeep\n|turn|24\n|\n|t:|1781397654\n|move|p1a: Comfey|Giga Drain|p2a: Lycanroc\n|-supereffective|p2a: Lycanroc\n|-damage|p2a: Lycanroc|82/296\n|move|p2a: Lycanroc|Stone Edge|p1a: Comfey\n|-damage|p1a: Comfey|46/225\n|-damage|p2a: Lycanroc|53/296|[from] item: Life Orb\n|\n|-heal|p1a: Comfey|60/225|[from] item: Leftovers\n|upkeep\n|turn|25\n|\n|t:|1781397659\n|move|p1a: Comfey|Draining Kiss|p2a: Lycanroc\n|-damage|p2a: Lycanroc|0 fnt\n|-heal|p1a: Comfey|100/225|[from] drain|[of] p2a: Lycanroc\n|faint|p2a: Lycanroc\n|\n|-heal|p1a: Comfey|114/225|[from] item: Leftovers\n|upkeep\n|\n|t:|1781397663\n|switch|p2a: Altaria|Altaria, L89, M|278/278\n|turn|26\n|\n|t:|1781397676\n|-terastallize|p2a: Altaria|Steel\n|move|p1a: Comfey|Draining Kiss|p2a: Altaria\n|-resisted|p2a: Altaria\n|-damage|p2a: Altaria|248/278\n|-heal|p1a: Comfey|137/225|[from] drain|[of] p2a: Altaria\n|move|p2a: Altaria|Brave Bird|p1a: Comfey\n|-damage|p1a: Comfey|26/225\n|-damage|p2a: Altaria|211/278|[from] Recoil\n|\n|-heal|p1a: Comfey|40/225|[from] item: Leftovers\n|upkeep\n|turn|27\n|\n|t:|1781397685\n|move|p1a: Comfey|Calm Mind|p1a: Comfey\n|-boost|p1a: Comfey|spa|1\n|-boost|p1a: Comfey|spd|1\n|move|p2a: Altaria|Roost|p2a: Altaria\n|-heal|p2a: Altaria|278/278\n|\n|-heal|p1a: Comfey|54/225|[from] item: Leftovers\n|upkeep\n|turn|28\n|\n|t:|1781397714\n|move|p1a: Comfey|Stored Power|p2a: Altaria\n|-resisted|p2a: Altaria\n|-damage|p2a: Altaria|226/278\n|move|p2a: Altaria|Brave Bird|p1a: Comfey\n|-damage|p1a: Comfey|0 fnt\n|faint|p1a: Comfey\n|-damage|p2a: Altaria|208/278|[from] Recoil\n|\n|upkeep\n|\n|t:|1781397715\n|switch|p1a: Barraskewda|Barraskewda, L81, M|231/231\n|turn|29\n|\n|t:|1781397718\n|move|p1a: Barraskewda|Close Combat|p2a: Altaria\n|-supereffective|p2a: Altaria\n|-damage|p2a: Altaria|0 fnt\n|-unboost|p1a: Barraskewda|def|1\n|-unboost|p1a: Barraskewda|spd|1\n|faint|p2a: Altaria\n|\n|win|JustOut459\n", "inputlog": ">version a8376a258c1d4662feba110a92103f3664a72141\n>start {\"formatid\":\"gen9randombattle\",\"seed\":\"sodium,7206c90d81d4cbe57a8bb8db99b4225e\",\"rated\":\"Rated battle\"}\n>player p1 {\"name\":\"JustOut459\",\"avatar\":\"parasollady\",\"rating\":2407,\"seed\":\"sodium,534cabed381c450980bec0d01daf0181\"}\n>player p2 {\"name\":\"phantasmiccat\",\"avatar\":\"miku-grass\",\"rating\":2298,\"seed\":\"sodium,7500d6ec7031d397fa10c0e09d1ad3e5\"}\n>p1 move earthpower\n>p2 switch 2\n>p1 switch 3\n>p2 move swordsdance\n>p1 move psychic\n>p2 move bravebird\n>p1 switch 6\n>p2 switch 5\n>p1 move flipturn\n>p2 move stickyweb\n>p1 switch 5\n>p1 switch 4\n>p2 move knockoff\n>p1 move hurricane\n>p2 switch 4\n>p1 move uturn\n>p2 move defog\n>p1 switch 4\n>p1 move calmmind\n>p2 switch 6\n>p1 move alluringvoice\n>p2 move bodyslam\n>p1 move alluringvoice\n>p2 move bodyslam\n>p1 switch 4\n>p1 move uturn\n>p2 move bodyslam\n>p1 switch 5\n>p1 move waterfall\n>p2 move bodyslam\n>p2 switch 6\n>p1 switch 3\n>p2 move roost\n>p1 move dazzlinggleam\n>p2 switch 4\n>p1 move dazzlinggleam\n>p2 move toxicspikes\n>p2 switch 2\n>p1 move dazzlinggleam\n>p2 move swordsdance\n>p1 move dazzlinggleam terastallize\n>p2 move closecombat\n>p2 switch 3\n>p1 switch 5\n>p2 move knockoff\n>p1 switch 5\n>p1 move leafstorm\n>p2 move knockoff\n>p1 switch 3\n>p1 move waterfall\n>p2 switch 4\n>p1 move waterfall\n>p2 move roost\n>p1 switch 2\n>p2 move roost\n>p1 move calmmind\n>p2 switch 4\n>p1 move gigadrain\n>p2 move stoneedge\n>p1 move drainingkiss\n>p2 move stoneedge\n>p2 switch 4\n>p1 move drainingkiss\n>p2 move bravebird terastallize\n>p1 move calmmind\n>p2 move roost\n>p1 move storedpower\n>p2 move bravebird\n>p1 switch 2\n>p1 move closecombat\n>p2 move roost", "uploadtime": 1781397342, "views": 6, "formatid": "gen9randombattle", "rating": null, "private": 0, "password": null}