{"id": "gen9randombattle-2631460912", "format": "[Gen 9] Random Battle", "players": ["sev04", "walter parigi"], "log": "|j|\u2606sev04\n|j|\u2606walter parigi\n|t:|1781387487\n|gametype|singles\n|player|p1|sev04|101|1663\n|player|p2|walter parigi|aaron|1612\n|gen|9\n|tier|[Gen 9] Random Battle\n|rated|\n|rule|Species Clause: Limit one of each Pok\u00e9mon\n|rule|HP Percentage Mod: HP is shown in percentages\n|rule|Sleep Clause Mod: Limit one foe put to sleep\n|rule|Illusion Level Mod: Illusion disguises the Pok\u00e9mon's true level\n|\n|t:|1781387487\n|teamsize|p1|6\n|teamsize|p2|6\n|start\n|switch|p1a: Ogerpon|Ogerpon-Hearthflame, L74, F|239/239\n|switch|p2a: Scovillain|Scovillain, L91, M|266/266\n|-ability|p1a: Ogerpon|Mold Breaker\n|turn|1\n|\n|t:|1781387495\n|move|p1a: Ogerpon|Swords Dance|p1a: Ogerpon\n|-boost|p1a: Ogerpon|atk|2\n|move|p2a: Scovillain|Sunny Day|p2a: Scovillain\n|-weather|SunnyDay\n|\n|-weather|SunnyDay|[upkeep]\n|upkeep\n|turn|2\n|inactive|Battle timer is ON: inactive players will automatically lose when time's up. (requested by sev04)\n|\n|t:|1781387516\n|move|p2a: Scovillain|Fire Blast|p1a: Ogerpon\n|-damage|p1a: Ogerpon|7/239\n|move|p1a: Ogerpon|Ivy Cudgel|p2a: Scovillain|[anim] Ivy Cudgel Fire\n|-damage|p2a: Scovillain|0 fnt\n|faint|p2a: Scovillain\n|\n|-weather|SunnyDay|[upkeep]\n|upkeep\n|\n|t:|1781387527\n|switch|p2a: Sandy Shocks|Sandy Shocks, L80|267/267\n|-activate|p2a: Sandy Shocks|ability: Protosynthesis\n|-start|p2a: Sandy Shocks|protosynthesisspa\n|turn|3\n|\n|t:|1781387543\n|move|p2a: Sandy Shocks|Earth Power|p1a: Ogerpon\n|-damage|p1a: Ogerpon|0 fnt\n|faint|p1a: Ogerpon\n|\n|-weather|SunnyDay|[upkeep]\n|upkeep\n|\n|t:|1781387557\n|switch|p1a: Seviper|Seviper, L93, F|287/287\n|turn|4\n|\n|t:|1781387573\n|switch|p1a: Minior|Minior-Yellow, L79|224/224\n|-formechange|p1a: Minior|Minior-Meteor||[from] ability: Shields Down\n|move|p2a: Sandy Shocks|Thunder Wave|p1a: Minior\n|-immune|p1a: Minior|[from] ability: Shields Down\n|\n|-weather|SunnyDay|[upkeep]\n|upkeep\n|turn|5\n|\n|t:|1781387587\n|switch|p1a: Seviper|Seviper, L93, F|287/287\n|move|p2a: Sandy Shocks|Thunderbolt|p1a: Seviper\n|-damage|p1a: Seviper|125/287\n|\n|-weather|none\n|-end|p2a: Sandy Shocks|Protosynthesis\n|upkeep\n|turn|6\n|\n|t:|1781387592\n|move|p1a: Seviper|Giga Drain|p2a: Sandy Shocks\n|-supereffective|p2a: Sandy Shocks\n|-damage|p2a: Sandy Shocks|123/267\n|-heal|p1a: Seviper|197/287|[from] drain|[of] p2a: Sandy Shocks\n|move|p2a: Sandy Shocks|Earth Power|p1a: Seviper\n|-supereffective|p1a: Seviper\n|-damage|p1a: Seviper|0 fnt\n|faint|p1a: Seviper\n|\n|upkeep\n|\n|t:|1781387602\n|switch|p1a: Cobalion|Cobalion, L80|277/277\n|turn|7\n|\n|t:|1781387623\n|move|p1a: Cobalion|Close Combat|p2a: Sandy Shocks\n|-damage|p2a: Sandy Shocks|0 fnt\n|-unboost|p1a: Cobalion|def|1\n|-unboost|p1a: Cobalion|spd|1\n|faint|p2a: Sandy Shocks\n|-end|p2a: Sandy Shocks|Protosynthesis|[silent]\n|-damage|p1a: Cobalion|250/277|[from] item: Life Orb\n|\n|upkeep\n|inactive|walter parigi has 120 seconds left.\n|\n|t:|1781387641\n|switch|p2a: Koraidon|Koraidon, L64|235/235\n|-weather|SunnyDay|[from] ability: Orichalcum Pulse|[of] p2a: Koraidon\n|-activate|p2a: Koraidon|Orichalcum Pulse|[source]\n|turn|8\n|inactive|walter parigi has 120 seconds left.\n|\n|t:|1781387656\n|move|p1a: Cobalion|Close Combat|p2a: Koraidon\n|-damage|p2a: Koraidon|74/235\n|-unboost|p1a: Cobalion|def|1\n|-unboost|p1a: Cobalion|spd|1\n|-damage|p1a: Cobalion|223/277|[from] item: Life Orb\n|move|p2a: Koraidon|U-turn|p1a: Cobalion\n|-resisted|p1a: Cobalion\n|-damage|p1a: Cobalion|195/277\n|\n|t:|1781387661\n|switch|p2a: Sylveon|Sylveon, L85, M|300/300|[from] U-turn\n|\n|-weather|SunnyDay|[upkeep]\n|upkeep\n|turn|9\n|\n|t:|1781387669\n|move|p1a: Cobalion|Iron Head|p2a: Sylveon\n|-supereffective|p2a: Sylveon\n|-damage|p2a: Sylveon|82/300\n|-damage|p1a: Cobalion|168/277|[from] item: Life Orb\n|move|p2a: Sylveon|Hyper Voice|p1a: Cobalion\n|-damage|p1a: Cobalion|0 fnt\n|faint|p1a: Cobalion\n|\n|-weather|SunnyDay|[upkeep]\n|-heal|p2a: Sylveon|100/300|[from] item: Leftovers\n|upkeep\n|\n|t:|1781387681\n|switch|p1a: Minior|Minior-Yellow, L79|224/224\n|-formechange|p1a: Minior|Minior-Meteor||[from] ability: Shields Down\n|turn|10\n|\n|t:|1781387685\n|switch|p2a: Sableye|Sableye, L88, M|231/231\n|-terastallize|p1a: Minior|Steel\n|move|p1a: Minior|Shell Smash|p1a: Minior\n|-unboost|p1a: Minior|def|1\n|-unboost|p1a: Minior|spd|1\n|-boost|p1a: Minior|atk|2\n|-boost|p1a: Minior|spa|2\n|-boost|p1a: Minior|spe|2\n|-enditem|p1a: Minior|White Herb\n|-clearnegativeboost|p1a: Minior|[silent]\n|\n|-weather|SunnyDay|[upkeep]\n|upkeep\n|turn|11\n|\n|t:|1781387695\n|switch|p1a: Primarina|Primarina, L83, M|268/268\n|move|p2a: Sableye|Encore||[still]\n|-fail|p2a: Sableye\n|\n|-weather|SunnyDay|[upkeep]\n|upkeep\n|turn|12\n|\n|t:|1781387702\n|switch|p2a: Glimmora|Glimmora, L75, M|248/248\n|move|p1a: Primarina|Moonblast|p2a: Glimmora\n|-resisted|p2a: Glimmora\n|-damage|p2a: Glimmora|136/248\n|\n|-weather|none\n|upkeep\n|turn|13\n|\n|t:|1781387711\n|switch|p1a: Minior|Minior-Yellow, L79, tera:Steel|224/224\n|-formechange|p1a: Minior|Minior-Meteor||[from] ability: Shields Down\n|move|p2a: Glimmora|Sludge Wave|p1a: Minior\n|-immune|p1a: Minior\n|\n|upkeep\n|turn|14\n|\n|t:|1781387724\n|move|p2a: Glimmora|Earth Power|p1a: Minior\n|-supereffective|p1a: Minior\n|-damage|p1a: Minior|100/224\n|move|p1a: Minior|Shell Smash|p1a: Minior\n|-unboost|p1a: Minior|def|1\n|-unboost|p1a: Minior|spd|1\n|-boost|p1a: Minior|atk|2\n|-boost|p1a: Minior|spa|2\n|-boost|p1a: Minior|spe|2\n|\n|-formechange|p1a: Minior|Minior-Yellow||[from] ability: Shields Down\n|upkeep\n|turn|15\n|\n|t:|1781387734\n|move|p1a: Minior|Earthquake|p2a: Glimmora\n|-supereffective|p2a: Glimmora\n|-damage|p2a: Glimmora|0 fnt\n|-activate|p2a: Glimmora|ability: Toxic Debris\n|-sidestart|p1: sev04|move: Toxic Spikes\n|faint|p2a: Glimmora\n|\n|upkeep\n|\n|t:|1781387746\n|switch|p2a: Sableye|Sableye, L88, M|231/231\n|turn|16\n|\n|t:|1781387758\n|move|p2a: Sableye|Encore|p1a: Minior\n|-start|p1a: Minior|Encore\n|move|p1a: Minior|Earthquake|p2a: Sableye\n|-damage|p2a: Sableye|94/231\n|\n|-heal|p2a: Sableye|108/231|[from] item: Leftovers\n|upkeep\n|turn|17\n|\n|t:|1781387766\n|move|p2a: Sableye|Will-O-Wisp|p1a: Minior\n|-status|p1a: Minior|brn\n|move|p1a: Minior|Earthquake|p2a: Sableye\n|-damage|p2a: Sableye|37/231\n|\n|-heal|p2a: Sableye|51/231|[from] item: Leftovers\n|-damage|p1a: Minior|86/224 brn|[from] brn\n|upkeep\n|turn|18\n|\n|t:|1781387777\n|move|p1a: Minior|Earthquake|p2a: Sableye\n|-damage|p2a: Sableye|0 fnt\n|faint|p2a: Sableye\n|\n|-damage|p1a: Minior|72/224 brn|[from] brn\n|-end|p1a: Minior|Encore\n|upkeep\n|\n|t:|1781387782\n|switch|p2a: Sylveon|Sylveon, L85, M|100/300\n|turn|19\n|\n|t:|1781387785\n|move|p1a: Minior|Power Gem|p2a: Sylveon\n|-damage|p2a: Sylveon|0 fnt\n|faint|p2a: Sylveon\n|\n|-damage|p1a: Minior|58/224 brn|[from] brn\n|upkeep\n|-message|walter parigi forfeited.\n|\n|win|sev04\n|raw|sev04's rating: 1663 &rarr; <strong>1680</strong><br />(+17 for winning)\n|raw|walter parigi's rating: 1612 &rarr; <strong>1595</strong><br />(-17 for losing)\n|l|\u2606walter parigi\n|player|p2|\n", "inputlog": ">version a8376a258c1d4662feba110a92103f3664a72141\n>start {\"formatid\":\"gen9randombattle\",\"seed\":\"sodium,88ccb1e028f06eb8c2568215757a8266\",\"rated\":\"Rated battle\"}\n>player p1 {\"name\":\"sev04\",\"avatar\":\"101\",\"rating\":1663,\"seed\":\"sodium,faa61cd603fc0d719934506c953cd7bc\"}\n>player p2 {\"name\":\"walter parigi\",\"avatar\":\"aaron\",\"rating\":1612,\"seed\":\"sodium,7227b618a4a91d45fa102a6a0743e103\"}\n>p1 move swordsdance\n>p2 move sunnyday\n>p1 move ivycudgel\n>p2 move fireblast\n>p2 switch 6\n>p1 move ivycudgel\n>p2 move earthpower\n>p1 switch 3\n>p1 switch 6\n>p2 move thunderwave\n>p1 switch 6\n>p2 move thunderbolt\n>p1 move gigadrain\n>p2 move earthpower\n>p1 switch 4\n>p1 move closecombat\n>p2 move earthpower\n>p2 switch 5\n>p1 move closecombat\n>p2 move uturn\n>p2 switch 3\n>p1 move ironhead\n>p2 move hypervoice\n>p1 switch 6\n>p1 move shellsmash terastallize\n>p2 switch 4\n>p1 switch 5\n>p2 move encore\n>p1 move moonblast\n>p2 switch 2\n>p1 switch 5\n>p2 move sludgewave\n>p1 move shellsmash\n>p2 move earthpower\n>p1 move earthquake\n>p2 move earthpower\n>p2 switch 2\n>p1 move powergem\n>p2 move encore\n>p1 move earthquake\n>p2 move willowisp\n>p1 move earthquake\n>p2 move knockoff\n>p2 switch 4\n>p1 move powergem\n>p2 move wish\n>forcelose p2", "uploadtime": 1781387796, "views": 4, "formatid": "gen9randombattle", "rating": 1595, "private": 0, "password": null}