{"id": "gen9randombattle-2631728390", "format": "[Gen 9] Random Battle", "players": ["labrys#031", "auramonster3000"], "log": "|j|\u2606labrys#031\n|j|\u2606auramonster3000\n|t:|1781429704\n|gametype|singles\n|player|p1|labrys#031|1|1552\n|player|p2|auramonster3000|170|1561\n|gen|9\n|tier|[Gen 9] Random Battle\n|rated|\n|rule|Species Clause: Limit one of each Pok\u00e9mon\n|rule|HP Percentage Mod: HP is shown in percentages\n|rule|Sleep Clause Mod: Limit one foe put to sleep\n|rule|Illusion Level Mod: Illusion disguises the Pok\u00e9mon's true level\n|\n|t:|1781429704\n|teamsize|p1|6\n|teamsize|p2|6\n|start\n|switch|p1a: Espeon|Espeon, L84, M|246/246\n|switch|p2a: Magearna|Magearna-Original, L77|250/250\n|turn|1\n|\n|t:|1781429719\n|move|p1a: Espeon|Shadow Ball|p2a: Magearna\n|-damage|p2a: Magearna|163/250\n|-unboost|p2a: Magearna|spd|1\n|move|p2a: Magearna|Volt Switch|p1a: Espeon\n|-damage|p1a: Espeon|200/246\n|\n|t:|1781429756\n|switch|p2a: Pyroar|Pyroar, L88, F|295/295|[from] Volt Switch\n|-ability|p2a: Pyroar|Unnerve\n|\n|upkeep\n|turn|2\n|\n|t:|1781429770\n|switch|p1a: Emboar|Emboar, L84, F|322/322\n|move|p2a: Pyroar|Fire Blast|p1a: Emboar\n|-resisted|p1a: Emboar\n|-damage|p1a: Emboar|263/322\n|\n|upkeep\n|turn|3\n|\n|t:|1781429800\n|switch|p2a: Swanna|Swanna, L89, M|278/278\n|move|p1a: Emboar|Close Combat|p2a: Swanna\n|-resisted|p2a: Swanna\n|-damage|p2a: Swanna|193/278\n|-unboost|p1a: Emboar|def|1\n|-unboost|p1a: Emboar|spd|1\n|\n|upkeep\n|turn|4\n|\n|t:|1781429810\n|switch|p1a: Regigigas|Regigigas, L84|322/322\n|-start|p1a: Regigigas|ability: Slow Start\n|move|p2a: Swanna|Roost|p2a: Swanna\n|-heal|p2a: Swanna|278/278\n|-singleturn|p2a: Swanna|move: Roost\n|\n|upkeep\n|turn|5\n|\n|t:|1781429815\n|move|p2a: Swanna|Brave Bird|p1a: Regigigas\n|-damage|p1a: Regigigas|217/322\n|-damage|p2a: Swanna|243/278|[from] Recoil\n|move|p1a: Regigigas|Body Slam|p2a: Swanna\n|-damage|p2a: Swanna|158/278\n|-status|p2a: Swanna|par\n|\n|-heal|p1a: Regigigas|237/322|[from] item: Leftovers\n|upkeep\n|turn|6\n|\n|t:|1781429827\n|move|p1a: Regigigas|Protect|p1a: Regigigas\n|-singleturn|p1a: Regigigas|Protect\n|cant|p2a: Swanna|par\n|\n|-heal|p1a: Regigigas|257/322|[from] item: Leftovers\n|upkeep\n|turn|7\n|\n|t:|1781429833\n|cant|p2a: Swanna|par\n|move|p1a: Regigigas|Substitute|p1a: Regigigas\n|-start|p1a: Regigigas|Substitute\n|-damage|p1a: Regigigas|177/322\n|\n|-heal|p1a: Regigigas|197/322|[from] item: Leftovers\n|upkeep\n|turn|8\n|\n|t:|1781429839\n|move|p1a: Regigigas|Protect|p1a: Regigigas\n|-singleturn|p1a: Regigigas|Protect\n|move|p2a: Swanna|Roost|p2a: Swanna\n|-heal|p2a: Swanna|278/278 par\n|-singleturn|p2a: Swanna|move: Roost\n|\n|-heal|p1a: Regigigas|217/322|[from] item: Leftovers\n|upkeep\n|turn|9\n|\n|t:|1781429850\n|switch|p2a: Zacian|Zacian-Crowned, L64|225/225\n|-ability|p2a: Zacian|Intrepid Sword|boost\n|-boost|p2a: Zacian|atk|1\n|move|p1a: Regigigas|Substitute|p1a: Regigigas\n|-fail|p1a: Regigigas|move: Substitute\n|\n|-heal|p1a: Regigigas|237/322|[from] item: Leftovers\n|-end|p1a: Regigigas|Slow Start\n|upkeep\n|turn|10\n|\n|t:|1781429865\n|move|p2a: Zacian|Swords Dance|p2a: Zacian\n|-boost|p2a: Zacian|atk|2\n|move|p1a: Regigigas|Body Slam|p2a: Zacian\n|-resisted|p2a: Zacian\n|-damage|p2a: Zacian|154/225\n|\n|-heal|p1a: Regigigas|257/322|[from] item: Leftovers\n|upkeep\n|turn|11\n|\n|t:|1781429883\n|move|p2a: Zacian|Close Combat|p1a: Regigigas\n|-supereffective|p1a: Regigigas\n|-end|p1a: Regigigas|Substitute\n|-unboost|p2a: Zacian|def|1\n|-unboost|p2a: Zacian|spd|1\n|move|p1a: Regigigas|Body Slam|p2a: Zacian\n|-resisted|p2a: Zacian\n|-damage|p2a: Zacian|49/225\n|-status|p2a: Zacian|par\n|\n|-heal|p1a: Regigigas|277/322|[from] item: Leftovers\n|upkeep\n|turn|12\n|\n|t:|1781429889\n|move|p1a: Regigigas|Protect|p1a: Regigigas\n|-singleturn|p1a: Regigigas|Protect\n|move|p2a: Zacian|Close Combat|p1a: Regigigas\n|-activate|p1a: Regigigas|move: Protect\n|\n|-heal|p1a: Regigigas|297/322|[from] item: Leftovers\n|upkeep\n|turn|13\n|\n|t:|1781429893\n|move|p1a: Regigigas|Body Slam|p2a: Zacian\n|-resisted|p2a: Zacian\n|-damage|p2a: Zacian|0 fnt\n|faint|p2a: Zacian\n|\n|-heal|p1a: Regigigas|317/322|[from] item: Leftovers\n|upkeep\n|\n|t:|1781429926\n|switch|p2a: Swanna|Swanna, L89, M|278/278 par\n|turn|14\n|\n|t:|1781429935\n|move|p1a: Regigigas|Substitute|p1a: Regigigas\n|-start|p1a: Regigigas|Substitute\n|-damage|p1a: Regigigas|237/322\n|move|p2a: Swanna|Brave Bird|p1a: Regigigas\n|-end|p1a: Regigigas|Substitute\n|-damage|p2a: Swanna|252/278 par|[from] Recoil|[of] p1a: Regigigas\n|\n|-heal|p1a: Regigigas|257/322|[from] item: Leftovers\n|upkeep\n|turn|15\n|\n|t:|1781429956\n|move|p1a: Regigigas|Substitute|p1a: Regigigas\n|-start|p1a: Regigigas|Substitute\n|-damage|p1a: Regigigas|177/322\n|move|p2a: Swanna|Brave Bird|p1a: Regigigas\n|-end|p1a: Regigigas|Substitute\n|-damage|p2a: Swanna|226/278 par|[from] Recoil|[of] p1a: Regigigas\n|\n|-heal|p1a: Regigigas|197/322|[from] item: Leftovers\n|upkeep\n|turn|16\n|\n|t:|1781429959\n|move|p1a: Regigigas|Substitute|p1a: Regigigas\n|-start|p1a: Regigigas|Substitute\n|-damage|p1a: Regigigas|117/322\n|move|p2a: Swanna|Brave Bird|p1a: Regigigas\n|-end|p1a: Regigigas|Substitute\n|-damage|p2a: Swanna|200/278 par|[from] Recoil|[of] p1a: Regigigas\n|\n|-heal|p1a: Regigigas|137/322|[from] item: Leftovers\n|upkeep\n|turn|17\n|\n|t:|1781429961\n|move|p1a: Regigigas|Protect|p1a: Regigigas\n|-singleturn|p1a: Regigigas|Protect\n|move|p2a: Swanna|Brave Bird|p1a: Regigigas\n|-activate|p1a: Regigigas|move: Protect\n|\n|-heal|p1a: Regigigas|157/322|[from] item: Leftovers\n|upkeep\n|turn|18\n|\n|t:|1781429963\n|move|p1a: Regigigas|Substitute|p1a: Regigigas\n|-start|p1a: Regigigas|Substitute\n|-damage|p1a: Regigigas|77/322\n|cant|p2a: Swanna|par\n|\n|-heal|p1a: Regigigas|97/322|[from] item: Leftovers\n|upkeep\n|turn|19\n|\n|t:|1781429966\n|move|p1a: Regigigas|Body Slam|p2a: Swanna\n|-damage|p2a: Swanna|47/278 par\n|move|p2a: Swanna|Brave Bird|p1a: Regigigas\n|-end|p1a: Regigigas|Substitute\n|-damage|p2a: Swanna|21/278 par|[from] Recoil|[of] p1a: Regigigas\n|\n|-heal|p1a: Regigigas|117/322|[from] item: Leftovers\n|upkeep\n|turn|20\n|\n|t:|1781429973\n|move|p1a: Regigigas|Knock Off|p2a: Swanna\n|-damage|p2a: Swanna|0 fnt\n|-enditem|p2a: Swanna|Heavy-Duty Boots|[from] move: Knock Off|[of] p1a: Regigigas\n|faint|p2a: Swanna\n|\n|-heal|p1a: Regigigas|137/322|[from] item: Leftovers\n|upkeep\n|\n|t:|1781430000\n|switch|p2a: Pyroar|Pyroar, L88, F|295/295\n|-ability|p2a: Pyroar|Unnerve\n|turn|21\n|\n|t:|1781430005\n|switch|p1a: Emboar|Emboar, L84, F|263/322\n|move|p2a: Pyroar|Fire Blast|p1a: Emboar\n|-resisted|p1a: Emboar\n|-damage|p1a: Emboar|202/322\n|\n|upkeep\n|turn|22\n|\n|t:|1781430020\n|move|p2a: Pyroar|Hyper Voice|p1a: Emboar\n|-damage|p1a: Emboar|105/322\n|move|p1a: Emboar|Close Combat|p2a: Pyroar\n|-supereffective|p2a: Pyroar\n|-damage|p2a: Pyroar|0 fnt\n|-unboost|p1a: Emboar|def|1\n|-unboost|p1a: Emboar|spd|1\n|faint|p2a: Pyroar\n|\n|upkeep\n|c|\u2606auramonster3000|ur dead so shit\n|c|\u2606labrys#031|?\n|\n|t:|1781430042\n|switch|p2a: Mightyena|Mightyena, L96, M|290/290\n|-ability|p2a: Mightyena|Intimidate|boost\n|-unboost|p1a: Emboar|atk|1\n|turn|23\n|\n|t:|1781430046\n|move|p2a: Mightyena|Play Rough|p1a: Emboar|[miss]\n|-miss|p2a: Mightyena|p1a: Emboar\n|move|p1a: Emboar|Close Combat|p2a: Mightyena\n|-supereffective|p2a: Mightyena\n|-damage|p2a: Mightyena|72/290\n|-unboost|p1a: Emboar|def|1\n|-unboost|p1a: Emboar|spd|1\n|\n|upkeep\n|turn|24\n|c|\u2606auramonster3000|like bro\n|\n|t:|1781430055\n|move|p1a: Emboar|Sucker Punch|p2a: Mightyena\n|-resisted|p2a: Mightyena\n|-damage|p2a: Mightyena|52/290\n|move|p2a: Mightyena|Play Rough|p1a: Emboar\n|-damage|p1a: Emboar|0 fnt\n|faint|p1a: Emboar\n|\n|upkeep\n|\n|t:|1781430062\n|switch|p1a: Urshifu|Urshifu, L74, F|270/270\n|turn|25\n|\n|t:|1781430077\n|switch|p2a: Magearna|Magearna-Original, L77|163/250\n|move|p1a: Urshifu|Close Combat|p2a: Magearna\n|-crit|p2a: Magearna\n|-damage|p2a: Magearna|0 fnt\n|-unboost|p1a: Urshifu|def|1\n|-unboost|p1a: Urshifu|spd|1\n|faint|p2a: Magearna\n|-damage|p1a: Urshifu|243/270|[from] item: Life Orb\n|\n|upkeep\n|c|\u2606auramonster3000|top 1 most lucky players oat\n|c|\u2606labrys#031|nha\n|c|\u2606auramonster3000|100% body slam paralyzes 100% crits 100% evasives\n|c|\u2606labrys#031|if you meant the zacian\n|c|\u2606labrys#031|i had a scarf ditto\n|c|\u2606labrys#031|so it wouldnt mattered\n|c|\u2606auramonster3000|idec\n|c|\u2606auramonster3000|u got it\n|-message|auramonster3000 forfeited.\n|\n|win|labrys#031\n", "inputlog": ">version a8376a258c1d4662feba110a92103f3664a72141\n>start {\"formatid\":\"gen9randombattle\",\"seed\":\"sodium,d592dd0df398c7f718d797c90c5e4155\",\"rated\":\"Rated battle\"}\n>player p1 {\"name\":\"labrys#031\",\"avatar\":\"1\",\"rating\":1552,\"seed\":\"sodium,74224f9d445dc61bbd007d4daa4d594f\"}\n>player p2 {\"name\":\"auramonster3000\",\"avatar\":\"170\",\"rating\":1561,\"seed\":\"sodium,facc054de4e3b44cc82e345ae67a110b\"}\n>p1 move shadowball\n>p2 move voltswitch\n>p2 switch 4\n>p1 switch 3\n>p2 move fireblast\n>p1 move closecombat\n>p2 switch 3\n>p1 switch 2\n>p2 move roost\n>p1 move bodyslam\n>p2 move bravebird\n>p1 move protect\n>p2 move roost\n>p1 move substitute\n>p2 move roost\n>p1 move protect\n>p2 move roost\n>p1 move substitute\n>p2 switch 2\n>p1 move bodyslam\n>p2 move swordsdance\n>p1 move bodyslam\n>p2 move closecombat\n>p1 move protect\n>p2 move closecombat\n>p1 move bodyslam\n>p2 move closecombat\n>p2 switch 2\n>p1 move substitute\n>p2 move bravebird\n>p1 move substitute\n>p2 move bravebird\n>p1 move substitute\n>p2 move bravebird\n>p1 move protect\n>p2 move bravebird\n>p1 move substitute\n>p2 move bravebird\n>p1 move bodyslam\n>p2 move bravebird\n>p1 move knockoff\n>p2 move bravebird\n>p2 switch 3\n>p1 switch 2\n>p2 move fireblast\n>p1 move closecombat\n>p2 move hypervoice\n>chat \u2606auramonster3000|ur dead so shit\n>chat \u2606labrys#031|?\n>p2 switch 6\n>p1 move closecombat\n>p2 move playrough\n>chat \u2606auramonster3000|like bro\n>p1 move suckerpunch\n>p2 move playrough\n>p1 switch 4\n>p1 move closecombat\n>p2 switch 4\n>chat \u2606auramonster3000|top 1 most lucky players oat\n>chat \u2606labrys#031|nha\n>chat \u2606auramonster3000|100% body slam paralyzes 100% crits 100% evasives\n>chat \u2606labrys#031|if you meant the zacian\n>chat \u2606labrys#031|i had a scarf ditto\n>chat \u2606labrys#031|so it wouldnt mattered\n>chat \u2606auramonster3000|idec\n>chat \u2606auramonster3000|u got it\n>forcelose p2", "uploadtime": 1781430029, "views": 3, "formatid": "gen9randombattle", "rating": null, "private": 0, "password": null}