{"id": "gen9randombattle-2631679734", "format": "[Gen 9] Random Battle", "players": ["fane64450", "JHTSTT"], "log": "|j|\u2606fane64450\n|j|\u2606JHTSTT\n|t:|1781420361\n|gametype|singles\n|player|p1|fane64450|flannery|1132\n|player|p2|JHTSTT|dawn|1100\n|gen|9\n|tier|[Gen 9] Random Battle\n|rated|\n|rule|Species Clause: Limit one of each Pok\u00e9mon\n|rule|HP Percentage Mod: HP is shown in percentages\n|rule|Sleep Clause Mod: Limit one foe put to sleep\n|rule|Illusion Level Mod: Illusion disguises the Pok\u00e9mon's true level\n|\n|t:|1781420361\n|teamsize|p1|6\n|teamsize|p2|6\n|start\n|switch|p1a: Primarina|Primarina, L83, M|268/268\n|switch|p2a: Typhlosion|Typhlosion-Hisui, L83, F|257/257\n|turn|1\n|\n|t:|1781420376\n|switch|p2a: Rotom|Rotom-Mow, L87|229/229\n|move|p1a: Primarina|Flip Turn|p2a: Rotom\n|-resisted|p2a: Rotom\n|-damage|p2a: Rotom|206/229\n|\n|t:|1781420393\n|switch|p1a: Pawmot|Pawmot, L80, F|243/243|[from] Flip Turn\n|\n|-heal|p2a: Rotom|220/229|[from] item: Leftovers\n|upkeep\n|turn|2\n|\n|t:|1781420428\n|move|p1a: Pawmot|Ice Punch|p2a: Rotom\n|-supereffective|p2a: Rotom\n|-damage|p2a: Rotom|87/229\n|-damage|p1a: Pawmot|219/243|[from] item: Life Orb\n|move|p2a: Rotom|Leaf Storm|p1a: Pawmot\n|-damage|p1a: Pawmot|20/243\n|-unboost|p2a: Rotom|spa|2\n|\n|-heal|p2a: Rotom|101/229|[from] item: Leftovers\n|upkeep\n|turn|3\n|\n|t:|1781420453\n|move|p1a: Pawmot|Ice Punch|p2a: Rotom\n|-supereffective|p2a: Rotom\n|-damage|p2a: Rotom|0 fnt\n|faint|p2a: Rotom\n|-damage|p1a: Pawmot|0 fnt|[from] item: Life Orb\n|faint|p1a: Pawmot\n|\n|upkeep\n|\n|t:|1781420462\n|switch|p1a: Primarina|Primarina, L83, M|268/268\n|switch|p2a: Scyther|Scyther, L82, M|249/249\n|turn|4\n|\n|t:|1781420476\n|move|p2a: Scyther|Swords Dance|p2a: Scyther\n|-boost|p2a: Scyther|atk|2\n|move|p1a: Primarina|Flip Turn|p2a: Scyther\n|-damage|p2a: Scyther|191/249\n|\n|t:|1781420485\n|switch|p1a: Espeon|Espeon, L84, M|246/246|[from] Flip Turn\n|\n|upkeep\n|turn|5\n|\n|t:|1781420507\n|move|p1a: Espeon|Alluring Voice|p2a: Scyther\n|-damage|p2a: Scyther|81/249\n|move|p2a: Scyther|Bug Bite|p1a: Espeon\n|-supereffective|p1a: Espeon\n|-crit|p1a: Espeon\n|-damage|p1a: Espeon|0 fnt\n|faint|p1a: Espeon\n|\n|upkeep\n|\n|t:|1781420516\n|switch|p1a: Pincurchin|Pincurchin, F|258/258\n|-fieldstart|move: Electric Terrain|[from] ability: Electric Surge|[of] p1a: Pincurchin\n|turn|6\n|\n|t:|1781420532\n|move|p2a: Scyther|Close Combat|p1a: Pincurchin\n|-damage|p1a: Pincurchin|114/258\n|-unboost|p2a: Scyther|def|1\n|-unboost|p2a: Scyther|spd|1\n|move|p1a: Pincurchin|Spikes|p2a: Scyther\n|-sidestart|p2: JHTSTT|Spikes\n|\n|-heal|p1a: Pincurchin|130/258|[from] item: Leftovers\n|upkeep\n|turn|7\n|\n|t:|1781420549\n|-terastallize|p2a: Scyther|Fighting\n|move|p2a: Scyther|Close Combat|p1a: Pincurchin\n|-damage|p1a: Pincurchin|0 fnt\n|-unboost|p2a: Scyther|def|1\n|-unboost|p2a: Scyther|spd|1\n|faint|p1a: Pincurchin\n|\n|upkeep\n|\n|t:|1781420557\n|switch|p1a: Sylveon|Sylveon, L85, F|300/300\n|turn|8\n|\n|t:|1781420566\n|move|p2a: Scyther|Dual Wingbeat|p1a: Sylveon\n|-damage|p1a: Sylveon|126/300\n|-damage|p1a: Sylveon|0 fnt\n|faint|p1a: Sylveon\n|-hitcount|p1: Sylveon|2\n|\n|upkeep\n|\n|t:|1781420573\n|switch|p1a: Braviary|Braviary, L85, M|309/309\n|turn|9\n|\n|t:|1781420583\n|move|p2a: Scyther|Close Combat|p1a: Braviary\n|-damage|p1a: Braviary|0 fnt\n|-unboost|p2a: Scyther|def|1\n|-unboost|p2a: Scyther|spd|1\n|faint|p1a: Braviary\n|\n|upkeep\n|\n|t:|1781420589\n|switch|p1a: Primarina|Primarina, L83, M|268/268\n|turn|10\n|\n|t:|1781420596\n|move|p2a: Scyther|Dual Wingbeat|p1a: Primarina\n|-damage|p1a: Primarina|109/268\n|-damage|p1a: Primarina|0 fnt\n|faint|p1a: Primarina\n|-hitcount|p1: Primarina|2\n|\n|win|JHTSTT\n|raw|fane64450's rating: 1132 &rarr; <strong>1103</strong><br />(-29 for losing)\n|raw|JHTSTT's rating: 1077 &rarr; <strong>1110</strong><br />(+33 for winning)\n|l|\u2606fane64450\n|player|p1|\n", "inputlog": ">version a8376a258c1d4662feba110a92103f3664a72141\n>start {\"formatid\":\"gen9randombattle\",\"seed\":\"sodium,0e77edd6381d67a9adfe9c8cda3e9a10\",\"rated\":\"Rated battle\"}\n>player p1 {\"name\":\"fane64450\",\"avatar\":\"flannery\",\"rating\":1132,\"seed\":\"sodium,41d30fb1e2a33c25eca1ecc8ba4cc5d2\"}\n>player p2 {\"name\":\"JHTSTT\",\"avatar\":\"dawn\",\"rating\":1100,\"seed\":\"sodium,76da1ae86b3a6327756da8a6e5473d5a\"}\n>p1 move flipturn\n>p2 switch 5\n>p1 switch 3\n>p1 move icepunch\n>p2 move leafstorm\n>p1 move icepunch\n>p2 move thunderbolt\n>p1 switch 3\n>p2 switch 3\n>p1 move flipturn\n>p2 move swordsdance\n>p1 switch 6\n>p1 move alluringvoice\n>p2 move bugbite\n>p1 switch 5\n>p1 move spikes\n>p2 move closecombat\n>p1 move discharge\n>p2 move closecombat terastallize\n>p1 switch 4\n>p1 move hypervoice\n>p2 move dualwingbeat\n>p1 switch 2\n>p1 move bravebird\n>p2 move closecombat\n>p1 switch 6\n>p1 move moonblast\n>p2 move dualwingbeat", "uploadtime": 1781420612, "views": 4, "formatid": "gen9randombattle", "rating": 1103, "private": 0, "password": null}