{"id": "gen9randombattle-2631834092", "format": "[Gen 9] Random Battle", "players": ["dragonlift", "JIdoubledash"], "log": "|j|\u2606dragonlift\n|j|\u2606JIdoubledash\n|t:|1781446030\n|gametype|singles\n|player|p1|dragonlift|102|1981\n|player|p2|JIdoubledash|miku-ghost|1904\n|gen|9\n|tier|[Gen 9] Random Battle\n|rated|\n|rule|Species Clause: Limit one of each Pok\u00e9mon\n|rule|HP Percentage Mod: HP is shown in percentages\n|rule|Sleep Clause Mod: Limit one foe put to sleep\n|rule|Illusion Level Mod: Illusion disguises the Pok\u00e9mon's true level\n|\n|t:|1781446030\n|teamsize|p1|6\n|teamsize|p2|6\n|start\n|switch|p1a: Hatterene|Hatterene, L85, F|236/236\n|switch|p2a: Scyther|Scyther, L82, M|249/249\n|turn|1\n|inactive|Battle timer is ON: inactive players will automatically lose when time's up. (requested by JIdoubledash)\n|inactive|dragonlift also wants the timer to be on.\n|\n|t:|1781446045\n|move|p2a: Scyther|Bug Bite|p1a: Hatterene\n|-crit|p1a: Hatterene\n|-damage|p1a: Hatterene|89/236\n|move|p1a: Hatterene|Nuzzle|p2a: Scyther\n|-supereffective|p2a: Scyther\n|-damage|p2a: Scyther|229/249\n|-status|p2a: Scyther|par\n|\n|upkeep\n|turn|2\n|\n|t:|1781446060\n|move|p2a: Scyther|Dual Wingbeat|p1a: Hatterene\n|-damage|p1a: Hatterene|20/236\n|-damage|p1a: Hatterene|0 fnt\n|faint|p1a: Hatterene\n|-hitcount|p1: Hatterene|2\n|\n|upkeep\n|\n|t:|1781446075\n|switch|p1a: Roaring Moon|Roaring Moon, L72|270/270\n|turn|3\n|\n|t:|1781446080\n|move|p1a: Roaring Moon|Dragon Dance|p1a: Roaring Moon\n|-boost|p1a: Roaring Moon|atk|1\n|-boost|p1a: Roaring Moon|spe|1\n|cant|p2a: Scyther|par\n|\n|upkeep\n|turn|4\n|\n|t:|1781446094\n|move|p1a: Roaring Moon|Iron Head|p2a: Scyther\n|-damage|p2a: Scyther|164/249 par\n|cant|p2a: Scyther|flinch\n|\n|upkeep\n|turn|5\n|\n|t:|1781446110\n|-terastallize|p1a: Roaring Moon|Dark\n|move|p1a: Roaring Moon|Knock Off|p2a: Scyther\n|-damage|p2a: Scyther|10/249 par\n|-enditem|p2a: Scyther|Eviolite|[from] move: Knock Off|[of] p1a: Roaring Moon\n|move|p2a: Scyther|Bug Bite|p1a: Roaring Moon\n|-supereffective|p1a: Roaring Moon\n|-damage|p1a: Roaring Moon|18/270\n|-enditem|p1a: Roaring Moon|Lum Berry|[from] stealeat|[move] Bug Bite|[of] p2a: Scyther\n|-curestatus|p2a: Scyther|par|[msg]\n|\n|upkeep\n|turn|6\n|inactive|JIdoubledash has 120 seconds left.\n|\n|t:|1781446141\n|switch|p2a: Chesnaught|Chesnaught, L84, M|285/285\n|move|p1a: Roaring Moon|Knock Off|p2a: Chesnaught\n|-resisted|p2a: Chesnaught\n|-damage|p2a: Chesnaught|206/285\n|-enditem|p2a: Chesnaught|Leftovers|[from] move: Knock Off|[of] p1a: Roaring Moon\n|\n|upkeep\n|turn|7\n|\n|t:|1781446162\n|move|p1a: Roaring Moon|Iron Head|p2a: Chesnaught\n|-damage|p2a: Chesnaught|141/285\n|move|p2a: Chesnaught|Trailblaze|p1a: Roaring Moon\n|-damage|p1a: Roaring Moon|0 fnt\n|-boost|p2a: Chesnaught|spe|1\n|faint|p1a: Roaring Moon\n|-end|p1a: Roaring Moon|Protosynthesis|[silent]\n|\n|upkeep\n|\n|t:|1781446167\n|switch|p1a: Gardevoir|Gardevoir, L83, F|249/249\n|-ability|p1a: Gardevoir|Bulletproof|Trace|[from] ability: Trace|[of] p2a: Chesnaught\n|turn|8\n|\n|t:|1781446174\n|switch|p2a: Bellibolt|Bellibolt, L84, M|320/320\n|move|p1a: Gardevoir|Moonblast|p2a: Bellibolt\n|-crit|p2a: Bellibolt\n|-damage|p2a: Bellibolt|127/320\n|-start|p2a: Bellibolt|Charge|Moonblast|[from] ability: Electromorphosis\n|\n|-heal|p2a: Bellibolt|147/320|[from] item: Leftovers\n|upkeep\n|turn|9\n|\n|t:|1781446181\n|move|p1a: Gardevoir|Moonblast|p2a: Bellibolt\n|-crit|p2a: Bellibolt\n|-damage|p2a: Bellibolt|0 fnt\n|faint|p2a: Bellibolt\n|\n|upkeep\n|c|\u2606JIdoubledash|double crit to kill, damn\n|c|\u2606JIdoubledash|this is such a strange match\n|inactive|JIdoubledash has 120 seconds left.\n|\n|t:|1781446213\n|switch|p2a: Volbeat|Volbeat, L90, M|263/263\n|turn|10\n|\n|t:|1781446216\n|move|p2a: Volbeat|Thunder Wave|p1a: Gardevoir\n|-status|p1a: Gardevoir|par\n|move|p1a: Gardevoir|Moonblast|p2a: Volbeat\n|-damage|p2a: Volbeat|145/263\n|-unboost|p2a: Volbeat|spa|1\n|\n|upkeep\n|turn|11\n|\n|t:|1781446225\n|move|p2a: Volbeat|Roost|p2a: Volbeat\n|-heal|p2a: Volbeat|263/263\n|-singleturn|p2a: Volbeat|move: Roost\n|move|p1a: Gardevoir|Moonblast|p2a: Volbeat\n|-damage|p2a: Volbeat|151/263\n|-unboost|p2a: Volbeat|spa|1\n|\n|upkeep\n|turn|12\n|\n|t:|1781446234\n|switch|p1a: Greninja|Greninja, L80, M|246/246\n|move|p2a: Volbeat|Roost|p2a: Volbeat\n|-heal|p2a: Volbeat|263/263\n|-singleturn|p2a: Volbeat|move: Roost\n|\n|upkeep\n|turn|13\n|\n|t:|1781446246\n|move|p1a: Greninja|Gunk Shot|p2a: Volbeat|[miss]\n|-start|p1a: Greninja|typechange|Poison|[from] ability: Protean\n|-miss|p1a: Greninja|p2a: Volbeat\n|move|p2a: Volbeat|U-turn|p1a: Greninja\n|-resisted|p1a: Greninja\n|-damage|p1a: Greninja|199/246\n|\n|t:|1781446259\n|switch|p2a: Dragonite|Dragonite, L74, M|257/257|[from] U-turn\n|\n|upkeep\n|turn|14\n|\n|t:|1781446268\n|move|p1a: Greninja|U-turn|p2a: Dragonite\n|-resisted|p2a: Dragonite\n|-damage|p2a: Dragonite|241/257\n|-damage|p1a: Greninja|175/246|[from] item: Life Orb\n|\n|t:|1781446272\n|switch|p1a: Gardevoir|Gardevoir, L83, F|249/249 par|[from] U-turn\n|-ability|p1a: Gardevoir|Multiscale|Trace|[from] ability: Trace|[of] p2a: Dragonite\n|move|p2a: Dragonite|Dragon Dance|p2a: Dragonite\n|-boost|p2a: Dragonite|atk|1\n|-boost|p2a: Dragonite|spe|1\n|\n|upkeep\n|turn|15\n|\n|t:|1781446280\n|-terastallize|p2a: Dragonite|Steel\n|move|p2a: Dragonite|Dragon Dance|p2a: Dragonite\n|-boost|p2a: Dragonite|atk|1\n|-boost|p2a: Dragonite|spe|1\n|move|p1a: Gardevoir|Moonblast|p2a: Dragonite\n|-resisted|p2a: Dragonite\n|-damage|p2a: Dragonite|179/257\n|\n|upkeep\n|turn|16\n|\n|t:|1781446288\n|switch|p1a: Copperajah|Copperajah, L86, F|350/350\n|move|p2a: Dragonite|Iron Head|p1a: Copperajah\n|-resisted|p1a: Copperajah\n|-damage|p1a: Copperajah|248/350\n|\n|upkeep\n|turn|17\n|\n|t:|1781446293\n|move|p2a: Dragonite|Earthquake|p1a: Copperajah\n|-supereffective|p1a: Copperajah\n|-damage|p1a: Copperajah|0 fnt\n|faint|p1a: Copperajah\n|\n|upkeep\n|\n|t:|1781446299\n|switch|p1a: Walking Wake|Walking Wake, L79|286/286\n|turn|18\n|\n|t:|1781446304\n|move|p2a: Dragonite|Outrage|p1a: Walking Wake\n|-supereffective|p1a: Walking Wake\n|-damage|p1a: Walking Wake|0 fnt\n|faint|p1a: Walking Wake\n|-end|p1a: Walking Wake|Protosynthesis|[silent]\n|\n|upkeep\n|\n|t:|1781446307\n|switch|p1a: Gardevoir|Gardevoir, L83, F|249/249 par\n|-ability|p1a: Gardevoir|Multiscale|Trace|[from] ability: Trace|[of] p2a: Dragonite\n|turn|19\n|\n|t:|1781446310\n|move|p2a: Dragonite|Outrage|p1a: Gardevoir|[from] lockedmove\n|-immune|p1a: Gardevoir\n|-start|p2a: Dragonite|confusion|[fatigue]\n|cant|p1a: Gardevoir|par\n|\n|upkeep\n|turn|20\n|\n|t:|1781446315\n|-activate|p2a: Dragonite|confusion\n|-damage|p2a: Dragonite|121/257|[from] confusion\n|move|p1a: Gardevoir|Focus Blast|p2a: Dragonite\n|-supereffective|p2a: Dragonite\n|-damage|p2a: Dragonite|0 fnt\n|faint|p2a: Dragonite\n|\n|upkeep\n|\n|t:|1781446330\n|switch|p2a: Chesnaught|Chesnaught, L84, M|141/285\n|turn|21\n|\n|t:|1781446333\n|switch|p1a: Greninja|Greninja, L80, M|175/246\n|move|p2a: Chesnaught|Body Press|p1a: Greninja\n|-supereffective|p1a: Greninja\n|-damage|p1a: Greninja|0 fnt\n|faint|p1a: Greninja\n|\n|upkeep\n|\n|t:|1781446335\n|switch|p1a: Gardevoir|Gardevoir, L83, F|249/249 par\n|-ability|p1a: Gardevoir|Bulletproof|Trace|[from] ability: Trace|[of] p2a: Chesnaught\n|turn|22\n|\n|t:|1781446338\n|move|p2a: Chesnaught|Synthesis|p2a: Chesnaught\n|-heal|p2a: Chesnaught|283/285\n|move|p1a: Gardevoir|Moonblast|p2a: Chesnaught\n|-supereffective|p2a: Chesnaught\n|-damage|p2a: Chesnaught|0 fnt\n|faint|p2a: Chesnaught\n|\n|upkeep\n|\n|t:|1781446352\n|switch|p2a: Scyther|Scyther, L82, M|10/249\n|turn|23\n|\n|t:|1781446356\n|move|p2a: Scyther|Bug Bite|p1a: Gardevoir\n|-damage|p1a: Gardevoir|126/249 par\n|move|p1a: Gardevoir|Moonblast|p2a: Scyther\n|-damage|p2a: Scyther|0 fnt\n|faint|p2a: Scyther\n|\n|upkeep\n|\n|t:|1781446360\n|switch|p2a: Raikou|Raikou, L81|278/278\n|-ability|p2a: Raikou|Pressure\n|turn|24\n|\n|t:|1781446363\n|move|p2a: Raikou|Thunderbolt|p1a: Gardevoir\n|-damage|p1a: Gardevoir|41/249 par\n|move|p1a: Gardevoir|Moonblast|p2a: Raikou\n|-crit|p2a: Raikou\n|-damage|p2a: Raikou|92/278\n|\n|-heal|p2a: Raikou|109/278|[from] item: Leftovers\n|upkeep\n|turn|25\n|\n|t:|1781446366\n|move|p2a: Raikou|Thunderbolt|p1a: Gardevoir\n|-damage|p1a: Gardevoir|0 fnt\n|faint|p1a: Gardevoir\n|\n|win|JIdoubledash\n", "inputlog": ">version a8376a258c1d4662feba110a92103f3664a72141\n>start {\"formatid\":\"gen9randombattle\",\"seed\":\"sodium,9406bab54f6260e978d7f454a72e510b\",\"rated\":\"Rated battle\"}\n>player p1 {\"name\":\"dragonlift\",\"avatar\":\"102\",\"rating\":1981,\"seed\":\"sodium,4ada099813578a4a5c68029c1524dd7b\"}\n>player p2 {\"name\":\"JIdoubledash\",\"avatar\":\"miku-ghost\",\"rating\":1904,\"seed\":\"sodium,c7eaed2b4167631fa91fd99ce8ad5390\"}\n>p1 move nuzzle\n>p2 move bugbite\n>p1 move mysticalfire\n>p2 move dualwingbeat\n>p1 switch 4\n>p1 move dragondance\n>p2 move bugbite\n>p1 move ironhead\n>p2 move bugbite\n>p1 move knockoff terastallize\n>p2 move bugbite\n>p1 move knockoff\n>p2 switch 6\n>p1 move ironhead\n>p2 move trailblaze\n>p1 switch 3\n>p1 move moonblast\n>p2 switch 5\n>p1 move moonblast\n>p2 move slackoff\n>chat \u2606JIdoubledash|double crit to kill, damn\n>chat \u2606JIdoubledash|this is such a strange match\n>p2 switch 4\n>p1 move moonblast\n>p2 move thunderwave\n>p1 move moonblast\n>p2 move roost\n>p1 switch 6\n>p2 move roost\n>p1 move gunkshot\n>p2 move uturn\n>p2 switch 3\n>p1 move uturn\n>p2 move dragondance\n>p1 switch 6\n>p1 move moonblast\n>p2 move dragondance terastallize\n>p1 switch 5\n>p2 move ironhead\n>p1 move earthquake\n>p2 move earthquake\n>p1 switch 2\n>p1 move flamethrower\n>p2 move outrage\n>p1 switch 5\n>p1 move focusblast\n>p2 move outrage\n>p1 move focusblast\n>p2 move ironhead\n>p2 switch 5\n>p1 switch 6\n>p2 move bodypress\n>p1 switch 6\n>p1 move moonblast\n>p2 move synthesis\n>p2 switch 6\n>p1 move moonblast\n>p2 move bugbite\n>p2 switch 2\n>p1 move moonblast\n>p2 move thunderbolt\n>p1 move moonblast\n>p2 move thunderbolt", "uploadtime": 1781446033, "views": 4, "formatid": "gen9randombattle", "rating": null, "private": 0, "password": null}