{"id": "gen9randombattle-2631796805", "format": "[Gen 9] Random Battle", "players": ["olmek987", "Lachrymose"], "log": "|j|\u2606olmek987\n|j|\u203dLachrymose\n|t:|1781441034\n|gametype|singles\n|player|p1|olmek987|morty|1996\n|player|p2|Lachrymose|169|2028\n|gen|9\n|tier|[Gen 9] Random Battle\n|rated|\n|rule|Species Clause: Limit one of each Pok\u00e9mon\n|rule|HP Percentage Mod: HP is shown in percentages\n|rule|Sleep Clause Mod: Limit one foe put to sleep\n|rule|Illusion Level Mod: Illusion disguises the Pok\u00e9mon's true level\n|\n|t:|1781441034\n|teamsize|p1|6\n|teamsize|p2|6\n|start\n|switch|p1a: Ogerpon|Ogerpon-Wellspring, L76, F|247/247\n|switch|p2a: Wyrdeer|Wyrdeer, L87, M|321/321\n|-ability|p2a: Wyrdeer|Intimidate|boost\n|-unboost|p1a: Ogerpon|atk|1\n|turn|1\n|\n|t:|1781441048\n|switch|p1a: Mandibuzz|Mandibuzz, L85, F|326/326\n|move|p2a: Wyrdeer|Thunder Wave|p1a: Mandibuzz\n|-status|p1a: Mandibuzz|par\n|\n|upkeep\n|turn|2\n|\n|t:|1781441070\n|switch|p2a: Tornadus|Tornadus-Therian, L79, M|254/254\n|move|p1a: Mandibuzz|Knock Off|p2a: Tornadus\n|-damage|p2a: Tornadus|158/254\n|-enditem|p2a: Tornadus|Choice Specs|[from] move: Knock Off|[of] p1a: Mandibuzz\n|\n|upkeep\n|turn|3\n|\n|t:|1781441078\n|switch|p2a: Wyrdeer|Wyrdeer, L87, M|321/321\n|-ability|p2a: Wyrdeer|Intimidate|boost\n|-unboost|p1a: Mandibuzz|atk|1\n|move|p1a: Mandibuzz|Toxic|p2a: Wyrdeer\n|-status|p2a: Wyrdeer|tox\n|\n|-damage|p2a: Wyrdeer|301/321 tox|[from] psn\n|upkeep\n|turn|4\n|\n|t:|1781441085\n|switch|p2a: Sylveon|Sylveon, L85, M|300/300\n|move|p1a: Mandibuzz|Knock Off|p2a: Sylveon\n|-resisted|p2a: Sylveon\n|-damage|p2a: Sylveon|267/300\n|-enditem|p2a: Sylveon|Leftovers|[from] move: Knock Off|[of] p1a: Mandibuzz\n|\n|upkeep\n|turn|5\n|\n|t:|1781441094\n|switch|p1a: Kleavor|Kleavor, L78, M|237/237\n|-terastallize|p2a: Sylveon|Steel\n|move|p2a: Sylveon|Hyper Voice|p1a: Kleavor\n|-damage|p1a: Kleavor|84/237\n|\n|upkeep\n|turn|6\n|\n|t:|1781441099\n|switch|p2a: Wyrdeer|Wyrdeer, L87, M|301/321 tox\n|-ability|p2a: Wyrdeer|Intimidate|boost\n|-unboost|p1a: Kleavor|atk|1\n|move|p1a: Kleavor|Stone Axe|p2a: Wyrdeer\n|-damage|p2a: Wyrdeer|208/321 tox\n|-sidestart|p2: Lachrymose|move: Stealth Rock\n|\n|-heal|p2a: Wyrdeer|228/321 tox|[from] item: Leftovers\n|-damage|p2a: Wyrdeer|208/321 tox|[from] psn\n|upkeep\n|turn|7\n|\n|t:|1781441109\n|move|p1a: Kleavor|X-Scissor|p2a: Wyrdeer\n|-supereffective|p2a: Wyrdeer\n|-damage|p2a: Wyrdeer|0 fnt\n|faint|p2a: Wyrdeer\n|\n|upkeep\n|\n|t:|1781441135\n|switch|p2a: Tornadus|Tornadus-Therian, L79, M|242/254\n|-damage|p2a: Tornadus|179/254|[from] Stealth Rock\n|turn|8\n|\n|t:|1781441140\n|switch|p1a: Mandibuzz|Mandibuzz, L85, F|326/326 par\n|move|p2a: Tornadus|Bleakwind Storm|p1a: Mandibuzz\n|-damage|p1a: Mandibuzz|235/326 par\n|\n|upkeep\n|turn|9\n|\n|t:|1781441155\n|switch|p2a: Sylveon|Sylveon, L85, M, tera:Steel|267/300\n|-damage|p2a: Sylveon|249/300|[from] Stealth Rock\n|move|p1a: Mandibuzz|Toxic|p2a: Sylveon\n|-immune|p2a: Sylveon\n|\n|upkeep\n|turn|10\n|\n|t:|1781441162\n|switch|p1a: Ogerpon|Ogerpon-Wellspring, L76, F|247/247\n|move|p2a: Sylveon|Hyper Voice|p1a: Ogerpon\n|-damage|p1a: Ogerpon|123/247\n|\n|upkeep\n|turn|11\n|\n|t:|1781441169\n|move|p1a: Ogerpon|Ivy Cudgel|p2a: Sylveon|[anim] Ivy Cudgel Water\n|-damage|p2a: Sylveon|89/300\n|move|p2a: Sylveon|Wish|p2a: Sylveon\n|\n|upkeep\n|turn|12\n|\n|t:|1781441175\n|move|p2a: Sylveon|Protect|p2a: Sylveon\n|-singleturn|p2a: Sylveon|Protect\n|move|p1a: Ogerpon|Swords Dance|p1a: Ogerpon\n|-boost|p1a: Ogerpon|atk|2\n|\n|-heal|p2a: Sylveon|239/300|[from] move: Wish|[wisher] Sylveon\n|upkeep\n|turn|13\n|\n|t:|1781441188\n|switch|p2a: Tornadus|Tornadus-Therian, L79, M|254/254\n|-damage|p2a: Tornadus|191/254|[from] Stealth Rock\n|move|p1a: Ogerpon|Ivy Cudgel|p2a: Tornadus|[anim] Ivy Cudgel Water\n|-damage|p2a: Tornadus|0 fnt\n|faint|p2a: Tornadus\n|\n|upkeep\n|\n|t:|1781441195\n|switch|p2a: Torkoal|Torkoal, L88, F|266/266\n|-weather|SunnyDay|[from] ability: Drought|[of] p2a: Torkoal\n|turn|14\n|\n|t:|1781441199\n|-terastallize|p1a: Ogerpon|Water\n|detailschange|p1a: Ogerpon|Ogerpon-Wellspring-Tera, L76, F, tera:Water\n|-ability|p1a: Ogerpon|Embody Aspect (Wellspring)|boost\n|-boost|p1a: Ogerpon|spd|1\n|move|p1a: Ogerpon|Ivy Cudgel|p2a: Torkoal|[anim] Ivy Cudgel Water\n|-supereffective|p2a: Torkoal\n|-damage|p2a: Torkoal|34/266\n|move|p2a: Torkoal|Lava Plume|p1a: Ogerpon\n|-resisted|p1a: Ogerpon\n|-damage|p1a: Ogerpon|77/247\n|\n|-weather|SunnyDay|[upkeep]\n|upkeep\n|turn|15\n|\n|t:|1781441204\n|move|p1a: Ogerpon|Ivy Cudgel|p2a: Torkoal|[anim] Ivy Cudgel Water\n|-supereffective|p2a: Torkoal\n|-damage|p2a: Torkoal|0 fnt\n|faint|p2a: Torkoal\n|\n|-weather|SunnyDay|[upkeep]\n|upkeep\n|\n|t:|1781441212\n|switch|p2a: Articuno|Articuno, L86|295/295\n|-ability|p2a: Articuno|Pressure\n|turn|16\n|\n|t:|1781441216\n|move|p1a: Ogerpon|Ivy Cudgel|p2a: Articuno|[anim] Ivy Cudgel Water\n|-damage|p2a: Articuno|153/295\n|move|p2a: Articuno|Freeze-Dry|p1a: Ogerpon\n|-supereffective|p1a: Ogerpon\n|-damage|p1a: Ogerpon|0 fnt\n|faint|p1a: Ogerpon\n|detailschange|p1: Ogerpon|Ogerpon-Wellspring, L76, F|[silent]\n|\n|-weather|SunnyDay|[upkeep]\n|upkeep\n|inactive|Battle timer is ON: inactive players will automatically lose when time's up. (requested by Lachrymose)\n|\n|t:|1781441227\n|switch|p1a: Mew|Mew, L82|298/298\n|turn|17\n|\n|t:|1781441235\n|move|p1a: Mew|Nasty Plot|p1a: Mew\n|-boost|p1a: Mew|spa|2\n|move|p2a: Articuno|Brave Bird|p1a: Mew\n|-damage|p1a: Mew|193/298\n|-damage|p2a: Articuno|118/295|[from] Recoil\n|\n|-weather|SunnyDay|[upkeep]\n|upkeep\n|turn|18\n|\n|t:|1781441241\n|move|p1a: Mew|Psychic|p2a: Articuno\n|-damage|p2a: Articuno|0 fnt\n|faint|p2a: Articuno\n|-damage|p1a: Mew|164/298|[from] item: Life Orb\n|\n|-weather|none\n|upkeep\n|\n|t:|1781441245\n|switch|p2a: Copperajah|Copperajah, L86, M|350/350\n|-damage|p2a: Copperajah|329/350|[from] Stealth Rock\n|turn|19\n|\n|t:|1781441248\n|move|p1a: Mew|Psychic|p2a: Copperajah\n|-resisted|p2a: Copperajah\n|-damage|p2a: Copperajah|181/350\n|-damage|p1a: Mew|135/298|[from] item: Life Orb\n|move|p2a: Copperajah|Heavy Slam|p1a: Mew\n|-damage|p1a: Mew|0 fnt\n|faint|p1a: Mew\n|\n|upkeep\n|\n|t:|1781441251\n|switch|p1a: Suicune|Suicune, L82|298/298\n|-ability|p1a: Suicune|Pressure\n|turn|20\n|\n|t:|1781441257\n|switch|p2a: Sylveon|Sylveon, L85, M, tera:Steel|239/300\n|-damage|p2a: Sylveon|221/300|[from] Stealth Rock\n|move|p1a: Suicune|Calm Mind|p1a: Suicune\n|-boost|p1a: Suicune|spa|1\n|-boost|p1a: Suicune|spd|1\n|\n|upkeep\n|turn|21\n|\n|t:|1781441260\n|move|p1a: Suicune|Scald|p2a: Sylveon\n|-damage|p2a: Sylveon|133/300\n|move|p2a: Sylveon|Wish|p2a: Sylveon\n|\n|upkeep\n|turn|22\n|\n|t:|1781441264\n|move|p1a: Suicune|Calm Mind|p1a: Suicune\n|-boost|p1a: Suicune|spa|1\n|-boost|p1a: Suicune|spd|1\n|move|p2a: Sylveon|Calm Mind|p2a: Sylveon\n|-boost|p2a: Sylveon|spa|1\n|-boost|p2a: Sylveon|spd|1\n|\n|-heal|p2a: Sylveon|283/300|[from] move: Wish|[wisher] Sylveon\n|upkeep\n|turn|23\n|\n|t:|1781441267\n|move|p1a: Suicune|Scald|p2a: Sylveon\n|-damage|p2a: Sylveon|208/300\n|-status|p2a: Sylveon|brn\n|move|p2a: Sylveon|Calm Mind|p2a: Sylveon\n|-boost|p2a: Sylveon|spa|1\n|-boost|p2a: Sylveon|spd|1\n|\n|-damage|p2a: Sylveon|190/300 brn|[from] brn\n|upkeep\n|turn|24\n|\n|t:|1781441269\n|move|p1a: Suicune|Calm Mind|p1a: Suicune\n|-boost|p1a: Suicune|spa|1\n|-boost|p1a: Suicune|spd|1\n|move|p2a: Sylveon|Wish|p2a: Sylveon\n|\n|-damage|p2a: Sylveon|172/300 brn|[from] brn\n|upkeep\n|turn|25\n|\n|t:|1781441271\n|move|p1a: Suicune|Calm Mind|p1a: Suicune\n|-boost|p1a: Suicune|spa|1\n|-boost|p1a: Suicune|spd|1\n|move|p2a: Sylveon|Calm Mind|p2a: Sylveon\n|-boost|p2a: Sylveon|spa|1\n|-boost|p2a: Sylveon|spd|1\n|\n|-heal|p2a: Sylveon|300/300 brn|[from] move: Wish|[wisher] Sylveon\n|-damage|p2a: Sylveon|282/300 brn|[from] brn\n|upkeep\n|turn|26\n|\n|t:|1781441275\n|move|p1a: Suicune|Calm Mind|p1a: Suicune\n|-boost|p1a: Suicune|spa|1\n|-boost|p1a: Suicune|spd|1\n|move|p2a: Sylveon|Calm Mind|p2a: Sylveon\n|-boost|p2a: Sylveon|spa|1\n|-boost|p2a: Sylveon|spd|1\n|\n|-damage|p2a: Sylveon|264/300 brn|[from] brn\n|upkeep\n|turn|27\n|\n|t:|1781441279\n|move|p1a: Suicune|Calm Mind|p1a: Suicune\n|-boost|p1a: Suicune|spa|1\n|-boost|p1a: Suicune|spd|1\n|move|p2a: Sylveon|Wish|p2a: Sylveon\n|\n|-damage|p2a: Sylveon|246/300 brn|[from] brn\n|upkeep\n|turn|28\n|\n|t:|1781441281\n|move|p1a: Suicune|Scald|p2a: Sylveon\n|-damage|p2a: Sylveon|177/300 brn\n|move|p2a: Sylveon|Calm Mind|p2a: Sylveon\n|-boost|p2a: Sylveon|spa|1\n|-boost|p2a: Sylveon|spd|1\n|\n|-heal|p2a: Sylveon|300/300 brn|[from] move: Wish|[wisher] Sylveon\n|-damage|p2a: Sylveon|282/300 brn|[from] brn\n|upkeep\n|turn|29\n|\n|t:|1781441284\n|move|p1a: Suicune|Scald|p2a: Sylveon\n|-damage|p2a: Sylveon|224/300 brn\n|move|p2a: Sylveon|Wish|p2a: Sylveon\n|\n|-damage|p2a: Sylveon|206/300 brn|[from] brn\n|upkeep\n|turn|30\n|\n|t:|1781441289\n|move|p1a: Suicune|Scald|p2a: Sylveon\n|-damage|p2a: Sylveon|142/300 brn\n|move|p2a: Sylveon|Calm Mind|p2a: Sylveon\n|-boost|p2a: Sylveon|spa|1\n|-boost|p2a: Sylveon|spd|1\n|\n|-heal|p2a: Sylveon|292/300 brn|[from] move: Wish|[wisher] Sylveon\n|-damage|p2a: Sylveon|274/300 brn|[from] brn\n|upkeep\n|turn|31\n|\n|t:|1781441296\n|move|p1a: Suicune|Scald|p2a: Sylveon\n|-damage|p2a: Sylveon|219/300 brn\n|move|p2a: Sylveon|Wish|p2a: Sylveon\n|\n|-damage|p2a: Sylveon|201/300 brn|[from] brn\n|upkeep\n|turn|32\n|\n|t:|1781441306\n|move|p1a: Suicune|Ice Beam|p2a: Sylveon\n|-resisted|p2a: Sylveon\n|-damage|p2a: Sylveon|180/300 brn\n|move|p2a: Sylveon|Hyper Voice|p1a: Suicune\n|-damage|p1a: Suicune|184/298\n|\n|-heal|p2a: Sylveon|300/300 brn|[from] move: Wish|[wisher] Sylveon\n|-heal|p1a: Suicune|202/298|[from] item: Leftovers\n|-damage|p2a: Sylveon|282/300 brn|[from] brn\n|upkeep\n|turn|33\n|\n|t:|1781441320\n|move|p1a: Suicune|Scald|p2a: Sylveon\n|-damage|p2a: Sylveon|228/300 brn\n|move|p2a: Sylveon|Hyper Voice|p1a: Suicune\n|-damage|p1a: Suicune|91/298\n|\n|-heal|p1a: Suicune|109/298|[from] item: Leftovers\n|-damage|p2a: Sylveon|210/300 brn|[from] brn\n|upkeep\n|turn|34\n|\n|t:|1781441326\n|move|p1a: Suicune|Scald|p2a: Sylveon\n|-damage|p2a: Sylveon|153/300 brn\n|move|p2a: Sylveon|Wish|p2a: Sylveon\n|\n|-heal|p1a: Suicune|127/298|[from] item: Leftovers\n|-damage|p2a: Sylveon|135/300 brn|[from] brn\n|upkeep\n|turn|35\n|\n|t:|1781441335\n|move|p1a: Suicune|Scald|p2a: Sylveon\n|-damage|p2a: Sylveon|75/300 brn\n|move|p2a: Sylveon|Hyper Voice|p1a: Suicune\n|-damage|p1a: Suicune|27/298\n|\n|-heal|p2a: Sylveon|225/300 brn|[from] move: Wish|[wisher] Sylveon\n|-heal|p1a: Suicune|45/298|[from] item: Leftovers\n|-damage|p2a: Sylveon|207/300 brn|[from] brn\n|upkeep\n|turn|36\n|\n|t:|1781441342\n|move|p1a: Suicune|Scald|p2a: Sylveon\n|-damage|p2a: Sylveon|149/300 brn\n|move|p2a: Sylveon|Wish|p2a: Sylveon\n|\n|-heal|p1a: Suicune|63/298|[from] item: Leftovers\n|-damage|p2a: Sylveon|131/300 brn|[from] brn\n|upkeep\n|turn|37\n|\n|t:|1781441345\n|move|p2a: Sylveon|Protect|p2a: Sylveon\n|-singleturn|p2a: Sylveon|Protect\n|move|p1a: Suicune|Scald|p2a: Sylveon\n|-activate|p2a: Sylveon|move: Protect\n|\n|-heal|p2a: Sylveon|281/300 brn|[from] move: Wish|[wisher] Sylveon\n|-heal|p1a: Suicune|81/298|[from] item: Leftovers\n|-damage|p2a: Sylveon|263/300 brn|[from] brn\n|upkeep\n|turn|38\n|\n|t:|1781441347\n|move|p1a: Suicune|Scald|p2a: Sylveon\n|-damage|p2a: Sylveon|205/300 brn\n|move|p2a: Sylveon|Wish|p2a: Sylveon\n|\n|-heal|p1a: Suicune|99/298|[from] item: Leftovers\n|-damage|p2a: Sylveon|187/300 brn|[from] brn\n|upkeep\n|turn|39\n|\n|t:|1781441354\n|switch|p1a: Mandibuzz|Mandibuzz, L85, F|235/326 par\n|move|p2a: Sylveon|Hyper Voice|p1a: Mandibuzz\n|-supereffective|p1a: Mandibuzz\n|-damage|p1a: Mandibuzz|0 fnt\n|faint|p1a: Mandibuzz\n|\n|-heal|p2a: Sylveon|300/300 brn|[from] move: Wish|[wisher] Sylveon\n|-damage|p2a: Sylveon|282/300 brn|[from] brn\n|upkeep\n|\n|t:|1781441360\n|switch|p1a: Kleavor|Kleavor, L78, M|84/237\n|turn|40\n|\n|t:|1781441363\n|move|p1a: Kleavor|Close Combat|p2a: Sylveon\n|-supereffective|p2a: Sylveon\n|-damage|p2a: Sylveon|62/300 brn\n|-unboost|p1a: Kleavor|def|1\n|-unboost|p1a: Kleavor|spd|1\n|move|p2a: Sylveon|Hyper Voice|p1a: Kleavor\n|-damage|p1a: Kleavor|0 fnt\n|faint|p1a: Kleavor\n|\n|-damage|p2a: Sylveon|44/300 brn|[from] brn\n|upkeep\n|\n|t:|1781441372\n|switch|p1a: Latias|Latias, L79, F|256/256\n|turn|41\n|\n|t:|1781441379\n|move|p1a: Latias|Psyshock|p2a: Sylveon\n|-resisted|p2a: Sylveon\n|-damage|p2a: Sylveon|0 fnt\n|faint|p2a: Sylveon\n|\n|upkeep\n|\n|t:|1781441382\n|switch|p2a: Copperajah|Copperajah, L86, M|181/350\n|-damage|p2a: Copperajah|160/350|[from] Stealth Rock\n|turn|42\n|\n|t:|1781441386\n|move|p1a: Latias|Draco Meteor|p2a: Copperajah\n|-resisted|p2a: Copperajah\n|-damage|p2a: Copperajah|64/350\n|-unboost|p1a: Latias|spa|2\n|move|p2a: Copperajah|Knock Off|p1a: Latias\n|-supereffective|p1a: Latias\n|-damage|p1a: Latias|0 fnt\n|-enditem|p1a: Latias|Soul Dew|[from] move: Knock Off|[of] p2a: Copperajah\n|faint|p1a: Latias\n|\n|upkeep\n|\n|t:|1781441388\n|switch|p1a: Suicune|Suicune, L82|99/298\n|-ability|p1a: Suicune|Pressure\n|turn|43\n|\n|t:|1781441389\n|move|p1a: Suicune|Scald|p2a: Copperajah\n|-damage|p2a: Copperajah|0 fnt\n|faint|p2a: Copperajah\n|\n|win|olmek987\n", "inputlog": ">version a8376a258c1d4662feba110a92103f3664a72141\n>start {\"formatid\":\"gen9randombattle\",\"seed\":\"sodium,750c2eaed828d060ab2bb54d329962e8\",\"rated\":\"Rated battle\"}\n>player p1 {\"name\":\"olmek987\",\"avatar\":\"morty\",\"rating\":1996,\"seed\":\"sodium,c4b59ceb526720bad12c1ef04c09b079\"}\n>player p2 {\"name\":\"Lachrymose\",\"avatar\":\"169\",\"rating\":2028,\"seed\":\"sodium,9487b3986b3800d965c5329a80252036\"}\n>p1 switch 4\n>p2 move thunderwave\n>p1 move knockoff\n>p2 switch 6\n>p1 move toxic\n>p2 switch 6\n>p1 move knockoff\n>p2 switch 2\n>p1 switch 6\n>p2 move hypervoice terastallize\n>p1 move stoneaxe\n>p2 switch 2\n>p1 move xscissor\n>p2 move earthquake\n>p2 switch 6\n>p1 switch 6\n>p2 move bleakwindstorm\n>p1 move toxic\n>p2 switch 2\n>p1 switch 4\n>p2 move hypervoice\n>p1 move ivycudgel\n>p2 move wish\n>p1 move swordsdance\n>p2 move protect\n>p1 move ivycudgel\n>p2 switch 2\n>p2 switch 5\n>p1 move ivycudgel terastallize\n>p2 move lavaplume\n>p1 move ivycudgel\n>p2 move yawn\n>p2 switch 4\n>p1 move ivycudgel\n>p2 move freezedry\n>p1 switch 2\n>p1 move nastyplot\n>p2 move bravebird\n>p1 move psychic\n>p2 move bravebird\n>p2 switch 3\n>p1 move psychic\n>p2 move heavyslam\n>p1 switch 3\n>p1 move calmmind\n>p2 switch 2\n>p1 move scald\n>p2 move wish\n>p1 move calmmind\n>p2 move calmmind\n>p1 move scald\n>p2 move calmmind\n>p1 move calmmind\n>p2 move wish\n>p1 move calmmind\n>p2 move calmmind\n>p1 move calmmind\n>p2 move calmmind\n>p1 move calmmind\n>p2 move wish\n>p1 move scald\n>p2 move calmmind\n>p1 move scald\n>p2 move wish\n>p1 move scald\n>p2 move calmmind\n>p1 move scald\n>p2 move wish\n>p1 move icebeam\n>p2 move hypervoice\n>p1 move scald\n>p2 move hypervoice\n>p1 move scald\n>p2 move wish\n>p1 move scald\n>p2 move hypervoice\n>p1 move scald\n>p2 move wish\n>p1 move scald\n>p2 move protect\n>p1 move scald\n>p2 move wish\n>p1 switch 4\n>p2 move hypervoice\n>p1 switch 6\n>p1 move closecombat\n>p2 move hypervoice\n>p1 switch 5\n>p1 move psyshock\n>p2 move hypervoice\n>p2 switch 2\n>p1 move dracometeor\n>p2 move knockoff\n>p1 switch 4\n>p1 move scald\n>p2 move knockoff", "uploadtime": 1781441036, "views": 4, "formatid": "gen9randombattle", "rating": null, "private": 0, "password": null}