{"id": "gen9randombattle-2631976402", "format": "[Gen 9] Random Battle", "players": ["rgrgreger", "guyfishing12"], "log": "|j|\u2606rgrgreger\n|j|\u2606guyfishing12\n|t:|1781461885\n|gametype|singles\n|player|p1|rgrgreger|zinzolin|1941\n|player|p2|guyfishing12|169|1963\n|gen|9\n|tier|[Gen 9] Random Battle\n|rated|\n|rule|Species Clause: Limit one of each Pok\u00e9mon\n|rule|HP Percentage Mod: HP is shown in percentages\n|rule|Sleep Clause Mod: Limit one foe put to sleep\n|rule|Illusion Level Mod: Illusion disguises the Pok\u00e9mon's true level\n|\n|t:|1781461885\n|teamsize|p1|6\n|teamsize|p2|6\n|start\n|switch|p1a: Toucannon|Toucannon, L88, F|284/284\n|switch|p2a: Houndoom|Houndoom, L87, M|272/272\n|turn|1\n|inactive|Battle timer is ON: inactive players will automatically lose when time's up. (requested by rgrgreger)\n|\n|t:|1781461893\n|switch|p1a: Inteleon|Inteleon, L81, F|246/246\n|move|p2a: Houndoom|Fire Blast|p1a: Inteleon\n|-resisted|p1a: Inteleon\n|-damage|p1a: Inteleon|159/246\n|\n|upkeep\n|turn|2\n|\n|t:|1781461901\n|switch|p2a: Scream Tail|Scream Tail, L84|330/330\n|move|p1a: Inteleon|Scald|p2a: Scream Tail\n|-damage|p2a: Scream Tail|209/330\n|\n|-heal|p2a: Scream Tail|229/330|[from] item: Leftovers\n|upkeep\n|turn|3\n|\n|t:|1781461906\n|switch|p1a: Landorus|Landorus, L75, M|257/257\n|move|p2a: Scream Tail|Wish|p2a: Scream Tail\n|\n|-heal|p2a: Scream Tail|249/330|[from] item: Leftovers\n|upkeep\n|turn|4\n|\n|t:|1781461913\n|move|p2a: Scream Tail|Dazzling Gleam|p1a: Landorus\n|-damage|p1a: Landorus|176/257\n|move|p1a: Landorus|Stealth Rock|p2a: Scream Tail\n|-sidestart|p2: guyfishing12|move: Stealth Rock\n|\n|-heal|p2a: Scream Tail|330/330|[from] move: Wish|[wisher] Scream Tail\n|upkeep\n|turn|5\n|\n|t:|1781461919\n|move|p2a: Scream Tail|Encore|p1a: Landorus\n|-start|p1a: Landorus|Encore\n|move|p1a: Landorus|Stealth Rock||[still]\n|-fail|p1a: Landorus\n|\n|upkeep\n|turn|6\n|\n|t:|1781461925\n|switch|p1a: Scizor|Scizor, L79, F|240/240\n|move|p2a: Scream Tail|Dazzling Gleam|p1a: Scizor\n|-resisted|p1a: Scizor\n|-damage|p1a: Scizor|207/240\n|\n|upkeep\n|turn|7\n|\n|t:|1781461929\n|-end|p2a: Scream Tail|Protosynthesis|[silent]\n|switch|p2a: Mandibuzz|Mandibuzz, L85, F|326/326\n|move|p1a: Scizor|Swords Dance|p1a: Scizor\n|-boost|p1a: Scizor|atk|2\n|\n|upkeep\n|turn|8\n|\n|t:|1781461933\n|move|p2a: Mandibuzz|Foul Play|p1a: Scizor\n|-damage|p1a: Scizor|0 fnt\n|faint|p1a: Scizor\n|\n|upkeep\n|\n|t:|1781461938\n|switch|p1a: Inteleon|Inteleon, L81, F|159/246\n|turn|9\n|\n|t:|1781461943\n|move|p1a: Inteleon|Scald|p2a: Mandibuzz\n|-damage|p2a: Mandibuzz|196/326\n|move|p2a: Mandibuzz|Defog|p1a: Inteleon\n|-unboost|p1a: Inteleon|evasion|1\n|-sideend|p2: guyfishing12|Stealth Rock|[from] move: Defog|[of] p2a: Mandibuzz\n|\n|upkeep\n|turn|10\n|\n|t:|1781461949\n|switch|p2a: Scream Tail|Scream Tail, L84|330/330\n|move|p1a: Inteleon|Scald|p2a: Scream Tail\n|-damage|p2a: Scream Tail|201/330\n|\n|-heal|p2a: Scream Tail|221/330|[from] item: Leftovers\n|upkeep\n|turn|11\n|\n|t:|1781461954\n|move|p1a: Inteleon|Scald|p2a: Scream Tail\n|-damage|p2a: Scream Tail|100/330\n|move|p2a: Scream Tail|Wish|p2a: Scream Tail\n|\n|-heal|p2a: Scream Tail|120/330|[from] item: Leftovers\n|upkeep\n|turn|12\n|\n|t:|1781461957\n|switch|p1a: Toucannon|Toucannon, L88, F|284/284\n|move|p2a: Scream Tail|Protect||[still]\n|-fail|p2a: Scream Tail\n|\n|-heal|p2a: Scream Tail|285/330|[from] move: Wish|[wisher] Scream Tail\n|-heal|p2a: Scream Tail|305/330|[from] item: Leftovers\n|upkeep\n|turn|13\n|\n|t:|1781461962\n|move|p2a: Scream Tail|Wish|p2a: Scream Tail\n|move|p1a: Toucannon|Knock Off|p2a: Scream Tail\n|-crit|p2a: Scream Tail\n|-damage|p2a: Scream Tail|178/330\n|-enditem|p2a: Scream Tail|Leftovers|[from] move: Knock Off|[of] p1a: Toucannon\n|\n|upkeep\n|turn|14\n|\n|t:|1781461965\n|-singleturn|p1a: Toucannon|move: Beak Blast\n|move|p2a: Scream Tail|Dazzling Gleam|p1a: Toucannon\n|-damage|p1a: Toucannon|211/284\n|move|p1a: Toucannon|Beak Blast|p2a: Scream Tail\n|-crit|p2a: Scream Tail\n|-damage|p2a: Scream Tail|0 fnt\n|faint|p2a: Scream Tail\n|-end|p2a: Scream Tail|Protosynthesis|[silent]\n|\n|upkeep\n|\n|t:|1781461974\n|switch|p2a: Inteleon|Inteleon, L81, F|246/246\n|turn|15\n|\n|t:|1781461980\n|switch|p1a: Zarude|Zarude-Dada, L77|288/288\n|move|p2a: Inteleon|Ice Beam|p1a: Zarude\n|-supereffective|p1a: Zarude\n|-damage|p1a: Zarude|72/288\n|\n|upkeep\n|turn|16\n|\n|t:|1781461984\n|move|p2a: Inteleon|Ice Beam|p1a: Zarude\n|-supereffective|p1a: Zarude\n|-damage|p1a: Zarude|0 fnt\n|faint|p1a: Zarude\n|\n|upkeep\n|\n|t:|1781461987\n|switch|p1a: Inteleon|Inteleon, L81, F|159/246\n|turn|17\n|\n|t:|1781462004\n|switch|p2a: Sandaconda|Sandaconda, L84, F|258/258\n|move|p1a: Inteleon|Scald|p2a: Sandaconda\n|-supereffective|p2a: Sandaconda\n|-damage|p2a: Sandaconda|0 fnt\n|faint|p2a: Sandaconda\n|\n|upkeep\n|\n|t:|1781462009\n|switch|p2a: Inteleon|Inteleon, L81, F|246/246\n|turn|18\n|\n|t:|1781462015\n|move|p2a: Inteleon|Scald|p1a: Inteleon\n|-resisted|p1a: Inteleon\n|-damage|p1a: Inteleon|66/246\n|-status|p1a: Inteleon|brn\n|move|p1a: Inteleon|Scald|p2a: Inteleon\n|-resisted|p2a: Inteleon\n|-damage|p2a: Inteleon|95/246\n|\n|-damage|p1a: Inteleon|51/246 brn|[from] brn\n|upkeep\n|turn|19\n|inactive|guyfishing12 has 120 seconds left.\n|\n|t:|1781462045\n|switch|p1a: Illumise|Illumise, L91, F|266/266\n|switch|p2a: Mandibuzz|Mandibuzz, L85, F|196/326\n|\n|upkeep\n|turn|20\n|\n|t:|1781462051\n|switch|p1a: Inteleon|Inteleon, L81, F|51/246 brn\n|move|p2a: Mandibuzz|Roost|p2a: Mandibuzz\n|-heal|p2a: Mandibuzz|326/326\n|-singleturn|p2a: Mandibuzz|move: Roost\n|\n|-damage|p1a: Inteleon|36/246 brn|[from] brn\n|upkeep\n|turn|21\n|\n|t:|1781462055\n|move|p1a: Inteleon|Hydro Pump|p2a: Mandibuzz\n|-damage|p2a: Mandibuzz|71/326\n|move|p2a: Mandibuzz|U-turn|p1a: Inteleon\n|-damage|p1a: Inteleon|0 fnt\n|faint|p1a: Inteleon\n|\n|t:|1781462061\n|switch|p2a: Inteleon|Inteleon, L81, F|95/246|[from] U-turn\n|\n|upkeep\n|\n|t:|1781462065\n|switch|p1a: Illumise|Illumise, L91, F|266/266\n|turn|22\n|\n|t:|1781462068\n|switch|p2a: Houndoom|Houndoom, L87, M|272/272\n|move|p1a: Illumise|Bug Buzz|p2a: Houndoom\n|-damage|p2a: Houndoom|176/272\n|-unboost|p2a: Houndoom|spd|1\n|\n|upkeep\n|turn|23\n|\n|t:|1781462073\n|move|p2a: Houndoom|Fire Blast|p1a: Illumise\n|-supereffective|p1a: Illumise\n|-damage|p1a: Illumise|0 fnt\n|faint|p1a: Illumise\n|\n|upkeep\n|\n|t:|1781462076\n|switch|p1a: Toucannon|Toucannon, L88, F|211/284\n|turn|24\n|\n|t:|1781462081\n|move|p2a: Houndoom|Fire Blast|p1a: Toucannon|[miss]\n|-miss|p2a: Houndoom|p1a: Toucannon\n|move|p1a: Toucannon|Boomburst|p2a: Houndoom\n|-damage|p2a: Houndoom|0 fnt\n|faint|p2a: Houndoom\n|\n|upkeep\n|\n|t:|1781462087\n|switch|p2a: Inteleon|Inteleon, L81, F|95/246\n|turn|25\n|\n|t:|1781462098\n|switch|p2a: Heatran|Heatran, L79, M|273/273\n|-item|p2a: Heatran|Air Balloon\n|-singleturn|p1a: Toucannon|move: Beak Blast\n|move|p1a: Toucannon|Beak Blast|p2a: Heatran\n|-resisted|p2a: Heatran\n|-damage|p2a: Heatran|213/273\n|-enditem|p2a: Heatran|Air Balloon\n|\n|upkeep\n|turn|26\n|\n|t:|1781462107\n|switch|p1a: Landorus|Landorus, L75, M|176/257\n|move|p2a: Heatran|Magma Storm|p1a: Landorus|[miss]\n|-miss|p2a: Heatran|p1a: Landorus\n|\n|upkeep\n|turn|27\n|\n|t:|1781462114\n|switch|p2a: Mandibuzz|Mandibuzz, L85, F|71/326\n|move|p1a: Landorus|Focus Blast|p2a: Mandibuzz\n|-damage|p2a: Mandibuzz|0 fnt\n|faint|p2a: Mandibuzz\n|\n|upkeep\n|\n|t:|1781462116\n|switch|p2a: Inteleon|Inteleon, L81, F|95/246\n|turn|28\n|\n|t:|1781462124\n|move|p2a: Inteleon|Scald|p1a: Landorus\n|-supereffective|p1a: Landorus\n|-crit|p1a: Landorus\n|-damage|p1a: Landorus|0 fnt\n|faint|p1a: Landorus\n|\n|upkeep\n|\n|t:|1781462126\n|switch|p1a: Toucannon|Toucannon, L88, F|211/284\n|turn|29\n|\n|t:|1781462129\n|-terastallize|p2a: Inteleon|Water\n|-singleturn|p1a: Toucannon|move: Beak Blast\n|move|p2a: Inteleon|Scald|p1a: Toucannon\n|-damage|p1a: Toucannon|11/284\n|-status|p1a: Toucannon|brn\n|move|p1a: Toucannon|Beak Blast|p2a: Inteleon\n|-damage|p2a: Inteleon|0 fnt\n|faint|p2a: Inteleon\n|\n|-damage|p1a: Toucannon|0 fnt|[from] brn\n|faint|p1a: Toucannon\n|\n|win|guyfishing12\n", "uploadtime": 1781461887, "views": 3, "formatid": "gen9randombattle", "rating": null, "private": 0, "password": null}