{"id": "gen9randombattle-2632017997", "format": "[Gen 9] Random Battle", "players": ["Djingis", "Flashes_99"], "log": "|j|\u2606Djingis\n|j|\u2606Flashes_99\n|t:|1781466467\n|gametype|singles\n|player|p1|Djingis|2|1312\n|player|p2|Flashes_99|n|1362\n|gen|9\n|tier|[Gen 9] Random Battle\n|rated|\n|rule|Species Clause: Limit one of each Pok\u00e9mon\n|rule|HP Percentage Mod: HP is shown in percentages\n|rule|Sleep Clause Mod: Limit one foe put to sleep\n|rule|Illusion Level Mod: Illusion disguises the Pok\u00e9mon's true level\n|\n|t:|1781466467\n|teamsize|p1|6\n|teamsize|p2|6\n|start\n|switch|p1a: Toxtricity|Toxtricity, L82, F|257/257\n|switch|p2a: Gurdurr|Gurdurr, L85, M|283/283\n|turn|1\n|inactive|Battle timer is ON: inactive players will automatically lose when time's up. (requested by Flashes_99)\n|\n|t:|1781466482\n|switch|p2a: Dragalge|Dragalge, L88, F|258/258\n|move|p1a: Toxtricity|Volt Switch|p2a: Dragalge\n|-resisted|p2a: Dragalge\n|-damage|p2a: Dragalge|231/258\n|\n|t:|1781466492\n|switch|p1a: Magearna|Magearna-Original, L77|250/250|[from] Volt Switch\n|\n|upkeep\n|turn|2\n|\n|t:|1781466505\n|move|p1a: Magearna|Volt Switch|p2a: Dragalge\n|-resisted|p2a: Dragalge\n|-damage|p2a: Dragalge|201/258\n|\n|t:|1781466523\n|switch|p1a: Toxtricity|Toxtricity, L82, F|257/257|[from] Volt Switch\n|move|p2a: Dragalge|Flip Turn|p1a: Toxtricity\n|-damage|p1a: Toxtricity|214/257\n|l|\u2606Flashes_99\n|inactive|Flashes_99 disconnected and has a minute to reconnect!\n|player|p2|\n|j|\u2606Flashes_99\n|inactive|Flashes_99 reconnected and has 135 seconds left.\n|player|p2|Flashes_99|n|\n|\n|t:|1781466551\n|switch|p2a: Iron Leaves|Iron Leaves, L80|275/275|[from] Flip Turn\n|\n|upkeep\n|turn|3\n|\n|t:|1781466567\n|move|p1a: Toxtricity|Volt Switch|p2a: Iron Leaves\n|-resisted|p2a: Iron Leaves\n|-damage|p2a: Iron Leaves|242/275\n|\n|t:|1781466571\n|switch|p1a: Pelipper|Pelipper, L86, F|243/243|[from] Volt Switch\n|-weather|RainDance|[from] ability: Drizzle|[of] p1a: Pelipper\n|move|p2a: Iron Leaves|Psyblade|p1a: Pelipper\n|-damage|p1a: Pelipper|122/243\n|\n|-weather|RainDance|[upkeep]\n|upkeep\n|turn|4\n|\n|t:|1781466582\n|move|p2a: Iron Leaves|Psyblade|p1a: Pelipper\n|-damage|p1a: Pelipper|0 fnt\n|faint|p1a: Pelipper\n|\n|-weather|RainDance|[upkeep]\n|upkeep\n|\n|t:|1781466597\n|switch|p1a: Bruxish|Bruxish, L85, M|254/254\n|turn|5\n|\n|t:|1781466604\n|-terastallize|p1a: Bruxish|Dark\n|move|p2a: Iron Leaves|Psyblade|p1a: Bruxish\n|-immune|p1a: Bruxish\n|move|p1a: Bruxish|Crunch|p2a: Iron Leaves\n|-supereffective|p2a: Iron Leaves\n|-damage|p2a: Iron Leaves|0 fnt\n|faint|p2a: Iron Leaves\n|-end|p2a: Iron Leaves|Quark Drive|[silent]\n|\n|-weather|RainDance|[upkeep]\n|upkeep\n|inactive|Flashes_99 has 120 seconds left.\n|\n|t:|1781466651\n|switch|p2a: Roaring Moon|Roaring Moon, L72|270/270\n|-enditem|p2a: Roaring Moon|Booster Energy\n|-activate|p2a: Roaring Moon|ability: Protosynthesis|[fromitem]\n|-start|p2a: Roaring Moon|protosynthesisatk\n|turn|6\n|\n|t:|1781466675\n|switch|p1a: Furret|Furret, L94, F|312/312\n|move|p2a: Roaring Moon|Knock Off|p1a: Furret\n|-damage|p1a: Furret|161/312\n|-enditem|p1a: Furret|Choice Band|[from] move: Knock Off|[of] p2a: Roaring Moon\n|\n|-weather|RainDance|[upkeep]\n|upkeep\n|turn|7\n|\n|t:|1781466685\n|move|p1a: Furret|Double-Edge|p2a: Roaring Moon\n|-damage|p2a: Roaring Moon|107/270\n|-damage|p1a: Furret|107/312|[from] Recoil\n|move|p2a: Roaring Moon|Outrage|p1a: Furret\n|-damage|p1a: Furret|0 fnt\n|faint|p1a: Furret\n|\n|-weather|none\n|upkeep\n|\n|t:|1781466693\n|switch|p1a: Magearna|Magearna-Original, L77|250/250\n|turn|8\n|\n|t:|1781466701\n|move|p2a: Roaring Moon|Outrage|p1a: Magearna|[from] lockedmove\n|-immune|p1a: Magearna\n|-start|p2a: Roaring Moon|confusion|[fatigue]\n|move|p1a: Magearna|Fleur Cannon|p2a: Roaring Moon|[miss]\n|-miss|p1a: Magearna|p2a: Roaring Moon\n|\n|upkeep\n|turn|9\n|inactive|Flashes_99 has 120 seconds left.\n|\n|t:|1781466712\n|-terastallize|p2a: Roaring Moon|Steel\n|-activate|p2a: Roaring Moon|confusion\n|-damage|p2a: Roaring Moon|69/270|[from] confusion\n|move|p1a: Magearna|Fleur Cannon|p2a: Roaring Moon\n|-resisted|p2a: Roaring Moon\n|-damage|p2a: Roaring Moon|0 fnt\n|-unboost|p1a: Magearna|spa|2\n|faint|p2a: Roaring Moon\n|-ability|p1a: Magearna|Soul-Heart|boost\n|-boost|p1a: Magearna|spa|1\n|-end|p2a: Roaring Moon|Protosynthesis|[silent]\n|\n|upkeep\n|\n|t:|1781466729\n|switch|p2a: Floatzel|Floatzel, L86, F|286/286\n|turn|10\n|\n|t:|1781466737\n|switch|p1a: Bruxish|Bruxish, L85, M, tera:Dark|254/254\n|move|p2a: Floatzel|Wave Crash|p1a: Bruxish\n|-damage|p1a: Bruxish|5/254\n|-damage|p2a: Floatzel|204/286|[from] Recoil\n|\n|upkeep\n|turn|11\n|inactive|Flashes_99 has 120 seconds left.\n|\n|t:|1781466756\n|move|p2a: Floatzel|Wave Crash|p1a: Bruxish\n|-damage|p1a: Bruxish|0 fnt\n|faint|p1a: Bruxish\n|-damage|p2a: Floatzel|202/286|[from] Recoil\n|\n|upkeep\n|\n|t:|1781466762\n|switch|p1a: Toxtricity|Toxtricity, L82, F|214/257\n|turn|12\n|inactive|Flashes_99 has 120 seconds left.\n|\n|t:|1781466771\n|switch|p2a: Dragalge|Dragalge, L88, F|201/258\n|move|p1a: Toxtricity|Overdrive|p2a: Dragalge\n|-resisted|p2a: Dragalge\n|-crit|p2a: Dragalge\n|-damage|p2a: Dragalge|135/258\n|\n|upkeep\n|turn|13\n|\n|t:|1781466782\n|move|p1a: Toxtricity|Overdrive|p2a: Dragalge\n|-resisted|p2a: Dragalge\n|-damage|p2a: Dragalge|93/258\n|move|p2a: Dragalge|Draco Meteor|p1a: Toxtricity\n|-damage|p1a: Toxtricity|0 fnt\n|-unboost|p2a: Dragalge|spa|2\n|faint|p1a: Toxtricity\n|\n|upkeep\n|\n|t:|1781466791\n|switch|p1a: Magearna|Magearna-Original, L77|250/250\n|turn|14\n|\n|t:|1781466800\n|move|p1a: Magearna|Volt Switch|p2a: Dragalge\n|-resisted|p2a: Dragalge\n|-damage|p2a: Dragalge|63/258\n|\n|t:|1781466804\n|switch|p1a: Chandelure|Chandelure, L83, M|235/235|[from] Volt Switch\n|move|p2a: Dragalge|Draco Meteor|p1a: Chandelure\n|-damage|p1a: Chandelure|95/235\n|-unboost|p2a: Dragalge|spa|2\n|\n|upkeep\n|turn|15\n|\n|t:|1781466814\n|move|p1a: Chandelure|Energy Ball|p2a: Dragalge\n|-resisted|p2a: Dragalge\n|-damage|p2a: Dragalge|47/258\n|move|p2a: Dragalge|Draco Meteor|p1a: Chandelure|[miss]\n|-miss|p2a: Dragalge|p1a: Chandelure\n|\n|upkeep\n|turn|16\n|-message|Djingis forfeited.\n|\n|win|Flashes_99\n|raw|Djingis's rating: 1312 &rarr; <strong>1295</strong><br />(-17 for losing)\n|raw|Flashes_99's rating: 1362 &rarr; <strong>1379</strong><br />(+17 for winning)\n|l|\u2606Djingis\n|player|p1|\n", "inputlog": ">version a8376a258c1d4662feba110a92103f3664a72141\n>start {\"formatid\":\"gen9randombattle\",\"seed\":\"sodium,e9e8058d99f87c2db165393eba9ff018\",\"rated\":\"Rated battle\"}\n>player p1 {\"name\":\"Djingis\",\"avatar\":\"2\",\"rating\":1312,\"seed\":\"sodium,42b2efef5bb1d8b0a6aa79bf433ebcd3\"}\n>player p2 {\"name\":\"Flashes_99\",\"avatar\":\"n\",\"rating\":1362,\"seed\":\"sodium,2cd01db864ced87a6371b7b7cf94b422\"}\n>p1 move voltswitch\n>p2 switch 4\n>p1 switch 2\n>p1 move voltswitch\n>p2 move flipturn\n>p1 switch 2\n>p2 switch 2\n>p1 move voltswitch\n>p2 move psyblade\n>p1 switch 4\n>p1 move hurricane\n>p2 move psyblade\n>p1 switch 6\n>p1 move crunch terastallize\n>p2 move psyblade\n>p2 switch 3\n>p1 switch 5\n>p2 move knockoff\n>p1 move doubleedge\n>p2 move outrage\n>p1 switch 2\n>p1 move fleurcannon\n>p2 move outrage\n>p1 move fleurcannon\n>p2 move ironhead terastallize\n>p2 switch 5\n>p1 switch 5\n>p2 move wavecrash\n>p1 move psychicfangs\n>p2 move wavecrash\n>p1 switch 4\n>p1 move overdrive\n>p2 switch 2\n>p1 move overdrive\n>p2 move dracometeor\n>p1 switch 5\n>p1 move voltswitch\n>p2 move dracometeor\n>p1 switch 3\n>p1 move energyball\n>p2 move dracometeor\n>forcelose p1", "uploadtime": 1781466820, "views": 5, "formatid": "gen9randombattle", "rating": 1295, "private": 0, "password": null}