{"id": "gen9randombattle-2631977579", "format": "[Gen 9] Random Battle", "players": ["fiesta899", "ultrabillybobjoe"], "log": "|j|\u2606fiesta899\n|j|\u2606ultrabillybobjoe\n|t:|1781462016\n|gametype|singles\n|player|p1|fiesta899|pokemonbreeder-gen4|1630\n|player|p2|ultrabillybobjoe|2|1598\n|gen|9\n|tier|[Gen 9] Random Battle\n|rated|\n|rule|Species Clause: Limit one of each Pok\u00e9mon\n|rule|HP Percentage Mod: HP is shown in percentages\n|rule|Sleep Clause Mod: Limit one foe put to sleep\n|rule|Illusion Level Mod: Illusion disguises the Pok\u00e9mon's true level\n|\n|t:|1781462016\n|teamsize|p1|6\n|teamsize|p2|6\n|start\n|switch|p1a: Kingambit|Kingambit, L74, M|270/270\n|switch|p2a: Latios|Latios, L78, M|253/253\n|turn|1\n|inactive|Battle timer is ON: inactive players will automatically lose when time's up. (requested by fiesta899)\n|\n|t:|1781462048\n|-end|p1a: Kingambit|fallenundefined|[silent]\n|switch|p1a: Calyrex|Calyrex-Shadow, L64|235/235\n|-ability|p1a: Calyrex|As One\n|-ability|p1a: Calyrex|Unnerve\n|move|p2a: Latios|Aura Sphere|p1a: Calyrex\n|-immune|p1a: Calyrex\n|\n|upkeep\n|turn|2\n|\n|t:|1781462058\n|switch|p2a: Hitmontop|Hitmontop, L88, M|231/231\n|-ability|p2a: Hitmontop|Intimidate|boost\n|-unboost|p1a: Calyrex|atk|1\n|move|p1a: Calyrex|Trick|p2a: Hitmontop\n|-activate|p1a: Calyrex|move: Trick|[of] p2a: Hitmontop\n|-item|p2a: Hitmontop|Choice Specs|[from] move: Trick\n|-item|p1a: Calyrex|Assault Vest|[from] move: Trick\n|\n|upkeep\n|turn|3\n|\n|t:|1781462077\n|switch|p1a: Coalossal|Coalossal, L89, M|341/341\n|move|p2a: Hitmontop|Stone Edge|p1a: Coalossal\n|-supereffective|p1a: Coalossal\n|-crit|p1a: Coalossal\n|-damage|p1a: Coalossal|173/341\n|\n|upkeep\n|turn|4\n|\n|t:|1781462085\n|switch|p2a: Gallade|Gallade, L80, M|240/240\n|move|p1a: Coalossal|Stealth Rock|p2a: Gallade\n|-sidestart|p2: ultrabillybobjoe|move: Stealth Rock\n|\n|upkeep\n|turn|5\n|\n|t:|1781462091\n|switch|p1a: Corviknight|Corviknight, L80, M|288/288\n|-ability|p1a: Corviknight|Pressure\n|move|p2a: Gallade|Sacred Sword|p1a: Corviknight\n|-damage|p1a: Corviknight|75/288\n|\n|-heal|p1a: Corviknight|93/288|[from] item: Leftovers\n|upkeep\n|turn|6\n|inactive|ultrabillybobjoe has 120 seconds left.\n|\n|t:|1781462150\n|switch|p1a: Calyrex|Calyrex-Shadow, L64|235/235\n|-ability|p1a: Calyrex|As One\n|-ability|p1a: Calyrex|Unnerve\n|move|p2a: Gallade|Sacred Sword|p1a: Calyrex\n|-immune|p1a: Calyrex\n|\n|upkeep\n|turn|7\n|\n|t:|1781462160\n|switch|p2a: Hitmontop|Hitmontop, L88, M|231/231\n|-damage|p2a: Hitmontop|217/231|[from] Stealth Rock\n|-ability|p2a: Hitmontop|Intimidate|boost\n|-unboost|p1a: Calyrex|atk|1\n|move|p1a: Calyrex|Astral Barrage|p2a: Hitmontop\n|-damage|p2a: Hitmontop|126/231\n|\n|upkeep\n|turn|8\n|inactive|fiesta899 has 120 seconds left.\n|\n|t:|1781462185\n|move|p2a: Hitmontop|Sucker Punch|p1a: Calyrex\n|-supereffective|p1a: Calyrex\n|-damage|p1a: Calyrex|0 fnt\n|faint|p1a: Calyrex\n|\n|upkeep\n|\n|t:|1781462190\n|switch|p1a: Coalossal|Coalossal, L89, M|173/341\n|turn|9\n|inactive|ultrabillybobjoe has 90 seconds left.\n|\n|t:|1781462210\n|switch|p2a: Latios|Latios, L78, M|253/253\n|-damage|p2a: Latios|222/253|[from] Stealth Rock\n|move|p1a: Coalossal|Spikes|p2a: Latios\n|-sidestart|p2: ultrabillybobjoe|Spikes\n|\n|upkeep\n|turn|10\n|\n|t:|1781462219\n|switch|p1a: Vivillon|Vivillon-Marine, L83, F|268/268\n|move|p2a: Latios|Aura Sphere|p1a: Vivillon\n|-resisted|p1a: Vivillon\n|-damage|p1a: Vivillon|232/268\n|\n|upkeep\n|turn|11\n|\n|t:|1781462224\n|switch|p2a: Regice|Regice, L88|284/284\n|move|p1a: Vivillon|Quiver Dance|p1a: Vivillon\n|-boost|p1a: Vivillon|spa|1\n|-boost|p1a: Vivillon|spd|1\n|-boost|p1a: Vivillon|spe|1\n|\n|upkeep\n|turn|12\n|\n|t:|1781462231\n|move|p1a: Vivillon|Sleep Powder|p2a: Regice\n|-status|p2a: Regice|slp|[from] move: Sleep Powder\n|cant|p2a: Regice|slp\n|\n|upkeep\n|turn|13\n|\n|t:|1781462248\n|switch|p1a: Corviknight|Corviknight, L80, M|93/288\n|-ability|p1a: Corviknight|Pressure\n|cant|p2a: Regice|slp\n|move|p2a: Regice|Sleep Talk|p2a: Regice\n|move|p2a: Regice|Ice Beam|p1a: Corviknight|[from] move: Sleep Talk\n|-damage|p1a: Corviknight|0 fnt\n|faint|p1a: Corviknight\n|\n|upkeep\n|\n|t:|1781462259\n|switch|p1a: Coalossal|Coalossal, L89, M|173/341\n|turn|14\n|\n|t:|1781462263\n|cant|p2a: Regice|slp\n|move|p1a: Coalossal|Stone Edge|p2a: Regice\n|-supereffective|p2a: Regice\n|-damage|p2a: Regice|102/284 slp\n|\n|upkeep\n|turn|15\n|\n|t:|1781462270\n|-curestatus|p2a: Regice|slp|[msg]\n|move|p2a: Regice|Thunderbolt|p1a: Coalossal\n|-damage|p1a: Coalossal|109/341\n|move|p1a: Coalossal|Stone Edge|p2a: Regice\n|-supereffective|p2a: Regice\n|-damage|p2a: Regice|0 fnt\n|faint|p2a: Regice\n|\n|upkeep\n|\n|t:|1781462284\n|switch|p2a: Rotom|Rotom-Frost, L87|229/229\n|turn|16\n|\n|t:|1781462290\n|move|p2a: Rotom|Thunderbolt|p1a: Coalossal\n|-damage|p1a: Coalossal|0 fnt\n|faint|p1a: Coalossal\n|\n|upkeep\n|\n|t:|1781462296\n|switch|p1a: Kyurem|Kyurem, L77|319/319\n|-ability|p1a: Kyurem|Pressure\n|turn|17\n|\n|t:|1781462319\n|move|p2a: Rotom|Will-O-Wisp|p1a: Kyurem\n|-status|p1a: Kyurem|brn\n|move|p1a: Kyurem|Freeze-Dry|p2a: Rotom\n|-resisted|p2a: Rotom\n|-damage|p2a: Rotom|193/229\n|\n|-damage|p1a: Kyurem|300/319 brn|[from] brn\n|upkeep\n|turn|18\n|\n|t:|1781462325\n|move|p2a: Rotom|Nasty Plot|p2a: Rotom\n|-boost|p2a: Rotom|spa|2\n|move|p1a: Kyurem|Draco Meteor|p2a: Rotom\n|-damage|p2a: Rotom|69/229\n|-unboost|p1a: Kyurem|spa|2\n|\n|-damage|p1a: Kyurem|281/319 brn|[from] brn\n|upkeep\n|turn|19\n|\n|t:|1781462340\n|move|p2a: Rotom|Blizzard|p1a: Kyurem|[miss]\n|-miss|p2a: Rotom|p1a: Kyurem\n|move|p1a: Kyurem|Outrage|p2a: Rotom\n|-damage|p2a: Rotom|14/229\n|\n|-damage|p1a: Kyurem|262/319 brn|[from] brn\n|upkeep\n|turn|20\n|\n|t:|1781462353\n|move|p2a: Rotom|Blizzard|p1a: Kyurem\n|-damage|p1a: Kyurem|0 fnt\n|faint|p1a: Kyurem\n|\n|upkeep\n|\n|t:|1781462357\n|switch|p1a: Kingambit|Kingambit, L74, M|270/270\n|-activate|p1a: Kingambit|ability: Supreme Overlord\n|-start|p1a: Kingambit|fallen4|[silent]\n|turn|21\n|\n|t:|1781462363\n|move|p2a: Rotom|Will-O-Wisp|p1a: Kingambit\n|-status|p1a: Kingambit|brn\n|move|p1a: Kingambit|Swords Dance|p1a: Kingambit\n|-boost|p1a: Kingambit|atk|2\n|\n|-damage|p1a: Kingambit|254/270 brn|[from] brn\n|upkeep\n|turn|22\n|\n|t:|1781462370\n|move|p1a: Kingambit|Sucker Punch|p2a: Rotom\n|-damage|p2a: Rotom|0 fnt\n|faint|p2a: Rotom\n|\n|-heal|p1a: Kingambit|270/270 brn|[from] item: Leftovers\n|-damage|p1a: Kingambit|254/270 brn|[from] brn\n|upkeep\n|\n|t:|1781462377\n|switch|p2a: Hitmontop|Hitmontop, L88, M|126/231\n|-damage|p2a: Hitmontop|112/231|[from] Stealth Rock\n|-damage|p2a: Hitmontop|84/231|[from] Spikes\n|-ability|p2a: Hitmontop|Intimidate|boost\n|-unboost|p1a: Kingambit|atk|1\n|turn|23\n|\n|t:|1781462385\n|-terastallize|p1a: Kingambit|Flying\n|move|p2a: Hitmontop|Rapid Spin|p1a: Kingambit\n|-damage|p1a: Kingambit|218/270 brn\n|-boost|p2a: Hitmontop|spe|1\n|-sideend|p2: ultrabillybobjoe|Spikes|[from] move: Rapid Spin|[of] p2a: Hitmontop\n|-sideend|p2: ultrabillybobjoe|Stealth Rock|[from] move: Rapid Spin|[of] p2a: Hitmontop\n|move|p1a: Kingambit|Swords Dance|p1a: Kingambit\n|-boost|p1a: Kingambit|atk|2\n|\n|-heal|p1a: Kingambit|234/270 brn|[from] item: Leftovers\n|-damage|p1a: Kingambit|218/270 brn|[from] brn\n|upkeep\n|turn|24\n|\n|t:|1781462397\n|switch|p2a: Gallade|Gallade, L80, M|240/240\n|move|p1a: Kingambit|Swords Dance|p1a: Kingambit\n|-boost|p1a: Kingambit|atk|2\n|\n|-heal|p1a: Kingambit|234/270 brn|[from] item: Leftovers\n|-damage|p1a: Kingambit|218/270 brn|[from] brn\n|upkeep\n|turn|25\n|\n|t:|1781462403\n|move|p1a: Kingambit|Sucker Punch|p2a: Gallade\n|-damage|p2a: Gallade|20/240\n|move|p2a: Gallade|Psycho Cut|p1a: Kingambit\n|-damage|p1a: Kingambit|53/270 brn\n|\n|-heal|p1a: Kingambit|69/270 brn|[from] item: Leftovers\n|-damage|p1a: Kingambit|53/270 brn|[from] brn\n|upkeep\n|turn|26\n|\n|t:|1781462408\n|move|p1a: Kingambit|Sucker Punch|p2a: Gallade\n|-damage|p2a: Gallade|0 fnt\n|faint|p2a: Gallade\n|\n|-heal|p1a: Kingambit|69/270 brn|[from] item: Leftovers\n|-damage|p1a: Kingambit|53/270 brn|[from] brn\n|upkeep\n|\n|t:|1781462412\n|switch|p2a: Hitmontop|Hitmontop, L88, M|84/231\n|-ability|p2a: Hitmontop|Intimidate|boost\n|-unboost|p1a: Kingambit|atk|1\n|turn|27\n|\n|t:|1781462423\n|move|p2a: Hitmontop|Sucker Punch|p1a: Kingambit\n|-damage|p1a: Kingambit|6/270 brn\n|move|p1a: Kingambit|Sucker Punch||[still]\n|-fail|p1a: Kingambit\n|\n|-heal|p1a: Kingambit|22/270 brn|[from] item: Leftovers\n|-damage|p1a: Kingambit|6/270 brn|[from] brn\n|upkeep\n|turn|28\n|\n|t:|1781462432\n|-end|p1a: Kingambit|fallen4|[silent]\n|switch|p1a: Vivillon|Vivillon-Marine, L83, F|232/268\n|move|p2a: Hitmontop|Sucker Punch||[still]\n|-fail|p2a: Hitmontop\n|\n|upkeep\n|turn|29\n|\n|t:|1781462437\n|switch|p2a: Latios|Latios, L78, M|222/253\n|move|p1a: Vivillon|Quiver Dance|p1a: Vivillon\n|-boost|p1a: Vivillon|spa|1\n|-boost|p1a: Vivillon|spd|1\n|-boost|p1a: Vivillon|spe|1\n|\n|upkeep\n|turn|30\n|\n|t:|1781462444\n|-terastallize|p2a: Latios|Steel\n|move|p1a: Vivillon|Sleep Powder|p2a: Latios\n|-status|p2a: Latios|slp|[from] move: Sleep Powder\n|cant|p2a: Latios|slp\n|\n|upkeep\n|turn|31\n|\n|t:|1781462448\n|switch|p2a: Hitmontop|Hitmontop, L88, M|84/231\n|-ability|p2a: Hitmontop|Intimidate|boost\n|-unboost|p1a: Vivillon|atk|1\n|move|p1a: Vivillon|Quiver Dance|p1a: Vivillon\n|-boost|p1a: Vivillon|spa|1\n|-boost|p1a: Vivillon|spd|1\n|-boost|p1a: Vivillon|spe|1\n|\n|upkeep\n|turn|32\n|\n|t:|1781462455\n|move|p1a: Vivillon|Tera Blast|p2a: Hitmontop\n|-damage|p2a: Hitmontop|0 fnt\n|faint|p2a: Hitmontop\n|\n|upkeep\n|\n|t:|1781462459\n|switch|p2a: Bellossom|Bellossom, L84, F|263/263\n|turn|33\n|\n|t:|1781462463\n|move|p1a: Vivillon|Hurricane|p2a: Bellossom\n|-supereffective|p2a: Bellossom\n|-damage|p2a: Bellossom|0 fnt\n|faint|p2a: Bellossom\n|\n|upkeep\n|-message|ultrabillybobjoe forfeited.\n|\n|win|fiesta899\n|raw|fiesta899's rating: 1630 &rarr; <strong>1651</strong><br />(+21 for winning)\n|raw|ultrabillybobjoe's rating: 1654 &rarr; <strong>1633</strong><br />(-21 for losing)\n|l|\u2606ultrabillybobjoe\n|player|p2|\n", "inputlog": ">version a8376a258c1d4662feba110a92103f3664a72141\n>start {\"formatid\":\"gen9randombattle\",\"seed\":\"sodium,58bdc76e99b9d0667227a4d671801d6b\",\"rated\":\"Rated battle\"}\n>player p1 {\"name\":\"fiesta899\",\"avatar\":\"pokemonbreeder-gen4\",\"rating\":1630,\"seed\":\"sodium,0c1315ea4da97e471ae3ed900e816bb3\"}\n>player p2 {\"name\":\"ultrabillybobjoe\",\"avatar\":\"2\",\"rating\":1598,\"seed\":\"sodium,7472e42184269156c34b6aea4180814a\"}\n>p1 switch 5\n>p2 move aurasphere\n>p1 move trick\n>p2 switch 6\n>p1 switch 4\n>p2 move stoneedge\n>p1 move stealthrock\n>p2 switch 5\n>p1 switch 3\n>p2 move sacredsword\n>p1 switch 4\n>p2 move sacredsword\n>p1 move astralbarrage\n>p2 switch 5\n>p1 move psyshock\n>p2 move suckerpunch\n>p1 switch 3\n>p1 move spikes\n>p2 switch 6\n>p1 switch 2\n>p2 move aurasphere\n>p1 move quiverdance\n>p2 switch 3\n>p1 move sleeppowder\n>p2 move icebeam\n>p1 switch 4\n>p2 move sleeptalk\n>p1 switch 2\n>p1 move stoneedge\n>p2 move thunderbolt\n>p1 move stoneedge\n>p2 move thunderbolt\n>p2 switch 2\n>p1 move stoneedge\n>p2 move thunderbolt\n>p1 switch 6\n>p1 move freezedry\n>p2 move willowisp\n>p1 move dracometeor\n>p2 move nastyplot\n>p1 move outrage\n>p2 move blizzard\n>p1 move outrage\n>p2 move blizzard\n>p1 switch 5\n>p1 move swordsdance\n>p2 move willowisp\n>p1 move suckerpunch\n>p2 move thunderbolt\n>p2 switch 6\n>p1 move swordsdance terastallize\n>p2 move rapidspin\n>p1 move swordsdance\n>p2 switch 5\n>p1 move suckerpunch\n>p2 move psychocut\n>p1 move suckerpunch\n>p2 move psychocut\n>p2 switch 5\n>p1 move suckerpunch\n>p2 move suckerpunch\n>p1 switch 4\n>p2 move suckerpunch\n>p1 move quiverdance\n>p2 switch 3\n>p1 move sleeppowder\n>p2 move lusterpurge terastallize\n>p1 move quiverdance\n>p2 switch 3\n>p1 move terablast\n>p2 move stoneedge\n>p2 switch 4\n>p1 move hurricane\n>p2 move quiverdance\n>forcelose p2", "uploadtime": 1781462470, "views": 6, "formatid": "gen9randombattle", "rating": 1633, "private": 0, "password": null}