{"id": "gen9randombattle-2631471389", "format": "[Gen 9] Random Battle", "players": ["etetete", "fortnitekid1212"], "log": "|j|\u2606etetete\n|j|\u2606fortnitekid1212\n|t:|1781388924\n|gametype|singles\n|player|p1|etetete|101|2001\n|player|p2|fortnitekid1212|169|2023\n|gen|9\n|tier|[Gen 9] Random Battle\n|rated|\n|rule|Species Clause: Limit one of each Pok\u00e9mon\n|rule|HP Percentage Mod: HP is shown in percentages\n|rule|Sleep Clause Mod: Limit one foe put to sleep\n|rule|Illusion Level Mod: Illusion disguises the Pok\u00e9mon's true level\n|\n|t:|1781388924\n|teamsize|p1|6\n|teamsize|p2|6\n|start\n|switch|p1a: Toxtricity|Toxtricity, L82, F|257/257\n|switch|p2a: Magmortar|Magmortar, L88, F|275/275\n|turn|1\n|inactive|Battle timer is ON: inactive players will automatically lose when time's up. (requested by fortnitekid1212)\n|\n|t:|1781388929\n|move|p1a: Toxtricity|Volt Switch|p2a: Magmortar\n|-damage|p2a: Magmortar|197/275\n|\n|t:|1781388931\n|switch|p1a: Landorus|Landorus, L75, M|257/257|[from] Volt Switch\n|move|p2a: Magmortar|Earthquake|p1a: Landorus\n|-immune|p1a: Landorus\n|\n|upkeep\n|turn|2\n|\n|t:|1781388956\n|move|p2a: Magmortar|Fire Blast|p1a: Landorus\n|-damage|p1a: Landorus|53/257\n|move|p1a: Landorus|Stealth Rock|p2a: Magmortar\n|-sidestart|p2: fortnitekid1212|move: Stealth Rock\n|\n|upkeep\n|turn|3\n|\n|t:|1781388961\n|switch|p1a: Primarina|Primarina, L83, F|268/268\n|move|p2a: Magmortar|Fire Blast|p1a: Primarina\n|-resisted|p1a: Primarina\n|-damage|p1a: Primarina|199/268\n|\n|-heal|p1a: Primarina|215/268|[from] item: Leftovers\n|upkeep\n|turn|4\n|\n|t:|1781388965\n|move|p2a: Magmortar|Thunderbolt|p1a: Primarina\n|-supereffective|p1a: Primarina\n|-damage|p1a: Primarina|69/268\n|-status|p1a: Primarina|par\n|move|p1a: Primarina|Sparkling Aria|p2a: Magmortar\n|-supereffective|p2a: Magmortar\n|-damage|p2a: Magmortar|0 fnt\n|faint|p2a: Magmortar\n|\n|-heal|p1a: Primarina|85/268 par|[from] item: Leftovers\n|upkeep\n|\n|t:|1781388980\n|switch|p2a: Pecharunt|Pecharunt, L77|262/262\n|-damage|p2a: Pecharunt|230/262|[from] Stealth Rock\n|turn|5\n|\n|t:|1781388998\n|switch|p1a: Toxtricity|Toxtricity, L82, F|257/257\n|move|p2a: Pecharunt|Malignant Chain|p1a: Toxtricity\n|-resisted|p1a: Toxtricity\n|-damage|p1a: Toxtricity|210/257\n|\n|-heal|p2a: Pecharunt|246/262|[from] item: Leftovers\n|upkeep\n|turn|6\n|\n|t:|1781389010\n|move|p1a: Toxtricity|Overdrive|p2a: Pecharunt\n|-damage|p2a: Pecharunt|128/262\n|move|p2a: Pecharunt|Shadow Ball|p1a: Toxtricity\n|-damage|p1a: Toxtricity|126/257\n|\n|-heal|p2a: Pecharunt|144/262|[from] item: Leftovers\n|upkeep\n|turn|7\n|\n|t:|1781389017\n|switch|p2a: Garchomp|Garchomp, L74, F|282/282\n|-damage|p2a: Garchomp|265/282|[from] Stealth Rock\n|move|p1a: Toxtricity|Overdrive|p2a: Garchomp\n|-immune|p2a: Garchomp\n|\n|upkeep\n|turn|8\n|\n|t:|1781389026\n|switch|p1a: Breloom|Breloom, L83, F|235/235\n|move|p2a: Garchomp|Fire Fang|p1a: Breloom\n|-supereffective|p1a: Breloom\n|-damage|p1a: Breloom|133/235\n|\n|upkeep\n|turn|9\n|\n|t:|1781389033\n|switch|p1a: Toxtricity|Toxtricity, L82, F|126/257\n|-terastallize|p2a: Garchomp|Fire\n|move|p2a: Garchomp|Fire Fang|p1a: Toxtricity\n|-crit|p1a: Toxtricity\n|-damage|p1a: Toxtricity|3/257\n|\n|upkeep\n|turn|10\n|\n|t:|1781389054\n|move|p1a: Toxtricity|Volt Switch|p2a: Garchomp\n|-damage|p2a: Garchomp|165/282\n|\n|t:|1781389059\n|switch|p1a: Primarina|Primarina, L83, F|85/268 par|[from] Volt Switch\n|move|p2a: Garchomp|Scale Shot|p1a: Primarina\n|-immune|p1a: Primarina\n|\n|-heal|p1a: Primarina|101/268 par|[from] item: Leftovers\n|upkeep\n|turn|11\n|\n|t:|1781389085\n|move|p2a: Garchomp|Earthquake|p1a: Primarina\n|-crit|p1a: Primarina\n|-damage|p1a: Primarina|0 fnt\n|faint|p1a: Primarina\n|\n|upkeep\n|\n|t:|1781389086\n|switch|p1a: Landorus|Landorus, L75, M|53/257\n|turn|12\n|\n|t:|1781389111\n|switch|p2a: Slither Wing|Slither Wing, L81|270/270\n|-damage|p2a: Slither Wing|237/270|[from] Stealth Rock\n|move|p1a: Landorus|Earth Power|p2a: Slither Wing\n|-resisted|p2a: Slither Wing\n|-damage|p2a: Slither Wing|171/270\n|\n|upkeep\n|turn|13\n|\n|t:|1781389116\n|move|p2a: Slither Wing|First Impression|p1a: Landorus\n|-resisted|p1a: Landorus\n|-damage|p1a: Landorus|0 fnt\n|faint|p1a: Landorus\n|-damage|p2a: Slither Wing|144/270|[from] item: Life Orb\n|\n|upkeep\n|\n|t:|1781389119\n|switch|p1a: Chi-Yu|Chi-Yu, L77|211/211\n|-ability|p1a: Chi-Yu|Beads of Ruin\n|turn|14\n|\n|t:|1781389139\n|move|p1a: Chi-Yu|Psychic|p2a: Slither Wing\n|-supereffective|p2a: Slither Wing\n|-damage|p2a: Slither Wing|0 fnt\n|faint|p2a: Slither Wing\n|-end|p2a: Slither Wing|Protosynthesis|[silent]\n|\n|upkeep\n|\n|t:|1781389149\n|switch|p2a: Grafaiai|Grafaiai, L86, M|249/249\n|turn|15\n|\n|t:|1781389164\n|move|p2a: Grafaiai|Gunk Shot|p1a: Chi-Yu\n|-damage|p1a: Chi-Yu|60/211\n|move|p1a: Chi-Yu|Psychic|p2a: Grafaiai\n|-supereffective|p2a: Grafaiai\n|-damage|p2a: Grafaiai|27/249\n|\n|upkeep\n|turn|16\n|\n|t:|1781389178\n|switch|p1a: Breloom|Breloom, L83, F|133/235\n|move|p2a: Grafaiai|Gunk Shot|p1a: Breloom\n|-supereffective|p1a: Breloom\n|-damage|p1a: Breloom|0 fnt\n|faint|p1a: Breloom\n|\n|upkeep\n|\n|t:|1781389186\n|switch|p1a: Toxtricity|Toxtricity, L82, F|3/257\n|turn|17\n|\n|t:|1781389209\n|move|p1a: Toxtricity|Overdrive|p2a: Grafaiai\n|-damage|p2a: Grafaiai|0 fnt\n|faint|p2a: Grafaiai\n|\n|upkeep\n|\n|t:|1781389214\n|switch|p2a: Meloetta|Meloetta, L82|298/298\n|-damage|p2a: Meloetta|261/298|[from] Stealth Rock\n|turn|18\n|\n|t:|1781389218\n|move|p1a: Toxtricity|Overdrive|p2a: Meloetta\n|-damage|p2a: Meloetta|170/298\n|move|p2a: Meloetta|Hyper Voice|p1a: Toxtricity\n|-damage|p1a: Toxtricity|0 fnt\n|faint|p1a: Toxtricity\n|\n|upkeep\n|\n|t:|1781389221\n|switch|p1a: Chi-Yu|Chi-Yu, L77|60/211\n|-ability|p1a: Chi-Yu|Beads of Ruin\n|turn|19\n|inactive|fortnitekid1212 has 120 seconds left.\n|\n|t:|1781389281\n|-terastallize|p1a: Chi-Yu|Dark\n|move|p1a: Chi-Yu|Dark Pulse|p2a: Meloetta\n|-supereffective|p2a: Meloetta\n|-damage|p2a: Meloetta|0 fnt\n|faint|p2a: Meloetta\n|\n|upkeep\n|\n|t:|1781389288\n|switch|p2a: Garchomp|Garchomp, L74, F, tera:Fire|165/282\n|-damage|p2a: Garchomp|95/282|[from] Stealth Rock\n|turn|20\n|\n|t:|1781389291\n|move|p1a: Chi-Yu|Dark Pulse|p2a: Garchomp\n|-damage|p2a: Garchomp|0 fnt\n|faint|p2a: Garchomp\n|\n|upkeep\n|-message|fortnitekid1212 forfeited.\n|\n|win|etetete\n", "inputlog": ">version a8376a258c1d4662feba110a92103f3664a72141\n>start {\"formatid\":\"gen9randombattle\",\"seed\":\"sodium,f178cfcfdbff505f00a8c765162d52f6\",\"rated\":\"Rated battle\"}\n>player p1 {\"name\":\"etetete\",\"avatar\":\"101\",\"rating\":2001,\"seed\":\"sodium,78dbda3b3d9cfb68d9527b3e7898f37e\"}\n>player p2 {\"name\":\"fortnitekid1212\",\"avatar\":\"169\",\"rating\":2023,\"seed\":\"sodium,6141004fc41d2dca33354a5bdbe08e5d\"}\n>p1 move voltswitch\n>p2 move earthquake\n>p1 switch 5\n>p1 move stealthrock\n>p2 move fireblast\n>p1 switch 4\n>p2 move fireblast\n>p1 move sparklingaria\n>p2 move thunderbolt\n>p2 switch 6\n>p1 switch 5\n>p2 move malignantchain\n>p1 move overdrive\n>p2 move shadowball\n>p1 move overdrive\n>p2 switch 5\n>p1 switch 3\n>p2 move firefang\n>p1 switch 3\n>p2 move firefang terastallize\n>p1 move voltswitch\n>p2 move scaleshot\n>p1 switch 5\n>p1 move psychic\n>p2 move earthquake\n>p1 switch 4\n>p1 move earthpower\n>p2 switch 3\n>p1 move psychic\n>p2 move firstimpression\n>p1 switch 2\n>p1 move psychic\n>p2 move uturn\n>p2 switch 2\n>p1 move psychic\n>p2 move gunkshot\n>p1 switch 3\n>p2 move gunkshot\n>p1 switch 5\n>p1 move overdrive\n>p2 move knockoff\n>p2 switch 4\n>p1 move overdrive\n>p2 move hypervoice\n>p1 switch 3\n>p1 move darkpulse terastallize\n>p2 move hypervoice\n>p2 switch 3\n>p1 move darkpulse\n>p2 move earthquake\n>forcelose p2", "uploadtime": 1781388926, "views": 7, "formatid": "gen9randombattle", "rating": null, "private": 0, "password": null}