{"id": "gen9randombattle-2631853135", "format": "[Gen 9] Random Battle", "players": ["BlueCatWhiteHat", "Yaya50"], "log": "|j|\u2606BlueCatWhiteHat\n|j|\u2606Yaya50\n|t:|1781448322\n|gametype|singles\n|player|p1|BlueCatWhiteHat|steven|\n|player|p2|Yaya50|blackbelt-gen4dp|\n|gen|9\n|tier|[Gen 9] Random Battle\n|rule|Species Clause: Limit one of each Pok\u00e9mon\n|rule|HP Percentage Mod: HP is shown in percentages\n|rule|Sleep Clause Mod: Limit one foe put to sleep\n|rule|Illusion Level Mod: Illusion disguises the Pok\u00e9mon's true level\n|\n|t:|1781448322\n|teamsize|p1|6\n|teamsize|p2|6\n|start\n|switch|p1a: Milotic|Milotic, L83, M|293/293\n|switch|p2a: Latios|Latios, L78, M|253/253\n|turn|1\n|inactive|Battle timer is ON: inactive players will automatically lose when time's up. (requested by BlueCatWhiteHat)\n|c|\u2606BlueCatWhiteHat|Glhf\n|\n|t:|1781448340\n|switch|p2a: Okidogi|Okidogi, L77, M|262/262\n|move|p1a: Milotic|Ice Beam|p2a: Okidogi\n|-damage|p2a: Okidogi|213/262\n|\n|upkeep\n|turn|2\n|\n|t:|1781448355\n|switch|p1a: Amoonguss|Amoonguss, L82, M|321/321\n|switch|p2a: Cacturne|Cacturne, L92, M|278/278\n|\n|upkeep\n|turn|3\n|\n|t:|1781448362\n|switch|p2a: Okidogi|Okidogi, L77, M|213/262\n|move|p1a: Amoonguss|Sludge Bomb|p2a: Okidogi\n|-resisted|p2a: Okidogi\n|-damage|p2a: Okidogi|183/262\n|\n|upkeep\n|turn|4\n|\n|t:|1781448367\n|move|p2a: Okidogi|Knock Off|p1a: Amoonguss\n|-crit|p1a: Amoonguss\n|-damage|p1a: Amoonguss|189/321\n|-damage|p2a: Okidogi|140/262|[from] item: Rocky Helmet|[of] p1a: Amoonguss\n|-enditem|p1a: Amoonguss|Rocky Helmet|[from] move: Knock Off|[of] p2a: Okidogi\n|move|p1a: Amoonguss|Stomping Tantrum|p2a: Okidogi\n|-supereffective|p2a: Okidogi\n|-damage|p2a: Okidogi|56/262\n|\n|upkeep\n|turn|5\n|\n|t:|1781448379\n|move|p2a: Okidogi|Psychic Fangs|p1a: Amoonguss\n|-supereffective|p1a: Amoonguss\n|-damage|p1a: Amoonguss|35/321\n|move|p1a: Amoonguss|Sludge Bomb|p2a: Okidogi\n|-resisted|p2a: Okidogi\n|-damage|p2a: Okidogi|25/262\n|\n|upkeep\n|turn|6\n|\n|t:|1781448383\n|switch|p1a: Mandibuzz|Mandibuzz, L85, F|326/326\n|move|p2a: Okidogi|Knock Off|p1a: Mandibuzz\n|-resisted|p1a: Mandibuzz\n|-crit|p1a: Mandibuzz\n|-damage|p1a: Mandibuzz|283/326\n|-enditem|p1a: Mandibuzz|Heavy-Duty Boots|[from] move: Knock Off|[of] p2a: Okidogi\n|\n|upkeep\n|turn|7\n|\n|t:|1781448400\n|move|p1a: Mandibuzz|Foul Play|p2a: Okidogi\n|-resisted|p2a: Okidogi\n|-damage|p2a: Okidogi|0 fnt\n|faint|p2a: Okidogi\n|\n|upkeep\n|\n|t:|1781448406\n|switch|p2a: Rampardos|Rampardos, L90, F|321/321\n|turn|8\n|\n|t:|1781448417\n|move|p1a: Mandibuzz|Foul Play|p2a: Rampardos\n|-damage|p2a: Rampardos|107/321\n|move|p2a: Rampardos|Rock Slide|p1a: Mandibuzz\n|-supereffective|p1a: Mandibuzz\n|-damage|p1a: Mandibuzz|0 fnt\n|faint|p1a: Mandibuzz\n|\n|upkeep\n|\n|t:|1781448430\n|switch|p1a: Gallade|Gallade, L80, M|240/240\n|turn|9\n|\n|t:|1781448439\n|move|p1a: Gallade|Night Slash|p2a: Rampardos\n|-damage|p2a: Rampardos|0 fnt\n|faint|p2a: Rampardos\n|-damage|p1a: Gallade|216/240|[from] item: Life Orb\n|\n|upkeep\n|\n|t:|1781448450\n|switch|p2a: Scyther|Scyther, L82, M|249/249\n|turn|10\n|\n|t:|1781448462\n|switch|p1a: Talonflame|Talonflame, L83, F|265/265\n|move|p2a: Scyther|Dual Wingbeat|p1a: Talonflame\n|-damage|p1a: Talonflame|192/265\n|-damage|p1a: Talonflame|116/265\n|-status|p2a: Scyther|brn|[from] ability: Flame Body|[of] p1a: Talonflame\n|-hitcount|p1a: Talonflame|2\n|\n|-damage|p2a: Scyther|234/249 brn|[from] brn\n|upkeep\n|turn|11\n|\n|t:|1781448476\n|switch|p2a: Latios|Latios, L78, M|253/253\n|move|p1a: Talonflame|Roost|p1a: Talonflame\n|-heal|p1a: Talonflame|249/265\n|-singleturn|p1a: Talonflame|move: Roost\n|\n|upkeep\n|turn|12\n|\n|t:|1781448482\n|switch|p1a: Milotic|Milotic, L83, M|293/293\n|move|p2a: Latios|Calm Mind|p2a: Latios\n|-boost|p2a: Latios|spa|1\n|-boost|p2a: Latios|spd|1\n|\n|upkeep\n|turn|13\n|\n|t:|1781448496\n|switch|p2a: Chandelure|Chandelure, L83, M|235/235\n|move|p1a: Milotic|Haze|p1a: Milotic\n|-clearallboost\n|\n|upkeep\n|turn|14\n|\n|t:|1781448513\n|switch|p1a: Amoonguss|Amoonguss, L82, M|142/321\n|move|p2a: Chandelure|Trick|p1a: Amoonguss\n|-activate|p2a: Chandelure|move: Trick|[of] p1a: Amoonguss\n|-item|p1a: Amoonguss|Choice Scarf|[from] move: Trick\n|-enditem|p2a: Chandelure|Choice Scarf|[silent]|[from] move: Trick\n|\n|upkeep\n|turn|15\n|\n|t:|1781448530\n|switch|p1a: Milotic|Milotic, L83, M|293/293\n|move|p2a: Chandelure|Fire Blast|p1a: Milotic\n|-resisted|p1a: Milotic\n|-damage|p1a: Milotic|233/293\n|-status|p1a: Milotic|brn\n|\n|-heal|p1a: Milotic|251/293 brn|[from] item: Leftovers\n|-damage|p1a: Milotic|233/293 brn|[from] brn\n|upkeep\n|turn|16\n|\n|t:|1781448541\n|switch|p2a: Cacturne|Cacturne, L92, M|278/278\n|move|p1a: Milotic|Ice Beam|p2a: Cacturne\n|-supereffective|p2a: Cacturne\n|-damage|p2a: Cacturne|114/278\n|\n|-heal|p1a: Milotic|251/293 brn|[from] item: Leftovers\n|-damage|p1a: Milotic|233/293 brn|[from] brn\n|upkeep\n|turn|17\n|\n|t:|1781448557\n|switch|p1a: Amoonguss|Amoonguss, L82, M|249/321\n|move|p2a: Cacturne|Sucker Punch||[still]\n|-fail|p2a: Cacturne\n|\n|upkeep\n|turn|18\n|\n|t:|1781448565\n|move|p2a: Cacturne|Knock Off|p1a: Amoonguss\n|-damage|p1a: Amoonguss|27/321\n|-enditem|p1a: Amoonguss|Choice Scarf|[from] move: Knock Off|[of] p2a: Cacturne\n|-damage|p2a: Cacturne|87/278|[from] item: Life Orb\n|move|p1a: Amoonguss|Sludge Bomb|p2a: Cacturne\n|-supereffective|p2a: Cacturne\n|-damage|p2a: Cacturne|0 fnt\n|faint|p2a: Cacturne\n|\n|upkeep\n|\n|t:|1781448574\n|switch|p2a: Latios|Latios, L78, M|253/253\n|turn|19\n|\n|t:|1781448578\n|move|p2a: Latios|Psyshock|p1a: Amoonguss\n|-supereffective|p1a: Amoonguss\n|-damage|p1a: Amoonguss|0 fnt\n|faint|p1a: Amoonguss\n|\n|upkeep\n|\n|t:|1781448581\n|switch|p1a: Milotic|Milotic, L83, M|233/293 brn\n|turn|20\n|\n|t:|1781448587\n|move|p2a: Latios|Calm Mind|p2a: Latios\n|-boost|p2a: Latios|spa|1\n|-boost|p2a: Latios|spd|1\n|move|p1a: Milotic|Ice Beam|p2a: Latios\n|-supereffective|p2a: Latios\n|-damage|p2a: Latios|177/253\n|\n|-heal|p1a: Milotic|251/293 brn|[from] item: Leftovers\n|-damage|p1a: Milotic|233/293 brn|[from] brn\n|upkeep\n|turn|21\n|\n|t:|1781448595\n|-terastallize|p1a: Milotic|Steel\n|move|p2a: Latios|Psyshock|p1a: Milotic\n|-resisted|p1a: Milotic\n|-damage|p1a: Milotic|146/293 brn\n|move|p1a: Milotic|Haze|p1a: Milotic\n|-clearallboost\n|\n|-heal|p1a: Milotic|164/293 brn|[from] item: Leftovers\n|-damage|p1a: Milotic|146/293 brn|[from] brn\n|upkeep\n|turn|22\n|\n|t:|1781448608\n|move|p2a: Latios|Calm Mind|p2a: Latios\n|-boost|p2a: Latios|spa|1\n|-boost|p2a: Latios|spd|1\n|move|p1a: Milotic|Recover|p1a: Milotic\n|-heal|p1a: Milotic|293/293 brn\n|\n|-damage|p1a: Milotic|275/293 brn|[from] brn\n|upkeep\n|turn|23\n|\n|t:|1781448616\n|switch|p2a: Scyther|Scyther, L82, M|234/249 brn\n|move|p1a: Milotic|Haze|p1a: Milotic\n|-clearallboost\n|\n|-heal|p1a: Milotic|293/293 brn|[from] item: Leftovers\n|-damage|p2a: Scyther|219/249 brn|[from] brn\n|-damage|p1a: Milotic|275/293 brn|[from] brn\n|upkeep\n|turn|24\n|\n|t:|1781448625\n|switch|p1a: Talonflame|Talonflame, L83, F|249/265\n|move|p2a: Scyther|Close Combat|p1a: Talonflame\n|-resisted|p1a: Talonflame\n|-damage|p1a: Talonflame|221/265\n|-unboost|p2a: Scyther|def|1\n|-unboost|p2a: Scyther|spd|1\n|\n|-damage|p2a: Scyther|204/249 brn|[from] brn\n|upkeep\n|turn|25\n|\n|t:|1781448633\n|move|p1a: Talonflame|Brave Bird|p2a: Scyther\n|-supereffective|p2a: Scyther\n|-damage|p2a: Scyther|0 fnt\n|faint|p2a: Scyther\n|-damage|p1a: Talonflame|154/265|[from] Recoil\n|\n|upkeep\n|\n|t:|1781448643\n|switch|p2a: Chandelure|Chandelure, L83, M|235/235\n|turn|26\n|\n|t:|1781448650\n|move|p1a: Talonflame|Brave Bird|p2a: Chandelure\n|-damage|p2a: Chandelure|121/235\n|-damage|p1a: Talonflame|116/265|[from] Recoil\n|move|p2a: Chandelure|Shadow Ball|p1a: Talonflame\n|-damage|p1a: Talonflame|0 fnt\n|faint|p1a: Talonflame\n|\n|upkeep\n|\n|t:|1781448655\n|switch|p1a: Gallade|Gallade, L80, M|216/240\n|turn|27\n|\n|t:|1781448660\n|move|p2a: Chandelure|Shadow Ball|p1a: Gallade\n|-supereffective|p1a: Gallade\n|-damage|p1a: Gallade|34/240\n|move|p1a: Gallade|Night Slash|p2a: Chandelure\n|-supereffective|p2a: Chandelure\n|-damage|p2a: Chandelure|0 fnt\n|faint|p2a: Chandelure\n|-damage|p1a: Gallade|10/240|[from] item: Life Orb\n|\n|upkeep\n|\n|t:|1781448663\n|switch|p2a: Latios|Latios, L78, M|177/253\n|turn|28\n|\n|t:|1781448665\n|move|p2a: Latios|Psyshock|p1a: Gallade\n|-damage|p1a: Gallade|0 fnt\n|faint|p1a: Gallade\n|\n|upkeep\n|\n|t:|1781448670\n|switch|p1a: Sinistcha|Sinistcha, L83|254/254\n|turn|29\n|\n|t:|1781448678\n|-terastallize|p2a: Latios|Steel\n|move|p2a: Latios|Calm Mind|p2a: Latios\n|-boost|p2a: Latios|spa|1\n|-boost|p2a: Latios|spd|1\n|move|p1a: Sinistcha|Shadow Ball|p2a: Latios\n|-damage|p2a: Latios|122/253\n|\n|upkeep\n|turn|30\n|\n|t:|1781448682\n|switch|p1a: Milotic|Milotic, L83, M, tera:Steel|275/293 brn\n|move|p2a: Latios|Calm Mind|p2a: Latios\n|-boost|p2a: Latios|spa|1\n|-boost|p2a: Latios|spd|1\n|\n|-heal|p1a: Milotic|293/293 brn|[from] item: Leftovers\n|-damage|p1a: Milotic|275/293 brn|[from] brn\n|upkeep\n|turn|31\n|\n|t:|1781448687\n|move|p2a: Latios|Psyshock|p1a: Milotic\n|-resisted|p1a: Milotic\n|-damage|p1a: Milotic|143/293 brn\n|move|p1a: Milotic|Haze|p1a: Milotic\n|-clearallboost\n|\n|-heal|p1a: Milotic|161/293 brn|[from] item: Leftovers\n|-damage|p1a: Milotic|143/293 brn|[from] brn\n|upkeep\n|turn|32\n|\n|t:|1781448692\n|move|p2a: Latios|Calm Mind|p2a: Latios\n|-boost|p2a: Latios|spa|1\n|-boost|p2a: Latios|spd|1\n|move|p1a: Milotic|Recover|p1a: Milotic\n|-heal|p1a: Milotic|290/293 brn\n|\n|-heal|p1a: Milotic|293/293 brn|[from] item: Leftovers\n|-damage|p1a: Milotic|275/293 brn|[from] brn\n|upkeep\n|turn|33\n|\n|t:|1781448695\n|move|p2a: Latios|Psyshock|p1a: Milotic\n|-resisted|p1a: Milotic\n|-damage|p1a: Milotic|176/293 brn\n|move|p1a: Milotic|Scald|p2a: Latios\n|-damage|p2a: Latios|74/253\n|\n|-heal|p1a: Milotic|194/293 brn|[from] item: Leftovers\n|-damage|p1a: Milotic|176/293 brn|[from] brn\n|upkeep\n|turn|34\n|\n|t:|1781448701\n|move|p2a: Latios|Psyshock|p1a: Milotic\n|-resisted|p1a: Milotic\n|-damage|p1a: Milotic|82/293 brn\n|move|p1a: Milotic|Scald|p2a: Latios\n|-damage|p2a: Latios|23/253\n|\n|-heal|p1a: Milotic|100/293 brn|[from] item: Leftovers\n|-damage|p1a: Milotic|82/293 brn|[from] brn\n|upkeep\n|turn|35\n|\n|t:|1781448709\n|move|p2a: Latios|Psyshock|p1a: Milotic\n|-resisted|p1a: Milotic\n|-damage|p1a: Milotic|0 fnt\n|faint|p1a: Milotic\n|\n|upkeep\n|\n|t:|1781448711\n|switch|p1a: Sinistcha|Sinistcha, L83|254/254\n|turn|36\n|\n|t:|1781448715\n|move|p2a: Latios|Recover|p2a: Latios\n|-heal|p2a: Latios|150/253\n|move|p1a: Sinistcha|Calm Mind|p1a: Sinistcha\n|-boost|p1a: Sinistcha|spa|1\n|-boost|p1a: Sinistcha|spd|1\n|\n|upkeep\n|turn|37\n|\n|t:|1781448717\n|move|p2a: Latios|Calm Mind|p2a: Latios\n|-boost|p2a: Latios|spa|1\n|-boost|p2a: Latios|spd|1\n|move|p1a: Sinistcha|Calm Mind|p1a: Sinistcha\n|-boost|p1a: Sinistcha|spa|1\n|-boost|p1a: Sinistcha|spd|1\n|\n|upkeep\n|turn|38\n|\n|t:|1781448721\n|move|p2a: Latios|Calm Mind|p2a: Latios\n|-boost|p2a: Latios|spa|1\n|-boost|p2a: Latios|spd|1\n|move|p1a: Sinistcha|Shadow Ball|p2a: Latios\n|-damage|p2a: Latios|81/253\n|\n|upkeep\n|turn|39\n|\n|t:|1781448724\n|move|p2a: Latios|Recover|p2a: Latios\n|-heal|p2a: Latios|208/253\n|move|p1a: Sinistcha|Shadow Ball|p2a: Latios\n|-damage|p2a: Latios|136/253\n|-unboost|p2a: Latios|spd|1\n|\n|upkeep\n|turn|40\n|\n|t:|1781448727\n|move|p2a: Latios|Calm Mind|p2a: Latios\n|-boost|p2a: Latios|spa|1\n|-boost|p2a: Latios|spd|1\n|move|p1a: Sinistcha|Shadow Ball|p2a: Latios\n|-damage|p2a: Latios|57/253\n|-unboost|p2a: Latios|spd|1\n|\n|upkeep\n|turn|41\n|\n|t:|1781448729\n|move|p2a: Latios|Recover|p2a: Latios\n|-heal|p2a: Latios|184/253\n|move|p1a: Sinistcha|Shadow Ball|p2a: Latios\n|-damage|p2a: Latios|99/253\n|-unboost|p2a: Latios|spd|1\n|\n|upkeep\n|turn|42\n|\n|t:|1781448733\n|move|p2a: Latios|Recover|p2a: Latios\n|-heal|p2a: Latios|226/253\n|move|p1a: Sinistcha|Shadow Ball|p2a: Latios\n|-damage|p2a: Latios|105/253\n|-unboost|p2a: Latios|spd|1\n|\n|upkeep\n|turn|43\n|c|\u2606Yaya50|Mote\n|c|\u2606Yaya50|more\n|c|\u2606Yaya50|hax\n|c|\u2606Yaya50|please\n|c|\u2606Yaya50|Each game\n|c|\u2606BlueCatWhiteHat|Bro you have a latias\n|inactive|Yaya50 has 270 seconds left.\n|c|\u2606Yaya50|LMAO\n|c|\u2606Yaya50|This is random You idiot shit\n|c|\u2606BlueCatWhiteHat|You had better Pokemon this game\n|c|\u2606Yaya50|20% sp\u00e9 def drop\n|c|\u2606Yaya50|each fuckin time\n|c|\u2606Yaya50|This is hax\n|inactive|Yaya50 has 240 seconds left.\n|\n|t:|1781448804\n|move|p2a: Latios|Calm Mind|p2a: Latios\n|-boost|p2a: Latios|spa|1\n|-boost|p2a: Latios|spd|1\n|move|p1a: Sinistcha|Shadow Ball|p2a: Latios\n|-damage|p2a: Latios|0 fnt\n|faint|p2a: Latios\n|\n|win|BlueCatWhiteHat\n|c|\u2606BlueCatWhiteHat|Ez\n|c|\u2606BlueCatWhiteHat|Fucking loser lmao\n|c|\u2606BlueCatWhiteHat|Go cry more\n", "inputlog": ">version a8376a258c1d4662feba110a92103f3664a72141\n>start {\"formatid\":\"gen9randombattle\",\"seed\":\"sodium,2c76ff47616c295eaf5c5e134f74fdae\"}\n>player p1 {\"name\":\"BlueCatWhiteHat\",\"avatar\":\"steven\",\"rating\":0,\"seed\":\"sodium,27b60b6dadc32292bcfca83fe4bd08e9\"}\n>player p2 {\"name\":\"Yaya50\",\"avatar\":\"blackbelt-gen4dp\",\"rating\":0,\"seed\":\"sodium,a9b2196ad2e117abab62a6d2ce5518cb\"}\n>chat \u2606BlueCatWhiteHat|Glhf\n>p1 move icebeam\n>p2 switch 3\n>p1 switch 4\n>p2 switch 2\n>p1 move sludgebomb\n>p2 switch 2\n>p1 move stompingtantrum\n>p2 move knockoff\n>p1 move sludgebomb\n>p2 move psychicfangs\n>p1 switch 2\n>p2 move knockoff\n>p1 move foulplay\n>p2 move drainpunch\n>p2 switch 6\n>p1 move foulplay\n>p2 move rockslide\n>p1 switch 5\n>p1 move nightslash\n>p2 move zenheadbutt\n>p2 switch 5\n>p1 switch 3\n>p2 move dualwingbeat\n>p1 move roost\n>p2 switch 3\n>p1 switch 4\n>p2 move calmmind\n>p1 move haze\n>p2 switch 4\n>p1 switch 2\n>p2 move trick\n>p1 switch 2\n>p2 move fireblast\n>p1 move icebeam\n>p2 switch 2\n>p1 switch 2\n>p2 move suckerpunch\n>p1 move sludgebomb\n>p2 move knockoff\n>p2 switch 4\n>p1 move spore\n>p2 move psyshock\n>p1 switch 2\n>p1 move icebeam\n>p2 move calmmind\n>p1 move haze terastallize\n>p2 move psyshock\n>p1 move recover\n>p2 move calmmind\n>p1 move haze\n>p2 switch 3\n>p1 switch 4\n>p2 move closecombat\n>p1 move bravebird\n>p2 move uturn\n>p2 switch 2\n>p1 move bravebird\n>p2 move shadowball\n>p1 switch 3\n>p1 move nightslash\n>p2 move shadowball\n>p2 switch 3\n>p1 move nightslash\n>p2 move psyshock\n>p1 switch 6\n>p1 move shadowball\n>p2 move calmmind terastallize\n>p1 switch 4\n>p2 move calmmind\n>p1 move haze\n>p2 move psyshock\n>p1 move recover\n>p2 move calmmind\n>p1 move scald\n>p2 move psyshock\n>p1 move scald\n>p2 move psyshock\n>p1 move recover\n>p2 move psyshock\n>p1 switch 4\n>p1 move calmmind\n>p2 move recover\n>p1 move calmmind\n>p2 move calmmind\n>p1 move shadowball\n>p2 move calmmind\n>p1 move shadowball\n>p2 move recover\n>p1 move shadowball\n>p2 move calmmind\n>p1 move shadowball\n>p2 move recover\n>p1 move shadowball\n>p2 move recover\n>chat \u2606Yaya50|Mote\n>chat \u2606Yaya50|more\n>chat \u2606Yaya50|hax\n>chat \u2606Yaya50|please\n>chat \u2606Yaya50|Each game\n>chat \u2606BlueCatWhiteHat|Bro you have a latias\n>chat \u2606Yaya50|LMAO\n>chat \u2606Yaya50|This is random You idiot shit\n>chat \u2606BlueCatWhiteHat|You had better Pokemon this game\n>chat \u2606Yaya50|20% sp\u00e9 def drop\n>chat \u2606Yaya50|each fuckin time\n>chat \u2606Yaya50|This is hax\n>p1 move shadowball\n>p2 move calmmind", "uploadtime": 1781448824, "views": 7, "formatid": "gen9randombattle", "rating": null, "private": 0, "password": null}