{"id": "gen9randombattle-2631570725", "format": "[Gen 9] Random Battle", "players": ["LinkNinjaTC11", "Bigoleg"], "log": "|j|\u2606LinkNinjaTC11\n|j|\u2606Bigoleg\n|t:|1781402803\n|gametype|singles\n|player|p1|LinkNinjaTC11|veteran|2056\n|player|p2|Bigoleg|169|2111\n|gen|9\n|tier|[Gen 9] Random Battle\n|rated|\n|rule|Species Clause: Limit one of each Pok\u00e9mon\n|rule|HP Percentage Mod: HP is shown in percentages\n|rule|Sleep Clause Mod: Limit one foe put to sleep\n|rule|Illusion Level Mod: Illusion disguises the Pok\u00e9mon's true level\n|\n|t:|1781402803\n|teamsize|p1|6\n|teamsize|p2|6\n|start\n|switch|p1a: Armarouge|Armarouge, L80, M|267/267\n|switch|p2a: Urshifu|Urshifu-Rapid-Strike, L75, M|274/274\n|turn|1\n|inactive|Battle timer is ON: inactive players will automatically lose when time's up. (requested by LinkNinjaTC11)\n|\n|t:|1781402823\n|switch|p1a: Yanmega|Yanmega, L82, M|275/275\n|move|p2a: Urshifu|Surging Strikes|p1a: Yanmega\n|-crit|p1a: Yanmega\n|-damage|p1a: Yanmega|208/275\n|-crit|p1a: Yanmega\n|-damage|p1a: Yanmega|145/275\n|-crit|p1a: Yanmega\n|-damage|p1a: Yanmega|79/275\n|-hitcount|p1a: Yanmega|3\n|\n|upkeep\n|turn|2\n|\n|t:|1781402828\n|switch|p2a: Skarmory|Skarmory, L80, M|235/235\n|move|p1a: Yanmega|Giga Drain|p2a: Skarmory\n|-resisted|p2a: Skarmory\n|-damage|p2a: Skarmory|179/235\n|-heal|p1a: Yanmega|107/275|[from] drain|[of] p2a: Skarmory\n|\n|upkeep\n|turn|3\n|\n|t:|1781402833\n|switch|p1a: Armarouge|Armarouge, L80, M|267/267\n|move|p2a: Skarmory|Stealth Rock|p1a: Armarouge\n|-sidestart|p1: LinkNinjaTC11|move: Stealth Rock\n|\n|upkeep\n|turn|4\n|\n|t:|1781402846\n|move|p1a: Armarouge|Psyshock|p2a: Skarmory\n|-resisted|p2a: Skarmory\n|-damage|p2a: Skarmory|147/235\n|move|p2a: Skarmory|Spikes|p1a: Armarouge\n|-sidestart|p1: LinkNinjaTC11|Spikes\n|\n|upkeep\n|turn|5\n|\n|t:|1781402849\n|move|p1a: Armarouge|Meteor Beam||[still]\n|-prepare|p1a: Armarouge|Meteor Beam\n|-boost|p1a: Armarouge|spa|1\n|-enditem|p1a: Armarouge|Power Herb\n|-anim|p1a: Armarouge|Meteor Beam|p2a: Skarmory\n|-damage|p2a: Skarmory|0 fnt\n|faint|p2a: Skarmory\n|\n|upkeep\n|\n|t:|1781402853\n|switch|p2a: Urshifu|Urshifu-Rapid-Strike, L75, M|274/274\n|turn|6\n|\n|t:|1781402866\n|switch|p1a: Vigoroth|Vigoroth, L85, M|275/275\n|-damage|p1a: Vigoroth|241/275|[from] Stealth Rock\n|-damage|p1a: Vigoroth|207/275|[from] Spikes\n|move|p2a: Urshifu|Surging Strikes|p1a: Vigoroth\n|-crit|p1a: Vigoroth\n|-damage|p1a: Vigoroth|161/275\n|-crit|p1a: Vigoroth\n|-damage|p1a: Vigoroth|115/275\n|-crit|p1a: Vigoroth\n|-damage|p1a: Vigoroth|72/275\n|-hitcount|p1a: Vigoroth|3\n|\n|upkeep\n|turn|7\n|\n|t:|1781402875\n|move|p1a: Vigoroth|Slack Off|p1a: Vigoroth\n|-heal|p1a: Vigoroth|210/275\n|move|p2a: Urshifu|Surging Strikes|p1a: Vigoroth\n|-crit|p1a: Vigoroth\n|-damage|p1a: Vigoroth|167/275\n|-crit|p1a: Vigoroth\n|-damage|p1a: Vigoroth|124/275\n|-crit|p1a: Vigoroth\n|-damage|p1a: Vigoroth|79/275\n|-hitcount|p1a: Vigoroth|3\n|\n|upkeep\n|turn|8\n|\n|t:|1781402880\n|move|p1a: Vigoroth|Body Slam|p2a: Urshifu\n|-damage|p2a: Urshifu|192/274\n|-status|p2a: Urshifu|par\n|move|p2a: Urshifu|Surging Strikes|p1a: Vigoroth\n|-crit|p1a: Vigoroth\n|-damage|p1a: Vigoroth|33/275\n|-crit|p1a: Vigoroth\n|-damage|p1a: Vigoroth|0 fnt\n|faint|p1a: Vigoroth\n|-hitcount|p1: Vigoroth|2\n|\n|upkeep\n|\n|t:|1781402888\n|switch|p1a: Armarouge|Armarouge, L80, M|267/267\n|-damage|p1a: Armarouge|201/267|[from] Stealth Rock\n|-damage|p1a: Armarouge|168/267|[from] Spikes\n|turn|9\n|\n|t:|1781402893\n|move|p1a: Armarouge|Energy Ball|p2a: Urshifu\n|-supereffective|p2a: Urshifu\n|-damage|p2a: Urshifu|0 fnt\n|faint|p2a: Urshifu\n|\n|upkeep\n|\n|t:|1781402895\n|switch|p2a: Shaymin|Shaymin-Sky, L73|266/266\n|turn|10\n|\n|t:|1781402898\n|move|p2a: Shaymin|Air Slash|p1a: Armarouge|[miss]\n|-miss|p2a: Shaymin|p1a: Armarouge\n|move|p1a: Armarouge|Armor Cannon|p2a: Shaymin\n|-supereffective|p2a: Shaymin\n|-crit|p2a: Shaymin\n|-damage|p2a: Shaymin|0 fnt\n|-unboost|p1a: Armarouge|def|1\n|-unboost|p1a: Armarouge|spd|1\n|faint|p2a: Shaymin\n|\n|upkeep\n|\n|t:|1781402902\n|switch|p2a: Mewtwo|Mewtwo, L72|272/272\n|-ability|p2a: Mewtwo|Pressure\n|turn|11\n|\n|t:|1781402909\n|switch|p1a: Yanmega|Yanmega, L82, M|107/275\n|-damage|p1a: Yanmega|0 fnt|[from] Stealth Rock\n|faint|p1a: Yanmega\n|move|p2a: Mewtwo|Nasty Plot|p2a: Mewtwo\n|-boost|p2a: Mewtwo|spa|2\n|\n|upkeep\n|c|\u2606Bigoleg|Good god\n|\n|t:|1781402919\n|switch|p1a: Lunala|Lunala, L70|308/308\n|-damage|p1a: Lunala|270/308|[from] Stealth Rock\n|-damage|p1a: Lunala|232/308|[from] Spikes\n|turn|12\n|\n|t:|1781402931\n|-terastallize|p1a: Lunala|Fairy\n|move|p2a: Mewtwo|Psystrike|p1a: Lunala\n|-damage|p1a: Lunala|0 fnt\n|faint|p1a: Lunala\n|-damage|p2a: Mewtwo|245/272|[from] item: Life Orb\n|\n|upkeep\n|c|\u2606LinkNinjaTC11|nothing outspeeds ggs\n|\n|t:|1781402948\n|switch|p1a: Crabominable|Crabominable, L90, M|321/321\n|-damage|p1a: Crabominable|281/321|[from] Stealth Rock\n|-damage|p1a: Crabominable|241/321|[from] Spikes\n|turn|13\n|\n|t:|1781402951\n|move|p2a: Mewtwo|Psystrike|p1a: Crabominable\n|-supereffective|p1a: Crabominable\n|-crit|p1a: Crabominable\n|-damage|p1a: Crabominable|0 fnt\n|faint|p1a: Crabominable\n|-damage|p2a: Mewtwo|218/272|[from] item: Life Orb\n|\n|upkeep\n|\n|t:|1781402956\n|switch|p1a: Cloyster|Cloyster, L80, F|211/211\n|-damage|p1a: Cloyster|159/211|[from] Stealth Rock\n|-damage|p1a: Cloyster|133/211|[from] Spikes\n|turn|14\n|\n|t:|1781402963\n|move|p2a: Mewtwo|Fire Blast|p1a: Cloyster\n|-damage|p1a: Cloyster|0 fnt\n|faint|p1a: Cloyster\n|-damage|p2a: Mewtwo|191/272|[from] item: Life Orb\n|\n|upkeep\n|-message|LinkNinjaTC11 forfeited.\n|\n|win|Bigoleg\n", "inputlog": ">version a8376a258c1d4662feba110a92103f3664a72141\n>start {\"formatid\":\"gen9randombattle\",\"seed\":\"sodium,d55bffd0a7d2c3424bb8c65b2763bd2f\",\"rated\":\"Rated battle\"}\n>player p1 {\"name\":\"LinkNinjaTC11\",\"avatar\":\"veteran\",\"rating\":2056,\"seed\":\"sodium,044aa89f172f16cceee65b8e3d02c553\"}\n>player p2 {\"name\":\"Bigoleg\",\"avatar\":\"169\",\"rating\":2111,\"seed\":\"sodium,4ace6ef4c12cdd4df6be0af2da6eaeea\"}\n>p1 switch 5\n>p2 move surgingstrikes\n>p1 move gigadrain\n>p2 switch 2\n>p1 switch 5\n>p2 move stealthrock\n>p1 move psyshock\n>p2 move spikes\n>p1 move meteorbeam\n>p2 move spikes\n>p2 switch 2\n>p1 switch 2\n>p2 move surgingstrikes\n>p1 move slackoff\n>p2 move surgingstrikes\n>p1 move bodyslam\n>p2 move surgingstrikes\n>p1 switch 2\n>p1 move energyball\n>p2 move surgingstrikes\n>p2 switch 6\n>p1 move armorcannon\n>p2 move airslash\n>p2 switch 3\n>p1 switch 5\n>p2 move nastyplot\n>chat \u2606Bigoleg|Good god\n>p1 switch 4\n>p1 move moongeistbeam terastallize\n>p2 move psystrike\n>chat \u2606LinkNinjaTC11|nothing outspeeds ggs\n>p1 switch 6\n>p1 move icehammer\n>p2 move psystrike\n>p1 switch 3\n>p1 move shellsmash\n>p2 move fireblast\n>forcelose p1", "uploadtime": 1781402805, "views": 5, "formatid": "gen9randombattle", "rating": null, "private": 0, "password": null}