{"id": "gen9randombattle-2631756618", "format": "[Gen 9] Random Battle", "players": ["huangseyazi", "Flappell Roan"], "log": "|j|\u2606huangseyazi\n|j|\u2606Flappell Roan\n|t:|1781434666\n|gametype|singles\n|player|p1|huangseyazi|265|1870\n|player|p2|Flappell Roan|skyla|1970\n|gen|9\n|tier|[Gen 9] Random Battle\n|rated|\n|rule|Species Clause: Limit one of each Pok\u00e9mon\n|rule|HP Percentage Mod: HP is shown in percentages\n|rule|Sleep Clause Mod: Limit one foe put to sleep\n|rule|Illusion Level Mod: Illusion disguises the Pok\u00e9mon's true level\n|\n|t:|1781434666\n|teamsize|p1|6\n|teamsize|p2|6\n|start\n|switch|p1a: Deoxys|Deoxys-Defense, L84|221/221\n|switch|p2a: Stonjourner|Stonjourner, L91, F|330/330\n|-ability|p1a: Deoxys|Pressure\n|turn|1\n|inactive|Battle timer is ON: inactive players will automatically lose when time's up. (requested by Flappell Roan)\n|\n|t:|1781434685\n|switch|p1a: Sandslash|Sandslash, L89, F|278/278\n|move|p2a: Stonjourner|Stealth Rock|p1a: Sandslash\n|-sidestart|p1: huangseyazi|move: Stealth Rock\n|\n|upkeep\n|turn|2\n|\n|t:|1781434691\n|switch|p2a: Sableye|Sableye, L88, F|231/231\n|move|p1a: Sandslash|Rapid Spin|p2a: Sableye\n|-immune|p2a: Sableye\n|\n|upkeep\n|turn|3\n|\n|t:|1781434712\n|switch|p1a: Clawitzer|Clawitzer, L87, M|265/265\n|-damage|p1a: Clawitzer|232/265|[from] Stealth Rock\n|move|p2a: Sableye|Knock Off|p1a: Clawitzer\n|-damage|p1a: Clawitzer|148/265\n|-enditem|p1a: Clawitzer|Assault Vest|[from] move: Knock Off|[of] p2a: Sableye\n|\n|upkeep\n|turn|4\n|\n|t:|1781434728\n|switch|p2a: Girafarig|Girafarig, L89, F|269/269\n|move|p1a: Clawitzer|Water Pulse|p2a: Girafarig\n|-damage|p2a: Girafarig|179/269\n|\n|upkeep\n|turn|5\n|\n|t:|1781434737\n|move|p2a: Girafarig|Hyper Voice|p1a: Clawitzer\n|-damage|p1a: Clawitzer|54/265\n|move|p1a: Clawitzer|U-turn|p2a: Girafarig\n|-supereffective|p2a: Girafarig\n|-damage|p2a: Girafarig|117/269\n|\n|t:|1781434747\n|switch|p1a: Sandslash|Sandslash, L89, F|278/278|[from] U-turn\n|-damage|p1a: Sandslash|261/278|[from] Stealth Rock\n|\n|-heal|p1a: Sandslash|278/278|[from] item: Leftovers\n|upkeep\n|turn|6\n|\n|t:|1781434756\n|switch|p2a: Sableye|Sableye, L88, F|231/231\n|move|p1a: Sandslash|Knock Off|p2a: Sableye\n|-damage|p2a: Sableye|151/231\n|-enditem|p2a: Sableye|Leftovers|[from] move: Knock Off|[of] p1a: Sandslash\n|\n|upkeep\n|turn|7\n|\n|t:|1781434764\n|move|p1a: Sandslash|Earthquake|p2a: Sableye\n|-damage|p2a: Sableye|18/231\n|move|p2a: Sableye|Knock Off|p1a: Sandslash\n|-damage|p1a: Sandslash|200/278\n|-enditem|p1a: Sandslash|Leftovers|[from] move: Knock Off|[of] p2a: Sableye\n|\n|upkeep\n|turn|8\n|\n|t:|1781434774\n|move|p2a: Sableye|Encore|p1a: Sandslash\n|-start|p1a: Sandslash|Encore\n|move|p1a: Sandslash|Earthquake|p2a: Sableye\n|-damage|p2a: Sableye|0 fnt\n|faint|p2a: Sableye\n|\n|upkeep\n|\n|t:|1781434781\n|switch|p2a: Delibird|Delibird, M|252/252\n|turn|9\n|\n|t:|1781434788\n|switch|p1a: Clawitzer|Clawitzer, L87, M|54/265\n|-damage|p1a: Clawitzer|21/265|[from] Stealth Rock\n|move|p2a: Delibird|Spikes|p1a: Clawitzer\n|-sidestart|p1: huangseyazi|Spikes\n|\n|upkeep\n|turn|10\n|\n|t:|1781434795\n|move|p2a: Delibird|Freeze-Dry|p1a: Clawitzer\n|-supereffective|p1a: Clawitzer\n|-damage|p1a: Clawitzer|0 fnt\n|faint|p1a: Clawitzer\n|\n|upkeep\n|\n|t:|1781434808\n|switch|p1a: Illumise|Illumise, L91, F|266/266\n|turn|11\n|\n|t:|1781434813\n|move|p1a: Illumise|Thunder Wave|p2a: Delibird\n|-status|p2a: Delibird|par\n|move|p2a: Delibird|Brave Bird|p1a: Illumise\n|-supereffective|p1a: Illumise\n|-damage|p1a: Illumise|8/266\n|-damage|p2a: Delibird|167/252 par|[from] Recoil\n|\n|upkeep\n|turn|12\n|\n|t:|1781434824\n|move|p1a: Illumise|Roost|p1a: Illumise\n|-heal|p1a: Illumise|141/266\n|-singleturn|p1a: Illumise|move: Roost\n|move|p2a: Delibird|Brave Bird|p1a: Illumise\n|-supereffective|p1a: Illumise\n|-damage|p1a: Illumise|0 fnt\n|faint|p1a: Illumise\n|-damage|p2a: Delibird|120/252 par|[from] Recoil\n|\n|upkeep\n|\n|t:|1781434834\n|switch|p1a: Sandslash|Sandslash, L89, F|200/278\n|-damage|p1a: Sandslash|183/278|[from] Stealth Rock\n|-damage|p1a: Sandslash|149/278|[from] Spikes\n|turn|13\n|\n|t:|1781434840\n|-terastallize|p2a: Delibird|Ghost\n|move|p1a: Sandslash|Rapid Spin|p2a: Delibird\n|-immune|p2a: Delibird\n|cant|p2a: Delibird|par\n|\n|upkeep\n|turn|14\n|\n|t:|1781434851\n|move|p1a: Sandslash|Knock Off|p2a: Delibird\n|-supereffective|p2a: Delibird\n|-damage|p2a: Delibird|0 fnt\n|-enditem|p2a: Delibird|Heavy-Duty Boots|[from] move: Knock Off|[of] p1a: Sandslash\n|faint|p2a: Delibird\n|\n|upkeep\n|\n|t:|1781434860\n|switch|p2a: Comfey|Comfey, L85, F|225/225\n|turn|15\n|\n|t:|1781434866\n|move|p2a: Comfey|Calm Mind|p2a: Comfey\n|-boost|p2a: Comfey|spa|1\n|-boost|p2a: Comfey|spd|1\n|move|p1a: Sandslash|Rapid Spin|p2a: Comfey\n|-damage|p2a: Comfey|186/225\n|-boost|p1a: Sandslash|spe|1\n|-sideend|p1: huangseyazi|Spikes|[from] move: Rapid Spin|[of] p1a: Sandslash\n|-sideend|p1: huangseyazi|Stealth Rock|[from] move: Rapid Spin|[of] p1a: Sandslash\n|\n|-heal|p2a: Comfey|200/225|[from] item: Leftovers\n|upkeep\n|turn|16\n|\n|t:|1781434877\n|move|p2a: Comfey|Giga Drain|p1a: Sandslash\n|-supereffective|p1a: Sandslash\n|-damage|p1a: Sandslash|0 fnt\n|-heal|p2a: Comfey|225/225|[from] drain|[of] p1a: Sandslash\n|faint|p1a: Sandslash\n|\n|upkeep\n|\n|t:|1781434897\n|switch|p1a: Deoxys|Deoxys-Defense, L84|221/221\n|-ability|p1a: Deoxys|Pressure\n|turn|17\n|\n|t:|1781434908\n|switch|p2a: Golem|Golem-Alola, L93, F|300/300\n|move|p1a: Deoxys|Cosmic Power|p1a: Deoxys\n|-boost|p1a: Deoxys|def|1\n|-boost|p1a: Deoxys|spd|1\n|\n|upkeep\n|turn|18\n|\n|t:|1781434919\n|move|p1a: Deoxys|Night Shade|p2a: Golem\n|-damage|p2a: Golem|216/300\n|move|p2a: Golem|Explosion|p1a: Deoxys\n|-damage|p1a: Deoxys|0 fnt\n|faint|p2a: Golem\n|faint|p1a: Deoxys\n|\n|upkeep\n|\n|t:|1781434929\n|switch|p1a: Comfey|Comfey, L85, M|225/225\n|switch|p2a: Stonjourner|Stonjourner, L91, F|330/330\n|turn|19\n|\n|t:|1781434937\n|move|p1a: Comfey|Calm Mind|p1a: Comfey\n|-boost|p1a: Comfey|spa|1\n|-boost|p1a: Comfey|spd|1\n|move|p2a: Stonjourner|Stone Edge|p1a: Comfey|[miss]\n|-miss|p2a: Stonjourner|p1a: Comfey\n|\n|upkeep\n|turn|20\n|\n|t:|1781434945\n|switch|p2a: Girafarig|Girafarig, L89, F|117/269\n|-terastallize|p1a: Comfey|Ground\n|move|p1a: Comfey|Calm Mind|p1a: Comfey\n|-boost|p1a: Comfey|spa|1\n|-boost|p1a: Comfey|spd|1\n|\n|upkeep\n|turn|21\n|\n|t:|1781434957\n|move|p1a: Comfey|Tera Blast|p2a: Girafarig|[anim] Tera Blast Ground\n|-damage|p2a: Girafarig|6/269\n|move|p2a: Girafarig|Psyshock|p1a: Comfey\n|-damage|p1a: Comfey|141/225\n|\n|-heal|p1a: Comfey|155/225|[from] item: Leftovers\n|upkeep\n|turn|22\n|\n|t:|1781434966\n|move|p1a: Comfey|Tera Blast|p2a: Girafarig|[anim] Tera Blast Ground\n|-damage|p2a: Girafarig|0 fnt\n|faint|p2a: Girafarig\n|\n|-heal|p1a: Comfey|169/225|[from] item: Leftovers\n|upkeep\n|\n|t:|1781434972\n|switch|p2a: Comfey|Comfey, L85, F|225/225\n|turn|23\n|\n|t:|1781434977\n|move|p1a: Comfey|Calm Mind|p1a: Comfey\n|-boost|p1a: Comfey|spa|1\n|-boost|p1a: Comfey|spd|1\n|move|p2a: Comfey|Calm Mind|p2a: Comfey\n|-boost|p2a: Comfey|spa|1\n|-boost|p2a: Comfey|spd|1\n|\n|-heal|p1a: Comfey|183/225|[from] item: Leftovers\n|upkeep\n|turn|24\n|\n|t:|1781434986\n|move|p2a: Comfey|Calm Mind|p2a: Comfey\n|-boost|p2a: Comfey|spa|1\n|-boost|p2a: Comfey|spd|1\n|move|p1a: Comfey|Calm Mind|p1a: Comfey\n|-boost|p1a: Comfey|spa|1\n|-boost|p1a: Comfey|spd|1\n|\n|-heal|p1a: Comfey|197/225|[from] item: Leftovers\n|upkeep\n|turn|25\n|\n|t:|1781434999\n|move|p1a: Comfey|Calm Mind|p1a: Comfey\n|-boost|p1a: Comfey|spa|1\n|-boost|p1a: Comfey|spd|1\n|move|p2a: Comfey|Calm Mind|p2a: Comfey\n|-boost|p2a: Comfey|spa|1\n|-boost|p2a: Comfey|spd|1\n|\n|-heal|p1a: Comfey|211/225|[from] item: Leftovers\n|upkeep\n|turn|26\n|\n|t:|1781435008\n|move|p1a: Comfey|Calm Mind|p1a: Comfey\n|-boost|p1a: Comfey|spa|1\n|-boost|p1a: Comfey|spd|1\n|move|p2a: Comfey|Calm Mind|p2a: Comfey\n|-boost|p2a: Comfey|spa|1\n|-boost|p2a: Comfey|spd|1\n|\n|-heal|p1a: Comfey|225/225|[from] item: Leftovers\n|upkeep\n|turn|27\n|\n|t:|1781435018\n|move|p1a: Comfey|Tera Blast|p2a: Comfey|[anim] Tera Blast Ground\n|-damage|p2a: Comfey|146/225\n|move|p2a: Comfey|Calm Mind|p2a: Comfey\n|-boost|p2a: Comfey|spa|1\n|-boost|p2a: Comfey|spd|1\n|\n|-heal|p2a: Comfey|160/225|[from] item: Leftovers\n|upkeep\n|turn|28\n|\n|t:|1781435027\n|move|p1a: Comfey|Tera Blast|p2a: Comfey|[anim] Tera Blast Ground\n|-damage|p2a: Comfey|90/225\n|move|p2a: Comfey|Calm Mind|p2a: Comfey\n|-boost|p2a: Comfey|spa|1\n|-boost|p2a: Comfey|spd|1\n|\n|-heal|p2a: Comfey|104/225|[from] item: Leftovers\n|upkeep\n|turn|29\n|\n|t:|1781435037\n|move|p1a: Comfey|Draining Kiss|p2a: Comfey\n|-damage|p2a: Comfey|61/225\n|move|p2a: Comfey|Giga Drain|p1a: Comfey\n|-supereffective|p1a: Comfey\n|-damage|p1a: Comfey|143/225\n|-heal|p2a: Comfey|102/225|[from] drain|[of] p1a: Comfey\n|\n|-heal|p2a: Comfey|116/225|[from] item: Leftovers\n|-heal|p1a: Comfey|157/225|[from] item: Leftovers\n|upkeep\n|turn|30\n|\n|t:|1781435047\n|move|p1a: Comfey|Draining Kiss|p2a: Comfey\n|-damage|p2a: Comfey|76/225\n|-heal|p1a: Comfey|187/225|[from] drain|[of] p2a: Comfey\n|move|p2a: Comfey|Giga Drain|p1a: Comfey\n|-supereffective|p1a: Comfey\n|-crit|p1a: Comfey\n|-damage|p1a: Comfey|0 fnt\n|-heal|p2a: Comfey|170/225|[from] drain|[of] p1a: Comfey\n|faint|p1a: Comfey\n|\n|-heal|p2a: Comfey|184/225|[from] item: Leftovers\n|upkeep\n|-message|huangseyazi forfeited.\n|\n|win|Flappell Roan\n|raw|huangseyazi's rating: 1870 &rarr; <strong>1856</strong><br />(-14 for losing)\n|raw|Flappell Roan's rating: 1970 &rarr; <strong>1984</strong><br />(+14 for winning)\n", "inputlog": ">version a8376a258c1d4662feba110a92103f3664a72141\n>start {\"formatid\":\"gen9randombattle\",\"seed\":\"sodium,7fb5d93f539dcd7f90274cd42690bad5\",\"rated\":\"Rated battle\"}\n>player p1 {\"name\":\"huangseyazi\",\"avatar\":\"265\",\"rating\":1870,\"seed\":\"sodium,90db0086fb2cc0c23ab5ad858e626d69\"}\n>player p2 {\"name\":\"Flappell Roan\",\"avatar\":\"skyla\",\"rating\":1970,\"seed\":\"sodium,36b14372ee34e955a4e35db000ae8a6c\"}\n>p1 switch 3\n>p2 move stealthrock\n>p1 move rapidspin\n>p2 switch 5\n>p1 switch 5\n>p2 move knockoff\n>p1 move waterpulse\n>p2 switch 3\n>p1 move uturn\n>p2 move hypervoice\n>p1 switch 5\n>p1 move knockoff\n>p2 switch 3\n>p1 move earthquake\n>p2 move knockoff\n>p1 move earthquake\n>p2 move encore\n>p2 switch 2\n>p1 switch 5\n>p2 move spikes\n>p1 move aurasphere\n>p2 move freezedry\n>p1 switch 6\n>p1 move thunderwave\n>p2 move bravebird\n>p1 move roost\n>p2 move bravebird\n>p1 switch 5\n>p1 move rapidspin\n>p2 move freezedry terastallize\n>p1 move knockoff\n>p2 move freezedry\n>p2 switch 4\n>p1 move rapidspin\n>p2 move calmmind\n>p1 move knockoff\n>p2 move gigadrain\n>p1 switch 3\n>p1 move cosmicpower\n>p2 switch 6\n>p1 move nightshade\n>p2 move explosion\n>p1 switch 2\n>p2 switch 5\n>p1 move calmmind\n>p2 move stoneedge\n>p1 move calmmind terastallize\n>p2 switch 3\n>p1 move terablast\n>p2 move psyshock\n>p1 move terablast\n>p2 move psyshock\n>p2 switch 6\n>p1 move calmmind\n>p2 move calmmind\n>p1 move calmmind\n>p2 move calmmind\n>p1 move calmmind\n>p2 move calmmind\n>p1 move calmmind\n>p2 move calmmind\n>p1 move terablast\n>p2 move calmmind\n>p1 move terablast\n>p2 move calmmind\n>p1 move drainingkiss\n>p2 move gigadrain\n>p1 move drainingkiss\n>p2 move gigadrain\n>forcelose p1", "uploadtime": 1781435056, "views": 5, "formatid": "gen9randombattle", "rating": 1856, "private": 0, "password": null}