{"id": "gen9randombattle-2631584189", "format": "[Gen 9] Random Battle", "players": ["PJCDragon", "isnothingeasy"], "log": "|j|\u2606PJCDragon\n|j|\u2606isnothingeasy\n|t:|1781404663\n|gametype|singles\n|player|p1|PJCDragon|scientist|1995\n|player|p2|isnothingeasy|lady|2033\n|gen|9\n|tier|[Gen 9] Random Battle\n|rated|\n|rule|Species Clause: Limit one of each Pok\u00e9mon\n|rule|HP Percentage Mod: HP is shown in percentages\n|rule|Sleep Clause Mod: Limit one foe put to sleep\n|rule|Illusion Level Mod: Illusion disguises the Pok\u00e9mon's true level\n|\n|t:|1781404663\n|teamsize|p1|6\n|teamsize|p2|6\n|start\n|switch|p1a: Leavanny|Leavanny, L86, M|269/269\n|switch|p2a: Bisharp|Bisharp, L79, M|232/232\n|turn|1\n|inactive|Battle timer is ON: inactive players will automatically lose when time's up. (requested by PJCDragon)\n|\n|t:|1781404672\n|switch|p2a: Volcarona|Volcarona, L77, F|257/257\n|move|p1a: Leavanny|Knock Off|p2a: Volcarona\n|-damage|p2a: Volcarona|150/257\n|-enditem|p2a: Volcarona|Heavy-Duty Boots|[from] move: Knock Off|[of] p1a: Leavanny\n|\n|upkeep\n|turn|2\n|\n|t:|1781404680\n|switch|p1a: Swampert|Swampert, L83, F|302/302\n|move|p2a: Volcarona|Quiver Dance|p2a: Volcarona\n|-boost|p2a: Volcarona|spa|1\n|-boost|p2a: Volcarona|spd|1\n|-boost|p2a: Volcarona|spe|1\n|\n|upkeep\n|turn|3\n|\n|t:|1781404691\n|move|p2a: Volcarona|Bug Buzz|p1a: Swampert\n|-damage|p1a: Swampert|142/302\n|move|p1a: Swampert|Stealth Rock|p2a: Volcarona\n|-sidestart|p2: isnothingeasy|move: Stealth Rock\n|\n|-heal|p1a: Swampert|160/302|[from] item: Leftovers\n|upkeep\n|turn|4\n|\n|t:|1781404711\n|switch|p1a: Archaludon|Archaludon, L78, F|268/268\n|move|p2a: Volcarona|Bug Buzz|p1a: Archaludon\n|-resisted|p1a: Archaludon\n|-damage|p1a: Archaludon|199/268\n|-ability|p1a: Archaludon|Stamina|boost\n|-boost|p1a: Archaludon|def|1\n|\n|upkeep\n|turn|5\n|\n|t:|1781404719\n|move|p2a: Volcarona|Fire Blast|p1a: Archaludon|[miss]\n|-miss|p2a: Volcarona|p1a: Archaludon\n|move|p1a: Archaludon|Dragon Tail|p2a: Volcarona\n|-damage|p2a: Volcarona|66/257\n|-status|p1a: Archaludon|brn|[from] ability: Flame Body|[of] p2a: Volcarona\n|drag|p2a: Greninja|Greninja, L80, M|246/246\n|-damage|p2a: Greninja|216/246|[from] Stealth Rock\n|\n|-damage|p1a: Archaludon|183/268 brn|[from] brn\n|upkeep\n|turn|6\n|\n|t:|1781404729\n|move|p2a: Greninja|Spikes|p1a: Archaludon\n|-start|p2a: Greninja|typechange|Ground|[from] ability: Protean\n|-sidestart|p1: PJCDragon|Spikes\n|move|p1a: Archaludon|Draco Meteor|p2a: Greninja\n|-damage|p2a: Greninja|45/246\n|-unboost|p1a: Archaludon|spa|2\n|\n|-damage|p1a: Archaludon|167/268 brn|[from] brn\n|upkeep\n|turn|7\n|\n|t:|1781404736\n|move|p2a: Greninja|Spikes|p1a: Archaludon\n|-sidestart|p1: PJCDragon|Spikes\n|move|p1a: Archaludon|Dragon Tail|p2a: Greninja\n|-damage|p2a: Greninja|6/246\n|drag|p2a: Azumarill|Azumarill, L82, F|298/298\n|-damage|p2a: Azumarill|261/298|[from] Stealth Rock\n|\n|-damage|p1a: Archaludon|151/268 brn|[from] brn\n|upkeep\n|turn|8\n|\n|t:|1781404742\n|move|p1a: Archaludon|Flash Cannon|p2a: Azumarill\n|-damage|p2a: Azumarill|210/298\n|move|p2a: Azumarill|Belly Drum|p2a: Azumarill\n|-damage|p2a: Azumarill|61/298\n|-setboost|p2a: Azumarill|atk|6|[from] move: Belly Drum\n|-enditem|p2a: Azumarill|Sitrus Berry|[eat]\n|-heal|p2a: Azumarill|135/298|[from] item: Sitrus Berry\n|\n|-damage|p1a: Archaludon|135/268 brn|[from] brn\n|upkeep\n|turn|9\n|\n|t:|1781404749\n|move|p1a: Archaludon|Flash Cannon|p2a: Azumarill\n|-damage|p2a: Azumarill|80/298\n|move|p2a: Azumarill|Play Rough|p1a: Archaludon|[miss]\n|-miss|p2a: Azumarill|p1a: Archaludon\n|\n|-damage|p1a: Archaludon|119/268 brn|[from] brn\n|upkeep\n|turn|10\n|\n|t:|1781404753\n|move|p1a: Archaludon|Flash Cannon|p2a: Azumarill\n|-crit|p2a: Azumarill\n|-damage|p2a: Azumarill|0 fnt\n|faint|p2a: Azumarill\n|\n|-damage|p1a: Archaludon|103/268 brn|[from] brn\n|upkeep\n|\n|t:|1781404759\n|switch|p2a: Donphan|Donphan, L84, F|288/288\n|-damage|p2a: Donphan|270/288|[from] Stealth Rock\n|turn|11\n|\n|t:|1781404769\n|move|p1a: Archaludon|Draco Meteor|p2a: Donphan\n|-damage|p2a: Donphan|179/288\n|-unboost|p1a: Archaludon|spa|2\n|move|p2a: Donphan|Rapid Spin|p1a: Archaludon\n|-resisted|p1a: Archaludon\n|-damage|p1a: Archaludon|92/268 brn\n|-boost|p2a: Donphan|spe|1\n|-ability|p1a: Archaludon|Stamina|boost\n|-boost|p1a: Archaludon|def|1\n|-sideend|p2: isnothingeasy|Stealth Rock|[from] move: Rapid Spin|[of] p2a: Donphan\n|\n|-heal|p2a: Donphan|197/288|[from] item: Leftovers\n|-damage|p1a: Archaludon|76/268 brn|[from] brn\n|upkeep\n|turn|12\n|\n|t:|1781404775\n|switch|p1a: Hitmontop|Hitmontop, L88, M|231/231\n|-damage|p1a: Hitmontop|193/231|[from] Spikes\n|-ability|p1a: Hitmontop|Intimidate|boost\n|-unboost|p2a: Donphan|atk|1\n|move|p2a: Donphan|Rapid Spin|p1a: Hitmontop\n|-crit|p1a: Hitmontop\n|-damage|p1a: Hitmontop|134/231\n|-boost|p2a: Donphan|spe|1\n|\n|-heal|p2a: Donphan|215/288|[from] item: Leftovers\n|upkeep\n|turn|13\n|\n|t:|1781404782\n|move|p2a: Donphan|Rapid Spin|p1a: Hitmontop\n|-damage|p1a: Hitmontop|109/231\n|-boost|p2a: Donphan|spe|1\n|move|p1a: Hitmontop|Rapid Spin|p2a: Donphan\n|-damage|p2a: Donphan|183/288\n|-boost|p1a: Hitmontop|spe|1\n|-sideend|p1: PJCDragon|Spikes|[from] move: Rapid Spin|[of] p1a: Hitmontop\n|\n|-heal|p2a: Donphan|201/288|[from] item: Leftovers\n|upkeep\n|turn|14\n|\n|t:|1781404792\n|switch|p1a: Mandibuzz|Mandibuzz, L85, F|326/326\n|move|p2a: Donphan|Earthquake|p1a: Mandibuzz\n|-immune|p1a: Mandibuzz\n|\n|-heal|p2a: Donphan|219/288|[from] item: Leftovers\n|upkeep\n|turn|15\n|\n|t:|1781404796\n|move|p2a: Donphan|Stealth Rock|p1a: Mandibuzz\n|-sidestart|p1: PJCDragon|move: Stealth Rock\n|move|p1a: Mandibuzz|Toxic|p2a: Donphan\n|-status|p2a: Donphan|tox\n|\n|-heal|p2a: Donphan|237/288 tox|[from] item: Leftovers\n|-damage|p2a: Donphan|219/288 tox|[from] psn\n|upkeep\n|turn|16\n|\n|t:|1781404806\n|switch|p2a: Bisharp|Bisharp, L79, M|232/232\n|move|p1a: Mandibuzz|U-turn|p2a: Bisharp\n|-damage|p2a: Bisharp|204/232\n|\n|t:|1781404813\n|switch|p1a: Archaludon|Archaludon, L78, F|76/268 brn|[from] U-turn\n|-damage|p1a: Archaludon|60/268 brn|[from] Stealth Rock\n|\n|-damage|p1a: Archaludon|44/268 brn|[from] brn\n|upkeep\n|turn|17\n|\n|t:|1781404818\n|move|p2a: Bisharp|Sucker Punch|p1a: Archaludon\n|-damage|p1a: Archaludon|0 fnt\n|faint|p1a: Archaludon\n|\n|upkeep\n|\n|t:|1781404830\n|switch|p1a: Necrozma|Necrozma-Dawn-Wings, L76|272/272\n|-damage|p1a: Necrozma|238/272|[from] Stealth Rock\n|turn|18\n|\n|t:|1781404837\n|-terastallize|p1a: Necrozma|Fighting\n|move|p1a: Necrozma|Dragon Dance|p1a: Necrozma\n|-boost|p1a: Necrozma|atk|1\n|-boost|p1a: Necrozma|spe|1\n|move|p2a: Bisharp|Throat Chop|p1a: Necrozma\n|-resisted|p1a: Necrozma\n|-damage|p1a: Necrozma|196/272\n|-start|p1a: Necrozma|Throat Chop|[silent]\n|\n|upkeep\n|turn|19\n|\n|t:|1781404844\n|switch|p2a: Greninja|Greninja, L80, M|6/246\n|move|p1a: Necrozma|Brick Break|p2a: Greninja\n|-supereffective|p2a: Greninja\n|-damage|p2a: Greninja|0 fnt\n|faint|p2a: Greninja\n|-damage|p1a: Necrozma|169/272|[from] item: Life Orb\n|\n|-end|p1a: Necrozma|Throat Chop|[silent]\n|upkeep\n|\n|t:|1781404850\n|switch|p2a: Squawkabilly|Squawkabilly-Yellow, L89, F|291/291\n|turn|20\n|\n|t:|1781404856\n|switch|p1a: Mandibuzz|Mandibuzz, L85, F|326/326\n|move|p2a: Squawkabilly|Brave Bird|p1a: Mandibuzz\n|-damage|p1a: Mandibuzz|133/326\n|-damage|p2a: Squawkabilly|227/291|[from] Recoil\n|\n|upkeep\n|turn|21\n|\n|t:|1781404865\n|move|p2a: Squawkabilly|Brave Bird|p1a: Mandibuzz\n|-damage|p1a: Mandibuzz|0 fnt\n|faint|p1a: Mandibuzz\n|-damage|p2a: Squawkabilly|183/291|[from] Recoil\n|\n|upkeep\n|\n|t:|1781404874\n|switch|p1a: Hitmontop|Hitmontop, L88, M|109/231\n|-damage|p1a: Hitmontop|95/231|[from] Stealth Rock\n|-ability|p1a: Hitmontop|Intimidate|boost\n|-unboost|p2a: Squawkabilly|atk|1\n|turn|22\n|\n|t:|1781404884\n|move|p1a: Hitmontop|Sucker Punch|p2a: Squawkabilly\n|-damage|p2a: Squawkabilly|112/291\n|move|p2a: Squawkabilly|Brave Bird|p1a: Hitmontop\n|-supereffective|p1a: Hitmontop\n|-damage|p1a: Hitmontop|0 fnt\n|faint|p1a: Hitmontop\n|-damage|p2a: Squawkabilly|81/291|[from] Recoil\n|\n|upkeep\n|\n|t:|1781404894\n|switch|p1a: Swampert|Swampert, L83, F|160/302\n|-damage|p1a: Swampert|142/302|[from] Stealth Rock\n|turn|23\n|\n|t:|1781404903\n|move|p2a: Squawkabilly|Parting Shot|p1a: Swampert\n|-unboost|p1a: Swampert|atk|1\n|-unboost|p1a: Swampert|spa|1\n|\n|t:|1781404908\n|switch|p2a: Bisharp|Bisharp, L79, M|204/232|[from] Parting Shot\n|move|p1a: Swampert|Stealth Rock|p2a: Bisharp\n|-sidestart|p2: isnothingeasy|move: Stealth Rock\n|\n|-heal|p1a: Swampert|160/302|[from] item: Leftovers\n|upkeep\n|turn|24\n|\n|t:|1781404915\n|move|p2a: Bisharp|Throat Chop|p1a: Swampert\n|-damage|p1a: Swampert|63/302\n|-start|p1a: Swampert|Throat Chop|[silent]\n|cant|p1a: Swampert|move: Throat Chop\n|\n|-heal|p1a: Swampert|81/302|[from] item: Leftovers\n|upkeep\n|turn|25\n|\n|t:|1781404922\n|move|p2a: Bisharp|Throat Chop|p1a: Swampert\n|-damage|p1a: Swampert|0 fnt\n|faint|p1a: Swampert\n|\n|upkeep\n|\n|t:|1781404927\n|switch|p1a: Necrozma|Necrozma-Dawn-Wings, L76, tera:Fighting|169/272\n|-damage|p1a: Necrozma|152/272|[from] Stealth Rock\n|turn|26\n|\n|t:|1781404930\n|move|p1a: Necrozma|Dragon Dance|p1a: Necrozma\n|-boost|p1a: Necrozma|atk|1\n|-boost|p1a: Necrozma|spe|1\n|move|p2a: Bisharp|Iron Head|p1a: Necrozma\n|-damage|p1a: Necrozma|64/272\n|\n|upkeep\n|turn|27\n|\n|t:|1781404934\n|move|p2a: Bisharp|Sucker Punch|p1a: Necrozma\n|-resisted|p1a: Necrozma\n|-damage|p1a: Necrozma|27/272\n|move|p1a: Necrozma|Brick Break|p2a: Bisharp\n|-supereffective|p2a: Bisharp\n|-damage|p2a: Bisharp|0 fnt\n|faint|p2a: Bisharp\n|-damage|p1a: Necrozma|0 fnt|[from] item: Life Orb\n|faint|p1a: Necrozma\n|\n|upkeep\n|\n|t:|1781404938\n|switch|p1a: Leavanny|Leavanny, L86, M|269/269\n|switch|p2a: Squawkabilly|Squawkabilly-Yellow, L89, F|81/291\n|-damage|p1a: Leavanny|202/269|[from] Stealth Rock\n|turn|28\n|\n|t:|1781404945\n|move|p2a: Squawkabilly|Brave Bird|p1a: Leavanny|[miss]\n|-miss|p2a: Squawkabilly|p1a: Leavanny\n|move|p1a: Leavanny|Knock Off|p2a: Squawkabilly\n|-damage|p2a: Squawkabilly|0 fnt\n|-enditem|p2a: Squawkabilly|Heavy-Duty Boots|[from] move: Knock Off|[of] p1a: Leavanny\n|faint|p2a: Squawkabilly\n|\n|upkeep\n|\n|t:|1781404960\n|switch|p2a: Volcarona|Volcarona, L77, F|66/257\n|-damage|p2a: Volcarona|0 fnt|[from] Stealth Rock\n|faint|p2a: Volcarona\n|\n|t:|1781404964\n|switch|p2a: Donphan|Donphan, L84, F|219/288 tox\n|-damage|p2a: Donphan|201/288 tox|[from] Stealth Rock\n|turn|29\n|\n|t:|1781404971\n|move|p1a: Leavanny|Bullet Seed|p2a: Donphan\n|-supereffective|p2a: Donphan\n|-damage|p2a: Donphan|151/288 tox\n|-supereffective|p2a: Donphan\n|-damage|p2a: Donphan|107/288 tox\n|-supereffective|p2a: Donphan\n|-damage|p2a: Donphan|59/288 tox\n|-supereffective|p2a: Donphan\n|-damage|p2a: Donphan|15/288 tox\n|-supereffective|p2a: Donphan\n|-damage|p2a: Donphan|0 fnt\n|faint|p2a: Donphan\n|-hitcount|p2: Donphan|5\n|\n|win|PJCDragon\n", "inputlog": ">version a8376a258c1d4662feba110a92103f3664a72141\n>start {\"formatid\":\"gen9randombattle\",\"seed\":\"sodium,9da73bdc64dca8129055697034f5cfd8\",\"rated\":\"Rated battle\"}\n>player p1 {\"name\":\"PJCDragon\",\"avatar\":\"scientist\",\"rating\":1995,\"seed\":\"sodium,512706451bb666579504362eca922e14\"}\n>player p2 {\"name\":\"isnothingeasy\",\"avatar\":\"lady\",\"rating\":2033,\"seed\":\"sodium,fa14f2154a47e90e4a00930bc0d55649\"}\n>p1 move knockoff\n>p2 switch 3\n>p1 switch 6\n>p2 move quiverdance\n>p1 move stealthrock\n>p2 move bugbuzz\n>p1 switch 5\n>p2 move bugbuzz\n>p1 move dragontail\n>p2 move fireblast\n>p1 move dracometeor\n>p2 move spikes\n>p1 move dragontail\n>p2 move spikes\n>p1 move flashcannon\n>p2 move bellydrum\n>p1 move flashcannon\n>p2 move playrough\n>p1 move flashcannon\n>p2 move playrough\n>p2 switch 2\n>p1 move dracometeor\n>p2 move rapidspin\n>p1 switch 2\n>p2 move rapidspin\n>p1 move rapidspin\n>p2 move rapidspin\n>p1 switch 3\n>p2 move earthquake\n>p1 move toxic\n>p2 move stealthrock\n>p1 move uturn\n>p2 switch 3\n>p1 switch 2\n>p1 move bodypress\n>p2 move suckerpunch\n>p1 switch 4\n>p1 move dragondance terastallize\n>p2 move throatchop\n>p1 move brickbreak\n>p2 switch 5\n>p2 switch 4\n>p1 switch 2\n>p2 move bravebird\n>p1 move roost\n>p2 move bravebird\n>p1 switch 3\n>p1 move suckerpunch\n>p2 move bravebird\n>p1 switch 5\n>p1 move stealthrock\n>p2 move partingshot\n>p2 switch 5\n>p1 move roar\n>p2 move throatchop\n>p1 move earthquake\n>p2 move throatchop\n>p1 switch 2\n>p1 move dragondance\n>p2 move ironhead\n>p1 move brickbreak\n>p2 move suckerpunch\n>p1 switch 6\n>p2 switch 5\n>p1 move knockoff\n>p2 move bravebird\n>p2 switch 6\n>p2 switch 3\n>p1 move bulletseed\n>p2 move rapidspin", "uploadtime": 1781404665, "views": 6, "formatid": "gen9randombattle", "rating": null, "private": 0, "password": null}