{"id": "gen9randombattle-2631602633", "format": "[Gen 9] Random Battle", "players": ["shootermcgavin3700", "stone douchebag"], "log": "|j|\u2606shootermcgavin3700\n|j|\u2606stone douchebag\n|t:|1781407292\n|gametype|singles\n|player|p1|shootermcgavin3700|101|1902\n|player|p2|stone douchebag|266|1976\n|gen|9\n|tier|[Gen 9] Random Battle\n|rated|\n|rule|Species Clause: Limit one of each Pok\u00e9mon\n|rule|HP Percentage Mod: HP is shown in percentages\n|rule|Sleep Clause Mod: Limit one foe put to sleep\n|rule|Illusion Level Mod: Illusion disguises the Pok\u00e9mon's true level\n|\n|t:|1781407292\n|teamsize|p1|6\n|teamsize|p2|6\n|start\n|switch|p1a: Pincurchin|Pincurchin, M|258/258\n|switch|p2a: Kingdra|Kingdra, L84, F|263/263\n|-fieldstart|move: Electric Terrain|[from] ability: Electric Surge|[of] p1a: Pincurchin\n|turn|1\n|inactive|Battle timer is ON: inactive players will automatically lose when time's up. (requested by shootermcgavin3700)\n|\n|t:|1781407302\n|switch|p2a: Toedscruel|Toedscruel, L87, F|281/281\n|move|p1a: Pincurchin|Thunderbolt|p2a: Toedscruel\n|-immune|p2a: Toedscruel\n|\n|upkeep\n|turn|2\n|\n|t:|1781407308\n|switch|p1a: Toucannon|Toucannon, L88, M|284/284\n|move|p2a: Toedscruel|Earth Power|p1a: Toucannon\n|-immune|p1a: Toucannon\n|\n|upkeep\n|turn|3\n|\n|t:|1781407316\n|-singleturn|p1a: Toucannon|move: Beak Blast\n|move|p2a: Toedscruel|Spore|p1a: Toucannon\n|-status|p1a: Toucannon|slp|[from] move: Spore\n|cant|p1a: Toucannon|slp\n|\n|upkeep\n|turn|4\n|\n|t:|1781407331\n|switch|p2a: Wigglytuff|Wigglytuff, L96, M|424/424\n|-curestatus|p1a: Toucannon|slp|[msg]\n|move|p1a: Toucannon|Knock Off|p2a: Wigglytuff\n|-resisted|p2a: Wigglytuff\n|-damage|p2a: Wigglytuff|360/424\n|-enditem|p2a: Wigglytuff|Leftovers|[from] move: Knock Off|[of] p1a: Toucannon\n|\n|upkeep\n|turn|5\n|\n|t:|1781407336\n|switch|p1a: Tentacruel|Tentacruel, L84, F|272/272\n|move|p2a: Wigglytuff|Dazzling Gleam|p1a: Tentacruel\n|-resisted|p1a: Tentacruel\n|-damage|p1a: Tentacruel|236/272\n|\n|-heal|p1a: Tentacruel|253/272|[from] item: Leftovers\n|-fieldend|move: Electric Terrain\n|upkeep\n|turn|6\n|\n|t:|1781407349\n|move|p1a: Tentacruel|Toxic|p2a: Wigglytuff\n|-status|p2a: Wigglytuff|tox\n|move|p2a: Wigglytuff|Thunder Wave|p1a: Tentacruel\n|-status|p1a: Tentacruel|par\n|\n|-heal|p1a: Tentacruel|270/272 par|[from] item: Leftovers\n|-damage|p2a: Wigglytuff|334/424 tox|[from] psn\n|upkeep\n|turn|7\n|\n|t:|1781407358\n|move|p2a: Wigglytuff|Wish|p2a: Wigglytuff\n|move|p1a: Tentacruel|Sludge Bomb|p2a: Wigglytuff\n|-supereffective|p2a: Wigglytuff\n|-damage|p2a: Wigglytuff|122/424 tox\n|\n|-heal|p1a: Tentacruel|272/272 par|[from] item: Leftovers\n|-damage|p2a: Wigglytuff|70/424 tox|[from] psn\n|upkeep\n|turn|8\n|\n|t:|1781407364\n|move|p2a: Wigglytuff|Protect|p2a: Wigglytuff\n|-singleturn|p2a: Wigglytuff|Protect\n|move|p1a: Tentacruel|Rapid Spin|p2a: Wigglytuff\n|-activate|p2a: Wigglytuff|move: Protect\n|\n|-heal|p2a: Wigglytuff|282/424 tox|[from] move: Wish|[wisher] Wigglytuff\n|-damage|p2a: Wigglytuff|204/424 tox|[from] psn\n|upkeep\n|turn|9\n|\n|t:|1781407367\n|switch|p2a: Sableye|Sableye, L88, M|231/231\n|move|p1a: Tentacruel|Sludge Bomb|p2a: Sableye\n|-resisted|p2a: Sableye\n|-damage|p2a: Sableye|182/231\n|\n|-heal|p2a: Sableye|196/231|[from] item: Leftovers\n|upkeep\n|turn|10\n|\n|t:|1781407376\n|switch|p1a: Pincurchin|Pincurchin, M|258/258\n|-fieldstart|move: Electric Terrain|[from] ability: Electric Surge|[of] p1a: Pincurchin\n|-terastallize|p2a: Sableye|Steel\n|move|p2a: Sableye|Knock Off|p1a: Pincurchin\n|-damage|p1a: Pincurchin|185/258\n|-enditem|p1a: Pincurchin|Leftovers|[from] move: Knock Off|[of] p2a: Sableye\n|\n|-heal|p2a: Sableye|210/231|[from] item: Leftovers\n|upkeep\n|turn|11\n|\n|t:|1781407389\n|move|p2a: Sableye|Knock Off|p1a: Pincurchin\n|-damage|p1a: Pincurchin|134/258\n|move|p1a: Pincurchin|Scald|p2a: Sableye\n|-damage|p2a: Sableye|123/231\n|\n|-heal|p2a: Sableye|137/231|[from] item: Leftovers\n|upkeep\n|turn|12\n|\n|t:|1781407396\n|switch|p2a: Wigglytuff|Wigglytuff, L96, M|204/424 tox\n|move|p1a: Pincurchin|Scald|p2a: Wigglytuff\n|-damage|p2a: Wigglytuff|98/424 tox\n|\n|-damage|p2a: Wigglytuff|72/424 tox|[from] psn\n|upkeep\n|turn|13\n|\n|t:|1781407400\n|move|p2a: Wigglytuff|Wish|p2a: Wigglytuff\n|move|p1a: Pincurchin|Recover|p1a: Pincurchin\n|-heal|p1a: Pincurchin|258/258\n|\n|-damage|p2a: Wigglytuff|20/424 tox|[from] psn\n|upkeep\n|turn|14\n|\n|t:|1781407406\n|move|p2a: Wigglytuff|Thunder Wave|p1a: Pincurchin\n|-immune|p1a: Pincurchin\n|move|p1a: Pincurchin|Toxic Spikes|p2a: Wigglytuff\n|-sidestart|p2: stone douchebag|move: Toxic Spikes\n|\n|-heal|p2a: Wigglytuff|232/424 tox|[from] move: Wish|[wisher] Wigglytuff\n|-damage|p2a: Wigglytuff|154/424 tox|[from] psn\n|-fieldend|move: Electric Terrain\n|upkeep\n|turn|15\n|\n|t:|1781407413\n|switch|p2a: Toedscruel|Toedscruel, L87, F|281/281\n|-status|p2a: Toedscruel|psn\n|move|p1a: Pincurchin|Scald|p2a: Toedscruel\n|-damage|p2a: Toedscruel|217/281 psn\n|\n|-heal|p2a: Toedscruel|234/281 psn|[from] item: Leftovers\n|-damage|p2a: Toedscruel|199/281 psn|[from] psn\n|upkeep\n|turn|16\n|\n|t:|1781407418\n|switch|p1a: Gengar|Gengar, L81, M|230/230\n|move|p2a: Toedscruel|Rapid Spin|p1a: Gengar\n|-immune|p1a: Gengar\n|\n|-heal|p2a: Toedscruel|216/281 psn|[from] item: Leftovers\n|-damage|p2a: Toedscruel|181/281 psn|[from] psn\n|upkeep\n|turn|17\n|-message|stone douchebag forfeited.\n|\n|win|shootermcgavin3700\n", "inputlog": ">version a8376a258c1d4662feba110a92103f3664a72141\n>start {\"formatid\":\"gen9randombattle\",\"seed\":\"sodium,a07f830f5c6e41a9338298a44172f64b\",\"rated\":\"Rated battle\"}\n>player p1 {\"name\":\"shootermcgavin3700\",\"avatar\":\"101\",\"rating\":1902,\"seed\":\"sodium,fb9c631c63cd92ce19104cbb68c3c8c2\"}\n>player p2 {\"name\":\"stone douchebag\",\"avatar\":\"266\",\"rating\":1976,\"seed\":\"sodium,98e840633214f7093f5fbcb4da6d0bc4\"}\n>p1 move thunderbolt\n>p2 switch 4\n>p1 switch 5\n>p2 move earthpower\n>p1 move beakblast\n>p2 move spore\n>p1 move knockoff\n>p2 switch 3\n>p1 switch 2\n>p2 move dazzlinggleam\n>p1 move toxic\n>p2 move thunderwave\n>p1 move sludgebomb\n>p2 move wish\n>p1 move rapidspin\n>p2 move protect\n>p1 move sludgebomb\n>p2 switch 2\n>p1 switch 5\n>p2 move knockoff terastallize\n>p1 move scald\n>p2 move knockoff\n>p1 move scald\n>p2 switch 2\n>p1 move recover\n>p2 move wish\n>p1 move toxicspikes\n>p2 move thunderwave\n>p1 move scald\n>p2 switch 3\n>p1 switch 4\n>p2 move rapidspin\n>forcelose p2", "uploadtime": 1781407294, "views": 7, "formatid": "gen9randombattle", "rating": null, "private": 0, "password": null}