{"id": "gen9randombattle-2632020922", "format": "[Gen 9] Random Battle", "players": ["Donpalinho", "Aurrem173"], "log": "|j|\u2606Donpalinho\n|j|\u2606Aurrem173\n|t:|1781466784\n|gametype|singles\n|player|p1|Donpalinho|1|1983\n|player|p2|Aurrem173|veteranf|2033\n|gen|9\n|tier|[Gen 9] Random Battle\n|rated|\n|rule|Species Clause: Limit one of each Pok\u00e9mon\n|rule|HP Percentage Mod: HP is shown in percentages\n|rule|Sleep Clause Mod: Limit one foe put to sleep\n|rule|Illusion Level Mod: Illusion disguises the Pok\u00e9mon's true level\n|\n|t:|1781466784\n|teamsize|p1|6\n|teamsize|p2|6\n|start\n|switch|p1a: Meloetta|Meloetta, L82|298/298\n|switch|p2a: Calyrex|Calyrex-Shadow, L64|235/235\n|-ability|p2a: Calyrex|As One\n|-ability|p2a: Calyrex|Unnerve\n|turn|1\n|inactive|Battle timer is ON: inactive players will automatically lose when time's up. (requested by Aurrem173)\n|\n|t:|1781466809\n|switch|p2a: Dugtrio|Dugtrio-Alola, L84, M|196/196\n|move|p1a: Meloetta|U-turn|p2a: Dugtrio\n|-resisted|p2a: Dugtrio\n|-damage|p2a: Dugtrio|169/196\n|-ability|p2a: Dugtrio|Tangling Hair\n|-unboost|p1a: Meloetta|spe|1\n|\n|t:|1781466818\n|switch|p1a: Wugtrio|Wugtrio, L91, F|212/212|[from] U-turn\n|\n|upkeep\n|turn|2\n|\n|t:|1781466840\n|switch|p2a: Poliwrath|Poliwrath, L88, M|302/302\n|move|p1a: Wugtrio|Liquidation|p2a: Poliwrath\n|-resisted|p2a: Poliwrath\n|-damage|p2a: Poliwrath|229/302\n|\n|upkeep\n|turn|3\n|\n|t:|1781466858\n|switch|p1a: Meloetta|Meloetta, L82|298/298\n|move|p2a: Poliwrath|Rain Dance|p2a: Poliwrath\n|-weather|RainDance\n|\n|-weather|RainDance|[upkeep]\n|upkeep\n|turn|4\n|\n|t:|1781466862\n|move|p2a: Poliwrath|Liquidation|p1a: Meloetta\n|-damage|p1a: Meloetta|80/298\n|-damage|p2a: Poliwrath|199/302|[from] item: Life Orb\n|move|p1a: Meloetta|Psyshock|p2a: Poliwrath\n|-supereffective|p2a: Poliwrath\n|-damage|p2a: Poliwrath|0 fnt\n|faint|p2a: Poliwrath\n|\n|-weather|RainDance|[upkeep]\n|upkeep\n|\n|t:|1781466876\n|switch|p2a: Dipplin|Dipplin, L88, F|284/284\n|turn|5\n|\n|t:|1781466881\n|switch|p1a: Cetitan|Cetitan, L82, M|412/412\n|move|p2a: Dipplin|Giga Drain|p1a: Cetitan\n|-damage|p1a: Cetitan|279/412\n|\n|-weather|RainDance|[upkeep]\n|upkeep\n|turn|6\n|\n|t:|1781466886\n|switch|p2a: Bisharp|Bisharp, L79, F|232/232\n|move|p1a: Cetitan|Ice Spinner|p2a: Bisharp\n|-resisted|p2a: Bisharp\n|-damage|p2a: Bisharp|201/232\n|\n|-weather|RainDance|[upkeep]\n|upkeep\n|turn|7\n|\n|t:|1781466895\n|move|p1a: Cetitan|Earthquake|p2a: Bisharp\n|-supereffective|p2a: Bisharp\n|-damage|p2a: Bisharp|99/232\n|move|p2a: Bisharp|Iron Head|p1a: Cetitan\n|-supereffective|p1a: Cetitan\n|-damage|p1a: Cetitan|55/412\n|-enditem|p1a: Cetitan|Sitrus Berry|[eat]\n|-heal|p1a: Cetitan|158/412|[from] item: Sitrus Berry\n|\n|-weather|none\n|upkeep\n|turn|8\n|\n|t:|1781466901\n|move|p2a: Bisharp|Sucker Punch|p1a: Cetitan\n|-damage|p1a: Cetitan|56/412\n|move|p1a: Cetitan|Earthquake|p2a: Bisharp\n|-supereffective|p2a: Bisharp\n|-damage|p2a: Bisharp|0 fnt\n|faint|p2a: Bisharp\n|\n|upkeep\n|\n|t:|1781466905\n|switch|p2a: Calyrex|Calyrex-Shadow, L64|235/235\n|-ability|p2a: Calyrex|As One\n|-ability|p2a: Calyrex|Unnerve\n|turn|9\n|\n|t:|1781466911\n|switch|p1a: Meloetta|Meloetta, L82|80/298\n|move|p2a: Calyrex|Astral Barrage|p1a: Meloetta\n|-immune|p1a: Meloetta\n|\n|upkeep\n|turn|10\n|\n|t:|1781466921\n|move|p2a: Calyrex|Pollen Puff|p1a: Meloetta\n|-supereffective|p1a: Meloetta\n|-damage|p1a: Meloetta|0 fnt\n|faint|p1a: Meloetta\n|-ability|p2a: Calyrex|Grim Neigh|boost\n|-boost|p2a: Calyrex|spa|1\n|-damage|p2a: Calyrex|212/235|[from] item: Life Orb\n|\n|upkeep\n|\n|t:|1781466930\n|switch|p1a: Cetitan|Cetitan, L82, M|56/412\n|turn|11\n|\n|t:|1781466935\n|move|p1a: Cetitan|Ice Shard|p2a: Calyrex\n|-damage|p2a: Calyrex|145/235\n|move|p2a: Calyrex|Psyshock|p1a: Cetitan\n|-damage|p1a: Cetitan|0 fnt\n|faint|p1a: Cetitan\n|-ability|p2a: Calyrex|Grim Neigh|boost\n|-boost|p2a: Calyrex|spa|1\n|-damage|p2a: Calyrex|122/235|[from] item: Life Orb\n|\n|upkeep\n|\n|t:|1781466940\n|switch|p1a: Wugtrio|Wugtrio, L91, F|212/212\n|turn|12\n|\n|t:|1781466942\n|switch|p2a: Dipplin|Dipplin, L88, F|284/284\n|move|p1a: Wugtrio|Liquidation|p2a: Dipplin\n|-resisted|p2a: Dipplin\n|-damage|p2a: Dipplin|262/284\n|-unboost|p2a: Dipplin|def|1\n|\n|upkeep\n|turn|13\n|\n|t:|1781466949\n|switch|p1a: Kleavor|Kleavor, L78, F|237/237\n|move|p2a: Dipplin|Dragon Pulse|p1a: Kleavor\n|-damage|p1a: Kleavor|102/237\n|\n|upkeep\n|turn|14\n|\n|t:|1781466954\n|switch|p2a: Dugtrio|Dugtrio-Alola, L84, M|169/196\n|move|p1a: Kleavor|Stone Axe|p2a: Dugtrio\n|-resisted|p2a: Dugtrio\n|-damage|p2a: Dugtrio|133/196\n|-ability|p2a: Dugtrio|Tangling Hair\n|-unboost|p1a: Kleavor|spe|1\n|-sidestart|p2: Aurrem173|move: Stealth Rock\n|\n|upkeep\n|turn|15\n|\n|t:|1781466961\n|switch|p1a: Landorus|Landorus-Therian, L76, M|260/260\n|-ability|p1a: Landorus|Intimidate|boost\n|-unboost|p2a: Dugtrio|atk|1\n|move|p2a: Dugtrio|Earthquake|p1a: Landorus\n|-immune|p1a: Landorus\n|\n|upkeep\n|turn|16\n|\n|t:|1781466964\n|switch|p2a: Dipplin|Dipplin, L88, F|262/284\n|-damage|p2a: Dipplin|227/284|[from] Stealth Rock\n|move|p1a: Landorus|U-turn|p2a: Dipplin\n|-supereffective|p2a: Dipplin\n|-damage|p2a: Dipplin|167/284\n|\n|t:|1781466967\n|switch|p1a: Kleavor|Kleavor, L78, F|102/237|[from] U-turn\n|\n|upkeep\n|turn|17\n|\n|t:|1781466969\n|switch|p2a: Dugtrio|Dugtrio-Alola, L84, M|133/196\n|-damage|p2a: Dugtrio|127/196|[from] Stealth Rock\n|move|p1a: Kleavor|X-Scissor|p2a: Dugtrio\n|-resisted|p2a: Dugtrio\n|-damage|p2a: Dugtrio|39/196\n|-ability|p2a: Dugtrio|Tangling Hair\n|-unboost|p1a: Kleavor|spe|1\n|\n|upkeep\n|turn|18\n|\n|t:|1781466976\n|switch|p1a: Landorus|Landorus-Therian, L76, M|260/260\n|-ability|p1a: Landorus|Intimidate|boost\n|-unboost|p2a: Dugtrio|atk|1\n|move|p2a: Dugtrio|Iron Head|p1a: Landorus\n|-damage|p1a: Landorus|175/260\n|\n|-heal|p1a: Landorus|191/260|[from] item: Leftovers\n|upkeep\n|turn|19\n|\n|t:|1781466980\n|move|p2a: Dugtrio|Iron Head|p1a: Landorus\n|-damage|p1a: Landorus|95/260\n|move|p1a: Landorus|U-turn|p2a: Dugtrio\n|-resisted|p2a: Dugtrio\n|-damage|p2a: Dugtrio|1/196\n|-ability|p2a: Dugtrio|Tangling Hair\n|-unboost|p1a: Landorus|spe|1\n|\n|t:|1781466983\n|switch|p1a: Wugtrio|Wugtrio, L91, F|212/212|[from] U-turn\n|\n|upkeep\n|turn|20\n|\n|t:|1781466991\n|move|p1a: Wugtrio|Liquidation|p2a: Dugtrio\n|-supereffective|p2a: Dugtrio\n|-damage|p2a: Dugtrio|0 fnt\n|-ability|p2a: Dugtrio|Tangling Hair\n|-unboost|p1a: Wugtrio|spe|1\n|faint|p2a: Dugtrio\n|\n|upkeep\n|\n|t:|1781466997\n|switch|p2a: Calyrex|Calyrex-Shadow, L64|122/235\n|-ability|p2a: Calyrex|As One\n|-ability|p2a: Calyrex|Unnerve\n|-damage|p2a: Calyrex|93/235|[from] Stealth Rock\n|turn|21\n|\n|t:|1781467001\n|switch|p1a: Landorus|Landorus-Therian, L76, M|95/260\n|-ability|p1a: Landorus|Intimidate|boost\n|-unboost|p2a: Calyrex|atk|1\n|move|p2a: Calyrex|Astral Barrage|p1a: Landorus\n|-damage|p1a: Landorus|0 fnt\n|faint|p1a: Landorus\n|-ability|p2a: Calyrex|Grim Neigh|boost\n|-boost|p2a: Calyrex|spa|1\n|-damage|p2a: Calyrex|70/235|[from] item: Life Orb\n|\n|upkeep\n|\n|t:|1781467003\n|switch|p1a: Wugtrio|Wugtrio, L91, F|212/212\n|turn|22\n|\n|t:|1781467006\n|switch|p2a: Dipplin|Dipplin, L88, F|167/284\n|-damage|p2a: Dipplin|132/284|[from] Stealth Rock\n|move|p1a: Wugtrio|Throat Chop|p2a: Dipplin\n|-damage|p2a: Dipplin|78/284\n|-start|p2a: Dipplin|Throat Chop|[silent]\n|\n|upkeep\n|turn|23\n|\n|t:|1781467011\n|switch|p1a: Kleavor|Kleavor, L78, F|102/237\n|move|p2a: Dipplin|Recover|p2a: Dipplin\n|-heal|p2a: Dipplin|220/284\n|\n|-end|p2a: Dipplin|Throat Chop|[silent]\n|upkeep\n|turn|24\n|\n|t:|1781467015\n|switch|p2a: Dusknoir|Dusknoir, L89, F|225/225\n|-damage|p2a: Dusknoir|197/225|[from] Stealth Rock\n|-item|p1a: Kleavor|Heavy-Duty Boots|[from] ability: Frisk|[of] p2a: Dusknoir\n|move|p1a: Kleavor|X-Scissor|p2a: Dusknoir\n|-resisted|p2a: Dusknoir\n|-damage|p2a: Dusknoir|146/225\n|\n|-heal|p2a: Dusknoir|160/225|[from] item: Leftovers\n|upkeep\n|turn|25\n|\n|t:|1781467019\n|switch|p1a: Torkoal|Torkoal, L88, M|266/266\n|-weather|SunnyDay|[from] ability: Drought|[of] p1a: Torkoal\n|move|p2a: Dusknoir|Poltergeist|p1a: Torkoal|[miss]\n|-miss|p2a: Dusknoir|p1a: Torkoal\n|\n|-weather|SunnyDay|[upkeep]\n|-heal|p2a: Dusknoir|174/225|[from] item: Leftovers\n|upkeep\n|turn|26\n|\n|t:|1781467036\n|move|p2a: Dusknoir|Earthquake|p1a: Torkoal\n|-supereffective|p1a: Torkoal\n|-damage|p1a: Torkoal|148/266\n|move|p1a: Torkoal|Fire Blast|p2a: Dusknoir\n|-damage|p2a: Dusknoir|65/225\n|\n|-weather|SunnyDay|[upkeep]\n|-heal|p2a: Dusknoir|79/225|[from] item: Leftovers\n|upkeep\n|turn|27\n|\n|t:|1781467043\n|move|p2a: Dusknoir|Pain Split|p1a: Torkoal\n|-sethp|p1a: Torkoal|113/266|[from] move: Pain Split|[silent]\n|-sethp|p2a: Dusknoir|113/225|[from] move: Pain Split\n|move|p1a: Torkoal|Fire Blast|p2a: Dusknoir\n|-damage|p2a: Dusknoir|0 fnt\n|faint|p2a: Dusknoir\n|\n|-weather|SunnyDay|[upkeep]\n|upkeep\n|\n|t:|1781467053\n|switch|p2a: Calyrex|Calyrex-Shadow, L64|70/235\n|-ability|p2a: Calyrex|As One\n|-ability|p2a: Calyrex|Unnerve\n|-damage|p2a: Calyrex|41/235|[from] Stealth Rock\n|turn|28\n|\n|t:|1781467058\n|move|p2a: Calyrex|Astral Barrage|p1a: Torkoal\n|-damage|p1a: Torkoal|0 fnt\n|faint|p1a: Torkoal\n|-ability|p2a: Calyrex|Grim Neigh|boost\n|-boost|p2a: Calyrex|spa|1\n|-damage|p2a: Calyrex|18/235|[from] item: Life Orb\n|\n|-weather|SunnyDay|[upkeep]\n|upkeep\n|\n|t:|1781467062\n|switch|p1a: Wugtrio|Wugtrio, L91, F|212/212\n|turn|29\n|\n|t:|1781467066\n|move|p1a: Wugtrio|Throat Chop|p2a: Calyrex\n|-supereffective|p2a: Calyrex\n|-damage|p2a: Calyrex|0 fnt\n|faint|p2a: Calyrex\n|\n|-weather|none\n|upkeep\n|\n|t:|1781467068\n|switch|p2a: Dipplin|Dipplin, L88, F|220/284\n|-damage|p2a: Dipplin|185/284|[from] Stealth Rock\n|turn|30\n|\n|t:|1781467074\n|-terastallize|p1a: Wugtrio|Dark\n|move|p1a: Wugtrio|Throat Chop|p2a: Dipplin\n|-damage|p2a: Dipplin|109/284\n|-start|p2a: Dipplin|Throat Chop|[silent]\n|move|p2a: Dipplin|Giga Drain|p1a: Wugtrio\n|-damage|p1a: Wugtrio|115/212\n|-heal|p2a: Dipplin|158/284|[from] drain|[of] p1a: Wugtrio\n|\n|upkeep\n|turn|31\n|\n|t:|1781467079\n|switch|p1a: Kleavor|Kleavor, L78, F|102/237\n|move|p2a: Dipplin|Giga Drain|p1a: Kleavor\n|-crit|p1a: Kleavor\n|-damage|p1a: Kleavor|0 fnt\n|-heal|p2a: Dipplin|209/284|[from] drain|[of] p1a: Kleavor\n|faint|p1a: Kleavor\n|\n|-end|p2a: Dipplin|Throat Chop|[silent]\n|upkeep\n|\n|t:|1781467082\n|switch|p1a: Wugtrio|Wugtrio, L91, F, tera:Dark|115/212\n|turn|32\n|\n|t:|1781467086\n|move|p1a: Wugtrio|Throat Chop|p2a: Dipplin\n|-damage|p2a: Dipplin|133/284\n|-start|p2a: Dipplin|Throat Chop|[silent]\n|move|p2a: Dipplin|Giga Drain|p1a: Wugtrio\n|-damage|p1a: Wugtrio|16/212\n|-heal|p2a: Dipplin|183/284|[from] drain|[of] p1a: Wugtrio\n|\n|upkeep\n|turn|33\n|\n|t:|1781467090\n|move|p1a: Wugtrio|Throat Chop|p2a: Dipplin\n|-damage|p2a: Dipplin|102/284\n|move|p2a: Dipplin|Giga Drain|p1a: Wugtrio\n|-damage|p1a: Wugtrio|0 fnt\n|-heal|p2a: Dipplin|110/284|[from] drain|[of] p1a: Wugtrio\n|faint|p1a: Wugtrio\n|\n|win|Aurrem173\n", "inputlog": ">version a8376a258c1d4662feba110a92103f3664a72141\n>start {\"formatid\":\"gen9randombattle\",\"seed\":\"sodium,c131cff201d789be79a6f1804f69522c\",\"rated\":\"Rated battle\"}\n>player p1 {\"name\":\"Donpalinho\",\"avatar\":\"1\",\"rating\":1983,\"seed\":\"sodium,1c42eecfadccb932920ee25dd89fecbf\"}\n>player p2 {\"name\":\"Aurrem173\",\"avatar\":\"veteranf\",\"rating\":2033,\"seed\":\"sodium,34b07b1e30764d3fac327e468b420a69\"}\n>p1 move uturn\n>p2 switch 3\n>p1 switch 3\n>p1 move liquidation\n>p2 switch 4\n>p1 switch 3\n>p2 move raindance\n>p1 move psyshock\n>p2 move liquidation\n>p2 switch 2\n>p1 switch 2\n>p2 move gigadrain\n>p1 move icespinner\n>p2 switch 5\n>p1 move earthquake\n>p2 move ironhead\n>p1 move earthquake\n>p2 move suckerpunch\n>p2 switch 3\n>p1 switch 2\n>p2 move astralbarrage\n>p1 move psyshock\n>p2 move pollenpuff\n>p1 switch 2\n>p1 move iceshard\n>p2 move psyshock\n>p1 switch 3\n>p1 move liquidation\n>p2 switch 5\n>p1 switch 4\n>p2 move dragonpulse\n>p1 move stoneaxe\n>p2 switch 4\n>p1 switch 6\n>p2 move earthquake\n>p1 move uturn\n>p2 switch 4\n>p1 switch 6\n>p1 move xscissor\n>p2 switch 4\n>p1 switch 6\n>p2 move ironhead\n>p1 move uturn\n>p2 move ironhead\n>p1 switch 4\n>p1 move liquidation\n>p2 move ironhead\n>p2 switch 5\n>p1 switch 4\n>p2 move astralbarrage\n>p1 switch 4\n>p1 move throatchop\n>p2 switch 4\n>p1 switch 6\n>p2 move recover\n>p1 move xscissor\n>p2 switch 6\n>p1 switch 5\n>p2 move poltergeist\n>p1 move fireblast\n>p2 move earthquake\n>p1 move fireblast\n>p2 move painsplit\n>p2 switch 4\n>p1 move earthquake\n>p2 move astralbarrage\n>p1 switch 6\n>p1 move throatchop\n>p2 move psyshock\n>p2 switch 6\n>p1 move throatchop terastallize\n>p2 move gigadrain\n>p1 switch 5\n>p2 move gigadrain\n>p1 switch 5\n>p1 move throatchop\n>p2 move gigadrain\n>p1 move throatchop\n>p2 move gigadrain", "uploadtime": 1781466785, "views": 5, "formatid": "gen9randombattle", "rating": null, "private": 0, "password": null}