{"id": "gen9randombattle-2631868349", "format": "[Gen 9] Random Battle", "players": ["YveltalNL", "cuerodeolancho"], "log": "|j|\u2606YveltalNL\n|j|\u2606cuerodeolancho\n|t:|1781450058\n|gametype|singles\n|player|p1|YveltalNL|#yveltalnl|2141\n|player|p2|cuerodeolancho|janitor|2136\n|gen|9\n|tier|[Gen 9] Random Battle\n|rated|\n|rule|Species Clause: Limit one of each Pok\u00e9mon\n|rule|HP Percentage Mod: HP is shown in percentages\n|rule|Sleep Clause Mod: Limit one foe put to sleep\n|rule|Illusion Level Mod: Illusion disguises the Pok\u00e9mon's true level\n|\n|t:|1781450058\n|teamsize|p1|6\n|teamsize|p2|6\n|start\n|switch|p1a: Blissey|Blissey, L85, F|572/572\n|switch|p2a: Kyogre|Kyogre, L71|259/259\n|-weather|RainDance|[from] ability: Drizzle|[of] p2a: Kyogre\n|turn|1\n|inactive|Battle timer is ON: inactive players will automatically lose when time's up. (requested by cuerodeolancho)\n|\n|t:|1781450067\n|switch|p2a: Gogoat|Gogoat, L88, M|360/360\n|move|p1a: Blissey|Stealth Rock|p2a: Gogoat\n|-sidestart|p2: cuerodeolancho|move: Stealth Rock\n|\n|-weather|RainDance|[upkeep]\n|upkeep\n|turn|2\n|\n|t:|1781450080\n|move|p2a: Gogoat|Bulk Up|p2a: Gogoat\n|-boost|p2a: Gogoat|atk|1\n|-boost|p2a: Gogoat|def|1\n|move|p1a: Blissey|Thunder Wave|p2a: Gogoat\n|-status|p2a: Gogoat|par\n|\n|-weather|RainDance|[upkeep]\n|upkeep\n|turn|3\n|\n|t:|1781450087\n|switch|p1a: Illumise|Illumise, L91, F|266/266\n|move|p2a: Gogoat|Horn Leech|p1a: Illumise\n|-resisted|p1a: Illumise\n|-damage|p1a: Illumise|200/266\n|\n|-weather|RainDance|[upkeep]\n|upkeep\n|turn|4\n|\n|t:|1781450097\n|switch|p2a: Incineroar|Incineroar, L82, M|290/290\n|-ability|p2a: Incineroar|Intimidate|boost\n|-unboost|p1a: Illumise|atk|1\n|move|p1a: Illumise|Bug Buzz|p2a: Incineroar\n|-damage|p2a: Incineroar|202/290\n|\n|-weather|RainDance|[upkeep]\n|upkeep\n|turn|5\n|\n|t:|1781450105\n|move|p1a: Illumise|Bug Buzz|p2a: Incineroar\n|-damage|p2a: Incineroar|105/290\n|move|p2a: Incineroar|Knock Off|p1a: Illumise\n|-damage|p1a: Illumise|94/266\n|-enditem|p1a: Illumise|Heavy-Duty Boots|[from] move: Knock Off|[of] p2a: Incineroar\n|\n|-weather|none\n|upkeep\n|turn|6\n|\n|t:|1781450115\n|switch|p1a: Walking Wake|Walking Wake, L79|286/286\n|move|p2a: Incineroar|Flare Blitz|p1a: Walking Wake\n|-resisted|p1a: Walking Wake\n|-damage|p1a: Walking Wake|252/286\n|-damage|p2a: Incineroar|94/290|[from] Recoil\n|\n|upkeep\n|turn|7\n|\n|t:|1781450122\n|switch|p2a: Gogoat|Gogoat, L88, M|360/360 par\n|-damage|p2a: Gogoat|315/360 par|[from] Stealth Rock\n|move|p1a: Walking Wake|Draco Meteor|p2a: Gogoat\n|-damage|p2a: Gogoat|108/360 par\n|-unboost|p1a: Walking Wake|spa|2\n|-damage|p1a: Walking Wake|224/286|[from] item: Life Orb\n|\n|-heal|p2a: Gogoat|130/360 par|[from] item: Leftovers\n|upkeep\n|turn|8\n|\n|t:|1781450129\n|-end|p1a: Walking Wake|Protosynthesis|[silent]\n|switch|p1a: Illumise|Illumise, L91, F|94/266\n|move|p2a: Gogoat|Milk Drink|p2a: Gogoat\n|-heal|p2a: Gogoat|310/360 par\n|\n|-heal|p2a: Gogoat|332/360 par|[from] item: Leftovers\n|upkeep\n|turn|9\n|\n|t:|1781450132\n|switch|p2a: Incineroar|Incineroar, L82, M|94/290\n|-ability|p2a: Incineroar|Intimidate|boost\n|-unboost|p1a: Illumise|atk|1\n|move|p1a: Illumise|Roost|p1a: Illumise\n|-heal|p1a: Illumise|227/266\n|-singleturn|p1a: Illumise|move: Roost\n|\n|upkeep\n|turn|10\n|\n|t:|1781450136\n|move|p1a: Illumise|Bug Buzz|p2a: Incineroar\n|-damage|p2a: Incineroar|10/290\n|move|p2a: Incineroar|Parting Shot|p1a: Illumise\n|-unboost|p1a: Illumise|atk|1\n|-unboost|p1a: Illumise|spa|1\n|\n|t:|1781450145\n|switch|p2a: Gogoat|Gogoat, L88, M|332/360 par|[from] Parting Shot\n|-damage|p2a: Gogoat|287/360 par|[from] Stealth Rock\n|\n|-heal|p2a: Gogoat|309/360 par|[from] item: Leftovers\n|upkeep\n|turn|11\n|\n|t:|1781450149\n|switch|p2a: Incineroar|Incineroar, L82, M|10/290\n|-ability|p2a: Incineroar|Intimidate|boost\n|-unboost|p1a: Illumise|atk|1\n|move|p1a: Illumise|Bug Buzz|p2a: Incineroar\n|-damage|p2a: Incineroar|0 fnt\n|faint|p2a: Incineroar\n|\n|upkeep\n|\n|t:|1781450155\n|switch|p2a: Suicune|Suicune, L82|298/298\n|-damage|p2a: Suicune|261/298|[from] Stealth Rock\n|-ability|p2a: Suicune|Pressure\n|turn|12\n|\n|t:|1781450159\n|move|p1a: Illumise|Thunder Wave|p2a: Suicune|[miss]\n|-miss|p1a: Illumise|p2a: Suicune\n|move|p2a: Suicune|Calm Mind|p2a: Suicune\n|-boost|p2a: Suicune|spa|1\n|-boost|p2a: Suicune|spd|1\n|\n|-heal|p2a: Suicune|279/298|[from] item: Leftovers\n|upkeep\n|turn|13\n|\n|t:|1781450168\n|move|p1a: Illumise|Thunder Wave|p2a: Suicune\n|-status|p2a: Suicune|par\n|move|p2a: Suicune|Calm Mind|p2a: Suicune\n|-boost|p2a: Suicune|spa|1\n|-boost|p2a: Suicune|spd|1\n|\n|-heal|p2a: Suicune|297/298 par|[from] item: Leftovers\n|upkeep\n|turn|14\n|\n|t:|1781450172\n|move|p1a: Illumise|Encore|p2a: Suicune\n|-start|p2a: Suicune|Encore\n|move|p2a: Suicune|Calm Mind|p2a: Suicune\n|-boost|p2a: Suicune|spa|1\n|-boost|p2a: Suicune|spd|1\n|\n|-heal|p2a: Suicune|298/298 par|[from] item: Leftovers\n|upkeep\n|turn|15\n|\n|t:|1781450176\n|switch|p1a: Blissey|Blissey, L85, F|572/572\n|move|p2a: Suicune|Calm Mind|p2a: Suicune\n|-boost|p2a: Suicune|spa|1\n|-boost|p2a: Suicune|spd|1\n|\n|upkeep\n|turn|16\n|\n|t:|1781450178\n|move|p1a: Blissey|Seismic Toss|p2a: Suicune\n|-damage|p2a: Suicune|213/298 par\n|cant|p2a: Suicune|par\n|\n|-heal|p2a: Suicune|231/298 par|[from] item: Leftovers\n|-end|p2a: Suicune|Encore\n|upkeep\n|turn|17\n|\n|t:|1781450184\n|move|p1a: Blissey|Seismic Toss|p2a: Suicune\n|-damage|p2a: Suicune|146/298 par\n|move|p2a: Suicune|Rest|p2a: Suicune\n|-status|p2a: Suicune|slp|[from] move: Rest\n|-heal|p2a: Suicune|298/298 slp|[silent]\n|\n|upkeep\n|turn|18\n|\n|t:|1781450187\n|switch|p1a: Illumise|Illumise, L91, F|227/266\n|cant|p2a: Suicune|slp\n|move|p2a: Suicune|Sleep Talk|p2a: Suicune\n|move|p2a: Suicune|Scald|p1a: Illumise|[from] move: Sleep Talk\n|-damage|p1a: Illumise|0 fnt\n|faint|p1a: Illumise\n|\n|upkeep\n|c|\u2606YveltalNL|Wonderful\n|c|\u2606YveltalNL|whole team loses to this\n|\n|t:|1781450195\n|switch|p1a: Arceus|Arceus-Poison, L70|284/284\n|turn|19\n|c|\u2606cuerodeolancho|there is a wake right there\n|c|\u2606YveltalNL|who literally loses 100% of the time\n|c|\u2606YveltalNL|i can't do anything to you\n|c|\u2606cuerodeolancho|u can pp stall w sun\n|inactive|cuerodeolancho has 120 seconds left.\n|c|\u2606YveltalNL|nah\n|\n|t:|1781450233\n|move|p1a: Arceus|Swords Dance|p1a: Arceus\n|-boost|p1a: Arceus|atk|2\n|cant|p2a: Suicune|slp\n|move|p2a: Suicune|Sleep Talk|p2a: Suicune\n|move|p2a: Suicune|Rest||[from] move: Sleep Talk|[still]\n|-fail|p2a: Suicune\n|\n|upkeep\n|turn|20\n|c|\u2606YveltalNL|you just go +6 get one burn sit there\n|c|\u2606YveltalNL|im LO i kill myself quick\n|\n|t:|1781450248\n|-terastallize|p1a: Arceus|Ground\n|move|p1a: Arceus|Earthquake|p2a: Suicune\n|-damage|p2a: Suicune|162/298 slp\n|-curestatus|p2a: Suicune|slp|[msg]\n|move|p2a: Suicune|Scald|p1a: Arceus\n|-supereffective|p1a: Arceus\n|-damage|p1a: Arceus|0 fnt\n|faint|p1a: Arceus\n|\n|-heal|p2a: Suicune|180/298|[from] item: Leftovers\n|upkeep\n|-message|YveltalNL forfeited.\n|\n|win|cuerodeolancho\n", "uploadtime": 1781450059, "views": 3, "formatid": "gen9randombattle", "rating": null, "private": 0, "password": null}