{"id": "gen9randombattle-2631782563", "format": "[Gen 9] Random Battle", "players": ["kokkoboi", "Dmacriz"], "log": "|j|\u2606kokkoboi\n|j|\u2606Dmacriz\n|t:|1781438890\n|gametype|singles\n|player|p1|kokkoboi|wattson|1610\n|player|p2|Dmacriz|cyrus|1549\n|gen|9\n|tier|[Gen 9] Random Battle\n|rated|\n|rule|Species Clause: Limit one of each Pok\u00e9mon\n|rule|HP Percentage Mod: HP is shown in percentages\n|rule|Sleep Clause Mod: Limit one foe put to sleep\n|rule|Illusion Level Mod: Illusion disguises the Pok\u00e9mon's true level\n|\n|t:|1781438890\n|teamsize|p1|6\n|teamsize|p2|6\n|start\n|switch|p1a: Ogerpon|Ogerpon, L80, F|259/259\n|switch|p2a: Polteageist|Polteageist, L78|222/222\n|turn|1\n|inactive|Battle timer is ON: inactive players will automatically lose when time's up. (requested by kokkoboi)\n|\n|t:|1781438909\n|move|p1a: Ogerpon|Knock Off|p2a: Polteageist\n|-supereffective|p2a: Polteageist\n|-damage|p2a: Polteageist|0 fnt\n|-start|p1a: Ogerpon|Disable|Knock Off|[from] ability: Cursed Body|[of] p2a: Polteageist\n|-enditem|p2a: Polteageist|White Herb|[from] move: Knock Off|[of] p1a: Ogerpon\n|faint|p2a: Polteageist\n|-damage|p1a: Ogerpon|234/259|[from] item: Life Orb\n|\n|upkeep\n|\n|t:|1781438922\n|switch|p2a: Cinderace|Cinderace, L77, M|249/249\n|turn|2\n|\n|t:|1781438930\n|switch|p1a: Golem|Golem-Alola, L93, M|300/300\n|move|p2a: Cinderace|U-turn|p1a: Golem\n|-start|p2a: Cinderace|typechange|Bug|[from] ability: Libero\n|-damage|p1a: Golem|231/300\n|\n|t:|1781438943\n|switch|p2a: Ting-Lu|Ting-Lu, L78|370/370|[from] U-turn\n|-ability|p2a: Ting-Lu|Vessel of Ruin\n|\n|upkeep\n|turn|3\n|\n|t:|1781438950\n|switch|p1a: Iron Jugulis|Iron Jugulis, L77|271/271\n|move|p2a: Ting-Lu|Stealth Rock|p1a: Iron Jugulis\n|-sidestart|p1: kokkoboi|move: Stealth Rock\n|\n|upkeep\n|turn|4\n|\n|t:|1781438968\n|move|p1a: Iron Jugulis|Hurricane|p2a: Ting-Lu\n|-damage|p2a: Ting-Lu|259/370\n|move|p2a: Ting-Lu|Whirlwind|p1a: Iron Jugulis\n|-end|p1a: Iron Jugulis|Quark Drive|[silent]\n|drag|p1a: Duraludon|Duraludon, L82, M|249/249\n|-damage|p1a: Duraludon|234/249|[from] Stealth Rock\n|\n|-heal|p2a: Ting-Lu|282/370|[from] item: Leftovers\n|upkeep\n|turn|5\n|\n|t:|1781438979\n|move|p1a: Duraludon|Body Press|p2a: Ting-Lu\n|-supereffective|p2a: Ting-Lu\n|-damage|p2a: Ting-Lu|188/370\n|move|p2a: Ting-Lu|Whirlwind|p1a: Duraludon\n|drag|p1a: Iron Jugulis|Iron Jugulis, L77|271/271\n|-damage|p1a: Iron Jugulis|204/271|[from] Stealth Rock\n|\n|-heal|p2a: Ting-Lu|211/370|[from] item: Leftovers\n|upkeep\n|turn|6\n|\n|t:|1781438990\n|move|p1a: Iron Jugulis|Hurricane|p2a: Ting-Lu|[miss]\n|-miss|p1a: Iron Jugulis|p2a: Ting-Lu\n|move|p2a: Ting-Lu|Whirlwind|p1a: Iron Jugulis\n|-end|p1a: Iron Jugulis|Quark Drive|[silent]\n|drag|p1a: Ogerpon|Ogerpon, L80, F|234/259\n|-damage|p1a: Ogerpon|202/259|[from] Stealth Rock\n|\n|-heal|p2a: Ting-Lu|234/370|[from] item: Leftovers\n|upkeep\n|turn|7\n|\n|t:|1781439002\n|switch|p2a: Galvantula|Galvantula, L82, M|249/249\n|move|p1a: Ogerpon|Ivy Cudgel|p2a: Galvantula\n|-resisted|p2a: Galvantula\n|-crit|p2a: Galvantula\n|-damage|p2a: Galvantula|93/249\n|-damage|p1a: Ogerpon|177/259|[from] item: Life Orb\n|\n|upkeep\n|turn|8\n|inactive|kokkoboi has 120 seconds left.\n|inactive|kokkoboi has 90 seconds left.\n|\n|t:|1781439082\n|switch|p1a: Golem|Golem-Alola, L93, M|231/300\n|-damage|p1a: Golem|194/300|[from] Stealth Rock\n|move|p2a: Galvantula|Sticky Web|p1a: Golem\n|-sidestart|p1: kokkoboi|move: Sticky Web\n|\n|upkeep\n|turn|9\n|\n|t:|1781439095\n|switch|p2a: Golurk|Golurk, L87|297/297\n|move|p1a: Golem|Earthquake|p2a: Golurk\n|-damage|p2a: Golurk|148/297\n|-damage|p1a: Golem|164/300|[from] item: Life Orb\n|\n|upkeep\n|turn|10\n|\n|t:|1781439114\n|switch|p1a: Ogerpon|Ogerpon, L80, F|177/259\n|-damage|p1a: Ogerpon|145/259|[from] Stealth Rock\n|-activate|p1a: Ogerpon|move: Sticky Web\n|-unboost|p1a: Ogerpon|spe|1\n|-ability|p1a: Ogerpon|Defiant|boost\n|-boost|p1a: Ogerpon|atk|2\n|move|p2a: Golurk|Dynamic Punch|p1a: Ogerpon\n|-crit|p1a: Ogerpon\n|-damage|p1a: Ogerpon|0 fnt\n|faint|p1a: Ogerpon\n|\n|upkeep\n|\n|t:|1781439119\n|switch|p1a: Darkrai|Darkrai, L77|234/234\n|-damage|p1a: Darkrai|205/234|[from] Stealth Rock\n|-activate|p1a: Darkrai|move: Sticky Web\n|-unboost|p1a: Darkrai|spe|1\n|turn|11\n|\n|t:|1781439133\n|move|p1a: Darkrai|Dark Pulse|p2a: Golurk\n|-supereffective|p2a: Golurk\n|-damage|p2a: Golurk|0 fnt\n|faint|p2a: Golurk\n|\n|-heal|p1a: Darkrai|219/234|[from] item: Leftovers\n|upkeep\n|\n|t:|1781439153\n|switch|p2a: Cinderace|Cinderace, L77, M|249/249\n|turn|12\n|\n|t:|1781439165\n|move|p2a: Cinderace|U-turn|p1a: Darkrai\n|-start|p2a: Cinderace|typechange|Bug|[from] ability: Libero\n|-supereffective|p1a: Darkrai\n|-damage|p1a: Darkrai|0 fnt\n|faint|p1a: Darkrai\n|\n|t:|1781439172\n|switch|p2a: Ting-Lu|Ting-Lu, L78|234/370|[from] U-turn\n|-ability|p2a: Ting-Lu|Vessel of Ruin\n|\n|-heal|p2a: Ting-Lu|257/370|[from] item: Leftovers\n|upkeep\n|inactive|kokkoboi has 90 seconds left.\n|\n|t:|1781439188\n|switch|p1a: Iron Jugulis|Iron Jugulis, L77|204/271\n|-damage|p1a: Iron Jugulis|137/271|[from] Stealth Rock\n|turn|13\n|\n|t:|1781439195\n|move|p1a: Iron Jugulis|Hurricane|p2a: Ting-Lu\n|-damage|p2a: Ting-Lu|161/370\n|move|p2a: Ting-Lu|Whirlwind|p1a: Iron Jugulis\n|-end|p1a: Iron Jugulis|Quark Drive|[silent]\n|drag|p1a: Golem|Golem-Alola, L93, M|164/300\n|-damage|p1a: Golem|127/300|[from] Stealth Rock\n|-activate|p1a: Golem|move: Sticky Web\n|-unboost|p1a: Golem|spe|1\n|\n|-heal|p2a: Ting-Lu|184/370|[from] item: Leftovers\n|upkeep\n|turn|14\n|\n|t:|1781439207\n|move|p2a: Ting-Lu|Earthquake|p1a: Golem\n|-supereffective|p1a: Golem\n|-damage|p1a: Golem|0 fnt\n|faint|p1a: Golem\n|\n|-heal|p2a: Ting-Lu|207/370|[from] item: Leftovers\n|upkeep\n|\n|t:|1781439219\n|switch|p1a: Victreebel|Victreebel, L90, M|290/290\n|-damage|p1a: Victreebel|254/290|[from] Stealth Rock\n|-activate|p1a: Victreebel|move: Sticky Web\n|-unboost|p1a: Victreebel|spe|1\n|turn|15\n|\n|t:|1781439226\n|switch|p2a: Galvantula|Galvantula, L82, M|93/249\n|move|p1a: Victreebel|Power Whip|p2a: Galvantula\n|-resisted|p2a: Galvantula\n|-crit|p2a: Galvantula\n|-damage|p2a: Galvantula|0 fnt\n|faint|p2a: Galvantula\n|-damage|p1a: Victreebel|225/290|[from] item: Life Orb\n|\n|upkeep\n|\n|t:|1781439237\n|switch|p2a: Cinderace|Cinderace, L77, M|249/249\n|turn|16\n|\n|t:|1781439246\n|move|p2a: Cinderace|High Jump Kick|p1a: Victreebel\n|-start|p2a: Cinderace|typechange|Fighting|[from] ability: Libero\n|-resisted|p1a: Victreebel\n|-crit|p1a: Victreebel\n|-damage|p1a: Victreebel|51/290\n|move|p1a: Victreebel|Sludge Wave|p2a: Cinderace\n|-damage|p2a: Cinderace|66/249\n|-damage|p1a: Victreebel|22/290|[from] item: Life Orb\n|\n|upkeep\n|turn|17\n|\n|t:|1781439262\n|switch|p2a: Manaphy|Manaphy, L78|284/284\n|move|p1a: Victreebel|Sludge Wave|p2a: Manaphy\n|-damage|p2a: Manaphy|123/284\n|-damage|p1a: Victreebel|0 fnt|[from] item: Life Orb\n|faint|p1a: Victreebel\n|\n|-heal|p2a: Manaphy|140/284|[from] item: Leftovers\n|upkeep\n|inactive|kokkoboi has 120 seconds left.\n|\n|t:|1781439304\n|switch|p1a: Duraludon|Duraludon, L82, M|234/249\n|-damage|p1a: Duraludon|219/249|[from] Stealth Rock\n|-activate|p1a: Duraludon|move: Sticky Web\n|-unboost|p1a: Duraludon|spe|1\n|turn|18\n|\n|t:|1781439314\n|move|p2a: Manaphy|Ice Beam|p1a: Duraludon\n|-crit|p1a: Duraludon\n|-damage|p1a: Duraludon|131/249\n|move|p1a: Duraludon|Draco Meteor|p2a: Manaphy\n|-damage|p2a: Manaphy|0 fnt\n|-unboost|p1a: Duraludon|spa|2\n|faint|p2a: Manaphy\n|\n|upkeep\n|\n|t:|1781439325\n|switch|p2a: Ting-Lu|Ting-Lu, L78|207/370\n|-ability|p2a: Ting-Lu|Vessel of Ruin\n|turn|19\n|\n|t:|1781439332\n|move|p1a: Duraludon|Body Press|p2a: Ting-Lu\n|-supereffective|p2a: Ting-Lu\n|-damage|p2a: Ting-Lu|103/370\n|move|p2a: Ting-Lu|Whirlwind|p1a: Duraludon\n|drag|p1a: Iron Jugulis|Iron Jugulis, L77|137/271\n|-damage|p1a: Iron Jugulis|70/271|[from] Stealth Rock\n|\n|-heal|p2a: Ting-Lu|126/370|[from] item: Leftovers\n|upkeep\n|turn|20\n|inactive|kokkoboi has 120 seconds left.\n|\n|t:|1781439344\n|move|p1a: Iron Jugulis|Earth Power|p2a: Ting-Lu\n|-damage|p2a: Ting-Lu|74/370\n|move|p2a: Ting-Lu|Whirlwind|p1a: Iron Jugulis\n|-end|p1a: Iron Jugulis|Quark Drive|[silent]\n|drag|p1a: Duraludon|Duraludon, L82, M|131/249\n|-damage|p1a: Duraludon|116/249|[from] Stealth Rock\n|-activate|p1a: Duraludon|move: Sticky Web\n|-unboost|p1a: Duraludon|spe|1\n|\n|-heal|p2a: Ting-Lu|97/370|[from] item: Leftovers\n|upkeep\n|turn|21\n|\n|t:|1781439355\n|move|p1a: Duraludon|Body Press|p2a: Ting-Lu\n|-supereffective|p2a: Ting-Lu\n|-damage|p2a: Ting-Lu|0 fnt\n|faint|p2a: Ting-Lu\n|\n|upkeep\n|\n|t:|1781439361\n|switch|p2a: Cinderace|Cinderace, L77, M|66/249\n|turn|22\n|\n|t:|1781439376\n|-terastallize|p2a: Cinderace|Fire\n|-terastallize|p1a: Duraludon|Fighting\n|move|p2a: Cinderace|Pyro Ball|p1a: Duraludon\n|-damage|p1a: Duraludon|0 fnt\n|faint|p1a: Duraludon\n|\n|upkeep\n|\n|t:|1781439384\n|switch|p1a: Iron Jugulis|Iron Jugulis, L77|70/271\n|-damage|p1a: Iron Jugulis|3/271|[from] Stealth Rock\n|turn|23\n|\n|t:|1781439388\n|move|p2a: Cinderace|Pyro Ball|p1a: Iron Jugulis\n|-damage|p1a: Iron Jugulis|0 fnt\n|faint|p1a: Iron Jugulis\n|-end|p1a: Iron Jugulis|Quark Drive|[silent]\n|\n|win|Dmacriz\n|raw|kokkoboi's rating: 1610 &rarr; <strong>1587</strong><br />(-23 for losing)\n|raw|Dmacriz's rating: 1549 &rarr; <strong>1572</strong><br />(+23 for winning)\n", "inputlog": ">version a8376a258c1d4662feba110a92103f3664a72141\n>start {\"formatid\":\"gen9randombattle\",\"seed\":\"sodium,f4b68e0e861031bddfde13417903f8e0\",\"rated\":\"Rated battle\"}\n>player p1 {\"name\":\"kokkoboi\",\"avatar\":\"wattson\",\"rating\":1610,\"seed\":\"sodium,8966cfddd240d87cdb1345fef65a612a\"}\n>player p2 {\"name\":\"Dmacriz\",\"avatar\":\"cyrus\",\"rating\":1549,\"seed\":\"sodium,0e915c7179d51a3dc2e5dedb6f9411f5\"}\n>p1 move knockoff\n>p2 move shellsmash\n>p2 switch 4\n>p1 switch 6\n>p2 move uturn\n>p2 switch 5\n>p1 switch 2\n>p2 move stealthrock\n>p1 move hurricane\n>p2 move whirlwind\n>p1 move bodypress\n>p2 move whirlwind\n>p1 move hurricane\n>p2 move whirlwind\n>p1 move ivycudgel\n>p2 switch 6\n>p1 switch 2\n>p2 move stickyweb\n>p1 move earthquake\n>p2 switch 3\n>p1 switch 2\n>p2 move dynamicpunch\n>p1 switch 4\n>p1 move darkpulse\n>p2 move dynamicpunch\n>p2 switch 5\n>p1 move darkpulse\n>p2 move uturn\n>p2 switch 6\n>p1 switch 6\n>p1 move hurricane\n>p2 move whirlwind\n>p1 move earthquake\n>p2 move earthquake\n>p1 switch 5\n>p1 move powerwhip\n>p2 switch 3\n>p2 switch 6\n>p1 move sludgewave\n>p2 move highjumpkick\n>p1 move sludgewave\n>p2 switch 2\n>p1 switch 3\n>p1 move dracometeor\n>p2 move icebeam\n>p2 switch 3\n>p1 move bodypress\n>p2 move whirlwind\n>p1 move earthpower\n>p2 move whirlwind\n>p1 move bodypress\n>p2 move earthquake\n>p2 switch 2\n>p1 move bodypress terastallize\n>p2 move pyroball terastallize\n>p1 switch 2\n>p1 move earthpower\n>p2 move pyroball", "uploadtime": 1781439390, "views": 3, "formatid": "gen9randombattle", "rating": 1572, "private": 0, "password": null}