{"id": "gen9randombattle-2631452449", "format": "[Gen 9] Random Battle", "players": ["DAWARDEN", "Aalegom"], "log": "|j|\u2606DAWARDEN\n|j|\u2606Aalegom\n|t:|1781386424\n|gametype|singles\n|player|p1|DAWARDEN|170|1118\n|player|p2|Aalegom|grimsley|1166\n|gen|9\n|tier|[Gen 9] Random Battle\n|rated|\n|rule|Species Clause: Limit one of each Pok\u00e9mon\n|rule|HP Percentage Mod: HP is shown in percentages\n|rule|Sleep Clause Mod: Limit one foe put to sleep\n|rule|Illusion Level Mod: Illusion disguises the Pok\u00e9mon's true level\n|\n|t:|1781386424\n|teamsize|p1|6\n|teamsize|p2|6\n|start\n|switch|p1a: Dondozo|Dondozo, L78, M|362/362\n|switch|p2a: Crabominable|Crabominable, L90, F|321/321\n|turn|1\n|inactive|Battle timer is ON: inactive players will automatically lose when time's up. (requested by DAWARDEN)\n|c|\u2606DAWARDEN|GET A MOVE ON\n|\n|t:|1781386511\n|switch|p2a: Quagsire|Quagsire, L84, M|297/297\n|move|p1a: Dondozo|Curse|p1a: Dondozo\n|-unboost|p1a: Dondozo|spe|1\n|-boost|p1a: Dondozo|atk|1\n|-boost|p1a: Dondozo|def|1\n|\n|upkeep\n|turn|2\n|inactive|DAWARDEN has 120 seconds left.\n|\n|t:|1781386548\n|move|p2a: Quagsire|Toxic|p1a: Dondozo\n|-status|p1a: Dondozo|tox\n|move|p1a: Dondozo|Wave Crash|p2a: Quagsire\n|-damage|p2a: Quagsire|179/297\n|-damage|p1a: Dondozo|323/362 tox|[from] Recoil\n|\n|-heal|p2a: Quagsire|197/297|[from] item: Leftovers\n|-heal|p1a: Dondozo|345/362 tox|[from] item: Leftovers\n|-damage|p1a: Dondozo|323/362 tox|[from] psn\n|upkeep\n|turn|3\n|inactive|DAWARDEN has 120 seconds left.\n|\n|t:|1781386563\n|move|p2a: Quagsire|Earthquake|p1a: Dondozo\n|-damage|p1a: Dondozo|241/362 tox\n|move|p1a: Dondozo|Rest|p1a: Dondozo\n|-status|p1a: Dondozo|slp|[from] move: Rest\n|-heal|p1a: Dondozo|362/362 slp|[silent]\n|\n|-heal|p2a: Quagsire|215/297|[from] item: Leftovers\n|upkeep\n|turn|4\n|inactive|DAWARDEN has 120 seconds left.\n|\n|t:|1781386574\n|move|p2a: Quagsire|Recover|p2a: Quagsire\n|-heal|p2a: Quagsire|297/297\n|cant|p1a: Dondozo|slp\n|move|p1a: Dondozo|Sleep Talk|p1a: Dondozo\n|move|p1a: Dondozo|Wave Crash|p2a: Quagsire|[from] move: Sleep Talk\n|-damage|p2a: Quagsire|188/297\n|-damage|p1a: Dondozo|326/362 slp|[from] Recoil\n|\n|-heal|p2a: Quagsire|206/297|[from] item: Leftovers\n|-heal|p1a: Dondozo|348/362 slp|[from] item: Leftovers\n|upkeep\n|turn|5\n|inactive|DAWARDEN has 120 seconds left.\n|\n|t:|1781386586\n|switch|p2a: Skuntank|Skuntank, L84, M|310/310\n|cant|p1a: Dondozo|slp\n|move|p1a: Dondozo|Sleep Talk|p1a: Dondozo\n|move|p1a: Dondozo|Wave Crash|p2a: Skuntank|[from] move: Sleep Talk\n|-damage|p2a: Skuntank|88/310\n|-damage|p1a: Dondozo|275/362 slp|[from] Recoil\n|\n|-heal|p2a: Skuntank|107/310|[from] item: Leftovers\n|-heal|p1a: Dondozo|297/362 slp|[from] item: Leftovers\n|upkeep\n|turn|6\n|inactive|DAWARDEN has 120 seconds left.\n|\n|t:|1781386609\n|-terastallize|p1a: Dondozo|Dragon\n|move|p2a: Skuntank|Toxic Spikes|p1a: Dondozo\n|-sidestart|p1: DAWARDEN|move: Toxic Spikes\n|-curestatus|p1a: Dondozo|slp|[msg]\n|move|p1a: Dondozo|Wave Crash|p2a: Skuntank\n|-damage|p2a: Skuntank|0 fnt\n|-damage|p1a: Dondozo|207/362|[from] ability: Aftermath|[of] p2a: Skuntank\n|faint|p2a: Skuntank\n|-damage|p1a: Dondozo|172/362|[from] Recoil\n|\n|-heal|p1a: Dondozo|194/362|[from] item: Leftovers\n|upkeep\n|\n|t:|1781386617\n|switch|p2a: Quagsire|Quagsire, L84, M|206/297\n|turn|7\n|\n|t:|1781386623\n|move|p2a: Quagsire|Recover|p2a: Quagsire\n|-heal|p2a: Quagsire|297/297\n|move|p1a: Dondozo|Rest|p1a: Dondozo\n|-status|p1a: Dondozo|slp|[from] move: Rest\n|-heal|p1a: Dondozo|362/362 slp|[silent]\n|\n|upkeep\n|turn|8\n|inactive|DAWARDEN has 120 seconds left.\n|\n|t:|1781386651\n|switch|p2a: Oinkologne|Oinkologne, L92, M|352/352\n|cant|p1a: Dondozo|slp\n|move|p1a: Dondozo|Sleep Talk|p1a: Dondozo\n|move|p1a: Dondozo|Rest||[from] move: Sleep Talk|[still]\n|-fail|p1a: Dondozo\n|\n|upkeep\n|turn|9\n|\n|t:|1781386661\n|move|p2a: Oinkologne|Double-Edge|p1a: Dondozo\n|-damage|p1a: Dondozo|272/362 slp\n|-damage|p2a: Oinkologne|322/352|[from] Recoil\n|cant|p1a: Dondozo|slp\n|move|p1a: Dondozo|Sleep Talk|p1a: Dondozo\n|move|p1a: Dondozo|Rest||[from] move: Sleep Talk|[still]\n|-fail|p1a: Dondozo\n|\n|-heal|p2a: Oinkologne|344/352|[from] item: Leftovers\n|-heal|p1a: Dondozo|294/362 slp|[from] item: Leftovers\n|upkeep\n|turn|10\n|inactive|DAWARDEN has 120 seconds left.\n|\n|t:|1781386687\n|move|p2a: Oinkologne|Double-Edge|p1a: Dondozo\n|-damage|p1a: Dondozo|197/362 slp\n|-damage|p2a: Oinkologne|312/352|[from] Recoil\n|-curestatus|p1a: Dondozo|slp|[msg]\n|move|p1a: Dondozo|Curse|p1a: Dondozo\n|-unboost|p1a: Dondozo|spe|1\n|-boost|p1a: Dondozo|atk|1\n|-boost|p1a: Dondozo|def|1\n|\n|-heal|p2a: Oinkologne|334/352|[from] item: Leftovers\n|-heal|p1a: Dondozo|219/362|[from] item: Leftovers\n|upkeep\n|turn|11\n|\n|t:|1781386697\n|move|p2a: Oinkologne|Lash Out|p1a: Dondozo\n|-damage|p1a: Dondozo|192/362\n|move|p1a: Dondozo|Rest|p1a: Dondozo\n|-status|p1a: Dondozo|slp|[from] move: Rest\n|-heal|p1a: Dondozo|362/362 slp|[silent]\n|\n|-heal|p2a: Oinkologne|352/352|[from] item: Leftovers\n|upkeep\n|turn|12\n|\n|t:|1781386710\n|move|p2a: Oinkologne|Curse|p2a: Oinkologne\n|-unboost|p2a: Oinkologne|spe|1\n|-boost|p2a: Oinkologne|atk|1\n|-boost|p2a: Oinkologne|def|1\n|cant|p1a: Dondozo|slp\n|move|p1a: Dondozo|Sleep Talk|p1a: Dondozo\n|move|p1a: Dondozo|Curse|p1a: Dondozo|[from] move: Sleep Talk\n|-unboost|p1a: Dondozo|spe|1\n|-boost|p1a: Dondozo|atk|1\n|-boost|p1a: Dondozo|def|1\n|\n|upkeep\n|turn|13\n|\n|t:|1781386722\n|move|p2a: Oinkologne|Curse|p2a: Oinkologne\n|-unboost|p2a: Oinkologne|spe|1\n|-boost|p2a: Oinkologne|atk|1\n|-boost|p2a: Oinkologne|def|1\n|cant|p1a: Dondozo|slp\n|move|p1a: Dondozo|Sleep Talk|p1a: Dondozo\n|move|p1a: Dondozo|Wave Crash|p2a: Oinkologne|[from] move: Sleep Talk\n|-damage|p2a: Oinkologne|36/352\n|-damage|p1a: Dondozo|258/362 slp|[from] Recoil\n|\n|-heal|p2a: Oinkologne|58/352|[from] item: Leftovers\n|-heal|p1a: Dondozo|280/362 slp|[from] item: Leftovers\n|upkeep\n|turn|14\n|\n|t:|1781386745\n|move|p2a: Oinkologne|Lash Out|p1a: Dondozo\n|-damage|p1a: Dondozo|257/362 slp\n|-curestatus|p1a: Dondozo|slp|[msg]\n|move|p1a: Dondozo|Wave Crash|p2a: Oinkologne\n|-damage|p2a: Oinkologne|0 fnt\n|faint|p2a: Oinkologne\n|-damage|p1a: Dondozo|238/362|[from] Recoil\n|\n|-heal|p1a: Dondozo|260/362|[from] item: Leftovers\n|upkeep\n|\n|t:|1781386759\n|switch|p2a: Hoopa|Hoopa-Unbound, L80|259/259\n|turn|15\n|\n|t:|1781386769\n|-terastallize|p2a: Hoopa|Dark\n|move|p2a: Hoopa|Hyperspace Fury|p1a: Dondozo\n|-damage|p1a: Dondozo|154/362\n|-unboost|p2a: Hoopa|def|1\n|move|p1a: Dondozo|Wave Crash|p2a: Hoopa\n|-damage|p2a: Hoopa|0 fnt\n|faint|p2a: Hoopa\n|-damage|p1a: Dondozo|69/362|[from] Recoil\n|\n|-heal|p1a: Dondozo|91/362|[from] item: Leftovers\n|upkeep\n|\n|t:|1781386780\n|switch|p2a: Leafeon|Leafeon, L88, M|258/258\n|turn|16\n|inactive|DAWARDEN has 120 seconds left.\n|\n|t:|1781386791\n|move|p2a: Leafeon|Knock Off|p1a: Dondozo\n|-damage|p1a: Dondozo|55/362\n|-enditem|p1a: Dondozo|Leftovers|[from] move: Knock Off|[of] p2a: Leafeon\n|-damage|p2a: Leafeon|233/258|[from] item: Life Orb\n|move|p1a: Dondozo|Rest|p1a: Dondozo\n|-status|p1a: Dondozo|slp|[from] move: Rest\n|-heal|p1a: Dondozo|362/362 slp|[silent]\n|\n|upkeep\n|turn|17\n|inactive|DAWARDEN has 120 seconds left.\n|\n|t:|1781386803\n|move|p2a: Leafeon|Double-Edge|p1a: Dondozo\n|-damage|p1a: Dondozo|311/362 slp\n|-damage|p2a: Leafeon|216/258|[from] Recoil\n|-damage|p2a: Leafeon|191/258|[from] item: Life Orb\n|cant|p1a: Dondozo|slp\n|move|p1a: Dondozo|Sleep Talk|p1a: Dondozo\n|move|p1a: Dondozo|Wave Crash|p2a: Leafeon|[from] move: Sleep Talk\n|-resisted|p2a: Leafeon\n|-damage|p2a: Leafeon|85/258\n|-damage|p1a: Dondozo|276/362 slp|[from] Recoil\n|\n|upkeep\n|turn|18\n|inactive|DAWARDEN has 120 seconds left.\n|c|\u2606DAWARDEN|really?\n|c|\u2606DAWARDEN|double edge\n|\n|t:|1781386818\n|switch|p2a: Quagsire|Quagsire, L84, M|297/297\n|cant|p1a: Dondozo|slp\n|move|p1a: Dondozo|Sleep Talk|p1a: Dondozo\n|move|p1a: Dondozo|Curse|p1a: Dondozo|[from] move: Sleep Talk\n|-unboost|p1a: Dondozo|spe|1\n|-boost|p1a: Dondozo|atk|1\n|-boost|p1a: Dondozo|def|1\n|\n|upkeep\n|turn|19\n|inactive|DAWARDEN has 120 seconds left.\n|c|\u2606Aalegom|Trying things out\n|\n|t:|1781386834\n|move|p2a: Quagsire|Earthquake|p1a: Dondozo\n|-damage|p1a: Dondozo|191/362 slp\n|-curestatus|p1a: Dondozo|slp|[msg]\n|move|p1a: Dondozo|Wave Crash|p2a: Quagsire\n|-damage|p2a: Quagsire|173/297\n|-damage|p1a: Dondozo|150/362|[from] Recoil\n|\n|-heal|p2a: Quagsire|191/297|[from] item: Leftovers\n|upkeep\n|turn|20\n|c|\u2606DAWARDEN|Not a grass type special\n|inactive|DAWARDEN has 120 seconds left.\n|c|\u2606DAWARDEN|to avoid my heightened physical defense\n|\n|t:|1781386851\n|move|p2a: Quagsire|Recover|p2a: Quagsire\n|-heal|p2a: Quagsire|297/297\n|move|p1a: Dondozo|Rest|p1a: Dondozo\n|-status|p1a: Dondozo|slp|[from] move: Rest\n|-heal|p1a: Dondozo|362/362 slp|[silent]\n|\n|upkeep\n|turn|21\n|c|\u2606Aalegom|No specia'\n|c|\u2606DAWARDEN|Oh\n|c|\u2606Aalegom|Cause leafeon is a physical mon\n|\n|t:|1781386871\n|move|p2a: Quagsire|Ice Beam|p1a: Dondozo\n|-supereffective|p1a: Dondozo\n|-damage|p1a: Dondozo|242/362 slp\n|cant|p1a: Dondozo|slp\n|move|p1a: Dondozo|Sleep Talk|p1a: Dondozo\n|move|p1a: Dondozo|Curse|p1a: Dondozo|[from] move: Sleep Talk\n|-unboost|p1a: Dondozo|spe|1\n|-boost|p1a: Dondozo|atk|1\n|-boost|p1a: Dondozo|def|1\n|\n|upkeep\n|turn|22\n|c|\u2606DAWARDEN|Yeah I forgot that one\n|inactive|DAWARDEN has 120 seconds left.\n|\n|t:|1781386882\n|move|p2a: Quagsire|Ice Beam|p1a: Dondozo\n|-supereffective|p1a: Dondozo\n|-damage|p1a: Dondozo|110/362 slp\n|cant|p1a: Dondozo|slp\n|move|p1a: Dondozo|Sleep Talk|p1a: Dondozo\n|move|p1a: Dondozo|Curse|p1a: Dondozo|[from] move: Sleep Talk\n|-unboost|p1a: Dondozo|spe|1\n|-boost|p1a: Dondozo|atk|1\n|-boost|p1a: Dondozo|def|1\n|\n|upkeep\n|turn|23\n|inactive|DAWARDEN has 120 seconds left.\n|\n|t:|1781386895\n|move|p2a: Quagsire|Ice Beam|p1a: Dondozo\n|-supereffective|p1a: Dondozo\n|-damage|p1a: Dondozo|0 fnt\n|faint|p1a: Dondozo\n|\n|upkeep\n|\n|t:|1781386902\n|switch|p1a: Cacturne|Cacturne, L92, M|278/278\n|-status|p1a: Cacturne|psn\n|turn|24\n|inactive|DAWARDEN has 120 seconds left.\n|\n|t:|1781386907\n|switch|p2a: Leafeon|Leafeon, L88, M|85/258\n|move|p1a: Cacturne|Seed Bomb|p2a: Leafeon\n|-resisted|p2a: Leafeon\n|-damage|p2a: Leafeon|37/258\n|-damage|p1a: Cacturne|251/278 psn|[from] item: Life Orb\n|\n|-damage|p1a: Cacturne|217/278 psn|[from] psn\n|upkeep\n|turn|25\n|\n|t:|1781386917\n|move|p1a: Cacturne|Sucker Punch|p2a: Leafeon\n|-damage|p2a: Leafeon|0 fnt\n|faint|p2a: Leafeon\n|-damage|p1a: Cacturne|190/278 psn|[from] item: Life Orb\n|\n|-damage|p1a: Cacturne|156/278 psn|[from] psn\n|upkeep\n|\n|t:|1781386928\n|switch|p2a: Crabominable|Crabominable, L90, F|321/321\n|turn|26\n|\n|t:|1781386936\n|move|p1a: Cacturne|Sucker Punch|p2a: Crabominable\n|-resisted|p2a: Crabominable\n|-damage|p2a: Crabominable|248/321\n|-damage|p1a: Cacturne|129/278 psn|[from] item: Life Orb\n|move|p2a: Crabominable|Close Combat|p1a: Cacturne\n|-supereffective|p1a: Cacturne\n|-damage|p1a: Cacturne|0 fnt\n|-unboost|p2a: Crabominable|def|1\n|-unboost|p2a: Crabominable|spd|1\n|faint|p1a: Cacturne\n|\n|upkeep\n|\n|t:|1781386955\n|switch|p1a: Vigoroth|Vigoroth, L85, F|275/275\n|-status|p1a: Vigoroth|psn\n|turn|27\n|\n|t:|1781386963\n|move|p1a: Vigoroth|Bulk Up|p1a: Vigoroth\n|-boost|p1a: Vigoroth|atk|1\n|-boost|p1a: Vigoroth|def|1\n|move|p2a: Crabominable|Close Combat|p1a: Vigoroth\n|-supereffective|p1a: Vigoroth\n|-damage|p1a: Vigoroth|3/275 psn\n|-unboost|p2a: Crabominable|def|1\n|-unboost|p2a: Crabominable|spd|1\n|\n|-damage|p1a: Vigoroth|0 fnt|[from] psn\n|faint|p1a: Vigoroth\n|upkeep\n|\n|t:|1781386977\n|switch|p1a: Florges|Florges, L85, F|271/271\n|-status|p1a: Florges|psn\n|turn|28\n|\n|t:|1781386982\n|switch|p2a: Quagsire|Quagsire, L84, M|297/297\n|move|p1a: Florges|Moonblast|p2a: Quagsire\n|-damage|p2a: Quagsire|153/297\n|-unboost|p2a: Quagsire|spa|1\n|\n|-heal|p2a: Quagsire|171/297|[from] item: Leftovers\n|-damage|p1a: Florges|238/271 psn|[from] psn\n|upkeep\n|turn|29\n|\n|t:|1781387001\n|move|p1a: Florges|Moonblast|p2a: Quagsire\n|-damage|p2a: Quagsire|30/297\n|move|p2a: Quagsire|Recover|p2a: Quagsire\n|-heal|p2a: Quagsire|179/297\n|\n|-heal|p1a: Florges|254/271 psn|[from] item: Leftovers\n|-heal|p2a: Quagsire|197/297|[from] item: Leftovers\n|-damage|p1a: Florges|221/271 psn|[from] psn\n|upkeep\n|turn|30\n|\n|t:|1781387013\n|move|p1a: Florges|Moonblast|p2a: Quagsire\n|-damage|p2a: Quagsire|49/297\n|-unboost|p2a: Quagsire|spa|1\n|move|p2a: Quagsire|Recover|p2a: Quagsire\n|-heal|p2a: Quagsire|198/297\n|\n|-heal|p1a: Florges|237/271 psn|[from] item: Leftovers\n|-heal|p2a: Quagsire|216/297|[from] item: Leftovers\n|-damage|p1a: Florges|204/271 psn|[from] psn\n|upkeep\n|turn|31\n|\n|t:|1781387030\n|switch|p1a: Mamoswine|Mamoswine, L81, F|311/311\n|-status|p1a: Mamoswine|psn\n|switch|p2a: Crabominable|Crabominable, L90, F|248/321\n|\n|-damage|p1a: Mamoswine|273/311 psn|[from] psn\n|upkeep\n|turn|32\n|c|\u2606DAWARDEN|Gotta swap out otherwise you're gonna outlast me\n|\n|t:|1781387044\n|move|p1a: Mamoswine|Earthquake|p2a: Crabominable\n|-damage|p2a: Crabominable|70/321\n|move|p2a: Crabominable|Close Combat|p1a: Mamoswine\n|-supereffective|p1a: Mamoswine\n|-damage|p1a: Mamoswine|0 fnt\n|-unboost|p2a: Crabominable|def|1\n|-unboost|p2a: Crabominable|spd|1\n|faint|p1a: Mamoswine\n|\n|upkeep\n|\n|t:|1781387053\n|switch|p1a: Slowbro|Slowbro-Galar, L87, F|307/307\n|-sideend|p1: DAWARDEN|move: Toxic Spikes|[of] p1a: Slowbro\n|turn|33\n|c|\u2606Aalegom|Yeah\n|inactive|DAWARDEN has 120 seconds left.\n|\n|t:|1781387068\n|switch|p2a: Quagsire|Quagsire, L84, M|216/297\n|move|p1a: Slowbro|Fire Blast|p2a: Quagsire\n|-resisted|p2a: Quagsire\n|-damage|p2a: Quagsire|150/297\n|-status|p2a: Quagsire|brn\n|-damage|p1a: Slowbro|277/307|[from] item: Life Orb\n|\n|-heal|p2a: Quagsire|168/297 brn|[from] item: Leftovers\n|-damage|p2a: Quagsire|150/297 brn|[from] brn\n|upkeep\n|turn|34\n|inactive|DAWARDEN has 120 seconds left.\n|\n|t:|1781387095\n|move|p2a: Quagsire|Recover|p2a: Quagsire\n|-heal|p2a: Quagsire|297/297 brn\n|move|p1a: Slowbro|Trick Room|p1a: Slowbro\n|-fieldstart|move: Trick Room|[of] p1a: Slowbro\n|\n|-damage|p2a: Quagsire|279/297 brn|[from] brn\n|upkeep\n|turn|35\n|\n|t:|1781387115\n|move|p1a: Slowbro|Psychic|p2a: Quagsire\n|-damage|p2a: Quagsire|107/297 brn\n|-damage|p1a: Slowbro|247/307|[from] item: Life Orb\n|move|p2a: Quagsire|Earthquake|p1a: Slowbro\n|-supereffective|p1a: Slowbro\n|-damage|p1a: Slowbro|160/307\n|\n|-heal|p2a: Quagsire|125/297 brn|[from] item: Leftovers\n|-damage|p2a: Quagsire|107/297 brn|[from] brn\n|upkeep\n|turn|36\n|inactive|Aalegom has 120 seconds left.\n|\n|t:|1781387143\n|move|p1a: Slowbro|Psychic|p2a: Quagsire\n|-damage|p2a: Quagsire|0 fnt\n|faint|p2a: Quagsire\n|-damage|p1a: Slowbro|130/307|[from] item: Life Orb\n|\n|upkeep\n|\n|t:|1781387146\n|switch|p2a: Crabominable|Crabominable, L90, F|70/321\n|turn|37\n|\n|t:|1781387154\n|move|p1a: Slowbro|Psychic|p2a: Crabominable\n|-supereffective|p2a: Crabominable\n|-damage|p2a: Crabominable|0 fnt\n|faint|p2a: Crabominable\n|-damage|p1a: Slowbro|100/307|[from] item: Life Orb\n|\n|win|DAWARDEN\n|raw|DAWARDEN's rating: 1142 &rarr; <strong>1169</strong><br />(+27 for winning)\n|raw|Aalegom's rating: 1166 &rarr; <strong>1139</strong><br />(-27 for losing)\n|c|\u2606Aalegom|Gg\n|c|\u2606DAWARDEN|GG\n", "inputlog": ">version a8376a258c1d4662feba110a92103f3664a72141\n>start {\"formatid\":\"gen9randombattle\",\"seed\":\"sodium,80357d1def03fb1bd4bc862d9253642f\",\"rated\":\"Rated battle\"}\n>player p1 {\"name\":\"DAWARDEN\",\"avatar\":\"170\",\"rating\":1118,\"seed\":\"sodium,38893f5d7aec471138bdeb732774c876\"}\n>player p2 {\"name\":\"Aalegom\",\"avatar\":\"grimsley\",\"rating\":1166,\"seed\":\"sodium,a78d26e149fec06bf5001534faf66424\"}\n>chat \u2606DAWARDEN|GET A MOVE ON\n>p1 move curse\n>p2 switch 2\n>p1 move wavecrash\n>p2 move toxic\n>p1 move rest\n>p2 move earthquake\n>p1 move sleeptalk\n>p2 move recover\n>p1 move sleeptalk\n>p2 switch 4\n>p1 move wavecrash terastallize\n>p2 move toxicspikes\n>p2 switch 4\n>p1 move rest\n>p2 move recover\n>p1 move sleeptalk\n>p2 switch 3\n>p1 move sleeptalk\n>p2 move doubleedge\n>p1 move curse\n>p2 move doubleedge\n>p1 move rest\n>p2 move lashout\n>p1 move sleeptalk\n>p2 move curse\n>p1 move sleeptalk\n>p2 move curse\n>p1 move wavecrash\n>p2 move lashout\n>p2 switch 5\n>p1 move wavecrash\n>p2 move hyperspacefury terastallize\n>p2 switch 6\n>p1 move rest\n>p2 move knockoff\n>p1 move sleeptalk\n>p2 move doubleedge\n>chat \u2606DAWARDEN|really?\n>chat \u2606DAWARDEN|double edge\n>p1 move sleeptalk\n>p2 switch 3\n>chat \u2606Aalegom|Trying things out\n>p1 move wavecrash\n>p2 move earthquake\n>chat \u2606DAWARDEN|Not a grass type special\n>chat \u2606DAWARDEN|to avoid my heightened physical defense\n>p1 move rest\n>p2 move recover\n>chat \u2606Aalegom|No specia'\n>chat \u2606DAWARDEN|Oh\n>chat \u2606Aalegom|Cause leafeon is a physical mon\n>p1 move sleeptalk\n>p2 move icebeam\n>chat \u2606DAWARDEN|Yeah I forgot that one\n>p1 move sleeptalk\n>p2 move icebeam\n>p1 move rest\n>p2 move icebeam\n>p1 switch 2\n>p1 move seedbomb\n>p2 switch 3\n>p1 move suckerpunch\n>p2 move doubleedge\n>p2 switch 2\n>p1 move suckerpunch\n>p2 move closecombat\n>p1 switch 3\n>p1 move bulkup\n>p2 move closecombat\n>p1 switch 5\n>p1 move moonblast\n>p2 switch 3\n>p1 move moonblast\n>p2 move recover\n>p1 move moonblast\n>p2 move recover\n>p1 switch 4\n>p2 switch 3\n>chat \u2606DAWARDEN|Gotta swap out otherwise you're gonna outlast me\n>p1 move earthquake\n>p2 move closecombat\n>p1 switch 6\n>chat \u2606Aalegom|Yeah\n>p1 move fireblast\n>p2 switch 3\n>p1 move trickroom\n>p2 move recover\n>p1 move psychic\n>p2 move earthquake\n>p1 move psychic\n>p2 move recover\n>p2 switch 3\n>p1 move psychic\n>p2 move icehammer", "uploadtime": 1781387161, "views": 9, "formatid": "gen9randombattle", "rating": 1139, "private": 0, "password": null}