{"id": "gen9randombattle-2631771279", "format": "[Gen 9] Random Battle", "players": ["Chicken347", "UmbreonSolitario"], "log": "|j|\u2606Chicken347\n|j|\u2606UmbreonSolitario\n|t:|1781437107\n|gametype|singles\n|player|p1|Chicken347|101|2011\n|player|p2|UmbreonSolitario|1|1991\n|gen|9\n|tier|[Gen 9] Random Battle\n|rated|\n|rule|Species Clause: Limit one of each Pok\u00e9mon\n|rule|HP Percentage Mod: HP is shown in percentages\n|rule|Sleep Clause Mod: Limit one foe put to sleep\n|rule|Illusion Level Mod: Illusion disguises the Pok\u00e9mon's true level\n|\n|t:|1781437107\n|teamsize|p1|6\n|teamsize|p2|6\n|start\n|switch|p1a: Grimmsnarl|Grimmsnarl, L83, M|293/293\n|switch|p2a: Zarude|Zarude, L77|288/288\n|turn|1\n|\n|t:|1781437120\n|move|p1a: Grimmsnarl|Reflect|p1a: Grimmsnarl\n|-sidestart|p1: Chicken347|Reflect\n|move|p2a: Zarude|U-turn|p1a: Grimmsnarl\n|-damage|p1a: Grimmsnarl|244/293\n|inactive|Battle timer is ON: inactive players will automatically lose when time's up. (requested by Chicken347)\n|\n|t:|1781437134\n|switch|p2a: Palossand|Palossand, L89, F|296/296|[from] U-turn\n|\n|upkeep\n|turn|2\n|\n|t:|1781437149\n|switch|p1a: Glalie|Glalie, L96, F|309/309\n|move|p2a: Palossand|Sludge Bomb|p1a: Glalie\n|-damage|p1a: Glalie|240/309\n|-status|p1a: Glalie|psn\n|\n|-damage|p1a: Glalie|202/309 psn|[from] psn\n|upkeep\n|turn|3\n|\n|t:|1781437160\n|move|p1a: Glalie|Spikes|p2a: Palossand\n|-sidestart|p2: UmbreonSolitario|Spikes\n|move|p2a: Palossand|Earth Power|p1a: Glalie\n|-damage|p1a: Glalie|105/309 psn\n|\n|-damage|p1a: Glalie|67/309 psn|[from] psn\n|upkeep\n|turn|4\n|\n|t:|1781437171\n|move|p1a: Glalie|Spikes|p2a: Palossand\n|-sidestart|p2: UmbreonSolitario|Spikes\n|move|p2a: Palossand|Shore Up|p2a: Palossand\n|-fail|p2a: Palossand|heal\n|\n|-damage|p1a: Glalie|29/309 psn|[from] psn\n|upkeep\n|turn|5\n|\n|t:|1781437184\n|move|p1a: Glalie|Freeze-Dry|p2a: Palossand\n|-supereffective|p2a: Palossand\n|-damage|p2a: Palossand|114/296\n|move|p2a: Palossand|Shore Up|p2a: Palossand\n|-heal|p2a: Palossand|262/296\n|\n|-heal|p2a: Palossand|280/296|[from] item: Leftovers\n|-damage|p1a: Glalie|0 fnt|[from] psn\n|faint|p1a: Glalie\n|upkeep\n|\n|t:|1781437192\n|switch|p1a: Rotom|Rotom-Fan, L86|226/226\n|turn|6\n|\n|t:|1781437197\n|move|p1a: Rotom|Nasty Plot|p1a: Rotom\n|-boost|p1a: Rotom|spa|2\n|move|p2a: Palossand|Shadow Ball|p1a: Rotom\n|-damage|p1a: Rotom|148/226\n|\n|-heal|p2a: Palossand|296/296|[from] item: Leftovers\n|upkeep\n|turn|7\n|\n|t:|1781437199\n|move|p1a: Rotom|Air Slash|p2a: Palossand\n|-crit|p2a: Palossand\n|-damage|p2a: Palossand|0 fnt\n|faint|p2a: Palossand\n|\n|upkeep\n|\n|t:|1781437211\n|switch|p2a: Raikou|Raikou, L81|278/278\n|-damage|p2a: Raikou|232/278|[from] Spikes\n|-ability|p2a: Raikou|Pressure\n|turn|8\n|\n|t:|1781437239\n|switch|p1a: Grimmsnarl|Grimmsnarl, L83, M|244/293\n|move|p2a: Raikou|Calm Mind|p2a: Raikou\n|-boost|p2a: Raikou|spa|1\n|-boost|p2a: Raikou|spd|1\n|\n|-heal|p2a: Raikou|249/278|[from] item: Leftovers\n|-sideend|p1: Chicken347|Reflect\n|upkeep\n|turn|9\n|\n|t:|1781437243\n|move|p1a: Grimmsnarl|Light Screen|p1a: Grimmsnarl\n|-sidestart|p1: Chicken347|move: Light Screen\n|move|p2a: Raikou|Thunderbolt|p1a: Grimmsnarl\n|-damage|p1a: Grimmsnarl|163/293\n|\n|-heal|p2a: Raikou|266/278|[from] item: Leftovers\n|upkeep\n|turn|10\n|\n|t:|1781437253\n|switch|p1a: Iron Crown|Iron Crown, L78|268/268\n|move|p2a: Raikou|Thunderbolt|p1a: Iron Crown\n|-damage|p1a: Iron Crown|205/268\n|\n|-heal|p2a: Raikou|278/278|[from] item: Leftovers\n|-heal|p1a: Iron Crown|221/268|[from] item: Leftovers\n|upkeep\n|turn|11\n|\n|t:|1781437257\n|move|p2a: Raikou|Shadow Ball|p1a: Iron Crown\n|-supereffective|p1a: Iron Crown\n|-damage|p1a: Iron Crown|137/268\n|-unboost|p1a: Iron Crown|spd|1\n|move|p1a: Iron Crown|Calm Mind|p1a: Iron Crown\n|-boost|p1a: Iron Crown|spa|1\n|-boost|p1a: Iron Crown|spd|1\n|\n|-heal|p1a: Iron Crown|153/268|[from] item: Leftovers\n|upkeep\n|turn|12\n|\n|t:|1781437267\n|move|p2a: Raikou|Shadow Ball|p1a: Iron Crown\n|-supereffective|p1a: Iron Crown\n|-damage|p1a: Iron Crown|77/268\n|move|p1a: Iron Crown|Psyshock|p2a: Raikou\n|-damage|p2a: Raikou|128/278\n|\n|-heal|p2a: Raikou|145/278|[from] item: Leftovers\n|-heal|p1a: Iron Crown|93/268|[from] item: Leftovers\n|upkeep\n|turn|13\n|\n|t:|1781437272\n|move|p2a: Raikou|Calm Mind|p2a: Raikou\n|-boost|p2a: Raikou|spa|1\n|-boost|p2a: Raikou|spd|1\n|move|p1a: Iron Crown|Psyshock|p2a: Raikou\n|-damage|p2a: Raikou|0 fnt\n|faint|p2a: Raikou\n|\n|-heal|p1a: Iron Crown|109/268|[from] item: Leftovers\n|upkeep\n|\n|t:|1781437283\n|switch|p2a: Zarude|Zarude, L77|288/288\n|-damage|p2a: Zarude|240/288|[from] Spikes\n|turn|14\n|\n|t:|1781437303\n|move|p2a: Zarude|Power Whip|p1a: Iron Crown\n|-resisted|p1a: Iron Crown\n|-damage|p1a: Iron Crown|13/268\n|move|p1a: Iron Crown|Focus Blast|p2a: Zarude|[miss]\n|-miss|p1a: Iron Crown|p2a: Zarude\n|\n|-heal|p1a: Iron Crown|29/268|[from] item: Leftovers\n|upkeep\n|turn|15\n|\n|t:|1781437306\n|move|p2a: Zarude|Power Whip|p1a: Iron Crown\n|-resisted|p1a: Iron Crown\n|-damage|p1a: Iron Crown|0 fnt\n|faint|p1a: Iron Crown\n|-end|p1a: Iron Crown|Quark Drive|[silent]\n|\n|upkeep\n|\n|t:|1781437309\n|switch|p1a: Rotom|Rotom-Fan, L86|148/226\n|turn|16\n|\n|t:|1781437316\n|move|p2a: Zarude|Power Whip|p1a: Rotom\n|-resisted|p1a: Rotom\n|-damage|p1a: Rotom|69/226\n|move|p1a: Rotom|Nasty Plot|p1a: Rotom\n|-boost|p1a: Rotom|spa|2\n|\n|-sideend|p1: Chicken347|move: Light Screen\n|upkeep\n|turn|17\n|\n|t:|1781437325\n|move|p2a: Zarude|Power Whip|p1a: Rotom\n|-resisted|p1a: Rotom\n|-damage|p1a: Rotom|0 fnt\n|faint|p1a: Rotom\n|\n|upkeep\n|\n|t:|1781437340\n|switch|p1a: Grimmsnarl|Grimmsnarl, L83, M|163/293\n|turn|18\n|\n|t:|1781437342\n|move|p1a: Grimmsnarl|Reflect|p1a: Grimmsnarl\n|-sidestart|p1: Chicken347|Reflect\n|move|p2a: Zarude|Power Whip|p1a: Grimmsnarl|[miss]\n|-miss|p2a: Zarude|p1a: Grimmsnarl\n|\n|upkeep\n|turn|19\n|\n|t:|1781437345\n|move|p2a: Zarude|Power Whip|p1a: Grimmsnarl\n|-damage|p1a: Grimmsnarl|44/293\n|move|p1a: Grimmsnarl|Spirit Break|p2a: Zarude\n|-supereffective|p2a: Zarude\n|-damage|p2a: Zarude|66/288\n|-unboost|p2a: Zarude|spa|1\n|\n|upkeep\n|turn|20\n|\n|t:|1781437349\n|move|p2a: Zarude|Power Whip|p1a: Grimmsnarl\n|-damage|p1a: Grimmsnarl|0 fnt\n|faint|p1a: Grimmsnarl\n|\n|upkeep\n|\n|t:|1781437361\n|switch|p1a: Quaquaval|Quaquaval, L79, F|264/264\n|turn|21\n|\n|t:|1781437374\n|-terastallize|p1a: Quaquaval|Steel\n|move|p2a: Zarude|Power Whip|p1a: Quaquaval\n|-resisted|p1a: Quaquaval\n|-damage|p1a: Quaquaval|213/264\n|move|p1a: Quaquaval|Aqua Step|p2a: Zarude\n|-resisted|p2a: Zarude\n|-damage|p2a: Zarude|27/288\n|-boost|p1a: Quaquaval|spe|1\n|\n|-heal|p1a: Quaquaval|229/264|[from] item: Leftovers\n|upkeep\n|turn|22\n|\n|t:|1781437385\n|switch|p2a: Conkeldurr|Conkeldurr, L80, F|299/299\n|-damage|p2a: Conkeldurr|250/299|[from] Spikes\n|move|p1a: Quaquaval|Aqua Step|p2a: Conkeldurr\n|-damage|p2a: Conkeldurr|160/299\n|-boost|p1a: Quaquaval|spe|1\n|\n|-heal|p1a: Quaquaval|245/264|[from] item: Leftovers\n|-status|p2a: Conkeldurr|brn|[from] item: Flame Orb\n|upkeep\n|turn|23\n|\n|t:|1781437395\n|switch|p2a: Zarude|Zarude, L77|27/288\n|-damage|p2a: Zarude|0 fnt|[from] Spikes\n|faint|p2a: Zarude\n|move|p1a: Quaquaval|Close Combat|p2: Zarude|[notarget]\n|-fail|p1a: Quaquaval\n|\n|-heal|p1a: Quaquaval|261/264|[from] item: Leftovers\n|upkeep\n|\n|t:|1781437406\n|switch|p2a: Frosmoth|Frosmoth, L82, M|249/249\n|turn|24\n|\n|t:|1781437414\n|move|p1a: Quaquaval|Close Combat|p2a: Frosmoth\n|-damage|p2a: Frosmoth|68/249\n|-unboost|p1a: Quaquaval|def|1\n|-unboost|p1a: Quaquaval|spd|1\n|move|p2a: Frosmoth|Ice Beam|p1a: Quaquaval\n|-resisted|p1a: Quaquaval\n|-damage|p1a: Quaquaval|166/264\n|\n|-heal|p1a: Quaquaval|182/264|[from] item: Leftovers\n|upkeep\n|turn|25\n|\n|t:|1781437421\n|move|p1a: Quaquaval|Aqua Step|p2a: Frosmoth\n|-damage|p2a: Frosmoth|0 fnt\n|-boost|p1a: Quaquaval|spe|1\n|faint|p2a: Frosmoth\n|-ability|p1a: Quaquaval|Moxie|boost\n|-boost|p1a: Quaquaval|atk|1\n|\n|-heal|p1a: Quaquaval|198/264|[from] item: Leftovers\n|-sideend|p1: Chicken347|Reflect\n|upkeep\n|\n|t:|1781437423\n|switch|p2a: Conkeldurr|Conkeldurr, L80, F|160/299 brn\n|-damage|p2a: Conkeldurr|111/299 brn|[from] Spikes\n|turn|26\n|\n|t:|1781437430\n|move|p2a: Conkeldurr|Mach Punch|p1a: Quaquaval\n|-supereffective|p1a: Quaquaval\n|-damage|p1a: Quaquaval|0 fnt\n|faint|p1a: Quaquaval\n|\n|-damage|p2a: Conkeldurr|93/299 brn|[from] brn\n|upkeep\n|\n|t:|1781437433\n|switch|p1a: Florges|Florges-Yellow, L85, F|271/271\n|turn|27\n|\n|t:|1781437440\n|move|p1a: Florges|Moonblast|p2a: Conkeldurr\n|-supereffective|p2a: Conkeldurr\n|-damage|p2a: Conkeldurr|0 fnt\n|faint|p2a: Conkeldurr\n|\n|upkeep\n|\n|t:|1781437441\n|switch|p2a: Spectrier|Spectrier, L75|274/274\n|-damage|p2a: Spectrier|229/274|[from] Spikes\n|turn|28\n|\n|t:|1781437448\n|move|p2a: Spectrier|Nasty Plot|p2a: Spectrier\n|-boost|p2a: Spectrier|spa|2\n|move|p1a: Florges|Moonblast|p2a: Spectrier\n|-damage|p2a: Spectrier|84/274\n|\n|-heal|p2a: Spectrier|101/274|[from] item: Leftovers\n|upkeep\n|turn|29\n|\n|t:|1781437456\n|move|p2a: Spectrier|Shadow Ball|p1a: Florges\n|-damage|p1a: Florges|154/271\n|-unboost|p1a: Florges|spd|1\n|move|p1a: Florges|Moonblast|p2a: Spectrier\n|-damage|p2a: Spectrier|0 fnt\n|faint|p2a: Spectrier\n|\n|win|Chicken347\n", "inputlog": ">version a8376a258c1d4662feba110a92103f3664a72141\n>start {\"formatid\":\"gen9randombattle\",\"seed\":\"sodium,96721d0337cc1fbaf00ecce01e6df57b\",\"rated\":\"Rated battle\"}\n>player p1 {\"name\":\"Chicken347\",\"avatar\":\"101\",\"rating\":2011,\"seed\":\"sodium,656ae3ccb2e3add00beab3c41fef8473\"}\n>player p2 {\"name\":\"UmbreonSolitario\",\"avatar\":\"1\",\"rating\":1991,\"seed\":\"sodium,e1f775cd603797c80237101439e408d7\"}\n>p1 move reflect\n>p2 move uturn\n>p2 switch 3\n>p1 switch 5\n>p2 move sludgebomb\n>p1 move spikes\n>p2 move earthpower\n>p1 move spikes\n>p2 move shoreup\n>p1 move freezedry\n>p2 move shoreup\n>p1 switch 2\n>p1 move nastyplot\n>p2 move shadowball\n>p1 move airslash\n>p2 move shadowball\n>p2 switch 6\n>p1 switch 5\n>p2 move calmmind\n>p1 move lightscreen\n>p2 move thunderbolt\n>p1 switch 6\n>p2 move thunderbolt\n>p1 move calmmind\n>p2 move shadowball\n>p1 move psyshock\n>p2 move shadowball\n>p1 move psyshock\n>p2 move calmmind\n>p2 switch 3\n>p1 move focusblast\n>p2 move powerwhip\n>p1 move focusblast\n>p2 move powerwhip\n>p1 switch 5\n>p1 move nastyplot\n>p2 move powerwhip\n>p1 move airslash\n>p2 move powerwhip\n>p1 switch 6\n>p1 move reflect\n>p2 move powerwhip\n>p1 move spiritbreak\n>p2 move powerwhip\n>p1 move spiritbreak\n>p2 move powerwhip\n>p1 switch 3\n>p1 move aquastep terastallize\n>p2 move powerwhip\n>p1 move aquastep\n>p2 switch 2\n>p1 move closecombat\n>p2 switch 2\n>p2 switch 4\n>p1 move closecombat\n>p2 move icebeam\n>p1 move aquastep\n>p2 move icebeam\n>p2 switch 2\n>p1 move closecombat\n>p2 move machpunch\n>p1 switch 4\n>p1 move moonblast\n>p2 move facade\n>p2 switch 5\n>p1 move moonblast\n>p2 move nastyplot\n>p1 move moonblast\n>p2 move shadowball", "uploadtime": 1781437109, "views": 7, "formatid": "gen9randombattle", "rating": null, "private": 0, "password": null}