{"id": "gen9randombattle-2631804938", "format": "[Gen 9] Random Battle", "players": ["igiveuponaname", "espeonagee"], "log": "|j|\u2606igiveuponaname\n|j|\u2606espeonagee\n|t:|1781442188\n|gametype|singles\n|player|p1|igiveuponaname|miku-fire|2213\n|player|p2|espeonagee|169|2223\n|gen|9\n|tier|[Gen 9] Random Battle\n|rated|\n|rule|Species Clause: Limit one of each Pok\u00e9mon\n|rule|HP Percentage Mod: HP is shown in percentages\n|rule|Sleep Clause Mod: Limit one foe put to sleep\n|rule|Illusion Level Mod: Illusion disguises the Pok\u00e9mon's true level\n|\n|t:|1781442188\n|teamsize|p1|6\n|teamsize|p2|6\n|start\n|switch|p1a: Porygon-Z|Porygon-Z, L83|277/277\n|switch|p2a: Oranguru|Oranguru, L92, F|315/315\n|-ability|p1a: Porygon-Z|Download|boost\n|-boost|p1a: Porygon-Z|atk|1\n|turn|1\n|inactive|Battle timer is ON: inactive players will automatically lose when time's up. (requested by igiveuponaname)\n|inactive|espeonagee has 120 seconds left.\n|\n|t:|1781442220\n|switch|p1a: Qwilfish|Qwilfish-Hisui, L83, F|244/244\n|-ability|p1a: Qwilfish|Intimidate|boost\n|-fail|p2a: Oranguru|unboost|Attack|[from] ability: Inner Focus|[of] p2a: Oranguru\n|move|p2a: Oranguru|Focus Blast|p1a: Qwilfish|[miss]\n|-miss|p2a: Oranguru|p1a: Qwilfish\n|\n|upkeep\n|turn|2\n|\n|t:|1781442229\n|switch|p2a: Kricketune|Kricketune, L99, M|312/312\n|move|p1a: Qwilfish|Toxic Spikes|p2a: Kricketune\n|-sidestart|p2: espeonagee|move: Toxic Spikes\n|\n|upkeep\n|turn|3\n|\n|t:|1781442236\n|move|p1a: Qwilfish|Taunt|p2a: Kricketune\n|-start|p2a: Kricketune|move: Taunt\n|cant|p2a: Kricketune|move: Taunt|Sticky Web\n|\n|upkeep\n|turn|4\n|\n|t:|1781442243\n|switch|p1a: Scyther|Scyther, L82, F|249/249\n|move|p2a: Kricketune|Pounce|p1a: Scyther\n|-resisted|p1a: Scyther\n|-damage|p1a: Scyther|192/249\n|-unboost|p1a: Scyther|spe|1\n|\n|upkeep\n|turn|5\n|\n|t:|1781442247\n|move|p2a: Kricketune|Knock Off|p1a: Scyther\n|-damage|p1a: Scyther|100/249\n|-enditem|p1a: Scyther|Heavy-Duty Boots|[from] move: Knock Off|[of] p2a: Kricketune\n|move|p1a: Scyther|Dual Wingbeat|p2a: Kricketune\n|-supereffective|p2a: Kricketune\n|-damage|p2a: Kricketune|136/312\n|-supereffective|p2a: Kricketune\n|-damage|p2a: Kricketune|0 fnt\n|faint|p2a: Kricketune\n|-hitcount|p2: Kricketune|2\n|\n|upkeep\n|\n|t:|1781442257\n|switch|p2a: Reshiram|Reshiram, L76|277/277\n|-ability|p2a: Reshiram|Turboblaze\n|turn|6\n|\n|t:|1781442274\n|move|p2a: Reshiram|Blue Flare|p1a: Scyther\n|-supereffective|p1a: Scyther\n|-damage|p1a: Scyther|0 fnt\n|faint|p1a: Scyther\n|\n|upkeep\n|\n|t:|1781442279\n|switch|p1a: Hypno|Hypno, L95, M|315/315\n|turn|7\n|inactive|espeonagee has 120 seconds left.\n|\n|t:|1781442313\n|move|p1a: Hypno|Toxic|p2a: Reshiram\n|-status|p2a: Reshiram|tox\n|move|p2a: Reshiram|Blue Flare|p1a: Hypno\n|-crit|p1a: Hypno\n|-damage|p1a: Hypno|155/315\n|\n|-heal|p1a: Hypno|174/315|[from] item: Leftovers\n|-damage|p2a: Reshiram|260/277 tox|[from] psn\n|upkeep\n|turn|8\n|\n|t:|1781442323\n|move|p1a: Hypno|Protect|p1a: Hypno\n|-singleturn|p1a: Hypno|Protect\n|move|p2a: Reshiram|Blue Flare|p1a: Hypno\n|-activate|p1a: Hypno|move: Protect\n|\n|-heal|p1a: Hypno|193/315|[from] item: Leftovers\n|-damage|p2a: Reshiram|226/277 tox|[from] psn\n|upkeep\n|turn|9\n|\n|t:|1781442328\n|move|p1a: Hypno|Psychic Noise|p2a: Reshiram\n|-damage|p2a: Reshiram|151/277 tox\n|-start|p2a: Reshiram|move: Heal Block\n|move|p2a: Reshiram|Blue Flare|p1a: Hypno\n|-damage|p1a: Hypno|67/315\n|\n|-heal|p1a: Hypno|86/315|[from] item: Leftovers\n|-damage|p2a: Reshiram|100/277 tox|[from] psn\n|upkeep\n|turn|10\n|\n|t:|1781442336\n|switch|p2a: Illumise|Illumise, L91, F|266/266\n|move|p1a: Hypno|Protect||[still]\n|-fail|p1a: Hypno\n|\n|-heal|p1a: Hypno|105/315|[from] item: Leftovers\n|upkeep\n|turn|11\n|\n|t:|1781442338\n|move|p1a: Hypno|Protect|p1a: Hypno\n|-singleturn|p1a: Hypno|Protect\n|move|p2a: Illumise|Bug Buzz|p1a: Hypno\n|-activate|p1a: Hypno|move: Protect\n|\n|-heal|p1a: Hypno|124/315|[from] item: Leftovers\n|upkeep\n|turn|12\n|\n|t:|1781442340\n|switch|p1a: Iron Treads|Iron Treads, L77|265/265\n|move|p2a: Illumise|Bug Buzz|p1a: Iron Treads\n|-resisted|p1a: Iron Treads\n|-damage|p1a: Iron Treads|226/265\n|\n|upkeep\n|turn|13\n|\n|t:|1781442345\n|move|p1a: Iron Treads|Knock Off|p2a: Illumise\n|-damage|p2a: Illumise|202/266\n|-enditem|p2a: Illumise|Heavy-Duty Boots|[from] move: Knock Off|[of] p1a: Iron Treads\n|move|p2a: Illumise|Bug Buzz|p1a: Iron Treads\n|-resisted|p1a: Iron Treads\n|-damage|p1a: Iron Treads|184/265\n|\n|upkeep\n|turn|14\n|\n|t:|1781442353\n|-end|p1a: Iron Treads|Quark Drive|[silent]\n|switch|p1a: Qwilfish|Qwilfish-Hisui, L83, F|244/244\n|-ability|p1a: Qwilfish|Intimidate|boost\n|-unboost|p2a: Illumise|atk|1\n|move|p2a: Illumise|Bug Buzz|p1a: Qwilfish\n|-damage|p1a: Qwilfish|159/244\n|\n|upkeep\n|turn|15\n|\n|t:|1781442356\n|switch|p1a: Iron Treads|Iron Treads, L77|184/265\n|move|p2a: Illumise|Bug Buzz|p1a: Iron Treads\n|-resisted|p1a: Iron Treads\n|-damage|p1a: Iron Treads|147/265\n|\n|upkeep\n|turn|16\n|\n|t:|1781442358\n|move|p1a: Iron Treads|Iron Head|p2a: Illumise\n|-damage|p2a: Illumise|112/266\n|move|p2a: Illumise|Bug Buzz|p1a: Iron Treads\n|-resisted|p1a: Iron Treads\n|-damage|p1a: Iron Treads|107/265\n|\n|upkeep\n|turn|17\n|\n|t:|1781442361\n|move|p2a: Illumise|Roost|p2a: Illumise\n|-heal|p2a: Illumise|245/266\n|-singleturn|p2a: Illumise|move: Roost\n|move|p1a: Iron Treads|Iron Head|p2a: Illumise\n|-damage|p2a: Illumise|158/266\n|\n|upkeep\n|turn|18\n|\n|t:|1781442365\n|move|p1a: Iron Treads|Iron Head|p2a: Illumise\n|-damage|p2a: Illumise|71/266\n|move|p2a: Illumise|Bug Buzz|p1a: Iron Treads\n|-resisted|p1a: Iron Treads\n|-damage|p1a: Iron Treads|67/265\n|-unboost|p1a: Iron Treads|spd|1\n|\n|upkeep\n|turn|19\n|\n|t:|1781442367\n|move|p2a: Illumise|Roost|p2a: Illumise\n|-heal|p2a: Illumise|204/266\n|-singleturn|p2a: Illumise|move: Roost\n|move|p1a: Iron Treads|Iron Head|p2a: Illumise\n|-damage|p2a: Illumise|116/266\n|\n|upkeep\n|turn|20\n|\n|t:|1781442371\n|move|p2a: Illumise|Roost|p2a: Illumise\n|-heal|p2a: Illumise|249/266\n|-singleturn|p2a: Illumise|move: Roost\n|move|p1a: Iron Treads|Iron Head|p2a: Illumise\n|-damage|p2a: Illumise|159/266\n|\n|upkeep\n|turn|21\n|\n|t:|1781442375\n|move|p1a: Iron Treads|Iron Head|p2a: Illumise\n|-damage|p2a: Illumise|71/266\n|cant|p2a: Illumise|flinch\n|\n|upkeep\n|turn|22\n|\n|t:|1781442377\n|move|p2a: Illumise|Roost|p2a: Illumise\n|-heal|p2a: Illumise|204/266\n|-singleturn|p2a: Illumise|move: Roost\n|move|p1a: Iron Treads|Iron Head|p2a: Illumise\n|-damage|p2a: Illumise|119/266\n|\n|upkeep\n|turn|23\n|\n|t:|1781442381\n|move|p2a: Illumise|Roost|p2a: Illumise\n|-heal|p2a: Illumise|252/266\n|-singleturn|p2a: Illumise|move: Roost\n|move|p1a: Iron Treads|Iron Head|p2a: Illumise\n|-damage|p2a: Illumise|173/266\n|\n|upkeep\n|turn|24\n|\n|t:|1781442385\n|move|p1a: Iron Treads|Iron Head|p2a: Illumise\n|-damage|p2a: Illumise|95/266\n|move|p2a: Illumise|Bug Buzz|p1a: Iron Treads\n|-resisted|p1a: Iron Treads\n|-damage|p1a: Iron Treads|7/265\n|\n|upkeep\n|turn|25\n|\n|t:|1781442387\n|move|p2a: Illumise|Roost|p2a: Illumise\n|-heal|p2a: Illumise|228/266\n|-singleturn|p2a: Illumise|move: Roost\n|move|p1a: Iron Treads|Iron Head|p2a: Illumise\n|-damage|p2a: Illumise|143/266\n|\n|upkeep\n|turn|26\n|\n|t:|1781442393\n|move|p1a: Iron Treads|Iron Head|p2a: Illumise\n|-damage|p2a: Illumise|55/266\n|move|p2a: Illumise|Bug Buzz|p1a: Iron Treads\n|-resisted|p1a: Iron Treads\n|-damage|p1a: Iron Treads|0 fnt\n|faint|p1a: Iron Treads\n|-end|p1a: Iron Treads|Quark Drive|[silent]\n|\n|upkeep\n|\n|t:|1781442396\n|switch|p1a: Qwilfish|Qwilfish-Hisui, L83, F|159/244\n|-ability|p1a: Qwilfish|Intimidate|boost\n|-unboost|p2a: Illumise|atk|1\n|turn|27\n|\n|t:|1781442400\n|move|p2a: Illumise|Roost|p2a: Illumise\n|-heal|p2a: Illumise|188/266\n|-singleturn|p2a: Illumise|move: Roost\n|move|p1a: Qwilfish|Crunch|p2a: Illumise\n|-damage|p2a: Illumise|98/266\n|\n|upkeep\n|turn|28\n|\n|t:|1781442405\n|move|p2a: Illumise|Bug Buzz|p1a: Qwilfish\n|-damage|p1a: Qwilfish|66/244\n|move|p1a: Qwilfish|Crunch|p2a: Illumise\n|-crit|p2a: Illumise\n|-damage|p2a: Illumise|0 fnt\n|faint|p2a: Illumise\n|\n|upkeep\n|\n|t:|1781442413\n|switch|p2a: Bastiodon|Bastiodon, L89, F|252/252\n|turn|29\n|\n|t:|1781442420\n|move|p1a: Qwilfish|Taunt|p2a: Bastiodon\n|-start|p2a: Bastiodon|move: Taunt\n|move|p2a: Bastiodon|Body Press|p1a: Qwilfish\n|-damage|p1a: Qwilfish|0 fnt\n|faint|p1a: Qwilfish\n|\n|upkeep\n|\n|t:|1781442424\n|switch|p1a: Hypno|Hypno, L95, M|124/315\n|turn|30\n|\n|t:|1781442428\n|move|p1a: Hypno|Focus Blast|p2a: Bastiodon\n|-supereffective|p2a: Bastiodon\n|-damage|p2a: Bastiodon|12/252\n|-unboost|p2a: Bastiodon|spd|1\n|move|p2a: Bastiodon|Foul Play|p1a: Hypno\n|-supereffective|p1a: Hypno\n|-damage|p1a: Hypno|20/315\n|\n|-heal|p1a: Hypno|39/315|[from] item: Leftovers\n|upkeep\n|turn|31\n|\n|t:|1781442436\n|move|p1a: Hypno|Psychic Noise|p2a: Bastiodon\n|-immune|p2a: Bastiodon|[from] ability: Soundproof\n|move|p2a: Bastiodon|Foul Play|p1a: Hypno\n|-supereffective|p1a: Hypno\n|-damage|p1a: Hypno|0 fnt\n|faint|p1a: Hypno\n|\n|-end|p2a: Bastiodon|move: Taunt\n|upkeep\n|\n|t:|1781442445\n|switch|p1a: Tropius|Tropius, L91, F|328/328\n|turn|32\n|\n|t:|1781442451\n|move|p1a: Tropius|Earthquake|p2a: Bastiodon\n|-supereffective|p2a: Bastiodon\n|-damage|p2a: Bastiodon|0 fnt\n|faint|p2a: Bastiodon\n|\n|upkeep\n|\n|t:|1781442458\n|switch|p2a: Reshiram|Reshiram, L76|100/277 tox\n|-ability|p2a: Reshiram|Turboblaze\n|turn|33\n|\n|t:|1781442465\n|-terastallize|p1a: Tropius|Ground\n|move|p2a: Reshiram|Blue Flare|p1a: Tropius|[miss]\n|-miss|p2a: Reshiram|p1a: Tropius\n|move|p1a: Tropius|Dragon Dance|p1a: Tropius\n|-boost|p1a: Tropius|atk|1\n|-boost|p1a: Tropius|spe|1\n|\n|-damage|p2a: Reshiram|83/277 tox|[from] psn\n|upkeep\n|turn|34\n|\n|t:|1781442469\n|move|p1a: Tropius|Earthquake|p2a: Reshiram\n|-supereffective|p2a: Reshiram\n|-damage|p2a: Reshiram|0 fnt\n|faint|p2a: Reshiram\n|\n|upkeep\n|\n|t:|1781442472\n|switch|p2a: Breloom|Breloom, L83, F|235/235\n|-status|p2a: Breloom|psn\n|turn|35\n|\n|t:|1781442476\n|-terastallize|p2a: Breloom|Rock\n|move|p1a: Tropius|Dual Wingbeat|p2a: Breloom\n|-resisted|p2a: Breloom\n|-damage|p2a: Breloom|202/235 psn\n|-resisted|p2a: Breloom\n|-damage|p2a: Breloom|172/235 psn\n|-hitcount|p2a: Breloom|2\n|move|p2a: Breloom|Bullet Seed|p1a: Tropius\n|-supereffective|p1a: Tropius\n|-damage|p1a: Tropius|195/328\n|-supereffective|p1a: Tropius\n|-damage|p1a: Tropius|75/328\n|-enditem|p1a: Tropius|Sitrus Berry|[eat]\n|-heal|p1a: Tropius|157/328|[from] item: Sitrus Berry\n|-hitcount|p1a: Tropius|2\n|-damage|p2a: Breloom|149/235 psn|[from] item: Life Orb\n|\n|-damage|p2a: Breloom|120/235 psn|[from] psn\n|-item|p1a: Tropius|Sitrus Berry|[from] ability: Harvest\n|upkeep\n|-enditem|p1a: Tropius|Sitrus Berry|[eat]\n|-heal|p1a: Tropius|239/328|[from] item: Sitrus Berry\n|turn|36\n|\n|t:|1781442494\n|move|p1a: Tropius|Leaf Blade|p2a: Breloom\n|-supereffective|p2a: Breloom\n|-damage|p2a: Breloom|0 fnt\n|faint|p2a: Breloom\n|\n|-item|p1a: Tropius|Sitrus Berry|[from] ability: Harvest\n|upkeep\n|-message|espeonagee forfeited.\n|\n|win|igiveuponaname\n", "inputlog": ">version a8376a258c1d4662feba110a92103f3664a72141\n>start {\"formatid\":\"gen9randombattle\",\"seed\":\"sodium,5b39d5e258d8d9bea574bf13390beece\",\"rated\":\"Rated battle\"}\n>player p1 {\"name\":\"igiveuponaname\",\"avatar\":\"miku-fire\",\"rating\":2213,\"seed\":\"sodium,cd89dbd20551735ed11268dc45ba1915\"}\n>player p2 {\"name\":\"espeonagee\",\"avatar\":\"169\",\"rating\":2223,\"seed\":\"sodium,e5aa070390e40074f49df0164d14fff6\"}\n>p1 switch 2\n>p2 move focusblast\n>p1 move toxicspikes\n>p2 switch 5\n>p1 move taunt\n>p2 move stickyweb\n>p1 switch 4\n>p2 move pounce\n>p1 move dualwingbeat\n>p2 move knockoff\n>p2 switch 4\n>p1 move uturn\n>p2 move blueflare\n>p1 switch 3\n>p1 move toxic\n>p2 move blueflare\n>p1 move protect\n>p2 move blueflare\n>p1 move psychicnoise\n>p2 move blueflare\n>p1 move protect\n>p2 switch 2\n>p1 move protect\n>p2 move bugbuzz\n>p1 switch 6\n>p2 move bugbuzz\n>p1 move knockoff\n>p2 move bugbuzz\n>p1 switch 4\n>p2 move bugbuzz\n>p1 switch 4\n>p2 move bugbuzz\n>p1 move ironhead\n>p2 move bugbuzz\n>p1 move ironhead\n>p2 move roost\n>p1 move ironhead\n>p2 move bugbuzz\n>p1 move ironhead\n>p2 move roost\n>p1 move ironhead\n>p2 move roost\n>p1 move ironhead\n>p2 move bugbuzz\n>p1 move ironhead\n>p2 move roost\n>p1 move ironhead\n>p2 move roost\n>p1 move ironhead\n>p2 move bugbuzz\n>p1 move ironhead\n>p2 move roost\n>p1 move ironhead\n>p2 move bugbuzz\n>p1 switch 4\n>p1 move crunch\n>p2 move roost\n>p1 move crunch\n>p2 move bugbuzz\n>p2 switch 3\n>p1 move taunt\n>p2 move bodypress\n>p1 switch 6\n>p1 move focusblast\n>p2 move foulplay\n>p1 move psychicnoise\n>p2 move foulplay\n>p1 switch 5\n>p1 move earthquake\n>p2 move rest\n>p2 switch 2\n>p1 move dragondance terastallize\n>p2 move blueflare\n>p1 move earthquake\n>p2 move dragontail\n>p2 switch 6\n>p1 move dualwingbeat\n>p2 move bulletseed terastallize\n>p1 move leafblade\n>p2 move bulletseed\n>forcelose p2", "uploadtime": 1781442191, "views": 5, "formatid": "gen9randombattle", "rating": null, "private": 0, "password": null}