{"id": "gen9randombattle-2631525448", "format": "[Gen 9] Random Battle", "players": ["AyoIsThatMvdnvght", "SoraBlairheart"], "log": "|j|\u2606AyoIsThatMvdnvght\n|j|\u2606SoraBlairheart\n|t:|1781396566\n|gametype|singles\n|player|p1|AyoIsThatMvdnvght|corbeau|\n|player|p2|SoraBlairheart|101|\n|gen|9\n|tier|[Gen 9] Random Battle\n|rule|Species Clause: Limit one of each Pok\u00e9mon\n|rule|HP Percentage Mod: HP is shown in percentages\n|rule|Sleep Clause Mod: Limit one foe put to sleep\n|rule|Illusion Level Mod: Illusion disguises the Pok\u00e9mon's true level\n|\n|t:|1781396566\n|teamsize|p1|6\n|teamsize|p2|6\n|start\n|switch|p1a: Revavroom|Revavroom, L79, F|256/256\n|switch|p2a: Crawdaunt|Crawdaunt, L84, F|243/243\n|turn|1\n|\n|t:|1781396581\n|move|p1a: Revavroom|Gunk Shot|p2a: Crawdaunt\n|-damage|p2a: Crawdaunt|64/243\n|-damage|p1a: Revavroom|231/256|[from] item: Life Orb\n|move|p2a: Crawdaunt|Crabhammer|p1a: Revavroom\n|-damage|p1a: Revavroom|0 fnt\n|faint|p1a: Revavroom\n|\n|upkeep\n|\n|t:|1781396598\n|switch|p1a: Girafarig|Girafarig, L89, F|269/269\n|turn|2\n|inactive|Battle timer is ON: inactive players will automatically lose when time's up. (requested by AyoIsThatMvdnvght)\n|inactive|SoraBlairheart has 270 seconds left.\n|\n|t:|1781396634\n|move|p1a: Girafarig|Thunderbolt|p2a: Crawdaunt\n|-supereffective|p2a: Crawdaunt\n|-damage|p2a: Crawdaunt|0 fnt\n|faint|p2a: Crawdaunt\n|\n|upkeep\n|\n|t:|1781396663\n|switch|p2a: Medicham|Medicham, L86, F|243/243\n|turn|3\n|\n|t:|1781396673\n|move|p2a: Medicham|Close Combat|p1a: Girafarig\n|-damage|p1a: Girafarig|134/269\n|-unboost|p2a: Medicham|def|1\n|-unboost|p2a: Medicham|spd|1\n|move|p1a: Girafarig|Psyshock|p2a: Medicham\n|-damage|p2a: Medicham|99/243\n|\n|upkeep\n|turn|4\n|\n|t:|1781396683\n|move|p2a: Medicham|Close Combat|p1a: Girafarig\n|-damage|p1a: Girafarig|0 fnt\n|-unboost|p2a: Medicham|def|1\n|-unboost|p2a: Medicham|spd|1\n|faint|p1a: Girafarig\n|\n|upkeep\n|\n|t:|1781396691\n|switch|p1a: Polteageist|Polteageist-Antique, L78|222/222\n|turn|5\n|\n|t:|1781396717\n|switch|p2a: Arbok|Arbok, L87, M|246/246\n|-ability|p2a: Arbok|Intimidate|boost\n|-unboost|p1a: Polteageist|atk|1\n|-enditem|p1a: Polteageist|White Herb\n|-clearnegativeboost|p1a: Polteageist|[silent]\n|move|p1a: Polteageist|Shell Smash|p1a: Polteageist\n|-unboost|p1a: Polteageist|def|1\n|-unboost|p1a: Polteageist|spd|1\n|-boost|p1a: Polteageist|atk|2\n|-boost|p1a: Polteageist|spa|2\n|-boost|p1a: Polteageist|spe|2\n|\n|upkeep\n|turn|6\n|\n|t:|1781396731\n|-terastallize|p2a: Arbok|Dark\n|move|p2a: Arbok|Sucker Punch|p1a: Polteageist\n|-supereffective|p1a: Polteageist\n|-damage|p1a: Polteageist|0 fnt\n|faint|p1a: Polteageist\n|\n|upkeep\n|\n|t:|1781396741\n|switch|p1a: Houndoom|Houndoom, L87, M|272/272\n|turn|7\n|\n|t:|1781396751\n|move|p1a: Houndoom|Nasty Plot|p1a: Houndoom\n|-boost|p1a: Houndoom|spa|2\n|move|p2a: Arbok|Earthquake|p1a: Houndoom\n|-supereffective|p1a: Houndoom\n|-damage|p1a: Houndoom|80/272\n|\n|upkeep\n|turn|8\n|\n|t:|1781396759\n|move|p1a: Houndoom|Fire Blast|p2a: Arbok|[miss]\n|-miss|p1a: Houndoom|p2a: Arbok\n|move|p2a: Arbok|Earthquake|p1a: Houndoom\n|-supereffective|p1a: Houndoom\n|-damage|p1a: Houndoom|0 fnt\n|faint|p1a: Houndoom\n|\n|upkeep\n|\n|t:|1781396769\n|switch|p1a: Lapras|Lapras, L87, M|367/367\n|turn|9\n|\n|t:|1781396779\n|-terastallize|p1a: Lapras|Water\n|move|p2a: Arbok|Earthquake|p1a: Lapras\n|-damage|p1a: Lapras|287/367\n|move|p1a: Lapras|Hydro Pump|p2a: Arbok\n|-damage|p2a: Arbok|0 fnt\n|faint|p2a: Arbok\n|\n|upkeep\n|\n|t:|1781396796\n|switch|p2a: Raichu|Raichu, L88, M|249/249\n|turn|10\n|\n|t:|1781396800\n|move|p2a: Raichu|Thunderbolt|p1a: Lapras\n|-supereffective|p1a: Lapras\n|-damage|p1a: Lapras|50/367\n|-damage|p2a: Raichu|225/249|[from] item: Life Orb\n|move|p1a: Lapras|Hydro Pump|p2a: Raichu\n|-damage|p2a: Raichu|0 fnt\n|faint|p2a: Raichu\n|\n|upkeep\n|\n|t:|1781396808\n|switch|p2a: Electivire|Electivire, L84, M|263/263\n|turn|11\n|\n|t:|1781396812\n|move|p2a: Electivire|Volt Switch|p1a: Lapras\n|-supereffective|p1a: Lapras\n|-damage|p1a: Lapras|0 fnt\n|faint|p1a: Lapras\n|-damage|p2a: Electivire|237/263|[from] item: Life Orb\n|\n|t:|1781396823\n|switch|p2a: Landorus|Landorus-Therian, L76, M|260/260|[from] Volt Switch\n|\n|upkeep\n|\n|t:|1781396827\n|switch|p1a: Iron Bundle|Iron Bundle, L78|215/215\n|turn|12\n|\n|t:|1781396833\n|move|p1a: Iron Bundle|Ice Beam|p2a: Landorus\n|-supereffective|p2a: Landorus\n|-damage|p2a: Landorus|0 fnt\n|faint|p2a: Landorus\n|\n|upkeep\n|\n|t:|1781396840\n|switch|p2a: Electivire|Electivire, L84, M|237/263\n|turn|13\n|\n|t:|1781396846\n|move|p1a: Iron Bundle|Ice Beam|p2a: Electivire\n|-damage|p2a: Electivire|71/263\n|move|p2a: Electivire|Supercell Slam|p1a: Iron Bundle\n|-supereffective|p1a: Iron Bundle\n|-damage|p1a: Iron Bundle|0 fnt\n|faint|p1a: Iron Bundle\n|-end|p1a: Iron Bundle|Quark Drive|[silent]\n|-damage|p2a: Electivire|45/263|[from] item: Life Orb\n|\n|win|SoraBlairheart\n", "inputlog": ">version a8376a258c1d4662feba110a92103f3664a72141\n>start {\"formatid\":\"gen9randombattle\",\"seed\":\"sodium,c5963652028b566c60eca8b95b1b14f0\"}\n>player p1 {\"name\":\"AyoIsThatMvdnvght\",\"avatar\":\"corbeau\",\"rating\":0,\"seed\":\"sodium,6c784f539135eb21b49835b6f53f85fd\"}\n>player p2 {\"name\":\"SoraBlairheart\",\"avatar\":\"101\",\"rating\":0,\"seed\":\"sodium,cff3f49ac421f7a1584968eda119733e\"}\n>p1 move gunkshot\n>p2 move crabhammer\n>p1 switch 4\n>p1 move thunderbolt\n>p2 move crabhammer\n>p2 switch 5\n>p1 move psyshock\n>p2 move closecombat\n>p1 move psyshock\n>p2 move closecombat\n>p1 switch 2\n>p1 move shellsmash\n>p2 switch 4\n>p1 move storedpower\n>p2 move suckerpunch terastallize\n>p1 switch 6\n>p1 move nastyplot\n>p2 move earthquake\n>p1 move fireblast\n>p2 move earthquake\n>p1 switch 3\n>p1 move hydropump terastallize\n>p2 move earthquake\n>p2 switch 3\n>p1 move hydropump\n>p2 move thunderbolt\n>p2 switch 6\n>p1 move hydropump\n>p2 move voltswitch\n>p2 switch 2\n>p1 switch 5\n>p1 move icebeam\n>p2 move stoneedge\n>p2 switch 2\n>p1 move icebeam\n>p2 move supercellslam", "uploadtime": 1781396857, "views": 5, "formatid": "gen9randombattle", "rating": null, "private": 0, "password": null}