{"id": "gen9randombattle-2631469456", "format": "[Gen 9] Random Battle", "players": ["cthpoolu", "Gokuh34567"], "log": "|j|\u2606cthpoolu\n|j|\u2606Gokuh34567\n|t:|1781388632\n|gametype|singles\n|player|p1|cthpoolu|unknown|1356\n|player|p2|Gokuh34567|hiker-gen4|1393\n|gen|9\n|tier|[Gen 9] Random Battle\n|rated|\n|rule|Species Clause: Limit one of each Pok\u00e9mon\n|rule|HP Percentage Mod: HP is shown in percentages\n|rule|Sleep Clause Mod: Limit one foe put to sleep\n|rule|Illusion Level Mod: Illusion disguises the Pok\u00e9mon's true level\n|\n|t:|1781388632\n|teamsize|p1|6\n|teamsize|p2|6\n|start\n|switch|p1a: Regidrago|Regidrago, L77|435/435\n|switch|p2a: Lycanroc|Lycanroc, L86, M|269/269\n|turn|1\n|inactive|Battle timer is ON: inactive players will automatically lose when time's up. (requested by cthpoolu)\n|\n|t:|1781388653\n|move|p1a: Regidrago|Dragon Energy|p2a: Lycanroc\n|-damage|p2a: Lycanroc|17/269\n|move|p2a: Lycanroc|Stealth Rock|p1a: Regidrago\n|-sidestart|p1: cthpoolu|move: Stealth Rock\n|\n|upkeep\n|turn|2\n|\n|t:|1781388663\n|move|p1a: Regidrago|Dragon Energy|p2a: Lycanroc\n|-damage|p2a: Lycanroc|0 fnt\n|faint|p2a: Lycanroc\n|\n|upkeep\n|\n|t:|1781388673\n|switch|p2a: Cresselia|Cresselia, L80, F|323/323\n|turn|3\n|\n|t:|1781388683\n|switch|p1a: Weavile|Weavile, L79, F|239/239\n|-damage|p1a: Weavile|180/239|[from] Stealth Rock\n|move|p2a: Cresselia|Moonblast|p1a: Weavile\n|-supereffective|p1a: Weavile\n|-crit|p1a: Weavile\n|-damage|p1a: Weavile|0 fnt\n|faint|p1a: Weavile\n|\n|upkeep\n|\n|t:|1781388705\n|switch|p1a: Moltres|Moltres, L81|278/278\n|turn|4\n|\n|t:|1781388709\n|move|p1a: Moltres|Will-O-Wisp|p2a: Cresselia\n|-status|p2a: Cresselia|brn\n|move|p2a: Cresselia|Calm Mind|p2a: Cresselia\n|-boost|p2a: Cresselia|spa|1\n|-boost|p2a: Cresselia|spd|1\n|\n|-damage|p2a: Cresselia|303/323 brn|[from] brn\n|upkeep\n|turn|5\n|\n|t:|1781388717\n|move|p1a: Moltres|Brave Bird|p2a: Cresselia\n|-damage|p2a: Cresselia|203/323 brn\n|-damage|p1a: Moltres|245/278|[from] Recoil\n|move|p2a: Cresselia|Calm Mind|p2a: Cresselia\n|-boost|p2a: Cresselia|spa|1\n|-boost|p2a: Cresselia|spd|1\n|\n|-heal|p2a: Cresselia|223/323 brn|[from] item: Leftovers\n|-damage|p2a: Cresselia|203/323 brn|[from] brn\n|upkeep\n|turn|6\n|\n|t:|1781388723\n|move|p1a: Moltres|Brave Bird|p2a: Cresselia\n|-damage|p2a: Cresselia|88/323 brn\n|-damage|p1a: Moltres|207/278|[from] Recoil\n|move|p2a: Cresselia|Moonlight|p2a: Cresselia\n|-heal|p2a: Cresselia|249/323 brn\n|\n|-heal|p2a: Cresselia|269/323 brn|[from] item: Leftovers\n|-damage|p2a: Cresselia|249/323 brn|[from] brn\n|upkeep\n|turn|7\n|\n|t:|1781388743\n|move|p1a: Moltres|Brave Bird|p2a: Cresselia\n|-damage|p2a: Cresselia|138/323 brn\n|-damage|p1a: Moltres|170/278|[from] Recoil\n|move|p2a: Cresselia|Psyshock|p1a: Moltres\n|-damage|p1a: Moltres|37/278\n|\n|-heal|p2a: Cresselia|158/323 brn|[from] item: Leftovers\n|-damage|p2a: Cresselia|138/323 brn|[from] brn\n|upkeep\n|turn|8\n|\n|t:|1781388753\n|move|p1a: Moltres|Roost|p1a: Moltres\n|-heal|p1a: Moltres|176/278\n|-singleturn|p1a: Moltres|move: Roost\n|move|p2a: Cresselia|Moonlight|p2a: Cresselia\n|-heal|p2a: Cresselia|299/323 brn\n|\n|-heal|p2a: Cresselia|319/323 brn|[from] item: Leftovers\n|-damage|p2a: Cresselia|299/323 brn|[from] brn\n|upkeep\n|turn|9\n|\n|t:|1781388760\n|move|p1a: Moltres|Roost|p1a: Moltres\n|-heal|p1a: Moltres|278/278\n|-singleturn|p1a: Moltres|move: Roost\n|move|p2a: Cresselia|Psyshock|p1a: Moltres\n|-damage|p1a: Moltres|154/278\n|\n|-heal|p2a: Cresselia|319/323 brn|[from] item: Leftovers\n|-damage|p2a: Cresselia|299/323 brn|[from] brn\n|upkeep\n|turn|10\n|\n|t:|1781388766\n|move|p1a: Moltres|Roost|p1a: Moltres\n|-heal|p1a: Moltres|278/278\n|-singleturn|p1a: Moltres|move: Roost\n|move|p2a: Cresselia|Psyshock|p1a: Moltres\n|-damage|p1a: Moltres|143/278\n|\n|-heal|p2a: Cresselia|319/323 brn|[from] item: Leftovers\n|-damage|p2a: Cresselia|299/323 brn|[from] brn\n|upkeep\n|turn|11\n|\n|t:|1781388774\n|switch|p1a: Goodra|Goodra-Hisui, L82, M|265/265\n|-damage|p1a: Goodra|249/265|[from] Stealth Rock\n|move|p2a: Cresselia|Calm Mind|p2a: Cresselia\n|-boost|p2a: Cresselia|spa|1\n|-boost|p2a: Cresselia|spd|1\n|\n|-heal|p2a: Cresselia|319/323 brn|[from] item: Leftovers\n|-damage|p2a: Cresselia|299/323 brn|[from] brn\n|upkeep\n|turn|12\n|\n|t:|1781388786\n|move|p2a: Cresselia|Moonblast|p1a: Goodra\n|-damage|p1a: Goodra|186/265\n|-unboost|p1a: Goodra|spa|1\n|move|p1a: Goodra|Heavy Slam|p2a: Cresselia\n|-crit|p2a: Cresselia\n|-damage|p2a: Cresselia|181/323 brn\n|\n|-heal|p2a: Cresselia|201/323 brn|[from] item: Leftovers\n|-damage|p2a: Cresselia|181/323 brn|[from] brn\n|upkeep\n|turn|13\n|\n|t:|1781388795\n|move|p2a: Cresselia|Moonblast|p1a: Goodra\n|-crit|p1a: Goodra\n|-damage|p1a: Goodra|103/265\n|move|p1a: Goodra|Heavy Slam|p2a: Cresselia\n|-damage|p2a: Cresselia|114/323 brn\n|\n|-heal|p2a: Cresselia|134/323 brn|[from] item: Leftovers\n|-damage|p2a: Cresselia|114/323 brn|[from] brn\n|upkeep\n|turn|14\n|\n|t:|1781388811\n|switch|p1a: Regidrago|Regidrago, L77|435/435\n|-damage|p1a: Regidrago|381/435|[from] Stealth Rock\n|move|p2a: Cresselia|Moonlight|p2a: Cresselia\n|-heal|p2a: Cresselia|275/323 brn\n|\n|-heal|p2a: Cresselia|295/323 brn|[from] item: Leftovers\n|-damage|p2a: Cresselia|275/323 brn|[from] brn\n|upkeep\n|turn|15\n|\n|t:|1781388819\n|-terastallize|p1a: Regidrago|Dragon\n|move|p1a: Regidrago|Outrage|p2a: Cresselia\n|-damage|p2a: Cresselia|97/323 brn\n|move|p2a: Cresselia|Moonblast|p1a: Regidrago\n|-supereffective|p1a: Regidrago\n|-crit|p1a: Regidrago\n|-damage|p1a: Regidrago|0 fnt\n|faint|p1a: Regidrago\n|\n|-heal|p2a: Cresselia|117/323 brn|[from] item: Leftovers\n|-damage|p2a: Cresselia|97/323 brn|[from] brn\n|upkeep\n|-message|cthpoolu forfeited.\n|\n|win|Gokuh34567\n|raw|cthpoolu's rating: 1356 &rarr; <strong>1338</strong><br />(-18 for losing)\n|raw|Gokuh34567's rating: 1393 &rarr; <strong>1411</strong><br />(+18 for winning)\n|l|\u2606cthpoolu\n|player|p1|\n", "uploadtime": 1781388830, "views": 5, "formatid": "gen9randombattle", "rating": 1338, "private": 0, "password": null}