{"id": "gen9randombattle-2631392542", "format": "[Gen 9] Random Battle", "players": ["harutyaa-.", "Niightss"], "log": "|j|\u2606harutyaa-.\n|j|\u2606Niightss\n|t:|1781379241\n|gametype|singles\n|player|p1|harutyaa-.|hilbert|1494\n|player|p2|Niightss|lucas-gen4pt|1464\n|gen|9\n|tier|[Gen 9] Random Battle\n|rated|\n|rule|Species Clause: Limit one of each Pok\u00e9mon\n|rule|HP Percentage Mod: HP is shown in percentages\n|rule|Sleep Clause Mod: Limit one foe put to sleep\n|rule|Illusion Level Mod: Illusion disguises the Pok\u00e9mon's true level\n|\n|t:|1781379241\n|teamsize|p1|6\n|teamsize|p2|6\n|start\n|switch|p1a: Skeledirge|Skeledirge, L79, M|294/294\n|switch|p2a: Volbeat|Volbeat, L90, M|263/263\n|turn|1\n|inactive|Battle timer is ON: inactive players will automatically lose when time's up. (requested by Niightss)\n|\n|t:|1781379275\n|move|p2a: Volbeat|U-turn|p1a: Skeledirge\n|-resisted|p1a: Skeledirge\n|-damage|p1a: Skeledirge|279/294\n|\n|t:|1781379286\n|switch|p2a: Inteleon|Inteleon, L81, M|246/246|[from] U-turn\n|move|p1a: Skeledirge|Torch Song|p2a: Inteleon\n|-resisted|p2a: Inteleon\n|-damage|p2a: Inteleon|196/246\n|-boost|p1a: Skeledirge|spa|1\n|\n|upkeep\n|turn|2\n|\n|t:|1781379310\n|switch|p1a: Slowbro|Slowbro, L85, M|300/300\n|move|p2a: Inteleon|Ice Beam|p1a: Slowbro\n|-resisted|p1a: Slowbro\n|-damage|p1a: Slowbro|243/300\n|-status|p1a: Slowbro|frz\n|\n|upkeep\n|turn|3\n|\n|t:|1781379331\n|move|p2a: Inteleon|Ice Beam|p1a: Slowbro\n|-resisted|p1a: Slowbro\n|-damage|p1a: Slowbro|181/300 frz\n|cant|p1a: Slowbro|frz\n|\n|upkeep\n|turn|4\n|inactive|harutyaa-. has 120 seconds left.\n|\n|t:|1781379367\n|switch|p2a: Cinccino|Cinccino, L83, F|260/260\n|-curestatus|p1a: Slowbro|frz|[msg]\n|move|p1a: Slowbro|Slack Off|p1a: Slowbro\n|-heal|p1a: Slowbro|300/300\n|\n|upkeep\n|turn|5\n|\n|t:|1781379374\n|move|p2a: Cinccino|Tidy Up|p2a: Cinccino\n|-boost|p2a: Cinccino|atk|1\n|-boost|p2a: Cinccino|spe|1\n|move|p1a: Slowbro|Thunder Wave|p2a: Cinccino\n|-status|p2a: Cinccino|par\n|\n|upkeep\n|turn|6\n|\n|t:|1781379377\n|cant|p2a: Cinccino|par\n|move|p1a: Slowbro|Psychic Noise|p2a: Cinccino\n|-damage|p2a: Cinccino|145/260 par\n|-start|p2a: Cinccino|move: Heal Block\n|\n|upkeep\n|turn|7\n|\n|t:|1781379380\n|move|p2a: Cinccino|Tidy Up|p2a: Cinccino\n|-boost|p2a: Cinccino|atk|1\n|-boost|p2a: Cinccino|spe|1\n|move|p1a: Slowbro|Scald|p2a: Cinccino\n|-damage|p2a: Cinccino|18/260 par\n|\n|-end|p2a: Cinccino|move: Heal Block\n|upkeep\n|turn|8\n|\n|t:|1781379382\n|move|p2a: Cinccino|Bullet Seed|p1a: Slowbro\n|-supereffective|p1a: Slowbro\n|-damage|p1a: Slowbro|220/300\n|-supereffective|p1a: Slowbro\n|-damage|p1a: Slowbro|140/300\n|-supereffective|p1a: Slowbro\n|-damage|p1a: Slowbro|60/300\n|-supereffective|p1a: Slowbro\n|-damage|p1a: Slowbro|0 fnt\n|faint|p1a: Slowbro\n|-hitcount|p1: Slowbro|4\n|\n|upkeep\n|\n|t:|1781379388\n|switch|p1a: Glastrier|Glastrier, L86|311/311\n|turn|9\n|\n|t:|1781379397\n|move|p2a: Cinccino|Tail Slap|p1a: Glastrier\n|-damage|p1a: Glastrier|254/311\n|-damage|p1a: Glastrier|197/311\n|-damage|p1a: Glastrier|140/311\n|-damage|p1a: Glastrier|82/311\n|-hitcount|p1a: Glastrier|4\n|move|p1a: Glastrier|High Horsepower|p2a: Cinccino\n|-damage|p2a: Cinccino|0 fnt\n|faint|p2a: Cinccino\n|-ability|p1a: Glastrier|Chilling Neigh|boost\n|-boost|p1a: Glastrier|atk|1\n|\n|upkeep\n|\n|t:|1781379418\n|switch|p2a: Inteleon|Inteleon, L81, M|196/246\n|turn|10\n|\n|t:|1781379435\n|move|p2a: Inteleon|Scald|p1a: Glastrier\n|-damage|p1a: Glastrier|0 fnt\n|faint|p1a: Glastrier\n|\n|upkeep\n|\n|t:|1781379444\n|switch|p1a: Persian|Persian, L92, F|269/269\n|turn|11\n|\n|t:|1781379455\n|switch|p2a: Rhydon|Rhydon, L85, F|317/317\n|-terastallize|p1a: Persian|Normal\n|move|p1a: Persian|Double-Edge|p2a: Rhydon\n|-resisted|p2a: Rhydon\n|-damage|p2a: Rhydon|255/317\n|-damage|p1a: Persian|249/269|[from] Recoil\n|\n|upkeep\n|turn|12\n|\n|t:|1781379464\n|switch|p1a: Volcarona|Volcarona, L77, F|257/257\n|move|p2a: Rhydon|Earthquake|p1a: Volcarona\n|-damage|p1a: Volcarona|76/257\n|\n|upkeep\n|turn|13\n|\n|t:|1781379481\n|switch|p2a: Diancie|Diancie, L82|216/216\n|move|p1a: Volcarona|Giga Drain|p2a: Diancie\n|-supereffective|p2a: Diancie\n|-damage|p2a: Diancie|140/216\n|-heal|p1a: Volcarona|114/257|[from] drain|[of] p2a: Diancie\n|\n|-heal|p2a: Diancie|153/216|[from] item: Leftovers\n|upkeep\n|turn|14\n|\n|t:|1781379489\n|move|p1a: Volcarona|Quiver Dance|p1a: Volcarona\n|-boost|p1a: Volcarona|spa|1\n|-boost|p1a: Volcarona|spd|1\n|-boost|p1a: Volcarona|spe|1\n|move|p2a: Diancie|Diamond Storm|p1a: Volcarona\n|-supereffective|p1a: Volcarona\n|-damage|p1a: Volcarona|0 fnt\n|-boost|p2a: Diancie|def|2\n|faint|p1a: Volcarona\n|\n|-heal|p2a: Diancie|166/216|[from] item: Leftovers\n|upkeep\n|\n|t:|1781379497\n|switch|p1a: Hoopa|Hoopa-Unbound, L80|259/259\n|turn|15\n|\n|t:|1781379505\n|move|p1a: Hoopa|Psychic|p2a: Diancie\n|-damage|p2a: Diancie|64/216\n|move|p2a: Diancie|Diamond Storm|p1a: Hoopa\n|-damage|p1a: Hoopa|117/259\n|-boost|p2a: Diancie|def|2\n|\n|-heal|p2a: Diancie|77/216|[from] item: Leftovers\n|upkeep\n|turn|16\n|\n|t:|1781379520\n|move|p1a: Hoopa|Psychic|p2a: Diancie\n|-damage|p2a: Diancie|0 fnt\n|faint|p2a: Diancie\n|\n|upkeep\n|\n|t:|1781379526\n|switch|p2a: Volbeat|Volbeat, L90, M|263/263\n|turn|17\n|\n|t:|1781379534\n|move|p2a: Volbeat|U-turn|p1a: Hoopa\n|-supereffective|p1a: Hoopa\n|-damage|p1a: Hoopa|0 fnt\n|faint|p1a: Hoopa\n|\n|t:|1781379541\n|switch|p2a: Rhydon|Rhydon, L85, F|255/317|[from] U-turn\n|\n|upkeep\n|\n|t:|1781379543\n|switch|p1a: Skeledirge|Skeledirge, L79, M|279/294\n|turn|18\n|\n|t:|1781379546\n|move|p1a: Skeledirge|Shadow Ball|p2a: Rhydon\n|-damage|p2a: Rhydon|176/317\n|move|p2a: Rhydon|Earthquake|p1a: Skeledirge\n|-supereffective|p1a: Skeledirge\n|-damage|p1a: Skeledirge|33/294\n|\n|upkeep\n|turn|19\n|\n|t:|1781379551\n|move|p1a: Skeledirge|Shadow Ball|p2a: Rhydon\n|-damage|p2a: Rhydon|97/317\n|move|p2a: Rhydon|Earthquake|p1a: Skeledirge\n|-supereffective|p1a: Skeledirge\n|-crit|p1a: Skeledirge\n|-damage|p1a: Skeledirge|0 fnt\n|faint|p1a: Skeledirge\n|\n|upkeep\n|\n|t:|1781379553\n|switch|p1a: Persian|Persian, L92, F, tera:Normal|249/269\n|turn|20\n|\n|t:|1781379563\n|move|p1a: Persian|Double-Edge|p2a: Rhydon\n|-resisted|p2a: Rhydon\n|-damage|p2a: Rhydon|37/317\n|-damage|p1a: Persian|229/269|[from] Recoil\n|move|p2a: Rhydon|Earthquake|p1a: Persian\n|-damage|p1a: Persian|54/269\n|\n|upkeep\n|turn|21\n|-message|harutyaa-. forfeited.\n|\n|win|Niightss\n|raw|harutyaa-.'s rating: 1494 &rarr; <strong>1472</strong><br />(-22 for losing)\n|raw|Niightss's rating: 1464 &rarr; <strong>1486</strong><br />(+22 for winning)\n|l|\u2606harutyaa-.\n|player|p1|\n", "inputlog": ">version a8376a258c1d4662feba110a92103f3664a72141\n>start {\"formatid\":\"gen9randombattle\",\"seed\":\"sodium,f26f1f8decb9322d766838402e1a8c5a\",\"rated\":\"Rated battle\"}\n>player p1 {\"name\":\"harutyaa-.\",\"avatar\":\"hilbert\",\"rating\":1494,\"seed\":\"sodium,b3e1a7a4b224f3e61bad00bddeedebf8\"}\n>player p2 {\"name\":\"Niightss\",\"avatar\":\"lucas-gen4pt\",\"rating\":1464,\"seed\":\"sodium,304930551c9091244ea5ae32d245aa55\"}\n>p1 move torchsong\n>p2 move uturn\n>p2 switch 4\n>p1 switch 6\n>p2 move icebeam\n>p1 move slackoff\n>p2 move icebeam\n>p1 move slackoff\n>p2 switch 6\n>p1 move thunderwave\n>p2 move tidyup\n>p1 move psychicnoise\n>p2 move tidyup\n>p1 move scald\n>p2 move tidyup\n>p1 move scald\n>p2 move bulletseed\n>p1 switch 4\n>p1 move highhorsepower\n>p2 move tailslap\n>p2 switch 6\n>p1 move highhorsepower\n>p2 move scald\n>p1 switch 3\n>p1 move doubleedge terastallize\n>p2 switch 3\n>p1 switch 5\n>p2 move earthquake\n>p1 move gigadrain\n>p2 switch 2\n>p1 move quiverdance\n>p2 move diamondstorm\n>p1 switch 2\n>p1 move psychic\n>p2 move diamondstorm\n>p1 move psychic\n>p2 move diamondstorm\n>p2 switch 4\n>p1 move hyperspacefury\n>p2 move uturn\n>p2 switch 2\n>p1 switch 6\n>p1 move shadowball\n>p2 move earthquake\n>p1 move shadowball\n>p2 move earthquake\n>p1 switch 5\n>p1 move doubleedge\n>p2 move earthquake\n>forcelose p1", "uploadtime": 1781379568, "views": 8, "formatid": "gen9randombattle", "rating": 1472, "private": 0, "password": null}