{"id": "gen9randombattle-2631636749", "format": "[Gen 9] Random Battle", "players": ["Laaaaka", "orenot"], "log": "|j|\u2606Laaaaka\n|j|\u2606orenot\n|t:|1781412629\n|gametype|singles\n|player|p1|Laaaaka|benga|1213\n|player|p2|orenot|gambler|1247\n|gen|9\n|tier|[Gen 9] Random Battle\n|rated|\n|rule|Species Clause: Limit one of each Pok\u00e9mon\n|rule|HP Percentage Mod: HP is shown in percentages\n|rule|Sleep Clause Mod: Limit one foe put to sleep\n|rule|Illusion Level Mod: Illusion disguises the Pok\u00e9mon's true level\n|\n|t:|1781412629\n|teamsize|p1|6\n|teamsize|p2|6\n|start\n|switch|p1a: Minun|Minun, L95, F|268/268\n|switch|p2a: Ho-Oh|Ho-Oh, L71|268/268\n|turn|1\n|inactive|Battle timer is ON: inactive players will automatically lose when time's up. (requested by orenot)\n|\n|t:|1781412654\n|move|p1a: Minun|Nasty Plot|p1a: Minun\n|-boost|p1a: Minun|spa|2\n|move|p2a: Ho-Oh|Earthquake|p1a: Minun\n|-supereffective|p1a: Minun\n|-damage|p1a: Minun|88/268\n|\n|upkeep\n|turn|2\n|\n|t:|1781412664\n|move|p1a: Minun|Thunderbolt|p2a: Ho-Oh\n|-supereffective|p2a: Ho-Oh\n|-damage|p2a: Ho-Oh|0 fnt\n|faint|p2a: Ho-Oh\n|-damage|p1a: Minun|62/268|[from] item: Life Orb\n|\n|upkeep\n|\n|t:|1781412673\n|switch|p2a: Gholdengo|Gholdengo, L77|261/261\n|turn|3\n|\n|t:|1781412678\n|move|p2a: Gholdengo|Shadow Ball|p1a: Minun\n|-damage|p1a: Minun|0 fnt\n|faint|p1a: Minun\n|\n|upkeep\n|\n|t:|1781412689\n|switch|p1a: Tyranitar|Tyranitar, L78, M|284/284\n|-weather|Sandstorm|[from] ability: Sand Stream|[of] p1a: Tyranitar\n|turn|4\n|\n|t:|1781412698\n|switch|p2a: Tornadus|Tornadus, L82, M|263/263\n|move|p1a: Tyranitar|Knock Off|p2a: Tornadus\n|-damage|p2a: Tornadus|119/263\n|-enditem|p2a: Tornadus|Choice Specs|[from] move: Knock Off|[of] p1a: Tyranitar\n|\n|-weather|Sandstorm|[upkeep]\n|-damage|p2a: Tornadus|103/263|[from] Sandstorm\n|upkeep\n|turn|5\n|\n|t:|1781412709\n|move|p2a: Tornadus|Focus Blast|p1a: Tyranitar|[miss]\n|-miss|p2a: Tornadus|p1a: Tyranitar\n|move|p1a: Tyranitar|Ice Beam|p2a: Tornadus\n|-supereffective|p2a: Tornadus\n|-damage|p2a: Tornadus|0 fnt\n|faint|p2a: Tornadus\n|\n|-weather|Sandstorm|[upkeep]\n|upkeep\n|j| SphereCrab\n|l| SphereCrab\n|\n|t:|1781412715\n|switch|p2a: Whimsicott|Whimsicott, L84, F|238/238\n|turn|6\n|\n|t:|1781412738\n|switch|p1a: Seviper|Seviper, L93, M|287/287\n|move|p2a: Whimsicott|Substitute|p2a: Whimsicott\n|-start|p2a: Whimsicott|Substitute\n|-damage|p2a: Whimsicott|179/238\n|\n|-weather|Sandstorm|[upkeep]\n|-damage|p2a: Whimsicott|165/238|[from] Sandstorm\n|-damage|p1a: Seviper|270/287|[from] Sandstorm\n|-heal|p2a: Whimsicott|179/238|[from] item: Leftovers\n|-heal|p1a: Seviper|287/287|[from] item: Leftovers\n|upkeep\n|turn|7\n|\n|t:|1781412752\n|move|p2a: Whimsicott|Leech Seed|p1a: Seviper\n|-start|p1a: Seviper|move: Leech Seed\n|move|p1a: Seviper|Gunk Shot|p2a: Whimsicott\n|-supereffective|p2a: Whimsicott\n|-end|p2a: Whimsicott|Substitute\n|\n|-weather|Sandstorm|[upkeep]\n|-damage|p2a: Whimsicott|165/238|[from] Sandstorm\n|-damage|p1a: Seviper|270/287|[from] Sandstorm\n|-heal|p2a: Whimsicott|179/238|[from] item: Leftovers\n|-heal|p1a: Seviper|287/287|[from] item: Leftovers\n|-damage|p1a: Seviper|252/287|[from] Leech Seed|[of] p2a: Whimsicott\n|-heal|p2a: Whimsicott|214/238|[silent]\n|upkeep\n|turn|8\n|\n|t:|1781412765\n|move|p2a: Whimsicott|Substitute|p2a: Whimsicott\n|-start|p2a: Whimsicott|Substitute\n|-damage|p2a: Whimsicott|155/238\n|move|p1a: Seviper|Gunk Shot|p2a: Whimsicott\n|-supereffective|p2a: Whimsicott\n|-end|p2a: Whimsicott|Substitute\n|\n|-weather|none\n|-heal|p2a: Whimsicott|169/238|[from] item: Leftovers\n|-heal|p1a: Seviper|269/287|[from] item: Leftovers\n|-damage|p1a: Seviper|234/287|[from] Leech Seed|[of] p2a: Whimsicott\n|-heal|p2a: Whimsicott|204/238|[silent]\n|upkeep\n|turn|9\n|\n|t:|1781412776\n|move|p2a: Whimsicott|Substitute|p2a: Whimsicott\n|-start|p2a: Whimsicott|Substitute\n|-damage|p2a: Whimsicott|145/238\n|move|p1a: Seviper|Swords Dance|p1a: Seviper\n|-boost|p1a: Seviper|atk|2\n|\n|-heal|p2a: Whimsicott|159/238|[from] item: Leftovers\n|-heal|p1a: Seviper|251/287|[from] item: Leftovers\n|-damage|p1a: Seviper|216/287|[from] Leech Seed|[of] p2a: Whimsicott\n|-heal|p2a: Whimsicott|194/238|[silent]\n|upkeep\n|turn|10\n|\n|t:|1781412787\n|move|p2a: Whimsicott|Encore|p1a: Seviper\n|-start|p1a: Seviper|Encore\n|move|p1a: Seviper|Swords Dance|p1a: Seviper\n|-boost|p1a: Seviper|atk|2\n|\n|-heal|p2a: Whimsicott|208/238|[from] item: Leftovers\n|-heal|p1a: Seviper|233/287|[from] item: Leftovers\n|-damage|p1a: Seviper|198/287|[from] Leech Seed|[of] p2a: Whimsicott\n|-heal|p2a: Whimsicott|238/238|[silent]\n|upkeep\n|turn|11\n|\n|t:|1781412798\n|move|p2a: Whimsicott|Moonblast|p1a: Seviper\n|-resisted|p1a: Seviper\n|-damage|p1a: Seviper|145/287\n|-unboost|p1a: Seviper|spa|1\n|move|p1a: Seviper|Swords Dance|p1a: Seviper\n|-boost|p1a: Seviper|atk|2\n|\n|-heal|p1a: Seviper|162/287|[from] item: Leftovers\n|-damage|p1a: Seviper|127/287|[from] Leech Seed|[of] p2a: Whimsicott\n|upkeep\n|turn|12\n|\n|t:|1781412810\n|move|p2a: Whimsicott|Moonblast|p1a: Seviper\n|-resisted|p1a: Seviper\n|-damage|p1a: Seviper|79/287\n|move|p1a: Seviper|Swords Dance|p1a: Seviper\n|-boost|p1a: Seviper|atk|0\n|\n|-heal|p1a: Seviper|96/287|[from] item: Leftovers\n|-damage|p1a: Seviper|61/287|[from] Leech Seed|[of] p2a: Whimsicott\n|-end|p1a: Seviper|Encore\n|upkeep\n|turn|13\n|\n|t:|1781412821\n|move|p2a: Whimsicott|Encore|p1a: Seviper\n|-start|p1a: Seviper|Encore\n|move|p1a: Seviper|Swords Dance|p1a: Seviper\n|-boost|p1a: Seviper|atk|0\n|\n|-heal|p1a: Seviper|78/287|[from] item: Leftovers\n|-damage|p1a: Seviper|43/287|[from] Leech Seed|[of] p2a: Whimsicott\n|upkeep\n|turn|14\n|\n|t:|1781412830\n|move|p2a: Whimsicott|Moonblast|p1a: Seviper\n|-resisted|p1a: Seviper\n|-damage|p1a: Seviper|0 fnt\n|faint|p1a: Seviper\n|\n|upkeep\n|\n|t:|1781412836\n|switch|p1a: Victreebel|Victreebel, L90, F|290/290\n|turn|15\n|\n|t:|1781412847\n|switch|p2a: Gholdengo|Gholdengo, L77|261/261\n|move|p1a: Victreebel|Sludge Wave|p2a: Gholdengo\n|-immune|p2a: Gholdengo\n|\n|upkeep\n|turn|16\n|\n|t:|1781412858\n|move|p2a: Gholdengo|Make It Rain|p1a: Victreebel\n|-damage|p1a: Victreebel|128/290\n|-unboost|p2a: Gholdengo|spa|1\n|move|p1a: Victreebel|Knock Off|p2a: Gholdengo\n|-supereffective|p2a: Gholdengo\n|-damage|p2a: Gholdengo|17/261\n|-enditem|p2a: Gholdengo|Choice Scarf|[from] move: Knock Off|[of] p1a: Victreebel\n|-damage|p1a: Victreebel|99/290|[from] item: Life Orb\n|\n|upkeep\n|turn|17\n|\n|t:|1781412875\n|move|p1a: Victreebel|Knock Off|p2a: Gholdengo\n|-supereffective|p2a: Gholdengo\n|-damage|p2a: Gholdengo|0 fnt\n|faint|p2a: Gholdengo\n|-damage|p1a: Victreebel|70/290|[from] item: Life Orb\n|\n|upkeep\n|l|\u2606Laaaaka\n|inactive|Laaaaka disconnected and has a minute to reconnect!\n|player|p1|\n|\n|t:|1781412893\n|switch|p2a: Whimsicott|Whimsicott, L84, F|238/238\n|turn|18\n|j|\u2606Laaaaka\n|inactive|Laaaaka reconnected and has 140 seconds left.\n|player|p1|Laaaaka|benga|\n|\n|t:|1781412915\n|move|p2a: Whimsicott|Substitute|p2a: Whimsicott\n|-start|p2a: Whimsicott|Substitute\n|-damage|p2a: Whimsicott|179/238\n|move|p1a: Victreebel|Sludge Wave|p2a: Whimsicott\n|-supereffective|p2a: Whimsicott\n|-end|p2a: Whimsicott|Substitute\n|-damage|p1a: Victreebel|41/290|[from] item: Life Orb\n|\n|-heal|p2a: Whimsicott|193/238|[from] item: Leftovers\n|upkeep\n|turn|19\n|\n|t:|1781412927\n|move|p2a: Whimsicott|Moonblast|p1a: Victreebel\n|-resisted|p1a: Victreebel\n|-damage|p1a: Victreebel|0 fnt\n|faint|p1a: Victreebel\n|\n|-heal|p2a: Whimsicott|207/238|[from] item: Leftovers\n|upkeep\n|\n|t:|1781412936\n|switch|p1a: Sinistcha|Sinistcha, L83|254/254\n|turn|20\n|\n|t:|1781412946\n|switch|p2a: Uxie|Uxie, L83|260/260\n|-terastallize|p1a: Sinistcha|Steel\n|move|p1a: Sinistcha|Calm Mind|p1a: Sinistcha\n|-boost|p1a: Sinistcha|spa|1\n|-boost|p1a: Sinistcha|spd|1\n|\n|upkeep\n|turn|21\n|\n|t:|1781412958\n|move|p2a: Uxie|Encore|p1a: Sinistcha\n|-start|p1a: Sinistcha|Encore\n|move|p1a: Sinistcha|Calm Mind|p1a: Sinistcha\n|-boost|p1a: Sinistcha|spa|1\n|-boost|p1a: Sinistcha|spd|1\n|\n|upkeep\n|turn|22\n|\n|t:|1781412964\n|move|p2a: Uxie|Knock Off|p1a: Sinistcha\n|-damage|p1a: Sinistcha|204/254\n|-enditem|p1a: Sinistcha|Leftovers|[from] move: Knock Off|[of] p2a: Uxie\n|move|p1a: Sinistcha|Calm Mind|p1a: Sinistcha\n|-boost|p1a: Sinistcha|spa|1\n|-boost|p1a: Sinistcha|spd|1\n|\n|upkeep\n|turn|23\n|\n|t:|1781412983\n|move|p2a: Uxie|Thunder Wave|p1a: Sinistcha\n|-status|p1a: Sinistcha|par\n|cant|p1a: Sinistcha|par\n|\n|-end|p1a: Sinistcha|Encore\n|upkeep\n|turn|24\n|\n|t:|1781412991\n|move|p2a: Uxie|Knock Off|p1a: Sinistcha\n|-damage|p1a: Sinistcha|171/254 par\n|cant|p1a: Sinistcha|par\n|\n|upkeep\n|turn|25\n|\n|t:|1781412996\n|move|p2a: Uxie|Encore|p1a: Sinistcha\n|-start|p1a: Sinistcha|Encore\n|cant|p1a: Sinistcha|par\n|\n|upkeep\n|turn|26\n|\n|t:|1781413002\n|move|p2a: Uxie|Knock Off|p1a: Sinistcha\n|-damage|p1a: Sinistcha|137/254 par\n|cant|p1a: Sinistcha|par\n|\n|upkeep\n|turn|27\n|\n|t:|1781413008\n|move|p2a: Uxie|Knock Off|p1a: Sinistcha\n|-damage|p1a: Sinistcha|102/254 par\n|move|p1a: Sinistcha|Calm Mind|p1a: Sinistcha\n|-boost|p1a: Sinistcha|spa|1\n|-boost|p1a: Sinistcha|spd|1\n|\n|-end|p1a: Sinistcha|Encore\n|upkeep\n|turn|28\n|\n|t:|1781413016\n|move|p2a: Uxie|Knock Off|p1a: Sinistcha\n|-damage|p1a: Sinistcha|67/254 par\n|cant|p1a: Sinistcha|par\n|\n|upkeep\n|turn|29\n|\n|t:|1781413023\n|move|p2a: Uxie|Encore|p1a: Sinistcha\n|-start|p1a: Sinistcha|Encore\n|move|p1a: Sinistcha|Calm Mind|p1a: Sinistcha\n|-boost|p1a: Sinistcha|spa|1\n|-boost|p1a: Sinistcha|spd|1\n|\n|upkeep\n|turn|30\n|n|!Laaaaka|laaaaka\n|\n|t:|1781413040\n|move|p2a: Uxie|Knock Off|p1a: Sinistcha\n|-damage|p1a: Sinistcha|37/254 par\n|move|p1a: Sinistcha|Calm Mind|p1a: Sinistcha\n|-boost|p1a: Sinistcha|spa|1\n|-boost|p1a: Sinistcha|spd|1\n|\n|upkeep\n|turn|31\n|\n|t:|1781413046\n|move|p2a: Uxie|Knock Off|p1a: Sinistcha\n|-damage|p1a: Sinistcha|1/254 par\n|move|p1a: Sinistcha|Calm Mind|p1a: Sinistcha\n|-boost|p1a: Sinistcha|spa|0\n|-boost|p1a: Sinistcha|spd|0\n|\n|-end|p1a: Sinistcha|Encore\n|upkeep\n|turn|32\n|\n|t:|1781413055\n|move|p2a: Uxie|Knock Off|p1a: Sinistcha\n|-damage|p1a: Sinistcha|0 fnt\n|faint|p1a: Sinistcha\n|\n|upkeep\n|\n|t:|1781413060\n|switch|p1a: Tyranitar|Tyranitar, L78, M|284/284\n|-weather|Sandstorm|[from] ability: Sand Stream|[of] p1a: Tyranitar\n|turn|33\n|\n|t:|1781413067\n|switch|p2a: Whimsicott|Whimsicott, L84, F|207/238\n|move|p1a: Tyranitar|Knock Off|p2a: Whimsicott\n|-resisted|p2a: Whimsicott\n|-damage|p2a: Whimsicott|143/238\n|-enditem|p2a: Whimsicott|Leftovers|[from] move: Knock Off|[of] p1a: Tyranitar\n|\n|-weather|Sandstorm|[upkeep]\n|-damage|p2a: Whimsicott|129/238|[from] Sandstorm\n|upkeep\n|turn|34\n|\n|t:|1781413078\n|move|p2a: Whimsicott|Leech Seed|p1a: Tyranitar\n|-hint|Since gen 7, Dark is immune to Prankster moves.\n|-immune|p1a: Tyranitar\n|move|p1a: Tyranitar|Stone Edge|p2a: Whimsicott\n|-damage|p2a: Whimsicott|17/238\n|\n|-weather|Sandstorm|[upkeep]\n|-damage|p2a: Whimsicott|3/238|[from] Sandstorm\n|upkeep\n|turn|35\n|\n|t:|1781413089\n|move|p2a: Whimsicott|Moonblast|p1a: Tyranitar\n|-supereffective|p1a: Tyranitar\n|-damage|p1a: Tyranitar|212/284\n|move|p1a: Tyranitar|Knock Off|p2a: Whimsicott\n|-resisted|p2a: Whimsicott\n|-damage|p2a: Whimsicott|0 fnt\n|faint|p2a: Whimsicott\n|\n|-weather|Sandstorm|[upkeep]\n|upkeep\n|\n|t:|1781413099\n|switch|p2a: Miraidon|Miraidon, L65|238/238\n|-fieldstart|move: Electric Terrain|[from] ability: Hadron Engine|[of] p2a: Miraidon\n|turn|36\n|\n|t:|1781413115\n|move|p2a: Miraidon|Electro Drift|p1a: Tyranitar\n|-damage|p1a: Tyranitar|112/284\n|move|p1a: Tyranitar|Earthquake|p2a: Miraidon\n|-supereffective|p2a: Miraidon\n|-damage|p2a: Miraidon|40/238\n|\n|-weather|Sandstorm|[upkeep]\n|-damage|p2a: Miraidon|26/238|[from] Sandstorm\n|upkeep\n|turn|37\n|\n|t:|1781413128\n|move|p2a: Miraidon|Electro Drift|p1a: Tyranitar\n|-damage|p1a: Tyranitar|7/284\n|move|p1a: Tyranitar|Knock Off|p2a: Miraidon\n|-damage|p2a: Miraidon|0 fnt\n|-enditem|p2a: Miraidon|Choice Specs|[from] move: Knock Off|[of] p1a: Tyranitar\n|faint|p2a: Miraidon\n|\n|-weather|none\n|upkeep\n|\n|t:|1781413138\n|switch|p2a: Uxie|Uxie, L83|260/260\n|turn|38\n|\n|t:|1781413142\n|move|p2a: Uxie|Knock Off|p1a: Tyranitar\n|-resisted|p1a: Tyranitar\n|-damage|p1a: Tyranitar|0 fnt\n|-enditem|p1a: Tyranitar|Assault Vest|[from] move: Knock Off|[of] p2a: Uxie\n|faint|p1a: Tyranitar\n|\n|upkeep\n|\n|t:|1781413148\n|switch|p1a: Kingdra|Kingdra, L84, M|263/263\n|turn|39\n|\n|t:|1781413156\n|move|p2a: Uxie|Thunder Wave|p1a: Kingdra\n|-status|p1a: Kingdra|par\n|-enditem|p1a: Kingdra|Lum Berry|[eat]\n|-curestatus|p1a: Kingdra|par|[msg]\n|move|p1a: Kingdra|Dragon Dance|p1a: Kingdra\n|-boost|p1a: Kingdra|atk|1\n|-boost|p1a: Kingdra|spe|1\n|\n|upkeep\n|turn|40\n|\n|t:|1781413170\n|move|p1a: Kingdra|Outrage|p2a: Uxie\n|-crit|p2a: Uxie\n|-damage|p2a: Uxie|0 fnt\n|faint|p2a: Uxie\n|\n|win|Laaaaka\n", "inputlog": ">version a8376a258c1d4662feba110a92103f3664a72141\n>start {\"formatid\":\"gen9randombattle\",\"seed\":\"sodium,64a278b77c61da56733d4ddcf97d8fd4\",\"rated\":\"Rated battle\"}\n>player p1 {\"name\":\"Laaaaka\",\"avatar\":\"benga\",\"rating\":1213,\"seed\":\"sodium,908f06a74f7650482e5c34ed11ec405d\"}\n>player p2 {\"name\":\"orenot\",\"avatar\":\"gambler\",\"rating\":1247,\"seed\":\"sodium,7f52f3c44313612aa057d1b9c7f4ade2\"}\n>p1 move nastyplot\n>p2 move earthquake\n>p1 move thunderbolt\n>p2 move earthquake\n>p2 switch 5\n>p1 move thunderbolt\n>p2 move shadowball\n>p1 switch 3\n>p1 move knockoff\n>p2 switch 4\n>p1 move icebeam\n>p2 move focusblast\n>p2 switch 2\n>p1 switch 4\n>p2 move substitute\n>p1 move gunkshot\n>p2 move leechseed\n>p1 move gunkshot\n>p2 move substitute\n>p1 move swordsdance\n>p2 move substitute\n>p1 move trailblaze\n>p2 move encore\n>p1 move swordsdance\n>p2 move moonblast\n>p1 move swordsdance\n>p2 move moonblast\n>p1 move gunkshot\n>p2 move encore\n>p1 move swordsdance\n>p2 move moonblast\n>p1 switch 5\n>p1 move sludgewave\n>p2 switch 4\n>p1 move knockoff\n>p2 move makeitrain\n>p1 move knockoff\n>p2 move makeitrain\n>p2 switch 4\n>p1 move sludgewave\n>p2 move substitute\n>p1 move strengthsap\n>p2 move moonblast\n>p1 switch 2\n>p1 move calmmind terastallize\n>p2 switch 6\n>p1 move shadowball\n>p2 move encore\n>p1 move calmmind\n>p2 move knockoff\n>p1 move calmmind\n>p2 move thunderwave\n>p1 move shadowball\n>p2 move knockoff\n>p1 move shadowball\n>p2 move encore\n>p1 move calmmind\n>p2 move knockoff\n>p1 move calmmind\n>p2 move knockoff\n>p1 move shadowball\n>p2 move knockoff\n>p1 move shadowball\n>p2 move encore\n>chat \u2606Laaaaka|fuck you\n>p1 move calmmind\n>p2 move knockoff\n>p1 move calmmind\n>p2 move knockoff\n>p1 move shadowball\n>p2 move knockoff\n>p1 switch 4\n>p1 move knockoff\n>p2 switch 6\n>p1 move stoneedge\n>p2 move leechseed\n>p1 move knockoff\n>p2 move moonblast\n>p2 switch 3\n>p1 move earthquake\n>p2 move electrodrift\n>p1 move knockoff\n>p2 move electrodrift\n>p2 switch 6\n>p1 move knockoff\n>p2 move knockoff\n>p1 switch 6\n>p1 move dragondance\n>p2 move thunderwave\n>p1 move outrage\n>p2 move thunderwave", "uploadtime": 1781413032, "views": 4, "formatid": "gen9randombattle", "rating": null, "private": 0, "password": null}