{"id": "gen9randombattle-2631562600", "format": "[Gen 9] Random Battle", "players": ["Chopsuey84", "Green Calf"], "log": "|j|\u203dChopsuey84\n|j|\u2606Green Calf\n|t:|1781401730\n|gametype|singles\n|player|p1|Chopsuey84|169|1916\n|player|p2|Green Calf|266|1910\n|gen|9\n|tier|[Gen 9] Random Battle\n|rated|\n|rule|Species Clause: Limit one of each Pok\u00e9mon\n|rule|HP Percentage Mod: HP is shown in percentages\n|rule|Sleep Clause Mod: Limit one foe put to sleep\n|rule|Illusion Level Mod: Illusion disguises the Pok\u00e9mon's true level\n|\n|t:|1781401730\n|teamsize|p1|6\n|teamsize|p2|6\n|start\n|switch|p1a: Ambipom|Ambipom, L84, M|263/263\n|switch|p2a: Grimmsnarl|Grimmsnarl, L83, M|293/293\n|turn|1\n|\n|t:|1781401739\n|move|p1a: Ambipom|Fake Out|p2a: Grimmsnarl\n|-damage|p2a: Grimmsnarl|187/293\n|cant|p2a: Grimmsnarl|flinch\n|\n|upkeep\n|turn|2\n|\n|t:|1781401752\n|switch|p1a: Hatterene|Hatterene, L85, F|236/236\n|move|p2a: Grimmsnarl|Reflect|p2a: Grimmsnarl\n|-sidestart|p2: Green Calf|Reflect\n|\n|upkeep\n|turn|3\n|\n|t:|1781401761\n|move|p2a: Grimmsnarl|Light Screen|p2a: Grimmsnarl\n|-sidestart|p2: Green Calf|move: Light Screen\n|move|p1a: Hatterene|Calm Mind|p1a: Hatterene\n|-boost|p1a: Hatterene|spa|1\n|-boost|p1a: Hatterene|spd|1\n|\n|upkeep\n|turn|4\n|\n|t:|1781401770\n|move|p2a: Grimmsnarl|Spirit Break|p1a: Hatterene\n|-damage|p1a: Hatterene|142/236\n|-unboost|p1a: Hatterene|spa|1\n|move|p1a: Hatterene|Calm Mind|p1a: Hatterene\n|-boost|p1a: Hatterene|spa|1\n|-boost|p1a: Hatterene|spd|1\n|\n|-heal|p1a: Hatterene|156/236|[from] item: Leftovers\n|upkeep\n|turn|5\n|\n|t:|1781401781\n|move|p2a: Grimmsnarl|Spirit Break|p1a: Hatterene\n|-damage|p1a: Hatterene|71/236\n|-unboost|p1a: Hatterene|spa|1\n|move|p1a: Hatterene|Calm Mind|p1a: Hatterene\n|-boost|p1a: Hatterene|spa|1\n|-boost|p1a: Hatterene|spd|1\n|\n|-heal|p1a: Hatterene|85/236|[from] item: Leftovers\n|upkeep\n|turn|6\n|\n|t:|1781401814\n|move|p2a: Grimmsnarl|Spirit Break|p1a: Hatterene\n|-damage|p1a: Hatterene|1/236\n|-unboost|p1a: Hatterene|spa|1\n|move|p1a: Hatterene|Draining Kiss|p2a: Grimmsnarl\n|-supereffective|p2a: Grimmsnarl\n|-damage|p2a: Grimmsnarl|106/293\n|-heal|p1a: Hatterene|62/236|[from] drain|[of] p2a: Grimmsnarl\n|\n|-heal|p1a: Hatterene|76/236|[from] item: Leftovers\n|upkeep\n|turn|7\n|inactive|Battle timer is ON: inactive players will automatically lose when time's up. (requested by Chopsuey84)\n|\n|t:|1781401822\n|move|p2a: Grimmsnarl|Spirit Break|p1a: Hatterene\n|-damage|p1a: Hatterene|0 fnt\n|faint|p1a: Hatterene\n|\n|upkeep\n|\n|t:|1781401830\n|switch|p1a: Garganacl|Garganacl, L80, F|291/291\n|turn|8\n|\n|t:|1781401836\n|move|p2a: Grimmsnarl|Parting Shot|p1a: Garganacl\n|-unboost|p1a: Garganacl|atk|1\n|-unboost|p1a: Garganacl|spa|1\n|\n|t:|1781401840\n|switch|p2a: Duraludon|Duraludon, L82, F|249/249|[from] Parting Shot\n|move|p1a: Garganacl|Salt Cure|p2a: Duraludon\n|-resisted|p2a: Duraludon\n|-damage|p2a: Duraludon|246/249\n|-start|p2a: Duraludon|Salt Cure\n|\n|-damage|p2a: Duraludon|184/249|[from] Salt Cure\n|upkeep\n|turn|9\n|\n|t:|1781401846\n|move|p2a: Duraludon|Flash Cannon|p1a: Garganacl\n|-supereffective|p1a: Garganacl\n|-crit|p1a: Garganacl\n|-damage|p1a: Garganacl|0 fnt\n|faint|p1a: Garganacl\n|\n|-damage|p2a: Duraludon|122/249|[from] Salt Cure\n|-sideend|p2: Green Calf|Reflect\n|upkeep\n|\n|t:|1781401865\n|switch|p1a: Ambipom|Ambipom, L84, M|263/263\n|turn|10\n|\n|t:|1781401890\n|move|p1a: Ambipom|Fake Out|p2a: Duraludon\n|-resisted|p2a: Duraludon\n|-damage|p2a: Duraludon|99/249\n|cant|p2a: Duraludon|flinch\n|\n|-damage|p2a: Duraludon|37/249|[from] Salt Cure\n|-sideend|p2: Green Calf|move: Light Screen\n|upkeep\n|turn|11\n|\n|t:|1781401907\n|move|p1a: Ambipom|Knock Off|p2a: Duraludon\n|-damage|p2a: Duraludon|0 fnt\n|-enditem|p2a: Duraludon|Eviolite|[from] move: Knock Off|[of] p1a: Ambipom\n|faint|p2a: Duraludon\n|\n|upkeep\n|inactive|Green Calf has 120 seconds left.\n|\n|t:|1781401947\n|switch|p2a: Grimmsnarl|Grimmsnarl, L83, M|106/293\n|turn|12\n|\n|t:|1781401950\n|switch|p1a: Dusknoir|Dusknoir, L89, M|225/225\n|-item|p2a: Grimmsnarl|Light Clay|[from] ability: Frisk|[of] p1a: Dusknoir\n|move|p2a: Grimmsnarl|Reflect|p2a: Grimmsnarl\n|-sidestart|p2: Green Calf|Reflect\n|\n|upkeep\n|turn|13\n|inactive|Green Calf has 120 seconds left.\n|inactive|Green Calf has 90 seconds left.\n|\n|t:|1781402008\n|move|p2a: Grimmsnarl|Parting Shot|p1a: Dusknoir\n|-unboost|p1a: Dusknoir|atk|1\n|-unboost|p1a: Dusknoir|spa|1\n|\n|t:|1781402011\n|switch|p2a: Gumshoos|Gumshoos, L95, F|321/321|[from] Parting Shot\n|move|p1a: Dusknoir|Will-O-Wisp|p2a: Gumshoos\n|-status|p2a: Gumshoos|brn\n|\n|-damage|p2a: Gumshoos|301/321 brn|[from] brn\n|upkeep\n|turn|14\n|inactive|Chopsuey84 has 120 seconds left.\n|\n|t:|1781402048\n|move|p2a: Gumshoos|U-turn|p1a: Dusknoir\n|-resisted|p1a: Dusknoir\n|-damage|p1a: Dusknoir|209/225\n|\n|t:|1781402059\n|switch|p2a: Hypno|Hypno, L95, M|315/315|[from] U-turn\n|move|p1a: Dusknoir|Pain Split|p2a: Hypno\n|-sethp|p2a: Hypno|262/315|[from] move: Pain Split|[silent]\n|-sethp|p1a: Dusknoir|225/225|[from] move: Pain Split\n|\n|-heal|p2a: Hypno|281/315|[from] item: Leftovers\n|upkeep\n|turn|15\n|\n|t:|1781402063\n|move|p2a: Hypno|Toxic|p1a: Dusknoir\n|-status|p1a: Dusknoir|tox\n|move|p1a: Dusknoir|Poltergeist|p2a: Hypno\n|-activate|p2a: Hypno|move: Poltergeist|Leftovers\n|-supereffective|p2a: Hypno\n|-damage|p2a: Hypno|193/315\n|\n|-heal|p2a: Hypno|212/315|[from] item: Leftovers\n|-damage|p1a: Dusknoir|211/225 tox|[from] psn\n|upkeep\n|turn|16\n|\n|t:|1781402068\n|move|p2a: Hypno|Psychic Noise|p1a: Dusknoir\n|-damage|p1a: Dusknoir|151/225 tox\n|-start|p1a: Dusknoir|move: Heal Block\n|move|p1a: Dusknoir|Will-O-Wisp|p2a: Hypno|[miss]\n|-miss|p1a: Dusknoir|p2a: Hypno\n|\n|-heal|p2a: Hypno|231/315|[from] item: Leftovers\n|-damage|p1a: Dusknoir|123/225 tox|[from] psn\n|upkeep\n|turn|17\n|\n|t:|1781402072\n|move|p2a: Hypno|Protect|p2a: Hypno\n|-singleturn|p2a: Hypno|Protect\n|move|p1a: Dusknoir|Pain Split|p2a: Hypno\n|-activate|p2a: Hypno|move: Protect\n|\n|-heal|p2a: Hypno|250/315|[from] item: Leftovers\n|-damage|p1a: Dusknoir|81/225 tox|[from] psn\n|-end|p1a: Dusknoir|move: Heal Block\n|upkeep\n|turn|18\n|\n|t:|1781402074\n|move|p2a: Hypno|Psychic Noise|p1a: Dusknoir\n|-damage|p1a: Dusknoir|26/225 tox\n|-start|p1a: Dusknoir|move: Heal Block\n|move|p1a: Dusknoir|Pain Split|p2a: Hypno\n|-sethp|p2a: Hypno|138/315|[from] move: Pain Split|[silent]\n|-sethp|p1a: Dusknoir|138/225 tox|[from] move: Pain Split\n|\n|-heal|p2a: Hypno|157/315|[from] item: Leftovers\n|-damage|p1a: Dusknoir|82/225 tox|[from] psn\n|upkeep\n|turn|19\n|\n|t:|1781402079\n|move|p2a: Hypno|Protect|p2a: Hypno\n|-singleturn|p2a: Hypno|Protect\n|move|p1a: Dusknoir|Will-O-Wisp|p2a: Hypno\n|-activate|p2a: Hypno|move: Protect\n|\n|-heal|p2a: Hypno|176/315|[from] item: Leftovers\n|-damage|p1a: Dusknoir|12/225 tox|[from] psn\n|-end|p1a: Dusknoir|move: Heal Block\n|-sideend|p2: Green Calf|Reflect\n|upkeep\n|turn|20\n|\n|t:|1781402082\n|move|p1a: Dusknoir|Shadow Sneak|p2a: Hypno\n|-supereffective|p2a: Hypno\n|-damage|p2a: Hypno|98/315\n|move|p2a: Hypno|Psychic Noise|p1a: Dusknoir\n|-damage|p1a: Dusknoir|0 fnt\n|faint|p1a: Dusknoir\n|\n|-heal|p2a: Hypno|117/315|[from] item: Leftovers\n|upkeep\n|\n|t:|1781402092\n|switch|p1a: Froslass|Froslass, L87, F|263/263\n|turn|21\n|\n|t:|1781402103\n|move|p2a: Hypno|Protect|p2a: Hypno\n|-singleturn|p2a: Hypno|Protect\n|move|p1a: Froslass|Triple Axel|p2a: Hypno\n|-activate|p2a: Hypno|move: Protect\n|\n|-heal|p2a: Hypno|136/315|[from] item: Leftovers\n|upkeep\n|turn|22\n|\n|t:|1781402111\n|move|p1a: Froslass|Poltergeist|p2a: Hypno\n|-activate|p2a: Hypno|move: Poltergeist|Leftovers\n|-supereffective|p2a: Hypno\n|-damage|p2a: Hypno|0 fnt\n|faint|p2a: Hypno\n|\n|upkeep\n|\n|t:|1781402114\n|switch|p2a: Grimmsnarl|Grimmsnarl, L83, M|106/293\n|turn|23\n|\n|t:|1781402120\n|move|p2a: Grimmsnarl|Reflect|p2a: Grimmsnarl\n|-sidestart|p2: Green Calf|Reflect\n|move|p1a: Froslass|Triple Axel|p2a: Grimmsnarl\n|-damage|p2a: Grimmsnarl|93/293\n|-damage|p2a: Grimmsnarl|68/293\n|-damage|p2a: Grimmsnarl|33/293\n|-hitcount|p2a: Grimmsnarl|3\n|\n|upkeep\n|turn|24\n|\n|t:|1781402131\n|move|p2a: Grimmsnarl|Light Screen|p2a: Grimmsnarl\n|-sidestart|p2: Green Calf|move: Light Screen\n|move|p1a: Froslass|Triple Axel|p2a: Grimmsnarl\n|-damage|p2a: Grimmsnarl|20/293\n|-crit|p2a: Grimmsnarl\n|-damage|p2a: Grimmsnarl|0 fnt\n|faint|p2a: Grimmsnarl\n|-hitcount|p2: Grimmsnarl|2\n|\n|upkeep\n|\n|t:|1781402135\n|switch|p2a: Gumshoos|Gumshoos, L95, F|301/321 brn\n|turn|25\n|\n|t:|1781402161\n|move|p1a: Froslass|Triple Axel|p2a: Gumshoos\n|-damage|p2a: Gumshoos|289/321 brn\n|-damage|p2a: Gumshoos|266/321 brn\n|-damage|p2a: Gumshoos|235/321 brn\n|-hitcount|p2a: Gumshoos|3\n|move|p2a: Gumshoos|Knock Off|p1a: Froslass\n|-supereffective|p1a: Froslass\n|-damage|p1a: Froslass|86/263\n|-enditem|p1a: Froslass|Wide Lens|[from] move: Knock Off|[of] p2a: Gumshoos\n|\n|-damage|p2a: Gumshoos|215/321 brn|[from] brn\n|upkeep\n|turn|26\n|\n|t:|1781402185\n|move|p1a: Froslass|Destiny Bond|p1a: Froslass\n|-singlemove|p1a: Froslass|Destiny Bond\n|move|p2a: Gumshoos|Knock Off|p1a: Froslass\n|-supereffective|p1a: Froslass\n|-damage|p1a: Froslass|0 fnt\n|-start|p2a: Gumshoos|Disable|Knock Off|[from] ability: Cursed Body|[of] p1a: Froslass\n|faint|p1a: Froslass\n|-activate|p1a: Froslass|move: Destiny Bond\n|faint|p2a: Gumshoos\n|\n|upkeep\n|\n|t:|1781402192\n|switch|p1a: Ambipom|Ambipom, L84, M|263/263\n|switch|p2a: Sylveon|Sylveon, L85, M|300/300\n|turn|27\n|\n|t:|1781402212\n|move|p2a: Sylveon|Protect|p2a: Sylveon\n|-singleturn|p2a: Sylveon|Protect\n|move|p1a: Ambipom|Fake Out|p2a: Sylveon\n|-activate|p2a: Sylveon|move: Protect\n|\n|upkeep\n|turn|28\n|\n|t:|1781402223\n|move|p1a: Ambipom|Knock Off|p2a: Sylveon\n|-resisted|p2a: Sylveon\n|-damage|p2a: Sylveon|280/300\n|-enditem|p2a: Sylveon|Leftovers|[from] move: Knock Off|[of] p1a: Ambipom\n|move|p2a: Sylveon|Hyper Voice|p1a: Ambipom\n|-damage|p1a: Ambipom|103/263\n|\n|upkeep\n|turn|29\n|\n|t:|1781402233\n|move|p1a: Ambipom|U-turn|p2a: Sylveon\n|-resisted|p2a: Sylveon\n|-damage|p2a: Sylveon|265/300\n|\n|t:|1781402235\n|switch|p1a: Kyogre|Kyogre, L71|259/259|[from] U-turn\n|-weather|RainDance|[from] ability: Drizzle|[of] p1a: Kyogre\n|move|p2a: Sylveon|Hyper Voice|p1a: Kyogre\n|-damage|p1a: Kyogre|151/259\n|\n|-weather|RainDance|[upkeep]\n|-heal|p1a: Kyogre|167/259|[from] item: Leftovers\n|upkeep\n|turn|30\n|inactive|Green Calf has 120 seconds left.\n|\n|t:|1781402288\n|-terastallize|p1a: Kyogre|Steel\n|move|p1a: Kyogre|Calm Mind|p1a: Kyogre\n|-boost|p1a: Kyogre|spa|1\n|-boost|p1a: Kyogre|spd|1\n|move|p2a: Sylveon|Hyper Voice|p1a: Kyogre\n|-resisted|p1a: Kyogre\n|-damage|p1a: Kyogre|129/259\n|\n|-weather|RainDance|[upkeep]\n|-heal|p1a: Kyogre|145/259|[from] item: Leftovers\n|-sideend|p2: Green Calf|Reflect\n|upkeep\n|turn|31\n|\n|t:|1781402294\n|switch|p2a: Raging Bolt|Raging Bolt, L78|323/323\n|move|p1a: Kyogre|Calm Mind|p1a: Kyogre\n|-boost|p1a: Kyogre|spa|1\n|-boost|p1a: Kyogre|spd|1\n|\n|-weather|RainDance|[upkeep]\n|-heal|p1a: Kyogre|161/259|[from] item: Leftovers\n|-sideend|p2: Green Calf|move: Light Screen\n|upkeep\n|turn|32\n|\n|t:|1781402302\n|-terastallize|p2a: Raging Bolt|Electric\n|move|p1a: Kyogre|Calm Mind|p1a: Kyogre\n|-boost|p1a: Kyogre|spa|1\n|-boost|p1a: Kyogre|spd|1\n|move|p2a: Raging Bolt|Discharge|p1a: Kyogre\n|-damage|p1a: Kyogre|113/259\n|\n|-weather|RainDance|[upkeep]\n|-heal|p1a: Kyogre|129/259|[from] item: Leftovers\n|upkeep\n|turn|33\n|\n|t:|1781402315\n|move|p1a: Kyogre|Origin Pulse|p2a: Raging Bolt\n|-damage|p2a: Raging Bolt|25/323\n|move|p2a: Raging Bolt|Discharge|p1a: Kyogre\n|-damage|p1a: Kyogre|87/259\n|\n|-weather|none\n|-heal|p1a: Kyogre|103/259|[from] item: Leftovers\n|upkeep\n|turn|34\n|inactive|Green Calf has 120 seconds left.\n|\n|t:|1781402345\n|move|p2a: Raging Bolt|Thunderclap|p1a: Kyogre\n|-damage|p1a: Kyogre|65/259\n|move|p1a: Kyogre|Ice Beam|p2a: Raging Bolt\n|-damage|p2a: Raging Bolt|0 fnt\n|faint|p2a: Raging Bolt\n|-end|p2a: Raging Bolt|Protosynthesis|[silent]\n|\n|-heal|p1a: Kyogre|81/259|[from] item: Leftovers\n|upkeep\n|\n|t:|1781402348\n|switch|p2a: Sylveon|Sylveon, L85, M|265/300\n|turn|35\n|\n|t:|1781402351\n|move|p1a: Kyogre|Origin Pulse|p2a: Sylveon\n|-damage|p2a: Sylveon|49/300\n|move|p2a: Sylveon|Wish|p2a: Sylveon\n|\n|-heal|p1a: Kyogre|97/259|[from] item: Leftovers\n|upkeep\n|turn|36\n|\n|t:|1781402355\n|move|p2a: Sylveon|Protect|p2a: Sylveon\n|-singleturn|p2a: Sylveon|Protect\n|move|p1a: Kyogre|Ice Beam|p2a: Sylveon\n|-activate|p2a: Sylveon|move: Protect\n|\n|-heal|p2a: Sylveon|199/300|[from] move: Wish|[wisher] Sylveon\n|-heal|p1a: Kyogre|113/259|[from] item: Leftovers\n|upkeep\n|turn|37\n|-message|Green Calf forfeited.\n|\n|win|Chopsuey84\n", "inputlog": ">version a8376a258c1d4662feba110a92103f3664a72141\n>start {\"formatid\":\"gen9randombattle\",\"seed\":\"sodium,689d929ccd9a44241b9988ca7044363f\",\"rated\":\"Rated battle\"}\n>player p1 {\"name\":\"Chopsuey84\",\"avatar\":\"169\",\"rating\":1916,\"seed\":\"sodium,a84c924040e24acef9a1f59319664551\"}\n>player p2 {\"name\":\"Green Calf\",\"avatar\":\"266\",\"rating\":1910,\"seed\":\"sodium,dfd5870ebfcd187044c1e52c782f1dce\"}\n>p1 move fakeout\n>p2 move reflect\n>p1 switch 4\n>p2 move reflect\n>p1 move calmmind\n>p2 move lightscreen\n>p1 move calmmind\n>p2 move spiritbreak\n>p1 move calmmind\n>p2 move spiritbreak\n>p1 move drainingkiss\n>p2 move spiritbreak\n>p1 move drainingkiss\n>p2 move spiritbreak\n>p1 switch 5\n>p1 move saltcure\n>p2 move partingshot\n>p2 switch 5\n>p1 move stealthrock\n>p2 move flashcannon\n>p1 switch 4\n>p1 move fakeout\n>p2 move stealthrock\n>p1 move knockoff\n>p2 move bodypress\n>p2 switch 5\n>p1 switch 6\n>p2 move reflect\n>p1 move willowisp\n>p2 move partingshot\n>p2 switch 4\n>p1 move painsplit\n>p2 move uturn\n>p2 switch 6\n>p1 move poltergeist\n>p2 move toxic\n>p1 move willowisp\n>p2 move psychicnoise\n>p1 move painsplit\n>p2 move protect\n>p1 move painsplit\n>p2 move psychicnoise\n>p1 move willowisp\n>p2 move protect\n>p1 move shadowsneak\n>p2 move psychicnoise\n>p1 switch 3\n>p1 move tripleaxel\n>p2 move protect\n>p1 move poltergeist\n>p2 move toxic\n>p2 switch 4\n>p1 move tripleaxel\n>p2 move reflect\n>p1 move tripleaxel\n>p2 move lightscreen\n>p2 switch 6\n>p1 move tripleaxel\n>p2 move knockoff\n>p1 move destinybond\n>p2 move knockoff\n>p1 switch 6\n>p2 switch 2\n>p1 move fakeout\n>p2 move protect\n>p1 move knockoff\n>p2 move hypervoice\n>p1 move uturn\n>p2 move hypervoice\n>p1 switch 2\n>p1 move calmmind terastallize\n>p2 move hypervoice\n>p1 move calmmind\n>p2 switch 3\n>p1 move calmmind\n>p2 move discharge terastallize\n>p1 move originpulse\n>p2 move discharge\n>p1 move icebeam\n>p2 move thunderclap\n>p2 switch 3\n>p1 move originpulse\n>p2 move wish\n>p1 move icebeam\n>p2 move protect\n>forcelose p2", "uploadtime": 1781401732, "views": 4, "formatid": "gen9randombattle", "rating": null, "private": 0, "password": null}