{"id": "gen9randombattle-2631546257", "format": "[Gen 9] Random Battle", "players": ["Aquapower", "schleeby"], "log": "|j|\u203dAquapower\n|j|\u2606schleeby\n|t:|1781399451\n|gametype|singles\n|player|p1|Aquapower|102|1927\n|player|p2|schleeby|rosa|1957\n|gen|9\n|tier|[Gen 9] Random Battle\n|rated|\n|rule|Species Clause: Limit one of each Pok\u00e9mon\n|rule|HP Percentage Mod: HP is shown in percentages\n|rule|Sleep Clause Mod: Limit one foe put to sleep\n|rule|Illusion Level Mod: Illusion disguises the Pok\u00e9mon's true level\n|\n|t:|1781399451\n|teamsize|p1|6\n|teamsize|p2|6\n|start\n|switch|p1a: Beartic|Beartic, L91, F|321/321\n|switch|p2a: Porygon2|Porygon2, L81|270/270\n|-ability|p2a: Porygon2|Download|boost\n|-boost|p2a: Porygon2|spa|1\n|turn|1\n|\n|t:|1781399463\n|switch|p2a: Sableye|Sableye, L88, F|231/231\n|move|p1a: Beartic|Snowscape|p1a: Beartic\n|-weather|Snowscape\n|\n|-weather|Snowscape|[upkeep]\n|upkeep\n|turn|2\n|\n|t:|1781399473\n|switch|p1a: Rotom|Rotom-Wash, L82|216/216\n|move|p2a: Sableye|Will-O-Wisp|p1a: Rotom\n|-status|p1a: Rotom|brn\n|\n|-weather|Snowscape|[upkeep]\n|-damage|p1a: Rotom|203/216 brn|[from] brn\n|upkeep\n|turn|3\n|\n|t:|1781399487\n|switch|p2a: Porygon2|Porygon2, L81|270/270\n|-ability|p2a: Porygon2|Download|boost\n|-boost|p2a: Porygon2|spa|1\n|move|p1a: Rotom|Will-O-Wisp|p2a: Porygon2\n|-status|p2a: Porygon2|brn\n|\n|-weather|Snowscape|[upkeep]\n|-heal|p1a: Rotom|216/216 brn|[from] item: Leftovers\n|-damage|p1a: Rotom|203/216 brn|[from] brn\n|-damage|p2a: Porygon2|254/270 brn|[from] brn\n|upkeep\n|turn|4\n|\n|t:|1781399495\n|switch|p1a: Carbink|Carbink, L90|236/236\n|move|p2a: Porygon2|Tri Attack|p1a: Carbink\n|-resisted|p1a: Carbink\n|-damage|p1a: Carbink|194/236\n|\n|-weather|Snowscape|[upkeep]\n|-damage|p2a: Porygon2|238/270 brn|[from] brn\n|upkeep\n|turn|5\n|\n|t:|1781399504\n|switch|p2a: Leafeon|Leafeon, L88, F|258/258\n|move|p1a: Carbink|Moonblast|p2a: Leafeon\n|-damage|p2a: Leafeon|176/258\n|\n|-weather|none\n|-heal|p2a: Leafeon|192/258|[from] item: Leftovers\n|upkeep\n|turn|6\n|inactive|Battle timer is ON: inactive players will automatically lose when time's up. (requested by Aquapower)\n|\n|t:|1781399508\n|switch|p1a: Leavanny|Leavanny, L86, M|269/269\n|move|p2a: Leafeon|Leaf Blade|p1a: Leavanny\n|-resisted|p1a: Leavanny\n|-damage|p1a: Leavanny|239/269\n|\n|-heal|p2a: Leafeon|208/258|[from] item: Leftovers\n|upkeep\n|turn|7\n|\n|t:|1781399524\n|move|p2a: Leafeon|Double-Edge|p1a: Leavanny\n|-crit|p1a: Leavanny\n|-damage|p1a: Leavanny|68/269\n|-damage|p2a: Leafeon|152/258|[from] Recoil\n|move|p1a: Leavanny|Sticky Web|p2a: Leafeon\n|-sidestart|p2: schleeby|move: Sticky Web\n|\n|-heal|p2a: Leafeon|168/258|[from] item: Leftovers\n|upkeep\n|turn|8\n|\n|t:|1781399533\n|move|p2a: Leafeon|Double-Edge|p1a: Leavanny\n|-damage|p1a: Leavanny|0 fnt\n|faint|p1a: Leavanny\n|-damage|p2a: Leafeon|146/258|[from] Recoil\n|\n|-heal|p2a: Leafeon|162/258|[from] item: Leftovers\n|upkeep\n|\n|t:|1781399535\n|switch|p1a: Noivern|Noivern, L82, F|274/274\n|turn|9\n|\n|t:|1781399551\n|switch|p2a: Sableye|Sableye, L88, F|231/231\n|-activate|p2a: Sableye|move: Sticky Web\n|-unboost|p2a: Sableye|spe|1\n|move|p1a: Noivern|Hurricane|p2a: Sableye\n|-damage|p2a: Sableye|26/231\n|\n|-heal|p2a: Sableye|40/231|[from] item: Leftovers\n|upkeep\n|turn|10\n|\n|t:|1781399556\n|move|p2a: Sableye|Will-O-Wisp|p1a: Noivern|[miss]\n|-miss|p2a: Sableye|p1a: Noivern\n|move|p1a: Noivern|Hurricane|p2a: Sableye|[miss]\n|-miss|p1a: Noivern|p2a: Sableye\n|\n|-heal|p2a: Sableye|54/231|[from] item: Leftovers\n|upkeep\n|turn|11\n|\n|t:|1781399577\n|move|p2a: Sableye|Will-O-Wisp|p1a: Noivern\n|-status|p1a: Noivern|brn\n|move|p1a: Noivern|Hurricane|p2a: Sableye\n|-damage|p2a: Sableye|0 fnt\n|faint|p2a: Sableye\n|\n|-damage|p1a: Noivern|257/274 brn|[from] brn\n|upkeep\n|\n|t:|1781399584\n|switch|p2a: Malamar|Malamar, L82, M|275/275\n|-activate|p2a: Malamar|move: Sticky Web\n|-boost|p2a: Malamar|spe|1\n|turn|12\n|\n|t:|1781399595\n|move|p2a: Malamar|Superpower|p1a: Noivern\n|-resisted|p1a: Noivern\n|-damage|p1a: Noivern|218/274 brn\n|-boost|p2a: Malamar|atk|1\n|-boost|p2a: Malamar|def|1\n|move|p1a: Noivern|Hurricane|p2a: Malamar|[miss]\n|-miss|p1a: Noivern|p2a: Malamar\n|\n|-damage|p1a: Noivern|201/274 brn|[from] brn\n|upkeep\n|turn|13\n|\n|t:|1781399607\n|move|p2a: Malamar|Superpower|p1a: Noivern\n|-resisted|p1a: Noivern\n|-damage|p1a: Noivern|137/274 brn\n|-boost|p2a: Malamar|atk|1\n|-boost|p2a: Malamar|def|1\n|move|p1a: Noivern|Hurricane|p2a: Malamar|[miss]\n|-miss|p1a: Noivern|p2a: Malamar\n|\n|-damage|p1a: Noivern|120/274 brn|[from] brn\n|upkeep\n|turn|14\n|\n|t:|1781399612\n|move|p2a: Malamar|Knock Off|p1a: Noivern\n|-damage|p1a: Noivern|0 fnt\n|-enditem|p1a: Noivern|Choice Specs|[from] move: Knock Off|[of] p2a: Malamar\n|faint|p1a: Noivern\n|\n|upkeep\n|\n|t:|1781399616\n|switch|p1a: Carbink|Carbink, L90|194/236\n|turn|15\n|\n|t:|1781399619\n|move|p2a: Malamar|Superpower|p1a: Carbink\n|-damage|p1a: Carbink|107/236\n|-boost|p2a: Malamar|atk|1\n|-boost|p2a: Malamar|def|1\n|move|p1a: Carbink|Iron Defense|p1a: Carbink\n|-boost|p1a: Carbink|def|2\n|\n|upkeep\n|turn|16\n|\n|t:|1781399625\n|move|p2a: Malamar|Knock Off|p1a: Carbink\n|-resisted|p1a: Carbink\n|-damage|p1a: Carbink|71/236\n|-enditem|p1a: Carbink|Chesto Berry|[from] move: Knock Off|[of] p2a: Malamar\n|move|p1a: Carbink|Rest|p1a: Carbink\n|-status|p1a: Carbink|slp|[from] move: Rest\n|-heal|p1a: Carbink|236/236 slp|[silent]\n|\n|upkeep\n|turn|17\n|\n|t:|1781399629\n|move|p2a: Malamar|Superpower|p1a: Carbink\n|-damage|p1a: Carbink|173/236 slp\n|-boost|p2a: Malamar|atk|1\n|-boost|p2a: Malamar|def|1\n|cant|p1a: Carbink|slp\n|\n|upkeep\n|turn|18\n|\n|t:|1781399631\n|move|p2a: Malamar|Superpower|p1a: Carbink\n|-damage|p1a: Carbink|103/236 slp\n|-boost|p2a: Malamar|atk|1\n|-boost|p2a: Malamar|def|1\n|cant|p1a: Carbink|slp\n|\n|upkeep\n|turn|19\n|\n|t:|1781399643\n|move|p2a: Malamar|Superpower|p1a: Carbink\n|-damage|p1a: Carbink|27/236 slp\n|-boost|p2a: Malamar|atk|1\n|-boost|p2a: Malamar|def|1\n|-curestatus|p1a: Carbink|slp|[msg]\n|move|p1a: Carbink|Iron Defense|p1a: Carbink\n|-boost|p1a: Carbink|def|2\n|\n|upkeep\n|turn|20\n|\n|t:|1781399647\n|move|p2a: Malamar|Superpower|p1a: Carbink\n|-damage|p1a: Carbink|0 fnt\n|faint|p1a: Carbink\n|\n|upkeep\n|-message|Aquapower forfeited.\n|\n|win|schleeby\n", "inputlog": ">version a8376a258c1d4662feba110a92103f3664a72141\n>start {\"formatid\":\"gen9randombattle\",\"seed\":\"sodium,c0b303fbd0b44f07bd14c96ff848dc03\",\"rated\":\"Rated battle\"}\n>player p1 {\"name\":\"Aquapower\",\"avatar\":\"102\",\"rating\":1927,\"seed\":\"sodium,9b3ac060b2056fb2476c70d6c6176f2c\"}\n>player p2 {\"name\":\"schleeby\",\"avatar\":\"rosa\",\"rating\":1957,\"seed\":\"sodium,7640fed2bda18c0d3b6ddc1e480bb6a8\"}\n>p1 move snowscape\n>p2 switch 3\n>p1 switch 5\n>p2 move willowisp\n>p1 move willowisp\n>p2 switch 3\n>p1 switch 6\n>p2 move triattack\n>p1 move moonblast\n>p2 switch 5\n>p1 switch 3\n>p2 move leafblade\n>p1 move stickyweb\n>p2 move doubleedge\n>p1 move knockoff\n>p2 move doubleedge\n>p1 switch 2\n>p1 move hurricane\n>p2 switch 3\n>p1 move hurricane\n>p2 move willowisp\n>p1 move hurricane\n>p2 move willowisp\n>p2 switch 2\n>p1 move hurricane\n>p2 move superpower\n>p1 move hurricane\n>p2 move superpower\n>p1 move hurricane\n>p2 move knockoff\n>p1 switch 3\n>p1 move irondefense\n>p2 move superpower\n>p1 move rest\n>p2 move knockoff\n>p1 move irondefense\n>p2 move superpower\n>p1 move irondefense\n>p2 move superpower\n>p1 move irondefense\n>p2 move superpower\n>p1 move rest\n>p2 move superpower\n>forcelose p1", "uploadtime": 1781399453, "views": 4, "formatid": "gen9randombattle", "rating": null, "private": 0, "password": null}