{"id": "gen9randombattle-2631567651", "format": "[Gen 9] Random Battle", "players": ["bluesun000", "novashiii"], "log": "|j|\u2606bluesun000\n|j|\u2606novashiii\n|t:|1781402391\n|gametype|singles\n|player|p1|bluesun000|palmer|1937\n|player|p2|novashiii|waitress|1987\n|gen|9\n|tier|[Gen 9] Random Battle\n|rated|\n|rule|Species Clause: Limit one of each Pok\u00e9mon\n|rule|HP Percentage Mod: HP is shown in percentages\n|rule|Sleep Clause Mod: Limit one foe put to sleep\n|rule|Illusion Level Mod: Illusion disguises the Pok\u00e9mon's true level\n|\n|t:|1781402391\n|teamsize|p1|6\n|teamsize|p2|6\n|start\n|switch|p1a: Iron Hands|Iron Hands, L79|373/373\n|switch|p2a: Cloyster|Cloyster, L80, F|211/211\n|turn|1\n|inactive|Battle timer is ON: inactive players will automatically lose when time's up. (requested by bluesun000)\n|inactive|bluesun000 has 120 seconds left.\n|\n|t:|1781402442\n|switch|p2a: Chesnaught|Chesnaught, L84, M|285/285\n|move|p1a: Iron Hands|Swords Dance|p1a: Iron Hands\n|-boost|p1a: Iron Hands|atk|2\n|\n|upkeep\n|turn|2\n|\n|t:|1781402458\n|move|p2a: Chesnaught|Iron Defense|p2a: Chesnaught\n|-boost|p2a: Chesnaught|def|2\n|move|p1a: Iron Hands|Swords Dance|p1a: Iron Hands\n|-boost|p1a: Iron Hands|atk|2\n|\n|upkeep\n|turn|3\n|\n|t:|1781402471\n|move|p2a: Chesnaught|Iron Defense|p2a: Chesnaught\n|-boost|p2a: Chesnaught|def|2\n|move|p1a: Iron Hands|Swords Dance|p1a: Iron Hands\n|-boost|p1a: Iron Hands|atk|2\n|\n|upkeep\n|turn|4\n|\n|t:|1781402475\n|move|p2a: Chesnaught|Iron Defense|p2a: Chesnaught\n|-boost|p2a: Chesnaught|def|2\n|move|p1a: Iron Hands|Ice Punch|p2a: Chesnaught\n|-supereffective|p2a: Chesnaught\n|-damage|p2a: Chesnaught|189/285\n|\n|-heal|p2a: Chesnaught|206/285|[from] item: Leftovers\n|upkeep\n|turn|5\n|\n|t:|1781402496\n|move|p2a: Chesnaught|Body Press|p1a: Iron Hands\n|-damage|p1a: Iron Hands|33/373\n|move|p1a: Iron Hands|Ice Punch|p2a: Chesnaught\n|-supereffective|p2a: Chesnaught\n|-damage|p2a: Chesnaught|106/285\n|\n|-heal|p2a: Chesnaught|123/285|[from] item: Leftovers\n|-heal|p1a: Iron Hands|56/373|[from] item: Leftovers\n|upkeep\n|turn|6\n|\n|t:|1781402501\n|move|p2a: Chesnaught|Synthesis|p2a: Chesnaught\n|-heal|p2a: Chesnaught|265/285\n|move|p1a: Iron Hands|Ice Punch|p2a: Chesnaught\n|-supereffective|p2a: Chesnaught\n|-damage|p2a: Chesnaught|169/285\n|\n|-heal|p2a: Chesnaught|186/285|[from] item: Leftovers\n|-heal|p1a: Iron Hands|79/373|[from] item: Leftovers\n|upkeep\n|turn|7\n|\n|t:|1781402506\n|move|p2a: Chesnaught|Trailblaze|p1a: Iron Hands\n|-damage|p1a: Iron Hands|27/373\n|-boost|p2a: Chesnaught|spe|1\n|move|p1a: Iron Hands|Ice Punch|p2a: Chesnaught\n|-supereffective|p2a: Chesnaught\n|-damage|p2a: Chesnaught|82/285\n|\n|-heal|p2a: Chesnaught|99/285|[from] item: Leftovers\n|-heal|p1a: Iron Hands|50/373|[from] item: Leftovers\n|upkeep\n|turn|8\n|\n|t:|1781402517\n|move|p2a: Chesnaught|Trailblaze|p1a: Iron Hands\n|-damage|p1a: Iron Hands|2/373\n|-boost|p2a: Chesnaught|spe|1\n|move|p1a: Iron Hands|Drain Punch|p2a: Chesnaught\n|-damage|p2a: Chesnaught|23/285\n|-heal|p1a: Iron Hands|40/373|[from] drain|[of] p2a: Chesnaught\n|\n|-heal|p2a: Chesnaught|40/285|[from] item: Leftovers\n|-heal|p1a: Iron Hands|63/373|[from] item: Leftovers\n|upkeep\n|turn|9\n|\n|t:|1781402528\n|move|p2a: Chesnaught|Body Press|p1a: Iron Hands\n|-damage|p1a: Iron Hands|0 fnt\n|faint|p1a: Iron Hands\n|-end|p1a: Iron Hands|Quark Drive|[silent]\n|\n|-heal|p2a: Chesnaught|57/285|[from] item: Leftovers\n|upkeep\n|inactive|bluesun000 has 120 seconds left.\n|\n|t:|1781402565\n|switch|p1a: Oranguru|Oranguru, L92, F|315/315\n|turn|10\n|\n|t:|1781402588\n|-terastallize|p1a: Oranguru|Psychic\n|move|p2a: Chesnaught|Body Press|p1a: Oranguru\n|-resisted|p1a: Oranguru\n|-damage|p1a: Oranguru|128/315\n|move|p1a: Oranguru|Hyper Voice|p2a: Chesnaught\n|-damage|p2a: Chesnaught|0 fnt\n|faint|p2a: Chesnaught\n|\n|upkeep\n|\n|t:|1781402597\n|switch|p2a: Grafaiai|Grafaiai, L86, F|249/249\n|turn|11\n|\n|t:|1781402622\n|switch|p1a: Reshiram|Reshiram, L76|277/277\n|-ability|p1a: Reshiram|Turboblaze\n|move|p2a: Grafaiai|Knock Off|p1a: Reshiram\n|-damage|p1a: Reshiram|211/277\n|-status|p1a: Reshiram|psn|[from] ability: Poison Touch|[of] p2a: Grafaiai\n|-enditem|p1a: Reshiram|Heavy-Duty Boots|[from] move: Knock Off|[of] p2a: Grafaiai\n|\n|-damage|p1a: Reshiram|177/277 psn|[from] psn\n|upkeep\n|turn|12\n|\n|t:|1781402628\n|move|p2a: Grafaiai|U-turn|p1a: Reshiram\n|-resisted|p1a: Reshiram\n|-damage|p1a: Reshiram|152/277 psn\n|\n|t:|1781402630\n|switch|p2a: Primarina|Primarina, L83, F|268/268|[from] U-turn\n|move|p1a: Reshiram|Blue Flare|p2a: Primarina\n|-resisted|p2a: Primarina\n|-damage|p2a: Primarina|197/268\n|\n|-heal|p2a: Primarina|213/268|[from] item: Leftovers\n|-damage|p1a: Reshiram|118/277 psn|[from] psn\n|upkeep\n|turn|13\n|\n|t:|1781402641\n|switch|p1a: Golduck|Golduck, L90, M|290/290\n|-ability|p1a: Golduck|Cloud Nine\n|move|p2a: Primarina|Sparkling Aria|p1a: Golduck\n|-resisted|p1a: Golduck\n|-damage|p1a: Golduck|233/290\n|\n|-heal|p2a: Primarina|229/268|[from] item: Leftovers\n|upkeep\n|turn|14\n|\n|t:|1781402653\n|switch|p2a: Grafaiai|Grafaiai, L86, F|249/249\n|move|p1a: Golduck|Flip Turn|p2a: Grafaiai\n|-damage|p2a: Grafaiai|165/249\n|inactive|bluesun000 has 90 seconds left.\n|\n|t:|1781402675\n|switch|p1a: Rotom|Rotom-Heat, L83|219/219|[from] Flip Turn\n|\n|upkeep\n|turn|15\n|\n|t:|1781402683\n|move|p2a: Grafaiai|U-turn|p1a: Rotom\n|-resisted|p1a: Rotom\n|-damage|p1a: Rotom|198/219\n|\n|t:|1781402685\n|switch|p2a: Gouging Fire|Gouging Fire, L74|277/277|[from] U-turn\n|move|p1a: Rotom|Will-O-Wisp|p2a: Gouging Fire\n|-immune|p2a: Gouging Fire\n|\n|upkeep\n|turn|16\n|\n|t:|1781402704\n|switch|p1a: Golduck|Golduck, L90, M|233/290\n|-ability|p1a: Golduck|Cloud Nine\n|move|p2a: Gouging Fire|Dragon Dance|p2a: Gouging Fire\n|-boost|p2a: Gouging Fire|atk|1\n|-boost|p2a: Gouging Fire|spe|1\n|\n|upkeep\n|turn|17\n|inactive|bluesun000 has 90 seconds left.\n|\n|t:|1781402732\n|move|p2a: Gouging Fire|Dragon Dance|p2a: Gouging Fire\n|-boost|p2a: Gouging Fire|atk|1\n|-boost|p2a: Gouging Fire|spe|1\n|move|p1a: Golduck|Hydro Pump|p2a: Gouging Fire\n|-damage|p2a: Gouging Fire|61/277\n|\n|upkeep\n|turn|18\n|l|\u2606novashiii\n|inactive|novashiii disconnected and has a minute to reconnect!\n|player|p2|\n|inactive|bluesun000 has 60 seconds left.\n|j|\u2606novashiii\n|inactive|novashiii reconnected.\n|player|p2|novashiii|waitress|\n|\n|t:|1781402778\n|switch|p1a: Reshiram|Reshiram, L76|118/277 psn\n|-ability|p1a: Reshiram|Turboblaze\n|move|p2a: Gouging Fire|Outrage|p1a: Reshiram\n|-supereffective|p1a: Reshiram\n|-damage|p1a: Reshiram|0 fnt\n|faint|p1a: Reshiram\n|\n|upkeep\n|inactive|bluesun000 has 30 seconds left.\n|inactive|bluesun000 has 20 seconds left.\n|inactive|bluesun000 has 15 seconds left.\n|inactive|bluesun000 has 10 seconds left.\n|\n|t:|1781402818\n|switch|p1a: Iron Bundle|Iron Bundle, L78|215/215\n|turn|19\n|inactive|bluesun000 has 20 seconds left this turn.\n|inactive|bluesun000 has 15 seconds left.\n|l|\u2606novashiii\n|inactive|novashiii disconnected and has a minute to reconnect!\n|player|p2|\n|inactive|novashiii has 30 seconds to reconnect!\n|inactive|novashiii has 20 seconds to reconnect!\n|inactive|novashiii has 15 seconds to reconnect!\n|inactive|novashiii has 10 seconds to reconnect!\n|inactive|novashiii has 5 seconds to reconnect!\n|-message|novashiii lost due to inactivity.\n|\n|win|bluesun000\n|raw|bluesun000's rating: 1937 &rarr; <strong>1960</strong><br />(+23 for winning)\n|raw|novashiii's rating: 1987 &rarr; <strong>1964</strong><br />(-23 for losing)\n", "inputlog": ">version a8376a258c1d4662feba110a92103f3664a72141\n>start {\"formatid\":\"gen9randombattle\",\"seed\":\"sodium,2342354a259b07285b7af2ec93dcec43\",\"rated\":\"Rated battle\"}\n>player p1 {\"name\":\"bluesun000\",\"avatar\":\"palmer\",\"rating\":1937,\"seed\":\"sodium,308a2ea41089580fdb54ab6b482467fd\"}\n>player p2 {\"name\":\"novashiii\",\"avatar\":\"waitress\",\"rating\":1987,\"seed\":\"sodium,f441442d9544c8096975699aa565c110\"}\n>p1 move swordsdance\n>p2 switch 6\n>p1 move swordsdance\n>p2 move irondefense\n>p1 move swordsdance\n>p2 move irondefense\n>p1 move icepunch\n>p2 move irondefense\n>p1 move icepunch\n>p2 move bodypress\n>p1 move icepunch\n>p2 move synthesis\n>p1 move icepunch\n>p2 move trailblaze\n>p1 move drainpunch\n>p2 move trailblaze\n>p1 move icepunch\n>p2 move bodypress\n>p1 switch 6\n>p1 move hypervoice terastallize\n>p2 move bodypress\n>p2 switch 2\n>p1 switch 5\n>p2 move knockoff\n>p1 move blueflare\n>p2 move uturn\n>p2 switch 3\n>p1 switch 2\n>p2 move sparklingaria\n>p1 move flipturn\n>p2 switch 3\n>p1 switch 3\n>p1 move willowisp\n>p2 move uturn\n>p2 switch 4\n>p1 switch 3\n>p2 move dragondance\n>p1 move hydropump\n>p2 move dragondance\n>p1 switch 2\n>p2 move outrage\n>p1 switch 4\n>forcelose p2", "uploadtime": 1781402392, "views": 6, "formatid": "gen9randombattle", "rating": 1960, "private": 0, "password": null}