{"id": "gen9randombattle-2631782494", "format": "[Gen 9] Random Battle", "players": ["Chicken347", "actuary97"], "log": "|j|\u2606Chicken347\n|j|\u2606actuary97\n|t:|1781438879\n|gametype|singles\n|player|p1|Chicken347|101|2047\n|player|p2|actuary97|sabrina-frlg|2049\n|gen|9\n|tier|[Gen 9] Random Battle\n|rated|\n|rule|Species Clause: Limit one of each Pok\u00e9mon\n|rule|HP Percentage Mod: HP is shown in percentages\n|rule|Sleep Clause Mod: Limit one foe put to sleep\n|rule|Illusion Level Mod: Illusion disguises the Pok\u00e9mon's true level\n|\n|t:|1781438879\n|teamsize|p1|6\n|teamsize|p2|6\n|start\n|switch|p1a: Walking Wake|Walking Wake, L79|286/286\n|switch|p2a: Hitmonlee|Hitmonlee, L85, M|223/223\n|turn|1\n|inactive|Battle timer is ON: inactive players will automatically lose when time's up. (requested by actuary97)\n|\n|t:|1781438895\n|move|p1a: Walking Wake|Draco Meteor|p2a: Hitmonlee\n|-damage|p2a: Hitmonlee|59/223\n|-unboost|p1a: Walking Wake|spa|2\n|-damage|p1a: Walking Wake|258/286|[from] item: Life Orb\n|move|p2a: Hitmonlee|Knock Off|p1a: Walking Wake\n|-damage|p1a: Walking Wake|126/286\n|-enditem|p1a: Walking Wake|Life Orb|[from] move: Knock Off|[of] p2a: Hitmonlee\n|\n|upkeep\n|turn|2\n|\n|t:|1781438912\n|-end|p1a: Walking Wake|Protosynthesis|[silent]\n|switch|p1a: Palossand|Palossand, L89, F|296/296\n|switch|p2a: Spidops|Spidops, L96, F|271/271\n|\n|upkeep\n|turn|3\n|\n|t:|1781438918\n|move|p2a: Spidops|Sticky Web|p1a: Palossand\n|-sidestart|p1: Chicken347|move: Sticky Web\n|move|p1a: Palossand|Stealth Rock|p2a: Spidops\n|-sidestart|p2: actuary97|move: Stealth Rock\n|\n|upkeep\n|turn|4\n|\n|t:|1781438925\n|move|p2a: Spidops|Knock Off|p1a: Palossand\n|-supereffective|p1a: Palossand\n|-damage|p1a: Palossand|168/296\n|-enditem|p1a: Palossand|Leftovers|[from] move: Knock Off|[of] p2a: Spidops\n|move|p1a: Palossand|Shadow Ball|p2a: Spidops\n|-damage|p2a: Spidops|192/271\n|\n|upkeep\n|turn|5\n|\n|t:|1781438931\n|move|p2a: Spidops|Spikes|p1a: Palossand\n|-sidestart|p1: Chicken347|Spikes\n|move|p1a: Palossand|Shore Up|p1a: Palossand\n|-heal|p1a: Palossand|296/296\n|\n|upkeep\n|turn|6\n|\n|t:|1781438937\n|switch|p1a: Walking Wake|Walking Wake, L79|126/286\n|-activate|p1a: Walking Wake|move: Sticky Web\n|-unboost|p1a: Walking Wake|spe|1\n|-damage|p1a: Walking Wake|91/286|[from] Spikes\n|move|p2a: Spidops|Spikes|p1a: Walking Wake\n|-sidestart|p1: Chicken347|Spikes\n|\n|upkeep\n|turn|7\n|\n|t:|1781438948\n|switch|p2a: Slowking|Slowking, L88, F|310/310\n|move|p1a: Walking Wake|Flamethrower|p2a: Slowking\n|-resisted|p2a: Slowking\n|-damage|p2a: Slowking|283/310\n|\n|upkeep\n|turn|8\n|\n|t:|1781438954\n|-end|p1a: Walking Wake|Protosynthesis|[silent]\n|switch|p1a: Palossand|Palossand, L89, F|296/296\n|-activate|p1a: Palossand|move: Sticky Web\n|-unboost|p1a: Palossand|spe|1\n|-damage|p1a: Palossand|247/296|[from] Spikes\n|move|p2a: Slowking|Psychic Noise|p1a: Palossand\n|-damage|p1a: Palossand|145/296\n|-start|p1a: Palossand|move: Heal Block\n|\n|upkeep\n|turn|9\n|\n|t:|1781438965\n|-prepare|p2a: Slowking|Chilly Reception|[premajor]\n|move|p2a: Slowking|Chilly Reception|p2a: Slowking\n|-weather|Snowscape\n|\n|t:|1781438974\n|switch|p2a: Iron Jugulis|Iron Jugulis, L77|271/271|[from] Chilly Reception\n|-damage|p2a: Iron Jugulis|204/271|[from] Stealth Rock\n|move|p1a: Palossand|Shadow Ball|p2a: Iron Jugulis\n|-resisted|p2a: Iron Jugulis\n|-damage|p2a: Iron Jugulis|146/271\n|\n|-weather|Snowscape|[upkeep]\n|-end|p1a: Palossand|move: Heal Block\n|upkeep\n|turn|10\n|\n|t:|1781438983\n|move|p2a: Iron Jugulis|Meteor Beam||[still]\n|-prepare|p2a: Iron Jugulis|Meteor Beam\n|-boost|p2a: Iron Jugulis|spa|1\n|-enditem|p2a: Iron Jugulis|Power Herb\n|-anim|p2a: Iron Jugulis|Meteor Beam|p1a: Palossand\n|-resisted|p1a: Palossand\n|-damage|p1a: Palossand|82/296\n|move|p1a: Palossand|Shadow Ball|p2a: Iron Jugulis\n|-resisted|p2a: Iron Jugulis\n|-damage|p2a: Iron Jugulis|92/271\n|\n|-weather|Snowscape|[upkeep]\n|upkeep\n|turn|11\n|\n|t:|1781438991\n|move|p2a: Iron Jugulis|Dark Pulse|p1a: Palossand\n|-supereffective|p1a: Palossand\n|-crit|p1a: Palossand\n|-damage|p1a: Palossand|0 fnt\n|faint|p1a: Palossand\n|\n|-weather|Snowscape|[upkeep]\n|upkeep\n|\n|t:|1781439006\n|switch|p1a: Perrserker|Perrserker, L89, F|269/269\n|-activate|p1a: Perrserker|move: Sticky Web\n|-unboost|p1a: Perrserker|spe|1\n|-damage|p1a: Perrserker|225/269|[from] Spikes\n|turn|12\n|\n|t:|1781439018\n|-terastallize|p1a: Perrserker|Fighting\n|move|p2a: Iron Jugulis|Earth Power|p1a: Perrserker\n|-damage|p1a: Perrserker|110/269\n|-unboost|p1a: Perrserker|spd|1\n|move|p1a: Perrserker|Close Combat|p2a: Iron Jugulis\n|-damage|p2a: Iron Jugulis|0 fnt\n|-unboost|p1a: Perrserker|def|1\n|-unboost|p1a: Perrserker|spd|1\n|faint|p2a: Iron Jugulis\n|-end|p2a: Iron Jugulis|Quark Drive|[silent]\n|\n|-weather|Snowscape|[upkeep]\n|upkeep\n|inactive|actuary97 has 120 seconds left.\n|\n|t:|1781439044\n|switch|p2a: Slowking|Slowking, L88, F|310/310\n|turn|13\n|\n|t:|1781439055\n|move|p2a: Slowking|Psychic Noise|p1a: Perrserker\n|-supereffective|p1a: Perrserker\n|-damage|p1a: Perrserker|0 fnt\n|faint|p1a: Perrserker\n|\n|-weather|none\n|upkeep\n|inactive|Chicken347 has 120 seconds left.\n|l|\u2606Chicken347\n|inactive|Chicken347 disconnected and has a minute to reconnect!\n|player|p1|\n|j|\u2606Chicken347\n|inactive|Chicken347 reconnected and has 100 seconds left.\n|player|p1|Chicken347|101|\n|\n|t:|1781439103\n|switch|p1a: Suicune|Suicune, L82|298/298\n|-activate|p1a: Suicune|move: Sticky Web\n|-unboost|p1a: Suicune|spe|1\n|-damage|p1a: Suicune|249/298|[from] Spikes\n|-ability|p1a: Suicune|Pressure\n|turn|14\n|\n|t:|1781439108\n|move|p1a: Suicune|Calm Mind|p1a: Suicune\n|-boost|p1a: Suicune|spa|1\n|-boost|p1a: Suicune|spd|1\n|move|p2a: Slowking|Psychic Noise|p1a: Suicune\n|-damage|p1a: Suicune|203/298\n|-start|p1a: Suicune|move: Heal Block\n|\n|upkeep\n|turn|15\n|\n|t:|1781439114\n|move|p1a: Suicune|Calm Mind|p1a: Suicune\n|-boost|p1a: Suicune|spa|1\n|-boost|p1a: Suicune|spd|1\n|move|p2a: Slowking|Psychic Noise|p1a: Suicune\n|-damage|p1a: Suicune|163/298\n|\n|-end|p1a: Suicune|move: Heal Block\n|upkeep\n|turn|16\n|\n|t:|1781439119\n|move|p1a: Suicune|Scald|p2a: Slowking\n|-resisted|p2a: Slowking\n|-damage|p2a: Slowking|250/310\n|move|p2a: Slowking|Psychic Noise|p1a: Suicune\n|-damage|p1a: Suicune|124/298\n|-start|p1a: Suicune|move: Heal Block\n|\n|upkeep\n|turn|17\n|\n|t:|1781439128\n|move|p1a: Suicune|Calm Mind|p1a: Suicune\n|-boost|p1a: Suicune|spa|1\n|-boost|p1a: Suicune|spd|1\n|-prepare|p2a: Slowking|Chilly Reception|[premajor]\n|move|p2a: Slowking|Chilly Reception|p2a: Slowking\n|-weather|Snowscape\n|\n|t:|1781439140\n|switch|p2a: Hitmonlee|Hitmonlee, L85, M|59/223|[from] Chilly Reception\n|-damage|p2a: Hitmonlee|46/223|[from] Stealth Rock\n|\n|-weather|Snowscape|[upkeep]\n|-end|p1a: Suicune|move: Heal Block\n|upkeep\n|turn|18\n|\n|t:|1781439144\n|move|p2a: Hitmonlee|High Jump Kick|p1a: Suicune\n|-damage|p1a: Suicune|0 fnt\n|faint|p1a: Suicune\n|\n|-weather|Snowscape|[upkeep]\n|upkeep\n|\n|t:|1781439149\n|switch|p1a: Meloetta|Meloetta, L82|298/298\n|-activate|p1a: Meloetta|move: Sticky Web\n|-unboost|p1a: Meloetta|spe|1\n|-damage|p1a: Meloetta|249/298|[from] Spikes\n|turn|19\n|\n|t:|1781439153\n|move|p2a: Hitmonlee|High Jump Kick|p1a: Meloetta\n|-damage|p1a: Meloetta|0 fnt\n|faint|p1a: Meloetta\n|\n|-weather|Snowscape|[upkeep]\n|upkeep\n|\n|t:|1781439159\n|switch|p1a: Walking Wake|Walking Wake, L79|91/286\n|-activate|p1a: Walking Wake|move: Sticky Web\n|-unboost|p1a: Walking Wake|spe|1\n|-damage|p1a: Walking Wake|44/286|[from] Spikes\n|turn|20\n|\n|t:|1781439162\n|move|p2a: Hitmonlee|High Jump Kick|p1a: Walking Wake\n|-damage|p1a: Walking Wake|0 fnt\n|faint|p1a: Walking Wake\n|-end|p1a: Walking Wake|Protosynthesis|[silent]\n|\n|-weather|Snowscape|[upkeep]\n|upkeep\n|\n|t:|1781439164\n|switch|p1a: Kyurem|Kyurem-Black, L71|295/295\n|-activate|p1a: Kyurem|move: Sticky Web\n|-unboost|p1a: Kyurem|spe|1\n|-damage|p1a: Kyurem|246/295|[from] Spikes\n|-ability|p1a: Kyurem|Teravolt\n|turn|21\n|\n|t:|1781439169\n|move|p2a: Hitmonlee|High Jump Kick|p1a: Kyurem\n|-supereffective|p1a: Kyurem\n|-damage|p1a: Kyurem|0 fnt\n|faint|p1a: Kyurem\n|\n|win|actuary97\n", "inputlog": ">version a8376a258c1d4662feba110a92103f3664a72141\n>start {\"formatid\":\"gen9randombattle\",\"seed\":\"sodium,7f74e3115283cd75b3e171f662bd5a47\",\"rated\":\"Rated battle\"}\n>player p1 {\"name\":\"Chicken347\",\"avatar\":\"101\",\"rating\":2047,\"seed\":\"sodium,b81c995c57b57e9a3cbb1808c2c207b5\"}\n>player p2 {\"name\":\"actuary97\",\"avatar\":\"sabrina-frlg\",\"rating\":2049,\"seed\":\"sodium,c9c1c62d529529d329a87ad66ef04777\"}\n>p1 move dracometeor\n>p2 move knockoff\n>p1 switch 4\n>p2 switch 4\n>p1 move stealthrock\n>p2 move stickyweb\n>p1 move shadowball\n>p2 move knockoff\n>p1 move shoreup\n>p2 move spikes\n>p1 switch 4\n>p2 move spikes\n>p1 move flamethrower\n>p2 switch 6\n>p1 switch 4\n>p2 move psychicnoise\n>p1 move shadowball\n>p2 move chillyreception\n>p2 switch 5\n>p1 move shadowball\n>p2 move meteorbeam\n>p1 move shadowball\n>p2 move darkpulse\n>p1 switch 6\n>p1 move closecombat terastallize\n>p2 move earthpower\n>p2 switch 5\n>p1 move closecombat\n>p2 move psychicnoise\n>p1 switch 5\n>p1 move calmmind\n>p2 move psychicnoise\n>p1 move calmmind\n>p2 move psychicnoise\n>p1 move scald\n>p2 move psychicnoise\n>p1 move calmmind\n>p2 move chillyreception\n>p2 switch 4\n>p1 move scald\n>p2 move highjumpkick\n>p1 switch 2\n>p1 move hypervoice\n>p2 move highjumpkick\n>p1 switch 4\n>p1 move flamethrower\n>p2 move highjumpkick\n>p1 switch 3\n>p1 move scaleshot\n>p2 move highjumpkick", "uploadtime": 1781438880, "views": 4, "formatid": "gen9randombattle", "rating": null, "private": 0, "password": null}