{"id": "gen9randombattle-2631605778", "format": "[Gen 9] Random Battle", "players": ["tigey696", "Jabeenis"], "log": "|j|\u2606tigey696\n|j|\u2606Jabeenis\n|t:|1781407776\n|gametype|singles\n|player|p1|tigey696|101|1083\n|player|p2|Jabeenis|170|1078\n|gen|9\n|tier|[Gen 9] Random Battle\n|rated|\n|rule|Species Clause: Limit one of each Pok\u00e9mon\n|rule|HP Percentage Mod: HP is shown in percentages\n|rule|Sleep Clause Mod: Limit one foe put to sleep\n|rule|Illusion Level Mod: Illusion disguises the Pok\u00e9mon's true level\n|\n|t:|1781407776\n|teamsize|p1|6\n|teamsize|p2|6\n|start\n|switch|p1a: Coalossal|Coalossal, L89, M|341/341\n|switch|p2a: Jolteon|Jolteon, L84, M|246/246\n|turn|1\n|\n|t:|1781407785\n|switch|p2a: Okidogi|Okidogi, L77, M|262/262\n|move|p1a: Coalossal|Spikes|p2a: Okidogi\n|-sidestart|p2: Jabeenis|Spikes\n|\n|upkeep\n|turn|2\n|inactive|Battle timer is ON: inactive players will automatically lose when time's up. (requested by Jabeenis)\n|\n|t:|1781407801\n|move|p2a: Okidogi|Bulk Up|p2a: Okidogi\n|-boost|p2a: Okidogi|atk|1\n|-boost|p2a: Okidogi|def|1\n|move|p1a: Coalossal|Spikes|p2a: Okidogi\n|-sidestart|p2: Jabeenis|Spikes\n|\n|upkeep\n|turn|3\n|\n|t:|1781407811\n|move|p2a: Okidogi|Bulk Up|p2a: Okidogi\n|-boost|p2a: Okidogi|atk|1\n|-boost|p2a: Okidogi|def|1\n|move|p1a: Coalossal|Overheat|p2a: Okidogi\n|-damage|p2a: Okidogi|114/262\n|-unboost|p1a: Coalossal|spa|2\n|\n|-heal|p2a: Okidogi|130/262|[from] item: Leftovers\n|upkeep\n|turn|4\n|\n|t:|1781407829\n|move|p2a: Okidogi|Drain Punch|p1a: Coalossal\n|-supereffective|p1a: Coalossal\n|-damage|p1a: Coalossal|105/341\n|-heal|p2a: Okidogi|248/262|[from] drain|[of] p1a: Coalossal\n|move|p1a: Coalossal|Spikes|p2a: Okidogi\n|-sidestart|p2: Jabeenis|Spikes\n|\n|-heal|p2a: Okidogi|262/262|[from] item: Leftovers\n|upkeep\n|turn|5\n|\n|t:|1781407844\n|switch|p1a: Medicham|Medicham, L86, M|243/243\n|move|p2a: Okidogi|Drain Punch|p1a: Medicham\n|-resisted|p1a: Medicham\n|-damage|p1a: Medicham|147/243\n|-status|p1a: Medicham|tox|[from] ability: Toxic Chain|[of] p2a: Okidogi\n|\n|-damage|p1a: Medicham|132/243 tox|[from] psn\n|upkeep\n|turn|6\n|\n|t:|1781407853\n|move|p1a: Medicham|Zen Headbutt|p2a: Okidogi\n|-supereffective|p2a: Okidogi\n|-crit|p2a: Okidogi\n|-damage|p2a: Okidogi|0 fnt\n|faint|p2a: Okidogi\n|\n|-damage|p1a: Medicham|102/243 tox|[from] psn\n|upkeep\n|\n|t:|1781407858\n|switch|p2a: Weavile|Weavile, L79, M|240/240\n|turn|7\n|\n|t:|1781407869\n|switch|p1a: Houndoom|Houndoom, L87, F|272/272\n|move|p2a: Weavile|Swords Dance|p2a: Weavile\n|-boost|p2a: Weavile|atk|2\n|\n|upkeep\n|turn|8\n|\n|t:|1781407875\n|move|p2a: Weavile|Low Kick|p1a: Houndoom\n|-supereffective|p1a: Houndoom\n|-damage|p1a: Houndoom|38/272\n|move|p1a: Houndoom|Fire Blast|p2a: Weavile\n|-supereffective|p2a: Weavile\n|-damage|p2a: Weavile|0 fnt\n|faint|p2a: Weavile\n|\n|upkeep\n|\n|t:|1781407886\n|switch|p2a: Jolteon|Jolteon, L84, M|246/246\n|-damage|p2a: Jolteon|185/246|[from] Spikes\n|turn|9\n|\n|t:|1781407898\n|move|p1a: Houndoom|Sucker Punch|p2a: Jolteon\n|-damage|p2a: Jolteon|91/246\n|move|p2a: Jolteon|Thunderbolt|p1a: Houndoom\n|-damage|p1a: Houndoom|0 fnt\n|faint|p1a: Houndoom\n|-damage|p2a: Jolteon|67/246|[from] item: Life Orb\n|\n|upkeep\n|\n|t:|1781407918\n|switch|p1a: Flapple|Flapple, L88, F|266/266\n|turn|10\n|\n|t:|1781407936\n|-terastallize|p2a: Jolteon|Fairy\n|move|p1a: Flapple|Sucker Punch|p2a: Jolteon\n|-resisted|p2a: Jolteon\n|-damage|p2a: Jolteon|6/246\n|move|p2a: Jolteon|Alluring Voice|p1a: Flapple\n|-supereffective|p1a: Flapple\n|-damage|p1a: Flapple|0 fnt\n|faint|p1a: Flapple\n|-damage|p2a: Jolteon|0 fnt|[from] item: Life Orb\n|faint|p2a: Jolteon\n|\n|upkeep\n|inactive|tigey696 has 120 seconds left.\n|\n|t:|1781407949\n|switch|p2a: Hoopa|Hoopa, L85|275/275\n|switch|p1a: Palafin|Palafin, L77, M|281/281\n|-damage|p2a: Hoopa|207/275|[from] Spikes\n|turn|11\n|inactive|tigey696 has 120 seconds left.\n|\n|t:|1781407961\n|detailschange|p1a: Palafin|Palafin-Hero, L77, M\n|switch|p1a: Medicham|Medicham, L86, M|102/243 tox\n|move|p2a: Hoopa|Psychic|p1a: Medicham\n|-damage|p1a: Medicham|0 fnt\n|faint|p1a: Medicham\n|\n|upkeep\n|\n|t:|1781407965\n|switch|p1a: Vespiquen|Vespiquen, L99, F|299/299\n|-ability|p1a: Vespiquen|Pressure\n|turn|12\n|\n|t:|1781407971\n|switch|p2a: Iron Boulder|Iron Boulder, L77|265/265\n|-damage|p2a: Iron Boulder|199/265|[from] Spikes\n|-enditem|p2a: Iron Boulder|Booster Energy\n|-activate|p2a: Iron Boulder|ability: Quark Drive|[fromitem]\n|-start|p2a: Iron Boulder|quarkdrivespe\n|move|p1a: Vespiquen|Toxic Spikes|p2a: Iron Boulder\n|-sidestart|p2: Jabeenis|move: Toxic Spikes\n|\n|upkeep\n|turn|13\n|\n|t:|1781407985\n|move|p2a: Iron Boulder|Mighty Cleave|p1a: Vespiquen\n|-supereffective|p1a: Vespiquen\n|-damage|p1a: Vespiquen|0 fnt\n|faint|p1a: Vespiquen\n|\n|upkeep\n|\n|t:|1781407990\n|switch|p1a: Palafin|Palafin-Hero, L77, M|281/281\n|-activate|p1a: Palafin|ability: Zero to Hero\n|turn|14\n|\n|t:|1781407997\n|move|p1a: Palafin|Jet Punch|p2a: Iron Boulder\n|-supereffective|p2a: Iron Boulder\n|-crit|p2a: Iron Boulder\n|-damage|p2a: Iron Boulder|0 fnt\n|faint|p2a: Iron Boulder\n|-end|p2a: Iron Boulder|Quark Drive|[silent]\n|\n|upkeep\n|\n|t:|1781408000\n|switch|p2a: Hoopa|Hoopa, L85|207/275\n|-damage|p2a: Hoopa|139/275|[from] Spikes\n|-status|p2a: Hoopa|psn\n|turn|15\n|\n|t:|1781408011\n|move|p2a: Hoopa|Psychic|p1a: Palafin\n|-damage|p1a: Palafin|133/281\n|move|p1a: Palafin|Ice Punch|p2a: Hoopa\n|-damage|p2a: Hoopa|48/275 psn\n|\n|-heal|p1a: Palafin|150/281|[from] item: Leftovers\n|-damage|p2a: Hoopa|14/275 psn|[from] psn\n|upkeep\n|turn|16\n|\n|t:|1781408026\n|move|p1a: Palafin|Jet Punch|p2a: Hoopa\n|-damage|p2a: Hoopa|0 fnt\n|faint|p2a: Hoopa\n|\n|-heal|p1a: Palafin|167/281|[from] item: Leftovers\n|upkeep\n|\n|t:|1781408028\n|switch|p2a: Gliscor|Gliscor, L76, M|239/239\n|turn|17\n|\n|t:|1781408037\n|move|p2a: Gliscor|Protect|p2a: Gliscor\n|-singleturn|p2a: Gliscor|Protect\n|move|p1a: Palafin|Ice Punch|p2a: Gliscor\n|-activate|p2a: Gliscor|move: Protect\n|\n|-heal|p1a: Palafin|184/281|[from] item: Leftovers\n|-status|p2a: Gliscor|tox|[from] item: Toxic Orb\n|upkeep\n|turn|18\n|\n|t:|1781408046\n|move|p1a: Palafin|Ice Punch|p2a: Gliscor\n|-supereffective|p2a: Gliscor\n|-damage|p2a: Gliscor|23/239 tox\n|move|p2a: Gliscor|Toxic|p1a: Palafin\n|-status|p1a: Palafin|tox\n|\n|-heal|p1a: Palafin|201/281 tox|[from] item: Leftovers\n|-damage|p1a: Palafin|184/281 tox|[from] psn\n|-heal|p2a: Gliscor|52/239 tox|[from] ability: Poison Heal\n|upkeep\n|turn|19\n|\n|t:|1781408056\n|move|p2a: Gliscor|Protect|p2a: Gliscor\n|-singleturn|p2a: Gliscor|Protect\n|move|p1a: Palafin|Jet Punch|p2a: Gliscor\n|-activate|p2a: Gliscor|move: Protect\n|\n|-heal|p1a: Palafin|201/281 tox|[from] item: Leftovers\n|-damage|p1a: Palafin|167/281 tox|[from] psn\n|-heal|p2a: Gliscor|81/239 tox|[from] ability: Poison Heal\n|upkeep\n|turn|20\n|\n|t:|1781408066\n|move|p1a: Palafin|Jet Punch|p2a: Gliscor\n|-supereffective|p2a: Gliscor\n|-damage|p2a: Gliscor|0 fnt\n|faint|p2a: Gliscor\n|\n|win|tigey696\n|raw|tigey696's rating: 1083 &rarr; <strong>1110</strong><br />(+27 for winning)\n|raw|Jabeenis's rating: 1078 &rarr; <strong>1057</strong><br />(-21 for losing)\n|l|\u2606Jabeenis\n|player|p2|\n|c|\u2606tigey696|gg\n", "inputlog": ">version a8376a258c1d4662feba110a92103f3664a72141\n>start {\"formatid\":\"gen9randombattle\",\"seed\":\"sodium,42a42cc66d77dd05e8c7e7c6289fdb0f\",\"rated\":\"Rated battle\"}\n>player p1 {\"name\":\"tigey696\",\"avatar\":\"101\",\"rating\":1083,\"seed\":\"sodium,683a609f6bc82eb52eed0be47cc99b43\"}\n>player p2 {\"name\":\"Jabeenis\",\"avatar\":\"170\",\"rating\":1078,\"seed\":\"sodium,1f39cfac66231aca6ea1810b84d91bed\"}\n>p1 move spikes\n>p2 switch 3\n>p1 move spikes\n>p2 move bulkup\n>p1 move overheat\n>p2 move bulkup\n>p1 move spikes\n>p2 move drainpunch\n>p1 switch 4\n>p2 move drainpunch\n>p1 move zenheadbutt\n>p2 move knockoff\n>p2 switch 5\n>p1 switch 5\n>p2 move swordsdance\n>p1 move fireblast\n>p2 move lowkick\n>p2 switch 3\n>p1 move suckerpunch\n>p2 move thunderbolt\n>p1 switch 3\n>p1 move suckerpunch\n>p2 move alluringvoice terastallize\n>p1 switch 2\n>p2 switch 4\n>p1 switch 5\n>p2 move psychic\n>p1 switch 6\n>p1 move toxicspikes\n>p2 switch 6\n>p1 move toxicspikes\n>p2 move mightycleave\n>p1 switch 5\n>p1 move jetpunch\n>p2 move closecombat\n>p2 switch 6\n>p1 move icepunch\n>p2 move psychic\n>p1 move jetpunch\n>p2 move psychic\n>p2 switch 2\n>p1 move icepunch\n>p2 move protect\n>p1 move icepunch\n>p2 move toxic\n>p1 move jetpunch\n>p2 move protect\n>p1 move jetpunch\n>p2 move knockoff", "uploadtime": 1781408075, "views": 25, "formatid": "gen9randombattle", "rating": 1057, "private": 0, "password": null}