{"id": "gen9randombattle-2631590475", "format": "[Gen 9] Random Battle", "players": ["personanongrattata", "isnothingeasy"], "log": "|j|\u2606personanongrattata\n|j|\u2606isnothingeasy\n|t:|1781405521\n|gametype|singles\n|player|p1|personanongrattata|youngster-gen4dp|1955\n|player|p2|isnothingeasy|lady|1992\n|gen|9\n|tier|[Gen 9] Random Battle\n|rated|\n|rule|Species Clause: Limit one of each Pok\u00e9mon\n|rule|HP Percentage Mod: HP is shown in percentages\n|rule|Sleep Clause Mod: Limit one foe put to sleep\n|rule|Illusion Level Mod: Illusion disguises the Pok\u00e9mon's true level\n|\n|t:|1781405521\n|teamsize|p1|6\n|teamsize|p2|6\n|start\n|switch|p1a: Samurott|Samurott, L88, F|310/310\n|switch|p2a: Tauros|Tauros-Paldea-Blaze, L81, M|252/252\n|turn|1\n|inactive|Battle timer is ON: inactive players will automatically lose when time's up. (requested by personanongrattata)\n|\n|t:|1781405527\n|switch|p2a: Eternatus|Eternatus, L69|308/308\n|-ability|p2a: Eternatus|Pressure\n|move|p1a: Samurott|Knock Off|p2a: Eternatus\n|-damage|p2a: Eternatus|188/308\n|-enditem|p2a: Eternatus|Power Herb|[from] move: Knock Off|[of] p1a: Samurott\n|-damage|p1a: Samurott|279/310|[from] item: Life Orb\n|\n|upkeep\n|turn|2\n|\n|t:|1781405548\n|switch|p1a: Regirock|Regirock, L83|268/268\n|move|p2a: Eternatus|Sludge Bomb|p1a: Regirock\n|-resisted|p1a: Regirock\n|-damage|p1a: Regirock|225/268\n|\n|upkeep\n|turn|3\n|inactive|isnothingeasy has 120 seconds left.\n|inactive|isnothingeasy has 90 seconds left.\n|\n|t:|1781405616\n|move|p2a: Eternatus|Dynamax Cannon|p1a: Regirock\n|-damage|p1a: Regirock|138/268\n|move|p1a: Regirock|Stone Edge|p2a: Eternatus\n|-damage|p2a: Eternatus|56/308\n|\n|upkeep\n|turn|4\n|\n|t:|1781405625\n|move|p2a: Eternatus|Meteor Beam||[still]\n|-prepare|p2a: Eternatus|Meteor Beam\n|-boost|p2a: Eternatus|spa|1\n|move|p1a: Regirock|Rest|p1a: Regirock\n|-status|p1a: Regirock|slp|[from] move: Rest\n|-heal|p1a: Regirock|268/268 slp|[silent]\n|-enditem|p1a: Regirock|Chesto Berry|[eat]\n|-curestatus|p1a: Regirock|slp|[msg]\n|\n|upkeep\n|turn|5\n|\n|t:|1781405629\n|move|p2a: Eternatus|Meteor Beam|p1a: Regirock|[from] lockedmove|[miss]\n|-miss|p2a: Eternatus|p1a: Regirock\n|move|p1a: Regirock|Stone Edge|p2a: Eternatus\n|-damage|p2a: Eternatus|0 fnt\n|faint|p2a: Eternatus\n|\n|upkeep\n|\n|t:|1781405633\n|switch|p2a: Breloom|Breloom, L83, M|235/235\n|turn|6\n|\n|t:|1781405637\n|switch|p1a: Mandibuzz|Mandibuzz, L85, F|326/326\n|move|p2a: Breloom|Bullet Seed|p1a: Mandibuzz\n|-resisted|p1a: Mandibuzz\n|-damage|p1a: Mandibuzz|300/326\n|-resisted|p1a: Mandibuzz\n|-damage|p1a: Mandibuzz|269/326\n|-hitcount|p1a: Mandibuzz|2\n|-damage|p2a: Breloom|212/235|[from] item: Life Orb\n|\n|upkeep\n|turn|7\n|\n|t:|1781405645\n|move|p1a: Mandibuzz|Brave Bird|p2a: Breloom\n|-supereffective|p2a: Breloom\n|-damage|p2a: Breloom|0 fnt\n|faint|p2a: Breloom\n|-damage|p1a: Mandibuzz|199/326|[from] Recoil\n|\n|upkeep\n|\n|t:|1781405649\n|switch|p2a: Malamar|Malamar, L82, M|275/275\n|turn|8\n|\n|t:|1781405656\n|switch|p1a: Vikavolt|Vikavolt, L83, F|263/263\n|move|p2a: Malamar|Superpower|p1a: Vikavolt\n|-resisted|p1a: Vikavolt\n|-damage|p1a: Vikavolt|224/263\n|-boost|p2a: Malamar|atk|1\n|-boost|p2a: Malamar|def|1\n|\n|upkeep\n|turn|9\n|\n|t:|1781405667\n|-terastallize|p2a: Malamar|Fighting\n|move|p2a: Malamar|Superpower|p1a: Vikavolt\n|-resisted|p1a: Vikavolt\n|-damage|p1a: Vikavolt|144/263\n|-boost|p2a: Malamar|atk|1\n|-boost|p2a: Malamar|def|1\n|move|p1a: Vikavolt|Thunderbolt|p2a: Malamar\n|-crit|p2a: Malamar\n|-damage|p2a: Malamar|47/275\n|\n|upkeep\n|turn|10\n|\n|t:|1781405674\n|move|p2a: Malamar|Knock Off|p1a: Vikavolt\n|-damage|p1a: Vikavolt|0 fnt\n|-enditem|p1a: Vikavolt|Heavy-Duty Boots|[from] move: Knock Off|[of] p2a: Malamar\n|faint|p1a: Vikavolt\n|\n|upkeep\n|\n|t:|1781405685\n|switch|p1a: Mandibuzz|Mandibuzz, L85, F|199/326\n|turn|11\n|\n|t:|1781405692\n|move|p1a: Mandibuzz|Brave Bird|p2a: Malamar\n|-supereffective|p2a: Malamar\n|-damage|p2a: Malamar|0 fnt\n|faint|p2a: Malamar\n|-damage|p1a: Mandibuzz|183/326|[from] Recoil\n|\n|upkeep\n|\n|t:|1781405694\n|switch|p2a: Comfey|Comfey, L85, F|225/225\n|turn|12\n|\n|t:|1781405696\n|move|p2a: Comfey|Calm Mind|p2a: Comfey\n|-boost|p2a: Comfey|spa|1\n|-boost|p2a: Comfey|spd|1\n|move|p1a: Mandibuzz|Toxic|p2a: Comfey|[miss]\n|-miss|p1a: Mandibuzz|p2a: Comfey\n|\n|upkeep\n|turn|13\n|\n|t:|1781405704\n|-terastallize|p1a: Mandibuzz|Steel\n|move|p2a: Comfey|Calm Mind|p2a: Comfey\n|-boost|p2a: Comfey|spa|1\n|-boost|p2a: Comfey|spd|1\n|move|p1a: Mandibuzz|Toxic|p2a: Comfey\n|-status|p2a: Comfey|tox\n|\n|-damage|p2a: Comfey|211/225 tox|[from] psn\n|upkeep\n|turn|14\n|\n|t:|1781405707\n|move|p2a: Comfey|Calm Mind|p2a: Comfey\n|-boost|p2a: Comfey|spa|1\n|-boost|p2a: Comfey|spd|1\n|move|p1a: Mandibuzz|Roost|p1a: Mandibuzz\n|-heal|p1a: Mandibuzz|326/326\n|\n|-heal|p2a: Comfey|225/225 tox|[from] item: Leftovers\n|-damage|p2a: Comfey|197/225 tox|[from] psn\n|upkeep\n|turn|15\n|\n|t:|1781405710\n|move|p2a: Comfey|Calm Mind|p2a: Comfey\n|-boost|p2a: Comfey|spa|1\n|-boost|p2a: Comfey|spd|1\n|move|p1a: Mandibuzz|Knock Off|p2a: Comfey\n|-resisted|p2a: Comfey\n|-damage|p2a: Comfey|159/225 tox\n|-enditem|p2a: Comfey|Leftovers|[from] move: Knock Off|[of] p1a: Mandibuzz\n|\n|-damage|p2a: Comfey|117/225 tox|[from] psn\n|upkeep\n|turn|16\n|\n|t:|1781405714\n|move|p2a: Comfey|Draining Kiss|p1a: Mandibuzz\n|-resisted|p1a: Mandibuzz\n|-damage|p1a: Mandibuzz|262/326\n|-heal|p2a: Comfey|165/225 tox|[from] drain|[of] p1a: Mandibuzz\n|move|p1a: Mandibuzz|Knock Off|p2a: Comfey\n|-resisted|p2a: Comfey\n|-damage|p2a: Comfey|141/225 tox\n|\n|-damage|p2a: Comfey|85/225 tox|[from] psn\n|upkeep\n|turn|17\n|\n|t:|1781405725\n|switch|p2a: Tauros|Tauros-Paldea-Blaze, L81, M|252/252\n|move|p1a: Mandibuzz|Roost|p1a: Mandibuzz\n|-heal|p1a: Mandibuzz|326/326\n|\n|upkeep\n|turn|18\n|\n|t:|1781405736\n|move|p2a: Tauros|Substitute|p2a: Tauros\n|-start|p2a: Tauros|Substitute\n|-damage|p2a: Tauros|189/252\n|move|p1a: Mandibuzz|Toxic||[still]\n|-fail|p1a: Mandibuzz\n|\n|upkeep\n|turn|19\n|\n|t:|1781405739\n|move|p2a: Tauros|Bulk Up|p2a: Tauros\n|-boost|p2a: Tauros|atk|1\n|-boost|p2a: Tauros|def|1\n|move|p1a: Mandibuzz|Brave Bird|p2a: Tauros\n|-supereffective|p2a: Tauros\n|-end|p2a: Tauros|Substitute\n|-damage|p1a: Mandibuzz|305/326|[from] Recoil|[of] p2a: Tauros\n|\n|upkeep\n|turn|20\n|\n|t:|1781405746\n|move|p2a: Tauros|Close Combat|p1a: Mandibuzz\n|-supereffective|p1a: Mandibuzz\n|-damage|p1a: Mandibuzz|0 fnt\n|-unboost|p2a: Tauros|def|1\n|-unboost|p2a: Tauros|spd|1\n|faint|p1a: Mandibuzz\n|\n|upkeep\n|\n|t:|1781405753\n|switch|p1a: Samurott|Samurott, L88, F|279/310\n|turn|21\n|\n|t:|1781405766\n|move|p2a: Tauros|Close Combat|p1a: Samurott\n|-damage|p1a: Samurott|99/310\n|-unboost|p2a: Tauros|def|1\n|-unboost|p2a: Tauros|spd|1\n|move|p1a: Samurott|Liquidation|p2a: Tauros\n|-supereffective|p2a: Tauros\n|-damage|p2a: Tauros|0 fnt\n|faint|p2a: Tauros\n|-damage|p1a: Samurott|68/310|[from] item: Life Orb\n|\n|upkeep\n|\n|t:|1781405769\n|switch|p2a: Frosmoth|Frosmoth, L82, F|249/249\n|turn|22\n|\n|t:|1781405772\n|move|p1a: Samurott|Liquidation|p2a: Frosmoth\n|-damage|p2a: Frosmoth|6/249\n|-damage|p1a: Samurott|37/310|[from] item: Life Orb\n|move|p2a: Frosmoth|Quiver Dance|p2a: Frosmoth\n|-boost|p2a: Frosmoth|spa|1\n|-boost|p2a: Frosmoth|spd|1\n|-boost|p2a: Frosmoth|spe|1\n|\n|upkeep\n|turn|23\n|\n|t:|1781405776\n|move|p2a: Frosmoth|Giga Drain|p1a: Samurott\n|-supereffective|p1a: Samurott\n|-damage|p1a: Samurott|0 fnt\n|-heal|p2a: Frosmoth|25/249|[from] drain|[of] p1a: Samurott\n|faint|p1a: Samurott\n|\n|upkeep\n|\n|t:|1781405778\n|switch|p1a: Regirock|Regirock, L83|268/268\n|turn|24\n|\n|t:|1781405789\n|move|p2a: Frosmoth|Giga Drain|p1a: Regirock\n|-supereffective|p1a: Regirock\n|-damage|p1a: Regirock|88/268\n|-heal|p2a: Frosmoth|115/249|[from] drain|[of] p1a: Regirock\n|move|p1a: Regirock|Stone Edge|p2a: Frosmoth\n|-supereffective|p2a: Frosmoth\n|-damage|p2a: Frosmoth|0 fnt\n|faint|p2a: Frosmoth\n|\n|upkeep\n|\n|t:|1781405794\n|switch|p2a: Comfey|Comfey, L85, F|85/225 tox\n|turn|25\n|\n|t:|1781405800\n|move|p2a: Comfey|Giga Drain|p1a: Regirock\n|-supereffective|p1a: Regirock\n|-damage|p1a: Regirock|0 fnt\n|-heal|p2a: Comfey|129/225 tox|[from] drain|[of] p1a: Regirock\n|faint|p1a: Regirock\n|\n|-damage|p2a: Comfey|115/225 tox|[from] psn\n|upkeep\n|\n|t:|1781405803\n|switch|p1a: Ogerpon|Ogerpon, L80, F|259/259\n|turn|26\n|\n|t:|1781405811\n|move|p2a: Comfey|Draining Kiss|p1a: Ogerpon\n|-damage|p1a: Ogerpon|216/259\n|-heal|p2a: Comfey|147/225 tox|[from] drain|[of] p1a: Ogerpon\n|move|p1a: Ogerpon|Ivy Cudgel|p2a: Comfey\n|-damage|p2a: Comfey|0 fnt\n|faint|p2a: Comfey\n|-damage|p1a: Ogerpon|191/259|[from] item: Life Orb\n|\n|win|personanongrattata\n|raw|personanongrattata's rating: 1955 &rarr; <strong>1977</strong><br />(+22 for winning)\n|raw|isnothingeasy's rating: 1992 &rarr; <strong>1970</strong><br />(-22 for losing)\n", "inputlog": ">version a8376a258c1d4662feba110a92103f3664a72141\n>start {\"formatid\":\"gen9randombattle\",\"seed\":\"sodium,41da1662d6a4b65066e5e7da94279074\",\"rated\":\"Rated battle\"}\n>player p1 {\"name\":\"personanongrattata\",\"avatar\":\"youngster-gen4dp\",\"rating\":1955,\"seed\":\"sodium,06cc7cfc4dfe9355f7801b56d437a2f6\"}\n>player p2 {\"name\":\"isnothingeasy\",\"avatar\":\"lady\",\"rating\":1992,\"seed\":\"sodium,771520d663821c23f929e1221870e981\"}\n>p1 move knockoff\n>p2 switch 3\n>p1 switch 6\n>p2 move sludgebomb\n>p1 move stoneedge\n>p2 move dynamaxcannon\n>p1 move rest\n>p2 move meteorbeam\n>p1 move stoneedge\n>p2 move meteorbeam\n>p2 switch 5\n>p1 switch 3\n>p2 move bulletseed\n>p1 move bravebird\n>p2 move spore\n>p2 switch 4\n>p1 switch 4\n>p2 move superpower\n>p1 move thunderbolt\n>p2 move superpower terastallize\n>p1 move thunderbolt\n>p2 move knockoff\n>p1 switch 4\n>p1 move bravebird\n>p2 move rest\n>p2 switch 2\n>p1 move toxic\n>p2 move calmmind\n>p1 move toxic terastallize\n>p2 move calmmind\n>p1 move roost\n>p2 move calmmind\n>p1 move knockoff\n>p2 move calmmind\n>p1 move knockoff\n>p2 move drainingkiss\n>p1 move roost\n>p2 switch 3\n>p1 move toxic\n>p2 move substitute\n>p1 move bravebird\n>p2 move bulkup\n>p1 move bravebird\n>p2 move closecombat\n>p1 switch 6\n>p1 move liquidation\n>p2 move closecombat\n>p2 switch 6\n>p1 move liquidation\n>p2 move quiverdance\n>p1 move liquidation\n>p2 move gigadrain\n>p1 switch 3\n>p1 move stoneedge\n>p2 move gigadrain\n>p2 switch 3\n>p1 move bodypress\n>p2 move gigadrain\n>p1 switch 5\n>p1 move ivycudgel\n>p2 move drainingkiss", "uploadtime": 1781405524, "views": 5, "formatid": "gen9randombattle", "rating": 1970, "private": 0, "password": null}