{"id": "gen9randombattle-2631778556", "format": "[Gen 9] Random Battle", "players": ["saichenia", "FritzThePancake"], "log": "|j|\u2606saichenia\n|j|\u2606FritzThePancake\n|t:|1781438271\n|gametype|singles\n|player|p1|saichenia|101|1724\n|player|p2|FritzThePancake|266|1781\n|gen|9\n|tier|[Gen 9] Random Battle\n|rated|\n|rule|Species Clause: Limit one of each Pok\u00e9mon\n|rule|HP Percentage Mod: HP is shown in percentages\n|rule|Sleep Clause Mod: Limit one foe put to sleep\n|rule|Illusion Level Mod: Illusion disguises the Pok\u00e9mon's true level\n|\n|t:|1781438271\n|teamsize|p1|6\n|teamsize|p2|6\n|start\n|switch|p1a: Groudon|Groudon, L72|263/263\n|switch|p2a: Bruxish|Bruxish, L85, M|254/254\n|-weather|SunnyDay|[from] ability: Drought|[of] p1a: Groudon\n|turn|1\n|\n|t:|1781438282\n|move|p2a: Bruxish|Ice Fang|p1a: Groudon\n|-supereffective|p1a: Groudon\n|-damage|p1a: Groudon|143/263\n|move|p1a: Groudon|Precipice Blades|p2a: Bruxish\n|-damage|p2a: Bruxish|92/254\n|\n|-weather|SunnyDay|[upkeep]\n|-heal|p1a: Groudon|159/263|[from] item: Leftovers\n|upkeep\n|turn|2\n|inactive|Battle timer is ON: inactive players will automatically lose when time's up. (requested by saichenia)\n|\n|t:|1781438286\n|move|p2a: Bruxish|Ice Fang|p1a: Groudon|[miss]\n|-miss|p2a: Bruxish|p1a: Groudon\n|move|p1a: Groudon|Precipice Blades|p2a: Bruxish|[miss]\n|-miss|p1a: Groudon|p2a: Bruxish\n|\n|-weather|SunnyDay|[upkeep]\n|-heal|p1a: Groudon|175/263|[from] item: Leftovers\n|upkeep\n|turn|3\n|\n|t:|1781438302\n|move|p2a: Bruxish|Ice Fang|p1a: Groudon\n|-supereffective|p1a: Groudon\n|-damage|p1a: Groudon|49/263\n|move|p1a: Groudon|Precipice Blades|p2a: Bruxish\n|-crit|p2a: Bruxish\n|-damage|p2a: Bruxish|0 fnt\n|faint|p2a: Bruxish\n|\n|-weather|SunnyDay|[upkeep]\n|-heal|p1a: Groudon|65/263|[from] item: Leftovers\n|upkeep\n|\n|t:|1781438309\n|switch|p2a: Entei|Entei, L78|307/307\n|turn|4\n|\n|t:|1781438315\n|move|p2a: Entei|Sacred Fire|p1a: Groudon\n|-damage|p1a: Groudon|0 fnt\n|faint|p1a: Groudon\n|\n|-weather|SunnyDay|[upkeep]\n|upkeep\n|\n|t:|1781438338\n|switch|p1a: Ting-Lu|Ting-Lu, L78|370/370\n|-ability|p1a: Ting-Lu|Vessel of Ruin\n|turn|5\n|inactive|FritzThePancake has 120 seconds left.\n|\n|t:|1781438380\n|move|p2a: Entei|Sacred Fire|p1a: Ting-Lu\n|-damage|p1a: Ting-Lu|192/370\n|-status|p1a: Ting-Lu|brn\n|move|p1a: Ting-Lu|Earthquake|p2a: Entei\n|-supereffective|p2a: Entei\n|-damage|p2a: Entei|189/307\n|\n|-weather|none\n|-heal|p1a: Ting-Lu|215/370 brn|[from] item: Leftovers\n|-damage|p1a: Ting-Lu|192/370 brn|[from] brn\n|upkeep\n|turn|6\n|\n|t:|1781438395\n|switch|p2a: Arceus|Arceus-Dragon, L71|288/288\n|move|p1a: Ting-Lu|Stealth Rock|p2a: Arceus\n|-sidestart|p2: FritzThePancake|move: Stealth Rock\n|\n|-heal|p1a: Ting-Lu|215/370 brn|[from] item: Leftovers\n|-damage|p1a: Ting-Lu|192/370 brn|[from] brn\n|upkeep\n|turn|7\n|\n|t:|1781438399\n|move|p2a: Arceus|Dragon Dance|p2a: Arceus\n|-boost|p2a: Arceus|atk|1\n|-boost|p2a: Arceus|spe|1\n|move|p1a: Ting-Lu|Whirlwind|p2a: Arceus\n|drag|p2a: Magearna|Magearna-Original, L77|250/250\n|-damage|p2a: Magearna|235/250|[from] Stealth Rock\n|\n|-heal|p1a: Ting-Lu|215/370 brn|[from] item: Leftovers\n|-damage|p1a: Ting-Lu|192/370 brn|[from] brn\n|upkeep\n|turn|8\n|inactive|FritzThePancake has 120 seconds left.\n|inactive|saichenia has 120 seconds left.\n|\n|t:|1781438438\n|switch|p1a: Trevenant|Trevenant, L89, F|296/296\n|move|p2a: Magearna|Shift Gear|p2a: Magearna\n|-boost|p2a: Magearna|spe|2\n|-boost|p2a: Magearna|atk|1\n|\n|upkeep\n|turn|9\n|inactive|saichenia has 120 seconds left.\n|inactive|FritzThePancake has 120 seconds left.\n|\n|t:|1781438454\n|switch|p2a: Perrserker|Perrserker, L89, M|269/269\n|-damage|p2a: Perrserker|253/269|[from] Stealth Rock\n|move|p1a: Trevenant|Poltergeist|p2a: Perrserker\n|-activate|p2a: Perrserker|move: Poltergeist|Choice Band\n|-damage|p2a: Perrserker|138/269\n|\n|upkeep\n|turn|10\n|\n|t:|1781438470\n|move|p1a: Trevenant|Protect|p1a: Trevenant\n|-singleturn|p1a: Trevenant|Protect\n|move|p2a: Perrserker|Knock Off|p1a: Trevenant\n|-activate|p1a: Trevenant|move: Protect\n|\n|upkeep\n|turn|11\n|\n|t:|1781438479\n|switch|p1a: Okidogi|Okidogi, L77, M|262/262\n|move|p2a: Perrserker|Knock Off|p1a: Okidogi\n|-resisted|p1a: Okidogi\n|-damage|p1a: Okidogi|190/262\n|-enditem|p1a: Okidogi|Leftovers|[from] move: Knock Off|[of] p2a: Perrserker\n|\n|upkeep\n|turn|12\n|inactive|FritzThePancake has 120 seconds left.\n|\n|t:|1781438486\n|switch|p2a: Entei|Entei, L78|189/307\n|-damage|p2a: Entei|113/307|[from] Stealth Rock\n|move|p1a: Okidogi|Bulk Up|p1a: Okidogi\n|-boost|p1a: Okidogi|atk|1\n|-boost|p1a: Okidogi|def|1\n|\n|upkeep\n|turn|13\n|\n|t:|1781438492\n|move|p2a: Entei|Sacred Fire|p1a: Okidogi|[miss]\n|-miss|p2a: Entei|p1a: Okidogi\n|move|p1a: Okidogi|Drain Punch|p2a: Entei\n|-damage|p2a: Entei|0 fnt\n|-heal|p1a: Okidogi|247/262|[from] drain|[of] p2a: Entei\n|faint|p2a: Entei\n|\n|upkeep\n|c|\u2606FritzThePancake|!dt sacred fire\n|c|\u2606FritzThePancake|/raw <ul class=\"utilichart\"><li class=\"result\"><span class=\"col movenamecol\"><a href=\"https://dex.pokemonshowdown.com/moves/sacredfire\">Sacred Fire</a></span> <span class=\"col typecol\"><img src=\"//play.pokemonshowdown.com/sprites/types/Fire.png\" alt=\"Fire\" width=\"32\" height=\"14\"><img src=\"//play.pokemonshowdown.com/sprites/categories/Physical.png\" alt=\"Physical\" width=\"32\" height=\"14\"></span> <span class=\"col labelcol\"><em>Power</em><br>100</span> <span class=\"col widelabelcol\"><em>Accuracy</em><br>95%</span> <span class=\"col pplabelcol\"><em>PP</em><br>8</span> <span class=\"col movedesccol\">50% chance to burn the target. Thaws user.</span> </li><li style=\"clear:both\"></li></ul>\n|c|\u2606FritzThePancake|/raw <font size=\"1\"><font color=\"#686868\">Priority:</font> 0&nbsp;|&ThickSpace;<font color=\"#686868\">Gen:</font> 2&nbsp;|&ThickSpace;&#10003; Boosted by Sheer Force&nbsp;|&ThickSpace;&#10003; Thaws user&nbsp;|&ThickSpace;<font color=\"#686868\">Z-Power:</font> 180&nbsp;|&ThickSpace;<font color=\"#686868\">Target:</font> One Adjacent Pok\u00e9mon</font>\n\n|c|\u2606FritzThePancake|95% my ass\n|inactive|FritzThePancake has 120 seconds left.\n|\n|t:|1781438523\n|switch|p2a: Smeargle|Smeargle, L95, F|258/258\n|-damage|p2a: Smeargle|226/258|[from] Stealth Rock\n|turn|14\n|\n|t:|1781438539\n|switch|p1a: Trevenant|Trevenant, L89, F|296/296\n|move|p2a: Smeargle|Spore|p1a: Trevenant\n|-immune|p1a: Trevenant\n|\n|upkeep\n|turn|15\n|inactive|FritzThePancake has 120 seconds left.\n|\n|t:|1781438567\n|switch|p2a: Perrserker|Perrserker, L89, M|138/269\n|-damage|p2a: Perrserker|122/269|[from] Stealth Rock\n|move|p1a: Trevenant|Drain Punch|p2a: Perrserker\n|-supereffective|p2a: Perrserker\n|-damage|p2a: Perrserker|4/269\n|\n|upkeep\n|turn|16\n|\n|t:|1781438574\n|move|p1a: Trevenant|Drain Punch|p2a: Perrserker\n|-supereffective|p2a: Perrserker\n|-damage|p2a: Perrserker|0 fnt\n|faint|p2a: Perrserker\n|\n|upkeep\n|\n|t:|1781438592\n|switch|p2a: Arceus|Arceus-Dragon, L71|288/288\n|-damage|p2a: Arceus|252/288|[from] Stealth Rock\n|turn|17\n|\n|t:|1781438597\n|move|p2a: Arceus|Flare Blitz|p1a: Trevenant\n|-supereffective|p1a: Trevenant\n|-damage|p1a: Trevenant|144/296\n|-enditem|p1a: Trevenant|Sitrus Berry|[eat]\n|-heal|p1a: Trevenant|218/296|[from] item: Sitrus Berry\n|-damage|p2a: Arceus|202/288|[from] Recoil\n|move|p1a: Trevenant|Toxic|p2a: Arceus\n|-status|p2a: Arceus|tox\n|\n|-damage|p2a: Arceus|184/288 tox|[from] psn\n|-item|p1a: Trevenant|Sitrus Berry|[from] ability: Harvest\n|upkeep\n|turn|18\n|\n|t:|1781438603\n|move|p2a: Arceus|Dragon Dance|p2a: Arceus\n|-boost|p2a: Arceus|atk|1\n|-boost|p2a: Arceus|spe|1\n|move|p1a: Trevenant|Poltergeist|p2a: Arceus\n|-activate|p2a: Arceus|move: Poltergeist|Draco Plate\n|-damage|p2a: Arceus|61/288 tox\n|\n|-damage|p2a: Arceus|25/288 tox|[from] psn\n|upkeep\n|turn|19\n|inactive|FritzThePancake has 120 seconds left.\n|\n|t:|1781438610\n|move|p1a: Trevenant|Protect|p1a: Trevenant\n|-singleturn|p1a: Trevenant|Protect\n|move|p2a: Arceus|Flare Blitz|p1a: Trevenant\n|-activate|p1a: Trevenant|move: Protect\n|\n|-damage|p2a: Arceus|0 fnt|[from] psn\n|faint|p2a: Arceus\n|upkeep\n|\n|t:|1781438614\n|switch|p2a: Smeargle|Smeargle, L95, F|226/258\n|-damage|p2a: Smeargle|194/258|[from] Stealth Rock\n|turn|20\n|\n|t:|1781438625\n|move|p2a: Smeargle|Ceaseless Edge|p1a: Trevenant\n|-supereffective|p1a: Trevenant\n|-damage|p1a: Trevenant|168/296\n|-sidestart|p1: saichenia|Spikes\n|move|p1a: Trevenant|Drain Punch|p2a: Smeargle\n|-supereffective|p2a: Smeargle\n|-damage|p2a: Smeargle|0 fnt\n|-heal|p1a: Trevenant|265/296|[from] drain|[of] p2a: Smeargle\n|faint|p2a: Smeargle\n|\n|upkeep\n|\n|t:|1781438627\n|switch|p2a: Magearna|Magearna-Original, L77|235/250\n|-damage|p2a: Magearna|220/250|[from] Stealth Rock\n|turn|21\n|\n|t:|1781438634\n|move|p1a: Trevenant|Poltergeist|p2a: Magearna\n|-activate|p2a: Magearna|move: Poltergeist|Weakness Policy\n|-damage|p2a: Magearna|93/250\n|move|p2a: Magearna|Shift Gear|p2a: Magearna\n|-boost|p2a: Magearna|spe|2\n|-boost|p2a: Magearna|atk|1\n|\n|upkeep\n|turn|22\n|\n|t:|1781438636\n|move|p2a: Magearna|Iron Head|p1a: Trevenant\n|-damage|p1a: Trevenant|147/296\n|-enditem|p1a: Trevenant|Sitrus Berry|[eat]\n|-heal|p1a: Trevenant|221/296|[from] item: Sitrus Berry\n|cant|p1a: Trevenant|flinch\n|\n|upkeep\n|turn|23\n|\n|t:|1781438641\n|move|p2a: Magearna|Iron Head|p1a: Trevenant\n|-damage|p1a: Trevenant|115/296\n|cant|p1a: Trevenant|flinch\n|\n|-item|p1a: Trevenant|Sitrus Berry|[from] ability: Harvest\n|upkeep\n|-enditem|p1a: Trevenant|Sitrus Berry|[eat]\n|-heal|p1a: Trevenant|189/296|[from] item: Sitrus Berry\n|turn|24\n|\n|t:|1781438645\n|move|p2a: Magearna|Iron Head|p1a: Trevenant\n|-damage|p1a: Trevenant|87/296\n|move|p1a: Trevenant|Poltergeist|p2a: Magearna|[miss]\n|-miss|p1a: Trevenant|p2a: Magearna\n|\n|upkeep\n|turn|25\n|c|\u2606FritzThePancake|mb\n|\n|t:|1781438653\n|move|p1a: Trevenant|Protect|p1a: Trevenant\n|-singleturn|p1a: Trevenant|Protect\n|move|p2a: Magearna|Shift Gear|p2a: Magearna\n|-boost|p2a: Magearna|spe|2\n|-boost|p2a: Magearna|atk|1\n|\n|upkeep\n|turn|26\n|\n|t:|1781438658\n|move|p2a: Magearna|Iron Head|p1a: Trevenant\n|-damage|p1a: Trevenant|0 fnt\n|faint|p1a: Trevenant\n|-ability|p2a: Magearna|Soul-Heart|boost\n|-boost|p2a: Magearna|spa|1\n|\n|upkeep\n|\n|t:|1781438665\n|switch|p1a: Uxie|Uxie, L83|260/260\n|turn|27\n|\n|t:|1781438671\n|move|p2a: Magearna|Iron Head|p1a: Uxie\n|-damage|p1a: Uxie|158/260\n|move|p1a: Uxie|Thunder Wave|p2a: Magearna\n|-status|p2a: Magearna|par\n|\n|-heal|p1a: Uxie|174/260|[from] item: Leftovers\n|upkeep\n|turn|28\n|\n|t:|1781438680\n|move|p2a: Magearna|Iron Head|p1a: Uxie\n|-damage|p1a: Uxie|69/260\n|move|p1a: Uxie|U-turn|p2a: Magearna\n|-resisted|p2a: Magearna\n|-damage|p2a: Magearna|84/250 par\n|\n|t:|1781438685\n|switch|p1a: Ting-Lu|Ting-Lu, L78|192/370 brn|[from] U-turn\n|-damage|p1a: Ting-Lu|146/370 brn|[from] Spikes\n|-ability|p1a: Ting-Lu|Vessel of Ruin\n|\n|-heal|p1a: Ting-Lu|169/370 brn|[from] item: Leftovers\n|-damage|p1a: Ting-Lu|146/370 brn|[from] brn\n|upkeep\n|turn|29\n|\n|t:|1781438690\n|move|p2a: Magearna|Fleur Cannon|p1a: Ting-Lu\n|-supereffective|p1a: Ting-Lu\n|-damage|p1a: Ting-Lu|0 fnt\n|-unboost|p2a: Magearna|spa|2\n|faint|p1a: Ting-Lu\n|-ability|p2a: Magearna|Soul-Heart|boost\n|-boost|p2a: Magearna|spa|1\n|\n|upkeep\n|\n|t:|1781438695\n|switch|p1a: Okidogi|Okidogi, L77, M|247/262\n|-damage|p1a: Okidogi|215/262|[from] Spikes\n|turn|30\n|\n|t:|1781438700\n|-terastallize|p2a: Magearna|Ground\n|move|p2a: Magearna|Tera Blast|p1a: Okidogi|[anim] Tera Blast Ground\n|-supereffective|p1a: Okidogi\n|-damage|p1a: Okidogi|0 fnt\n|faint|p1a: Okidogi\n|-ability|p2a: Magearna|Soul-Heart|boost\n|-boost|p2a: Magearna|spa|1\n|\n|upkeep\n|\n|t:|1781438705\n|switch|p1a: Grumpig|Grumpig, L92, M|297/297\n|-damage|p1a: Grumpig|260/297|[from] Spikes\n|turn|31\n|\n|t:|1781438709\n|-terastallize|p1a: Grumpig|Psychic\n|move|p2a: Magearna|Iron Head|p1a: Grumpig\n|-damage|p1a: Grumpig|101/297\n|cant|p1a: Grumpig|flinch\n|\n|upkeep\n|turn|32\n|\n|t:|1781438714\n|move|p2a: Magearna|Iron Head|p1a: Grumpig\n|-damage|p1a: Grumpig|0 fnt\n|faint|p1a: Grumpig\n|-ability|p2a: Magearna|Soul-Heart|boost\n|-boost|p2a: Magearna|spa|1\n|\n|upkeep\n|\n|t:|1781438717\n|switch|p1a: Uxie|Uxie, L83|69/260\n|turn|33\n|c|\u2606FritzThePancake|wow\n|c|\u2606FritzThePancake|im so sorry\n|c|\u2606saichenia|so much flinch\n|\n|t:|1781438726\n|move|p2a: Magearna|Iron Head|p1a: Uxie\n|-damage|p1a: Uxie|0 fnt\n|faint|p1a: Uxie\n|\n|win|FritzThePancake\n|raw|saichenia's rating: 1724 &rarr; <strong>1707</strong><br />(-17 for losing)\n|raw|FritzThePancake's rating: 1781 &rarr; <strong>1798</strong><br />(+17 for winning)\n|l|\u2606saichenia\n|player|p1|\n", "inputlog": ">version a8376a258c1d4662feba110a92103f3664a72141\n>start {\"formatid\":\"gen9randombattle\",\"seed\":\"sodium,00337874e75eb5d79d76af9823396fc7\",\"rated\":\"Rated battle\"}\n>player p1 {\"name\":\"saichenia\",\"avatar\":\"101\",\"rating\":1724,\"seed\":\"sodium,5da79638ecb57fbef06f74af7178b2cb\"}\n>player p2 {\"name\":\"FritzThePancake\",\"avatar\":\"266\",\"rating\":1781,\"seed\":\"sodium,140096487d2845e951c5dec4dbee667f\"}\n>p1 move precipiceblades\n>p2 move icefang\n>p1 move precipiceblades\n>p2 move icefang\n>p1 move precipiceblades\n>p2 move icefang\n>p2 switch 2\n>p1 move precipiceblades\n>p2 move sacredfire\n>p1 switch 3\n>p1 move earthquake\n>p2 move sacredfire\n>p1 move stealthrock\n>p2 switch 3\n>p1 move whirlwind\n>p2 move dragondance\n>p1 switch 2\n>p2 move shiftgear\n>p1 move poltergeist\n>p2 switch 4\n>p1 move protect\n>p2 move knockoff\n>p1 switch 6\n>p2 move knockoff\n>p1 move bulkup\n>p2 switch 3\n>p1 move drainpunch\n>p2 move sacredfire\n>chat \u2606FritzThePancake|!dt sacred fire\n>chat \u2606FritzThePancake|95% my ass\n>p2 switch 6\n>p1 switch 6\n>p2 move spore\n>p1 move drainpunch\n>p2 switch 3\n>p1 move drainpunch\n>p2 move knockoff\n>p2 switch 5\n>p1 move toxic\n>p2 move flareblitz\n>p1 move poltergeist\n>p2 move dragondance\n>p1 move protect\n>p2 move flareblitz\n>p2 switch 3\n>p1 move drainpunch\n>p2 move ceaselessedge\n>p2 switch 4\n>p1 move poltergeist\n>p2 move shiftgear\n>p1 move poltergeist\n>p2 move ironhead\n>p1 move poltergeist\n>p2 move ironhead\n>p1 move poltergeist\n>p2 move ironhead\n>chat \u2606FritzThePancake|mb\n>p1 move protect\n>p2 move shiftgear\n>p1 move poltergeist\n>p2 move ironhead\n>p1 switch 4\n>p1 move thunderwave\n>p2 move ironhead\n>p1 move uturn\n>p2 move ironhead\n>p1 switch 2\n>p1 move earthquake\n>p2 move fleurcannon\n>p1 switch 6\n>p1 move drainpunch\n>p2 move terablast terastallize\n>p1 switch 5\n>p1 move psyshock terastallize\n>p2 move ironhead\n>p1 move psyshock\n>p2 move ironhead\n>p1 switch 2\n>chat \u2606FritzThePancake|wow\n>chat \u2606FritzThePancake|im so sorry\n>chat \u2606saichenia|so much flinch\n>p1 move psychicnoise\n>p2 move ironhead", "uploadtime": 1781438729, "views": 10, "formatid": "gen9randombattle", "rating": 1707, "private": 0, "password": null}