{"id": "gen9randombattle-2631377467", "format": "[Gen 9] Random Battle", "players": ["Pinecone007", "chichoxd19"], "log": "|j|\u2606Pinecone007\n|j|\u2606chichoxd19\n|t:|1781377486\n|gametype|singles\n|player|p1|Pinecone007|2|1717\n|player|p2|chichoxd19|170|1703\n|gen|9\n|tier|[Gen 9] Random Battle\n|rated|\n|rule|Species Clause: Limit one of each Pok\u00e9mon\n|rule|HP Percentage Mod: HP is shown in percentages\n|rule|Sleep Clause Mod: Limit one foe put to sleep\n|rule|Illusion Level Mod: Illusion disguises the Pok\u00e9mon's true level\n|\n|t:|1781377486\n|teamsize|p1|6\n|teamsize|p2|6\n|start\n|switch|p1a: Iron Valiant|Iron Valiant, L78|244/244\n|switch|p2a: Sandslash|Sandslash, L89, F|278/278\n|turn|1\n|inactive|Battle timer is ON: inactive players will automatically lose when time's up. (requested by Pinecone007)\n|\n|t:|1781377501\n|move|p1a: Iron Valiant|Spirit Break|p2a: Sandslash\n|-damage|p2a: Sandslash|191/278\n|-unboost|p2a: Sandslash|spa|1\n|-damage|p1a: Iron Valiant|220/244|[from] item: Life Orb\n|move|p2a: Sandslash|Rapid Spin|p1a: Iron Valiant\n|-damage|p1a: Iron Valiant|178/244\n|-boost|p2a: Sandslash|spe|1\n|\n|-heal|p2a: Sandslash|208/278|[from] item: Leftovers\n|upkeep\n|turn|2\n|\n|t:|1781377513\n|-end|p1a: Iron Valiant|Quark Drive|[silent]\n|switch|p1a: Dondozo|Dondozo, L78, M|362/362\n|move|p2a: Sandslash|Spikes|p1a: Dondozo\n|-sidestart|p1: Pinecone007|Spikes\n|\n|-heal|p2a: Sandslash|225/278|[from] item: Leftovers\n|upkeep\n|turn|3\n|\n|t:|1781377523\n|move|p2a: Sandslash|Spikes|p1a: Dondozo\n|-sidestart|p1: Pinecone007|Spikes\n|move|p1a: Dondozo|Curse|p1a: Dondozo\n|-unboost|p1a: Dondozo|spe|1\n|-boost|p1a: Dondozo|atk|1\n|-boost|p1a: Dondozo|def|1\n|\n|-heal|p2a: Sandslash|242/278|[from] item: Leftovers\n|upkeep\n|turn|4\n|\n|t:|1781377526\n|move|p2a: Sandslash|Spikes|p1a: Dondozo\n|-sidestart|p1: Pinecone007|Spikes\n|move|p1a: Dondozo|Curse|p1a: Dondozo\n|-unboost|p1a: Dondozo|spe|1\n|-boost|p1a: Dondozo|atk|1\n|-boost|p1a: Dondozo|def|1\n|\n|-heal|p2a: Sandslash|259/278|[from] item: Leftovers\n|upkeep\n|turn|5\n|\n|t:|1781377530\n|switch|p2a: Toxapex|Toxapex, L82, F|216/216\n|move|p1a: Dondozo|Wave Crash|p2a: Toxapex\n|-resisted|p2a: Toxapex\n|-damage|p2a: Toxapex|146/216\n|-damage|p1a: Dondozo|302/362|[from] item: Rocky Helmet|[of] p2a: Toxapex\n|-damage|p1a: Dondozo|279/362|[from] Recoil\n|\n|-heal|p1a: Dondozo|301/362|[from] item: Leftovers\n|upkeep\n|turn|6\n|\n|t:|1781377537\n|move|p2a: Toxapex|Toxic|p1a: Dondozo\n|-status|p1a: Dondozo|tox\n|move|p1a: Dondozo|Curse|p1a: Dondozo\n|-unboost|p1a: Dondozo|spe|1\n|-boost|p1a: Dondozo|atk|1\n|-boost|p1a: Dondozo|def|1\n|\n|-heal|p1a: Dondozo|323/362 tox|[from] item: Leftovers\n|-damage|p1a: Dondozo|301/362 tox|[from] psn\n|upkeep\n|turn|7\n|\n|t:|1781377540\n|move|p2a: Toxapex|Haze|p2a: Toxapex\n|-clearallboost\n|move|p1a: Dondozo|Wave Crash|p2a: Toxapex\n|-resisted|p2a: Toxapex\n|-damage|p2a: Toxapex|105/216\n|-damage|p1a: Dondozo|241/362 tox|[from] item: Rocky Helmet|[of] p2a: Toxapex\n|-damage|p1a: Dondozo|227/362 tox|[from] Recoil\n|\n|-heal|p1a: Dondozo|249/362 tox|[from] item: Leftovers\n|-damage|p1a: Dondozo|205/362 tox|[from] psn\n|upkeep\n|turn|8\n|\n|t:|1781377542\n|move|p2a: Toxapex|Recover|p2a: Toxapex\n|-heal|p2a: Toxapex|213/216\n|move|p1a: Dondozo|Rest|p1a: Dondozo\n|-status|p1a: Dondozo|slp|[from] move: Rest\n|-heal|p1a: Dondozo|362/362 slp|[silent]\n|\n|upkeep\n|turn|9\n|\n|t:|1781377552\n|switch|p2a: Gengar|Gengar, L81, F|230/230\n|cant|p1a: Dondozo|slp\n|move|p1a: Dondozo|Sleep Talk|p1a: Dondozo\n|move|p1a: Dondozo|Curse|p1a: Dondozo|[from] move: Sleep Talk\n|-unboost|p1a: Dondozo|spe|1\n|-boost|p1a: Dondozo|atk|1\n|-boost|p1a: Dondozo|def|1\n|\n|upkeep\n|turn|10\n|\n|t:|1781377564\n|move|p2a: Gengar|Trick|p1a: Dondozo\n|-activate|p2a: Gengar|move: Trick|[of] p1a: Dondozo\n|-item|p1a: Dondozo|Choice Specs|[from] move: Trick\n|-item|p2a: Gengar|Leftovers|[from] move: Trick\n|cant|p1a: Dondozo|slp\n|move|p1a: Dondozo|Sleep Talk|p1a: Dondozo\n|move|p1a: Dondozo|Curse|p1a: Dondozo|[from] move: Sleep Talk\n|-unboost|p1a: Dondozo|spe|1\n|-boost|p1a: Dondozo|atk|1\n|-boost|p1a: Dondozo|def|1\n|\n|upkeep\n|turn|11\n|\n|t:|1781377575\n|switch|p1a: Roaring Moon|Roaring Moon, L72|270/270\n|-damage|p1a: Roaring Moon|203/270|[from] Spikes\n|move|p2a: Gengar|Sludge Wave|p1a: Roaring Moon\n|-damage|p1a: Roaring Moon|71/270\n|\n|upkeep\n|turn|12\n|\n|t:|1781377580\n|move|p2a: Gengar|Sludge Wave|p1a: Roaring Moon\n|-damage|p1a: Roaring Moon|0 fnt\n|faint|p1a: Roaring Moon\n|-end|p1a: Roaring Moon|Protosynthesis|[silent]\n|\n|upkeep\n|\n|t:|1781377586\n|switch|p1a: Drednaw|Drednaw, L81, M|278/278\n|-damage|p1a: Drednaw|209/278|[from] Spikes\n|turn|13\n|\n|t:|1781377591\n|move|p2a: Gengar|Focus Blast|p1a: Drednaw\n|-supereffective|p1a: Drednaw\n|-damage|p1a: Drednaw|0 fnt\n|faint|p1a: Drednaw\n|\n|upkeep\n|\n|t:|1781377598\n|switch|p1a: Delphox|Delphox, L84, F|263/263\n|turn|14\n|\n|t:|1781377603\n|-terastallize|p1a: Delphox|Grass\n|move|p2a: Gengar|Shadow Ball|p1a: Delphox\n|-damage|p1a: Delphox|179/263\n|move|p1a: Delphox|Psyshock|p2a: Gengar\n|-supereffective|p2a: Gengar\n|-damage|p2a: Gengar|0 fnt\n|faint|p2a: Gengar\n|\n|upkeep\n|\n|t:|1781377620\n|switch|p2a: Ditto|Ditto, L87, shiny|225/225\n|-transform|p2a: Ditto|p1a: Delphox|[from] ability: Imposter\n|-start|p2a: Ditto|typechange|Fire/Psychic|[silent]\n|turn|15\n|\n|t:|1781377626\n|switch|p1a: Dondozo|Dondozo, L78, M|362/362 slp\n|-damage|p1a: Dondozo|272/362 slp|[from] Spikes\n|move|p2a: Ditto|Fire Blast|p1a: Dondozo\n|-resisted|p1a: Dondozo\n|-damage|p1a: Dondozo|185/362 slp\n|\n|upkeep\n|turn|16\n|\n|t:|1781377643\n|switch|p2a: Toxapex|Toxapex, L82, F|216/216\n|switch|p1a: Raichu|Raichu-Alola, L87, F|246/246\n|-damage|p1a: Raichu|185/246|[from] Spikes\n|\n|upkeep\n|turn|17\n|\n|t:|1781377654\n|switch|p2a: Sandslash|Sandslash, L89, F|259/278\n|move|p1a: Raichu|Psyshock|p2a: Sandslash\n|-damage|p2a: Sandslash|160/278\n|\n|-heal|p2a: Sandslash|177/278|[from] item: Leftovers\n|upkeep\n|turn|18\n|\n|t:|1781377661\n|switch|p1a: Dondozo|Dondozo, L78, M|185/362 slp\n|-damage|p1a: Dondozo|95/362 slp|[from] Spikes\n|move|p2a: Sandslash|Rapid Spin|p1a: Dondozo\n|-damage|p1a: Dondozo|60/362 slp\n|-boost|p2a: Sandslash|spe|1\n|\n|-heal|p2a: Sandslash|194/278|[from] item: Leftovers\n|upkeep\n|turn|19\n|\n|t:|1781377668\n|move|p2a: Sandslash|Earthquake|p1a: Dondozo\n|-damage|p1a: Dondozo|0 fnt\n|faint|p1a: Dondozo\n|\n|-heal|p2a: Sandslash|211/278|[from] item: Leftovers\n|upkeep\n|\n|t:|1781377674\n|switch|p1a: Delphox|Delphox, L84, F, tera:Grass|179/263\n|turn|20\n|\n|t:|1781377679\n|move|p2a: Sandslash|Knock Off|p1a: Delphox\n|-damage|p1a: Delphox|91/263\n|-enditem|p1a: Delphox|Heavy-Duty Boots|[from] move: Knock Off|[of] p2a: Sandslash\n|move|p1a: Delphox|Grass Knot|p2a: Sandslash\n|-supereffective|p2a: Sandslash\n|-damage|p2a: Sandslash|13/278\n|\n|-heal|p2a: Sandslash|30/278|[from] item: Leftovers\n|upkeep\n|turn|21\n|\n|t:|1781377691\n|move|p2a: Sandslash|Knock Off|p1a: Delphox\n|-damage|p1a: Delphox|25/263\n|move|p1a: Delphox|Grass Knot|p2a: Sandslash\n|-supereffective|p2a: Sandslash\n|-damage|p2a: Sandslash|0 fnt\n|faint|p2a: Sandslash\n|\n|upkeep\n|\n|t:|1781377696\n|switch|p2a: Ditto|Ditto, L87, shiny|225/225\n|-transform|p2a: Ditto|p1a: Delphox|[from] ability: Imposter\n|turn|22\n|\n|t:|1781377704\n|move|p2a: Ditto|Fire Blast|p1a: Delphox\n|-supereffective|p1a: Delphox\n|-damage|p1a: Delphox|0 fnt\n|faint|p1a: Delphox\n|\n|upkeep\n|\n|t:|1781377708\n|switch|p1a: Raichu|Raichu-Alola, L87, F|185/246\n|-damage|p1a: Raichu|124/246|[from] Spikes\n|turn|23\n|\n|t:|1781377712\n|move|p2a: Ditto|Fire Blast|p1a: Raichu\n|-damage|p1a: Raichu|0 fnt\n|faint|p1a: Raichu\n|\n|upkeep\n|-message|Pinecone007 forfeited.\n|\n|win|chichoxd19\n|raw|Pinecone007's rating: 1717 &rarr; <strong>1696</strong><br />(-21 for losing)\n|raw|chichoxd19's rating: 1703 &rarr; <strong>1724</strong><br />(+21 for winning)\n|l|\u2606Pinecone007\n|player|p1|\n", "inputlog": ">version a8376a258c1d4662feba110a92103f3664a72141\n>start {\"formatid\":\"gen9randombattle\",\"seed\":\"sodium,dd959e665efbe5b93d9a4f1d35f1dd2b\",\"rated\":\"Rated battle\"}\n>player p1 {\"name\":\"Pinecone007\",\"avatar\":\"2\",\"rating\":1717,\"seed\":\"sodium,3a3ad317efa25b8bba636f76c46517b5\"}\n>player p2 {\"name\":\"chichoxd19\",\"avatar\":\"170\",\"rating\":1703,\"seed\":\"sodium,2462ebf189dba6e66d479697e21c53c9\"}\n>p1 move spiritbreak\n>p2 move rapidspin\n>p1 switch 4\n>p2 move spikes\n>p1 move curse\n>p2 move spikes\n>p1 move curse\n>p2 move spikes\n>p1 move wavecrash\n>p2 switch 3\n>p1 move curse\n>p2 move toxic\n>p1 move wavecrash\n>p2 move haze\n>p1 move rest\n>p2 move recover\n>p1 move sleeptalk\n>p2 switch 2\n>p1 move sleeptalk\n>p2 move trick\n>p1 switch 3\n>p2 move sludgewave\n>p1 move knockoff\n>p2 move sludgewave\n>p1 switch 2\n>p1 move shellsmash\n>p2 move focusblast\n>p1 switch 6\n>p1 move psyshock terastallize\n>p2 move shadowball\n>p2 switch 5\n>p1 switch 3\n>p2 move fireblast\n>p1 switch 5\n>p2 switch 2\n>p1 move psyshock\n>p2 switch 3\n>p1 switch 5\n>p2 move rapidspin\n>p1 move wavecrash\n>p2 move earthquake\n>p1 switch 3\n>p1 move grassknot\n>p2 move knockoff\n>p1 move grassknot\n>p2 move knockoff\n>p2 switch 2\n>p1 move fireblast\n>p2 move fireblast\n>p1 switch 5\n>p1 move surf\n>p2 move fireblast\n>forcelose p1", "uploadtime": 1781377719, "views": 9, "formatid": "gen9randombattle", "rating": 1696, "private": 0, "password": null}