{"id": "gen9randombattle-2631913412", "format": "[Gen 9] Random Battle", "players": ["Yomy", "Failtacular3245"], "log": "|j|\u2606Yomy\n|j|\u2606Failtacular3245\n|t:|1781454993\n|gametype|singles\n|player|p1|Yomy|ingo|1990\n|player|p2|Failtacular3245|youngster-gen4dp|1970\n|gen|9\n|tier|[Gen 9] Random Battle\n|rated|\n|rule|Species Clause: Limit one of each Pok\u00e9mon\n|rule|HP Percentage Mod: HP is shown in percentages\n|rule|Sleep Clause Mod: Limit one foe put to sleep\n|rule|Illusion Level Mod: Illusion disguises the Pok\u00e9mon's true level\n|\n|t:|1781454993\n|teamsize|p1|6\n|teamsize|p2|6\n|start\n|switch|p1a: Perrserker|Perrserker, L89, M|269/269\n|switch|p2a: Yanmega|Yanmega, L82, F|275/275\n|turn|1\n|inactive|Battle timer is ON: inactive players will automatically lose when time's up. (requested by Failtacular3245)\n|l|\u2606Yomy\n|inactive|Yomy disconnected and has a minute to reconnect!\n|player|p1|\n|j|\u2606Yomy\n|inactive|Yomy reconnected and has 145 seconds left.\n|player|p1|Yomy|ingo|\n|\n|t:|1781455003\n|move|p2a: Yanmega|Bug Buzz|p1a: Perrserker\n|-resisted|p1a: Perrserker\n|-damage|p1a: Perrserker|75/269\n|-unboost|p1a: Perrserker|spd|1\n|move|p1a: Perrserker|Knock Off|p2a: Yanmega\n|-damage|p2a: Yanmega|103/275\n|-enditem|p2a: Yanmega|Choice Specs|[from] move: Knock Off|[of] p1a: Perrserker\n|\n|upkeep\n|turn|2\n|\n|t:|1781455014\n|switch|p1a: Duraludon|Duraludon, L82, M|249/249\n|move|p2a: Yanmega|Bug Buzz|p1a: Duraludon\n|-resisted|p1a: Duraludon\n|-damage|p1a: Duraludon|141/249\n|\n|upkeep\n|turn|3\n|\n|t:|1781455022\n|move|p2a: Yanmega|Bug Buzz|p1a: Duraludon\n|-resisted|p1a: Duraludon\n|-damage|p1a: Duraludon|35/249\n|move|p1a: Duraludon|Flash Cannon|p2a: Yanmega\n|-damage|p2a: Yanmega|0 fnt\n|faint|p2a: Yanmega\n|\n|upkeep\n|\n|t:|1781455034\n|switch|p2a: Skuntank|Skuntank, L84, F|310/310\n|turn|4\n|\n|t:|1781455040\n|move|p2a: Skuntank|Knock Off|p1a: Duraludon\n|-damage|p1a: Duraludon|0 fnt\n|-enditem|p1a: Duraludon|Eviolite|[from] move: Knock Off|[of] p2a: Skuntank\n|faint|p1a: Duraludon\n|-damage|p2a: Skuntank|279/310|[from] item: Life Orb\n|\n|upkeep\n|\n|t:|1781455065\n|switch|p1a: Flamigo|Flamigo, L82, M|269/269\n|turn|5\n|\n|t:|1781455074\n|move|p1a: Flamigo|Swords Dance|p1a: Flamigo\n|-boost|p1a: Flamigo|atk|2\n|move|p2a: Skuntank|Gunk Shot|p1a: Flamigo\n|-damage|p1a: Flamigo|84/269\n|-status|p1a: Flamigo|psn\n|-damage|p2a: Skuntank|248/310|[from] item: Life Orb\n|\n|-damage|p1a: Flamigo|51/269 psn|[from] psn\n|upkeep\n|turn|6\n|\n|t:|1781455084\n|move|p1a: Flamigo|Close Combat|p2a: Skuntank\n|-damage|p2a: Skuntank|0 fnt\n|-unboost|p1a: Flamigo|def|1\n|-unboost|p1a: Flamigo|spd|1\n|-damage|p1a: Flamigo|0 fnt|[from] ability: Aftermath|[of] p2a: Skuntank\n|faint|p2a: Skuntank\n|faint|p1a: Flamigo\n|\n|upkeep\n|\n|t:|1781455092\n|switch|p1a: Amoonguss|Amoonguss, L82, M|321/321\n|switch|p2a: Kleavor|Kleavor, L78, F|237/237\n|turn|7\n|\n|t:|1781455099\n|switch|p2a: Shaymin|Shaymin, L82|298/298\n|move|p1a: Amoonguss|Spore|p2a: Shaymin\n|-immune|p2a: Shaymin\n|\n|upkeep\n|turn|8\n|\n|t:|1781455104\n|move|p2a: Shaymin|Air Slash|p1a: Amoonguss\n|-supereffective|p1a: Amoonguss\n|-damage|p1a: Amoonguss|205/321\n|move|p1a: Amoonguss|Sludge Bomb|p2a: Shaymin\n|-supereffective|p2a: Shaymin\n|-damage|p2a: Shaymin|146/298\n|\n|-heal|p2a: Shaymin|164/298|[from] item: Leftovers\n|upkeep\n|turn|9\n|\n|t:|1781455113\n|switch|p1a: Toedscruel|Toedscruel, L87, M|281/281\n|move|p2a: Shaymin|Air Slash|p1a: Toedscruel\n|-supereffective|p1a: Toedscruel\n|-damage|p1a: Toedscruel|209/281\n|\n|-heal|p1a: Toedscruel|226/281|[from] item: Leftovers\n|-heal|p2a: Shaymin|182/298|[from] item: Leftovers\n|upkeep\n|turn|10\n|\n|t:|1781455120\n|move|p2a: Shaymin|Substitute|p2a: Shaymin\n|-start|p2a: Shaymin|Substitute\n|-damage|p2a: Shaymin|108/298\n|move|p1a: Toedscruel|Toxic||[still]\n|-fail|p1a: Toedscruel\n|\n|-heal|p1a: Toedscruel|243/281|[from] item: Leftovers\n|-heal|p2a: Shaymin|126/298|[from] item: Leftovers\n|upkeep\n|turn|11\n|\n|t:|1781455127\n|move|p1a: Toedscruel|Rapid Spin|p2a: Shaymin\n|-activate|p2a: Shaymin|move: Substitute|[damage]\n|-boost|p1a: Toedscruel|spe|1\n|move|p2a: Shaymin|Air Slash|p1a: Toedscruel\n|-supereffective|p1a: Toedscruel\n|-damage|p1a: Toedscruel|165/281\n|\n|-heal|p1a: Toedscruel|182/281|[from] item: Leftovers\n|-heal|p2a: Shaymin|144/298|[from] item: Leftovers\n|upkeep\n|turn|12\n|\n|t:|1781455130\n|move|p1a: Toedscruel|Rapid Spin|p2a: Shaymin\n|-crit|p2a: Shaymin\n|-activate|p2a: Shaymin|move: Substitute|[damage]\n|-boost|p1a: Toedscruel|spe|1\n|move|p2a: Shaymin|Air Slash|p1a: Toedscruel\n|-supereffective|p1a: Toedscruel\n|-damage|p1a: Toedscruel|106/281\n|\n|-heal|p1a: Toedscruel|123/281|[from] item: Leftovers\n|-heal|p2a: Shaymin|162/298|[from] item: Leftovers\n|upkeep\n|turn|13\n|\n|t:|1781455132\n|move|p1a: Toedscruel|Earth Power|p2a: Shaymin\n|-resisted|p2a: Shaymin\n|-end|p2a: Shaymin|Substitute\n|move|p2a: Shaymin|Air Slash|p1a: Toedscruel\n|-supereffective|p1a: Toedscruel\n|-damage|p1a: Toedscruel|49/281\n|\n|-heal|p1a: Toedscruel|66/281|[from] item: Leftovers\n|-heal|p2a: Shaymin|180/298|[from] item: Leftovers\n|upkeep\n|turn|14\n|\n|t:|1781455135\n|move|p2a: Shaymin|Substitute|p2a: Shaymin\n|-start|p2a: Shaymin|Substitute\n|-damage|p2a: Shaymin|106/298\n|move|p1a: Toedscruel|Toxic||[still]\n|-fail|p1a: Toedscruel\n|\n|-heal|p1a: Toedscruel|83/281|[from] item: Leftovers\n|-heal|p2a: Shaymin|124/298|[from] item: Leftovers\n|upkeep\n|turn|15\n|\n|t:|1781455138\n|move|p1a: Toedscruel|Rapid Spin|p2a: Shaymin\n|-activate|p2a: Shaymin|move: Substitute|[damage]\n|-boost|p1a: Toedscruel|spe|1\n|move|p2a: Shaymin|Air Slash|p1a: Toedscruel\n|-supereffective|p1a: Toedscruel\n|-damage|p1a: Toedscruel|7/281\n|\n|-heal|p1a: Toedscruel|24/281|[from] item: Leftovers\n|-heal|p2a: Shaymin|142/298|[from] item: Leftovers\n|upkeep\n|turn|16\n|\n|t:|1781455140\n|move|p1a: Toedscruel|Earth Power|p2a: Shaymin\n|-resisted|p2a: Shaymin\n|-activate|p2a: Shaymin|move: Substitute|[damage]\n|move|p2a: Shaymin|Air Slash|p1a: Toedscruel\n|-supereffective|p1a: Toedscruel\n|-damage|p1a: Toedscruel|0 fnt\n|faint|p1a: Toedscruel\n|\n|-heal|p2a: Shaymin|160/298|[from] item: Leftovers\n|upkeep\n|\n|t:|1781455146\n|switch|p1a: Amoonguss|Amoonguss, L82, M|312/321\n|turn|17\n|\n|t:|1781455151\n|-terastallize|p1a: Amoonguss|Steel\n|move|p2a: Shaymin|Air Slash|p1a: Amoonguss\n|-resisted|p1a: Amoonguss\n|-damage|p1a: Amoonguss|285/321\n|cant|p1a: Amoonguss|flinch\n|\n|-heal|p2a: Shaymin|178/298|[from] item: Leftovers\n|upkeep\n|turn|18\n|\n|t:|1781455155\n|move|p2a: Shaymin|Leech Seed|p1a: Amoonguss\n|-start|p1a: Amoonguss|move: Leech Seed\n|move|p1a: Amoonguss|Sludge Bomb|p2a: Shaymin\n|-supereffective|p2a: Shaymin\n|-end|p2a: Shaymin|Substitute\n|\n|-heal|p2a: Shaymin|196/298|[from] item: Leftovers\n|-damage|p1a: Amoonguss|245/321|[from] Leech Seed|[of] p2a: Shaymin\n|-heal|p2a: Shaymin|236/298|[silent]\n|upkeep\n|turn|19\n|\n|t:|1781455167\n|switch|p2a: Kleavor|Kleavor, L78, F|237/237\n|move|p1a: Amoonguss|Sludge Bomb|p2a: Kleavor\n|-resisted|p2a: Kleavor\n|-damage|p2a: Kleavor|182/237\n|-status|p2a: Kleavor|psn\n|\n|-damage|p1a: Amoonguss|205/321|[from] Leech Seed|[of] p2a: Kleavor\n|-heal|p2a: Kleavor|222/237 psn|[silent]\n|-damage|p2a: Kleavor|193/237 psn|[from] psn\n|upkeep\n|turn|20\n|\n|t:|1781455171\n|move|p2a: Kleavor|Close Combat|p1a: Amoonguss\n|-supereffective|p1a: Amoonguss\n|-damage|p1a: Amoonguss|0 fnt\n|-unboost|p2a: Kleavor|def|1\n|-unboost|p2a: Kleavor|spd|1\n|-damage|p2a: Kleavor|154/237 psn|[from] item: Rocky Helmet|[of] p1a: Amoonguss\n|faint|p1a: Amoonguss\n|\n|-damage|p2a: Kleavor|125/237 psn|[from] psn\n|upkeep\n|\n|t:|1781455180\n|switch|p1a: Perrserker|Perrserker, L89, M|75/269\n|turn|21\n|\n|t:|1781455182\n|move|p2a: Kleavor|Close Combat|p1a: Perrserker\n|-supereffective|p1a: Perrserker\n|-damage|p1a: Perrserker|0 fnt\n|-unboost|p2a: Kleavor|def|1\n|-unboost|p2a: Kleavor|spd|1\n|faint|p1a: Perrserker\n|\n|-damage|p2a: Kleavor|96/237 psn|[from] psn\n|upkeep\n|\n|t:|1781455184\n|switch|p1a: Banette|Banette, L93, M|270/270\n|turn|22\n|\n|t:|1781455191\n|switch|p2a: Shaymin|Shaymin, L82|236/298\n|move|p1a: Banette|Shadow Sneak|p2a: Shaymin\n|-damage|p2a: Shaymin|170/298\n|-damage|p1a: Banette|243/270|[from] item: Life Orb\n|\n|-heal|p2a: Shaymin|188/298|[from] item: Leftovers\n|upkeep\n|turn|23\n|\n|t:|1781455198\n|move|p2a: Shaymin|Leech Seed|p1a: Banette\n|-start|p1a: Banette|move: Leech Seed\n|move|p1a: Banette|Thunder Wave|p2a: Shaymin\n|-status|p2a: Shaymin|par\n|\n|-heal|p2a: Shaymin|206/298 par|[from] item: Leftovers\n|-damage|p1a: Banette|210/270|[from] Leech Seed|[of] p2a: Shaymin\n|-heal|p2a: Shaymin|239/298 par|[silent]\n|upkeep\n|turn|24\n|\n|t:|1781455203\n|move|p1a: Banette|Gunk Shot|p2a: Shaymin|[miss]\n|-miss|p1a: Banette|p2a: Shaymin\n|move|p2a: Shaymin|Seed Flare|p1a: Banette\n|-damage|p1a: Banette|62/270\n|-unboost|p1a: Banette|spd|2\n|\n|-heal|p2a: Shaymin|257/298 par|[from] item: Leftovers\n|-damage|p1a: Banette|29/270|[from] Leech Seed|[of] p2a: Shaymin\n|-heal|p2a: Shaymin|290/298 par|[silent]\n|upkeep\n|turn|25\n|-message|Yomy forfeited.\n|\n|win|Failtacular3245\n", "inputlog": ">version a8376a258c1d4662feba110a92103f3664a72141\n>start {\"formatid\":\"gen9randombattle\",\"seed\":\"sodium,e5ff7c50da6600119c0301a207d39b13\",\"rated\":\"Rated battle\"}\n>player p1 {\"name\":\"Yomy\",\"avatar\":\"ingo\",\"rating\":1990,\"seed\":\"sodium,0ad19d4ee9952ce943411a734eef925c\"}\n>player p2 {\"name\":\"Failtacular3245\",\"avatar\":\"youngster-gen4dp\",\"rating\":1970,\"seed\":\"sodium,254d25e0e859917f92ec292fc0c7cd1e\"}\n>p1 move knockoff\n>p2 move bugbuzz\n>p1 switch 6\n>p2 move bugbuzz\n>p1 move flashcannon\n>p2 move bugbuzz\n>p2 switch 6\n>p1 move bodypress\n>p2 move knockoff\n>p1 switch 3\n>p1 move swordsdance\n>p2 move gunkshot\n>p1 move closecombat\n>p2 move knockoff\n>p1 switch 4\n>p2 switch 3\n>p1 move spore\n>p2 switch 5\n>p1 move sludgebomb\n>p2 move airslash\n>p1 switch 2\n>p2 move airslash\n>p1 move toxic\n>p2 move substitute\n>p1 move rapidspin\n>p2 move airslash\n>p1 move rapidspin\n>p2 move airslash\n>p1 move earthpower\n>p2 move airslash\n>p1 move toxic\n>p2 move substitute\n>p1 move rapidspin\n>p2 move airslash\n>p1 move earthpower\n>p2 move airslash\n>p1 switch 2\n>p1 move clearsmog terastallize\n>p2 move airslash\n>p1 move sludgebomb\n>p2 move leechseed\n>p1 move sludgebomb\n>p2 switch 5\n>p1 move gigadrain\n>p2 move closecombat\n>p1 switch 6\n>p1 move ironhead\n>p2 move closecombat\n>p1 switch 5\n>p1 move shadowsneak\n>p2 switch 5\n>p1 move thunderwave\n>p2 move leechseed\n>p1 move gunkshot\n>p2 move seedflare\n>forcelose p1", "uploadtime": 1781454995, "views": 6, "formatid": "gen9randombattle", "rating": null, "private": 0, "password": null}