{"id": "gen9randombattle-2631406901", "format": "[Gen 9] Random Battle", "players": ["awaangawa", "hotdragon20"], "log": "|j|\u2606awaangawa\n|j|\u2606hotdragon20\n|t:|1781380888\n|gametype|singles\n|player|p1|awaangawa|265|1977\n|player|p2|hotdragon20|101|1993\n|gen|9\n|tier|[Gen 9] Random Battle\n|rated|\n|rule|Species Clause: Limit one of each Pok\u00e9mon\n|rule|HP Percentage Mod: HP is shown in percentages\n|rule|Sleep Clause Mod: Limit one foe put to sleep\n|rule|Illusion Level Mod: Illusion disguises the Pok\u00e9mon's true level\n|\n|t:|1781380888\n|teamsize|p1|6\n|teamsize|p2|6\n|start\n|switch|p1a: Iron Valiant|Iron Valiant, L78|244/244\n|switch|p2a: Regirock|Regirock, L83|268/268\n|turn|1\n|inactive|Battle timer is ON: inactive players will automatically lose when time's up. (requested by awaangawa)\n|\n|t:|1781380918\n|switch|p2a: Salamence|Salamence, L77, F|273/273\n|-ability|p2a: Salamence|Intimidate|boost\n|-unboost|p1a: Iron Valiant|atk|1\n|move|p1a: Iron Valiant|Close Combat|p2a: Salamence\n|-resisted|p2a: Salamence\n|-damage|p2a: Salamence|203/273\n|-unboost|p1a: Iron Valiant|def|1\n|-unboost|p1a: Iron Valiant|spd|1\n|-damage|p1a: Iron Valiant|220/244|[from] item: Life Orb\n|\n|upkeep\n|turn|2\n|\n|t:|1781380930\n|-end|p1a: Iron Valiant|Quark Drive|[silent]\n|switch|p1a: Sudowoodo|Sudowoodo, L94, F|284/284\n|switch|p2a: Noctowl|Noctowl, L95, M|344/344\n|\n|upkeep\n|turn|3\n|\n|t:|1781380946\n|switch|p2a: Hippowdon|Hippowdon, L82, M|311/311\n|-weather|Sandstorm|[from] ability: Sand Stream|[of] p2a: Hippowdon\n|move|p1a: Sudowoodo|Head Smash|p2a: Hippowdon\n|-resisted|p2a: Hippowdon\n|-damage|p2a: Hippowdon|225/311\n|-damage|p1a: Sudowoodo|237/284|[from] item: Rocky Helmet|[of] p2a: Hippowdon\n|\n|-weather|Sandstorm|[upkeep]\n|-heal|p1a: Sudowoodo|254/284|[from] item: Leftovers\n|upkeep\n|turn|4\n|\n|t:|1781380964\n|switch|p1a: Kricketune|Kricketune, L99, F|312/312\n|move|p2a: Hippowdon|Stealth Rock|p1a: Kricketune\n|-sidestart|p1: awaangawa|move: Stealth Rock\n|\n|-weather|Sandstorm|[upkeep]\n|-damage|p1a: Kricketune|293/312|[from] Sandstorm\n|upkeep\n|turn|5\n|\n|t:|1781380979\n|switch|p2a: Noctowl|Noctowl, L95, M|344/344\n|move|p1a: Kricketune|Knock Off|p2a: Noctowl\n|-damage|p2a: Noctowl|232/344\n|-enditem|p2a: Noctowl|Heavy-Duty Boots|[from] move: Knock Off|[of] p1a: Kricketune\n|\n|-weather|Sandstorm|[upkeep]\n|-damage|p2a: Noctowl|211/344|[from] Sandstorm\n|-damage|p1a: Kricketune|274/312|[from] Sandstorm\n|upkeep\n|turn|6\n|inactive|awaangawa has 120 seconds left.\n|\n|t:|1781381022\n|switch|p1a: Flutter Mane|Flutter Mane, L74|203/203\n|-damage|p1a: Flutter Mane|178/203|[from] Stealth Rock\n|move|p2a: Noctowl|Hurricane|p1a: Flutter Mane\n|-damage|p1a: Flutter Mane|73/203\n|\n|-weather|Sandstorm|[upkeep]\n|-damage|p1a: Flutter Mane|61/203|[from] Sandstorm\n|-damage|p2a: Noctowl|190/344|[from] Sandstorm\n|upkeep\n|turn|7\n|\n|t:|1781381039\n|-end|p1a: Flutter Mane|Protosynthesis|[silent]\n|switch|p1a: Sudowoodo|Sudowoodo, L94, F|254/284\n|-damage|p1a: Sudowoodo|219/284|[from] Stealth Rock\n|move|p2a: Noctowl|Roost|p2a: Noctowl\n|-heal|p2a: Noctowl|344/344\n|-singleturn|p2a: Noctowl|move: Roost\n|\n|-weather|none\n|-heal|p1a: Sudowoodo|236/284|[from] item: Leftovers\n|upkeep\n|turn|8\n|\n|t:|1781381055\n|move|p2a: Noctowl|Hurricane|p1a: Sudowoodo|[miss]\n|-miss|p2a: Noctowl|p1a: Sudowoodo\n|move|p1a: Sudowoodo|Stealth Rock|p2a: Noctowl\n|-sidestart|p2: hotdragon20|move: Stealth Rock\n|\n|-heal|p1a: Sudowoodo|253/284|[from] item: Leftovers\n|upkeep\n|turn|9\n|\n|t:|1781381062\n|switch|p2a: Hippowdon|Hippowdon, L82, M|225/311\n|-damage|p2a: Hippowdon|206/311|[from] Stealth Rock\n|-weather|Sandstorm|[from] ability: Sand Stream|[of] p2a: Hippowdon\n|move|p1a: Sudowoodo|Head Smash|p2a: Hippowdon|[miss]\n|-miss|p1a: Sudowoodo|p2a: Hippowdon\n|\n|-weather|Sandstorm|[upkeep]\n|-heal|p1a: Sudowoodo|270/284|[from] item: Leftovers\n|upkeep\n|turn|10\n|\n|t:|1781381070\n|move|p2a: Hippowdon|Earthquake|p1a: Sudowoodo\n|-supereffective|p1a: Sudowoodo\n|-damage|p1a: Sudowoodo|118/284\n|move|p1a: Sudowoodo|Wood Hammer|p2a: Hippowdon\n|-supereffective|p2a: Hippowdon\n|-damage|p2a: Hippowdon|16/311\n|-damage|p1a: Sudowoodo|71/284|[from] item: Rocky Helmet|[of] p2a: Hippowdon\n|\n|-weather|Sandstorm|[upkeep]\n|-heal|p1a: Sudowoodo|88/284|[from] item: Leftovers\n|upkeep\n|turn|11\n|\n|t:|1781381079\n|move|p1a: Sudowoodo|Sucker Punch||[still]\n|-fail|p1a: Sudowoodo\n|move|p2a: Hippowdon|Slack Off|p2a: Hippowdon\n|-heal|p2a: Hippowdon|172/311\n|\n|-weather|Sandstorm|[upkeep]\n|-heal|p1a: Sudowoodo|105/284|[from] item: Leftovers\n|upkeep\n|turn|12\n|\n|t:|1781381089\n|switch|p1a: Kricketune|Kricketune, L99, F|274/312\n|move|p2a: Hippowdon|Earthquake|p1a: Kricketune\n|-resisted|p1a: Kricketune\n|-damage|p1a: Kricketune|198/312\n|\n|-weather|Sandstorm|[upkeep]\n|-damage|p1a: Kricketune|179/312|[from] Sandstorm\n|upkeep\n|turn|13\n|\n|t:|1781381113\n|move|p1a: Kricketune|Knock Off|p2a: Hippowdon\n|-damage|p2a: Hippowdon|104/311\n|-damage|p1a: Kricketune|127/312|[from] item: Rocky Helmet|[of] p2a: Hippowdon\n|-enditem|p2a: Hippowdon|Rocky Helmet|[from] move: Knock Off|[of] p1a: Kricketune\n|move|p2a: Hippowdon|Stone Edge|p1a: Kricketune|[miss]\n|-miss|p2a: Hippowdon|p1a: Kricketune\n|\n|-weather|none\n|upkeep\n|turn|14\n|\n|t:|1781381127\n|move|p1a: Kricketune|Pounce|p2a: Hippowdon\n|-crit|p2a: Hippowdon\n|-damage|p2a: Hippowdon|0 fnt\n|faint|p2a: Hippowdon\n|\n|upkeep\n|\n|t:|1781381133\n|switch|p2a: Noctowl|Noctowl, L95, M|344/344\n|-damage|p2a: Noctowl|258/344|[from] Stealth Rock\n|turn|15\n|inactive|awaangawa has 120 seconds left.\n|\n|t:|1781381145\n|move|p2a: Noctowl|Hyper Voice|p1a: Kricketune\n|-damage|p1a: Kricketune|0 fnt\n|faint|p1a: Kricketune\n|\n|upkeep\n|\n|t:|1781381155\n|switch|p1a: Flutter Mane|Flutter Mane, L74|61/203\n|-damage|p1a: Flutter Mane|36/203|[from] Stealth Rock\n|turn|16\n|inactive|awaangawa has 120 seconds left.\n|\n|t:|1781381173\n|move|p1a: Flutter Mane|Thunderbolt|p2a: Noctowl\n|-supereffective|p2a: Noctowl\n|-damage|p2a: Noctowl|98/344\n|move|p2a: Noctowl|Roost|p2a: Noctowl\n|-heal|p2a: Noctowl|270/344\n|-singleturn|p2a: Noctowl|move: Roost\n|\n|upkeep\n|turn|17\n|\n|t:|1781381185\n|switch|p2a: Pawmot|Pawmot, L80, F|243/243\n|-damage|p2a: Pawmot|228/243|[from] Stealth Rock\n|move|p1a: Flutter Mane|Thunderbolt|p2a: Pawmot\n|-heal|p2a: Pawmot|243/243|[from] ability: Volt Absorb|[of] p1a: Flutter Mane\n|\n|upkeep\n|turn|18\n|\n|t:|1781381213\n|-end|p1a: Flutter Mane|Protosynthesis|[silent]\n|switch|p1a: Hitmonchan|Hitmonchan, L87, M|229/229\n|-damage|p1a: Hitmonchan|215/229|[from] Stealth Rock\n|move|p2a: Pawmot|Knock Off|p1a: Hitmonchan\n|-resisted|p1a: Hitmonchan\n|-damage|p1a: Hitmonchan|166/229\n|-enditem|p1a: Hitmonchan|Leftovers|[from] move: Knock Off|[of] p2a: Pawmot\n|-damage|p2a: Pawmot|219/243|[from] item: Life Orb\n|\n|upkeep\n|turn|19\n|\n|t:|1781381227\n|move|p2a: Pawmot|Double Shock|p1a: Hitmonchan\n|-damage|p1a: Hitmonchan|0 fnt\n|-start|p2a: Pawmot|typechange|???/Fighting|[from] move: Double Shock\n|faint|p1a: Hitmonchan\n|-damage|p2a: Pawmot|195/243|[from] item: Life Orb\n|\n|upkeep\n|inactive|awaangawa has 90 seconds left.\n|\n|t:|1781381237\n|switch|p1a: Iron Valiant|Iron Valiant, L78|220/244\n|-damage|p1a: Iron Valiant|205/244|[from] Stealth Rock\n|turn|20\n|\n|t:|1781381261\n|switch|p2a: Noctowl|Noctowl, L95, M|270/344\n|-damage|p2a: Noctowl|184/344|[from] Stealth Rock\n|move|p1a: Iron Valiant|Moonblast|p2a: Noctowl\n|-damage|p2a: Noctowl|63/344\n|-damage|p1a: Iron Valiant|181/244|[from] item: Life Orb\n|\n|upkeep\n|turn|21\n|\n|t:|1781381274\n|move|p1a: Iron Valiant|Moonblast|p2a: Noctowl\n|-damage|p2a: Noctowl|0 fnt\n|faint|p2a: Noctowl\n|-damage|p1a: Iron Valiant|157/244|[from] item: Life Orb\n|\n|upkeep\n|\n|t:|1781381288\n|switch|p2a: Salamence|Salamence, L77, F|203/273\n|-ability|p2a: Salamence|Intimidate|boost\n|-unboost|p1a: Iron Valiant|atk|1\n|turn|22\n|\n|t:|1781381303\n|-end|p1a: Iron Valiant|Quark Drive|[silent]\n|switch|p1a: Palafin|Palafin, L77, F|281/281\n|-damage|p1a: Palafin|246/281|[from] Stealth Rock\n|-terastallize|p2a: Salamence|Ground\n|move|p2a: Salamence|Dragon Dance|p2a: Salamence\n|-boost|p2a: Salamence|atk|1\n|-boost|p2a: Salamence|spe|1\n|\n|-heal|p1a: Palafin|263/281|[from] item: Leftovers\n|upkeep\n|turn|23\n|\n|t:|1781381315\n|detailschange|p1a: Palafin|Palafin-Hero, L77, F\n|switch|p1a: Sudowoodo|Sudowoodo, L94, F|105/284\n|-damage|p1a: Sudowoodo|70/284|[from] Stealth Rock\n|move|p2a: Salamence|Dragon Dance|p2a: Salamence\n|-boost|p2a: Salamence|atk|1\n|-boost|p2a: Salamence|spe|1\n|\n|-heal|p1a: Sudowoodo|87/284|[from] item: Leftovers\n|upkeep\n|turn|24\n|\n|t:|1781381321\n|move|p1a: Sudowoodo|Sucker Punch|p2a: Salamence\n|-damage|p2a: Salamence|129/273\n|move|p2a: Salamence|Earthquake|p1a: Sudowoodo\n|-supereffective|p1a: Sudowoodo\n|-damage|p1a: Sudowoodo|0 fnt\n|faint|p1a: Sudowoodo\n|\n|upkeep\n|\n|t:|1781381337\n|switch|p1a: Palafin|Palafin-Hero, L77, F|263/281\n|-damage|p1a: Palafin|228/281|[from] Stealth Rock\n|-activate|p1a: Palafin|ability: Zero to Hero\n|turn|25\n|\n|t:|1781381345\n|switch|p2a: Oinkologne|Oinkologne-F, L92, F|361/361\n|-damage|p2a: Oinkologne|316/361|[from] Stealth Rock\n|move|p1a: Palafin|Jet Punch|p2a: Oinkologne\n|-damage|p2a: Oinkologne|228/361\n|\n|-heal|p1a: Palafin|245/281|[from] item: Leftovers\n|-heal|p2a: Oinkologne|250/361|[from] item: Leftovers\n|upkeep\n|turn|26\n|\n|t:|1781381357\n|move|p1a: Palafin|Drain Punch|p2a: Oinkologne\n|-supereffective|p2a: Oinkologne\n|-damage|p2a: Oinkologne|98/361\n|-heal|p1a: Palafin|281/281|[from] drain|[of] p2a: Oinkologne\n|move|p2a: Oinkologne|Lash Out|p1a: Palafin\n|-damage|p1a: Palafin|219/281\n|\n|-heal|p1a: Palafin|236/281|[from] item: Leftovers\n|-heal|p2a: Oinkologne|120/361|[from] item: Leftovers\n|upkeep\n|turn|27\n|inactive|awaangawa has 120 seconds left.\n|\n|t:|1781381365\n|move|p1a: Palafin|Drain Punch|p2a: Oinkologne\n|-supereffective|p2a: Oinkologne\n|-damage|p2a: Oinkologne|0 fnt\n|-heal|p1a: Palafin|281/281|[from] drain|[of] p2a: Oinkologne\n|faint|p2a: Oinkologne\n|\n|upkeep\n|\n|t:|1781381369\n|switch|p2a: Pawmot|Pawmot, L80, F|195/243\n|-damage|p2a: Pawmot|180/243|[from] Stealth Rock\n|turn|28\n|inactive|awaangawa has 120 seconds left.\n|\n|t:|1781381399\n|-terastallize|p1a: Palafin|Dragon\n|move|p2a: Pawmot|Revival Blessing|p2a: Pawmot\n|\n|t:|1781381405\n|-heal|p2: Hippowdon|155/311|[from] move: Revival Blessing\n|move|p1a: Palafin|Drain Punch|p2a: Pawmot\n|-damage|p2a: Pawmot|92/243\n|\n|upkeep\n|turn|29\n|inactive|awaangawa has 120 seconds left.\n|\n|t:|1781381418\n|move|p1a: Palafin|Jet Punch|p2a: Pawmot\n|-damage|p2a: Pawmot|0 fnt\n|faint|p2a: Pawmot\n|\n|upkeep\n|\n|t:|1781381421\n|switch|p2a: Salamence|Salamence, L77, F, tera:Ground|129/273\n|-ability|p2a: Salamence|Intimidate|boost\n|-unboost|p1a: Palafin|atk|1\n|turn|30\n|inactive|awaangawa has 120 seconds left.\n|\n|t:|1781381456\n|switch|p1a: Flutter Mane|Flutter Mane, L74|36/203\n|-damage|p1a: Flutter Mane|11/203|[from] Stealth Rock\n|move|p2a: Salamence|Outrage|p1a: Flutter Mane\n|-immune|p1a: Flutter Mane\n|\n|upkeep\n|turn|31\n|\n|t:|1781381466\n|switch|p2a: Regirock|Regirock, L83|268/268\n|-damage|p2a: Regirock|235/268|[from] Stealth Rock\n|move|p1a: Flutter Mane|Moonblast|p2a: Regirock\n|-damage|p2a: Regirock|94/268\n|\n|upkeep\n|turn|32\n|\n|t:|1781381472\n|move|p1a: Flutter Mane|Moonblast|p2a: Regirock\n|-damage|p2a: Regirock|0 fnt\n|faint|p2a: Regirock\n|\n|upkeep\n|\n|t:|1781381477\n|switch|p2a: Hippowdon|Hippowdon, L82, M|155/311\n|-damage|p2a: Hippowdon|136/311|[from] Stealth Rock\n|-weather|Sandstorm|[from] ability: Sand Stream|[of] p2a: Hippowdon\n|turn|33\n|\n|t:|1781381484\n|move|p1a: Flutter Mane|Moonblast|p2a: Hippowdon\n|-damage|p2a: Hippowdon|0 fnt\n|faint|p2a: Hippowdon\n|\n|-weather|Sandstorm|[upkeep]\n|-damage|p1a: Flutter Mane|0 fnt|[from] Sandstorm\n|faint|p1a: Flutter Mane\n|-end|p1a: Flutter Mane|Protosynthesis|[silent]\n|upkeep\n|\n|t:|1781381489\n|switch|p1a: Iron Valiant|Iron Valiant, L78|157/244\n|switch|p2a: Salamence|Salamence, L77, F, tera:Ground|129/273\n|-damage|p1a: Iron Valiant|142/244|[from] Stealth Rock\n|-ability|p2a: Salamence|Intimidate|boost\n|-unboost|p1a: Iron Valiant|atk|1\n|turn|34\n|\n|t:|1781381497\n|move|p1a: Iron Valiant|Moonblast|p2a: Salamence\n|-damage|p2a: Salamence|0 fnt\n|faint|p2a: Salamence\n|-damage|p1a: Iron Valiant|118/244|[from] item: Life Orb\n|\n|win|awaangawa\n", "inputlog": ">version a8376a258c1d4662feba110a92103f3664a72141\n>start {\"formatid\":\"gen9randombattle\",\"seed\":\"sodium,7a80a648379e487fdec2cf070616e7fc\",\"rated\":\"Rated battle\"}\n>player p1 {\"name\":\"awaangawa\",\"avatar\":\"265\",\"rating\":1977,\"seed\":\"sodium,01db0ebda34c03632035468a6beb1ef9\"}\n>player p2 {\"name\":\"hotdragon20\",\"avatar\":\"101\",\"rating\":1993,\"seed\":\"sodium,df06ceb69dc057596a07c9c018dbf4dc\"}\n>p1 move closecombat\n>p2 switch 4\n>p1 switch 2\n>p2 switch 3\n>p1 move headsmash\n>p2 switch 2\n>p1 switch 3\n>p2 move stealthrock\n>p1 move knockoff\n>p2 switch 2\n>p1 switch 4\n>p2 move hurricane\n>p1 switch 3\n>p2 move roost\n>p1 move stealthrock\n>p2 move hurricane\n>p1 move headsmash\n>p2 switch 2\n>p1 move woodhammer\n>p2 move earthquake\n>p1 move suckerpunch\n>p2 move slackoff\n>p1 switch 4\n>p2 move earthquake\n>p1 move knockoff\n>p2 move stoneedge\n>p1 move pounce\n>p2 move slackoff\n>p2 switch 2\n>p1 move stickyweb\n>p2 move hypervoice\n>p1 switch 3\n>p1 move thunderbolt\n>p2 move roost\n>p1 move thunderbolt\n>p2 switch 6\n>p1 switch 6\n>p2 move knockoff\n>p1 move rapidspin\n>p2 move doubleshock\n>p1 switch 2\n>p1 move moonblast\n>p2 switch 6\n>p1 move moonblast\n>p2 move roost\n>p2 switch 3\n>p1 switch 5\n>p2 move dragondance terastallize\n>p1 switch 4\n>p2 move dragondance\n>p1 move suckerpunch\n>p2 move earthquake\n>p1 switch 4\n>p1 move jetpunch\n>p2 switch 5\n>p1 move drainpunch\n>p2 move lashout\n>p1 move drainpunch\n>p2 move doubleedge\n>p2 switch 6\n>p1 move drainpunch terastallize\n>p2 move revivalblessing\n>p2 switch 2\n>p1 move jetpunch\n>p2 move knockoff\n>p2 switch 5\n>p1 switch 6\n>p2 move outrage\n>p1 move moonblast\n>p2 switch 4\n>p1 move moonblast\n>p2 move rest\n>p2 switch 2\n>p1 move moonblast\n>p2 move slackoff\n>p1 switch 5\n>p2 switch 4\n>p1 move moonblast\n>p2 move dragondance", "uploadtime": 1781380890, "views": 8, "formatid": "gen9randombattle", "rating": null, "private": 0, "password": null}