{"id": "gen9randombattle-2631902798", "format": "[Gen 9] Random Battle", "players": ["Nursey 29", "flaviodssts"], "log": "|j|\u2606Nursey 29\n|j|\u2606flaviodssts\n|t:|1781453848\n|gametype|singles\n|player|p1|Nursey 29|lucas|1994\n|player|p2|flaviodssts|burglar|1952\n|gen|9\n|tier|[Gen 9] Random Battle\n|rated|\n|rule|Species Clause: Limit one of each Pok\u00e9mon\n|rule|HP Percentage Mod: HP is shown in percentages\n|rule|Sleep Clause Mod: Limit one foe put to sleep\n|rule|Illusion Level Mod: Illusion disguises the Pok\u00e9mon's true level\n|\n|t:|1781453848\n|teamsize|p1|6\n|teamsize|p2|6\n|start\n|switch|p1a: Mew|Mew, L82|298/298\n|switch|p2a: Porygon-Z|Porygon-Z, L83|277/277\n|turn|1\n|inactive|Battle timer is ON: inactive players will automatically lose when time's up. (requested by flaviodssts)\n|\n|t:|1781453859\n|move|p1a: Mew|Psychic|p2a: Porygon-Z\n|-damage|p2a: Porygon-Z|141/277\n|-damage|p1a: Mew|269/298|[from] item: Life Orb\n|move|p2a: Porygon-Z|Agility|p2a: Porygon-Z\n|-boost|p2a: Porygon-Z|spe|2\n|\n|upkeep\n|turn|2\n|\n|t:|1781453887\n|move|p2a: Porygon-Z|Nasty Plot|p2a: Porygon-Z\n|-boost|p2a: Porygon-Z|spa|2\n|move|p1a: Mew|Psychic|p2a: Porygon-Z\n|-damage|p2a: Porygon-Z|7/277\n|-damage|p1a: Mew|240/298|[from] item: Life Orb\n|\n|upkeep\n|turn|3\n|\n|t:|1781453899\n|move|p2a: Porygon-Z|Tera Blast|p1a: Mew\n|-damage|p1a: Mew|0 fnt\n|faint|p1a: Mew\n|-damage|p2a: Porygon-Z|0 fnt|[from] item: Life Orb\n|faint|p2a: Porygon-Z\n|\n|upkeep\n|\n|t:|1781453912\n|switch|p1a: Banette|Banette, L93, M|270/270\n|switch|p2a: Swampert|Swampert, L83, F|302/302\n|turn|4\n|\n|t:|1781453925\n|move|p1a: Banette|Poltergeist|p2a: Swampert\n|-activate|p2a: Swampert|move: Poltergeist|Leftovers\n|-damage|p2a: Swampert|80/302\n|-damage|p1a: Banette|243/270|[from] item: Life Orb\n|move|p2a: Swampert|Knock Off|p1a: Banette\n|-supereffective|p1a: Banette\n|-damage|p1a: Banette|69/270\n|-enditem|p1a: Banette|Life Orb|[from] move: Knock Off|[of] p2a: Swampert\n|\n|-heal|p2a: Swampert|98/302|[from] item: Leftovers\n|upkeep\n|turn|5\n|\n|t:|1781453939\n|move|p1a: Banette|Poltergeist|p2a: Swampert\n|-activate|p2a: Swampert|move: Poltergeist|Leftovers\n|-damage|p2a: Swampert|0 fnt\n|faint|p2a: Swampert\n|\n|upkeep\n|\n|t:|1781453955\n|switch|p2a: Rotom|Rotom-Fan, L86|226/226\n|turn|6\n|\n|t:|1781453962\n|move|p1a: Banette|Shadow Sneak|p2a: Rotom\n|-damage|p2a: Rotom|175/226\n|move|p2a: Rotom|Thunderbolt|p1a: Banette\n|-damage|p1a: Banette|0 fnt\n|faint|p1a: Banette\n|\n|upkeep\n|\n|t:|1781453970\n|switch|p1a: Beartic|Beartic, L91, F|321/321\n|turn|7\n|\n|t:|1781453981\n|move|p2a: Rotom|Will-O-Wisp|p1a: Beartic\n|-status|p1a: Beartic|brn\n|move|p1a: Beartic|Icicle Crash|p2a: Rotom\n|-supereffective|p2a: Rotom\n|-damage|p2a: Rotom|18/226\n|\n|-damage|p1a: Beartic|301/321 brn|[from] brn\n|upkeep\n|turn|8\n|\n|t:|1781453989\n|switch|p1a: Cyclizar|Cyclizar, L83, M|252/252\n|move|p2a: Rotom|Volt Switch|p1a: Cyclizar\n|-resisted|p1a: Cyclizar\n|-damage|p1a: Cyclizar|200/252\n|\n|t:|1781454005\n|switch|p2a: Probopass|Probopass, L91, F|257/257|[from] Volt Switch\n|\n|upkeep\n|turn|9\n|\n|t:|1781454015\n|move|p1a: Cyclizar|Shed Tail|p1a: Cyclizar\n|-start|p1a: Cyclizar|Substitute|[from] move: Shed Tail\n|-damage|p1a: Cyclizar|74/252\n|\n|t:|1781454017\n|switch|p1a: Toxapex|Toxapex, L82, F|216/216|[from] Shed Tail\n|move|p2a: Probopass|Iron Defense|p2a: Probopass\n|-boost|p2a: Probopass|def|2\n|\n|upkeep\n|turn|10\n|\n|t:|1781454025\n|move|p2a: Probopass|Body Press|p1a: Toxapex\n|-resisted|p1a: Toxapex\n|-activate|p1a: Toxapex|move: Substitute|[damage]\n|move|p1a: Toxapex|Liquidation|p2a: Probopass\n|-supereffective|p2a: Probopass\n|-damage|p2a: Probopass|215/257\n|\n|-heal|p2a: Probopass|231/257|[from] item: Leftovers\n|upkeep\n|turn|11\n|\n|t:|1781454035\n|move|p2a: Probopass|Iron Defense|p2a: Probopass\n|-boost|p2a: Probopass|def|2\n|move|p1a: Toxapex|Haze|p1a: Toxapex\n|-clearallboost\n|\n|-heal|p2a: Probopass|247/257|[from] item: Leftovers\n|upkeep\n|turn|12\n|\n|t:|1781454046\n|move|p2a: Probopass|Flash Cannon|p1a: Toxapex\n|-resisted|p1a: Toxapex\n|-end|p1a: Toxapex|Substitute\n|move|p1a: Toxapex|Liquidation|p2a: Probopass\n|-supereffective|p2a: Probopass\n|-damage|p2a: Probopass|163/257\n|\n|-heal|p2a: Probopass|179/257|[from] item: Leftovers\n|upkeep\n|turn|13\n|\n|t:|1781454058\n|switch|p2a: Latias|Latias, L79, F|256/256\n|move|p1a: Toxapex|Liquidation|p2a: Latias\n|-resisted|p2a: Latias\n|-damage|p2a: Latias|222/256\n|\n|upkeep\n|turn|14\n|\n|t:|1781454074\n|-terastallize|p2a: Latias|Steel\n|move|p2a: Latias|Calm Mind|p2a: Latias\n|-boost|p2a: Latias|spa|1\n|-boost|p2a: Latias|spd|1\n|move|p1a: Toxapex|Toxic|p2a: Latias\n|-immune|p2a: Latias\n|\n|upkeep\n|turn|15\n|\n|t:|1781454089\n|switch|p1a: Beartic|Beartic, L91, F|301/321 brn\n|move|p2a: Latias|Calm Mind|p2a: Latias\n|-boost|p2a: Latias|spa|1\n|-boost|p2a: Latias|spd|1\n|\n|-damage|p1a: Beartic|281/321 brn|[from] brn\n|upkeep\n|turn|16\n|\n|t:|1781454097\n|move|p2a: Latias|Draco Meteor|p1a: Beartic\n|-damage|p1a: Beartic|0 fnt\n|-unboost|p2a: Latias|spa|2\n|faint|p1a: Beartic\n|\n|upkeep\n|\n|t:|1781454104\n|switch|p1a: Duraludon|Duraludon, L82, M|249/249\n|turn|17\n|\n|t:|1781454109\n|move|p2a: Latias|Calm Mind|p2a: Latias\n|-boost|p2a: Latias|spa|1\n|-boost|p2a: Latias|spd|1\n|move|p1a: Duraludon|Thunder Wave|p2a: Latias\n|-status|p2a: Latias|par\n|\n|upkeep\n|turn|18\n|\n|t:|1781454115\n|move|p1a: Duraludon|Body Press|p2a: Latias\n|-supereffective|p2a: Latias\n|-damage|p2a: Latias|100/256 par\n|move|p2a: Latias|Calm Mind|p2a: Latias\n|-boost|p2a: Latias|spa|1\n|-boost|p2a: Latias|spd|1\n|\n|upkeep\n|turn|19\n|\n|t:|1781454124\n|switch|p2a: Landorus|Landorus, L75, M|257/257\n|move|p1a: Duraludon|Body Press|p2a: Landorus\n|-resisted|p2a: Landorus\n|-damage|p2a: Landorus|224/257\n|\n|upkeep\n|turn|20\n|\n|t:|1781454153\n|switch|p1a: Cyclizar|Cyclizar, L83, M|158/252\n|move|p2a: Landorus|Earth Power|p1a: Cyclizar\n|-damage|p1a: Cyclizar|0 fnt\n|faint|p1a: Cyclizar\n|\n|upkeep\n|\n|t:|1781454159\n|switch|p1a: Toxapex|Toxapex, L82, F|216/216\n|turn|21\n|\n|t:|1781454170\n|switch|p2a: Rotom|Rotom-Fan, L86|18/226\n|-terastallize|p1a: Toxapex|Flying\n|move|p1a: Toxapex|Liquidation|p2a: Rotom\n|-damage|p2a: Rotom|0 fnt\n|faint|p2a: Rotom\n|\n|upkeep\n|\n|t:|1781454184\n|switch|p2a: Latias|Latias, L79, F, tera:Steel|100/256 par\n|turn|22\n|\n|t:|1781454189\n|switch|p1a: Duraludon|Duraludon, L82, M|249/249\n|cant|p2a: Latias|par\n|\n|upkeep\n|turn|23\n|\n|t:|1781454204\n|move|p1a: Duraludon|Body Press|p2a: Latias\n|-supereffective|p2a: Latias\n|-crit|p2a: Latias\n|-damage|p2a: Latias|0 fnt\n|faint|p2a: Latias\n|\n|upkeep\n|\n|t:|1781454206\n|switch|p2a: Landorus|Landorus, L75, M|224/257\n|turn|24\n|\n|t:|1781454216\n|switch|p1a: Toxapex|Toxapex, L82, F, tera:Flying|216/216\n|move|p2a: Landorus|Nasty Plot|p2a: Landorus\n|-boost|p2a: Landorus|spa|2\n|\n|upkeep\n|turn|25\n|\n|t:|1781454225\n|move|p2a: Landorus|Sludge Wave|p1a: Toxapex\n|-damage|p1a: Toxapex|77/216\n|move|p1a: Toxapex|Haze|p1a: Toxapex\n|-clearallboost\n|\n|upkeep\n|turn|26\n|\n|t:|1781454233\n|move|p2a: Landorus|Sludge Wave|p1a: Toxapex\n|-damage|p1a: Toxapex|4/216\n|move|p1a: Toxapex|Liquidation|p2a: Landorus\n|-supereffective|p2a: Landorus\n|-damage|p2a: Landorus|84/257\n|\n|upkeep\n|turn|27\n|\n|t:|1781454239\n|move|p2a: Landorus|Sludge Wave|p1a: Toxapex\n|-damage|p1a: Toxapex|0 fnt\n|faint|p1a: Toxapex\n|\n|upkeep\n|\n|t:|1781454243\n|switch|p1a: Duraludon|Duraludon, L82, M|249/249\n|turn|28\n|\n|t:|1781454247\n|move|p2a: Landorus|Earth Power|p1a: Duraludon\n|-supereffective|p1a: Duraludon\n|-damage|p1a: Duraludon|0 fnt\n|faint|p1a: Duraludon\n|\n|win|flaviodssts\n|raw|Nursey 29's rating: 1994 &rarr; <strong>1972</strong><br />(-22 for losing)\n|raw|flaviodssts's rating: 1952 &rarr; <strong>1974</strong><br />(+22 for winning)\n", "inputlog": ">version a8376a258c1d4662feba110a92103f3664a72141\n>start {\"formatid\":\"gen9randombattle\",\"seed\":\"sodium,2753d8ccf513d489d02f183f2e538e22\",\"rated\":\"Rated battle\"}\n>player p1 {\"name\":\"Nursey 29\",\"avatar\":\"lucas\",\"rating\":1994,\"seed\":\"sodium,9a0f53fa1333b38e6a665edb403bb877\"}\n>player p2 {\"name\":\"flaviodssts\",\"avatar\":\"burglar\",\"rating\":1952,\"seed\":\"sodium,da7c6ed81c7f5975843c53e42de924c6\"}\n>p1 move psychic\n>p2 move agility\n>p1 move psychic\n>p2 move nastyplot\n>p1 move psychic\n>p2 move terablast\n>p1 switch 6\n>p2 switch 6\n>p1 move poltergeist\n>p2 move knockoff\n>p1 move poltergeist\n>p2 move flipturn\n>p2 switch 5\n>p1 move shadowsneak\n>p2 move thunderbolt\n>p1 switch 2\n>p1 move iciclecrash\n>p2 move willowisp\n>p1 switch 5\n>p2 move voltswitch\n>p2 switch 3\n>p1 move shedtail\n>p2 move irondefense\n>p1 switch 3\n>p1 move liquidation\n>p2 move bodypress\n>p1 move haze\n>p2 move irondefense\n>p1 move liquidation\n>p2 move flashcannon\n>p1 move liquidation\n>p2 switch 2\n>p1 move toxic\n>p2 move calmmind terastallize\n>p1 switch 5\n>p2 move calmmind\n>p1 move closecombat\n>p2 move dracometeor\n>p1 switch 4\n>p1 move thunderwave\n>p2 move calmmind\n>p1 move bodypress\n>p2 move calmmind\n>p1 move bodypress\n>p2 switch 4\n>p1 switch 3\n>p2 move earthpower\n>p1 switch 5\n>p1 move liquidation terastallize\n>p2 switch 3\n>p2 switch 4\n>p1 switch 3\n>p2 move recover\n>p1 move bodypress\n>p2 move recover\n>p2 switch 3\n>p1 switch 3\n>p2 move nastyplot\n>p1 move haze\n>p2 move sludgewave\n>p1 move liquidation\n>p2 move sludgewave\n>p1 move liquidation\n>p2 move sludgewave\n>p1 switch 3\n>p1 move flashcannon\n>p2 move earthpower", "uploadtime": 1781453849, "views": 6, "formatid": "gen9randombattle", "rating": 1972, "private": 0, "password": null}