{"id": "gen9randombattle-2631444277", "format": "[Gen 9] Random Battle", "players": ["Sekkari-", "wakandius_pmsd"], "log": "|j|\u2606Sekkari-\n|j|\u2606wakandius_pmsd\n|t:|1781385419\n|gametype|singles\n|player|p1|Sekkari-|170|2170\n|player|p2|wakandius_pmsd|266|2206\n|gen|9\n|tier|[Gen 9] Random Battle\n|rated|\n|rule|Species Clause: Limit one of each Pok\u00e9mon\n|rule|HP Percentage Mod: HP is shown in percentages\n|rule|Sleep Clause Mod: Limit one foe put to sleep\n|rule|Illusion Level Mod: Illusion disguises the Pok\u00e9mon's true level\n|\n|t:|1781385419\n|teamsize|p1|6\n|teamsize|p2|6\n|start\n|switch|p1a: Vespiquen|Vespiquen, L99, F|299/299\n|switch|p2a: Vikavolt|Vikavolt, L83, M|263/263\n|-ability|p1a: Vespiquen|Pressure\n|turn|1\n|\n|t:|1781385434\n|switch|p1a: Rampardos|Rampardos, L90, F|321/321\n|move|p2a: Vikavolt|Sticky Web|p1a: Rampardos\n|-sidestart|p1: Sekkari-|move: Sticky Web\n|\n|upkeep\n|turn|2\n|\n|t:|1781385441\n|switch|p2a: Alomomola|Alomomola, L87, F|429/429\n|move|p1a: Rampardos|Rock Slide|p2a: Alomomola|[miss]\n|-miss|p1a: Rampardos|p2a: Alomomola\n|\n|upkeep\n|turn|3\n|\n|t:|1781385447\n|switch|p1a: Toxicroak|Toxicroak, L84, F|277/277\n|-activate|p1a: Toxicroak|move: Sticky Web\n|-unboost|p1a: Toxicroak|spe|1\n|move|p2a: Alomomola|Flip Turn|p1a: Toxicroak\n|-immune|p1a: Toxicroak|[from] ability: Dry Skin\n|\n|upkeep\n|turn|4\n|\n|t:|1781385451\n|switch|p2a: Vikavolt|Vikavolt, L83, M|263/263\n|move|p1a: Toxicroak|Gunk Shot|p2a: Vikavolt\n|-damage|p2a: Vikavolt|76/263\n|-damage|p1a: Toxicroak|250/277|[from] item: Life Orb\n|\n|upkeep\n|turn|5\n|\n|t:|1781385457\n|move|p1a: Toxicroak|Knock Off|p2a: Vikavolt\n|-damage|p2a: Vikavolt|0 fnt\n|-enditem|p2a: Vikavolt|Heavy-Duty Boots|[from] move: Knock Off|[of] p1a: Toxicroak\n|faint|p2a: Vikavolt\n|-damage|p1a: Toxicroak|223/277|[from] item: Life Orb\n|\n|upkeep\n|\n|t:|1781385465\n|switch|p2a: Gallade|Gallade, L80, M|240/240\n|turn|6\n|\n|t:|1781385471\n|switch|p1a: Urshifu|Urshifu, L74, F|270/270\n|-activate|p1a: Urshifu|move: Sticky Web\n|-unboost|p1a: Urshifu|spe|1\n|move|p2a: Gallade|Psycho Cut|p1a: Urshifu\n|-immune|p1a: Urshifu\n|\n|upkeep\n|turn|7\n|\n|t:|1781385476\n|switch|p2a: Alomomola|Alomomola, L87, F|429/429\n|switch|p1a: Vespiquen|Vespiquen, L99, F|299/299\n|-ability|p1a: Vespiquen|Pressure\n|\n|upkeep\n|turn|8\n|\n|t:|1781385483\n|move|p2a: Alomomola|Flip Turn|p1a: Vespiquen\n|-damage|p1a: Vespiquen|253/299\n|\n|t:|1781385492\n|switch|p2a: Pachirisu|Pachirisu, L96, M|271/271|[from] Flip Turn\n|move|p1a: Vespiquen|Toxic Spikes|p2a: Pachirisu\n|-sidestart|p2: wakandius_pmsd|move: Toxic Spikes\n|\n|upkeep\n|turn|9\n|\n|t:|1781385506\n|switch|p1a: Pincurchin|Pincurchin, M|258/258\n|-activate|p1a: Pincurchin|move: Sticky Web\n|-unboost|p1a: Pincurchin|spe|1\n|-fieldstart|move: Electric Terrain|[from] ability: Electric Surge|[of] p1a: Pincurchin\n|move|p2a: Pachirisu|Discharge|p1a: Pincurchin\n|-resisted|p1a: Pincurchin\n|-damage|p1a: Pincurchin|220/258\n|\n|-heal|p1a: Pincurchin|236/258|[from] item: Leftovers\n|upkeep\n|turn|10\n|\n|t:|1781385512\n|move|p2a: Pachirisu|Super Fang|p1a: Pincurchin\n|-damage|p1a: Pincurchin|118/258\n|move|p1a: Pincurchin|Liquidation|p2a: Pachirisu\n|-damage|p2a: Pachirisu|182/271\n|-unboost|p2a: Pachirisu|def|1\n|\n|-heal|p1a: Pincurchin|134/258|[from] item: Leftovers\n|upkeep\n|turn|11\n|\n|t:|1781385525\n|move|p2a: Pachirisu|U-turn|p1a: Pincurchin\n|-damage|p1a: Pincurchin|104/258\n|\n|t:|1781385534\n|switch|p2a: Alomomola|Alomomola, L87, F|429/429|[from] U-turn\n|move|p1a: Pincurchin|Recover|p1a: Pincurchin\n|-heal|p1a: Pincurchin|233/258\n|\n|-heal|p1a: Pincurchin|249/258|[from] item: Leftovers\n|upkeep\n|turn|12\n|\n|t:|1781385542\n|switch|p1a: Vespiquen|Vespiquen, L99, F|253/299\n|-ability|p1a: Vespiquen|Pressure\n|-terastallize|p2a: Alomomola|Poison\n|move|p2a: Alomomola|Flip Turn|p1a: Vespiquen\n|-damage|p1a: Vespiquen|211/299\n|\n|t:|1781385550\n|switch|p2a: Pachirisu|Pachirisu, L96, M|182/271|[from] Flip Turn\n|\n|upkeep\n|turn|13\n|\n|t:|1781385553\n|switch|p1a: Pincurchin|Pincurchin, M|249/258\n|-activate|p1a: Pincurchin|move: Sticky Web\n|-unboost|p1a: Pincurchin|spe|1\n|move|p2a: Pachirisu|Discharge|p1a: Pincurchin\n|-resisted|p1a: Pincurchin\n|-damage|p1a: Pincurchin|210/258\n|\n|-heal|p1a: Pincurchin|226/258|[from] item: Leftovers\n|-fieldend|move: Electric Terrain\n|upkeep\n|turn|14\n|\n|t:|1781385560\n|move|p2a: Pachirisu|Super Fang|p1a: Pincurchin\n|-damage|p1a: Pincurchin|113/258\n|move|p1a: Pincurchin|Liquidation|p2a: Pachirisu\n|-damage|p2a: Pachirisu|96/271\n|\n|-heal|p1a: Pincurchin|129/258|[from] item: Leftovers\n|upkeep\n|turn|15\n|\n|t:|1781385565\n|move|p2a: Pachirisu|U-turn|p1a: Pincurchin\n|-damage|p1a: Pincurchin|100/258\n|\n|t:|1781385567\n|switch|p2a: Alomomola|Alomomola, L87, F, tera:Poison|429/429|[from] U-turn\n|-sideend|p2: wakandius_pmsd|move: Toxic Spikes|[of] p2a: Alomomola\n|move|p1a: Pincurchin|Recover|p1a: Pincurchin\n|-heal|p1a: Pincurchin|229/258\n|\n|-heal|p1a: Pincurchin|245/258|[from] item: Leftovers\n|upkeep\n|turn|16\n|\n|t:|1781385577\n|switch|p1a: Toxicroak|Toxicroak, L84, F|223/277\n|-activate|p1a: Toxicroak|move: Sticky Web\n|-unboost|p1a: Toxicroak|spe|1\n|move|p2a: Alomomola|Wish|p2a: Alomomola\n|\n|upkeep\n|turn|17\n|\n|t:|1781385585\n|switch|p2a: Gallade|Gallade, L80, M|240/240\n|move|p1a: Toxicroak|Knock Off|p2a: Gallade\n|-damage|p2a: Gallade|118/240\n|-enditem|p2a: Gallade|Choice Scarf|[from] move: Knock Off|[of] p1a: Toxicroak\n|-damage|p1a: Toxicroak|196/277|[from] item: Life Orb\n|\n|-heal|p2a: Gallade|240/240|[from] move: Wish|[wisher] Alomomola\n|upkeep\n|turn|18\n|\n|t:|1781385595\n|switch|p1a: Vespiquen|Vespiquen, L99, F|211/299\n|-ability|p1a: Vespiquen|Pressure\n|move|p2a: Gallade|Psycho Cut|p1a: Vespiquen\n|-damage|p1a: Vespiquen|121/299\n|\n|upkeep\n|turn|19\n|\n|t:|1781385604\n|switch|p2a: Alomomola|Alomomola, L87, F, tera:Poison|429/429\n|move|p1a: Vespiquen|Roost|p1a: Vespiquen\n|-heal|p1a: Vespiquen|271/299\n|-singleturn|p1a: Vespiquen|move: Roost\n|\n|upkeep\n|turn|20\n|\n|t:|1781385608\n|move|p2a: Alomomola|Wish|p2a: Alomomola\n|move|p1a: Vespiquen|Spikes|p2a: Alomomola\n|-sidestart|p2: wakandius_pmsd|Spikes\n|\n|upkeep\n|turn|21\n|\n|t:|1781385612\n|move|p2a: Alomomola|Flip Turn|p1a: Vespiquen\n|-damage|p1a: Vespiquen|231/299\n|\n|t:|1781385615\n|switch|p2a: Pachirisu|Pachirisu, L96, M|96/271|[from] Flip Turn\n|move|p1a: Vespiquen|Spikes|p2a: Pachirisu\n|-sidestart|p2: wakandius_pmsd|Spikes\n|\n|-heal|p2a: Pachirisu|271/271|[from] move: Wish|[wisher] Alomomola\n|upkeep\n|turn|22\n|\n|t:|1781385622\n|switch|p1a: Pincurchin|Pincurchin, M|245/258\n|-activate|p1a: Pincurchin|move: Sticky Web\n|-unboost|p1a: Pincurchin|spe|1\n|-fieldstart|move: Electric Terrain|[from] ability: Electric Surge|[of] p1a: Pincurchin\n|move|p2a: Pachirisu|Discharge|p1a: Pincurchin\n|-resisted|p1a: Pincurchin\n|-damage|p1a: Pincurchin|210/258\n|\n|-heal|p1a: Pincurchin|226/258|[from] item: Leftovers\n|upkeep\n|turn|23\n|\n|t:|1781385630\n|move|p2a: Pachirisu|Super Fang|p1a: Pincurchin\n|-damage|p1a: Pincurchin|113/258\n|move|p1a: Pincurchin|Curse|p1a: Pincurchin\n|-unboost|p1a: Pincurchin|spe|1\n|-boost|p1a: Pincurchin|atk|1\n|-boost|p1a: Pincurchin|def|1\n|\n|-heal|p1a: Pincurchin|129/258|[from] item: Leftovers\n|upkeep\n|turn|24\n|\n|t:|1781385634\n|move|p2a: Pachirisu|Encore|p1a: Pincurchin\n|-start|p1a: Pincurchin|Encore\n|move|p1a: Pincurchin|Curse|p1a: Pincurchin\n|-unboost|p1a: Pincurchin|spe|1\n|-boost|p1a: Pincurchin|atk|1\n|-boost|p1a: Pincurchin|def|1\n|\n|-heal|p1a: Pincurchin|145/258|[from] item: Leftovers\n|upkeep\n|turn|25\n|\n|t:|1781385642\n|switch|p1a: Rampardos|Rampardos, L90, F|321/321\n|-activate|p1a: Rampardos|move: Sticky Web\n|-unboost|p1a: Rampardos|spe|1\n|move|p2a: Pachirisu|Super Fang|p1a: Rampardos\n|-damage|p1a: Rampardos|161/321\n|\n|upkeep\n|turn|26\n|\n|t:|1781385649\n|switch|p1a: Pincurchin|Pincurchin, M|145/258\n|-activate|p1a: Pincurchin|move: Sticky Web\n|-unboost|p1a: Pincurchin|spe|1\n|move|p2a: Pachirisu|U-turn|p1a: Pincurchin\n|-damage|p1a: Pincurchin|117/258\n|\n|t:|1781385658\n|switch|p2a: Gallade|Gallade, L80, M|240/240|[from] U-turn\n|-damage|p2a: Gallade|200/240|[from] Spikes\n|\n|-heal|p1a: Pincurchin|133/258|[from] item: Leftovers\n|-fieldend|move: Electric Terrain\n|upkeep\n|turn|27\n|\n|t:|1781385662\n|switch|p1a: Vespiquen|Vespiquen, L99, F|231/299\n|-ability|p1a: Vespiquen|Pressure\n|move|p2a: Gallade|Sacred Sword|p1a: Vespiquen\n|-resisted|p1a: Vespiquen\n|-damage|p1a: Vespiquen|200/299\n|\n|upkeep\n|turn|28\n|\n|t:|1781385672\n|switch|p2a: Alomomola|Alomomola, L87, F, tera:Poison|429/429\n|move|p1a: Vespiquen|Hurricane|p2a: Alomomola\n|-damage|p2a: Alomomola|212/429\n|-start|p2a: Alomomola|confusion\n|\n|upkeep\n|turn|29\n|\n|t:|1781385678\n|switch|p2a: Pachirisu|Pachirisu, L96, M|271/271\n|move|p1a: Vespiquen|Toxic Spikes|p2a: Pachirisu\n|-sidestart|p2: wakandius_pmsd|move: Toxic Spikes\n|\n|upkeep\n|turn|30\n|\n|t:|1781385686\n|switch|p1a: Pincurchin|Pincurchin, M|133/258\n|-activate|p1a: Pincurchin|move: Sticky Web\n|-unboost|p1a: Pincurchin|spe|1\n|-fieldstart|move: Electric Terrain|[from] ability: Electric Surge|[of] p1a: Pincurchin\n|move|p2a: Pachirisu|U-turn|p1a: Pincurchin\n|-damage|p1a: Pincurchin|105/258\n|\n|t:|1781385697\n|switch|p2a: Alomomola|Alomomola, L87, F, tera:Poison|355/429|[from] U-turn\n|-sideend|p2: wakandius_pmsd|move: Toxic Spikes|[of] p2a: Alomomola\n|\n|-heal|p1a: Pincurchin|121/258|[from] item: Leftovers\n|upkeep\n|turn|31\n|\n|t:|1781385701\n|switch|p1a: Toxicroak|Toxicroak, L84, F|196/277\n|-activate|p1a: Toxicroak|move: Sticky Web\n|-unboost|p1a: Toxicroak|spe|1\n|move|p2a: Alomomola|Flip Turn|p1a: Toxicroak\n|-heal|p1a: Toxicroak|265/277|[from] ability: Dry Skin|[of] p2a: Alomomola\n|\n|upkeep\n|turn|32\n|\n|t:|1781385710\n|move|p2a: Alomomola|Wish|p2a: Alomomola\n|move|p1a: Toxicroak|Swords Dance|p1a: Toxicroak\n|-boost|p1a: Toxicroak|atk|2\n|\n|upkeep\n|turn|33\n|\n|t:|1781385717\n|move|p2a: Alomomola|Protect|p2a: Alomomola\n|-singleturn|p2a: Alomomola|Protect\n|move|p1a: Toxicroak|Gunk Shot|p2a: Alomomola\n|-activate|p2a: Alomomola|move: Protect\n|\n|-heal|p2a: Alomomola|429/429|[from] move: Wish|[wisher] Alomomola\n|upkeep\n|turn|34\n|\n|t:|1781385723\n|move|p2a: Alomomola|Wish|p2a: Alomomola\n|move|p1a: Toxicroak|Knock Off|p2a: Alomomola\n|-damage|p2a: Alomomola|234/429\n|-enditem|p2a: Alomomola|Heavy-Duty Boots|[from] move: Knock Off|[of] p1a: Toxicroak\n|-damage|p1a: Toxicroak|238/277|[from] item: Life Orb\n|\n|-fieldend|move: Electric Terrain\n|upkeep\n|turn|35\n|\n|t:|1781385732\n|switch|p2a: Pachirisu|Pachirisu, L96, M|271/271\n|move|p1a: Toxicroak|Gunk Shot|p2a: Pachirisu\n|-damage|p2a: Pachirisu|0 fnt\n|faint|p2a: Pachirisu\n|-damage|p1a: Toxicroak|211/277|[from] item: Life Orb\n|\n|upkeep\n|\n|t:|1781385738\n|switch|p2a: Gallade|Gallade, L80, M|200/240\n|-damage|p2a: Gallade|160/240|[from] Spikes\n|turn|36\n|\n|t:|1781385745\n|switch|p1a: Vespiquen|Vespiquen, L99, F|200/299\n|-ability|p1a: Vespiquen|Pressure\n|move|p2a: Gallade|Sacred Sword|p1a: Vespiquen\n|-resisted|p1a: Vespiquen\n|-damage|p1a: Vespiquen|172/299\n|\n|upkeep\n|turn|37\n|\n|t:|1781385751\n|switch|p2a: Alomomola|Alomomola, L87, F, tera:Poison|377/429\n|-damage|p2a: Alomomola|306/429|[from] Spikes\n|move|p1a: Vespiquen|Roost|p1a: Vespiquen\n|-heal|p1a: Vespiquen|299/299\n|-singleturn|p1a: Vespiquen|move: Roost\n|\n|upkeep\n|turn|38\n|\n|t:|1781385756\n|switch|p2a: Gallade|Gallade, L80, M|160/240\n|-damage|p2a: Gallade|120/240|[from] Spikes\n|move|p1a: Vespiquen|Spikes|p2a: Gallade\n|-sidestart|p2: wakandius_pmsd|Spikes\n|\n|upkeep\n|turn|39\n|\n|t:|1781385766\n|switch|p2a: Alomomola|Alomomola, L87, F, tera:Poison|429/429\n|-damage|p2a: Alomomola|322/429|[from] Spikes\n|move|p1a: Vespiquen|Hurricane|p2a: Alomomola\n|-damage|p2a: Alomomola|111/429\n|\n|upkeep\n|turn|40\n|\n|t:|1781385773\n|move|p2a: Alomomola|Wish|p2a: Alomomola\n|move|p1a: Vespiquen|Hurricane|p2a: Alomomola|[miss]\n|-miss|p1a: Vespiquen|p2a: Alomomola\n|\n|upkeep\n|turn|41\n|\n|t:|1781385776\n|move|p2a: Alomomola|Protect|p2a: Alomomola\n|-singleturn|p2a: Alomomola|Protect\n|move|p1a: Vespiquen|Toxic Spikes|p2a: Alomomola\n|-sidestart|p2: wakandius_pmsd|move: Toxic Spikes\n|\n|-heal|p2a: Alomomola|325/429|[from] move: Wish|[wisher] Alomomola\n|upkeep\n|turn|42\n|\n|t:|1781385778\n|move|p2a: Alomomola|Scald|p1a: Vespiquen\n|-damage|p1a: Vespiquen|260/299\n|move|p1a: Vespiquen|Hurricane|p2a: Alomomola\n|-damage|p2a: Alomomola|103/429\n|\n|upkeep\n|turn|43\n|\n|t:|1781385783\n|move|p2a: Alomomola|Wish|p2a: Alomomola\n|move|p1a: Vespiquen|Hurricane|p2a: Alomomola\n|-damage|p2a: Alomomola|0 fnt\n|faint|p2a: Alomomola\n|\n|upkeep\n|\n|t:|1781385789\n|switch|p2a: Oricorio|Oricorio-Sensu, L85, F|266/266\n|turn|44\n|inactive|Battle timer is ON: inactive players will automatically lose when time's up. (requested by wakandius_pmsd)\n|\n|t:|1781385815\n|switch|p1a: Pincurchin|Pincurchin, M|121/258\n|-activate|p1a: Pincurchin|move: Sticky Web\n|-unboost|p1a: Pincurchin|spe|1\n|-fieldstart|move: Electric Terrain|[from] ability: Electric Surge|[of] p1a: Pincurchin\n|move|p2a: Oricorio|Quiver Dance|p2a: Oricorio\n|-boost|p2a: Oricorio|spa|1\n|-boost|p2a: Oricorio|spd|1\n|-boost|p2a: Oricorio|spe|1\n|\n|-heal|p1a: Pincurchin|137/258|[from] item: Leftovers\n|upkeep\n|turn|45\n|\n|t:|1781385823\n|move|p2a: Oricorio|Revelation Dance|p1a: Pincurchin\n|-damage|p1a: Pincurchin|0 fnt\n|faint|p1a: Pincurchin\n|\n|upkeep\n|\n|t:|1781385838\n|switch|p1a: Necrozma|Necrozma-Dawn-Wings, L76|272/272\n|-activate|p1a: Necrozma|move: Sticky Web\n|-unboost|p1a: Necrozma|spe|1\n|turn|46\n|\n|t:|1781385847\n|-terastallize|p1a: Necrozma|Fighting\n|move|p2a: Oricorio|Hurricane|p1a: Necrozma\n|-supereffective|p1a: Necrozma\n|-damage|p1a: Necrozma|41/272\n|-start|p1a: Necrozma|confusion\n|-activate|p1a: Necrozma|confusion\n|move|p1a: Necrozma|Moongeist Beam|p2a: Oricorio\n|-supereffective|p2a: Oricorio\n|-damage|p2a: Oricorio|0 fnt\n|faint|p2a: Oricorio\n|-damage|p1a: Necrozma|14/272|[from] item: Life Orb\n|\n|upkeep\n|\n|t:|1781385871\n|switch|p2a: Gallade|Gallade, L80, M|120/240\n|-damage|p2a: Gallade|60/240|[from] Spikes\n|-status|p2a: Gallade|psn\n|turn|47\n|\n|t:|1781385879\n|move|p2a: Gallade|Psycho Cut|p1a: Necrozma\n|-supereffective|p1a: Necrozma\n|-damage|p1a: Necrozma|0 fnt\n|faint|p1a: Necrozma\n|\n|-damage|p2a: Gallade|30/240 psn|[from] psn\n|upkeep\n|\n|t:|1781385890\n|switch|p1a: Urshifu|Urshifu, L74, F|270/270\n|-activate|p1a: Urshifu|move: Sticky Web\n|-unboost|p1a: Urshifu|spe|1\n|turn|48\n|j| Kyoshi3\n|\n|t:|1781385897\n|move|p1a: Urshifu|Sucker Punch|p2a: Gallade\n|-damage|p2a: Gallade|0 fnt\n|faint|p2a: Gallade\n|-damage|p1a: Urshifu|243/270|[from] item: Life Orb\n|\n|-fieldend|move: Electric Terrain\n|upkeep\n|\n|t:|1781385899\n|switch|p2a: Espathra|Espathra, L80, M|283/283\n|-damage|p2a: Espathra|213/283|[from] Spikes\n|-status|p2a: Espathra|psn\n|turn|49\n|\n|t:|1781385907\n|move|p2a: Espathra|Dazzling Gleam|p1a: Urshifu\n|-supereffective|p1a: Urshifu\n|-damage|p1a: Urshifu|0 fnt\n|faint|p1a: Urshifu\n|\n|-damage|p2a: Espathra|178/283 psn|[from] psn\n|-ability|p2a: Espathra|Speed Boost|boost\n|-boost|p2a: Espathra|spe|1\n|upkeep\n|\n|t:|1781385923\n|switch|p1a: Toxicroak|Toxicroak, L84, F|211/277\n|-activate|p1a: Toxicroak|move: Sticky Web\n|-unboost|p1a: Toxicroak|spe|1\n|turn|50\n|\n|t:|1781385925\n|move|p2a: Espathra|Dazzling Gleam|p1a: Toxicroak\n|-damage|p1a: Toxicroak|115/277\n|move|p1a: Toxicroak|Knock Off|p2a: Espathra\n|-supereffective|p2a: Espathra\n|-damage|p2a: Espathra|0 fnt\n|-enditem|p2a: Espathra|Choice Specs|[from] move: Knock Off|[of] p1a: Toxicroak\n|faint|p2a: Espathra\n|-damage|p1a: Toxicroak|88/277|[from] item: Life Orb\n|\n|win|Sekkari-\n", "inputlog": ">version a8376a258c1d4662feba110a92103f3664a72141\n>start {\"formatid\":\"gen9randombattle\",\"seed\":\"sodium,1fbed9af8d904f2ed17803d075c24fcd\",\"rated\":\"Rated battle\"}\n>player p1 {\"name\":\"Sekkari-\",\"avatar\":\"170\",\"rating\":2170,\"seed\":\"sodium,4f81cd42f8fb686d7b366cc6bad814f6\"}\n>player p2 {\"name\":\"wakandius_pmsd\",\"avatar\":\"266\",\"rating\":2206,\"seed\":\"sodium,b32741af298a265b4913983d3672feca\"}\n>p1 switch 2\n>p2 move stickyweb\n>p1 move rockslide\n>p2 switch 5\n>p1 switch 5\n>p2 move flipturn\n>p1 move gunkshot\n>p2 switch 5\n>p1 move knockoff\n>p2 move discharge\n>p2 switch 2\n>p1 switch 6\n>p2 move psychocut\n>p1 switch 2\n>p2 switch 5\n>p1 move toxicspikes\n>p2 move flipturn\n>p2 switch 6\n>p1 switch 3\n>p2 move discharge\n>p1 move liquidation\n>p2 move superfang\n>p1 move recover\n>p2 move uturn\n>p2 switch 6\n>p1 switch 3\n>p2 move flipturn terastallize\n>p2 switch 6\n>p1 switch 3\n>p2 move discharge\n>p1 move liquidation\n>p2 move superfang\n>p1 move recover\n>p2 move uturn\n>p2 switch 6\n>p1 switch 6\n>p2 move wish\n>p1 move knockoff\n>p2 switch 5\n>p1 switch 3\n>p2 move psychocut\n>p1 move roost\n>p2 switch 5\n>p1 move spikes\n>p2 move wish\n>p1 move spikes\n>p2 move flipturn\n>p2 switch 6\n>p1 switch 6\n>p2 move discharge\n>p1 move curse\n>p2 move superfang\n>p1 move liquidation\n>p2 move encore\n>p1 switch 5\n>p2 move superfang\n>p1 switch 5\n>p2 move uturn\n>p2 switch 5\n>p1 switch 6\n>p2 move sacredsword\n>p1 move hurricane\n>p2 switch 6\n>p1 move toxicspikes\n>p2 switch 5\n>p1 switch 6\n>p2 move uturn\n>p2 switch 5\n>p1 switch 3\n>p2 move flipturn\n>p1 move swordsdance\n>p2 move wish\n>p1 move gunkshot\n>p2 move protect\n>p1 move knockoff\n>p2 move wish\n>p1 move gunkshot\n>p2 switch 5\n>p2 switch 6\n>p1 switch 6\n>p2 move sacredsword\n>p1 move roost\n>p2 switch 5\n>p1 move spikes\n>p2 switch 5\n>p1 move hurricane\n>p2 switch 5\n>p1 move hurricane\n>p2 move wish\n>p1 move toxicspikes\n>p2 move protect\n>p1 move hurricane\n>p2 move scald\n>p1 move hurricane\n>p2 move wish\n>p2 switch 4\n>p1 switch 3\n>p2 move quiverdance\n>p1 move zingzap\n>p2 move revelationdance\n>p1 switch 4\n>p1 move moongeistbeam terastallize\n>p2 move hurricane\n>p2 switch 5\n>p1 move dragondance\n>p2 move psychocut\n>p1 switch 2\n>p1 move suckerpunch\n>p2 move sacredsword\n>p2 switch 3\n>p1 move wickedblow\n>p2 move dazzlinggleam\n>p1 switch 6\n>p1 move knockoff\n>p2 move dazzlinggleam", "uploadtime": 1781385421, "views": 7, "formatid": "gen9randombattle", "rating": null, "private": 0, "password": null, "player_dets": [{"name": "Sekkari-", "avatar": "170", "rating": 2170, "seed": "sodium,4f81cd42f8fb686d7b366cc6bad814f6"}, {"name": "wakandius_pmsd", "avatar": "266", "rating": 2206, "seed": "sodium,b32741af298a265b4913983d3672feca"}], "teams_full": [{"Vespiquen": {"name": "Vespiquen", "species": "Vespiquen", "speciesId": "vespiquen", "gender": "F", "shiny": false, "level": 99, "moves": ["toxicspikes", "roost", "hurricane", "spikes"], "ability": "Pressure", "evs": {"hp": 85, "atk": 0, "def": 85, "spa": 85, "spd": 85, "spe": 85}, "ivs": {"hp": 31, "atk": 0, "def": 31, "spa": 31, "spd": 31, "spe": 31}, "item": "Heavy-Duty Boots", "teraType": "Steel", "role": "Bulky Support", "bvs": {"hp": 70, "atk": 80, "def": 102, "spa": 80, "spd": 102, "spe": 40}, "stats": {"hp": 299, "atk": 163, "def": 258, "spa": 214, "spd": 258, "spe": 135}, "types": ["Bug", "Flying"]}, "Rampardos": {"name": "Rampardos", "species": "Rampardos", "speciesId": "rampardos", "gender": "F", "shiny": false, "level": 90, "moves": ["rockslide", "earthquake", "firepunch", "headsmash"], "ability": "Sheer Force", "evs": {"hp": 85, "atk": 85, "def": 85, "spa": 85, "spd": 85, "spe": 85}, "ivs": {"hp": 31, "atk": 31, "def": 31, "spa": 31, "spd": 31, "spe": 31}, "item": "Choice Scarf", "teraType": "Rock", "role": "Fast Attacker", "bvs": {"hp": 97, "atk": 165, "def": 60, "spa": 65, "spd": 50, "spe": 58}, "stats": {"hp": 321, "atk": 348, "def": 159, "spa": 168, "spd": 141, "spe": 156}, "types": ["Rock"]}, "Pincurchin": {"name": "Pincurchin", "species": "Pincurchin", "speciesId": "pincurchin", "gender": "M", "shiny": false, "level": 100, "moves": ["liquidation", "curse", "zingzap", "recover"], "ability": "Electric Surge", "evs": {"hp": 85, "atk": 85, "def": 85, "spa": 85, "spd": 85, "spe": 85}, "ivs": {"hp": 31, "atk": 31, "def": 31, "spa": 31, "spd": 31, "spe": 31}, "item": "Leftovers", "teraType": "Grass", "role": "Bulky Setup", "bvs": {"hp": 48, "atk": 101, "def": 95, "spa": 91, "spd": 85, "spe": 15}, "stats": {"hp": 258, "atk": 259, "def": 247, "spa": 239, "spd": 227, "spe": 87}, "types": ["Electric"]}, "Necrozma": {"name": "Necrozma", "species": "Necrozma-Dawn-Wings", "speciesId": "necrozmadawnwings", "gender": "N", "shiny": false, "level": 76, "moves": ["photongeyser", "moongeistbeam", "brickbreak", "dragondance"], "ability": "Prism Armor", "evs": {"hp": 85, "atk": 85, "def": 85, "spa": 85, "spd": 85, "spe": 85}, "ivs": {"hp": 31, "atk": 31, "def": 31, "spa": 31, "spd": 31, "spe": 31}, "item": "Life Orb", "teraType": "Fighting", "role": "Setup Sweeper", "bvs": {"hp": 97, "atk": 113, "def": 109, "spa": 157, "spd": 127, "spe": 77}, "stats": {"hp": 272, "atk": 216, "def": 210, "spa": 283, "spd": 237, "spe": 161}, "types": ["Psychic", "Ghost"]}, "Toxicroak": {"name": "Toxicroak", "species": "Toxicroak", "speciesId": "toxicroak", "gender": "F", "shiny": false, "level": 84, "moves": ["knockoff", "closecombat", "swordsdance", "gunkshot"], "ability": "Dry Skin", "evs": {"hp": 85, "atk": 85, "def": 85, "spa": 85, "spd": 85, "spe": 85}, "ivs": {"hp": 31, "atk": 31, "def": 31, "spa": 31, "spd": 31, "spe": 31}, "item": "Life Orb", "teraType": "Dark", "role": "Fast Attacker", "bvs": {"hp": 83, "atk": 106, "def": 65, "spa": 86, "spd": 65, "spe": 85}, "stats": {"hp": 277, "atk": 226, "def": 157, "spa": 193, "spd": 157, "spe": 191}, "types": ["Poison", "Fighting"]}, "Urshifu": {"name": "Urshifu", "species": "Urshifu", "speciesId": "urshifu", "gender": "F", "shiny": false, "level": 74, "moves": ["closecombat", "wickedblow", "swordsdance", "suckerpunch"], "ability": "Unseen Fist", "evs": {"hp": 85, "atk": 85, "def": 85, "spa": 85, "spd": 85, "spe": 85}, "ivs": {"hp": 31, "atk": 31, "def": 31, "spa": 31, "spd": 31, "spe": 31}, "item": "Life Orb", "teraType": "Dark", "role": "Fast Attacker", "bvs": {"hp": 100, "atk": 130, "def": 100, "spa": 63, "spd": 60, "spe": 97}, "stats": {"hp": 270, "atk": 235, "def": 191, "spa": 136, "spd": 132, "spe": 187}, "types": ["Fighting", "Dark"]}}, {"Vikavolt": {"name": "Vikavolt", "species": "Vikavolt", "speciesId": "vikavolt", "gender": "M", "shiny": false, "level": 83, "moves": ["discharge", "bugbuzz", "voltswitch", "stickyweb"], "ability": "Levitate", "evs": {"hp": 85, "atk": 0, "def": 85, "spa": 85, "spd": 85, "spe": 85}, "ivs": {"hp": 31, "atk": 0, "def": 31, "spa": 31, "spd": 31, "spe": 31}, "item": "Heavy-Duty Boots", "teraType": "Electric", "role": "Bulky Support", "bvs": {"hp": 77, "atk": 70, "def": 90, "spa": 145, "spd": 75, "spe": 43}, "stats": {"hp": 263, "atk": 121, "def": 197, "spa": 288, "spd": 172, "spe": 119}, "types": ["Bug", "Electric"]}, "Gallade": {"name": "Gallade", "species": "Gallade", "speciesId": "gallade", "gender": "M", "shiny": false, "level": 80, "moves": ["leafblade", "nightslash", "sacredsword", "psychocut"], "ability": "Sharpness", "evs": {"hp": 85, "atk": 85, "def": 85, "spa": 85, "spd": 85, "spe": 85}, "ivs": {"hp": 31, "atk": 31, "def": 31, "spa": 31, "spd": 31, "spe": 31}, "item": "Choice Scarf", "teraType": "Grass", "role": "Fast Attacker", "bvs": {"hp": 68, "atk": 125, "def": 65, "spa": 65, "spd": 115, "spe": 80}, "stats": {"hp": 240, "atk": 246, "def": 150, "spa": 150, "spd": 230, "spe": 174}, "types": ["Psychic", "Fighting"]}, "Espathra": {"name": "Espathra", "species": "Espathra", "speciesId": "espathra", "gender": "M", "shiny": false, "level": 80, "moves": ["luminacrash", "dazzlinggleam", "shadowball", "uturn"], "ability": "Speed Boost", "evs": {"hp": 85, "atk": 85, "def": 85, "spa": 85, "spd": 85, "spe": 85}, "ivs": {"hp": 31, "atk": 31, "def": 31, "spa": 31, "spd": 31, "spe": 31}, "item": "Choice Specs", "teraType": "Psychic", "role": "Wallbreaker", "bvs": {"hp": 95, "atk": 60, "def": 60, "spa": 101, "spd": 60, "spe": 105}, "stats": {"hp": 283, "atk": 142, "def": 142, "spa": 208, "spd": 142, "spe": 214}, "types": ["Psychic"]}, "Oricorio": {"name": "Oricorio", "species": "Oricorio-Sensu", "speciesId": "oricoriosensu", "gender": "F", "shiny": false, "level": 85, "moves": ["quiverdance", "roost", "hurricane", "revelationdance"], "ability": "Dancer", "evs": {"hp": 85, "atk": 0, "def": 85, "spa": 85, "spd": 85, "spe": 85}, "ivs": {"hp": 31, "atk": 0, "def": 31, "spa": 31, "spd": 31, "spe": 31}, "item": "Heavy-Duty Boots", "teraType": "Fighting", "role": "Setup Sweeper", "bvs": {"hp": 75, "atk": 70, "def": 70, "spa": 98, "spd": 70, "spe": 93}, "stats": {"hp": 266, "atk": 124, "def": 168, "spa": 215, "spd": 168, "spe": 207}, "types": ["Ghost", "Flying"]}, "Alomomola": {"name": "Alomomola", "species": "Alomomola", "speciesId": "alomomola", "gender": "F", "shiny": false, "level": 87, "moves": ["flipturn", "wish", "protect", "scald"], "ability": "Regenerator", "evs": {"hp": 85, "atk": 85, "def": 85, "spa": 85, "spd": 85, "spe": 85}, "ivs": {"hp": 31, "atk": 31, "def": 31, "spa": 31, "spd": 31, "spe": 31}, "item": "Heavy-Duty Boots", "teraType": "Poison", "role": "Fast Support", "bvs": {"hp": 165, "atk": 75, "def": 80, "spa": 40, "spd": 45, "spe": 65}, "stats": {"hp": 429, "atk": 180, "def": 189, "spa": 119, "spd": 128, "spe": 163}, "types": ["Water"]}, "Pachirisu": {"name": "Pachirisu", "species": "Pachirisu", "speciesId": "pachirisu", "gender": "M", "shiny": false, "level": 96, "moves": ["superfang", "uturn", "encore", "discharge"], "ability": "Volt Absorb", "evs": {"hp": 85, "atk": 85, "def": 85, "spa": 85, "spd": 85, "spe": 85}, "ivs": {"hp": 31, "atk": 31, "def": 31, "spa": 31, "spd": 31, "spe": 31}, "item": "Heavy-Duty Boots", "teraType": "Flying", "role": "Fast Support", "bvs": {"hp": 60, "atk": 45, "def": 70, "spa": 45, "spd": 90, "spe": 95}, "stats": {"hp": 271, "atk": 141, "def": 189, "spa": 141, "spd": 227, "spe": 237}, "types": ["Electric"]}}]}