{"id": "gen9randombattle-2631605118", "format": "[Gen 9] Random Battle", "players": ["Astrokid11", "stone douchebag"], "log": "|j|\u2606Astrokid11\n|j|\u2606stone douchebag\n|t:|1781407670\n|gametype|singles\n|player|p1|Astrokid11|170|1946\n|player|p2|stone douchebag|266|1932\n|gen|9\n|tier|[Gen 9] Random Battle\n|rated|\n|rule|Species Clause: Limit one of each Pok\u00e9mon\n|rule|HP Percentage Mod: HP is shown in percentages\n|rule|Sleep Clause Mod: Limit one foe put to sleep\n|rule|Illusion Level Mod: Illusion disguises the Pok\u00e9mon's true level\n|\n|t:|1781407670\n|teamsize|p1|6\n|teamsize|p2|6\n|start\n|switch|p1a: Pawmot|Pawmot, L80, M|243/243\n|switch|p2a: Misdreavus|Misdreavus, L90, M|254/254\n|turn|1\n|j| kaedehara\n|inactive|Battle timer is ON: inactive players will automatically lose when time's up. (requested by Astrokid11)\n|\n|t:|1781407697\n|switch|p1a: Magcargo|Magcargo, L95, M|268/268\n|move|p2a: Misdreavus|Will-O-Wisp|p1a: Magcargo\n|-immune|p1a: Magcargo\n|\n|upkeep\n|turn|2\n|\n|t:|1781407705\n|move|p2a: Misdreavus|Calm Mind|p2a: Misdreavus\n|-boost|p2a: Misdreavus|spa|1\n|-boost|p2a: Misdreavus|spd|1\n|move|p1a: Magcargo|Shell Smash|p1a: Magcargo\n|-unboost|p1a: Magcargo|def|1\n|-unboost|p1a: Magcargo|spd|1\n|-boost|p1a: Magcargo|atk|2\n|-boost|p1a: Magcargo|spa|2\n|-boost|p1a: Magcargo|spe|2\n|\n|upkeep\n|turn|3\n|\n|t:|1781407715\n|move|p1a: Magcargo|Fire Blast|p2a: Misdreavus\n|-damage|p2a: Misdreavus|134/254\n|move|p2a: Misdreavus|Calm Mind|p2a: Misdreavus\n|-boost|p2a: Misdreavus|spa|1\n|-boost|p2a: Misdreavus|spd|1\n|\n|upkeep\n|turn|4\n|\n|t:|1781407722\n|move|p1a: Magcargo|Fire Blast|p2a: Misdreavus\n|-damage|p2a: Misdreavus|50/254\n|move|p2a: Misdreavus|Shadow Ball|p1a: Magcargo\n|-damage|p1a: Magcargo|6/268\n|\n|upkeep\n|turn|5\n|\n|t:|1781407743\n|move|p1a: Magcargo|Fire Blast|p2a: Misdreavus\n|-crit|p2a: Misdreavus\n|-damage|p2a: Misdreavus|0 fnt\n|faint|p2a: Misdreavus\n|\n|upkeep\n|\n|t:|1781407753\n|switch|p2a: Rillaboom|Rillaboom, L79, M|288/288\n|-fieldstart|move: Grassy Terrain|[from] ability: Grassy Surge|[of] p2a: Rillaboom\n|turn|6\n|\n|t:|1781407774\n|move|p2a: Rillaboom|Grassy Glide|p1a: Magcargo\n|-damage|p1a: Magcargo|0 fnt\n|faint|p1a: Magcargo\n|-damage|p2a: Rillaboom|260/288|[from] item: Life Orb\n|\n|-heal|p2a: Rillaboom|278/288|[from] Grassy Terrain\n|upkeep\n|inactive|Astrokid11 has 120 seconds left.\n|\n|t:|1781407797\n|switch|p1a: Pawmot|Pawmot, L80, M|243/243\n|turn|7\n|\n|t:|1781407800\n|move|p1a: Pawmot|Ice Punch|p2a: Rillaboom\n|-supereffective|p2a: Rillaboom\n|-damage|p2a: Rillaboom|101/288\n|-status|p2a: Rillaboom|frz\n|-damage|p1a: Pawmot|219/243|[from] item: Life Orb\n|cant|p2a: Rillaboom|frz\n|\n|-heal|p1a: Pawmot|234/243|[from] Grassy Terrain\n|-heal|p2a: Rillaboom|119/288 frz|[from] Grassy Terrain\n|upkeep\n|turn|8\n|c|\u2606stone douchebag|im killin myself\n|\n|t:|1781407811\n|switch|p2a: Flareon|Flareon, L90, M|263/263\n|move|p1a: Pawmot|Ice Punch|p2a: Flareon\n|-resisted|p2a: Flareon\n|-damage|p2a: Flareon|214/263\n|-damage|p1a: Pawmot|210/243|[from] item: Life Orb\n|\n|-heal|p1a: Pawmot|225/243|[from] Grassy Terrain\n|-heal|p2a: Flareon|230/263|[from] Grassy Terrain\n|-status|p2a: Flareon|tox|[from] item: Toxic Orb\n|upkeep\n|turn|9\n|\n|t:|1781407824\n|move|p1a: Pawmot|Double Shock|p2a: Flareon\n|-damage|p2a: Flareon|27/263 tox\n|-start|p1a: Pawmot|typechange|???/Fighting|[from] move: Double Shock\n|-damage|p1a: Pawmot|201/243|[from] item: Life Orb\n|move|p2a: Flareon|Trailblaze|p1a: Pawmot\n|-damage|p1a: Pawmot|68/243\n|-boost|p2a: Flareon|spe|1\n|\n|-heal|p2a: Flareon|43/263 tox|[from] Grassy Terrain\n|-heal|p1a: Pawmot|83/243|[from] Grassy Terrain\n|-damage|p2a: Flareon|27/263 tox|[from] psn\n|upkeep\n|turn|10\n|\n|t:|1781407838\n|switch|p1a: Oinkologne|Oinkologne, L92, M|352/352\n|move|p2a: Flareon|Flare Blitz|p1a: Oinkologne\n|-damage|p1a: Oinkologne|196/352\n|-status|p1a: Oinkologne|brn\n|-damage|p2a: Flareon|0 fnt|[from] Recoil\n|faint|p2a: Flareon\n|\n|-heal|p1a: Oinkologne|218/352 brn|[from] Grassy Terrain\n|-heal|p1a: Oinkologne|240/352 brn|[from] item: Leftovers\n|-damage|p1a: Oinkologne|218/352 brn|[from] brn\n|-fieldend|move: Grassy Terrain\n|upkeep\n|\n|t:|1781407849\n|switch|p2a: Garchomp|Garchomp, L74, M|282/282\n|turn|11\n|\n|t:|1781407863\n|move|p2a: Garchomp|Swords Dance|p2a: Garchomp\n|-boost|p2a: Garchomp|atk|2\n|move|p1a: Oinkologne|Curse|p1a: Oinkologne\n|-unboost|p1a: Oinkologne|spe|1\n|-boost|p1a: Oinkologne|atk|1\n|-boost|p1a: Oinkologne|def|1\n|\n|-heal|p1a: Oinkologne|240/352 brn|[from] item: Leftovers\n|-damage|p1a: Oinkologne|218/352 brn|[from] brn\n|upkeep\n|turn|12\n|\n|t:|1781407871\n|move|p2a: Garchomp|Swords Dance|p2a: Garchomp\n|-boost|p2a: Garchomp|atk|2\n|move|p1a: Oinkologne|Double-Edge|p2a: Garchomp\n|-damage|p2a: Garchomp|168/282\n|-damage|p1a: Oinkologne|174/352 brn|[from] ability: Rough Skin|[of] p2a: Garchomp\n|-damage|p1a: Oinkologne|136/352 brn|[from] Recoil\n|\n|-heal|p1a: Oinkologne|158/352 brn|[from] item: Leftovers\n|-damage|p1a: Oinkologne|136/352 brn|[from] brn\n|upkeep\n|turn|13\n|\n|t:|1781407878\n|switch|p1a: Zacian|Zacian, L69|241/241\n|-ability|p1a: Zacian|Intrepid Sword|boost\n|-boost|p1a: Zacian|atk|1\n|move|p2a: Garchomp|Scale Shot|p1a: Zacian\n|-immune|p1a: Zacian\n|\n|upkeep\n|turn|14\n|\n|t:|1781407886\n|-terastallize|p2a: Garchomp|Steel\n|move|p1a: Zacian|Play Rough|p2a: Garchomp\n|-resisted|p2a: Garchomp\n|-damage|p2a: Garchomp|77/282\n|-damage|p1a: Zacian|211/241|[from] ability: Rough Skin|[of] p2a: Garchomp\n|move|p2a: Garchomp|Iron Head|p1a: Zacian\n|-supereffective|p1a: Zacian\n|-damage|p1a: Zacian|0 fnt\n|faint|p1a: Zacian\n|\n|upkeep\n|-message|stone douchebag forfeited.\n|\n|win|Astrokid11\n", "inputlog": ">version a8376a258c1d4662feba110a92103f3664a72141\n>start {\"formatid\":\"gen9randombattle\",\"seed\":\"sodium,efef20f408bac83b2130b3bde3c24aa7\",\"rated\":\"Rated battle\"}\n>player p1 {\"name\":\"Astrokid11\",\"avatar\":\"170\",\"rating\":1946,\"seed\":\"sodium,937cf1d609e1b9ef4d70e15259070a67\"}\n>player p2 {\"name\":\"stone douchebag\",\"avatar\":\"266\",\"rating\":1932,\"seed\":\"sodium,ee2e650ed159ec9cdbe28bdde60c8ac6\"}\n>p1 switch 3\n>p2 move willowisp\n>p1 move shellsmash\n>p2 move calmmind\n>p1 move fireblast\n>p2 move calmmind\n>p1 move fireblast\n>p2 move shadowball\n>p1 move fireblast\n>p2 move shadowball\n>p2 switch 5\n>p1 move fireblast\n>p2 move grassyglide\n>p1 switch 3\n>p1 move icepunch\n>p2 move woodhammer\n>chat \u2606stone douchebag|im killin myself\n>p1 move icepunch\n>p2 switch 6\n>p1 move doubleshock\n>p2 move trailblaze\n>p1 switch 6\n>p2 move flareblitz\n>p2 switch 2\n>p1 move curse\n>p2 move swordsdance\n>p1 move doubleedge\n>p2 move swordsdance\n>p1 switch 5\n>p2 move scaleshot\n>p1 move playrough\n>p2 move ironhead terastallize\n>forcelose p2", "uploadtime": 1781407672, "views": 8, "formatid": "gen9randombattle", "rating": null, "private": 0, "password": null}