{"id": "gen9randombattle-2631646750", "format": "[Gen 9] Random Battle", "players": ["whisperwyrm", "fashionstar510"], "log": "|j|\u2606whisperwyrm\n|j|\u203dfashionstar510\n|t:|1781414313\n|gametype|singles\n|player|p1|whisperwyrm|170|2215\n|player|p2|fashionstar510|266|2247\n|gen|9\n|tier|[Gen 9] Random Battle\n|rated|\n|rule|Species Clause: Limit one of each Pok\u00e9mon\n|rule|HP Percentage Mod: HP is shown in percentages\n|rule|Sleep Clause Mod: Limit one foe put to sleep\n|rule|Illusion Level Mod: Illusion disguises the Pok\u00e9mon's true level\n|\n|t:|1781414313\n|teamsize|p1|6\n|teamsize|p2|6\n|start\n|switch|p1a: Haxorus|Haxorus, L77, F|244/244\n|switch|p2a: Whimsicott|Whimsicott, L84, M|238/238\n|-ability|p1a: Haxorus|Mold Breaker\n|turn|1\n|inactive|Battle timer is ON: inactive players will automatically lose when time's up. (requested by whisperwyrm)\n|inactive|fashionstar510 has 120 seconds left.\n|\n|t:|1781414345\n|switch|p1a: Minior|Minior-Yellow, L79|224/224\n|-formechange|p1a: Minior|Minior-Meteor||[from] ability: Shields Down\n|move|p2a: Whimsicott|Moonblast|p1a: Minior\n|-damage|p1a: Minior|148/224\n|\n|upkeep\n|turn|2\n|j| xiaozenguu\n|inactive|fashionstar510 has 120 seconds left.\n|\n|t:|1781414390\n|move|p2a: Whimsicott|Moonblast|p1a: Minior\n|-damage|p1a: Minior|58/224\n|-unboost|p1a: Minior|spa|1\n|-enditem|p1a: Minior|White Herb\n|-clearnegativeboost|p1a: Minior|[silent]\n|move|p1a: Minior|Shell Smash|p1a: Minior\n|-unboost|p1a: Minior|def|1\n|-unboost|p1a: Minior|spd|1\n|-boost|p1a: Minior|atk|2\n|-boost|p1a: Minior|spa|2\n|-boost|p1a: Minior|spe|2\n|\n|-formechange|p1a: Minior|Minior-Yellow||[from] ability: Shields Down\n|upkeep\n|turn|3\n|\n|t:|1781414399\n|move|p2a: Whimsicott|Encore|p1a: Minior\n|-start|p1a: Minior|Encore\n|move|p1a: Minior|Shell Smash|p1a: Minior\n|-unboost|p1a: Minior|def|1\n|-unboost|p1a: Minior|spd|1\n|-boost|p1a: Minior|atk|2\n|-boost|p1a: Minior|spa|2\n|-boost|p1a: Minior|spe|2\n|\n|upkeep\n|turn|4\n|\n|t:|1781414407\n|move|p2a: Whimsicott|Substitute|p2a: Whimsicott\n|-start|p2a: Whimsicott|Substitute\n|-damage|p2a: Whimsicott|179/238\n|move|p1a: Minior|Shell Smash|p1a: Minior\n|-unboost|p1a: Minior|def|1\n|-unboost|p1a: Minior|spd|1\n|-boost|p1a: Minior|atk|2\n|-boost|p1a: Minior|spa|2\n|-boost|p1a: Minior|spe|2\n|\n|-heal|p2a: Whimsicott|193/238|[from] item: Leftovers\n|upkeep\n|turn|5\n|\n|t:|1781414411\n|switch|p1a: Overqwil|Overqwil, L82, F|274/274\n|-ability|p1a: Overqwil|Intimidate|boost\n|-immune|p2a: Whimsicott\n|move|p2a: Whimsicott|Moonblast|p1a: Overqwil\n|-damage|p1a: Overqwil|169/274\n|\n|-heal|p2a: Whimsicott|207/238|[from] item: Leftovers\n|upkeep\n|turn|6\n|\n|t:|1781414414\n|move|p2a: Whimsicott|Moonblast|p1a: Overqwil\n|-damage|p1a: Overqwil|52/274\n|move|p1a: Overqwil|Gunk Shot|p2a: Whimsicott\n|-supereffective|p2a: Whimsicott\n|-end|p2a: Whimsicott|Substitute\n|\n|-heal|p2a: Whimsicott|221/238|[from] item: Leftovers\n|upkeep\n|turn|7\n|\n|t:|1781414418\n|move|p2a: Whimsicott|Substitute|p2a: Whimsicott\n|-start|p2a: Whimsicott|Substitute\n|-damage|p2a: Whimsicott|162/238\n|move|p1a: Overqwil|Gunk Shot|p2a: Whimsicott\n|-supereffective|p2a: Whimsicott\n|-end|p2a: Whimsicott|Substitute\n|\n|-heal|p2a: Whimsicott|176/238|[from] item: Leftovers\n|upkeep\n|turn|8\n|\n|t:|1781414425\n|move|p2a: Whimsicott|Substitute|p2a: Whimsicott\n|-start|p2a: Whimsicott|Substitute\n|-damage|p2a: Whimsicott|117/238\n|move|p1a: Overqwil|Gunk Shot|p2a: Whimsicott\n|-supereffective|p2a: Whimsicott\n|-crit|p2a: Whimsicott\n|-end|p2a: Whimsicott|Substitute\n|\n|-heal|p2a: Whimsicott|131/238|[from] item: Leftovers\n|upkeep\n|turn|9\n|\n|t:|1781414430\n|move|p2a: Whimsicott|Substitute|p2a: Whimsicott\n|-start|p2a: Whimsicott|Substitute\n|-damage|p2a: Whimsicott|72/238\n|move|p1a: Overqwil|Gunk Shot|p2a: Whimsicott\n|-supereffective|p2a: Whimsicott\n|-end|p2a: Whimsicott|Substitute\n|\n|-heal|p2a: Whimsicott|86/238|[from] item: Leftovers\n|upkeep\n|turn|10\n|\n|t:|1781414434\n|move|p2a: Whimsicott|Substitute|p2a: Whimsicott\n|-start|p2a: Whimsicott|Substitute\n|-damage|p2a: Whimsicott|27/238\n|move|p1a: Overqwil|Gunk Shot|p2a: Whimsicott\n|-supereffective|p2a: Whimsicott\n|-end|p2a: Whimsicott|Substitute\n|\n|-heal|p2a: Whimsicott|41/238|[from] item: Leftovers\n|upkeep\n|turn|11\n|\n|t:|1781414438\n|move|p2a: Whimsicott|Moonblast|p1a: Overqwil\n|-damage|p1a: Overqwil|0 fnt\n|faint|p1a: Overqwil\n|\n|-heal|p2a: Whimsicott|55/238|[from] item: Leftovers\n|upkeep\n|\n|t:|1781414445\n|switch|p1a: Cyclizar|Cyclizar, L83, F|252/252\n|turn|12\n|\n|t:|1781414460\n|switch|p2a: Glastrier|Glastrier, L86|311/311\n|move|p1a: Cyclizar|Rapid Spin|p2a: Glastrier\n|-damage|p2a: Glastrier|277/311\n|-boost|p1a: Cyclizar|spe|1\n|\n|upkeep\n|turn|13\n|\n|t:|1781414466\n|move|p1a: Cyclizar|Shed Tail|p1a: Cyclizar\n|-start|p1a: Cyclizar|Substitute|[from] move: Shed Tail\n|-damage|p1a: Cyclizar|126/252\n|\n|t:|1781414469\n|switch|p1a: Passimian|Passimian, L83, M|302/302|[from] Shed Tail\n|move|p2a: Glastrier|Icicle Crash|p1a: Passimian\n|-end|p1a: Passimian|Substitute\n|\n|upkeep\n|turn|14\n|\n|t:|1781414493\n|switch|p2a: Arbok|Arbok, L87, F|246/246\n|-ability|p2a: Arbok|Intimidate|boost\n|-unboost|p1a: Passimian|atk|1\n|-ability|p1a: Passimian|Defiant|boost\n|-boost|p1a: Passimian|atk|2\n|move|p1a: Passimian|Bulk Up|p1a: Passimian\n|-boost|p1a: Passimian|atk|1\n|-boost|p1a: Passimian|def|1\n|\n|upkeep\n|turn|15\n|\n|t:|1781414500\n|move|p2a: Arbok|Coil|p2a: Arbok\n|-boost|p2a: Arbok|atk|1\n|-boost|p2a: Arbok|def|1\n|-boost|p2a: Arbok|accuracy|1\n|move|p1a: Passimian|Knock Off|p2a: Arbok\n|-damage|p2a: Arbok|123/246\n|-enditem|p2a: Arbok|Leftovers|[from] move: Knock Off|[of] p1a: Passimian\n|\n|upkeep\n|turn|16\n|\n|t:|1781414504\n|move|p2a: Arbok|Gunk Shot|p1a: Passimian\n|-damage|p1a: Passimian|179/302\n|move|p1a: Passimian|Bulk Up|p1a: Passimian\n|-boost|p1a: Passimian|atk|1\n|-boost|p1a: Passimian|def|1\n|\n|-heal|p1a: Passimian|197/302|[from] item: Leftovers\n|upkeep\n|turn|17\n|\n|t:|1781414508\n|move|p2a: Arbok|Gunk Shot|p1a: Passimian\n|-damage|p1a: Passimian|94/302\n|move|p1a: Passimian|Knock Off|p2a: Arbok\n|-damage|p2a: Arbok|13/246\n|\n|-heal|p1a: Passimian|112/302|[from] item: Leftovers\n|upkeep\n|turn|18\n|\n|t:|1781414511\n|move|p2a: Arbok|Gunk Shot|p1a: Passimian\n|-damage|p1a: Passimian|16/302\n|move|p1a: Passimian|Drain Punch|p2a: Arbok\n|-resisted|p2a: Arbok\n|-damage|p2a: Arbok|0 fnt\n|-heal|p1a: Passimian|23/302|[from] drain|[of] p2a: Arbok\n|faint|p2a: Arbok\n|\n|-heal|p1a: Passimian|41/302|[from] item: Leftovers\n|upkeep\n|\n|t:|1781414515\n|switch|p2a: Whimsicott|Whimsicott, L84, M|55/238\n|turn|19\n|\n|t:|1781414519\n|move|p2a: Whimsicott|Moonblast|p1a: Passimian\n|-supereffective|p1a: Passimian\n|-damage|p1a: Passimian|0 fnt\n|faint|p1a: Passimian\n|\n|-heal|p2a: Whimsicott|69/238|[from] item: Leftovers\n|upkeep\n|\n|t:|1781414525\n|switch|p1a: Avalugg|Avalugg-Hisui, L90, F|317/317\n|turn|20\n|\n|t:|1781414552\n|move|p2a: Whimsicott|Moonblast|p1a: Avalugg\n|-damage|p1a: Avalugg|176/317\n|move|p1a: Avalugg|Avalanche|p2a: Whimsicott\n|-supereffective|p2a: Whimsicott\n|-damage|p2a: Whimsicott|0 fnt\n|faint|p2a: Whimsicott\n|\n|upkeep\n|\n|t:|1781414561\n|switch|p2a: Heatran|Heatran, L79, F|273/273\n|-item|p2a: Heatran|Air Balloon\n|turn|21\n|\n|t:|1781414567\n|move|p2a: Heatran|Earth Power|p1a: Avalugg\n|-supereffective|p1a: Avalugg\n|-damage|p1a: Avalugg|0 fnt\n|faint|p1a: Avalugg\n|\n|upkeep\n|\n|t:|1781414572\n|switch|p1a: Minior|Minior-Yellow, L79|58/224\n|turn|22\n|\n|t:|1781414580\n|move|p1a: Minior|Power Gem|p2a: Heatran\n|-damage|p2a: Heatran|200/273\n|-enditem|p2a: Heatran|Air Balloon\n|move|p2a: Heatran|Heavy Slam|p1a: Minior\n|-supereffective|p1a: Minior\n|-damage|p1a: Minior|0 fnt\n|faint|p1a: Minior\n|\n|upkeep\n|\n|t:|1781414592\n|switch|p1a: Haxorus|Haxorus, L77, F|244/244\n|-ability|p1a: Haxorus|Mold Breaker\n|turn|23\n|\n|t:|1781414605\n|-terastallize|p2a: Heatran|Flying\n|move|p1a: Haxorus|Dragon Dance|p1a: Haxorus\n|-boost|p1a: Haxorus|atk|1\n|-boost|p1a: Haxorus|spe|1\n|move|p2a: Heatran|Heavy Slam|p1a: Haxorus\n|-damage|p1a: Haxorus|145/244\n|\n|upkeep\n|turn|24\n|\n|t:|1781414611\n|move|p1a: Haxorus|Outrage|p2a: Heatran\n|-damage|p2a: Heatran|0 fnt\n|faint|p2a: Heatran\n|\n|upkeep\n|\n|t:|1781414615\n|switch|p2a: Glastrier|Glastrier, L86|277/311\n|turn|25\n|\n|t:|1781414617\n|move|p1a: Haxorus|Outrage|p2a: Glastrier|[from] lockedmove\n|-crit|p2a: Glastrier\n|-damage|p2a: Glastrier|33/311\n|move|p2a: Glastrier|Icicle Crash|p1a: Haxorus\n|-supereffective|p1a: Haxorus\n|-damage|p1a: Haxorus|0 fnt\n|faint|p1a: Haxorus\n|-ability|p2a: Glastrier|Chilling Neigh|boost\n|-boost|p2a: Glastrier|atk|1\n|\n|upkeep\n|\n|t:|1781414621\n|switch|p1a: Cyclizar|Cyclizar, L83, F|210/252\n|turn|26\n|\n|t:|1781414623\n|move|p1a: Cyclizar|Knock Off|p2a: Glastrier\n|-damage|p2a: Glastrier|0 fnt\n|-enditem|p2a: Glastrier|Choice Band|[from] move: Knock Off|[of] p1a: Cyclizar\n|faint|p2a: Glastrier\n|\n|upkeep\n|\n|t:|1781414626\n|switch|p2a: Raging Bolt|Raging Bolt, L78|323/323\n|turn|27\n|\n|t:|1781414629\n|-terastallize|p1a: Cyclizar|Steel\n|move|p1a: Cyclizar|Draco Meteor|p2a: Raging Bolt|[miss]\n|-miss|p1a: Cyclizar|p2a: Raging Bolt\n|move|p2a: Raging Bolt|Draco Meteor|p1a: Cyclizar\n|-resisted|p1a: Cyclizar\n|-damage|p1a: Cyclizar|109/252\n|-unboost|p2a: Raging Bolt|spa|2\n|\n|upkeep\n|turn|28\n|\n|t:|1781414637\n|move|p1a: Cyclizar|Draco Meteor|p2a: Raging Bolt\n|-supereffective|p2a: Raging Bolt\n|-damage|p2a: Raging Bolt|81/323\n|-unboost|p1a: Cyclizar|spa|2\n|move|p2a: Raging Bolt|Thunderbolt|p1a: Cyclizar\n|-damage|p1a: Cyclizar|33/252\n|\n|-heal|p2a: Raging Bolt|101/323|[from] item: Leftovers\n|upkeep\n|turn|29\n|\n|t:|1781414640\n|move|p1a: Cyclizar|Knock Off|p2a: Raging Bolt\n|-damage|p2a: Raging Bolt|32/323\n|-enditem|p2a: Raging Bolt|Leftovers|[from] move: Knock Off|[of] p1a: Cyclizar\n|move|p2a: Raging Bolt|Thunderbolt|p1a: Cyclizar\n|-damage|p1a: Cyclizar|0 fnt\n|faint|p1a: Cyclizar\n|\n|win|fashionstar510\n", "inputlog": ">version a8376a258c1d4662feba110a92103f3664a72141\n>start {\"formatid\":\"gen9randombattle\",\"seed\":\"sodium,0349e61498fdb5a3a813af846c677d7b\",\"rated\":\"Rated battle\"}\n>player p1 {\"name\":\"whisperwyrm\",\"avatar\":\"170\",\"rating\":2215,\"seed\":\"sodium,16335b76e14e3808b4d22951f29630b6\"}\n>player p2 {\"name\":\"fashionstar510\",\"avatar\":\"266\",\"rating\":2247,\"seed\":\"sodium,1b2e00730a0d4e90ba1d1962473ee395\"}\n>p1 switch 2\n>p2 move moonblast\n>p1 move shellsmash\n>p2 move moonblast\n>p1 move acrobatics\n>p2 move encore\n>p1 move shellsmash\n>p2 move substitute\n>p1 switch 3\n>p2 move moonblast\n>p1 move gunkshot\n>p2 move moonblast\n>p1 move gunkshot\n>p2 move substitute\n>p1 move gunkshot\n>p2 move substitute\n>p1 move gunkshot\n>p2 move substitute\n>p1 move gunkshot\n>p2 move substitute\n>p1 move gunkshot\n>p2 move moonblast\n>p1 switch 4\n>p1 move rapidspin\n>p2 switch 2\n>p1 move shedtail\n>p2 move iciclecrash\n>p1 switch 5\n>p1 move bulkup\n>p2 switch 3\n>p1 move knockoff\n>p2 move coil\n>p1 move bulkup\n>p2 move gunkshot\n>p1 move knockoff\n>p2 move gunkshot\n>p1 move drainpunch\n>p2 move gunkshot\n>p2 switch 2\n>p1 move drainpunch\n>p2 move moonblast\n>p1 switch 6\n>p1 move avalanche\n>p2 move moonblast\n>p2 switch 6\n>p1 move bodypress\n>p2 move earthpower\n>p1 switch 3\n>p1 move powergem\n>p2 move heavyslam\n>p1 switch 2\n>p1 move dragondance\n>p2 move heavyslam terastallize\n>p1 move outrage\n>p2 move heavyslam\n>p2 switch 3\n>p1 move outrage\n>p2 move iciclecrash\n>p1 switch 5\n>p1 move knockoff\n>p2 move iciclecrash\n>p2 switch 4\n>p1 move dracometeor terastallize\n>p2 move dracometeor\n>p1 move dracometeor\n>p2 move thunderbolt\n>p1 move knockoff\n>p2 move thunderbolt", "uploadtime": 1781414314, "views": 4, "formatid": "gen9randombattle", "rating": null, "private": 0, "password": null}