{"id": "gen9randombattle-2632000603", "format": "[Gen 9] Random Battle", "players": ["umokritar", "dirbo"], "log": "|j|\u2606umokritar\n|j|\u2606dirbo\n|t:|1781464551\n|gametype|singles\n|player|p1|umokritar|acetrainer-gen4dp|1653\n|player|p2|dirbo|2|1653\n|gen|9\n|tier|[Gen 9] Random Battle\n|rated|\n|rule|Species Clause: Limit one of each Pok\u00e9mon\n|rule|HP Percentage Mod: HP is shown in percentages\n|rule|Sleep Clause Mod: Limit one foe put to sleep\n|rule|Illusion Level Mod: Illusion disguises the Pok\u00e9mon's true level\n|\n|t:|1781464551\n|teamsize|p1|6\n|teamsize|p2|6\n|start\n|switch|p1a: Torkoal|Torkoal, L88, F|266/266\n|switch|p2a: Rhydon|Rhydon, L85, F|317/317\n|-weather|SunnyDay|[from] ability: Drought|[of] p1a: Torkoal\n|turn|1\n|inactive|Battle timer is ON: inactive players will automatically lose when time's up. (requested by umokritar)\n|\n|t:|1781464568\n|switch|p2a: Zebstrika|Zebstrika, L87, M|272/272\n|move|p1a: Torkoal|Solar Beam||[still]\n|-prepare|p1a: Torkoal|Solar Beam\n|-anim|p1a: Torkoal|Solar Beam|p2a: Zebstrika\n|-ability|p2a: Zebstrika|Sap Sipper|boost\n|-boost|p2a: Zebstrika|atk|1\n|\n|-weather|SunnyDay|[upkeep]\n|upkeep\n|turn|2\n|\n|t:|1781464579\n|move|p2a: Zebstrika|Volt Switch|p1a: Torkoal\n|-damage|p1a: Torkoal|167/266\n|-damage|p2a: Zebstrika|245/272|[from] item: Life Orb\n|\n|t:|1781464589\n|switch|p2a: Rotom|Rotom-Wash, L82|216/216|[from] Volt Switch\n|move|p1a: Torkoal|Earthquake|p2a: Rotom\n|-immune|p2a: Rotom|[from] ability: Levitate\n|\n|-weather|SunnyDay|[upkeep]\n|upkeep\n|turn|3\n|\n|t:|1781464599\n|move|p2a: Rotom|Volt Switch|p1a: Torkoal\n|-damage|p1a: Torkoal|74/266\n|\n|t:|1781464605\n|switch|p2a: Zebstrika|Zebstrika, L87, M|245/272|[from] Volt Switch\n|move|p1a: Torkoal|Solar Beam||[still]\n|-prepare|p1a: Torkoal|Solar Beam\n|-anim|p1a: Torkoal|Solar Beam|p2a: Zebstrika\n|-ability|p2a: Zebstrika|Sap Sipper|boost\n|-boost|p2a: Zebstrika|atk|1\n|\n|-weather|SunnyDay|[upkeep]\n|upkeep\n|turn|4\n|\n|t:|1781464616\n|move|p2a: Zebstrika|Volt Switch|p1a: Torkoal\n|-crit|p1a: Torkoal\n|-damage|p1a: Torkoal|0 fnt\n|faint|p1a: Torkoal\n|-damage|p2a: Zebstrika|218/272|[from] item: Life Orb\n|\n|t:|1781464622\n|switch|p2a: Rhydon|Rhydon, L85, F|317/317|[from] Volt Switch\n|\n|-weather|SunnyDay|[upkeep]\n|upkeep\n|\n|t:|1781464625\n|switch|p1a: Victreebel|Victreebel, L90, M|290/290\n|turn|5\n|\n|t:|1781464643\n|move|p1a: Victreebel|Power Whip|p2a: Rhydon\n|-supereffective|p2a: Rhydon\n|-damage|p2a: Rhydon|0 fnt\n|faint|p2a: Rhydon\n|-damage|p1a: Victreebel|261/290|[from] item: Life Orb\n|\n|-weather|none\n|upkeep\n|inactive|dirbo has 120 seconds left.\n|\n|t:|1781464664\n|switch|p2a: Veluza|Veluza, L85, F|292/292\n|turn|6\n|inactive|dirbo has 120 seconds left.\n|\n|t:|1781464675\n|switch|p1a: Bisharp|Bisharp, L79, F|232/232\n|move|p2a: Veluza|Psycho Cut|p1a: Bisharp\n|-immune|p1a: Bisharp\n|\n|upkeep\n|turn|7\n|\n|t:|1781464685\n|switch|p2a: Gothitelle|Gothitelle, L90, M|272/272\n|move|p1a: Bisharp|Throat Chop|p2a: Gothitelle\n|-supereffective|p2a: Gothitelle\n|-damage|p2a: Gothitelle|110/272\n|-start|p2a: Gothitelle|Throat Chop|[silent]\n|\n|-heal|p2a: Gothitelle|127/272|[from] item: Leftovers\n|upkeep\n|turn|8\n|\n|t:|1781464690\n|move|p2a: Gothitelle|Focus Blast|p1a: Bisharp|[miss]\n|-miss|p2a: Gothitelle|p1a: Bisharp\n|move|p1a: Bisharp|Throat Chop|p2a: Gothitelle\n|-supereffective|p2a: Gothitelle\n|-damage|p2a: Gothitelle|0 fnt\n|faint|p2a: Gothitelle\n|\n|upkeep\n|-message|dirbo forfeited.\n|\n|win|umokritar\n|raw|umokritar's rating: 1653 &rarr; <strong>1673</strong><br />(+20 for winning)\n|raw|dirbo's rating: 1653 &rarr; <strong>1633</strong><br />(-20 for losing)\n|l|\u2606dirbo\n|player|p2|\n", "inputlog": ">version a8376a258c1d4662feba110a92103f3664a72141\n>start {\"formatid\":\"gen9randombattle\",\"seed\":\"sodium,4d8e7f2feb5e4f84e23f25e9407767c9\",\"rated\":\"Rated battle\"}\n>player p1 {\"name\":\"umokritar\",\"avatar\":\"acetrainer-gen4dp\",\"rating\":1653,\"seed\":\"sodium,35fd38a747610bdc200a540dcb4a4d2f\"}\n>player p2 {\"name\":\"dirbo\",\"avatar\":\"2\",\"rating\":1653,\"seed\":\"sodium,608bf3145aa44cd22cb1610dffd27d2b\"}\n>p1 move solarbeam\n>p2 switch 3\n>p1 move earthquake\n>p2 move voltswitch\n>p2 switch 5\n>p1 move solarbeam\n>p2 move voltswitch\n>p2 switch 5\n>p1 move yawn\n>p2 move voltswitch\n>p2 switch 3\n>p1 switch 4\n>p1 move powerwhip\n>p2 move stealthrock\n>p2 switch 6\n>p1 switch 3\n>p2 move psychocut\n>p1 move throatchop\n>p2 switch 4\n>p1 move throatchop\n>p2 move focusblast\n>forcelose p2", "uploadtime": 1781464699, "views": 6, "formatid": "gen9randombattle", "rating": 1633, "private": 0, "password": null}