{"id": "gen9randombattle-2631508539", "format": "[Gen 9] Random Battle", "players": ["Jefejenaro", "Undertaker67"], "log": "|j|\u2606Jefejenaro\n|j|\u2606Undertaker67\n|t:|1781394145\n|gametype|singles\n|player|p1|Jefejenaro|wallace|1999\n|player|p2|Undertaker67|n|1983\n|gen|9\n|tier|[Gen 9] Random Battle\n|rated|\n|rule|Species Clause: Limit one of each Pok\u00e9mon\n|rule|HP Percentage Mod: HP is shown in percentages\n|rule|Sleep Clause Mod: Limit one foe put to sleep\n|rule|Illusion Level Mod: Illusion disguises the Pok\u00e9mon's true level\n|\n|t:|1781394145\n|teamsize|p1|6\n|teamsize|p2|6\n|start\n|switch|p1a: Klawf|Klawf, L90, M|272/272\n|switch|p2a: Cobalion|Cobalion, L80|277/277\n|turn|1\n|inactive|Battle timer is ON: inactive players will automatically lose when time's up. (requested by Undertaker67)\n|\n|t:|1781394156\n|switch|p1a: Houndstone|Houndstone, L86, F|264/264\n|move|p2a: Cobalion|Calm Mind|p2a: Cobalion\n|-boost|p2a: Cobalion|spa|1\n|-boost|p2a: Cobalion|spd|1\n|\n|upkeep\n|turn|2\n|\n|t:|1781394182\n|move|p2a: Cobalion|Calm Mind|p2a: Cobalion\n|-boost|p2a: Cobalion|spa|1\n|-boost|p2a: Cobalion|spd|1\n|move|p1a: Houndstone|Body Press|p2a: Cobalion\n|-supereffective|p2a: Cobalion\n|-damage|p2a: Cobalion|175/277\n|\n|-heal|p2a: Cobalion|192/277|[from] item: Leftovers\n|upkeep\n|turn|3\n|\n|t:|1781394194\n|-terastallize|p2a: Cobalion|Ghost\n|move|p2a: Cobalion|Flash Cannon|p1a: Houndstone\n|-damage|p1a: Houndstone|137/264\n|move|p1a: Houndstone|Body Press|p2a: Cobalion\n|-immune|p2a: Cobalion\n|\n|-heal|p2a: Cobalion|209/277|[from] item: Leftovers\n|-heal|p1a: Houndstone|153/264|[from] item: Leftovers\n|upkeep\n|turn|4\n|inactive|Undertaker67 has 120 seconds left.\n|\n|t:|1781394233\n|switch|p2a: Forretress|Forretress, L84, M|263/263\n|move|p1a: Houndstone|Poltergeist|p2a: Forretress|[miss]\n|-miss|p1a: Houndstone|p2a: Forretress\n|\n|-heal|p1a: Houndstone|169/264|[from] item: Leftovers\n|upkeep\n|turn|5\n|inactive|Jefejenaro has 120 seconds left.\n|\n|t:|1781394265\n|move|p1a: Houndstone|Poltergeist|p2a: Forretress|[miss]\n|-miss|p1a: Houndstone|p2a: Forretress\n|move|p2a: Forretress|Stealth Rock|p1a: Houndstone\n|-sidestart|p1: Jefejenaro|move: Stealth Rock\n|\n|-heal|p1a: Houndstone|185/264|[from] item: Leftovers\n|upkeep\n|turn|6\n|\n|t:|1781394268\n|move|p1a: Houndstone|Poltergeist|p2a: Forretress|[miss]\n|-miss|p1a: Houndstone|p2a: Forretress\n|move|p2a: Forretress|Spikes|p1a: Houndstone\n|-sidestart|p1: Jefejenaro|Spikes\n|\n|-heal|p1a: Houndstone|201/264|[from] item: Leftovers\n|upkeep\n|turn|7\n|\n|t:|1781394270\n|move|p1a: Houndstone|Poltergeist|p2a: Forretress\n|-activate|p2a: Forretress|move: Poltergeist|Leftovers\n|-damage|p2a: Forretress|170/263\n|move|p2a: Forretress|Spikes|p1a: Houndstone\n|-sidestart|p1: Jefejenaro|Spikes\n|\n|-heal|p1a: Houndstone|217/264|[from] item: Leftovers\n|-heal|p2a: Forretress|186/263|[from] item: Leftovers\n|upkeep\n|turn|8\n|\n|t:|1781394275\n|move|p1a: Houndstone|Body Press|p2a: Forretress\n|-damage|p2a: Forretress|146/263\n|move|p2a: Forretress|Spikes|p1a: Houndstone\n|-sidestart|p1: Jefejenaro|Spikes\n|\n|-heal|p1a: Houndstone|233/264|[from] item: Leftovers\n|-heal|p2a: Forretress|162/263|[from] item: Leftovers\n|upkeep\n|turn|9\n|\n|t:|1781394296\n|switch|p2a: Okidogi|Okidogi, L77, M|262/262\n|move|p1a: Houndstone|Body Press|p2a: Okidogi\n|-resisted|p2a: Okidogi\n|-damage|p2a: Okidogi|237/262\n|\n|-heal|p2a: Okidogi|253/262|[from] item: Leftovers\n|-heal|p1a: Houndstone|249/264|[from] item: Leftovers\n|upkeep\n|turn|10\n|\n|t:|1781394314\n|switch|p1a: Flapple|Flapple, L88, F|266/266\n|-damage|p1a: Flapple|233/266|[from] Stealth Rock\n|-damage|p1a: Flapple|167/266|[from] Spikes\n|move|p2a: Okidogi|Bulk Up|p2a: Okidogi\n|-boost|p2a: Okidogi|atk|1\n|-boost|p2a: Okidogi|def|1\n|\n|-heal|p2a: Okidogi|262/262|[from] item: Leftovers\n|upkeep\n|turn|11\n|\n|t:|1781394322\n|move|p1a: Flapple|Outrage|p2a: Okidogi\n|-damage|p2a: Okidogi|126/262\n|move|p2a: Okidogi|Gunk Shot|p1a: Flapple|[miss]\n|-miss|p2a: Okidogi|p1a: Flapple\n|\n|-heal|p2a: Okidogi|142/262|[from] item: Leftovers\n|upkeep\n|turn|12\n|\n|t:|1781394331\n|move|p1a: Flapple|Outrage|p2a: Okidogi|[from] lockedmove|[miss]\n|-miss|p1a: Flapple|p2a: Okidogi\n|-start|p1a: Flapple|confusion|[fatigue]\n|move|p2a: Okidogi|Gunk Shot|p1a: Flapple\n|-supereffective|p1a: Flapple\n|-damage|p1a: Flapple|0 fnt\n|faint|p1a: Flapple\n|\n|-heal|p2a: Okidogi|158/262|[from] item: Leftovers\n|upkeep\n|\n|t:|1781394343\n|switch|p1a: Avalugg|Avalugg-Hisui, L90, M|317/317\n|turn|13\n|\n|t:|1781394346\n|switch|p2a: Cobalion|Cobalion, L80, tera:Ghost|209/277\n|-terastallize|p1a: Avalugg|Poison\n|move|p1a: Avalugg|Avalanche|p2a: Cobalion\n|-damage|p2a: Cobalion|142/277\n|\n|-heal|p2a: Cobalion|159/277|[from] item: Leftovers\n|upkeep\n|turn|14\n|\n|t:|1781394356\n|move|p2a: Cobalion|Flash Cannon|p1a: Avalugg\n|-damage|p1a: Avalugg|185/317\n|move|p1a: Avalugg|Stone Edge|p2a: Cobalion|[miss]\n|-miss|p1a: Avalugg|p2a: Cobalion\n|\n|-heal|p2a: Cobalion|176/277|[from] item: Leftovers\n|upkeep\n|turn|15\n|\n|t:|1781394366\n|switch|p1a: Houndstone|Houndstone, L86, F|249/264\n|-damage|p1a: Houndstone|216/264|[from] Stealth Rock\n|-damage|p1a: Houndstone|150/264|[from] Spikes\n|move|p2a: Cobalion|Flash Cannon|p1a: Houndstone\n|-damage|p1a: Houndstone|77/264\n|-unboost|p1a: Houndstone|spd|1\n|\n|-heal|p2a: Cobalion|193/277|[from] item: Leftovers\n|-heal|p1a: Houndstone|93/264|[from] item: Leftovers\n|upkeep\n|turn|16\n|\n|t:|1781394375\n|switch|p1a: Avalugg|Avalugg-Hisui, L90, M, tera:Poison|185/317\n|move|p2a: Cobalion|Flash Cannon|p1a: Avalugg\n|-damage|p1a: Avalugg|65/317\n|\n|-heal|p2a: Cobalion|210/277|[from] item: Leftovers\n|upkeep\n|turn|17\n|\n|t:|1781394380\n|move|p2a: Cobalion|Flash Cannon|p1a: Avalugg\n|-damage|p1a: Avalugg|0 fnt\n|faint|p1a: Avalugg\n|\n|-heal|p2a: Cobalion|227/277|[from] item: Leftovers\n|upkeep\n|\n|t:|1781394395\n|switch|p1a: Morpeko|Morpeko, L88, F|245/245\n|turn|18\n|\n|t:|1781394403\n|move|p1a: Morpeko|Protect|p1a: Morpeko\n|-singleturn|p1a: Morpeko|Protect\n|move|p2a: Cobalion|Aura Sphere|p1a: Morpeko\n|-activate|p1a: Morpeko|move: Protect\n|\n|-heal|p2a: Cobalion|244/277|[from] item: Leftovers\n|-formechange|p1a: Morpeko|Morpeko-Hangry||[from] ability: Hunger Switch\n|upkeep\n|turn|19\n|\n|t:|1781394432\n|move|p1a: Morpeko|Aura Wheel|p2a: Cobalion\n|-supereffective|p2a: Cobalion\n|-damage|p2a: Cobalion|58/277\n|-boost|p1a: Morpeko|spe|1\n|-ability|p2a: Cobalion|Justified|boost\n|-boost|p2a: Cobalion|atk|1\n|move|p2a: Cobalion|Aura Sphere|p1a: Morpeko\n|-supereffective|p1a: Morpeko\n|-damage|p1a: Morpeko|45/245\n|\n|-heal|p2a: Cobalion|75/277|[from] item: Leftovers\n|-formechange|p1a: Morpeko|Morpeko||[from] ability: Hunger Switch\n|upkeep\n|turn|20\n|\n|t:|1781394437\n|move|p2a: Cobalion|Vacuum Wave|p1a: Morpeko\n|-supereffective|p1a: Morpeko\n|-damage|p1a: Morpeko|0 fnt\n|faint|p1a: Morpeko\n|\n|-heal|p2a: Cobalion|92/277|[from] item: Leftovers\n|upkeep\n|\n|t:|1781394441\n|switch|p1a: Quaquaval|Quaquaval, L79, M|264/264\n|-damage|p1a: Quaquaval|248/264|[from] Stealth Rock\n|-damage|p1a: Quaquaval|182/264|[from] Spikes\n|turn|21\n|\n|t:|1781394454\n|move|p2a: Cobalion|Aura Sphere|p1a: Quaquaval\n|-damage|p1a: Quaquaval|92/264\n|move|p1a: Quaquaval|Aqua Step|p2a: Cobalion\n|-damage|p2a: Cobalion|20/277\n|-boost|p1a: Quaquaval|spe|1\n|\n|-heal|p1a: Quaquaval|108/264|[from] item: Leftovers\n|-heal|p2a: Cobalion|37/277|[from] item: Leftovers\n|upkeep\n|turn|22\n|\n|t:|1781394464\n|move|p2a: Cobalion|Vacuum Wave|p1a: Quaquaval\n|-damage|p1a: Quaquaval|66/264\n|move|p1a: Quaquaval|Swords Dance|p1a: Quaquaval\n|-boost|p1a: Quaquaval|atk|2\n|\n|-heal|p1a: Quaquaval|82/264|[from] item: Leftovers\n|-heal|p2a: Cobalion|54/277|[from] item: Leftovers\n|upkeep\n|turn|23\n|\n|t:|1781394469\n|move|p2a: Cobalion|Vacuum Wave|p1a: Quaquaval\n|-damage|p1a: Quaquaval|40/264\n|move|p1a: Quaquaval|Aqua Step|p2a: Cobalion\n|-damage|p2a: Cobalion|0 fnt\n|-boost|p1a: Quaquaval|spe|1\n|faint|p2a: Cobalion\n|-ability|p1a: Quaquaval|Moxie|boost\n|-boost|p1a: Quaquaval|atk|1\n|\n|-heal|p1a: Quaquaval|56/264|[from] item: Leftovers\n|upkeep\n|inactive|Undertaker67 has 120 seconds left.\n|inactive|Undertaker67 has 90 seconds left.\n|\n|t:|1781394534\n|switch|p2a: Stonjourner|Stonjourner, L91, M|330/330\n|turn|24\n|\n|t:|1781394559\n|move|p1a: Quaquaval|Aqua Step|p2a: Stonjourner\n|-supereffective|p2a: Stonjourner\n|-damage|p2a: Stonjourner|30/330\n|-boost|p1a: Quaquaval|spe|1\n|move|p2a: Stonjourner|Earthquake|p1a: Quaquaval\n|-damage|p1a: Quaquaval|0 fnt\n|faint|p1a: Quaquaval\n|-damage|p2a: Stonjourner|0 fnt|[from] item: Life Orb\n|faint|p2a: Stonjourner\n|\n|upkeep\n|\n|t:|1781394567\n|switch|p1a: Klawf|Klawf, L90, M|272/272\n|switch|p2a: Donphan|Donphan, L84, F|288/288\n|-damage|p1a: Klawf|238/272|[from] Stealth Rock\n|-damage|p1a: Klawf|170/272|[from] Spikes\n|turn|25\n|\n|t:|1781394570\n|move|p1a: Klawf|Crabhammer|p2a: Donphan\n|-supereffective|p2a: Donphan\n|-damage|p2a: Donphan|109/288\n|-damage|p1a: Klawf|143/272|[from] item: Life Orb\n|move|p2a: Donphan|Earthquake|p1a: Klawf\n|-supereffective|p1a: Klawf\n|-damage|p1a: Klawf|0 fnt\n|faint|p1a: Klawf\n|\n|upkeep\n|-message|Jefejenaro forfeited.\n|\n|win|Undertaker67\n", "inputlog": ">version a8376a258c1d4662feba110a92103f3664a72141\n>start {\"formatid\":\"gen9randombattle\",\"seed\":\"sodium,8c8a3cc0bd6786263334590056deb20d\",\"rated\":\"Rated battle\"}\n>player p1 {\"name\":\"Jefejenaro\",\"avatar\":\"wallace\",\"rating\":1999,\"seed\":\"sodium,bc0ede30f92be5fa3df36edb73893125\"}\n>player p2 {\"name\":\"Undertaker67\",\"avatar\":\"n\",\"rating\":1983,\"seed\":\"sodium,c668ad8ba535192d29c892cb3f470564\"}\n>p1 switch 5\n>p2 move calmmind\n>p1 move bodypress\n>p2 move calmmind\n>p1 move bodypress\n>p2 move flashcannon terastallize\n>p1 move poltergeist\n>p2 switch 4\n>p1 move poltergeist\n>p2 move stealthrock\n>p1 move poltergeist\n>p2 move spikes\n>p1 move poltergeist\n>p2 move spikes\n>p1 move bodypress\n>p2 move spikes\n>p1 move bodypress\n>p2 switch 3\n>p1 switch 6\n>p2 move bulkup\n>p1 move outrage\n>p2 move gunkshot\n>p1 move outrage\n>p2 move gunkshot\n>p1 switch 4\n>p1 move avalanche terastallize\n>p2 switch 4\n>p1 move stoneedge\n>p2 move flashcannon\n>p1 switch 6\n>p2 move flashcannon\n>p1 switch 6\n>p2 move flashcannon\n>p1 move stoneedge\n>p2 move flashcannon\n>p1 switch 2\n>p1 move protect\n>p2 move aurasphere\n>p1 move aurawheel\n>p2 move aurasphere\n>p1 move aurawheel\n>p2 move vacuumwave\n>p1 switch 3\n>p1 move aquastep\n>p2 move aurasphere\n>p1 move swordsdance\n>p2 move vacuumwave\n>p1 move aquastep\n>p2 move vacuumwave\n>p2 switch 2\n>p1 move aquastep\n>p2 move earthquake\n>p1 switch 5\n>p2 switch 6\n>p1 move crabhammer\n>p2 move earthquake\n>forcelose p1", "uploadtime": 1781394148, "views": 4, "formatid": "gen9randombattle", "rating": null, "private": 0, "password": null}