{"id": "gen9randombattle-2631920046", "format": "[Gen 9] Random Battle", "players": ["vickty", "DEVILICEMIN"], "log": "|j|\u2606vickty\n|j|\u2606DEVILICEMIN\n|t:|1781455701\n|gametype|singles\n|player|p1|vickty|101|2078\n|player|p2|DEVILICEMIN|265|2049\n|gen|9\n|tier|[Gen 9] Random Battle\n|rated|\n|rule|Species Clause: Limit one of each Pok\u00e9mon\n|rule|HP Percentage Mod: HP is shown in percentages\n|rule|Sleep Clause Mod: Limit one foe put to sleep\n|rule|Illusion Level Mod: Illusion disguises the Pok\u00e9mon's true level\n|\n|t:|1781455701\n|teamsize|p1|6\n|teamsize|p2|6\n|start\n|switch|p1a: Mienshao|Mienshao, L83, M|243/243\n|switch|p2a: Mimikyu|Mimikyu, L79, M|216/216\n|turn|1\n|\n|t:|1781455707\n|move|p1a: Mienshao|U-turn|p2a: Mimikyu\n|-activate|p2a: Mimikyu|ability: Disguise\n|-damage|p2a: Mimikyu|216/216\n|detailschange|p2a: Mimikyu|Mimikyu-Busted, L79, M\n|-damage|p2a: Mimikyu|189/216|[from] pokemon: Mimikyu-Busted\n|\n|t:|1781455711\n|switch|p1a: Avalugg|Avalugg, L88, F|310/310|[from] U-turn\n|move|p2a: Mimikyu|Swords Dance|p2a: Mimikyu\n|-boost|p2a: Mimikyu|atk|2\n|\n|upkeep\n|turn|2\n|\n|t:|1781455719\n|move|p2a: Mimikyu|Drain Punch|p1a: Avalugg\n|-supereffective|p1a: Avalugg\n|-damage|p1a: Avalugg|180/310\n|-heal|p2a: Mimikyu|216/216|[from] drain|[of] p1a: Avalugg\n|-damage|p2a: Mimikyu|195/216|[from] item: Life Orb\n|move|p1a: Avalugg|Avalanche|p2a: Mimikyu\n|-damage|p2a: Mimikyu|0 fnt\n|faint|p2a: Mimikyu\n|\n|upkeep\n|inactive|Battle timer is ON: inactive players will automatically lose when time's up. (requested by vickty)\n|\n|t:|1781455738\n|switch|p2a: Lilligant|Lilligant, L86, F|261/261\n|turn|3\n|\n|t:|1781455749\n|switch|p1a: Dipplin|Dipplin, L88, F|284/284\n|move|p2a: Lilligant|Sleep Powder|p1a: Dipplin\n|-immune|p1a: Dipplin\n|\n|upkeep\n|turn|4\n|\n|t:|1781455756\n|move|p2a: Lilligant|Quiver Dance|p2a: Lilligant\n|-boost|p2a: Lilligant|spa|1\n|-boost|p2a: Lilligant|spd|1\n|-boost|p2a: Lilligant|spe|1\n|move|p1a: Dipplin|Dragon Pulse|p2a: Lilligant\n|-damage|p2a: Lilligant|186/261\n|\n|upkeep\n|turn|5\n|\n|t:|1781455760\n|move|p2a: Lilligant|Alluring Voice|p1a: Dipplin\n|-supereffective|p1a: Dipplin\n|-damage|p1a: Dipplin|118/284\n|-damage|p2a: Lilligant|160/261|[from] item: Life Orb\n|move|p1a: Dipplin|Dragon Pulse|p2a: Lilligant\n|-damage|p2a: Lilligant|84/261\n|\n|upkeep\n|turn|6\n|\n|t:|1781455775\n|-terastallize|p1a: Dipplin|Steel\n|move|p2a: Lilligant|Alluring Voice|p1a: Dipplin\n|-resisted|p1a: Dipplin\n|-damage|p1a: Dipplin|74/284\n|-damage|p2a: Lilligant|58/261|[from] item: Life Orb\n|move|p1a: Dipplin|Dragon Pulse|p2a: Lilligant\n|-damage|p2a: Lilligant|0 fnt\n|faint|p2a: Lilligant\n|\n|upkeep\n|\n|t:|1781455784\n|switch|p2a: Sandslash|Sandslash, L89, F|278/278\n|turn|7\n|\n|t:|1781455806\n|switch|p1a: Avalugg|Avalugg, L88, F|180/310\n|move|p2a: Sandslash|Earthquake|p1a: Avalugg\n|-damage|p1a: Avalugg|110/310\n|\n|upkeep\n|turn|8\n|\n|t:|1781455827\n|move|p2a: Sandslash|Stone Edge|p1a: Avalugg|[miss]\n|-miss|p2a: Sandslash|p1a: Avalugg\n|move|p1a: Avalugg|Recover|p1a: Avalugg\n|-heal|p1a: Avalugg|265/310\n|\n|upkeep\n|turn|9\n|\n|t:|1781455831\n|move|p2a: Sandslash|Swords Dance|p2a: Sandslash\n|-boost|p2a: Sandslash|atk|2\n|move|p1a: Avalugg|Avalanche|p2a: Sandslash\n|-supereffective|p2a: Sandslash\n|-damage|p2a: Sandslash|144/278\n|\n|-heal|p2a: Sandslash|161/278|[from] item: Leftovers\n|upkeep\n|turn|10\n|\n|t:|1781455833\n|move|p2a: Sandslash|Stone Edge|p1a: Avalugg\n|-supereffective|p1a: Avalugg\n|-damage|p1a: Avalugg|93/310\n|move|p1a: Avalugg|Avalanche|p2a: Sandslash\n|-supereffective|p2a: Sandslash\n|-damage|p2a: Sandslash|0 fnt\n|faint|p2a: Sandslash\n|\n|upkeep\n|\n|t:|1781455838\n|switch|p2a: Slowbro|Slowbro-Galar, L87, F|307/307\n|turn|11\n|\n|t:|1781455843\n|switch|p1a: Iron Boulder|Iron Boulder, L77|265/265\n|-enditem|p1a: Iron Boulder|Booster Energy\n|-activate|p1a: Iron Boulder|ability: Quark Drive|[fromitem]\n|-start|p1a: Iron Boulder|quarkdrivespe\n|move|p2a: Slowbro|Trick Room|p2a: Slowbro\n|-fieldstart|move: Trick Room|[of] p2a: Slowbro\n|\n|upkeep\n|turn|12\n|\n|t:|1781455849\n|switch|p2a: Snorlax|Snorlax, L82, F|397/397\n|move|p1a: Iron Boulder|Mighty Cleave|p2a: Snorlax\n|-damage|p2a: Snorlax|273/397\n|\n|-heal|p2a: Snorlax|297/397|[from] item: Leftovers\n|upkeep\n|turn|13\n|\n|t:|1781455861\n|move|p2a: Snorlax|Earthquake|p1a: Iron Boulder\n|-supereffective|p1a: Iron Boulder\n|-damage|p1a: Iron Boulder|103/265\n|move|p1a: Iron Boulder|Close Combat|p2a: Snorlax\n|-supereffective|p2a: Snorlax\n|-damage|p2a: Snorlax|87/397\n|-unboost|p1a: Iron Boulder|def|1\n|-unboost|p1a: Iron Boulder|spd|1\n|\n|-heal|p2a: Snorlax|111/397|[from] item: Leftovers\n|upkeep\n|turn|14\n|\n|t:|1781455871\n|-end|p1a: Iron Boulder|Quark Drive|[silent]\n|switch|p1a: Slaking|Slaking, L84, F|389/389\n|move|p2a: Snorlax|Earthquake|p1a: Slaking\n|-damage|p1a: Slaking|316/389\n|\n|-heal|p2a: Snorlax|135/397|[from] item: Leftovers\n|upkeep\n|turn|15\n|\n|t:|1781455878\n|move|p2a: Snorlax|Body Slam|p1a: Slaking\n|-damage|p1a: Slaking|231/389\n|move|p1a: Slaking|Earthquake|p2a: Snorlax\n|-damage|p2a: Snorlax|0 fnt\n|faint|p2a: Snorlax\n|\n|-fieldend|move: Trick Room\n|upkeep\n|\n|t:|1781455882\n|switch|p2a: Slowbro|Slowbro-Galar, L87, F|307/307\n|turn|16\n|\n|t:|1781455898\n|switch|p1a: Dipplin|Dipplin, L88, F, tera:Steel|74/284\n|move|p2a: Slowbro|Trick Room|p2a: Slowbro\n|-fieldstart|move: Trick Room|[of] p2a: Slowbro\n|\n|upkeep\n|turn|17\n|\n|t:|1781455902\n|move|p2a: Slowbro|Fire Blast|p1a: Dipplin\n|-supereffective|p1a: Dipplin\n|-damage|p1a: Dipplin|0 fnt\n|faint|p1a: Dipplin\n|-damage|p2a: Slowbro|277/307|[from] item: Life Orb\n|\n|upkeep\n|\n|t:|1781455910\n|switch|p1a: Iron Boulder|Iron Boulder, L77|103/265\n|turn|18\n|\n|t:|1781455920\n|move|p2a: Slowbro|Shell Side Arm|p1a: Iron Boulder|[anim] Shell Side Arm Physical\n|-resisted|p1a: Iron Boulder\n|-damage|p1a: Iron Boulder|29/265\n|-hint|Physical Shell Side Arm\n|-damage|p2a: Slowbro|247/307|[from] item: Life Orb\n|move|p1a: Iron Boulder|Mighty Cleave|p2a: Slowbro\n|-crit|p2a: Slowbro\n|-damage|p2a: Slowbro|109/307\n|\n|upkeep\n|turn|19\n|\n|t:|1781455928\n|move|p2a: Slowbro|Shell Side Arm|p1a: Iron Boulder|[anim] Shell Side Arm Physical\n|-resisted|p1a: Iron Boulder\n|-damage|p1a: Iron Boulder|0 fnt\n|-hint|Physical Shell Side Arm\n|faint|p1a: Iron Boulder\n|-end|p1a: Iron Boulder|Quark Drive|[silent]\n|-damage|p2a: Slowbro|79/307|[from] item: Life Orb\n|\n|upkeep\n|\n|t:|1781455935\n|switch|p1a: Cinccino|Cinccino, L83, F|260/260\n|turn|20\n|\n|t:|1781455940\n|-terastallize|p2a: Slowbro|Psychic\n|move|p2a: Slowbro|Psychic|p1a: Cinccino\n|-damage|p1a: Cinccino|16/260\n|-damage|p2a: Slowbro|49/307|[from] item: Life Orb\n|move|p1a: Cinccino|Tidy Up|p1a: Cinccino\n|-boost|p1a: Cinccino|atk|1\n|-boost|p1a: Cinccino|spe|1\n|\n|-fieldend|move: Trick Room\n|upkeep\n|turn|21\n|\n|t:|1781455947\n|move|p1a: Cinccino|Bullet Seed|p2a: Slowbro\n|-damage|p2a: Slowbro|14/307\n|-damage|p2a: Slowbro|0 fnt\n|faint|p2a: Slowbro\n|-hitcount|p2: Slowbro|2\n|\n|upkeep\n|\n|t:|1781455949\n|switch|p2a: Cryogonal|Cryogonal, L89|287/287\n|turn|22\n|\n|t:|1781455957\n|move|p1a: Cinccino|Tail Slap|p2a: Cryogonal\n|-damage|p2a: Cryogonal|208/287\n|-damage|p2a: Cryogonal|123/287\n|-damage|p2a: Cryogonal|47/287\n|-damage|p2a: Cryogonal|0 fnt\n|faint|p2a: Cryogonal\n|-hitcount|p2: Cryogonal|4\n|\n|win|vickty\n", "inputlog": ">version a8376a258c1d4662feba110a92103f3664a72141\n>start {\"formatid\":\"gen9randombattle\",\"seed\":\"sodium,f2ab7a00eef6a2d1fb636563bc0c320a\",\"rated\":\"Rated battle\"}\n>player p1 {\"name\":\"vickty\",\"avatar\":\"101\",\"rating\":2078,\"seed\":\"sodium,f3346dc2a3a516a8d68e8ea98be52f3a\"}\n>player p2 {\"name\":\"DEVILICEMIN\",\"avatar\":\"265\",\"rating\":2049,\"seed\":\"sodium,61efaf3b28c5792073dfe7e580c9a171\"}\n>p1 move uturn\n>p2 move swordsdance\n>p1 switch 4\n>p1 move avalanche\n>p2 move drainpunch\n>p2 switch 5\n>p1 switch 6\n>p2 move sleeppowder\n>p1 move dragonpulse\n>p2 move quiverdance\n>p1 move dragonpulse\n>p2 move alluringvoice\n>p1 move dragonpulse terastallize\n>p2 move alluringvoice\n>p2 switch 6\n>p1 switch 6\n>p2 move earthquake\n>p1 move recover\n>p2 move stoneedge\n>p1 move avalanche\n>p2 move swordsdance\n>p1 move avalanche\n>p2 move stoneedge\n>p2 switch 4\n>p1 switch 3\n>p2 move trickroom\n>p1 move mightycleave\n>p2 switch 2\n>p1 move closecombat\n>p2 move earthquake\n>p1 switch 2\n>p2 move earthquake\n>p1 move earthquake\n>p2 move bodyslam\n>p2 switch 2\n>p1 switch 6\n>p2 move trickroom\n>p1 move recover\n>p2 move fireblast\n>p1 switch 2\n>p1 move mightycleave\n>p2 move shellsidearm\n>p1 move mightycleave\n>p2 move shellsidearm\n>p1 switch 5\n>p1 move tidyup\n>p2 move psychic terastallize\n>p1 move bulletseed\n>p2 move trickroom\n>p2 switch 3\n>p1 move tailslap\n>p2 move rapidspin", "uploadtime": 1781455703, "views": 5, "formatid": "gen9randombattle", "rating": null, "private": 0, "password": null}