{"id": "gen9randombattle-2631546681", "format": "[Gen 9] Random Battle", "players": ["moritzvb", "Petilil37"], "log": "|j|\u2606moritzvb\n|j|\u203dPetilil37\n|t:|1781399514\n|gametype|singles\n|player|p1|moritzvb|ariana|2125\n|player|p2|Petilil37|266|2099\n|gen|9\n|tier|[Gen 9] Random Battle\n|rated|\n|rule|Species Clause: Limit one of each Pok\u00e9mon\n|rule|HP Percentage Mod: HP is shown in percentages\n|rule|Sleep Clause Mod: Limit one foe put to sleep\n|rule|Illusion Level Mod: Illusion disguises the Pok\u00e9mon's true level\n|\n|t:|1781399514\n|teamsize|p1|6\n|teamsize|p2|6\n|start\n|switch|p1a: Chansey|Chansey, L85, F|564/564\n|switch|p2a: Sandy Shocks|Sandy Shocks, L80|267/267\n|turn|1\n|\n|t:|1781399525\n|move|p2a: Sandy Shocks|Thunder Wave|p1a: Chansey\n|-status|p1a: Chansey|par\n|move|p1a: Chansey|Stealth Rock|p2a: Sandy Shocks\n|-sidestart|p2: Petilil37|move: Stealth Rock\n|\n|upkeep\n|turn|2\n|\n|t:|1781399529\n|move|p2a: Sandy Shocks|Spikes|p1a: Chansey\n|-sidestart|p1: moritzvb|Spikes\n|move|p1a: Chansey|Seismic Toss|p2a: Sandy Shocks\n|-damage|p2a: Sandy Shocks|182/267\n|\n|-heal|p2a: Sandy Shocks|198/267|[from] item: Leftovers\n|upkeep\n|turn|3\n|j| SsjAlyx\n|\n|t:|1781399548\n|-curestatus|p1a: Chansey|par|[from] ability: Natural Cure|[silent]\n|switch|p1a: Lurantis|Lurantis, L87, F|264/264\n|-damage|p1a: Lurantis|231/264|[from] Spikes\n|move|p2a: Sandy Shocks|Spikes|p1a: Lurantis\n|-sidestart|p1: moritzvb|Spikes\n|\n|-heal|p2a: Sandy Shocks|214/267|[from] item: Leftovers\n|upkeep\n|turn|4\n|l| SsjAlyx\n|\n|t:|1781399561\n|-end|p2a: Sandy Shocks|Protosynthesis|[silent]\n|switch|p2a: Chi-Yu|Chi-Yu, L77|211/211\n|-ability|p2a: Chi-Yu|Beads of Ruin\n|move|p1a: Lurantis|Superpower|p2a: Chi-Yu\n|-supereffective|p2a: Chi-Yu\n|-damage|p2a: Chi-Yu|0 fnt\n|-boost|p1a: Lurantis|atk|1\n|-boost|p1a: Lurantis|def|1\n|faint|p2a: Chi-Yu\n|\n|upkeep\n|\n|t:|1781399569\n|switch|p2a: Frosmoth|Frosmoth, L82, F|249/249\n|turn|5\n|\n|t:|1781399577\n|move|p2a: Frosmoth|Ice Beam|p1a: Lurantis\n|-supereffective|p1a: Lurantis\n|-damage|p1a: Lurantis|91/264\n|-status|p1a: Lurantis|frz\n|-curestatus|p1a: Lurantis|frz|[msg]\n|move|p1a: Lurantis|Superpower|p2a: Frosmoth\n|-damage|p2a: Frosmoth|71/249\n|-boost|p1a: Lurantis|atk|1\n|-boost|p1a: Lurantis|def|1\n|\n|upkeep\n|turn|6\n|\n|t:|1781399590\n|move|p2a: Frosmoth|Ice Beam|p1a: Lurantis\n|-supereffective|p1a: Lurantis\n|-damage|p1a: Lurantis|0 fnt\n|faint|p1a: Lurantis\n|\n|upkeep\n|\n|t:|1781399601\n|switch|p1a: Flamigo|Flamigo, L82, M|269/269\n|turn|7\n|\n|t:|1781399608\n|move|p1a: Flamigo|Throat Chop|p2a: Frosmoth\n|-damage|p2a: Frosmoth|0 fnt\n|faint|p2a: Frosmoth\n|-damage|p1a: Flamigo|243/269|[from] item: Life Orb\n|\n|upkeep\n|\n|t:|1781399614\n|switch|p2a: Sandy Shocks|Sandy Shocks, L80|214/267\n|-damage|p2a: Sandy Shocks|198/267|[from] Stealth Rock\n|turn|8\n|\n|t:|1781399628\n|switch|p1a: Chansey|Chansey, L85, F|564/564\n|-damage|p1a: Chansey|470/564|[from] Spikes\n|move|p2a: Sandy Shocks|Thunder Wave|p1a: Chansey\n|-status|p1a: Chansey|par\n|\n|-heal|p2a: Sandy Shocks|214/267|[from] item: Leftovers\n|upkeep\n|turn|9\n|\n|t:|1781399634\n|move|p2a: Sandy Shocks|Spikes|p1a: Chansey\n|-sidestart|p1: moritzvb|Spikes\n|move|p1a: Chansey|Seismic Toss|p2a: Sandy Shocks\n|-damage|p2a: Sandy Shocks|129/267\n|\n|-heal|p2a: Sandy Shocks|145/267|[from] item: Leftovers\n|upkeep\n|turn|10\n|\n|t:|1781399638\n|move|p2a: Sandy Shocks|Earth Power|p1a: Chansey\n|-damage|p1a: Chansey|409/564 par\n|-unboost|p1a: Chansey|spd|1\n|move|p1a: Chansey|Thunder Wave|p2a: Sandy Shocks\n|-immune|p2a: Sandy Shocks\n|\n|-heal|p2a: Sandy Shocks|161/267|[from] item: Leftovers\n|upkeep\n|turn|11\n|\n|t:|1781399641\n|-end|p2a: Sandy Shocks|Protosynthesis|[silent]\n|switch|p2a: Glimmora|Glimmora, L75, M|248/248\n|-damage|p2a: Glimmora|217/248|[from] Stealth Rock\n|move|p1a: Chansey|Seismic Toss|p2a: Glimmora\n|-damage|p2a: Glimmora|132/248\n|-activate|p2a: Glimmora|ability: Toxic Debris\n|-sidestart|p1: moritzvb|move: Toxic Spikes\n|\n|upkeep\n|turn|12\n|\n|t:|1781399646\n|move|p2a: Glimmora|Meteor Beam||[still]\n|-prepare|p2a: Glimmora|Meteor Beam\n|-boost|p2a: Glimmora|spa|1\n|-enditem|p2a: Glimmora|Power Herb\n|-anim|p2a: Glimmora|Meteor Beam|p1a: Chansey\n|-damage|p1a: Chansey|228/564 par\n|move|p1a: Chansey|Seismic Toss|p2a: Glimmora\n|-damage|p2a: Glimmora|47/248\n|-activate|p2a: Glimmora|ability: Toxic Debris\n|-sidestart|p1: moritzvb|move: Toxic Spikes\n|\n|upkeep\n|turn|13\n|\n|t:|1781399649\n|move|p2a: Glimmora|Sludge Wave|p1a: Chansey\n|-damage|p1a: Chansey|87/564 par\n|move|p1a: Chansey|Soft-Boiled|p1a: Chansey\n|-heal|p1a: Chansey|369/564 par\n|\n|upkeep\n|turn|14\n|\n|t:|1781399661\n|move|p2a: Glimmora|Sludge Wave|p1a: Chansey\n|-damage|p1a: Chansey|228/564 par\n|move|p1a: Chansey|Seismic Toss|p2a: Glimmora\n|-damage|p2a: Glimmora|0 fnt\n|faint|p2a: Glimmora\n|\n|upkeep\n|\n|t:|1781399666\n|switch|p2a: Sunflora|Sunflora, F|312/312\n|-damage|p2a: Sunflora|273/312|[from] Stealth Rock\n|turn|15\n|\n|t:|1781399669\n|move|p2a: Sunflora|Leaf Storm|p1a: Chansey\n|-damage|p1a: Chansey|0 fnt\n|-unboost|p2a: Sunflora|spa|2\n|faint|p1a: Chansey\n|\n|upkeep\n|\n|t:|1781399674\n|switch|p1a: Flamigo|Flamigo, L82, M|243/269\n|turn|16\n|\n|t:|1781399679\n|switch|p2a: Gardevoir|Gardevoir, L83, M|249/249\n|-damage|p2a: Gardevoir|218/249|[from] Stealth Rock\n|-ability|p2a: Gardevoir|Scrappy|Trace|[from] ability: Trace|[of] p1a: Flamigo\n|move|p1a: Flamigo|Brave Bird|p2a: Gardevoir\n|-damage|p2a: Gardevoir|2/249\n|-damage|p1a: Flamigo|172/269|[from] Recoil\n|-damage|p1a: Flamigo|146/269|[from] item: Life Orb\n|\n|upkeep\n|turn|17\n|\n|t:|1781399686\n|switch|p1a: Hippowdon|Hippowdon, L82, M|311/311\n|-damage|p1a: Hippowdon|234/311|[from] Spikes\n|-status|p1a: Hippowdon|tox\n|-weather|Sandstorm|[from] ability: Sand Stream|[of] p1a: Hippowdon\n|move|p2a: Gardevoir|Moonblast|p1a: Hippowdon\n|-damage|p1a: Hippowdon|93/311 tox\n|\n|-weather|Sandstorm|[upkeep]\n|-damage|p2a: Gardevoir|0 fnt|[from] Sandstorm\n|faint|p2a: Gardevoir\n|-heal|p1a: Hippowdon|112/311 tox|[from] item: Leftovers\n|-damage|p1a: Hippowdon|93/311 tox|[from] psn\n|upkeep\n|\n|t:|1781399689\n|switch|p2a: Sandy Shocks|Sandy Shocks, L80|161/267\n|-damage|p2a: Sandy Shocks|145/267|[from] Stealth Rock\n|turn|18\n|\n|t:|1781399695\n|switch|p1a: Oinkologne|Oinkologne, L92, M|352/352\n|-damage|p1a: Oinkologne|264/352|[from] Spikes\n|-status|p1a: Oinkologne|tox\n|move|p2a: Sandy Shocks|Earth Power|p1a: Oinkologne\n|-damage|p1a: Oinkologne|156/352 tox\n|\n|-weather|Sandstorm|[upkeep]\n|-damage|p1a: Oinkologne|134/352 tox|[from] Sandstorm\n|-heal|p2a: Sandy Shocks|161/267|[from] item: Leftovers\n|-heal|p1a: Oinkologne|156/352 tox|[from] item: Leftovers\n|-damage|p1a: Oinkologne|134/352 tox|[from] psn\n|upkeep\n|turn|19\n|\n|t:|1781399701\n|-terastallize|p2a: Sandy Shocks|Electric\n|move|p2a: Sandy Shocks|Thunderbolt|p1a: Oinkologne\n|-damage|p1a: Oinkologne|0 fnt\n|faint|p1a: Oinkologne\n|\n|-weather|Sandstorm|[upkeep]\n|-damage|p2a: Sandy Shocks|145/267|[from] Sandstorm\n|-heal|p2a: Sandy Shocks|161/267|[from] item: Leftovers\n|upkeep\n|\n|t:|1781399711\n|switch|p1a: Delphox|Delphox, L84, F|263/263\n|turn|20\n|\n|t:|1781399722\n|-terastallize|p1a: Delphox|Fire\n|move|p1a: Delphox|Fire Blast|p2a: Sandy Shocks\n|-damage|p2a: Sandy Shocks|0 fnt\n|faint|p2a: Sandy Shocks\n|-end|p2a: Sandy Shocks|Protosynthesis|[silent]\n|\n|-weather|Sandstorm|[upkeep]\n|-damage|p1a: Delphox|247/263|[from] Sandstorm\n|upkeep\n|-message|Petilil37 forfeited.\n|\n|win|moritzvb\n", "inputlog": ">version a8376a258c1d4662feba110a92103f3664a72141\n>start {\"formatid\":\"gen9randombattle\",\"seed\":\"sodium,872cacc84d12cc297d11c736d5cc6dc2\",\"rated\":\"Rated battle\"}\n>player p1 {\"name\":\"moritzvb\",\"avatar\":\"ariana\",\"rating\":2125,\"seed\":\"sodium,1e696d82e61f7169662bfbca688dbafd\"}\n>player p2 {\"name\":\"Petilil37\",\"avatar\":\"266\",\"rating\":2099,\"seed\":\"sodium,01ca04ea72a9c3f1c5d87ff95e710c8b\"}\n>p1 move stealthrock\n>p2 move thunderwave\n>p1 move seismictoss\n>p2 move spikes\n>p1 switch 3\n>p2 move spikes\n>p1 move superpower\n>p2 switch 3\n>p2 switch 4\n>p1 move superpower\n>p2 move icebeam\n>p1 move superpower\n>p2 move icebeam\n>p1 switch 2\n>p1 move throatchop\n>p2 move icebeam\n>p2 switch 3\n>p1 switch 3\n>p2 move thunderwave\n>p1 move seismictoss\n>p2 move spikes\n>p1 move thunderwave\n>p2 move earthpower\n>p1 move seismictoss\n>p2 switch 2\n>p1 move seismictoss\n>p2 move meteorbeam\n>p1 move softboiled\n>p2 move sludgewave\n>p1 move seismictoss\n>p2 move sludgewave\n>p2 switch 6\n>p1 move softboiled\n>p2 move leafstorm\n>p1 switch 3\n>p1 move bravebird\n>p2 switch 5\n>p1 switch 5\n>p2 move moonblast\n>p2 switch 2\n>p1 switch 4\n>p2 move earthpower\n>p1 move highhorsepower\n>p2 move thunderbolt terastallize\n>p1 switch 6\n>p1 move fireblast terastallize\n>p2 move thunderwave\n>forcelose p2", "uploadtime": 1781399516, "views": 5, "formatid": "gen9randombattle", "rating": null, "private": 0, "password": null}