{"id": "gen9randombattle-2631786269", "format": "[Gen 9] Random Battle", "players": ["Monkey", "megajynx101"], "log": "|j|\u2606Monkey\n|j|\u2606megajynx101\n|t:|1781439463\n|gametype|singles\n|player|p1|Monkey|#monkey|2037\n|player|p2|megajynx101|blackbelt-gen4dp|2157\n|gen|9\n|tier|[Gen 9] Random Battle\n|rated|\n|rule|Species Clause: Limit one of each Pok\u00e9mon\n|rule|HP Percentage Mod: HP is shown in percentages\n|rule|Sleep Clause Mod: Limit one foe put to sleep\n|rule|Illusion Level Mod: Illusion disguises the Pok\u00e9mon's true level\n|\n|t:|1781439463\n|teamsize|p1|6\n|teamsize|p2|6\n|start\n|switch|p1a: Heracross|Heracross, L80, M|259/259\n|switch|p2a: Lugia|Lugia, L73|275/275\n|turn|1\n|inactive|Battle timer is ON: inactive players will automatically lose when time's up. (requested by Monkey)\n|\n|t:|1781439479\n|switch|p1a: Oricorio|Oricorio-Pom-Pom, L82, F|257/257\n|move|p2a: Lugia|Aeroblast|p1a: Oricorio\n|-resisted|p1a: Oricorio\n|-crit|p1a: Oricorio\n|-damage|p1a: Oricorio|185/257\n|\n|upkeep\n|turn|2\n|\n|t:|1781439492\n|switch|p2a: Hydrapple|Hydrapple, L83, M|312/312\n|move|p1a: Oricorio|Hurricane|p2a: Hydrapple\n|-supereffective|p2a: Hydrapple\n|-damage|p2a: Hydrapple|148/312\n|\n|upkeep\n|turn|3\n|\n|t:|1781439502\n|switch|p2a: Mabosstiff|Mabosstiff, L86, F|278/278\n|move|p1a: Oricorio|Hurricane|p2a: Mabosstiff\n|-damage|p2a: Mabosstiff|140/278\n|\n|upkeep\n|turn|4\n|\n|t:|1781439510\n|switch|p1a: Heracross|Heracross, L80, M|259/259\n|move|p2a: Mabosstiff|Crunch|p1a: Heracross\n|-resisted|p1a: Heracross\n|-damage|p1a: Heracross|138/259\n|\n|upkeep\n|turn|5\n|\n|t:|1781439523\n|switch|p2a: Venomoth|Venomoth, L84, F|255/255\n|move|p1a: Heracross|Stone Edge|p2a: Venomoth\n|-supereffective|p2a: Venomoth\n|-damage|p2a: Venomoth|31/255\n|\n|upkeep\n|turn|6\n|\n|t:|1781439532\n|move|p1a: Heracross|Stone Edge|p2a: Venomoth|[miss]\n|-miss|p1a: Heracross|p2a: Venomoth\n|move|p2a: Venomoth|Sleep Powder|p1a: Heracross\n|-status|p1a: Heracross|slp|[from] move: Sleep Powder\n|\n|upkeep\n|turn|7\n|\n|t:|1781439542\n|switch|p1a: Oricorio|Oricorio-Pom-Pom, L82, F|185/257\n|move|p2a: Venomoth|Quiver Dance|p2a: Venomoth\n|-boost|p2a: Venomoth|spa|1\n|-boost|p2a: Venomoth|spd|1\n|-boost|p2a: Venomoth|spe|1\n|-activate|p1a: Oricorio|ability: Dancer\n|move|p1a: Oricorio|Quiver Dance|p1a: Oricorio|[from] ability: Dancer\n|-boost|p1a: Oricorio|spa|1\n|-boost|p1a: Oricorio|spd|1\n|-boost|p1a: Oricorio|spe|1\n|\n|upkeep\n|turn|8\n|\n|t:|1781439561\n|move|p1a: Oricorio|Revelation Dance|p2a: Venomoth\n|-damage|p2a: Venomoth|0 fnt\n|faint|p2a: Venomoth\n|\n|upkeep\n|inactive|megajynx101 has 120 seconds left.\n|\n|t:|1781439583\n|switch|p2a: Heatran|Heatran, L79, F|273/273\n|-item|p2a: Heatran|Air Balloon\n|turn|9\n|\n|t:|1781439590\n|move|p1a: Oricorio|Revelation Dance|p2a: Heatran\n|-damage|p2a: Heatran|143/273\n|-enditem|p2a: Heatran|Air Balloon\n|move|p2a: Heatran|Magma Storm|p1a: Oricorio\n|-damage|p1a: Oricorio|91/257\n|-activate|p1a: Oricorio|move: Magma Storm|[of] p2a: Heatran\n|\n|-damage|p1a: Oricorio|59/257|[from] move: Magma Storm|[partiallytrapped]\n|upkeep\n|turn|10\n|\n|t:|1781439602\n|move|p1a: Oricorio|Roost|p1a: Oricorio\n|-heal|p1a: Oricorio|188/257\n|-singleturn|p1a: Oricorio|move: Roost\n|move|p2a: Heatran|Earth Power|p1a: Oricorio\n|-supereffective|p1a: Oricorio\n|-damage|p1a: Oricorio|70/257\n|\n|-damage|p1a: Oricorio|38/257|[from] move: Magma Storm|[partiallytrapped]\n|upkeep\n|turn|11\n|\n|t:|1781439614\n|move|p1a: Oricorio|Roost|p1a: Oricorio\n|-heal|p1a: Oricorio|167/257\n|-singleturn|p1a: Oricorio|move: Roost\n|move|p2a: Heatran|Stealth Rock|p1a: Oricorio\n|-sidestart|p1: Monkey|move: Stealth Rock\n|\n|-damage|p1a: Oricorio|135/257|[from] move: Magma Storm|[partiallytrapped]\n|upkeep\n|turn|12\n|inactive|megajynx101 has 120 seconds left.\n|\n|t:|1781439631\n|-terastallize|p2a: Heatran|Flying\n|move|p1a: Oricorio|Quiver Dance|p1a: Oricorio\n|-boost|p1a: Oricorio|spa|1\n|-boost|p1a: Oricorio|spd|1\n|-boost|p1a: Oricorio|spe|1\n|move|p2a: Heatran|Earth Power|p1a: Oricorio\n|-immune|p1a: Oricorio\n|\n|-damage|p1a: Oricorio|103/257|[from] move: Magma Storm|[partiallytrapped]\n|upkeep\n|turn|13\n|inactive|megajynx101 has 120 seconds left.\n|\n|t:|1781439644\n|move|p1a: Oricorio|Roost|p1a: Oricorio\n|-heal|p1a: Oricorio|232/257\n|-singleturn|p1a: Oricorio|move: Roost\n|move|p2a: Heatran|Magma Storm|p1a: Oricorio\n|-damage|p1a: Oricorio|163/257\n|\n|-damage|p1a: Oricorio|131/257|[from] move: Magma Storm|[partiallytrapped]\n|upkeep\n|turn|14\n|\n|t:|1781439653\n|move|p1a: Oricorio|Revelation Dance|p2a: Heatran\n|-supereffective|p2a: Heatran\n|-damage|p2a: Heatran|0 fnt\n|faint|p2a: Heatran\n|\n|-end|p1a: Oricorio|Magma Storm|[partiallytrapped]\n|upkeep\n|\n|t:|1781439662\n|switch|p2a: Hariyama|Hariyama, L87, F|392/392\n|turn|15\n|\n|t:|1781439668\n|move|p2a: Hariyama|Fake Out|p1a: Oricorio\n|-damage|p1a: Oricorio|89/257\n|cant|p1a: Oricorio|flinch\n|\n|-status|p2a: Hariyama|brn|[from] item: Flame Orb\n|upkeep\n|turn|16\n|\n|t:|1781439676\n|move|p1a: Oricorio|Hurricane|p2a: Hariyama\n|-supereffective|p2a: Hariyama\n|-damage|p2a: Hariyama|0 fnt\n|faint|p2a: Hariyama\n|\n|upkeep\n|\n|t:|1781439691\n|switch|p2a: Hydrapple|Hydrapple, L83, M|252/312\n|turn|17\n|\n|t:|1781439696\n|move|p1a: Oricorio|Hurricane|p2a: Hydrapple\n|-supereffective|p2a: Hydrapple\n|-damage|p2a: Hydrapple|0 fnt\n|faint|p2a: Hydrapple\n|\n|upkeep\n|l|\u2606megajynx101\n|inactive|megajynx101 disconnected and has a minute to reconnect!\n|player|p2|\n|c|\u2606Monkey|gg\n|inactive|megajynx101 has 30 seconds to reconnect!\n|inactive|megajynx101 has 20 seconds to reconnect!\n|inactive|megajynx101 has 15 seconds to reconnect!\n|inactive|megajynx101 has 10 seconds to reconnect!\n|inactive|megajynx101 has 5 seconds to reconnect!\n|-message|megajynx101 lost due to inactivity.\n|\n|win|Monkey\n", "inputlog": ">version a8376a258c1d4662feba110a92103f3664a72141\n>start {\"formatid\":\"gen9randombattle\",\"seed\":\"sodium,5bd15fac82510998b1cc4b46738bb5e6\",\"rated\":\"Rated battle\"}\n>player p1 {\"name\":\"Monkey\",\"avatar\":\"#monkey\",\"rating\":2037,\"seed\":\"sodium,2d2d6d3677eedd52ab0bf08e9944bcad\"}\n>player p2 {\"name\":\"megajynx101\",\"avatar\":\"blackbelt-gen4dp\",\"rating\":2157,\"seed\":\"sodium,70e45389660480dff086d7d5bd5ada07\"}\n>p1 switch 2\n>p2 move aeroblast\n>p1 move hurricane\n>p2 switch 5\n>p1 move hurricane\n>p2 switch 2\n>p1 switch 2\n>p2 move crunch\n>p1 move stoneedge\n>p2 switch 4\n>p1 move stoneedge\n>p2 move sleeppowder\n>p1 switch 2\n>p2 move quiverdance\n>p1 move revelationdance\n>p2 move sludgewave\n>p2 switch 6\n>p1 move revelationdance\n>p2 move magmastorm\n>p1 move roost\n>p2 move earthpower\n>p1 move roost\n>p2 move stealthrock\n>p1 move quiverdance\n>p2 move earthpower terastallize\n>p1 move roost\n>p2 move magmastorm\n>p1 move revelationdance\n>p2 move magmastorm\n>p2 switch 3\n>p1 move hurricane\n>p2 move fakeout\n>p1 move hurricane\n>p2 move facade\n>p2 switch 2\n>p1 move hurricane\n>p2 move dragontail\n>chat \u2606Monkey|gg\n>forcelose p2", "uploadtime": 1781439466, "views": 4, "formatid": "gen9randombattle", "rating": null, "private": 0, "password": null}