{"id": "gen9randombattle-2631864566", "format": "[Gen 9] Random Battle", "players": ["IceColdAcer", "Lazzazzala"], "log": "|j|\u2606IceColdAcer\n|j|\u2606Lazzazzala\n|t:|1781449640\n|gametype|singles\n|player|p1|IceColdAcer|acetrainer|2055\n|player|p2|Lazzazzala|1|2023\n|gen|9\n|tier|[Gen 9] Random Battle\n|rated|\n|rule|Species Clause: Limit one of each Pok\u00e9mon\n|rule|HP Percentage Mod: HP is shown in percentages\n|rule|Sleep Clause Mod: Limit one foe put to sleep\n|rule|Illusion Level Mod: Illusion disguises the Pok\u00e9mon's true level\n|\n|t:|1781449640\n|teamsize|p1|6\n|teamsize|p2|6\n|start\n|switch|p1a: Armarouge|Armarouge, L80, M|267/267\n|switch|p2a: Sawsbuck|Sawsbuck-Summer, L88, M|284/284\n|turn|1\n|inactive|Battle timer is ON: inactive players will automatically lose when time's up. (requested by Lazzazzala)\n|\n|t:|1781449654\n|switch|p2a: Dachsbun|Dachsbun, L92, M|254/254\n|move|p1a: Armarouge|Armor Cannon|p2a: Dachsbun\n|-ability|p2a: Dachsbun|Well-Baked Body|boost\n|-boost|p2a: Dachsbun|def|2\n|\n|upkeep\n|turn|2\n|\n|t:|1781449661\n|switch|p1a: Vikavolt|Vikavolt, L83, F|263/263\n|move|p2a: Dachsbun|Yawn|p1a: Vikavolt\n|-start|p1a: Vikavolt|move: Yawn|[of] p2a: Dachsbun\n|\n|upkeep\n|turn|3\n|\n|t:|1781449667\n|switch|p2a: Rayquaza|Rayquaza, L72|270/270\n|-ability|p2a: Rayquaza|Air Lock\n|move|p1a: Vikavolt|Sticky Web|p2a: Rayquaza\n|-sidestart|p2: Lazzazzala|move: Sticky Web\n|\n|-end|p1a: Vikavolt|move: Yawn|[silent]\n|-status|p1a: Vikavolt|slp\n|upkeep\n|turn|4\n|\n|t:|1781449681\n|switch|p1a: Mesprit|Mesprit, L85|275/275\n|move|p2a: Rayquaza|Swords Dance|p2a: Rayquaza\n|-boost|p2a: Rayquaza|atk|2\n|\n|upkeep\n|turn|5\n|\n|t:|1781449687\n|-terastallize|p2a: Rayquaza|Dragon\n|move|p1a: Mesprit|Thunder Wave|p2a: Rayquaza\n|-status|p2a: Rayquaza|par\n|cant|p2a: Rayquaza|par\n|\n|upkeep\n|turn|6\n|\n|t:|1781449696\n|move|p1a: Mesprit|Stealth Rock|p2a: Rayquaza\n|-sidestart|p2: Lazzazzala|move: Stealth Rock\n|cant|p2a: Rayquaza|par\n|\n|upkeep\n|turn|7\n|\n|t:|1781449703\n|move|p1a: Mesprit|Psychic Noise|p2a: Rayquaza\n|-damage|p2a: Rayquaza|164/270 par\n|-start|p2a: Rayquaza|move: Heal Block\n|move|p2a: Rayquaza|Scale Shot|p1a: Mesprit\n|-damage|p1a: Mesprit|209/275\n|-damage|p1a: Mesprit|141/275\n|-damage|p1a: Mesprit|79/275\n|-damage|p1a: Mesprit|13/275\n|-hitcount|p1a: Mesprit|4\n|-unboost|p2a: Rayquaza|def|1\n|-boost|p2a: Rayquaza|spe|1\n|\n|-heal|p1a: Mesprit|30/275|[from] item: Leftovers\n|upkeep\n|turn|8\n|\n|t:|1781449710\n|move|p1a: Mesprit|Psychic Noise|p2a: Rayquaza\n|-damage|p2a: Rayquaza|68/270 par\n|move|p2a: Rayquaza|Scale Shot|p1a: Mesprit\n|-damage|p1a: Mesprit|0 fnt\n|faint|p1a: Mesprit\n|-hitcount|p1: Mesprit|1\n|-unboost|p2a: Rayquaza|def|1\n|-boost|p2a: Rayquaza|spe|1\n|\n|-end|p2a: Rayquaza|move: Heal Block\n|upkeep\n|\n|t:|1781449723\n|switch|p1a: Raikou|Raikou, L81|278/278\n|-ability|p1a: Raikou|Pressure\n|turn|9\n|\n|t:|1781449730\n|switch|p2a: Regice|Regice, L88|284/284\n|move|p1a: Raikou|Shadow Ball|p2a: Regice\n|-damage|p2a: Regice|254/284\n|\n|upkeep\n|turn|10\n|\n|t:|1781449737\n|move|p1a: Raikou|Calm Mind|p1a: Raikou\n|-boost|p1a: Raikou|spa|1\n|-boost|p1a: Raikou|spd|1\n|move|p2a: Regice|Thunder Wave|p1a: Raikou\n|-immune|p1a: Raikou\n|\n|upkeep\n|turn|11\n|\n|t:|1781449741\n|move|p1a: Raikou|Calm Mind|p1a: Raikou\n|-boost|p1a: Raikou|spa|1\n|-boost|p1a: Raikou|spd|1\n|move|p2a: Regice|Body Press|p1a: Raikou\n|-damage|p1a: Raikou|207/278\n|\n|-heal|p1a: Raikou|224/278|[from] item: Leftovers\n|upkeep\n|turn|12\n|\n|t:|1781449745\n|move|p1a: Raikou|Calm Mind|p1a: Raikou\n|-boost|p1a: Raikou|spa|1\n|-boost|p1a: Raikou|spd|1\n|move|p2a: Regice|Body Press|p1a: Raikou\n|-damage|p1a: Raikou|145/278\n|\n|-heal|p1a: Raikou|162/278|[from] item: Leftovers\n|upkeep\n|turn|13\n|\n|t:|1781449747\n|move|p1a: Raikou|Thunderbolt|p2a: Regice\n|-damage|p2a: Regice|125/284\n|move|p2a: Regice|Body Press|p1a: Raikou\n|-damage|p1a: Raikou|82/278\n|\n|-heal|p1a: Raikou|99/278|[from] item: Leftovers\n|upkeep\n|turn|14\n|\n|t:|1781449751\n|move|p1a: Raikou|Thunderbolt|p2a: Regice\n|-damage|p2a: Regice|8/284\n|move|p2a: Regice|Body Press|p1a: Raikou\n|-damage|p1a: Raikou|23/278\n|\n|-heal|p1a: Raikou|40/278|[from] item: Leftovers\n|upkeep\n|turn|15\n|\n|t:|1781449755\n|switch|p2a: Hippowdon|Hippowdon, L82, M|311/311\n|-activate|p2a: Hippowdon|move: Sticky Web\n|-unboost|p2a: Hippowdon|spe|1\n|-damage|p2a: Hippowdon|292/311|[from] Stealth Rock\n|-weather|Sandstorm|[from] ability: Sand Stream|[of] p2a: Hippowdon\n|move|p1a: Raikou|Thunderbolt|p2a: Hippowdon\n|-immune|p2a: Hippowdon\n|\n|-weather|Sandstorm|[upkeep]\n|-damage|p1a: Raikou|23/278|[from] Sandstorm\n|-heal|p1a: Raikou|40/278|[from] item: Leftovers\n|upkeep\n|turn|16\n|\n|t:|1781449767\n|switch|p2a: Lapras|Lapras, L87, F|368/368\n|move|p1a: Raikou|Scald|p2a: Lapras\n|-immune|p2a: Lapras|[from] ability: Water Absorb\n|\n|-weather|Sandstorm|[upkeep]\n|-damage|p1a: Raikou|23/278|[from] Sandstorm\n|-damage|p2a: Lapras|345/368|[from] Sandstorm\n|-heal|p1a: Raikou|40/278|[from] item: Leftovers\n|upkeep\n|turn|17\n|\n|t:|1781449771\n|switch|p2a: Hippowdon|Hippowdon, L82, M|292/311\n|-activate|p2a: Hippowdon|move: Sticky Web\n|-unboost|p2a: Hippowdon|spe|1\n|-damage|p2a: Hippowdon|273/311|[from] Stealth Rock\n|move|p1a: Raikou|Shadow Ball|p2a: Hippowdon\n|-damage|p2a: Hippowdon|84/311\n|\n|-weather|Sandstorm|[upkeep]\n|-damage|p1a: Raikou|23/278|[from] Sandstorm\n|-heal|p1a: Raikou|40/278|[from] item: Leftovers\n|upkeep\n|turn|18\n|-message|Lazzazzala forfeited.\n|\n|win|IceColdAcer\n", "inputlog": ">version a8376a258c1d4662feba110a92103f3664a72141\n>start {\"formatid\":\"gen9randombattle\",\"seed\":\"sodium,e5086883b33266ccbd7aa4cc22da67df\",\"rated\":\"Rated battle\"}\n>player p1 {\"name\":\"IceColdAcer\",\"avatar\":\"acetrainer\",\"rating\":2055,\"seed\":\"sodium,0ffbb3902355885e6aaf62e50971750f\"}\n>player p2 {\"name\":\"Lazzazzala\",\"avatar\":\"1\",\"rating\":2023,\"seed\":\"sodium,d8e28db76c691b41c80925cde3df03b5\"}\n>p1 move armorcannon\n>p2 switch 6\n>p1 switch 6\n>p2 move yawn\n>p1 move stickyweb\n>p2 switch 3\n>p1 switch 3\n>p2 move swordsdance\n>p1 move thunderwave\n>p2 move scaleshot terastallize\n>p1 move stealthrock\n>p2 move scaleshot\n>p1 move psychicnoise\n>p2 move scaleshot\n>p1 move psychicnoise\n>p2 move scaleshot\n>p1 switch 2\n>p1 move shadowball\n>p2 switch 5\n>p1 move calmmind\n>p2 move thunderwave\n>p1 move calmmind\n>p2 move bodypress\n>p1 move calmmind\n>p2 move bodypress\n>p1 move thunderbolt\n>p2 move bodypress\n>p1 move thunderbolt\n>p2 move bodypress\n>p1 move thunderbolt\n>p2 switch 4\n>p1 move scald\n>p2 switch 2\n>p1 move shadowball\n>p2 switch 2\n>forcelose p2", "uploadtime": 1781449644, "views": 4, "formatid": "gen9randombattle", "rating": null, "private": 0, "password": null}