{"id": "gen9randombattle-2631559876", "format": "[Gen 9] Random Battle", "players": ["monrayhudson", "Addddlleyy"], "log": "|j|\u2606monrayhudson\n|j|\u2606Addddlleyy\n|t:|1781401346\n|gametype|singles\n|player|p1|monrayhudson|blue|1938\n|player|p2|Addddlleyy|swimmer|1963\n|gen|9\n|tier|[Gen 9] Random Battle\n|rated|\n|rule|Species Clause: Limit one of each Pok\u00e9mon\n|rule|HP Percentage Mod: HP is shown in percentages\n|rule|Sleep Clause Mod: Limit one foe put to sleep\n|rule|Illusion Level Mod: Illusion disguises the Pok\u00e9mon's true level\n|\n|t:|1781401346\n|teamsize|p1|6\n|teamsize|p2|6\n|start\n|switch|p1a: Misdreavus|Misdreavus, L90, F|254/254\n|switch|p2a: Dialga|Dialga-Origin, L73|266/266\n|-ability|p2a: Dialga|Pressure\n|turn|1\n|inactive|Battle timer is ON: inactive players will automatically lose when time's up. (requested by Addddlleyy)\n|\n|t:|1781401357\n|move|p1a: Misdreavus|Will-O-Wisp|p2a: Dialga\n|-status|p2a: Dialga|brn\n|move|p2a: Dialga|Dragon Tail|p1a: Misdreavus\n|-damage|p1a: Misdreavus|229/254\n|drag|p1a: Flygon|Flygon, L82, M|265/265\n|\n|-damage|p2a: Dialga|250/266 brn|[from] brn\n|upkeep\n|turn|2\n|\n|t:|1781401371\n|switch|p1a: Misdreavus|Misdreavus, L90, F|229/254\n|switch|p2a: Noctowl|Noctowl, L95, M|344/344\n|\n|upkeep\n|turn|3\n|inactive|monrayhudson has 120 seconds left.\n|\n|t:|1781401411\n|move|p1a: Misdreavus|Calm Mind|p1a: Misdreavus\n|-boost|p1a: Misdreavus|spa|1\n|-boost|p1a: Misdreavus|spd|1\n|move|p2a: Noctowl|Calm Mind|p2a: Noctowl\n|-boost|p2a: Noctowl|spa|1\n|-boost|p2a: Noctowl|spd|1\n|\n|upkeep\n|turn|4\n|inactive|monrayhudson has 120 seconds left.\n|inactive|monrayhudson has 90 seconds left.\n|l|\u2606monrayhudson\n|inactive|monrayhudson disconnected and has a minute to reconnect!\n|player|p1|\n|j|\u2606monrayhudson\n|inactive|monrayhudson reconnected and has 85 seconds left.\n|player|p1|monrayhudson|blue|\n|l|\u2606Addddlleyy\n|inactive|Addddlleyy disconnected and has a minute to reconnect!\n|player|p2|\n|\n|t:|1781401458\n|move|p1a: Misdreavus|Calm Mind|p1a: Misdreavus\n|-boost|p1a: Misdreavus|spa|1\n|-boost|p1a: Misdreavus|spd|1\n|move|p2a: Noctowl|Hurricane|p1a: Misdreavus\n|-damage|p1a: Misdreavus|163/254\n|\n|upkeep\n|turn|5\n|j|\u2606Addddlleyy\n|inactive|Addddlleyy reconnected and has 145 seconds left.\n|player|p2|Addddlleyy|swimmer|\n|\n|t:|1781401470\n|move|p1a: Misdreavus|Draining Kiss|p2a: Noctowl\n|-damage|p2a: Noctowl|302/344\n|-heal|p1a: Misdreavus|195/254|[from] drain|[of] p2a: Noctowl\n|move|p2a: Noctowl|Calm Mind|p2a: Noctowl\n|-boost|p2a: Noctowl|spa|1\n|-boost|p2a: Noctowl|spd|1\n|\n|upkeep\n|turn|6\n|inactive|monrayhudson has 90 seconds left.\n|\n|t:|1781401484\n|move|p1a: Misdreavus|Calm Mind|p1a: Misdreavus\n|-boost|p1a: Misdreavus|spa|1\n|-boost|p1a: Misdreavus|spd|1\n|move|p2a: Noctowl|Hurricane|p1a: Misdreavus\n|-damage|p1a: Misdreavus|120/254\n|\n|upkeep\n|turn|7\n|\n|t:|1781401490\n|move|p1a: Misdreavus|Draining Kiss|p2a: Noctowl\n|-damage|p2a: Noctowl|262/344\n|-heal|p1a: Misdreavus|150/254|[from] drain|[of] p2a: Noctowl\n|move|p2a: Noctowl|Calm Mind|p2a: Noctowl\n|-boost|p2a: Noctowl|spa|1\n|-boost|p2a: Noctowl|spd|1\n|\n|upkeep\n|turn|8\n|\n|t:|1781401493\n|move|p1a: Misdreavus|Calm Mind|p1a: Misdreavus\n|-boost|p1a: Misdreavus|spa|1\n|-boost|p1a: Misdreavus|spd|1\n|move|p2a: Noctowl|Hurricane|p1a: Misdreavus\n|-damage|p1a: Misdreavus|80/254\n|\n|upkeep\n|turn|9\n|\n|t:|1781401499\n|move|p1a: Misdreavus|Calm Mind|p1a: Misdreavus\n|-boost|p1a: Misdreavus|spa|1\n|-boost|p1a: Misdreavus|spd|1\n|move|p2a: Noctowl|Calm Mind|p2a: Noctowl\n|-boost|p2a: Noctowl|spa|1\n|-boost|p2a: Noctowl|spd|1\n|\n|upkeep\n|turn|10\n|\n|t:|1781401503\n|move|p1a: Misdreavus|Calm Mind|p1a: Misdreavus\n|-boost|p1a: Misdreavus|spa|1\n|-boost|p1a: Misdreavus|spd|1\n|move|p2a: Noctowl|Calm Mind|p2a: Noctowl\n|-boost|p2a: Noctowl|spa|1\n|-boost|p2a: Noctowl|spd|1\n|\n|upkeep\n|turn|11\n|\n|t:|1781401506\n|move|p1a: Misdreavus|Draining Kiss|p2a: Noctowl\n|-damage|p2a: Noctowl|224/344\n|-heal|p1a: Misdreavus|109/254|[from] drain|[of] p2a: Noctowl\n|move|p2a: Noctowl|Hurricane|p1a: Misdreavus|[miss]\n|-miss|p2a: Noctowl|p1a: Misdreavus\n|\n|upkeep\n|turn|12\n|\n|t:|1781401513\n|move|p1a: Misdreavus|Draining Kiss|p2a: Noctowl\n|-damage|p2a: Noctowl|187/344\n|-heal|p1a: Misdreavus|137/254|[from] drain|[of] p2a: Noctowl\n|move|p2a: Noctowl|Roost|p2a: Noctowl\n|-heal|p2a: Noctowl|344/344\n|-singleturn|p2a: Noctowl|move: Roost\n|\n|upkeep\n|turn|13\n|\n|t:|1781401533\n|move|p1a: Misdreavus|Will-O-Wisp|p2a: Noctowl\n|-status|p2a: Noctowl|brn\n|move|p2a: Noctowl|Calm Mind|p2a: Noctowl\n|-boost|p2a: Noctowl|spa|1\n|-boost|p2a: Noctowl|spd|1\n|\n|-damage|p2a: Noctowl|323/344 brn|[from] brn\n|upkeep\n|turn|14\n|\n|t:|1781401536\n|move|p1a: Misdreavus|Draining Kiss|p2a: Noctowl\n|-damage|p2a: Noctowl|294/344 brn\n|-heal|p1a: Misdreavus|159/254|[from] drain|[of] p2a: Noctowl\n|move|p2a: Noctowl|Hurricane|p1a: Misdreavus\n|-damage|p1a: Misdreavus|74/254\n|-start|p1a: Misdreavus|confusion\n|\n|-damage|p2a: Noctowl|273/344 brn|[from] brn\n|upkeep\n|turn|15\n|\n|t:|1781401543\n|-activate|p1a: Misdreavus|confusion\n|-damage|p1a: Misdreavus|55/254|[from] confusion\n|move|p2a: Noctowl|Hurricane|p1a: Misdreavus\n|-crit|p1a: Misdreavus\n|-damage|p1a: Misdreavus|0 fnt\n|faint|p1a: Misdreavus\n|\n|-damage|p2a: Noctowl|252/344 brn|[from] brn\n|upkeep\n|\n|t:|1781401565\n|switch|p1a: Flygon|Flygon, L82, M|265/265\n|turn|16\n|\n|t:|1781401577\n|move|p1a: Flygon|Stone Edge|p2a: Noctowl\n|-supereffective|p2a: Noctowl\n|-damage|p2a: Noctowl|62/344 brn\n|move|p2a: Noctowl|Hyper Voice|p1a: Flygon\n|-damage|p1a: Flygon|0 fnt\n|faint|p1a: Flygon\n|\n|-damage|p2a: Noctowl|41/344 brn|[from] brn\n|upkeep\n|\n|t:|1781401594\n|switch|p1a: Vaporeon|Vaporeon, L86, M|364/364\n|turn|17\n|\n|t:|1781401597\n|move|p2a: Noctowl|Roost|p2a: Noctowl\n|-heal|p2a: Noctowl|213/344 brn\n|-singleturn|p2a: Noctowl|move: Roost\n|move|p1a: Vaporeon|Ice Beam|p2a: Noctowl\n|-damage|p2a: Noctowl|198/344 brn\n|\n|-damage|p2a: Noctowl|177/344 brn|[from] brn\n|upkeep\n|turn|18\n|-message|monrayhudson forfeited.\n|\n|win|Addddlleyy\n", "inputlog": ">version a8376a258c1d4662feba110a92103f3664a72141\n>start {\"formatid\":\"gen9randombattle\",\"seed\":\"sodium,8a644c4c601e34b42a7c1892308e50ae\",\"rated\":\"Rated battle\"}\n>player p1 {\"name\":\"monrayhudson\",\"avatar\":\"blue\",\"rating\":1938,\"seed\":\"sodium,5c4dc2bd3bd539ff228771451081ffd2\"}\n>player p2 {\"name\":\"Addddlleyy\",\"avatar\":\"swimmer\",\"rating\":1963,\"seed\":\"sodium,7e9b493441efb6e0a808bdfa25b2aae1\"}\n>p1 move willowisp\n>p2 move dragontail\n>p1 switch 3\n>p2 switch 2\n>p1 move calmmind\n>p2 move calmmind\n>p1 move calmmind\n>p2 move hurricane\n>p1 move drainingkiss\n>p2 move calmmind\n>p1 move calmmind\n>p2 move hurricane\n>p1 move drainingkiss\n>p2 move calmmind\n>p1 move calmmind\n>p2 move hurricane\n>p1 move calmmind\n>p2 move calmmind\n>p1 move calmmind\n>p2 move calmmind\n>p1 move drainingkiss\n>p2 move hurricane\n>p1 move drainingkiss\n>p2 move roost\n>p1 move willowisp\n>p2 move calmmind\n>p1 move drainingkiss\n>p2 move hurricane\n>p1 move drainingkiss\n>p2 move hurricane\n>p1 switch 3\n>p1 move stoneedge\n>p2 move hypervoice\n>p1 switch 4\n>p1 move icebeam\n>p2 move roost\n>forcelose p1", "uploadtime": 1781401348, "views": 6, "formatid": "gen9randombattle", "rating": null, "private": 0, "password": null}