{"id": "gen9randombattle-2631628786", "format": "[Gen 9] Random Battle", "players": ["Crinjal", "BenoliBenoli"], "log": "|j|\u2606Crinjal\n|j|\u2606BenoliBenoli\n|t:|1781411330\n|gametype|singles\n|player|p1|Crinjal|veteran|2042\n|player|p2|BenoliBenoli|102|1985\n|gen|9\n|tier|[Gen 9] Random Battle\n|rated|\n|rule|Species Clause: Limit one of each Pok\u00e9mon\n|rule|HP Percentage Mod: HP is shown in percentages\n|rule|Sleep Clause Mod: Limit one foe put to sleep\n|rule|Illusion Level Mod: Illusion disguises the Pok\u00e9mon's true level\n|\n|t:|1781411330\n|teamsize|p1|6\n|teamsize|p2|6\n|start\n|switch|p1a: Mamoswine|Mamoswine, L81, F|311/311\n|switch|p2a: Meloetta|Meloetta, L82|298/298\n|turn|1\n|\n|t:|1781411349\n|move|p2a: Meloetta|Relic Song|p1a: Mamoswine\n|-damage|p1a: Mamoswine|132/311\n|-formechange|p2a: Meloetta|Meloetta-Pirouette|[msg]\n|-damage|p2a: Meloetta|269/298|[from] item: Life Orb\n|move|p1a: Mamoswine|Knock Off|p2a: Meloetta\n|-resisted|p2a: Meloetta\n|-damage|p2a: Meloetta|209/298\n|-enditem|p2a: Meloetta|Life Orb|[from] move: Knock Off|[of] p1a: Mamoswine\n|\n|upkeep\n|turn|2\n|inactive|Battle timer is ON: inactive players will automatically lose when time's up. (requested by BenoliBenoli)\n|\n|t:|1781411373\n|switch|p1a: Wyrdeer|Wyrdeer, L87, M|321/321\n|-ability|p1a: Wyrdeer|Intimidate|boost\n|-unboost|p2a: Meloetta|atk|1\n|move|p2a: Meloetta|Knock Off|p1a: Wyrdeer\n|-supereffective|p1a: Wyrdeer\n|-damage|p1a: Wyrdeer|207/321\n|-enditem|p1a: Wyrdeer|Leftovers|[from] move: Knock Off|[of] p2a: Meloetta\n|\n|upkeep\n|turn|3\n|\n|t:|1781411385\n|switch|p2a: Kricketune|Kricketune, L99, F|312/312\n|move|p1a: Wyrdeer|Thunder Wave|p2a: Kricketune\n|-status|p2a: Kricketune|par\n|\n|upkeep\n|turn|4\n|\n|t:|1781411408\n|move|p1a: Wyrdeer|Psychic Noise|p2a: Kricketune\n|-damage|p2a: Kricketune|204/312 par\n|-start|p2a: Kricketune|move: Heal Block\n|cant|p2a: Kricketune|par\n|\n|upkeep\n|turn|5\n|\n|t:|1781411416\n|move|p1a: Wyrdeer|Psychic Noise|p2a: Kricketune\n|-crit|p2a: Kricketune\n|-damage|p2a: Kricketune|30/312 par\n|move|p2a: Kricketune|Sticky Web|p1a: Wyrdeer\n|-sidestart|p1: Crinjal|move: Sticky Web\n|\n|-end|p2a: Kricketune|move: Heal Block\n|upkeep\n|turn|6\n|\n|t:|1781411422\n|move|p1a: Wyrdeer|Earthquake|p2a: Kricketune\n|-resisted|p2a: Kricketune\n|-damage|p2a: Kricketune|0 fnt\n|faint|p2a: Kricketune\n|\n|upkeep\n|\n|t:|1781411425\n|switch|p2a: Ambipom|Ambipom, L84, F|263/263\n|turn|7\n|\n|t:|1781411435\n|switch|p1a: Golurk|Golurk, L87|297/297\n|-activate|p1a: Golurk|move: Sticky Web\n|-unboost|p1a: Golurk|spe|1\n|move|p2a: Ambipom|Fake Out|p1a: Golurk\n|-immune|p1a: Golurk\n|\n|upkeep\n|turn|8\n|\n|t:|1781411441\n|move|p2a: Ambipom|U-turn|p1a: Golurk\n|-resisted|p1a: Golurk\n|-damage|p1a: Golurk|271/297\n|\n|t:|1781411442\n|switch|p2a: Meloetta|Meloetta, L82|209/298|[from] U-turn\n|move|p1a: Golurk|Stealth Rock|p2a: Meloetta\n|-sidestart|p2: BenoliBenoli|move: Stealth Rock\n|\n|upkeep\n|turn|9\n|\n|t:|1781411450\n|move|p2a: Meloetta|Knock Off|p1a: Golurk\n|-supereffective|p1a: Golurk\n|-damage|p1a: Golurk|151/297\n|-enditem|p1a: Golurk|Life Orb|[from] move: Knock Off|[of] p2a: Meloetta\n|move|p1a: Golurk|Earthquake|p2a: Meloetta\n|-damage|p2a: Meloetta|65/298\n|\n|upkeep\n|turn|10\n|\n|t:|1781411457\n|move|p2a: Meloetta|Triple Axel|p1a: Golurk\n|-supereffective|p1a: Golurk\n|-damage|p1a: Golurk|129/297\n|-supereffective|p1a: Golurk\n|-damage|p1a: Golurk|85/297\n|-supereffective|p1a: Golurk\n|-damage|p1a: Golurk|15/297\n|-hitcount|p1a: Golurk|3\n|move|p1a: Golurk|Dynamic Punch|p2a: Meloetta\n|-damage|p2a: Meloetta|0 fnt\n|faint|p2a: Meloetta\n|\n|upkeep\n|\n|t:|1781411467\n|switch|p2a: Ambipom|Ambipom, L84, F|263/263\n|-damage|p2a: Ambipom|231/263|[from] Stealth Rock\n|turn|11\n|\n|t:|1781411471\n|move|p2a: Ambipom|Knock Off|p1a: Golurk\n|-supereffective|p1a: Golurk\n|-damage|p1a: Golurk|0 fnt\n|faint|p1a: Golurk\n|\n|upkeep\n|\n|t:|1781411476\n|switch|p1a: Wyrdeer|Wyrdeer, L87, M|207/321\n|-activate|p1a: Wyrdeer|move: Sticky Web\n|-unboost|p1a: Wyrdeer|spe|1\n|-ability|p1a: Wyrdeer|Intimidate|boost\n|-unboost|p2a: Ambipom|atk|1\n|turn|12\n|\n|t:|1781411480\n|move|p2a: Ambipom|U-turn|p1a: Wyrdeer\n|-supereffective|p1a: Wyrdeer\n|-crit|p1a: Wyrdeer\n|-damage|p1a: Wyrdeer|49/321\n|\n|t:|1781411485\n|switch|p2a: Munkidori|Munkidori, L79, M|269/269|[from] U-turn\n|-damage|p2a: Munkidori|236/269|[from] Stealth Rock\n|move|p1a: Wyrdeer|Thunder Wave|p2a: Munkidori\n|-status|p2a: Munkidori|par\n|\n|upkeep\n|turn|13\n|\n|t:|1781411493\n|move|p2a: Munkidori|Fake Out|p1a: Wyrdeer\n|-damage|p1a: Wyrdeer|26/321\n|cant|p1a: Wyrdeer|flinch\n|\n|upkeep\n|turn|14\n|\n|t:|1781411498\n|switch|p2a: Scyther|Scyther, L82, M|249/249\n|move|p1a: Wyrdeer|Earthquake|p2a: Scyther\n|-immune|p2a: Scyther\n|\n|upkeep\n|turn|15\n|\n|t:|1781411514\n|switch|p1a: Mamoswine|Mamoswine, L81, F|132/311\n|-activate|p1a: Mamoswine|move: Sticky Web\n|-unboost|p1a: Mamoswine|spe|1\n|move|p2a: Scyther|Bug Bite|p1a: Mamoswine\n|-damage|p1a: Mamoswine|23/311\n|\n|upkeep\n|turn|16\n|\n|t:|1781411520\n|switch|p2a: Munkidori|Munkidori, L79, M|236/269 par\n|-damage|p2a: Munkidori|203/269 par|[from] Stealth Rock\n|move|p1a: Mamoswine|Ice Shard|p2a: Munkidori\n|-damage|p2a: Munkidori|109/269 par\n|\n|upkeep\n|turn|17\n|\n|t:|1781411528\n|switch|p1a: Wyrdeer|Wyrdeer, L87, M|26/321\n|-activate|p1a: Wyrdeer|move: Sticky Web\n|-unboost|p1a: Wyrdeer|spe|1\n|-ability|p1a: Wyrdeer|Intimidate|boost\n|-unboost|p2a: Munkidori|atk|1\n|move|p2a: Munkidori|Fake Out|p1a: Wyrdeer\n|-damage|p1a: Wyrdeer|10/321\n|-status|p1a: Wyrdeer|tox|[from] ability: Toxic Chain|[of] p2a: Munkidori\n|\n|-damage|p1a: Wyrdeer|0 fnt|[from] psn\n|faint|p1a: Wyrdeer\n|upkeep\n|\n|t:|1781411541\n|switch|p1a: Mamoswine|Mamoswine, L81, F|23/311\n|-activate|p1a: Mamoswine|move: Sticky Web\n|-unboost|p1a: Mamoswine|spe|1\n|turn|18\n|\n|t:|1781411548\n|move|p1a: Mamoswine|Ice Shard|p2a: Munkidori\n|-damage|p2a: Munkidori|18/269 par\n|move|p2a: Munkidori|U-turn|p1a: Mamoswine\n|-damage|p1a: Mamoswine|0 fnt\n|faint|p1a: Mamoswine\n|\n|t:|1781411553\n|switch|p2a: Ambipom|Ambipom, L84, F|231/263|[from] U-turn\n|-damage|p2a: Ambipom|199/263|[from] Stealth Rock\n|\n|upkeep\n|\n|t:|1781411563\n|switch|p1a: Palafin|Palafin, L77, M|281/281\n|-activate|p1a: Palafin|move: Sticky Web\n|-unboost|p1a: Palafin|spe|1\n|turn|19\n|\n|t:|1781411579\n|-terastallize|p2a: Ambipom|Normal\n|move|p2a: Ambipom|Fake Out|p1a: Palafin\n|-damage|p1a: Palafin|159/281\n|cant|p1a: Palafin|flinch\n|\n|upkeep\n|turn|20\n|\n|t:|1781411586\n|move|p2a: Ambipom|U-turn|p1a: Palafin\n|-crit|p1a: Palafin\n|-damage|p1a: Palafin|67/281\n|\n|t:|1781411588\n|switch|p2a: Munkidori|Munkidori, L79, M|18/269 par|[from] U-turn\n|-damage|p2a: Munkidori|0 fnt|[from] Stealth Rock\n|faint|p2a: Munkidori\n|move|p1a: Palafin|Close Combat|p2: Munkidori|[notarget]\n|-fail|p1a: Palafin\n|\n|upkeep\n|\n|t:|1781411590\n|switch|p2a: Ambipom|Ambipom, L84, F, tera:Normal|199/263\n|-damage|p2a: Ambipom|167/263|[from] Stealth Rock\n|turn|21\n|\n|t:|1781411595\n|move|p2a: Ambipom|Fake Out|p1a: Palafin\n|-damage|p1a: Palafin|0 fnt\n|faint|p1a: Palafin\n|\n|upkeep\n|\n|t:|1781411623\n|switch|p1a: Iron Leaves|Iron Leaves, L80|275/275\n|-activate|p1a: Iron Leaves|move: Sticky Web\n|-unboost|p1a: Iron Leaves|spe|1\n|turn|22\n|\n|t:|1781411630\n|move|p2a: Ambipom|U-turn|p1a: Iron Leaves\n|-supereffective|p1a: Iron Leaves\n|-damage|p1a: Iron Leaves|55/275\n|\n|t:|1781411633\n|switch|p2a: Scyther|Scyther, L82, M|249/249|[from] U-turn\n|move|p1a: Iron Leaves|Psyblade|p2a: Scyther\n|-damage|p2a: Scyther|98/249\n|\n|upkeep\n|turn|23\n|\n|t:|1781411639\n|switch|p2a: Bisharp|Bisharp, L79, M|232/232\n|-damage|p2a: Bisharp|218/232|[from] Stealth Rock\n|move|p1a: Iron Leaves|Psyblade|p2a: Bisharp\n|-immune|p2a: Bisharp\n|\n|upkeep\n|turn|24\n|-message|Crinjal forfeited.\n|\n|win|BenoliBenoli\n", "uploadtime": 1781411331, "views": 4, "formatid": "gen9randombattle", "rating": null, "private": 0, "password": null}