{"id": "gen9randombattle-2631794530", "format": "[Gen 9] Random Battle", "players": ["TheLastOne", "jsjsiis"], "log": "|j|\u2606TheLastOne\n|j|\u2606jsjsiis\n|t:|1781440701\n|gametype|singles\n|player|p1|TheLastOne|falkner|1962\n|player|p2|jsjsiis|1|1961\n|gen|9\n|tier|[Gen 9] Random Battle\n|rated|\n|rule|Species Clause: Limit one of each Pok\u00e9mon\n|rule|HP Percentage Mod: HP is shown in percentages\n|rule|Sleep Clause Mod: Limit one foe put to sleep\n|rule|Illusion Level Mod: Illusion disguises the Pok\u00e9mon's true level\n|\n|t:|1781440701\n|teamsize|p1|6\n|teamsize|p2|6\n|start\n|switch|p1a: Stonjourner|Stonjourner, L91, M|330/330\n|switch|p2a: Poliwrath|Poliwrath, L88, F|302/302\n|turn|1\n|inactive|Battle timer is ON: inactive players will automatically lose when time's up. (requested by TheLastOne)\n|\n|t:|1781440708\n|switch|p1a: Tatsugiri|Tatsugiri, L87, M|260/260\n|move|p2a: Poliwrath|Rain Dance|p2a: Poliwrath\n|-weather|RainDance\n|\n|-weather|RainDance|[upkeep]\n|upkeep\n|turn|2\n|\n|t:|1781440715\n|switch|p1a: Enamorus|Enamorus-Therian, L83, F|259/259\n|move|p2a: Poliwrath|Knock Off|p1a: Enamorus\n|-resisted|p1a: Enamorus\n|-damage|p1a: Enamorus|220/259\n|-enditem|p1a: Enamorus|Assault Vest|[from] move: Knock Off|[of] p2a: Poliwrath\n|-damage|p2a: Poliwrath|272/302|[from] item: Life Orb\n|\n|-weather|RainDance|[upkeep]\n|upkeep\n|turn|3\n|\n|t:|1781440722\n|switch|p1a: Tatsugiri|Tatsugiri, L87, M|260/260\n|move|p2a: Poliwrath|Knock Off|p1a: Tatsugiri\n|-damage|p1a: Tatsugiri|138/260\n|-enditem|p1a: Tatsugiri|Heavy-Duty Boots|[from] move: Knock Off|[of] p2a: Poliwrath\n|-damage|p2a: Poliwrath|242/302|[from] item: Life Orb\n|\n|-weather|RainDance|[upkeep]\n|upkeep\n|turn|4\n|\n|t:|1781440730\n|switch|p1a: Enamorus|Enamorus-Therian, L83, F|220/259\n|move|p2a: Poliwrath|Close Combat|p1a: Enamorus\n|-resisted|p1a: Enamorus\n|-crit|p1a: Enamorus\n|-damage|p1a: Enamorus|167/259\n|-unboost|p2a: Poliwrath|def|1\n|-unboost|p2a: Poliwrath|spd|1\n|-damage|p2a: Poliwrath|212/302|[from] item: Life Orb\n|\n|-weather|RainDance|[upkeep]\n|upkeep\n|turn|5\n|\n|t:|1781440734\n|switch|p1a: Tatsugiri|Tatsugiri, L87, M|138/260\n|move|p2a: Poliwrath|Liquidation|p1a: Tatsugiri\n|-ability|p1a: Tatsugiri|Storm Drain|boost\n|-boost|p1a: Tatsugiri|spa|1\n|\n|-weather|none\n|upkeep\n|turn|6\n|\n|t:|1781440740\n|move|p1a: Tatsugiri|Draco Meteor|p2a: Poliwrath\n|-damage|p2a: Poliwrath|0 fnt\n|-unboost|p1a: Tatsugiri|spa|2\n|faint|p2a: Poliwrath\n|\n|upkeep\n|\n|t:|1781440745\n|switch|p2a: Zacian|Zacian-Crowned, L64|225/225\n|-ability|p2a: Zacian|Intrepid Sword|boost\n|-boost|p2a: Zacian|atk|1\n|turn|7\n|\n|t:|1781440749\n|switch|p1a: Krookodile|Krookodile, L79, M|280/280\n|-ability|p1a: Krookodile|Intimidate|boost\n|-unboost|p2a: Zacian|atk|1\n|move|p2a: Zacian|Swords Dance|p2a: Zacian\n|-boost|p2a: Zacian|atk|2\n|\n|upkeep\n|turn|8\n|\n|t:|1781440758\n|-terastallize|p1a: Krookodile|Poison\n|move|p2a: Zacian|Play Rough|p1a: Krookodile\n|-resisted|p1a: Krookodile\n|-damage|p1a: Krookodile|193/280\n|move|p1a: Krookodile|Earthquake|p2a: Zacian\n|-supereffective|p2a: Zacian\n|-damage|p2a: Zacian|0 fnt\n|faint|p2a: Zacian\n|\n|upkeep\n|\n|t:|1781440771\n|switch|p2a: Cacturne|Cacturne, L92, M|278/278\n|turn|9\n|\n|t:|1781440776\n|switch|p1a: Enamorus|Enamorus-Therian, L83, F|167/259\n|switch|p2a: Emboar|Emboar, L84, F|322/322\n|\n|upkeep\n|turn|10\n|\n|t:|1781440785\n|switch|p1a: Tatsugiri|Tatsugiri, L87, M|138/260\n|move|p2a: Emboar|Flare Blitz|p1a: Tatsugiri\n|-resisted|p1a: Tatsugiri\n|-damage|p1a: Tatsugiri|79/260\n|-damage|p2a: Emboar|303/322|[from] Recoil\n|\n|upkeep\n|turn|11\n|\n|t:|1781440790\n|switch|p2a: Cacturne|Cacturne, L92, M|278/278\n|move|p1a: Tatsugiri|Draco Meteor|p2a: Cacturne\n|-damage|p2a: Cacturne|80/278\n|-unboost|p1a: Tatsugiri|spa|2\n|\n|upkeep\n|turn|12\n|\n|t:|1781440794\n|move|p1a: Tatsugiri|Draco Meteor|p2a: Cacturne\n|-damage|p2a: Cacturne|0 fnt\n|-unboost|p1a: Tatsugiri|spa|2\n|faint|p2a: Cacturne\n|\n|upkeep\n|\n|t:|1781440797\n|switch|p2a: Flygon|Flygon, L82, F|265/265\n|turn|13\n|\n|t:|1781440801\n|switch|p1a: Enamorus|Enamorus-Therian, L83, F|167/259\n|move|p2a: Flygon|U-turn|p1a: Enamorus\n|-resisted|p1a: Enamorus\n|-damage|p1a: Enamorus|152/259\n|\n|t:|1781440804\n|switch|p2a: Revavroom|Revavroom, L79, F|256/256|[from] U-turn\n|\n|upkeep\n|turn|14\n|\n|t:|1781440808\n|-terastallize|p2a: Revavroom|Ground\n|move|p2a: Revavroom|Shift Gear|p2a: Revavroom\n|-boost|p2a: Revavroom|spe|2\n|-boost|p2a: Revavroom|atk|1\n|move|p1a: Enamorus|Earth Power|p2a: Revavroom\n|-damage|p2a: Revavroom|145/256\n|\n|upkeep\n|turn|15\n|\n|t:|1781440816\n|switch|p1a: Tatsugiri|Tatsugiri, L87, M|79/260\n|move|p2a: Revavroom|Iron Head|p1a: Tatsugiri\n|-resisted|p1a: Tatsugiri\n|-damage|p1a: Tatsugiri|0 fnt\n|faint|p1a: Tatsugiri\n|-damage|p2a: Revavroom|120/256|[from] item: Life Orb\n|\n|upkeep\n|\n|t:|1781440822\n|switch|p1a: Krookodile|Krookodile, L79, M, tera:Poison|193/280\n|-ability|p1a: Krookodile|Intimidate|boost\n|-unboost|p2a: Revavroom|atk|1\n|turn|16\n|\n|t:|1781440829\n|switch|p1a: Smeargle|Smeargle, L95, F|258/258\n|move|p2a: Revavroom|High Horsepower|p1a: Smeargle\n|-damage|p1a: Smeargle|32/258\n|-damage|p2a: Revavroom|95/256|[from] item: Life Orb\n|\n|upkeep\n|turn|17\n|\n|t:|1781440834\n|move|p2a: Revavroom|Iron Head|p1a: Smeargle\n|-crit|p1a: Smeargle\n|-damage|p1a: Smeargle|0 fnt\n|faint|p1a: Smeargle\n|-damage|p2a: Revavroom|70/256|[from] item: Life Orb\n|\n|upkeep\n|\n|t:|1781440836\n|switch|p1a: Stonjourner|Stonjourner, L91, M|330/330\n|turn|18\n|\n|t:|1781440841\n|move|p2a: Revavroom|High Horsepower|p1a: Stonjourner\n|-supereffective|p1a: Stonjourner\n|-damage|p1a: Stonjourner|140/330\n|-damage|p2a: Revavroom|45/256|[from] item: Life Orb\n|move|p1a: Stonjourner|Earthquake|p2a: Revavroom\n|-damage|p2a: Revavroom|0 fnt\n|faint|p2a: Revavroom\n|-damage|p1a: Stonjourner|107/330|[from] item: Life Orb\n|\n|upkeep\n|\n|t:|1781440847\n|switch|p2a: Flygon|Flygon, L82, F|265/265\n|turn|19\n|\n|t:|1781440850\n|move|p2a: Flygon|Earthquake|p1a: Stonjourner\n|-supereffective|p1a: Stonjourner\n|-damage|p1a: Stonjourner|0 fnt\n|faint|p1a: Stonjourner\n|\n|upkeep\n|\n|t:|1781440854\n|switch|p1a: Enamorus|Enamorus-Therian, L83, F|152/259\n|turn|20\n|\n|t:|1781440858\n|switch|p2a: Emboar|Emboar, L84, F|303/322\n|move|p1a: Enamorus|Earth Power|p2a: Emboar\n|-supereffective|p2a: Emboar\n|-damage|p2a: Emboar|163/322\n|-unboost|p2a: Emboar|spd|1\n|\n|upkeep\n|turn|21\n|\n|t:|1781440863\n|switch|p1a: Manaphy|Manaphy, L78|284/284\n|move|p2a: Emboar|Flare Blitz|p1a: Manaphy\n|-resisted|p1a: Manaphy\n|-damage|p1a: Manaphy|192/284\n|-damage|p2a: Emboar|133/322|[from] Recoil\n|\n|-heal|p1a: Manaphy|209/284|[from] item: Leftovers\n|upkeep\n|turn|22\n|\n|t:|1781440868\n|move|p1a: Manaphy|Surf|p2a: Emboar\n|-supereffective|p2a: Emboar\n|-damage|p2a: Emboar|0 fnt\n|faint|p2a: Emboar\n|\n|-heal|p1a: Manaphy|226/284|[from] item: Leftovers\n|upkeep\n|\n|t:|1781440871\n|switch|p2a: Flygon|Flygon, L82, F|265/265\n|turn|23\n|\n|t:|1781440873\n|move|p2a: Flygon|Stone Edge|p1a: Manaphy\n|-damage|p1a: Manaphy|120/284\n|move|p1a: Manaphy|Ice Beam|p2a: Flygon\n|-supereffective|p2a: Flygon\n|-damage|p2a: Flygon|25/265\n|\n|-heal|p1a: Manaphy|137/284|[from] item: Leftovers\n|upkeep\n|turn|24\n|\n|t:|1781440878\n|move|p2a: Flygon|Stone Edge|p1a: Manaphy\n|-damage|p1a: Manaphy|29/284\n|move|p1a: Manaphy|Surf|p2a: Flygon\n|-damage|p2a: Flygon|0 fnt\n|faint|p2a: Flygon\n|\n|win|TheLastOne\n", "inputlog": ">version a8376a258c1d4662feba110a92103f3664a72141\n>start {\"formatid\":\"gen9randombattle\",\"seed\":\"sodium,893f1777a68614af50a2001165b8bbc0\",\"rated\":\"Rated battle\"}\n>player p1 {\"name\":\"TheLastOne\",\"avatar\":\"falkner\",\"rating\":1962,\"seed\":\"sodium,a543ac9d408b59dbc12d2dd725fa521d\"}\n>player p2 {\"name\":\"jsjsiis\",\"avatar\":\"1\",\"rating\":1961,\"seed\":\"sodium,ea70b7d14013f9623797bb72c15aa8d8\"}\n>p1 switch 6\n>p2 move raindance\n>p1 switch 4\n>p2 move knockoff\n>p1 switch 4\n>p2 move knockoff\n>p1 switch 4\n>p2 move closecombat\n>p1 switch 4\n>p2 move liquidation\n>p1 move dracometeor\n>p2 move raindance\n>p2 switch 2\n>p1 switch 5\n>p2 move swordsdance\n>p1 move earthquake terastallize\n>p2 move playrough\n>p2 switch 6\n>p1 switch 4\n>p2 switch 3\n>p1 switch 5\n>p2 move flareblitz\n>p1 move dracometeor\n>p2 switch 3\n>p1 move dracometeor\n>p2 move knockoff\n>p2 switch 5\n>p1 switch 5\n>p2 move uturn\n>p2 switch 4\n>p1 move earthpower\n>p2 move shiftgear terastallize\n>p1 switch 5\n>p2 move ironhead\n>p1 switch 4\n>p1 switch 2\n>p2 move highhorsepower\n>p1 move spore\n>p2 move ironhead\n>p1 switch 6\n>p1 move earthquake\n>p2 move highhorsepower\n>p2 switch 4\n>p1 move stoneedge\n>p2 move earthquake\n>p1 switch 5\n>p1 move earthpower\n>p2 switch 3\n>p1 switch 3\n>p2 move flareblitz\n>p1 move surf\n>p2 move knockoff\n>p2 switch 3\n>p1 move icebeam\n>p2 move stoneedge\n>p1 move surf\n>p2 move stoneedge", "uploadtime": 1781440703, "views": 4, "formatid": "gen9randombattle", "rating": null, "private": 0, "password": null}