{"id": "gen9randombattle-2631780966", "format": "[Gen 9] Random Battle", "players": ["UTJUTJ", "jopaille"], "log": "|j|\u2606UTJUTJ\n|j|\u2606jopaille\n|t:|1781438648\n|gametype|singles\n|player|p1|UTJUTJ|101|1959\n|player|p2|jopaille|170|1917\n|gen|9\n|tier|[Gen 9] Random Battle\n|rated|\n|rule|Species Clause: Limit one of each Pok\u00e9mon\n|rule|HP Percentage Mod: HP is shown in percentages\n|rule|Sleep Clause Mod: Limit one foe put to sleep\n|rule|Illusion Level Mod: Illusion disguises the Pok\u00e9mon's true level\n|\n|t:|1781438649\n|teamsize|p1|6\n|teamsize|p2|6\n|start\n|switch|p1a: Politoed|Politoed, L88, M|302/302\n|switch|p2a: Victreebel|Victreebel, L90, F|290/290\n|-weather|RainDance|[from] ability: Drizzle|[of] p1a: Politoed\n|turn|1\n|inactive|Battle timer is ON: inactive players will automatically lose when time's up. (requested by jopaille)\n|\n|t:|1781438659\n|switch|p1a: Scizor|Scizor, L79, F|240/240\n|move|p2a: Victreebel|Power Whip|p1a: Scizor\n|-resisted|p1a: Scizor\n|-damage|p1a: Scizor|192/240\n|-damage|p2a: Victreebel|261/290|[from] item: Life Orb\n|\n|-weather|RainDance|[upkeep]\n|upkeep\n|turn|2\n|\n|t:|1781438674\n|switch|p2a: Bastiodon|Bastiodon, L89, M|252/252\n|move|p1a: Scizor|U-turn|p2a: Bastiodon\n|-resisted|p2a: Bastiodon\n|-damage|p2a: Bastiodon|219/252\n|\n|t:|1781438682\n|switch|p1a: Politoed|Politoed, L88, M|302/302|[from] U-turn\n|\n|-weather|RainDance|[upkeep]\n|upkeep\n|turn|3\n|\n|t:|1781438703\n|switch|p2a: Blastoise|Blastoise, L80, M|258/258\n|move|p1a: Politoed|Focus Blast|p2a: Blastoise\n|-damage|p2a: Blastoise|138/258\n|\n|-weather|RainDance|[upkeep]\n|upkeep\n|turn|4\n|\n|t:|1781438711\n|move|p1a: Politoed|Focus Blast|p2a: Blastoise|[miss]\n|-miss|p1a: Politoed|p2a: Blastoise\n|move|p2a: Blastoise|Shell Smash|p2a: Blastoise\n|-unboost|p2a: Blastoise|def|1\n|-unboost|p2a: Blastoise|spd|1\n|-boost|p2a: Blastoise|atk|2\n|-boost|p2a: Blastoise|spa|2\n|-boost|p2a: Blastoise|spe|2\n|-enditem|p2a: Blastoise|White Herb\n|-clearnegativeboost|p2a: Blastoise|[silent]\n|\n|-weather|RainDance|[upkeep]\n|upkeep\n|turn|5\n|\n|t:|1781438722\n|switch|p1a: Leafeon|Leafeon, L88, M|258/258\n|-terastallize|p2a: Blastoise|Grass\n|move|p2a: Blastoise|Tera Blast|p1a: Leafeon|[anim] Tera Blast Grass\n|-resisted|p1a: Leafeon\n|-damage|p1a: Leafeon|170/258\n|\n|-weather|none\n|-heal|p1a: Leafeon|186/258|[from] item: Leftovers\n|upkeep\n|turn|6\n|j| afdasfafafdsaf\n|inactive|UTJUTJ has 120 seconds left.\n|\n|t:|1781438768\n|switch|p1a: Articuno|Articuno, L86|295/295\n|-ability|p1a: Articuno|Pressure\n|move|p2a: Blastoise|Ice Beam|p1a: Articuno\n|-damage|p1a: Articuno|209/295\n|\n|upkeep\n|turn|7\n|inactive|jopaille has 120 seconds left.\n|\n|t:|1781438815\n|switch|p2a: Weezing|Weezing-Galar, L86, M|252/252\n|move|p1a: Articuno|Freeze-Dry|p2a: Weezing\n|-damage|p2a: Weezing|155/252\n|\n|-heal|p2a: Weezing|170/252|[from] item: Leftovers\n|upkeep\n|turn|8\n|\n|t:|1781438823\n|move|p1a: Articuno|Substitute|p1a: Articuno\n|-start|p1a: Articuno|Substitute\n|-damage|p1a: Articuno|136/295\n|move|p2a: Weezing|Gunk Shot|p1a: Articuno\n|-crit|p1a: Articuno\n|-end|p1a: Articuno|Substitute\n|\n|-heal|p2a: Weezing|185/252|[from] item: Leftovers\n|upkeep\n|turn|9\n|\n|t:|1781438831\n|move|p1a: Articuno|Substitute|p1a: Articuno\n|-start|p1a: Articuno|Substitute\n|-damage|p1a: Articuno|63/295\n|move|p2a: Weezing|Strange Steam|p1a: Articuno\n|-activate|p1a: Articuno|move: Substitute|[damage]\n|\n|-heal|p2a: Weezing|200/252|[from] item: Leftovers\n|upkeep\n|turn|10\n|\n|t:|1781438837\n|move|p1a: Articuno|Roost|p1a: Articuno\n|-heal|p1a: Articuno|211/295\n|-singleturn|p1a: Articuno|move: Roost\n|move|p2a: Weezing|Strange Steam|p1a: Articuno\n|-end|p1a: Articuno|Substitute\n|\n|-heal|p2a: Weezing|215/252|[from] item: Leftovers\n|upkeep\n|turn|11\n|\n|t:|1781438844\n|switch|p2a: Farigiraf|Farigiraf, L90, F|362/362\n|move|p1a: Articuno|Substitute|p1a: Articuno\n|-start|p1a: Articuno|Substitute\n|-damage|p1a: Articuno|138/295\n|\n|upkeep\n|turn|12\n|\n|t:|1781438848\n|move|p1a: Articuno|Roost|p1a: Articuno\n|-heal|p1a: Articuno|286/295\n|-singleturn|p1a: Articuno|move: Roost\n|move|p2a: Farigiraf|Psychic Noise|p1a: Articuno\n|-damage|p1a: Articuno|208/295\n|-start|p1a: Articuno|move: Heal Block\n|\n|upkeep\n|turn|13\n|\n|t:|1781438856\n|move|p1a: Articuno|Brave Bird|p2a: Farigiraf\n|-damage|p2a: Farigiraf|224/362\n|-damage|p1a: Articuno|162/295|[from] Recoil\n|move|p2a: Farigiraf|Psychic Noise|p1a: Articuno\n|-damage|p1a: Articuno|92/295\n|\n|-heal|p2a: Farigiraf|246/362|[from] item: Leftovers\n|-end|p1a: Articuno|move: Heal Block\n|upkeep\n|turn|14\n|\n|t:|1781438864\n|move|p1a: Articuno|Roost|p1a: Articuno\n|-heal|p1a: Articuno|240/295\n|-singleturn|p1a: Articuno|move: Roost\n|move|p2a: Farigiraf|Psychic Noise|p1a: Articuno\n|-damage|p1a: Articuno|158/295\n|-start|p1a: Articuno|move: Heal Block\n|\n|-heal|p2a: Farigiraf|268/362|[from] item: Leftovers\n|upkeep\n|turn|15\n|\n|t:|1781438872\n|move|p1a: Articuno|Brave Bird|p2a: Farigiraf\n|-damage|p2a: Farigiraf|138/362\n|-damage|p1a: Articuno|115/295|[from] Recoil\n|move|p2a: Farigiraf|Wish|p2a: Farigiraf\n|\n|-heal|p2a: Farigiraf|160/362|[from] item: Leftovers\n|-end|p1a: Articuno|move: Heal Block\n|upkeep\n|turn|16\n|\n|t:|1781438878\n|move|p1a: Articuno|Roost|p1a: Articuno\n|-heal|p1a: Articuno|263/295\n|-singleturn|p1a: Articuno|move: Roost\n|move|p2a: Farigiraf|Psychic Noise|p1a: Articuno\n|-damage|p1a: Articuno|185/295\n|-start|p1a: Articuno|move: Heal Block\n|\n|-heal|p2a: Farigiraf|341/362|[from] move: Wish|[wisher] Farigiraf\n|-heal|p2a: Farigiraf|362/362|[from] item: Leftovers\n|upkeep\n|turn|17\n|\n|t:|1781438889\n|switch|p1a: Scizor|Scizor, L79, F|192/240\n|move|p2a: Farigiraf|Psychic Noise|p1a: Scizor\n|-resisted|p1a: Scizor\n|-damage|p1a: Scizor|136/240\n|-start|p1a: Scizor|move: Heal Block\n|\n|upkeep\n|turn|18\n|\n|t:|1781438899\n|switch|p2a: Bastiodon|Bastiodon, L89, M|219/252\n|move|p1a: Scizor|Knock Off|p2a: Bastiodon\n|-damage|p2a: Bastiodon|152/252\n|-enditem|p2a: Bastiodon|Chesto Berry|[from] move: Knock Off|[of] p1a: Scizor\n|\n|-end|p1a: Scizor|move: Heal Block\n|upkeep\n|turn|19\n|\n|t:|1781438905\n|switch|p1a: Politoed|Politoed, L88, M|302/302\n|-weather|RainDance|[from] ability: Drizzle|[of] p1a: Politoed\n|move|p2a: Bastiodon|Iron Defense|p2a: Bastiodon\n|-boost|p2a: Bastiodon|def|2\n|\n|-weather|RainDance|[upkeep]\n|upkeep\n|turn|20\n|\n|t:|1781438921\n|switch|p2a: Weezing|Weezing-Galar, L86, M|215/252\n|move|p1a: Politoed|Hydro Pump|p2a: Weezing\n|-damage|p2a: Weezing|0 fnt\n|faint|p2a: Weezing\n|\n|-weather|RainDance|[upkeep]\n|upkeep\n|\n|t:|1781438925\n|switch|p2a: Blastoise|Blastoise, L80, M, tera:Grass|138/258\n|turn|21\n|\n|t:|1781438930\n|switch|p1a: Scizor|Scizor, L79, F|136/240\n|move|p2a: Blastoise|Shell Smash|p2a: Blastoise\n|-unboost|p2a: Blastoise|def|1\n|-unboost|p2a: Blastoise|spd|1\n|-boost|p2a: Blastoise|atk|2\n|-boost|p2a: Blastoise|spa|2\n|-boost|p2a: Blastoise|spe|2\n|\n|-weather|RainDance|[upkeep]\n|upkeep\n|turn|22\n|\n|t:|1781438939\n|move|p1a: Scizor|Bullet Punch|p2a: Blastoise\n|-damage|p2a: Blastoise|0 fnt\n|faint|p2a: Blastoise\n|\n|-weather|RainDance|[upkeep]\n|upkeep\n|c|\u2606jopaille|wow\n|\n|t:|1781438956\n|switch|p2a: Bastiodon|Bastiodon, L89, M|152/252\n|turn|23\n|\n|t:|1781438963\n|move|p1a: Scizor|Bullet Punch|p2a: Bastiodon\n|-damage|p2a: Bastiodon|86/252\n|move|p2a: Bastiodon|Body Press|p1a: Scizor\n|-damage|p1a: Scizor|36/240\n|\n|-weather|none\n|upkeep\n|turn|24\n|\n|t:|1781438973\n|switch|p1a: Politoed|Politoed, L88, M|302/302\n|-weather|RainDance|[from] ability: Drizzle|[of] p1a: Politoed\n|move|p2a: Bastiodon|Iron Defense|p2a: Bastiodon\n|-boost|p2a: Bastiodon|def|2\n|\n|-weather|RainDance|[upkeep]\n|upkeep\n|turn|25\n|\n|t:|1781438984\n|switch|p2a: Victreebel|Victreebel, L90, F|261/290\n|move|p1a: Politoed|Weather Ball|p2a: Victreebel\n|-resisted|p2a: Victreebel\n|-damage|p2a: Victreebel|113/290\n|\n|-weather|RainDance|[upkeep]\n|upkeep\n|turn|26\n|\n|t:|1781438995\n|switch|p1a: Leafeon|Leafeon, L88, M|186/258\n|move|p2a: Victreebel|Swords Dance|p2a: Victreebel\n|-boost|p2a: Victreebel|atk|2\n|\n|-weather|RainDance|[upkeep]\n|-heal|p1a: Leafeon|202/258|[from] item: Leftovers\n|upkeep\n|turn|27\n|\n|t:|1781439001\n|move|p2a: Victreebel|Sucker Punch||[still]\n|-fail|p2a: Victreebel\n|move|p1a: Leafeon|Substitute|p1a: Leafeon\n|-start|p1a: Leafeon|Substitute\n|-damage|p1a: Leafeon|138/258\n|\n|-weather|RainDance|[upkeep]\n|-heal|p1a: Leafeon|154/258|[from] item: Leftovers\n|upkeep\n|turn|28\n|\n|t:|1781439008\n|move|p1a: Leafeon|Knock Off|p2a: Victreebel\n|-crit|p2a: Victreebel\n|-damage|p2a: Victreebel|0 fnt\n|-enditem|p2a: Victreebel|Life Orb|[from] move: Knock Off|[of] p1a: Leafeon\n|faint|p2a: Victreebel\n|\n|-weather|none\n|-heal|p1a: Leafeon|170/258|[from] item: Leftovers\n|upkeep\n|\n|t:|1781439012\n|switch|p2a: Farigiraf|Farigiraf, L90, F|362/362\n|turn|29\n|\n|t:|1781439014\n|move|p1a: Leafeon|Knock Off|p2a: Farigiraf\n|-supereffective|p2a: Farigiraf\n|-damage|p2a: Farigiraf|170/362\n|-enditem|p2a: Farigiraf|Leftovers|[from] move: Knock Off|[of] p1a: Leafeon\n|move|p2a: Farigiraf|Psychic Noise|p1a: Leafeon\n|-damage|p1a: Leafeon|56/258\n|-start|p1a: Leafeon|move: Heal Block\n|\n|upkeep\n|turn|30\n|\n|t:|1781439021\n|move|p1a: Leafeon|Leaf Blade|p2a: Farigiraf\n|-ability|p2a: Farigiraf|Sap Sipper|boost\n|-boost|p2a: Farigiraf|atk|1\n|move|p2a: Farigiraf|Wish|p2a: Farigiraf\n|\n|-end|p1a: Leafeon|move: Heal Block\n|upkeep\n|turn|31\n|\n|t:|1781439029\n|switch|p1a: Iron Jugulis|Iron Jugulis, L77|271/271\n|move|p2a: Farigiraf|Protect||[still]\n|-fail|p2a: Farigiraf\n|\n|-heal|p2a: Farigiraf|351/362|[from] move: Wish|[wisher] Farigiraf\n|upkeep\n|turn|32\n|\n|t:|1781439037\n|move|p1a: Iron Jugulis|Dark Pulse|p2a: Farigiraf\n|-supereffective|p2a: Farigiraf\n|-damage|p2a: Farigiraf|147/362\n|cant|p2a: Farigiraf|flinch\n|\n|upkeep\n|turn|33\n|c|\u2606jopaille|lol\n|c|\u2606jopaille|u reakky need this ?\n|\n|t:|1781439049\n|switch|p2a: Bastiodon|Bastiodon, L89, M|86/252\n|move|p1a: Iron Jugulis|Dark Pulse|p2a: Bastiodon\n|-damage|p2a: Bastiodon|29/252\n|\n|upkeep\n|turn|34\n|\n|t:|1781439055\n|move|p1a: Iron Jugulis|Dark Pulse|p2a: Bastiodon\n|-damage|p2a: Bastiodon|0 fnt\n|faint|p2a: Bastiodon\n|\n|upkeep\n|\n|t:|1781439056\n|switch|p2a: Latios|Latios, L78, M|253/253\n|turn|35\n|c|\u2606UTJUTJ|YE\n|c|\u2606UTJUTJ|YEAHHHHHH\n|c|\u2606jopaille|really\n|c|\u2606UTJUTJ|YEAHHHHHHHH\n|\n|t:|1781439071\n|-terastallize|p1a: Iron Jugulis|Dark\n|move|p2a: Latios|Draco Meteor|p1a: Iron Jugulis\n|-damage|p1a: Iron Jugulis|45/271\n|-unboost|p2a: Latios|spa|2\n|move|p1a: Iron Jugulis|Dark Pulse|p2a: Latios\n|-supereffective|p2a: Latios\n|-damage|p2a: Latios|29/253\n|\n|upkeep\n|turn|36\n|c|\u2606jopaille|no merit on that game\n|c|\u2606UTJUTJ|IT DOESNT MATTER BB\n|\n|t:|1781439089\n|-end|p1a: Iron Jugulis|Quark Drive|[silent]\n|switch|p1a: Scizor|Scizor, L79, F|36/240\n|move|p2a: Latios|Aura Sphere|p1a: Scizor\n|-damage|p1a: Scizor|0 fnt\n|faint|p1a: Scizor\n|\n|upkeep\n|c|\u2606jopaille|re true\n|c|\u2606jopaille|but\n|\n|t:|1781439097\n|switch|p1a: Politoed|Politoed, L88, M|302/302\n|-weather|RainDance|[from] ability: Drizzle|[of] p1a: Politoed\n|turn|37\n|c|\u2606jopaille|no merit on that game anyway\n|\n|t:|1781439106\n|move|p2a: Latios|Draco Meteor|p1a: Politoed\n|-crit|p1a: Politoed\n|-damage|p1a: Politoed|67/302\n|-unboost|p2a: Latios|spa|2\n|move|p1a: Politoed|Weather Ball|p2a: Latios\n|-resisted|p2a: Latios\n|-damage|p2a: Latios|0 fnt\n|faint|p2a: Latios\n|\n|-weather|RainDance|[upkeep]\n|upkeep\n|\n|t:|1781439110\n|switch|p2a: Farigiraf|Farigiraf, L90, F|147/362\n|turn|38\n|c|\u2606UTJUTJ|The dopamine is neccessary\n|c|\u2606UTJUTJ|YEAHHHHH\n|\n|t:|1781439118\n|move|p2a: Farigiraf|Protect|p2a: Farigiraf\n|-singleturn|p2a: Farigiraf|Protect\n|move|p1a: Politoed|Weather Ball|p2a: Farigiraf\n|-activate|p2a: Farigiraf|move: Protect\n|\n|-weather|RainDance|[upkeep]\n|upkeep\n|turn|39\n|\n|t:|1781439123\n|move|p1a: Politoed|Weather Ball|p2a: Farigiraf\n|-damage|p2a: Farigiraf|0 fnt\n|faint|p2a: Farigiraf\n|\n|win|UTJUTJ\n", "uploadtime": 1781438651, "views": 7, "formatid": "gen9randombattle", "rating": null, "private": 0, "password": null}