{"id": "gen9randombattle-2631911082", "format": "[Gen 9] Random Battle", "players": ["1001001sos", "Daruma"], "log": "|j|\u26061001001sos\n|j|\u2606Daruma\n|t:|1781454745\n|gametype|singles\n|player|p1|1001001sos|pokemonranger|2073\n|player|p2|Daruma|#ruplixsleekslushrushers|2080\n|gen|9\n|tier|[Gen 9] Random Battle\n|rated|\n|rule|Species Clause: Limit one of each Pok\u00e9mon\n|rule|HP Percentage Mod: HP is shown in percentages\n|rule|Sleep Clause Mod: Limit one foe put to sleep\n|rule|Illusion Level Mod: Illusion disguises the Pok\u00e9mon's true level\n|\n|t:|1781454745\n|teamsize|p1|6\n|teamsize|p2|6\n|start\n|switch|p1a: Sawsbuck|Sawsbuck, L88, M|284/284\n|switch|p2a: Cacturne|Cacturne, L92, M|278/278\n|turn|1\n|inactive|Battle timer is ON: inactive players will automatically lose when time's up. (requested by Daruma)\n|\n|t:|1781454772\n|move|p1a: Sawsbuck|Double-Edge|p2a: Cacturne\n|-damage|p2a: Cacturne|58/278\n|-damage|p1a: Sawsbuck|211/284|[from] Recoil\n|-damage|p1a: Sawsbuck|183/284|[from] item: Life Orb\n|move|p2a: Cacturne|Knock Off|p1a: Sawsbuck\n|-crit|p1a: Sawsbuck\n|-damage|p1a: Sawsbuck|0 fnt\n|-enditem|p1a: Sawsbuck|Life Orb|[from] move: Knock Off|[of] p2a: Cacturne\n|faint|p1a: Sawsbuck\n|-damage|p2a: Cacturne|31/278|[from] item: Life Orb\n|\n|upkeep\n|\n|t:|1781454778\n|switch|p1a: Venusaur|Venusaur, L84, M|272/272\n|turn|2\n|\n|t:|1781454782\n|move|p2a: Cacturne|Sucker Punch|p1a: Venusaur\n|-damage|p1a: Venusaur|142/272\n|-damage|p2a: Cacturne|4/278|[from] item: Life Orb\n|move|p1a: Venusaur|Sludge Bomb|p2a: Cacturne\n|-supereffective|p2a: Cacturne\n|-damage|p2a: Cacturne|0 fnt\n|faint|p2a: Cacturne\n|\n|-heal|p1a: Venusaur|159/272|[from] item: Leftovers\n|upkeep\n|\n|t:|1781454789\n|switch|p2a: Golduck|Golduck, L90, F|290/290\n|-ability|p2a: Golduck|Cloud Nine\n|turn|3\n|\n|t:|1781454793\n|move|p2a: Golduck|Nasty Plot|p2a: Golduck\n|-boost|p2a: Golduck|spa|2\n|move|p1a: Venusaur|Giga Drain|p2a: Golduck\n|-supereffective|p2a: Golduck\n|-damage|p2a: Golduck|120/290\n|-heal|p1a: Venusaur|244/272|[from] drain|[of] p2a: Golduck\n|\n|-heal|p1a: Venusaur|261/272|[from] item: Leftovers\n|upkeep\n|turn|4\n|\n|t:|1781454801\n|-terastallize|p1a: Venusaur|Water\n|move|p2a: Golduck|Ice Beam|p1a: Venusaur\n|-resisted|p1a: Venusaur\n|-damage|p1a: Venusaur|175/272\n|-damage|p2a: Golduck|91/290|[from] item: Life Orb\n|move|p1a: Venusaur|Giga Drain|p2a: Golduck\n|-supereffective|p2a: Golduck\n|-damage|p2a: Golduck|0 fnt\n|-heal|p1a: Venusaur|221/272|[from] drain|[of] p2a: Golduck\n|faint|p2a: Golduck\n|\n|-heal|p1a: Venusaur|238/272|[from] item: Leftovers\n|upkeep\n|\n|t:|1781454810\n|switch|p2a: Hitmonlee|Hitmonlee, L85, M|223/223\n|turn|5\n|\n|t:|1781454818\n|move|p2a: Hitmonlee|High Jump Kick|p1a: Venusaur\n|-damage|p1a: Venusaur|21/272\n|move|p1a: Venusaur|Sludge Bomb|p2a: Hitmonlee\n|-damage|p2a: Hitmonlee|135/223\n|-status|p2a: Hitmonlee|psn\n|\n|-heal|p1a: Venusaur|38/272|[from] item: Leftovers\n|-damage|p2a: Hitmonlee|108/223 psn|[from] psn\n|upkeep\n|turn|6\n|\n|t:|1781454822\n|move|p2a: Hitmonlee|High Jump Kick|p1a: Venusaur\n|-damage|p1a: Venusaur|0 fnt\n|faint|p1a: Venusaur\n|\n|-damage|p2a: Hitmonlee|81/223 psn|[from] psn\n|upkeep\n|\n|t:|1781454836\n|switch|p1a: Darkrai|Darkrai, L77|234/234\n|turn|7\n|\n|t:|1781454842\n|move|p2a: Hitmonlee|High Jump Kick|p1a: Darkrai\n|-supereffective|p1a: Darkrai\n|-damage|p1a: Darkrai|0 fnt\n|faint|p1a: Darkrai\n|\n|-damage|p2a: Hitmonlee|54/223 psn|[from] psn\n|upkeep\n|\n|t:|1781454859\n|switch|p1a: Whiscash|Whiscash, L88, M|337/337\n|turn|8\n|\n|t:|1781454864\n|move|p2a: Hitmonlee|High Jump Kick|p1a: Whiscash\n|-damage|p1a: Whiscash|115/337\n|move|p1a: Whiscash|Earthquake|p2a: Hitmonlee\n|-damage|p2a: Hitmonlee|0 fnt\n|faint|p2a: Hitmonlee\n|\n|-heal|p1a: Whiscash|136/337|[from] item: Leftovers\n|upkeep\n|\n|t:|1781454868\n|switch|p2a: Iron Valiant|Iron Valiant, L78|244/244\n|turn|9\n|\n|t:|1781454872\n|move|p2a: Iron Valiant|Moonblast|p1a: Whiscash\n|-damage|p1a: Whiscash|0 fnt\n|faint|p1a: Whiscash\n|-damage|p2a: Iron Valiant|220/244|[from] item: Life Orb\n|\n|upkeep\n|\n|t:|1781454874\n|switch|p1a: Komala|Komala, L88, M|258/258\n|-ability|p1a: Komala|Comatose\n|turn|10\n|\n|t:|1781454876\n|move|p2a: Iron Valiant|Close Combat|p1a: Komala\n|-supereffective|p1a: Komala\n|-damage|p1a: Komala|0 fnt\n|-unboost|p2a: Iron Valiant|def|1\n|-unboost|p2a: Iron Valiant|spd|1\n|faint|p1a: Komala\n|-damage|p2a: Iron Valiant|196/244|[from] item: Life Orb\n|\n|upkeep\n|\n|t:|1781454877\n|switch|p1a: Politoed|Politoed, L88, M|302/302\n|-weather|RainDance|[from] ability: Drizzle|[of] p1a: Politoed\n|turn|11\n|\n|t:|1781454881\n|move|p2a: Iron Valiant|Close Combat|p1a: Politoed\n|-damage|p1a: Politoed|106/302\n|-unboost|p2a: Iron Valiant|def|1\n|-unboost|p2a: Iron Valiant|spd|1\n|-damage|p2a: Iron Valiant|172/244|[from] item: Life Orb\n|move|p1a: Politoed|Surf|p2a: Iron Valiant\n|-damage|p2a: Iron Valiant|0 fnt\n|faint|p2a: Iron Valiant\n|-end|p2a: Iron Valiant|Quark Drive|[silent]\n|\n|-weather|RainDance|[upkeep]\n|upkeep\n|\n|t:|1781454894\n|switch|p2a: Palossand|Palossand, L89, F|296/296\n|turn|12\n|\n|t:|1781454908\n|-terastallize|p2a: Palossand|Poison\n|move|p1a: Politoed|Rest|p1a: Politoed\n|-status|p1a: Politoed|slp|[from] move: Rest\n|-heal|p1a: Politoed|302/302 slp|[silent]\n|-enditem|p1a: Politoed|Chesto Berry|[eat]\n|-curestatus|p1a: Politoed|slp|[msg]\n|move|p2a: Palossand|Shadow Ball|p1a: Politoed\n|-damage|p1a: Politoed|215/302\n|\n|-weather|RainDance|[upkeep]\n|upkeep\n|turn|13\n|\n|t:|1781454912\n|move|p1a: Politoed|Surf|p2a: Palossand\n|-damage|p2a: Palossand|134/296\n|-ability|p2a: Palossand|Water Compaction|boost\n|-boost|p2a: Palossand|def|2\n|move|p2a: Palossand|Shadow Ball|p1a: Politoed\n|-damage|p1a: Politoed|136/302\n|\n|-weather|RainDance|[upkeep]\n|-heal|p2a: Palossand|152/296|[from] item: Leftovers\n|upkeep\n|turn|14\n|\n|t:|1781454918\n|switch|p2a: Milotic|Milotic, L83, F|293/293\n|move|p1a: Politoed|Surf|p2a: Milotic\n|-resisted|p2a: Milotic\n|-damage|p2a: Milotic|236/293\n|\n|-weather|RainDance|[upkeep]\n|-heal|p2a: Milotic|254/293|[from] item: Leftovers\n|upkeep\n|turn|15\n|\n|t:|1781454922\n|move|p2a: Milotic|Scald|p1a: Politoed\n|-resisted|p1a: Politoed\n|-damage|p1a: Politoed|81/302\n|-status|p1a: Politoed|brn\n|move|p1a: Politoed|Surf|p2a: Milotic\n|-resisted|p2a: Milotic\n|-damage|p2a: Milotic|200/293\n|\n|-weather|none\n|-heal|p2a: Milotic|218/293|[from] item: Leftovers\n|-damage|p1a: Politoed|63/302 brn|[from] brn\n|upkeep\n|turn|16\n|\n|t:|1781454931\n|move|p2a: Milotic|Scald|p1a: Politoed\n|-resisted|p1a: Politoed\n|-damage|p1a: Politoed|25/302 brn\n|move|p1a: Politoed|Rest|p1a: Politoed\n|-status|p1a: Politoed|slp|[from] move: Rest\n|-heal|p1a: Politoed|302/302 slp|[silent]\n|\n|-heal|p2a: Milotic|236/293|[from] item: Leftovers\n|upkeep\n|turn|17\n|\n|t:|1781454934\n|switch|p2a: Palossand|Palossand, L89, F, tera:Poison|152/296\n|cant|p1a: Politoed|slp\n|\n|-heal|p2a: Palossand|170/296|[from] item: Leftovers\n|upkeep\n|turn|18\n|\n|t:|1781454936\n|cant|p1a: Politoed|slp\n|move|p2a: Palossand|Shore Up|p2a: Palossand\n|-heal|p2a: Palossand|296/296\n|\n|upkeep\n|turn|19\n|\n|t:|1781454938\n|-curestatus|p1a: Politoed|slp|[msg]\n|move|p1a: Politoed|Encore|p2a: Palossand\n|-start|p2a: Palossand|Encore\n|move|p2a: Palossand|Shore Up|p2a: Palossand\n|-fail|p2a: Palossand|heal\n|\n|upkeep\n|turn|20\n|\n|t:|1781454942\n|switch|p2a: Milotic|Milotic, L83, F|236/293\n|move|p1a: Politoed|Ice Beam|p2a: Milotic\n|-resisted|p2a: Milotic\n|-damage|p2a: Milotic|212/293\n|\n|-heal|p2a: Milotic|230/293|[from] item: Leftovers\n|upkeep\n|turn|21\n|\n|t:|1781454946\n|move|p2a: Milotic|Scald|p1a: Politoed\n|-resisted|p1a: Politoed\n|-damage|p1a: Politoed|267/302\n|move|p1a: Politoed|Surf|p2a: Milotic\n|-resisted|p2a: Milotic\n|-damage|p2a: Milotic|191/293\n|\n|-heal|p2a: Milotic|209/293|[from] item: Leftovers\n|upkeep\n|turn|22\n|\n|t:|1781454948\n|move|p2a: Milotic|Scald|p1a: Politoed\n|-resisted|p1a: Politoed\n|-damage|p1a: Politoed|232/302\n|move|p1a: Politoed|Surf|p2a: Milotic\n|-resisted|p2a: Milotic\n|-damage|p2a: Milotic|170/293\n|\n|-heal|p2a: Milotic|188/293|[from] item: Leftovers\n|upkeep\n|turn|23\n|\n|t:|1781454950\n|move|p2a: Milotic|Scald|p1a: Politoed\n|-resisted|p1a: Politoed\n|-damage|p1a: Politoed|193/302\n|-status|p1a: Politoed|brn\n|move|p1a: Politoed|Surf|p2a: Milotic\n|-resisted|p2a: Milotic\n|-damage|p2a: Milotic|152/293\n|\n|-heal|p2a: Milotic|170/293|[from] item: Leftovers\n|-damage|p1a: Politoed|175/302 brn|[from] brn\n|upkeep\n|turn|24\n|\n|t:|1781454952\n|move|p2a: Milotic|Recover|p2a: Milotic\n|-heal|p2a: Milotic|293/293\n|move|p1a: Politoed|Surf|p2a: Milotic\n|-resisted|p2a: Milotic\n|-damage|p2a: Milotic|253/293\n|\n|-heal|p2a: Milotic|271/293|[from] item: Leftovers\n|-damage|p1a: Politoed|157/302 brn|[from] brn\n|upkeep\n|turn|25\n|\n|t:|1781454955\n|move|p2a: Milotic|Scald|p1a: Politoed\n|-resisted|p1a: Politoed\n|-damage|p1a: Politoed|123/302 brn\n|move|p1a: Politoed|Rest|p1a: Politoed\n|-status|p1a: Politoed|slp|[from] move: Rest\n|-heal|p1a: Politoed|302/302 slp|[silent]\n|\n|-heal|p2a: Milotic|289/293|[from] item: Leftovers\n|upkeep\n|turn|26\n|\n|t:|1781454958\n|switch|p2a: Palossand|Palossand, L89, F, tera:Poison|296/296\n|cant|p1a: Politoed|slp\n|\n|upkeep\n|turn|27\n|\n|t:|1781454960\n|cant|p1a: Politoed|slp\n|move|p2a: Palossand|Shadow Ball|p1a: Politoed\n|-damage|p1a: Politoed|214/302 slp\n|\n|upkeep\n|turn|28\n|\n|t:|1781454962\n|-curestatus|p1a: Politoed|slp|[msg]\n|move|p1a: Politoed|Ice Beam|p2a: Palossand\n|-damage|p2a: Palossand|230/296\n|move|p2a: Palossand|Shadow Ball|p1a: Politoed\n|-damage|p1a: Politoed|126/302\n|-unboost|p1a: Politoed|spd|1\n|\n|-heal|p2a: Palossand|248/296|[from] item: Leftovers\n|upkeep\n|turn|29\n|\n|t:|1781454968\n|move|p1a: Politoed|Ice Beam|p2a: Palossand\n|-damage|p2a: Palossand|183/296\n|move|p2a: Palossand|Earth Power|p1a: Politoed\n|-damage|p1a: Politoed|0 fnt\n|faint|p1a: Politoed\n|\n|win|Daruma\n", "uploadtime": 1781454747, "views": 3, "formatid": "gen9randombattle", "rating": null, "private": 0, "password": null}