{"id": "gen9randombattle-2631756122", "format": "[Gen 9] Random Battle", "players": ["huh blue", "demoivrestheorem"], "log": "|j|\u2606huh blue\n|j|\u2606demoivrestheorem\n|t:|1781434582\n|gametype|singles\n|player|p1|huh blue|steven|1990\n|player|p2|demoivrestheorem|richboy|1979\n|gen|9\n|tier|[Gen 9] Random Battle\n|rated|\n|rule|Species Clause: Limit one of each Pok\u00e9mon\n|rule|HP Percentage Mod: HP is shown in percentages\n|rule|Sleep Clause Mod: Limit one foe put to sleep\n|rule|Illusion Level Mod: Illusion disguises the Pok\u00e9mon's true level\n|\n|t:|1781434582\n|teamsize|p1|6\n|teamsize|p2|6\n|start\n|switch|p1a: Hypno|Hypno, L95, M|315/315\n|switch|p2a: Sudowoodo|Sudowoodo, L94, M|284/284\n|turn|1\n|inactive|Battle timer is ON: inactive players will automatically lose when time's up. (requested by huh blue)\n|\n|t:|1781434605\n|switch|p1a: Meganium|Meganium, L90, F|290/290\n|move|p2a: Sudowoodo|Stealth Rock|p1a: Meganium\n|-sidestart|p1: huh blue|move: Stealth Rock\n|\n|upkeep\n|turn|2\n|\n|t:|1781434617\n|switch|p2a: Corviknight|Corviknight, L80, F|288/288\n|move|p1a: Meganium|Knock Off|p2a: Corviknight\n|-damage|p2a: Corviknight|228/288\n|-enditem|p2a: Corviknight|Leftovers|[from] move: Knock Off|[of] p1a: Meganium\n|\n|upkeep\n|turn|3\n|\n|t:|1781434634\n|switch|p1a: Iron Moth|Iron Moth, L78|253/253\n|switch|p2a: Tsareena|Tsareena, L87, F|267/267\n|\n|upkeep\n|turn|4\n|\n|t:|1781434643\n|switch|p2a: Manaphy|Manaphy, L78|284/284\n|move|p1a: Iron Moth|U-turn|p2a: Manaphy\n|-damage|p2a: Manaphy|250/284\n|\n|t:|1781434651\n|-end|p1a: Iron Moth|Quark Drive|[silent]\n|switch|p1a: Meganium|Meganium, L90, F|290/290|[from] U-turn\n|-damage|p1a: Meganium|254/290|[from] Stealth Rock\n|\n|-heal|p2a: Manaphy|267/284|[from] item: Leftovers\n|-heal|p1a: Meganium|272/290|[from] item: Leftovers\n|upkeep\n|turn|5\n|\n|t:|1781434660\n|switch|p2a: Corviknight|Corviknight, L80, F|228/288\n|move|p1a: Meganium|Knock Off|p2a: Corviknight\n|-damage|p2a: Corviknight|188/288\n|\n|-heal|p1a: Meganium|290/290|[from] item: Leftovers\n|upkeep\n|turn|6\n|\n|t:|1781434683\n|switch|p1a: Iron Moth|Iron Moth, L78|253/253\n|move|p2a: Corviknight|Brave Bird|p1a: Iron Moth\n|-damage|p1a: Iron Moth|96/253\n|-damage|p2a: Corviknight|136/288|[from] Recoil\n|\n|upkeep\n|turn|7\n|\n|t:|1781434692\n|switch|p2a: Manaphy|Manaphy, L78|267/284\n|move|p1a: Iron Moth|Morning Sun|p1a: Iron Moth\n|-heal|p1a: Iron Moth|222/253\n|\n|-heal|p2a: Manaphy|284/284|[from] item: Leftovers\n|upkeep\n|turn|8\n|\n|t:|1781434718\n|move|p1a: Iron Moth|U-turn|p2a: Manaphy\n|-damage|p2a: Manaphy|252/284\n|\n|t:|1781434720\n|-end|p1a: Iron Moth|Quark Drive|[silent]\n|switch|p1a: Meganium|Meganium, L90, F|290/290|[from] U-turn\n|-damage|p1a: Meganium|254/290|[from] Stealth Rock\n|move|p2a: Manaphy|Tail Glow|p2a: Manaphy\n|-boost|p2a: Manaphy|spa|3\n|\n|-heal|p2a: Manaphy|269/284|[from] item: Leftovers\n|-heal|p1a: Meganium|272/290|[from] item: Leftovers\n|upkeep\n|turn|9\n|\n|t:|1781434723\n|move|p2a: Manaphy|Ice Beam|p1a: Meganium\n|-supereffective|p1a: Meganium\n|-damage|p1a: Meganium|48/290\n|move|p1a: Meganium|Encore|p2a: Manaphy\n|-start|p2a: Manaphy|Encore\n|\n|-heal|p2a: Manaphy|284/284|[from] item: Leftovers\n|-heal|p1a: Meganium|66/290|[from] item: Leftovers\n|upkeep\n|turn|10\n|\n|t:|1781434728\n|switch|p1a: Hypno|Hypno, L95, M|315/315\n|-damage|p1a: Hypno|276/315|[from] Stealth Rock\n|move|p2a: Manaphy|Ice Beam|p1a: Hypno\n|-damage|p1a: Hypno|174/315\n|\n|-heal|p1a: Hypno|193/315|[from] item: Leftovers\n|upkeep\n|turn|11\n|\n|t:|1781434734\n|move|p2a: Manaphy|Ice Beam|p1a: Hypno\n|-damage|p1a: Hypno|92/315\n|move|p1a: Hypno|Thunder Wave|p2a: Manaphy\n|-status|p2a: Manaphy|par\n|\n|-heal|p1a: Hypno|111/315|[from] item: Leftovers\n|upkeep\n|turn|12\n|\n|t:|1781434746\n|move|p1a: Hypno|Psychic Noise|p2a: Manaphy\n|-damage|p2a: Manaphy|209/284 par\n|-start|p2a: Manaphy|move: Heal Block\n|cant|p2a: Manaphy|par\n|\n|-heal|p1a: Hypno|130/315|[from] item: Leftovers\n|-end|p2a: Manaphy|Encore\n|upkeep\n|turn|13\n|\n|t:|1781434758\n|move|p1a: Hypno|Psychic Noise|p2a: Manaphy\n|-damage|p2a: Manaphy|125/284 par\n|move|p2a: Manaphy|Surf|p1a: Hypno\n|-damage|p1a: Hypno|0 fnt\n|faint|p1a: Hypno\n|\n|-end|p2a: Manaphy|move: Heal Block\n|upkeep\n|\n|t:|1781434765\n|switch|p1a: Meganium|Meganium, L90, F|66/290\n|-damage|p1a: Meganium|30/290|[from] Stealth Rock\n|turn|14\n|\n|t:|1781434769\n|move|p1a: Meganium|Energy Ball|p2a: Manaphy\n|-supereffective|p2a: Manaphy\n|-damage|p2a: Manaphy|0 fnt\n|faint|p2a: Manaphy\n|\n|-heal|p1a: Meganium|48/290|[from] item: Leftovers\n|upkeep\n|\n|t:|1781434775\n|switch|p2a: Corviknight|Corviknight, L80, F|136/288\n|turn|15\n|\n|t:|1781434789\n|switch|p1a: Carbink|Carbink, L90|236/236\n|-damage|p1a: Carbink|207/236|[from] Stealth Rock\n|move|p2a: Corviknight|Brave Bird|p1a: Carbink\n|-resisted|p1a: Carbink\n|-damage|p1a: Carbink|174/236\n|-damage|p2a: Corviknight|125/288|[from] Recoil\n|\n|upkeep\n|turn|16\n|\n|t:|1781434803\n|switch|p2a: Tsareena|Tsareena, L87, F|267/267\n|move|p1a: Carbink|Iron Defense|p1a: Carbink\n|-boost|p1a: Carbink|def|2\n|\n|upkeep\n|turn|17\n|\n|t:|1781434808\n|-terastallize|p1a: Carbink|Fighting\n|move|p2a: Tsareena|Power Whip|p1a: Carbink\n|-damage|p1a: Carbink|129/236\n|move|p1a: Carbink|Iron Defense|p1a: Carbink\n|-boost|p1a: Carbink|def|2\n|\n|upkeep\n|turn|18\n|\n|t:|1781434821\n|move|p2a: Tsareena|Triple Axel|p1a: Carbink\n|-damage|p1a: Carbink|125/236\n|-damage|p1a: Carbink|118/236\n|-damage|p1a: Carbink|107/236\n|-hitcount|p1a: Carbink|3\n|move|p1a: Carbink|Rest|p1a: Carbink\n|-status|p1a: Carbink|slp|[from] move: Rest\n|-heal|p1a: Carbink|236/236 slp|[silent]\n|-enditem|p1a: Carbink|Chesto Berry|[eat]\n|-curestatus|p1a: Carbink|slp|[msg]\n|\n|upkeep\n|turn|19\n|\n|t:|1781434831\n|move|p2a: Tsareena|U-turn|p1a: Carbink\n|-resisted|p1a: Carbink\n|-crit|p1a: Carbink\n|-damage|p1a: Carbink|207/236\n|\n|t:|1781434834\n|switch|p2a: Corviknight|Corviknight, L80, F|125/288|[from] U-turn\n|move|p1a: Carbink|Body Press|p2a: Corviknight\n|-damage|p2a: Corviknight|0 fnt\n|faint|p2a: Corviknight\n|\n|upkeep\n|\n|t:|1781434838\n|switch|p2a: Ursaluna|Ursaluna-Bloodmoon, L79, M|308/308\n|turn|20\n|\n|t:|1781434842\n|-terastallize|p2a: Ursaluna|Ghost\n|move|p1a: Carbink|Body Press|p2a: Ursaluna\n|-immune|p2a: Ursaluna\n|move|p2a: Ursaluna|Calm Mind|p2a: Ursaluna\n|-boost|p2a: Ursaluna|spa|1\n|-boost|p2a: Ursaluna|spd|1\n|\n|upkeep\n|turn|21\n|\n|t:|1781434847\n|switch|p1a: Meganium|Meganium, L90, F|48/290\n|-damage|p1a: Meganium|12/290|[from] Stealth Rock\n|move|p2a: Ursaluna|Calm Mind|p2a: Ursaluna\n|-boost|p2a: Ursaluna|spa|1\n|-boost|p2a: Ursaluna|spd|1\n|\n|-heal|p1a: Meganium|30/290|[from] item: Leftovers\n|upkeep\n|turn|22\n|\n|t:|1781434852\n|move|p2a: Ursaluna|Vacuum Wave|p1a: Meganium\n|-damage|p1a: Meganium|0 fnt\n|faint|p1a: Meganium\n|\n|upkeep\n|\n|t:|1781434855\n|switch|p1a: Moltres|Moltres-Galar, L79|271/271\n|-damage|p1a: Moltres|204/271|[from] Stealth Rock\n|turn|23\n|\n|t:|1781434860\n|move|p1a: Moltres|Fiery Wrath|p2a: Ursaluna\n|-supereffective|p2a: Ursaluna\n|-damage|p2a: Ursaluna|188/308\n|move|p2a: Ursaluna|Blood Moon|p1a: Moltres\n|-damage|p1a: Moltres|0 fnt\n|faint|p1a: Moltres\n|\n|-heal|p2a: Ursaluna|207/308|[from] item: Leftovers\n|upkeep\n|\n|t:|1781434872\n|switch|p1a: Iron Leaves|Iron Leaves, L80|275/275\n|-damage|p1a: Iron Leaves|241/275|[from] Stealth Rock\n|turn|24\n|\n|t:|1781434878\n|move|p1a: Iron Leaves|Leaf Blade|p2a: Ursaluna\n|-damage|p2a: Ursaluna|68/308\n|move|p2a: Ursaluna|Moonlight|p2a: Ursaluna\n|-heal|p2a: Ursaluna|222/308\n|\n|-heal|p2a: Ursaluna|241/308|[from] item: Leftovers\n|upkeep\n|turn|25\n|\n|t:|1781434882\n|move|p1a: Iron Leaves|Leaf Blade|p2a: Ursaluna\n|-damage|p2a: Ursaluna|108/308\n|move|p2a: Ursaluna|Blood Moon|p1a: Iron Leaves\n|-damage|p1a: Iron Leaves|0 fnt\n|faint|p1a: Iron Leaves\n|-end|p1a: Iron Leaves|Quark Drive|[silent]\n|\n|-heal|p2a: Ursaluna|127/308|[from] item: Leftovers\n|upkeep\n|\n|t:|1781434888\n|switch|p1a: Iron Moth|Iron Moth, L78|222/253\n|turn|26\n|\n|t:|1781434892\n|move|p1a: Iron Moth|Fire Blast|p2a: Ursaluna\n|-damage|p2a: Ursaluna|43/308\n|move|p2a: Ursaluna|Moonlight|p2a: Ursaluna\n|-heal|p2a: Ursaluna|197/308\n|\n|-heal|p2a: Ursaluna|216/308|[from] item: Leftovers\n|upkeep\n|turn|27\n|-message|huh blue forfeited.\n|\n|win|demoivrestheorem\n", "inputlog": ">version a8376a258c1d4662feba110a92103f3664a72141\n>start {\"formatid\":\"gen9randombattle\",\"seed\":\"sodium,845ee253352bf8b90286504428d1f02b\",\"rated\":\"Rated battle\"}\n>player p1 {\"name\":\"huh blue\",\"avatar\":\"steven\",\"rating\":1990,\"seed\":\"sodium,72cb66cde59605293c5870b8e7084a01\"}\n>player p2 {\"name\":\"demoivrestheorem\",\"avatar\":\"richboy\",\"rating\":1979,\"seed\":\"sodium,5e474fcd77282e019bf77fc8017b90d4\"}\n>p1 switch 2\n>p2 move stealthrock\n>p1 move knockoff\n>p2 switch 6\n>p1 switch 3\n>p2 switch 4\n>p1 move uturn\n>p2 switch 5\n>p1 switch 3\n>p1 move knockoff\n>p2 switch 4\n>p1 switch 3\n>p2 move bravebird\n>p1 move morningsun\n>p2 switch 4\n>p1 move uturn\n>p2 move tailglow\n>p1 switch 3\n>p1 move encore\n>p2 move icebeam\n>p1 switch 2\n>p2 move icebeam\n>p1 move thunderwave\n>p2 move icebeam\n>p1 move psychicnoise\n>p2 move icebeam\n>p1 move psychicnoise\n>p2 move surf\n>p1 switch 2\n>p1 move energyball\n>p2 move icebeam\n>p2 switch 4\n>p1 switch 6\n>p2 move bravebird\n>p1 move irondefense\n>p2 switch 5\n>p1 move irondefense terastallize\n>p2 move powerwhip\n>p1 move rest\n>p2 move tripleaxel\n>p1 move bodypress\n>p2 move uturn\n>p2 switch 5\n>p2 switch 3\n>p1 move bodypress\n>p2 move calmmind terastallize\n>p1 switch 6\n>p2 move calmmind\n>p1 move encore\n>p2 move vacuumwave\n>p1 switch 5\n>p1 move fierywrath\n>p2 move bloodmoon\n>p1 switch 4\n>p1 move leafblade\n>p2 move moonlight\n>p1 move leafblade\n>p2 move bloodmoon\n>p1 switch 3\n>p1 move fireblast\n>p2 move moonlight\n>forcelose p1", "uploadtime": 1781434583, "views": 4, "formatid": "gen9randombattle", "rating": null, "private": 0, "password": null}