{"id": "gen9randombattle-2631808658", "format": "[Gen 9] Random Battle", "players": ["pagenfranskane", "Mastersatanr"], "log": "|j|\u2606pagenfranskane\n|j|\u2606Mastersatanr\n|t:|1781442729\n|gametype|singles\n|player|p1|pagenfranskane|battlegirl|2022\n|player|p2|Mastersatanr|acetrainer-gen2|1972\n|gen|9\n|tier|[Gen 9] Random Battle\n|rated|\n|rule|Species Clause: Limit one of each Pok\u00e9mon\n|rule|HP Percentage Mod: HP is shown in percentages\n|rule|Sleep Clause Mod: Limit one foe put to sleep\n|rule|Illusion Level Mod: Illusion disguises the Pok\u00e9mon's true level\n|\n|t:|1781442729\n|teamsize|p1|6\n|teamsize|p2|6\n|start\n|switch|p1a: Enamorus|Enamorus-Therian, L83, F|259/259\n|switch|p2a: Hypno|Hypno, L95, M|315/315\n|turn|1\n|inactive|Battle timer is ON: inactive players will automatically lose when time's up. (requested by Mastersatanr)\n|\n|t:|1781442752\n|switch|p1a: Revavroom|Revavroom, L79, F|256/256\n|move|p2a: Hypno|Toxic|p1a: Revavroom\n|-immune|p1a: Revavroom\n|\n|upkeep\n|turn|2\n|\n|t:|1781442758\n|move|p1a: Revavroom|Shift Gear|p1a: Revavroom\n|-boost|p1a: Revavroom|spe|2\n|-boost|p1a: Revavroom|atk|1\n|move|p2a: Hypno|Encore|p1a: Revavroom\n|-start|p1a: Revavroom|Encore\n|\n|upkeep\n|turn|3\n|\n|t:|1781442766\n|switch|p1a: Weezing|Weezing-Galar, L86, F|252/252\n|move|p2a: Hypno|Psychic Noise|p1a: Weezing\n|-supereffective|p1a: Weezing\n|-damage|p1a: Weezing|66/252\n|-start|p1a: Weezing|move: Heal Block\n|\n|upkeep\n|turn|4\n|\n|t:|1781442775\n|switch|p1a: Revavroom|Revavroom, L79, F|256/256\n|move|p2a: Hypno|Psychic Noise|p1a: Revavroom\n|-damage|p1a: Revavroom|141/256\n|-start|p1a: Revavroom|move: Heal Block\n|\n|upkeep\n|turn|5\n|\n|t:|1781442781\n|move|p1a: Revavroom|Shift Gear|p1a: Revavroom\n|-boost|p1a: Revavroom|spe|2\n|-boost|p1a: Revavroom|atk|1\n|move|p2a: Hypno|Psychic Noise|p1a: Revavroom\n|-damage|p1a: Revavroom|35/256\n|\n|-end|p1a: Revavroom|move: Heal Block\n|upkeep\n|turn|6\n|\n|t:|1781442790\n|move|p1a: Revavroom|Gunk Shot|p2a: Hypno\n|-damage|p2a: Hypno|50/315\n|-status|p2a: Hypno|psn\n|-damage|p1a: Revavroom|10/256|[from] item: Life Orb\n|move|p2a: Hypno|Psychic Noise|p1a: Revavroom\n|-damage|p1a: Revavroom|0 fnt\n|faint|p1a: Revavroom\n|\n|-heal|p2a: Hypno|69/315 psn|[from] item: Leftovers\n|-damage|p2a: Hypno|30/315 psn|[from] psn\n|upkeep\n|\n|t:|1781442797\n|switch|p1a: Pikachu|Pikachu-World, L93, M|216/216\n|turn|7\n|\n|t:|1781442800\n|switch|p2a: Gastrodon|Gastrodon, L86, M|331/331\n|move|p1a: Pikachu|Fake Out|p2a: Gastrodon\n|-damage|p2a: Gastrodon|274/331\n|\n|-heal|p2a: Gastrodon|294/331|[from] item: Leftovers\n|upkeep\n|turn|8\n|\n|t:|1781442818\n|switch|p1a: Torterra|Torterra, L78, M|276/276\n|move|p2a: Gastrodon|Spikes|p1a: Torterra\n|-sidestart|p1: pagenfranskane|Spikes\n|\n|-heal|p2a: Gastrodon|314/331|[from] item: Leftovers\n|upkeep\n|turn|9\n|\n|t:|1781442824\n|move|p1a: Torterra|Shell Smash|p1a: Torterra\n|-unboost|p1a: Torterra|def|1\n|-unboost|p1a: Torterra|spd|1\n|-boost|p1a: Torterra|atk|2\n|-boost|p1a: Torterra|spa|2\n|-boost|p1a: Torterra|spe|2\n|move|p2a: Gastrodon|Ice Beam|p1a: Torterra\n|-supereffective|p1a: Torterra\n|-damage|p1a: Torterra|0 fnt\n|faint|p1a: Torterra\n|\n|-heal|p2a: Gastrodon|331/331|[from] item: Leftovers\n|upkeep\n|\n|t:|1781442828\n|switch|p1a: Misdreavus|Misdreavus, L90, M|254/254\n|turn|10\n|\n|t:|1781442837\n|switch|p2a: Sceptile|Sceptile, L87, M|264/264\n|move|p1a: Misdreavus|Calm Mind|p1a: Misdreavus\n|-boost|p1a: Misdreavus|spa|1\n|-boost|p1a: Misdreavus|spd|1\n|\n|upkeep\n|turn|11\n|\n|t:|1781442842\n|move|p2a: Sceptile|Leech Seed|p1a: Misdreavus\n|-start|p1a: Misdreavus|move: Leech Seed\n|move|p1a: Misdreavus|Shadow Ball|p2a: Sceptile\n|-damage|p2a: Sceptile|122/264\n|-unboost|p2a: Sceptile|spd|1\n|\n|-heal|p2a: Sceptile|138/264|[from] item: Leftovers\n|-damage|p1a: Misdreavus|223/254|[from] Leech Seed|[of] p2a: Sceptile\n|-heal|p2a: Sceptile|169/264|[silent]\n|upkeep\n|turn|12\n|\n|t:|1781442848\n|move|p2a: Sceptile|Substitute|p2a: Sceptile\n|-start|p2a: Sceptile|Substitute\n|-damage|p2a: Sceptile|103/264\n|move|p1a: Misdreavus|Shadow Ball|p2a: Sceptile\n|-end|p2a: Sceptile|Substitute\n|\n|-heal|p2a: Sceptile|119/264|[from] item: Leftovers\n|-damage|p1a: Misdreavus|192/254|[from] Leech Seed|[of] p2a: Sceptile\n|-heal|p2a: Sceptile|150/264|[silent]\n|upkeep\n|turn|13\n|\n|t:|1781442857\n|switch|p2a: Lokix|Lokix, L82, M|251/251\n|move|p1a: Misdreavus|Calm Mind|p1a: Misdreavus\n|-boost|p1a: Misdreavus|spa|1\n|-boost|p1a: Misdreavus|spd|1\n|\n|-damage|p1a: Misdreavus|161/254|[from] Leech Seed|[of] p2a: Lokix\n|upkeep\n|turn|14\n|\n|t:|1781442870\n|move|p2a: Lokix|Sucker Punch||[still]\n|-fail|p2a: Lokix\n|move|p1a: Misdreavus|Will-O-Wisp|p2a: Lokix\n|-status|p2a: Lokix|brn\n|\n|-damage|p1a: Misdreavus|130/254|[from] Leech Seed|[of] p2a: Lokix\n|-damage|p2a: Lokix|236/251 brn|[from] brn\n|upkeep\n|turn|15\n|\n|t:|1781442881\n|-terastallize|p1a: Misdreavus|Fairy\n|move|p1a: Misdreavus|Draining Kiss|p2a: Lokix\n|-supereffective|p2a: Lokix\n|-damage|p2a: Lokix|0 fnt\n|-heal|p1a: Misdreavus|254/254|[from] drain|[of] p2a: Lokix\n|faint|p2a: Lokix\n|\n|upkeep\n|\n|t:|1781442883\n|switch|p2a: Copperajah|Copperajah, L86, M|350/350\n|turn|16\n|\n|t:|1781442888\n|move|p1a: Misdreavus|Will-O-Wisp|p2a: Copperajah\n|-status|p2a: Copperajah|brn\n|move|p2a: Copperajah|Iron Head|p1a: Misdreavus\n|-supereffective|p1a: Misdreavus\n|-damage|p1a: Misdreavus|97/254\n|\n|-damage|p1a: Misdreavus|66/254|[from] Leech Seed|[of] p2a: Copperajah\n|-damage|p2a: Copperajah|329/350 brn|[from] brn\n|upkeep\n|turn|17\n|\n|t:|1781442894\n|move|p1a: Misdreavus|Shadow Ball|p2a: Copperajah\n|-damage|p2a: Copperajah|140/350 brn\n|move|p2a: Copperajah|Iron Head|p1a: Misdreavus\n|-supereffective|p1a: Misdreavus\n|-damage|p1a: Misdreavus|0 fnt\n|faint|p1a: Misdreavus\n|\n|-damage|p2a: Copperajah|119/350 brn|[from] brn\n|upkeep\n|\n|t:|1781442902\n|switch|p1a: Enamorus|Enamorus-Therian, L83, F|259/259\n|turn|18\n|\n|t:|1781442906\n|move|p1a: Enamorus|Moonblast|p2a: Copperajah\n|-resisted|p2a: Copperajah\n|-damage|p2a: Copperajah|42/350 brn\n|-unboost|p2a: Copperajah|spa|1\n|move|p2a: Copperajah|Iron Head|p1a: Enamorus\n|-supereffective|p1a: Enamorus\n|-damage|p1a: Enamorus|86/259\n|\n|-damage|p2a: Copperajah|21/350 brn|[from] brn\n|upkeep\n|turn|19\n|\n|t:|1781442917\n|move|p1a: Enamorus|Moonblast|p2a: Copperajah\n|-resisted|p2a: Copperajah\n|-damage|p2a: Copperajah|0 fnt\n|faint|p2a: Copperajah\n|\n|upkeep\n|\n|t:|1781442929\n|switch|p2a: Walking Wake|Walking Wake, L79|286/286\n|turn|20\n|\n|t:|1781442940\n|-terastallize|p2a: Walking Wake|Fire\n|move|p2a: Walking Wake|Flamethrower|p1a: Enamorus\n|-damage|p1a: Enamorus|4/259\n|-damage|p2a: Walking Wake|258/286|[from] item: Life Orb\n|move|p1a: Enamorus|Moonblast|p2a: Walking Wake\n|-resisted|p2a: Walking Wake\n|-damage|p2a: Walking Wake|182/286\n|\n|upkeep\n|turn|21\n|\n|t:|1781442944\n|move|p2a: Walking Wake|Flamethrower|p1a: Enamorus\n|-damage|p1a: Enamorus|0 fnt\n|faint|p1a: Enamorus\n|-damage|p2a: Walking Wake|154/286|[from] item: Life Orb\n|\n|upkeep\n|\n|t:|1781442947\n|switch|p1a: Pikachu|Pikachu-World, L93, M|216/216\n|-damage|p1a: Pikachu|189/216|[from] Spikes\n|turn|22\n|\n|t:|1781442951\n|-end|p2a: Walking Wake|Protosynthesis|[silent]\n|switch|p2a: Gastrodon|Gastrodon, L86, M|331/331\n|move|p1a: Pikachu|Fake Out|p2a: Gastrodon\n|-damage|p2a: Gastrodon|275/331\n|\n|-heal|p2a: Gastrodon|295/331|[from] item: Leftovers\n|upkeep\n|turn|23\n|\n|t:|1781442969\n|switch|p1a: Weezing|Weezing-Galar, L86, F|66/252\n|move|p2a: Gastrodon|Ice Beam|p1a: Weezing\n|-damage|p1a: Weezing|0 fnt\n|faint|p1a: Weezing\n|\n|-heal|p2a: Gastrodon|315/331|[from] item: Leftovers\n|upkeep\n|-message|pagenfranskane forfeited.\n|\n|win|Mastersatanr\n", "inputlog": ">version a8376a258c1d4662feba110a92103f3664a72141\n>start {\"formatid\":\"gen9randombattle\",\"seed\":\"sodium,e69aa6029b5cf9fde31ec471eed43419\",\"rated\":\"Rated battle\"}\n>player p1 {\"name\":\"pagenfranskane\",\"avatar\":\"battlegirl\",\"rating\":2022,\"seed\":\"sodium,a113e2a2b8ebcc53584e9ad8a0e2f09d\"}\n>player p2 {\"name\":\"Mastersatanr\",\"avatar\":\"acetrainer-gen2\",\"rating\":1972,\"seed\":\"sodium,88f1404f48785098e62476535a659a9b\"}\n>p1 switch 6\n>p2 move toxic\n>p1 move shiftgear\n>p2 move encore\n>p1 switch 4\n>p2 move psychicnoise\n>p1 switch 4\n>p2 move psychicnoise\n>p1 move shiftgear\n>p2 move psychicnoise\n>p1 move gunkshot\n>p2 move psychicnoise\n>p1 switch 2\n>p1 move fakeout\n>p2 switch 6\n>p1 switch 3\n>p2 move spikes\n>p1 move shellsmash\n>p2 move icebeam\n>p1 switch 5\n>p1 move calmmind\n>p2 switch 3\n>p1 move shadowball\n>p2 move leechseed\n>p1 move shadowball\n>p2 move substitute\n>p1 move calmmind\n>p2 switch 2\n>p1 move willowisp\n>p2 move suckerpunch\n>p1 move drainingkiss terastallize\n>p2 move knockoff\n>p2 switch 4\n>p1 move willowisp\n>p2 move ironhead\n>p1 move shadowball\n>p2 move ironhead\n>p1 switch 6\n>p1 move moonblast\n>p2 move ironhead\n>p1 move moonblast\n>p2 move ironhead\n>p2 switch 5\n>p1 move moonblast\n>p2 move flamethrower terastallize\n>p1 move earthpower\n>p2 move flamethrower\n>p1 switch 3\n>p1 move fakeout\n>p2 switch 3\n>p1 switch 4\n>p2 move icebeam\n>forcelose p1", "uploadtime": 1781442731, "views": 5, "formatid": "gen9randombattle", "rating": null, "private": 0, "password": null}