{"id": "gen9randombattle-2631476675", "format": "[Gen 9] Random Battle", "players": ["Gutty16", "daktey"], "log": "|j|\u2606Gutty16\n|j|\u2606daktey\n|t:|1781389691\n|gametype|singles\n|player|p1|Gutty16|volkner|1907\n|player|p2|daktey|101|1954\n|gen|9\n|tier|[Gen 9] Random Battle\n|rated|\n|rule|Species Clause: Limit one of each Pok\u00e9mon\n|rule|HP Percentage Mod: HP is shown in percentages\n|rule|Sleep Clause Mod: Limit one foe put to sleep\n|rule|Illusion Level Mod: Illusion disguises the Pok\u00e9mon's true level\n|\n|t:|1781389691\n|teamsize|p1|6\n|teamsize|p2|6\n|start\n|switch|p1a: Galvantula|Galvantula, L82, M|249/249\n|switch|p2a: Articuno|Articuno, L86|295/295\n|-ability|p2a: Articuno|Pressure\n|turn|1\n|inactive|Battle timer is ON: inactive players will automatically lose when time's up. (requested by daktey)\n|\n|t:|1781389711\n|switch|p2a: Palossand|Palossand, L89, M|296/296\n|move|p1a: Galvantula|Sticky Web|p2a: Palossand\n|-sidestart|p2: daktey|move: Sticky Web\n|\n|upkeep\n|turn|2\n|\n|t:|1781389721\n|switch|p1a: Cramorant|Cramorant, L86, M|261/261\n|move|p2a: Palossand|Earth Power|p1a: Cramorant\n|-immune|p1a: Cramorant\n|\n|upkeep\n|turn|3\n|\n|t:|1781389728\n|switch|p2a: Articuno|Articuno, L86|295/295\n|-ability|p2a: Articuno|Pressure\n|move|p1a: Cramorant|Surf|p2a: Articuno\n|-formechange|p1a: Cramorant|Cramorant-Gulping|\n|-damage|p2a: Articuno|225/295\n|\n|upkeep\n|turn|4\n|\n|t:|1781389740\n|switch|p1a: Meowstic|Meowstic-F, L89, F|277/277\n|move|p2a: Articuno|Freeze-Dry|p1a: Meowstic\n|-damage|p1a: Meowstic|193/277\n|\n|upkeep\n|turn|5\n|inactive|daktey has 120 seconds left.\n|\n|t:|1781389778\n|move|p1a: Meowstic|Nasty Plot|p1a: Meowstic\n|-boost|p1a: Meowstic|spa|2\n|move|p2a: Articuno|Brave Bird|p1a: Meowstic\n|-damage|p1a: Meowstic|72/277\n|-damage|p2a: Articuno|185/295|[from] Recoil\n|\n|upkeep\n|turn|6\n|inactive|daktey has 120 seconds left.\n|\n|t:|1781389801\n|switch|p2a: Palossand|Palossand, L89, M|296/296\n|-activate|p2a: Palossand|move: Sticky Web\n|-unboost|p2a: Palossand|spe|1\n|move|p1a: Meowstic|Psyshock|p2a: Palossand\n|-damage|p2a: Palossand|111/296\n|-damage|p1a: Meowstic|45/277|[from] item: Life Orb\n|\n|-heal|p2a: Palossand|129/296|[from] item: Leftovers\n|upkeep\n|turn|7\n|\n|t:|1781389810\n|switch|p2a: Magearna|Magearna, L77|250/250\n|-activate|p2a: Magearna|move: Sticky Web\n|-unboost|p2a: Magearna|spe|1\n|move|p1a: Meowstic|Dark Pulse|p2a: Magearna\n|-resisted|p2a: Magearna\n|-damage|p2a: Magearna|184/250\n|-damage|p1a: Meowstic|18/277|[from] item: Life Orb\n|\n|upkeep\n|turn|8\n|\n|t:|1781389823\n|move|p1a: Meowstic|Thunderbolt|p2a: Magearna\n|-damage|p2a: Magearna|27/250\n|-damage|p1a: Meowstic|0 fnt|[from] item: Life Orb\n|faint|p1a: Meowstic\n|-ability|p2a: Magearna|Soul-Heart|boost\n|-boost|p2a: Magearna|spa|1\n|move|p2a: Magearna|Shift Gear|p2a: Magearna\n|-boost|p2a: Magearna|spe|2\n|-boost|p2a: Magearna|atk|1\n|\n|upkeep\n|\n|t:|1781389836\n|switch|p1a: Galvantula|Galvantula, L82, M|249/249\n|turn|9\n|inactive|daktey has 120 seconds left.\n|\n|t:|1781389858\n|move|p1a: Galvantula|Volt Switch|p2a: Magearna\n|-damage|p2a: Magearna|0 fnt\n|faint|p2a: Magearna\n|\n|t:|1781389865\n|switch|p1a: Staraptor|Staraptor, L79, M|263/263|[from] Volt Switch\n|\n|upkeep\n|\n|t:|1781389883\n|switch|p2a: Wigglytuff|Wigglytuff, L96, F|424/424\n|-activate|p2a: Wigglytuff|move: Sticky Web\n|-unboost|p2a: Wigglytuff|spe|1\n|-ability|p2a: Wigglytuff|Competitive|boost\n|-boost|p2a: Wigglytuff|spa|2\n|turn|10\n|\n|t:|1781389890\n|move|p1a: Staraptor|Brave Bird|p2a: Wigglytuff\n|-damage|p2a: Wigglytuff|202/424\n|-damage|p1a: Staraptor|190/263|[from] Recoil\n|move|p2a: Wigglytuff|Alluring Voice|p1a: Staraptor\n|-damage|p1a: Staraptor|0 fnt\n|faint|p1a: Staraptor\n|\n|-heal|p2a: Wigglytuff|228/424|[from] item: Leftovers\n|upkeep\n|\n|t:|1781389899\n|switch|p1a: Indeedee|Indeedee-F, L90, F|272/272\n|-fieldstart|move: Psychic Terrain|[from] ability: Psychic Surge|[of] p1a: Indeedee\n|turn|11\n|\n|t:|1781389906\n|move|p1a: Indeedee|Psyshock|p2a: Wigglytuff\n|-damage|p2a: Wigglytuff|0 fnt\n|faint|p2a: Wigglytuff\n|\n|upkeep\n|\n|t:|1781389922\n|switch|p2a: Medicham|Medicham, L86, M|243/243\n|-activate|p2a: Medicham|move: Sticky Web\n|-unboost|p2a: Medicham|spe|1\n|turn|12\n|\n|t:|1781389927\n|move|p1a: Indeedee|Psyshock|p2a: Medicham\n|-damage|p2a: Medicham|36/243\n|move|p2a: Medicham|Zen Headbutt|p1a: Indeedee\n|-resisted|p1a: Indeedee\n|-damage|p1a: Indeedee|122/272\n|\n|upkeep\n|turn|13\n|inactive|daktey has 120 seconds left.\n|-message|daktey forfeited.\n|\n|win|Gutty16\n|raw|Gutty16's rating: 1907 &rarr; <strong>1930</strong><br />(+23 for winning)\n|raw|daktey's rating: 1954 &rarr; <strong>1931</strong><br />(-23 for losing)\n", "uploadtime": 1781389694, "views": 3, "formatid": "gen9randombattle", "rating": 1930, "private": 0, "password": null}