{"id": "gen9randombattle-2631417155", "format": "[Gen 9] Random Battle", "players": ["Luigicat117", "Petilil37"], "log": "|j|\u2606Luigicat117\n|j|\u203dPetilil37\n|t:|1781382118\n|gametype|singles\n|player|p1|Luigicat117|acetrainer-gen7|1981\n|player|p2|Petilil37|2|1977\n|gen|9\n|tier|[Gen 9] Random Battle\n|rated|\n|rule|Species Clause: Limit one of each Pok\u00e9mon\n|rule|HP Percentage Mod: HP is shown in percentages\n|rule|Sleep Clause Mod: Limit one foe put to sleep\n|rule|Illusion Level Mod: Illusion disguises the Pok\u00e9mon's true level\n|\n|t:|1781382118\n|teamsize|p1|6\n|teamsize|p2|6\n|start\n|switch|p1a: Illumise|Illumise, L91, F|266/266\n|switch|p2a: Manaphy|Manaphy, L78|284/284\n|turn|1\n|inactive|Battle timer is ON: inactive players will automatically lose when time's up. (requested by Luigicat117)\n|\n|t:|1781382136\n|switch|p2a: Lanturn|Lanturn, L89, M|367/367\n|move|p1a: Illumise|Thunder Wave|p2a: Lanturn\n|-immune|p2a: Lanturn|[from] ability: Volt Absorb\n|\n|upkeep\n|turn|2\n|\n|t:|1781382144\n|move|p1a: Illumise|Bug Buzz|p2a: Lanturn\n|-damage|p2a: Lanturn|273/367\n|move|p2a: Lanturn|Volt Switch|p1a: Illumise\n|-damage|p1a: Illumise|199/266\n|\n|t:|1781382157\n|switch|p2a: Crabominable|Crabominable, L90, F|321/321|[from] Volt Switch\n|\n|upkeep\n|turn|3\n|\n|t:|1781382165\n|switch|p1a: Clawitzer|Clawitzer, L87, M|265/265\n|move|p2a: Crabominable|Ice Hammer|p1a: Clawitzer\n|-resisted|p1a: Clawitzer\n|-damage|p1a: Clawitzer|138/265\n|-unboost|p2a: Crabominable|spe|1\n|\n|upkeep\n|turn|4\n|\n|t:|1781382175\n|switch|p2a: Ribombee|Ribombee, L83, F|235/235\n|move|p1a: Clawitzer|Water Pulse|p2a: Ribombee\n|-damage|p2a: Ribombee|97/235\n|\n|upkeep\n|turn|5\n|\n|t:|1781382184\n|move|p2a: Ribombee|Quiver Dance|p2a: Ribombee\n|-boost|p2a: Ribombee|spa|1\n|-boost|p2a: Ribombee|spd|1\n|-boost|p2a: Ribombee|spe|1\n|move|p1a: Clawitzer|Water Pulse|p2a: Ribombee\n|-damage|p2a: Ribombee|0 fnt\n|faint|p2a: Ribombee\n|\n|upkeep\n|\n|t:|1781382190\n|switch|p2a: Lanturn|Lanturn, L89, M|273/367\n|turn|6\n|\n|t:|1781382201\n|switch|p1a: Illumise|Illumise, L91, F|199/266\n|move|p2a: Lanturn|Thunderbolt|p1a: Illumise\n|-damage|p1a: Illumise|120/266\n|-status|p1a: Illumise|par\n|\n|upkeep\n|turn|7\n|\n|t:|1781382209\n|move|p1a: Illumise|Roost|p1a: Illumise\n|-heal|p1a: Illumise|253/266 par\n|-singleturn|p1a: Illumise|move: Roost\n|move|p2a: Lanturn|Volt Switch|p1a: Illumise\n|-damage|p1a: Illumise|190/266 par\n|\n|t:|1781382211\n|switch|p2a: Crabominable|Crabominable, L90, F|321/321|[from] Volt Switch\n|\n|upkeep\n|turn|8\n|\n|t:|1781382219\n|switch|p1a: Clawitzer|Clawitzer, L87, M|138/265\n|move|p2a: Crabominable|Ice Hammer|p1a: Clawitzer\n|-resisted|p1a: Clawitzer\n|-damage|p1a: Clawitzer|6/265\n|-unboost|p2a: Crabominable|spe|1\n|\n|upkeep\n|turn|9\n|\n|t:|1781382222\n|switch|p2a: Lanturn|Lanturn, L89, M|273/367\n|move|p1a: Clawitzer|Water Pulse|p2a: Lanturn\n|-resisted|p2a: Lanturn\n|-crit|p2a: Lanturn\n|-damage|p2a: Lanturn|185/367\n|\n|upkeep\n|turn|10\n|\n|t:|1781382227\n|move|p2a: Lanturn|Thunderbolt|p1a: Clawitzer\n|-supereffective|p1a: Clawitzer\n|-damage|p1a: Clawitzer|0 fnt\n|faint|p1a: Clawitzer\n|\n|upkeep\n|\n|t:|1781382238\n|switch|p1a: Illumise|Illumise, L91, F|190/266 par\n|turn|11\n|\n|t:|1781382241\n|move|p2a: Lanturn|Volt Switch|p1a: Illumise\n|-damage|p1a: Illumise|126/266 par\n|\n|t:|1781382243\n|switch|p2a: Crabominable|Crabominable, L90, F|321/321|[from] Volt Switch\n|move|p1a: Illumise|Bug Buzz|p2a: Crabominable\n|-resisted|p2a: Crabominable\n|-damage|p2a: Crabominable|273/321\n|\n|upkeep\n|turn|12\n|\n|t:|1781382251\n|switch|p2a: Lanturn|Lanturn, L89, M|185/367\n|switch|p1a: Orthworm|Orthworm, L88, M|266/266\n|\n|upkeep\n|turn|13\n|\n|t:|1781382256\n|move|p2a: Lanturn|Scald|p1a: Orthworm\n|-damage|p1a: Orthworm|157/266\n|move|p1a: Orthworm|Stealth Rock|p2a: Lanturn\n|-sidestart|p2: Petilil37|move: Stealth Rock\n|\n|-heal|p1a: Orthworm|173/266|[from] item: Leftovers\n|upkeep\n|turn|14\n|\n|t:|1781382264\n|switch|p1a: Illumise|Illumise, L91, F|126/266 par\n|move|p2a: Lanturn|Scald|p1a: Illumise\n|-damage|p1a: Illumise|57/266 par\n|\n|upkeep\n|turn|15\n|\n|t:|1781382275\n|move|p1a: Illumise|Roost|p1a: Illumise\n|-heal|p1a: Illumise|190/266 par\n|-singleturn|p1a: Illumise|move: Roost\n|move|p2a: Lanturn|Thunderbolt|p1a: Illumise\n|-damage|p1a: Illumise|106/266 par\n|\n|upkeep\n|turn|16\n|\n|t:|1781382280\n|move|p2a: Lanturn|Thunderbolt|p1a: Illumise\n|-damage|p1a: Illumise|19/266 par\n|move|p1a: Illumise|Bug Buzz|p2a: Lanturn\n|-damage|p2a: Lanturn|92/367\n|\n|upkeep\n|turn|17\n|\n|t:|1781382283\n|cant|p1a: Illumise|par\n|move|p2a: Lanturn|Thunderbolt|p1a: Illumise\n|-damage|p1a: Illumise|0 fnt\n|faint|p1a: Illumise\n|\n|upkeep\n|\n|t:|1781382284\n|switch|p1a: Chien-Pao|Chien-Pao, L72|234/234\n|-ability|p1a: Chien-Pao|Sword of Ruin\n|turn|18\n|\n|t:|1781382290\n|move|p1a: Chien-Pao|Throat Chop|p2a: Lanturn\n|-damage|p2a: Lanturn|0 fnt\n|faint|p2a: Lanturn\n|\n|upkeep\n|\n|t:|1781382296\n|switch|p2a: Crabominable|Crabominable, L90, F|273/321\n|-damage|p2a: Crabominable|233/321|[from] Stealth Rock\n|turn|19\n|\n|t:|1781382299\n|switch|p1a: Zapdos|Zapdos, L78|268/268\n|move|p2a: Crabominable|Close Combat|p1a: Zapdos\n|-resisted|p1a: Zapdos\n|-damage|p1a: Zapdos|118/268\n|-unboost|p2a: Crabominable|def|1\n|-unboost|p2a: Crabominable|spd|1\n|\n|upkeep\n|turn|20\n|inactive|Petilil37 has 120 seconds left.\n|\n|t:|1781382330\n|switch|p2a: Brute Bonnet|Brute Bonnet, L80|309/309\n|-damage|p2a: Brute Bonnet|271/309|[from] Stealth Rock\n|move|p1a: Zapdos|Hurricane|p2a: Brute Bonnet|[miss]\n|-miss|p1a: Zapdos|p2a: Brute Bonnet\n|\n|-heal|p2a: Brute Bonnet|290/309|[from] item: Leftovers\n|upkeep\n|turn|21\n|\n|t:|1781382340\n|move|p1a: Zapdos|Roost|p1a: Zapdos\n|-heal|p1a: Zapdos|252/268\n|-singleturn|p1a: Zapdos|move: Roost\n|move|p2a: Brute Bonnet|Spore|p1a: Zapdos\n|-status|p1a: Zapdos|slp|[from] move: Spore\n|\n|-heal|p2a: Brute Bonnet|309/309|[from] item: Leftovers\n|upkeep\n|turn|22\n|\n|t:|1781382345\n|-end|p2a: Brute Bonnet|Protosynthesis|[silent]\n|switch|p2a: Crabominable|Crabominable, L90, F|233/321\n|-damage|p2a: Crabominable|193/321|[from] Stealth Rock\n|cant|p1a: Zapdos|slp\n|\n|upkeep\n|turn|23\n|\n|t:|1781382350\n|cant|p1a: Zapdos|slp\n|move|p2a: Crabominable|Close Combat|p1a: Zapdos\n|-resisted|p1a: Zapdos\n|-damage|p1a: Zapdos|94/268 slp\n|-unboost|p2a: Crabominable|def|1\n|-unboost|p2a: Crabominable|spd|1\n|-status|p2a: Crabominable|par|[from] ability: Static|[of] p1a: Zapdos\n|\n|upkeep\n|turn|24\n|\n|t:|1781382354\n|-curestatus|p1a: Zapdos|slp|[msg]\n|move|p1a: Zapdos|Hurricane|p2a: Crabominable\n|-supereffective|p2a: Crabominable\n|-damage|p2a: Crabominable|0 fnt\n|faint|p2a: Crabominable\n|\n|upkeep\n|\n|t:|1781382362\n|switch|p2a: Salamence|Salamence, L77, M|273/273\n|-ability|p2a: Salamence|Intimidate|boost\n|-unboost|p1a: Zapdos|atk|1\n|turn|25\n|\n|t:|1781382373\n|move|p1a: Zapdos|U-turn|p2a: Salamence\n|-resisted|p2a: Salamence\n|-damage|p2a: Salamence|257/273\n|\n|t:|1781382375\n|switch|p1a: Orthworm|Orthworm, L88, M|173/266|[from] U-turn\n|move|p2a: Salamence|Outrage|p1a: Orthworm\n|-resisted|p1a: Orthworm\n|-damage|p1a: Orthworm|125/266\n|\n|-heal|p1a: Orthworm|141/266|[from] item: Leftovers\n|upkeep\n|turn|26\n|\n|t:|1781382384\n|move|p2a: Salamence|Outrage|p1a: Orthworm|[from] lockedmove\n|-resisted|p1a: Orthworm\n|-damage|p1a: Orthworm|99/266\n|move|p1a: Orthworm|Heavy Slam|p2a: Salamence\n|-damage|p2a: Salamence|157/273\n|\n|-heal|p1a: Orthworm|115/266|[from] item: Leftovers\n|upkeep\n|turn|27\n|\n|t:|1781382387\n|move|p2a: Salamence|Outrage|p1a: Orthworm|[from] lockedmove\n|-resisted|p1a: Orthworm\n|-damage|p1a: Orthworm|69/266\n|-start|p2a: Salamence|confusion|[fatigue]\n|move|p1a: Orthworm|Heavy Slam|p2a: Salamence\n|-damage|p2a: Salamence|58/273\n|\n|-heal|p1a: Orthworm|85/266|[from] item: Leftovers\n|upkeep\n|turn|28\n|\n|t:|1781382391\n|-activate|p2a: Salamence|confusion\n|move|p2a: Salamence|Outrage|p1a: Orthworm\n|-resisted|p1a: Orthworm\n|-damage|p1a: Orthworm|39/266\n|move|p1a: Orthworm|Heavy Slam|p2a: Salamence\n|-damage|p2a: Salamence|0 fnt\n|faint|p2a: Salamence\n|\n|-heal|p1a: Orthworm|55/266|[from] item: Leftovers\n|upkeep\n|\n|t:|1781382393\n|switch|p2a: Manaphy|Manaphy, L78|284/284\n|-damage|p2a: Manaphy|249/284|[from] Stealth Rock\n|turn|29\n|\n|t:|1781382398\n|switch|p1a: Vaporeon|Vaporeon, L86, M|364/364\n|move|p2a: Manaphy|Tail Glow|p2a: Manaphy\n|-boost|p2a: Manaphy|spa|3\n|\n|-heal|p2a: Manaphy|266/284|[from] item: Leftovers\n|upkeep\n|turn|30\n|\n|t:|1781382407\n|move|p2a: Manaphy|Energy Ball|p1a: Vaporeon\n|-supereffective|p1a: Vaporeon\n|-damage|p1a: Vaporeon|88/364\n|move|p1a: Vaporeon|Flip Turn|p2a: Manaphy\n|-resisted|p2a: Manaphy\n|-damage|p2a: Manaphy|243/284\n|\n|t:|1781382411\n|switch|p1a: Zapdos|Zapdos, L78|94/268|[from] Flip Turn\n|\n|-heal|p2a: Manaphy|260/284|[from] item: Leftovers\n|upkeep\n|turn|31\n|\n|t:|1781382417\n|move|p1a: Zapdos|Thunderbolt|p2a: Manaphy\n|-supereffective|p2a: Manaphy\n|-damage|p2a: Manaphy|60/284\n|move|p2a: Manaphy|Surf|p1a: Zapdos\n|-damage|p1a: Zapdos|0 fnt\n|faint|p1a: Zapdos\n|\n|-heal|p2a: Manaphy|77/284|[from] item: Leftovers\n|upkeep\n|\n|t:|1781382419\n|switch|p1a: Chien-Pao|Chien-Pao, L72|234/234\n|-ability|p1a: Chien-Pao|Sword of Ruin\n|turn|32\n|\n|t:|1781382423\n|switch|p2a: Brute Bonnet|Brute Bonnet, L80|309/309\n|-damage|p2a: Brute Bonnet|271/309|[from] Stealth Rock\n|move|p1a: Chien-Pao|Throat Chop|p2a: Brute Bonnet\n|-resisted|p2a: Brute Bonnet\n|-damage|p2a: Brute Bonnet|226/309\n|-start|p2a: Brute Bonnet|Throat Chop|[silent]\n|\n|-heal|p2a: Brute Bonnet|245/309|[from] item: Leftovers\n|upkeep\n|turn|33\n|\n|t:|1781382447\n|switch|p1a: Vaporeon|Vaporeon, L86, M|88/364\n|-terastallize|p2a: Brute Bonnet|Poison\n|move|p2a: Brute Bonnet|Close Combat|p1a: Vaporeon\n|-damage|p1a: Vaporeon|0 fnt\n|-unboost|p2a: Brute Bonnet|def|1\n|-unboost|p2a: Brute Bonnet|spd|1\n|faint|p1a: Vaporeon\n|\n|-heal|p2a: Brute Bonnet|264/309|[from] item: Leftovers\n|-end|p2a: Brute Bonnet|Throat Chop|[silent]\n|upkeep\n|\n|t:|1781382450\n|switch|p1a: Orthworm|Orthworm, L88, M|55/266\n|turn|34\n|\n|t:|1781382459\n|-end|p2a: Brute Bonnet|Protosynthesis|[silent]\n|switch|p2a: Manaphy|Manaphy, L78|77/284\n|-damage|p2a: Manaphy|42/284|[from] Stealth Rock\n|move|p1a: Orthworm|Body Press|p2a: Manaphy\n|-damage|p2a: Manaphy|0 fnt\n|faint|p2a: Manaphy\n|\n|-heal|p1a: Orthworm|71/266|[from] item: Leftovers\n|upkeep\n|\n|t:|1781382460\n|switch|p2a: Brute Bonnet|Brute Bonnet, L80, tera:Poison|264/309\n|-damage|p2a: Brute Bonnet|226/309|[from] Stealth Rock\n|turn|35\n|\n|t:|1781382466\n|move|p1a: Orthworm|Heavy Slam|p2a: Brute Bonnet\n|-damage|p2a: Brute Bonnet|106/309\n|move|p2a: Brute Bonnet|Spore|p1a: Orthworm\n|-status|p1a: Orthworm|slp|[from] move: Spore\n|\n|-heal|p1a: Orthworm|87/266 slp|[from] item: Leftovers\n|-heal|p2a: Brute Bonnet|125/309|[from] item: Leftovers\n|upkeep\n|turn|36\n|\n|t:|1781382469\n|cant|p1a: Orthworm|slp\n|move|p2a: Brute Bonnet|Crunch|p1a: Orthworm\n|-damage|p1a: Orthworm|20/266 slp\n|\n|-heal|p1a: Orthworm|36/266 slp|[from] item: Leftovers\n|-heal|p2a: Brute Bonnet|144/309|[from] item: Leftovers\n|upkeep\n|turn|37\n|\n|t:|1781382471\n|move|p2a: Brute Bonnet|Sucker Punch|p1a: Orthworm\n|-damage|p1a: Orthworm|0 fnt\n|faint|p1a: Orthworm\n|\n|-heal|p2a: Brute Bonnet|163/309|[from] item: Leftovers\n|upkeep\n|\n|t:|1781382473\n|switch|p1a: Chien-Pao|Chien-Pao, L72|234/234\n|-ability|p1a: Chien-Pao|Sword of Ruin\n|turn|38\n|\n|t:|1781382476\n|-terastallize|p1a: Chien-Pao|Ice\n|move|p1a: Chien-Pao|Icicle Crash|p2a: Brute Bonnet|[miss]\n|-miss|p1a: Chien-Pao|p2a: Brute Bonnet\n|move|p2a: Brute Bonnet|Spore|p1a: Chien-Pao\n|-status|p1a: Chien-Pao|slp|[from] move: Spore\n|\n|-heal|p2a: Brute Bonnet|182/309|[from] item: Leftovers\n|upkeep\n|turn|39\n|\n|t:|1781382479\n|cant|p1a: Chien-Pao|slp\n|move|p2a: Brute Bonnet|Close Combat|p1a: Chien-Pao\n|-supereffective|p1a: Chien-Pao\n|-damage|p1a: Chien-Pao|0 fnt\n|-unboost|p2a: Brute Bonnet|def|1\n|-unboost|p2a: Brute Bonnet|spd|1\n|faint|p1a: Chien-Pao\n|\n|win|Petilil37\n", "inputlog": ">version a8376a258c1d4662feba110a92103f3664a72141\n>start {\"formatid\":\"gen9randombattle\",\"seed\":\"sodium,fbaea78254d9835550483c766df23a99\",\"rated\":\"Rated battle\"}\n>player p1 {\"name\":\"Luigicat117\",\"avatar\":\"acetrainer-gen7\",\"rating\":1981,\"seed\":\"sodium,89ddc8947993a260e163053c9de166e4\"}\n>player p2 {\"name\":\"Petilil37\",\"avatar\":\"2\",\"rating\":1977,\"seed\":\"sodium,1dc0de7bb479dee113b7db0507e80847\"}\n>p1 move thunderwave\n>p2 switch 3\n>p1 move bugbuzz\n>p2 move voltswitch\n>p2 switch 5\n>p1 switch 4\n>p2 move icehammer\n>p1 move waterpulse\n>p2 switch 2\n>p1 move waterpulse\n>p2 move quiverdance\n>p2 switch 5\n>p1 switch 4\n>p2 move thunderbolt\n>p1 move roost\n>p2 move voltswitch\n>p2 switch 2\n>p1 switch 4\n>p2 move icehammer\n>p1 move waterpulse\n>p2 switch 2\n>p1 move dragonpulse\n>p2 move thunderbolt\n>p1 switch 4\n>p1 move bugbuzz\n>p2 move voltswitch\n>p2 switch 2\n>p1 switch 2\n>p2 switch 2\n>p1 move stealthrock\n>p2 move scald\n>p1 switch 2\n>p2 move scald\n>p1 move roost\n>p2 move thunderbolt\n>p1 move bugbuzz\n>p2 move thunderbolt\n>p1 move roost\n>p2 move thunderbolt\n>p1 switch 5\n>p1 move throatchop\n>p2 move thunderwave\n>p2 switch 2\n>p1 switch 6\n>p2 move closecombat\n>p1 move hurricane\n>p2 switch 6\n>p1 move roost\n>p2 move spore\n>p1 move hurricane\n>p2 switch 6\n>p1 move hurricane\n>p2 move closecombat\n>p1 move hurricane\n>p2 move closecombat\n>p2 switch 4\n>p1 move uturn\n>p2 move outrage\n>p1 switch 2\n>p1 move heavyslam\n>p2 move outrage\n>p1 move heavyslam\n>p2 move outrage\n>p1 move heavyslam\n>p2 move outrage\n>p2 switch 3\n>p1 switch 3\n>p2 move tailglow\n>p1 move flipturn\n>p2 move energyball\n>p1 switch 2\n>p1 move thunderbolt\n>p2 move surf\n>p1 switch 6\n>p1 move throatchop\n>p2 switch 6\n>p1 switch 2\n>p2 move closecombat terastallize\n>p1 switch 3\n>p1 move bodypress\n>p2 switch 6\n>p2 switch 6\n>p1 move heavyslam\n>p2 move spore\n>p1 move heavyslam\n>p2 move crunch\n>p1 move heavyslam\n>p2 move suckerpunch\n>p1 switch 2\n>p1 move iciclecrash terastallize\n>p2 move spore\n>p1 move iciclecrash\n>p2 move closecombat", "uploadtime": 1781382120, "views": 11, "formatid": "gen9randombattle", "rating": null, "private": 0, "password": null}