{"id": "gen9randombattle-2631422209", "format": "[Gen 9] Random Battle", "players": ["RushedRedemption", "ren122333"], "log": "|j|\u2606RushedRedemption\n|j|\u2606ren122333\n|t:|1781382719\n|gametype|singles\n|player|p1|RushedRedemption|nemona-v|1913\n|player|p2|ren122333|hilbert|1917\n|gen|9\n|tier|[Gen 9] Random Battle\n|rated|\n|rule|Species Clause: Limit one of each Pok\u00e9mon\n|rule|HP Percentage Mod: HP is shown in percentages\n|rule|Sleep Clause Mod: Limit one foe put to sleep\n|rule|Illusion Level Mod: Illusion disguises the Pok\u00e9mon's true level\n|\n|t:|1781382719\n|teamsize|p1|6\n|teamsize|p2|6\n|start\n|switch|p1a: Rillaboom|Rillaboom, L79, F|288/288\n|switch|p2a: Serperior|Serperior, L79, F|248/248\n|-fieldstart|move: Grassy Terrain|[from] ability: Grassy Surge|[of] p1a: Rillaboom\n|turn|1\n|inactive|Battle timer is ON: inactive players will automatically lose when time's up. (requested by ren122333)\n|\n|t:|1781382734\n|switch|p2a: Jumpluff|Jumpluff, L87, M|271/271\n|move|p1a: Rillaboom|Knock Off|p2a: Jumpluff\n|-damage|p2a: Jumpluff|200/271\n|-damage|p1a: Rillaboom|260/288|[from] item: Life Orb\n|\n|-heal|p1a: Rillaboom|278/288|[from] Grassy Terrain\n|upkeep\n|turn|2\n|inactive|RushedRedemption has 120 seconds left.\n|\n|t:|1781382770\n|switch|p1a: Gliscor|Gliscor, L76, M|239/239\n|move|p2a: Jumpluff|U-turn|p1a: Gliscor\n|-resisted|p1a: Gliscor\n|-damage|p1a: Gliscor|225/239\n|\n|t:|1781382775\n|switch|p2a: Baxcalibur|Baxcalibur, L75, M|296/296|[from] U-turn\n|\n|-status|p1a: Gliscor|tox|[from] item: Toxic Orb\n|upkeep\n|turn|3\n|\n|t:|1781382781\n|switch|p1a: Oinkologne|Oinkologne, L92, M|352/352\n|move|p2a: Baxcalibur|Icicle Crash|p1a: Oinkologne\n|-damage|p1a: Oinkologne|294/352\n|\n|-heal|p1a: Oinkologne|316/352|[from] Grassy Terrain\n|-heal|p1a: Oinkologne|338/352|[from] item: Leftovers\n|upkeep\n|turn|4\n|\n|t:|1781382789\n|switch|p2a: Oricorio|Oricorio-Sensu, L85, F|266/266\n|move|p1a: Oinkologne|Body Slam|p2a: Oricorio\n|-immune|p2a: Oricorio\n|\n|-heal|p1a: Oinkologne|352/352|[from] Grassy Terrain\n|upkeep\n|turn|5\n|\n|t:|1781382811\n|move|p2a: Oricorio|Hurricane|p1a: Oinkologne\n|-damage|p1a: Oinkologne|222/352\n|move|p1a: Oinkologne|Lash Out|p2a: Oricorio\n|-supereffective|p2a: Oricorio\n|-damage|p2a: Oricorio|108/266\n|\n|-heal|p1a: Oinkologne|244/352|[from] Grassy Terrain\n|-heal|p1a: Oinkologne|266/352|[from] item: Leftovers\n|-fieldend|move: Grassy Terrain\n|upkeep\n|turn|6\n|\n|t:|1781382820\n|switch|p2a: Overqwil|Overqwil, L82, M|274/274\n|-ability|p2a: Overqwil|Intimidate|boost\n|-unboost|p1a: Oinkologne|atk|1\n|switch|p1a: Thundurus|Thundurus, L80, M|258/258\n|\n|upkeep\n|turn|7\n|\n|t:|1781382831\n|move|p1a: Thundurus|Thunderbolt|p2a: Overqwil\n|-damage|p2a: Overqwil|142/274\n|move|p2a: Overqwil|Gunk Shot|p1a: Thundurus\n|-damage|p1a: Thundurus|55/258\n|-damage|p2a: Overqwil|115/274|[from] item: Life Orb\n|\n|upkeep\n|turn|8\n|inactive|RushedRedemption has 120 seconds left.\n|\n|t:|1781382860\n|move|p1a: Thundurus|Thunderbolt|p2a: Overqwil\n|-damage|p2a: Overqwil|0 fnt\n|faint|p2a: Overqwil\n|\n|upkeep\n|\n|t:|1781382868\n|switch|p2a: Serperior|Serperior, L79, F|248/248\n|turn|9\n|\n|t:|1781382879\n|switch|p1a: Munkidori|Munkidori, L79, M|269/269\n|move|p2a: Serperior|Leaf Storm|p1a: Munkidori\n|-resisted|p1a: Munkidori\n|-crit|p1a: Munkidori\n|-damage|p1a: Munkidori|215/269\n|-boost|p2a: Serperior|spa|2\n|\n|upkeep\n|turn|10\n|\n|t:|1781382897\n|-terastallize|p2a: Serperior|Rock\n|move|p2a: Serperior|Leaf Storm|p1a: Munkidori\n|-resisted|p1a: Munkidori\n|-damage|p1a: Munkidori|141/269\n|-boost|p2a: Serperior|spa|2\n|move|p1a: Munkidori|Sludge Wave|p2a: Serperior\n|-resisted|p2a: Serperior\n|-damage|p2a: Serperior|191/248\n|\n|-heal|p2a: Serperior|206/248|[from] item: Leftovers\n|upkeep\n|turn|11\n|\n|t:|1781382910\n|move|p2a: Serperior|Tera Blast|p1a: Munkidori|[anim] Tera Blast Rock\n|-damage|p1a: Munkidori|9/269\n|move|p1a: Munkidori|U-turn|p2a: Serperior\n|-damage|p2a: Serperior|170/248\n|-status|p2a: Serperior|tox|[from] ability: Toxic Chain|[of] p1a: Munkidori\n|\n|t:|1781382913\n|switch|p1a: Rillaboom|Rillaboom, L79, F|278/288|[from] U-turn\n|-fieldstart|move: Grassy Terrain|[from] ability: Grassy Surge|[of] p1a: Rillaboom\n|\n|-heal|p2a: Serperior|185/248 tox|[from] Grassy Terrain\n|-heal|p2a: Serperior|200/248 tox|[from] item: Leftovers\n|-heal|p1a: Rillaboom|288/288|[from] Grassy Terrain\n|-damage|p2a: Serperior|185/248 tox|[from] psn\n|upkeep\n|turn|12\n|\n|t:|1781382917\n|switch|p2a: Jumpluff|Jumpluff, L87, M|200/271\n|move|p1a: Rillaboom|Grassy Glide|p2a: Jumpluff\n|-resisted|p2a: Jumpluff\n|-damage|p2a: Jumpluff|168/271\n|-damage|p1a: Rillaboom|260/288|[from] item: Life Orb\n|\n|-heal|p1a: Rillaboom|278/288|[from] Grassy Terrain\n|upkeep\n|turn|13\n|\n|t:|1781382927\n|switch|p1a: Raikou|Raikou, L81|278/278\n|-ability|p1a: Raikou|Pressure\n|move|p2a: Jumpluff|U-turn|p1a: Raikou\n|-damage|p1a: Raikou|240/278\n|\n|t:|1781382929\n|switch|p2a: Serperior|Serperior, L79, F, tera:Rock|185/248 tox|[from] U-turn\n|\n|-heal|p1a: Raikou|257/278|[from] Grassy Terrain\n|-heal|p1a: Raikou|274/278|[from] item: Leftovers\n|-heal|p2a: Serperior|200/248 tox|[from] Grassy Terrain\n|-heal|p2a: Serperior|215/248 tox|[from] item: Leftovers\n|-damage|p2a: Serperior|200/248 tox|[from] psn\n|upkeep\n|turn|14\n|\n|t:|1781382935\n|move|p1a: Raikou|Scald|p2a: Serperior\n|-supereffective|p2a: Serperior\n|-damage|p2a: Serperior|76/248 tox\n|move|p2a: Serperior|Leaf Storm|p1a: Raikou\n|-damage|p1a: Raikou|156/278\n|-boost|p2a: Serperior|spa|2\n|\n|-heal|p1a: Raikou|173/278|[from] Grassy Terrain\n|-heal|p1a: Raikou|190/278|[from] item: Leftovers\n|-heal|p2a: Serperior|91/248 tox|[from] Grassy Terrain\n|-heal|p2a: Serperior|106/248 tox|[from] item: Leftovers\n|-damage|p2a: Serperior|76/248 tox|[from] psn\n|upkeep\n|turn|15\n|\n|t:|1781382941\n|move|p1a: Raikou|Scald|p2a: Serperior\n|-supereffective|p2a: Serperior\n|-damage|p2a: Serperior|0 fnt\n|faint|p2a: Serperior\n|\n|-heal|p1a: Raikou|207/278|[from] Grassy Terrain\n|-heal|p1a: Raikou|224/278|[from] item: Leftovers\n|-fieldend|move: Grassy Terrain\n|upkeep\n|\n|t:|1781382947\n|switch|p2a: Baxcalibur|Baxcalibur, L75, M|296/296\n|turn|16\n|\n|t:|1781382960\n|switch|p1a: Munkidori|Munkidori, L79, M|9/269\n|move|p2a: Baxcalibur|Dragon Dance|p2a: Baxcalibur\n|-boost|p2a: Baxcalibur|atk|1\n|-boost|p2a: Baxcalibur|spe|1\n|\n|upkeep\n|turn|17\n|\n|t:|1781382965\n|move|p1a: Munkidori|Fake Out|p2a: Baxcalibur\n|-damage|p2a: Baxcalibur|273/296\n|-status|p2a: Baxcalibur|tox|[from] ability: Toxic Chain|[of] p1a: Munkidori\n|cant|p2a: Baxcalibur|flinch\n|\n|-damage|p2a: Baxcalibur|255/296 tox|[from] psn\n|upkeep\n|turn|18\n|\n|t:|1781382968\n|move|p2a: Baxcalibur|Earthquake|p1a: Munkidori\n|-supereffective|p1a: Munkidori\n|-damage|p1a: Munkidori|0 fnt\n|faint|p1a: Munkidori\n|\n|-damage|p2a: Baxcalibur|219/296 tox|[from] psn\n|upkeep\n|\n|t:|1781382976\n|switch|p1a: Oinkologne|Oinkologne, L92, M|266/352\n|turn|19\n|\n|t:|1781382980\n|move|p2a: Baxcalibur|Glaive Rush|p1a: Oinkologne\n|-damage|p1a: Oinkologne|62/352\n|-singlemove|p2a: Baxcalibur|Glaive Rush|[silent]\n|move|p1a: Oinkologne|Body Slam|p2a: Baxcalibur\n|-damage|p2a: Baxcalibur|0 fnt\n|faint|p2a: Baxcalibur\n|\n|-heal|p1a: Oinkologne|84/352|[from] item: Leftovers\n|upkeep\n|\n|t:|1781382984\n|switch|p2a: Zacian|Zacian, L69|241/241\n|-ability|p2a: Zacian|Intrepid Sword|boost\n|-boost|p2a: Zacian|atk|1\n|turn|20\n|\n|t:|1781382992\n|move|p2a: Zacian|Play Rough|p1a: Oinkologne\n|-damage|p1a: Oinkologne|0 fnt\n|faint|p1a: Oinkologne\n|\n|upkeep\n|\n|t:|1781383001\n|switch|p1a: Gliscor|Gliscor, L76, M|225/239 tox\n|turn|21\n|\n|t:|1781383004\n|move|p2a: Zacian|Play Rough|p1a: Gliscor\n|-damage|p1a: Gliscor|72/239 tox\n|move|p1a: Gliscor|Toxic|p2a: Zacian\n|-status|p2a: Zacian|tox\n|\n|-damage|p2a: Zacian|226/241 tox|[from] psn\n|-heal|p1a: Gliscor|101/239 tox|[from] ability: Poison Heal\n|upkeep\n|turn|22\n|\n|t:|1781383011\n|move|p1a: Gliscor|Protect|p1a: Gliscor\n|-singleturn|p1a: Gliscor|Protect\n|move|p2a: Zacian|Play Rough|p1a: Gliscor\n|-activate|p1a: Gliscor|move: Protect\n|\n|-damage|p2a: Zacian|196/241 tox|[from] psn\n|-heal|p1a: Gliscor|130/239 tox|[from] ability: Poison Heal\n|upkeep\n|turn|23\n|\n|t:|1781383017\n|switch|p1a: Rillaboom|Rillaboom, L79, F|278/288\n|-fieldstart|move: Grassy Terrain|[from] ability: Grassy Surge|[of] p1a: Rillaboom\n|move|p2a: Zacian|Play Rough|p1a: Rillaboom\n|-damage|p1a: Rillaboom|103/288\n|\n|-heal|p2a: Zacian|211/241 tox|[from] Grassy Terrain\n|-heal|p1a: Rillaboom|121/288|[from] Grassy Terrain\n|-damage|p2a: Zacian|166/241 tox|[from] psn\n|upkeep\n|turn|24\n|\n|t:|1781383034\n|move|p2a: Zacian|Play Rough|p1a: Rillaboom\n|-damage|p1a: Rillaboom|0 fnt\n|faint|p1a: Rillaboom\n|\n|-heal|p2a: Zacian|181/241 tox|[from] Grassy Terrain\n|-damage|p2a: Zacian|121/241 tox|[from] psn\n|upkeep\n|\n|t:|1781383043\n|switch|p1a: Gliscor|Gliscor, L76, M|130/239 tox\n|turn|25\n|\n|t:|1781383047\n|move|p1a: Gliscor|Protect|p1a: Gliscor\n|-singleturn|p1a: Gliscor|Protect\n|move|p2a: Zacian|Play Rough|p1a: Gliscor\n|-activate|p1a: Gliscor|move: Protect\n|\n|-heal|p2a: Zacian|136/241 tox|[from] Grassy Terrain\n|-damage|p2a: Zacian|61/241 tox|[from] psn\n|-heal|p1a: Gliscor|159/239 tox|[from] ability: Poison Heal\n|upkeep\n|turn|26\n|\n|t:|1781383049\n|switch|p1a: Thundurus|Thundurus, L80, M|55/258\n|move|p2a: Zacian|Play Rough|p1a: Thundurus\n|-damage|p1a: Thundurus|0 fnt\n|faint|p1a: Thundurus\n|\n|-heal|p2a: Zacian|76/241 tox|[from] Grassy Terrain\n|-damage|p2a: Zacian|0 fnt|[from] psn\n|faint|p2a: Zacian\n|upkeep\n|\n|t:|1781383054\n|switch|p2a: Jumpluff|Jumpluff, L87, M|168/271\n|switch|p1a: Raikou|Raikou, L81|224/278\n|-ability|p1a: Raikou|Pressure\n|turn|27\n|\n|t:|1781383060\n|move|p2a: Jumpluff|Sleep Powder|p1a: Raikou\n|-status|p1a: Raikou|slp|[from] move: Sleep Powder\n|cant|p1a: Raikou|slp\n|\n|-heal|p1a: Raikou|241/278 slp|[from] Grassy Terrain\n|-heal|p1a: Raikou|258/278 slp|[from] item: Leftovers\n|-fieldend|move: Grassy Terrain\n|upkeep\n|turn|28\n|\n|t:|1781383064\n|switch|p2a: Oricorio|Oricorio-Sensu, L85, F|108/266\n|cant|p1a: Raikou|slp\n|\n|-heal|p1a: Raikou|275/278 slp|[from] item: Leftovers\n|upkeep\n|turn|29\n|\n|t:|1781383070\n|cant|p1a: Raikou|slp\n|move|p2a: Oricorio|Quiver Dance|p2a: Oricorio\n|-boost|p2a: Oricorio|spa|1\n|-boost|p2a: Oricorio|spd|1\n|-boost|p2a: Oricorio|spe|1\n|\n|-heal|p1a: Raikou|278/278 slp|[from] item: Leftovers\n|upkeep\n|turn|30\n|\n|t:|1781383073\n|move|p2a: Oricorio|Roost|p2a: Oricorio\n|-heal|p2a: Oricorio|241/266\n|-singleturn|p2a: Oricorio|move: Roost\n|-curestatus|p1a: Raikou|slp|[msg]\n|move|p1a: Raikou|Shadow Ball|p2a: Oricorio\n|-supereffective|p2a: Oricorio\n|-damage|p2a: Oricorio|147/266\n|\n|upkeep\n|turn|31\n|\n|t:|1781383080\n|move|p2a: Oricorio|Roost|p2a: Oricorio\n|-heal|p2a: Oricorio|266/266\n|-singleturn|p2a: Oricorio|move: Roost\n|move|p1a: Raikou|Calm Mind|p1a: Raikou\n|-boost|p1a: Raikou|spa|1\n|-boost|p1a: Raikou|spd|1\n|\n|upkeep\n|turn|32\n|\n|t:|1781383087\n|move|p2a: Oricorio|Quiver Dance|p2a: Oricorio\n|-boost|p2a: Oricorio|spa|1\n|-boost|p2a: Oricorio|spd|1\n|-boost|p2a: Oricorio|spe|1\n|move|p1a: Raikou|Calm Mind|p1a: Raikou\n|-boost|p1a: Raikou|spa|1\n|-boost|p1a: Raikou|spd|1\n|\n|upkeep\n|turn|33\n|\n|t:|1781383090\n|move|p2a: Oricorio|Quiver Dance|p2a: Oricorio\n|-boost|p2a: Oricorio|spa|1\n|-boost|p2a: Oricorio|spd|1\n|-boost|p2a: Oricorio|spe|1\n|move|p1a: Raikou|Calm Mind|p1a: Raikou\n|-boost|p1a: Raikou|spa|1\n|-boost|p1a: Raikou|spd|1\n|\n|upkeep\n|turn|34\n|\n|t:|1781383092\n|move|p2a: Oricorio|Quiver Dance|p2a: Oricorio\n|-boost|p2a: Oricorio|spa|1\n|-boost|p2a: Oricorio|spd|1\n|-boost|p2a: Oricorio|spe|1\n|move|p1a: Raikou|Calm Mind|p1a: Raikou\n|-boost|p1a: Raikou|spa|1\n|-boost|p1a: Raikou|spd|1\n|\n|upkeep\n|turn|35\n|\n|t:|1781383094\n|move|p2a: Oricorio|Quiver Dance|p2a: Oricorio\n|-boost|p2a: Oricorio|spa|1\n|-boost|p2a: Oricorio|spd|1\n|-boost|p2a: Oricorio|spe|1\n|move|p1a: Raikou|Calm Mind|p1a: Raikou\n|-boost|p1a: Raikou|spa|1\n|-boost|p1a: Raikou|spd|1\n|\n|upkeep\n|turn|36\n|\n|t:|1781383096\n|move|p2a: Oricorio|Revelation Dance|p1a: Raikou\n|-damage|p1a: Raikou|184/278\n|move|p1a: Raikou|Calm Mind|p1a: Raikou\n|-boost|p1a: Raikou|spa|1\n|-boost|p1a: Raikou|spd|1\n|\n|-heal|p1a: Raikou|201/278|[from] item: Leftovers\n|upkeep\n|turn|37\n|\n|t:|1781383099\n|move|p2a: Oricorio|Revelation Dance|p1a: Raikou\n|-damage|p1a: Raikou|117/278\n|move|p1a: Raikou|Shadow Ball|p2a: Oricorio\n|-supereffective|p2a: Oricorio\n|-damage|p2a: Oricorio|90/266\n|\n|-heal|p1a: Raikou|134/278|[from] item: Leftovers\n|upkeep\n|turn|38\n|\n|t:|1781383107\n|move|p2a: Oricorio|Revelation Dance|p1a: Raikou\n|-damage|p1a: Raikou|46/278\n|move|p1a: Raikou|Shadow Ball|p2a: Oricorio\n|-supereffective|p2a: Oricorio\n|-damage|p2a: Oricorio|0 fnt\n|faint|p2a: Oricorio\n|\n|-heal|p1a: Raikou|63/278|[from] item: Leftovers\n|upkeep\n|\n|t:|1781383110\n|switch|p2a: Jumpluff|Jumpluff, L87, M|168/271\n|turn|39\n|\n|t:|1781383113\n|move|p2a: Jumpluff|Sleep Powder|p1a: Raikou\n|-status|p1a: Raikou|slp|[from] move: Sleep Powder\n|cant|p1a: Raikou|slp\n|\n|-heal|p1a: Raikou|80/278 slp|[from] item: Leftovers\n|upkeep\n|turn|40\n|\n|t:|1781383115\n|move|p2a: Jumpluff|Acrobatics|p1a: Raikou\n|-resisted|p1a: Raikou\n|-damage|p1a: Raikou|29/278 slp\n|cant|p1a: Raikou|slp\n|\n|-heal|p1a: Raikou|46/278 slp|[from] item: Leftovers\n|upkeep\n|turn|41\n|\n|t:|1781383121\n|move|p2a: Jumpluff|Acrobatics|p1a: Raikou\n|-resisted|p1a: Raikou\n|-damage|p1a: Raikou|0 fnt\n|faint|p1a: Raikou\n|\n|upkeep\n|\n|t:|1781383123\n|switch|p1a: Gliscor|Gliscor, L76, M|159/239 tox\n|turn|42\n|\n|t:|1781383127\n|move|p2a: Jumpluff|Acrobatics|p1a: Gliscor\n|-damage|p1a: Gliscor|90/239 tox\n|move|p1a: Gliscor|Toxic|p2a: Jumpluff\n|-status|p2a: Jumpluff|tox\n|\n|-damage|p2a: Jumpluff|152/271 tox|[from] psn\n|-heal|p1a: Gliscor|119/239 tox|[from] ability: Poison Heal\n|upkeep\n|turn|43\n|\n|t:|1781383130\n|move|p1a: Gliscor|Protect|p1a: Gliscor\n|-singleturn|p1a: Gliscor|Protect\n|move|p2a: Jumpluff|Acrobatics|p1a: Gliscor\n|-activate|p1a: Gliscor|move: Protect\n|\n|-damage|p2a: Jumpluff|120/271 tox|[from] psn\n|-heal|p1a: Gliscor|148/239 tox|[from] ability: Poison Heal\n|upkeep\n|turn|44\n|-message|ren122333 forfeited.\n|\n|win|RushedRedemption\n", "inputlog": ">version a8376a258c1d4662feba110a92103f3664a72141\n>start {\"formatid\":\"gen9randombattle\",\"seed\":\"sodium,600ad821e5d5b0f74b1a6da5c7671584\",\"rated\":\"Rated battle\"}\n>player p1 {\"name\":\"RushedRedemption\",\"avatar\":\"nemona-v\",\"rating\":1913,\"seed\":\"sodium,074d47d9792993b97907a3bef522df3f\"}\n>player p2 {\"name\":\"ren122333\",\"avatar\":\"hilbert\",\"rating\":1917,\"seed\":\"sodium,5dba5688f70907e1247b2b467c0ef354\"}\n>p1 move knockoff\n>p2 switch 4\n>p1 switch 6\n>p2 move uturn\n>p2 switch 5\n>p1 switch 4\n>p2 move iciclecrash\n>p1 move bodyslam\n>p2 switch 3\n>p1 move lashout\n>p2 move hurricane\n>p1 switch 5\n>p2 switch 2\n>p1 move thunderbolt\n>p2 move gunkshot\n>p1 move thunderbolt\n>p2 move crunch\n>p2 switch 4\n>p1 switch 3\n>p2 move leafstorm\n>p1 move sludgewave\n>p2 move leafstorm terastallize\n>p1 move uturn\n>p2 move terablast\n>p1 switch 6\n>p1 move grassyglide\n>p2 switch 5\n>p1 switch 2\n>p2 move uturn\n>p2 switch 5\n>p1 move scald\n>p2 move leafstorm\n>p1 move scald\n>p2 move leafstorm\n>p2 switch 3\n>p1 switch 6\n>p2 move dragondance\n>p1 move fakeout\n>p2 move earthquake\n>p1 move uturn\n>p2 move earthquake\n>p1 switch 5\n>p1 move bodyslam\n>p2 move glaiverush\n>p2 switch 6\n>p1 move bodyslam\n>p2 move playrough\n>p1 switch 4\n>p1 move toxic\n>p2 move playrough\n>p1 move protect\n>p2 move playrough\n>p1 switch 2\n>p2 move playrough\n>p1 move knockoff\n>p2 move playrough\n>p1 switch 2\n>p1 move protect\n>p2 move playrough\n>p1 switch 3\n>p2 move playrough\n>p1 switch 6\n>p2 switch 5\n>p1 move thunderbolt\n>p2 move sleeppowder\n>p1 move thunderbolt\n>p2 switch 2\n>p1 move thunderbolt\n>p2 move quiverdance\n>p1 move shadowball\n>p2 move roost\n>p1 move calmmind\n>p2 move roost\n>p1 move calmmind\n>p2 move quiverdance\n>p1 move calmmind\n>p2 move quiverdance\n>p1 move calmmind\n>p2 move quiverdance\n>p1 move calmmind\n>p2 move quiverdance\n>p1 move calmmind\n>p2 move revelationdance\n>p1 move shadowball\n>p2 move revelationdance\n>p1 move shadowball\n>p2 move revelationdance\n>p2 switch 2\n>p1 move thunderbolt\n>p2 move sleeppowder\n>p1 move thunderbolt\n>p2 move acrobatics\n>p1 move thunderbolt\n>p2 move acrobatics\n>p1 switch 3\n>p1 move toxic\n>p2 move acrobatics\n>p1 move protect\n>p2 move acrobatics\n>forcelose p2", "uploadtime": 1781382722, "views": 13, "formatid": "gen9randombattle", "rating": null, "private": 0, "password": null, "player_dets": [{"name": "RushedRedemption", "avatar": "nemona-v", "rating": 1913, "seed": "sodium,074d47d9792993b97907a3bef522df3f"}, {"name": "ren122333", "avatar": "hilbert", "rating": 1917, "seed": "sodium,5dba5688f70907e1247b2b467c0ef354"}], "teams_full": [{"Rillaboom": {"name": "Rillaboom", "species": "Rillaboom", "speciesId": "rillaboom", "gender": "F", "shiny": false, "level": 79, "moves": ["swordsdance", "woodhammer", "grassyglide", "knockoff"], "ability": "Grassy Surge", "evs": {"hp": 85, "atk": 85, "def": 85, "spa": 85, "spd": 85, "spe": 85}, "ivs": {"hp": 31, "atk": 31, "def": 31, "spa": 31, "spd": 31, "spe": 31}, "item": "Life Orb", "teraType": "Grass", "role": "Wallbreaker", "bvs": {"hp": 100, "atk": 125, "def": 90, "spa": 60, "spd": 70, "spe": 85}, "stats": {"hp": 288, "atk": 243, "def": 188, "spa": 140, "spd": 156, "spe": 180}, "types": ["Grass"]}, "Raikou": {"name": "Raikou", "species": "Raikou", "speciesId": "raikou", "gender": "N", "shiny": false, "level": 81, "moves": ["shadowball", "scald", "calmmind", "thunderbolt"], "ability": "Pressure", "evs": {"hp": 85, "atk": 0, "def": 85, "spa": 85, "spd": 85, "spe": 85}, "ivs": {"hp": 31, "atk": 0, "def": 31, "spa": 31, "spd": 31, "spe": 31}, "item": "Leftovers", "teraType": "Electric", "role": "Bulky Attacker", "bvs": {"hp": 90, "atk": 85, "def": 75, "spa": 115, "spd": 100, "spe": 115}, "stats": {"hp": 278, "atk": 142, "def": 168, "spa": 233, "spd": 209, "spe": 233}, "types": ["Electric"]}, "Munkidori": {"name": "Munkidori", "species": "Munkidori", "speciesId": "munkidori", "gender": "M", "shiny": false, "level": 79, "moves": ["uturn", "psychicnoise", "sludgewave", "fakeout"], "ability": "Toxic Chain", "evs": {"hp": 85, "atk": 85, "def": 85, "spa": 85, "spd": 85, "spe": 85}, "ivs": {"hp": 31, "atk": 31, "def": 31, "spa": 31, "spd": 31, "spe": 31}, "item": "Assault Vest", "teraType": "Dark", "role": "AV Pivot", "bvs": {"hp": 88, "atk": 75, "def": 66, "spa": 130, "spd": 90, "spe": 106}, "stats": {"hp": 269, "atk": 164, "def": 150, "spa": 251, "spd": 188, "spe": 213}, "types": ["Poison", "Psychic"]}, "Oinkologne": {"name": "Oinkologne", "species": "Oinkologne", "speciesId": "oinkologne", "gender": "M", "shiny": false, "level": 92, "moves": ["curse", "bodyslam", "highhorsepower", "lashout"], "ability": "Thick Fat", "evs": {"hp": 85, "atk": 85, "def": 85, "spa": 85, "spd": 85, "spe": 85}, "ivs": {"hp": 31, "atk": 31, "def": 31, "spa": 31, "spd": 31, "spe": 31}, "item": "Leftovers", "teraType": "Ground", "role": "Bulky Setup", "bvs": {"hp": 110, "atk": 100, "def": 75, "spa": 59, "spd": 80, "spe": 65}, "stats": {"hp": 352, "atk": 236, "def": 190, "spa": 161, "spd": 200, "spe": 172}, "types": ["Normal"]}, "Thundurus": {"name": "Thundurus", "species": "Thundurus", "speciesId": "thundurus", "gender": "M", "shiny": false, "level": 80, "moves": ["terablast", "focusblast", "nastyplot", "thunderbolt"], "ability": "Defiant", "evs": {"hp": 85, "atk": 85, "def": 85, "spa": 85, "spd": 85, "spe": 85}, "ivs": {"hp": 31, "atk": 31, "def": 31, "spa": 31, "spd": 31, "spe": 31}, "item": "Heavy-Duty Boots", "teraType": "Flying", "role": "Tera Blast user", "bvs": {"hp": 79, "atk": 115, "def": 70, "spa": 125, "spd": 80, "spe": 111}, "stats": {"hp": 258, "atk": 230, "def": 158, "spa": 246, "spd": 174, "spe": 224}, "types": ["Electric", "Flying"]}, "Gliscor": {"name": "Gliscor", "species": "Gliscor", "speciesId": "gliscor", "gender": "M", "shiny": false, "level": 76, "moves": ["toxic", "protect", "earthquake", "substitute"], "ability": "Poison Heal", "evs": {"hp": 85, "atk": 85, "def": 85, "spa": 85, "spd": 85, "spe": 85}, "ivs": {"hp": 31, "atk": 31, "def": 31, "spa": 31, "spd": 31, "spe": 31}, "item": "Toxic Orb", "teraType": "Water", "role": "Fast Support", "bvs": {"hp": 75, "atk": 95, "def": 125, "spa": 45, "spd": 75, "spe": 95}, "stats": {"hp": 239, "atk": 188, "def": 234, "spa": 112, "spd": 158, "spe": 188}, "types": ["Ground", "Flying"]}}, {"Serperior": {"name": "Serperior", "species": "Serperior", "speciesId": "serperior", "gender": "F", "shiny": false, "level": 79, "moves": ["terablast", "leechseed", "substitute", "leafstorm"], "ability": "Contrary", "evs": {"hp": 85, "atk": 85, "def": 85, "spa": 85, "spd": 85, "spe": 85}, "ivs": {"hp": 31, "atk": 31, "def": 31, "spa": 31, "spd": 31, "spe": 31}, "item": "Leftovers", "teraType": "Rock", "role": "Tera Blast user", "bvs": {"hp": 75, "atk": 75, "def": 95, "spa": 75, "spd": 95, "spe": 113}, "stats": {"hp": 248, "atk": 164, "def": 196, "spa": 164, "spd": 196, "spe": 224}, "types": ["Grass"]}, "Overqwil": {"name": "Overqwil", "species": "Overqwil", "speciesId": "overqwil", "gender": "M", "shiny": false, "level": 82, "moves": ["crunch", "gunkshot", "liquidation", "swordsdance"], "ability": "Intimidate", "evs": {"hp": 85, "atk": 85, "def": 85, "spa": 85, "spd": 85, "spe": 85}, "ivs": {"hp": 31, "atk": 31, "def": 31, "spa": 31, "spd": 31, "spe": 31}, "item": "Life Orb", "teraType": "Water", "role": "Fast Attacker", "bvs": {"hp": 85, "atk": 115, "def": 95, "spa": 65, "spd": 65, "spe": 85}, "stats": {"hp": 274, "atk": 236, "def": 203, "spa": 154, "spd": 154, "spe": 187}, "types": ["Dark", "Poison"]}, "Oricorio": {"name": "Oricorio", "species": "Oricorio-Sensu", "speciesId": "oricoriosensu", "gender": "F", "shiny": false, "level": 85, "moves": ["quiverdance", "roost", "revelationdance", "hurricane"], "ability": "Dancer", "evs": {"hp": 85, "atk": 0, "def": 85, "spa": 85, "spd": 85, "spe": 85}, "ivs": {"hp": 31, "atk": 0, "def": 31, "spa": 31, "spd": 31, "spe": 31}, "item": "Heavy-Duty Boots", "teraType": "Fighting", "role": "Setup Sweeper", "bvs": {"hp": 75, "atk": 70, "def": 70, "spa": 98, "spd": 70, "spe": 93}, "stats": {"hp": 266, "atk": 124, "def": 168, "spa": 215, "spd": 168, "spe": 207}, "types": ["Ghost", "Flying"]}, "Jumpluff": {"name": "Jumpluff", "species": "Jumpluff", "speciesId": "jumpluff", "gender": "M", "shiny": false, "level": 87, "moves": ["strengthsap", "acrobatics", "sleeppowder", "uturn"], "ability": "Infiltrator", "evs": {"hp": 81, "atk": 85, "def": 85, "spa": 85, "spd": 85, "spe": 85}, "ivs": {"hp": 31, "atk": 31, "def": 31, "spa": 31, "spd": 31, "spe": 31}, "item": "", "teraType": "Steel", "role": "Bulky Attacker", "bvs": {"hp": 75, "atk": 55, "def": 70, "spa": 55, "spd": 95, "spe": 110}, "stats": {"hp": 271, "atk": 145, "def": 172, "spa": 145, "spd": 215, "spe": 241}, "types": ["Grass", "Flying"]}, "Baxcalibur": {"name": "Baxcalibur", "species": "Baxcalibur", "speciesId": "baxcalibur", "gender": "M", "shiny": false, "level": 75, "moves": ["dragondance", "iciclecrash", "earthquake", "glaiverush"], "ability": "Thermal Exchange", "evs": {"hp": 85, "atk": 85, "def": 85, "spa": 85, "spd": 85, "spe": 85}, "ivs": {"hp": 31, "atk": 31, "def": 31, "spa": 31, "spd": 31, "spe": 31}, "item": "Heavy-Duty Boots", "teraType": "Dragon", "role": "Setup Sweeper", "bvs": {"hp": 115, "atk": 145, "def": 92, "spa": 75, "spd": 86, "spe": 87}, "stats": {"hp": 296, "atk": 261, "def": 182, "spa": 156, "spd": 173, "spe": 174}, "types": ["Dragon", "Ice"]}, "Zacian": {"name": "Zacian", "species": "Zacian", "speciesId": "zacian", "gender": "N", "shiny": false, "level": 69, "moves": ["wildcharge", "closecombat", "crunch", "playrough"], "ability": "Intrepid Sword", "evs": {"hp": 85, "atk": 85, "def": 85, "spa": 85, "spd": 85, "spe": 85}, "ivs": {"hp": 31, "atk": 31, "def": 31, "spa": 31, "spd": 31, "spe": 31}, "item": "Choice Band", "teraType": "Fighting", "role": "Fast Attacker", "bvs": {"hp": 92, "atk": 120, "def": 115, "spa": 80, "spd": 115, "spe": 138}, "stats": {"hp": 241, "atk": 206, "def": 199, "spa": 151, "spd": 199, "spe": 231}, "types": ["Fairy"]}}]}