{"id": "gen9randombattle-2631467703", "format": "[Gen 9] Random Battle", "players": ["Dilly25", "Caecius"], "log": "|j|\u2606Dilly25\n|j|\u2606Caecius\n|t:|1781388377\n|gametype|singles\n|player|p1|Dilly25|101|1210\n|player|p2|Caecius|101|1235\n|gen|9\n|tier|[Gen 9] Random Battle\n|rated|\n|rule|Species Clause: Limit one of each Pok\u00e9mon\n|rule|HP Percentage Mod: HP is shown in percentages\n|rule|Sleep Clause Mod: Limit one foe put to sleep\n|rule|Illusion Level Mod: Illusion disguises the Pok\u00e9mon's true level\n|\n|t:|1781388377\n|teamsize|p1|6\n|teamsize|p2|6\n|start\n|switch|p1a: Solgaleo|Solgaleo, L74|325/325\n|switch|p2a: Deoxys|Deoxys-Speed, L82|216/216\n|-ability|p2a: Deoxys|Pressure\n|turn|1\n|\n|t:|1781388393\n|move|p2a: Deoxys|Dark Pulse|p1a: Solgaleo\n|-supereffective|p1a: Solgaleo\n|-damage|p1a: Solgaleo|182/325\n|-damage|p2a: Deoxys|195/216|[from] item: Life Orb\n|move|p1a: Solgaleo|Sunsteel Strike|p2a: Deoxys\n|-damage|p2a: Deoxys|83/216\n|\n|upkeep\n|turn|2\n|\n|t:|1781388403\n|move|p2a: Deoxys|Dark Pulse|p1a: Solgaleo\n|-supereffective|p1a: Solgaleo\n|-damage|p1a: Solgaleo|29/325\n|-damage|p2a: Deoxys|62/216|[from] item: Life Orb\n|move|p1a: Solgaleo|Sunsteel Strike|p2a: Deoxys\n|-damage|p2a: Deoxys|0 fnt\n|faint|p2a: Deoxys\n|\n|upkeep\n|\n|t:|1781388415\n|switch|p2a: Skuntank|Skuntank, L84, M|310/310\n|turn|3\n|\n|t:|1781388428\n|move|p2a: Skuntank|Toxic Spikes|p1a: Solgaleo\n|-sidestart|p1: Dilly25|move: Toxic Spikes\n|move|p1a: Solgaleo|Earthquake|p2a: Skuntank\n|-supereffective|p2a: Skuntank\n|-damage|p2a: Skuntank|136/310\n|\n|upkeep\n|turn|4\n|\n|t:|1781388434\n|move|p2a: Skuntank|Knock Off|p1a: Solgaleo\n|-supereffective|p1a: Solgaleo\n|-damage|p1a: Solgaleo|0 fnt\n|-damage|p2a: Skuntank|85/310|[from] item: Rocky Helmet|[of] p1a: Solgaleo\n|-enditem|p1a: Solgaleo|Rocky Helmet|[from] move: Knock Off|[of] p2a: Skuntank\n|faint|p1a: Solgaleo\n|-damage|p2a: Skuntank|54/310|[from] item: Life Orb\n|\n|upkeep\n|\n|t:|1781388450\n|switch|p1a: Sudowoodo|Sudowoodo, L94, M|284/284\n|-status|p1a: Sudowoodo|psn\n|turn|5\n|\n|t:|1781388460\n|move|p2a: Skuntank|Toxic Spikes|p1a: Sudowoodo\n|-sidestart|p1: Dilly25|move: Toxic Spikes\n|move|p1a: Sudowoodo|Stealth Rock|p2a: Skuntank\n|-sidestart|p2: Caecius|move: Stealth Rock\n|\n|-damage|p1a: Sudowoodo|249/284 psn|[from] psn\n|upkeep\n|turn|6\n|\n|t:|1781388464\n|move|p2a: Skuntank|Knock Off|p1a: Sudowoodo\n|-damage|p1a: Sudowoodo|152/284 psn\n|-enditem|p1a: Sudowoodo|Leftovers|[from] move: Knock Off|[of] p2a: Skuntank\n|-damage|p2a: Skuntank|23/310|[from] item: Life Orb\n|move|p1a: Sudowoodo|Head Smash|p2a: Skuntank\n|-crit|p2a: Skuntank\n|-damage|p2a: Skuntank|0 fnt\n|-damage|p1a: Sudowoodo|81/284 psn|[from] ability: Aftermath|[of] p2a: Skuntank\n|faint|p2a: Skuntank\n|\n|-damage|p1a: Sudowoodo|46/284 psn|[from] psn\n|upkeep\n|\n|t:|1781388475\n|switch|p2a: Leavanny|Leavanny, L86, M|269/269\n|turn|7\n|\n|t:|1781388481\n|move|p1a: Sudowoodo|Sucker Punch||[still]\n|-fail|p1a: Sudowoodo\n|move|p2a: Leavanny|Sticky Web|p1a: Sudowoodo\n|-sidestart|p1: Dilly25|move: Sticky Web\n|\n|-damage|p1a: Sudowoodo|11/284 psn|[from] psn\n|upkeep\n|turn|8\n|\n|t:|1781388494\n|move|p2a: Leavanny|Sticky Web||[still]\n|-fail|p2a: Leavanny\n|move|p1a: Sudowoodo|Head Smash|p2a: Leavanny|[miss]\n|-miss|p1a: Sudowoodo|p2a: Leavanny\n|\n|-damage|p1a: Sudowoodo|0 fnt|[from] psn\n|faint|p1a: Sudowoodo\n|upkeep\n|\n|t:|1781388510\n|switch|p1a: Scovillain|Scovillain, L91, F|266/266\n|-status|p1a: Scovillain|tox\n|-activate|p1a: Scovillain|move: Sticky Web\n|-unboost|p1a: Scovillain|spe|1\n|turn|9\n|\n|t:|1781388518\n|move|p2a: Leavanny|Knock Off|p1a: Scovillain\n|-damage|p1a: Scovillain|178/266 tox\n|-enditem|p1a: Scovillain|Choice Specs|[from] move: Knock Off|[of] p2a: Leavanny\n|move|p1a: Scovillain|Flamethrower|p2a: Leavanny\n|-supereffective|p2a: Leavanny\n|-damage|p2a: Leavanny|0 fnt\n|faint|p2a: Leavanny\n|\n|-damage|p1a: Scovillain|162/266 tox|[from] psn\n|upkeep\n|\n|t:|1781388529\n|switch|p2a: Cloyster|Cloyster, L80, F|211/211\n|-damage|p2a: Cloyster|159/211|[from] Stealth Rock\n|turn|10\n|\n|t:|1781388537\n|move|p2a: Cloyster|Rock Blast|p1a: Scovillain|[miss]\n|-miss|p2a: Cloyster|p1a: Scovillain\n|move|p1a: Scovillain|Leaf Storm|p2a: Cloyster\n|-supereffective|p2a: Cloyster\n|-damage|p2a: Cloyster|0 fnt\n|-unboost|p1a: Scovillain|spa|2\n|faint|p2a: Cloyster\n|\n|-damage|p1a: Scovillain|130/266 tox|[from] psn\n|upkeep\n|\n|t:|1781388542\n|switch|p2a: Hydrapple|Hydrapple, L83, F|312/312\n|-damage|p2a: Hydrapple|273/312|[from] Stealth Rock\n|turn|11\n|\n|t:|1781388554\n|move|p1a: Scovillain|Flamethrower|p2a: Hydrapple\n|-damage|p2a: Hydrapple|207/312\n|move|p2a: Hydrapple|Fickle Beam|p1a: Scovillain|[anim] Fickle Beam All Out\n|-activate|p2a: Hydrapple|move: Fickle Beam\n|-damage|p1a: Scovillain|0 fnt\n|faint|p1a: Scovillain\n|\n|upkeep\n|\n|t:|1781388564\n|switch|p1a: Dachsbun|Dachsbun, L92, M|254/254\n|-status|p1a: Dachsbun|tox\n|-activate|p1a: Dachsbun|move: Sticky Web\n|-unboost|p1a: Dachsbun|spe|1\n|turn|12\n|\n|t:|1781388569\n|move|p1a: Dachsbun|Yawn|p2a: Hydrapple\n|-start|p2a: Hydrapple|move: Yawn|[of] p1a: Dachsbun\n|move|p2a: Hydrapple|Fickle Beam|p1a: Dachsbun\n|-immune|p1a: Dachsbun\n|\n|-damage|p1a: Dachsbun|239/254 tox|[from] psn\n|upkeep\n|turn|13\n|\n|t:|1781388576\n|move|p1a: Dachsbun|Play Rough|p2a: Hydrapple\n|-supereffective|p2a: Hydrapple\n|-damage|p2a: Hydrapple|45/312\n|move|p2a: Hydrapple|Fickle Beam|p1a: Dachsbun\n|-immune|p1a: Dachsbun\n|\n|-heal|p1a: Dachsbun|254/254 tox|[from] item: Leftovers\n|-damage|p1a: Dachsbun|224/254 tox|[from] psn\n|-end|p2a: Hydrapple|move: Yawn|[silent]\n|-status|p2a: Hydrapple|slp\n|upkeep\n|turn|14\n|\n|t:|1781388584\n|move|p1a: Dachsbun|Play Rough|p2a: Hydrapple\n|-supereffective|p2a: Hydrapple\n|-damage|p2a: Hydrapple|0 fnt\n|faint|p2a: Hydrapple\n|\n|-heal|p1a: Dachsbun|239/254 tox|[from] item: Leftovers\n|-damage|p1a: Dachsbun|194/254 tox|[from] psn\n|upkeep\n|\n|t:|1781388586\n|switch|p2a: Giratina|Giratina-Origin, L72|335/335\n|-damage|p2a: Giratina|294/335|[from] Stealth Rock\n|turn|15\n|\n|t:|1781388593\n|-terastallize|p2a: Giratina|Steel\n|move|p2a: Giratina|Poltergeist|p1a: Dachsbun|[miss]\n|-miss|p2a: Giratina|p1a: Dachsbun\n|move|p1a: Dachsbun|Yawn|p2a: Giratina\n|-start|p2a: Giratina|move: Yawn|[of] p1a: Dachsbun\n|\n|-heal|p1a: Dachsbun|209/254 tox|[from] item: Leftovers\n|-damage|p1a: Dachsbun|149/254 tox|[from] psn\n|upkeep\n|turn|16\n|\n|t:|1781388605\n|switch|p1a: Quaquaval|Quaquaval, L79, M|264/264\n|-status|p1a: Quaquaval|tox\n|-activate|p1a: Quaquaval|move: Sticky Web\n|-unboost|p1a: Quaquaval|spe|1\n|move|p2a: Giratina|Poltergeist|p1a: Quaquaval\n|-activate|p1a: Quaquaval|move: Poltergeist|Choice Band\n|-damage|p1a: Quaquaval|132/264 tox\n|\n|-damage|p1a: Quaquaval|116/264 tox|[from] psn\n|-end|p2a: Giratina|move: Yawn|[silent]\n|-status|p2a: Giratina|slp\n|upkeep\n|turn|17\n|\n|t:|1781388616\n|cant|p2a: Giratina|slp\n|move|p1a: Quaquaval|Close Combat|p2a: Giratina\n|-supereffective|p2a: Giratina\n|-damage|p2a: Giratina|0 fnt\n|-unboost|p1a: Quaquaval|def|1\n|-unboost|p1a: Quaquaval|spd|1\n|faint|p2a: Giratina\n|\n|win|Dilly25\n|raw|Dilly25's rating: 1210 &rarr; <strong>1237</strong><br />(+27 for winning)\n|raw|Caecius's rating: 1235 &rarr; <strong>1208</strong><br />(-27 for losing)\n|l|\u2606Caecius\n|player|p2|\n", "inputlog": ">version a8376a258c1d4662feba110a92103f3664a72141\n>start {\"formatid\":\"gen9randombattle\",\"seed\":\"sodium,4010ce45518639fbc2ef65c1bf07c59b\",\"rated\":\"Rated battle\"}\n>player p1 {\"name\":\"Dilly25\",\"avatar\":\"101\",\"rating\":1210,\"seed\":\"sodium,300fc89b299ede07b57b0aa6be23d24a\"}\n>player p2 {\"name\":\"Caecius\",\"avatar\":\"101\",\"rating\":1235,\"seed\":\"sodium,b00f1a55219b8bf1d99de9d108af951d\"}\n>p1 move sunsteelstrike\n>p2 move darkpulse\n>p1 move sunsteelstrike\n>p2 move darkpulse\n>p2 switch 6\n>p1 move earthquake\n>p2 move toxicspikes\n>p1 move earthquake\n>p2 move knockoff\n>p1 switch 3\n>p1 move stealthrock\n>p2 move toxicspikes\n>p1 move headsmash\n>p2 move knockoff\n>p2 switch 4\n>p1 move suckerpunch\n>p2 move stickyweb\n>p1 move headsmash\n>p2 move stickyweb\n>p1 switch 4\n>p1 move flamethrower\n>p2 move knockoff\n>p2 switch 5\n>p1 move leafstorm\n>p2 move rockblast\n>p2 switch 3\n>p1 move flamethrower\n>p2 move ficklebeam\n>p1 switch 5\n>p1 move yawn\n>p2 move ficklebeam\n>p1 move playrough\n>p2 move ficklebeam\n>p1 move playrough\n>p2 move ficklebeam\n>p2 switch 2\n>p1 move yawn\n>p2 move poltergeist terastallize\n>p1 switch 2\n>p2 move poltergeist\n>p1 move closecombat\n>p2 move poltergeist", "uploadtime": 1781388625, "views": 4, "formatid": "gen9randombattle", "rating": 1208, "private": 0, "password": null}