{"id": "gen9randombattle-2631454056", "format": "[Gen 9] Random Battle", "players": ["antibeato", "fortnitekid1212"], "log": "|j|\u2606antibeato\n|j|\u2606fortnitekid1212\n|t:|1781386620\n|gametype|singles\n|player|p1|antibeato|102|1934\n|player|p2|fortnitekid1212|169|1953\n|gen|9\n|tier|[Gen 9] Random Battle\n|rated|\n|rule|Species Clause: Limit one of each Pok\u00e9mon\n|rule|HP Percentage Mod: HP is shown in percentages\n|rule|Sleep Clause Mod: Limit one foe put to sleep\n|rule|Illusion Level Mod: Illusion disguises the Pok\u00e9mon's true level\n|\n|t:|1781386620\n|teamsize|p1|6\n|teamsize|p2|6\n|start\n|switch|p1a: Magcargo|Magcargo, L95, F|268/268\n|switch|p2a: Raging Bolt|Raging Bolt, L78|323/323\n|turn|1\n|inactive|Battle timer is ON: inactive players will automatically lose when time's up. (requested by antibeato)\n|\n|t:|1781386631\n|move|p2a: Raging Bolt|Thunderbolt|p1a: Magcargo\n|-damage|p1a: Magcargo|169/268\n|move|p1a: Magcargo|Shell Smash|p1a: Magcargo\n|-unboost|p1a: Magcargo|def|1\n|-unboost|p1a: Magcargo|spd|1\n|-boost|p1a: Magcargo|atk|2\n|-boost|p1a: Magcargo|spa|2\n|-boost|p1a: Magcargo|spe|2\n|\n|upkeep\n|turn|2\n|\n|t:|1781386650\n|-terastallize|p2a: Raging Bolt|Fairy\n|move|p1a: Magcargo|Earth Power|p2a: Raging Bolt\n|-damage|p2a: Raging Bolt|147/323\n|move|p2a: Raging Bolt|Draco Meteor|p1a: Magcargo\n|-damage|p1a: Magcargo|0 fnt\n|-unboost|p2a: Raging Bolt|spa|2\n|faint|p1a: Magcargo\n|\n|-heal|p2a: Raging Bolt|167/323|[from] item: Leftovers\n|upkeep\n|\n|t:|1781386674\n|switch|p1a: Pikachu|Pikachu-Original, L93, M|216/216\n|turn|3\n|inactive|fortnitekid1212 has 120 seconds left.\n|\n|t:|1781386710\n|-end|p2a: Raging Bolt|Protosynthesis|[silent]\n|switch|p2a: Iron Crown|Iron Crown, L78|268/268\n|move|p1a: Pikachu|Volt Tackle|p2a: Iron Crown\n|-damage|p2a: Iron Crown|66/268\n|-damage|p1a: Pikachu|149/216|[from] Recoil\n|\n|-heal|p2a: Iron Crown|82/268|[from] item: Leftovers\n|upkeep\n|turn|4\n|inactive|fortnitekid1212 has 120 seconds left.\n|\n|t:|1781386718\n|move|p1a: Pikachu|Volt Switch|p2a: Iron Crown\n|-damage|p2a: Iron Crown|0 fnt\n|faint|p2a: Iron Crown\n|-end|p2a: Iron Crown|Quark Drive|[silent]\n|\n|t:|1781386729\n|switch|p1a: Glalie|Glalie, L96, M|309/309|[from] Volt Switch\n|\n|upkeep\n|inactive|fortnitekid1212 has 120 seconds left.\n|\n|t:|1781386739\n|switch|p2a: Houndoom|Houndoom, L87, M|272/272\n|turn|5\n|\n|t:|1781386746\n|move|p2a: Houndoom|Fire Blast|p1a: Glalie\n|-supereffective|p1a: Glalie\n|-damage|p1a: Glalie|43/309\n|move|p1a: Glalie|Earthquake|p2a: Houndoom\n|-supereffective|p2a: Houndoom\n|-damage|p2a: Houndoom|58/272\n|\n|upkeep\n|turn|6\n|\n|t:|1781386764\n|move|p2a: Houndoom|Dark Pulse|p1a: Glalie\n|-damage|p1a: Glalie|0 fnt\n|faint|p1a: Glalie\n|\n|upkeep\n|\n|t:|1781386767\n|switch|p1a: Pikachu|Pikachu-Original, L93, M|149/216\n|turn|7\n|\n|t:|1781386782\n|move|p1a: Pikachu|Fake Out|p2a: Houndoom\n|-damage|p2a: Houndoom|0 fnt\n|faint|p2a: Houndoom\n|\n|upkeep\n|inactive|fortnitekid1212 has 120 seconds left.\n|\n|t:|1781386800\n|switch|p2a: Dragonite|Dragonite, L74, M|257/257\n|turn|8\n|\n|t:|1781386806\n|move|p1a: Pikachu|Volt Switch|p2a: Dragonite\n|-damage|p2a: Dragonite|199/257\n|\n|t:|1781386808\n|switch|p1a: Toucannon|Toucannon, L88, F|284/284|[from] Volt Switch\n|move|p2a: Dragonite|Earthquake|p1a: Toucannon\n|-immune|p1a: Toucannon\n|\n|upkeep\n|turn|9\n|inactive|fortnitekid1212 has 120 seconds left.\n|\n|t:|1781386839\n|switch|p2a: Drifblim|Drifblim, L86, M|398/398\n|-singleturn|p1a: Toucannon|move: Beak Blast\n|move|p1a: Toucannon|Beak Blast|p2a: Drifblim\n|-crit|p2a: Drifblim\n|-damage|p2a: Drifblim|65/398\n|\n|upkeep\n|turn|10\n|\n|t:|1781386855\n|-singleturn|p1a: Toucannon|move: Beak Blast\n|move|p2a: Drifblim|Strength Sap|p1a: Toucannon\n|-unboost|p1a: Toucannon|atk|1\n|-heal|p2a: Drifblim|326/398\n|move|p1a: Toucannon|Beak Blast|p2a: Drifblim\n|-damage|p2a: Drifblim|190/398\n|\n|upkeep\n|turn|11\n|inactive|fortnitekid1212 has 120 seconds left.\n|\n|t:|1781386879\n|switch|p1a: Pikachu|Pikachu-Original, L93, M|149/216\n|move|p2a: Drifblim|Strength Sap|p1a: Pikachu\n|-unboost|p1a: Pikachu|atk|1\n|-heal|p2a: Drifblim|345/398\n|\n|upkeep\n|turn|12\n|inactive|fortnitekid1212 has 120 seconds left.\n|\n|t:|1781386891\n|move|p1a: Pikachu|Volt Switch|p2a: Drifblim\n|-supereffective|p2a: Drifblim\n|-damage|p2a: Drifblim|33/398\n|\n|t:|1781386898\n|switch|p1a: Hydreigon|Hydreigon, L79, M|275/275|[from] Volt Switch\n|move|p2a: Drifblim|Shadow Ball|p1a: Hydreigon\n|-resisted|p1a: Hydreigon\n|-damage|p1a: Hydreigon|233/275\n|\n|upkeep\n|turn|13\n|inactive|fortnitekid1212 has 120 seconds left.\n|\n|t:|1781386911\n|switch|p2a: Raging Bolt|Raging Bolt, L78, tera:Fairy|167/323\n|move|p1a: Hydreigon|Dark Pulse|p2a: Raging Bolt\n|-resisted|p2a: Raging Bolt\n|-crit|p2a: Raging Bolt\n|-damage|p2a: Raging Bolt|51/323\n|\n|-heal|p2a: Raging Bolt|71/323|[from] item: Leftovers\n|upkeep\n|turn|14\n|\n|t:|1781386916\n|move|p1a: Hydreigon|Dark Pulse|p2a: Raging Bolt\n|-resisted|p2a: Raging Bolt\n|-damage|p2a: Raging Bolt|0 fnt\n|faint|p2a: Raging Bolt\n|-end|p2a: Raging Bolt|Protosynthesis|[silent]\n|\n|upkeep\n|\n|t:|1781386925\n|switch|p2a: Dragonite|Dragonite, L74, M|199/257\n|turn|15\n|\n|t:|1781386929\n|move|p1a: Hydreigon|Dark Pulse|p2a: Dragonite\n|-damage|p2a: Dragonite|66/257\n|move|p2a: Dragonite|Dragon Dance|p2a: Dragonite\n|-boost|p2a: Dragonite|atk|1\n|-boost|p2a: Dragonite|spe|1\n|\n|upkeep\n|turn|16\n|inactive|fortnitekid1212 has 120 seconds left.\n|\n|t:|1781386967\n|-terastallize|p1a: Hydreigon|Steel\n|move|p2a: Dragonite|Outrage|p1a: Hydreigon\n|-resisted|p1a: Hydreigon\n|-damage|p1a: Hydreigon|125/275\n|move|p1a: Hydreigon|Dark Pulse|p2a: Dragonite\n|-damage|p2a: Dragonite|0 fnt\n|faint|p2a: Dragonite\n|\n|upkeep\n|\n|t:|1781386971\n|switch|p2a: Hoopa|Hoopa-Unbound, L80|259/259\n|turn|17\n|\n|t:|1781386977\n|move|p1a: Hydreigon|Dark Pulse|p2a: Hoopa\n|-damage|p2a: Hoopa|154/259\n|cant|p2a: Hoopa|flinch\n|\n|upkeep\n|turn|18\n|l|\u2606antibeato\n|inactive|antibeato disconnected and has a minute to reconnect!\n|player|p1|\n|inactive|antibeato has 30 seconds to reconnect!\n|inactive|antibeato has 20 seconds to reconnect!\n|inactive|antibeato has 15 seconds to reconnect!\n|inactive|antibeato has 10 seconds to reconnect!\n|inactive|antibeato has 5 seconds to reconnect!\n|-message|antibeato lost due to inactivity.\n|\n|win|fortnitekid1212\n", "inputlog": ">version a8376a258c1d4662feba110a92103f3664a72141\n>start {\"formatid\":\"gen9randombattle\",\"seed\":\"sodium,477d0d37bc23f71ed0c5d803e9d785f3\",\"rated\":\"Rated battle\"}\n>player p1 {\"name\":\"antibeato\",\"avatar\":\"102\",\"rating\":1934,\"seed\":\"sodium,32eb9355143acc6a841dc9ed90aaacf1\"}\n>player p2 {\"name\":\"fortnitekid1212\",\"avatar\":\"169\",\"rating\":1953,\"seed\":\"sodium,bc1532424cfbc853efeb22cc7ea50cd2\"}\n>p1 move shellsmash\n>p2 move thunderbolt\n>p1 move earthpower\n>p2 move dracometeor terastallize\n>p1 switch 2\n>p1 move volttackle\n>p2 switch 2\n>p1 move voltswitch\n>p2 move psyshock\n>p1 switch 3\n>p2 switch 5\n>p1 move earthquake\n>p2 move fireblast\n>p1 move earthquake\n>p2 move darkpulse\n>p1 switch 3\n>p1 move fakeout\n>p2 move fireblast\n>p2 switch 6\n>p1 move voltswitch\n>p2 move earthquake\n>p1 switch 4\n>p1 move beakblast\n>p2 switch 3\n>p1 move beakblast\n>p2 move strengthsap\n>p1 switch 4\n>p2 move strengthsap\n>p1 move voltswitch\n>p2 move shadowball\n>p1 switch 5\n>p1 move darkpulse\n>p2 switch 2\n>p1 move darkpulse\n>p2 move dracometeor\n>p2 switch 3\n>p1 move darkpulse\n>p2 move dragondance\n>p1 move darkpulse terastallize\n>p2 move outrage\n>p2 switch 4\n>p1 move darkpulse\n>p2 move drainpunch\n>forcelose p1", "uploadtime": 1781386622, "views": 5, "formatid": "gen9randombattle", "rating": null, "private": 0, "password": null}