{"id": "gen9randombattle-2631845107", "format": "[Gen 9] Random Battle", "players": ["NEMOASUKA", "sarodiya"], "log": "|j|\u203dNEMOASUKA\n|j|\u2606sarodiya\n|t:|1781447374\n|gametype|singles\n|player|p1|NEMOASUKA|lucas|2001\n|player|p2|sarodiya|1|1933\n|gen|9\n|tier|[Gen 9] Random Battle\n|rated|\n|rule|Species Clause: Limit one of each Pok\u00e9mon\n|rule|HP Percentage Mod: HP is shown in percentages\n|rule|Sleep Clause Mod: Limit one foe put to sleep\n|rule|Illusion Level Mod: Illusion disguises the Pok\u00e9mon's true level\n|\n|t:|1781447374\n|teamsize|p1|6\n|teamsize|p2|6\n|start\n|switch|p1a: Inteleon|Inteleon, L81, M|246/246\n|switch|p2a: Gardevoir|Gardevoir, L83, M|249/249\n|-ability|p2a: Gardevoir|Torrent|Trace|[from] ability: Trace|[of] p1a: Inteleon\n|turn|1\n|inactive|Battle timer is ON: inactive players will automatically lose when time's up. (requested by sarodiya)\n|\n|t:|1781447384\n|move|p2a: Gardevoir|Moonblast|p1a: Inteleon\n|-damage|p1a: Inteleon|89/246\n|-unboost|p1a: Inteleon|spa|1\n|move|p1a: Inteleon|Hydro Pump|p2a: Gardevoir|[miss]\n|-miss|p1a: Inteleon|p2a: Gardevoir\n|\n|upkeep\n|turn|2\n|\n|t:|1781447394\n|move|p2a: Gardevoir|Moonblast|p1a: Inteleon\n|-damage|p1a: Inteleon|0 fnt\n|faint|p1a: Inteleon\n|\n|upkeep\n|\n|t:|1781447397\n|switch|p1a: Dragonite|Dragonite, L74, F|257/257\n|turn|3\n|\n|t:|1781447400\n|-terastallize|p1a: Dragonite|Steel\n|move|p2a: Gardevoir|Moonblast|p1a: Dragonite\n|-resisted|p1a: Dragonite\n|-crit|p1a: Dragonite\n|-damage|p1a: Dragonite|209/257\n|-unboost|p1a: Dragonite|spa|1\n|move|p1a: Dragonite|Dragon Dance|p1a: Dragonite\n|-boost|p1a: Dragonite|atk|1\n|-boost|p1a: Dragonite|spe|1\n|\n|upkeep\n|turn|4\n|\n|t:|1781447408\n|switch|p2a: Scyther|Scyther, L82, M|249/249\n|move|p1a: Dragonite|Dragon Dance|p1a: Dragonite\n|-boost|p1a: Dragonite|atk|1\n|-boost|p1a: Dragonite|spe|1\n|\n|upkeep\n|turn|5\n|\n|t:|1781447424\n|move|p1a: Dragonite|Outrage|p2a: Scyther\n|-damage|p2a: Scyther|0 fnt\n|faint|p2a: Scyther\n|\n|upkeep\n|\n|t:|1781447433\n|switch|p2a: Gardevoir|Gardevoir, L83, M|249/249\n|-ability|p2a: Gardevoir|Multiscale|Trace|[from] ability: Trace|[of] p1a: Dragonite\n|turn|6\n|\n|t:|1781447438\n|move|p1a: Dragonite|Outrage|p2a: Gardevoir|[from] lockedmove\n|-immune|p2a: Gardevoir\n|move|p2a: Gardevoir|Trick|p1a: Dragonite\n|-activate|p2a: Gardevoir|move: Trick|[of] p1a: Dragonite\n|-item|p1a: Dragonite|Choice Scarf|[from] move: Trick\n|-item|p2a: Gardevoir|Heavy-Duty Boots|[from] move: Trick\n|\n|upkeep\n|turn|7\n|\n|t:|1781447449\n|switch|p2a: Exeggutor|Exeggutor, L89, M|314/314\n|move|p1a: Dragonite|Earthquake|p2a: Exeggutor\n|-resisted|p2a: Exeggutor\n|-damage|p2a: Exeggutor|249/314\n|\n|upkeep\n|turn|8\n|\n|t:|1781447456\n|switch|p1a: Amoonguss|Amoonguss, L82, F|321/321\n|move|p2a: Exeggutor|Sleep Powder|p1a: Amoonguss\n|-immune|p1a: Amoonguss\n|\n|upkeep\n|turn|9\n|\n|t:|1781447469\n|move|p2a: Exeggutor|Calm Mind|p2a: Exeggutor\n|-boost|p2a: Exeggutor|spa|1\n|-boost|p2a: Exeggutor|spd|1\n|move|p1a: Amoonguss|Toxic|p2a: Exeggutor\n|-status|p2a: Exeggutor|tox\n|\n|-damage|p2a: Exeggutor|230/314 tox|[from] psn\n|upkeep\n|turn|10\n|\n|t:|1781447474\n|switch|p1a: Dragonite|Dragonite, L74, F, tera:Steel|209/257\n|move|p2a: Exeggutor|Psyshock|p1a: Dragonite\n|-resisted|p1a: Dragonite\n|-damage|p1a: Dragonite|124/257\n|\n|-damage|p2a: Exeggutor|192/314 tox|[from] psn\n|upkeep\n|turn|11\n|\n|t:|1781447481\n|move|p1a: Dragonite|Roost|p1a: Dragonite\n|-heal|p1a: Dragonite|253/257\n|move|p2a: Exeggutor|Sleep Powder|p1a: Dragonite\n|-status|p1a: Dragonite|slp|[from] move: Sleep Powder\n|\n|-damage|p2a: Exeggutor|135/314 tox|[from] psn\n|upkeep\n|-enditem|p2a: Exeggutor|Sitrus Berry|[eat]\n|-heal|p2a: Exeggutor|213/314 tox|[from] item: Sitrus Berry\n|turn|12\n|\n|t:|1781447487\n|switch|p2a: Suicune|Suicune, L82|298/298\n|-ability|p2a: Suicune|Pressure\n|cant|p1a: Dragonite|slp\n|\n|upkeep\n|turn|13\n|\n|t:|1781447501\n|switch|p1a: Amoonguss|Amoonguss, L82, F|321/321\n|move|p2a: Suicune|Calm Mind|p2a: Suicune\n|-boost|p2a: Suicune|spa|1\n|-boost|p2a: Suicune|spd|1\n|\n|upkeep\n|turn|14\n|\n|t:|1781447512\n|switch|p1a: Vigoroth|Vigoroth, L85, F|275/275\n|move|p2a: Suicune|Calm Mind|p2a: Suicune\n|-boost|p2a: Suicune|spa|1\n|-boost|p2a: Suicune|spd|1\n|\n|upkeep\n|turn|15\n|\n|t:|1781447516\n|move|p1a: Vigoroth|Body Slam|p2a: Suicune\n|-damage|p2a: Suicune|225/298\n|move|p2a: Suicune|Scald|p1a: Vigoroth\n|-damage|p1a: Vigoroth|142/275\n|-status|p1a: Vigoroth|brn\n|\n|-heal|p2a: Suicune|243/298|[from] item: Leftovers\n|-damage|p1a: Vigoroth|125/275 brn|[from] brn\n|upkeep\n|turn|16\n|-message|NEMOASUKA forfeited.\n|\n|win|sarodiya\n", "inputlog": ">version a8376a258c1d4662feba110a92103f3664a72141\n>start {\"formatid\":\"gen9randombattle\",\"seed\":\"sodium,6029a5a42e64cc54eefecf79e4c5094a\",\"rated\":\"Rated battle\"}\n>player p1 {\"name\":\"NEMOASUKA\",\"avatar\":\"lucas\",\"rating\":2001,\"seed\":\"sodium,7dc38eca75f92acd977c09e4c96707ac\"}\n>player p2 {\"name\":\"sarodiya\",\"avatar\":\"1\",\"rating\":1933,\"seed\":\"sodium,d2766f4e7109414b65c92bb20278a3a7\"}\n>p1 move hydropump\n>p2 move moonblast\n>p1 move hydropump\n>p2 move moonblast\n>p1 switch 4\n>p1 move dragondance terastallize\n>p2 move moonblast\n>p1 move dragondance\n>p2 switch 2\n>p1 move outrage\n>p2 move closecombat\n>p2 switch 2\n>p1 move outrage\n>p2 move trick\n>p1 move earthquake\n>p2 switch 3\n>p1 switch 5\n>p2 move sleeppowder\n>p1 move toxic\n>p2 move calmmind\n>p1 switch 5\n>p2 move psyshock\n>p1 move roost\n>p2 move sleeppowder\n>p1 move roost\n>p2 switch 5\n>p1 switch 5\n>p2 move calmmind\n>p1 switch 2\n>p2 move calmmind\n>p1 move bodyslam\n>p2 move scald\n>forcelose p1", "uploadtime": 1781447376, "views": 5, "formatid": "gen9randombattle", "rating": null, "private": 0, "password": null}