{"id": "gen9randombattle-2631932182", "format": "[Gen 9] Random Battle", "players": ["nocomment3", "lexam22"], "log": "|badge|p1|bronze|gen9randombattle|100-9\n|uhtml|medal-msg|<div class=\"broadcast-blue\">Curious what those medals under the avatar are? PS now has Ladder Seasons! For more information, check out the <a href=\"https://www.smogon.com/forums/threads/3740067/\">thread on Smogon.</a></div>\n|j|\u2606nocomment3\n|j|\u2606lexam22\n|t:|1781457046\n|gametype|singles\n|player|p1|nocomment3|101|2297\n|player|p2|lexam22|clair|2194\n|gen|9\n|tier|[Gen 9] Random Battle\n|rated|\n|rule|Species Clause: Limit one of each Pok\u00e9mon\n|rule|HP Percentage Mod: HP is shown in percentages\n|rule|Sleep Clause Mod: Limit one foe put to sleep\n|rule|Illusion Level Mod: Illusion disguises the Pok\u00e9mon's true level\n|\n|t:|1781457046\n|teamsize|p1|6\n|teamsize|p2|6\n|start\n|switch|p1a: Venomoth|Venomoth, L84, M|255/255\n|switch|p2a: Vigoroth|Vigoroth, L85, M|275/275\n|turn|1\n|\n|t:|1781457054\n|move|p2a: Vigoroth|Body Slam|p1a: Venomoth\n|-damage|p1a: Venomoth|150/255\n|move|p1a: Venomoth|Sleep Powder|p2a: Vigoroth\n|-immune|p2a: Vigoroth|[from] ability: Vital Spirit\n|\n|upkeep\n|turn|2\n|\n|t:|1781457065\n|switch|p1a: Sinistcha|Sinistcha, L83|254/254\n|move|p2a: Vigoroth|Body Slam|p1a: Sinistcha\n|-immune|p1a: Sinistcha\n|\n|upkeep\n|turn|3\n|\n|t:|1781457074\n|switch|p2a: Iron Jugulis|Iron Jugulis, L77|271/271\n|move|p1a: Sinistcha|Matcha Gotcha|p2a: Iron Jugulis\n|-resisted|p2a: Iron Jugulis\n|-damage|p2a: Iron Jugulis|215/271\n|\n|upkeep\n|turn|4\n|\n|t:|1781457082\n|switch|p1a: Muk|Muk-Alola, L82, F|306/306\n|move|p2a: Iron Jugulis|Meteor Beam||[still]\n|-prepare|p2a: Iron Jugulis|Meteor Beam\n|-boost|p2a: Iron Jugulis|spa|1\n|-enditem|p2a: Iron Jugulis|Power Herb\n|-anim|p2a: Iron Jugulis|Meteor Beam|p1a: Muk\n|-damage|p1a: Muk|233/306\n|\n|upkeep\n|turn|5\n|\n|t:|1781457090\n|move|p2a: Iron Jugulis|Earth Power|p1a: Muk\n|-supereffective|p1a: Muk\n|-damage|p1a: Muk|123/306\n|move|p1a: Muk|Gunk Shot|p2a: Iron Jugulis|[miss]\n|-miss|p1a: Muk|p2a: Iron Jugulis\n|\n|upkeep\n|turn|6\n|\n|t:|1781457098\n|move|p2a: Iron Jugulis|Earth Power|p1a: Muk\n|-supereffective|p1a: Muk\n|-damage|p1a: Muk|5/306\n|move|p1a: Muk|Ice Punch|p2a: Iron Jugulis\n|-supereffective|p2a: Iron Jugulis\n|-damage|p2a: Iron Jugulis|93/271\n|-status|p2a: Iron Jugulis|psn|[from] ability: Poison Touch|[of] p1a: Muk\n|\n|-damage|p2a: Iron Jugulis|60/271 psn|[from] psn\n|upkeep\n|turn|7\n|\n|t:|1781457107\n|move|p2a: Iron Jugulis|Dark Pulse|p1a: Muk\n|-resisted|p1a: Muk\n|-damage|p1a: Muk|0 fnt\n|faint|p1a: Muk\n|\n|-damage|p2a: Iron Jugulis|27/271 psn|[from] psn\n|upkeep\n|\n|t:|1781457109\n|switch|p1a: Honchkrow|Honchkrow, L86, F|312/312\n|turn|8\n|\n|t:|1781457116\n|-end|p2a: Iron Jugulis|Quark Drive|[silent]\n|switch|p2a: Hippowdon|Hippowdon, L82, M|311/311\n|-weather|Sandstorm|[from] ability: Sand Stream|[of] p2a: Hippowdon\n|move|p1a: Honchkrow|Brave Bird|p2a: Hippowdon\n|-damage|p2a: Hippowdon|173/311\n|-damage|p1a: Honchkrow|260/312|[from] item: Rocky Helmet|[of] p2a: Hippowdon\n|-damage|p1a: Honchkrow|214/312|[from] Recoil\n|\n|-weather|Sandstorm|[upkeep]\n|-damage|p1a: Honchkrow|195/312|[from] Sandstorm\n|upkeep\n|turn|9\n|\n|t:|1781457127\n|-terastallize|p1a: Honchkrow|Flying\n|move|p1a: Honchkrow|Brave Bird|p2a: Hippowdon\n|-damage|p2a: Hippowdon|0 fnt\n|-damage|p1a: Honchkrow|143/312|[from] item: Rocky Helmet|[of] p2a: Hippowdon\n|faint|p2a: Hippowdon\n|-ability|p1a: Honchkrow|Moxie|boost\n|-boost|p1a: Honchkrow|atk|1\n|-damage|p1a: Honchkrow|86/312|[from] Recoil\n|\n|-weather|Sandstorm|[upkeep]\n|-damage|p1a: Honchkrow|67/312|[from] Sandstorm\n|upkeep\n|\n|t:|1781457140\n|switch|p2a: Scream Tail|Scream Tail, L84|330/330\n|turn|10\n|\n|t:|1781457156\n|switch|p1a: Venomoth|Venomoth, L84, M|150/255\n|move|p2a: Scream Tail|Dazzling Gleam|p1a: Venomoth\n|-resisted|p1a: Venomoth\n|-damage|p1a: Venomoth|113/255\n|\n|-weather|Sandstorm|[upkeep]\n|-damage|p2a: Scream Tail|310/330|[from] Sandstorm\n|-damage|p1a: Venomoth|98/255|[from] Sandstorm\n|-heal|p2a: Scream Tail|330/330|[from] item: Leftovers\n|upkeep\n|turn|11\n|\n|t:|1781457168\n|-end|p2a: Scream Tail|Protosynthesis|[silent]\n|switch|p2a: Vigoroth|Vigoroth, L85, M|275/275\n|move|p1a: Venomoth|Sludge Wave|p2a: Vigoroth\n|-damage|p2a: Vigoroth|191/275\n|\n|-weather|Sandstorm|[upkeep]\n|-damage|p2a: Vigoroth|174/275|[from] Sandstorm\n|-damage|p1a: Venomoth|83/255|[from] Sandstorm\n|upkeep\n|turn|12\n|\n|t:|1781457177\n|move|p2a: Vigoroth|Slack Off|p2a: Vigoroth\n|-heal|p2a: Vigoroth|275/275\n|move|p1a: Venomoth|Sludge Wave|p2a: Vigoroth\n|-damage|p2a: Vigoroth|184/275\n|\n|-weather|none\n|upkeep\n|turn|13\n|\n|t:|1781457184\n|switch|p1a: Sinistcha|Sinistcha, L83|254/254\n|move|p2a: Vigoroth|Slack Off|p2a: Vigoroth\n|-heal|p2a: Vigoroth|275/275\n|\n|upkeep\n|turn|14\n|\n|t:|1781457197\n|switch|p2a: Scream Tail|Scream Tail, L84|330/330\n|move|p1a: Sinistcha|Shadow Ball|p2a: Scream Tail\n|-supereffective|p2a: Scream Tail\n|-damage|p2a: Scream Tail|160/330\n|\n|-heal|p2a: Scream Tail|180/330|[from] item: Leftovers\n|upkeep\n|turn|15\n|\n|t:|1781457205\n|move|p2a: Scream Tail|Thunder Wave|p1a: Sinistcha\n|-status|p1a: Sinistcha|par\n|move|p1a: Sinistcha|Shadow Ball|p2a: Scream Tail\n|-supereffective|p2a: Scream Tail\n|-damage|p2a: Scream Tail|4/330\n|\n|-heal|p2a: Scream Tail|24/330|[from] item: Leftovers\n|upkeep\n|turn|16\n|\n|t:|1781457221\n|-end|p2a: Scream Tail|Protosynthesis|[silent]\n|switch|p2a: Crawdaunt|Crawdaunt, L84, M|243/243\n|move|p1a: Sinistcha|Shadow Ball|p2a: Crawdaunt\n|-resisted|p2a: Crawdaunt\n|-damage|p2a: Crawdaunt|175/243\n|\n|upkeep\n|turn|17\n|\n|t:|1781457233\n|switch|p1a: Honchkrow|Honchkrow, L86, F, tera:Flying|67/312\n|move|p2a: Crawdaunt|Knock Off|p1a: Honchkrow\n|-damage|p1a: Honchkrow|0 fnt\n|-enditem|p1a: Honchkrow|Heavy-Duty Boots|[from] move: Knock Off|[of] p2a: Crawdaunt\n|faint|p1a: Honchkrow\n|-damage|p2a: Crawdaunt|151/243|[from] item: Life Orb\n|\n|upkeep\n|\n|t:|1781457240\n|switch|p1a: Florges|Florges, L85, F|271/271\n|turn|18\n|\n|t:|1781457247\n|switch|p2a: Vigoroth|Vigoroth, L85, M|275/275\n|move|p1a: Florges|Moonblast|p2a: Vigoroth\n|-damage|p2a: Vigoroth|172/275\n|-unboost|p2a: Vigoroth|spa|1\n|\n|upkeep\n|turn|19\n|\n|t:|1781457254\n|move|p2a: Vigoroth|Slack Off|p2a: Vigoroth\n|-heal|p2a: Vigoroth|275/275\n|move|p1a: Florges|Moonblast|p2a: Vigoroth\n|-damage|p2a: Vigoroth|164/275\n|\n|upkeep\n|turn|20\n|\n|t:|1781457260\n|move|p2a: Vigoroth|Body Slam|p1a: Florges\n|-damage|p1a: Florges|177/271\n|move|p1a: Florges|Calm Mind|p1a: Florges\n|-boost|p1a: Florges|spa|1\n|-boost|p1a: Florges|spd|1\n|\n|-heal|p1a: Florges|193/271|[from] item: Leftovers\n|upkeep\n|turn|21\n|\n|t:|1781457270\n|move|p2a: Vigoroth|Body Slam|p1a: Florges\n|-damage|p1a: Florges|94/271\n|-status|p1a: Florges|par\n|cant|p1a: Florges|par\n|\n|-heal|p1a: Florges|110/271 par|[from] item: Leftovers\n|upkeep\n|turn|22\n|\n|t:|1781457279\n|move|p2a: Vigoroth|Bulk Up|p2a: Vigoroth\n|-boost|p2a: Vigoroth|atk|1\n|-boost|p2a: Vigoroth|def|1\n|cant|p1a: Florges|par\n|\n|-heal|p1a: Florges|126/271 par|[from] item: Leftovers\n|upkeep\n|turn|23\n|\n|t:|1781457286\n|move|p2a: Vigoroth|Body Slam|p1a: Florges\n|-damage|p1a: Florges|0 fnt\n|faint|p1a: Florges\n|\n|upkeep\n|\n|t:|1781457291\n|switch|p1a: Sinistcha|Sinistcha, L83|254/254 par\n|turn|24\n|\n|t:|1781457298\n|switch|p2a: Scream Tail|Scream Tail, L84|24/330\n|switch|p1a: Bastiodon|Bastiodon, L89, M|252/252\n|\n|-heal|p2a: Scream Tail|44/330|[from] item: Leftovers\n|upkeep\n|turn|25\n|-message|nocomment3 forfeited.\n|\n|win|lexam22\n", "inputlog": ">version a8376a258c1d4662feba110a92103f3664a72141\n>start {\"formatid\":\"gen9randombattle\",\"seed\":\"sodium,b515e46cd8976f01fdc3f8e0c068cd6a\",\"rated\":\"Rated battle\"}\n>player p1 {\"name\":\"nocomment3\",\"avatar\":\"101\",\"rating\":2297,\"seed\":\"sodium,071255ed106430cb348bcd9d6206b567\"}\n>player p2 {\"name\":\"lexam22\",\"avatar\":\"clair\",\"rating\":2194,\"seed\":\"sodium,2e5bacc4e0caef78dc0f0a7097d6536c\"}\n>p1 move sleeppowder\n>p2 move bodyslam\n>p1 switch 5\n>p2 move bodyslam\n>p1 move matchagotcha\n>p2 switch 4\n>p1 switch 3\n>p2 move meteorbeam\n>p1 move gunkshot\n>p2 move earthpower\n>p1 move icepunch\n>p2 move earthpower\n>p1 move gunkshot\n>p2 move darkpulse\n>p1 switch 4\n>p1 move bravebird\n>p2 switch 3\n>p1 move bravebird terastallize\n>p2 move stealthrock\n>p2 switch 6\n>p1 switch 5\n>p2 move dazzlinggleam\n>p1 move sludgewave\n>p2 switch 4\n>p1 move sludgewave\n>p2 move slackoff\n>p1 switch 3\n>p2 move slackoff\n>p1 move shadowball\n>p2 switch 4\n>p1 move shadowball\n>p2 move thunderwave\n>p1 move shadowball\n>p2 switch 5\n>p1 switch 5\n>p2 move knockoff\n>p1 switch 6\n>p1 move moonblast\n>p2 switch 4\n>p1 move moonblast\n>p2 move slackoff\n>p1 move calmmind\n>p2 move bodyslam\n>p1 move moonblast\n>p2 move bodyslam\n>p1 move moonblast\n>p2 move bulkup\n>p1 move moonblast\n>p2 move bodyslam\n>p1 switch 5\n>p1 switch 2\n>p2 switch 5\n>forcelose p1", "uploadtime": 1781457048, "views": 5, "formatid": "gen9randombattle", "rating": null, "private": 0, "password": null}