{"id": "gen9randombattle-2631877218", "format": "[Gen 9] Random Battle", "players": ["hot limon", "bimiuchiratnhieu"], "log": "|j|\u2606hot limon\n|j|\u2606bimiuchiratnhieu\n|t:|1781451054\n|gametype|singles\n|player|p1|hot limon|101|1928\n|player|p2|bimiuchiratnhieu|hilda|1960\n|gen|9\n|tier|[Gen 9] Random Battle\n|rated|\n|rule|Species Clause: Limit one of each Pok\u00e9mon\n|rule|HP Percentage Mod: HP is shown in percentages\n|rule|Sleep Clause Mod: Limit one foe put to sleep\n|rule|Illusion Level Mod: Illusion disguises the Pok\u00e9mon's true level\n|\n|t:|1781451054\n|teamsize|p1|6\n|teamsize|p2|6\n|start\n|switch|p1a: Granbull|Granbull, L88, M|302/302\n|switch|p2a: Slowbro|Slowbro-Galar, L87, M|307/307\n|-ability|p1a: Granbull|Intimidate|boost\n|-unboost|p2a: Slowbro|atk|1\n|turn|1\n|inactive|Battle timer is ON: inactive players will automatically lose when time's up. (requested by bimiuchiratnhieu)\n|inactive|hot limon also wants the timer to be on.\n|\n|t:|1781451061\n|switch|p1a: Garchomp|Garchomp, L74, M|282/282\n|move|p2a: Slowbro|Shell Side Arm|p1a: Garchomp|[anim] Shell Side Arm Special\n|-resisted|p1a: Garchomp\n|-damage|p1a: Garchomp|223/282\n|-hint|Special Shell Side Arm\n|\n|upkeep\n|turn|2\n|\n|t:|1781451088\n|switch|p2a: Groudon|Groudon, L72|263/263\n|-weather|SunnyDay|[from] ability: Drought|[of] p2a: Groudon\n|move|p1a: Garchomp|Spikes|p2a: Groudon\n|-sidestart|p2: bimiuchiratnhieu|Spikes\n|\n|-weather|SunnyDay|[upkeep]\n|upkeep\n|turn|3\n|\n|t:|1781451100\n|move|p1a: Garchomp|Stealth Rock|p2a: Groudon\n|-sidestart|p2: bimiuchiratnhieu|move: Stealth Rock\n|move|p2a: Groudon|Swords Dance|p2a: Groudon\n|-boost|p2a: Groudon|atk|2\n|\n|-weather|SunnyDay|[upkeep]\n|upkeep\n|turn|4\n|\n|t:|1781451113\n|move|p1a: Garchomp|Outrage|p2a: Groudon\n|-damage|p2a: Groudon|154/263\n|move|p2a: Groudon|Precipice Blades|p1a: Garchomp\n|-damage|p1a: Garchomp|0 fnt\n|faint|p1a: Garchomp\n|\n|-weather|SunnyDay|[upkeep]\n|-heal|p2a: Groudon|170/263|[from] item: Leftovers\n|upkeep\n|\n|t:|1781451117\n|switch|p1a: Chien-Pao|Chien-Pao, L72|234/234\n|-ability|p1a: Chien-Pao|Sword of Ruin\n|turn|5\n|\n|t:|1781451120\n|move|p1a: Chien-Pao|Icicle Crash|p2a: Groudon\n|-supereffective|p2a: Groudon\n|-damage|p2a: Groudon|0 fnt\n|faint|p2a: Groudon\n|\n|-weather|SunnyDay|[upkeep]\n|upkeep\n|\n|t:|1781451127\n|switch|p2a: Emboar|Emboar, L84, F|322/322\n|-damage|p2a: Emboar|282/322|[from] Spikes\n|-damage|p2a: Emboar|242/322|[from] Stealth Rock\n|turn|6\n|\n|t:|1781451135\n|switch|p1a: Granbull|Granbull, L88, M|302/302\n|-ability|p1a: Granbull|Intimidate|boost\n|-unboost|p2a: Emboar|atk|1\n|move|p2a: Emboar|Bulk Up|p2a: Emboar\n|-boost|p2a: Emboar|atk|1\n|-boost|p2a: Emboar|def|1\n|\n|-weather|none\n|-heal|p2a: Emboar|262/322|[from] item: Leftovers\n|upkeep\n|turn|7\n|\n|t:|1781451145\n|move|p2a: Emboar|Flare Blitz|p1a: Granbull\n|-damage|p1a: Granbull|88/302\n|-damage|p2a: Emboar|191/322|[from] Recoil\n|move|p1a: Granbull|Thunder Wave|p2a: Emboar\n|-status|p2a: Emboar|par\n|\n|-heal|p1a: Granbull|106/302|[from] item: Leftovers\n|-heal|p2a: Emboar|211/322 par|[from] item: Leftovers\n|upkeep\n|turn|8\n|\n|t:|1781451154\n|move|p1a: Granbull|Earthquake|p2a: Emboar\n|-supereffective|p2a: Emboar\n|-damage|p2a: Emboar|55/322 par\n|cant|p2a: Emboar|par\n|\n|-heal|p1a: Granbull|124/302|[from] item: Leftovers\n|-heal|p2a: Emboar|75/322 par|[from] item: Leftovers\n|upkeep\n|turn|9\n|\n|t:|1781451159\n|switch|p2a: Iron Jugulis|Iron Jugulis, L77|271/271\n|-damage|p2a: Iron Jugulis|204/271|[from] Stealth Rock\n|move|p1a: Granbull|Earthquake|p2a: Iron Jugulis\n|-immune|p2a: Iron Jugulis\n|\n|-heal|p1a: Granbull|142/302|[from] item: Leftovers\n|upkeep\n|turn|10\n|\n|t:|1781451168\n|move|p2a: Iron Jugulis|Meteor Beam||[still]\n|-prepare|p2a: Iron Jugulis|Meteor Beam\n|-boost|p2a: Iron Jugulis|spa|1\n|-enditem|p2a: Iron Jugulis|Power Herb\n|-anim|p2a: Iron Jugulis|Meteor Beam|p1a: Granbull\n|-damage|p1a: Granbull|0 fnt\n|faint|p1a: Granbull\n|\n|upkeep\n|\n|t:|1781451180\n|switch|p1a: Chien-Pao|Chien-Pao, L72|234/234\n|-ability|p1a: Chien-Pao|Sword of Ruin\n|turn|11\n|\n|t:|1781451188\n|-end|p2a: Iron Jugulis|Quark Drive|[silent]\n|switch|p2a: Emboar|Emboar, L84, F|75/322 par\n|-damage|p2a: Emboar|35/322 par|[from] Spikes\n|-damage|p2a: Emboar|0 fnt|[from] Stealth Rock\n|faint|p2a: Emboar\n|move|p1a: Chien-Pao|Icicle Crash|p2: Emboar|[notarget]\n|-fail|p1a: Chien-Pao\n|\n|upkeep\n|\n|t:|1781451190\n|switch|p2a: Sudowoodo|Sudowoodo, L94, M|284/284\n|-damage|p2a: Sudowoodo|249/284|[from] Spikes\n|-damage|p2a: Sudowoodo|214/284|[from] Stealth Rock\n|turn|12\n|\n|t:|1781451195\n|move|p1a: Chien-Pao|Icicle Crash|p2a: Sudowoodo\n|-damage|p2a: Sudowoodo|93/284\n|move|p2a: Sudowoodo|Head Smash|p1a: Chien-Pao\n|-supereffective|p1a: Chien-Pao\n|-damage|p1a: Chien-Pao|0 fnt\n|faint|p1a: Chien-Pao\n|\n|-heal|p2a: Sudowoodo|110/284|[from] item: Leftovers\n|upkeep\n|\n|t:|1781451216\n|switch|p1a: Mew|Mew, L82|298/298\n|turn|13\n|\n|t:|1781451229\n|-terastallize|p1a: Mew|Fighting\n|move|p2a: Sudowoodo|Sucker Punch||[still]\n|-fail|p2a: Sudowoodo\n|move|p1a: Mew|Swords Dance|p1a: Mew\n|-boost|p1a: Mew|atk|2\n|\n|-heal|p2a: Sudowoodo|127/284|[from] item: Leftovers\n|upkeep\n|turn|14\n|\n|t:|1781451233\n|move|p1a: Mew|Close Combat|p2a: Sudowoodo\n|-supereffective|p2a: Sudowoodo\n|-damage|p2a: Sudowoodo|0 fnt\n|-unboost|p1a: Mew|def|1\n|-unboost|p1a: Mew|spd|1\n|faint|p2a: Sudowoodo\n|-damage|p1a: Mew|269/298|[from] item: Life Orb\n|\n|upkeep\n|\n|t:|1781451237\n|switch|p2a: Iron Jugulis|Iron Jugulis, L77|204/271\n|-damage|p2a: Iron Jugulis|137/271|[from] Stealth Rock\n|turn|15\n|\n|t:|1781451242\n|switch|p1a: Slaking|Slaking, L84, F|389/389\n|move|p2a: Iron Jugulis|Hurricane|p1a: Slaking\n|-damage|p1a: Slaking|245/389\n|\n|upkeep\n|turn|16\n|\n|t:|1781451250\n|move|p1a: Slaking|Double-Edge|p2a: Iron Jugulis\n|-damage|p2a: Iron Jugulis|0 fnt\n|faint|p2a: Iron Jugulis\n|-end|p2a: Iron Jugulis|Quark Drive|[silent]\n|-damage|p1a: Slaking|200/389|[from] Recoil\n|\n|upkeep\n|\n|t:|1781451257\n|switch|p2a: Slowbro|Slowbro-Galar, L87, M|307/307\n|-damage|p2a: Slowbro|269/307|[from] Spikes\n|-damage|p2a: Slowbro|231/307|[from] Stealth Rock\n|turn|17\n|\n|t:|1781451263\n|cant|p1a: Slaking|ability: Truant\n|move|p2a: Slowbro|Shell Side Arm|p1a: Slaking|[anim] Shell Side Arm Special\n|-damage|p1a: Slaking|79/389\n|-hint|Special Shell Side Arm\n|-status|p1a: Slaking|psn\n|\n|-damage|p1a: Slaking|31/389 psn|[from] psn\n|upkeep\n|turn|18\n|inactive|bimiuchiratnhieu has 120 seconds left.\n|\n|t:|1781451296\n|move|p1a: Slaking|Double-Edge|p2a: Slowbro\n|-damage|p2a: Slowbro|56/307\n|-damage|p1a: Slaking|0 fnt|[from] Recoil\n|faint|p1a: Slaking\n|move|p2a: Slowbro|Shell Side Arm|p1: Slaking|[notarget]\n|-fail|p2a: Slowbro\n|\n|upkeep\n|\n|t:|1781451301\n|switch|p1a: Mew|Mew, L82, tera:Fighting|269/298\n|turn|19\n|inactive|bimiuchiratnhieu has 120 seconds left.\n|\n|t:|1781451319\n|move|p1a: Mew|Knock Off|p2a: Slowbro\n|-supereffective|p2a: Slowbro\n|-damage|p2a: Slowbro|0 fnt\n|-enditem|p2a: Slowbro|Assault Vest|[from] move: Knock Off|[of] p1a: Mew\n|faint|p2a: Slowbro\n|-damage|p1a: Mew|240/298|[from] item: Life Orb\n|\n|upkeep\n|\n|t:|1781451321\n|switch|p2a: Leafeon|Leafeon, L88, F|258/258\n|-damage|p2a: Leafeon|226/258|[from] Spikes\n|-damage|p2a: Leafeon|194/258|[from] Stealth Rock\n|turn|20\n|\n|t:|1781451327\n|move|p2a: Leafeon|Swords Dance|p2a: Leafeon\n|-boost|p2a: Leafeon|atk|2\n|move|p1a: Mew|Close Combat|p2a: Leafeon\n|-damage|p2a: Leafeon|77/258\n|-unboost|p1a: Mew|def|1\n|-unboost|p1a: Mew|spd|1\n|-damage|p1a: Mew|211/298|[from] item: Life Orb\n|\n|-heal|p2a: Leafeon|93/258|[from] item: Leftovers\n|upkeep\n|turn|21\n|\n|t:|1781451336\n|move|p2a: Leafeon|Substitute|p2a: Leafeon\n|-start|p2a: Leafeon|Substitute\n|-damage|p2a: Leafeon|29/258\n|move|p1a: Mew|Close Combat|p2a: Leafeon\n|-end|p2a: Leafeon|Substitute\n|-unboost|p1a: Mew|def|1\n|-unboost|p1a: Mew|spd|1\n|-damage|p1a: Mew|182/298|[from] item: Life Orb\n|\n|-heal|p2a: Leafeon|45/258|[from] item: Leftovers\n|upkeep\n|turn|22\n|\n|t:|1781451339\n|move|p2a: Leafeon|Leaf Blade|p1a: Mew\n|-damage|p1a: Mew|0 fnt\n|faint|p1a: Mew\n|\n|-heal|p2a: Leafeon|61/258|[from] item: Leftovers\n|upkeep\n|\n|t:|1781451340\n|switch|p1a: Banette|Banette, L93, M|270/270\n|turn|23\n|\n|t:|1781451354\n|-terastallize|p2a: Leafeon|Normal\n|move|p1a: Banette|Shadow Sneak|p2a: Leafeon\n|-immune|p2a: Leafeon\n|move|p2a: Leafeon|Leaf Blade|p1a: Banette\n|-damage|p1a: Banette|0 fnt\n|faint|p1a: Banette\n|\n|win|bimiuchiratnhieu\n", "inputlog": ">version a8376a258c1d4662feba110a92103f3664a72141\n>start {\"formatid\":\"gen9randombattle\",\"seed\":\"sodium,e486c57db213691a97a564cc1684a9d7\",\"rated\":\"Rated battle\"}\n>player p1 {\"name\":\"hot limon\",\"avatar\":\"101\",\"rating\":1928,\"seed\":\"sodium,70577f9381512e837e9c9f3871752452\"}\n>player p2 {\"name\":\"bimiuchiratnhieu\",\"avatar\":\"hilda\",\"rating\":1960,\"seed\":\"sodium,272014e7792e3161fb80b38d410919a6\"}\n>p1 switch 4\n>p2 move shellsidearm\n>p1 move spikes\n>p2 switch 6\n>p1 move stealthrock\n>p2 move swordsdance\n>p1 move outrage\n>p2 move precipiceblades\n>p1 switch 2\n>p1 move iciclecrash\n>p2 move heatcrash\n>p2 switch 2\n>p1 switch 4\n>p2 move bulkup\n>p1 move thunderwave\n>p2 move flareblitz\n>p1 move earthquake\n>p2 move flareblitz\n>p1 move earthquake\n>p2 switch 3\n>p1 move thunderwave\n>p2 move meteorbeam\n>p1 switch 4\n>p1 move iciclecrash\n>p2 switch 3\n>p2 switch 4\n>p1 move iciclecrash\n>p2 move headsmash\n>p1 switch 3\n>p1 move swordsdance terastallize\n>p2 move suckerpunch\n>p1 move closecombat\n>p2 move woodhammer\n>p2 switch 3\n>p1 switch 6\n>p2 move hurricane\n>p1 move doubleedge\n>p2 move darkpulse\n>p2 switch 6\n>p1 move doubleedge\n>p2 move shellsidearm\n>p1 move doubleedge\n>p2 move shellsidearm\n>p1 switch 6\n>p1 move knockoff\n>p2 move shellsidearm\n>p2 switch 5\n>p1 move closecombat\n>p2 move swordsdance\n>p1 move closecombat\n>p2 move substitute\n>p1 move closecombat\n>p2 move leafblade\n>p1 switch 5\n>p1 move shadowsneak\n>p2 move leafblade terastallize", "uploadtime": 1781451056, "views": 4, "formatid": "gen9randombattle", "rating": null, "private": 0, "password": null}