{"id": "gen9randombattle-2631628592", "format": "[Gen 9] Random Battle", "players": ["sondaw", "who is to say"], "log": "|j|\u203dsondaw\n|j|\u2606who is to say\n|t:|1781411299\n|gametype|singles\n|player|p1|sondaw|101|2194\n|player|p2|who is to say|170|2220\n|gen|9\n|tier|[Gen 9] Random Battle\n|rated|\n|rule|Species Clause: Limit one of each Pok\u00e9mon\n|rule|HP Percentage Mod: HP is shown in percentages\n|rule|Sleep Clause Mod: Limit one foe put to sleep\n|rule|Illusion Level Mod: Illusion disguises the Pok\u00e9mon's true level\n|\n|t:|1781411299\n|teamsize|p1|6\n|teamsize|p2|6\n|start\n|switch|p1a: Lugia|Lugia, L73|275/275\n|switch|p2a: Houndstone|Houndstone, L86, F|264/264\n|turn|1\n|\n|t:|1781411309\n|switch|p1a: Morpeko|Morpeko, L88, M|245/245\n|move|p2a: Houndstone|Poltergeist|p1a: Morpeko\n|-activate|p1a: Morpeko|move: Poltergeist|Leftovers\n|-resisted|p1a: Morpeko\n|-damage|p1a: Morpeko|164/245\n|\n|-heal|p1a: Morpeko|179/245|[from] item: Leftovers\n|-formechange|p1a: Morpeko|Morpeko-Hangry||[from] ability: Hunger Switch\n|upkeep\n|turn|2\n|\n|t:|1781411318\n|switch|p2a: Fezandipiti|Fezandipiti, L82, M|278/278\n|move|p1a: Morpeko|Knock Off|p2a: Fezandipiti\n|-resisted|p2a: Fezandipiti\n|-damage|p2a: Fezandipiti|223/278\n|-enditem|p2a: Fezandipiti|Leftovers|[from] move: Knock Off|[of] p1a: Morpeko\n|\n|-heal|p1a: Morpeko|194/245|[from] item: Leftovers\n|-formechange|p1a: Morpeko|Morpeko||[from] ability: Hunger Switch\n|upkeep\n|turn|3\n|\n|t:|1781411329\n|switch|p1a: Eelektross|Eelektross, L87, M|290/290\n|move|p2a: Fezandipiti|Moonblast|p1a: Eelektross\n|-damage|p1a: Eelektross|235/290\n|\n|upkeep\n|turn|4\n|\n|t:|1781411348\n|move|p2a: Fezandipiti|Beat Up|p1a: Eelektross\n|-damage|p1a: Eelektross|225/290\n|-damage|p1a: Eelektross|215/290\n|-damage|p1a: Eelektross|205/290\n|-damage|p1a: Eelektross|193/290\n|-status|p1a: Eelektross|tox|[from] ability: Toxic Chain|[of] p2a: Fezandipiti\n|-damage|p1a: Eelektross|183/290 tox\n|-crit|p1a: Eelektross\n|-damage|p1a: Eelektross|168/290 tox\n|-hitcount|p1a: Eelektross|6\n|move|p1a: Eelektross|Discharge|p2a: Fezandipiti\n|-damage|p2a: Fezandipiti|145/278\n|\n|-damage|p1a: Eelektross|150/290 tox|[from] psn\n|upkeep\n|turn|5\n|\n|t:|1781411366\n|move|p2a: Fezandipiti|Roost|p2a: Fezandipiti\n|-heal|p2a: Fezandipiti|278/278\n|-singleturn|p2a: Fezandipiti|move: Roost\n|move|p1a: Eelektross|Discharge|p2a: Fezandipiti\n|-damage|p2a: Fezandipiti|200/278\n|-status|p2a: Fezandipiti|par\n|\n|-damage|p1a: Eelektross|114/290 tox|[from] psn\n|upkeep\n|turn|6\n|\n|t:|1781411371\n|move|p1a: Eelektross|U-turn|p2a: Fezandipiti\n|-resisted|p2a: Fezandipiti\n|-damage|p2a: Fezandipiti|184/278 par\n|\n|t:|1781411379\n|switch|p1a: Lugia|Lugia, L73|275/275|[from] U-turn\n|move|p2a: Fezandipiti|Roost|p2a: Fezandipiti\n|-heal|p2a: Fezandipiti|278/278 par\n|-singleturn|p2a: Fezandipiti|move: Roost\n|\n|upkeep\n|turn|7\n|\n|t:|1781411387\n|move|p1a: Lugia|Calm Mind|p1a: Lugia\n|-boost|p1a: Lugia|spa|1\n|-boost|p1a: Lugia|spd|1\n|move|p2a: Fezandipiti|Beat Up|p1a: Lugia\n|-supereffective|p1a: Lugia\n|-damage|p1a: Lugia|267/275\n|-supereffective|p1a: Lugia\n|-damage|p1a: Lugia|251/275\n|-status|p1a: Lugia|tox|[from] ability: Toxic Chain|[of] p2a: Fezandipiti\n|-supereffective|p1a: Lugia\n|-damage|p1a: Lugia|231/275 tox\n|-supereffective|p1a: Lugia\n|-damage|p1a: Lugia|213/275 tox\n|-supereffective|p1a: Lugia\n|-damage|p1a: Lugia|197/275 tox\n|-supereffective|p1a: Lugia\n|-damage|p1a: Lugia|181/275 tox\n|-hitcount|p1a: Lugia|6\n|\n|-damage|p1a: Lugia|164/275 tox|[from] psn\n|upkeep\n|turn|8\n|\n|t:|1781411414\n|switch|p2a: Spiritomb|Spiritomb, L89, M|234/234\n|move|p1a: Lugia|Psychic Noise|p2a: Spiritomb\n|-immune|p2a: Spiritomb\n|\n|-damage|p1a: Lugia|130/275 tox|[from] psn\n|upkeep\n|turn|9\n|\n|t:|1781411424\n|move|p1a: Lugia|Aeroblast|p2a: Spiritomb|[miss]\n|-miss|p1a: Lugia|p2a: Spiritomb\n|move|p2a: Spiritomb|Poltergeist|p1a: Lugia\n|-activate|p1a: Lugia|move: Poltergeist|Heavy-Duty Boots\n|-supereffective|p1a: Lugia\n|-damage|p1a: Lugia|0 fnt\n|faint|p1a: Lugia\n|\n|upkeep\n|\n|t:|1781411432\n|switch|p1a: Morpeko|Morpeko, L88, M|194/245\n|turn|10\n|inactive|Battle timer is ON: inactive players will automatically lose when time's up. (requested by sondaw)\n|\n|t:|1781411442\n|move|p1a: Morpeko|Aura Wheel|p2a: Spiritomb\n|-damage|p2a: Spiritomb|135/234\n|-boost|p1a: Morpeko|spe|1\n|move|p2a: Spiritomb|Poltergeist|p1a: Morpeko|[miss]\n|-miss|p2a: Spiritomb|p1a: Morpeko\n|\n|-heal|p1a: Morpeko|209/245|[from] item: Leftovers\n|-heal|p2a: Spiritomb|149/234|[from] item: Leftovers\n|-formechange|p1a: Morpeko|Morpeko-Hangry||[from] ability: Hunger Switch\n|upkeep\n|turn|11\n|\n|t:|1781411447\n|move|p1a: Morpeko|Aura Wheel|p2a: Spiritomb\n|-damage|p2a: Spiritomb|52/234\n|-boost|p1a: Morpeko|spe|1\n|move|p2a: Spiritomb|Pain Split|p1a: Morpeko\n|-sethp|p1a: Morpeko|130/245|[from] move: Pain Split|[silent]\n|-sethp|p2a: Spiritomb|130/234|[from] move: Pain Split\n|\n|-heal|p1a: Morpeko|145/245|[from] item: Leftovers\n|-heal|p2a: Spiritomb|144/234|[from] item: Leftovers\n|-formechange|p1a: Morpeko|Morpeko||[from] ability: Hunger Switch\n|upkeep\n|turn|12\n|\n|t:|1781411456\n|move|p1a: Morpeko|Knock Off|p2a: Spiritomb\n|-damage|p2a: Spiritomb|48/234\n|-enditem|p2a: Spiritomb|Leftovers|[from] move: Knock Off|[of] p1a: Morpeko\n|move|p2a: Spiritomb|Pain Split|p1a: Morpeko\n|-sethp|p1a: Morpeko|96/245|[from] move: Pain Split|[silent]\n|-sethp|p2a: Spiritomb|96/234|[from] move: Pain Split\n|\n|-heal|p1a: Morpeko|111/245|[from] item: Leftovers\n|-formechange|p1a: Morpeko|Morpeko-Hangry||[from] ability: Hunger Switch\n|upkeep\n|turn|13\n|\n|t:|1781411461\n|move|p1a: Morpeko|Aura Wheel|p2a: Spiritomb\n|-damage|p2a: Spiritomb|0 fnt\n|-boost|p1a: Morpeko|spe|1\n|faint|p2a: Spiritomb\n|\n|-heal|p1a: Morpeko|126/245|[from] item: Leftovers\n|-formechange|p1a: Morpeko|Morpeko||[from] ability: Hunger Switch\n|upkeep\n|\n|t:|1781411467\n|switch|p2a: Fezandipiti|Fezandipiti, L82, M|278/278 par\n|turn|14\n|\n|t:|1781411476\n|move|p1a: Morpeko|Aura Wheel|p2a: Fezandipiti\n|-damage|p2a: Fezandipiti|140/278 par\n|-boost|p1a: Morpeko|spe|1\n|move|p2a: Fezandipiti|Moonblast|p1a: Morpeko\n|-supereffective|p1a: Morpeko\n|-damage|p1a: Morpeko|0 fnt\n|faint|p1a: Morpeko\n|\n|upkeep\n|\n|t:|1781411485\n|switch|p1a: Torterra|Torterra, L78, M|276/276\n|turn|15\n|\n|t:|1781411494\n|move|p1a: Torterra|Headlong Rush|p2a: Fezandipiti\n|-supereffective|p2a: Fezandipiti\n|-crit|p2a: Fezandipiti\n|-damage|p2a: Fezandipiti|0 fnt\n|-unboost|p1a: Torterra|def|1\n|-unboost|p1a: Torterra|spd|1\n|faint|p2a: Fezandipiti\n|\n|upkeep\n|\n|t:|1781411509\n|switch|p2a: Houndstone|Houndstone, L86, F|264/264\n|turn|16\n|\n|t:|1781411516\n|switch|p1a: Eelektross|Eelektross, L87, M|114/290 tox\n|move|p2a: Houndstone|Poltergeist|p1a: Eelektross\n|-activate|p1a: Eelektross|move: Poltergeist|Assault Vest\n|-damage|p1a: Eelektross|0 fnt\n|faint|p1a: Eelektross\n|\n|upkeep\n|j| Yutomishima\n|\n|t:|1781411521\n|switch|p1a: Torterra|Torterra, L78, M|276/276\n|turn|17\n|\n|t:|1781411523\n|move|p2a: Houndstone|Poltergeist|p1a: Torterra\n|-activate|p1a: Torterra|move: Poltergeist|Loaded Dice\n|-damage|p1a: Torterra|153/276\n|move|p1a: Torterra|Shell Smash|p1a: Torterra\n|-unboost|p1a: Torterra|def|1\n|-unboost|p1a: Torterra|spd|1\n|-boost|p1a: Torterra|atk|2\n|-boost|p1a: Torterra|spa|2\n|-boost|p1a: Torterra|spe|2\n|\n|upkeep\n|turn|18\n|\n|t:|1781411531\n|move|p1a: Torterra|Bullet Seed|p2a: Houndstone\n|-damage|p2a: Houndstone|219/264\n|-damage|p2a: Houndstone|170/264\n|-damage|p2a: Houndstone|125/264\n|-damage|p2a: Houndstone|79/264\n|-damage|p2a: Houndstone|31/264\n|-hitcount|p2a: Houndstone|5\n|move|p2a: Houndstone|Poltergeist|p1a: Torterra\n|-activate|p1a: Torterra|move: Poltergeist|Loaded Dice\n|-damage|p1a: Torterra|0 fnt\n|faint|p1a: Torterra\n|\n|-heal|p2a: Houndstone|47/264|[from] item: Leftovers\n|upkeep\n|\n|t:|1781411540\n|switch|p1a: Samurott|Samurott-Hisui, L77, F|265/265\n|turn|19\n|\n|t:|1781411560\n|-terastallize|p2a: Houndstone|Fighting\n|move|p1a: Samurott|Ceaseless Edge|p2a: Houndstone\n|-resisted|p2a: Houndstone\n|-damage|p2a: Houndstone|14/264\n|-sidestart|p2: who is to say|Spikes\n|move|p2a: Houndstone|Sleep Talk||[still]\n|-fail|p2a: Houndstone\n|\n|-heal|p2a: Houndstone|30/264|[from] item: Leftovers\n|upkeep\n|turn|20\n|j| 07l\u4e2d\u56fd\u5927\u5988\n|c|\u2606who is to say|oop\n|\n|t:|1781411572\n|move|p1a: Samurott|Ceaseless Edge|p2a: Houndstone\n|-resisted|p2a: Houndstone\n|-damage|p2a: Houndstone|0 fnt\n|-sidestart|p2: who is to say|Spikes\n|faint|p2a: Houndstone\n|\n|upkeep\n|\n|t:|1781411578\n|switch|p2a: Ogerpon|Ogerpon-Wellspring, L76, F|247/247\n|-damage|p2a: Ogerpon|206/247|[from] Spikes\n|turn|21\n|\n|t:|1781411583\n|move|p2a: Ogerpon|Wood Hammer|p1a: Samurott\n|-supereffective|p1a: Samurott\n|-damage|p1a: Samurott|0 fnt\n|faint|p1a: Samurott\n|-damage|p2a: Ogerpon|119/247|[from] Recoil\n|\n|upkeep\n|\n|t:|1781411586\n|switch|p1a: Blastoise|Blastoise, L80, F|258/258\n|turn|22\n|\n|t:|1781411595\n|-terastallize|p1a: Blastoise|Steel\n|move|p2a: Ogerpon|Wood Hammer|p1a: Blastoise\n|-resisted|p1a: Blastoise\n|-damage|p1a: Blastoise|191/258\n|-damage|p2a: Ogerpon|97/247|[from] Recoil\n|move|p1a: Blastoise|Shell Smash|p1a: Blastoise\n|-unboost|p1a: Blastoise|def|1\n|-unboost|p1a: Blastoise|spd|1\n|-boost|p1a: Blastoise|atk|2\n|-boost|p1a: Blastoise|spa|2\n|-boost|p1a: Blastoise|spe|2\n|-enditem|p1a: Blastoise|White Herb\n|-clearnegativeboost|p1a: Blastoise|[silent]\n|\n|upkeep\n|turn|23\n|\n|t:|1781411602\n|move|p1a: Blastoise|Ice Beam|p2a: Ogerpon\n|-damage|p2a: Ogerpon|0 fnt\n|faint|p2a: Ogerpon\n|\n|upkeep\n|\n|t:|1781411606\n|switch|p2a: Dugtrio|Dugtrio-Alola, L84, M|196/196\n|-damage|p2a: Dugtrio|164/196|[from] Spikes\n|turn|24\n|\n|t:|1781411610\n|move|p1a: Blastoise|Hydro Pump|p2a: Dugtrio|[miss]\n|-miss|p1a: Blastoise|p2a: Dugtrio\n|move|p2a: Dugtrio|Earthquake|p1a: Blastoise\n|-supereffective|p1a: Blastoise\n|-damage|p1a: Blastoise|0 fnt\n|faint|p1a: Blastoise\n|-damage|p2a: Dugtrio|145/196|[from] item: Life Orb\n|\n|win|who is to say\n", "inputlog": ">version a8376a258c1d4662feba110a92103f3664a72141\n>start {\"formatid\":\"gen9randombattle\",\"seed\":\"sodium,922e26f47f285a111419978e414efc64\",\"rated\":\"Rated battle\"}\n>player p1 {\"name\":\"sondaw\",\"avatar\":\"101\",\"rating\":2194,\"seed\":\"sodium,fb108b1e4ad6e02839482bd0c8df39aa\"}\n>player p2 {\"name\":\"who is to say\",\"avatar\":\"170\",\"rating\":2220,\"seed\":\"sodium,b50a34dbd8546f1a4c9e240ee0761140\"}\n>p1 switch 2\n>p2 move poltergeist\n>p1 move knockoff\n>p2 switch 6\n>p1 switch 4\n>p2 move moonblast\n>p1 move discharge\n>p2 move beatup\n>p1 move discharge\n>p2 move roost\n>p1 move uturn\n>p2 move roost\n>p1 switch 2\n>p1 move calmmind\n>p2 move beatup\n>p1 move psychicnoise\n>p2 switch 5\n>p1 move aeroblast\n>p2 move poltergeist\n>p1 switch 4\n>p1 move aurawheel\n>p2 move poltergeist\n>p1 move aurawheel\n>p2 move painsplit\n>p1 move knockoff\n>p2 move painsplit\n>p1 move aurawheel\n>p2 move poltergeist\n>p2 switch 5\n>p1 move aurawheel\n>p2 move moonblast\n>p1 switch 3\n>p1 move headlongrush\n>p2 move moonblast\n>p2 switch 6\n>p1 switch 2\n>p2 move poltergeist\n>p1 switch 2\n>p1 move shellsmash\n>p2 move poltergeist\n>p1 move bulletseed\n>p2 move poltergeist\n>p1 switch 5\n>p1 move ceaselessedge\n>p2 move sleeptalk terastallize\n>chat \u2606who is to say|oop\n>p1 move ceaselessedge\n>p2 move rest\n>p2 switch 4\n>p1 move ceaselessedge\n>p2 move woodhammer\n>p1 switch 6\n>p1 move shellsmash terastallize\n>p2 move woodhammer\n>p1 move icebeam\n>p2 move encore\n>p2 switch 3\n>p1 move hydropump\n>p2 move earthquake", "uploadtime": 1781411301, "views": 6, "formatid": "gen9randombattle", "rating": null, "private": 0, "password": null}