{"id": "gen9randombattle-2631384597", "format": "[Gen 9] Random Battle", "players": ["mr012", "opik8"], "log": "|j|\u2606mr012\n|j|\u2606opik8\n|t:|1781378323\n|gametype|singles\n|player|p1|mr012|266|1910\n|player|p2|opik8|colress|1990\n|gen|9\n|tier|[Gen 9] Random Battle\n|rated|\n|rule|Species Clause: Limit one of each Pok\u00e9mon\n|rule|HP Percentage Mod: HP is shown in percentages\n|rule|Sleep Clause Mod: Limit one foe put to sleep\n|rule|Illusion Level Mod: Illusion disguises the Pok\u00e9mon's true level\n|\n|t:|1781378323\n|teamsize|p1|6\n|teamsize|p2|6\n|start\n|switch|p1a: Zarude|Zarude, L77|288/288\n|switch|p2a: Rhyperior|Rhyperior, L82, F|323/323\n|turn|1\n|inactive|Battle timer is ON: inactive players will automatically lose when time's up. (requested by opik8)\n|\n|t:|1781378338\n|move|p1a: Zarude|U-turn|p2a: Rhyperior\n|-damage|p2a: Rhyperior|285/323\n|\n|t:|1781378339\n|switch|p1a: Hatterene|Hatterene, L85, F|236/236|[from] U-turn\n|move|p2a: Rhyperior|Rock Polish|p2a: Rhyperior\n|-boost|p2a: Rhyperior|spe|2\n|\n|upkeep\n|turn|2\n|\n|t:|1781378345\n|move|p2a: Rhyperior|Stone Edge|p1a: Hatterene|[miss]\n|-miss|p2a: Rhyperior|p1a: Hatterene\n|move|p1a: Hatterene|Draining Kiss|p2a: Rhyperior\n|-damage|p2a: Rhyperior|182/323\n|\n|upkeep\n|turn|3\n|\n|t:|1781378347\n|move|p2a: Rhyperior|Stone Edge|p1a: Hatterene|[miss]\n|-miss|p2a: Rhyperior|p1a: Hatterene\n|move|p1a: Hatterene|Draining Kiss|p2a: Rhyperior\n|-damage|p2a: Rhyperior|71/323\n|\n|upkeep\n|turn|4\n|\n|t:|1781378349\n|move|p2a: Rhyperior|Stone Edge|p1a: Hatterene\n|-damage|p1a: Hatterene|103/236\n|move|p1a: Hatterene|Draining Kiss|p2a: Rhyperior\n|-crit|p2a: Rhyperior\n|-damage|p2a: Rhyperior|0 fnt\n|-heal|p1a: Hatterene|156/236|[from] drain|[of] p2a: Rhyperior\n|faint|p2a: Rhyperior\n|\n|-heal|p1a: Hatterene|170/236|[from] item: Leftovers\n|upkeep\n|\n|t:|1781378354\n|switch|p2a: Frosmoth|Frosmoth, L82, M|249/249\n|turn|5\n|\n|t:|1781378358\n|move|p2a: Frosmoth|Quiver Dance|p2a: Frosmoth\n|-boost|p2a: Frosmoth|spa|1\n|-boost|p2a: Frosmoth|spd|1\n|-boost|p2a: Frosmoth|spe|1\n|move|p1a: Hatterene|Mystical Fire|p2a: Frosmoth\n|-supereffective|p2a: Frosmoth\n|-damage|p2a: Frosmoth|149/249\n|-unboost|p2a: Frosmoth|spa|1\n|\n|-heal|p1a: Hatterene|184/236|[from] item: Leftovers\n|upkeep\n|turn|6\n|\n|t:|1781378361\n|move|p2a: Frosmoth|Ice Beam|p1a: Hatterene\n|-damage|p1a: Hatterene|96/236\n|move|p1a: Hatterene|Mystical Fire|p2a: Frosmoth\n|-supereffective|p2a: Frosmoth\n|-damage|p2a: Frosmoth|49/249\n|-unboost|p2a: Frosmoth|spa|1\n|\n|-heal|p1a: Hatterene|110/236|[from] item: Leftovers\n|upkeep\n|turn|7\n|\n|t:|1781378364\n|move|p2a: Frosmoth|Ice Beam|p1a: Hatterene\n|-damage|p1a: Hatterene|50/236\n|move|p1a: Hatterene|Mystical Fire|p2a: Frosmoth\n|-supereffective|p2a: Frosmoth\n|-damage|p2a: Frosmoth|0 fnt\n|faint|p2a: Frosmoth\n|\n|-heal|p1a: Hatterene|64/236|[from] item: Leftovers\n|upkeep\n|\n|t:|1781378370\n|switch|p2a: Diancie|Diancie, L82|216/216\n|turn|8\n|\n|t:|1781378378\n|move|p2a: Diancie|Diamond Storm|p1a: Hatterene\n|-damage|p1a: Hatterene|0 fnt\n|faint|p1a: Hatterene\n|\n|upkeep\n|\n|t:|1781378380\n|switch|p1a: Zarude|Zarude, L77|288/288\n|turn|9\n|\n|t:|1781378387\n|switch|p2a: Oricorio|Oricorio-Sensu, L85, F|266/266\n|move|p1a: Zarude|Power Whip|p2a: Oricorio\n|-resisted|p2a: Oricorio\n|-damage|p2a: Oricorio|194/266\n|\n|upkeep\n|turn|10\n|\n|t:|1781378391\n|switch|p1a: Piloswine|Piloswine, L85, F|309/309\n|move|p2a: Oricorio|Quiver Dance|p2a: Oricorio\n|-boost|p2a: Oricorio|spa|1\n|-boost|p2a: Oricorio|spd|1\n|-boost|p2a: Oricorio|spe|1\n|\n|upkeep\n|turn|11\n|\n|t:|1781378396\n|-terastallize|p2a: Oricorio|Fighting\n|move|p2a: Oricorio|Quiver Dance|p2a: Oricorio\n|-boost|p2a: Oricorio|spa|1\n|-boost|p2a: Oricorio|spd|1\n|-boost|p2a: Oricorio|spe|1\n|move|p1a: Piloswine|Icicle Crash|p2a: Oricorio\n|-damage|p2a: Oricorio|76/266\n|\n|upkeep\n|turn|12\n|\n|t:|1781378401\n|move|p2a: Oricorio|Roost|p2a: Oricorio\n|-heal|p2a: Oricorio|209/266\n|move|p1a: Piloswine|Roar|p2a: Oricorio\n|drag|p2a: Umbreon|Umbreon, L84, M|297/297\n|\n|upkeep\n|turn|13\n|\n|t:|1781378412\n|switch|p1a: Groudon|Groudon, L72|263/263\n|-weather|SunnyDay|[from] ability: Drought|[of] p1a: Groudon\n|move|p2a: Umbreon|Toxic|p1a: Groudon\n|-status|p1a: Groudon|tox\n|\n|-weather|SunnyDay|[upkeep]\n|-damage|p1a: Groudon|247/263 tox|[from] psn\n|upkeep\n|turn|14\n|\n|t:|1781378416\n|move|p1a: Groudon|Swords Dance|p1a: Groudon\n|-boost|p1a: Groudon|atk|2\n|move|p2a: Umbreon|Foul Play|p1a: Groudon\n|-damage|p1a: Groudon|64/263 tox\n|\n|-weather|SunnyDay|[upkeep]\n|-heal|p1a: Groudon|80/263 tox|[from] item: Leftovers\n|-damage|p1a: Groudon|48/263 tox|[from] psn\n|upkeep\n|turn|15\n|\n|t:|1781378421\n|move|p2a: Umbreon|Protect|p2a: Umbreon\n|-singleturn|p2a: Umbreon|Protect\n|move|p1a: Groudon|Heat Crash|p2a: Umbreon\n|-activate|p2a: Umbreon|move: Protect\n|\n|-weather|SunnyDay|[upkeep]\n|-heal|p1a: Groudon|64/263 tox|[from] item: Leftovers\n|-damage|p1a: Groudon|16/263 tox|[from] psn\n|upkeep\n|turn|16\n|\n|t:|1781378425\n|switch|p2a: Diancie|Diancie, L82|216/216\n|move|p1a: Groudon|Precipice Blades|p2a: Diancie\n|-supereffective|p2a: Diancie\n|-damage|p2a: Diancie|0 fnt\n|faint|p2a: Diancie\n|\n|-weather|SunnyDay|[upkeep]\n|-heal|p1a: Groudon|32/263 tox|[from] item: Leftovers\n|-damage|p1a: Groudon|0 fnt|[from] psn\n|faint|p1a: Groudon\n|upkeep\n|\n|t:|1781378434\n|switch|p1a: Arceus|Arceus-Fire, L72|291/291\n|switch|p2a: Umbreon|Umbreon, L84, M|297/297\n|turn|17\n|\n|t:|1781378440\n|move|p1a: Arceus|Flare Blitz|p2a: Umbreon\n|-damage|p2a: Umbreon|129/297\n|-damage|p1a: Arceus|236/291|[from] Recoil\n|move|p2a: Umbreon|Toxic|p1a: Arceus\n|-status|p1a: Arceus|tox\n|\n|-weather|none\n|-heal|p2a: Umbreon|147/297|[from] item: Leftovers\n|-damage|p1a: Arceus|218/291 tox|[from] psn\n|upkeep\n|turn|18\n|\n|t:|1781378444\n|move|p1a: Arceus|Swords Dance|p1a: Arceus\n|-boost|p1a: Arceus|atk|2\n|move|p2a: Umbreon|Wish|p2a: Umbreon\n|\n|-heal|p2a: Umbreon|165/297|[from] item: Leftovers\n|-damage|p1a: Arceus|182/291 tox|[from] psn\n|upkeep\n|turn|19\n|\n|t:|1781378449\n|move|p2a: Umbreon|Protect|p2a: Umbreon\n|-singleturn|p2a: Umbreon|Protect\n|move|p1a: Arceus|Flare Blitz|p2a: Umbreon\n|-activate|p2a: Umbreon|move: Protect\n|\n|-heal|p2a: Umbreon|297/297|[from] move: Wish|[wisher] Umbreon\n|-damage|p1a: Arceus|128/291 tox|[from] psn\n|upkeep\n|turn|20\n|\n|t:|1781378452\n|move|p1a: Arceus|Flare Blitz|p2a: Umbreon\n|-damage|p2a: Umbreon|63/297\n|-damage|p1a: Arceus|51/291 tox|[from] Recoil\n|move|p2a: Umbreon|Foul Play|p1a: Arceus\n|-damage|p1a: Arceus|0 fnt\n|faint|p1a: Arceus\n|\n|-heal|p2a: Umbreon|81/297|[from] item: Leftovers\n|upkeep\n|\n|t:|1781378463\n|switch|p1a: Indeedee|Indeedee-F, L90, F|272/272\n|-fieldstart|move: Psychic Terrain|[from] ability: Psychic Surge|[of] p1a: Indeedee\n|turn|21\n|\n|t:|1781378470\n|switch|p2a: Oricorio|Oricorio-Sensu, L85, F, tera:Fighting|209/266\n|move|p1a: Indeedee|Hyper Voice|p2a: Oricorio\n|-damage|p2a: Oricorio|44/266\n|-damage|p1a: Indeedee|245/272|[from] item: Life Orb\n|\n|upkeep\n|turn|22\n|\n|t:|1781378478\n|switch|p1a: Piloswine|Piloswine, L85, F|309/309\n|move|p2a: Oricorio|Hurricane|p1a: Piloswine|[miss]\n|-miss|p2a: Oricorio|p1a: Piloswine\n|\n|upkeep\n|turn|23\n|\n|t:|1781378483\n|switch|p2a: Umbreon|Umbreon, L84, M|81/297\n|move|p1a: Piloswine|Earthquake|p2a: Umbreon\n|-damage|p2a: Umbreon|0 fnt\n|faint|p2a: Umbreon\n|\n|upkeep\n|\n|t:|1781378487\n|switch|p2a: Gurdurr|Gurdurr, L85, F|283/283\n|turn|24\n|\n|t:|1781378501\n|move|p1a: Piloswine|Earthquake|p2a: Gurdurr\n|-damage|p2a: Gurdurr|208/283\n|move|p2a: Gurdurr|Drain Punch|p1a: Piloswine\n|-supereffective|p1a: Piloswine\n|-damage|p1a: Piloswine|189/309\n|-heal|p2a: Gurdurr|268/283|[from] drain|[of] p1a: Piloswine\n|\n|upkeep\n|turn|25\n|\n|t:|1781378504\n|move|p1a: Piloswine|Earthquake|p2a: Gurdurr\n|-damage|p2a: Gurdurr|187/283\n|move|p2a: Gurdurr|Drain Punch|p1a: Piloswine\n|-supereffective|p1a: Piloswine\n|-damage|p1a: Piloswine|73/309\n|-heal|p2a: Gurdurr|245/283|[from] drain|[of] p1a: Piloswine\n|\n|-fieldend|move: Psychic Terrain\n|upkeep\n|turn|26\n|\n|t:|1781378507\n|move|p1a: Piloswine|Earthquake|p2a: Gurdurr\n|-damage|p2a: Gurdurr|170/283\n|move|p2a: Gurdurr|Drain Punch|p1a: Piloswine\n|-supereffective|p1a: Piloswine\n|-damage|p1a: Piloswine|0 fnt\n|-heal|p2a: Gurdurr|207/283|[from] drain|[of] p1a: Piloswine\n|faint|p1a: Piloswine\n|\n|upkeep\n|\n|t:|1781378510\n|switch|p1a: Indeedee|Indeedee-F, L90, F|245/272\n|-fieldstart|move: Psychic Terrain|[from] ability: Psychic Surge|[of] p1a: Indeedee\n|turn|27\n|\n|t:|1781378516\n|move|p1a: Indeedee|Psychic|p2a: Gurdurr\n|-supereffective|p2a: Gurdurr\n|-damage|p2a: Gurdurr|0 fnt\n|faint|p2a: Gurdurr\n|-damage|p1a: Indeedee|218/272|[from] item: Life Orb\n|\n|upkeep\n|\n|t:|1781378518\n|switch|p2a: Oricorio|Oricorio-Sensu, L85, F, tera:Fighting|44/266\n|turn|28\n|\n|t:|1781378520\n|move|p2a: Oricorio|Hurricane|p1a: Indeedee|[miss]\n|-miss|p2a: Oricorio|p1a: Indeedee\n|move|p1a: Indeedee|Psychic|p2a: Oricorio\n|-supereffective|p2a: Oricorio\n|-damage|p2a: Oricorio|0 fnt\n|faint|p2a: Oricorio\n|-damage|p1a: Indeedee|191/272|[from] item: Life Orb\n|\n|win|mr012\n", "inputlog": ">version a8376a258c1d4662feba110a92103f3664a72141\n>start {\"formatid\":\"gen9randombattle\",\"seed\":\"sodium,606d7bd6177205e83629045b6f58292b\",\"rated\":\"Rated battle\"}\n>player p1 {\"name\":\"mr012\",\"avatar\":\"266\",\"rating\":1910,\"seed\":\"sodium,4defc0c5145920bf3735508b0ff6690c\"}\n>player p2 {\"name\":\"opik8\",\"avatar\":\"colress\",\"rating\":1990,\"seed\":\"sodium,8678497ea3d18677dc056a835e0a1720\"}\n>p1 move uturn\n>p2 move rockpolish\n>p1 switch 5\n>p1 move drainingkiss\n>p2 move stoneedge\n>p1 move drainingkiss\n>p2 move stoneedge\n>p1 move drainingkiss\n>p2 move stoneedge\n>p2 switch 5\n>p1 move mysticalfire\n>p2 move quiverdance\n>p1 move mysticalfire\n>p2 move icebeam\n>p1 move mysticalfire\n>p2 move icebeam\n>p2 switch 4\n>p1 move drainingkiss\n>p2 move diamondstorm\n>p1 switch 5\n>p1 move powerwhip\n>p2 switch 3\n>p1 switch 3\n>p2 move quiverdance\n>p1 move iciclecrash\n>p2 move quiverdance terastallize\n>p1 move roar\n>p2 move roost\n>p1 switch 2\n>p2 move toxic\n>p1 move swordsdance\n>p2 move foulplay\n>p1 move heatcrash\n>p2 move protect\n>p1 move precipiceblades\n>p2 switch 3\n>p1 switch 6\n>p2 switch 3\n>p1 move flareblitz\n>p2 move toxic\n>p1 move swordsdance\n>p2 move wish\n>p1 move flareblitz\n>p2 move protect\n>p1 move flareblitz\n>p2 move foulplay\n>p1 switch 4\n>p1 move hypervoice\n>p2 switch 6\n>p1 switch 2\n>p2 move hurricane\n>p1 move earthquake\n>p2 switch 6\n>p2 switch 2\n>p1 move earthquake\n>p2 move drainpunch\n>p1 move earthquake\n>p2 move drainpunch\n>p1 move earthquake\n>p2 move drainpunch\n>p1 switch 2\n>p1 move psychic\n>p2 move knockoff\n>p2 switch 6\n>p1 move psychic\n>p2 move hurricane", "uploadtime": 1781378325, "views": 7, "formatid": "gen9randombattle", "rating": null, "private": 0, "password": null}