{"id": "gen9randombattle-2631428961", "format": "[Gen 9] Random Battle", "players": ["OGKUSHONDECK", "nocomment3"], "log": "|j|\u2606OGKUSHONDECK\n|j|\u2606nocomment3\n|t:|1781383538\n|gametype|singles\n|player|p1|OGKUSHONDECK|biker-gen1rb|2011\n|player|p2|nocomment3|2|2116\n|gen|9\n|tier|[Gen 9] Random Battle\n|rated|\n|rule|Species Clause: Limit one of each Pok\u00e9mon\n|rule|HP Percentage Mod: HP is shown in percentages\n|rule|Sleep Clause Mod: Limit one foe put to sleep\n|rule|Illusion Level Mod: Illusion disguises the Pok\u00e9mon's true level\n|\n|t:|1781383538\n|teamsize|p1|6\n|teamsize|p2|6\n|start\n|switch|p1a: Arboliva|Arboliva, L91, F|290/290\n|switch|p2a: Lycanroc|Lycanroc, L86, M|269/269\n|turn|1\n|\n|t:|1781383595\n|switch|p2a: Entei|Entei, L78|307/307\n|move|p1a: Arboliva|Energy Ball|p2a: Entei\n|-resisted|p2a: Entei\n|-damage|p2a: Entei|225/307\n|\n|upkeep\n|turn|2\n|\n|t:|1781383606\n|switch|p1a: Infernape|Infernape, L82, F|259/259\n|move|p2a: Entei|Sacred Fire|p1a: Infernape\n|-resisted|p1a: Infernape\n|-damage|p1a: Infernape|161/259\n|\n|upkeep\n|turn|3\n|inactive|Battle timer is ON: inactive players will automatically lose when time's up. (requested by OGKUSHONDECK)\n|\n|t:|1781383618\n|switch|p2a: Glimmora|Glimmora, L75, F|248/248\n|move|p1a: Infernape|Close Combat|p2a: Glimmora\n|-damage|p2a: Glimmora|61/248\n|-unboost|p1a: Infernape|def|1\n|-unboost|p1a: Infernape|spd|1\n|-activate|p2a: Glimmora|ability: Toxic Debris\n|-sidestart|p1: OGKUSHONDECK|move: Toxic Spikes\n|-damage|p1a: Infernape|136/259|[from] item: Life Orb\n|\n|upkeep\n|turn|4\n|\n|t:|1781383634\n|move|p1a: Infernape|Overheat|p2a: Glimmora\n|-resisted|p2a: Glimmora\n|-damage|p2a: Glimmora|0 fnt\n|-unboost|p1a: Infernape|spa|2\n|faint|p2a: Glimmora\n|-damage|p1a: Infernape|111/259|[from] item: Life Orb\n|\n|upkeep\n|\n|t:|1781383637\n|switch|p2a: Meowstic|Meowstic, L89, M|277/277\n|turn|5\n|\n|t:|1781383643\n|switch|p1a: Orthworm|Orthworm, L88, F|266/266\n|move|p2a: Meowstic|Psychic Noise|p1a: Orthworm\n|-resisted|p1a: Orthworm\n|-damage|p1a: Orthworm|215/266\n|-start|p1a: Orthworm|move: Heal Block\n|\n|upkeep\n|turn|6\n|\n|t:|1781383647\n|move|p2a: Meowstic|Reflect|p2a: Meowstic\n|-sidestart|p2: nocomment3|Reflect\n|move|p1a: Orthworm|Iron Tail|p2a: Meowstic\n|-damage|p2a: Meowstic|220/277\n|\n|-end|p1a: Orthworm|move: Heal Block\n|upkeep\n|turn|7\n|\n|t:|1781383654\n|switch|p2a: Mienshao|Mienshao, L83, M|244/244\n|move|p1a: Orthworm|Coil|p1a: Orthworm\n|-boost|p1a: Orthworm|atk|1\n|-boost|p1a: Orthworm|def|1\n|-boost|p1a: Orthworm|accuracy|1\n|\n|upkeep\n|turn|8\n|\n|t:|1781383669\n|switch|p2a: Exeggutor|Exeggutor, L89, M|314/314\n|switch|p1a: Ninetales|Ninetales-Alola, L78, F|242/242\n|-status|p1a: Ninetales|psn\n|-weather|Snowscape|[from] ability: Snow Warning|[of] p1a: Ninetales\n|\n|-weather|Snowscape|[upkeep]\n|-damage|p1a: Ninetales|212/242 psn|[from] psn\n|upkeep\n|turn|9\n|\n|t:|1781383683\n|move|p1a: Ninetales|Aurora Veil|p1a: Ninetales\n|-sidestart|p1: OGKUSHONDECK|move: Aurora Veil\n|move|p2a: Exeggutor|Calm Mind|p2a: Exeggutor\n|-boost|p2a: Exeggutor|spa|1\n|-boost|p2a: Exeggutor|spd|1\n|\n|-weather|Snowscape|[upkeep]\n|-damage|p1a: Ninetales|182/242 psn|[from] psn\n|upkeep\n|turn|10\n|\n|t:|1781383687\n|move|p1a: Ninetales|Encore|p2a: Exeggutor\n|-start|p2a: Exeggutor|Encore\n|move|p2a: Exeggutor|Calm Mind|p2a: Exeggutor\n|-boost|p2a: Exeggutor|spa|1\n|-boost|p2a: Exeggutor|spd|1\n|\n|-weather|Snowscape|[upkeep]\n|-damage|p1a: Ninetales|152/242 psn|[from] psn\n|upkeep\n|turn|11\n|\n|t:|1781383689\n|move|p1a: Ninetales|Blizzard|p2a: Exeggutor\n|-supereffective|p2a: Exeggutor\n|-damage|p2a: Exeggutor|224/314\n|move|p2a: Exeggutor|Calm Mind|p2a: Exeggutor\n|-boost|p2a: Exeggutor|spa|1\n|-boost|p2a: Exeggutor|spd|1\n|\n|-weather|Snowscape|[upkeep]\n|-damage|p1a: Ninetales|122/242 psn|[from] psn\n|upkeep\n|turn|12\n|\n|t:|1781383699\n|move|p1a: Ninetales|Blizzard|p2a: Exeggutor\n|-supereffective|p2a: Exeggutor\n|-damage|p2a: Exeggutor|152/314\n|-enditem|p2a: Exeggutor|Sitrus Berry|[eat]\n|-heal|p2a: Exeggutor|230/314|[from] item: Sitrus Berry\n|move|p2a: Exeggutor|Calm Mind|p2a: Exeggutor\n|-boost|p2a: Exeggutor|spa|1\n|-boost|p2a: Exeggutor|spd|1\n|\n|-weather|none\n|-damage|p1a: Ninetales|92/242 psn|[from] psn\n|-end|p2a: Exeggutor|Encore\n|-item|p2a: Exeggutor|Sitrus Berry|[from] ability: Harvest\n|upkeep\n|turn|13\n|\n|t:|1781383715\n|move|p1a: Ninetales|Moonblast|p2a: Exeggutor\n|-damage|p2a: Exeggutor|200/314\n|move|p2a: Exeggutor|Psyshock|p1a: Ninetales\n|-crit|p1a: Ninetales\n|-damage|p1a: Ninetales|0 fnt\n|faint|p1a: Ninetales\n|\n|-sideend|p2: nocomment3|Reflect\n|upkeep\n|\n|t:|1781383721\n|switch|p1a: Cinccino|Cinccino, L83, M|260/260\n|-status|p1a: Cinccino|psn\n|turn|14\n|\n|t:|1781383732\n|-terastallize|p2a: Exeggutor|Steel\n|move|p1a: Cinccino|Triple Axel|p2a: Exeggutor\n|-resisted|p2a: Exeggutor\n|-damage|p2a: Exeggutor|189/314\n|-resisted|p2a: Exeggutor\n|-damage|p2a: Exeggutor|169/314\n|-resisted|p2a: Exeggutor\n|-damage|p2a: Exeggutor|138/314\n|-enditem|p2a: Exeggutor|Sitrus Berry|[eat]\n|-heal|p2a: Exeggutor|216/314|[from] item: Sitrus Berry\n|-hitcount|p2a: Exeggutor|3\n|move|p2a: Exeggutor|Giga Drain|p1a: Cinccino\n|-damage|p1a: Cinccino|56/260 psn\n|-heal|p2a: Exeggutor|314/314|[from] drain|[of] p1a: Cinccino\n|\n|-damage|p1a: Cinccino|24/260 psn|[from] psn\n|upkeep\n|turn|15\n|\n|t:|1781383742\n|move|p1a: Cinccino|Tail Slap|p2a: Exeggutor\n|-resisted|p2a: Exeggutor\n|-damage|p2a: Exeggutor|296/314\n|-resisted|p2a: Exeggutor\n|-crit|p2a: Exeggutor\n|-damage|p2a: Exeggutor|266/314\n|-resisted|p2a: Exeggutor\n|-damage|p2a: Exeggutor|247/314\n|-resisted|p2a: Exeggutor\n|-damage|p2a: Exeggutor|227/314\n|-resisted|p2a: Exeggutor\n|-damage|p2a: Exeggutor|210/314\n|-hitcount|p2a: Exeggutor|5\n|move|p2a: Exeggutor|Psyshock|p1a: Cinccino\n|-damage|p1a: Cinccino|0 fnt\n|faint|p1a: Cinccino\n|\n|upkeep\n|\n|t:|1781383744\n|switch|p1a: Infernape|Infernape, L82, F|111/259\n|-status|p1a: Infernape|psn\n|turn|16\n|\n|t:|1781383748\n|switch|p2a: Meowstic|Meowstic, L89, M|220/277\n|move|p1a: Infernape|Close Combat|p2a: Meowstic\n|-resisted|p2a: Meowstic\n|-damage|p2a: Meowstic|128/277\n|-unboost|p1a: Infernape|def|1\n|-unboost|p1a: Infernape|spd|1\n|-damage|p1a: Infernape|86/259 psn|[from] item: Life Orb\n|\n|-damage|p1a: Infernape|54/259 psn|[from] psn\n|-sideend|p1: OGKUSHONDECK|move: Aurora Veil\n|upkeep\n|turn|17\n|\n|t:|1781383760\n|switch|p1a: Orthworm|Orthworm, L88, F|215/266\n|move|p2a: Meowstic|Psychic Noise|p1a: Orthworm\n|-resisted|p1a: Orthworm\n|-damage|p1a: Orthworm|162/266\n|-start|p1a: Orthworm|move: Heal Block\n|\n|upkeep\n|turn|18\n|\n|t:|1781383768\n|move|p2a: Meowstic|Reflect|p2a: Meowstic\n|-sidestart|p2: nocomment3|Reflect\n|move|p1a: Orthworm|Iron Tail|p2a: Meowstic\n|-damage|p2a: Meowstic|68/277\n|\n|-end|p1a: Orthworm|move: Heal Block\n|upkeep\n|turn|19\n|\n|t:|1781383777\n|switch|p2a: Mienshao|Mienshao, L83, M|244/244\n|move|p1a: Orthworm|Coil|p1a: Orthworm\n|-boost|p1a: Orthworm|atk|1\n|-boost|p1a: Orthworm|def|1\n|-boost|p1a: Orthworm|accuracy|1\n|\n|upkeep\n|turn|20\n|\n|t:|1781383793\n|-terastallize|p1a: Orthworm|Fighting\n|move|p2a: Mienshao|Swords Dance|p2a: Mienshao\n|-boost|p2a: Mienshao|atk|2\n|move|p1a: Orthworm|Rest|p1a: Orthworm\n|-status|p1a: Orthworm|slp|[from] move: Rest\n|-heal|p1a: Orthworm|266/266 slp|[silent]\n|-enditem|p1a: Orthworm|Chesto Berry|[eat]\n|-curestatus|p1a: Orthworm|slp|[msg]\n|\n|upkeep\n|turn|21\n|\n|t:|1781383802\n|switch|p2a: Exeggutor|Exeggutor, L89, M, tera:Steel|210/314\n|move|p1a: Orthworm|Body Press|p2a: Exeggutor\n|-supereffective|p2a: Exeggutor\n|-damage|p2a: Exeggutor|11/314\n|\n|upkeep\n|turn|22\n|\n|t:|1781383809\n|move|p1a: Orthworm|Body Press|p2a: Exeggutor\n|-supereffective|p2a: Exeggutor\n|-damage|p2a: Exeggutor|0 fnt\n|faint|p2a: Exeggutor\n|\n|upkeep\n|\n|t:|1781383811\n|switch|p2a: Meowstic|Meowstic, L89, M|68/277\n|turn|23\n|\n|t:|1781383815\n|move|p2a: Meowstic|Psychic Noise|p1a: Orthworm\n|-supereffective|p1a: Orthworm\n|-damage|p1a: Orthworm|44/266\n|-start|p1a: Orthworm|move: Heal Block\n|move|p1a: Orthworm|Iron Tail|p2a: Meowstic\n|-damage|p2a: Meowstic|0 fnt\n|faint|p2a: Meowstic\n|\n|upkeep\n|\n|t:|1781383829\n|switch|p2a: Mienshao|Mienshao, L83, M|244/244\n|turn|24\n|\n|t:|1781383839\n|move|p2a: Mienshao|Close Combat|p1a: Orthworm\n|-damage|p1a: Orthworm|0 fnt\n|-unboost|p2a: Mienshao|def|1\n|-unboost|p2a: Mienshao|spd|1\n|faint|p1a: Orthworm\n|-damage|p2a: Mienshao|220/244|[from] item: Life Orb\n|\n|upkeep\n|\n|t:|1781383845\n|switch|p1a: Pawmot|Pawmot, L80, M|243/243\n|-status|p1a: Pawmot|psn\n|turn|25\n|\n|t:|1781383869\n|move|p2a: Mienshao|Close Combat|p1a: Pawmot\n|-damage|p1a: Pawmot|0 fnt\n|-unboost|p2a: Mienshao|def|1\n|-unboost|p2a: Mienshao|spd|1\n|faint|p1a: Pawmot\n|-damage|p2a: Mienshao|196/244|[from] item: Life Orb\n|\n|-sideend|p2: nocomment3|Reflect\n|upkeep\n|\n|t:|1781383873\n|switch|p1a: Infernape|Infernape, L82, F|54/259 psn\n|turn|26\n|\n|t:|1781383880\n|switch|p2a: Entei|Entei, L78|225/307\n|move|p1a: Infernape|Overheat|p2a: Entei\n|-resisted|p2a: Entei\n|-crit|p2a: Entei\n|-damage|p2a: Entei|0 fnt\n|-unboost|p1a: Infernape|spa|2\n|faint|p2a: Entei\n|-damage|p1a: Infernape|29/259 psn|[from] item: Life Orb\n|\n|-damage|p1a: Infernape|0 fnt|[from] psn\n|faint|p1a: Infernape\n|upkeep\n|-message|OGKUSHONDECK forfeited.\n|\n|win|nocomment3\n", "inputlog": ">version a8376a258c1d4662feba110a92103f3664a72141\n>start {\"formatid\":\"gen9randombattle\",\"seed\":\"sodium,028a8fbdc38748e0f5cc2e9735ebdb58\",\"rated\":\"Rated battle\"}\n>player p1 {\"name\":\"OGKUSHONDECK\",\"avatar\":\"biker-gen1rb\",\"rating\":2011,\"seed\":\"sodium,aef26bd846511c7ce91afd48612e16a2\"}\n>player p2 {\"name\":\"nocomment3\",\"avatar\":\"2\",\"rating\":2116,\"seed\":\"sodium,22ca0f7101c6eb8c98baa8c29bf5cc5c\"}\n>p1 move energyball\n>p2 switch 3\n>p1 switch 5\n>p2 move sacredfire\n>p1 move closecombat\n>p2 switch 2\n>p1 move overheat\n>p2 move meteorbeam\n>p2 switch 5\n>p1 switch 4\n>p2 move psychicnoise\n>p1 move irontail\n>p2 move reflect\n>p1 move coil\n>p2 switch 4\n>p1 switch 2\n>p2 switch 6\n>p1 move auroraveil\n>p2 move calmmind\n>p1 move encore\n>p2 move calmmind\n>p1 move blizzard\n>p2 move calmmind\n>p1 move blizzard\n>p2 move calmmind\n>p1 move moonblast\n>p2 move psyshock\n>p1 switch 3\n>p1 move tripleaxel\n>p2 move gigadrain terastallize\n>p1 move tailslap\n>p2 move psyshock\n>p1 switch 4\n>p1 move closecombat\n>p2 switch 4\n>p1 switch 2\n>p2 move psychicnoise\n>p1 move irontail\n>p2 move reflect\n>p1 move coil\n>p2 switch 6\n>p1 move rest terastallize\n>p2 move swordsdance\n>p1 move bodypress\n>p2 switch 4\n>p1 move bodypress\n>p2 move psyshock\n>p2 switch 6\n>p1 move irontail\n>p2 move psychicnoise\n>p2 switch 4\n>p1 move bodypress\n>p2 move closecombat\n>p1 switch 6\n>p1 move revivalblessing\n>p2 move closecombat\n>p1 switch 2\n>p1 move overheat\n>p2 switch 2\n>forcelose p1", "uploadtime": 1781383541, "views": 9, "formatid": "gen9randombattle", "rating": null, "private": 0, "password": null}