{"id": "gen9randombattle-2631767891", "format": "[Gen 9] Random Battle", "players": ["GP119", "I am a copycat"], "log": "|j|\u2606GP119\n|j|\u2606I am a copycat\n|t:|1781436556\n|gametype|singles\n|player|p1|GP119|red|1809\n|player|p2|I am a copycat|2|1767\n|gen|9\n|tier|[Gen 9] Random Battle\n|rated|\n|rule|Species Clause: Limit one of each Pok\u00e9mon\n|rule|HP Percentage Mod: HP is shown in percentages\n|rule|Sleep Clause Mod: Limit one foe put to sleep\n|rule|Illusion Level Mod: Illusion disguises the Pok\u00e9mon's true level\n|\n|t:|1781436556\n|teamsize|p1|6\n|teamsize|p2|6\n|start\n|switch|p1a: Ariados|Ariados, L95, M|287/287\n|switch|p2a: Gurdurr|Gurdurr, L85, F|283/283\n|turn|1\n|\n|t:|1781436566\n|move|p1a: Ariados|Sticky Web|p2a: Gurdurr\n|-sidestart|p2: I am a copycat|move: Sticky Web\n|move|p2a: Gurdurr|Knock Off|p1a: Ariados\n|-damage|p1a: Ariados|209/287\n|-enditem|p1a: Ariados|Focus Sash|[from] move: Knock Off|[of] p2a: Gurdurr\n|\n|upkeep\n|turn|2\n|\n|t:|1781436571\n|move|p1a: Ariados|Knock Off|p2a: Gurdurr\n|-resisted|p2a: Gurdurr\n|-damage|p2a: Gurdurr|257/283\n|-enditem|p2a: Gurdurr|Eviolite|[from] move: Knock Off|[of] p1a: Ariados\n|move|p2a: Gurdurr|Defog|p1a: Ariados\n|-unboost|p1a: Ariados|evasion|1\n|-sideend|p2: I am a copycat|Sticky Web|[from] move: Defog|[of] p2a: Gurdurr\n|\n|upkeep\n|turn|3\n|\n|t:|1781436577\n|move|p1a: Ariados|Sticky Web|p2a: Gurdurr\n|-sidestart|p2: I am a copycat|move: Sticky Web\n|move|p2a: Gurdurr|Drain Punch|p1a: Ariados\n|-resisted|p1a: Ariados\n|-crit|p1a: Ariados\n|-damage|p1a: Ariados|175/287\n|-heal|p2a: Gurdurr|274/283|[from] drain|[of] p1a: Ariados\n|\n|upkeep\n|turn|4\n|\n|t:|1781436580\n|move|p1a: Ariados|Poison Jab|p2a: Gurdurr\n|-damage|p2a: Gurdurr|160/283\n|-status|p2a: Gurdurr|psn\n|move|p2a: Gurdurr|Defog|p1a: Ariados\n|-unboost|p1a: Ariados|evasion|1\n|-sideend|p2: I am a copycat|Sticky Web|[from] move: Defog|[of] p2a: Gurdurr\n|\n|-damage|p2a: Gurdurr|125/283 psn|[from] psn\n|upkeep\n|turn|5\n|\n|t:|1781436588\n|move|p1a: Ariados|Sticky Web|p2a: Gurdurr\n|-sidestart|p2: I am a copycat|move: Sticky Web\n|move|p2a: Gurdurr|Defog|p1a: Ariados\n|-unboost|p1a: Ariados|evasion|1\n|-sideend|p2: I am a copycat|Sticky Web|[from] move: Defog|[of] p2a: Gurdurr\n|\n|-damage|p2a: Gurdurr|90/283 psn|[from] psn\n|upkeep\n|turn|6\n|\n|t:|1781436592\n|move|p1a: Ariados|Sticky Web|p2a: Gurdurr\n|-sidestart|p2: I am a copycat|move: Sticky Web\n|move|p2a: Gurdurr|Defog|p1a: Ariados\n|-unboost|p1a: Ariados|evasion|1\n|-sideend|p2: I am a copycat|Sticky Web|[from] move: Defog|[of] p2a: Gurdurr\n|\n|-damage|p2a: Gurdurr|55/283 psn|[from] psn\n|upkeep\n|turn|7\n|\n|t:|1781436595\n|move|p1a: Ariados|Sticky Web|p2a: Gurdurr\n|-sidestart|p2: I am a copycat|move: Sticky Web\n|move|p2a: Gurdurr|Defog|p1a: Ariados\n|-unboost|p1a: Ariados|evasion|1\n|-sideend|p2: I am a copycat|Sticky Web|[from] move: Defog|[of] p2a: Gurdurr\n|\n|-damage|p2a: Gurdurr|20/283 psn|[from] psn\n|upkeep\n|turn|8\n|\n|t:|1781436597\n|move|p1a: Ariados|Megahorn|p2a: Gurdurr|[miss]\n|-miss|p1a: Ariados|p2a: Gurdurr\n|move|p2a: Gurdurr|Defog|p1a: Ariados\n|-unboost|p1a: Ariados|evasion|1\n|\n|-damage|p2a: Gurdurr|0 fnt|[from] psn\n|faint|p2a: Gurdurr\n|upkeep\n|\n|t:|1781436612\n|switch|p2a: Meowstic|Meowstic, L89, M|277/277\n|turn|9\n|\n|t:|1781436627\n|switch|p1a: Dewgong|Dewgong, L94, M|322/322\n|move|p2a: Meowstic|Psychic Noise|p1a: Dewgong\n|-damage|p1a: Dewgong|250/322\n|-start|p1a: Dewgong|move: Heal Block\n|\n|upkeep\n|turn|10\n|\n|t:|1781436630\n|move|p2a: Meowstic|Light Screen|p2a: Meowstic\n|-sidestart|p2: I am a copycat|move: Light Screen\n|move|p1a: Dewgong|Flip Turn|p2a: Meowstic\n|-damage|p2a: Meowstic|211/277\n|\n|t:|1781436637\n|switch|p1a: Pikachu|Pikachu, L93, M|216/216|[from] Flip Turn\n|\n|upkeep\n|turn|11\n|\n|t:|1781436640\n|move|p2a: Meowstic|Reflect|p2a: Meowstic\n|-sidestart|p2: I am a copycat|Reflect\n|move|p1a: Pikachu|Knock Off|p2a: Meowstic\n|-supereffective|p2a: Meowstic\n|-damage|p2a: Meowstic|89/277\n|-enditem|p2a: Meowstic|Light Clay|[from] move: Knock Off|[of] p1a: Pikachu\n|\n|upkeep\n|turn|12\n|\n|t:|1781436649\n|move|p2a: Meowstic|Psychic Noise|p1a: Pikachu\n|-damage|p1a: Pikachu|114/216\n|-start|p1a: Pikachu|move: Heal Block\n|move|p1a: Pikachu|Volt Switch|p2a: Meowstic\n|-damage|p2a: Meowstic|29/277\n|\n|t:|1781436656\n|switch|p1a: Dewgong|Dewgong, L94, M|250/322|[from] Volt Switch\n|\n|upkeep\n|turn|13\n|\n|t:|1781436661\n|move|p2a: Meowstic|Psychic Noise|p1a: Dewgong\n|-damage|p1a: Dewgong|184/322\n|-start|p1a: Dewgong|move: Heal Block\n|move|p1a: Dewgong|Ice Beam|p2a: Meowstic\n|-damage|p2a: Meowstic|0 fnt\n|faint|p2a: Meowstic\n|\n|upkeep\n|\n|t:|1781436670\n|switch|p2a: Rhyperior|Rhyperior, L82, M|323/323\n|turn|14\n|\n|t:|1781436686\n|move|p1a: Dewgong|Flip Turn|p2a: Rhyperior\n|-supereffective|p2a: Rhyperior\n|-damage|p2a: Rhyperior|251/323\n|-enditem|p2a: Rhyperior|Weakness Policy\n|-boost|p2a: Rhyperior|atk|2|[from] item: Weakness Policy\n|-boost|p2a: Rhyperior|spa|2|[from] item: Weakness Policy\n|\n|t:|1781436691\n|switch|p1a: Gastrodon|Gastrodon-East, L86, M|331/331|[from] Flip Turn\n|move|p2a: Rhyperior|Rock Polish|p2a: Rhyperior\n|-boost|p2a: Rhyperior|spe|2\n|\n|upkeep\n|turn|15\n|\n|t:|1781436704\n|move|p2a: Rhyperior|Earthquake|p1a: Gastrodon\n|-damage|p1a: Gastrodon|0 fnt\n|faint|p1a: Gastrodon\n|\n|upkeep\n|\n|t:|1781436719\n|switch|p1a: Dewgong|Dewgong, L94, M|184/322\n|turn|16\n|\n|t:|1781436723\n|move|p2a: Rhyperior|Earthquake|p1a: Dewgong\n|-damage|p1a: Dewgong|0 fnt\n|faint|p1a: Dewgong\n|\n|upkeep\n|\n|t:|1781436743\n|switch|p1a: Pikachu|Pikachu, L93, M|114/216\n|turn|17\n|\n|t:|1781436746\n|move|p2a: Rhyperior|Earthquake|p1a: Pikachu\n|-supereffective|p1a: Pikachu\n|-damage|p1a: Pikachu|0 fnt\n|faint|p1a: Pikachu\n|\n|-sideend|p2: I am a copycat|move: Light Screen\n|upkeep\n|\n|t:|1781436754\n|switch|p1a: Iron Valiant|Iron Valiant, L78|244/244\n|turn|18\n|\n|t:|1781436760\n|move|p2a: Rhyperior|Earthquake|p1a: Iron Valiant\n|-damage|p1a: Iron Valiant|0 fnt\n|faint|p1a: Iron Valiant\n|-end|p1a: Iron Valiant|Quark Drive|[silent]\n|\n|-sideend|p2: I am a copycat|Reflect\n|upkeep\n|\n|t:|1781436764\n|switch|p1a: Necrozma|Necrozma-Dusk-Mane, L69|248/248\n|turn|19\n|\n|t:|1781436767\n|move|p2a: Rhyperior|Earthquake|p1a: Necrozma\n|-supereffective|p1a: Necrozma\n|-damage|p1a: Necrozma|0 fnt\n|faint|p1a: Necrozma\n|\n|upkeep\n|\n|t:|1781436768\n|switch|p1a: Ariados|Ariados, L95, M|175/287\n|turn|20\n|\n|t:|1781436770\n|move|p2a: Rhyperior|Earthquake|p1a: Ariados\n|-damage|p1a: Ariados|0 fnt\n|faint|p1a: Ariados\n|\n|win|I am a copycat\n|raw|GP119's rating: 1809 &rarr; <strong>1787</strong><br />(-22 for losing)\n|raw|I am a copycat's rating: 1767 &rarr; <strong>1789</strong><br />(+22 for winning)\n|l|\u2606GP119\n|player|p1|\n", "uploadtime": 1781436782, "views": 2, "formatid": "gen9randombattle", "rating": 1787, "private": 0, "password": null}