{"id": "gen9randombattle-2631925832", "format": "[Gen 9] Random Battle", "players": ["rareold", "ccl143"], "log": "|j|\u2606rareold\n|j|\u2606ccl143\n|t:|1781456335\n|gametype|singles\n|player|p1|rareold|gardenia|1347\n|player|p2|ccl143|skierf|1402\n|gen|9\n|tier|[Gen 9] Random Battle\n|rated|\n|rule|Species Clause: Limit one of each Pok\u00e9mon\n|rule|HP Percentage Mod: HP is shown in percentages\n|rule|Sleep Clause Mod: Limit one foe put to sleep\n|rule|Illusion Level Mod: Illusion disguises the Pok\u00e9mon's true level\n|\n|t:|1781456335\n|teamsize|p1|6\n|teamsize|p2|6\n|start\n|switch|p1a: Emboar|Emboar, L84, M|322/322\n|switch|p2a: Mudsdale|Mudsdale, L83, M|302/302\n|turn|1\n|inactive|Battle timer is ON: inactive players will automatically lose when time's up. (requested by ccl143)\n|\n|t:|1781456348\n|switch|p1a: Latios|Latios, L78, M|253/253\n|move|p2a: Mudsdale|Stealth Rock|p1a: Latios\n|-sidestart|p1: rareold|move: Stealth Rock\n|\n|upkeep\n|turn|2\n|\n|t:|1781456354\n|move|p1a: Latios|Luster Purge|p2a: Mudsdale\n|-damage|p2a: Mudsdale|167/302\n|-ability|p2a: Mudsdale|Stamina|boost\n|-boost|p2a: Mudsdale|def|1\n|move|p2a: Mudsdale|Heavy Slam|p1a: Latios\n|-damage|p1a: Latios|132/253\n|\n|-heal|p2a: Mudsdale|185/302|[from] item: Leftovers\n|upkeep\n|turn|3\n|\n|t:|1781456363\n|move|p1a: Latios|Draco Meteor|p2a: Mudsdale\n|-damage|p2a: Mudsdale|5/302\n|-unboost|p1a: Latios|spa|2\n|-ability|p2a: Mudsdale|Stamina|boost\n|-boost|p2a: Mudsdale|def|1\n|move|p2a: Mudsdale|Heavy Slam|p1a: Latios\n|-damage|p1a: Latios|24/253\n|\n|-heal|p2a: Mudsdale|23/302|[from] item: Leftovers\n|upkeep\n|turn|4\n|\n|t:|1781456368\n|move|p1a: Latios|Aura Sphere|p2a: Mudsdale\n|-damage|p2a: Mudsdale|0 fnt\n|faint|p2a: Mudsdale\n|\n|upkeep\n|\n|t:|1781456374\n|switch|p2a: Lumineon|Lumineon, L93, M|279/279\n|turn|5\n|\n|t:|1781456394\n|move|p2a: Lumineon|U-turn|p1a: Latios\n|-supereffective|p1a: Latios\n|-damage|p1a: Latios|0 fnt\n|faint|p1a: Latios\n|\n|t:|1781456399\n|switch|p2a: Okidogi|Okidogi, L77, M|262/262|[from] U-turn\n|\n|upkeep\n|\n|t:|1781456413\n|switch|p1a: Bruxish|Bruxish, L85, M|254/254\n|-damage|p1a: Bruxish|223/254|[from] Stealth Rock\n|turn|6\n|\n|t:|1781456420\n|move|p1a: Bruxish|Psychic Fangs|p2a: Okidogi\n|-supereffective|p2a: Okidogi\n|-damage|p2a: Okidogi|0 fnt\n|faint|p2a: Okidogi\n|-damage|p1a: Bruxish|198/254|[from] item: Life Orb\n|\n|upkeep\n|\n|t:|1781456427\n|switch|p2a: Palossand|Palossand, L89, F|296/296\n|turn|7\n|\n|t:|1781456430\n|move|p1a: Bruxish|Wave Crash|p2a: Palossand\n|-supereffective|p2a: Palossand\n|-damage|p2a: Palossand|0 fnt\n|faint|p2a: Palossand\n|-damage|p1a: Bruxish|100/254|[from] Recoil\n|-damage|p1a: Bruxish|75/254|[from] item: Life Orb\n|\n|upkeep\n|\n|t:|1781456438\n|switch|p2a: Lumineon|Lumineon, L93, M|279/279\n|turn|8\n|\n|t:|1781456450\n|move|p2a: Lumineon|U-turn|p1a: Bruxish\n|-supereffective|p1a: Bruxish\n|-crit|p1a: Bruxish\n|-damage|p1a: Bruxish|0 fnt\n|faint|p1a: Bruxish\n|\n|t:|1781456453\n|switch|p2a: Hydrapple|Hydrapple, L83, M|312/312|[from] U-turn\n|\n|upkeep\n|\n|t:|1781456458\n|switch|p1a: Avalugg|Avalugg, L88, F|310/310\n|turn|9\n|\n|t:|1781456461\n|move|p2a: Hydrapple|Nasty Plot|p2a: Hydrapple\n|-boost|p2a: Hydrapple|spa|2\n|move|p1a: Avalugg|Rapid Spin|p2a: Hydrapple\n|-damage|p2a: Hydrapple|272/312\n|-boost|p1a: Avalugg|spe|1\n|-sideend|p1: rareold|Stealth Rock|[from] move: Rapid Spin|[of] p1a: Avalugg\n|\n|-heal|p2a: Hydrapple|291/312|[from] item: Leftovers\n|upkeep\n|turn|10\n|\n|t:|1781456488\n|-terastallize|p2a: Hydrapple|Steel\n|move|p2a: Hydrapple|Fickle Beam|p1a: Avalugg|[anim] Fickle Beam All Out\n|-activate|p2a: Hydrapple|move: Fickle Beam\n|-crit|p1a: Avalugg\n|-ability|p1a: Avalugg|Sturdy\n|-damage|p1a: Avalugg|1/310\n|move|p1a: Avalugg|Avalanche|p2a: Hydrapple\n|-resisted|p2a: Hydrapple\n|-damage|p2a: Hydrapple|225/312\n|\n|-heal|p2a: Hydrapple|244/312|[from] item: Leftovers\n|upkeep\n|turn|11\n|\n|t:|1781456498\n|move|p1a: Avalugg|Body Press|p2a: Hydrapple\n|-supereffective|p2a: Hydrapple\n|-damage|p2a: Hydrapple|78/312\n|move|p2a: Hydrapple|Earth Power|p1a: Avalugg\n|-damage|p1a: Avalugg|0 fnt\n|faint|p1a: Avalugg\n|\n|-heal|p2a: Hydrapple|97/312|[from] item: Leftovers\n|upkeep\n|\n|t:|1781456508\n|switch|p1a: Emboar|Emboar, L84, M|322/322\n|turn|12\n|\n|t:|1781456514\n|switch|p2a: Lumineon|Lumineon, L93, M|279/279\n|move|p1a: Emboar|Close Combat|p2a: Lumineon\n|-damage|p2a: Lumineon|47/279\n|-unboost|p1a: Emboar|def|1\n|-unboost|p1a: Emboar|spd|1\n|\n|upkeep\n|turn|13\n|\n|t:|1781456518\n|switch|p1a: Crabominable|Crabominable, L90, M|321/321\n|move|p2a: Lumineon|Hydro Pump|p1a: Crabominable|[miss]\n|-miss|p2a: Lumineon|p1a: Crabominable\n|\n|upkeep\n|turn|14\n|\n|t:|1781456534\n|move|p2a: Lumineon|Hydro Pump|p1a: Crabominable\n|-damage|p1a: Crabominable|189/321\n|move|p1a: Crabominable|Knock Off|p2a: Lumineon\n|-damage|p2a: Lumineon|0 fnt\n|-enditem|p2a: Lumineon|Heavy-Duty Boots|[from] move: Knock Off|[of] p1a: Crabominable\n|faint|p2a: Lumineon\n|\n|upkeep\n|\n|t:|1781456537\n|switch|p2a: Heatran|Heatran, L79, M|273/273\n|turn|15\n|\n|t:|1781456547\n|move|p2a: Heatran|Lava Plume|p1a: Crabominable\n|-supereffective|p1a: Crabominable\n|-damage|p1a: Crabominable|0 fnt\n|faint|p1a: Crabominable\n|\n|upkeep\n|\n|t:|1781456571\n|switch|p1a: Emboar|Emboar, L84, M|322/322\n|turn|16\n|inactive|rareold has 120 seconds left.\n|\n|t:|1781456613\n|move|p2a: Heatran|Earth Power|p1a: Emboar\n|-supereffective|p1a: Emboar\n|-damage|p1a: Emboar|154/322\n|move|p1a: Emboar|Close Combat|p2a: Heatran\n|-supereffective|p2a: Heatran\n|-damage|p2a: Heatran|0 fnt\n|-unboost|p1a: Emboar|def|1\n|-unboost|p1a: Emboar|spd|1\n|faint|p2a: Heatran\n|\n|upkeep\n|\n|t:|1781456616\n|switch|p2a: Hydrapple|Hydrapple, L83, M, tera:Steel|201/312\n|turn|17\n|\n|t:|1781456621\n|move|p1a: Emboar|Close Combat|p2a: Hydrapple\n|-supereffective|p2a: Hydrapple\n|-damage|p2a: Hydrapple|0 fnt\n|-unboost|p1a: Emboar|def|1\n|-unboost|p1a: Emboar|spd|1\n|faint|p2a: Hydrapple\n|\n|win|rareold\n|raw|rareold's rating: 1347 &rarr; <strong>1370</strong><br />(+23 for winning)\n|raw|ccl143's rating: 1402 &rarr; <strong>1379</strong><br />(-23 for losing)\n|c|\u2606rareold|gg\n|l|\u2606ccl143\n|player|p2|\n", "inputlog": ">version a8376a258c1d4662feba110a92103f3664a72141\n>start {\"formatid\":\"gen9randombattle\",\"seed\":\"sodium,0d84ad891819f15053b6dc14715c9225\",\"rated\":\"Rated battle\"}\n>player p1 {\"name\":\"rareold\",\"avatar\":\"gardenia\",\"rating\":1347,\"seed\":\"sodium,f2b4cf287718a3fe6d5aa999f22b4f07\"}\n>player p2 {\"name\":\"ccl143\",\"avatar\":\"skierf\",\"rating\":1402,\"seed\":\"sodium,3e4bd2cfd51bcff30a1423a60a69f3c6\"}\n>p1 switch 3\n>p2 move stealthrock\n>p1 move lusterpurge\n>p2 move heavyslam\n>p1 move dracometeor\n>p2 move heavyslam\n>p1 move aurasphere\n>p2 move heavyslam\n>p2 switch 2\n>p1 move recover\n>p2 move uturn\n>p2 switch 5\n>p1 switch 4\n>p1 move psychicfangs\n>p2 move bulkup\n>p2 switch 3\n>p1 move wavecrash\n>p2 move shadowball\n>p2 switch 5\n>p1 move psychicfangs\n>p2 move uturn\n>p2 switch 6\n>p1 switch 6\n>p1 move rapidspin\n>p2 move nastyplot\n>p1 move avalanche\n>p2 move ficklebeam terastallize\n>p1 move bodypress\n>p2 move earthpower\n>p1 switch 3\n>p1 move closecombat\n>p2 switch 6\n>p1 switch 2\n>p2 move hydropump\n>p1 move knockoff\n>p2 move hydropump\n>p2 switch 4\n>p1 move knockoff\n>p2 move lavaplume\n>p1 switch 2\n>p1 move closecombat\n>p2 move earthpower\n>p2 switch 6\n>p1 move closecombat\n>p2 move earthpower", "uploadtime": 1781456631, "views": 4, "formatid": "gen9randombattle", "rating": 1370, "private": 0, "password": null}