{"id": "gen9randombattle-2631926618", "format": "[Gen 9] Random Battle", "players": ["Sango North", "YouShallNotPas"], "log": "|j|\u2606Sango North\n|j|\u2606YouShallNotPas\n|t:|1781456419\n|gametype|singles\n|player|p1|Sango North|1|1961\n|player|p2|YouShallNotPas|101|1911\n|gen|9\n|tier|[Gen 9] Random Battle\n|rated|\n|rule|Species Clause: Limit one of each Pok\u00e9mon\n|rule|HP Percentage Mod: HP is shown in percentages\n|rule|Sleep Clause Mod: Limit one foe put to sleep\n|rule|Illusion Level Mod: Illusion disguises the Pok\u00e9mon's true level\n|\n|t:|1781456419\n|teamsize|p1|6\n|teamsize|p2|6\n|start\n|switch|p1a: Dudunsparce|Dudunsparce, L83, F|343/343\n|switch|p2a: Minior|Minior-Violet, L79|224/224\n|-formechange|p2a: Minior|Minior-Meteor||[from] ability: Shields Down\n|turn|1\n|\n|t:|1781456437\n|move|p2a: Minior|Shell Smash|p2a: Minior\n|-unboost|p2a: Minior|def|1\n|-unboost|p2a: Minior|spd|1\n|-boost|p2a: Minior|atk|2\n|-boost|p2a: Minior|spa|2\n|-boost|p2a: Minior|spe|2\n|-enditem|p2a: Minior|White Herb\n|-clearnegativeboost|p2a: Minior|[silent]\n|move|p1a: Dudunsparce|Calm Mind|p1a: Dudunsparce\n|-boost|p1a: Dudunsparce|spa|1\n|-boost|p1a: Dudunsparce|spd|1\n|\n|upkeep\n|turn|2\n|\n|t:|1781456466\n|move|p2a: Minior|Acrobatics|p1a: Dudunsparce\n|-damage|p1a: Dudunsparce|181/343\n|move|p1a: Dudunsparce|Shadow Ball|p2a: Minior\n|-damage|p2a: Minior|150/224\n|\n|-heal|p1a: Dudunsparce|202/343|[from] item: Leftovers\n|upkeep\n|turn|3\n|\n|t:|1781456476\n|move|p2a: Minior|Acrobatics|p1a: Dudunsparce\n|-damage|p1a: Dudunsparce|37/343\n|move|p1a: Dudunsparce|Shadow Ball|p2a: Minior\n|-damage|p2a: Minior|76/224\n|\n|-heal|p1a: Dudunsparce|58/343|[from] item: Leftovers\n|-formechange|p2a: Minior|Minior-Violet||[from] ability: Shields Down\n|upkeep\n|turn|4\n|\n|t:|1781456489\n|move|p2a: Minior|Power Gem|p1a: Dudunsparce\n|-damage|p1a: Dudunsparce|0 fnt\n|faint|p1a: Dudunsparce\n|\n|upkeep\n|\n|t:|1781456507\n|switch|p1a: Rillaboom|Rillaboom, L79, M|288/288\n|-fieldstart|move: Grassy Terrain|[from] ability: Grassy Surge|[of] p1a: Rillaboom\n|turn|5\n|\n|t:|1781456514\n|switch|p2a: Oricorio|Oricorio-Pom-Pom, L82, M|257/257\n|move|p1a: Rillaboom|Grassy Glide|p2a: Oricorio\n|-resisted|p2a: Oricorio\n|-crit|p2a: Oricorio\n|-damage|p2a: Oricorio|167/257\n|-damage|p1a: Rillaboom|260/288|[from] item: Life Orb\n|\n|-heal|p1a: Rillaboom|278/288|[from] Grassy Terrain\n|upkeep\n|turn|6\n|\n|t:|1781456536\n|move|p2a: Oricorio|Quiver Dance|p2a: Oricorio\n|-boost|p2a: Oricorio|spa|1\n|-boost|p2a: Oricorio|spd|1\n|-boost|p2a: Oricorio|spe|1\n|move|p1a: Rillaboom|Knock Off|p2a: Oricorio\n|-damage|p2a: Oricorio|41/257\n|-enditem|p2a: Oricorio|Heavy-Duty Boots|[from] move: Knock Off|[of] p1a: Rillaboom\n|-damage|p1a: Rillaboom|250/288|[from] item: Life Orb\n|\n|-heal|p1a: Rillaboom|268/288|[from] Grassy Terrain\n|upkeep\n|turn|7\n|\n|t:|1781456552\n|move|p1a: Rillaboom|Grassy Glide|p2a: Oricorio\n|-resisted|p2a: Oricorio\n|-damage|p2a: Oricorio|0 fnt\n|faint|p2a: Oricorio\n|-damage|p1a: Rillaboom|240/288|[from] item: Life Orb\n|\n|-heal|p1a: Rillaboom|258/288|[from] Grassy Terrain\n|upkeep\n|-message|YouShallNotPas forfeited.\n|\n|win|Sango North\n", "inputlog": ">version a8376a258c1d4662feba110a92103f3664a72141\n>start {\"formatid\":\"gen9randombattle\",\"seed\":\"sodium,9b3f270d3c1199e95b2dc39985ad2e72\",\"rated\":\"Rated battle\"}\n>player p1 {\"name\":\"Sango North\",\"avatar\":\"1\",\"rating\":1961,\"seed\":\"sodium,a45b31973218c45ac40fe5c8053c308a\"}\n>player p2 {\"name\":\"YouShallNotPas\",\"avatar\":\"101\",\"rating\":1911,\"seed\":\"sodium,1cde1f20c5bf7d7d1096b4e4cd117d8f\"}\n>p1 move calmmind\n>p2 move shellsmash\n>p1 move shadowball\n>p2 move acrobatics\n>p1 move shadowball\n>p2 move acrobatics\n>p1 move shadowball\n>p2 move powergem\n>p1 switch 3\n>p1 move grassyglide\n>p2 switch 4\n>p1 move knockoff\n>p2 move quiverdance\n>p1 move grassyglide\n>p2 move hurricane\n>forcelose p2", "uploadtime": 1781456421, "views": 5, "formatid": "gen9randombattle", "rating": null, "private": 0, "password": null}