{"id": "gen9randombattle-2632013459", "format": "[Gen 9] Random Battle", "players": ["Akuraii18", "talabo594e"], "log": "|j|\u2606Akuraii18\n|j|\u2606talabo594e\n|t:|1781465956\n|gametype|singles\n|player|p1|Akuraii18|2|1075\n|player|p2|talabo594e|n|1078\n|gen|9\n|tier|[Gen 9] Random Battle\n|rated|\n|rule|Species Clause: Limit one of each Pok\u00e9mon\n|rule|HP Percentage Mod: HP is shown in percentages\n|rule|Sleep Clause Mod: Limit one foe put to sleep\n|rule|Illusion Level Mod: Illusion disguises the Pok\u00e9mon's true level\n|\n|t:|1781465956\n|teamsize|p1|6\n|teamsize|p2|6\n|start\n|switch|p1a: Arceus|Arceus-Steel, L70|284/284\n|switch|p2a: Alcremie|Alcremie-Salted-Cream, L90, F|263/263\n|turn|1\n|\n|t:|1781465967\n|switch|p2a: Oricorio|Oricorio, L84, F|263/263\n|move|p1a: Arceus|Judgment|p2a: Oricorio\n|-resisted|p2a: Oricorio\n|-damage|p2a: Oricorio|201/263\n|\n|upkeep\n|turn|2\n|\n|t:|1781465978\n|switch|p1a: Magcargo|Magcargo, L95, F|268/268\n|move|p2a: Oricorio|Quiver Dance|p2a: Oricorio\n|-boost|p2a: Oricorio|spa|1\n|-boost|p2a: Oricorio|spd|1\n|-boost|p2a: Oricorio|spe|1\n|\n|upkeep\n|turn|3\n|\n|t:|1781465985\n|move|p2a: Oricorio|Revelation Dance|p1a: Magcargo\n|-resisted|p1a: Magcargo\n|-damage|p1a: Magcargo|235/268\n|move|p1a: Magcargo|Shell Smash|p1a: Magcargo\n|-unboost|p1a: Magcargo|def|1\n|-unboost|p1a: Magcargo|spd|1\n|-boost|p1a: Magcargo|atk|2\n|-boost|p1a: Magcargo|spa|2\n|-boost|p1a: Magcargo|spe|2\n|\n|upkeep\n|turn|4\n|\n|t:|1781465995\n|move|p2a: Oricorio|Hurricane|p1a: Magcargo\n|-resisted|p1a: Magcargo\n|-damage|p1a: Magcargo|121/268\n|move|p1a: Magcargo|Shell Smash|p1a: Magcargo\n|-unboost|p1a: Magcargo|def|1\n|-unboost|p1a: Magcargo|spd|1\n|-boost|p1a: Magcargo|atk|2\n|-boost|p1a: Magcargo|spa|2\n|-boost|p1a: Magcargo|spe|2\n|\n|upkeep\n|turn|5\n|\n|t:|1781466005\n|move|p1a: Magcargo|Power Gem|p2a: Oricorio\n|-supereffective|p2a: Oricorio\n|-damage|p2a: Oricorio|0 fnt\n|faint|p2a: Oricorio\n|\n|upkeep\n|\n|t:|1781466013\n|switch|p2a: Tauros|Tauros-Paldea-Aqua, L81, M|254/254\n|-ability|p2a: Tauros|Intimidate|boost\n|-unboost|p1a: Magcargo|atk|1\n|turn|6\n|\n|t:|1781466021\n|move|p1a: Magcargo|Earth Power|p2a: Tauros\n|-damage|p2a: Tauros|0 fnt\n|faint|p2a: Tauros\n|\n|upkeep\n|\n|t:|1781466029\n|switch|p2a: Hawlucha|Hawlucha, L80, M|256/256\n|turn|7\n|\n|t:|1781466037\n|move|p1a: Magcargo|Fire Blast|p2a: Hawlucha\n|-damage|p2a: Hawlucha|0 fnt\n|faint|p2a: Hawlucha\n|\n|upkeep\n|\n|t:|1781466042\n|switch|p2a: Alcremie|Alcremie-Salted-Cream, L90, F|263/263\n|turn|8\n|\n|t:|1781466048\n|move|p1a: Magcargo|Power Gem|p2a: Alcremie\n|-damage|p2a: Alcremie|35/263\n|move|p2a: Alcremie|Alluring Voice|p1a: Magcargo\n|-resisted|p1a: Magcargo\n|-damage|p1a: Magcargo|10/268\n|\n|-heal|p2a: Alcremie|51/263|[from] item: Leftovers\n|upkeep\n|turn|9\n|\n|t:|1781466053\n|move|p1a: Magcargo|Power Gem|p2a: Alcremie\n|-damage|p2a: Alcremie|0 fnt\n|faint|p2a: Alcremie\n|\n|upkeep\n|\n|t:|1781466061\n|switch|p2a: Toxtricity|Toxtricity, L82, F|257/257\n|turn|10\n|\n|t:|1781466067\n|move|p1a: Magcargo|Earth Power|p2a: Toxtricity\n|-supereffective|p2a: Toxtricity\n|-damage|p2a: Toxtricity|0 fnt\n|faint|p2a: Toxtricity\n|\n|upkeep\n|\n|t:|1781466071\n|switch|p2a: Zacian|Zacian-Crowned, L64|225/225\n|-ability|p2a: Zacian|Intrepid Sword|boost\n|-boost|p2a: Zacian|atk|1\n|turn|11\n|\n|t:|1781466088\n|-terastallize|p2a: Zacian|Fighting\n|move|p1a: Magcargo|Earth Power|p2a: Zacian\n|-damage|p2a: Zacian|0 fnt\n|faint|p2a: Zacian\n|\n|win|Akuraii18\n|raw|Akuraii18's rating: 1075 &rarr; <strong>1104</strong><br />(+29 for winning)\n|raw|talabo594e's rating: 1078 &rarr; <strong>1056</strong><br />(-22 for losing)\n|l|\u2606talabo594e\n|player|p2|\n", "inputlog": ">version a8376a258c1d4662feba110a92103f3664a72141\n>start {\"formatid\":\"gen9randombattle\",\"seed\":\"sodium,c04726aca9be354da5c124ea700a157d\",\"rated\":\"Rated battle\"}\n>player p1 {\"name\":\"Akuraii18\",\"avatar\":\"2\",\"rating\":1075,\"seed\":\"sodium,7aa01a9dcbf2d20bd325f7ad9e405ebd\"}\n>player p2 {\"name\":\"talabo594e\",\"avatar\":\"n\",\"rating\":1078,\"seed\":\"sodium,94a7fb84309176e0d8bd08bb29b21596\"}\n>p1 move judgment\n>p2 switch 5\n>p1 switch 3\n>p2 move quiverdance\n>p1 move shellsmash\n>p2 move revelationdance\n>p1 move shellsmash\n>p2 move hurricane\n>p1 move powergem\n>p2 move hurricane\n>p2 switch 4\n>p1 move earthpower\n>p2 move liquidation\n>p2 switch 3\n>p1 move fireblast\n>p2 move closecombat\n>p2 switch 5\n>p1 move powergem\n>p2 move alluringvoice\n>p1 move powergem\n>p2 move terablast\n>p2 switch 2\n>p1 move earthpower\n>p2 move overdrive\n>p2 switch 6\n>p1 move earthpower\n>p2 move behemothblade terastallize", "uploadtime": 1781466102, "views": 10, "formatid": "gen9randombattle", "rating": 1056, "private": 0, "password": null}