{"id": "gen9randombattle-2631506909", "format": "[Gen 9] Random Battle", "players": ["TheeSalesman", "MakotoV7"], "log": "|j|\u2606TheeSalesman\n|j|\u2606MakotoV7\n|t:|1781393916\n|gametype|singles\n|player|p1|TheeSalesman|clerk|2093\n|player|p2|MakotoV7|steven|2140\n|gen|9\n|tier|[Gen 9] Random Battle\n|rated|\n|rule|Species Clause: Limit one of each Pok\u00e9mon\n|rule|HP Percentage Mod: HP is shown in percentages\n|rule|Sleep Clause Mod: Limit one foe put to sleep\n|rule|Illusion Level Mod: Illusion disguises the Pok\u00e9mon's true level\n|\n|t:|1781393916\n|teamsize|p1|6\n|teamsize|p2|6\n|start\n|switch|p1a: Dugtrio|Dugtrio-Alola, L84, M|196/196\n|switch|p2a: Dachsbun|Dachsbun, L92, F|254/254\n|turn|1\n|inactive|Battle timer is ON: inactive players will automatically lose when time's up. (requested by TheeSalesman)\n|\n|t:|1781393923\n|move|p1a: Dugtrio|Stealth Rock|p2a: Dachsbun\n|-sidestart|p2: MakotoV7|move: Stealth Rock\n|move|p2a: Dachsbun|Yawn|p1a: Dugtrio\n|-start|p1a: Dugtrio|move: Yawn|[of] p2a: Dachsbun\n|\n|upkeep\n|turn|2\n|\n|t:|1781393929\n|switch|p1a: Reuniclus|Reuniclus, L88, F|337/337\n|move|p2a: Dachsbun|Play Rough|p1a: Reuniclus\n|-damage|p1a: Reuniclus|235/337\n|\n|upkeep\n|turn|3\n|\n|t:|1781393934\n|move|p2a: Dachsbun|Wish|p2a: Dachsbun\n|move|p1a: Reuniclus|Recover|p1a: Reuniclus\n|-heal|p1a: Reuniclus|337/337\n|\n|upkeep\n|turn|4\n|\n|t:|1781393945\n|switch|p2a: Malamar|Malamar, L82, F|275/275\n|-damage|p2a: Malamar|241/275|[from] Stealth Rock\n|move|p1a: Reuniclus|Psyshock|p2a: Malamar\n|-immune|p2a: Malamar\n|\n|-heal|p2a: Malamar|275/275|[from] move: Wish|[wisher] Dachsbun\n|upkeep\n|turn|5\n|\n|t:|1781393952\n|switch|p1a: Rotom|Rotom-Frost, L87|229/229\n|move|p2a: Malamar|Superpower|p1a: Rotom\n|-supereffective|p1a: Rotom\n|-damage|p1a: Rotom|99/229\n|-boost|p2a: Malamar|atk|1\n|-boost|p2a: Malamar|def|1\n|\n|upkeep\n|turn|6\n|\n|t:|1781393955\n|move|p1a: Rotom|Will-O-Wisp|p2a: Malamar|[miss]\n|-miss|p1a: Rotom|p2a: Malamar\n|move|p2a: Malamar|Superpower|p1a: Rotom\n|-supereffective|p1a: Rotom\n|-damage|p1a: Rotom|0 fnt\n|-boost|p2a: Malamar|atk|1\n|-boost|p2a: Malamar|def|1\n|faint|p1a: Rotom\n|\n|upkeep\n|\n|t:|1781393959\n|switch|p1a: Dragapult|Dragapult, L77, F|262/262\n|turn|7\n|\n|t:|1781393962\n|move|p1a: Dragapult|U-turn|p2a: Malamar\n|-supereffective|p2a: Malamar\n|-damage|p2a: Malamar|175/275\n|\n|t:|1781393965\n|switch|p1a: Dugtrio|Dugtrio-Alola, L84, M|196/196|[from] U-turn\n|move|p2a: Malamar|Knock Off|p1a: Dugtrio\n|-damage|p1a: Dugtrio|0 fnt\n|-ability|p1a: Dugtrio|Tangling Hair\n|-boost|p2a: Malamar|spe|1\n|-enditem|p1a: Dugtrio|Life Orb|[from] move: Knock Off|[of] p2a: Malamar\n|faint|p1a: Dugtrio\n|\n|-heal|p2a: Malamar|192/275|[from] item: Leftovers\n|upkeep\n|\n|t:|1781393969\n|switch|p1a: Dragapult|Dragapult, L77, F|262/262\n|turn|8\n|\n|t:|1781393982\n|move|p1a: Dragapult|Draco Meteor|p2a: Malamar\n|-damage|p2a: Malamar|0 fnt\n|-unboost|p1a: Dragapult|spa|2\n|faint|p2a: Malamar\n|\n|upkeep\n|\n|t:|1781393992\n|switch|p2a: Dachsbun|Dachsbun, L92, F|254/254\n|-damage|p2a: Dachsbun|223/254|[from] Stealth Rock\n|turn|9\n|\n|t:|1781393999\n|switch|p1a: Reuniclus|Reuniclus, L88, F|337/337\n|move|p2a: Dachsbun|Play Rough|p1a: Reuniclus\n|-damage|p1a: Reuniclus|234/337\n|\n|-heal|p2a: Dachsbun|238/254|[from] item: Leftovers\n|upkeep\n|turn|10\n|\n|t:|1781394001\n|move|p2a: Dachsbun|Yawn|p1a: Reuniclus\n|-start|p1a: Reuniclus|move: Yawn|[of] p2a: Dachsbun\n|move|p1a: Reuniclus|Psyshock|p2a: Dachsbun\n|-damage|p2a: Dachsbun|125/254\n|\n|-heal|p2a: Dachsbun|140/254|[from] item: Leftovers\n|upkeep\n|turn|11\n|\n|t:|1781394006\n|move|p2a: Dachsbun|Wish|p2a: Dachsbun\n|move|p1a: Reuniclus|Psyshock|p2a: Dachsbun\n|-damage|p2a: Dachsbun|23/254\n|\n|-heal|p2a: Dachsbun|38/254|[from] item: Leftovers\n|-end|p1a: Reuniclus|move: Yawn|[silent]\n|-status|p1a: Reuniclus|slp\n|upkeep\n|turn|12\n|\n|t:|1781394015\n|switch|p1a: Cryogonal|Cryogonal, L89|287/287\n|move|p2a: Dachsbun|Play Rough|p1a: Cryogonal\n|-damage|p1a: Cryogonal|140/287\n|-unboost|p1a: Cryogonal|atk|1\n|\n|-heal|p2a: Dachsbun|165/254|[from] move: Wish|[wisher] Dachsbun\n|-heal|p2a: Dachsbun|180/254|[from] item: Leftovers\n|upkeep\n|turn|13\n|\n|t:|1781394020\n|move|p1a: Cryogonal|Ice Beam|p2a: Dachsbun\n|-damage|p2a: Dachsbun|86/254\n|move|p2a: Dachsbun|Play Rough|p1a: Cryogonal\n|-damage|p1a: Cryogonal|7/287\n|\n|-heal|p2a: Dachsbun|101/254|[from] item: Leftovers\n|upkeep\n|turn|14\n|\n|t:|1781394027\n|move|p2a: Dachsbun|Protect|p2a: Dachsbun\n|-singleturn|p2a: Dachsbun|Protect\n|move|p1a: Cryogonal|Ice Beam|p2a: Dachsbun\n|-activate|p2a: Dachsbun|move: Protect\n|\n|-heal|p2a: Dachsbun|116/254|[from] item: Leftovers\n|upkeep\n|turn|15\n|\n|t:|1781394032\n|move|p1a: Cryogonal|Ice Beam|p2a: Dachsbun\n|-damage|p2a: Dachsbun|19/254\n|move|p2a: Dachsbun|Wish|p2a: Dachsbun\n|\n|-heal|p2a: Dachsbun|34/254|[from] item: Leftovers\n|upkeep\n|turn|16\n|\n|t:|1781394039\n|move|p2a: Dachsbun|Protect|p2a: Dachsbun\n|-singleturn|p2a: Dachsbun|Protect\n|move|p1a: Cryogonal|Recover|p1a: Cryogonal\n|-heal|p1a: Cryogonal|151/287\n|\n|-heal|p2a: Dachsbun|161/254|[from] move: Wish|[wisher] Dachsbun\n|-heal|p2a: Dachsbun|176/254|[from] item: Leftovers\n|upkeep\n|turn|17\n|\n|t:|1781394046\n|switch|p2a: Bastiodon|Bastiodon, L89, F|252/252\n|-damage|p2a: Bastiodon|237/252|[from] Stealth Rock\n|move|p1a: Cryogonal|Ice Beam|p2a: Bastiodon\n|-resisted|p2a: Bastiodon\n|-damage|p2a: Bastiodon|204/252\n|\n|upkeep\n|turn|18\n|\n|t:|1781394056\n|switch|p1a: Koraidon|Koraidon, L64|235/235\n|-weather|SunnyDay|[from] ability: Orichalcum Pulse|[of] p1a: Koraidon\n|-activate|p1a: Koraidon|Orichalcum Pulse|[source]\n|move|p2a: Bastiodon|Iron Defense|p2a: Bastiodon\n|-boost|p2a: Bastiodon|def|2\n|\n|-weather|SunnyDay|[upkeep]\n|upkeep\n|turn|19\n|\n|t:|1781394066\n|-terastallize|p2a: Bastiodon|Fighting\n|move|p1a: Koraidon|Collision Course|p2a: Bastiodon\n|-damage|p2a: Bastiodon|174/252\n|move|p2a: Bastiodon|Body Press|p1a: Koraidon\n|-damage|p1a: Koraidon|0 fnt\n|faint|p1a: Koraidon\n|\n|-weather|SunnyDay|[upkeep]\n|upkeep\n|\n|t:|1781394071\n|switch|p1a: Dragapult|Dragapult, L77, F|262/262\n|turn|20\n|\n|t:|1781394075\n|-terastallize|p1a: Dragapult|Ghost\n|move|p1a: Dragapult|Shadow Ball|p2a: Bastiodon\n|-damage|p2a: Bastiodon|68/252\n|move|p2a: Bastiodon|Foul Play|p1a: Dragapult\n|-supereffective|p1a: Dragapult\n|-damage|p1a: Dragapult|86/262\n|\n|-weather|SunnyDay|[upkeep]\n|upkeep\n|turn|21\n|\n|t:|1781394087\n|move|p1a: Dragapult|Shadow Ball|p2a: Bastiodon\n|-damage|p2a: Bastiodon|0 fnt\n|faint|p2a: Bastiodon\n|\n|-weather|SunnyDay|[upkeep]\n|upkeep\n|\n|t:|1781394090\n|switch|p2a: Phione|Phione, L91|293/293\n|-damage|p2a: Phione|257/293|[from] Stealth Rock\n|turn|22\n|\n|t:|1781394092\n|move|p1a: Dragapult|Shadow Ball|p2a: Phione\n|-damage|p2a: Phione|111/293\n|move|p2a: Phione|Take Heart|p2a: Phione\n|-boost|p2a: Phione|spa|1\n|-boost|p2a: Phione|spd|1\n|\n|-weather|none\n|-heal|p2a: Phione|129/293|[from] item: Leftovers\n|upkeep\n|turn|23\n|\n|t:|1781394101\n|move|p1a: Dragapult|Shadow Ball|p2a: Phione\n|-damage|p2a: Phione|37/293\n|move|p2a: Phione|Rest|p2a: Phione\n|-status|p2a: Phione|slp|[from] move: Rest\n|-heal|p2a: Phione|293/293 slp|[silent]\n|\n|upkeep\n|turn|24\n|\n|t:|1781394105\n|move|p1a: Dragapult|Shadow Ball|p2a: Phione\n|-damage|p2a: Phione|193/293 slp\n|cant|p2a: Phione|slp\n|move|p2a: Phione|Sleep Talk|p2a: Phione\n|move|p2a: Phione|Take Heart|p2a: Phione|[from] move: Sleep Talk\n|-boost|p2a: Phione|spa|1\n|-boost|p2a: Phione|spd|1\n|-curestatus|p2a: Phione|slp|[msg]\n|\n|-heal|p2a: Phione|211/293|[from] item: Leftovers\n|upkeep\n|turn|25\n|-message|TheeSalesman forfeited.\n|\n|win|MakotoV7\n", "inputlog": ">version a8376a258c1d4662feba110a92103f3664a72141\n>start {\"formatid\":\"gen9randombattle\",\"seed\":\"sodium,215d6dbffdc03c17088e29967b388b96\",\"rated\":\"Rated battle\"}\n>player p1 {\"name\":\"TheeSalesman\",\"avatar\":\"clerk\",\"rating\":2093,\"seed\":\"sodium,df4315cf76d920399edec4ac81c78a6f\"}\n>player p2 {\"name\":\"MakotoV7\",\"avatar\":\"steven\",\"rating\":2140,\"seed\":\"sodium,e51ab102922953f0f52b11dd21696c9e\"}\n>p1 move stealthrock\n>p2 move yawn\n>p1 switch 2\n>p2 move playrough\n>p1 move recover\n>p2 move wish\n>p1 move psyshock\n>p2 switch 6\n>p1 switch 3\n>p2 move superpower\n>p1 move willowisp\n>p2 move superpower\n>p1 switch 6\n>p1 move uturn\n>p2 move knockoff\n>p1 switch 2\n>p1 switch 2\n>p1 move dracometeor\n>p2 move rest\n>p2 switch 6\n>p1 switch 3\n>p2 move playrough\n>p1 move psyshock\n>p2 move yawn\n>p1 move psyshock\n>p2 move wish\n>p1 switch 4\n>p2 move playrough\n>p1 move icebeam\n>p2 move playrough\n>p1 move icebeam\n>p2 move protect\n>p1 move icebeam\n>p2 move wish\n>p1 move recover\n>p2 move protect\n>p1 move icebeam\n>p2 switch 2\n>p1 switch 5\n>p2 move irondefense\n>p1 move collisioncourse\n>p2 move bodypress terastallize\n>p1 switch 3\n>p1 move shadowball terastallize\n>p2 move foulplay\n>p1 move shadowball\n>p2 move bodypress\n>p2 switch 4\n>p1 move shadowball\n>p2 move takeheart\n>p1 move shadowball\n>p2 move rest\n>p1 move shadowball\n>p2 move sleeptalk\n>forcelose p1", "uploadtime": 1781393917, "views": 5, "formatid": "gen9randombattle", "rating": null, "private": 0, "password": null}