{"id": "gen9randombattle-2631441485", "format": "[Gen 9] Random Battle", "players": ["ujojds", "flamingtiger56"], "log": "|j|\u2606ujojds\n|j|\u2606flamingtiger56\n|t:|1781385075\n|gametype|singles\n|player|p1|ujojds|clair|1990\n|player|p2|flamingtiger56|169|1952\n|gen|9\n|tier|[Gen 9] Random Battle\n|rated|\n|rule|Species Clause: Limit one of each Pok\u00e9mon\n|rule|HP Percentage Mod: HP is shown in percentages\n|rule|Sleep Clause Mod: Limit one foe put to sleep\n|rule|Illusion Level Mod: Illusion disguises the Pok\u00e9mon's true level\n|\n|t:|1781385075\n|teamsize|p1|6\n|teamsize|p2|6\n|start\n|switch|p1a: Gumshoos|Gumshoos, L95, F|321/321\n|switch|p2a: Squawkabilly|Squawkabilly-Blue, L85, M|278/278\n|turn|1\n|inactive|Battle timer is ON: inactive players will automatically lose when time's up. (requested by flamingtiger56)\n|\n|t:|1781385094\n|move|p2a: Squawkabilly|U-turn|p1a: Gumshoos\n|-damage|p1a: Gumshoos|261/321\n|\n|t:|1781385096\n|switch|p2a: Forretress|Forretress, L84, M|263/263|[from] U-turn\n|move|p1a: Gumshoos|Double-Edge|p2a: Forretress\n|-resisted|p2a: Forretress\n|-damage|p2a: Forretress|90/263\n|-damage|p1a: Gumshoos|204/321|[from] Recoil\n|\n|-heal|p2a: Forretress|106/263|[from] item: Leftovers\n|upkeep\n|turn|2\n|\n|t:|1781385104\n|switch|p1a: Falinks|Falinks, L84|246/246\n|move|p2a: Forretress|Stealth Rock|p1a: Falinks\n|-sidestart|p1: ujojds|move: Stealth Rock\n|\n|-heal|p2a: Forretress|122/263|[from] item: Leftovers\n|upkeep\n|turn|3\n|\n|t:|1781385109\n|move|p1a: Falinks|Close Combat|p2a: Forretress\n|-damage|p2a: Forretress|13/263\n|-unboost|p1a: Falinks|def|1\n|-unboost|p1a: Falinks|spd|1\n|-damage|p1a: Falinks|222/246|[from] item: Life Orb\n|move|p2a: Forretress|Toxic Spikes|p1a: Falinks\n|-sidestart|p1: ujojds|move: Toxic Spikes\n|\n|-heal|p2a: Forretress|29/263|[from] item: Leftovers\n|upkeep\n|turn|4\n|\n|t:|1781385114\n|move|p1a: Falinks|No Retreat|p1a: Falinks\n|-boost|p1a: Falinks|atk|1\n|-boost|p1a: Falinks|def|1\n|-boost|p1a: Falinks|spa|1\n|-boost|p1a: Falinks|spd|1\n|-boost|p1a: Falinks|spe|1\n|-start|p1a: Falinks|move: No Retreat\n|move|p2a: Forretress|Iron Head|p1a: Falinks\n|-damage|p1a: Falinks|150/246\n|\n|-heal|p2a: Forretress|45/263|[from] item: Leftovers\n|upkeep\n|turn|5\n|\n|t:|1781385122\n|move|p1a: Falinks|Close Combat|p2a: Forretress\n|-damage|p2a: Forretress|0 fnt\n|-unboost|p1a: Falinks|def|1\n|-unboost|p1a: Falinks|spd|1\n|faint|p2a: Forretress\n|-damage|p1a: Falinks|126/246|[from] item: Life Orb\n|\n|upkeep\n|\n|t:|1781385131\n|switch|p2a: Iron Boulder|Iron Boulder, L77|265/265\n|-enditem|p2a: Iron Boulder|Booster Energy\n|-activate|p2a: Iron Boulder|ability: Quark Drive|[fromitem]\n|-start|p2a: Iron Boulder|quarkdrivespe\n|turn|6\n|\n|t:|1781385136\n|-terastallize|p1a: Falinks|Dark\n|move|p2a: Iron Boulder|Zen Headbutt|p1a: Falinks\n|-immune|p1a: Falinks\n|move|p1a: Falinks|Knock Off|p2a: Iron Boulder\n|-supereffective|p2a: Iron Boulder\n|-damage|p2a: Iron Boulder|0 fnt\n|faint|p2a: Iron Boulder\n|-end|p2a: Iron Boulder|Quark Drive|[silent]\n|-damage|p1a: Falinks|102/246|[from] item: Life Orb\n|\n|upkeep\n|\n|t:|1781385147\n|switch|p2a: Squawkabilly|Squawkabilly-Blue, L85, M|278/278\n|turn|7\n|\n|t:|1781385151\n|move|p2a: Squawkabilly|Quick Attack|p1a: Falinks\n|-damage|p1a: Falinks|42/246\n|move|p1a: Falinks|Close Combat|p2a: Squawkabilly\n|-crit|p2a: Squawkabilly\n|-damage|p2a: Squawkabilly|0 fnt\n|-unboost|p1a: Falinks|def|1\n|-unboost|p1a: Falinks|spd|1\n|faint|p2a: Squawkabilly\n|-damage|p1a: Falinks|18/246|[from] item: Life Orb\n|\n|upkeep\n|l|\u2606flamingtiger56\n|inactive|flamingtiger56 disconnected and has a minute to reconnect!\n|player|p2|\n|inactive|flamingtiger56 has 30 seconds to reconnect!\n|inactive|flamingtiger56 has 20 seconds to reconnect!\n|inactive|flamingtiger56 has 15 seconds to reconnect!\n|inactive|flamingtiger56 has 10 seconds to reconnect!\n|inactive|flamingtiger56 has 5 seconds to reconnect!\n|-message|flamingtiger56 lost due to inactivity.\n|\n|win|ujojds\n", "inputlog": ">version a8376a258c1d4662feba110a92103f3664a72141\n>start {\"formatid\":\"gen9randombattle\",\"seed\":\"sodium,2f633a2d51fea277aa8618882fdcf5b8\",\"rated\":\"Rated battle\"}\n>player p1 {\"name\":\"ujojds\",\"avatar\":\"clair\",\"rating\":1990,\"seed\":\"sodium,acf895b3ea679ed960636934bc324046\"}\n>player p2 {\"name\":\"flamingtiger56\",\"avatar\":\"169\",\"rating\":1952,\"seed\":\"sodium,cc74c9d9c4cdd51400b31744d817b2fd\"}\n>p1 move doubleedge\n>p2 move uturn\n>p2 switch 2\n>p1 switch 5\n>p2 move stealthrock\n>p1 move closecombat\n>p2 move toxicspikes\n>p1 move noretreat\n>p2 move ironhead\n>p1 move closecombat\n>p2 move ironhead\n>p2 switch 3\n>p1 move knockoff terastallize\n>p2 move zenheadbutt\n>p2 switch 2\n>p1 move closecombat\n>p2 move quickattack\n>forcelose p2", "uploadtime": 1781385077, "views": 10, "formatid": "gen9randombattle", "rating": null, "private": 0, "password": null}