{"id": "gen9randombattle-2631651731", "format": "[Gen 9] Random Battle", "players": ["BorderControl", "jsjsiis"], "log": "|j|\u2606BorderControl\n|j|\u2606jsjsiis\n|t:|1781415190\n|gametype|singles\n|player|p1|BorderControl|rocketgrunt|2017\n|player|p2|jsjsiis|1|1959\n|gen|9\n|tier|[Gen 9] Random Battle\n|rated|\n|rule|Species Clause: Limit one of each Pok\u00e9mon\n|rule|HP Percentage Mod: HP is shown in percentages\n|rule|Sleep Clause Mod: Limit one foe put to sleep\n|rule|Illusion Level Mod: Illusion disguises the Pok\u00e9mon's true level\n|\n|t:|1781415190\n|teamsize|p1|6\n|teamsize|p2|6\n|start\n|switch|p1a: Annihilape|Annihilape, L76, F|292/292\n|switch|p2a: Miraidon|Miraidon, L65|238/238\n|-fieldstart|move: Electric Terrain|[from] ability: Hadron Engine|[of] p2a: Miraidon\n|turn|1\n|inactive|Battle timer is ON: inactive players will automatically lose when time's up. (requested by jsjsiis)\n|\n|t:|1781415202\n|switch|p1a: Iron Leaves|Iron Leaves, L80|275/275\n|-activate|p1a: Iron Leaves|ability: Quark Drive\n|-start|p1a: Iron Leaves|quarkdriveatk\n|move|p2a: Miraidon|Volt Switch|p1a: Iron Leaves\n|-resisted|p1a: Iron Leaves\n|-damage|p1a: Iron Leaves|205/275\n|\n|t:|1781415212\n|switch|p2a: Ninetales|Ninetales-Alola, L78, M|242/242|[from] Volt Switch\n|-weather|Snowscape|[from] ability: Snow Warning|[of] p2a: Ninetales\n|\n|-weather|Snowscape|[upkeep]\n|upkeep\n|turn|2\n|\n|t:|1781415222\n|-end|p1a: Iron Leaves|Quark Drive|[silent]\n|switch|p1a: Magcargo|Magcargo, L95, M|268/268\n|move|p2a: Ninetales|Aurora Veil|p2a: Ninetales\n|-sidestart|p2: jsjsiis|move: Aurora Veil\n|\n|-weather|Snowscape|[upkeep]\n|upkeep\n|turn|3\n|\n|t:|1781415238\n|switch|p2a: Iron Bundle|Iron Bundle, L78|215/215\n|-activate|p2a: Iron Bundle|ability: Quark Drive\n|-start|p2a: Iron Bundle|quarkdrivespe\n|move|p1a: Magcargo|Shell Smash|p1a: Magcargo\n|-unboost|p1a: Magcargo|def|1\n|-unboost|p1a: Magcargo|spd|1\n|-boost|p1a: Magcargo|atk|2\n|-boost|p1a: Magcargo|spa|2\n|-boost|p1a: Magcargo|spe|2\n|\n|-weather|Snowscape|[upkeep]\n|upkeep\n|turn|4\n|inactive|BorderControl has 120 seconds left.\n|\n|t:|1781415272\n|switch|p1a: Primarina|Primarina, L83, F|268/268\n|move|p2a: Iron Bundle|Hydro Pump|p1a: Primarina\n|-resisted|p1a: Primarina\n|-damage|p1a: Primarina|221/268\n|\n|-weather|Snowscape|[upkeep]\n|-heal|p1a: Primarina|237/268|[from] item: Leftovers\n|upkeep\n|turn|5\n|\n|t:|1781415287\n|move|p2a: Iron Bundle|Freeze-Dry|p1a: Primarina\n|-supereffective|p1a: Primarina\n|-damage|p1a: Primarina|103/268\n|move|p1a: Primarina|Calm Mind|p1a: Primarina\n|-boost|p1a: Primarina|spa|1\n|-boost|p1a: Primarina|spd|1\n|\n|-weather|none\n|-heal|p1a: Primarina|119/268|[from] item: Leftovers\n|-fieldend|move: Electric Terrain\n|-end|p2a: Iron Bundle|Quark Drive\n|upkeep\n|turn|6\n|\n|t:|1781415302\n|-terastallize|p1a: Primarina|Poison\n|move|p2a: Iron Bundle|Encore|p1a: Primarina\n|-start|p1a: Primarina|Encore\n|move|p1a: Primarina|Calm Mind|p1a: Primarina\n|-boost|p1a: Primarina|spa|1\n|-boost|p1a: Primarina|spd|1\n|\n|-heal|p1a: Primarina|135/268|[from] item: Leftovers\n|upkeep\n|turn|7\n|inactive|BorderControl has 120 seconds left.\n|\n|t:|1781415327\n|-end|p2a: Iron Bundle|Quark Drive|[silent]\n|switch|p2a: Toucannon|Toucannon, L88, F|284/284\n|switch|p1a: Zebstrika|Zebstrika, L87, M|272/272\n|\n|upkeep\n|turn|8\n|\n|t:|1781415343\n|switch|p2a: Miraidon|Miraidon, L65|238/238\n|-fieldstart|move: Electric Terrain|[from] ability: Hadron Engine|[of] p2a: Miraidon\n|move|p1a: Zebstrika|Volt Switch|p2a: Miraidon\n|-resisted|p2a: Miraidon\n|-damage|p2a: Miraidon|222/238\n|-damage|p1a: Zebstrika|245/272|[from] item: Life Orb\n|inactive|BorderControl has 120 seconds left.\n|\n|t:|1781415354\n|switch|p1a: Iron Leaves|Iron Leaves, L80|205/275|[from] Volt Switch\n|-activate|p1a: Iron Leaves|ability: Quark Drive\n|-start|p1a: Iron Leaves|quarkdriveatk\n|\n|upkeep\n|turn|9\n|inactive|BorderControl has 120 seconds left.\n|\n|t:|1781415367\n|move|p2a: Miraidon|Volt Switch|p1a: Iron Leaves\n|-resisted|p1a: Iron Leaves\n|-damage|p1a: Iron Leaves|139/275\n|\n|t:|1781415373\n|switch|p2a: Ninetales|Ninetales-Alola, L78, M|242/242|[from] Volt Switch\n|-weather|Snowscape|[from] ability: Snow Warning|[of] p2a: Ninetales\n|move|p1a: Iron Leaves|Psyblade|p2a: Ninetales\n|-damage|p2a: Ninetales|133/242\n|-damage|p1a: Iron Leaves|112/275|[from] item: Life Orb\n|\n|-weather|Snowscape|[upkeep]\n|-sideend|p2: jsjsiis|move: Aurora Veil\n|upkeep\n|turn|10\n|\n|t:|1781415387\n|-end|p1a: Iron Leaves|Quark Drive|[silent]\n|switch|p1a: Magcargo|Magcargo, L95, M|268/268\n|move|p2a: Ninetales|Aurora Veil|p2a: Ninetales\n|-sidestart|p2: jsjsiis|move: Aurora Veil\n|\n|-weather|Snowscape|[upkeep]\n|upkeep\n|turn|11\n|\n|t:|1781415397\n|switch|p2a: Hitmonlee|Hitmonlee, L85, M|223/223\n|move|p1a: Magcargo|Fire Blast|p2a: Hitmonlee\n|-damage|p2a: Hitmonlee|160/223\n|\n|-weather|Snowscape|[upkeep]\n|upkeep\n|turn|12\n|\n|t:|1781415406\n|switch|p2a: Iron Bundle|Iron Bundle, L78|215/215\n|-activate|p2a: Iron Bundle|ability: Quark Drive\n|-start|p2a: Iron Bundle|quarkdrivespe\n|switch|p1a: Annihilape|Annihilape, L76, F|292/292\n|\n|-weather|Snowscape|[upkeep]\n|-fieldend|move: Electric Terrain\n|-end|p2a: Iron Bundle|Quark Drive\n|upkeep\n|turn|13\n|\n|t:|1781415415\n|switch|p1a: Primarina|Primarina, L83, F, tera:Poison|135/268\n|move|p2a: Iron Bundle|Hydro Pump|p1a: Primarina\n|-damage|p1a: Primarina|27/268\n|\n|-weather|none\n|-heal|p1a: Primarina|43/268|[from] item: Leftovers\n|upkeep\n|turn|14\n|\n|t:|1781415425\n|move|p2a: Iron Bundle|Hydro Pump|p1a: Primarina\n|-damage|p1a: Primarina|0 fnt\n|faint|p1a: Primarina\n|\n|upkeep\n|\n|t:|1781415430\n|switch|p1a: Zebstrika|Zebstrika, L87, M|245/272\n|turn|15\n|\n|t:|1781415446\n|-end|p2a: Iron Bundle|Quark Drive|[silent]\n|switch|p2a: Hitmonlee|Hitmonlee, L85, M|160/223\n|move|p1a: Zebstrika|Supercell Slam|p2a: Hitmonlee|[miss]\n|-miss|p1a: Zebstrika|p2a: Hitmonlee\n|-damage|p1a: Zebstrika|109/272|[from] supercellslam\n|\n|upkeep\n|turn|16\n|\n|t:|1781415454\n|move|p1a: Zebstrika|Supercell Slam|p2a: Hitmonlee\n|-damage|p2a: Hitmonlee|49/223\n|-damage|p1a: Zebstrika|82/272|[from] item: Life Orb\n|move|p2a: Hitmonlee|Knock Off|p1a: Zebstrika\n|-damage|p1a: Zebstrika|0 fnt\n|-enditem|p1a: Zebstrika|Life Orb|[from] move: Knock Off|[of] p2a: Hitmonlee\n|faint|p1a: Zebstrika\n|\n|upkeep\n|\n|t:|1781415462\n|switch|p1a: Iron Leaves|Iron Leaves, L80|112/275\n|turn|17\n|\n|t:|1781415466\n|move|p1a: Iron Leaves|Psyblade|p2a: Hitmonlee\n|-supereffective|p2a: Hitmonlee\n|-damage|p2a: Hitmonlee|0 fnt\n|faint|p2a: Hitmonlee\n|-damage|p1a: Iron Leaves|85/275|[from] item: Life Orb\n|\n|-sideend|p2: jsjsiis|move: Aurora Veil\n|upkeep\n|l|\u2606jsjsiis\n|inactive|jsjsiis disconnected and has a minute to reconnect!\n|player|p2|\n|j|\u2606jsjsiis\n|inactive|jsjsiis reconnected and has 125 seconds left.\n|player|p2|jsjsiis|1|\n|inactive|jsjsiis has 120 seconds left.\n|\n|t:|1781415496\n|switch|p2a: Ninetales|Ninetales-Alola, L78, M|133/242\n|-weather|Snowscape|[from] ability: Snow Warning|[of] p2a: Ninetales\n|turn|18\n|\n|t:|1781415506\n|move|p2a: Ninetales|Aurora Veil|p2a: Ninetales\n|-sidestart|p2: jsjsiis|move: Aurora Veil\n|move|p1a: Iron Leaves|Psyblade|p2a: Ninetales\n|-crit|p2a: Ninetales\n|-damage|p2a: Ninetales|0 fnt\n|faint|p2a: Ninetales\n|-damage|p1a: Iron Leaves|58/275|[from] item: Life Orb\n|\n|-weather|Snowscape|[upkeep]\n|upkeep\n|\n|t:|1781415518\n|switch|p2a: Miraidon|Miraidon, L65|222/238\n|-fieldstart|move: Electric Terrain|[from] ability: Hadron Engine|[of] p2a: Miraidon\n|-activate|p1a: Iron Leaves|ability: Quark Drive\n|-start|p1a: Iron Leaves|quarkdriveatk\n|turn|19\n|inactive|jsjsiis has 120 seconds left.\n|\n|t:|1781415546\n|-terastallize|p2a: Miraidon|Electric\n|move|p2a: Miraidon|Electro Drift|p1a: Iron Leaves\n|-resisted|p1a: Iron Leaves\n|-damage|p1a: Iron Leaves|0 fnt\n|faint|p1a: Iron Leaves\n|-end|p1a: Iron Leaves|Quark Drive|[silent]\n|\n|-weather|Snowscape|[upkeep]\n|upkeep\n|\n|t:|1781415556\n|switch|p1a: Annihilape|Annihilape, L76, F|292/292\n|turn|20\n|\n|t:|1781415560\n|move|p2a: Miraidon|Electro Drift|p1a: Annihilape\n|-damage|p1a: Annihilape|0 fnt\n|faint|p1a: Annihilape\n|\n|-weather|Snowscape|[upkeep]\n|upkeep\n|\n|t:|1781415565\n|switch|p1a: Magcargo|Magcargo, L95, M|268/268\n|turn|21\n|\n|t:|1781415567\n|move|p2a: Miraidon|Electro Drift|p1a: Magcargo\n|-damage|p1a: Magcargo|0 fnt\n|faint|p1a: Magcargo\n|\n|-weather|Snowscape|[upkeep]\n|upkeep\n|\n|t:|1781415570\n|switch|p1a: Lilligant|Lilligant, L86, F|261/261\n|turn|22\n|\n|t:|1781415580\n|move|p2a: Miraidon|Electro Drift|p1a: Lilligant\n|-resisted|p1a: Lilligant\n|-damage|p1a: Lilligant|92/261\n|move|p1a: Lilligant|Quiver Dance|p1a: Lilligant\n|-boost|p1a: Lilligant|spa|1\n|-boost|p1a: Lilligant|spd|1\n|-boost|p1a: Lilligant|spe|1\n|\n|-weather|none\n|upkeep\n|turn|23\n|\n|t:|1781415588\n|move|p1a: Lilligant|Petal Dance|p2a: Miraidon\n|-damage|p2a: Miraidon|74/238\n|-damage|p1a: Lilligant|66/261|[from] item: Life Orb\n|move|p2a: Miraidon|Electro Drift|p1a: Lilligant\n|-resisted|p1a: Lilligant\n|-crit|p1a: Lilligant\n|-damage|p1a: Lilligant|0 fnt\n|faint|p1a: Lilligant\n|\n|win|jsjsiis\n", "inputlog": ">version a8376a258c1d4662feba110a92103f3664a72141\n>start {\"formatid\":\"gen9randombattle\",\"seed\":\"sodium,67f83771c1b5bef97e251e23d703c9d0\",\"rated\":\"Rated battle\"}\n>player p1 {\"name\":\"BorderControl\",\"avatar\":\"rocketgrunt\",\"rating\":2017,\"seed\":\"sodium,e9fef0c57a4451fce2265a268343a040\"}\n>player p2 {\"name\":\"jsjsiis\",\"avatar\":\"1\",\"rating\":1959,\"seed\":\"sodium,28add0b1d325282e6805d8e50c1fdeb7\"}\n>p1 switch 3\n>p2 move voltswitch\n>p2 switch 4\n>p1 switch 5\n>p2 move auroraveil\n>p1 move shellsmash\n>p2 switch 6\n>p1 switch 4\n>p2 move hydropump\n>p1 move calmmind\n>p2 move freezedry\n>p1 move drainingkiss terastallize\n>p2 move encore\n>p1 switch 6\n>p2 switch 2\n>p1 move voltswitch\n>p2 switch 4\n>p1 switch 5\n>p1 move psyblade\n>p2 move voltswitch\n>p2 switch 6\n>p1 switch 4\n>p2 move auroraveil\n>p1 move fireblast\n>p2 switch 3\n>p1 switch 3\n>p2 switch 2\n>p1 switch 6\n>p2 move hydropump\n>p1 move drainingkiss\n>p2 move hydropump\n>p1 switch 5\n>p1 move supercellslam\n>p2 switch 2\n>p1 move supercellslam\n>p2 move knockoff\n>p1 switch 4\n>p1 move psyblade\n>p2 move knockoff\n>p2 switch 3\n>p1 move psyblade\n>p2 move auroraveil\n>p2 switch 6\n>p1 move psyblade\n>p2 move electrodrift terastallize\n>p1 switch 6\n>p1 move rest\n>p2 move electrodrift\n>p1 switch 3\n>p1 move shellsmash\n>p2 move electrodrift\n>p1 switch 2\n>p1 move quiverdance\n>p2 move electrodrift\n>p1 move petaldance\n>p2 move electrodrift", "uploadtime": 1781415192, "views": 6, "formatid": "gen9randombattle", "rating": null, "private": 0, "password": null}