{"id": "gen9randombattle-2631802988", "format": "[Gen 9] Random Battle", "players": ["afmahi", "JayClaw"], "log": "|j|\u203dafmahi\n|j|\u2606JayClaw\n|t:|1781441914\n|gametype|singles\n|player|p1|afmahi|lucas|1961\n|player|p2|JayClaw|red|2021\n|gen|9\n|tier|[Gen 9] Random Battle\n|rated|\n|rule|Species Clause: Limit one of each Pok\u00e9mon\n|rule|HP Percentage Mod: HP is shown in percentages\n|rule|Sleep Clause Mod: Limit one foe put to sleep\n|rule|Illusion Level Mod: Illusion disguises the Pok\u00e9mon's true level\n|\n|t:|1781441914\n|teamsize|p1|6\n|teamsize|p2|6\n|start\n|switch|p1a: Flareon|Flareon, L90, M|263/263\n|switch|p2a: Keldeo|Keldeo-Resolute, L79|273/273\n|turn|1\n|inactive|Battle timer is ON: inactive players will automatically lose when time's up. (requested by afmahi)\n|\n|t:|1781441930\n|move|p2a: Keldeo|Secret Sword|p1a: Flareon\n|-damage|p1a: Flareon|151/263\n|move|p1a: Flareon|Trailblaze|p2a: Keldeo\n|-supereffective|p2a: Keldeo\n|-damage|p2a: Keldeo|159/273\n|-boost|p1a: Flareon|spe|1\n|\n|-heal|p2a: Keldeo|176/273|[from] item: Leftovers\n|-status|p1a: Flareon|tox|[from] item: Toxic Orb\n|upkeep\n|turn|2\n|\n|t:|1781441946\n|-terastallize|p2a: Keldeo|Steel\n|move|p1a: Flareon|Facade|p2a: Keldeo\n|-resisted|p2a: Keldeo\n|-damage|p2a: Keldeo|71/273\n|move|p2a: Keldeo|Surf|p1a: Flareon\n|-supereffective|p1a: Flareon\n|-damage|p1a: Flareon|0 fnt\n|faint|p1a: Flareon\n|\n|-heal|p2a: Keldeo|88/273|[from] item: Leftovers\n|upkeep\n|\n|t:|1781441963\n|switch|p1a: Kleavor|Kleavor, L78, F|237/237\n|turn|3\n|\n|t:|1781441968\n|move|p1a: Kleavor|Close Combat|p2a: Keldeo\n|-supereffective|p2a: Keldeo\n|-damage|p2a: Keldeo|0 fnt\n|-unboost|p1a: Kleavor|def|1\n|-unboost|p1a: Kleavor|spd|1\n|faint|p2a: Keldeo\n|\n|upkeep\n|\n|t:|1781441987\n|switch|p2a: Meganium|Meganium, L90, F|290/290\n|turn|4\n|\n|t:|1781442007\n|switch|p1a: Qwilfish|Qwilfish-Hisui, L83, F|244/244\n|-ability|p1a: Qwilfish|Intimidate|boost\n|-unboost|p2a: Meganium|atk|1\n|move|p2a: Meganium|Swords Dance|p2a: Meganium\n|-boost|p2a: Meganium|atk|2\n|\n|upkeep\n|turn|5\n|\n|t:|1781442014\n|move|p2a: Meganium|Earthquake|p1a: Qwilfish\n|-supereffective|p1a: Qwilfish\n|-damage|p1a: Qwilfish|96/244\n|move|p1a: Qwilfish|Gunk Shot|p2a: Meganium|[miss]\n|-miss|p1a: Qwilfish|p2a: Meganium\n|\n|upkeep\n|turn|6\n|\n|t:|1781442022\n|-terastallize|p1a: Qwilfish|Flying\n|move|p2a: Meganium|Earthquake|p1a: Qwilfish\n|-immune|p1a: Qwilfish\n|move|p1a: Qwilfish|Gunk Shot|p2a: Meganium\n|-supereffective|p2a: Meganium\n|-damage|p2a: Meganium|74/290\n|\n|-heal|p2a: Meganium|92/290|[from] item: Leftovers\n|upkeep\n|turn|7\n|\n|t:|1781442035\n|move|p2a: Meganium|Knock Off|p1a: Qwilfish\n|-damage|p1a: Qwilfish|29/244\n|-enditem|p1a: Qwilfish|Eviolite|[from] move: Knock Off|[of] p2a: Meganium\n|move|p1a: Qwilfish|Gunk Shot|p2a: Meganium\n|-supereffective|p2a: Meganium\n|-damage|p2a: Meganium|0 fnt\n|faint|p2a: Meganium\n|\n|upkeep\n|\n|t:|1781442047\n|switch|p2a: Pachirisu|Pachirisu, L96, M|271/271\n|turn|8\n|\n|t:|1781442057\n|move|p2a: Pachirisu|Thunderbolt|p1a: Qwilfish\n|-supereffective|p1a: Qwilfish\n|-damage|p1a: Qwilfish|0 fnt\n|faint|p1a: Qwilfish\n|\n|upkeep\n|\n|t:|1781442064\n|switch|p1a: Kleavor|Kleavor, L78, F|237/237\n|turn|9\n|\n|t:|1781442068\n|move|p1a: Kleavor|Stone Axe|p2a: Pachirisu\n|-damage|p2a: Pachirisu|151/271\n|-sidestart|p2: JayClaw|move: Stealth Rock\n|move|p2a: Pachirisu|Nuzzle|p1a: Kleavor\n|-damage|p1a: Kleavor|218/237\n|-status|p1a: Kleavor|par\n|\n|upkeep\n|turn|10\n|\n|t:|1781442077\n|move|p2a: Pachirisu|Thunderbolt|p1a: Kleavor\n|-damage|p1a: Kleavor|128/237 par\n|move|p1a: Kleavor|Stone Axe|p2a: Pachirisu\n|-damage|p2a: Pachirisu|31/271\n|\n|upkeep\n|turn|11\n|\n|t:|1781442086\n|move|p2a: Pachirisu|Thunderbolt|p1a: Kleavor\n|-damage|p1a: Kleavor|41/237 par\n|cant|p1a: Kleavor|par\n|\n|upkeep\n|turn|12\n|\n|t:|1781442090\n|move|p2a: Pachirisu|Thunderbolt|p1a: Kleavor\n|-damage|p1a: Kleavor|0 fnt\n|faint|p1a: Kleavor\n|\n|upkeep\n|\n|t:|1781442102\n|switch|p1a: Medicham|Medicham, L86, M|243/243\n|turn|13\n|\n|t:|1781442107\n|move|p1a: Medicham|Bullet Punch|p2a: Pachirisu\n|-resisted|p2a: Pachirisu\n|-damage|p2a: Pachirisu|0 fnt\n|faint|p2a: Pachirisu\n|\n|upkeep\n|\n|t:|1781442123\n|switch|p2a: Zangoose|Zangoose, L85, F|263/263\n|-damage|p2a: Zangoose|231/263|[from] Stealth Rock\n|turn|14\n|\n|t:|1781442127\n|switch|p1a: Torkoal|Torkoal, L88, F|266/266\n|-weather|SunnyDay|[from] ability: Drought|[of] p1a: Torkoal\n|move|p2a: Zangoose|Swords Dance|p2a: Zangoose\n|-boost|p2a: Zangoose|atk|2\n|\n|-weather|SunnyDay|[upkeep]\n|-status|p2a: Zangoose|tox|[from] item: Toxic Orb\n|upkeep\n|turn|15\n|\n|t:|1781442134\n|move|p2a: Zangoose|Facade|p1a: Torkoal\n|-damage|p1a: Torkoal|0 fnt\n|faint|p1a: Torkoal\n|\n|-weather|SunnyDay|[upkeep]\n|-damage|p2a: Zangoose|215/263 tox|[from] psn\n|upkeep\n|\n|t:|1781442143\n|switch|p1a: Haxorus|Haxorus, L77, F|244/244\n|-ability|p1a: Haxorus|Mold Breaker\n|turn|16\n|\n|t:|1781442149\n|move|p2a: Zangoose|Facade|p1a: Haxorus\n|-damage|p1a: Haxorus|0 fnt\n|faint|p1a: Haxorus\n|\n|-weather|SunnyDay|[upkeep]\n|-damage|p2a: Zangoose|183/263 tox|[from] psn\n|upkeep\n|\n|t:|1781442151\n|switch|p1a: Medicham|Medicham, L86, M|243/243\n|turn|17\n|\n|t:|1781442154\n|move|p1a: Medicham|Bullet Punch|p2a: Zangoose\n|-damage|p2a: Zangoose|98/263 tox\n|move|p2a: Zangoose|Facade|p1a: Medicham\n|-damage|p1a: Medicham|0 fnt\n|faint|p1a: Medicham\n|\n|win|JayClaw\n", "inputlog": ">version a8376a258c1d4662feba110a92103f3664a72141\n>start {\"formatid\":\"gen9randombattle\",\"seed\":\"sodium,c6e9357269aff8ec36f5a71da21ed88a\",\"rated\":\"Rated battle\"}\n>player p1 {\"name\":\"afmahi\",\"avatar\":\"lucas\",\"rating\":1961,\"seed\":\"sodium,61d92a7010aa4e91fb402a2f99e10099\"}\n>player p2 {\"name\":\"JayClaw\",\"avatar\":\"red\",\"rating\":2021,\"seed\":\"sodium,b777398c55828a2ed8d8026014fd4fa3\"}\n>p1 move trailblaze\n>p2 move secretsword\n>p1 move facade\n>p2 move surf terastallize\n>p1 switch 6\n>p1 move closecombat\n>p2 move surf\n>p2 switch 2\n>p1 switch 3\n>p2 move swordsdance\n>p1 move gunkshot\n>p2 move earthquake\n>p1 move gunkshot terastallize\n>p2 move earthquake\n>p1 move gunkshot\n>p2 move knockoff\n>p2 switch 4\n>p1 move toxicspikes\n>p2 move thunderbolt\n>p1 switch 3\n>p1 move stoneaxe\n>p2 move nuzzle\n>p1 move stoneaxe\n>p2 move thunderbolt\n>p1 move stoneaxe\n>p2 move thunderbolt\n>p1 move stoneaxe\n>p2 move thunderbolt\n>p1 switch 4\n>p1 move bulletpunch\n>p2 move nuzzle\n>p2 switch 6\n>p1 switch 5\n>p2 move swordsdance\n>p1 move lavaplume\n>p2 move facade\n>p1 switch 2\n>p1 move dragondance\n>p2 move facade\n>p1 switch 5\n>p1 move bulletpunch\n>p2 move facade", "uploadtime": 1781441916, "views": 5, "formatid": "gen9randombattle", "rating": null, "private": 0, "password": null}