{"id": "gen9randombattle-2631771091", "format": "[Gen 9] Random Battle", "players": ["AmroE13", "Zibabu"], "log": "|j|\u2606AmroE13\n|j|\u2606Zibabu\n|t:|1781437078\n|gametype|singles\n|player|p1|AmroE13|1|1947\n|player|p2|Zibabu|101|1985\n|gen|9\n|tier|[Gen 9] Random Battle\n|rated|\n|rule|Species Clause: Limit one of each Pok\u00e9mon\n|rule|HP Percentage Mod: HP is shown in percentages\n|rule|Sleep Clause Mod: Limit one foe put to sleep\n|rule|Illusion Level Mod: Illusion disguises the Pok\u00e9mon's true level\n|\n|t:|1781437078\n|teamsize|p1|6\n|teamsize|p2|6\n|start\n|switch|p1a: Oranguru|Oranguru, L92, M|315/315\n|switch|p2a: Snorlax|Snorlax, L82, M|397/397\n|turn|1\n|inactive|Battle timer is ON: inactive players will automatically lose when time's up. (requested by Zibabu)\n|\n|t:|1781437091\n|switch|p2a: Scream Tail|Scream Tail, L84|330/330\n|move|p1a: Oranguru|Nasty Plot|p1a: Oranguru\n|-boost|p1a: Oranguru|spa|2\n|\n|upkeep\n|turn|2\n|\n|t:|1781437104\n|switch|p1a: Dialga|Dialga-Origin, L73|266/266\n|-ability|p1a: Dialga|Pressure\n|move|p2a: Scream Tail|Thunder Wave|p1a: Dialga\n|-status|p1a: Dialga|par\n|\n|upkeep\n|turn|3\n|\n|t:|1781437120\n|-end|p2a: Scream Tail|Protosynthesis|[silent]\n|switch|p2a: Great Tusk|Great Tusk, L77|304/304\n|-enditem|p2a: Great Tusk|Booster Energy\n|-activate|p2a: Great Tusk|ability: Protosynthesis|[fromitem]\n|-start|p2a: Great Tusk|protosynthesisatk\n|cant|p1a: Dialga|par\n|\n|upkeep\n|turn|4\n|\n|t:|1781437129\n|switch|p1a: Jumpluff|Jumpluff, L87, M|271/271\n|move|p2a: Great Tusk|Earthquake|p1a: Jumpluff\n|-immune|p1a: Jumpluff\n|\n|upkeep\n|turn|5\n|\n|t:|1781437145\n|-end|p2a: Great Tusk|Protosynthesis|[silent]\n|switch|p2a: Scream Tail|Scream Tail, L84|330/330\n|move|p1a: Jumpluff|Sleep Powder|p2a: Scream Tail\n|-status|p2a: Scream Tail|slp|[from] move: Sleep Powder\n|\n|upkeep\n|turn|6\n|\n|t:|1781437160\n|switch|p1a: Meowscarada|Meowscarada, L78, M|247/247\n|-end|p2a: Scream Tail|Protosynthesis|[silent]\n|switch|p2a: Grumpig|Grumpig, L92, M|297/297\n|\n|upkeep\n|turn|7\n|\n|t:|1781437165\n|switch|p2a: Great Tusk|Great Tusk, L77|304/304\n|move|p1a: Meowscarada|Toxic Spikes|p2a: Great Tusk\n|-start|p1a: Meowscarada|typechange|Poison|[from] ability: Protean\n|-sidestart|p2: Zibabu|move: Toxic Spikes\n|\n|upkeep\n|turn|8\n|\n|t:|1781437173\n|switch|p1a: Jumpluff|Jumpluff, L87, M|271/271\n|move|p2a: Great Tusk|Rapid Spin|p1a: Jumpluff\n|-damage|p1a: Jumpluff|225/271\n|-boost|p2a: Great Tusk|spe|1\n|-sideend|p2: Zibabu|Toxic Spikes|[from] move: Rapid Spin|[of] p2a: Great Tusk\n|\n|upkeep\n|turn|9\n|\n|t:|1781437189\n|-end|p2a: Great Tusk|Protosynthesis|[silent]\n|switch|p2a: Grumpig|Grumpig, L92, M|297/297\n|move|p1a: Jumpluff|Acrobatics|p2a: Grumpig\n|-damage|p2a: Grumpig|212/297\n|\n|-heal|p2a: Grumpig|230/297|[from] item: Leftovers\n|upkeep\n|turn|10\n|\n|t:|1781437198\n|switch|p1a: Meowscarada|Meowscarada, L78, M|247/247\n|move|p2a: Grumpig|Nasty Plot|p2a: Grumpig\n|-boost|p2a: Grumpig|spa|2\n|\n|-heal|p2a: Grumpig|248/297|[from] item: Leftovers\n|upkeep\n|turn|11\n|\n|t:|1781437208\n|move|p1a: Meowscarada|Knock Off|p2a: Grumpig\n|-start|p1a: Meowscarada|typechange|Dark|[from] ability: Protean\n|-supereffective|p2a: Grumpig\n|-damage|p2a: Grumpig|0 fnt\n|-enditem|p2a: Grumpig|Leftovers|[from] move: Knock Off|[of] p1a: Meowscarada\n|faint|p2a: Grumpig\n|-damage|p1a: Meowscarada|223/247|[from] item: Life Orb\n|\n|upkeep\n|\n|t:|1781437218\n|switch|p2a: Zamazenta|Zamazenta, L71|248/248\n|-ability|p2a: Zamazenta|Dauntless Shield|boost\n|-boost|p2a: Zamazenta|def|1\n|turn|12\n|inactive|AmroE13 has 120 seconds left.\n|\n|t:|1781437254\n|switch|p1a: Jumpluff|Jumpluff, L87, M|225/271\n|move|p2a: Zamazenta|Stone Edge|p1a: Jumpluff\n|-supereffective|p1a: Jumpluff\n|-damage|p1a: Jumpluff|17/271\n|\n|upkeep\n|turn|13\n|inactive|AmroE13 has 120 seconds left.\n|\n|t:|1781437262\n|move|p1a: Jumpluff|Strength Sap|p2a: Zamazenta\n|-unboost|p2a: Zamazenta|atk|1\n|-heal|p1a: Jumpluff|229/271\n|move|p2a: Zamazenta|Stone Edge|p1a: Jumpluff\n|-supereffective|p1a: Jumpluff\n|-damage|p1a: Jumpluff|91/271\n|\n|upkeep\n|turn|14\n|\n|t:|1781437272\n|move|p1a: Jumpluff|Strength Sap|p2a: Zamazenta\n|-unboost|p2a: Zamazenta|atk|1\n|-heal|p1a: Jumpluff|232/271\n|move|p2a: Zamazenta|Stone Edge|p1a: Jumpluff\n|-supereffective|p1a: Jumpluff\n|-damage|p1a: Jumpluff|128/271\n|\n|upkeep\n|turn|15\n|\n|t:|1781437279\n|move|p1a: Jumpluff|Strength Sap|p2a: Zamazenta\n|-unboost|p2a: Zamazenta|atk|1\n|-heal|p1a: Jumpluff|234/271\n|move|p2a: Zamazenta|Stone Edge|p1a: Jumpluff\n|-supereffective|p1a: Jumpluff\n|-damage|p1a: Jumpluff|148/271\n|\n|upkeep\n|turn|16\n|\n|t:|1781437288\n|switch|p1a: Mudsdale|Mudsdale, L83, M|302/302\n|switch|p2a: Hydrapple|Hydrapple, L83, M|312/312\n|\n|upkeep\n|turn|17\n|\n|t:|1781437301\n|switch|p1a: Dialga|Dialga-Origin, L73|266/266 par\n|-ability|p1a: Dialga|Pressure\n|move|p2a: Hydrapple|Nasty Plot|p2a: Hydrapple\n|-boost|p2a: Hydrapple|spa|2\n|\n|upkeep\n|turn|18\n|\n|t:|1781437308\n|move|p2a: Hydrapple|Earth Power|p1a: Dialga\n|-supereffective|p1a: Dialga\n|-crit|p1a: Dialga\n|-damage|p1a: Dialga|0 fnt\n|faint|p1a: Dialga\n|\n|upkeep\n|\n|t:|1781437312\n|switch|p1a: Meowscarada|Meowscarada, L78, M|223/247\n|turn|19\n|\n|t:|1781437317\n|-terastallize|p2a: Hydrapple|Steel\n|move|p1a: Meowscarada|Triple Axel|p2a: Hydrapple|[miss]\n|-start|p1a: Meowscarada|typechange|Ice|[from] ability: Protean\n|-miss|p1a: Meowscarada|p2a: Hydrapple\n|move|p2a: Hydrapple|Fickle Beam|p1a: Meowscarada\n|-damage|p1a: Meowscarada|0 fnt\n|faint|p1a: Meowscarada\n|\n|upkeep\n|\n|t:|1781437323\n|switch|p1a: Mudsdale|Mudsdale, L83, M|302/302\n|turn|20\n|\n|t:|1781437332\n|switch|p1a: Jumpluff|Jumpluff, L87, M|148/271\n|move|p2a: Hydrapple|Fickle Beam|p1a: Jumpluff|[anim] Fickle Beam All Out\n|-activate|p2a: Hydrapple|move: Fickle Beam\n|-damage|p1a: Jumpluff|0 fnt\n|faint|p1a: Jumpluff\n|\n|upkeep\n|\n|t:|1781437339\n|switch|p1a: Typhlosion|Typhlosion-Hisui, L83, F|257/257\n|turn|21\n|\n|t:|1781437345\n|switch|p2a: Scream Tail|Scream Tail, L84|330/330 slp\n|-terastallize|p1a: Typhlosion|Fire\n|move|p1a: Typhlosion|Eruption|p2a: Scream Tail\n|-damage|p2a: Scream Tail|8/330 slp\n|\n|-heal|p2a: Scream Tail|28/330 slp|[from] item: Leftovers\n|upkeep\n|turn|22\n|\n|t:|1781437356\n|cant|p2a: Scream Tail|slp\n|move|p1a: Typhlosion|Eruption|p2a: Scream Tail\n|-damage|p2a: Scream Tail|0 fnt\n|faint|p2a: Scream Tail\n|-end|p2a: Scream Tail|Protosynthesis|[silent]\n|\n|upkeep\n|\n|t:|1781437359\n|switch|p2a: Snorlax|Snorlax, L82, M|397/397\n|turn|23\n|\n|t:|1781437366\n|switch|p1a: Mudsdale|Mudsdale, L83, M|302/302\n|move|p2a: Snorlax|Body Slam|p1a: Mudsdale\n|-damage|p1a: Mudsdale|218/302\n|-ability|p1a: Mudsdale|Stamina|boost\n|-boost|p1a: Mudsdale|def|1\n|\n|-heal|p1a: Mudsdale|236/302|[from] item: Leftovers\n|upkeep\n|turn|24\n|\n|t:|1781437377\n|switch|p1a: Typhlosion|Typhlosion-Hisui, L83, F, tera:Fire|257/257\n|switch|p2a: Great Tusk|Great Tusk, L77|304/304\n|\n|upkeep\n|turn|25\n|\n|t:|1781437390\n|move|p1a: Typhlosion|Eruption|p2a: Great Tusk\n|-damage|p2a: Great Tusk|0 fnt\n|faint|p2a: Great Tusk\n|-end|p2a: Great Tusk|Protosynthesis|[silent]\n|\n|upkeep\n|\n|t:|1781437393\n|switch|p2a: Snorlax|Snorlax, L82, M|397/397\n|turn|26\n|\n|t:|1781437411\n|switch|p1a: Mudsdale|Mudsdale, L83, M|236/302\n|move|p2a: Snorlax|Body Slam|p1a: Mudsdale\n|-damage|p1a: Mudsdale|152/302\n|-status|p1a: Mudsdale|par\n|-ability|p1a: Mudsdale|Stamina|boost\n|-boost|p1a: Mudsdale|def|1\n|\n|-heal|p1a: Mudsdale|170/302 par|[from] item: Leftovers\n|upkeep\n|turn|27\n|\n|t:|1781437418\n|switch|p2a: Zamazenta|Zamazenta, L71|248/248\n|move|p1a: Mudsdale|Earthquake|p2a: Zamazenta\n|-damage|p2a: Zamazenta|124/248\n|\n|-heal|p1a: Mudsdale|188/302 par|[from] item: Leftovers\n|upkeep\n|turn|28\n|\n|t:|1781437425\n|move|p2a: Zamazenta|Close Combat|p1a: Mudsdale\n|-damage|p1a: Mudsdale|92/302 par\n|-unboost|p2a: Zamazenta|def|1\n|-unboost|p2a: Zamazenta|spd|1\n|-ability|p1a: Mudsdale|Stamina|boost\n|-boost|p1a: Mudsdale|def|1\n|move|p1a: Mudsdale|Earthquake|p2a: Zamazenta\n|-damage|p2a: Zamazenta|0 fnt\n|faint|p2a: Zamazenta\n|\n|-heal|p1a: Mudsdale|110/302 par|[from] item: Leftovers\n|upkeep\n|\n|t:|1781437428\n|switch|p2a: Hydrapple|Hydrapple, L83, M, tera:Steel|312/312\n|turn|29\n|\n|t:|1781437440\n|move|p2a: Hydrapple|Fickle Beam|p1a: Mudsdale\n|-damage|p1a: Mudsdale|7/302 par\n|-ability|p1a: Mudsdale|Stamina|boost\n|-boost|p1a: Mudsdale|def|1\n|move|p1a: Mudsdale|Earthquake|p2a: Hydrapple\n|-supereffective|p2a: Hydrapple\n|-damage|p2a: Hydrapple|100/312\n|\n|-heal|p2a: Hydrapple|119/312|[from] item: Leftovers\n|-heal|p1a: Mudsdale|25/302 par|[from] item: Leftovers\n|upkeep\n|turn|30\n|\n|t:|1781437447\n|move|p2a: Hydrapple|Recover|p2a: Hydrapple\n|-heal|p2a: Hydrapple|275/312\n|move|p1a: Mudsdale|Earthquake|p2a: Hydrapple\n|-supereffective|p2a: Hydrapple\n|-damage|p2a: Hydrapple|69/312\n|\n|-heal|p2a: Hydrapple|88/312|[from] item: Leftovers\n|-heal|p1a: Mudsdale|43/302 par|[from] item: Leftovers\n|upkeep\n|turn|31\n|\n|t:|1781437450\n|move|p2a: Hydrapple|Recover|p2a: Hydrapple\n|-heal|p2a: Hydrapple|244/312\n|cant|p1a: Mudsdale|par\n|\n|-heal|p2a: Hydrapple|263/312|[from] item: Leftovers\n|-heal|p1a: Mudsdale|61/302 par|[from] item: Leftovers\n|upkeep\n|turn|32\n|\n|t:|1781437452\n|move|p2a: Hydrapple|Fickle Beam|p1a: Mudsdale\n|-damage|p1a: Mudsdale|0 fnt\n|faint|p1a: Mudsdale\n|\n|-heal|p2a: Hydrapple|282/312|[from] item: Leftovers\n|upkeep\n|\n|t:|1781437458\n|switch|p1a: Oranguru|Oranguru, L92, M|315/315\n|turn|33\n|\n|t:|1781437461\n|move|p1a: Oranguru|Nasty Plot|p1a: Oranguru\n|-boost|p1a: Oranguru|spa|2\n|move|p2a: Hydrapple|Nasty Plot|p2a: Hydrapple\n|-boost|p2a: Hydrapple|spa|2\n|\n|-heal|p2a: Hydrapple|301/312|[from] item: Leftovers\n|upkeep\n|turn|34\n|\n|t:|1781437464\n|move|p1a: Oranguru|Focus Blast|p2a: Hydrapple\n|-supereffective|p2a: Hydrapple\n|-damage|p2a: Hydrapple|0 fnt\n|faint|p2a: Hydrapple\n|\n|upkeep\n|\n|t:|1781437467\n|switch|p2a: Snorlax|Snorlax, L82, M|397/397\n|turn|35\n|\n|t:|1781437470\n|move|p1a: Oranguru|Focus Blast|p2a: Snorlax\n|-supereffective|p2a: Snorlax\n|-damage|p2a: Snorlax|45/397\n|move|p2a: Snorlax|Body Slam|p1a: Oranguru\n|-damage|p1a: Oranguru|215/315\n|\n|-heal|p1a: Oranguru|234/315|[from] item: Leftovers\n|-heal|p2a: Snorlax|69/397|[from] item: Leftovers\n|upkeep\n|turn|36\n|inactive|AmroE13 has 120 seconds left.\n|inactive|AmroE13 has 90 seconds left.\n|\n|t:|1781437539\n|move|p1a: Oranguru|Psychic|p2a: Snorlax\n|-damage|p2a: Snorlax|0 fnt\n|faint|p2a: Snorlax\n|\n|win|AmroE13\n", "inputlog": ">version a8376a258c1d4662feba110a92103f3664a72141\n>start {\"formatid\":\"gen9randombattle\",\"seed\":\"sodium,c55d13f1b9ee45c61b7809f7ac386c3c\",\"rated\":\"Rated battle\"}\n>player p1 {\"name\":\"AmroE13\",\"avatar\":\"1\",\"rating\":1947,\"seed\":\"sodium,2506ef3487432a6dbdde3df77dc6015b\"}\n>player p2 {\"name\":\"Zibabu\",\"avatar\":\"101\",\"rating\":1985,\"seed\":\"sodium,5508b53d52ca0c28a205f4c12ee2db52\"}\n>p1 move nastyplot\n>p2 switch 6\n>p1 switch 2\n>p2 move thunderwave\n>p1 move thunderwave\n>p2 switch 4\n>p1 switch 3\n>p2 move earthquake\n>p1 move sleeppowder\n>p2 switch 4\n>p1 switch 6\n>p2 switch 5\n>p1 move toxicspikes\n>p2 switch 4\n>p1 switch 6\n>p2 move rapidspin\n>p1 move acrobatics\n>p2 switch 4\n>p1 switch 6\n>p2 move nastyplot\n>p1 move knockoff\n>p2 move dazzlinggleam\n>p2 switch 2\n>p1 switch 6\n>p2 move stoneedge\n>p1 move strengthsap\n>p2 move stoneedge\n>p1 move strengthsap\n>p2 move stoneedge\n>p1 move strengthsap\n>p2 move stoneedge\n>p1 switch 4\n>p2 switch 3\n>p1 switch 3\n>p2 move nastyplot\n>p1 move dracometeor\n>p2 move earthpower\n>p1 switch 6\n>p1 move tripleaxel\n>p2 move ficklebeam terastallize\n>p1 switch 3\n>p1 switch 4\n>p2 move ficklebeam\n>p1 switch 5\n>p1 move eruption terastallize\n>p2 switch 5\n>p1 move eruption\n>p2 move thunderwave\n>p2 switch 6\n>p1 switch 4\n>p2 move bodyslam\n>p1 switch 4\n>p2 switch 4\n>p1 move eruption\n>p2 move closecombat\n>p2 switch 4\n>p1 switch 4\n>p2 move bodyslam\n>p1 move earthquake\n>p2 switch 3\n>p1 move earthquake\n>p2 move closecombat\n>p2 switch 5\n>p1 move earthquake\n>p2 move ficklebeam\n>p1 move earthquake\n>p2 move recover\n>p1 move earthquake\n>p2 move recover\n>p1 move earthquake\n>p2 move ficklebeam\n>p1 switch 2\n>p1 move nastyplot\n>p2 move nastyplot\n>p1 move focusblast\n>p2 move ficklebeam\n>p2 switch 3\n>p1 move focusblast\n>p2 move bodyslam\n>p1 move psychic\n>p2 move rest", "uploadtime": 1781437080, "views": 7, "formatid": "gen9randombattle", "rating": null, "private": 0, "password": null}