{"id": "gen9randombattle-2631569942", "format": "[Gen 9] Random Battle", "players": ["7sette7", "blodtxn"], "log": "|j|\u26067sette7\n|j|\u2606blodtxn\n|t:|1781402701\n|gametype|singles\n|player|p1|7sette7|2|1118\n|player|p2|blodtxn|cynthia|1138\n|gen|9\n|tier|[Gen 9] Random Battle\n|rated|\n|rule|Species Clause: Limit one of each Pok\u00e9mon\n|rule|HP Percentage Mod: HP is shown in percentages\n|rule|Sleep Clause Mod: Limit one foe put to sleep\n|rule|Illusion Level Mod: Illusion disguises the Pok\u00e9mon's true level\n|\n|t:|1781402701\n|teamsize|p1|6\n|teamsize|p2|6\n|start\n|switch|p1a: Garchomp|Garchomp, L74, F|282/282\n|switch|p2a: Urshifu|Urshifu, L74, F|270/270\n|turn|1\n|inactive|Battle timer is ON: inactive players will automatically lose when time's up. (requested by blodtxn)\n|\n|t:|1781402730\n|switch|p2a: Hippowdon|Hippowdon, L82, M|311/311\n|-weather|Sandstorm|[from] ability: Sand Stream|[of] p2a: Hippowdon\n|move|p1a: Garchomp|Swords Dance|p1a: Garchomp\n|-boost|p1a: Garchomp|atk|2\n|\n|-weather|Sandstorm|[upkeep]\n|upkeep\n|turn|2\n|\n|t:|1781402748\n|move|p1a: Garchomp|Scale Shot|p2a: Hippowdon\n|-crit|p2a: Hippowdon\n|-damage|p2a: Hippowdon|242/311\n|-damage|p2a: Hippowdon|200/311\n|-damage|p2a: Hippowdon|154/311\n|-damage|p2a: Hippowdon|112/311\n|-hitcount|p2a: Hippowdon|4\n|-unboost|p1a: Garchomp|def|1\n|-boost|p1a: Garchomp|spe|1\n|move|p2a: Hippowdon|Earthquake|p1a: Garchomp\n|-damage|p1a: Garchomp|104/282\n|\n|-weather|Sandstorm|[upkeep]\n|-heal|p2a: Hippowdon|131/311|[from] item: Leftovers\n|upkeep\n|turn|3\n|\n|t:|1781402762\n|move|p1a: Garchomp|Earthquake|p2a: Hippowdon\n|-damage|p2a: Hippowdon|0 fnt\n|faint|p2a: Hippowdon\n|\n|-weather|Sandstorm|[upkeep]\n|upkeep\n|\n|t:|1781402767\n|switch|p2a: Iron Bundle|Iron Bundle, L78|215/215\n|turn|4\n|\n|t:|1781402778\n|move|p1a: Garchomp|Earthquake|p2a: Iron Bundle\n|-damage|p2a: Iron Bundle|46/215\n|move|p2a: Iron Bundle|Freeze-Dry|p1a: Garchomp\n|-supereffective|p1a: Garchomp\n|-damage|p1a: Garchomp|0 fnt\n|faint|p1a: Garchomp\n|\n|-weather|Sandstorm|[upkeep]\n|-damage|p2a: Iron Bundle|33/215|[from] Sandstorm\n|upkeep\n|inactive|7sette7 has 120 seconds left.\n|\n|t:|1781402809\n|switch|p1a: Magcargo|Magcargo, L95, F|268/268\n|turn|5\n|inactive|7sette7 has 120 seconds left.\n|\n|t:|1781402817\n|move|p2a: Iron Bundle|Hydro Pump|p1a: Magcargo\n|-supereffective|p1a: Magcargo\n|-damage|p1a: Magcargo|0 fnt\n|faint|p1a: Magcargo\n|\n|-weather|none\n|upkeep\n|\n|t:|1781402820\n|switch|p1a: Golduck|Golduck, L90, M|290/290\n|-ability|p1a: Golduck|Cloud Nine\n|turn|6\n|\n|t:|1781402832\n|move|p2a: Iron Bundle|Freeze-Dry|p1a: Golduck\n|-supereffective|p1a: Golduck\n|-damage|p1a: Golduck|132/290\n|move|p1a: Golduck|Grass Knot|p2a: Iron Bundle\n|-supereffective|p2a: Iron Bundle\n|-damage|p2a: Iron Bundle|0 fnt\n|faint|p2a: Iron Bundle\n|-end|p2a: Iron Bundle|Quark Drive|[silent]\n|-damage|p1a: Golduck|103/290|[from] item: Life Orb\n|\n|upkeep\n|\n|t:|1781402838\n|switch|p2a: Amoonguss|Amoonguss, L82, M|321/321\n|turn|7\n|\n|t:|1781402844\n|move|p1a: Golduck|Ice Beam|p2a: Amoonguss\n|-supereffective|p2a: Amoonguss\n|-damage|p2a: Amoonguss|113/321\n|-damage|p1a: Golduck|74/290|[from] item: Life Orb\n|move|p2a: Amoonguss|Giga Drain|p1a: Golduck\n|-supereffective|p1a: Golduck\n|-damage|p1a: Golduck|0 fnt\n|-heal|p2a: Amoonguss|150/321|[from] drain|[of] p1a: Golduck\n|faint|p1a: Golduck\n|\n|-heal|p2a: Amoonguss|170/321|[from] item: Leftovers\n|upkeep\n|\n|t:|1781402853\n|switch|p1a: Vivillon|Vivillon-Sun, L83, M|268/268\n|turn|8\n|\n|t:|1781402863\n|move|p1a: Vivillon|Hurricane|p2a: Amoonguss\n|-supereffective|p2a: Amoonguss\n|-crit|p2a: Amoonguss\n|-damage|p2a: Amoonguss|0 fnt\n|faint|p2a: Amoonguss\n|\n|upkeep\n|\n|t:|1781402869\n|switch|p2a: Noivern|Noivern, L82, F|274/274\n|turn|9\n|\n|t:|1781402876\n|move|p2a: Noivern|Flamethrower|p1a: Vivillon\n|-supereffective|p1a: Vivillon\n|-damage|p1a: Vivillon|96/268\n|-status|p1a: Vivillon|brn\n|move|p1a: Vivillon|Sleep Powder|p2a: Noivern\n|-status|p2a: Noivern|slp|[from] move: Sleep Powder\n|\n|-damage|p1a: Vivillon|80/268 brn|[from] brn\n|upkeep\n|turn|10\n|\n|t:|1781402887\n|cant|p2a: Noivern|slp\n|move|p1a: Vivillon|Quiver Dance|p1a: Vivillon\n|-boost|p1a: Vivillon|spa|1\n|-boost|p1a: Vivillon|spd|1\n|-boost|p1a: Vivillon|spe|1\n|\n|-damage|p1a: Vivillon|64/268 brn|[from] brn\n|upkeep\n|turn|11\n|\n|t:|1781402895\n|move|p1a: Vivillon|Hurricane|p2a: Noivern\n|-damage|p2a: Noivern|97/274 slp\n|-start|p2a: Noivern|confusion\n|cant|p2a: Noivern|slp\n|\n|-damage|p1a: Vivillon|48/268 brn|[from] brn\n|upkeep\n|turn|12\n|\n|t:|1781402904\n|move|p1a: Vivillon|Hurricane|p2a: Noivern|[miss]\n|-miss|p1a: Vivillon|p2a: Noivern\n|-curestatus|p2a: Noivern|slp|[msg]\n|-activate|p2a: Noivern|confusion\n|-damage|p2a: Noivern|78/274|[from] confusion\n|\n|-damage|p1a: Vivillon|32/268 brn|[from] brn\n|upkeep\n|turn|13\n|\n|t:|1781402914\n|move|p1a: Vivillon|Hurricane|p2a: Noivern|[miss]\n|-miss|p1a: Vivillon|p2a: Noivern\n|-activate|p2a: Noivern|confusion\n|-damage|p2a: Noivern|61/274|[from] confusion\n|\n|-damage|p1a: Vivillon|16/268 brn|[from] brn\n|upkeep\n|turn|14\n|\n|t:|1781402922\n|move|p1a: Vivillon|Hurricane|p2a: Noivern\n|-damage|p2a: Noivern|0 fnt\n|faint|p2a: Noivern\n|\n|-damage|p1a: Vivillon|0 fnt|[from] brn\n|faint|p1a: Vivillon\n|upkeep\n|\n|t:|1781402932\n|switch|p2a: Walking Wake|Walking Wake, L79|286/286\n|switch|p1a: Kilowattrel|Kilowattrel, L83, F|252/252\n|turn|15\n|\n|t:|1781402946\n|-terastallize|p2a: Walking Wake|Fire\n|move|p1a: Kilowattrel|Discharge|p2a: Walking Wake\n|-damage|p2a: Walking Wake|193/286\n|move|p2a: Walking Wake|Sunny Day|p2a: Walking Wake\n|-weather|SunnyDay\n|-activate|p2a: Walking Wake|ability: Protosynthesis\n|-start|p2a: Walking Wake|protosynthesisspa\n|\n|-weather|SunnyDay|[upkeep]\n|upkeep\n|turn|16\n|\n|t:|1781402970\n|move|p1a: Kilowattrel|Discharge|p2a: Walking Wake\n|-damage|p2a: Walking Wake|100/286\n|move|p2a: Walking Wake|Hydro Steam|p1a: Kilowattrel\n|-crit|p1a: Kilowattrel\n|-damage|p1a: Kilowattrel|0 fnt\n|faint|p1a: Kilowattrel\n|-damage|p2a: Walking Wake|72/286|[from] item: Life Orb\n|\n|-weather|SunnyDay|[upkeep]\n|upkeep\n|\n|t:|1781402976\n|switch|p1a: Slaking|Slaking, L84, M|389/389\n|turn|17\n|inactive|7sette7 has 120 seconds left.\n|\n|t:|1781403001\n|-terastallize|p1a: Slaking|Normal\n|move|p2a: Walking Wake|Hydro Steam|p1a: Slaking\n|-damage|p1a: Slaking|91/389\n|-damage|p2a: Walking Wake|44/286|[from] item: Life Orb\n|move|p1a: Slaking|Giga Impact|p2a: Walking Wake|[miss]\n|-miss|p1a: Slaking|p2a: Walking Wake\n|\n|-weather|SunnyDay|[upkeep]\n|upkeep\n|turn|18\n|inactive|7sette7 has 120 seconds left.\n|-message|7sette7 forfeited.\n|\n|win|blodtxn\n|raw|7sette7's rating: 1118 &rarr; <strong>1094</strong><br />(-24 for losing)\n|raw|blodtxn's rating: 1138 &rarr; <strong>1162</strong><br />(+24 for winning)\n|l|\u26067sette7\n|player|p1|\n", "inputlog": ">version a8376a258c1d4662feba110a92103f3664a72141\n>start {\"formatid\":\"gen9randombattle\",\"seed\":\"sodium,34309012a5b9a20426cebf8d4ead3015\",\"rated\":\"Rated battle\"}\n>player p1 {\"name\":\"7sette7\",\"avatar\":\"2\",\"rating\":1118,\"seed\":\"sodium,0b769bb4de307e90ec243468f10ff1c5\"}\n>player p2 {\"name\":\"blodtxn\",\"avatar\":\"cynthia\",\"rating\":1138,\"seed\":\"sodium,e422eea84169d32e8c5661340b5c4b22\"}\n>p1 move swordsdance\n>p2 switch 3\n>p1 move scaleshot\n>p2 move earthquake\n>p1 move earthquake\n>p2 move slackoff\n>p2 switch 2\n>p1 move earthquake\n>p2 move freezedry\n>p1 switch 6\n>p1 move lavaplume\n>p2 move hydropump\n>p1 switch 3\n>p1 move grassknot\n>p2 move freezedry\n>p2 switch 5\n>p1 move icebeam\n>p2 move gigadrain\n>p1 switch 2\n>p1 move hurricane\n>p2 move spore\n>p2 switch 4\n>p1 move sleeppowder\n>p2 move flamethrower\n>p1 move quiverdance\n>p2 move flamethrower\n>p1 move hurricane\n>p2 move flamethrower\n>p1 move hurricane\n>p2 move flamethrower\n>p1 move hurricane\n>p2 move flamethrower\n>p1 move hurricane\n>p2 move flamethrower\n>p1 switch 4\n>p2 switch 6\n>p1 move discharge\n>p2 move sunnyday terastallize\n>p1 move discharge\n>p2 move hydrosteam\n>p1 switch 5\n>p1 move gigaimpact terastallize\n>p2 move hydrosteam\n>forcelose p1", "uploadtime": 1781403020, "views": 7, "formatid": "gen9randombattle", "rating": 1094, "private": 0, "password": null}