{"id": "gen9randombattle-2631929157", "format": "[Gen 9] Random Battle", "players": ["Pepe Zombi", "Gaaraks"], "log": "|j|\u2606Pepe Zombi\n|j|\u2606Gaaraks\n|t:|1781456706\n|gametype|singles\n|player|p1|Pepe Zombi|miku-ghost|2042\n|player|p2|Gaaraks|170|2068\n|gen|9\n|tier|[Gen 9] Random Battle\n|rated|\n|rule|Species Clause: Limit one of each Pok\u00e9mon\n|rule|HP Percentage Mod: HP is shown in percentages\n|rule|Sleep Clause Mod: Limit one foe put to sleep\n|rule|Illusion Level Mod: Illusion disguises the Pok\u00e9mon's true level\n|\n|t:|1781456706\n|teamsize|p1|6\n|teamsize|p2|6\n|start\n|switch|p1a: Virizion|Virizion, L82|283/283\n|switch|p2a: Muk|Muk, L86, M|321/321\n|turn|1\n|inactive|Battle timer is ON: inactive players will automatically lose when time's up. (requested by Pepe Zombi)\n|\n|t:|1781456714\n|switch|p1a: Registeel|Registeel, L81|262/262\n|move|p2a: Muk|Poison Jab|p1a: Registeel\n|-immune|p1a: Registeel\n|\n|upkeep\n|turn|2\n|\n|t:|1781456728\n|move|p2a: Muk|Knock Off|p1a: Registeel\n|-damage|p1a: Registeel|208/262\n|-enditem|p1a: Registeel|Leftovers|[from] move: Knock Off|[of] p2a: Muk\n|move|p1a: Registeel|Thunder Wave|p2a: Muk\n|-status|p2a: Muk|par\n|\n|upkeep\n|turn|3\n|\n|t:|1781456734\n|switch|p2a: Sandy Shocks|Sandy Shocks, L80|267/267\n|move|p1a: Registeel|Iron Defense|p1a: Registeel\n|-boost|p1a: Registeel|def|2\n|\n|upkeep\n|turn|4\n|\n|t:|1781456739\n|switch|p1a: Virizion|Virizion, L82|283/283\n|move|p2a: Sandy Shocks|Earth Power|p1a: Virizion\n|-resisted|p1a: Virizion\n|-damage|p1a: Virizion|244/283\n|\n|upkeep\n|turn|5\n|\n|t:|1781456742\n|move|p1a: Virizion|Swords Dance|p1a: Virizion\n|-boost|p1a: Virizion|atk|2\n|move|p2a: Sandy Shocks|Thunder Wave|p1a: Virizion\n|-status|p1a: Virizion|par\n|\n|upkeep\n|turn|6\n|\n|t:|1781456746\n|-end|p2a: Sandy Shocks|Protosynthesis|[silent]\n|switch|p2a: Muk|Muk, L86, M|321/321 par\n|move|p1a: Virizion|Leaf Blade|p2a: Muk\n|-resisted|p2a: Muk\n|-damage|p2a: Muk|194/321 par\n|-damage|p1a: Virizion|216/283 par|[from] item: Life Orb\n|\n|upkeep\n|turn|7\n|\n|t:|1781456748\n|move|p1a: Virizion|Stone Edge|p2a: Muk\n|-crit|p2a: Muk\n|-damage|p2a: Muk|0 fnt\n|faint|p2a: Muk\n|-damage|p1a: Virizion|188/283 par|[from] item: Life Orb\n|\n|upkeep\n|\n|t:|1781456752\n|switch|p2a: Swanna|Swanna, L89, M|278/278\n|turn|8\n|\n|t:|1781456758\n|move|p2a: Swanna|Brave Bird|p1a: Virizion\n|-supereffective|p1a: Virizion\n|-damage|p1a: Virizion|0 fnt\n|faint|p1a: Virizion\n|-damage|p2a: Swanna|216/278|[from] Recoil\n|\n|upkeep\n|\n|t:|1781456763\n|switch|p1a: Weavile|Weavile, L79, M|239/239\n|turn|9\n|\n|t:|1781456767\n|move|p1a: Weavile|Triple Axel|p2a: Swanna\n|-damage|p2a: Swanna|176/278\n|-hitcount|p2a: Swanna|1\n|move|p2a: Swanna|Flip Turn|p1a: Weavile\n|-damage|p1a: Weavile|155/239\n|\n|t:|1781456778\n|switch|p2a: Basculegion|Basculegion-F, L83, F|335/335|[from] Flip Turn\n|\n|upkeep\n|turn|10\n|\n|t:|1781456786\n|switch|p1a: Slowking|Slowking, L88, F|310/310\n|move|p2a: Basculegion|Wave Crash|p1a: Slowking\n|-resisted|p1a: Slowking\n|-damage|p1a: Slowking|230/310\n|-damage|p2a: Basculegion|309/335|[from] Recoil\n|\n|upkeep\n|turn|11\n|\n|t:|1781456793\n|move|p2a: Basculegion|Shadow Ball|p1a: Slowking\n|-supereffective|p1a: Slowking\n|-damage|p1a: Slowking|38/310\n|move|p1a: Slowking|Future Sight|p2a: Basculegion\n|-start|p1a: Slowking|move: Future Sight\n|\n|upkeep\n|turn|12\n|\n|t:|1781456804\n|switch|p1a: Noctowl|Noctowl, L95, M|344/344\n|move|p2a: Basculegion|Flip Turn|p1a: Noctowl\n|-damage|p1a: Noctowl|234/344\n|\n|t:|1781456809\n|switch|p2a: Sandy Shocks|Sandy Shocks, L80|267/267|[from] Flip Turn\n|\n|upkeep\n|turn|13\n|\n|t:|1781456819\n|move|p2a: Sandy Shocks|Thunderbolt|p1a: Noctowl\n|-supereffective|p1a: Noctowl\n|-damage|p1a: Noctowl|66/344\n|move|p1a: Noctowl|Roost|p1a: Noctowl\n|-heal|p1a: Noctowl|238/344\n|-singleturn|p1a: Noctowl|move: Roost\n|\n|-end|p2a: Sandy Shocks|move: Future Sight\n|-damage|p2a: Sandy Shocks|113/267\n|-heal|p2a: Sandy Shocks|129/267|[from] item: Leftovers\n|upkeep\n|turn|14\n|\n|t:|1781456824\n|move|p2a: Sandy Shocks|Thunderbolt|p1a: Noctowl\n|-supereffective|p1a: Noctowl\n|-damage|p1a: Noctowl|50/344\n|move|p1a: Noctowl|Hurricane|p2a: Sandy Shocks|[miss]\n|-miss|p1a: Noctowl|p2a: Sandy Shocks\n|\n|-heal|p2a: Sandy Shocks|145/267|[from] item: Leftovers\n|upkeep\n|turn|15\n|\n|t:|1781456830\n|switch|p1a: Slowking|Slowking, L88, F|141/310\n|move|p2a: Sandy Shocks|Thunderbolt|p1a: Slowking\n|-supereffective|p1a: Slowking\n|-damage|p1a: Slowking|0 fnt\n|faint|p1a: Slowking\n|\n|-heal|p2a: Sandy Shocks|161/267|[from] item: Leftovers\n|upkeep\n|\n|t:|1781456836\n|switch|p1a: Weavile|Weavile, L79, M|155/239\n|turn|16\n|\n|t:|1781456844\n|move|p1a: Weavile|Knock Off|p2a: Sandy Shocks\n|-damage|p2a: Sandy Shocks|0 fnt\n|-enditem|p2a: Sandy Shocks|Leftovers|[from] move: Knock Off|[of] p1a: Weavile\n|faint|p2a: Sandy Shocks\n|-end|p2a: Sandy Shocks|Protosynthesis|[silent]\n|\n|upkeep\n|\n|t:|1781456848\n|switch|p2a: Iron Treads|Iron Treads, L77|265/265\n|turn|17\n|\n|t:|1781456862\n|switch|p1a: Registeel|Registeel, L81|208/262\n|move|p2a: Iron Treads|Stealth Rock|p1a: Registeel\n|-sidestart|p1: Pepe Zombi|move: Stealth Rock\n|\n|upkeep\n|turn|18\n|\n|t:|1781456865\n|move|p2a: Iron Treads|Earthquake|p1a: Registeel\n|-supereffective|p1a: Registeel\n|-damage|p1a: Registeel|80/262\n|move|p1a: Registeel|Body Press|p2a: Iron Treads\n|-supereffective|p2a: Iron Treads\n|-damage|p2a: Iron Treads|139/265\n|\n|-heal|p2a: Iron Treads|155/265|[from] item: Leftovers\n|upkeep\n|turn|19\n|\n|t:|1781456870\n|move|p2a: Iron Treads|Earthquake|p1a: Registeel\n|-supereffective|p1a: Registeel\n|-damage|p1a: Registeel|0 fnt\n|faint|p1a: Registeel\n|\n|-heal|p2a: Iron Treads|171/265|[from] item: Leftovers\n|upkeep\n|\n|t:|1781456880\n|switch|p1a: Weavile|Weavile, L79, M|155/239\n|-damage|p1a: Weavile|96/239|[from] Stealth Rock\n|turn|20\n|\n|t:|1781456884\n|-terastallize|p1a: Weavile|Dark\n|move|p1a: Weavile|Knock Off|p2a: Iron Treads\n|-damage|p2a: Iron Treads|0 fnt\n|-enditem|p2a: Iron Treads|Leftovers|[from] move: Knock Off|[of] p1a: Weavile\n|faint|p2a: Iron Treads\n|-end|p2a: Iron Treads|Quark Drive|[silent]\n|\n|upkeep\n|\n|t:|1781456889\n|switch|p2a: Komala|Komala, L88, F|258/258\n|-ability|p2a: Komala|Comatose\n|turn|21\n|\n|t:|1781456895\n|switch|p1a: Noctowl|Noctowl, L95, M|50/344\n|move|p2a: Komala|Rapid Spin|p1a: Noctowl\n|-damage|p1a: Noctowl|0 fnt\n|-boost|p2a: Komala|spe|1\n|faint|p1a: Noctowl\n|\n|upkeep\n|\n|t:|1781456897\n|switch|p1a: Kleavor|Kleavor, L78, M|237/237\n|-damage|p1a: Kleavor|178/237|[from] Stealth Rock\n|turn|22\n|\n|t:|1781456909\n|-terastallize|p2a: Komala|Ghost\n|move|p1a: Kleavor|Close Combat|p2a: Komala\n|-immune|p2a: Komala\n|move|p2a: Komala|Body Slam|p1a: Kleavor\n|-resisted|p1a: Kleavor\n|-damage|p1a: Kleavor|115/237\n|\n|upkeep\n|turn|23\n|\n|t:|1781456915\n|move|p1a: Kleavor|Close Combat|p2a: Komala\n|-immune|p2a: Komala\n|move|p2a: Komala|Body Slam|p1a: Kleavor\n|-resisted|p1a: Kleavor\n|-damage|p1a: Kleavor|55/237\n|\n|upkeep\n|turn|24\n|\n|t:|1781456918\n|move|p1a: Kleavor|Close Combat|p2a: Komala\n|-immune|p2a: Komala\n|move|p2a: Komala|Body Slam|p1a: Kleavor\n|-resisted|p1a: Kleavor\n|-damage|p1a: Kleavor|0 fnt\n|faint|p1a: Kleavor\n|\n|upkeep\n|\n|t:|1781456920\n|switch|p1a: Weavile|Weavile, L79, M, tera:Dark|96/239\n|-damage|p1a: Weavile|67/239|[from] Stealth Rock\n|turn|25\n|\n|t:|1781456921\n|move|p2a: Komala|Body Slam|p1a: Weavile\n|-damage|p1a: Weavile|0 fnt\n|faint|p1a: Weavile\n|\n|win|Gaaraks\n", "inputlog": ">version a8376a258c1d4662feba110a92103f3664a72141\n>start {\"formatid\":\"gen9randombattle\",\"seed\":\"sodium,65e023c7596461284816bc6cb1288670\",\"rated\":\"Rated battle\"}\n>player p1 {\"name\":\"Pepe Zombi\",\"avatar\":\"miku-ghost\",\"rating\":2042,\"seed\":\"sodium,8285bb6e3031e99cb8c2c2505c9ef5ac\"}\n>player p2 {\"name\":\"Gaaraks\",\"avatar\":\"170\",\"rating\":2068,\"seed\":\"sodium,115f41767173d74dc2dcd849ed5d38b7\"}\n>p1 switch 2\n>p2 move poisonjab\n>p1 move thunderwave\n>p2 move knockoff\n>p1 move irondefense\n>p2 switch 2\n>p1 switch 2\n>p2 move earthpower\n>p1 move swordsdance\n>p2 move thunderwave\n>p1 move leafblade\n>p2 switch 2\n>p1 move stoneedge\n>p2 move poisonjab\n>p2 switch 6\n>p1 move leafblade\n>p2 move bravebird\n>p1 switch 3\n>p1 move tripleaxel\n>p2 move flipturn\n>p2 switch 5\n>p1 switch 4\n>p2 move wavecrash\n>p1 move futuresight\n>p2 move shadowball\n>p1 switch 6\n>p2 move flipturn\n>p2 switch 2\n>p1 move roost\n>p2 move thunderbolt\n>p1 move hurricane\n>p2 move thunderbolt\n>p1 switch 6\n>p2 move thunderbolt\n>p1 switch 4\n>p1 move knockoff\n>p2 move thunderwave\n>p2 switch 4\n>p1 switch 2\n>p2 move stealthrock\n>p1 move bodypress\n>p2 move earthquake\n>p1 move bodypress\n>p2 move earthquake\n>p1 switch 2\n>p1 move knockoff terastallize\n>p2 move ironhead\n>p2 switch 3\n>p1 switch 6\n>p2 move rapidspin\n>p1 switch 5\n>p1 move closecombat\n>p2 move bodyslam terastallize\n>p1 move closecombat\n>p2 move bodyslam\n>p1 move closecombat\n>p2 move bodyslam\n>p1 switch 6\n>p1 move knockoff\n>p2 move bodyslam", "uploadtime": 1781456708, "views": 4, "formatid": "gen9randombattle", "rating": null, "private": 0, "password": null}