{"id": "gen9randombattle-2631916701", "format": "[Gen 9] Random Battle", "players": ["marper8", "S\ufe0fMystX"], "log": "|j|\u2606marper8\n|j|\u2606S\ufe0fMystX\n|t:|1781455343\n|gametype|singles\n|player|p1|marper8|265|2119\n|player|p2|S\ufe0fMystX|1|2164\n|gen|9\n|tier|[Gen 9] Random Battle\n|rated|\n|rule|Species Clause: Limit one of each Pok\u00e9mon\n|rule|HP Percentage Mod: HP is shown in percentages\n|rule|Sleep Clause Mod: Limit one foe put to sleep\n|rule|Illusion Level Mod: Illusion disguises the Pok\u00e9mon's true level\n|\n|t:|1781455344\n|teamsize|p1|6\n|teamsize|p2|6\n|start\n|switch|p1a: Kleavor|Kleavor, L78, M|237/237\n|switch|p2a: Iron Valiant|Iron Valiant, L78|244/244\n|turn|1\n|inactive|Battle timer is ON: inactive players will automatically lose when time's up. (requested by marper8)\n|\n|t:|1781455354\n|move|p2a: Iron Valiant|Moonblast|p1a: Kleavor\n|-damage|p1a: Kleavor|65/237\n|-damage|p2a: Iron Valiant|220/244|[from] item: Life Orb\n|move|p1a: Kleavor|U-turn|p2a: Iron Valiant\n|-resisted|p2a: Iron Valiant\n|-damage|p2a: Iron Valiant|198/244\n|\n|t:|1781455356\n|switch|p1a: Azumarill|Azumarill, L82, M|298/298|[from] U-turn\n|\n|upkeep\n|turn|2\n|\n|t:|1781455361\n|move|p2a: Iron Valiant|Knock Off|p1a: Azumarill\n|-resisted|p1a: Azumarill\n|-damage|p1a: Azumarill|246/298\n|-enditem|p1a: Azumarill|Choice Band|[from] move: Knock Off|[of] p2a: Iron Valiant\n|-damage|p2a: Iron Valiant|174/244|[from] item: Life Orb\n|move|p1a: Azumarill|Liquidation|p2a: Iron Valiant\n|-damage|p2a: Iron Valiant|62/244\n|\n|upkeep\n|turn|3\n|\n|t:|1781455374\n|-end|p2a: Iron Valiant|Quark Drive|[silent]\n|switch|p2a: Rillaboom|Rillaboom, L79, M|288/288\n|-fieldstart|move: Grassy Terrain|[from] ability: Grassy Surge|[of] p2a: Rillaboom\n|move|p1a: Azumarill|Knock Off|p2a: Rillaboom\n|-damage|p2a: Rillaboom|204/288\n|-enditem|p2a: Rillaboom|Choice Band|[from] move: Knock Off|[of] p1a: Azumarill\n|\n|-heal|p2a: Rillaboom|222/288|[from] Grassy Terrain\n|-heal|p1a: Azumarill|264/298|[from] Grassy Terrain\n|upkeep\n|turn|4\n|\n|t:|1781455382\n|switch|p1a: Kleavor|Kleavor, L78, M|65/237\n|move|p2a: Rillaboom|Wood Hammer|p1a: Kleavor\n|-damage|p1a: Kleavor|0 fnt\n|faint|p1a: Kleavor\n|-damage|p2a: Rillaboom|201/288|[from] Recoil\n|\n|-heal|p2a: Rillaboom|219/288|[from] Grassy Terrain\n|upkeep\n|\n|t:|1781455385\n|switch|p1a: Sneasler|Sneasler, L74, F|240/240\n|turn|5\n|inactive|S\ufe0fMystX has 120 seconds left.\n|\n|t:|1781455422\n|move|p1a: Sneasler|Dire Claw|p2a: Rillaboom\n|-supereffective|p2a: Rillaboom\n|-damage|p2a: Rillaboom|0 fnt\n|faint|p2a: Rillaboom\n|\n|upkeep\n|\n|t:|1781455428\n|switch|p2a: Venomoth|Venomoth, L84, F|255/255\n|turn|6\n|inactive|S\ufe0fMystX has 120 seconds left.\n|l|\u2606S\ufe0fMystX\n|inactive|S\ufe0fMystX disconnected and has a minute to reconnect!\n|player|p2|\n|j|\u2606S\ufe0fMystX\n|inactive|S\ufe0fMystX reconnected and has 105 seconds left.\n|player|p2|S\ufe0fMystX|1|\n|\n|t:|1781455451\n|switch|p1a: Dewgong|Dewgong, L94, F|322/322\n|move|p2a: Venomoth|Sleep Powder|p1a: Dewgong\n|-status|p1a: Dewgong|slp|[from] move: Sleep Powder\n|\n|upkeep\n|turn|7\n|\n|t:|1781455457\n|switch|p1a: Lucario|Lucario, L84, M|255/255\n|move|p2a: Venomoth|Quiver Dance|p2a: Venomoth\n|-boost|p2a: Venomoth|spa|1\n|-boost|p2a: Venomoth|spd|1\n|-boost|p2a: Venomoth|spe|1\n|\n|-fieldend|move: Grassy Terrain\n|upkeep\n|turn|8\n|\n|t:|1781455469\n|switch|p2a: Barraskewda|Barraskewda, L81, M|231/231\n|move|p1a: Lucario|Meteor Mash|p2a: Barraskewda\n|-resisted|p2a: Barraskewda\n|-damage|p2a: Barraskewda|134/231\n|-damage|p1a: Lucario|230/255|[from] item: Life Orb\n|\n|upkeep\n|turn|9\n|\n|t:|1781455477\n|switch|p1a: Azumarill|Azumarill, L82, M|264/298\n|move|p2a: Barraskewda|Flip Turn|p1a: Azumarill\n|-resisted|p1a: Azumarill\n|-damage|p1a: Azumarill|209/298\n|\n|t:|1781455495\n|switch|p2a: Venomoth|Venomoth, L84, F|255/255|[from] Flip Turn\n|\n|upkeep\n|turn|10\n|\n|t:|1781455501\n|move|p2a: Venomoth|Quiver Dance|p2a: Venomoth\n|-boost|p2a: Venomoth|spa|1\n|-boost|p2a: Venomoth|spd|1\n|-boost|p2a: Venomoth|spe|1\n|move|p1a: Azumarill|Liquidation|p2a: Venomoth\n|-damage|p2a: Venomoth|105/255\n|\n|upkeep\n|turn|11\n|\n|t:|1781455508\n|move|p1a: Azumarill|Aqua Jet|p2a: Venomoth\n|-damage|p2a: Venomoth|33/255\n|move|p2a: Venomoth|Bug Buzz|p1a: Azumarill\n|-resisted|p1a: Azumarill\n|-damage|p1a: Azumarill|53/298\n|\n|upkeep\n|turn|12\n|inactive|S\ufe0fMystX has 120 seconds left.\n|\n|t:|1781455516\n|switch|p2a: Barraskewda|Barraskewda, L81, M|134/231\n|move|p1a: Azumarill|Aqua Jet|p2a: Barraskewda\n|-resisted|p2a: Barraskewda\n|-damage|p2a: Barraskewda|98/231\n|\n|upkeep\n|turn|13\n|\n|t:|1781455520\n|move|p1a: Azumarill|Aqua Jet|p2a: Barraskewda\n|-resisted|p2a: Barraskewda\n|-damage|p2a: Barraskewda|65/231\n|move|p2a: Barraskewda|Flip Turn|p1a: Azumarill\n|-resisted|p1a: Azumarill\n|-damage|p1a: Azumarill|0 fnt\n|faint|p1a: Azumarill\n|\n|t:|1781455526\n|switch|p2a: Iron Valiant|Iron Valiant, L78|62/244|[from] Flip Turn\n|\n|upkeep\n|\n|t:|1781455530\n|switch|p1a: Lucario|Lucario, L84, M|230/255\n|turn|14\n|\n|t:|1781455542\n|move|p1a: Lucario|Extreme Speed|p2a: Iron Valiant\n|-damage|p2a: Iron Valiant|0 fnt\n|faint|p2a: Iron Valiant\n|-end|p2a: Iron Valiant|Quark Drive|[silent]\n|-damage|p1a: Lucario|205/255|[from] item: Life Orb\n|\n|upkeep\n|\n|t:|1781455549\n|switch|p2a: Mandibuzz|Mandibuzz, L85, F|326/326\n|turn|15\n|\n|t:|1781455555\n|switch|p1a: Dewgong|Dewgong, L94, F|322/322 slp\n|move|p2a: Mandibuzz|Brave Bird|p1a: Dewgong\n|-damage|p1a: Dewgong|235/322 slp\n|-damage|p2a: Mandibuzz|297/326|[from] Recoil\n|\n|upkeep\n|turn|16\n|\n|t:|1781455567\n|move|p2a: Mandibuzz|Brave Bird|p1a: Dewgong\n|-damage|p1a: Dewgong|145/322 slp\n|-damage|p2a: Mandibuzz|267/326|[from] Recoil\n|cant|p1a: Dewgong|slp\n|\n|upkeep\n|turn|17\n|\n|t:|1781455569\n|move|p2a: Mandibuzz|Brave Bird|p1a: Dewgong\n|-damage|p1a: Dewgong|54/322 slp\n|-damage|p2a: Mandibuzz|237/326|[from] Recoil\n|-curestatus|p1a: Dewgong|slp|[msg]\n|move|p1a: Dewgong|Ice Beam|p2a: Mandibuzz\n|-supereffective|p2a: Mandibuzz\n|-damage|p2a: Mandibuzz|69/326\n|\n|upkeep\n|turn|18\n|\n|t:|1781455577\n|move|p2a: Mandibuzz|Roost|p2a: Mandibuzz\n|-heal|p2a: Mandibuzz|232/326\n|-singleturn|p2a: Mandibuzz|move: Roost\n|move|p1a: Dewgong|Ice Beam|p2a: Mandibuzz\n|-damage|p2a: Mandibuzz|138/326\n|\n|upkeep\n|turn|19\n|\n|t:|1781455582\n|move|p2a: Mandibuzz|Roost|p2a: Mandibuzz\n|-heal|p2a: Mandibuzz|301/326\n|-singleturn|p2a: Mandibuzz|move: Roost\n|move|p1a: Dewgong|Ice Beam|p2a: Mandibuzz\n|-damage|p2a: Mandibuzz|216/326\n|\n|upkeep\n|turn|20\n|\n|t:|1781455590\n|move|p2a: Mandibuzz|Foul Play|p1a: Dewgong\n|-damage|p1a: Dewgong|0 fnt\n|faint|p1a: Dewgong\n|\n|upkeep\n|\n|t:|1781455593\n|switch|p1a: Lucario|Lucario, L84, M|205/255\n|turn|21\n|\n|t:|1781455597\n|move|p1a: Lucario|Swords Dance|p1a: Lucario\n|-boost|p1a: Lucario|atk|2\n|move|p2a: Mandibuzz|Brave Bird|p1a: Lucario\n|-damage|p1a: Lucario|94/255\n|-damage|p2a: Mandibuzz|179/326|[from] Recoil\n|\n|upkeep\n|turn|22\n|\n|t:|1781455608\n|switch|p2a: Venomoth|Venomoth, L84, F|33/255\n|move|p1a: Lucario|Close Combat|p2a: Venomoth\n|-resisted|p2a: Venomoth\n|-damage|p2a: Venomoth|0 fnt\n|-unboost|p1a: Lucario|def|1\n|-unboost|p1a: Lucario|spd|1\n|faint|p2a: Venomoth\n|-damage|p1a: Lucario|69/255|[from] item: Life Orb\n|\n|upkeep\n|\n|t:|1781455633\n|switch|p2a: Barraskewda|Barraskewda, L81, M|65/231\n|turn|23\n|\n|t:|1781455639\n|move|p1a: Lucario|Extreme Speed|p2a: Barraskewda\n|-damage|p2a: Barraskewda|0 fnt\n|faint|p2a: Barraskewda\n|-damage|p1a: Lucario|44/255|[from] item: Life Orb\n|\n|upkeep\n|\n|t:|1781455645\n|switch|p2a: Mandibuzz|Mandibuzz, L85, F|179/326\n|turn|24\n|\n|t:|1781455655\n|-terastallize|p2a: Mandibuzz|Steel\n|move|p1a: Lucario|Close Combat|p2a: Mandibuzz\n|-supereffective|p2a: Mandibuzz\n|-damage|p2a: Mandibuzz|0 fnt\n|-unboost|p1a: Lucario|def|1\n|-unboost|p1a: Lucario|spd|1\n|faint|p2a: Mandibuzz\n|-damage|p1a: Lucario|19/255|[from] item: Life Orb\n|\n|upkeep\n|\n|t:|1781455659\n|switch|p2a: Smeargle|Smeargle, L95, M|258/258\n|turn|25\n|\n|t:|1781455663\n|move|p1a: Lucario|Extreme Speed|p2a: Smeargle\n|-damage|p2a: Smeargle|0 fnt\n|faint|p2a: Smeargle\n|-damage|p1a: Lucario|0 fnt|[from] item: Life Orb\n|faint|p1a: Lucario\n|\n|win|marper8\n", "inputlog": ">version a8376a258c1d4662feba110a92103f3664a72141\n>start {\"formatid\":\"gen9randombattle\",\"seed\":\"sodium,0a0291cff5e1efc75d1f6a30548163fe\",\"rated\":\"Rated battle\"}\n>player p1 {\"name\":\"marper8\",\"avatar\":\"265\",\"rating\":2119,\"seed\":\"sodium,a0ffd90f1d19eb200b2124d4832fa631\"}\n>player p2 {\"name\":\"S\ufe0fMystX\",\"avatar\":\"1\",\"rating\":2164,\"seed\":\"sodium,8bf362502187c2f8bf11fc3432312ede\"}\n>p1 move uturn\n>p2 move moonblast\n>p1 switch 3\n>p1 move liquidation\n>p2 move knockoff\n>p1 move knockoff\n>p2 switch 4\n>p1 switch 3\n>p2 move woodhammer\n>p1 switch 5\n>p1 move direclaw\n>p2 move highhorsepower\n>p2 switch 3\n>p1 switch 2\n>p2 move sleeppowder\n>p1 switch 4\n>p2 move quiverdance\n>p1 move meteormash\n>p2 switch 6\n>p1 switch 3\n>p2 move flipturn\n>p2 switch 6\n>p1 move liquidation\n>p2 move quiverdance\n>p1 move aquajet\n>p2 move bugbuzz\n>p1 move aquajet\n>p2 switch 6\n>p1 move aquajet\n>p2 move flipturn\n>p2 switch 4\n>p1 switch 3\n>p1 move extremespeed\n>p2 move closecombat\n>p2 switch 5\n>p1 switch 4\n>p2 move bravebird\n>p1 move icebeam\n>p2 move bravebird\n>p1 move icebeam\n>p2 move bravebird\n>p1 move icebeam\n>p2 move roost\n>p1 move icebeam\n>p2 move roost\n>p1 move encore\n>p2 move foulplay\n>p1 switch 4\n>p1 move swordsdance\n>p2 move bravebird\n>p1 move closecombat\n>p2 switch 6\n>p2 switch 4\n>p1 move extremespeed\n>p2 move flipturn\n>p2 switch 6\n>p1 move closecombat\n>p2 move roost terastallize\n>p2 switch 2\n>p1 move extremespeed\n>p2 move spore", "uploadtime": 1781455345, "views": 4, "formatid": "gen9randombattle", "rating": null, "private": 0, "password": null}