{"id": "gen9randombattle-2631654239", "format": "[Gen 9] Random Battle", "players": ["GoodatM", "jjk02"], "log": "|j|\u2606GoodatM\n|j|\u2606jjk02\n|t:|1781415632\n|gametype|singles\n|player|p1|GoodatM|cynthia-gen4|1850\n|player|p2|jjk02|cynthia-gen4|1918\n|gen|9\n|tier|[Gen 9] Random Battle\n|rated|\n|rule|Species Clause: Limit one of each Pok\u00e9mon\n|rule|HP Percentage Mod: HP is shown in percentages\n|rule|Sleep Clause Mod: Limit one foe put to sleep\n|rule|Illusion Level Mod: Illusion disguises the Pok\u00e9mon's true level\n|\n|t:|1781415632\n|teamsize|p1|6\n|teamsize|p2|6\n|start\n|switch|p1a: Grumpig|Grumpig, L92, F|297/297\n|switch|p2a: Froslass|Froslass, L87, F|263/263\n|turn|1\n|inactive|Battle timer is ON: inactive players will automatically lose when time's up. (requested by jjk02)\n|\n|t:|1781415647\n|move|p2a: Froslass|Poltergeist|p1a: Grumpig\n|-activate|p1a: Grumpig|move: Poltergeist|Leftovers\n|-supereffective|p1a: Grumpig\n|-damage|p1a: Grumpig|51/297\n|move|p1a: Grumpig|Nasty Plot|p1a: Grumpig\n|-boost|p1a: Grumpig|spa|2\n|\n|-heal|p1a: Grumpig|69/297|[from] item: Leftovers\n|upkeep\n|turn|2\n|\n|t:|1781415654\n|move|p2a: Froslass|Poltergeist|p1a: Grumpig\n|-activate|p1a: Grumpig|move: Poltergeist|Leftovers\n|-supereffective|p1a: Grumpig\n|-damage|p1a: Grumpig|0 fnt\n|faint|p1a: Grumpig\n|\n|upkeep\n|\n|t:|1781415664\n|switch|p1a: Zamazenta|Zamazenta-Crowned, L68|238/238\n|-ability|p1a: Zamazenta|Dauntless Shield|boost\n|-boost|p1a: Zamazenta|def|1\n|turn|3\n|\n|t:|1781415679\n|move|p2a: Froslass|Will-O-Wisp|p1a: Zamazenta\n|-status|p1a: Zamazenta|brn\n|move|p1a: Zamazenta|Iron Defense|p1a: Zamazenta\n|-boost|p1a: Zamazenta|def|2\n|\n|-damage|p1a: Zamazenta|224/238 brn|[from] brn\n|upkeep\n|turn|4\n|\n|t:|1781415684\n|switch|p2a: Cramorant|Cramorant, L86, M|261/261\n|move|p1a: Zamazenta|Iron Defense|p1a: Zamazenta\n|-boost|p1a: Zamazenta|def|2\n|\n|-damage|p1a: Zamazenta|210/238 brn|[from] brn\n|upkeep\n|turn|5\n|\n|t:|1781415688\n|move|p1a: Zamazenta|Heavy Slam|p2a: Cramorant\n|-resisted|p2a: Cramorant\n|-damage|p2a: Cramorant|228/261\n|move|p2a: Cramorant|Surf|p1a: Zamazenta\n|-formechange|p2a: Cramorant|Cramorant-Gulping|\n|-damage|p1a: Zamazenta|134/238 brn\n|\n|-damage|p1a: Zamazenta|120/238 brn|[from] brn\n|upkeep\n|turn|6\n|\n|t:|1781415693\n|move|p1a: Zamazenta|Stone Edge|p2a: Cramorant\n|-supereffective|p2a: Cramorant\n|-damage|p2a: Cramorant|150/261\n|-damage|p1a: Zamazenta|61/238 brn|[from] ability: Gulp Missile|[of] p2a: Cramorant\n|-unboost|p1a: Zamazenta|def|1\n|-formechange|p2a: Cramorant|Cramorant|\n|move|p2a: Cramorant|Surf|p1a: Zamazenta\n|-formechange|p2a: Cramorant|Cramorant-Gulping|\n|-damage|p1a: Zamazenta|0 fnt\n|faint|p1a: Zamazenta\n|\n|upkeep\n|\n|t:|1781415699\n|switch|p1a: Iron Jugulis|Iron Jugulis, L77|271/271\n|turn|7\n|\n|t:|1781415703\n|move|p1a: Iron Jugulis|Meteor Beam||[still]\n|-prepare|p1a: Iron Jugulis|Meteor Beam\n|-boost|p1a: Iron Jugulis|spa|1\n|-enditem|p1a: Iron Jugulis|Power Herb\n|-anim|p1a: Iron Jugulis|Meteor Beam|p2a: Cramorant\n|-supereffective|p2a: Cramorant\n|-damage|p2a: Cramorant|0 fnt\n|-damage|p1a: Iron Jugulis|204/271|[from] ability: Gulp Missile|[of] p2a: Cramorant\n|-unboost|p1a: Iron Jugulis|def|1\n|-formechange|p2a: Cramorant|Cramorant|\n|faint|p2a: Cramorant\n|\n|upkeep\n|\n|t:|1781415708\n|switch|p2a: Froslass|Froslass, L87, F|263/263\n|turn|8\n|\n|t:|1781415713\n|move|p2a: Froslass|Triple Axel|p1a: Iron Jugulis\n|-supereffective|p1a: Iron Jugulis\n|-damage|p1a: Iron Jugulis|132/271\n|-supereffective|p1a: Iron Jugulis\n|-damage|p1a: Iron Jugulis|0 fnt\n|faint|p1a: Iron Jugulis\n|-end|p1a: Iron Jugulis|Quark Drive|[silent]\n|-hitcount|p1: Iron Jugulis|2\n|\n|upkeep\n|\n|t:|1781415716\n|switch|p1a: Seviper|Seviper, L93, F|287/287\n|turn|9\n|\n|t:|1781415720\n|move|p2a: Froslass|Will-O-Wisp|p1a: Seviper|[miss]\n|-miss|p2a: Froslass|p1a: Seviper\n|move|p1a: Seviper|Trailblaze|p2a: Froslass\n|-damage|p2a: Froslass|208/263\n|-boost|p1a: Seviper|spe|1\n|-start|p1a: Seviper|Disable|Trailblaze|[from] ability: Cursed Body|[of] p2a: Froslass\n|\n|upkeep\n|turn|10\n|\n|t:|1781415728\n|move|p1a: Seviper|Earthquake|p2a: Froslass\n|-damage|p2a: Froslass|109/263\n|move|p2a: Froslass|Will-O-Wisp|p1a: Seviper\n|-status|p1a: Seviper|brn\n|\n|-damage|p1a: Seviper|270/287 brn|[from] brn\n|upkeep\n|turn|11\n|\n|t:|1781415731\n|move|p1a: Seviper|Swords Dance|p1a: Seviper\n|-boost|p1a: Seviper|atk|2\n|move|p2a: Froslass|Poltergeist|p1a: Seviper\n|-activate|p1a: Seviper|move: Poltergeist|Leftovers\n|-damage|p1a: Seviper|152/287 brn\n|\n|-activate|p1a: Seviper|ability: Shed Skin\n|-curestatus|p1a: Seviper|brn|[msg]\n|-heal|p1a: Seviper|169/287|[from] item: Leftovers\n|upkeep\n|turn|12\n|\n|t:|1781415736\n|move|p1a: Seviper|Earthquake|p2a: Froslass\n|-damage|p2a: Froslass|0 fnt\n|faint|p2a: Froslass\n|\n|-heal|p1a: Seviper|186/287|[from] item: Leftovers\n|-end|p1a: Seviper|Disable\n|upkeep\n|inactive|jjk02 has 120 seconds left.\n|inactive|jjk02 has 90 seconds left.\n|\n|t:|1781415801\n|switch|p2a: Iron Boulder|Iron Boulder, L77|265/265\n|turn|13\n|\n|t:|1781415804\n|-terastallize|p2a: Iron Boulder|Fighting\n|move|p1a: Seviper|Earthquake|p2a: Iron Boulder\n|-damage|p2a: Iron Boulder|58/265\n|move|p2a: Iron Boulder|Mighty Cleave|p1a: Seviper\n|-damage|p1a: Seviper|25/287\n|-damage|p2a: Iron Boulder|32/265|[from] item: Life Orb\n|\n|-heal|p1a: Seviper|42/287|[from] item: Leftovers\n|upkeep\n|turn|14\n|\n|t:|1781415810\n|move|p1a: Seviper|Earthquake|p2a: Iron Boulder\n|-damage|p2a: Iron Boulder|0 fnt\n|faint|p2a: Iron Boulder\n|-end|p2a: Iron Boulder|Quark Drive|[silent]\n|\n|-heal|p1a: Seviper|59/287|[from] item: Leftovers\n|upkeep\n|\n|t:|1781415812\n|switch|p2a: Manaphy|Manaphy, L78|284/284\n|turn|15\n|\n|t:|1781415816\n|move|p1a: Seviper|Trailblaze|p2a: Manaphy\n|-supereffective|p2a: Manaphy\n|-damage|p2a: Manaphy|114/284\n|-boost|p1a: Seviper|spe|1\n|move|p2a: Manaphy|Surf|p1a: Seviper\n|-damage|p1a: Seviper|0 fnt\n|faint|p1a: Seviper\n|\n|-heal|p2a: Manaphy|131/284|[from] item: Leftovers\n|upkeep\n|\n|t:|1781415822\n|switch|p1a: Chimecho|Chimecho, L93, M|290/290\n|turn|16\n|\n|t:|1781415826\n|switch|p2a: Deoxys|Deoxys-Defense, L84|221/221\n|-ability|p2a: Deoxys|Pressure\n|move|p1a: Chimecho|Calm Mind|p1a: Chimecho\n|-boost|p1a: Chimecho|spa|1\n|-boost|p1a: Chimecho|spd|1\n|\n|upkeep\n|turn|17\n|\n|t:|1781415829\n|move|p2a: Deoxys|Cosmic Power|p2a: Deoxys\n|-boost|p2a: Deoxys|def|1\n|-boost|p2a: Deoxys|spd|1\n|move|p1a: Chimecho|Dazzling Gleam|p2a: Deoxys\n|-damage|p2a: Deoxys|179/221\n|\n|-heal|p2a: Deoxys|192/221|[from] item: Leftovers\n|upkeep\n|turn|18\n|\n|t:|1781415835\n|move|p2a: Deoxys|Cosmic Power|p2a: Deoxys\n|-boost|p2a: Deoxys|def|1\n|-boost|p2a: Deoxys|spd|1\n|move|p1a: Chimecho|Dazzling Gleam|p2a: Deoxys\n|-damage|p2a: Deoxys|160/221\n|\n|-heal|p2a: Deoxys|173/221|[from] item: Leftovers\n|upkeep\n|turn|19\n|\n|t:|1781415839\n|move|p2a: Deoxys|Cosmic Power|p2a: Deoxys\n|-boost|p2a: Deoxys|def|1\n|-boost|p2a: Deoxys|spd|1\n|move|p1a: Chimecho|Dazzling Gleam|p2a: Deoxys\n|-damage|p2a: Deoxys|148/221\n|\n|-heal|p2a: Deoxys|161/221|[from] item: Leftovers\n|upkeep\n|turn|20\n|\n|t:|1781415841\n|move|p2a: Deoxys|Cosmic Power|p2a: Deoxys\n|-boost|p2a: Deoxys|def|1\n|-boost|p2a: Deoxys|spd|1\n|move|p1a: Chimecho|Calm Mind|p1a: Chimecho\n|-boost|p1a: Chimecho|spa|1\n|-boost|p1a: Chimecho|spd|1\n|\n|-heal|p2a: Deoxys|174/221|[from] item: Leftovers\n|upkeep\n|turn|21\n|\n|t:|1781415843\n|move|p2a: Deoxys|Cosmic Power|p2a: Deoxys\n|-boost|p2a: Deoxys|def|1\n|-boost|p2a: Deoxys|spd|1\n|move|p1a: Chimecho|Calm Mind|p1a: Chimecho\n|-boost|p1a: Chimecho|spa|1\n|-boost|p1a: Chimecho|spd|1\n|\n|-heal|p2a: Deoxys|187/221|[from] item: Leftovers\n|upkeep\n|turn|22\n|\n|t:|1781415844\n|move|p2a: Deoxys|Cosmic Power|p2a: Deoxys\n|-boost|p2a: Deoxys|def|1\n|-boost|p2a: Deoxys|spd|1\n|move|p1a: Chimecho|Calm Mind|p1a: Chimecho\n|-boost|p1a: Chimecho|spa|1\n|-boost|p1a: Chimecho|spd|1\n|\n|-heal|p2a: Deoxys|200/221|[from] item: Leftovers\n|upkeep\n|turn|23\n|\n|t:|1781415846\n|move|p2a: Deoxys|Stored Power|p1a: Chimecho\n|-resisted|p1a: Chimecho\n|-damage|p1a: Chimecho|259/290\n|move|p1a: Chimecho|Calm Mind|p1a: Chimecho\n|-boost|p1a: Chimecho|spa|1\n|-boost|p1a: Chimecho|spd|1\n|\n|-heal|p2a: Deoxys|213/221|[from] item: Leftovers\n|-heal|p1a: Chimecho|277/290|[from] item: Leftovers\n|upkeep\n|turn|24\n|\n|t:|1781415849\n|move|p2a: Deoxys|Night Shade|p1a: Chimecho\n|-damage|p1a: Chimecho|193/290\n|move|p1a: Chimecho|Calm Mind|p1a: Chimecho\n|-boost|p1a: Chimecho|spa|1\n|-boost|p1a: Chimecho|spd|1\n|\n|-heal|p2a: Deoxys|221/221|[from] item: Leftovers\n|-heal|p1a: Chimecho|211/290|[from] item: Leftovers\n|upkeep\n|turn|25\n|\n|t:|1781415851\n|move|p2a: Deoxys|Night Shade|p1a: Chimecho\n|-damage|p1a: Chimecho|127/290\n|move|p1a: Chimecho|Dazzling Gleam|p2a: Deoxys\n|-damage|p2a: Deoxys|178/221\n|\n|-heal|p2a: Deoxys|191/221|[from] item: Leftovers\n|-heal|p1a: Chimecho|145/290|[from] item: Leftovers\n|upkeep\n|turn|26\n|\n|t:|1781415854\n|move|p2a: Deoxys|Night Shade|p1a: Chimecho\n|-damage|p1a: Chimecho|61/290\n|move|p1a: Chimecho|Dazzling Gleam|p2a: Deoxys\n|-damage|p2a: Deoxys|148/221\n|\n|-heal|p2a: Deoxys|161/221|[from] item: Leftovers\n|-heal|p1a: Chimecho|79/290|[from] item: Leftovers\n|upkeep\n|turn|27\n|\n|t:|1781415858\n|move|p2a: Deoxys|Night Shade|p1a: Chimecho\n|-damage|p1a: Chimecho|0 fnt\n|faint|p1a: Chimecho\n|\n|-heal|p2a: Deoxys|174/221|[from] item: Leftovers\n|upkeep\n|\n|t:|1781415860\n|switch|p1a: Annihilape|Annihilape, L76, M|292/292\n|turn|28\n|\n|t:|1781415865\n|-terastallize|p1a: Annihilape|Fairy\n|move|p2a: Deoxys|Stored Power|p1a: Annihilape\n|-damage|p1a: Annihilape|43/292\n|move|p1a: Annihilape|Rage Fist|p2a: Deoxys\n|-supereffective|p2a: Deoxys\n|-damage|p2a: Deoxys|142/221\n|\n|-heal|p2a: Deoxys|155/221|[from] item: Leftovers\n|upkeep\n|turn|29\n|\n|t:|1781415868\n|move|p2a: Deoxys|Stored Power|p1a: Annihilape\n|-damage|p1a: Annihilape|0 fnt\n|faint|p1a: Annihilape\n|\n|win|jjk02\n|raw|GoodatM's rating: 1850 &rarr; <strong>1834</strong><br />(-16 for losing)\n|raw|jjk02's rating: 1918 &rarr; <strong>1934</strong><br />(+16 for winning)\n", "inputlog": ">version a8376a258c1d4662feba110a92103f3664a72141\n>start {\"formatid\":\"gen9randombattle\",\"seed\":\"sodium,a0bdea126d1cb200f869519eb768c750\",\"rated\":\"Rated battle\"}\n>player p1 {\"name\":\"GoodatM\",\"avatar\":\"cynthia-gen4\",\"rating\":1850,\"seed\":\"sodium,40d4be3d4034eb6ccd5695ac8df8f63a\"}\n>player p2 {\"name\":\"jjk02\",\"avatar\":\"cynthia-gen4\",\"rating\":1918,\"seed\":\"sodium,3343e685c1b79ad9be298a35cadce869\"}\n>p1 move nastyplot\n>p2 move poltergeist\n>p1 move shadowball\n>p2 move poltergeist\n>p1 switch 2\n>p1 move irondefense\n>p2 move willowisp\n>p1 move irondefense\n>p2 switch 4\n>p1 move heavyslam\n>p2 move surf\n>p1 move stoneedge\n>p2 move surf\n>p1 switch 4\n>p1 move meteorbeam\n>p2 move roost\n>p2 switch 4\n>p1 move darkpulse\n>p2 move tripleaxel\n>p1 switch 6\n>p1 move trailblaze\n>p2 move willowisp\n>p1 move earthquake\n>p2 move willowisp\n>p1 move swordsdance\n>p2 move poltergeist\n>p1 move earthquake\n>p2 move tripleaxel\n>p2 switch 2\n>p1 move earthquake\n>p2 move mightycleave terastallize\n>p1 move earthquake\n>p2 move mightycleave\n>p2 switch 5\n>p1 move trailblaze\n>p2 move surf\n>p1 switch 5\n>p1 move calmmind\n>p2 switch 3\n>p1 move dazzlinggleam\n>p2 move cosmicpower\n>p1 move dazzlinggleam\n>p2 move cosmicpower\n>p1 move dazzlinggleam\n>p2 move cosmicpower\n>p1 move calmmind\n>p2 move cosmicpower\n>p1 move calmmind\n>p2 move cosmicpower\n>p1 move calmmind\n>p2 move cosmicpower\n>p1 move calmmind\n>p2 move storedpower\n>p1 move calmmind\n>p2 move nightshade\n>p1 move dazzlinggleam\n>p2 move nightshade\n>p1 move dazzlinggleam\n>p2 move nightshade\n>p1 move recover\n>p2 move nightshade\n>p1 switch 3\n>p1 move ragefist terastallize\n>p2 move storedpower\n>p1 move ragefist\n>p2 move storedpower", "uploadtime": 1781415869, "views": 4, "formatid": "gen9randombattle", "rating": 1834, "private": 0, "password": null}