{"id": "gen9randombattle-2631816881", "format": "[Gen 9] Random Battle", "players": ["Hectorham219", "Srcall"], "log": "|j|\u2606Hectorham219\n|j|\u2606Srcall\n|t:|1781443853\n|gametype|singles\n|player|p1|Hectorham219|266|1454\n|player|p2|Srcall|emmet|1474\n|gen|9\n|tier|[Gen 9] Random Battle\n|rated|\n|rule|Species Clause: Limit one of each Pok\u00e9mon\n|rule|HP Percentage Mod: HP is shown in percentages\n|rule|Sleep Clause Mod: Limit one foe put to sleep\n|rule|Illusion Level Mod: Illusion disguises the Pok\u00e9mon's true level\n|\n|t:|1781443853\n|teamsize|p1|6\n|teamsize|p2|6\n|start\n|switch|p1a: Charizard|Charizard, L85, M|271/271\n|switch|p2a: Vivillon|Vivillon-Polar, L83, M|268/268\n|turn|1\n|\n|t:|1781443886\n|switch|p2a: Deoxys|Deoxys-Defense, L84|221/221\n|-ability|p2a: Deoxys|Pressure\n|move|p1a: Charizard|Flare Blitz|p2a: Deoxys\n|-damage|p2a: Deoxys|151/221\n|-damage|p1a: Charizard|248/271|[from] Recoil\n|\n|-heal|p2a: Deoxys|164/221|[from] item: Leftovers\n|upkeep\n|turn|2\n|\n|t:|1781443896\n|switch|p1a: Electivire|Electivire, L84, F|263/263\n|move|p2a: Deoxys|Cosmic Power|p2a: Deoxys\n|-boost|p2a: Deoxys|def|1\n|-boost|p2a: Deoxys|spd|1\n|\n|-heal|p2a: Deoxys|177/221|[from] item: Leftovers\n|upkeep\n|turn|3\n|\n|t:|1781443901\n|move|p1a: Electivire|Supercell Slam|p2a: Deoxys\n|-damage|p2a: Deoxys|107/221\n|-damage|p1a: Electivire|237/263|[from] item: Life Orb\n|move|p2a: Deoxys|Cosmic Power|p2a: Deoxys\n|-boost|p2a: Deoxys|def|1\n|-boost|p2a: Deoxys|spd|1\n|\n|-heal|p2a: Deoxys|120/221|[from] item: Leftovers\n|upkeep\n|turn|4\n|\n|t:|1781443924\n|switch|p1a: Pecharunt|Pecharunt, L77|262/262\n|move|p2a: Deoxys|Recover|p2a: Deoxys\n|-heal|p2a: Deoxys|221/221\n|\n|upkeep\n|turn|5\n|inactive|Battle timer is ON: inactive players will automatically lose when time's up. (requested by Srcall)\n|\n|t:|1781443939\n|-terastallize|p2a: Deoxys|Steel\n|-terastallize|p1a: Pecharunt|Dark\n|move|p2a: Deoxys|Cosmic Power|p2a: Deoxys\n|-boost|p2a: Deoxys|def|1\n|-boost|p2a: Deoxys|spd|1\n|move|p1a: Pecharunt|Malignant Chain|p2a: Deoxys\n|-immune|p2a: Deoxys\n|\n|upkeep\n|turn|6\n|\n|t:|1781443952\n|move|p2a: Deoxys|Night Shade|p1a: Pecharunt\n|-damage|p1a: Pecharunt|178/262\n|move|p1a: Pecharunt|Shadow Ball|p2a: Deoxys\n|-damage|p2a: Deoxys|205/221\n|\n|-heal|p2a: Deoxys|218/221|[from] item: Leftovers\n|-heal|p1a: Pecharunt|194/262|[from] item: Leftovers\n|upkeep\n|turn|7\n|\n|t:|1781443958\n|move|p2a: Deoxys|Night Shade|p1a: Pecharunt\n|-damage|p1a: Pecharunt|110/262\n|move|p1a: Pecharunt|Shadow Ball|p2a: Deoxys\n|-crit|p2a: Deoxys\n|-damage|p2a: Deoxys|155/221\n|\n|-heal|p2a: Deoxys|168/221|[from] item: Leftovers\n|-heal|p1a: Pecharunt|126/262|[from] item: Leftovers\n|upkeep\n|turn|8\n|\n|t:|1781443964\n|move|p2a: Deoxys|Cosmic Power|p2a: Deoxys\n|-boost|p2a: Deoxys|def|1\n|-boost|p2a: Deoxys|spd|1\n|move|p1a: Pecharunt|Recover|p1a: Pecharunt\n|-heal|p1a: Pecharunt|257/262\n|\n|-heal|p2a: Deoxys|181/221|[from] item: Leftovers\n|-heal|p1a: Pecharunt|262/262|[from] item: Leftovers\n|upkeep\n|turn|9\n|\n|t:|1781443968\n|move|p2a: Deoxys|Cosmic Power|p2a: Deoxys\n|-boost|p2a: Deoxys|def|1\n|-boost|p2a: Deoxys|spd|1\n|move|p1a: Pecharunt|Shadow Ball|p2a: Deoxys\n|-damage|p2a: Deoxys|168/221\n|\n|-heal|p2a: Deoxys|181/221|[from] item: Leftovers\n|upkeep\n|turn|10\n|\n|t:|1781443970\n|move|p2a: Deoxys|Cosmic Power|p2a: Deoxys\n|-boost|p2a: Deoxys|def|1\n|-boost|p2a: Deoxys|spd|1\n|move|p1a: Pecharunt|Shadow Ball|p2a: Deoxys\n|-damage|p2a: Deoxys|169/221\n|\n|-heal|p2a: Deoxys|182/221|[from] item: Leftovers\n|upkeep\n|turn|11\n|\n|t:|1781443974\n|move|p2a: Deoxys|Night Shade|p1a: Pecharunt\n|-damage|p1a: Pecharunt|178/262\n|move|p1a: Pecharunt|Shadow Ball|p2a: Deoxys\n|-damage|p2a: Deoxys|170/221\n|\n|-heal|p2a: Deoxys|183/221|[from] item: Leftovers\n|-heal|p1a: Pecharunt|194/262|[from] item: Leftovers\n|upkeep\n|turn|12\n|\n|t:|1781443977\n|move|p2a: Deoxys|Night Shade|p1a: Pecharunt\n|-damage|p1a: Pecharunt|110/262\n|move|p1a: Pecharunt|Shadow Ball|p2a: Deoxys\n|-damage|p2a: Deoxys|171/221\n|-unboost|p2a: Deoxys|spd|1\n|\n|-heal|p2a: Deoxys|184/221|[from] item: Leftovers\n|-heal|p1a: Pecharunt|126/262|[from] item: Leftovers\n|upkeep\n|turn|13\n|\n|t:|1781443981\n|move|p2a: Deoxys|Night Shade|p1a: Pecharunt\n|-damage|p1a: Pecharunt|42/262\n|move|p1a: Pecharunt|Recover|p1a: Pecharunt\n|-heal|p1a: Pecharunt|173/262\n|\n|-heal|p2a: Deoxys|197/221|[from] item: Leftovers\n|-heal|p1a: Pecharunt|189/262|[from] item: Leftovers\n|upkeep\n|turn|14\n|\n|t:|1781443983\n|move|p2a: Deoxys|Night Shade|p1a: Pecharunt\n|-damage|p1a: Pecharunt|105/262\n|move|p1a: Pecharunt|Recover|p1a: Pecharunt\n|-heal|p1a: Pecharunt|236/262\n|\n|-heal|p2a: Deoxys|210/221|[from] item: Leftovers\n|-heal|p1a: Pecharunt|252/262|[from] item: Leftovers\n|upkeep\n|turn|15\n|\n|t:|1781443985\n|move|p2a: Deoxys|Night Shade|p1a: Pecharunt\n|-damage|p1a: Pecharunt|168/262\n|move|p1a: Pecharunt|Shadow Ball|p2a: Deoxys\n|-damage|p2a: Deoxys|198/221\n|\n|-heal|p2a: Deoxys|211/221|[from] item: Leftovers\n|-heal|p1a: Pecharunt|184/262|[from] item: Leftovers\n|upkeep\n|turn|16\n|inactive|Hectorham219 has 120 seconds left.\n|\n|t:|1781444027\n|move|p2a: Deoxys|Night Shade|p1a: Pecharunt\n|-damage|p1a: Pecharunt|100/262\n|move|p1a: Pecharunt|Shadow Ball|p2a: Deoxys\n|-damage|p2a: Deoxys|198/221\n|\n|-heal|p2a: Deoxys|211/221|[from] item: Leftovers\n|-heal|p1a: Pecharunt|116/262|[from] item: Leftovers\n|upkeep\n|turn|17\n|\n|t:|1781444031\n|move|p2a: Deoxys|Night Shade|p1a: Pecharunt\n|-damage|p1a: Pecharunt|32/262\n|move|p1a: Pecharunt|Recover|p1a: Pecharunt\n|-heal|p1a: Pecharunt|163/262\n|\n|-heal|p2a: Deoxys|221/221|[from] item: Leftovers\n|-heal|p1a: Pecharunt|179/262|[from] item: Leftovers\n|upkeep\n|turn|18\n|\n|t:|1781444034\n|move|p2a: Deoxys|Night Shade|p1a: Pecharunt\n|-damage|p1a: Pecharunt|95/262\n|move|p1a: Pecharunt|Recover|p1a: Pecharunt\n|-heal|p1a: Pecharunt|226/262\n|\n|-heal|p1a: Pecharunt|242/262|[from] item: Leftovers\n|upkeep\n|turn|19\n|inactive|Hectorham219 has 120 seconds left.\n|\n|t:|1781444066\n|switch|p1a: Victreebel|Victreebel, L90, M|290/290\n|move|p2a: Deoxys|Night Shade|p1a: Victreebel\n|-damage|p1a: Victreebel|206/290\n|\n|upkeep\n|turn|20\n|\n|t:|1781444074\n|move|p2a: Deoxys|Stored Power|p1a: Victreebel\n|-supereffective|p1a: Victreebel\n|-damage|p1a: Victreebel|0 fnt\n|faint|p1a: Victreebel\n|\n|upkeep\n|inactive|Hectorham219 has 90 seconds left.\n|\n|t:|1781444107\n|switch|p1a: Pecharunt|Pecharunt, L77, tera:Dark|242/262\n|turn|21\n|inactive|Hectorham219 has 90 seconds left.\n|\n|t:|1781444120\n|move|p2a: Deoxys|Night Shade|p1a: Pecharunt\n|-damage|p1a: Pecharunt|158/262\n|move|p1a: Pecharunt|Shadow Ball|p2a: Deoxys\n|-damage|p2a: Deoxys|208/221\n|-unboost|p2a: Deoxys|spd|1\n|\n|-heal|p2a: Deoxys|221/221|[from] item: Leftovers\n|-heal|p1a: Pecharunt|174/262|[from] item: Leftovers\n|upkeep\n|turn|22\n|\n|t:|1781444125\n|move|p2a: Deoxys|Night Shade|p1a: Pecharunt\n|-damage|p1a: Pecharunt|90/262\n|move|p1a: Pecharunt|Shadow Ball|p2a: Deoxys\n|-damage|p2a: Deoxys|208/221\n|\n|-heal|p2a: Deoxys|221/221|[from] item: Leftovers\n|-heal|p1a: Pecharunt|106/262|[from] item: Leftovers\n|upkeep\n|turn|23\n|\n|t:|1781444129\n|move|p2a: Deoxys|Cosmic Power|p2a: Deoxys\n|-boost|p2a: Deoxys|def|0\n|-boost|p2a: Deoxys|spd|1\n|move|p1a: Pecharunt|Recover|p1a: Pecharunt\n|-heal|p1a: Pecharunt|237/262\n|\n|-heal|p1a: Pecharunt|253/262|[from] item: Leftovers\n|upkeep\n|turn|24\n|\n|t:|1781444137\n|switch|p1a: Uxie|Uxie, L83|260/260\n|move|p2a: Deoxys|Cosmic Power|p2a: Deoxys\n|-boost|p2a: Deoxys|def|0\n|-boost|p2a: Deoxys|spd|1\n|\n|upkeep\n|turn|25\n|\n|t:|1781444141\n|move|p1a: Uxie|Encore|p2a: Deoxys\n|-start|p2a: Deoxys|Encore\n|move|p2a: Deoxys|Cosmic Power|p2a: Deoxys\n|-boost|p2a: Deoxys|def|0\n|-boost|p2a: Deoxys|spd|0\n|\n|upkeep\n|turn|26\n|\n|t:|1781444145\n|move|p1a: Uxie|Thunder Wave|p2a: Deoxys\n|-status|p2a: Deoxys|par\n|move|p2a: Deoxys|Cosmic Power|p2a: Deoxys\n|-boost|p2a: Deoxys|def|0\n|-boost|p2a: Deoxys|spd|0\n|\n|upkeep\n|turn|27\n|\n|t:|1781444150\n|move|p1a: Uxie|Psychic Noise|p2a: Deoxys\n|-resisted|p2a: Deoxys\n|-damage|p2a: Deoxys|216/221 par\n|-start|p2a: Deoxys|move: Heal Block\n|cant|p2a: Deoxys|par\n|\n|-end|p2a: Deoxys|Encore\n|upkeep\n|turn|28\n|\n|t:|1781444160\n|move|p1a: Uxie|Encore|p2a: Deoxys\n|-start|p2a: Deoxys|Encore\n|move|p2a: Deoxys|Cosmic Power|p2a: Deoxys\n|-boost|p2a: Deoxys|def|0\n|-boost|p2a: Deoxys|spd|0\n|\n|-end|p2a: Deoxys|move: Heal Block\n|upkeep\n|turn|29\n|\n|t:|1781444164\n|move|p1a: Uxie|Stealth Rock|p2a: Deoxys\n|-sidestart|p2: Srcall|move: Stealth Rock\n|move|p2a: Deoxys|Cosmic Power|p2a: Deoxys\n|-boost|p2a: Deoxys|def|0\n|-boost|p2a: Deoxys|spd|0\n|\n|-heal|p2a: Deoxys|221/221 par|[from] item: Leftovers\n|upkeep\n|turn|30\n|\n|t:|1781444178\n|move|p1a: Uxie|Psychic Noise|p2a: Deoxys\n|-resisted|p2a: Deoxys\n|-damage|p2a: Deoxys|215/221 par\n|-start|p2a: Deoxys|move: Heal Block\n|move|p2a: Deoxys|Cosmic Power|p2a: Deoxys\n|-boost|p2a: Deoxys|def|0\n|-boost|p2a: Deoxys|spd|0\n|\n|-end|p2a: Deoxys|Encore\n|upkeep\n|turn|31\n|\n|t:|1781444189\n|move|p1a: Uxie|Encore|p2a: Deoxys\n|-start|p2a: Deoxys|Encore\n|move|p2a: Deoxys|Cosmic Power|p2a: Deoxys\n|-boost|p2a: Deoxys|def|0\n|-boost|p2a: Deoxys|spd|0\n|\n|-end|p2a: Deoxys|move: Heal Block\n|upkeep\n|turn|32\n|\n|t:|1781444217\n|move|p1a: Uxie|Stealth Rock||[still]\n|-fail|p1a: Uxie\n|move|p2a: Deoxys|Cosmic Power|p2a: Deoxys\n|-boost|p2a: Deoxys|def|0\n|-boost|p2a: Deoxys|spd|0\n|\n|-heal|p2a: Deoxys|221/221 par|[from] item: Leftovers\n|upkeep\n|turn|33\n|\n|t:|1781444224\n|move|p1a: Uxie|Thunder Wave|p2a: Deoxys\n|-fail|p2a: Deoxys|par\n|move|p2a: Deoxys|Cosmic Power|p2a: Deoxys\n|-boost|p2a: Deoxys|def|0\n|-boost|p2a: Deoxys|spd|0\n|\n|-end|p2a: Deoxys|Encore\n|upkeep\n|turn|34\n|\n|t:|1781444227\n|move|p1a: Uxie|Encore|p2a: Deoxys\n|-start|p2a: Deoxys|Encore\n|cant|p2a: Deoxys|par\n|\n|upkeep\n|turn|35\n|\n|t:|1781444230\n|move|p1a: Uxie|Psychic Noise|p2a: Deoxys\n|-resisted|p2a: Deoxys\n|-damage|p2a: Deoxys|216/221 par\n|-start|p2a: Deoxys|move: Heal Block\n|move|p2a: Deoxys|Cosmic Power|p2a: Deoxys\n|-boost|p2a: Deoxys|def|0\n|-boost|p2a: Deoxys|spd|0\n|\n|upkeep\n|turn|36\n|inactive|Hectorham219 has 120 seconds left.\n|\n|t:|1781444262\n|switch|p1a: Charizard|Charizard, L85, M|248/271\n|cant|p2a: Deoxys|par\n|\n|-end|p2a: Deoxys|Encore\n|-end|p2a: Deoxys|move: Heal Block\n|upkeep\n|turn|37\n|\n|t:|1781444268\n|move|p1a: Charizard|Flare Blitz|p2a: Deoxys\n|-supereffective|p2a: Deoxys\n|-damage|p2a: Deoxys|174/221 par\n|-damage|p1a: Charizard|234/271|[from] Recoil\n|cant|p2a: Deoxys|par\n|\n|-heal|p2a: Deoxys|187/221 par|[from] item: Leftovers\n|upkeep\n|turn|38\n|\n|t:|1781444273\n|move|p1a: Charizard|Swords Dance|p1a: Charizard\n|-boost|p1a: Charizard|atk|2\n|cant|p2a: Deoxys|par\n|\n|-heal|p2a: Deoxys|200/221 par|[from] item: Leftovers\n|upkeep\n|turn|39\n|\n|t:|1781444280\n|move|p1a: Charizard|Flare Blitz|p2a: Deoxys\n|-supereffective|p2a: Deoxys\n|-damage|p2a: Deoxys|120/221 par\n|-damage|p1a: Charizard|208/271|[from] Recoil\n|move|p2a: Deoxys|Stored Power|p1a: Charizard\n|-damage|p1a: Charizard|0 fnt\n|faint|p1a: Charizard\n|\n|-heal|p2a: Deoxys|133/221 par|[from] item: Leftovers\n|upkeep\n|\n|t:|1781444293\n|switch|p1a: Wugtrio|Wugtrio, L91, M|212/212\n|turn|40\n|\n|t:|1781444297\n|move|p1a: Wugtrio|Stomping Tantrum|p2a: Deoxys\n|-supereffective|p2a: Deoxys\n|-damage|p2a: Deoxys|103/221 par\n|cant|p2a: Deoxys|par\n|\n|-heal|p2a: Deoxys|116/221 par|[from] item: Leftovers\n|upkeep\n|turn|41\n|\n|t:|1781444300\n|move|p1a: Wugtrio|Stomping Tantrum|p2a: Deoxys\n|-supereffective|p2a: Deoxys\n|-damage|p2a: Deoxys|86/221 par\n|cant|p2a: Deoxys|par\n|\n|-heal|p2a: Deoxys|99/221 par|[from] item: Leftovers\n|upkeep\n|turn|42\n|\n|t:|1781444303\n|move|p1a: Wugtrio|Stomping Tantrum|p2a: Deoxys\n|-supereffective|p2a: Deoxys\n|-damage|p2a: Deoxys|69/221 par\n|move|p2a: Deoxys|Recover|p2a: Deoxys\n|-heal|p2a: Deoxys|180/221 par\n|\n|-heal|p2a: Deoxys|193/221 par|[from] item: Leftovers\n|upkeep\n|turn|43\n|\n|t:|1781444307\n|move|p1a: Wugtrio|Stomping Tantrum|p2a: Deoxys\n|-supereffective|p2a: Deoxys\n|-damage|p2a: Deoxys|163/221 par\n|move|p2a: Deoxys|Stored Power|p1a: Wugtrio\n|-damage|p1a: Wugtrio|0 fnt\n|faint|p1a: Wugtrio\n|\n|-heal|p2a: Deoxys|176/221 par|[from] item: Leftovers\n|upkeep\n|\n|t:|1781444314\n|switch|p1a: Uxie|Uxie, L83|260/260\n|turn|44\n|\n|t:|1781444317\n|move|p1a: Uxie|Psychic Noise|p2a: Deoxys\n|-resisted|p2a: Deoxys\n|-damage|p2a: Deoxys|170/221 par\n|-start|p2a: Deoxys|move: Heal Block\n|move|p2a: Deoxys|Stored Power|p1a: Uxie\n|-resisted|p1a: Uxie\n|-damage|p1a: Uxie|185/260\n|\n|-heal|p1a: Uxie|201/260|[from] item: Leftovers\n|upkeep\n|turn|45\n|\n|t:|1781444319\n|switch|p1a: Electivire|Electivire, L84, F|237/263\n|move|p2a: Deoxys|Stored Power|p1a: Electivire\n|-damage|p1a: Electivire|3/263\n|\n|-end|p2a: Deoxys|move: Heal Block\n|upkeep\n|turn|46\n|\n|t:|1781444322\n|move|p1a: Electivire|Earthquake|p2a: Deoxys\n|-supereffective|p2a: Deoxys\n|-damage|p2a: Deoxys|134/221 par\n|-damage|p1a: Electivire|0 fnt|[from] item: Life Orb\n|faint|p1a: Electivire\n|move|p2a: Deoxys|Stored Power|p1: Electivire|[notarget]\n|-fail|p2a: Deoxys\n|\n|-heal|p2a: Deoxys|147/221 par|[from] item: Leftovers\n|upkeep\n|\n|t:|1781444329\n|switch|p1a: Pecharunt|Pecharunt, L77, tera:Dark|253/262\n|turn|47\n|\n|t:|1781444334\n|move|p1a: Pecharunt|Shadow Ball|p2a: Deoxys\n|-damage|p2a: Deoxys|135/221 par\n|move|p2a: Deoxys|Night Shade|p1a: Pecharunt\n|-damage|p1a: Pecharunt|169/262\n|\n|-heal|p1a: Pecharunt|185/262|[from] item: Leftovers\n|-heal|p2a: Deoxys|148/221 par|[from] item: Leftovers\n|upkeep\n|turn|48\n|\n|t:|1781444337\n|move|p1a: Pecharunt|Shadow Ball|p2a: Deoxys\n|-damage|p2a: Deoxys|136/221 par\n|move|p2a: Deoxys|Night Shade|p1a: Pecharunt\n|-damage|p1a: Pecharunt|101/262\n|\n|-heal|p1a: Pecharunt|117/262|[from] item: Leftovers\n|-heal|p2a: Deoxys|149/221 par|[from] item: Leftovers\n|upkeep\n|turn|49\n|\n|t:|1781444340\n|move|p1a: Pecharunt|Parting Shot|p2a: Deoxys\n|-unboost|p2a: Deoxys|atk|1\n|-unboost|p2a: Deoxys|spa|1\n|\n|t:|1781444343\n|switch|p1a: Uxie|Uxie, L83|201/260|[from] Parting Shot\n|cant|p2a: Deoxys|par\n|\n|-heal|p1a: Uxie|217/260|[from] item: Leftovers\n|-heal|p2a: Deoxys|162/221 par|[from] item: Leftovers\n|upkeep\n|turn|50\n|\n|t:|1781444346\n|move|p1a: Uxie|Psychic Noise|p2a: Deoxys\n|-resisted|p2a: Deoxys\n|-damage|p2a: Deoxys|156/221 par\n|-start|p2a: Deoxys|move: Heal Block\n|move|p2a: Deoxys|Stored Power|p1a: Uxie\n|-resisted|p1a: Uxie\n|-damage|p1a: Uxie|162/260\n|\n|-heal|p1a: Uxie|178/260|[from] item: Leftovers\n|upkeep\n|turn|51\n|\n|t:|1781444351\n|move|p1a: Uxie|Psychic Noise|p2a: Deoxys\n|-resisted|p2a: Deoxys\n|-damage|p2a: Deoxys|150/221 par\n|move|p2a: Deoxys|Stored Power|p1a: Uxie\n|-resisted|p1a: Uxie\n|-damage|p1a: Uxie|123/260\n|\n|-heal|p1a: Uxie|139/260|[from] item: Leftovers\n|-end|p2a: Deoxys|move: Heal Block\n|upkeep\n|turn|52\n|\n|t:|1781444357\n|move|p1a: Uxie|Psychic Noise|p2a: Deoxys\n|-resisted|p2a: Deoxys\n|-damage|p2a: Deoxys|144/221 par\n|-start|p2a: Deoxys|move: Heal Block\n|move|p2a: Deoxys|Night Shade|p1a: Uxie\n|-damage|p1a: Uxie|55/260\n|\n|-heal|p1a: Uxie|71/260|[from] item: Leftovers\n|upkeep\n|turn|53\n|\n|t:|1781444361\n|move|p1a: Uxie|Psychic Noise|p2a: Deoxys\n|-resisted|p2a: Deoxys\n|-damage|p2a: Deoxys|138/221 par\n|move|p2a: Deoxys|Night Shade|p1a: Uxie\n|-damage|p1a: Uxie|0 fnt\n|faint|p1a: Uxie\n|\n|-end|p2a: Deoxys|move: Heal Block\n|upkeep\n|\n|t:|1781444371\n|switch|p1a: Pecharunt|Pecharunt, L77, tera:Dark|117/262\n|turn|54\n|\n|t:|1781444380\n|move|p1a: Pecharunt|Malignant Chain|p2a: Deoxys\n|-immune|p2a: Deoxys\n|move|p2a: Deoxys|Night Shade|p1a: Pecharunt\n|-damage|p1a: Pecharunt|33/262\n|\n|-heal|p1a: Pecharunt|49/262|[from] item: Leftovers\n|-heal|p2a: Deoxys|151/221 par|[from] item: Leftovers\n|upkeep\n|turn|55\n|\n|t:|1781444383\n|move|p1a: Pecharunt|Recover|p1a: Pecharunt\n|-heal|p1a: Pecharunt|180/262\n|move|p2a: Deoxys|Night Shade|p1a: Pecharunt\n|-damage|p1a: Pecharunt|96/262\n|\n|-heal|p1a: Pecharunt|112/262|[from] item: Leftovers\n|-heal|p2a: Deoxys|164/221 par|[from] item: Leftovers\n|upkeep\n|turn|56\n|\n|t:|1781444388\n|move|p1a: Pecharunt|Parting Shot|p2a: Deoxys\n|-unboost|p2a: Deoxys|atk|1\n|-unboost|p2a: Deoxys|spa|1\n|cant|p2a: Deoxys|par\n|\n|-heal|p1a: Pecharunt|128/262|[from] item: Leftovers\n|-heal|p2a: Deoxys|177/221 par|[from] item: Leftovers\n|upkeep\n|turn|57\n|\n|t:|1781444391\n|move|p1a: Pecharunt|Parting Shot|p2a: Deoxys\n|-unboost|p2a: Deoxys|atk|1\n|-unboost|p2a: Deoxys|spa|1\n|move|p2a: Deoxys|Night Shade|p1a: Pecharunt\n|-damage|p1a: Pecharunt|44/262\n|\n|-heal|p1a: Pecharunt|60/262|[from] item: Leftovers\n|-heal|p2a: Deoxys|190/221 par|[from] item: Leftovers\n|upkeep\n|turn|58\n|\n|t:|1781444396\n|move|p1a: Pecharunt|Recover|p1a: Pecharunt\n|-heal|p1a: Pecharunt|191/262\n|move|p2a: Deoxys|Night Shade|p1a: Pecharunt\n|-damage|p1a: Pecharunt|107/262\n|\n|-heal|p1a: Pecharunt|123/262|[from] item: Leftovers\n|-heal|p2a: Deoxys|203/221 par|[from] item: Leftovers\n|upkeep\n|turn|59\n|\n|t:|1781444401\n|move|p1a: Pecharunt|Parting Shot|p2a: Deoxys\n|-unboost|p2a: Deoxys|atk|1\n|-unboost|p2a: Deoxys|spa|1\n|move|p2a: Deoxys|Night Shade|p1a: Pecharunt\n|-damage|p1a: Pecharunt|39/262\n|\n|-heal|p1a: Pecharunt|55/262|[from] item: Leftovers\n|-heal|p2a: Deoxys|216/221 par|[from] item: Leftovers\n|upkeep\n|turn|60\n|\n|t:|1781444405\n|move|p1a: Pecharunt|Parting Shot|p2a: Deoxys\n|-unboost|p2a: Deoxys|atk|1\n|-unboost|p2a: Deoxys|spa|1\n|move|p2a: Deoxys|Night Shade|p1a: Pecharunt\n|-damage|p1a: Pecharunt|0 fnt\n|faint|p1a: Pecharunt\n|\n|win|Srcall\n|raw|Hectorham219's rating: 1454 &rarr; <strong>1435</strong><br />(-19 for losing)\n|raw|Srcall's rating: 1474 &rarr; <strong>1493</strong><br />(+19 for winning)\n", "uploadtime": 1781444416, "views": 4, "formatid": "gen9randombattle", "rating": 1435, "private": 0, "password": null}