{"id": "gen9randombattle-2631495604", "format": "[Gen 9] Random Battle", "players": ["manwhocouldntcook", "Node"], "log": "|j|\u2606manwhocouldntcook\n|j|\u2606Node\n|t:|1781392325\n|gametype|singles\n|player|p1|manwhocouldntcook|valerie|2082\n|player|p2|Node|#rbtt9phantoms2|2185\n|gen|9\n|tier|[Gen 9] Random Battle\n|rated|\n|rule|Species Clause: Limit one of each Pok\u00e9mon\n|rule|HP Percentage Mod: HP is shown in percentages\n|rule|Sleep Clause Mod: Limit one foe put to sleep\n|rule|Illusion Level Mod: Illusion disguises the Pok\u00e9mon's true level\n|\n|t:|1781392325\n|teamsize|p1|6\n|teamsize|p2|6\n|start\n|switch|p1a: Pikachu|Pikachu-Sinnoh, L93, F|216/216\n|switch|p2a: Orthworm|Orthworm, L88, M|266/266\n|turn|1\n|inactive|Battle timer is ON: inactive players will automatically lose when time's up. (requested by manwhocouldntcook)\n|\n|t:|1781392364\n|move|p1a: Pikachu|Volt Switch|p2a: Orthworm\n|-damage|p2a: Orthworm|106/266\n|\n|t:|1781392374\n|switch|p1a: Gastrodon|Gastrodon, L86, M|331/331|[from] Volt Switch\n|move|p2a: Orthworm|Body Press|p1a: Gastrodon\n|-damage|p1a: Gastrodon|225/331\n|\n|-heal|p1a: Gastrodon|245/331|[from] item: Leftovers\n|upkeep\n|turn|2\n|\n|t:|1781392382\n|switch|p2a: Sinistcha|Sinistcha, L83|254/254\n|move|p1a: Gastrodon|Stealth Rock|p2a: Sinistcha\n|-sidestart|p2: Node|move: Stealth Rock\n|\n|-heal|p1a: Gastrodon|265/331|[from] item: Leftovers\n|upkeep\n|turn|3\n|\n|t:|1781392388\n|switch|p1a: Wigglytuff|Wigglytuff, L96, M|424/424\n|move|p2a: Sinistcha|Matcha Gotcha|p1a: Wigglytuff\n|-damage|p1a: Wigglytuff|301/424\n|\n|-heal|p1a: Wigglytuff|327/424|[from] item: Leftovers\n|upkeep\n|turn|4\n|\n|t:|1781392405\n|switch|p2a: Orthworm|Orthworm, L88, M|106/266\n|-damage|p2a: Orthworm|90/266|[from] Stealth Rock\n|move|p1a: Wigglytuff|Thunder Wave|p2a: Orthworm|[miss]\n|-miss|p1a: Wigglytuff|p2a: Orthworm\n|\n|-heal|p1a: Wigglytuff|353/424|[from] item: Leftovers\n|upkeep\n|turn|5\n|\n|t:|1781392417\n|move|p2a: Orthworm|Rest|p2a: Orthworm\n|-status|p2a: Orthworm|slp|[from] move: Rest\n|-heal|p2a: Orthworm|266/266 slp|[silent]\n|-enditem|p2a: Orthworm|Chesto Berry|[eat]\n|-curestatus|p2a: Orthworm|slp|[msg]\n|move|p1a: Wigglytuff|Fire Blast|p2a: Orthworm\n|-supereffective|p2a: Orthworm\n|-damage|p2a: Orthworm|2/266\n|-status|p2a: Orthworm|brn\n|\n|-heal|p1a: Wigglytuff|379/424|[from] item: Leftovers\n|-damage|p2a: Orthworm|0 fnt|[from] brn\n|faint|p2a: Orthworm\n|upkeep\n|\n|t:|1781392422\n|switch|p2a: Kleavor|Kleavor, L78, F|237/237\n|turn|6\n|\n|t:|1781392436\n|switch|p1a: Medicham|Medicham, L86, M|243/243\n|move|p2a: Kleavor|Stone Axe|p1a: Medicham\n|-resisted|p1a: Medicham\n|-damage|p1a: Medicham|173/243\n|-sidestart|p1: manwhocouldntcook|move: Stealth Rock\n|\n|upkeep\n|turn|7\n|\n|t:|1781392446\n|switch|p2a: Houndstone|Houndstone, L86, F|264/264\n|-damage|p2a: Houndstone|231/264|[from] Stealth Rock\n|move|p1a: Medicham|Zen Headbutt|p2a: Houndstone\n|-crit|p2a: Houndstone\n|-damage|p2a: Houndstone|143/264\n|\n|upkeep\n|turn|8\n|\n|t:|1781392453\n|switch|p1a: Wigglytuff|Wigglytuff, L96, M|379/424\n|-damage|p1a: Wigglytuff|326/424|[from] Stealth Rock\n|switch|p2a: Kleavor|Kleavor, L78, F|237/237\n|\n|-heal|p1a: Wigglytuff|352/424|[from] item: Leftovers\n|upkeep\n|turn|9\n|\n|t:|1781392458\n|move|p2a: Kleavor|Stone Axe|p1a: Wigglytuff|[miss]\n|-miss|p2a: Kleavor|p1a: Wigglytuff\n|move|p1a: Wigglytuff|Thunder Wave|p2a: Kleavor\n|-status|p2a: Kleavor|par\n|\n|-heal|p1a: Wigglytuff|378/424|[from] item: Leftovers\n|upkeep\n|turn|10\n|\n|t:|1781392462\n|move|p1a: Wigglytuff|Alluring Voice|p2a: Kleavor\n|-damage|p2a: Kleavor|101/237 par\n|move|p2a: Kleavor|Stone Axe|p1a: Wigglytuff\n|-damage|p1a: Wigglytuff|210/424\n|\n|-heal|p1a: Wigglytuff|236/424|[from] item: Leftovers\n|upkeep\n|turn|11\n|\n|t:|1781392465\n|move|p1a: Wigglytuff|Alluring Voice|p2a: Kleavor\n|-damage|p2a: Kleavor|0 fnt\n|faint|p2a: Kleavor\n|\n|-heal|p1a: Wigglytuff|262/424|[from] item: Leftovers\n|upkeep\n|\n|t:|1781392467\n|switch|p2a: Raichu|Raichu, L88, F|249/249\n|-damage|p2a: Raichu|218/249|[from] Stealth Rock\n|turn|12\n|\n|t:|1781392471\n|move|p2a: Raichu|Nasty Plot|p2a: Raichu\n|-boost|p2a: Raichu|spa|2\n|move|p1a: Wigglytuff|Alluring Voice|p2a: Raichu\n|-damage|p2a: Raichu|112/249\n|-start|p2a: Raichu|confusion\n|\n|-heal|p1a: Wigglytuff|288/424|[from] item: Leftovers\n|upkeep\n|turn|13\n|\n|t:|1781392475\n|-activate|p2a: Raichu|confusion\n|move|p2a: Raichu|Tera Blast|p1a: Wigglytuff\n|-damage|p1a: Wigglytuff|90/424\n|-damage|p2a: Raichu|88/249|[from] item: Life Orb\n|move|p1a: Wigglytuff|Alluring Voice|p2a: Raichu\n|-damage|p2a: Raichu|0 fnt\n|faint|p2a: Raichu\n|\n|-heal|p1a: Wigglytuff|116/424|[from] item: Leftovers\n|upkeep\n|\n|t:|1781392484\n|switch|p2a: Sinistcha|Sinistcha, L83|254/254\n|-damage|p2a: Sinistcha|223/254|[from] Stealth Rock\n|turn|14\n|\n|t:|1781392491\n|move|p2a: Sinistcha|Matcha Gotcha|p1a: Wigglytuff\n|-damage|p1a: Wigglytuff|0 fnt\n|-heal|p2a: Sinistcha|254/254|[from] drain|[of] p1a: Wigglytuff\n|faint|p1a: Wigglytuff\n|\n|upkeep\n|\n|t:|1781392495\n|switch|p1a: Pikachu|Pikachu-Sinnoh, L93, F|216/216\n|-damage|p1a: Pikachu|189/216|[from] Stealth Rock\n|turn|15\n|\n|t:|1781392499\n|move|p1a: Pikachu|Volt Switch|p2a: Sinistcha\n|-resisted|p2a: Sinistcha\n|-damage|p2a: Sinistcha|187/254\n|\n|t:|1781392502\n|switch|p1a: Electivire|Electivire, L84, M|263/263|[from] Volt Switch\n|-damage|p1a: Electivire|231/263|[from] Stealth Rock\n|move|p2a: Sinistcha|Strength Sap|p1a: Electivire\n|-unboost|p1a: Electivire|atk|1\n|-heal|p2a: Sinistcha|254/254\n|\n|upkeep\n|turn|16\n|\n|t:|1781392507\n|move|p1a: Electivire|Bulk Up|p1a: Electivire\n|-boost|p1a: Electivire|atk|1\n|-boost|p1a: Electivire|def|1\n|move|p2a: Sinistcha|Calm Mind|p2a: Sinistcha\n|-boost|p2a: Sinistcha|spa|1\n|-boost|p2a: Sinistcha|spd|1\n|\n|upkeep\n|turn|17\n|\n|t:|1781392510\n|move|p1a: Electivire|Ice Punch|p2a: Sinistcha\n|-supereffective|p2a: Sinistcha\n|-damage|p2a: Sinistcha|114/254\n|-damage|p1a: Electivire|205/263|[from] item: Life Orb\n|move|p2a: Sinistcha|Strength Sap|p1a: Electivire\n|-unboost|p1a: Electivire|atk|1\n|-heal|p2a: Sinistcha|254/254\n|\n|upkeep\n|turn|18\n|\n|t:|1781392513\n|move|p1a: Electivire|Ice Punch|p2a: Sinistcha\n|-supereffective|p2a: Sinistcha\n|-damage|p2a: Sinistcha|160/254\n|-damage|p1a: Electivire|179/263|[from] item: Life Orb\n|move|p2a: Sinistcha|Calm Mind|p2a: Sinistcha\n|-boost|p2a: Sinistcha|spa|1\n|-boost|p2a: Sinistcha|spd|1\n|\n|-heal|p2a: Sinistcha|175/254|[from] item: Leftovers\n|upkeep\n|turn|19\n|\n|t:|1781392515\n|move|p1a: Electivire|Ice Punch|p2a: Sinistcha\n|-supereffective|p2a: Sinistcha\n|-damage|p2a: Sinistcha|68/254\n|-damage|p1a: Electivire|153/263|[from] item: Life Orb\n|move|p2a: Sinistcha|Strength Sap|p1a: Electivire\n|-unboost|p1a: Electivire|atk|1\n|-heal|p2a: Sinistcha|238/254\n|\n|-heal|p2a: Sinistcha|253/254|[from] item: Leftovers\n|upkeep\n|turn|20\n|\n|t:|1781392518\n|switch|p1a: Pikachu|Pikachu-Sinnoh, L93, F|189/216\n|-damage|p1a: Pikachu|162/216|[from] Stealth Rock\n|move|p2a: Sinistcha|Matcha Gotcha|p1a: Pikachu|[miss]\n|-miss|p2a: Sinistcha|p1a: Pikachu\n|\n|-heal|p2a: Sinistcha|254/254|[from] item: Leftovers\n|upkeep\n|turn|21\n|\n|t:|1781392521\n|move|p1a: Pikachu|Volt Switch|p2a: Sinistcha\n|-resisted|p2a: Sinistcha\n|-damage|p2a: Sinistcha|221/254\n|\n|t:|1781392522\n|switch|p1a: Electivire|Electivire, L84, M|153/263|[from] Volt Switch\n|-damage|p1a: Electivire|121/263|[from] Stealth Rock\n|move|p2a: Sinistcha|Matcha Gotcha|p1a: Electivire\n|-crit|p1a: Electivire\n|-damage|p1a: Electivire|0 fnt\n|-heal|p2a: Sinistcha|254/254|[from] drain|[of] p1a: Electivire\n|faint|p1a: Electivire\n|\n|upkeep\n|\n|t:|1781392525\n|switch|p1a: Medicham|Medicham, L86, M|173/243\n|-damage|p1a: Medicham|158/243|[from] Stealth Rock\n|turn|22\n|\n|t:|1781392529\n|move|p1a: Medicham|Trick|p2a: Sinistcha\n|-activate|p1a: Medicham|move: Trick|[of] p2a: Sinistcha\n|-item|p2a: Sinistcha|Choice Scarf|[from] move: Trick\n|-item|p1a: Medicham|Leftovers|[from] move: Trick\n|move|p2a: Sinistcha|Strength Sap|p1a: Medicham\n|-unboost|p1a: Medicham|atk|1\n|\n|-heal|p1a: Medicham|173/243|[from] item: Leftovers\n|upkeep\n|turn|23\n|c|\u2606Node|since fucking when\n|c|\u2606Node|did it get trick\n|c|\u2606manwhocouldntcook|IDK\n|c|\u2606manwhocouldntcook|i was also surpirsed\n|c|\u2606manwhocouldntcook|that is why i went vire\n|c|\u2606manwhocouldntcook|i didnt realize\n|\n|t:|1781392552\n|switch|p2a: Houndstone|Houndstone, L86, F|143/264\n|-damage|p2a: Houndstone|110/264|[from] Stealth Rock\n|move|p1a: Medicham|Close Combat|p2a: Houndstone\n|-immune|p2a: Houndstone\n|\n|-heal|p1a: Medicham|188/243|[from] item: Leftovers\n|upkeep\n|turn|24\n|\n|t:|1781392556\n|switch|p1a: Alomomola|Alomomola, L87, F|429/429\n|move|p2a: Houndstone|Poltergeist|p1a: Alomomola\n|-activate|p1a: Alomomola|move: Poltergeist|Heavy-Duty Boots\n|-damage|p1a: Alomomola|293/429\n|\n|upkeep\n|turn|25\n|\n|t:|1781392562\n|switch|p2a: Sinistcha|Sinistcha, L83|254/254\n|-damage|p2a: Sinistcha|223/254|[from] Stealth Rock\n|move|p1a: Alomomola|Wish|p1a: Alomomola\n|\n|upkeep\n|turn|26\n|\n|t:|1781392565\n|switch|p1a: Medicham|Medicham, L86, M|188/243\n|-damage|p1a: Medicham|173/243|[from] Stealth Rock\n|move|p2a: Sinistcha|Matcha Gotcha|p1a: Medicham\n|-damage|p1a: Medicham|59/243\n|-heal|p2a: Sinistcha|254/254|[from] drain|[of] p1a: Medicham\n|\n|-heal|p1a: Medicham|243/243|[from] move: Wish|[wisher] Alomomola\n|upkeep\n|turn|27\n|\n|t:|1781392570\n|move|p2a: Sinistcha|Matcha Gotcha|p1a: Medicham\n|-damage|p1a: Medicham|134/243\n|move|p1a: Medicham|Ice Punch|p2a: Sinistcha\n|-supereffective|p2a: Sinistcha\n|-damage|p2a: Sinistcha|128/254\n|\n|-heal|p1a: Medicham|149/243|[from] item: Leftovers\n|upkeep\n|turn|28\n|\n|t:|1781392575\n|move|p2a: Sinistcha|Matcha Gotcha|p1a: Medicham\n|-damage|p1a: Medicham|47/243\n|-heal|p2a: Sinistcha|179/254|[from] drain|[of] p1a: Medicham\n|-status|p1a: Medicham|brn\n|move|p1a: Medicham|Ice Punch|p2a: Sinistcha\n|-supereffective|p2a: Sinistcha\n|-damage|p2a: Sinistcha|108/254\n|-status|p2a: Sinistcha|frz\n|\n|-heal|p1a: Medicham|62/243 brn|[from] item: Leftovers\n|-damage|p1a: Medicham|47/243 brn|[from] brn\n|upkeep\n|turn|29\n|\n|t:|1781392580\n|-curestatus|p2a: Sinistcha|frz|[from] move: Matcha Gotcha\n|move|p2a: Sinistcha|Matcha Gotcha|p1a: Medicham\n|-damage|p1a: Medicham|0 fnt\n|-heal|p2a: Sinistcha|132/254|[from] drain|[of] p1a: Medicham\n|faint|p1a: Medicham\n|\n|upkeep\n|\n|t:|1781392594\n|switch|p1a: Gastrodon|Gastrodon, L86, M|265/331\n|-damage|p1a: Gastrodon|245/331|[from] Stealth Rock\n|turn|30\n|\n|t:|1781392598\n|switch|p2a: Houndstone|Houndstone, L86, F|110/264\n|-damage|p2a: Houndstone|77/264|[from] Stealth Rock\n|-terastallize|p1a: Gastrodon|Poison\n|move|p1a: Gastrodon|Recover|p1a: Gastrodon\n|-heal|p1a: Gastrodon|331/331\n|\n|upkeep\n|turn|31\n|\n|t:|1781392602\n|move|p2a: Houndstone|Poltergeist|p1a: Gastrodon\n|-activate|p1a: Gastrodon|move: Poltergeist|Leftovers\n|-damage|p1a: Gastrodon|192/331\n|move|p1a: Gastrodon|Surf|p2a: Houndstone\n|-damage|p2a: Houndstone|22/264\n|\n|-heal|p1a: Gastrodon|212/331|[from] item: Leftovers\n|upkeep\n|turn|32\n|\n|t:|1781392607\n|switch|p1a: Alomomola|Alomomola, L87, F|429/429\n|move|p2a: Houndstone|Poltergeist|p1a: Alomomola\n|-activate|p1a: Alomomola|move: Poltergeist|Heavy-Duty Boots\n|-damage|p1a: Alomomola|294/429\n|\n|upkeep\n|turn|33\n|\n|t:|1781392623\n|move|p2a: Houndstone|Poltergeist|p1a: Alomomola|[miss]\n|-miss|p2a: Houndstone|p1a: Alomomola\n|move|p1a: Alomomola|Wish|p1a: Alomomola\n|\n|upkeep\n|turn|34\n|\n|t:|1781392631\n|move|p1a: Alomomola|Protect|p1a: Alomomola\n|-singleturn|p1a: Alomomola|Protect\n|move|p2a: Houndstone|Poltergeist|p1a: Alomomola\n|-activate|p1a: Alomomola|move: Protect\n|\n|-heal|p1a: Alomomola|429/429|[from] move: Wish|[wisher] Alomomola\n|upkeep\n|turn|35\n|\n|t:|1781392634\n|move|p2a: Houndstone|Poltergeist|p1a: Alomomola|[miss]\n|-miss|p2a: Houndstone|p1a: Alomomola\n|move|p1a: Alomomola|Wish|p1a: Alomomola\n|\n|upkeep\n|turn|36\n|\n|t:|1781392638\n|move|p2a: Houndstone|Poltergeist|p1a: Alomomola\n|-activate|p1a: Alomomola|move: Poltergeist|Heavy-Duty Boots\n|-damage|p1a: Alomomola|308/429\n|move|p1a: Alomomola|Flip Turn|p2a: Houndstone\n|-damage|p2a: Houndstone|0 fnt\n|faint|p2a: Houndstone\n|\n|t:|1781392640\n|switch|p1a: Gastrodon|Gastrodon, L86, M, tera:Poison|212/331|[from] Flip Turn\n|-damage|p1a: Gastrodon|171/331|[from] Stealth Rock\n|\n|-heal|p1a: Gastrodon|331/331|[from] move: Wish|[wisher] Alomomola\n|upkeep\n|\n|t:|1781392644\n|switch|p2a: Enamorus|Enamorus, L79, F|247/247\n|-damage|p2a: Enamorus|186/247|[from] Stealth Rock\n|turn|37\n|\n|t:|1781392649\n|switch|p1a: Alomomola|Alomomola, L87, F|429/429\n|-terastallize|p2a: Enamorus|Fighting\n|move|p2a: Enamorus|Zen Headbutt|p1a: Alomomola\n|-damage|p1a: Alomomola|372/429\n|\n|-heal|p2a: Enamorus|201/247|[from] item: Leftovers\n|upkeep\n|turn|38\n|\n|t:|1781392657\n|move|p2a: Enamorus|Superpower|p1a: Alomomola\n|-damage|p1a: Alomomola|249/429\n|-boost|p2a: Enamorus|atk|1\n|-boost|p2a: Enamorus|def|1\n|move|p1a: Alomomola|Scald|p2a: Enamorus\n|-damage|p2a: Enamorus|143/247\n|\n|-heal|p2a: Enamorus|158/247|[from] item: Leftovers\n|upkeep\n|turn|39\n|\n|t:|1781392664\n|move|p2a: Enamorus|Superpower|p1a: Alomomola\n|-damage|p1a: Alomomola|33/429\n|-boost|p2a: Enamorus|atk|1\n|-boost|p2a: Enamorus|def|1\n|move|p1a: Alomomola|Flip Turn|p2a: Enamorus\n|-damage|p2a: Enamorus|122/247\n|\n|t:|1781392665\n|switch|p1a: Pikachu|Pikachu-Sinnoh, L93, F|162/216|[from] Flip Turn\n|-damage|p1a: Pikachu|135/216|[from] Stealth Rock\n|\n|-heal|p2a: Enamorus|137/247|[from] item: Leftovers\n|upkeep\n|turn|40\n|\n|t:|1781392670\n|switch|p2a: Sinistcha|Sinistcha, L83|132/254\n|-damage|p2a: Sinistcha|101/254|[from] Stealth Rock\n|move|p1a: Pikachu|Volt Switch|p2a: Sinistcha\n|-resisted|p2a: Sinistcha\n|-damage|p2a: Sinistcha|44/254\n|\n|t:|1781392672\n|switch|p1a: Gastrodon|Gastrodon, L86, M, tera:Poison|331/331|[from] Volt Switch\n|-damage|p1a: Gastrodon|290/331|[from] Stealth Rock\n|\n|-heal|p1a: Gastrodon|310/331|[from] item: Leftovers\n|upkeep\n|turn|41\n|\n|t:|1781392676\n|move|p2a: Sinistcha|Shadow Ball|p1a: Gastrodon\n|-damage|p1a: Gastrodon|204/331\n|-unboost|p1a: Gastrodon|spd|1\n|move|p1a: Gastrodon|Surf|p2a: Sinistcha\n|-resisted|p2a: Sinistcha\n|-damage|p2a: Sinistcha|0 fnt\n|faint|p2a: Sinistcha\n|\n|-heal|p1a: Gastrodon|224/331|[from] item: Leftovers\n|upkeep\n|\n|t:|1781392679\n|switch|p2a: Enamorus|Enamorus, L79, F, tera:Fighting|137/247\n|-damage|p2a: Enamorus|122/247|[from] Stealth Rock\n|turn|42\n|\n|t:|1781392682\n|move|p2a: Enamorus|Substitute|p2a: Enamorus\n|-start|p2a: Enamorus|Substitute\n|-damage|p2a: Enamorus|61/247\n|move|p1a: Gastrodon|Earthquake|p2a: Enamorus\n|-end|p2a: Enamorus|Substitute\n|\n|-heal|p2a: Enamorus|76/247|[from] item: Leftovers\n|-heal|p1a: Gastrodon|244/331|[from] item: Leftovers\n|upkeep\n|turn|43\n|\n|t:|1781392684\n|move|p2a: Enamorus|Zen Headbutt|p1a: Gastrodon\n|-supereffective|p1a: Gastrodon\n|-damage|p1a: Gastrodon|98/331\n|cant|p1a: Gastrodon|flinch\n|\n|-heal|p2a: Enamorus|91/247|[from] item: Leftovers\n|-heal|p1a: Gastrodon|118/331|[from] item: Leftovers\n|upkeep\n|turn|44\n|\n|t:|1781392692\n|move|p2a: Enamorus|Superpower|p1a: Gastrodon\n|-resisted|p1a: Gastrodon\n|-damage|p1a: Gastrodon|38/331\n|-boost|p2a: Enamorus|atk|1\n|-boost|p2a: Enamorus|def|1\n|move|p1a: Gastrodon|Earthquake|p2a: Enamorus\n|-damage|p2a: Enamorus|3/247\n|\n|-heal|p2a: Enamorus|18/247|[from] item: Leftovers\n|-heal|p1a: Gastrodon|58/331|[from] item: Leftovers\n|upkeep\n|turn|45\n|\n|t:|1781392695\n|move|p2a: Enamorus|Superpower|p1a: Gastrodon\n|-resisted|p1a: Gastrodon\n|-damage|p1a: Gastrodon|0 fnt\n|-boost|p2a: Enamorus|atk|1\n|-boost|p2a: Enamorus|def|1\n|faint|p1a: Gastrodon\n|\n|-heal|p2a: Enamorus|33/247|[from] item: Leftovers\n|upkeep\n|\n|t:|1781392697\n|switch|p1a: Pikachu|Pikachu-Sinnoh, L93, F|135/216\n|-damage|p1a: Pikachu|108/216|[from] Stealth Rock\n|turn|46\n|\n|t:|1781392699\n|move|p1a: Pikachu|Volt Switch|p2a: Enamorus\n|-damage|p2a: Enamorus|0 fnt\n|faint|p2a: Enamorus\n|\n|win|manwhocouldntcook\n", "inputlog": ">version a8376a258c1d4662feba110a92103f3664a72141\n>start {\"formatid\":\"gen9randombattle\",\"seed\":\"sodium,157ff8c538a249358d1086b1655b0d4d\",\"rated\":\"Rated battle\"}\n>player p1 {\"name\":\"manwhocouldntcook\",\"avatar\":\"valerie\",\"rating\":2082,\"seed\":\"sodium,fbda9b2dac7480cccc4e3ba88b3773de\"}\n>player p2 {\"name\":\"Node\",\"avatar\":\"#rbtt9phantoms2\",\"rating\":2185,\"seed\":\"sodium,5c43d4b525bde4208a485461dedc4c93\"}\n>p1 move voltswitch\n>p2 move bodypress\n>p1 switch 6\n>p1 move stealthrock\n>p2 switch 5\n>p1 switch 4\n>p2 move matchagotcha\n>p1 move thunderwave\n>p2 switch 5\n>p1 move fireblast\n>p2 move rest\n>p2 switch 4\n>p1 switch 2\n>p2 move stoneaxe\n>p1 move zenheadbutt\n>p2 switch 3\n>p1 switch 2\n>p2 switch 3\n>p1 move thunderwave\n>p2 move stoneaxe\n>p1 move alluringvoice\n>p2 move stoneaxe\n>p1 move alluringvoice\n>p2 move stoneaxe\n>p2 switch 2\n>p1 move alluringvoice\n>p2 move nastyplot\n>p1 move alluringvoice\n>p2 move terablast\n>p2 switch 5\n>p1 move thunderwave\n>p2 move matchagotcha\n>p1 switch 6\n>p1 move voltswitch\n>p2 move strengthsap\n>p1 switch 3\n>p1 move bulkup\n>p2 move calmmind\n>p1 move icepunch\n>p2 move strengthsap\n>p1 move icepunch\n>p2 move calmmind\n>p1 move icepunch\n>p2 move strengthsap\n>p1 switch 3\n>p2 move matchagotcha\n>p1 move voltswitch\n>p2 move matchagotcha\n>p1 switch 3\n>p1 switch 2\n>p1 move trick\n>p2 move strengthsap\n>chat \u2606Node|since fucking when\n>chat \u2606Node|did it get trick\n>chat \u2606manwhocouldntcook|IDK\n>chat \u2606manwhocouldntcook|i was also surpirsed\n>chat \u2606manwhocouldntcook|that is why i went vire\n>chat \u2606manwhocouldntcook|i didnt realize\n>p1 move closecombat\n>p2 switch 3\n>p1 switch 5\n>p2 move poltergeist\n>p1 move wish\n>p2 switch 3\n>p1 switch 5\n>p2 move matchagotcha\n>p1 move icepunch\n>p2 move matchagotcha\n>p1 move icepunch\n>p2 move matchagotcha\n>p1 move icepunch\n>p2 move matchagotcha\n>p1 switch 4\n>p1 move recover terastallize\n>p2 switch 3\n>p1 move surf\n>p2 move poltergeist\n>p1 switch 5\n>p2 move poltergeist\n>p1 move wish\n>p2 move poltergeist\n>p1 move protect\n>p2 move poltergeist\n>p1 move wish\n>p2 move poltergeist\n>p1 move flipturn\n>p2 move poltergeist\n>p1 switch 5\n>p2 switch 6\n>p1 switch 5\n>p2 move zenheadbutt terastallize\n>p1 move scald\n>p2 move superpower\n>p1 move flipturn\n>p2 move superpower\n>p1 switch 3\n>p1 move voltswitch\n>p2 switch 3\n>p1 switch 5\n>p1 move surf\n>p2 move shadowball\n>p2 switch 3\n>p1 move earthquake\n>p2 move substitute\n>p1 move earthquake\n>p2 move zenheadbutt\n>p1 move earthquake\n>p2 move superpower\n>p1 move earthquake\n>p2 move superpower\n>p1 switch 5\n>p1 move voltswitch\n>p2 move superpower", "uploadtime": 1781392328, "views": 5, "formatid": "gen9randombattle", "rating": null, "private": 0, "password": null, "player_dets": [{"name": "manwhocouldntcook", "avatar": "valerie", "rating": 2082, "seed": "sodium,fbda9b2dac7480cccc4e3ba88b3773de"}, {"name": "Node", "avatar": "#rbtt9phantoms2", "rating": 2185, "seed": "sodium,5c43d4b525bde4208a485461dedc4c93"}], "teams_full": [{"Pikachu": {"name": "Pikachu", "species": "Pikachu-Sinnoh", "speciesId": "pikachu", "gender": "F", "shiny": false, "level": 93, "moves": ["fakeout", "voltswitch", "surf", "volttackle"], "ability": "Lightning Rod", "evs": {"hp": 85, "atk": 85, "def": 85, "spa": 85, "spd": 85, "spe": 85}, "ivs": {"hp": 31, "atk": 31, "def": 31, "spa": 31, "spd": 31, "spe": 31}, "item": "Light Ball", "teraType": "Water", "role": "Fast Attacker", "bvs": {"hp": 35, "atk": 55, "def": 40, "spa": 50, "spd": 50, "spe": 90}, "stats": {"hp": 216, "atk": 155, "def": 127, "spa": 146, "spd": 146, "spe": 220}}, "Medicham": {"name": "Medicham", "species": "Medicham", "speciesId": "medicham", "gender": "M", "shiny": false, "level": 86, "moves": ["icepunch", "closecombat", "trick", "zenheadbutt"], "ability": "Pure Power", "evs": {"hp": 85, "atk": 85, "def": 85, "spa": 85, "spd": 85, "spe": 85}, "ivs": {"hp": 31, "atk": 31, "def": 31, "spa": 31, "spd": 31, "spe": 31}, "item": "Choice Scarf", "teraType": "Fighting", "role": "Fast Attacker", "bvs": {"hp": 60, "atk": 60, "def": 75, "spa": 60, "spd": 75, "spe": 80}, "stats": {"hp": 243, "atk": 152, "def": 178, "spa": 152, "spd": 178, "spe": 187}}, "Electivire": {"name": "Electivire", "species": "Electivire", "speciesId": "electivire", "gender": "M", "shiny": false, "level": 84, "moves": ["supercellslam", "bulkup", "icepunch", "earthquake"], "ability": "Motor Drive", "evs": {"hp": 85, "atk": 85, "def": 85, "spa": 85, "spd": 85, "spe": 85}, "ivs": {"hp": 31, "atk": 31, "def": 31, "spa": 31, "spd": 31, "spe": 31}, "item": "Life Orb", "teraType": "Flying", "role": "Setup Sweeper", "bvs": {"hp": 75, "atk": 123, "def": 67, "spa": 95, "spd": 85, "spe": 95}, "stats": {"hp": 263, "atk": 255, "def": 161, "spa": 208, "spd": 191, "spe": 208}}, "Wigglytuff": {"name": "Wigglytuff", "species": "Wigglytuff", "speciesId": "wigglytuff", "gender": "M", "shiny": false, "level": 96, "moves": ["fireblast", "alluringvoice", "thunderwave", "knockoff"], "ability": "Competitive", "evs": {"hp": 85, "atk": 85, "def": 85, "spa": 85, "spd": 85, "spe": 85}, "ivs": {"hp": 31, "atk": 31, "def": 31, "spa": 31, "spd": 31, "spe": 31}, "item": "Leftovers", "teraType": "Poison", "role": "Bulky Support", "bvs": {"hp": 140, "atk": 70, "def": 45, "spa": 85, "spd": 50, "spe": 45}, "stats": {"hp": 424, "atk": 189, "def": 141, "spa": 218, "spd": 150, "spe": 141}}, "Alomomola": {"name": "Alomomola", "species": "Alomomola", "speciesId": "alomomola", "gender": "F", "shiny": false, "level": 87, "moves": ["flipturn", "scald", "wish", "protect"], "ability": "Regenerator", "evs": {"hp": 85, "atk": 85, "def": 85, "spa": 85, "spd": 85, "spe": 85}, "ivs": {"hp": 31, "atk": 31, "def": 31, "spa": 31, "spd": 31, "spe": 31}, "item": "Heavy-Duty Boots", "teraType": "Poison", "role": "Fast Support", "bvs": {"hp": 165, "atk": 75, "def": 80, "spa": 40, "spd": 45, "spe": 65}, "stats": {"hp": 429, "atk": 180, "def": 189, "spa": 119, "spd": 128, "spe": 163}}, "Gastrodon": {"name": "Gastrodon", "species": "Gastrodon", "speciesId": "gastrodon", "gender": "M", "shiny": false, "level": 86, "moves": ["recover", "earthquake", "stealthrock", "surf"], "ability": "Storm Drain", "evs": {"hp": 85, "atk": 85, "def": 85, "spa": 85, "spd": 85, "spe": 85}, "ivs": {"hp": 31, "atk": 31, "def": 31, "spa": 31, "spd": 31, "spe": 31}, "item": "Leftovers", "teraType": "Poison", "role": "Bulky Support", "bvs": {"hp": 111, "atk": 83, "def": 68, "spa": 92, "spd": 82, "spe": 39}, "stats": {"hp": 331, "atk": 192, "def": 166, "spa": 207, "spd": 190, "spe": 116}}}, {"Orthworm": {"name": "Orthworm", "species": "Orthworm", "speciesId": "orthworm", "gender": "M", "shiny": false, "level": 88, "moves": ["irontail", "coil", "rest", "bodypress"], "ability": "Earth Eater", "evs": {"hp": 85, "atk": 85, "def": 85, "spa": 85, "spd": 85, "spe": 85}, "ivs": {"hp": 31, "atk": 31, "def": 31, "spa": 31, "spd": 31, "spe": 31}, "item": "Chesto Berry", "teraType": "Electric", "role": "Bulky Setup", "bvs": {"hp": 70, "atk": 85, "def": 145, "spa": 60, "spd": 55, "spe": 65}, "stats": {"hp": 266, "atk": 200, "def": 305, "spa": 156, "spd": 147, "spe": 165}}, "Raichu": {"name": "Raichu", "species": "Raichu", "speciesId": "raichu", "gender": "F", "shiny": false, "level": 88, "moves": ["thunderbolt", "terablast", "nastyplot", "surf"], "ability": "Lightning Rod", "evs": {"hp": 85, "atk": 0, "def": 85, "spa": 85, "spd": 85, "spe": 85}, "ivs": {"hp": 31, "atk": 0, "def": 31, "spa": 31, "spd": 31, "spe": 31}, "item": "Life Orb", "teraType": "Ice", "role": "Tera Blast user", "bvs": {"hp": 60, "atk": 90, "def": 55, "spa": 90, "spd": 80, "spe": 110}, "stats": {"hp": 249, "atk": 163, "def": 147, "spa": 209, "spd": 191, "spe": 244}}, "Houndstone": {"name": "Houndstone", "species": "Houndstone", "speciesId": "houndstone", "gender": "F", "shiny": false, "level": 86, "moves": ["shadowsneak", "bodypress", "playrough", "poltergeist"], "ability": "Fluffy", "evs": {"hp": 85, "atk": 85, "def": 85, "spa": 85, "spd": 85, "spe": 85}, "ivs": {"hp": 31, "atk": 31, "def": 31, "spa": 31, "spd": 31, "spe": 31}, "item": "Assault Vest", "teraType": "Fighting", "role": "AV Pivot", "bvs": {"hp": 72, "atk": 101, "def": 100, "spa": 50, "spd": 97, "spe": 68}, "stats": {"hp": 264, "atk": 223, "def": 221, "spa": 135, "spd": 216, "spe": 166}}, "Kleavor": {"name": "Kleavor", "species": "Kleavor", "speciesId": "kleavor", "gender": "F", "shiny": false, "level": 78, "moves": ["closecombat", "xscissor", "stoneaxe", "swordsdance"], "ability": "Sharpness", "evs": {"hp": 85, "atk": 85, "def": 85, "spa": 85, "spd": 85, "spe": 85}, "ivs": {"hp": 31, "atk": 31, "def": 31, "spa": 31, "spd": 31, "spe": 31}, "item": "Heavy-Duty Boots", "teraType": "Rock", "role": "Bulky Attacker", "bvs": {"hp": 70, "atk": 135, "def": 95, "spa": 45, "spd": 70, "spe": 85}, "stats": {"hp": 237, "atk": 256, "def": 193, "spa": 115, "spd": 154, "spe": 178}}, "Sinistcha": {"name": "Sinistcha", "species": "Sinistcha", "speciesId": "sinistcha", "gender": "N", "shiny": false, "level": 83, "moves": ["strengthsap", "calmmind", "matchagotcha", "shadowball"], "ability": "Heatproof", "evs": {"hp": 85, "atk": 0, "def": 85, "spa": 85, "spd": 85, "spe": 85}, "ivs": {"hp": 31, "atk": 0, "def": 31, "spa": 31, "spd": 31, "spe": 31}, "item": "Leftovers", "teraType": "Steel", "role": "Bulky Setup", "bvs": {"hp": 71, "atk": 60, "def": 106, "spa": 121, "spd": 80, "spe": 70}, "stats": {"hp": 254, "atk": 104, "def": 224, "spa": 249, "spd": 180, "spe": 164}}, "Enamorus": {"name": "Enamorus", "species": "Enamorus", "speciesId": "enamorus", "gender": "F", "shiny": false, "level": 79, "moves": ["superpower", "substitute", "playrough", "zenheadbutt"], "ability": "Contrary", "evs": {"hp": 85, "atk": 85, "def": 85, "spa": 85, "spd": 85, "spe": 85}, "ivs": {"hp": 31, "atk": 31, "def": 31, "spa": 31, "spd": 31, "spe": 31}, "item": "Leftovers", "teraType": "Fighting", "role": "Setup Sweeper", "bvs": {"hp": 74, "atk": 115, "def": 70, "spa": 135, "spd": 80, "spe": 106}, "stats": {"hp": 247, "atk": 227, "def": 156, "spa": 259, "spd": 172, "spe": 213}}}]}