{"id": "gen9randombattle-2631651369", "format": "[Gen 9] Random Battle", "players": ["prunejune", "TheCrowMaster96"], "log": "|j|\u2606prunejune\n|j|\u2606TheCrowMaster96\n|t:|1781415126\n|gametype|singles\n|player|p1|prunejune|265|1901\n|player|p2|TheCrowMaster96|1|1922\n|gen|9\n|tier|[Gen 9] Random Battle\n|rated|\n|rule|Species Clause: Limit one of each Pok\u00e9mon\n|rule|HP Percentage Mod: HP is shown in percentages\n|rule|Sleep Clause Mod: Limit one foe put to sleep\n|rule|Illusion Level Mod: Illusion disguises the Pok\u00e9mon's true level\n|\n|t:|1781415126\n|teamsize|p1|6\n|teamsize|p2|6\n|start\n|switch|p1a: Scyther|Scyther, L82, F|249/249\n|switch|p2a: Iron Boulder|Iron Boulder, L77|265/265\n|turn|1\n|inactive|Battle timer is ON: inactive players will automatically lose when time's up. (requested by TheCrowMaster96)\n|\n|t:|1781415136\n|switch|p1a: Sandaconda|Sandaconda, L84, F|258/258\n|move|p2a: Iron Boulder|Mighty Cleave|p1a: Sandaconda\n|-resisted|p1a: Sandaconda\n|-damage|p1a: Sandaconda|213/258\n|-damage|p2a: Iron Boulder|239/265|[from] item: Life Orb\n|\n|-heal|p1a: Sandaconda|229/258|[from] item: Leftovers\n|upkeep\n|turn|2\n|\n|t:|1781415148\n|-end|p2a: Iron Boulder|Quark Drive|[silent]\n|switch|p2a: Lilligant|Lilligant, L86, F|261/261\n|switch|p1a: Scyther|Scyther, L82, F|249/249\n|\n|upkeep\n|turn|3\n|\n|t:|1781415169\n|switch|p2a: Iron Boulder|Iron Boulder, L77|239/265\n|move|p1a: Scyther|U-turn|p2a: Iron Boulder\n|-supereffective|p2a: Iron Boulder\n|-damage|p2a: Iron Boulder|59/265\n|\n|t:|1781415172\n|switch|p1a: Sandaconda|Sandaconda, L84, F|229/258|[from] U-turn\n|\n|-heal|p1a: Sandaconda|245/258|[from] item: Leftovers\n|upkeep\n|turn|4\n|\n|t:|1781415179\n|-end|p2a: Iron Boulder|Quark Drive|[silent]\n|switch|p2a: Quagsire|Quagsire, L84, M|297/297\n|move|p1a: Sandaconda|Earthquake|p2a: Quagsire\n|-damage|p2a: Quagsire|177/297\n|\n|-heal|p1a: Sandaconda|258/258|[from] item: Leftovers\n|-heal|p2a: Quagsire|195/297|[from] item: Leftovers\n|upkeep\n|turn|5\n|\n|t:|1781415200\n|move|p1a: Sandaconda|Earthquake|p2a: Quagsire\n|-damage|p2a: Quagsire|86/297\n|move|p2a: Quagsire|Ice Beam|p1a: Sandaconda\n|-supereffective|p1a: Sandaconda\n|-damage|p1a: Sandaconda|138/258\n|\n|-heal|p1a: Sandaconda|154/258|[from] item: Leftovers\n|-heal|p2a: Quagsire|104/297|[from] item: Leftovers\n|upkeep\n|turn|6\n|\n|t:|1781415208\n|switch|p2a: Lilligant|Lilligant, L86, F|261/261\n|move|p1a: Sandaconda|Earthquake|p2a: Lilligant\n|-resisted|p2a: Lilligant\n|-damage|p2a: Lilligant|195/261\n|\n|-heal|p1a: Sandaconda|170/258|[from] item: Leftovers\n|upkeep\n|turn|7\n|\n|t:|1781415216\n|switch|p1a: Eiscue|Eiscue, L88, M|274/274\n|move|p2a: Lilligant|Sleep Powder|p1a: Eiscue\n|-status|p1a: Eiscue|slp|[from] move: Sleep Powder\n|\n|upkeep\n|turn|8\n|\n|t:|1781415221\n|switch|p1a: Toucannon|Toucannon, L88, F|284/284\n|move|p2a: Lilligant|Quiver Dance|p2a: Lilligant\n|-boost|p2a: Lilligant|spa|1\n|-boost|p2a: Lilligant|spd|1\n|-boost|p2a: Lilligant|spe|1\n|\n|upkeep\n|turn|9\n|\n|t:|1781415228\n|-terastallize|p2a: Lilligant|Rock\n|-singleturn|p1a: Toucannon|move: Beak Blast\n|move|p2a: Lilligant|Tera Blast|p1a: Toucannon|[anim] Tera Blast Rock\n|-supereffective|p1a: Toucannon\n|-damage|p1a: Toucannon|0 fnt\n|faint|p1a: Toucannon\n|-damage|p2a: Lilligant|169/261|[from] item: Life Orb\n|\n|upkeep\n|\n|t:|1781415239\n|switch|p1a: Granbull|Granbull, L88, M|302/302\n|-ability|p1a: Granbull|Intimidate|boost\n|-unboost|p2a: Lilligant|atk|1\n|turn|10\n|\n|t:|1781415257\n|switch|p2a: Hatterene|Hatterene, L85, F|236/236\n|move|p1a: Granbull|Thunder Wave|p2a: Hatterene\n|move|p2a: Hatterene|Thunder Wave|p1a: Granbull|[from] ability: Magic Bounce\n|-status|p1a: Granbull|par\n|\n|upkeep\n|turn|11\n|\n|t:|1781415271\n|switch|p1a: Eiscue|Eiscue, L88, M|274/274 slp\n|move|p2a: Hatterene|Psychic|p1a: Eiscue\n|-damage|p1a: Eiscue|151/274 slp\n|\n|upkeep\n|turn|12\n|\n|t:|1781415276\n|cant|p1a: Eiscue|slp\n|move|p2a: Hatterene|Psychic|p1a: Eiscue\n|-damage|p1a: Eiscue|19/274 slp\n|-enditem|p1a: Eiscue|Sitrus Berry|[eat]\n|-heal|p1a: Eiscue|87/274 slp|[from] item: Sitrus Berry\n|\n|upkeep\n|turn|13\n|\n|t:|1781415280\n|cant|p1a: Eiscue|slp\n|move|p2a: Hatterene|Psychic|p1a: Eiscue\n|-damage|p1a: Eiscue|0 fnt\n|faint|p1a: Eiscue\n|\n|upkeep\n|\n|t:|1781415289\n|switch|p1a: Scyther|Scyther, L82, F|249/249\n|turn|14\n|\n|t:|1781415297\n|move|p1a: Scyther|Dual Wingbeat|p2a: Hatterene\n|-damage|p2a: Hatterene|170/236\n|-crit|p2a: Hatterene\n|-damage|p2a: Hatterene|76/236\n|-hitcount|p2a: Hatterene|2\n|move|p2a: Hatterene|Nuzzle|p1a: Scyther\n|-supereffective|p1a: Scyther\n|-damage|p1a: Scyther|215/249\n|-status|p1a: Scyther|par\n|\n|upkeep\n|turn|15\n|\n|t:|1781415321\n|cant|p1a: Scyther|par\n|move|p2a: Hatterene|Psychic|p1a: Scyther\n|-damage|p1a: Scyther|77/249 par\n|\n|upkeep\n|turn|16\n|\n|t:|1781415327\n|move|p1a: Scyther|U-turn|p2a: Hatterene\n|-damage|p2a: Hatterene|9/236\n|\n|t:|1781415333\n|switch|p1a: Sandaconda|Sandaconda, L84, F|170/258|[from] U-turn\n|move|p2a: Hatterene|Psychic|p1a: Sandaconda\n|-damage|p1a: Sandaconda|28/258\n|\n|-heal|p1a: Sandaconda|44/258|[from] item: Leftovers\n|upkeep\n|turn|17\n|\n|t:|1781415340\n|move|p1a: Sandaconda|Earthquake|p2a: Hatterene\n|-damage|p2a: Hatterene|0 fnt\n|faint|p2a: Hatterene\n|\n|-heal|p1a: Sandaconda|60/258|[from] item: Leftovers\n|upkeep\n|\n|t:|1781415351\n|switch|p2a: Lilligant|Lilligant, L86, F, tera:Rock|169/261\n|turn|18\n|\n|t:|1781415356\n|move|p2a: Lilligant|Giga Drain|p1a: Sandaconda\n|-supereffective|p1a: Sandaconda\n|-damage|p1a: Sandaconda|0 fnt\n|-heal|p2a: Lilligant|199/261|[from] drain|[of] p1a: Sandaconda\n|faint|p1a: Sandaconda\n|-damage|p2a: Lilligant|173/261|[from] item: Life Orb\n|\n|upkeep\n|\n|t:|1781415363\n|switch|p1a: Granbull|Granbull, L88, M|302/302 par\n|-ability|p1a: Granbull|Intimidate|boost\n|-unboost|p2a: Lilligant|atk|1\n|turn|19\n|\n|t:|1781415368\n|switch|p2a: Quagsire|Quagsire, L84, M|104/297\n|move|p1a: Granbull|Play Rough|p2a: Quagsire\n|-damage|p2a: Quagsire|0 fnt\n|faint|p2a: Quagsire\n|\n|upkeep\n|\n|t:|1781415381\n|switch|p2a: Iron Boulder|Iron Boulder, L77|59/265\n|turn|20\n|\n|t:|1781415394\n|move|p2a: Iron Boulder|Zen Headbutt|p1a: Granbull\n|-damage|p1a: Granbull|185/302 par\n|-damage|p2a: Iron Boulder|33/265|[from] item: Life Orb\n|cant|p1a: Granbull|par\n|\n|-heal|p1a: Granbull|203/302 par|[from] item: Leftovers\n|upkeep\n|turn|21\n|\n|t:|1781415401\n|switch|p1a: Scyther|Scyther, L82, F|77/249 par\n|move|p2a: Iron Boulder|Zen Headbutt|p1a: Scyther\n|-damage|p1a: Scyther|0 fnt\n|faint|p1a: Scyther\n|-damage|p2a: Iron Boulder|7/265|[from] item: Life Orb\n|\n|upkeep\n|\n|t:|1781415405\n|switch|p1a: Politoed|Politoed, L88, M|302/302\n|-weather|RainDance|[from] ability: Drizzle|[of] p1a: Politoed\n|turn|22\n|\n|t:|1781415409\n|move|p2a: Iron Boulder|Mighty Cleave|p1a: Politoed\n|-damage|p1a: Politoed|158/302\n|-damage|p2a: Iron Boulder|0 fnt|[from] item: Life Orb\n|faint|p2a: Iron Boulder\n|-end|p2a: Iron Boulder|Quark Drive|[silent]\n|move|p1a: Politoed|Weather Ball|p2: Iron Boulder|[notarget]\n|-fail|p1a: Politoed\n|\n|-weather|RainDance|[upkeep]\n|upkeep\n|\n|t:|1781415425\n|switch|p2a: Alcremie|Alcremie-Rainbow-Swirl, L90, F|263/263\n|turn|23\n|\n|t:|1781415446\n|-terastallize|p1a: Politoed|Water\n|move|p1a: Politoed|Weather Ball|p2a: Alcremie\n|-damage|p2a: Alcremie|15/263\n|move|p2a: Alcremie|Alluring Voice|p1a: Politoed\n|-damage|p1a: Politoed|70/302\n|\n|-weather|RainDance|[upkeep]\n|-heal|p2a: Alcremie|31/263|[from] item: Leftovers\n|upkeep\n|turn|24\n|\n|t:|1781415455\n|move|p1a: Politoed|Weather Ball|p2a: Alcremie\n|-damage|p2a: Alcremie|0 fnt\n|faint|p2a: Alcremie\n|\n|-weather|RainDance|[upkeep]\n|upkeep\n|\n|t:|1781415462\n|switch|p2a: Spectrier|Spectrier, L75|274/274\n|turn|25\n|\n|t:|1781415464\n|move|p2a: Spectrier|Shadow Ball|p1a: Politoed\n|-damage|p1a: Politoed|0 fnt\n|faint|p1a: Politoed\n|-ability|p2a: Spectrier|Grim Neigh|boost\n|-boost|p2a: Spectrier|spa|1\n|-damage|p2a: Spectrier|247/274|[from] item: Life Orb\n|\n|-weather|RainDance|[upkeep]\n|upkeep\n|\n|t:|1781415466\n|switch|p1a: Granbull|Granbull, L88, M|203/302 par\n|-ability|p1a: Granbull|Intimidate|boost\n|-unboost|p2a: Spectrier|atk|1\n|turn|26\n|\n|t:|1781415477\n|move|p2a: Spectrier|Shadow Ball|p1a: Granbull\n|-damage|p1a: Granbull|0 fnt\n|faint|p1a: Granbull\n|-damage|p2a: Spectrier|220/274|[from] item: Life Orb\n|\n|win|TheCrowMaster96\n", "inputlog": ">version a8376a258c1d4662feba110a92103f3664a72141\n>start {\"formatid\":\"gen9randombattle\",\"seed\":\"sodium,1d319eefa28719fd30cf9084ca90de7e\",\"rated\":\"Rated battle\"}\n>player p1 {\"name\":\"prunejune\",\"avatar\":\"265\",\"rating\":1901,\"seed\":\"sodium,bf77bd1e17c9c554392571a401b0de19\"}\n>player p2 {\"name\":\"TheCrowMaster96\",\"avatar\":\"1\",\"rating\":1922,\"seed\":\"sodium,94d7440253db78bbbe6a34bf6ca4d628\"}\n>p1 switch 2\n>p2 move mightycleave\n>p1 switch 2\n>p2 switch 4\n>p1 move uturn\n>p2 switch 4\n>p1 switch 2\n>p1 move earthquake\n>p2 switch 3\n>p1 move earthquake\n>p2 move icebeam\n>p1 move earthquake\n>p2 switch 4\n>p1 switch 4\n>p2 move sleeppowder\n>p1 switch 3\n>p2 move quiverdance\n>p1 move beakblast\n>p2 move terablast terastallize\n>p1 switch 6\n>p1 move thunderwave\n>p2 switch 2\n>p1 switch 3\n>p2 move psychic\n>p1 move icespinner\n>p2 move psychic\n>p1 move icespinner\n>p2 move psychic\n>p1 switch 2\n>p1 move dualwingbeat\n>p2 move nuzzle\n>p1 move dualwingbeat\n>p2 move psychic\n>p1 move uturn\n>p2 move psychic\n>p1 switch 4\n>p1 move earthquake\n>p2 move psychic\n>p2 switch 2\n>p1 move rest\n>p2 move gigadrain\n>p1 switch 3\n>p1 move playrough\n>p2 switch 4\n>p2 switch 3\n>p1 move earthquake\n>p2 move zenheadbutt\n>p1 switch 4\n>p2 move zenheadbutt\n>p1 switch 5\n>p1 move weatherball\n>p2 move mightycleave\n>p2 switch 6\n>p1 move weatherball terastallize\n>p2 move alluringvoice\n>p1 move weatherball\n>p2 move alluringvoice\n>p2 switch 5\n>p1 move weatherball\n>p2 move shadowball\n>p1 switch 4\n>p1 move playrough\n>p2 move shadowball", "uploadtime": 1781415128, "views": 9, "formatid": "gen9randombattle", "rating": null, "private": 0, "password": null}