{"id": "gen9randombattle-2631551583", "format": "[Gen 9] Random Battle", "players": ["velocityisnotspeed", "Justhepic"], "log": "|j|\u2606velocityisnotspeed\n|j|\u2606Justhepic\n|t:|1781400184\n|gametype|singles\n|player|p1|velocityisnotspeed|1|\n|player|p2|Justhepic|170|\n|gen|9\n|tier|[Gen 9] Random Battle\n|rule|Species Clause: Limit one of each Pok\u00e9mon\n|rule|HP Percentage Mod: HP is shown in percentages\n|rule|Sleep Clause Mod: Limit one foe put to sleep\n|rule|Illusion Level Mod: Illusion disguises the Pok\u00e9mon's true level\n|\n|t:|1781400184\n|teamsize|p1|6\n|teamsize|p2|6\n|start\n|switch|p1a: Chimecho|Chimecho, L93, F|290/290\n|switch|p2a: Ho-Oh|Ho-Oh, L71|268/268\n|turn|1\n|c|\u2606velocityisnotspeed|R u kidding\n|\n|t:|1781400207\n|move|p1a: Chimecho|Thunder Wave|p2a: Ho-Oh\n|-status|p2a: Ho-Oh|par\n|move|p2a: Ho-Oh|Sacred Fire|p1a: Chimecho\n|-damage|p1a: Chimecho|191/290\n|-status|p1a: Chimecho|brn\n|\n|-heal|p1a: Chimecho|209/290 brn|[from] item: Leftovers\n|-damage|p1a: Chimecho|191/290 brn|[from] brn\n|upkeep\n|turn|2\n|\n|t:|1781400222\n|move|p1a: Chimecho|Heal Bell|p1a: Chimecho\n|-activate|p1a: Chimecho|move: Heal Bell\n|-curestatus|p1a: Chimecho|brn|[msg]\n|move|p2a: Ho-Oh|Brave Bird|p1a: Chimecho\n|-damage|p1a: Chimecho|85/290\n|-damage|p2a: Ho-Oh|233/268 par|[from] Recoil\n|\n|-heal|p1a: Chimecho|103/290|[from] item: Leftovers\n|upkeep\n|turn|3\n|\n|t:|1781400230\n|move|p1a: Chimecho|Recover|p1a: Chimecho\n|-heal|p1a: Chimecho|248/290\n|move|p2a: Ho-Oh|Brave Bird|p1a: Chimecho\n|-damage|p1a: Chimecho|134/290\n|-damage|p2a: Ho-Oh|195/268 par|[from] Recoil\n|\n|-heal|p1a: Chimecho|152/290|[from] item: Leftovers\n|upkeep\n|turn|4\n|\n|t:|1781400238\n|switch|p2a: Reuniclus|Reuniclus, L88, M|337/337\n|move|p1a: Chimecho|Recover|p1a: Chimecho\n|-heal|p1a: Chimecho|290/290\n|\n|upkeep\n|turn|5\n|\n|t:|1781400243\n|move|p1a: Chimecho|Thunder Wave|p2a: Reuniclus\n|-status|p2a: Reuniclus|par\n|move|p2a: Reuniclus|Calm Mind|p2a: Reuniclus\n|-boost|p2a: Reuniclus|spa|1\n|-boost|p2a: Reuniclus|spd|1\n|\n|upkeep\n|turn|6\n|\n|t:|1781400254\n|switch|p1a: Gholdengo|Gholdengo, L77|261/261\n|move|p2a: Reuniclus|Calm Mind|p2a: Reuniclus\n|-boost|p2a: Reuniclus|spa|1\n|-boost|p2a: Reuniclus|spd|1\n|\n|upkeep\n|turn|7\n|\n|t:|1781400279\n|-terastallize|p2a: Reuniclus|Fighting\n|move|p1a: Gholdengo|Trick|p2a: Reuniclus\n|-activate|p1a: Gholdengo|move: Trick|[of] p2a: Reuniclus\n|-item|p2a: Reuniclus|Choice Scarf|[from] move: Trick\n|-item|p1a: Gholdengo|Life Orb|[from] move: Trick\n|move|p2a: Reuniclus|Calm Mind|p2a: Reuniclus\n|-boost|p2a: Reuniclus|spa|1\n|-boost|p2a: Reuniclus|spd|1\n|\n|upkeep\n|turn|8\n|\n|t:|1781400297\n|switch|p2a: Morpeko|Morpeko, L88, F|245/245\n|move|p1a: Gholdengo|Shadow Ball|p2a: Morpeko\n|-resisted|p2a: Morpeko\n|-damage|p2a: Morpeko|164/245\n|-damage|p1a: Gholdengo|235/261|[from] item: Life Orb\n|\n|-heal|p2a: Morpeko|179/245|[from] item: Leftovers\n|-formechange|p2a: Morpeko|Morpeko-Hangry||[from] ability: Hunger Switch\n|upkeep\n|turn|9\n|\n|t:|1781400304\n|move|p2a: Morpeko|Knock Off|p1a: Gholdengo\n|-supereffective|p1a: Gholdengo\n|-damage|p1a: Gholdengo|0 fnt\n|-enditem|p1a: Gholdengo|Life Orb|[from] move: Knock Off|[of] p2a: Morpeko\n|faint|p1a: Gholdengo\n|\n|-heal|p2a: Morpeko|194/245|[from] item: Leftovers\n|-formechange|p2a: Morpeko|Morpeko||[from] ability: Hunger Switch\n|upkeep\n|\n|t:|1781400322\n|switch|p1a: Raging Bolt|Raging Bolt, L78|323/323\n|turn|10\n|\n|t:|1781400343\n|move|p2a: Morpeko|Knock Off|p1a: Raging Bolt\n|-damage|p1a: Raging Bolt|212/323\n|-enditem|p1a: Raging Bolt|Leftovers|[from] move: Knock Off|[of] p2a: Morpeko\n|move|p1a: Raging Bolt|Calm Mind|p1a: Raging Bolt\n|-boost|p1a: Raging Bolt|spa|1\n|-boost|p1a: Raging Bolt|spd|1\n|\n|-heal|p2a: Morpeko|209/245|[from] item: Leftovers\n|-formechange|p2a: Morpeko|Morpeko-Hangry||[from] ability: Hunger Switch\n|upkeep\n|turn|11\n|\n|t:|1781400360\n|switch|p2a: Ho-Oh|Ho-Oh, L71|268/268 par\n|move|p1a: Raging Bolt|Draco Meteor|p2a: Ho-Oh\n|-damage|p2a: Ho-Oh|99/268 par\n|-unboost|p1a: Raging Bolt|spa|2\n|\n|upkeep\n|turn|12\n|\n|t:|1781400370\n|switch|p2a: Hydrapple|Hydrapple, L83, F|312/312\n|move|p1a: Raging Bolt|Thunderbolt|p2a: Hydrapple\n|-resisted|p2a: Hydrapple\n|-damage|p2a: Hydrapple|292/312\n|\n|upkeep\n|turn|13\n|\n|t:|1781400381\n|move|p1a: Raging Bolt|Draco Meteor|p2a: Hydrapple\n|-supereffective|p2a: Hydrapple\n|-damage|p2a: Hydrapple|82/312\n|-unboost|p1a: Raging Bolt|spa|2\n|move|p2a: Hydrapple|Draco Meteor|p1a: Raging Bolt\n|-supereffective|p1a: Raging Bolt\n|-damage|p1a: Raging Bolt|0 fnt\n|-unboost|p2a: Hydrapple|spa|2\n|faint|p1a: Raging Bolt\n|-end|p1a: Raging Bolt|Protosynthesis|[silent]\n|\n|upkeep\n|\n|t:|1781400396\n|switch|p1a: Thundurus|Thundurus-Therian, L80, M|258/258\n|turn|14\n|\n|t:|1781400403\n|switch|p2a: Ho-Oh|Ho-Oh, L71|188/268 par\n|move|p1a: Thundurus|Nasty Plot|p1a: Thundurus\n|-boost|p1a: Thundurus|spa|2\n|\n|upkeep\n|turn|15\n|\n|t:|1781400413\n|move|p1a: Thundurus|Thunderbolt|p2a: Ho-Oh\n|-supereffective|p2a: Ho-Oh\n|-damage|p2a: Ho-Oh|0 fnt\n|faint|p2a: Ho-Oh\n|\n|upkeep\n|\n|t:|1781400419\n|switch|p2a: Hydrapple|Hydrapple, L83, F|186/312\n|turn|16\n|\n|t:|1781400426\n|-terastallize|p1a: Thundurus|Flying\n|move|p1a: Thundurus|Tera Blast|p2a: Hydrapple|[anim] Tera Blast Flying\n|-supereffective|p2a: Hydrapple\n|-damage|p2a: Hydrapple|0 fnt\n|faint|p2a: Hydrapple\n|\n|upkeep\n|\n|t:|1781400442\n|switch|p2a: Squawkabilly|Squawkabilly-White, L89, F|291/291\n|turn|17\n|\n|t:|1781400451\n|move|p2a: Squawkabilly|Parting Shot|p1a: Thundurus\n|-unboost|p1a: Thundurus|atk|1\n|-unboost|p1a: Thundurus|spa|1\n|\n|t:|1781400455\n|switch|p2a: Reuniclus|Reuniclus, L88, M, tera:Fighting|337/337 par|[from] Parting Shot\n|move|p1a: Thundurus|Thunderbolt|p2a: Reuniclus\n|-damage|p2a: Reuniclus|169/337 par\n|\n|upkeep\n|turn|18\n|\n|t:|1781400464\n|switch|p2a: Squawkabilly|Squawkabilly-White, L89, F|291/291\n|move|p1a: Thundurus|Nasty Plot|p1a: Thundurus\n|-boost|p1a: Thundurus|spa|2\n|\n|upkeep\n|turn|19\n|\n|t:|1781400473\n|move|p2a: Squawkabilly|Parting Shot|p1a: Thundurus\n|-unboost|p1a: Thundurus|atk|1\n|-unboost|p1a: Thundurus|spa|1\n|\n|t:|1781400477\n|switch|p2a: Cloyster|Cloyster, L80, M|211/211|[from] Parting Shot\n|move|p1a: Thundurus|Thunderbolt|p2a: Cloyster\n|-supereffective|p2a: Cloyster\n|-damage|p2a: Cloyster|0 fnt\n|faint|p2a: Cloyster\n|\n|upkeep\n|\n|t:|1781400480\n|switch|p2a: Morpeko|Morpeko, L88, F|209/245\n|turn|20\n|\n|t:|1781400487\n|move|p2a: Morpeko|Aura Wheel|p1a: Thundurus\n|-immune|p1a: Thundurus|[from] ability: Volt Absorb\n|move|p1a: Thundurus|Focus Blast|p2a: Morpeko\n|-supereffective|p2a: Morpeko\n|-damage|p2a: Morpeko|0 fnt\n|faint|p2a: Morpeko\n|\n|upkeep\n|\n|t:|1781400494\n|switch|p2a: Reuniclus|Reuniclus, L88, M, tera:Fighting|169/337 par\n|turn|21\n|c|\u2606velocityisnotspeed|What did u think was gonna happen lol\n|\n|t:|1781400502\n|move|p1a: Thundurus|Tera Blast|p2a: Reuniclus|[anim] Tera Blast Flying\n|-supereffective|p2a: Reuniclus\n|-damage|p2a: Reuniclus|0 fnt\n|faint|p2a: Reuniclus\n|\n|upkeep\n|\n|t:|1781400513\n|switch|p2a: Squawkabilly|Squawkabilly-White, L89, F|291/291\n|turn|22\n|\n|t:|1781400516\n|move|p2a: Squawkabilly|Brave Bird|p1a: Thundurus\n|-damage|p1a: Thundurus|0 fnt\n|faint|p1a: Thundurus\n|-damage|p2a: Squawkabilly|206/291|[from] Recoil\n|\n|upkeep\n|\n|t:|1781400524\n|switch|p1a: Chimecho|Chimecho, L93, F|290/290\n|turn|23\n|\n|t:|1781400534\n|move|p2a: Squawkabilly|Brave Bird|p1a: Chimecho\n|-damage|p1a: Chimecho|85/290\n|-damage|p2a: Squawkabilly|138/291|[from] Recoil\n|move|p1a: Chimecho|Thunder Wave|p2a: Squawkabilly\n|-status|p2a: Squawkabilly|par\n|\n|-heal|p1a: Chimecho|103/290|[from] item: Leftovers\n|upkeep\n|turn|24\n|\n|t:|1781400542\n|move|p1a: Chimecho|Psychic Noise|p2a: Squawkabilly\n|-damage|p2a: Squawkabilly|0 fnt\n|faint|p2a: Squawkabilly\n|\n|win|velocityisnotspeed\n|l|\u2606Justhepic\n|player|p2|\n", "inputlog": ">version a8376a258c1d4662feba110a92103f3664a72141\n>start {\"formatid\":\"gen9randombattle\",\"seed\":\"sodium,a194ec978b26bfc8394a163856d09f17\"}\n>player p1 {\"name\":\"velocityisnotspeed\",\"avatar\":\"1\",\"rating\":0,\"seed\":\"sodium,9a0eff82ee689250e3f5309c9893192a\"}\n>player p2 {\"name\":\"Justhepic\",\"avatar\":\"170\",\"rating\":0,\"seed\":\"sodium,41af1337068ff892b906d7aa71f42afa\"}\n>chat \u2606velocityisnotspeed|R u kidding\n>p1 move thunderwave\n>p2 move sacredfire\n>p1 move healbell\n>p2 move bravebird\n>p1 move recover\n>p2 move bravebird\n>p1 move recover\n>p2 switch 6\n>p1 move thunderwave\n>p2 move calmmind\n>p1 switch 6\n>p2 move calmmind\n>p1 move trick\n>p2 move calmmind terastallize\n>p1 move shadowball\n>p2 switch 5\n>p1 move focusblast\n>p2 move knockoff\n>p1 switch 3\n>p1 move calmmind\n>p2 move knockoff\n>p1 move dracometeor\n>p2 switch 6\n>p1 move thunderbolt\n>p2 switch 2\n>p1 move dracometeor\n>p2 move dracometeor\n>p1 switch 4\n>p1 move nastyplot\n>p2 switch 2\n>p1 move thunderbolt\n>p2 move sacredfire\n>p2 switch 2\n>p1 move terablast terastallize\n>p2 move dracometeor\n>p2 switch 3\n>p1 move thunderbolt\n>p2 move partingshot\n>p2 switch 5\n>p1 move nastyplot\n>p2 switch 5\n>p1 move thunderbolt\n>p2 move partingshot\n>p2 switch 4\n>p2 switch 6\n>p1 move focusblast\n>p2 move aurawheel\n>p2 switch 5\n>chat \u2606velocityisnotspeed|What did u think was gonna happen lol\n>p1 move terablast\n>p2 move calmmind\n>p2 switch 4\n>p1 move thunderbolt\n>p2 move bravebird\n>p1 switch 6\n>p1 move thunderwave\n>p2 move bravebird\n>p1 move psychicnoise\n>p2 move bravebird", "uploadtime": 1781400546, "views": 18, "formatid": "gen9randombattle", "rating": null, "private": 0, "password": null}