{"id": "gen9randombattle-2631739566", "format": "[Gen 9] Random Battle", "players": ["pablovr", "Where is the hax"], "log": "|j|\u2606pablovr\n|j|\u2606Where is the hax\n|t:|1781431725\n|gametype|singles\n|player|p1|pablovr|hiker-gen4|1951\n|player|p2|Where is the hax|266|2011\n|gen|9\n|tier|[Gen 9] Random Battle\n|rated|\n|rule|Species Clause: Limit one of each Pok\u00e9mon\n|rule|HP Percentage Mod: HP is shown in percentages\n|rule|Sleep Clause Mod: Limit one foe put to sleep\n|rule|Illusion Level Mod: Illusion disguises the Pok\u00e9mon's true level\n|\n|t:|1781431725\n|teamsize|p1|6\n|teamsize|p2|6\n|start\n|switch|p1a: Mandibuzz|Mandibuzz, L85, F|326/326\n|switch|p2a: Pyroar|Pyroar, L88, F|295/295\n|-ability|p2a: Pyroar|Unnerve\n|turn|1\n|\n|t:|1781431736\n|move|p2a: Pyroar|Will-O-Wisp|p1a: Mandibuzz\n|-status|p1a: Mandibuzz|brn\n|move|p1a: Mandibuzz|Toxic|p2a: Pyroar\n|-status|p2a: Pyroar|tox\n|\n|-damage|p2a: Pyroar|277/295 tox|[from] psn\n|-damage|p1a: Mandibuzz|306/326 brn|[from] brn\n|upkeep\n|turn|2\n|\n|t:|1781431757\n|move|p2a: Pyroar|Work Up|p2a: Pyroar\n|-boost|p2a: Pyroar|atk|1\n|-boost|p2a: Pyroar|spa|1\n|move|p1a: Mandibuzz|Foul Play|p2a: Pyroar\n|-damage|p2a: Pyroar|225/295 tox\n|\n|-damage|p2a: Pyroar|189/295 tox|[from] psn\n|-damage|p1a: Mandibuzz|286/326 brn|[from] brn\n|upkeep\n|turn|3\n|\n|t:|1781431768\n|move|p2a: Pyroar|Hyper Voice|p1a: Mandibuzz\n|-damage|p1a: Mandibuzz|135/326 brn\n|move|p1a: Mandibuzz|Roost|p1a: Mandibuzz\n|-heal|p1a: Mandibuzz|298/326 brn\n|-singleturn|p1a: Mandibuzz|move: Roost\n|\n|-damage|p2a: Pyroar|135/295 tox|[from] psn\n|-damage|p1a: Mandibuzz|278/326 brn|[from] brn\n|upkeep\n|turn|4\n|\n|t:|1781431776\n|move|p2a: Pyroar|Fire Blast|p1a: Mandibuzz\n|-damage|p1a: Mandibuzz|80/326 brn\n|move|p1a: Mandibuzz|Roost|p1a: Mandibuzz\n|-heal|p1a: Mandibuzz|243/326 brn\n|-singleturn|p1a: Mandibuzz|move: Roost\n|\n|-damage|p2a: Pyroar|63/295 tox|[from] psn\n|-damage|p1a: Mandibuzz|223/326 brn|[from] brn\n|upkeep\n|turn|5\n|\n|t:|1781431786\n|switch|p2a: Luxray|Luxray, L88, M|284/284\n|-ability|p2a: Luxray|Intimidate|boost\n|-unboost|p1a: Mandibuzz|atk|1\n|move|p1a: Mandibuzz|Roost|p1a: Mandibuzz\n|-heal|p1a: Mandibuzz|326/326 brn\n|-singleturn|p1a: Mandibuzz|move: Roost\n|\n|-damage|p1a: Mandibuzz|306/326 brn|[from] brn\n|upkeep\n|turn|6\n|\n|t:|1781431801\n|switch|p1a: Great Tusk|Great Tusk, L77|304/304\n|move|p2a: Luxray|Volt Switch|p1a: Great Tusk\n|-immune|p1a: Great Tusk\n|\n|upkeep\n|turn|7\n|\n|t:|1781431819\n|move|p1a: Great Tusk|Earthquake|p2a: Luxray\n|-supereffective|p2a: Luxray\n|-damage|p2a: Luxray|60/284\n|move|p2a: Luxray|Play Rough|p1a: Great Tusk\n|-supereffective|p1a: Great Tusk\n|-damage|p1a: Great Tusk|172/304\n|\n|-heal|p1a: Great Tusk|191/304|[from] item: Leftovers\n|upkeep\n|turn|8\n|inactive|Battle timer is ON: inactive players will automatically lose when time's up. (requested by pablovr)\n|\n|t:|1781431846\n|switch|p2a: Pyroar|Pyroar, L88, F|63/295 tox\n|-ability|p2a: Pyroar|Unnerve\n|move|p1a: Great Tusk|Earthquake|p2a: Pyroar\n|-supereffective|p2a: Pyroar\n|-damage|p2a: Pyroar|0 fnt\n|faint|p2a: Pyroar\n|\n|-heal|p1a: Great Tusk|210/304|[from] item: Leftovers\n|upkeep\n|\n|t:|1781431874\n|switch|p2a: Eiscue|Eiscue, L88, M|274/274\n|turn|9\n|inactive|pablovr has 120 seconds left.\n|\n|t:|1781431909\n|-end|p1a: Great Tusk|Protosynthesis|[silent]\n|switch|p1a: Lunala|Lunala, L70|308/308\n|move|p2a: Eiscue|Belly Drum|p2a: Eiscue\n|-damage|p2a: Eiscue|137/274\n|-setboost|p2a: Eiscue|atk|6|[from] move: Belly Drum\n|-enditem|p2a: Eiscue|Sitrus Berry|[eat]\n|-heal|p2a: Eiscue|205/274|[from] item: Sitrus Berry\n|\n|upkeep\n|turn|10\n|\n|t:|1781431936\n|move|p1a: Lunala|Focus Blast|p2a: Eiscue\n|-supereffective|p2a: Eiscue\n|-damage|p2a: Eiscue|47/274\n|move|p2a: Eiscue|Ice Spinner|p1a: Lunala\n|-damage|p1a: Lunala|116/308\n|\n|-heal|p1a: Lunala|135/308|[from] item: Leftovers\n|upkeep\n|turn|11\n|\n|t:|1781431944\n|move|p1a: Lunala|Moongeist Beam|p2a: Eiscue\n|-damage|p2a: Eiscue|0 fnt\n|faint|p2a: Eiscue\n|\n|-heal|p1a: Lunala|154/308|[from] item: Leftovers\n|upkeep\n|\n|t:|1781431947\n|switch|p2a: Hoopa|Hoopa-Unbound, L80|259/259\n|turn|12\n|\n|t:|1781431962\n|switch|p1a: Mandibuzz|Mandibuzz, L85, F|306/326 brn\n|move|p2a: Hoopa|Psychic|p1a: Mandibuzz\n|-immune|p1a: Mandibuzz\n|\n|-damage|p1a: Mandibuzz|286/326 brn|[from] brn\n|upkeep\n|turn|13\n|\n|t:|1781431968\n|switch|p2a: Luxray|Luxray, L88, M|60/284\n|-ability|p2a: Luxray|Intimidate|boost\n|-unboost|p1a: Mandibuzz|atk|1\n|move|p1a: Mandibuzz|Toxic|p2a: Luxray\n|-status|p2a: Luxray|tox\n|\n|-damage|p2a: Luxray|43/284 tox|[from] psn\n|-damage|p1a: Mandibuzz|266/326 brn|[from] brn\n|upkeep\n|turn|14\n|\n|t:|1781431973\n|switch|p1a: Great Tusk|Great Tusk, L77|210/304\n|move|p2a: Luxray|Ice Fang|p1a: Great Tusk\n|-supereffective|p1a: Great Tusk\n|-crit|p1a: Great Tusk\n|-damage|p1a: Great Tusk|62/304\n|\n|-heal|p1a: Great Tusk|81/304|[from] item: Leftovers\n|-damage|p2a: Luxray|9/284 tox|[from] psn\n|upkeep\n|turn|15\n|\n|t:|1781431980\n|move|p1a: Great Tusk|Earthquake|p2a: Luxray\n|-supereffective|p2a: Luxray\n|-damage|p2a: Luxray|0 fnt\n|faint|p2a: Luxray\n|\n|-heal|p1a: Great Tusk|100/304|[from] item: Leftovers\n|upkeep\n|\n|t:|1781431984\n|switch|p2a: Golduck|Golduck, L90, F|290/290\n|-ability|p2a: Golduck|Cloud Nine\n|turn|16\n|\n|t:|1781431991\n|move|p2a: Golduck|Nasty Plot|p2a: Golduck\n|-boost|p2a: Golduck|spa|2\n|move|p1a: Great Tusk|Earthquake|p2a: Golduck\n|-crit|p2a: Golduck\n|-damage|p2a: Golduck|128/290\n|\n|-heal|p2a: Golduck|146/290|[from] item: Leftovers\n|-heal|p1a: Great Tusk|119/304|[from] item: Leftovers\n|upkeep\n|turn|17\n|\n|t:|1781431995\n|move|p2a: Golduck|Ice Beam|p1a: Great Tusk\n|-supereffective|p1a: Great Tusk\n|-damage|p1a: Great Tusk|0 fnt\n|faint|p1a: Great Tusk\n|-end|p1a: Great Tusk|Protosynthesis|[silent]\n|\n|-heal|p2a: Golduck|164/290|[from] item: Leftovers\n|upkeep\n|\n|t:|1781432004\n|switch|p1a: Glastrier|Glastrier, L86|312/312\n|turn|18\n|\n|t:|1781432033\n|move|p2a: Golduck|Hydro Pump|p1a: Glastrier|[miss]\n|-miss|p2a: Golduck|p1a: Glastrier\n|move|p1a: Glastrier|Close Combat|p2a: Golduck\n|-damage|p2a: Golduck|35/290\n|-unboost|p1a: Glastrier|def|1\n|-unboost|p1a: Glastrier|spd|1\n|\n|-heal|p2a: Golduck|53/290|[from] item: Leftovers\n|upkeep\n|turn|19\n|\n|t:|1781432042\n|-terastallize|p2a: Golduck|Water\n|move|p2a: Golduck|Hydro Pump|p1a: Glastrier\n|-damage|p1a: Glastrier|0 fnt\n|faint|p1a: Glastrier\n|\n|-heal|p2a: Golduck|71/290|[from] item: Leftovers\n|upkeep\n|\n|t:|1781432056\n|switch|p1a: Mandibuzz|Mandibuzz, L85, F|266/326 brn\n|turn|20\n|\n|t:|1781432066\n|-terastallize|p1a: Mandibuzz|Steel\n|move|p2a: Golduck|Hydro Pump|p1a: Mandibuzz\n|-damage|p1a: Mandibuzz|0 fnt\n|faint|p1a: Mandibuzz\n|\n|-heal|p2a: Golduck|89/290|[from] item: Leftovers\n|upkeep\n|\n|t:|1781432079\n|switch|p1a: Malamar|Malamar, L82, M|275/275\n|turn|21\n|\n|t:|1781432089\n|move|p2a: Golduck|Hydro Pump|p1a: Malamar\n|-damage|p1a: Malamar|0 fnt\n|faint|p1a: Malamar\n|\n|-heal|p2a: Golduck|107/290|[from] item: Leftovers\n|upkeep\n|\n|t:|1781432092\n|switch|p1a: Lunala|Lunala, L70|154/308\n|turn|22\n|\n|t:|1781432107\n|move|p2a: Golduck|Ice Beam|p1a: Lunala\n|-damage|p1a: Lunala|2/308\n|move|p1a: Lunala|Moongeist Beam|p2a: Golduck\n|-damage|p2a: Golduck|1/290\n|\n|-heal|p2a: Golduck|19/290|[from] item: Leftovers\n|-heal|p1a: Lunala|21/308|[from] item: Leftovers\n|upkeep\n|turn|23\n|\n|t:|1781432114\n|move|p2a: Golduck|Grass Knot|p1a: Lunala\n|-damage|p1a: Lunala|0 fnt\n|faint|p1a: Lunala\n|\n|-heal|p2a: Golduck|37/290|[from] item: Leftovers\n|upkeep\n|\n|t:|1781432116\n|switch|p1a: Ursaluna|Ursaluna, L79, M|335/335\n|turn|24\n|\n|t:|1781432120\n|move|p2a: Golduck|Ice Beam|p1a: Ursaluna\n|-supereffective|p1a: Ursaluna\n|-crit|p1a: Ursaluna\n|-damage|p1a: Ursaluna|0 fnt\n|faint|p1a: Ursaluna\n|\n|win|Where is the hax\n", "uploadtime": 1781431727, "views": 3, "formatid": "gen9randombattle", "rating": null, "private": 0, "password": null}