{"id": "gen9randombattle-2632003968", "format": "[Gen 9] Random Battle", "players": ["Juan413", "3ujebwbqbsh"], "log": "|j|\u2606Juan413\n|j|\u26063ujebwbqbsh\n|t:|1781464921\n|gametype|singles\n|player|p1|Juan413|hilbert|1000\n|player|p2|3ujebwbqbsh|drayden|1000\n|gen|9\n|tier|[Gen 9] Random Battle\n|rated|\n|rule|Species Clause: Limit one of each Pok\u00e9mon\n|rule|HP Percentage Mod: HP is shown in percentages\n|rule|Sleep Clause Mod: Limit one foe put to sleep\n|rule|Illusion Level Mod: Illusion disguises the Pok\u00e9mon's true level\n|\n|t:|1781464921\n|teamsize|p1|6\n|teamsize|p2|6\n|start\n|switch|p1a: Lanturn|Lanturn, L89, M|367/367\n|switch|p2a: Swanna|Swanna, L89, M|278/278\n|turn|1\n|inactive|Battle timer is ON: inactive players will automatically lose when time's up. (requested by 3ujebwbqbsh)\n|\n|t:|1781464947\n|switch|p2a: Koraidon|Koraidon, L64|235/235\n|-weather|SunnyDay|[from] ability: Orichalcum Pulse|[of] p2a: Koraidon\n|-activate|p2a: Koraidon|Orichalcum Pulse|[source]\n|move|p1a: Lanturn|Ice Beam|p2a: Koraidon\n|-supereffective|p2a: Koraidon\n|-damage|p2a: Koraidon|95/235\n|\n|-weather|SunnyDay|[upkeep]\n|upkeep\n|turn|2\n|\n|t:|1781464971\n|move|p2a: Koraidon|Outrage|p1a: Lanturn\n|-damage|p1a: Lanturn|132/367\n|move|p1a: Lanturn|Ice Beam|p2a: Koraidon\n|-supereffective|p2a: Koraidon\n|-damage|p2a: Koraidon|0 fnt\n|faint|p2a: Koraidon\n|\n|-weather|SunnyDay|[upkeep]\n|-heal|p1a: Lanturn|154/367|[from] item: Leftovers\n|upkeep\n|\n|t:|1781464981\n|switch|p2a: Weezing|Weezing, L88, M|258/258\n|turn|3\n|\n|t:|1781465006\n|move|p1a: Lanturn|Thunder Wave|p2a: Weezing\n|-status|p2a: Weezing|par\n|move|p2a: Weezing|Toxic Spikes|p1a: Lanturn\n|-sidestart|p1: Juan413|move: Toxic Spikes\n|\n|-weather|SunnyDay|[upkeep]\n|-heal|p1a: Lanturn|176/367|[from] item: Leftovers\n|upkeep\n|turn|4\n|\n|t:|1781465017\n|move|p1a: Lanturn|Thunderbolt|p2a: Weezing\n|-damage|p2a: Weezing|153/258 par\n|move|p2a: Weezing|Gunk Shot|p1a: Lanturn\n|-damage|p1a: Lanturn|7/367\n|\n|-weather|SunnyDay|[upkeep]\n|-heal|p1a: Lanturn|29/367|[from] item: Leftovers\n|-heal|p2a: Weezing|169/258 par|[from] item: Leftovers\n|upkeep\n|turn|5\n|\n|t:|1781465027\n|switch|p1a: Scyther|Scyther, L82, F|249/249\n|cant|p2a: Weezing|par\n|\n|-weather|none\n|-heal|p2a: Weezing|185/258 par|[from] item: Leftovers\n|upkeep\n|turn|6\n|\n|t:|1781465034\n|move|p1a: Scyther|Dual Wingbeat|p2a: Weezing|[miss]\n|-miss|p1a: Scyther|p2a: Weezing\n|move|p2a: Weezing|Pain Split|p1a: Scyther\n|-sethp|p1a: Scyther|217/249|[from] move: Pain Split|[silent]\n|-sethp|p2a: Weezing|217/258 par|[from] move: Pain Split\n|\n|-heal|p2a: Weezing|233/258 par|[from] item: Leftovers\n|upkeep\n|turn|7\n|\n|t:|1781465044\n|move|p1a: Scyther|Dual Wingbeat|p2a: Weezing\n|-damage|p2a: Weezing|184/258 par\n|-damage|p2a: Weezing|133/258 par\n|-hitcount|p2a: Weezing|2\n|move|p2a: Weezing|Fire Blast|p1a: Scyther\n|-supereffective|p1a: Scyther\n|-damage|p1a: Scyther|41/249\n|\n|-heal|p2a: Weezing|149/258 par|[from] item: Leftovers\n|upkeep\n|turn|8\n|\n|t:|1781465054\n|move|p1a: Scyther|Dual Wingbeat|p2a: Weezing\n|-damage|p2a: Weezing|95/258 par\n|-damage|p2a: Weezing|47/258 par\n|-hitcount|p2a: Weezing|2\n|move|p2a: Weezing|Fire Blast|p1a: Scyther\n|-supereffective|p1a: Scyther\n|-damage|p1a: Scyther|0 fnt\n|faint|p1a: Scyther\n|\n|-heal|p2a: Weezing|63/258 par|[from] item: Leftovers\n|upkeep\n|\n|t:|1781465059\n|switch|p1a: Lanturn|Lanturn, L89, M|29/367\n|-status|p1a: Lanturn|psn\n|turn|9\n|\n|t:|1781465072\n|move|p1a: Lanturn|Thunderbolt|p2a: Weezing\n|-damage|p2a: Weezing|0 fnt\n|faint|p2a: Weezing\n|\n|-heal|p1a: Lanturn|51/367 psn|[from] item: Leftovers\n|-damage|p1a: Lanturn|6/367 psn|[from] psn\n|upkeep\n|\n|t:|1781465082\n|switch|p2a: Feraligatr|Feraligatr, L79, M|264/264\n|turn|10\n|\n|t:|1781465092\n|move|p1a: Lanturn|Thunder Wave|p2a: Feraligatr\n|-status|p2a: Feraligatr|par\n|cant|p2a: Feraligatr|par\n|\n|-heal|p1a: Lanturn|28/367 psn|[from] item: Leftovers\n|-damage|p1a: Lanturn|0 fnt|[from] psn\n|faint|p1a: Lanturn\n|upkeep\n|\n|t:|1781465096\n|switch|p1a: Ampharos|Ampharos, L88, M|302/302\n|-status|p1a: Ampharos|psn\n|turn|11\n|\n|t:|1781465110\n|move|p1a: Ampharos|Discharge|p2a: Feraligatr\n|-supereffective|p2a: Feraligatr\n|-crit|p2a: Feraligatr\n|-damage|p2a: Feraligatr|0 fnt\n|faint|p2a: Feraligatr\n|\n|-damage|p1a: Ampharos|265/302 psn|[from] psn\n|upkeep\n|\n|t:|1781465116\n|switch|p2a: Blissey|Blissey, L85, F|572/572\n|turn|12\n|\n|t:|1781465124\n|move|p1a: Ampharos|Volt Switch|p2a: Blissey\n|-damage|p2a: Blissey|499/572\n|\n|t:|1781465125\n|switch|p1a: Swampert|Swampert, L83, F|302/302|[from] Volt Switch\n|-status|p1a: Swampert|psn\n|move|p2a: Blissey|Stealth Rock|p1a: Swampert\n|-sidestart|p1: Juan413|move: Stealth Rock\n|\n|-heal|p2a: Blissey|534/572|[from] item: Leftovers\n|-damage|p1a: Swampert|265/302 psn|[from] psn\n|upkeep\n|turn|13\n|\n|t:|1781465138\n|-terastallize|p1a: Swampert|Poison\n|move|p1a: Swampert|Knock Off|p2a: Blissey\n|-damage|p2a: Blissey|296/572\n|-enditem|p2a: Blissey|Leftovers|[from] move: Knock Off|[of] p1a: Swampert\n|move|p2a: Blissey|Seismic Toss|p1a: Swampert\n|-damage|p1a: Swampert|180/302 psn\n|\n|-damage|p1a: Swampert|143/302 psn|[from] psn\n|upkeep\n|turn|14\n|\n|t:|1781465150\n|move|p1a: Swampert|Flip Turn|p2a: Blissey\n|-damage|p2a: Blissey|82/572\n|\n|t:|1781465157\n|switch|p1a: Urshifu|Urshifu, L74, F|270/270|[from] Flip Turn\n|-status|p1a: Urshifu|psn\n|-damage|p1a: Urshifu|254/270 psn|[from] Stealth Rock\n|move|p2a: Blissey|Soft-Boiled|p2a: Blissey\n|-heal|p2a: Blissey|368/572\n|\n|-damage|p1a: Urshifu|221/270 psn|[from] psn\n|upkeep\n|turn|15\n|\n|t:|1781465177\n|move|p1a: Urshifu|Close Combat|p2a: Blissey\n|-supereffective|p2a: Blissey\n|-damage|p2a: Blissey|0 fnt\n|-unboost|p1a: Urshifu|def|1\n|-unboost|p1a: Urshifu|spd|1\n|faint|p2a: Blissey\n|-damage|p1a: Urshifu|194/270 psn|[from] item: Life Orb\n|\n|-damage|p1a: Urshifu|161/270 psn|[from] psn\n|upkeep\n|\n|t:|1781465181\n|switch|p2a: Florges|Florges-Orange, L85, F|271/271\n|turn|16\n|\n|t:|1781465192\n|switch|p1a: Swampert|Swampert, L83, F, tera:Poison|143/302 psn\n|-sideend|p1: Juan413|move: Toxic Spikes|[of] p1a: Swampert\n|-damage|p1a: Swampert|106/302 psn|[from] Stealth Rock\n|-terastallize|p2a: Florges|Ground\n|move|p2a: Florges|Calm Mind|p2a: Florges\n|-boost|p2a: Florges|spa|1\n|-boost|p2a: Florges|spd|1\n|\n|-damage|p1a: Swampert|69/302 psn|[from] psn\n|upkeep\n|turn|17\n|\n|t:|1781465215\n|move|p2a: Florges|Tera Blast|p1a: Swampert|[anim] Tera Blast Ground\n|-supereffective|p1a: Swampert\n|-crit|p1a: Swampert\n|-damage|p1a: Swampert|0 fnt\n|faint|p1a: Swampert\n|\n|upkeep\n|\n|t:|1781465220\n|switch|p1a: Whimsicott|Whimsicott, L84, F|238/238\n|-damage|p1a: Whimsicott|209/238|[from] Stealth Rock\n|turn|18\n|\n|t:|1781465225\n|move|p1a: Whimsicott|Leech Seed|p2a: Florges\n|-start|p2a: Florges|move: Leech Seed\n|move|p2a: Florges|Calm Mind|p2a: Florges\n|-boost|p2a: Florges|spa|1\n|-boost|p2a: Florges|spd|1\n|\n|-heal|p1a: Whimsicott|223/238|[from] item: Leftovers\n|-damage|p2a: Florges|238/271|[from] Leech Seed|[of] p1a: Whimsicott\n|-heal|p1a: Whimsicott|238/238|[silent]\n|upkeep\n|turn|19\n|\n|t:|1781465236\n|move|p1a: Whimsicott|Encore|p2a: Florges\n|-start|p2a: Florges|Encore\n|move|p2a: Florges|Calm Mind|p2a: Florges\n|-boost|p2a: Florges|spa|1\n|-boost|p2a: Florges|spd|1\n|\n|-heal|p2a: Florges|254/271|[from] item: Leftovers\n|-damage|p2a: Florges|221/271|[from] Leech Seed|[of] p1a: Whimsicott\n|upkeep\n|turn|20\n|\n|t:|1781465244\n|move|p1a: Whimsicott|Moonblast|p2a: Florges\n|-damage|p2a: Florges|199/271\n|move|p2a: Florges|Calm Mind|p2a: Florges\n|-boost|p2a: Florges|spa|1\n|-boost|p2a: Florges|spd|1\n|\n|-heal|p2a: Florges|215/271|[from] item: Leftovers\n|-damage|p2a: Florges|182/271|[from] Leech Seed|[of] p1a: Whimsicott\n|upkeep\n|turn|21\n|\n|t:|1781465250\n|switch|p1a: Urshifu|Urshifu, L74, F|161/270 psn\n|-damage|p1a: Urshifu|145/270 psn|[from] Stealth Rock\n|move|p2a: Florges|Calm Mind|p2a: Florges\n|-boost|p2a: Florges|spa|1\n|-boost|p2a: Florges|spd|1\n|\n|-heal|p2a: Florges|198/271|[from] item: Leftovers\n|-damage|p2a: Florges|165/271|[from] Leech Seed|[of] p1a: Urshifu\n|-heal|p1a: Urshifu|178/270 psn|[silent]\n|-damage|p1a: Urshifu|145/270 psn|[from] psn\n|-end|p2a: Florges|Encore\n|upkeep\n|turn|22\n|\n|t:|1781465259\n|move|p1a: Urshifu|Close Combat|p2a: Florges\n|-damage|p2a: Florges|0 fnt\n|-unboost|p1a: Urshifu|def|1\n|-unboost|p1a: Urshifu|spd|1\n|faint|p2a: Florges\n|-damage|p1a: Urshifu|118/270 psn|[from] item: Life Orb\n|\n|-damage|p1a: Urshifu|85/270 psn|[from] psn\n|upkeep\n|\n|t:|1781465263\n|switch|p2a: Swanna|Swanna, L89, M|278/278\n|turn|23\n|\n|t:|1781465268\n|move|p2a: Swanna|Brave Bird|p1a: Urshifu\n|-supereffective|p1a: Urshifu\n|-damage|p1a: Urshifu|0 fnt\n|faint|p1a: Urshifu\n|-damage|p2a: Swanna|250/278|[from] Recoil\n|\n|upkeep\n|\n|t:|1781465273\n|switch|p1a: Whimsicott|Whimsicott, L84, F|238/238\n|-damage|p1a: Whimsicott|209/238|[from] Stealth Rock\n|turn|24\n|\n|t:|1781465278\n|move|p1a: Whimsicott|Leech Seed|p2a: Swanna\n|-start|p2a: Swanna|move: Leech Seed\n|move|p2a: Swanna|Brave Bird|p1a: Whimsicott\n|-supereffective|p1a: Whimsicott\n|-damage|p1a: Whimsicott|0 fnt\n|faint|p1a: Whimsicott\n|-damage|p2a: Swanna|181/278|[from] Recoil\n|\n|upkeep\n|\n|t:|1781465282\n|switch|p1a: Ampharos|Ampharos, L88, M|265/302 psn\n|-damage|p1a: Ampharos|228/302 psn|[from] Stealth Rock\n|turn|25\n|\n|t:|1781465302\n|move|p2a: Swanna|Hydro Pump|p1a: Ampharos\n|-damage|p1a: Ampharos|153/302 psn\n|move|p1a: Ampharos|Discharge|p2a: Swanna\n|-supereffective|p2a: Swanna\n|-damage|p2a: Swanna|0 fnt\n|faint|p2a: Swanna\n|\n|win|Juan413\n|raw|Juan413's rating: 1000 &rarr; <strong>1040</strong><br />(+40 for winning)\n|raw|3ujebwbqbsh's rating: 1000 &rarr; <strong>1000</strong><br />(+0 for losing)\n", "uploadtime": 1781465305, "views": 1, "formatid": "gen9randombattle", "rating": 1000, "private": 0, "password": null}