{"id": "gen9randombattle-2631761329", "format": "[Gen 9] Random Battle", "players": ["drowyna", "phoebezulk"], "log": "|j|\u2606drowyna\n|j|\u2606phoebezulk\n|t:|1781435465\n|gametype|singles\n|player|p1|drowyna|lucas|1632\n|player|p2|phoebezulk|102|1681\n|gen|9\n|tier|[Gen 9] Random Battle\n|rated|\n|rule|Species Clause: Limit one of each Pok\u00e9mon\n|rule|HP Percentage Mod: HP is shown in percentages\n|rule|Sleep Clause Mod: Limit one foe put to sleep\n|rule|Illusion Level Mod: Illusion disguises the Pok\u00e9mon's true level\n|\n|t:|1781435465\n|teamsize|p1|6\n|teamsize|p2|6\n|start\n|switch|p1a: Dachsbun|Dachsbun, L92, F|254/254\n|switch|p2a: Mesprit|Mesprit, L85|275/275\n|turn|1\n|inactive|Battle timer is ON: inactive players will automatically lose when time's up. (requested by drowyna)\n|\n|t:|1781435473\n|switch|p1a: Iron Jugulis|Iron Jugulis, L77|271/271\n|move|p2a: Mesprit|Psychic|p1a: Iron Jugulis\n|-immune|p1a: Iron Jugulis\n|\n|upkeep\n|turn|2\n|\n|t:|1781435488\n|switch|p2a: Ludicolo|Ludicolo, L90, M|290/290\n|move|p1a: Iron Jugulis|U-turn|p2a: Ludicolo\n|-supereffective|p2a: Ludicolo\n|-damage|p2a: Ludicolo|210/290\n|\n|t:|1781435495\n|-end|p1a: Iron Jugulis|Quark Drive|[silent]\n|switch|p1a: Mightyena|Mightyena, L96, F|290/290|[from] U-turn\n|-ability|p1a: Mightyena|Intimidate|boost\n|-unboost|p2a: Ludicolo|atk|1\n|\n|upkeep\n|turn|3\n|\n|t:|1781435518\n|move|p1a: Mightyena|Poison Fang|p2a: Ludicolo\n|-supereffective|p2a: Ludicolo\n|-damage|p2a: Ludicolo|106/290\n|-status|p2a: Ludicolo|tox\n|move|p2a: Ludicolo|Giga Drain|p1a: Mightyena\n|-damage|p1a: Mightyena|191/290\n|-heal|p2a: Ludicolo|156/290 tox|[from] drain|[of] p1a: Mightyena\n|\n|-damage|p2a: Ludicolo|138/290 tox|[from] psn\n|upkeep\n|turn|4\n|\n|t:|1781435525\n|move|p1a: Mightyena|Crunch|p2a: Ludicolo\n|-damage|p2a: Ludicolo|12/290 tox\n|move|p2a: Ludicolo|Giga Drain|p1a: Mightyena\n|-damage|p1a: Mightyena|98/290\n|-heal|p2a: Ludicolo|59/290 tox|[from] drain|[of] p1a: Mightyena\n|\n|-damage|p2a: Ludicolo|23/290 tox|[from] psn\n|upkeep\n|turn|5\n|\n|t:|1781435532\n|move|p1a: Mightyena|Sucker Punch|p2a: Ludicolo\n|-damage|p2a: Ludicolo|0 fnt\n|faint|p2a: Ludicolo\n|\n|upkeep\n|\n|t:|1781435556\n|switch|p2a: Altaria|Altaria, L89, F|278/278\n|turn|6\n|\n|t:|1781435561\n|move|p2a: Altaria|Brave Bird|p1a: Mightyena\n|-damage|p1a: Mightyena|0 fnt\n|faint|p1a: Mightyena\n|-damage|p2a: Altaria|246/278|[from] Recoil\n|\n|upkeep\n|\n|t:|1781435566\n|switch|p1a: Dachsbun|Dachsbun, L92, F|254/254\n|turn|7\n|\n|t:|1781435596\n|switch|p2a: Mesprit|Mesprit, L85|275/275\n|move|p1a: Dachsbun|Play Rough|p2a: Mesprit|[miss]\n|-miss|p1a: Dachsbun|p2a: Mesprit\n|\n|upkeep\n|turn|8\n|\n|t:|1781435600\n|move|p1a: Dachsbun|Wish|p1a: Dachsbun\n|move|p2a: Mesprit|Nasty Plot|p2a: Mesprit\n|-boost|p2a: Mesprit|spa|2\n|\n|upkeep\n|turn|9\n|\n|t:|1781435608\n|switch|p1a: Golurk|Golurk, L87|297/297\n|move|p2a: Mesprit|Shadow Ball|p1a: Golurk\n|-supereffective|p1a: Golurk\n|-damage|p1a: Golurk|0 fnt\n|faint|p1a: Golurk\n|-damage|p2a: Mesprit|248/275|[from] item: Life Orb\n|\n|upkeep\n|\n|t:|1781435612\n|switch|p1a: Iron Jugulis|Iron Jugulis, L77|271/271\n|turn|10\n|\n|t:|1781435633\n|move|p1a: Iron Jugulis|Dark Pulse|p2a: Mesprit\n|-supereffective|p2a: Mesprit\n|-damage|p2a: Mesprit|14/275\n|cant|p2a: Mesprit|flinch\n|\n|upkeep\n|turn|11\n|-message|phoebezulk forfeited.\n|\n|win|drowyna\n|raw|drowyna's rating: 1632 &rarr; <strong>1655</strong><br />(+23 for winning)\n|raw|phoebezulk's rating: 1681 &rarr; <strong>1658</strong><br />(-23 for losing)\n|l|\u2606phoebezulk\n|player|p2|\n", "uploadtime": 1781435643, "views": 3, "formatid": "gen9randombattle", "rating": 1655, "private": 0, "password": null}