{"id": "gen9randombattle-2631919988", "format": "[Gen 9] Random Battle", "players": ["Soul Gem", "catlib"], "log": "|j|\u2606Soul Gem\n|j|\u2606catlib\n|t:|1781455694\n|gametype|singles\n|player|p1|Soul Gem|misty|1948\n|player|p2|catlib|birdkeeper|1968\n|gen|9\n|tier|[Gen 9] Random Battle\n|rated|\n|rule|Species Clause: Limit one of each Pok\u00e9mon\n|rule|HP Percentage Mod: HP is shown in percentages\n|rule|Sleep Clause Mod: Limit one foe put to sleep\n|rule|Illusion Level Mod: Illusion disguises the Pok\u00e9mon's true level\n|\n|t:|1781455694\n|teamsize|p1|6\n|teamsize|p2|6\n|start\n|switch|p1a: Toxapex|Toxapex, L82, F, shiny|216/216\n|switch|p2a: Spectrier|Spectrier, L75|274/274\n|turn|1\n|j| Kioraosa\n|inactive|Battle timer is ON: inactive players will automatically lose when time's up. (requested by catlib)\n|\n|t:|1781455748\n|switch|p2a: Espeon|Espeon, L84, M|246/246\n|move|p1a: Toxapex|Liquidation|p2a: Espeon\n|-damage|p2a: Espeon|158/246\n|-unboost|p2a: Espeon|def|1\n|\n|upkeep\n|turn|2\n|\n|t:|1781455771\n|switch|p2a: Perrserker|Perrserker, L89, F|269/269\n|-terastallize|p1a: Toxapex|Steel\n|move|p1a: Toxapex|Liquidation|p2a: Perrserker\n|-damage|p2a: Perrserker|220/269\n|\n|upkeep\n|turn|3\n|\n|t:|1781455778\n|switch|p1a: Salazzle|Salazzle, L83, F|249/249\n|move|p2a: Perrserker|Stealth Rock|p1a: Salazzle\n|-sidestart|p1: Soul Gem|move: Stealth Rock\n|\n|upkeep\n|turn|4\n|\n|t:|1781455791\n|move|p1a: Salazzle|Substitute|p1a: Salazzle\n|-start|p1a: Salazzle|Substitute\n|-damage|p1a: Salazzle|187/249\n|move|p2a: Perrserker|Knock Off|p1a: Salazzle\n|-end|p1a: Salazzle|Substitute\n|-damage|p2a: Perrserker|194/269|[from] item: Life Orb\n|\n|-heal|p1a: Salazzle|202/249|[from] item: Leftovers\n|upkeep\n|turn|5\n|\n|t:|1781455804\n|switch|p2a: Snorlax|Snorlax, L82, F|397/397\n|move|p1a: Salazzle|Flamethrower|p2a: Snorlax\n|-damage|p2a: Snorlax|348/397\n|\n|-heal|p1a: Salazzle|217/249|[from] item: Leftovers\n|upkeep\n|turn|6\n|\n|t:|1781455810\n|move|p1a: Salazzle|Toxic|p2a: Snorlax\n|-status|p2a: Snorlax|tox\n|move|p2a: Snorlax|Earthquake|p1a: Salazzle\n|-supereffective|p1a: Salazzle\n|-damage|p1a: Salazzle|0 fnt\n|faint|p1a: Salazzle\n|\n|-damage|p2a: Snorlax|324/397 tox|[from] psn\n|upkeep\n|\n|t:|1781455828\n|switch|p1a: Great Tusk|Great Tusk, L77|304/304\n|-damage|p1a: Great Tusk|295/304|[from] Stealth Rock\n|-enditem|p1a: Great Tusk|Booster Energy\n|-activate|p1a: Great Tusk|ability: Protosynthesis|[fromitem]\n|-start|p1a: Great Tusk|protosynthesisatk\n|turn|7\n|\n|t:|1781455850\n|switch|p2a: Spectrier|Spectrier, L75|274/274\n|move|p1a: Great Tusk|Earthquake|p2a: Spectrier\n|-damage|p2a: Spectrier|58/274\n|\n|upkeep\n|turn|8\n|\n|t:|1781455862\n|switch|p2a: Volbeat|Volbeat, L90, M|263/263\n|move|p1a: Great Tusk|Earthquake|p2a: Volbeat\n|-resisted|p2a: Volbeat\n|-damage|p2a: Volbeat|181/263\n|\n|upkeep\n|turn|9\n|\n|t:|1781455870\n|-end|p1a: Great Tusk|Protosynthesis|[silent]\n|switch|p1a: Toxapex|Toxapex, L82, F, shiny, tera:Steel|216/216\n|-damage|p1a: Toxapex|203/216|[from] Stealth Rock\n|move|p2a: Volbeat|Encore||[still]\n|-fail|p2a: Volbeat\n|\n|upkeep\n|turn|10\n|\n|t:|1781455877\n|move|p2a: Volbeat|U-turn|p1a: Toxapex\n|-resisted|p1a: Toxapex\n|-damage|p1a: Toxapex|179/216\n|-damage|p2a: Volbeat|138/263|[from] item: Rocky Helmet|[of] p1a: Toxapex\n|\n|t:|1781455887\n|switch|p2a: Perrserker|Perrserker, L89, F|194/269|[from] U-turn\n|move|p1a: Toxapex|Liquidation|p2a: Perrserker\n|-damage|p2a: Perrserker|142/269\n|\n|upkeep\n|turn|11\n|\n|t:|1781455900\n|move|p2a: Perrserker|Close Combat|p1a: Toxapex\n|-supereffective|p1a: Toxapex\n|-damage|p1a: Toxapex|0 fnt\n|-unboost|p2a: Perrserker|def|1\n|-unboost|p2a: Perrserker|spd|1\n|-damage|p2a: Perrserker|98/269|[from] item: Rocky Helmet|[of] p1a: Toxapex\n|faint|p1a: Toxapex\n|-damage|p2a: Perrserker|72/269|[from] item: Life Orb\n|\n|upkeep\n|\n|t:|1781455911\n|switch|p1a: Flutter Mane|Flutter Mane, L74|203/203\n|-damage|p1a: Flutter Mane|178/203|[from] Stealth Rock\n|turn|12\n|\n|t:|1781455927\n|move|p1a: Flutter Mane|Shadow Ball|p2a: Perrserker\n|-damage|p2a: Perrserker|0 fnt\n|faint|p2a: Perrserker\n|-damage|p1a: Flutter Mane|158/203|[from] item: Life Orb\n|\n|upkeep\n|\n|t:|1781455929\n|switch|p2a: Snorlax|Snorlax, L82, F|324/397 tox\n|turn|13\n|\n|t:|1781455934\n|-end|p1a: Flutter Mane|Protosynthesis|[silent]\n|switch|p1a: Great Tusk|Great Tusk, L77|295/304\n|-damage|p1a: Great Tusk|286/304|[from] Stealth Rock\n|move|p2a: Snorlax|Earthquake|p1a: Great Tusk\n|-damage|p1a: Great Tusk|227/304\n|\n|-damage|p2a: Snorlax|300/397 tox|[from] psn\n|upkeep\n|turn|14\n|\n|t:|1781455956\n|move|p1a: Great Tusk|Earthquake|p2a: Snorlax\n|-damage|p2a: Snorlax|149/397 tox\n|move|p2a: Snorlax|Rest|p2a: Snorlax\n|-status|p2a: Snorlax|slp|[from] move: Rest\n|-heal|p2a: Snorlax|397/397 slp|[silent]\n|-enditem|p2a: Snorlax|Chesto Berry|[eat]\n|-curestatus|p2a: Snorlax|slp|[msg]\n|\n|upkeep\n|turn|15\n|\n|t:|1781455968\n|switch|p2a: Volbeat|Volbeat, L90, M|138/263\n|move|p1a: Great Tusk|Earthquake|p2a: Volbeat\n|-resisted|p2a: Volbeat\n|-damage|p2a: Volbeat|84/263\n|\n|upkeep\n|turn|16\n|\n|t:|1781455971\n|move|p2a: Volbeat|Roost|p2a: Volbeat\n|-heal|p2a: Volbeat|216/263\n|-singleturn|p2a: Volbeat|move: Roost\n|move|p1a: Great Tusk|Stone Edge|p2a: Volbeat\n|-supereffective|p2a: Volbeat\n|-damage|p2a: Volbeat|56/263\n|\n|upkeep\n|turn|17\n|\n|t:|1781455978\n|move|p2a: Volbeat|U-turn|p1a: Great Tusk\n|-resisted|p1a: Great Tusk\n|-damage|p1a: Great Tusk|198/304\n|\n|t:|1781455989\n|switch|p2a: Espeon|Espeon, L84, M|158/246|[from] U-turn\n|move|p1a: Great Tusk|Stone Edge|p2a: Espeon\n|-damage|p2a: Espeon|63/246\n|\n|upkeep\n|turn|18\n|\n|t:|1781455996\n|-end|p1a: Great Tusk|Protosynthesis|[silent]\n|switch|p1a: Regirock|Regirock, L83|268/268\n|-damage|p1a: Regirock|235/268|[from] Stealth Rock\n|move|p2a: Espeon|Psyshock|p1a: Regirock\n|-damage|p1a: Regirock|160/268\n|-damage|p2a: Espeon|39/246|[from] item: Life Orb\n|\n|upkeep\n|turn|19\n|\n|t:|1781456008\n|move|p2a: Espeon|Morning Sun|p2a: Espeon\n|-heal|p2a: Espeon|162/246\n|move|p1a: Regirock|Stone Edge|p2a: Espeon\n|-damage|p2a: Espeon|21/246\n|\n|upkeep\n|turn|20\n|\n|t:|1781456012\n|move|p2a: Espeon|Morning Sun|p2a: Espeon\n|-heal|p2a: Espeon|144/246\n|move|p1a: Regirock|Stone Edge|p2a: Espeon\n|-damage|p2a: Espeon|0 fnt\n|faint|p2a: Espeon\n|\n|upkeep\n|inactive|catlib has 120 seconds left.\n|\n|t:|1781456043\n|switch|p2a: Spectrier|Spectrier, L75|58/274\n|turn|21\n|\n|t:|1781456057\n|move|p2a: Spectrier|Shadow Ball|p1a: Regirock\n|-damage|p1a: Regirock|43/268\n|-damage|p2a: Spectrier|31/274|[from] item: Life Orb\n|move|p1a: Regirock|Stone Edge|p2a: Spectrier|[miss]\n|-miss|p1a: Regirock|p2a: Spectrier\n|\n|upkeep\n|turn|22\n|\n|t:|1781456061\n|switch|p1a: Ambipom|Ambipom, L84, M|263/263\n|-damage|p1a: Ambipom|231/263|[from] Stealth Rock\n|move|p2a: Spectrier|Shadow Ball|p1a: Ambipom\n|-immune|p1a: Ambipom\n|\n|upkeep\n|turn|23\n|\n|t:|1781456070\n|move|p1a: Ambipom|Knock Off|p2a: Spectrier\n|-supereffective|p2a: Spectrier\n|-damage|p2a: Spectrier|0 fnt\n|-enditem|p2a: Spectrier|Life Orb|[from] move: Knock Off|[of] p1a: Ambipom\n|faint|p2a: Spectrier\n|\n|upkeep\n|\n|t:|1781456078\n|switch|p2a: Snorlax|Snorlax, L82, F|397/397\n|turn|24\n|\n|t:|1781456083\n|move|p1a: Ambipom|U-turn|p2a: Snorlax\n|-damage|p2a: Snorlax|331/397\n|\n|t:|1781456087\n|switch|p1a: Regirock|Regirock, L83|43/268|[from] U-turn\n|-damage|p1a: Regirock|10/268|[from] Stealth Rock\n|move|p2a: Snorlax|Body Slam|p1a: Regirock\n|-resisted|p1a: Regirock\n|-damage|p1a: Regirock|0 fnt\n|faint|p1a: Regirock\n|\n|upkeep\n|\n|t:|1781456090\n|switch|p1a: Great Tusk|Great Tusk, L77|198/304\n|-damage|p1a: Great Tusk|189/304|[from] Stealth Rock\n|turn|25\n|inactive|catlib has 120 seconds left.\n|\n|t:|1781456124\n|-terastallize|p2a: Snorlax|Ground\n|move|p1a: Great Tusk|Close Combat|p2a: Snorlax\n|-damage|p2a: Snorlax|151/397\n|-unboost|p1a: Great Tusk|def|1\n|-unboost|p1a: Great Tusk|spd|1\n|move|p2a: Snorlax|Curse|p2a: Snorlax\n|-unboost|p2a: Snorlax|spe|1\n|-boost|p2a: Snorlax|atk|1\n|-boost|p2a: Snorlax|def|1\n|\n|upkeep\n|turn|26\n|l| Kioraosa\n|\n|t:|1781456134\n|move|p1a: Great Tusk|Close Combat|p2a: Snorlax\n|-damage|p2a: Snorlax|31/397\n|-unboost|p1a: Great Tusk|def|1\n|-unboost|p1a: Great Tusk|spd|1\n|move|p2a: Snorlax|Rest|p2a: Snorlax\n|-status|p2a: Snorlax|slp|[from] move: Rest\n|-heal|p2a: Snorlax|397/397 slp|[silent]\n|\n|upkeep\n|turn|27\n|\n|t:|1781456140\n|move|p1a: Great Tusk|Bulk Up|p1a: Great Tusk\n|-boost|p1a: Great Tusk|atk|1\n|-boost|p1a: Great Tusk|def|1\n|cant|p2a: Snorlax|slp\n|\n|upkeep\n|turn|28\n|\n|t:|1781456142\n|move|p1a: Great Tusk|Bulk Up|p1a: Great Tusk\n|-boost|p1a: Great Tusk|atk|1\n|-boost|p1a: Great Tusk|def|1\n|cant|p2a: Snorlax|slp\n|\n|upkeep\n|turn|29\n|\n|t:|1781456150\n|move|p1a: Great Tusk|Close Combat|p2a: Snorlax\n|-damage|p2a: Snorlax|178/397 slp\n|-unboost|p1a: Great Tusk|def|1\n|-unboost|p1a: Great Tusk|spd|1\n|-curestatus|p2a: Snorlax|slp|[msg]\n|move|p2a: Snorlax|Earthquake|p1a: Great Tusk\n|-damage|p1a: Great Tusk|6/304\n|\n|upkeep\n|turn|30\n|\n|t:|1781456161\n|move|p1a: Great Tusk|Close Combat|p2a: Snorlax\n|-damage|p2a: Snorlax|0 fnt\n|-unboost|p1a: Great Tusk|def|1\n|-unboost|p1a: Great Tusk|spd|1\n|faint|p2a: Snorlax\n|\n|upkeep\n|\n|t:|1781456165\n|switch|p2a: Volbeat|Volbeat, L90, M|56/263\n|turn|31\n|\n|t:|1781456171\n|move|p2a: Volbeat|U-turn|p1a: Great Tusk\n|-resisted|p1a: Great Tusk\n|-damage|p1a: Great Tusk|0 fnt\n|faint|p1a: Great Tusk\n|-end|p1a: Great Tusk|Protosynthesis|[silent]\n|\n|t:|1781456175\n|switch|p2a: Grafaiai|Grafaiai, L86, F|249/249|[from] U-turn\n|\n|upkeep\n|\n|t:|1781456179\n|switch|p1a: Ambipom|Ambipom, L84, M|231/263\n|-damage|p1a: Ambipom|199/263|[from] Stealth Rock\n|turn|32\n|\n|t:|1781456183\n|move|p1a: Ambipom|Fake Out|p2a: Grafaiai\n|-damage|p2a: Grafaiai|152/249\n|cant|p2a: Grafaiai|flinch\n|\n|upkeep\n|turn|33\n|\n|t:|1781456187\n|move|p1a: Ambipom|Double-Edge|p2a: Grafaiai\n|-damage|p2a: Grafaiai|0 fnt\n|faint|p2a: Grafaiai\n|-damage|p1a: Ambipom|149/263|[from] Recoil\n|\n|upkeep\n|-message|catlib forfeited.\n|\n|win|Soul Gem\n|raw|Soul Gem's rating: 1948 &rarr; <strong>1969</strong><br />(+21 for winning)\n|raw|catlib's rating: 1968 &rarr; <strong>1947</strong><br />(-21 for losing)\n|l|\u2606catlib\n|player|p2|\n", "inputlog": ">version a8376a258c1d4662feba110a92103f3664a72141\n>start {\"formatid\":\"gen9randombattle\",\"seed\":\"sodium,e11094ce40266f846049a0abff32d9ad\",\"rated\":\"Rated battle\"}\n>player p1 {\"name\":\"Soul Gem\",\"avatar\":\"misty\",\"rating\":1948,\"seed\":\"sodium,6c7616b2ca918929b082776c58b82f68\"}\n>player p2 {\"name\":\"catlib\",\"avatar\":\"birdkeeper\",\"rating\":1968,\"seed\":\"sodium,76824e5b48a42bde2d977016bd104d32\"}\n>p1 move liquidation\n>p2 switch 6\n>p1 move liquidation terastallize\n>p2 switch 5\n>p1 switch 5\n>p2 move stealthrock\n>p1 move substitute\n>p2 move knockoff\n>p1 move flamethrower\n>p2 switch 3\n>p1 move toxic\n>p2 move earthquake\n>p1 switch 6\n>p1 move earthquake\n>p2 switch 6\n>p1 move earthquake\n>p2 switch 4\n>p1 switch 5\n>p2 move encore\n>p1 move liquidation\n>p2 move uturn\n>p2 switch 3\n>p1 move liquidation\n>p2 move closecombat\n>p1 switch 3\n>p1 move shadowball\n>p2 move knockoff\n>p2 switch 6\n>p1 switch 5\n>p2 move earthquake\n>p1 move earthquake\n>p2 move rest\n>p1 move earthquake\n>p2 switch 3\n>p1 move stoneedge\n>p2 move roost\n>p1 move stoneedge\n>p2 move uturn\n>p2 switch 5\n>p1 switch 4\n>p2 move psyshock\n>p1 move stoneedge\n>p2 move morningsun\n>p1 move stoneedge\n>p2 move morningsun\n>p2 switch 4\n>p1 move stoneedge\n>p2 move shadowball\n>p1 switch 2\n>p2 move shadowball\n>p1 move knockoff\n>p2 move willowisp\n>p2 switch 3\n>p1 move uturn\n>p2 move bodyslam\n>p1 switch 2\n>p1 switch 4\n>p1 move closecombat\n>p2 move curse terastallize\n>p1 move closecombat\n>p2 move rest\n>p1 move bulkup\n>p2 move earthquake\n>p1 move bulkup\n>p2 move earthquake\n>p1 move closecombat\n>p2 move earthquake\n>p1 move closecombat\n>p2 move earthquake\n>p2 switch 5\n>p1 move stoneedge\n>p2 move uturn\n>p2 switch 2\n>p1 switch 2\n>p1 move fakeout\n>p2 move gunkshot\n>p1 move doubleedge\n>p2 move gunkshot\n>forcelose p2", "uploadtime": 1781455695, "views": 6, "formatid": "gen9randombattle", "rating": 1947, "private": 0, "password": null}