{"id": "gen9randombattle-2631901839", "format": "[Gen 9] Random Battle", "players": ["spencomatic", "Pokeoke"], "log": "|j|\u2606spencomatic\n|j|\u2606Pokeoke\n|t:|1781453747\n|gametype|singles\n|player|p1|spencomatic|2|2039\n|player|p2|Pokeoke|169|2052\n|gen|9\n|tier|[Gen 9] Random Battle\n|rated|\n|rule|Species Clause: Limit one of each Pok\u00e9mon\n|rule|HP Percentage Mod: HP is shown in percentages\n|rule|Sleep Clause Mod: Limit one foe put to sleep\n|rule|Illusion Level Mod: Illusion disguises the Pok\u00e9mon's true level\n|\n|t:|1781453747\n|teamsize|p1|6\n|teamsize|p2|6\n|start\n|switch|p1a: Vileplume|Vileplume, L85, F|266/266\n|switch|p2a: Comfey|Comfey, L85, M|225/225\n|turn|1\n|inactive|Battle timer is ON: inactive players will automatically lose when time's up. (requested by spencomatic)\n|\n|t:|1781453756\n|switch|p2a: Salazzle|Salazzle, L83, F|249/249\n|move|p1a: Vileplume|Sludge Bomb|p2a: Salazzle\n|-resisted|p2a: Salazzle\n|-damage|p2a: Salazzle|176/249\n|\n|upkeep\n|turn|2\n|\n|t:|1781453765\n|switch|p1a: Minun|Minun, L95, F|268/268\n|move|p2a: Salazzle|Nasty Plot|p2a: Salazzle\n|-boost|p2a: Salazzle|spa|2\n|\n|upkeep\n|turn|3\n|\n|t:|1781453773\n|move|p2a: Salazzle|Sludge Wave|p1a: Minun\n|-damage|p1a: Minun|69/268\n|move|p1a: Minun|Thunderbolt|p2a: Salazzle\n|-crit|p2a: Salazzle\n|-damage|p2a: Salazzle|0 fnt\n|faint|p2a: Salazzle\n|-damage|p1a: Minun|43/268|[from] item: Life Orb\n|\n|upkeep\n|\n|t:|1781453779\n|switch|p2a: Dugtrio|Dugtrio, L84, M|196/196\n|turn|4\n|\n|t:|1781453783\n|move|p2a: Dugtrio|Sucker Punch|p1a: Minun\n|-damage|p1a: Minun|0 fnt\n|faint|p1a: Minun\n|\n|upkeep\n|\n|t:|1781453786\n|switch|p1a: Vileplume|Vileplume, L85, F|266/266\n|turn|5\n|\n|t:|1781453790\n|switch|p2a: Spidops|Spidops, L96, F|271/271\n|move|p1a: Vileplume|Sludge Bomb|p2a: Spidops\n|-damage|p2a: Spidops|177/271\n|\n|upkeep\n|turn|6\n|\n|t:|1781453796\n|move|p1a: Vileplume|Giga Drain|p2a: Spidops\n|-resisted|p2a: Spidops\n|-damage|p2a: Spidops|135/271\n|move|p2a: Spidops|Sticky Web|p1a: Vileplume\n|-sidestart|p1: spencomatic|move: Sticky Web\n|\n|upkeep\n|turn|7\n|\n|t:|1781453799\n|move|p1a: Vileplume|Sludge Bomb|p2a: Spidops\n|-damage|p2a: Spidops|45/271\n|move|p2a: Spidops|Circle Throw|p1a: Vileplume\n|-resisted|p1a: Vileplume\n|-damage|p1a: Vileplume|241/266\n|-status|p2a: Spidops|slp|[from] ability: Effect Spore|[of] p1a: Vileplume\n|drag|p1a: Drednaw|Drednaw, L81, F|278/278\n|-activate|p1a: Drednaw|move: Sticky Web\n|-unboost|p1a: Drednaw|spe|1\n|-enditem|p1a: Drednaw|White Herb\n|-clearnegativeboost|p1a: Drednaw|[silent]\n|\n|upkeep\n|turn|8\n|\n|t:|1781453809\n|switch|p2a: Quaquaval|Quaquaval, L79, F|264/264\n|move|p1a: Drednaw|Shell Smash|p1a: Drednaw\n|-unboost|p1a: Drednaw|def|1\n|-unboost|p1a: Drednaw|spd|1\n|-boost|p1a: Drednaw|atk|2\n|-boost|p1a: Drednaw|spa|2\n|-boost|p1a: Drednaw|spe|2\n|\n|upkeep\n|turn|9\n|\n|t:|1781453814\n|move|p1a: Drednaw|Stone Edge|p2a: Quaquaval\n|-resisted|p2a: Quaquaval\n|-damage|p2a: Quaquaval|139/264\n|move|p2a: Quaquaval|Aqua Step|p1a: Drednaw\n|-damage|p1a: Drednaw|83/278\n|-boost|p2a: Quaquaval|spe|1\n|\n|upkeep\n|turn|10\n|\n|t:|1781453816\n|move|p1a: Drednaw|Stone Edge|p2a: Quaquaval\n|-resisted|p2a: Quaquaval\n|-damage|p2a: Quaquaval|6/264\n|move|p2a: Quaquaval|Aqua Step|p1a: Drednaw\n|-damage|p1a: Drednaw|0 fnt\n|-boost|p2a: Quaquaval|spe|1\n|faint|p1a: Drednaw\n|-ability|p2a: Quaquaval|Moxie|boost\n|-boost|p2a: Quaquaval|atk|1\n|\n|upkeep\n|\n|t:|1781453821\n|switch|p1a: Vileplume|Vileplume, L85, F|241/266\n|-activate|p1a: Vileplume|move: Sticky Web\n|-unboost|p1a: Vileplume|spe|1\n|turn|11\n|\n|t:|1781453825\n|switch|p2a: Spidops|Spidops, L96, F|45/271 slp\n|move|p1a: Vileplume|Giga Drain|p2a: Spidops\n|-resisted|p2a: Spidops\n|-damage|p2a: Spidops|5/271 slp\n|-heal|p1a: Vileplume|261/266|[from] drain|[of] p2a: Spidops\n|\n|-heal|p1a: Vileplume|266/266|[from] item: Leftovers\n|upkeep\n|turn|12\n|\n|t:|1781453829\n|cant|p2a: Spidops|slp\n|move|p1a: Vileplume|Giga Drain|p2a: Spidops\n|-resisted|p2a: Spidops\n|-damage|p2a: Spidops|0 fnt\n|faint|p2a: Spidops\n|\n|upkeep\n|\n|t:|1781453839\n|switch|p2a: Quaquaval|Quaquaval, L79, F|6/264\n|turn|13\n|\n|t:|1781453842\n|move|p2a: Quaquaval|Knock Off|p1a: Vileplume\n|-damage|p1a: Vileplume|160/266\n|-status|p2a: Quaquaval|slp|[from] ability: Effect Spore|[of] p1a: Vileplume\n|-enditem|p1a: Vileplume|Leftovers|[from] move: Knock Off|[of] p2a: Quaquaval\n|move|p1a: Vileplume|Strength Sap|p2a: Quaquaval\n|-unboost|p2a: Quaquaval|atk|1\n|-heal|p1a: Vileplume|266/266\n|\n|upkeep\n|turn|14\n|\n|t:|1781453845\n|cant|p2a: Quaquaval|slp\n|move|p1a: Vileplume|Giga Drain|p2a: Quaquaval\n|-supereffective|p2a: Quaquaval\n|-damage|p2a: Quaquaval|0 fnt\n|faint|p2a: Quaquaval\n|\n|upkeep\n|\n|t:|1781453852\n|switch|p2a: Dugtrio|Dugtrio, L84, M|196/196\n|turn|15\n|\n|t:|1781453854\n|-terastallize|p2a: Dugtrio|Ground\n|move|p2a: Dugtrio|Earthquake|p1a: Vileplume\n|-damage|p1a: Vileplume|46/266\n|move|p1a: Vileplume|Giga Drain|p2a: Dugtrio\n|-supereffective|p2a: Dugtrio\n|-damage|p2a: Dugtrio|0 fnt\n|-heal|p1a: Vileplume|144/266|[from] drain|[of] p2a: Dugtrio\n|faint|p2a: Dugtrio\n|\n|upkeep\n|-message|Pokeoke forfeited.\n|\n|win|spencomatic\n", "inputlog": ">version a8376a258c1d4662feba110a92103f3664a72141\n>start {\"formatid\":\"gen9randombattle\",\"seed\":\"sodium,211a1937ea095ad70ae5dc48ad54c276\",\"rated\":\"Rated battle\"}\n>player p1 {\"name\":\"spencomatic\",\"avatar\":\"2\",\"rating\":2039,\"seed\":\"sodium,1d39207e3d8f6cc26abb2c4fdbb1228c\"}\n>player p2 {\"name\":\"Pokeoke\",\"avatar\":\"169\",\"rating\":2052,\"seed\":\"sodium,14d715c8cae2e5d08cad756eae9f2b7f\"}\n>p1 move sludgebomb\n>p2 switch 6\n>p1 switch 3\n>p2 move nastyplot\n>p1 move thunderbolt\n>p2 move sludgewave\n>p2 switch 3\n>p1 move grassknot\n>p2 move suckerpunch\n>p1 switch 3\n>p1 move sludgebomb\n>p2 switch 2\n>p1 move gigadrain\n>p2 move stickyweb\n>p1 move sludgebomb\n>p2 move circlethrow\n>p1 move shellsmash\n>p2 switch 4\n>p1 move stoneedge\n>p2 move aquastep\n>p1 move stoneedge\n>p2 move aquastep\n>p1 switch 6\n>p1 move gigadrain\n>p2 switch 4\n>p1 move gigadrain\n>p2 move uturn\n>p2 switch 4\n>p1 move strengthsap\n>p2 move knockoff\n>p1 move gigadrain\n>p2 move knockoff\n>p2 switch 2\n>p1 move gigadrain\n>p2 move earthquake terastallize\n>forcelose p2", "uploadtime": 1781453749, "views": 6, "formatid": "gen9randombattle", "rating": null, "private": 0, "password": null}