{"id": "gen9randombattle-2631644731", "format": "[Gen 9] Random Battle", "players": ["dollainthewoods", "Fuk ICE"], "log": "|j|\u2606dollainthewoods\n|j|\u2606Fuk ICE\n|t:|1781413962\n|gametype|singles\n|player|p1|dollainthewoods|170|2150\n|player|p2|Fuk ICE|101|2170\n|gen|9\n|tier|[Gen 9] Random Battle\n|rated|\n|rule|Species Clause: Limit one of each Pok\u00e9mon\n|rule|HP Percentage Mod: HP is shown in percentages\n|rule|Sleep Clause Mod: Limit one foe put to sleep\n|rule|Illusion Level Mod: Illusion disguises the Pok\u00e9mon's true level\n|\n|t:|1781413962\n|teamsize|p1|6\n|teamsize|p2|6\n|start\n|switch|p1a: Venomoth|Venomoth, L84, M|255/255\n|switch|p2a: Ariados|Ariados, L95, M|287/287\n|turn|1\n|\n|t:|1781414036\n|switch|p2a: Conkeldurr|Conkeldurr, L80, F|299/299\n|move|p1a: Venomoth|Sleep Powder|p2a: Conkeldurr\n|-status|p2a: Conkeldurr|slp|[from] move: Sleep Powder\n|\n|upkeep\n|turn|2\n|inactive|Battle timer is ON: inactive players will automatically lose when time's up. (requested by dollainthewoods)\n|\n|t:|1781414063\n|switch|p2a: Tornadus|Tornadus, L82, M|263/263\n|move|p1a: Venomoth|Quiver Dance|p1a: Venomoth\n|-boost|p1a: Venomoth|spa|1\n|-boost|p1a: Venomoth|spd|1\n|-boost|p1a: Venomoth|spe|1\n|\n|upkeep\n|turn|3\n|inactive|dollainthewoods has 120 seconds left.\n|inactive|dollainthewoods has 90 seconds left.\n|inactive|dollainthewoods has 60 seconds left.\n|\n|t:|1781414158\n|move|p1a: Venomoth|Sludge Wave|p2a: Tornadus\n|-damage|p2a: Tornadus|113/263\n|move|p2a: Tornadus|Bleakwind Storm|p1a: Venomoth|[miss]\n|-miss|p2a: Tornadus|p1a: Venomoth\n|\n|upkeep\n|turn|4\n|inactive|dollainthewoods has 60 seconds left.\n|\n|t:|1781414176\n|move|p1a: Venomoth|Bug Buzz|p2a: Tornadus\n|-resisted|p2a: Tornadus\n|-damage|p2a: Tornadus|0 fnt\n|faint|p2a: Tornadus\n|\n|upkeep\n|\n|t:|1781414190\n|switch|p2a: Zebstrika|Zebstrika, L87, F|272/272\n|turn|5\n|inactive|dollainthewoods has 60 seconds left.\n|\n|t:|1781414213\n|move|p1a: Venomoth|Sludge Wave|p2a: Zebstrika\n|-damage|p2a: Zebstrika|92/272\n|move|p2a: Zebstrika|Supercell Slam|p1a: Venomoth\n|-damage|p1a: Venomoth|67/255\n|-damage|p2a: Zebstrika|65/272|[from] item: Life Orb\n|\n|upkeep\n|turn|6\n|inactive|dollainthewoods has 60 seconds left.\n|inactive|Fuk ICE has 120 seconds left.\n|\n|t:|1781414249\n|switch|p2a: Ariados|Ariados, L95, M|287/287\n|move|p1a: Venomoth|Bug Buzz|p2a: Ariados\n|-resisted|p2a: Ariados\n|-damage|p2a: Ariados|155/287\n|\n|upkeep\n|turn|7\n|inactive|dollainthewoods has 60 seconds left.\n|inactive|Fuk ICE has 90 seconds left.\n|\n|t:|1781414308\n|move|p2a: Ariados|Sucker Punch|p1a: Venomoth\n|-damage|p1a: Venomoth|0 fnt\n|faint|p1a: Venomoth\n|\n|upkeep\n|\n|t:|1781414319\n|switch|p1a: Munkidori|Munkidori, L79, M|269/269\n|turn|8\n|inactive|Fuk ICE has 60 seconds left.\n|\n|t:|1781414343\n|switch|p2a: Bellibolt|Bellibolt, L84, F|320/320\n|move|p1a: Munkidori|Fake Out|p2a: Bellibolt\n|-crit|p2a: Bellibolt\n|-damage|p2a: Bellibolt|290/320\n|-start|p2a: Bellibolt|Charge|Fake Out|[from] ability: Electromorphosis\n|\n|-heal|p2a: Bellibolt|310/320|[from] item: Leftovers\n|upkeep\n|turn|9\n|\n|t:|1781414347\n|move|p1a: Munkidori|Psychic Noise|p2a: Bellibolt\n|-damage|p2a: Bellibolt|208/320\n|-start|p2a: Bellibolt|move: Heal Block\n|-start|p2a: Bellibolt|Charge|Psychic Noise|[from] ability: Electromorphosis\n|-status|p2a: Bellibolt|tox|[from] ability: Toxic Chain|[of] p1a: Munkidori\n|move|p2a: Bellibolt|Thunderbolt|p1a: Munkidori\n|-damage|p1a: Munkidori|121/269\n|-end|p2a: Bellibolt|Charge|[silent]\n|\n|-damage|p2a: Bellibolt|188/320 tox|[from] psn\n|upkeep\n|turn|10\n|inactive|Fuk ICE has 60 seconds left.\n|\n|t:|1781414387\n|move|p1a: Munkidori|U-turn|p2a: Bellibolt\n|-damage|p2a: Bellibolt|151/320 tox\n|-start|p2a: Bellibolt|Charge|U-turn|[from] ability: Electromorphosis\n|\n|t:|1781414392\n|switch|p1a: Toedscruel|Toedscruel, L87, F|281/281|[from] U-turn\n|move|p2a: Bellibolt|Thunderbolt|p1a: Toedscruel\n|-immune|p1a: Toedscruel\n|-end|p2a: Bellibolt|Charge|[silent]\n|\n|-damage|p2a: Bellibolt|111/320 tox|[from] psn\n|-end|p2a: Bellibolt|move: Heal Block\n|upkeep\n|turn|11\n|inactive|dollainthewoods has 90 seconds left.\n|\n|t:|1781414418\n|switch|p2a: Drifblim|Drifblim, L86, F|398/398\n|move|p1a: Toedscruel|Earth Power|p2a: Drifblim\n|-immune|p2a: Drifblim\n|\n|upkeep\n|turn|12\n|inactive|Fuk ICE has 30 seconds left.\n|\n|t:|1781414454\n|move|p1a: Toedscruel|Knock Off|p2a: Drifblim\n|-supereffective|p2a: Drifblim\n|-damage|p2a: Drifblim|230/398\n|-enditem|p2a: Drifblim|Heavy-Duty Boots|[from] move: Knock Off|[of] p1a: Toedscruel\n|move|p2a: Drifblim|Air Slash|p1a: Toedscruel\n|-supereffective|p1a: Toedscruel\n|-damage|p1a: Toedscruel|201/281\n|\n|upkeep\n|turn|13\n|inactive|Fuk ICE has 30 seconds left.\n|inactive|Fuk ICE has 20 seconds left.\n|inactive|Fuk ICE has 15 seconds left.\n|\n|t:|1781414476\n|switch|p1a: Munkidori|Munkidori, L79, M|121/269\n|move|p2a: Drifblim|Strength Sap|p1a: Munkidori\n|-unboost|p1a: Munkidori|atk|1\n|-heal|p2a: Drifblim|394/398\n|\n|upkeep\n|turn|14\n|inactive|Fuk ICE has 25 seconds left this turn.\n|\n|t:|1781414483\n|move|p1a: Munkidori|Psychic Noise|p2a: Drifblim\n|-damage|p2a: Drifblim|264/398\n|-start|p2a: Drifblim|move: Heal Block\n|-status|p2a: Drifblim|tox|[from] ability: Toxic Chain|[of] p1a: Munkidori\n|move|p2a: Drifblim|Shadow Ball|p1a: Munkidori\n|-supereffective|p1a: Munkidori\n|-damage|p1a: Munkidori|7/269\n|\n|-damage|p2a: Drifblim|240/398 tox|[from] psn\n|upkeep\n|turn|15\n|inactive|Fuk ICE has 30 seconds left.\n|\n|t:|1781414491\n|move|p1a: Munkidori|U-turn|p2a: Drifblim\n|-resisted|p2a: Drifblim\n|-damage|p2a: Drifblim|231/398 tox\n|\n|t:|1781414497\n|switch|p1a: Carbink|Carbink, L90|236/236|[from] U-turn\n|move|p2a: Drifblim|Shadow Ball|p1a: Carbink\n|-damage|p1a: Carbink|181/236\n|\n|-heal|p1a: Carbink|195/236|[from] item: Leftovers\n|-damage|p2a: Drifblim|183/398 tox|[from] psn\n|-end|p2a: Drifblim|move: Heal Block\n|upkeep\n|turn|16\n|\n|t:|1781414506\n|switch|p2a: Bellibolt|Bellibolt, L84, F|111/320 tox\n|move|p1a: Carbink|Rock Polish|p1a: Carbink\n|-boost|p1a: Carbink|spe|2\n|\n|-heal|p1a: Carbink|209/236|[from] item: Leftovers\n|-heal|p2a: Bellibolt|131/320 tox|[from] item: Leftovers\n|-damage|p2a: Bellibolt|111/320 tox|[from] psn\n|upkeep\n|turn|17\n|\n|t:|1781414510\n|move|p1a: Carbink|Iron Defense|p1a: Carbink\n|-boost|p1a: Carbink|def|2\n|move|p2a: Bellibolt|Muddy Water|p1a: Carbink\n|-supereffective|p1a: Carbink\n|-damage|p1a: Carbink|127/236\n|\n|-heal|p1a: Carbink|141/236|[from] item: Leftovers\n|-heal|p2a: Bellibolt|131/320 tox|[from] item: Leftovers\n|-damage|p2a: Bellibolt|91/320 tox|[from] psn\n|upkeep\n|turn|18\n|inactive|dollainthewoods has 120 seconds left.\n|\n|t:|1781414517\n|move|p1a: Carbink|Body Press|p2a: Bellibolt\n|-damage|p2a: Bellibolt|0 fnt\n|faint|p2a: Bellibolt\n|\n|-heal|p1a: Carbink|155/236|[from] item: Leftovers\n|upkeep\n|\n|t:|1781414528\n|switch|p2a: Drifblim|Drifblim, L86, F|183/398 tox\n|turn|19\n|\n|t:|1781414533\n|move|p1a: Carbink|Moonblast|p2a: Drifblim\n|-damage|p2a: Drifblim|74/398 tox\n|-unboost|p2a: Drifblim|spa|1\n|move|p2a: Drifblim|Shadow Ball|p1a: Carbink\n|-damage|p1a: Carbink|121/236\n|\n|-heal|p1a: Carbink|135/236|[from] item: Leftovers\n|-damage|p2a: Drifblim|50/398 tox|[from] psn\n|upkeep\n|turn|20\n|\n|t:|1781414545\n|move|p1a: Carbink|Iron Defense|p1a: Carbink\n|-boost|p1a: Carbink|def|2\n|move|p2a: Drifblim|Strength Sap|p1a: Carbink\n|-unboost|p1a: Carbink|atk|1\n|-heal|p2a: Drifblim|145/398 tox\n|\n|-heal|p1a: Carbink|149/236|[from] item: Leftovers\n|-damage|p2a: Drifblim|97/398 tox|[from] psn\n|upkeep\n|turn|21\n|\n|t:|1781414549\n|move|p1a: Carbink|Iron Defense|p1a: Carbink\n|-boost|p1a: Carbink|def|2\n|move|p2a: Drifblim|Shadow Ball|p1a: Carbink\n|-damage|p1a: Carbink|112/236\n|\n|-heal|p1a: Carbink|126/236|[from] item: Leftovers\n|-damage|p2a: Drifblim|25/398 tox|[from] psn\n|upkeep\n|turn|22\n|\n|t:|1781414555\n|move|p1a: Carbink|Rock Polish|p1a: Carbink\n|-boost|p1a: Carbink|spe|2\n|move|p2a: Drifblim|Shadow Ball|p1a: Carbink\n|-damage|p1a: Carbink|90/236\n|-unboost|p1a: Carbink|spd|1\n|\n|-heal|p1a: Carbink|104/236|[from] item: Leftovers\n|-damage|p2a: Drifblim|0 fnt|[from] psn\n|faint|p2a: Drifblim\n|upkeep\n|\n|t:|1781414559\n|switch|p2a: Ariados|Ariados, L95, M|155/287\n|turn|23\n|inactive|Fuk ICE has 90 seconds left.\n|inactive|Fuk ICE has 60 seconds left.\n|\n|t:|1781414598\n|move|p1a: Carbink|Body Press|p2a: Ariados\n|-resisted|p2a: Ariados\n|-damage|p2a: Ariados|58/287\n|move|p2a: Ariados|Poison Jab|p1a: Carbink\n|-damage|p1a: Carbink|88/236\n|-status|p1a: Carbink|psn\n|\n|-heal|p1a: Carbink|102/236 psn|[from] item: Leftovers\n|-damage|p1a: Carbink|73/236 psn|[from] psn\n|upkeep\n|turn|24\n|inactive|Fuk ICE has 60 seconds left.\n|\n|t:|1781414629\n|-terastallize|p2a: Ariados|Ghost\n|move|p1a: Carbink|Body Press|p2a: Ariados\n|-immune|p2a: Ariados\n|move|p2a: Ariados|Sticky Web|p1a: Carbink\n|-sidestart|p1: dollainthewoods|move: Sticky Web\n|\n|-heal|p1a: Carbink|87/236 psn|[from] item: Leftovers\n|-damage|p1a: Carbink|58/236 psn|[from] psn\n|upkeep\n|turn|25\n|\n|t:|1781414639\n|switch|p2a: Conkeldurr|Conkeldurr, L80, F|299/299 slp\n|move|p1a: Carbink|Moonblast|p2a: Conkeldurr\n|-supereffective|p2a: Conkeldurr\n|-damage|p2a: Conkeldurr|95/299 slp\n|-unboost|p2a: Conkeldurr|spa|1\n|\n|-heal|p1a: Carbink|72/236 psn|[from] item: Leftovers\n|-damage|p1a: Carbink|43/236 psn|[from] psn\n|upkeep\n|turn|26\n|\n|t:|1781414650\n|cant|p2a: Conkeldurr|slp\n|move|p1a: Carbink|Moonblast|p2a: Conkeldurr\n|-supereffective|p2a: Conkeldurr\n|-damage|p2a: Conkeldurr|0 fnt\n|faint|p2a: Conkeldurr\n|\n|-heal|p1a: Carbink|57/236 psn|[from] item: Leftovers\n|-damage|p1a: Carbink|28/236 psn|[from] psn\n|upkeep\n|\n|t:|1781414653\n|switch|p2a: Zebstrika|Zebstrika, L87, F|65/272\n|turn|27\n|\n|t:|1781414660\n|switch|p2a: Ariados|Ariados, L95, M, tera:Ghost|58/287\n|move|p1a: Carbink|Moonblast|p2a: Ariados\n|-damage|p2a: Ariados|0 fnt\n|faint|p2a: Ariados\n|\n|-heal|p1a: Carbink|42/236 psn|[from] item: Leftovers\n|-damage|p1a: Carbink|13/236 psn|[from] psn\n|upkeep\n|\n|t:|1781414661\n|switch|p2a: Zebstrika|Zebstrika, L87, F|65/272\n|turn|28\n|\n|t:|1781414664\n|move|p1a: Carbink|Body Press|p2a: Zebstrika\n|-damage|p2a: Zebstrika|0 fnt\n|faint|p2a: Zebstrika\n|\n|win|dollainthewoods\n", "inputlog": ">version a8376a258c1d4662feba110a92103f3664a72141\n>start {\"formatid\":\"gen9randombattle\",\"seed\":\"sodium,40b7453866e415f34eaf1e76e02c113a\",\"rated\":\"Rated battle\"}\n>player p1 {\"name\":\"dollainthewoods\",\"avatar\":\"170\",\"rating\":2150,\"seed\":\"sodium,8b06e0aada43c8d80fc41fc25dba2eef\"}\n>player p2 {\"name\":\"Fuk ICE\",\"avatar\":\"101\",\"rating\":2170,\"seed\":\"sodium,d1cf105f84e921142c1bc588bfbbe5fd\"}\n>p1 move sleeppowder\n>p2 switch 5\n>p1 move quiverdance\n>p2 switch 2\n>p1 move sludgewave\n>p2 move bleakwindstorm\n>p1 move bugbuzz\n>p2 move bleakwindstorm\n>p2 switch 4\n>p1 move sludgewave\n>p2 move supercellslam\n>p1 move bugbuzz\n>p2 switch 5\n>p1 move bugbuzz\n>p2 move suckerpunch\n>p1 switch 3\n>p1 move fakeout\n>p2 switch 6\n>p1 move psychicnoise\n>p2 move thunderbolt\n>p1 move uturn\n>p2 move thunderbolt\n>p1 switch 2\n>p1 move earthpower\n>p2 switch 3\n>p1 move knockoff\n>p2 move airslash\n>p1 switch 2\n>p2 move strengthsap\n>p1 move psychicnoise\n>p2 move shadowball\n>p1 move uturn\n>p2 move shadowball\n>p1 switch 6\n>p1 move rockpolish\n>p2 switch 3\n>p1 move irondefense\n>p2 move muddywater\n>p1 move bodypress\n>p2 move muddywater\n>p2 switch 3\n>p1 move moonblast\n>p2 move shadowball\n>p1 move irondefense\n>p2 move strengthsap\n>p1 move irondefense\n>p2 move shadowball\n>p1 move rockpolish\n>p2 move shadowball\n>p2 switch 6\n>p1 move bodypress\n>p2 move poisonjab\n>p1 move bodypress\n>p2 move stickyweb terastallize\n>p1 move moonblast\n>p2 switch 2\n>p1 move moonblast\n>p2 move machpunch\n>p2 switch 5\n>p1 move moonblast\n>p2 switch 2\n>p2 switch 2\n>p1 move bodypress\n>p2 move voltswitch", "uploadtime": 1781413963, "views": 4, "formatid": "gen9randombattle", "rating": null, "private": 0, "password": null}