{"id": "gen9randombattle-2631716245", "format": "[Gen 9] Random Battle", "players": ["AssaultLei", "shaggy_god_lv99"], "log": "|j|\u2606AssaultLei\n|j|\u2606shaggy_god_lv99\n|t:|1781427456\n|gametype|singles\n|player|p1|AssaultLei|pokemonranger-gen4|1895\n|player|p2|shaggy_god_lv99|1|1901\n|gen|9\n|tier|[Gen 9] Random Battle\n|rated|\n|rule|Species Clause: Limit one of each Pok\u00e9mon\n|rule|HP Percentage Mod: HP is shown in percentages\n|rule|Sleep Clause Mod: Limit one foe put to sleep\n|rule|Illusion Level Mod: Illusion disguises the Pok\u00e9mon's true level\n|\n|t:|1781427456\n|teamsize|p1|6\n|teamsize|p2|6\n|start\n|switch|p1a: Vikavolt|Vikavolt, L83, M|263/263\n|switch|p2a: Latias|Latias, L79, F|256/256\n|turn|1\n|\n|t:|1781427478\n|move|p2a: Latias|Calm Mind|p2a: Latias\n|-boost|p2a: Latias|spa|1\n|-boost|p2a: Latias|spd|1\n|move|p1a: Vikavolt|Bug Buzz|p2a: Latias\n|-supereffective|p2a: Latias\n|-damage|p2a: Latias|110/256\n|\n|upkeep\n|turn|2\n|\n|t:|1781427490\n|move|p2a: Latias|Draco Meteor|p1a: Vikavolt|[miss]\n|-miss|p2a: Latias|p1a: Vikavolt\n|move|p1a: Vikavolt|Discharge|p2a: Latias\n|-resisted|p2a: Latias\n|-damage|p2a: Latias|80/256\n|\n|upkeep\n|turn|3\n|\n|t:|1781427505\n|-terastallize|p2a: Latias|Steel\n|move|p2a: Latias|Recover|p2a: Latias\n|-heal|p2a: Latias|208/256\n|move|p1a: Vikavolt|Bug Buzz|p2a: Latias\n|-resisted|p2a: Latias\n|-damage|p2a: Latias|175/256\n|\n|upkeep\n|turn|4\n|inactive|Battle timer is ON: inactive players will automatically lose when time's up. (requested by shaggy_god_lv99)\n|\n|t:|1781427513\n|move|p2a: Latias|Calm Mind|p2a: Latias\n|-boost|p2a: Latias|spa|1\n|-boost|p2a: Latias|spd|1\n|move|p1a: Vikavolt|Discharge|p2a: Latias\n|-damage|p2a: Latias|132/256\n|\n|upkeep\n|turn|5\n|\n|t:|1781427524\n|switch|p1a: Shaymin|Shaymin-Sky, L73|266/266\n|move|p2a: Latias|Draco Meteor|p1a: Shaymin\n|-damage|p1a: Shaymin|0 fnt\n|-unboost|p2a: Latias|spa|2\n|faint|p1a: Shaymin\n|\n|upkeep\n|\n|t:|1781427534\n|switch|p1a: Vikavolt|Vikavolt, L83, M|263/263\n|turn|6\n|\n|t:|1781427537\n|move|p2a: Latias|Recover|p2a: Latias\n|-heal|p2a: Latias|256/256\n|move|p1a: Vikavolt|Discharge|p2a: Latias\n|-damage|p2a: Latias|208/256\n|\n|upkeep\n|turn|7\n|\n|t:|1781427543\n|move|p2a: Latias|Calm Mind|p2a: Latias\n|-boost|p2a: Latias|spa|1\n|-boost|p2a: Latias|spd|1\n|move|p1a: Vikavolt|Discharge|p2a: Latias\n|-crit|p2a: Latias\n|-damage|p2a: Latias|60/256\n|\n|upkeep\n|turn|8\n|\n|t:|1781427551\n|move|p2a: Latias|Recover|p2a: Latias\n|-heal|p2a: Latias|188/256\n|move|p1a: Vikavolt|Discharge|p2a: Latias\n|-damage|p2a: Latias|151/256\n|\n|upkeep\n|turn|9\n|\n|t:|1781427563\n|move|p2a: Latias|Calm Mind|p2a: Latias\n|-boost|p2a: Latias|spa|1\n|-boost|p2a: Latias|spd|1\n|move|p1a: Vikavolt|Discharge|p2a: Latias\n|-damage|p2a: Latias|120/256\n|-status|p2a: Latias|par\n|\n|upkeep\n|turn|10\n|\n|t:|1781427572\n|move|p1a: Vikavolt|Sticky Web|p2a: Latias\n|-sidestart|p2: shaggy_god_lv99|move: Sticky Web\n|move|p2a: Latias|Recover|p2a: Latias\n|-heal|p2a: Latias|248/256 par\n|\n|upkeep\n|turn|11\n|\n|t:|1781427580\n|move|p1a: Vikavolt|Discharge|p2a: Latias\n|-damage|p2a: Latias|218/256 par\n|move|p2a: Latias|Psyshock|p1a: Vikavolt\n|-damage|p1a: Vikavolt|55/263\n|\n|upkeep\n|turn|12\n|\n|t:|1781427587\n|move|p1a: Vikavolt|Discharge|p2a: Latias\n|-damage|p2a: Latias|185/256 par\n|cant|p2a: Latias|par\n|\n|upkeep\n|turn|13\n|\n|t:|1781427592\n|move|p1a: Vikavolt|Discharge|p2a: Latias\n|-damage|p2a: Latias|157/256 par\n|move|p2a: Latias|Recover|p2a: Latias\n|-heal|p2a: Latias|256/256 par\n|\n|upkeep\n|turn|14\n|\n|t:|1781427598\n|move|p1a: Vikavolt|Discharge|p2a: Latias\n|-damage|p2a: Latias|228/256 par\n|move|p2a: Latias|Psyshock|p1a: Vikavolt\n|-crit|p1a: Vikavolt\n|-damage|p1a: Vikavolt|0 fnt\n|faint|p1a: Vikavolt\n|\n|upkeep\n|\n|t:|1781427618\n|switch|p1a: Arceus|Arceus-Electric, L70|284/284\n|turn|15\n|\n|t:|1781427623\n|move|p1a: Arceus|Calm Mind|p1a: Arceus\n|-boost|p1a: Arceus|spa|1\n|-boost|p1a: Arceus|spd|1\n|move|p2a: Latias|Psyshock|p1a: Arceus\n|-damage|p1a: Arceus|100/284\n|\n|upkeep\n|turn|16\n|\n|t:|1781427630\n|move|p1a: Arceus|Recover|p1a: Arceus\n|-heal|p1a: Arceus|242/284\n|cant|p2a: Latias|par\n|\n|upkeep\n|turn|17\n|\n|t:|1781427646\n|switch|p1a: Slowbro|Slowbro, L85, M|300/300\n|cant|p2a: Latias|par\n|\n|upkeep\n|turn|18\n|\n|t:|1781427652\n|switch|p1a: Gallade|Gallade, L80, M|240/240\n|move|p2a: Latias|Calm Mind|p2a: Latias\n|-boost|p2a: Latias|spa|1\n|-boost|p2a: Latias|spd|1\n|\n|upkeep\n|turn|19\n|\n|t:|1781427659\n|move|p1a: Gallade|Sacred Sword|p2a: Latias\n|-supereffective|p2a: Latias\n|-damage|p2a: Latias|0 fnt\n|faint|p2a: Latias\n|-damage|p1a: Gallade|216/240|[from] item: Life Orb\n|\n|upkeep\n|\n|t:|1781427677\n|switch|p2a: Braviary|Braviary, L85, M|309/309\n|turn|20\n|\n|t:|1781427692\n|switch|p1a: Slowbro|Slowbro, L85, M|300/300\n|move|p2a: Braviary|Close Combat|p1a: Slowbro\n|-resisted|p1a: Slowbro\n|-damage|p1a: Slowbro|258/300\n|-unboost|p2a: Braviary|def|1\n|-unboost|p2a: Braviary|spd|1\n|\n|-heal|p1a: Slowbro|276/300|[from] item: Leftovers\n|upkeep\n|turn|21\n|\n|t:|1781427702\n|switch|p2a: Suicune|Suicune, L82|298/298\n|-activate|p2a: Suicune|move: Sticky Web\n|-unboost|p2a: Suicune|spe|1\n|-ability|p2a: Suicune|Pressure\n|move|p1a: Slowbro|Iron Defense|p1a: Slowbro\n|-boost|p1a: Slowbro|def|2\n|\n|-heal|p1a: Slowbro|294/300|[from] item: Leftovers\n|upkeep\n|turn|22\n|\n|t:|1781427719\n|move|p2a: Suicune|Substitute|p2a: Suicune\n|-start|p2a: Suicune|Substitute\n|-damage|p2a: Suicune|224/298\n|move|p1a: Slowbro|Body Press|p2a: Suicune\n|-end|p2a: Suicune|Substitute\n|\n|-heal|p2a: Suicune|242/298|[from] item: Leftovers\n|-heal|p1a: Slowbro|300/300|[from] item: Leftovers\n|upkeep\n|turn|23\n|\n|t:|1781427729\n|move|p2a: Suicune|Protect|p2a: Suicune\n|-singleturn|p2a: Suicune|Protect\n|move|p1a: Slowbro|Iron Defense|p1a: Slowbro\n|-boost|p1a: Slowbro|def|2\n|\n|-heal|p2a: Suicune|260/298|[from] item: Leftovers\n|upkeep\n|turn|24\n|\n|t:|1781427736\n|move|p2a: Suicune|Substitute|p2a: Suicune\n|-start|p2a: Suicune|Substitute\n|-damage|p2a: Suicune|186/298\n|move|p1a: Slowbro|Body Press|p2a: Suicune\n|-end|p2a: Suicune|Substitute\n|\n|-heal|p2a: Suicune|204/298|[from] item: Leftovers\n|upkeep\n|turn|25\n|\n|t:|1781427744\n|move|p2a: Suicune|Protect|p2a: Suicune\n|-singleturn|p2a: Suicune|Protect\n|move|p1a: Slowbro|Body Press|p2a: Suicune\n|-activate|p2a: Suicune|move: Protect\n|\n|-heal|p2a: Suicune|222/298|[from] item: Leftovers\n|upkeep\n|turn|26\n|\n|t:|1781427751\n|move|p2a: Suicune|Substitute|p2a: Suicune\n|-start|p2a: Suicune|Substitute\n|-damage|p2a: Suicune|148/298\n|move|p1a: Slowbro|Body Press|p2a: Suicune\n|-end|p2a: Suicune|Substitute\n|\n|-heal|p2a: Suicune|166/298|[from] item: Leftovers\n|upkeep\n|turn|27\n|\n|t:|1781427759\n|move|p2a: Suicune|Substitute|p2a: Suicune\n|-start|p2a: Suicune|Substitute\n|-damage|p2a: Suicune|92/298\n|move|p1a: Slowbro|Iron Defense|p1a: Slowbro\n|-boost|p1a: Slowbro|def|2\n|\n|-heal|p2a: Suicune|110/298|[from] item: Leftovers\n|upkeep\n|turn|28\n|\n|t:|1781427767\n|move|p2a: Suicune|Protect|p2a: Suicune\n|-singleturn|p2a: Suicune|Protect\n|move|p1a: Slowbro|Scald|p2a: Suicune\n|-activate|p2a: Suicune|move: Protect\n|\n|-heal|p2a: Suicune|128/298|[from] item: Leftovers\n|upkeep\n|turn|29\n|\n|t:|1781427775\n|move|p2a: Suicune|Substitute|p2a: Suicune\n|-fail|p2a: Suicune|move: Substitute\n|move|p1a: Slowbro|Body Press|p2a: Suicune\n|-end|p2a: Suicune|Substitute\n|\n|-heal|p2a: Suicune|146/298|[from] item: Leftovers\n|upkeep\n|turn|30\n|\n|t:|1781427783\n|move|p2a: Suicune|Substitute|p2a: Suicune\n|-start|p2a: Suicune|Substitute\n|-damage|p2a: Suicune|72/298\n|move|p1a: Slowbro|Body Press|p2a: Suicune\n|-end|p2a: Suicune|Substitute\n|\n|-heal|p2a: Suicune|90/298|[from] item: Leftovers\n|upkeep\n|turn|31\n|\n|t:|1781427792\n|move|p2a: Suicune|Protect|p2a: Suicune\n|-singleturn|p2a: Suicune|Protect\n|move|p1a: Slowbro|Scald|p2a: Suicune\n|-activate|p2a: Suicune|move: Protect\n|\n|-heal|p2a: Suicune|108/298|[from] item: Leftovers\n|upkeep\n|turn|32\n|\n|t:|1781427799\n|move|p2a: Suicune|Substitute|p2a: Suicune\n|-start|p2a: Suicune|Substitute\n|-damage|p2a: Suicune|34/298\n|move|p1a: Slowbro|Body Press|p2a: Suicune\n|-end|p2a: Suicune|Substitute\n|\n|-heal|p2a: Suicune|52/298|[from] item: Leftovers\n|upkeep\n|turn|33\n|\n|t:|1781427807\n|move|p2a: Suicune|Protect|p2a: Suicune\n|-singleturn|p2a: Suicune|Protect\n|move|p1a: Slowbro|Body Press|p2a: Suicune\n|-activate|p2a: Suicune|move: Protect\n|\n|-heal|p2a: Suicune|70/298|[from] item: Leftovers\n|upkeep\n|turn|34\n|\n|t:|1781427815\n|move|p2a: Suicune|Calm Mind|p2a: Suicune\n|-boost|p2a: Suicune|spa|1\n|-boost|p2a: Suicune|spd|1\n|move|p1a: Slowbro|Scald|p2a: Suicune\n|-resisted|p2a: Suicune\n|-crit|p2a: Suicune\n|-damage|p2a: Suicune|18/298\n|\n|-heal|p2a: Suicune|36/298|[from] item: Leftovers\n|upkeep\n|turn|35\n|\n|t:|1781427824\n|move|p2a: Suicune|Protect|p2a: Suicune\n|-singleturn|p2a: Suicune|Protect\n|move|p1a: Slowbro|Scald|p2a: Suicune\n|-activate|p2a: Suicune|move: Protect\n|\n|-heal|p2a: Suicune|54/298|[from] item: Leftovers\n|upkeep\n|turn|36\n|\n|t:|1781427831\n|move|p2a: Suicune|Scald|p1a: Slowbro\n|-resisted|p1a: Slowbro\n|-damage|p1a: Slowbro|240/300\n|move|p1a: Slowbro|Scald|p2a: Suicune\n|-resisted|p2a: Suicune\n|-damage|p2a: Suicune|30/298\n|\n|-heal|p2a: Suicune|48/298|[from] item: Leftovers\n|-heal|p1a: Slowbro|258/300|[from] item: Leftovers\n|upkeep\n|turn|37\n|\n|t:|1781427843\n|switch|p1a: Gallade|Gallade, L80, M|216/240\n|move|p2a: Suicune|Calm Mind|p2a: Suicune\n|-boost|p2a: Suicune|spa|1\n|-boost|p2a: Suicune|spd|1\n|\n|-heal|p2a: Suicune|66/298|[from] item: Leftovers\n|upkeep\n|turn|38\n|\n|t:|1781427854\n|move|p2a: Suicune|Protect|p2a: Suicune\n|-singleturn|p2a: Suicune|Protect\n|move|p1a: Gallade|Sacred Sword|p2a: Suicune\n|-activate|p2a: Suicune|move: Protect\n|\n|-heal|p2a: Suicune|84/298|[from] item: Leftovers\n|upkeep\n|turn|39\n|\n|t:|1781427875\n|move|p1a: Gallade|Sacred Sword|p2a: Suicune\n|-damage|p2a: Suicune|0 fnt\n|faint|p2a: Suicune\n|-damage|p1a: Gallade|192/240|[from] item: Life Orb\n|\n|upkeep\n|inactive|shaggy_god_lv99 has 120 seconds left.\n|\n|t:|1781427899\n|switch|p2a: Braviary|Braviary, L85, M|309/309\n|turn|40\n|inactive|shaggy_god_lv99 has 120 seconds left.\n|\n|t:|1781427904\n|switch|p2a: Leafeon|Leafeon, L88, M|258/258\n|-activate|p2a: Leafeon|move: Sticky Web\n|-unboost|p2a: Leafeon|spe|1\n|switch|p1a: Slowbro|Slowbro, L85, M|300/300\n|\n|upkeep\n|turn|41\n|\n|t:|1781427916\n|move|p2a: Leafeon|Swords Dance|p2a: Leafeon\n|-boost|p2a: Leafeon|atk|2\n|move|p1a: Slowbro|Scald|p2a: Leafeon\n|-resisted|p2a: Leafeon\n|-damage|p2a: Leafeon|201/258\n|\n|upkeep\n|turn|42\n|\n|t:|1781427926\n|switch|p1a: Virizion|Virizion, L82|283/283\n|move|p2a: Leafeon|Leaf Blade|p1a: Virizion\n|-resisted|p1a: Virizion\n|-damage|p1a: Virizion|108/283\n|-damage|p2a: Leafeon|176/258|[from] item: Life Orb\n|\n|upkeep\n|turn|43\n|\n|t:|1781427936\n|move|p1a: Virizion|Close Combat|p2a: Leafeon\n|-damage|p2a: Leafeon|79/258\n|-unboost|p1a: Virizion|def|1\n|-unboost|p1a: Virizion|spd|1\n|-damage|p1a: Virizion|80/283|[from] item: Life Orb\n|move|p2a: Leafeon|Leaf Blade|p1a: Virizion\n|-resisted|p1a: Virizion\n|-damage|p1a: Virizion|0 fnt\n|faint|p1a: Virizion\n|-damage|p2a: Leafeon|54/258|[from] item: Life Orb\n|\n|upkeep\n|\n|t:|1781427948\n|switch|p1a: Gallade|Gallade, L80, M|192/240\n|turn|44\n|\n|t:|1781427951\n|move|p1a: Gallade|Sacred Sword|p2a: Leafeon\n|-damage|p2a: Leafeon|0 fnt\n|faint|p2a: Leafeon\n|-damage|p1a: Gallade|168/240|[from] item: Life Orb\n|\n|upkeep\n|\n|t:|1781427958\n|switch|p2a: Carbink|Carbink, L90|236/236\n|-activate|p2a: Carbink|move: Sticky Web\n|-fail|p2a: Carbink|unboost|[from] ability: Clear Body|[of] p2a: Carbink\n|turn|45\n|\n|t:|1781427968\n|-terastallize|p1a: Gallade|Fighting\n|move|p1a: Gallade|Sacred Sword|p2a: Carbink\n|-damage|p2a: Carbink|54/236\n|-damage|p1a: Gallade|144/240|[from] item: Life Orb\n|move|p2a: Carbink|Rock Polish|p2a: Carbink\n|-boost|p2a: Carbink|spe|2\n|\n|-heal|p2a: Carbink|68/236|[from] item: Leftovers\n|upkeep\n|turn|46\n|\n|t:|1781427980\n|move|p2a: Carbink|Moonblast|p1a: Gallade\n|-supereffective|p1a: Gallade\n|-damage|p1a: Gallade|18/240\n|move|p1a: Gallade|Psycho Cut|p2a: Carbink\n|-damage|p2a: Carbink|0 fnt\n|faint|p2a: Carbink\n|-damage|p1a: Gallade|0 fnt|[from] item: Life Orb\n|faint|p1a: Gallade\n|\n|upkeep\n|\n|t:|1781427993\n|switch|p1a: Arceus|Arceus-Electric, L70|242/284\n|switch|p2a: Conkeldurr|Conkeldurr, L80, M|299/299\n|-activate|p2a: Conkeldurr|move: Sticky Web\n|-unboost|p2a: Conkeldurr|spe|1\n|turn|47\n|\n|t:|1781428011\n|move|p2a: Conkeldurr|Mach Punch|p1a: Arceus\n|-damage|p1a: Arceus|190/284\n|move|p1a: Arceus|Judgment|p2a: Conkeldurr\n|-damage|p2a: Conkeldurr|154/299\n|\n|-status|p2a: Conkeldurr|brn|[from] item: Flame Orb\n|upkeep\n|turn|48\n|\n|t:|1781428023\n|move|p1a: Arceus|Judgment|p2a: Conkeldurr\n|-damage|p2a: Conkeldurr|9/299 brn\n|move|p2a: Conkeldurr|Facade|p1a: Arceus\n|-damage|p1a: Arceus|18/284\n|\n|-damage|p2a: Conkeldurr|0 fnt|[from] brn\n|faint|p2a: Conkeldurr\n|upkeep\n|\n|t:|1781428031\n|switch|p2a: Braviary|Braviary, L85, M|309/309\n|turn|49\n|\n|t:|1781428038\n|move|p1a: Arceus|Judgment|p2a: Braviary\n|-supereffective|p2a: Braviary\n|-damage|p2a: Braviary|73/309\n|move|p2a: Braviary|Close Combat|p1a: Arceus\n|-damage|p1a: Arceus|0 fnt\n|-unboost|p2a: Braviary|def|1\n|-unboost|p2a: Braviary|spd|1\n|faint|p1a: Arceus\n|\n|upkeep\n|-message|shaggy_god_lv99 forfeited.\n|\n|win|AssaultLei\n|raw|AssaultLei's rating: 1895 &rarr; <strong>1915</strong><br />(+20 for winning)\n|raw|shaggy_god_lv99's rating: 1901 &rarr; <strong>1881</strong><br />(-20 for losing)\n", "inputlog": ">version a8376a258c1d4662feba110a92103f3664a72141\n>start {\"formatid\":\"gen9randombattle\",\"seed\":\"sodium,421f19d1d9b50c8760a3c135639584b9\",\"rated\":\"Rated battle\"}\n>player p1 {\"name\":\"AssaultLei\",\"avatar\":\"pokemonranger-gen4\",\"rating\":1895,\"seed\":\"sodium,dce1ef1e6cfddad7d00796a3f0216bbe\"}\n>player p2 {\"name\":\"shaggy_god_lv99\",\"avatar\":\"1\",\"rating\":1901,\"seed\":\"sodium,7a3da071647973f4f49f6ee5a2944f85\"}\n>p1 move bugbuzz\n>p2 move calmmind\n>p1 move discharge\n>p2 move dracometeor\n>p1 move bugbuzz\n>p2 move recover terastallize\n>p1 move discharge\n>p2 move calmmind\n>p1 switch 3\n>p2 move dracometeor\n>p1 switch 3\n>p1 move discharge\n>p2 move recover\n>p1 move discharge\n>p2 move calmmind\n>p1 move discharge\n>p2 move recover\n>p1 move discharge\n>p2 move calmmind\n>p1 move stickyweb\n>p2 move recover\n>p1 move discharge\n>p2 move psyshock\n>p1 move discharge\n>p2 move recover\n>p1 move discharge\n>p2 move recover\n>p1 move discharge\n>p2 move psyshock\n>p1 switch 5\n>p1 move calmmind\n>p2 move psyshock\n>p1 move recover\n>p2 move psyshock\n>p1 switch 6\n>p2 move psyshock\n>p1 switch 4\n>p2 move calmmind\n>p1 move sacredsword\n>p2 move psyshock\n>p2 switch 2\n>p1 switch 4\n>p2 move closecombat\n>p1 move irondefense\n>p2 switch 3\n>p1 move bodypress\n>p2 move substitute\n>p1 move irondefense\n>p2 move protect\n>p1 move bodypress\n>p2 move substitute\n>p1 move bodypress\n>p2 move protect\n>p1 move bodypress\n>p2 move substitute\n>p1 move irondefense\n>p2 move substitute\n>p1 move scald\n>p2 move protect\n>p1 move bodypress\n>p2 move substitute\n>p1 move bodypress\n>p2 move substitute\n>p1 move scald\n>p2 move protect\n>p1 move bodypress\n>p2 move substitute\n>p1 move bodypress\n>p2 move protect\n>p1 move scald\n>p2 move calmmind\n>p1 move scald\n>p2 move protect\n>p1 move scald\n>p2 move scald\n>p1 switch 4\n>p2 move calmmind\n>p1 move sacredsword\n>p2 move protect\n>p1 move sacredsword\n>p2 move scald\n>p2 switch 3\n>p1 switch 4\n>p2 switch 5\n>p1 move scald\n>p2 move swordsdance\n>p1 switch 2\n>p2 move leafblade\n>p1 move closecombat\n>p2 move leafblade\n>p1 switch 4\n>p1 move sacredsword\n>p2 move leafblade\n>p2 switch 4\n>p1 move sacredsword terastallize\n>p2 move rockpolish\n>p1 move psychocut\n>p2 move moonblast\n>p1 switch 6\n>p2 switch 6\n>p1 move judgment\n>p2 move machpunch\n>p1 move judgment\n>p2 move facade\n>p2 switch 5\n>p1 move judgment\n>p2 move closecombat\n>forcelose p2", "uploadtime": 1781428043, "views": 5, "formatid": "gen9randombattle", "rating": 1881, "private": 0, "password": null}