{"id": "gen9randombattle-2631917216", "format": "[Gen 9] Random Battle", "players": ["DEVILICEMIN", "Rambie Drascal"], "log": "|j|\u2606DEVILICEMIN\n|j|\u2606Rambie Drascal\n|t:|1781455398\n|gametype|singles\n|player|p1|DEVILICEMIN|265|2069\n|player|p2|Rambie Drascal|ninjaboy|2072\n|gen|9\n|tier|[Gen 9] Random Battle\n|rated|\n|rule|Species Clause: Limit one of each Pok\u00e9mon\n|rule|HP Percentage Mod: HP is shown in percentages\n|rule|Sleep Clause Mod: Limit one foe put to sleep\n|rule|Illusion Level Mod: Illusion disguises the Pok\u00e9mon's true level\n|\n|t:|1781455398\n|teamsize|p1|6\n|teamsize|p2|6\n|start\n|switch|p1a: Blastoise|Blastoise, L80, F|258/258\n|switch|p2a: Houndoom|Houndoom, L87, M|272/272\n|turn|1\n|inactive|Battle timer is ON: inactive players will automatically lose when time's up. (requested by Rambie Drascal)\n|\n|t:|1781455419\n|switch|p2a: Arceus|Arceus-Water, L71|288/288\n|move|p1a: Blastoise|Shell Smash|p1a: Blastoise\n|-unboost|p1a: Blastoise|def|1\n|-unboost|p1a: Blastoise|spd|1\n|-boost|p1a: Blastoise|atk|2\n|-boost|p1a: Blastoise|spa|2\n|-boost|p1a: Blastoise|spe|2\n|-enditem|p1a: Blastoise|White Herb\n|-clearnegativeboost|p1a: Blastoise|[silent]\n|\n|upkeep\n|turn|2\n|\n|t:|1781455427\n|move|p1a: Blastoise|Earthquake|p2a: Arceus\n|-damage|p2a: Arceus|188/288\n|move|p2a: Arceus|Will-O-Wisp|p1a: Blastoise\n|-status|p1a: Blastoise|brn\n|\n|-damage|p1a: Blastoise|242/258 brn|[from] brn\n|upkeep\n|turn|3\n|\n|t:|1781455432\n|move|p1a: Blastoise|Hydro Pump|p2a: Arceus\n|-resisted|p2a: Arceus\n|-damage|p2a: Arceus|95/288\n|move|p2a: Arceus|Recover|p2a: Arceus\n|-heal|p2a: Arceus|239/288\n|\n|-damage|p1a: Blastoise|226/258 brn|[from] brn\n|upkeep\n|turn|4\n|\n|t:|1781455436\n|switch|p1a: Whimsicott|Whimsicott, L84, M|238/238\n|move|p2a: Arceus|Judgment|p1a: Whimsicott\n|-resisted|p1a: Whimsicott\n|-damage|p1a: Whimsicott|180/238\n|\n|-heal|p1a: Whimsicott|194/238|[from] item: Leftovers\n|upkeep\n|turn|5\n|\n|t:|1781455440\n|move|p1a: Whimsicott|Stun Spore|p2a: Arceus|[miss]\n|-miss|p1a: Whimsicott|p2a: Arceus\n|move|p2a: Arceus|Ice Beam|p1a: Whimsicott\n|-supereffective|p1a: Whimsicott\n|-damage|p1a: Whimsicott|78/238\n|\n|-heal|p1a: Whimsicott|92/238|[from] item: Leftovers\n|upkeep\n|turn|6\n|\n|t:|1781455444\n|move|p1a: Whimsicott|Giga Drain|p2a: Arceus\n|-supereffective|p2a: Arceus\n|-damage|p2a: Arceus|113/288\n|-heal|p1a: Whimsicott|155/238|[from] drain|[of] p2a: Arceus\n|move|p2a: Arceus|Ice Beam|p1a: Whimsicott\n|-supereffective|p1a: Whimsicott\n|-damage|p1a: Whimsicott|23/238\n|\n|-heal|p1a: Whimsicott|37/238|[from] item: Leftovers\n|upkeep\n|turn|7\n|\n|t:|1781455452\n|switch|p2a: Farigiraf|Farigiraf, L90, F|362/362\n|move|p1a: Whimsicott|Giga Drain|p2a: Farigiraf\n|-ability|p2a: Farigiraf|Sap Sipper|boost\n|-boost|p2a: Farigiraf|atk|1\n|\n|-heal|p1a: Whimsicott|51/238|[from] item: Leftovers\n|upkeep\n|turn|8\n|\n|t:|1781455457\n|switch|p1a: Overqwil|Overqwil, L82, F|274/274\n|-ability|p1a: Overqwil|Intimidate|boost\n|-unboost|p2a: Farigiraf|atk|1\n|move|p2a: Farigiraf|Body Slam|p1a: Overqwil\n|-damage|p1a: Overqwil|181/274\n|\n|upkeep\n|turn|9\n|\n|t:|1781455465\n|switch|p2a: Arceus|Arceus-Water, L71|113/288\n|move|p1a: Overqwil|Gunk Shot|p2a: Arceus|[miss]\n|-miss|p1a: Overqwil|p2a: Arceus\n|\n|upkeep\n|turn|10\n|\n|t:|1781455468\n|move|p2a: Arceus|Will-O-Wisp|p1a: Overqwil\n|-status|p1a: Overqwil|brn\n|move|p1a: Overqwil|Gunk Shot|p2a: Arceus\n|-damage|p2a: Arceus|25/288\n|-status|p2a: Arceus|psn\n|-damage|p1a: Overqwil|154/274 brn|[from] item: Life Orb\n|\n|-damage|p2a: Arceus|0 fnt|[from] psn\n|faint|p2a: Arceus\n|-damage|p1a: Overqwil|137/274 brn|[from] brn\n|upkeep\n|\n|t:|1781455480\n|switch|p2a: Kyogre|Kyogre, L71|259/259\n|-weather|RainDance|[from] ability: Drizzle|[of] p2a: Kyogre\n|turn|11\n|\n|t:|1781455483\n|move|p2a: Kyogre|Water Spout|p1a: Overqwil\n|-damage|p1a: Overqwil|0 fnt\n|faint|p1a: Overqwil\n|\n|-weather|RainDance|[upkeep]\n|upkeep\n|\n|t:|1781455496\n|switch|p1a: Blastoise|Blastoise, L80, F|226/258 brn\n|turn|12\n|\n|t:|1781455505\n|switch|p2a: Farigiraf|Farigiraf, L90, F|362/362\n|move|p1a: Blastoise|Shell Smash|p1a: Blastoise\n|-unboost|p1a: Blastoise|def|1\n|-unboost|p1a: Blastoise|spd|1\n|-boost|p1a: Blastoise|atk|2\n|-boost|p1a: Blastoise|spa|2\n|-boost|p1a: Blastoise|spe|2\n|\n|-weather|RainDance|[upkeep]\n|-damage|p1a: Blastoise|210/258 brn|[from] brn\n|upkeep\n|turn|13\n|\n|t:|1781455510\n|move|p2a: Farigiraf|Protect|p2a: Farigiraf\n|-singleturn|p2a: Farigiraf|Protect\n|move|p1a: Blastoise|Hydro Pump|p2a: Farigiraf\n|-activate|p2a: Farigiraf|move: Protect\n|\n|-weather|RainDance|[upkeep]\n|-damage|p1a: Blastoise|194/258 brn|[from] brn\n|upkeep\n|turn|14\n|\n|t:|1781455515\n|switch|p2a: Kyogre|Kyogre, L71|259/259\n|move|p1a: Blastoise|Hydro Pump|p2a: Kyogre\n|-resisted|p2a: Kyogre\n|-damage|p2a: Kyogre|133/259\n|\n|-weather|RainDance|[upkeep]\n|-damage|p1a: Blastoise|178/258 brn|[from] brn\n|upkeep\n|turn|15\n|\n|t:|1781455523\n|switch|p2a: Farigiraf|Farigiraf, L90, F|362/362\n|move|p1a: Blastoise|Hydro Pump|p2a: Farigiraf|[miss]\n|-miss|p1a: Blastoise|p2a: Farigiraf\n|\n|-weather|none\n|-damage|p1a: Blastoise|162/258 brn|[from] brn\n|upkeep\n|turn|16\n|\n|t:|1781455529\n|move|p1a: Blastoise|Hydro Pump|p2a: Farigiraf\n|-damage|p2a: Farigiraf|158/362\n|move|p2a: Farigiraf|Body Slam|p1a: Blastoise\n|-damage|p1a: Blastoise|33/258 brn\n|\n|-heal|p2a: Farigiraf|180/362|[from] item: Leftovers\n|-damage|p1a: Blastoise|17/258 brn|[from] brn\n|upkeep\n|turn|17\n|\n|t:|1781455534\n|move|p2a: Farigiraf|Protect|p2a: Farigiraf\n|-singleturn|p2a: Farigiraf|Protect\n|move|p1a: Blastoise|Hydro Pump|p2a: Farigiraf\n|-activate|p2a: Farigiraf|move: Protect\n|\n|-heal|p2a: Farigiraf|202/362|[from] item: Leftovers\n|-damage|p1a: Blastoise|1/258 brn|[from] brn\n|upkeep\n|turn|18\n|\n|t:|1781455538\n|move|p2a: Farigiraf|Protect||[still]\n|-fail|p2a: Farigiraf\n|move|p1a: Blastoise|Hydro Pump|p2a: Farigiraf|[miss]\n|-miss|p1a: Blastoise|p2a: Farigiraf\n|\n|-heal|p2a: Farigiraf|224/362|[from] item: Leftovers\n|-damage|p1a: Blastoise|0 fnt|[from] brn\n|faint|p1a: Blastoise\n|upkeep\n|\n|t:|1781455541\n|switch|p1a: Samurott|Samurott-Hisui, L77, M|265/265\n|turn|19\n|\n|t:|1781455551\n|-terastallize|p2a: Farigiraf|Fairy\n|move|p1a: Samurott|Ceaseless Edge|p2a: Farigiraf\n|-resisted|p2a: Farigiraf\n|-damage|p2a: Farigiraf|152/362\n|-sidestart|p2: Rambie Drascal|Spikes\n|move|p2a: Farigiraf|Wish|p2a: Farigiraf\n|\n|-heal|p2a: Farigiraf|174/362|[from] item: Leftovers\n|upkeep\n|turn|20\n|\n|t:|1781455558\n|switch|p1a: Whimsicott|Whimsicott, L84, M|51/238\n|move|p2a: Farigiraf|Protect||[still]\n|-fail|p2a: Farigiraf\n|\n|-heal|p2a: Farigiraf|355/362|[from] move: Wish|[wisher] Farigiraf\n|-heal|p1a: Whimsicott|65/238|[from] item: Leftovers\n|-heal|p2a: Farigiraf|362/362|[from] item: Leftovers\n|upkeep\n|turn|21\n|\n|t:|1781455562\n|move|p1a: Whimsicott|Encore|p2a: Farigiraf\n|-start|p2a: Farigiraf|Encore\n|move|p2a: Farigiraf|Protect||[still]\n|-fail|p2a: Farigiraf\n|\n|-heal|p1a: Whimsicott|79/238|[from] item: Leftovers\n|upkeep\n|turn|22\n|\n|t:|1781455566\n|move|p2a: Farigiraf|Protect|p2a: Farigiraf\n|-singleturn|p2a: Farigiraf|Protect\n|move|p1a: Whimsicott|Moonblast|p2a: Farigiraf\n|-activate|p2a: Farigiraf|move: Protect\n|\n|-heal|p1a: Whimsicott|93/238|[from] item: Leftovers\n|upkeep\n|turn|23\n|\n|t:|1781455568\n|move|p2a: Farigiraf|Protect||[still]\n|-fail|p2a: Farigiraf\n|move|p1a: Whimsicott|Moonblast|p2a: Farigiraf\n|-damage|p2a: Farigiraf|268/362\n|\n|-heal|p1a: Whimsicott|107/238|[from] item: Leftovers\n|-heal|p2a: Farigiraf|290/362|[from] item: Leftovers\n|-end|p2a: Farigiraf|Encore\n|upkeep\n|turn|24\n|\n|t:|1781455573\n|switch|p2a: Kyogre|Kyogre, L71|133/259\n|-damage|p2a: Kyogre|101/259|[from] Spikes\n|-weather|RainDance|[from] ability: Drizzle|[of] p2a: Kyogre\n|move|p1a: Whimsicott|Encore||[still]\n|-fail|p1a: Whimsicott\n|\n|-weather|RainDance|[upkeep]\n|-heal|p1a: Whimsicott|121/238|[from] item: Leftovers\n|upkeep\n|turn|25\n|\n|t:|1781455585\n|switch|p1a: Samurott|Samurott-Hisui, L77, M|265/265\n|move|p2a: Kyogre|Ice Beam|p1a: Samurott\n|-resisted|p1a: Samurott\n|-damage|p1a: Samurott|219/265\n|\n|-weather|RainDance|[upkeep]\n|upkeep\n|turn|26\n|\n|t:|1781455592\n|move|p2a: Kyogre|Ice Beam|p1a: Samurott\n|-resisted|p1a: Samurott\n|-damage|p1a: Samurott|172/265\n|move|p1a: Samurott|Ceaseless Edge|p2a: Kyogre\n|-damage|p2a: Kyogre|0 fnt\n|-sidestart|p2: Rambie Drascal|Spikes\n|faint|p2a: Kyogre\n|\n|-weather|RainDance|[upkeep]\n|upkeep\n|\n|t:|1781455600\n|switch|p2a: Minun|Minun, L95, M|268/268\n|-damage|p2a: Minun|224/268|[from] Spikes\n|turn|27\n|\n|t:|1781455605\n|switch|p1a: Whimsicott|Whimsicott, L84, M|121/238\n|move|p2a: Minun|Alluring Voice|p1a: Whimsicott\n|-damage|p1a: Whimsicott|33/238\n|-damage|p2a: Minun|198/268|[from] item: Life Orb\n|\n|-weather|RainDance|[upkeep]\n|-heal|p1a: Whimsicott|47/238|[from] item: Leftovers\n|upkeep\n|turn|28\n|\n|t:|1781455611\n|move|p1a: Whimsicott|Giga Drain|p2a: Minun\n|-damage|p2a: Minun|140/268\n|-heal|p1a: Whimsicott|76/238|[from] drain|[of] p2a: Minun\n|move|p2a: Minun|Alluring Voice|p1a: Whimsicott\n|-damage|p1a: Whimsicott|0 fnt\n|faint|p1a: Whimsicott\n|-damage|p2a: Minun|114/268|[from] item: Life Orb\n|\n|-weather|none\n|upkeep\n|\n|t:|1781455633\n|switch|p1a: Chandelure|Chandelure, L83, M|235/235\n|turn|29\n|\n|t:|1781455644\n|switch|p2a: Houndoom|Houndoom, L87, M|272/272\n|move|p1a: Chandelure|Shadow Ball|p2a: Houndoom\n|-resisted|p2a: Houndoom\n|-damage|p2a: Houndoom|210/272\n|\n|upkeep\n|turn|30\n|\n|t:|1781455647\n|switch|p1a: Samurott|Samurott-Hisui, L77, M|172/265\n|move|p2a: Houndoom|Nasty Plot|p2a: Houndoom\n|-boost|p2a: Houndoom|spa|2\n|\n|upkeep\n|turn|31\n|\n|t:|1781455650\n|move|p2a: Houndoom|Sludge Bomb|p1a: Samurott\n|-damage|p1a: Samurott|0 fnt\n|faint|p1a: Samurott\n|\n|upkeep\n|\n|t:|1781455656\n|switch|p1a: Ursaring|Ursaring, L84, F|288/288\n|turn|32\n|\n|t:|1781455658\n|move|p2a: Houndoom|Fire Blast|p1a: Ursaring\n|-damage|p1a: Ursaring|0 fnt\n|faint|p1a: Ursaring\n|\n|upkeep\n|\n|t:|1781455663\n|switch|p1a: Chandelure|Chandelure, L83, M|235/235\n|turn|33\n|\n|t:|1781455677\n|-terastallize|p1a: Chandelure|Grass\n|move|p1a: Chandelure|Shadow Ball|p2a: Houndoom\n|-resisted|p2a: Houndoom\n|-damage|p2a: Houndoom|148/272\n|move|p2a: Houndoom|Dark Pulse|p1a: Chandelure\n|-damage|p1a: Chandelure|46/235\n|\n|upkeep\n|turn|34\n|-message|DEVILICEMIN forfeited.\n|\n|win|Rambie Drascal\n", "inputlog": ">version a8376a258c1d4662feba110a92103f3664a72141\n>start {\"formatid\":\"gen9randombattle\",\"seed\":\"sodium,d7f75c308125ecaaaf2c1a0be5980750\",\"rated\":\"Rated battle\"}\n>player p1 {\"name\":\"DEVILICEMIN\",\"avatar\":\"265\",\"rating\":2069,\"seed\":\"sodium,437fbe78034128057d28efc73f9fe487\"}\n>player p2 {\"name\":\"Rambie Drascal\",\"avatar\":\"ninjaboy\",\"rating\":2072,\"seed\":\"sodium,e71dab4d7dfce22d95ea2d3b08b0237c\"}\n>p1 move shellsmash\n>p2 switch 2\n>p1 move earthquake\n>p2 move willowisp\n>p1 move hydropump\n>p2 move recover\n>p1 switch 4\n>p2 move judgment\n>p1 move stunspore\n>p2 move icebeam\n>p1 move gigadrain\n>p2 move icebeam\n>p1 move gigadrain\n>p2 switch 5\n>p1 switch 5\n>p2 move bodyslam\n>p1 move gunkshot\n>p2 switch 5\n>p1 move gunkshot\n>p2 move willowisp\n>p2 switch 6\n>p1 move gunkshot\n>p2 move waterspout\n>p1 switch 4\n>p1 move shellsmash\n>p2 switch 5\n>p1 move hydropump\n>p2 move protect\n>p1 move hydropump\n>p2 switch 5\n>p1 move hydropump\n>p2 switch 5\n>p1 move hydropump\n>p2 move bodyslam\n>p1 move hydropump\n>p2 move protect\n>p1 move hydropump\n>p2 move protect\n>p1 switch 2\n>p1 move ceaselessedge\n>p2 move wish terastallize\n>p1 switch 5\n>p2 move protect\n>p1 move encore\n>p2 move psychicnoise\n>p1 move moonblast\n>p2 move protect\n>p1 move moonblast\n>p2 move protect\n>p1 move encore\n>p2 switch 5\n>p1 switch 5\n>p2 move icebeam\n>p1 move ceaselessedge\n>p2 move icebeam\n>p2 switch 3\n>p1 switch 5\n>p2 move alluringvoice\n>p1 move gigadrain\n>p2 move alluringvoice\n>p1 switch 3\n>p1 move shadowball\n>p2 switch 2\n>p1 switch 5\n>p2 move nastyplot\n>p1 move razorshell\n>p2 move sludgebomb\n>p1 switch 6\n>p1 move closecombat\n>p2 move fireblast\n>p1 switch 5\n>p1 move shadowball terastallize\n>p2 move darkpulse\n>forcelose p1", "uploadtime": 1781455399, "views": 5, "formatid": "gen9randombattle", "rating": null, "private": 0, "password": null}