{"id": "gen9randombattle-2631882609", "format": "[Gen 9] Random Battle", "players": ["bimiuchiratnhieu", "danmoses"], "log": "|j|\u2606bimiuchiratnhieu\n|j|\u2606danmoses\n|t:|1781451661\n|gametype|singles\n|player|p1|bimiuchiratnhieu|hilda|1974\n|player|p2|danmoses|whitney|1903\n|gen|9\n|tier|[Gen 9] Random Battle\n|rated|\n|rule|Species Clause: Limit one of each Pok\u00e9mon\n|rule|HP Percentage Mod: HP is shown in percentages\n|rule|Sleep Clause Mod: Limit one foe put to sleep\n|rule|Illusion Level Mod: Illusion disguises the Pok\u00e9mon's true level\n|\n|t:|1781451661\n|teamsize|p1|6\n|teamsize|p2|6\n|start\n|switch|p1a: Hydrapple|Hydrapple, L83, M|312/312\n|switch|p2a: Floatzel|Floatzel, L86, M|286/286\n|turn|1\n|inactive|Battle timer is ON: inactive players will automatically lose when time's up. (requested by danmoses)\n|inactive|bimiuchiratnhieu also wants the timer to be on.\n|\n|t:|1781451668\n|switch|p1a: Cloyster|Cloyster, L80, M|211/211\n|move|p2a: Floatzel|Ice Spinner|p1a: Cloyster\n|-resisted|p1a: Cloyster\n|-damage|p1a: Cloyster|197/211\n|\n|upkeep\n|turn|2\n|\n|t:|1781451680\n|switch|p2a: Deoxys|Deoxys-Speed, L82|216/216\n|-ability|p2a: Deoxys|Pressure\n|move|p1a: Cloyster|Shell Smash|p1a: Cloyster\n|-unboost|p1a: Cloyster|def|1\n|-unboost|p1a: Cloyster|spd|1\n|-boost|p1a: Cloyster|atk|2\n|-boost|p1a: Cloyster|spa|2\n|-boost|p1a: Cloyster|spe|2\n|-enditem|p1a: Cloyster|White Herb\n|-clearnegativeboost|p1a: Cloyster|[silent]\n|\n|upkeep\n|turn|3\n|\n|t:|1781451688\n|move|p2a: Deoxys|Focus Blast|p1a: Cloyster\n|-supereffective|p1a: Cloyster\n|-damage|p1a: Cloyster|0 fnt\n|faint|p1a: Cloyster\n|-damage|p2a: Deoxys|195/216|[from] item: Life Orb\n|\n|upkeep\n|\n|t:|1781451691\n|switch|p1a: Ariados|Ariados, L95, M|287/287\n|turn|4\n|\n|t:|1781451700\n|switch|p1a: Hydrapple|Hydrapple, L83, M|312/312\n|move|p2a: Deoxys|Psycho Boost|p1a: Hydrapple\n|-damage|p1a: Hydrapple|108/312\n|-unboost|p2a: Deoxys|spa|2\n|-damage|p2a: Deoxys|174/216|[from] item: Life Orb\n|\n|-heal|p1a: Hydrapple|127/312|[from] item: Leftovers\n|upkeep\n|turn|5\n|\n|t:|1781451717\n|switch|p2a: Okidogi|Okidogi, L77, M|262/262\n|switch|p1a: Ariados|Ariados, L95, M|287/287\n|\n|upkeep\n|turn|6\n|\n|t:|1781451728\n|switch|p2a: Maushold|Maushold, L76, shiny|238/238\n|move|p1a: Ariados|Sticky Web|p2a: Maushold\n|-sidestart|p2: danmoses|move: Sticky Web\n|\n|upkeep\n|turn|7\n|\n|t:|1781451734\n|move|p2a: Maushold|Encore|p1a: Ariados\n|-start|p1a: Ariados|Encore\n|move|p1a: Ariados|Sticky Web||[still]\n|-fail|p1a: Ariados\n|\n|upkeep\n|turn|8\n|\n|t:|1781451750\n|switch|p1a: Maushold|Maushold-Four, L76|238/238\n|move|p2a: Maushold|Tidy Up|p2a: Maushold\n|-sideend|p2: danmoses|Sticky Web\n|-activate|p2a: Maushold|move: Tidy Up\n|-boost|p2a: Maushold|atk|1\n|-boost|p2a: Maushold|spe|1\n|\n|upkeep\n|turn|9\n|\n|t:|1781451763\n|move|p2a: Maushold|Population Bomb|p1a: Maushold\n|-damage|p1a: Maushold|196/238\n|-damage|p1a: Maushold|153/238\n|-damage|p1a: Maushold|111/238\n|-damage|p1a: Maushold|65/238\n|-damage|p1a: Maushold|19/238\n|-damage|p1a: Maushold|0 fnt\n|faint|p1a: Maushold\n|-hitcount|p1: Maushold|6\n|\n|upkeep\n|\n|t:|1781451779\n|switch|p1a: Ariados|Ariados, L95, M|287/287\n|turn|10\n|\n|t:|1781451784\n|-terastallize|p1a: Ariados|Ghost\n|move|p2a: Maushold|Bite|p1a: Ariados\n|-supereffective|p1a: Ariados\n|-damage|p1a: Ariados|137/287\n|move|p1a: Ariados|Megahorn|p2a: Maushold\n|-damage|p2a: Maushold|51/238\n|\n|upkeep\n|turn|11\n|\n|t:|1781451790\n|move|p1a: Ariados|Sucker Punch|p2a: Maushold\n|-damage|p2a: Maushold|0 fnt\n|faint|p2a: Maushold\n|\n|upkeep\n|\n|t:|1781451802\n|switch|p2a: Darkrai|Darkrai, L77|234/234\n|turn|12\n|\n|t:|1781451812\n|switch|p1a: Pawmot|Pawmot, L80, F|243/243\n|move|p2a: Darkrai|Dark Pulse|p1a: Pawmot\n|-resisted|p1a: Pawmot\n|-damage|p1a: Pawmot|155/243\n|-damage|p2a: Darkrai|211/234|[from] item: Life Orb\n|\n|upkeep\n|turn|13\n|\n|t:|1781451821\n|move|p2a: Darkrai|Hypnosis|p1a: Pawmot\n|-status|p1a: Pawmot|slp|[from] move: Hypnosis\n|cant|p1a: Pawmot|slp\n|\n|-damage|p1a: Pawmot|125/243 slp|[from] ability: Bad Dreams|[of] p2a: Darkrai\n|upkeep\n|turn|14\n|\n|t:|1781451825\n|move|p2a: Darkrai|Sludge Bomb|p1a: Pawmot\n|-crit|p1a: Pawmot\n|-damage|p1a: Pawmot|0 fnt\n|faint|p1a: Pawmot\n|-damage|p2a: Darkrai|188/234|[from] item: Life Orb\n|\n|upkeep\n|\n|t:|1781451852\n|switch|p1a: Hydrapple|Hydrapple, L83, M|231/312\n|turn|15\n|\n|t:|1781451860\n|move|p2a: Darkrai|Hypnosis|p1a: Hydrapple\n|-status|p1a: Hydrapple|slp|[from] move: Hypnosis\n|cant|p1a: Hydrapple|slp\n|\n|-heal|p1a: Hydrapple|250/312 slp|[from] item: Leftovers\n|-damage|p1a: Hydrapple|211/312 slp|[from] ability: Bad Dreams|[of] p2a: Darkrai\n|upkeep\n|turn|16\n|\n|t:|1781451863\n|switch|p1a: Ariados|Ariados, L95, M, tera:Ghost|137/287\n|move|p2a: Darkrai|Sludge Bomb|p1a: Ariados\n|-resisted|p1a: Ariados\n|-damage|p1a: Ariados|94/287\n|-damage|p2a: Darkrai|165/234|[from] item: Life Orb\n|\n|upkeep\n|turn|17\n|\n|t:|1781451870\n|switch|p1a: Hydrapple|Hydrapple, L83, M|312/312 slp\n|move|p2a: Darkrai|Dark Pulse|p1a: Hydrapple\n|-damage|p1a: Hydrapple|176/312 slp\n|-damage|p2a: Darkrai|142/234|[from] item: Life Orb\n|\n|-heal|p1a: Hydrapple|195/312 slp|[from] item: Leftovers\n|-damage|p1a: Hydrapple|156/312 slp|[from] ability: Bad Dreams|[of] p2a: Darkrai\n|upkeep\n|turn|18\n|\n|t:|1781451874\n|move|p2a: Darkrai|Sludge Bomb|p1a: Hydrapple\n|-supereffective|p1a: Hydrapple\n|-damage|p1a: Hydrapple|0 fnt\n|faint|p1a: Hydrapple\n|-damage|p2a: Darkrai|119/234|[from] item: Life Orb\n|\n|upkeep\n|-message|bimiuchiratnhieu forfeited.\n|\n|win|danmoses\n", "inputlog": ">version a8376a258c1d4662feba110a92103f3664a72141\n>start {\"formatid\":\"gen9randombattle\",\"seed\":\"sodium,9c2bafa4e22e5c6576def50d4e40f7c0\",\"rated\":\"Rated battle\"}\n>player p1 {\"name\":\"bimiuchiratnhieu\",\"avatar\":\"hilda\",\"rating\":1974,\"seed\":\"sodium,d02b751ae6becdaea4b3f695cc0373cb\"}\n>player p2 {\"name\":\"danmoses\",\"avatar\":\"whitney\",\"rating\":1903,\"seed\":\"sodium,56902800c7f03e6a8132725b8dab5a18\"}\n>p1 switch 4\n>p2 move icespinner\n>p1 move shellsmash\n>p2 switch 5\n>p1 move shellsmash\n>p2 move focusblast\n>p1 switch 6\n>p1 switch 4\n>p2 move psychoboost\n>p1 switch 4\n>p2 switch 6\n>p1 move stickyweb\n>p2 switch 2\n>p1 move poisonjab\n>p2 move encore\n>p1 switch 3\n>p2 move tidyup\n>p1 move tidyup\n>p2 move populationbomb\n>p1 switch 3\n>p1 move megahorn terastallize\n>p2 move bite\n>p1 move suckerpunch\n>p2 move bite\n>p2 switch 4\n>p1 switch 5\n>p2 move darkpulse\n>p1 move closecombat\n>p2 move hypnosis\n>p1 move closecombat\n>p2 move sludgebomb\n>p1 switch 4\n>p1 move gigadrain\n>p2 move hypnosis\n>p1 switch 5\n>p2 move sludgebomb\n>p1 switch 5\n>p2 move darkpulse\n>p1 move gigadrain\n>p2 move sludgebomb\n>forcelose p1", "uploadtime": 1781451663, "views": 8, "formatid": "gen9randombattle", "rating": null, "private": 0, "password": null}