{"id": "gen9randombattle-2631623835", "format": "[Gen 9] Random Battle", "players": ["Mugshit", "itsbaloney"], "log": "|j|\u2606Mugshit\n|j|\u2606itsbaloney\n|t:|1781410550\n|gametype|singles\n|player|p1|Mugshit|266|2062\n|player|p2|itsbaloney|giovanni|2028\n|gen|9\n|tier|[Gen 9] Random Battle\n|rated|\n|rule|Species Clause: Limit one of each Pok\u00e9mon\n|rule|HP Percentage Mod: HP is shown in percentages\n|rule|Sleep Clause Mod: Limit one foe put to sleep\n|rule|Illusion Level Mod: Illusion disguises the Pok\u00e9mon's true level\n|\n|t:|1781410550\n|teamsize|p1|6\n|teamsize|p2|6\n|start\n|switch|p1a: Clawitzer|Clawitzer, L87, M|265/265\n|switch|p2a: Ambipom|Ambipom, L84, F|263/263\n|turn|1\n|\n|t:|1781410561\n|move|p2a: Ambipom|Fake Out|p1a: Clawitzer\n|-damage|p1a: Clawitzer|186/265\n|cant|p1a: Clawitzer|flinch\n|\n|upkeep\n|turn|2\n|inactive|Battle timer is ON: inactive players will automatically lose when time's up. (requested by itsbaloney)\n|\n|t:|1781410570\n|switch|p2a: Lurantis|Lurantis, L87, M|264/264\n|move|p1a: Clawitzer|Water Pulse|p2a: Lurantis\n|-resisted|p2a: Lurantis\n|-damage|p2a: Lurantis|212/264\n|\n|upkeep\n|turn|3\n|\n|t:|1781410582\n|switch|p1a: Lokix|Lokix, L82, M|251/251\n|move|p2a: Lurantis|Knock Off|p1a: Lokix\n|-resisted|p1a: Lokix\n|-damage|p1a: Lokix|206/251\n|-enditem|p1a: Lokix|Life Orb|[from] move: Knock Off|[of] p2a: Lurantis\n|\n|upkeep\n|turn|4\n|\n|t:|1781410592\n|switch|p2a: Sandslash|Sandslash-Alola, L88, M|275/275\n|move|p1a: Lokix|Swords Dance|p1a: Lokix\n|-boost|p1a: Lokix|atk|2\n|\n|upkeep\n|turn|5\n|\n|t:|1781410599\n|move|p1a: Lokix|Knock Off|p2a: Sandslash\n|-damage|p2a: Sandslash|116/275\n|-enditem|p2a: Sandslash|Assault Vest|[from] move: Knock Off|[of] p1a: Lokix\n|move|p2a: Sandslash|Iron Head|p1a: Lokix\n|-damage|p1a: Lokix|89/251\n|\n|upkeep\n|turn|6\n|\n|t:|1781410605\n|move|p1a: Lokix|Leech Life|p2a: Sandslash\n|-resisted|p2a: Sandslash\n|-damage|p2a: Sandslash|0 fnt\n|-heal|p1a: Lokix|147/251|[from] drain|[of] p2a: Sandslash\n|faint|p2a: Sandslash\n|\n|upkeep\n|\n|t:|1781410614\n|switch|p2a: Ambipom|Ambipom, L84, F|263/263\n|turn|7\n|inactive|Mugshit has 120 seconds left.\n|\n|t:|1781410659\n|switch|p1a: Decidueye|Decidueye, L88, F|281/281\n|move|p2a: Ambipom|Fake Out|p1a: Decidueye\n|-immune|p1a: Decidueye\n|\n|upkeep\n|turn|8\n|\n|t:|1781410664\n|move|p2a: Ambipom|Knock Off|p1a: Decidueye\n|-supereffective|p1a: Decidueye\n|-crit|p1a: Decidueye\n|-damage|p1a: Decidueye|39/281\n|-enditem|p1a: Decidueye|Life Orb|[from] move: Knock Off|[of] p2a: Ambipom\n|move|p1a: Decidueye|Leaf Blade|p2a: Ambipom\n|-damage|p2a: Ambipom|58/263\n|\n|upkeep\n|turn|9\n|inactive|Mugshit has 120 seconds left.\n|\n|t:|1781410672\n|move|p2a: Ambipom|Knock Off|p1a: Decidueye\n|-supereffective|p1a: Decidueye\n|-damage|p1a: Decidueye|0 fnt\n|faint|p1a: Decidueye\n|\n|upkeep\n|inactive|Mugshit has 120 seconds left.\n|\n|t:|1781410681\n|switch|p1a: Salamence|Salamence, L77, M|273/273\n|-ability|p1a: Salamence|Intimidate|boost\n|-unboost|p2a: Ambipom|atk|1\n|turn|10\n|\n|t:|1781410691\n|switch|p2a: Mewtwo|Mewtwo, L72|272/272\n|-ability|p2a: Mewtwo|Pressure\n|move|p1a: Salamence|Dragon Dance|p1a: Salamence\n|-boost|p1a: Salamence|atk|1\n|-boost|p1a: Salamence|spe|1\n|\n|upkeep\n|turn|11\n|\n|t:|1781410697\n|move|p1a: Salamence|Dual Wingbeat|p2a: Mewtwo\n|-damage|p2a: Mewtwo|199/272\n|-damage|p2a: Mewtwo|115/272\n|-hitcount|p2a: Mewtwo|2\n|move|p2a: Mewtwo|Psystrike|p1a: Salamence\n|-damage|p1a: Salamence|108/273\n|-damage|p2a: Mewtwo|88/272|[from] item: Life Orb\n|\n|upkeep\n|turn|12\n|\n|t:|1781410702\n|move|p1a: Salamence|Dual Wingbeat|p2a: Mewtwo\n|-damage|p2a: Mewtwo|15/272\n|-damage|p2a: Mewtwo|0 fnt\n|faint|p2a: Mewtwo\n|-hitcount|p2: Mewtwo|2\n|\n|upkeep\n|\n|t:|1781410712\n|switch|p2a: Ambipom|Ambipom, L84, F|58/263\n|turn|13\n|\n|t:|1781410721\n|-terastallize|p2a: Ambipom|Normal\n|move|p2a: Ambipom|Fake Out|p1a: Salamence\n|-damage|p1a: Salamence|0 fnt\n|faint|p1a: Salamence\n|\n|upkeep\n|\n|t:|1781410727\n|switch|p1a: Lokix|Lokix, L82, M|147/251\n|turn|14\n|\n|t:|1781410735\n|switch|p2a: Medicham|Medicham, L86, M|243/243\n|move|p1a: Lokix|Sucker Punch||[still]\n|-fail|p1a: Lokix\n|\n|upkeep\n|turn|15\n|\n|t:|1781410739\n|move|p1a: Lokix|Knock Off|p2a: Medicham\n|-damage|p2a: Medicham|129/243\n|-enditem|p2a: Medicham|Choice Band|[from] move: Knock Off|[of] p1a: Lokix\n|move|p2a: Medicham|Close Combat|p1a: Lokix\n|-damage|p1a: Lokix|0 fnt\n|-unboost|p2a: Medicham|def|1\n|-unboost|p2a: Medicham|spd|1\n|faint|p1a: Lokix\n|\n|upkeep\n|\n|t:|1781410748\n|switch|p1a: Clawitzer|Clawitzer, L87, M|186/265\n|turn|16\n|\n|t:|1781410752\n|switch|p2a: Lurantis|Lurantis, L87, M|212/264\n|move|p1a: Clawitzer|Water Pulse|p2a: Lurantis\n|-resisted|p2a: Lurantis\n|-damage|p2a: Lurantis|156/264\n|-start|p2a: Lurantis|confusion\n|\n|upkeep\n|turn|17\n|\n|t:|1781410757\n|switch|p1a: Araquanid|Araquanid, L82, F|246/246\n|-activate|p2a: Lurantis|confusion\n|move|p2a: Lurantis|Superpower|p1a: Araquanid\n|-resisted|p1a: Araquanid\n|-damage|p1a: Araquanid|200/246\n|-boost|p2a: Lurantis|atk|1\n|-boost|p2a: Lurantis|def|1\n|\n|upkeep\n|turn|18\n|\n|t:|1781410764\n|switch|p2a: Medicham|Medicham, L86, M|129/243\n|move|p1a: Araquanid|Leech Life|p2a: Medicham\n|-damage|p2a: Medicham|60/243\n|-heal|p1a: Araquanid|235/246|[from] drain|[of] p2a: Medicham\n|\n|upkeep\n|turn|19\n|-message|Mugshit forfeited.\n|\n|win|itsbaloney\n", "inputlog": ">version a8376a258c1d4662feba110a92103f3664a72141\n>start {\"formatid\":\"gen9randombattle\",\"seed\":\"sodium,9cde2750b1fa5c4a4c02513b9eb0ba6a\",\"rated\":\"Rated battle\"}\n>player p1 {\"name\":\"Mugshit\",\"avatar\":\"266\",\"rating\":2062,\"seed\":\"sodium,37451906e1130d4de2073d70e6323032\"}\n>player p2 {\"name\":\"itsbaloney\",\"avatar\":\"giovanni\",\"rating\":2028,\"seed\":\"sodium,772baea7fd9259c92895170fefa721fb\"}\n>p1 move waterpulse\n>p2 move fakeout\n>p1 move waterpulse\n>p2 switch 6\n>p1 switch 4\n>p2 move knockoff\n>p1 move swordsdance\n>p2 switch 5\n>p1 move knockoff\n>p2 move ironhead\n>p1 move leechlife\n>p2 move ironhead\n>p2 switch 6\n>p1 switch 6\n>p2 move fakeout\n>p1 move leafblade\n>p2 move knockoff\n>p1 move leafblade\n>p2 move knockoff\n>p1 switch 2\n>p1 move dragondance\n>p2 switch 3\n>p1 move dualwingbeat\n>p2 move psystrike\n>p1 move dualwingbeat\n>p2 move psystrike\n>p2 switch 3\n>p1 move earthquake\n>p2 move fakeout terastallize\n>p1 switch 6\n>p1 move suckerpunch\n>p2 switch 4\n>p1 move knockoff\n>p2 move closecombat\n>p1 switch 4\n>p1 move waterpulse\n>p2 switch 5\n>p1 switch 3\n>p2 move superpower\n>p1 move leechlife\n>p2 switch 5\n>forcelose p1", "uploadtime": 1781410551, "views": 9, "formatid": "gen9randombattle", "rating": null, "private": 0, "password": null}