{"id": "gen9randombattle-2631420903", "format": "[Gen 9] Random Battle", "players": ["Kono D!0 Da", "Apple"], "log": "|j|\u203dKono D!0 Da\n|j|\u2606Apple\n|t:|1781382565\n|gametype|singles\n|player|p1|Kono D!0 Da|skierf-gen4dp|1344\n|player|p2|Apple|#opple|1337\n|gen|9\n|tier|[Gen 9] Random Battle\n|rated|\n|rule|Species Clause: Limit one of each Pok\u00e9mon\n|rule|HP Percentage Mod: HP is shown in percentages\n|rule|Sleep Clause Mod: Limit one foe put to sleep\n|rule|Illusion Level Mod: Illusion disguises the Pok\u00e9mon's true level\n|\n|t:|1781382565\n|teamsize|p1|6\n|teamsize|p2|6\n|start\n|switch|p1a: Perrserker|Perrserker, L89, F|269/269\n|switch|p2a: Hydreigon|Hydreigon, L79, M|275/275\n|turn|1\n|inactive|Battle timer is ON: inactive players will automatically lose when time's up. (requested by Kono D!0 Da)\n|\n|t:|1781382572\n|move|p2a: Hydreigon|Fire Blast|p1a: Perrserker\n|-supereffective|p1a: Perrserker\n|-damage|p1a: Perrserker|0 fnt\n|faint|p1a: Perrserker\n|\n|upkeep\n|\n|t:|1781382586\n|switch|p1a: Iron Bundle|Iron Bundle, L78|215/215\n|turn|2\n|\n|t:|1781382591\n|switch|p2a: Pelipper|Pelipper, L86, F|243/243\n|-weather|RainDance|[from] ability: Drizzle|[of] p2a: Pelipper\n|move|p1a: Iron Bundle|Ice Beam|p2a: Pelipper\n|-damage|p2a: Pelipper|116/243\n|\n|-weather|RainDance|[upkeep]\n|upkeep\n|turn|3\n|\n|t:|1781382601\n|move|p1a: Iron Bundle|Freeze-Dry|p2a: Pelipper\n|-supereffective|p2a: Pelipper\n|-damage|p2a: Pelipper|0 fnt\n|faint|p2a: Pelipper\n|\n|-weather|RainDance|[upkeep]\n|upkeep\n|\n|t:|1781382609\n|switch|p2a: Komala|Komala, L88, M|258/258\n|-ability|p2a: Komala|Comatose\n|turn|4\n|\n|t:|1781382624\n|-end|p1a: Iron Bundle|Quark Drive|[silent]\n|switch|p1a: Gholdengo|Gholdengo, L77|261/261\n|move|p2a: Komala|Body Slam|p1a: Gholdengo\n|-immune|p1a: Gholdengo\n|\n|-weather|RainDance|[upkeep]\n|upkeep\n|turn|5\n|\n|t:|1781382636\n|move|p1a: Gholdengo|Make It Rain|p2a: Komala\n|-damage|p2a: Komala|171/258\n|-unboost|p1a: Gholdengo|spa|1\n|move|p2a: Komala|Knock Off|p1a: Gholdengo\n|-supereffective|p1a: Gholdengo\n|-damage|p1a: Gholdengo|85/261\n|-enditem|p1a: Gholdengo|Leftovers|[from] move: Knock Off|[of] p2a: Komala\n|\n|-weather|RainDance|[upkeep]\n|upkeep\n|turn|6\n|\n|t:|1781382647\n|switch|p1a: Masquerain|Masquerain, L87, F|264/264\n|-ability|p1a: Masquerain|Intimidate|boost\n|-unboost|p2a: Komala|atk|1\n|move|p2a: Komala|Knock Off|p1a: Masquerain\n|-damage|p1a: Masquerain|197/264\n|-enditem|p1a: Masquerain|Heavy-Duty Boots|[from] move: Knock Off|[of] p2a: Komala\n|\n|-weather|none\n|upkeep\n|turn|7\n|\n|t:|1781382651\n|move|p1a: Masquerain|Quiver Dance|p1a: Masquerain\n|-boost|p1a: Masquerain|spa|1\n|-boost|p1a: Masquerain|spd|1\n|-boost|p1a: Masquerain|spe|1\n|move|p2a: Komala|U-turn|p1a: Masquerain\n|-resisted|p1a: Masquerain\n|-damage|p1a: Masquerain|169/264\n|\n|t:|1781382659\n|switch|p2a: Regigigas|Regigigas, L84|322/322|[from] U-turn\n|-start|p2a: Regigigas|ability: Slow Start\n|\n|upkeep\n|turn|8\n|\n|t:|1781382666\n|move|p1a: Masquerain|Hurricane|p2a: Regigigas\n|-damage|p2a: Regigigas|169/322\n|move|p2a: Regigigas|Substitute|p2a: Regigigas\n|-start|p2a: Regigigas|Substitute\n|-damage|p2a: Regigigas|89/322\n|\n|-heal|p2a: Regigigas|109/322|[from] item: Leftovers\n|upkeep\n|turn|9\n|\n|t:|1781382671\n|move|p1a: Masquerain|Bug Buzz|p2a: Regigigas\n|-damage|p2a: Regigigas|0 fnt\n|faint|p2a: Regigigas\n|-end|p2a: Regigigas|Slow Start|[silent]\n|\n|upkeep\n|\n|t:|1781382676\n|switch|p2a: Rabsca|Rabsca, L91, M|284/284\n|turn|10\n|\n|t:|1781382682\n|move|p1a: Masquerain|Bug Buzz|p2a: Rabsca\n|-supereffective|p2a: Rabsca\n|-damage|p2a: Rabsca|8/284\n|move|p2a: Rabsca|Trick Room|p2a: Rabsca\n|-fieldstart|move: Trick Room|[of] p2a: Rabsca\n|\n|upkeep\n|turn|11\n|\n|t:|1781382687\n|move|p2a: Rabsca|Revival Blessing|p2a: Rabsca\n|\n|t:|1781382692\n|-heal|p2: Regigigas|161/322|[from] move: Revival Blessing\n|move|p1a: Masquerain|Bug Buzz|p2a: Rabsca\n|-supereffective|p2a: Rabsca\n|-damage|p2a: Rabsca|0 fnt\n|faint|p2a: Rabsca\n|\n|upkeep\n|\n|t:|1781382703\n|switch|p2a: Hydreigon|Hydreigon, L79, M|275/275\n|turn|12\n|\n|t:|1781382709\n|move|p2a: Hydreigon|Fire Blast|p1a: Masquerain\n|-supereffective|p1a: Masquerain\n|-damage|p1a: Masquerain|11/264\n|move|p1a: Masquerain|Bug Buzz|p2a: Hydreigon\n|-supereffective|p2a: Hydreigon\n|-damage|p2a: Hydreigon|0 fnt\n|faint|p2a: Hydreigon\n|\n|upkeep\n|\n|t:|1781382712\n|switch|p2a: Komala|Komala, L88, M|171/258\n|-ability|p2a: Komala|Comatose\n|turn|13\n|\n|t:|1781382716\n|move|p2a: Komala|Rapid Spin|p1a: Masquerain\n|-damage|p1a: Masquerain|0 fnt\n|-boost|p2a: Komala|spe|1\n|faint|p1a: Masquerain\n|\n|upkeep\n|\n|t:|1781382724\n|switch|p1a: Indeedee|Indeedee-F, L90, F|272/272\n|-fieldstart|move: Psychic Terrain|[from] ability: Psychic Surge|[of] p1a: Indeedee\n|turn|14\n|\n|t:|1781382730\n|move|p1a: Indeedee|Psyshock|p2a: Komala\n|-damage|p2a: Komala|0 fnt\n|faint|p2a: Komala\n|-damage|p1a: Indeedee|245/272|[from] item: Life Orb\n|\n|-fieldend|move: Trick Room\n|upkeep\n|\n|t:|1781382736\n|switch|p2a: Regigigas|Regigigas, L84|161/322\n|-start|p2a: Regigigas|ability: Slow Start\n|turn|15\n|\n|t:|1781382740\n|move|p1a: Indeedee|Psyshock|p2a: Regigigas\n|-damage|p2a: Regigigas|27/322\n|-damage|p1a: Indeedee|218/272|[from] item: Life Orb\n|move|p2a: Regigigas|Knock Off|p1a: Indeedee\n|-supereffective|p1a: Indeedee\n|-damage|p1a: Indeedee|88/272\n|-enditem|p1a: Indeedee|Life Orb|[from] move: Knock Off|[of] p2a: Regigigas\n|\n|-heal|p2a: Regigigas|47/322|[from] item: Leftovers\n|upkeep\n|turn|16\n|\n|t:|1781382744\n|move|p2a: Regigigas|Protect|p2a: Regigigas\n|-singleturn|p2a: Regigigas|Protect\n|move|p1a: Indeedee|Psyshock|p2a: Regigigas\n|-activate|p2a: Regigigas|move: Protect\n|\n|-heal|p2a: Regigigas|67/322|[from] item: Leftovers\n|upkeep\n|turn|17\n|\n|t:|1781382751\n|switch|p2a: Trevenant|Trevenant, L89, F|296/296\n|move|p1a: Indeedee|Psyshock|p2a: Trevenant\n|-damage|p2a: Trevenant|152/296\n|\n|upkeep\n|turn|18\n|\n|t:|1781382758\n|move|p1a: Indeedee|Psyshock|p2a: Trevenant\n|-crit|p2a: Trevenant\n|-damage|p2a: Trevenant|0 fnt\n|faint|p2a: Trevenant\n|\n|-fieldend|move: Psychic Terrain\n|upkeep\n|\n|t:|1781382760\n|switch|p2a: Regigigas|Regigigas, L84|67/322\n|-start|p2a: Regigigas|ability: Slow Start\n|turn|19\n|\n|t:|1781382764\n|move|p1a: Indeedee|Hyper Voice|p2a: Regigigas\n|-damage|p2a: Regigigas|0 fnt\n|faint|p2a: Regigigas\n|-end|p2a: Regigigas|Slow Start|[silent]\n|\n|win|Kono D!0 Da\n|raw|Kono D!0 Da's rating: 1344 &rarr; <strong>1364</strong><br />(+20 for winning)\n|raw|Apple's rating: 1337 &rarr; <strong>1317</strong><br />(-20 for losing)\n|l|\u2606Apple\n|player|p2|\n", "inputlog": ">version a8376a258c1d4662feba110a92103f3664a72141\n>start {\"formatid\":\"gen9randombattle\",\"seed\":\"sodium,fff2217ad8da1f21fa85562316dfff57\",\"rated\":\"Rated battle\"}\n>player p1 {\"name\":\"Kono D!0 Da\",\"avatar\":\"skierf-gen4dp\",\"rating\":1344,\"seed\":\"sodium,a184c2e9abf0a02612033c7a5ecf0a29\"}\n>player p2 {\"name\":\"Apple\",\"avatar\":\"#opple\",\"rating\":1337,\"seed\":\"sodium,c85f25d71b057e9b75bb489512ea11f1\"}\n>p1 move stealthrock\n>p2 move fireblast\n>p1 switch 3\n>p1 move icebeam\n>p2 switch 4\n>p1 move freezedry\n>p2 move uturn\n>p2 switch 6\n>p1 switch 5\n>p2 move bodyslam\n>p1 move makeitrain\n>p2 move knockoff\n>p1 switch 4\n>p2 move knockoff\n>p1 move quiverdance\n>p2 move uturn\n>p2 switch 2\n>p1 move hurricane\n>p2 move substitute\n>p1 move bugbuzz\n>p2 move bodyslam\n>p2 switch 5\n>p1 move bugbuzz\n>p2 move trickroom\n>p1 move bugbuzz\n>p2 move revivalblessing\n>p2 switch 5\n>p2 switch 4\n>p1 move bugbuzz\n>p2 move fireblast\n>p2 switch 2\n>p1 move bugbuzz\n>p2 move rapidspin\n>p1 switch 6\n>p1 move psyshock\n>p2 move knockoff\n>p2 switch 5\n>p1 move psyshock\n>p2 move knockoff\n>p1 move psyshock\n>p2 move protect\n>p1 move psyshock\n>p2 switch 3\n>p1 move psyshock\n>p2 move hornleech\n>p2 switch 3\n>p1 move hypervoice\n>p2 move knockoff", "uploadtime": 1781382775, "views": 29, "formatid": "gen9randombattle", "rating": 1317, "private": 0, "password": null}