{"id": "gen9randombattle-2631891403", "format": "[Gen 9] Random Battle", "players": ["xxxcovestar", "ihdavjar"], "log": "|j|\u2606xxxcovestar\n|j|\u2606ihdavjar\n|t:|1781452625\n|gametype|singles\n|player|p1|xxxcovestar|170|1199\n|player|p2|ihdavjar|102|1241\n|gen|9\n|tier|[Gen 9] Random Battle\n|rated|\n|rule|Species Clause: Limit one of each Pok\u00e9mon\n|rule|HP Percentage Mod: HP is shown in percentages\n|rule|Sleep Clause Mod: Limit one foe put to sleep\n|rule|Illusion Level Mod: Illusion disguises the Pok\u00e9mon's true level\n|\n|t:|1781452625\n|teamsize|p1|6\n|teamsize|p2|6\n|start\n|switch|p1a: Ambipom|Ambipom, L84, M|263/263\n|switch|p2a: Sableye|Sableye, L88, M|231/231\n|turn|1\n|inactive|Battle timer is ON: inactive players will automatically lose when time's up. (requested by ihdavjar)\n|\n|t:|1781452641\n|move|p2a: Sableye|Thunder Wave|p1a: Ambipom\n|-status|p1a: Ambipom|par\n|move|p1a: Ambipom|Knock Off|p2a: Sableye\n|-damage|p2a: Sableye|156/231\n|-enditem|p2a: Sableye|Leftovers|[from] move: Knock Off|[of] p1a: Ambipom\n|\n|upkeep\n|turn|2\n|\n|t:|1781452656\n|switch|p1a: Zebstrika|Zebstrika, L87, F|272/272\n|move|p2a: Sableye|Knock Off|p1a: Zebstrika\n|-damage|p1a: Zebstrika|158/272\n|-enditem|p1a: Zebstrika|Life Orb|[from] move: Knock Off|[of] p2a: Sableye\n|\n|upkeep\n|turn|3\n|\n|t:|1781452672\n|switch|p2a: Amoonguss|Amoonguss, L82, F|321/321\n|move|p1a: Zebstrika|Volt Switch|p2a: Amoonguss\n|-resisted|p2a: Amoonguss\n|-damage|p2a: Amoonguss|282/321\n|\n|t:|1781452689\n|switch|p1a: Sudowoodo|Sudowoodo, L94, M|284/284|[from] Volt Switch\n|\n|-heal|p2a: Amoonguss|302/321|[from] item: Leftovers\n|upkeep\n|turn|4\n|inactive|ihdavjar has 120 seconds left.\n|\n|t:|1781452725\n|switch|p2a: Drednaw|Drednaw, L81, F|278/278\n|move|p1a: Sudowoodo|Earthquake|p2a: Drednaw\n|-supereffective|p2a: Drednaw\n|-damage|p2a: Drednaw|24/278\n|\n|upkeep\n|turn|5\n|inactive|ihdavjar has 120 seconds left.\n|\n|t:|1781452739\n|move|p2a: Drednaw|Liquidation|p1a: Sudowoodo\n|-supereffective|p1a: Sudowoodo\n|-damage|p1a: Sudowoodo|134/284\n|move|p1a: Sudowoodo|Earthquake|p2a: Drednaw\n|-supereffective|p2a: Drednaw\n|-damage|p2a: Drednaw|0 fnt\n|faint|p2a: Drednaw\n|\n|upkeep\n|\n|t:|1781452756\n|switch|p2a: Zacian|Zacian, L69|241/241\n|-ability|p2a: Zacian|Intrepid Sword|boost\n|-boost|p2a: Zacian|atk|1\n|turn|6\n|\n|t:|1781452762\n|move|p2a: Zacian|Close Combat|p1a: Sudowoodo\n|-supereffective|p1a: Sudowoodo\n|-damage|p1a: Sudowoodo|0 fnt\n|-unboost|p2a: Zacian|def|1\n|-unboost|p2a: Zacian|spd|1\n|faint|p1a: Sudowoodo\n|-damage|p2a: Zacian|217/241|[from] item: Life Orb\n|\n|upkeep\n|\n|t:|1781452789\n|switch|p1a: Mienshao|Mienshao, L83, M|244/244\n|turn|7\n|\n|t:|1781452798\n|move|p1a: Mienshao|Fake Out|p2a: Zacian\n|-damage|p2a: Zacian|169/241\n|cant|p2a: Zacian|flinch\n|\n|upkeep\n|turn|8\n|inactive|ihdavjar has 120 seconds left.\n|\n|t:|1781452819\n|switch|p2a: Sableye|Sableye, L88, M|156/231\n|move|p1a: Mienshao|U-turn|p2a: Sableye\n|-damage|p2a: Sableye|93/231\n|inactive|xxxcovestar has 120 seconds left.\n|\n|t:|1781452849\n|switch|p1a: Zebstrika|Zebstrika, L87, F|158/272|[from] U-turn\n|\n|upkeep\n|turn|9\n|\n|t:|1781452860\n|move|p2a: Sableye|Recover|p2a: Sableye\n|-heal|p2a: Sableye|209/231\n|move|p1a: Zebstrika|Volt Switch|p2a: Sableye\n|-damage|p2a: Sableye|133/231\n|inactive|xxxcovestar has 90 seconds left.\n|\n|t:|1781452897\n|switch|p1a: Iron Thorns|Iron Thorns, L83|302/302|[from] Volt Switch\n|-item|p1a: Iron Thorns|Air Balloon\n|\n|upkeep\n|turn|10\n|\n|t:|1781452908\n|move|p1a: Iron Thorns|Stealth Rock|p2a: Sableye\n|-sidestart|p2: ihdavjar|move: Stealth Rock\n|move|p2a: Sableye|Knock Off|p1a: Iron Thorns\n|-damage|p1a: Iron Thorns|229/302\n|-enditem|p1a: Iron Thorns|Air Balloon\n|\n|upkeep\n|turn|11\n|\n|t:|1781452919\n|move|p2a: Sableye|Recover|p2a: Sableye\n|-heal|p2a: Sableye|231/231\n|move|p1a: Iron Thorns|Spikes|p2a: Sableye\n|-sidestart|p2: ihdavjar|Spikes\n|\n|upkeep\n|turn|12\n|\n|t:|1781452938\n|switch|p2a: Thundurus|Thundurus-Therian, L80, M|258/258\n|move|p1a: Iron Thorns|Spikes|p2a: Thundurus\n|-sidestart|p2: ihdavjar|Spikes\n|\n|upkeep\n|turn|13\n|\n|t:|1781452950\n|move|p2a: Thundurus|Grass Knot|p1a: Iron Thorns\n|-supereffective|p1a: Iron Thorns\n|-damage|p1a: Iron Thorns|0 fnt\n|faint|p1a: Iron Thorns\n|-end|p1a: Iron Thorns|Quark Drive|[silent]\n|\n|upkeep\n|\n|t:|1781452959\n|switch|p1a: Virizion|Virizion, L82|283/283\n|turn|14\n|\n|t:|1781452970\n|-terastallize|p2a: Thundurus|Poison\n|move|p1a: Virizion|Stone Edge|p2a: Thundurus\n|-damage|p2a: Thundurus|148/258\n|-damage|p1a: Virizion|255/283|[from] item: Life Orb\n|move|p2a: Thundurus|Sludge Wave|p1a: Virizion\n|-supereffective|p1a: Virizion\n|-damage|p1a: Virizion|51/283\n|\n|upkeep\n|turn|15\n|\n|t:|1781452988\n|move|p1a: Virizion|Stone Edge|p2a: Thundurus\n|-damage|p2a: Thundurus|53/258\n|-damage|p1a: Virizion|23/283|[from] item: Life Orb\n|move|p2a: Thundurus|Sludge Wave|p1a: Virizion\n|-supereffective|p1a: Virizion\n|-damage|p1a: Virizion|0 fnt\n|faint|p1a: Virizion\n|\n|upkeep\n|inactive|xxxcovestar has 90 seconds left.\n|\n|t:|1781453002\n|switch|p1a: Mienshao|Mienshao, L83, M|244/244\n|turn|16\n|\n|t:|1781453016\n|move|p1a: Mienshao|Fake Out|p2a: Thundurus\n|-damage|p2a: Thundurus|9/258\n|cant|p2a: Thundurus|flinch\n|\n|upkeep\n|turn|17\n|\n|t:|1781453022\n|move|p1a: Mienshao|U-turn|p2a: Thundurus\n|-resisted|p2a: Thundurus\n|-damage|p2a: Thundurus|0 fnt\n|faint|p2a: Thundurus\n|\n|t:|1781453035\n|switch|p1a: Zebstrika|Zebstrika, L87, F|158/272|[from] U-turn\n|\n|upkeep\n|\n|t:|1781453044\n|switch|p2a: Amoonguss|Amoonguss, L82, F|321/321\n|-damage|p2a: Amoonguss|281/321|[from] Stealth Rock\n|-damage|p2a: Amoonguss|228/321|[from] Spikes\n|turn|18\n|\n|t:|1781453052\n|move|p1a: Zebstrika|Overheat|p2a: Amoonguss\n|-supereffective|p2a: Amoonguss\n|-damage|p2a: Amoonguss|40/321\n|-unboost|p1a: Zebstrika|spa|2\n|move|p2a: Amoonguss|Toxic|p1a: Zebstrika\n|-status|p1a: Zebstrika|tox\n|\n|-heal|p2a: Amoonguss|60/321|[from] item: Leftovers\n|-damage|p1a: Zebstrika|141/272 tox|[from] psn\n|upkeep\n|turn|19\n|\n|t:|1781453063\n|move|p1a: Zebstrika|Overheat|p2a: Amoonguss\n|-supereffective|p2a: Amoonguss\n|-damage|p2a: Amoonguss|0 fnt\n|-unboost|p1a: Zebstrika|spa|2\n|faint|p2a: Amoonguss\n|\n|-damage|p1a: Zebstrika|107/272 tox|[from] psn\n|upkeep\n|\n|t:|1781453073\n|switch|p2a: Sableye|Sableye, L88, M|231/231\n|-damage|p2a: Sableye|203/231|[from] Stealth Rock\n|-damage|p2a: Sableye|165/231|[from] Spikes\n|turn|20\n|inactive|xxxcovestar has 120 seconds left.\n|\n|t:|1781453088\n|move|p2a: Sableye|Recover|p2a: Sableye\n|-heal|p2a: Sableye|231/231\n|move|p1a: Zebstrika|Volt Switch|p2a: Sableye\n|-damage|p2a: Sableye|203/231\n|\n|t:|1781453102\n|switch|p1a: Mienshao|Mienshao, L83, M|244/244|[from] Volt Switch\n|\n|upkeep\n|turn|21\n|\n|t:|1781453108\n|move|p2a: Sableye|Thunder Wave|p1a: Mienshao\n|-status|p1a: Mienshao|par\n|move|p1a: Mienshao|Knock Off|p2a: Sableye\n|-damage|p2a: Sableye|148/231\n|\n|upkeep\n|turn|22\n|inactive|xxxcovestar has 120 seconds left.\n|\n|t:|1781453119\n|move|p2a: Sableye|Knock Off|p1a: Mienshao\n|-resisted|p1a: Mienshao\n|-damage|p1a: Mienshao|187/244 par\n|-enditem|p1a: Mienshao|Assault Vest|[from] move: Knock Off|[of] p2a: Sableye\n|move|p1a: Mienshao|Knock Off|p2a: Sableye\n|-damage|p2a: Sableye|91/231\n|\n|upkeep\n|turn|23\n|\n|t:|1781453128\n|move|p2a: Sableye|Recover|p2a: Sableye\n|-heal|p2a: Sableye|207/231\n|cant|p1a: Mienshao|par\n|\n|upkeep\n|turn|24\n|\n|t:|1781453133\n|move|p2a: Sableye|Knock Off|p1a: Mienshao\n|-resisted|p1a: Mienshao\n|-damage|p1a: Mienshao|142/244 par\n|move|p1a: Mienshao|U-turn|p2a: Sableye\n|-damage|p2a: Sableye|140/231\n|\n|t:|1781453139\n|switch|p1a: Zebstrika|Zebstrika, L87, F|107/272 tox|[from] U-turn\n|\n|-damage|p1a: Zebstrika|90/272 tox|[from] psn\n|upkeep\n|turn|25\n|\n|t:|1781453153\n|move|p2a: Sableye|Recover|p2a: Sableye\n|-heal|p2a: Sableye|231/231\n|move|p1a: Zebstrika|Overheat|p2a: Sableye\n|-damage|p2a: Sableye|130/231\n|-unboost|p1a: Zebstrika|spa|2\n|\n|-damage|p1a: Zebstrika|56/272 tox|[from] psn\n|upkeep\n|turn|26\n|\n|t:|1781453163\n|move|p2a: Sableye|Recover|p2a: Sableye\n|-heal|p2a: Sableye|231/231\n|move|p1a: Zebstrika|Volt Switch|p2a: Sableye\n|-damage|p2a: Sableye|192/231\n|\n|t:|1781453170\n|switch|p1a: Ambipom|Ambipom, L84, M|263/263 par|[from] Volt Switch\n|\n|upkeep\n|turn|27\n|\n|t:|1781453178\n|move|p2a: Sableye|Knock Off|p1a: Ambipom\n|-damage|p1a: Ambipom|146/263 par\n|-enditem|p1a: Ambipom|Silk Scarf|[from] move: Knock Off|[of] p2a: Sableye\n|move|p1a: Ambipom|Knock Off|p2a: Sableye\n|-damage|p2a: Sableye|144/231\n|\n|upkeep\n|turn|28\n|\n|t:|1781453187\n|switch|p1a: Mienshao|Mienshao, L83, M|223/244 par\n|move|p2a: Sableye|Knock Off|p1a: Mienshao\n|-resisted|p1a: Mienshao\n|-damage|p1a: Mienshao|181/244 par\n|\n|upkeep\n|turn|29\n|\n|t:|1781453196\n|move|p2a: Sableye|Recover|p2a: Sableye\n|-heal|p2a: Sableye|231/231\n|move|p1a: Mienshao|Knock Off|p2a: Sableye\n|-damage|p2a: Sableye|171/231\n|\n|upkeep\n|turn|30\n|\n|t:|1781453203\n|move|p2a: Sableye|Knock Off|p1a: Mienshao\n|-resisted|p1a: Mienshao\n|-damage|p1a: Mienshao|142/244 par\n|move|p1a: Mienshao|Knock Off|p2a: Sableye\n|-damage|p2a: Sableye|116/231\n|\n|upkeep\n|turn|31\n|\n|t:|1781453210\n|move|p2a: Sableye|Recover|p2a: Sableye\n|-heal|p2a: Sableye|231/231\n|cant|p1a: Mienshao|par\n|\n|upkeep\n|turn|32\n|\n|t:|1781453214\n|move|p2a: Sableye|Knock Off|p1a: Mienshao\n|-resisted|p1a: Mienshao\n|-damage|p1a: Mienshao|97/244 par\n|move|p1a: Mienshao|U-turn|p2a: Sableye\n|-damage|p2a: Sableye|165/231\n|\n|t:|1781453226\n|switch|p1a: Zebstrika|Zebstrika, L87, F|56/272 tox|[from] U-turn\n|\n|-damage|p1a: Zebstrika|39/272 tox|[from] psn\n|upkeep\n|turn|33\n|\n|t:|1781453231\n|move|p1a: Zebstrika|Volt Switch|p2a: Sableye\n|-damage|p2a: Sableye|77/231\n|\n|t:|1781453240\n|switch|p1a: Mienshao|Mienshao, L83, M|178/244 par|[from] Volt Switch\n|move|p2a: Sableye|Knock Off|p1a: Mienshao\n|-resisted|p1a: Mienshao\n|-damage|p1a: Mienshao|136/244 par\n|\n|upkeep\n|turn|34\n|\n|t:|1781453251\n|move|p2a: Sableye|Encore||[still]\n|-fail|p2a: Sableye\n|cant|p1a: Mienshao|par\n|\n|upkeep\n|turn|35\n|\n|t:|1781453257\n|move|p2a: Sableye|Knock Off|p1a: Mienshao\n|-resisted|p1a: Mienshao\n|-damage|p1a: Mienshao|91/244 par\n|move|p1a: Mienshao|U-turn|p2a: Sableye\n|-damage|p2a: Sableye|12/231\n|\n|t:|1781453265\n|switch|p1a: Zebstrika|Zebstrika, L87, F|39/272 tox|[from] U-turn\n|\n|-damage|p1a: Zebstrika|22/272 tox|[from] psn\n|upkeep\n|turn|36\n|\n|t:|1781453272\n|move|p1a: Zebstrika|Volt Switch|p2a: Sableye\n|-damage|p2a: Sableye|0 fnt\n|faint|p2a: Sableye\n|\n|t:|1781453281\n|switch|p1a: Mienshao|Mienshao, L83, M|172/244 par|[from] Volt Switch\n|\n|upkeep\n|\n|t:|1781453289\n|switch|p2a: Zacian|Zacian, L69|169/241\n|-damage|p2a: Zacian|139/241|[from] Stealth Rock\n|-damage|p2a: Zacian|99/241|[from] Spikes\n|turn|37\n|\n|t:|1781453301\n|move|p1a: Mienshao|Fake Out|p2a: Zacian\n|-damage|p2a: Zacian|68/241\n|cant|p2a: Zacian|flinch\n|\n|upkeep\n|turn|38\n|\n|t:|1781453313\n|switch|p1a: Zebstrika|Zebstrika, L87, F|22/272 tox\n|move|p2a: Zacian|Play Rough|p1a: Zebstrika\n|-damage|p1a: Zebstrika|0 fnt\n|faint|p1a: Zebstrika\n|-damage|p2a: Zacian|44/241|[from] item: Life Orb\n|\n|upkeep\n|\n|t:|1781453325\n|switch|p1a: Ambipom|Ambipom, L84, M|146/263 par\n|turn|39\n|\n|t:|1781453330\n|cant|p1a: Ambipom|par\n|move|p2a: Zacian|Close Combat|p1a: Ambipom\n|-supereffective|p1a: Ambipom\n|-damage|p1a: Ambipom|0 fnt\n|-unboost|p2a: Zacian|def|1\n|-unboost|p2a: Zacian|spd|1\n|faint|p1a: Ambipom\n|-damage|p2a: Zacian|20/241|[from] item: Life Orb\n|\n|upkeep\n|\n|t:|1781453334\n|switch|p1a: Mienshao|Mienshao, L83, M|244/244 par\n|turn|40\n|\n|t:|1781453337\n|move|p1a: Mienshao|Fake Out|p2a: Zacian\n|-damage|p2a: Zacian|0 fnt\n|faint|p2a: Zacian\n|\n|upkeep\n|\n|t:|1781453340\n|switch|p2a: Oranguru|Oranguru, L92, M|315/315\n|-damage|p2a: Oranguru|276/315|[from] Stealth Rock\n|-damage|p2a: Oranguru|224/315|[from] Spikes\n|turn|41\n|\n|t:|1781453348\n|move|p2a: Oranguru|Psyshock|p1a: Mienshao\n|-supereffective|p1a: Mienshao\n|-damage|p1a: Mienshao|0 fnt\n|faint|p1a: Mienshao\n|-damage|p2a: Oranguru|193/315|[from] item: Life Orb\n|\n|win|ihdavjar\n|raw|xxxcovestar's rating: 1199 &rarr; <strong>1177</strong><br />(-22 for losing)\n|raw|ihdavjar's rating: 1241 &rarr; <strong>1263</strong><br />(+22 for winning)\n|l|\u2606xxxcovestar\n|player|p1|\n", "uploadtime": 1781453358, "views": 15, "formatid": "gen9randombattle", "rating": 1177, "private": 0, "password": null}