{"id": "gen9randombattle-2631556465", "format": "[Gen 9] Random Battle", "players": ["SZSoo", "Emily Montes"], "log": "|j|\u2606SZSoo\n|j|\u2606Emily Montes\n|t:|1781400864\n|gametype|singles\n|player|p1|SZSoo|swimmer-gen4|2138\n|player|p2|Emily Montes|pokekid|2037\n|gen|9\n|tier|[Gen 9] Random Battle\n|rated|\n|rule|Species Clause: Limit one of each Pok\u00e9mon\n|rule|HP Percentage Mod: HP is shown in percentages\n|rule|Sleep Clause Mod: Limit one foe put to sleep\n|rule|Illusion Level Mod: Illusion disguises the Pok\u00e9mon's true level\n|\n|t:|1781400864\n|teamsize|p1|6\n|teamsize|p2|6\n|start\n|switch|p1a: Ariados|Ariados, L95, F|287/287\n|switch|p2a: Oricorio|Oricorio-Pom-Pom, L82, M|257/257\n|turn|1\n|inactive|Battle timer is ON: inactive players will automatically lose when time's up. (requested by SZSoo)\n|\n|t:|1781400876\n|move|p2a: Oricorio|Hurricane|p1a: Ariados\n|-supereffective|p1a: Ariados\n|-damage|p1a: Ariados|71/287\n|move|p1a: Ariados|Sticky Web|p2a: Oricorio\n|-sidestart|p2: Emily Montes|move: Sticky Web\n|\n|upkeep\n|turn|2\n|\n|t:|1781400896\n|move|p2a: Oricorio|Quiver Dance|p2a: Oricorio\n|-boost|p2a: Oricorio|spa|1\n|-boost|p2a: Oricorio|spd|1\n|-boost|p2a: Oricorio|spe|1\n|move|p1a: Ariados|Poison Jab|p2a: Oricorio\n|-damage|p2a: Oricorio|124/257\n|\n|upkeep\n|turn|3\n|\n|t:|1781400906\n|move|p2a: Oricorio|Revelation Dance|p1a: Ariados\n|-damage|p1a: Ariados|0 fnt\n|faint|p1a: Ariados\n|\n|upkeep\n|inactive|SZSoo has 120 seconds left.\n|\n|t:|1781400933\n|switch|p1a: Grumpig|Grumpig, L92, M|297/297\n|turn|4\n|\n|t:|1781400939\n|move|p2a: Oricorio|Roost|p2a: Oricorio\n|-heal|p2a: Oricorio|253/257\n|-singleturn|p2a: Oricorio|move: Roost\n|move|p1a: Grumpig|Nasty Plot|p1a: Grumpig\n|-boost|p1a: Grumpig|spa|2\n|\n|upkeep\n|turn|5\n|\n|t:|1781400952\n|move|p2a: Oricorio|Hurricane|p1a: Grumpig|[miss]\n|-miss|p2a: Oricorio|p1a: Grumpig\n|move|p1a: Grumpig|Nasty Plot|p1a: Grumpig\n|-boost|p1a: Grumpig|spa|2\n|\n|upkeep\n|turn|6\n|\n|t:|1781400962\n|move|p2a: Oricorio|Hurricane|p1a: Grumpig\n|-damage|p1a: Grumpig|165/297\n|move|p1a: Grumpig|Psyshock|p2a: Oricorio\n|-damage|p2a: Oricorio|0 fnt\n|faint|p2a: Oricorio\n|\n|-heal|p1a: Grumpig|183/297|[from] item: Leftovers\n|upkeep\n|\n|t:|1781400987\n|switch|p2a: Dachsbun|Dachsbun, L92, F|254/254\n|-activate|p2a: Dachsbun|move: Sticky Web\n|-unboost|p2a: Dachsbun|spe|1\n|turn|7\n|\n|t:|1781400995\n|move|p1a: Grumpig|Psyshock|p2a: Dachsbun\n|-damage|p2a: Dachsbun|59/254\n|move|p2a: Dachsbun|Play Rough|p1a: Grumpig\n|-damage|p1a: Grumpig|71/297\n|\n|-heal|p1a: Grumpig|89/297|[from] item: Leftovers\n|-heal|p2a: Dachsbun|74/254|[from] item: Leftovers\n|upkeep\n|turn|8\n|\n|t:|1781401002\n|move|p2a: Dachsbun|Protect|p2a: Dachsbun\n|-singleturn|p2a: Dachsbun|Protect\n|move|p1a: Grumpig|Shadow Ball|p2a: Dachsbun\n|-activate|p2a: Dachsbun|move: Protect\n|\n|-heal|p1a: Grumpig|107/297|[from] item: Leftovers\n|-heal|p2a: Dachsbun|89/254|[from] item: Leftovers\n|upkeep\n|turn|9\n|\n|t:|1781401011\n|move|p1a: Grumpig|Psyshock|p2a: Dachsbun\n|-damage|p2a: Dachsbun|0 fnt\n|faint|p2a: Dachsbun\n|\n|-heal|p1a: Grumpig|125/297|[from] item: Leftovers\n|upkeep\n|\n|t:|1781401015\n|switch|p2a: Delibird|Delibird, M|252/252\n|turn|10\n|\n|t:|1781401028\n|switch|p1a: Jolteon|Jolteon, L84, F|246/246\n|move|p2a: Delibird|Brave Bird|p1a: Jolteon\n|-resisted|p1a: Jolteon\n|-damage|p1a: Jolteon|166/246\n|-damage|p2a: Delibird|226/252|[from] Recoil\n|\n|-heal|p1a: Jolteon|181/246|[from] item: Leftovers\n|upkeep\n|turn|11\n|\n|t:|1781401036\n|-terastallize|p2a: Delibird|Ghost\n|move|p1a: Jolteon|Thunderbolt|p2a: Delibird\n|-damage|p2a: Delibird|81/252\n|move|p2a: Delibird|Rapid Spin|p1a: Jolteon\n|-damage|p1a: Jolteon|137/246\n|-boost|p2a: Delibird|spe|1\n|-sideend|p2: Emily Montes|Sticky Web|[from] move: Rapid Spin|[of] p2a: Delibird\n|\n|-heal|p1a: Jolteon|152/246|[from] item: Leftovers\n|upkeep\n|turn|12\n|\n|t:|1781401043\n|switch|p2a: Krookodile|Krookodile, L79, F|280/280\n|-ability|p2a: Krookodile|Intimidate|boost\n|-unboost|p1a: Jolteon|atk|1\n|move|p1a: Jolteon|Thunderbolt|p2a: Krookodile\n|-immune|p2a: Krookodile\n|\n|-heal|p1a: Jolteon|167/246|[from] item: Leftovers\n|upkeep\n|turn|13\n|\n|t:|1781401056\n|switch|p1a: Bellossom|Bellossom, L84, F|263/263\n|move|p2a: Krookodile|Earthquake|p1a: Bellossom\n|-resisted|p1a: Bellossom\n|-damage|p1a: Bellossom|214/263\n|\n|-heal|p1a: Bellossom|230/263|[from] item: Leftovers\n|upkeep\n|turn|14\n|\n|t:|1781401060\n|move|p2a: Krookodile|Gunk Shot|p1a: Bellossom\n|-supereffective|p1a: Bellossom\n|-damage|p1a: Bellossom|66/263\n|move|p1a: Bellossom|Quiver Dance|p1a: Bellossom\n|-boost|p1a: Bellossom|spa|1\n|-boost|p1a: Bellossom|spd|1\n|-boost|p1a: Bellossom|spe|1\n|\n|-heal|p1a: Bellossom|82/263|[from] item: Leftovers\n|upkeep\n|turn|15\n|\n|t:|1781401066\n|switch|p2a: Ninetales|Ninetales, L85, F|263/263\n|-weather|SunnyDay|[from] ability: Drought|[of] p2a: Ninetales\n|move|p1a: Bellossom|Giga Drain|p2a: Ninetales\n|-resisted|p2a: Ninetales\n|-damage|p2a: Ninetales|215/263\n|-heal|p1a: Bellossom|106/263|[from] drain|[of] p2a: Ninetales\n|\n|-weather|SunnyDay|[upkeep]\n|-heal|p1a: Bellossom|122/263|[from] item: Leftovers\n|upkeep\n|turn|16\n|\n|t:|1781401081\n|-terastallize|p1a: Bellossom|Fairy\n|move|p1a: Bellossom|Strength Sap|p2a: Ninetales\n|-unboost|p2a: Ninetales|atk|1\n|-heal|p1a: Bellossom|256/263\n|move|p2a: Ninetales|Fire Blast|p1a: Bellossom\n|-damage|p1a: Bellossom|166/263\n|\n|-weather|SunnyDay|[upkeep]\n|-heal|p1a: Bellossom|182/263|[from] item: Leftovers\n|upkeep\n|turn|17\n|\n|t:|1781401089\n|move|p1a: Bellossom|Quiver Dance|p1a: Bellossom\n|-boost|p1a: Bellossom|spa|1\n|-boost|p1a: Bellossom|spd|1\n|-boost|p1a: Bellossom|spe|1\n|move|p2a: Ninetales|Nasty Plot|p2a: Ninetales\n|-boost|p2a: Ninetales|spa|2\n|\n|-weather|SunnyDay|[upkeep]\n|-heal|p1a: Bellossom|198/263|[from] item: Leftovers\n|upkeep\n|turn|18\n|\n|t:|1781401096\n|move|p1a: Bellossom|Moonblast|p2a: Ninetales\n|-resisted|p2a: Ninetales\n|-damage|p2a: Ninetales|137/263\n|move|p2a: Ninetales|Nasty Plot|p2a: Ninetales\n|-boost|p2a: Ninetales|spa|2\n|\n|-weather|SunnyDay|[upkeep]\n|-heal|p1a: Bellossom|214/263|[from] item: Leftovers\n|upkeep\n|turn|19\n|\n|t:|1781401105\n|move|p1a: Bellossom|Moonblast|p2a: Ninetales\n|-resisted|p2a: Ninetales\n|-damage|p2a: Ninetales|47/263\n|move|p2a: Ninetales|Fire Blast|p1a: Bellossom\n|-damage|p1a: Bellossom|0 fnt\n|faint|p1a: Bellossom\n|\n|-weather|none\n|upkeep\n|\n|t:|1781401115\n|switch|p1a: Jolteon|Jolteon, L84, F|167/246\n|turn|20\n|\n|t:|1781401121\n|switch|p2a: Krookodile|Krookodile, L79, F|280/280\n|-ability|p2a: Krookodile|Intimidate|boost\n|-unboost|p1a: Jolteon|atk|1\n|move|p1a: Jolteon|Tera Blast|p2a: Krookodile\n|-damage|p2a: Krookodile|206/280\n|\n|-heal|p1a: Jolteon|182/246|[from] item: Leftovers\n|-heal|p2a: Krookodile|223/280|[from] item: Leftovers\n|upkeep\n|turn|21\n|\n|t:|1781401125\n|switch|p1a: Suicune|Suicune, L82|298/298\n|-ability|p1a: Suicune|Pressure\n|move|p2a: Krookodile|Knock Off|p1a: Suicune\n|-damage|p1a: Suicune|214/298\n|-enditem|p1a: Suicune|Leftovers|[from] move: Knock Off|[of] p2a: Krookodile\n|\n|-heal|p2a: Krookodile|240/280|[from] item: Leftovers\n|upkeep\n|turn|22\n|\n|t:|1781401136\n|move|p2a: Krookodile|Earthquake|p1a: Suicune\n|-damage|p1a: Suicune|124/298\n|move|p1a: Suicune|Scald|p2a: Krookodile\n|-supereffective|p2a: Krookodile\n|-damage|p2a: Krookodile|52/280\n|\n|-heal|p2a: Krookodile|69/280|[from] item: Leftovers\n|upkeep\n|turn|23\n|\n|t:|1781401140\n|move|p2a: Krookodile|Earthquake|p1a: Suicune\n|-damage|p1a: Suicune|40/298\n|move|p1a: Suicune|Scald|p2a: Krookodile\n|-supereffective|p2a: Krookodile\n|-damage|p2a: Krookodile|0 fnt\n|faint|p2a: Krookodile\n|\n|upkeep\n|\n|t:|1781401142\n|switch|p2a: Smeargle|Smeargle, L95, F|258/258\n|turn|24\n|\n|t:|1781401165\n|switch|p1a: Regidrago|Regidrago, L77|435/435\n|move|p2a: Smeargle|Spore|p1a: Regidrago\n|-status|p1a: Regidrago|slp|[from] move: Spore\n|-enditem|p1a: Regidrago|Lum Berry|[eat]\n|-curestatus|p1a: Regidrago|slp|[msg]\n|\n|upkeep\n|turn|25\n|\n|t:|1781401170\n|move|p2a: Smeargle|Spore|p1a: Regidrago\n|-status|p1a: Regidrago|slp|[from] move: Spore\n|cant|p1a: Regidrago|slp\n|\n|upkeep\n|turn|26\n|\n|t:|1781401176\n|move|p2a: Smeargle|Shell Smash|p2a: Smeargle\n|-unboost|p2a: Smeargle|def|1\n|-unboost|p2a: Smeargle|spd|1\n|-boost|p2a: Smeargle|atk|2\n|-boost|p2a: Smeargle|spa|2\n|-boost|p2a: Smeargle|spe|2\n|cant|p1a: Regidrago|slp\n|\n|upkeep\n|turn|27\n|\n|t:|1781401204\n|switch|p1a: Suicune|Suicune, L82|40/298\n|-ability|p1a: Suicune|Pressure\n|move|p2a: Smeargle|Population Bomb|p1a: Suicune\n|-damage|p1a: Suicune|12/298\n|-damage|p1a: Suicune|0 fnt\n|faint|p1a: Suicune\n|-hitcount|p1: Suicune|2\n|\n|upkeep\n|\n|t:|1781401211\n|switch|p1a: Regidrago|Regidrago, L77|435/435 slp\n|turn|28\n|\n|t:|1781401214\n|move|p2a: Smeargle|Population Bomb|p1a: Regidrago\n|-damage|p1a: Regidrago|387/435 slp\n|-damage|p1a: Regidrago|336/435 slp\n|-damage|p1a: Regidrago|284/435 slp\n|-damage|p1a: Regidrago|232/435 slp\n|-damage|p1a: Regidrago|181/435 slp\n|-damage|p1a: Regidrago|133/435 slp\n|-damage|p1a: Regidrago|76/435 slp\n|-damage|p1a: Regidrago|25/435 slp\n|-crit|p1a: Regidrago\n|-damage|p1a: Regidrago|0 fnt\n|faint|p1a: Regidrago\n|-hitcount|p1: Regidrago|9\n|\n|upkeep\n|-message|SZSoo forfeited.\n|\n|win|Emily Montes\n|raw|SZSoo's rating: 2138 &rarr; <strong>2112</strong><br />(-26 for losing)\n|raw|Emily Montes's rating: 2037 &rarr; <strong>2063</strong><br />(+26 for winning)\n|l|\u2606SZSoo\n|player|p1|\n", "inputlog": ">version a8376a258c1d4662feba110a92103f3664a72141\n>start {\"formatid\":\"gen9randombattle\",\"seed\":\"sodium,d7118975dba2bda22e47b2070d97a67e\",\"rated\":\"Rated battle\"}\n>player p1 {\"name\":\"SZSoo\",\"avatar\":\"swimmer-gen4\",\"rating\":2138,\"seed\":\"sodium,779d5ac787db76841c595d67b278f4ba\"}\n>player p2 {\"name\":\"Emily Montes\",\"avatar\":\"pokekid\",\"rating\":2037,\"seed\":\"sodium,e7c6067f576a5b67c4d006037a10e1ba\"}\n>p1 move stickyweb\n>p2 move hurricane\n>p1 move poisonjab\n>p2 move quiverdance\n>p1 move poisonjab\n>p2 move revelationdance\n>p1 switch 3\n>p1 move nastyplot\n>p2 move roost\n>p1 move nastyplot\n>p2 move hurricane\n>p1 move psyshock\n>p2 move hurricane\n>p2 switch 2\n>p1 move psyshock\n>p2 move playrough\n>p1 move shadowball\n>p2 move protect\n>p1 move psyshock\n>p2 move playrough\n>p2 switch 3\n>p1 switch 4\n>p2 move bravebird\n>p1 move thunderbolt\n>p2 move rapidspin terastallize\n>p1 move thunderbolt\n>p2 switch 6\n>p1 switch 5\n>p2 move earthquake\n>p1 move quiverdance\n>p2 move gunkshot\n>p1 move gigadrain\n>p2 switch 5\n>p1 move strengthsap terastallize\n>p2 move fireblast\n>p1 move quiverdance\n>p2 move nastyplot\n>p1 move moonblast\n>p2 move nastyplot\n>p1 move moonblast\n>p2 move fireblast\n>p1 switch 5\n>p1 move terablast\n>p2 switch 5\n>p1 switch 2\n>p2 move knockoff\n>p1 move scald\n>p2 move earthquake\n>p1 move scald\n>p2 move earthquake\n>p2 switch 4\n>p1 switch 6\n>p2 move spore\n>p1 move dragondance\n>p2 move spore\n>p1 move outrage\n>p2 move shellsmash\n>p1 switch 6\n>p2 move populationbomb\n>p1 switch 6\n>p1 move outrage\n>p2 move populationbomb\n>forcelose p1", "uploadtime": 1781400866, "views": 8, "formatid": "gen9randombattle", "rating": 2063, "private": 0, "password": null}