{"id": "gen9randombattle-2631617109", "format": "[Gen 9] Random Battle", "players": ["Mugshit", "zeropepsi"], "log": "|j|\u2606Mugshit\n|j|\u2606zeropepsi\n|t:|1781409497\n|gametype|singles\n|player|p1|Mugshit|266|2083\n|player|p2|zeropepsi|hilbert|2065\n|gen|9\n|tier|[Gen 9] Random Battle\n|rated|\n|rule|Species Clause: Limit one of each Pok\u00e9mon\n|rule|HP Percentage Mod: HP is shown in percentages\n|rule|Sleep Clause Mod: Limit one foe put to sleep\n|rule|Illusion Level Mod: Illusion disguises the Pok\u00e9mon's true level\n|\n|t:|1781409497\n|teamsize|p1|6\n|teamsize|p2|6\n|start\n|switch|p1a: Iron Boulder|Iron Boulder, L77|265/265\n|switch|p2a: Tauros|Tauros-Paldea-Combat, L82, M|257/257\n|-ability|p2a: Tauros|Intimidate|boost\n|-unboost|p1a: Iron Boulder|atk|1\n|turn|1\n|inactive|Battle timer is ON: inactive players will automatically lose when time's up. (requested by zeropepsi)\n|\n|t:|1781409514\n|-end|p1a: Iron Boulder|Quark Drive|[silent]\n|switch|p1a: Skeledirge|Skeledirge, L79, F|294/294\n|switch|p2a: Metagross|Metagross, L79|256/256\n|\n|upkeep\n|turn|2\n|\n|t:|1781409521\n|move|p2a: Metagross|Knock Off|p1a: Skeledirge\n|-supereffective|p1a: Skeledirge\n|-damage|p1a: Skeledirge|142/294\n|-enditem|p1a: Skeledirge|Heavy-Duty Boots|[from] move: Knock Off|[of] p2a: Metagross\n|move|p1a: Skeledirge|Will-O-Wisp|p2a: Metagross\n|-status|p2a: Metagross|brn\n|\n|-damage|p2a: Metagross|240/256 brn|[from] brn\n|upkeep\n|turn|3\n|\n|t:|1781409530\n|switch|p2a: Slaking|Slaking, L84, F|389/389\n|move|p1a: Skeledirge|Slack Off|p1a: Skeledirge\n|-heal|p1a: Skeledirge|289/294\n|\n|upkeep\n|turn|4\n|\n|t:|1781409536\n|move|p2a: Slaking|Earthquake|p1a: Skeledirge\n|-supereffective|p1a: Skeledirge\n|-damage|p1a: Skeledirge|0 fnt\n|faint|p1a: Skeledirge\n|\n|upkeep\n|\n|t:|1781409544\n|switch|p1a: Revavroom|Revavroom, L79, F|256/256\n|turn|5\n|\n|t:|1781409548\n|switch|p2a: Tauros|Tauros-Paldea-Combat, L82, M|257/257\n|-ability|p2a: Tauros|Intimidate|boost\n|-unboost|p1a: Revavroom|atk|1\n|move|p1a: Revavroom|Shift Gear|p1a: Revavroom\n|-boost|p1a: Revavroom|spe|2\n|-boost|p1a: Revavroom|atk|1\n|\n|upkeep\n|turn|6\n|\n|t:|1781409558\n|move|p1a: Revavroom|Iron Head|p2a: Tauros\n|-damage|p2a: Tauros|154/257\n|-damage|p1a: Revavroom|231/256|[from] item: Life Orb\n|move|p2a: Tauros|Earthquake|p1a: Revavroom\n|-supereffective|p1a: Revavroom\n|-damage|p1a: Revavroom|0 fnt\n|faint|p1a: Revavroom\n|\n|upkeep\n|\n|t:|1781409570\n|switch|p1a: Honchkrow|Honchkrow, L86, M|312/312\n|turn|7\n|\n|t:|1781409578\n|switch|p2a: Metagross|Metagross, L79|240/256 brn\n|move|p1a: Honchkrow|Brave Bird|p2a: Metagross\n|-resisted|p2a: Metagross\n|-damage|p2a: Metagross|175/256 brn\n|-damage|p1a: Honchkrow|291/312|[from] Recoil\n|\n|-heal|p2a: Metagross|191/256 brn|[from] item: Leftovers\n|-damage|p2a: Metagross|175/256 brn|[from] brn\n|upkeep\n|turn|8\n|\n|t:|1781409584\n|move|p1a: Honchkrow|Lash Out|p2a: Metagross\n|-supereffective|p2a: Metagross\n|-damage|p2a: Metagross|25/256 brn\n|move|p2a: Metagross|Stealth Rock|p1a: Honchkrow\n|-sidestart|p1: Mugshit|move: Stealth Rock\n|\n|-heal|p2a: Metagross|41/256 brn|[from] item: Leftovers\n|-damage|p2a: Metagross|25/256 brn|[from] brn\n|upkeep\n|turn|9\n|\n|t:|1781409587\n|move|p1a: Honchkrow|Lash Out|p2a: Metagross\n|-supereffective|p2a: Metagross\n|-damage|p2a: Metagross|0 fnt\n|faint|p2a: Metagross\n|-ability|p1a: Honchkrow|Moxie|boost\n|-boost|p1a: Honchkrow|atk|1\n|\n|upkeep\n|\n|t:|1781409602\n|switch|p2a: Hatterene|Hatterene, L85, F|236/236\n|turn|10\n|\n|t:|1781409605\n|move|p1a: Honchkrow|Brave Bird|p2a: Hatterene\n|-damage|p2a: Hatterene|5/236\n|-damage|p1a: Honchkrow|215/312|[from] Recoil\n|move|p2a: Hatterene|Draining Kiss|p1a: Honchkrow\n|-supereffective|p1a: Honchkrow\n|-damage|p1a: Honchkrow|27/312\n|-heal|p2a: Hatterene|146/236|[from] drain|[of] p1a: Honchkrow\n|\n|-heal|p2a: Hatterene|160/236|[from] item: Leftovers\n|upkeep\n|turn|11\n|\n|t:|1781409610\n|move|p1a: Honchkrow|Brave Bird|p2a: Hatterene\n|-damage|p2a: Hatterene|0 fnt\n|faint|p2a: Hatterene\n|-ability|p1a: Honchkrow|Moxie|boost\n|-boost|p1a: Honchkrow|atk|1\n|-damage|p1a: Honchkrow|0 fnt|[from] Recoil\n|faint|p1a: Honchkrow\n|\n|upkeep\n|\n|t:|1781409617\n|switch|p1a: Piloswine|Piloswine, L85, M|309/309\n|switch|p2a: Tauros|Tauros-Paldea-Combat, L82, M|154/257\n|-ability|p2a: Tauros|Intimidate|boost\n|-unboost|p1a: Piloswine|atk|1\n|-damage|p1a: Piloswine|271/309|[from] Stealth Rock\n|turn|12\n|\n|t:|1781409625\n|move|p2a: Tauros|Close Combat|p1a: Piloswine\n|-supereffective|p1a: Piloswine\n|-damage|p1a: Piloswine|0 fnt\n|-unboost|p2a: Tauros|def|1\n|-unboost|p2a: Tauros|spd|1\n|faint|p1a: Piloswine\n|\n|upkeep\n|\n|t:|1781409631\n|switch|p1a: Calyrex|Calyrex-Ice, L72|263/263\n|-ability|p1a: Calyrex|As One\n|-ability|p1a: Calyrex|Unnerve\n|turn|13\n|\n|t:|1781409637\n|move|p2a: Tauros|Close Combat|p1a: Calyrex\n|-damage|p1a: Calyrex|103/263\n|-unboost|p2a: Tauros|def|1\n|-unboost|p2a: Tauros|spd|1\n|move|p1a: Calyrex|Trick Room|p1a: Calyrex\n|-fieldstart|move: Trick Room|[of] p1a: Calyrex\n|\n|upkeep\n|turn|14\n|\n|t:|1781409655\n|switch|p2a: Slaking|Slaking, L84, F|389/389\n|move|p1a: Calyrex|Glacial Lance|p2a: Slaking\n|-damage|p2a: Slaking|257/389\n|\n|upkeep\n|turn|15\n|\n|t:|1781409664\n|switch|p2a: Tauros|Tauros-Paldea-Combat, L82, M|154/257\n|-ability|p2a: Tauros|Intimidate|boost\n|-unboost|p1a: Calyrex|atk|1\n|move|p1a: Calyrex|Close Combat|p2a: Tauros\n|-damage|p2a: Tauros|99/257\n|-unboost|p1a: Calyrex|def|1\n|-unboost|p1a: Calyrex|spd|1\n|\n|upkeep\n|turn|16\n|\n|t:|1781409669\n|switch|p2a: Slaking|Slaking, L84, F|257/389\n|move|p1a: Calyrex|Glacial Lance|p2a: Slaking\n|-damage|p2a: Slaking|161/389\n|\n|upkeep\n|turn|17\n|\n|t:|1781409676\n|switch|p2a: Tauros|Tauros-Paldea-Combat, L82, M|99/257\n|-ability|p2a: Tauros|Intimidate|boost\n|-unboost|p1a: Calyrex|atk|1\n|move|p1a: Calyrex|Close Combat|p2a: Tauros\n|-damage|p2a: Tauros|59/257\n|-unboost|p1a: Calyrex|def|1\n|-unboost|p1a: Calyrex|spd|1\n|\n|-fieldend|move: Trick Room\n|upkeep\n|turn|18\n|\n|t:|1781409680\n|move|p2a: Tauros|Close Combat|p1a: Calyrex\n|-damage|p1a: Calyrex|0 fnt\n|-unboost|p2a: Tauros|def|1\n|-unboost|p2a: Tauros|spd|1\n|faint|p1a: Calyrex\n|\n|upkeep\n|\n|t:|1781409682\n|switch|p1a: Iron Boulder|Iron Boulder, L77|265/265\n|-damage|p1a: Iron Boulder|232/265|[from] Stealth Rock\n|turn|19\n|\n|t:|1781409687\n|move|p1a: Iron Boulder|Swords Dance|p1a: Iron Boulder\n|-boost|p1a: Iron Boulder|atk|2\n|move|p2a: Tauros|Close Combat|p1a: Iron Boulder\n|-damage|p1a: Iron Boulder|9/265\n|-unboost|p2a: Tauros|def|1\n|-unboost|p2a: Tauros|spd|1\n|\n|upkeep\n|turn|20\n|\n|t:|1781409693\n|move|p1a: Iron Boulder|Mighty Cleave|p2a: Tauros\n|-resisted|p2a: Tauros\n|-damage|p2a: Tauros|0 fnt\n|faint|p2a: Tauros\n|-damage|p1a: Iron Boulder|0 fnt|[from] item: Life Orb\n|faint|p1a: Iron Boulder\n|-end|p1a: Iron Boulder|Quark Drive|[silent]\n|\n|win|zeropepsi\n", "inputlog": ">version a8376a258c1d4662feba110a92103f3664a72141\n>start {\"formatid\":\"gen9randombattle\",\"seed\":\"sodium,69d371e858a05d9d8897095672af99ea\",\"rated\":\"Rated battle\"}\n>player p1 {\"name\":\"Mugshit\",\"avatar\":\"266\",\"rating\":2083,\"seed\":\"sodium,8586755e99bee941996b3a0e88ed32c4\"}\n>player p2 {\"name\":\"zeropepsi\",\"avatar\":\"hilbert\",\"rating\":2065,\"seed\":\"sodium,2e0663deb07943707457772b9eec4310\"}\n>p1 switch 4\n>p2 switch 2\n>p1 move willowisp\n>p2 move knockoff\n>p1 move slackoff\n>p2 switch 5\n>p1 move willowisp\n>p2 move earthquake\n>p1 switch 2\n>p1 move shiftgear\n>p2 switch 2\n>p1 move ironhead\n>p2 move earthquake\n>p1 switch 5\n>p1 move bravebird\n>p2 switch 5\n>p1 move lashout\n>p2 move stealthrock\n>p1 move lashout\n>p2 move knockoff\n>p2 switch 3\n>p1 move bravebird\n>p2 move drainingkiss\n>p1 move bravebird\n>p2 move drainingkiss\n>p1 switch 6\n>p2 switch 5\n>p1 move earthquake\n>p2 move closecombat\n>p1 switch 3\n>p1 move trickroom\n>p2 move closecombat\n>p1 move glaciallance\n>p2 switch 2\n>p1 move closecombat\n>p2 switch 2\n>p1 move glaciallance\n>p2 switch 2\n>p1 move closecombat\n>p2 switch 2\n>p1 move glaciallance\n>p2 move closecombat\n>p1 switch 4\n>p1 move swordsdance\n>p2 move closecombat\n>p1 move mightycleave\n>p2 move closecombat", "uploadtime": 1781409499, "views": 5, "formatid": "gen9randombattle", "rating": null, "private": 0, "password": null}