{"id": "gen9randombattle-2631510754", "format": "[Gen 9] Random Battle", "players": ["Mikayel", "bigolron"], "log": "|j|\u2606Mikayel\n|j|\u2606bigolron\n|t:|1781394455\n|gametype|singles\n|player|p1|Mikayel|ash|1929\n|player|p2|bigolron|mars|1911\n|gen|9\n|tier|[Gen 9] Random Battle\n|rated|\n|rule|Species Clause: Limit one of each Pok\u00e9mon\n|rule|HP Percentage Mod: HP is shown in percentages\n|rule|Sleep Clause Mod: Limit one foe put to sleep\n|rule|Illusion Level Mod: Illusion disguises the Pok\u00e9mon's true level\n|\n|t:|1781394455\n|teamsize|p1|6\n|teamsize|p2|6\n|start\n|switch|p1a: Poliwrath|Poliwrath, L88, F|302/302\n|switch|p2a: Grimmsnarl|Grimmsnarl, L83, M|293/293\n|turn|1\n|inactive|Battle timer is ON: inactive players will automatically lose when time's up. (requested by Mikayel)\n|\n|t:|1781394469\n|switch|p1a: Galvantula|Galvantula, L82, F|249/249\n|move|p2a: Grimmsnarl|Spirit Break|p1a: Galvantula\n|-damage|p1a: Galvantula|119/249\n|-unboost|p1a: Galvantula|spa|1\n|\n|upkeep\n|turn|2\n|\n|t:|1781394473\n|move|p2a: Grimmsnarl|Taunt|p1a: Galvantula\n|-start|p1a: Galvantula|move: Taunt\n|cant|p1a: Galvantula|move: Taunt|Sticky Web\n|\n|upkeep\n|turn|3\n|\n|t:|1781394482\n|switch|p1a: Komala|Komala, L88, M|258/258\n|-ability|p1a: Komala|Comatose\n|move|p2a: Grimmsnarl|Sucker Punch||[still]\n|-fail|p2a: Grimmsnarl\n|\n|upkeep\n|turn|4\n|\n|t:|1781394487\n|switch|p2a: Cloyster|Cloyster, L80, M|211/211\n|move|p1a: Komala|Body Slam|p2a: Cloyster\n|-damage|p2a: Cloyster|144/211\n|\n|upkeep\n|turn|5\n|\n|t:|1781394497\n|move|p1a: Komala|Body Slam|p2a: Cloyster\n|-damage|p2a: Cloyster|75/211\n|move|p2a: Cloyster|Shell Smash|p2a: Cloyster\n|-unboost|p2a: Cloyster|def|1\n|-unboost|p2a: Cloyster|spd|1\n|-boost|p2a: Cloyster|atk|2\n|-boost|p2a: Cloyster|spa|2\n|-boost|p2a: Cloyster|spe|2\n|-enditem|p2a: Cloyster|White Herb\n|-clearnegativeboost|p2a: Cloyster|[silent]\n|\n|upkeep\n|turn|6\n|\n|t:|1781394501\n|move|p2a: Cloyster|Icicle Spear|p1a: Komala\n|-damage|p1a: Komala|201/258\n|-crit|p1a: Komala\n|-damage|p1a: Komala|113/258\n|-damage|p1a: Komala|61/258\n|-damage|p1a: Komala|9/258\n|-damage|p1a: Komala|0 fnt\n|faint|p1a: Komala\n|-hitcount|p1: Komala|5\n|\n|upkeep\n|\n|t:|1781394503\n|switch|p1a: Poliwrath|Poliwrath, L88, F|302/302\n|turn|7\n|\n|t:|1781394512\n|move|p2a: Cloyster|Icicle Spear|p1a: Poliwrath\n|-resisted|p1a: Poliwrath\n|-crit|p1a: Poliwrath\n|-damage|p1a: Poliwrath|269/302\n|-resisted|p1a: Poliwrath\n|-damage|p1a: Poliwrath|248/302\n|-resisted|p1a: Poliwrath\n|-damage|p1a: Poliwrath|226/302\n|-resisted|p1a: Poliwrath\n|-damage|p1a: Poliwrath|205/302\n|-resisted|p1a: Poliwrath\n|-damage|p1a: Poliwrath|184/302\n|-hitcount|p1a: Poliwrath|5\n|move|p1a: Poliwrath|Rain Dance|p1a: Poliwrath\n|-weather|RainDance\n|\n|-weather|RainDance|[upkeep]\n|upkeep\n|turn|8\n|\n|t:|1781394517\n|move|p1a: Poliwrath|Close Combat|p2a: Cloyster\n|-supereffective|p2a: Cloyster\n|-damage|p2a: Cloyster|0 fnt\n|-unboost|p1a: Poliwrath|def|1\n|-unboost|p1a: Poliwrath|spd|1\n|faint|p2a: Cloyster\n|-damage|p1a: Poliwrath|154/302|[from] item: Life Orb\n|\n|-weather|RainDance|[upkeep]\n|upkeep\n|\n|t:|1781394528\n|switch|p2a: Grimmsnarl|Grimmsnarl, L83, M|293/293\n|turn|9\n|\n|t:|1781394531\n|-terastallize|p1a: Poliwrath|Dark\n|move|p1a: Poliwrath|Liquidation|p2a: Grimmsnarl\n|-damage|p2a: Grimmsnarl|73/293\n|-damage|p1a: Poliwrath|124/302|[from] item: Life Orb\n|move|p2a: Grimmsnarl|Spirit Break|p1a: Poliwrath\n|-supereffective|p1a: Poliwrath\n|-damage|p1a: Poliwrath|0 fnt\n|faint|p1a: Poliwrath\n|\n|-weather|RainDance|[upkeep]\n|-heal|p2a: Grimmsnarl|91/293|[from] item: Leftovers\n|upkeep\n|c|\u2606bigolron|ok\n|\n|t:|1781394553\n|switch|p1a: Slither Wing|Slither Wing, L81|270/270\n|turn|10\n|\n|t:|1781394561\n|switch|p2a: Charizard|Charizard, L85, M|271/271\n|move|p1a: Slither Wing|U-turn|p2a: Charizard\n|-resisted|p2a: Charizard\n|-damage|p2a: Charizard|248/271\n|\n|t:|1781394567\n|-end|p1a: Slither Wing|Protosynthesis|[silent]\n|switch|p1a: Cloyster|Cloyster, L80, M|211/211|[from] U-turn\n|\n|-weather|RainDance|[upkeep]\n|upkeep\n|turn|11\n|\n|t:|1781394574\n|switch|p2a: Grimmsnarl|Grimmsnarl, L83, M|91/293\n|move|p1a: Cloyster|Shell Smash|p1a: Cloyster\n|-unboost|p1a: Cloyster|def|1\n|-unboost|p1a: Cloyster|spd|1\n|-boost|p1a: Cloyster|atk|2\n|-boost|p1a: Cloyster|spa|2\n|-boost|p1a: Cloyster|spe|2\n|-enditem|p1a: Cloyster|White Herb\n|-clearnegativeboost|p1a: Cloyster|[silent]\n|\n|-weather|none\n|-heal|p2a: Grimmsnarl|109/293|[from] item: Leftovers\n|upkeep\n|turn|12\n|\n|t:|1781394578\n|move|p2a: Grimmsnarl|Thunder Wave|p1a: Cloyster\n|-status|p1a: Cloyster|par\n|cant|p1a: Cloyster|par\n|\n|-heal|p2a: Grimmsnarl|127/293|[from] item: Leftovers\n|upkeep\n|turn|13\n|\n|t:|1781394581\n|move|p2a: Grimmsnarl|Taunt|p1a: Cloyster\n|-start|p1a: Cloyster|move: Taunt\n|move|p1a: Cloyster|Icicle Spear|p2a: Grimmsnarl\n|-damage|p2a: Grimmsnarl|69/293\n|-damage|p2a: Grimmsnarl|8/293\n|-damage|p2a: Grimmsnarl|0 fnt\n|faint|p2a: Grimmsnarl\n|-hitcount|p2: Grimmsnarl|3\n|\n|upkeep\n|\n|t:|1781394584\n|switch|p2a: Magmortar|Magmortar, L88, M|275/275\n|turn|14\n|\n|t:|1781394589\n|move|p2a: Magmortar|Fire Blast|p1a: Cloyster\n|-damage|p1a: Cloyster|0 fnt\n|faint|p1a: Cloyster\n|\n|upkeep\n|\n|t:|1781394610\n|switch|p1a: Galvantula|Galvantula, L82, F|119/249\n|turn|15\n|\n|t:|1781394617\n|move|p1a: Galvantula|Volt Switch|p2a: Magmortar\n|-damage|p2a: Magmortar|215/275\n|\n|t:|1781394620\n|switch|p1a: Slither Wing|Slither Wing, L81|270/270|[from] Volt Switch\n|move|p2a: Magmortar|Fire Blast|p1a: Slither Wing|[miss]\n|-miss|p2a: Magmortar|p1a: Slither Wing\n|\n|upkeep\n|turn|16\n|\n|t:|1781394627\n|move|p2a: Magmortar|Fire Blast|p1a: Slither Wing\n|-supereffective|p1a: Slither Wing\n|-damage|p1a: Slither Wing|0 fnt\n|faint|p1a: Slither Wing\n|-end|p1a: Slither Wing|Protosynthesis|[silent]\n|\n|upkeep\n|\n|t:|1781394629\n|switch|p1a: Armarouge|Armarouge, L80, F|267/267\n|turn|17\n|\n|t:|1781394636\n|move|p2a: Magmortar|Thunderbolt|p1a: Armarouge\n|-damage|p1a: Armarouge|166/267\n|move|p1a: Armarouge|Meteor Beam||[still]\n|-prepare|p1a: Armarouge|Meteor Beam\n|-boost|p1a: Armarouge|spa|1\n|-enditem|p1a: Armarouge|Power Herb\n|-anim|p1a: Armarouge|Meteor Beam|p2a: Magmortar\n|-supereffective|p2a: Magmortar\n|-damage|p2a: Magmortar|0 fnt\n|faint|p2a: Magmortar\n|\n|upkeep\n|\n|t:|1781394643\n|switch|p2a: Charizard|Charizard, L85, M|248/271\n|turn|18\n|\n|t:|1781394646\n|move|p2a: Charizard|Swords Dance|p2a: Charizard\n|-boost|p2a: Charizard|atk|2\n|move|p1a: Armarouge|Psyshock|p2a: Charizard\n|-damage|p2a: Charizard|88/271\n|\n|upkeep\n|turn|19\n|\n|t:|1781394648\n|move|p2a: Charizard|Earthquake|p1a: Armarouge\n|-supereffective|p1a: Armarouge\n|-damage|p1a: Armarouge|0 fnt\n|faint|p1a: Armarouge\n|\n|upkeep\n|\n|t:|1781394650\n|switch|p1a: Galvantula|Galvantula, L82, F|119/249\n|turn|20\n|\n|t:|1781394659\n|-terastallize|p2a: Charizard|Ground\n|move|p1a: Galvantula|Thunder|p2a: Charizard\n|-immune|p2a: Charizard\n|move|p2a: Charizard|Earthquake|p1a: Galvantula\n|-damage|p1a: Galvantula|0 fnt\n|faint|p1a: Galvantula\n|\n|win|bigolron\n", "inputlog": ">version a8376a258c1d4662feba110a92103f3664a72141\n>start {\"formatid\":\"gen9randombattle\",\"seed\":\"sodium,4a982b4cb24794b33858c555e833d8a6\",\"rated\":\"Rated battle\"}\n>player p1 {\"name\":\"Mikayel\",\"avatar\":\"ash\",\"rating\":1929,\"seed\":\"sodium,5c293080d2ac3ab317ce69300c84ccdf\"}\n>player p2 {\"name\":\"bigolron\",\"avatar\":\"mars\",\"rating\":1911,\"seed\":\"sodium,3880b8eeceffc6ca6d3626911f6c0ab2\"}\n>p1 switch 2\n>p2 move spiritbreak\n>p1 move stickyweb\n>p2 move taunt\n>p1 switch 3\n>p2 move suckerpunch\n>p1 move bodyslam\n>p2 switch 6\n>p1 move bodyslam\n>p2 move shellsmash\n>p1 move bodyslam\n>p2 move iciclespear\n>p1 switch 2\n>p1 move raindance\n>p2 move iciclespear\n>p1 move closecombat\n>p2 move hydropump\n>p2 switch 6\n>p1 move liquidation terastallize\n>p2 move spiritbreak\n>chat \u2606bigolron|ok\n>p1 switch 5\n>p1 move uturn\n>p2 switch 3\n>p1 switch 4\n>p1 move shellsmash\n>p2 switch 3\n>p1 move iciclespear\n>p2 move thunderwave\n>p1 move iciclespear\n>p2 move taunt\n>p2 switch 4\n>p1 move rockblast\n>p2 move fireblast\n>p1 switch 3\n>p1 move voltswitch\n>p2 move fireblast\n>p1 switch 4\n>p1 move closecombat\n>p2 move fireblast\n>p1 switch 6\n>p1 move meteorbeam\n>p2 move thunderbolt\n>p2 switch 3\n>p1 move psyshock\n>p2 move swordsdance\n>p1 move psyshock\n>p2 move earthquake\n>p1 switch 4\n>p1 move thunder\n>p2 move earthquake terastallize", "uploadtime": 1781394456, "views": 4, "formatid": "gen9randombattle", "rating": null, "private": 0, "password": null}