{"id": "gen9randombattle-2631513969", "format": "[Gen 9] Random Battle", "players": ["DaMoistAvocado", "Spectrumy"], "log": "|j|\u2606DaMoistAvocado\n|j|\u2606Spectrumy\n|t:|1781394908\n|gametype|singles\n|player|p1|DaMoistAvocado|steven|1905\n|player|p2|Spectrumy|1|1975\n|gen|9\n|tier|[Gen 9] Random Battle\n|rated|\n|rule|Species Clause: Limit one of each Pok\u00e9mon\n|rule|HP Percentage Mod: HP is shown in percentages\n|rule|Sleep Clause Mod: Limit one foe put to sleep\n|rule|Illusion Level Mod: Illusion disguises the Pok\u00e9mon's true level\n|\n|t:|1781394908\n|teamsize|p1|6\n|teamsize|p2|6\n|start\n|switch|p1a: Minior|Minior-Blue, L79|224/224\n|switch|p2a: Hariyama|Hariyama, L87, M|392/392\n|-formechange|p1a: Minior|Minior-Meteor||[from] ability: Shields Down\n|turn|1\n|\n|t:|1781394924\n|switch|p2a: Dondozo|Dondozo, L78, M|362/362\n|move|p1a: Minior|Shell Smash|p1a: Minior\n|-unboost|p1a: Minior|def|1\n|-unboost|p1a: Minior|spd|1\n|-boost|p1a: Minior|atk|2\n|-boost|p1a: Minior|spa|2\n|-boost|p1a: Minior|spe|2\n|-enditem|p1a: Minior|White Herb\n|-clearnegativeboost|p1a: Minior|[silent]\n|\n|upkeep\n|turn|2\n|\n|t:|1781394935\n|move|p1a: Minior|Power Gem|p2a: Dondozo\n|-crit|p2a: Dondozo\n|-damage|p2a: Dondozo|260/362\n|move|p2a: Dondozo|Curse|p2a: Dondozo\n|-unboost|p2a: Dondozo|spe|1\n|-boost|p2a: Dondozo|atk|1\n|-boost|p2a: Dondozo|def|1\n|\n|-heal|p2a: Dondozo|282/362|[from] item: Leftovers\n|upkeep\n|turn|3\n|\n|t:|1781394940\n|switch|p1a: Regieleki|Regieleki, L79|256/256\n|move|p2a: Dondozo|Curse|p2a: Dondozo\n|-unboost|p2a: Dondozo|spe|1\n|-boost|p2a: Dondozo|atk|1\n|-boost|p2a: Dondozo|def|1\n|\n|-heal|p2a: Dondozo|304/362|[from] item: Leftovers\n|upkeep\n|turn|4\n|\n|t:|1781394953\n|-terastallize|p2a: Dondozo|Dragon\n|move|p1a: Regieleki|Volt Switch|p2a: Dondozo\n|-resisted|p2a: Dondozo\n|-damage|p2a: Dondozo|228/362\n|\n|t:|1781394963\n|switch|p1a: Darkrai|Darkrai, L77|234/234|[from] Volt Switch\n|move|p2a: Dondozo|Wave Crash|p1a: Darkrai\n|-damage|p1a: Darkrai|9/234\n|-damage|p2a: Dondozo|154/362|[from] Recoil\n|\n|-heal|p1a: Darkrai|23/234|[from] item: Leftovers\n|-heal|p2a: Dondozo|176/362|[from] item: Leftovers\n|upkeep\n|turn|5\n|\n|t:|1781394996\n|switch|p2a: Seviper|Seviper, L93, F|287/287\n|move|p1a: Darkrai|Dark Pulse|p2a: Seviper\n|-crit|p2a: Seviper\n|-damage|p2a: Seviper|116/287\n|\n|-heal|p1a: Darkrai|37/234|[from] item: Leftovers\n|-heal|p2a: Seviper|133/287|[from] item: Leftovers\n|upkeep\n|turn|6\n|\n|t:|1781395001\n|move|p1a: Darkrai|Dark Pulse|p2a: Seviper\n|-damage|p2a: Seviper|19/287\n|cant|p2a: Seviper|flinch\n|\n|-heal|p1a: Darkrai|51/234|[from] item: Leftovers\n|-heal|p2a: Seviper|36/287|[from] item: Leftovers\n|upkeep\n|turn|7\n|\n|t:|1781395007\n|move|p1a: Darkrai|Dark Pulse|p2a: Seviper\n|-damage|p2a: Seviper|0 fnt\n|faint|p2a: Seviper\n|\n|-heal|p1a: Darkrai|65/234|[from] item: Leftovers\n|upkeep\n|\n|t:|1781395015\n|switch|p2a: Dudunsparce|Dudunsparce-Three-Segment, L83, F|343/343\n|turn|8\n|\n|t:|1781395028\n|move|p1a: Darkrai|Dark Pulse|p2a: Dudunsparce\n|-damage|p2a: Dudunsparce|234/343\n|-ability|p2a: Dudunsparce|Rattled|boost\n|-boost|p2a: Dudunsparce|spe|1\n|move|p2a: Dudunsparce|Boomburst|p1a: Darkrai\n|-damage|p1a: Darkrai|0 fnt\n|faint|p1a: Darkrai\n|\n|-heal|p2a: Dudunsparce|255/343|[from] item: Leftovers\n|upkeep\n|\n|t:|1781395038\n|switch|p1a: Pikachu|Pikachu-Sinnoh, L93, M|216/216\n|turn|9\n|\n|t:|1781395045\n|move|p1a: Pikachu|Volt Switch|p2a: Dudunsparce\n|-damage|p2a: Dudunsparce|114/343\n|\n|t:|1781395048\n|switch|p1a: Minior|Minior-Blue, L79|224/224|[from] Volt Switch\n|-formechange|p1a: Minior|Minior-Meteor||[from] ability: Shields Down\n|move|p2a: Dudunsparce|Earthquake|p1a: Minior\n|-immune|p1a: Minior\n|\n|-heal|p2a: Dudunsparce|135/343|[from] item: Leftovers\n|upkeep\n|turn|10\n|\n|t:|1781395058\n|move|p2a: Dudunsparce|Roost|p2a: Dudunsparce\n|-heal|p2a: Dudunsparce|307/343\n|-singleturn|p2a: Dudunsparce|move: Roost\n|move|p1a: Minior|Shell Smash|p1a: Minior\n|-unboost|p1a: Minior|def|1\n|-unboost|p1a: Minior|spd|1\n|-boost|p1a: Minior|atk|2\n|-boost|p1a: Minior|spa|2\n|-boost|p1a: Minior|spe|2\n|\n|-heal|p2a: Dudunsparce|328/343|[from] item: Leftovers\n|upkeep\n|turn|11\n|\n|t:|1781395070\n|move|p1a: Minior|Acrobatics|p2a: Dudunsparce\n|-damage|p2a: Dudunsparce|160/343\n|move|p2a: Dudunsparce|Roost|p2a: Dudunsparce\n|-heal|p2a: Dudunsparce|332/343\n|-singleturn|p2a: Dudunsparce|move: Roost\n|\n|-heal|p2a: Dudunsparce|343/343|[from] item: Leftovers\n|upkeep\n|turn|12\n|\n|t:|1781395083\n|move|p1a: Minior|Acrobatics|p2a: Dudunsparce\n|-damage|p2a: Dudunsparce|172/343\n|move|p2a: Dudunsparce|Boomburst|p1a: Minior\n|-resisted|p1a: Minior\n|-damage|p1a: Minior|128/224\n|\n|-heal|p2a: Dudunsparce|193/343|[from] item: Leftovers\n|upkeep\n|turn|13\n|\n|t:|1781395092\n|move|p1a: Minior|Power Gem|p2a: Dudunsparce\n|-damage|p2a: Dudunsparce|64/343\n|move|p2a: Dudunsparce|Roost|p2a: Dudunsparce\n|-heal|p2a: Dudunsparce|236/343\n|-singleturn|p2a: Dudunsparce|move: Roost\n|\n|-heal|p2a: Dudunsparce|257/343|[from] item: Leftovers\n|upkeep\n|turn|14\n|\n|t:|1781395105\n|move|p1a: Minior|Acrobatics|p2a: Dudunsparce\n|-damage|p2a: Dudunsparce|91/343\n|move|p2a: Dudunsparce|Boomburst|p1a: Minior\n|-resisted|p1a: Minior\n|-damage|p1a: Minior|30/224\n|\n|-heal|p2a: Dudunsparce|112/343|[from] item: Leftovers\n|-formechange|p1a: Minior|Minior-Blue||[from] ability: Shields Down\n|upkeep\n|turn|15\n|\n|t:|1781395116\n|move|p1a: Minior|Acrobatics|p2a: Dudunsparce\n|-damage|p2a: Dudunsparce|0 fnt\n|faint|p2a: Dudunsparce\n|\n|upkeep\n|\n|t:|1781395120\n|switch|p2a: Dondozo|Dondozo, L78, M, tera:Dragon|176/362\n|turn|16\n|\n|t:|1781395129\n|move|p1a: Minior|Power Gem|p2a: Dondozo\n|-damage|p2a: Dondozo|80/362\n|move|p2a: Dondozo|Rest|p2a: Dondozo\n|-status|p2a: Dondozo|slp|[from] move: Rest\n|-heal|p2a: Dondozo|362/362 slp|[silent]\n|\n|upkeep\n|turn|17\n|\n|t:|1781395136\n|move|p1a: Minior|Acrobatics|p2a: Dondozo\n|-damage|p2a: Dondozo|263/362 slp\n|cant|p2a: Dondozo|slp\n|move|p2a: Dondozo|Sleep Talk|p2a: Dondozo\n|move|p2a: Dondozo|Rest||[from] move: Sleep Talk|[still]\n|-fail|p2a: Dondozo\n|\n|-heal|p2a: Dondozo|285/362 slp|[from] item: Leftovers\n|upkeep\n|turn|18\n|\n|t:|1781395148\n|switch|p1a: Indeedee|Indeedee, L84, M|238/238\n|-fieldstart|move: Psychic Terrain|[from] ability: Psychic Surge|[of] p1a: Indeedee\n|cant|p2a: Dondozo|slp\n|move|p2a: Dondozo|Sleep Talk|p2a: Dondozo\n|move|p2a: Dondozo|Curse|p2a: Dondozo|[from] move: Sleep Talk\n|-unboost|p2a: Dondozo|spe|1\n|-boost|p2a: Dondozo|atk|1\n|-boost|p2a: Dondozo|def|1\n|\n|-heal|p2a: Dondozo|307/362 slp|[from] item: Leftovers\n|upkeep\n|turn|19\n|\n|t:|1781395169\n|switch|p2a: Zarude|Zarude, L77|288/288\n|move|p1a: Indeedee|Expanding Force|p2a: Zarude\n|-immune|p2a: Zarude\n|\n|upkeep\n|turn|20\n|\n|t:|1781395179\n|switch|p1a: Minior|Minior-Blue, L79|30/224\n|move|p2a: Zarude|Knock Off|p1a: Minior\n|-crit|p1a: Minior\n|-damage|p1a: Minior|0 fnt\n|faint|p1a: Minior\n|-damage|p2a: Zarude|260/288|[from] item: Life Orb\n|\n|upkeep\n|\n|t:|1781395182\n|switch|p1a: Volcarona|Volcarona, L77, F|257/257\n|turn|21\n|\n|t:|1781395200\n|switch|p2a: Dondozo|Dondozo, L78, M, tera:Dragon|307/362 slp\n|move|p1a: Volcarona|Quiver Dance|p1a: Volcarona\n|-boost|p1a: Volcarona|spa|1\n|-boost|p1a: Volcarona|spd|1\n|-boost|p1a: Volcarona|spe|1\n|\n|-heal|p2a: Dondozo|329/362 slp|[from] item: Leftovers\n|upkeep\n|turn|22\n|\n|t:|1781395209\n|move|p1a: Volcarona|Bug Buzz|p2a: Dondozo\n|-damage|p2a: Dondozo|196/362 slp\n|-curestatus|p2a: Dondozo|slp|[msg]\n|move|p2a: Dondozo|Wave Crash|p1a: Volcarona\n|-supereffective|p1a: Volcarona\n|-damage|p1a: Volcarona|0 fnt\n|faint|p1a: Volcarona\n|-damage|p2a: Dondozo|111/362|[from] Recoil\n|\n|-heal|p2a: Dondozo|133/362|[from] item: Leftovers\n|-fieldend|move: Psychic Terrain\n|upkeep\n|\n|t:|1781395223\n|switch|p1a: Indeedee|Indeedee, L84, M|238/238\n|-fieldstart|move: Psychic Terrain|[from] ability: Psychic Surge|[of] p1a: Indeedee\n|turn|23\n|\n|t:|1781395236\n|switch|p2a: Passimian|Passimian, L83, M|302/302\n|move|p1a: Indeedee|Dazzling Gleam|p2a: Passimian\n|-supereffective|p2a: Passimian\n|-damage|p2a: Passimian|76/302\n|-damage|p1a: Indeedee|215/238|[from] item: Life Orb\n|\n|upkeep\n|turn|24\n|\n|t:|1781395241\n|move|p1a: Indeedee|Dazzling Gleam|p2a: Passimian\n|-supereffective|p2a: Passimian\n|-damage|p2a: Passimian|0 fnt\n|faint|p2a: Passimian\n|-damage|p1a: Indeedee|192/238|[from] item: Life Orb\n|\n|upkeep\n|\n|t:|1781395246\n|switch|p2a: Hariyama|Hariyama, L87, M|392/392\n|turn|25\n|\n|t:|1781395250\n|move|p1a: Indeedee|Expanding Force|p2a: Hariyama\n|-supereffective|p2a: Hariyama\n|-damage|p2a: Hariyama|10/392\n|-damage|p1a: Indeedee|169/238|[from] item: Life Orb\n|move|p2a: Hariyama|Knock Off|p1a: Indeedee\n|-supereffective|p1a: Indeedee\n|-damage|p1a: Indeedee|0 fnt\n|-enditem|p1a: Indeedee|Life Orb|[from] move: Knock Off|[of] p2a: Hariyama\n|faint|p1a: Indeedee\n|\n|upkeep\n|\n|t:|1781395258\n|switch|p1a: Pikachu|Pikachu-Sinnoh, L93, M|216/216\n|turn|26\n|\n|t:|1781395267\n|move|p1a: Pikachu|Volt Switch|p2a: Hariyama\n|-damage|p2a: Hariyama|0 fnt\n|faint|p2a: Hariyama\n|\n|t:|1781395269\n|switch|p1a: Regieleki|Regieleki, L79|256/256|[from] Volt Switch\n|\n|upkeep\n|\n|t:|1781395273\n|switch|p2a: Dondozo|Dondozo, L78, M, tera:Dragon|133/362\n|turn|27\n|\n|t:|1781395276\n|move|p1a: Regieleki|Volt Switch|p2a: Dondozo\n|-resisted|p2a: Dondozo\n|-damage|p2a: Dondozo|61/362\n|\n|t:|1781395278\n|switch|p1a: Pikachu|Pikachu-Sinnoh, L93, M|216/216|[from] Volt Switch\n|move|p2a: Dondozo|Rest|p2a: Dondozo\n|-status|p2a: Dondozo|slp|[from] move: Rest\n|-heal|p2a: Dondozo|362/362 slp|[silent]\n|\n|-fieldend|move: Psychic Terrain\n|upkeep\n|turn|28\n|\n|t:|1781395285\n|move|p1a: Pikachu|Play Rough|p2a: Dondozo\n|-supereffective|p2a: Dondozo\n|-damage|p2a: Dondozo|176/362 slp\n|cant|p2a: Dondozo|slp\n|move|p2a: Dondozo|Sleep Talk|p2a: Dondozo\n|move|p2a: Dondozo|Rest||[from] move: Sleep Talk|[still]\n|-fail|p2a: Dondozo\n|\n|-heal|p2a: Dondozo|198/362 slp|[from] item: Leftovers\n|upkeep\n|turn|29\n|\n|t:|1781395298\n|move|p1a: Pikachu|Play Rough|p2a: Dondozo\n|-supereffective|p2a: Dondozo\n|-damage|p2a: Dondozo|10/362 slp\n|cant|p2a: Dondozo|slp\n|move|p2a: Dondozo|Sleep Talk|p2a: Dondozo\n|move|p2a: Dondozo|Wave Crash|p1a: Pikachu|[from] move: Sleep Talk\n|-damage|p1a: Pikachu|53/216\n|-damage|p2a: Dondozo|0 fnt|[from] Recoil\n|faint|p2a: Dondozo\n|\n|upkeep\n|\n|t:|1781395310\n|switch|p2a: Zarude|Zarude, L77|260/288\n|turn|30\n|inactive|Battle timer is ON: inactive players will automatically lose when time's up. (requested by DaMoistAvocado)\n|\n|t:|1781395326\n|move|p1a: Pikachu|Volt Switch|p2a: Zarude\n|-resisted|p2a: Zarude\n|-damage|p2a: Zarude|197/288\n|\n|t:|1781395329\n|switch|p1a: Regieleki|Regieleki, L79|256/256|[from] Volt Switch\n|move|p2a: Zarude|Power Whip|p1a: Regieleki\n|-damage|p1a: Regieleki|5/256\n|-damage|p2a: Zarude|169/288|[from] item: Life Orb\n|\n|upkeep\n|turn|31\n|\n|t:|1781395335\n|move|p1a: Regieleki|Explosion|p2a: Zarude\n|-damage|p2a: Zarude|11/288\n|faint|p1a: Regieleki\n|move|p2a: Zarude|Knock Off|p1: Regieleki|[notarget]\n|-fail|p2a: Zarude\n|\n|upkeep\n|\n|t:|1781395340\n|switch|p1a: Pikachu|Pikachu-Sinnoh, L93, M|53/216\n|turn|32\n|\n|t:|1781395347\n|-terastallize|p1a: Pikachu|Water\n|move|p1a: Pikachu|Volt Tackle|p2a: Zarude\n|-resisted|p2a: Zarude\n|-damage|p2a: Zarude|0 fnt\n|faint|p2a: Zarude\n|-damage|p1a: Pikachu|49/216|[from] Recoil\n|\n|win|DaMoistAvocado\n", "inputlog": ">version a8376a258c1d4662feba110a92103f3664a72141\n>start {\"formatid\":\"gen9randombattle\",\"seed\":\"sodium,41b9c81bc1af353a28cccd371fa6b0b8\",\"rated\":\"Rated battle\"}\n>player p1 {\"name\":\"DaMoistAvocado\",\"avatar\":\"steven\",\"rating\":1905,\"seed\":\"sodium,9f46c45f837195476db639678b8887cc\"}\n>player p2 {\"name\":\"Spectrumy\",\"avatar\":\"1\",\"rating\":1975,\"seed\":\"sodium,645c38d0a7b8cc20cc6dc224d8742eaa\"}\n>p1 move shellsmash\n>p2 switch 3\n>p1 move powergem\n>p2 move curse\n>p1 switch 3\n>p2 move curse\n>p1 move voltswitch\n>p2 move wavecrash terastallize\n>p1 switch 5\n>p1 move darkpulse\n>p2 switch 6\n>p1 move darkpulse\n>p2 move trailblaze\n>p1 move darkpulse\n>p2 move trailblaze\n>p2 switch 2\n>p1 move darkpulse\n>p2 move boomburst\n>p1 switch 2\n>p1 move voltswitch\n>p2 move earthquake\n>p1 switch 3\n>p1 move shellsmash\n>p2 move roost\n>p1 move acrobatics\n>p2 move roost\n>p1 move acrobatics\n>p2 move boomburst\n>p1 move powergem\n>p2 move roost\n>p1 move acrobatics\n>p2 move boomburst\n>p1 move acrobatics\n>p2 move roost\n>p2 switch 6\n>p1 move powergem\n>p2 move rest\n>p1 move acrobatics\n>p2 move sleeptalk\n>p1 switch 4\n>p2 move sleeptalk\n>p1 move expandingforce\n>p2 switch 4\n>p1 switch 4\n>p2 move knockoff\n>p1 switch 6\n>p1 move quiverdance\n>p2 switch 4\n>p1 move bugbuzz\n>p2 move wavecrash\n>p1 switch 4\n>p1 move dazzlinggleam\n>p2 switch 5\n>p1 move dazzlinggleam\n>p2 move knockoff\n>p2 switch 3\n>p1 move expandingforce\n>p2 move knockoff\n>p1 switch 3\n>p1 move voltswitch\n>p2 move knockoff\n>p1 switch 5\n>p2 switch 5\n>p1 move voltswitch\n>p2 move rest\n>p1 switch 5\n>p1 move playrough\n>p2 move sleeptalk\n>p1 move playrough\n>p2 move sleeptalk\n>p2 switch 4\n>p1 move voltswitch\n>p2 move powerwhip\n>p1 switch 5\n>p1 move explosion\n>p2 move knockoff\n>p1 switch 5\n>p1 move volttackle terastallize\n>p2 move powerwhip", "uploadtime": 1781394910, "views": 6, "formatid": "gen9randombattle", "rating": null, "private": 0, "password": null}