{"id": "gen9randombattle-2631710705", "format": "[Gen 9] Random Battle", "players": ["Jxyjia", "mastasefkillah"], "log": "|j|\u2606Jxyjia\n|j|\u2606mastasefkillah\n|t:|1781426406\n|gametype|singles\n|player|p1|Jxyjia|1|1951\n|player|p2|mastasefkillah|alder|1918\n|gen|9\n|tier|[Gen 9] Random Battle\n|rated|\n|rule|Species Clause: Limit one of each Pok\u00e9mon\n|rule|HP Percentage Mod: HP is shown in percentages\n|rule|Sleep Clause Mod: Limit one foe put to sleep\n|rule|Illusion Level Mod: Illusion disguises the Pok\u00e9mon's true level\n|\n|t:|1781426406\n|teamsize|p1|6\n|teamsize|p2|6\n|start\n|switch|p1a: Terapagos|Terapagos, L77, M|265/265\n|switch|p2a: Ariados|Ariados, L95, M|287/287\n|-activate|p1a: Terapagos|ability: Tera Shift\n|detailschange|p1a: Terapagos|Terapagos-Terastal, L77, M\n|-heal|p1a: Terapagos|273/273|[silent]\n|turn|1\n|inactive|Battle timer is ON: inactive players will automatically lose when time's up. (requested by Jxyjia)\n|\n|t:|1781426426\n|move|p1a: Terapagos|Calm Mind|p1a: Terapagos\n|-boost|p1a: Terapagos|spa|1\n|-boost|p1a: Terapagos|spd|1\n|move|p2a: Ariados|Poison Jab|p1a: Terapagos\n|-activate|p1a: Terapagos|ability: Tera Shell\n|-resisted|p1a: Terapagos\n|-damage|p1a: Terapagos|227/273\n|-status|p1a: Terapagos|psn\n|\n|-damage|p1a: Terapagos|193/273 psn|[from] psn\n|upkeep\n|turn|2\n|\n|t:|1781426436\n|move|p1a: Terapagos|Tera Starstorm|p2a: Ariados\n|-damage|p2a: Ariados|95/287\n|move|p2a: Ariados|Sticky Web|p1a: Terapagos\n|-sidestart|p1: Jxyjia|move: Sticky Web\n|\n|-damage|p1a: Terapagos|159/273 psn|[from] psn\n|upkeep\n|turn|3\n|\n|t:|1781426443\n|switch|p2a: Flutter Mane|Flutter Mane, L74|203/203\n|move|p1a: Terapagos|Rapid Spin|p2a: Flutter Mane\n|-immune|p2a: Flutter Mane\n|\n|-damage|p1a: Terapagos|125/273 psn|[from] psn\n|upkeep\n|turn|4\n|\n|t:|1781426458\n|switch|p1a: Pyroar|Pyroar, L88, F|295/295\n|-ability|p1a: Pyroar|Unnerve\n|move|p2a: Flutter Mane|Calm Mind|p2a: Flutter Mane\n|-boost|p2a: Flutter Mane|spa|1\n|-boost|p2a: Flutter Mane|spd|1\n|\n|upkeep\n|turn|5\n|\n|t:|1781426471\n|move|p2a: Flutter Mane|Calm Mind|p2a: Flutter Mane\n|-boost|p2a: Flutter Mane|spa|1\n|-boost|p2a: Flutter Mane|spd|1\n|move|p1a: Pyroar|Fire Blast|p2a: Flutter Mane\n|-damage|p2a: Flutter Mane|146/203\n|\n|upkeep\n|turn|6\n|\n|t:|1781426479\n|move|p2a: Flutter Mane|Mystical Fire|p1a: Pyroar\n|-resisted|p1a: Pyroar\n|-damage|p1a: Pyroar|209/295\n|-unboost|p1a: Pyroar|spa|1\n|-damage|p2a: Flutter Mane|126/203|[from] item: Life Orb\n|move|p1a: Pyroar|Fire Blast|p2a: Flutter Mane\n|-damage|p2a: Flutter Mane|89/203\n|\n|upkeep\n|turn|7\n|\n|t:|1781426489\n|move|p2a: Flutter Mane|Moonblast|p1a: Pyroar\n|-resisted|p1a: Pyroar\n|-crit|p1a: Pyroar\n|-damage|p1a: Pyroar|0 fnt\n|faint|p1a: Pyroar\n|-damage|p2a: Flutter Mane|69/203|[from] item: Life Orb\n|\n|upkeep\n|\n|t:|1781426494\n|switch|p1a: Lycanroc|Lycanroc-Dusk, L81, F|254/254\n|-activate|p1a: Lycanroc|move: Sticky Web\n|-unboost|p1a: Lycanroc|spe|1\n|turn|8\n|\n|t:|1781426509\n|-end|p2a: Flutter Mane|Protosynthesis|[silent]\n|switch|p2a: Toxapex|Toxapex, L82, F|216/216\n|move|p1a: Lycanroc|Accelerock|p2a: Toxapex\n|-damage|p2a: Toxapex|152/216\n|-damage|p1a: Lycanroc|212/254|[from] item: Rocky Helmet|[of] p2a: Toxapex\n|\n|upkeep\n|turn|9\n|\n|t:|1781426520\n|switch|p1a: Reuniclus|Reuniclus, L88, F|337/337\n|-activate|p1a: Reuniclus|move: Sticky Web\n|-unboost|p1a: Reuniclus|spe|1\n|move|p2a: Toxapex|Liquidation|p1a: Reuniclus\n|-damage|p1a: Reuniclus|270/337\n|\n|upkeep\n|turn|10\n|\n|t:|1781426534\n|switch|p2a: Floatzel|Floatzel, L86, M|286/286\n|move|p1a: Reuniclus|Psychic|p2a: Floatzel\n|-damage|p2a: Floatzel|48/286\n|\n|upkeep\n|turn|11\n|\n|t:|1781426544\n|switch|p1a: Zekrom|Zekrom, L71|259/259\n|-activate|p1a: Zekrom|move: Sticky Web\n|-unboost|p1a: Zekrom|spe|1\n|-ability|p1a: Zekrom|Teravolt\n|move|p2a: Floatzel|Wave Crash|p1a: Zekrom\n|-resisted|p1a: Zekrom\n|-damage|p1a: Zekrom|160/259\n|-damage|p2a: Floatzel|15/286|[from] Recoil\n|\n|-heal|p1a: Zekrom|176/259|[from] item: Leftovers\n|upkeep\n|turn|12\n|\n|t:|1781426563\n|switch|p2a: Lilligant|Lilligant-Hisui, L79, F|240/240\n|move|p1a: Zekrom|Substitute|p1a: Zekrom\n|-start|p1a: Zekrom|Substitute\n|-damage|p1a: Zekrom|112/259\n|\n|-heal|p1a: Zekrom|128/259|[from] item: Leftovers\n|upkeep\n|turn|13\n|\n|t:|1781426579\n|move|p2a: Lilligant|Close Combat|p1a: Zekrom\n|-end|p1a: Zekrom|Substitute\n|-unboost|p2a: Lilligant|def|1\n|-unboost|p2a: Lilligant|spd|1\n|move|p1a: Zekrom|Outrage|p2a: Lilligant\n|-damage|p2a: Lilligant|0 fnt\n|faint|p2a: Lilligant\n|\n|-heal|p1a: Zekrom|144/259|[from] item: Leftovers\n|upkeep\n|\n|t:|1781426589\n|switch|p2a: Flutter Mane|Flutter Mane, L74|69/203\n|turn|14\n|\n|t:|1781426592\n|move|p2a: Flutter Mane|Moonblast|p1a: Zekrom\n|-supereffective|p1a: Zekrom\n|-damage|p1a: Zekrom|0 fnt\n|faint|p1a: Zekrom\n|-damage|p2a: Flutter Mane|49/203|[from] item: Life Orb\n|\n|upkeep\n|\n|t:|1781426597\n|switch|p1a: Lycanroc|Lycanroc-Dusk, L81, F|212/254\n|-activate|p1a: Lycanroc|move: Sticky Web\n|-unboost|p1a: Lycanroc|spe|1\n|turn|15\n|\n|t:|1781426607\n|-end|p2a: Flutter Mane|Protosynthesis|[silent]\n|switch|p2a: Ariados|Ariados, L95, M|95/287\n|move|p1a: Lycanroc|Accelerock|p2a: Ariados\n|-supereffective|p2a: Ariados\n|-crit|p2a: Ariados\n|-damage|p2a: Ariados|0 fnt\n|faint|p2a: Ariados\n|\n|upkeep\n|\n|t:|1781426626\n|switch|p2a: Dialga|Dialga, L73|266/266\n|-ability|p2a: Dialga|Pressure\n|turn|16\n|\n|t:|1781426633\n|switch|p1a: Terapagos|Terapagos-Terastal, L77, M|125/273 psn\n|move|p2a: Dialga|Stealth Rock|p1a: Terapagos\n|-sidestart|p1: Jxyjia|move: Stealth Rock\n|\n|-damage|p1a: Terapagos|91/273 psn|[from] psn\n|upkeep\n|turn|17\n|\n|t:|1781426646\n|move|p1a: Terapagos|Earth Power|p2a: Dialga\n|-supereffective|p2a: Dialga\n|-damage|p2a: Dialga|152/266\n|move|p2a: Dialga|Heavy Slam|p1a: Terapagos\n|-damage|p1a: Terapagos|0 fnt\n|faint|p1a: Terapagos\n|\n|-heal|p2a: Dialga|168/266|[from] item: Leftovers\n|upkeep\n|\n|t:|1781426659\n|switch|p1a: Mienshao|Mienshao, L83, M|243/243\n|-activate|p1a: Mienshao|move: Sticky Web\n|-unboost|p1a: Mienshao|spe|1\n|-damage|p1a: Mienshao|228/243|[from] Stealth Rock\n|turn|18\n|\n|t:|1781426666\n|-terastallize|p2a: Dialga|Dragon\n|move|p2a: Dialga|Draco Meteor|p1a: Mienshao|[miss]\n|-miss|p2a: Dialga|p1a: Mienshao\n|move|p1a: Mienshao|Knock Off|p2a: Dialga\n|-damage|p2a: Dialga|62/266\n|-enditem|p2a: Dialga|Leftovers|[from] move: Knock Off|[of] p1a: Mienshao\n|\n|upkeep\n|turn|19\n|\n|t:|1781426674\n|move|p2a: Dialga|Draco Meteor|p1a: Mienshao\n|-damage|p1a: Mienshao|0 fnt\n|-unboost|p2a: Dialga|spa|2\n|faint|p1a: Mienshao\n|\n|upkeep\n|\n|t:|1781426678\n|switch|p1a: Reuniclus|Reuniclus, L88, F|270/337\n|-activate|p1a: Reuniclus|move: Sticky Web\n|-unboost|p1a: Reuniclus|spe|1\n|turn|20\n|\n|t:|1781426690\n|move|p2a: Dialga|Heavy Slam|p1a: Reuniclus\n|-damage|p1a: Reuniclus|146/337\n|move|p1a: Reuniclus|Recover|p1a: Reuniclus\n|-heal|p1a: Reuniclus|315/337\n|\n|upkeep\n|turn|21\n|\n|t:|1781426696\n|move|p2a: Dialga|Heavy Slam|p1a: Reuniclus\n|-damage|p1a: Reuniclus|180/337\n|move|p1a: Reuniclus|Psychic|p2a: Dialga\n|-damage|p2a: Dialga|0 fnt\n|faint|p2a: Dialga\n|\n|upkeep\n|\n|t:|1781426706\n|switch|p2a: Flutter Mane|Flutter Mane, L74|49/203\n|turn|22\n|\n|t:|1781426714\n|-terastallize|p1a: Reuniclus|Steel\n|move|p2a: Flutter Mane|Shadow Ball|p1a: Reuniclus\n|-damage|p1a: Reuniclus|67/337\n|-damage|p2a: Flutter Mane|29/203|[from] item: Life Orb\n|move|p1a: Reuniclus|Recover|p1a: Reuniclus\n|-heal|p1a: Reuniclus|236/337\n|\n|upkeep\n|turn|23\n|\n|t:|1781426723\n|switch|p1a: Lycanroc|Lycanroc-Dusk, L81, F|212/254\n|-activate|p1a: Lycanroc|move: Sticky Web\n|-unboost|p1a: Lycanroc|spe|1\n|-damage|p1a: Lycanroc|181/254|[from] Stealth Rock\n|move|p2a: Flutter Mane|Mystical Fire|p1a: Lycanroc\n|-resisted|p1a: Lycanroc\n|-damage|p1a: Lycanroc|134/254\n|-unboost|p1a: Lycanroc|spa|1\n|-damage|p2a: Flutter Mane|9/203|[from] item: Life Orb\n|\n|upkeep\n|turn|24\n|\n|t:|1781426734\n|-end|p2a: Flutter Mane|Protosynthesis|[silent]\n|switch|p2a: Toxapex|Toxapex, L82, F|216/216\n|move|p1a: Lycanroc|Accelerock|p2a: Toxapex\n|-damage|p2a: Toxapex|161/216\n|-damage|p1a: Lycanroc|92/254|[from] item: Rocky Helmet|[of] p2a: Toxapex\n|\n|upkeep\n|turn|25\n|\n|t:|1781426745\n|switch|p2a: Flutter Mane|Flutter Mane, L74|9/203\n|move|p1a: Lycanroc|Accelerock|p2a: Flutter Mane\n|-damage|p2a: Flutter Mane|0 fnt\n|faint|p2a: Flutter Mane\n|-end|p2a: Flutter Mane|Protosynthesis|[silent]\n|\n|upkeep\n|\n|t:|1781426751\n|switch|p2a: Toxapex|Toxapex, L82, F|216/216\n|turn|26\n|\n|t:|1781426759\n|switch|p1a: Reuniclus|Reuniclus, L88, F, tera:Steel|236/337\n|-activate|p1a: Reuniclus|move: Sticky Web\n|-unboost|p1a: Reuniclus|spe|1\n|move|p2a: Toxapex|Liquidation|p1a: Reuniclus\n|-damage|p1a: Reuniclus|163/337\n|\n|upkeep\n|turn|27\n|\n|t:|1781426774\n|move|p2a: Toxapex|Liquidation|p1a: Reuniclus\n|-damage|p1a: Reuniclus|91/337\n|-unboost|p1a: Reuniclus|def|1\n|move|p1a: Reuniclus|Psychic|p2a: Toxapex\n|-supereffective|p2a: Toxapex\n|-damage|p2a: Toxapex|0 fnt\n|faint|p2a: Toxapex\n|\n|upkeep\n|\n|t:|1781426782\n|switch|p2a: Floatzel|Floatzel, L86, M|15/286\n|turn|28\n|\n|t:|1781426791\n|move|p2a: Floatzel|Crunch|p1a: Reuniclus\n|-damage|p1a: Reuniclus|0 fnt\n|faint|p1a: Reuniclus\n|\n|upkeep\n|\n|t:|1781426793\n|switch|p1a: Lycanroc|Lycanroc-Dusk, L81, F|92/254\n|-activate|p1a: Lycanroc|move: Sticky Web\n|-unboost|p1a: Lycanroc|spe|1\n|-damage|p1a: Lycanroc|61/254|[from] Stealth Rock\n|turn|29\n|\n|t:|1781426800\n|move|p1a: Lycanroc|Accelerock|p2a: Floatzel\n|-damage|p2a: Floatzel|0 fnt\n|faint|p2a: Floatzel\n|\n|win|Jxyjia\n", "inputlog": ">version a8376a258c1d4662feba110a92103f3664a72141\n>start {\"formatid\":\"gen9randombattle\",\"seed\":\"sodium,bafd9428f0c9c172e7f6ab6d8392c902\",\"rated\":\"Rated battle\"}\n>player p1 {\"name\":\"Jxyjia\",\"avatar\":\"1\",\"rating\":1951,\"seed\":\"sodium,5bcb2fd585f174646df8011dac512ba2\"}\n>player p2 {\"name\":\"mastasefkillah\",\"avatar\":\"alder\",\"rating\":1918,\"seed\":\"sodium,bb28f82d9f9d2bbacd1fc22c9090c76f\"}\n>p1 move calmmind\n>p2 move poisonjab\n>p1 move terastarstorm\n>p2 move stickyweb\n>p1 move rapidspin\n>p2 switch 3\n>p1 switch 5\n>p2 move calmmind\n>p1 move fireblast\n>p2 move calmmind\n>p1 move fireblast\n>p2 move mysticalfire\n>p1 move darkpulse\n>p2 move moonblast\n>p1 switch 4\n>p1 move accelerock\n>p2 switch 4\n>p1 switch 2\n>p2 move liquidation\n>p1 move psychic\n>p2 switch 5\n>p1 switch 6\n>p2 move wavecrash\n>p1 move substitute\n>p2 switch 2\n>p1 move outrage\n>p2 move closecombat\n>p2 switch 4\n>p1 move outrage\n>p2 move moonblast\n>p1 switch 2\n>p1 move accelerock\n>p2 switch 3\n>p2 switch 6\n>p1 switch 5\n>p2 move stealthrock\n>p1 move earthpower\n>p2 move heavyslam\n>p1 switch 3\n>p1 move knockoff\n>p2 move dracometeor terastallize\n>p1 move knockoff\n>p2 move dracometeor\n>p1 switch 6\n>p1 move recover\n>p2 move heavyslam\n>p1 move psychic\n>p2 move heavyslam\n>p2 switch 3\n>p1 move recover terastallize\n>p2 move shadowball\n>p1 switch 5\n>p2 move mysticalfire\n>p1 move accelerock\n>p2 switch 5\n>p1 move accelerock\n>p2 switch 5\n>p2 switch 5\n>p1 switch 5\n>p2 move liquidation\n>p1 move psychic\n>p2 move liquidation\n>p2 switch 2\n>p1 move psychic\n>p2 move crunch\n>p1 switch 5\n>p1 move accelerock\n>p2 move crunch", "uploadtime": 1781426408, "views": 5, "formatid": "gen9randombattle", "rating": null, "private": 0, "password": null}