{"id": "gen9randombattle-2631586133", "format": "[Gen 9] Random Battle", "players": ["General Nova64", "boxhero147"], "log": "|j|\u2606General Nova64\n|j|\u2606boxhero147\n|t:|1781404928\n|gametype|singles\n|player|p1|General Nova64|169|2087\n|player|p2|boxhero147|169|2058\n|gen|9\n|tier|[Gen 9] Random Battle\n|rated|\n|rule|Species Clause: Limit one of each Pok\u00e9mon\n|rule|HP Percentage Mod: HP is shown in percentages\n|rule|Sleep Clause Mod: Limit one foe put to sleep\n|rule|Illusion Level Mod: Illusion disguises the Pok\u00e9mon's true level\n|\n|t:|1781404928\n|teamsize|p1|6\n|teamsize|p2|6\n|start\n|switch|p1a: Lunala|Lunala, L70|308/308\n|switch|p2a: Mew|Mew, L82|298/298\n|turn|1\n|\n|t:|1781404936\n|switch|p1a: Toucannon|Toucannon, L88, F|284/284\n|move|p2a: Mew|Nasty Plot|p2a: Mew\n|-boost|p2a: Mew|spa|2\n|\n|upkeep\n|turn|2\n|\n|t:|1781404947\n|-singleturn|p1a: Toucannon|move: Beak Blast\n|move|p2a: Mew|Psychic|p1a: Toucannon\n|-damage|p1a: Toucannon|18/284\n|-damage|p2a: Mew|269/298|[from] item: Life Orb\n|move|p1a: Toucannon|Beak Blast|p2a: Mew\n|-damage|p2a: Mew|140/298\n|\n|upkeep\n|turn|3\n|inactive|Battle timer is ON: inactive players will automatically lose when time's up. (requested by General Nova64)\n|\n|t:|1781404958\n|-singleturn|p1a: Toucannon|move: Beak Blast\n|move|p2a: Mew|Psychic|p1a: Toucannon\n|-damage|p1a: Toucannon|0 fnt\n|faint|p1a: Toucannon\n|-damage|p2a: Mew|111/298|[from] item: Life Orb\n|\n|upkeep\n|\n|t:|1781404967\n|switch|p1a: Hippowdon|Hippowdon, L82, F|311/311\n|-weather|Sandstorm|[from] ability: Sand Stream|[of] p1a: Hippowdon\n|turn|4\n|\n|t:|1781404971\n|move|p2a: Mew|Psychic|p1a: Hippowdon\n|-damage|p1a: Hippowdon|17/311\n|-damage|p2a: Mew|82/298|[from] item: Life Orb\n|move|p1a: Hippowdon|Stealth Rock|p2a: Mew\n|-sidestart|p2: boxhero147|move: Stealth Rock\n|\n|-weather|Sandstorm|[upkeep]\n|-damage|p2a: Mew|64/298|[from] Sandstorm\n|-heal|p1a: Hippowdon|36/311|[from] item: Leftovers\n|upkeep\n|turn|5\n|\n|t:|1781404978\n|move|p2a: Mew|Earth Power|p1a: Hippowdon\n|-damage|p1a: Hippowdon|0 fnt\n|faint|p1a: Hippowdon\n|-damage|p2a: Mew|35/298|[from] item: Life Orb\n|\n|-weather|Sandstorm|[upkeep]\n|-damage|p2a: Mew|17/298|[from] Sandstorm\n|upkeep\n|\n|t:|1781404982\n|switch|p1a: Crawdaunt|Crawdaunt, L84, F|243/243\n|turn|6\n|\n|t:|1781404988\n|move|p1a: Crawdaunt|Aqua Jet|p2a: Mew\n|-damage|p2a: Mew|0 fnt\n|faint|p2a: Mew\n|-damage|p1a: Crawdaunt|219/243|[from] item: Life Orb\n|\n|-weather|Sandstorm|[upkeep]\n|-damage|p1a: Crawdaunt|204/243|[from] Sandstorm\n|upkeep\n|\n|t:|1781404993\n|switch|p2a: Granbull|Granbull, L88, M|302/302\n|-damage|p2a: Granbull|265/302|[from] Stealth Rock\n|-ability|p2a: Granbull|Intimidate|boost\n|-unboost|p1a: Crawdaunt|atk|1\n|turn|7\n|\n|t:|1781405001\n|move|p1a: Crawdaunt|Dragon Dance|p1a: Crawdaunt\n|-boost|p1a: Crawdaunt|atk|1\n|-boost|p1a: Crawdaunt|spe|1\n|move|p2a: Granbull|Play Rough|p1a: Crawdaunt\n|-supereffective|p1a: Crawdaunt\n|-damage|p1a: Crawdaunt|0 fnt\n|faint|p1a: Crawdaunt\n|\n|-weather|Sandstorm|[upkeep]\n|-damage|p2a: Granbull|247/302|[from] Sandstorm\n|-heal|p2a: Granbull|265/302|[from] item: Leftovers\n|upkeep\n|\n|t:|1781405012\n|switch|p1a: Heracross|Heracross, L80, M|259/259\n|turn|8\n|\n|t:|1781405024\n|move|p1a: Heracross|Trailblaze|p2a: Granbull\n|-damage|p2a: Granbull|223/302\n|-boost|p1a: Heracross|spe|1\n|move|p2a: Granbull|Play Rough|p1a: Heracross\n|-supereffective|p1a: Heracross\n|-damage|p1a: Heracross|0 fnt\n|faint|p1a: Heracross\n|\n|-weather|none\n|-heal|p2a: Granbull|241/302|[from] item: Leftovers\n|upkeep\n|\n|t:|1781405033\n|switch|p1a: Lunala|Lunala, L70|308/308\n|turn|9\n|\n|t:|1781405040\n|move|p1a: Lunala|Calm Mind|p1a: Lunala\n|-boost|p1a: Lunala|spa|1\n|-boost|p1a: Lunala|spd|1\n|move|p2a: Granbull|Thunder Wave|p1a: Lunala\n|-status|p1a: Lunala|par\n|\n|-heal|p2a: Granbull|259/302|[from] item: Leftovers\n|upkeep\n|turn|10\n|\n|t:|1781405046\n|move|p2a: Granbull|Encore|p1a: Lunala\n|-start|p1a: Lunala|Encore\n|move|p1a: Lunala|Calm Mind|p1a: Lunala\n|-boost|p1a: Lunala|spa|1\n|-boost|p1a: Lunala|spd|1\n|\n|-heal|p2a: Granbull|277/302|[from] item: Leftovers\n|upkeep\n|turn|11\n|-message|General Nova64 forfeited.\n|\n|win|boxhero147\n", "inputlog": ">version a8376a258c1d4662feba110a92103f3664a72141\n>start {\"formatid\":\"gen9randombattle\",\"seed\":\"sodium,15a08642dc7cc32bba7d3ac34ec34561\",\"rated\":\"Rated battle\"}\n>player p1 {\"name\":\"General Nova64\",\"avatar\":\"169\",\"rating\":2087,\"seed\":\"sodium,b75ed5874ae7566c45b4ccc1592609a1\"}\n>player p2 {\"name\":\"boxhero147\",\"avatar\":\"169\",\"rating\":2058,\"seed\":\"sodium,63476ac0f19ba090943e9e5e13434a69\"}\n>p1 switch 5\n>p2 move nastyplot\n>p1 move beakblast\n>p2 move psychic\n>p1 move beakblast\n>p2 move psychic\n>p1 switch 4\n>p1 move stealthrock\n>p2 move psychic\n>p1 move earthquake\n>p2 move earthpower\n>p1 switch 3\n>p1 move aquajet\n>p2 move earthpower\n>p2 switch 4\n>p1 move dragondance\n>p2 move playrough\n>p1 switch 6\n>p1 move trailblaze\n>p2 move playrough\n>p1 switch 5\n>p1 move calmmind\n>p2 move thunderwave\n>p1 move moongeistbeam\n>p2 move encore\n>forcelose p1", "uploadtime": 1781404930, "views": 6, "formatid": "gen9randombattle", "rating": null, "private": 0, "password": null}