{"id": "gen9randombattle-2631808807", "format": "[Gen 9] Random Battle", "players": ["duuhhao", "supermancorenswet"], "log": "|j|\u2606duuhhao\n|j|\u2606supermancorenswet\n|t:|1781442750\n|gametype|singles\n|player|p1|duuhhao|clair|2178\n|player|p2|supermancorenswet|170|2086\n|gen|9\n|tier|[Gen 9] Random Battle\n|rated|\n|rule|Species Clause: Limit one of each Pok\u00e9mon\n|rule|HP Percentage Mod: HP is shown in percentages\n|rule|Sleep Clause Mod: Limit one foe put to sleep\n|rule|Illusion Level Mod: Illusion disguises the Pok\u00e9mon's true level\n|\n|t:|1781442750\n|teamsize|p1|6\n|teamsize|p2|6\n|start\n|switch|p1a: Moltres|Moltres, L81|278/278\n|switch|p2a: Chien-Pao|Chien-Pao, L72|234/234\n|-ability|p2a: Chien-Pao|Sword of Ruin\n|turn|1\n|inactive|Battle timer is ON: inactive players will automatically lose when time's up. (requested by supermancorenswet)\n|\n|t:|1781442769\n|switch|p2a: Mudsdale|Mudsdale, L83, M|302/302\n|move|p1a: Moltres|Scorching Sands|p2a: Mudsdale\n|-damage|p2a: Mudsdale|247/302\n|-status|p2a: Mudsdale|brn\n|-ability|p2a: Mudsdale|Stamina|boost\n|-boost|p2a: Mudsdale|def|1\n|\n|-heal|p2a: Mudsdale|265/302 brn|[from] item: Leftovers\n|-damage|p2a: Mudsdale|247/302 brn|[from] brn\n|upkeep\n|turn|2\n|\n|t:|1781442777\n|switch|p1a: Araquanid|Araquanid, L82, M|246/246\n|move|p2a: Mudsdale|Stone Edge|p1a: Araquanid\n|-supereffective|p1a: Araquanid\n|-damage|p1a: Araquanid|166/246\n|\n|-heal|p2a: Mudsdale|265/302 brn|[from] item: Leftovers\n|-damage|p2a: Mudsdale|247/302 brn|[from] brn\n|upkeep\n|turn|3\n|\n|t:|1781442785\n|move|p1a: Araquanid|Sticky Web|p2a: Mudsdale\n|-sidestart|p2: supermancorenswet|move: Sticky Web\n|move|p2a: Mudsdale|Stone Edge|p1a: Araquanid\n|-supereffective|p1a: Araquanid\n|-damage|p1a: Araquanid|82/246\n|\n|-heal|p2a: Mudsdale|265/302 brn|[from] item: Leftovers\n|-damage|p2a: Mudsdale|247/302 brn|[from] brn\n|upkeep\n|turn|4\n|\n|t:|1781442789\n|move|p1a: Araquanid|Hydro Pump|p2a: Mudsdale\n|-supereffective|p2a: Mudsdale\n|-damage|p2a: Mudsdale|0 fnt\n|faint|p2a: Mudsdale\n|\n|upkeep\n|\n|t:|1781442792\n|switch|p2a: Drifblim|Drifblim, L86, M|398/398\n|turn|5\n|\n|t:|1781442805\n|move|p2a: Drifblim|Defog|p1a: Araquanid\n|-unboost|p1a: Araquanid|evasion|1\n|-sideend|p2: supermancorenswet|Sticky Web|[from] move: Defog|[of] p2a: Drifblim\n|move|p1a: Araquanid|Liquidation|p2a: Drifblim\n|-damage|p2a: Drifblim|188/398\n|-unboost|p2a: Drifblim|def|1\n|\n|upkeep\n|turn|6\n|\n|t:|1781442810\n|switch|p1a: Moltres|Moltres, L81|278/278\n|move|p2a: Drifblim|Air Slash|p1a: Moltres\n|-damage|p1a: Moltres|193/278\n|\n|upkeep\n|turn|7\n|\n|t:|1781442814\n|move|p1a: Moltres|Fire Blast|p2a: Drifblim\n|-damage|p2a: Drifblim|10/398\n|move|p2a: Drifblim|Strength Sap|p1a: Moltres\n|-unboost|p1a: Moltres|atk|1\n|-heal|p2a: Drifblim|219/398\n|\n|upkeep\n|turn|8\n|\n|t:|1781442822\n|switch|p2a: Electivire|Electivire, L84, F|263/263\n|move|p1a: Moltres|Fire Blast|p2a: Electivire\n|-damage|p2a: Electivire|130/263\n|\n|upkeep\n|turn|9\n|\n|t:|1781442831\n|switch|p1a: Araquanid|Araquanid, L82, M|82/246\n|move|p2a: Electivire|Supercell Slam|p1a: Araquanid\n|-supereffective|p1a: Araquanid\n|-damage|p1a: Araquanid|0 fnt\n|faint|p1a: Araquanid\n|-damage|p2a: Electivire|104/263|[from] item: Life Orb\n|\n|upkeep\n|\n|t:|1781442844\n|switch|p1a: Conkeldurr|Conkeldurr, L80, M|299/299\n|turn|10\n|inactive|supermancorenswet has 120 seconds left.\n|inactive|supermancorenswet has 90 seconds left.\n|\n|t:|1781442915\n|switch|p2a: Perrserker|Perrserker, L89, F|269/269\n|move|p1a: Conkeldurr|Close Combat|p2a: Perrserker\n|-supereffective|p2a: Perrserker\n|-crit|p2a: Perrserker\n|-damage|p2a: Perrserker|0 fnt\n|-unboost|p1a: Conkeldurr|def|1\n|-unboost|p1a: Conkeldurr|spd|1\n|faint|p2a: Perrserker\n|\n|-status|p1a: Conkeldurr|brn|[from] item: Flame Orb\n|upkeep\n|\n|t:|1781442922\n|switch|p2a: Drifblim|Drifblim, L86, M|219/398\n|turn|11\n|\n|t:|1781442927\n|switch|p1a: Moltres|Moltres, L81|193/278\n|move|p2a: Drifblim|Air Slash|p1a: Moltres\n|-damage|p1a: Moltres|106/278\n|\n|upkeep\n|turn|12\n|\n|t:|1781442932\n|move|p1a: Moltres|Fire Blast|p2a: Drifblim\n|-damage|p2a: Drifblim|42/398\n|move|p2a: Drifblim|Shadow Ball|p1a: Moltres\n|-damage|p1a: Moltres|15/278\n|\n|upkeep\n|turn|13\n|\n|t:|1781442944\n|move|p1a: Moltres|Roost|p1a: Moltres\n|-heal|p1a: Moltres|154/278\n|-singleturn|p1a: Moltres|move: Roost\n|move|p2a: Drifblim|Air Slash|p1a: Moltres\n|-damage|p1a: Moltres|63/278\n|\n|upkeep\n|turn|14\n|\n|t:|1781442949\n|move|p1a: Moltres|Fire Blast|p2a: Drifblim|[miss]\n|-miss|p1a: Moltres|p2a: Drifblim\n|move|p2a: Drifblim|Strength Sap|p1a: Moltres\n|-unboost|p1a: Moltres|atk|1\n|-heal|p2a: Drifblim|251/398\n|\n|upkeep\n|turn|15\n|\n|t:|1781442951\n|move|p1a: Moltres|Roost|p1a: Moltres\n|-heal|p1a: Moltres|202/278\n|-singleturn|p1a: Moltres|move: Roost\n|move|p2a: Drifblim|Air Slash|p1a: Moltres\n|-damage|p1a: Moltres|121/278\n|\n|upkeep\n|turn|16\n|\n|t:|1781442954\n|move|p1a: Moltres|Roost|p1a: Moltres\n|-heal|p1a: Moltres|260/278\n|-singleturn|p1a: Moltres|move: Roost\n|move|p2a: Drifblim|Shadow Ball|p1a: Moltres\n|-damage|p1a: Moltres|172/278\n|\n|upkeep\n|turn|17\n|\n|t:|1781442957\n|move|p1a: Moltres|Fire Blast|p2a: Drifblim\n|-damage|p2a: Drifblim|82/398\n|-status|p2a: Drifblim|brn\n|move|p2a: Drifblim|Shadow Ball|p1a: Moltres\n|-damage|p1a: Moltres|79/278\n|\n|-damage|p2a: Drifblim|58/398 brn|[from] brn\n|upkeep\n|turn|18\n|\n|t:|1781442960\n|move|p1a: Moltres|Roost|p1a: Moltres\n|-heal|p1a: Moltres|218/278\n|-singleturn|p1a: Moltres|move: Roost\n|move|p2a: Drifblim|Shadow Ball|p1a: Moltres\n|-damage|p1a: Moltres|130/278\n|\n|-damage|p2a: Drifblim|34/398 brn|[from] brn\n|upkeep\n|turn|19\n|\n|t:|1781442963\n|move|p1a: Moltres|Roost|p1a: Moltres\n|-heal|p1a: Moltres|269/278\n|-singleturn|p1a: Moltres|move: Roost\n|move|p2a: Drifblim|Shadow Ball|p1a: Moltres\n|-damage|p1a: Moltres|185/278\n|\n|-damage|p2a: Drifblim|10/398 brn|[from] brn\n|upkeep\n|turn|20\n|\n|t:|1781442968\n|move|p1a: Moltres|Fire Blast|p2a: Drifblim\n|-damage|p2a: Drifblim|0 fnt\n|faint|p2a: Drifblim\n|\n|upkeep\n|\n|t:|1781442971\n|switch|p2a: Electivire|Electivire, L84, F|104/263\n|turn|21\n|\n|t:|1781442977\n|move|p2a: Electivire|Supercell Slam|p1a: Moltres\n|-supereffective|p1a: Moltres\n|-damage|p1a: Moltres|0 fnt\n|-status|p2a: Electivire|brn|[from] ability: Flame Body|[of] p1a: Moltres\n|faint|p1a: Moltres\n|-damage|p2a: Electivire|78/263 brn|[from] item: Life Orb\n|\n|-damage|p2a: Electivire|62/263 brn|[from] brn\n|upkeep\n|\n|t:|1781442983\n|switch|p1a: Conkeldurr|Conkeldurr, L80, M|299/299 brn\n|turn|22\n|-message|supermancorenswet forfeited.\n|\n|win|duuhhao\n|raw|duuhhao's rating: 2178 &rarr; <strong>2193</strong><br />(+15 for winning)\n|raw|supermancorenswet's rating: 2086 &rarr; <strong>2071</strong><br />(-15 for losing)\n", "inputlog": ">version a8376a258c1d4662feba110a92103f3664a72141\n>start {\"formatid\":\"gen9randombattle\",\"seed\":\"sodium,d609f6597a5175d4012e4bafff09f1e6\",\"rated\":\"Rated battle\"}\n>player p1 {\"name\":\"duuhhao\",\"avatar\":\"clair\",\"rating\":2178,\"seed\":\"sodium,25d9ef3c71cdd034275d15f23670d2ac\"}\n>player p2 {\"name\":\"supermancorenswet\",\"avatar\":\"170\",\"rating\":2086,\"seed\":\"sodium,b1c42bdc3204db5fe81c3753fb8f06b9\"}\n>p1 move scorchingsands\n>p2 switch 4\n>p1 switch 2\n>p2 move stoneedge\n>p1 move stickyweb\n>p2 move stoneedge\n>p1 move hydropump\n>p2 move stoneedge\n>p2 switch 5\n>p1 move liquidation\n>p2 move defog\n>p1 switch 2\n>p2 move airslash\n>p1 move fireblast\n>p2 move strengthsap\n>p1 move fireblast\n>p2 switch 6\n>p1 switch 2\n>p2 move supercellslam\n>p1 switch 5\n>p1 move closecombat\n>p2 switch 2\n>p2 switch 6\n>p1 switch 2\n>p2 move airslash\n>p1 move fireblast\n>p2 move shadowball\n>p1 move roost\n>p2 move airslash\n>p1 move fireblast\n>p2 move strengthsap\n>p1 move roost\n>p2 move airslash\n>p1 move roost\n>p2 move shadowball\n>p1 move fireblast\n>p2 move shadowball\n>p1 move roost\n>p2 move shadowball\n>p1 move roost\n>p2 move shadowball\n>p1 move fireblast\n>p2 move shadowball\n>p2 switch 2\n>p1 move fireblast\n>p2 move supercellslam\n>p1 switch 2\n>forcelose p2", "uploadtime": 1781442751, "views": 5, "formatid": "gen9randombattle", "rating": 2071, "private": 0, "password": null}