{"id": "gen9randombattle-2631574866", "format": "[Gen 9] Random Battle", "players": ["logansamjeff", "jjk02"], "log": "|j|\u2606logansamjeff\n|j|\u2606jjk02\n|t:|1781403378\n|gametype|singles\n|player|p1|logansamjeff|169|1908\n|player|p2|jjk02|cynthia-gen4|1859\n|gen|9\n|tier|[Gen 9] Random Battle\n|rated|\n|rule|Species Clause: Limit one of each Pok\u00e9mon\n|rule|HP Percentage Mod: HP is shown in percentages\n|rule|Sleep Clause Mod: Limit one foe put to sleep\n|rule|Illusion Level Mod: Illusion disguises the Pok\u00e9mon's true level\n|\n|t:|1781403378\n|teamsize|p1|6\n|teamsize|p2|6\n|start\n|switch|p1a: Chandelure|Chandelure, L83, F|235/235\n|switch|p2a: Klawf|Klawf, L90, F|272/272\n|turn|1\n|inactive|Battle timer is ON: inactive players will automatically lose when time's up. (requested by logansamjeff)\n|inactive|logansamjeff has 120 seconds left.\n|\n|t:|1781403427\n|move|p2a: Klawf|Stone Edge|p1a: Chandelure\n|-supereffective|p1a: Chandelure\n|-damage|p1a: Chandelure|0 fnt\n|faint|p1a: Chandelure\n|-damage|p2a: Klawf|245/272|[from] item: Life Orb\n|\n|upkeep\n|\n|t:|1781403436\n|switch|p1a: Cinccino|Cinccino, L83, F|260/260\n|turn|2\n|\n|t:|1781403451\n|switch|p2a: Bastiodon|Bastiodon, L89, M|252/252\n|move|p1a: Cinccino|Tidy Up|p1a: Cinccino\n|-boost|p1a: Cinccino|atk|1\n|-boost|p1a: Cinccino|spe|1\n|\n|upkeep\n|turn|3\n|\n|t:|1781403455\n|switch|p1a: Venusaur|Venusaur, L84, F|272/272\n|move|p2a: Bastiodon|Iron Defense|p2a: Bastiodon\n|-boost|p2a: Bastiodon|def|2\n|\n|upkeep\n|turn|4\n|\n|t:|1781403462\n|switch|p2a: Oranguru|Oranguru, L92, F|315/315\n|move|p1a: Venusaur|Sleep Powder|p2a: Oranguru\n|-status|p2a: Oranguru|slp|[from] move: Sleep Powder\n|\n|upkeep\n|turn|5\n|\n|t:|1781403466\n|move|p1a: Venusaur|Knock Off|p2a: Oranguru\n|-supereffective|p2a: Oranguru\n|-damage|p2a: Oranguru|197/315 slp\n|-enditem|p2a: Oranguru|Life Orb|[from] move: Knock Off|[of] p1a: Venusaur\n|cant|p2a: Oranguru|slp\n|\n|upkeep\n|turn|6\n|\n|t:|1781403469\n|switch|p1a: Kingambit|Kingambit, L74, M|270/270\n|-activate|p1a: Kingambit|ability: Supreme Overlord\n|-start|p1a: Kingambit|fallen1|[silent]\n|cant|p2a: Oranguru|slp\n|\n|upkeep\n|turn|7\n|\n|t:|1781403473\n|switch|p2a: Bastiodon|Bastiodon, L89, M|252/252\n|move|p1a: Kingambit|Swords Dance|p1a: Kingambit\n|-boost|p1a: Kingambit|atk|2\n|\n|upkeep\n|turn|8\n|\n|t:|1781403481\n|-end|p1a: Kingambit|fallen1|[silent]\n|switch|p1a: Venomoth|Venomoth, L84, M|255/255\n|move|p2a: Bastiodon|Body Press|p1a: Venomoth\n|-resisted|p1a: Venomoth\n|-damage|p1a: Venomoth|222/255\n|\n|upkeep\n|turn|9\n|\n|t:|1781403488\n|switch|p2a: Lumineon|Lumineon, L93, M|279/279\n|move|p1a: Venomoth|Quiver Dance|p1a: Venomoth\n|-boost|p1a: Venomoth|spa|1\n|-boost|p1a: Venomoth|spd|1\n|-boost|p1a: Venomoth|spe|1\n|\n|upkeep\n|turn|10\n|\n|t:|1781403493\n|move|p1a: Venomoth|Sludge Wave|p2a: Lumineon\n|-damage|p2a: Lumineon|159/279\n|move|p2a: Lumineon|Encore|p1a: Venomoth\n|-start|p1a: Venomoth|Encore\n|\n|upkeep\n|turn|11\n|\n|t:|1781403498\n|switch|p1a: Cinccino|Cinccino, L83, F|260/260\n|move|p2a: Lumineon|Hydro Pump|p1a: Cinccino\n|-damage|p1a: Cinccino|57/260\n|-damage|p2a: Lumineon|132/279|[from] item: Life Orb\n|\n|upkeep\n|turn|12\n|-message|logansamjeff forfeited.\n|\n|win|jjk02\n|raw|logansamjeff's rating: 1908 &rarr; <strong>1885</strong><br />(-23 for losing)\n|raw|jjk02's rating: 1859 &rarr; <strong>1882</strong><br />(+23 for winning)\n|l|\u2606logansamjeff\n|player|p1|\n", "inputlog": ">version a8376a258c1d4662feba110a92103f3664a72141\n>start {\"formatid\":\"gen9randombattle\",\"seed\":\"sodium,b5885151dd9f3e5f82adea7653ee652e\",\"rated\":\"Rated battle\"}\n>player p1 {\"name\":\"logansamjeff\",\"avatar\":\"169\",\"rating\":1908,\"seed\":\"sodium,a57a421289792519ed3b6af56fffd5b2\"}\n>player p2 {\"name\":\"jjk02\",\"avatar\":\"cynthia-gen4\",\"rating\":1859,\"seed\":\"sodium,6ef74b224baebb51e8d1355a2ca5b105\"}\n>p1 move energyball\n>p2 move stoneedge\n>p1 switch 5\n>p1 move tidyup\n>p2 switch 4\n>p1 switch 6\n>p2 move irondefense\n>p1 move sleeppowder\n>p2 switch 3\n>p1 move knockoff\n>p2 move nastyplot\n>p1 switch 2\n>p2 move psyshock\n>p1 move swordsdance\n>p2 switch 3\n>p1 switch 3\n>p2 move bodypress\n>p1 move quiverdance\n>p2 switch 6\n>p1 move sludgewave\n>p2 move encore\n>p1 switch 6\n>p2 move hydropump\n>forcelose p1", "uploadtime": 1781403504, "views": 4, "formatid": "gen9randombattle", "rating": 1882, "private": 0, "password": null}