{"id": "gen9randombattle-2631366548", "format": "[Gen 9] Random Battle", "players": ["Vincent553", "Doc Peppa"], "log": "|j|\u2606Vincent553\n|j|\u2606Doc Peppa\n|t:|1781376245\n|gametype|singles\n|player|p1|Vincent553|alder|1591\n|player|p2|Doc Peppa|doctor|1600\n|gen|9\n|tier|[Gen 9] Random Battle\n|rated|\n|rule|Species Clause: Limit one of each Pok\u00e9mon\n|rule|HP Percentage Mod: HP is shown in percentages\n|rule|Sleep Clause Mod: Limit one foe put to sleep\n|rule|Illusion Level Mod: Illusion disguises the Pok\u00e9mon's true level\n|\n|t:|1781376245\n|teamsize|p1|6\n|teamsize|p2|6\n|start\n|switch|p1a: Giratina|Giratina, L75|349/349\n|switch|p2a: Lilligant|Lilligant, L86, F|261/261\n|-ability|p1a: Giratina|Pressure\n|turn|1\n|inactive|Battle timer is ON: inactive players will automatically lose when time's up. (requested by Doc Peppa)\n|inactive|Vincent553 also wants the timer to be on.\n|\n|t:|1781376252\n|move|p2a: Lilligant|Sleep Powder|p1a: Giratina\n|-status|p1a: Giratina|slp|[from] move: Sleep Powder\n|cant|p1a: Giratina|slp\n|\n|upkeep\n|turn|2\n|\n|t:|1781376260\n|switch|p2a: Minun|Minun, L95, M|268/268\n|switch|p1a: Blaziken|Blaziken, L76, F|247/247\n|\n|upkeep\n|turn|3\n|\n|t:|1781376266\n|move|p2a: Minun|Thunderbolt|p1a: Blaziken\n|-damage|p1a: Blaziken|87/247\n|-damage|p2a: Minun|242/268|[from] item: Life Orb\n|move|p1a: Blaziken|Knock Off|p2a: Minun\n|-damage|p2a: Minun|124/268\n|-enditem|p2a: Minun|Life Orb|[from] move: Knock Off|[of] p1a: Blaziken\n|-damage|p1a: Blaziken|63/247|[from] item: Life Orb\n|\n|-ability|p1a: Blaziken|Speed Boost|boost\n|-boost|p1a: Blaziken|spe|1\n|upkeep\n|turn|4\n|\n|t:|1781376278\n|move|p1a: Blaziken|Close Combat|p2a: Minun\n|-damage|p2a: Minun|0 fnt\n|-unboost|p1a: Blaziken|def|1\n|-unboost|p1a: Blaziken|spd|1\n|faint|p2a: Minun\n|-damage|p1a: Blaziken|39/247|[from] item: Life Orb\n|\n|-ability|p1a: Blaziken|Speed Boost|boost\n|-boost|p1a: Blaziken|spe|1\n|upkeep\n|\n|t:|1781376289\n|switch|p2a: Garchomp|Garchomp, L74, F|282/282\n|turn|5\n|\n|t:|1781376310\n|move|p1a: Blaziken|Close Combat|p2a: Garchomp\n|-damage|p2a: Garchomp|125/282\n|-unboost|p1a: Blaziken|def|1\n|-unboost|p1a: Blaziken|spd|1\n|-damage|p1a: Blaziken|9/247|[from] ability: Rough Skin|[of] p2a: Garchomp\n|-damage|p1a: Blaziken|0 fnt|[from] item: Life Orb\n|faint|p1a: Blaziken\n|move|p2a: Garchomp|Swords Dance|p2a: Garchomp\n|-boost|p2a: Garchomp|atk|2\n|\n|upkeep\n|\n|t:|1781376317\n|switch|p1a: Mamoswine|Mamoswine, L81, F|311/311\n|turn|6\n|\n|t:|1781376325\n|-terastallize|p2a: Garchomp|Steel\n|move|p1a: Mamoswine|Ice Shard|p2a: Garchomp\n|-resisted|p2a: Garchomp\n|-damage|p2a: Garchomp|86/282\n|move|p2a: Garchomp|Iron Head|p1a: Mamoswine\n|-supereffective|p1a: Mamoswine\n|-damage|p1a: Mamoswine|0 fnt\n|faint|p1a: Mamoswine\n|\n|upkeep\n|\n|t:|1781376331\n|switch|p1a: Quagsire|Quagsire, L84, M|297/297\n|turn|7\n|\n|t:|1781376339\n|move|p2a: Garchomp|Scale Shot|p1a: Quagsire\n|-damage|p1a: Quagsire|270/297\n|-damage|p1a: Quagsire|243/297\n|-damage|p1a: Quagsire|213/297\n|-damage|p1a: Quagsire|188/297\n|-hitcount|p1a: Quagsire|4\n|-unboost|p2a: Garchomp|def|1\n|-boost|p2a: Garchomp|spe|1\n|move|p1a: Quagsire|Earthquake|p2a: Garchomp\n|-supereffective|p2a: Garchomp\n|-damage|p2a: Garchomp|0 fnt\n|faint|p2a: Garchomp\n|\n|-heal|p1a: Quagsire|206/297|[from] item: Leftovers\n|upkeep\n|\n|t:|1781376356\n|switch|p2a: Quagsire|Quagsire, L84, F|297/297\n|turn|8\n|\n|t:|1781376359\n|-terastallize|p1a: Quagsire|Steel\n|move|p2a: Quagsire|Toxic|p1a: Quagsire\n|-immune|p1a: Quagsire\n|move|p1a: Quagsire|Toxic|p2a: Quagsire\n|-status|p2a: Quagsire|tox\n|\n|-heal|p1a: Quagsire|224/297|[from] item: Leftovers\n|-damage|p2a: Quagsire|279/297 tox|[from] psn\n|upkeep\n|turn|9\n|\n|t:|1781376386\n|move|p1a: Quagsire|Spikes|p2a: Quagsire\n|-sidestart|p2: Doc Peppa|Spikes\n|move|p2a: Quagsire|Spikes|p1a: Quagsire\n|-sidestart|p1: Vincent553|Spikes\n|\n|-heal|p2a: Quagsire|297/297 tox|[from] item: Leftovers\n|-heal|p1a: Quagsire|242/297|[from] item: Leftovers\n|-damage|p2a: Quagsire|261/297 tox|[from] psn\n|upkeep\n|turn|10\n|\n|t:|1781376390\n|move|p1a: Quagsire|Spikes|p2a: Quagsire\n|-sidestart|p2: Doc Peppa|Spikes\n|move|p2a: Quagsire|Spikes|p1a: Quagsire\n|-sidestart|p1: Vincent553|Spikes\n|\n|-heal|p2a: Quagsire|279/297 tox|[from] item: Leftovers\n|-heal|p1a: Quagsire|260/297|[from] item: Leftovers\n|-damage|p2a: Quagsire|225/297 tox|[from] psn\n|upkeep\n|turn|11\n|\n|t:|1781376400\n|move|p2a: Quagsire|Spikes|p1a: Quagsire\n|-sidestart|p1: Vincent553|Spikes\n|move|p1a: Quagsire|Spikes|p2a: Quagsire\n|-sidestart|p2: Doc Peppa|Spikes\n|\n|-heal|p2a: Quagsire|243/297 tox|[from] item: Leftovers\n|-heal|p1a: Quagsire|278/297|[from] item: Leftovers\n|-damage|p2a: Quagsire|171/297 tox|[from] psn\n|upkeep\n|turn|12\n|\n|t:|1781376406\n|move|p1a: Quagsire|Earthquake|p2a: Quagsire\n|-damage|p2a: Quagsire|80/297 tox\n|move|p2a: Quagsire|Earthquake|p1a: Quagsire\n|-supereffective|p1a: Quagsire\n|-damage|p1a: Quagsire|72/297\n|\n|-heal|p1a: Quagsire|90/297|[from] item: Leftovers\n|-heal|p2a: Quagsire|98/297 tox|[from] item: Leftovers\n|-damage|p2a: Quagsire|8/297 tox|[from] psn\n|upkeep\n|turn|13\n|inactive|Doc Peppa has 120 seconds left.\n|\n|t:|1781376464\n|move|p1a: Quagsire|Recover|p1a: Quagsire\n|-heal|p1a: Quagsire|239/297\n|move|p2a: Quagsire|Earthquake|p1a: Quagsire\n|-supereffective|p1a: Quagsire\n|-damage|p1a: Quagsire|51/297\n|\n|-heal|p2a: Quagsire|26/297 tox|[from] item: Leftovers\n|-heal|p1a: Quagsire|69/297|[from] item: Leftovers\n|-damage|p2a: Quagsire|0 fnt|[from] psn\n|faint|p2a: Quagsire\n|upkeep\n|inactive|Doc Peppa has 90 seconds left.\n|\n|t:|1781376498\n|switch|p2a: Revavroom|Revavroom, L79, F|256/256\n|-damage|p2a: Revavroom|192/256|[from] Spikes\n|turn|14\n|inactive|Doc Peppa has 60 seconds left.\n|\n|t:|1781376530\n|move|p2a: Revavroom|High Horsepower|p1a: Quagsire|[miss]\n|-miss|p2a: Revavroom|p1a: Quagsire\n|move|p1a: Quagsire|Earthquake|p2a: Revavroom\n|-supereffective|p2a: Revavroom\n|-damage|p2a: Revavroom|0 fnt\n|faint|p2a: Revavroom\n|\n|-heal|p1a: Quagsire|87/297|[from] item: Leftovers\n|upkeep\n|\n|t:|1781376546\n|switch|p2a: Haxorus|Haxorus, L77, F|244/244\n|-damage|p2a: Haxorus|183/244|[from] Spikes\n|-ability|p2a: Haxorus|Mold Breaker\n|turn|15\n|\n|t:|1781376551\n|move|p2a: Haxorus|Dragon Dance|p2a: Haxorus\n|-boost|p2a: Haxorus|atk|1\n|-boost|p2a: Haxorus|spe|1\n|move|p1a: Quagsire|Recover|p1a: Quagsire\n|-heal|p1a: Quagsire|236/297\n|\n|-heal|p1a: Quagsire|254/297|[from] item: Leftovers\n|upkeep\n|turn|16\n|\n|t:|1781376556\n|move|p2a: Haxorus|Dragon Dance|p2a: Haxorus\n|-boost|p2a: Haxorus|atk|1\n|-boost|p2a: Haxorus|spe|1\n|move|p1a: Quagsire|Toxic|p2a: Haxorus\n|-status|p2a: Haxorus|tox\n|-enditem|p2a: Haxorus|Lum Berry|[eat]\n|-curestatus|p2a: Haxorus|tox|[msg]\n|\n|-heal|p1a: Quagsire|272/297|[from] item: Leftovers\n|upkeep\n|turn|17\n|\n|t:|1781376563\n|move|p2a: Haxorus|Close Combat|p1a: Quagsire\n|-supereffective|p1a: Quagsire\n|-damage|p1a: Quagsire|0 fnt\n|-unboost|p2a: Haxorus|def|1\n|-unboost|p2a: Haxorus|spd|1\n|faint|p1a: Quagsire\n|\n|upkeep\n|\n|t:|1781376572\n|switch|p1a: Slaking|Slaking, L84, M|389/389\n|-damage|p1a: Slaking|292/389|[from] Spikes\n|turn|18\n|\n|t:|1781376584\n|move|p2a: Haxorus|Close Combat|p1a: Slaking\n|-supereffective|p1a: Slaking\n|-damage|p1a: Slaking|0 fnt\n|-unboost|p2a: Haxorus|def|1\n|-unboost|p2a: Haxorus|spd|1\n|faint|p1a: Slaking\n|\n|upkeep\n|\n|t:|1781376586\n|switch|p1a: Giratina|Giratina, L75|349/349 slp\n|-damage|p1a: Giratina|262/349 slp|[from] Spikes\n|-ability|p1a: Giratina|Pressure\n|turn|19\n|\n|t:|1781376589\n|move|p2a: Haxorus|Outrage|p1a: Giratina\n|-supereffective|p1a: Giratina\n|-damage|p1a: Giratina|0 fnt\n|faint|p1a: Giratina\n|\n|upkeep\n|\n|t:|1781376591\n|switch|p1a: Porygon-Z|Porygon-Z, L83|277/277\n|-damage|p1a: Porygon-Z|208/277|[from] Spikes\n|turn|20\n|\n|t:|1781376595\n|move|p2a: Haxorus|Outrage|p1a: Porygon-Z|[from] lockedmove\n|-damage|p1a: Porygon-Z|0 fnt\n|faint|p1a: Porygon-Z\n|-start|p2a: Haxorus|confusion|[fatigue]\n|\n|win|Doc Peppa\n|raw|Vincent553's rating: 1591 &rarr; <strong>1572</strong><br />(-19 for losing)\n|raw|Doc Peppa's rating: 1600 &rarr; <strong>1619</strong><br />(+19 for winning)\n|l|\u2606Vincent553\n|player|p1|\n", "inputlog": ">version a8376a258c1d4662feba110a92103f3664a72141\n>start {\"formatid\":\"gen9randombattle\",\"seed\":\"sodium,1ca2c80e7b5d9b16dc6ae097d519fe31\",\"rated\":\"Rated battle\"}\n>player p1 {\"name\":\"Vincent553\",\"avatar\":\"alder\",\"rating\":1591,\"seed\":\"sodium,2ae34d87c5185d84806ef9e3c36f6847\"}\n>player p2 {\"name\":\"Doc Peppa\",\"avatar\":\"doctor\",\"rating\":1600,\"seed\":\"sodium,2a96c49679943c4288c8c83e64481320\"}\n>p1 move shadowball\n>p2 move sleeppowder\n>p1 switch 5\n>p2 switch 6\n>p1 move knockoff\n>p2 move thunderbolt\n>p1 move closecombat\n>p2 move encore\n>p2 switch 3\n>p1 move closecombat\n>p2 move swordsdance\n>p1 switch 3\n>p1 move iceshard\n>p2 move ironhead terastallize\n>p1 switch 4\n>p1 move earthquake\n>p2 move scaleshot\n>p2 switch 4\n>p1 move toxic terastallize\n>p2 move toxic\n>p1 move spikes\n>p2 move spikes\n>p1 move spikes\n>p2 move spikes\n>p1 move spikes\n>p2 move spikes\n>p1 move earthquake\n>p2 move earthquake\n>p1 move recover\n>p2 move earthquake\n>p2 switch 5\n>p1 move earthquake\n>p2 move highhorsepower\n>p2 switch 2\n>p1 move recover\n>p2 move dragondance\n>p1 move toxic\n>p2 move dragondance\n>p1 move toxic\n>p2 move closecombat\n>p1 switch 6\n>p1 move doubleedge\n>p2 move closecombat\n>p1 switch 5\n>p1 move willowisp\n>p2 move outrage\n>p1 switch 2\n>p1 move triattack\n>p2 move outrage", "uploadtime": 1781376601, "views": 6, "formatid": "gen9randombattle", "rating": 1572, "private": 0, "password": null}