{"id": "gen9randombattle-2631455599", "format": "[Gen 9] Random Battle", "players": ["dbo4sho", "kyroshero"], "log": "|j|\u2606dbo4sho\n|j|\u2606kyroshero\n|t:|1781386807\n|gametype|singles\n|player|p1|dbo4sho|2|1182\n|player|p2|kyroshero|drayden|1224\n|gen|9\n|tier|[Gen 9] Random Battle\n|rated|\n|rule|Species Clause: Limit one of each Pok\u00e9mon\n|rule|HP Percentage Mod: HP is shown in percentages\n|rule|Sleep Clause Mod: Limit one foe put to sleep\n|rule|Illusion Level Mod: Illusion disguises the Pok\u00e9mon's true level\n|\n|t:|1781386807\n|teamsize|p1|6\n|teamsize|p2|6\n|start\n|switch|p1a: Perrserker|Perrserker, L89, M|269/269\n|switch|p2a: Virizion|Virizion, L82|283/283\n|turn|1\n|inactive|Battle timer is ON: inactive players will automatically lose when time's up. (requested by kyroshero)\n|\n|t:|1781386818\n|move|p2a: Virizion|Swords Dance|p2a: Virizion\n|-boost|p2a: Virizion|atk|2\n|move|p1a: Perrserker|U-turn|p2a: Virizion\n|-damage|p2a: Virizion|170/283\n|-damage|p1a: Perrserker|243/269|[from] item: Life Orb\n|\n|t:|1781386840\n|switch|p1a: Oricorio|Oricorio-Sensu, L85, F|266/266|[from] U-turn\n|\n|upkeep\n|turn|2\n|\n|t:|1781386856\n|move|p2a: Virizion|Stone Edge|p1a: Oricorio|[miss]\n|-miss|p2a: Virizion|p1a: Oricorio\n|move|p1a: Oricorio|Quiver Dance|p1a: Oricorio\n|-boost|p1a: Oricorio|spa|1\n|-boost|p1a: Oricorio|spd|1\n|-boost|p1a: Oricorio|spe|1\n|\n|upkeep\n|turn|3\n|\n|t:|1781386868\n|move|p1a: Oricorio|Hurricane|p2a: Virizion\n|-supereffective|p2a: Virizion\n|-damage|p2a: Virizion|0 fnt\n|faint|p2a: Virizion\n|\n|upkeep\n|\n|t:|1781386878\n|switch|p2a: Iron Bundle|Iron Bundle, L78|215/215\n|turn|4\n|\n|t:|1781386885\n|-terastallize|p1a: Oricorio|Fighting\n|move|p1a: Oricorio|Revelation Dance|p2a: Iron Bundle\n|-supereffective|p2a: Iron Bundle\n|-damage|p2a: Iron Bundle|0 fnt\n|faint|p2a: Iron Bundle\n|-end|p2a: Iron Bundle|Quark Drive|[silent]\n|\n|upkeep\n|\n|t:|1781386892\n|switch|p2a: Hoopa|Hoopa-Unbound, L80|259/259\n|turn|5\n|\n|t:|1781386913\n|move|p1a: Oricorio|Hurricane|p2a: Hoopa|[miss]\n|-miss|p1a: Oricorio|p2a: Hoopa\n|move|p2a: Hoopa|Psychic|p1a: Oricorio\n|-supereffective|p1a: Oricorio\n|-damage|p1a: Oricorio|60/266\n|\n|upkeep\n|turn|6\n|\n|t:|1781386922\n|move|p1a: Oricorio|Hurricane|p2a: Hoopa\n|-damage|p2a: Hoopa|121/259\n|-start|p2a: Hoopa|confusion\n|-activate|p2a: Hoopa|confusion\n|-damage|p2a: Hoopa|64/259|[from] confusion\n|\n|upkeep\n|turn|7\n|inactive|dbo4sho has 120 seconds left.\n|\n|t:|1781386950\n|move|p1a: Oricorio|Hurricane|p2a: Hoopa|[miss]\n|-miss|p1a: Oricorio|p2a: Hoopa\n|-activate|p2a: Hoopa|confusion\n|move|p2a: Hoopa|Psychic|p1a: Oricorio\n|-supereffective|p1a: Oricorio\n|-damage|p1a: Oricorio|0 fnt\n|faint|p1a: Oricorio\n|\n|upkeep\n|inactive|dbo4sho has 120 seconds left.\n|\n|t:|1781386962\n|switch|p1a: Bruxish|Bruxish, L85, F|254/254\n|turn|8\n|\n|t:|1781386971\n|move|p1a: Bruxish|Crunch|p2a: Hoopa\n|-damage|p2a: Hoopa|0 fnt\n|faint|p2a: Hoopa\n|\n|upkeep\n|\n|t:|1781386998\n|switch|p2a: Zangoose|Zangoose, L85, F|263/263\n|turn|9\n|\n|t:|1781387017\n|move|p1a: Bruxish|Crunch|p2a: Zangoose\n|-damage|p2a: Zangoose|140/263\n|move|p2a: Zangoose|Knock Off|p1a: Bruxish\n|-supereffective|p1a: Bruxish\n|-damage|p1a: Bruxish|66/254\n|-enditem|p1a: Bruxish|Choice Scarf|[from] move: Knock Off|[of] p2a: Zangoose\n|\n|-status|p2a: Zangoose|tox|[from] item: Toxic Orb\n|upkeep\n|turn|10\n|\n|t:|1781387030\n|move|p2a: Zangoose|Quick Attack|p1a: Bruxish\n|-damage|p1a: Bruxish|0 fnt\n|faint|p1a: Bruxish\n|\n|-damage|p2a: Zangoose|124/263 tox|[from] psn\n|upkeep\n|\n|t:|1781387037\n|switch|p1a: Terapagos|Terapagos, L77, F|265/265\n|-activate|p1a: Terapagos|ability: Tera Shift\n|detailschange|p1a: Terapagos|Terapagos-Terastal, L77, F\n|-heal|p1a: Terapagos|273/273|[silent]\n|turn|11\n|inactive|dbo4sho has 120 seconds left.\n|\n|t:|1781387055\n|move|p2a: Zangoose|Close Combat|p1a: Terapagos\n|-activate|p1a: Terapagos|ability: Tera Shell\n|-resisted|p1a: Terapagos\n|-damage|p1a: Terapagos|206/273\n|-unboost|p2a: Zangoose|def|1\n|-unboost|p2a: Zangoose|spd|1\n|move|p1a: Terapagos|Earth Power|p2a: Zangoose\n|-damage|p2a: Zangoose|18/263 tox\n|-unboost|p2a: Zangoose|spd|1\n|\n|-damage|p2a: Zangoose|0 fnt|[from] psn\n|faint|p2a: Zangoose\n|upkeep\n|\n|t:|1781387060\n|switch|p2a: Falinks|Falinks, L84|246/246\n|turn|12\n|\n|t:|1781387073\n|switch|p1a: Alomomola|Alomomola, L87, M|429/429\n|move|p2a: Falinks|No Retreat|p2a: Falinks\n|-boost|p2a: Falinks|atk|1\n|-boost|p2a: Falinks|def|1\n|-boost|p2a: Falinks|spa|1\n|-boost|p2a: Falinks|spd|1\n|-boost|p2a: Falinks|spe|1\n|-start|p2a: Falinks|move: No Retreat\n|\n|upkeep\n|turn|13\n|\n|t:|1781387086\n|move|p2a: Falinks|Knock Off|p1a: Alomomola\n|-damage|p1a: Alomomola|298/429\n|-enditem|p1a: Alomomola|Heavy-Duty Boots|[from] move: Knock Off|[of] p2a: Falinks\n|-damage|p2a: Falinks|222/246|[from] item: Life Orb\n|move|p1a: Alomomola|Scald|p2a: Falinks\n|-damage|p2a: Falinks|179/246\n|\n|upkeep\n|turn|14\n|\n|t:|1781387096\n|move|p2a: Falinks|Iron Head|p1a: Alomomola\n|-resisted|p1a: Alomomola\n|-damage|p1a: Alomomola|234/429\n|-damage|p2a: Falinks|155/246|[from] item: Life Orb\n|cant|p1a: Alomomola|flinch\n|\n|upkeep\n|turn|15\n|\n|t:|1781387105\n|move|p1a: Alomomola|Protect|p1a: Alomomola\n|-singleturn|p1a: Alomomola|Protect\n|move|p2a: Falinks|Close Combat|p1a: Alomomola\n|-activate|p1a: Alomomola|move: Protect\n|\n|upkeep\n|turn|16\n|\n|t:|1781387111\n|move|p2a: Falinks|Close Combat|p1a: Alomomola\n|-damage|p1a: Alomomola|0 fnt\n|-unboost|p2a: Falinks|def|1\n|-unboost|p2a: Falinks|spd|1\n|faint|p1a: Alomomola\n|-damage|p2a: Falinks|131/246|[from] item: Life Orb\n|\n|upkeep\n|\n|t:|1781387120\n|switch|p1a: Arceus|Arceus-Psychic, L69|280/280\n|turn|17\n|\n|t:|1781387128\n|-terastallize|p2a: Falinks|Steel\n|move|p2a: Falinks|Knock Off|p1a: Arceus\n|-supereffective|p1a: Arceus\n|-crit|p1a: Arceus\n|-damage|p1a: Arceus|28/280\n|-damage|p2a: Falinks|107/246|[from] item: Life Orb\n|move|p1a: Arceus|Cosmic Power|p1a: Arceus\n|-boost|p1a: Arceus|def|1\n|-boost|p1a: Arceus|spd|1\n|\n|upkeep\n|turn|18\n|-message|dbo4sho forfeited.\n|\n|win|kyroshero\n|raw|dbo4sho's rating: 1182 &rarr; <strong>1160</strong><br />(-22 for losing)\n|raw|kyroshero's rating: 1224 &rarr; <strong>1246</strong><br />(+22 for winning)\n|l|\u2606dbo4sho\n|player|p1|\n", "inputlog": ">version a8376a258c1d4662feba110a92103f3664a72141\n>start {\"formatid\":\"gen9randombattle\",\"seed\":\"sodium,4034e444e75cb912f3ef0bcd871cd96a\",\"rated\":\"Rated battle\"}\n>player p1 {\"name\":\"dbo4sho\",\"avatar\":\"2\",\"rating\":1182,\"seed\":\"sodium,801bf95f707bac25e91578db1d25e35a\"}\n>player p2 {\"name\":\"kyroshero\",\"avatar\":\"drayden\",\"rating\":1224,\"seed\":\"sodium,c6f95edf43ca0b833feb3ec6c42afad8\"}\n>p1 move uturn\n>p2 move swordsdance\n>p1 switch 5\n>p1 move quiverdance\n>p2 move stoneedge\n>p1 move hurricane\n>p2 move stoneedge\n>p2 switch 6\n>p1 move revelationdance terastallize\n>p2 move freezedry\n>p2 switch 5\n>p1 move hurricane\n>p2 move psychic\n>p1 move hurricane\n>p2 move psychic\n>p1 move hurricane\n>p2 move psychic\n>p1 switch 6\n>p1 move crunch\n>p2 move psychic\n>p2 switch 4\n>p1 move crunch\n>p2 move knockoff\n>p1 move wavecrash\n>p2 move quickattack\n>p1 switch 3\n>p1 move earthpower\n>p2 move closecombat\n>p2 switch 2\n>p1 switch 2\n>p2 move noretreat\n>p1 move scald\n>p2 move knockoff\n>p1 move scald\n>p2 move ironhead\n>p1 move protect\n>p2 move closecombat\n>p1 move wish\n>p2 move closecombat\n>p1 switch 4\n>p1 move cosmicpower\n>p2 move knockoff terastallize\n>forcelose p1", "uploadtime": 1781387139, "views": 5, "formatid": "gen9randombattle", "rating": 1160, "private": 0, "password": null}