{"id": "gen9randombattle-2631759160", "format": "[Gen 9] Random Battle", "players": ["It'sOnlyRed?", "green8Bit"], "log": "|j|\u2606It'sOnlyRed?\n|j|\u2606green8Bit\n|t:|1781435093\n|gametype|singles\n|player|p1|It'sOnlyRed?|blue-gen3|2097\n|player|p2|green8Bit|102|2098\n|gen|9\n|tier|[Gen 9] Random Battle\n|rated|\n|rule|Species Clause: Limit one of each Pok\u00e9mon\n|rule|HP Percentage Mod: HP is shown in percentages\n|rule|Sleep Clause Mod: Limit one foe put to sleep\n|rule|Illusion Level Mod: Illusion disguises the Pok\u00e9mon's true level\n|\n|t:|1781435093\n|teamsize|p1|6\n|teamsize|p2|6\n|start\n|switch|p1a: Lokix|Lokix, L82, M|251/251\n|switch|p2a: Infernape|Infernape, L82, M|259/259\n|turn|1\n|inactive|Battle timer is ON: inactive players will automatically lose when time's up. (requested by It'sOnlyRed?)\n|\n|t:|1781435110\n|switch|p1a: Quaquaval|Quaquaval, L79, F|264/264\n|move|p2a: Infernape|Overheat|p1a: Quaquaval\n|-resisted|p1a: Quaquaval\n|-damage|p1a: Quaquaval|155/264\n|-unboost|p2a: Infernape|spa|2\n|-damage|p2a: Infernape|234/259|[from] item: Life Orb\n|\n|upkeep\n|turn|2\n|inactive|green8Bit has 120 seconds left.\n|\n|t:|1781435143\n|switch|p1a: Mimikyu|Mimikyu, L79, M|216/216\n|move|p2a: Infernape|Close Combat|p1a: Mimikyu\n|-immune|p1a: Mimikyu\n|\n|upkeep\n|turn|3\n|inactive|green8Bit has 120 seconds left.\n|inactive|green8Bit has 90 seconds left.\n|\n|t:|1781435198\n|switch|p2a: Sandaconda|Sandaconda, L84, F|258/258\n|move|p1a: Mimikyu|Swords Dance|p1a: Mimikyu\n|-boost|p1a: Mimikyu|atk|2\n|\n|upkeep\n|turn|4\n|inactive|It'sOnlyRed? has 120 seconds left.\n|\n|t:|1781435238\n|move|p1a: Mimikyu|Play Rough|p2a: Sandaconda\n|-damage|p2a: Sandaconda|94/258\n|-damage|p1a: Mimikyu|195/216|[from] item: Life Orb\n|move|p2a: Sandaconda|Glare|p1a: Mimikyu\n|-status|p1a: Mimikyu|par\n|\n|-heal|p2a: Sandaconda|110/258|[from] item: Leftovers\n|upkeep\n|turn|5\n|inactive|green8Bit has 90 seconds left.\n|\n|t:|1781435252\n|move|p2a: Sandaconda|Stealth Rock|p1a: Mimikyu\n|-sidestart|p1: It'sOnlyRed?|move: Stealth Rock\n|move|p1a: Mimikyu|Play Rough|p2a: Sandaconda\n|-damage|p2a: Sandaconda|0 fnt\n|faint|p2a: Sandaconda\n|-damage|p1a: Mimikyu|174/216 par|[from] item: Life Orb\n|\n|upkeep\n|inactive|green8Bit has 90 seconds left.\n|\n|t:|1781435271\n|switch|p2a: Greedent|Greedent, L86, F|347/347\n|turn|6\n|inactive|It'sOnlyRed? has 120 seconds left.\n|\n|t:|1781435284\n|move|p1a: Mimikyu|Drain Punch|p2a: Greedent\n|-supereffective|p2a: Greedent\n|-damage|p2a: Greedent|126/347\n|-heal|p1a: Mimikyu|216/216 par|[from] drain|[of] p2a: Greedent\n|-enditem|p2a: Greedent|Sitrus Berry|[eat]\n|-heal|p2a: Greedent|212/347|[from] item: Sitrus Berry\n|-heal|p2a: Greedent|327/347|[from] ability: Cheek Pouch\n|-damage|p1a: Mimikyu|195/216 par|[from] item: Life Orb\n|move|p2a: Greedent|Knock Off|p1a: Mimikyu\n|-activate|p1a: Mimikyu|ability: Disguise\n|-damage|p1a: Mimikyu|195/216 par\n|-enditem|p1a: Mimikyu|Life Orb|[from] move: Knock Off|[of] p2a: Greedent\n|detailschange|p1a: Mimikyu|Mimikyu-Busted, L79, M\n|-damage|p1a: Mimikyu|168/216 par|[from] pokemon: Mimikyu-Busted\n|\n|upkeep\n|turn|7\n|j| rufoush\n|\n|t:|1781435301\n|move|p1a: Mimikyu|Drain Punch|p2a: Greedent\n|-supereffective|p2a: Greedent\n|-damage|p2a: Greedent|149/347\n|-heal|p1a: Mimikyu|216/216 par|[from] drain|[of] p2a: Greedent\n|move|p2a: Greedent|Swords Dance|p2a: Greedent\n|-boost|p2a: Greedent|atk|2\n|\n|upkeep\n|turn|8\n|\n|t:|1781435312\n|-terastallize|p2a: Greedent|Ground\n|cant|p1a: Mimikyu|par\n|move|p2a: Greedent|Earthquake|p1a: Mimikyu\n|-damage|p1a: Mimikyu|0 fnt\n|faint|p1a: Mimikyu\n|\n|upkeep\n|\n|t:|1781435321\n|switch|p1a: Quaquaval|Quaquaval, L79, F|155/264\n|-damage|p1a: Quaquaval|139/264|[from] Stealth Rock\n|turn|9\n|\n|t:|1781435344\n|switch|p2a: Latias|Latias, L79, F|256/256\n|move|p1a: Quaquaval|Aqua Step|p2a: Latias\n|-resisted|p2a: Latias\n|-damage|p2a: Latias|187/256\n|-boost|p1a: Quaquaval|spe|1\n|\n|upkeep\n|turn|10\n|\n|t:|1781435365\n|switch|p1a: Malamar|Malamar, L82, M|275/275\n|-damage|p1a: Malamar|241/275|[from] Stealth Rock\n|move|p2a: Latias|Draco Meteor|p1a: Malamar\n|-damage|p1a: Malamar|48/275\n|-unboost|p2a: Latias|spa|2\n|\n|-heal|p1a: Malamar|65/275|[from] item: Leftovers\n|upkeep\n|turn|11\n|\n|t:|1781435378\n|switch|p1a: Lokix|Lokix, L82, M|251/251\n|-damage|p1a: Lokix|189/251|[from] Stealth Rock\n|move|p2a: Latias|Draco Meteor|p1a: Lokix\n|-damage|p1a: Lokix|65/251\n|-unboost|p2a: Latias|spa|2\n|\n|upkeep\n|turn|12\n|inactive|green8Bit has 60 seconds left.\n|\n|t:|1781435409\n|switch|p2a: Dedenne|Dedenne, L88, M|261/261\n|move|p1a: Lokix|Knock Off|p2a: Dedenne\n|-resisted|p2a: Dedenne\n|-damage|p2a: Dedenne|76/261\n|-enditem|p2a: Dedenne|Sitrus Berry|[from] move: Knock Off|[of] p1a: Lokix\n|-damage|p1a: Lokix|40/251|[from] item: Life Orb\n|\n|upkeep\n|turn|13\n|\n|t:|1781435419\n|move|p1a: Lokix|Sucker Punch|p2a: Dedenne\n|-resisted|p2a: Dedenne\n|-damage|p2a: Dedenne|0 fnt\n|faint|p2a: Dedenne\n|-damage|p1a: Lokix|15/251|[from] item: Life Orb\n|\n|upkeep\n|\n|t:|1781435426\n|switch|p2a: Greedent|Greedent, L86, F, tera:Ground|149/347\n|turn|14\n|\n|t:|1781435431\n|move|p1a: Lokix|Leech Life|p2a: Greedent\n|-damage|p2a: Greedent|52/347\n|-heal|p1a: Lokix|64/251|[from] drain|[of] p2a: Greedent\n|-damage|p1a: Lokix|39/251|[from] item: Life Orb\n|move|p2a: Greedent|Body Slam|p1a: Lokix\n|-damage|p1a: Lokix|0 fnt\n|faint|p1a: Lokix\n|\n|upkeep\n|\n|t:|1781435443\n|switch|p1a: Quaquaval|Quaquaval, L79, F|139/264\n|-damage|p1a: Quaquaval|123/264|[from] Stealth Rock\n|turn|15\n|\n|t:|1781435452\n|move|p1a: Quaquaval|Knock Off|p2a: Greedent\n|-damage|p2a: Greedent|0 fnt\n|faint|p2a: Greedent\n|-ability|p1a: Quaquaval|Moxie|boost\n|-boost|p1a: Quaquaval|atk|1\n|\n|upkeep\n|\n|t:|1781435458\n|switch|p2a: Swampert|Swampert, L83, M|302/302\n|turn|16\n|\n|t:|1781435471\n|move|p1a: Quaquaval|Knock Off|p2a: Swampert\n|-damage|p2a: Swampert|150/302\n|-enditem|p2a: Swampert|Assault Vest|[from] move: Knock Off|[of] p1a: Quaquaval\n|move|p2a: Swampert|Earthquake|p1a: Quaquaval\n|-damage|p1a: Quaquaval|0 fnt\n|faint|p1a: Quaquaval\n|\n|upkeep\n|inactive|It'sOnlyRed? has 120 seconds left.\n|\n|t:|1781435498\n|switch|p1a: Lucario|Lucario, L84, F|255/255\n|-damage|p1a: Lucario|248/255|[from] Stealth Rock\n|turn|17\n|inactive|green8Bit has 90 seconds left.\n|inactive|It'sOnlyRed? has 120 seconds left.\n|\n|t:|1781435531\n|-terastallize|p1a: Lucario|Fighting\n|move|p1a: Lucario|Aura Sphere|p2a: Swampert\n|-damage|p2a: Swampert|0 fnt\n|faint|p2a: Swampert\n|-damage|p1a: Lucario|223/255|[from] item: Life Orb\n|\n|upkeep\n|inactive|green8Bit has 60 seconds left.\n|\n|t:|1781435572\n|switch|p2a: Latias|Latias, L79, F|187/256\n|turn|18\n|\n|t:|1781435585\n|switch|p1a: Malamar|Malamar, L82, M|65/275\n|-damage|p1a: Malamar|31/275|[from] Stealth Rock\n|move|p2a: Latias|Calm Mind|p2a: Latias\n|-boost|p2a: Latias|spa|1\n|-boost|p2a: Latias|spd|1\n|\n|-heal|p1a: Malamar|48/275|[from] item: Leftovers\n|upkeep\n|turn|19\n|\n|t:|1781435590\n|move|p2a: Latias|Draco Meteor|p1a: Malamar\n|-damage|p1a: Malamar|0 fnt\n|-unboost|p2a: Latias|spa|2\n|faint|p1a: Malamar\n|\n|upkeep\n|\n|t:|1781435593\n|switch|p1a: Lunala|Lunala, L70|308/308\n|-damage|p1a: Lunala|270/308|[from] Stealth Rock\n|turn|20\n|\n|t:|1781435615\n|move|p2a: Latias|Calm Mind|p2a: Latias\n|-boost|p2a: Latias|spa|1\n|-boost|p2a: Latias|spd|1\n|move|p1a: Lunala|Moongeist Beam|p2a: Latias\n|-supereffective|p2a: Latias\n|-damage|p2a: Latias|113/256\n|\n|-heal|p1a: Lunala|289/308|[from] item: Leftovers\n|upkeep\n|turn|21\n|inactive|green8Bit has 30 seconds left.\n|\n|t:|1781435635\n|move|p2a: Latias|Psyshock|p1a: Lunala\n|-resisted|p1a: Lunala\n|-crit|p1a: Lunala\n|-damage|p1a: Lunala|194/308\n|move|p1a: Lunala|Moongeist Beam|p2a: Latias\n|-supereffective|p2a: Latias\n|-damage|p2a: Latias|29/256\n|\n|-heal|p1a: Lunala|213/308|[from] item: Leftovers\n|upkeep\n|turn|22\n|\n|t:|1781435644\n|move|p2a: Latias|Recover|p2a: Latias\n|-heal|p2a: Latias|157/256\n|move|p1a: Lunala|Calm Mind|p1a: Lunala\n|-boost|p1a: Lunala|spa|1\n|-boost|p1a: Lunala|spd|1\n|\n|-heal|p1a: Lunala|232/308|[from] item: Leftovers\n|upkeep\n|turn|23\n|\n|t:|1781435650\n|move|p2a: Latias|Calm Mind|p2a: Latias\n|-boost|p2a: Latias|spa|1\n|-boost|p2a: Latias|spd|1\n|move|p1a: Lunala|Calm Mind|p1a: Lunala\n|-boost|p1a: Lunala|spa|1\n|-boost|p1a: Lunala|spd|1\n|\n|-heal|p1a: Lunala|251/308|[from] item: Leftovers\n|upkeep\n|turn|24\n|\n|t:|1781435657\n|move|p2a: Latias|Calm Mind|p2a: Latias\n|-boost|p2a: Latias|spa|1\n|-boost|p2a: Latias|spd|1\n|move|p1a: Lunala|Moongeist Beam|p2a: Latias\n|-supereffective|p2a: Latias\n|-damage|p2a: Latias|43/256\n|\n|-heal|p1a: Lunala|270/308|[from] item: Leftovers\n|upkeep\n|turn|25\n|\n|t:|1781435661\n|move|p2a: Latias|Recover|p2a: Latias\n|-heal|p2a: Latias|171/256\n|move|p1a: Lunala|Moonblast|p2a: Latias\n|-supereffective|p2a: Latias\n|-damage|p2a: Latias|109/256\n|\n|-heal|p1a: Lunala|289/308|[from] item: Leftovers\n|upkeep\n|turn|26\n|\n|t:|1781435674\n|move|p2a: Latias|Psyshock|p1a: Lunala\n|-resisted|p1a: Lunala\n|-damage|p1a: Lunala|182/308\n|move|p1a: Lunala|Calm Mind|p1a: Lunala\n|-boost|p1a: Lunala|spa|1\n|-boost|p1a: Lunala|spd|1\n|\n|-heal|p1a: Lunala|201/308|[from] item: Leftovers\n|upkeep\n|turn|27\n|\n|t:|1781435681\n|move|p2a: Latias|Recover|p2a: Latias\n|-heal|p2a: Latias|237/256\n|move|p1a: Lunala|Moonlight|p1a: Lunala\n|-heal|p1a: Lunala|308/308\n|\n|upkeep\n|turn|28\n|\n|t:|1781435689\n|move|p2a: Latias|Calm Mind|p2a: Latias\n|-boost|p2a: Latias|spa|1\n|-boost|p2a: Latias|spd|1\n|move|p1a: Lunala|Calm Mind|p1a: Lunala\n|-boost|p1a: Lunala|spa|1\n|-boost|p1a: Lunala|spd|1\n|\n|upkeep\n|turn|29\n|inactive|green8Bit has 90 seconds left.\n|\n|t:|1781435694\n|move|p2a: Latias|Calm Mind|p2a: Latias\n|-boost|p2a: Latias|spa|1\n|-boost|p2a: Latias|spd|1\n|move|p1a: Lunala|Moongeist Beam|p2a: Latias\n|-supereffective|p2a: Latias\n|-damage|p2a: Latias|111/256\n|\n|upkeep\n|turn|30\n|\n|t:|1781435698\n|move|p2a: Latias|Recover|p2a: Latias\n|-heal|p2a: Latias|239/256\n|move|p1a: Lunala|Moongeist Beam|p2a: Latias\n|-supereffective|p2a: Latias\n|-damage|p2a: Latias|129/256\n|\n|upkeep\n|turn|31\n|\n|t:|1781435703\n|move|p2a: Latias|Psyshock|p1a: Lunala\n|-resisted|p1a: Lunala\n|-damage|p1a: Lunala|227/308\n|move|p1a: Lunala|Calm Mind|p1a: Lunala\n|-boost|p1a: Lunala|spa|1\n|-boost|p1a: Lunala|spd|1\n|\n|-heal|p1a: Lunala|246/308|[from] item: Leftovers\n|upkeep\n|turn|32\n|\n|t:|1781435710\n|move|p2a: Latias|Psyshock|p1a: Lunala\n|-resisted|p1a: Lunala\n|-damage|p1a: Lunala|86/308\n|move|p1a: Lunala|Moongeist Beam|p2a: Latias\n|-supereffective|p2a: Latias\n|-damage|p2a: Latias|0 fnt\n|faint|p2a: Latias\n|\n|-heal|p1a: Lunala|105/308|[from] item: Leftovers\n|upkeep\n|\n|t:|1781435713\n|switch|p2a: Infernape|Infernape, L82, M|234/259\n|turn|33\n|\n|t:|1781435718\n|move|p2a: Infernape|Gunk Shot|p1a: Lunala\n|-resisted|p1a: Lunala\n|-damage|p1a: Lunala|40/308\n|-damage|p2a: Infernape|209/259|[from] item: Life Orb\n|move|p1a: Lunala|Moonblast|p2a: Infernape\n|-damage|p2a: Infernape|0 fnt\n|faint|p2a: Infernape\n|\n|win|It'sOnlyRed?\n", "inputlog": ">version a8376a258c1d4662feba110a92103f3664a72141\n>start {\"formatid\":\"gen9randombattle\",\"seed\":\"sodium,64abfaddf687104673ce21cc777c0b3b\",\"rated\":\"Rated battle\"}\n>player p1 {\"name\":\"It'sOnlyRed?\",\"avatar\":\"blue-gen3\",\"rating\":2097,\"seed\":\"sodium,e1b1c18d599321550534bce473c6f518\"}\n>player p2 {\"name\":\"green8Bit\",\"avatar\":\"102\",\"rating\":2098,\"seed\":\"sodium,a815a8c4b16a478230de646827e98b91\"}\n>p1 switch 4\n>p2 move overheat\n>p1 switch 5\n>p2 move closecombat\n>p1 move swordsdance\n>p2 switch 3\n>p1 move playrough\n>p2 move glare\n>p1 move playrough\n>p2 move stealthrock\n>p2 switch 5\n>p1 move drainpunch\n>p2 move knockoff\n>p1 move drainpunch\n>p2 move swordsdance\n>p1 move drainpunch\n>p2 move earthquake terastallize\n>p1 switch 5\n>p1 move aquastep\n>p2 switch 2\n>p1 switch 3\n>p2 move dracometeor\n>p1 switch 4\n>p2 move dracometeor\n>p1 move knockoff\n>p2 switch 6\n>p1 move suckerpunch\n>p2 move uturn\n>p2 switch 2\n>p1 move leechlife\n>p2 move bodyslam\n>p1 switch 3\n>p1 move knockoff\n>p2 move earthquake\n>p2 switch 4\n>p1 move knockoff\n>p2 move earthquake\n>p1 switch 2\n>p1 move aurasphere terastallize\n>p2 move earthquake\n>p2 switch 6\n>p1 switch 4\n>p2 move calmmind\n>p1 move rest\n>p2 move dracometeor\n>p1 switch 6\n>p1 move moongeistbeam\n>p2 move calmmind\n>p1 move moongeistbeam\n>p2 move psyshock\n>p1 move calmmind\n>p2 move recover\n>p1 move calmmind\n>p2 move calmmind\n>p1 move moongeistbeam\n>p2 move calmmind\n>p1 move moonblast\n>p2 move recover\n>p1 move calmmind\n>p2 move psyshock\n>p1 move moonlight\n>p2 move recover\n>p1 move calmmind\n>p2 move calmmind\n>p1 move moongeistbeam\n>p2 move calmmind\n>p1 move moongeistbeam\n>p2 move recover\n>p1 move calmmind\n>p2 move psyshock\n>p1 move moongeistbeam\n>p2 move psyshock\n>p2 switch 3\n>p1 move moonblast\n>p2 move gunkshot", "uploadtime": 1781435096, "views": 7, "formatid": "gen9randombattle", "rating": null, "private": 0, "password": null}