{"id": "gen9randombattle-2631889961", "format": "[Gen 9] Random Battle", "players": ["matthewma654321", "Mikayel"], "log": "|j|\u2606matthewma654321\n|j|\u2606Mikayel\n|t:|1781452466\n|gametype|singles\n|player|p1|matthewma654321|102|1890\n|player|p2|Mikayel|ash|1923\n|gen|9\n|tier|[Gen 9] Random Battle\n|rated|\n|rule|Species Clause: Limit one of each Pok\u00e9mon\n|rule|HP Percentage Mod: HP is shown in percentages\n|rule|Sleep Clause Mod: Limit one foe put to sleep\n|rule|Illusion Level Mod: Illusion disguises the Pok\u00e9mon's true level\n|\n|t:|1781452466\n|teamsize|p1|6\n|teamsize|p2|6\n|start\n|switch|p1a: Gardevoir|Gardevoir, L83, F|249/249\n|switch|p2a: Emboar|Emboar, L84, F|322/322\n|-ability|p1a: Gardevoir|Reckless|Trace|[from] ability: Trace|[of] p2a: Emboar\n|turn|1\n|inactive|Battle timer is ON: inactive players will automatically lose when time's up. (requested by Mikayel)\n|\n|t:|1781452482\n|switch|p2a: Dialga|Dialga, L73|266/266\n|-ability|p2a: Dialga|Pressure\n|move|p1a: Gardevoir|Psyshock|p2a: Dialga\n|-resisted|p2a: Dialga\n|-damage|p2a: Dialga|194/266\n|\n|upkeep\n|turn|2\n|\n|t:|1781452494\n|switch|p1a: Wyrdeer|Wyrdeer, L87, F|321/321\n|-ability|p1a: Wyrdeer|Intimidate|boost\n|-unboost|p2a: Dialga|atk|1\n|move|p2a: Dialga|Heavy Slam|p1a: Wyrdeer\n|-damage|p1a: Wyrdeer|233/321\n|\n|upkeep\n|turn|3\n|\n|t:|1781452515\n|move|p2a: Dialga|Draco Meteor|p1a: Wyrdeer\n|-damage|p1a: Wyrdeer|127/321\n|-unboost|p2a: Dialga|spa|2\n|move|p1a: Wyrdeer|Body Slam|p2a: Dialga\n|-resisted|p2a: Dialga\n|-damage|p2a: Dialga|148/266\n|-status|p2a: Dialga|par\n|\n|upkeep\n|turn|4\n|\n|t:|1781452523\n|switch|p2a: Mandibuzz|Mandibuzz, L85, F|326/326\n|move|p1a: Wyrdeer|Earthquake|p2a: Mandibuzz\n|-immune|p2a: Mandibuzz\n|\n|upkeep\n|turn|5\n|\n|t:|1781452528\n|switch|p1a: Fezandipiti|Fezandipiti, L82, M|278/278\n|move|p2a: Mandibuzz|Foul Play|p1a: Fezandipiti\n|-resisted|p1a: Fezandipiti\n|-damage|p1a: Fezandipiti|227/278\n|\n|-heal|p1a: Fezandipiti|244/278|[from] item: Leftovers\n|upkeep\n|turn|6\n|\n|t:|1781452533\n|switch|p2a: Dialga|Dialga, L73|148/266 par\n|-ability|p2a: Dialga|Pressure\n|move|p1a: Fezandipiti|Moonblast|p2a: Dialga\n|-damage|p2a: Dialga|96/266 par\n|\n|-heal|p1a: Fezandipiti|261/278|[from] item: Leftovers\n|upkeep\n|turn|7\n|\n|t:|1781452539\n|switch|p1a: Wyrdeer|Wyrdeer, L87, F|127/321\n|-ability|p1a: Wyrdeer|Intimidate|boost\n|-unboost|p2a: Dialga|atk|1\n|cant|p2a: Dialga|par\n|\n|upkeep\n|turn|8\n|\n|t:|1781452543\n|move|p1a: Wyrdeer|Earthquake|p2a: Dialga\n|-supereffective|p2a: Dialga\n|-damage|p2a: Dialga|0 fnt\n|faint|p2a: Dialga\n|\n|upkeep\n|inactive|Mikayel has 120 seconds left.\n|\n|t:|1781452578\n|switch|p2a: Mandibuzz|Mandibuzz, L85, F|326/326\n|turn|9\n|\n|t:|1781452584\n|switch|p1a: Fezandipiti|Fezandipiti, L82, M|261/278\n|move|p2a: Mandibuzz|Brave Bird|p1a: Fezandipiti\n|-damage|p1a: Fezandipiti|161/278\n|-damage|p2a: Mandibuzz|293/326|[from] Recoil\n|\n|-heal|p1a: Fezandipiti|178/278|[from] item: Leftovers\n|upkeep\n|turn|10\n|\n|t:|1781452597\n|switch|p2a: Emboar|Emboar, L84, F|322/322\n|move|p1a: Fezandipiti|Roost|p1a: Fezandipiti\n|-heal|p1a: Fezandipiti|278/278\n|-singleturn|p1a: Fezandipiti|move: Roost\n|\n|upkeep\n|turn|11\n|\n|t:|1781452610\n|switch|p1a: Appletun|Appletun, L92, M|352/352\n|move|p2a: Emboar|Flare Blitz|p1a: Appletun\n|-damage|p1a: Appletun|207/352\n|-damage|p2a: Emboar|274/322|[from] Recoil\n|\n|-heal|p1a: Appletun|229/352|[from] item: Leftovers\n|upkeep\n|turn|12\n|\n|t:|1781452620\n|switch|p2a: Rabsca|Rabsca, L91, M|284/284\n|move|p1a: Appletun|Draco Meteor|p2a: Rabsca\n|-damage|p2a: Rabsca|148/284\n|-unboost|p1a: Appletun|spa|2\n|\n|-heal|p1a: Appletun|251/352|[from] item: Leftovers\n|upkeep\n|turn|13\n|\n|t:|1781452632\n|switch|p1a: Wyrdeer|Wyrdeer, L87, F|127/321\n|-ability|p1a: Wyrdeer|Intimidate|boost\n|-unboost|p2a: Rabsca|atk|1\n|move|p2a: Rabsca|Revival Blessing|p2a: Rabsca\n|\n|t:|1781452634\n|-heal|p2: Dialga|133/266|[from] move: Revival Blessing\n|\n|upkeep\n|turn|14\n|\n|t:|1781452637\n|move|p1a: Wyrdeer|Earthquake|p2a: Rabsca\n|-resisted|p2a: Rabsca\n|-damage|p2a: Rabsca|111/284\n|move|p2a: Rabsca|Bug Buzz|p1a: Wyrdeer\n|-supereffective|p1a: Wyrdeer\n|-damage|p1a: Wyrdeer|0 fnt\n|faint|p1a: Wyrdeer\n|\n|upkeep\n|\n|t:|1781452655\n|switch|p1a: Gardevoir|Gardevoir, L83, F|249/249\n|-ability|p1a: Gardevoir|Synchronize|Trace|[from] ability: Trace|[of] p2a: Rabsca\n|turn|15\n|\n|t:|1781452659\n|move|p1a: Gardevoir|Moonblast|p2a: Rabsca\n|-damage|p2a: Rabsca|0 fnt\n|faint|p2a: Rabsca\n|\n|upkeep\n|\n|t:|1781452666\n|switch|p2a: Dialga|Dialga, L73|133/266\n|-ability|p2a: Dialga|Pressure\n|turn|16\n|\n|t:|1781452671\n|switch|p1a: Pawmot|Pawmot, L80, M|243/243\n|move|p2a: Dialga|Heavy Slam|p1a: Pawmot\n|-resisted|p1a: Pawmot\n|-damage|p1a: Pawmot|171/243\n|\n|upkeep\n|turn|17\n|\n|t:|1781452682\n|move|p1a: Pawmot|Close Combat|p2a: Dialga\n|-supereffective|p2a: Dialga\n|-damage|p2a: Dialga|0 fnt\n|-unboost|p1a: Pawmot|def|1\n|-unboost|p1a: Pawmot|spd|1\n|faint|p2a: Dialga\n|-damage|p1a: Pawmot|147/243|[from] item: Life Orb\n|\n|upkeep\n|inactive|Mikayel has 120 seconds left.\n|\n|t:|1781452718\n|switch|p2a: Darkrai|Darkrai, L77|234/234\n|turn|18\n|\n|t:|1781452725\n|switch|p1a: Fezandipiti|Fezandipiti, L82, M|278/278\n|move|p2a: Darkrai|Hypnosis|p1a: Fezandipiti\n|-status|p1a: Fezandipiti|slp|[from] move: Hypnosis\n|\n|-damage|p1a: Fezandipiti|244/278 slp|[from] ability: Bad Dreams|[of] p2a: Darkrai\n|upkeep\n|turn|19\n|\n|t:|1781452729\n|move|p2a: Darkrai|Nasty Plot|p2a: Darkrai\n|-boost|p2a: Darkrai|spa|2\n|cant|p1a: Fezandipiti|slp\n|\n|-heal|p1a: Fezandipiti|261/278 slp|[from] item: Leftovers\n|-damage|p1a: Fezandipiti|227/278 slp|[from] ability: Bad Dreams|[of] p2a: Darkrai\n|upkeep\n|turn|20\n|\n|t:|1781452739\n|-terastallize|p2a: Darkrai|Poison\n|move|p2a: Darkrai|Nasty Plot|p2a: Darkrai\n|-boost|p2a: Darkrai|spa|2\n|cant|p1a: Fezandipiti|slp\n|\n|-heal|p1a: Fezandipiti|244/278 slp|[from] item: Leftovers\n|-damage|p1a: Fezandipiti|210/278 slp|[from] ability: Bad Dreams|[of] p2a: Darkrai\n|upkeep\n|turn|21\n|\n|t:|1781452745\n|move|p2a: Darkrai|Sludge Bomb|p1a: Fezandipiti\n|-damage|p1a: Fezandipiti|0 fnt\n|faint|p1a: Fezandipiti\n|-damage|p2a: Darkrai|211/234|[from] item: Life Orb\n|\n|upkeep\n|\n|t:|1781452751\n|switch|p1a: Appletun|Appletun, L92, M|251/352\n|turn|22\n|\n|t:|1781452754\n|-terastallize|p1a: Appletun|Steel\n|move|p2a: Darkrai|Dark Pulse|p1a: Appletun\n|-damage|p1a: Appletun|0 fnt\n|faint|p1a: Appletun\n|-damage|p2a: Darkrai|188/234|[from] item: Life Orb\n|\n|upkeep\n|-message|matthewma654321 forfeited.\n|\n|win|Mikayel\n|raw|matthewma654321's rating: 1890 &rarr; <strong>1872</strong><br />(-18 for losing)\n|raw|Mikayel's rating: 1923 &rarr; <strong>1941</strong><br />(+18 for winning)\n", "inputlog": ">version a8376a258c1d4662feba110a92103f3664a72141\n>start {\"formatid\":\"gen9randombattle\",\"seed\":\"sodium,f2d6ccf14cbace69670fcf1650aaa95f\",\"rated\":\"Rated battle\"}\n>player p1 {\"name\":\"matthewma654321\",\"avatar\":\"102\",\"rating\":1890,\"seed\":\"sodium,8fa7ced4d526db378b35fcb83a7547bc\"}\n>player p2 {\"name\":\"Mikayel\",\"avatar\":\"ash\",\"rating\":1923,\"seed\":\"sodium,03932949b2c908b6c49d4ad05c6bb666\"}\n>p1 move psyshock\n>p2 switch 4\n>p1 switch 6\n>p2 move heavyslam\n>p1 move bodyslam\n>p2 move dracometeor\n>p1 move earthquake\n>p2 switch 5\n>p1 switch 5\n>p2 move foulplay\n>p1 move moonblast\n>p2 switch 5\n>p1 switch 5\n>p2 move heavyslam\n>p1 move earthquake\n>p2 move heavyslam\n>p2 switch 5\n>p1 switch 5\n>p2 move bravebird\n>p1 move roost\n>p2 switch 4\n>p1 switch 4\n>p2 move flareblitz\n>p1 move dracometeor\n>p2 switch 2\n>p1 switch 5\n>p2 move revivalblessing\n>p2 switch 5\n>p1 move earthquake\n>p2 move bugbuzz\n>p1 switch 6\n>p1 move moonblast\n>p2 move bugbuzz\n>p2 switch 5\n>p1 switch 3\n>p2 move heavyslam\n>p1 move closecombat\n>p2 move dracometeor\n>p2 switch 3\n>p1 switch 4\n>p2 move hypnosis\n>p1 move moonblast\n>p2 move nastyplot\n>p1 move moonblast\n>p2 move nastyplot terastallize\n>p1 move moonblast\n>p2 move sludgebomb\n>p1 switch 5\n>p1 move dracometeor terastallize\n>p2 move darkpulse\n>forcelose p1", "uploadtime": 1781452758, "views": 8, "formatid": "gen9randombattle", "rating": 1872, "private": 0, "password": null}