{"id": "gen9randombattle-2631644226", "format": "[Gen 9] Random Battle", "players": ["lianfan", "Ze Memerr"], "log": "|j|\u2606lianfan\n|j|\u2606Ze Memerr\n|t:|1781413877\n|gametype|singles\n|player|p1|lianfan|170|2027\n|player|p2|Ze Memerr|2|1962\n|gen|9\n|tier|[Gen 9] Random Battle\n|rated|\n|rule|Species Clause: Limit one of each Pok\u00e9mon\n|rule|HP Percentage Mod: HP is shown in percentages\n|rule|Sleep Clause Mod: Limit one foe put to sleep\n|rule|Illusion Level Mod: Illusion disguises the Pok\u00e9mon's true level\n|\n|t:|1781413877\n|teamsize|p1|6\n|teamsize|p2|6\n|start\n|switch|p1a: Dialga|Dialga-Origin, L73|266/266\n|switch|p2a: Fezandipiti|Fezandipiti, L82, M|278/278\n|-ability|p1a: Dialga|Pressure\n|turn|1\n|inactive|Battle timer is ON: inactive players will automatically lose when time's up. (requested by Ze Memerr)\n|inactive|lianfan also wants the timer to be on.\n|\n|t:|1781413890\n|switch|p2a: Swalot|Swalot, L90, M|326/326\n|move|p1a: Dialga|Heavy Slam|p2a: Swalot\n|-damage|p2a: Swalot|200/326\n|\n|-heal|p2a: Swalot|220/326|[from] item: Leftovers\n|upkeep\n|turn|2\n|\n|t:|1781413903\n|switch|p1a: Solgaleo|Solgaleo, L74|325/325\n|move|p2a: Swalot|Earthquake|p1a: Solgaleo\n|-supereffective|p1a: Solgaleo\n|-damage|p1a: Solgaleo|185/325\n|-enditem|p1a: Solgaleo|Weakness Policy\n|-boost|p1a: Solgaleo|atk|2|[from] item: Weakness Policy\n|-boost|p1a: Solgaleo|spa|2|[from] item: Weakness Policy\n|\n|-heal|p2a: Swalot|240/326|[from] item: Leftovers\n|upkeep\n|turn|3\n|\n|t:|1781413922\n|switch|p2a: Mandibuzz|Mandibuzz, L85, F|326/326\n|move|p1a: Solgaleo|Flame Charge|p2a: Mandibuzz\n|-damage|p2a: Mandibuzz|258/326\n|-boost|p1a: Solgaleo|spe|1\n|\n|upkeep\n|turn|4\n|\n|t:|1781413931\n|move|p1a: Solgaleo|Sunsteel Strike|p2a: Mandibuzz\n|-damage|p2a: Mandibuzz|84/326\n|move|p2a: Mandibuzz|Foul Play|p1a: Solgaleo\n|-supereffective|p1a: Solgaleo\n|-damage|p1a: Solgaleo|0 fnt\n|faint|p1a: Solgaleo\n|\n|upkeep\n|\n|t:|1781413939\n|switch|p1a: Kilowattrel|Kilowattrel, L83, F|252/252\n|turn|5\n|\n|t:|1781413947\n|switch|p2a: Fezandipiti|Fezandipiti, L82, M|278/278\n|move|p1a: Kilowattrel|Discharge|p2a: Fezandipiti\n|-damage|p2a: Fezandipiti|206/278\n|\n|-heal|p2a: Fezandipiti|223/278|[from] item: Leftovers\n|upkeep\n|turn|6\n|\n|t:|1781413958\n|move|p1a: Kilowattrel|U-turn|p2a: Fezandipiti\n|-resisted|p2a: Fezandipiti\n|-damage|p2a: Fezandipiti|213/278\n|\n|t:|1781413965\n|switch|p1a: Dialga|Dialga-Origin, L73|266/266|[from] U-turn\n|-ability|p1a: Dialga|Pressure\n|move|p2a: Fezandipiti|Moonblast|p1a: Dialga\n|-damage|p1a: Dialga|194/266\n|\n|-heal|p2a: Fezandipiti|230/278|[from] item: Leftovers\n|upkeep\n|turn|7\n|\n|t:|1781413977\n|switch|p2a: Tauros|Tauros-Paldea-Combat, L82, M|257/257\n|-ability|p2a: Tauros|Intimidate|boost\n|-unboost|p1a: Dialga|atk|1\n|move|p1a: Dialga|Dragon Tail|p2a: Tauros\n|-damage|p2a: Tauros|223/257\n|drag|p2a: Fezandipiti|Fezandipiti, L82, M|230/278\n|\n|-heal|p2a: Fezandipiti|247/278|[from] item: Leftovers\n|upkeep\n|turn|8\n|\n|t:|1781413989\n|move|p2a: Fezandipiti|Moonblast|p1a: Dialga\n|-damage|p1a: Dialga|130/266\n|move|p1a: Dialga|Draco Meteor|p2a: Fezandipiti\n|-immune|p2a: Fezandipiti\n|\n|-heal|p2a: Fezandipiti|264/278|[from] item: Leftovers\n|upkeep\n|turn|9\n|\n|t:|1781413995\n|move|p2a: Fezandipiti|Moonblast|p1a: Dialga\n|-damage|p1a: Dialga|58/266\n|-unboost|p1a: Dialga|spa|1\n|move|p1a: Dialga|Draco Meteor|p2a: Fezandipiti\n|-immune|p2a: Fezandipiti\n|\n|-heal|p2a: Fezandipiti|278/278|[from] item: Leftovers\n|upkeep\n|turn|10\n|\n|t:|1781414007\n|move|p2a: Fezandipiti|Moonblast|p1a: Dialga\n|-damage|p1a: Dialga|0 fnt\n|faint|p1a: Dialga\n|\n|upkeep\n|\n|t:|1781414017\n|switch|p1a: Hariyama|Hariyama, L87, F|392/392\n|turn|11\n|\n|t:|1781414025\n|move|p1a: Hariyama|Bullet Punch|p2a: Fezandipiti\n|-supereffective|p2a: Fezandipiti\n|-damage|p2a: Fezandipiti|196/278\n|move|p2a: Fezandipiti|Moonblast|p1a: Hariyama\n|-supereffective|p1a: Hariyama\n|-damage|p1a: Hariyama|194/392\n|\n|-heal|p2a: Fezandipiti|213/278|[from] item: Leftovers\n|-status|p1a: Hariyama|brn|[from] item: Flame Orb\n|upkeep\n|turn|12\n|\n|t:|1781414032\n|move|p1a: Hariyama|Bullet Punch|p2a: Fezandipiti\n|-supereffective|p2a: Fezandipiti\n|-damage|p2a: Fezandipiti|95/278\n|move|p2a: Fezandipiti|Moonblast|p1a: Hariyama\n|-supereffective|p1a: Hariyama\n|-damage|p1a: Hariyama|0 fnt\n|faint|p1a: Hariyama\n|\n|-heal|p2a: Fezandipiti|112/278|[from] item: Leftovers\n|upkeep\n|\n|t:|1781414045\n|switch|p1a: Zarude|Zarude-Dada, L77|288/288\n|turn|13\n|\n|t:|1781414055\n|move|p2a: Fezandipiti|Gunk Shot|p1a: Zarude\n|-supereffective|p1a: Zarude\n|-damage|p1a: Zarude|64/288\n|-status|p1a: Zarude|psn\n|move|p1a: Zarude|Swords Dance|p1a: Zarude\n|-boost|p1a: Zarude|atk|2\n|\n|-heal|p2a: Fezandipiti|129/278|[from] item: Leftovers\n|-heal|p1a: Zarude|82/288 psn|[from] item: Leftovers\n|-damage|p1a: Zarude|46/288 psn|[from] psn\n|upkeep\n|turn|14\n|\n|t:|1781414064\n|move|p2a: Fezandipiti|Roost|p2a: Fezandipiti\n|-heal|p2a: Fezandipiti|268/278\n|-singleturn|p2a: Fezandipiti|move: Roost\n|move|p1a: Zarude|Knock Off|p2a: Fezandipiti\n|-resisted|p2a: Fezandipiti\n|-damage|p2a: Fezandipiti|160/278\n|-enditem|p2a: Fezandipiti|Leftovers|[from] move: Knock Off|[of] p1a: Zarude\n|\n|-heal|p1a: Zarude|64/288 psn|[from] item: Leftovers\n|-damage|p1a: Zarude|28/288 psn|[from] psn\n|upkeep\n|turn|15\n|-message|lianfan forfeited.\n|\n|win|Ze Memerr\n", "inputlog": ">version a8376a258c1d4662feba110a92103f3664a72141\n>start {\"formatid\":\"gen9randombattle\",\"seed\":\"sodium,3a262774e434f2a64f8d13f38e6a5070\",\"rated\":\"Rated battle\"}\n>player p1 {\"name\":\"lianfan\",\"avatar\":\"170\",\"rating\":2027,\"seed\":\"sodium,fd00914328f40c1c26c9a350b3948a51\"}\n>player p2 {\"name\":\"Ze Memerr\",\"avatar\":\"2\",\"rating\":1962,\"seed\":\"sodium,531021fca1bd6345c9bd84bb066b0b5b\"}\n>p1 move heavyslam\n>p2 switch 4\n>p1 switch 5\n>p2 move earthquake\n>p1 move flamecharge\n>p2 switch 2\n>p1 move sunsteelstrike\n>p2 move foulplay\n>p1 switch 4\n>p1 move discharge\n>p2 switch 4\n>p1 move uturn\n>p2 move moonblast\n>p1 switch 5\n>p1 move dragontail\n>p2 switch 3\n>p1 move dracometeor\n>p2 move moonblast\n>p1 move dracometeor\n>p2 move moonblast\n>p1 move heavyslam\n>p2 move moonblast\n>p1 switch 3\n>p1 move bulletpunch\n>p2 move moonblast\n>p1 move bulletpunch\n>p2 move moonblast\n>p1 switch 6\n>p1 move swordsdance\n>p2 move gunkshot\n>p1 move knockoff\n>p2 move roost\n>forcelose p1", "uploadtime": 1781413880, "views": 4, "formatid": "gen9randombattle", "rating": null, "private": 0, "password": null}