{"id": "gen9randombattle-2631830384", "format": "[Gen 9] Random Battle", "players": ["Astral7433", "Lantern Snake"], "log": "|j|\u2606Astral7433\n|j|\u2606Lantern Snake\n|t:|1781445583\n|gametype|singles\n|player|p1|Astral7433|102|2010\n|player|p2|Lantern Snake|depotagent|1946\n|gen|9\n|tier|[Gen 9] Random Battle\n|rated|\n|rule|Species Clause: Limit one of each Pok\u00e9mon\n|rule|HP Percentage Mod: HP is shown in percentages\n|rule|Sleep Clause Mod: Limit one foe put to sleep\n|rule|Illusion Level Mod: Illusion disguises the Pok\u00e9mon's true level\n|\n|t:|1781445583\n|teamsize|p1|6\n|teamsize|p2|6\n|start\n|switch|p1a: Pelipper|Pelipper, L86, F|243/243\n|switch|p2a: Conkeldurr|Conkeldurr, L80, M|299/299\n|-weather|RainDance|[from] ability: Drizzle|[of] p1a: Pelipper\n|turn|1\n|inactive|Battle timer is ON: inactive players will automatically lose when time's up. (requested by Astral7433)\n|\n|t:|1781445605\n|switch|p2a: Ninetales|Ninetales-Alola, L78, F|242/242\n|-weather|Snowscape|[from] ability: Snow Warning|[of] p2a: Ninetales\n|move|p1a: Pelipper|Hurricane|p2a: Ninetales\n|-damage|p2a: Ninetales|62/242\n|\n|-weather|Snowscape|[upkeep]\n|upkeep\n|turn|2\n|\n|t:|1781445628\n|switch|p1a: Cryogonal|Cryogonal, L89|287/287\n|move|p2a: Ninetales|Aurora Veil|p2a: Ninetales\n|-sidestart|p2: Lantern Snake|move: Aurora Veil\n|\n|-weather|Snowscape|[upkeep]\n|upkeep\n|turn|3\n|\n|t:|1781445641\n|switch|p2a: Ursaring|Ursaring, L84, F|288/288\n|move|p1a: Cryogonal|Flash Cannon|p2a: Ursaring\n|-damage|p2a: Ursaring|267/288\n|\n|-weather|Snowscape|[upkeep]\n|upkeep\n|turn|4\n|inactive|Astral7433 has 120 seconds left.\n|\n|t:|1781445672\n|move|p1a: Cryogonal|Freeze-Dry|p2a: Ursaring\n|-damage|p2a: Ursaring|234/288\n|move|p2a: Ursaring|Body Slam|p1a: Cryogonal\n|-damage|p1a: Cryogonal|178/287\n|\n|-weather|Snowscape|[upkeep]\n|upkeep\n|turn|5\n|inactive|Astral7433 has 120 seconds left.\n|\n|t:|1781445681\n|move|p1a: Cryogonal|Recover|p1a: Cryogonal\n|-heal|p1a: Cryogonal|287/287\n|move|p2a: Ursaring|Body Slam|p1a: Cryogonal\n|-damage|p1a: Cryogonal|182/287\n|\n|-weather|none\n|upkeep\n|turn|6\n|\n|t:|1781445689\n|move|p1a: Cryogonal|Recover|p1a: Cryogonal\n|-heal|p1a: Cryogonal|287/287\n|move|p2a: Ursaring|Body Slam|p1a: Cryogonal\n|-damage|p1a: Cryogonal|121/287\n|\n|upkeep\n|turn|7\n|\n|t:|1781445696\n|move|p1a: Cryogonal|Recover|p1a: Cryogonal\n|-heal|p1a: Cryogonal|265/287\n|move|p2a: Ursaring|Body Slam|p1a: Cryogonal\n|-damage|p1a: Cryogonal|109/287\n|\n|upkeep\n|turn|8\n|\n|t:|1781445703\n|switch|p1a: Heracross|Heracross, L80, M|259/259\n|move|p2a: Ursaring|Body Slam|p1a: Heracross\n|-damage|p1a: Heracross|132/259\n|-status|p1a: Heracross|par\n|\n|upkeep\n|turn|9\n|\n|t:|1781445720\n|switch|p2a: Primarina|Primarina, L83, M|268/268\n|cant|p1a: Heracross|par\n|\n|-sideend|p2: Lantern Snake|move: Aurora Veil\n|upkeep\n|turn|10\n|\n|t:|1781445728\n|move|p2a: Primarina|Moonblast|p1a: Heracross\n|-supereffective|p1a: Heracross\n|-damage|p1a: Heracross|0 fnt\n|faint|p1a: Heracross\n|\n|upkeep\n|\n|t:|1781445747\n|switch|p1a: Cryogonal|Cryogonal, L89|109/287\n|turn|11\n|\n|t:|1781445753\n|switch|p2a: Ursaring|Ursaring, L84, F|234/288\n|move|p1a: Cryogonal|Recover|p1a: Cryogonal\n|-heal|p1a: Cryogonal|253/287\n|\n|upkeep\n|turn|12\n|\n|t:|1781445759\n|move|p1a: Cryogonal|Freeze-Dry|p2a: Ursaring\n|-crit|p2a: Ursaring\n|-damage|p2a: Ursaring|141/288\n|-status|p2a: Ursaring|frz\n|-curestatus|p2a: Ursaring|frz|[msg]\n|move|p2a: Ursaring|Body Slam|p1a: Cryogonal\n|-damage|p1a: Cryogonal|94/287\n|\n|upkeep\n|turn|13\n|\n|t:|1781445770\n|move|p1a: Cryogonal|Freeze-Dry|p2a: Ursaring\n|-damage|p2a: Ursaring|84/288\n|move|p2a: Ursaring|Body Slam|p1a: Cryogonal\n|-damage|p1a: Cryogonal|0 fnt\n|faint|p1a: Cryogonal\n|\n|upkeep\n|\n|t:|1781445780\n|switch|p1a: Darkrai|Darkrai, L77|234/234\n|turn|14\n|\n|t:|1781445789\n|move|p1a: Darkrai|Dark Pulse|p2a: Ursaring\n|-damage|p2a: Ursaring|0 fnt\n|faint|p2a: Ursaring\n|-damage|p1a: Darkrai|211/234|[from] item: Life Orb\n|\n|upkeep\n|\n|t:|1781445809\n|switch|p2a: Conkeldurr|Conkeldurr, L80, M|299/299\n|turn|15\n|\n|t:|1781445819\n|switch|p1a: Pelipper|Pelipper, L86, F|243/243\n|-weather|RainDance|[from] ability: Drizzle|[of] p1a: Pelipper\n|move|p2a: Conkeldurr|Mach Punch|p1a: Pelipper\n|-resisted|p1a: Pelipper\n|-damage|p1a: Pelipper|219/243\n|\n|-weather|RainDance|[upkeep]\n|-status|p2a: Conkeldurr|brn|[from] item: Flame Orb\n|upkeep\n|turn|16\n|\n|t:|1781445829\n|switch|p2a: Groudon|Groudon, L72|263/263\n|-weather|SunnyDay|[from] ability: Drought|[of] p2a: Groudon\n|move|p1a: Pelipper|Hurricane|p2a: Groudon\n|-damage|p2a: Groudon|59/263\n|\n|-weather|SunnyDay|[upkeep]\n|-heal|p2a: Groudon|75/263|[from] item: Leftovers\n|upkeep\n|turn|17\n|\n|t:|1781445839\n|move|p2a: Groudon|Stealth Rock|p1a: Pelipper\n|-sidestart|p1: Astral7433|move: Stealth Rock\n|move|p1a: Pelipper|Hurricane|p2a: Groudon|[miss]\n|-miss|p1a: Pelipper|p2a: Groudon\n|\n|-weather|SunnyDay|[upkeep]\n|-heal|p2a: Groudon|91/263|[from] item: Leftovers\n|upkeep\n|turn|18\n|\n|t:|1781445846\n|move|p2a: Groudon|Stone Edge|p1a: Pelipper\n|-supereffective|p1a: Pelipper\n|-crit|p1a: Pelipper\n|-damage|p1a: Pelipper|3/243\n|move|p1a: Pelipper|Hurricane|p2a: Groudon|[miss]\n|-miss|p1a: Pelipper|p2a: Groudon\n|\n|-weather|SunnyDay|[upkeep]\n|-heal|p2a: Groudon|107/263|[from] item: Leftovers\n|upkeep\n|turn|19\n|\n|t:|1781445856\n|move|p2a: Groudon|Heat Crash|p1a: Pelipper\n|-resisted|p1a: Pelipper\n|-crit|p1a: Pelipper\n|-damage|p1a: Pelipper|0 fnt\n|faint|p1a: Pelipper\n|\n|-weather|SunnyDay|[upkeep]\n|-heal|p2a: Groudon|123/263|[from] item: Leftovers\n|upkeep\n|\n|t:|1781445871\n|switch|p1a: Darkrai|Darkrai, L77|211/234\n|-damage|p1a: Darkrai|182/234|[from] Stealth Rock\n|turn|20\n|\n|t:|1781445878\n|move|p1a: Darkrai|Dark Pulse|p2a: Groudon\n|-damage|p2a: Groudon|0 fnt\n|faint|p2a: Groudon\n|-damage|p1a: Darkrai|159/234|[from] item: Life Orb\n|\n|-weather|none\n|upkeep\n|\n|t:|1781445884\n|switch|p2a: Conkeldurr|Conkeldurr, L80, M|299/299 brn\n|turn|21\n|\n|t:|1781445893\n|-terastallize|p1a: Darkrai|Poison\n|move|p2a: Conkeldurr|Mach Punch|p1a: Darkrai\n|-resisted|p1a: Darkrai\n|-damage|p1a: Darkrai|114/234\n|move|p1a: Darkrai|Nasty Plot|p1a: Darkrai\n|-boost|p1a: Darkrai|spa|2\n|\n|-damage|p2a: Conkeldurr|281/299 brn|[from] brn\n|upkeep\n|turn|22\n|\n|t:|1781445917\n|switch|p2a: Ninetales|Ninetales-Alola, L78, F|62/242\n|-weather|Snowscape|[from] ability: Snow Warning|[of] p2a: Ninetales\n|move|p1a: Darkrai|Sludge Bomb|p2a: Ninetales\n|-supereffective|p2a: Ninetales\n|-damage|p2a: Ninetales|0 fnt\n|faint|p2a: Ninetales\n|-damage|p1a: Darkrai|91/234|[from] item: Life Orb\n|\n|-weather|Snowscape|[upkeep]\n|upkeep\n|\n|t:|1781445928\n|switch|p2a: Garchomp|Garchomp, L74, M|282/282\n|turn|23\n|\n|t:|1781445935\n|move|p1a: Darkrai|Hypnosis|p2a: Garchomp\n|-status|p2a: Garchomp|slp|[from] move: Hypnosis\n|cant|p2a: Garchomp|slp\n|\n|-weather|Snowscape|[upkeep]\n|-damage|p2a: Garchomp|247/282 slp|[from] ability: Bad Dreams|[of] p1a: Darkrai\n|upkeep\n|turn|24\n|\n|t:|1781445943\n|move|p1a: Darkrai|Dark Pulse|p2a: Garchomp\n|-damage|p2a: Garchomp|0 fnt\n|faint|p2a: Garchomp\n|-damage|p1a: Darkrai|68/234|[from] item: Life Orb\n|\n|-weather|Snowscape|[upkeep]\n|upkeep\n|\n|t:|1781445952\n|switch|p2a: Conkeldurr|Conkeldurr, L80, M|281/299 brn\n|turn|25\n|\n|t:|1781445958\n|move|p2a: Conkeldurr|Mach Punch|p1a: Darkrai\n|-resisted|p1a: Darkrai\n|-damage|p1a: Darkrai|29/234\n|move|p1a: Darkrai|Sludge Bomb|p2a: Conkeldurr\n|-damage|p2a: Conkeldurr|0 fnt\n|faint|p2a: Conkeldurr\n|-damage|p1a: Darkrai|6/234|[from] item: Life Orb\n|\n|-weather|Snowscape|[upkeep]\n|upkeep\n|\n|t:|1781445966\n|switch|p2a: Primarina|Primarina, L83, M|268/268\n|turn|26\n|\n|t:|1781445971\n|move|p1a: Darkrai|Sludge Bomb|p2a: Primarina\n|-supereffective|p2a: Primarina\n|-damage|p2a: Primarina|0 fnt\n|faint|p2a: Primarina\n|-damage|p1a: Darkrai|0 fnt|[from] item: Life Orb\n|faint|p1a: Darkrai\n|\n|win|Astral7433\n", "inputlog": ">version a8376a258c1d4662feba110a92103f3664a72141\n>start {\"formatid\":\"gen9randombattle\",\"seed\":\"sodium,61d8ae2c07c10d9fc58e261c1f5dc119\",\"rated\":\"Rated battle\"}\n>player p1 {\"name\":\"Astral7433\",\"avatar\":\"102\",\"rating\":2010,\"seed\":\"sodium,0fc57e3d323622ba9274d5a2b984cff3\"}\n>player p2 {\"name\":\"Lantern Snake\",\"avatar\":\"depotagent\",\"rating\":1946,\"seed\":\"sodium,865a84140aab5fdb9e6bfeb419e49f02\"}\n>p1 move hurricane\n>p2 switch 4\n>p1 switch 3\n>p2 move auroraveil\n>p1 move flashcannon\n>p2 switch 3\n>p1 move freezedry\n>p2 move bodyslam\n>p1 move recover\n>p2 move bodyslam\n>p1 move recover\n>p2 move bodyslam\n>p1 move recover\n>p2 move bodyslam\n>p1 switch 6\n>p2 move bodyslam\n>p1 move closecombat\n>p2 switch 2\n>p1 move trailblaze\n>p2 move moonblast\n>p1 switch 6\n>p1 move recover\n>p2 switch 2\n>p1 move freezedry\n>p2 move bodyslam\n>p1 move freezedry\n>p2 move bodyslam\n>p1 switch 5\n>p1 move darkpulse\n>p2 move bodyslam\n>p2 switch 4\n>p1 switch 3\n>p2 move machpunch\n>p1 move hurricane\n>p2 switch 5\n>p1 move hurricane\n>p2 move stealthrock\n>p1 move hurricane\n>p2 move stoneedge\n>p1 move hurricane\n>p2 move heatcrash\n>p1 switch 3\n>p1 move darkpulse\n>p2 move heatcrash\n>p2 switch 5\n>p1 move nastyplot terastallize\n>p2 move machpunch\n>p1 move sludgebomb\n>p2 switch 3\n>p2 switch 6\n>p1 move hypnosis\n>p2 move earthquake\n>p1 move darkpulse\n>p2 move earthquake\n>p2 switch 3\n>p1 move sludgebomb\n>p2 move machpunch\n>p2 switch 2\n>p1 move sludgebomb\n>p2 move calmmind", "uploadtime": 1781445584, "views": 8, "formatid": "gen9randombattle", "rating": null, "private": 0, "password": null}