{"id": "gen9randombattle-2631415061", "format": "[Gen 9] Random Battle", "players": ["good pork", "Esterb00ny"], "log": "|j|\u2606good pork\n|j|\u2606Esterb00ny\n|t:|1781381865\n|gametype|singles\n|player|p1|good pork|266|2101\n|player|p2|Esterb00ny|unknownf|2047\n|gen|9\n|tier|[Gen 9] Random Battle\n|rated|\n|rule|Species Clause: Limit one of each Pok\u00e9mon\n|rule|HP Percentage Mod: HP is shown in percentages\n|rule|Sleep Clause Mod: Limit one foe put to sleep\n|rule|Illusion Level Mod: Illusion disguises the Pok\u00e9mon's true level\n|\n|t:|1781381865\n|teamsize|p1|6\n|teamsize|p2|6\n|start\n|switch|p1a: Weavile|Weavile, L79, M|240/240\n|switch|p2a: Arboliva|Arboliva, L91, F|290/290\n|turn|1\n|\n|t:|1781381882\n|switch|p2a: Conkeldurr|Conkeldurr, L80, F|299/299\n|move|p1a: Weavile|Knock Off|p2a: Conkeldurr\n|-resisted|p2a: Conkeldurr\n|-damage|p2a: Conkeldurr|243/299\n|-enditem|p2a: Conkeldurr|Flame Orb|[from] move: Knock Off|[of] p1a: Weavile\n|\n|upkeep\n|turn|2\n|inactive|Battle timer is ON: inactive players will automatically lose when time's up. (requested by Esterb00ny)\n|\n|t:|1781381890\n|switch|p1a: Florges|Florges-White, L85, F|271/271\n|move|p2a: Conkeldurr|Knock Off|p1a: Florges\n|-resisted|p1a: Florges\n|-damage|p1a: Florges|218/271\n|-enditem|p1a: Florges|Leftovers|[from] move: Knock Off|[of] p2a: Conkeldurr\n|\n|upkeep\n|turn|3\n|\n|t:|1781381902\n|switch|p2a: Kricketune|Kricketune, L99, F|312/312\n|move|p1a: Florges|Moonblast|p2a: Kricketune\n|-damage|p2a: Kricketune|161/312\n|\n|upkeep\n|turn|4\n|\n|t:|1781381912\n|move|p2a: Kricketune|Sticky Web|p1a: Florges\n|-sidestart|p1: good pork|move: Sticky Web\n|move|p1a: Florges|Moonblast|p2a: Kricketune\n|-damage|p2a: Kricketune|19/312\n|\n|upkeep\n|turn|5\n|\n|t:|1781381923\n|move|p2a: Kricketune|Taunt|p1a: Florges\n|-start|p1a: Florges|move: Taunt\n|move|p1a: Florges|Moonblast|p2a: Kricketune\n|-damage|p2a: Kricketune|0 fnt\n|faint|p2a: Kricketune\n|\n|upkeep\n|\n|t:|1781381945\n|switch|p2a: Arboliva|Arboliva, L91, F|290/290\n|turn|6\n|\n|t:|1781381950\n|switch|p1a: Girafarig|Girafarig, L89, M|269/269\n|-activate|p1a: Girafarig|move: Sticky Web\n|-unboost|p1a: Girafarig|spe|1\n|move|p2a: Arboliva|Hyper Voice|p1a: Girafarig\n|-damage|p1a: Girafarig|169/269\n|\n|upkeep\n|turn|7\n|\n|t:|1781381956\n|move|p1a: Girafarig|Nasty Plot|p1a: Girafarig\n|-boost|p1a: Girafarig|spa|2\n|move|p2a: Arboliva|Hyper Voice|p1a: Girafarig\n|-damage|p1a: Girafarig|67/269\n|\n|upkeep\n|turn|8\n|\n|t:|1781381963\n|move|p1a: Girafarig|Psyshock|p2a: Arboliva\n|-crit|p2a: Arboliva\n|-damage|p2a: Arboliva|55/290\n|-fieldstart|move: Grassy Terrain|[from] ability: Seed Sower|[of] p2a: Arboliva\n|move|p2a: Arboliva|Hyper Voice|p1a: Girafarig\n|-crit|p1a: Girafarig\n|-damage|p1a: Girafarig|0 fnt\n|faint|p1a: Girafarig\n|\n|-heal|p2a: Arboliva|73/290|[from] Grassy Terrain\n|-heal|p2a: Arboliva|91/290|[from] item: Leftovers\n|upkeep\n|\n|t:|1781381970\n|switch|p1a: Weavile|Weavile, L79, M|240/240\n|turn|9\n|\n|t:|1781381979\n|move|p1a: Weavile|Triple Axel|p2a: Arboliva\n|-supereffective|p2a: Arboliva\n|-damage|p2a: Arboliva|49/290\n|-supereffective|p2a: Arboliva\n|-damage|p2a: Arboliva|0 fnt\n|faint|p2a: Arboliva\n|-hitcount|p2: Arboliva|2\n|\n|upkeep\n|\n|t:|1781381998\n|switch|p2a: Conkeldurr|Conkeldurr, L80, F|243/299\n|turn|10\n|\n|t:|1781382003\n|switch|p1a: Florges|Florges-White, L85, F|218/271\n|-activate|p1a: Florges|move: Sticky Web\n|-unboost|p1a: Florges|spe|1\n|move|p2a: Conkeldurr|Close Combat|p1a: Florges\n|-resisted|p1a: Florges\n|-damage|p1a: Florges|120/271\n|-unboost|p2a: Conkeldurr|def|1\n|-unboost|p2a: Conkeldurr|spd|1\n|\n|-heal|p2a: Conkeldurr|261/299|[from] Grassy Terrain\n|-heal|p1a: Florges|136/271|[from] Grassy Terrain\n|upkeep\n|turn|11\n|\n|t:|1781382011\n|switch|p2a: Dedenne|Dedenne, L88, M|261/261\n|move|p1a: Florges|Moonblast|p2a: Dedenne\n|-damage|p2a: Dedenne|120/261\n|-enditem|p2a: Dedenne|Sitrus Berry|[eat]\n|-heal|p2a: Dedenne|185/261|[from] item: Sitrus Berry\n|-heal|p2a: Dedenne|261/261|[from] ability: Cheek Pouch\n|\n|-heal|p1a: Florges|152/271|[from] Grassy Terrain\n|upkeep\n|turn|12\n|\n|t:|1781382017\n|move|p2a: Dedenne|Super Fang|p1a: Florges\n|-damage|p1a: Florges|76/271\n|move|p1a: Florges|Wish|p1a: Florges\n|\n|-heal|p1a: Florges|92/271|[from] Grassy Terrain\n|-fieldend|move: Grassy Terrain\n|upkeep\n|turn|13\n|\n|t:|1781382025\n|move|p2a: Dedenne|U-turn|p1a: Florges\n|-resisted|p1a: Florges\n|-damage|p1a: Florges|68/271\n|\n|t:|1781382031\n|switch|p2a: Spiritomb|Spiritomb, L89, M|234/234|[from] U-turn\n|move|p1a: Florges|Calm Mind|p1a: Florges\n|-boost|p1a: Florges|spa|1\n|-boost|p1a: Florges|spd|1\n|\n|-heal|p1a: Florges|203/271|[from] move: Wish|[wisher] Florges\n|upkeep\n|turn|14\n|-message|Esterb00ny forfeited.\n|\n|win|good pork\n", "uploadtime": 1781381866, "views": 8, "formatid": "gen9randombattle", "rating": null, "private": 0, "password": null}