{"id": "gen9randombattle-2631987336", "format": "[Gen 9] Random Battle", "players": ["bros1021", "Mtitia"], "log": "|j|\u2606bros1021\n|j|\u2606Mtitia\n|t:|1781463084\n|gametype|singles\n|player|p1|bros1021|169|1960\n|player|p2|Mtitia|veteran|1938\n|gen|9\n|tier|[Gen 9] Random Battle\n|rated|\n|rule|Species Clause: Limit one of each Pok\u00e9mon\n|rule|HP Percentage Mod: HP is shown in percentages\n|rule|Sleep Clause Mod: Limit one foe put to sleep\n|rule|Illusion Level Mod: Illusion disguises the Pok\u00e9mon's true level\n|\n|t:|1781463084\n|teamsize|p1|6\n|teamsize|p2|6\n|start\n|switch|p1a: Raichu|Raichu-Alola, L87, M|246/246\n|switch|p2a: Scizor|Scizor, L79, M|240/240\n|turn|1\n|inactive|Battle timer is ON: inactive players will automatically lose when time's up. (requested by bros1021)\n|\n|t:|1781463105\n|switch|p1a: Sandaconda|Sandaconda, L84, M|258/258\n|move|p2a: Scizor|Knock Off|p1a: Sandaconda\n|-damage|p1a: Sandaconda|169/258\n|-enditem|p1a: Sandaconda|Loaded Dice|[from] move: Knock Off|[of] p2a: Scizor\n|\n|upkeep\n|turn|2\n|\n|t:|1781463120\n|switch|p2a: Chimecho|Chimecho, L93, M|290/290\n|move|p1a: Sandaconda|Rock Blast|p2a: Chimecho\n|-damage|p2a: Chimecho|272/290\n|-damage|p2a: Chimecho|253/290\n|-hitcount|p2a: Chimecho|2\n|\n|-heal|p2a: Chimecho|271/290|[from] item: Leftovers\n|upkeep\n|turn|3\n|\n|t:|1781463139\n|switch|p1a: Scyther|Scyther, L82, F|249/249\n|move|p2a: Chimecho|Cosmic Power|p2a: Chimecho\n|-boost|p2a: Chimecho|def|1\n|-boost|p2a: Chimecho|spd|1\n|\n|-heal|p2a: Chimecho|289/290|[from] item: Leftovers\n|upkeep\n|turn|4\n|\n|t:|1781463158\n|-terastallize|p2a: Chimecho|Steel\n|move|p1a: Scyther|U-turn|p2a: Chimecho\n|-resisted|p2a: Chimecho\n|-damage|p2a: Chimecho|262/290\n|\n|t:|1781463164\n|switch|p1a: Delphox|Delphox, L84, M|263/263|[from] U-turn\n|move|p2a: Chimecho|Cosmic Power|p2a: Chimecho\n|-boost|p2a: Chimecho|def|1\n|-boost|p2a: Chimecho|spd|1\n|\n|-heal|p2a: Chimecho|280/290|[from] item: Leftovers\n|upkeep\n|turn|5\n|\n|t:|1781463178\n|move|p1a: Delphox|Fire Blast|p2a: Chimecho\n|-supereffective|p2a: Chimecho\n|-damage|p2a: Chimecho|110/290\n|move|p2a: Chimecho|Cosmic Power|p2a: Chimecho\n|-boost|p2a: Chimecho|def|1\n|-boost|p2a: Chimecho|spd|1\n|\n|-heal|p2a: Chimecho|128/290|[from] item: Leftovers\n|upkeep\n|turn|6\n|\n|t:|1781463190\n|move|p1a: Delphox|Fire Blast|p2a: Chimecho\n|-supereffective|p2a: Chimecho\n|-damage|p2a: Chimecho|0 fnt\n|faint|p2a: Chimecho\n|\n|upkeep\n|\n|t:|1781463198\n|switch|p2a: Arcanine|Arcanine-Hisui, L79, M|279/279\n|turn|7\n|\n|t:|1781463216\n|switch|p1a: Sandaconda|Sandaconda, L84, M|169/258\n|move|p2a: Arcanine|Head Smash|p1a: Sandaconda\n|-resisted|p1a: Sandaconda\n|-damage|p1a: Sandaconda|73/258\n|\n|upkeep\n|turn|8\n|\n|t:|1781463222\n|move|p2a: Arcanine|Head Smash|p1a: Sandaconda\n|-resisted|p1a: Sandaconda\n|-damage|p1a: Sandaconda|0 fnt\n|faint|p1a: Sandaconda\n|\n|upkeep\n|\n|t:|1781463225\n|switch|p1a: Okidogi|Okidogi, L77, M|262/262\n|turn|9\n|inactive|Mtitia has 120 seconds left.\n|\n|t:|1781463263\n|switch|p2a: Iron Hands|Iron Hands, L79|373/373\n|move|p1a: Okidogi|Knock Off|p2a: Iron Hands\n|-resisted|p2a: Iron Hands\n|-damage|p2a: Iron Hands|339/373\n|-enditem|p2a: Iron Hands|Assault Vest|[from] move: Knock Off|[of] p1a: Okidogi\n|\n|upkeep\n|turn|10\n|inactive|Mtitia has 120 seconds left.\n|\n|t:|1781463283\n|move|p2a: Iron Hands|Fake Out|p1a: Okidogi\n|-damage|p1a: Okidogi|233/262\n|cant|p1a: Okidogi|flinch\n|\n|upkeep\n|turn|11\n|inactive|Mtitia has 120 seconds left.\n|\n|t:|1781463293\n|move|p1a: Okidogi|Psychic Fangs|p2a: Iron Hands\n|-supereffective|p2a: Iron Hands\n|-damage|p2a: Iron Hands|223/373\n|move|p2a: Iron Hands|Volt Switch|p1a: Okidogi\n|-damage|p1a: Okidogi|200/262\n|inactive|Mtitia has 120 seconds left.\n|\n|t:|1781463299\n|-end|p2a: Iron Hands|Quark Drive|[silent]\n|switch|p2a: Bombirdier|Bombirdier, L85, F|258/258|[from] Volt Switch\n|\n|upkeep\n|turn|12\n|\n|t:|1781463308\n|move|p2a: Bombirdier|Brave Bird|p1a: Okidogi\n|-supereffective|p1a: Okidogi\n|-damage|p1a: Okidogi|0 fnt\n|faint|p1a: Okidogi\n|-damage|p2a: Bombirdier|192/258|[from] Recoil\n|\n|upkeep\n|\n|t:|1781463311\n|switch|p1a: Raichu|Raichu-Alola, L87, M|246/246\n|turn|13\n|\n|t:|1781463320\n|switch|p2a: Iron Hands|Iron Hands, L79|223/373\n|move|p1a: Raichu|Thunderbolt|p2a: Iron Hands\n|-resisted|p2a: Iron Hands\n|-damage|p2a: Iron Hands|137/373\n|-damage|p1a: Raichu|222/246|[from] item: Life Orb\n|\n|upkeep\n|turn|14\n|\n|t:|1781463329\n|switch|p1a: Delphox|Delphox, L84, M|263/263\n|move|p2a: Iron Hands|Fake Out|p1a: Delphox\n|-damage|p1a: Delphox|220/263\n|\n|upkeep\n|turn|15\n|\n|t:|1781463335\n|move|p1a: Delphox|Psyshock|p2a: Iron Hands\n|-supereffective|p2a: Iron Hands\n|-damage|p2a: Iron Hands|0 fnt\n|faint|p2a: Iron Hands\n|-end|p2a: Iron Hands|Quark Drive|[silent]\n|\n|upkeep\n|\n|t:|1781463340\n|switch|p2a: Bombirdier|Bombirdier, L85, F|192/258\n|turn|16\n|\n|t:|1781463344\n|switch|p1a: Scyther|Scyther, L82, F|249/249\n|move|p2a: Bombirdier|Knock Off|p1a: Scyther\n|-damage|p1a: Scyther|72/249\n|-enditem|p1a: Scyther|Heavy-Duty Boots|[from] move: Knock Off|[of] p2a: Bombirdier\n|\n|upkeep\n|turn|17\n|\n|t:|1781463366\n|switch|p2a: Scizor|Scizor, L79, M|240/240\n|move|p1a: Scyther|Dual Wingbeat|p2a: Scizor\n|-damage|p2a: Scizor|179/240\n|-damage|p2a: Scizor|118/240\n|-hitcount|p2a: Scizor|2\n|\n|upkeep\n|turn|18\n|\n|t:|1781463379\n|move|p2a: Scizor|Bullet Punch|p1a: Scyther\n|-damage|p1a: Scyther|0 fnt\n|faint|p1a: Scyther\n|\n|upkeep\n|\n|t:|1781463384\n|switch|p1a: Delphox|Delphox, L84, M|220/263\n|turn|19\n|\n|t:|1781463388\n|switch|p2a: Arcanine|Arcanine-Hisui, L79, M|279/279\n|move|p1a: Delphox|Focus Blast|p2a: Arcanine\n|-supereffective|p2a: Arcanine\n|-damage|p2a: Arcanine|0 fnt\n|faint|p2a: Arcanine\n|\n|upkeep\n|\n|t:|1781463400\n|switch|p2a: Bombirdier|Bombirdier, L85, F|192/258\n|turn|20\n|\n|t:|1781463418\n|move|p1a: Delphox|Focus Blast|p2a: Bombirdier|[miss]\n|-miss|p1a: Delphox|p2a: Bombirdier\n|move|p2a: Bombirdier|Knock Off|p1a: Delphox\n|-supereffective|p1a: Delphox\n|-damage|p1a: Delphox|0 fnt\n|-enditem|p1a: Delphox|Choice Specs|[from] move: Knock Off|[of] p2a: Bombirdier\n|faint|p1a: Delphox\n|\n|upkeep\n|\n|t:|1781463422\n|switch|p1a: Raichu|Raichu-Alola, L87, M|222/246\n|turn|21\n|\n|t:|1781463426\n|switch|p2a: Scizor|Scizor, L79, M|118/240\n|move|p1a: Raichu|Thunderbolt|p2a: Scizor\n|-damage|p2a: Scizor|0 fnt\n|faint|p2a: Scizor\n|-damage|p1a: Raichu|198/246|[from] item: Life Orb\n|\n|upkeep\n|\n|t:|1781463435\n|switch|p2a: Sudowoodo|Sudowoodo, L94, M|284/284\n|turn|22\n|\n|t:|1781463440\n|move|p1a: Raichu|Surf|p2a: Sudowoodo\n|-supereffective|p2a: Sudowoodo\n|-damage|p2a: Sudowoodo|86/284\n|-damage|p1a: Raichu|174/246|[from] item: Life Orb\n|move|p2a: Sudowoodo|Head Smash|p1a: Raichu|[miss]\n|-miss|p2a: Sudowoodo|p1a: Raichu\n|\n|-heal|p2a: Sudowoodo|103/284|[from] item: Leftovers\n|upkeep\n|turn|23\n|\n|t:|1781463447\n|move|p2a: Sudowoodo|Sucker Punch|p1a: Raichu\n|-supereffective|p1a: Raichu\n|-damage|p1a: Raichu|0 fnt\n|faint|p1a: Raichu\n|\n|-heal|p2a: Sudowoodo|120/284|[from] item: Leftovers\n|upkeep\n|\n|t:|1781463449\n|switch|p1a: Sinistcha|Sinistcha, L83|254/254\n|turn|24\n|\n|t:|1781463456\n|move|p1a: Sinistcha|Calm Mind|p1a: Sinistcha\n|-boost|p1a: Sinistcha|spa|1\n|-boost|p1a: Sinistcha|spd|1\n|move|p2a: Sudowoodo|Head Smash|p1a: Sinistcha|[miss]\n|-miss|p2a: Sudowoodo|p1a: Sinistcha\n|\n|-heal|p2a: Sudowoodo|137/284|[from] item: Leftovers\n|upkeep\n|turn|25\n|\n|t:|1781463468\n|move|p2a: Sudowoodo|Sucker Punch||[still]\n|-fail|p2a: Sudowoodo\n|move|p1a: Sinistcha|Strength Sap|p2a: Sudowoodo\n|-unboost|p2a: Sudowoodo|atk|1\n|\n|-heal|p2a: Sudowoodo|154/284|[from] item: Leftovers\n|upkeep\n|turn|26\n|\n|t:|1781463473\n|move|p1a: Sinistcha|Matcha Gotcha|p2a: Sudowoodo\n|-supereffective|p2a: Sudowoodo\n|-damage|p2a: Sudowoodo|0 fnt\n|faint|p2a: Sudowoodo\n|\n|upkeep\n|\n|t:|1781463476\n|switch|p2a: Bombirdier|Bombirdier, L85, F|192/258\n|turn|27\n|c|\u2606bros1021|Gg\n|c|\u2606bros1021|who do u think played better?\n|\n|t:|1781463498\n|-terastallize|p1a: Sinistcha|Steel\n|move|p2a: Bombirdier|Knock Off|p1a: Sinistcha\n|-damage|p1a: Sinistcha|119/254\n|-enditem|p1a: Sinistcha|Leftovers|[from] move: Knock Off|[of] p2a: Bombirdier\n|move|p1a: Sinistcha|Strength Sap|p2a: Bombirdier\n|-unboost|p2a: Bombirdier|atk|1\n|-heal|p1a: Sinistcha|254/254\n|\n|upkeep\n|turn|28\n|\n|t:|1781463507\n|move|p2a: Bombirdier|Knock Off|p1a: Sinistcha\n|-damage|p1a: Sinistcha|188/254\n|move|p1a: Sinistcha|Strength Sap|p2a: Bombirdier\n|-unboost|p2a: Bombirdier|atk|1\n|-heal|p1a: Sinistcha|254/254\n|\n|upkeep\n|turn|29\n|\n|t:|1781463510\n|move|p2a: Bombirdier|Knock Off|p1a: Sinistcha\n|-damage|p1a: Sinistcha|202/254\n|move|p1a: Sinistcha|Matcha Gotcha|p2a: Bombirdier\n|-resisted|p2a: Bombirdier\n|-damage|p2a: Bombirdier|122/258\n|-heal|p1a: Sinistcha|237/254|[from] drain|[of] p2a: Bombirdier\n|\n|upkeep\n|turn|30\n|\n|t:|1781463513\n|move|p2a: Bombirdier|Knock Off|p1a: Sinistcha\n|-damage|p1a: Sinistcha|188/254\n|move|p1a: Sinistcha|Matcha Gotcha|p2a: Bombirdier\n|-resisted|p2a: Bombirdier\n|-damage|p2a: Bombirdier|51/258\n|-heal|p1a: Sinistcha|224/254|[from] drain|[of] p2a: Bombirdier\n|\n|upkeep\n|turn|31\n|\n|t:|1781463515\n|move|p2a: Bombirdier|Knock Off|p1a: Sinistcha\n|-damage|p1a: Sinistcha|169/254\n|move|p1a: Sinistcha|Matcha Gotcha|p2a: Bombirdier\n|-resisted|p2a: Bombirdier\n|-damage|p2a: Bombirdier|0 fnt\n|-heal|p1a: Sinistcha|195/254|[from] drain|[of] p2a: Bombirdier\n|faint|p2a: Bombirdier\n|\n|win|bros1021\n", "inputlog": ">version a8376a258c1d4662feba110a92103f3664a72141\n>start {\"formatid\":\"gen9randombattle\",\"seed\":\"sodium,0dc7c6dd130b46ffb5b51f2e403c9b8a\",\"rated\":\"Rated battle\"}\n>player p1 {\"name\":\"bros1021\",\"avatar\":\"169\",\"rating\":1960,\"seed\":\"sodium,b6fb0247b0e91d2813022372c66f1e37\"}\n>player p2 {\"name\":\"Mtitia\",\"avatar\":\"veteran\",\"rating\":1938,\"seed\":\"sodium,50417ecbf5ab23e6142d6b32fd1dbe70\"}\n>p1 switch 5\n>p2 move knockoff\n>p1 move rockblast\n>p2 switch 5\n>p1 switch 6\n>p2 move cosmicpower\n>p1 move uturn\n>p2 move cosmicpower terastallize\n>p1 switch 4\n>p1 move fireblast\n>p2 move cosmicpower\n>p1 move fireblast\n>p2 move recover\n>p2 switch 4\n>p1 switch 6\n>p2 move headsmash\n>p1 move earthquake\n>p2 move headsmash\n>p1 switch 3\n>p1 move knockoff\n>p2 switch 2\n>p1 move psychicfangs\n>p2 move fakeout\n>p1 move psychicfangs\n>p2 move voltswitch\n>p2 switch 3\n>p1 move drainpunch\n>p2 move bravebird\n>p1 switch 5\n>p1 move thunderbolt\n>p2 switch 3\n>p1 switch 6\n>p2 move fakeout\n>p1 move psyshock\n>p2 move voltswitch\n>p2 switch 3\n>p1 switch 4\n>p2 move knockoff\n>p1 move dualwingbeat\n>p2 switch 5\n>p1 move dualwingbeat\n>p2 move bulletpunch\n>p1 switch 4\n>p1 move focusblast\n>p2 switch 2\n>p2 switch 5\n>p1 move focusblast\n>p2 move knockoff\n>p1 switch 6\n>p1 move thunderbolt\n>p2 switch 2\n>p2 switch 6\n>p1 move surf\n>p2 move headsmash\n>p1 move thunderbolt\n>p2 move suckerpunch\n>p1 switch 2\n>p1 move calmmind\n>p2 move headsmash\n>p1 move strengthsap\n>p2 move suckerpunch\n>p1 move matchagotcha\n>p2 move headsmash\n>p2 switch 2\n>chat \u2606bros1021|Gg\n>chat \u2606bros1021|who do u think played better?\n>p1 move strengthsap terastallize\n>p2 move knockoff\n>p1 move strengthsap\n>p2 move knockoff\n>p1 move matchagotcha\n>p2 move knockoff\n>p1 move matchagotcha\n>p2 move knockoff\n>p1 move matchagotcha\n>p2 move knockoff", "uploadtime": 1781463087, "views": 6, "formatid": "gen9randombattle", "rating": null, "private": 0, "password": null}