{"id": "gen9randombattle-2631775102", "format": "[Gen 9] Random Battle", "players": ["Valentina17", "UTJUTJ"], "log": "|j|\u2606Valentina17\n|j|\u2606UTJUTJ\n|t:|1781437726\n|gametype|singles\n|player|p1|Valentina17|parasollady|1915\n|player|p2|UTJUTJ|101|1958\n|gen|9\n|tier|[Gen 9] Random Battle\n|rated|\n|rule|Species Clause: Limit one of each Pok\u00e9mon\n|rule|HP Percentage Mod: HP is shown in percentages\n|rule|Sleep Clause Mod: Limit one foe put to sleep\n|rule|Illusion Level Mod: Illusion disguises the Pok\u00e9mon's true level\n|\n|t:|1781437726\n|teamsize|p1|6\n|teamsize|p2|6\n|start\n|switch|p1a: Shaymin|Shaymin-Sky, L73|266/266\n|switch|p2a: Appletun|Appletun, L92, M|352/352\n|turn|1\n|inactive|Battle timer is ON: inactive players will automatically lose when time's up. (requested by Valentina17)\n|\n|t:|1781437741\n|-terastallize|p2a: Appletun|Steel\n|move|p1a: Shaymin|Air Slash|p2a: Appletun\n|-resisted|p2a: Appletun\n|-damage|p2a: Appletun|319/352\n|cant|p2a: Appletun|flinch\n|\n|-heal|p2a: Appletun|341/352|[from] item: Leftovers\n|upkeep\n|turn|2\n|\n|t:|1781437754\n|move|p1a: Shaymin|Earth Power|p2a: Appletun\n|-supereffective|p2a: Appletun\n|-damage|p2a: Appletun|235/352\n|move|p2a: Appletun|Leech Seed|p1a: Shaymin\n|-immune|p1a: Shaymin\n|\n|-heal|p2a: Appletun|257/352|[from] item: Leftovers\n|upkeep\n|turn|3\n|\n|t:|1781437761\n|move|p1a: Shaymin|Earth Power|p2a: Appletun\n|-supereffective|p2a: Appletun\n|-damage|p2a: Appletun|153/352\n|move|p2a: Appletun|Dragon Pulse|p1a: Shaymin\n|-damage|p1a: Shaymin|134/266\n|\n|-heal|p2a: Appletun|175/352|[from] item: Leftovers\n|upkeep\n|turn|4\n|\n|t:|1781437767\n|move|p1a: Shaymin|Air Slash|p2a: Appletun\n|-resisted|p2a: Appletun\n|-damage|p2a: Appletun|142/352\n|cant|p2a: Appletun|flinch\n|\n|-heal|p2a: Appletun|164/352|[from] item: Leftovers\n|upkeep\n|turn|5\n|\n|t:|1781437771\n|move|p1a: Shaymin|Air Slash|p2a: Appletun\n|-resisted|p2a: Appletun\n|-damage|p2a: Appletun|131/352\n|move|p2a: Appletun|Recover|p2a: Appletun\n|-heal|p2a: Appletun|307/352\n|\n|-heal|p2a: Appletun|329/352|[from] item: Leftovers\n|upkeep\n|turn|6\n|\n|t:|1781437777\n|move|p1a: Shaymin|Synthesis|p1a: Shaymin\n|-heal|p1a: Shaymin|266/266\n|move|p2a: Appletun|Dragon Pulse|p1a: Shaymin\n|-damage|p1a: Shaymin|124/266\n|\n|-heal|p2a: Appletun|351/352|[from] item: Leftovers\n|upkeep\n|turn|7\n|\n|t:|1781437786\n|switch|p1a: Lilligant|Lilligant, L86, F|261/261\n|move|p2a: Appletun|Dragon Pulse|p1a: Lilligant\n|-damage|p1a: Lilligant|140/261\n|\n|-heal|p2a: Appletun|352/352|[from] item: Leftovers\n|upkeep\n|turn|8\n|\n|t:|1781437790\n|move|p1a: Lilligant|Sleep Powder|p2a: Appletun|[miss]\n|-miss|p1a: Lilligant|p2a: Appletun\n|move|p2a: Appletun|Dragon Pulse|p1a: Lilligant\n|-damage|p1a: Lilligant|29/261\n|\n|upkeep\n|turn|9\n|\n|t:|1781437795\n|switch|p2a: Ditto|Ditto, L87|225/225\n|-transform|p2a: Ditto|p1a: Lilligant|[from] ability: Imposter\n|move|p1a: Lilligant|Sleep Powder|p2a: Ditto\n|-immune|p2a: Ditto\n|\n|upkeep\n|turn|10\n|\n|t:|1781437803\n|switch|p1a: Volcarona|Volcarona, L77, M|257/257\n|move|p2a: Ditto|Alluring Voice|p1a: Volcarona\n|-resisted|p1a: Volcarona\n|-crit|p1a: Volcarona\n|-damage|p1a: Volcarona|212/257\n|\n|upkeep\n|turn|11\n|\n|t:|1781437811\n|switch|p2a: Keldeo|Keldeo-Resolute, L79|273/273\n|move|p1a: Volcarona|Quiver Dance|p1a: Volcarona\n|-boost|p1a: Volcarona|spa|1\n|-boost|p1a: Volcarona|spd|1\n|-boost|p1a: Volcarona|spe|1\n|\n|upkeep\n|turn|12\n|\n|t:|1781437821\n|-terastallize|p1a: Volcarona|Ground\n|move|p1a: Volcarona|Tera Blast|p2a: Keldeo|[anim] Tera Blast Ground\n|-damage|p2a: Keldeo|134/273\n|move|p2a: Keldeo|Surf|p1a: Volcarona\n|-supereffective|p1a: Volcarona\n|-damage|p1a: Volcarona|80/257\n|\n|-heal|p2a: Keldeo|151/273|[from] item: Leftovers\n|upkeep\n|turn|13\n|\n|t:|1781437828\n|move|p1a: Volcarona|Tera Blast|p2a: Keldeo|[anim] Tera Blast Ground\n|-damage|p2a: Keldeo|7/273\n|move|p2a: Keldeo|Surf|p1a: Volcarona\n|-supereffective|p1a: Volcarona\n|-damage|p1a: Volcarona|0 fnt\n|faint|p1a: Volcarona\n|\n|-heal|p2a: Keldeo|24/273|[from] item: Leftovers\n|upkeep\n|\n|t:|1781437831\n|switch|p1a: Shaymin|Shaymin-Sky, L73|124/266\n|turn|14\n|\n|t:|1781437835\n|switch|p2a: Appletun|Appletun, L92, M, tera:Steel|352/352\n|move|p1a: Shaymin|Air Slash|p2a: Appletun\n|-resisted|p2a: Appletun\n|-damage|p2a: Appletun|319/352\n|\n|-heal|p2a: Appletun|341/352|[from] item: Leftovers\n|upkeep\n|turn|15\n|j| afdasfafafdsaf\n|l| afdasfafafdsaf\n|\n|t:|1781437844\n|switch|p1a: Toxtricity|Toxtricity, L82, F|257/257\n|move|p2a: Appletun|Dragon Pulse|p1a: Toxtricity\n|-damage|p1a: Toxtricity|125/257\n|\n|-heal|p2a: Appletun|352/352|[from] item: Leftovers\n|upkeep\n|turn|16\n|\n|t:|1781437849\n|move|p1a: Toxtricity|Overdrive|p2a: Appletun\n|-damage|p2a: Appletun|243/352\n|-enditem|p1a: Toxtricity|Throat Spray\n|-boost|p1a: Toxtricity|spa|1|[from] item: Throat Spray\n|move|p2a: Appletun|Dragon Pulse|p1a: Toxtricity\n|-damage|p1a: Toxtricity|0 fnt\n|faint|p1a: Toxtricity\n|\n|-heal|p2a: Appletun|265/352|[from] item: Leftovers\n|upkeep\n|\n|t:|1781437852\n|switch|p1a: Piloswine|Piloswine, L85, M|309/309\n|turn|17\n|\n|t:|1781437858\n|move|p1a: Piloswine|Earthquake|p2a: Appletun\n|-supereffective|p2a: Appletun\n|-damage|p2a: Appletun|47/352\n|move|p2a: Appletun|Leech Seed|p1a: Piloswine\n|-start|p1a: Piloswine|move: Leech Seed\n|\n|-heal|p2a: Appletun|69/352|[from] item: Leftovers\n|-damage|p1a: Piloswine|271/309|[from] Leech Seed|[of] p2a: Appletun\n|-heal|p2a: Appletun|107/352|[silent]\n|upkeep\n|turn|18\n|\n|t:|1781437868\n|switch|p2a: Lapras|Lapras, L87, F|367/367\n|move|p1a: Piloswine|Earthquake|p2a: Lapras\n|-damage|p2a: Lapras|246/367\n|\n|-damage|p1a: Piloswine|233/309|[from] Leech Seed|[of] p2a: Lapras\n|-heal|p2a: Lapras|284/367|[silent]\n|upkeep\n|turn|19\n|\n|t:|1781437876\n|switch|p1a: Shaymin|Shaymin-Sky, L73|124/266\n|move|p2a: Lapras|Dragon Dance|p2a: Lapras\n|-boost|p2a: Lapras|atk|1\n|-boost|p2a: Lapras|spe|1\n|\n|upkeep\n|turn|20\n|\n|t:|1781437882\n|move|p2a: Lapras|Icicle Spear|p1a: Shaymin\n|-supereffective|p1a: Shaymin\n|-damage|p1a: Shaymin|0 fnt\n|faint|p1a: Shaymin\n|-hitcount|p1: Shaymin|1\n|\n|upkeep\n|\n|t:|1781437886\n|switch|p1a: Iron Bundle|Iron Bundle, L78|215/215\n|turn|21\n|\n|t:|1781437891\n|move|p1a: Iron Bundle|Encore|p2a: Lapras\n|-start|p2a: Lapras|Encore\n|move|p2a: Lapras|Icicle Spear|p1a: Iron Bundle\n|-resisted|p1a: Iron Bundle\n|-damage|p1a: Iron Bundle|207/215\n|-resisted|p1a: Iron Bundle\n|-damage|p1a: Iron Bundle|199/215\n|-resisted|p1a: Iron Bundle\n|-damage|p1a: Iron Bundle|191/215\n|-resisted|p1a: Iron Bundle\n|-damage|p1a: Iron Bundle|182/215\n|-hitcount|p1a: Iron Bundle|4\n|\n|upkeep\n|turn|22\n|\n|t:|1781437895\n|switch|p2a: Ditto|Ditto, L87|225/225\n|-transform|p2a: Ditto|p1a: Iron Bundle|[from] ability: Imposter\n|move|p1a: Iron Bundle|Freeze-Dry|p2a: Ditto\n|-damage|p2a: Ditto|111/225\n|\n|upkeep\n|turn|23\n|\n|t:|1781437900\n|move|p2a: Ditto|Freeze-Dry|p1a: Iron Bundle\n|-damage|p1a: Iron Bundle|52/215\n|move|p1a: Iron Bundle|Freeze-Dry|p2a: Ditto\n|-damage|p2a: Ditto|0 fnt\n|faint|p2a: Ditto\n|-end|p2a: Ditto|Quark Drive|[silent]\n|\n|upkeep\n|\n|t:|1781437914\n|switch|p2a: Lapras|Lapras, L87, F|284/367\n|turn|24\n|\n|t:|1781437917\n|move|p1a: Iron Bundle|Freeze-Dry|p2a: Lapras\n|-damage|p2a: Lapras|211/367\n|move|p2a: Lapras|Earthquake|p1a: Iron Bundle\n|-damage|p1a: Iron Bundle|0 fnt\n|faint|p1a: Iron Bundle\n|-end|p1a: Iron Bundle|Quark Drive|[silent]\n|\n|upkeep\n|\n|t:|1781437923\n|switch|p1a: Lilligant|Lilligant, L86, F|29/261\n|turn|25\n|\n|t:|1781437935\n|switch|p2a: Appletun|Appletun, L92, M, tera:Steel|107/352\n|move|p1a: Lilligant|Sleep Powder|p2a: Appletun\n|-status|p2a: Appletun|slp|[from] move: Sleep Powder\n|\n|-heal|p2a: Appletun|129/352 slp|[from] item: Leftovers\n|upkeep\n|turn|26\n|\n|t:|1781437944\n|switch|p2a: Avalugg|Avalugg, L88, M|310/310\n|move|p1a: Lilligant|Quiver Dance|p1a: Lilligant\n|-boost|p1a: Lilligant|spa|1\n|-boost|p1a: Lilligant|spd|1\n|-boost|p1a: Lilligant|spe|1\n|\n|upkeep\n|turn|27\n|\n|t:|1781437949\n|move|p1a: Lilligant|Petal Dance|p2a: Avalugg\n|-ability|p2a: Avalugg|Sturdy\n|-damage|p2a: Avalugg|1/310\n|-damage|p1a: Lilligant|3/261|[from] item: Life Orb\n|move|p2a: Avalugg|Avalanche|p1a: Lilligant\n|-supereffective|p1a: Lilligant\n|-damage|p1a: Lilligant|0 fnt\n|faint|p1a: Lilligant\n|\n|upkeep\n|\n|t:|1781437952\n|switch|p1a: Piloswine|Piloswine, L85, M|233/309\n|turn|28\n|\n|t:|1781437954\n|move|p1a: Piloswine|Ice Shard|p2a: Avalugg\n|-resisted|p2a: Avalugg\n|-damage|p2a: Avalugg|0 fnt\n|faint|p2a: Avalugg\n|\n|upkeep\n|\n|t:|1781437958\n|switch|p2a: Keldeo|Keldeo-Resolute, L79|24/273\n|turn|29\n|\n|t:|1781437963\n|move|p1a: Piloswine|Ice Shard|p2a: Keldeo\n|-resisted|p2a: Keldeo\n|-damage|p2a: Keldeo|0 fnt\n|faint|p2a: Keldeo\n|\n|upkeep\n|\n|t:|1781437967\n|switch|p2a: Lapras|Lapras, L87, F|211/367\n|turn|30\n|\n|t:|1781437970\n|move|p2a: Lapras|Waterfall|p1a: Piloswine\n|-supereffective|p1a: Piloswine\n|-damage|p1a: Piloswine|123/309\n|move|p1a: Piloswine|Earthquake|p2a: Lapras\n|-damage|p2a: Lapras|93/367\n|\n|upkeep\n|turn|31\n|\n|t:|1781437973\n|move|p2a: Lapras|Waterfall|p1a: Piloswine\n|-supereffective|p1a: Piloswine\n|-damage|p1a: Piloswine|3/309\n|move|p1a: Piloswine|Earthquake|p2a: Lapras\n|-damage|p2a: Lapras|0 fnt\n|faint|p2a: Lapras\n|\n|upkeep\n|\n|t:|1781437976\n|switch|p2a: Regidrago|Regidrago, L77|435/435\n|turn|32\n|\n|t:|1781437980\n|move|p2a: Regidrago|Outrage|p1a: Piloswine\n|-damage|p1a: Piloswine|0 fnt\n|faint|p1a: Piloswine\n|\n|win|UTJUTJ\n", "uploadtime": 1781437728, "views": 4, "formatid": "gen9randombattle", "rating": null, "private": 0, "password": null}