{"id": "gen9randombattle-2631836055", "format": "[Gen 9] Random Battle", "players": ["sarodiya", "crctvh"], "log": "|j|\u2606sarodiya\n|j|\u2606crctvh\n|t:|1781446268\n|gametype|singles\n|player|p1|sarodiya|1|1916\n|player|p2|crctvh|169|1969\n|gen|9\n|tier|[Gen 9] Random Battle\n|rated|\n|rule|Species Clause: Limit one of each Pok\u00e9mon\n|rule|HP Percentage Mod: HP is shown in percentages\n|rule|Sleep Clause Mod: Limit one foe put to sleep\n|rule|Illusion Level Mod: Illusion disguises the Pok\u00e9mon's true level\n|\n|t:|1781446268\n|teamsize|p1|6\n|teamsize|p2|6\n|start\n|switch|p1a: Emboar|Emboar, L84, M|322/322\n|switch|p2a: Sandy Shocks|Sandy Shocks, L80|267/267\n|turn|1\n|inactive|Battle timer is ON: inactive players will automatically lose when time's up. (requested by crctvh)\n|inactive|sarodiya also wants the timer to be on.\n|\n|t:|1781446279\n|move|p2a: Sandy Shocks|Spikes|p1a: Emboar\n|-sidestart|p1: sarodiya|Spikes\n|move|p1a: Emboar|Flare Blitz|p2a: Sandy Shocks\n|-damage|p2a: Sandy Shocks|77/267\n|-status|p2a: Sandy Shocks|brn\n|-damage|p1a: Emboar|259/322|[from] Recoil\n|\n|-heal|p2a: Sandy Shocks|93/267 brn|[from] item: Leftovers\n|-damage|p2a: Sandy Shocks|77/267 brn|[from] brn\n|upkeep\n|turn|2\n|\n|t:|1781446289\n|move|p2a: Sandy Shocks|Earth Power|p1a: Emboar\n|-supereffective|p1a: Emboar\n|-damage|p1a: Emboar|91/322\n|-unboost|p1a: Emboar|spd|1\n|move|p1a: Emboar|Close Combat|p2a: Sandy Shocks\n|-damage|p2a: Sandy Shocks|0 fnt\n|-unboost|p1a: Emboar|def|1\n|-unboost|p1a: Emboar|spd|1\n|faint|p2a: Sandy Shocks\n|-end|p2a: Sandy Shocks|Protosynthesis|[silent]\n|\n|upkeep\n|\n|t:|1781446308\n|switch|p2a: Wyrdeer|Wyrdeer, L87, M|321/321\n|-ability|p2a: Wyrdeer|Intimidate|boost\n|-unboost|p1a: Emboar|atk|1\n|turn|3\n|\n|t:|1781446319\n|move|p1a: Emboar|Sucker Punch|p2a: Wyrdeer\n|-supereffective|p2a: Wyrdeer\n|-damage|p2a: Wyrdeer|223/321\n|move|p2a: Wyrdeer|Earthquake|p1a: Emboar\n|-supereffective|p1a: Emboar\n|-damage|p1a: Emboar|0 fnt\n|faint|p1a: Emboar\n|\n|-heal|p2a: Wyrdeer|243/321|[from] item: Leftovers\n|upkeep\n|\n|t:|1781446331\n|switch|p1a: Regirock|Regirock, L83|268/268\n|-damage|p1a: Regirock|235/268|[from] Spikes\n|turn|4\n|\n|t:|1781446357\n|move|p2a: Wyrdeer|Earthquake|p1a: Regirock\n|-supereffective|p1a: Regirock\n|-damage|p1a: Regirock|149/268\n|move|p1a: Regirock|Thunder Wave|p2a: Wyrdeer\n|-status|p2a: Wyrdeer|par\n|\n|-heal|p1a: Regirock|165/268|[from] item: Leftovers\n|-heal|p2a: Wyrdeer|263/321 par|[from] item: Leftovers\n|upkeep\n|turn|5\n|\n|t:|1781446364\n|move|p1a: Regirock|Stealth Rock|p2a: Wyrdeer\n|-sidestart|p2: crctvh|move: Stealth Rock\n|move|p2a: Wyrdeer|Psychic Noise|p1a: Regirock\n|-damage|p1a: Regirock|80/268\n|-start|p1a: Regirock|move: Heal Block\n|\n|-heal|p2a: Wyrdeer|283/321 par|[from] item: Leftovers\n|upkeep\n|turn|6\n|\n|t:|1781446374\n|move|p1a: Regirock|Body Press|p2a: Wyrdeer\n|-crit|p2a: Wyrdeer\n|-damage|p2a: Wyrdeer|111/321 par\n|cant|p2a: Wyrdeer|par\n|\n|-heal|p2a: Wyrdeer|131/321 par|[from] item: Leftovers\n|-end|p1a: Regirock|move: Heal Block\n|upkeep\n|turn|7\n|\n|t:|1781446381\n|move|p1a: Regirock|Stone Edge|p2a: Wyrdeer\n|-damage|p2a: Wyrdeer|10/321 par\n|move|p2a: Wyrdeer|Psychic Noise|p1a: Regirock\n|-damage|p1a: Regirock|0 fnt\n|faint|p1a: Regirock\n|\n|-heal|p2a: Wyrdeer|30/321 par|[from] item: Leftovers\n|upkeep\n|\n|t:|1781446388\n|switch|p1a: Magearna|Magearna-Original, L77|250/250\n|-damage|p1a: Magearna|219/250|[from] Spikes\n|turn|8\n|\n|t:|1781446401\n|move|p1a: Magearna|Iron Head|p2a: Wyrdeer\n|-damage|p2a: Wyrdeer|0 fnt\n|faint|p2a: Wyrdeer\n|-ability|p1a: Magearna|Soul-Heart|boost\n|-boost|p1a: Magearna|spa|1\n|\n|upkeep\n|\n|t:|1781446405\n|switch|p2a: Swampert|Swampert, L83, M|302/302\n|-damage|p2a: Swampert|284/302|[from] Stealth Rock\n|turn|9\n|\n|t:|1781446410\n|move|p2a: Swampert|Yawn|p1a: Magearna\n|-start|p1a: Magearna|move: Yawn|[of] p2a: Swampert\n|move|p1a: Magearna|Shift Gear|p1a: Magearna\n|-boost|p1a: Magearna|spe|2\n|-boost|p1a: Magearna|atk|1\n|\n|-heal|p2a: Swampert|302/302|[from] item: Leftovers\n|upkeep\n|turn|10\n|\n|t:|1781446414\n|move|p1a: Magearna|Fleur Cannon|p2a: Swampert\n|-damage|p2a: Swampert|88/302\n|-unboost|p1a: Magearna|spa|2\n|move|p2a: Swampert|Earthquake|p1a: Magearna\n|-supereffective|p1a: Magearna\n|-damage|p1a: Magearna|0 fnt\n|faint|p1a: Magearna\n|\n|-heal|p2a: Swampert|106/302|[from] item: Leftovers\n|upkeep\n|\n|t:|1781446424\n|switch|p1a: Volcarona|Volcarona, L77, M|257/257\n|turn|11\n|\n|t:|1781446428\n|move|p1a: Volcarona|Giga Drain|p2a: Swampert\n|-supereffective|p2a: Swampert\n|-damage|p2a: Swampert|0 fnt\n|faint|p2a: Swampert\n|\n|upkeep\n|\n|t:|1781446446\n|switch|p2a: Fezandipiti|Fezandipiti, L82, M|278/278\n|-damage|p2a: Fezandipiti|244/278|[from] Stealth Rock\n|turn|12\n|\n|t:|1781446449\n|move|p2a: Fezandipiti|Gunk Shot|p1a: Volcarona\n|-damage|p1a: Volcarona|101/257\n|move|p1a: Volcarona|Quiver Dance|p1a: Volcarona\n|-boost|p1a: Volcarona|spa|1\n|-boost|p1a: Volcarona|spd|1\n|-boost|p1a: Volcarona|spe|1\n|\n|-heal|p2a: Fezandipiti|261/278|[from] item: Leftovers\n|upkeep\n|turn|13\n|\n|t:|1781446460\n|move|p1a: Volcarona|Morning Sun|p1a: Volcarona\n|-heal|p1a: Volcarona|229/257\n|move|p2a: Fezandipiti|Gunk Shot|p1a: Volcarona\n|-damage|p1a: Volcarona|75/257\n|\n|-heal|p2a: Fezandipiti|278/278|[from] item: Leftovers\n|upkeep\n|turn|14\n|\n|t:|1781446466\n|move|p1a: Volcarona|Morning Sun|p1a: Volcarona\n|-heal|p1a: Volcarona|203/257\n|move|p2a: Fezandipiti|Gunk Shot|p1a: Volcarona\n|-damage|p1a: Volcarona|41/257\n|\n|upkeep\n|turn|15\n|\n|t:|1781446471\n|move|p1a: Volcarona|Morning Sun|p1a: Volcarona\n|-heal|p1a: Volcarona|169/257\n|move|p2a: Fezandipiti|Gunk Shot|p1a: Volcarona\n|-damage|p1a: Volcarona|18/257\n|-status|p1a: Volcarona|psn\n|\n|-damage|p1a: Volcarona|0 fnt|[from] psn\n|faint|p1a: Volcarona\n|upkeep\n|\n|t:|1781446475\n|switch|p1a: Darkrai|Darkrai, L77|234/234\n|-damage|p1a: Darkrai|205/234|[from] Spikes\n|turn|16\n|\n|t:|1781446490\n|switch|p2a: Scizor|Scizor, L79, M|240/240\n|-damage|p2a: Scizor|210/240|[from] Stealth Rock\n|-terastallize|p1a: Darkrai|Poison\n|move|p1a: Darkrai|Nasty Plot|p1a: Darkrai\n|-boost|p1a: Darkrai|spa|2\n|\n|-heal|p1a: Darkrai|219/234|[from] item: Leftovers\n|-heal|p2a: Scizor|225/240|[from] item: Leftovers\n|upkeep\n|turn|17\n|\n|t:|1781446498\n|move|p2a: Scizor|Bullet Punch|p1a: Darkrai\n|-damage|p1a: Darkrai|141/234\n|move|p1a: Darkrai|Dark Pulse|p2a: Scizor\n|-damage|p2a: Scizor|3/240\n|\n|-heal|p1a: Darkrai|155/234|[from] item: Leftovers\n|-heal|p2a: Scizor|18/240|[from] item: Leftovers\n|upkeep\n|turn|18\n|\n|t:|1781446503\n|move|p2a: Scizor|Bullet Punch|p1a: Darkrai\n|-damage|p1a: Darkrai|80/234\n|move|p1a: Darkrai|Dark Pulse|p2a: Scizor\n|-damage|p2a: Scizor|0 fnt\n|faint|p2a: Scizor\n|\n|-heal|p1a: Darkrai|94/234|[from] item: Leftovers\n|upkeep\n|\n|t:|1781446513\n|switch|p2a: Fezandipiti|Fezandipiti, L82, M|278/278\n|-damage|p2a: Fezandipiti|244/278|[from] Stealth Rock\n|turn|19\n|\n|t:|1781446519\n|-terastallize|p2a: Fezandipiti|Ground\n|move|p1a: Darkrai|Nasty Plot|p1a: Darkrai\n|-boost|p1a: Darkrai|spa|2\n|move|p2a: Fezandipiti|Tera Blast|p1a: Darkrai|[anim] Tera Blast Ground\n|-supereffective|p1a: Darkrai\n|-damage|p1a: Darkrai|0 fnt\n|faint|p1a: Darkrai\n|\n|-heal|p2a: Fezandipiti|261/278|[from] item: Leftovers\n|upkeep\n|\n|t:|1781446521\n|switch|p1a: Umbreon|Umbreon, L84, M|297/297\n|-damage|p1a: Umbreon|260/297|[from] Spikes\n|turn|20\n|\n|t:|1781446530\n|move|p2a: Fezandipiti|Gunk Shot|p1a: Umbreon\n|-damage|p1a: Umbreon|160/297\n|move|p1a: Umbreon|Foul Play|p2a: Fezandipiti\n|-damage|p2a: Fezandipiti|168/278\n|\n|-heal|p2a: Fezandipiti|185/278|[from] item: Leftovers\n|-heal|p1a: Umbreon|178/297|[from] item: Leftovers\n|upkeep\n|turn|21\n|\n|t:|1781446535\n|move|p1a: Umbreon|Protect|p1a: Umbreon\n|-singleturn|p1a: Umbreon|Protect\n|move|p2a: Fezandipiti|Gunk Shot|p1a: Umbreon\n|-activate|p1a: Umbreon|move: Protect\n|\n|-heal|p2a: Fezandipiti|202/278|[from] item: Leftovers\n|-heal|p1a: Umbreon|196/297|[from] item: Leftovers\n|upkeep\n|turn|22\n|\n|t:|1781446537\n|move|p2a: Fezandipiti|Gunk Shot|p1a: Umbreon\n|-damage|p1a: Umbreon|97/297\n|-status|p1a: Umbreon|tox|[from] ability: Toxic Chain|[of] p2a: Fezandipiti\n|-activate|p1a: Umbreon|ability: Synchronize\n|-status|p2a: Fezandipiti|tox\n|move|p1a: Umbreon|Toxic|p2a: Fezandipiti\n|-fail|p2a: Fezandipiti|tox\n|\n|-heal|p2a: Fezandipiti|219/278 tox|[from] item: Leftovers\n|-heal|p1a: Umbreon|115/297 tox|[from] item: Leftovers\n|-damage|p2a: Fezandipiti|202/278 tox|[from] psn\n|-damage|p1a: Umbreon|97/297 tox|[from] psn\n|upkeep\n|turn|23\n|\n|t:|1781446545\n|move|p2a: Fezandipiti|Play Rough|p1a: Umbreon\n|-supereffective|p1a: Umbreon\n|-damage|p1a: Umbreon|0 fnt\n|faint|p1a: Umbreon\n|\n|win|crctvh\n", "inputlog": ">version a8376a258c1d4662feba110a92103f3664a72141\n>start {\"formatid\":\"gen9randombattle\",\"seed\":\"sodium,9108c32a50fdd3b9e6cee3b529886db0\",\"rated\":\"Rated battle\"}\n>player p1 {\"name\":\"sarodiya\",\"avatar\":\"1\",\"rating\":1916,\"seed\":\"sodium,03a36b37597bb9eda1a7a679d4b97a9a\"}\n>player p2 {\"name\":\"crctvh\",\"avatar\":\"169\",\"rating\":1969,\"seed\":\"sodium,df9c87334ad119d2a65fb90ae32bb0f8\"}\n>p1 move flareblitz\n>p2 move spikes\n>p1 move closecombat\n>p2 move earthpower\n>p2 switch 4\n>p1 move suckerpunch\n>p2 move earthquake\n>p1 switch 5\n>p1 move thunderwave\n>p2 move earthquake\n>p1 move stealthrock\n>p2 move psychicnoise\n>p1 move bodypress\n>p2 move bodyslam\n>p1 move stoneedge\n>p2 move psychicnoise\n>p1 switch 6\n>p1 move ironhead\n>p2 move bodyslam\n>p2 switch 6\n>p1 move shiftgear\n>p2 move yawn\n>p1 move fleurcannon\n>p2 move earthquake\n>p1 switch 4\n>p1 move gigadrain\n>p2 move yawn\n>p2 switch 2\n>p1 move quiverdance\n>p2 move gunkshot\n>p1 move morningsun\n>p2 move gunkshot\n>p1 move morningsun\n>p2 move gunkshot\n>p1 move morningsun\n>p2 move gunkshot\n>p1 switch 3\n>p1 move nastyplot terastallize\n>p2 switch 5\n>p1 move darkpulse\n>p2 move bulletpunch\n>p1 move darkpulse\n>p2 move bulletpunch\n>p2 switch 5\n>p1 move nastyplot\n>p2 move terablast terastallize\n>p1 switch 2\n>p1 move foulplay\n>p2 move gunkshot\n>p1 move protect\n>p2 move gunkshot\n>p1 move toxic\n>p2 move gunkshot\n>p1 move wish\n>p2 move playrough", "uploadtime": 1781446271, "views": 5, "formatid": "gen9randombattle", "rating": null, "private": 0, "password": null}