{"id": "gen9randombattle-2631405734", "format": "[Gen 9] Random Battle", "players": ["Noidea1992", "pokemon theori"], "log": "|j|\u2606Noidea1992\n|j|\u2606pokemon theori\n|t:|1781380746\n|gametype|singles\n|player|p1|Noidea1992|169|2064\n|player|p2|pokemon theori|giovanni|1988\n|gen|9\n|tier|[Gen 9] Random Battle\n|rated|\n|rule|Species Clause: Limit one of each Pok\u00e9mon\n|rule|HP Percentage Mod: HP is shown in percentages\n|rule|Sleep Clause Mod: Limit one foe put to sleep\n|rule|Illusion Level Mod: Illusion disguises the Pok\u00e9mon's true level\n|\n|t:|1781380746\n|teamsize|p1|6\n|teamsize|p2|6\n|start\n|switch|p1a: Bronzong|Bronzong, L88|261/261\n|switch|p2a: Furret|Furret, L94, F|312/312\n|-item|p1a: Bronzong|Leftovers|[from] ability: Frisk|[of] p2a: Furret\n|turn|1\n|inactive|Battle timer is ON: inactive players will automatically lose when time's up. (requested by pokemon theori)\n|\n|t:|1781380764\n|move|p2a: Furret|Knock Off|p1a: Bronzong\n|-supereffective|p1a: Bronzong\n|-damage|p1a: Bronzong|97/261\n|-enditem|p1a: Bronzong|Leftovers|[from] move: Knock Off|[of] p2a: Furret\n|move|p1a: Bronzong|Stealth Rock|p2a: Furret\n|-sidestart|p2: pokemon theori|move: Stealth Rock\n|\n|upkeep\n|turn|2\n|\n|t:|1781380777\n|move|p2a: Furret|Knock Off|p1a: Bronzong\n|-supereffective|p1a: Bronzong\n|-damage|p1a: Bronzong|0 fnt\n|faint|p1a: Bronzong\n|\n|upkeep\n|\n|t:|1781380788\n|switch|p1a: Avalugg|Avalugg-Hisui, L90, F|317/317\n|turn|3\n|inactive|pokemon theori has 120 seconds left.\n|\n|t:|1781380834\n|switch|p2a: Amoonguss|Amoonguss, L82, F|321/321\n|-damage|p2a: Amoonguss|281/321|[from] Stealth Rock\n|move|p1a: Avalugg|Stone Edge|p2a: Amoonguss\n|-damage|p2a: Amoonguss|91/321\n|\n|-heal|p2a: Amoonguss|111/321|[from] item: Leftovers\n|upkeep\n|turn|4\n|\n|t:|1781380849\n|switch|p2a: Rhydon|Rhydon, L85, M|317/317\n|-damage|p2a: Rhydon|298/317|[from] Stealth Rock\n|move|p1a: Avalugg|Stone Edge|p2a: Rhydon\n|-resisted|p2a: Rhydon\n|-damage|p2a: Rhydon|259/317\n|\n|upkeep\n|turn|5\n|\n|t:|1781380867\n|switch|p1a: Heracross|Heracross, L80, M|259/259\n|move|p2a: Rhydon|Stone Edge|p1a: Heracross\n|-damage|p1a: Heracross|102/259\n|\n|upkeep\n|turn|6\n|inactive|pokemon theori has 120 seconds left.\n|\n|t:|1781380877\n|switch|p2a: Amoonguss|Amoonguss, L82, F|218/321\n|-damage|p2a: Amoonguss|178/321|[from] Stealth Rock\n|move|p1a: Heracross|Close Combat|p2a: Amoonguss\n|-resisted|p2a: Amoonguss\n|-damage|p2a: Amoonguss|49/321\n|-unboost|p1a: Heracross|def|1\n|-unboost|p1a: Heracross|spd|1\n|\n|-heal|p2a: Amoonguss|69/321|[from] item: Leftovers\n|upkeep\n|turn|7\n|\n|t:|1781380883\n|switch|p2a: Uxie|Uxie, L83|260/260\n|-damage|p2a: Uxie|228/260|[from] Stealth Rock\n|move|p1a: Heracross|Close Combat|p2a: Uxie\n|-resisted|p2a: Uxie\n|-damage|p2a: Uxie|154/260\n|-unboost|p1a: Heracross|def|1\n|-unboost|p1a: Heracross|spd|1\n|\n|-heal|p2a: Uxie|170/260|[from] item: Leftovers\n|upkeep\n|turn|8\n|\n|t:|1781380889\n|switch|p1a: Necrozma|Necrozma, L80|286/286\n|move|p2a: Uxie|Psychic Noise|p1a: Necrozma\n|-resisted|p1a: Necrozma\n|-damage|p1a: Necrozma|253/286\n|-start|p1a: Necrozma|move: Heal Block\n|\n|-heal|p2a: Uxie|186/260|[from] item: Leftovers\n|upkeep\n|turn|9\n|\n|t:|1781380895\n|move|p2a: Uxie|Knock Off|p1a: Necrozma\n|-supereffective|p1a: Necrozma\n|-damage|p1a: Necrozma|171/286\n|-enditem|p1a: Necrozma|Life Orb|[from] move: Knock Off|[of] p2a: Uxie\n|move|p1a: Necrozma|Knock Off|p2a: Uxie\n|-supereffective|p2a: Uxie\n|-damage|p2a: Uxie|88/260\n|-enditem|p2a: Uxie|Leftovers|[from] move: Knock Off|[of] p1a: Necrozma\n|\n|-end|p1a: Necrozma|move: Heal Block\n|upkeep\n|turn|10\n|\n|t:|1781380903\n|move|p2a: Uxie|Yawn|p1a: Necrozma\n|-start|p1a: Necrozma|move: Yawn|[of] p2a: Uxie\n|move|p1a: Necrozma|Knock Off|p2a: Uxie\n|-supereffective|p2a: Uxie\n|-damage|p2a: Uxie|20/260\n|\n|upkeep\n|turn|11\n|\n|t:|1781380926\n|switch|p1a: Heracross|Heracross, L80, M|102/259\n|move|p2a: Uxie|Knock Off|p1a: Heracross\n|-resisted|p1a: Heracross\n|-damage|p1a: Heracross|68/259\n|-enditem|p1a: Heracross|Choice Band|[from] move: Knock Off|[of] p2a: Uxie\n|\n|upkeep\n|turn|12\n|\n|t:|1781380932\n|switch|p1a: Necrozma|Necrozma, L80|171/286\n|move|p2a: Uxie|Psychic Noise|p1a: Necrozma\n|-resisted|p1a: Necrozma\n|-damage|p1a: Necrozma|139/286\n|-start|p1a: Necrozma|move: Heal Block\n|\n|upkeep\n|turn|13\n|\n|t:|1781380946\n|move|p2a: Uxie|Yawn|p1a: Necrozma\n|-start|p1a: Necrozma|move: Yawn|[of] p2a: Uxie\n|move|p1a: Necrozma|Knock Off|p2a: Uxie\n|-supereffective|p2a: Uxie\n|-damage|p2a: Uxie|0 fnt\n|faint|p2a: Uxie\n|\n|-end|p1a: Necrozma|move: Heal Block\n|upkeep\n|\n|t:|1781380959\n|switch|p2a: Amoonguss|Amoonguss, L82, F|176/321\n|-damage|p2a: Amoonguss|136/321|[from] Stealth Rock\n|turn|14\n|\n|t:|1781380966\n|switch|p1a: Staraptor|Staraptor, L79, F|263/263\n|move|p2a: Amoonguss|Spore|p1a: Staraptor\n|-status|p1a: Staraptor|slp|[from] move: Spore\n|\n|-heal|p2a: Amoonguss|156/321|[from] item: Leftovers\n|upkeep\n|turn|15\n|\n|t:|1781380976\n|switch|p1a: Necrozma|Necrozma, L80|139/286\n|switch|p2a: Rhydon|Rhydon, L85, M|259/317\n|-damage|p2a: Rhydon|240/317|[from] Stealth Rock\n|\n|upkeep\n|turn|16\n|\n|t:|1781380989\n|move|p1a: Necrozma|Photon Geyser|p2a: Rhydon\n|-damage|p2a: Rhydon|120/317\n|move|p2a: Rhydon|Megahorn|p1a: Necrozma\n|-supereffective|p1a: Necrozma\n|-damage|p1a: Necrozma|0 fnt\n|faint|p1a: Necrozma\n|\n|upkeep\n|\n|t:|1781381002\n|switch|p1a: Blastoise|Blastoise, L80, F|258/258\n|turn|17\n|\n|t:|1781381008\n|move|p1a: Blastoise|Ice Beam|p2a: Rhydon\n|-supereffective|p2a: Rhydon\n|-damage|p2a: Rhydon|6/317\n|move|p2a: Rhydon|Earthquake|p1a: Blastoise\n|-damage|p1a: Blastoise|116/258\n|\n|upkeep\n|turn|18\n|\n|t:|1781381011\n|move|p1a: Blastoise|Ice Beam|p2a: Rhydon\n|-supereffective|p2a: Rhydon\n|-damage|p2a: Rhydon|0 fnt\n|faint|p2a: Rhydon\n|\n|upkeep\n|\n|t:|1781381017\n|switch|p2a: Amoonguss|Amoonguss, L82, F|263/321\n|-damage|p2a: Amoonguss|223/321|[from] Stealth Rock\n|turn|19\n|\n|t:|1781381028\n|move|p1a: Blastoise|Ice Beam|p2a: Amoonguss\n|-supereffective|p2a: Amoonguss\n|-crit|p2a: Amoonguss\n|-damage|p2a: Amoonguss|51/321\n|-status|p2a: Amoonguss|frz\n|cant|p2a: Amoonguss|frz\n|\n|-heal|p2a: Amoonguss|71/321 frz|[from] item: Leftovers\n|upkeep\n|turn|20\n|\n|t:|1781381032\n|move|p1a: Blastoise|Shell Smash|p1a: Blastoise\n|-unboost|p1a: Blastoise|def|1\n|-unboost|p1a: Blastoise|spd|1\n|-boost|p1a: Blastoise|atk|2\n|-boost|p1a: Blastoise|spa|2\n|-boost|p1a: Blastoise|spe|2\n|-enditem|p1a: Blastoise|White Herb\n|-clearnegativeboost|p1a: Blastoise|[silent]\n|cant|p2a: Amoonguss|frz\n|\n|-heal|p2a: Amoonguss|91/321 frz|[from] item: Leftovers\n|upkeep\n|turn|21\n|\n|t:|1781381034\n|move|p1a: Blastoise|Ice Beam|p2a: Amoonguss\n|-supereffective|p2a: Amoonguss\n|-damage|p2a: Amoonguss|0 fnt\n|faint|p2a: Amoonguss\n|\n|upkeep\n|\n|t:|1781381038\n|switch|p2a: Hitmonchan|Hitmonchan, L87, M|229/229\n|-damage|p2a: Hitmonchan|215/229|[from] Stealth Rock\n|turn|22\n|\n|t:|1781381053\n|-terastallize|p1a: Blastoise|Ground\n|move|p1a: Blastoise|Earthquake|p2a: Hitmonchan\n|-damage|p2a: Hitmonchan|35/229\n|move|p2a: Hitmonchan|Drain Punch|p1a: Blastoise\n|-damage|p1a: Blastoise|0 fnt\n|-heal|p2a: Hitmonchan|93/229|[from] drain|[of] p1a: Blastoise\n|faint|p1a: Blastoise\n|-damage|p2a: Hitmonchan|71/229|[from] item: Life Orb\n|\n|upkeep\n|\n|t:|1781381069\n|switch|p1a: Heracross|Heracross, L80, M|68/259\n|turn|23\n|\n|t:|1781381074\n|move|p1a: Heracross|Close Combat|p2a: Hitmonchan\n|-damage|p2a: Hitmonchan|0 fnt\n|-unboost|p1a: Heracross|def|1\n|-unboost|p1a: Heracross|spd|1\n|faint|p2a: Hitmonchan\n|-ability|p1a: Heracross|Moxie|boost\n|-boost|p1a: Heracross|atk|1\n|\n|upkeep\n|\n|t:|1781381080\n|switch|p2a: Salamence|Salamence, L77, F|273/273\n|turn|24\n|\n|t:|1781381092\n|switch|p1a: Avalugg|Avalugg-Hisui, L90, F|317/317\n|move|p2a: Salamence|Earthquake|p1a: Avalugg\n|-supereffective|p1a: Avalugg\n|-damage|p1a: Avalugg|235/317\n|\n|upkeep\n|turn|25\n|\n|t:|1781381103\n|-terastallize|p2a: Salamence|Ground\n|move|p2a: Salamence|Dragon Dance|p2a: Salamence\n|-boost|p2a: Salamence|atk|1\n|-boost|p2a: Salamence|spe|1\n|move|p1a: Avalugg|Avalanche|p2a: Salamence\n|-supereffective|p2a: Salamence\n|-damage|p2a: Salamence|51/273\n|\n|upkeep\n|turn|26\n|\n|t:|1781381112\n|move|p2a: Salamence|Earthquake|p1a: Avalugg\n|-supereffective|p1a: Avalugg\n|-damage|p1a: Avalugg|67/317\n|move|p1a: Avalugg|Recover|p1a: Avalugg\n|-heal|p1a: Avalugg|226/317\n|\n|upkeep\n|turn|27\n|\n|t:|1781381117\n|move|p2a: Salamence|Earthquake|p1a: Avalugg\n|-supereffective|p1a: Avalugg\n|-damage|p1a: Avalugg|32/317\n|move|p1a: Avalugg|Avalanche|p2a: Salamence\n|-supereffective|p2a: Salamence\n|-damage|p2a: Salamence|0 fnt\n|faint|p2a: Salamence\n|\n|upkeep\n|\n|t:|1781381122\n|switch|p2a: Furret|Furret, L94, F|312/312\n|-damage|p2a: Furret|273/312|[from] Stealth Rock\n|-item|p1a: Avalugg|Heavy-Duty Boots|[from] ability: Frisk|[of] p2a: Furret\n|turn|28\n|\n|t:|1781381129\n|move|p2a: Furret|Double-Edge|p1a: Avalugg\n|-resisted|p1a: Avalugg\n|-damage|p1a: Avalugg|0 fnt\n|faint|p1a: Avalugg\n|-damage|p2a: Furret|262/312|[from] Recoil\n|\n|upkeep\n|\n|t:|1781381136\n|switch|p1a: Heracross|Heracross, L80, M|68/259\n|turn|29\n|\n|t:|1781381141\n|move|p2a: Furret|Double-Edge|p1a: Heracross\n|-damage|p1a: Heracross|0 fnt\n|faint|p1a: Heracross\n|-damage|p2a: Furret|240/312|[from] Recoil\n|\n|upkeep\n|\n|t:|1781381144\n|switch|p1a: Staraptor|Staraptor, L79, F|263/263 slp\n|turn|30\n|\n|t:|1781381147\n|move|p2a: Furret|Double-Edge|p1a: Staraptor\n|-damage|p1a: Staraptor|32/263 slp\n|-damage|p2a: Furret|164/312|[from] Recoil\n|cant|p1a: Staraptor|slp\n|\n|upkeep\n|turn|31\n|\n|t:|1781381154\n|move|p2a: Furret|Double-Edge|p1a: Staraptor\n|-damage|p1a: Staraptor|0 fnt\n|faint|p1a: Staraptor\n|-damage|p2a: Furret|153/312|[from] Recoil\n|\n|win|pokemon theori\n", "inputlog": ">version a8376a258c1d4662feba110a92103f3664a72141\n>start {\"formatid\":\"gen9randombattle\",\"seed\":\"sodium,4b47fafad1287946fe57d1e8576f9479\",\"rated\":\"Rated battle\"}\n>player p1 {\"name\":\"Noidea1992\",\"avatar\":\"169\",\"rating\":2064,\"seed\":\"sodium,7e65d6c72f8bb43d215c1fb1130230b8\"}\n>player p2 {\"name\":\"pokemon theori\",\"avatar\":\"giovanni\",\"rating\":1988,\"seed\":\"sodium,5a3f640c82f11c230be69efa609924a7\"}\n>p1 move stealthrock\n>p2 move knockoff\n>p1 move hypnosis\n>p2 move knockoff\n>p1 switch 5\n>p1 move stoneedge\n>p2 switch 5\n>p1 move stoneedge\n>p2 switch 3\n>p1 switch 6\n>p2 move stoneedge\n>p1 move closecombat\n>p2 switch 3\n>p1 move closecombat\n>p2 switch 4\n>p1 switch 2\n>p2 move psychicnoise\n>p1 move knockoff\n>p2 move knockoff\n>p1 move knockoff\n>p2 move yawn\n>p1 switch 2\n>p2 move knockoff\n>p1 switch 2\n>p2 move psychicnoise\n>p1 move knockoff\n>p2 move yawn\n>p2 switch 4\n>p1 switch 4\n>p2 move spore\n>p1 switch 4\n>p2 switch 3\n>p1 move photongeyser\n>p2 move megahorn\n>p1 switch 3\n>p1 move icebeam\n>p2 move earthquake\n>p1 move icebeam\n>p2 move earthquake\n>p2 switch 3\n>p1 move icebeam\n>p2 move sludgebomb\n>p1 move shellsmash\n>p2 move sludgebomb\n>p1 move icebeam\n>p2 move sludgebomb\n>p2 switch 6\n>p1 move earthquake terastallize\n>p2 move drainpunch\n>p1 switch 2\n>p1 move closecombat\n>p2 move drainpunch\n>p2 switch 2\n>p1 switch 6\n>p2 move earthquake\n>p1 move avalanche\n>p2 move dragondance terastallize\n>p1 move recover\n>p2 move earthquake\n>p1 move avalanche\n>p2 move earthquake\n>p2 switch 5\n>p1 move avalanche\n>p2 move doubleedge\n>p1 switch 6\n>p1 move closecombat\n>p2 move doubleedge\n>p1 switch 4\n>p1 move closecombat\n>p2 move doubleedge\n>p1 move closecombat\n>p2 move doubleedge", "uploadtime": 1781380748, "views": 10, "formatid": "gen9randombattle", "rating": null, "private": 0, "password": null}