{"id": "gen9randombattle-2631869459", "format": "[Gen 9] Random Battle", "players": ["WhatEver2102", "Kieskauer"], "log": "|j|\u2606WhatEver2102\n|j|\u2606Kieskauer\n|t:|1781450183\n|gametype|singles\n|player|p1|WhatEver2102|juan|1972\n|player|p2|Kieskauer|265|2078\n|gen|9\n|tier|[Gen 9] Random Battle\n|rated|\n|rule|Species Clause: Limit one of each Pok\u00e9mon\n|rule|HP Percentage Mod: HP is shown in percentages\n|rule|Sleep Clause Mod: Limit one foe put to sleep\n|rule|Illusion Level Mod: Illusion disguises the Pok\u00e9mon's true level\n|\n|t:|1781450183\n|teamsize|p1|6\n|teamsize|p2|6\n|start\n|switch|p1a: Revavroom|Revavroom, L79, F|256/256\n|switch|p2a: Bellibolt|Bellibolt, L84, F|320/320\n|turn|1\n|inactive|Battle timer is ON: inactive players will automatically lose when time's up. (requested by WhatEver2102)\n|\n|t:|1781450217\n|switch|p1a: Glaceon|Glaceon, L94, F|275/275\n|move|p2a: Bellibolt|Volt Switch|p1a: Glaceon\n|-damage|p1a: Glaceon|215/275\n|\n|t:|1781450239\n|switch|p2a: Espeon|Espeon, L84, M|246/246|[from] Volt Switch\n|\n|upkeep\n|turn|2\n|\n|t:|1781450253\n|move|p2a: Espeon|Calm Mind|p2a: Espeon\n|-boost|p2a: Espeon|spa|1\n|-boost|p2a: Espeon|spd|1\n|move|p1a: Glaceon|Mud Shot|p2a: Espeon\n|-damage|p2a: Espeon|204/246\n|-unboost|p2a: Espeon|spe|1\n|\n|upkeep\n|turn|3\n|\n|t:|1781450260\n|switch|p1a: Bombirdier|Bombirdier, L85, M|258/258\n|move|p2a: Espeon|Psyshock|p1a: Bombirdier\n|-immune|p1a: Bombirdier\n|\n|upkeep\n|turn|4\n|\n|t:|1781450272\n|switch|p2a: Magnezone|Magnezone, L85|258/258\n|move|p1a: Bombirdier|Knock Off|p2a: Magnezone\n|-damage|p2a: Magnezone|174/258\n|-enditem|p2a: Magnezone|Leftovers|[from] move: Knock Off|[of] p1a: Bombirdier\n|\n|upkeep\n|turn|5\n|\n|t:|1781450291\n|switch|p1a: Gallade|Gallade, L80, M|240/240\n|move|p2a: Magnezone|Iron Defense|p2a: Magnezone\n|-boost|p2a: Magnezone|def|2\n|\n|upkeep\n|turn|6\n|\n|t:|1781450299\n|move|p1a: Gallade|Sacred Sword|p2a: Magnezone\n|-supereffective|p2a: Magnezone\n|-damage|p2a: Magnezone|0 fnt\n|faint|p2a: Magnezone\n|\n|upkeep\n|\n|t:|1781450313\n|switch|p2a: Swanna|Swanna, L89, M|278/278\n|turn|7\n|\n|t:|1781450319\n|switch|p1a: Glaceon|Glaceon, L94, F|215/275\n|move|p2a: Swanna|Hydro Pump|p1a: Glaceon\n|-damage|p1a: Glaceon|104/275\n|\n|upkeep\n|turn|8\n|\n|t:|1781450326\n|move|p2a: Swanna|Hydro Pump|p1a: Glaceon\n|-damage|p1a: Glaceon|0 fnt\n|faint|p1a: Glaceon\n|\n|upkeep\n|\n|t:|1781450332\n|switch|p1a: Bombirdier|Bombirdier, L85, M|258/258\n|turn|9\n|\n|t:|1781450349\n|switch|p2a: Bellibolt|Bellibolt, L84, F|320/320\n|move|p1a: Bombirdier|Knock Off|p2a: Bellibolt\n|-damage|p2a: Bellibolt|203/320\n|-start|p2a: Bellibolt|Charge|Knock Off|[from] ability: Electromorphosis\n|-enditem|p2a: Bellibolt|Leftovers|[from] move: Knock Off|[of] p1a: Bombirdier\n|\n|upkeep\n|turn|10\n|\n|t:|1781450366\n|switch|p1a: Sylveon|Sylveon, L85, M|300/300\n|move|p2a: Bellibolt|Volt Switch|p1a: Sylveon\n|-damage|p1a: Sylveon|191/300\n|-end|p2a: Bellibolt|Charge|[silent]\n|\n|t:|1781450374\n|switch|p2a: Espeon|Espeon, L84, M|204/246|[from] Volt Switch\n|\n|-heal|p1a: Sylveon|209/300|[from] item: Leftovers\n|upkeep\n|turn|11\n|\n|t:|1781450380\n|move|p2a: Espeon|Psyshock|p1a: Sylveon\n|-damage|p1a: Sylveon|28/300\n|-damage|p2a: Espeon|180/246|[from] item: Life Orb\n|move|p1a: Sylveon|Hyper Voice|p2a: Espeon\n|-damage|p2a: Espeon|57/246\n|\n|-heal|p1a: Sylveon|46/300|[from] item: Leftovers\n|upkeep\n|turn|12\n|\n|t:|1781450389\n|move|p2a: Espeon|Alluring Voice|p1a: Sylveon\n|-damage|p1a: Sylveon|0 fnt\n|faint|p1a: Sylveon\n|-damage|p2a: Espeon|33/246|[from] item: Life Orb\n|\n|upkeep\n|\n|t:|1781450414\n|switch|p1a: Gallade|Gallade, L80, M|240/240\n|turn|13\n|\n|t:|1781450419\n|move|p1a: Gallade|Psycho Cut|p2a: Espeon\n|-resisted|p2a: Espeon\n|-damage|p2a: Espeon|0 fnt\n|faint|p2a: Espeon\n|\n|upkeep\n|\n|t:|1781450427\n|switch|p2a: Bellibolt|Bellibolt, L84, F|203/320\n|turn|14\n|\n|t:|1781450435\n|move|p1a: Gallade|Psycho Cut|p2a: Bellibolt\n|-crit|p2a: Bellibolt\n|-damage|p2a: Bellibolt|31/320\n|-start|p2a: Bellibolt|Charge|Psycho Cut|[from] ability: Electromorphosis\n|move|p2a: Bellibolt|Slack Off|p2a: Bellibolt\n|-heal|p2a: Bellibolt|191/320\n|\n|upkeep\n|turn|15\n|\n|t:|1781450437\n|move|p1a: Gallade|Psycho Cut|p2a: Bellibolt\n|-damage|p2a: Bellibolt|76/320\n|-start|p2a: Bellibolt|Charge|Psycho Cut|[from] ability: Electromorphosis\n|move|p2a: Bellibolt|Slack Off|p2a: Bellibolt\n|-heal|p2a: Bellibolt|236/320\n|\n|upkeep\n|turn|16\n|\n|t:|1781450441\n|move|p1a: Gallade|Psycho Cut|p2a: Bellibolt\n|-damage|p2a: Bellibolt|113/320\n|-start|p2a: Bellibolt|Charge|Psycho Cut|[from] ability: Electromorphosis\n|move|p2a: Bellibolt|Slack Off|p2a: Bellibolt\n|-heal|p2a: Bellibolt|273/320\n|\n|upkeep\n|turn|17\n|\n|t:|1781450443\n|move|p1a: Gallade|Psycho Cut|p2a: Bellibolt\n|-damage|p2a: Bellibolt|140/320\n|-start|p2a: Bellibolt|Charge|Psycho Cut|[from] ability: Electromorphosis\n|move|p2a: Bellibolt|Thunderbolt|p1a: Gallade\n|-damage|p1a: Gallade|60/240\n|-status|p1a: Gallade|par\n|-end|p2a: Bellibolt|Charge|[silent]\n|\n|upkeep\n|turn|18\n|\n|t:|1781450446\n|move|p1a: Gallade|Psycho Cut|p2a: Bellibolt\n|-damage|p2a: Bellibolt|19/320\n|-start|p2a: Bellibolt|Charge|Psycho Cut|[from] ability: Electromorphosis\n|move|p2a: Bellibolt|Slack Off|p2a: Bellibolt\n|-heal|p2a: Bellibolt|179/320\n|\n|upkeep\n|turn|19\n|\n|t:|1781450449\n|move|p1a: Gallade|Psycho Cut|p2a: Bellibolt\n|-damage|p2a: Bellibolt|65/320\n|-start|p2a: Bellibolt|Charge|Psycho Cut|[from] ability: Electromorphosis\n|move|p2a: Bellibolt|Slack Off|p2a: Bellibolt\n|-heal|p2a: Bellibolt|225/320\n|\n|upkeep\n|turn|20\n|\n|t:|1781450451\n|move|p1a: Gallade|Psycho Cut|p2a: Bellibolt\n|-damage|p2a: Bellibolt|93/320\n|-start|p2a: Bellibolt|Charge|Psycho Cut|[from] ability: Electromorphosis\n|move|p2a: Bellibolt|Slack Off|p2a: Bellibolt\n|-heal|p2a: Bellibolt|253/320\n|\n|upkeep\n|turn|21\n|\n|t:|1781450456\n|cant|p1a: Gallade|par\n|move|p2a: Bellibolt|Thunderbolt|p1a: Gallade\n|-damage|p1a: Gallade|0 fnt\n|faint|p1a: Gallade\n|-end|p2a: Bellibolt|Charge|[silent]\n|\n|upkeep\n|\n|t:|1781450460\n|switch|p1a: Revavroom|Revavroom, L79, F|256/256\n|turn|22\n|\n|t:|1781450468\n|move|p1a: Revavroom|Shift Gear|p1a: Revavroom\n|-boost|p1a: Revavroom|spe|2\n|-boost|p1a: Revavroom|atk|1\n|move|p2a: Bellibolt|Muddy Water|p1a: Revavroom\n|-damage|p1a: Revavroom|171/256\n|\n|upkeep\n|turn|23\n|\n|t:|1781450474\n|-terastallize|p1a: Revavroom|Ground\n|move|p1a: Revavroom|High Horsepower|p2a: Bellibolt\n|-supereffective|p2a: Bellibolt\n|-damage|p2a: Bellibolt|0 fnt\n|faint|p2a: Bellibolt\n|-damage|p1a: Revavroom|146/256|[from] item: Life Orb\n|\n|upkeep\n|\n|t:|1781450502\n|switch|p2a: Articuno|Articuno, L86|295/295\n|-ability|p2a: Articuno|Pressure\n|turn|24\n|\n|t:|1781450518\n|-terastallize|p2a: Articuno|Ground\n|move|p1a: Revavroom|Iron Head|p2a: Articuno\n|-damage|p2a: Articuno|147/295\n|-damage|p1a: Revavroom|121/256|[from] item: Life Orb\n|cant|p2a: Articuno|flinch\n|\n|upkeep\n|turn|25\n|\n|t:|1781450529\n|move|p1a: Revavroom|High Horsepower|p2a: Articuno\n|-damage|p2a: Articuno|0 fnt\n|faint|p2a: Articuno\n|-damage|p1a: Revavroom|96/256|[from] item: Life Orb\n|\n|upkeep\n|\n|t:|1781450544\n|switch|p2a: Swanna|Swanna, L89, M|278/278\n|turn|26\n|\n|t:|1781450548\n|move|p1a: Revavroom|Gunk Shot|p2a: Swanna\n|-damage|p2a: Swanna|0 fnt\n|faint|p2a: Swanna\n|-damage|p1a: Revavroom|71/256|[from] item: Life Orb\n|\n|upkeep\n|\n|t:|1781450551\n|switch|p2a: Sawsbuck|Sawsbuck-Winter, L88, M|284/284\n|turn|27\n|\n|t:|1781450554\n|move|p1a: Revavroom|Gunk Shot|p2a: Sawsbuck\n|-supereffective|p2a: Sawsbuck\n|-damage|p2a: Sawsbuck|0 fnt\n|faint|p2a: Sawsbuck\n|-damage|p1a: Revavroom|46/256|[from] item: Life Orb\n|\n|win|WhatEver2102\n", "uploadtime": 1781450185, "views": 4, "formatid": "gen9randombattle", "rating": null, "private": 0, "password": null}