{"id": "gen9randombattle-2631783398", "format": "[Gen 9] Random Battle", "players": ["grass1234567", "NickPlayeZ"], "log": "|j|\u2606grass1234567\n|j|\u2606NickPlayeZ\n|t:|1781439019\n|gametype|singles\n|player|p1|grass1234567|pokemaniac|2055\n|player|p2|NickPlayeZ|emmet|2106\n|gen|9\n|tier|[Gen 9] Random Battle\n|rated|\n|rule|Species Clause: Limit one of each Pok\u00e9mon\n|rule|HP Percentage Mod: HP is shown in percentages\n|rule|Sleep Clause Mod: Limit one foe put to sleep\n|rule|Illusion Level Mod: Illusion disguises the Pok\u00e9mon's true level\n|\n|t:|1781439019\n|teamsize|p1|6\n|teamsize|p2|6\n|start\n|switch|p1a: Landorus|Landorus-Therian, L76, M|260/260\n|switch|p2a: Deoxys|Deoxys-Attack, L72|191/191\n|-ability|p2a: Deoxys|Pressure\n|-ability|p1a: Landorus|Intimidate|boost\n|-unboost|p2a: Deoxys|atk|1\n|turn|1\n|inactive|Battle timer is ON: inactive players will automatically lose when time's up. (requested by NickPlayeZ)\n|\n|t:|1781439043\n|switch|p1a: Bisharp|Bisharp, L79, F|232/232\n|move|p2a: Deoxys|Psycho Boost|p1a: Bisharp\n|-immune|p1a: Bisharp\n|\n|upkeep\n|turn|2\n|\n|t:|1781439063\n|switch|p2a: Poliwrath|Poliwrath, L88, F|302/302\n|switch|p1a: Oricorio|Oricorio-Sensu, L85, F|266/266\n|\n|upkeep\n|turn|3\n|\n|t:|1781439076\n|move|p1a: Oricorio|Hurricane|p2a: Poliwrath\n|-supereffective|p2a: Poliwrath\n|-damage|p2a: Poliwrath|158/302\n|move|p2a: Poliwrath|Liquidation|p1a: Oricorio\n|-damage|p1a: Oricorio|149/266\n|\n|upkeep\n|turn|4\n|\n|t:|1781439085\n|move|p1a: Oricorio|Hurricane|p2a: Poliwrath|[miss]\n|-miss|p1a: Oricorio|p2a: Poliwrath\n|move|p2a: Poliwrath|Knock Off|p1a: Oricorio\n|-supereffective|p1a: Oricorio\n|-damage|p1a: Oricorio|0 fnt\n|-enditem|p1a: Oricorio|Heavy-Duty Boots|[from] move: Knock Off|[of] p2a: Poliwrath\n|faint|p1a: Oricorio\n|\n|upkeep\n|\n|t:|1781439098\n|switch|p1a: Espathra|Espathra, L80, F|283/283\n|turn|5\n|\n|t:|1781439107\n|switch|p2a: Bombirdier|Bombirdier, L85, F|258/258\n|move|p1a: Espathra|U-turn|p2a: Bombirdier\n|-damage|p2a: Bombirdier|224/258\n|\n|t:|1781439116\n|switch|p1a: Landorus|Landorus-Therian, L76, M|260/260|[from] U-turn\n|-ability|p1a: Landorus|Intimidate|boost\n|-unboost|p2a: Bombirdier|atk|1\n|\n|upkeep\n|turn|6\n|\n|t:|1781439127\n|move|p2a: Bombirdier|Stealth Rock|p1a: Landorus\n|-sidestart|p1: grass1234567|move: Stealth Rock\n|move|p1a: Landorus|U-turn|p2a: Bombirdier\n|-damage|p2a: Bombirdier|163/258\n|\n|t:|1781439134\n|switch|p1a: Kingdra|Kingdra, L84, M|263/263|[from] U-turn\n|-damage|p1a: Kingdra|231/263|[from] Stealth Rock\n|\n|upkeep\n|turn|7\n|\n|t:|1781439146\n|move|p1a: Kingdra|Rain Dance|p1a: Kingdra\n|-weather|RainDance\n|move|p2a: Bombirdier|Knock Off|p1a: Kingdra\n|-damage|p1a: Kingdra|164/263\n|-enditem|p1a: Kingdra|Life Orb|[from] move: Knock Off|[of] p2a: Bombirdier\n|\n|-weather|RainDance|[upkeep]\n|upkeep\n|turn|8\n|\n|t:|1781439157\n|switch|p2a: Poliwrath|Poliwrath, L88, F|158/302\n|move|p1a: Kingdra|Wave Crash|p2a: Poliwrath\n|-heal|p2a: Poliwrath|233/302|[from] ability: Water Absorb|[of] p1a: Kingdra\n|\n|-weather|RainDance|[upkeep]\n|upkeep\n|turn|9\n|\n|t:|1781439165\n|move|p1a: Kingdra|Hurricane|p2a: Poliwrath\n|-supereffective|p2a: Poliwrath\n|-damage|p2a: Poliwrath|135/302\n|move|p2a: Poliwrath|Close Combat|p1a: Kingdra\n|-damage|p1a: Kingdra|31/263\n|-unboost|p2a: Poliwrath|def|1\n|-unboost|p2a: Poliwrath|spd|1\n|\n|-weather|RainDance|[upkeep]\n|upkeep\n|turn|10\n|\n|t:|1781439174\n|switch|p2a: Iron Treads|Iron Treads, L77|265/265\n|move|p1a: Kingdra|Draco Meteor|p2a: Iron Treads\n|-resisted|p2a: Iron Treads\n|-damage|p2a: Iron Treads|204/265\n|-unboost|p1a: Kingdra|spa|2\n|\n|-weather|RainDance|[upkeep]\n|upkeep\n|turn|11\n|\n|t:|1781439182\n|move|p1a: Kingdra|Draco Meteor|p2a: Iron Treads\n|-resisted|p2a: Iron Treads\n|-damage|p2a: Iron Treads|174/265\n|-unboost|p1a: Kingdra|spa|2\n|move|p2a: Iron Treads|Volt Switch|p1a: Kingdra\n|-damage|p1a: Kingdra|0 fnt\n|faint|p1a: Kingdra\n|\n|t:|1781439187\n|-end|p2a: Iron Treads|Quark Drive|[silent]\n|switch|p2a: Bombirdier|Bombirdier, L85, F|163/258|[from] Volt Switch\n|\n|-weather|none\n|upkeep\n|-message|grass1234567 forfeited.\n|\n|win|NickPlayeZ\n", "inputlog": ">version a8376a258c1d4662feba110a92103f3664a72141\n>start {\"formatid\":\"gen9randombattle\",\"seed\":\"sodium,73cc462f93e8c0e70bd33c8b70ff414f\",\"rated\":\"Rated battle\"}\n>player p1 {\"name\":\"grass1234567\",\"avatar\":\"pokemaniac\",\"rating\":2055,\"seed\":\"sodium,f40467a6d97d80b14732768acd155ab0\"}\n>player p2 {\"name\":\"NickPlayeZ\",\"avatar\":\"emmet\",\"rating\":2106,\"seed\":\"sodium,22867eb81fc27c07d9fc094c052c70cf\"}\n>p1 switch 6\n>p2 move psychoboost\n>p1 switch 4\n>p2 switch 5\n>p1 move hurricane\n>p2 move liquidation\n>p1 move hurricane\n>p2 move knockoff\n>p1 switch 3\n>p1 move uturn\n>p2 switch 3\n>p1 switch 6\n>p1 move uturn\n>p2 move stealthrock\n>p1 switch 5\n>p1 move raindance\n>p2 move knockoff\n>p1 move wavecrash\n>p2 switch 3\n>p1 move hurricane\n>p2 move closecombat\n>p1 move dracometeor\n>p2 switch 6\n>p1 move dracometeor\n>p2 move voltswitch\n>p2 switch 3\n>forcelose p1", "uploadtime": 1781439021, "views": 5, "formatid": "gen9randombattle", "rating": null, "private": 0, "password": null}