{"id": "gen9randombattle-2631378928", "format": "[Gen 9] Random Battle", "players": ["soulstiss", "GoldenDragon9"], "log": "|j|\u2606soulstiss\n|j|\u2606GoldenDragon9\n|t:|1781377661\n|gametype|singles\n|player|p1|soulstiss|juggler|1089\n|player|p2|GoldenDragon9|roughneck|1130\n|gen|9\n|tier|[Gen 9] Random Battle\n|rated|\n|rule|Species Clause: Limit one of each Pok\u00e9mon\n|rule|HP Percentage Mod: HP is shown in percentages\n|rule|Sleep Clause Mod: Limit one foe put to sleep\n|rule|Illusion Level Mod: Illusion disguises the Pok\u00e9mon's true level\n|\n|t:|1781377661\n|teamsize|p1|6\n|teamsize|p2|6\n|start\n|switch|p1a: Oinkologne|Oinkologne-F, L92, F|361/361\n|switch|p2a: Leafeon|Leafeon, L88, M|258/258\n|turn|1\n|inactive|Battle timer is ON: inactive players will automatically lose when time's up. (requested by soulstiss)\n|\n|t:|1781377682\n|move|p2a: Leafeon|Double-Edge|p1a: Oinkologne\n|-damage|p1a: Oinkologne|226/361\n|-damage|p2a: Leafeon|213/258|[from] Recoil\n|-damage|p2a: Leafeon|188/258|[from] item: Life Orb\n|move|p1a: Oinkologne|Curse|p1a: Oinkologne\n|-unboost|p1a: Oinkologne|spe|1\n|-boost|p1a: Oinkologne|atk|1\n|-boost|p1a: Oinkologne|def|1\n|\n|-heal|p1a: Oinkologne|248/361|[from] item: Leftovers\n|upkeep\n|turn|2\n|\n|t:|1781377712\n|move|p2a: Leafeon|Leaf Blade|p1a: Oinkologne\n|-damage|p1a: Oinkologne|145/361\n|-damage|p2a: Leafeon|163/258|[from] item: Life Orb\n|move|p1a: Oinkologne|Lash Out|p2a: Leafeon\n|-damage|p2a: Leafeon|99/258\n|\n|-heal|p1a: Oinkologne|167/361|[from] item: Leftovers\n|upkeep\n|turn|3\n|\n|t:|1781377722\n|move|p2a: Leafeon|Double-Edge|p1a: Oinkologne\n|-damage|p1a: Oinkologne|72/361\n|-damage|p2a: Leafeon|68/258|[from] Recoil\n|-damage|p2a: Leafeon|43/258|[from] item: Life Orb\n|move|p1a: Oinkologne|Double-Edge|p2a: Leafeon\n|-crit|p2a: Leafeon\n|-damage|p2a: Leafeon|0 fnt\n|faint|p2a: Leafeon\n|-damage|p1a: Oinkologne|58/361|[from] Recoil\n|\n|-heal|p1a: Oinkologne|80/361|[from] item: Leftovers\n|upkeep\n|\n|t:|1781377735\n|switch|p2a: Floatzel|Floatzel, L86, M|286/286\n|turn|4\n|\n|t:|1781377744\n|switch|p1a: Wugtrio|Wugtrio, L91, M|212/212\n|move|p2a: Floatzel|Wave Crash|p1a: Wugtrio\n|-resisted|p1a: Wugtrio\n|-damage|p1a: Wugtrio|116/212\n|-ability|p1a: Wugtrio|Gooey\n|-unboost|p2a: Floatzel|spe|1\n|-damage|p2a: Floatzel|254/286|[from] Recoil\n|\n|-heal|p2a: Floatzel|271/286|[from] item: Leftovers\n|upkeep\n|turn|5\n|\n|t:|1781377760\n|move|p1a: Wugtrio|Throat Chop|p2a: Floatzel\n|-damage|p2a: Floatzel|121/286\n|-start|p2a: Floatzel|Throat Chop|[silent]\n|move|p2a: Floatzel|Wave Crash|p1a: Wugtrio\n|-resisted|p1a: Wugtrio\n|-damage|p1a: Wugtrio|26/212\n|-ability|p1a: Wugtrio|Gooey\n|-unboost|p2a: Floatzel|spe|1\n|-damage|p2a: Floatzel|91/286|[from] Recoil\n|\n|-heal|p2a: Floatzel|108/286|[from] item: Leftovers\n|upkeep\n|turn|6\n|\n|t:|1781377775\n|move|p1a: Wugtrio|Throat Chop|p2a: Floatzel\n|-damage|p2a: Floatzel|0 fnt\n|faint|p2a: Floatzel\n|\n|upkeep\n|\n|t:|1781377781\n|switch|p2a: Iron Thorns|Iron Thorns, L83|302/302\n|-enditem|p2a: Iron Thorns|Booster Energy\n|-activate|p2a: Iron Thorns|ability: Quark Drive|[fromitem]\n|-start|p2a: Iron Thorns|quarkdriveatk\n|turn|7\n|\n|t:|1781377791\n|switch|p1a: Oinkologne|Oinkologne-F, L92, F|80/361\n|move|p2a: Iron Thorns|Stone Edge|p1a: Oinkologne\n|-damage|p1a: Oinkologne|0 fnt\n|faint|p1a: Oinkologne\n|\n|upkeep\n|\n|t:|1781377799\n|switch|p1a: Wugtrio|Wugtrio, L91, M|26/212\n|turn|8\n|\n|t:|1781377802\n|move|p1a: Wugtrio|Aqua Jet|p2a: Iron Thorns\n|-supereffective|p2a: Iron Thorns\n|-damage|p2a: Iron Thorns|174/302\n|move|p2a: Iron Thorns|Stone Edge|p1a: Wugtrio\n|-damage|p1a: Wugtrio|0 fnt\n|faint|p1a: Wugtrio\n|\n|upkeep\n|\n|t:|1781377812\n|switch|p1a: Oranguru|Oranguru, L92, M|315/315\n|turn|9\n|\n|t:|1781377824\n|move|p2a: Iron Thorns|Ice Punch|p1a: Oranguru\n|-damage|p1a: Oranguru|232/315\n|move|p1a: Oranguru|Trick|p2a: Iron Thorns\n|-activate|p1a: Oranguru|move: Trick|[of] p2a: Iron Thorns\n|-item|p2a: Iron Thorns|Choice Specs|[from] move: Trick\n|-enditem|p1a: Oranguru|Choice Specs|[silent]|[from] move: Trick\n|\n|upkeep\n|turn|10\n|\n|t:|1781377843\n|move|p2a: Iron Thorns|Stone Edge|p1a: Oranguru\n|-damage|p1a: Oranguru|58/315\n|move|p1a: Oranguru|Psyshock|p2a: Iron Thorns\n|-damage|p2a: Iron Thorns|89/302\n|\n|upkeep\n|turn|11\n|\n|t:|1781377857\n|switch|p1a: Deoxys|Deoxys-Defense, L84|221/221\n|-ability|p1a: Deoxys|Pressure\n|move|p2a: Iron Thorns|Stone Edge|p1a: Deoxys\n|-damage|p1a: Deoxys|113/221\n|\n|-heal|p1a: Deoxys|126/221|[from] item: Leftovers\n|upkeep\n|turn|12\n|\n|t:|1781377871\n|move|p1a: Deoxys|Psychic Noise|p2a: Iron Thorns\n|-damage|p2a: Iron Thorns|29/302\n|-start|p2a: Iron Thorns|move: Heal Block\n|move|p2a: Iron Thorns|Stone Edge|p1a: Deoxys\n|-damage|p1a: Deoxys|14/221\n|\n|-heal|p1a: Deoxys|27/221|[from] item: Leftovers\n|upkeep\n|turn|13\n|\n|t:|1781377881\n|move|p1a: Deoxys|Psychic Noise|p2a: Iron Thorns\n|-damage|p2a: Iron Thorns|0 fnt\n|faint|p2a: Iron Thorns\n|-end|p2a: Iron Thorns|Quark Drive|[silent]\n|\n|-heal|p1a: Deoxys|40/221|[from] item: Leftovers\n|upkeep\n|\n|t:|1781377889\n|switch|p2a: Weezing|Weezing, L88, F|258/258\n|turn|14\n|\n|t:|1781377895\n|move|p1a: Deoxys|Recover|p1a: Deoxys\n|-heal|p1a: Deoxys|151/221\n|move|p2a: Weezing|Gunk Shot|p1a: Deoxys|[miss]\n|-miss|p2a: Weezing|p1a: Deoxys\n|\n|-heal|p1a: Deoxys|164/221|[from] item: Leftovers\n|upkeep\n|turn|15\n|\n|t:|1781377903\n|move|p1a: Deoxys|Psychic Noise|p2a: Weezing\n|-supereffective|p2a: Weezing\n|-damage|p2a: Weezing|120/258\n|-start|p2a: Weezing|move: Heal Block\n|move|p2a: Weezing|Gunk Shot|p1a: Deoxys\n|-damage|p1a: Deoxys|88/221\n|\n|-heal|p1a: Deoxys|101/221|[from] item: Leftovers\n|upkeep\n|turn|16\n|\n|t:|1781377923\n|move|p1a: Deoxys|Psychic Noise|p2a: Weezing\n|-supereffective|p2a: Weezing\n|-damage|p2a: Weezing|0 fnt\n|faint|p2a: Weezing\n|\n|-heal|p1a: Deoxys|114/221|[from] item: Leftovers\n|upkeep\n|\n|t:|1781377931\n|switch|p2a: Espathra|Espathra, L80, F|283/283\n|turn|17\n|\n|t:|1781377935\n|move|p2a: Espathra|U-turn|p1a: Deoxys\n|-supereffective|p1a: Deoxys\n|-damage|p1a: Deoxys|70/221\n|inactive|GoldenDragon9 has 120 seconds left.\n|\n|t:|1781377977\n|switch|p2a: Kricketune|Kricketune, L99, F|312/312|[from] U-turn\n|move|p1a: Deoxys|Recover|p1a: Deoxys\n|-heal|p1a: Deoxys|181/221\n|\n|-heal|p1a: Deoxys|194/221|[from] item: Leftovers\n|upkeep\n|turn|18\n|\n|t:|1781377995\n|move|p1a: Deoxys|Stealth Rock|p2a: Kricketune\n|-sidestart|p2: GoldenDragon9|move: Stealth Rock\n|move|p2a: Kricketune|Knock Off|p1a: Deoxys\n|-supereffective|p1a: Deoxys\n|-damage|p1a: Deoxys|90/221\n|-enditem|p1a: Deoxys|Leftovers|[from] move: Knock Off|[of] p2a: Kricketune\n|\n|upkeep\n|turn|19\n|\n|t:|1781378010\n|move|p1a: Deoxys|Psychic Noise|p2a: Kricketune\n|-damage|p2a: Kricketune|240/312\n|-start|p2a: Kricketune|move: Heal Block\n|move|p2a: Kricketune|Pounce|p1a: Deoxys\n|-supereffective|p1a: Deoxys\n|-damage|p1a: Deoxys|0 fnt\n|faint|p1a: Deoxys\n|\n|upkeep\n|\n|t:|1781378020\n|switch|p1a: Oranguru|Oranguru, L92, M|58/315\n|turn|20\n|\n|t:|1781378024\n|move|p2a: Kricketune|Pounce|p1a: Oranguru\n|-supereffective|p1a: Oranguru\n|-damage|p1a: Oranguru|0 fnt\n|faint|p1a: Oranguru\n|\n|-end|p2a: Kricketune|move: Heal Block\n|upkeep\n|\n|t:|1781378034\n|switch|p1a: Torkoal|Torkoal, L88, M|266/266\n|-weather|SunnyDay|[from] ability: Drought|[of] p1a: Torkoal\n|turn|21\n|\n|t:|1781378041\n|switch|p2a: Espathra|Espathra, L80, F|283/283\n|-damage|p2a: Espathra|248/283|[from] Stealth Rock\n|move|p1a: Torkoal|Yawn|p2a: Espathra\n|-start|p2a: Espathra|move: Yawn|[of] p1a: Torkoal\n|\n|-weather|SunnyDay|[upkeep]\n|upkeep\n|turn|22\n|\n|t:|1781378058\n|move|p2a: Espathra|Shadow Ball|p1a: Torkoal\n|-damage|p1a: Torkoal|171/266\n|move|p1a: Torkoal|Rapid Spin|p2a: Espathra\n|-damage|p2a: Espathra|202/283\n|-boost|p1a: Torkoal|spe|1\n|\n|-weather|SunnyDay|[upkeep]\n|-end|p2a: Espathra|move: Yawn|[silent]\n|-status|p2a: Espathra|slp\n|-ability|p2a: Espathra|Speed Boost|boost\n|-boost|p2a: Espathra|spe|1\n|upkeep\n|turn|23\n|\n|t:|1781378070\n|cant|p2a: Espathra|slp\n|move|p1a: Torkoal|Lava Plume|p2a: Espathra\n|-damage|p2a: Espathra|15/283 slp\n|\n|-weather|SunnyDay|[upkeep]\n|-ability|p2a: Espathra|Speed Boost|boost\n|-boost|p2a: Espathra|spe|1\n|upkeep\n|turn|24\n|\n|t:|1781378078\n|-curestatus|p2a: Espathra|slp|[msg]\n|move|p2a: Espathra|Shadow Ball|p1a: Torkoal\n|-damage|p1a: Torkoal|80/266\n|move|p1a: Torkoal|Rapid Spin|p2a: Espathra\n|-damage|p2a: Espathra|0 fnt\n|-boost|p1a: Torkoal|spe|1\n|faint|p2a: Espathra\n|\n|-weather|SunnyDay|[upkeep]\n|upkeep\n|\n|t:|1781378087\n|switch|p2a: Kricketune|Kricketune, L99, F|240/312\n|turn|25\n|\n|t:|1781378095\n|move|p2a: Kricketune|Knock Off|p1a: Torkoal\n|-damage|p1a: Torkoal|24/266\n|-enditem|p1a: Torkoal|Heavy-Duty Boots|[from] move: Knock Off|[of] p2a: Kricketune\n|move|p1a: Torkoal|Lava Plume|p2a: Kricketune\n|-supereffective|p2a: Kricketune\n|-damage|p2a: Kricketune|0 fnt\n|faint|p2a: Kricketune\n|\n|win|soulstiss\n|raw|soulstiss's rating: 1089 &rarr; <strong>1119</strong><br />(+30 for winning)\n|raw|GoldenDragon9's rating: 1130 &rarr; <strong>1102</strong><br />(-28 for losing)\n|l|\u2606GoldenDragon9\n|player|p2|\n", "inputlog": ">version a8376a258c1d4662feba110a92103f3664a72141\n>start {\"formatid\":\"gen9randombattle\",\"seed\":\"sodium,f13db90ae461fde17d51e0085af2a839\",\"rated\":\"Rated battle\"}\n>player p1 {\"name\":\"soulstiss\",\"avatar\":\"juggler\",\"rating\":1089,\"seed\":\"sodium,8f601d4b5bf5126c66c509c801dee671\"}\n>player p2 {\"name\":\"GoldenDragon9\",\"avatar\":\"roughneck\",\"rating\":1130,\"seed\":\"sodium,2f8190d8a4d5e6e9d1a12835f8c6c439\"}\n>p1 move curse\n>p2 move doubleedge\n>p1 move lashout\n>p2 move leafblade\n>p1 move doubleedge\n>p2 move doubleedge\n>p2 switch 5\n>p1 switch 4\n>p2 move wavecrash\n>p1 move throatchop\n>p2 move wavecrash\n>p1 move throatchop\n>p2 move icespinner\n>p2 switch 6\n>p1 switch 4\n>p2 move stoneedge\n>p1 switch 4\n>p1 move aquajet\n>p2 move stoneedge\n>p1 switch 3\n>p1 move trick\n>p2 move icepunch\n>p1 move psyshock\n>p2 move stoneedge\n>p1 switch 2\n>p2 move stoneedge\n>p1 move psychicnoise\n>p2 move stoneedge\n>p1 move psychicnoise\n>p2 move stoneedge\n>p2 switch 2\n>p1 move recover\n>p2 move gunkshot\n>p1 move psychicnoise\n>p2 move gunkshot\n>p1 move psychicnoise\n>p2 move painsplit\n>p2 switch 4\n>p1 move recover\n>p2 move uturn\n>p2 switch 3\n>p1 move stealthrock\n>p2 move knockoff\n>p1 move psychicnoise\n>p2 move pounce\n>p1 switch 2\n>p1 move trick\n>p2 move pounce\n>p1 switch 6\n>p1 move yawn\n>p2 switch 3\n>p1 move rapidspin\n>p2 move shadowball\n>p1 move lavaplume\n>p2 move shadowball\n>p1 move rapidspin\n>p2 move shadowball\n>p2 switch 3\n>p1 move lavaplume\n>p2 move knockoff", "uploadtime": 1781378105, "views": 8, "formatid": "gen9randombattle", "rating": 1102, "private": 0, "password": null}