{"id": "gen9randombattle-2631438726", "format": "[Gen 9] Random Battle", "players": ["TossedOnYourNeck", "BBUTTER"], "log": "|j|\u2606TossedOnYourNeck\n|j|\u2606BBUTTER\n|t:|1781384737\n|gametype|singles\n|player|p1|TossedOnYourNeck|102|1988\n|player|p2|BBUTTER|blue|2047\n|gen|9\n|tier|[Gen 9] Random Battle\n|rated|\n|rule|Species Clause: Limit one of each Pok\u00e9mon\n|rule|HP Percentage Mod: HP is shown in percentages\n|rule|Sleep Clause Mod: Limit one foe put to sleep\n|rule|Illusion Level Mod: Illusion disguises the Pok\u00e9mon's true level\n|\n|t:|1781384737\n|teamsize|p1|6\n|teamsize|p2|6\n|start\n|switch|p1a: Ceruledge|Ceruledge, L78, F|245/245\n|switch|p2a: Salazzle|Salazzle, L83, F|249/249\n|turn|1\n|\n|t:|1781384767\n|switch|p2a: Dondozo|Dondozo, L78, M|362/362\n|switch|p1a: Whiscash|Whiscash, L88, M|337/337\n|\n|upkeep\n|turn|2\n|\n|t:|1781384774\n|move|p1a: Whiscash|Stealth Rock|p2a: Dondozo\n|-sidestart|p2: BBUTTER|move: Stealth Rock\n|move|p2a: Dondozo|Curse|p2a: Dondozo\n|-unboost|p2a: Dondozo|spe|1\n|-boost|p2a: Dondozo|atk|1\n|-boost|p2a: Dondozo|def|1\n|\n|upkeep\n|turn|3\n|\n|t:|1781384778\n|switch|p1a: Toedscruel|Toedscruel, L87, M|281/281\n|move|p2a: Dondozo|Wave Crash|p1a: Toedscruel\n|-damage|p1a: Toedscruel|76/281\n|-damage|p2a: Dondozo|294/362|[from] Recoil\n|\n|-heal|p1a: Toedscruel|93/281|[from] item: Leftovers\n|-heal|p2a: Dondozo|316/362|[from] item: Leftovers\n|upkeep\n|turn|4\n|\n|t:|1781384785\n|move|p1a: Toedscruel|Leaf Storm|p2a: Dondozo\n|-supereffective|p2a: Dondozo\n|-damage|p2a: Dondozo|0 fnt\n|-unboost|p1a: Toedscruel|spa|2\n|faint|p2a: Dondozo\n|\n|-heal|p1a: Toedscruel|110/281|[from] item: Leftovers\n|upkeep\n|\n|t:|1781384791\n|switch|p2a: Persian|Persian, L92, M|269/269\n|-damage|p2a: Persian|236/269|[from] Stealth Rock\n|turn|5\n|\n|t:|1781384808\n|switch|p1a: Whiscash|Whiscash, L88, M|337/337\n|move|p2a: Persian|Knock Off|p1a: Whiscash\n|-damage|p1a: Whiscash|264/337\n|-enditem|p1a: Whiscash|Leftovers|[from] move: Knock Off|[of] p2a: Persian\n|\n|upkeep\n|turn|6\n|\n|t:|1781384817\n|move|p2a: Persian|U-turn|p1a: Whiscash\n|-damage|p1a: Whiscash|211/337\n|\n|t:|1781384818\n|switch|p2a: Kyogre|Kyogre, L71|259/259|[from] U-turn\n|-damage|p2a: Kyogre|227/259|[from] Stealth Rock\n|-weather|RainDance|[from] ability: Drizzle|[of] p2a: Kyogre\n|move|p1a: Whiscash|Earthquake|p2a: Kyogre\n|-damage|p2a: Kyogre|112/259\n|\n|-weather|RainDance|[upkeep]\n|upkeep\n|turn|7\n|inactive|Battle timer is ON: inactive players will automatically lose when time's up. (requested by BBUTTER)\n|\n|t:|1781384860\n|switch|p1a: Wyrdeer|Wyrdeer, L87, F|321/321\n|-ability|p1a: Wyrdeer|Intimidate|boost\n|-unboost|p2a: Kyogre|atk|1\n|move|p2a: Kyogre|Origin Pulse|p1a: Wyrdeer\n|-damage|p1a: Wyrdeer|183/321\n|\n|-weather|RainDance|[upkeep]\n|upkeep\n|turn|8\n|\n|t:|1781384868\n|move|p2a: Kyogre|Origin Pulse|p1a: Wyrdeer\n|-damage|p1a: Wyrdeer|44/321\n|move|p1a: Wyrdeer|Body Slam|p2a: Kyogre\n|-damage|p2a: Kyogre|3/259\n|\n|-weather|RainDance|[upkeep]\n|upkeep\n|turn|9\n|\n|t:|1781384877\n|move|p2a: Kyogre|Origin Pulse|p1a: Wyrdeer\n|-damage|p1a: Wyrdeer|0 fnt\n|faint|p1a: Wyrdeer\n|\n|-weather|RainDance|[upkeep]\n|upkeep\n|\n|t:|1781384880\n|switch|p1a: Toedscruel|Toedscruel, L87, M|110/281\n|turn|10\n|\n|t:|1781384882\n|move|p2a: Kyogre|Origin Pulse|p1a: Toedscruel\n|-damage|p1a: Toedscruel|0 fnt\n|faint|p1a: Toedscruel\n|\n|-weather|none\n|upkeep\n|\n|t:|1781384902\n|switch|p1a: Noctowl|Noctowl, L95, F|344/344\n|turn|11\n|\n|t:|1781384905\n|move|p2a: Kyogre|Origin Pulse|p1a: Noctowl\n|-damage|p1a: Noctowl|239/344\n|move|p1a: Noctowl|Calm Mind|p1a: Noctowl\n|-boost|p1a: Noctowl|spa|1\n|-boost|p1a: Noctowl|spd|1\n|\n|upkeep\n|turn|12\n|\n|t:|1781384908\n|switch|p2a: Illumise|Illumise, L91, F|266/266\n|move|p1a: Noctowl|Roost|p1a: Noctowl\n|-heal|p1a: Noctowl|344/344\n|-singleturn|p1a: Noctowl|move: Roost\n|\n|upkeep\n|turn|13\n|\n|t:|1781384912\n|switch|p1a: Whiscash|Whiscash, L88, M|211/337\n|move|p2a: Illumise|Encore||[still]\n|-fail|p2a: Illumise\n|\n|upkeep\n|turn|14\n|\n|t:|1781384917\n|move|p2a: Illumise|Bug Buzz|p1a: Whiscash\n|-damage|p1a: Whiscash|109/337\n|move|p1a: Whiscash|Hydro Pump|p2a: Illumise\n|-damage|p2a: Illumise|170/266\n|\n|upkeep\n|turn|15\n|\n|t:|1781384925\n|move|p2a: Illumise|Bug Buzz|p1a: Whiscash\n|-damage|p1a: Whiscash|16/337\n|move|p1a: Whiscash|Hydro Pump|p2a: Illumise\n|-damage|p2a: Illumise|73/266\n|\n|upkeep\n|turn|16\n|\n|t:|1781384931\n|switch|p1a: Noctowl|Noctowl, L95, F|344/344\n|move|p2a: Illumise|Roost|p2a: Illumise\n|-heal|p2a: Illumise|206/266\n|-singleturn|p2a: Illumise|move: Roost\n|\n|upkeep\n|turn|17\n|\n|t:|1781384935\n|switch|p2a: Kyogre|Kyogre, L71|3/259\n|-damage|p2a: Kyogre|0 fnt|[from] Stealth Rock\n|faint|p2a: Kyogre\n|move|p1a: Noctowl|Hurricane|p2: Kyogre|[notarget]\n|-fail|p1a: Noctowl\n|\n|upkeep\n|\n|t:|1781384939\n|switch|p2a: Persian|Persian, L92, M|236/269\n|-damage|p2a: Persian|203/269|[from] Stealth Rock\n|turn|18\n|\n|t:|1781384949\n|move|p2a: Persian|Fake Out|p1a: Noctowl\n|-damage|p1a: Noctowl|245/344\n|cant|p1a: Noctowl|flinch\n|\n|upkeep\n|turn|19\n|\n|t:|1781384952\n|move|p2a: Persian|Double-Edge|p1a: Noctowl\n|-crit|p1a: Noctowl\n|-damage|p1a: Noctowl|0 fnt\n|faint|p1a: Noctowl\n|-damage|p2a: Persian|122/269|[from] Recoil\n|\n|upkeep\n|\n|t:|1781384958\n|switch|p1a: Ceruledge|Ceruledge, L78, F|245/245\n|turn|20\n|\n|t:|1781384962\n|switch|p2a: Carbink|Carbink, L90|236/236\n|-damage|p2a: Carbink|207/236|[from] Stealth Rock\n|move|p1a: Ceruledge|Bitter Blade|p2a: Carbink\n|-resisted|p2a: Carbink\n|-damage|p2a: Carbink|173/236\n|\n|upkeep\n|turn|21\n|\n|t:|1781384974\n|move|p1a: Ceruledge|Swords Dance|p1a: Ceruledge\n|-boost|p1a: Ceruledge|atk|2\n|move|p2a: Carbink|Iron Defense|p2a: Carbink\n|-boost|p2a: Carbink|def|2\n|\n|upkeep\n|turn|22\n|\n|t:|1781384981\n|move|p1a: Ceruledge|Swords Dance|p1a: Ceruledge\n|-boost|p1a: Ceruledge|atk|2\n|move|p2a: Carbink|Iron Defense|p2a: Carbink\n|-boost|p2a: Carbink|def|2\n|\n|upkeep\n|turn|23\n|\n|t:|1781384984\n|switch|p2a: Illumise|Illumise, L91, F|206/266\n|move|p1a: Ceruledge|Swords Dance|p1a: Ceruledge\n|-boost|p1a: Ceruledge|atk|2\n|\n|upkeep\n|turn|24\n|\n|t:|1781384986\n|switch|p1a: Whiscash|Whiscash, L88, M|16/337\n|move|p2a: Illumise|Encore||[still]\n|-fail|p2a: Illumise\n|\n|upkeep\n|turn|25\n|\n|t:|1781384989\n|move|p2a: Illumise|Bug Buzz|p1a: Whiscash\n|-damage|p1a: Whiscash|0 fnt\n|faint|p1a: Whiscash\n|\n|upkeep\n|\n|t:|1781384992\n|switch|p1a: Ceruledge|Ceruledge, L78, F|245/245\n|turn|26\n|\n|t:|1781385003\n|move|p2a: Illumise|Thunder Wave|p1a: Ceruledge\n|-status|p1a: Ceruledge|par\n|move|p1a: Ceruledge|Poltergeist|p2a: Illumise\n|-activate|p2a: Illumise|move: Poltergeist|Heavy-Duty Boots\n|-damage|p2a: Illumise|76/266\n|\n|upkeep\n|turn|27\n|\n|t:|1781385011\n|move|p2a: Illumise|Bug Buzz|p1a: Ceruledge\n|-resisted|p1a: Ceruledge\n|-damage|p1a: Ceruledge|224/245 par\n|cant|p1a: Ceruledge|par\n|\n|upkeep\n|turn|28\n|\n|t:|1781385013\n|move|p2a: Illumise|Bug Buzz|p1a: Ceruledge\n|-resisted|p1a: Ceruledge\n|-damage|p1a: Ceruledge|203/245 par\n|cant|p1a: Ceruledge|par\n|\n|upkeep\n|turn|29\n|\n|t:|1781385015\n|move|p2a: Illumise|Bug Buzz|p1a: Ceruledge\n|-resisted|p1a: Ceruledge\n|-damage|p1a: Ceruledge|182/245 par\n|move|p1a: Ceruledge|Bitter Blade|p2a: Illumise\n|-supereffective|p2a: Illumise\n|-damage|p2a: Illumise|0 fnt\n|-heal|p1a: Ceruledge|220/245 par|[from] drain|[of] p2a: Illumise\n|faint|p2a: Illumise\n|\n|upkeep\n|\n|t:|1781385017\n|switch|p2a: Persian|Persian, L92, M|122/269\n|-damage|p2a: Persian|89/269|[from] Stealth Rock\n|turn|30\n|\n|t:|1781385021\n|move|p2a: Persian|Knock Off|p1a: Ceruledge\n|-supereffective|p1a: Ceruledge\n|-damage|p1a: Ceruledge|66/245 par\n|-ability|p1a: Ceruledge|Weak Armor|boost\n|-unboost|p1a: Ceruledge|def|1\n|-boost|p1a: Ceruledge|spe|2\n|-enditem|p1a: Ceruledge|Heavy-Duty Boots|[from] move: Knock Off|[of] p2a: Persian\n|cant|p1a: Ceruledge|par\n|\n|upkeep\n|turn|31\n|\n|t:|1781385023\n|move|p2a: Persian|Knock Off|p1a: Ceruledge\n|-supereffective|p1a: Ceruledge\n|-damage|p1a: Ceruledge|0 fnt\n|faint|p1a: Ceruledge\n|\n|upkeep\n|-message|TossedOnYourNeck forfeited.\n|\n|win|BBUTTER\n", "uploadtime": 1781384738, "views": 9, "formatid": "gen9randombattle", "rating": null, "private": 0, "password": null}