{"id": "gen9randombattle-2631579047", "format": "[Gen 9] Random Battle", "players": ["Oginotakashi", "jetpackuser"], "log": "|j|\u2606Oginotakashi\n|j|\u2606jetpackuser\n|t:|1781403949\n|gametype|singles\n|player|p1|Oginotakashi|266|2192\n|player|p2|jetpackuser|2|2185\n|gen|9\n|tier|[Gen 9] Random Battle\n|rated|\n|rule|Species Clause: Limit one of each Pok\u00e9mon\n|rule|HP Percentage Mod: HP is shown in percentages\n|rule|Sleep Clause Mod: Limit one foe put to sleep\n|rule|Illusion Level Mod: Illusion disguises the Pok\u00e9mon's true level\n|\n|t:|1781403949\n|teamsize|p1|6\n|teamsize|p2|6\n|start\n|switch|p1a: Keldeo|Keldeo-Resolute, L79|273/273\n|switch|p2a: Salamence|Salamence, L77, M|273/273\n|turn|1\n|inactive|Battle timer is ON: inactive players will automatically lose when time's up. (requested by jetpackuser)\n|\n|t:|1781403971\n|switch|p1a: Glastrier|Glastrier, L86|312/312\n|move|p2a: Salamence|Dragon Dance|p2a: Salamence\n|-boost|p2a: Salamence|atk|1\n|-boost|p2a: Salamence|spe|1\n|\n|upkeep\n|turn|2\n|inactive|jetpackuser has 120 seconds left.\n|\n|t:|1781404009\n|switch|p2a: Arbok|Arbok, L87, M|246/246\n|-ability|p2a: Arbok|Intimidate|boost\n|-unboost|p1a: Glastrier|atk|1\n|move|p1a: Glastrier|Icicle Crash|p2a: Arbok\n|-damage|p2a: Arbok|153/246\n|\n|-heal|p2a: Arbok|168/246|[from] item: Leftovers\n|upkeep\n|turn|3\n|\n|t:|1781404022\n|move|p2a: Arbok|Coil|p2a: Arbok\n|-boost|p2a: Arbok|atk|1\n|-boost|p2a: Arbok|def|1\n|-boost|p2a: Arbok|accuracy|1\n|move|p1a: Glastrier|Swords Dance|p1a: Glastrier\n|-boost|p1a: Glastrier|atk|2\n|\n|-heal|p2a: Arbok|183/246|[from] item: Leftovers\n|upkeep\n|turn|4\n|\n|t:|1781404028\n|move|p2a: Arbok|Gunk Shot|p1a: Glastrier\n|-damage|p1a: Glastrier|164/312\n|-status|p1a: Glastrier|psn\n|move|p1a: Glastrier|Icicle Crash|p2a: Arbok\n|-damage|p2a: Arbok|38/246\n|\n|-heal|p2a: Arbok|53/246|[from] item: Leftovers\n|-damage|p1a: Glastrier|125/312 psn|[from] psn\n|upkeep\n|turn|5\n|\n|t:|1781404039\n|move|p2a: Arbok|Gunk Shot|p1a: Glastrier\n|-damage|p1a: Glastrier|0 fnt\n|faint|p1a: Glastrier\n|\n|-heal|p2a: Arbok|68/246|[from] item: Leftovers\n|upkeep\n|\n|t:|1781404043\n|switch|p1a: Keldeo|Keldeo-Resolute, L79|273/273\n|turn|6\n|inactive|jetpackuser has 120 seconds left.\n|\n|t:|1781404084\n|move|p1a: Keldeo|Hydro Pump|p2a: Arbok\n|-damage|p2a: Arbok|0 fnt\n|faint|p2a: Arbok\n|-damage|p1a: Keldeo|246/273|[from] item: Life Orb\n|\n|upkeep\n|\n|t:|1781404093\n|switch|p2a: Salamence|Salamence, L77, M|273/273\n|turn|7\n|\n|t:|1781404098\n|switch|p1a: Glaceon|Glaceon, L94, M|275/275\n|move|p2a: Salamence|Dragon Dance|p2a: Salamence\n|-boost|p2a: Salamence|atk|1\n|-boost|p2a: Salamence|spe|1\n|\n|upkeep\n|turn|8\n|c|\u2606jetpackuser|bruh\n|inactive|jetpackuser has 120 seconds left.\n|c|\u2606jetpackuser|seriously\n|\n|t:|1781404127\n|switch|p2a: Armarouge|Armarouge, L80, F|267/267\n|move|p1a: Glaceon|Wish|p1a: Glaceon\n|\n|upkeep\n|turn|9\n|\n|t:|1781404144\n|switch|p1a: Kingdra|Kingdra, L84, M|263/263\n|move|p2a: Armarouge|Armor Cannon|p1a: Kingdra\n|-resisted|p1a: Kingdra\n|-damage|p1a: Kingdra|230/263\n|-unboost|p2a: Armarouge|def|1\n|-unboost|p2a: Armarouge|spd|1\n|\n|-heal|p1a: Kingdra|263/263|[from] move: Wish|[wisher] Glaceon\n|upkeep\n|turn|10\n|inactive|jetpackuser has 90 seconds left.\n|\n|t:|1781404179\n|move|p1a: Kingdra|Dragon Dance|p1a: Kingdra\n|-boost|p1a: Kingdra|atk|1\n|-boost|p1a: Kingdra|spe|1\n|move|p2a: Armarouge|Meteor Beam||[still]\n|-prepare|p2a: Armarouge|Meteor Beam\n|-boost|p2a: Armarouge|spa|1\n|-enditem|p2a: Armarouge|Power Herb\n|-anim|p2a: Armarouge|Meteor Beam|p1a: Kingdra\n|-damage|p1a: Kingdra|119/263\n|\n|upkeep\n|turn|11\n|\n|t:|1781404199\n|switch|p2a: Rhyperior|Rhyperior, L82, F|323/323\n|move|p1a: Kingdra|Waterfall|p2a: Rhyperior\n|-supereffective|p2a: Rhyperior\n|-damage|p2a: Rhyperior|53/323\n|\n|upkeep\n|turn|12\n|\n|t:|1781404205\n|move|p1a: Kingdra|Waterfall|p2a: Rhyperior\n|-supereffective|p2a: Rhyperior\n|-damage|p2a: Rhyperior|0 fnt\n|faint|p2a: Rhyperior\n|\n|upkeep\n|\n|t:|1781404218\n|switch|p2a: Donphan|Donphan, L84, M|288/288\n|turn|13\n|\n|t:|1781404232\n|move|p1a: Kingdra|Waterfall|p2a: Donphan\n|-supereffective|p2a: Donphan\n|-damage|p2a: Donphan|90/288\n|cant|p2a: Donphan|flinch\n|\n|-heal|p2a: Donphan|108/288|[from] item: Leftovers\n|upkeep\n|turn|14\n|c|\u2606jetpackuser|whjats the point of playing\n|c|\u2606jetpackuser|why am i even strategezing\n|inactive|jetpackuser has 60 seconds left.\n|c|\u2606jetpackuser|when you can just click mindlessly and get rewarded\n|c|\u2606jetpackuser|right?\n|c|\u2606jetpackuser|clearly im trash\n|\n|t:|1781404271\n|move|p2a: Donphan|Ice Shard|p1a: Kingdra\n|-damage|p1a: Kingdra|84/263\n|move|p1a: Kingdra|Waterfall|p2a: Donphan\n|-supereffective|p2a: Donphan\n|-damage|p2a: Donphan|0 fnt\n|faint|p2a: Donphan\n|\n|upkeep\n|\n|t:|1781404276\n|switch|p2a: Terapagos|Terapagos, L77, M|265/265\n|-activate|p2a: Terapagos|ability: Tera Shift\n|detailschange|p2a: Terapagos|Terapagos-Terastal, L77, M\n|-heal|p2a: Terapagos|273/273|[silent]\n|turn|15\n|c|\u2606Oginotakashi|?\n|c|\u2606jetpackuser|?\n|inactive|Oginotakashi has 120 seconds left.\n|c|\u2606jetpackuser|did you not see what just happened\n|c|\u2606Oginotakashi|The opposing Arbok used Gunk Shot!\n|c|\u2606Oginotakashi|(Glastrier lost 47.4% of its health!)\n|c|\u2606Oginotakashi|Glastrier was poisoned!\n|\n|t:|1781404326\n|move|p1a: Kingdra|Wave Crash|p2a: Terapagos\n|-activate|p2a: Terapagos|ability: Tera Shell\n|-resisted|p2a: Terapagos\n|-damage|p2a: Terapagos|180/273\n|-damage|p1a: Kingdra|53/263|[from] Recoil\n|move|p2a: Terapagos|Tera Starstorm|p1a: Kingdra\n|-damage|p1a: Kingdra|0 fnt\n|faint|p1a: Kingdra\n|\n|upkeep\n|inactive|Oginotakashi has 90 seconds left.\n|\n|t:|1781404345\n|switch|p1a: Espeon|Espeon, L84, M|246/246\n|turn|16\n|c|\u2606jetpackuser|how is that the same as you getting a flinch from a +1 mon that sweeps my team\n|\n|t:|1781404363\n|move|p1a: Espeon|Psychic|p2a: Terapagos\n|-damage|p2a: Terapagos|20/273\n|move|p2a: Terapagos|Rest|p2a: Terapagos\n|-status|p2a: Terapagos|slp|[from] move: Rest\n|-heal|p2a: Terapagos|273/273 slp|[silent]\n|-enditem|p2a: Terapagos|Chesto Berry|[eat]\n|-curestatus|p2a: Terapagos|slp|[msg]\n|\n|upkeep\n|turn|17\n|c|\u2606Oginotakashi|20%\n|c|\u2606jetpackuser|exactly\n|inactive|jetpackuser has 30 seconds left.\n|c|\u2606jetpackuser|thart makes it more bullshit\n|inactive|jetpackuser has 20 seconds left.\n|c|\u2606jetpackuser|becasue it so rare\n|inactive|jetpackuser has 15 seconds left.\n|inactive|jetpackuser has 10 seconds left.\n|\n|t:|1781404410\n|move|p1a: Espeon|Psychic|p2a: Terapagos\n|-activate|p2a: Terapagos|ability: Tera Shell\n|-resisted|p2a: Terapagos\n|-damage|p2a: Terapagos|195/273\n|move|p2a: Terapagos|Calm Mind|p2a: Terapagos\n|-boost|p2a: Terapagos|spa|1\n|-boost|p2a: Terapagos|spd|1\n|\n|upkeep\n|turn|18\n|inactive|jetpackuser has 20 seconds left this turn.\n|inactive|jetpackuser has 15 seconds left.\n|inactive|jetpackuser has 10 seconds left.\n|inactive|jetpackuser has 5 seconds left.\n|\n|t:|1781404427\n|move|p1a: Espeon|Psychic|p2a: Terapagos\n|-damage|p2a: Terapagos|93/273\n|move|p2a: Terapagos|Tera Starstorm|p1a: Espeon\n|-damage|p1a: Espeon|78/246\n|\n|upkeep\n|turn|19\n|inactive|jetpackuser has 15 seconds left this turn.\n|inactive|jetpackuser has 10 seconds left.\n|inactive|jetpackuser has 5 seconds left.\n|\n|t:|1781404439\n|-terastallize|p2a: Terapagos|Stellar\n|detailschange|p2a: Terapagos|Terapagos-Stellar, L77, M, tera:Stellar\n|-heal|p2a: Terapagos|193/373|[silent]\n|move|p1a: Espeon|Psychic|p2a: Terapagos\n|-damage|p2a: Terapagos|91/373\n|move|p2a: Terapagos|Rest|p2a: Terapagos\n|-status|p2a: Terapagos|slp|[from] move: Rest\n|-heal|p2a: Terapagos|373/373 slp|[silent]\n|\n|upkeep\n|turn|20\n|inactive|jetpackuser has 15 seconds left this turn.\n|inactive|Oginotakashi has 120 seconds left.\n|inactive|jetpackuser has 10 seconds left.\n|\n|t:|1781404447\n|-terastallize|p1a: Espeon|Psychic\n|move|p1a: Espeon|Psychic|p2a: Terapagos\n|-damage|p2a: Terapagos|237/373 slp\n|-unboost|p2a: Terapagos|spd|1\n|cant|p2a: Terapagos|slp\n|\n|upkeep\n|turn|21\n|inactive|jetpackuser has 20 seconds left this turn.\n|inactive|jetpackuser has 15 seconds left.\n|\n|t:|1781404457\n|switch|p2a: Armarouge|Armarouge, L80, F|267/267\n|move|p1a: Espeon|Psychic|p2a: Armarouge\n|-resisted|p2a: Armarouge\n|-damage|p2a: Armarouge|132/267\n|-unboost|p2a: Armarouge|spd|1\n|\n|upkeep\n|turn|22\n|inactive|jetpackuser has 25 seconds left this turn.\n|inactive|jetpackuser has 20 seconds left.\n|c|\u2606jetpackuser|holy shit dude\n|c|\u2606jetpackuser|what god do you pray to\n|inactive|jetpackuser has 15 seconds left.\n|c|\u2606jetpackuser|two 10% drops?\n|inactive|jetpackuser has 10 seconds left.\n|c|\u2606jetpackuser|hahahahahha\n|c|\u2606jetpackuser|hahahahha\n|c|\u2606jetpackuser|unreal luck\n|inactive|jetpackuser has 5 seconds left.\n|\n|t:|1781404478\n|move|p1a: Espeon|Psychic|p2a: Armarouge\n|-resisted|p2a: Armarouge\n|-damage|p2a: Armarouge|0 fnt\n|faint|p2a: Armarouge\n|\n|upkeep\n|inactive|jetpackuser has 10 seconds left this turn.\n|c|\u2606Oginotakashi|?\n|\n|t:|1781404482\n|switch|p2a: Salamence|Salamence, L77, M|273/273\n|turn|23\n|inactive|jetpackuser has 20 seconds left this turn.\n|\n|t:|1781404487\n|move|p1a: Espeon|Psychic|p2a: Salamence\n|-damage|p2a: Salamence|1/273\n|move|p2a: Salamence|Dragon Dance|p2a: Salamence\n|-boost|p2a: Salamence|atk|1\n|-boost|p2a: Salamence|spe|1\n|\n|upkeep\n|turn|24\n|inactive|jetpackuser has 30 seconds left this turn.\n|inactive|jetpackuser has 20 seconds left.\n|c|\u2606jetpackuser|?\n|\n|t:|1781404509\n|move|p2a: Salamence|Earthquake|p1a: Espeon\n|-damage|p1a: Espeon|0 fnt\n|faint|p1a: Espeon\n|-ability|p2a: Salamence|Moxie|boost\n|-boost|p2a: Salamence|atk|1\n|\n|upkeep\n|\n|t:|1781404511\n|switch|p1a: Glaceon|Glaceon, L94, M|275/275\n|turn|25\n|inactive|jetpackuser has 30 seconds left.\n|\n|t:|1781404521\n|move|p2a: Salamence|Outrage|p1a: Glaceon\n|-damage|p1a: Glaceon|85/275\n|move|p1a: Glaceon|Freeze-Dry|p2a: Salamence\n|-supereffective|p2a: Salamence\n|-damage|p2a: Salamence|0 fnt\n|faint|p2a: Salamence\n|\n|upkeep\n|\n|t:|1781404525\n|switch|p2a: Terapagos|Terapagos-Stellar, L77, M, tera:Stellar|237/373 slp\n|turn|26\n|\n|t:|1781404530\n|switch|p1a: Keldeo|Keldeo-Resolute, L79|246/273\n|cant|p2a: Terapagos|slp\n|\n|upkeep\n|turn|27\n|c|\u2606jetpackuser|you dodnt deserve the win\n|inactive|jetpackuser has 30 seconds left.\n|inactive|jetpackuser has 20 seconds left.\n|inactive|jetpackuser has 15 seconds left.\n|\n|t:|1781404568\n|move|p1a: Keldeo|Calm Mind|p1a: Keldeo\n|-boost|p1a: Keldeo|spa|1\n|-boost|p1a: Keldeo|spd|1\n|-curestatus|p2a: Terapagos|slp|[msg]\n|move|p2a: Terapagos|Tera Starstorm|p1a: Keldeo\n|-damage|p1a: Keldeo|164/273\n|\n|upkeep\n|turn|28\n|inactive|jetpackuser has 25 seconds left this turn.\n|inactive|jetpackuser has 20 seconds left.\n|\n|t:|1781404578\n|move|p1a: Keldeo|Secret Sword|p2a: Terapagos\n|-supereffective|p2a: Terapagos\n|-damage|p2a: Terapagos|0 fnt\n|faint|p2a: Terapagos\n|detailschange|p2: Terapagos|Terapagos, L77, M|[silent]\n|-damage|p1a: Keldeo|137/273|[from] item: Life Orb\n|\n|win|Oginotakashi\n", "uploadtime": 1781403953, "views": 3, "formatid": "gen9randombattle", "rating": null, "private": 0, "password": null}