{"id": "gen9randombattle-2631873520", "format": "[Gen 9] Random Battle", "players": ["Ballcoozy", "funybuny"], "log": "|j|\u2606Ballcoozy\n|j|\u2606funybuny\n|t:|1781450642\n|gametype|singles\n|player|p1|Ballcoozy|clair|1903\n|player|p2|funybuny|roxie|1940\n|gen|9\n|tier|[Gen 9] Random Battle\n|rated|\n|rule|Species Clause: Limit one of each Pok\u00e9mon\n|rule|HP Percentage Mod: HP is shown in percentages\n|rule|Sleep Clause Mod: Limit one foe put to sleep\n|rule|Illusion Level Mod: Illusion disguises the Pok\u00e9mon's true level\n|\n|t:|1781450642\n|teamsize|p1|6\n|teamsize|p2|6\n|start\n|switch|p1a: Kilowattrel|Kilowattrel, L83, M|252/252\n|switch|p2a: Abomasnow|Abomasnow, L84, M|287/287\n|-weather|Snowscape|[from] ability: Snow Warning|[of] p2a: Abomasnow\n|turn|1\n|\n|t:|1781450649\n|move|p1a: Kilowattrel|U-turn|p2a: Abomasnow\n|-supereffective|p2a: Abomasnow\n|-damage|p2a: Abomasnow|227/287\n|\n|t:|1781450651\n|switch|p1a: Illumise|Illumise, L91, F|266/266|[from] U-turn\n|move|p2a: Abomasnow|Blizzard|p1a: Illumise\n|-damage|p1a: Illumise|166/266\n|\n|-weather|Snowscape|[upkeep]\n|upkeep\n|turn|2\n|\n|t:|1781450661\n|move|p1a: Illumise|Bug Buzz|p2a: Abomasnow\n|-supereffective|p2a: Abomasnow\n|-damage|p2a: Abomasnow|33/287\n|move|p2a: Abomasnow|Aurora Veil|p2a: Abomasnow\n|-sidestart|p2: funybuny|move: Aurora Veil\n|\n|-weather|Snowscape|[upkeep]\n|upkeep\n|turn|3\n|\n|t:|1781450669\n|switch|p2a: Mandibuzz|Mandibuzz, L85, F|326/326\n|move|p1a: Illumise|Encore|p2a: Mandibuzz\n|-hint|Since gen 7, Dark is immune to Prankster moves.\n|-immune|p2a: Mandibuzz\n|\n|-weather|Snowscape|[upkeep]\n|upkeep\n|turn|4\n|\n|t:|1781450681\n|move|p1a: Illumise|Bug Buzz|p2a: Mandibuzz\n|-damage|p2a: Mandibuzz|281/326\n|move|p2a: Mandibuzz|Toxic|p1a: Illumise\n|-status|p1a: Illumise|tox\n|\n|-weather|Snowscape|[upkeep]\n|-damage|p1a: Illumise|150/266 tox|[from] psn\n|upkeep\n|turn|5\n|\n|t:|1781450687\n|move|p1a: Illumise|Encore|p2a: Mandibuzz\n|-hint|Since gen 7, Dark is immune to Prankster moves.\n|-immune|p2a: Mandibuzz\n|move|p2a: Mandibuzz|Toxic|p1a: Illumise\n|-fail|p1a: Illumise|tox\n|\n|-weather|none\n|-damage|p1a: Illumise|118/266 tox|[from] psn\n|upkeep\n|turn|6\n|\n|t:|1781450692\n|move|p1a: Illumise|Bug Buzz|p2a: Mandibuzz\n|-damage|p2a: Mandibuzz|239/326\n|move|p2a: Mandibuzz|Foul Play|p1a: Illumise\n|-damage|p1a: Illumise|69/266 tox\n|\n|-damage|p1a: Illumise|21/266 tox|[from] psn\n|upkeep\n|turn|7\n|\n|t:|1781450701\n|switch|p2a: Abomasnow|Abomasnow, L84, M|33/287\n|-weather|Snowscape|[from] ability: Snow Warning|[of] p2a: Abomasnow\n|move|p1a: Illumise|Bug Buzz|p2a: Abomasnow\n|-supereffective|p2a: Abomasnow\n|-damage|p2a: Abomasnow|0 fnt\n|faint|p2a: Abomasnow\n|\n|-weather|Snowscape|[upkeep]\n|-damage|p1a: Illumise|0 fnt|[from] psn\n|faint|p1a: Illumise\n|upkeep\n|\n|t:|1781450710\n|switch|p1a: Tauros|Tauros, L82, M|257/257\n|switch|p2a: Komala|Komala, L88, M|258/258\n|-ability|p2a: Komala|Comatose\n|turn|8\n|\n|t:|1781450720\n|move|p1a: Tauros|Body Slam|p2a: Komala\n|-damage|p2a: Komala|170/258\n|move|p2a: Komala|Body Slam|p1a: Tauros\n|-damage|p1a: Tauros|106/257\n|\n|-weather|Snowscape|[upkeep]\n|upkeep\n|turn|9\n|\n|t:|1781450728\n|move|p1a: Tauros|Close Combat|p2a: Komala\n|-supereffective|p2a: Komala\n|-damage|p2a: Komala|40/258\n|-unboost|p1a: Tauros|def|1\n|-unboost|p1a: Tauros|spd|1\n|-damage|p1a: Tauros|81/257|[from] item: Life Orb\n|move|p2a: Komala|Body Slam|p1a: Tauros\n|-damage|p1a: Tauros|0 fnt\n|faint|p1a: Tauros\n|\n|-weather|Snowscape|[upkeep]\n|-sideend|p2: funybuny|move: Aurora Veil\n|upkeep\n|\n|t:|1781450734\n|switch|p1a: Kilowattrel|Kilowattrel, L83, M|252/252\n|turn|10\n|\n|t:|1781450745\n|switch|p2a: Hitmonchan|Hitmonchan, L87, M|229/229\n|move|p1a: Kilowattrel|Thunderbolt|p2a: Hitmonchan\n|-crit|p2a: Hitmonchan\n|-damage|p2a: Hitmonchan|103/229\n|\n|-weather|Snowscape|[upkeep]\n|upkeep\n|turn|11\n|\n|t:|1781450758\n|move|p1a: Kilowattrel|Hurricane|p2a: Hitmonchan\n|-supereffective|p2a: Hitmonchan\n|-damage|p2a: Hitmonchan|0 fnt\n|faint|p2a: Hitmonchan\n|\n|-weather|none\n|upkeep\n|\n|t:|1781450763\n|switch|p2a: Heatran|Heatran, L79, F|273/273\n|-item|p2a: Heatran|Air Balloon\n|turn|12\n|\n|t:|1781450766\n|move|p1a: Kilowattrel|U-turn|p2a: Heatran\n|-resisted|p2a: Heatran\n|-damage|p2a: Heatran|264/273\n|-enditem|p2a: Heatran|Air Balloon\n|\n|t:|1781450775\n|switch|p1a: Grumpig|Grumpig, L92, F|297/297|[from] U-turn\n|move|p2a: Heatran|Magma Storm|p1a: Grumpig\n|-damage|p1a: Grumpig|249/297\n|-activate|p1a: Grumpig|move: Magma Storm|[of] p2a: Heatran\n|\n|-heal|p1a: Grumpig|267/297|[from] item: Leftovers\n|-damage|p1a: Grumpig|230/297|[from] move: Magma Storm|[partiallytrapped]\n|upkeep\n|turn|13\n|\n|t:|1781450780\n|switch|p2a: Mandibuzz|Mandibuzz, L85, F|239/326\n|move|p1a: Grumpig|Nasty Plot|p1a: Grumpig\n|-boost|p1a: Grumpig|spa|2\n|\n|-heal|p1a: Grumpig|248/297|[from] item: Leftovers\n|-end|p1a: Grumpig|Magma Storm|[partiallytrapped]|[silent]\n|upkeep\n|turn|14\n|\n|t:|1781450784\n|move|p1a: Grumpig|Dazzling Gleam|p2a: Mandibuzz\n|-supereffective|p2a: Mandibuzz\n|-damage|p2a: Mandibuzz|5/326\n|move|p2a: Mandibuzz|Foul Play|p1a: Grumpig\n|-supereffective|p1a: Grumpig\n|-damage|p1a: Grumpig|146/297\n|\n|-heal|p1a: Grumpig|164/297|[from] item: Leftovers\n|upkeep\n|turn|15\n|inactive|Battle timer is ON: inactive players will automatically lose when time's up. (requested by Ballcoozy)\n|\n|t:|1781450795\n|move|p1a: Grumpig|Shadow Ball|p2a: Mandibuzz\n|-resisted|p2a: Mandibuzz\n|-damage|p2a: Mandibuzz|0 fnt\n|faint|p2a: Mandibuzz\n|\n|-heal|p1a: Grumpig|182/297|[from] item: Leftovers\n|upkeep\n|\n|t:|1781450799\n|switch|p2a: Heatran|Heatran, L79, F|264/273\n|turn|16\n|\n|t:|1781450802\n|move|p1a: Grumpig|Shadow Ball|p2a: Heatran\n|-damage|p2a: Heatran|144/273\n|move|p2a: Heatran|Heavy Slam|p1a: Grumpig\n|-damage|p1a: Grumpig|56/297\n|\n|-heal|p1a: Grumpig|74/297|[from] item: Leftovers\n|upkeep\n|turn|17\n|\n|t:|1781450807\n|move|p1a: Grumpig|Shadow Ball|p2a: Heatran\n|-damage|p2a: Heatran|24/273\n|-unboost|p2a: Heatran|spd|1\n|move|p2a: Heatran|Heavy Slam|p1a: Grumpig\n|-damage|p1a: Grumpig|0 fnt\n|faint|p1a: Grumpig\n|\n|upkeep\n|\n|t:|1781450812\n|switch|p1a: Kilowattrel|Kilowattrel, L83, M|252/252\n|turn|18\n|\n|t:|1781450819\n|move|p1a: Kilowattrel|Thunderbolt|p2a: Heatran\n|-damage|p2a: Heatran|0 fnt\n|faint|p2a: Heatran\n|\n|upkeep\n|\n|t:|1781450820\n|switch|p2a: Hitmonlee|Hitmonlee, L85, M|224/224\n|turn|19\n|\n|t:|1781450824\n|-terastallize|p2a: Hitmonlee|Dark\n|move|p1a: Kilowattrel|Hurricane|p2a: Hitmonlee|[miss]\n|-miss|p1a: Kilowattrel|p2a: Hitmonlee\n|move|p2a: Hitmonlee|Close Combat|p1a: Kilowattrel\n|-resisted|p1a: Kilowattrel\n|-damage|p1a: Kilowattrel|155/252\n|-unboost|p2a: Hitmonlee|def|1\n|-unboost|p2a: Hitmonlee|spd|1\n|-enditem|p2a: Hitmonlee|White Herb\n|-clearnegativeboost|p2a: Hitmonlee|[silent]\n|\n|upkeep\n|turn|20\n|\n|t:|1781450834\n|move|p2a: Hitmonlee|Knock Off|p1a: Kilowattrel\n|-damage|p1a: Kilowattrel|1/252\n|-enditem|p1a: Kilowattrel|Heavy-Duty Boots|[from] move: Knock Off|[of] p2a: Hitmonlee\n|move|p1a: Kilowattrel|Hurricane|p2a: Hitmonlee\n|-damage|p2a: Hitmonlee|128/224\n|\n|upkeep\n|turn|21\n|\n|t:|1781450840\n|move|p2a: Hitmonlee|Knock Off|p1a: Kilowattrel\n|-damage|p1a: Kilowattrel|0 fnt\n|faint|p1a: Kilowattrel\n|\n|upkeep\n|\n|t:|1781450842\n|switch|p1a: Alcremie|Alcremie-Rainbow-Swirl, L90, F|263/263\n|turn|22\n|\n|t:|1781450848\n|move|p2a: Hitmonlee|Swords Dance|p2a: Hitmonlee\n|-boost|p2a: Hitmonlee|atk|2\n|move|p1a: Alcremie|Alluring Voice|p2a: Hitmonlee\n|-supereffective|p2a: Hitmonlee\n|-damage|p2a: Hitmonlee|0 fnt\n|faint|p2a: Hitmonlee\n|\n|upkeep\n|\n|t:|1781450850\n|switch|p2a: Komala|Komala, L88, M|40/258\n|-ability|p2a: Komala|Comatose\n|turn|23\n|\n|t:|1781450852\n|move|p1a: Alcremie|Alluring Voice|p2a: Komala\n|-damage|p2a: Komala|0 fnt\n|faint|p2a: Komala\n|\n|win|Ballcoozy\n", "inputlog": ">version a8376a258c1d4662feba110a92103f3664a72141\n>start {\"formatid\":\"gen9randombattle\",\"seed\":\"sodium,e7f0718e69b94a2b6a577951c5c498e9\",\"rated\":\"Rated battle\"}\n>player p1 {\"name\":\"Ballcoozy\",\"avatar\":\"clair\",\"rating\":1903,\"seed\":\"sodium,d97119c967f2d60f2a4f5104939d3a43\"}\n>player p2 {\"name\":\"funybuny\",\"avatar\":\"roxie\",\"rating\":1940,\"seed\":\"sodium,a31e9c23ac13b2e66847726471775fed\"}\n>p1 move uturn\n>p2 move blizzard\n>p1 switch 5\n>p1 move bugbuzz\n>p2 move auroraveil\n>p1 move encore\n>p2 switch 3\n>p1 move bugbuzz\n>p2 move toxic\n>p1 move encore\n>p2 move toxic\n>p1 move bugbuzz\n>p2 move foulplay\n>p1 move bugbuzz\n>p2 switch 3\n>p1 switch 6\n>p2 switch 4\n>p1 move bodyslam\n>p2 move bodyslam\n>p1 move closecombat\n>p2 move bodyslam\n>p1 switch 5\n>p1 move thunderbolt\n>p2 switch 6\n>p1 move hurricane\n>p2 move knockoff\n>p2 switch 5\n>p1 move uturn\n>p2 move magmastorm\n>p1 switch 3\n>p1 move nastyplot\n>p2 switch 3\n>p1 move dazzlinggleam\n>p2 move foulplay\n>p1 move shadowball\n>p2 move foulplay\n>p2 switch 3\n>p1 move shadowball\n>p2 move heavyslam\n>p1 move shadowball\n>p2 move heavyslam\n>p1 switch 3\n>p1 move thunderbolt\n>p2 move heavyslam\n>p2 switch 2\n>p1 move hurricane\n>p2 move closecombat terastallize\n>p1 move hurricane\n>p2 move knockoff\n>p1 move uturn\n>p2 move knockoff\n>p1 switch 4\n>p1 move alluringvoice\n>p2 move swordsdance\n>p2 switch 6\n>p1 move alluringvoice\n>p2 move bodyslam", "uploadtime": 1781450645, "views": 5, "formatid": "gen9randombattle", "rating": null, "private": 0, "password": null}