{"id": "gen9randombattle-2631440092", "format": "[Gen 9] Random Battle", "players": ["Difear", "Super Fantasma"], "log": "|j|\u2606Difear\n|j|\u2606Super Fantasma\n|t:|1781384903\n|gametype|singles\n|player|p1|Difear|ghetsis|1125\n|player|p2|Super Fantasma|lucas|1141\n|gen|9\n|tier|[Gen 9] Random Battle\n|rated|\n|rule|Species Clause: Limit one of each Pok\u00e9mon\n|rule|HP Percentage Mod: HP is shown in percentages\n|rule|Sleep Clause Mod: Limit one foe put to sleep\n|rule|Illusion Level Mod: Illusion disguises the Pok\u00e9mon's true level\n|\n|t:|1781384903\n|teamsize|p1|6\n|teamsize|p2|6\n|start\n|switch|p1a: Scovillain|Scovillain, L91, M|266/266\n|switch|p2a: Deoxys|Deoxys-Attack, L72|191/191\n|-ability|p2a: Deoxys|Pressure\n|turn|1\n|inactive|Battle timer is ON: inactive players will automatically lose when time's up. (requested by Difear)\n|\n|t:|1781384934\n|move|p2a: Deoxys|Superpower|p1a: Scovillain\n|-damage|p1a: Scovillain|113/266\n|-unboost|p2a: Deoxys|atk|1\n|-unboost|p2a: Deoxys|def|1\n|-damage|p2a: Deoxys|172/191|[from] item: Life Orb\n|move|p1a: Scovillain|Fire Blast|p2a: Deoxys\n|-damage|p2a: Deoxys|0 fnt\n|faint|p2a: Deoxys\n|\n|upkeep\n|\n|t:|1781384951\n|switch|p2a: Magcargo|Magcargo, L95, F|268/268\n|turn|2\n|\n|t:|1781384955\n|move|p1a: Scovillain|Stomping Tantrum|p2a: Magcargo\n|-supereffective|p2a: Magcargo\n|-damage|p2a: Magcargo|88/268\n|move|p2a: Magcargo|Lava Plume|p1a: Scovillain\n|-damage|p1a: Scovillain|0 fnt\n|faint|p1a: Scovillain\n|\n|upkeep\n|\n|t:|1781384966\n|switch|p1a: Poliwrath|Poliwrath, L88, F|302/302\n|turn|3\n|\n|t:|1781384973\n|-terastallize|p2a: Magcargo|Dragon\n|move|p1a: Poliwrath|Liquidation|p2a: Magcargo\n|-resisted|p2a: Magcargo\n|-damage|p2a: Magcargo|52/268\n|move|p2a: Magcargo|Recover|p2a: Magcargo\n|-heal|p2a: Magcargo|186/268\n|\n|upkeep\n|turn|4\n|\n|t:|1781384987\n|move|p1a: Poliwrath|Knock Off|p2a: Magcargo\n|-damage|p2a: Magcargo|132/268\n|-status|p1a: Poliwrath|brn|[from] ability: Flame Body|[of] p2a: Magcargo\n|-enditem|p2a: Magcargo|Heavy-Duty Boots|[from] move: Knock Off|[of] p1a: Poliwrath\n|move|p2a: Magcargo|Yawn||[still]\n|-fail|p2a: Magcargo\n|\n|-damage|p1a: Poliwrath|284/302 brn|[from] brn\n|upkeep\n|turn|5\n|\n|t:|1781384999\n|move|p1a: Poliwrath|Close Combat|p2a: Magcargo\n|-damage|p2a: Magcargo|80/268\n|-unboost|p1a: Poliwrath|def|1\n|-unboost|p1a: Poliwrath|spd|1\n|move|p2a: Magcargo|Recover|p2a: Magcargo\n|-heal|p2a: Magcargo|214/268\n|\n|-damage|p1a: Poliwrath|266/302 brn|[from] brn\n|upkeep\n|turn|6\n|\n|t:|1781385019\n|move|p2a: Magcargo|Lava Plume|p1a: Poliwrath\n|-resisted|p1a: Poliwrath\n|-damage|p1a: Poliwrath|218/302 brn\n|move|p1a: Poliwrath|Circle Throw|p2a: Magcargo\n|-damage|p2a: Magcargo|192/268\n|drag|p2a: Pelipper|Pelipper, L86, F|243/243\n|-weather|RainDance|[from] ability: Drizzle|[of] p2a: Pelipper\n|\n|-weather|RainDance|[upkeep]\n|-damage|p1a: Poliwrath|200/302 brn|[from] brn\n|upkeep\n|turn|7\n|\n|t:|1781385035\n|switch|p1a: Raging Bolt|Raging Bolt, L78|323/323\n|-enditem|p1a: Raging Bolt|Booster Energy\n|-activate|p1a: Raging Bolt|ability: Protosynthesis|[fromitem]\n|-start|p1a: Raging Bolt|protosynthesisspa\n|move|p2a: Pelipper|Hurricane|p1a: Raging Bolt\n|-resisted|p1a: Raging Bolt\n|-damage|p1a: Raging Bolt|229/323\n|-start|p1a: Raging Bolt|confusion\n|\n|-weather|RainDance|[upkeep]\n|upkeep\n|turn|8\n|inactive|Difear has 120 seconds left.\n|inactive|Super Fantasma has 120 seconds left.\n|\n|t:|1781385061\n|switch|p2a: Sableye|Sableye, L88, F|231/231\n|-activate|p1a: Raging Bolt|confusion\n|move|p1a: Raging Bolt|Thunderclap||[still]\n|-fail|p1a: Raging Bolt\n|\n|-weather|RainDance|[upkeep]\n|upkeep\n|turn|9\n|inactive|Difear has 120 seconds left.\n|\n|t:|1781385072\n|move|p2a: Sableye|Thunder Wave|p1a: Raging Bolt\n|-immune|p1a: Raging Bolt\n|-activate|p1a: Raging Bolt|confusion\n|move|p1a: Raging Bolt|Thunderbolt|p2a: Sableye\n|-damage|p2a: Sableye|50/231\n|\n|-weather|RainDance|[upkeep]\n|-heal|p2a: Sableye|64/231|[from] item: Leftovers\n|upkeep\n|turn|10\n|\n|t:|1781385085\n|-activate|p1a: Raging Bolt|confusion\n|move|p1a: Raging Bolt|Calm Mind|p1a: Raging Bolt\n|-boost|p1a: Raging Bolt|spa|1\n|-boost|p1a: Raging Bolt|spd|1\n|move|p2a: Sableye|Knock Off|p1a: Raging Bolt\n|-crit|p1a: Raging Bolt\n|-damage|p1a: Raging Bolt|130/323\n|\n|-weather|none\n|-heal|p2a: Sableye|78/231|[from] item: Leftovers\n|upkeep\n|turn|11\n|inactive|Super Fantasma has 120 seconds left.\n|\n|t:|1781385102\n|-end|p1a: Raging Bolt|confusion\n|move|p1a: Raging Bolt|Thunderbolt|p2a: Sableye\n|-damage|p2a: Sableye|0 fnt\n|faint|p2a: Sableye\n|\n|upkeep\n|inactive|Super Fantasma has 120 seconds left.\n|\n|t:|1781385112\n|switch|p2a: Pelipper|Pelipper, L86, F|243/243\n|-weather|RainDance|[from] ability: Drizzle|[of] p2a: Pelipper\n|turn|12\n|inactive|Super Fantasma has 120 seconds left.\n|\n|t:|1781385124\n|move|p1a: Raging Bolt|Thunderbolt|p2a: Pelipper\n|-supereffective|p2a: Pelipper\n|-damage|p2a: Pelipper|0 fnt\n|faint|p2a: Pelipper\n|\n|-weather|RainDance|[upkeep]\n|upkeep\n|\n|t:|1781385131\n|switch|p2a: Pikachu|Pikachu-Unova, L93, M|216/216\n|turn|13\n|inactive|Super Fantasma has 120 seconds left.\n|\n|t:|1781385138\n|move|p2a: Pikachu|Play Rough|p1a: Raging Bolt\n|-supereffective|p1a: Raging Bolt\n|-damage|p1a: Raging Bolt|0 fnt\n|faint|p1a: Raging Bolt\n|-end|p1a: Raging Bolt|Protosynthesis|[silent]\n|\n|-weather|RainDance|[upkeep]\n|upkeep\n|\n|t:|1781385148\n|switch|p1a: Overqwil|Overqwil, L82, F|274/274\n|-ability|p1a: Overqwil|Intimidate|boost\n|-unboost|p2a: Pikachu|atk|1\n|turn|14\n|\n|t:|1781385157\n|switch|p2a: Umbreon|Umbreon, L84, F|297/297\n|move|p1a: Overqwil|Swords Dance|p1a: Overqwil\n|-boost|p1a: Overqwil|atk|2\n|\n|-weather|RainDance|[upkeep]\n|upkeep\n|turn|15\n|inactive|Super Fantasma has 120 seconds left.\n|\n|t:|1781385178\n|move|p1a: Overqwil|Liquidation|p2a: Umbreon\n|-damage|p2a: Umbreon|98/297\n|-damage|p1a: Overqwil|247/274|[from] item: Life Orb\n|move|p2a: Umbreon|Foul Play|p1a: Overqwil\n|-resisted|p1a: Overqwil\n|-damage|p1a: Overqwil|130/274\n|\n|-weather|RainDance|[upkeep]\n|-heal|p2a: Umbreon|116/297|[from] item: Leftovers\n|upkeep\n|turn|16\n|inactive|Super Fantasma has 120 seconds left.\n|\n|t:|1781385190\n|move|p2a: Umbreon|Protect|p2a: Umbreon\n|-singleturn|p2a: Umbreon|Protect\n|move|p1a: Overqwil|Liquidation|p2a: Umbreon\n|-activate|p2a: Umbreon|move: Protect\n|\n|-weather|none\n|-heal|p2a: Umbreon|134/297|[from] item: Leftovers\n|upkeep\n|turn|17\n|inactive|Super Fantasma has 120 seconds left.\n|\n|t:|1781385202\n|move|p1a: Overqwil|Gunk Shot|p2a: Umbreon|[miss]\n|-miss|p1a: Overqwil|p2a: Umbreon\n|move|p2a: Umbreon|Foul Play|p1a: Overqwil\n|-resisted|p1a: Overqwil\n|-damage|p1a: Overqwil|23/274\n|\n|-heal|p2a: Umbreon|152/297|[from] item: Leftovers\n|upkeep\n|turn|18\n|\n|t:|1781385211\n|move|p2a: Umbreon|Protect|p2a: Umbreon\n|-singleturn|p2a: Umbreon|Protect\n|move|p1a: Overqwil|Gunk Shot|p2a: Umbreon\n|-activate|p2a: Umbreon|move: Protect\n|\n|-heal|p2a: Umbreon|170/297|[from] item: Leftovers\n|upkeep\n|turn|19\n|\n|t:|1781385223\n|move|p1a: Overqwil|Gunk Shot|p2a: Umbreon|[miss]\n|-miss|p1a: Overqwil|p2a: Umbreon\n|move|p2a: Umbreon|Foul Play|p1a: Overqwil\n|-resisted|p1a: Overqwil\n|-damage|p1a: Overqwil|0 fnt\n|faint|p1a: Overqwil\n|\n|-heal|p2a: Umbreon|188/297|[from] item: Leftovers\n|upkeep\n|\n|t:|1781385233\n|switch|p1a: Poliwrath|Poliwrath, L88, F|200/302 brn\n|turn|20\n|\n|t:|1781385246\n|switch|p2a: Magcargo|Magcargo, L95, F, tera:Dragon|192/268\n|move|p1a: Poliwrath|Close Combat|p2a: Magcargo\n|-damage|p2a: Magcargo|142/268\n|-unboost|p1a: Poliwrath|def|1\n|-unboost|p1a: Poliwrath|spd|1\n|\n|-damage|p1a: Poliwrath|182/302 brn|[from] brn\n|upkeep\n|turn|21\n|\n|t:|1781385265\n|switch|p1a: Weezing|Weezing-Galar, L86, M|252/252\n|move|p2a: Magcargo|Power Gem|p1a: Weezing\n|-crit|p1a: Weezing\n|-damage|p1a: Weezing|63/252\n|\n|-heal|p1a: Weezing|78/252|[from] item: Leftovers\n|upkeep\n|turn|22\n|inactive|Super Fantasma has 120 seconds left.\n|\n|t:|1781385282\n|switch|p2a: Umbreon|Umbreon, L84, F|188/297\n|move|p1a: Weezing|Strange Steam|p2a: Umbreon\n|-supereffective|p2a: Umbreon\n|-damage|p2a: Umbreon|62/297\n|\n|-heal|p2a: Umbreon|80/297|[from] item: Leftovers\n|-heal|p1a: Weezing|93/252|[from] item: Leftovers\n|upkeep\n|turn|23\n|\n|t:|1781385292\n|move|p2a: Umbreon|Protect|p2a: Umbreon\n|-singleturn|p2a: Umbreon|Protect\n|move|p1a: Weezing|Strange Steam|p2a: Umbreon\n|-activate|p2a: Umbreon|move: Protect\n|\n|-heal|p2a: Umbreon|98/297|[from] item: Leftovers\n|-heal|p1a: Weezing|108/252|[from] item: Leftovers\n|upkeep\n|turn|24\n|inactive|Super Fantasma has 120 seconds left.\n|\n|t:|1781385308\n|move|p2a: Umbreon|Foul Play|p1a: Weezing\n|-resisted|p1a: Weezing\n|-damage|p1a: Weezing|68/252\n|move|p1a: Weezing|Strange Steam|p2a: Umbreon\n|-supereffective|p2a: Umbreon\n|-damage|p2a: Umbreon|0 fnt\n|faint|p2a: Umbreon\n|\n|-heal|p1a: Weezing|83/252|[from] item: Leftovers\n|upkeep\n|inactive|Super Fantasma has 120 seconds left.\n|\n|t:|1781385318\n|switch|p2a: Pikachu|Pikachu-Unova, L93, M|216/216\n|turn|25\n|inactive|Super Fantasma has 120 seconds left.\n|\n|t:|1781385333\n|move|p2a: Pikachu|Volt Tackle|p1a: Weezing\n|-damage|p1a: Weezing|0 fnt\n|faint|p1a: Weezing\n|-damage|p2a: Pikachu|189/216|[from] Recoil\n|\n|upkeep\n|\n|t:|1781385340\n|switch|p1a: Poliwrath|Poliwrath, L88, F|182/302 brn\n|turn|26\n|\n|t:|1781385347\n|move|p2a: Pikachu|Volt Switch|p1a: Poliwrath\n|-supereffective|p1a: Poliwrath\n|-damage|p1a: Poliwrath|44/302 brn\n|\n|t:|1781385351\n|switch|p2a: Magcargo|Magcargo, L95, F, tera:Dragon|142/268|[from] Volt Switch\n|move|p1a: Poliwrath|Knock Off|p2a: Magcargo\n|-damage|p2a: Magcargo|125/268\n|\n|-damage|p1a: Poliwrath|26/302 brn|[from] brn\n|upkeep\n|turn|27\n|\n|t:|1781385362\n|move|p1a: Poliwrath|Close Combat|p2a: Magcargo\n|-damage|p2a: Magcargo|78/268\n|-unboost|p1a: Poliwrath|def|1\n|-unboost|p1a: Poliwrath|spd|1\n|move|p2a: Magcargo|Power Gem|p1a: Poliwrath\n|-resisted|p1a: Poliwrath\n|-damage|p1a: Poliwrath|0 fnt\n|faint|p1a: Poliwrath\n|\n|upkeep\n|\n|t:|1781385372\n|switch|p1a: Ditto|Ditto, L87|225/225\n|-transform|p1a: Ditto|p2a: Magcargo|[from] ability: Imposter\n|turn|28\n|\n|t:|1781385383\n|move|p1a: Ditto|Power Gem|p2a: Magcargo\n|-damage|p2a: Magcargo|0 fnt\n|faint|p2a: Magcargo\n|\n|upkeep\n|\n|t:|1781385388\n|switch|p2a: Pikachu|Pikachu-Unova, L93, M|189/216\n|turn|29\n|\n|t:|1781385395\n|move|p2a: Pikachu|Surf|p1a: Ditto\n|-supereffective|p1a: Ditto\n|-damage|p1a: Ditto|0 fnt\n|faint|p1a: Ditto\n|\n|win|Super Fantasma\n|raw|Difear's rating: 1125 &rarr; <strong>1101</strong><br />(-24 for losing)\n|raw|Super Fantasma's rating: 1141 &rarr; <strong>1165</strong><br />(+24 for winning)\n|l|\u2606Difear\n|player|p1|\n", "inputlog": ">version a8376a258c1d4662feba110a92103f3664a72141\n>start {\"formatid\":\"gen9randombattle\",\"seed\":\"sodium,1496d3a4f68cd5039856a7420256aef6\",\"rated\":\"Rated battle\"}\n>player p1 {\"name\":\"Difear\",\"avatar\":\"ghetsis\",\"rating\":1125,\"seed\":\"sodium,1fbbb4a94ba81ad46b80096a6966c7d6\"}\n>player p2 {\"name\":\"Super Fantasma\",\"avatar\":\"lucas\",\"rating\":1141,\"seed\":\"sodium,8b6f820abd60c61910e438bc00e53784\"}\n>p1 move fireblast\n>p2 move superpower\n>p2 switch 5\n>p1 move stompingtantrum\n>p2 move lavaplume\n>p1 switch 5\n>p1 move liquidation\n>p2 move recover terastallize\n>p1 move knockoff\n>p2 move yawn\n>p1 move closecombat\n>p2 move recover\n>p1 move circlethrow\n>p2 move lavaplume\n>p1 switch 2\n>p2 move hurricane\n>p1 move thunderclap\n>p2 switch 3\n>p1 move thunderbolt\n>p2 move thunderwave\n>p1 move calmmind\n>p2 move knockoff\n>p1 move thunderbolt\n>p2 move knockoff\n>p2 switch 3\n>p1 move thunderbolt\n>p2 move uturn\n>p2 switch 6\n>p1 move dragonpulse\n>p2 move playrough\n>p1 switch 6\n>p1 move swordsdance\n>p2 switch 2\n>p1 move liquidation\n>p2 move foulplay\n>p1 move liquidation\n>p2 move protect\n>p1 move gunkshot\n>p2 move foulplay\n>p1 move gunkshot\n>p2 move protect\n>p1 move gunkshot\n>p2 move foulplay\n>p1 switch 2\n>p1 move closecombat\n>p2 switch 4\n>p1 switch 4\n>p2 move powergem\n>p1 move strangesteam\n>p2 switch 4\n>p1 move strangesteam\n>p2 move protect\n>p1 move strangesteam\n>p2 move foulplay\n>p2 switch 2\n>p1 move gunkshot\n>p2 move volttackle\n>p1 switch 4\n>p1 move knockoff\n>p2 move voltswitch\n>p2 switch 4\n>p1 move closecombat\n>p2 move powergem\n>p1 switch 3\n>p1 move powergem\n>p2 move recover\n>p2 switch 4\n>p1 move powergem\n>p2 move surf", "uploadtime": 1781385405, "views": 9, "formatid": "gen9randombattle", "rating": 1101, "private": 0, "password": null}