{"id": "gen9randombattle-2631886528", "format": "[Gen 9] Random Battle", "players": ["imuseless123", "kormorano"], "log": "|j|\u2606imuseless123\n|j|\u2606kormorano\n|t:|1781452097\n|gametype|singles\n|player|p1|imuseless123|flannery|2061\n|player|p2|kormorano|102|2017\n|gen|9\n|tier|[Gen 9] Random Battle\n|rated|\n|rule|Species Clause: Limit one of each Pok\u00e9mon\n|rule|HP Percentage Mod: HP is shown in percentages\n|rule|Sleep Clause Mod: Limit one foe put to sleep\n|rule|Illusion Level Mod: Illusion disguises the Pok\u00e9mon's true level\n|\n|t:|1781452097\n|teamsize|p1|6\n|teamsize|p2|6\n|start\n|switch|p1a: Iron Thorns|Iron Thorns, L83|302/302\n|switch|p2a: Meganium|Meganium, L90, F|290/290\n|-item|p1a: Iron Thorns|Air Balloon\n|turn|1\n|inactive|Battle timer is ON: inactive players will automatically lose when time's up. (requested by kormorano)\n|inactive|imuseless123 also wants the timer to be on.\n|\n|t:|1781452105\n|move|p2a: Meganium|Petal Blizzard|p1a: Iron Thorns\n|-supereffective|p1a: Iron Thorns\n|-damage|p1a: Iron Thorns|140/302\n|-enditem|p1a: Iron Thorns|Air Balloon\n|move|p1a: Iron Thorns|Stealth Rock|p2a: Meganium\n|-sidestart|p2: kormorano|move: Stealth Rock\n|\n|upkeep\n|turn|2\n|\n|t:|1781452116\n|-end|p1a: Iron Thorns|Quark Drive|[silent]\n|switch|p1a: Scream Tail|Scream Tail, L84|330/330\n|move|p2a: Meganium|Swords Dance|p2a: Meganium\n|-boost|p2a: Meganium|atk|2\n|\n|upkeep\n|turn|3\n|\n|t:|1781452120\n|switch|p2a: Copperajah|Copperajah, L86, F|350/350\n|-damage|p2a: Copperajah|329/350|[from] Stealth Rock\n|move|p1a: Scream Tail|Thunder Wave|p2a: Copperajah|[miss]\n|-miss|p1a: Scream Tail|p2a: Copperajah\n|\n|upkeep\n|turn|4\n|\n|t:|1781452124\n|-end|p1a: Scream Tail|Protosynthesis|[silent]\n|switch|p1a: Iron Thorns|Iron Thorns, L83|140/302\n|move|p2a: Copperajah|Heavy Slam|p1a: Iron Thorns\n|-damage|p1a: Iron Thorns|0 fnt\n|faint|p1a: Iron Thorns\n|-end|p1a: Iron Thorns|Quark Drive|[silent]\n|\n|upkeep\n|\n|t:|1781452128\n|switch|p1a: Gumshoos|Gumshoos, L95, M|321/321\n|turn|5\n|\n|t:|1781452133\n|switch|p2a: Bombirdier|Bombirdier, L85, F|258/258\n|move|p1a: Gumshoos|Earthquake|p2a: Bombirdier\n|-immune|p2a: Bombirdier\n|\n|upkeep\n|turn|6\n|\n|t:|1781452139\n|switch|p1a: Scream Tail|Scream Tail, L84|330/330\n|move|p2a: Bombirdier|U-turn|p1a: Scream Tail\n|-damage|p1a: Scream Tail|278/330\n|\n|t:|1781452140\n|switch|p2a: Copperajah|Copperajah, L86, F|329/350|[from] U-turn\n|-damage|p2a: Copperajah|308/350|[from] Stealth Rock\n|\n|-heal|p1a: Scream Tail|298/330|[from] item: Leftovers\n|upkeep\n|turn|7\n|\n|t:|1781452143\n|move|p1a: Scream Tail|Protect|p1a: Scream Tail\n|-singleturn|p1a: Scream Tail|Protect\n|move|p2a: Copperajah|Heavy Slam|p1a: Scream Tail\n|-activate|p1a: Scream Tail|move: Protect\n|\n|-heal|p1a: Scream Tail|318/330|[from] item: Leftovers\n|upkeep\n|turn|8\n|\n|t:|1781452146\n|-end|p1a: Scream Tail|Protosynthesis|[silent]\n|switch|p1a: Gumshoos|Gumshoos, L95, M|321/321\n|move|p2a: Copperajah|Heavy Slam|p1a: Gumshoos\n|-damage|p1a: Gumshoos|39/321\n|\n|upkeep\n|turn|9\n|\n|t:|1781452149\n|move|p1a: Gumshoos|Knock Off|p2a: Copperajah\n|-damage|p2a: Copperajah|146/350\n|-enditem|p2a: Copperajah|Choice Band|[from] move: Knock Off|[of] p1a: Gumshoos\n|move|p2a: Copperajah|Heavy Slam|p1a: Gumshoos\n|-damage|p1a: Gumshoos|0 fnt\n|faint|p1a: Gumshoos\n|\n|upkeep\n|\n|t:|1781452155\n|switch|p1a: Dudunsparce|Dudunsparce, L83, F|343/343\n|turn|10\n|\n|t:|1781452158\n|move|p1a: Dudunsparce|Glare|p2a: Copperajah\n|-status|p2a: Copperajah|par\n|move|p2a: Copperajah|Knock Off|p1a: Dudunsparce\n|-damage|p1a: Dudunsparce|241/343\n|-enditem|p1a: Dudunsparce|Leftovers|[from] move: Knock Off|[of] p2a: Copperajah\n|\n|upkeep\n|turn|11\n|\n|t:|1781452162\n|move|p1a: Dudunsparce|Earthquake|p2a: Copperajah\n|-supereffective|p2a: Copperajah\n|-damage|p2a: Copperajah|0 fnt\n|faint|p2a: Copperajah\n|\n|upkeep\n|\n|t:|1781452173\n|switch|p2a: Falinks|Falinks, L84|246/246\n|-damage|p2a: Falinks|231/246|[from] Stealth Rock\n|turn|12\n|\n|t:|1781452177\n|move|p2a: Falinks|Close Combat|p1a: Dudunsparce\n|-supereffective|p1a: Dudunsparce\n|-damage|p1a: Dudunsparce|0 fnt\n|-unboost|p2a: Falinks|def|1\n|-unboost|p2a: Falinks|spd|1\n|faint|p1a: Dudunsparce\n|-damage|p2a: Falinks|207/246|[from] item: Life Orb\n|\n|upkeep\n|\n|t:|1781452178\n|switch|p1a: Whimsicott|Whimsicott, L84, F|238/238\n|turn|13\n|\n|t:|1781452185\n|switch|p2a: Meganium|Meganium, L90, F|290/290\n|-damage|p2a: Meganium|254/290|[from] Stealth Rock\n|move|p1a: Whimsicott|Moonblast|p2a: Meganium\n|-damage|p2a: Meganium|178/290\n|\n|-heal|p2a: Meganium|196/290|[from] item: Leftovers\n|upkeep\n|turn|14\n|\n|t:|1781452190\n|move|p1a: Whimsicott|Substitute|p1a: Whimsicott\n|-start|p1a: Whimsicott|Substitute\n|-damage|p1a: Whimsicott|179/238\n|move|p2a: Meganium|Knock Off|p1a: Whimsicott\n|-resisted|p1a: Whimsicott\n|-activate|p1a: Whimsicott|move: Substitute|[damage]\n|\n|-heal|p1a: Whimsicott|193/238|[from] item: Leftovers\n|-heal|p2a: Meganium|214/290|[from] item: Leftovers\n|upkeep\n|turn|15\n|\n|t:|1781452195\n|move|p1a: Whimsicott|Moonblast|p2a: Meganium\n|-damage|p2a: Meganium|141/290\n|move|p2a: Meganium|Petal Blizzard|p1a: Whimsicott\n|-resisted|p1a: Whimsicott\n|-end|p1a: Whimsicott|Substitute\n|\n|-heal|p1a: Whimsicott|207/238|[from] item: Leftovers\n|-heal|p2a: Meganium|159/290|[from] item: Leftovers\n|upkeep\n|turn|16\n|\n|t:|1781452200\n|move|p1a: Whimsicott|Substitute|p1a: Whimsicott\n|-start|p1a: Whimsicott|Substitute\n|-damage|p1a: Whimsicott|148/238\n|move|p2a: Meganium|Petal Blizzard|p1a: Whimsicott\n|-resisted|p1a: Whimsicott\n|-activate|p1a: Whimsicott|move: Substitute|[damage]\n|\n|-heal|p1a: Whimsicott|162/238|[from] item: Leftovers\n|-heal|p2a: Meganium|177/290|[from] item: Leftovers\n|upkeep\n|turn|17\n|\n|t:|1781452206\n|move|p1a: Whimsicott|Moonblast|p2a: Meganium\n|-damage|p2a: Meganium|98/290\n|move|p2a: Meganium|Petal Blizzard|p1a: Whimsicott\n|-resisted|p1a: Whimsicott\n|-end|p1a: Whimsicott|Substitute\n|\n|-heal|p1a: Whimsicott|176/238|[from] item: Leftovers\n|-heal|p2a: Meganium|116/290|[from] item: Leftovers\n|upkeep\n|turn|18\n|\n|t:|1781452211\n|switch|p2a: Espeon|Espeon, L84, M|246/246\n|-damage|p2a: Espeon|216/246|[from] Stealth Rock\n|move|p1a: Whimsicott|Substitute|p1a: Whimsicott\n|-start|p1a: Whimsicott|Substitute\n|-damage|p1a: Whimsicott|117/238\n|\n|-heal|p1a: Whimsicott|131/238|[from] item: Leftovers\n|upkeep\n|turn|19\n|\n|t:|1781452214\n|move|p1a: Whimsicott|Moonblast|p2a: Espeon\n|-damage|p2a: Espeon|131/246\n|-unboost|p2a: Espeon|spa|1\n|move|p2a: Espeon|Alluring Voice|p1a: Whimsicott\n|-damage|p1a: Whimsicott|60/238\n|-damage|p2a: Espeon|107/246|[from] item: Life Orb\n|\n|-heal|p1a: Whimsicott|74/238|[from] item: Leftovers\n|upkeep\n|turn|20\n|\n|t:|1781452220\n|move|p1a: Whimsicott|Moonblast|p2a: Espeon\n|-damage|p2a: Espeon|29/246\n|move|p2a: Espeon|Morning Sun|p2a: Espeon\n|-heal|p2a: Espeon|152/246\n|\n|-heal|p1a: Whimsicott|88/238|[from] item: Leftovers\n|upkeep\n|turn|21\n|\n|t:|1781452223\n|move|p1a: Whimsicott|Moonblast|p2a: Espeon\n|-damage|p2a: Espeon|68/246\n|move|p2a: Espeon|Alluring Voice|p1a: Whimsicott\n|-damage|p1a: Whimsicott|23/238\n|-damage|p2a: Espeon|44/246|[from] item: Life Orb\n|\n|-heal|p1a: Whimsicott|37/238|[from] item: Leftovers\n|upkeep\n|turn|22\n|\n|t:|1781452226\n|move|p1a: Whimsicott|Moonblast|p2a: Espeon\n|-damage|p2a: Espeon|0 fnt\n|faint|p2a: Espeon\n|\n|-heal|p1a: Whimsicott|51/238|[from] item: Leftovers\n|upkeep\n|\n|t:|1781452237\n|switch|p2a: Pikachu|Pikachu-Alola, L93, M|216/216\n|-damage|p2a: Pikachu|189/216|[from] Stealth Rock\n|turn|23\n|\n|t:|1781452241\n|move|p1a: Whimsicott|Moonblast|p2a: Pikachu\n|-damage|p2a: Pikachu|68/216\n|move|p2a: Pikachu|Play Rough|p1a: Whimsicott\n|-end|p1a: Whimsicott|Substitute\n|\n|-heal|p1a: Whimsicott|65/238|[from] item: Leftovers\n|upkeep\n|turn|24\n|\n|t:|1781452247\n|move|p1a: Whimsicott|Moonblast|p2a: Pikachu\n|-crit|p2a: Pikachu\n|-damage|p2a: Pikachu|0 fnt\n|faint|p2a: Pikachu\n|\n|-heal|p1a: Whimsicott|79/238|[from] item: Leftovers\n|upkeep\n|\n|t:|1781452249\n|switch|p2a: Falinks|Falinks, L84|207/246\n|-damage|p2a: Falinks|192/246|[from] Stealth Rock\n|turn|25\n|\n|t:|1781452251\n|-terastallize|p2a: Falinks|Steel\n|move|p1a: Whimsicott|Substitute|p1a: Whimsicott\n|-start|p1a: Whimsicott|Substitute\n|-damage|p1a: Whimsicott|20/238\n|move|p2a: Falinks|Iron Head|p1a: Whimsicott\n|-supereffective|p1a: Whimsicott\n|-end|p1a: Whimsicott|Substitute\n|-damage|p2a: Falinks|168/246|[from] item: Life Orb\n|\n|-heal|p1a: Whimsicott|34/238|[from] item: Leftovers\n|upkeep\n|turn|26\n|\n|t:|1781452257\n|move|p1a: Whimsicott|Leech Seed|p2a: Falinks\n|-start|p2a: Falinks|move: Leech Seed\n|move|p2a: Falinks|Iron Head|p1a: Whimsicott\n|-supereffective|p1a: Whimsicott\n|-damage|p1a: Whimsicott|0 fnt\n|faint|p1a: Whimsicott\n|-damage|p2a: Falinks|144/246|[from] item: Life Orb\n|\n|upkeep\n|\n|t:|1781452261\n|switch|p1a: Kingdra|Kingdra, L84, F|263/263\n|turn|27\n|\n|t:|1781452268\n|move|p1a: Kingdra|Rain Dance|p1a: Kingdra\n|-weather|RainDance\n|move|p2a: Falinks|Close Combat|p1a: Kingdra\n|-damage|p1a: Kingdra|90/263\n|-unboost|p2a: Falinks|def|1\n|-unboost|p2a: Falinks|spd|1\n|-damage|p2a: Falinks|120/246|[from] item: Life Orb\n|\n|-weather|RainDance|[upkeep]\n|-damage|p2a: Falinks|90/246|[from] Leech Seed|[of] p1a: Kingdra\n|-heal|p1a: Kingdra|120/263|[silent]\n|upkeep\n|turn|28\n|\n|t:|1781452273\n|switch|p2a: Meganium|Meganium, L90, F|116/290\n|-damage|p2a: Meganium|80/290|[from] Stealth Rock\n|move|p1a: Kingdra|Wave Crash|p2a: Meganium\n|-resisted|p2a: Meganium\n|-damage|p2a: Meganium|0 fnt\n|faint|p2a: Meganium\n|-damage|p1a: Kingdra|94/263|[from] Recoil\n|-damage|p1a: Kingdra|68/263|[from] item: Life Orb\n|\n|-weather|RainDance|[upkeep]\n|upkeep\n|\n|t:|1781452275\n|switch|p2a: Bombirdier|Bombirdier, L85, F|258/258\n|turn|29\n|\n|t:|1781452283\n|switch|p1a: Scream Tail|Scream Tail, L84|318/330\n|move|p2a: Bombirdier|Knock Off|p1a: Scream Tail\n|-damage|p1a: Scream Tail|210/330\n|-enditem|p1a: Scream Tail|Leftovers|[from] move: Knock Off|[of] p2a: Bombirdier\n|\n|-weather|RainDance|[upkeep]\n|upkeep\n|turn|30\n|\n|t:|1781452292\n|move|p1a: Scream Tail|Dazzling Gleam|p2a: Bombirdier\n|-supereffective|p2a: Bombirdier\n|-damage|p2a: Bombirdier|120/258\n|move|p2a: Bombirdier|Brave Bird|p1a: Scream Tail\n|-damage|p1a: Scream Tail|84/330\n|-damage|p2a: Bombirdier|78/258|[from] Recoil\n|\n|-weather|RainDance|[upkeep]\n|upkeep\n|turn|31\n|\n|t:|1781452297\n|move|p1a: Scream Tail|Dazzling Gleam|p2a: Bombirdier\n|-supereffective|p2a: Bombirdier\n|-damage|p2a: Bombirdier|0 fnt\n|faint|p2a: Bombirdier\n|\n|-weather|none\n|upkeep\n|\n|t:|1781452298\n|switch|p2a: Falinks|Falinks, L84, tera:Steel|90/246\n|-damage|p2a: Falinks|75/246|[from] Stealth Rock\n|turn|32\n|\n|t:|1781452301\n|move|p1a: Scream Tail|Thunder Wave|p2a: Falinks|[miss]\n|-miss|p1a: Scream Tail|p2a: Falinks\n|move|p2a: Falinks|Iron Head|p1a: Scream Tail\n|-supereffective|p1a: Scream Tail\n|-damage|p1a: Scream Tail|0 fnt\n|faint|p1a: Scream Tail\n|-end|p1a: Scream Tail|Protosynthesis|[silent]\n|-damage|p2a: Falinks|51/246|[from] item: Life Orb\n|\n|upkeep\n|\n|t:|1781452304\n|switch|p1a: Kingdra|Kingdra, L84, F|68/263\n|turn|33\n|\n|t:|1781452306\n|-terastallize|p1a: Kingdra|Water\n|move|p1a: Kingdra|Wave Crash|p2a: Falinks\n|-damage|p2a: Falinks|0 fnt\n|faint|p2a: Falinks\n|-damage|p1a: Kingdra|51/263|[from] Recoil\n|-damage|p1a: Kingdra|25/263|[from] item: Life Orb\n|\n|win|imuseless123\n", "uploadtime": 1781452098, "views": 5, "formatid": "gen9randombattle", "rating": null, "private": 0, "password": null}