{"id": "gen9randombattle-2631941778", "format": "[Gen 9] Random Battle", "players": ["nanofan_lad", "hello779"], "log": "|j|\u2606nanofan_lad\n|j|\u2606hello779\n|t:|1781458115\n|gametype|singles\n|player|p1|nanofan_lad|1|1922\n|player|p2|hello779|170|1984\n|gen|9\n|tier|[Gen 9] Random Battle\n|rated|\n|rule|Species Clause: Limit one of each Pok\u00e9mon\n|rule|HP Percentage Mod: HP is shown in percentages\n|rule|Sleep Clause Mod: Limit one foe put to sleep\n|rule|Illusion Level Mod: Illusion disguises the Pok\u00e9mon's true level\n|\n|t:|1781458115\n|teamsize|p1|6\n|teamsize|p2|6\n|start\n|switch|p1a: Chansey|Chansey, L85, F|564/564\n|switch|p2a: Vivillon|Vivillon-Modern, L83, M|268/268\n|turn|1\n|inactive|Battle timer is ON: inactive players will automatically lose when time's up. (requested by hello779)\n|inactive|nanofan_lad also wants the timer to be on.\n|\n|t:|1781458135\n|switch|p2a: Perrserker|Perrserker, L89, F|269/269\n|move|p1a: Chansey|Thunder Wave|p2a: Perrserker\n|-status|p2a: Perrserker|par\n|\n|upkeep\n|turn|2\n|\n|t:|1781458148\n|switch|p1a: Zamazenta|Zamazenta, L71|248/248\n|-ability|p1a: Zamazenta|Dauntless Shield|boost\n|-boost|p1a: Zamazenta|def|1\n|cant|p2a: Perrserker|par\n|\n|upkeep\n|turn|3\n|inactive|nanofan_lad has 120 seconds left.\n|\n|t:|1781458189\n|switch|p2a: Oricorio|Oricorio-Sensu, L85, M|266/266\n|move|p1a: Zamazenta|Close Combat|p2a: Oricorio\n|-immune|p2a: Oricorio\n|\n|upkeep\n|turn|4\n|inactive|hello779 has 120 seconds left.\n|inactive|hello779 has 90 seconds left.\n|\n|t:|1781458259\n|switch|p1a: Raging Bolt|Raging Bolt, L78|323/323\n|switch|p2a: Perrserker|Perrserker, L89, F|269/269 par\n|\n|upkeep\n|turn|5\n|inactive|nanofan_lad has 120 seconds left.\n|\n|t:|1781458268\n|move|p1a: Raging Bolt|Volt Switch|p2a: Perrserker\n|-damage|p2a: Perrserker|160/269 par\n|inactive|nanofan_lad has 120 seconds left.\n|\n|t:|1781458274\n|-end|p1a: Raging Bolt|Protosynthesis|[silent]\n|switch|p1a: Zamazenta|Zamazenta, L71|248/248|[from] Volt Switch\n|move|p2a: Perrserker|Stealth Rock|p1a: Zamazenta\n|-sidestart|p1: nanofan_lad|move: Stealth Rock\n|\n|upkeep\n|turn|6\n|inactive|hello779 has 90 seconds left.\n|\n|t:|1781458303\n|move|p1a: Zamazenta|Close Combat|p2a: Perrserker\n|-supereffective|p2a: Perrserker\n|-damage|p2a: Perrserker|0 fnt\n|-unboost|p1a: Zamazenta|def|1\n|-unboost|p1a: Zamazenta|spd|1\n|faint|p2a: Perrserker\n|\n|upkeep\n|\n|t:|1781458304\n|switch|p2a: Oricorio|Oricorio-Sensu, L85, M|266/266\n|turn|7\n|\n|t:|1781458313\n|switch|p1a: Dondozo|Dondozo, L78, F|362/362\n|-damage|p1a: Dondozo|317/362|[from] Stealth Rock\n|move|p2a: Oricorio|Revelation Dance|p1a: Dondozo\n|-crit|p1a: Dondozo\n|-damage|p1a: Dondozo|121/362\n|\n|-heal|p1a: Dondozo|143/362|[from] item: Leftovers\n|upkeep\n|turn|8\n|inactive|hello779 has 90 seconds left.\n|l|\u2606hello779\n|inactive|hello779 disconnected and has a minute to reconnect!\n|player|p2|\n|j|\u2606hello779\n|inactive|hello779 reconnected and has 40 seconds left.\n|player|p2|hello779|170|\n|\n|t:|1781458386\n|move|p2a: Oricorio|Revelation Dance|p1a: Dondozo\n|-damage|p1a: Dondozo|13/362\n|move|p1a: Dondozo|Rest|p1a: Dondozo\n|-status|p1a: Dondozo|slp|[from] move: Rest\n|-heal|p1a: Dondozo|362/362 slp|[silent]\n|\n|upkeep\n|turn|9\n|inactive|nanofan_lad has 120 seconds left.\n|\n|t:|1781458412\n|switch|p2a: Volcanion|Volcanion, L79|256/256\n|cant|p1a: Dondozo|slp\n|move|p1a: Dondozo|Sleep Talk|p1a: Dondozo\n|move|p1a: Dondozo|Wave Crash|p2a: Volcanion|[from] move: Sleep Talk\n|-immune|p2a: Volcanion|[from] ability: Water Absorb\n|\n|upkeep\n|turn|10\n|inactive|nanofan_lad has 120 seconds left.\n|\n|t:|1781458429\n|switch|p1a: Zamazenta|Zamazenta, L71|248/248\n|-damage|p1a: Zamazenta|233/248|[from] Stealth Rock\n|move|p2a: Volcanion|Steam Eruption|p1a: Zamazenta\n|-damage|p1a: Zamazenta|115/248\n|\n|upkeep\n|turn|11\n|inactive|nanofan_lad has 120 seconds left.\n|\n|t:|1781458437\n|move|p1a: Zamazenta|Stone Edge|p2a: Volcanion\n|-supereffective|p2a: Volcanion\n|-crit|p2a: Volcanion\n|-damage|p2a: Volcanion|32/256\n|move|p2a: Volcanion|Steam Eruption|p1a: Zamazenta\n|-damage|p1a: Zamazenta|0 fnt\n|faint|p1a: Zamazenta\n|\n|upkeep\n|inactive|nanofan_lad has 120 seconds left.\n|\n|t:|1781458445\n|switch|p1a: Chansey|Chansey, L85, F|564/564\n|-damage|p1a: Chansey|494/564|[from] Stealth Rock\n|turn|12\n|\n|t:|1781458458\n|switch|p2a: Reuniclus|Reuniclus, L88, M|337/337\n|move|p1a: Chansey|Stealth Rock|p2a: Reuniclus\n|-sidestart|p2: hello779|move: Stealth Rock\n|\n|upkeep\n|turn|13\n|\n|t:|1781458465\n|move|p1a: Chansey|Thunder Wave|p2a: Reuniclus\n|-status|p2a: Reuniclus|par\n|move|p2a: Reuniclus|Calm Mind|p2a: Reuniclus\n|-boost|p2a: Reuniclus|spa|1\n|-boost|p2a: Reuniclus|spd|1\n|\n|upkeep\n|turn|14\n|\n|t:|1781458473\n|switch|p1a: Meowscarada|Meowscarada, L78, M|247/247\n|-damage|p1a: Meowscarada|217/247|[from] Stealth Rock\n|cant|p2a: Reuniclus|par\n|\n|upkeep\n|turn|15\n|\n|t:|1781458480\n|move|p1a: Meowscarada|Knock Off|p2a: Reuniclus\n|-start|p1a: Meowscarada|typechange|Dark|[from] ability: Protean\n|-supereffective|p2a: Reuniclus\n|-damage|p2a: Reuniclus|69/337 par\n|-enditem|p2a: Reuniclus|Life Orb|[from] move: Knock Off|[of] p1a: Meowscarada\n|-damage|p1a: Meowscarada|193/247|[from] item: Life Orb\n|move|p2a: Reuniclus|Focus Blast|p1a: Meowscarada\n|-supereffective|p1a: Meowscarada\n|-damage|p1a: Meowscarada|0 fnt\n|faint|p1a: Meowscarada\n|\n|upkeep\n|\n|t:|1781458496\n|switch|p1a: Chansey|Chansey, L85, F|494/564\n|-damage|p1a: Chansey|424/564|[from] Stealth Rock\n|turn|16\n|\n|t:|1781458507\n|move|p1a: Chansey|Soft-Boiled|p1a: Chansey\n|-heal|p1a: Chansey|564/564\n|move|p2a: Reuniclus|Psyshock|p1a: Chansey\n|-damage|p1a: Chansey|194/564\n|\n|upkeep\n|turn|17\n|\n|t:|1781458512\n|move|p1a: Chansey|Seismic Toss|p2a: Reuniclus\n|-damage|p2a: Reuniclus|0 fnt\n|faint|p2a: Reuniclus\n|\n|upkeep\n|\n|t:|1781458521\n|switch|p2a: Oricorio|Oricorio-Sensu, L85, M|266/266\n|turn|18\n|\n|t:|1781458525\n|move|p2a: Oricorio|Quiver Dance|p2a: Oricorio\n|-boost|p2a: Oricorio|spa|1\n|-boost|p2a: Oricorio|spd|1\n|-boost|p2a: Oricorio|spe|1\n|move|p1a: Chansey|Thunder Wave|p2a: Oricorio\n|-status|p2a: Oricorio|par\n|\n|upkeep\n|turn|19\n|inactive|hello779 has 90 seconds left.\n|\n|t:|1781458540\n|move|p2a: Oricorio|Revelation Dance|p1a: Chansey\n|-immune|p1a: Chansey\n|move|p1a: Chansey|Soft-Boiled|p1a: Chansey\n|-heal|p1a: Chansey|476/564\n|\n|upkeep\n|turn|20\n|\n|t:|1781458544\n|switch|p1a: Dondozo|Dondozo, L78, F|362/362 slp\n|-damage|p1a: Dondozo|317/362 slp|[from] Stealth Rock\n|cant|p2a: Oricorio|par\n|\n|-heal|p1a: Dondozo|339/362 slp|[from] item: Leftovers\n|upkeep\n|turn|21\n|\n|t:|1781458558\n|switch|p2a: Volcanion|Volcanion, L79|32/256\n|cant|p1a: Dondozo|slp\n|\n|-heal|p1a: Dondozo|361/362 slp|[from] item: Leftovers\n|upkeep\n|turn|22\n|\n|t:|1781458566\n|switch|p1a: Chansey|Chansey, L85, F|476/564\n|-damage|p1a: Chansey|406/564|[from] Stealth Rock\n|move|p2a: Volcanion|Steam Eruption|p1a: Chansey\n|-damage|p1a: Chansey|337/564\n|\n|upkeep\n|turn|23\n|\n|t:|1781458582\n|switch|p2a: Oricorio|Oricorio-Sensu, L85, M|266/266 par\n|move|p1a: Chansey|Soft-Boiled|p1a: Chansey\n|-heal|p1a: Chansey|564/564\n|\n|upkeep\n|turn|24\n|\n|t:|1781458587\n|switch|p1a: Dondozo|Dondozo, L78, F|361/362 slp\n|-damage|p1a: Dondozo|316/362 slp|[from] Stealth Rock\n|move|p2a: Oricorio|Quiver Dance|p2a: Oricorio\n|-boost|p2a: Oricorio|spa|1\n|-boost|p2a: Oricorio|spd|1\n|-boost|p2a: Oricorio|spe|1\n|\n|-heal|p1a: Dondozo|338/362 slp|[from] item: Leftovers\n|upkeep\n|turn|25\n|\n|t:|1781458591\n|move|p2a: Oricorio|Hurricane|p1a: Dondozo\n|-crit|p1a: Dondozo\n|-damage|p1a: Dondozo|86/362 slp\n|-curestatus|p1a: Dondozo|slp|[msg]\n|move|p1a: Dondozo|Wave Crash|p2a: Oricorio\n|-damage|p2a: Oricorio|139/266 par\n|-damage|p1a: Dondozo|44/362|[from] Recoil\n|\n|-heal|p1a: Dondozo|66/362|[from] item: Leftovers\n|upkeep\n|turn|26\n|\n|t:|1781458599\n|move|p2a: Oricorio|Hurricane|p1a: Dondozo\n|-damage|p1a: Dondozo|0 fnt\n|faint|p1a: Dondozo\n|\n|upkeep\n|\n|t:|1781458608\n|switch|p1a: Raging Bolt|Raging Bolt, L78|323/323\n|-damage|p1a: Raging Bolt|283/323|[from] Stealth Rock\n|turn|27\n|inactive|nanofan_lad has 120 seconds left.\n|c|\u2606nanofan_lad|this bird crits like it got scope lens of something\n|\n|t:|1781458644\n|switch|p2a: Volcanion|Volcanion, L79|32/256\n|move|p1a: Raging Bolt|Volt Switch|p2a: Volcanion\n|-supereffective|p2a: Volcanion\n|-damage|p2a: Volcanion|0 fnt\n|faint|p2a: Volcanion\n|\n|t:|1781458658\n|-end|p1a: Raging Bolt|Protosynthesis|[silent]\n|switch|p1a: Registeel|Registeel, L81|262/262|[from] Volt Switch\n|-damage|p1a: Registeel|246/262|[from] Stealth Rock\n|\n|-heal|p1a: Registeel|262/262|[from] item: Leftovers\n|upkeep\n|\n|t:|1781458667\n|switch|p2a: Vivillon|Vivillon-Modern, L83, M|268/268\n|turn|28\n|inactive|nanofan_lad has 120 seconds left.\n|\n|t:|1781458672\n|move|p2a: Vivillon|Sleep Powder|p1a: Registeel\n|-status|p1a: Registeel|slp|[from] move: Sleep Powder\n|cant|p1a: Registeel|slp\n|\n|upkeep\n|turn|29\n|inactive|nanofan_lad has 120 seconds left.\n|\n|t:|1781458682\n|switch|p1a: Chansey|Chansey, L85, F|564/564\n|-damage|p1a: Chansey|494/564|[from] Stealth Rock\n|move|p2a: Vivillon|Quiver Dance|p2a: Vivillon\n|-boost|p2a: Vivillon|spa|1\n|-boost|p2a: Vivillon|spd|1\n|-boost|p2a: Vivillon|spe|1\n|\n|upkeep\n|turn|30\n|\n|t:|1781458691\n|move|p2a: Vivillon|Quiver Dance|p2a: Vivillon\n|-boost|p2a: Vivillon|spa|1\n|-boost|p2a: Vivillon|spd|1\n|-boost|p2a: Vivillon|spe|1\n|move|p1a: Chansey|Seismic Toss|p2a: Vivillon\n|-damage|p2a: Vivillon|183/268\n|\n|upkeep\n|turn|31\n|\n|t:|1781458699\n|move|p2a: Vivillon|Quiver Dance|p2a: Vivillon\n|-boost|p2a: Vivillon|spa|1\n|-boost|p2a: Vivillon|spd|1\n|-boost|p2a: Vivillon|spe|1\n|move|p1a: Chansey|Thunder Wave|p2a: Vivillon\n|-status|p2a: Vivillon|par\n|\n|upkeep\n|turn|32\n|\n|t:|1781458702\n|move|p2a: Vivillon|Hurricane|p1a: Chansey\n|-damage|p1a: Chansey|325/564\n|move|p1a: Chansey|Seismic Toss|p2a: Vivillon\n|-damage|p2a: Vivillon|98/268 par\n|\n|upkeep\n|turn|33\n|\n|t:|1781458707\n|move|p2a: Vivillon|Hurricane|p1a: Chansey\n|-damage|p1a: Chansey|178/564\n|move|p1a: Chansey|Soft-Boiled|p1a: Chansey\n|-heal|p1a: Chansey|460/564\n|\n|upkeep\n|turn|34\n|\n|t:|1781458709\n|move|p2a: Vivillon|Hurricane|p1a: Chansey\n|-damage|p1a: Chansey|315/564\n|move|p1a: Chansey|Seismic Toss|p2a: Vivillon\n|-damage|p2a: Vivillon|13/268 par\n|\n|upkeep\n|turn|35\n|\n|t:|1781458713\n|move|p2a: Vivillon|Hurricane|p1a: Chansey\n|-damage|p1a: Chansey|158/564\n|-start|p1a: Chansey|confusion\n|-activate|p1a: Chansey|confusion\n|move|p1a: Chansey|Soft-Boiled|p1a: Chansey\n|-heal|p1a: Chansey|440/564\n|\n|upkeep\n|turn|36\n|\n|t:|1781458717\n|move|p2a: Vivillon|Hurricane|p1a: Chansey\n|-crit|p1a: Chansey\n|-damage|p1a: Chansey|223/564\n|-end|p1a: Chansey|confusion\n|move|p1a: Chansey|Seismic Toss|p2a: Vivillon\n|-damage|p2a: Vivillon|0 fnt\n|faint|p2a: Vivillon\n|\n|upkeep\n|\n|t:|1781458718\n|switch|p2a: Oricorio|Oricorio-Sensu, L85, M|139/266 par\n|turn|37\n|\n|t:|1781458723\n|switch|p1a: Raging Bolt|Raging Bolt, L78|283/323\n|-damage|p1a: Raging Bolt|243/323|[from] Stealth Rock\n|move|p2a: Oricorio|Quiver Dance|p2a: Oricorio\n|-boost|p2a: Oricorio|spa|1\n|-boost|p2a: Oricorio|spd|1\n|-boost|p2a: Oricorio|spe|1\n|\n|upkeep\n|turn|38\n|\n|t:|1781458735\n|move|p1a: Raging Bolt|Discharge|p2a: Oricorio\n|-supereffective|p2a: Oricorio\n|-damage|p2a: Oricorio|0 fnt\n|faint|p2a: Oricorio\n|\n|upkeep\n|\n|t:|1781458736\n|switch|p2a: Sylveon|Sylveon, L85, F|300/300\n|-damage|p2a: Sylveon|263/300|[from] Stealth Rock\n|turn|39\n|\n|t:|1781458748\n|move|p1a: Raging Bolt|Volt Switch|p2a: Sylveon\n|-damage|p2a: Sylveon|203/300\n|\n|t:|1781458752\n|-end|p1a: Raging Bolt|Protosynthesis|[silent]\n|switch|p1a: Chansey|Chansey, L85, F|223/564|[from] Volt Switch\n|-damage|p1a: Chansey|153/564|[from] Stealth Rock\n|move|p2a: Sylveon|Calm Mind|p2a: Sylveon\n|-boost|p2a: Sylveon|spa|1\n|-boost|p2a: Sylveon|spd|1\n|\n|-heal|p2a: Sylveon|221/300|[from] item: Leftovers\n|upkeep\n|turn|40\n|\n|t:|1781458763\n|move|p2a: Sylveon|Hyper Voice|p1a: Chansey\n|-damage|p1a: Chansey|38/564\n|move|p1a: Chansey|Thunder Wave|p2a: Sylveon|[miss]\n|-miss|p1a: Chansey|p2a: Sylveon\n|\n|-heal|p2a: Sylveon|239/300|[from] item: Leftovers\n|upkeep\n|turn|41\n|\n|t:|1781458768\n|move|p2a: Sylveon|Hyper Voice|p1a: Chansey\n|-damage|p1a: Chansey|0 fnt\n|faint|p1a: Chansey\n|\n|-heal|p2a: Sylveon|257/300|[from] item: Leftovers\n|upkeep\n|\n|t:|1781458771\n|switch|p1a: Registeel|Registeel, L81|262/262 slp\n|-damage|p1a: Registeel|246/262 slp|[from] Stealth Rock\n|turn|42\n|\n|t:|1781458774\n|move|p2a: Sylveon|Calm Mind|p2a: Sylveon\n|-boost|p2a: Sylveon|spa|1\n|-boost|p2a: Sylveon|spd|1\n|cant|p1a: Registeel|slp\n|\n|-heal|p2a: Sylveon|275/300|[from] item: Leftovers\n|-heal|p1a: Registeel|262/262 slp|[from] item: Leftovers\n|upkeep\n|turn|43\n|\n|t:|1781458779\n|move|p2a: Sylveon|Calm Mind|p2a: Sylveon\n|-boost|p2a: Sylveon|spa|1\n|-boost|p2a: Sylveon|spd|1\n|-curestatus|p1a: Registeel|slp|[msg]\n|move|p1a: Registeel|Iron Head|p2a: Sylveon\n|-supereffective|p2a: Sylveon\n|-damage|p2a: Sylveon|111/300\n|\n|-heal|p2a: Sylveon|129/300|[from] item: Leftovers\n|upkeep\n|turn|44\n|\n|t:|1781458783\n|-terastallize|p2a: Sylveon|Steel\n|move|p2a: Sylveon|Hyper Voice|p1a: Registeel\n|-resisted|p1a: Registeel\n|-damage|p1a: Registeel|145/262\n|move|p1a: Registeel|Iron Head|p2a: Sylveon\n|-resisted|p2a: Sylveon\n|-damage|p2a: Sylveon|92/300\n|\n|-heal|p2a: Sylveon|110/300|[from] item: Leftovers\n|-heal|p1a: Registeel|161/262|[from] item: Leftovers\n|upkeep\n|turn|45\n|c|\u2606nanofan_lad|gg\n|\n|t:|1781458791\n|move|p2a: Sylveon|Hyper Voice|p1a: Registeel\n|-resisted|p1a: Registeel\n|-damage|p1a: Registeel|49/262\n|move|p1a: Registeel|Body Press|p2a: Sylveon\n|-supereffective|p2a: Sylveon\n|-damage|p2a: Sylveon|0 fnt\n|faint|p2a: Sylveon\n|\n|win|nanofan_lad\n", "inputlog": ">version a8376a258c1d4662feba110a92103f3664a72141\n>start {\"formatid\":\"gen9randombattle\",\"seed\":\"sodium,f0ae62a1484811c4e63a95f9c57cb07f\",\"rated\":\"Rated battle\"}\n>player p1 {\"name\":\"nanofan_lad\",\"avatar\":\"1\",\"rating\":1922,\"seed\":\"sodium,40ca9b8b07f4476dce93c4a8997d8618\"}\n>player p2 {\"name\":\"hello779\",\"avatar\":\"170\",\"rating\":1984,\"seed\":\"sodium,8c4c471fafab5fd1c340b049392875bf\"}\n>p1 move thunderwave\n>p2 switch 3\n>p1 switch 2\n>p2 move stealthrock\n>p1 move closecombat\n>p2 switch 4\n>p1 switch 5\n>p2 switch 4\n>p1 move voltswitch\n>p2 move stealthrock\n>p1 switch 5\n>p1 move closecombat\n>p2 move ironhead\n>p2 switch 4\n>p1 switch 6\n>p2 move revelationdance\n>p1 move rest\n>p2 move revelationdance\n>p1 move sleeptalk\n>p2 switch 5\n>p1 switch 6\n>p2 move steameruption\n>p1 move stoneedge\n>p2 move steameruption\n>p1 switch 2\n>p1 move stealthrock\n>p2 switch 2\n>p1 move thunderwave\n>p2 move calmmind\n>p1 switch 3\n>p2 move psyshock\n>p1 move knockoff\n>p2 move focusblast\n>p1 switch 3\n>p1 move softboiled\n>p2 move psyshock\n>p1 move seismictoss\n>p2 move psyshock\n>p2 switch 5\n>p1 move thunderwave\n>p2 move quiverdance\n>p1 move softboiled\n>p2 move revelationdance\n>p1 switch 6\n>p2 move quiverdance\n>p1 move curse\n>p2 switch 2\n>p1 switch 6\n>p2 move steameruption\n>p1 move softboiled\n>p2 switch 2\n>p1 switch 6\n>p2 move quiverdance\n>p1 move wavecrash\n>p2 move hurricane\n>p1 move rest\n>p2 move hurricane\n>p1 switch 5\n>chat \u2606nanofan_lad|this bird crits like it got scope lens of something\n>p1 move voltswitch\n>p2 switch 2\n>p1 switch 4\n>p2 switch 3\n>p1 move thunderwave\n>p2 move sleeppowder\n>p1 switch 6\n>p2 move quiverdance\n>p1 move seismictoss\n>p2 move quiverdance\n>p1 move thunderwave\n>p2 move quiverdance\n>p1 move seismictoss\n>p2 move hurricane\n>p1 move softboiled\n>p2 move hurricane\n>p1 move seismictoss\n>p2 move hurricane\n>p1 move softboiled\n>p2 move hurricane\n>p1 move seismictoss\n>p2 move hurricane\n>p2 switch 2\n>p1 switch 4\n>p2 move quiverdance\n>p1 move discharge\n>p2 move quiverdance\n>p2 switch 6\n>p1 move voltswitch\n>p2 move calmmind\n>p1 switch 4\n>p1 move thunderwave\n>p2 move hypervoice\n>p1 move thunderwave\n>p2 move hypervoice\n>p1 switch 6\n>p1 move ironhead\n>p2 move calmmind\n>p1 move ironhead\n>p2 move calmmind\n>p1 move ironhead\n>p2 move hypervoice terastallize\n>chat \u2606nanofan_lad|gg\n>p1 move bodypress\n>p2 move hypervoice", "uploadtime": 1781458116, "views": 6, "formatid": "gen9randombattle", "rating": null, "private": 0, "password": null}