{"id": "gen9randombattle-2631603171", "format": "[Gen 9] Random Battle", "players": ["atom boi", "copet setan"], "log": "|j|\u2606atom boi\n|j|\u2606copet setan\n|t:|1781407373\n|gametype|singles\n|player|p1|atom boi|red|1382\n|player|p2|copet setan|punkgirl-masters|1401\n|gen|9\n|tier|[Gen 9] Random Battle\n|rated|\n|rule|Species Clause: Limit one of each Pok\u00e9mon\n|rule|HP Percentage Mod: HP is shown in percentages\n|rule|Sleep Clause Mod: Limit one foe put to sleep\n|rule|Illusion Level Mod: Illusion disguises the Pok\u00e9mon's true level\n|\n|t:|1781407373\n|teamsize|p1|6\n|teamsize|p2|6\n|start\n|switch|p1a: Crawdaunt|Crawdaunt, L84, M|243/243\n|switch|p2a: Urshifu|Urshifu, L74, M|270/270\n|turn|1\n|inactive|Battle timer is ON: inactive players will automatically lose when time's up. (requested by atom boi)\n|inactive|copet setan has 120 seconds left.\n|\n|t:|1781407406\n|switch|p1a: Mandibuzz|Mandibuzz, L85, F|326/326\n|move|p2a: Urshifu|Close Combat|p1a: Mandibuzz\n|-damage|p1a: Mandibuzz|155/326\n|-unboost|p2a: Urshifu|def|1\n|-unboost|p2a: Urshifu|spd|1\n|\n|upkeep\n|turn|2\n|\n|t:|1781407422\n|move|p2a: Urshifu|Close Combat|p1a: Mandibuzz\n|-crit|p1a: Mandibuzz\n|-damage|p1a: Mandibuzz|0 fnt\n|-unboost|p2a: Urshifu|def|1\n|-unboost|p2a: Urshifu|spd|1\n|faint|p1a: Mandibuzz\n|\n|upkeep\n|\n|t:|1781407428\n|switch|p1a: Entei|Entei, L78|307/307\n|turn|3\n|\n|t:|1781407449\n|switch|p2a: Munkidori|Munkidori, L79, M|269/269\n|move|p1a: Entei|Extreme Speed|p2a: Munkidori\n|-damage|p2a: Munkidori|166/269\n|\n|upkeep\n|turn|4\n|\n|t:|1781407458\n|switch|p1a: Garchomp|Garchomp, L74, F|282/282\n|move|p2a: Munkidori|Fake Out|p1a: Garchomp\n|-damage|p1a: Garchomp|259/282\n|-damage|p2a: Munkidori|133/269|[from] ability: Rough Skin|[of] p1a: Garchomp\n|\n|upkeep\n|turn|5\n|inactive|copet setan has 120 seconds left.\n|\n|t:|1781407483\n|move|p2a: Munkidori|Psychic Noise|p1a: Garchomp\n|-damage|p1a: Garchomp|162/282\n|-start|p1a: Garchomp|move: Heal Block\n|-status|p1a: Garchomp|tox|[from] ability: Toxic Chain|[of] p2a: Munkidori\n|move|p1a: Garchomp|Swords Dance|p1a: Garchomp\n|-boost|p1a: Garchomp|atk|2\n|\n|-damage|p1a: Garchomp|145/282 tox|[from] psn\n|upkeep\n|turn|6\n|\n|t:|1781407492\n|move|p2a: Munkidori|Psychic Noise|p1a: Garchomp\n|-damage|p1a: Garchomp|43/282 tox\n|move|p1a: Garchomp|Earthquake|p2a: Munkidori\n|-supereffective|p2a: Munkidori\n|-damage|p2a: Munkidori|0 fnt\n|faint|p2a: Munkidori\n|\n|-damage|p1a: Garchomp|9/282 tox|[from] psn\n|-end|p1a: Garchomp|move: Heal Block\n|upkeep\n|inactive|copet setan has 120 seconds left.\n|\n|t:|1781407507\n|switch|p2a: Raichu|Raichu-Alola, L87, F|246/246\n|turn|7\n|\n|t:|1781407511\n|move|p2a: Raichu|Psychic|p1a: Garchomp\n|-damage|p1a: Garchomp|0 fnt\n|faint|p1a: Garchomp\n|\n|upkeep\n|\n|t:|1781407516\n|switch|p1a: Volcarona|Volcarona, L77, M|257/257\n|turn|8\n|\n|t:|1781407521\n|move|p2a: Raichu|Psychic|p1a: Volcarona\n|-damage|p1a: Volcarona|103/257\n|move|p1a: Volcarona|Quiver Dance|p1a: Volcarona\n|-boost|p1a: Volcarona|spa|1\n|-boost|p1a: Volcarona|spd|1\n|-boost|p1a: Volcarona|spe|1\n|\n|upkeep\n|turn|9\n|\n|t:|1781407538\n|move|p1a: Volcarona|Quiver Dance|p1a: Volcarona\n|-boost|p1a: Volcarona|spa|1\n|-boost|p1a: Volcarona|spd|1\n|-boost|p1a: Volcarona|spe|1\n|move|p2a: Raichu|Psychic|p1a: Volcarona\n|-damage|p1a: Volcarona|27/257\n|\n|upkeep\n|turn|10\n|\n|t:|1781407547\n|move|p1a: Volcarona|Giga Drain|p2a: Raichu\n|-damage|p2a: Raichu|127/246\n|-heal|p1a: Volcarona|87/257|[from] drain|[of] p2a: Raichu\n|move|p2a: Raichu|Psychic|p1a: Volcarona\n|-damage|p1a: Volcarona|21/257\n|\n|upkeep\n|turn|11\n|\n|t:|1781407555\n|move|p1a: Volcarona|Giga Drain|p2a: Raichu\n|-damage|p2a: Raichu|12/246\n|-heal|p1a: Volcarona|79/257|[from] drain|[of] p2a: Raichu\n|move|p2a: Raichu|Psychic|p1a: Volcarona\n|-damage|p1a: Volcarona|12/257\n|\n|upkeep\n|turn|12\n|\n|t:|1781407562\n|move|p1a: Volcarona|Giga Drain|p2a: Raichu\n|-damage|p2a: Raichu|0 fnt\n|-heal|p1a: Volcarona|18/257|[from] drain|[of] p2a: Raichu\n|faint|p2a: Raichu\n|\n|upkeep\n|\n|t:|1781407564\n|switch|p2a: Urshifu|Urshifu, L74, M|270/270\n|turn|13\n|\n|t:|1781407572\n|move|p2a: Urshifu|Sucker Punch|p1a: Volcarona\n|-damage|p1a: Volcarona|0 fnt\n|-status|p2a: Urshifu|brn|[from] ability: Flame Body|[of] p1a: Volcarona\n|faint|p1a: Volcarona\n|\n|-damage|p2a: Urshifu|254/270 brn|[from] brn\n|upkeep\n|\n|t:|1781407578\n|switch|p1a: Crawdaunt|Crawdaunt, L84, M|243/243\n|turn|14\n|\n|t:|1781407584\n|switch|p2a: Vespiquen|Vespiquen, L99, F|299/299\n|-ability|p2a: Vespiquen|Pressure\n|move|p1a: Crawdaunt|Dragon Dance|p1a: Crawdaunt\n|-boost|p1a: Crawdaunt|atk|1\n|-boost|p1a: Crawdaunt|spe|1\n|\n|upkeep\n|turn|15\n|\n|t:|1781407591\n|move|p1a: Crawdaunt|Crabhammer|p2a: Vespiquen\n|-damage|p2a: Vespiquen|44/299\n|-damage|p1a: Crawdaunt|219/243|[from] item: Life Orb\n|move|p2a: Vespiquen|Hurricane|p1a: Crawdaunt\n|-damage|p1a: Crawdaunt|33/243\n|\n|upkeep\n|turn|16\n|\n|t:|1781407602\n|move|p1a: Crawdaunt|Aqua Jet|p2a: Vespiquen\n|-damage|p2a: Vespiquen|0 fnt\n|faint|p2a: Vespiquen\n|-damage|p1a: Crawdaunt|9/243|[from] item: Life Orb\n|\n|upkeep\n|\n|t:|1781407622\n|switch|p2a: Greninja|Greninja, L80, M|246/246\n|turn|17\n|\n|t:|1781407638\n|move|p2a: Greninja|Dark Pulse|p1a: Crawdaunt\n|-resisted|p1a: Crawdaunt\n|-damage|p1a: Crawdaunt|0 fnt\n|faint|p1a: Crawdaunt\n|-ability|p2a: Greninja|Battle Bond|boost\n|-boost|p2a: Greninja|atk|1\n|-boost|p2a: Greninja|spa|1\n|-boost|p2a: Greninja|spe|1\n|-activate|p2a: Greninja|ability: Battle Bond\n|-damage|p2a: Greninja|222/246|[from] item: Life Orb\n|\n|upkeep\n|\n|t:|1781407648\n|switch|p1a: Meowstic|Meowstic-F, L89, F|277/277\n|turn|18\n|\n|t:|1781407652\n|-terastallize|p1a: Meowstic|Fairy\n|move|p2a: Greninja|Dark Pulse|p1a: Meowstic\n|-resisted|p1a: Meowstic\n|-damage|p1a: Meowstic|200/277\n|-damage|p2a: Greninja|198/246|[from] item: Life Orb\n|move|p1a: Meowstic|Alluring Voice|p2a: Greninja\n|-supereffective|p2a: Greninja\n|-damage|p2a: Greninja|0 fnt\n|faint|p2a: Greninja\n|-damage|p1a: Meowstic|173/277|[from] item: Life Orb\n|\n|upkeep\n|\n|t:|1781407657\n|switch|p2a: Beartic|Beartic, L91, M|321/321\n|turn|19\n|\n|t:|1781407667\n|move|p1a: Meowstic|Nasty Plot|p1a: Meowstic\n|-boost|p1a: Meowstic|spa|2\n|move|p2a: Beartic|Icicle Crash|p1a: Meowstic\n|-damage|p1a: Meowstic|32/277\n|\n|upkeep\n|turn|20\n|\n|t:|1781407675\n|move|p1a: Meowstic|Psychic|p2a: Beartic\n|-damage|p2a: Beartic|91/321\n|-damage|p1a: Meowstic|5/277|[from] item: Life Orb\n|move|p2a: Beartic|Earthquake|p1a: Meowstic\n|-damage|p1a: Meowstic|0 fnt\n|faint|p1a: Meowstic\n|\n|upkeep\n|\n|t:|1781407677\n|switch|p1a: Entei|Entei, L78|307/307\n|turn|21\n|\n|t:|1781407682\n|move|p1a: Entei|Sacred Fire|p2a: Beartic\n|-supereffective|p2a: Beartic\n|-damage|p2a: Beartic|0 fnt\n|faint|p2a: Beartic\n|\n|upkeep\n|\n|t:|1781407698\n|switch|p2a: Urshifu|Urshifu, L74, M|254/270 brn\n|turn|22\n|\n|t:|1781407709\n|move|p1a: Entei|Sacred Fire|p2a: Urshifu\n|-damage|p2a: Urshifu|100/270 brn\n|move|p2a: Urshifu|Wicked Blow|p1a: Entei\n|-crit|p1a: Entei\n|-damage|p1a: Entei|210/307\n|\n|-damage|p2a: Urshifu|84/270 brn|[from] brn\n|upkeep\n|turn|23\n|\n|t:|1781407714\n|move|p1a: Entei|Sacred Fire|p2a: Urshifu\n|-damage|p2a: Urshifu|0 fnt\n|faint|p2a: Urshifu\n|\n|win|atom boi\n|raw|atom boi's rating: 1382 &rarr; <strong>1403</strong><br />(+21 for winning)\n|raw|copet setan's rating: 1401 &rarr; <strong>1380</strong><br />(-21 for losing)\n|l|\u2606copet setan\n|player|p2|\n", "inputlog": ">version a8376a258c1d4662feba110a92103f3664a72141\n>start {\"formatid\":\"gen9randombattle\",\"seed\":\"sodium,38902f277e8c867f0bd62cb2889ed942\",\"rated\":\"Rated battle\"}\n>player p1 {\"name\":\"atom boi\",\"avatar\":\"red\",\"rating\":1382,\"seed\":\"sodium,31a4271da69c49012a9f92b667c711a3\"}\n>player p2 {\"name\":\"copet setan\",\"avatar\":\"punkgirl-masters\",\"rating\":1401,\"seed\":\"sodium,74e82498d3ec28b227d3ce8e9fb6e5ab\"}\n>p1 switch 3\n>p2 move closecombat\n>p1 move uturn\n>p2 move closecombat\n>p1 switch 6\n>p1 move extremespeed\n>p2 switch 6\n>p1 switch 4\n>p2 move fakeout\n>p1 move swordsdance\n>p2 move psychicnoise\n>p1 move earthquake\n>p2 move psychicnoise\n>p2 switch 3\n>p1 move scaleshot\n>p2 move psychic\n>p1 switch 5\n>p1 move quiverdance\n>p2 move psychic\n>p1 move quiverdance\n>p2 move psychic\n>p1 move gigadrain\n>p2 move psychic\n>p1 move gigadrain\n>p2 move psychic\n>p1 move gigadrain\n>p2 move psychic\n>p2 switch 6\n>p1 move gigadrain\n>p2 move suckerpunch\n>p1 switch 3\n>p1 move dragondance\n>p2 switch 4\n>p1 move crabhammer\n>p2 move hurricane\n>p1 move aquajet\n>p2 move spikes\n>p2 switch 5\n>p1 move crabhammer\n>p2 move darkpulse\n>p1 switch 2\n>p1 move alluringvoice terastallize\n>p2 move darkpulse\n>p2 switch 2\n>p1 move nastyplot\n>p2 move iciclecrash\n>p1 move psychic\n>p2 move earthquake\n>p1 switch 4\n>p1 move sacredfire\n>p2 move earthquake\n>p2 switch 4\n>p1 move sacredfire\n>p2 move wickedblow\n>p1 move sacredfire\n>p2 move wickedblow", "uploadtime": 1781407723, "views": 6, "formatid": "gen9randombattle", "rating": 1380, "private": 0, "password": null}