{"id": "gen9randombattle-2631795360", "format": "[Gen 9] Random Battle", "players": ["Lachrymose", "mundigsters"], "log": "|j|\u203dLachrymose\n|j|\u2606mundigsters\n|t:|1781440822\n|gametype|singles\n|player|p1|Lachrymose|169|2052\n|player|p2|mundigsters|2|1987\n|gen|9\n|tier|[Gen 9] Random Battle\n|rated|\n|rule|Species Clause: Limit one of each Pok\u00e9mon\n|rule|HP Percentage Mod: HP is shown in percentages\n|rule|Sleep Clause Mod: Limit one foe put to sleep\n|rule|Illusion Level Mod: Illusion disguises the Pok\u00e9mon's true level\n|\n|t:|1781440822\n|teamsize|p1|6\n|teamsize|p2|6\n|start\n|switch|p1a: Haxorus|Haxorus, L77, M|244/244\n|switch|p2a: Luxray|Luxray, L88, M|284/284\n|-ability|p1a: Haxorus|Mold Breaker\n|-ability|p2a: Luxray|Intimidate|boost\n|-unboost|p1a: Haxorus|atk|1\n|turn|1\n|inactive|Battle timer is ON: inactive players will automatically lose when time's up. (requested by mundigsters)\n|\n|t:|1781440836\n|switch|p1a: Mightyena|Mightyena, L96, F|290/290\n|-ability|p1a: Mightyena|Intimidate|boost\n|-unboost|p2a: Luxray|atk|1\n|move|p2a: Luxray|Play Rough|p1a: Mightyena|[miss]\n|-miss|p2a: Luxray|p1a: Mightyena\n|\n|upkeep\n|turn|2\n|\n|t:|1781440850\n|switch|p2a: Passimian|Passimian, L83, F|302/302\n|move|p1a: Mightyena|Super Fang|p2a: Passimian\n|-damage|p2a: Passimian|151/302\n|\n|upkeep\n|turn|3\n|\n|t:|1781440859\n|switch|p1a: Annihilape|Annihilape, L76, F|292/292\n|move|p2a: Passimian|U-turn|p1a: Annihilape\n|-resisted|p1a: Annihilape\n|-damage|p1a: Annihilape|274/292\n|\n|t:|1781440866\n|switch|p2a: Quagsire|Quagsire, L84, M|297/297|[from] U-turn\n|\n|upkeep\n|turn|4\n|\n|t:|1781440883\n|switch|p1a: Mightyena|Mightyena, L96, F|290/290\n|-ability|p1a: Mightyena|Intimidate|boost\n|-unboost|p2a: Quagsire|atk|1\n|move|p2a: Quagsire|Spikes|p1a: Mightyena\n|-sidestart|p1: Lachrymose|Spikes\n|\n|upkeep\n|turn|5\n|\n|t:|1781440888\n|move|p1a: Mightyena|Poison Fang|p2a: Quagsire\n|-resisted|p2a: Quagsire\n|-damage|p2a: Quagsire|276/297\n|move|p2a: Quagsire|Toxic|p1a: Mightyena\n|-status|p1a: Mightyena|tox\n|\n|-heal|p2a: Quagsire|294/297|[from] item: Leftovers\n|-damage|p1a: Mightyena|272/290 tox|[from] psn\n|upkeep\n|turn|6\n|\n|t:|1781440893\n|switch|p2a: Revavroom|Revavroom, L79, M|256/256\n|move|p1a: Mightyena|Poison Fang|p2a: Revavroom\n|-immune|p2a: Revavroom\n|\n|-damage|p1a: Mightyena|236/290 tox|[from] psn\n|upkeep\n|turn|7\n|\n|t:|1781440907\n|move|p1a: Mightyena|Super Fang|p2a: Revavroom\n|-damage|p2a: Revavroom|128/256\n|move|p2a: Revavroom|Shift Gear|p2a: Revavroom\n|-boost|p2a: Revavroom|spe|2\n|-boost|p2a: Revavroom|atk|1\n|\n|-damage|p1a: Mightyena|182/290 tox|[from] psn\n|upkeep\n|turn|8\n|\n|t:|1781440912\n|move|p2a: Revavroom|Iron Head|p1a: Mightyena\n|-damage|p1a: Mightyena|0 fnt\n|faint|p1a: Mightyena\n|-damage|p2a: Revavroom|103/256|[from] item: Life Orb\n|\n|upkeep\n|inactive|Lachrymose has 120 seconds left.\n|\n|t:|1781440945\n|switch|p1a: Haxorus|Haxorus, L77, M|244/244\n|-damage|p1a: Haxorus|214/244|[from] Spikes\n|-ability|p1a: Haxorus|Mold Breaker\n|turn|9\n|\n|t:|1781440949\n|move|p2a: Revavroom|Gunk Shot|p1a: Haxorus\n|-damage|p1a: Haxorus|0 fnt\n|faint|p1a: Haxorus\n|-damage|p2a: Revavroom|78/256|[from] item: Life Orb\n|\n|upkeep\n|\n|t:|1781440958\n|switch|p1a: Annihilape|Annihilape, L76, F|274/292\n|-damage|p1a: Annihilape|238/292|[from] Spikes\n|turn|10\n|\n|t:|1781440965\n|-terastallize|p1a: Annihilape|Steel\n|move|p2a: Revavroom|Iron Head|p1a: Annihilape\n|-resisted|p1a: Annihilape\n|-damage|p1a: Annihilape|133/292\n|-damage|p2a: Revavroom|53/256|[from] item: Life Orb\n|move|p1a: Annihilape|Drain Punch|p2a: Revavroom\n|-damage|p2a: Revavroom|0 fnt\n|-heal|p1a: Annihilape|160/292|[from] drain|[of] p2a: Revavroom\n|faint|p2a: Revavroom\n|\n|upkeep\n|\n|t:|1781440977\n|switch|p2a: Passimian|Passimian, L83, F|151/302\n|turn|11\n|\n|t:|1781440983\n|switch|p1a: Oricorio|Oricorio-Pa'u, L87, M|272/272\n|move|p2a: Passimian|Close Combat|p1a: Oricorio\n|-resisted|p1a: Oricorio\n|-damage|p1a: Oricorio|230/272\n|-unboost|p2a: Passimian|def|1\n|-unboost|p2a: Passimian|spd|1\n|\n|upkeep\n|turn|12\n|\n|t:|1781440998\n|switch|p2a: Regieleki|Regieleki, L79|256/256\n|switch|p1a: Cinderace|Cinderace, L77, M|249/249\n|\n|upkeep\n|turn|13\n|\n|t:|1781441004\n|move|p2a: Regieleki|Volt Switch|p1a: Cinderace\n|-damage|p1a: Cinderace|116/249\n|\n|t:|1781441008\n|switch|p2a: Quagsire|Quagsire, L84, M|294/297|[from] Volt Switch\n|move|p1a: Cinderace|Court Change|p1a: Cinderace\n|-start|p1a: Cinderace|typechange|Normal|[from] ability: Libero\n|-swapsideconditions\n|-activate|p1a: Cinderace|move: Court Change\n|\n|-heal|p2a: Quagsire|297/297|[from] item: Leftovers\n|upkeep\n|turn|14\n|\n|t:|1781441019\n|move|p1a: Cinderace|U-turn|p2a: Quagsire\n|-damage|p2a: Quagsire|252/297\n|\n|t:|1781441024\n|switch|p1a: Annihilape|Annihilape, L76, F, tera:Steel|160/292|[from] U-turn\n|move|p2a: Quagsire|Earthquake|p1a: Annihilape\n|-supereffective|p1a: Annihilape\n|-damage|p1a: Annihilape|0 fnt\n|faint|p1a: Annihilape\n|\n|-heal|p2a: Quagsire|270/297|[from] item: Leftovers\n|upkeep\n|-message|Lachrymose forfeited.\n|\n|win|mundigsters\n", "inputlog": ">version a8376a258c1d4662feba110a92103f3664a72141\n>start {\"formatid\":\"gen9randombattle\",\"seed\":\"sodium,0dfe9e930155b058669a5cc5c72e38ff\",\"rated\":\"Rated battle\"}\n>player p1 {\"name\":\"Lachrymose\",\"avatar\":\"169\",\"rating\":2052,\"seed\":\"sodium,dacce1f906df744a5b50721c6255626a\"}\n>player p2 {\"name\":\"mundigsters\",\"avatar\":\"2\",\"rating\":1987,\"seed\":\"sodium,7582608740336d3048010f16752448b7\"}\n>p1 switch 6\n>p2 move playrough\n>p1 move superfang\n>p2 switch 6\n>p1 switch 4\n>p2 move uturn\n>p2 switch 4\n>p1 switch 4\n>p2 move spikes\n>p1 move poisonfang\n>p2 move toxic\n>p1 move poisonfang\n>p2 switch 3\n>p1 move superfang\n>p2 move shiftgear\n>p1 move superfang\n>p2 move ironhead\n>p1 switch 6\n>p1 move earthquake\n>p2 move gunkshot\n>p1 switch 4\n>p1 move drainpunch terastallize\n>p2 move ironhead\n>p2 switch 4\n>p1 switch 3\n>p2 move closecombat\n>p1 switch 5\n>p2 switch 2\n>p1 move courtchange\n>p2 move voltswitch\n>p2 switch 3\n>p1 move uturn\n>p2 move earthquake\n>p1 switch 3\n>forcelose p1", "uploadtime": 1781440824, "views": 8, "formatid": "gen9randombattle", "rating": null, "private": 0, "password": null}