{"id": "gen9randombattle-2631952423", "format": "[Gen 9] Random Battle", "players": ["zeropepsi", "scampy789"], "log": "|j|\u2606zeropepsi\n|j|\u2606scampy789\n|t:|1781459287\n|gametype|singles\n|player|p1|zeropepsi|hilbert|1993\n|player|p2|scampy789|170|2035\n|gen|9\n|tier|[Gen 9] Random Battle\n|rated|\n|rule|Species Clause: Limit one of each Pok\u00e9mon\n|rule|HP Percentage Mod: HP is shown in percentages\n|rule|Sleep Clause Mod: Limit one foe put to sleep\n|rule|Illusion Level Mod: Illusion disguises the Pok\u00e9mon's true level\n|\n|t:|1781459287\n|teamsize|p1|6\n|teamsize|p2|6\n|start\n|switch|p1a: Rotom|Rotom, L88|231/231\n|switch|p2a: Revavroom|Revavroom, L79, M|256/256\n|turn|1\n|inactive|Battle timer is ON: inactive players will automatically lose when time's up. (requested by scampy789)\n|\n|t:|1781459301\n|switch|p2a: Komala|Komala, L88, M|258/258\n|-ability|p2a: Komala|Comatose\n|move|p1a: Rotom|Will-O-Wisp|p2a: Komala\n|-immune|p2a: Komala|[from] ability: Comatose\n|\n|upkeep\n|turn|2\n|\n|t:|1781459314\n|switch|p1a: Hippowdon|Hippowdon, L82, M|311/311\n|-weather|Sandstorm|[from] ability: Sand Stream|[of] p1a: Hippowdon\n|move|p2a: Komala|Knock Off|p1a: Hippowdon\n|-damage|p1a: Hippowdon|242/311\n|-enditem|p1a: Hippowdon|Leftovers|[from] move: Knock Off|[of] p2a: Komala\n|\n|-weather|Sandstorm|[upkeep]\n|-damage|p2a: Komala|242/258|[from] Sandstorm\n|upkeep\n|turn|3\n|\n|t:|1781459326\n|switch|p2a: Espeon|Espeon, L84, F|246/246\n|move|p1a: Hippowdon|Stealth Rock|p2a: Espeon\n|move|p2a: Espeon|Stealth Rock|p1a: Hippowdon|[from] ability: Magic Bounce\n|-sidestart|p1: zeropepsi|move: Stealth Rock\n|\n|-weather|Sandstorm|[upkeep]\n|-damage|p2a: Espeon|231/246|[from] Sandstorm\n|upkeep\n|turn|4\n|\n|t:|1781459338\n|move|p2a: Espeon|Psychic|p1a: Hippowdon\n|-damage|p1a: Hippowdon|59/311\n|-damage|p2a: Espeon|207/246|[from] item: Life Orb\n|move|p1a: Hippowdon|Earthquake|p2a: Espeon\n|-damage|p2a: Espeon|56/246\n|\n|-weather|Sandstorm|[upkeep]\n|-damage|p2a: Espeon|41/246|[from] Sandstorm\n|upkeep\n|turn|5\n|\n|t:|1781459350\n|move|p2a: Espeon|Psychic|p1a: Hippowdon\n|-damage|p1a: Hippowdon|0 fnt\n|faint|p1a: Hippowdon\n|-damage|p2a: Espeon|17/246|[from] item: Life Orb\n|\n|-weather|Sandstorm|[upkeep]\n|-damage|p2a: Espeon|2/246|[from] Sandstorm\n|upkeep\n|\n|t:|1781459359\n|switch|p1a: Talonflame|Talonflame, L83, F|265/265\n|turn|6\n|\n|t:|1781459389\n|move|p1a: Talonflame|Brave Bird|p2a: Espeon\n|-damage|p2a: Espeon|0 fnt\n|faint|p2a: Espeon\n|-damage|p1a: Talonflame|264/265|[from] Recoil\n|\n|-weather|none\n|upkeep\n|inactive|scampy789 has 120 seconds left.\n|\n|t:|1781459399\n|switch|p2a: Greninja|Greninja, L80, M|246/246\n|turn|7\n|\n|t:|1781459408\n|switch|p1a: Gothitelle|Gothitelle, L90, F|272/272\n|-damage|p1a: Gothitelle|238/272|[from] Stealth Rock\n|move|p2a: Greninja|Hydro Pump|p1a: Gothitelle\n|-damage|p1a: Gothitelle|113/272\n|-damage|p2a: Greninja|222/246|[from] item: Life Orb\n|\n|-heal|p1a: Gothitelle|130/272|[from] item: Leftovers\n|upkeep\n|turn|8\n|\n|t:|1781459417\n|move|p2a: Greninja|Dark Pulse|p1a: Gothitelle\n|-supereffective|p1a: Gothitelle\n|-damage|p1a: Gothitelle|0 fnt\n|faint|p1a: Gothitelle\n|-ability|p2a: Greninja|Battle Bond|boost\n|-boost|p2a: Greninja|atk|1\n|-boost|p2a: Greninja|spa|1\n|-boost|p2a: Greninja|spe|1\n|-activate|p2a: Greninja|ability: Battle Bond\n|-damage|p2a: Greninja|198/246|[from] item: Life Orb\n|\n|upkeep\n|\n|t:|1781459425\n|switch|p1a: Zebstrika|Zebstrika, L87, M|272/272\n|-damage|p1a: Zebstrika|238/272|[from] Stealth Rock\n|turn|9\n|\n|t:|1781459440\n|move|p2a: Greninja|Dark Pulse|p1a: Zebstrika\n|-damage|p1a: Zebstrika|42/272\n|-damage|p2a: Greninja|174/246|[from] item: Life Orb\n|cant|p1a: Zebstrika|flinch\n|\n|upkeep\n|turn|10\n|-message|zeropepsi forfeited.\n|\n|win|scampy789\n", "inputlog": ">version a8376a258c1d4662feba110a92103f3664a72141\n>start {\"formatid\":\"gen9randombattle\",\"seed\":\"sodium,04565ae22fe18ea70f2ed2a5413def3d\",\"rated\":\"Rated battle\"}\n>player p1 {\"name\":\"zeropepsi\",\"avatar\":\"hilbert\",\"rating\":1993,\"seed\":\"sodium,90dbba05ae61102f7205866136302fc1\"}\n>player p2 {\"name\":\"scampy789\",\"avatar\":\"170\",\"rating\":2035,\"seed\":\"sodium,1a136b669352c631800c81e90677396f\"}\n>p1 move willowisp\n>p2 switch 6\n>p1 switch 6\n>p2 move knockoff\n>p1 move stealthrock\n>p2 switch 5\n>p1 move earthquake\n>p2 move psychic\n>p1 move earthquake\n>p2 move psychic\n>p1 switch 4\n>p1 move bravebird\n>p2 move psychic\n>p2 switch 4\n>p1 switch 3\n>p2 move hydropump\n>p1 move thunderbolt\n>p2 move darkpulse\n>p1 switch 5\n>p1 move highhorsepower\n>p2 move darkpulse\n>forcelose p1", "uploadtime": 1781459289, "views": 4, "formatid": "gen9randombattle", "rating": null, "private": 0, "password": null}