{"id": "gen9randombattle-2631410569", "format": "[Gen 9] Random Battle", "players": ["Ggstarmie", "BlueRay_04"], "log": "|j|\u2606Ggstarmie\n|j|\u2606BlueRay_04\n|t:|1781381324\n|gametype|singles\n|player|p1|Ggstarmie|266|2050\n|player|p2|BlueRay_04|bianca|2154\n|gen|9\n|tier|[Gen 9] Random Battle\n|rated|\n|rule|Species Clause: Limit one of each Pok\u00e9mon\n|rule|HP Percentage Mod: HP is shown in percentages\n|rule|Sleep Clause Mod: Limit one foe put to sleep\n|rule|Illusion Level Mod: Illusion disguises the Pok\u00e9mon's true level\n|\n|t:|1781381324\n|teamsize|p1|6\n|teamsize|p2|6\n|start\n|switch|p1a: Hydrapple|Hydrapple, L83, M|312/312\n|switch|p2a: Delibird|Delibird, F|252/252\n|turn|1\n|inactive|Battle timer is ON: inactive players will automatically lose when time's up. (requested by BlueRay_04)\n|inactive|Ggstarmie has 120 seconds left.\n|\n|t:|1781381358\n|switch|p1a: Gouging Fire|Gouging Fire, L74|277/277\n|move|p2a: Delibird|Ice Spinner|p1a: Gouging Fire\n|-damage|p1a: Gouging Fire|178/277\n|\n|upkeep\n|turn|2\n|\n|t:|1781381367\n|switch|p2a: Basculin|Basculin, L86, M|261/261\n|move|p1a: Gouging Fire|Heat Crash|p2a: Basculin\n|-resisted|p2a: Basculin\n|-damage|p2a: Basculin|188/261\n|\n|upkeep\n|turn|3\n|\n|t:|1781381374\n|-end|p1a: Gouging Fire|Protosynthesis|[silent]\n|switch|p1a: Hydrapple|Hydrapple, L83, M|312/312\n|move|p2a: Basculin|Flip Turn|p1a: Hydrapple\n|-resisted|p1a: Hydrapple\n|-damage|p1a: Hydrapple|285/312\n|\n|t:|1781381376\n|switch|p2a: Delibird|Delibird, F|252/252|[from] Flip Turn\n|\n|upkeep\n|turn|4\n|\n|t:|1781381384\n|switch|p1a: Gouging Fire|Gouging Fire, L74|178/277\n|move|p2a: Delibird|Ice Spinner|p1a: Gouging Fire\n|-damage|p1a: Gouging Fire|70/277\n|\n|upkeep\n|turn|5\n|\n|t:|1781381395\n|move|p2a: Delibird|Ice Spinner|p1a: Gouging Fire\n|-damage|p1a: Gouging Fire|0 fnt\n|faint|p1a: Gouging Fire\n|-end|p1a: Gouging Fire|Protosynthesis|[silent]\n|\n|upkeep\n|\n|t:|1781381396\n|switch|p1a: Comfey|Comfey, L85, M|225/225\n|turn|6\n|\n|t:|1781381411\n|switch|p2a: Gardevoir|Gardevoir, L83, M|249/249\n|-ability|p2a: Gardevoir|Triage|Trace|[from] ability: Trace|[of] p1a: Comfey\n|move|p1a: Comfey|Calm Mind|p1a: Comfey\n|-boost|p1a: Comfey|spa|1\n|-boost|p1a: Comfey|spd|1\n|\n|upkeep\n|turn|7\n|\n|t:|1781381430\n|move|p1a: Comfey|Draining Kiss|p2a: Gardevoir\n|-damage|p2a: Gardevoir|189/249\n|move|p2a: Gardevoir|Trick|p1a: Comfey\n|-activate|p2a: Gardevoir|move: Trick|[of] p1a: Comfey\n|-item|p1a: Comfey|Choice Scarf|[from] move: Trick\n|-item|p2a: Gardevoir|Leftovers|[from] move: Trick\n|\n|-heal|p2a: Gardevoir|204/249|[from] item: Leftovers\n|upkeep\n|turn|8\n|\n|t:|1781381435\n|move|p1a: Comfey|Draining Kiss|p2a: Gardevoir\n|-damage|p2a: Gardevoir|144/249\n|move|p2a: Gardevoir|Mystical Fire|p1a: Comfey\n|-damage|p1a: Comfey|186/225\n|-unboost|p1a: Comfey|spa|1\n|\n|-heal|p2a: Gardevoir|159/249|[from] item: Leftovers\n|upkeep\n|turn|9\n|\n|t:|1781381439\n|move|p1a: Comfey|Draining Kiss|p2a: Gardevoir\n|-damage|p2a: Gardevoir|117/249\n|-heal|p1a: Comfey|218/225|[from] drain|[of] p2a: Gardevoir\n|move|p2a: Gardevoir|Mystical Fire|p1a: Comfey\n|-damage|p1a: Comfey|180/225\n|-unboost|p1a: Comfey|spa|1\n|\n|-heal|p2a: Gardevoir|132/249|[from] item: Leftovers\n|upkeep\n|turn|10\n|\n|t:|1781381456\n|switch|p1a: Espeon|Espeon, L84, M|246/246\n|move|p2a: Gardevoir|Moonblast|p1a: Espeon\n|-damage|p1a: Espeon|141/246\n|\n|-heal|p2a: Gardevoir|147/249|[from] item: Leftovers\n|upkeep\n|turn|11\n|\n|t:|1781381467\n|move|p1a: Espeon|Shadow Ball|p2a: Gardevoir\n|-supereffective|p2a: Gardevoir\n|-damage|p2a: Gardevoir|0 fnt\n|faint|p2a: Gardevoir\n|\n|upkeep\n|\n|t:|1781381485\n|switch|p2a: Basculin|Basculin, L86, M|188/261\n|turn|12\n|\n|t:|1781381488\n|switch|p1a: Hydrapple|Hydrapple, L83, M|312/312\n|move|p2a: Basculin|Flip Turn|p1a: Hydrapple\n|-resisted|p1a: Hydrapple\n|-damage|p1a: Hydrapple|286/312\n|\n|t:|1781381492\n|switch|p2a: Delibird|Delibird, F|252/252|[from] Flip Turn\n|\n|upkeep\n|turn|13\n|\n|t:|1781381495\n|switch|p1a: Comfey|Comfey, L85, M|180/225\n|move|p2a: Delibird|Ice Spinner|p1a: Comfey\n|-damage|p1a: Comfey|60/225\n|\n|upkeep\n|turn|14\n|\n|t:|1781381501\n|move|p1a: Comfey|Draining Kiss|p2a: Delibird\n|-damage|p2a: Delibird|189/252\n|-heal|p1a: Comfey|107/225|[from] drain|[of] p2a: Delibird\n|move|p2a: Delibird|Ice Spinner|p1a: Comfey\n|-damage|p1a: Comfey|0 fnt\n|faint|p1a: Comfey\n|\n|upkeep\n|\n|t:|1781381511\n|switch|p1a: Espeon|Espeon, L84, M|141/246\n|turn|15\n|\n|t:|1781381521\n|switch|p2a: Dragonite|Dragonite, L74, F|257/257\n|move|p1a: Espeon|Psyshock|p2a: Dragonite\n|-damage|p2a: Dragonite|172/257\n|\n|upkeep\n|turn|16\n|\n|t:|1781381528\n|move|p1a: Espeon|Psyshock|p2a: Dragonite\n|-damage|p2a: Dragonite|9/257\n|move|p2a: Dragonite|Dragon Dance|p2a: Dragonite\n|-boost|p2a: Dragonite|atk|1\n|-boost|p2a: Dragonite|spe|1\n|\n|upkeep\n|turn|17\n|\n|t:|1781381549\n|move|p2a: Dragonite|Outrage|p1a: Espeon\n|-damage|p1a: Espeon|0 fnt\n|faint|p1a: Espeon\n|\n|upkeep\n|\n|t:|1781381552\n|switch|p1a: Iron Valiant|Iron Valiant, L78|244/244\n|turn|18\n|\n|t:|1781381556\n|move|p2a: Dragonite|Outrage|p1a: Iron Valiant|[from] lockedmove\n|-immune|p1a: Iron Valiant\n|move|p1a: Iron Valiant|Spirit Break|p2a: Dragonite\n|-supereffective|p2a: Dragonite\n|-damage|p2a: Dragonite|0 fnt\n|faint|p2a: Dragonite\n|-damage|p1a: Iron Valiant|220/244|[from] item: Life Orb\n|\n|upkeep\n|\n|t:|1781381581\n|switch|p2a: Iron Valiant|Iron Valiant, L78|244/244\n|turn|19\n|\n|t:|1781381597\n|move|p1a: Iron Valiant|Spirit Break|p2a: Iron Valiant\n|-supereffective|p2a: Iron Valiant\n|-damage|p2a: Iron Valiant|0 fnt\n|faint|p2a: Iron Valiant\n|-end|p2a: Iron Valiant|Quark Drive|[silent]\n|-damage|p1a: Iron Valiant|196/244|[from] item: Life Orb\n|\n|upkeep\n|\n|t:|1781381603\n|switch|p2a: Basculin|Basculin, L86, M|188/261\n|turn|20\n|\n|t:|1781381609\n|-end|p1a: Iron Valiant|Quark Drive|[silent]\n|switch|p1a: Hydrapple|Hydrapple, L83, M|312/312\n|move|p2a: Basculin|Wave Crash|p1a: Hydrapple\n|-resisted|p1a: Hydrapple\n|-damage|p1a: Hydrapple|259/312\n|-damage|p2a: Basculin|171/261|[from] Recoil\n|\n|upkeep\n|turn|21\n|\n|t:|1781381613\n|move|p2a: Basculin|Wave Crash|p1a: Hydrapple\n|-resisted|p1a: Hydrapple\n|-damage|p1a: Hydrapple|204/312\n|-damage|p2a: Basculin|153/261|[from] Recoil\n|move|p1a: Hydrapple|Fickle Beam|p2a: Basculin\n|-damage|p2a: Basculin|0 fnt\n|faint|p2a: Basculin\n|-damage|p1a: Hydrapple|173/312|[from] item: Life Orb\n|\n|upkeep\n|\n|t:|1781381623\n|switch|p2a: Delibird|Delibird, F|189/252\n|turn|22\n|\n|t:|1781381643\n|-terastallize|p1a: Hydrapple|Steel\n|move|p2a: Delibird|Ice Spinner|p1a: Hydrapple\n|-resisted|p1a: Hydrapple\n|-damage|p1a: Hydrapple|118/312\n|move|p1a: Hydrapple|Nasty Plot|p1a: Hydrapple\n|-boost|p1a: Hydrapple|spa|2\n|\n|upkeep\n|turn|23\n|\n|t:|1781381657\n|move|p2a: Delibird|Drill Run|p1a: Hydrapple\n|-supereffective|p1a: Hydrapple\n|-damage|p1a: Hydrapple|0 fnt\n|faint|p1a: Hydrapple\n|\n|upkeep\n|\n|t:|1781381660\n|switch|p1a: Tornadus|Tornadus-Therian, L79, M|254/254\n|turn|24\n|\n|t:|1781381665\n|move|p2a: Delibird|Ice Shard|p1a: Tornadus|[miss]\n|-miss|p2a: Delibird|p1a: Tornadus\n|move|p1a: Tornadus|Bleakwind Storm|p2a: Delibird\n|-damage|p2a: Delibird|0 fnt\n|faint|p2a: Delibird\n|\n|upkeep\n|\n|t:|1781381667\n|switch|p2a: Smeargle|Smeargle, L95, M|258/258\n|turn|25\n|\n|t:|1781381678\n|move|p1a: Tornadus|Bleakwind Storm|p2a: Smeargle|[miss]\n|-miss|p1a: Tornadus|p2a: Smeargle\n|move|p2a: Smeargle|Shell Smash|p2a: Smeargle\n|-unboost|p2a: Smeargle|def|1\n|-unboost|p2a: Smeargle|spd|1\n|-boost|p2a: Smeargle|atk|2\n|-boost|p2a: Smeargle|spa|2\n|-boost|p2a: Smeargle|spe|2\n|\n|upkeep\n|turn|26\n|\n|t:|1781381683\n|-terastallize|p2a: Smeargle|Normal\n|move|p2a: Smeargle|Population Bomb|p1a: Tornadus\n|-damage|p1a: Tornadus|200/254\n|-damage|p1a: Tornadus|148/254\n|-damage|p1a: Tornadus|100/254\n|-damage|p1a: Tornadus|52/254\n|-damage|p1a: Tornadus|6/254\n|-damage|p1a: Tornadus|0 fnt\n|faint|p1a: Tornadus\n|-hitcount|p1: Tornadus|6\n|\n|upkeep\n|\n|t:|1781381685\n|switch|p1a: Iron Valiant|Iron Valiant, L78|196/244\n|turn|27\n|\n|t:|1781381689\n|move|p2a: Smeargle|Population Bomb|p1a: Iron Valiant\n|-damage|p1a: Iron Valiant|152/244\n|-damage|p1a: Iron Valiant|110/244\n|-damage|p1a: Iron Valiant|62/244\n|-damage|p1a: Iron Valiant|16/244\n|-damage|p1a: Iron Valiant|0 fnt\n|faint|p1a: Iron Valiant\n|-end|p1a: Iron Valiant|Quark Drive|[silent]\n|-hitcount|p1: Iron Valiant|5\n|\n|win|BlueRay_04\n", "inputlog": ">version a8376a258c1d4662feba110a92103f3664a72141\n>start {\"formatid\":\"gen9randombattle\",\"seed\":\"sodium,0fb812cd618989b254f08a7429a3a09b\",\"rated\":\"Rated battle\"}\n>player p1 {\"name\":\"Ggstarmie\",\"avatar\":\"266\",\"rating\":2050,\"seed\":\"sodium,80c282f08a52b97e1a3d1e3269acb4ed\"}\n>player p2 {\"name\":\"BlueRay_04\",\"avatar\":\"bianca\",\"rating\":2154,\"seed\":\"sodium,0d386ea7410fa412af2eefea0bb63c05\"}\n>p1 switch 6\n>p2 move icespinner\n>p1 move heatcrash\n>p2 switch 4\n>p1 switch 6\n>p2 move flipturn\n>p2 switch 4\n>p1 switch 6\n>p2 move icespinner\n>p1 move heatcrash\n>p2 move icespinner\n>p1 switch 5\n>p1 move calmmind\n>p2 switch 3\n>p1 move drainingkiss\n>p2 move trick\n>p1 move drainingkiss\n>p2 move mysticalfire\n>p1 move drainingkiss\n>p2 move mysticalfire\n>p1 switch 2\n>p2 move moonblast\n>p1 move shadowball\n>p2 move mysticalfire\n>p2 switch 4\n>p1 switch 6\n>p2 move flipturn\n>p2 switch 3\n>p1 switch 2\n>p2 move icespinner\n>p1 move drainingkiss\n>p2 move icespinner\n>p1 switch 6\n>p1 move psyshock\n>p2 switch 5\n>p1 move psyshock\n>p2 move dragondance\n>p1 move psyshock\n>p2 move outrage\n>p1 switch 3\n>p1 move spiritbreak\n>p2 move outrage\n>p2 switch 2\n>p1 move spiritbreak\n>p2 move moonblast\n>p2 switch 3\n>p1 switch 2\n>p2 move wavecrash\n>p1 move ficklebeam\n>p2 move wavecrash\n>p2 switch 5\n>p1 move nastyplot terastallize\n>p2 move icespinner\n>p1 move gigadrain\n>p2 move drillrun\n>p1 switch 4\n>p1 move bleakwindstorm\n>p2 move iceshard\n>p2 switch 6\n>p1 move bleakwindstorm\n>p2 move shellsmash\n>p1 move bleakwindstorm\n>p2 move populationbomb terastallize\n>p1 switch 2\n>p1 move closecombat\n>p2 move populationbomb", "uploadtime": 1781381326, "views": 13, "formatid": "gen9randombattle", "rating": null, "private": 0, "password": null}