{"id": "gen9randombattle-2631461979", "format": "[Gen 9] Random Battle", "players": ["Aquapower", "plazzap"], "log": "|j|\u203dAquapower\n|j|\u2606plazzap\n|t:|1781387624\n|gametype|singles\n|player|p1|Aquapower|102|1917\n|player|p2|plazzap|chuck|1905\n|gen|9\n|tier|[Gen 9] Random Battle\n|rated|\n|rule|Species Clause: Limit one of each Pok\u00e9mon\n|rule|HP Percentage Mod: HP is shown in percentages\n|rule|Sleep Clause Mod: Limit one foe put to sleep\n|rule|Illusion Level Mod: Illusion disguises the Pok\u00e9mon's true level\n|\n|t:|1781387624\n|teamsize|p1|6\n|teamsize|p2|6\n|start\n|switch|p1a: Florges|Florges-Orange, L85, F|271/271\n|switch|p2a: Sawsbuck|Sawsbuck-Summer, L88, F|284/284\n|turn|1\n|inactive|Battle timer is ON: inactive players will automatically lose when time's up. (requested by Aquapower)\n|\n|t:|1781387658\n|switch|p2a: Rhydon|Rhydon, L85, M|317/317\n|move|p1a: Florges|Moonblast|p2a: Rhydon\n|-damage|p2a: Rhydon|191/317\n|\n|upkeep\n|turn|2\n|\n|t:|1781387669\n|move|p1a: Florges|Calm Mind|p1a: Florges\n|-boost|p1a: Florges|spa|1\n|-boost|p1a: Florges|spd|1\n|move|p2a: Rhydon|Earthquake|p1a: Florges\n|-crit|p1a: Florges\n|-damage|p1a: Florges|37/271\n|\n|-heal|p1a: Florges|53/271|[from] item: Leftovers\n|upkeep\n|turn|3\n|\n|t:|1781387681\n|move|p1a: Florges|Synthesis|p1a: Florges\n|-heal|p1a: Florges|188/271\n|move|p2a: Rhydon|Earthquake|p1a: Florges\n|-damage|p1a: Florges|29/271\n|\n|-heal|p1a: Florges|45/271|[from] item: Leftovers\n|upkeep\n|turn|4\n|\n|t:|1781387687\n|move|p1a: Florges|Moonblast|p2a: Rhydon\n|-damage|p2a: Rhydon|14/317\n|move|p2a: Rhydon|Earthquake|p1a: Florges\n|-damage|p1a: Florges|0 fnt\n|faint|p1a: Florges\n|\n|upkeep\n|\n|t:|1781387701\n|switch|p1a: Exeggutor|Exeggutor, L89, F|312/312\n|turn|5\n|\n|t:|1781387705\n|move|p1a: Exeggutor|Psychic|p2a: Rhydon\n|-damage|p2a: Rhydon|0 fnt\n|faint|p2a: Rhydon\n|\n|upkeep\n|\n|t:|1781387724\n|switch|p2a: Mismagius|Mismagius, L86, F|243/243\n|turn|6\n|\n|t:|1781387739\n|move|p2a: Mismagius|Nasty Plot|p2a: Mismagius\n|-boost|p2a: Mismagius|spa|2\n|move|p1a: Exeggutor|Calm Mind|p1a: Exeggutor\n|-boost|p1a: Exeggutor|spa|1\n|-boost|p1a: Exeggutor|spd|1\n|\n|upkeep\n|turn|7\n|\n|t:|1781387757\n|-terastallize|p1a: Exeggutor|Steel\n|move|p2a: Mismagius|Shadow Ball|p1a: Exeggutor\n|-damage|p1a: Exeggutor|135/312\n|-enditem|p1a: Exeggutor|Sitrus Berry|[eat]\n|-heal|p1a: Exeggutor|213/312|[from] item: Sitrus Berry\n|-damage|p2a: Mismagius|219/243|[from] item: Life Orb\n|move|p1a: Exeggutor|Giga Drain|p2a: Mismagius\n|-damage|p2a: Mismagius|81/243\n|-heal|p1a: Exeggutor|282/312|[from] drain|[of] p2a: Mismagius\n|\n|-item|p1a: Exeggutor|Sitrus Berry|[from] ability: Harvest\n|upkeep\n|turn|8\n|\n|t:|1781387768\n|move|p2a: Mismagius|Mystical Fire|p1a: Exeggutor\n|-supereffective|p1a: Exeggutor\n|-damage|p1a: Exeggutor|64/312\n|-unboost|p1a: Exeggutor|spa|1\n|-enditem|p1a: Exeggutor|Sitrus Berry|[eat]\n|-heal|p1a: Exeggutor|142/312|[from] item: Sitrus Berry\n|-damage|p2a: Mismagius|57/243|[from] item: Life Orb\n|move|p1a: Exeggutor|Giga Drain|p2a: Mismagius\n|-damage|p2a: Mismagius|0 fnt\n|-heal|p1a: Exeggutor|171/312|[from] drain|[of] p2a: Mismagius\n|faint|p2a: Mismagius\n|\n|upkeep\n|\n|t:|1781387788\n|switch|p2a: Sawsbuck|Sawsbuck-Summer, L88, F|284/284\n|turn|9\n|\n|t:|1781387805\n|move|p2a: Sawsbuck|High Horsepower|p1a: Exeggutor\n|-supereffective|p1a: Exeggutor\n|-damage|p1a: Exeggutor|0 fnt\n|faint|p1a: Exeggutor\n|-damage|p2a: Sawsbuck|256/284|[from] item: Life Orb\n|\n|upkeep\n|\n|t:|1781387816\n|switch|p1a: Iron Crown|Iron Crown, L78|268/268\n|turn|10\n|inactive|plazzap has 120 seconds left.\n|inactive|Aquapower has 120 seconds left.\n|\n|t:|1781387851\n|move|p2a: Sawsbuck|High Horsepower|p1a: Iron Crown\n|-supereffective|p1a: Iron Crown\n|-damage|p1a: Iron Crown|68/268\n|-damage|p2a: Sawsbuck|228/284|[from] item: Life Orb\n|move|p1a: Iron Crown|Focus Blast|p2a: Sawsbuck\n|-supereffective|p2a: Sawsbuck\n|-damage|p2a: Sawsbuck|0 fnt\n|faint|p2a: Sawsbuck\n|\n|upkeep\n|inactive|plazzap has 90 seconds left.\n|\n|t:|1781387888\n|switch|p2a: Dragapult|Dragapult, L77, F|262/262\n|turn|11\n|\n|t:|1781387894\n|move|p2a: Dragapult|Hex|p1a: Iron Crown\n|-supereffective|p1a: Iron Crown\n|-damage|p1a: Iron Crown|0 fnt\n|faint|p1a: Iron Crown\n|-end|p1a: Iron Crown|Quark Drive|[silent]\n|\n|upkeep\n|\n|t:|1781387909\n|switch|p1a: Iron Thorns|Iron Thorns, L83|302/302\n|-enditem|p1a: Iron Thorns|Booster Energy\n|-activate|p1a: Iron Thorns|ability: Quark Drive|[fromitem]\n|-start|p1a: Iron Thorns|quarkdriveatk\n|turn|12\n|inactive|plazzap has 90 seconds left.\n|inactive|plazzap has 60 seconds left.\n|\n|t:|1781387955\n|move|p2a: Dragapult|Will-O-Wisp|p1a: Iron Thorns\n|-status|p1a: Iron Thorns|brn\n|move|p1a: Iron Thorns|Dragon Dance|p1a: Iron Thorns\n|-boost|p1a: Iron Thorns|atk|1\n|-boost|p1a: Iron Thorns|spe|1\n|\n|-damage|p1a: Iron Thorns|284/302 brn|[from] brn\n|upkeep\n|turn|13\n|inactive|plazzap has 60 seconds left.\n|l|\u203dAquapower\n|inactive|Aquapower disconnected and has a minute to reconnect!\n|player|p1|\n|inactive|Aquapower has 30 seconds to reconnect!\n|j|\u203dAquapower\n|inactive|Aquapower reconnected and has 110 seconds left.\n|player|p1|Aquapower|102|\n|n|\u203dAquapower|aquapower\n|n|\u203dAquapower|aquapower\n|\n|t:|1781387998\n|move|p2a: Dragapult|Hex|p1a: Iron Thorns\n|-damage|p1a: Iron Thorns|170/302 brn\n|move|p1a: Iron Thorns|Dragon Dance|p1a: Iron Thorns\n|-boost|p1a: Iron Thorns|atk|1\n|-boost|p1a: Iron Thorns|spe|1\n|\n|-damage|p1a: Iron Thorns|152/302 brn|[from] brn\n|upkeep\n|turn|14\n|inactive|plazzap has 60 seconds left.\n|l|\u203dAquapower\n|inactive|Aquapower disconnected and has a minute to reconnect!\n|player|p1|\n|inactive|plazzap has 30 seconds left.\n|inactive|plazzap has 20 seconds left.\n|inactive|plazzap has 15 seconds left.\n|inactive|plazzap has 10 seconds left.\n|inactive|plazzap has 5 seconds left.\n|-message|plazzap lost due to inactivity.\n|\n|win|Aquapower\n", "inputlog": ">version a8376a258c1d4662feba110a92103f3664a72141\n>start {\"formatid\":\"gen9randombattle\",\"seed\":\"sodium,a50be6b183444e8ae3883502917f2112\",\"rated\":\"Rated battle\"}\n>player p1 {\"name\":\"Aquapower\",\"avatar\":\"102\",\"rating\":1917,\"seed\":\"sodium,ef973bf5745ed0c43095d949dc475ce6\"}\n>player p2 {\"name\":\"plazzap\",\"avatar\":\"chuck\",\"rating\":1905,\"seed\":\"sodium,161066c62fa9aae2b1470b583216548e\"}\n>p1 move moonblast\n>p2 switch 4\n>p1 move calmmind\n>p2 move earthquake\n>p1 move synthesis\n>p2 move earthquake\n>p1 move moonblast\n>p2 move earthquake\n>p1 switch 4\n>p1 move psychic\n>p2 move megahorn\n>p2 switch 5\n>p1 move calmmind\n>p2 move nastyplot\n>p1 move gigadrain terastallize\n>p2 move shadowball\n>p1 move gigadrain\n>p2 move mysticalfire\n>p2 switch 4\n>p1 move psychic\n>p2 move highhorsepower\n>p1 switch 3\n>p1 move focusblast\n>p2 move highhorsepower\n>p2 switch 2\n>p1 move focusblast\n>p2 move hex\n>p1 switch 6\n>p1 move dragondance\n>p2 move willowisp\n>p1 move dragondance\n>p2 move hex\n>forcelose p2", "uploadtime": 1781387627, "views": 7, "formatid": "gen9randombattle", "rating": null, "private": 0, "password": null}