{"id": "gen9randombattle-2631860878", "format": "[Gen 9] Random Battle", "players": ["YveltalNL", "grabschaender"], "log": "|j|\u2606YveltalNL\n|j|\u2606grabschaender\n|t:|1781449226\n|gametype|singles\n|player|p1|YveltalNL|#yveltalnl|2200\n|player|p2|grabschaender|candice|2289\n|gen|9\n|tier|[Gen 9] Random Battle\n|rated|\n|rule|Species Clause: Limit one of each Pok\u00e9mon\n|rule|HP Percentage Mod: HP is shown in percentages\n|rule|Sleep Clause Mod: Limit one foe put to sleep\n|rule|Illusion Level Mod: Illusion disguises the Pok\u00e9mon's true level\n|\n|t:|1781449226\n|teamsize|p1|6\n|teamsize|p2|6\n|start\n|switch|p1a: Dunsparce|Dunsparce, L86, F|312/312\n|switch|p2a: Plusle|Plusle, L95, M|268/268\n|turn|1\n|\n|t:|1781449253\n|switch|p2a: Forretress|Forretress, L84, M|263/263\n|move|p1a: Dunsparce|Body Slam|p2a: Forretress\n|-resisted|p2a: Forretress\n|-damage|p2a: Forretress|236/263\n|\n|-heal|p2a: Forretress|252/263|[from] item: Leftovers\n|upkeep\n|turn|2\n|\n|t:|1781449258\n|move|p1a: Dunsparce|Body Slam|p2a: Forretress\n|-resisted|p2a: Forretress\n|-damage|p2a: Forretress|228/263\n|move|p2a: Forretress|Spikes|p1a: Dunsparce\n|-sidestart|p1: YveltalNL|Spikes\n|\n|-heal|p2a: Forretress|244/263|[from] item: Leftovers\n|upkeep\n|turn|3\n|\n|t:|1781449260\n|move|p1a: Dunsparce|Body Slam|p2a: Forretress\n|-resisted|p2a: Forretress\n|-damage|p2a: Forretress|218/263\n|-status|p2a: Forretress|par\n|cant|p2a: Forretress|par\n|\n|-heal|p2a: Forretress|234/263 par|[from] item: Leftovers\n|upkeep\n|turn|4\n|\n|t:|1781449265\n|move|p1a: Dunsparce|Coil|p1a: Dunsparce\n|-boost|p1a: Dunsparce|atk|1\n|-boost|p1a: Dunsparce|def|1\n|-boost|p1a: Dunsparce|accuracy|1\n|move|p2a: Forretress|Spikes|p1a: Dunsparce\n|-sidestart|p1: YveltalNL|Spikes\n|\n|-heal|p2a: Forretress|250/263 par|[from] item: Leftovers\n|upkeep\n|turn|5\n|\n|t:|1781449268\n|move|p1a: Dunsparce|Coil|p1a: Dunsparce\n|-boost|p1a: Dunsparce|atk|1\n|-boost|p1a: Dunsparce|def|1\n|-boost|p1a: Dunsparce|accuracy|1\n|cant|p2a: Forretress|par\n|\n|-heal|p2a: Forretress|263/263 par|[from] item: Leftovers\n|upkeep\n|turn|6\n|\n|t:|1781449271\n|move|p1a: Dunsparce|Earthquake|p2a: Forretress\n|-damage|p2a: Forretress|185/263 par\n|move|p2a: Forretress|Thunder Wave|p1a: Dunsparce\n|-status|p1a: Dunsparce|par\n|\n|-heal|p2a: Forretress|201/263 par|[from] item: Leftovers\n|upkeep\n|turn|7\n|\n|t:|1781449279\n|switch|p2a: Mudsdale|Mudsdale, L83, F|302/302\n|move|p1a: Dunsparce|Body Slam|p2a: Mudsdale\n|-damage|p2a: Mudsdale|167/302\n|-status|p2a: Mudsdale|par\n|-ability|p2a: Mudsdale|Stamina|boost\n|-boost|p2a: Mudsdale|def|1\n|\n|-heal|p2a: Mudsdale|185/302 par|[from] item: Leftovers\n|upkeep\n|turn|8\n|\n|t:|1781449281\n|cant|p1a: Dunsparce|par\n|move|p2a: Mudsdale|Roar|p1a: Dunsparce\n|drag|p1a: Delibird|Delibird, F|252/252\n|\n|-heal|p2a: Mudsdale|203/302 par|[from] item: Leftovers\n|upkeep\n|turn|9\n|\n|t:|1781449292\n|move|p1a: Delibird|Rapid Spin|p2a: Mudsdale\n|-damage|p2a: Mudsdale|183/302 par\n|-boost|p1a: Delibird|spe|1\n|-ability|p2a: Mudsdale|Stamina|boost\n|-boost|p2a: Mudsdale|def|1\n|-sideend|p1: YveltalNL|Spikes|[from] move: Rapid Spin|[of] p1a: Delibird\n|move|p2a: Mudsdale|Heavy Slam|p1a: Delibird\n|-supereffective|p1a: Delibird\n|-damage|p1a: Delibird|4/252\n|\n|-heal|p2a: Mudsdale|201/302 par|[from] item: Leftovers\n|upkeep\n|turn|10\n|\n|t:|1781449297\n|move|p1a: Delibird|Spikes|p2a: Mudsdale\n|-sidestart|p2: grabschaender|Spikes\n|move|p2a: Mudsdale|Heavy Slam|p1a: Delibird\n|-supereffective|p1a: Delibird\n|-damage|p1a: Delibird|0 fnt\n|faint|p1a: Delibird\n|\n|-heal|p2a: Mudsdale|219/302 par|[from] item: Leftovers\n|upkeep\n|\n|t:|1781449304\n|switch|p1a: Crawdaunt|Crawdaunt, L84, M|243/243\n|turn|11\n|\n|t:|1781449310\n|move|p1a: Crawdaunt|Crabhammer|p2a: Mudsdale\n|-supereffective|p2a: Mudsdale\n|-damage|p2a: Mudsdale|32/302 par\n|-ability|p2a: Mudsdale|Stamina|boost\n|-boost|p2a: Mudsdale|def|1\n|-damage|p1a: Crawdaunt|219/243|[from] item: Life Orb\n|move|p2a: Mudsdale|Earthquake|p1a: Crawdaunt\n|-damage|p1a: Crawdaunt|87/243\n|\n|-heal|p2a: Mudsdale|50/302 par|[from] item: Leftovers\n|upkeep\n|turn|12\n|\n|t:|1781449313\n|move|p1a: Crawdaunt|Knock Off|p2a: Mudsdale\n|-damage|p2a: Mudsdale|0 fnt\n|-enditem|p2a: Mudsdale|Leftovers|[from] move: Knock Off|[of] p1a: Crawdaunt\n|faint|p2a: Mudsdale\n|-damage|p1a: Crawdaunt|63/243|[from] item: Life Orb\n|\n|upkeep\n|\n|t:|1781449317\n|switch|p2a: Plusle|Plusle, L95, M|268/268\n|-damage|p2a: Plusle|235/268|[from] Spikes\n|turn|13\n|\n|t:|1781449321\n|switch|p1a: Dunsparce|Dunsparce, L86, F|312/312 par\n|move|p2a: Plusle|Thunderbolt|p1a: Dunsparce\n|-damage|p1a: Dunsparce|194/312 par\n|-damage|p2a: Plusle|209/268|[from] item: Life Orb\n|\n|upkeep\n|turn|14\n|\n|t:|1781449325\n|switch|p2a: Forretress|Forretress, L84, M|201/263 par\n|-damage|p2a: Forretress|169/263 par|[from] Spikes\n|cant|p1a: Dunsparce|par\n|\n|-heal|p2a: Forretress|185/263 par|[from] item: Leftovers\n|upkeep\n|turn|15\n|\n|t:|1781449327\n|switch|p1a: Flutter Mane|Flutter Mane, L74|203/203\n|move|p2a: Forretress|Spikes|p1a: Flutter Mane\n|-sidestart|p1: YveltalNL|Spikes\n|\n|-heal|p2a: Forretress|201/263 par|[from] item: Leftovers\n|upkeep\n|turn|16\n|\n|t:|1781449348\n|switch|p2a: Rhydon|Rhydon, L85, M|317/317\n|-damage|p2a: Rhydon|278/317|[from] Spikes\n|-terastallize|p1a: Flutter Mane|Ghost\n|move|p1a: Flutter Mane|Calm Mind|p1a: Flutter Mane\n|-boost|p1a: Flutter Mane|spa|1\n|-boost|p1a: Flutter Mane|spd|1\n|\n|upkeep\n|turn|17\n|\n|t:|1781449352\n|-end|p1a: Flutter Mane|Protosynthesis|[silent]\n|switch|p1a: Orthworm|Orthworm, L88, F|266/266\n|-damage|p1a: Orthworm|233/266|[from] Spikes\n|move|p2a: Rhydon|Earthquake|p1a: Orthworm\n|-heal|p1a: Orthworm|266/266|[from] ability: Earth Eater|[of] p2a: Rhydon\n|\n|upkeep\n|turn|18\n|\n|t:|1781449360\n|switch|p2a: Forretress|Forretress, L84, M|201/263 par\n|-damage|p2a: Forretress|169/263 par|[from] Spikes\n|move|p1a: Orthworm|Body Press|p2a: Forretress\n|-damage|p2a: Forretress|114/263 par\n|\n|-heal|p2a: Forretress|130/263 par|[from] item: Leftovers\n|upkeep\n|turn|19\n|\n|t:|1781449365\n|move|p1a: Orthworm|Coil|p1a: Orthworm\n|-boost|p1a: Orthworm|atk|1\n|-boost|p1a: Orthworm|def|1\n|-boost|p1a: Orthworm|accuracy|1\n|move|p2a: Forretress|Spikes|p1a: Orthworm\n|-sidestart|p1: YveltalNL|Spikes\n|\n|-heal|p2a: Forretress|146/263 par|[from] item: Leftovers\n|upkeep\n|turn|20\n|\n|t:|1781449368\n|move|p1a: Orthworm|Body Press|p2a: Forretress\n|-damage|p2a: Forretress|53/263 par\n|move|p2a: Forretress|Thunder Wave|p1a: Orthworm\n|-status|p1a: Orthworm|par\n|\n|-heal|p2a: Forretress|69/263 par|[from] item: Leftovers\n|upkeep\n|turn|21\n|\n|t:|1781449370\n|cant|p1a: Orthworm|par\n|move|p2a: Forretress|Rapid Spin|p1a: Orthworm\n|-resisted|p1a: Orthworm\n|-damage|p1a: Orthworm|258/266 par\n|-boost|p2a: Forretress|spe|1\n|-sideend|p2: grabschaender|Spikes|[from] move: Rapid Spin|[of] p2a: Forretress\n|\n|-heal|p2a: Forretress|85/263 par|[from] item: Leftovers\n|upkeep\n|turn|22\n|\n|t:|1781449374\n|move|p2a: Forretress|Spikes|p1a: Orthworm\n|-sidestart|p1: YveltalNL|Spikes\n|move|p1a: Orthworm|Coil|p1a: Orthworm\n|-boost|p1a: Orthworm|atk|1\n|-boost|p1a: Orthworm|def|1\n|-boost|p1a: Orthworm|accuracy|1\n|\n|-heal|p2a: Forretress|101/263 par|[from] item: Leftovers\n|upkeep\n|turn|23\n|\n|t:|1781449378\n|switch|p2a: Sunflora|Sunflora, M|312/312\n|move|p1a: Orthworm|Body Press|p2a: Sunflora\n|-crit|p2a: Sunflora\n|-damage|p2a: Sunflora|28/312\n|\n|upkeep\n|turn|24\n|\n|t:|1781449388\n|move|p2a: Sunflora|Leaf Storm|p1a: Orthworm\n|-resisted|p1a: Orthworm\n|-damage|p1a: Orthworm|63/266 par\n|-unboost|p2a: Sunflora|spa|2\n|move|p1a: Orthworm|Rest|p1a: Orthworm\n|-status|p1a: Orthworm|slp|[from] move: Rest\n|-heal|p1a: Orthworm|266/266 slp|[silent]\n|-enditem|p1a: Orthworm|Chesto Berry|[eat]\n|-curestatus|p1a: Orthworm|slp|[msg]\n|\n|upkeep\n|turn|25\n|\n|t:|1781449394\n|move|p1a: Orthworm|Body Press|p2a: Sunflora\n|-damage|p2a: Sunflora|0 fnt\n|faint|p2a: Sunflora\n|\n|upkeep\n|\n|t:|1781449401\n|switch|p2a: Plusle|Plusle, L95, M|209/268\n|turn|26\n|\n|t:|1781449402\n|move|p2a: Plusle|Thunderbolt|p1a: Orthworm\n|-damage|p1a: Orthworm|70/266\n|-damage|p2a: Plusle|183/268|[from] item: Life Orb\n|move|p1a: Orthworm|Body Press|p2a: Plusle\n|-damage|p2a: Plusle|0 fnt\n|faint|p2a: Plusle\n|\n|upkeep\n|\n|t:|1781449404\n|switch|p2a: Ceruledge|Ceruledge, L78, M|245/245\n|turn|27\n|\n|t:|1781449415\n|switch|p1a: Crawdaunt|Crawdaunt, L84, M|63/243\n|-damage|p1a: Crawdaunt|3/243|[from] Spikes\n|move|p2a: Ceruledge|Swords Dance|p2a: Ceruledge\n|-boost|p2a: Ceruledge|atk|2\n|\n|upkeep\n|turn|28\n|\n|t:|1781449428\n|move|p2a: Ceruledge|Bitter Blade|p1a: Crawdaunt\n|-resisted|p1a: Crawdaunt\n|-damage|p1a: Crawdaunt|0 fnt\n|faint|p1a: Crawdaunt\n|\n|upkeep\n|c|\u2606YveltalNL|didn't have jet\n|\n|t:|1781449436\n|switch|p1a: Flutter Mane|Flutter Mane, L74, tera:Ghost|203/203\n|-damage|p1a: Flutter Mane|153/203|[from] Spikes\n|turn|29\n|\n|t:|1781449440\n|-end|p1a: Flutter Mane|Protosynthesis|[silent]\n|switch|p1a: Orthworm|Orthworm, L88, F|70/266\n|-damage|p1a: Orthworm|4/266|[from] Spikes\n|-terastallize|p2a: Ceruledge|Fire\n|move|p2a: Ceruledge|Bitter Blade|p1a: Orthworm\n|-supereffective|p1a: Orthworm\n|-damage|p1a: Orthworm|0 fnt\n|faint|p1a: Orthworm\n|\n|upkeep\n|\n|t:|1781449452\n|switch|p1a: Flutter Mane|Flutter Mane, L74, tera:Ghost|153/203\n|-damage|p1a: Flutter Mane|103/203|[from] Spikes\n|turn|30\n|c|\u2606YveltalNL|this shit 6-0s off lead dawg\n|\n|t:|1781449470\n|move|p1a: Flutter Mane|Shadow Ball|p2a: Ceruledge\n|-damage|p2a: Ceruledge|97/245\n|-unboost|p2a: Ceruledge|spd|1\n|-damage|p1a: Flutter Mane|83/203|[from] item: Life Orb\n|move|p2a: Ceruledge|Bitter Blade|p1a: Flutter Mane\n|-damage|p1a: Flutter Mane|0 fnt\n|-heal|p2a: Ceruledge|139/245|[from] drain|[of] p1a: Flutter Mane\n|faint|p1a: Flutter Mane\n|-end|p1a: Flutter Mane|Protosynthesis|[silent]\n|\n|upkeep\n|\n|t:|1781449472\n|switch|p1a: Ribombee|Ribombee, L83, F|235/235\n|turn|31\n|\n|t:|1781449475\n|move|p1a: Ribombee|Moonblast|p2a: Ceruledge\n|-resisted|p2a: Ceruledge\n|-damage|p2a: Ceruledge|62/245\n|move|p2a: Ceruledge|Bitter Blade|p1a: Ribombee\n|-supereffective|p1a: Ribombee\n|-damage|p1a: Ribombee|0 fnt\n|-heal|p2a: Ceruledge|180/245|[from] drain|[of] p1a: Ribombee\n|faint|p1a: Ribombee\n|\n|upkeep\n|-message|YveltalNL forfeited.\n|\n|win|grabschaender\n", "uploadtime": 1781449228, "views": 3, "formatid": "gen9randombattle", "rating": null, "private": 0, "password": null}