{"id": "gen9randombattle-2631614676", "format": "[Gen 9] Random Battle", "players": ["suchalongnam", "Mitchel531"], "log": "|j|\u2606suchalongnam\n|j|\u2606Mitchel531\n|t:|1781409133\n|gametype|singles\n|player|p1|suchalongnam|266|1965\n|player|p2|Mitchel531|1|2113\n|gen|9\n|tier|[Gen 9] Random Battle\n|rated|\n|rule|Species Clause: Limit one of each Pok\u00e9mon\n|rule|HP Percentage Mod: HP is shown in percentages\n|rule|Sleep Clause Mod: Limit one foe put to sleep\n|rule|Illusion Level Mod: Illusion disguises the Pok\u00e9mon's true level\n|\n|t:|1781409133\n|teamsize|p1|6\n|teamsize|p2|6\n|start\n|switch|p1a: Seviper|Seviper, L93, F|287/287\n|switch|p2a: Walking Wake|Walking Wake, L79|286/286\n|turn|1\n|\n|t:|1781409158\n|-end|p2a: Walking Wake|Protosynthesis|[silent]\n|switch|p2a: Mabosstiff|Mabosstiff, L86, F|278/278\n|move|p1a: Seviper|Gunk Shot|p2a: Mabosstiff\n|-damage|p2a: Mabosstiff|124/278\n|\n|upkeep\n|turn|2\n|\n|t:|1781409163\n|move|p1a: Seviper|Gunk Shot|p2a: Mabosstiff\n|-damage|p2a: Mabosstiff|0 fnt\n|faint|p2a: Mabosstiff\n|\n|upkeep\n|\n|t:|1781409180\n|switch|p2a: Ninetales|Ninetales, L85, M|263/263\n|-weather|SunnyDay|[from] ability: Drought|[of] p2a: Ninetales\n|turn|3\n|inactive|Battle timer is ON: inactive players will automatically lose when time's up. (requested by suchalongnam)\n|\n|t:|1781409187\n|move|p1a: Seviper|Gunk Shot|p2a: Ninetales\n|-damage|p2a: Ninetales|79/263\n|move|p2a: Ninetales|Fire Blast|p1a: Seviper\n|-damage|p1a: Seviper|104/287\n|\n|-weather|SunnyDay|[upkeep]\n|upkeep\n|turn|4\n|\n|t:|1781409195\n|move|p1a: Seviper|Gunk Shot|p2a: Ninetales|[miss]\n|-miss|p1a: Seviper|p2a: Ninetales\n|move|p2a: Ninetales|Fire Blast|p1a: Seviper\n|-damage|p1a: Seviper|0 fnt\n|faint|p1a: Seviper\n|\n|-weather|SunnyDay|[upkeep]\n|upkeep\n|\n|t:|1781409211\n|switch|p1a: Hawlucha|Hawlucha, L80, M|256/256\n|turn|5\n|\n|t:|1781409224\n|move|p1a: Hawlucha|Swords Dance|p1a: Hawlucha\n|-boost|p1a: Hawlucha|atk|2\n|move|p2a: Ninetales|Fire Blast|p1a: Hawlucha|[miss]\n|-miss|p2a: Ninetales|p1a: Hawlucha\n|\n|-weather|SunnyDay|[upkeep]\n|upkeep\n|turn|6\n|\n|t:|1781409237\n|move|p1a: Hawlucha|Close Combat|p2a: Ninetales\n|-damage|p2a: Ninetales|0 fnt\n|-unboost|p1a: Hawlucha|def|1\n|-unboost|p1a: Hawlucha|spd|1\n|faint|p2a: Ninetales\n|-enditem|p1a: Hawlucha|White Herb\n|-clearnegativeboost|p1a: Hawlucha|[silent]\n|\n|-weather|SunnyDay|[upkeep]\n|upkeep\n|\n|t:|1781409240\n|switch|p2a: Vikavolt|Vikavolt, L83, F|263/263\n|turn|7\n|\n|t:|1781409253\n|-terastallize|p1a: Hawlucha|Fighting\n|move|p1a: Hawlucha|Acrobatics|p2a: Vikavolt\n|-damage|p2a: Vikavolt|62/263\n|move|p2a: Vikavolt|Volt Switch|p1a: Hawlucha\n|-damage|p1a: Hawlucha|130/256\n|\n|t:|1781409269\n|switch|p2a: Walking Wake|Walking Wake, L79|286/286|[from] Volt Switch\n|-activate|p2a: Walking Wake|ability: Protosynthesis\n|-start|p2a: Walking Wake|protosynthesisspa\n|\n|-weather|none\n|-end|p2a: Walking Wake|Protosynthesis\n|upkeep\n|turn|8\n|\n|t:|1781409283\n|move|p1a: Hawlucha|Close Combat|p2a: Walking Wake\n|-damage|p2a: Walking Wake|0 fnt\n|-unboost|p1a: Hawlucha|def|1\n|-unboost|p1a: Hawlucha|spd|1\n|faint|p2a: Walking Wake\n|-end|p2a: Walking Wake|Protosynthesis|[silent]\n|\n|upkeep\n|-message|Mitchel531 forfeited.\n|\n|win|suchalongnam\n", "inputlog": ">version a8376a258c1d4662feba110a92103f3664a72141\n>start {\"formatid\":\"gen9randombattle\",\"seed\":\"sodium,42c94c49a01fef1331fcb49ff84529be\",\"rated\":\"Rated battle\"}\n>player p1 {\"name\":\"suchalongnam\",\"avatar\":\"266\",\"rating\":1965,\"seed\":\"sodium,d262b1fbe42960f6c2a46902361597c8\"}\n>player p2 {\"name\":\"Mitchel531\",\"avatar\":\"1\",\"rating\":2113,\"seed\":\"sodium,e0f60d1b902d6b899a0135f52df7f663\"}\n>p1 move gunkshot\n>p2 switch 5\n>p1 move gunkshot\n>p2 move psychicfangs\n>p2 switch 6\n>p1 move gunkshot\n>p2 move fireblast\n>p1 move gunkshot\n>p2 move fireblast\n>p1 switch 6\n>p1 move swordsdance\n>p2 move fireblast\n>p1 move closecombat\n>p2 move fireblast\n>p2 switch 4\n>p1 move acrobatics terastallize\n>p2 move voltswitch\n>p2 switch 5\n>p1 move closecombat\n>p2 move flamethrower\n>forcelose p2", "uploadtime": 1781409135, "views": 4, "formatid": "gen9randombattle", "rating": null, "private": 0, "password": null}