{"id": "gen9randombattle-2632011360", "format": "[Gen 9] Random Battle", "players": ["shyshedinja", "Flei"], "log": "|j|\u2606shyshedinja\n|j|\u2606Flei\n|t:|1781465727\n|gametype|singles\n|player|p1|shyshedinja|ash-kalos|\n|player|p2|Flei|ghetsis-gen5bw|\n|gen|9\n|tier|[Gen 9] Random Battle\n|rule|Species Clause: Limit one of each Pok\u00e9mon\n|rule|HP Percentage Mod: HP is shown in percentages\n|rule|Sleep Clause Mod: Limit one foe put to sleep\n|rule|Illusion Level Mod: Illusion disguises the Pok\u00e9mon's true level\n|\n|t:|1781465727\n|teamsize|p1|6\n|teamsize|p2|6\n|start\n|switch|p1a: Probopass|Probopass, L91, F|257/257\n|switch|p2a: Dachsbun|Dachsbun, L92, M|254/254\n|turn|1\n|inactive|Battle timer is ON: inactive players will automatically lose when time's up. (requested by shyshedinja)\n|inactive|shyshedinja has 270 seconds left.\n|\n|t:|1781465765\n|switch|p2a: Chandelure|Chandelure, L83, M|235/235\n|move|p1a: Probopass|Iron Defense|p1a: Probopass\n|-boost|p1a: Probopass|def|2\n|\n|upkeep\n|turn|2\n|\n|t:|1781465780\n|switch|p1a: Appletun|Appletun, L92, M|352/352\n|move|p2a: Chandelure|Fire Blast|p1a: Appletun\n|-damage|p1a: Appletun|271/352\n|\n|-heal|p1a: Appletun|293/352|[from] item: Leftovers\n|upkeep\n|turn|3\n|\n|t:|1781465799\n|switch|p2a: Umbreon|Umbreon, L84, M|297/297\n|move|p1a: Appletun|Leech Seed|p2a: Umbreon\n|-start|p2a: Umbreon|move: Leech Seed\n|\n|-heal|p1a: Appletun|315/352|[from] item: Leftovers\n|-damage|p2a: Umbreon|260/297|[from] Leech Seed|[of] p1a: Appletun\n|-heal|p1a: Appletun|352/352|[silent]\n|upkeep\n|turn|4\n|\n|t:|1781465814\n|switch|p1a: Probopass|Probopass, L91, F|257/257\n|move|p2a: Umbreon|Toxic|p1a: Probopass\n|-immune|p1a: Probopass\n|\n|-heal|p2a: Umbreon|278/297|[from] item: Leftovers\n|-damage|p2a: Umbreon|241/297|[from] Leech Seed|[of] p1a: Probopass\n|upkeep\n|turn|5\n|\n|t:|1781465823\n|switch|p2a: Chandelure|Chandelure, L83, M|235/235\n|move|p1a: Probopass|Iron Defense|p1a: Probopass\n|-boost|p1a: Probopass|def|2\n|\n|upkeep\n|turn|6\n|\n|t:|1781465833\n|switch|p1a: Appletun|Appletun, L92, M|352/352\n|move|p2a: Chandelure|Trick|p1a: Appletun\n|-activate|p2a: Chandelure|move: Trick|[of] p1a: Appletun\n|-item|p1a: Appletun|Choice Scarf|[from] move: Trick\n|-item|p2a: Chandelure|Leftovers|[from] move: Trick\n|\n|upkeep\n|turn|7\n|\n|t:|1781465851\n|move|p2a: Chandelure|Shadow Ball|p1a: Appletun\n|-damage|p1a: Appletun|229/352\n|move|p1a: Appletun|Leech Seed|p2a: Chandelure\n|-start|p2a: Chandelure|move: Leech Seed\n|\n|-damage|p2a: Chandelure|206/235|[from] Leech Seed|[of] p1a: Appletun\n|-heal|p1a: Appletun|258/352|[silent]\n|upkeep\n|turn|8\n|\n|t:|1781465874\n|switch|p1a: Tauros|Tauros, L82, M|257/257\n|move|p2a: Chandelure|Shadow Ball|p1a: Tauros\n|-immune|p1a: Tauros\n|\n|-heal|p2a: Chandelure|220/235|[from] item: Leftovers\n|-damage|p2a: Chandelure|191/235|[from] Leech Seed|[of] p1a: Tauros\n|upkeep\n|turn|9\n|\n|t:|1781465883\n|switch|p2a: Umbreon|Umbreon, L84, M|241/297\n|move|p1a: Tauros|Throat Chop|p2a: Umbreon\n|-resisted|p2a: Umbreon\n|-damage|p2a: Umbreon|198/297\n|\n|-heal|p2a: Umbreon|216/297|[from] item: Leftovers\n|upkeep\n|turn|10\n|\n|t:|1781465891\n|move|p2a: Umbreon|Protect|p2a: Umbreon\n|-singleturn|p2a: Umbreon|Protect\n|move|p1a: Tauros|Close Combat|p2a: Umbreon\n|-activate|p2a: Umbreon|move: Protect\n|\n|-heal|p2a: Umbreon|234/297|[from] item: Leftovers\n|upkeep\n|turn|11\n|\n|t:|1781465897\n|-terastallize|p2a: Umbreon|Poison\n|move|p1a: Tauros|Close Combat|p2a: Umbreon\n|-resisted|p2a: Umbreon\n|-damage|p2a: Umbreon|191/297\n|-unboost|p1a: Tauros|def|1\n|-unboost|p1a: Tauros|spd|1\n|-damage|p1a: Tauros|232/257|[from] item: Life Orb\n|move|p2a: Umbreon|Foul Play|p1a: Tauros\n|-damage|p1a: Tauros|90/257\n|\n|-heal|p2a: Umbreon|209/297|[from] item: Leftovers\n|upkeep\n|turn|12\n|\n|t:|1781465907\n|switch|p1a: Probopass|Probopass, L91, F|257/257\n|move|p2a: Umbreon|Wish|p2a: Umbreon\n|\n|-heal|p2a: Umbreon|227/297|[from] item: Leftovers\n|upkeep\n|turn|13\n|\n|t:|1781465912\n|switch|p2a: Chandelure|Chandelure, L83, M|191/235\n|move|p1a: Probopass|Iron Defense|p1a: Probopass\n|-boost|p1a: Probopass|def|2\n|\n|-heal|p2a: Chandelure|235/235|[from] move: Wish|[wisher] Umbreon\n|upkeep\n|turn|14\n|\n|t:|1781465921\n|switch|p1a: Appletun|Appletun, L92, M|258/352\n|move|p2a: Chandelure|Fire Blast|p1a: Appletun\n|-damage|p1a: Appletun|180/352\n|\n|upkeep\n|turn|15\n|\n|t:|1781465932\n|move|p2a: Chandelure|Shadow Ball|p1a: Appletun\n|-damage|p1a: Appletun|59/352\n|move|p1a: Appletun|Leech Seed|p2a: Chandelure\n|-start|p2a: Chandelure|move: Leech Seed\n|\n|-damage|p2a: Chandelure|206/235|[from] Leech Seed|[of] p1a: Appletun\n|-heal|p1a: Appletun|88/352|[silent]\n|upkeep\n|turn|16\n|\n|t:|1781465942\n|switch|p1a: Tauros|Tauros, L82, M|90/257\n|move|p2a: Chandelure|Fire Blast|p1a: Tauros|[miss]\n|-miss|p2a: Chandelure|p1a: Tauros\n|\n|-heal|p2a: Chandelure|220/235|[from] item: Leftovers\n|-damage|p2a: Chandelure|191/235|[from] Leech Seed|[of] p1a: Tauros\n|-heal|p1a: Tauros|119/257|[silent]\n|upkeep\n|turn|17\n|\n|t:|1781465951\n|switch|p2a: Dachsbun|Dachsbun, L92, M|254/254\n|move|p1a: Tauros|Earthquake|p2a: Dachsbun\n|-damage|p2a: Dachsbun|189/254\n|-damage|p1a: Tauros|94/257|[from] item: Life Orb\n|\n|-heal|p2a: Dachsbun|204/254|[from] item: Leftovers\n|upkeep\n|turn|18\n|\n|t:|1781465961\n|switch|p1a: Probopass|Probopass, L91, F|257/257\n|move|p2a: Dachsbun|Play Rough|p1a: Probopass\n|-resisted|p1a: Probopass\n|-damage|p1a: Probopass|227/257\n|\n|-heal|p2a: Dachsbun|219/254|[from] item: Leftovers\n|upkeep\n|turn|19\n|\n|t:|1781465965\n|move|p2a: Dachsbun|Yawn|p1a: Probopass\n|-start|p1a: Probopass|move: Yawn|[of] p2a: Dachsbun\n|move|p1a: Probopass|Iron Defense|p1a: Probopass\n|-boost|p1a: Probopass|def|2\n|\n|-heal|p2a: Dachsbun|234/254|[from] item: Leftovers\n|upkeep\n|turn|20\n|\n|t:|1781465980\n|switch|p2a: Oranguru|Oranguru, L92, F|315/315\n|switch|p1a: Appletun|Appletun, L92, M|88/352\n|\n|upkeep\n|turn|21\n|inactive|shyshedinja has 270 seconds left.\n|\n|t:|1781466017\n|move|p2a: Oranguru|Psyshock|p1a: Appletun\n|-damage|p1a: Appletun|0 fnt\n|faint|p1a: Appletun\n|\n|upkeep\n|\n|t:|1781466041\n|switch|p1a: Plusle|Plusle, L95, M|268/268\n|turn|22\n|\n|t:|1781466048\n|move|p1a: Plusle|Nasty Plot|p1a: Plusle\n|-boost|p1a: Plusle|spa|2\n|move|p2a: Oranguru|Psyshock|p1a: Plusle\n|-damage|p1a: Plusle|121/268\n|\n|upkeep\n|turn|23\n|\n|t:|1781466063\n|move|p1a: Plusle|Thunderbolt|p2a: Oranguru\n|-damage|p2a: Oranguru|85/315\n|-damage|p1a: Plusle|95/268|[from] item: Life Orb\n|move|p2a: Oranguru|Psyshock|p1a: Plusle\n|-damage|p1a: Plusle|0 fnt\n|faint|p1a: Plusle\n|\n|-heal|p2a: Oranguru|104/315|[from] item: Leftovers\n|upkeep\n|\n|t:|1781466083\n|switch|p1a: Tauros|Tauros, L82, M|94/257\n|turn|24\n|c|\u2606Flei|Era Grass Knot o Alluring Voice?\n|c|\u2606shyshedinja|pq\n|\n|t:|1781466101\n|move|p1a: Tauros|Throat Chop|p2a: Oranguru\n|-supereffective|p2a: Oranguru\n|-damage|p2a: Oranguru|0 fnt\n|faint|p2a: Oranguru\n|\n|upkeep\n|\n|t:|1781466108\n|switch|p2a: Dachsbun|Dachsbun, L92, M|234/254\n|turn|25\n|c|\u2606Flei|Pa saber nom\u00e1s XD\n|c|\u2606shyshedinja|alluring\n|c|\u2606Flei|A\n|inactive|shyshedinja has 240 seconds left.\n|c|\u2606Flei|Ta bien\n|\n|t:|1781466136\n|switch|p1a: Probopass|Probopass, L91, F|227/257\n|move|p2a: Dachsbun|Yawn|p1a: Probopass\n|-start|p1a: Probopass|move: Yawn|[of] p2a: Dachsbun\n|\n|-heal|p2a: Dachsbun|249/254|[from] item: Leftovers\n|upkeep\n|turn|26\n|inactive|shyshedinja has 240 seconds left.\n|\n|t:|1781466146\n|move|p2a: Dachsbun|Wish|p2a: Dachsbun\n|move|p1a: Probopass|Flash Cannon|p2a: Dachsbun\n|-supereffective|p2a: Dachsbun\n|-damage|p2a: Dachsbun|93/254\n|\n|-heal|p2a: Dachsbun|108/254|[from] item: Leftovers\n|-end|p1a: Probopass|move: Yawn|[silent]\n|-status|p1a: Probopass|slp\n|upkeep\n|-enditem|p1a: Probopass|Chesto Berry|[eat]\n|-curestatus|p1a: Probopass|slp|[msg]\n|turn|27\n|\n|t:|1781466157\n|move|p2a: Dachsbun|Protect|p2a: Dachsbun\n|-singleturn|p2a: Dachsbun|Protect\n|move|p1a: Probopass|Flash Cannon|p2a: Dachsbun\n|-activate|p2a: Dachsbun|move: Protect\n|\n|-heal|p2a: Dachsbun|235/254|[from] move: Wish|[wisher] Dachsbun\n|-heal|p2a: Dachsbun|250/254|[from] item: Leftovers\n|upkeep\n|turn|28\n|\n|t:|1781466169\n|move|p2a: Dachsbun|Yawn|p1a: Probopass\n|-start|p1a: Probopass|move: Yawn|[of] p2a: Dachsbun\n|move|p1a: Probopass|Flash Cannon|p2a: Dachsbun\n|-supereffective|p2a: Dachsbun\n|-damage|p2a: Dachsbun|98/254\n|\n|-heal|p2a: Dachsbun|113/254|[from] item: Leftovers\n|upkeep\n|turn|29\n|\n|t:|1781466188\n|switch|p1a: Registeel|Registeel, L81|262/262\n|move|p2a: Dachsbun|Protect||[still]\n|-fail|p2a: Dachsbun\n|\n|-heal|p2a: Dachsbun|128/254|[from] item: Leftovers\n|upkeep\n|turn|30\n|\n|t:|1781466203\n|switch|p2a: Chandelure|Chandelure, L83, M|191/235\n|move|p1a: Registeel|Iron Head|p2a: Chandelure\n|-resisted|p2a: Chandelure\n|-damage|p2a: Chandelure|158/235\n|\n|-heal|p2a: Chandelure|172/235|[from] item: Leftovers\n|upkeep\n|turn|31\n|\n|t:|1781466213\n|switch|p1a: Gurdurr|Gurdurr, L85, M|283/283\n|move|p2a: Chandelure|Fire Blast|p1a: Gurdurr\n|-damage|p1a: Gurdurr|123/283\n|\n|-heal|p2a: Chandelure|186/235|[from] item: Leftovers\n|upkeep\n|turn|32\n|\n|t:|1781466237\n|move|p2a: Chandelure|Fire Blast|p1a: Gurdurr\n|-damage|p1a: Gurdurr|0 fnt\n|faint|p1a: Gurdurr\n|\n|-heal|p2a: Chandelure|200/235|[from] item: Leftovers\n|upkeep\n|c|\u2606shyshedinja|bro un team stall vs un team stall njoda\n|\n|t:|1781466247\n|switch|p1a: Tauros|Tauros, L82, M|94/257\n|turn|33\n|inactive|shyshedinja has 270 seconds left.\n|\n|t:|1781466260\n|switch|p2a: Dachsbun|Dachsbun, L92, M|128/254\n|move|p1a: Tauros|Earthquake|p2a: Dachsbun\n|-damage|p2a: Dachsbun|57/254\n|-damage|p1a: Tauros|69/257|[from] item: Life Orb\n|\n|-heal|p2a: Dachsbun|72/254|[from] item: Leftovers\n|upkeep\n|turn|34\n|\n|t:|1781466271\n|move|p2a: Dachsbun|Protect|p2a: Dachsbun\n|-singleturn|p2a: Dachsbun|Protect\n|move|p1a: Tauros|Body Slam|p2a: Dachsbun\n|-activate|p2a: Dachsbun|move: Protect\n|\n|-heal|p2a: Dachsbun|87/254|[from] item: Leftovers\n|upkeep\n|turn|35\n|\n|t:|1781466281\n|move|p1a: Tauros|Body Slam|p2a: Dachsbun\n|-damage|p2a: Dachsbun|0 fnt\n|faint|p2a: Dachsbun\n|\n|upkeep\n|\n|t:|1781466295\n|switch|p2a: Rhydon|Rhydon, L85, M|317/317\n|turn|36\n|\n|t:|1781466307\n|-terastallize|p1a: Tauros|Fighting\n|move|p1a: Tauros|Close Combat|p2a: Rhydon\n|-supereffective|p2a: Rhydon\n|-damage|p2a: Rhydon|153/317\n|-unboost|p1a: Tauros|def|1\n|-unboost|p1a: Tauros|spd|1\n|-damage|p1a: Tauros|44/257|[from] item: Life Orb\n|move|p2a: Rhydon|Earthquake|p1a: Tauros\n|-damage|p1a: Tauros|0 fnt\n|faint|p1a: Tauros\n|\n|upkeep\n|\n|t:|1781466318\n|switch|p1a: Registeel|Registeel, L81|262/262\n|turn|37\n|\n|t:|1781466325\n|switch|p2a: Chandelure|Chandelure, L83, M|200/235\n|move|p1a: Registeel|Iron Defense|p1a: Registeel\n|-boost|p1a: Registeel|def|2\n|\n|-heal|p2a: Chandelure|214/235|[from] item: Leftovers\n|upkeep\n|turn|38\n|\n|t:|1781466334\n|switch|p1a: Probopass|Probopass, L91, F|227/257\n|move|p2a: Chandelure|Fire Blast|p1a: Probopass|[miss]\n|-miss|p2a: Chandelure|p1a: Probopass\n|\n|-heal|p2a: Chandelure|228/235|[from] item: Leftovers\n|upkeep\n|turn|39\n|\n|t:|1781466343\n|move|p2a: Chandelure|Fire Blast|p1a: Probopass\n|-damage|p1a: Probopass|133/257\n|-status|p1a: Probopass|brn\n|move|p1a: Probopass|Flash Cannon|p2a: Chandelure\n|-resisted|p2a: Chandelure\n|-damage|p2a: Chandelure|185/235\n|\n|-heal|p2a: Chandelure|199/235|[from] item: Leftovers\n|-damage|p1a: Probopass|117/257 brn|[from] brn\n|upkeep\n|turn|40\n|\n|t:|1781466352\n|move|p2a: Chandelure|Energy Ball|p1a: Probopass\n|-damage|p1a: Probopass|67/257 brn\n|move|p1a: Probopass|Flash Cannon|p2a: Chandelure\n|-resisted|p2a: Chandelure\n|-damage|p2a: Chandelure|154/235\n|\n|-heal|p2a: Chandelure|168/235|[from] item: Leftovers\n|-damage|p1a: Probopass|51/257 brn|[from] brn\n|upkeep\n|turn|41\n|\n|t:|1781466358\n|move|p2a: Chandelure|Shadow Ball|p1a: Probopass\n|-damage|p1a: Probopass|0 fnt\n|faint|p1a: Probopass\n|\n|-heal|p2a: Chandelure|182/235|[from] item: Leftovers\n|upkeep\n|\n|t:|1781466361\n|switch|p1a: Registeel|Registeel, L81|262/262\n|turn|42\n|\n|t:|1781466363\n|move|p2a: Chandelure|Fire Blast|p1a: Registeel\n|-supereffective|p1a: Registeel\n|-damage|p1a: Registeel|64/262\n|move|p1a: Registeel|Iron Head|p2a: Chandelure\n|-resisted|p2a: Chandelure\n|-damage|p2a: Chandelure|150/235\n|\n|-heal|p2a: Chandelure|164/235|[from] item: Leftovers\n|upkeep\n|turn|43\n|\n|t:|1781466386\n|move|p2a: Chandelure|Shadow Ball|p1a: Registeel\n|-damage|p1a: Registeel|0 fnt\n|faint|p1a: Registeel\n|\n|win|Flei\n|l|\u2606shyshedinja\n|player|p1|\n", "inputlog": ">version a8376a258c1d4662feba110a92103f3664a72141\n>start {\"formatid\":\"gen9randombattle\",\"seed\":\"sodium,1d18b3833f6ef12e235816d9abe2d223\"}\n>player p1 {\"name\":\"shyshedinja\",\"avatar\":\"ash-kalos\",\"rating\":0,\"seed\":\"sodium,1146bd89a6797f63a501f01952b86558\"}\n>player p2 {\"name\":\"Flei\",\"avatar\":\"ghetsis-gen5bw\",\"rating\":0,\"seed\":\"sodium,f11d928beeecf42a360cfafe576cecbc\"}\n>p1 move irondefense\n>p2 switch 6\n>p1 switch 2\n>p2 move fireblast\n>p1 move leechseed\n>p2 switch 5\n>p1 switch 2\n>p2 move toxic\n>p1 move irondefense\n>p2 switch 5\n>p1 switch 2\n>p2 move trick\n>p1 move leechseed\n>p2 move shadowball\n>p1 switch 6\n>p2 move shadowball\n>p1 move throatchop\n>p2 switch 5\n>p1 move closecombat\n>p2 move protect\n>p1 move closecombat\n>p2 move foulplay terastallize\n>p1 switch 2\n>p2 move wish\n>p1 move irondefense\n>p2 switch 5\n>p1 switch 6\n>p2 move fireblast\n>p1 move leechseed\n>p2 move shadowball\n>p1 switch 2\n>p2 move fireblast\n>p1 move earthquake\n>p2 switch 6\n>p1 switch 6\n>p2 move playrough\n>p1 move irondefense\n>p2 move yawn\n>p1 switch 2\n>p2 switch 4\n>p1 move recover\n>p2 move psyshock\n>p1 switch 5\n>p1 move nastyplot\n>p2 move psyshock\n>p1 move thunderbolt\n>p2 move psyshock\n>p1 switch 6\n>chat \u2606Flei|Era Grass Knot o Alluring Voice?\n>chat \u2606shyshedinja|pq\n>p1 move throatchop\n>p2 move psyshock\n>p2 switch 4\n>chat \u2606Flei|Pa saber nom\u00e1s XD \n>chat \u2606shyshedinja|alluring\n>chat \u2606Flei|A\n>chat \u2606Flei|Ta bien \n>p1 switch 2\n>p2 move yawn\n>p1 move flashcannon\n>p2 move wish\n>p1 move flashcannon\n>p2 move protect\n>p1 move flashcannon\n>p2 move yawn\n>p1 switch 3\n>p2 move protect\n>p1 move ironhead\n>p2 switch 6\n>p1 switch 4\n>p2 move fireblast\n>p1 move knockoff\n>p2 move fireblast\n>chat \u2606shyshedinja|bro un team stall vs un team stall njoda\n>p1 switch 2\n>p1 move earthquake\n>p2 switch 6\n>p1 move bodyslam\n>p2 move protect\n>p1 move bodyslam\n>p2 move wish\n>p2 switch 3\n>p1 move closecombat terastallize\n>p2 move earthquake\n>p1 switch 4\n>p1 move irondefense\n>p2 switch 6\n>p1 switch 3\n>p2 move fireblast\n>p1 move flashcannon\n>p2 move fireblast\n>p1 move flashcannon\n>p2 move energyball\n>p1 move rest\n>p2 move shadowball\n>p1 switch 3\n>p1 move ironhead\n>p2 move fireblast\n>p1 move rest\n>p2 move shadowball", "uploadtime": 1781466389, "views": 6, "formatid": "gen9randombattle", "rating": null, "private": 0, "password": null}