{"id": "gen9randombattle-2631902999", "format": "[Gen 9] Random Battle", "players": ["Reulsen", "Chicken347"], "log": "|j|\u2606Reulsen\n|j|\u2606Chicken347\n|t:|1781453867\n|gametype|singles\n|player|p1|Reulsen|red|1963\n|player|p2|Chicken347|101|2040\n|gen|9\n|tier|[Gen 9] Random Battle\n|rated|\n|rule|Species Clause: Limit one of each Pok\u00e9mon\n|rule|HP Percentage Mod: HP is shown in percentages\n|rule|Sleep Clause Mod: Limit one foe put to sleep\n|rule|Illusion Level Mod: Illusion disguises the Pok\u00e9mon's true level\n|\n|t:|1781453867\n|teamsize|p1|6\n|teamsize|p2|6\n|start\n|switch|p1a: Latias|Latias, L79, F|256/256\n|switch|p2a: Toxapex|Toxapex, L82, M|216/216\n|turn|1\n|\n|t:|1781453876\n|switch|p2a: Scizor|Scizor, L79, F|240/240\n|move|p1a: Latias|Calm Mind|p1a: Latias\n|-boost|p1a: Latias|spa|1\n|-boost|p1a: Latias|spd|1\n|\n|upkeep\n|turn|2\n|inactive|Battle timer is ON: inactive players will automatically lose when time's up. (requested by Chicken347)\n|\n|t:|1781453912\n|-terastallize|p1a: Latias|Steel\n|move|p1a: Latias|Calm Mind|p1a: Latias\n|-boost|p1a: Latias|spa|1\n|-boost|p1a: Latias|spd|1\n|move|p2a: Scizor|Knock Off|p1a: Latias\n|-damage|p1a: Latias|151/256\n|-enditem|p1a: Latias|Soul Dew|[from] move: Knock Off|[of] p2a: Scizor\n|-damage|p2a: Scizor|216/240|[from] item: Life Orb\n|\n|upkeep\n|turn|3\n|\n|t:|1781453925\n|move|p1a: Latias|Recover|p1a: Latias\n|-heal|p1a: Latias|256/256\n|move|p2a: Scizor|Close Combat|p1a: Latias\n|-supereffective|p1a: Latias\n|-damage|p1a: Latias|12/256\n|-unboost|p2a: Scizor|def|1\n|-unboost|p2a: Scizor|spd|1\n|-damage|p2a: Scizor|192/240|[from] item: Life Orb\n|\n|upkeep\n|turn|4\n|\n|t:|1781453939\n|switch|p1a: Whiscash|Whiscash, L88, M|337/337\n|move|p2a: Scizor|Bullet Punch|p1a: Whiscash\n|-resisted|p1a: Whiscash\n|-damage|p1a: Whiscash|285/337\n|-damage|p2a: Scizor|168/240|[from] item: Life Orb\n|\n|upkeep\n|turn|5\n|\n|t:|1781453951\n|switch|p2a: Ludicolo|Ludicolo, L90, M|290/290\n|move|p1a: Whiscash|Dragon Dance|p1a: Whiscash\n|-boost|p1a: Whiscash|atk|1\n|-boost|p1a: Whiscash|spe|1\n|\n|upkeep\n|turn|6\n|\n|t:|1781453970\n|switch|p1a: Rayquaza|Rayquaza, L72|270/270\n|-ability|p1a: Rayquaza|Air Lock\n|move|p2a: Ludicolo|Rain Dance|p2a: Ludicolo\n|-weather|RainDance\n|\n|-weather|RainDance|[upkeep]\n|upkeep\n|turn|7\n|inactive|Reulsen has 120 seconds left.\n|\n|t:|1781454001\n|switch|p1a: Orthworm|Orthworm, L88, F|266/266\n|-terastallize|p2a: Ludicolo|Steel\n|move|p2a: Ludicolo|Ice Beam|p1a: Orthworm\n|-resisted|p1a: Orthworm\n|-damage|p1a: Orthworm|208/266\n|-damage|p2a: Ludicolo|261/290|[from] item: Life Orb\n|\n|-weather|RainDance|[upkeep]\n|-heal|p1a: Orthworm|224/266|[from] item: Leftovers\n|upkeep\n|turn|8\n|inactive|Reulsen has 120 seconds left.\n|\n|t:|1781454024\n|switch|p1a: Ditto|Ditto, L87|225/225\n|-transform|p1a: Ditto|p2a: Ludicolo|[from] ability: Imposter\n|move|p2a: Ludicolo|Hydro Pump|p1a: Ditto\n|-resisted|p1a: Ditto\n|-damage|p1a: Ditto|169/225\n|-damage|p2a: Ludicolo|232/290|[from] item: Life Orb\n|\n|-weather|RainDance|[upkeep]\n|upkeep\n|-start|p1a: Ditto|typechange|Water/Grass|[silent]\n|turn|9\n|\n|t:|1781454038\n|move|p1a: Ditto|Hydro Pump|p2a: Ludicolo\n|-damage|p2a: Ludicolo|88/290\n|move|p2a: Ludicolo|Giga Drain|p1a: Ditto\n|-crit|p1a: Ditto\n|-damage|p1a: Ditto|35/225\n|-heal|p2a: Ludicolo|155/290|[from] drain|[of] p1a: Ditto\n|-damage|p2a: Ludicolo|126/290|[from] item: Life Orb\n|\n|-weather|RainDance|[upkeep]\n|upkeep\n|turn|10\n|\n|t:|1781454050\n|switch|p2a: Flapple|Flapple, L88, F|266/266\n|move|p1a: Ditto|Hydro Pump|p2a: Flapple\n|-resisted|p2a: Flapple\n|-damage|p2a: Flapple|212/266\n|\n|-weather|none\n|upkeep\n|turn|11\n|inactive|Reulsen has 120 seconds left.\n|\n|t:|1781454058\n|switch|p1a: Orthworm|Orthworm, L88, F|224/266\n|move|p2a: Flapple|Dragon Dance|p2a: Flapple\n|-boost|p2a: Flapple|atk|1\n|-boost|p2a: Flapple|spe|1\n|\n|-heal|p1a: Orthworm|240/266|[from] item: Leftovers\n|upkeep\n|turn|12\n|\n|t:|1781454070\n|move|p2a: Flapple|Grav Apple|p1a: Orthworm\n|-resisted|p1a: Orthworm\n|-damage|p1a: Orthworm|161/266\n|-unboost|p1a: Orthworm|def|1\n|move|p1a: Orthworm|Heavy Slam|p2a: Flapple\n|-damage|p2a: Flapple|77/266\n|\n|-heal|p1a: Orthworm|177/266|[from] item: Leftovers\n|upkeep\n|turn|13\n|\n|t:|1781454078\n|move|p2a: Flapple|Outrage|p1a: Orthworm\n|-resisted|p1a: Orthworm\n|-damage|p1a: Orthworm|7/266\n|move|p1a: Orthworm|Heavy Slam|p2a: Flapple\n|-damage|p2a: Flapple|0 fnt\n|faint|p2a: Flapple\n|\n|-heal|p1a: Orthworm|23/266|[from] item: Leftovers\n|upkeep\n|\n|t:|1781454094\n|switch|p2a: Ludicolo|Ludicolo, L90, M, tera:Steel|126/290\n|turn|14\n|\n|t:|1781454099\n|move|p2a: Ludicolo|Giga Drain|p1a: Orthworm\n|-resisted|p1a: Orthworm\n|-damage|p1a: Orthworm|0 fnt\n|-heal|p2a: Ludicolo|138/290|[from] drain|[of] p1a: Orthworm\n|faint|p1a: Orthworm\n|-damage|p2a: Ludicolo|109/290|[from] item: Life Orb\n|\n|upkeep\n|\n|t:|1781454110\n|switch|p1a: Rayquaza|Rayquaza, L72|270/270\n|-ability|p1a: Rayquaza|Air Lock\n|turn|15\n|\n|t:|1781454116\n|move|p1a: Rayquaza|Earthquake|p2a: Ludicolo\n|-supereffective|p2a: Ludicolo\n|-damage|p2a: Ludicolo|0 fnt\n|faint|p2a: Ludicolo\n|\n|upkeep\n|\n|t:|1781454124\n|switch|p2a: Toxapex|Toxapex, L82, M|216/216\n|turn|16\n|\n|t:|1781454140\n|switch|p1a: Latias|Latias, L79, F, tera:Steel|12/256\n|move|p2a: Toxapex|Toxic Spikes|p1a: Latias\n|-sidestart|p1: Reulsen|move: Toxic Spikes\n|\n|upkeep\n|turn|17\n|\n|t:|1781454145\n|switch|p2a: Scizor|Scizor, L79, F|168/240\n|move|p1a: Latias|Recover|p1a: Latias\n|-heal|p1a: Latias|140/256\n|\n|upkeep\n|turn|18\n|\n|t:|1781454176\n|switch|p1a: Rayquaza|Rayquaza, L72|270/270\n|-ability|p1a: Rayquaza|Air Lock\n|move|p2a: Scizor|Swords Dance|p2a: Scizor\n|-boost|p2a: Scizor|atk|2\n|\n|upkeep\n|turn|19\n|inactive|Reulsen has 120 seconds left.\n|\n|t:|1781454200\n|switch|p1a: Ditto|Ditto, L87|35/225\n|-status|p1a: Ditto|psn\n|-transform|p1a: Ditto|p2a: Scizor|[from] ability: Imposter\n|move|p2a: Scizor|Bullet Punch|p1a: Ditto\n|-resisted|p1a: Ditto\n|-damage|p1a: Ditto|0 fnt\n|faint|p1a: Ditto\n|-damage|p2a: Scizor|144/240|[from] item: Life Orb\n|\n|upkeep\n|\n|t:|1781454219\n|switch|p1a: Whiscash|Whiscash, L88, M|285/337\n|-status|p1a: Whiscash|psn\n|turn|20\n|\n|t:|1781454235\n|move|p1a: Whiscash|Earthquake|p2a: Scizor\n|-damage|p2a: Scizor|18/240\n|-damage|p1a: Whiscash|252/337 psn|[from] item: Life Orb\n|move|p2a: Scizor|Close Combat|p1a: Whiscash\n|-damage|p1a: Whiscash|0 fnt\n|-unboost|p2a: Scizor|def|1\n|-unboost|p2a: Scizor|spd|1\n|faint|p1a: Whiscash\n|-damage|p2a: Scizor|0 fnt|[from] item: Life Orb\n|faint|p2a: Scizor\n|\n|upkeep\n|inactive|Chicken347 has 120 seconds left.\n|\n|t:|1781454260\n|switch|p1a: Latias|Latias, L79, F, tera:Steel|140/256\n|switch|p2a: Munkidori|Munkidori, L79, M|269/269\n|turn|21\n|\n|t:|1781454275\n|move|p2a: Munkidori|Fake Out|p1a: Latias\n|-resisted|p1a: Latias\n|-damage|p1a: Latias|128/256\n|cant|p1a: Latias|flinch\n|\n|upkeep\n|turn|22\n|\n|t:|1781454285\n|move|p1a: Latias|Calm Mind|p1a: Latias\n|-boost|p1a: Latias|spa|1\n|-boost|p1a: Latias|spd|1\n|move|p2a: Munkidori|U-turn|p1a: Latias\n|-resisted|p1a: Latias\n|-damage|p1a: Latias|109/256\n|\n|t:|1781454295\n|switch|p2a: Archaludon|Archaludon, L78, M|268/268|[from] U-turn\n|\n|upkeep\n|turn|23\n|\n|t:|1781454304\n|move|p1a: Latias|Recover|p1a: Latias\n|-heal|p1a: Latias|237/256\n|move|p2a: Archaludon|Swords Dance|p2a: Archaludon\n|-boost|p2a: Archaludon|atk|2\n|\n|upkeep\n|turn|24\n|inactive|Reulsen has 120 seconds left.\n|\n|t:|1781454320\n|move|p1a: Latias|Draco Meteor|p2a: Archaludon\n|-damage|p2a: Archaludon|0 fnt\n|-unboost|p1a: Latias|spa|2\n|faint|p2a: Archaludon\n|\n|upkeep\n|\n|t:|1781454326\n|switch|p2a: Toxapex|Toxapex, L82, M|216/216\n|turn|25\n|-message|Chicken347 forfeited.\n|\n|win|Reulsen\n", "inputlog": ">version a8376a258c1d4662feba110a92103f3664a72141\n>start {\"formatid\":\"gen9randombattle\",\"seed\":\"sodium,f822b3834457ac464374faa50661b2a3\",\"rated\":\"Rated battle\"}\n>player p1 {\"name\":\"Reulsen\",\"avatar\":\"red\",\"rating\":1963,\"seed\":\"sodium,b35d9533a49f71c5806086a69ae17eaf\"}\n>player p2 {\"name\":\"Chicken347\",\"avatar\":\"101\",\"rating\":2040,\"seed\":\"sodium,f7e39a6b78eceb5262b96324fb14f4fa\"}\n>p1 move calmmind\n>p2 switch 5\n>p1 move calmmind terastallize\n>p2 move knockoff\n>p1 move recover\n>p2 move closecombat\n>p1 switch 6\n>p2 move bulletpunch\n>p1 move dragondance\n>p2 switch 4\n>p1 switch 5\n>p2 move raindance\n>p1 switch 3\n>p2 move icebeam terastallize\n>p1 switch 2\n>p2 move hydropump\n>p1 move hydropump\n>p2 move gigadrain\n>p1 move hydropump\n>p2 switch 3\n>p1 switch 2\n>p2 move dragondance\n>p1 move heavyslam\n>p2 move gravapple\n>p1 move heavyslam\n>p2 move outrage\n>p2 switch 3\n>p1 move bodypress\n>p2 move gigadrain\n>p1 switch 3\n>p1 move earthquake\n>p2 move icebeam\n>p2 switch 5\n>p1 switch 6\n>p2 move toxicspikes\n>p1 move recover\n>p2 switch 4\n>p1 switch 6\n>p2 move swordsdance\n>p1 switch 2\n>p2 move bulletpunch\n>p1 switch 5\n>p1 move earthquake\n>p2 move closecombat\n>p1 switch 6\n>p2 switch 2\n>p1 move calmmind\n>p2 move fakeout\n>p1 move calmmind\n>p2 move uturn\n>p2 switch 6\n>p1 move recover\n>p2 move swordsdance\n>p1 move dracometeor\n>p2 move outrage\n>p2 switch 4\n>forcelose p2", "uploadtime": 1781453869, "views": 6, "formatid": "gen9randombattle", "rating": null, "private": 0, "password": null}