{"id": "gen9randombattle-2631560227", "format": "[Gen 9] Random Battle", "players": ["Radishesunderrated", "Lackt333"], "log": "|j|\u2606Radishesunderrated\n|j|\u2606Lackt333\n|t:|1781401396\n|gametype|singles\n|player|p1|Radishesunderrated|harlequin|1903\n|player|p2|Lackt333|101|1927\n|gen|9\n|tier|[Gen 9] Random Battle\n|rated|\n|rule|Species Clause: Limit one of each Pok\u00e9mon\n|rule|HP Percentage Mod: HP is shown in percentages\n|rule|Sleep Clause Mod: Limit one foe put to sleep\n|rule|Illusion Level Mod: Illusion disguises the Pok\u00e9mon's true level\n|\n|t:|1781401396\n|teamsize|p1|6\n|teamsize|p2|6\n|start\n|switch|p1a: Ariados|Ariados, L95, M|287/287\n|switch|p2a: Lugia|Lugia, L73|275/275\n|turn|1\n|c|\u2606Radishesunderrated|Glhf\n|\n|t:|1781401413\n|switch|p1a: Jirachi|Jirachi, L80|291/291\n|move|p2a: Lugia|Aeroblast|p1a: Jirachi\n|-resisted|p1a: Jirachi\n|-damage|p1a: Jirachi|252/291\n|\n|-heal|p1a: Jirachi|270/291|[from] item: Leftovers\n|upkeep\n|turn|2\n|\n|t:|1781401422\n|switch|p2a: Swalot|Swalot, L90, F|326/326\n|move|p1a: Jirachi|Body Slam|p2a: Swalot\n|-damage|p2a: Swalot|267/326\n|-status|p2a: Swalot|par\n|\n|-heal|p1a: Jirachi|288/291|[from] item: Leftovers\n|-heal|p2a: Swalot|287/326 par|[from] item: Leftovers\n|upkeep\n|turn|3\n|\n|t:|1781401428\n|move|p1a: Jirachi|Iron Head|p2a: Swalot\n|-damage|p2a: Swalot|205/326 par\n|move|p2a: Swalot|Earthquake|p1a: Jirachi\n|-supereffective|p1a: Jirachi\n|-damage|p1a: Jirachi|160/291\n|\n|-heal|p1a: Jirachi|178/291|[from] item: Leftovers\n|-heal|p2a: Swalot|225/326 par|[from] item: Leftovers\n|upkeep\n|turn|4\n|\n|t:|1781401432\n|move|p1a: Jirachi|Wish|p1a: Jirachi\n|move|p2a: Swalot|Earthquake|p1a: Jirachi\n|-supereffective|p1a: Jirachi\n|-damage|p1a: Jirachi|42/291\n|\n|-heal|p1a: Jirachi|60/291|[from] item: Leftovers\n|-heal|p2a: Swalot|245/326 par|[from] item: Leftovers\n|upkeep\n|turn|5\n|\n|t:|1781401436\n|move|p1a: Jirachi|Protect|p1a: Jirachi\n|-singleturn|p1a: Jirachi|Protect\n|move|p2a: Swalot|Earthquake|p1a: Jirachi\n|-activate|p1a: Jirachi|move: Protect\n|\n|-heal|p1a: Jirachi|205/291|[from] move: Wish|[wisher] Jirachi\n|-heal|p1a: Jirachi|223/291|[from] item: Leftovers\n|-heal|p2a: Swalot|265/326 par|[from] item: Leftovers\n|upkeep\n|turn|6\n|\n|t:|1781401438\n|move|p1a: Jirachi|Wish|p1a: Jirachi\n|move|p2a: Swalot|Earthquake|p1a: Jirachi\n|-supereffective|p1a: Jirachi\n|-damage|p1a: Jirachi|95/291\n|\n|-heal|p1a: Jirachi|113/291|[from] item: Leftovers\n|-heal|p2a: Swalot|285/326 par|[from] item: Leftovers\n|upkeep\n|turn|7\n|\n|t:|1781401446\n|switch|p2a: Electivire|Electivire, L84, F|263/263\n|move|p1a: Jirachi|Protect||[still]\n|-fail|p1a: Jirachi\n|\n|-heal|p1a: Jirachi|258/291|[from] move: Wish|[wisher] Jirachi\n|-heal|p1a: Jirachi|276/291|[from] item: Leftovers\n|upkeep\n|turn|8\n|\n|t:|1781401453\n|switch|p1a: Chesnaught|Chesnaught, L84, F|285/285\n|move|p2a: Electivire|Knock Off|p1a: Chesnaught\n|-resisted|p1a: Chesnaught\n|-damage|p1a: Chesnaught|236/285\n|-enditem|p1a: Chesnaught|Leftovers|[from] move: Knock Off|[of] p2a: Electivire\n|\n|upkeep\n|turn|9\n|\n|t:|1781401458\n|switch|p2a: Lugia|Lugia, L73|275/275\n|move|p1a: Chesnaught|Iron Defense|p1a: Chesnaught\n|-boost|p1a: Chesnaught|def|2\n|\n|upkeep\n|turn|10\n|\n|t:|1781401464\n|switch|p1a: Jirachi|Jirachi, L80|276/291\n|move|p2a: Lugia|Aeroblast|p1a: Jirachi\n|-resisted|p1a: Jirachi\n|-damage|p1a: Jirachi|242/291\n|\n|-heal|p1a: Jirachi|260/291|[from] item: Leftovers\n|upkeep\n|turn|11\n|\n|t:|1781401468\n|switch|p2a: Electivire|Electivire, L84, F|263/263\n|move|p1a: Jirachi|Body Slam|p2a: Electivire\n|-damage|p2a: Electivire|193/263\n|\n|-heal|p1a: Jirachi|278/291|[from] item: Leftovers\n|upkeep\n|turn|12\n|\n|t:|1781401475\n|switch|p1a: Chesnaught|Chesnaught, L84, F|236/285\n|move|p2a: Electivire|Ice Punch|p1a: Chesnaught\n|-supereffective|p1a: Chesnaught\n|-damage|p1a: Chesnaught|80/285\n|\n|upkeep\n|turn|13\n|\n|t:|1781401488\n|switch|p1a: Archaludon|Archaludon, L78, F|268/268\n|move|p2a: Electivire|Ice Punch|p1a: Archaludon\n|-damage|p1a: Archaludon|191/268\n|-ability|p1a: Archaludon|Stamina|boost\n|-boost|p1a: Archaludon|def|1\n|\n|-heal|p1a: Archaludon|207/268|[from] item: Leftovers\n|upkeep\n|turn|14\n|\n|t:|1781401498\n|switch|p2a: Swalot|Swalot, L90, F|285/326 par\n|move|p1a: Archaludon|Body Press|p2a: Swalot\n|-resisted|p2a: Swalot\n|-damage|p2a: Swalot|239/326 par\n|\n|-heal|p1a: Archaludon|223/268|[from] item: Leftovers\n|-heal|p2a: Swalot|259/326 par|[from] item: Leftovers\n|upkeep\n|turn|15\n|\n|t:|1781401502\n|move|p1a: Archaludon|Flash Cannon|p2a: Swalot\n|-damage|p2a: Swalot|166/326 par\n|-unboost|p2a: Swalot|spd|1\n|cant|p2a: Swalot|par\n|\n|-heal|p1a: Archaludon|239/268|[from] item: Leftovers\n|-heal|p2a: Swalot|186/326 par|[from] item: Leftovers\n|upkeep\n|turn|16\n|\n|t:|1781401508\n|move|p1a: Archaludon|Flash Cannon|p2a: Swalot\n|-damage|p2a: Swalot|42/326 par\n|move|p2a: Swalot|Earthquake|p1a: Archaludon\n|-supereffective|p1a: Archaludon\n|-damage|p1a: Archaludon|169/268\n|-ability|p1a: Archaludon|Stamina|boost\n|-boost|p1a: Archaludon|def|1\n|\n|-heal|p1a: Archaludon|185/268|[from] item: Leftovers\n|-heal|p2a: Swalot|62/326 par|[from] item: Leftovers\n|upkeep\n|turn|17\n|\n|t:|1781401515\n|move|p1a: Archaludon|Flash Cannon|p2a: Swalot\n|-damage|p2a: Swalot|0 fnt\n|faint|p2a: Swalot\n|\n|-heal|p1a: Archaludon|201/268|[from] item: Leftovers\n|upkeep\n|\n|t:|1781401517\n|switch|p2a: Ditto|Ditto, L87|225/225\n|-transform|p2a: Ditto|p1a: Archaludon|[from] ability: Imposter\n|turn|18\n|\n|t:|1781401523\n|switch|p1a: Ariados|Ariados, L95, M|287/287\n|move|p2a: Ditto|Body Press|p1a: Ariados\n|-resisted|p1a: Ariados\n|-damage|p1a: Ariados|254/287\n|\n|upkeep\n|turn|19\n|\n|t:|1781401527\n|switch|p2a: Smeargle|Smeargle, L95, M|258/258\n|move|p1a: Ariados|Sticky Web|p2a: Smeargle\n|-sidestart|p2: Lackt333|move: Sticky Web\n|\n|upkeep\n|turn|20\n|\n|t:|1781401533\n|move|p2a: Smeargle|Sticky Web|p1a: Ariados\n|-sidestart|p1: Radishesunderrated|move: Sticky Web\n|move|p1a: Ariados|Knock Off|p2a: Smeargle\n|-damage|p2a: Smeargle|125/258\n|-enditem|p2a: Smeargle|Focus Sash|[from] move: Knock Off|[of] p1a: Ariados\n|\n|upkeep\n|turn|21\n|\n|t:|1781401542\n|move|p2a: Smeargle|Spore|p1a: Ariados\n|-immune|p1a: Ariados|[from] ability: Insomnia\n|move|p1a: Ariados|Poison Jab|p2a: Smeargle\n|-damage|p2a: Smeargle|0 fnt\n|faint|p2a: Smeargle\n|\n|upkeep\n|\n|t:|1781401549\n|switch|p2a: Lugia|Lugia, L73|275/275\n|turn|22\n|\n|t:|1781401552\n|switch|p2a: Malamar|Malamar, L82, F|275/275\n|-activate|p2a: Malamar|move: Sticky Web\n|-boost|p2a: Malamar|spe|1\n|move|p1a: Ariados|Knock Off|p2a: Malamar\n|-damage|p2a: Malamar|195/275\n|-enditem|p2a: Malamar|Leftovers|[from] move: Knock Off|[of] p1a: Ariados\n|\n|upkeep\n|turn|23\n|\n|t:|1781401559\n|move|p2a: Malamar|Superpower|p1a: Ariados\n|-resisted|p1a: Ariados\n|-damage|p1a: Ariados|236/287\n|-boost|p2a: Malamar|atk|1\n|-boost|p2a: Malamar|def|1\n|move|p1a: Ariados|Megahorn|p2a: Malamar\n|-supereffective|p2a: Malamar\n|-crit|p2a: Malamar\n|-damage|p2a: Malamar|0 fnt\n|faint|p2a: Malamar\n|\n|upkeep\n|-message|Lackt333 forfeited.\n|\n|win|Radishesunderrated\n", "inputlog": ">version a8376a258c1d4662feba110a92103f3664a72141\n>start {\"formatid\":\"gen9randombattle\",\"seed\":\"sodium,f303a664235460a04a58280cf6b6052f\",\"rated\":\"Rated battle\"}\n>player p1 {\"name\":\"Radishesunderrated\",\"avatar\":\"harlequin\",\"rating\":1903,\"seed\":\"sodium,4c936550dad465587327dcfaceed625b\"}\n>player p2 {\"name\":\"Lackt333\",\"avatar\":\"101\",\"rating\":1927,\"seed\":\"sodium,200a58681c66e79f3a7d0959f4bf89a2\"}\n>chat \u2606Radishesunderrated|Glhf\n>p1 switch 6\n>p2 move aeroblast\n>p1 move bodyslam\n>p2 switch 2\n>p1 move ironhead\n>p2 move earthquake\n>p1 move wish\n>p2 move earthquake\n>p1 move protect\n>p2 move earthquake\n>p1 move wish\n>p2 move earthquake\n>p1 move protect\n>p2 switch 6\n>p1 switch 3\n>p2 move knockoff\n>p1 move irondefense\n>p2 switch 2\n>p1 switch 3\n>p2 move aeroblast\n>p1 move bodyslam\n>p2 switch 2\n>p1 switch 3\n>p2 move icepunch\n>p1 switch 4\n>p2 move icepunch\n>p1 move bodypress\n>p2 switch 6\n>p1 move flashcannon\n>p2 move earthquake\n>p1 move flashcannon\n>p2 move earthquake\n>p1 move flashcannon\n>p2 move earthquake\n>p2 switch 5\n>p1 switch 6\n>p2 move bodypress\n>p1 move stickyweb\n>p2 switch 4\n>p1 move knockoff\n>p2 move stickyweb\n>p1 move poisonjab\n>p2 move spore\n>p2 switch 2\n>p1 move knockoff\n>p2 switch 3\n>p1 move megahorn\n>p2 move superpower\n>forcelose p2", "uploadtime": 1781401397, "views": 4, "formatid": "gen9randombattle", "rating": null, "private": 0, "password": null}