{"id": "gen9randombattle-2631408085", "format": "[Gen 9] Random Battle", "players": ["Coopman35", "BartSimpleton"], "log": "|j|\u2606Coopman35\n|j|\u2606BartSimpleton\n|t:|1781381031\n|gametype|singles\n|player|p1|Coopman35|bruno|1948\n|player|p2|BartSimpleton|170|1913\n|gen|9\n|tier|[Gen 9] Random Battle\n|rated|\n|rule|Species Clause: Limit one of each Pok\u00e9mon\n|rule|HP Percentage Mod: HP is shown in percentages\n|rule|Sleep Clause Mod: Limit one foe put to sleep\n|rule|Illusion Level Mod: Illusion disguises the Pok\u00e9mon's true level\n|\n|t:|1781381031\n|teamsize|p1|6\n|teamsize|p2|6\n|start\n|switch|p1a: Keldeo|Keldeo-Resolute, L79|273/273\n|switch|p2a: Greedent|Greedent, L86, M|347/347\n|turn|1\n|\n|t:|1781381054\n|move|p1a: Keldeo|Substitute|p1a: Keldeo\n|-start|p1a: Keldeo|Substitute\n|-damage|p1a: Keldeo|205/273\n|move|p2a: Greedent|Body Slam|p1a: Keldeo\n|-end|p1a: Keldeo|Substitute\n|\n|-heal|p1a: Keldeo|222/273|[from] item: Leftovers\n|upkeep\n|turn|2\n|\n|t:|1781381057\n|move|p1a: Keldeo|Calm Mind|p1a: Keldeo\n|-boost|p1a: Keldeo|spa|1\n|-boost|p1a: Keldeo|spd|1\n|move|p2a: Greedent|Body Slam|p1a: Keldeo\n|-damage|p1a: Keldeo|128/273\n|\n|-heal|p1a: Keldeo|145/273|[from] item: Leftovers\n|upkeep\n|turn|3\n|\n|t:|1781381065\n|move|p1a: Keldeo|Secret Sword|p2a: Greedent\n|-supereffective|p2a: Greedent\n|-damage|p2a: Greedent|47/347\n|-enditem|p2a: Greedent|Sitrus Berry|[eat]\n|-heal|p2a: Greedent|133/347|[from] item: Sitrus Berry\n|-heal|p2a: Greedent|248/347|[from] ability: Cheek Pouch\n|move|p2a: Greedent|Body Slam|p1a: Keldeo\n|-damage|p1a: Keldeo|40/273\n|\n|-heal|p1a: Keldeo|57/273|[from] item: Leftovers\n|upkeep\n|turn|4\n|\n|t:|1781381071\n|-terastallize|p2a: Greedent|Ground\n|move|p1a: Keldeo|Secret Sword|p2a: Greedent\n|-damage|p2a: Greedent|98/347\n|move|p2a: Greedent|Body Slam|p1a: Keldeo\n|-damage|p1a: Keldeo|0 fnt\n|faint|p1a: Keldeo\n|\n|upkeep\n|\n|t:|1781381081\n|switch|p1a: Armarouge|Armarouge, L80, F|267/267\n|turn|5\n|\n|t:|1781381084\n|move|p1a: Armarouge|Psyshock|p2a: Greedent\n|-damage|p2a: Greedent|0 fnt\n|faint|p2a: Greedent\n|\n|upkeep\n|\n|t:|1781381088\n|switch|p2a: Golurk|Golurk, L87|297/297\n|turn|6\n|\n|t:|1781381093\n|move|p1a: Armarouge|Psyshock|p2a: Golurk\n|-damage|p2a: Golurk|144/297\n|move|p2a: Golurk|Poltergeist|p1a: Armarouge\n|-activate|p1a: Armarouge|move: Poltergeist|Choice Specs\n|-supereffective|p1a: Armarouge\n|-damage|p1a: Armarouge|0 fnt\n|faint|p1a: Armarouge\n|-damage|p2a: Golurk|115/297|[from] item: Life Orb\n|\n|upkeep\n|\n|t:|1781381101\n|switch|p1a: Greedent|Greedent, L86, M|347/347\n|turn|7\n|\n|t:|1781381109\n|move|p2a: Golurk|Stealth Rock|p1a: Greedent\n|-sidestart|p1: Coopman35|move: Stealth Rock\n|move|p1a: Greedent|Knock Off|p2a: Golurk\n|-supereffective|p2a: Golurk\n|-damage|p2a: Golurk|0 fnt\n|-enditem|p2a: Golurk|Life Orb|[from] move: Knock Off|[of] p1a: Greedent\n|faint|p2a: Golurk\n|\n|upkeep\n|\n|t:|1781381118\n|switch|p2a: Whiscash|Whiscash, L88, M|337/337\n|turn|8\n|\n|t:|1781381123\n|move|p2a: Whiscash|Dragon Dance|p2a: Whiscash\n|-boost|p2a: Whiscash|atk|1\n|-boost|p2a: Whiscash|spe|1\n|move|p1a: Greedent|Swords Dance|p1a: Greedent\n|-boost|p1a: Greedent|atk|2\n|\n|upkeep\n|turn|9\n|\n|t:|1781381129\n|move|p2a: Whiscash|Liquidation|p1a: Greedent\n|-damage|p1a: Greedent|195/347\n|-unboost|p1a: Greedent|def|1\n|-damage|p2a: Whiscash|304/337|[from] item: Life Orb\n|move|p1a: Greedent|Body Slam|p2a: Whiscash\n|-damage|p2a: Whiscash|102/337\n|\n|upkeep\n|turn|10\n|\n|t:|1781381137\n|switch|p1a: Eternatus|Eternatus, L69|308/308\n|-damage|p1a: Eternatus|270/308|[from] Stealth Rock\n|-ability|p1a: Eternatus|Pressure\n|move|p2a: Whiscash|Liquidation|p1a: Eternatus\n|-resisted|p1a: Eternatus\n|-damage|p1a: Eternatus|170/308\n|-damage|p2a: Whiscash|69/337|[from] item: Life Orb\n|\n|upkeep\n|turn|11\n|\n|t:|1781381172\n|move|p2a: Whiscash|Earthquake|p1a: Eternatus\n|-supereffective|p1a: Eternatus\n|-damage|p1a: Eternatus|0 fnt\n|faint|p1a: Eternatus\n|-damage|p2a: Whiscash|36/337|[from] item: Life Orb\n|\n|upkeep\n|\n|t:|1781381174\n|switch|p1a: Greedent|Greedent, L86, M|195/347\n|-damage|p1a: Greedent|152/347|[from] Stealth Rock\n|-enditem|p1a: Greedent|Sitrus Berry|[eat]\n|-heal|p1a: Greedent|238/347|[from] item: Sitrus Berry\n|-heal|p1a: Greedent|347/347|[from] ability: Cheek Pouch\n|turn|12\n|\n|t:|1781381178\n|move|p2a: Whiscash|Liquidation|p1a: Greedent\n|-damage|p1a: Greedent|198/347\n|-damage|p2a: Whiscash|3/337|[from] item: Life Orb\n|move|p1a: Greedent|Knock Off|p2a: Whiscash\n|-damage|p2a: Whiscash|0 fnt\n|-enditem|p2a: Whiscash|Life Orb|[from] move: Knock Off|[of] p1a: Greedent\n|faint|p2a: Whiscash\n|\n|upkeep\n|\n|t:|1781381186\n|switch|p2a: Darkrai|Darkrai, L77|234/234\n|turn|13\n|\n|t:|1781381188\n|move|p2a: Darkrai|Nasty Plot|p2a: Darkrai\n|-boost|p2a: Darkrai|spa|2\n|move|p1a: Greedent|Body Slam|p2a: Darkrai\n|-damage|p2a: Darkrai|134/234\n|\n|-heal|p2a: Darkrai|148/234|[from] item: Leftovers\n|upkeep\n|turn|14\n|\n|t:|1781381193\n|move|p2a: Darkrai|Dark Pulse|p1a: Greedent\n|-damage|p1a: Greedent|2/347\n|move|p1a: Greedent|Body Slam|p2a: Darkrai\n|-damage|p2a: Darkrai|52/234\n|-status|p2a: Darkrai|par\n|\n|-heal|p2a: Darkrai|66/234 par|[from] item: Leftovers\n|upkeep\n|turn|15\n|\n|t:|1781381196\n|move|p2a: Darkrai|Dark Pulse|p1a: Greedent\n|-damage|p1a: Greedent|0 fnt\n|faint|p1a: Greedent\n|\n|-heal|p2a: Darkrai|80/234 par|[from] item: Leftovers\n|upkeep\n|\n|t:|1781381198\n|switch|p1a: Clodsire|Clodsire, L81, F|343/343\n|-damage|p1a: Clodsire|322/343|[from] Stealth Rock\n|turn|16\n|\n|t:|1781381201\n|move|p2a: Darkrai|Dark Pulse|p1a: Clodsire\n|-damage|p1a: Clodsire|241/343\n|move|p1a: Clodsire|Earthquake|p2a: Darkrai\n|-damage|p2a: Darkrai|0 fnt\n|faint|p2a: Darkrai\n|\n|-heal|p1a: Clodsire|262/343|[from] item: Leftovers\n|upkeep\n|\n|t:|1781381205\n|switch|p2a: Raichu|Raichu, L88, F|235/235\n|turn|17\n|\n|t:|1781381210\n|move|p2a: Raichu|Dark Pulse|p1a: Clodsire\n|-damage|p1a: Clodsire|145/343\n|-damage|p2a: Raichu|212/235|[from] item: Life Orb\n|move|p1a: Clodsire|Earthquake|p2a: Raichu\n|-crit|p2a: Raichu\n|-damage|p2a: Raichu|55/235\n|replace|p2a: Zoroark|Zoroark, L83, F\n|-end|p2a: Zoroark|Illusion\n|-hint|Illusion Level Mod is active, so this Pok\u00e9mon's true level was hidden.\n|\n|-heal|p1a: Clodsire|166/343|[from] item: Leftovers\n|upkeep\n|turn|18\n|\n|t:|1781381218\n|move|p2a: Zoroark|Dark Pulse|p1a: Clodsire\n|-damage|p1a: Clodsire|45/343\n|-damage|p2a: Zoroark|32/235|[from] item: Life Orb\n|move|p1a: Clodsire|Earthquake|p2a: Zoroark\n|-damage|p2a: Zoroark|0 fnt\n|faint|p2a: Zoroark\n|\n|-heal|p1a: Clodsire|66/343|[from] item: Leftovers\n|upkeep\n|\n|t:|1781381221\n|switch|p2a: Raichu|Raichu, L88, F|249/249\n|turn|19\n|\n|t:|1781381224\n|move|p2a: Raichu|Grass Knot|p1a: Clodsire\n|-damage|p1a: Clodsire|0 fnt\n|faint|p1a: Clodsire\n|\n|upkeep\n|\n|t:|1781381227\n|switch|p1a: Torterra|Torterra, L78, F|276/276\n|-damage|p1a: Torterra|259/276|[from] Stealth Rock\n|turn|20\n|\n|t:|1781381232\n|-terastallize|p1a: Torterra|Grass\n|move|p2a: Raichu|Grass Knot|p1a: Torterra\n|-resisted|p1a: Torterra\n|-damage|p1a: Torterra|192/276\n|move|p1a: Torterra|Shell Smash|p1a: Torterra\n|-unboost|p1a: Torterra|def|1\n|-unboost|p1a: Torterra|spd|1\n|-boost|p1a: Torterra|atk|2\n|-boost|p1a: Torterra|spa|2\n|-boost|p1a: Torterra|spe|2\n|\n|upkeep\n|turn|21\n|\n|t:|1781381234\n|move|p1a: Torterra|Headlong Rush|p2a: Raichu\n|-supereffective|p2a: Raichu\n|-damage|p2a: Raichu|0 fnt\n|-unboost|p1a: Torterra|def|1\n|-unboost|p1a: Torterra|spd|1\n|faint|p2a: Raichu\n|\n|win|Coopman35\n", "inputlog": ">version a8376a258c1d4662feba110a92103f3664a72141\n>start {\"formatid\":\"gen9randombattle\",\"seed\":\"sodium,97f641c451ea251d4de6102e09e02fe7\",\"rated\":\"Rated battle\"}\n>player p1 {\"name\":\"Coopman35\",\"avatar\":\"bruno\",\"rating\":1948,\"seed\":\"sodium,5692adb058cd912fe109f2ecf340656e\"}\n>player p2 {\"name\":\"BartSimpleton\",\"avatar\":\"170\",\"rating\":1913,\"seed\":\"sodium,5c0541f688321820b1591e2cd0b2b926\"}\n>p1 move substitute\n>p2 move bodyslam\n>p1 move calmmind\n>p2 move bodyslam\n>p1 move secretsword\n>p2 move bodyslam\n>p1 move secretsword\n>p2 move bodyslam terastallize\n>p1 switch 2\n>p1 move psyshock\n>p2 move earthquake\n>p2 switch 5\n>p1 move psyshock\n>p2 move poltergeist\n>p1 switch 4\n>p1 move knockoff\n>p2 move stealthrock\n>p2 switch 2\n>p1 move swordsdance\n>p2 move dragondance\n>p1 move bodyslam\n>p2 move liquidation\n>p1 switch 5\n>p2 move liquidation\n>p1 move dynamaxcannon\n>p2 move earthquake\n>p1 switch 5\n>p1 move knockoff\n>p2 move liquidation\n>p2 switch 3\n>p1 move bodyslam\n>p2 move nastyplot\n>p1 move bodyslam\n>p2 move darkpulse\n>p1 move bodyslam\n>p2 move darkpulse\n>p1 switch 3\n>p1 move earthquake\n>p2 move darkpulse\n>p2 switch 4\n>p1 move earthquake\n>p2 move darkpulse\n>p1 move earthquake\n>p2 move darkpulse\n>p2 switch 6\n>p1 move earthquake\n>p2 move grassknot\n>p1 switch 6\n>p1 move shellsmash terastallize\n>p2 move grassknot\n>p1 move headlongrush\n>p2 move grassknot", "uploadtime": 1781381033, "views": 12, "formatid": "gen9randombattle", "rating": null, "private": 0, "password": null}