{"id": "gen9randombattle-2631785943", "format": "[Gen 9] Random Battle", "players": ["Chicken347", "vCreeze"], "log": "|j|\u2606Chicken347\n|j|\u2606vCreeze\n|t:|1781439407\n|gametype|singles\n|player|p1|Chicken347|101|2027\n|player|p2|vCreeze|marnie-masters|1994\n|gen|9\n|tier|[Gen 9] Random Battle\n|rated|\n|rule|Species Clause: Limit one of each Pok\u00e9mon\n|rule|HP Percentage Mod: HP is shown in percentages\n|rule|Sleep Clause Mod: Limit one foe put to sleep\n|rule|Illusion Level Mod: Illusion disguises the Pok\u00e9mon's true level\n|\n|t:|1781439407\n|teamsize|p1|6\n|teamsize|p2|6\n|start\n|switch|p1a: Meowstic|Meowstic-F, L89, F|277/277\n|switch|p2a: Sylveon|Sylveon, L85, M|300/300\n|turn|1\n|inactive|Battle timer is ON: inactive players will automatically lose when time's up. (requested by Chicken347)\n|\n|t:|1781439432\n|switch|p1a: Piloswine|Piloswine, L85, M|309/309\n|move|p2a: Sylveon|Hyper Voice|p1a: Piloswine\n|-damage|p1a: Piloswine|192/309\n|\n|upkeep\n|turn|2\n|\n|t:|1781439445\n|move|p2a: Sylveon|Hyper Voice|p1a: Piloswine\n|-damage|p1a: Piloswine|84/309\n|move|p1a: Piloswine|Stealth Rock|p2a: Sylveon\n|-sidestart|p2: vCreeze|move: Stealth Rock\n|\n|upkeep\n|turn|3\n|\n|t:|1781439451\n|move|p2a: Sylveon|Hyper Voice|p1a: Piloswine\n|-damage|p1a: Piloswine|0 fnt\n|faint|p1a: Piloswine\n|\n|upkeep\n|\n|t:|1781439461\n|switch|p1a: Dusknoir|Dusknoir, L89, F|225/225\n|-item|p2a: Sylveon|Leftovers|[from] ability: Frisk|[of] p1a: Dusknoir\n|turn|4\n|\n|t:|1781439471\n|switch|p2a: Iron Jugulis|Iron Jugulis, L77|271/271\n|-damage|p2a: Iron Jugulis|204/271|[from] Stealth Rock\n|move|p1a: Dusknoir|Poltergeist|p2a: Iron Jugulis\n|-activate|p2a: Iron Jugulis|move: Poltergeist|Choice Specs\n|-resisted|p2a: Iron Jugulis\n|-damage|p2a: Iron Jugulis|130/271\n|\n|upkeep\n|turn|5\n|inactive|Chicken347 has 120 seconds left.\n|\n|t:|1781439506\n|move|p2a: Iron Jugulis|Dark Pulse|p1a: Dusknoir\n|-supereffective|p1a: Dusknoir\n|-damage|p1a: Dusknoir|63/225\n|move|p1a: Dusknoir|Substitute|p1a: Dusknoir\n|-start|p1a: Dusknoir|Substitute\n|-damage|p1a: Dusknoir|7/225\n|\n|-heal|p1a: Dusknoir|21/225|[from] item: Leftovers\n|upkeep\n|turn|6\n|\n|t:|1781439516\n|move|p2a: Iron Jugulis|Dark Pulse|p1a: Dusknoir\n|-supereffective|p1a: Dusknoir\n|-end|p1a: Dusknoir|Substitute\n|move|p1a: Dusknoir|Pain Split|p2a: Iron Jugulis\n|-sethp|p2a: Iron Jugulis|75/271|[from] move: Pain Split|[silent]\n|-sethp|p1a: Dusknoir|75/225|[from] move: Pain Split\n|\n|-heal|p1a: Dusknoir|89/225|[from] item: Leftovers\n|upkeep\n|turn|7\n|\n|t:|1781439524\n|move|p2a: Iron Jugulis|Dark Pulse|p1a: Dusknoir\n|-supereffective|p1a: Dusknoir\n|-crit|p1a: Dusknoir\n|-damage|p1a: Dusknoir|0 fnt\n|faint|p1a: Dusknoir\n|\n|upkeep\n|\n|t:|1781439529\n|switch|p1a: Falinks|Falinks, L84|246/246\n|turn|8\n|\n|t:|1781439532\n|move|p2a: Iron Jugulis|Dark Pulse|p1a: Falinks\n|-resisted|p1a: Falinks\n|-damage|p1a: Falinks|158/246\n|move|p1a: Falinks|No Retreat|p1a: Falinks\n|-boost|p1a: Falinks|atk|1\n|-boost|p1a: Falinks|def|1\n|-boost|p1a: Falinks|spa|1\n|-boost|p1a: Falinks|spd|1\n|-boost|p1a: Falinks|spe|1\n|-start|p1a: Falinks|move: No Retreat\n|\n|upkeep\n|turn|9\n|\n|t:|1781439540\n|move|p1a: Falinks|Iron Head|p2a: Iron Jugulis\n|-damage|p2a: Iron Jugulis|0 fnt\n|faint|p2a: Iron Jugulis\n|-end|p2a: Iron Jugulis|Quark Drive|[silent]\n|-damage|p1a: Falinks|134/246|[from] item: Life Orb\n|\n|upkeep\n|\n|t:|1781439563\n|switch|p2a: Sylveon|Sylveon, L85, M|300/300\n|-damage|p2a: Sylveon|263/300|[from] Stealth Rock\n|turn|10\n|\n|t:|1781439569\n|move|p2a: Sylveon|Protect|p2a: Sylveon\n|-singleturn|p2a: Sylveon|Protect\n|move|p1a: Falinks|Close Combat|p2a: Sylveon\n|-activate|p2a: Sylveon|move: Protect\n|\n|-heal|p2a: Sylveon|281/300|[from] item: Leftovers\n|upkeep\n|turn|11\n|\n|t:|1781439578\n|-terastallize|p2a: Sylveon|Steel\n|move|p1a: Falinks|Iron Head|p2a: Sylveon\n|-resisted|p2a: Sylveon\n|-damage|p2a: Sylveon|217/300\n|-damage|p1a: Falinks|110/246|[from] item: Life Orb\n|move|p2a: Sylveon|Hyper Voice|p1a: Falinks\n|-supereffective|p1a: Falinks\n|-damage|p1a: Falinks|0 fnt\n|faint|p1a: Falinks\n|\n|-heal|p2a: Sylveon|235/300|[from] item: Leftovers\n|upkeep\n|\n|t:|1781439588\n|switch|p1a: Rampardos|Rampardos, L90, M|321/321\n|turn|12\n|\n|t:|1781439593\n|move|p2a: Sylveon|Protect|p2a: Sylveon\n|-singleturn|p2a: Sylveon|Protect\n|move|p1a: Rampardos|Earthquake|p2a: Sylveon\n|-activate|p2a: Sylveon|move: Protect\n|\n|-heal|p2a: Sylveon|253/300|[from] item: Leftovers\n|upkeep\n|turn|13\n|\n|t:|1781439597\n|switch|p2a: Lilligant|Lilligant, L86, F|261/261\n|-damage|p2a: Lilligant|229/261|[from] Stealth Rock\n|move|p1a: Rampardos|Fire Punch|p2a: Lilligant\n|-supereffective|p2a: Lilligant\n|-damage|p2a: Lilligant|0 fnt\n|faint|p2a: Lilligant\n|\n|upkeep\n|\n|t:|1781439608\n|switch|p2a: Dunsparce|Dunsparce, L86, M|312/312\n|-damage|p2a: Dunsparce|273/312|[from] Stealth Rock\n|turn|14\n|\n|t:|1781439613\n|switch|p1a: Tsareena|Tsareena, L87, F|267/267\n|move|p2a: Dunsparce|Body Slam|p1a: Tsareena\n|-damage|p1a: Tsareena|194/267\n|-status|p1a: Tsareena|par\n|\n|upkeep\n|turn|15\n|\n|t:|1781439621\n|switch|p2a: Sylveon|Sylveon, L85, M, tera:Steel|253/300\n|-damage|p2a: Sylveon|235/300|[from] Stealth Rock\n|move|p1a: Tsareena|Knock Off|p2a: Sylveon\n|-damage|p2a: Sylveon|104/300\n|-enditem|p2a: Sylveon|Leftovers|[from] move: Knock Off|[of] p1a: Tsareena\n|-damage|p1a: Tsareena|168/267 par|[from] item: Life Orb\n|\n|upkeep\n|turn|16\n|\n|t:|1781439630\n|move|p2a: Sylveon|Wish|p2a: Sylveon\n|move|p1a: Tsareena|Power Whip|p2a: Sylveon|[miss]\n|-miss|p1a: Tsareena|p2a: Sylveon\n|\n|upkeep\n|turn|17\n|\n|t:|1781439634\n|move|p2a: Sylveon|Protect|p2a: Sylveon\n|-singleturn|p2a: Sylveon|Protect\n|move|p1a: Tsareena|Synthesis|p1a: Tsareena\n|-heal|p1a: Tsareena|267/267 par\n|\n|-heal|p2a: Sylveon|254/300|[from] move: Wish|[wisher] Sylveon\n|upkeep\n|turn|18\n|\n|t:|1781439642\n|move|p2a: Sylveon|Wish|p2a: Sylveon\n|move|p1a: Tsareena|High Jump Kick|p2a: Sylveon\n|-supereffective|p2a: Sylveon\n|-damage|p2a: Sylveon|0 fnt\n|faint|p2a: Sylveon\n|-damage|p1a: Tsareena|241/267 par|[from] item: Life Orb\n|\n|upkeep\n|\n|t:|1781439647\n|switch|p2a: Beartic|Beartic, L91, F|321/321\n|turn|19\n|\n|t:|1781439652\n|move|p2a: Beartic|Snowscape|p2a: Beartic\n|-weather|Snowscape\n|cant|p1a: Tsareena|par\n|\n|-weather|Snowscape|[upkeep]\n|upkeep\n|turn|20\n|\n|t:|1781439658\n|-terastallize|p1a: Tsareena|Fighting\n|move|p2a: Beartic|Swords Dance|p2a: Beartic\n|-boost|p2a: Beartic|atk|2\n|move|p1a: Tsareena|High Jump Kick|p2a: Beartic\n|-supereffective|p2a: Beartic\n|-damage|p2a: Beartic|22/321\n|-damage|p1a: Tsareena|215/267 par|[from] item: Life Orb\n|\n|-weather|Snowscape|[upkeep]\n|upkeep\n|turn|21\n|\n|t:|1781439667\n|move|p2a: Beartic|Icicle Crash|p1a: Tsareena\n|-crit|p1a: Tsareena\n|-damage|p1a: Tsareena|0 fnt\n|faint|p1a: Tsareena\n|\n|-weather|Snowscape|[upkeep]\n|upkeep\n|\n|t:|1781439675\n|switch|p1a: Rampardos|Rampardos, L90, M|321/321\n|turn|22\n|\n|t:|1781439679\n|move|p2a: Beartic|Earthquake|p1a: Rampardos\n|-supereffective|p1a: Rampardos\n|-damage|p1a: Rampardos|0 fnt\n|faint|p1a: Rampardos\n|\n|-weather|Snowscape|[upkeep]\n|upkeep\n|\n|t:|1781439681\n|switch|p1a: Meowstic|Meowstic-F, L89, F|277/277\n|turn|23\n|\n|t:|1781439685\n|move|p2a: Beartic|Icicle Crash|p1a: Meowstic\n|-crit|p1a: Meowstic\n|-damage|p1a: Meowstic|0 fnt\n|faint|p1a: Meowstic\n|\n|win|vCreeze\n", "inputlog": ">version a8376a258c1d4662feba110a92103f3664a72141\n>start {\"formatid\":\"gen9randombattle\",\"seed\":\"sodium,05da89aa219c526eb66708e015b9c3ae\",\"rated\":\"Rated battle\"}\n>player p1 {\"name\":\"Chicken347\",\"avatar\":\"101\",\"rating\":2027,\"seed\":\"sodium,45bb8c92b9ddf0d07100f83339d957c6\"}\n>player p2 {\"name\":\"vCreeze\",\"avatar\":\"marnie-masters\",\"rating\":1994,\"seed\":\"sodium,6b08b939bb00fe32baf991b33143a9b1\"}\n>p1 switch 2\n>p2 move hypervoice\n>p1 move stealthrock\n>p2 move hypervoice\n>p1 move iciclecrash\n>p2 move hypervoice\n>p1 switch 5\n>p1 move poltergeist\n>p2 switch 6\n>p1 move substitute\n>p2 move darkpulse\n>p1 move painsplit\n>p2 move darkpulse\n>p1 move poltergeist\n>p2 move darkpulse\n>p1 switch 6\n>p1 move noretreat\n>p2 move darkpulse\n>p1 move ironhead\n>p2 move darkpulse\n>p2 switch 6\n>p1 move closecombat\n>p2 move protect\n>p1 move ironhead\n>p2 move hypervoice terastallize\n>p1 switch 4\n>p1 move earthquake\n>p2 move protect\n>p1 move firepunch\n>p2 switch 5\n>p2 switch 3\n>p1 switch 3\n>p2 move bodyslam\n>p1 move knockoff\n>p2 switch 5\n>p1 move powerwhip\n>p2 move wish\n>p1 move synthesis\n>p2 move protect\n>p1 move highjumpkick\n>p2 move wish\n>p2 switch 4\n>p1 move highjumpkick\n>p2 move snowscape\n>p1 move highjumpkick terastallize\n>p2 move swordsdance\n>p1 move knockoff\n>p2 move iciclecrash\n>p1 switch 3\n>p1 move firepunch\n>p2 move earthquake\n>p1 switch 2\n>p1 move darkpulse\n>p2 move iciclecrash", "uploadtime": 1781439408, "views": 6, "formatid": "gen9randombattle", "rating": null, "private": 0, "password": null}