{"id": "gen9randombattle-2631808015", "format": "[Gen 9] Random Battle", "players": ["Higgelhiggel", "zicafeliped"], "log": "|j|\u2606Higgelhiggel\n|j|\u2606zicafeliped\n|t:|1781442634\n|gametype|singles\n|player|p1|Higgelhiggel|1|2179\n|player|p2|zicafeliped|beauty-gen4dp|2156\n|gen|9\n|tier|[Gen 9] Random Battle\n|rated|\n|rule|Species Clause: Limit one of each Pok\u00e9mon\n|rule|HP Percentage Mod: HP is shown in percentages\n|rule|Sleep Clause Mod: Limit one foe put to sleep\n|rule|Illusion Level Mod: Illusion disguises the Pok\u00e9mon's true level\n|\n|t:|1781442634\n|teamsize|p1|6\n|teamsize|p2|6\n|start\n|switch|p1a: Altaria|Altaria, L89, F|278/278\n|switch|p2a: Diancie|Diancie, L82|216/216\n|turn|1\n|inactive|Battle timer is ON: inactive players will automatically lose when time's up. (requested by zicafeliped)\n|\n|t:|1781442643\n|switch|p1a: Solgaleo|Solgaleo, L74|325/325\n|move|p2a: Diancie|Stealth Rock|p1a: Solgaleo\n|-sidestart|p1: Higgelhiggel|move: Stealth Rock\n|\n|upkeep\n|turn|2\n|\n|t:|1781442653\n|switch|p2a: Jolteon|Jolteon, L84, M|246/246\n|move|p1a: Solgaleo|Psychic Fangs|p2a: Jolteon\n|-damage|p2a: Jolteon|126/246\n|\n|upkeep\n|turn|3\n|\n|t:|1781442664\n|move|p2a: Jolteon|Shadow Ball|p1a: Solgaleo\n|-supereffective|p1a: Solgaleo\n|-damage|p1a: Solgaleo|135/325\n|-damage|p2a: Jolteon|102/246|[from] item: Life Orb\n|move|p1a: Solgaleo|Earthquake|p2a: Jolteon\n|-supereffective|p2a: Jolteon\n|-damage|p2a: Jolteon|0 fnt\n|faint|p2a: Jolteon\n|\n|upkeep\n|\n|t:|1781442677\n|switch|p2a: Virizion|Virizion, L82|283/283\n|turn|4\n|\n|t:|1781442685\n|move|p2a: Virizion|Close Combat|p1a: Solgaleo\n|-damage|p1a: Solgaleo|0 fnt\n|-unboost|p2a: Virizion|def|1\n|-unboost|p2a: Virizion|spd|1\n|-damage|p2a: Virizion|236/283|[from] item: Rocky Helmet|[of] p1a: Solgaleo\n|faint|p1a: Solgaleo\n|-damage|p2a: Virizion|208/283|[from] item: Life Orb\n|\n|upkeep\n|\n|t:|1781442702\n|switch|p1a: Forretress|Forretress, L84, F|263/263\n|-damage|p1a: Forretress|231/263|[from] Stealth Rock\n|turn|5\n|\n|t:|1781442711\n|switch|p2a: Dialga|Dialga, L73|266/266\n|-ability|p2a: Dialga|Pressure\n|move|p1a: Forretress|Rapid Spin|p2a: Dialga\n|-resisted|p2a: Dialga\n|-damage|p2a: Dialga|251/266\n|-boost|p1a: Forretress|spe|1\n|-sideend|p1: Higgelhiggel|Stealth Rock|[from] move: Rapid Spin|[of] p1a: Forretress\n|\n|-heal|p1a: Forretress|247/263|[from] item: Leftovers\n|upkeep\n|turn|6\n|\n|t:|1781442717\n|move|p2a: Dialga|Fire Blast|p1a: Forretress\n|-supereffective|p1a: Forretress\n|-damage|p1a: Forretress|0 fnt\n|faint|p1a: Forretress\n|\n|upkeep\n|\n|t:|1781442730\n|switch|p1a: Altaria|Altaria, L89, F|278/278\n|turn|7\n|\n|t:|1781442734\n|move|p1a: Altaria|Earthquake|p2a: Dialga\n|-supereffective|p2a: Dialga\n|-damage|p2a: Dialga|137/266\n|move|p2a: Dialga|Dragon Tail|p1a: Altaria\n|-supereffective|p1a: Altaria\n|-damage|p1a: Altaria|164/278\n|drag|p1a: Chi-Yu|Chi-Yu, L77|211/211\n|-ability|p1a: Chi-Yu|Beads of Ruin\n|\n|upkeep\n|turn|8\n|\n|t:|1781442745\n|switch|p2a: Diancie|Diancie, L82|216/216\n|-terastallize|p1a: Chi-Yu|Fire\n|move|p1a: Chi-Yu|Flamethrower|p2a: Diancie\n|-resisted|p2a: Diancie\n|-damage|p2a: Diancie|119/216\n|\n|-heal|p2a: Diancie|132/216|[from] item: Leftovers\n|upkeep\n|turn|9\n|\n|t:|1781442751\n|switch|p1a: Altaria|Altaria, L89, F|164/278\n|move|p2a: Diancie|Diamond Storm|p1a: Altaria\n|-supereffective|p1a: Altaria\n|-damage|p1a: Altaria|0 fnt\n|-boost|p2a: Diancie|def|2\n|faint|p1a: Altaria\n|\n|-heal|p2a: Diancie|145/216|[from] item: Leftovers\n|upkeep\n|\n|t:|1781442759\n|switch|p1a: Hydreigon|Hydreigon, L79, F|275/275\n|turn|10\n|\n|t:|1781442780\n|switch|p2a: Virizion|Virizion, L82|208/283\n|move|p1a: Hydreigon|Flash Cannon|p2a: Virizion\n|-damage|p2a: Virizion|144/283\n|\n|upkeep\n|turn|11\n|\n|t:|1781442789\n|switch|p1a: Toxtricity|Toxtricity, L82, M|257/257\n|move|p2a: Virizion|Swords Dance|p2a: Virizion\n|-boost|p2a: Virizion|atk|2\n|\n|upkeep\n|turn|12\n|\n|t:|1781442797\n|-terastallize|p2a: Virizion|Rock\n|move|p2a: Virizion|Stone Edge|p1a: Toxtricity\n|-damage|p1a: Toxtricity|0 fnt\n|faint|p1a: Toxtricity\n|-damage|p2a: Virizion|116/283|[from] item: Life Orb\n|\n|upkeep\n|\n|t:|1781442805\n|switch|p1a: Hydreigon|Hydreigon, L79, F|275/275\n|turn|13\n|\n|t:|1781442808\n|move|p2a: Virizion|Close Combat|p1a: Hydreigon\n|-supereffective|p1a: Hydreigon\n|-damage|p1a: Hydreigon|0 fnt\n|-unboost|p2a: Virizion|def|1\n|-unboost|p2a: Virizion|spd|1\n|faint|p1a: Hydreigon\n|-damage|p2a: Virizion|88/283|[from] item: Life Orb\n|\n|upkeep\n|\n|t:|1781442809\n|switch|p1a: Chi-Yu|Chi-Yu, L77, tera:Fire|211/211\n|-ability|p1a: Chi-Yu|Beads of Ruin\n|turn|14\n|\n|t:|1781442812\n|move|p2a: Virizion|Close Combat|p1a: Chi-Yu\n|-crit|p1a: Chi-Yu\n|-damage|p1a: Chi-Yu|0 fnt\n|-unboost|p2a: Virizion|def|1\n|-unboost|p2a: Virizion|spd|1\n|faint|p1a: Chi-Yu\n|-damage|p2a: Virizion|60/283|[from] item: Life Orb\n|\n|win|zicafeliped\n", "uploadtime": 1781442636, "views": 3, "formatid": "gen9randombattle", "rating": null, "private": 0, "password": null}