{"id": "gen9randombattle-2631394847", "format": "[Gen 9] Random Battle", "players": ["Picchiamper", "gunx321"], "log": "|j|\u2606Picchiamper\n|j|\u2606gunx321\n|t:|1781379497\n|gametype|singles\n|player|p1|Picchiamper|silver|1411\n|player|p2|gunx321|2|1449\n|gen|9\n|tier|[Gen 9] Random Battle\n|rated|\n|rule|Species Clause: Limit one of each Pok\u00e9mon\n|rule|HP Percentage Mod: HP is shown in percentages\n|rule|Sleep Clause Mod: Limit one foe put to sleep\n|rule|Illusion Level Mod: Illusion disguises the Pok\u00e9mon's true level\n|\n|t:|1781379497\n|teamsize|p1|6\n|teamsize|p2|6\n|start\n|switch|p1a: Smeargle|Smeargle, L95, F|258/258\n|switch|p2a: Ursaring|Ursaring, L84, M|288/288\n|turn|1\n|inactive|Battle timer is ON: inactive players will automatically lose when time's up. (requested by Picchiamper)\n|\n|t:|1781379511\n|move|p1a: Smeargle|Spore|p2a: Ursaring\n|-status|p2a: Ursaring|slp|[from] move: Spore\n|cant|p2a: Ursaring|slp\n|\n|upkeep\n|turn|2\n|\n|t:|1781379515\n|cant|p2a: Ursaring|slp\n|move|p1a: Smeargle|Shell Smash|p1a: Smeargle\n|-unboost|p1a: Smeargle|def|1\n|-unboost|p1a: Smeargle|spd|1\n|-boost|p1a: Smeargle|atk|2\n|-boost|p1a: Smeargle|spa|2\n|-boost|p1a: Smeargle|spe|2\n|\n|upkeep\n|turn|3\n|\n|t:|1781379518\n|move|p1a: Smeargle|Population Bomb|p2a: Ursaring\n|-damage|p2a: Ursaring|255/288 slp\n|-damage|p2a: Ursaring|219/288 slp\n|-damage|p2a: Ursaring|185/288 slp\n|-damage|p2a: Ursaring|148/288 slp\n|-damage|p2a: Ursaring|111/288 slp\n|-damage|p2a: Ursaring|74/288 slp\n|-damage|p2a: Ursaring|38/288 slp\n|-damage|p2a: Ursaring|4/288 slp\n|-damage|p2a: Ursaring|0 fnt\n|faint|p2a: Ursaring\n|-hitcount|p2: Ursaring|9\n|\n|upkeep\n|\n|t:|1781379530\n|switch|p2a: Vigoroth|Vigoroth, L85, F|275/275\n|turn|4\n|\n|t:|1781379544\n|-terastallize|p2a: Vigoroth|Ghost\n|move|p1a: Smeargle|Population Bomb|p2a: Vigoroth\n|-immune|p2a: Vigoroth\n|move|p2a: Vigoroth|Body Slam|p1a: Smeargle\n|-damage|p1a: Smeargle|66/258\n|\n|upkeep\n|turn|5\n|\n|t:|1781379550\n|move|p1a: Smeargle|Power Trip|p2a: Vigoroth\n|-supereffective|p2a: Vigoroth\n|-damage|p2a: Vigoroth|135/275\n|move|p2a: Vigoroth|Knock Off|p1a: Smeargle\n|-damage|p1a: Smeargle|0 fnt\n|-enditem|p1a: Smeargle|Wide Lens|[from] move: Knock Off|[of] p2a: Vigoroth\n|faint|p1a: Smeargle\n|\n|upkeep\n|\n|t:|1781379558\n|switch|p1a: Barraskewda|Barraskewda, L81, F|231/231\n|turn|6\n|\n|t:|1781379570\n|move|p1a: Barraskewda|Waterfall|p2a: Vigoroth\n|-damage|p2a: Vigoroth|27/275\n|move|p2a: Vigoroth|Knock Off|p1a: Barraskewda\n|-damage|p1a: Barraskewda|146/231\n|-enditem|p1a: Barraskewda|Choice Band|[from] move: Knock Off|[of] p2a: Vigoroth\n|\n|upkeep\n|turn|7\n|\n|t:|1781379577\n|move|p1a: Barraskewda|Flip Turn|p2a: Vigoroth\n|-damage|p2a: Vigoroth|0 fnt\n|faint|p2a: Vigoroth\n|\n|t:|1781379581\n|switch|p1a: Rabsca|Rabsca, L91, M|284/284|[from] Flip Turn\n|\n|upkeep\n|\n|t:|1781379610\n|switch|p2a: Clodsire|Clodsire, L81, M|343/343\n|turn|8\n|\n|t:|1781379614\n|move|p1a: Rabsca|Revival Blessing|p1a: Rabsca\n|\n|t:|1781379616\n|-heal|p1: Smeargle|129/258|[from] move: Revival Blessing\n|move|p2a: Clodsire|Toxic|p1a: Rabsca\n|-status|p1a: Rabsca|tox\n|-activate|p1a: Rabsca|ability: Synchronize\n|-immune|p2a: Clodsire\n|\n|-damage|p1a: Rabsca|267/284 tox|[from] psn\n|upkeep\n|turn|9\n|\n|t:|1781379623\n|move|p1a: Rabsca|Psychic|p2a: Clodsire\n|-supereffective|p2a: Clodsire\n|-damage|p2a: Clodsire|95/343\n|move|p2a: Clodsire|Spikes|p1a: Rabsca\n|-sidestart|p1: Picchiamper|Spikes\n|\n|-heal|p2a: Clodsire|116/343|[from] item: Leftovers\n|-damage|p1a: Rabsca|233/284 tox|[from] psn\n|upkeep\n|turn|10\n|\n|t:|1781379626\n|move|p1a: Rabsca|Psychic|p2a: Clodsire\n|-supereffective|p2a: Clodsire\n|-damage|p2a: Clodsire|0 fnt\n|faint|p2a: Clodsire\n|\n|-damage|p1a: Rabsca|182/284 tox|[from] psn\n|upkeep\n|\n|t:|1781379635\n|switch|p2a: Venusaur|Venusaur, L84, M|272/272\n|turn|11\n|\n|t:|1781379650\n|move|p2a: Venusaur|Substitute|p2a: Venusaur\n|-start|p2a: Venusaur|Substitute\n|-damage|p2a: Venusaur|204/272\n|move|p1a: Rabsca|Psychic|p2a: Venusaur\n|-supereffective|p2a: Venusaur\n|-end|p2a: Venusaur|Substitute\n|\n|-heal|p2a: Venusaur|221/272|[from] item: Leftovers\n|-damage|p1a: Rabsca|114/284 tox|[from] psn\n|upkeep\n|turn|12\n|\n|t:|1781379666\n|move|p2a: Venusaur|Substitute|p2a: Venusaur\n|-start|p2a: Venusaur|Substitute\n|-damage|p2a: Venusaur|153/272\n|move|p1a: Rabsca|Psychic|p2a: Venusaur\n|-supereffective|p2a: Venusaur\n|-end|p2a: Venusaur|Substitute\n|\n|-heal|p2a: Venusaur|170/272|[from] item: Leftovers\n|-damage|p1a: Rabsca|29/284 tox|[from] psn\n|upkeep\n|turn|13\n|\n|t:|1781379670\n|move|p2a: Venusaur|Sludge Bomb|p1a: Rabsca\n|-damage|p1a: Rabsca|0 fnt\n|faint|p1a: Rabsca\n|\n|-heal|p2a: Venusaur|187/272|[from] item: Leftovers\n|upkeep\n|\n|t:|1781379679\n|switch|p1a: Barraskewda|Barraskewda, L81, F|146/231\n|-damage|p1a: Barraskewda|118/231|[from] Spikes\n|turn|14\n|\n|t:|1781379683\n|move|p1a: Barraskewda|Psychic Fangs|p2a: Venusaur\n|-supereffective|p2a: Venusaur\n|-damage|p2a: Venusaur|49/272\n|move|p2a: Venusaur|Leech Seed|p1a: Barraskewda\n|-start|p1a: Barraskewda|move: Leech Seed\n|\n|-heal|p2a: Venusaur|66/272|[from] item: Leftovers\n|-damage|p1a: Barraskewda|90/231|[from] Leech Seed|[of] p2a: Venusaur\n|-heal|p2a: Venusaur|94/272|[silent]\n|upkeep\n|turn|15\n|\n|t:|1781379692\n|move|p1a: Barraskewda|Psychic Fangs|p2a: Venusaur\n|-supereffective|p2a: Venusaur\n|-damage|p2a: Venusaur|0 fnt\n|faint|p2a: Venusaur\n|\n|upkeep\n|\n|t:|1781379699\n|switch|p2a: Zebstrika|Zebstrika, L87, F|272/272\n|turn|16\n|\n|t:|1781379710\n|move|p1a: Barraskewda|Flip Turn|p2a: Zebstrika\n|-damage|p2a: Zebstrika|181/272\n|\n|t:|1781379714\n|switch|p1a: Cryogonal|Cryogonal, L89|287/287|[from] Flip Turn\n|move|p2a: Zebstrika|Supercell Slam|p1a: Cryogonal\n|-damage|p1a: Cryogonal|79/287\n|-damage|p2a: Zebstrika|154/272|[from] item: Life Orb\n|\n|upkeep\n|turn|17\n|\n|t:|1781379725\n|move|p2a: Zebstrika|Overheat|p1a: Cryogonal\n|-supereffective|p1a: Cryogonal\n|-damage|p1a: Cryogonal|0 fnt\n|-unboost|p2a: Zebstrika|spa|2\n|faint|p1a: Cryogonal\n|-damage|p2a: Zebstrika|127/272|[from] item: Life Orb\n|\n|upkeep\n|\n|t:|1781379736\n|switch|p1a: Regice|Regice, L88|284/284\n|turn|18\n|\n|t:|1781379742\n|move|p2a: Zebstrika|High Horsepower|p1a: Regice\n|-damage|p1a: Regice|197/284\n|-damage|p2a: Zebstrika|100/272|[from] item: Life Orb\n|move|p1a: Regice|Body Press|p2a: Zebstrika\n|-damage|p2a: Zebstrika|14/272\n|\n|upkeep\n|turn|19\n|\n|t:|1781379747\n|move|p2a: Zebstrika|Overheat|p1a: Regice\n|-supereffective|p1a: Regice\n|-damage|p1a: Regice|140/284\n|-unboost|p2a: Zebstrika|spa|2\n|-damage|p2a: Zebstrika|0 fnt|[from] item: Life Orb\n|faint|p2a: Zebstrika\n|move|p1a: Regice|Body Press|p2: Zebstrika|[notarget]\n|-fail|p1a: Regice\n|\n|upkeep\n|\n|t:|1781379750\n|switch|p2a: Flapple|Flapple, L88, M|266/266\n|turn|20\n|\n|t:|1781379757\n|move|p2a: Flapple|Grav Apple|p1a: Regice|[miss]\n|-miss|p2a: Flapple|p1a: Regice\n|move|p1a: Regice|Thunder Wave|p2a: Flapple\n|-status|p2a: Flapple|par\n|\n|upkeep\n|turn|21\n|\n|t:|1781379760\n|move|p1a: Regice|Ice Beam|p2a: Flapple\n|-supereffective|p2a: Flapple\n|-damage|p2a: Flapple|0 fnt\n|faint|p2a: Flapple\n|\n|win|Picchiamper\n|raw|Picchiamper's rating: 1411 &rarr; <strong>1433</strong><br />(+22 for winning)\n|raw|gunx321's rating: 1449 &rarr; <strong>1427</strong><br />(-22 for losing)\n|l|\u2606gunx321\n|player|p2|\n", "inputlog": ">version a8376a258c1d4662feba110a92103f3664a72141\n>start {\"formatid\":\"gen9randombattle\",\"seed\":\"sodium,9faa13b9721a3c7bc1e9d23e139db485\",\"rated\":\"Rated battle\"}\n>player p1 {\"name\":\"Picchiamper\",\"avatar\":\"silver\",\"rating\":1411,\"seed\":\"sodium,7dc96bf1cbf937b1ecc33281a71eba4f\"}\n>player p2 {\"name\":\"gunx321\",\"avatar\":\"2\",\"rating\":1449,\"seed\":\"sodium,826278d8a2a6da1649245bfdb563aeb3\"}\n>p1 move spore\n>p2 move swordsdance\n>p1 move shellsmash\n>p2 move swordsdance\n>p1 move populationbomb\n>p2 move swordsdance\n>p2 switch 4\n>p1 move populationbomb\n>p2 move bodyslam terastallize\n>p1 move powertrip\n>p2 move knockoff\n>p1 switch 3\n>p1 move waterfall\n>p2 move knockoff\n>p1 move flipturn\n>p2 move bodyslam\n>p1 switch 5\n>p2 switch 3\n>p1 move revivalblessing\n>p2 move toxic\n>p1 switch 3\n>p1 move psychic\n>p2 move spikes\n>p1 move psychic\n>p2 move spikes\n>p2 switch 6\n>p1 move psychic\n>p2 move substitute\n>p1 move psychic\n>p2 move substitute\n>p1 move psychic\n>p2 move sludgebomb\n>p1 switch 5\n>p1 move psychicfangs\n>p2 move leechseed\n>p1 move psychicfangs\n>p2 move substitute\n>p2 switch 5\n>p1 move flipturn\n>p2 move supercellslam\n>p1 switch 4\n>p1 move recover\n>p2 move overheat\n>p1 switch 2\n>p1 move bodypress\n>p2 move highhorsepower\n>p1 move bodypress\n>p2 move overheat\n>p2 switch 2\n>p1 move thunderwave\n>p2 move gravapple\n>p1 move icebeam\n>p2 move gravapple", "uploadtime": 1781379763, "views": 6, "formatid": "gen9randombattle", "rating": 1427, "private": 0, "password": null}