{"id": "gen9randombattle-2631804085", "format": "[Gen 9] Random Battle", "players": ["anateuh", "funybuny"], "log": "|j|\u2606anateuh\n|j|\u2606funybuny\n|t:|1781442068\n|gametype|singles\n|player|p1|anateuh|170|1949\n|player|p2|funybuny|roxie|1929\n|gen|9\n|tier|[Gen 9] Random Battle\n|rated|\n|rule|Species Clause: Limit one of each Pok\u00e9mon\n|rule|HP Percentage Mod: HP is shown in percentages\n|rule|Sleep Clause Mod: Limit one foe put to sleep\n|rule|Illusion Level Mod: Illusion disguises the Pok\u00e9mon's true level\n|\n|t:|1781442068\n|teamsize|p1|6\n|teamsize|p2|6\n|start\n|switch|p1a: Spiritomb|Spiritomb, L89, F|234/234\n|switch|p2a: Darkrai|Darkrai, L77|234/234\n|turn|1\n|\n|t:|1781442080\n|move|p2a: Darkrai|Nasty Plot|p2a: Darkrai\n|-boost|p2a: Darkrai|spa|2\n|move|p1a: Spiritomb|Toxic|p2a: Darkrai\n|-status|p2a: Darkrai|tox\n|\n|-damage|p2a: Darkrai|220/234 tox|[from] psn\n|upkeep\n|turn|2\n|\n|t:|1781442084\n|move|p2a: Darkrai|Dark Pulse|p1a: Spiritomb\n|-damage|p1a: Spiritomb|78/234\n|move|p1a: Spiritomb|Pain Split|p2a: Darkrai\n|-sethp|p2a: Darkrai|149/234 tox|[from] move: Pain Split|[silent]\n|-sethp|p1a: Spiritomb|149/234|[from] move: Pain Split\n|\n|-heal|p2a: Darkrai|163/234 tox|[from] item: Leftovers\n|-heal|p1a: Spiritomb|163/234|[from] item: Leftovers\n|-damage|p2a: Darkrai|135/234 tox|[from] psn\n|upkeep\n|turn|3\n|\n|t:|1781442095\n|move|p2a: Darkrai|Dark Pulse|p1a: Spiritomb\n|-damage|p1a: Spiritomb|15/234\n|move|p1a: Spiritomb|Poltergeist|p2a: Darkrai\n|-activate|p2a: Darkrai|move: Poltergeist|Leftovers\n|-resisted|p2a: Darkrai\n|-damage|p2a: Darkrai|74/234 tox\n|\n|-heal|p2a: Darkrai|88/234 tox|[from] item: Leftovers\n|-heal|p1a: Spiritomb|29/234|[from] item: Leftovers\n|-damage|p2a: Darkrai|46/234 tox|[from] psn\n|upkeep\n|turn|4\n|\n|t:|1781442110\n|move|p2a: Darkrai|Sludge Bomb|p1a: Spiritomb\n|-resisted|p1a: Spiritomb\n|-damage|p1a: Spiritomb|0 fnt\n|faint|p1a: Spiritomb\n|\n|-heal|p2a: Darkrai|60/234 tox|[from] item: Leftovers\n|-damage|p2a: Darkrai|4/234 tox|[from] psn\n|upkeep\n|\n|t:|1781442116\n|switch|p1a: Lycanroc|Lycanroc-Dusk, L81, M|254/254\n|turn|5\n|\n|t:|1781442121\n|move|p1a: Lycanroc|Accelerock|p2a: Darkrai\n|-damage|p2a: Darkrai|0 fnt\n|faint|p2a: Darkrai\n|\n|upkeep\n|\n|t:|1781442125\n|switch|p2a: Urshifu|Urshifu-Rapid-Strike, L75, M|274/274\n|turn|6\n|\n|t:|1781442131\n|switch|p1a: Skarmory|Skarmory, L80, M|235/235\n|move|p2a: Urshifu|Surging Strikes|p1a: Skarmory\n|-crit|p1a: Skarmory\n|-damage|p1a: Skarmory|191/235\n|-crit|p1a: Skarmory\n|-damage|p1a: Skarmory|148/235\n|-crit|p1a: Skarmory\n|-damage|p1a: Skarmory|105/235\n|-hitcount|p1a: Skarmory|3\n|-damage|p2a: Urshifu|247/274|[from] item: Life Orb\n|\n|-heal|p1a: Skarmory|119/235|[from] item: Leftovers\n|upkeep\n|turn|7\n|\n|t:|1781442145\n|switch|p1a: Oricorio|Oricorio-Pa'u, L87, M|272/272\n|move|p2a: Urshifu|Surging Strikes|p1a: Oricorio\n|-crit|p1a: Oricorio\n|-damage|p1a: Oricorio|206/272\n|-crit|p1a: Oricorio\n|-damage|p1a: Oricorio|136/272\n|-crit|p1a: Oricorio\n|-damage|p1a: Oricorio|68/272\n|-hitcount|p1a: Oricorio|3\n|-damage|p2a: Urshifu|220/274|[from] item: Life Orb\n|\n|upkeep\n|turn|8\n|\n|t:|1781442153\n|switch|p2a: Banette|Banette, L93, F|270/270\n|move|p1a: Oricorio|Revelation Dance|p2a: Banette\n|-damage|p2a: Banette|158/270\n|\n|upkeep\n|turn|9\n|\n|t:|1781442157\n|switch|p1a: Regirock|Regirock, L83|268/268\n|move|p2a: Banette|Shadow Sneak|p1a: Regirock\n|-damage|p1a: Regirock|224/268\n|-damage|p2a: Banette|131/270|[from] item: Life Orb\n|\n|-heal|p1a: Regirock|240/268|[from] item: Leftovers\n|upkeep\n|turn|10\n|\n|t:|1781442163\n|switch|p2a: Volcanion|Volcanion, L79|256/256\n|move|p1a: Regirock|Thunder Wave|p2a: Volcanion\n|-status|p2a: Volcanion|par\n|\n|-heal|p1a: Regirock|256/268|[from] item: Leftovers\n|upkeep\n|turn|11\n|\n|t:|1781442170\n|switch|p1a: Oricorio|Oricorio-Pa'u, L87, M|68/272\n|move|p2a: Volcanion|Steam Eruption|p1a: Oricorio\n|-damage|p1a: Oricorio|0 fnt\n|faint|p1a: Oricorio\n|\n|upkeep\n|\n|t:|1781442179\n|switch|p1a: Lycanroc|Lycanroc-Dusk, L81, M|254/254\n|turn|12\n|\n|t:|1781442188\n|switch|p2a: Banette|Banette, L93, F|131/270\n|move|p1a: Lycanroc|Stone Edge|p2a: Banette\n|-damage|p2a: Banette|0 fnt\n|faint|p2a: Banette\n|\n|upkeep\n|\n|t:|1781442191\n|switch|p2a: Urshifu|Urshifu-Rapid-Strike, L75, M|220/274\n|turn|13\n|\n|t:|1781442201\n|switch|p1a: Skarmory|Skarmory, L80, M|119/235\n|move|p2a: Urshifu|Surging Strikes|p1a: Skarmory\n|-crit|p1a: Skarmory\n|-damage|p1a: Skarmory|79/235\n|-crit|p1a: Skarmory\n|-damage|p1a: Skarmory|36/235\n|-crit|p1a: Skarmory\n|-damage|p1a: Skarmory|0 fnt\n|faint|p1a: Skarmory\n|-hitcount|p1: Skarmory|3\n|-damage|p2a: Urshifu|193/274|[from] item: Life Orb\n|\n|upkeep\n|\n|t:|1781442206\n|switch|p1a: Feraligatr|Feraligatr, L79, M|264/264\n|turn|14\n|\n|t:|1781442210\n|switch|p2a: Thundurus|Thundurus, L80, M|258/258\n|move|p1a: Feraligatr|Dragon Dance|p1a: Feraligatr\n|-boost|p1a: Feraligatr|atk|1\n|-boost|p1a: Feraligatr|spe|1\n|\n|upkeep\n|turn|15\n|\n|t:|1781442215\n|move|p1a: Feraligatr|Ice Punch|p2a: Thundurus\n|-supereffective|p2a: Thundurus\n|-damage|p2a: Thundurus|0 fnt\n|faint|p2a: Thundurus\n|\n|upkeep\n|\n|t:|1781442224\n|switch|p2a: Scovillain|Scovillain, L91, M|266/266\n|turn|16\n|\n|t:|1781442232\n|move|p1a: Feraligatr|Dragon Dance|p1a: Feraligatr\n|-boost|p1a: Feraligatr|atk|1\n|-boost|p1a: Feraligatr|spe|1\n|move|p2a: Scovillain|Sunny Day|p2a: Scovillain\n|-weather|SunnyDay\n|\n|-weather|SunnyDay|[upkeep]\n|upkeep\n|turn|17\n|\n|t:|1781442239\n|-terastallize|p1a: Feraligatr|Steel\n|move|p2a: Scovillain|Energy Ball|p1a: Feraligatr\n|-resisted|p1a: Feraligatr\n|-damage|p1a: Feraligatr|192/264\n|-unboost|p1a: Feraligatr|spd|1\n|move|p1a: Feraligatr|Dragon Dance|p1a: Feraligatr\n|-boost|p1a: Feraligatr|atk|1\n|-boost|p1a: Feraligatr|spe|1\n|\n|-weather|SunnyDay|[upkeep]\n|upkeep\n|turn|18\n|\n|t:|1781442247\n|move|p1a: Feraligatr|Crunch|p2a: Scovillain\n|-damage|p2a: Scovillain|11/266\n|move|p2a: Scovillain|Fire Blast|p1a: Feraligatr\n|-supereffective|p1a: Feraligatr\n|-damage|p1a: Feraligatr|0 fnt\n|faint|p1a: Feraligatr\n|\n|-weather|SunnyDay|[upkeep]\n|upkeep\n|\n|t:|1781442252\n|switch|p1a: Lycanroc|Lycanroc-Dusk, L81, M|254/254\n|turn|19\n|\n|t:|1781442257\n|switch|p2a: Volcanion|Volcanion, L79|256/256 par\n|move|p1a: Lycanroc|Accelerock|p2a: Volcanion\n|-supereffective|p2a: Volcanion\n|-damage|p2a: Volcanion|118/256 par\n|\n|-weather|SunnyDay|[upkeep]\n|upkeep\n|turn|20\n|\n|t:|1781442260\n|move|p1a: Lycanroc|Accelerock|p2a: Volcanion\n|-supereffective|p2a: Volcanion\n|-damage|p2a: Volcanion|0 fnt\n|faint|p2a: Volcanion\n|\n|-weather|none\n|upkeep\n|\n|t:|1781442262\n|switch|p2a: Urshifu|Urshifu-Rapid-Strike, L75, M|193/274\n|turn|21\n|\n|t:|1781442265\n|switch|p1a: Regirock|Regirock, L83|256/268\n|move|p2a: Urshifu|Surging Strikes|p1a: Regirock\n|-supereffective|p1a: Regirock\n|-crit|p1a: Regirock\n|-damage|p1a: Regirock|194/268\n|-supereffective|p1a: Regirock\n|-crit|p1a: Regirock\n|-damage|p1a: Regirock|129/268\n|-supereffective|p1a: Regirock\n|-crit|p1a: Regirock\n|-damage|p1a: Regirock|67/268\n|-hitcount|p1a: Regirock|3\n|-damage|p2a: Urshifu|166/274|[from] item: Life Orb\n|\n|-heal|p1a: Regirock|83/268|[from] item: Leftovers\n|upkeep\n|turn|22\n|\n|t:|1781442269\n|move|p2a: Urshifu|Surging Strikes|p1a: Regirock\n|-supereffective|p1a: Regirock\n|-crit|p1a: Regirock\n|-damage|p1a: Regirock|26/268\n|-supereffective|p1a: Regirock\n|-crit|p1a: Regirock\n|-damage|p1a: Regirock|0 fnt\n|faint|p1a: Regirock\n|-hitcount|p1: Regirock|2\n|-damage|p2a: Urshifu|139/274|[from] item: Life Orb\n|\n|upkeep\n|\n|t:|1781442271\n|switch|p1a: Lycanroc|Lycanroc-Dusk, L81, M|254/254\n|turn|23\n|\n|t:|1781442276\n|move|p1a: Lycanroc|Close Combat|p2a: Urshifu\n|-damage|p2a: Urshifu|0 fnt\n|-unboost|p1a: Lycanroc|def|1\n|-unboost|p1a: Lycanroc|spd|1\n|faint|p2a: Urshifu\n|\n|upkeep\n|\n|t:|1781442279\n|switch|p2a: Scovillain|Scovillain, L91, M|11/266\n|turn|24\n|\n|t:|1781442280\n|move|p1a: Lycanroc|Close Combat|p2a: Scovillain\n|-damage|p2a: Scovillain|0 fnt\n|-unboost|p1a: Lycanroc|def|1\n|-unboost|p1a: Lycanroc|spd|1\n|faint|p2a: Scovillain\n|\n|win|anateuh\n", "uploadtime": 1781442071, "views": 3, "formatid": "gen9randombattle", "rating": null, "private": 0, "password": null}