{"id": "gen9randombattle-2632002891", "format": "[Gen 9] Random Battle", "players": ["staraptor854", "BlazingSalamanders"], "log": "|j|\u2606staraptor854\n|j|\u2606BlazingSalamanders\n|t:|1781464805\n|gametype|singles\n|player|p1|staraptor854|hugh|2064\n|player|p2|BlazingSalamanders|ash-alola|2044\n|gen|9\n|tier|[Gen 9] Random Battle\n|rated|\n|rule|Species Clause: Limit one of each Pok\u00e9mon\n|rule|HP Percentage Mod: HP is shown in percentages\n|rule|Sleep Clause Mod: Limit one foe put to sleep\n|rule|Illusion Level Mod: Illusion disguises the Pok\u00e9mon's true level\n|\n|t:|1781464805\n|teamsize|p1|6\n|teamsize|p2|6\n|start\n|switch|p1a: Dusknoir|Dusknoir, L89, M|225/225\n|switch|p2a: Qwilfish|Qwilfish, L86, M|252/252\n|-ability|p2a: Qwilfish|Intimidate|boost\n|-unboost|p1a: Dusknoir|atk|1\n|-item|p2a: Qwilfish|Heavy-Duty Boots|[from] ability: Frisk|[of] p1a: Dusknoir\n|turn|1\n|inactive|Battle timer is ON: inactive players will automatically lose when time's up. (requested by BlazingSalamanders)\n|inactive|staraptor854 also wants the timer to be on.\n|\n|t:|1781464823\n|switch|p1a: Spidops|Spidops, L96, M|271/271\n|move|p2a: Qwilfish|Toxic Spikes|p1a: Spidops\n|-sidestart|p1: staraptor854|move: Toxic Spikes\n|\n|upkeep\n|turn|2\n|\n|t:|1781464843\n|move|p2a: Qwilfish|Flip Turn|p1a: Spidops\n|-damage|p1a: Spidops|217/271\n|inactive|BlazingSalamanders has 120 seconds left.\n|\n|t:|1781464860\n|switch|p2a: Ogerpon|Ogerpon-Cornerstone, L76, F|247/247|[from] Flip Turn\n|move|p1a: Spidops|Sticky Web|p2a: Ogerpon\n|-sidestart|p2: BlazingSalamanders|move: Sticky Web\n|\n|upkeep\n|turn|3\n|\n|t:|1781464869\n|move|p2a: Ogerpon|Ivy Cudgel|p1a: Spidops|[anim] Ivy Cudgel Rock\n|-supereffective|p1a: Spidops\n|-damage|p1a: Spidops|11/271\n|move|p1a: Spidops|U-turn|p2a: Ogerpon\n|-supereffective|p2a: Ogerpon\n|-damage|p2a: Ogerpon|49/247\n|\n|t:|1781464875\n|switch|p1a: Whimsicott|Whimsicott, L84, F|238/238|[from] U-turn\n|\n|upkeep\n|turn|4\n|\n|t:|1781464883\n|switch|p2a: Qwilfish|Qwilfish, L86, M|252/252\n|-ability|p2a: Qwilfish|Intimidate|boost\n|-unboost|p1a: Whimsicott|atk|1\n|move|p1a: Whimsicott|U-turn|p2a: Qwilfish\n|-resisted|p2a: Qwilfish\n|-damage|p2a: Qwilfish|239/252\n|\n|t:|1781464894\n|switch|p1a: Iron Jugulis|Iron Jugulis, L77|271/271|[from] U-turn\n|\n|upkeep\n|turn|5\n|\n|t:|1781464901\n|switch|p2a: Ogerpon|Ogerpon-Cornerstone, L76, F|49/247\n|-activate|p2a: Ogerpon|move: Sticky Web\n|-unboost|p2a: Ogerpon|spe|1\n|move|p1a: Iron Jugulis|Earth Power|p2a: Ogerpon\n|-damage|p2a: Ogerpon|0 fnt\n|faint|p2a: Ogerpon\n|\n|upkeep\n|\n|t:|1781464907\n|switch|p2a: Wigglytuff|Wigglytuff, L96, M|424/424\n|-activate|p2a: Wigglytuff|move: Sticky Web\n|-unboost|p2a: Wigglytuff|spe|1\n|-ability|p2a: Wigglytuff|Competitive|boost\n|-boost|p2a: Wigglytuff|spa|2\n|turn|6\n|\n|t:|1781464915\n|-end|p1a: Iron Jugulis|Quark Drive|[silent]\n|switch|p1a: Spidops|Spidops, L96, M|11/271\n|move|p2a: Wigglytuff|Wish|p2a: Wigglytuff\n|\n|upkeep\n|turn|7\n|\n|t:|1781464924\n|move|p1a: Spidops|Toxic Spikes|p2a: Wigglytuff\n|-sidestart|p2: BlazingSalamanders|move: Toxic Spikes\n|move|p2a: Wigglytuff|Dazzling Gleam|p1a: Spidops\n|-damage|p1a: Spidops|0 fnt\n|faint|p1a: Spidops\n|\n|upkeep\n|\n|t:|1781464953\n|switch|p1a: Necrozma|Necrozma, L80|286/286\n|-status|p1a: Necrozma|psn\n|turn|8\n|\n|t:|1781464960\n|move|p1a: Necrozma|Calm Mind|p1a: Necrozma\n|-boost|p1a: Necrozma|spa|1\n|-boost|p1a: Necrozma|spd|1\n|move|p2a: Wigglytuff|Fire Blast|p1a: Necrozma\n|-damage|p1a: Necrozma|163/286 psn\n|\n|-heal|p1a: Necrozma|180/286 psn|[from] item: Leftovers\n|-damage|p1a: Necrozma|145/286 psn|[from] psn\n|upkeep\n|turn|9\n|\n|t:|1781464967\n|move|p1a: Necrozma|Photon Geyser|p2a: Wigglytuff\n|-damage|p2a: Wigglytuff|199/424\n|move|p2a: Wigglytuff|Dazzling Gleam|p1a: Necrozma\n|-damage|p1a: Necrozma|12/286 psn\n|\n|-heal|p1a: Necrozma|29/286 psn|[from] item: Leftovers\n|-heal|p2a: Wigglytuff|225/424|[from] item: Leftovers\n|-damage|p1a: Necrozma|0 fnt|[from] psn\n|faint|p1a: Necrozma\n|upkeep\n|\n|t:|1781464974\n|switch|p1a: Iron Jugulis|Iron Jugulis, L77|271/271\n|turn|10\n|\n|t:|1781464977\n|move|p2a: Wigglytuff|Protect|p2a: Wigglytuff\n|-singleturn|p2a: Wigglytuff|Protect\n|move|p1a: Iron Jugulis|Hurricane|p2a: Wigglytuff\n|-activate|p2a: Wigglytuff|move: Protect\n|\n|-heal|p2a: Wigglytuff|251/424|[from] item: Leftovers\n|upkeep\n|turn|11\n|\n|t:|1781464988\n|move|p1a: Iron Jugulis|Hurricane|p2a: Wigglytuff\n|-damage|p2a: Wigglytuff|19/424\n|move|p2a: Wigglytuff|Wish|p2a: Wigglytuff\n|\n|-heal|p2a: Wigglytuff|45/424|[from] item: Leftovers\n|upkeep\n|turn|12\n|\n|t:|1781464992\n|-end|p1a: Iron Jugulis|Quark Drive|[silent]\n|switch|p1a: Flapple|Flapple, L88, F|266/266\n|-status|p1a: Flapple|psn\n|move|p2a: Wigglytuff|Protect||[still]\n|-fail|p2a: Wigglytuff\n|\n|-heal|p2a: Wigglytuff|257/424|[from] move: Wish|[wisher] Wigglytuff\n|-heal|p2a: Wigglytuff|283/424|[from] item: Leftovers\n|-damage|p1a: Flapple|233/266 psn|[from] psn\n|upkeep\n|turn|13\n|\n|t:|1781465002\n|switch|p2a: Qwilfish|Qwilfish, L86, M|239/252\n|-sideend|p2: BlazingSalamanders|move: Toxic Spikes|[of] p2a: Qwilfish\n|-ability|p2a: Qwilfish|Intimidate|boost\n|-unboost|p1a: Flapple|atk|1\n|move|p1a: Flapple|Grav Apple|p2a: Qwilfish\n|-damage|p2a: Qwilfish|82/252\n|-unboost|p2a: Qwilfish|def|1\n|\n|-damage|p1a: Flapple|200/266 psn|[from] psn\n|upkeep\n|turn|14\n|\n|t:|1781465014\n|move|p2a: Qwilfish|Gunk Shot|p1a: Flapple|[miss]\n|-miss|p2a: Qwilfish|p1a: Flapple\n|move|p1a: Flapple|Grav Apple|p2a: Qwilfish\n|-damage|p2a: Qwilfish|0 fnt\n|faint|p2a: Qwilfish\n|\n|-damage|p1a: Flapple|167/266 psn|[from] psn\n|upkeep\n|\n|t:|1781465021\n|switch|p2a: Wigglytuff|Wigglytuff, L96, M|283/424\n|-activate|p2a: Wigglytuff|move: Sticky Web\n|-unboost|p2a: Wigglytuff|spe|1\n|-ability|p2a: Wigglytuff|Competitive|boost\n|-boost|p2a: Wigglytuff|spa|2\n|turn|15\n|\n|t:|1781465035\n|switch|p1a: Whimsicott|Whimsicott, L84, F|238/238\n|move|p2a: Wigglytuff|Protect||[still]\n|-fail|p2a: Wigglytuff\n|\n|-heal|p2a: Wigglytuff|309/424|[from] item: Leftovers\n|upkeep\n|turn|16\n|\n|t:|1781465043\n|move|p1a: Whimsicott|Stun Spore|p2a: Wigglytuff\n|-status|p2a: Wigglytuff|par\n|move|p2a: Wigglytuff|Dazzling Gleam|p1a: Whimsicott\n|-damage|p1a: Whimsicott|3/238\n|\n|-heal|p2a: Wigglytuff|335/424 par|[from] item: Leftovers\n|upkeep\n|turn|17\n|\n|t:|1781465049\n|cant|p2a: Wigglytuff|par\n|move|p1a: Whimsicott|Giga Drain|p2a: Wigglytuff\n|-damage|p2a: Wigglytuff|239/424 par\n|-heal|p1a: Whimsicott|51/238|[from] drain|[of] p2a: Wigglytuff\n|\n|-heal|p2a: Wigglytuff|265/424 par|[from] item: Leftovers\n|upkeep\n|turn|18\n|\n|t:|1781465054\n|move|p2a: Wigglytuff|Protect|p2a: Wigglytuff\n|-singleturn|p2a: Wigglytuff|Protect\n|move|p1a: Whimsicott|Moonblast|p2a: Wigglytuff\n|-activate|p2a: Wigglytuff|move: Protect\n|\n|-heal|p2a: Wigglytuff|291/424 par|[from] item: Leftovers\n|upkeep\n|turn|19\n|\n|t:|1781465057\n|move|p1a: Whimsicott|U-turn|p2a: Wigglytuff\n|-resisted|p2a: Wigglytuff\n|-damage|p2a: Wigglytuff|264/424 par\n|\n|t:|1781465064\n|switch|p1a: Dusknoir|Dusknoir, L89, M|225/225|[from] U-turn\n|-status|p1a: Dusknoir|psn\n|-item|p2a: Wigglytuff|Leftovers|[from] ability: Frisk|[of] p1a: Dusknoir\n|move|p2a: Wigglytuff|Dazzling Gleam|p1a: Dusknoir\n|-damage|p1a: Dusknoir|93/225 psn\n|\n|-heal|p1a: Dusknoir|107/225 psn|[from] item: Leftovers\n|-heal|p2a: Wigglytuff|290/424 par|[from] item: Leftovers\n|-damage|p1a: Dusknoir|79/225 psn|[from] psn\n|upkeep\n|turn|20\n|\n|t:|1781465069\n|move|p1a: Dusknoir|Earthquake|p2a: Wigglytuff\n|-damage|p2a: Wigglytuff|181/424 par\n|cant|p2a: Wigglytuff|par\n|\n|-heal|p1a: Dusknoir|93/225 psn|[from] item: Leftovers\n|-heal|p2a: Wigglytuff|207/424 par|[from] item: Leftovers\n|-damage|p1a: Dusknoir|65/225 psn|[from] psn\n|upkeep\n|turn|21\n|\n|t:|1781465073\n|move|p1a: Dusknoir|Earthquake|p2a: Wigglytuff\n|-damage|p2a: Wigglytuff|95/424 par\n|move|p2a: Wigglytuff|Dazzling Gleam|p1a: Dusknoir\n|-damage|p1a: Dusknoir|0 fnt\n|faint|p1a: Dusknoir\n|\n|-heal|p2a: Wigglytuff|121/424 par|[from] item: Leftovers\n|upkeep\n|\n|t:|1781465083\n|switch|p1a: Flapple|Flapple, L88, F|167/266 psn\n|turn|22\n|\n|t:|1781465087\n|cant|p2a: Wigglytuff|par\n|move|p1a: Flapple|Grav Apple|p2a: Wigglytuff\n|-damage|p2a: Wigglytuff|0 fnt\n|faint|p2a: Wigglytuff\n|\n|-damage|p1a: Flapple|134/266 psn|[from] psn\n|upkeep\n|\n|t:|1781465102\n|switch|p2a: Zapdos|Zapdos-Galar, L77|265/265\n|turn|23\n|\n|t:|1781465131\n|switch|p1a: Whimsicott|Whimsicott, L84, F|51/238\n|move|p2a: Zapdos|Bulk Up|p2a: Zapdos\n|-boost|p2a: Zapdos|atk|1\n|-boost|p2a: Zapdos|def|1\n|\n|upkeep\n|turn|24\n|\n|t:|1781465142\n|move|p1a: Whimsicott|Moonblast|p2a: Zapdos\n|-supereffective|p2a: Zapdos\n|-damage|p2a: Zapdos|71/265\n|-unboost|p2a: Zapdos|spa|1\n|-ability|p2a: Zapdos|Defiant|boost\n|-boost|p2a: Zapdos|atk|2\n|move|p2a: Zapdos|Knock Off|p1a: Whimsicott\n|-resisted|p1a: Whimsicott\n|-damage|p1a: Whimsicott|0 fnt\n|-enditem|p1a: Whimsicott|Heavy-Duty Boots|[from] move: Knock Off|[of] p2a: Zapdos\n|faint|p1a: Whimsicott\n|-damage|p2a: Zapdos|45/265|[from] item: Life Orb\n|\n|upkeep\n|\n|t:|1781465146\n|switch|p1a: Iron Jugulis|Iron Jugulis, L77|271/271\n|turn|25\n|\n|t:|1781465152\n|move|p1a: Iron Jugulis|Dark Pulse|p2a: Zapdos\n|-resisted|p2a: Zapdos\n|-damage|p2a: Zapdos|0 fnt\n|faint|p2a: Zapdos\n|\n|upkeep\n|\n|t:|1781465156\n|switch|p2a: Polteageist|Polteageist-Antique, L78|222/222\n|-activate|p2a: Polteageist|move: Sticky Web\n|-unboost|p2a: Polteageist|spe|1\n|-enditem|p2a: Polteageist|White Herb\n|-clearnegativeboost|p2a: Polteageist|[silent]\n|turn|26\n|\n|t:|1781465165\n|-terastallize|p2a: Polteageist|Fighting\n|move|p1a: Iron Jugulis|Dark Pulse|p2a: Polteageist\n|-resisted|p2a: Polteageist\n|-damage|p2a: Polteageist|165/222\n|move|p2a: Polteageist|Shell Smash|p2a: Polteageist\n|-unboost|p2a: Polteageist|def|1\n|-unboost|p2a: Polteageist|spd|1\n|-boost|p2a: Polteageist|atk|2\n|-boost|p2a: Polteageist|spa|2\n|-boost|p2a: Polteageist|spe|2\n|\n|upkeep\n|turn|27\n|\n|t:|1781465189\n|-end|p1a: Iron Jugulis|Quark Drive|[silent]\n|switch|p1a: Flapple|Flapple, L88, F|134/266 psn\n|move|p2a: Polteageist|Shell Smash|p2a: Polteageist\n|-unboost|p2a: Polteageist|def|1\n|-unboost|p2a: Polteageist|spd|1\n|-boost|p2a: Polteageist|atk|2\n|-boost|p2a: Polteageist|spa|2\n|-boost|p2a: Polteageist|spe|2\n|\n|-damage|p1a: Flapple|101/266 psn|[from] psn\n|upkeep\n|turn|28\n|\n|t:|1781465199\n|move|p1a: Flapple|Sucker Punch||[still]\n|-fail|p1a: Flapple\n|move|p2a: Polteageist|Strength Sap|p1a: Flapple\n|-unboost|p1a: Flapple|atk|1\n|-heal|p2a: Polteageist|222/222\n|\n|-damage|p1a: Flapple|68/266 psn|[from] psn\n|upkeep\n|turn|29\n|\n|t:|1781465206\n|move|p1a: Flapple|Sucker Punch||[still]\n|-fail|p1a: Flapple\n|move|p2a: Polteageist|Strength Sap|p1a: Flapple\n|-unboost|p1a: Flapple|atk|1\n|\n|-damage|p1a: Flapple|35/266 psn|[from] psn\n|upkeep\n|turn|30\n|\n|t:|1781465212\n|switch|p1a: Iron Jugulis|Iron Jugulis, L77|271/271\n|move|p2a: Polteageist|Strength Sap|p1a: Iron Jugulis\n|-unboost|p1a: Iron Jugulis|atk|1\n|\n|upkeep\n|turn|31\n|\n|t:|1781465221\n|move|p2a: Polteageist|Tera Blast|p1a: Iron Jugulis|[anim] Tera Blast Fighting\n|-damage|p1a: Iron Jugulis|0 fnt\n|faint|p1a: Iron Jugulis\n|-end|p1a: Iron Jugulis|Quark Drive|[silent]\n|\n|upkeep\n|-message|staraptor854 forfeited.\n|\n|win|BlazingSalamanders\n", "uploadtime": 1781464808, "views": 2, "formatid": "gen9randombattle", "rating": null, "private": 0, "password": null}