{"id": "gen9randombattle-2631551953", "format": "[Gen 9] Random Battle", "players": ["bonbonbo", "ChiiMew151"], "log": "|j|\u2606bonbonbo\n|j|\u2606ChiiMew151\n|t:|1781400230\n|gametype|singles\n|player|p1|bonbonbo|170|1973\n|player|p2|ChiiMew151|hilbert-wonderlauncher|1971\n|gen|9\n|tier|[Gen 9] Random Battle\n|rated|\n|rule|Species Clause: Limit one of each Pok\u00e9mon\n|rule|HP Percentage Mod: HP is shown in percentages\n|rule|Sleep Clause Mod: Limit one foe put to sleep\n|rule|Illusion Level Mod: Illusion disguises the Pok\u00e9mon's true level\n|\n|t:|1781400230\n|teamsize|p1|6\n|teamsize|p2|6\n|start\n|switch|p1a: Tinkaton|Tinkaton, L82, F|274/274\n|switch|p2a: Hippowdon|Hippowdon, L82, M|311/311\n|-ability|p1a: Tinkaton|Mold Breaker\n|-weather|Sandstorm|[from] ability: Sand Stream|[of] p2a: Hippowdon\n|turn|1\n|inactive|Battle timer is ON: inactive players will automatically lose when time's up. (requested by ChiiMew151)\n|\n|t:|1781400253\n|switch|p1a: Landorus|Landorus, L75, M|257/257\n|move|p2a: Hippowdon|Stealth Rock|p1a: Landorus\n|-sidestart|p1: bonbonbo|move: Stealth Rock\n|\n|-weather|Sandstorm|[upkeep]\n|upkeep\n|turn|2\n|\n|t:|1781400260\n|switch|p2a: Cryogonal|Cryogonal, L89|287/287\n|move|p1a: Landorus|Earth Power|p2a: Cryogonal\n|-immune|p2a: Cryogonal|[from] ability: Levitate\n|\n|-weather|Sandstorm|[upkeep]\n|-damage|p2a: Cryogonal|270/287|[from] Sandstorm\n|upkeep\n|turn|3\n|\n|t:|1781400267\n|switch|p1a: Tinkaton|Tinkaton, L82, F|274/274\n|-damage|p1a: Tinkaton|257/274|[from] Stealth Rock\n|-ability|p1a: Tinkaton|Mold Breaker\n|move|p2a: Cryogonal|Freeze-Dry|p1a: Tinkaton\n|-resisted|p1a: Tinkaton\n|-damage|p1a: Tinkaton|222/274\n|\n|-weather|Sandstorm|[upkeep]\n|-damage|p2a: Cryogonal|253/287|[from] Sandstorm\n|-heal|p1a: Tinkaton|239/274|[from] item: Leftovers\n|upkeep\n|turn|4\n|\n|t:|1781400271\n|switch|p2a: Hippowdon|Hippowdon, L82, M|311/311\n|move|p1a: Tinkaton|Gigaton Hammer|p2a: Hippowdon\n|-damage|p2a: Hippowdon|203/311\n|\n|-weather|Sandstorm|[upkeep]\n|-heal|p1a: Tinkaton|256/274|[from] item: Leftovers\n|-heal|p2a: Hippowdon|222/311|[from] item: Leftovers\n|upkeep\n|turn|5\n|\n|t:|1781400282\n|switch|p1a: Landorus|Landorus, L75, M|257/257\n|-damage|p1a: Landorus|225/257|[from] Stealth Rock\n|move|p2a: Hippowdon|Whirlwind|p1a: Landorus\n|drag|p1a: Necrozma|Necrozma, L80|286/286\n|-damage|p1a: Necrozma|251/286|[from] Stealth Rock\n|\n|-weather|none\n|-heal|p1a: Necrozma|268/286|[from] item: Leftovers\n|-heal|p2a: Hippowdon|241/311|[from] item: Leftovers\n|upkeep\n|turn|6\n|\n|t:|1781400291\n|switch|p2a: Persian|Persian, L92, F|269/269\n|move|p1a: Necrozma|Photon Geyser|p2a: Persian\n|-damage|p2a: Persian|128/269\n|\n|-heal|p1a: Necrozma|285/286|[from] item: Leftovers\n|upkeep\n|turn|7\n|\n|t:|1781400304\n|move|p2a: Persian|Switcheroo|p1a: Necrozma\n|-activate|p2a: Persian|move: Trick|[of] p1a: Necrozma\n|-item|p1a: Necrozma|Choice Band|[from] move: Switcheroo\n|-item|p2a: Persian|Leftovers|[from] move: Switcheroo\n|move|p1a: Necrozma|Photon Geyser|p2a: Persian\n|-damage|p2a: Persian|0 fnt\n|faint|p2a: Persian\n|\n|upkeep\n|\n|t:|1781400333\n|switch|p2a: Gothitelle|Gothitelle, L90, M|272/272\n|turn|8\n|\n|t:|1781400338\n|move|p2a: Gothitelle|Dark Pulse|p1a: Necrozma\n|-supereffective|p1a: Necrozma\n|-damage|p1a: Necrozma|192/286\n|cant|p1a: Necrozma|flinch\n|\n|upkeep\n|turn|9\n|\n|t:|1781400343\n|move|p2a: Gothitelle|Dark Pulse|p1a: Necrozma\n|-supereffective|p1a: Necrozma\n|-damage|p1a: Necrozma|86/286\n|move|p1a: Necrozma|Photon Geyser|p2a: Gothitelle\n|-resisted|p2a: Gothitelle\n|-damage|p2a: Gothitelle|222/272\n|\n|upkeep\n|turn|10\n|\n|t:|1781400345\n|move|p2a: Gothitelle|Dark Pulse|p1a: Necrozma\n|-supereffective|p1a: Necrozma\n|-damage|p1a: Necrozma|0 fnt\n|faint|p1a: Necrozma\n|\n|upkeep\n|\n|t:|1781400358\n|switch|p1a: Maushold|Maushold-Four, L76|238/238\n|-damage|p1a: Maushold|209/238|[from] Stealth Rock\n|turn|11\n|\n|t:|1781400362\n|switch|p2a: Hippowdon|Hippowdon, L82, M|241/311\n|-weather|Sandstorm|[from] ability: Sand Stream|[of] p2a: Hippowdon\n|move|p1a: Maushold|Tidy Up|p1a: Maushold\n|-sideend|p1: bonbonbo|Stealth Rock\n|-activate|p1a: Maushold|move: Tidy Up\n|-boost|p1a: Maushold|atk|1\n|-boost|p1a: Maushold|spe|1\n|\n|-weather|Sandstorm|[upkeep]\n|-damage|p1a: Maushold|195/238|[from] Sandstorm\n|-heal|p2a: Hippowdon|260/311|[from] item: Leftovers\n|upkeep\n|turn|12\n|\n|t:|1781400369\n|move|p1a: Maushold|Population Bomb|p2a: Hippowdon\n|-damage|p2a: Hippowdon|232/311\n|-damage|p2a: Hippowdon|205/311\n|-damage|p2a: Hippowdon|178/311\n|-damage|p2a: Hippowdon|150/311\n|-damage|p2a: Hippowdon|122/311\n|-damage|p2a: Hippowdon|97/311\n|-damage|p2a: Hippowdon|70/311\n|-damage|p2a: Hippowdon|45/311\n|-crit|p2a: Hippowdon\n|-damage|p2a: Hippowdon|5/311\n|-damage|p2a: Hippowdon|0 fnt\n|faint|p2a: Hippowdon\n|-hitcount|p2: Hippowdon|10\n|\n|-weather|Sandstorm|[upkeep]\n|-damage|p1a: Maushold|181/238|[from] Sandstorm\n|upkeep\n|\n|t:|1781400377\n|switch|p2a: Articuno|Articuno, L86|295/295\n|-ability|p2a: Articuno|Pressure\n|turn|13\n|\n|t:|1781400403\n|move|p1a: Maushold|Population Bomb|p2a: Articuno\n|-damage|p2a: Articuno|264/295\n|-damage|p2a: Articuno|233/295\n|-damage|p2a: Articuno|205/295\n|-damage|p2a: Articuno|175/295\n|-damage|p2a: Articuno|145/295\n|-damage|p2a: Articuno|117/295\n|-damage|p2a: Articuno|87/295\n|-damage|p2a: Articuno|57/295\n|-damage|p2a: Articuno|27/295\n|-damage|p2a: Articuno|0 fnt\n|faint|p2a: Articuno\n|-hitcount|p2: Articuno|10\n|\n|-weather|Sandstorm|[upkeep]\n|-damage|p1a: Maushold|167/238|[from] Sandstorm\n|upkeep\n|\n|t:|1781400414\n|switch|p2a: Gothitelle|Gothitelle, L90, M|222/272\n|turn|14\n|\n|t:|1781400417\n|move|p1a: Maushold|Population Bomb|p2a: Gothitelle\n|-damage|p2a: Gothitelle|192/272\n|-damage|p2a: Gothitelle|164/272\n|-damage|p2a: Gothitelle|137/272\n|-damage|p2a: Gothitelle|110/272\n|-damage|p2a: Gothitelle|82/272\n|-damage|p2a: Gothitelle|55/272\n|-damage|p2a: Gothitelle|27/272\n|-damage|p2a: Gothitelle|0 fnt\n|faint|p2a: Gothitelle\n|-hitcount|p2: Gothitelle|8\n|\n|-weather|Sandstorm|[upkeep]\n|-damage|p1a: Maushold|153/238|[from] Sandstorm\n|upkeep\n|\n|t:|1781400422\n|switch|p2a: Cryogonal|Cryogonal, L89|253/287\n|turn|15\n|\n|t:|1781400426\n|move|p1a: Maushold|Population Bomb|p2a: Cryogonal\n|-damage|p2a: Cryogonal|208/287\n|-damage|p2a: Cryogonal|165/287\n|-damage|p2a: Cryogonal|117/287\n|-damage|p2a: Cryogonal|72/287\n|-damage|p2a: Cryogonal|27/287\n|-damage|p2a: Cryogonal|0 fnt\n|faint|p2a: Cryogonal\n|-hitcount|p2: Cryogonal|6\n|\n|-weather|none\n|upkeep\n|-message|ChiiMew151 forfeited.\n|\n|win|bonbonbo\n", "inputlog": ">version a8376a258c1d4662feba110a92103f3664a72141\n>start {\"formatid\":\"gen9randombattle\",\"seed\":\"sodium,8d5ad0be37499ea978ef30fdeaaaba4a\",\"rated\":\"Rated battle\"}\n>player p1 {\"name\":\"bonbonbo\",\"avatar\":\"170\",\"rating\":1973,\"seed\":\"sodium,3b34cda550cefbbee9e114ac0e5160bd\"}\n>player p2 {\"name\":\"ChiiMew151\",\"avatar\":\"hilbert-wonderlauncher\",\"rating\":1971,\"seed\":\"sodium,08be90c4e15ba9ceffa82c4640f5f4ae\"}\n>p1 switch 6\n>p2 move stealthrock\n>p1 move earthpower\n>p2 switch 3\n>p1 switch 6\n>p2 move freezedry\n>p1 move gigatonhammer\n>p2 switch 3\n>p1 switch 6\n>p2 move whirlwind\n>p1 move photongeyser\n>p2 switch 4\n>p1 move photongeyser\n>p2 move switcheroo\n>p2 switch 6\n>p1 move photongeyser\n>p2 move darkpulse\n>p1 move photongeyser\n>p2 move darkpulse\n>p1 move photongeyser\n>p2 move darkpulse\n>p1 switch 3\n>p1 move tidyup\n>p2 switch 4\n>p1 move populationbomb\n>p2 move stealthrock\n>p2 switch 2\n>p1 move populationbomb\n>p2 move bravebird\n>p2 switch 4\n>p1 move populationbomb\n>p2 move psychic\n>p2 switch 3\n>p1 move populationbomb\n>p2 move rapidspin\n>forcelose p2", "uploadtime": 1781400232, "views": 5, "formatid": "gen9randombattle", "rating": null, "private": 0, "password": null}