{"id": "gen9randombattle-2631749519", "format": "[Gen 9] Random Battle", "players": ["wang_zj", "AzurOrange"], "log": "|j|\u2606wang_zj\n|j|\u2606AzurOrange\n|t:|1781433458\n|gametype|singles\n|player|p1|wang_zj|101|2030\n|player|p2|AzurOrange|1|1944\n|gen|9\n|tier|[Gen 9] Random Battle\n|rated|\n|rule|Species Clause: Limit one of each Pok\u00e9mon\n|rule|HP Percentage Mod: HP is shown in percentages\n|rule|Sleep Clause Mod: Limit one foe put to sleep\n|rule|Illusion Level Mod: Illusion disguises the Pok\u00e9mon's true level\n|\n|t:|1781433458\n|teamsize|p1|6\n|teamsize|p2|6\n|start\n|switch|p1a: Barraskewda|Barraskewda, L81, M|231/231\n|switch|p2a: Sudowoodo|Sudowoodo, L94, M|284/284\n|turn|1\n|\n|t:|1781433478\n|switch|p2a: Cacturne|Cacturne, L92, F|278/278\n|move|p1a: Barraskewda|Flip Turn|p2a: Cacturne\n|-immune|p2a: Cacturne|[from] ability: Water Absorb\n|\n|upkeep\n|turn|2\n|\n|t:|1781433516\n|switch|p1a: Bellossom|Bellossom, L84, F|263/263\n|move|p2a: Cacturne|Spikes|p1a: Bellossom\n|-sidestart|p1: wang_zj|Spikes\n|\n|upkeep\n|turn|3\n|\n|t:|1781433533\n|switch|p2a: Dragalge|Dragalge, L88, M|258/258\n|move|p1a: Bellossom|Quiver Dance|p1a: Bellossom\n|-boost|p1a: Bellossom|spa|1\n|-boost|p1a: Bellossom|spd|1\n|-boost|p1a: Bellossom|spe|1\n|\n|upkeep\n|turn|4\n|\n|t:|1781433548\n|-terastallize|p1a: Bellossom|Poison\n|move|p1a: Bellossom|Quiver Dance|p1a: Bellossom\n|-boost|p1a: Bellossom|spa|1\n|-boost|p1a: Bellossom|spd|1\n|-boost|p1a: Bellossom|spe|1\n|move|p2a: Dragalge|Sludge Wave|p1a: Bellossom\n|-resisted|p1a: Bellossom\n|-damage|p1a: Bellossom|210/263\n|\n|-heal|p1a: Bellossom|226/263|[from] item: Leftovers\n|upkeep\n|turn|5\n|\n|t:|1781433562\n|switch|p2a: Delphox|Delphox, L84, M|263/263\n|move|p1a: Bellossom|Quiver Dance|p1a: Bellossom\n|-boost|p1a: Bellossom|spa|1\n|-boost|p1a: Bellossom|spd|1\n|-boost|p1a: Bellossom|spe|1\n|\n|-heal|p1a: Bellossom|242/263|[from] item: Leftovers\n|upkeep\n|turn|6\n|\n|t:|1781433572\n|move|p1a: Bellossom|Sludge Bomb|p2a: Delphox\n|-damage|p2a: Delphox|73/263\n|-status|p2a: Delphox|psn\n|move|p2a: Delphox|Psyshock|p1a: Bellossom\n|-supereffective|p1a: Bellossom\n|-damage|p1a: Bellossom|0 fnt\n|faint|p1a: Bellossom\n|\n|-damage|p2a: Delphox|41/263 psn|[from] psn\n|upkeep\n|\n|t:|1781433594\n|switch|p1a: Barraskewda|Barraskewda, L81, M|231/231\n|-damage|p1a: Barraskewda|203/231|[from] Spikes\n|turn|7\n|\n|t:|1781433624\n|move|p1a: Barraskewda|Close Combat|p2a: Delphox\n|-resisted|p2a: Delphox\n|-damage|p2a: Delphox|0 fnt\n|-unboost|p1a: Barraskewda|def|1\n|-unboost|p1a: Barraskewda|spd|1\n|faint|p2a: Delphox\n|\n|upkeep\n|\n|t:|1781433632\n|switch|p2a: Lunala|Lunala, L70|308/308\n|turn|8\n|\n|t:|1781433639\n|switch|p1a: Sableye|Sableye, L88, F|231/231\n|-damage|p1a: Sableye|203/231|[from] Spikes\n|move|p2a: Lunala|Calm Mind|p2a: Lunala\n|-boost|p2a: Lunala|spa|1\n|-boost|p2a: Lunala|spd|1\n|\n|-heal|p1a: Sableye|217/231|[from] item: Leftovers\n|upkeep\n|turn|9\n|\n|t:|1781433657\n|-terastallize|p2a: Lunala|Fairy\n|move|p1a: Sableye|Encore|p2a: Lunala\n|-start|p2a: Lunala|Encore\n|move|p2a: Lunala|Calm Mind|p2a: Lunala\n|-boost|p2a: Lunala|spa|1\n|-boost|p2a: Lunala|spd|1\n|\n|-heal|p1a: Sableye|231/231|[from] item: Leftovers\n|upkeep\n|turn|10\n|\n|t:|1781433668\n|switch|p2a: Dragalge|Dragalge, L88, M|258/258\n|move|p1a: Sableye|Knock Off|p2a: Dragalge\n|-damage|p2a: Dragalge|174/258\n|-enditem|p2a: Dragalge|Choice Specs|[from] move: Knock Off|[of] p1a: Sableye\n|\n|upkeep\n|turn|11\n|\n|t:|1781433681\n|switch|p1a: Grumpig|Grumpig, L92, M|297/297\n|-damage|p1a: Grumpig|260/297|[from] Spikes\n|move|p2a: Dragalge|Draco Meteor|p1a: Grumpig\n|-damage|p1a: Grumpig|102/297\n|-unboost|p2a: Dragalge|spa|2\n|\n|-heal|p1a: Grumpig|120/297|[from] item: Leftovers\n|upkeep\n|turn|12\n|\n|t:|1781433693\n|switch|p2a: Lunala|Lunala, L70, tera:Fairy|308/308\n|move|p1a: Grumpig|Dazzling Gleam|p2a: Lunala\n|-damage|p2a: Lunala|278/308\n|\n|-heal|p1a: Grumpig|138/297|[from] item: Leftovers\n|-heal|p2a: Lunala|297/308|[from] item: Leftovers\n|upkeep\n|turn|13\n|\n|t:|1781433703\n|move|p1a: Grumpig|Nasty Plot|p1a: Grumpig\n|-boost|p1a: Grumpig|spa|2\n|move|p2a: Lunala|Moongeist Beam|p1a: Grumpig\n|-supereffective|p1a: Grumpig\n|-damage|p1a: Grumpig|0 fnt\n|faint|p1a: Grumpig\n|\n|-heal|p2a: Lunala|308/308|[from] item: Leftovers\n|upkeep\n|\n|t:|1781433715\n|switch|p1a: Cetitan|Cetitan, L82, F|413/413\n|-damage|p1a: Cetitan|362/413|[from] Spikes\n|turn|14\n|\n|t:|1781433725\n|move|p2a: Lunala|Moongeist Beam|p1a: Cetitan\n|-damage|p1a: Cetitan|209/413\n|move|p1a: Cetitan|Earthquake|p2a: Lunala\n|-damage|p2a: Lunala|253/308\n|-damage|p1a: Cetitan|168/413|[from] item: Life Orb\n|\n|-heal|p2a: Lunala|272/308|[from] item: Leftovers\n|upkeep\n|turn|15\n|\n|t:|1781433737\n|move|p2a: Lunala|Moongeist Beam|p1a: Cetitan\n|-damage|p1a: Cetitan|20/413\n|move|p1a: Cetitan|Icicle Crash|p2a: Lunala\n|-damage|p2a: Lunala|89/308\n|\n|-heal|p2a: Lunala|108/308|[from] item: Leftovers\n|upkeep\n|turn|16\n|\n|t:|1781433753\n|move|p2a: Lunala|Psyshock|p1a: Cetitan\n|-damage|p1a: Cetitan|0 fnt\n|faint|p1a: Cetitan\n|\n|-heal|p2a: Lunala|127/308|[from] item: Leftovers\n|upkeep\n|\n|t:|1781433770\n|switch|p1a: Sableye|Sableye, L88, F|231/231\n|-damage|p1a: Sableye|203/231|[from] Spikes\n|turn|17\n|\n|t:|1781433779\n|switch|p2a: Dragalge|Dragalge, L88, M|174/258\n|move|p1a: Sableye|Will-O-Wisp|p2a: Dragalge\n|-status|p2a: Dragalge|brn\n|\n|-heal|p1a: Sableye|217/231|[from] item: Leftovers\n|-damage|p2a: Dragalge|158/258 brn|[from] brn\n|upkeep\n|turn|18\n|\n|t:|1781433790\n|move|p1a: Sableye|Knock Off|p2a: Dragalge\n|-damage|p2a: Dragalge|95/258 brn\n|move|p2a: Dragalge|Draco Meteor|p1a: Sableye\n|-damage|p1a: Sableye|0 fnt\n|-unboost|p2a: Dragalge|spa|2\n|faint|p1a: Sableye\n|\n|-damage|p2a: Dragalge|79/258 brn|[from] brn\n|upkeep\n|\n|t:|1781433801\n|switch|p1a: Grimmsnarl|Grimmsnarl, L83, M|293/293\n|-damage|p1a: Grimmsnarl|257/293|[from] Spikes\n|turn|19\n|\n|t:|1781433814\n|move|p1a: Grimmsnarl|Spirit Break|p2a: Dragalge\n|-crit|p2a: Dragalge\n|-damage|p2a: Dragalge|0 fnt\n|faint|p2a: Dragalge\n|\n|upkeep\n|\n|t:|1781433841\n|switch|p2a: Sudowoodo|Sudowoodo, L94, M|284/284\n|turn|20\n|\n|t:|1781433846\n|move|p1a: Grimmsnarl|Reflect|p1a: Grimmsnarl\n|-sidestart|p1: wang_zj|Reflect\n|move|p2a: Sudowoodo|Head Smash|p1a: Grimmsnarl\n|-damage|p1a: Grimmsnarl|68/293\n|\n|upkeep\n|turn|21\n|\n|t:|1781433852\n|move|p1a: Grimmsnarl|Thunder Wave|p2a: Sudowoodo\n|-status|p2a: Sudowoodo|par\n|cant|p2a: Sudowoodo|par\n|\n|upkeep\n|turn|22\n|\n|t:|1781433859\n|switch|p1a: Barraskewda|Barraskewda, L81, M|203/231\n|-damage|p1a: Barraskewda|175/231|[from] Spikes\n|move|p2a: Sudowoodo|Head Smash|p1a: Barraskewda\n|-damage|p1a: Barraskewda|0 fnt\n|faint|p1a: Barraskewda\n|\n|upkeep\n|-message|wang_zj forfeited.\n|\n|win|AzurOrange\n", "inputlog": ">version a8376a258c1d4662feba110a92103f3664a72141\n>start {\"formatid\":\"gen9randombattle\",\"seed\":\"sodium,b8bbc6a5e8162ec414a42bb1b4ef38e8\",\"rated\":\"Rated battle\"}\n>player p1 {\"name\":\"wang_zj\",\"avatar\":\"101\",\"rating\":2030,\"seed\":\"sodium,b6e6e64a776624fa6af103f9852a7bc1\"}\n>player p2 {\"name\":\"AzurOrange\",\"avatar\":\"1\",\"rating\":1944,\"seed\":\"sodium,f361f6a280841a0538587c216653c6b7\"}\n>p1 move flipturn\n>p2 switch 3\n>p1 switch 3\n>p2 move spikes\n>p1 move quiverdance\n>p2 switch 2\n>p1 move quiverdance terastallize\n>p2 move sludgewave\n>p1 move quiverdance\n>p2 switch 4\n>p1 move sludgebomb\n>p2 move psyshock\n>p1 switch 3\n>p1 move closecombat\n>p2 move psyshock\n>p2 switch 6\n>p1 switch 2\n>p2 move calmmind\n>p1 move encore\n>p2 move moongeistbeam terastallize\n>p1 move knockoff\n>p2 switch 4\n>p1 switch 4\n>p2 move dracometeor\n>p1 move dazzlinggleam\n>p2 switch 4\n>p1 move nastyplot\n>p2 move moongeistbeam\n>p1 switch 5\n>p1 move earthquake\n>p2 move moongeistbeam\n>p1 move iciclecrash\n>p2 move moongeistbeam\n>p1 move iciclecrash\n>p2 move psyshock\n>p1 switch 4\n>p1 move willowisp\n>p2 switch 4\n>p1 move knockoff\n>p2 move dracometeor\n>p1 switch 6\n>p1 move spiritbreak\n>p2 move sludgewave\n>p2 switch 3\n>p1 move reflect\n>p2 move headsmash\n>p1 move thunderwave\n>p2 move headsmash\n>p1 switch 2\n>p2 move headsmash\n>forcelose p1", "uploadtime": 1781433459, "views": 4, "formatid": "gen9randombattle", "rating": null, "private": 0, "password": null}