{"id": "gen9randombattle-2631931016", "format": "[Gen 9] Random Battle", "players": ["Mitchel531", "TheSakman"], "log": "|j|\u2606Mitchel531\n|j|\u2606TheSakman\n|t:|1781456920\n|gametype|singles\n|player|p1|Mitchel531|102|2019\n|player|p2|TheSakman|ltsurge|2017\n|gen|9\n|tier|[Gen 9] Random Battle\n|rated|\n|rule|Species Clause: Limit one of each Pok\u00e9mon\n|rule|HP Percentage Mod: HP is shown in percentages\n|rule|Sleep Clause Mod: Limit one foe put to sleep\n|rule|Illusion Level Mod: Illusion disguises the Pok\u00e9mon's true level\n|\n|t:|1781456920\n|teamsize|p1|6\n|teamsize|p2|6\n|start\n|switch|p1a: Azumarill|Azumarill, L82, F|298/298\n|switch|p2a: Noctowl|Noctowl, L95, F|344/344\n|turn|1\n|inactive|Battle timer is ON: inactive players will automatically lose when time's up. (requested by TheSakman)\n|\n|t:|1781456935\n|switch|p2a: Tentacruel|Tentacruel, L84, M|272/272\n|move|p1a: Azumarill|Liquidation|p2a: Tentacruel\n|-resisted|p2a: Tentacruel\n|-damage|p2a: Tentacruel|174/272\n|\n|-heal|p2a: Tentacruel|191/272|[from] item: Leftovers\n|upkeep\n|turn|2\n|\n|t:|1781456945\n|switch|p1a: Glaceon|Glaceon, L94, M|275/275\n|move|p2a: Tentacruel|Sludge Bomb|p1a: Glaceon\n|-damage|p1a: Glaceon|209/275\n|\n|-heal|p2a: Tentacruel|208/272|[from] item: Leftovers\n|upkeep\n|turn|3\n|\n|t:|1781456953\n|switch|p2a: Tyranitar|Tyranitar, L78, M|284/284\n|-weather|Sandstorm|[from] ability: Sand Stream|[of] p2a: Tyranitar\n|move|p1a: Glaceon|Wish|p1a: Glaceon\n|\n|-weather|Sandstorm|[upkeep]\n|-damage|p1a: Glaceon|192/275|[from] Sandstorm\n|upkeep\n|turn|4\n|\n|t:|1781456964\n|switch|p1a: Volbeat|Volbeat, L90, M|263/263\n|move|p2a: Tyranitar|Knock Off|p1a: Volbeat\n|-crit|p1a: Volbeat\n|-damage|p1a: Volbeat|79/263\n|-enditem|p1a: Volbeat|Heavy-Duty Boots|[from] move: Knock Off|[of] p2a: Tyranitar\n|\n|-weather|Sandstorm|[upkeep]\n|-damage|p1a: Volbeat|63/263|[from] Sandstorm\n|-heal|p1a: Volbeat|200/263|[from] move: Wish|[wisher] Glaceon\n|upkeep\n|turn|5\n|\n|t:|1781456978\n|switch|p2a: Crabominable|Crabominable, L90, F|321/321\n|move|p1a: Volbeat|Lunge|p2a: Crabominable\n|-resisted|p2a: Crabominable\n|-damage|p2a: Crabominable|279/321\n|-unboost|p2a: Crabominable|atk|1\n|\n|-weather|Sandstorm|[upkeep]\n|-damage|p1a: Volbeat|184/263|[from] Sandstorm\n|-damage|p2a: Crabominable|259/321|[from] Sandstorm\n|upkeep\n|turn|6\n|\n|t:|1781456987\n|move|p1a: Volbeat|Lunge|p2a: Crabominable\n|-resisted|p2a: Crabominable\n|-damage|p2a: Crabominable|220/321\n|-unboost|p2a: Crabominable|atk|1\n|move|p2a: Crabominable|Ice Hammer|p1a: Volbeat\n|-damage|p1a: Volbeat|45/263\n|-unboost|p2a: Crabominable|spe|1\n|\n|-weather|Sandstorm|[upkeep]\n|-damage|p1a: Volbeat|29/263|[from] Sandstorm\n|-damage|p2a: Crabominable|200/321|[from] Sandstorm\n|upkeep\n|turn|7\n|\n|t:|1781456996\n|move|p1a: Volbeat|Roost|p1a: Volbeat\n|-heal|p1a: Volbeat|161/263\n|-singleturn|p1a: Volbeat|move: Roost\n|move|p2a: Crabominable|Ice Hammer|p1a: Volbeat\n|-damage|p1a: Volbeat|26/263\n|-unboost|p2a: Crabominable|spe|1\n|\n|-weather|none\n|upkeep\n|turn|8\n|\n|t:|1781457004\n|switch|p2a: Tyranitar|Tyranitar, L78, M|284/284\n|-weather|Sandstorm|[from] ability: Sand Stream|[of] p2a: Tyranitar\n|move|p1a: Volbeat|Roost|p1a: Volbeat\n|-heal|p1a: Volbeat|158/263\n|-singleturn|p1a: Volbeat|move: Roost\n|\n|-weather|Sandstorm|[upkeep]\n|-damage|p1a: Volbeat|142/263|[from] Sandstorm\n|upkeep\n|turn|9\n|\n|t:|1781457011\n|switch|p1a: Azumarill|Azumarill, L82, F|298/298\n|move|p2a: Tyranitar|Dragon Dance|p2a: Tyranitar\n|-boost|p2a: Tyranitar|atk|1\n|-boost|p2a: Tyranitar|spe|1\n|\n|-weather|Sandstorm|[upkeep]\n|-damage|p1a: Azumarill|280/298|[from] Sandstorm\n|upkeep\n|turn|10\n|\n|t:|1781457023\n|-terastallize|p2a: Tyranitar|Ghost\n|move|p1a: Azumarill|Aqua Jet|p2a: Tyranitar\n|-damage|p2a: Tyranitar|214/284\n|move|p2a: Tyranitar|Dragon Dance|p2a: Tyranitar\n|-boost|p2a: Tyranitar|atk|1\n|-boost|p2a: Tyranitar|spe|1\n|\n|-weather|Sandstorm|[upkeep]\n|-damage|p2a: Tyranitar|197/284|[from] Sandstorm\n|-damage|p1a: Azumarill|262/298|[from] Sandstorm\n|upkeep\n|turn|11\n|\n|t:|1781457029\n|switch|p1a: Volbeat|Volbeat, L90, M|142/263\n|move|p2a: Tyranitar|Stone Edge|p1a: Volbeat\n|-supereffective|p1a: Volbeat\n|-damage|p1a: Volbeat|0 fnt\n|faint|p1a: Volbeat\n|\n|-weather|Sandstorm|[upkeep]\n|-damage|p2a: Tyranitar|180/284|[from] Sandstorm\n|upkeep\n|\n|t:|1781457036\n|switch|p1a: Slaking|Slaking, L84, F|389/389\n|turn|12\n|\n|t:|1781457039\n|move|p2a: Tyranitar|Knock Off|p1a: Slaking\n|-damage|p1a: Slaking|176/389\n|-enditem|p1a: Slaking|Choice Band|[from] move: Knock Off|[of] p2a: Tyranitar\n|move|p1a: Slaking|Knock Off|p2a: Tyranitar\n|-supereffective|p2a: Tyranitar\n|-damage|p2a: Tyranitar|10/284\n|-enditem|p2a: Tyranitar|Weakness Policy\n|-boost|p2a: Tyranitar|atk|2|[from] item: Weakness Policy\n|-boost|p2a: Tyranitar|spa|2|[from] item: Weakness Policy\n|\n|-weather|none\n|upkeep\n|turn|13\n|\n|t:|1781457052\n|move|p2a: Tyranitar|Knock Off|p1a: Slaking\n|-damage|p1a: Slaking|0 fnt\n|faint|p1a: Slaking\n|\n|upkeep\n|\n|t:|1781457058\n|switch|p1a: Azumarill|Azumarill, L82, F|262/298\n|turn|14\n|\n|t:|1781457061\n|switch|p2a: Tentacruel|Tentacruel, L84, M|208/272\n|move|p1a: Azumarill|Aqua Jet|p2a: Tentacruel\n|-resisted|p2a: Tentacruel\n|-damage|p2a: Tentacruel|158/272\n|\n|-heal|p2a: Tentacruel|175/272|[from] item: Leftovers\n|upkeep\n|turn|15\n|\n|t:|1781457066\n|switch|p1a: Glaceon|Glaceon, L94, M|192/275\n|move|p2a: Tentacruel|Sludge Bomb|p1a: Glaceon\n|-damage|p1a: Glaceon|120/275\n|-status|p1a: Glaceon|psn\n|\n|-heal|p2a: Tentacruel|192/272|[from] item: Leftovers\n|-damage|p1a: Glaceon|86/275 psn|[from] psn\n|upkeep\n|turn|16\n|\n|t:|1781457075\n|move|p2a: Tentacruel|Sludge Bomb|p1a: Glaceon\n|-damage|p1a: Glaceon|22/275 psn\n|move|p1a: Glaceon|Freeze-Dry|p2a: Tentacruel\n|-supereffective|p2a: Tentacruel\n|-damage|p2a: Tentacruel|18/272\n|\n|-heal|p2a: Tentacruel|35/272|[from] item: Leftovers\n|-damage|p1a: Glaceon|0 fnt|[from] psn\n|faint|p1a: Glaceon\n|upkeep\n|\n|t:|1781457090\n|switch|p1a: Flutter Mane|Flutter Mane, L74|203/203\n|turn|17\n|\n|t:|1781457096\n|move|p1a: Flutter Mane|Moonblast|p2a: Tentacruel\n|-resisted|p2a: Tentacruel\n|-damage|p2a: Tentacruel|0 fnt\n|faint|p2a: Tentacruel\n|\n|upkeep\n|\n|t:|1781457107\n|switch|p2a: Oranguru|Oranguru, L92, F|315/315\n|turn|18\n|\n|t:|1781457116\n|-end|p1a: Flutter Mane|Protosynthesis|[silent]\n|switch|p1a: Dodrio|Dodrio, L85, F|241/241\n|move|p2a: Oranguru|Nasty Plot|p2a: Oranguru\n|-boost|p2a: Oranguru|spa|2\n|\n|upkeep\n|turn|19\n|\n|t:|1781457123\n|move|p1a: Dodrio|Double-Edge|p2a: Oranguru\n|-damage|p2a: Oranguru|161/315\n|-damage|p1a: Dodrio|190/241|[from] Recoil\n|move|p2a: Oranguru|Thunderbolt|p1a: Dodrio\n|-supereffective|p1a: Dodrio\n|-damage|p1a: Dodrio|0 fnt\n|faint|p1a: Dodrio\n|\n|-heal|p2a: Oranguru|180/315|[from] item: Leftovers\n|upkeep\n|\n|t:|1781457134\n|switch|p1a: Azumarill|Azumarill, L82, F|262/298\n|turn|20\n|\n|t:|1781457138\n|move|p1a: Azumarill|Aqua Jet|p2a: Oranguru\n|-damage|p2a: Oranguru|111/315\n|move|p2a: Oranguru|Thunderbolt|p1a: Azumarill\n|-supereffective|p1a: Azumarill\n|-damage|p1a: Azumarill|0 fnt\n|faint|p1a: Azumarill\n|\n|-heal|p2a: Oranguru|130/315|[from] item: Leftovers\n|upkeep\n|\n|t:|1781457144\n|switch|p1a: Flutter Mane|Flutter Mane, L74|203/203\n|turn|21\n|\n|t:|1781457147\n|-terastallize|p1a: Flutter Mane|Fairy\n|move|p1a: Flutter Mane|Moonblast|p2a: Oranguru\n|-crit|p2a: Oranguru\n|-damage|p2a: Oranguru|0 fnt\n|faint|p2a: Oranguru\n|\n|upkeep\n|\n|t:|1781457152\n|switch|p2a: Lunala|Lunala, L70|308/308\n|turn|22\n|\n|t:|1781457155\n|move|p1a: Flutter Mane|Moonblast|p2a: Lunala\n|-damage|p2a: Lunala|196/308\n|-unboost|p2a: Lunala|spa|1\n|move|p2a: Lunala|Psyshock|p1a: Flutter Mane\n|-damage|p1a: Flutter Mane|122/203\n|\n|-heal|p2a: Lunala|215/308|[from] item: Leftovers\n|upkeep\n|turn|23\n|\n|t:|1781457161\n|move|p1a: Flutter Mane|Moonblast|p2a: Lunala\n|-damage|p2a: Lunala|19/308\n|move|p2a: Lunala|Psyshock|p1a: Flutter Mane\n|-damage|p1a: Flutter Mane|31/203\n|\n|-heal|p2a: Lunala|38/308|[from] item: Leftovers\n|upkeep\n|turn|24\n|\n|t:|1781457165\n|move|p1a: Flutter Mane|Moonblast|p2a: Lunala\n|-damage|p2a: Lunala|0 fnt\n|faint|p2a: Lunala\n|\n|upkeep\n|\n|t:|1781457167\n|switch|p2a: Tyranitar|Tyranitar, L78, M, tera:Ghost|10/284\n|-weather|Sandstorm|[from] ability: Sand Stream|[of] p2a: Tyranitar\n|turn|25\n|\n|t:|1781457169\n|move|p1a: Flutter Mane|Moonblast|p2a: Tyranitar\n|-damage|p2a: Tyranitar|0 fnt\n|faint|p2a: Tyranitar\n|\n|-weather|Sandstorm|[upkeep]\n|-damage|p1a: Flutter Mane|19/203|[from] Sandstorm\n|upkeep\n|\n|t:|1781457171\n|switch|p2a: Crabominable|Crabominable, L90, F|200/321\n|turn|26\n|\n|t:|1781457173\n|move|p1a: Flutter Mane|Moonblast|p2a: Crabominable\n|-supereffective|p2a: Crabominable\n|-damage|p2a: Crabominable|0 fnt\n|faint|p2a: Crabominable\n|\n|-weather|Sandstorm|[upkeep]\n|-damage|p1a: Flutter Mane|7/203|[from] Sandstorm\n|upkeep\n|\n|t:|1781457175\n|switch|p2a: Noctowl|Noctowl, L95, F|344/344\n|turn|27\n|\n|t:|1781457181\n|move|p1a: Flutter Mane|Moonblast|p2a: Noctowl\n|-damage|p2a: Noctowl|182/344\n|-unboost|p2a: Noctowl|spa|1\n|move|p2a: Noctowl|Roost|p2a: Noctowl\n|-heal|p2a: Noctowl|344/344\n|-singleturn|p2a: Noctowl|move: Roost\n|\n|-weather|Sandstorm|[upkeep]\n|-damage|p1a: Flutter Mane|0 fnt|[from] Sandstorm\n|-damage|p2a: Noctowl|323/344|[from] Sandstorm\n|faint|p1a: Flutter Mane\n|-end|p1a: Flutter Mane|Protosynthesis|[silent]\n|\n|win|TheSakman\n", "inputlog": ">version a8376a258c1d4662feba110a92103f3664a72141\n>start {\"formatid\":\"gen9randombattle\",\"seed\":\"sodium,956d74a8f94516ff7a03edce53580e32\",\"rated\":\"Rated battle\"}\n>player p1 {\"name\":\"Mitchel531\",\"avatar\":\"102\",\"rating\":2019,\"seed\":\"sodium,f3042d876657e229bffdce46b1ea6c6c\"}\n>player p2 {\"name\":\"TheSakman\",\"avatar\":\"ltsurge\",\"rating\":2017,\"seed\":\"sodium,b06906865c8dedb655fa42f5d0adbcdd\"}\n>p1 move liquidation\n>p2 switch 2\n>p1 switch 3\n>p2 move sludgebomb\n>p1 move wish\n>p2 switch 5\n>p1 switch 2\n>p2 move knockoff\n>p1 move lunge\n>p2 switch 6\n>p1 move lunge\n>p2 move icehammer\n>p1 move roost\n>p2 move icehammer\n>p1 move roost\n>p2 switch 6\n>p1 switch 3\n>p2 move dragondance\n>p1 move aquajet\n>p2 move dragondance terastallize\n>p1 switch 3\n>p2 move stoneedge\n>p1 switch 5\n>p1 move knockoff\n>p2 move knockoff\n>p1 move knockoff\n>p2 move knockoff\n>p1 switch 3\n>p1 move aquajet\n>p2 switch 5\n>p1 switch 2\n>p2 move sludgebomb\n>p1 move freezedry\n>p2 move sludgebomb\n>p1 switch 6\n>p1 move moonblast\n>p2 move knockoff\n>p2 switch 3\n>p1 switch 4\n>p2 move nastyplot\n>p1 move doubleedge\n>p2 move thunderbolt\n>p1 switch 2\n>p1 move aquajet\n>p2 move thunderbolt\n>p1 switch 4\n>p1 move moonblast terastallize\n>p2 move psyshock\n>p2 switch 4\n>p1 move moonblast\n>p2 move psyshock\n>p1 move moonblast\n>p2 move psyshock\n>p1 move moonblast\n>p2 move psyshock\n>p2 switch 5\n>p1 move moonblast\n>p2 move knockoff\n>p2 switch 6\n>p1 move moonblast\n>p2 move knockoff\n>p2 switch 2\n>p1 move moonblast\n>p2 move roost", "uploadtime": 1781456922, "views": 5, "formatid": "gen9randombattle", "rating": null, "private": 0, "password": null}