{"id": "gen9randombattle-2631617422", "format": "[Gen 9] Random Battle", "players": ["Roface", "NZQ"], "log": "|j|\u2606Roface\n|j|\u2606NZQ\n|t:|1781409550\n|gametype|singles\n|player|p1|Roface|yancy|2104\n|player|p2|NZQ|2|2065\n|gen|9\n|tier|[Gen 9] Random Battle\n|rated|\n|rule|Species Clause: Limit one of each Pok\u00e9mon\n|rule|HP Percentage Mod: HP is shown in percentages\n|rule|Sleep Clause Mod: Limit one foe put to sleep\n|rule|Illusion Level Mod: Illusion disguises the Pok\u00e9mon's true level\n|\n|t:|1781409550\n|teamsize|p1|6\n|teamsize|p2|6\n|start\n|switch|p1a: Plusle|Plusle, L95, M|268/268\n|switch|p2a: Espathra|Espathra, L80, M|283/283\n|turn|1\n|inactive|Battle timer is ON: inactive players will automatically lose when time's up. (requested by Roface)\n|\n|t:|1781409581\n|switch|p2a: Magnezone|Magnezone, L85|258/258\n|move|p1a: Plusle|Thunderbolt|p2a: Magnezone\n|-resisted|p2a: Magnezone\n|-damage|p2a: Magnezone|209/258\n|-damage|p1a: Plusle|242/268|[from] item: Life Orb\n|\n|upkeep\n|turn|2\n|\n|t:|1781409599\n|move|p1a: Plusle|Nasty Plot|p1a: Plusle\n|-boost|p1a: Plusle|spa|2\n|move|p2a: Magnezone|Body Press|p1a: Plusle\n|-damage|p1a: Plusle|148/268\n|\n|upkeep\n|turn|3\n|\n|t:|1781409605\n|move|p1a: Plusle|Thunderbolt|p2a: Magnezone\n|-resisted|p2a: Magnezone\n|-damage|p2a: Magnezone|119/258\n|-damage|p1a: Plusle|122/268|[from] item: Life Orb\n|move|p2a: Magnezone|Body Press|p1a: Plusle\n|-damage|p1a: Plusle|29/268\n|\n|upkeep\n|turn|4\n|\n|t:|1781409609\n|move|p1a: Plusle|Thunderbolt|p2a: Magnezone\n|-resisted|p2a: Magnezone\n|-damage|p2a: Magnezone|33/258\n|-damage|p1a: Plusle|3/268|[from] item: Life Orb\n|move|p2a: Magnezone|Flash Cannon|p1a: Plusle\n|-resisted|p1a: Plusle\n|-damage|p1a: Plusle|0 fnt\n|faint|p1a: Plusle\n|\n|upkeep\n|\n|t:|1781409615\n|switch|p1a: Breloom|Breloom, L83, F|235/235\n|turn|5\n|\n|t:|1781409618\n|move|p1a: Breloom|Bullet Seed|p2a: Magnezone\n|-resisted|p2a: Magnezone\n|-damage|p2a: Magnezone|10/258\n|-resisted|p2a: Magnezone\n|-damage|p2a: Magnezone|0 fnt\n|faint|p2a: Magnezone\n|-hitcount|p2: Magnezone|2\n|-damage|p1a: Breloom|212/235|[from] item: Life Orb\n|\n|upkeep\n|\n|t:|1781409631\n|switch|p2a: Muk|Muk, L86, M|321/321\n|turn|6\n|\n|t:|1781409635\n|switch|p1a: Vileplume|Vileplume, L85, F|266/266\n|move|p2a: Muk|Gunk Shot|p1a: Vileplume|[miss]\n|-miss|p2a: Muk|p1a: Vileplume\n|\n|upkeep\n|turn|7\n|\n|t:|1781409640\n|move|p2a: Muk|Knock Off|p1a: Vileplume\n|-damage|p1a: Vileplume|191/266\n|-enditem|p1a: Vileplume|Leftovers|[from] move: Knock Off|[of] p2a: Muk\n|move|p1a: Vileplume|Sleep Powder|p2a: Muk\n|-status|p2a: Muk|slp|[from] move: Sleep Powder\n|\n|upkeep\n|turn|8\n|\n|t:|1781409648\n|switch|p2a: Pelipper|Pelipper, L86, M|243/243\n|-weather|RainDance|[from] ability: Drizzle|[of] p2a: Pelipper\n|switch|p1a: Samurott|Samurott-Hisui, L77, F|265/265\n|\n|-weather|RainDance|[upkeep]\n|upkeep\n|turn|9\n|\n|t:|1781409653\n|move|p1a: Samurott|Ceaseless Edge|p2a: Pelipper\n|-damage|p2a: Pelipper|110/243\n|-sidestart|p2: NZQ|Spikes\n|move|p2a: Pelipper|Hurricane|p1a: Samurott\n|-damage|p1a: Samurott|96/265\n|\n|-weather|RainDance|[upkeep]\n|upkeep\n|turn|10\n|\n|t:|1781409656\n|move|p1a: Samurott|Ceaseless Edge|p2a: Pelipper\n|-damage|p2a: Pelipper|0 fnt\n|-sidestart|p2: NZQ|Spikes\n|faint|p2a: Pelipper\n|\n|-weather|RainDance|[upkeep]\n|upkeep\n|\n|t:|1781409662\n|switch|p2a: Raikou|Raikou, L81|278/278\n|-damage|p2a: Raikou|232/278|[from] Spikes\n|-ability|p2a: Raikou|Pressure\n|turn|11\n|\n|t:|1781409676\n|switch|p1a: Vileplume|Vileplume, L85, F|191/266\n|move|p2a: Raikou|Thunderbolt|p1a: Vileplume\n|-resisted|p1a: Vileplume\n|-damage|p1a: Vileplume|143/266\n|\n|-weather|RainDance|[upkeep]\n|-heal|p2a: Raikou|249/278|[from] item: Leftovers\n|upkeep\n|turn|12\n|\n|t:|1781409681\n|move|p2a: Raikou|Calm Mind|p2a: Raikou\n|-boost|p2a: Raikou|spa|1\n|-boost|p2a: Raikou|spd|1\n|move|p1a: Vileplume|Sludge Bomb|p2a: Raikou\n|-damage|p2a: Raikou|183/278\n|\n|-weather|none\n|-heal|p2a: Raikou|200/278|[from] item: Leftovers\n|upkeep\n|turn|13\n|\n|t:|1781409691\n|switch|p1a: Sylveon|Sylveon, L85, F|300/300\n|move|p2a: Raikou|Substitute|p2a: Raikou\n|-start|p2a: Raikou|Substitute\n|-damage|p2a: Raikou|131/278\n|\n|-heal|p2a: Raikou|148/278|[from] item: Leftovers\n|upkeep\n|turn|14\n|\n|t:|1781409695\n|move|p2a: Raikou|Thunderbolt|p1a: Sylveon\n|-damage|p1a: Sylveon|182/300\n|move|p1a: Sylveon|Calm Mind|p1a: Sylveon\n|-boost|p1a: Sylveon|spa|1\n|-boost|p1a: Sylveon|spd|1\n|\n|-heal|p2a: Raikou|165/278|[from] item: Leftovers\n|-heal|p1a: Sylveon|200/300|[from] item: Leftovers\n|upkeep\n|turn|15\n|\n|t:|1781409704\n|move|p2a: Raikou|Thunderbolt|p1a: Sylveon\n|-damage|p1a: Sylveon|131/300\n|move|p1a: Sylveon|Hyper Voice|p2a: Raikou\n|-damage|p2a: Raikou|42/278\n|\n|-heal|p2a: Raikou|59/278|[from] item: Leftovers\n|-heal|p1a: Sylveon|149/300|[from] item: Leftovers\n|upkeep\n|turn|16\n|\n|t:|1781409707\n|move|p2a: Raikou|Thunderbolt|p1a: Sylveon\n|-damage|p1a: Sylveon|73/300\n|move|p1a: Sylveon|Wish|p1a: Sylveon\n|\n|-heal|p2a: Raikou|76/278|[from] item: Leftovers\n|-heal|p1a: Sylveon|91/300|[from] item: Leftovers\n|upkeep\n|turn|17\n|\n|t:|1781409711\n|move|p2a: Raikou|Thunderbolt|p1a: Sylveon\n|-damage|p1a: Sylveon|19/300\n|move|p1a: Sylveon|Hyper Voice|p2a: Raikou\n|-damage|p2a: Raikou|0 fnt\n|faint|p2a: Raikou\n|\n|-heal|p1a: Sylveon|169/300|[from] move: Wish|[wisher] Sylveon\n|-heal|p1a: Sylveon|187/300|[from] item: Leftovers\n|upkeep\n|\n|t:|1781409714\n|switch|p2a: Espathra|Espathra, L80, M|283/283\n|-damage|p2a: Espathra|236/283|[from] Spikes\n|turn|18\n|\n|t:|1781409721\n|move|p2a: Espathra|Calm Mind|p2a: Espathra\n|-boost|p2a: Espathra|spa|1\n|-boost|p2a: Espathra|spd|1\n|move|p1a: Sylveon|Hyper Voice|p2a: Espathra\n|-damage|p2a: Espathra|56/283\n|\n|-heal|p2a: Espathra|73/283|[from] item: Leftovers\n|-heal|p1a: Sylveon|205/300|[from] item: Leftovers\n|-ability|p2a: Espathra|Speed Boost|boost\n|-boost|p2a: Espathra|spe|1\n|upkeep\n|turn|19\n|\n|t:|1781409726\n|move|p2a: Espathra|Stored Power|p1a: Sylveon\n|-damage|p1a: Sylveon|141/300\n|move|p1a: Sylveon|Hyper Voice|p2a: Espathra\n|-damage|p2a: Espathra|0 fnt\n|faint|p2a: Espathra\n|\n|-heal|p1a: Sylveon|159/300|[from] item: Leftovers\n|upkeep\n|-message|NZQ forfeited.\n|\n|win|Roface\n", "inputlog": ">version a8376a258c1d4662feba110a92103f3664a72141\n>start {\"formatid\":\"gen9randombattle\",\"seed\":\"sodium,a1271c4b75af7c77b4a898a5e044a97f\",\"rated\":\"Rated battle\"}\n>player p1 {\"name\":\"Roface\",\"avatar\":\"yancy\",\"rating\":2104,\"seed\":\"sodium,12146fe07368606b1e037e7ae0f4eae2\"}\n>player p2 {\"name\":\"NZQ\",\"avatar\":\"2\",\"rating\":2065,\"seed\":\"sodium,fc5fec49aa6dcef581c1b2f861e03c54\"}\n>p1 move thunderbolt\n>p2 switch 3\n>p1 move nastyplot\n>p2 move bodypress\n>p1 move thunderbolt\n>p2 move bodypress\n>p1 move thunderbolt\n>p2 move flashcannon\n>p1 switch 6\n>p1 move bulletseed\n>p2 move discharge\n>p2 switch 2\n>p1 switch 2\n>p2 move gunkshot\n>p1 move sleeppowder\n>p2 move knockoff\n>p1 switch 5\n>p2 switch 4\n>p1 move ceaselessedge\n>p2 move hurricane\n>p1 move ceaselessedge\n>p2 move hurricane\n>p2 switch 6\n>p1 switch 5\n>p2 move thunderbolt\n>p1 move sludgebomb\n>p2 move calmmind\n>p1 switch 4\n>p2 move substitute\n>p1 move calmmind\n>p2 move thunderbolt\n>p1 move hypervoice\n>p2 move thunderbolt\n>p1 move wish\n>p2 move thunderbolt\n>p1 move hypervoice\n>p2 move thunderbolt\n>p2 switch 3\n>p1 move hypervoice\n>p2 move calmmind\n>p1 move hypervoice\n>p2 move storedpower\n>forcelose p2", "uploadtime": 1781409552, "views": 5, "formatid": "gen9randombattle", "rating": null, "private": 0, "password": null}